4030 6196
212 428 3067 448 Wm—um
3080 430 3610 444 —v~—-——-—————.—_-_._

212 445 3610 489 _——

1349 609 1814 667 SANCTISSIMO
1868 610 2149 669 DOMINO
2192 611 2473 669 NOSTRO

622 859 1378 986 BENEDICTO
1476 862 1747 986 XIII
1831 861 2515 989 PONTIFICI
2623 866 3177 996 MAXIMO

410 1160 776 1220 ANNIBAL
824 1160 1085 1222 TITULl
1123 1158 1395 1220 SANCTI
1442 1158 1884 1221 CLEMENTIS
1927 1160 2389 1223 PRESBYTER
2433 1164 2917 1227 CARDlNALIS
2961 1168 3339 1229 ALBANUS

837 1363 890 1409 S.
941 1366 997 1409 ﬂ.
1046 1367 1102 1411 Ε.
1148 1364 1554 1428 CAMERARIUS,
1602 1366 1677 1409 ET
1732 1366 2017 1413 BASILICE
2050 1367 2364 1413 VATICANE
2410 1368 2965 1434 ABCHIPRBSBYTEB,

1440 1528 1824 1587 PERENNEM
1866 1530 2375 1589 FELICITATEM.

278 1912 658 1974 Basilianum
708 1910 1156 1988 Menologium,
1192 1909 1397 1992 cujus
1440 1910 1699 1970 alteram
1759 1918 2119 1972 semestrem
2182 1919 2423 1992 partem
2476 1914 2758 1974 Clemens
2809 1914 3171 1975 undecimus
3239 1916 3605 1980 Sanctitatis

200 1994 340 2075 Tua
396 1994 725 2075 decessorg
760 1992 820 2051 in
870 1994 1020 2075 ipso
1059 1991 1499 2075 adolescentia
1553 1992 1704 2075 flore
1762 2010 1837 2052 ex
1912 1994 2125 2075 Graco
2174 1991 2591 2075 vetustissimo
2642 1995 2854 2055 codice
2926 1996 3288 2056 monasterii
3347 1998 3597 2075 Crypta

204 2074 467 2156 Ferrata
518 2072 909 2156 descriptam
968 2072 1045 2131 ab
1108 2070 1365 2156 interitu
1442 2072 1824 2156 vindicatam
1900 2074 2240 2156 Latinitate
2300 2074 2663 2156 donaverat,
2727 2075 2869 2156 tuis,
2907 2078 3301 2156 ΔΒιευιτιεεηιίιε]
3361 2070 3589 2156 Parati,

202 2154 487 2233 auspiciis
546 2156 614 2215 in
676 2154 996 2235 publicam
1075 2152 1467 2235 eruditorum
1515 2153 1855 2235 hominum
1891 2233 1899 2235 _
1935 2154 2266 2235 utilitatem
2345 2155 2697 2235 evulgatur.
2772 2155 2844 2235 Et
2895 2153 3051 2235 jure,
3095 2156 3348 2232 quidem
3411 2152 3598 2216 meri-

204 2232 413 2313 toque.
459 2235 608 2313 Ipsa
658 2232 824 2296 enim
874 2238 1239 2313 sanctorum
1298 2233 1454 2313 Acta
1511 2232 1573 2291 in
1634 2234 1846 2310 magni
1884 2233 2285 2311 imperatoris
2340 2252 2519 2293 usum
2566 2232 2697 2311 jam
2749 2234 2896 2293 olim
2940 2233 3223 2307 collecta,
3272 2241 3446 2295 tuum
3480 2237 3599 2296 sibi

208 2333 440 2374 nomen
496 2312 903 2392 prascribere
962 2312 1256 2390 gestiunt,
1302 2312 1554 2393 tibique
1615 2313 1923 2390 gratulari
1988 2314 2299 2387 videntur,
2364 2314 2530 2393 quod
2600 2332 2881 2374 summus
2938 2314 3229 2375 Ecclesia
3304 2316 3602 2393 magister

220 2413 297 2452 ex
350 2394 474 2453 hac
530 2394 899 2456 innocentia
975 2411 1049 2452 ac
1118 2392 1468 2453 sanctitatis
1545 2393 1873 2471 disciplina
1938 2394 2282 2470 prodieris:
2348 2395 2641 2473 quodque
2709 2395 2788 2454 ab
2844 2394 3099 2455 ineunte
3156 2402 3338 2457 atate
3400 2392 3594 2457 sacris

224 2472 761 2556 rebusaddictus,
822 2474 1027 2556 iisque
1081 2474 1443 2556 exercendis
1503 2478 1632 2556 toto
1690 2476 1817 2556 fere
1853 2474 1996 2534 vita
2051 2476 2256 2553 spatio
2316 2472 2680 2551 occupatus,
2753 2476 2917 2535 inter
2964 2476 3277 2537 maximas
3336 2484 3591 2556 aposto-

211 2554 343 2613 lica
374 2554 690 2632 dignitatis
739 2553 921 2635 curas
982 2553 1143 2613 hanc
1194 2553 1513 2635 praecipuo
1573 2554 1711 2614 loco
1747 2554 2001 2627 habeas,
2060 2556 2345 2635 aliosque
2404 2556 2636 2615 habere
2688 2561 2999 2634 peroptes,
3067 2562 3131 2615 ut
3189 2553 3397 2617 sacra
3434 2557 3593 2618 anti-

208 2635 455 2715 quitatis
505 2634 963 2715 cognoscenda
1020 2634 1536 2715 illustrandaque
1586 2636 1862 2695 studium
1919 2635 1981 2695 in
2014 2636 2146 2697 dies
2198 2634 2524 2712 augeatur.
2600 2638 2813 2714 Neque
2866 2655 3013 2697 vero
3085 2656 3233 2697 casu
3294 2638 3594 2699 accidisse

208 2714 509 2793 existimo,
570 2714 643 2778 ut
697 2734 855 2795 opus
905 2714 1279 2792 jamdudum
1349 2715 1728 2785 absolutum,
1792 2716 2094 2794 preloque
2179 2715 2393 2775 multis
2456 2723 2602 2777 ante
2676 2717 2858 2776 annis
2933 2717 3338 2788 destinatum,
3424 2737 3590 2779 nunc

207 2797 449 2856 tandem
505 2799 676 2877 typis
736 2796 1185 2877 Urbinatibus,
1250 2814 1407 2873 quos
1464 2815 1708 2877 summa
1766 2796 2201 2856 beneﬁcientia
2250 2797 2615 2874 complexus
2663 2814 2748 2863 es,
2801 2798 2863 2856 in
2922 2798 3122 2857 lucem
3174 2798 3424 2877 prodire
3483 2818 3591 2876 po-

212 2877 389 2937 tuerit
445 2876 599 2938 cum
648 2884 789 2938 octo
846 2876 1283 2955 spectatissimi
1345 2876 1631 2936 Ecclesia
1686 2885 1914 2937 nostra
1954 2880 2244 2937 Romana
2315 2877 2576 2954 alumni,
2632 2878 2966 2937 virtutibus
3023 2876 3212 2955 atque
3274 2879 3590 2939 miraculis

210 2955 499 3035 insignes,
562 2957 1023 3037 sapientissimo
1089 2957 1503 3017 Beatitudinis
1559 2960 1710 3018 'l‘ua
1760 2957 2001 3035 judicio
2056 2957 2119 3017 in
2178 2963 2537 3017 sanctorum
2615 2975 2918 3018 canonem
2973 2958 3155 3018 relati
3206 2966 3372 3019 sunt.
3458 2962 3591 3020 Hoc

211 3038 366 3097 enim
440 3043 730 3100 Gracam
790 3038 1131 3119 Ecclesiam
1205 3037 1489 3119 decebat,
1566 3043 1659 3119 ut,
1710 3045 1974 3099 matrem
2032 3038 2162 3098 ﬁlia
2220 3045 2622 3116 sequeretur;
2705 3057 2972 3119 quaque
3043 3057 3239 3099 novos
3316 3045 3587 3117 sanctos,

209 3136 355 3196 quos
383 3120 684 3196 proferat,
742 3137 869 3179 non
922 3118 1136 3193 habet,
1199 3118 1493 3197 antiquos
1577 3118 1799 3178 saltem
1859 3138 1935 3179 ex
2004 3124 2136 3179 toto
2205 3120 2458 3179 Oriente
2514 3120 2579 3179 in
2655 3118 2885 3179 unum,
2928 3119 3220 3180 volumen
3295 3119 3592 3181 collectos

213 3198 553 3280 exhiberet,
606 3199 921 3278 simulque
980 3203 1337 3280 testaretur,
1396 3198 1817 3260 feracissimae
1867 3199 2057 3259 fuisse
2114 3205 2475 3261 sanctorum
2534 3199 2738 3261 omnis
2798 3200 3024 3273 atatis,
3075 3199 3333 3279 ordinis,
3396 3206 3591 3279 atque

214 3279 582 3341 conditionis
640 3280 980 3340 orientales
1064 3285 1283 3351 terras,
1343 3296 1485 3339 cum
1562 3283 1843 3340 Romano
1916 3280 2195 3359 pontiﬁci
2279 3288 2591 3359 parerent,
2654 3299 2890 3359 perque
2946 3282 3266 3359 operarios
3323 3282 3587 3342 idoneos

214 3359 581 3422 colerentur.
662 3361 796 3433 Quo
854 3360 1049 3438 igitur
1114 3360 1488 3439 patrocinio,
1547 3362 1937 3421 sanctissime
2020 3364 2228 3433 Pater,
2320 3363 2482 3421 hanc
2565 3362 3167 3437 exspectatissimam
3243 3360 3585 3421 editionem

212 3441 645 3518 complectere,
706 3441 772 3500 in
826 3459 953 3519 qua
1007 3440 1154 3500 dum
1240 3440 1583 3502 decessoris
1652 3442 1743 3501 tui
1817 3441 2156 3502 Clementis
2217 3441 2529 3501 undecimi
2608 3441 2842 3517 primos
2916 3441 3267 3499 studiorum
3344 3444 3584 3500 fructus

210 3520 437 3597 publici
483 3522 652 3601 juris
700 3521 988 3595 facimus,
1044 3527 1153 3581 tua
1203 3521 1390 3599 plane
1447 3520 1655 3581 studia
1712 3528 2259 3600 reprasentamus,
2320 3522 2430 3601 qui
2483 3540 2521 3581 a
2572 3538 2766 3601 puero
2824 3519 3144 3597 religionis
3203 3520 3589 3580 litterarum—

210 3618 327 3677 que
380 3600 929 3663 exercitationibus
986 3602 1268 3662 animum
1348 3600 1730 3681 applicuisti.
1786 3606 1917 3662 Hoc
1974 3602 2231 3679 insuper
2306 3600 2504 3660 enixis
2560 3600 2951 3679 assiduisque
3029 3600 3319 3679 precibus
3386 3603 3589 3662 Deum

218 3682 524 3756 Optimum
578 3682 915 3742 Maximum
977 3701 1296 3760 rogamus,
1364 3690 1431 3742 ut
1494 3684 1856 3741 Gracorum
1933 3681 2271 3741 Ecclesiam
2324 3700 2464 3741 cum
2545 3686 2833 3743 Romana
2903 3688 3100 3741 matre
3164 3699 3277 3741 sua
3329 3681 3593 3759 conjun-

233 3777 399 3841 gensr,
448 3762 513 3820 in
558 3782 692 3822 eum
766 3770 1004 3823 statum
1080 3763 1418 3823 Benedicto
1502 3762 1636 3821 XIII
1698 3762 1991 3841 pontiﬁce
2078 3761 2351 3822 maximo
2424 3761 2598 3822 illam
2688 3762 2995 3839 restituat,
3079 3761 3185 3838 qui
3252 3763 3593 3824 Benedicto

228 3840 488 3922 septimo
543 3843 778 3903 sedente
826 3850 960 3904 tum
1038 3849 1193 3919 erat,
1283 3860 1426 3902 cum
1500 3840 1766 3902 Basilius
1824 3841 2407 3922 Porphyrogenitus
2473 3843 2817 3922 imperator
2911 3842 3335 3921 Menologium
3415 3842 3583 3905 istud

210 3917 272 3978 in
302 3937 478 3981 suum
514 3941 683 3983 usum
710 3917 1194 3985 describendum
1231 3922 1495 3984 curavit.

2347 4145 2529 4157 —_

1310 4274 1790 4333 TYPOGRAPHUS
1822 4273 2113 4330 CANDIDO
2148 4275 2432 4333 LECTORI
2460 4277 2500 4330 '.

264 4428 648 4498 Henologium
678 4429 873 4485 Basilii
924 4428 1392 4499 Porphyrogeniti
1440 4428 1799 4499 imperatoris
1851 4428 2008 4498 jussu
2041 4429 2408 4499 descriptum.
2444 4429 2721 4500 pictisque
2751 4434 3078 4483 sanctorum
3128 4424 3477 4496 imaginibus
3506 4441 3601 4480 or—

191 4525 414 4585 natum,
455 4534 565 4589 qua
621 4526 776 4587 parte
824 4520 974 4574 vices
1020 4524 1359 4587 temporum,
1394 4517 1666 4573 barbaria
1696 4519 2040 4588 neglectum,
2079 4523 2136 4572 et
2164 4518 2491 4573 communia
2539 4517 2809 4572 librorum
2844 4516 2953 4570 fata
2983 4516 3158 4571 vitare
3196 4515 3394 4585 potuit,
3452 4515 3604 4571 Con-

200 4607 581 4675 stantinopoli
614 4607 685 4660 ad
729 4605 1076 4661 Ludovicum
1108 4606 1373 4661 Sfortiam
1420 4606 1726 4661 Mediolani
1774 4608 1972 4662 ducem
2006 4607 2240 4661 allatum
2292 4607 2395 4662 fuit
2428 4607 2671 4661 :dcinde
2714 4607 2864 4676 apud
2896 4605 3325 4661 Sfondratorum
3366 4610 3597 4674 gentem

186 4702 502 4761 servatum,
535 4703 651 4750 eta
702 4694 875 4750 Paulo
906 4699 963 4751 S.
1022 4694 1265 4752 Caecilia
1320 4694 1603 4751 Cardinali
1653 4696 1955 4751 Sfondrato
2004 4695 2109 4751 sibi
2169 4696 2318 4751 dono
2377 4696 2594 4762 datum,
2656 4694 2865 4750 Paulus
2920 4694 2967 4748 V
3027 4695 3279 4765 pontifex
3316 4694 3609 4749 maximus

185 4783 555 4840 bibliotheca
590 4785 919 4856 apostolica
954 4784 1235 4841 Vaticana:
1267 4784 1526 4840 addixit:
1556 4785 1703 4842 idem
1733 4785 1972 4841 summis
1990 4785 2339 4841 eruditorum
2364 4785 2663 4841 hominum
2684 4784 2947 4840 laudibus
2976 4784 3352 4851 celebratum,
3380 4791 3437 4838 et
3460 4782 3604 4838 votis

187 4872 532 4943 expetitum,
565 4888 721 4929 nunc
752 4874 980 4929 demum
1014 4873 1073 4929 in
1105 4874 1393 4943 publicam
1426 4874 1607 4930 lucem
1646 4874 1854 4944 prodit.

255 4962 551 5018 Dolebant
573 4963 796 5032 quidem
821 4963 972 5019 docti
995 4964 1095 5018 viri
1119 4964 1315 5019 tandiu
1339 4963 1513 5019 latere
1536 4964 2066 5033 praestantissimum
2089 4965 2481 5034 codicem,quo
2512 4963 2658 5019 nihil
2681 4970 2826 5019 esset
2846 4964 2912 5017 ad
2938 4962 3297 5019 excitandam
3324 4960 3603 5016 Christia-

202 5062 328 5102 nam
353 5051 649 5118 pietatem.
672 5051 738 5103 ad
767 5051 1217 5105 conﬁrmandam
1250 5051 1578 5107 orthodoxa
1621 5052 1913 5122 religionis
1944 5052 2261 5119 veritatem,
2283 5052 2351 5106 ad
2371 5051 2811 5107 ecclesiasticam
2834 5050 3231 5120 antiquitatem
3282 5064 3607 5103 sacrarum-

190 5152 305 5207 que
334 5154 528 5194 rerum
562 5139 853 5195 historiam
879 5140 1281 5196 illustrandam
1314 5140 1773 5210 conducibilius;
1806 5139 1949 5196 nihil
1972 5142 2216 5212 denique
2242 5150 2431 5197 nostra
2450 5148 2607 5195 atate
2629 5141 2845 5211 gratius
2870 5140 3133 5195 litteratis
3174 5137 3504 5194 hominibus
3534 5136 3607 5192 ad

186 5227 472 5294 ejusmodi
498 5226 687 5281 studia
720 5242 847 5282 cum
883 5228 1094 5298 insigni
1124 5228 1390 5284 Ecclesia
1421 5243 1710 5300 sacraque
1739 5229 1953 5285 critica
1984 5230 2168 5286 fructu
2202 5230 2457 5285 certatim
2489 5228 2984 5294 incumbentibus,
3020 5228 3323 5282 Enimvero
3362 5225 3605 5281 curiosis

193 5317 420 5385 piisque
446 5330 649 5369 eorum
679 5316 882 5371 studiis
913 5317 1240 5373 satisfacere
1272 5322 1558 5388 utcunque
1580 5320 1770 5375 conati
1798 5325 1926 5374 sunt
1958 5319 2027 5376 de
2056 5319 2433 5376 ecclesiastica
2468 5319 2792 5374 Gracorum
2824 5319 3145 5374 eruditione
3170 5317 3384 5386 Optime
3417 5314 3608 5372 meriti

198 5402 303 5457 Leo
326 5400 587 5468 Atlalius,
617 5406 675 5457 et
706 5402 899 5458 Petrus
927 5405 1227 5461 Arcadius.
1262 5405 1363 5461 llle
1381 5406 1538 5460 enim
1562 5406 1619 5461 in
1655 5406 1882 5463 Dissert.
1906 5407 1970 5461 de
1991 5407 2151 5462 libris
2165 5405 2567 5463 ecclesiasticis
2591 5406 3087 5478 Gracorum,§12,
3113 5405 3328 5460 codicis
3354 5411 3601 5469 aetatem,

194 5493 603 5561 praetentiam
634 5491 1034 5563 fortunamque
1064 5494 1271 5564 scripto
1302 5502 1632 5565 persecutus
1688 5500 1792 5552 est.
1842 5497 2122 5553 Arcudius
2150 5513 2280 5553 vero
2309 5497 2572 5563 eumdem
2596 5496 2793 5552 Latine
2824 5497 3005 5563 vertit,
3038 5497 3273 5565 ejusque
3322 5495 3610 5562 interpre-

198 5581 475 5637 tationem
488 5582 638 5652 apud
675 5581 1102 5638 Ferdinandum
1130 5584 1424 5654 Ughellum
1446 5584 1621 5640 Italia
1643 5584 1826 5643 Sacra:
1847 5592 1986 5645 tom.
2028 5590 2101 5641 Vt
2129 5587 2277 5657 typis
2298 5585 2637 5657 impressam
2660 5584 2923 5654 legimus.
2959 5584 3171 5641 Verum
3194 5584 3434 5640 Allatius
3456 5582 3603 5637 scri-

261 5736 286 5768 ⁹
319 5737 540 5794 Prodiit
569 5736 743 5794 editio
775 5733 1088 5813 Menologii
1120 5736 1315 5795 Urbini
1348 5737 1764 5809 MDCCXXVII,
1796 5739 1831 5795 3
1865 5738 1973 5797 vol.
2008 5739 2131 5810 £01.,
2162 5738 2306 5797 miro
2337 5744 2600 5810 typorum
2629 5736 2935 5809 splendore
2965 5742 3188 5793 ornata.

529 5854 793 5942 Panos,
838 5854 950 5937 Ga.
997 5856 1236 5923 CXVII.

292 5897 536 6170 a7

3285 5847 3315 5904 1

3984 2002 3985 2035 l

3956 2184 3985 2249 ἥ

3984 2288 3985 2315 l
