4030 6196
339 387 408 446 η
1514 374 1614 434 DE
1657 372 2078 436 BASILIANO
2122 375 2580 441 MENOLOGIO
3667 377 3741 436 12

337 521 451 591 ptis
500 517 618 574 suis
661 515 914 587 exposita
944 510 1156 568 codicis
1187 509 1433 574 raritate,
1467 508 1823 564 curiosorum
1855 507 2198 566 desiderium
2231 510 2427 578 auxit;
2457 516 2511 568 et
2543 509 2759 567 Arculii
2793 505 3182 579 interpretatio
3213 507 3359 564 haud
3390 508 3529 565 satis
3561 523 3744 566 accu-

349 616 488 674 rata,
521 606 702 663 Graeci
734 611 916 662 textus
946 600 1334 658 necessitatem
1370 596 1678 654 lectoribus
1705 599 1988 667 ostendit;
2019 600 2077 655 in
2113 599 2286 670 hujus
2319 603 2625 671 praesertim
2650 599 2830 656 aetatis
2862 605 2914 654 et
2941 599 3153 656 critica:
3178 597 3316 655 artis
3340 599 3487 666 luce,
3521 614 3645 670 qua:
3671 615 3741 655 ex

338 694 897 767 interpretationibus
942 692 1011 746 ad
1063 687 1446 746 consulendos
1493 694 1679 742 textus
1727 689 1908 759 magis
1952 690 2303 746 accenditur.
2341 691 2531 762 Itaque
2571 688 2881 746 cardinalis
2933 688 3140 759 Joseph
3173 689 3346 743 Maria
3381 687 3738 758 Thomasius,

337 803 561 844 morum
583 784 882 840 sanctitate
904 787 957 835 et
988 795 1150 835 sacra
1175 778 1498 833 eruditione
1534 776 1934 848 celeberimus,
1970 793 2100 834 cum
2152 779 2272 848 ejus
2305 779 2556 836 thesauri
2585 780 2833 850 pretium
2878 779 3094 849 optime
3141 784 3356 848 nosset,
3407 793 3572 833 curas
3612 793 3739 833 suas

335 879 405 933 ad
460 877 623 932 illum
675 871 1029 943 vulgandam
1089 866 1329 924 contulit
1387 885 1406 922 :
1457 867 1608 938 quod
1655 867 1904 923 assiduis
1959 867 2101 924 votis
2157 876 2444 940 Optaverat
2477 887 2489 937 ;
2527 869 2884 940 fecissetque,
2945 866 3056 923 nisi
3116 867 3304 923 virum
3359 867 3635 923 eximium
3681 867 3740 922 in

343 967 677 1022 clericorum
702 959 1049 1031 regularium
1079 957 1281 1014 ordine
1313 963 1447 1012 tunc
1477 960 1766 1028 agentem,
1813 957 2105 1013 voluntate
2152 957 2526 1030 institutoque
2583 973 2910 1030 pauperem,
2963 957 3354 1027 impensarum
3411 957 3741 1026 magnitudo

340 1052 723 1111 deterruisset.
756 1049 976 1106 Codieis
1003 1048 1158 1103 enim
1188 1046 1520 1116 dignitatem
1543 1061 1716 1116 supra
1745 1053 1980 1103 caeteras
2013 1047 2206 1102 laudes
2236 1049 2638 1104 commendant
2675 1047 3112 1117 quadringentae
3155 1061 3221 1102 ac
3267 1045 3494 1116 triginta
3539 1045 3740 1115 imagi-

339 1161 441 1201 nes
468 1142 538 1197 ab
568 1140 888 1196 illustribus
943 1134 1214 1192 Basiliani
1267 1135 1369 1190 aevi
1425 1134 1742 1192 artificibus
1801 1135 1982 1193 minio
2037 1137 2296 1206 depictas,
2357 1153 2483 1208 quas
2540 1143 2868 1193 sanctorum
2931 1143 3264 1206 martyrum,
3326 1135 3736 1203 confessorum,

341 1232 719 1298 sacerdotum,
754 1227 1190 1294 monachorum,
1223 1223 1528 1294 virginum,
1581 1225 1910 1294 mulierum,
1967 1232 2267 1292 tortorum,
2318 1234 2713 1297 tyrannorum,
2757 1226 3036 1296 judicum,
3082 1233 3290 1294 vestes,
3343 1241 3520 1292 arma,
3554 1225 3738 1296 sedes,

339 1329 615 1388 ornatus;
651 1333 878 1374 necnon
909 1315 1143 1383 mdium,
1175 1313 1540 1384 templorum,
1575 1313 1967 1371 tribunalium.
2019 1323 2381 1385 structuram,
2433 1316 2695 1384 formam,
2743 1323 3104 1388 apparatum,
3154 1314 3338 1371 oculis
3395 1313 3673 1370 exhibent
3722 1328 3736 1369 :

346 1411 550 1483 quibus
571 1425 681 1464 aere
715 1405 1040 1463 incidendis
1059 1411 1112 1460 et
1132 1402 1488 1474 excipiendis
1519 1418 1632 1459 non
1658 1405 1880 1461 modica
1912 1405 1995 1460 vis
2014 1404 2136 1460 auri
2160 1405 2350 1460 fuisset
2373 1405 2774 1475 impendenda.

415 1502 523 1555 Sed
546 1496 824 1554 Clementi
852 1495 953 1564 XI,
981 1493 1235 1564 pontifici
1294 1493 1562 1560 maximo,
1626 1493 1742 1549 hzec
1787 1493 1914 1550 laus
1977 1494 2388 1561 reservabatur,
2441 1504 2497 1550 ut
2555 1494 2843 1565 publicam
2876 1511 2994 1550 rem
3055 1494 3429 1563 facerel,qua3
3463 1493 3741 1548 hactenus

342 1603 682 1656 magnorum
741 1584 1068 1657 principum
1128 1582 1353 1637 fuerant
1401 1581 1646 1652 pretiosa
1702 1583 1933 1639 cimolia
1989 1601 2004 1638 :
2063 1584 2232 1654 cujus
2285 1583 2638 1654 providentia
2696 1583 2950 1640 codicem
3007 1582 3210 1655 quovis
3265 1597 3402 1637 auro
3440 1581 3739 1650 cariorem,

336 1683 612 1736 vetustate
643 1682 831 1731 tamen
855 1674 973 1744 jam
1004 1673 1388 1738 fatiscentem,
1419 1675 1476 1726 et
1535 1671 1769 1741 picturis
1827 1688 2002 1742 prope
2060 1672 2412 1742 fugientibus
2469 1672 2947 1740 obsolescentem,
2999 1671 3060 1728 in
3113 1670 3421 1742 pristinum
3472 1678 3737 1726 ornatum

338 1764 806 1834 restituit;cujus
837 1759 1160 1830 sumptibus
1219 1759 1424 1815 tabulae
1482 1776 1681 1816 omnes
1733 1769 1983 1832 exceptas
2041 1761 2299 1831 fuissent,
2361 1762 2473 1818 nisi
2533 1778 2682 1818 mors
2741 1762 3186 1817 intercessisset.
3239 1759 3512 1815 Inchoato
3583 1757 3737 1829 Operi

337 1869 660 1925 supremam
697 1867 931 1907 manum
967 1850 1291 1918 imposuere
1340 1848 1596 1918 ejusdem
1646 1864 2002 1906 successores
2052 1851 2441 1916 Innocentius,
2485 1858 2538 1907 et
2578 1851 2930 1908 Benedictus
2974 1849 3116 1919 XIII,
3167 1864 3408 1920 quorum
3464 1848 3560 1903 ille
3603 1848 3735 1902 dum

334 1943 675 2014 praeclarum
707 1937 1064 2010 antiquitatis
1099 1937 1518 1993 monimentum
1552 1938 1954 1996 munificentia
1981 1955 2080 1994 sua
2107 1939 2526 2011 complectitur,
2556 1940 2614 1995 in
2647 1939 2790 1996 vivis
2823 1955 2946 1995 esse
2968 1937 3173 2008 desiit;
3208 1937 3301 1993 hic
3349 1953 3465 1993 non
3521 1936 3737 1992 tabulas

338 2034 509 2089 modo
561 2030 816 2101 perfecit,
900 2029 998 2085 sed
1089 2023 1547 2098 elegantissimos
1621 2029 1794 2084 etiam
1865 2029 2088 2086 Grecos
2157 2035 2318 2101 typos
2402 2030 2469 2086 ad
2557 2029 2978 2102 procurandam
3059 2026 3367 2084 editionem
3429 2025 3738 2081 liberaliter

339 2118 742 2194 suppeditavit.

415 2209 561 2266 Illud
596 2217 787 2265 tamen
815 2211 1121 2276 supererat,
1174 2212 1234 2260 ut
1271 2204 1505 2274 jactura
1535 2205 1767 2262 alterius
1799 2207 1990 2278 partis,
2024 2223 2146 2279 quae
2173 2208 2290 2279 jam
2321 2208 2458 2264 olim
2493 2208 2696 2264 misere
2726 2207 3032 2278 intercidit,
3061 2206 3128 2262 ad
3159 2205 3542 2276 integritatem
3570 2208 3736 2273 cpta-

331 2301 535 2358 tissimi
564 2297 753 2371 operis
784 2303 1073 2367 utcunque
1104 2295 1505 2361 resarciretur;
1541 2303 1594 2352 et
1618 2297 1854 2367 adjectis
1884 2313 1952 2353 ex
1978 2297 2170 2369 aliquo
2203 2314 2319 2354 non
2353 2298 2635 2355 inferioris
2662 2298 2762 2354 aevi
2795 2297 3185 2367 manuscripto
3228 2294 3422 2351 codice
3465 2308 3562 2348 sex
3601 2309 3735 2364 pos-

328 2389 628 2448 terioribus
658 2387 970 2454 mensibus,
1005 2388 1334 2441 sanctorum
1368 2384 1417 2440 si
1450 2385 1640 2441 minus
1698 2384 1936 2456 tabulas,
1994 2386 2153 2443 Vitas
2209 2387 2410 2444 saltem
2468 2405 2566 2460 per
2623 2390 2905 2458 integrum
2960 2386 3100 2442 anni
3128 2383 3416 2441 circulum
3458 2381 3732 2451 digestas,

325 2479 766 2548 absolutumque
814 2475 1123 2545 Menologii
1157 2490 1358 2545 corpus
1389 2475 1714 2545 acciperent
1746 2491 2040 2532 sacrarum
2072 2493 2264 2533 rerum
2297 2478 2554 2535 studiosi.
2588 2477 2706 2534 Hoc
2746 2485 2930 2532 autern
2981 2473 3302 2529 subsidium
3338 2489 3370 2527 a
3415 2469 3735 2526 domestica

328 2570 498 2626 etiam
529 2564 834 2622 Clementis
863 2564 944 2619 XI
977 2563 1499 2634 manuscriptorum
1551 2563 1912 2634 bibliotheca,
1945 2565 2271 2623 lectissimis
2303 2567 2560 2626 omnium
2596 2567 2918 2636 linguarum
2979 2561 3354 2619 monimentis
3403 2558 3733 2628 locupletis-

339 2659 506 2722 sima,
541 2655 656 2710 imo
687 2669 818 2709 vero
846 2651 916 2707 ab
944 2652 1084 2722 ipsis
1110 2651 1268 2706 illius
1296 2651 1551 2723 schedis,
1607 2660 1776 2724 atque
1834 2671 1867 2709 a
1915 2653 2112 2723 primis
2169 2656 2308 2710 adeo
2353 2655 2480 2725 ejus
2538 2653 2792 2725 pueritiae
2851 2649 3354 2708 exercitationibus
3401 2646 3732 2717 impetravi~

332 2764 482 2805 mus.
519 2744 569 2800 Is
600 2745 753 2800 enim
787 2742 876 2798 vix
903 2757 1122 2797 annum
1152 2743 1334 2798 aetatis
1367 2741 1658 2798 decimum
1690 2744 1996 2814 septimum
2046 2759 2330 2815 egressus,
2379 2761 2445 2800 ex
2503 2743 2738 2800 vetustis
2794 2741 3094 2798 codicibus
3149 2737 3478 2796 monasterii
3513 2738 3732 2806 Cryptaa

341 2839 580 2894 Ferratae
638 2833 872 2888 alteram
918 2831 1074 2886 illam
1111 2830 1384 2886 Basiliani
1426 2829 1728 2902 Menologii
1781 2839 2018 2904 partem,
2042 2850 2209 2904 quam
2275 2833 2510 2903 periisse
2547 2832 2775 2888 litterati
2819 2832 2922 2887 viri
2948 2829 3294 2894 dolebant,a
3339 2827 3730 2893 seinventam,

336 2941 439 2980 sua
471 2938 639 2979 manu
668 2923 859 2977 Graece
889 2921 1289 2991 descripserat,
1341 2927 1392 2976 et
1443 2921 1876 2978 accuratissima
1933 2923 2398 2994 interpretatione
2457 2923 2713 2978 Latinam
2773 2922 3022 2977 fecerat:
3057 2935 3229 2990 quam
3287 2917 3392 2972 etsi
3453 2913 3733 2970 modestia

342 3015 463 3086 ejus
493 3014 662 3084 plane
701 3010 1008 3082 singularis
1039 3009 1326 3066 diuturnis
1374 3010 1624 3066 tenebris
1672 3012 1973 3082 Oppressit,
2028 3012 2257 3084 publica
2315 3020 2507 3069 tamen
2564 3012 2791 3069 utilitas
2841 3010 3056 3067 diutius
3110 3009 3284 3064 latere
3342 3021 3456 3062 non
3505 3004 3734 3074 patitur.

337 3103 536 3160 Mutilo
566 3103 739 3174 igitur
769 3101 924 3172 operi
957 3107 1285 3156 semestrem
1319 3099 1554 3156 alteram
1588 3109 1802 3172 partem
1836 3101 1993 3157 illius
2023 3102 2319 3175 diligentia
2369 3108 2754 3158 conservatam
2793 3101 3099 3171 Latineque
3144 3097 3423 3153 redditam
3473 3089 3740 3163 adiungi-

335 3210 497 3262 mus;
525 3196 586 3248 ut
618 3190 820 3262 partim
851 3190 922 3245 ab
965 3191 1199 3246 interitu
1230 3197 1513 3260 ereptum,
1563 3191 1767 3260 partim
1815 3207 1845 3247 e
1889 3191 2138 3248 tenebris
2173 3201 2422 3260 erutum,
2472 3191 2680 3264 partim
2734 3190 3030 3246 Latinitate
3067 3188 3367 3251 donatum,
3422 3177 3738 3238 immortali

334 3285 457 3356 ejus
486 3282 712 3339 nomini
747 3280 1039 3352 posteritas
1062 3287 1358 3349 acceptum
1391 3280 1613 3336 referat.

401 3370 761 3428 Bollandiani
790 3369 929 3425 socii
959 3367 1195 3425 eruditis
1227 3369 1369 3424 tanti
1420 3367 1804 3424 adolescentis
1853 3369 2148 3426 laboribus
2207 3371 2420 3441 aliquot
2451 3369 2808 3426 eolleclionis
2856 3383 2972 3422 sua:
3031 3381 3256 3420 menses
3299 3360 3741 3432 locupletarunt,

332 3462 528 3518 Graeca
556 3466 883 3516 sanctorum
912 3464 1066 3528 gesta
1096 3457 1165 3513 ad
1197 3459 1411 3514 calcem
1439 3457 1643 3528 Martii,
1676 3457 1914 3530 Aprilis,
1941 3459 2091 3531 Maii,
2115 3468 2170 3516 et
2195 3459 2362 3528 Julii,
2395 3475 2462 3515 ex
2491 3456 2920 3514 commentariis
2956 3453 3190 3511 Albanis
3228 3451 3585 3522 adjicientes.
3621 3447 3741 3504 Etsi

335 3557 524 3607 autem
560 3549 788 3605 Latinas
819 3548 1154 3605 eorumdem
1181 3563 1318 3602 men
1343 3547 1517 3614 sium,
1551 3546 1722 3603 simul
1780 3554 1836 3604 et
1889 3549 2048 3605 Junii
2097 3557 2265 3619 atque
2323 3548 2586 3618 Augusti,
2637 3545 3136 3616 interpretationes
3196 3541 3346 3596 idem
3379 3539 3640 3596 Clemens
3669 3535 3736 3592 XI

332 3638 576 3697 confecit
601 3656 617 3707 ;
639 3639 695 3694 in
729 3637 904 3708 ipsius
935 3640 1127 3692 tamen
1160 3635 1412 3701 schedis,
1446 3651 1567 3706 qua:
1600 3642 1927 3707 supersunt,
1962 3639 2176 3709 Aprilis
2208 3645 2428 3692 tantum
2463 3645 2516 3691 et
2548 3635 2732 3691 Maius
2763 3632 3004 3704 integri;
3041 3630 3226 3686 Martii
3247 3630 3461 3700 priores
3495 3624 3730 3697 viginti;

332 3729 492 3785 Junii
523 3745 589 3785 ac
613 3727 749 3783 Julii
781 3726 996 3796 aliquot
1025 3726 1142 3780 dies
1175 3724 1380 3779 Latine
1411 3723 1574 3791 versi,
1636 3727 1975 3796 prOpriaque
2023 3729 2147 3796 ejus
2205 3742 2380 3782 manu
2438 3726 2650 3782 exarati
2708 3723 3149 3794 conspiciuntur
3183 3737 3196 3774 :
3229 3719 3433 3790 reliqui
3467 3729 3732 3787 quorsum

335 3817 627 3886 cesserint,
661 3831 840 3887 quove
875 3816 983 3870 fato
1012 3821 1104 3868 aut
1152 3813 1490 3868 delitescant
1539 3821 1634 3867 aut
1687 3815 2035 3882 interierint,
2097 3815 2538 3887 incompertum.
2596 3813 2861 3870 Monachi
2907 3810 3184 3868 Baciliani
3242 3809 3460 3882 Cryptm
3491 3806 3733 3861 Ferratza

336 3916 651 3979 Augustum
688 3921 964 3970 mensem,
999 3905 1094 3974 qui
1143 3919 1206 3957 ex
1243 3902 1455 3957 Albano
1514 3903 1840 3974 apographo
1872 3905 2180 3971 exciderat,
2214 3905 2430 3976 aliquot
2473 3904 2628 3960 foliis
2671 3901 2972 3972 mutilum,
3014 3917 3081 3958 ex
3143 3899 3338 3956 eodem
3386 3893 3734 3962 autographa

334 4001 545 4065 Graace,
582 3994 1098 4064 recentioribusque
1129 3991 1461 4066 Menologiis
1483 3990 1674 4047 Graeca
1703 3993 2050 4064 supplenles.
2075 3995 2334 4050 Latinam
2375 3994 2628 4064 ejusdem
2686 3991 3006 4048 versionem
3063 3989 3427 4044 adornarunt.
3492 3985 3740 4036 Caeteros

338 4087 545 4156 Martii,
577 4085 732 4141 Junii
763 4100 828 4140 ac
861 4083 992 4138 Iulii
1023 4082 1146 4136 dies
1187 4096 1216 4135 e
1263 4079 1456 4136 Gnaeo
1488 4096 1754 4137 sermone
1815 4083 2038 4139 Latinos
2071 4083 2202 4139 fecit
2256 4082 2337 4152 P,)
2366 4088 2566 4139 Petrus
2605 4081 2952 4137 Benedictus
2997 4096 3027 4135 e
3075 4073 3520 4139 Societatelesu,
3555 4071 3738 4140 Syrus

336 4177 638 4244 Maronita,
697 4174 778 4228 vir
833 4171 1064 4236 Latinis,
1124 4168 1353 4236 Graecis,
1417 4169 1723 4236 Hebraicis,
1775 4170 2039 4240 Syriacis,
2112 4170 2484 4243 Arabicisque
2555 4171 2733 4228 literis
2787 4167 3236 4232 excultissimus,
3315 4160 3410 4232 qui
3474 4159 3737 4229 ejusdem

333 4264 638 4323 Clementis
661 4262 732 4316 XI
777 4262 968 4332 jussu,
1021 4267 1334 4328 martyrum
1388 4258 1559 4313 etiam
1607 4259 1910 4316 Persarum
1952 4260 2252 4317 historiam
2304 4259 2375 4316 ab
2433 4259 2838 4332 antiquissimo
2896 4258 3040 4327 Syro
3097 4254 3372 4324 scriptore
3426 4253 3737 4316 exaratam,

333 4356 690 4423 aliorumque
713 4353 1038 4405 sanctorum
1074 4363 1161 4402 res
1215 4353 1403 4416 gestas
1435 4346 1494 4401 in
1538 4349 2021 4417 praestantissimis
2073 4349 2369 4405 codicibus
2417 4349 2667 4419 Syriacis
2725 4347 3064 4418 descriptas,
3101 4357 3246 4414 quos
3278 4340 3431 4396 idem
3482 4336 3738 4408 pontifex

331 4462 399 4500 ex
432 4441 678 4498 Orientis
704 4438 934 4495 latebris
962 4436 1216 4501 eductos,
1253 4451 1368 4490 una
1396 4451 1528 4490 cum
1559 4435 1818 4505 pluribus
1849 4437 1978 4494 aliis
1999 4437 2322 4508 linguarum
2354 4439 2719 4496 orientalium
2747 4435 2974 4494 selectis
3005 4429 3508 4500 manuscriptis,in
3541 4425 3742 4482 biblio-

329 4534 491 4589 theca
513 4530 787 4586 Vaticana
811 4529 882 4583 ad
915 4541 1282 4584 communem
1317 4524 1617 4581 utilitatem
1662 4526 1962 4596 dedicavit,
2023 4528 2084 4584 in
2145 4529 2412 4584 Latinum
2462 4544 2787 4586 sermonem
2845 4523 3144 4591 convertit,
3204 4520 3550 4590 easdemque
3579 4513 3738 4586 typis

332 4622 661 4694 propediem
685 4617 935 4675 edendas
964 4623 1387 4687 exspectamus.

405 4692 586 4778 Quam
617 4724 744 4766 vero
785 4707 932 4764 Petri
986 4705 1226 4760 Arcudii
1270 4704 1505 4761 nomine
1562 4704 1833 4776 Ughellus
1890 4707 2140 4780 vulgavit
2182 4708 2424 4779 priorem
2484 4710 2817 4764 semestrem
2876 4700 3182 4771 Menologii
3228 4701 3474 4770 partem,
3505 4711 3535 4749 a
3565 4692 3638 4749 cl.
3676 4707 3728 4746 v.

331 4802 575 4872 Josepho
593 4798 850 4856 Simonio
884 4801 1198 4851 Assemano
1248 4810 1456 4863 sacros,
1518 4795 1768 4851 basilicis
1811 4797 2091 4855 Vaticana:
2152 4799 2476 4869 presbytero
2506 4797 2863 4863 beneficiato,
2912 4794 3013 4866 qui
3043 4791 3276 4848 eosdem
3294 4787 3514 4843 codices
3543 4781 3732 4837 orien-

333 4871 483 4948 tales
524 4891 583 4946 in
633 4887 979 4944 bibliotheca
1023 4883 1688 4940 Clementino-Vaticana
1746 4887 2052 4958 recensuit,
2105 4889 2439 4958 castigatam
2487 4903 2744 4958 novaque
2795 4882 3209 4957 prepemodum
3261 4871 3730 4946 interpretatione

333 4984 598 5038 donatam
632 4978 855 5032 edimus
891 4991 963 5030 :a
992 4979 1184 5029 Graeco
1217 4975 1376 5029 enim
1409 4980 1559 5029 textu
1593 4992 1762 5044 quam
1789 4976 2121 5048 longissime
2152 4978 2414 5044 distabat,
2451 4977 2933 5047 quemadmodum
2984 4973 3130 5029 facta
3176 4965 3480 5025 collatione
3511 4959 3736 5032 perspi—

331 5085 503 5128 cuum
537 5069 751 5124 reditur
784 5082 795 5120 :
823 5065 997 5120 multa
1047 5064 1327 5134 siquidem
1358 5062 1428 5118 ab
1466 5062 1780 5134 interprete
1828 5082 2122 5138 perperam
2154 5068 2373 5138 adjecta
2427 5067 2512 5123 vel
2564 5064 2945 5138 praetermissa
2978 5081 2992 5130 ;
3027 5061 3277 5132 quaedam
3331 5054 3444 5109 alio
3477 5064 3733 5123 prorsus,

329 5177 500 5229 quam
555 5165 736 5213 textus
793 5156 1019 5225 patitur,
1071 5168 1241 5208 sensu
1301 5153 1556 5223 exposita
1611 5173 1626 5223 ;
1683 5163 1946 5226 corrupta
2005 5156 2216 5212 alicubi
2275 5163 2599 5212 sanctorum
2651 5156 2822 5212 etiam
2875 5152 3169 5216 nomina;
3233 5146 3442 5216 ubique
3499 5142 3726 5197 domum

325 5248 720 5322 paraphrasim
758 5245 962 5315 potius,
992 5259 1158 5314 quam
1193 5243 1418 5298 ﬁdelem
1452 5243 1771 5301 versionem
1805 5261 2040 5302 cernere
2067 5254 2151 5301 est
2174 5261 2187 5300 :
2208 5246 2438 5314 adeo,ut
2467 5248 2782 5316 genuinum
2815 5240 3047 5297 Arcudii
3074 5239 3183 5296 viri
3215 5238 3409 5293 Graece
3438 5231 3740 5298 Latineque

327 5338 642 5396 doctissimi
675 5336 848 5390 fetum
881 5349 1022 5400 esse,
1056 5332 1265 5388 eruditi
1298 5332 1388 5386 vix
1421 5333 1740 5402 crederent,
1778 5334 1890 5390 nisi
1923 5335 2196 5406 Ughellus
2217 5335 2271 5389 id
2303 5333 2631 5389 affirmaret.

398 5434 461 5485 In
495 5430 671 5482 altera
705 5424 962 5481 semestri
996 5429 1175 5494 parte,
1226 5438 1420 5491 quam,
1461 5426 1522 5476 ut
1568 5437 1740 5493 supra
1765 5423 1982 5479 dictum
2013 5428 2122 5492 est,
2151 5423 2430 5482 Clementi
2465 5421 2852 5486 XIdebemus,
2878 5415 3095 5472 avulsis
3125 5417 3198 5472 ob
3230 5410 3447 5473 codicis
3479 5412 3732 5463 vetusta-

330 5528 440 5575 tem
465 5516 762 5573 nonnullis
821 5513 988 5578 foliis,
1038 5512 1160 5567 dies
1209 5510 1422 5579 aliqnot
1479 5511 1924 5568 desiderantur:
1979 5513 2259 5568 nimirum
2314 5512 2469 5568 Junii
2520 5510 2608 5579 IX,
2671 5513 2741 5579 X,
2786 5508 2882 5574 XI,
2941 5505 3180 5578 Augusti
3249 5501 3341 5568 IV,
3387 5497 3531 5567 Xlll,
3597 5494 3738 5563 XIV,

336 5608 586 5675 XXVIII,
619 5605 801 5671 XXIX,
828 5601 998 5671 XXX,
1022 5600 1211 5656 XXXI.
1247 5603 1351 5654 Eos
1382 5614 1450 5653 ex
1482 5598 1712 5656 Menaeis
1740 5602 1966 5658 excusis
1994 5603 2309 5672 descriptos
2341 5601 2648 5672 Latineque
2679 5615 2874 5658 versos
2903 5597 3230 5668 adjicimus.

336 5700 680 5755 SaDClOI'um
713 5693 1012 5761 imagines.
1047 5692 1109 5743 υἱ
1137 5689 1195 5742 in
1227 5687 1574 5756 aul081'aph0
1604 5687 1880 5749 Vaticano
1929 5691 2384 5764 conspiciuntur,
2432 5689 2516 5748 sic
2567 5691 2638 5747 ad
2697 5689 2886 5746 vivum
2935 5701 3043 5744 mre
3068 5683 3280 5741 incisas
3311 5680 3516 5736 damus
3554 5691 3566 5729 :
3602 5681 3738 5732 sunt

331 5789 484 5848 enim
516 5787 760 5860 pretiosa
789 5777 1145 5849 antiquitatis
1175 5782 1485 5845 momenta,
1524 5779 1628 5834 etsi
1657 5778 1728 5836 ab
1775 5788 1894 5840 arte
1924 5781 2200 5857 pingendi
2229 5777 2498 5840 nonnihil
2547 5782 2847 5851 recedunt,
2893 5776 3180 5846 Pictorum
3231 5778 3420 5831 autem
3473 5765 3731 5836 nomina,
