4042 6206
235 545 302 605 13
1641 536 2136 597 TESTIMONIA.
3504 549 3581 607 14

221 694 323 748 quae
369 674 432 729 ad
478 670 784 741 marginem
834 668 1194 739 singularum
1252 668 1566 740 imaginum
1619 669 1675 724 in
1725 670 1930 725 eodem
1976 670 2328 742 autographo
2360 676 2588 726 exstant
2640 671 2760 729 haec
2799 681 2934 730 sunt
2968 692 2980 731 :
3014 676 3282 734 Pantaleo
3327 679 3579 750 Simeen,

204 791 416 848 Michael
486 787 854 853 Btachernita,
927 786 1204 855 Georgius,
1266 786 1467 853 Menas,
1535 786 1757 841 Simeon
1842 786 2220 856 Blaehernita,
2299 786 2526 843 Michael
2564 806 2789 858 parvus,
2862 791 3073 846 Nestor.
3156 793 3428 853 Eamdem
3516 800 3576 855 in

202 883 351 950 hujus
379 879 630 935 editionis
662 877 922 947 margine
953 877 1418 947 quadringenties
1449 892 1513 929 ac
1545 875 1807 946 trigesies
1838 884 2112 946 repetere,
2148 875 2363 933 nullius
2394 895 2578 948 operae
2618 880 2859 948 pretium
2910 881 3199 938 duximus.

260 970 556 1039 Menologio
586 965 991 1039 praemittimus
1021 966 1349 1021 testimonia
1380 966 1630 1020 virorum
1660 965 1967 1020 illustrium
2001 967 2071 1020 de
2103 973 2339 1037 utraque
2372 968 2494 1037 ejus
2548 972 2739 1037 parte:
2775 986 2842 1025 ex
2875 972 3086 1040 quibus
3123 978 3343 1028 constat
3393 977 3576 1045 primo

195 1059 445 1115 Basiliam
472 1060 895 1127 imperatorem,
929 1055 1019 1109 cui
1071 1054 1451 1124 Menologium
1504 1054 1791 1119 tribuitur,
1826 1071 1939 1109 non
1993 1055 2359 1111 Macedonem
2393 1073 2536 1122 esse,
2561 1058 2832 1127 quianno
2872 1060 3075 1115 Christi
3124 1062 3230 1115 886
3272 1064 3574 1134 imperium

192 1147 417 1217 tenebat,
448 1154 503 1201 ut
536 1147 689 1201 card.
742 1144 1020 1199 Baronius
1078 1144 1586 1211 existimavit;sed
1647 1144 2218 1215 Porphyrogenitum,
2278 1147 2373 1214 qui
2412 1147 2624 1201 seculo
2677 1148 2896 1216 integro
2943 1151 3219 1219 posterior
3274 1153 3577 1210 Macedone

189 1238 285 1293 fuit
336 1254 349 1291 :
403 1237 543 1307 quod
593 1234 833 1289 Allatius
891 1240 944 1288 et
996 1232 1269 1303 Ughellus
1327 1234 1743 1288 demonstrant.
1805 1234 2085 1299 Secundo,
2142 1240 2475 1290 semestrem
2536 1235 2771 1290 alteram
2832 1246 3071 1307 partem,
3122 1241 3284 1309 cujus
3343 1241 3574 1297 initium

188 1343 421 1383 amense
450 1325 642 1381 Martio
675 1325 923 1391 ducitur,
984 1336 1271 1394 quamque
1328 1321 1688 1377 Bollandiani
1723 1322 1864 1377 socii
1915 1324 1972 1378 in
2023 1325 2367 1380 monasterio
2424 1324 2649 1395 Cryptze
2708 1331 2947 1381 Ferratae
3000 1336 3280 1399 repertam
3345 1331 3571 1402 dicunt,

188 1435 216 1471 a
264 1416 471 1471 Joanne
525 1414 836 1469 Francisco
875 1412 1095 1467 Albano
1154 1412 1224 1466 iis
1279 1411 1469 1467 Graece
1532 1411 1836 1481 Latineque
1894 1412 2284 1467 transmissum
2342 1413 2512 1468 fuisse
2571 1422 2705 1468 ante
2753 1432 2968 1471 annum
3026 1416 3238 1472 Christi
3298 1419 3433 1472 1668
3464 1436 3573 1490 quo

186 1522 418 1562 mensem
447 1505 703 1560 Martium
732 1518 799 1558 ex
832 1501 1117 1556 Basiliano
1151 1500 1473 1570 Menologio
1503 1500 1747 1568 edidere,
1773 1501 2253 1572 quemadmodum
2284 1502 2537 1559 Joannes
2593 1503 2930 1574 Ciampinus
2961 1505 3018 1561 in
3044 1505 3231 1562 Diario
3264 1509 3402 1563 anni
3436 1510 3573 1565 1676

183 1600 426 1664 testatur,

250 1684 645 1755 Subjungimus
671 1685 916 1736 Graecam
943 1680 1091 1735 Petri
1124 1678 1345 1734 Possini
1376 1695 1405 1735 e
1437 1679 1560 1736 Soc.
1592 1682 1722 1735 Jesu
1773 1680 1841 1733 ad
1891 1681 2156 1735 eumdem
2196 1682 2471 1737 Joannem
2505 1682 2874 1741 Franciscum
2935 1687 3220 1742 Albanum
3276 1689 3599 1759 epistolam'

190 1773 443 1843 scriptam
473 1774 559 1826 die
586 1772 654 1826 26
678 1769 995 1825 Decembris
1053 1769 1191 1825 anni
1226 1769 1386 1834 l66l,
1419 1785 1484 1823 ex
1517 1784 1628 1839 qua
1682 1768 1867 1840 palam
1902 1769 1981 1838 ﬁt,
2042 1770 2378 1841 praeclarum
2438 1770 2855 1829 adolescentem
2888 1776 3122 1832 ineunte
3182 1794 3337 1833 anno
3389 1784 3571 1836 relatis

186 1863 556 1919 tertiodecimo
613 1862 802 1931 (natus
863 1858 1014 1913 enim
1054 1858 1154 1912 fuit
1213 1874 1407 1914 mense
1436 1858 1586 1913 Julio
1634 1859 1769 1913 anni
1806 1859 1961 1929 1649)
1994 1860 2051 1914 in
2110 1860 2315 1916 Graecae
2351 1862 2554 1933 lingua:
2615 1864 2799 1919 studio
2833 1882 3009 1935 usque
3060 1866 3201 1922 adeo
3245 1868 3573 1942 profecisse,

180 1960 233 2007 ut
260 1969 366 2007 non
391 1952 567 2006 solum
600 1966 741 2020 pure
772 1947 1203 2018 emendateque,
1230 1948 1327 2002 sed
1362 1946 1653 2019 eleganter
1675 1948 1845 2003 etiam
1876 1957 2185 2018 ornateque
2214 1950 2425 2005 litteras
2457 1968 2519 2005 ea
2552 1950 2708 2023 ligna
2748 1954 3133 2009 conscribere.

248 2041 305 2097 Ut
332 2057 468 2112 opus
490 2040 713 2096 induas
747 2046 932 2109 partes
988 2037 1352 2104 divideretur,
1388 2037 1615 2091 Graecus
1667 2045 1852 2092 textus
1883 2038 1938 2092 in
1972 2037 2135 2092 binas
2185 2047 2487 2093 semestres
2519 2040 2855 2095 distributus
2917 2043 3202 2111 postulare
3248 2045 3567 2103 videbatur.

184 2130 522 2202 Veramquia
552 2129 801 2200 priorem
838 2134 1049 2197 partem
1112 2126 1541 2197 quadringentae
1600 2142 1666 2181 ac
1720 2126 1946 2197 triginta
2002 2130 2330 2182 sanctorum
2385 2128 2665 2195 imagines
2717 2128 2889 2198 daplo
2946 2131 3220 2201 majorem
3261 2135 3572 2201 posteriore

182 2216 882 2287 eiﬁciunt;Menologium
943 2216 1142 2271 intres
1191 2216 1391 2287 partiri
1449 2231 1683 2272 necesse
1728 2216 1854 2283 fuit,
1916 2231 2157 2286 quarum
2216 2232 2347 2287 pars
2406 2216 2591 2286 prima
2649 2217 3069 2289 Septembrem,
3128 2220 3431 2278 Octobrem
3500 2239 3567 2280 ac

182 2310 581 2376 Novembrem;
635 2309 812 2364 altera
873 2305 1258 2377 Decembrem,
1314 2306 1650 2361 Januarium
1709 2312 1762 2361 et
1814 2304 2226 2375 Februarium;
2259 2305 2421 2361 tertia
2483 2306 2731 2377 reliquos
2789 2323 2888 2363 sex
2945 2308 3083 2365 anni
3128 2325 3354 2367 menses
3411 2323 3572 2369 com-

186 2397 464 2471 plectitur.
2058 2402 2061 2403 ⁷

246 2487 363 2543 Illis
414 2487 615 2553 fruere,
673 2485 855 2542 amice
909 2483 1142 2552 Lector;
1194 2483 1620 2555 editionemque
1678 2483 2138 2541 eminentissimo
2196 2499 2261 2540 ac
2318 2485 2795 2543 reverendissimo
2850 2487 3083 2544 domino
3139 2488 3409 2546 Annibali
3465 2491 3555 2548 tit.

177 2576 229 2632 S.
258 2575 553 2633 Clementis
582 2574 918 2647 presbytero
976 2572 1254 2628 cardinali
1311 2572 1531 2628 Albano
1561 2573 1619 2628 S.
1682 2576 1746 2627 R.
1787 2574 1849 2628 E.
1893 2573 2231 2640 camerario,
2289 2580 2343 2628 et
2400 2574 2650 2631 basilicae
2708 2574 2994 2632 Vaticanaa
3047 2578 3564 2652 archipresbytero,

175 2666 464 2722 Clementis
492 2667 571 2722 XI
606 2665 797 2719 fratris
826 2661 941 2718 tilio
972 2662 1040 2718 de
1072 2661 1363 2733 republica
1395 2662 1664 2718 liiteraria
1694 2662 1908 2734 Optime
1941 2664 2202 2731 merenti,
2236 2670 2528 2734 acceptam
2562 2663 2787 2733 referto,
2822 2666 2986 2737 cujus
3042 2666 3304 2736 consilio,
3351 2668 3563 2736 studio,

175 2756 474 2825 sumptibus
504 2754 564 2811 in
598 2762 762 2810 tuum
793 2750 1160 2807 commodum
1193 2750 1360 2807 cedit.

620 3031 787 3125 DE
866 3028 1610 3125 MENOLOGIO
1689 3029 2142 3123 BASILII
2237 3030 3079 3129 IMPERATORIS

1142 3256 1500 3317 VIRORUM
1549 3253 2029 3317 ILLUSTRIUM
2086 3255 2599 3318 TESTIMONIA.

1829 3427 1899 3439 —

1025 3531 1183 3581 Card.
1214 3531 1473 3580 Baronius
1500 3530 1573 3579 ad
1591 3545 1783 3581 annum
1814 3533 1904 3580 886
1936 3529 1999 3579 de
2025 3529 2239 3579 Basilio
2266 3530 2541 3580 Macedone
2561 3530 2681 3594 imp.

228 3643 309 3697 Ad
339 3644 601 3697 eumdem
632 3637 905 3695 Basiliam
934 3655 1126 3694 rursus
1157 3646 1373 3710 spectat
1404 3640 1498 3711 (ne
1530 3638 1662 3710 quid
1722 3637 2182 3710 praetermittatur
2236 3637 2615 3709 antiquitatis)
2672 3638 2820 3708 quod
2882 3637 3252 3695 scribendum
3314 3644 3555 3713 curavit,

170 3734 226 3785 et
256 3730 578 3799 augendum
609 3728 926 3784 Graecorum
958 3727 1387 3798 Menologium;
1422 3728 1567 3797 quod
1628 3728 1793 3782 etiam
1827 3726 2121 3782 exornavit
2176 3726 2542 3795 imaginibus,
2589 3727 2794 3797 quibus
2854 3727 3213 3798 singulorum
3275 3731 3561 3801 exprime-

168 3823 372 3871 rent-1r
400 3816 722 3871 certamina.
750 3817 812 3873 In
843 3816 1009 3887 cujus
1039 3816 1223 3871 fronte
1279 3814 1556 3885 ejusmodi
1586 3815 1861 3885 scriptum
1919 3814 2244 3869 invenimus
2276 3814 2481 3869 iambis
2546 3815 2808 3870 versibus
2839 3817 3200 3886 epigramma
3260 3819 3321 3875 in
3354 3819 3566 3890 scripto

167 3905 363 3963 codice
404 3904 689 3962 Vincentii
716 3904 915 3962 Pinelli
947 3905 1175 3959 Patavio
1205 3905 1273 3959 ad
1296 3921 1398 3960 nos
1427 3905 1761 3974 Ferrariam,
1794 3919 1925 3960 cum
1964 3903 2083 3959 illic
2115 3920 2367 3960 essemus
2396 3919 2526 3961 cum
2563 3905 2868 3975 pontiﬁce,
2904 3907 3102 3963 misso.

933 3992 1159 4043 Basilius
1184 3993 1468 4057 imperator
1494 3993 1649 4056 huius
1676 3993 1910 4043 climatis

934 4076 992 4124 In
1022 4089 1149 4139 pace
1173 4078 1451 4139 praestans,
1482 4077 1641 4139 atque
1670 4074 1821 4124 rebus
1850 4073 2061 4123 bellicis.

936 4157 1000 4205 Et
1028 4154 1253 4218 pellibus
1276 4164 1500 4220 pactum,
1536 4170 1748 4219 sequens
1776 4171 1840 4204 ex
1859 4154 2041 4203 ordine

936 4235 1173 4285 Pulchros
1203 4238 1372 4299 fereas
1401 4237 1661 4300 imagines
1686 4239 1742 4285 ut
1762 4236 1985 4285 sideras.

216 4324 414 4380 Exstat
448 4317 875 4391 autographum
933 4318 1114 4387 Ipsius
1158 4317 1332 4372 Basili
1392 4317 1657 4373 volumen
1708 4317 2053 4388 imaginibus
2113 4317 2302 4387 magni
2346 4316 2514 4388 pretii
2570 4318 2897 4373 decoratum
2949 4336 3049 4389 per
3093 4319 3213 4375 dies
3277 4319 3563 4390 singulos,

154 4413 515 4483 singulosque
576 4416 825 4475 sanctos,
875 4407 942 4462 de
975 4407 1183 4477 quibus
1241 4408 1456 4463 mentio
1490 4407 1728 4462 habetur
1783 4406 1844 4463 in
1873 4405 2147 4462 versibus.
2180 4406 2446 4461 Vidimus
2496 4412 2549 4461 et
2592 4406 2839 4478 legimus
2896 4407 3063 4463 nobis
3126 4424 3465 4465 concessum
3523 4426 3556 4464 a

151 4497 305 4560 Paulo
334 4500 661 4558 Siondrato
681 4497 903 4552 Sancta
925 4493 1161 4551 Caecilia:
1191 4495 1490 4563 cardinali,
1526 4502 1729 4565 nepote
1760 4494 1941 4551 felicis
1968 4495 2259 4551 memoriae
2290 4494 2550 4565 Gregorii
2574 4512 2731 4565 papae
2763 4490 2971 4550 decimi
3003 4496 3208 4567 quarti.

826 4610 922 4660 Leo
944 4607 1169 4659 Attatius
1190 4610 1243 4659 in
1276 4611 1646 4660 dissertatione
1673 4610 1737 4658 de
1768 4610 1940 4660 Libris
1988 4609 2369 4659 Ecclesiasticis
2399 4611 2707 4667 Grecorum,
2743 4614 2767 4669 ς
2798 4610 2876 4659 12.

199 4733 534 4807 Menologia
558 4748 693 4807 non
728 4730 1007 4807 alia__sun_t
1038 4730 1112 4807 {et
1139 4729 1245 4785 erit
1275 4729 1677 4807 duodecimae
1736 4728 1902 4807 liber)_
1960 4742 2345 4807 quamuqaae”
2369 4726 2620 4807 Latinus
2659 4726 3055 4800 Martyrologia
3088 4731 3179 4786 vel
3215 4732 3562 4807 Kalendaria

155 4806 354 4875 dixerit,
385 4799 507 4863 néc
541 4803 697 4859 aliud
734 4803 791 4858 in
819 4802 934 4862 illis
966 4799 1200 4875 habetur
1230 4800 1337 4855 nisi
1371 4799 1455 4856 vel
1495 4809 1820 4875 sanctorum
1850 4801 1978 4854 vitae
2004 4799 2383 4875 quolibet__die
2415 4814 2516 4868 per
2544 4804 2728 4875 totum
2759 4799 2974 4875 annum
3026 4804 3354 4857 summatim
3388 4820 3562 4874 expo-

148 4879 263 4946 sita,
296 4869 385 4936 vel
411 4891 672 4951 quorum
703 4876 835 4951 vitae
880 4893 997 4935 non
1041 4873 1321 4930 habentur
1371 4872 1861 4951 commemoratio,
1922 4870 2195 4951 nullaque
2251 4869 2331 4925 ibi
2368 4879 2463 4926 aut
2498 4872 2691 4951 rolﬁcii
2748 4873 3077 4941 ordinandi,
3135 4882 3231 4951 aut
3259 4869 3561 4951 recitandi

147 4943 292 5007 series
322 4943 698 5008 continetur.
733 4946 948 5005 Verum
975 4954 1056 5004 est
1086 4956 1278 5000 tamen
1309 4945 1622 5013 saepissime
1654 4944 2105 5013 Menologiorum
2157 4943 2357 4997 horum
2391 4950 2626 5010 partem,
2662 4959 2898 5013 eamque
2957 4960 3071 4999 non
3132 4946 3433 5001 minimam
3497 4949 3561 5003 in

140 5020 346 5079 Menaeis
376 5022 844 5094 Interamnas
876 5028 1001 5094 post
1031 5018 1203 5094 edam
1225 5024 1441 5094 sextam
1474 5032 1595 5071 esse
1627 5016 1922 5085 digestam,
1957 5024 2014 5094 ut
2032 5014 2181 5094 ,εἱειει-
2197 5014 2433 5094 alterius
2461 5014 2586 5068 libri
2620 5030 2749 5083 Ope,
2782 5017 2877 5094 qui
2909 5015 3559 5094 ofﬁciuminnecclesia

141 5098 219 5147 ant
243 5095 399 5150 domi
438 5092 680 5157 recitat,
706 5086 908 5149 habeat
942 5090 1090 5148 unde
1120 5087 1593 5144 cclebrandorum
1626 5096 1948 5143 sanctorum
1985 5086 2311 5140 historiolas
2342 5090 2398 5140 et
2441 5087 3011 5141 commemorationes
3049 5087 3234 5155 legati.
3260 5088 3376 5144 Hoc
3435 5090 3558 5145 Me-

148 5163 425 5233 aologiurn
462 5163 625 5233 apud
656 5162 881 5220 Grzeeos
940 5179 1053 5219 non
1087 5174 1264 5233 unum
1316 5166 1421 5223 est,
1454 5160 1547 5213 sed
1602 5175 1701 5228 pro
1753 5157 2195 5233 opportunitate
2236 5157 2543 5233 temporis_
2562 5160 2777 5233 variam
2801 5230 2810 5233 _
2838 5173 3060 5233 quoque
3094 5159 3296 5233 faciem
3331 5161 3557 5229 induit;

148 5226 289 5291 aliud,
310 5226 552 5309 quipp'e
582 5236 830 5309 estquod
864 5235 1029 5309 nobis
1062 5230 1258 5286 Latine
1289 5239 1505 5309 tantum
1538 5226 1615 5309 exi
1639 5226 1894 5309 versione
1926 5228 2228 5309 car-dinalis
2259 5226 3150 5309 Sirleti,.Cani_sius_in’Antiquis
3198 5226 3561 5309 Lectionibus

152 5299 580 5375 repras'enialvit
613 5320 625 5359 :
660 5299 814 5361 aliud
848 5307 998 5377 quod
1060 5303 1361 5372 separatim
1398 5303 1531 5357 hinc
1562 5304 1693 5357 inde
1742 5301 2194 5369 manuscriptum
2221 5299 2452 5377 adhuc
2487 5299 2551 5377 in
2580 5299 2987 5377 bibliothecis,_
3014 5312 3085 5377 et
3115 5302 3427 5377 Barberina
3468 5321 3565 5374 po-

156 5369 448 5449 tissimum,
488 5378 643 5448 quod
675 5385 728 5432 et
760 5369 1229 5449 antiquissimum
1262 5379 1366 5441 est,
1395 5380 1753 5449 asservatur:
1788 5389 1911 5443 qua
1944 5386 2049 5449 nec
2078 5370 2273 5449 omnia
2304 5369 2409 5424 sibi
2442 5370 2710 5449 i_9vieem__
2746 5372 3133 5449 respondent;
3195 5375 3377 5449 aliud“
3410 5369 3558 5446 quod

156 5444 199 5522 in
227 5440 463 5507 Menaeis
512 5440 860 5522 'Grzecorum
895 5440 1175 5522 insertum
1209 5454 1328 5522 cst_:
1386 5445 1542 5522 aliud
1577 5446 1720 5513 quod
1758 5440 1880 5513 post
1931 5444 2151 5522 divinas
2185 5440 2381 5522 Horas,
2447 5440 2853 5522 Evalngelium,'
2895 5443 3250 5522 Apostolurn,
3309 5440 3565 5520 aliosque

162 5516 309 5577 libros
338 5523 582 5590 legitur.
620 5520 994 5587 Menotogium
1026 5535 1093 5575 ex
1118 5518 1345 5573 Menaeis
1377 5512 1700 5590 Graecorum
1760 5512 2008 5590 erutum,
2043 5523 2095 5590 et
2127 5514 2210 5590 in_
2244 5512 2913 5590 lin_gtiani__Grmcorumu
2934 5518 3295 5590 vernaculam
3341 5512 3565 5575 versam

163 5583 456 5665 Ildaximo
488 5592 784 5665 Margunio
814 5583 1183 5665 Cytherorum
1216 5587 1687 5665 episcqpoedidit
1721 5587 2009 5665 antonius
2036 5583 2288 5665 Pinellus
2318 5583 2571 5665 Veneliis
2601 5602 2751 5665 aﬁnno
2784 5586 2942 5653 4529,
2988 5587 3149 5665 in-i.

212 5663 522 5731 Baronius,
555 5657 707 5719 an'no
738 5657 983 5720 Domino
1015 5662 1142 5727 886,
1174 5657 1342 5716 refert
1390 5658 1661 5713 Basiliam
1722 5659 2093 5731 Macedonem
2149 5657 2551 5731 imperatorem
2614 5659 2935 5712 Graecorum
2986 5661 3369 5730 Menologium
3428 5661 3561 5716 scri-

167 5725 388 5791 bendum
422 5725 657 5791 curasse
685 5743 738 5809 et
767 5725 1136 5809 augendum,
1157 5738 1324 5800 atque
1346 5733 1517 5786 etiam
1575 5726 2289 5809 imaginibusexornasse,
2340 5728 2556 5809 quibus
2613 5730 2978 5809 singulorum
3004 5725 3330 5809 sanctorum
3385 5732 3566 5809 capri-

171 5810 444 5878 ;Ierentur
479 5806 788 5863 certamina
814 5798 1053 5878 :Ucujus
1112 5798 1299 5873 ipsum
1358 5798 1776 5878 autograpbam
1835 5801 2131 5878 vidi_mus_,_
2157 5808 2211 5855 et
2245 5798 2485 5878 legimus
2515 5816 2855 5878 concessum
2887 5802 3071 5878 nobis
3106 5820 3137 5856 a
3166 5800 3343 5857 Paulo
3369 5801 3567 5878 ASion-

171 5869 291 5934 imo
319 5879 384 5935 S.
454 5878 699 5935 Caeciliae
754 5869 1059 5948 cardinali,
1113 5869 1319 5946 nepote
1374 5869 1627 5944 Gregorii
1688 5891 1846 5945 papae
1870 5871 2015 5929 XIV.
2080 5871 2469 5941 Menologium
2530 5871 2664 5940 hoc,
2697 5888 2833 5928 auro
2865 5873 3219 5943 gemmisque
3262 5870 3567 5940 pretiosius
