4030 6196
380 521 453 580 15
1569 514 1668 575 DE
1713 514 2131 576 BASILIANO
2176 512 2634 575 MENOLOGIO
3712 513 3784 575 16

377 647 874 721 Constantinopoli
931 648 1002 703 ad
1067 646 1412 704 Ludovicum
1469 645 1740 704 St‘ortiam
1799 648 1934 703 satis
2020 647 2294 704 muniﬁce
2348 647 2668 718 advectum,
2726 644 3009 702 Ludovico
3055 645 3173 702 vita
3236 644 3451 714 iuncto,
3529 648 3778 705 Joannes

379 739 628 810 Baptista
657 737 942 794 Francisci
973 735 1281 804 Stondrati,
1314 733 1624 792 cardinalis
1655 751 1880 806 parens,
1939 751 2186 807 avusque
2220 735 2439 794 Nicolai
2497 735 2780 791 St‘ondrati
2805 735 3136 804 cardinalis,
3193 735 3255 791 in
3311 734 3546 791 arbitrio
3584 752 3648 792 ac
3675 753 3774 807 po-

376 832 578 891 testate
607 826 825 894 habuit,
858 827 1335 896 quemadmodum
1370 833 1740 881 monumenta
1772 825 1902 892 alia,
1939 826 2312 897 maximasque
2367 825 2766 880 aestimationis
2819 824 3128 895 scripturas
3185 823 3441 894 ejusdem
3494 823 3774 894 Ludovici,

380 918 528 987 apud
560 931 730 987 quem
761 915 1022 986 Baptistae
1051 914 1355 970 auctoritas
1415 912 1726 984 plurimum
1761 913 2028 984 pollebat,
2087 917 2149 969 ut
2177 929 2245 970 ex
2292 914 2529 970 diversis
2577 913 2978 982 legationibus,
3019 929 3158 984 quas
3215 911 3310 968 ille
3343 913 3412 969 ob
3452 913 3782 983 gravissima

381 1007 611 1077 negotia
637 1006 786 1076 apud
816 1020 1018 1060 omnes
1049 1005 1167 1060 fere
1197 1001 1492 1075 principes
1522 1003 1898 1073 Christianos,
1940 1003 2339 1059 Innocentium
2371 1019 2578 1074 nempe
2610 1001 2754 1068 VllI,
2787 1001 3055 1058 Carolum
3091 1001 3306 1070 Gallia,
3361 1002 3780 1060 Ferdinandum

384 1102 439 1151 et
469 1093 848 1150 Elisabetham
881 1092 1312 1164 Hispaniarum,
1345 1092 1768 1148 Ferdinandum
1805 1091 2071 1163 Neapolis
2103 1096 2160 1148 et
2186 1092 2395 1148 Siciliae
2419 1109 2632 1163 regem,
2664 1101 2718 1148 et
2772 1093 3004 1148 tandem
3036 1090 3445 1162 rempublicam
3496 1093 3780 1165 Venetam,

384 1183 482 1240 ubi
539 1191 592 1240 et
644 1191 882 1240 mortem
933 1181 1092 1250 obiit,
1153 1181 1426 1252 colligere
1475 1197 1808 1252 possumus.
1873 1182 2240 1239 Postmodum
2280 1199 2314 1238 a
2365 1182 2541 1238 Paulo
2597 1181 2898 1238 Sfondralo
2956 1181 3234 1238 cardinali
3293 1182 3442 1239 dono
3491 1190 3781 1254 acceptum

383 1272 595 1328 Paulus
626 1271 665 1328 V
697 1271 756 1327 in
789 1269 1200 1327 bibliothecam
1233 1270 1569 1328 Vaticanam
1601 1269 1835 1338 invexit,
1863 1277 1917 1327 et
1949 1270 2180 1343 praeﬁxa
2211 1271 2550 1341 incripiione
2571 1270 2932 1342 signiﬁcavit.

443 1361 636 1411 Paulus
669 1360 708 1407 V
729 1359 970 1424 pontifex
1004 1361 1261 1410 maximus
1283 1360 1415 1409 hunc
1445 1359 1637 1409 librum
1661 1360 2106 1425 ConstantinOpoli
2137 1360 2208 1409 ad
2228 1361 2532 1410 Ludovicum
2549 1360 2808 1425 S/‘ortiam
2828 1358 3116 1411 Mediolani
3134 1359 3311 1410 ducem
3332 1359 3575 1418 allatum,
3597 1359 3784 1411 deinde

385 1445 647 1492 servatum
675 1440 818 1505 apud
843 1441 1242 1502 Sfondratorum
1277 1441 1548 1504 familiam
1571 1454 1602 1489 a
1630 1441 1796 1490 Paulo
1827 1441 1882 1491 S.
1902 1439 2118 1493 Ceciliae
2139 1441 2398 1492 cardinali
2416 1441 2706 1506 S/‘ondrato
2726 1441 2828 1492 sibi
2851 1439 2982 1492 dono
3004 1439 3200 1505 datum,
3233 1442 3284 1491 in
3308 1440 3666 1493 bibliothecam
3703 1441 3792 1496 Va.

391 1524 613 1573 ticanam
644 1521 839 1585 inferri
863 1522 1023 1584 jussit
1049 1535 1186 1572 anno
1218 1520 1336 1572 1615
1362 1521 1698 1585 pontiﬁcatus
1725 1535 1795 1571 ιι.

459 1603 622 1661 Liber
645 1619 815 1659 unam
848 1609 1063 1660 tantum
1086 1602 1392 1672 Menologii
1425 1608 1658 1672 partem,
1691 1602 1920 1674 quando
1971 1618 2065 1659 sex
2101 1611 2319 1659 tantum
2372 1603 2687 1672 mensibus,
2747 1603 3097 1676 Septembre,
3131 1603 3396 1672 Octobre,
3445 1604 3787 1675 Novembre,

384 1693 715 1761 Decembre,
758 1692 1049 1762 Januario,
1080 1699 1134 1748 et
1164 1691 1466 1747 Februario
1499 1690 1828 1758 absolvitur,
1858 1693 2134 1749 continet.
2171 1693 2362 1749 Altera
2395 1693 2737 1764 quibusnam
2767 1693 2955 1750 caveis
3002 1694 3226 1749 addicta
3283 1693 3469 1765 lateat,
3501 1695 3785 1752 incertum

384 1792 486 1857 est,
521 1791 573 1842 et
598 1785 813 1842 utinam
851 1800 966 1840 non
997 1799 1364 1839 communem
1393 1789 1602 1838 sortem
1631 1781 1909 1838 librorum
1940 1800 2132 1855 passa,
2166 1783 2296 1853 igne
2328 1784 2412 1840 vel
2446 1785 2612 1854 ferro,
2643 1784 2730 1840 vel
2763 1785 3070 1855 impiorum
3102 1793 3198 1840 aut
3227 1785 3546 1841 otiosorum
3607 1784 3787 1842 homi-

380 1890 518 1930 num
554 1873 838 1941 manibus,
875 1873 1290 1929 elementorum
1321 1872 1490 1927 etiam
1518 1872 1750 1942 injuria,
1772 1874 1831 1929 in
1865 1873 1989 1930 luce
2019 1889 2147 1930 esse
2177 1874 2432 1929 desierit.
2495 1873 2749 1944 Scriptus
2773 1878 2860 1930 est
2892 1876 2950 1930 in
3013 1874 3146 1931 folio
3177 1875 3382 1946 grandi
3438 1892 3780 1948 pergamcno

381 1965 592 2021 atl‘abre
621 1965 917 2037 perpolito,
952 1963 1081 2020 licet
1113 1967 1277 2019 astate
1301 1963 1418 2033 jam
1451 1962 1596 2018 victa
1626 1963 2040 2034 aliquantulum
2074 1964 2394 2029 sublurido,
2431 1965 2608 2020 forma
2639 1966 2797 2036 quasi
2853 1965 3146 2036 quadrata,
3203 1966 3624 2022 characteribus
3669 1966 3787 2024 cle-

385 2053 758 2124 gantissimis,
792 2069 1069 2124 nusquam
1102 2070 1200 2124 pro
1233 2051 1387 2108 illius
1447 2053 1750 2108 atramenti
1806 2053 2091 2124 facultate,
2137 2055 2284 2125 quod
2347 2056 2571 2124 nigrum
2633 2071 2748 2110 non
2806 2055 2992 2126 tingit,
3027 2055 3466 2126 nigricantibus.
3503 2057 3789 2127 Capitales

387 2159 525 2214 quas
556 2142 1020 2213 vocantlitteras,
1052 2158 1190 2198 auro
1235 2141 1628 2211 etiormantur,
1681 2143 2039 2213 singularum
2100 2144 2444 2215 pagellarum
2497 2161 2622 2215 pars
2681 2146 2935 2214 superior
2983 2145 3215 2201 nomina
3267 2153 3588 2201 sanctorum
3623 2147 3784 2202 illius

380 2235 495 2291 diei
526 2240 910 2306 repraesentat,
944 2233 1178 2289 alterius
1205 2232 1443 2288 dimidia
1473 2232 1681 2302 scripta
1741 2235 2080 2304 compendio
2132 2241 2462 2292 sanctorum
2528 2243 2706 2306 gesta,
2761 2235 2938 2292 altera
2998 2236 3344 2308 imaginibus
3389 2237 3792 2308 coloribusque

381 2338 498 2381 non
531 2324 924 2394 indiligenter,
953 2332 1003 2379 et
1036 2339 1136 2394 pro
1168 2337 1232 2378 eo
1266 2328 1518 2391 tempore
1577 2322 1714 2378 satis
1742 2324 2050 2394 eleganter,
2112 2325 2216 2380 sub
2248 2324 2443 2382 oculos
2475 2328 2655 2398 ponit.
2712 2325 2996 2382 Picturam
3045 2325 3389 2382 recentiores
3419 2327 3787 2383 miniaturam

384 2421 623 2472 vocant:
655 2429 841 2483 neque
871 2413 1026 2468 enim
1060 2411 1208 2477 oleo,
1229 2412 1325 2467 sed
1355 2426 1498 2482 aqua
1529 2411 1863 2483 gummique
1892 2414 2114 2470 colores
2147 2421 2550 2484 temperantur.
2589 2415 2866 2484 Imagines
2899 2432 3012 2472 non
3062 2415 3131 2470 ab
3164 2431 3279 2470 una
3334 2431 3506 2470 manu
3552 2431 3788 2486 proma-

386 2510 546 2570 nant,
579 2502 817 2573 ideoque
849 2518 953 2558 nec
986 2502 1153 2557 unius
1184 2515 1385 2555 omnes
1433 2499 1801 2568 conditionis,
1833 2502 1929 2557 sed
1966 2519 2082 2558 una
2125 2503 2300 2558 altera
2351 2503 2710 2568 concinnior,
2768 2503 3101 2574 accuratior,
3133 2511 3185 2558 et
3241 2504 3307 2558 ad
3340 2510 3515 2560 artem
3553 2520 3787 2560 accom-

386 2593 664 2649 modatior
693 2591 944 2660 excellit,
985 2597 1038 2647 et
1068 2607 1140 2647 ne
1168 2586 1457 2644 ἀδέσποτοι
1489 2589 1766 2660 palarent,
1817 2593 2000 2660 pictor
2031 2591 2270 2662 quilibet
2302 2592 2541 2661 imagini
2589 2610 2621 2646 a
2677 2609 2736 2648 se
2767 2593 3002 2662 depictas
3033 2591 3093 2647 in
3128 2593 3381 2662 margine
3412 2593 3545 2649 libri
3577 2609 3786 2651 nomen

384 2683 674 2752 expressit.
725 2682 1014 2738 Pictorum
1071 2680 1305 2737 nomina
1361 2685 1514 2746 sunt,
1574 2679 1861 2748 Pantaleo,
1895 2681 2130 2737 Michael
2188 2680 2576 2749 Blachernita,
2638 2680 2916 2752 Georgius,
2975 2682 3214 2751 Simeon,
3273 2681 3500 2739 Michael
3561 2700 3786 2755 parvus,

383 2771 582 2837 Menas,
614 2771 820 2836 Nestor,
854 2769 1068 2826 Simcon
1101 2769 1478 2824 Blachernita.
1531 2765 1814 2840 Imagines
1843 2770 1921 2826 ita
1951 2771 2354 2842 disponuntur,
2392 2777 2447 2826 ut
2482 2787 2593 2826 una
2625 2770 2784 2826 alteri
2845 2772 3090 2827 adversae
3122 2788 3237 2828 non
3297 2773 3654 2843 re5p0ndeat,
3688 2775 3786 2830 sed

383 2859 593 2916 litteris
625 2862 682 2915 et
711 2868 1037 2916 sanctorum
1069 2858 1214 2914 Vitis
1242 2875 1254 2912 :
1315 2875 1347 2928 q
1369 2874 1489 2916 tare
1549 2876 1704 2917 nunc
1735 2859 2086 2930 superiorem
2147 2867 2361 2930 partem
2393 2860 2636 2931 paginae,
2669 2861 2897 2932 quando
2925 2859 3158 2917 alterius
3187 2863 3446 2934 superior
3476 2880 3604 2933 pars
3633 2863 3779 2920 scri-

379 2950 636 3021 ptionem
669 2949 858 3010 refert.
884 2965 1040 3005 nunc
1061 2949 1414 3019 inferiorem,
1447 2952 1672 3022 quando
1699 2948 1932 3007 alterius
1963 2948 2198 3005 inferior
2229 2949 2512 3020 descripta
2542 2957 2644 3005 est.

452 3041 687 3106 Quando
717 3037 862 3095 liber
889 3037 1134 3110 scriptus
1161 3040 1252 3108 sit,
1305 3039 1558 3098 divinare
1606 3056 1721 3097 non
1754 3054 2087 3110 possumus:
2150 3037 2364 3095 abhinc
2395 3045 2582 3096 tamen
2614 3055 2766 3096 anno
2814 3040 2921 3095 662
2973 3041 3269 3112 scriptum,
3327 3041 3594 3098 videntur
3633 3041 3784 3099 indi-

382 3143 512 3185 care
541 3129 639 3200 qui
662 3129 820 3201 operi
852 3128 1228 3201 praeﬁguntur
1256 3129 1454 3186 iambi.
1487 3130 1558 3186 Hi
1588 3146 1719 3186 vero
1751 3135 1902 3186 sunt.

1392 3339 1654 3402 Ἐνταῦθα
1681 3340 1772 3392 νῦν
1803 3335 2088 3407 σκόπησον
2120 3334 2296 3410 ὀρθῶς
2329 3337 2358 3391 ὁ
2389 3335 2632 3412 βλέπων,
2665 3344 2773 3396 etc.

1651 3459 1732 3520 Ex
1760 3463 2020 3521 versione
2046 3463 2283 3520 Joannis
2311 3463 2523 3534 Argoli.

1222 3536 1504 3600 Considera
1530 3535 1685 3600 probe
1709 3534 1873 3584 oculis
1902 3534 2000 3598 hic,
2029 3549 2058 3584 ο
2086 3537 2178 3600 qui
2206 3534 2408 3598 aspicis,

1217 3598 1480 3662 Iis-rebus
1505 3598 1715 3662 optimis
1745 3611 1870 3662 Opus
1889 3603 2037 3662 certe
2057 3598 2326 3662 optimum,

1216 3661 1338 3727 pei,
1373 3659 1602 3725 inquam,
1623 3674 1748 3727 apus
1774 3659 2191 3727 pulcherrimum
2213 3664 2434 3727 mentem
2469 3661 2718 3726 impetens

1220 3723 1340 3772 Visu
1365 3723 1540 3773 creata
1569 3723 1750 3774 cuncta
1771 3723 2030 3773 delectans
2061 3724 2265 3781 merito,

1221 3787 1285 3852 Ψ
1313 3801 1533 3852 namque
1564 3801 1722 3852 supra
1738 3800 1832 3852 rea:
1856 3786 1966 3850 poli
1992 3787 2186 3852 summi
2205 3785 2398 3852 arti/ex

1219 3849 1411 3914 Caelum
1435 3848 1636 3914 choreis
1656 3848 1998 3914 condecorans
2021 3848 2220 3914 clarum
2249 3848 2432 3914 igneis,

1217 3911 1360 3972 Quod
1385 3911 1540 3975 pellis
1567 3915 1736 3962 instar
1763 3912 1896 3960 vocis
1927 3911 2346 3975 explicuitsono,

1213 3973 1462 4038 Munu'um
1494 3976 1728 4038 irra‘tliat
1744 3975 1981 4038 sapiente
1993 3973 2340 4038 prouidentia
2361 3989 2384 4037 ,-

1218 4037 1469 4102 lnfraque
1495 4041 1551 4086 ut
1580 4036 1749 4100 ipsum
1770 4036 2010 4086 maribus
2027 4036 2296 4100 splendens
2319 4036 2540 4102 paribus

1217 4098 1394 4164 Ter-ri
1405 4098 1590 4162 plagas
1601 4098 1608 4100 ”
1619 4102 1792 4157 totius,
1821 4106 1868 4149 et
1880 4115 1987 4164 rea:
2007 4098 2249 4164 purpurae

1214 4162 1470 4226 Ijasilius.
1489 4163 1732 4226 ﬁliusque
1758 4163 1953 4225 duplici
1968 4162 2149 4226 potens

1218 4179 1470 4218 uassuus,
1489 4179 1632 4222 Imus
1672 4179 1732 4213 ue
1758 4179 1951 4225 aupuct
1968 4179 2149 4226 patens

1218 4225 1398 4283 Fama,
1433 4179 1715 4290 triumpZis
1744 4227 1962 4284 scilicet,
1992 4223 2329 4282 sermonibus,
2361 4227 2463 4273 etc.

379 4399 444 4453 Et
476 4398 583 4454 hoc
615 4406 698 4454 est
728 4397 1118 4470 Mcnologium
1150 4399 1398 4454 Baronio
1429 4399 1638 4466 visum,
1671 4415 1776 4456 nec
1792 4399 1983 4455 abnuo
2011 4415 2024 4466 ;
2057 4398 2266 4466 studio,
2310 4398 2590 4468 jussuque
2611 4394 2806 4451 Basilii
2838 4394 3194 4466 imperatoris
3224 4396 3594 4470 descriptum,
3619 4413 3781 4455 exor-

372 4490 684 4557 natumque
714 4487 1081 4558 imaginibus,
1114 4487 1230 4543 nisi
1259 4487 1494 4544 aliunde
1524 4489 1762 4546 edoctus
1787 4489 1963 4555 fuero,
2023 4503 2138 4543 non
2175 4487 2425 4550 credam,
2482 4485 2963 4556 quemadmodum
3023 4495 3078 4542 et
3109 4486 3375 4544 Basilium
3407 4487 3561 4543 hunc
3590 4487 3780 4544 Mace-

369 4574 576 4630 donem
612 4575 820 4631 t'uisse:
853 4593 918 4632 ex
951 4576 1154 4632 iambis
1183 4577 1333 4632 enim
1368 4577 1460 4633 hic
1493 4579 1735 4634 Basilius
1796 4577 1960 4648 Porpl

2189 4583 2333 4631 meta
2385 4574 2688 4630 asseritur:
2749 4571 2872 4642 ἄναξ
2903 4572 3040 4644 ὅλης
3072 4579 3196 4648 γῆς,
3230 4571 3397 4642 ἥλιος
3425 4581 3525 4644 τῆς
3563 4575 3780 4650 πορφύ-

369 4680 466 4735 ρας
499 4660 809 4730 Βασίλειος,
838 4664 900 4718 τὸ
931 4663 1152 4738 Θρέμμα
1179 4666 1279 4733 τῆς
1311 4661 1661 4740 ἁλουργίδας,
1693 4668 1958 4737 Insperato

2182 4679 2216 4721 υ
2245 4662 2539 4729 universae,
2571 4663 2654 4718 sol
2705 4677 2970 4734 purpurae
3003 4665 3255 4720 Basilius
3311 4673 3366 4720 et
3397 4664 3681 4719 alumnus.
3709 4663 3773 4719 Id

365 4751 435 4806 de
467 4751 774 4809 Macedone
803 4754 914 4809 dici
943 4771 1055 4810 non
1087 4763 1286 4825 potest,
1323 4771 1453 4810 cum
1488 4770 1670 4826 neque
1726 4753 2268 4825 Porphyrogenneta
2298 4751 2486 4816 fuerit,
2520 4767 2626 4807 nec
2655 4751 2999 4823 imperatore
3056 4759 3212 4822 patre
3244 4754 3410 4806 natus
3464 4750 3556 4818 sit,
3584 4766 3776 4821 neque

364 4840 611 4897 adultus.
645 4843 890 4898 Zonaras
922 4843 982 4899 in
1039 4844 1411 4899 Constantino
1478 4842 1654 4910 Duca,
1700 4842 1810 4908 Τὴν
1838 4841 1932 4912 μὲν

2185 4837 2264 4893 ίαν
2316 4837 2481 4893 αὐτοῦ
2539 4836 2907 4893 καταλέλοιπε
2961 4837 3136 4914 τρισὶν
3198 4833 3390 4906 υἱέσιν,
3440 4842 3548 4895 etc.
3609 4839 3776 4904 Ιηιρει

362 4929 502 4982 rium
562 4930 730 4980 tribus
787 4932 927 4995 ﬁjiis
985 4931 1222 4996 reliquit,
1281 4945 1497 4995 quorum
1540 4930 1684 4991 duos,
1748 4927 2046 4979 Michaelem
2071 4931 2121 4978 et
2179 4929 2526 4978 Andronicum
2591 4927 2818 4978 Eudocia
2872 4929 3078 4992 prii-ato
3133 4926 3318 4986 adhuc,
3376 4928 3774 4980 Constantinum

362 5024 479 5059 vero
510 5011 798 5076 imperanti
845 5015 1250 5077 pcpererat,cum
1281 5015 1328 5060 et
1393 5013 1506 5074 ipsa
1527 5011 1758 5074 Augusta
1810 5009 2072 5072 appellata
2127 5013 2270 5059 esset.
2309 5009 2452 5058 Unde
2506 5009 2592 5058 hic
2618 5008 2756 5058 solus
2811 5008 3278 5073 Porphyrogenitus
3310 5007 3432 5073 fuit,
3490 5022 3552 5058 ac
3587 5011 3769 5059 statim

357 5106 467 5154 prae
495 5092 692 5141 ceteris
719 5093 925 5157 imperii
954 5091 1246 5156 insignibus
1275 5091 1575 5142 adornatus.
1609 5091 1686 5145 Ex
1717 5105 1782 5144 eo
1815 5105 2021 5160 nempe
2050 5090 2341 5161 Porphyro
2373 5090 2692 5160 genitorum
2729 5105 2938 5145 nomen
2996 5089 3249 5158 emersit,
3309 5096 3367 5144 ut
3423 5089 3521 5161 qui
3582 5088 3766 5158 impe-

360 5188 522 5236 rante
553 5189 709 5251 patre
741 5186 1092 5247 nasceretur,
1120 5180 1236 5235 sive
1267 5179 1325 5233 in
1359 5177 1609 5234 thalamo
1639 5177 1950 5250 Porphyras
2009 5177 2182 5244 dicto,
2215 5179 2334 5234 sive
2393 5194 2649 5250 purpura
2705 5178 2978 5248 obvoluti,
3028 5178 3574 5249 Porphyrogennetas
3605 5177 3765 5232 dice-

359 5277 576 5325 rentur.
612 5270 966 5324 Herodianus
999 5269 1127 5322 hist.
1162 5267 1260 5322 lib.
1322 5285 1364 5334 ι,
1396 5269 1464 5322 de
1491 5268 1803 5324 Commodo
1862 5267 1950 5322 Ma

2177 5269 2452 5338 peratoris
2479 5267 2596 5324 lilio
2623 5284 2636 5323 :
2671 5263 2883 5322 Ἔδωκε
2938 5264 2996 5321 δὲ
3027 5267 3143 5340 μετ’
3193 5263 3420 5336 ἐκεῖνον,
3478 5275 3585 5324 etc,
3617 5263 3768 5315 Nunc

355 5371 422 5407 ne
469 5359 586 5420 post
639 5357 867 5405 Marcum
921 5357 1122 5418 patrem
1185 5353 1332 5404 vobis
1391 5357 1606 5418 fortuna
1665 5355 1954 5420 principe»:
2009 5356 2170 5416 dedit,
2229 5369 2329 5406 non
2387 5355 2598 5420 quidem
2654 5355 2968 5419 ascititium,
3030 5355 3209 5421 quales
3263 5358 3381 5405 ante
3409 5369 3490 5404 me
3527 5357 3764 5418 fuerunt.

355 5451 516 5501 neque
572 5436 726 5484 veluti
783 5435 1042 5498 acquisita
1098 5434 1317 5499 imperio
1370 5434 1702 5499 gloriantem,
1760 5436 1952 5500 quippe
2003 5449 2134 5487 unus
2189 5451 2279 5501 ego
2310 5436 2448 5486 vobis
2497 5441 2666 5495 natus,
2722 5437 3074 5503 educatusque
3130 5439 3188 5487 in
3216 5436 3357 5497 aula,
3415 5449 3517 5484 non
3549 5434 3763 5498 quidem

349 5517 575 5582 privatis
632 5513 896 5563 obvolutus
948 5514 1152 5578 fasciis,
1208 5515 1387 5568 statim
1449 5531 1526 5567 me
1554 5519 1612 5565 ut
1668 5531 1734 5566 ea:
1763 5516 1876 5567 alvo
1929 5517 2244 5582 prodieram,
2304 5518 2643 5582 imperatoria
2695 5533 2932 5583 purpura
2990 5517 3228 5581 suscepit,
3258 5514 3510 5579 simulque
3564 5515 3645 5563 sol
3677 5513 3766 5562 ho-

352 5597 544 5646 minent
584 5608 663 5642 me
691 5594 846 5658 vidit,
875 5598 923 5644 et
948 5595 1256 5661 principem.
1293 5597 1363 5654 Et;
1427 5598 1780 5654 Themistius
1833 5606 1974 5654 orat.
1998 5599 2052 5655 6.
2086 5600 2156 5655 de
2209 5597 2513 5654 Valentino
2540 5598 2791 5654 Gratiani
2849 5597 3210 5670 imperatoris
3267 5597 3477 5652 fratre:
3537 5597 3764 5668 Πρῶτος

351 5682 456 5758 γὰρ
485 5679 551 5750 δὴ
584 5680 720 5744 τὲως
765 5687 864 5752 τῆς
897 5681 1225 5756 εὐδαίμονος
1255 5683 1432 5750 οἰκίας
1461 5684 1882 5761 ἐσπαργανώθης
1915 5684 1938 5740 ἐ

2171 5683 2320 5762 qui,
2377 5689 2602 5744 Primus
2645 5696 2830 5745 autem
2887 5691 3019 5746 tunc
3049 5685 3276 5757 inclyta
3329 5684 3519 5740 domus
3547 5699 3762 5756 purpu-

352 5773 464 5828 reis
492 5772 772 5828 obvolutus
801 5778 881 5829 est
907 5774 1122 5845 fasciis.
1147 5775 1366 5834 Dicitur
1395 5783 1582 5835 tamen
1615 5776 1684 5833 de
1715 5776 1922 5834 Basilio
1950 5776 2210 5847 Juniore,
2242 5776 2341 5850 qui
2374 5777 2528 5835 circa
2557 5793 2776 5835 annum
2809 5775 3038 5834 Domini
3066 5776 3192 5846 977,
3224 5789 3358 5832 cum
3389 5773 3767 5832 Constantino

347 5861 894 5936 Porphyrogenneta
923 5865 1228 5940 imperium
1260 5867 1461 5927 tenuit.
2193 5857 2198 5862 ’
