  <div class='ocr_page' id='page_1' title='image "/cluster/home/n/w/nwhite01/storage/ocr_20150623/117/hvd.32044073502239/014.png"; bbox 0 0 4042 6206; ppageno 0'>
   <div class='ocr_carea' id='block_1_1' title="bbox 324 493 1920 557">
    <p class='ocr_par' dir='ltr' id='par_1_1' title="bbox 324 493 1920 557">
     <span class='ocr_line' id='line_1_1' title="bbox 324 493 1920 557; baseline 0.002 -3"><span class='ocrx_word' id='word_1_1' title='bbox 324 493 395 554; x_wconf 89' lang='grc'><strong>17</strong></span> <span class='ocrx_word' id='word_1_2' title='bbox 1732 494 1920 557; x_wconf 85' lang='lat' dir='ltr'><strong>TEST</strong></span> 
     </span>
    </p>
   </div>
   <div class='ocr_carea' id='block_1_2' title="bbox 2084 493 3680 557">
    <p class='ocr_par' dir='ltr' id='par_1_2' title="bbox 2084 495 3680 555">
     <span class='ocr_line' id='line_1_2' title="bbox 2084 495 3680 555; baseline -0.001 0"><span class='ocrx_word' id='word_1_3' title='bbox 2084 495 2239 555; x_wconf 84' lang='grc' dir='ltr'><strong>ΝΙΑ.</strong></span> <span class='ocrx_word' id='word_1_4' title='bbox 3605 497 3680 554; x_wconf 77' lang='grc'>18</span> 
     </span>
    </p>
   </div>
   <div class='ocr_carea' id='block_1_3' title="bbox 969 645 2935 722">
    <p class='ocr_par' dir='ltr' id='par_1_3' title="bbox 969 645 2935 722">
     <span class='ocr_line' id='line_1_3' title="bbox 969 645 2935 722; baseline 0.003 -22"><span class='ocrx_word' id='word_1_5' title='bbox 969 645 1368 703; x_wconf 80' lang='lat' dir='ltr'><strong>’Ferdinandus</strong></span> <span class='ocrx_word' id='word_1_6' title='bbox 1402 648 1681 718; x_wconf 80' lang='lat' dir='ltr'><strong>Ughellus,</strong></span> <span class='ocrx_word' id='word_1_7' title='bbox 1715 648 1891 706; x_wconf 68' lang='lat' dir='ltr'><strong>ltalire</strong></span> <span class='ocrx_word' id='word_1_8' title='bbox 1922 665 2093 707; x_wconf 66' lang='lat' dir='ltr'><strong>sacras</strong></span> <span class='ocrx_word' id='word_1_9' title='bbox 2125 655 2257 706; x_wconf 87' lang='lat' dir='ltr'><strong>tom.</strong></span> <span class='ocrx_word' id='word_1_10' title='bbox 2293 649 2387 720; x_wconf 89' lang='lat' dir='ltr'><strong>VI,</strong></span> <span class='ocrx_word' id='word_1_11' title='bbox 2428 666 2556 721; x_wconf 82' lang='lat' dir='ltr'><strong>pag.</strong></span> <span class='ocrx_word' id='word_1_12' title='bbox 2589 650 2728 705; x_wconf 82' lang='grc'><strong>1049</strong></span> <span class='ocrx_word' id='word_1_13' title='bbox 2755 657 2935 722; x_wconf 79' lang='lat' dir='ltr'><strong>etseq.</strong></span> 
     </span>
    </p>
   </div>
   <div class='ocr_carea' id='block_1_4' title="bbox 349 730 3672 811">
    <p class='ocr_par' dir='ltr' id='par_1_4' title="bbox 349 730 3672 811">
     <span class='ocr_line' id='line_1_4' title="bbox 349 730 3672 811; baseline 0.003 -25"><span class='ocrx_word' id='word_1_14' title='bbox 349 730 719 801; x_wconf 77' lang='lat' dir='ltr'><strong>Menologium</strong></span> <span class='ocrx_word' id='word_1_15' title='bbox 776 735 1109 791; x_wconf 63' lang='lat' dir='ltr'><strong>Graecorum</strong></span> <span class='ocrx_word' id='word_1_16' title='bbox 1159 742 1321 806; x_wconf 82' lang='lat' dir='ltr'><strong>jussu</strong></span> <span class='ocrx_word' id='word_1_17' title='bbox 1371 738 1571 794; x_wconf 82' lang='lat' dir='ltr'><strong>Basilii</strong></span> <span class='ocrx_word' id='word_1_18' title='bbox 1626 739 1884 795; x_wconf 84' lang='lat' dir='ltr'><strong>Junioris</strong></span> <span class='ocrx_word' id='word_1_19' title='bbox 1930 740 2075 810; x_wconf 89' lang='lat' dir='ltr'><strong>imp.</strong></span> <span class='ocrx_word' id='word_1_20' title='bbox 2126 738 2743 811; x_wconf 87' lang='lat' dir='ltr'><strong>Constantinopolitani</strong></span> <span class='ocrx_word' id='word_1_21' title='bbox 2793 746 2925 794; x_wconf 90' lang='lat' dir='ltr'><strong>ante</strong></span> <span class='ocrx_word' id='word_1_22' title='bbox 2983 754 3199 795; x_wconf 86' lang='lat' dir='ltr'><strong>annum</strong></span> <span class='ocrx_word' id='word_1_23' title='bbox 3238 739 3350 795; x_wconf 80' lang='lat' dir='ltr'><strong>Sal.</strong></span> <span class='ocrx_word' id='word_1_24' title='bbox 3386 740 3497 795; x_wconf 78' lang='grc'><strong>984</strong></span> <span class='ocrx_word' id='word_1_25' title='bbox 3530 755 3672 796; x_wconf 88' lang='lat' dir='ltr'><strong>con-</strong></span> 
     </span>
    </p>
   </div>
   <div class='ocr_carea' id='block_1_5' title="bbox 280 822 3662 900">
    <p class='ocr_par' dir='ltr' id='par_1_5' title="bbox 280 822 3662 900">
     <span class='ocr_line' id='line_1_5' title="bbox 280 822 3662 900; baseline 0.004 -25"><span class='ocrx_word' id='word_1_26' title='bbox 280 822 551 892; x_wconf 87' lang='lat' dir='ltr'><strong>scriptum,</strong></span> <span class='ocrx_word' id='word_1_27' title='bbox 581 829 633 877; x_wconf 89' lang='lat' dir='ltr'><strong>et</strong></span> <span class='ocrx_word' id='word_1_28' title='bbox 656 824 725 878; x_wconf 88' lang='lat' dir='ltr'><strong>ad</strong></span> <span class='ocrx_word' id='word_1_29' title='bbox 750 822 927 879; x_wconf 86' lang='lat' dir='ltr'><strong>ﬁdem</strong></span> <span class='ocrx_word' id='word_1_30' title='bbox 956 825 1383 883; x_wconf 89' lang='lat' dir='ltr'><strong>membranacei</strong></span> <span class='ocrx_word' id='word_1_31' title='bbox 1415 828 1628 884; x_wconf 85' lang='lat' dir='ltr'><strong>codicis</strong></span> <span class='ocrx_word' id='word_1_32' title='bbox 1680 828 1934 885; x_wconf 75' lang='lat' dir='ltr'><strong>Vaticani</strong></span> <span class='ocrx_word' id='word_1_33' title='bbox 1964 847 1995 883; x_wconf 92' lang='lat' dir='ltr'><strong>a</strong></span> <span class='ocrx_word' id='word_1_34' title='bbox 2029 834 2191 884; x_wconf 88' lang='lat' dir='ltr'><strong>Petro</strong></span> <span class='ocrx_word' id='word_1_35' title='bbox 2251 830 2495 884; x_wconf 84' lang='lat' dir='ltr'><strong>Arcudio</strong></span> <span class='ocrx_word' id='word_1_36' title='bbox 2546 828 2879 898; x_wconf 87' lang='lat' dir='ltr'><strong>Corcyreusi</strong></span> <span class='ocrx_word' id='word_1_37' title='bbox 2930 827 2990 883; x_wconf 87' lang='lat' dir='ltr'><strong>V.</strong></span> <span class='ocrx_word' id='word_1_38' title='bbox 3052 828 3111 898; x_wconf 93' lang='lat' dir='ltr'><strong>C,</strong></span> <span class='ocrx_word' id='word_1_39' title='bbox 3172 829 3368 885; x_wconf 85' lang='lat' dir='ltr'><strong>Latine</strong></span> <span class='ocrx_word' id='word_1_40' title='bbox 3413 845 3662 900; x_wconf 81' lang='lat' dir='ltr'><strong>versum,</strong></span> 
     </span>
    </p>
   </div>
   <div class='ocr_carea' id='block_1_6' title="bbox 278 910 2245 989">
    <p class='ocr_par' dir='ltr' id='par_1_6' title="bbox 278 910 2245 989">
     <span class='ocr_line' id='line_1_6' title="bbox 278 910 2245 989; baseline 0.005 -23"><span class='ocrx_word' id='word_1_41' title='bbox 278 926 420 966; x_wconf 88' lang='lat' dir='ltr'><strong>nunc</strong></span> <span class='ocrx_word' id='word_1_42' title='bbox 446 910 683 981; x_wconf 87' lang='lat' dir='ltr'><strong>primum</strong></span> <span class='ocrx_word' id='word_1_43' title='bbox 717 912 902 968; x_wconf 81' lang='lat' dir='ltr'><strong>edidit</strong></span> <span class='ocrx_word' id='word_1_44' title='bbox 934 914 1273 970; x_wconf 83' lang='lat' dir='ltr'><strong>Feruandus</strong></span> <span class='ocrx_word' id='word_1_45' title='bbox 1309 915 1580 986; x_wconf 77' lang='lat' dir='ltr'><strong>Ughellus</strong></span> <span class='ocrx_word' id='word_1_46' title='bbox 1609 918 1785 989; x_wconf 84' lang='lat' dir='ltr'><strong>(Anno</strong></span> <span class='ocrx_word' id='word_1_47' title='bbox 1816 917 2030 975; x_wconf 76' lang='lat' dir='ltr'><strong>scilicet</strong></span> <span class='ocrx_word' id='word_1_48' title='bbox 2062 918 2245 988; x_wconf 84' lang='grc'><strong>1659).</strong></span> 
     </span>
    </p>
   </div>
   <div class='ocr_carea' id='block_1_7' title="bbox 340 998 3661 1077">
    <p class='ocr_par' dir='ltr' id='par_1_7' title="bbox 340 998 3661 1077">
     <span class='ocr_line' id='line_1_7' title="bbox 340 998 3661 1077; baseline 0.003 -26"><span class='ocrx_word' id='word_1_49' title='bbox 340 1000 492 1055; x_wconf 87' lang='lat' dir='ltr'><strong>Liber</strong></span> <span class='ocrx_word' id='word_1_50' title='bbox 520 999 620 1054; x_wconf 88' lang='lat' dir='ltr'><strong>iste</strong></span> <span class='ocrx_word' id='word_1_51' title='bbox 641 998 903 1068; x_wconf 69' lang='lat' dir='ltr'><strong>Graecus,</strong></span> <span class='ocrx_word' id='word_1_52' title='bbox 928 1001 1095 1073; x_wconf 85' lang='lat' dir='ltr'><strong>cujus</strong></span> <span class='ocrx_word' id='word_1_53' title='bbox 1130 1002 1221 1059; x_wconf 91' lang='lat' dir='ltr'><strong>hic</strong></span> <span class='ocrx_word' id='word_1_54' title='bbox 1253 1005 1436 1059; x_wconf 87' lang='lat' dir='ltr'><strong>versio</strong></span> <span class='ocrx_word' id='word_1_55' title='bbox 1468 1004 1671 1060; x_wconf 89' lang='lat' dir='ltr'><strong>Latina</strong></span> <span class='ocrx_word' id='word_1_56' title='bbox 1698 1004 1957 1072; x_wconf 87' lang='lat' dir='ltr'><strong>habetur,</strong></span> <span class='ocrx_word' id='word_1_57' title='bbox 1983 1007 2144 1077; x_wconf 85' lang='lat' dir='ltr'><strong>jussu</strong></span> <span class='ocrx_word' id='word_1_58' title='bbox 2195 1007 2332 1062; x_wconf 92' lang='lat' dir='ltr'><strong>olim</strong></span> <span class='ocrx_word' id='word_1_59' title='bbox 2390 1005 2584 1062; x_wconf 82' lang='lat' dir='ltr'><strong>Basilii</strong></span> <span class='ocrx_word' id='word_1_60' title='bbox 2640 1004 3189 1077; x_wconf 72' lang='lat' dir='ltr'><strong>Porphyrogeuuetm</strong></span> <span class='ocrx_word' id='word_1_61' title='bbox 3239 1005 3492 1061; x_wconf 87' lang='lat' dir='ltr'><strong>Junioris</strong></span> <span class='ocrx_word' id='word_1_62' title='bbox 3522 1008 3661 1077; x_wconf 88' lang='lat' dir='ltr'><strong>imp.</strong></span> 
     </span>
    </p>
   </div>
   <div class='ocr_carea' id='block_1_8' title="bbox 271 1089 3661 1166">
    <p class='ocr_par' dir='ltr' id='par_1_8' title="bbox 271 1089 3661 1166">
     <span class='ocr_line' id='line_1_8' title="bbox 271 1089 3661 1166; baseline 0.002 -22"><span class='ocrx_word' id='word_1_63' title='bbox 271 1095 395 1144; x_wconf 87' lang='lat' dir='ltr'><strong>ante</strong></span> <span class='ocrx_word' id='word_1_64' title='bbox 422 1089 531 1143; x_wconf 80' lang='lat' dir='ltr'><strong>fere</strong></span> <span class='ocrx_word' id='word_1_65' title='bbox 559 1105 746 1145; x_wconf 87' lang='lat' dir='ltr'><strong>annos</strong></span> <span class='ocrx_word' id='word_1_66' title='bbox 778 1090 887 1144; x_wconf 79' lang='grc'>684</span> <span class='ocrx_word' id='word_1_67' title='bbox 940 1093 1297 1162; x_wconf 86' lang='lat' dir='ltr'><strong>conscriptus</strong></span> <span class='ocrx_word' id='word_1_68' title='bbox 1329 1093 1454 1162; x_wconf 84' lang='lat' dir='ltr'><strong>fuit,</strong></span> <span class='ocrx_word' id='word_1_69' title='bbox 1488 1094 1875 1166; x_wconf 88' lang='lat' dir='ltr'><strong>ipsorumque,</strong></span> <span class='ocrx_word' id='word_1_70' title='bbox 1900 1111 2135 1165; x_wconf 91' lang='lat' dir='ltr'><strong>quorum</strong></span> <span class='ocrx_word' id='word_1_71' title='bbox 2181 1096 2241 1151; x_wconf 89' lang='lat' dir='ltr'><strong>in</strong></span> <span class='ocrx_word' id='word_1_72' title='bbox 2299 1112 2365 1151; x_wconf 93' lang='lat' dir='ltr'><strong>eo</strong></span> <span class='ocrx_word' id='word_1_73' title='bbox 2407 1096 2607 1165; x_wconf 82' lang='lat' dir='ltr'><strong>elogiis</strong></span> <span class='ocrx_word' id='word_1_74' title='bbox 2658 1095 3043 1164; x_wconf 79' lang='lat' dir='ltr'><strong>celebrantur,</strong></span> <span class='ocrx_word' id='word_1_75' title='bbox 3084 1095 3342 1149; x_wconf 87' lang='lat' dir='ltr'><strong>divorum</strong></span> <span class='ocrx_word' id='word_1_76' title='bbox 3389 1095 3661 1165; x_wconf 83' lang='lat' dir='ltr'><strong>imagini-</strong></span> 
     </span>
    </p>
   </div>
   <div class='ocr_carea' id='block_1_9' title="bbox 268 1178 3664 1255">
    <p class='ocr_par' dir='ltr' id='par_1_9' title="bbox 268 1178 3664 1255">
     <span class='ocr_line' id='line_1_9' title="bbox 268 1178 3664 1255; baseline 0.002 -22"><span class='ocrx_word' id='word_1_77' title='bbox 268 1178 365 1233; x_wconf 81' lang='lat' dir='ltr'><strong>bas</strong></span> <span class='ocrx_word' id='word_1_78' title='bbox 393 1186 636 1245; x_wconf 77' lang='lat' dir='ltr'><strong>ornatus,</strong></span> <span class='ocrx_word' id='word_1_79' title='bbox 671 1184 1002 1235; x_wconf 88' lang='lat' dir='ltr'><strong>asservatur</strong></span> <span class='ocrx_word' id='word_1_80' title='bbox 1031 1181 1092 1237; x_wconf 90' lang='lat' dir='ltr'><strong>in</strong></span> <span class='ocrx_word' id='word_1_81' title='bbox 1125 1180 1402 1238; x_wconf 81' lang='lat' dir='ltr'><strong>Vaticana</strong></span> <span class='ocrx_word' id='word_1_82' title='bbox 1433 1183 1730 1253; x_wconf 79' lang='lat' dir='ltr'><strong>pontificis</strong></span> <span class='ocrx_word' id='word_1_83' title='bbox 1762 1184 1993 1239; x_wconf 79' lang='lat' dir='ltr'><strong>maximi</strong></span> <span class='ocrx_word' id='word_1_84' title='bbox 2023 1184 2368 1241; x_wconf 74' lang='lat' dir='ltr'><strong>bibliotheca</strong></span> <span class='ocrx_word' id='word_1_85' title='bbox 2402 1201 2415 1239; x_wconf 88' lang='lat'>:</span> <span class='ocrx_word' id='word_1_86' title='bbox 2448 1186 2516 1240; x_wconf 90' lang='lat' dir='ltr'><strong>de</strong></span> <span class='ocrx_word' id='word_1_87' title='bbox 2565 1200 2675 1255; x_wconf 89' lang='lat' dir='ltr'><strong>quo</strong></span> <span class='ocrx_word' id='word_1_88' title='bbox 2722 1184 2801 1238; x_wconf 83' lang='lat' dir='ltr'><strong>vir</strong></span> <span class='ocrx_word' id='word_1_89' title='bbox 2845 1184 2918 1238; x_wconf 91' lang='lat' dir='ltr'><strong>cl.</strong></span> <span class='ocrx_word' id='word_1_90' title='bbox 2972 1190 3026 1239; x_wconf 91' lang='lat' dir='ltr'><strong>et</strong></span> <span class='ocrx_word' id='word_1_91' title='bbox 3084 1184 3511 1239; x_wconf 81' lang='lat' dir='ltr'><strong>eruditissimus</strong></span> <span class='ocrx_word' id='word_1_92' title='bbox 3560 1184 3664 1239; x_wconf 81' lang='lat' dir='ltr'><strong>Leo</strong></span> 
     </span>
    </p>
   </div>
   <div class='ocr_carea' id='block_1_10' title="bbox 264 1268 3660 1343">
    <p class='ocr_par' dir='ltr' id='par_1_10' title="bbox 264 1268 3660 1343">
     <span class='ocr_line' id='line_1_10' title="bbox 264 1268 3660 1343; baseline 0.001 -21"><span class='ocrx_word' id='word_1_93' title='bbox 264 1268 491 1323; x_wconf 78' lang='lat' dir='ltr'><strong>Allatius</strong></span> <span class='ocrx_word' id='word_1_94' title='bbox 534 1269 596 1323; x_wconf 91' lang='lat' dir='ltr'><strong>in</strong></span> <span class='ocrx_word' id='word_1_95' title='bbox 653 1268 881 1325; x_wconf 79' lang='lat' dir='ltr'><strong>dissert.</strong></span> <span class='ocrx_word' id='word_1_96' title='bbox 926 1270 1096 1341; x_wconf 87' lang='lat' dir='ltr'><strong>prim.</strong></span> <span class='ocrx_word' id='word_1_97' title='bbox 1128 1272 1192 1326; x_wconf 83' lang='lat' dir='ltr'><strong>de</strong></span> <span class='ocrx_word' id='word_1_98' title='bbox 1240 1271 1333 1326; x_wconf 78' lang='lat' dir='ltr'><strong>lib.</strong></span> <span class='ocrx_word' id='word_1_99' title='bbox 1380 1272 1524 1329; x_wconf 83' lang='lat' dir='ltr'><strong>Eccl.</strong></span> <span class='ocrx_word' id='word_1_100' title='bbox 1561 1271 1876 1330; x_wconf 60' lang='lat' dir='ltr'><strong>Graecorum</strong></span> <span class='ocrx_word' id='word_1_101' title='bbox 1906 1274 2109 1331; x_wconf 81' lang='lat' dir='ltr'><strong>scribit</strong></span> <span class='ocrx_word' id='word_1_102' title='bbox 2155 1274 2216 1331; x_wconf 91' lang='lat' dir='ltr'><strong>in</strong></span> <span class='ocrx_word' id='word_1_103' title='bbox 2257 1274 2377 1330; x_wconf 85' lang='lat' dir='ltr'><strong>haec</strong></span> <span class='ocrx_word' id='word_1_104' title='bbox 2434 1274 2603 1330; x_wconf 71' lang='lat' dir='ltr'><strong>verba</strong></span> <span class='ocrx_word' id='word_1_105' title='bbox 2637 1290 2650 1329; x_wconf 90' lang='lat'><strong>:</strong></span> <span class='ocrx_word' id='word_1_106' title='bbox 2684 1294 2713 1321; x_wconf 86' lang='grc'><strong>‹‹</strong></span> <span class='ocrx_word' id='word_1_107' title='bbox 2771 1271 3152 1342; x_wconf 85' lang='lat' dir='ltr'><strong>Menologium</strong></span> <span class='ocrx_word' id='word_1_108' title='bbox 3187 1272 3293 1329; x_wconf 91' lang='lat' dir='ltr'><strong>hoc</strong></span> <span class='ocrx_word' id='word_1_109' title='bbox 3324 1288 3464 1327; x_wconf 86' lang='lat' dir='ltr'><strong>auro</strong></span> <span class='ocrx_word' id='word_1_110' title='bbox 3500 1288 3660 1343; x_wconf 82' lang='lat' dir='ltr'><strong>gem-</strong></span> 
     </span>
    </p>
   </div>
   <div class='ocr_carea' id='block_1_11' title="bbox 263 1358 3664 1434">
    <p class='ocr_par' dir='ltr' id='par_1_11' title="bbox 263 1358 3664 1434">
     <span class='ocr_line' id='line_1_11' title="bbox 263 1358 3664 1434; baseline 0.001 -21"><span class='ocrx_word' id='word_1_111' title='bbox 263 1358 469 1428; x_wconf 87' lang='lat' dir='ltr'><strong>misque</strong></span> <span class='ocrx_word' id='word_1_112' title='bbox 498 1358 835 1429; x_wconf 89' lang='lat' dir='ltr'><strong>pretiosius,</strong></span> <span class='ocrx_word' id='word_1_113' title='bbox 866 1360 1357 1430; x_wconf 88' lang='lat' dir='ltr'><strong>Constantin0poli</strong></span> <span class='ocrx_word' id='word_1_114' title='bbox 1389 1363 1456 1417; x_wconf 90' lang='lat' dir='ltr'><strong>ad</strong></span> <span class='ocrx_word' id='word_1_115' title='bbox 1492 1362 1845 1419; x_wconf 86' lang='lat' dir='ltr'><strong>Ludovicum</strong></span> <span class='ocrx_word' id='word_1_116' title='bbox 1883 1363 2150 1420; x_wconf 84' lang='lat' dir='ltr'><strong>Sfortiam</strong></span> <span class='ocrx_word' id='word_1_117' title='bbox 2200 1363 2331 1419; x_wconf 89' lang='lat' dir='ltr'><strong>sati</strong></span> <span class='ocrx_word' id='word_1_118' title='bbox 2387 1362 2658 1419; x_wconf 71' lang='lat' dir='ltr'><strong>munifice</strong></span> <span class='ocrx_word' id='word_1_119' title='bbox 2702 1362 3019 1418; x_wconf 87' lang='lat' dir='ltr'><strong>advectum.</strong></span> <span class='ocrx_word' id='word_1_120' title='bbox 3056 1385 3084 1413; x_wconf 93' lang='grc'><strong>››</strong></span> <span class='ocrx_word' id='word_1_121' title='bbox 3126 1361 3340 1419; x_wconf 73' lang='lat' dir='ltr'><strong>Caetera</strong></span> <span class='ocrx_word' id='word_1_122' title='bbox 3382 1366 3443 1417; x_wconf 85' lang='lat' dir='ltr'><strong>ut</strong></span> <span class='ocrx_word' id='word_1_123' title='bbox 3494 1379 3664 1434; x_wconf 81' lang='lat' dir='ltr'><strong>supra</strong></span> 
     </span>
    </p>
   </div>
   <div class='ocr_carea' id='block_1_12' title="bbox 261 1446 1772 1523">
    <p class='ocr_par' dir='ltr' id='par_1_12' title="bbox 261 1446 1772 1523">
     <span class='ocr_line' id='line_1_12' title="bbox 261 1446 1772 1523; baseline 0.005 -23"><span class='ocrx_word' id='word_1_124' title='bbox 261 1446 403 1518; x_wconf 79' lang='lat' dir='ltr'><strong>apud</strong></span> <span class='ocrx_word' id='word_1_125' title='bbox 426 1448 697 1504; x_wconf 77' lang='lat' dir='ltr'><strong>Attalium</strong></span> <span class='ocrx_word' id='word_1_126' title='bbox 718 1465 893 1521; x_wconf 82' lang='lat' dir='ltr'><strong>usque</strong></span> <span class='ocrx_word' id='word_1_127' title='bbox 920 1448 992 1504; x_wconf 87' lang='lat' dir='ltr'><strong>ad</strong></span> <span class='ocrx_word' id='word_1_128' title='bbox 1023 1449 1208 1506; x_wconf 79' lang='lat' dir='ltr'><strong>ﬁnem.</strong></span> <span class='ocrx_word' id='word_1_129' title='bbox 1242 1450 1432 1523; x_wconf 86' lang='lat' dir='ltr'><strong>Pergit</strong></span> <span class='ocrx_word' id='word_1_130' title='bbox 1467 1452 1727 1521; x_wconf 83' lang='lat' dir='ltr'><strong>Ughellus</strong></span> <span class='ocrx_word' id='word_1_131' title='bbox 1758 1468 1772 1507; x_wconf 90' lang='lat'><strong>:</strong></span> 
     </span>
    </p>
   </div>
   <div class='ocr_carea' id='block_1_13' title="bbox 323 1538 3663 1614">
    <p class='ocr_par' dir='ltr' id='par_1_13' title="bbox 323 1538 3663 1614">
     <span class='ocr_line' id='line_1_13' title="bbox 323 1538 3663 1614; baseline 0.002 -24"><span class='ocrx_word' id='word_1_132' title='bbox 323 1541 454 1594; x_wconf 79' lang='lat' dir='ltr'><strong>Haec</strong></span> <span class='ocrx_word' id='word_1_133' title='bbox 484 1538 622 1594; x_wconf 86' lang='lat' dir='ltr'><strong>Leo.</strong></span> <span class='ocrx_word' id='word_1_134' title='bbox 654 1538 761 1594; x_wconf 91' lang='lat' dir='ltr'><strong>Sed</strong></span> <span class='ocrx_word' id='word_1_135' title='bbox 796 1540 945 1610; x_wconf 88' lang='lat' dir='ltr'><strong>quod</strong></span> <span class='ocrx_word' id='word_1_136' title='bbox 981 1539 1165 1609; x_wconf 73' lang='lat' dir='ltr'><strong>magis</strong></span> <span class='ocrx_word' id='word_1_137' title='bbox 1186 1540 1368 1609; x_wconf 78' lang='lat' dir='ltr'><strong>arguit</strong></span> <span class='ocrx_word' id='word_1_138' title='bbox 1392 1540 1780 1613; x_wconf 82' lang='lat' dir='ltr'><strong>Menologium</strong></span> <span class='ocrx_word' id='word_1_139' title='bbox 1818 1541 1928 1599; x_wconf 91' lang='lat' dir='ltr'><strong>hoc</strong></span> <span class='ocrx_word' id='word_1_140' title='bbox 1958 1544 2239 1614; x_wconf 89' lang='lat' dir='ltr'><strong>scriptum</strong></span> <span class='ocrx_word' id='word_1_141' title='bbox 2267 1542 2443 1599; x_wconf 87' lang='lat' dir='ltr'><strong>fuisse</strong></span> <span class='ocrx_word' id='word_1_142' title='bbox 2473 1542 2669 1598; x_wconf 89' lang='lat' dir='ltr'><strong>Basilii</strong></span> <span class='ocrx_word' id='word_1_143' title='bbox 2716 1542 2974 1598; x_wconf 86' lang='lat' dir='ltr'><strong>Junioris</strong></span> <span class='ocrx_word' id='word_1_144' title='bbox 3016 1543 3202 1613; x_wconf 80' lang='lat' dir='ltr'><strong>jussu,</strong></span> <span class='ocrx_word' id='word_1_145' title='bbox 3235 1550 3336 1609; x_wconf 87' lang='lat' dir='ltr'><strong>est,</strong></span> <span class='ocrx_word' id='word_1_146' title='bbox 3399 1541 3550 1613; x_wconf 91' lang='lat' dir='ltr'><strong>quod</strong></span> <span class='ocrx_word' id='word_1_147' title='bbox 3602 1543 3663 1597; x_wconf 90' lang='lat' dir='ltr'><strong>in</strong></span> 
     </span>
    </p>
   </div>
   <div class='ocr_carea' id='block_1_14' title="bbox 259 1626 3656 1704">
    <p class='ocr_par' dir='ltr' id='par_1_14' title="bbox 259 1626 3656 1704">
     <span class='ocr_line' id='line_1_14' title="bbox 259 1626 3656 1704; baseline 0.002 -24"><span class='ocrx_word' id='word_1_148' title='bbox 259 1641 327 1681; x_wconf 88' lang='lat' dir='ltr'><strong>eo</strong></span> <span class='ocrx_word' id='word_1_149' title='bbox 360 1626 421 1680; x_wconf 77' lang='lat' dir='ltr'><strong>ﬁt</strong></span> <span class='ocrx_word' id='word_1_150' title='bbox 448 1630 666 1684; x_wconf 87' lang='lat' dir='ltr'><strong>mentio</strong></span> <span class='ocrx_word' id='word_1_151' title='bbox 691 1628 761 1683; x_wconf 88' lang='lat' dir='ltr'><strong>ad</strong></span> <span class='ocrx_word' id='word_1_152' title='bbox 796 1630 857 1683; x_wconf 90' lang='grc'><strong>17</strong></span> <span class='ocrx_word' id='word_1_153' title='bbox 890 1628 1130 1683; x_wconf 79' lang='lat' dir='ltr'><strong>Kalend.</strong></span> <span class='ocrx_word' id='word_1_154' title='bbox 1163 1629 1417 1685; x_wconf 82' lang='lat' dir='ltr'><strong>Januarii</strong></span> <span class='ocrx_word' id='word_1_155' title='bbox 1464 1637 1675 1688; x_wconf 65' lang='lat' dir='ltr'><strong>sanctas</strong></span> <span class='ocrx_word' id='word_1_156' title='bbox 1722 1631 2190 1703; x_wconf 87' lang='lat' dir='ltr'><strong>Theophanonis,</strong></span> <span class='ocrx_word' id='word_1_157' title='bbox 2254 1632 2447 1688; x_wconf 86' lang='lat' dir='ltr'><strong>uxoris</strong></span> <span class='ocrx_word' id='word_1_158' title='bbox 2507 1632 2705 1704; x_wconf 81' lang='lat' dir='ltr'><strong>primze</strong></span> <span class='ocrx_word' id='word_1_159' title='bbox 2758 1632 2959 1688; x_wconf 83' lang='lat' dir='ltr'><strong>Leonis</strong></span> <span class='ocrx_word' id='word_1_160' title='bbox 3007 1633 3381 1702; x_wconf 84' lang='lat' dir='ltr'><strong>imperatoris,</strong></span> <span class='ocrx_word' id='word_1_161' title='bbox 3441 1630 3656 1688; x_wconf 83' lang='lat' dir='ltr'><strong>Basillii</strong></span> 
     </span>
    </p>
   </div>
   <div class='ocr_carea' id='block_1_15' title="bbox 269 1714 3664 1792">
    <p class='ocr_par' dir='ltr' id='par_1_15' title="bbox 269 1714 3664 1792">
     <span class='ocr_line' id='line_1_15' title="bbox 269 1714 3664 1792; baseline 0.002 -23"><span class='ocrx_word' id='word_1_162' title='bbox 269 1714 598 1771; x_wconf 82' lang='lat' dir='ltr'><strong>Macedonis</strong></span> <span class='ocrx_word' id='word_1_163' title='bbox 628 1716 745 1785; x_wconf 76' lang='lat' dir='ltr'><strong>lilii,</strong></span> <span class='ocrx_word' id='word_1_164' title='bbox 776 1717 1136 1789; x_wconf 88' lang='lat' dir='ltr'><strong>aliorumque</strong></span> <span class='ocrx_word' id='word_1_165' title='bbox 1165 1726 1521 1788; x_wconf 90' lang='lat' dir='ltr'><strong>sanctorum,</strong></span> <span class='ocrx_word' id='word_1_166' title='bbox 1545 1722 1642 1792; x_wconf 90' lang='lat' dir='ltr'><strong>qui</strong></span> <span class='ocrx_word' id='word_1_167' title='bbox 1665 1721 1831 1792; x_wconf 80' lang='lat' dir='ltr'><strong>longe</strong></span> <span class='ocrx_word' id='word_1_168' title='bbox 1858 1720 2274 1792; x_wconf 87' lang='lat' dir='ltr'><strong>postBasilium</strong></span> <span class='ocrx_word' id='word_1_169' title='bbox 2308 1723 2672 1778; x_wconf 79' lang='lat' dir='ltr'><strong>Macedonem</strong></span> <span class='ocrx_word' id='word_1_170' title='bbox 2719 1722 2996 1777; x_wconf 79' lang='lat' dir='ltr'><strong>vixerunt.</strong></span> <span class='ocrx_word' id='word_1_171' title='bbox 3052 1720 3326 1776; x_wconf 46' lang='lat' dir='ltr'><strong>Ceterum</strong></span> <span class='ocrx_word' id='word_1_172' title='bbox 3380 1735 3507 1775; x_wconf 93' lang='lat' dir='ltr'><strong>cum</strong></span> <span class='ocrx_word' id='word_1_173' title='bbox 3561 1737 3664 1790; x_wconf 87' lang='lat' dir='ltr'><strong>pe-</strong></span> 
     </span>
    </p>
   </div>
   <div class='ocr_carea' id='block_1_16' title="bbox 196 1808 3661 1883">
    <p class='ocr_par' dir='ltr' id='par_1_16' title="bbox 196 1808 3661 1883">
     <span class='ocr_line' id='line_1_16' title="bbox 196 1808 3661 1883; baseline 0.002 -24"><span class='ocrx_word' id='word_1_174' title='bbox 196 1820 199 1821; x_wconf 44' lang='grc' dir='ltr'><strong>ν</strong></span> <span class='ocrx_word' id='word_1_175' title='bbox 265 1820 368 1859; x_wconf 89' lang='lat' dir='ltr'><strong>nes</strong></span> <span class='ocrx_word' id='word_1_176' title='bbox 398 1822 485 1860; x_wconf 90' lang='lat' dir='ltr'><strong>me</strong></span> <span class='ocrx_word' id='word_1_177' title='bbox 514 1810 659 1861; x_wconf 86' lang='lat' dir='ltr'><strong>esset</strong></span> <span class='ocrx_word' id='word_1_178' title='bbox 696 1808 815 1877; x_wconf 86' lang='lat' dir='ltr'><strong>ipsa</strong></span> <span class='ocrx_word' id='word_1_179' title='bbox 846 1808 1078 1863; x_wconf 89' lang='lat' dir='ltr'><strong>Arcudii</strong></span> <span class='ocrx_word' id='word_1_180' title='bbox 1109 1808 1295 1865; x_wconf 88' lang='lat' dir='ltr'><strong>versio</strong></span> <span class='ocrx_word' id='word_1_181' title='bbox 1329 1809 1643 1880; x_wconf 75' lang='lat' dir='ltr'><strong>originalis,</strong></span> <span class='ocrx_word' id='word_1_182' title='bbox 1683 1811 1892 1882; x_wconf 79' lang='lat' dir='ltr'><strong>placuit</strong></span> <span class='ocrx_word' id='word_1_183' title='bbox 1924 1810 1984 1867; x_wconf 90' lang='lat' dir='ltr'><strong>in</strong></span> <span class='ocrx_word' id='word_1_184' title='bbox 2015 1813 2255 1883; x_wconf 77' lang='lat' dir='ltr'><strong>gratiam</strong></span> <span class='ocrx_word' id='word_1_185' title='bbox 2280 1828 2473 1869; x_wconf 90' lang='lat' dir='ltr'><strong>rerum</strong></span> <span class='ocrx_word' id='word_1_186' title='bbox 2498 1810 3011 1869; x_wconf 87' lang='lat' dir='ltr'><strong>ecclesiasticarum</strong></span> <span class='ocrx_word' id='word_1_187' title='bbox 3044 1815 3364 1867; x_wconf 91' lang='lat' dir='ltr'><strong>amatorum</strong></span> <span class='ocrx_word' id='word_1_188' title='bbox 3417 1809 3508 1867; x_wconf 87' lang='lat' dir='ltr'><strong>hic</strong></span> <span class='ocrx_word' id='word_1_189' title='bbox 3533 1827 3661 1867; x_wconf 88' lang='lat' dir='ltr'><strong>eam</strong></span> 
     </span>
    </p>
   </div>
   <div class='ocr_carea' id='block_1_17' title="bbox 258 1892 1914 1965">
    <p class='ocr_par' dir='ltr' id='par_1_17' title="bbox 258 1892 1914 1965">
     <span class='ocr_line' id='line_1_17' title="bbox 258 1892 1914 1965; baseline 0.004 -16"><span class='ocrx_word' id='word_1_190' title='bbox 258 1892 541 1962; x_wconf 79' lang='lat' dir='ltr'><strong>exhibere,</strong></span> <span class='ocrx_word' id='word_1_191' title='bbox 568 1895 649 1949; x_wconf 92' lang='lat' dir='ltr'><strong>Tu</strong></span> <span class='ocrx_word' id='word_1_192' title='bbox 683 1896 939 1960; x_wconf 89' lang='lat' dir='ltr'><strong>interim,</strong></span> <span class='ocrx_word' id='word_1_193' title='bbox 971 1896 1214 1953; x_wconf 87' lang='lat' dir='ltr'><strong>candide</strong></span> <span class='ocrx_word' id='word_1_194' title='bbox 1247 1901 1466 1965; x_wconf 85' lang='lat' dir='ltr'><strong>Lector,</strong></span> <span class='ocrx_word' id='word_1_195' title='bbox 1503 1903 1659 1956; x_wconf 88' lang='lat' dir='ltr'><strong>utere</strong></span> <span class='ocrx_word' id='word_1_196' title='bbox 1688 1907 1742 1955; x_wconf 86' lang='lat' dir='ltr'><strong>et</strong></span> <span class='ocrx_word' id='word_1_197' title='bbox 1770 1899 1914 1956; x_wconf 82' lang='lat' dir='ltr'><strong>vale.</strong></span> 
     </span>
    </p>
   </div>
   <div class='ocr_carea' id='block_1_18' title="bbox 979 1986 2915 2061">
    <p class='ocr_par' dir='ltr' id='par_1_18' title="bbox 979 1986 2915 2061">
     <span class='ocr_line' id='line_1_18' title="bbox 979 1986 2915 2061; baseline 0.003 -21"><span class='ocrx_word' id='word_1_198' title='bbox 979 1986 1346 2042; x_wconf 80' lang='lat' dir='ltr'><strong>Bollandiani</strong></span> <span class='ocrx_word' id='word_1_199' title='bbox 1370 1989 1506 2043; x_wconf 84' lang='lat' dir='ltr'><strong>socii</strong></span> <span class='ocrx_word' id='word_1_200' title='bbox 1527 1989 1586 2044; x_wconf 79' lang='lat' dir='ltr'><strong>in</strong></span> <span class='ocrx_word' id='word_1_201' title='bbox 1610 1992 1765 2045; x_wconf 84' lang='lat' dir='ltr'><strong>Actis</strong></span> <span class='ocrx_word' id='word_1_202' title='bbox 1796 1997 2121 2046; x_wconf 84' lang='lat' dir='ltr'><strong>sanctorum</strong></span> <span class='ocrx_word' id='word_1_203' title='bbox 2155 1995 2289 2057; x_wconf 88' lang='lat' dir='ltr'><strong>tom,</strong></span> <span class='ocrx_word' id='word_1_204' title='bbox 2326 1993 2347 2045; x_wconf 92' lang='grc' dir='ltr'>Ι</span> <span class='ocrx_word' id='word_1_205' title='bbox 2377 1990 2585 2059; x_wconf 81' lang='lat' dir='ltr'><strong>Martii,</strong></span> <span class='ocrx_word' id='word_1_206' title='bbox 2618 2005 2745 2061; x_wconf 86' lang='lat' dir='ltr'><strong>pag.</strong></span> <span class='ocrx_word' id='word_1_207' title='bbox 2789 1990 2915 2045; x_wconf 76' lang='lat' dir='ltr'><strong>86L</strong></span> 
     </span>
    </p>
   </div>
   <div class='ocr_carea' id='block_1_19' title="bbox 320 2073 3651 2149">
    <p class='ocr_par' dir='ltr' id='par_1_19' title="bbox 320 2073 3651 2149">
     <span class='ocr_line' id='line_1_19' title="bbox 320 2073 3651 2149; baseline 0.001 -20"><span class='ocrx_word' id='word_1_208' title='bbox 320 2073 538 2145; x_wconf 85' lang='lat' dir='ltr'><strong>Integre</strong></span> <span class='ocrx_word' id='word_1_209' title='bbox 571 2074 784 2130; x_wconf 89' lang='lat' dir='ltr'><strong>habere</strong></span> <span class='ocrx_word' id='word_1_210' title='bbox 832 2076 1155 2131; x_wconf 82' lang='lat' dir='ltr'><strong>curavimus</strong></span> <span class='ocrx_word' id='word_1_211' title='bbox 1185 2077 1543 2146; x_wconf 71' lang='lat' dir='ltr'><strong>praeclariora</strong></span> <span class='ocrx_word' id='word_1_212' title='bbox 1589 2078 1700 2133; x_wconf 91' lang='lat' dir='ltr'><strong>duo</strong></span> <span class='ocrx_word' id='word_1_213' title='bbox 1751 2078 2110 2148; x_wconf 82' lang='lat' dir='ltr'><strong>Menologia;</strong></span> <span class='ocrx_word' id='word_1_214' title='bbox 2162 2094 2405 2149; x_wconf 87' lang='lat' dir='ltr'><strong>quorum</strong></span> <span class='ocrx_word' id='word_1_215' title='bbox 2460 2092 2638 2133; x_wconf 90' lang='lat' dir='ltr'><strong>unum</strong></span> <span class='ocrx_word' id='word_1_216' title='bbox 2686 2094 2754 2133; x_wconf 84' lang='lat' dir='ltr'><strong>ex</strong></span> <span class='ocrx_word' id='word_1_217' title='bbox 2810 2077 3049 2147; x_wconf 79' lang='lat' dir='ltr'><strong>collegio</strong></span> <span class='ocrx_word' id='word_1_218' title='bbox 3105 2077 3393 2133; x_wconf 84' lang='lat' dir='ltr'><strong>societatis</strong></span> <span class='ocrx_word' id='word_1_219' title='bbox 3444 2086 3651 2133; x_wconf 72' lang='lat' dir='ltr'><strong>nostra:</strong></span> 
     </span>
    </p>
   </div>
   <div class='ocr_carea' id='block_1_20' title="bbox 252 2166 3656 2241">
    <p class='ocr_par' dir='ltr' id='par_1_20' title="bbox 252 2166 3656 2241">
     <span class='ocr_line' id='line_1_20' title="bbox 252 2166 3656 2241; baseline 0.001 -22"><span class='ocrx_word' id='word_1_220' title='bbox 252 2168 690 2222; x_wconf 88' lang='lat' dir='ltr'><strong>Claromontano</strong></span> <span class='ocrx_word' id='word_1_221' title='bbox 738 2166 971 2222; x_wconf 88' lang='lat' dir='ltr'><strong>Parisiis</strong></span> <span class='ocrx_word' id='word_1_222' title='bbox 1018 2167 1348 2238; x_wconf 88' lang='lat' dir='ltr'><strong>accepimus</strong></span> <span class='ocrx_word' id='word_1_223' title='bbox 1398 2172 1595 2225; x_wconf 89' lang='lat' dir='ltr'><strong>mutuo</strong></span> <span class='ocrx_word' id='word_1_224' title='bbox 1627 2187 1640 2237; x_wconf 89' lang='lat'><strong>;</strong></span> <span class='ocrx_word' id='word_1_225' title='bbox 1672 2169 1912 2226; x_wconf 89' lang='lat' dir='ltr'><strong>alterum</strong></span> <span class='ocrx_word' id='word_1_226' title='bbox 1945 2168 2150 2241; x_wconf 89' lang='lat' dir='ltr'><strong>partim</strong></span> <span class='ocrx_word' id='word_1_227' title='bbox 2191 2185 2261 2224; x_wconf 85' lang='lat' dir='ltr'><strong>ex</strong></span> <span class='ocrx_word' id='word_1_228' title='bbox 2293 2185 2432 2225; x_wconf 89' lang='lat' dir='ltr'><strong>mss.</strong></span> <span class='ocrx_word' id='word_1_229' title='bbox 2467 2168 2796 2225; x_wconf 88' lang='lat' dir='ltr'><strong>monasterii</strong></span> <span class='ocrx_word' id='word_1_230' title='bbox 2845 2171 3061 2238; x_wconf 63' lang='lat' dir='ltr'><strong>Crypta</strong></span> <span class='ocrx_word' id='word_1_231' title='bbox 3102 2171 3343 2222; x_wconf 70' lang='lat' dir='ltr'><strong>Ferratee</strong></span> <span class='ocrx_word' id='word_1_232' title='bbox 3376 2168 3433 2222; x_wconf 92' lang='lat' dir='ltr'><strong>in</strong></span> <span class='ocrx_word' id='word_1_233' title='bbox 3460 2168 3656 2235; x_wconf 84' lang='lat' dir='ltr'><strong>Latio;</strong></span> 
     </span>
    </p>
   </div>
   <div class='ocr_carea' id='block_1_21' title="bbox 251 2255 3660 2330">
    <p class='ocr_par' dir='ltr' id='par_1_21' title="bbox 251 2255 3660 2330">
     <span class='ocr_line' id='line_1_21' title="bbox 251 2255 3660 2330; baseline 0 -20"><span class='ocrx_word' id='word_1_234' title='bbox 251 2255 459 2326; x_wconf 85' lang='lat' dir='ltr'><strong>partim</strong></span> <span class='ocrx_word' id='word_1_235' title='bbox 488 2272 556 2311; x_wconf 77' lang='lat' dir='ltr'><strong>ex</strong></span> <span class='ocrx_word' id='word_1_236' title='bbox 600 2256 967 2313; x_wconf 65' lang='lat' dir='ltr'><strong>Bibliotheca</strong></span> <span class='ocrx_word' id='word_1_237' title='bbox 1015 2256 1306 2313; x_wconf 86' lang='lat' dir='ltr'><strong>Vaticanae</strong></span> <span class='ocrx_word' id='word_1_238' title='bbox 1334 2259 1529 2314; x_wconf 90' lang='lat' dir='ltr'><strong>codice</strong></span> <span class='ocrx_word' id='word_1_239' title='bbox 1581 2258 1885 2315; x_wconf 88' lang='lat' dir='ltr'><strong>transcribi</strong></span> <span class='ocrx_word' id='word_1_240' title='bbox 1909 2260 2208 2330; x_wconf 89' lang='lat' dir='ltr'><strong>jussimus.</strong></span> <span class='ocrx_word' id='word_1_241' title='bbox 2267 2260 2448 2329; x_wconf 88' lang='lat' dir='ltr'><strong>Atque</strong></span> <span class='ocrx_word' id='word_1_242' title='bbox 2509 2259 2614 2315; x_wconf 89' lang='lat' dir='ltr'><strong>hoc</strong></span> <span class='ocrx_word' id='word_1_243' title='bbox 2649 2265 2994 2330; x_wconf 88' lang='lat' dir='ltr'><strong>postremum</strong></span> <span class='ocrx_word' id='word_1_244' title='bbox 3027 2256 3167 2313; x_wconf 92' lang='lat' dir='ltr'><strong>illud</strong></span> <span class='ocrx_word' id='word_1_245' title='bbox 3196 2264 3299 2328; x_wconf 87' lang='lat' dir='ltr'><strong>est,</strong></span> <span class='ocrx_word' id='word_1_246' title='bbox 3333 2257 3493 2326; x_wconf 89' lang='lat' dir='ltr'><strong>cujus</strong></span> <span class='ocrx_word' id='word_1_247' title='bbox 3538 2257 3660 2325; x_wconf 90' lang='lat' dir='ltr'><strong>pri-</strong></span> 
     </span>
    </p>
   </div>
   <div class='ocr_carea' id='block_1_22' title="bbox 264 2361 3656 2437">
    <p class='ocr_par' dir='ltr' id='par_1_22' title="bbox 264 2361 3656 2437">
     <span class='ocr_line' id='line_1_22' title="bbox 264 2361 3656 2437; baseline -0 -20"><span class='ocrx_word' id='word_1_248' title='bbox 264 2378 415 2417; x_wconf 85' lang='lat' dir='ltr'><strong>mam</strong></span> <span class='ocrx_word' id='word_1_249' title='bbox 465 2370 680 2433; x_wconf 87' lang='lat' dir='ltr'><strong>partem</strong></span> <span class='ocrx_word' id='word_1_250' title='bbox 737 2363 1158 2433; x_wconf 81' lang='lat' dir='ltr'><strong>elegantissime</strong></span> <span class='ocrx_word' id='word_1_251' title='bbox 1214 2364 1559 2437; x_wconf 88' lang='lat' dir='ltr'><strong>descriptam</strong></span> <span class='ocrx_word' id='word_1_252' title='bbox 1615 2383 1648 2421; x_wconf 91' lang='lat' dir='ltr'><strong>a</strong></span> <span class='ocrx_word' id='word_1_253' title='bbox 1696 2367 1876 2423; x_wconf 83' lang='lat' dir='ltr'><strong>Paulo</strong></span> <span class='ocrx_word' id='word_1_254' title='bbox 1925 2367 1984 2423; x_wconf 91' lang='lat' dir='ltr'><strong>S.</strong></span> <span class='ocrx_word' id='word_1_255' title='bbox 2036 2366 2271 2422; x_wconf 67' lang='lat' dir='ltr'><strong>Caecilia:</strong></span> <span class='ocrx_word' id='word_1_256' title='bbox 2320 2366 2601 2423; x_wconf 89' lang='lat' dir='ltr'><strong>cardinali</strong></span> <span class='ocrx_word' id='word_1_257' title='bbox 2668 2366 2994 2430; x_wconf 83' lang='lat' dir='ltr'><strong>Sfondrato,</strong></span> <span class='ocrx_word' id='word_1_258' title='bbox 3049 2364 3230 2421; x_wconf 88' lang='lat' dir='ltr'><strong>Paulo</strong></span> <span class='ocrx_word' id='word_1_259' title='bbox 3280 2364 3342 2432; x_wconf 90' lang='lat' dir='ltr'><strong>V,</strong></span> <span class='ocrx_word' id='word_1_260' title='bbox 3398 2361 3656 2434; x_wconf 87' lang='lat' dir='ltr'><strong>pontiﬁci</strong></span> 
     </span>
    </p>
   </div>
   <div class='ocr_carea' id='block_1_23' title="bbox 265 2453 3656 2523">
    <p class='ocr_par' dir='ltr' id='par_1_23' title="bbox 265 2453 3656 2523">
     <span class='ocr_line' id='line_1_23' title="bbox 265 2453 3656 2523; baseline 0.001 -16"><span class='ocrx_word' id='word_1_261' title='bbox 265 2453 527 2519; x_wconf 80' lang='lat' dir='ltr'><strong>maximo,</strong></span> <span class='ocrx_word' id='word_1_262' title='bbox 551 2453 698 2509; x_wconf 89' lang='lat' dir='ltr'><strong>dono</strong></span> <span class='ocrx_word' id='word_1_263' title='bbox 725 2454 942 2523; x_wconf 88' lang='lat' dir='ltr'><strong>datum,</strong></span> <span class='ocrx_word' id='word_1_264' title='bbox 977 2462 1029 2510; x_wconf 88' lang='lat' dir='ltr'><strong>et</strong></span> <span class='ocrx_word' id='word_1_265' title='bbox 1061 2470 1113 2509; x_wconf 18' lang='lat' dir='ltr'><strong>at</strong></span> <span class='ocrx_word' id='word_1_266' title='bbox 1140 2453 1303 2511; x_wconf 89' lang='lat' dir='ltr'><strong>Petro</strong></span> <span class='ocrx_word' id='word_1_267' title='bbox 1352 2456 1603 2512; x_wconf 82' lang='lat' dir='ltr'><strong>Arcadio</strong></span> <span class='ocrx_word' id='word_1_268' title='bbox 1664 2456 1859 2512; x_wconf 90' lang='lat' dir='ltr'><strong>Latine</strong></span> <span class='ocrx_word' id='word_1_269' title='bbox 1908 2457 2414 2523; x_wconf 75' lang='lat' dir='ltr'><strong>redditum,ltaliae</strong></span> <span class='ocrx_word' id='word_1_270' title='bbox 2444 2473 2614 2512; x_wconf 80' lang='lat' dir='ltr'><strong>sacra:</strong></span> <span class='ocrx_word' id='word_1_271' title='bbox 2641 2464 2773 2517; x_wconf 90' lang='lat' dir='ltr'><strong>tom,</strong></span> <span class='ocrx_word' id='word_1_272' title='bbox 2806 2455 2904 2523; x_wconf 91' lang='lat' dir='ltr'><strong>lV,</strong></span> <span class='ocrx_word' id='word_1_273' title='bbox 2938 2455 3225 2512; x_wconf 79' lang='lat' dir='ltr'><strong>subtexuit</strong></span> <span class='ocrx_word' id='word_1_274' title='bbox 3259 2453 3656 2510; x_wconf 89' lang='lat' dir='ltr'><strong>Ferdiuaudus</strong></span> 
     </span>
    </p>
   </div>
   <div class='ocr_carea' id='block_1_24' title="bbox 260 2542 3654 2617">
    <p class='ocr_par' dir='ltr' id='par_1_24' title="bbox 260 2542 3654 2617">
     <span class='ocr_line' id='line_1_24' title="bbox 260 2542 3654 2617; baseline 0 -19"><span class='ocrx_word' id='word_1_275' title='bbox 260 2542 559 2609; x_wconf 80' lang='lat' dir='ltr'><strong>Ughetlus:</strong></span> <span class='ocrx_word' id='word_1_276' title='bbox 611 2550 842 2613; x_wconf 86' lang='lat' dir='ltr'><strong>questus</strong></span> <span class='ocrx_word' id='word_1_277' title='bbox 889 2543 1130 2599; x_wconf 87' lang='lat' dir='ltr'><strong>alteram</strong></span> <span class='ocrx_word' id='word_1_278' title='bbox 1181 2544 1356 2600; x_wconf 88' lang='lat' dir='ltr'><strong>latere</strong></span> <span class='ocrx_word' id='word_1_279' title='bbox 1412 2545 1691 2601; x_wconf 89' lang='lat' dir='ltr'><strong>incertum</strong></span> <span class='ocrx_word' id='word_1_280' title='bbox 1746 2544 2096 2617; x_wconf 88' lang='lat' dir='ltr'><strong>quibusnam</strong></span> <span class='ocrx_word' id='word_1_281' title='bbox 2146 2546 2205 2601; x_wconf 89' lang='lat' dir='ltr'><strong>in</strong></span> <span class='ocrx_word' id='word_1_282' title='bbox 2256 2547 2464 2615; x_wconf 81' lang='lat' dir='ltr'><strong>caveis,</strong></span> <span class='ocrx_word' id='word_1_283' title='bbox 2517 2553 2613 2601; x_wconf 91' lang='lat' dir='ltr'><strong>aut</strong></span> <span class='ocrx_word' id='word_1_284' title='bbox 2654 2546 2946 2602; x_wconf 92' lang='lat' dir='ltr'><strong>communi</strong></span> <span class='ocrx_word' id='word_1_285' title='bbox 2997 2546 3137 2601; x_wconf 84' lang='lat' dir='ltr'><strong>forte</strong></span> <span class='ocrx_word' id='word_1_286' title='bbox 3168 2544 3447 2600; x_wconf 87' lang='lat' dir='ltr'><strong>librorum</strong></span> <span class='ocrx_word' id='word_1_287' title='bbox 3480 2551 3654 2610; x_wconf 85' lang='lat' dir='ltr'><strong>sorte,</strong></span> 
     </span>
    </p>
   </div>
   <div class='ocr_carea' id='block_1_25' title="bbox 249 2631 3657 2706">
    <p class='ocr_par' dir='ltr' id='par_1_25' title="bbox 249 2631 3657 2706">
     <span class='ocr_line' id='line_1_25' title="bbox 249 2631 3657 2706; baseline 0.001 -21"><span class='ocrx_word' id='word_1_288' title='bbox 249 2632 373 2701; x_wconf 88' lang='lat' dir='ltr'><strong>igne</strong></span> <span class='ocrx_word' id='word_1_289' title='bbox 403 2638 497 2686; x_wconf 86' lang='lat' dir='ltr'><strong>aut</strong></span> <span class='ocrx_word' id='word_1_290' title='bbox 557 2631 729 2702; x_wconf 85' lang='lat' dir='ltr'><strong>ferro,</strong></span> <span class='ocrx_word' id='word_1_291' title='bbox 779 2632 861 2687; x_wconf 89' lang='lat' dir='ltr'><strong>vel</strong></span> <span class='ocrx_word' id='word_1_292' title='bbox 925 2632 1240 2703; x_wconf 90' lang='lat' dir='ltr'><strong>impiorum</strong></span> <span class='ocrx_word' id='word_1_293' title='bbox 1312 2640 1408 2688; x_wconf 90' lang='lat' dir='ltr'><strong>aut</strong></span> <span class='ocrx_word' id='word_1_294' title='bbox 1483 2635 1793 2690; x_wconf 87' lang='lat' dir='ltr'><strong>otiosorum</strong></span> <span class='ocrx_word' id='word_1_295' title='bbox 1853 2635 2173 2706; x_wconf 90' lang='lat' dir='ltr'><strong>hominum,</strong></span> <span class='ocrx_word' id='word_1_296' title='bbox 2238 2635 2323 2691; x_wconf 90' lang='lat' dir='ltr'><strong>vel</strong></span> <span class='ocrx_word' id='word_1_297' title='bbox 2380 2636 2794 2692; x_wconf 85' lang='lat' dir='ltr'><strong>elementorum</strong></span> <span class='ocrx_word' id='word_1_298' title='bbox 2860 2635 3067 2706; x_wconf 88' lang='lat' dir='ltr'><strong>injuria</strong></span> <span class='ocrx_word' id='word_1_299' title='bbox 3126 2635 3352 2690; x_wconf 83' lang='lat' dir='ltr'><strong>destise.</strong></span> <span class='ocrx_word' id='word_1_300' title='bbox 3448 2636 3657 2688; x_wconf 80' lang='lat' dir='ltr'><strong>Verum</strong></span> 
     </span>
    </p>
   </div>
   <div class='ocr_carea' id='block_1_26' title="bbox 251 2720 3651 2797">
    <p class='ocr_par' dir='ltr' id='par_1_26' title="bbox 251 2720 3651 2797">
     <span class='ocr_line' id='line_1_26' title="bbox 251 2720 3651 2797; baseline -0 -21"><span class='ocrx_word' id='word_1_301' title='bbox 251 2737 362 2777; x_wconf 91' lang='lat' dir='ltr'><strong>non</strong></span> <span class='ocrx_word' id='word_1_302' title='bbox 396 2722 721 2777; x_wconf 83' lang='lat' dir='ltr'><strong>latitantem</strong></span> <span class='ocrx_word' id='word_1_303' title='bbox 750 2720 809 2777; x_wconf 90' lang='lat' dir='ltr'><strong>in</strong></span> <span class='ocrx_word' id='word_1_304' title='bbox 837 2723 1057 2790; x_wconf 87' lang='lat' dir='ltr'><strong>caveis;</strong></span> <span class='ocrx_word' id='word_1_305' title='bbox 1116 2723 1213 2778; x_wconf 88' lang='lat' dir='ltr'><strong>sed</strong></span> <span class='ocrx_word' id='word_1_306' title='bbox 1245 2723 1315 2778; x_wconf 90' lang='lat' dir='ltr'><strong>ad</strong></span> <span class='ocrx_word' id='word_1_307' title='bbox 1348 2723 1524 2779; x_wconf 89' lang='lat' dir='ltr'><strong>divini</strong></span> <span class='ocrx_word' id='word_1_308' title='bbox 1556 2724 1729 2780; x_wconf 79' lang='lat' dir='ltr'><strong>ofﬁcii</strong></span> <span class='ocrx_word' id='word_1_309' title='bbox 1780 2740 1948 2780; x_wconf 88' lang='lat' dir='ltr'><strong>usum</strong></span> <span class='ocrx_word' id='word_1_310' title='bbox 1994 2732 2069 2780; x_wconf 90' lang='lat' dir='ltr'><strong>tot</strong></span> <span class='ocrx_word' id='word_1_311' title='bbox 2126 2733 2262 2797; x_wconf 90' lang='lat' dir='ltr'><strong>quot</strong></span> <span class='ocrx_word' id='word_1_312' title='bbox 2300 2726 2425 2796; x_wconf 91' lang='lat' dir='ltr'><strong>ipsa</strong></span> <span class='ocrx_word' id='word_1_313' title='bbox 2458 2725 2855 2796; x_wconf 88' lang='lat' dir='ltr'><strong>complectitur</strong></span> <span class='ocrx_word' id='word_1_314' title='bbox 2913 2723 3209 2780; x_wconf 88' lang='lat' dir='ltr'><strong>mensibus</strong></span> <span class='ocrx_word' id='word_1_315' title='bbox 3246 2741 3277 2778; x_wconf 89' lang='lat' dir='ltr'><strong>a</strong></span> <span class='ocrx_word' id='word_1_316' title='bbox 3320 2723 3522 2778; x_wconf 78' lang='lat' dir='ltr'><strong>Martio</strong></span> <span class='ocrx_word' id='word_1_317' title='bbox 3583 2721 3651 2777; x_wconf 88' lang='lat' dir='ltr'><strong>ad.</strong></span> 
     </span>
    </p>
   </div>
   <div class='ocr_carea' id='block_1_27' title="bbox 248 2811 3652 2883">
    <p class='ocr_par' dir='ltr' id='par_1_27' title="bbox 248 2811 3652 2883">
     <span class='ocr_line' id='line_1_27' title="bbox 248 2811 3652 2883; baseline 0 -17"><span class='ocrx_word' id='word_1_318' title='bbox 248 2811 590 2880; x_wconf 83' lang='lat' dir='ltr'><strong>Septembris</strong></span> <span class='ocrx_word' id='word_1_319' title='bbox 614 2812 845 2866; x_wconf 87' lang='lat' dir='ltr'><strong>initium</strong></span> <span class='ocrx_word' id='word_1_320' title='bbox 867 2812 1228 2880; x_wconf 88' lang='lat' dir='ltr'><strong>servientem,</strong></span> <span class='ocrx_word' id='word_1_321' title='bbox 1262 2812 1576 2883; x_wconf 88' lang='lat' dir='ltr'><strong>reperimus</strong></span> <span class='ocrx_word' id='word_1_322' title='bbox 1610 2813 1668 2869; x_wconf 88' lang='lat' dir='ltr'><strong>in</strong></span> <span class='ocrx_word' id='word_1_323' title='bbox 1702 2815 2116 2883; x_wconf 86' lang='lat' dir='ltr'><strong>praenominato</strong></span> <span class='ocrx_word' id='word_1_324' title='bbox 2162 2816 2579 2872; x_wconf 88' lang='lat' dir='ltr'><strong>monachorum</strong></span> <span class='ocrx_word' id='word_1_325' title='bbox 2638 2815 3060 2871; x_wconf 89' lang='lat' dir='ltr'><strong>Basilianorum</strong></span> <span class='ocrx_word' id='word_1_326' title='bbox 3118 2812 3498 2869; x_wconf 84' lang='lat' dir='ltr'><strong>monasterio:</strong></span> <span class='ocrx_word' id='word_1_327' title='bbox 3536 2827 3652 2867; x_wconf 89' lang='lat' dir='ltr'><strong>non</strong></span> 
     </span>
    </p>
   </div>
   <div class='ocr_carea' id='block_1_28' title="bbox 248 2900 3653 2977">
    <p class='ocr_par' dir='ltr' id='par_1_28' title="bbox 248 2900 3653 2977">
     <span class='ocr_line' id='line_1_28' title="bbox 248 2900 3653 2977; baseline 0 -23"><span class='ocrx_word' id='word_1_328' title='bbox 248 2900 467 2969; x_wconf 87' lang='lat' dir='ltr'><strong>quidem</strong></span> <span class='ocrx_word' id='word_1_329' title='bbox 502 2900 626 2970; x_wconf 77' lang='lat' dir='ltr'><strong>pari</strong></span> <span class='ocrx_word' id='word_1_330' title='bbox 649 2900 1042 2956; x_wconf 86' lang='lat' dir='ltr'><strong>characterum</strong></span> <span class='ocrx_word' id='word_1_331' title='bbox 1093 2902 1372 2971; x_wconf 81' lang='lat' dir='ltr'><strong>elegantia</strong></span> <span class='ocrx_word' id='word_1_332' title='bbox 1402 2910 1457 2958; x_wconf 90' lang='lat' dir='ltr'><strong>et</strong></span> <span class='ocrx_word' id='word_1_333' title='bbox 1506 2902 1851 2973; x_wconf 85' lang='lat' dir='ltr'><strong>picturarum</strong></span> <span class='ocrx_word' id='word_1_334' title='bbox 1900 2905 1970 2959; x_wconf 86' lang='lat' dir='ltr'><strong>ad</strong></span> <span class='ocrx_word' id='word_1_335' title='bbox 2028 2904 2287 2975; x_wconf 78' lang='lat' dir='ltr'><strong>singulas</strong></span> <span class='ocrx_word' id='word_1_336' title='bbox 2337 2904 2574 2977; x_wconf 83' lang='lat' dir='ltr'><strong>paginas</strong></span> <span class='ocrx_word' id='word_1_337' title='bbox 2623 2904 2843 2960; x_wconf 84' lang='lat' dir='ltr'><strong>deliciis</strong></span> <span class='ocrx_word' id='word_1_338' title='bbox 2901 2910 3235 2959; x_wconf 81' lang='lat' dir='ltr'><strong>exornatam</strong></span> <span class='ocrx_word' id='word_1_339' title='bbox 3296 2901 3544 2973; x_wconf 78' lang='lat' dir='ltr'><strong>(qualem</strong></span> <span class='ocrx_word' id='word_1_340' title='bbox 3593 2900 3653 2955; x_wconf 88' lang='lat' dir='ltr'><strong>in</strong></span> 
     </span>
    </p>
   </div>
   <div class='ocr_carea' id='block_1_29' title="bbox 245 2987 3651 3065">
    <p class='ocr_par' dir='ltr' id='par_1_29' title="bbox 245 2987 3651 3065">
     <span class='ocr_line' id='line_1_29' title="bbox 245 2987 3651 3065; baseline 0.001 -24"><span class='ocrx_word' id='word_1_341' title='bbox 245 2987 515 3045; x_wconf 78' lang='lat' dir='ltr'><strong>Vaticano</strong></span> <span class='ocrx_word' id='word_1_342' title='bbox 564 3006 715 3055; x_wconf 86' lang='lat' dir='ltr'><strong>esse,</strong></span> <span class='ocrx_word' id='word_1_343' title='bbox 748 2992 896 3045; x_wconf 89' lang='lat' dir='ltr'><strong>sicut</strong></span> <span class='ocrx_word' id='word_1_344' title='bbox 925 2989 1272 3057; x_wconf 88' lang='lat' dir='ltr'><strong>audivimus,</strong></span> <span class='ocrx_word' id='word_1_345' title='bbox 1316 2991 1695 3063; x_wconf 83' lang='lat' dir='ltr'><strong>legimusque,</strong></span> <span class='ocrx_word' id='word_1_346' title='bbox 1753 2992 1835 3049; x_wconf 88' lang='lat' dir='ltr'><strong>sic</strong></span> <span class='ocrx_word' id='word_1_347' title='bbox 1887 3000 1939 3048; x_wconf 89' lang='lat' dir='ltr'><strong>et</strong></span> <span class='ocrx_word' id='word_1_348' title='bbox 1997 2992 2289 3065; x_wconf 87' lang='lat' dir='ltr'><strong>vidimus),</strong></span> <span class='ocrx_word' id='word_1_349' title='bbox 2349 2994 2447 3050; x_wconf 91' lang='lat' dir='ltr'><strong>sed</strong></span> <span class='ocrx_word' id='word_1_350' title='bbox 2503 2993 2840 3063; x_wconf 81' lang='lat' dir='ltr'><strong>antiquitate</strong></span> <span class='ocrx_word' id='word_1_351' title='bbox 2890 2993 3000 3048; x_wconf 80' lang='lat' dir='ltr'><strong>{ide</strong></span> <span class='ocrx_word' id='word_1_352' title='bbox 3058 2990 3241 3048; x_wconf 89' lang='lat' dir='ltr'><strong>nihilo</strong></span> <span class='ocrx_word' id='word_1_353' title='bbox 3295 2991 3651 3058; x_wconf 87' lang='lat' dir='ltr'><strong>inferiorem,</strong></span> 
     </span>
    </p>
   </div>
   <div class='ocr_carea' id='block_1_30' title="bbox 247 3079 3653 3153">
    <p class='ocr_par' dir='ltr' id='par_1_30' title="bbox 247 3079 3653 3153">
     <span class='ocr_line' id='line_1_30' title="bbox 247 3079 3653 3153; baseline 0 -19"><span class='ocrx_word' id='word_1_354' title='bbox 247 3080 621 3150; x_wconf 89' lang='lat' dir='ltr'><strong>eumdemque</strong></span> <span class='ocrx_word' id='word_1_355' title='bbox 657 3079 1214 3148; x_wconf 87' lang='lat' dir='ltr'><strong>Basiliimperatoris</strong></span> <span class='ocrx_word' id='word_1_356' title='bbox 1247 3079 1480 3137; x_wconf 88' lang='lat' dir='ltr'><strong>titulum</strong></span> <span class='ocrx_word' id='word_1_357' title='bbox 1538 3082 1966 3152; x_wconf 66' lang='lat' dir='ltr'><strong>prasterentem:</strong></span> <span class='ocrx_word' id='word_1_358' title='bbox 2039 3091 2097 3138; x_wconf 93' lang='lat' dir='ltr'><strong>ut</strong></span> <span class='ocrx_word' id='word_1_359' title='bbox 2145 3083 2297 3140; x_wconf 88' lang='lat' dir='ltr'><strong>hanc</strong></span> <span class='ocrx_word' id='word_1_360' title='bbox 2341 3084 2627 3140; x_wconf 66' lang='lat' dir='ltr'><strong>Vaticana:</strong></span> <span class='ocrx_word' id='word_1_361' title='bbox 2679 3083 2838 3138; x_wconf 90' lang='lat' dir='ltr'><strong>illius</strong></span> <span class='ocrx_word' id='word_1_362' title='bbox 2888 3083 3063 3153; x_wconf 88' lang='lat' dir='ltr'><strong>partis</strong></span> <span class='ocrx_word' id='word_1_363' title='bbox 3093 3082 3287 3137; x_wconf 82' lang='lat' dir='ltr'><strong>sinon</strong></span> <span class='ocrx_word' id='word_1_364' title='bbox 3320 3094 3653 3149; x_wconf 69' lang='lat' dir='ltr'><strong>germanam</strong></span> 
     </span>
    </p>
   </div>
   <div class='ocr_carea' id='block_1_31' title="bbox 251 3166 3654 3244">
    <p class='ocr_par' dir='ltr' id='par_1_31' title="bbox 251 3166 3654 3244">
     <span class='ocr_line' id='line_1_31' title="bbox 251 3166 3654 3244; baseline -0 -21"><span class='ocrx_word' id='word_1_365' title='bbox 251 3166 505 3231; x_wconf 78' lang='lat' dir='ltr'><strong>alteram,</strong></span> <span class='ocrx_word' id='word_1_366' title='bbox 535 3169 610 3224; x_wconf 85' lang='lat' dir='ltr'><strong>ab</strong></span> <span class='ocrx_word' id='word_1_367' title='bbox 643 3169 847 3223; x_wconf 88' lang='lat' dir='ltr'><strong>eadem</strong></span> <span class='ocrx_word' id='word_1_368' title='bbox 884 3185 1059 3224; x_wconf 90' lang='lat' dir='ltr'><strong>manu</strong></span> <span class='ocrx_word' id='word_1_369' title='bbox 1090 3170 1243 3225; x_wconf 85' lang='lat' dir='ltr'><strong>velut</strong></span> <span class='ocrx_word' id='word_1_370' title='bbox 1276 3178 1435 3226; x_wconf 91' lang='lat' dir='ltr'><strong>utero</strong></span> <span class='ocrx_word' id='word_1_371' title='bbox 1459 3180 1815 3243; x_wconf 79' lang='lat' dir='ltr'><strong>prognatam,</strong></span> <span class='ocrx_word' id='word_1_372' title='bbox 1848 3178 2002 3229; x_wconf 89' lang='lat' dir='ltr'><strong>certe</strong></span> <span class='ocrx_word' id='word_1_373' title='bbox 2031 3176 2320 3244; x_wconf 83' lang='lat' dir='ltr'><strong>genuitam</strong></span> <span class='ocrx_word' id='word_1_374' title='bbox 2353 3189 2418 3229; x_wconf 84' lang='lat' dir='ltr'><strong>ex</strong></span> <span class='ocrx_word' id='word_1_375' title='bbox 2462 3180 2617 3244; x_wconf 89' lang='lat' dir='ltr'><strong>patre</strong></span> <span class='ocrx_word' id='word_1_376' title='bbox 2650 3179 2816 3244; x_wconf 86' lang='lat' dir='ltr'><strong>atque</strong></span> <span class='ocrx_word' id='word_1_377' title='bbox 2846 3180 3072 3227; x_wconf 90' lang='lat' dir='ltr'><strong>auctore</strong></span> <span class='ocrx_word' id='word_1_378' title='bbox 3124 3170 3347 3240; x_wconf 89' lang='lat' dir='ltr'><strong>eodem,</strong></span> <span class='ocrx_word' id='word_1_379' title='bbox 3398 3176 3514 3223; x_wconf 91' lang='lat' dir='ltr'><strong>tum</strong></span> <span class='ocrx_word' id='word_1_380' title='bbox 3546 3184 3654 3223; x_wconf 83' lang='lat' dir='ltr'><strong>cas-</strong></span> 
     </span>
    </p>
   </div>
   <div class='ocr_carea' id='block_1_32' title="bbox 254 3258 3660 3327">
    <p class='ocr_par' dir='ltr' id='par_1_32' title="bbox 254 3258 3660 3327">
     <span class='ocr_line' id='line_1_32' title="bbox 254 3258 3660 3327; baseline 0 -16"><span class='ocrx_word' id='word_1_381' title='bbox 254 3258 659 3327; x_wconf 87' lang='lat' dir='ltr'><strong>terisiudiciis,</strong></span> <span class='ocrx_word' id='word_1_382' title='bbox 693 3261 813 3311; x_wconf 85' lang='lat' dir='ltr'><strong>tum</strong></span> <span class='ocrx_word' id='word_1_383' title='bbox 848 3258 977 3327; x_wconf 84' lang='lat' dir='ltr'><strong>styli</strong></span> <span class='ocrx_word' id='word_1_384' title='bbox 1008 3258 1425 3327; x_wconf 83' lang='lat' dir='ltr'><strong>perfectissima</strong></span> <span class='ocrx_word' id='word_1_385' title='bbox 1473 3258 1873 3327; x_wconf 88' lang='lat' dir='ltr'><strong>similitudine,</strong></span> <span class='ocrx_word' id='word_1_386' title='bbox 1934 3261 2080 3317; x_wconf 89' lang='lat' dir='ltr'><strong>nihil</strong></span> <span class='ocrx_word' id='word_1_387' title='bbox 2138 3262 2462 3318; x_wconf 71' lang='lat' dir='ltr'><strong>haesitantes</strong></span> <span class='ocrx_word' id='word_1_388' title='bbox 2499 3262 2885 3318; x_wconf 86' lang='lat' dir='ltr'><strong>crederemus.</strong></span> <span class='ocrx_word' id='word_1_389' title='bbox 2938 3262 3018 3315; x_wconf 79' lang='lat' dir='ltr'><strong>Ex</strong></span> <span class='ocrx_word' id='word_1_390' title='bbox 3053 3260 3155 3315; x_wconf 89' lang='lat' dir='ltr'><strong>hac</strong></span> <span class='ocrx_word' id='word_1_391' title='bbox 3190 3259 3362 3327; x_wconf 81' lang='lat' dir='ltr'><strong>igitur</strong></span> <span class='ocrx_word' id='word_1_392' title='bbox 3400 3272 3660 3313; x_wconf 88' lang='lat' dir='ltr'><strong>mensem</strong></span> 
     </span>
    </p>
   </div>
   <div class='ocr_carea' id='block_1_33' title="bbox 252 3346 3662 3423">
    <p class='ocr_par' dir='ltr' id='par_1_33' title="bbox 252 3346 3662 3423">
     <span class='ocr_line' id='line_1_33' title="bbox 252 3346 3662 3423; baseline -0 -23"><span class='ocrx_word' id='word_1_393' title='bbox 252 3346 519 3418; x_wconf 89' lang='lat' dir='ltr'><strong>primum,</strong></span> <span class='ocrx_word' id='word_1_394' title='bbox 554 3346 610 3401; x_wconf 88' lang='lat' dir='ltr'><strong>id</strong></span> <span class='ocrx_word' id='word_1_395' title='bbox 645 3353 750 3415; x_wconf 89' lang='lat' dir='ltr'><strong>est,</strong></span> <span class='ocrx_word' id='word_1_396' title='bbox 787 3347 1051 3402; x_wconf 81' lang='lat' dir='ltr'><strong>Martium</strong></span> <span class='ocrx_word' id='word_1_397' title='bbox 1107 3348 1199 3404; x_wconf 89' lang='lat' dir='ltr'><strong>hic</strong></span> <span class='ocrx_word' id='word_1_398' title='bbox 1241 3349 1444 3404; x_wconf 86' lang='lat' dir='ltr'><strong>damus</strong></span> <span class='ocrx_word' id='word_1_399' title='bbox 1499 3350 1559 3405; x_wconf 92' lang='lat' dir='ltr'><strong>in</strong></span> <span class='ocrx_word' id='word_1_400' title='bbox 1615 3350 1905 3420; x_wconf 90' lang='lat' dir='ltr'><strong>specimen</strong></span> <span class='ocrx_word' id='word_1_401' title='bbox 1963 3351 2412 3423; x_wconf 79' lang='lat' dir='ltr'><strong>Menologiorum</strong></span> <span class='ocrx_word' id='word_1_402' title='bbox 2461 3359 2792 3407; x_wconf 70' lang='lat' dir='ltr'><strong>creterorum</strong></span> <span class='ocrx_word' id='word_1_403' title='bbox 2825 3352 3103 3405; x_wconf 91' lang='lat' dir='ltr'><strong>omnium.</strong></span> <span class='ocrx_word' id='word_1_404' title='bbox 3128 3350 3220 3403; x_wconf 88' lang='lat' dir='ltr'><strong>Est</strong></span> <span class='ocrx_word' id='word_1_405' title='bbox 3250 3348 3409 3403; x_wconf 91' lang='lat' dir='ltr'><strong>enim</strong></span> <span class='ocrx_word' id='word_1_406' title='bbox 3442 3347 3662 3401; x_wconf 64' lang='lat' dir='ltr'><strong>caeteris</strong></span> 
     </span>
    </p>
   </div>
   <div class='ocr_carea' id='block_1_34' title="bbox 253 3437 3656 3512">
    <p class='ocr_par' dir='ltr' id='par_1_34' title="bbox 253 3437 3656 3512">
     <span class='ocr_line' id='line_1_34' title="bbox 253 3437 3656 3512; baseline -0.001 -20"><span class='ocrx_word' id='word_1_407' title='bbox 253 3455 373 3507; x_wconf 69' lang='lat' dir='ltr'><strong>quae</strong></span> <span class='ocrx_word' id='word_1_408' title='bbox 402 3438 649 3493; x_wconf 87' lang='lat' dir='ltr'><strong>vidimus</strong></span> <span class='ocrx_word' id='word_1_409' title='bbox 680 3439 948 3493; x_wconf 90' lang='lat' dir='ltr'><strong>omnibus</strong></span> <span class='ocrx_word' id='word_1_410' title='bbox 979 3438 1255 3495; x_wconf 88' lang='lat' dir='ltr'><strong>illustrior</strong></span> <span class='ocrx_word' id='word_1_411' title='bbox 1278 3440 1399 3495; x_wconf 61' lang='lat' dir='ltr'><strong>haec</strong></span> <span class='ocrx_word' id='word_1_412' title='bbox 1437 3440 1719 3509; x_wconf 89' lang='lat' dir='ltr'><strong>collectio,</strong></span> <span class='ocrx_word' id='word_1_413' title='bbox 1753 3442 2223 3512; x_wconf 87' lang='lat' dir='ltr'><strong>auctoritatisque</strong></span> <span class='ocrx_word' id='word_1_414' title='bbox 2244 3443 2509 3512; x_wconf 89' lang='lat' dir='ltr'><strong>majoris;</strong></span> <span class='ocrx_word' id='word_1_415' title='bbox 2533 3458 2599 3497; x_wconf 91' lang='lat' dir='ltr'><strong>eo</strong></span> <span class='ocrx_word' id='word_1_416' title='bbox 2652 3442 2797 3511; x_wconf 93' lang='lat' dir='ltr'><strong>quod</strong></span> <span class='ocrx_word' id='word_1_417' title='bbox 2845 3457 2961 3495; x_wconf 91' lang='lat' dir='ltr'><strong>non</strong></span> <span class='ocrx_word' id='word_1_418' title='bbox 3003 3439 3224 3509; x_wconf 89' lang='lat' dir='ltr'><strong>privato</strong></span> <span class='ocrx_word' id='word_1_419' title='bbox 3280 3437 3522 3505; x_wconf 81' lang='lat' dir='ltr'><strong>alicujus</strong></span> <span class='ocrx_word' id='word_1_420' title='bbox 3565 3452 3656 3489; x_wconf 84' lang='lat' dir='ltr'><strong>ar-</strong></span> 
     </span>
    </p>
   </div>
   <div class='ocr_carea' id='block_1_35' title="bbox 252 3524 3653 3599">
    <p class='ocr_par' dir='ltr' id='par_1_35' title="bbox 252 3524 3653 3599">
     <span class='ocr_line' id='line_1_35' title="bbox 252 3524 3653 3599; baseline -0.001 -17"><span class='ocrx_word' id='word_1_421' title='bbox 252 3524 418 3582; x_wconf 85' lang='lat' dir='ltr'><strong>bitrio</strong></span> <span class='ocrx_word' id='word_1_422' title='bbox 448 3527 774 3598; x_wconf 86' lang='lat' dir='ltr'><strong>compilata,</strong></span> <span class='ocrx_word' id='word_1_423' title='bbox 832 3528 927 3583; x_wconf 91' lang='lat' dir='ltr'><strong>sed</strong></span> <span class='ocrx_word' id='word_1_424' title='bbox 975 3528 1033 3583; x_wconf 90' lang='lat' dir='ltr'><strong>in</strong></span> <span class='ocrx_word' id='word_1_425' title='bbox 1083 3529 1313 3599; x_wconf 90' lang='lat' dir='ltr'><strong>publico</strong></span> <span class='ocrx_word' id='word_1_426' title='bbox 1364 3530 1745 3587; x_wconf 85' lang='lat' dir='ltr'><strong>Ecclesiarum</strong></span> <span class='ocrx_word' id='word_1_427' title='bbox 1786 3531 2543 3599; x_wconf 81' lang='lat' dir='ltr'><strong>Constantinopolitanarum</strong></span> <span class='ocrx_word' id='word_1_428' title='bbox 2607 3546 2711 3585; x_wconf 89' lang='lat' dir='ltr'><strong>usu</strong></span> <span class='ocrx_word' id='word_1_429' title='bbox 2755 3530 2929 3584; x_wconf 81' lang='lat' dir='ltr'><strong>fuisse</strong></span> <span class='ocrx_word' id='word_1_430' title='bbox 2980 3528 3281 3582; x_wconf 88' lang='lat' dir='ltr'><strong>videatur:</strong></span> <span class='ocrx_word' id='word_1_431' title='bbox 3316 3541 3446 3582; x_wconf 92' lang='lat' dir='ltr'><strong>cum</strong></span> <span class='ocrx_word' id='word_1_432' title='bbox 3492 3526 3653 3594; x_wconf 88' lang='lat' dir='ltr'><strong>jussu</strong></span> 
     </span>
    </p>
   </div>
   <div class='ocr_carea' id='block_1_36' title="bbox 258 3615 3657 3688">
    <p class='ocr_par' dir='ltr' id='par_1_36' title="bbox 258 3615 3657 3688">
     <span class='ocr_line' id='line_1_36' title="bbox 258 3615 3657 3688; baseline -0 -19"><span class='ocrx_word' id='word_1_433' title='bbox 258 3615 453 3670; x_wconf 85' lang='lat' dir='ltr'><strong>Basilii</strong></span> <span class='ocrx_word' id='word_1_434' title='bbox 482 3616 838 3685; x_wconf 88' lang='lat' dir='ltr'><strong>imperatoris</strong></span> <span class='ocrx_word' id='word_1_435' title='bbox 860 3617 1341 3688; x_wconf 79' lang='lat' dir='ltr'><strong>Porphyrogeniti</strong></span> <span class='ocrx_word' id='word_1_436' title='bbox 1393 3627 1527 3675; x_wconf 90' lang='lat' dir='ltr'><strong>ante</strong></span> <span class='ocrx_word' id='word_1_437' title='bbox 1580 3636 1794 3675; x_wconf 90' lang='lat' dir='ltr'><strong>annum</strong></span> <span class='ocrx_word' id='word_1_438' title='bbox 1842 3619 2045 3675; x_wconf 89' lang='lat' dir='ltr'><strong>salutis</strong></span> <span class='ocrx_word' id='word_1_439' title='bbox 2094 3620 2222 3688; x_wconf 86' lang='grc'><strong>984,</strong></span> <span class='ocrx_word' id='word_1_440' title='bbox 2263 3635 2387 3676; x_wconf 90' lang='lat' dir='ltr'><strong>esse</strong></span> <span class='ocrx_word' id='word_1_441' title='bbox 2438 3625 2663 3675; x_wconf 82' lang='lat' dir='ltr'><strong>exarata</strong></span> <span class='ocrx_word' id='word_1_442' title='bbox 2702 3625 3096 3688; x_wconf 67' lang='lat' dir='ltr'><strong>cognoscatur.</strong></span> <span class='ocrx_word' id='word_1_443' title='bbox 3132 3618 3213 3672; x_wconf 84' lang='lat' dir='ltr'><strong>An</strong></span> <span class='ocrx_word' id='word_1_444' title='bbox 3245 3615 3432 3687; x_wconf 85' lang='lat' dir='ltr'><strong>prima</strong></span> <span class='ocrx_word' id='word_1_445' title='bbox 3461 3616 3517 3670; x_wconf 90' lang='lat' dir='ltr'><strong>in</strong></span> <span class='ocrx_word' id='word_1_446' title='bbox 3550 3615 3657 3669; x_wconf 91' lang='lat' dir='ltr'><strong>hoc</strong></span> 
     </span>
    </p>
   </div>
   <div class='ocr_carea' id='block_1_37' title="bbox 272 3703 3655 3782">
    <p class='ocr_par' dir='ltr' id='par_1_37' title="bbox 272 3703 3655 3782">
     <span class='ocr_line' id='line_1_37' title="bbox 272 3703 3655 3782; baseline 0 -26"><span class='ocrx_word' id='word_1_447' title='bbox 272 3704 520 3772; x_wconf 72' lang='lat' dir='ltr'><strong>genere?</strong></span> <span class='ocrx_word' id='word_1_448' title='bbox 540 3721 647 3760; x_wconf 89' lang='lat' dir='ltr'><strong>non</strong></span> <span class='ocrx_word' id='word_1_449' title='bbox 690 3706 963 3762; x_wconf 89' lang='lat' dir='ltr'><strong>audemus</strong></span> <span class='ocrx_word' id='word_1_450' title='bbox 999 3708 1310 3764; x_wconf 83' lang='lat' dir='ltr'><strong>divinando</strong></span> <span class='ocrx_word' id='word_1_451' title='bbox 1353 3724 1604 3765; x_wconf 89' lang='lat' dir='ltr'><strong>asserere</strong></span> <span class='ocrx_word' id='word_1_452' title='bbox 1656 3727 1675 3764; x_wconf 89' lang='lat'><strong><em>:</em></strong></span> <span class='ocrx_word' id='word_1_453' title='bbox 1735 3711 1949 3764; x_wconf 88' lang='lat' dir='ltr'><strong>nedum</strong></span> <span class='ocrx_word' id='word_1_454' title='bbox 1994 3710 2257 3782; x_wconf 84' lang='lat' dir='ltr'><strong>delinire,</strong></span> <span class='ocrx_word' id='word_1_455' title='bbox 2304 3714 2516 3781; x_wconf 90' lang='lat' dir='ltr'><strong>quanto</strong></span> <span class='ocrx_word' id='word_1_456' title='bbox 2540 3710 2610 3765; x_wconf 91' lang='lat' dir='ltr'><strong>sit</strong></span> <span class='ocrx_word' id='word_1_457' title='bbox 2649 3707 3097 3779; x_wconf 78' lang='lat' dir='ltr'><strong>Mcnologiorum</strong></span> <span class='ocrx_word' id='word_1_458' title='bbox 3134 3722 3266 3761; x_wconf 90' lang='lat' dir='ltr'><strong>usus</strong></span> <span class='ocrx_word' id='word_1_459' title='bbox 3299 3705 3359 3761; x_wconf 91' lang='lat' dir='ltr'><strong>in</strong></span> <span class='ocrx_word' id='word_1_460' title='bbox 3400 3703 3655 3760; x_wconf 85' lang='lat' dir='ltr'><strong>Ecclesia</strong></span> 
     </span>
    </p>
   </div>
   <div class='ocr_carea' id='block_1_38' title="bbox 278 3794 1614 3867">
    <p class='ocr_par' dir='ltr' id='par_1_38' title="bbox 278 3794 1614 3867">
     <span class='ocr_line' id='line_1_38' title="bbox 278 3794 1614 3867; baseline 0.007 -23"><span class='ocrx_word' id='word_1_461' title='bbox 278 3795 477 3846; x_wconf 81' lang='lat' dir='ltr'><strong>Graeca</strong></span> <span class='ocrx_word' id='word_1_462' title='bbox 504 3794 699 3848; x_wconf 66' lang='lat' dir='ltr'><strong>seculo</strong></span> <span class='ocrx_word' id='word_1_463' title='bbox 726 3796 835 3864; x_wconf 86' lang='lat' dir='ltr'><strong>jam</strong></span> <span class='ocrx_word' id='word_1_464' title='bbox 865 3795 1163 3852; x_wconf 88' lang='lat' dir='ltr'><strong>nominato</strong></span> <span class='ocrx_word' id='word_1_465' title='bbox 1192 3797 1469 3867; x_wconf 86' lang='lat' dir='ltr'><strong>anterior,</strong></span> <span class='ocrx_word' id='word_1_466' title='bbox 1503 3806 1614 3853; x_wconf 90' lang='lat' dir='ltr'><strong>etc.</strong></span> 
     </span>
    </p>
   </div>
   <div class='ocr_carea' id='block_1_39' title="bbox 335 3882 3657 3959">
    <p class='ocr_par' dir='ltr' id='par_1_39' title="bbox 335 3882 3657 3959">
     <span class='ocr_line' id='line_1_39' title="bbox 335 3882 3657 3959; baseline 0 -23"><span class='ocrx_word' id='word_1_467' title='bbox 335 3882 701 3951; x_wconf 75' lang='lat' dir='ltr'><strong>Synaxarium</strong></span> <span class='ocrx_word' id='word_1_468' title='bbox 727 3900 787 3941; x_wconf 82' lang='lat' dir='ltr'><strong>ex</strong></span> <span class='ocrx_word' id='word_1_469' title='bbox 814 3885 1138 3955; x_wconf 81' lang='lat' dir='ltr'><strong>Menologio</strong></span> <span class='ocrx_word' id='word_1_470' title='bbox 1161 3887 1326 3955; x_wconf 89' lang='lat' dir='ltr'><strong>jussu</strong></span> <span class='ocrx_word' id='word_1_471' title='bbox 1359 3887 1555 3943; x_wconf 89' lang='lat' dir='ltr'><strong>Basilii</strong></span> <span class='ocrx_word' id='word_1_472' title='bbox 1582 3888 1942 3957; x_wconf 88' lang='lat' dir='ltr'><strong>imperatoris</strong></span> <span class='ocrx_word' id='word_1_473' title='bbox 1990 3889 2254 3959; x_wconf 90' lang='lat' dir='ltr'><strong>collecto,</strong></span> <span class='ocrx_word' id='word_1_474' title='bbox 2295 3888 2461 3959; x_wconf 90' lang='lat' dir='ltr'><strong>cujus</strong></span> <span class='ocrx_word' id='word_1_475' title='bbox 2511 3905 2604 3946; x_wconf 78' lang='lat' dir='ltr'><strong>sex</strong></span> <span class='ocrx_word' id='word_1_476' title='bbox 2640 3887 2911 3959; x_wconf 83' lang='lat' dir='ltr'><strong>postremi</strong></span> <span class='ocrx_word' id='word_1_477' title='bbox 2971 3902 3199 3943; x_wconf 84' lang='lat' dir='ltr'><strong>menses</strong></span> <span class='ocrx_word' id='word_1_478' title='bbox 3257 3891 3482 3942; x_wconf 85' lang='lat' dir='ltr'><strong>exstant</strong></span> <span class='ocrx_word' id='word_1_479' title='bbox 3534 3899 3657 3937; x_wconf 89' lang='lat' dir='ltr'><strong>ma-</strong></span> 
     </span>
    </p>
   </div>
   <div class='ocr_carea' id='block_1_40' title="bbox 257 3970 1946 4042">
    <p class='ocr_par' dir='ltr' id='par_1_40' title="bbox 257 3970 1946 4042">
     <span class='ocr_line' id='line_1_40' title="bbox 257 3970 1946 4042; baseline 0.003 -17"><span class='ocrx_word' id='word_1_480' title='bbox 257 3970 541 4042; x_wconf 82' lang='lat' dir='ltr'><strong>nuscripti</strong></span> <span class='ocrx_word' id='word_1_481' title='bbox 569 3970 625 4025; x_wconf 89' lang='lat' dir='ltr'><strong>in</strong></span> <span class='ocrx_word' id='word_1_482' title='bbox 659 3974 997 4028; x_wconf 85' lang='lat' dir='ltr'><strong>monasterio</strong></span> <span class='ocrx_word' id='word_1_483' title='bbox 1030 3972 1249 4042; x_wconf 74' lang='lat' dir='ltr'><strong>Cryptas</strong></span> <span class='ocrx_word' id='word_1_484' title='bbox 1273 3974 1508 4029; x_wconf 86' lang='lat' dir='ltr'><strong>Ferratas</strong></span> <span class='ocrx_word' id='word_1_485' title='bbox 1540 3976 1602 4030; x_wconf 89' lang='lat' dir='ltr'><strong>in</strong></span> <span class='ocrx_word' id='word_1_486' title='bbox 1628 3974 1811 4040; x_wconf 91' lang='lat' dir='ltr'><strong>Latio,</strong></span> <span class='ocrx_word' id='word_1_487' title='bbox 1842 3982 1946 4032; x_wconf 89' lang='lat' dir='ltr'><strong>etc.</strong></span> 
     </span>
    </p>
   </div>
   <div class='ocr_carea' id='block_1_41' title="bbox 250 4057 3656 4124">
    <p class='ocr_par' dir='ltr' id='par_1_41' title="bbox 250 4057 3656 4124">
     <span class='ocr_line' id='line_1_41' title="bbox 250 4057 3656 4124; baseline 0 -19"><span class='ocrx_word' id='word_1_488' title='bbox 250 4058 469 4108; x_wconf 79' lang='lat' dir='ltr'><strong>Joannes</strong></span> <span class='ocrx_word' id='word_1_489' title='bbox 527 4057 847 4122; x_wconf 82' lang='lat' dir='ltr'><strong>Ciampinus,</strong></span> <span class='ocrx_word' id='word_1_490' title='bbox 902 4061 956 4109; x_wconf 80' lang='lat' dir='ltr'><strong>in</strong></span> <span class='ocrx_word' id='word_1_491' title='bbox 1011 4059 1149 4109; x_wconf 82' lang='lat' dir='ltr'><strong>libro</strong></span> <span class='ocrx_word' id='word_1_492' title='bbox 1203 4062 1290 4110; x_wconf 84' lang='lat' dir='ltr'><strong>cui</strong></span> <span class='ocrx_word' id='word_1_493' title='bbox 1350 4061 1561 4123; x_wconf 81' lang='lat' dir='ltr'><strong>titulus,</strong></span> <span class='ocrx_word' id='word_1_494' title='bbox 1594 4062 1637 4111; x_wconf 93' lang='lat' dir='ltr'><strong>Il</strong></span> <span class='ocrx_word' id='word_1_495' title='bbox 1698 4062 1963 4113; x_wconf 88' lang='lat' dir='ltr'><strong>Giornale</strong></span> <span class='ocrx_word' id='word_1_496' title='bbox 2034 4065 2115 4114; x_wconf 88' lang='lat' dir='ltr'><strong>de’</strong></span> <span class='ocrx_word' id='word_1_497' title='bbox 2141 4065 2413 4123; x_wconf 81' lang='lat' dir='ltr'><strong>Letterati,</strong></span> <span class='ocrx_word' id='word_1_498' title='bbox 2446 4064 2613 4113; x_wconf 79' lang='lat' dir='ltr'><strong>editio</strong></span> <span class='ocrx_word' id='word_1_499' title='bbox 2647 4065 2809 4112; x_wconf 61' lang='lat' dir='ltr'><strong>Roma</strong></span> <span class='ocrx_word' id='word_1_500' title='bbox 2839 4076 2973 4111; x_wconf 85' lang='lat' dir='ltr'><strong>anno</strong></span> <span class='ocrx_word' id='word_1_501' title='bbox 3011 4062 3147 4123; x_wconf 70' lang='lat'><strong>1676,</strong></span> <span class='ocrx_word' id='word_1_502' title='bbox 3187 4062 3241 4110; x_wconf 81' lang='lat' dir='ltr'><strong>in</strong></span> <span class='ocrx_word' id='word_1_503' title='bbox 3269 4060 3437 4124; x_wconf 81' lang='lat' dir='ltr'><strong>primo</strong></span> <span class='ocrx_word' id='word_1_504' title='bbox 3469 4058 3656 4107; x_wconf 81' lang='lat' dir='ltr'><strong>Diario</strong></span> 
     </span>
    </p>
   </div>
   <div class='ocr_carea' id='block_1_42' title="bbox 308 4129 3639 4197">
    <p class='ocr_par' dir='ltr' id='par_1_42' title="bbox 308 4129 3639 4197">
     <span class='ocr_line' id='line_1_42' title="bbox 308 4129 3639 4197; baseline -0 -18"><span class='ocrx_word' id='word_1_505' title='bbox 308 4131 499 4180; x_wconf 75' lang='lat' dir='ltr'><strong>mensis</strong></span> <span class='ocrx_word' id='word_1_506' title='bbox 564 4131 763 4194; x_wconf 74' lang='lat' dir='ltr'><strong>Aprilis</strong></span> <span class='ocrx_word' id='word_1_507' title='bbox 820 4133 1048 4195; x_wconf 78' lang='lat' dir='ltr'><strong>ejusdem</strong></span> <span class='ocrx_word' id='word_1_508' title='bbox 1104 4132 1254 4193; x_wconf 78' lang='lat' dir='ltr'><strong>anni,</strong></span> <span class='ocrx_word' id='word_1_509' title='bbox 1310 4148 1426 4183; x_wconf 84' lang='lat' dir='ltr'><strong>cum</strong></span> <span class='ocrx_word' id='word_1_510' title='bbox 1487 4134 1615 4183; x_wconf 75' lang='lat' dir='ltr'><strong>Acta</strong></span> <span class='ocrx_word' id='word_1_511' title='bbox 1665 4138 1957 4185; x_wconf 79' lang='lat' dir='ltr'><strong>sanctorum</strong></span> <span class='ocrx_word' id='word_1_512' title='bbox 2008 4136 2207 4197; x_wconf 79' lang='lat' dir='ltr'><strong>Aprilis</strong></span> <span class='ocrx_word' id='word_1_513' title='bbox 2260 4136 2475 4185; x_wconf 85' lang='lat' dir='ltr'><strong>collecta</strong></span> <span class='ocrx_word' id='word_1_514' title='bbox 2505 4139 2555 4184; x_wconf 81' lang='lat' dir='ltr'><strong>et</strong></span> <span class='ocrx_word' id='word_1_515' title='bbox 2610 4135 2883 4184; x_wconf 82' lang='lat' dir='ltr'><strong>itlustrala</strong></span> <span class='ocrx_word' id='word_1_516' title='bbox 2911 4148 2942 4181; x_wconf 89' lang='lat' dir='ltr'><strong>a</strong></span> <span class='ocrx_word' id='word_1_517' title='bbox 2976 4133 3262 4194; x_wconf 61' lang='lat' dir='ltr'><strong>Galle/fido</strong></span> <span class='ocrx_word' id='word_1_518' title='bbox 3306 4129 3639 4186; x_wconf 64' lang='lat' dir='ltr'><strong>Hense/lenio,</strong></span> 
     </span>
    </p>
   </div>
   <div class='ocr_carea' id='block_1_43' title="bbox 300 4200 3027 4270">
    <p class='ocr_par' dir='ltr' id='par_1_43' title="bbox 300 4200 3027 4270">
     <span class='ocr_line' id='line_1_43' title="bbox 300 4200 3027 4270; baseline 0.001 -19"><span class='ocrx_word' id='word_1_519' title='bbox 300 4206 349 4251; x_wconf 83' lang='lat' dir='ltr'><strong>et</strong></span> <span class='ocrx_word' id='word_1_520' title='bbox 378 4200 600 4252; x_wconf 80' lang='lat' dir='ltr'><strong>Daniele</strong></span> <span class='ocrx_word' id='word_1_521' title='bbox 630 4202 975 4267; x_wconf 76' lang='lat' dir='ltr'><strong>Papebrochio</strong></span> <span class='ocrx_word' id='word_1_522' title='bbox 1005 4204 1119 4253; x_wconf 85' lang='lat' dir='ltr'><strong>Sac.</strong></span> <span class='ocrx_word' id='word_1_523' title='bbox 1148 4204 1265 4253; x_wconf 78' lang='lat' dir='ltr'><strong>Jesu</strong></span> <span class='ocrx_word' id='word_1_524' title='bbox 1294 4204 1564 4265; x_wconf 81' lang='lat' dir='ltr'><strong>retulisset,</strong></span> <span class='ocrx_word' id='word_1_525' title='bbox 1597 4206 1660 4254; x_wconf 86' lang='lat' dir='ltr'><strong>de</strong></span> <span class='ocrx_word' id='word_1_526' title='bbox 1692 4207 1985 4256; x_wconf 69' lang='lat' dir='ltr'><strong>Graecorum</strong></span> <span class='ocrx_word' id='word_1_527' title='bbox 2020 4207 2312 4270; x_wconf 76' lang='lat' dir='ltr'><strong>Menologio</strong></span> <span class='ocrx_word' id='word_1_528' title='bbox 2343 4207 2451 4256; x_wconf 76' lang='lat' dir='ltr'><strong>haec</strong></span> <span class='ocrx_word' id='word_1_529' title='bbox 2477 4207 2752 4269; x_wconf 75' lang='lat' dir='ltr'><strong>subiungit</strong></span> <span class='ocrx_word' id='word_1_530' title='bbox 2778 4221 2896 4269; x_wconf 86' lang='lat' dir='ltr'><strong>pag.</strong></span> <span class='ocrx_word' id='word_1_531' title='bbox 2934 4205 2974 4252; x_wconf 92' lang='lat'><em>8</em></span> <span class='ocrx_word' id='word_1_532' title='bbox 3007 4219 3027 4253; x_wconf 71' lang='lat'><strong>.-</strong></span> 
     </span>
    </p>
   </div>
   <div class='ocr_carea' id='block_1_44' title="bbox 314 4284 3644 4359">
    <p class='ocr_par' dir='ltr' id='par_1_44' title="bbox 314 4284 3644 4359">
     <span class='ocr_line' id='line_1_44' title="bbox 314 4284 3644 4359; baseline -0.002 -21"><span class='ocrx_word' id='word_1_533' title='bbox 314 4284 397 4338; x_wconf 80' lang='lat' dir='ltr'><strong>Ma</strong></span> <span class='ocrx_word' id='word_1_534' title='bbox 420 4292 781 4355; x_wconf 89' lang='lat' dir='ltr'><strong>sopratutto,</strong></span> <span class='ocrx_word' id='word_1_535' title='bbox 812 4302 845 4339; x_wconf 87' lang='lat' dir='ltr'><strong>a</strong></span> <span class='ocrx_word' id='word_1_536' title='bbox 874 4292 1068 4355; x_wconf 85' lang='lat' dir='ltr'><strong>questo</strong></span> <span class='ocrx_word' id='word_1_537' title='bbox 1100 4287 1388 4357; x_wconf 90' lang='lat' dir='ltr'><strong>proposito</strong></span> <span class='ocrx_word' id='word_1_538' title='bbox 1420 4303 1537 4342; x_wconf 89' lang='lat' dir='ltr'><strong>non</strong></span> <span class='ocrx_word' id='word_1_539' title='bbox 1590 4304 1620 4342; x_wconf 91' lang='lat' dir='ltr'><strong>e</strong></span> <span class='ocrx_word' id='word_1_540' title='bbox 1678 4288 1750 4343; x_wconf 90' lang='lat' dir='ltr'><strong>da</strong></span> <span class='ocrx_word' id='word_1_541' title='bbox 1792 4288 2001 4344; x_wconf 86' lang='lat' dir='ltr'><strong>tacerci</strong></span> <span class='ocrx_word' id='word_1_542' title='bbox 2041 4304 2201 4343; x_wconf 89' lang='lat' dir='ltr'><strong>come</strong></span> <span class='ocrx_word' id='word_1_543' title='bbox 2258 4288 2321 4343; x_wconf 88' lang='lat' dir='ltr'><strong>in</strong></span> <span class='ocrx_word' id='word_1_544' title='bbox 2380 4289 2561 4359; x_wconf 88' lang='lat' dir='ltr'><strong>quest’</strong></span> <span class='ocrx_word' id='word_1_545' title='bbox 2618 4303 2790 4357; x_wconf 83' lang='lat' dir='ltr'><strong>Opera</strong></span> <span class='ocrx_word' id='word_1_546' title='bbox 2840 4288 2886 4340; x_wconf 89' lang='lat' dir='ltr'><strong>si</strong></span> <span class='ocrx_word' id='word_1_547' title='bbox 2919 4290 3188 4355; x_wconf 86' lang='lat' dir='ltr'><strong>rapporta</strong></span> <span class='ocrx_word' id='word_1_548' title='bbox 3213 4300 3313 4353; x_wconf 80' lang='lat' dir='ltr'><strong>per</strong></span> <span class='ocrx_word' id='word_1_549' title='bbox 3362 4285 3644 4336; x_wconf 79' lang='lat' dir='ltr'><strong>extensum</strong></span> 
     </span>
    </p>
   </div>
   <div class='ocr_carea' id='block_1_45' title="bbox 246 4369 3642 4447">
    <p class='ocr_par' dir='ltr' id='par_1_45' title="bbox 246 4369 3642 4447">
     <span class='ocr_line' id='line_1_45' title="bbox 246 4369 3642 4447; baseline -0.001 -20"><span class='ocrx_word' id='word_1_550' title='bbox 246 4371 575 4443; x_wconf 82' lang='lat' dir='ltr'><strong>l&#39;originale</strong></span> <span class='ocrx_word' id='word_1_551' title='bbox 604 4372 783 4428; x_wconf 86' lang='lat' dir='ltr'><strong>Greco</strong></span> <span class='ocrx_word' id='word_1_552' title='bbox 825 4373 919 4429; x_wconf 88' lang='lat' dir='ltr'><strong>del</strong></span> <span class='ocrx_word' id='word_1_553' title='bbox 952 4388 1104 4429; x_wconf 89' lang='lat' dir='ltr'><strong>mese</strong></span> <span class='ocrx_word' id='word_1_554' title='bbox 1133 4374 1189 4428; x_wconf 91' lang='lat' dir='ltr'><strong>di</strong></span> <span class='ocrx_word' id='word_1_555' title='bbox 1215 4374 1405 4446; x_wconf 86' lang='lat' dir='ltr'><strong>Aprile</strong></span> <span class='ocrx_word' id='word_1_556' title='bbox 1432 4374 1487 4429; x_wconf 91' lang='lat' dir='ltr'><strong>di</strong></span> <span class='ocrx_word' id='word_1_557' title='bbox 1514 4390 1589 4431; x_wconf 93' lang='lat' dir='ltr'><strong>un</strong></span> <span class='ocrx_word' id='word_1_558' title='bbox 1619 4375 2021 4433; x_wconf 85' lang='lat' dir='ltr'><strong>autichissimo</strong></span> <span class='ocrx_word' id='word_1_559' title='bbox 2050 4377 2367 4447; x_wconf 84' lang='lat' dir='ltr'><strong>Menologio</strong></span> <span class='ocrx_word' id='word_1_560' title='bbox 2399 4385 2616 4433; x_wconf 89' lang='lat' dir='ltr'><strong>trovato</strong></span> <span class='ocrx_word' id='word_1_561' title='bbox 2640 4377 2732 4431; x_wconf 89' lang='lat' dir='ltr'><strong>nel</strong></span> <span class='ocrx_word' id='word_1_562' title='bbox 2762 4375 3103 4430; x_wconf 80' lang='lat' dir='ltr'><strong>monasterio</strong></span> <span class='ocrx_word' id='word_1_563' title='bbox 3136 4372 3194 4425; x_wconf 89' lang='lat' dir='ltr'><strong>di</strong></span> <span class='ocrx_word' id='word_1_564' title='bbox 3252 4370 3450 4425; x_wconf 89' lang='lat' dir='ltr'><strong>Grotta</strong></span> <span class='ocrx_word' id='word_1_565' title='bbox 3514 4369 3642 4423; x_wconf 77' lang='lat' dir='ltr'><strong>Fer-</strong></span> 
     </span>
    </p>
   </div>
   <div class='ocr_carea' id='block_1_46' title="bbox 239 4460 3659 4533">
    <p class='ocr_par' dir='ltr' id='par_1_46' title="bbox 239 4460 3659 4533">
     <span class='ocr_line' id='line_1_46' title="bbox 239 4460 3659 4533; baseline -0.001 -17"><span class='ocrx_word' id='word_1_566' title='bbox 239 4469 369 4517; x_wconf 86' lang='lat' dir='ltr'><strong>rata.</strong></span> <span class='ocrx_word' id='word_1_567' title='bbox 404 4462 693 4518; x_wconf 89' lang='lat' dir='ltr'><strong>Contienc</strong></span> <span class='ocrx_word' id='word_1_568' title='bbox 715 4466 921 4532; x_wconf 88' lang='lat' dir='ltr'><strong>questo</strong></span> <span class='ocrx_word' id='word_1_569' title='bbox 951 4462 968 4517; x_wconf 90' lang='lat' dir='ltr'><strong>i</strong></span> <span class='ocrx_word' id='word_1_570' title='bbox 999 4462 1162 4519; x_wconf 90' lang='lat' dir='ltr'><strong>Santi</strong></span> <span class='ocrx_word' id='word_1_571' title='bbox 1182 4463 1239 4518; x_wconf 90' lang='lat' dir='ltr'><strong>di</strong></span> <span class='ocrx_word' id='word_1_572' title='bbox 1271 4463 1381 4520; x_wconf 86' lang='lat' dir='ltr'><strong>soli</strong></span> <span class='ocrx_word' id='word_1_573' title='bbox 1402 4464 1483 4519; x_wconf 88' lang='lat' dir='ltr'><strong>sei</strong></span> <span class='ocrx_word' id='word_1_574' title='bbox 1517 4465 1686 4533; x_wconf 86' lang='lat' dir='ltr'><strong>mesi,</strong></span> <span class='ocrx_word' id='word_1_575' title='bbox 1708 4466 2114 4523; x_wconf 89' lang='lat' dir='ltr'><strong>cominciando</strong></span> <span class='ocrx_word' id='word_1_576' title='bbox 2135 4468 2209 4522; x_wconf 90' lang='lat' dir='ltr'><strong>da</strong></span> <span class='ocrx_word' id='word_1_577' title='bbox 2240 4471 2424 4522; x_wconf 85' lang='lat' dir='ltr'><strong>Marzo</strong></span> <span class='ocrx_word' id='word_1_578' title='bbox 2455 4467 2572 4521; x_wconf 86' lang='lat' dir='ltr'><strong>ﬁno</strong></span> <span class='ocrx_word' id='word_1_579' title='bbox 2605 4483 2638 4520; x_wconf 88' lang='lat' dir='ltr'><strong>a</strong></span> <span class='ocrx_word' id='word_1_580' title='bbox 2669 4472 2808 4519; x_wconf 92' lang='lat' dir='ltr'><strong>tutto</strong></span> <span class='ocrx_word' id='word_1_581' title='bbox 2838 4469 3044 4532; x_wconf 82' lang='lat' dir='ltr'><strong>Agosto</strong></span> <span class='ocrx_word' id='word_1_582' title='bbox 3082 4478 3097 4531; x_wconf 89' lang='lat'><strong>;</strong></span> <span class='ocrx_word' id='word_1_583' title='bbox 3132 4475 3221 4513; x_wconf 89' lang='lat' dir='ltr'><strong>ma</strong></span> <span class='ocrx_word' id='word_1_584' title='bbox 3259 4460 3311 4514; x_wconf 90' lang='lat' dir='ltr'><strong>Ia</strong></span> <span class='ocrx_word' id='word_1_585' title='bbox 3344 4473 3659 4514; x_wconf 87' lang='lat' dir='ltr'><strong>mancanza</strong></span> 
     </span>
    </p>
   </div>
   <div class='ocr_carea' id='block_1_47' title="bbox 238 4552 3651 4627">
    <p class='ocr_par' dir='ltr' id='par_1_47' title="bbox 238 4552 3651 4627">
     <span class='ocr_line' id='line_1_47' title="bbox 238 4552 3651 4627; baseline -0.001 -20"><span class='ocrx_word' id='word_1_586' title='bbox 238 4552 379 4624; x_wconf 77' lang='lat' dir='ltr'><strong>delg&#39;</strong></span> <span class='ocrx_word' id='word_1_587' title='bbox 408 4552 559 4608; x_wconf 81' lang='lat' dir='ltr'><strong>altri</strong></span> <span class='ocrx_word' id='word_1_588' title='bbox 591 4553 671 4607; x_wconf 90' lang='lat' dir='ltr'><strong>sci</strong></span> <span class='ocrx_word' id='word_1_589' title='bbox 706 4568 824 4609; x_wconf 91' lang='lat' dir='ltr'><strong>non</strong></span> <span class='ocrx_word' id='word_1_590' title='bbox 857 4552 1050 4622; x_wconf 80' lang='lat' dir='ltr'><strong>toglie,</strong></span> <span class='ocrx_word' id='word_1_591' title='bbox 1081 4552 1210 4608; x_wconf 83' lang='lat' dir='ltr'><strong>anzi</strong></span> <span class='ocrx_word' id='word_1_592' title='bbox 1232 4569 1491 4611; x_wconf 86' lang='lat' dir='ltr'><strong>accresce</strong></span> <span class='ocrx_word' id='word_1_593' title='bbox 1520 4554 1561 4609; x_wconf 93' lang='lat' dir='ltr'><strong>il</strong></span> <span class='ocrx_word' id='word_1_594' title='bbox 1595 4556 1821 4627; x_wconf 80' lang='lat' dir='ltr'><strong>preggio</strong></span> <span class='ocrx_word' id='word_1_595' title='bbox 1877 4554 1967 4612; x_wconf 88' lang='lat' dir='ltr'><strong>del</strong></span> <span class='ocrx_word' id='word_1_596' title='bbox 2010 4572 2141 4625; x_wconf 90' lang='lat' dir='ltr'><strong>ms.,</strong></span> <span class='ocrx_word' id='word_1_597' title='bbox 2181 4555 2383 4625; x_wconf 90' lang='lat' dir='ltr'><strong>poiche</strong></span> <span class='ocrx_word' id='word_1_598' title='bbox 2441 4556 2597 4611; x_wconf 87' lang='lat' dir='ltr'><strong>uella</strong></span> <span class='ocrx_word' id='word_1_599' title='bbox 2638 4552 2913 4607; x_wconf 89' lang='lat' dir='ltr'><strong>Vaticana</strong></span> <span class='ocrx_word' id='word_1_600' title='bbox 2944 4552 2992 4606; x_wconf 89' lang='lat' dir='ltr'><strong>si</strong></span> <span class='ocrx_word' id='word_1_601' title='bbox 3030 4564 3385 4606; x_wconf 88' lang='lat' dir='ltr'><strong>couservano</strong></span> <span class='ocrx_word' id='word_1_602' title='bbox 3412 4565 3445 4603; x_wconf 90' lang='lat' dir='ltr'><strong>a</strong></span> <span class='ocrx_word' id='word_1_603' title='bbox 3474 4556 3651 4618; x_wconf 92' lang='lat' dir='ltr'><strong>punto</strong></span> 
     </span>
    </p>
   </div>
   <div class='ocr_carea' id='block_1_48' title="bbox 237 4636 3654 4713">
    <p class='ocr_par' dir='ltr' id='par_1_48' title="bbox 237 4636 3654 4713">
     <span class='ocr_line' id='line_1_48' title="bbox 237 4636 3654 4713; baseline -0.001 -17"><span class='ocrx_word' id='word_1_604' title='bbox 237 4642 414 4713; x_wconf 79' lang='lat' dir='ltr'><strong>qucgl’</strong></span> <span class='ocrx_word' id='word_1_605' title='bbox 441 4640 589 4697; x_wconf 85' lang='lat' dir='ltr'><strong>altri</strong></span> <span class='ocrx_word' id='word_1_606' title='bbox 617 4641 701 4696; x_wconf 86' lang='lat' dir='ltr'><strong>sei</strong></span> <span class='ocrx_word' id='word_1_607' title='bbox 753 4642 916 4706; x_wconf 89' lang='lat' dir='ltr'><strong>mesi,</strong></span> <span class='ocrx_word' id='word_1_608' title='bbox 966 4641 1072 4697; x_wconf 90' lang='lat' dir='ltr'><strong>che</strong></span> <span class='ocrx_word' id='word_1_609' title='bbox 1130 4656 1413 4698; x_wconf 89' lang='lat' dir='ltr'><strong>mancano</strong></span> <span class='ocrx_word' id='word_1_610' title='bbox 1468 4658 1568 4713; x_wconf 89' lang='lat' dir='ltr'><strong>per</strong></span> <span class='ocrx_word' id='word_1_611' title='bbox 1611 4644 1857 4700; x_wconf 84' lang='lat' dir='ltr'><strong>renders</strong></span> <span class='ocrx_word' id='word_1_612' title='bbox 1916 4644 2109 4699; x_wconf 89' lang='lat' dir='ltr'><strong>l’anno</strong></span> <span class='ocrx_word' id='word_1_613' title='bbox 2162 4644 2390 4708; x_wconf 89' lang='lat' dir='ltr'><strong>intiero,</strong></span> <span class='ocrx_word' id='word_1_614' title='bbox 2443 4643 2565 4698; x_wconf 79' lang='lat' dir='ltr'><strong>fatti</strong></span> <span class='ocrx_word' id='word_1_615' title='bbox 2625 4641 2868 4698; x_wconf 87' lang='lat' dir='ltr'><strong>scrivere</strong></span> <span class='ocrx_word' id='word_1_616' title='bbox 2891 4640 3023 4695; x_wconf 79' lang='lat' dir='ltr'><strong>d’all</strong></span> <span class='ocrx_word' id='word_1_617' title='bbox 3058 4640 3415 4709; x_wconf 90' lang='lat' dir='ltr'><strong>imperadore</strong></span> <span class='ocrx_word' id='word_1_618' title='bbox 3446 4636 3654 4693; x_wconf 89' lang='lat' dir='ltr'><strong>Basilio</strong></span> 
     </span>
    </p>
   </div>
   <div class='ocr_carea' id='block_1_49' title="bbox 236 4728 3652 4801">
    <p class='ocr_par' dir='ltr' id='par_1_49' title="bbox 236 4728 3652 4801">
     <span class='ocr_line' id='line_1_49' title="bbox 236 4728 3652 4801; baseline -0.002 -16"><span class='ocrx_word' id='word_1_619' title='bbox 236 4728 659 4801; x_wconf 82' lang='lat' dir='ltr'><strong>Porﬁrogenito</strong></span> <span class='ocrx_word' id='word_1_620' title='bbox 688 4730 941 4796; x_wconf 81' lang='lat' dir='ltr'><strong>Juniore,</strong></span> <span class='ocrx_word' id='word_1_621' title='bbox 974 4745 1005 4786; x_wconf 89' lang='lat' dir='ltr'><strong>e</strong></span> <span class='ocrx_word' id='word_1_622' title='bbox 1043 4730 1324 4786; x_wconf 87' lang='lat' dir='ltr'><strong>traslatati</strong></span> <span class='ocrx_word' id='word_1_623' title='bbox 1354 4732 1444 4786; x_wconf 90' lang='lat' dir='ltr'><strong>dal</strong></span> <span class='ocrx_word' id='word_1_624' title='bbox 1480 4730 1661 4789; x_wconf 90' lang='lat' dir='ltr'><strong>Greco</strong></span> <span class='ocrx_word' id='word_1_625' title='bbox 1691 4733 1765 4787; x_wconf 88' lang='lat' dir='ltr'><strong>da</strong></span> <span class='ocrx_word' id='word_1_626' title='bbox 1796 4732 1981 4788; x_wconf 88' lang='lat' dir='ltr'><strong>Pictro</strong></span> <span class='ocrx_word' id='word_1_627' title='bbox 2012 4732 2285 4788; x_wconf 83' lang='lat' dir='ltr'><strong>Arcudio.</strong></span> <span class='ocrx_word' id='word_1_628' title='bbox 2320 4731 2446 4787; x_wconf 90' lang='lat' dir='ltr'><strong>Non</strong></span> <span class='ocrx_word' id='word_1_629' title='bbox 2482 4731 2527 4787; x_wconf 91' lang='lat' dir='ltr'><strong>si</strong></span> <span class='ocrx_word' id='word_1_630' title='bbox 2560 4748 2656 4788; x_wconf 90' lang='lat' dir='ltr'><strong>era</strong></span> <span class='ocrx_word' id='word_1_631' title='bbox 2686 4731 2742 4786; x_wconf 93' lang='lat' dir='ltr'><strong>di</strong></span> <span class='ocrx_word' id='word_1_632' title='bbox 2778 4734 2926 4786; x_wconf 87' lang='lat' dir='ltr'><strong>tutta</strong></span> <span class='ocrx_word' id='word_1_633' title='bbox 2986 4736 3186 4801; x_wconf 89' lang='lat' dir='ltr'><strong>questa</strong></span> <span class='ocrx_word' id='word_1_634' title='bbox 3240 4743 3427 4783; x_wconf 84' lang='lat' dir='ltr'><strong>nuova</strong></span> <span class='ocrx_word' id='word_1_635' title='bbox 3487 4729 3652 4795; x_wconf 86' lang='lat' dir='ltr'><strong>parte</strong></span> 
     </span>
    </p>
   </div>
   <div class='ocr_carea' id='block_1_50' title="bbox 238 4813 3651 4892">
    <p class='ocr_par' dir='ltr' id='par_1_50' title="bbox 238 4813 3651 4892">
     <span class='ocr_line' id='line_1_50' title="bbox 238 4813 3651 4892; baseline -0.001 -19"><span class='ocrx_word' id='word_1_636' title='bbox 238 4816 441 4875; x_wconf 84' lang='lat' dir='ltr'><strong>havuto</strong></span> <span class='ocrx_word' id='word_1_637' title='bbox 474 4834 589 4889; x_wconf 89' lang='lat' dir='ltr'><strong>per</strong></span> <span class='ocrx_word' id='word_1_638' title='bbox 617 4816 912 4874; x_wconf 86' lang='lat' dir='ltr'><strong>l’addietro</strong></span> <span class='ocrx_word' id='word_1_639' title='bbox 944 4819 1151 4874; x_wconf 89' lang='lat' dir='ltr'><strong>notizia</strong></span> <span class='ocrx_word' id='word_1_640' title='bbox 1181 4834 1393 4875; x_wconf 86' lang='lat' dir='ltr'><strong>veruna</strong></span> <span class='ocrx_word' id='word_1_641' title='bbox 1422 4838 1441 4874; x_wconf 88' lang='lat'><em>:</em></span> <span class='ocrx_word' id='word_1_642' title='bbox 1473 4821 1622 4876; x_wconf 89' lang='lat' dir='ltr'><strong>onde</strong></span> <span class='ocrx_word' id='word_1_643' title='bbox 1655 4821 1983 4892; x_wconf 84' lang='lat' dir='ltr'><strong>Monsignor</strong></span> <span class='ocrx_word' id='word_1_644' title='bbox 2018 4822 2205 4877; x_wconf 90' lang='lat' dir='ltr'><strong>Leone</strong></span> <span class='ocrx_word' id='word_1_645' title='bbox 2234 4820 2442 4878; x_wconf 82' lang='lat' dir='ltr'><strong>Allazio</strong></span> <span class='ocrx_word' id='word_1_646' title='bbox 2476 4822 2531 4876; x_wconf 90' lang='lat' dir='ltr'><strong>la</strong></span> <span class='ocrx_word' id='word_1_647' title='bbox 2586 4821 2754 4876; x_wconf 88' lang='lat' dir='ltr'><strong>crede</strong></span> <span class='ocrx_word' id='word_1_648' title='bbox 2796 4819 2888 4876; x_wconf 90' lang='lat' dir='ltr'><strong>del</strong></span> <span class='ocrx_word' id='word_1_649' title='bbox 2940 4823 3081 4874; x_wconf 85' lang='lat' dir='ltr'><strong>tutlo</strong></span> <span class='ocrx_word' id='word_1_650' title='bbox 3129 4818 3410 4883; x_wconf 85' lang='lat' dir='ltr'><strong>smarrita,</strong></span> <span class='ocrx_word' id='word_1_651' title='bbox 3468 4831 3498 4871; x_wconf 93' lang='lat' dir='ltr'><strong>e</strong></span> <span class='ocrx_word' id='word_1_652' title='bbox 3543 4813 3651 4869; x_wconf 89' lang='lat' dir='ltr'><strong>l’U-</strong></span> 
     </span>
    </p>
   </div>
   <div class='ocr_carea' id='block_1_51' title="bbox 236 4905 3656 4981">
    <p class='ocr_par' dir='ltr' id='par_1_51' title="bbox 236 4905 3656 4981">
     <span class='ocr_line' id='line_1_51' title="bbox 236 4905 3656 4981; baseline -0.002 -17"><span class='ocrx_word' id='word_1_653' title='bbox 236 4908 429 4980; x_wconf 76' lang='lat' dir='ltr'><strong>ghelli,</strong></span> <span class='ocrx_word' id='word_1_654' title='bbox 466 4906 574 4964; x_wconf 87' lang='lat' dir='ltr'><strong>nel</strong></span> <span class='ocrx_word' id='word_1_655' title='bbox 606 4906 717 4963; x_wconf 85' lang='lat' dir='ltr'><strong>line</strong></span> <span class='ocrx_word' id='word_1_656' title='bbox 748 4908 837 4963; x_wconf 88' lang='lat' dir='ltr'><strong>del</strong></span> <span class='ocrx_word' id='word_1_657' title='bbox 869 4915 1014 4964; x_wconf 86' lang='lat' dir='ltr'><strong>sesto</strong></span> <span class='ocrx_word' id='word_1_658' title='bbox 1044 4911 1199 4964; x_wconf 84' lang='lat' dir='ltr'><strong>tomo</strong></span> <span class='ocrx_word' id='word_1_659' title='bbox 1222 4908 1355 4964; x_wconf 87' lang='lat' dir='ltr'><strong>dcll’</strong></span> <span class='ocrx_word' id='word_1_660' title='bbox 1384 4910 1547 4965; x_wconf 90' lang='lat' dir='ltr'><strong>Italia</strong></span> <span class='ocrx_word' id='word_1_661' title='bbox 1575 4911 1766 4978; x_wconf 90' lang='lat' dir='ltr'><strong>Sacra,</strong></span> <span class='ocrx_word' id='word_1_662' title='bbox 1800 4926 1901 4965; x_wconf 87' lang='lat' dir='ltr'><strong>ove</strong></span> <span class='ocrx_word' id='word_1_663' title='bbox 1957 4916 2224 4981; x_wconf 89' lang='lat' dir='ltr'><strong>rapporta</strong></span> <span class='ocrx_word' id='word_1_664' title='bbox 2266 4911 2321 4965; x_wconf 87' lang='lat' dir='ltr'><strong>la</strong></span> <span class='ocrx_word' id='word_1_665' title='bbox 2371 4911 2702 4967; x_wconf 88' lang='lat' dir='ltr'><strong>traduzione</strong></span> <span class='ocrx_word' id='word_1_666' title='bbox 2732 4909 2870 4965; x_wconf 89' lang='lat' dir='ltr'><strong>delli</strong></span> <span class='ocrx_word' id='word_1_667' title='bbox 2916 4909 2997 4964; x_wconf 89' lang='lat' dir='ltr'><strong>sei</strong></span> <span class='ocrx_word' id='word_1_668' title='bbox 3046 4908 3188 4963; x_wconf 90' lang='lat' dir='ltr'><strong>mesi</strong></span> <span class='ocrx_word' id='word_1_669' title='bbox 3238 4906 3325 4961; x_wconf 88' lang='lat' dir='ltr'><strong>del</strong></span> <span class='ocrx_word' id='word_1_670' title='bbox 3367 4905 3656 4975; x_wconf 64' lang='lat' dir='ltr'><strong>{MBDOIO-</strong></span> 
     </span>
    </p>
   </div>
   <div class='ocr_carea' id='block_1_52' title="bbox 239 4996 3655 5069">
    <p class='ocr_par' dir='ltr' id='par_1_52' title="bbox 239 4996 3655 5069">
     <span class='ocr_line' id='line_1_52' title="bbox 239 4996 3655 5069; baseline -0.002 -14"><span class='ocrx_word' id='word_1_671' title='bbox 239 5001 322 5069; x_wconf 79' lang='lat' dir='ltr'><strong>gio</strong></span> <span class='ocrx_word' id='word_1_672' title='bbox 343 4998 665 5063; x_wconf 87' lang='lat' dir='ltr'><strong>Vaticano,</strong></span> <span class='ocrx_word' id='word_1_673' title='bbox 699 4997 745 5052; x_wconf 89' lang='lat' dir='ltr'><strong>si</strong></span> <span class='ocrx_word' id='word_1_674' title='bbox 776 4998 947 5053; x_wconf 90' lang='lat' dir='ltr'><strong>duole</strong></span> <span class='ocrx_word' id='word_1_675' title='bbox 979 4997 1146 5053; x_wconf 87' lang='lat' dir='ltr'><strong>anch’</strong></span> <span class='ocrx_word' id='word_1_676' title='bbox 1178 5014 1303 5054; x_wconf 88' lang='lat' dir='ltr'><strong>esse</strong></span> <span class='ocrx_word' id='word_1_677' title='bbox 1332 4998 1483 5055; x_wconf 91' lang='lat' dir='ltr'><strong>dello</strong></span> <span class='ocrx_word' id='word_1_678' title='bbox 1514 5000 1917 5056; x_wconf 89' lang='lat' dir='ltr'><strong>smarrimento</strong></span> <span class='ocrx_word' id='word_1_679' title='bbox 1948 5002 2003 5055; x_wconf 89' lang='lat' dir='ltr'><strong>di</strong></span> <span class='ocrx_word' id='word_1_680' title='bbox 2051 5002 2097 5055; x_wconf 92' lang='lat' dir='ltr'><strong>si</strong></span> <span class='ocrx_word' id='word_1_681' title='bbox 2136 5000 2283 5056; x_wconf 90' lang='lat' dir='ltr'><strong>bella</strong></span> <span class='ocrx_word' id='word_1_682' title='bbox 2337 5001 2630 5057; x_wconf 88' lang='lat' dir='ltr'><strong>memoria.</strong></span> <span class='ocrx_word' id='word_1_683' title='bbox 2682 4999 2854 5055; x_wconf 84' lang='lat' dir='ltr'><strong>Molto</strong></span> <span class='ocrx_word' id='word_1_684' title='bbox 2898 5000 3087 5067; x_wconf 89' lang='lat' dir='ltr'><strong>percio</strong></span> <span class='ocrx_word' id='word_1_685' title='bbox 3119 4998 3165 5051; x_wconf 90' lang='lat' dir='ltr'><strong>si</strong></span> <span class='ocrx_word' id='word_1_686' title='bbox 3197 4998 3335 5053; x_wconf 90' lang='lat' dir='ltr'><strong>deve</strong></span> <span class='ocrx_word' id='word_1_687' title='bbox 3366 4996 3418 5050; x_wconf 89' lang='lat' dir='ltr'><strong>al</strong></span> <span class='ocrx_word' id='word_1_688' title='bbox 3449 4996 3655 5066; x_wconf 85' lang='lat' dir='ltr'><strong>Siguor</strong></span> 
     </span>
    </p>
   </div>
   <div class='ocr_carea' id='block_1_53' title="bbox 240 5083 3644 5160">
    <p class='ocr_par' dir='ltr' id='par_1_53' title="bbox 240 5083 3644 5160">
     <span class='ocr_line' id='line_1_53' title="bbox 240 5083 3644 5160; baseline -0.002 -17"><span class='ocrx_word' id='word_1_689' title='bbox 240 5088 531 5145; x_wconf 84' lang='lat' dir='ltr'><strong>canonico</strong></span> <span class='ocrx_word' id='word_1_690' title='bbox 563 5086 721 5141; x_wconf 77' lang='grc' dir='ltr'>ϐίον.</span> <span class='ocrx_word' id='word_1_691' title='bbox 750 5086 1079 5142; x_wconf 65' lang='lat' dir='ltr'><strong>Faaucesco</strong></span> <span class='ocrx_word' id='word_1_692' title='bbox 1112 5088 1339 5157; x_wconf 74' lang='lat' dir='ltr'><strong>Amm,</strong></span> <span class='ocrx_word' id='word_1_693' title='bbox 1374 5087 1575 5158; x_wconf 90' lang='lat' dir='ltr'><strong>poiche</strong></span> <span class='ocrx_word' id='word_1_694' title='bbox 1596 5089 1705 5155; x_wconf 75' lang='lat' dir='ltr'><strong>egli</strong></span> <span class='ocrx_word' id='word_1_695' title='bbox 1738 5089 2006 5145; x_wconf 87' lang='lat' dir='ltr'><strong>trasmise</strong></span> <span class='ocrx_word' id='word_1_696' title='bbox 2039 5088 2147 5160; x_wconf 78' lang='lat' dir='ltr'><strong>agl’</strong></span> <span class='ocrx_word' id='word_1_697' title='bbox 2188 5091 2372 5145; x_wconf 89' lang='lat' dir='ltr'><strong>autori</strong></span> <span class='ocrx_word' id='word_1_698' title='bbox 2419 5091 2473 5145; x_wconf 82' lang='lat' dir='ltr'><strong>la</strong></span> <span class='ocrx_word' id='word_1_699' title='bbox 2519 5089 2831 5144; x_wconf 81' lang='lat' dir='ltr'><strong>tralazioae</strong></span> <span class='ocrx_word' id='word_1_700' title='bbox 2876 5087 3081 5141; x_wconf 88' lang='lat' dir='ltr'><strong>Latina</strong></span> <span class='ocrx_word' id='word_1_701' title='bbox 3122 5086 3179 5140; x_wconf 89' lang='lat' dir='ltr'><strong>di</strong></span> <span class='ocrx_word' id='word_1_702' title='bbox 3234 5083 3407 5155; x_wconf 85' lang='lat' dir='ltr'><strong>quest’</strong></span> <span class='ocrx_word' id='word_1_703' title='bbox 3444 5084 3644 5139; x_wconf 89' lang='lat' dir='ltr'><strong>ultimo</strong></span> 
     </span>
    </p>
   </div>
   <div class='ocr_carea' id='block_1_54' title="bbox 241 5173 3256 5246">
    <p class='ocr_par' dir='ltr' id='par_1_54' title="bbox 241 5173 3256 5246">
     <span class='ocr_line' id='line_1_54' title="bbox 241 5173 3256 5246; baseline -0.002 -14"><span class='ocrx_word' id='word_1_704' title='bbox 241 5194 341 5232; x_wconf 83' lang='lat' dir='ltr'><strong>ms.</strong></span> <span class='ocrx_word' id='word_1_705' title='bbox 376 5184 435 5234; x_wconf 88' lang='lat' dir='ltr'><strong>et</strong></span> <span class='ocrx_word' id='word_1_706' title='bbox 466 5179 681 5231; x_wconf 86' lang='lat' dir='ltr'><strong>attesta</strong></span> <span class='ocrx_word' id='word_1_707' title='bbox 700 5190 884 5231; x_wconf 89' lang='lat' dir='ltr'><strong>essere</strong></span> <span class='ocrx_word' id='word_1_708' title='bbox 906 5174 966 5231; x_wconf 90' lang='lat' dir='ltr'><strong>in</strong></span> <span class='ocrx_word' id='word_1_709' title='bbox 999 5179 1141 5231; x_wconf 86' lang='lat' dir='ltr'><strong>tutto</strong></span> <span class='ocrx_word' id='word_1_710' title='bbox 1164 5175 1547 5246; x_wconf 79' lang='lat' dir='ltr'><strong>somigliante,</strong></span> <span class='ocrx_word' id='word_1_711' title='bbox 1584 5177 1673 5233; x_wconf 89' lang='lat' dir='ltr'><strong>uel</strong></span> <span class='ocrx_word' id='word_1_712' title='bbox 1706 5181 2005 5246; x_wconf 88' lang='lat' dir='ltr'><strong>carattere,</strong></span> <span class='ocrx_word' id='word_1_713' title='bbox 2060 5178 2215 5233; x_wconf 89' lang='lat' dir='ltr'><strong>uella</strong></span> <span class='ocrx_word' id='word_1_714' title='bbox 2246 5178 2429 5234; x_wconf 81' lang='lat' dir='ltr'><strong>forma</strong></span> <span class='ocrx_word' id='word_1_715' title='bbox 2458 5194 2487 5233; x_wconf 91' lang='lat' dir='ltr'><strong>c</strong></span> <span class='ocrx_word' id='word_1_716' title='bbox 2519 5178 2851 5245; x_wconf 85' lang='lat' dir='ltr'><strong>nellal‘rasc,</strong></span> <span class='ocrx_word' id='word_1_717' title='bbox 2876 5175 2928 5229; x_wconf 89' lang='lat' dir='ltr'><strong>al</strong></span> <span class='ocrx_word' id='word_1_718' title='bbox 2964 5173 3256 5230; x_wconf 88' lang='lat' dir='ltr'><strong>Vaticano.</strong></span> 
     </span>
    </p>
   </div>
   <div class='ocr_carea' id='block_1_55' title="bbox 247 5352 1843 5499">
    <p class='ocr_par' dir='ltr' id='par_1_55' title="bbox 247 5354 1843 5498">
     <span class='ocr_line' id='line_1_55' title="bbox 247 5354 1843 5498; baseline 0.002 -82"><span class='ocrx_word' id='word_1_719' title='bbox 247 5356 417 5417; x_wconf 83' lang='lat' dir='ltr'><strong>Petri</strong></span> <span class='ocrx_word' id='word_1_720' title='bbox 462 5354 713 5416; x_wconf 81' lang='lat' dir='ltr'><strong>Possini</strong></span> <span class='ocrx_word' id='word_1_721' title='bbox 762 5373 791 5414; x_wconf 90' lang='lat' dir='ltr'><strong>e</strong></span> <span class='ocrx_word' id='word_1_722' title='bbox 846 5360 988 5419; x_wconf 75' lang='lat' dir='ltr'><strong>Sor.</strong></span> <span class='ocrx_word' id='word_1_723' title='bbox 1046 5354 1188 5416; x_wconf 80' lang='lat' dir='ltr'><strong>Jesu</strong></span> <span class='ocrx_word' id='word_1_724' title='bbox 1249 5354 1529 5437; x_wconf 81' lang='lat' dir='ltr'><strong>Epistola</strong></span> <span class='ocrx_word' id='word_1_725' title='bbox 1589 5358 1843 5498; x_wconf 39' lang='lat' dir='ltr'><strong>Gréioecaﬂ</strong></span> 
     </span>
     <span class='ocr_line' id='line_1_56' title="bbox 1698 5457 1750 5497; baseline 0 0"><span class='ocrx_word' id='word_1_726' title='bbox 1698 5457 1750 5497; x_wconf 75' lang='lat' dir='ltr'><strong>re</strong></span> 
     </span>
    </p>
   </div>
   <div class='ocr_carea' id='block_1_56' title="bbox 2056 5352 3652 5499">
    <p class='ocr_par' dir='ltr' id='par_1_56' title="bbox 2056 5352 3652 5499">
     <span class='ocr_line' id='line_1_57' title="bbox 2056 5352 3652 5499; baseline -0.004 -81"><span class='ocrx_word' id='word_1_727' title='bbox 2056 5376 2261 5499; x_wconf 58' lang='lat' dir='ltr'><strong>ainéz6em</strong></span> <span class='ocrx_word' id='word_1_728' title='bbox 2317 5357 2704 5420; x_wconf 82' lang='lat' dir='ltr'><strong>Franciscum</strong></span> <span class='ocrx_word' id='word_1_729' title='bbox 2763 5352 3075 5416; x_wconf 83' lang='lat' dir='ltr'><strong>Albanum</strong></span> <span class='ocrx_word' id='word_1_730' title='bbox 3158 5358 3392 5433; x_wconf 80' lang='lat' dir='ltr'><strong>scripta</strong></span> <span class='ocrx_word' id='word_1_731' title='bbox 3450 5353 3652 5413; x_wconf 51' lang='lat' dir='ltr'><strong>[ionice</strong></span> 
     </span>
     <span class='ocr_line' id='line_1_58' title="bbox 2196 5442 2251 5499; baseline 0 0"><span class='ocrx_word' id='word_1_732' title='bbox 2196 5442 2251 5499; x_wconf 86' lang='lat'><strong>1.</strong></span> 
     </span>
    </p>
   </div>
   <div class='ocr_carea' id='block_1_57' title="bbox 1698 5457 2251 5499">
    <p class='ocr_par' dir='ltr' id='par_1_57' title="bbox 1698 5457 2251 5499">
     <span class='ocr_line' id='line_1_59' title="bbox 1698 5457 2251 5499; baseline 0.004 -2"><span class='ocrx_word' id='word_1_733' title='bbox 1698 5457 1750 5497; x_wconf 76' lang='lat' dir='ltr'><strong>re</strong></span> <span class='ocrx_word' id='word_1_734' title='bbox 1788 5457 1862 5498; x_wconf 77' lang='grc'><strong>20</strong></span> <span class='ocrx_word' id='word_1_735' title='bbox 1905 5457 2027 5499; x_wconf 76' lang='grc' dir='ltr'><strong>υθε</strong></span> <span class='ocrx_word' id='word_1_736' title='bbox 2075 5457 2251 5499; x_wconf 77' lang='grc'><strong>1001.</strong></span> 
     </span>
    </p>
   </div>
   <div class='ocr_carea' id='block_1_58' title="bbox 251 5528 1847 5610">
    <p class='ocr_par' dir='ltr' id='par_1_58' title="bbox 251 5528 1847 5610">
     <span class='ocr_line' id='line_1_60' title="bbox 251 5528 1847 5610; baseline 0.001 -23"><span class='ocrx_word' id='word_1_737' title='bbox 251 5532 475 5606; x_wconf 79' lang='grc' dir='ltr'>Εὖγενεῖ</span> <span class='ocrx_word' id='word_1_738' title='bbox 500 5530 590 5585; x_wconf 80' lang='grc' dir='ltr'>καὶ</span> <span class='ocrx_word' id='word_1_739' title='bbox 651 5528 1002 5605; x_wconf 81' lang='grc' dir='ltr'>Φιλομούσῳ</span> <span class='ocrx_word' id='word_1_740' title='bbox 1036 5531 1300 5605; x_wconf 81' lang='grc' dir='ltr'><strong>μειρακίῳ</strong></span> <span class='ocrx_word' id='word_1_741' title='bbox 1332 5530 1549 5602; x_wconf 78' lang='grc' dir='ltr'><strong>Ἰωάννῃ</strong></span> <span class='ocrx_word' id='word_1_742' title='bbox 1577 5532 1847 5610; x_wconf 71' lang='grc' dir='ltr'><strong>Φραγκίω</strong></span> 
     </span>
    </p>
   </div>
   <div class='ocr_carea' id='block_1_59' title="bbox 2056 5528 3652 5610">
    <p class='ocr_par' dir='ltr' id='par_1_59' title="bbox 2056 5530 3652 5591">
     <span class='ocr_line' id='line_1_61' title="bbox 2056 5530 3652 5591; baseline -0.004 -1"><span class='ocrx_word' id='word_1_743' title='bbox 2056 5537 2197 5590; x_wconf 76' lang='lat' dir='ltr'><strong>&#39;obili</strong></span> <span class='ocrx_word' id='word_1_744' title='bbox 2248 5553 2311 5591; x_wconf 90' lang='lat' dir='ltr'><strong>ac</strong></span> <span class='ocrx_word' id='word_1_745' title='bbox 2369 5535 2608 5589; x_wconf 77' lang='lat' dir='ltr'><strong>studioso</strong></span> <span class='ocrx_word' id='word_1_746' title='bbox 2666 5530 3066 5587; x_wconf 84' lang='lat' dir='ltr'><strong>adolescentulo</strong></span> <span class='ocrx_word' id='word_1_747' title='bbox 3117 5532 3324 5585; x_wconf 84' lang='lat' dir='ltr'><strong>Joanni</strong></span> <span class='ocrx_word' id='word_1_748' title='bbox 3363 5532 3652 5585; x_wconf 78' lang='lat' dir='ltr'><strong>Francisco</strong></span> 
     </span>
    </p>
   </div>
   <div class='ocr_carea' id='block_1_60' title="bbox 314 5614 1910 5699">
    <p class='ocr_par' dir='ltr' id='par_1_60' title="bbox 314 5614 1902 5699">
     <span class='ocr_line' id='line_1_62' title="bbox 314 5614 1902 5699; baseline 0.003 -24"><span class='ocrx_word' id='word_1_749' title='bbox 314 5627 396 5691; x_wconf 75' lang='grc' dir='ltr'><strong>τῷ</strong></span> <span class='ocrx_word' id='word_1_750' title='bbox 462 5614 740 5693; x_wconf 75' lang='grc' dir='ltr'>Ἀλϐἀνῳ,</span> <span class='ocrx_word' id='word_1_751' title='bbox 802 5621 1001 5695; x_wconf 65' lang='grc' dir='ltr'>Πέτρος</span> <span class='ocrx_word' id='word_1_752' title='bbox 1062 5624 1321 5683; x_wconf 81' lang='grc' dir='ltr'>Ηοσσῖνος</span> <span class='ocrx_word' id='word_1_753' title='bbox 1371 5620 1428 5676; x_wconf 80' lang='grc' dir='ltr'>ἐκ</span> <span class='ocrx_word' id='word_1_754' title='bbox 1482 5626 1580 5688; x_wconf 78' lang='grc' dir='ltr'><strong>τῆς</strong></span> <span class='ocrx_word' id='word_1_755' title='bbox 1638 5621 1902 5699; x_wconf 77' lang='grc' dir='ltr'>ἑταιρείας</span> 
     </span>
    </p>
   </div>
   <div class='ocr_carea' id='block_1_61' title="bbox 1912 5614 3508 5699">
    <p class='ocr_par' dir='ltr' id='par_1_61' title="bbox 2156 5621 3508 5692">
     <span class='ocr_line' id='line_1_63' title="bbox 2156 5621 3508 5692; baseline -0.004 -13"><span class='ocrx_word' id='word_1_756' title='bbox 2156 5624 2389 5692; x_wconf 83' lang='lat' dir='ltr'><strong>Albano,</strong></span> <span class='ocrx_word' id='word_1_757' title='bbox 2423 5627 2611 5679; x_wconf 79' lang='lat' dir='ltr'><strong>Petrus</strong></span> <span class='ocrx_word' id='word_1_758' title='bbox 2645 5626 2909 5679; x_wconf 84' lang='lat' dir='ltr'><strong>Possimus</strong></span> <span class='ocrx_word' id='word_1_759' title='bbox 2940 5624 3061 5687; x_wconf 89' lang='lat' dir='ltr'><strong>Soc,</strong></span> <span class='ocrx_word' id='word_1_760' title='bbox 3093 5624 3220 5675; x_wconf 85' lang='lat' dir='ltr'><strong>Jesu</strong></span> <span class='ocrx_word' id='word_1_761' title='bbox 3247 5622 3303 5676; x_wconf 93' lang='lat' dir='ltr'><strong>S.</strong></span> <span class='ocrx_word' id='word_1_762' title='bbox 3336 5621 3401 5675; x_wconf 89' lang='lat' dir='ltr'><strong>P.</strong></span> <span class='ocrx_word' id='word_1_763' title='bbox 3443 5622 3508 5673; x_wconf 93' lang='lat' dir='ltr'><strong>D.</strong></span> 
     </span>
    </p>
   </div>
   <div class='ocr_carea' id='block_1_62' title="bbox 318 5709 1410 5785">
    <p class='ocr_par' dir='ltr' id='par_1_62' title="bbox 318 5709 1410 5785">
     <span class='ocr_line' id='line_1_64' title="bbox 318 5709 1410 5785; baseline -0.001 -21"><span class='ocrx_word' id='word_1_764' title='bbox 318 5713 422 5764; x_wconf 74' lang='grc' dir='ltr'>τοῦ</span> <span class='ocrx_word' id='word_1_765' title='bbox 459 5711 658 5779; x_wconf 72' lang='grc' dir='ltr'><strong>Ἰησοῦ,</strong></span> <span class='ocrx_word' id='word_1_766' title='bbox 691 5709 902 5785; x_wconf 78' lang='grc' dir='ltr'><strong>χαίρειν</strong></span> <span class='ocrx_word' id='word_1_767' title='bbox 928 5710 1016 5765; x_wconf 81' lang='grc' dir='ltr'><strong>καὶ</strong></span> <span class='ocrx_word' id='word_1_768' title='bbox 1049 5709 1105 5764; x_wconf 75' lang='grc' dir='ltr'>εὖ</span> <span class='ocrx_word' id='word_1_769' title='bbox 1134 5711 1410 5785; x_wconf 81' lang='grc' dir='ltr'><strong>πράττειν.</strong></span> 
     </span>
    </p>
   </div>
   <div class='ocr_carea' id='block_1_63' title="bbox 322 5794 1918 5877">
    <p class='ocr_par' dir='ltr' id='par_1_63' title="bbox 322 5796 1903 5877">
     <span class='ocr_line' id='line_1_65' title="bbox 322 5796 1903 5877; baseline 0.002 -25"><span class='ocrx_word' id='word_1_770' title='bbox 322 5796 598 5869; x_wconf 78' lang='grc' dir='ltr'><strong>Θαυμάζω</strong></span> <span class='ocrx_word' id='word_1_771' title='bbox 682 5818 738 5853; x_wconf 87' lang='grc' dir='ltr'><strong>σε</strong></span> <span class='ocrx_word' id='word_1_772' title='bbox 792 5804 894 5867; x_wconf 77' lang='grc' dir='ltr'>τῆς</span> <span class='ocrx_word' id='word_1_773' title='bbox 979 5797 1197 5877; x_wconf 64' lang='grc' dir='ltr'>εὐφυΐας</span> <span class='ocrx_word' id='word_1_774' title='bbox 1265 5799 1357 5853; x_wconf 82' lang='grc' dir='ltr'>καὶ</span> <span class='ocrx_word' id='word_1_775' title='bbox 1414 5800 1756 5876; x_wconf 76' lang='grc' dir='ltr'><strong>φιλοπονίας,</strong></span> <span class='ocrx_word' id='word_1_776' title='bbox 1818 5802 1903 5865; x_wconf 79' lang='grc' dir='ltr'><strong>αἷς</strong></span> 
     </span>
    </p>
   </div>
   <div class='ocr_carea' id='block_1_64' title="bbox 2054 5794 3650 5877">
    <p class='ocr_par' dir='ltr' id='par_1_64' title="bbox 2083 5794 3650 5877">
     <span class='ocr_line' id='line_1_66' title="bbox 2083 5794 3650 5877; baseline -0.006 -20"><span class='ocrx_word' id='word_1_777' title='bbox 2083 5804 2358 5860; x_wconf 83' lang='lat' dir='ltr'><strong>Admiror</strong></span> <span class='ocrx_word' id='word_1_778' title='bbox 2388 5804 2682 5877; x_wconf 71' lang='lat' dir='ltr'><strong>egregiam</strong></span> <span class='ocrx_word' id='word_1_779' title='bbox 2714 5801 2977 5856; x_wconf 87' lang='lat' dir='ltr'><strong>indolem</strong></span> <span class='ocrx_word' id='word_1_780' title='bbox 3009 5816 3075 5853; x_wconf 83' lang='lat' dir='ltr'><strong>ac</strong></span> <span class='ocrx_word' id='word_1_781' title='bbox 3107 5798 3427 5862; x_wconf 79' lang='lat' dir='ltr'><strong>solertiam,</strong></span> <span class='ocrx_word' id='word_1_782' title='bbox 3462 5794 3650 5864; x_wconf 82' lang='lat' dir='ltr'><strong>quain</strong></span> 
     </span>
    </p>
   </div>
   <div class='ocr_carea' id='block_1_65' title="bbox 262 5880 1858 5966">
    <p class='ocr_par' dir='ltr' id='par_1_65' title="bbox 262 5883 1858 5966">
     <span class='ocr_line' id='line_1_67' title="bbox 262 5883 1858 5966; baseline 0.001 -26"><span class='ocrx_word' id='word_1_783' title='bbox 262 5883 565 5963; x_wconf 67' lang='grc' dir='ltr'><strong>ἐγκείμενος</strong></span> <span class='ocrx_word' id='word_1_784' title='bbox 593 5884 669 5949; x_wconf 69' lang='grc' dir='ltr'><strong>εἷς</strong></span> <span class='ocrx_word' id='word_1_785' title='bbox 702 5884 934 5962; x_wconf 76' lang='grc' dir='ltr'><strong>μελέτην</strong></span> <span class='ocrx_word' id='word_1_786' title='bbox 982 5894 1083 5959; x_wconf 84' lang='grc' dir='ltr'>τῆς</span> <span class='ocrx_word' id='word_1_787' title='bbox 1136 5886 1470 5959; x_wconf 79' lang='grc' dir='ltr'>Ἑλληνικῆς</span> <span class='ocrx_word' id='word_1_788' title='bbox 1503 5889 1787 5966; x_wconf 84' lang='grc' dir='ltr'><strong>γλώσσης,</strong></span> <span class='ocrx_word' id='word_1_789' title='bbox 1821 5889 1858 5944; x_wconf 68' lang='grc' dir='ltr'><strong>εἲ</strong></span> 
     </span>
    </p>
   </div>
   <div class='ocr_carea' id='block_1_66' title="bbox 2052 5880 3648 5966">
    <p class='ocr_par' dir='ltr' id='par_1_66' title="bbox 2058 5880 3648 5965">
     <span class='ocr_line' id='line_1_68' title="bbox 2058 5880 3648 5965; baseline -0.008 -18"><span class='ocrx_word' id='word_1_790' title='bbox 2058 5910 2223 5949; x_wconf 71' lang='lat' dir='ltr'><strong>reecae</strong></span> <span class='ocrx_word' id='word_1_791' title='bbox 2282 5894 2499 5965; x_wconf 79' lang='lat' dir='ltr'><strong>linguae</strong></span> <span class='ocrx_word' id='word_1_792' title='bbox 2552 5892 2812 5946; x_wconf 88' lang='lat' dir='ltr'><strong>studium</strong></span> <span class='ocrx_word' id='word_1_793' title='bbox 2866 5885 3213 5942; x_wconf 88' lang='lat' dir='ltr'><strong>incumbens</strong></span> <span class='ocrx_word' id='word_1_794' title='bbox 3257 5896 3445 5949; x_wconf 89' lang='lat' dir='ltr'><strong>usque</strong></span> <span class='ocrx_word' id='word_1_795' title='bbox 3503 5880 3648 5935; x_wconf 86' lang='lat' dir='ltr'><strong>adeo</strong></span> 
     </span>
    </p>
   </div>
   <div class='ocr_carea' id='block_1_67' title="bbox 263 5966 1859 6055">
    <p class='ocr_par' dir='ltr' id='par_1_67' title="bbox 263 5970 1859 6055">
     <span class='ocr_line' id='line_1_69' title="bbox 263 5970 1859 6055; baseline 0.003 -25"><span class='ocrx_word' id='word_1_796' title='bbox 263 5974 420 6032; x_wconf 77' lang='grc' dir='ltr'>τόσαν</span> <span class='ocrx_word' id='word_1_797' title='bbox 452 5970 821 6053; x_wconf 70' lang='grc' dir='ltr'>προϐέϐηκας,</span> <span class='ocrx_word' id='word_1_798' title='bbox 879 5974 1015 6035; x_wconf 70' lang='grc' dir='ltr'><strong>ὥστε</strong></span> <span class='ocrx_word' id='word_1_799' title='bbox 1047 5978 1112 6034; x_wconf 82' lang='grc' dir='ltr'>οὐ</span> <span class='ocrx_word' id='word_1_800' title='bbox 1142 5978 1390 6055; x_wconf 63' lang='grc' dir='ltr'>καθαρῶς</span> <span class='ocrx_word' id='word_1_801' title='bbox 1444 5979 1532 6034; x_wconf 80' lang='grc' dir='ltr'>καὶ</span> <span class='ocrx_word' id='word_1_802' title='bbox 1595 5979 1859 6055; x_wconf 77' lang='grc' dir='ltr'><strong>ἆμέμπτω</strong></span> 
     </span>
    </p>
   </div>
   <div class='ocr_carea' id='block_1_68' title="bbox 2050 5966 3646 6055">
    <p class='ocr_par' dir='ltr' id='par_1_68' title="bbox 2050 5966 3646 6048">
     <span class='ocr_line' id='line_1_70' title="bbox 2050 5966 3646 6048; baseline -0.008 -12"><span class='ocrx_word' id='word_1_803' title='bbox 2050 5981 2328 6047; x_wconf 71' lang='lat' dir='ltr'><strong>rofecist&#39;i,</strong></span> <span class='ocrx_word' id='word_1_804' title='bbox 2360 5985 2557 6037; x_wconf 86' lang='lat' dir='ltr'><strong>utnon</strong></span> <span class='ocrx_word' id='word_1_805' title='bbox 2576 5980 2766 6035; x_wconf 90' lang='lat' dir='ltr'><strong>solum</strong></span> <span class='ocrx_word' id='word_1_806' title='bbox 2780 5990 2926 6048; x_wconf 87' lang='lat' dir='ltr'><strong>pure</strong></span> <span class='ocrx_word' id='word_1_807' title='bbox 2944 5968 3393 6037; x_wconf 81' lang='lat' dir='ltr'><strong>emendatequc,</strong></span> <span class='ocrx_word' id='word_1_808' title='bbox 3410 5966 3514 6021; x_wconf 87' lang='lat' dir='ltr'><strong>sed</strong></span> <span class='ocrx_word' id='word_1_809' title='bbox 3528 5968 3646 6023; x_wconf 89' lang='lat' dir='ltr'><strong>ele-</strong></span> 
     </span>
    </p>
   </div>
  </div>
