4030 6196
360 499 440 563 19

1679 489 2112 553 MENOLOGII
2156 491 2358 554 PARS
2402 495 2452 554 Ι.

369 635 583 706 ganter
614 631 792 687 etiam
823 632 1149 700 ornateque
1179 626 1410 683 litteras
1434 641 1504 682 ea
1530 624 1735 698 lingua
1762 624 2019 681 conscri—
2043 629 2080 696 Α

2133 624 2324 697 μόνον,
2357 620 2504 680 ἀλλὰ
2532 623 2777 698 κοσμίως
2832 644 2893 681 τε
2936 624 3037 681 καὶ·
3079 621 3472 702 καλλιγράφως
3524 622 3776 682 ἐπιστέλ-

365 721 495 779 has.
531 723 659 788 Qua
687 721 760 777 de
802 736 866 775 re
897 720 979 775 ita
1009 717 1115 773 tibi
1162 716 1446 790 gratulor,
1477 721 1543 773 ut
1585 716 1656 771 de
1687 716 2016 772 amicorum

2133 712 2238 769 λειν
2325 712 2503 790 ἐκείνῃ
2554 718 2623 789 τῇ
2681 711 2953 788 διαλέκτῳ
2986 754 3000 771 .
3071 713 3211 789 Ἐγὼ
3262 717 3391 790 γοῦν
3446 712 3533 769 sui
3588 718 3671 788 τῷ
3714 735 3775 790 γε

373 811 662 868 felicitate
694 815 753 866 et
783 814 939 864 recte
970 808 1142 864 factis
1172 807 1447 863 convenit
1474 805 1774 879 gratulari.
1816 807 2021 861 Moneo

371 918 608 976 quoque
632 906 690 957 et
718 901 1024 965 hortor,ne
1054 914 1089 953 a
1122 902 1243 954 tam
1272 897 1577 970 praeclaris
1606 896 1797 952 initiis
1827 895 2020 952 absis—

369 998 482 1064 tas,
513 1006 706 1061 neque
732 988 1060 1045 illustrium
1089 992 1404 1060 parentum
1455 1003 1620 1059 spem
1660 986 1879 1042 bonam
1903 985 2014 1042 fal-

368 1083 494 1151 las;
530 1079 1100 1153 sedlonganimitate
1133 1082 1194 1135 et
1222 1077 1444 1134 laboris
1472 1077 1760 1150 patientia
1788 1076 1863 1132 ad
1890 1076 2011 1149 glo-

368 1172 494 1242 tim,
529 1186 709 1243 quam
731 1169 982 1242 appetis,
1033 1168 1313 1224 verticem
1368 1166 1601 1224 evadas.
1660 1168 1882 1222 Novum
1912 1182 2018 1222 an-

369 1277 539 1329 num,
561 1276 741 1332 quem
771 1257 1138 1332 propediem,
1173 1259 1290 1313 Deo
1321 1256 1519 1326 dante,
1553 1256 1759 1312 inituri
1790 1272 2019 1325 sumus,

367 1349 785 1409 felicissimum
807 1347 913 1403 tibi
931 1345 1237 1419 adprecor.
1261 1348 1332 1402 Et
1346 1346 1629 1419 quoniam
1650 1344 1834 1403 veteri
1855 1360 2019 1401 more

375 1439 644 1498 solemne
667 1442 758 1494 est
785 1438 943 1495 circa
969 1436 1278 1494 Ianuarias
1299 1436 1592 1493 Kalendas
1619 1451 1871 1492 munera
1891 1434 2023 1490 mit-

368 1532 519 1600 tere,
549 1544 657 1601 pro
683 1526 1042 1584 munusculo
1072 1542 1322 1583 aureum
1352 1526 1463 1583 hoc
1495 1524 1757 1600 Gregorii
1786 1525 2023 1581 Nazian-

373 1616 505 1675 zeni
538 1616 927 1674 tetrastichon
956 1616 1128 1674 mitto
1153 1633 1168 1673 :

552 1992 815 2049 Sermone
834 1992 1003 2046 inerti
1026 1997 1264 2062 praestat
1293 1991 1528 2061 elinguis
1552 1989 1735 2062 labor.

554 2064 693 2120 Nam
720 2078 875 2117 nemo
903 2061 1063 2118 rebus
1087 2065 1251 2133 gestis
1279 2061 1482 2131 absque
1510 2061 1737 2128 claruit,

553 2134 662 2191 Sed
690 2134 892 2204 absque
919 2135 1096 2190 verbis
1124 2134 1323 2189 multos
1358 2136 1515 2202 facta
1534 2133 1846 2204 sublevant,

557 2207 681 2263 Non
711 2203 1110 2276 est’loquentis,
1140 2222 1328 2263 verum
1352 2203 1566 2275 agentis
1601 2206 1809 2276 gratia.

461 2384 617 2457 Vale,
647 2383 1038 2441 amicissimum
1074 2390 1259 2455 caput.

810 2494 990 2549 Romae
1019 2508 1095 2548 vn
1127 2491 1252 2549 Kal.
1285 2493 1520 2550 Ianuar.
1552 2492 1838 2550 MDCLXI.

2053 2006 2102 2072 B

2122 800 2476 878 συνήδομαι,
2537 803 2624 860 οἶα
2678 804 2874 879 πρέπει
2944 800 3268 875 συνήδεσθαι
3327 800 3771 880 ἀνδραγαθήμασι

2122 891 2212 948 καὶ
2269 895 2646 970 προτερήμασι
2732 898 2840 950 τῶν
2920 893 3121 969 φίλων
3200 896 3446 969 παραινῶ
3530 889 3588 948 δὲ
3660 894 3774 966 ἅμα

2122 981 2213 1037 καὶ
2242 981 2544 1057 παρακαλῶ
2573 984 2649 1057 μὴ
2694 980 2906 1046 ἀτελεῖς
2960 980 3389 1056 καταλιμπάνειν
3449 979 3592 1051 οὕτω
3624 979 3773 1052 λαμ-

2125 1071 2266 1148 πρὰς
2321 1071 2535 1149 ἀρχάςο
2602 1070 2734 1147 μηδ’
2813 1073 3017 1144 άπατᾷν
3078 1072 3326 1148 χρηστάς
3382 1068 3608 1135 ἐλπίδας
3663 1075 3773 1127 τῶν

2126 1168 2336 1237 σεμνῶν
2367 1164 2589 1241 γονέων·
2649 1162 2778 1220 άλΛ⁹
2826 1163 2904 1227 εἷς
2961 1160 3130 1233 τῆσδε
3179 1170 3281 1235 τῆς
3337 1162 3654 1239 ἐρασθείσης
3686 1182 3773 1218 σοι

2128 1249 2289 1327 δόξης
2320 1256 2507 1333 φθάνει
2537 1255 2635 1324 τήν
2694 1255 2940 1332 κορυφὴν
2998 1249 3089 1309 διὰ
3147 1253 3525 1330 μακροθυμίας
3555 1251 3648 1309 καὶ
3678 1273 3779 1332 φι-

2128 1345 2398 1423 ρεπονίας.
2422 1345 2677 1422 Εῧχομαί
2720 1367 2806 1403 σοι
2862 1346 3259 1422 εὐτυχέστατον
3319 1346 3413 1403 τὸν
3444 1346 3562 1401 νὲον
3593 1344 3777 1401 ἰνιαυ-

2125 1436 2218 1492 τὸν
2247 1435 2309 1492 οὗ
2370 1439 2487 1510 μεθ’
2537 1435 2782 1512 ὕστερον,
2840 1440 2975 1493 Θεοῦ
3028 1456 3092 1512 γε
3149 1433 3359 1506 δόντος,
3416 1429 3775 1509 ἐπιϐήσομεν*

2125 1525 2215 1583 καὶ
2249 1525 2323 1589 ὥς
2354 1523 2466 1581 ἐστι
2496 1525 2665 1582 πάλαι
2696 1525 2935 1600 νόμιμον
2993 1522 3149 1601 δῶρα
3176 1525 3410 1599 πέμπειν
3435 1529 3554 1588 τοῖς
3591 1523 3781 1603 φίλοις

2147 1614 2289 1693 ἀμφὶ
2335 1616 2435 1685 τήν
2485 1614 2783 1688 νουμηνίαν
2836 1619 2936 1671 τοῦ
2984 1614 3342 1691 Ἰανουαρίου,
3402 1613 3575 1686 ξενίου
3618 1611 3777 1684 δίκην

2127 1709 2363 1782 χρυσοῦν
2418 1705 2733 1780 Γρηγορίου
2786 1709 2883 1760 τοῦ
2937 1706 3311 1776 Ναζιανζηνοῦ
3359 1702 3628 1780 προσάγω
3680 1722 3775 1758 τι·

2126 1794 2437 1873 τράστιχον.

2204 1975 2454 2051 ’ᾼφωνον
2487 1968 2643 2051 ἔργον
2671 1978 2920 2051 κρεῖσσον
2951 1972 3233 2051 ᾀπράκτου
3264 1970 3455 2049 λόγου.

2206 2041 2333 2101 Βίου
2366 2048 2461 2119 μζν
2496 2041 3145 2119 οὐδεῖςᾲπώποθίῦψῶθη
3180 2041 3332 2119 δίχα,

2200 2114 2378 2193 Λόγου
2410 2114 2468 2193 δὲ
2496 2114 2703 2193 πολλοὶ
2732 2114 3044 2193 τοῦ-καλῖιξς
3064 2114 3433 2193 ψοφουμενουο

2197 2188 2274 2246 Οὐ
2294 2184 2401 2265 ’γὰρ
2432 2187 2777 2263 λαλούντων,
2809 2186 2866 2244 εὖ
2901 2184 3167 2265 βιούντων
3199 2184 3310 2257 δ”ἠ
3344 2184 3524 2261 χάρις.

2136 2344 2408 2422 Ἐῤῥωσο,
2432 2345 2667 2418 ωιλτατη
2690 2344 2927 2426 κεφαλή.

2210 2439 2489 2513 Ῥώμηθεν
2522 2485 2539 2511 ,
2616 2435 2745 2515 ἕκτῃ
2825 2437 3103 2518 φθίνοντος
3206 2429 3541 2512 Δεκεμϐρίου
3575 2476 3591 2505 ,
3677 2429 3785 2491 ἔτει

2144 2527 2305 2604 αχξά.

865 2863 2000 3036 MENOLOGII
2132 2862 3305 3034 GR/ECORUM

1721 3170 2032 3264 PARS
2086 3170 2469 3265 PRIMA

1291 3349 1347 3409 A
1389 3347 1656 3409 MENSE
1706 3347 2143 3415 SEPTEMBRI
2184 3352 2292 3417 AD
2334 3349 2868 3412 NOVEMBREM.

386 3685 428 3740 ‘l
476 3682 581 3739 Hic
609 3698 771 3740 nunc
801 3686 1004 3755 specta
1038 3685 1200 3739 recte
1231 3681 1334 3755 qui
1364 3681 1548 3752 vides,

388 3772 692 3845 Optimum
722 3788 870 3844 opus
899 3788 970 3827 ex
999 3772 1241 3843 optimis
1278 3772 1457 3827 rebus
1491 3789 1504 3827 :

389 3863 548 3934 Opus
612 3859 718 3916 Dei
772 3859 1265 3933 pulcherrimum,
1324 3860 1388 3916 in
1444 3866 1747 3933 stuporem
1798 3863 2036 3937 rapiens

1690 3956 1920 4009 mentes
1948 3970 1962 4009 :

1690 3968 1769 4007 me

391 4041 551 4112 Opus
580 4037 884 4094 delectans
913 4053 1151 4093 omnem
1184 4038 1395 4094 merito
1418 3951 1769 4097 creaturim.

396 4130 585 4200 Supra
612 4126 771 4183 enim
798 4126 948 4198 ipse,
979 4131 1048 4182 ut
1075 4127 1229 4182 Deus
1259 4132 1320 4182 et
1346 4129 1654 4198 Dominus,

396 4219 708 4273 Astrorum
731 4215 964 4272 choreis
981 4214 1310 4288 depingens
1340 4215 1575 4288 caalum,

389 4305 577 4374 Quod,
610 4310 896 4377 tanquam
927 4302 1166 4376 pellem,
1191 4305 1457 4361 extendit
1484 4306 1682 4378 verbo,

394 4396 678 4453 Mundum
709 4394 969 4450 illustrat
998 4394 1441 4466 sapientissima
1470 4396 1842 4468 providentia

379 4471 502 4552 Ὠιιί
532 4490 730 4541 autem
760 4483 920 4539 hunc
950 4481 1142 4539 modis
1166 4484 1466 4556 exprimit,

394 4576 517 4631 Rex
540 4572 722 4628 totius
754 4576 947 4641 terras,
976 4572 1065 4628 sol
1094 4588 1395 4646 purpuras,

396 4660 653 4718 Basilius
678 4659 997 4716 fasciarum
1027 4660 1329 4732 alumnus,

404 4749 942 4808 Praestantissimus
990 4751 1053 4805 in
1084 4756 1379 4823 utroque;
1419 4753 1677 4826 tropaeis,
1719 4760 1779 4811 et
1806 4756 2039 4827 verbis;

394 4844 699 4914 Tanquam
729 4839 984 4897 alterum
1016 4846 1176 4897 certe
1207 4843 1444 4914 caelum,
1474 4844 1703 4902 faciens
1726 4846 1966 4916 librum,

394 4936 479 4990 Ex
506 4932 764 5007 pellibus
794 4936 1128 5003 extensum,
1160 4934 1245 4989 uti
1277 4951 1339 4990 se
1370 4934 1555 4991 habet
1582 4943 1815 5006 natura,

396 5025 730 5090 Ferentem,
763 5022 924 5077 velut
946 5020 1288 5092 luminaria,
1320 5030 1598 5081 venustas
1620 5026 1862 5098 ﬁguras,

398 5113 663 5170 Primum
699 5111 940 5183 quidem
972 5112 1159 5184 ipsius
1187 5112 1287 5168 Dei
1322 5114 1583 5170 hominis
1618 5113 1828 5183 Verbi;

398 5201 622 5258 Deinde
654 5201 872 5267 Matris,
902 5218 1032 5273 quae
1064 5202 1193 5257 sine
1223 5203 1450 5258 semine
1479 5202 1721 5276 genuit;

400 5290 887 5363 Sapientumque,
917 5290 1365 5363 prophetarum,
1398 5291 1767 5362 angelorum,
1798 5292 2048 5348 archan-

840 5405 844 5408 ‹
1638 5380 1928 5451 [gelorum
1955 5398 1970 5451 ;

399 5472 447 5528 2
478 5469 950 5527 Orthodoxorum
984 5483 1224 5523 omnem
1252 5467 1516 5524 laetiﬁcat
1553 5474 1815 5525 mentem
1852 5486 1866 5525 :

398 5562 666 5621 Delectat
694 5560 871 5616 simul
905 5575 1147 5614 omnem
1171 5559 1551 5631 jucunditate
1584 5561 1795 5619 visum.

400 5652 511 5709 Sed
545 5668 694 5724 quos
723 5649 965 5721 quidem
997 5648 1231 5703 efﬁnxit
1251 5649 1552 5706 coloribus

402 5740 670 5798 Inveniat
690 5737 1063 5794 aaxiliatores
1096 5751 1305 5792 omnes
1326 5737 1387 5793 in
1416 5738 1689 5812 negotiis,

402 5832 735 5889 Conatuum
763 5825 1089 5897 adjutores,
1122 5827 1561 5886 commilitones
1589 5829 1652 5885 in
1671 5846 1885 5904 pugna.

2073 3689 2117 3757 C

2072 5059 2118 5124 D

2147 3685 2409 3742 Ἐνταῦτα
2437 3686 2530 3740 νῦν
2562 3682 2835 3756 σκόπησον
2869 3682 3043 3760 ὀρθῶς
3075 3682 3104 3738 ὁ
3136 3682 3378 3759 βΛὲπων,

2148 3775 2404 3851 Ἀριστον
2439 3770 2595 3851 ἔργον
2629 3772 2682 3845 ἐξ
2713 3773 2945 3850 ἀρίστων
2978 3774 3335 3848 πραγμάτων.

2141 3864 2345 3941 Ἔργον
2377 3867 2510 3921 Θεοῦ
2539 3860 2836 3920 κάλλιστον
2863 3861 3169 3934 ἐκπλῆττον
3201 3864 3416 3939 φρένας*

2142 4043 2346 4116 Ἔργον
2377 4041 2440 4096 τὸ
2468 4061 2671 4116 τερπου
2702 4047 2873 4097 πᾶσαν
2906 4039 3133 4104 εἰκότως
3161 4039 3350 4097 κτίσιν.

2146 4136 2292 4188 ’Ἂνω
2320 4132 2422 4206 γὰρ
2454 4129 2637 4202 αὐτὸς,
2672 4130 2747 4193 ὡς
2780 4129 2912 4193 Θεὸς
2938 4131 3028 4187 καὶ
3058 4129 3352 4202 Δεσπότης,

2144 4225 2392 4296 ’Άστρων
2425 4219 2672 4296 χορείαις
2708 4222 3066 4298 ζωγραφήσας
3095 4221 3191 4276 τὸν
3218 4220 3414 4292 πόλον,

2143 4312 2261 4381 Ὃν,
2289 4310 2374 4365 οἶα
2404 4305 2583 4387 δερῥιν
2616 4307 2838 4379 ἐξέτεινε
2866 4308 2948 4383 τῷ
2980 4308 3152 4388 λόγῳ,

2146 4399 2367 4474 Κόσμον
2395 4395 2658 4473 δᾳδουχεῖ
2685 4394 2949 4476 πανσὸφῳ
2970 4399 3275 4476 προμηθίᾳ’

2144 4490 2206 4548 Ὀ
2229 4485 2286 4545 δὲ
2312 4492 2505 4545 τοῦτον
2539 4486 2822 4557 είκονίζων
2854 4491 2973 4550 τοῖς
3003 4488 3251 4564 τρόποις,

2147 4579 2308 4650 ’Λναξ
2340 4574 2482 4648 ὅλης
2514 4583 2618 4646 τῆς
2647 4580 2774 4654 γῆς,
2804 4574 2968 4646 ἥλιος
2998 4582 3100 4646 τῆς
3128 4577 3430 4655 πορφύρας,

2149 4665 2460 4734 Βασίλειος,
2491 4666 2554 4721 τὸ
2585 4664 2804 4739 θρὲμμα
2833 4665 2936 4733 τῆς
2965 4661 3315 4739 άλουργίδος.

2149 4755 2465 4832 Κράτιστος,
2498 4753 2731 4826 ἀμφοῖν,
2764 4752 2853 4808 καὶ
2883 4751 3173 4828 τροπαίοις
3199 4750 3285 4807 καὶ
3319 4750 3527 4827 Λόγοις,

2147 4844 2234 4906 Ὠς
2261 4841 2430 4899 ἄλλον
2463 4838 2633 4904 ὅντως
2664 4841 2892 4916 οὐρανὸν
2920 4842 3107 4914 τεύξας
3142 4836 3365 4918 βίϐλον,

2151 4934 2244 4988 Ἐκ
2275 4929 2505 5009 δεῤῥεων
2526 4935 2802 4999 ταοεῖσαν,
2833 4929 2907 4991 ὡς
2939 4926 3053 5004 ἔχει
3086 4931 3268 5007 φύσις,

2150 5020 2426 5095 Φὲρουσαν
2451 5020 2526 5083 ὡς
2560 5025 2853 5094 φωστῆρας
2887 5016 3122 5092 ὡραίους
3150 5018 3379 5082 τόπους*

2152 5110 2376 5184 Πρῶτον
2413 5108 2507 5182 μὶν
2538 5107 2703 5163 αὐτοῦ
2726 5111 2823 5163 τοῦ
2853 5108 3212 5182 Θεανορώπου
3242 5106 3442 5185 Λόγου,

2153 5197 2378 5254 Ἔπειτα
2407 5196 2634 5272 Μητρὸς
2664 5199 2762 5265 τῆς
2794 5194 3055 5266 τεκούσης
3084 5195 3366 5273 ἀσπόρως’

2153 5284 2370 5361 ὶοφῶν,
2401 5288 2724 5361 προφητῶν,
2758 5283 3024 5361 ἀγγέλων,
3054 5286 3440 5364 ἆρχαγγελων,

2153 5476 2272 5530 Τῶν
2305 5469 2609 5547 όρθοδόξων
2641 5477 2813 5528 πᾶσαν
2848 5472 3124 5553 εὐφραίνει
3158 5495 3341 5551 φρεναθ

2151 5563 2352 5638 Τερπει
2386 5559 2445 5617 δὲ
2474 5565 2645 5617 πᾶσαν
2676 5561 3002 5638 τερπνότητι
3032 5564 3122 5620 καὶ
3152 5566 3291 5623 θέαν.

2156 5650 2315 5711 Ἀλλ’
2349 5649 2545 5727 οὕσπερ
2580 5651 2838 5709 είκόνισεν
2869 5652 2929 5708 ἐκ
2954 5657 3062 5709 τῶν
3097 5654 3431 5730 χρωμάτων,

2156 5738 2324 5817 Εὕροι
2359 5740 2598 5819 βοηθοὺς
2626 5743 2827 5805 πάντας
2852 5740 2911 5797 ἐκ
2938 5746 3049 5797 τῶν
3079 5742 3438 5817 πραγμάτων,

2158 5831 2397 5910 Κράτους
2429 5832 2743 5913 συνεργοὺς,
2776 5833 3105 5911 συμμάχους
3137 5832 3189 5890 ἐν
3220 5839 3341 5899 ταῖς
3374 5833 3608 5911 μάχαις,
