4042 6206
328 369 407 432 ςι
1741 362 2229 429 supremam.
3625 382 3703 442 22

336 502 495 558 Πιθῶν
516 496 797 571 λυτρωτὰς,
823 494 1215 571 φαρμκευτᾶς
1233 499 1342 552 τῶν
1374 489 1568 551 νόσων⁸

316 682 387 738 Ἐν
411 682 472 752 τῇ
498 676 667 753 κρίσει
696 674 869 732 πλεον
904 672 965 731 δὲ
995 676 1134 753 πρὸς
1153 674 1244 732 τὸν
1274 676 1551 747 Δεσπότην

299 767 520 844 ἂρμοὺς
551 766 801 841 μεσίτας,
833 766 1130 841 προξένους
1160 765 1251 823 καὶ
1274 772 1375 835 τῆς
1414 765 1526 822 ἅνω

293 859 451 930 Δόξης
474 856 803 934 ἀφράστους,
834 856 930 912 καὶ
960 860 1096 912 Θεοῦ
1128 855 1507 932 σκηπτουχίας

472 1009 803 1104 ΜΗΝΙ
883 1006 1743 1105 ΣΕΙΙΤΕΜΒΡΙΩ.

871 1187 965 1239 EN
992 1187 1084 1251 Τῌ
1114 1184 1337 1252 uram

774 1290 955 1366 Ἀρχὴ
1000 1295 1107 1361 τῆς
1148 1286 1435 1348 Ἰνδίκτου.

344 1397 447 1466 τήν
492 1393 746 1451 is?)th
810 1396 1053 1470 ἒορτάζει
1075 1398 1112 1466 ἡ
1140 1398 1238 1451 τοῦ
1268 1399 1408 1453 Θεοῦ
1465 1394 1790 1471 Ἐκκλησία,
1823 1395 1932 1453 ἀπὸ

282 1489 381 1543 τῶν
460 1485 712 1563 ἀρχαίων
796 1480 1215 1561 παραλαϐοῦσα,
1302 1482 1392 1541 διὰ
1473 1486 1537 1542 τὸ
1616 1485 1929 1561 νομίζεσθαι

286 1574 458 1650 ἀρχὴν
507 1577 649 1631 εἶναι
702 1579 803 1630 τοῦ
860 1575 1071 1651 χρόνου
1126 1575 1233 1631 ἀπὸ
1289 1574 1494 1647 ταύτης
1539 1578 1638 1646 τῆς
1696 1577 1927 1652 ἡμέρας.

291 1661 515 1734 Ἔπειδὴ
550 1661 784 1719 ἶνὸικτον
837 1662 1094 1739 λέγουσιν
1154 1664 1205 1719 οἱ
1262 1664 1533 1738 Ῥωμαῖοι
1590 1665 1691 1735 τὴν
1723 1665 1926 1742 ἀρχὴν.

295 1755 380 1808 καὶ
432 1757 523 1809 τὸν
578 1755 830 1828 ὁρισμόν.
883 1759 1071 1810 "Eo-rw
1128 1753 1221 1808 οὖν
1275 1754 1365 1809 καὶ
1418 1758 1454 1825 ἡ
1513 1755 1705 1829 πρώτη
1747 1756 1930 1830 ἣμερα

286 1843 377 1942 ξοδ
406 1836 785 1942 Σεπτεμϐρίορ
816 1841 988 1915 μηνὸς
1039 1840 1269 1915 ὁρισμὸς
1325 1841 1415 1897 καὶ
1472 1842 1620 1918 ἆρχή
1661 1846 1758 1898 τοῦ
1788 1842 2003 1942 ὅλουΒ

281 1926 424 1993 ἔτους
456 1972 472 1985 .
524 1929 676 1987 Ἐπεὶ
739 1926 802 1984 δὲ
855 1930 1086 2004 Χριστὸς
1141 1929 1170 1984 ὁ
1226 1928 1358 1993 Θεὸς
1414 1931 1576 2003 ἡμῶν
1629 1930 1924 2007 βουληθεὶς

284 2016 638 2096 ἑπευΑογῆσαι
668 2021 774 2091 τήν
807 2018 988 2095 ἀρχὴν
1026 2022 1124 2075 τοῦ
1152 2018 1380 2095 χρόνου,
1415 2018 1629 2094 μᾶλλον
1684 2018 1742 2077 δὲ
1792 2016 1922 2078 ὅλον

280 2108 363 2162 τὸν
416 2108 641 2184 χρόνον,
697 2108 759 2163 ὃν
823 2108 987 2170 αὐτὸς
1042 2108 1149 2184 πρὸ
1210 2111 1318 2164 τῶν
1377 2107 1591 2165 αἰώνων
1649 2108 1921 2183 εποίησεν,

282 2196 526 2267 εἰσῆλθεν
581 2196 659 2260 εἷς
745 2199 850 2267 τήν
905 2197 1229 2273 συναγωγὴν
1303 2201 1414 2253 τῶν
1464 2195 1763 2255 Ἰουδαίωνο
1832 2201 1925 2256 καὶ

291 2286 524 2360 imbrium
561 2290 707 2362 αὖτῷ
739 2284 961 2365 βιϐλίον
1015 2287 1239 2347 Ἡσαΐου
1293 2292 1392 2345 τοῦ
1446 2292 1758 2369 προφήτου.
1815 2291 1922 2350 Καὶ

302 2377 505 2451 ἀνοίξας
556 2379 705 2450 αὐτὸ,
759 2379 879 2455 εὗρε
933 2379 1029 2434 τὸν
1085 2380 1254 2434 τόπον
1308 2377 1447 2436 ὅπου
1497 2381 1566 2451 ἦν
1608 2382 1926 2457 γεγραμμέ-

303 2488 411 2523 νονο
466 2472 679 2541 Πνεῦμα
726 2467 927 2543 Κυρίου
983 2468 1065 2522 ἐπ’
1120 2466 1256 2542 ἐμὲ,
1326 2469 1389 2525 οὗ
1446 2466 1642 2525 ε’ίνεκεν
1698 2468 1924 2547 ἔχρισέ-

282 2575 348 2630 με
378 2575 393 2589 ·
452 2555 907 2632 εὐαγγελίσασθαι
980 2561 1231 2632 πτωχοῖς
1313 2557 1617 2615 ἀπεσταλκέ
1676 2579 1760 2634 με’
1822 2580 1928 2631 κη-

278 2646 426 2721 ρύξαι
482 2644 883 2721 ατχμαλώτοις
938 2647 1166 2722 ἄφεσιν,
1225 2646 1315 2702 καὶ
1390 2647 1620 2727 τυφλοῖς
1694 2644 1924 2705 ἀνάϐλε-

278 2738 390 2809 ψιν·
445 2736 677 2791 καλὲσαι
765 2735 1004 2791 ἐνιαυτὸν
1096 2735 1301 2813 Κυρίου
1372 2732 1577 2794 δεκτόν.
1634 2737 1730 2794 Καὶ
1785 2739 1925 2795 ἀπο·

276 2820 399 2885 δοός
441 2824 504 2880 τὸ
591 2819 819 2901 βιϐλίον
900 2829 981 2898 τῷ
1059 2826 1313 2901 ὑπηρετῃ,
1372 2824 1654 2887 ἐκάθισεν.
1700 2829 1924 2885 "Ex-core

274 2912 562 2987 ἐχαρίσατο
591 2915 736 2987 ἡμῖν
787 2919 907 2978 τοῖς
962 2919 1311 2990 Χριστιανοῖς
1364 2916 1465 2986 τὴν
1518 2915 1670 2992 ἁγίαν
1727 2917 1921 2995 ἑορτὴν

272 3001 487 3073 ταύτην,
516 3003 590 3073 ἦν
646 3001 741 3058 καὶ
798 3001 1099 3081 προθύμως
1153 3003 1500 3081 ἑορτάζοντες
1557 3005 1925 3085 εὐχαριστοῦ-

277 3111 368 3165 μεν
399 3092 563 3165 αὐτῷ.

856 3185 934 3258 Τῇ
966 3182 1103 3260 αὐτῇ
1132 3185 1336 3263 ἡμέρᾳ-

276 3288 478 3364 Ηννίμη
546 3311 649 3347 του
735 3289 887 3346 ὁσίου
972 3292 1181 3369 Πατρὸς
1263 3295 1424 3369 ἡμῶν
1519 3290 1747 3370 Συμεὼν
1823 3298 1921 3351 τοῦ

955 3379 1245 3442 Στυλίτου.

350 3487 407 3541 '0
440 3488 593 3565 ἅγιος
652 3488 882 3562 Συμεὼν
938 3487 1150 3566 ἐγένετο
1208 3488 1315 3547 ἀπὸ
1372 3490 1733 3569 Ἀντιοχείας·
1799 3490 1920 3557 νιος

288 3573 346 3632 δί
372 3574 472 3647 ὢν,
519 3576 827 3654 προσετάγη
860 3579 1006 3655 παρᾶ
1052 3583 1162 3636 τῶν
1220 3601 1422 3657 γονεων
1479 3581 1646 3638 αὐτοῦ
1704 3580 1917 3659 βόσκειν

295 3660 559 3737 πρόϐατα,
607 3667 874 3743 Ἀργήσας
911 3664 970 3724 δὲ
1022 3689 1160 3726 ποτε
1215 3666 1305 3725 διὰ
1349 3670 1442 3727 τὸν
1496 3673 1771 3747 χειμῶνα,
1822 3674 1920 3728 τοῦ⁹

314 3750 391 3820 μὴ
448 3749 651 3824 βόσκειν
700 3754 765 3808 τὰ
810 3749 1081 3831 πρόϐατα,
1138 3756 1379 3828 ἀπῆλθεν
1434 3756 1511 3821 είς
1562 3759 1665 3829 τὴν
1718 3757 1920 3832 ἰκκλη.

302 3837 421 3893 σίαν
449 3844 549 3895 τοῦ
606 3846 727 3897 Θεοῦ
774 3846 909 3919 πρὸς
949 3844 1014 3901 τὸ
1044 3842 1311 3918 εὔξασθαι.
1372 3848 1477 3905 Καὶ
1532 3850 1670 3905 κατὰ
1724 3871 1918 3926 συγκυ-

281 3926 423 4001 ρίαν,
456 3926 654 3999 ἤκουσε
680 3937 771 3988 τοῦ
798 3933 957 4011 ἁγίου
988 3933 1330 4013 Εὐαγγελίου
1375 3935 1913 4013 ἂναγινωσκομὲνου·

274 4018 546 4094 Μακάριοι
576 4021 628 4075 οἱ
658 4022 878 4099 πτωχοὶ
922 4021 1004 4097 τῷ
1058 4026 1347 4100 πνεύματι,
1407 4024 1491 4083 ὅτι
1540 4026 1715 4084 αὐτῶν
1770 4027 1911 4085 ἐστιν

269 4108 301 4177 ἡ
358 4106 611 4183 βασιλεία
659 4114 769 4166 τῶν
855 4110 1097 4189 οὐρανῶν
1128 4132 1142 4146 ο
1212 4115 1302 4170 καὶ
1360 4114 1538 4190 ἀφῆκε
1584 4121 1763 4193 γονεῖς
1819 4116 1910 4173 καὶ

264 4196 450 4255 πάντα.
505 4198 609 4255 Καὶ
638 4198 882 4272 ἀπῆλθεν
909 4201 987 4268 είς
1011 4203 1112 4274 τὴν
1173 4203 1395 4281 Ααύρον,
1446 4208 1547 4279 τὴν
1602 4206 1914 4283 λεγομένην

263 4283 500 4362 μάνδραν
538 4333 559 4360 ,
616 4291 707 4344 καὶ
764 4288 973 4365 ἐγένετο
1031 4293 1273 4370 μοναχὸς
1330 4292 1417 4350 ἐπὶ
1473 4298 1572 4366 τῆς
1629 4296 1908 4373 βασιλείας

256 4382 488 4441 Λεοντος
517 4381 624 4433 τοῦ
662 4377 941 4454 Μεγάλου.
998 4386 1170 4437 Ὀπου
1216 4381 1306 4438 καὶ
1352 4384 1415 4440 τὸ
1445 4388 1665 4463 πρῶτον
1695 4385 1908 4464 ἀγωνι-

252 4466 513 4539 σάμενος,
545 4467 641 4522 καὶ
673 4469 878 4534 πάντας
922 4468 1049 4534 τοὺς
1105 4471 1387 4549 μοναχους
1445 4473 1497 4530 ὲν
1553 4475 1747 4540 πάσαις
1776 4476 1908 4557 ἀφε-

245 4560 359 4620 ταῖς
416 4559 659 4630 νικήσας
691 4601 709 4627 ,
760 4560 851 4615 καὶ
899 4560 962 4617 τὸ
1020 4565 1183 4636 σῶμα
1239 4564 1407 4620 αὐτοῦ
1467 4562 1538 4621 δι’
1589 4565 1905 4645 ἐγκρατείας

242 4648 629 4725 ηταξηρᾶνας
661 4670 675 4684 ο
723 4651 814 4707 καὶ
867 4650 971 4729 γὰρ
1058 4651 1369 4727 ἑνήστευσεν
1448 4658 1658 4734 ἡμέρας
1711 4680 1904 4716 τεσσα-

241 4737 505 4811 ράκοντα,
534 4737 638 4801 τὰς
697 4739 792 4814 μὶν
842 4742 1046 4798 εἳκοσιν
1103 4743 1411 4819 ἱστάμενος,
1468 4747 1565 4814 τὰς
1624 4747 1682 4805 δὶ
1731 4747 1908 4819 εἴκοσι

238 4829 635 4901 καθεζόμενος,
692 4826 781 4885 διὰ
835 4832 928 4886 τὸν
986 4830 1179 4890 κόπον.
1239 4835 1492 4910 Ὕστερον
1547 4837 1778 4909 ἀνῆλθεν
1812 4841 1900 4898 ἐπὶ

242 4915 437 5009 στύλον
484 4935 504 4950 ⁸
568 4916 657 5009 καί
718 4918 884 4996 μυρία
943 4920 1192 4996 θαύματα
1246 4927 1524 5001 ποιήσας,
1581 4928 1672 4985 καὶ
1733 4953 1902 5009 μεγας

239 5005 548 5080 γενόμενος
605 5005 679 5070 είς
753 5010 954 5073 πάντας
1036 5011 1358 5089 ἀνθρώπους
1392 5058 1407 5086 ,
1480 5017 1573 5072 καὶ
1648 5005 1898 5088 πολλοὺς

240 5098 339 5151 τῶν
391 5095 649 5153 ἀπίστων
716 5099 1005 5174 βαπτίσας,
1063 5102 1154 5157 καὶ
1207 5111 1746 5180 τεσσαρακονταεπτὰ
1800 5107 1894 5186 ἔτη

237 5182 320 5239 τὸν
342 5186 486 5243 Θεὸν
523 5185 855 5261 θεραπεύσας
885 5187 938 5244 ἐν
972 5189 1164 5268 εἰρήνῃ
1199 5191 1515 5268 ἕτελειώθη.

853 5303 930 5381 Τιῖ
951 5304 1087 5382 animi
1109 5308 1293 5385 ἡμέρᾳ

480 5434 487 5437 τ
598 5409 667 5468 Ἠ
696 5410 965 5486 ποίμησις
1005 5416 1189 5489 Ἰησοό
1227 5421 1327 5475 τοῦ
1355 5423 1535 5494 Nemi.

305 5512 492 5578 Οὗτος
522 5517 553 5572 ὁ
584 5517 794 5590 Ἰησοῦς
840 5518 1047 5596 δγένετο
1082 5523 1175 5596 μὶν
1235 5525 1352 5591 υἱὸς
1402 5531 1502 5584 τοῦ
1558 5530 1738 5602 Ναυῆ,
1773 5527 1895 5589 διᾶ-

312 5693 339 5730 ⁴
366 5695 485 5753 Isa.
515 5713 629 5769 LXI,
662 5703 715 5758 1.
796 5701 820 5737 ³
845 5702 1049 5764 Matth.
1079 5722 1116 5763 ν
1144 5706 1198 5763 3.

1955 500 2012 568 Α
2040 503 2361 562 Pravorum
2389 505 2712 564 affectuum
2739 507 3094 577 frenatores,
3142 512 3489 571 morborum
3518 532 3693 575 cura-

2039 685 2107 740 In
2127 684 2357 758 judicio
2380 690 2582 743 autem
2607 687 2865 743 maxime
2893 688 3053 760 apud
3083 691 3399 749 Dominum
3479 606 3698 677 (tores,

2041 773 2319 831 Fervidos
2350 776 2734 845 mediatores,
2756 777 3286 852 conciliatoresque
3318 799 3594 856 superum

2042 862 2255 921 Gloria;
2286 865 2576 935 occultos,
2612 872 2671 922 et
2698 867 2882 924 divini
2908 867 3144 940 imperii

2259 1010 2522 1107 ΜΕΝ
2532 1011 2682 1106 SE
2761 1010 3481 1110 SEPTEMBBI.

2670 1190 2791 1248 DIE
2826 1189 3061 1249 PRIMA

2515 1312 2566 1369 8
2594 1310 2825 1367 Initium
2852 1311 3199 1369 Indictionis.

2104 1436 2459 1494 Indictionis
2488 1436 2707 1493 festum
2738 1436 2897 1493 diem
2946 1437 3208 1495 celebrat
3262 1439 3366 1496 Dei
3398 1440 3682 1509 Ecclesia,

2034 1527 2355 1586 traditione
2388 1544 2424 1583 a
2458 1527 2787 1601 majoribus
2849 1533 3111 1600 accepta,
3143 1529 3301 1602 quod
3329 1529 3402 1586 ab
3450 1530 3561 1588 hac
3591 1531 3688 1587 die

2036 1619 2451 1677 existimarent
2479 1634 2608 1673 esse
2642 1618 2926 1690 temporis
2956 1619 3341 1693 principium,
3363 1637 3498 1676 cum
3526 1620 3689 1676 indi-

2035 1708 2295 1765 ctionem
2324 1709 2575 1764 Romani
2608 1707 2814 1764 dicant
2842 1708 3225 1781 principium,
3260 1714 3319 1765 et
3338 1710 3542 1767 ﬁnem.
3578 1712 3681 1766 Est

2032 1798 2211 1872 igitur
2241 1797 2369 1854 dies
2393 1797 2624 1870 primus
2655 1797 2882 1854 mensis
2908 1797 3290 1871 Septembris,
3322 1799 3465 1855 anni
3498 1800 3681 1856 totius

2029 1886 2392 1960 principium
2423 1891 2482 1942 et
2511 1887 2667 1942 ﬁnis.
2703 1886 2815 1943 Sed
2861 1893 3177 1961 postquam
3224 1887 3494 1945 Christus
3529 1890 3680 1945 Deus

2034 1981 2229 2033 noster
2258 1976 2462 2032 volens
2490 1975 2843 2032 benedicere
2868 1977 3227 2051 principium
3250 1979 3555 2049 temporis,
3588 1979 3677 2034 vel

2033 2067 2233 2140 potius
2263 2070 2453 2121 totum
2482 2070 2736 2137 tempus,
2769 2066 2928 2137 quod
2958 2067 3084 2138 ipse
3111 2071 3247 2122 ante
3279 2069 3497 2124 saecula
3525 2068 3695 2139 ἰθοοσ,

2032 2160 2145 2225 rat,
2178 2155 2479 2229 ingressus
2510 2160 2601 2210 est
2629 2170 2985 2229 synagogam
3013 2155 3372 2223 Iudaeorum,
3398 2156 3682 2213 traditus-

2033 2261 2148 2319 que
2179 2249 2271 2301 est
2299 2244 2353 2300 ei
2382 2243 2534 2300 liber
2560 2234 2727 2300 Isaiae
2758 2244 3080 2316 propheta),
3119 2260 3309 2317 eoque
3349 2251 3552 2317 aperto
3585 2246 3675 2301 in-

2033 2335 2195 2392 venit
2238 2334 2437 2391 locum
2480 2334 2581 2390 ubi
2614 2334 2901 2407 scriptum
2954 2340 3110 2390 erat:
3173 2334 3416 2405 Spiritus
3462 2335 3685 2391 Domini

2033 2441 2198 2496 super
2223 2441 2307 2480 me
2336 2440 2349 2479 :
2360 2430 2660 2496 propterea
2688 2427 2852 2480 unxit
2878 2441 2982 2493 me,
3008 2422 3389 2494 evangelisare
3412 2425 3683 2497 pauperi-

2036 2515 2133 2571 bus
2188 2516 2339 2571 misit
2375 2530 2480 2582 me,
2538 2514 2854 2585 pradicare
2901 2516 3137 2585 captivis
3180 2516 3572 2583 remissionem,
3630 2523 3681 2572 et

2033 2607 2195 2663 cacis
2220 2603 2420 2673 visum,
2451 2619 2647 2660 vocare
2674 2620 2883 2660 annum
2931 2606 3149 2660 Domini
3198 2605 3589 2677 acceptabilem
3620 2611 3638 2643 ί
3665 2606 3681 2662 2

2035 2699 2095 2751 et
2122 2693 2379 2750 reddens
2408 2693 2628 2750 librum
2658 2692 2956 2763 ministro,
2990 2694 3183 2765 sedit;
3213 2711 3286 2751 ex
3316 2711 3385 2751 eo
3414 2700 3681 2767 tempore

2033 2783 2209 2840 nobis
2237 2783 2590 2840 Christianis
2620 2788 2911 2841 sacratam
2944 2784 3099 2841 hanc
3120 2784 3528 2847 celebritatem
3554 2785 3677 2841 lar-

2032 2874 2187 2948 gitus
2219 2878 2328 2945 est,
2358 2889 2539 2945 quam
2561 2874 2741 2931 alacri
2783 2874 2984 2931 animo
3039 2880 3409 2948 peragentes,
3458 2875 3676 2948 gratias

2032 2963 2228 3022 eidem
2256 2963 2566 3022 habemus.

2664 3269 2887 3327 Eodem
2917 3268 3034 3327 die.

2102 3418 2152 3472 Δ
2182 3416 2448 3472 Memoria
2471 3415 2650 3471 sancti
2693 3416 2879 3471 Patris
2932 3418 3112 3471 nostri
3138 3415 3406 3472 Simeonis
3436 3414 3670 3486 Stylitae.

2101 3620 2315 3677 Sancto
2345 3619 2605 3677 Simeoni
2637 3619 2831 3693 patria
2859 3619 2972 3677 fuit
3021 3620 3355 3678 Antiochia.
3386 3624 3533 3679 Cum
3564 3636 3670 3678 au-

2028 3714 2148 3767 tem
2178 3709 2528 3767 adolescens
2545 3714 2723 3780 esset,
2746 3709 2953 3783 jussus
2986 3715 3074 3767 est
3097 3726 3132 3766 a
3161 3710 3508 3785 parentibus
3532 3729 3670 3785 pas-

2027 3816 2160 3857 cere
2190 3817 2347 3857 oves.
2380 3801 2594 3856 Nactus
2619 3817 2754 3857 vero
2781 3800 3103 3873 aliquando
3130 3817 3379 3857 vacuum
3418 3818 3487 3857 ac
3516 3802 3667 3857 libe-

2023 3908 2157 3948 rum
2187 3890 2396 3958 otium,
2430 3889 2590 3963 quod
2619 3907 2727 3963 per
2762 3890 3036 3963 hyemem
3084 3908 3220 3948 oves
3268 3908 3511 3964 pascere
3540 3909 3666 3948 non

2022 3980 2263 4051 licebat,
2289 3980 2590 4053 ingressus
2613 3980 2925 4036 ecclesiam
2948 3982 3072 4051 Dei,
3094 3987 3161 4037 ut
3179 3987 3394 4051 oraret,
3420 3983 3667 4056 contigit

2019 4076 2086 4126 ut
2114 4069 2348 4126 audiret
2375 4070 2543 4125 illam
2572 4070 2761 4125 sancti
2792 4070 3090 4143 Evangelii
3121 4072 3441 4127 lectionem
3468 4088 3481 4127 :
3506 4074 3666 4127 Beati

2011 4176 2285 4232 pauperes
2314 4160 2541 4230 spiritu,
2574 4158 2840 4230 quoniam
2858 4159 3101 4230 ipsorum
3126 4166 3204 4216 est
3232 4177 3460 4231 regnum
3490 4162 3663 4217 cazlo-

2016 4265 2139 4306 rum
2161 4250 2203 4307 ².
2236 4251 2307 4305 Ει
2335 4248 2534 4305 statim
2564 4248 2903 4305 valedicens
2934 4249 3303 4321 parentibus,
3334 4266 3403 4306 ac
3432 4251 3663 4305 caeteris

2017 4338 2319 4410 omnibus,
2342 4337 2489 4394 abiit
2516 4338 2579 4393 in
2598 4337 2852 4406 lauram,
2879 4355 3010 4410 quae
3033 4339 3211 4393 etiam
3232 4337 3483 4394 mandra
3502 4338 3660 4394 dice-

2012 4427 2222 4486 batur:
2247 4429 2695 4501 monachusque
2717 4428 2961 4483 eﬂ‘ectus
2980 4433 3070 4482 est
3088 4427 3444 4499 imperatore
3466 4429 3659 4483 Leone

2013 4520 2258 4591 Magno:
2288 4517 2390 4573 ubi
2438 4517 2700 4589 primum
2742 4516 3031 4572 acerrime
3070 4516 3411 4585 decertavit,
3443 4523 3503 4574 et
3528 4535 3655 4574 mo-

1932 4629 1979 4696 D
2012 4607 2236 4664 nachos
2265 4623 2475 4664 omnes
2529 4605 2694 4662 omni
2723 4604 3007 4661 virtutum
3063 4622 3278 4680 genere
3337 4609 3654 4681 superavit,

2013 4698 2198 4753 Tanta
2232 4700 2432 4753 autem
2461 4695 2832 4753 continentia
2886 4713 3099 4770 corpus
3130 4713 3303 4753 suum
3348 4715 3651 4769 coercens,

2013 4782 2247 4840 aridum
2260 4783 2410 4840 illud
2434 4784 2658 4841 effecit:
2683 4784 2903 4840 etenim
2926 4784 3315 4857 quadraginta
3336 4786 3651 4841 continuos

2012 4872 2160 4942 dies,
2182 4872 2386 4947 viginti
2411 4872 2651 4946 quidem
2675 4873 2905 4941 stando,
2922 4874 3186 4946 reliquos
3207 4891 3342 4929 vero
3367 4874 3650 4947 sedendo,

2008 4961 2231 5020 laboris
2261 4963 2478 5032 studio,
2526 4962 2861 5036 jejunabat.
2918 4964 3166 5019 Demum
3207 4964 3267 5019 in
3312 4964 3651 5021 columnam

2009 5053 2297 5125 ascendit,
2332 5058 2390 5109 et
2419 5054 2739 5109 innumera
2768 5054 3058 5109 miracula
3086 5054 3355 5125 patravit.
3384 5054 3648 5126 Cumque

2007 5143 2166 5216 apud
2191 5160 2400 5200 omnes
2422 5160 2670 5216 magnus
2701 5160 2768 5200 ac
2798 5143 3050 5200 celebris
3074 5145 3372 5214 evasisset,
3407 5145 3653 5202 multos~

2008 5248 2121 5305 que
2144 5232 2477 5288 inﬁdelium
2509 5233 2880 5305 baptizasset,
2914 5239 2973 5289 et
3002 5233 3395 5307 quadraginta
3425 5240 3652 5309 septem

2007 5328 2197 5379 annos
2228 5323 2345 5378 Deo
2388 5322 2709 5391 serviisset,
2744 5324 2805 5379 in
2835 5339 2979 5396 pace
3012 5323 3288 5381 decessit.

2638 5449 2858 5507 Eodem
2907 5450 3023 5508 die.

2391 5567 2715 5627 ﬁDormitio
2752 5569 2915 5624 Iosue
2953 5569 3060 5638 ﬁlii
3088 5571 3254 5626 Nave.

2074 5675 2180 5733 llic
2204 5678 2378 5735 Iosue
2410 5678 2571 5737 illius
2601 5676 2843 5753 quidem
2874 5677 3024 5734 Nave
3054 5678 3187 5746 fuit,
3219 5690 3524 5733 successor
3550 5688 3647 5727 au-
