4030 6196
314 379 394 443 23
1611 372 1968 441 MENOLOC

2093 367 2301 432 PARS
2347 369 2397 428 Ι.
3642 381 3722 440 ει

317 521 436 574 tem
469 518 682 590 Moysis
714 519 1095 576 Hebraeorum
1118 515 1597 590 legislatoris,vir
1623 513 1815 584 fortis,
1843 509 1957 565 rei-

2079 501 2246 578 δοχος
2306 499 2363 590 δὶ
2418 499 2698 566 Μωϋσέως
2750 507 2847 560 τοῦ
2903 507 3202 581 νομοθέτου
3257 513 3365 566 τῶν
3424 507 3720 588 Ἐϐραίωνο

319 625 434 680 que
465 608 743 664 militaris
769 610 1014 681 peritus.
1042 611 1184 664 Nam
1210 607 1480 662 Hiericho
1507 605 1797 661 munitam
1821 601 1966 656 alie-

320 697 674 769 nigenarum
705 697 915 753 urbem
960 697 1334 768 expugnavit,
1388 695 1823 764 Jordanemque
1855 691 1969 746 flu-

326 786 485 841 vium
513 803 621 858 per
650 788 874 841 siccum
909 787 1179 840 transivit
1208 802 1328 840 una
1356 801 1490 840 cum
1512 783 1752 856 populo,
1785 786 1844 836 et
1872 798 1965 836 ar-

318 891 387 930 ca
418 877 540 931 Dei.
575 875 918 930 Michaelem
939 875 1118 930 etiam
1142 875 1397 930 cmlestis
1428 873 1721 928 exercitus
1748 870 1969 942 princi-

320 983 456 1038 pem
507 982 708 1020 ensem
757 984 878 1038 praa
930 966 1204 1021 manibus
1251 969 1551 1019 tenentem
1603 963 1788 1016 vidit:
1851 977 1966 1031 quo

318 1055 518 1110 statim
550 1055 802 1126 cognito,
835 1056 1084 1126 abjectis
1113 1054 1369 1126 propriis
1391 1053 1594 1120 armis,
1621 1051 1782 1106 illius
1810 1050 1970 1122 pedi-

318 1145 428 1199 bus
449 1143 796 1199 advolutus:
830 1143 1000 1214 Quid,
1061 1144 1278 1214 inquit,
1314 1144 1573 1214 imperas
1606 1158 1774 1196 servo
1809 1146 1907 1194 tuo
1939 1139 1966 1194 ?

316 1233 536 1288 Adhaac
567 1249 700 1288 cum
719 1233 927 1304 prmlio
955 1232 1266 1288 dimicaret
1296 1249 1430 1288 cum
1455 1231 1824 1304 alienigenis,
1843 1229 1964 1284 sol-

321 1340 435 1395 que
467 1322 541 1378 ad
563 1337 838 1378 occasum
869 1322 1525 1393 appropinquaret,ipse
1557 1337 1691 1376 vero
1722 1319 1964 1374 vincen«

321 1411 382 1466 di
415 1410 708 1466 desiderio
741 1415 1062 1474 teneretur,
1092 1411 1413 1465 maximam
1437 1410 1496 1464 in
1525 1411 1642 1464 Deo
1676 1424 1840 1480 spem
1863 1407 1970 1462 ha-

320 1500 489 1566 bens,
523 1500 836 1570 imperavit
866 1499 974 1555 soli
997 1506 1063 1554 ut
1083 1505 1296 1555 staret:
1325 1499 1602 1570 stetitque
1623 1497 1712 1553 sol
1737 1514 1749 1551 :
1774 1512 1969 1568 neque

320 1592 485 1664 prius
507 1591 744 1660 occidit,
767 1607 944 1662 quam
970 1592 1168 1646 hostes
1189 1591 1514 1645 fortissime
1536 1590 1596 1644 in
1618 1589 1816 1662 fugam
1837 1604 1968 1642 ver-

323 1681 414 1736 tit.
447 1681 593 1736 Cum
624 1680 801 1752 igitur
850 1679 1131 1734 exercitui
1179 1679 1531 1751 praefuisset,
1566 1677 1968 1751 populumque

325 1769 714 1825 Israeliticum
730 1785 800 1825 ex
813 1785 1012 1824 eremo
1029 1775 1184 1824 recte
1206 1768 1504 1835 eductum,
1520 1767 1580 1822 in
1600 1773 1818 1822 terram
1843 1783 1974 1838 pro-

2075 592 2212 680 άνῇρ
2244 589 2490 666 ἀνδρεῖος
2520 594 2610 647 καὶ
2643 614 3021 670 στρατηγικος.
3059 599 3153 652 Καὶ
3195 600 3299 675 γάρ
3348 601 3448 670 τὴν
3481 603 3723 680 Ἱεριχὼ,

2073 677 2238 735 πόλιν
2298 683 2457 734 οὖσαν
2532 681 2758 756 ἰσχυράν
2812 688 2922 738 τῶν
2979 683 3314 764 ἀλλοφύλων
3351 733 3365 759 ,
3423 677 3720 765 παρέλαδεο

2072 770 2159 824 καὶ
2199 768 2292 823 τόν
2365 771 2611 844 ποταμὸν
2684 769 2960 846 Ἰορδάνην
3049 771 3137 829 διὰ
3195 779 3361 851 ξηρᾶς
3444 775 3721 857 διεπέρασε

2077 857 2210 931 μετᾶ
2237 862 2334 913 τοῦ
2391 856 2548 928 λαοῦ,
2583 859 2670 914 καὶ
2701 867 2802 930 τῆς
2833 857 3074 918 κιϐωτοῦ
3123 869 3220 919 τοῦ
3282 871 3436 926 Θεοῦ.
3484 856 3717 925 Καὶγτὸν

2072 948 2510 1024 ἀρχιστράτηγον
2579 949 2814 1024 Μιχαὴλ
2902 950 3150 1008 ἐθεάσατο
3235 961 3534 1032 κρατοῦντα
3582 958 3724 1036 ῥομ-

2073 1037 2258 1112 φαίαν,
2320 1037 2408 1093 καὶ
2469 1038 2740 1113 γνωρίσας
2789 1040 2973 1112 αὐτὸν,
3029 1041 3215 1121 ἔρριψε
3269 1046 3336 1102 τὰ
3387 1045 3506 1102 ἵδια
3552 1048 3722 1124 ὅπλα,

2072 1127 2161 1181 καὶ
2193 1122 2380 1183 ἔπεσεν
2412 1127 2486 1190 είς
2528 1128 2656 1192 τοὺς
2715 1128 2885 1193 πόδας
2937 1132 3122 1202 αὐτοῦ,
3187 1135 3374 1190 εῗπών·
3435 1138 3502 1195 Τί
3551 1122 3725 1212 προσᾹ-

2074 1215 2288 1279 τάσσεις
2316 1222 2394 1290 τῷ
2426 1222 2502 1290 σῷ
2533 1217 2714 1294 οἰκέτῃ
2746 1239 2760 1288 ;
2794 1219 3062 1295 Πολεμῶν
3096 1221 3152 1278 δὲ
3193 1226 3327 1302 πρὸς
3380 1225 3508 1290 τοὺς
3545 1226 3723 1284 ἀλλο·

2076 1305 2302 1383 φύλους,
2333 1307 2424 1361 καὶ
2453 1309 2550 1362 τοῦ
2573 1306 2738 1377 ἡλίου
2771 1310 2907 1382 πρὸς
2958 1309 3107 1366 δύσιν
3137 1308 3314 1385 ὄντος,
3347 1312 3492 1391 ἔχων
3527 1315 3726 1382 ἐπιθυ-

2079 1397 2204 1470 μίαν
2237 1399 2332 1450 τοῦ
2388 1402 2600 1466 νικῆσαι
2660 1398 2880 1470 αὐτοὺς,
2937 1399 3231 1477 ἐθάρρησεν
3291 1403 3368 1467 εἷς
3420 1405 3515 1460 τὸν
3569 1407 3716 1475 Θεὸν,

2073 1487 2162 1541 καὶ
2225 1487 2391 1540 εἶπεν
2459 1488 2652 1556 Στήτω
2711 1489 2738 1542 ὁ
2797 1487 2983 1557 ἥλιος·
3044 1491 3136 1546 καὶ
3194 1493 3391 1556 εὐθέως
3449 1495 3646 1567 ἐστάθη
3687 1495 3716 1550 ὁ

2073 1574 2254 1645 ἣλιος,
2288 1573 2376 1629 καὶ
2411 1574 2513 1630 οὐκ
2535 1573 2732 1646 ἔδυνεν,
2793 1574 2893 1641 ἕως
2941 1575 3128 1655 ἔτρεψε
3181 1581 3306 1646 τοὺς
3358 1582 3590 1660 ἐχθροὺς
3621 1584 3716 1641 αὖ·

2072 1669 2169 1721 τοῦ
2225 1668 2358 1721 κατά
2414 1667 2630 1740 κράτος.
2693 1672 3079 1746 Στρατηγήσας
3140 1670 3197 1727 δὲ
3244 1679 3340 1729 τοῦ
3395 1675 3572 1750 λαοῦ,
3628 1675 3714 1731 καὶ

2076 1753 2348 1831 διαγαγὼν
2379 1755 2572 1818 αὐτοὺς
2601 1755 2660 1812 ἐκ
2712 1764 2812 1827 τῆς
2865 1758 3077 1834 ἐρήμου
3119 1762 3328 1832 καλῶς,
3385 1765 3474 1819 καὶ
3509 1765 3717 1841 ἀπαγα-

326 1857 652 1924 missionis,
685 1873 814 1928 quae
844 1862 932 1912 est
966 1857 1391 1928 Hierosolyma,
1424 1856 1709 1925 duxisset,
1745 1870 1968 1927 perque

2079 1844 2188 1920 γὼν
2223 1845 2296 1907 εἰς
2328 1846 2427 1914 τὴν
2459 1853 2564 1918 γῆν
2602 1853 2704 1916 τῆς
2743 1847 3062 1924 ἐπαγγελίας
3095 1850 3218 1919 ἥτις
3249 1850 3358 1906 ἐστὶ
3389 1853 3457 1908 τά
3485 1855 3719 1928 Ἱεροσό-

2083 1934 2102 1954 \
2359 1937 2373 1954 \
2509 1939 2520 1954 Ι
2687 1939 2700 1954 \
2801 1939 2821 1954 ς
2881 1939 2895 1954 ι
3052 1945 3078 1954 .-
3138 1943 3175 1954 ι-
3297 1943 3344 1954 ιι
3441 1945 3459 1954 ι
3700 1948 3711 1954 -

332 1962 523 2002 annos
549 1947 748 2019 viginti
779 1952 1002 2018 septem
1020 1946 1370 2018 judicasset,
1395 1951 1662 1999 mortuus
1685 1950 1774 1999 est
1792 1949 1968 2014 atque

330 2037 654 2092 honorifice
687 2037 750 2091 in
781 2035 986 2092 eadem
1023 2041 1179 2090 terra
1207 2051 1241 2089 a
1267 2034 1485 2106 populo
1535 2051 1640 2089 suo
1681 2033 1968 2106 sepultus.

973 2194 1194 2250 Eodem
1225 2195 1319 2250 die

324 2315 373 2371 ϐ
421 2315 711 2372 Certamen
770 2321 1090 2369 sanctarum
1143 2313 1522 2386 qnadraginta
1577 2314 1872 2383 virginum,
1919 2317 1971 2368 et

733 2405 1021 2460 Ammonis
1049 2417 1243 2459 earum
1273 2402 1548 2472 magistri.

388 2531 790 2604 Quadraginta
815 2532 1024 2586 harum
1048 2531 1340 2603 virginum
1365 2535 1764 2600 etmartyrum
1787 2533 1970 2584 coetus

316 2621 572 2693 patriam
593 2619 1257 2690 habuitAdrianopolim
1276 2618 1656 2688 Macedoniae;
1669 2617 1969 2672 doctorem

321 2716 520 2766 autem
553 2709 690 2764 fidei
714 2713 1066 2764 Ammonem
1085 2709 1424 2774 diaconum,
1448 2724 1482 2763 a
1504 2725 1620 2778 quo
1653 2723 1720 2762 ea
1742 2725 1872 2778 qua:
1895 2706 1970 2762 ad

323 2800 610 2855 cmlorum
652 2815 899 2870 regnum
948 2799 1272 2869 pertinent,
1334 2797 1688 2852 didicerunt.
1723 2796 1806 2851 Ob
1839 2812 1969 2851 eam

325 2895 524 2944 autem
567 2904 805 2942 causam
833 2903 866 2942 a
896 2887 1146 2958 praeside
1188 2885 1457 2956 ejusdem
1489 2885 1654 2940 urbis
1699 2901 1967 2956 compre-

326 2974 750 3041 hensae,multa
780 2975 1210 3046 suppliciorum
1244 2990 1463 3046 genera
1491 2990 1785 3044 perpessa:
1809 2977 1967 3041 sunt,

325 3064 485 3137 quod
513 3063 674 3119 idola
729 3063 976 3119 adorare
1008 3069 1371 3118 recusarent.
1434 3062 1656 3117 Deinde
1699 3062 1968 3117 adductae

328 3157 614 3222 Bermam,
649 3159 716 3208 ut
746 3154 1170 3222 sacriﬁcarent,
1205 3170 1339 3208 cum
1381 3153 1459 3207 ibi
1492 3154 1676 3208 Deum
1707 3157 1967 3221 orarent,

2082 1934 2252 2008 λυμα,
2285 1937 2376 1991 καὶ
2432 1939 2619 2011 κρίνας
2648 1939 2738 1993 τὸν
2801 1939 2932 1994 λαὸν
2985 1945 3082 1996 τοῦ
3138 1943 3358 2018 Ἰσραὴλ
3412 1945 3580 2001 εἷ’κοσι
3628 1948 3719 2002 καὶ

2079 2023 2214 2078 ἒπτᾶ
2263 2018 2379 2095 ἔτη,
2409 2023 2746 2097 ἐτελεύτησε.
2777 2029 2864 2082 καὶ
2899 2025 3066 2106 ἐτάφη
3102 2028 3331 2105 ἐντίμως
3383 2031 3436 2088 ἐν
3484 2032 3621 2108 αὐτῇ
3647 2038 3714 2110 τῇ

2077 2117 2151 2190 γῇ
2187 2114 2290 2169 ὑπὸ
2318 2120 2418 2170 τοῦ
2452 2112 2593 2170 ἰδίου
2627 2115 2782 2173 λαοῦ.

2667 2238 2744 2309 τῇ
2780 2235 2914 2310 αὕτῇ
2947 2237 3130 2313 ἡμέρᾳ

2077 2338 2342 2412 Ἀθλησις
2390 2345 2498 2397 τῶν
2559 2341 2726 2417 ἁγίων
2784 2346 3184 2419 γεσσαράκοντα
3235 2349 3518 2423 παρθὲνων

2396 2432 2626 2505 Ἀμμὼν
2657 2436 2756 2486 τοῦ
2803 2429 3140 2489 διδασκάλου
3167 2434 3395 2510 ιαῦτῶν.

3555 2397 3570 2424 ,
3628 2351 3717 2405 καὶ

2145 2551 2262 2604 Τῶν
2321 2549 2719 2623 τεσσαράκοντα
2769 2548 2977 2604 τούτων
3028 2547 3307 2626 παρθένων
3361 2555 3446 2608 καὶ
3511 2553 3715 2629 μαρτύ-

2076 2657 2184 2714 ρων
2233 2639 2296 2692 τὸ
2350 2635 2566 2706 πλῆθος
2623 2636 2830 2712 ἐγένετο
2888 2639 2994 2694 ἀπὸ
3067 2638 3563 2716 Ἀδριανουπόλεως
3617 2650 3720 2714 τῆς

2077 2723 2410 2787 Μακεδονίας
2444 2770 2456 2783 .
2518 2724 2850 2782 Διδάσκαλον
2939 2726 2995 2783 δὲ
3047 2726 3272 2804 ἔχουσαι
3321 2737 3422 2802 τῆς
3478 2731 3712 2795 πίστεως

2075 2815 2306 2888 ’Λμμὼν
2333 2815 2424 2870 τὸν
2449 2812 2718 2888 διάκονον,
2752 2813 2953 2889 ἔμαθον
3015 2819 3102 2873 ὑπ’
3133 2819 3299 2875 αὐτοῦ
3326 2821 3395 2876 τὰ
3443 2820 3566 2896 περὶ
3612 2828 3714 2891 τῆς

2079 2903 2357 2980 βασιλείας
2386 2926 2491 2959 των
2535 2905 2799 2980 οὐρανῶν
2854 2904 2942 2961 διά
2966 2912 3126 2964 τοῦτο
3183 2909 3272 2964 καὶ
3331 2909 3703 2986 ἐκρατήθησαν

2075 2994 2220 3068 παρὰ
2247 2998 2343 3049 τοῦ
2372 3001 2472 3064 τῆς
2526 2995 2698 3064 αὐτῆς
2755 2995 2970 3059 πόλεως
3029 2997 3316 3073 ἄρχοντος.
3378 2999 3478 3055 Καὶ
3528 2999 3715 3056 πολλὰ

2076 3083 2494 3158 ἐτιμωρήθησαν
2553 3081 2642 3138 διὰ
2697 3086 2759 3139 τὸ
2815 3087 2891 3158 μὴ
2951 3095 3322 3160 προσκυνῆσαι
3377 3095 3494 3153 τοῖς
3551 3089 3715 3146 εἰδώ-

2075 3173 2218 3233 λοις.
2265 3173 2396 3228 Εἶτα
2443 3171 2696 3248 ἤχθησαν
2755 3173 2831 3239 εἷς
2889 3175 3140 3248 Θεροίην,
3190 3181 3286 3232 τοῦ
3341 3179 3516 3237 Θῦσαι.
3550 3183 3718 3244 Ἔνθα

322 3245 602 3318 precibus
620 3245 742 3300 suis
767 3245 1111 3310 effecerunt,
1146 3249 1214 3298 ut
1235 3243 1501 3298 sublatus
1521 3243 1582 3297 in
1604 3259 1741 3298 aera
1772 3259 1964 3298 sacer-

2080 3259 2452 3333 προσηύξαντο
2490 3243 2657 3336 ⁷πρὸς
2729 3261 2820 3316 τὸν
2910 3243 3036 3317 Θεὸν
3074 3243 3203 3318 ’καὶ
3280 3263 3584 3341 ἐκρεμάσθη
3644 3243 3719 3331 είς

333 3335 442 3391 dos
471 3335 773 3390 idolorum
804 3333 1164 3401 concideret,
1199 3339 1258 3388 et
1283 3333 1481 3388 statim
1513 3332 1803 3388 interiret.
1838 3336 1971 3386 Post

320 3427 450 3480 hinc
484 3431 724 3480 sanctus
748 3426 1004 3478 Ammon
1031 3423 1437 3494 suspenditur,
1471 3427 1528 3477 et
1575 3422 1636 3476 in
1685 3421 1971 3476 lateribus

324 3513 630 3584 scalpitur,
663 3513 946 3584 nudoque
971 3512 1162 3584 capite
1208 3511 1519 3566 cadentem
1553 3509 1845 3566 cassidem
1876 3511 1969 3564 in-

325 3600 508 3655 duere
539 3600 919 3670 compellitur
945 3615 959 3654 :
1016 3605 1072 3653 et
1110 3615 1229 3653 una
1260 3616 1394 3654 cum
1425 3598 1747 3670 virginibus
1778 3597 1850 3653 ad
1881 3597 1971 3653 Li-

324 3689 550 3744 cinium
585 3694 902 3760 tyrannum
933 3689 1207 3742 mittitur.
1234 3688 1334 3757 qui
1368 3687 1647 3742 adversus
1669 3687 1805 3742 illos
1837 3703 1970 3742 sen-

325 3778 575 3833 tentiam
631 3778 840 3832 mortis
890 3777 1311 3847 pronuntiavit.
1373 3777 1441 3830 Et
1493 3775 1699 3830 decem
1731 3776 1972 3846 quidem

328 3885 533 3925 earum
563 3869 698 3940 igne
727 3873 1094 3938 consumpta:
1126 3875 1266 3923 sunt
1299 3885 1310 3922 :
1347 3873 1476 3922 octo
1509 3885 1643 3922 cum
1690 3868 1970 3940 magistro

328 3975 434 4013 suo
469 3958 822 4013 decollataa:
867 3958 1073 4013 decem
1128 3958 1189 4012 in
1250 3974 1371 4026 ore,
1431 3965 1490 4012 et
1543 3957 1720 4012 corde
1776 3957 1969 4030 gladio

325 4047 625 4102 transﬁxa:
665 4048 1088 4103 decesserunt:
1124 4063 1226 4101 sex
1285 4047 1626 4102 minutatim
1681 4048 1968 4103 concisas:

325 4153 428 4192 sex
459 4135 714 4208 denique
746 4138 965 4208 injecto
999 4137 1061 4190 in
1084 4153 1149 4191 os
1179 4136 1416 4191 cadanti
1449 4136 1604 4192 ferro
1664 4137 1969 4194 exstincta:

328 4229 487 4282 sunt.

878 4315 1119 4371 EODEM
1150 4315 1400 4370 MENSE.

950 4430 1053 4485 Die
1087 4429 1349 4485 secunda

437 4543 475 4596 7
515 4543 794 4598 Certamen
823 4542 998 4596 sancti
1028 4543 1217 4610 magni
1247 4541 1508 4611 martyris
1547 4543 1861 4598 Mamantis.

399 4660 619 4713 Mamas
651 4656 1074 4712 celeberrimus
1092 4663 1316 4728 martyr
1339 4658 1656 4713 Aureliano
1687 4661 1973 4714 Romano-

327 4765 462 4804 rum
490 4751 701 4803 Cesare
723 4746 954 4801 claruit.
989 4748 1131 4801 Cum
1167 4752 1365 4802 autem
1397 4748 1700 4818 orphanus
1731 4748 1970 4802 relictus

327 4840 558 4908 fuisset,
584 4836 928 4910 parentibus
947 4837 1008 4891 in
1027 4853 1262 4891 carcere
1290 4836 1362 4890 ob
1378 4836 1771 4892 Christianam
1792 4836 1970 4891 fidem

329 4929 656 4990 exstinctis,
677 4945 708 4982 a
727 4927 982 4997 quadam
1002 4927 1278 4998 religiosa
1302 4926 1580 4981 senatorii
1605 4925 1832 4980 ordinis
1851 4942 1970 4980 ma-

329 5025 505 5073 trona
535 5016 818 5071 educatus
851 5023 956 5070 est.
983 5021 1125 5070 Cum
1171 5033 1304 5070 vero
1337 5015 1409 5069 ad
1441 5015 1630 5069 aetatis
1658 5014 1965 5068 maturita-

329 5115 446 5163 tem
472 5107 858 5179 pervenisset,
894 5110 1320 5176 cogereturque
1352 5104 1423 5160 ab
1458 5104 1750 5158 idolorum
1777 5102 1969 5157 culto-

325 5199 492 5252 ribus
512 5197 846 5252 sacriﬁcare
867 5194 1065 5260 idolis,
1100 5194 1264 5248 nulla
1283 5209 1546 5263 unquam
1571 5192 1796 5246 ratione
1820 5189 1892 5244 ad
1910 5191 1969 5246 id

325 5286 537 5344 adduci
570 5286 760 5357 potuit
787 5302 799 5352 ;
835 5284 937 5338 sed
959 5300 993 5338 a
1024 5283 1220 5337 divino
1253 5282 1462 5353 angelo
1495 5283 1555 5335 in
1590 5286 1850 5336 montem
1875 5281 1971 5336 de-

322 5384 609 5451 portatus,
643 5376 722 5430 ibi
756 5391 939 5430 cervze
973 5373 1125 5427 lacte
1150 5373 1438 5438 alebatur,
1467 5371 1745 5442 solusque
1778 5372 1966 5426 conti-

323 5470 461 5525 nuis
483 5468 554 5523 ad
589 5469 775 5521 Deum
811 5463 1087 5535 precibus
1119 5463 1292 5516 vitam
1325 5460 1682 5516 traducebat.
1711 5463 1849 5516 Post
1865 5477 1970 5515 au--

325 5564 440 5612 tam
477 5557 780 5627 aliquanto
813 5569 946 5606 cum
980 5551 1138 5604 illius
1162 5551 1314 5604 fama
1343 5551 1512 5621 longe
1545 5550 1778 5620 lateque
1809 5565 1966 5604 ema-

330 5652 520 5712 naret,
556 5647 769 5698 iterum
819 5641 1303 5710 comprehensus,
1339 5657 1372 5694 a
1399 5638 1648 5710 praeside
1685 5643 1966 5694 Cmsarcm

313 5733 708 5806 ,compellitur
767 5728 926 5784 idola
964 5729 1230 5785 adorare.
1279 5728 1344 5785 Id
1388 5733 1688 5784 aversatus
1738 5727 1860 5798 ille,
1905 5729 1967 5785 in

2076 3354 2168 3406 τὸν
2201 3349 2380 3426 ἀέραὸ
2410 3350 2587 3426 ἱερεὺς
2618 3355 2724 3406 τῶν
2773 3349 3040 3424 εἰδώλων,
3097 3354 3187 3408 καὶ
3235 3355 3411 3410 πεσὼν
3471 3357 3718 3421 ἀπέθανε.

2079 3438 2182 3494 Καὶ
2242 3440 2376 3512 μετὰ
2422 3443 2588 3495 τοῦτο
2636 3439 2943 3514 ἐκρεμάσθη
3002 3443 3030 3496 ὁ
3089 3443 3242 3518 ἅγιος
3299 3445 3528 3518 ’Λμμὼν
3563 3489 3580 3519 ,
3627 3447 3718 3502 καὶ

2081 3527 2265 3600 ἑξὲσθη
2351 3529 2444 3590 τάς
2527 3527 2788 3604 πλευρὰς.
2869 3530 2968 3584 Καὶ
3051 3529 3274 3586 κασσίδα
3324 3535 3722 3607 πεπυρωμένην

2079 3615 2291 3687 ἐδεξατο
2321 3617 2456 3672 κατὰ
2483 3617 2757 3695 καφαλῆς.
2817 3621 2948 3676 Εἶτα
3003 3620 3363 3698 παρεπέμφθη
3427 3624 3560 3696 μετὰ
3607 3628 3718 3679 τῶν

2077 3705 2355 3779 παρθένων
2389 3706 2642 3777 Λικιννίῳ
2687 3710 2766 3776 τῷ
2810 3708 3076 3781 τυράννῳ.
3133 3709 3196 3766 Ὀ
3247 3707 3305 3764 δὲ
3351 3705 3547 3765 ἔδωκεν
3582 3708 3721 3768 ἀπό-

2079 3814 2236 3868 φασιν
2261 3795 2376 3847 κατ’
2405 3795 2604 3853 αὐτῶν.
2661 3795 2762 3850 Καὶ
2820 3796 2874 3848 αἱ
2935 3795 3030 3868 μὲν
3085 3795 3210 3851 δέκα
3267 3796 3356 3854 διὰ
3409 3802 3580 3875 πυρὸς
3611 3801 3724 3856 ἐτε-

2080 3881 2403 3952 λειώθησαν·
2465 3883 2518 3936 αἱ
2552 3881 2608 3937 δὲ
2638 3883 2781 3938 ὀκτὼ
2815 3885 2949 3957 μετά
3003 3889 3100 3940 τοῦ
3159 3884 3488 3944 διδασκάλου
3543 3890 3718 3944 αὐτῶν

2077 3969 2602 4048 ἀπεκεφαλίσοησαν·
2654 3977 2740 4027 καί
2805 3974 2860 4026 αἱ
2915 3971 3040 4028 δέκα
3093 3975 3226 4051 ξίφει
3285 3979 3419 4030 κατὰ
3475 3981 3570 4031 τοῦ
3595 3978 3721 4032 στό-

2081 4081 2271 4132 ματος,
2299 4059 2388 4115 καὶ
2437 4068 2536 4129 τῆς
2589 4059 2812 4135 καρδίας
2875 4059 3184 4135 δεξάμεναι,
3240 4063 3614 4135 ἐτελεύτησαν.
3649 4067 3720 4122 Αἱ

2080 4147 2210 4219 δεῖξ
2245 4150 2346 4204 ὑπὸ
2406 4154 2690 4222 μαχαιρῶν
2750 4151 3146 4221 κατεκόπησαν.
3206 4155 3301 4208 Καὶ
3364 4155 3417 4208 αἱ
3449 4149 3500 4228 ἔξ
3528 4153 3723 4228 σίδηρα

2076 4242 2443 4314 πεπυρωμένα
2473 4240 2609 4294 κατὰ
2638 4240 2910 4313 στὸματος
2941 4239 3234 4312 λαϐοῦσαι,
3276 4243 3557 4303 ἆπεθανον.

2637 4361 2812 4413 MHNI
2854 4359 2942 4436 Τῼ
2983 4362 3173 4440 Arri).

2867 4449 2924 4502 Β,

2173 4567 2444 4639 ’¹Αολησις
2474 4573 2570 4624 τοῦ
2603 4569 2758 4646 ἆγίου
2794 4569 3288 4647 μεγαλομάρτυρος
3317 4579 3634 4646 Μαμαντος.

2154 4655 2766 4736 Μὲιμαςὸπεριϐόητος
2818 4659 3045 4733 μάρτυς,
3106 4662 3173 4730 ἦν
3233 4661 3321 4716 ἐπὶ
3379 4661 3725 4733 Αὐρηλιανοῦ

2081 4748 2343 4821 Καίσαρος
2429 4748 2766 4820 Ῥωμαίων.
2843 4748 3102 4823 Ὀρφανὸς
3190 4746 3247 4802 δὲ
3321 4747 3721 4820 καταλειφθεὶς,

2074 4840 2182 4890 τῶν
2212 4857 2412 4910 γονεων
2448 4835 2613 4889 αὐτοῦ
2662 4834 3097 4901 τελευτησάντων
3133 4834 3183 4889 ἐν
3219 4831 3460 4911 φυλακῇ,
3515 4830 3605 4888 διά
3633 4835 3725 4889 τόν

2075 4927 2312 5000 Χριστὸν
2344 4972 2359 4996 ,
2419 4924 2683 4999 ἀνετράφη
2731 4923 2874 4999 παρά
2924 4935 3208 4998 ματρώνας
3265 4922 3409 4984 τινὸς
3471 4919 3726 4989 εὐσεϐοῦς

2076 5012 2446 5086 συγκλητικῆς
2481 5057 2495 5071 .
2566 5011 2861 5085 Γενόμενος
2917 5009 2973 5065 δὲ
3027 5017 3127 5080 τῆς
3190 5011 3420 5084 ἐννόμου
3478 5011 3725 5087 ἡλικίας,

2074 5103 2410 5177 ἠναγκάζετο
2459 5100 2603 5156 θύειν
2657 5106 2776 5163 τοῖς
2822 5097 3073 5162 εἰδώλοις
3105 5103 3252 5177 παρὰ
3280 5105 3390 5156 τῶν
3421 5099 3724 5158 εὶδωλολα-

2074 5197 2239 5267 τρῶν.
2277 5193 2365 5260 Μὴ
2400 5192 2636 5255 πεισθεὶς
2672 5189 2748 5260 δὲ,
2808 5189 2934 5246 ἀλλ’
2985 5191 3088 5246 ὑπὸ
3141 5195 3239 5246 τοῦ
3296 5191 3442 5246 θεὶου
3491 5191 3722 5267 ἀγγέλου

2075 5276 2455 5344 ἀναϐιϐασθεὶς
2497 5279 2548 5333 ἐν
2606 5285 2686 5352 τῷ
2735 5276 2870 5356 ὄρει,
2912 5281 3006 5342 τάς
3067 5279 3299 5360 ἐλάφους
3351 5280 3608 5358 ἆμὲλγων
3640 5277 3726 5336 δι-

2076 5389 2346 5447 ετρεφετο.
2382 5367 2477 5421 Καὶ
2513 5365 2677 5440 μόνος
2705 5373 2784 5441 τῷ
2817 5373 2934 5441 Θεῷ
2995 5372 3441 5448 προσευχόμενος
3475 5367 3724 5429 διετέλει,

2077 5459 2209 5515 Εἶτα
2266 5456 2430 5512 πάλιν
2478 5459 2763 5532 κρατηθεὶς
2827 5456 3064 5531 (πολλή
3118 5461 3219 5536 γάρ
3275 5459 3486 5534 ἐγένετο
3517 5461 3552 5528 ἡ
3603 5458 3726 5532 περὶ

2084 5547 2243 5602 αὐτὸν
2300 5549 2506 5623 φήμη),
2565 5547 2878 5623 ἠναγκάσθη
2946 5548 3050 5602 ὑπὸ
3105 5553 3201 5604 τοῦ
3250 5555 3352 5617 τῆς
3404 5549 3725 5622 Καισαρείας

2080 5640 2351 5714 ἄρχοντος
2406 5645 2779 5714 προσκυνῆσαι
2844 5644 2960 5701 τοῖς
3013 5637 3285 5700 εἰδώλοις.
3343 5639 3494 5696 Ἐπεὶ
3544 5636 3600 5694 δὲ
3629 5636 3729 5693 οὐκ

2079 5727 2292 5801 ἐπείση,
2326 5727 2404 5791 εἷς
2451 5731 2557 5804 πῦρ
2622 5726 2848 5805 βληθεὶς
2877 5728 2968 5784 καὶ
3029 5725 3257 5800 ἐξελθὼν
3310 5722 3582 5803 ἀϐλαϐὴς,
3637 5726 3728 5782 καὶ
