4030 6196
354 346 448 407 25

1822 328 2312 394 SEPTEMBER.
3692 335 3770 397 25

376 471 806 549 θηριομχῆσας,
865 471 961 527 καὶ
1024 469 1195 546 μηδὲν
1250 467 1556 542 ἀδικηθείς,
1611 467 1772 533 τέλος
1815 486 2005 522 κοντα-

2126 465 2323 539 ignem
2352 464 2708 535 conjicitur:
2742 469 2920 538 atque
2950 466 3088 524 inde
3119 481 3389 540 egressus
3420 467 3667 535 illaesus,
3701 469 3776 525 ad

372 568 467 638 ρίῳ
514 562 765 635 πληγεὶς,
824 561 919 636 καὶ
985 561 1266 636 βαστάζων
1320 559 1389 616 τὰ
1440 556 1626 635 ἓντερα
1685 558 1849 613 αὐτοῦ
1892 560 2012 620 ταῖς

366 650 516 712 ἰδίαις
542 651 740 725 χερσὶν
802 650 1161 726 (ἐξεχύθησαν
1220 650 1326 727 γὰρ
1388 651 1492 706 ὑπὸ
1544 650 1645 720 τὴς
1696 646 1922 723 πληγῆς
1953 644 2012 701 ἐκ

347 748 443 809 τῆς
474 739 700 802 κοιλίας
732 739 945 809 αὐτοῦ),
978 738 1174 811 ἐξῆλθε
1227 746 1329 809 τῆς
1384 738 1604 801 πόλεως
1664 737 2008 812 Καισαρείαςο

339 829 428 884 καὶ
465 832 604 903 μετά
651 830 1008 906 εὐχαριστίας
1068 827 1353 905 παρέδωκε
1410 827 1597 906 Κυρίῳ
1652 832 1733 901 τῷ
1763 830 1881 899 Θεῷ
1907 825 2008 894 τήν

340 920 489 996 ἁγίαν
522 918 616 974 καὶ
677 923 955 997 μακαρίαν
1007 921 1172 977 αὑτοῦ
1227 921 1435 997 ψυχήν.
1494 919 1591 974 Καὶ
1644 916 1812 993 ἐταφη
1855 916 1905 972 έν
1938 920 2007 991 τῇ

342 1010 478 1084 αὖτῇ
507 1009 699 1070 πόλει.

923 1193 1011 1265 τῇ
1056 1190 1195 1263 αὑτῇ
1234 1189 1439 1266 teips-

346 1298 560 1370 Μνήμη
607 1301 757 1371 ’τοῦ
843 1298 997 1353 ὁσίου
1082 1296 1288 1371 Πατρὸς
1372 1296 1533 1371 ᾐμῶν
1606 1295 1863 1371 Ἰωάννου
1892 1297 2009 1371 ,τοῦ

413 1367 773 1457 πατριάρχου
904 1367 1537 1430 Κωνσταντινουπόλιως
1663 1370 1762 1422 τοῦ
1891 1369 2008 1437 Νη-

415 1462 669 1501 στευτου.

409 1548 473 1604 Ὀ
519 1546 576 1602 ἰν
624 1547 810 1624 ἁγίοις
863 1549 1049 1623 Πατὴρ
1108 1549 1269 1621 ⁴ἡμῶν
1330 1546 1590 1617 Ἰωάννης
1631 1545 1659 1600 6
1689 1543 2008 1616 ὶπικληθεὶς

339 1638 668 1707 Νηστευτῆς
702 1635 963 1714 ἱγεννήθη
1022 1636 1073 1691 έν
1134 1633 1730 1693 Κωνσταντινουπόλει.
1764 1635 2011 1709 Ὑπῆρχε

340 1725 397 1781 δὶ
449 1726 541 1780 ἰπὶ
605 1725 906 1783 Ἰουστίνου
955 1727 1043 1780 καὶ
1104 1720 1359 1801 Τιϐερίου
1415 1723 1505 1779 καὶ
1562 1723 1870 1799 Μαυρικίου
1898 1728 2006 1779 τῶν

341 1814 651 1892 βασιλέων.
685 1817 975 1891 Χαράκτης
1005 1812 1062 1870 δὶ
1100 1812 1173 1869 ὤν
1217 1815 1316 1884 τὴν
1361 1812 1587 1890 τέχνην,
1622 1811 1711 1869 διὰ
1736 1814 1835 1882 τήν
1865 1813 2009 1869 πολ-

339 1906 448 1975 λῆν
503 1907 675 1960 αὗτοῦ
736 1906 955 1980 ἀρετήν,
1013 1905 1364 1981 πατριάρχης
1428 1905 1623 1980 γέγονε
1675 1905 1777 1974 τῆς
1835 1905 2005 1975 αὐτῆς

351 1993 818 2072 μεγαλοπόλεως’
875 1993 1086 2070 ἐγένετο
1137 1992 1195 2049 δὲ
1260 1992 1645 2072 φιλόπτωχος,
1700 1993 1792 2049 καὶ
1848 1991 2010 2066 ἐλεή-

351 2108 499 2161 μων,
558 2086 653 2140 καὶ
732 2086 1041 2158 συμπαθής.
1113 2080 1293 2141 Ἀλλᾶ
1364 2084 1455 2139 καὶ
1520 2080 1707 2139 πολλᾶ
1761 2082 2011 2157 θαύματα

348 2178 604 2251 ἐποίησε·
662 2179 753 2234 καὶ
804 2179 909 2253 γὰρ
972 2174 1063 2232 διὰ
1116 2178 1432 2252 προσευχῆς
1494 2170 1822 2252 βαρϐαρικὸν
1878 2175 2010 2232 λαὸν

352 2268 423 2324 lx
475 2275 580 2338 τῆς
620 2264 953 2329 Μακεδονίας
1017 2263 1300 2339 ἀπεδίωξε,
1359 2265 1448 2320 καὶ
1502 2264 1747 2341 μεγάλου
1779 2267 2008 2330 θανάτου

362 2358 468 2427 τὴν
518 2354 676 2411 πόλιν
725 2354 1012 2432 έρῥῦσατο,
1067 2355 1158 2410 καὶ
1214 2353 1460 2417 πολλοὺς
1504 2358 1795 2417 νοσοῦντας
1827 2354 2008 2431 ἐθερά-

359 2466 546 2517 πευσε,
603 2445 686 2500 καί
744 2444 1146 2519 δαιμονιῶντας
1197 2444 1401 2513 ἰάσατο,
1460 2445 1550 2499 καὶ
1609 2443 1811 2517 λόγους
1862 2448 2007 2522 ψυχ-

346 2534 607 2612 ωφελεῖς,
641 2534 716 2597 ὡς
749 2536 777 2590 6
812 2536 979 2609 μέγας
1011 2532 1398 2610 Χρυσόστομος
1440 2534 1661 2605 Ἰωάννη
1675 2555 1722 2604 ς,
1752 2534 2009 2611 συνεγρά-

338 2628 507 2698 «ba-ro,
542 2626 826 2697 Ποιμάνας
874 2621 931 2679 δὶ
977 2624 1070 2678 τὸν
1122 2622 1253 2677 λαὸν
1305 2622 1469 2678 αὐτοῦ
1516 2622 1680 2687 ὁσίως
1712 2624 1801 2678 καὶ
1835 2622 2007 2698 φιλο-

337 2714 509 2783 θέως,
539 2714 634 2767 καὶ
684 2714 783 2783 τήν
842 2712 989 2788 ἱερὰν
1039 2712 1371 2783 Ἐκκλησίαν
1424 2711 1609 2777 καλῶς
1650 2708 2011 2788 διακυϐερνῆ-

337 2826 441 2867 σας
503 2804 595 2859 ἐπὶ
653 2798 745 2875 ἔτη
801 2800 929 2859 δέκα
982 2804 1071 2858 καὶ
1128 2802 1252 2879 τρία
1306 2803 1397 2859 καὶ
1458 2810 1632 2877 μῆνας
1688 2804 1866 2877 πέντε,
1918 2804 2007 2859 καὶ

336 2895 416 2957 είς
456 2893 599 2970 βαθὺ
654 2900 830 2970 γῆρας
891 2891 1087 2961 έλθὼν,
1144 2893 1197 2949 ἒν
1257 2892 1448 2968 εῗρήνῃ
1479 2896 1578 2964 τήν
1619 2896 1885 2970 μακαρίαν
1917 2898 2008 2951 καὶ

340 2983 497 3060 ἁγίαν
562 2983 735 3038 αὑτοῦ
807 2985 992 3058 ψυχὴν
1066 2979 1344 3060 παραδοὺς
1414 2987 1493 3056 τῷ
1550 2983 1758 3059 Κυρίῳ,
1812 2984 2006 3064 ἐτάφη,

338 3071 662 3149 ὑπόδειγμα
714 3070 999 3128 ἀπολιπὼν
1056 3077 1216 3128 πᾶσιν
1275 3074 1584 3150 ἀνθρώποις
1636 3074 1727 3130 τὸν
1759 3073 2004 3152 ἐνάρετον

339 3164 507 3219 αὺτοῦ
543 3164 695 3240 βίον,
728 3164 817 3217 καὶ
846 3163 915 3218 τά
944 3161 1115 3218 λοιπᾶ
1143 3164 1568 3240 κατορθώματα.

904 3342 1083 3400 MHNI
1123 3348 1209 3423 τᾳ
1252 3346 1457 3422 ΑΥΤῼ.

1150 3433 1204 3488 l"

333 3541 616 3613 ’Δθλησις
653 3544 755 3595 τοῦ
803 3539 959 3616 ἁγίου
1014 3539 1430 3617 ’ῐ-ε-ρομάρτυρος
1463 3542 1751 3617 ’Λνθίμου,
1779 3540 2005 3599 ἐπισκό-

908 3633 1015 3667 που
1044 3611 1182 3669 Nm
1192 3611 1442 3687 μηδείας.

428 3719 693 3791 ’Δνῦιμος
741 3720 769 3774 6
825 3719 1153 3795 ἱερομάρτυς
1206 3720 1270 3789 ἦν
1334 3722 1426 3794 μὲν
1488 3721 1784 3785 έπισκοπος
1843 3730 2008 3779 Νικο-

371 3802 605 3878 μηδείας
659 3805 741 3861 ἰπὶ
787 3814 894 3864 τῶν
965 3810 1180 3884 χρόνων
1241 3809 1636 3881 Διοκλητιανοῦ
1693 3812 1782 3868 καὶ
1839 3816 2008 3887 Μαξι-

357 3899 580 3968 μιανοῦ·
632 3892 718 3950 διὰ
771 3896 826 3953 6‘s
879 3899 974 3954 τὸν
1033 3895 1277 3974 διωγμὸν
1335 3899 1471 3955 κατᾶ
1518 3905 1626 3956 τῶν
1660 3903 2004 3977 Χριστιανῶν

347 3987 725 4061 κρυπτόμενος
788 3986 839 4042 έν
895 3992 977 4059 τῷ
1033 3986 1169 4063 ὃρει,
1227 3990 1630 4062 καταμηνύεται
1687 3996 1764 4063 τῷ
1830 3993 2003 4064 Maer-

348 4081 551 4147 μιανῷ.
586 4074 688 4132 Καὶ
735 4077 1048 4149 κρατηθεὶς,
1104 4081 1294 4154 πρῶτα
1356 4078 1450 4151 μὶν
1479 4076 1653 4143 λίθοις
1680 4080 1771 4136 τὸν
1804 4081 2005 4157 αὐχένα

345 4159 715 4239 συντρίϐεται.
773 4167 1001 4221 Ἔπειτα
1058 4163 1116 4221 δὲ
1171 4163 1422 4240 σιδήροις
1484 4169 2003 4244 πεπυρακτωμένοις

341 4252 473 4317 τοὺς
544 4252 926 4330 ἀστραγάλους
1000 4252 1382 4331 διατρυπᾶται.
1471 4257 1607 4314 Εἶτα
1680 4257 1846 4314 πάλιν
1923 4259 2000 4323 εἷς

343 4344 585 4418 ὄστρακα
651 4341 774 4414 ὀξέα
833 4345 1059 4417 τίθεται,
1130 4339 1353 4420 ῥάϐδοις
1435 4345 1772 4420 τυπτόμενος
1835 4348 2000 4404 ἀκαν-

345 4432 539 4501 θίνοις,
598 4431 689 4487 καὶ
746 4431 1072 4507 ὑποδήματα
1126 4431 1325 4506 σιδηρᾶ
1378 4436 1796 4510 πυρακτωθέντα
1839 4457 1998 4515 περι-

345 4517 619 4577 ϐάλλεται
674 4524 842 4597 μέχρι
897 4527 1005 4578 τῶν
1068 4528 1281 4599 μηρῶν.
1341 4525 1440 4579 Καὶ
1501 4524 1636 4598 μετὰ
1688 4528 1850 4582 τοῦτο
1908 4524 1994 4582 δε-

346 4616 569 4685 σμεῖται
629 4608 719 4665 ἐπὶ
766 4614 996 4686 τροχοῦ,
1071 4611 1162 4666 καὶ
1240 4611 1342 4667 ὑπὸ
1416 4608 1722 4686 λαμπάδων
1775 4613 2005 4687 καίεται,

344 4700 513 4758 Οὕτω
544 4697 604 4754 δὶ
649 4704 858 4774 πικρῶς
919 4702 1347 4775 βασανιζομένου
1397 4705 1495 4757 τοῦ
1552 4702 1731 4779 άγίου,
1761 4701 2002 4773 ἐπῆλθον

344 4786 578 4866 ἄγγελοι
636 4790 795 4859 Θεῖοι,
852 4788 998 4862 αὐτῷ
1058 4790 1151 4863 μὶν
1210 4790 1305 4852 τὰς
1360 4790 1615 4854 κοΛάσεις
1660 4791 1873 4855 καὶτὰς
1908 4793 2004 4869 βα·

344 4882 548 4946 σάνους
605 4878 846 4943 εὐκόλως
901 4885 1210 4953 ποιοῦντες,
1264 4881 1394 4947 τοὺς
1469 4879 1528 4937 δὲ
1583 4879 1820 4956 δημίους
1874 4884 2002 4946 τοὺς

339 4975 729 5044 τιμωροῦντας
783 4970 941 5026 αὐτὸν
995 4969 1242 5047 ἀοράτως
1299 4970 1610 5035 τύπτοντες.
1663 4973 1763 5030 Καὶ
1807 4972 2002 5029 λοιπὸν

337 5063 616 5139 ἀποφάσει
687 5063 785 5115 τοῦ
856 5061 1198 5135 Μαξιμιανοῦ
1268 5060 1521 5134 τέμνεται
1592 5062 1692 5132 τήν
1759 5062 2002 5140 κεφαλὴν

341 5152 624 5227 μαχαίρᾳ.
654 5156 809 5212 Ἦτις
863 5155 1034 5206 κεῖται
1097 5152 1191 5223 μὶν
1253 5149 1306 5206 ἐν
1356 5147 1720 5223 Νικομηδείᾳ,
1761 5162 2003 5225 θαυματ-

335 5247 532 5318 ουργεῑ
560 5239 621 5296 δὲ
650 5238 852 5297 ἄλλοτε
882 5238 1089 5310 πολλὰ,
1120 5243 1207 5297 καὶ
1269 5239 1337 5313 δὴ
1395 5241 1488 5298 καὶ
1519 5245 1626 5296 τῶν
1657 5246 1868 5319 τριχῶν
1896 5263 2001 5299 πα·

334 5328 572 5407 ράδοεον
607 5326 828 5407 ἔκφυσιν
840 5373 851 5387 .

915 5423 1026 5477 Τοῦ
1050 5419 1192 5495 αὐτῇ
1229 5417 1430 5500 ἡμέρᾳ.

336 5508 617 5581 Ἀθλησις
669 5517 773 5581 τῆς
830 5509 989 5585 ἁγίας
1042 5512 1304 5637 πλαγέἶῗξυ
1361 5512 1451 5569 καὶ
1512 5511 1786 5589 μάρτυρος
1835 5520 2004 5572 Βασιο

1131 5602 1283 5655 σσης.

414 5686 720 5747 Βασίλισσα
783 5692 819 5763 ἠ
890 5691 1096 5769 μάρτυς
1159 5693 1226 5765 ἦν
1293 5694 1388 5768 μὶν
1459 5692 1547 5751 ἐπὶ
1613 5698 1722 5752 τῶν
1783 5694 2000 5774 χρόνων

2114 554 2337 611 bestias
2369 555 2728 611 damnatur:
2781 572 2816 611 a
2860 557 3074 628 quibus
3120 574 3252 613 cum
3301 558 3529 614 nullam
3557 576 3776 615 noxam

2115 645 2460 716 accepisset,
2492 645 2730 700 tandem
2763 646 2962 701 hastili
3006 647 3536 714 transverberatur,
3572 653 3630 703 et
3660 649 3772 703 vis-

2116 750 2252 791 cera
2278 735 2407 805 ejus
2433 734 2492 790 in
2526 740 2743 789 terram
2775 735 2847 789 ob
2896 736 3305 807 gravissimum
3335 737 3550 793 vulnus
3581 739 3769 794 effun-

2113 823 2374 879 duntur:
2405 839 2536 894 quas
2570 823 2695 894 ipse
2728 825 2985 895 propriis
3018 826 3294 880 manibus
3325 827 3669 897 prmferens,
3704 844 3772 881 ex

2114 912 2259 969 urbe
2291 914 2556 968 Caesarea
2588 912 2908 985 egreditur,
2932 918 2989 968 et
3020 931 3155 969 cum
3185 917 3506 987 gratiarum
3538 918 3770 973 actione

2114 1007 2380 1057 sanctam
2437 1002 2672 1057 beatam
2748 1002 3009 1058 animam
3090 1021 3257 1059 suam
3334 1005 3584 1060 Domino
3653 1008 3770 1063 Deo

2113 1090 2377 1162 tradidit,
2407 1096 2466 1146 et
2495 1091 2557 1147 in
2589 1090 2795 1147 eadem
2825 1091 2971 1147 urbe
3005 1092 3272 1163 sepultus
3304 1098 3411 1148 est.

2754 1209 2975 1265 Eodem
3010 1208 3125 1265 die.

2114 1317 2161 1375 8
2193 1319 2463 1375 Memoria
2491 1321 2671 1374 sancti
2717 1321 2901 1375 Patris
2948 1320 3123 1374 nostri
3168 1320 3398 1375 Joannis
3432 1322 3772 1389 patriarcha:

2223 1390 2847 1462 Constantinopolitani,
2898 1398 3256 1461 cognomento
3302 1394 3661 1465 Jejunatoris.

2186 1571 2433 1627 Sanctus
2464 1572 2638 1627 Pater
2661 1575 2867 1627 noster
2894 1572 3151 1627 Joannes
3192 1577 3582 1645 cognomento
3613 1574 3770 1645 Jeju-

2112 1665 2287 1716 nator
2340 1666 2515 1716 natus
2579 1667 2669 1716 est
2724 1662 3280 1734 Constantinopoli:
3360 1663 3505 1717 vixit
3574 1669 3773 1717 autem

2114 1750 2482 1823 temporibus
2512 1751 2748 1817 Justini,
2781 1751 3019 1819 Tiberii,
3055 1756 3112 1806 et
3160 1752 3422 1807 Mauricii
3456 1753 3774 1823 imperato-

2043 1852 2090 1918 Β
2119 1857 2273 1896 rum.
2310 1840 2413 1895 Hic
2442 1841 2702 1912 primum
2733 1840 2973 1911 quidem
3007 1842 3352 1897 statuariam
3384 1847 3572 1897 artem
3606 1859 3775 1897 exer-

2118 1930 2277 1986 cuit:
2311 1929 2524 1985 deinde
2555 1929 2628 1984 ob
2660 1930 2877 1985 multas
2922 1936 2981 1985 et
3023 1931 3285 2003 egregias
3316 1932 3502 2003 ipsius
3528 1932 3772 1987 virtutes

2116 2018 2454 2091 patriarcha
2484 2018 2751 2091 ejusdem
2782 2035 3010 2092 magnae
3054 2020 3218 2074 urbis
3248 2022 3625 2076 renuntiatus
3656 2027 3767 2076 est.

2116 2108 2249 2164 Fuit
2276 2111 2476 2163 autem
2501 2124 2830 2179 pauperum
2878 2112 3127 2179 amator,
3170 2109 3531 2177 misericors,
3566 2115 3623 2164 et
3652 2110 3768 2165 mi-

2118 2202 2381 2254 serator:
2412 2196 2515 2252 sed
2548 2202 2607 2252 et
2634 2197 2821 2252 multa
2850 2196 3137 2252 miracula
3166 2199 3434 2270 patravit.
3464 2201 3607 2253 Nam
3639 2215 3770 2270 pre-

2118 2286 2285 2344 cibus
2312 2286 2434 2342 suis
2462 2285 2745 2342 barbaras
2791 2291 2996 2360 gentes
3047 2303 3116 2342 ex
3164 2287 3503 2343 Macedonia
3529 2286 3768 2360 fugavit,

2117 2377 2447 2448 urbemque
2474 2376 2819 2449 gravissima
2840 2381 3003 2447 peste
3034 2376 3325 2445 liberavit,
3357 2381 3416 2432 et
3439 2378 3658 2432 multos
3680 2377 3773 2434 in-

2122 2468 2326 2522 ﬁrmos
2356 2466 2599 2531 curavit,
2633 2465 3024 2537 obsessosque
3054 2483 3088 2521 a
3120 2465 3489 2522 daamonibus
3525 2466 3771 2523 sanavit.

2118 2556 2430 2612 Orationes
2449 2554 2708 2626 denique
2730 2556 2942 2610 animas
2964 2555 3337 2623 utilissimas,
3370 2556 3560 2611 instar
3573 2557 3773 2629 magni

2116 2644 2360 2700 Joannis
2392 2643 2819 2716 Chrysostomi,
2841 2644 3215 2715 conscripsit.
3247 2646 3391 2699 Cum
3417 2661 3551 2700 vero
3584 2662 3771 2717 popu-

2117 2732 2242 2788 lum
2276 2749 2449 2788 suum
2481 2738 2685 2788 sancte
2714 2733 2929 2804 pieque
2974 2733 3243 2798 rexisset,
3280 2751 3625 2805 sacramque
3659 2737 3768 2791 Ec-

2118 2821 2363 2877 clesiam
2393 2823 2569 2876 annis
2592 2821 2900 2889 tredecim,
2926 2822 3233 2877 mensibus
3256 2823 3520 2895 quinque
3549 2824 3771 2895 optime

2116 2910 2525 2981 gubernasset,
2559 2916 2734 2982 atque
2756 2911 2831 2966 ad
2855 2927 3147 2966 summam
3171 2916 3535 2967 senectutem
3567 2930 3770 2983 perve-

2117 3002 2325 3065 nisset,
2357 3003 2418 3056 in
2450 3018 2592 3074 pace
2626 3002 2857 3058 beatam
2890 3007 3276 3074 sanctamque
3311 3003 3572 3058 animam
3606 3021 3774 3059 suam

2118 3090 2369 3146 Domino
2400 3090 2665 3160 tradidit,
2689 3096 2748 3146 et
2770 3090 3037 3163 sepultus
3068 3091 3217 3158 fuit;
3250 3098 3519 3147 ornatam
3552 3092 3781 3147 virtuti-

2118 3175 2227 3232 bus
2255 3177 2433 3261 vitam
2466 3195 2655 3247 suam,
2692 3182 2751 3234 et
2778 3179 3012 3250 reliqua
3041 3194 3075 3233 a
3105 3195 3167 3233 se
3200 3178 3484 3251 prmclare
3515 3184 3679 3252 gesta
3708 3180 3769 3234 in

2035 3235 2080 3305 (ἶ
2116 3240 2453 3338 exemplum
2483 3265 2714 3322 cunctis
2740 3265 3108 3337 relinquens.

2677 3372 2922 3426 EODEM
2960 3372 3211 3426 MENSE.

2772 3476 2877 3531 Die
2918 3475 3112 3530 tertia.

2116 3582 2165 3641 9
2199 3582 2483 3639 Certamen
2526 3584 2860 3638 sacrosancti
2901 3584 3165 3651 martyris
3214 3582 3493 3647 Anthimi,
3534 3585 3777 3653 episcopi

2770 3654 3116 3710 Nicomediae.

2186 3761 2504 3818 Anthimus
2534 3778 2702 3818 sacer
2731 3766 2957 3834 martyr
3003 3761 3114 3817 fuit
3153 3760 3509 3817 Nicomediae
3543 3763 3772 3833 episco-

2113 3867 2225 3924 pus
2258 3852 2626 3924 temporibus
2658 3851 3008 3907 Diocletiani
3046 3857 3103 3906 et
3132 3852 3490 3907 Maximiani.
3525 3854 3773 3923 Propter

2114 3946 2337 3997 motam
2359 3947 2556 3997 autem
2578 3943 2639 3995 in
2662 3942 3029 3997 Christianos
3050 3942 3524 4013 persecutionem
3547 3958 3678 3996 cum
3705 3959 3765 3997 se

2112 4031 2173 4086 in
2192 4031 2415 4086 montis
2431 4031 2740 4102 cujusdam
2762 4030 3020 4087 latebras
3041 4030 3385 4100 abdidisset,
3408 4031 3758 4086 Maximiano

2110 4121 2402 4192 proditus,
2453 4120 2702 4192 ejusque
2741 4121 2916 4191 jussu
2965 4121 3457 4192 comprehensus,
3497 4121 3756 4191 primum

2111 4210 2351 4281 quidem
2384 4210 2538 4265 saxis
2569 4210 2631 4264 in
2663 4210 2885 4265 cervice
2914 4210 3335 4265 contunditur:
3368 4210 3583 4265 deinde
3614 4228 3758 4265 can-

2110 4299 2273 4355 denti
2293 4300 2449 4354 ferro
2471 4300 2603 4371 ejus
2624 4299 2726 4355 tali
2752 4299 3129 4371 perforantur
3152 4316 3164 4353 :
3192 4305 3397 4369 postea
3427 4315 3607 4369 super
3627 4316 3763 4354 acu-

2108 4388 2183 4444 tis
2213 4389 2448 4444 testulis
2496 4389 2831 4460 impositus,
2881 4388 3057 4461 virgis
3105 4387 3328 4457 spineis
3376 4388 3638 4442 creditur.
3673 4388 3760 4443 Ad

2106 4476 2233 4534 hac
2264 4478 2682 4533 calceamentis
2740 4476 2948 4531 ferreis
3008 4475 3399 4533 candentibus
3456 4492 3645 4547 usque
3685 4476 3760 4532 ad

2035 4605 2082 4672 Β
2111 4566 2339 4623 femora
2368 4565 2635 4621 induitur
2659 4582 2671 4621 :
2705 4582 2842 4621 mox
2865 4571 3008 4621 rotas
3041 4565 3335 4639 alligatus,
3359 4565 3588 4622 facibus
3614 4565 3763 4621 adu-

2113 4659 2283 4715 ritur.
2319 4657 2430 4712 Sed
2459 4672 2593 4713 cum
2623 4658 2705 4713 ita
2736 4658 3080 4713 immaniter
3123 4663 3361 4712 sanctus
3406 4658 3491 4711 vir
3520 4661 3764 4728 torque—

2112 4756 2295 4817 retur,
2354 4757 2825 4821 supervenerunt
2877 4750 3057 4805 divini
3112 4749 3328 4822 angeli,
3378 4751 3477 4821 qui
3527 4750 3679 4805 sicut
3710 4751 3763 4806 ei

2115 4840 2410 4913 supplicia
2442 4840 2857 4912 cruciatusque
2905 4839 3227 4907 leniebant,
3261 4840 3343 4894 ita
3373 4839 3631 4905 lictores,
3666 4840 3766 4909 qui

2114 4930 2309 5002 ipsum
2335 4928 3156 4991 excruciabant,invisibiliter
3172 4926 3766 4983 caadebant.Tandem

2114 5020 2450 5075 Maximiani
2484 5019 2782 5074 sententia
2830 5025 3009 5090 caput
3058 5017 3109 5072 ei
3158 5018 3353 5090 gladio
3395 5025 3764 5089 amputatum

2110 5107 2242 5176 fuit,
2276 5108 2433 5179 quod
2465 5108 2525 5161 in
2552 5106 2697 5163 urbe
2729 5107 3068 5162 Nicomedia
3098 5107 3375 5178 positum,
3410 5124 3544 5163 cum
3576 5108 3767 5163 multa

2112 5195 2230 5252 alia
2259 5196 2547 5251 miracula
2586 5195 2746 5264 facit,
2779 5212 2910 5251 cum
2945 5195 3191 5267 capillos
3224 5195 3477 5251 subinde
3503 5213 3760 5252 nascen-

2111 5288 2200 5340 tes
2230 5282 2663 5340 admirabiliter
2692 5284 2928 5339 emittit.

2741 5446 2961 5503 Eodem
3013 5448 3128 5503 die.

2112 5538 2214 5594 I0
2246 5540 2529 5595 Certamen
2558 5542 2761 5592 sancta:
2802 5540 3036 5607 virginis
3082 5545 3132 5593 et
3179 5542 3438 5608 martyris
3463 5538 3758 5594 Basilissa’.

2184 5701 2460 5760 Basilissa
2479 5705 2705 5776 martyr
2722 5700 2837 5761 fuit
2854 5703 3217 5777 temporibus
3238 5698 3757 5760 Diocletiani.Cum
