4030 6196
321 338 403 399 37
1638 331 2076 399 MENOLOGII
2119 338 2320 404 PARS
2361 341 2410 402 Ι.
3650 351 3727 408 98

323 469 525 523 autem
545 480 730 539 prope
751 463 967 522 urbem
987 463 1388 521 Nicomediam
1409 461 1780 520 domicilium
1801 465 1959 523 habet

2089 467 2507 544 Διοκλητιανοῦ’
2560 476 2677 552 εἶχε
2727 474 2784 532 δὲ
2829 477 2928 548 τὴν
2979 474 3194 547 οἴκησιν
3235 475 3472 547 πλησίον
3503 482 3604 546 τῆς
3632 475 3735 531 πό-

321 562 433 626 ret,
457 575 804 630 nonumque
835 558 1024 614 uitatis
1048 573 1168 612 suae
1191 573 1414 612 annum
1436 560 1653 628 ageret,
1687 563 1970 630 tanquam

321 650 656 706 Christiana
684 649 902 718 delata,
955 647 1286 704 Alexandro
1335 648 1574 720 praesidi
1608 649 1873 709 sistitur:
1916 656 1975 707 et

319 739 614 795 Christum
628 739 947 796 confidenti
962 739 1159 794 animo
1174 738 1724 810 professa,primum
1739 741 1973 812 quidem

321 829 589 900 colaphis
611 829 888 896 creditur;
917 827 1132 882 deinde
1154 827 1395 896 nudata,
1426 829 1598 901 virgis
1619 831 1968 901 percutitur,

317 918 574 990 talisque
617 917 966 990 perforatur.
1019 919 1148 972 Mox
1197 918 1428 974 inverso
1479 920 1669 991 capite
1717 920 1779 976 in
1809 921 1968 994 ligno

318 1025 628 1080 suspensa,
683 1007 911 1063 catenis
955 1007 1298 1076 constricta,
1341 1009 1514 1080 picis,
1546 1010 1869 1082 sulphuris,
1902 1027 1970 1068 ac

316 1099 544 1171 plumbi
563 1098 722 1154 fumo
743 1103 1070 1171 torquetur.
1089 1101 1227 1156 Post
1241 1100 1367 1155 haec
1383 1102 1444 1155 in
1465 1101 1659 1173 ignem
1677 1104 1966 1176 conjecta,

317 1189 665 1262 duobusque
713 1190 988 1246 leonibus
1034 1191 1286 1263 objecta,
1319 1209 1454 1248 cum
1494 1193 1722 1250 nullam
1754 1211 1969 1252 noxam

315 1295 492 1350 passa
519 1278 750 1348 fuisset,
805 1279 1044 1351 praesidi
1096 1281 1412 1352 persuasit,
1467 1287 1533 1336 ut
1581 1283 1640 1338 in
1671 1283 1968 1340 Christum

315 1367 599 1424 crederet.
635 1369 705 1424 Et
733 1367 834 1424 ille
866 1368 1106 1440 quidem
1132 1370 1312 1426 vitam
1340 1375 1499 1427 recte
1539 1371 1878 1443 traducens,
1908 1375 1969 1430 in

318 1475 463 1532 pace
491 1459 764 1515 decessit.
793 1461 867 1515 At
911 1460 1038 1516 haec
1083 1477 1318 1534 egressa
1365 1481 1435 1519 ex
1475 1463 1642 1533 urbe,
1675 1480 1809 1520 cum
1842 1466 1968 1521 siti-

321 1553 434 1617 ret,
467 1549 672 1620 oravit,
697 1553 754 1605 et
774 1551 1158 1607 manantibus
1182 1569 1211 1607 e
1234 1557 1392 1608 terra
1411 1555 1582 1626 aquis
1604 1554 1763 1610 sitim
1784 1555 1968 1628 depu-

317 1636 406 1694 lit.
467 1637 690 1694 Deinde
723 1644 886 1695 stans
947 1657 1126 1713 supra
1168 1648 1420 1714 petram,
1455 1649 1511 1699 et
1559 1661 1756 1716 orans,
1788 1646 1971 1702 finem

314 1727 544 1783 vivendi
567 1727 741 1785 fecit:
766 1730 967 1802 ibique
993 1732 1244 1804 sepulta,
1269 1734 1546 1792 omnibus
1570 1735 1844 1792 fidelibus
1866 1754 1971 1808 per

2079 565 2221 630 λεως
2253 565 2680 641 Νικουμηδείας,
2715 566 2866 622 ἐννὲα
2923 565 3056 623 ἐτῶν
3117 565 3456 642 ὑπάρχουσα.
3487 561 3733 636 Διαϐληο

2079 657 2229 712 θεῖσα
2286 653 2344 711 δὲ
2397 657 2474 719 ὡς
2531 658 2847 733 Χριστιανη,
2915 677 3154 732 παρεστη
3244 653 3579 731 Ἀλεξάνδρῳ
3642 659 3724 728 τῷ

2077 748 2328 823 ἄρχοντι.
2414 745 2512 802 Καὶ
2601 746 2735 820 μετᾶ
2817 744 3122 823 παρρησίας
3192 743 3580 820 ὀμολογήσασα
3634 747 3728 804 τὸν

2075 837 2328 913 Χριστὸν,
2384 842 2575 912 πρῶτα
2625 838 2720 912 μὶν
2779 835 3032 892 τύπτεται
3091 836 3228 891 κατά
3255 840 3350 891 τοῦ
3403 836 3722 911 προσώπου,

2074 930 2164 985 καὶ
2227 935 2574 1007 γυμνωθεῖσα
2640 923 2969 1005 ῥαϐδίζεται.
3054 928 3190 986 Εἶτα
3261 932 3525 1004 τρυπᾶται
3591 927 3722 990 τοὺς

2075 1020 2470 1098 ἀστραγάλους.
2521 1019 2625 1076 Καὶ
2695 1020 3060 1092 κρεμασθεῖσα
3131 1018 3267 1074 κατὰ
3333 1018 3577 1097 κεφαλῆς
3636 1019 3728 1073 ἐπὶ

2075 1110 2262 1185 ξύλου,
2322 1108 2579 1183 δεδεμένη
2659 1105 2903 1180 ἁλύσεσι,
2987 1107 3120 1181 μετὰ
3179 1110 3399 1179 πίσσης,
3456 1108 3545 1163 καὶ
3600 1127 3731 1162 τεα-

2075 1201 2224 1281 φίου,
2297 1200 2387 1256 καὶ
2459 1193 2739 1273 μολύϐδου
2813 1197 3148 1268 καπνίζεται.
3213 1197 3316 1255 Καὶ
3377 1199 3510 1271 μετὰ
3563 1201 3730 1252 τοῦτο

2074 1286 2414 1365 ἐμϐληθεῖσα
2470 1288 2545 1352 εἷς
2603 1293 2733 1363 πῦρ,
2790 1287 2879 1344 καὶ
2939 1285 3057 1343 δυσὶ
3097 1287 3280 1343 λεουσι
3336 1284 3730 1362 παραδοθεῖσα,

2073 1381 2158 1437 καὶ
2218 1378 2535 1453 διαμείνασα
2590 1372 2862 1450 ἀϐλαϐὴς,
2941 1373 3118 1433 ἔπεισε
3188 1377 3277 1432 τὸν
3337 1373 3578 1451 ἄρχοντα
3635 1396 3733 1430 πι-

2076 1474 2288 1526 στεῦσαι
2323 1467 2398 1532 εἷς
2429 1469 2521 1524 τὸν
2574 1468 2830 1540 Χριστόν.
2879 1466 2981 1522 Καὶ
3041 1467 3202 1528 αὐτὸς
3246 1467 3338 1540 μὲν
3370 1465 3554 1527 καλῶς
3587 1465 3724 1540 βιώο

2073 1583 2167 1624 σας
2221 1560 2274 1615 ἐν
2332 1559 2522 1636 εἰρήνῃ
2577 1555 2893 1629 ἐτελειώθη.
2953 1557 3096 1626 Αὐτὴ
3161 1555 3218 1612 δὲ
3272 1555 3562 1630 ἐξελθοῦσα
3615 1560 3715 1623 τῆς

2073 1651 2310 1722 πόλεως,
2363 1649 2452 1705 καὶ
2511 1647 2802 1723 δίψήσασα,
2861 1647 3078 1719 ηῧξατο.
3141 1646 3238 1703 Καὶ
3289 1644 3513 1719 ἐξῆλθεν
3572 1641 3720 1716 ὕδωρ

2085 1742 2144 1799 ἐκ
2195 1748 2298 1811 τῆς
2353 1742 2474 1814 γῆς,
2531 1739 2622 1793 καὶ
2679 1735 2842 1793 ἔπιεν.
2903 1737 3034 1794 Εἶτα
3091 1740 3256 1791 στᾶσα
3296 1735 3476 1790 ἐπάνω
3507 1753 3730 1809 πετρας,

317 1832 502 1889 aquas
535 1833 565 1873 e
593 1822 752 1874 terra
783 1827 1163 1893 erumpentes
1195 1822 1444 1896 singulis
1474 1825 1683 1882 diebus
1714 1827 1959 1882 curatio-

2078 1832 2169 1888 καὶ
2227 1830 2486 1904 εὐξαμένη
2565 1826 2931 1897 ἐτελεύτησεν.
3011 1826 3176 1882 Ἔνθα
3253 1823 3318 1893 δὴ
3384 1823 3474 1879 καὶ
3533 1821 3727 1914 ἐτάφη,

317 1920 423 1961 nes
454 1906 886 1965 admirabiliter
911 1915 1172 1982 praestat.

946 2176 1166 2234 Eodem
1205 2177 1320 2235 die.

311 2318 402 2373 II
443 2317 726 2378 Certamen
769 2325 1111 2400 sacrosancti
1156 2325 1416 2400 martyris
1462 2325 1780 2399 Aﬁstionis,
1840 2331 1961 2400 epi-

857 2395 1007 2464 scOpi
1034 2395 1412 2454 Alexandriae.

386 2543 632 2600 Sanctus
644 2547 1133 2619 martyrAristion
1147 2550 1634 2610 fuitAlexandriaa
1648 2554 1958 2628 episcopus

307 2633 568 2689 Docebat
587 2639 784 2691 autem
807 2653 1041 2696 summa
1061 2657 1195 2696 cum
1219 2640 1578 2711 libertate,et
1597 2645 1960 2715 praedicabat

305 2720 539 2776 Domini
563 2723 750 2778 nostri
770 2724 797 2780 J
803 2741 907 2781 esu
929 2726 1145 2783 Christi
1166 2728 1227 2784 in
1249 2745 1426 2786 carne
1448 2728 1960 2802 adventum,aater-

305 2826 572 2883 numque
603 2813 732 2885 ejus
755 2829 1007 2887 regnum
1035 2833 1048 2872 :
1079 2817 1154 2874 ad
1185 2819 1311 2874 haec
1357 2818 1705 2877 felicitatem
1737 2828 1796 2879 et
1821 2839 1959 2896 gau-

304 2899 468 2956 dium
489 2903 653 2974 regni
675 2903 958 2961 ccnlorum
978 2923 991 2973 ;
1013 2911 1072 2962 et
1093 2908 1252 2979 quod
1274 2908 1399 2965 haec
1421 2910 1733 2967 hominum
1748 2912 1956 2984 gloria,

307 2993 366 3046 et
395 2988 732 3062 dignitates,
756 2998 816 3049 et
839 2993 1078 3066 divitiae,
1101 2998 1464 3071 corruptioni
1497 2999 1766 3057 obnoxia:
1799 3009 1958 3072 sunt,

307 3082 367 3134 et
397 3086 793 3151 evanescunt;
817 3082 923 3140 illa
944 3101 1077 3141 vero
1103 3085 1262 3143 bona
1292 3088 1768 3162 incorruptibilia
1797 3097 1958 3163 sunt,

307 3183 494 3241 eaque
542 3171 659 3226 vita
705 3171 1082 3231 immortalis.
1129 3177 1264 3232 Haec
1309 3177 1551 3248 docens,
1584 3197 1722 3236 cum
1750 3183 1956 3239 multis

305 3259 640 3316 Graecorum
661 3263 1292 3339 persuaderet,eosque
1305 3267 1378 3324 ad
1393 3269 1576 3326 Deum
1589 3275 1956 3328 converteret

302 3354 480 3422 atque
500 3350 841 3424 baptizaret,
891 3359 1098 3428 captus
1139 3357 1372 3414 sistitur
1399 3359 1770 3418 Alexandriae
1801 3379 1955 3434 prae-

297 3442 456 3498 fecto
478 3459 492 3498 :
523 3445 950 3519 confessusque
977 3448 1298 3517 Christum,
1320 3451 1442 3524 igni
1464 3453 1718 3508 traditur
1739 3468 1756 3510 :
1777 3460 1955 3526 atque

306 3533 391 3588 ita
419 3533 483 3590 in
515 3535 770 3603 camino,
800 3537 960 3594 velut
988 3543 1108 3596 tres
1137 3540 1227 3595 illi
1259 3543 1448 3597 sancti
1477 3543 1669 3614 pueri,
1701 3544 1955 3600 laudans

309 3626 369 3677 et
397 3625 784 3694 magniﬁcans
832 3628 1037 3696 Deum,
1069 3628 1308 3686 beatum
1353 3635 1738 3703 Optatumque
1773 3633 1954 3688 ﬁnem

310 3712 558 3782 accepit,
590 3713 1060 3786 incorruptibilis
1107 3719 1239 3773 vitae
1283 3736 1563 3775 coronam
1597 3721 1864 3792 adeptus,
1899 3727 1958 3777 et

312 3799 582 3870 pretiosae
615 3803 855 3872 quidem
878 3804 1006 3876 ejus
1029 3806 1295 3878 reliquiae
1329 3815 1497 3864 terra)
1528 3811 1956 3866 commendata)

311 3893 485 3955 sunt;
511 3897 714 3946 sancta
733 3909 868 3948 vero
891 3894 1076 3964 ipsius
1093 3897 1291 3952 anima
1313 3897 1386 3953 ad
1412 3899 1590 3955 oculos
1606 3899 1954 3969 ascendens,

312 3995 433 4034 una
461 3995 596 4035 cum
623 3983 843 4038 sanctis
873 3983 1126 4040 laetatur.

2067 1925 2276 2000 ἴάματα
2330 1925 2462 1976 πᾶσι
2515 1923 2631 1980 τοῖς
2689 1921 2906 1979 πιστοῖς
2963 1914 3320 1984 καθεκάστην,
3379 1910 3468 1967 διὰ
3521 1916 3629 1967 τῶν
3669 1909 3730 1966 ἐκ

2064 2021 2164 2086 τῆς
2228 2017 2332 2086 γῆς
2397 2001 2812 2064 ἆναϐΛυσάντων
2899 2001 3128 2077 ὑδάτων,
3192 1999 3510 2080 παραδόξως
3575 2020 3722 2077 παρ-

2067 2097 2291 2182 ἑχουσα.

2631 2267 2711 2338 Τῇ
2761 2264 2900 2337 αὖτῇ
2948 2257 3149 2335 mare

2063 2377 2326 2449 Ἀθλησις
2403 2379 2523 2449 τοῦΔ
2609 2371 2792 2449 ἀγξου»
2843 2367 3237 2449 Ῐίὲἒοιέἅρῖυρρς

2506 2437 2806 2500 ἐπισκόπου
2845 2437 3268 2514 ’Ᾱλε-ξανδρείας.

2134 2557 2196 2615 Ὁ
2251 2556 2405 2630 ἅγιος
2467 2550 2670 2628 μάρτυς
2732 2545 3018 2622 Ἀριστίων
3081 2547 3298 2620 ὑπῆρχε
3359 2543 3452 2617 μὲν
3490 2541 3703 2630 ἐπίσκο-

2062 2666 2165 2708 πος
2221 2629 2650 2716 Ἀλεξανδρείας·
2696 2635 2942 2694 ἐδίδασκε
3001 2633 3058 2690 δὲ
3113 2633 3409 2710 παρρησίᾳ,
3462 2632 3546 2685 καὶ
3578 2629 3710 2699 ἐγή-

2077 2755 2233 2810 ρυττε
2293 2735 2393 2803 τὴν
2476 2735 2574 2786 τοῦ
2642 2726 2916 2784 Δεσπότου
3008 2726 3169 2797 ἡμῶν
3236 2725 3416 2793 Ἰησοῦ
3481 2721 3712 2788 Χριστοῦ

2071 2823 2327 2898 ἔνσαρκον
2388 2820 2710 2896 παρουσίαν,
2777 2815 2867 2872 καί
2930 2817 3028 2884 τὴν
3098 2814 3317 2868 αἰώνιον
3381 2811 3549 2866 αὐτοῦ
3617 2810 3716 2883 βα-

2065 2913 2294 2982 σιλείαν,
2348 2909 2426 2967 ἔτι
2505 2907 2563 2966 δὶ
2637 2904 3011 2982 μακαριότητα
3067 2903 3157 2958 καὶ
3219 2901 3390 2977 χαρὰν
3448 2905 3548 2969 τῆς
3602 2901 3709 2953 τῶν

2067 3005 2311 3080 ούρανῶν
2367 2997 2666 3077 βασιλείας,
2721 2994 2811 3052 καὶ
2867 2994 2940 3056 ὡς
2998 2995 3034 3062 ἡ
3094 2993 3188 3066 μὲν
3245 2994 3352 3046 τῶν
3408 2987 3714 3080 *ἀνθρώπων

2064 3075 2290 3150 ἐνταῦθα
2344 3075 2492 3161 δόξα,
2549 3089 2640 3144 καὶ
2691 3087 2758 3142 τὰ
2815 3084 3114 3158 ἀξιώματα,
3173 3081 3263 3136 καὶ
3295 3081 3324 3134 ὁ
3365 3077 3602 3139 πλοῦτος
3658 3075 3712 3130 ἐν

2067 3183 2241 3258 φθορᾷ
2301 3179 2632 3254 ὑπάρχουσι,
2685 3171 2776 3230 καῖ
2829 3171 3194 3252 ἀφανίζονται⁸
3263 3164 3601 3258 ἀδιάφθαρτα
3638 3161 3716 3258 Αδὶ

3341 2363 3715 2441 Ἀριστίωνος,

1995 3231 2652 3342 αξᾶἳῖςειᾷᾦῗῖγαοᾶ,
2710 3263 2801 3320 καὶ
2851 3231 2889 3333 i;
2948 3231 3061 3332 ζιόή
3117 3231 3602 3321 ἀθάνατοςίΟύτω
3634 3251 3716 3308 δι-

2063 3361 2297 3433 δάσκων,
2327 3360 2417 3414 καὶ
2445 3353 2694 3420 πολλοὺς
2716 3358 2825 3410 τῶν
2855 3349 3144 3423 Ἑλλήνων
3173 3347 3400 3421 πείθων,
3438 3345 3530 3404 καὶ
3577 3344 3714 3421 πρὸς

2059 3452 2151 3507 τὸν
2199 3449 2326 3505 Θεὸν
2369 3446 2727 3523 ἐπιστρεφων,
2775 3439 2868 3496 καί
2919 3440 3214 3518 βαπτίζων,
3258 3436 3526 3523 ἐκρατήθη
3569 3434 3716 3509 παρᾶ

2059 3543 2157 3596 τοῦ
2211 3544 2312 3608 τῆς
2367 3521 2772 3608 Ἀλεξανδρείας
2829 3528 3121 3607 ἄρχοντος.
3182 3525 3279 3582 Καὶ
3355 3521 3706 3598 ὁμολογήσας

2060 3629 2152 3684 τὸν
2213 3626 2464 3700 Χριστὸν,
2535 3619 2810 3698 παρεδόθη
2885 3618 3036 3694 πυρὶ.
3123 3615 3225 3674 Καὶ
3305 3613 3475 3676 οὕτως
3533 3611 3584 3667 ἐν
3638 3614 3708 3685 τῇ

2063 3717 2304 3791 καμίνῳ,
2356 3714 2537 3790 ὥσπερ
2614 3713 2666 3766 οἳ
2747 3715 2893 3784 τρεῖς
2981 3708 3122 3784 ἅγιοι
3181 3702 3390 3776 παῖδες,
3450 3700 3710 3774 δοξάζων,

2066 3809 2153 3864 καὶ
2218 3803 2536 3880 μεγαλύνων
2610 3801 2704 3856 τὸν
2781 3799 2935 3868 Θεὸν,
3009 3798 3071 3852 τὸ
3149 3797 3412 3870 μακάριον
3463 3791 3554 3848 καὶ
3610 3812 3710 3846 πο-

2069 3895 2332 3969 θούμενον
2405 3891 2564 3953 τελος
2645 3887 2879 3961 ἐδέξατο,
2937 3881 3230 3942 ἀπολαϐὼν
3289 3886 3379 3938 τὸν
3455 3900 3711 3958 στεφανον

2066 3993 2165 4056 τῆς
2231 3985 2510 4061 ἄφθαρτου
2579 3987 2746 4050 ζωῆς.
2815 3979 2917 4036 Καὶ
3001 3979 3062 4032 τὸ
3133 3976 3229 4050 μὲν
3293 3975 3480 4048 τίμιον
3548 3971 3710 4026 αὐτοῦ

314 4064 568 4140 λείψανον
595 4067 866 4144 παρεδόθη
943 4075 1011 4146 τῇ
1233 4075 1295 4129 Ἦ
1383 4073 1441 4130 δὲ
1523 4076 1646 4154 ἆγία
1709 4077 1879 4134 αὐτοῦ
1945 4077 2101 4151 ψυχὴ
2177 4074 2482 4130 ἀνελθοῦσα
2560 4070 2610 4125 ἐν
2681 4071 2951 4144 οὐρανοῖς,
3025 4067 3157 4141 μετὰ
3219 4070 3325 4122 τῶν
3391 4064 3559 4140 ἁγίων
3626 4061 3708 4115 εύ-

312 4156 610 4234 φραίνεται.

869 4289 1110 4346 EODEM
1143 4292 1395 4350 MENSE.

947 4399 1050 4456 Die
1089 4407 1319 4475 quarta.

308 4533 408 4589 12
443 4535 730 4615 Certamen
758 4543 1091 4615 sacrosancti
1135 4545 1395 4614 martyris
1437 4545 1678 4615 Babylaa,
1698 4546 1958 4614 patriar-

452 4607 574 4663 chae
602 4605 942 4682 Antiocheni,
967 4619 1018 4668 et
1040 4605 1346 4684 pueroruvm
1375 4605 1646 4672 sociorum
1665 4605 1811 4686 Ejus.

382 4713 802 4773 Sacrosanctus
824 4719 1038 4776 Christi
1061 4727 1284 4795 martyr
1304 4723 1574 4796 Babylas,
1600 4724 1954 4781 Numeriano

309 4803 713 4859 Romanorum
735 4806 1440 4880 imperatore,Antiochiaa
1464 4829 1690 4886 magnae
1711 4815 1956 4885 patriar-

307 4891 418 4949 cha
456 4892 588 4948 fuit.
621 4895 763 4950 Cum
807 4903 1006 4955 autem
1050 4901 1177 4972 ipse
1231 4903 1626 4958 Numerianus
1667 4903 1954 4977 templum

307 4983 408 5038 Dei
443 4983 668 5055 ingredi
715 4988 913 5058 vellet,
960 4991 1188 5048 obviam
1247 4993 1336 5049 illi
1392 4993 1582 5050 factus
1620 4993 1693 5050 ad
1723 4999 1955 5065 portam

305 5075 591 5146 ecclesia),
611 5079 932 5150 prohibuit,
951 5099 1026 5140 ne
1042 5083 1638 5158 ingrederetur,quod
1657 5083 1952 5140 idolorum

302 5166 494 5223 cultor
523 5176 697 5227 esset.
749 5174 937 5240 Quare
983 5177 1264 5232 confusus
1313 5177 1655 5249 imperator,
1687 5176 1865 5232 simul
1895 5182 1954 5232 et

300 5258 638 5316 vehementi
659 5262 748 5319 ira
768 5265 1048 5337 percitus,
1069 5267 1253 5339 jussit
1271 5267 1443 5322 illum
1467 5267 1576 5322 sibi
1599 5271 1832 5338 postero
1856 5267 1950 5324 die

300 5347 467 5406 sisti:
503 5368 680 5423 quem
703 5370 839 5412 cum
871 5357 944 5412 ad
977 5357 1274 5413 Christum
1307 5357 1644 5430 negandum
1665 5357 1947 5413 inducere

298 5455 418 5495 non
451 5449 671 5513 posset,
713 5447 857 5518 quin
888 5448 1086 5520 potius
1113 5449 1240 5519 ipse
1269 5447 1342 5503 ab
1376 5464 1442 5502 eo
1472 5446 1945 5518 redargueretur,

296 5532 599 5589 mandavit
627 5535 789 5592 illius
809 5537 962 5594 collo
985 5538 1244 5593 immane
1263 5537 1405 5592 ferri
1436 5535 1669 5608 pondus
1699 5536 1946 5609 imponi,

293 5637 518 5693 perque
549 5625 807 5683 mediam
836 5627 1129 5683 civitatem
1164 5628 1357 5698 ipsum
1389 5627 1770 5684 circumduci.
1800 5629 1945 5682 Tum

297 5726 433 5766 vero
456 5711 540 5771 ait
569 5712 619 5771 ei
648 5730 658 5770 :
688 5716 798 5770 Per
819 5713 980 5783 deos,
1002 5714 1240 5789 Babyla,
1264 5713 1434 5772 decet
1455 5719 1508 5772 te
1541 5715 1652 5773 iste
1680 5719 1940 5788 torques.

2602 4259 2784 4315 MIlNl
2841 4259 2933 4335 Τῼ
2989 4260 3186 4336 ΑΥΤῼ.

2863 4393 2914 4446 Δ.

2068 4499 2337 4586 ,ιΑθλησις
2437 4505 2602 4586 τοῦ..
2642 4499 2793 4576 ἁγίου
2820 4571 2832 4586 Ι
2924 4499 3320 4586 ἱερομάρτυρος
3412 4491 3718 4586 ¹Βαϐύὶξου,

2138 4571 2483 4649 πατρίαρχου
2559 4571 2917 4647 Ἀντὶοχείας,
2978 4571 3082 4625 καὶ
3127 4571 3134 4574 ⁷
3183 4573 3293 4623 τῶν
3378 4571 3472 4621 σὺν
3573 4571 3719 4637 αύτῷ

1987 4633 2033 4701 Ῑ)
2132 4633 2366 4717 νηπίωνί

2133 4741 2197 4801 Ὁ
2256 4743 2412 4819 ἅγιος
2464 4739 2789 4817 ίερομάρτυς
2843 4741 2940 4794 τοῦ
3002 4737 3236 4812 Χριστοῦ
3295 4727 3545 4819 Βαϐύλας
3603 4749 3710 4783 πα-

2061 4818 2336 4908 τριάρχης
2373 4831 2440 4900 ἦν
2493 4828 2827 4903 Ἀντιοχείας
2873 4829 2971 4894 τῆς
3022 4821 3286 4899 μεγαλης,
3343 4818 3431 4908 ἐπὶ
3478 4819 3709 4908 -Νουμε-

2063 4905 2267 4995 ριανοῦ⁷
2287 4924 2384 4976 τοῦ
2413 4918 2701 4993 Ῥωμαίων
2738 4915 3029 4992 βασιλεως.
3077 4913 3315 4967 Θὲ).οντα
3363 4905 3420 4963 δὲ
3449 4905 3709 4962 εἰσελθεῖν

2063 5010 2142 5072 εἰς
2190 5013 2280 5066 τὸν
2331 5011 2453 5066 ναὸν
2502 5013 2598 5064 τοῦ
2645 5009 2778 5063 Θεοῦ
2823 5004 2912 5059 τὸν
2963 4999 3360 5075 Νουμεριανὸν,
3404 4998 3714 5068 ὑπαντήσας

2061 5095 2137 5160 εἷς
2161 5101 2263 5168 τήν
2303 5098 2484 5170 πύλην
2532 5104 2634 5169 τῆς
2682 5091 2996 5161 ἐκκλῆσίας,
3027 5089 3270 5146 ἐκώλυσε
3298 5092 3394 5143 τοῦ
3426 5084 3711 5158 εἰσελθεῖν,

2062 5183 2152 5240 διὰ
2198 5187 2260 5242 τὸ
2311 5187 2572 5262 ὑπαρχειν
2621 5184 2777 5240 αὐτὸν
2809 5179 3246 5254 εἷδωλολάτρην.
3278 5181 3438 5242 ’Όθεν
3481 5175 3709 5251 αἰσχυν-

2060 5273 2170 5339 θεὶς
2203 5276 2230 5330 ὁ
2266 5273 2519 5352 βασιλεὺς
2568 5275 2658 5329 καὶ
2707 5271 2995 5348 ὀργισθεὶς,
3046 5268 3246 5344 ἢγαγεν
3297 5268 3458 5323 αὐτὸν
3491 5263 3579 5320 ἐπὶ
3607 5264 3707 5332 τὴν

2058 5363 2244 5441 αὔριον
2299 5363 2530 5420 ἐνώπιον
2591 5361 2776 5431 αὐτοῦ,
2850 5361 2941 5416 καὶ
3005 5357 3404 5434 καταναγκάσας
3476 5355 3710 5428 ἀρνήσα-

2058 5455 2178 5508 σθαι
2235 5453 2326 5509 τὸν
2391 5451 2618 5524 Χριστὸν
2687 5451 2776 5506 καὶ
2869 5451 2945 5525 μὴ
3016 5448 3225 5520 πείσας,
3293 5443 3437 5501 ἀλλὰ
3499 5441 3712 5516 μᾶλλον

2056 5541 2340 5618 ἐλεγχθεὶς
2390 5541 2478 5596 ὑπ’
2526 5541 2712 5611 αὐτοῦ,
2766 5537 3013 5596 ἐκελευσε
3059 5537 3402 5614 περιτεθῆναι
3451 5537 3530 5604 τῷ
3580 5551 3709 5607 τρα-

2055 5629 2223 5708 χήλῳ
2259 5630 2422 5686 αὐτοῦ
2473 5629 2668 5707 σίδηρα
2719 5630 2905 5707 βαρέα,
2954 5630 3041 5685 καὶ
3094 5626 3184 5682 διὰ
3224 5627 3320 5695 τῆς
3370 5624 3541 5697 μέσης
3573 5619 3701 5698 ἄγε-

2056 5732 2197 5787 σθαι’
2229 5720 2318 5778 καὶ
2350 5720 2493 5797 λέγει
2529 5723 2698 5797 αὐτῷ·
2750 5720 2843 5782 Μὰ
2887 5717 3014 5782 τοὺς
3065 5714 3244 5786 θεοὺς,
3290 5708 3535 5784 Βαδύλα,
3567 5711 3702 5788 πρέ-
