4042 6206
390 506 457 565 29
1796 492 2285 556 SEPTEMBER.
3647 492 3728 557 30

372 630 433 663 σει
477 624 544 660 σοι
586 601 615 657 6
663 598 872 665 κλοιός.
930 602 989 655 ’0
1047 599 1105 656 δὲ
1160 603 1329 656 εἶπενο
1376 599 1533 658 Οὕτω
1590 619 1685 674 μοι
1741 601 1951 675 πρέπει1

2078 600 2183 657 Cui
2216 601 2504 674 Babylas:
2534 602 2625 658 Sic
2670 618 2764 658 me
2829 602 3015 673 decet,
3074 620 3108 658 o
3162 603 3507 676 imperator,
3570 606 3636 657 ut
3668 606 3723 657 te

356 697 567 773 βασιλεῦ,
597 693 668 754 ὡς
698 689 825 747 οὐδὲ
854 690 940 746 σοὶ
988 692 1051 746 τὸ
1108 687 1372 764 διάδημα.
1430 689 1564 746 Τότε
1595 690 1902 769 ἀπεφήνατο
1934 692 1962 746 6

344 785 681 859 Νουμεριανὸς
710 784 830 839 κατ’
858 783 1047 852 αὐτοῦ,
1101 782 1188 837 καὶ
1248 786 1357 837 τῶν
1416 777 1818 855 διδασκομένων
1874 782 1963 837 ὑπ’

344 877 487 932 αὐτοῦ
512 873 765 930 παιδίων.
816 872 957 930 Τότε
988 866 1247 933 λαϐόντες
1278 869 1473 933 αὐτοὺς
1505 872 1558 925 οἱ
1612 876 1960 946 στρατιῶται,

341 964 636 1039 ἀπέσφαξαν.
672 962 774 1017 Καὶ
817 961 993 1023 οὕτως
1054 959 1221 1036 έτάφη
1246 961 1275 1016 6
1306 958 1462 1035 ἅγιος
1515 959 1661 1036 παρὰ
1713 955 1961 1016 εὐλαόῶν

332 1056 639 1131 Χριστιανῶν
675 1097 691 1123 ,
753 1050 855 1123 ἔξω
913 1057 1014 1120 τῆς
1093 1049 1310 1111 πόλεως
1381 1050 1765 1126 Ἀντιοχείας,
1828 1051 1963 1123 μετᾶ

334 1149 428 1200 τῶν
468 1144 864 1218 περικειμένων
949 1140 1099 1213 αὖτῷ
1152 1136 1359 1194 κλοιῶν
1417 1138 1510 1203 οὓς
1585 1136 1673 1194 διά
1730 1140 1963 1213 Χριστὸν

334 1232 447 1313 inde
454 1253 559 1288 εσεν
572 1276 584 1289 .

914 1322 994 1394 Τῇ
1020 1317 1159 1384 αὐτῆ
1193 1315 1376 1391 ἡμέρᾳ

336 1499 591 1573 νΑθλησις
620 1503 734 1556 τῶν
772 1498 942 1575 ἁγίων
1002 1497 1290 1574 μαρτύρων
1346 1495 1654 1574 Θεοδώρου,
1688 1498 1961 1567 Ὠκεανοῦ,

740 1591 1044 1663 Ἀμιανοῦ,
1082 1588 1172 1642 καὶ
1215 1585 1533 1645 Ἰουλιανοῦ.

396 1677 542 1737 Οὗτοι
576 1680 630 1733 οἱ
664 1675 817 1755 ἅγιοι
852 1679 1117 1751 μάρτυρες
1168 1677 1418 1753 ὑπῆρχον
1477 1675 1564 1732 ἐπὶ
1623 1678 1963 1751 Μαξιμιανοῦ

334 1775 416 1826 τοῦ
465 1769 738 1845 βασιλέως
776 1813 789 1827 .
852 1770 1220 1845 Κραθηθέντες
1279 1765 1337 1823 δὲ
1393 1767 1482 1823 καὶ
1550 1768 1912 1843 έρωθηθέντες
1944 1810 1962 1840 ,

332 1860 685 1937 ὡμολόγησαν
743 1859 838 1915 τὸν
897 1859 1171 1930 Δεσπότην
1226 1858 1477 1933 Χριστόν.
1536 1858 1635 1913 Καὶ
1686 1856 1773 1913 διὰ
1801 1862 1962 1913 τοῦτο

327 1951 704 2023 κρεμασθέντες
785 1946 1067 2019 ἐξέσθησαν
1150 1947 1349 2023 μέχρις
1434 1946 1655 2002 ὀστέων.
1737 1949 1962 2003 Ἔπειτα

330 2036 685 2111 ένεϐλήθησαν
744 2039 820 2102 εἰς
879 2037 1107 2114 λουτρὸν
1167 2035 1475 2115 έκπυρωδὶν
1545 2038 1810 2113 ἰσχυρῶς,
1868 2039 1959 2093 καὶ

327 2131 637 2206 σφραγισθὶν
690 2132 762 2204 τῇ
820 2126 1081 2204 σφραγῖδι
1123 2132 1220 2183 τοῦ
1284 2127 1575 2203 βασιλέως,
1609 2125 1698 2183 διὰ
1753 2128 1816 2183 τὸ
1878 2128 1955 2201 μὴ

333 2216 549 2288 tanta»
581 2217 773 2281 αὐτοὺς
815 2219 906 2273 ἀπ’
937 2217 1123 2288 αὐτοῦ,
1183 2216 1329 2273 ἀλλὰ
1383 2219 1668 2273 ἀποθανεῖν
1698 2216 1749 2273 έν
1784 2218 1955 2289 αὑτῷ.

346 2307 605 2381 Ἀγγελος
684 2305 739 2363 δὶ
810 2306 1015 2380 Κυρίου
1102 2305 1357 2383 ἐξήγαγεν
1418 2305 1613 2369 αὐτοὺς
1671 2301 1954 2376 ἀϐλαϐεῖς,

355 2394 743 2472 ἠσφαλισμένων
799 2395 892 2451 καὶ
948 2395 1391 2472 ἐσφραγισμένων
1449 2400 1556 2451 τῶν
1618 2399 1815 2470 θυρῶν.
1850 2394 1952 2452 Καὶ

348 2485 505 2540 πάλιν
532 2487 909 2562 κρατηθέντες,
964 2486 1264 2560 ἀπάγονται
1318 2482 1419 2559 ἔξω
1473 2492 1574 2555 τῆς
1629 2485 1849 2549 πόλεως
1902 2484 1953 2541 έν

322 2571 505 2649 ἐρήμῳ
556 2576 710 2648 τόπῳ
766 2580 865 2631 τοῦ
920 2580 1131 2649 πικρῶς
1187 2577 1530 2654 φονευθῆναι.
1589 2574 1955 2649 Αἶπησὰμενοι

324 2662 375 2719 δὲ
406 2664 543 2740 ὥραν
571 2673 888 2741 προσευχῆς
945 2666 1270 2741 χαρίσασθαι
1302 2666 1489 2728 αὐτοῖς
1538 2662 1667 2728 τοὺς
1695 2664 1954 2738 δημίους,

324 2754 409 2808 καὶ
435 2755 690 2831 τυχόντες
718 2762 820 2824 τῆς
852 2755 1138 2826 αἰτήσεως,
1199 2753 1413 2816 στάντες
1469 2752 1557 2809 ἐπὶ
1615 2751 1759 2808 πολὺ
1788 2771 1957 2817 προσ-

322 2842 539 2917 ηὔξαντο
578 2849 660 2918 τῷ
716 2848 853 2917 Θεῷ,
913 2844 1044 2920 ὗπὶρ
1100 2850 1202 2914 τῆς
1258 2843 1646 2917 οἶκουμενικῆς
1690 2837 1954 2896 κατασθά-

314 2954 465 3002 σεως,
496 2933 586 2988 καὶ
638 2938 750 2989 τῶν
783 2932 948 3010 ἁγίων
979 2931 1346 3005 Ἐκκλησιῶν·
1397 2933 1485 2988 καὶ
1545 2929 1953 3008 ηὐχαρίστησαν

316 3023 477 3096 αὐτῷ,
510 3023 593 3079 ὅτι
625 3023 938 3095 ἠξιώθησαν
991 3027 1088 3079 τοῦ
1124 3029 1465 3100 μαρτυρῆσαι
1501 3019 1572 3077 δι’
1630 3019 1809 3077 αὐτόν.
1856 3019 1954 3077 Καὶ

320 3111 453 3167 οὕτω
501 3114 897 3177 κατακοπέντες
942 3113 1117 3168 πάντα
1172 3111 1240 3167 τὰ
1296 3108 1463 3186 μέΛη,
1521 3112 1606 3166 καὶ
1663 3111 1729 3166 τὰ
1785 3107 1951 3182 σκέλη

326 3199 709 3278 συντριϐέντες,
761 3196 1130 3275 ένεόλήθησᾶν
1192 3202 1269 3265 είς
1325 3205 1455 3278 πῦρ,
1506 3199 1597 3257 καὶ
1638 3195 1810 3263 οὕτως
1843 3199 1954 3255 έτε-

317 3289 521 3365 λισώθη
530 3315 648 3350 σαν.

898 3384 976 3457 τῇ
1008 3379 1147 3453 αὐτῇ
1176 3380 1360 3456 ἡμέρᾳ

320 3469 578 3544 ’Δθλησις
632 3478 735 3543 τῆς
780 3471 934 3549 ἁγίας
996 3469 1265 3548 μάρτυρος
1318 3468 1642 3547 Ἑρμιόνης,
1673 3471 1953 3548 θυγατρὸς

590 3564 689 3616 τοῦ
712 3560 864 3637 ἁγίου
896 3557 1179 3615 Φιλίππου
1198 3562 1297 3615 τοῦ
1316 3557 1633 3615 ἀποστόλου
1647 3603 1659 3618 .

340 3735 403 3791 ’Π
454 3738 568 3811 ἁγία
620 3740 813 3814 μάρτυς
855 3740 1118 3816 Ἑρμιόνη
1177 3737 1396 3817 ὑπῆρχε
1455 3740 1549 3812 μὶν
1600 3738 1688 3794 έπὶ
1746 3741 1955 3812 Τραϊα-

338 3829 426 3879 νοῦ
444 3831 534 3880 τοῦ
563 3828 838 3903 βασιλέως,
867 3832 931 3899 ἦν
979 3826 1035 3884 δὲ
1065 3827 1301 3906 θυγάτηρ
1361 3818 1646 3884 Φιλίππου
1692 3832 1788 3884 τοῦ
1814 3828 1948 3883 ἁπο-

328 3916 532 3973 στόλου.
572 3922 661 3973 Ἦν
711 3918 767 3973 δὲ
830 3918 967 3993 αὖτῇ
1022 3916 1234 3997 ἀδελφὴ
1293 3916 1606 3992 καλουμένη
1668 3918 1948 3993 Εὖτυχής.

318 4006 412 4060 Καὲ
460 4006 816 4082 παρεγένοντο
868 4008 922 4063 αἱ
979 4005 1074 4062 δύο
1133 4007 1209 4070 εἷς
1266 4008 1521 4086 Ἔφεσον,
1579 4014 1950 4084 προσκυνῆσαι

308 4094 394 4148 τὸν
420 4096 690 4171 Θεολόγον
742 4096 1026 4169 Ἰωάννην,
1084 4097 1175 4152 καὶ
1234 4098 1351 4172 οὐχ
1405 4095 1560 4173 εὗρον
1600 4096 1780 4152 αὐτόν’
1819 4118 1950 4170 μετ-

307 4186 447 4258 ετὲθῃ
477 4186 581 4261 γὰρ
615 4183 747 4257 ἤδη.
782 4185 990 4243 Ἐλθὼν
1048 4183 1105 4241 δὲ
1160 4186 1249 4241 καὶ
1280 4186 1547 4260 Τραϊανὸς
1604 4186 1632 4240 6
1691 4184 1948 4257 βασιλεὺς

306 4272 376 4336 εἷς
400 4276 668 4354 Ἔφεσον,
713 4274 851 4351 πρὸς
898 4276 990 4330 τὸν
1046 4277 1180 4331 κατὰ
1234 4279 1342 4331 τῶν
1399 4279 1617 4351 Περσῶν
1675 4275 1945 4350 πόλεμον,

298 4360 410 4437 εὗρε
441 4364 508 4419 τὸ
563 4360 741 4437 ὄνομα
766 4367 869 4433 τῆς
922 4364 1073 4440 ἁγίας
1133 4363 1439 4439 Ἑρμιόνης
1492 4362 1628 4438 μέγα
1683 4362 1767 4419 ἐπ’
1800 4364 1949 4420 εὐσε-

296 4446 453 4524 ϐείᾷ·
524 4454 614 4508 καὶ
675 4452 780 4530 γὰρ
829 4454 897 4522 ἦν
956 4454 1412 4531 προφητεύουσα·
1501 4452 1591 4508 καὶ
1669 4474 1945 4529 κρατησας

292 4540 453 4612 αὐτὴν
497 4587 512 4612 ,
577 4542 667 4598 καὶ
750 4542 1149 4617 καταναγκάσας
1232 4543 1563 4619 ἀρνήσασθαι
1638 4543 1730 4597 τὸν
1812 4546 1947 4619 Χρι-

292 4632 433 4705 στὸν,
471 4632 551 4695 ὡς
584 4631 683 4687 οὐκ
734 4629 933 4701 ἔπεισε,
990 4632 1202 4688 κελεύει
1257 4633 1548 4697 τύπτεσθαι
1607 4634 1775 4703 αὐτὴν
1809 4635 1945 4689 κατὰ

2076 691 2330 747 dedecet
2380 691 2673 747 diadema.
2722 694 2881 749 Tunc
2914 694 3308 749 Numerianus
3357 693 3717 748 sententiam

2080 781 2486 853 pronuntiavit
2513 781 2794 837 adversus
2851 799 3007 849 eum,
3042 787 3099 837 et
3148 784 3425 838 adversus
3482 800 3718 853 pueros,

2071 870 2172 942 qui
2201 870 2274 926 ab
2307 888 2374 926 eo
2408 871 2892 926 instituebantur.
2927 873 3069 928 Cum
3104 872 3238 926 illos
3258 872 3433 943 igitur
3462 871 3714 943 accepis°

2073 965 2206 1016 sent
2236 960 2477 1027 milites,
2525 960 2903 1033 jugularunt.
2938 964 3126 1031 Atque
3158 961 3238 1015 ita
3269 968 3508 1016 sanctus
3536 978 3571 1016 a
3602 961 3715 1033 piis

2073 1050 2422 1105 Christianis
2477 1049 2747 1122 sepultus
2782 1055 2871 1105 est
2922 1056 3087 1105 extra
3132 1049 3341 1104 urbem
3392 1051 3719 1104 Antiochiae

2073 1155 2194 1194 una
2225 1155 2359 1194 cum
2392 1139 2832 1211 circumpositis
2866 1140 2979 1211 ipsi
3024 1140 3269 1209 catenis,
3305 1155 3450 1211 quas
3480 1144 3722 1211 propter

2074 1228 2374 1284 Christum
2399 1228 2746 1300 pertulerat.

2720 1345 2934 1401 Eodem
2976 1345 3072 1402 die

2073 1462 2175 1518 18
2206 1463 2488 1518 Certamen
2513 1468 2825 1518 sanctorum
2854 1470 3160 1534 martyrum
3192 1463 3477 1533 Theodori,
3498 1464 3719 1527 Oceani,

2607 1552 2837 1609 Amiani
2865 1560 2915 1609 et
2946 1553 3183 1612 Iuliani.

2146 1737 2213 1792 Hi
2242 1742 2430 1797 sancti
2461 1746 2751 1814 martyres
2784 1739 3037 1795 floruere
3083 1738 3433 1794 Maximiano
3466 1738 3723 1810 impera-

2075 1830 2224 1883 tore.
2246 1831 2675 1904 Comprehensi
2698 1835 2918 1898 autem,
2942 1834 3001 1883 et
3021 1828 3386 1900 interrogati,
3411 1845 3543 1884 cum
3567 1829 3727 1883 Chri-

2076 1922 2232 1973 stum
2262 1921 2573 1976 Dominum
2594 1922 3043 1983 confiterentur,
3073 1918 3367 1989 suspensi,
3394 1918 3721 1989 depexique

1994 1984 2038 2050 Β
2069 2005 2141 2060 ad
2165 2024 2299 2064 ossa
2319 2009 2485 2064 fuere
2507 2026 2522 2066 :
2548 2009 2762 2063 deinde
2798 2007 2857 2062 in
2880 2006 3383 2061 ferventissimum
3410 2006 3714 2075 balneum,

2068 2095 2260 2167 sigillo
2276 2098 2653 2169 imperatoris
2667 2097 3040 2167 obsignatum
3058 2111 3131 2148 ne
3146 2094 3281 2148 inde
3296 2096 3456 2148 exire
3468 2102 3715 2165 possent

2065 2184 2170 2239 sed
2199 2186 2443 2243 interire
2500 2187 2560 2242 id
2592 2190 2963 2258 cogerentur,
2997 2182 3242 2236 detrusi.
3303 2182 3415 2236 Sed
3464 2182 3709 2253 angelus

2064 2274 2299 2331 Domini
2332 2293 2433 2331 eos
2465 2276 2709 2343 illaesos,
2768 2272 2992 2328 foribus
3039 2288 3068 2326 e
3100 2270 3337 2342 pessulo
3372 2271 3619 2326 ﬁrmatis
3652 2279 3709 2327 et

2063 2364 2411 2437 obsignatis,
2428 2366 2648 2421 eduxit.
2694 2367 2916 2420 Rursus
2934 2367 3131 2417 autem
3147 2362 3321 2432 capti,
3338 2360 3713 2417 abducuntur

2064 2459 2229 2509 extra
2256 2453 2466 2510 urbem
2500 2456 2561 2509 in
2618 2453 2920 2509 desertum
2977 2451 3195 2517 locum,
3229 2455 3294 2503 ut
3343 2450 3712 2506 truculenter

2063 2544 2544 2600 interficerentur
2568 2561 2580 2599 :
2609 2543 2707 2598 ubi
2725 2543 2929 2615 petita,
2951 2540 3335 2612 etimpetrata
3353 2556 3386 2595 a
3416 2541 3712 2595 carniﬁci-

2061 2631 2173 2687 bus
2203 2633 2276 2688 ad
2298 2633 2588 2689 orandum
2615 2633 2780 2698 hora,
2803 2637 3030 2687 stantes
3051 2630 3303 2685 multum
3328 2631 3547 2700 precati
3576 2636 3713 2685 sunt

2064 2723 2270 2790 Deum,
2304 2724 2564 2793 primum
2598 2722 2837 2794 quidem
2871 2738 2975 2792 pro
3012 2720 3189 2775 totius
3221 2719 3379 2773 orbis
3424 2719 3709 2774 constitu-

2063 2811 2246 2878 tione,
2287 2818 2745 2883 sanctarumque
2794 2810 3193 2866 Ecclesiarum
3226 2808 3658 2878 tranquillitate
3693 2824 3706 2862 :

2066 2898 2279 2956 deinde
2308 2902 2528 2975 gratias
2560 2901 2752 2956 eidem
2805 2904 3071 2973 egerunt,
3105 2898 3263 2970 quod
3312 2898 3474 2970 digni
3521 2897 3705 2952 habiti

2066 2994 2283 3058 essent,
2318 2990 2418 3061 qui
2449 2990 2800 3060 martyrium
2822 2988 3073 3060 proipso
3096 2986 3382 3042 subirent.
3416 2989 3605 3056 Atque
3630 2987 3709 3040 ita

2064 3078 2332 3151 prmcisis
2356 3079 2604 3152 singulis
2626 3078 2931 3144 membris,
2955 3076 3347 3147 cruribusque
3371 3074 3706 3146 confractis,

2068 3167 2131 3224 in
2162 3169 2360 3242 ignem
2384 3169 2612 3241 injecti,
2638 3169 2820 3225 tinem
2850 3166 3079 3223 vivendi
3101 3166 3390 3223 fecerunt.

2705 3434 2925 3489 Eodem
2965 3433 3062 3489 die

2065 3556 2169 3610 14
2191 3553 2474 3612 Certamen
2503 3557 2705 3609 sancta:
2743 3553 3004 3622 martyris
3033 3551 3334 3619 Hemiones,
3365 3551 3495 3623 ﬁlia:
3531 3551 3709 3608 sancti

2616 3641 2866 3713 Philippi
2894 3640 3152 3712 apostoli.

2136 3761 2349 3818 Sancta
2377 3764 2602 3833 martyr
2632 3759 2971 3827 Hermione,
2994 3758 3117 3814 filia
3137 3758 3394 3832 Philippi
3427 3760 3705 3831 apostoli,

2061 3850 2265 3907 ﬂoruit
2292 3850 2542 3922 Trajano
2575 3850 2952 3921 imperatore.
2979 3848 3195 3904 Habuit
3224 3853 3421 3905 autem
3445 3866 3707 3906 sororem

2059 3943 2301 3999 nomine
2333 3943 2661 4015 Eutychen,
2695 3958 2829 3997 cum
2862 3957 2980 4012 qua
3008 3942 3306 4013 Ephesum
3338 3941 3616 4012 perrexit,
3645 3948 3710 3998 ut

2057 4034 2345 4088 Joannem
2375 4032 2733 4104 Theologum
2767 4031 3086 4086 adorarent
3118 4047 3130 4085 :
3164 4048 3282 4086 non
3316 4038 3513 4087 tamen
3546 4032 3709 4086 inve-

2058 4127 2277 4179 nerunt
2300 4139 2435 4177 eum
2458 4138 2470 4176 :
2496 4121 2817 4178 translatus
2841 4121 2999 4176 enim
3011 4121 3140 4193 jam
3162 4121 3371 4177 fuerat.
3398 4122 3569 4176 Venit
3598 4138 3703 4176 au-

2060 4216 2179 4268 tem
2208 4216 2265 4268 et
2293 4213 2579 4284 Trajanus
2611 4212 2935 4283 imperator
2964 4212 3259 4284 Ephesum
3305 4211 3378 4266 ad
3405 4213 3702 4267 Persicam

2061 4302 2527 4376 expeditionem,
2560 4300 2901 4370 audivitque
2931 4317 3151 4355 nomen
3186 4300 3532 4354 Hermiones
3564 4316 3700 4371 per-

2064 4391 2295 4447 celebre
2330 4407 2397 4445 ac
2426 4390 2850 4455 venerandum,
2879 4405 2948 4444 eo
2979 4388 3134 4459 quod
3163 4388 3507 4459 prophetico
3550 4393 3708 4445 esset

2066 4479 2268 4535 afﬂata
2285 4478 2516 4549 spiritu.
2542 4477 3042 4547 Comprehensam
3066 4475 3245 4548 igitur
3274 4492 3407 4531 cum
3435 4494 3467 4532 a
3488 4476 3704 4534 Christi

2058 4568 2223 4625 cultu
2244 4567 2535 4622 abducere
2555 4583 2675 4621 non
2700 4570 2919 4637 posset,
2946 4565 3118 4637 jubet
3140 4565 3227 4620 illi
3251 4566 3452 4639 alapas
3471 4569 3657 4624 incuti
3688 4586 3701 4625 :

2057 4656 2151 4712 cui
2193 4655 2477 4711 Dominus
2508 4671 2823 4727 apparens,
2890 4655 3117 4711 addidit
3161 4658 3449 4727 animum,
3482 4661 3702 4714 conﬁr-

288 4725 380 4775 τοῦ
428 4721 760 4796 προσώπου.
818 4722 1132 4798 Ἐπιφανεὶς
1191 4718 1249 4776 δὲ
1304 4721 1332 4775 6
1392 4723 1609 4799 Κύριος,
1666 4722 1945 4800 ἐνίσχυσεν

2068 4746 2376 4816 mavitque,
2400 4750 2466 4799 ut
2488 4718 2781 4800 tormenta
2804 4718 3035 4801 iortiter
3054 4747 3361 4819 perferret.
3392 4718 3501 4803 sed
3526 4750 3700 4820 paulo

289 4810 455 4880 αὐτὴν
520 4815 795 4884 καρτερεῖν
848 4811 987 4887 πρὸς
1052 4811 1149 4873 τὰς
1233 4810 1516 4887 βασάνους.
1572 4812 1724 4870 Μετᾶ
1777 4817 1945 4869 ταῦτα

288 4899 341 4955 δὲ
422 4898 853 4974 προφητεύουσα
929 4899 1050 4975 περὶ
1154 4905 1425 4973 Τραϊανου
1458 4945 1474 4972 ,
1560 4901 1645 4957 ὅτι
1732 4904 1941 4973 νικήσει

282 4993 405 5052 τοῦς
464 4989 694 5063 Πέρσας,
723 4987 849 5042 τότε
898 4989 993 5059 μὲν
1044 4986 1311 5059 ἀπελύθη.
1361 4990 1512 5048 Μετᾶ
1560 4987 1617 5045 δὲ
1673 4991 1940 5065 Τραϊανὸν

283 5079 563 5151 κρατήσας
595 5082 694 5146 τῆς
753 5074 1081 5153 βασιλείαςὸ
1112 5072 1361 5153 γαμϐρὸς
1417 5077 1581 5134 αὑτοῦ
1633 5077 1938 5154 Ἀδριανὸς,

285 5185 553 5240 κατεσχεν
584 5164 775 5237 αὐτήν.
833 5166 929 5219 Καὶ
996 5167 1407 5240 καταναγκάσας
1463 5169 1795 5243 ἀρνήσασθαι
1842 5170 1939 5242 μὲν

287 5258 375 5311 τὸν
408 5254 683 5329 Χριστὸν,
714 5257 870 5320 θῦσαι
903 5252 958 5309 δὲ
986 5262 1103 5317 τοῖς
1155 5253 1432 5328 εἰδώλοις,
1482 5259 1571 5312 καὶ
1606 5260 1682 5332 μη
1727 5258 1941 5332 πείσας,

289 5340 616 5421 προσέταξεν
676 5343 1224 5419 ἁποκεφαλισθῆναι.
1283 5350 1672 5423 Ξηρανοεισῶν
1734 5345 1791 5402 δὲ
1830 5353 1937 5405 τῶν

293 5438 495 5510 χεῖρῶν
525 5437 634 5488 τῶν
685 5428 925 5504 δημίων,
982 5432 1317 5505 ἐπίστευσαν,
1347 5436 1437 5490 καὶ
1497 5435 1590 5491 σὸν
1650 5440 1786 5511 αυτῇ
1835 5435 1941 5492 ἁπ-

289 5522 489 5603 εκειραλ
501 5522 620 5593 ίσθη
628 5543 740 5577 σαν.

879 5615 965 5687 τῇ
1000 5612 1135 5688 αὐτῇ
1166 5615 1350 5690 ἡμέρᾳ

459 5714 670 5787 Μνήμη
701 5716 799 5769 τοῦ
846 5712 1002 5789 ἁγίου
1052 5712 1299 5779 Μωσέως
1340 5718 1437 5770 τοῦ
1468 5718 1768 5790 νομοθέτου

360 5833 599 5905 Μωϋσῆς
649 5833 679 5888 6
734 5833 1021 5909 προσήτης
1075 5833 1165 5888 καὶ
1219 5828 1516 5910 νομοθέτης
1572 5857 1782 5915 γεγονεν
1816 5836 1933 5901 υίος

2053 4837 2187 4904 post
2217 4832 2519 4904 aTrajano
2551 4832 2890 4901 dimittitur,
2924 4835 3079 4904 quod
3102 4836 3154 4888 ei
3185 4836 3556 4906 prmdixisset
3577 4838 3700 4893 fore

2051 4927 2117 4977 ut
2146 4922 2218 4977 de
2250 4922 2443 4977 Persi.°
2477 4922 2891 4993 triumpharet.
2922 4923 3219 4978 Adrianus
3251 4942 3406 4992 vero,
3430 4942 3612 4997 gener
3642 4932 3700 4980 et

2054 5027 2367 5067 successor
2396 5011 2653 5082 Trajani,
2712 5012 3201 5083 comprehensam
3273 5015 3487 5069 iterum
3546 5017 3701 5087 cogit

2051 5099 2349 5155 Christum
2398 5099 2711 5170 abnegare,
2767 5100 3062 5171 idolisque
3122 5104 3473 5158 sacrificare.
3534 5106 3696 5170 Quod

2051 5206 2185 5245 cum
2220 5189 2323 5244 illa
2356 5189 2545 5244 facere
2602 5189 2922 5257 renuisset,
2975 5191 3159 5261 jussit
3208 5194 3501 5263 amputari
3570 5196 3695 5265 ejus

2050 5283 2243 5349 caput.
2281 5278 2700 5333 Arescentibus
2722 5295 2856 5333 vero
2878 5280 3227 5335 carnificum
3251 5283 3549 5351 manibus,
3584 5284 3693 5355 ipsi

2051 5368 2228 5424 etiam
2282 5366 2342 5422 in
2397 5367 2696 5422 Christum
2752 5368 3151 5438 crediderunt,
3186 5375 3361 5443 atque
3410 5390 3529 5430 una
3559 5392 3693 5431 cum

2049 5455 2158 5512 illa
2189 5456 2380 5527 capite
2410 5455 2567 5527 plexi
2596 5461 2756 5511 sunt.

2682 5618 2902 5673 Eodem
2945 5619 3059 5674 die.

2261 5726 2358 5783 15
2393 5727 2658 5782 Memoria
2694 5729 2874 5782 sancti
2902 5729 3099 5798 Moysis
3130 5729 3473 5799 legislatoris.

2118 5843 2345 5917 Moyses
2364 5842 2655 5916 propheta
2676 5848 2734 5899 et
2752 5843 3055 5916 legislator
3070 5848 3235 5915 patre
3249 5843 3490 5901 Hebraeo
3512 5844 3687 5898 natus
