4030 6196
295 465 370 529 31
1642 468 1953 531 MENOLO

2105 468 2309 532 PARS
2351 470 2403 531 Ῑ.
3631 477 3711 541 32

295 588 367 658 in
397 601 639 674 Egypto
671 605 776 658 est.
803 602 989 670 Hunc,
1021 617 1156 658 cum
1178 601 1403 657 Pharao
1423 616 1530 657 rex
1545 600 1770 675 Egypti
1792 619 1946 674 pra-

2063 599 2173 663 ένός
2229 603 2336 655 τῶν
2395 594 2686 674 Ἐϐραίων,
2745 603 3025 677 γεννηθεὶς
3084 600 3136 656 έν
3209 592 3493 677 Αΐγῦπτῳ.
3557 605 3708 662 Ἐπει

293 691 569 762 cepisset,
601 696 668 746 ut
688 691 1067 746 Hebraeorum
1089 691 1281 764 gentis
1314 691 1563 747 masculi
1588 691 1829 762 quidem
1853 691 1944 747 in-

291 779 484 837 fantes
528 781 1016 846 interinerentur,
1048 779 1285 836 feminm
1347 797 1483 837 vero
1541 786 1937 849 servarentur,

297 876 489 926 mater
519 870 744 925 ﬁscella
785 869 1084 924 inclusum
1117 871 1178 925 in
1232 871 1477 926 ﬂuvium
1531 871 1802 944 projecit.
1834 871 1946 927 Sed

303 977 437 1016 cum
459 959 786 1030 Pharaonis
812 959 958 1024 ﬁlia,
982 964 1050 1015 ut
1070 960 1386 1026 lavaretur,
1410 961 1484 1016 ad
1508 961 1731 1016 flumen
1761 962 1947 1016 venis-

299 1056 406 1117 set,
441 1048 726 1104 ﬁscellam
759 1049 1118 1120 conspicata,
1155 1054 1212 1104 et
1242 1048 1531 1105 infantem
1572 1051 1634 1105 in
1682 1050 1788 1106 illa
1817 1049 1944 1122 plo~

294 1141 548 1208 rantem,
570 1154 705 1193 eum
727 1138 789 1193 in
803 1139 994 1193 filium
1018 1138 1131 1193 sibi
1151 1137 1470 1210 ad0ptavit,
1487 1139 1946 1196 instituendum-

293 1244 408 1298 que
441 1228 608 1282 omni
651 1227 1054 1300 Egyptiorum
1111 1227 1364 1284 scientia
1421 1229 1664 1284 curavit.
1725 1228 1942 1284 Adulto

295 1319 570 1390 apparuit
597 1319 774 1385 Deus,
805 1317 1223 1390 mandavitque
1247 1323 1314 1374 ut
1344 1318 1721 1376 Hebraeorum
1753 1336 1944 1392 popu-

295 1407 422 1464 lum
456 1424 527 1464 ex
566 1409 810 1479 Egypto
865 1407 1162 1463 educeret.
1214 1409 1360 1464 Cum
1417 1409 1599 1482 igitur
1654 1410 1942 1482 populum

299 1497 617 1564 eduxisset,
680 1511 962 1568 mareque
1018 1496 1281 1552 medium
1339 1497 1660 1567 scidisset,
1718 1515 1942 1570 perque

296 1585 526 1642 aridam
557 1584 913 1651 transiisset,
936 1589 1166 1656 petram
1186 1587 1364 1643 etiam
1386 1587 1547 1661 virga
1574 1587 1942 1660 percutiens,

295 1693 482 1748 aquas
510 1675 650 1731 inde
681 1675 1002 1744 elicuisset,
1039 1677 1431 1751 quadraginta
1461 1678 1701 1735 demum
1747 1694 1940 1734 annos

296 1764 527 1821 militiai
557 1763 916 1836 praafuisset,
946 1766 1118 1821 annis
1150 1771 1287 1822 ante
1319 1767 1536 1823 Christi
1561 1767 1943 1823 resurrectio-

297 1871 438 1910 nem
457 1854 620 1910 mille
639 1853 1059 1927 quadragentis
1081 1856 1377 1930 octoginta
1393 1857 1654 1928 quinque
1673 1861 1942 1912 mortuus

2057 687 2114 746 δὲ
2142 691 2464 768 πρόσταγμα
2492 694 2559 762 ἦν
2588 696 2690 748 τοῦ
2739 694 2940 769 Φαραὼ
2997 691 3265 768 βασιλέως
3309 692 3610 769 Αἰγύπτου,
3637 698 3708 754 τὰ

2057 779 2152 852 μὲν
2187 778 2400 850 θηλυκά
2445 783 2550 834 τῶν
2601 775 2868 854 Ἐϐραίων
2919 782 3132 858 βρεφῶν
3183 788 3603 858 περιποιεῖσθαι,
3634 786 3705 841 τὰ

2054 865 2114 924 δὲ
2169 869 2424 944 ἀρσενικὰ
2478 869 2814 946 φονεύεσθαι,
2875 868 3123 926 ἐνέϐαλεν
3183 871 3260 934 εἷς
3323 876 3610 948 συρτάριον
3664 878 3701 946 ἠ

2058 960 2243 1033 μήτηρ
2274 958 2437 1014 αὐτοῦ
2465 961 2558 1014 τὸν
2605 961 2869 1030 Μωυσῆν,
2927 960 3017 1015 καὶ
3075 956 3289 1037 ἕρῥιψεν
3323 961 3397 1024 εἷς
3429 966 3702 1037 ποταμόν.

2052 1043 2262 1118 Κατέϐη
2297 1045 2355 1103 δὲ
2403 1051 2438 1118 ἠ
2491 1049 2727 1124 θυγάτηρ
2780 1051 2983 1124 Φαραὼ
3033 1049 3325 1106 λούσασθαι
3359 1051 3434 1114 εἰς
3464 1054 3556 1108 τὸν
3592 1075 3706 1109 πο-

2049 1136 2246 1210 ταμύν.
2282 1137 2384 1194 Καὶ
2441 1135 2631 1193 ἰδοῦσα
2675 1141 2737 1195 τὸ
2795 1139 3104 1215 συρτᾶριον,
3151 1142 3237 1196 καὶ
3287 1141 3352 1199 τὸ
3401 1140 3620 1198 παιδίον
3649 1143 3704 1200 ἐν

2051 1225 2199 1300 αύτῷ
2226 1225 2442 1300 κλαῖον,
2485 1223 2782 1282 ἀνελάϐετο
2841 1229 2972 1284 αὐτὸ
3029 1229 3106 1293 εἷς
3163 1229 3300 1291 υἱόν,
3335 1233 3440 1288 Καὶ
3471 1231 3709 1304 ἐδίδαξεν

2051 1313 2197 1388 αύτῷ
2226 1319 2398 1371 πᾶσαν
2455 1315 2648 1390 σοφίαν
2705 1317 3044 1393 Αἰγυπτίων.
3107 1321 3402 1392 Δύξηθέντι
3445 1320 3504 1378 δὲ
3557 1323 3711 1397 αὐτῷ

2051 1405 2221 1480 ἐφάνη
2367 1407 2519 1474 Θεὸς,
2579 1407 2670 1462 καὶ
2723 1409 3042 1483 προσέταξεν
3100 1408 3372 1490 ἐξαγαγεῖν
3433 1413 3520 1468 τὸν
3571 1411 3708 1468 λαὸν

2048 1498 2156 1550 τῶν
2209 1489 2474 1569 Ἐϐραίων
2533 1495 2592 1552 ἐκ
2645 1503 2747 1567 τῆς
2806 1496 3097 1572 Αἰγύπτου·
3148 1500 3448 1578 Ἐξαγαγὼν
3482 1501 3572 1557 οὗν
3603 1504 3696 1559 τὸν

2051 1581 2207 1659 λαὸν,
2239 1585 2327 1640 καὶ
2359 1585 2546 1642 πολλὰ
2574 1592 2778 1660 σημεῖα
2825 1588 2910 1642 καὶ
2960 1587 3157 1664 τέρατα
3194 1593 3452 1662 ποιήσας,
3482 1592 3572 1648 καὶ
3601 1592 3696 1648 θάι

2051 1675 2250 1732 λασσαν
2277 1678 2480 1748 τεμὼν,
2545 1675 2635 1731 καὶ
2694 1674 2782 1732 διὰ
2839 1681 3004 1753 ξηρᾶς
3061 1681 3315 1755 περάσας,
3355 1681 3446 1736 καὶ
3495 1683 3693 1758 πέτραν

2046 1769 2116 1840 τῇ
2163 1760 2346 1842 ῥάϐδῳ
2397 1763 2654 1840 κρούσας,
2713 1768 2804 1822 καὶ
2861 1765 3007 1843 ὕδωρ
3066 1768 3118 1840 ἐξ
3175 1771 3346 1839 αὑτῆς
3399 1765 3700 1827 ἀναϐλύσαι

2049 1857 2304 1928 ποιήσας,
2361 1853 2453 1910 καὶ
2510 1858 2910 1931 τεσσαράκοντά
2965 1855 3060 1929 ἔτη
3136 1861 3534 1935 στρατηγήσας,
3591 1863 3700 1936 πρὸ

303 1950 410 2013 est,
444 1945 828 2017 sepultusque
851 1945 913 2002 in
945 1945 1203 2017 quodam
1227 1947 1412 2002 eremi
1434 1952 1636 2004 monte
1667 1963 1702 2002 a
1731 1945 1942 2002 Micha-

2063 1947 2181 2002 ἑτῶν
2269 1944 2468 2021 χιλίων
2554 1947 2984 2022 τεσσαρακοσίων
3069 1945 3535 2024 ὂγδηκονταπέντε
3596 1957 3700 2020 τῆς

304 2033 395 2092 ele
426 2051 640 2108 magno
671 2034 902 2092 militiae
934 2035 1037 2091 Dei
1067 2035 1358 2111 principe.

847 2303 1089 2361 EODEM
1140 2303 1396 2360 MENSE.

949 2429 1053 2486 Die
1084 2431 1296 2503 quinta

373 2553 475 2612 ‘16
497 2553 760 2611 Memoria
777 2557 956 2610 sancti
977 2554 1264 2626 prophetae
1289 2555 1567 2612 Zacharias
1579 2553 1764 2627 patris
1787 2555 1952 2611 Joan-

922 2629 1008 2682 nis
1037 2629 1325 2698 Baptistae.

375 2771 685 2828 Zacharias
717 2771 1014 2841 sacerdos,
1042 2775 1214 2844 pater
1243 2771 1486 2828 Joannis
1533 2770 1950 2840 Praacursoris,

303 2860 628 2918 sacerdotis
647 2860 846 2932 etipse
864 2860 1045 2932 ﬁlius,
1070 2861 1371 2934 ingressus
1390 2860 1703 2934 templum,
1726 2866 1792 2916 ut
1813 2861 1951 2916 thus

302 2949 590 3018 adoleret,
621 2965 756 3005 cum
785 2948 1029 3005 vidisset
1057 2949 1334 3022 angelum
1366 2950 1469 3005 Dei
1506 2955 1763 3006 stantem
1780 2950 1954 3021 juxta

305 3039 492 3095 altare
525 3039 952 3110 thymiamatis,
978 3038 1090 3096 sibi
1107 3039 1531 3112 pradicentem
1553 3039 1700 3107 fore,
1723 3043 1790 3094 ut
1820 3055 1955 3094 con-

307 3128 627 3199 ciperetur,
643 3134 702 3184 et
716 3132 1063 3184 nasceretur
1084 3127 1194 3183 sibi
1220 3128 1379 3183 illius
1392 3129 1649 3184 Joannes
1672 3128 1951 3199 Baptista,

309 3233 504 3288 neque
530 3217 660 3288 ejus
687 3217 813 3273 voci
847 3217 1024 3272 fidem
1055 3216 1363 3272 adhiberet
1393 3256 1408 3282 ,
1442 3216 1656 3272 surdus
1703 3216 1864 3272 illico
1897 3220 1957 3272 et

2049 2038 2289 2111 Χριστοῦ
2343 2034 2682 2097 ἀναστάσεως
2731 2032 3070 2106 ἐτελεύτησε.
3130 2037 3236 2092 Καὶ
3291 2035 3458 2115 ἒτάφη
3503 2037 3554 2094 ἐν
3583 2037 3705 2114 ὅρει

2047 2127 2152 2181 τινὶ
2180 2132 2281 2196 τῆς
2338 2124 2549 2200 ἐρήμου
2605 2125 2754 2200 παρά
2808 2125 3041 2202 Μιχαὴλ
3099 2131 3196 2184 τοῦ
3255 2125 3495 2202 μεγάλου
3539 2130 3708 2205 ἀρχι-

2049 2217 2368 2294 στρατήγου
2395 2219 2492 2270 τοῦ
2518 2219 2674 2274 Θεοῦ.

2602 2335 2780 2392 MHNI
2818 2337 2909 2413 T9
2948 2337 3151 2416 ΑΥΤῼ.

2837 2445 2915 2502 Ε’.

2048 2559 2253 2632 Μνήμη
2306 2562 2404 2614 τοῦ
2463 2560 2618 2633 ἀγίου
2669 2561 2956 2636 προφήτου
3012 2561 3308 2636 Ζαχαρίου,
3361 2566 3456 2618 τοῦ
3493 2561 3694 2637 πατρὸς

2503 2648 2756 2704 Ἰωάννου
2783 2653 2880 2704 τοῦ
2913 2655 3060 2705 Βαπτ
3073 2653 3238 2709 ιστοῦ.

2126 2781 2397 2860 Ζαχαρίας
2463 2784 2492 2838 ὁ
2539 2783 2732 2858 ἱερεὺς,
2789 2786 2818 2840 ὁ
2876 2787 3062 2861 Πατήρ
3121 2784 3377 2844 Ἰωάννου
3422 2790 3519 2842 τοῦ
3553 2791 3696 2862 Προ-

2055 2871 2287 2950 δρόμου,
2327 2873 2545 2948 ὑπῆρχε
2599 2875 2694 2946 μὶν
2747 2873 2837 2928 καὶ
2898 2873 3058 2936 αὐτὸς
3116 2876 3232 2936 υἱὸς
3289 2875 3497 2950 ἰερέωςο
3529 2874 3708 2932 εἴσελ-

2056 2962 2163 3029 θὼν
2194 2959 2251 3017 δὶ
2277 2961 2330 3018 έν
2359 2965 2438 3034 τῷ
2467 2965 2576 3035 ναῷ
2630 2966 2728 3018 τοῦ
2783 2964 3066 3036 θυμιᾶσαι,
3117 2961 3251 3019 εἶδεν
3300 2962 3535 3040 ἄγγελον
3567 2967 3703 3020 Θεοῦ

2055 3053 2261 3107 ἑστῶτα
2315 3049 2554 3122 πλησίον
2610 3055 2706 3106 τοῦ
2754 3051 3140 3128 θυσιαστηρίου
3196 3057 3292 3107 τοῦ
3335 3052 3706 3126 θυμιάματος,

2055 3140 2146 3196 καὶ
2181 3138 2458 3215 μηνύοντα
2513 3141 2663 3214 αύτῷ
2715 3141 2812 3209 τὴν
2869 3141 3145 3216 σύλληψιν
3199 3143 3287 3198 καὶ
3325 3143 3577 3219 γέννησιν
3605 3147 3703 3198 τοῦ

2059 3232 2179 3287 υἱοῦ
2208 3231 2372 3286 αὐτοῦ
2429 3231 2680 3287 Ἰωάννου
2736 3235 2832 3286 τοῦ
2889 3233 3214 3288 Βαπτιστοῦο
3275 3233 3575 3304 ἀπιστήσας
3627 3231 3706 3304 δὲ,

309 3311 511 3361 mutus
542 3305 808 3360 redditus
840 3310 948 3374 est,
981 3305 1142 3376 quod
1171 3309 1310 3361 nato
1339 3307 1564 3362 Joanne
1598 3305 1793 3361 soluta
1817 3309 1953 3360 sunt

2063 3320 2240 3396 κωφὸς
2284 3317 2374 3374 καὶ
2424 3317 2632 3382 ἂλαλος
2676 3319 2885 3396 γέγονε.
2945 3322 3094 3377 Μετᾶ
3149 3318 3204 3375 δὲ
3258 3323 3321 3377 τὸ
3378 3323 3708 3398 γεννηθῆναι

311 3393 440 3465 ejus
471 3393 688 3466 linguai
705 3395 964 3452 vincula.
992 3395 1256 3450 Audiens
1279 3399 1477 3451 autem
1500 3400 1694 3450 mater
1712 3393 1953 3450 Joannis

2063 3393 2164 3466 τὸν-
2211 3411 2491 3480 Ἰωάννην,
2567 3393 2854 3483 ἐλάλησεν.
2931 3409 3231 3469 Ἀκούσασα
3307 3393 3457 3482 δὶνὴ
3521 3413 3707 3486 μήτηρ

311 3482 601 3540 Herodem
656 3483 995 3540 Judaaorum
1037 3476 1256 3557 'regem
1326 3484 1614 3556 cogitasse
1696 3483 1955 3540 infantes

311 3572 775 3628 Bethlehemitas
808 3572 1124 3642 trucidare,
1154 3579 1221 3628 ut
1249 3574 1536 3629 Dominus
1562 3579 1765 3628 noster
1786 3575 1956 3628 Jesus

313 3661 582 3717 Christus
611 3677 732 3716 una
775 3677 909 3716 cum
953 3662 1184 3716 cmteris
1243 3661 1632 3730 occideretur,
1687 3667 1850 3718 sexto
1883 3661 1954 3716 ab

316 3751 448 3822 ejus
497 3750 799 3805 nativitate
851 3766 1056 3805 mense
1111 3755 1404 3806 Joannem
1448 3751 1511 3805 in
1565 3767 1744 3822 specu
1794 3757 1958 3806 trans

314 3838 632 3896 Jordanem
681 3837 927 3893 abdidit.
966 3839 1224 3893 Herodes
1262 3855 1398 3894 vero
1429 3839 1701 3910 quaesito,
1734 3844 1794 3894 et
1835 3855 1958 3894 non

316 3929 554 3984 invento
585 3943 788 3999 puero,
837 3927 1178 3983 Zachariam
1235 3928 1364 4000 ejus
1394 3934 1624 4000 patrem
1653 3929 1717 3984 in
1741 3933 1757 3999 ξ
1763 3928 1958 3984 medio

317 4017 544 4074 altaris.
578 4033 694 4088 quo
727 4015 840 4071 sibi
864 4021 1134 4072 metuens
1165 4016 1528 4090 confugerat,
1555 4017 1817 4090 jugulari
1836 4017 1961 4090 jus-

319 4107 414 4176 sit,
448 4111 626 4176 atque
667 4105 798 4177 ejus
831 4107 1114 4176 sanguine
1139 4105 1426 4177 templum
1450 4107 1700 4180 aspergi.
1732 4107 1963 4180 Iugula-

317 4202 413 4252 tus
445 4199 534 4250 est
563 4195 760 4268 igitur,
811 4195 1057 4266 ejusque
1107 4195 1355 4251 cadaver
1383 4195 1455 4250 de
1485 4201 1784 4268 praerupta
1811 4213 1960 4269 rupe

317 4285 683 4358 abjecerunt.
725 4284 1029 4356 Reliquias
1083 4283 1402 4356 prOpinqui
1461 4285 1590 4358 ejus
1647 4285 1958 4360 collegere,

317 4381 494 4448 atque
524 4374 586 4432 in
617 4374 956 4448 sepulcrum
986 4379 1224 4447 patrum
1253 4373 1532 4430 intulere.

957 4642 1179 4698 Eodem
1216 4642 1312 4698 die

534 4788 658 4844 17.
695 4789 980 4844 Certamen
1011 4787 1192 4844 sancti
1227 4790 1488 4859 martyris
1531 4788 1748 4845 Abdita.

397 4933 646 4989 Sanctus
677 4936 906 5004 mactyr
943 4931 1184 5001 Abdias,
1229 4933 1470 4988 natione
1502 4934 1702 5001 Persa,
1733 4931 1964 5004 profes-

327 5021 491 5076 sione
517 5021 912 5090 Christianus,
945 5037 1082 5076 cum
1139 5021 1308 5077 daret
1357 5038 1598 5078 omnem
1628 5037 1871 5092 operam
1901 5024 1967 5074 ut

324 5111 803 5180 doceretomnes,
817 5116 994 5182 atque
1011 5110 1526 5168 adhortationibus
1541 5110 1662 5165 suis
1680 5108 1754 5165 ad
1765 5125 1964 5164 veram

322 5200 640 5257 Salvatoris
659 5199 846 5256 nostri
874 5201 1011 5257 Jesu
1054 5200 1266 5256 Christi
1311 5199 1490 5255 fidem
1522 5197 1962 5270 suscipiendam

325 5290 655 5359 induceret,
680 5295 887 5362 captus
907 5307 943 5346 a
964 5305 1270 5364 magorum
1293 5289 1582 5360 principe,
1599 5287 1845 5360 jubetur
1867 5286 1966 5342 ab-

313 5381 518 5453 jurato
550 5379 783 5435 Christo
816 5379 1005 5436 solem
1037 5384 1095 5434 et
1118 5379 1315 5452 ignem
1344 5376 1590 5432 adorare
1617 5392 1630 5430 :
1662 5376 1771 5431 hos
1803 5373 1963 5431 enim

323 5473 610 5540 tanquam
628 5468 772 5524 deos
792 5471 987 5524 Persa:
1007 5466 1298 5534 colebant.
1315 5464 1481 5531 Quod
1501 5463 1602 5519 ille
1625 5467 1963 5519 exsecratus

327 5558 554 5629 asperis
585 5557 880 5613 malorum
903 5555 1254 5628 punicorum
1275 5553 1452 5626 virgis
1483 5553 1544 5609 in
1575 5552 1966 5622 ventre,lum-

321 5648 532 5718 bisque
565 5646 831 5702 caeditur.
865 5646 1056 5714 Atque
1092 5642 1174 5697 ita
1229 5659 1264 5697 a
1306 5657 1482 5696 mane
1526 5640 1599 5697 ad
1650 5641 1964 5698 meridiem

323 5733 668 5790 verberatus
680 5740 738 5789 et
751 5731 1067 5798 cruciatus,
1092 5729 1557 5786 succollantibus
1569 5728 1880 5785 lictoribus
1900 5730 1964 5786 in

328 5823 572 5883 domum
595 5839 763 5882 suam
793 5820 1104 5879 semivivus
1143 5821 1524 5896 deportatur:
1549 5825 1608 5878 et
1631 5819 1809 5894 paulo
1830 5825 1967 5895 post

1990 4731 2040 4798 D

2061 3499 2335 3573 Ἰωάννου,
2383 3498 2467 3554 ὅτι
2528 3497 2720 3574 μέλλει
2773 3497 3026 3575 Ἡρώδης
3080 3501 3108 3556 ὁ
3163 3505 3271 3556 τῶν
3303 3497 3576 3558 Ἰουδαίων
3609 3501 3708 3575 βα·

2063 3586 2244 3651 σιλεὺς
2273 3589 2514 3666 φονεύειν
2572 3588 2638 3644 τὰ
2692 3589 2744 3645 ἒν
2803 3588 3062 3662 Βηθλεὲμ
3117 3590 3313 3666 βρέφη,
3369 3587 3704 3664 βουλόμενος

2062 3680 2152 3735 καὶ
2183 3679 2276 3734 σὺν
2335 3678 2519 3741 αὐτοῖς
2571 3677 2812 3752 φονεύειν
2871 3679 2959 3734 καὶ
3013 3680 3103 3735 τὸν
3159 3679 3352 3756 Κύριον
3381 3681 3540 3752 ἡμῶν
3590 3681 3706 3750 Ἰη-

2065 3772 2191 3824 σοῦν
2221 3768 2472 3842 Χριστὸν,
2503 3767 2625 3824 τότε
2685 3767 2817 3842 μετά
2876 3774 3050 3842 μῆνας
3105 3765 3158 3839 ἕξ
3212 3774 3313 3838 τῆς
3368 3768 3533 3824 αὐτοῦ
3572 3769 3713 3838 κυή-

2065 3879 2220 3928 σεως,
2277 3855 2500 3933 ἔκρυψεν
2560 3857 2722 3912 αὐτὸν
2802 3855 2854 3913 έν
2926 3862 3005 3929 τῷ
3059 3855 3314 3929 σπηλαίῳ
3390 3857 3554 3930 πέραν
3613 3859 3710 3910 τοῦ

2064 3945 2361 4024 Ἰορδάνου.
2410 3948 2781 4018 Ἐπιζητήσας
2836 3943 2893 4001 δὲ
2956 3949 3144 4002 τοῦτον
3204 3947 3232 4000 ὁ
3290 3941 3556 4018 Ἡρώδης,
3615 3943 3707 3998 καὶ

2069 4037 2137 4110 μὲ
2203 4035 2395 4110 εύρὼν,
2453 4035 2742 4108 προσέταξε
2798 4041 3075 4112 σφαγῆναι
3127 4035 3218 4090 τὸν
3287 4033 3489 4106 πατέρα
3546 4032 3712 4088 αὐτοῦ

2065 4126 2336 4203 Ζαχαρίαν
2399 4124 2560 4198 μέσον
2614 4129 2710 4180 τοῦ
2767 4125 3170 4200 θυσιαστηρίου,
3230 4125 3312 4180 ’ὁτι
3374 4123 3484 4179 ἐκεῖ
3540 4143 3716 4198 προσ-

2067 4217 2224 4297 ἑφυγε
2255 4213 2538 4296 φοϐηθεὶς,
2587 4216 2675 4272 καὶ
2727 4215 2956 4292 χεθῆναι
3005 4217 3069 4272 τὸ
3128 4219 3266 4290 αἷμα
3318 4216 3484 4273 αὐτοῦ
3514 4215 3592 4278 εἷς
3620 4216 3712 4270 τὸν

2064 4307 2214 4366 ναόν.
2275 4309 2516 4386 Ἐσφαγη
2577 4306 2690 4377 οὗν,
2747 4306 2837 4362 καὶ
2891 4301 3113 4384 ἔρῥιψαν
3172 4306 3333 4362 αὐτὸν
3369 4306 3419 4362 ἐν
3453 4309 3530 4378 τῷ
3575 4323 3715 4378 κρη-

2069 4402 2210 4473 μνῷ.
2269 4398 2337 4455 Οἱ
2395 4395 2452 4453 δὲ
2508 4402 2777 4475 συγγενεῖς
2838 4395 3002 4453 αὐτοῦ
3059 4391 3458 4470 ἀναλαϐόμενοι
3505 4395 3567 4450 τὸ
3598 4393 3716 4451 λεί-

2063 4493 2232 4566 ψανον
2289 4488 2475 4558 αὐτοῦ,
2531 4487 2814 4543 κατέθεντο
2868 4487 2920 4542 ἐιν
2971 4484 3047 4559 τῷ
3100 4487 3256 4564 τάφῳ
3310 4488 3418 4541 τῶν
3467 4484 3714 4559 πατέρων

2061 4580 2254 4639 αὐτοῦ.

2663 4695 2750 4766 Tii
2781 4689 2916 4764 αὐτῇ
2946 4691 3128 4766 ἡμέρᾳ

2325 4808 2569 4881 Δθλησις
2595 4811 2693 4863 τοῦ
2730 4804 2885 4881 ἁγίου
2919 4807 3190 4879 μάρτυρος
3215 4797 3464 4858 Ἀϐδιοῦ.

2143 4930 2206 4988 Ὁ
2258 4927 2408 5004 ’ἅγιος
2470 4926 2673 5000 μάρτυς
2731 4916 2949 4980 Ἀϐδιοῦ
3008 4919 3074 4988 ἦν
3139 4919 3232 4991 μὶν
3291 4915 3352 4972 ἐκ
3397 4915 3721 5004 τῆςγχώρας

2072 5023 2179 5073 τῶν
2259 5002 2494 5093 Περσῶν·
2583 5007 2908 5088 Χριπιανὸς
2991 5005 3049 5063 δὲ
3135 5008 3416 5083 ὑπάρχων,
3475 5002 3720 5062 ἐδίδασκε

2071 5107 2298 5176 πάντας,
2354 5103 2441 5159 καὶ
2498 5099 2587 5157 διὰ
2663 5098 3027 5176 παραινέσεως
3089 5094 3265 5153 ἔπειθε
3321 5097 3718 5173 προσέρχεσθαι

2070 5197 2140 5269 τῇ
2179 5193 2418 5266 ἀληθινῇ
2476 5191 2653 5245 πίστει
2709 5191 2806 5244 τοῦ
2860 5192 3120 5264 Σωτῆρος
3177 5188 3341 5260 ἡμῶν
3375 5186 3560 5258 Ἰησοῦ
3589 5185 3720 5258 Χρι-

2072 5285 2222 5339 στοῦ.
2255 5279 2559 5357 Κρατηθεὶς
2591 5275 2648 5333 δὲ
2678 5273 2767 5333 διὰ
2791 5279 2954 5332 τοῦτο
2983 5275 3130 5351 παρᾶ
3166 5279 3263 5331 τοῦ
3312 5272 3581 5351 ἄρχοντος
3611 5276 3718 5328 τῶν

2074 5373 2283 5448 μάγων,
2341 5369 2429 5424 καὶ
2486 5367 2833 5442 ἀναγκασθεὶς
2894 5367 3224 5441 ἀρνήσασθαι
3289 5365 3384 5439 μὶν
3438 5364 3530 5419 τὸν
3589 5365 3725 5436 Χρι-

2073 5459 2220 5531 στὸν,
2252 5464 2624 5534 προσκυνῆσαι
2683 5453 2740 5512 δὲ
2790 5459 2869 5528 τῷ
2920 5455 3068 5529 ἡλίῳ
3123 5453 3215 5510 καὶ
3261 5457 3340 5527 τῷ
3379 5451 3510 5528 πυρὶ
3539 5453 3727 5525 (ταῦτα

2071 5549 2176 5626 γὰρ
2234 5549 2383 5622 εἶχον
2442 5547 2518 5610 ὡς
2575 5545 2728 5610 θεοὺς
2789 5546 2842 5602 οἱ
2898 5546 3139 5621 Πέρσαι),
3203 5541 3294 5599 καὶ
3355 5542 3430 5615 μὴ
3462 5539 3726 5611 πεισθεὶς,

2070 5638 2325 5694 τύπτεται
2379 5636 2514 5692 κατᾶ
2585 5643 2685 5708 τῆς
2752 5633 2991 5704 κοιλίας,
3063 5634 3152 5690 καὶ
3206 5636 3313 5688 τῶν
3369 5633 3520 5705 ψυῶν
3587 5629 3723 5703 μετᾶ

2075 5724 2313 5806 ῥαϐδίων
2402 5726 2599 5804 ῥοῒνων
2683 5725 3077 5800 ἀκαθαρίστων.
3165 5720 3269 5778 Καὶ
3335 5719 3534 5789 οὕτως,
3615 5717 3722 5773 ἀπὸ

2073 5815 2286 5898 πρωίας
2311 5815 2418 5882 ἓως
2449 5811 2815 5894 μεσημϐρίας,
2871 5812 3228 5888 τυπτόμενος,
3286 5810 3376 5867 καὶ
3433 5806 3727 5884 τομωρού-
