4030 6196
373 493 441 551 33
1724 481 2215 547 SEPTEMBER.
3637 508 3718 571 3‘

353 644 502 699 μενος,
532 618 735 688 ἀπῆλθε
770 619 1185 695 βασταζόμενος
1241 621 1345 677 ὑπὸ
1403 619 1644 695 δημίων,
1682 621 1774 676 καὶ
1805 620 1955 691 ἐτίθη

2079 624 2320 680 Domino
2346 630 2611 684 sanctam
2660 628 3014 704 beatamque
3045 635 3307 694 animam
3337 655 3505 699 suam
3529 645 3718 702 tradi-

338 713 473 781 ἐντῷ
493 711 621 781 οἴκῳ
651 709 840 778 αὐτοῦ,
897 709 1079 785 ὥσπερ
1139 712 1352 786 νεκρός.
1409 712 1509 765 Καὶ
1565 709 1701 783 μετᾶ
1760 710 1952 784 μικρὸν

332 798 591 875 παρέδωκε
616 805 697 872 τῷ
744 801 927 874 Κυρίῳ
971 801 1071 868 τὴν
1128 801 1278 876 ἁγίαν
1334 802 1426 855 καὶ
1464 801 1732 876 μαιιαρίαν
1795 800 1959 854 αὐτοῦ

328 889 513 962 ψυχήν,
551 886 768 960 χαίρων
799 888 889 941 καὶ
922 885 1341 961 ἀγαλλιώμενος
1401 888 1566 963 μέχρι
1624 894 1726 956 τῆς
1771 885 1963 942 τελευ-

319 977 466 1037 ταέας
487 975 796 1041 ἀναπνοῆς,
828 976 912 1030 ’ὁτι
973 976 1105 1051 ὑπὲρ
1163 981 1260 1032 τοῦ
1310 976 1573 1050 ὀνόματος
1609 980 1706 1031 τοῦ
1766 974 1963 1048 Κυρίου

318 1068 464 1137 ἡμῶν
538 1067 729 1134 Ἰησοῦ
785 1066 1021 1141 Χριστοῦ
1103 1072 1445 1140 μαρτυρῆσαι
1498 1066 1587 1120 καὶ
1671 1065 1959 1128 ἀποθανεῖν

321 1159 539 1226 ἠξιώθη.
574 1157 729 1212 Μετὰ
762 1155 821 1212 δὲ
874 1162 1063 1229 τοῦτο,
1121 1158 1183 1211 τὸ
1237 1156 1423 1229 τίμιον
1484 1157 1651 1211 αὐτοῦ
1709 1152 1963 1228 λείψανον

317 1242 562 1308 λαϐόντες
588 1247 746 1309 τινὲς
766 1251 877 1301 τῶν
909 1248 1270 1323 Χριστιανῶν,
1302 1246 1582 1310 κατέθεντο
1612 1244 1666 1302 ἰν
1711 1246 1889 1322 τάφῳ.

919 1365 999 1437 Τῇ
1023 1362 1159 1437 αὖτῇ
1185 1360 1369 1435 ἡμέρᾳ

405 1479 687 1552 ’Δθλησις
723 1485 833 1537 τῶν
888 1479 1058 1555 ἁγίων
1114 1479 1402 1555 μαρτύρων
1435 1476 1715 1549 Θουθαὴλ,
1765 1477 1851 1532 καὶ

702 1567 941 1634 Βαϐαίας
970 1578 1071 1640 τῆς
1105 1567 1345 1649 ἀδελφῆς
1380 1568 1569 1625 αὐτοῦ.

376 1693 430 1747 Ὁ
492 1693 682 1766 ἅγιος,
744 1691 834 1745 καὶ
919 1688 1235 1752 πολύαθλος
1297 1688 1502 1765 μάρτυς
1550 1692 1648 1743 τοῦ
1732 1684 1967 1762 Χριστοῦ

318 1779 592 1850 Θουθαὴλ,
658 1781 757 1835 καὶ
817 1776 1087 1849 Βαϐαίαὴ
1148 1777 1359 1855 ἀδελφή
1418 1780 1605 1834 αὐτοῦ.
1658 1774 1966 1854 Χριστιανοὶ

313 1865 474 1937 ὄντες,
507 1869 605 1924 καὶ
658 1872 759 1924 τὸν
792 1868 992 1943 Κύριον
1050 1871 1214 1941 ἡμῶν
1270 1870 1484 1936 Ἰησοῦν
1534 1867 1773 1942 Χριστὸν
1837 1864 1972 1940 μετά

312 1958 620 2033 παρῥησίας
678 1957 1090 2032 ὁμολογοῦντες
1150 1958 1280 2012 Θεὸν
1361 1955 1625 2027 ἀληθινὸν
1678 1957 1834 2023 εἶναι,
1878 1955 1970 2010 καὶ
2004 1988 2048 2054 Β

319 2047 508 2120 Κύριον
586 2051 695 2101 τοῦ
756 2052 958 2107 παντὸς
1039 2046 1272 2118 κόσμου,
1328 2045 1417 2099 καὶ
1477 2044 1823 2119 Δημιουργὸν
1880 2044 1971 2099 καὶ

320 2137 650 2210 προνοητήν·
720 2136 811 2189 καὶ
870 2133 1116 2195 πολλοὺς
1184 2139 1291 2189 τῶν
1352 2131 1638 2204 Ἑλλήνων
1720 2134 1825 2189 ἀπὸ
1875 2135 1974 2202 τῆς

326 2224 524 2293 πλάνης
556 2228 668 2278 τῶν
734 2221 979 2279 εἰδώλων
1041 2222 1474 2300 ἐπιστρέφοντες,
1534 2222 1623 2277 καὶ
1681 2222 1818 2297 πρὸς
1874 2222 1974 2289 τὴν

338 2313 584 2382 ἀληθινὴν
679 2313 863 2367 πίστιν
934 2309 1346 2390 ἐπιστρέφοντες
1427 2312 1518 2367 καὶ
1599 2310 1973 2385 βαπτίζοντες,

344 2400 691 2475 ἐκρατήθησαν
781 2402 929 2477 παρᾶ
998 2407 1107 2456 τῶν
1166 2396 1435 2456 δυσσεϐῶν
1520 2398 1971 2476 εἷδωλολατρῶν.

335 2491 423 2545 Kc?
468 2491 528 2545 τὰ
582 2490 781 2547 πολλᾶ
837 2492 968 2566 παρ’
1026 2492 1201 2546 αὐτῶν
1255 2491 1553 2568 τυφθέντες,
1611 2492 1700 2545 καὶ
1758 2491 1973 2566 βασανι-

330 2579 896 2651 σθέντες,τελευταῖον
929 2581 956 2635 ὁ
1010 2580 1107 2654 μὶν
1168 2581 1318 2656 ἅγιος
1368 2579 1620 2649 Θουθαὴλ
1662 2578 1750 2634 ἐπὶ
1805 2578 1971 2650 ξύλου

322 2670 666 2743 κρεμασθεὶς,
701 2671 794 2725 καὶ
829 2667 999 2732 δεθεὶς
1048 2669 1276 2744 ἐσχίσθη
1338 2668 1415 2734 είς
1469 2670 1628 2743 μέσον
1692 2671 1826 2742 μετά
1886 2691 1969 2724 σι-

332 2756 496 2833 δηροῦ
524 2762 778 2835 πρίονος·
812 2761 900 2815 καὶ
959 2759 1106 2814 οὕτω
1164 2756 1447 2834 παρέδωκε
1490 2761 1589 2828 τήν
1648 2761 1855 2835 ψυχήν,
1904 2760 1967 2817 'll

328 2846 380 2903 δὲ
409 2848 619 2928 ἀδελφὴ
655 2850 824 2904 αὐτοῦ
868 2844 1095 2915 Βαόαία,
1155 2854 1505 2923 γυμνωθεῖσα
1535 2847 1822 2923 πρότερον,
1877 2847 1968 2903 καὶ

318 2946 572 3013 τυιρθεῖσα
633 2940 907 3014 ἰσχυρῶς,
977 2938 1067 2993 καὶ
1147 2940 1387 3011 ξεσθεῖσα
1467 2937 1661 3012 μέχρις
1746 2937 1965 3009 ὀστέων,

323 3028 539 3102 ὕστερον
604 3029 744 3103 μετᾶ
788 3032 886 3083 τοῦ
963 3027 1256 3104 κονταρίου
1318 3029 1455 3083 κατὰ
1500 3031 1595 3083 τοῦ
1676 3026 1968 3103 τραχήλου

324 3115 544 3192 πληγὴν
609 3118 899 3191 δεξαμένη,
980 3117 1367 3195 ἀποσφάζεται.
1450 3114 1863 3181 Τελειωθὲντων
1909 3114 1967 3172 δὲ

326 3207 490 3272 οὕτως
576 3207 930 3285 ἀμφοτέρων,
987 3206 1053 3262 τὰ
1109 3208 1337 3281 σώματα
1392 3205 1568 3262 αὐτῶν
1644 3205 1967 3283 ἀνελόμενοι

324 3300 550 3373 εντίμως
588 3297 667 3361 είς
700 3295 855 3372 δόξαν
875 3301 973 3353 τοῦ
1004 3296 1201 3374 Κυρίου
1230 3300 1391 3371 ημῶν
1419 3298 1603 3370 Ἰησοῦ
1633 3299 1891 3373 Χριστοῦ.

891 3418 1069 3473 MHNI
1088 3416 1179 3493 T9
1201 3419 1395 3494 amp.

1146 3532 1189 3600 ζ.

394 3648 456 3705 Ἢ
486 3648 784 3723 ἀνάμνησιν
833 3649 930 3703 τοῦ
962 3645 1013 3701 ἐν
1046 3646 1263 3708 Χώναις
1320 3647 1595 3719 θαύματος
1651 3650 1752 3702 τοῦ
1799 3668 1893 3721 με·

640 3734 815 3812 γάλου
846 3737 1289 3812 ἀρχιστρατήγου
1333 3739 1429 3790 τοῦ
1489 3733 1643 3793 Θεοῦ.

408 3854 493 3909 Ἐν
545 3858 609 3928 τῇ
660 3852 970 3928 καλουμένῃ
1021 3856 1112 3907 νῦν
1172 3853 1267 3925 μὶν
1320 3855 1429 3907 τῶν
1502 3853 1698 3908 Χωνῶν
1780 3849 1963 3927 πόλει,

330 3943 584 4017 πρότερον
611 3942 667 3999 δὲ
724 3942 1122 4011 Κωλασσαέων,
1184 3942 1401 4017 ὑπῆρχε
1456 3940 1591 4015 ἀνήρ
1648 3962 1732 4003 τις
1791 3937 1967 4016 ὄνομα

324 4039 656 4109 Ἄρχιππος,
690 4028 929 4101 εὐλαϐὴς
962 4030 1051 4086 καὶ
1084 4025 1427 4106 φοϐούμενος
1473 4031 1563 4085 τὸν
1609 4029 1760 4087 Θεόν.
1795 4031 1966 4095 Οὗτος

320 4124 820 4196 προσκαθεζόμενος
852 4122 1004 4192 ἐντῷ
1034 4118 1293 4192 ὕδατι,τῷ
1343 4117 1433 4174 διὰ
1487 4121 1585 4189 τῆς
1632 4118 1965 4195 ἐπισκέψεως

317 4217 408 4266 τοῦ
439 4213 694 4289 μεγάλου
725 4212 1174 4286 ἀρχιστρατήγου
1225 4204 1572 4285 ἀναόρύοντι,
1602 4210 1692 4264 καὶ
1755 4206 1844 4265 διὰ
1899 4212 1967 4265 τὰ

314 4307 582 4379 γενόμενα
642 4304 731 4359 διὰ
786 4308 886 4359 τοῦ
969 4302 1167 4365 ὕδατος
1226 4302 1496 4376 θαύματα,
1553 4301 1800 4365 πολλοὺς
1853 4306 1963 4358 τῶν

312 4394 554 4449 ἀπίστων
613 4394 947 4471 ἱπιστρὲφων
1034 4392 1125 4447 καὶ
1206 4392 1504 4467 βαπτίζων,
1567 4390 1779 4463 ἐκίνησε
1827 4392 1963 4467 πρὸς

310 4485 514 4559 ᾳθόνον
545 4482 675 4548 τοὺς
703 4482 1007 4554 Ἓλληνας,
1043 4483 1121 4554 μὴ
1171 4483 1434 4559 φέροντας
1462 4482 1682 4557 βλέπειν
1741 4482 1806 4536 τά
1860 4502 1964 4536 πα-

308 4571 511 4646 ράδοξα
541 4576 812 4646 θαύματα.
848 4571 1157 4647 Βρύχοντες
1218 4570 1311 4625 οὖν
1364 4571 1489 4633 τοὺς
1552 4568 1773 4629 ὀδόντας
1832 4571 1968 4625 κατᾶ

304 4668 400 4718 τοῦ
436 4667 643 4719 σεπτοῦ
690 4663 1054 4736 ἁγιάσματος,
1113 4659 1204 4714 καὶ
1262 4663 1358 4714 τοῦ
1416 4658 1568 4714 ὁσίου
1624 4658 1965 4735 Ἀρχίππου,

305 4750 667 4828 συναχθέντες
696 4749 891 4826 ἂπειρα
921 4749 1136 4820 πλήθη,
1196 4748 1286 4803 καὶ
1346 4745 1605 4819 δήσαντες
1639 4745 1734 4803 δύο
1796 4749 1965 4823 μεγά-
1996 4738 2042 4802 Ι)

307 4840 439 4903 λους
474 4840 782 4912 ποταμοὺς,
829 4839 919 4893 καὶ
976 4839 1224 4911 μίξαντες
1259 4834 1628 4912 ἀμφοτέρους,
1684 4833 1958 4891 ἀπέλυσαν

304 4929 514 4993 ευθέως
540 4928 637 4984 τοῦ
668 4927 1028 5002 καταστρέψαι
1085 4928 1175 4982 τὸν
1234 4928 1384 4999 ναὸν,
1434 4925 1525 4981 καὶ
1576 4924 1638 4980 τὸ
1699 4925 1958 5000 ἁγίασμα,

303 5020 391 5074 καὶ
424 5020 522 5073 τὸν
553 5018 895 5093 ⁸Δρχιππον.
926 5019 1015 5079 Ὠς
1056 5014 1112 5071 δὲ
1141 5014 1371 5086 ἤκουσεν
1425 5016 1453 5071 ὁ
1484 5017 1808 5091 ’Ἄρχιππος
1862 5018 1960 5071 τοῦ

309 5110 570 5184 βρυγμοῦ
600 5112 706 5162 τῶν
766 5106 995 5176 ὑδάτων,
1048 5105 1380 5180 παρεκάλεσε
1435 5106 1527 5161 τὸν
1588 5104 1959 5180 ἀρχιστράτη-

305 5221 399 5274 γον
468 5200 763 5272 βοηθῆσαι.
849 5199 946 5253 Καὶ
1031 5192 1228 5259 εὐθέως
1307 5195 1491 5273 φανεὶς
1577 5189 1802 5270 ἔκρουσε
1857 5200 1956 5265 τὴν

307 5290 512 5363 πέτραν
548 5289 684 5361 μετᾶ
710 5294 809 5357 τῆς
871 5281 1095 5362 ῥάϐδου,
1157 5285 1223 5356 ἧς
1270 5290 1517 5360 κατεῖχε,
1549 5285 1634 5340 καὶ
1690 5284 1960 5360 ἐχώνευσε

306 5381 371 5435 τὰ
428 5375 599 5433 ὕδατα
657 5375 710 5431 ὲν
769 5378 926 5449 αὐτῇ.
1014 5373 1120 5431 Καὶ
1180 5373 1390 5446 ἐκλήθη
1449 5375 1477 5428 ὁ
1559 5373 1729 5440 τόπος
1776 5371 1961 5432 ἔκτοτε

306 5470 512 5526 Χῶναι.

897 5539 982 5610 Τῇ
1006 5536 1147 5609 αὖτῇ
1179 5533 1363 5609 ἡμέρᾳ

414 5655 687 5729 ’Ἃθλησις
710 5657 819 5730 τῶν
846 5652 1014 5730 ἁγίων
1048 5652 1339 5730 μαρτύρων
1369 5650 1661 5730 Εὔδοξίου,
1716 5655 1853 5709 Ῥω-

633 5727 834 5802 μύλου,
892 5723 984 5782 ita?
1014 5723 1400 5797 τῆςσυνοδίας
1433 5723 1636 5781 αὐτῶν.

381 5827 639 5905 Εὐδόξιος
698 5831 728 5887 ὁ
781 5833 879 5886 τοῦ
957 5832 1199 5909 Χριστοῦ
1280 5827 1485 5903 μάρτυς
1560 5828 1806 5904 ὑπῆρχεν
1865 5824 1952 5884 ἐπὶ

2067 712 2183 784 dit,
2214 731 2508 771 summam
2541 717 2726 773 animi
2760 719 2834 774 ad
2867 727 3194 780 extremum
3226 743 3417 799 usque
3441 732 3718 803 spiritum

2070 803 2461 873 prmseferens
2494 805 2788 877 lmtitiam,
2821 810 2977 881 quod
3027 812 3238 883 dignus
3271 816 3508 875 habitus
3540 829 3719 890 esset,

2074 893 2174 961 qui
2209 910 2312 961 pro
2344 895 2577 950 Domini
2621 899 2808 953 nostri
2838 900 2973 955 Jesu
3031 903 3246 958 Christi
3286 910 3528 966 nomine
3563 929 3720 967 mare

2074 982 2293 1053 tyrium
2332 990 2703 1057 mortemque
2757 987 3002 1044 subiret.
3061 992 3200 1047 Post
3247 994 3371 1050 haec
3428 1000 3718 1069 pretiosas

2075 1072 2217 1161 ejus
2270 1073 2553 1146 reliquias
2629 1076 2947 1136 Christiani
3006 1082 3389 1155 accipientes,
3444 1091 3717 1161 sepulcro

2075 1160 2415 1218 condidere.

2714 1348 2935 1407 Eodem
2985 1351 3079 1407 die

2073 1455 2176 1513 18
2209 1458 2497 1518 Certamen
2533 1471 2849 1522 sanctorum
2905 1476 3210 1540 martyrum
3274 1473 3610 1546 Thuthaelis,
3667 1483 3722 1534 et

2572 1555 2783 1611 Babaez
2836 1562 3037 1615 sororis
3082 1562 3220 1631 ejus.

2148 1664 2867 1743 Sanctus,multorumque
2893 1677 3285 1733 certaminum
3316 1679 3534 1736 Christi
3566 1699 3722 1739 mar-

2078 1757 2170 1824 tyr
2197 1755 2507 1824 Thuthael,
2540 1760 2868 1834 Babmaque
2883 1765 3010 1836 ejus
3034 1783 3221 1836 soror,
3240 1786 3375 1824 cum
3402 1770 3720 1829 Christiani

2080 1848 2299 1910 essent,
2334 1850 2393 1900 et
2424 1863 2656 1905 summa
2687 1850 2923 1907 dicendi
2954 1853 3226 1913 libertate
3262 1863 3581 1919 Dominum
3614 1882 3720 1920 no-

2085 1936 2270 1987 strum
2297 1936 2494 1991 Jesum
2532 1938 2830 1996 Christum
2865 1960 2994 1999 esse
3024 1962 3225 2003 verum
3257 1950 3441 2006 Deum
3480 1954 3720 2009 mundi-

2081 2040 2194 2093 que
2220 2025 2397 2081 totius
2424 2028 2761 2098 Dominum,
2797 2039 3123 2090 creatorem
3148 2043 3205 2092 et
3239 2041 3719 2113 gubernatorem,

2080 2115 2523 2185 profiterentur,
2559 2121 2906 2191 Graecosque
2934 2124 3152 2180 multos
3186 2127 3257 2181 ab
3301 2129 3596 2187 idolorum
3629 2150 3723 2187 er-

2080 2220 2212 2258 rore
2244 2204 2527 2261 abduclos
2557 2207 2631 2262 ad
2663 2226 2860 2265 veram
2894 2211 3072 2267 ﬁdem
3106 2215 3485 2272 traducerent
3522 2225 3580 2273 et
3607 2220 3720 2276 ba-

2080 2292 2370 2362 ptizarent
2394 2310 2407 2359 ;
2433 2296 2646 2349 retenti
2669 2297 3398 2371 abimpiisidololatris,ab
3415 2305 3721 2379 iisgravis-

2080 2381 2226 2437 sime
2252 2383 2742 2457 caasi,multisque
2766 2391 3078 2445 tormentis
3096 2394 3281 2448 vexati
3297 2398 3722 2453 sunt.Tandem

2077 2473 2365 2529 Thuthael
2389 2475 2449 2529 in
2484 2474 2643 2547 ligno
2676 2494 3025 2550 suspensus,
3057 2486 3116 2537 et
3143 2483 3394 2553 vinctus,
3428 2502 3590 2543 serra
3610 2487 3723 2543 fer-

2076 2578 2179 2619 rea
2208 2568 2443 2620 secatur
2471 2566 2909 2640 medius,atque
2940 2570 3021 2625 ita
3050 2572 3314 2629 animam
3338 2575 3551 2631 emisit.
3581 2578 3724 2650 Ejus

2076 2658 2274 2707 autem
2307 2671 2476 2709 soror
2507 2655 2715 2712 Babaaa
2735 2658 2994 2728 primum
3026 2660 3591 2737 nudata,ﬂagrisque
3615 2667 3723 2721 du-

2075 2741 2310 2799 rissime
2343 2762 2516 2815 caasa,
2551 2752 2675 2802 tum
2708 2750 2935 2821 scalpta
2964 2768 3150 2823 usque
3182 2754 3257 2810 ad
3282 2772 3437 2825 ossa,
3463 2756 3721 2828 denique

2076 2832 2278 2887 hastili
2328 2834 2391 2889 in
2446 2837 2673 2892 cervice
2732 2856 3036 2910 percussa,
3079 2841 3409 2913 jugulatur.
3457 2847 3721 2910 Quorum

2075 2938 2324 2994 corpora
2348 2925 2447 2995 qui
2474 2926 2547 2981 ab
2584 2927 2669 2982 eis
2699 2929 3093 2985 Christianam
3118 2931 3296 2987 ﬁdem
3323 2933 3514 2989 edocti
3530 2940 3719 3005 erant,

2076 3009 2304 3065 occulte
2338 3010 2596 3080 sublata,
2630 3015 2996 3086 sepelierunt
3023 3017 3353 3076 honoriﬁce
3384 3021 3718 3093 adgloriam

2072 3096 2309 3155 Domini
2351 3102 2541 3157 nostri
2572 3103 2709 3159 Jesu
2738 3104 2976 3160 Christi.

2617 3279 2857 3336 EODEM
2910 3283 3055 3338 MEN
3061 3283 3163 3341 SE.

2746 3394 2851 3451 Die
2883 3402 3049 3454 sexta

2071 3504 2173 3561 10
2206 3507 2464 3564 Memoria
2511 3509 2769 3565 miraculi
2824 3513 2977 3583 apud
3026 3512 3241 3572 Chonas
3290 3531 3324 3572 a
3372 3532 3571 3587 magno
3617 3518 3718 3575 Dei

2607 3600 3004 3672 archistratego
3050 3604 3188 3659 editi

2143 3711 2209 3765 In
2242 3727 2311 3768 ea
2341 3712 2506 3785 urbe,
2530 3732 2661 3786 quae
2688 3733 2847 3772 nunc
2877 3717 3266 3788 Chonze,olim
3295 3725 3492 3776 autem
3516 3724 3720 3780 Colas-

2072 3813 2135 3853 sa
2166 3797 2494 3871 dicebatur,
2526 3802 2612 3858 vir
2644 3804 2889 3874 quidam
2946 3806 3080 3878 pius
3135 3823 3204 3863 ac
3262 3807 3480 3865 timens
3508 3812 3715 3882 Deum,

2072 3887 2313 3942 nomine
2350 3888 2702 3961 Archippus,
2761 3890 3066 3948 habitabat
3126 3894 3280 3966 apud
3336 3912 3470 3950 eum
3502 3897 3722 3967 locum,

2074 3973 2233 4030 unde
2263 3976 2458 4048 magni
2496 3977 2900 4052 archistrategi
2931 3997 3111 4051 opera
3141 3988 3493 4038 emanarant
3514 4000 3685 4055 aquae
3711 4000 3725 4041 :

2074 4068 2174 4123 ubi
2210 4086 2343 4125 cum
2376 4070 2729 4141 innumeris,
2782 4090 2913 4143 quae
2965 4091 3070 4145 per
3117 4091 3337 4145 aquam
3371 4076 3723 4145 edebantur,

2074 4159 2381 4215 miraculis
2411 4162 2628 4217 multos
2651 4162 2927 4218 infideles
2954 4170 3325 4220 converteret
3371 4183 3439 4221 ac
3459 4166 3720 4237 baptiza-

2076 4254 2186 4315 ret,
2207 4249 2541 4303 Grmcorum
2576 4249 2853 4305 invidiam
2881 4251 3215 4321 concitavit,
3253 4268 3373 4307 non
3399 4252 3721 4307 ferentium

2074 4335 2424 4391 admiranda
2448 4336 2549 4391 illa
2562 4336 3313 4407 prodigiaviderelmmani
3339 4338 3539 4410 itaque
3554 4337 3720 4392 rabie

2076 4424 2136 4479 in
2152 4425 2462 4480 lustralem
2484 4430 2789 4495 aquam,et
2811 4430 3082 4481 sanctum
3104 4424 3468 4498 Archippum
3484 4425 3721 4481 inﬂam-

2074 4515 2449 4582 mati,coacta
2480 4514 2795 4569 innumera
2825 4530 3139 4585 operarum
3162 4515 3723 4588 manu,duobusque

2072 4605 2303 4675 magnis
2332 4604 2390 4657 in
2423 4619 2610 4658 unum
2655 4603 2964 4659 corrivatis
3016 4604 3389 4673 fluminibus,
3449 4605 3720 4677 rapidam

2074 4693 2315 4749 ﬂuentis
2345 4709 2513 4764 aqua;
2529 4693 2823 4749 molemin
2856 4711 2994 4750 eum
3021 4694 3217 4751 locum
3249 4696 3722 4765 immiserunt,ut

2074 4788 2361 4859 templum
2394 4787 2593 4853 simul,
2621 4792 2679 4843 et
2706 4788 3016 4844 lustralem
3046 4788 3211 4845 illam
3243 4805 3478 4861 aquam,
3514 4793 3574 4844 et
3601 4791 3718 4843 Ar-

2074 4877 2355 4948 chippum
2377 4875 2798 4933 convellerent.
2835 4877 2907 4932 Ut
2956 4893 3091 4933 vero
3149 4877 3339 4933 sensit
3386 4877 3720 4949 Archippus

2074 4966 2355 5021 irruentis
2388 4982 2556 5037 aqua;
2589 4982 2882 5036 murmur,
2913 4966 3256 5038 imploravit
3311 4966 3721 5038 archistrategi

2071 5056 2400 5111 auxilium:
2435 5056 2535 5127 qui
2568 5056 2767 5111 statim
2800 5054 3007 5123 adfuit,
3042 5061 3101 5111 et
3157 5056 3335 5129 virga,
3372 5072 3549 5127 quam
3598 5073 3720 5127 prin

2073 5144 2350 5200 manibus
2385 5143 2659 5211 habebat,
2692 5159 2975 5215 percussa
3004 5150 3194 5216 petra,
3217 5144 3531 5217 repentino
3556 5145 3719 5216 ejus-

2072 5234 2207 5291 dem
2237 5238 2421 5306 petraa
2446 5234 2611 5289 hiatu
2657 5249 2841 5304 aquas
2873 5233 3072 5290 obruit
3117 5252 3129 5289 :
3164 5239 3223 5290 et
3252 5251 3323 5291 ex
3350 5251 3418 5291 eo
3451 5239 3717 5307 tempore

2072 5324 2240 5381 locus
2270 5323 2371 5379 ille
2404 5322 2621 5380 Chonm
2651 5328 2896 5379 vocatus
2928 5327 3036 5380 est.

2717 5466 2937 5524 Eodem
2982 5467 3077 5524 die

2070 5587 2175 5645 20
2206 5587 2491 5645 Certamen
2522 5591 2840 5643 sanctorum
2868 5592 3173 5656 martyrum
3196 5583 3457 5653 Eudoxii,
3476 5581 3714 5650 Romuli,

2709 5682 2760 5733 et
2788 5677 3075 5733 sociorum.

2140 5821 2442 5881 Eudoxius
2474 5818 2694 5879 Christi
2726 5827 2951 5894 martyr
3004 5819 3254 5892 Trajano
3315 5817 3717 5874 Romanorum
