4030 6196
316 490 392 549 35
1581 479 1908 541 MENOLO

2063 476 2262 540 PARS
2306 479 2356 538 Ι.

314 620 678 692 imperatore
711 632 910 674 comes
936 615 1142 672 ordine
1187 612 1317 684 fuit,
1349 611 1674 684 multisque
1699 611 1960 667 militum
1991 635 2038 698 Α

315 709 584 766 millibus
615 710 676 764 in
704 708 890 764 Gallia
921 703 1545 776 imperavit.Romulus
1575 701 1958 770 autem,aulaa

310 799 707 872 imperatoriae
731 797 1318 870 praepositus,auctor
1331 795 1444 850 fuit
1473 795 1666 850 eidem
1681 795 1956 867 Trajano,

308 895 376 946 ut
401 890 462 946 in
485 890 736 946 Galliam
768 886 1161 957 mitteret,qui
1193 885 1561 941 Christianos
1588 885 1810 940 milites
1841 884 1955 940 diis

305 979 621 1035 immolare
657 976 1104 1048 compellerent.
1130 978 1252 1042 Quo
1276 980 1536 1048 peracto,
1571 991 1704 1030 cum
1732 974 1955 1030 milites

305 1069 383 1124 ad
416 1069 474 1124 id
503 1067 844 1123 faciendum
896 1066 1098 1122 induci
1151 1065 1490 1137 nequirent,
1525 1065 1588 1120 in
1627 1064 1952 1120 Melitinam

303 1159 595 1213 Armeniae
625 1157 835 1212 urbem
867 1156 1112 1228 relegati
1145 1160 1300 1210 sunt.
1336 1157 1475 1210 Post
1515 1155 1642 1210 hmo
1663 1153 1952 1210 Romulus

295 1247 648 1319 paenitentia
673 1247 910 1312 ductus,
940 1261 1074 1300 cum
1127 1245 1189 1299 in
1246 1245 1544 1299 Christum
1575 1243 1946 1311 credidisset,

292 1338 418 1410 Traj
430 1352 730 1408 anumque
755 1335 1346 1408 objurgasset,capite
1368 1334 1578 1405 plexus
1593 1338 1698 1388 est.
1723 1331 1947 1388 Deinde

293 1441 429 1481 cum
461 1425 714 1498 imperio
737 1425 960 1498 potitus
1003 1430 1159 1480 esset
1187 1423 1597 1490 Maximianus,
1631 1421 1943 1477 edixisset-

292 1532 408 1586 que
435 1515 803 1570 Christianos
834 1513 1111 1584 interﬁci,
1146 1513 1449 1568 mandavit
1478 1528 1585 1584 per
1615 1511 1844 1566 litteras
1887 1513 1946 1566 et

291 1605 571 1659 Melitinae
606 1605 904 1676 praefecto,
935 1608 1003 1659 ut
1035 1601 1250 1658 Christi
1304 1602 1564 1658 cultores
1622 1599 1940 1657 occideret.

293 1695 481 1759 Quare
503 1694 834 1749 Eudoxium
866 1693 1168 1760 comitem,
1202 1691 1451 1763 ejusque
1497 1690 1690 1746 socios
1718 1689 1939 1746 milites

3637 477 3716 539 36

2071 610 2348 682 Τραϊανοῦ
2409 607 2680 684 βασιλέως
2759 607 3070 681 Ῥωμαίων,
3128 609 3309 682 κόμης
3379 609 3479 679 τήν
3534 609 3708 680 τάξιν.

2063 697 2251 753 Ἐχων
2285 695 2344 752 δὲ
2376 697 2464 772 ὑφ’
2511 696 2702 752 ἑαυτοῦ
2759 699 3093 772 στρατιώτας
3152 697 3404 773 μυρίους,
3463 698 3554 753 καὶ
3609 717 3706 774 χι-

2063 783 2242 856 λίους,
2275 781 2540 863 διέτριϐεν
2569 785 2622 842 έν
2653 785 2865 859 Γαλλίᾳ
2887 791 2956 861 τῇ
3012 787 3192 863 χώρᾳ.
3225 787 3510 861 Ῥωμύλος
3567 785 3624 842 δὲ
3675 788 3706 842 6

2060 876 2425 952 πραιπόσιτος
2504 880 2602 931 τοῦ
2691 875 2962 950 βασιλέως
3043 871 3457 933 συνεϐούλευσεν
3554 878 3704 951 αύτῷ

2058 963 2380 1021 ἀποστεῖλαι
2408 965 2484 1028 εἷς
2513 965 2614 1035 τὴν
2650 963 2886 1020 Γαλλίαν
2948 967 3160 1042 χώραν,
3218 964 3310 1021 καῖ
3363 969 3705 1042 καταναγκά-

2056 1075 2143 1109 σαι
2173 1055 2300 1118 τοὺς
2331 1056 2686 1131 στρατιώτας,
2717 1053 3079 1130 Χριστιανοὺς
3134 1050 3316 1128 ὄντας,
3375 1060 3528 1121 θῦσαι
3582 1062 3704 1120 τοῖς

2055 1144 2219 1209 θεοῖς.
2252 1148 2357 1201 Καί
2387 1143 2586 1200 τούτου
2613 1144 2930 1220 γενομένου,
2993 1144 3092 1200 ούκ
3146 1142 3471 1217 ἐπείσθησαν
3522 1148 3700 1202 θῦσαι·

2052 1231 2143 1287 καὶ
2175 1231 2264 1288 διὰ
2291 1233 2452 1289 τοῦτο
2483 1231 2850 1309 ἓξωρίσθησαν
2895 1233 2974 1298 είς
3028 1231 3324 1304 Μελιτινῆν
3379 1234 3542 1292 πόλιν
3597 1239 3700 1302 τῆς

2054 1321 2370 1398 Ἀρμενίας.
2456 1323 2584 1380 Εἶτα
2641 1321 3044 1396 μεταμεληθεὶς
3131 1325 3159 1380 6
3216 1322 3525 1398 Ῥωμύλος,
3608 1324 3700 1380 καὶ

2051 1412 2342 1476 πιστεύσας
2370 1416 2448 1485 τῷ
2505 1415 2745 1488 Χριστῷ,
2799 1411 2889 1467 καὶ
2945 1410 3038 1468 τόν
3097 1413 3367 1488 Τραϊανὸν
3452 1412 3700 1490 ἐλέγξας,

2049 1500 2480 1579 ἀπεκεφαλίσθη.
2514 1501 2667 1558 Μετᾶ
2723 1499 2781 1556 δὲ
2830 1504 2997 1558 ταῦτα
3053 1504 3327 1579 κρατήσας
3375 1509 3476 1573 τῆς
3539 1504 3695 1579 βασι-

2049 1588 2206 1653 λείας
2289 1591 2649 1666 Μαξιμιανὸς,
2705 1591 2793 1646 καὶ
2853 1588 3114 1654 κελεύσας
3198 1591 3511 1664 φονεύεσθαι
3569 1594 3696 1658 τοὺς

2047 1679 2434 1755 Χριστιανοὺς,
2466 1680 2760 1752 προσέταξε
2813 1677 2903 1735 διὰ
2958 1681 3299 1756 γραμμάτιον
3342 1681 3434 1737 καὶ
3487 1686 3569 1755 τῷ
3595 1689 3700 1753 τῆς

2045 1767 2346 1838 Μελιτινῆς
2377 1766 2608 1845 ἄρχοντι
2638 1767 2767 1831 τοὺς
2819 1769 2912 1824 τὸν
2973 1770 3206 1844 Χριστὸν
3256 1775 3697 1846 προσκυνοῦντας

291 1782 1115 1855 comprehensos,quodidola
1144 1781 1390 1837 adorare
1421 1779 1938 1850 nollent,primum

286 1873 527 1946 quidem
559 1873 761 1928 multis
820 1872 1127 1945 suppliciis
1181 1871 1425 1940 vexavit,
1459 1869 1701 1925 demum
1743 1868 1908 1940 capitl

2040 1855 2275 1916 ἀνελεῖν.
2307 1860 2466 1916 ’Ὀθεν
2529 1860 2802 1934 κρατήσας
2859 1855 3118 1929 Εὑδόξιον
3149 1859 3240 1914 τὸν
3296 1861 3540 1933 κόμητα,
3597 1861 3688 1917 καὶ

284 1962 672 2020 obtruncavit.

2037 1948 2166 2011 τοὺς
2195 1946 2288 2002 σὺν
2321 1947 2468 2021 αύτῷ
2501 1949 2853 2022 στρατιώτας,
2910 1948 3004 2003 καὶ
3059 1949 3465 2026 καταναγκάσας
3515 1971 3688 2025 προσ-

1958 2005 2006 2072 B
2034 2005 2260 2103 κυνῆσαι
2291 2043 2409 2100 τοῖς
2440 2005 2721 2108 έῖδώιλοις,
2752 2005 2853 2093 καὶ,
2879 2037 2955 2112 μὴ
3005 2037 3217 2112 πείσας,
3269 2005 3463 2095 πολλά
3513 2005 3681 2116 βασα-

2032 2147 2060 2180 ν
2071 2124 2186 2192 ίσας
2213 2125 2626 2204 ἀπεκεφάλισεν.

2615 2237 2692 2310 Τῇ
2724 2235 2862 2309 αὖτῇ
2894 2232 3077 2308 ἡμέρᾳ

2171 2339 2441 2413 ’Δθλησις
2485 2345 2594 2397 τῶν
2641 2340 2807 2420 ἆγίων
2842 2342 3093 2399 Φαύστου
3140 2338 3530 2420 πρεσϐυτέρου,

2206 2425 2430 2488 Ἀϐίϐου
2461 2428 2736 2504 διακόνου,
2766 2431 2857 2488 καὶ
2886 2439 2986 2504 τῆς
3015 2430 3262 2498 συνοδίας
3293 2433 3492 2496 αὐτῶν.

923 2237 1146 2294 Eodem
1193 2234 1287 2290 die

281 2356 376 2412 2|
434 2355 717 2411 Certamen
763 2360 1081 2410 sanctorum
1133 2353 1326 2406 Fausti
1375 2349 1706 2420 presbyteri,
1755 2345 1927 2402 Abibi

803 2445 1026 2501 diaconi
1051 2449 1104 2498 et
1131 2443 1422 2498 sociorum.

351 2561 550 2616 Sancti
582 2565 876 2633 martyres
907 2561 1156 2615 Faustus
1189 2563 1248 2614 et
1271 2554 1703 2622 Abibus,Decio
1723 2553 1908 2625 impe-

2028 2625 2043 2633 _
2097 2538 2161 2633 Di
2191 2539 2334 2615 ἅγιοι
2363 2540 2628 2616 μάρτυρες
2675 2543 2946 2633 φαῦστος,
3004 2539 3095 2596 καὶ
3149 2534 3380 2605 ’Δϐιϐος
3413 2542 3662 2618 ὑπῆρχον
3697 2605 3718 2618 Α

268 2653 486 2718 ratore,
519 2651 614 2706 hic
634 2625 942 2716 diaconus,
977 2648 1078 2704 ille
1137 2647 1447 2720 presbyter
1477 2643 1755 2700 Ecclesia)
1778 2642 1908 2698 Ale-

2024 2625 2113 2720 έπῖ
2142 2633 2244 2698 τῆς
2279 2629 2563 2704 βασιλείας
2592 2627 2806 2720 αεκίου,
2865 2630 2893 2685 6
2929 2630 3024 2702 μὲν
3083 2627 3467 2705 πρεσϐύτερος,
3520 2632 3548 2686 6
3606 2629 3664 2686 δὶ

263 2739 573 2795 xandrinae
602 2738 990 2810 fuerunt,quo
1025 2741 1290 2809 tempore
1322 2741 1382 2790 et
1400 2734 1693 2789 Fabianus
1715 2734 1908 2788 Romae

2023 2712 2273 2810 διάκονος
2329 2723 2432 2788 τῆς
2484 2715 2819 2789 Ἐκκλησίας
2879 2716 3308 2794 Ἀλεξανδρείας.
3381 2721 3510 2778 Ὅτε
3575 2718 3667 2775 καὶ

269 2829 629 2900 patriarcha,
689 2832 748 2883 et
799 2801 1750 2896 Alexanderdlierosolymorum,
1805 2837 1908 2893 pro

2021 2801 2298 2900 ξξαϐιανὸς
2357 2807 2386 2861 6
2442 2807 2792 2883 πατριάρχης
2846 2805 3091 2880 Ῥώμης,
3160 2808 3249 2864 καὶ
3310 2807 3672 2886 Ἀλέξανδρος

263 2895 495 2974 Christo
528 2895 882 2990 martyrium
906 2917 1160 2973 subiere.
1181 2915 1414 2972 Retenti
1437 2895 1616 2987 igitur
1639 2911 1712 2968 ab
1735 2911 1908 2966 Alex-

2021 2895 2417 2990 Ἱεροσολύμων
2478 2896 2611 2971 ὑπὲρ
2673 2901 2914 2972 Χριστοῦ
2999 2896 3402 2975 ἐμαρτύρησαν.
3450 2903 3668 2972 Κρατη-

257 3008 482 3063 andriae
514 2981 815 3080 przefecto,
839 3007 1208 3080 graviterque
1237 3004 1396 3072 torti,
1429 2981 1588 3074 quod
1613 3018 1647 3056 a
1676 3000 1908 3056 Christo

2021 2981 2194 3080 θέντες
2256 2982 2313 3039 δὶ
2389 2985 2537 3080 παρὰ
2597 2988 2706 3080 ,τοῦ
2782 2991 2882 3055 τῆς
2957 2985 3175 3049 πόλεως
3261 2985 3670 3063 Ἀλεξανδρείας

255 3097 509 3152 deﬁcere
539 3097 863 3164 nollent,in
897 3111 1198 3152 carcerem
1214 3093 1906 3160 truduntur.Rursusque

2021 3071 2306 3164 lleovroc,
2381 3070 2712 3164 καὶπολλὰ
2772 3073 3198 3164 βασανισθέντες,
3285 3072 3375 3131 διὰ
3443 3077 3506 3132 τὸ
3583 3079 3664 3152 μὴ

253 3187 394 3242 inde
429 3187 648 3258 educti,
681 3160 1124 3258 compelluntur
1148 3201 1317 3241 sacra
1346 3183 1524 3240 idolis
1545 3182 1760 3238 facere.
1791 3179 1904 3234 Sed

2021 3161 2763 3258 ipvﬁoaqeatrbv‘Xptnbv,
2820 3161 2899 3227 εἴς
2955 3161 3204 3242 φυλακὴν
3261 3160 3661 3238 ένεϐΛήθησαν.

251 3273 482 3332 tantum
513 3247 796 3346 abfuit,ut
817 3247 895 3332 ad
920 3276 980 3331 id
1002 3275 1344 3331 faciendum
1377 3269 1902 3329 animuminduce-

2021 3249 2109 3306 Καὶ
2168 3249 2335 3308 πάλιν
2390 3247 2745 3324 ἐκϐληθέντες
2795 3255 3262 3328 κατηναγκάζοντο
3338 3253 3482 3319 θύειν
3539 3262 3660 3322 τοῖς

249 3370 404 3432 rent,
445 3371 511 3421 ut
536 3339 883 3438 praefectum
938 3365 1118 3421 etiam
1149 3362 1595 3436 redarguerent,
1629 3364 1687 3414 et
1710 3358 1900 3414 idolo-

2021 3339 2285 3438 εἰδώλοις.
2337 3343 2427 3411 Μὴ
2489 3342 2792 3404 πεισθέντες
2841 3339 2925 3438 δὲ,
2977 3341 3124 3398 ἀλλά
3186 3343 3276 3399 καὶ
3352 3342 3661 3418 έλέγξαντες

248 3473 382 3512 rum
413 3473 678 3512 errorem
709 3456 1150 3527 vanitatemque
1181 3456 1654 3510 contemnerent.
1690 3450 1902 3516 Quam-

2021 3431 2099 3486 τὸν
2133 3427 2394 3506 ἄρχοντα,
2425 3430 2516 3486 καὶ
2547 3432 2652 3500 τήν
2676 3435 2787 3487 τῶν
2845 3428 3097 3487 εἲδώλων
3152 3430 3367 3504 πλάνην
3396 3433 3487 3489 καὶ
3550 3456 3658 3508 μα-

248 3547 452 3603 obrem
467 3549 686 3603 sanctis
702 3549 840 3604 viris
857 3563 1105 3603 numero
1129 3546 1414 3602 tredecim
1433 3544 1694 3600 abscissa
1706 3540 1900 3612 capita

2021 3517 2264 3589 εαιύτητα
2321 3519 2691 3593 ἀτιμάσαντει,
2749 3520 2846 3585 τὰς
2926 3520 3163 3598 κεφαλὰς
3239 3521 3649 3596 ἀπετμήθησαν,

248 3641 408 3691 sunt.
445 3637 556 3691 Sed
584 3641 804 3692 sanctae
830 3637 1072 3692 illorum
1089 3635 1304 3691 animas
1325 3633 1540 3689 Christi
1572 3632 1676 3686 Dei
1707 3607 1894 3685 nostri

2021 3607 2091 3664 τὸν
2136 3608 2369 3684 αριθμὸν
2435 3608 2774 3686 ὑπάρχοντες
2829 3607 2957 3667 δέκα
3012 3611 3101 3666 καὶ
3159 3616 3328 3686 τρεῖς.
3390 3613 3497 3668 Καὶ
3552 3614 3648 3676 τὰς

244 3725 522 3780 manibus
553 3725 1117 3796 commendatm,pro
1142 3723 1315 3778 nobis
1336 3720 1892 3776 Christianisinces-

2021 3699 2100 3753 ιὲν
2135 3698 2286 3774 ἁγίας
2337 3697 2512 3754 αὐτῶν
2557 3698 2738 3774 ψυχὰς
2793 3699 3083 3776 παρέθεντο
3138 3699 3214 3764 εἷς
3280 3707 3471 3778 χεῖρας
3514 3708 3648 3778 Χρι-

245 3820 446 3871 santcr
499 3813 898 3881 intercedunt,
1103 3810 1381 3866 ﬁdelibus
1437 3807 1894 3879 imperatoribus

2021 3791 2132 3843 ττοῦ
2161 3791 2259 3881 τοῦ
2298 3791 2432 3843 Θεοῦ
2463 3790 2649 3862 ἡμῶν.
2709 3789 2868 3881 Ὑπέρ
2919 3786 2977 3844 δὶ
3034 3791 3196 3864 ἡμῶν
3223 3795 3334 3846 τῶν
3383 3796 3650 3870 Χριστια-

239 3903 462 3960 nostris
493 3902 772 3958 adversus
815 3901 1094 3956 inimicos
1154 3899 1338 3954 robur
1385 3915 1453 3954 ac
1482 3898 1634 3952 vires
1668 3895 1896 3952 addunt

2021 3880 2108 3931 νῶν
2168 3875 2598 3941 ἀκαταπαύστως
2656 3872 3040 3952 πρεσϐεύουσι,
3095 3878 3186 3934 καὶ
3242 3879 3372 3944 τοὺς
3427 3881 3652 3944 πιστοὺς

240 3993 314 4048 ad
344 3993 596 4065 gloriam
625 3991 863 4060 Christi,
897 4008 1003 4063 pro
1039 4005 1156 4062 quo
1192 3987 1545 4061 sanguinem
1587 3985 1890 4042 fuderunt.

2021 3963 2439 4065 Ξασιλεῖς-ὴμῶν
2468 3967 2604 4022 κατὰ
2630 3971 2740 4022 τῶν
2765 3965 3058 4065 πολεμίων
3093 3967 3337 4046 ἰσχυρῶς
3360 3968 3649 4047 ένισχύου-

803 4189 1046 4246 EODEM
1085 4189 1228 4242 ΜΕΝ
1235 4187 1335 4241 SE.

885 4278 988 4334 Die
1020 4277 1274 4349 septima

453 4397 553 4454 22
586 4396 870 4452 Certamen
901 4395 1080 4450 sancti
1111 4393 1374 4464 martyris
1399 4393 1668 4448 Sozontis.

311 4487 495 4540 Sozon
525 4491 768 4556 martyr,
802 4501 872 4540 ex
922 4483 1164 4556 regione
1209 4482 1398 4555 Lyciae
1428 4481 1718 4538 oriundus
1747 4480 1880 4537 fuit.

237 4577 384 4632 Cum
413 4580 611 4631 autem
633 4574 954 4646 aliquando
987 4574 1048 4629 in
1099 4589 1384 4645 quercum
1416 4573 1717 4646 ingentem
1740 4570 1884 4628 inci-

240 4665 445 4732 disset,
498 4664 654 4735 apud
707 4680 886 4735 quam
944 4667 1070 4719 erat
1143 4679 1317 4735 aqua,
1375 4662 1880 4735 appendissetque

235 4754 306 4810 de
339 4753 549 4809 arbore
581 4758 700 4809 tres
734 4754 976 4826 sagittas
1009 4759 1066 4808 et
1096 4769 1324 4821 arcum,
1357 4752 1449 4808 sui
1481 4752 1668 4824 ipsius
1685 4752 1878 4809 moni-

231 4849 464 4910 menta;
483 4843 533 4898 is
557 4843 720 4899 locus
741 4843 1017 4916 precibus
1040 4845 1227 4899 sancti
1241 4843 1348 4899 viri
1367 4842 1700 4898 divinarum
1713 4859 1883 4899 cura-

233 4935 467 4988 tionum
499 4949 716 4988 munus
748 4933 997 5005 accepit.
1059 4933 1319 4990 Docebat
1375 4937 1575 4989 autem
1623 4933 1877 5000 Graecos,

232 5027 290 5077 et
309 5021 643 5094 baptizabat
672 5038 772 5078 eos
794 5023 856 5078 in
879 5023 1121 5079 nomine
1145 5024 1357 5092 Patris,
1382 5027 1440 5077 et
1477 5022 1630 5092 Filii,
1663 5025 1720 5076 et
1749 5021 1876 5092 Spi-

229 5114 382 5170 ritus
414 5114 624 5170 sancti.
656 5116 797 5170 Post
850 5115 978 5172 hazc
1035 5115 1338 5187 ingressus
1393 5114 1690 5170 idolorum
1737 5117 1879 5168 tem-

234 5203 694 5276 plum,avulsam
709 5219 950 5260 auream
975 5204 1120 5259 idoli
1141 5220 1408 5270 manum,
1439 5202 1874 5274 contritamque

231 5292 428 5348 divisit
450 5293 831 5366 pauperibus.
865 5294 1047 5366 Cujus
1078 5293 1164 5348 rei
1185 5298 1392 5348 auctor
1429 5307 1565 5346 cum
1586 5307 1876 5361 quaerere-

229 5387 342 5450 tur,
379 5383 671 5455 multique
702 5383 1374 5456 comprehenderentur,
1408 5385 1646 5435 sanctus
1677 5381 1762 5434 vir
1782 5379 1872 5435 ul-

225 5477 316 5528 tro
341 5489 403 5528 se
453 5474 702 5529 Maximo
760 5472 1001 5545 praesidi
1060 5471 1298 5542 obtulit,
1331 5469 1638 5525 confessus
1675 5484 1872 5524 veram

224 5565 691 5638 Christi,Deique
707 5566 893 5620 nostri
928 5560 1528 5628 ﬁdem.Quamobrem
1551 5559 1727 5615 soleae
1753 5559 1874 5615 fer-

223 5673 340 5711 rem
353 5655 426 5710 ad
440 5655 793 5728 pedumplan
803 5660 889 5708 tas
903 5653 1091 5708 acutis
1110 5651 1288 5706 clavis
1305 5648 1872 5720 afﬁguntur,quibus

223 5743 789 5816 incedens,summis
811 5739 1087 5798 laudibus
1109 5741 1295 5794 Deum
1319 5737 1620 5794 etl‘erebat.
1646 5737 1869 5795 Deinde

225 5848 550 5905 suspensus
581 5832 654 5887 de
684 5829 916 5902 arbore,
943 5829 1017 5887 ad
1071 5845 1280 5886 necem
1320 5843 1510 5900 usque
1541 5844 1730 5886 caesus
1756 5833 1866 5901 est,

67 6123 258 6158 Δ

2001 4076 2106 4126 σιν,
2140 4055 2216 4119 εἷς
2249 4053 2402 4130 δόξαν
2439 4057 2702 4132 Χριστοῦ,
2735 4053 2805 4112 δι’
2836 4052 2894 4112 ὅν
2925 4059 2986 4113 τὸ
3019 4061 3158 4134 αἷμα
3187 4053 3428 4136 ἐξέχεαν.

2567 4193 2746 4250 nam
2763 4195 2853 4272 Τῼ
2873 4197 3074 4274 ΑγΤφ.

2779 4285 2857 4339 Ζ’.

2174 4371 2457 4448 Ἀθλησις
2491 4379 2594 4431 τοῦ
2642 4375 2799 4453 ἁγίου
2846 4379 3120 4456 μάρτυρος
3155 4381 3466 4450 Σώζοντος.

2067 4491 2290 4566 Μᾶρτυς
2322 4491 2349 4546 6
2383 4493 2586 4562 Σώζων
2622 4492 2867 4570 ὑπῆρχεν
2902 4492 2962 4549 ἐκ
3010 4498 3112 4561 τῆς
3169 4496 3361 4571 χώρας
3412 4495 3638 4568 Λυκίας,

1989 4579 2202 4654 ποιμὴν
2232 4575 2524 4656 προϐάτων
2555 4580 2864 4657 γενόμενος.
2914 4583 3200 4647 Ἀπελθὼν
3256 4581 3314 4638 δέ
3371 4605 3504 4638 ποτε
3565 4584 3642 4647 εἷς

1991 4666 2118 4744 δρῦν
2173 4667 2436 4745 μεγάλην,
2493 4667 2618 4724 ἔνθα
2672 4671 2739 4740 ἦν
2824 4669 2996 4746 ὕδωρ,
3045 4671 3330 4741 ἀπέλιπεν,
3389 4671 3440 4724 έν
3499 4671 3635 4743 αὐτῇ

1993 4763 2139 4835 τρεῖς
2168 4757 2385 4833 σαγίτας
2431 4757 2521 4814 καὶ
2570 4757 2633 4813 τὸ
2689 4758 2844 4830 τόξον
2901 4759 3064 4814 αὐτοῦ
3118 4759 3196 4821 είς
3257 4757 3632 4832 μνημόσυνον·

1991 4845 2082 4903 καὶ
2115 4845 2204 4903 διὰ
2232 4853 2547 4925 προσευχῆς
2591 4845 2756 4902 αύτοῦ
2807 4845 3021 4918 ἐδέξατο
3077 4849 3105 4902 6
3161 4846 3332 4910 τύπος
3387 4844 3633 4920 ἱαμάτων

1991 4935 2150 4991 θείων
2173 4936 2510 5012 χαρίσματα.
2563 4933 2841 4992 Ἐδίδασκε
2897 4934 2955 4991 δὲ
2999 4935 3128 5000 τοὺς
3185 4933 3487 5010 Ἓλληνας,
3543 4937 3636 4993 καὶ

1987 5020 2270 5096 ἐϐάπτιζεν
2302 5025 2380 5090 είς
2409 5026 2471 5081 τὸ
2515 5020 2687 5098 ὄνομα
2739 5027 2836 5080 τοῦ
2891 5026 3126 5101 Πατρὸς,
3182 5024 3274 5081 καὶ
3327 5029 3426 5081 τοῦ
3481 5026 3635 5096 Υίοῦ,

1985 5113 2079 5169 καὶ
2109 5120 2205 5170 τοῦ
2235 5116 2396 5190 ἁγίου
2424 5113 2758 5187 Πνεύματος.
2789 5115 2924 5176 Εἶτα
2956 5113 3204 5185 εἲσῆλθεν
3239 5114 3314 5177 εἷς
3359 5117 3452 5171 τὸν
3511 5116 3638 5171 ναὸν

1988 5208 2095 5258 τῶν
2131 5202 2402 5270 εἰδώλων,
2454 5201 2543 5257 καὶ
2601 5200 2857 5274 ἀφείλετο
2913 5204 3012 5274 τήν
3069 5210 3284 5280 χρυσῆν
3334 5210 3497 5281 χεῖρα
3541 5209 3640 5260 τοῦ

1989 5290 2246 5364 εὶδώλου,
2277 5291 2368 5347 καὶ
2400 5291 2695 5367 συντρίψας
2731 5291 2898 5363 αὐτὴν
2933 5291 3162 5350 διέδωκε
3191 5300 3312 5360 τοῖς
3364 5299 3638 5370 πτωχοῖς.

1983 5379 2215 5456 Ἑτέρων
2248 5379 2340 5436 οὗν
2373 5381 2762 5455 κρατουμένων
2798 5379 2889 5438 διὰ
2943 5383 3044 5454 τὴν
3103 5389 3268 5460 χεῖρα
3322 5388 3422 5440 τοῦ
3477 5380 3637 5438 εἰδώο

1984 5468 2108 5541 λου,
2161 5469 2466 5542 αὐτόματος
2527 5468 2700 5525 ἐλθὼν
2754 5472 2782 5527 6
2841 5473 3012 5549 ἅγιος,
3075 5471 3386 5547 παρέδωκεν
3443 5471 3632 5526 ἑαυτὸν

1983 5558 2214 5634 Μαξίμῳ
2242 5563 2322 5631 τῷ
2353 5556 2602 5634 ἄρχοντι.
2635 5559 2736 5614 Καὶ
2797 5559 3153 5637 ὁμολογήσας
3199 5562 3301 5630 τήν
3360 5559 3628 5630 ἀληθινὴν

1983 5648 2161 5705 πίστιν
2230 5652 2330 5704 τοῦ
2389 5649 2625 5725 Χριστοῦ
2699 5649 2788 5706 καὶ
2866 5655 3002 5706 Θεοῦ
3059 5653 3246 5724 ἡμῶν,
3309 5645 3626 5704 ὑποδέδεται

1986 5736 2313 5814 ὑποδήματα
2370 5735 2568 5814 σιδηρᾶ
2624 5740 2760 5814 μετᾶ
2807 5739 2961 5811 ἢλων
3021 5738 3233 5812 ὀξέων;
3291 5737 3382 5794 καὶ
3439 5742 3623 5816 φορῶν

1983 5828 2116 5886 αὐτὰ
2165 5828 2500 5906 περιεπάτει,
2549 5826 2790 5903 δοξάζων
2855 5829 2950 5885 τὸν
3005 5823 3160 5886 Θεὸν.
3219 5827 3353 5887 Εἶτα
3404 5847 3622 5904 κρεμα-
