4042 6206
357 380 435 439 31
1752 365 2238 430 SEPTEMBER.
3647 375 3728 436 ει

367 510 493 576 σθεῗς
516 506 577 565 εἷς
615 501 856 576 δένδρον,
906 501 998 557 καὶ
1053 500 1297 575 τυφθεὶς,
1352 498 1667 570 ἐτελειώθη.
1719 499 1818 555 Καὶ
1876 499 1947 555 ἐν·

2084 506 2262 574 atque
2294 503 2424 575 ejus
2452 517 2667 574 corpus
2698 502 2761 559 in
2787 504 3087 562 caminum
3117 504 3270 578 ignis
3296 505 3608 579 injectum.

358 600 521 669 εὸλήὰῃ
551 598 605 650 τὸ
638 600 804 667 σῶμα
836 592 1002 648 αὐτοῦ
1032 592 1109 655 είς
1140 593 1368 663 κάμινον
1404 590 1596 665 πυρός.

888 706 970 774 Τῇ
1003 700 1140 774 αὒτῇ
1174 699 1381 777 ἡμέρᾳ.

514 821 789 893 Ἀθλησις
818 826 915 875 τοῦ
946 820 1102 896 ἁγίου
1136 818 1410 895 μάρτυρος
1444 817 1750 893 Εὐψυχίου.

377 938 656 1011 Εὖψῦχιος
694 939 725 991 ὁ
773 938 978 1011 μάρτυς
1033 936 1279 1009 ὑπῆρχεν
1327 934 1433 990 ἀπὸ
1489 932 1813 1007 Καισαρεὶας
1863 937 1963 1001 τῆς

306 1026 714 1095 Καππαδοκίας,
777 1026 867 1080 ἐπὶ
930 1023 1217 1095 Ἀδριανοῦ
1280 1022 1551 1099 βασιλέως
1638 1021 1963 1093 Ῥωμαίων.

302 1120 443 1174 Mati
472 1115 529 1170 δὲ
560 1117 665 1184 τήν
732 1121 833 1170 τοῦ
894 1116 1097 1189 πατρὸς
1158 1111 1418 1181 τελευτὴν
1481 1112 1799 1187 βαπτίζεται
1861 1110 1966 1165 ὑπὸ

296 1211 386 1261 τοῦ
443 1205 759 1260 ἐπισκόπου
816 1211 917 1273 τῆς
1001 1203 1342 1273 Καισαρείας.
1432 1201 1562 1257 Εἶτα
1645 1194 1965 1269 διαϐληθεὶς

292 1298 433 1371 παρά
476 1318 675 1366 τινων,
738 1295 823 1349 ὅτι
879 1294 1198 1368 Χριστιανός
1259 1292 1424 1360 ἐστιν,
1485 1288 1758 1366 ἐκρατήθη
1820 1290 1968 1363 παρᾶ

287 1390 382 1440 τοῦ
423 1392 525 1453 τῆς
589 1384 933 1459 Καισαρείας
1003 1380 1292 1456 ἄρχοντος,
1379 1380 1468 1435 καὶ
1553 1380 1628 1442 είς
1715 1377 1967 1457 φυλακὴν

291 1469 580 1543 ἐνεϐλήθη,
650 1473 763 1529 Καὶ
822 1471 954 1544 μετᾶ
1009 1475 1179 1524 ταῦτα
1237 1469 1465 1539 ἐξελθὼν
1527 1475 1629 1538 τῆς
1689 1467 1963 1544 φυλακῆς,

286 1563 371 1617 καὶ
398 1563 681 1633 πωλήσας
722 1562 793 1615 τα
824 1561 1141 1636 ὑπάρχοντα
1174 1558 1343 1630 αὐτῷ,
1375 1563 1593 1634 πρῶτον
1643 1558 1735 1631 μὲν
1791 1554 1964 1612 δεδω-

291 1674 375 1707 κεν
482 1655 674 1707 αὐτῶν
707 1658 832 1711 τοῖς
874 1649 1226 1724 κατηγόροις,
1282 1649 1359 1711 ὡς
1404 1646 1684 1723 προξένοις
1729 1647 1962 1723 γενομὲ-

301 1764 407 1802 νοις
439 1742 585 1813 αὖτῷ
618 1748 731 1811 τῆς
778 1745 885 1794 τῶν
940 1740 1182 1813 οὐρανῶν
1248 1737 1551 1812 βασιλείας.
1608 1743 1837 1792 Ἔπειτα
1892 1738 1960 1790 τὰ

294 1831 454 1886 λοιπά
479 1832 559 1892 εἷς
607 1831 747 1892 τοὺς
800 1828 1059 1903 πτωχοὺς
1112 1825 1476 1902 διεσκόρπισε,
1526 1827 1615 1881 καὶ
1663 1823 1951 1899 διένειμεν.

289 1921 387 1975 Καὶ
436 1919 617 1975 πάλιν
684 1919 1006 1993 κρατηθεὶς,
1092 1916 1332 1991 παρέστη
1406 1920 1485 1987 τῷ
1557 1913 1806 1991 ἄρχοντι,
1863 1916 1955 1969 καὶ

283 2009 738 2083 κατηναγκάζετο
769 2008 914 2061 θύειν
943 2010 1060 2068 τοῖς
1093 2004 1370 2067 εἴδώλοις.
1424 2005 1520 2059 Καὶ
1575 2006 1650 2078 μὴ
1694 2004 1952 2073 πεισθεὶς,

279 2103 501 2170 πρῶτον
570 2099 669 2171 μὶν
730 2102 997 2171 κρεμᾶται
1051 2094 1136 2150 ἐπὶ
1201 2093 1390 2167 ξύλου,
1468 2094 1557 2148 καὶ
1635 2093 1803 2165 ξέεται
1863 2092 1949 2148 ἐπὶ

2730 683 2945 740 Eodem
2978 684 3071 739 die

2256 791 2356 848 28
2390 793 2673 847 Certamen
2704 794 2881 847 sancti
2922 795 3185 861 martyris
3217 795 3543 865 Iiupsychii.

2147 909 2517 979 Eupsycliius
2549 914 2774 981 martyr
2800 926 2865 963 ex
2898 911 3165 966 Cmsarea
3202 912 3583 983 Cappadocim
3615 913 3727 969 fuit

2078 996 2342 1052 Adriano
2366 998 2767 1053 Romanorum
2792 1000 3168 1070 imperatore.
3196 1001 3417 1055 Mortuo
3442 1008 3605 1071 patre
3630 1002 3732 1056 ba-

2076 1086 2326 1156 ptizatur
2343 1103 2377 1142 a
2394 1088 2674 1142 Caesarea)
2706 1088 2982 1159 episcopo
3009 1105 3021 1143 :
3051 1088 3401 1159 delatusque
3424 1106 3457 1144 ει
3474 1092 3725 1160 quibus-

2077 1174 2236 1246 dam,
2262 1176 2421 1246 quod
2471 1177 2845 1232 Christianus
2877 1182 3056 1244 esset,
3089 1194 3124 1233 a
3153 1178 3434 1233 Caesarea)
3468 1180 3722 1250 praeside

2077 1266 2620 1336 comprehenditur,
2654 1272 2710 1320 et
2742 1267 2801 1321 in
2834 1282 3131 1321 carcerem
3164 1266 3522 1322 detruditur.
3554 1269 3721 1324 Unde

2078 1371 2372 1426 egressus,
2404 1356 2720 1410 divenditis
2752 1355 3131 1411 facultatibus
3154 1357 3298 1425 suis,
3333 1364 3559 1428 partem
3594 1359 3721 1429 qui-

2076 1444 2212 1499 dem
2231 1445 2393 1500 dedit
2414 1445 2881 1512 accusatoribus,
2916 1450 3118 1516 utpote
3142 1447 3243 1517 qui
3276 1446 3389 1501 sibi
3420 1448 3584 1520 regni
3607 1464 3719 1503 cce-

2074 1534 2239 1589 lestis
2271 1540 2543 1590 auctores
2572 1534 3131 1606 concilliatoresque
3172 1536 3459 1603 fuissent;
3494 1542 3724 1608 partem

2072 1640 2210 1679 vero
2232 1624 2591 1696 pauperibus
2621 1624 2941 1681 distribuit.
2970 1626 3190 1685 Iterum
3220 1631 3419 1682 autem
3450 1644 3718 1698 compre-

2070 1714 2314 1780 hensus,
2347 1718 2405 1769 et
2433 1731 2634 1770 coram
2665 1714 2916 1786 praeside
2947 1714 3263 1784 adductus,
3296 1733 3431 1772 cum
3466 1718 3726 1789 compel-

2070 1804 2294 1860 leretur
2322 1804 2498 1859 idolis
2531 1805 2890 1873 sacriﬁcare,
2926 1821 3034 1860 nec
3063 1805 3136 1861 ad
3167 1805 3226 1861 id
3260 1806 3462 1862 induci
3500 1812 3721 1879 posset,

1984 1883 2033 1948 Β
2065 1894 2136 1949 de
2154 1894 2311 1967 ligno
2326 1910 2672 1966 suspensus,
2687 1911 2875 1966 usque
2899 1894 3047 1950 adeo
3062 1895 3416 1967 depectitur,
3431 1902 3496 1951 ut
3515 1899 3725 1953 omnia

2064 1985 2226 2040 illius
2247 1985 2471 2040 viscera
2496 1985 3008 2056 conspicerentur.
3041 1986 3265 2040 Deinde
3290 2004 3320 2041 e
3353 1987 3512 2058 ligno
3534 1988 3716 2059 depo-

2066 2074 2237 2143 situs,
2271 2072 2586 2146 gladioque
2619 2090 2830 2142 cassus,
2862 2072 3138 2144 spiritum
3174 2075 3422 2130 Domino
3454 2076 3719 2132 tradidit.

281 2194 713 2266 τοσοῦτον,¹ἐως
740 2194 909 2273 ἐνράνη
944 2195 1114 2248 πάντα
1142 2194 1209 2248 τὰ
1264 2187 1414 2247 ἔνδον
1457 2196 1567 2248 τῶν
1616 2191 1940 2267 σπλάγχνων
1974 2189 2158 2245 αὐτοῦ.
2220 2187 2352 2243 Εἶτα
2407 2186 2514 2242 ἀπὸ
2570 2190 2668 2242 τοῦ
2717 2184 2882 2257 ξύλου
2936 2180 3377 2257 καταϐιϐασθεὶς,
3440 2190 3574 2261 μετὰ
3618 2192 3717 2244 τοῦ

293 2292 500 2368 ξὶςνους
531 2294 779 2370 πληγεὶς,
826 2292 1146 2363 ἐτελειώθη,
1198 2289 1474 2366 παραδοὺς
1515 2291 1575 2345 τὸ
1621 2294 1830 2364 πνεῦμα
1875 2293 1956 2363 τῷ
1987 2286 2192 2363 Κυρίῳ.

853 2396 1035 2449 num
1074 2394 1164 2471 Te
1200 2395 1391 2469 iure.

1084 2483 1163 2537 Il‘.

292 2573 367 2627 Τὸ
450 2571 692 2647 γενέσιον
791 2578 891 2647 τῆς
993 2568 1284 2647 υπεραγί-ας
1385 2567 1681 2647 Δεσποίνης

643 2642 911 2698 Θεοτόκου
938 2643 1027 2697 καὶ
1061 2642 1336 2717 Παρθένου
1368 2642 1597 2717 Μαρίας.

1786 2569 1947 2642 ἡμῶν

360 2761 702 2829 Ποιήσαντος
760 2763 861 2812 τοῦ
893 2757 1234 2834 δημιουργοῦ
1280 2762 1411 2814 Θεοῦ
1457 2757 1585 2820 τοὺς
1634 2758 1951 2832 ἀνθρώπους

287 2848 374 2904 ἐπ’
429 2848 617 2925 ἔργοις
689 2850 933 2922 ἀγαθοῖς,
1004 2849 1092 2902 καὶ
1154 2848 1231 2911 είς
1301 2849 1363 2903 τὸ
1432 2847 1711 2925 γνωρίζειν
1788 2846 1951 2921 μόνον

290 2938 481 3007 αὐτὸν,
542 2938 637 2993 καὶ
700 2944 875 2993 ποιεῖν
933 2938 997 2991 τὸ
1055 2936 1273 3011 θέλημα
1332 2937 1520 3007 αὐτοῦ,
1575 2935 1865 3011 ἐφθόνησεν
1921 2938 1949 2993 ὁ

290 3025 589 3089 διάϐολος.
648 3028 747 3081 Καὶ
800 3032 1013 3099 πρῶτον
1088 3028 1179 3100 μὲν
1251 3027 1544 3104 παρὲπεισε
1612 3027 1703 3082 τὸν
1776 3024 1953 3101 Ἀδὰμ

288 3115 640 3193 παραϐῆναι,
701 3117 1039 3187 ἀπατηθέντα
1113 3115 1202 3171 διὰ
1274 3125 1375 3186 τῆς
1450 3116 1613 3172 αὐτοῦ
1690 3117 1946 3193 γυναικὸς

2624 2388 2863 2444 EODEM
2903 2387 3156 2444 MENSE.

2727 2478 2830 2533 Die
2862 2483 3064 2533 octava

2075 2568 2176 2626 24
2206 2568 2526 2625 Nativitates
2558 2568 2911 2625 sanctissime
2954 2569 3201 2624 Domina
3228 2575 3429 2626 nostra?
3459 2571 3713 2641 Deipara:

2605 2665 2653 2714 et
2689 2659 2930 2728 Virginis
2964 2658 3176 2715 Mariae.

2144 2750 2286 2804 Cum
2309 2765 2507 2804 rerum
2532 2749 2797 2803 omnium
2832 2748 3025 2820 Opifex
3050 2750 3201 2804 Deus
3222 2749 3496 2805 homines
3516 2765 3710 2805 creas-

2068 2844 2177 2908 set,
2210 2846 2276 2893 ut
2306 2856 2486 2910 Opera
2516 2838 2671 2894 bona
2700 2844 3063 2910 exercerent,
3092 2844 3273 2911 utque
3305 2840 3499 2911 ipsum
3518 2839 3711 2895 solum

2065 2934 2509 3001 cognoscerent,
2555 2945 2735 3000 seque
2784 2928 2858 2984 ad
2916 2929 3077 2985 illius
3138 2929 3499 2985 voluntatem
3530 2930 3708 3001 plane

2062 3018 2527 3086 conformarent,
2561 3017 2769 3072 invidit
2818 3016 3128 3073 diabolus:
3162 3017 3424 3089 primum
3469 3016 3711 3088 quidem

2060 3107 2351 3163 Adamum
2384 3124 2490 3179 per
2518 3122 2765 3161 uxorem
2797 3108 2972 3162 Evam
3006 3105 3319 3178 deceptum
3348 3105 3609 3177 impulit,
3642 3109 3712 3160 ut

290 3207 458 3270 Εὔας.
491 3211 724 3264 Ἔπειτα
777 3201 954 3261 ἔπεισε
1008 3208 1097 3260 καὶ
1153 3206 1281 3270 τοὺς
1336 3205 1571 3269 λοιποὺς
1628 3207 1945 3283 ἀνθρώπους

2065 3202 2425 3269 praeceptum
2462 3195 2747 3252 violaret:
2807 3201 3014 3253 auctor
3070 3197 3251 3253 etiam
3293 3196 3406 3251 fuit
3457 3195 3708 3266 reliquis

282 3296 614 3353 καταλιπεῖν
668 3298 760 3351 τὸν
833 3303 985 3365 Θεὸν,
1060 3297 1151 3351 καὶ
1229 3302 1548 3372 προσκυνεῖν
1617 3296 1684 3351 τὰ
1765 3294 1952 3371 ἄψυχα

284 3387 517 3444 εἴδωλα.
580 3386 846 3456 Ἐλεήσας
922 3387 1011 3440 οὖν
1073 3388 1100 3441 ὁ
1154 3387 1285 3448 Θεὸς
1344 3388 1404 3441 τὸ
1479 3387 1709 3459 πλάσμα
1784 3385 1951 3442 αὐτοῦ

293 3475 471 3531 ἔδωκε
517 3478 686 3549 νόμον
744 3477 837 3530 καὶ
896 3478 1208 3550 προφήτας.
1284 3474 1458 3532 Ἀλλά
1517 3472 1687 3548 μηδὲν
1744 3476 1953 3531 τούτων

305 3566 736 3639 ὠτελςησάντων,
787 3560 1065 3635 ἐϐουλήθη
1116 3564 1437 3620 ἀποστεῖλαι
1466 3565 1558 3620 τὸν
1590 3565 1710 3619 Υἰὸν
1761 3564 1947 3637 αὐτοῦ,

301 3656 398 3708 καὶ
458 3656 648 3726 λόγον,
702 3650 1108 3727 ἀναλαμϐάνειν
1163 3655 1452 3729 ἀνθρώπου
1541 3656 1779 3730 μορφὴν,
1858 3654 1948 3709 καὶ

318 3740 687 3814 λυτρώσασθαι
738 3744 863 3805 τοὺς
925 3744 1244 3818 ἀνθρώπους
1301 3742 1360 3798 ἐκ
1425 3750 1524 3812 τῆς
1598 3744 1785 3817 χειρὸς
1849 3743 1947 3797 τοῦ

314 3825 604 3885 διαϐόλου.
656 3832 745 3886 Δία
792 3838 952 3888 τοῦτο
1012 3833 1338 3905 ᾠκονόμησε
1432 3834 1763 3906 γεννηθῆναι
1845 3833 1946 3901 τὴν

300 3918 615 3991 μέλλουσαν
642 3924 886 3994 γεννῆσαι
948 3922 1105 3996 σαρκὶ
1161 3922 1251 3976 τὸν
1307 3923 1427 3976 ι”ιὸν
1486 3923 1651 3976 αὐτοῦ
1710 3920 1945 3995 Μαρίαν,

286 4010 391 4079 τήν
424 4006 691 4083 ἄχραντον
731 4011 1019 4079 Θεοτόκον,
1190 4012 1354 4085 ἁγίων
1417 4012 1619 4086 γονέων
1667 4011 1946 4083 Ἰωακεὶμ,

282 4101 373 4154 καὶ
439 4102 653 4169 Ἀννης.
715 4104 814 4165 Οἷς
870 4101 958 4157 καὶ
1033 4102 1304 4177 ὑπέσχετο
1389 4102 1864 4177 προσευχομένοις
1917 4101 1945 4155 ὁ

281 4190 443 4257 Θεὸς,
502 4187 685 4244 δοῦναι
745 4192 952 4267 καρπὸν
1010 4191 1247 4254 κοιλίας.
1308 4192 1463 4256 Ὅθεν
1522 4194 1610 4247 καὶ
1692 4190 1944 4246 καλεῖται

282 4279 533 4333 Γενέσιον
565 4282 599 4348 ἡ
631 4285 880 4354 παροῦσα
908 4282 1094 4356 ἑορτή.
1158 4284 1257 4337 Ἢν
1304 4282 1649 4356 ἑορτάζοντες
1705 4277 1945 4349 ἐτησίως

278 4368 722 4444 εὐχαριστοῦμεν
760 4368 946 4443 Κυρίῳ
974 4374 1055 4442 τῷ
1087 4374 1202 4442 Θεῷ
1232 4373 1414 4445 ἡμῶν.

841 4479 1023 4535 MHNI
1064 4483 1150 4556 Τῼ
1191 4481 1395 4557 ΔΥΤῼ.

1092 4569 1145 4621 Θ.

268 4656 495 4726 Μνήμη
581 4659 690 4710 τῶν
775 4656 946 4731 ἁγίων
1038 4657 1315 4731 Ἰωακεὶμῄ
1371 4658 1462 4714 καὶ

793 4729 993 4805 γονέων
1027 4736 1094 4799 τῆ
1105 4751 1128 4792 ς
1156 4729 1441 4787 Θεοτόκου.

349 4818 447 4873 Ἐν
479 4821 563 4887 τῷ
592 4814 712 4889 λαῷ
739 4822 846 4872 τῶν
882 4816 1158 4876 Ἰουδαίων
1193 4818 1259 4887 ἧν
1290 4840 1373 4882 τις
1419 4820 1727 4895 ἄνθρωπος,
1780 4822 1936 4876 Ὶωα-

280 4906 415 4977 κεὲμ.
472 4904 838 4978 καλούμενος,
898 4905 1105 4971 δίκαιος
1159 4908 1247 4963 καὶ
1305 4908 1590 4979 πλούσιος,
1654 4910 1744 4965 καὶ
1800 4910 1939 4966 κατᾶ

276 4995 477 5065 ἑορτὴν
509 4993 770 5069 ἐχώριζεν
802 4996 863 5051 ἐκ
914 5002 1012 5052 τοῦ
1056 4994 1299 5053 πλούτου
1357 4999 1522 5054 αὐτοῦ
1573 5000 1765 5073 μοίρας
1815 4998 1933 5060 δύο.

274 5083 376 5135 Καὶ
409 5084 511 5151 τήν
551 5084 643 5155 μὶν
680 5087 805 5157 μίαν
863 5094 1058 5162 μοῖραν
1110 5084 1292 5142 ἐδίδου
1348 5094 1468 5150 τοῖς
1516 5094 1788 5163 πτωχοῖς·
1833 5090 1933 5158 τὴν

274 5168 335 5224 δὲ
368 5169 559 5245 ἑτέραν
590 5177 669 5243 τῷ
698 5179 833 5245 Θεῷ.
867 5177 963 5230 Ἦν
998 5173 1055 5229 δὲ
1105 5176 1348 5238 ἄτεκνος.
1402 5179 1488 5233 Ἐν
1543 5183 1641 5250 μιᾷ
1688 5178 1779 5233 οὖν
1826 5183 1930 5235 τῶν

270 5260 485 5333 ἑορτῶν
519 5263 821 5338 προσὲνρερε
847 5266 913 5318 τα
944 5262 1091 5338 δῶρα
1130 5266 1295 5320 αὐτοῦ
1338 5271 1418 5339 τῷ
1466 5271 1601 5339 Θεῷ,
1650 5270 1739 5323 καὶ
1790 5266 1930 5324 διότι

271 5350 378 5404 οὐκ
408 5353 533 5425 εἶχε
560 5350 801 5421 παιδίον,
831 5352 1113 5426 ὠνειδίσθη
1146 5358 1293 5430 παρά
1314 5354 1581 5413 Ἰουδαίου
1629 5360 1800 5431 τινὸς,
1851 5360 1931 5414 εἰ·

265 5440 475 5502 πόντος
526 5443 661 5515 πρὸς
696 5441 883 5510 αὐτὸν,
916 5442 999 5498 ὅτι
1033 5444 1108 5501 Οὐ
1141 5446 1331 5518 πρέπει
1364 5467 1448 5501 σοι
1496 5445 1646 5523 δῶρα
1689 5452 1932 5528 προσφε-

266 5551 389 5605 ρειν
431 5534 511 5602 τῷ
562 5537 680 5605 Θεῷ
744 5534 857 5605 μεθ’
916 5535 1096 5605 ἡμῶν,
1160 5532 1300 5590 διότι
1364 5535 1629 5613 ὑπάρχεις
1690 5536 1929 5605 ἄτεκνος.

266 5621 565 5693 Ἐλυπήθη
598 5620 656 5677 δὲ
706 5621 982 5698 Ἰωακεὶμ,
1032 5624 1122 5680 καὶ
1173 5624 1287 5699 οὐχ
1339 5624 1663 5701 ὑπέστρεψεν
1714 5628 1791 5692 εἷς
1836 5632 1926 5687 τὸν

1546 4663 1744 4729 "Aw-qq
1830 4662 1940 4713 τῶν

1974 4548 2022 4613 D

2058 3287 2432 3355 mortalibus,
2466 3291 2532 3341 ut
2560 3286 2829 3360 neglecto
2867 3288 3004 3352 Deo,
3031 3287 3190 3343 idola
3219 3287 3419 3342 animo
3444 3284 3710 3340 carentia

2059 3375 2395 3430 adorarent.
2424 3375 2695 3430 Misertus
2728 3375 2927 3445 itaque
2960 3378 3113 3431 Deus
3166 3374 3433 3447 figmenti
3478 3374 3591 3439 sui,
3623 3374 3709 3426 le-

2056 3481 2187 3536 gem
2220 3463 2381 3517 dedit
2428 3469 2486 3518 et
2543 3464 2885 3535 prophetas.
2921 3465 3135 3518 Verum
3195 3479 3329 3518 cum
3366 3464 3490 3516 haec
3544 3462 3700 3517 nihil

2056 3552 2435 3624 proficerent,
2470 3552 2728 3607 decrevit
2758 3553 2991 3608 mittere
3026 3552 3237 3607 Filium
3269 3568 3441 3607 suum
3475 3557 3533 3606 et
3564 3555 3703 3607 Ver-

2058 3643 2221 3712 bum,
2247 3642 2345 3713 qui
2375 3642 2628 3697 formam
2651 3642 2908 3697 hominis
2932 3648 3284 3710 assumeret,
3310 3643 3702 3715 hominesque

2058 3730 2129 3785 de
2162 3748 2343 3786 manu
2374 3732 2593 3786 diaboli
2639 3731 2938 3788 liberaret.
2975 3736 3113 3788 Eam
3146 3733 3323 3805 igitur
3350 3733 3424 3787 ob
3449 3736 3702 3803 jcausam

2057 3821 2368 3893 disposuit,
2428 3828 2493 3876 ut
2523 3828 2887 3891 nasceretur,
2949 3840 3079 3894 quae
3140 3824 3200 3878 in
3252 3839 3429 3878 carne
3487 3823 3701 3877 Filium

2056 3928 2227 3965 suum
2262 3912 2525 3983 paritura
2559 3916 2704 3980 erat,
2766 3913 2945 3968 Maria
2990 3912 3305 3984 impolluta
3362 3913 3612 3983 Deipara
3634 3928 3703 3967 ex

2055 4003 2275 4057 sanctis
2305 4003 2653 4075 parentibus
2682 4005 2949 4060 Joachim
2982 4010 3038 4059 et
3064 4007 3254 4074 Anna,
3281 4004 3497 4076 quibus
3527 4021 3703 4060 oran-

2054 4091 2210 4145 tibus
2232 4093 2591 4163 promiserat
2614 4094 2766 4148 Deus
2788 4110 2849 4148 se
2867 4094 3123 4148 fructum
3146 4094 3367 4149 ventris
3398 4093 3698 4149 daturum.

2052 4181 2199 4236 Hinc
2231 4181 2345 4236 diei
2380 4183 2516 4237 huic
2546 4182 2708 4248 ,festo
2741 4183 2995 4238 inditum
3028 4199 3247 4238 nomen
3280 4189 3369 4238 est
3398 4185 3698 4251 Nativitas,

2052 4288 2230 4342 quam
2278 4289 2385 4328 nos
2444 4274 2764 4343 quotannis
2822 4273 3214 4339 celebrantes,
3274 4273 3523 4327 Domino
3580 4274 3698 4326 Deo

2051 4366 2254 4417 nostro
2285 4362 2503 4434 gratias
2529 4363 2779 4434 agimus.

2587 4469 2827 4523 EODEM
2886 4467 3142 4523 MENSE.

2725 4559 2828 4613 Die
2862 4574 3022 4614 nona

2052 4649 2147 4706 25
2182 4649 2629 4706 Commemoratio
2681 4654 2993 4704 sanctorum
3048 4647 3326 4720 Joachim,
3389 4655 3440 4703 et
3496 4650 3697 4717 Annae,

2574 4745 2875 4808 parentum
2905 4739 3176 4809 Deiparw.

2118 4829 2185 4882 In
2215 4826 2552 4883 Iudaeorum
2580 4829 2798 4899 pepulo
2841 4833 2968 4884 erat
3023 4829 3110 4882 vir
3156 4827 3398 4899 quidam
3453 4828 3696 4883 nomine

2047 4920 2338 4985 Joachim,
2358 4920 2560 4991 justus
2584 4925 2643 4975 et
2659 4919 2818 4976 dives
2837 4938 2849 4974 :
2866 4920 2965 4991 qui
2983 4920 3149 4975 festis
3166 4920 3374 4975 diebus
3386 4920 3696 4975 facultates

2048 5026 2187 5065 suas
2217 5010 2279 5065 in
2305 5010 2452 5065 duas
2482 5015 2679 5081 partes
2711 5007 3002 5079 dividens,
3038 5009 3288 5064 alteram
3336 5009 3696 5080 pauperibus

2048 5099 2343 5171 erogabat,
2378 5099 2627 5154 alteram
2652 5116 2789 5154 vero
2824 5100 2943 5153 Deo
2976 5098 3278 5154 offerebat.
3322 5100 3458 5153 Erat
3495 5104 3695 5154 autem

2047 5190 2174 5244 sine
2205 5188 2432 5243 liberis.
2467 5188 2733 5253 Quodam
2754 5189 2935 5260 igitur
2963 5189 3112 5244 festo
3144 5206 3278 5244 cum
3310 5206 3560 5245 munera
3576 5191 3693 5244 Deo

2045 5280 2303 5346 offerret,
2329 5276 2487 5347 quod
2519 5276 2755 5331 nullum
2789 5277 2979 5332 filium
3003 5277 3268 5346 haberet,
3302 5285 3581 5351 exceptus
3606 5284 3695 5334 est

2042 5366 2261 5438 probro
2294 5364 2546 5420 aJudaeo
2578 5365 2863 5437 quodam,
2899 5373 3151 5439 negante
3201 5367 3289 5423 fas
3322 5385 3450 5423 esse
3483 5369 3556 5438 ei,
3592 5368 3693 5439 qui

2041 5454 2248 5510 liberis
2278 5459 2527 5522 careret,
2560 5470 2680 5511 una
2712 5473 2846 5511 cum
2873 5456 3102 5511 caeteris
3130 5455 3286 5512 dona
3306 5459 3422 5512 Deo
3455 5459 3690 5513 oﬂ‘erre.

2041 5544 2254 5599 Attulit
2284 5560 2352 5599 ea
2399 5560 2495 5599 res
2520 5548 2745 5600 tantam
2786 5546 3091 5602 Joachimo
3123 5548 3480 5616 molestiam,
3514 5553 3579 5602 ut
3628 5546 3691 5599 in

2041 5634 2285 5692 domum
2317 5651 2485 5694 suam
2525 5634 2722 5692 redire
2782 5636 3088 5706 noluerit;
3141 5638 3244 5694 sed
3274 5637 3337 5696 in
3392 5636 3691 5694 desertum
