4030 6196
372 381 448 445 39
1666 377 2104 438 MENOLOGII
2143 374 2351 438 PARS
2395 374 2444 434 1.
3700 384 3775 444 ιο

370 519 572 574 locum
629 515 936 584 secedens,
969 513 1358 587 quadraginta
1385 511 1594 568 diebus
1630 511 1961 583 jejunaveri

2191 529 2284 564 κον
2307 509 2496 578 αὐτοῦ,
2535 506 2665 564 ἀλλ’
2719 506 2972 574 ἀπελθὼν
3004 509 3082 575 εἰς
3105 510 3203 580 τὴν
3236 509 3468 586 ἔρημον,
3527 511 3778 584 ἐνήστευ.

374 609 564 663 Deum
594 623 844 679 precans
875 609 941 661 ut
968 605 1224 660 fructum
1244 603 1462 658 ventris
1495 600 1606 656 sibi
1639 599 1965 657 concedere

2178 621 2211 653 ιν
2264 596 2476 672 ἡμέρας
2528 599 2930 675 τεσσαράκοντα
2980 599 3312 675 παρακαλῶν
3343 601 3434 656 τὸν
3463 603 3613 673 Θεὸν,
3644 601 3769 660 δοῦ-

377 698 491 751 Nec
524 696 721 750 minus
739 697 909 750 Anna
939 691 1097 748 domi
1123 691 1347 747 orabat.
1379 691 1522 746 Cum
1545 689 1722 762 igitur
1752 689 1889 745 illos
1921 705 1968 744 ei

2181 708 2208 742 ιι
2259 686 2406 758 αύτῷ
2463 689 2668 762 καρπὸν
2751 688 2966 752 κοιλίας
3001 733 3014 748 .
3082 690 3437 767 Προσηύχετο
3491 689 3550 748 δὲ
3592 693 3680 748 καὶ
3737 697 3772 766 ἡ

374 784 641 840 audisset
671 789 841 851 Deus,
866 781 1029 837 misit
1049 779 1342 853 angelum,
1377 779 1479 850 qui
1500 779 1777 850 promisit
1807 778 1894 834 eis
1917 795 1965 832 [ιε

2182 797 2298 833 ιννα
2325 775 2378 832 ἐν
2429 775 2510 850 τῷ
2540 776 2674 852 οἴκῳ
2729 778 2902 848 αὐτῆς
2945 781 3014 834 τὰ
3069 778 3257 853 ὅμοια.
3318 780 3415 836 Καὶ
3473 780 3773 847 ἐπακούσας

371 873 658 928 tivitatem
691 875 906 927 sanctas
930 870 1198 924 Dominae
1221 875 1439 925 nostra;
1465 867 1728 939 Deiparm
1756 884 1958 940 sempe

2184 869 2300 921 ιτῶν
2336 866 2364 920 ὁ
2395 866 2549 940 Θεὸς,
2582 866 2894 924 ἆπὲστειλεν
2943 865 3199 946 ἄγγελον,
3251 871 3340 926 καὶ
3379 871 3647 948 ὑπέσχετο
3681 871 3775 927 a6-

371 977 486 1032 que
518 959 771 1032 Virginis
821 959 1036 1015 Mariae.
1073 959 1239 1025 Quod
1273 963 1332 1014 et
1363 957 1652 1031 contingit
1679 973 1786 1030 pro
1829 955 1960 1014 salu

2184 960 2239 1018 Ic
2269 956 2368 1025 τὴν
2423 957 2677 1032 γέννησιν
2734 964 2835 1028 τῆς
2887 957 3046 1034 ἁγίας
3102 959 3400 1032 Δεσποίνης
3429 962 3590 1034 ἡμῶν
3644 969 3775 1018 Θεο-

368 1050 545 1106 totius
574 1047 810 1122 generis
841 1047 1110 1105 humani.

2188 1065 2308 1116 κου,
2341 1044 2433 1100 καὶ
2463 1043 2846 1120 ’Δειπαρθὲνου
2897 1047 3130 1125 Μαρίας.
3183 1050 3353 1126 ὀπερ
3405 1050 3497 1106 καὶ
3525 1052 3775 1127 γέγονεν,

2125 1133 2259 1209 ὑπὲρ
2291 1133 2560 1211 σωτηρίας
2586 1134 2723 1192 ὅλου
2749 1139 2847 1192 τοῦ
2875 1137 3066 1214 γένους
3088 1141 3197 1194 τῶν
3227 1139 3552 1214 ἀνθρώπων.

1019 1264 1241 1321 Eodem
1271 1265 1365 1320 die

2716 1254 2802 1326 τῇ
2828 1251 2966 1328 αὐτῇ
2996 1251 3177 1329 ἡμέρᾳ

544 1357 645 1413 26
679 1357 964 1412 Certamen
993 1358 1168 1411 sancti
1217 1357 1478 1425 martyris
1527 1354 1838 1411 Seueriani.
1869 1413 1871 1416 θ

2298 1339 2568 1412 ¹Ἀθλησις
2594 1345 2692 1397 τοῦ
2721 1341 2879 1418 ἁγίου
2913 1343 3186 1420 μάρτυρος
3225 1347 3583 1420 Σευηριανοῦ.

433 1472 781 1528 Severianus
826 1475 1069 1544 martyr,
1121 1471 1313 1543 patria
1351 1470 1729 1538 Sebastenus,
1783 1467 2008 1525 Licinio

2196 1455 2527 1544 ξευηριανὸς
2577 1457 2606 1512 ὁ
2663 1459 2870 1532 μάρτυς
2953 1459 3200 1536 ὑπῆρχεν
3277 1458 3338 1516 ἐκ
3391 1461 3490 1531 τῆς
3545 1461 3771 1528 πόλεως

364 1561 696 1633 imperante
722 1605 736 1630 ,
781 1561 954 1618 miles
985 1538 1142 1618 Viuit:
1171 1562 1316 1617 Cum
1366 1566 1560 1617 autem
1617 1558 1955 1632 quadragin‘

2186 1538 2591 1633 isanstacplnl
2619 1547 2719 1620 τῆς
2752 1544 3032 1623 βασιλειας
3081 1549 3352 1606 Λικιννίου
3409 1553 3777 1626 στρατευόμε-

364 1656 656 1724 martyres
683 1650 1092 1722 comprehensi
1121 1650 1396 1719 fuissent,
1419 1656 1478 1706 et
1497 1650 1559 1706 in
1576 1665 1875 1706 carcerem
1904 1665 1955 1721 p1

2182 1653 2242 1696 ις.
2294 1636 2422 1692 Ὅτε
2482 1632 2539 1690 δὶ
2595 1634 2968 1712 ἐκρατήθησαν
3023 1638 3076 1692 οἱ
3135 1639 3280 1716 ἅγιοι
3364 1641 3773 1716 τεσσαράκοντα

365 1739 594 1810 Christo
615 1740 860 1809 detrusi,
885 1757 986 1796 eos
1007 1740 1208 1808 adivit,
1233 1743 1291 1796 et
1312 1738 1387 1795 ad
1410 1738 1830 1812 perferendum
1857 1753 1956 1793 ma

2194 1745 2415 1800 ιρτυρες,
2455 1725 2544 1782 καὶ
2601 1727 3031 1800 ἀπεκλείσθησαν
3064 1729 3118 1786 ἐν
3175 1743 3242 1806 τῃ
3293 1730 3512 1810 φυλακῆ
3569 1730 3658 1789 διὰ
3682 1735 3785 1790 τὸν

365 1829 584 1899 tyrium
617 1829 982 1885 hortabatur.
1005 1830 1284 1901 Cognitus
1316 1833 1539 1895 autem,
1567 1833 1914 1902 captusque,
1943 1843 1956 1882 ε

2192 1815 2375 1886 ηστὸν,
2406 1815 2625 1886 ἀπῆλθε
2669 1819 2806 1894 πρὸς
2865 1817 3081 1891 ἂύτοὺς,
3137 1821 3228 1875 καὶ
3285 1820 3577 1896 παρεκάλει
3633 1825 3783 1900 πρὸς

366 1919 540 1974 stitur
561 1919 744 1991 Lysian
764 1918 896 1974 duci
923 1935 936 1972 :
961 1935 1214 1990 cumque
1239 1918 1535 1974 Christum
1559 1917 1744 1974 libere
1765 1917 1957 1973 conﬂtl

2244 1905 2560 1982 μαρτύριον.
2612 1908 2968 1982 Διαγνωσθεῖς
3017 1905 3074 1964 δὲ
3129 1907 3426 1985 ἐκρατήθη,
3485 1911 3575 1967 καὶ
3630 1935 3784 1990 παρ-

362 2017 546 2076 retur,
572 2024 952 2078 erroremque
969 2012 1260 2081 argueret,
1281 2008 1514 2080 ipsique
1535 2007 1716 2079 Lysim
1739 2011 1953 2062 constai

2190 2016 2244 2063 ιη
2275 2000 2354 2068 τῷ
2383 1995 2654 2071 κριτηρίῳ
2686 1998 2885 2054 Λυσίου
2913 2003 3011 2053 τοῦ
3039 1995 3252 2064 δουκός.
3287 2001 3384 2055 Καὶ
3416 2001 3781 2078 ὁμολογήσας

359 2102 451 2151 ter
481 2113 542 2151 se
573 2103 919 2168 Opponeret,
951 2114 1300 2170 suspensus,
1333 2098 1529 2152 nervis
1555 2095 1796 2152 bubulis
1827 2095 1950 2152 eaad

2198 2083 2396 2162 ῥρησιᾳ
2423 2085 2516 2141 τὸν
2546 2087 2801 2162 Χριστὸν,
2833 2088 2922 2142 καὶ
2975 2089 3074 2157 τὴν
3111 2088 3323 2161 πλάνην
3383 2089 3624 2166 ἐλέγξας,
3678 2095 3784 2150 καὶ

357 2191 472 2252 tur,
507 2186 567 2241 in
599 2186 883 2242 lateribus
927 2186 1270 2254 dilaniatur,
1313 2186 1663 2257 facibusque
1708 2185 1945 2241 aduritu

2192 2197 2198 2225 ι
2254 2173 2424 2246 Λυσίᾳ
2480 2174 2915 2249 ἀντιταξάμενος,
2971 2177 3318 2252 κρεμασθεὶς,
3379 2177 3580 2258 ἐτύφθη
3634 2184 3783 2255 μετᾶ

356 2277 496 2330 Post
525 2275 650 2331 haec
680 2276 752 2330 de
787 2276 905 2331 alto
939 2293 1108 2331 muro
1140 2275 1545 2347 suspenditur,
1570 2275 1801 2330 vinctus
1833 2274 1947 2330 fun:

2193 2263 2428 2339 υνεύρων
2464 2308 2478 2334 ,
2563 2263 2653 2319 καὶ
2737 2263 2934 2338 ξεσθεὶς
3019 2267 3115 2329 τὰς
3191 2266 3416 2342 πλερὰς,
3475 2270 3563 2325 καὶ
3627 2269 3784 2345 λαμ-

356 2362 489 2431 bus,
522 2363 773 2434 pedibus
803 2363 1139 2435 ingentium
1195 2379 1474 2418 saxorum
1521 2362 1677 2418 mole
1717 2362 1947 2419 onerati

2189 2349 2677 2429 ἱσικαταφλεχθεὶς
2737 2351 3047 2427 ἐκρεμάσθη
3102 2351 3195 2409 ἐπὶ
3249 2353 3468 2432 τείχους
3529 2356 3780 2432 ὑψηλοῦ,

357 2451 751 2523 manibusque
773 2457 908 2522 post
929 2457 1158 2524 tergum
1180 2451 1490 2518 revinctis;
1515 2451 1736 2523 diuque
1759 2468 1948 2523 suspei

2188 2442 2388 2516 civici:
2421 2438 2609 2507 δεθείς
2641 2441 2730 2497 καὶ
2762 2440 3036 2517 ἐδεσμήθη
3087 2443 3214 2508 τοὺς
3261 2443 3432 2508 πόδας
3463 2445 3638 2510 λίθοις
3670 2471 3779 2522 με-

359 2555 481 2608 sus,
529 2539 871 2594 verberibus
925 2539 1195 2606 caaditur,
1257 2540 1451 2612 quoad
1508 2541 1671 2595 nervi
1726 2557 1950 2596 saxorui

2178 2527 2333 2603 ἱλοις,
2367 2527 2652 2604 δεδεμένος
2677 2532 2760 2586 κεὶ
2799 2533 2896 2594 τὰς
2955 2537 3146 2607 χεῖρας
3201 2534 3400 2594 ὀπίσω.
3463 2535 3580 2590 Ἐπὶ
3615 2536 3769 2594 πολὺ

357 2627 515 2683 mole
540 2627 724 2684 luxati
753 2633 910 2695 sunt,
949 2644 1016 2684 ac
1071 2629 1342 2684 membra
1391 2629 1700 2684 dissoluta.
1757 2629 1948 2685 lnteri:

2176 2620 2564 2693 κρεμάμενος,
2597 2619 2688 2675 καὶ
2743 2625 2863 2683 ταῖς
2913 2619 3152 2698 πληγαῖς
3211 2620 3622 2699 δαπαγώμενος,
3669 2625 3767 2681 καί

353 2717 472 2774 Deo
497 2717 716 2789 gratias
757 2733 938 2790 agens
967 2723 1143 2790 atque
1175 2735 1376 2790 orans,
1434 2717 1590 2772 inter
1651 2717 1944 2790 gravissim

2176 2714 2195 2780 ii
2228 2710 2380 2786 βάρει
2408 2714 2518 2766 τῶν
2550 2708 2719 2766 λίθων
2750 2712 2818 2766 τὰ
2873 2715 3030 2786 νεῦρα
3090 2711 3511 2789 διατεινόμενος,
3543 2716 3636 2772 καὶ
3663 2737 3767 2773 κο-

351 2811 649 2862 tormenta
679 2806 954 2876 decessit,
1014 2808 1078 2864 in
1135 2824 1348 2865 manus
1395 2807 1498 2864 Dei
1531 2807 1806 2880 spiritum
1838 2823 1942 2864 con

2174 2793 2394 2872 ιόμενος
2425 2799 2747 2877 ηὐχαρίστει
2777 2805 2857 2874 τῷ
2903 2805 3038 2876 Θεῷ,
3097 2803 3188 2858 καὶ
3243 2805 3615 2882 προσηύχετο.
3668 2808 3765 2863 Καὶ

361 2895 678 2954 mendum.
2117 2886 2260 2944 οὕτω
2293 2893 2502 2966 πικρῶς
2529 2891 2866 2965 βασανισθεὶς
2896 2889 3260 2965 ἐτελεύτησεν,
3303 2892 3383 2959 εἷς
3409 2899 3604 2971 χεῖρας
3635 2899 3773 2952 Θεοῦ

2111 2977 2175 3034 τὸ
2204 2981 2416 3053 πνεῦμα
2445 2983 2610 3035 αυτοῦ
2638 2981 3037 3055 παραθέμενος.

911 3076 1154 3134 EODEM
1203 3077 1455 3135 MENSE.

2674 3070 2857 3128 MHNI
2887 3076 2978 3149 Σᾳ
3006 3076 3199 3151 ΔΥΤῼ.

995 3194 1099 3250 Die
1129 3193 1362 3251 decima
2916 3191 2954 3244 Γ

562 3308 658 3366 27
701 3308 1025 3366 Commemm
1039 3313 1153 3366 atio
1192 3309 1374 3366 sancti
1403 3309 1782 3381 Baripsabbaz.
2031 3281 2074 3348 (ἶ

2031 3281 2074 3348 C
2460 3305 2670 3380 Μνήμη
2701 3308 2800 3361 τοῦ
2852 3305 3012 3384 ἁγίου
3067 3301 3409 3384 Βαριψαϐϐἆ.

415 3427 539 3492 Quo
571 3432 839 3500 tempore
867 3429 1053 3485 Judaei
1075 3445 1182 3502 per
1212 3429 1494 3486 invidiam
1522 3428 1833 3486 Dominum
1855 3444 1996 3483 nos—

2178 3419 2327 3477 Κατᾶ
2351 3420 2444 3476 τὸν
2463 3421 2653 3496 καιρὸν
2683 3423 2774 3478 ὅτε
2817 3422 2871 3478 οἱ
2920 3419 3197 3491 Ἰουδαῖοι,
3253 3420 3343 3480 διὰ
3399 3427 3618 3502 φθόνον,
3651 3429 3745 3484 τὸν

342 3521 501 3574 trum
530 3519 731 3574 Jesum
761 3519 1056 3576 Christum
1092 3521 1251 3577 cruci
1273 3520 1540 3589 afﬁxere,
1581 3519 1833 3576 Iacobus
1863 3534 1933 3590 qu

2159 3508 2303 3585 ύριον
2358 3511 2520 3582 ἡμῶν
2574 3511 2788 3581 Ἰησοῦν
2838 3511 3074 3585 Χριστὸν
3129 3511 3486 3587 ἐσταύρωσαν,
3543 3515 3614 3584 ἦν
3662 3537 3750 3581 τις

345 3602 482 3658 dam
514 3611 715 3662 astans
741 3608 924 3677 cruci,
959 3625 1091 3664 cum
1112 3607 1356 3664 vidisset
1387 3607 1636 3662 militem
1674 3609 1884 3663 lancea
1915 3605 1935 3660 l

2161 3593 2363 3661 ικωϐος
2396 3595 2590 3672 ὄνομα,
2637 3600 2918 3674 παρεστὼς
2969 3605 3050 3674 τῷ
3110 3605 3342 3676 σταυρῷ.
3401 3603 3584 3666 Ὀστις
3615 3602 3752 3661 ἰδὼν

341 3695 438 3746 tus
464 3693 697 3748 Domini
725 3694 1077 3766 perforasse,
1098 3696 1308 3752 etinde
1341 3695 1691 3768 sanguinem
1707 3699 1931 3766 etaqua

2154 3708 2192 3743 »ν
2248 3688 2610 3764 στρατιώτην,
2668 3690 2761 3744 τὸν
2813 3686 3200 3761 ἐκκεντῆσαντα
3277 3690 3410 3764 μετᾶ
3463 3696 3561 3748 τοῦ
3611 3713 3745 3748 κον-

340 3780 653 3851 prodiisse,
682 3799 1024 3850 accurrens,
1059 3783 1366 3840 cucurbita
1395 3784 1726 3856 pretiosum
1758 3799 1931 3855 sangu

2161 3777 2290 3854 ιρίου
2335 3778 2434 3847 τὴν
2489 3779 2728 3851 πλευρὰν
2783 3781 2880 3834 τοῦ
2948 3778 3153 3856 Κυρίου
3187 3827 3200 3852 ,
3250 3781 3351 3850 τῆν
3411 3775 3752 3840 ἐκϐλύσασαν

341 3885 480 3924 nem
512 3871 762 3943 excepit,
797 3877 972 3943 atque
1015 3873 1173 3945 apud
1221 3889 1282 3929 se
1313 3872 1647 3941 occultavit,
1698 3872 1932 3943 illumqi

2164 3887 2233 3940 μα
2259 3865 2350 3922 καὶ
2381 3864 2551 3943 ὕδωρ,
2597 3863 2821 3941 δραμὼν
2881 3863 3045 3924 ἔλαϐε
3099 3867 3460 3940 καλόκυνθαν,
3504 3871 3598 3926 καὶ
3629 3869 3755 3929 ἐδί-

340 3958 450 4014 sub
484 3965 816 4016 extremum
845 3962 977 4018 vita)
1030 3979 1150 4018 sua:
1199 3967 1434 4036 tempus
1465 3961 1694 4018 duobus
1726 3961 1931 4018 eremit

2163 3977 2221 4013 το
2255 3957 2306 4013 ἐν
2337 3956 2473 4033 αὕτη
2502 3957 2564 4013 τὸ
2595 3958 2779 4032 τίμιον
2829 3960 2986 4031 αἷμα,
3016 3957 3108 4013 καὶ
3137 3965 3360 4035 κατεῖχε
3407 3960 3606 4039 κρύφα.
3638 3961 3754 4019 Καὶ

336 4047 600 4119 reliquit.
625 4052 815 4123 Atque
832 4050 916 4107 ita
938 4069 1044 4124 per
1060 4068 1271 4108 manus
1289 4052 1570 4124 deinceps
1595 4050 1844 4107 traditus
1855 4067 1927 4122 po

2162 4044 2362 4103 λευτῶν
2412 4044 2698 4102 κατέλιπεν
2753 4047 2885 4101 αὐτὸ
2941 4043 3038 4101 δὺο
3069 4045 3358 4122 ἐρημίταις
3413 4049 3753 4125 ἀνθρώποις,

337 4138 558 4195 multas
591 4145 794 4198 aetates
827 4143 1098 4215 pervenit
1147 4142 1208 4198 in
1265 4147 1618 4215 potestatem
1672 4141 1920 4214 cujusda

2161 4137 2198 4192 ιί
2239 4135 2376 4192 κατὰ
2401 4135 2586 4212 γενεὰν
2640 4133 2807 4204 ἦλθεν
2861 4132 2938 4196 είς
2991 4131 3276 4211 ἄνθρωπον
3335 4133 3543 4210 εὐλαϐῆ
3581 4161 3752 4214 μονα-

336 4226 421 4298 pii
453 4230 754 4300 monachi,
804 4232 1180 4304 Baripsabbae
1239 4233 1503 4301 nomine,
1528 4233 1629 4305 qui
1678 4247 1784 4304 per
1812 4231 1921 4287 illu

2160 4246 2224 4298 ιν,
2257 4223 2482 4298 ὀνόματι
2513 4217 2885 4298 Βαριψαϐϐἆν,
2915 4223 3009 4280 τὸν
3040 4221 3111 4280 δι’
3133 4225 3297 4282 αὐτοῦ
3328 4225 3544 4292 πολλὰς
3575 4228 3751 4296 ἰάσεις

334 4315 538 4388 plures
565 4321 903 4376 curationes
932 4321 1270 4394 peragebat.
1304 4324 1636 4393 Antequam
1655 4326 1853 4377 autem
1881 4319 1925 4376 di

2154 4316 2489 4372 τιτελέσαντα.
2547 4314 2660 4391 Πρὸ
2715 4312 2772 4370 δὲ
2825 4321 2928 4386 τῆς
2982 4315 3240 4389 τελευτῆς
3293 4318 3478 4391 αὐτοῦ,
3550 4315 3745 4380 λαϐὼν

332 4407 587 4478 cederet,
621 4415 894 4466 sanctum
943 4413 1302 4484 sanguinem
1331 4428 1454 4467 una
1482 4429 1616 4467 cum
1677 4409 1919 4466 cucurbi

2151 4405 2227 4460 31:6
2281 4404 2344 4460 τὸ
2402 4405 2552 4480 ἅγιον
2607 4405 2765 4478 αἷμα,
2829 4406 2965 4478 μετὰ
3017 4412 3118 4476 τῆς
3167 4405 3530 4479 κολοκύνθης,
3582 4429 3742 4486 περι-

330 4498 653 4569 accipiens,
684 4505 870 4556 totam
901 4502 1110 4558 urbem
1135 4502 1558 4574 regionemque
1589 4501 1753 4558 illam
1775 4501 1921 4556 oban

2151 4494 2274 4549 τάτει
2304 4493 2441 4549 κατὰ
2465 4497 2636 4549 πᾶσαν
2695 4493 2856 4550 πόλιν
2904 4495 2995 4550 καὶ
3053 4496 3241 4573 χώραν
3290 4503 3742 4574 θαυματουργῶν.

328 4584 596 4654 bulabat,
624 4587 962 4659 frequentia
991 4596 1340 4663 perpetrans
1393 4591 1701 4647 miracula.
1735 4592 1861 4657 Qua
1914 4608 1919 4645 1

2152 4582 2322 4646 Ξόντες
2345 4580 2402 4638 δὲ
2430 4581 2590 4638 αὐτόν
2618 4604 2760 4647 τινες
2791 4585 2883 4640 τὸν
2941 4585 3070 4641 Θεὸν
3136 4588 3211 4660 μὴ
3266 4583 3621 4665 φοϐούμενοι,
3648 4589 3743 4644 καὶ

333 4674 766 4745 animadversa,
801 4679 1044 4749 quidam
1093 4681 1279 4736 Deum
1329 4681 1576 4736 minime
1608 4681 1888 4736 timentes
1918 4681 1924 4734 i

2151 4671 2432 4746 ημίσαντες,
2491 4673 2598 4741 ὅτι,
2657 4671 2744 4728 ἐὰν
2803 4673 2965 4730 αὐτὸν
3015 4674 3335 4752 φονεύσωσι,
3395 4676 3482 4730 καὶ
3528 4671 3742 4733 λαϐωσι

335 4778 466 4817 eam
497 4781 663 4835 spem
695 4773 1005 4835 venerunt,
1038 4773 1104 4823 ut
1139 4769 1210 4838 si,
1244 4769 1606 4842 Baripsabba
1644 4769 1926 4826 interfecta

2148 4784 2187 4832 ιν
2245 4760 2581 4826 κολόκυνθαν
2645 4761 2781 4836 μετὰ
2842 4767 2940 4818 τοῦ
2997 4762 3188 4835 τιμίου
3244 4763 3493 4836 αἳματος,
3539 4759 3739 4838 κερδήο

330 4853 666 4923 potirentur
696 4853 809 4926 ipsi
840 4857 1148 4912 cucurbita
1179 4875 1315 4913 cum
1347 4859 1607 4930 pretioso
1640 4859 1921 4930 sanguine

2151 4872 2245 4907 ιυσι
2277 4851 2542 4927 χρήματα
2598 4849 2808 4922 πολλὰ,
2865 4853 3055 4916 νυκτὸς
3113 4850 3440 4916 ἀπελθόντες
3489 4851 3742 4907 ἀπέκτει-

331 4955 613 5012 magnum
636 4941 773 4998 inde
797 4949 1090 5014 quaestum
1121 4952 1322 5002 essent
1342 4946 1574 5003 facturi.
1598 4946 1781 5017 Igitur
1794 4951 1922 5002 noct

2145 4961 2204 4998 ιν.
2240 4941 2338 4999 Καὶ
2369 4935 2569 4997 ἔλαϐον
2591 4942 2693 5011 τήν
2725 4939 3084 5014 κολόκυνθαν,
3122 4939 3312 5015 μηδὲν,
3343 4943 3416 4997 ὧν
3468 4939 3736 5014 ἤλπισαν,

329 5028 502 5084 illum
535 5030 725 5086 adorti
765 5033 1155 5091 interﬁciunt.
1214 5038 1286 5091 Et
1331 5036 1698 5092 cucurbitam
1729 5035 1920 5107 quidei

2091 5029 2361 5104 εὑρόντες.
2393 5029 2496 5088 Καὶ
2522 5028 2687 5104 οὕτω,
2720 5030 2914 5103 θανὼν,
2942 5028 3224 5106 παρέδωκε
3251 5031 3314 5088 τὸ
3342 5035 3573 5107 πνεῦμα.

328 5125 713 5191 acceperunt;
736 5123 839 5178 sed
861 5124 1014 5180 nihil
1038 5142 1264 5192 eorum,
1289 5142 1418 5196 quae
1449 5123 1788 5197 sperabant,
1816 5125 1978 5180 inve-

327 5215 562 5266 nerunt.
597 5211 702 5268 Ille
733 5228 868 5268 vero
894 5213 977 5269 ita
1008 5214 1354 5283 trucidatus,
1391 5213 1666 5286 spiritum
1687 5213 1967 5272 reddidit.

970 5327 1191 5386 Eodem
1231 5327 1325 5385 die

2653 5329 2735 5400 Τῇ
2781 5322 2917 5402 αὐτῇ
2962 5324 3161 5406 ἡμέρᾳ·

323 5430 424 5490 28
455 5433 739 5490 Certamen
775 5442 1093 5492 sanctarum
1139 5443 1450 5506 martyrum
1477 5440 1528 5490 et
1556 5450 1807 5491 sororum
1853 5437 1914 5492 Η.

568 5525 792 5563 nnﬂrwm
853 5525 1248 5563 Nalmnhnr’nrm
1279 5531 1330 5563 of
1382 5524 1700 5563 Malmnﬂnrm

2140 5430 2363 5525 ιθλ·τ,σις
2387 5436 2494 5488 τῶν
2529 5432 2691 5563 ar}le
2727 5433 3019 5532 μαρτύρων
3049 5439 3140 5494 καὶ
3172 5437 3524 5515 αὐταδέλφων
3548 5443 3731 5512 Μηνο-

2295 5502 2494 5563 δωρας.
2595 5505 2952 5563 υμιοοδωοας.
2980 5511 3071 5563 καὶ
3115 5508 3511 5563 Μητροδώοαε.

568 5525 814 5597 nodorce,
845 5525 1248 5597 Nymphodarae
1279 5502 1330 5580 et
1375 5524 1722 5583 Metrodore.

2255 5502 2264 5506 ’
2295 5502 2494 5580 δώρας,
2543 5502 2952 5583 Νυμφοδώρας,
2980 5511 3071 5564 καὶ
3115 5502 3510 5588 Μητροδώρας.

391 5648 729 5718 Menodora,
781 5649 1220 5721 Nymphodora,
1253 5655 1312 5705 et
1350 5648 1679 5706 Metrodora
1733 5665 1968 5706 sorores

2153 5643 2215 5698 Ἦ
2241 5639 2446 5718 μάρτυς
2479 5641 2812 5722 Μηνοδώρα,
2875 5645 3012 5720 μετὰ
3065 5641 3452 5724 Νυμφοδώρας
3481 5645 3573 5702 καὶ
3604 5652 3733 5719 Μη-

320 5742 636 5810 martyres,
677 5754 749 5796 ex
776 5739 1018 5810 regione
1062 5739 1374 5813 Bithynius,
1398 5739 1751 5796 Maximiano
1781 5739 1911 5814 imp

2149 5729 2362 5810 όδώρας
2413 5735 2523 5789 τῶν
2572 5730 2826 5816 ἀδελφῶν
2858 5735 3026 5810 αὐτῆς
3060 5737 3298 5813 ύπῆργεν
3355 5735 3442 5794 ἐπὶ
3490 5743 3592 5810 τῆς
3642 5737 3739 5813 βα-
