4042 6206
159 360 213 415 ll
1606 349 2097 414 SEPTEMBER.

3488 353 3566 412 49

156 484 332 545 πελείας
354 483 746 555 Μαξιμιανοῦ,
796 482 862 538 ἐκ
913 490 1013 553 τῆς
1072 483 1255 558 χώρας
1314 484 1586 552 Βιθυνίας,
1617 504 1844 549 κατοι-⁴

1958 492 2113 554 ante,
2146 486 2406 541 fuerunt.
2439 485 2795 541 Habitabant
2822 491 3015 542 autem
3067 485 3128 541 in
3185 485 3433 558 Pythiis,
3465 484 3571 540 ubi

156 580 297 628 κςῦσα
350 572 402 626 ἐν
461 577 587 634 τοῖς
647 572 908 645 πυθίοις,
967 569 1091 627 ἔνθα
1145 573 1211 628 τὰ
1269 572 1444 648 θερμᾶ
1500 572 1815 648 ἐξέρχονται

160 662 313 719 ῧδατα.
367 663 469 718 Τὸν
536 664 795 736 Χριστὸν
849 660 907 716 δὲ
968 663 1272 738 ἀγαπῶσαι,
1303 661 1391 716 καί
1438 661 1528 717 ἐπὶ
1581 667 1662 733 τῷ
1694 661 1817 714 ὀνό-

164 775 263 823 ματι
292 752 457 806 αὐτοῦ
482 751 626 815 τοὺς
660 751 960 821 ’Έλληνας
1014 749 1389 821 διδάσκουσαι,
1419 751 1817 826 ἐκρατήθησαν,

163 843 278 909 παρὰ
324 844 420 894 τοῦ
477 847 586 909 τῆς
664 842 873 915 χώρας
933 842 1224 915 ἄρχοντος.
1286 840 1382 894 Καὶ
1440 840 1818 912 ἐρωτηθεῖσαι,

168 930 507 1003 ὡμολόγησαν
542 931 644 984 τὸν
702 931 969 1002 Χριστόν.
999 931 1095 984 Διά
1124 935 1287 984 τοῦτο
1317 931 1573 985 τύπτεται
1603 933 1822 1004 πρῶτον

166 1022 190 1086 ἡ
238 1021 416 1090 πρώτη
476 1016 714 1090 ἀδελφὴ
790 1015 1123 1093 Μηνοδώρα’
1185 1019 1275 1073 καὶ
1335 1013 1560 1093 ῥάϐδοις
1611 1014 1821 1089 συντρί-

167 1107 289 1161 ϐεται
342 1109 407 1161 τὰ
470 1104 653 1176 σκέλη
734 1106 912 1175 αὐτῆς
947 1149 962 1165 .
1018 1107 1119 1163 Καὶ
1198 1103 1342 1162 οὕτω
1397 1106 1820 1183 προσευχομένη

168 1196 451 1266 ἐτελειώθη.
518 1198 848 1270 Ηροσὲταξε
905 1194 964 1250 δὲ
993 1198 1021 1250 ὁ
1054 1196 1240 1271 ἅρχων
1273 1198 1495 1265 τεθῆναι
1525 1197 1587 1251 τὸ
1620 1194 1821 1268 λείψα-

168 1308 241 1339 νον
294 1284 453 1353 αὐτῆς
502 1282 841 1357 ἔμπροσθεν
872 1288 979 1337 τῶν
1014 1284 1202 1339 ἄλλων
1264 1282 1542 1350 ἀδελφῶν,
1573 1285 1710 1359 πρὸς
1762 1282 1824 1336 τὸ

171 1368 453 1447 ἐκοοὸῆσαυ
488 1373 587 1426 καὶ
624 1374 757 1427 εἶπε
807 1372 946 1446 πρὸς
1005 1371 1187 1434 αὑτάς·
1247 1373 1450 1427 Θῦσατε
1504 1377 1621 1433 τοῖς
1679 1375 1823 1434 θεοῖς

173 1462 243 1515 ἴνα
271 1463 339 1533 μὴ
367 1463 432 1516 τά
460 1462 644 1533 ὅμοια
676 1465 759 1534 τῇ
793 1460 1007 1538 ἀδελφῇ
1040 1462 1195 1534 ὑμῶν
1243 1461 1469 1532 πάθητε.
1519 1462 1607 1522 Ὦς
1640 1458 1698 1514 δὲ
1728 1459 1827 1514 οὐκ

180 1548 375 1619 ἔπεισεν,
404 1550 668 1606 ἐκέλευσε
721 1555 850 1612 τοῖς
909 1548 1132 1623 δημίοις
1179 1550 1270 1605 καὶ
1330 1552 1493 1612 αὑτὰς
1550 1550 1824 1628 φονεῦσαι,

187 1639 469 1701 Καιεῦθέως
531 1634 821 1700 λαϐόντες
883 1640 936 1693 o't
995 1637 1187 1711 δήμιοι
1246 1638 1495 1713 μοχλοὺς
1545 1637 1826 1714 σιδηροῦς,

202 1729 465 1800 συνετριψαν
496 1728 692 1782 πάντα
755 1727 826 1781 τά
871 1725 1014 1799 μέλη
1047 1728 1245 1784 αὐτῶν.
1280 1729 1377 1782 Καὶ
1428 1726 1570 1782 οὕτω
1599 1727 1828 1781 τελειω-

1923 577 2128 631 calidw
2162 576 2457 647 prodeunt
2490 592 2655 646 aqua:
2711 578 2855 630 Cum
2875 594 3007 631 vero
3038 577 3342 631 Christum
3372 575 3574 645 dilige-

1924 671 2077 733 rent,
2110 672 2287 735 atque
2313 666 2371 719 in
2400 667 2527 737 ejus
2547 666 2785 720 nomine
2802 667 3030 719 Grmcos
3055 665 3392 729 edocerent,
3416 682 3578 718 com-

1923 756 2234 827 prehensas
2265 773 2299 810 a
2345 754 2602 825 regionis
2648 753 2898 824 praaside
2948 758 3124 823 atque
3184 755 3580 825 interrogata),

1927 846 2226 900 Christum
2260 845 2538 916 professm
2586 850 2759 909 sunt.,
2799 843 3192 907 Quamobrem
3244 843 3579 911 Menodora,

1929 951 2199 989 sororum
2222 938 2364 988 natu
2379 933 2658 999 maxima,
2675 933 2931 1003 primum
2952 931 3130 1003 virgis
3148 930 3414 996 caeditur,
3431 932 3481 1002 ej
3494 948 3584 984 us-

1929 1041 2041 1095 que
2074 1040 2248 1079 crura
2269 1022 2720 1078 contunduntur
2743 1038 2755 1075 :
2781 1027 2956 1091 atque
2979 1021 3061 1074 ita
3077 1035 3275 1085 orans,
3298 1018 3576 1073 decessit.

1929 1114 2107 1184 Cujus
2130 1112 2605 1183 reliquiasjussit
2629 1126 2847 1181 prmses
2874 1126 3073 1164 coram
3110 1108 3243 1162 aliis
3275 1107 3578 1162 sororibus

1929 1202 2168 1272 apponi,
2195 1206 2260 1255 ut
2291 1207 2577 1255 terrorem
2606 1200 2726 1254 illis
2758 1199 3051 1253 incuteret
3076 1214 3088 1250 :
3114 1196 3578 1264 hortabaturque

1929 1296 1995 1345 ut
2025 1290 2138 1345 diis
2170 1306 2337 1345 sacra
2366 1290 2650 1353 facerent,
2686 1304 2760 1342 ne
2794 1287 3001 1342 eadem
3033 1302 3164 1357 qum
3196 1302 3385 1349 soror,
3418 1290 3581 1355 pate-

1929 1386 2153 1435 rentur.
2190 1380 2302 1434 Sed
2334 1396 2469 1434 cum
2520 1378 2671 1433 nihil
2720 1376 2973 1433 dicendo
3034 1376 3318 1442 efﬁceret,
3362 1391 3584 1445 prmce-

1934 1472 2021 1543 pit
2052 1470 2358 1525 lictoribus
2390 1475 2453 1524 ut
2485 1475 2543 1523 et
2573 1469 2731 1539 ipsas
2783 1466 3143 1522 occiderent.
3175 1466 3281 1531 Qui
3335 1464 3589 1535 arreptis

1936 1559 2362 1615 statimferreis
2390 1557 2674 1624 vectibus,
2709 1557 2909 1612 omnia
2929 1572 3131 1611 earum
3158 1554 3425 1609 membra
3450 1570 3590 1607 con-

1936 1648 2237 1704 tuderunt.
2284 1650 2474 1717 Atque
2530 1647 2614 1701 ita
2672 1645 3022 1715 martyrium
3082 1648 3590 1708 consummantes,

1937 1738 2184 1809 sepulta)
2218 1742 2357 1792 sunt
2397 1753 2579 1809 prope
2625 1734 2849 1791 calidas
2893 1750 3100 1805 aquas,
3135 1732 3342 1788 multis
3374 1732 3597 1787 sanita-

205 1815 361 1880 θεῑσαι,
390 1815 667 1894 ἐτάφησαν
704 1814 953 1885 πλησίον
985 1820 1090 1869 τῶν
1121 1821 1336 1892 θερμῶν
1369 1814 1577 1872 ὗδάτων
1615 1859 1629 1886 ,
1663 1816 1830 1877 ἰάσεις

1958 1845 2062 1883 .em
2090 1826 2489 1883 restituentes.

190 1904 526 1967 ἐπιτελοῦσαι.

738 2013 917 2069 MHNI
969 2014 1055 2088 Τῼ
1085 2015 1283 2091 arra.

967 2119 1055 2176 IA‘

185 2222 447 2294 Ἀθλησις
543 2229 661 2279 τῶν
749 2224 916 2302 ἁγίων
1010 2224 1296 2301 μαρτύρων

1395 2226 1673 2305 Διοδώρου
1751 2242 1843 2299 καὶ

881 2328 1143 2404 Διδύμου.

267 2433 573 2508 Διόδωρος,
625 2438 707 2491 καί
745 2435 994 2510 Δίδυμος,
1029 2440 1079 2492 οἱ
1139 2444 1234 2494 τοῦ
1286 2444 1520 2515 Χριστοῦ
1553 2445 1844 2520 μάρτυρες,

191 2527 446 2601 ὑπῆρχον
481 2528 578 2600 μὲν
614 2527 670 2581 ἐκ
696 2535 792 2596 τῆς
821 2528 1041 2590 πόλεως
1076 2528 1396 2593 Λαοδικείας
1455 2536 1554 2605 τῇς
1617 2535 1839 2607 Συρίας.

192 2617 495 2685 Χριστιανοί
558 2615 613 2671 δὲ
665 2615 836 2686 ὄντες,
897 2616 1173 2673 ἐδίδασκον
1233 2622 1435 2682 πάντας
1492 2620 1581 2676 ἐπὶ
1608 2627 1688 2694 τῷ
1719 2624 1840 2679 ὁνό-

196 2727 310 2775 ματι
338 2707 547 2781 Κυρίου
604 2711 701 2761 τοῦ
746 2715 882 2762 Θεου
912 2711 1095 2780 ἡμῶν,
1126 2714 1224 2763 τοῦ
1255 2712 1584 2779 ποιήσαντος
1615 2714 1705 2767 τὸν
1748 2713 1839 2767 οὐ·

195 2797 342 2868 ρανὸν
399 2799 489 2851 καὶ
548 2800 649 2867 τήν
704 2804 827 2873 γῆν,
882 2801 975 2852 καὶ
1031 2802 1206 2854 πάντα
1260 2801 1329 2855 τὰ
1385 2800 1436 2855 ἐν
1486 2800 1691 2865 αὐτοῖς.
1742 2804 1840 2858 Καὶ

196 2884 432 2950 πολλοὺς
502 2893 616 2942 τῶν
707 2889 950 2942 ἀπίστων
1026 2886 1461 2966 ἐπιστρέφοντες,
1532 2888 1837 2966 ἐϐάπτιζον.

199 2971 585 3045 Διαϐληθὲντες
619 2975 677 3031 δὲ
706 2978 852 3051 παρὰ
881 2981 986 3031 τῶν
1021 2973 1294 3032 δυσσεϐὧν
1330 2980 1613 3051 Ἑλλήνων
1646 2987 1724 3055 τῷ
1745 2991 1844 3054 τῆς

200 3064 512 3131 Λαοδικείας
572 3066 839 3141 ἄρχοντι,
896 3067 1237 3141 παρέστησαν
1283 3072 1363 3140 τῷ
1415 3072 1687 3148 χριτηρίῳ
1743 3072 1842 3128 αὖ·

199 3159 333 3213 τοῦ,
386 3156 482 3209 Καὶ
546 3156 957 3230 ἐρωτηθέντες,
1027 3159 1113 3210 καὶ
1194 3157 1417 3221 ἑαυτοὺς
1486 3164 1840 3234 Χριστιανοὺς

203 3241 683 3319 ὁμολογήσαντες,
744 3243 988 3317 ἰσχυρῶς
1046 3243 1370 3323 ἐτύφθησαν.
1434 3249 1557 3304 Ἐπὶ
1608 3250 1751 3305 πολὺ
1784 3251 1841 3308 δὲ

202 3335 594 3407 τιμωρηθέντες
632 3377 646 3402 ,
704 3334 791 3387 καὶ
850 3333 941 3386 τὸν
1003 3335 1230 3408 Χριστὸν
1290 3337 1367 3408 μὴ
1416 3336 1840 3414 ἀρνησάμενοι,

208 3419 340 3475 ἀλλὰ
399 3422 612 3494 μᾶλλον
665 3423 765 3491 τὴν
822 3426 928 3475 τῶν
988 3419 1233 3477 εἶδώὶων
1314 3424 1523 3496 πλάνην
1582 3427 1843 3505 ἀνδρείως

211 3507 507 3583 ἐλέγξαντες
542 3555 556 3579 ,
612 3510 701 3564 καὶ
760 3510 852 3564 τὸν
906 3508 1147 3584 ἄρχοντα
1180 3555 1195 3583 ,
1252 3513 1326 3567 ὡς
1379 3516 1718 3590 παράνομον,
1752 3520 1839 3573 καὶ

214 3605 381 3661 κακῶς
410 3601 708 3675 πράττοντα
769 3598 1145 3669 ὀνειδίσαντες,
1206 3604 1295 3657 καὶ
1354 3604 1428 3668 εἰς
1459 3608 1521 3661 τὸ
1552 3609 1845 3683 πρόσωπον

223 3688 381 3740 αὔτοῦ
418 3689 791 3759 ἐμπτύσαντες,
843 3690 916 3751 ὡς
970 3691 1061 3745 τὸν
1123 3690 1383 3762 ἀληθινὸν
1433 3698 1559 3751 Θεὸν
1619 3700 1850 3756 καταλι-

2504 2004 2743 2058 EODEM
2781 2002 3032 2056 MENSE.

2554 2092 2654 2145 Die
2676 2090 2992 2146 undecima

2021 2185 2120 2241 29
2154 2185 2436 2238 Certamen
2464 2187 2776 2236 sanctorum
2835 2185 3140 2248 martyrum
3182 2176 3428 2244 Diodori,
3474 2183 3526 2230 et

2653 2269 2894 2338 Didymi.

2023 2363 2313 2418 Diodorus
2340 2366 2398 2416 et
2428 2359 2731 2432 Didymus,
2767 2358 2983 2414 Christi
3014 2361 3327 2429 martyres,
3354 2372 3424 2410 ex
3453 2354 3600 2409 urbe

1952 2454 2130 2525 Syria)
2180 2450 2467 2507 Laodicea
2524 2448 2783 2504 fuerunt.
2841 2448 2985 2503 Cum
3045 2451 3243 2501 autem
3276 2443 3596 2499 Christiani

1951 2548 2170 2609 essent,
2203 2540 2498 2596 docebant
2537 2555 2744 2594 omnes
2804 2537 2863 2591 in
2931 2537 3173 2592 nomine
3234 2534 3463 2589 Domini
3497 2532 3598 2587 Dei

1952 2632 2161 2699 nostri,
2187 2632 2285 2702 qui
2320 2630 2459 2684 fecit
2477 2629 2689 2683 caelum
2716 2633 2773 2681 et
2796 2632 3036 2693 terram,
3069 2630 3129 2680 et
3157 2624 3359 2679 omnia
3385 2639 3516 2694 quae
3540 2622 3601 2677 in

1951 2722 2036 2775 eis
2060 2726 2226 2774 sunt:
2248 2718 2586 2788 multosque
2604 2715 2936 2770 inﬁdelium
2959 2718 3389 2778 convertentes,
3410 2710 3602 2781 bapti-

1950 2810 2179 2865 zabant.
2212 2807 2396 2861 Delati
2431 2806 2608 2877 igitur
2636 2804 2707 2859 ab
2731 2803 2930 2874 impiis
2963 2802 3177 2857 Graecis
3200 2800 3274 2855 ad
3297 2800 3598 2854 Laodicea)

1952 2897 2287 2971 praasidem,
2308 2894 2381 2949 ad
2399 2893 2559 2947 illius
2590 2892 2851 2946 tribunal
2872 2890 3287 2961 producuntur
3311 2906 3323 2943 :
3349 2889 3606 2943 interro-

1953 2989 2211 3061 gatique,
2245 3000 2379 3040 cum
2420 2999 2482 3038 se
2515 2983 2674 3054 ipsos
2730 2980 3097 3036 Christianos
3152 2980 3600 3051 proﬁterentur,

1954 3078 2168 3134 acriter
2191 3074 2573 3145 vapularunt;
2625 3072 2846 3142 diuque
2879 3070 3040 3137 torti,
3088 3085 3223 3124 cum
3254 3085 3373 3123 non
3407 3067 3603 3122 solum

1952 3168 2247 3223 Christum
2280 3180 2398 3219 non
2423 3162 2805 3233 abnegarent,
2836 3160 2938 3214 sed
2961 3159 3258 3214 idolorum
3282 3158 3461 3213 etiam
3489 3156 3604 3210 im-

1958 3262 2263 3329 posturam
2277 3256 2619 3308 constanter
2634 3246 3602 3321 reprehenderent,praasidemque

1957 3353 2022 3403 ut
2055 3345 2305 3416 impium
2337 3348 2394 3397 et
2423 3341 2698 3411 iniquum
2733 3338 3133 3403 traducerent,
3168 3337 3347 3405 inque
3381 3337 3507 3405 ejus
3538 3351 3605 3387 os

1959 3437 2335 3505 exspuerent,
2357 3430 2534 3500 quod,
2560 3429 2952 3481 verumDeum
2984 3427 3288 3490 deserens,
3320 3423 3607 3478 falsorum

1960 3525 2253 3580 idolorum
2279 3519 2471 3574 cultor
2502 3522 2657 3571 esset
2682 3534 2694 3581 ;
2722 3516 2783 3569 in
2816 3515 2959 3585 ipsis
3002 3512 3360 3569 cruciatibus
3390 3512 3609 3584 gratias

1960 3617 2222 3686 agentes,
2254 3608 2670 3676 Christumque
2704 3608 3032 3675 precantes,
3056 3602 3275 3658 mortui
3307 3606 3465 3658 sunt.

234 3777 531 3866 ’ἷξονταικαξ
566 3777 794 3866 ’ἔξευδέσιν
850 3776 1104 3841 εῗδώλοις
1153 3783 1569 3858 προσκείμενον⁶
1630 3789 2098 3866 εὐχαριστοῦντες,
2155 3787 2245 3842 καὶ
2275 3789 2353 3858 τῷ
2413 3785 2628 3859 Χριστῴ
2685 3784 3142 3859 προσευχόμενοι,
3175 3780 3227 3836 ἐν
3278 3780 3462 3843 αὐταῖς
3492 3785 3610 3842 ταῖς

239 3862 484 3936 βασάνοις
505 3864 763 3924 ἀπέθανον.

786 3961 870 4031 Τῇ
904 3957 1039 4032 αὖτῇ
1084 3961 1265 4033 ἡμέρᾳ

222 4051 470 4121 Ἀθλησις
508 4060 607 4122 τῆς
661 4055 810 4130 ἁγίας
846 4054 1118 4133 μάρτυρος
1177 4061 1310 4130 Ἶσις,
1369 4069 1468 4132 τῆς
1522 4063 1572 4119 ἐν
1630 4063 1847 4141 Περσίδι

804 4149 1247 4219 μαρτυρησάσης.

284 4232 466 4288 Ἡτοῦ
498 4235 730 4304 Χριστοῦ
785 4236 986 4309 μάρτυς
1040 4237 1121 4292 Ἱα
1154 4238 1397 4314 ὑπῆρχεν
1450 4241 1553 4295 ἀπὸ
1613 4244 1855 4321 Κάστρου

217 4320 516 4393 Ῥωμαϊκοῦ
547 4322 784 4393 πλησίον
826 4321 1166 4397 διακειμένου
1197 4335 1299 4397 τῆς
1356 4329 1547 4405 χώρας
1578 4332 1853 4406 Περσίδος·

224 4410 311 4464 ὑπὸ
352 4410 409 4466 δὲ
472 4406 757 4485 Σαῧωρίου
814 4418 911 4467 τοῦ
972 4414 1241 4487 βασιλέως
1301 4419 1522 4490 Ηερσῶν
1585 4419 1855 4495 ἐκρατήθη

220 4500 575 4575 αἰχμάλωτος
636 4502 769 4573 μετᾶ
830 4500 1099 4575 χιλιάδων
1148 4502 1292 4559 ἐννέα
1350 4509 1707 4582 Χριστιανῶν.
1755 4512 1858 4567 Καὶ

217 4586 594 4665 διαγνωσθεῖσα
628 4635 642 4659 ,
699 4590 780 4645 ὅτι
834 4592 927 4645 τὸν
979 4595 1207 4667 Χριστὸν
1269 4591 1478 4651 σέϐεται
1513 4642 1527 4667 ,
1582 4597 1855 4675 παρεδόθη

215 4685 310 4740 τοῖς
362 4678 734 4755 ἁρχιμάγοις,
774 4679 859 4733 ἐπὶ
890 4685 970 4752 τῷ
1018 4686 1423 4755 τιμωρηθῆναι.
1458 4686 1669 4749 ΟἳτιΛες
1704 4689 1861 4762 ἀναγ-

217 4764 461 4826 tisana:
502 4763 666 4831 αὐτὴν
735 4765 1066 4839 ἀρνήσασθαι
1123 4768 1214 4821 τὸν
1275 4770 1528 4843 Χριστὸν,
1591 4772 1653 4826 οὐ
1698 4772 1861 4845 μόνον

220 4852 298 4907 οὖκ
362 4850 604 4921 ἔπεισαν,
665 4852 810 4908 αλλὰ
866 4855 955 4908 καὶ
1012 4855 1482 4932 κατεγελάσοησαν
1538 4861 1626 4914 ὑπ’
1674 4862 1867 4931 αὐτῆς.

222 4943 303 4997 Δία
333 4947 502 4997 τοῦτο
560 4937 828 5014 ἐνεϐλήθη
862 4943 937 5005 εἷς
989 4944 1265 5023 φυλακην,
1324 4950 1521 5023 χρόνον
1555 4949 1865 5027 ὁλόκληρον

224 5035 285 5102 τῷ
348 5031 505 5102 λιμῷ
552 5031 1024 5104 καταπονουμένη.
1078 5037 1209 5089 Εἶτα
1257 5031 1587 5107 ἐκϐληθεῖσα
1642 5046 1739 5106 τῆς
1770 5062 1867 5116 φυ-

226 5117 413 5187 λακῆς,
477 5117 678 5194 ἐτΰφθη
743 5121 876 5190 μετὰ
935 5116 1171 5194 ράϐδίων
1224 5123 1421 5199 ῥοῖνων
1472 5126 1867 5202 ἀκαθαρίστων,

226 5209 311 5261 Καὶ
387 5207 553 5262 πάλιν
641 5206 1058 5264 ἀποκλεισθεῖσα
1139 5210 1226 5266 ἐπὶ
1312 5211 1597 5269 δεκαπέντε
1675 5218 1869 5287 μῆνας,

148 5336 149 5361 ξ
227 5298 570 5371 παρὲστητῷ
640 5298 906 5372 χριτηρίῳ
945 5303 1052 5353 τῶν
1114 5301 1467 5378 ἀρχιμάγων.
1526 5306 1628 5360 Καὶ
1663 5303 1874 5360 δεθεῖσα

232 5390 497 5463 σχοινίοις
533 5387 754 5448 λεπτοῖς
807 5389 901 5449 τὰς
928 5396 1114 5466 χεῖρας
1146 5394 1233 5446 καὶ
1261 5393 1385 5456 τοὺς
1420 5395 1631 5469 μηροὺς
1689 5396 1875 5450 καὶτὰ

234 5477 393 5547 σκέλη
448 5477 781 5554 συνεσφίχθη
846 5476 947 5531 ὑπὸ
997 5483 1309 5556 στυρακίου·
1342 5480 1443 5545 ἓως
1495 5485 1562 5539 τά
1621 5485 1749 5539 ὁστᾶ
1776 5484 1875 5539 αὖ·

232 5575 327 5637 τῆς
376 5567 603 5641 τρισμὸν
660 5566 943 5637 ἐποίησαν.
1002 5570 1105 5625 Καὶ
1154 5569 1320 5625 πάλιν
1380 5572 1580 5650 ἐτύφθη
1643 5571 1731 5628 διὰ
1762 5573 1877 5629 λω-

236 5658 361 5727 Γτίων
393 5650 733 5729 ὠμοϐύρσων
764 5656 860 5720 τὰς
889 5658 1025 5729 ψύας
1055 5658 1147 5713 καὶ
1203 5660 1302 5729 τήν
1334 5660 1571 5719 κοιλίαν.
1605 5664 1708 5720 Καὶ
1743 5666 1879 5737 μετὰ

234 5750 392 5799 ταῦτα
413 5744 830 5819 εὐχαριστοῦσα,
869 5742 958 5799 διὰ
987 5746 1174 5824 ξίφους
1200 5746 1413 5822 ἐτμήθη
1460 5750 1560 5819 τήν
1614 5750 1881 5830 κεφαλὴν,

504 5840 776 5927 ῬΑτιιοι..
824 5865 934 5926 Gn.
983 5864 1218 5927 CXVII.

2606 3964 2825 4018 Eodem
2856 3963 2951 4018 die

1959 4060 2061 4116 30
2092 4061 2375 4115 Certamen
2434 4060 2635 4110 sancta:
2684 4055 2945 4122 martyris
2975 4055 3069 4120 Ice,
3123 4068 3244 4122 quae
3296 4054 3355 4105 in
3389 4047 3609 4105 Perside

2491 4146 2835 4213 ’martyrium
2865 4143 3054 4198 subiit.

2037 4239 2100 4292 Ia
2130 4236 2347 4292 Christi
2386 4239 2612 4303 martyr
2644 4249 2712 4286 ex
2738 4233 2939 4287 Castro
2990 4234 3253 4285 Romano
3287 4229 3417 4293 fuit,
3450 4225 3608 4297 quod

1964 4329 2136 4397 juxta
2162 4326 2462 4395 regionem
2488 4322 2744 4376 Persidis
2769 4321 2945 4374 situm
2971 4324 3077 4372 est.
3103 4321 3145 4371 A
3175 4319 3390 4387 Sapore
3414 4320 3614 4368 autem

1973 4418 2285 4470 Persarum
2308 4428 2442 4482 rege
2457 4427 2575 4465 una
2592 4425 2724 4463 cum
2740 4424 2949 4462 novem
2972 4405 3235 4461 millibus
3256 4403 3619 4458 Christiano-

1969 4521 2099 4559 rum
2114 4502 2340 4573 captiva
2353 4499 2627 4565 abducta,
2642 4497 3059 4565 Christumque
3073 4492 3266 4548 colere
3289 4492 3620 4564 deprehen-

1973 4610 2057 4659 sa,
2089 4590 2340 4645 traditur
2372 4602 2675 4657 magorum
2715 4584 3189 4656 principibus,ut
3222 4587 3620 4653 torqueretur.

1976 4684 2021 4736 A
2055 4679 2270 4749 quibus
2310 4693 2441 4731 cum
2506 4674 2760 4728 deﬁcere
2792 4689 2826 4728 a
2854 4673 3084 4727 Christo
3144 4671 3624 4744 compelleretur,

1981 4786 2102 4824 non
2135 4766 2309 4821 modo
2334 4764 2407 4821 ad
2440 4763 2499 4819 id
2562 4762 2761 4818 induci
2790 4779 2908 4817 non
2935 4764 3144 4834 potuit,
3177 4760 3280 4816 sed
3310 4760 3507 4831 potius
3530 4771 3630 4813 eos

1981 4858 2207 4914 derisit.
2244 4854 2637 4922 Quamobrem
2670 4854 2730 4908 in
2783 4869 3079 4908 carcerem
3142 4852 3497 4917 detruditur,
3530 4848 3633 4904 ubi

1982 4966 2088 5021 per
2116 4964 2341 5003 annum
2375 4947 2669 5017 integrum
2704 4944 2856 4999 fame
2889 4947 3188 4998 macerata
3216 4947 3325 4997 est.
3352 4939 3573 4995 Deinde
3604 4952 3635 4991 ο

1984 5037 2253 5095 custodia
2283 5036 2516 5101 educta,
2550 5033 2931 5087 horrentibus
2963 5030 3257 5086 malorum
3289 5028 3639 5100 punicorum

1983 5127 2162 5198 virgis
2184 5125 2453 5189 caaditur,
2477 5127 2536 5177 et
2558 5138 2762 5175 rursus
2791 5120 3074 5175 custodias
3106 5118 3362 5173 traditur
3384 5115 3639 5186 quinde-

1980 5218 2095 5272 cim
2130 5216 2427 5269 mensium
2483 5211 2693 5282 spatio.
2731 5212 2941 5264 Postea
2973 5207 3257 5263 tribunali
3299 5206 3640 5277 principum

1981 5320 2289 5375 magorum
2320 5302 2549 5356 sistitur
2573 5317 2585 5366 ;
2613 5300 2862 5370 ejusque
2888 5314 3122 5363 manus,
3141 5297 3367 5373 femora
3392 5300 3449 5348 et
3470 5308 3644 5349 crura

1984 5393 2181 5449 hastili
2218 5391 2495 5447 tenuibus
2518 5389 2665 5444 adeo
2712 5388 2953 5441 funibus
2984 5387 3226 5441 astricta
3258 5391 3416 5445 sunt.
3450 5383 3639 5438 donec

1985 5482 2275 5553 crepitum
2307 5484 2366 5535 et
2397 5478 2715 5533 stridorem
2749 5476 2910 5531 illius
2942 5492 3079 5530 ossa
3112 5474 3370 5529 edidere.
3398 5473 3485 5527 Ad
3516 5474 3642 5525 hmc

1985 5573 2180 5628 nervis
2212 5569 2451 5625 bubulis
2506 5569 2567 5622 in
2626 5567 2844 5622 lumbis
2887 5571 2945 5620 et
2987 5571 3188 5621 ventre
3219 5564 3487 5620 cwditur.
3523 5562 3641 5613 De-

1990 5679 2152 5718 mum
2182 5660 2400 5733 gratias
2439 5675 2640 5731 agens,
2674 5657 2867 5728 gladio
2909 5655 3257 5712 decollatur.
