4030 6196
378 403 456 463 43
1567 402 1570 406 '
1694 371 2146 473 MENO‘LO‘GI‘If
2180 383 2388 476 PARS
2428 413 2482 478 1.
3708 431 3788 492 ιι

1031 539 1251 596 Eodem
1281 527 1375 595 die

389 647 480 702 31
523 637 969 704 Commemora‘tio
1007 631 1206 703 sancta:
1265 635 1561 703 Theodoro:
1611 633 2034 705 Alexandrinae.

459 755 672 811 Sancta
700 754 1004 811 Theodora
1024 754 1597 827 ﬂoruitimperatore
1627 757 1878 812 Zenone.
1904 760 2037 812 Haec

389 843 579 899 forma
600 844 838 916 insigni,
861 849 919 897 et
942 843 1305 915 locupletum
1324 851 1636 916 parentum
1657 845 1801 911 filia,
1817 862 2035 917 nupse-

391 938 483 988 rat
507 933 627 986 viro
655 932 754 1002 pio
772 949 838 987 ac
872 931 1104 988 timenti
1137 935 1345 988 Deum.
1372 935 1540 990 Dives
1562 940 1762 991 autem
1792 935 2038 1006 quidam

389 1039 523 1076 cum
555 1038 585 1075 a
617 1021 852 1075 diabolo
877 1028 1208 1078 commotus
1229 1023 1466 1079 arderet
1494 1025 1655 1080 illius
1686 1041 1908 1092 amore,
1932 1023 2039 1080 ad-

389 1109 577 1164 hibita
609 1111 766 1178 lena,
797 1111 988 1166 factus
1019 1117 1109 1167 est
1137 1113 1251 1167 voti
1285 1114 1376 1168 sui
1408 1130 1667 1185 compos.
1708 1116 1850 1170 Post
1875 1131 2036 1170 com-

391 1198 640 1252 missum
661 1205 971 1270 peccatum
992 1201 1306 1270 Tneodora,
1341 1218 1474 1256 cum
1502 1202 1639 1258 facti
1661 1203 1828 1258 illam
1856 1202 2040 1274 ι)ωηί-

391 1291 559 1354 teret,
581 1305 773 1359 neque
791 1289 1175 1360 ignominiam
1191 1292 1448 1362 perferre
1471 1297 1693 1364 posset,
1718 1299 1893 1348 exuta
1907 1307 2037 1347 mu-

390 1378 562 1433 liebri
596 1380 767 1447 stola,
801 1380 995 1436 induit
1024 1381 1253 1437 virilem
1287 1384 1567 1454 pauperis
1617 1383 1910 1448 habitum,
1941 1383 2036 1438 in-

391 1484 711 1540 gressaque
758 1469 1016 1526 virorum
1075 1472 1529 1541 monasterium,
1562 1474 1821 1544 seipsam
1851 1473 2041 1528 Theo-

393 1557 603 1612 dorum
635 1559 997 1618 nominavit;
1045 1577 1180 1615 cum
1237 1561 1478 1618 interim
1507 1563 1594 1617 vir
1626 1563 1756 1634 ejus
1783 1563 1846 1618 in
1876 1561 2039 1617 luctu

392 1652 678 1718 perpetuo
709 1665 776 1704 ac
807 1649 1082 1718 squalore
1111 1656 1354 1723 propter
1396 1651 1562 1708 illam
1599 1653 1829 1724 jaceret
1859 1669 1872 1706 :
1906 1665 2038 1722 qua)

395 1741 590 1792 tantas
607 1736 948 1794 daamonum
979 1739 1336 1796 tentationes
1357 1741 1622 1812 pertulit,
1646 1747 1884 1812 tamque
1907 1756 2037 1813 gra-

395 1842 460 1880 ve
491 1826 770 1882 adversus
801 1827 935 1882 illos
957 1833 1258 1884 certamen
1291 1831 1567 1902 suscepit,
1602 1836 1669 1885 ut
1695 1847 1814 1886 non
1845 1830 2038 1885 solum

2057 563 2109 630 Α

2625 637 2630 644 .
2741 573 2818 646 τῇ
2849 571 2989 645 αὐτῇ
3015 572 3216 648 ἡμέρςί

2143 655 2387 728 Μνήμην
2425 665 2526 730 τῆς
2594 662 2748 724 ὁσίας
2797 660 3083 740 Θεοδώρας
3136 663 3234 734 τῆς
3277 663 3331 718 ἐν
3393 664 3791 742 ’Λλεξανδξῡείφ

2213 747 2277 804 Ἠ
2309 749 2436 804 ὁσία
2455 748 2710 826 Θεοδώρα
2741 752 2989 829 ὑπῆρχεν
3019 752 3108 808 ἐπὶ
3138 757 3237 825 τῆς
3289 755 3571 830 βασιλείας
3607 761 3788 830 Ζήνωο

2141 851 2260 922 νος,
2293 833 2471 908 ὡραῖα
2497 838 2598 906 τήν
2629 833 2778 912 ὄψιν,
2834 837 2928 896 καί
2984 840 3260 897 πλουσίων
3289 843 3493 918 γονέων
3527 844 3781 922 θυγάτηρ,

2143 921 2346 1000 ἔχουσα
2401 923 2569 1001 ἄνδρα
2621 924 2830 1000 εὐλαϐῆ
2869 973 2884 1000 ,
2950 933 3039 986 καὶ
3093 928 3434 1008 φοϐούμενον
3488 935 3580 990 τὸν
3640 921 3789 996 Θεόν,

2143 1015 2310 1087 Ἀνὴρ
2345 1015 2402 1072 δὲ
2455 1039 2542 1080 τις
2588 1016 2873 1092 πλούσιος,
2929 1021 3032 1077 ὑπὸ
3073 1025 3170 1077 τοῦ
3232 1015 3498 1078 διαϐόλου
3532 1025 3793 1096 κινηθεὶς,

2145 1103 2482 1179 ἐπεθύμησεν
2541 1107 2732 1178 αὐτῆς,
2789 1109 2876 1164 καὶ
2938 1112 3289 1186 χρησάμενος
3318 1112 3524 1186 γυναίῳ
3551 1113 3658 1167 τινὶ
3690 1117 3796 1168 τῶν

2143 1195 2281 1268 πρὸς
2309 1200 2477 1252 ταῦτα
2505 1195 2856 1266 ἐπιτηδείων,
2917 1198 3207 1275 ἐπλήρωσε
3254 1201 3354 1270 τὴν
3387 1201 3658 1277 ἁμαρτίαν
3690 1202 3797 1258 αύ-

2142 1288 2259 1340 τοῦ.
2316 1285 2464 1340 Μετᾶ
2520 1283 2578 1342 δὶ
2634 1288 2732 1356 τὴν
2791 1288 3058 1363 ἁμαρτίαν
3112 1290 3552 1363 μεταμεληθεῖσα
3602 1293 3637 1362 ἠ
3671 1298 3798 1347 Θεο-

2145 1372 2328 1449 δώρα,
2381 1375 2471 1430 καί
2525 1377 2600 1449 μὴ
2652 1376 2890 1453 φέρουσα
2944 1378 3007 1433 τὸ
3065 1375 3294 1449 ὄνειδος,
3355 1377 3636 1452 ἐξεδύσατο
3691 1382 3796 1452 τήν

2147 1462 2350 1532 στολὴν
2381 1463 2569 1538 αὐτῆς,
2619 1467 2708 1521 καὶ
2748 1464 3029 1524 ἐνεδύσατο
3067 1469 3260 1542 ἱμάτια
3290 1465 3509 1544 ἀνδρεῖα
3535 1472 3801 1546 πενιχρὰ,

2142 1556 2232 1610 καὶ
2264 1556 2506 1625 ἀπῆλθεν
2539 1555 2616 1618 είς
2649 1554 2895 1634 ἀνδρεῖον
2942 1560 3326 1634 μοναστήριον,
3379 1558 3797 1634 μετονομάσασα

2146 1644 2342 1715 ἑαυτήν
2401 1643 2680 1720 Θεόδωρον
2713 1689 2727 1704 .
2805 1649 2868 1706 Ὁ
2925 1645 2983 1703 δὲ
3047 1647 3185 1720 ἀνὴρ
3239 1648 3408 1718 αὐτῆς
3463 1646 3534 1704 δι’
3592 1651 3796 1720 αὐτήν,

2143 1734 2209 1803 ἦν
2243 1738 2456 1809 θρηνῶν
2483 1741 2578 1790 καῖ
2603 1737 2962 1811 κοπτόμενος.
3020 1737 3321 1800 Τοσούτους
3353 1735 3410 1793 δε
3461 1739 3798 1815 πειρασμοῦς

2147 1825 2346 1895 ὑπέστη
2379 1831 2526 1901 παρῆ
2583 1830 2691 1881 τῶν
2750 1824 3059 1901 δαιμόνων,
3103 1827 3193 1882 καὶ
3241 1827 3526 1891 τοιούτους
3580 1828 3798 1903 ἀγῶνας

395 1916 620 1986 peccati
641 1916 834 1970 labem
866 1917 1118 1983 eluerit;
1159 1919 1260 1973 sed
1290 1889 1614 1976 multorum
1646 1920 1823 1976 etiam
1855 1919 2034 1974 mira-

2148 1889 2469 1986 ἐπεδείέατο,
2504 1889 2578 1976 ῶς
2629 1915 2703 1988 μή
2768 1889 2930 1990 μόνον
2974 1889 3073 1972 toi}
3125 1889 3522 1992 ἁμαρτήματος
3578 1889 3794 1990 λύτρωέ

396 2004 664 2060 culorum
698 2005 854 2060 dono
887 2005 1063 2078 digna
1093 2023 1126 2062 a
1151 2008 1267 2062 Deo
1301 2008 1502 2064 habita
1533 2009 1731 2064 fuerit.
1756 2010 2037 2063 Putantes

398 2100 591 2150 autem
633 2097 907 2152 monachi
939 2097 1105 2153 illam
1155 2099 1343 2154 virum
1376 2115 1505 2155 esse
1561 2100 1825 2171 (omnem
1877 2097 2038 2154 enim

397 2201 640 2256 operam
670 2186 1044 2255 adhibuerat,
1066 2188 1398 2260 utlateret),
1420 2188 1565 2245 dum
1596 2205 1726 2245 eam
1756 2193 1892 2260 post
1911 2188 2038 2244 obi-

386 2278 513 2328 tum
542 2274 874 2344 abluerent,
906 2276 1190 2332 feminam
1221 2277 1595 2346 invenerunt,
1628 2279 1813 2332 Deum
1843 2275 2037 2334 laudi-

385 2362 497 2418 bus
519 2365 857 2420 eﬂ‘erentes.

941 2473 1181 2528 EODEM
1211 2475 1466 2530 MENSE.

949 2579 1052 2635 Die
1106 2577 1458 2635 duodecima

481 2685 582 2743 32
616 2685 903 2742 Certamen
951 2690 1285 2743 sacrosancti
1316 2689 1577 2758 martyris
1617 2685 1925 2746 Autono-mi.

450 2796 874 2850 Socrosanctus
933 2800 1157 2866 martyr
1215 2796 1608 2862 Autonomus,
1669 2794 2034 2852 Diocletiano

2147 2005 2329 2072 θῆναι,
2378 1999 2524 2057 ἀλλᾶ
2561 2003 2650 2057 καὶ
2681 2003 2991 2078 θαίυμάτων
3038 2004 3334 2078 ἀξιωθῆναι
3388 2003 3637 2062 πολλῶν.
3674 2009 3794 2062 Νο-

2150 2090 2396 2162 μίζοντες
2455 2089 2514 2146 δὲ
2570 2093 2622 2147 οἱ
2678 2093 2936 2170 μοναχοί,
2969 2093 3052 2149 ὅτι
3109 2093 3244 2169 ἀνήρ
3276 2093 3416 2150 ἐστιν
3469 2091 3792 2169 (ἐσπούδασε

2142 2180 2248 2258 γὰρ
2273 2179 2499 2256 λαϐεῖν),
2535 2181 2670 2255 μετὰ
2706 2181 2964 2253 τελευτήν
2997 2182 3386 2262 ἄπολούοντες,
3437 2183 3593 2260 εὗρον
3621 2183 3792 2255 αύτήν

2140 2267 2278 2323 κατὰ
2308 2269 2462 2346 φύσιν
2503 2274 2752 2346 γυναῖκα,
2781 2269 2871 2325 καὶ
2914 2267 3169 2341 ἐδόξασαν
3200 2271 3293 2326 τὸν
3324 2270 3479 2330 Θεόν.

2705 2453 2888 2511 nam
2923 2454 3016 2531 Τῼ
3043 2455 3240 2530 arra.

2925 2544 3007 2600 IB‘

2245 2655 2514 2729 ’Άθλησις
2543 2661 2640 2715 τοῦ
2677 2657 2832 2734 ἁγίου
2876 2659 3275 2735 ίερομζάρτυρος
3311 2653 3652 2730 Αύτονόμου.

2210 2777 2526 2853 Αὐτόνομος
2555 2779 2583 2834 ὁ
2607 2779 2956 2856 ίερομάρτυς,
2985 2777 3228 2855 ὑπῆρχεν
3253 2776 3342 2833 ἐπὶ
3367 2782 3467 2847 τῆς
3501 2773 3783 2851 βασιλείας

385 2883 762 2955 imperatore,
819 2863 1132 2955 episcopus
1185 2885 1246 2939 in
1293 2884 1464 2940 Italia
1509 2883 1640 2940 fuit.
1695 2883 1778 2940 Ob
1810 2889 2034 2940 motam

2148 2869 2561 2941 Διοκλητιανοῦ,
2647 2867 2942 2931 ἐπίσκοπος
3020 2868 3312 2955 γενόμενος
3382 2864 3630 2955 Ἰταλίας.
3693 2863 3795 2955 Διὰ

386 2953 585 3029 autem
633 2974 693 3028 in
723 2953 1088 3029 Christianos
1119 2975 1596 3045 persecutionem
1625 2974 1834 3030 relicta
1863 2975 2034 3043 Italia

2148 2957 2202 3015 Βὸ
2256 2959 2347 3015 τὸν
2403 2957 2539 3014 κατᾶ
2592 2962 2701 3012 τῶν
2751 2957 3086 3031 Χριστιανῶν
3144 2953 3405 3030 διωγμὸν,
3459 2953 3791 3010 καταλιπὼν

2181 3051 2195 3060 ι
2291 3050 2329 3060 ι-
2403 3048 2421 3060 ς
2448 3048 2458 3060 ι
2727 3047 2768 3060 εκ
2824 3042 2854 3060 Ω
2990 3047 3004 3060 ι
3104 3053 3138 3060 -ι
3169 3048 3192 3060 Α
3271 3045 3282 3060 ο
3433 3047 3474 3060 11
3517 3043 3531 3060 ι
3600 3044 3614 3060 ο
3703 3039 3757 3060 δε

387 3063 449 3116 in
475 3063 809 3134 Bithyniam
830 3042 1152 3134 profectus,
1187 3080 1221 3117 a
1250 3063 1526 3119 Cornelio
1574 3061 1834 3134 quodam
1863 3042 2030 3119 Chri-

2148 3051 2236 3119 τὴν
2291 3048 2564 3122 Ἰταλίαν,
2618 3042 2884 3104 κατέλαϐε
2945 3047 3045 3116 τὴν
3103 3045 3372 3102 Βιθυνίαν.
3433 3043 3534 3102 Καὶ
3595 3042 3794 3134 ὑπεδέ-

387 3152 578 3208 stiano
611 3157 890 3224 exceptus
911 3157 1037 3207 est:
1074 3151 1172 3207 ubi
1207 3169 1344 3207 cum
1369 3152 1656 3224 templum
1678 3152 2030 3208 nominiMi-

2148 3141 2248 3214 χθη
2309 3139 2456 3212 παρὰ
2511 3135 2828 3212 Κορνηλίου
2872 3137 3021 3199 τινὸς
3076 3137 3426 3211 Χριστιανοῦ.
3471 3134 3666 3196 Κτίσας
3718 3129 3778 3224 δὲ

384 3241 606 3296 chaelis
635 3242 1042 3308 archistrategi
1071 3242 1404 3308 excitasset,
1439 3243 1692 3312 atquein
1726 3259 1794 3297 eo
1811 3243 2028 3298 Corne-

2148 3229 2263 3284 ναὸν
2323 3226 2410 3282 ἐπὶ
2467 3231 2547 3300 τῷ
2601 3226 2832 3300 ὀνόματι
2885 3229 2982 3281 τοῦ
3025 3225 3469 3312 ἀρχιστρατήγου
3523 3220 3790 3312 Μιχαὴλ,

383 3330 526 3385 lium
542 3331 886 3402 episcopum
904 3296 1258 3396 ord’inasset,
1281 3296 1428 3386 abiit
1441 3296 1896 3405 Claudiopolim,

2148 3319 2231 3372 καὶ
2253 3296 2645 3393 χειροτονήσας
2677 3296 2728 3370 ἐν
2769 3314 2916 3387 αὐτῷ
2973 3296 3267 3370 ἐπίᾶοπον
3323 3296 3418 3368 τὸνν
3449 3309 3788 3405 Κρρνήλιον,

379 3437 492 3493 que
506 3421 748 3475 verbum
771 3421 870 3476 Dei
885 3420 1262 3492 prmdicabat.
1282 3423 1568 3478 Reversus
1581 3428 1802 3492 autem,
1819 3423 2034 3478 utCor-

380 3509 606 3568 nelium
625 3511 924 3578 inviseret,
938 3526 1072 3566 cum
1091 3511 1148 3566 in
1170 3511 1578 3585 archistrategi
1597 3512 1864 3567 Michaeli
1883 3517 2029 3582 tem:

381 3601 480 3672 plo
538 3601 836 3674 liturgiam
893 3601 1223 3658 celebraret
1280 3603 1344 3657 in
1396 3601 1656 3658 furorem
1713 3602 2032 3658 concitavit

382 3686 634 3754 Graecos,
666 3687 871 3758 inique
901 3686 1159 3742 ferentes
1189 3687 1488 3742 Christum
1520 3687 1593 3742 ab
1625 3703 1716 3756 eo,
1739 3687 2028 3760 neglectis

380 3774 577 3845 idolis,
608 3775 864 3831 adorari.
918 3775 1315 3840 Quamobrem
1374 3775 1680 3832 observato
1738 3782 2028 3849 tempore,

383 3881 499 3936 quo
531 3865 715 3920 sacris
773 3863 1148 3935 operabatur,
1209 3865 1494 3920 insiluere
1551 3866 1612 3921 in
1664 3866 2028 3922 ecclesiam:

385 3959 561 4024 atque
591 3953 685 4020 iis,
719 3953 817 4023 qui
851 3953 1010 4008 circa
1056 3953 1251 4024 ipsum
1301 3959 1490 4021 erant,
1517 3953 1728 4025 gladiis
1759 3971 1826 4010 ac
1857 3954 2030 4010 fueti-

385 4040 496 4096 bus
525 4042 590 4096 in
617 4042 818 4114 fugam
847 4041 1052 4108 versis,
1088 4047 1359 4097 sanctum
1381 4042 1570 4098 virum
1602 4043 1665 4098 in
1695 4043 1824 4115 ipso
1857 4043 2030 4099 altari

385 4131 707 4186 crudeliter
727 4136 1037 4198 necarunt,
1062 4131 1161 4202 qui
1195 4131 1469 4203 spiritum
1489 4133 1738 4188 Domino
1767 4133 2029 4188 tradidit.

2139 3405 2380 3478 ἀπῆλθεν
2422 3405 2500 3468 είς
2554 3402 2824 3461 Κλαυδίου
2873 3403 3059 3473 πόλιν,
3108 3399 3378 3458 διδάσκων
3422 3399 3514 3456 καί
3553 3399 3668 3456 ἐκεῖ
3695 3399 3786 3454 τὸν

2139 3495 2304 3572 λόγον
2335 3500 2432 3552 τοῦ
2463 3499 2617 3551 Θεοῦ.
2676 3493 3042 3567 Ὑποστρέψας
3072 3489 3152 3561 δὲ,
3210 3490 3302 3546 καὶ
3328 3493 3420 3546 τὸν
3479 3487 3788 3566 Κορνήλιον

2137 3586 2591 3661 ἐπισκεψάμενος,
2651 3584 2740 3638 καὶ
2775 3583 3103 3658 κὲιτουργῶν
3161 3578 3214 3636 ἐν
3271 3584 3351 3652 τῷ
3403 3583 3513 3650 ναῷ
3561 3581 3659 3633 τοῦ
3681 3576 3784 3651 ἀρ-

2140 3678 2514 3753 χιστρατήγου
2563 3671 2821 3748 Μιχαὴλ,
2881 3670 2958 3735 είς
3016 3668 3208 3744 μανίαν
3260 3668 3473 3738 ἐκίνησε
3498 3665 3626 3729 τοὺς
3655 3662 3795 3720 Ἔλ-

2138 3766 2330 3838 ληνας,
2389 3766 2465 3839 μὴ
2527 3764 2780 3841 φέροντας
2819 3759 3039 3838 βλέπειν
3088 3759 3179 3814 τὸν
3225 3758 3319 3833 μὶν
3352 3756 3583 3834 Χριστὸν
3612 3773 3787 3831 προσ-

2137 3856 2464 3930 κυνούμενον
2497 3855 2582 3910 ὑπ’
2607 3853 2795 3924 αύτοῦ,
2821 3852 2890 3907 τὰ
2919 3849 2977 3907 δὲ
3021 3847 3225 3906 εἷ’δωλα
3280 3846 3786 3925 καταφρονούμενα.

2142 3948 2239 4006 Καὶ
2284 3946 2706 4021 ἐπιτηρήσαντες
2731 3943 2826 3998 τὸν
2853 3941 3065 4017 καιρὸν,
3110 3938 3199 3995 ὅτε
3253 3936 3612 4010 ἐλειτούργει,
3671 3933 3786 3989 είσ⁸

2141 4034 2420 4110 επήδησαν
2479 4033 2557 4096 εἲς
2615 4034 2714 4102 τήν
2776 4028 3093 4101 ἐκκλησίαν,
3123 4027 3214 4084 καὶ
3265 4024 3394 4088 τοὺς
3440 4024 3566 4097 περὶ
3625 4021 3798 4110 αύτδν

2145 4109 2279 4202 μετὰ
2312 4126 2602 4198 μαχαιρῶν
2648 4119 2737 4176 καί
2796 4118 2973 4191 ξύλων
3029 4118 3105 4181 είς
3156 4111 3326 4195 φυγὴν
3385 4115 3702 4190 τρέψαντες,
3735 4109 3795 4165 ἐν

385 4218 534 4291 αὐτῷ
587 4223 668 4292 τῷ
729 4219 1097 4296 θυσιαστηρίῳ
1141 4220 1232 4275 τὸν
1293 4217 1441 4296 ἅγιον
1501 4221 1691 4294 ὠμῶς,
1750 4221 1839 4276 xui
1895 4220 2274 4298 ἀπανθρώπως
2327 4213 2636 4294 ἐφόνευσαν,
2679 4210 2770 4266 καὶ
2827 4209 3114 4286 παρέδωκε
3137 4212 3218 4281 τῷ
3248 4204 3432 4279 Κυρίῳ
3473 4203 3538 4261 τὸ
3584 4204 3802 4275 πνεῦμα

383 4307 573 4367 αὐτοῦ.

1040 4451 1259 4507 Eodem
1291 4451 1386 4508 die

551 4541 652 4600 38
684 4545 967 4601 Certamen
987 4545 1324 4599 sacrosancti
1353 4546 1610 4614 martyris
1642 4545 1892 4600 Cornuti.

459 4635 878 4688 Sacrosanctus
931 4637 1154 4704 martyr
1209 4633 1500 4688 Cornutus
1535 4650 1604 4688 ex
1651 4633 1796 4688 urbe
1830 4631 2029 4688 Iconio

387 4722 518 4790 fuit,
553 4722 860 4794 presbyter
887 4723 1040 4794 pius,
1073 4739 1140 4777 ac
1173 4711 1388 4778 timens
1417 4724 1621 4778 Deum.
1655 4725 1807 4777 Mota
1837 4727 2034 4778 autem

392 4814 454 4869 in
492 4813 856 4868 Christianos
913 4812 1344 4884 persecutione,
1379 4829 1514 4867 curn
1572 4813 1756 4866 Iconii
1815 4828 2032 4885 praises

391 4903 670 4971 crudelis,
702 4909 877 4973 atque
910 4903 1102 4958 omnis
1133 4901 1519 4957 humanitatis
1561 4917 1770 4972 expers
1817 4903 2034 4957 missus

393 4993 623 5060 fuisset,
648 4997 710 5047 ut
740 4992 1105 5049 Christianos
1136 4990 1215 5044 ibi
1240 4994 1539 5044 versantes
1564 4995 1886 5060 torqueret,
1919 5007 2033 5046 c03-

391 5083 533 5137 teris
551 5082 826 5136 omnibus
855 5087 1012 5134 metu
1031 5079 1299 5149 dilapsis,
1324 5079 1638 5145 Cornutus,
1657 5077 1732 5133 ab
1758 5079 2034 5134 omnibus

388 5172 723 5238 destitutus,
745 5170 973 5225 obviam
997 5168 1232 5240 prznsidi
1258 5169 1547 5238 processit
1571 5185 1582 5221 :
1609 5169 2034 5241 interrogatus-

385 5279 520 5333 que,
554 5277 686 5315 cum
715 5259 996 5315 audacter
1025 5257 1324 5312 Christum
1356 5257 1756 5324 conﬁteretur,
1789 5264 1848 5312 et
1878 5258 2034 5329 seip-

379 5369 510 5407 sum
543 5351 867 5422 perfectum
896 5349 1298 5403 Christianum
1333 5346 1704 5418 prmdicaret,
1739 5347 2035 5402 idolorum

376 5447 578 5497 autem
611 5441 1002 5512 imposturam
1051 5435 1450 5504 redargueret,
1484 5436 1799 5506 ipsumque
1831 5435 2036 5505 praesi-

378 5531 513 5585 dem
547 5529 838 5592 irrideret,
882 5525 1350 5596 comprehensus
1383 5528 1508 5578 est:
1545 5521 2033 5602 pedibusquete-

384 5621 487 5676 nui
541 5619 679 5673 fune
727 5613 1048 5686 adstrictis,
1098 5630 1204 5684 per
1257 5612 1422 5668 urbis
1473 5613 1656 5668 Iconii
1724 5612 1946 5684 plateas
1978 5617 2039 5669 et

384 5709 546 5765 vicos
573 5722 762 5777 usque
803 5702 948 5760 adeo
1007 5703 1294 5774 raptatur,
1353 5701 1543 5759 donec
1603 5701 1734 5776 ejus
1771 5701 2036 5776 sanguis,

2069 4467 2117 4534 D

2717 4447 2803 4518 Τῇ
2859 4441 2995 4516 αὐτῇ
3045 4441 3228 4514 ἡμέρᾳ

2287 4534 2561 4607 Ἀθλησις
2591 4538 2689 4590 τοῦ
2710 4532 2862 4609 ἀγίου
2894 4529 3287 4604 ίερομπὶρτυρος
3318 4524 3650 4598 Κορνούτου.

2212 4631 2521 4700 Κορνοῦτος
2582 4621 2992 4697 ὁἹερομάρτυς
3022 4618 3089 4687 ἦν
3149 4618 3243 4690 μὶν
3303 4615 3363 4668 ἐκ
3397 4616 3518 4700 ’τῆς
3580 4609 3804 4700 πόλεως

2144 4695 2393 4786 Ἰκονίου,
2448 4695 2814 4790 πρεσϐύτερος
2868 4695 3116 4773 εὐλαϐὴς
3171 4703 3257 4756 καὶ
3315 4695 3656 4780 φοϐούμενος
3703 4697 3801 4790 ⁴τὸν

2143 4805 2294 4862 Θεόν.
2355 4785 2610 4878 Ᾰιωγμοῦ
2658 4785 2728 4853 δέ
2761 4794 3052 4872 γενομένου
3099 4789 3235 4846 κατὰ
3288 4789 3398 4842 τῶν
3443 4785 3810 4858 Χριστιανῶν,

2143 4893 2429 4970 ἀπεσγάλη
2461 4872 2707 4964 δ-ἄρχων
2731 4889 2826 4940 τοῦ
2872 4882 3113 4970 Ἰκονίου
3161 4879 3314 4952 ὠμὸς
3364 4875 3455 4930 καὶ
3512 4872 3809 4970 ἀπάνθρωῖ

2143 5003 2246 5045 πος
2295 4960 2377 5043 εἷς
2417 4960 2493 5035 -τὸ
2554 4960 2835 5054 βασανίσαι
2891 4971 3019 5033 τοὺς
3100 4968 3210 5024 ἐκεῖ
3268 4962 3644 5042 Χριστιανούς·
3707 4960 3806 5017 καὶ

2143 5074 2357 5127 πάντων
2408 5049 2690 5144 φυγόντων
2753 5061 2836 5118 διὸ
2882 5063 2973 5114 τὸν
3034 5052 3224 5137 φόϐον,
3271 5057 3299 5111 ὁ
3333 5057 3640 5144 Κορνοῦτος
3671 5049 3802 5144 ⁸μό-

2142 5181 2233 5221 νος
2294 5153 2700 5233 καταλειφθεῖς,
2761 5153 3040 5222 ὑπήντησε
3096 5152 3176 5222 τῷ
3226 5143 3476 5223 ἄρχοντι,
3539 5138 3811 5233 Καὶέρω-

2144 5247 2331 5319 τηθεὶς
2396 5245 2485 5301 ὑπ’
2537 5225 2730 5311 ἀύιοῦ,
2791 5237 3101 5314 θαρσαλέως
3151 5237 3243 5291 τὸν
3291 5233 3529 5307 Χριστὸν
3580 5225 3815 5302 ὡμολό-

2142 5359 2276 5412 γησε
2310 5379 2324 5406 ,
2382 5332 2477 5390 καὶ
2541 5331 2727 5387 ἑαυτὸν
2790 5329 3111 5402 Χριστιανὸν
3173 5324 3387 5381 τέλειον
3446 5319 3811 5412 ἀνεκήρυξεν,

2145 5404 2370 5501 ἐλέγξας
2429 5423 2520 5480 καὶ
2575 5419 2685 5478 τῶν
2745 5416 2992 5474 εἰδώλων
3047 5418 3145 5486 τήν
3179 5416 3408 5485 ἀπάτην,
3441 5410 3532 5467 καὶ
3579 5404 3813 5501 ea}

2147 5494 2320 5593 χοντα
2354 5510 2711 5589 μυκτηρίσαςο
2774 5506 2872 5564 Διᾶ
2918 5511 3082 5563 τοῦτο
3129 5502 3448 5580 κρατηθείς,
3632 5494 3811 5593 δερὲίς

2144 5584 2274 5669 τοὺς
2305 5584 2476 5668 πόδας
2510 5584 2782 5678 σχοινίοις
2815 5595 3068 5670 λεπτοῖς,
3102 5593 3316 5672 σύρεται
3347 5611 3484 5678 κατα
3656 5584 3809 5678 πλα-

2145 5695 2312 5767 τείας,
2341 5695 2433 5752 καὶ
2493 5671 2672 5771 ῥύμας
2711 5687 2809 5762 τῆς
2859 5685 3076 5750 πόλεως
3125 5681 3371 5753 Ἰκονίου,
3432 5674 3533 5741 ἔως
3575 5673 3636 5733 τὸ
3668 5671 3814 5747 αἷμα
