4030 6196
266 429 344 488 45

1692 419 2196 485 SEPTEMBER.

3592 427 3671 489 46

279 560 429 615 min
472 554 671 632 ἓρῥευσε
728 549 1041 626 ποταμιδὸν
1098 553 1186 608 ἐπὶ
1236 555 1334 622 τὴν
1393 559 1524 629 γῆν.
1574 553 1679 610 Καὶ
1733 553 1906 619 τεθεὶς

2049 558 2177 612 luvii
2210 559 2420 630 instar,
2455 560 2517 616 in
2544 565 2762 617 terram
2795 560 3082 631 efﬂueret,
3116 576 3252 616 cum
3286 560 3529 616 interim
3582 577 3675 615 se-

276 650 390 703 ὠσεξ
416 646 593 717 νεκρὸς
623 642 956 717 ἠυχαρίστει
989 648 1069 715 τῷ
1120 647 1236 714 Θεῷ
1284 644 1754 717 προσευχόμενος.
1806 642 1909 699 Καὶ

271 740 393 791 οἴνα)
421 734 758 808 τιμωρηθεὶς
813 732 1078 803 ἐπιπολὺ,
1140 733 1229 787 κ²ἶ
1291 735 1459 808 μέχρι
1517 736 1616 798 τῆς
1672 732 1909 807 ἐσχάτης

262 827 523 893 ἀναπνοῆς
580 824 671 879 τὸν
754 822 994 898 Χριστὸν
1080 820 1536 894 ἐπικαλούμενος,
1622 822 1913 896 προστάξει

253 918 343 969 τοῦ
374 915 669 987 ἄρχοντος,
703 912 996 985 ἀπετμήθη
1058 914 1155 981 τήν
1209 909 1474 989 κεφαλὴν,
1538 908 1914 987 παραθέμενος

251 1006 347 1072 τὴν
375 1004 567 1078 ψυχὴν
600 1006 683 1074 τῷ
716 1003 856 1074 Θεῷ.

853 1086 1321 1166 τῇωὴῇὴμῲᾳ

247 1210 517 1281 ’Δθλησις
570 1213 672 1264 τοῦ
732 1208 901 1283 ἆγίου-
956 1208 1254 1283 Δμᾳὶρτυρος
1340 1203 1632 1283 Θεοδώρου
1711 1211 1811 1262 τοῦ
1864 1205 1916 1261 ἐν

891 1278 1286 1355 Ἀλεξάνδρειᾳ.

331 1400 543 1455 Τοῦτον
575 1397 670 1452 τὸν
722 1398 872 1470 ἅγιον
926 1394 1172 1470 μάρτυρα
1228 1391 1534 1468 Θεόδωρον,
1596 1394 1919 1469 Χριστιανὸν

264 1485 399 1543 ὄντα
453 1483 668 1552 εὐλαεῆ
728 1486 815 1541 καὶ
876 1484 1145 1558 ἐνάρετον,
1233 1482 1513 1561 παρρησίᾳ
1583 1484 1924 1557 κηρύττοντα

256 1580 357 1633 τὸν
416 1577 678 1652 Χριστὸν,
732 1576 820 1629 καὶ
907 1575 1035 1629 Θεὸν
1124 1572 1507 1649 ὁμολογοῦντα
1568 1572 1667 1629 τοῦ
1724 1574 1925 1637 παντὸς

260 1667 637 1742 Δημιουργὸν,
697 1665 725 1719 6
782 1669 888 1718 τῶν
947 1660 1345 1735 Ἀλεξανδρέων
1432 1660 1630 1735 δῆμος,
1691 1659 1926 1717 εἴδωλο-

258 1755 466 1831 λὰτραι
535 1752 710 1822 ὄντες,
794 1754 1152 1827 συναχθέντες
1235 1751 1536 1824 ἐκράτησαν
1595 1750 1774 1819 αὐτὸν,
1834 1750 1924 1805 καὶ

265 1846 684 1919 ἑτὲμωρήσαντο
746 1842 1012 1919 ἷσχυρῶς.
1103 1843 1205 1898 Καὶ
1290 1840 1578 1911 πλέξαντες
1663 1842 1922 1919 στέφανον

2014 648 2261 704 mivivus
2322 652 2539 723 gratias
2580 656 2797 721 ageret,
2859 651 3098 721 Deoque
3146 667 3353 720 preces
3406 652 3666 707 offerret.

2021 738 2210 807 Atque
2242 739 2325 793 ita
2355 740 2455 793 diu
2488 744 2697 809 tortus,
2746 739 3163 810 Christumque
3214 739 3287 794 ad
3338 746 3675 795 extremum

2023 843 2211 896 usque
2245 829 2521 899 spiritum
2554 830 2855 899 invocans,
2888 835 3186 900 postremo
3211 829 3675 901 praasidisjussu

2024 918 2215 988 capite
2246 918 2475 989 plexus,
2510 919 2773 975 animam
2806 918 2925 974 Deo
2958 918 3414 975 commendavit.

2683 1098 2902 1154 Eodem
2929 1097 3026 1152 die

2024 1211 2128 1266 84
2192 1213 2478 1267 Certamen
2537 1214 2714 1268 sancti
2763 1214 3025 1282 martyris
3078 1211 3351 1267 Theodori
3425 1211 3679 1268 Aleman-

2761 1285 2931 1339 drini.

2100 1401 2265 1455 Hunc
2300 1405 2571 1456 sanctum
2604 1405 2926 1472 martyrem
2956 1399 3353 1467 Theodorum,
3393 1400 3678 1455 Christia-

2026 1506 2169 1544 num
2202 1489 2367 1561 pium
2399 1507 2465 1546 ac
2491 1492 2704 1545 virtute
2752 1490 3090 1562 praeditum,
3124 1506 3257 1545 cum
3290 1488 3477 1543 libere
3507 1489 3674 1542 Chri-

2026 1584 2184 1633 stum
2208 1578 2579 1650 praadicaret,
2605 1595 2859 1649 eumque
2881 1584 3062 1634 Deum
3088 1594 3156 1634 ac
3177 1594 3379 1633 rerum
3411 1577 3681 1633 omnium

2026 1669 2405 1725 Conditorem
2420 1670 3176 1738 assereret,Alexandrinus
3191 1669 3464 1741 populus,
3486 1668 3684 1724 idolo-

2030 1775 2160 1813 rum
2175 1760 2581 1831 superstitioni
2600 1759 2962 1825 addictus,in
2976 1777 3161 1815 unum
3176 1763 3682 1829 coactus,captum

2029 1849 2244 1903 acriter
2274 1850 2649 1905 excruciavit.
2688 1848 2909 1906 Deinde
2944 1850 3211 1921 spineam
3246 1864 3523 1904 coronam
3553 1847 3682 1919 ple-

261 1937 580 2002 ἀκάνθινον,
612 1930 936 2008 περιέθηκαν
995 1931 1161 1986 αὐτοῦ
1218 1934 1287 2004 τῇ
1344 1927 1581 2007 κεφαλῇ,
1637 1931 1723 1984 καὶ
1789 1930 1922 2003 μετὰ

2049 1943 2214 2006 :tens,
2250 1939 2425 2008 capiti
2458 1939 2585 2009 ejus
2618 1939 2939 2004 imposuit;
2975 1944 3033 1993 et
3061 1939 3236 2011 virgis
3279 1954 3521 2005 caesum,
3578 1953 3683 2007 per

264 2019 511 2099 ῥαϐδίων
544 2020 788 2087 ἔτυπτον,
820 2021 907 2075 καὶ
967 2020 1043 2081 εἷς
1100 2020 1201 2087 τήν
1257 2017 1420 2073 πόλιν
1479 2016 1703 2091 δέσμιον
1766 2040 1925 2095 περι-

266 2120 429 2187 ἦγον,
464 2109 823 2186 χλευάζοντες
858 2108 1015 2162 αὐτὸν
1057 2108 1147 2161 καὶ
1204 2107 1493 2183 γελῶντες.
1558 2108 1709 2164 Μετὰ
1764 2111 1925 2162 τοῦτο

266 2200 499 2277 ἕῷῥιψαν
538 2200 590 2253 ἒν
644 2203 712 2271 τῇ
773 2197 1040 2271 θαλάσσῃ.
1104 2198 1254 2271 Αὔρα
1312 2194 1371 2251 δὲ
1426 2195 1678 2271 γαλήνης
1734 2201 1926 2251 τοῦτον

270 2292 373 2346 ἐπὶ
405 2297 504 2358 τῆς
538 2290 699 2362 ξηρᾶς
728 2293 869 2342 σῶον
931 2284 1172 2343 διέσωσε.
1235 2286 1339 2342 Καὶ
1396 2287 1562 2341 πάλιν
1616 2286 1928 2360 κρατηθεὶς,

287 2378 572 2450 δεδεμένος
595 2378 831 2452 παρέστη
864 2382 943 2449 τῷ
998 2374 1248 2451 ἄρχοντι.
1306 2377 1405 2430 Καὶ
1445 2376 1801 2450 ἀναγκασθεὶς
1834 2376 1931 2450 ἀρ-

284 2473 551 2541 νήσασθαι
581 2470 670 2523 τὸν
702 2467 963 2542 Χριστὸν,
1002 2468 1092 2521 καὶ
1141 2468 1215 2537 μὴ
1274 2466 1534 2534 πεισθεὶς,
1593 2466 1746 2527 αὖθις
1804 2460 1933 2519 ἐϐα-

279 2560 534 2627 σανίσθη,
564 2558 666 2615 Καὶ
698 2554 933 2628 δοξάζων
977 2556 1068 2609 τὸν
1124 2554 1276 2623 Θεὸν,
1334 2553 1425 2608 καὶ
1474 2554 1811 2628 εὐχαριστῶν
1852 2557 1932 2626 τῷ

277 2648 423 2721 ἁγίῳ
455 2647 621 2701 αὐτοῦ
682 2645 931 2718 ὀνόματι,
965 2644 1016 2698 ἐν
1051 2642 1237 2705 αὐταῖς
1285 2648 1407 2705 ταῖς
1467 2642 1745 2719 βασάνοις,
1803 2663 1931 2698 κατ-

275 2736 541 2804 εδικάσθη
574 2734 718 2811 παρᾶ
768 2738 867 2789 τοῖ’)
923 2734 1192 2809 ἄρχοντος
1249 2731 1769 2809 ἆποκεφαλισθῆναι.
1829 2732 1929 2788 Καὶ

278 2824 657 2901 ἀπαγαγόντες
686 2824 848 2879 αὐτὸν
881 2823 934 2878 οἱ
965 2827 1291 2894 στρασιῶται
1344 2821 1420 2884 εἷς
1475 2823 1567 2877 τὸν
1608 2822 1778 2877 τόπον
1824 2822 1933 2877 τῶν

272 2914 609 2983 καταδέιιων,
675 2910 1095 2986 ἀπεκεφάλισαν.
1184 2910 1285 2968 Καὶ
1370 2910 1515 2966 οὕτω
1598 2907 1935 2985 τελειωθεὶς,

281 3002 575 3079 παρέδωκε
598 3004 662 3059 τὸ
690 3006 926 3077 πνεῦμα.

851 3093 1032 3151 ΜΠΝΙ
1061 3093 1151 3151 ΤΩ
1182 3092 1382 3151 ΔΥΤΩ.

1078 3097 1151 3168 re
1182 3097 1361 3170 ΔΥΤῼ

1078 3182 1155 3238 II"

2034 2026 2241 2081 urbem
2284 2027 2543 2081 vinctum
2596 2027 3010 2094 circumduxit,
3054 2027 3314 2081 ludibrio
3366 2033 3423 2080 et
3472 2024 3679 2079 sannis

2036 2116 2386 2186 expositum.
2414 2115 2682 2182 Posihaac
2706 2116 2766 2169 in
2794 2132 2953 2169 mare
2979 2114 3680 2184 demersum,levissimus

2034 2209 2243 2258 ventus
2258 2205 2316 2258 in
2332 2210 2551 2259 terram
2576 2205 2625 2276 ej
2638 2205 2749 2259 ecit
2772 2204 3506 2273 incolumem.Rursusque
3525 2217 3685 2257 com-

2037 2294 2387 2364 prehensus,
2413 2294 2688 2365 praefecto
2712 2295 2940 2349 vinctus
2960 2294 3218 2348 sistitur:
3246 2292 3343 2363 qui
3363 2290 3683 2346 cumillum

2038 2400 2071 2438 a
2098 2383 2312 2437 Christi
2345 2383 2460 2439 ﬁde
2486 2390 2747 2439 avertere
2780 2400 2899 2438 non
2927 2387 3147 2454 posset,
3184 2382 3397 2436 iterum
3424 2386 3684 2435 tormen-

2040 2475 2113 2529 tis
2146 2474 2407 2546 suhjicit,
2440 2475 2689 2546 gloriam
2721 2475 2840 2530 Deo
2872 2474 2934 2528 in
2968 2473 3111 2545 ipsis
3144 2472 3507 2528 cruciatibus
3538 2471 3683 2527 dan-

2038 2568 2178 2629 tem,
2213 2564 2461 2635 ejusque
2502 2562 2731 2619 nomini
2780 2564 2997 2635 gratias
3044 2568 3336 2632 agentem.
3386 2566 3683 2617 Postremo

2038 2651 2301 2723 praefecti
2334 2653 2627 2708 sententia
2658 2651 2848 2722 capite
2887 2650 3224 2718 damnatus,
3250 2655 3308 2705 et
3336 2667 3370 2706 a
3391 2650 3682 2705 militibus

2039 2740 2112 2795 ad
2131 2741 2407 2812 supplicii
2430 2741 2627 2797 locum
2649 2740 2958 2802 abductus,
2983 2738 3311 2794 decollatus
3324 2739 3455 2794 fuit.
3490 2743 3683 2810 Atque

2038 2830 2121 2885 ita
2148 2830 2431 2902 martyrio
2462 2829 2796 2897 defunctus,
2826 2828 3101 2900 spiritum
3130 2827 3395 2885 tradidit.

2604 3098 2845 3153 EODEM
2884 3096 3136 3152 MENSE.

2577 3188 2677 3244 Die
2710 3188 2939 3243 decima
2966 3186 3143 3241 tertia

274 3306 559 3376 ,Αθλησις
615 3307 723 3389 τῶν
780 3302 951 3389 defiunt
1017 3300 1308 3389 μαρτύρων
1367 3293 1710 3389 Μακροϐίου,
1791 3305 1932 3376 Γορ.

2049 3303 2141 3361 3ιῦ
2179 3306 2465 3362 Certamen
2503 3308 2816 3357 sanctorum
2857 3308 3168 3370 martyrum
3208 3300 3495 3367 Macrobii,
3545 3300 3683 3355 Gor-

623 3371 840 3445 διανοῦ,
864 3374 953 3428 καὶ
978 3371 1078 3442 τῆς
1100 3371 1359 3433 ’συνοδίας
1391 3371 1591 3431 αὐτῶν.

351 3496 523 3554 Οὗτοι
556 3495 607 3548 οἱ
640 3493 782 3567 ἅγιοι
844 3494 1110 3566 μάρτυρες
1163 3491 1416 3565 ὑπῆρχον
1474 3490 1563 3545 ἐπὶ
1618 3496 1718 3560 τῆς
1781 3490 1938 3564 βασι-

282 3586 441 3646 λείας
475 3584 774 3639 Λικιννίου·
810 3583 836 3636 6
868 3582 960 3653 μὲν
996 3574 1315 3654 Μακρὸϐιος
1369 3581 1475 3634 ἀπὸ
1527 3577 1937 3650 Καππαδοκίας,

280 3677 309 3730 6
344 3672 408 3728 δὲ
440 3668 732 3746 Γορδιανὸς
784 3670 891 3723 ἀπὸ
934 3667 1337 3742 Παφλαγονίας.
1397 3664 1521 3720 Νέοι
1554 3662 1611 3720 δὲ
1641 3661 1792 3727 ὅντες
1838 3666 1936 3734 τὴν

288 3762 545 3830 ἦλιιὶαν,
572 3760 654 3813 καὶ
688 3756 928 3833 ἀνδρεῖοι
959 3755 1047 3811 καὶ
1082 3757 1381 3831 σώφρονες,
1437 3755 1573 3823 ἦσαν
1622 3752 1941 3829 τεταγμένοι

292 3848 580 3905 δουλεύειν
610 3848 680 3911 εἷς
706 3848 808 3916 τήν
843 3851 937 3900 τοῦ
994 3845 1263 3921 βασιλέως
1316 3845 1608 3919 τράπεζαν,
1668 3844 1759 3898 καὶ
1814 3843 1943 3920 ἀγα-

282 3942 544 4011 πώμενοι
592 3939 715 4010 παρ’
776 3936 941 3991 αὐτοῦ
1000 3932 1087 3989 διὰ
1144 3934 1243 4002 τήν
1302 3933 1522 4007 ἀρετὴν,
1590 3931 1679 3986 καὶ
1733 3932 1795 3987 τὸ
1848 3935 1946 3986 τοῦ

282 4031 597 4103 προσώπου
643 4023 872 4087 κάλλος.
904 4021 1085 4080 Ἀλλὰ
1138 4021 1555 4096 διαγνωσθέντες
1616 4022 1750 4074 εἶναι
1810 4026 1947 4103 Χριτ

280 4117 527 4187 στιανοὶ,
559 4115 645 4169 καἓ
679 4115 812 4169 ποτὶ
847 4114 940 4187 μὲν
1003 4110 1092 4167 διὰ
1149 4110 1577 4184 παρακλήσεως,
1625 4110 1759 4164 ποτέ
1791 4106 1847 4163 δὲ
1879 4094 1952 4165 δι’

280 4203 532 4272 ἀπειλῆς
562 4202 998 4277 ἀναγκαζόμενοι
1046 4202 1137 4255 τὸν
1199 4201 1426 4274 Χριστὸν
1479 4199 1831 4273 ἀρνήσασθαι,
1862 4198 1953 4252 καὶ

286 4298 371 4367 μή
439 4292 768 4361 πεισθέντες,
826 4289 1191 4365 έξωρίσθησαν
1252 4289 1330 4351 εἷς
1387 4290 1484 4357 τήν
1564 4289 1751 4363 χώραν
1812 4294 1951 4342 Σκυ-

276 4386 437 4443 θίας.
480 4381 582 4435 Καὶ
640 4382 937 4455 φθάσαντες
988 4377 1118 4448 ἐκεῖ,
1181 4379 1336 4453 εὗρον
1394 4376 1523 4439 τοὺς
1574 4377 1766 4452 ἁγίους
1828 4384 1952 4431 Ζω-

284 4472 478 4536 τικὸν,
511 4471 831 4537 Λουκιανὸν,
874 4471 963 4523 καὶ
1018 4467 1173 4522 Ἠλεὶ
1226 4467 1688 4542 ἀγωνιζομένους,
1731 4464 1957 4530 ἀθλοῦν-

274 4583 381 4623 τας
416 4557 509 4613 διὰ
537 4560 639 4628 τὴν
667 4558 744 4619 εἷς
780 4559 1006 4633 Χριστὸν
1041 4557 1371 4631 ὁμολογίαν.
1406 4556 1508 4613 Καὶ
1554 4556 1688 4628 μετὰ
1739 4554 1955 4616 πολλᾶς

2572 3391 2746 3458 diam',
2781 3397 2833 3445 et
2858 3392 3150 3446 sociorum.

2114 3509 2181 3563 lii
2215 3507 2402 3562 sancti
2433 3510 2723 3576 martyres
2754 3504 2991 3575 Lycinio
3053 3504 3409 3575 imperatore
3454 3502 3690 3559 clarue-

2044 3602 2219 3652 runt:
2254 3601 2311 3650 et
2341 3593 2668 3649 Macrobius
2701 3592 2941 3663 quidem
2969 3610 3039 3647 ex
3071 3593 3439 3664 Cappadocia
3485 3597 3683 3648 ortum

2046 3688 2243 3753 duxit;
2279 3686 2607 3741 Gordianus
2629 3701 2765 3741 vero
2794 3701 2863 3740 ex
2886 3684 3306 3756 Paphlagonia.
3331 3685 3474 3739 Cum
3494 3688 3693 3739 autem

2048 3776 2285 3833 ﬂorenti
2318 3781 2519 3831 essent
2547 3780 2740 3843 mtate,
2777 3781 2833 3829 et
2861 3774 3231 3842 fortitudine,
3282 3774 3693 3845 sapientiaque

2047 3866 2302 3938 praediti,
2330 3866 2390 3921 id
2420 3866 2685 3920 muneris
2743 3864 3008 3931 obibant,
3066 3869 3131 3919 ut
3187 3863 3261 3919 ad
3317 3864 3694 3934 imperatoris

2051 3971 2319 4011 mensam
2342 3955 2781 4019 ministrarent;
2803 3959 2861 4008 et
2882 3954 2952 4008 ab
2978 3954 3084 4008 illo
3109 3952 3181 4007 ob
3205 3952 3479 4007 virtutem
3503 3968 3691 4018 suam,

2052 4051 2109 4100 et
2131 4045 2422 4116 egregiam
2441 4044 2704 4114 corporis
2724 4043 2977 4098 formam
2998 4043 3253 4099 maxime
3274 4041 3691 4114 diligebantur.

2054 4134 2164 4188 Sed
2197 4134 2333 4187 ﬁdei
2358 4134 2704 4188 Christiana)
2728 4132 3005 4199 accusati,
3040 4148 3175 4187 cum
3197 4148 3307 4186 nec
3333 4131 3695 4186 adhortatio-

2054 4222 2252 4289 nibus,
2288 4239 2396 4278 nec
2424 4222 2603 4278 minis
2635 4223 2709 4278 ad
2732 4223 3025 4277 Christum
3061 4221 3475 4292 abnegandum
3497 4220 3699 4274 induci

2056 4316 2318 4384 possent,
2352 4311 2693 4384 relegantur
2723 4312 2781 4365 in
2842 4311 3163 4382 Scythiam.
3213 4311 3336 4374 Quo
3389 4308 3701 4379 deportati,

2056 4402 2414 4455 invenerunt
2453 4405 2685 4455 sanctos
2735 4400 3017 4465 Zoticum,
3071 4398 3415 4463 Lucianum,
3468 4400 3525 4449 et
3573 4393 3703 4452 Heli

2058 4490 2377 4545 fortissime
2411 4506 2515 4559 pro
2534 4487 2745 4541 Christi
2778 4486 3147 4541 confessione
3179 4489 3531 4556 pugnantes.
3566 4486 3706 4540 Post

2060 4580 2277 4635 multos
2309 4584 2506 4633 autem
2530 4576 2847 4643 cruciatus,
2867 4576 3096 4630 Zoticus
3120 4575 3381 4647 quidem,
3418 4578 3476 4629 et
3498 4574 3706 4630 Lucia—

268 4653 373 4713 τας
415 4647 697 4722 βασάνους,
748 4647 775 4700 6
826 4646 918 4718 μὶν
981 4646 1219 4708 Ζωτικὸς
1278 4646 1365 4700 καὶ
1398 4647 1426 4700 6
1459 4645 1759 4706 Λουκιανὸς
1810 4644 1924 4723 ξέφε

2060 4685 2173 4723 nus
2204 4667 2396 4738 capite
2425 4664 2582 4735 plexi
2616 4669 2791 4719 sunt:
2824 4663 2937 4736 ipsi
2969 4681 3105 4719 vero
3133 4681 3253 4721 una
3277 4680 3409 4719 cum
3465 4664 3591 4719 Heli
3641 4664 3705 4717 in

269 4738 706 4806 ἐτελειώθησαν.
744 4734 909 4790 Αὐτοὶ
960 4732 1037 4807 δὲ,
1082 4734 1215 4808 μετᾶ
1259 4738 1357 4789 τοῦ
1409 4732 1588 4802 Ἠλεὶ,
1622 4736 1688 4806 τῇ
1727 4734 1946 4809 φυλακῇ

271 4827 779 4903 παρεπέμφθησαν.
852 4825 948 4879 Καὶ
1010 4825 1039 4878 6
1101 4824 1193 4897 μὲν
1252 4822 1680 4897 ἀπεκεφαλίσθη·
1738 4821 1949 4897 Μακρό-

280 4915 413 4979 6ιος
474 4914 532 4970 δὲ
587 4916 676 4969 καί
736 4911 1029 4988 Γορδιανὲς
1086 4912 1217 4989 πυρὶ
1290 4910 1705 4982 ἐτελειώθησαν.
1773 4913 1833 4969 Ὀ
1890 4908 1948 4966 δὲ

278 5004 667 5078 Οὐαλεριανὸς
725 5001 814 5057 ἐπὶ
869 5006 950 5073 τῷ
1006 5002 1163 5078 τάφῳ
1217 5005 1325 5055 τῶν
1368 5000 1537 5074 ἁγίων
1591 5001 1808 5077 Θρηνῶν
1864 4998 1947 5070 ἐξ-

280 5101 573 5150 ἑπνευσεν.

892 5179 1353 5254 τῇώήήμμ

278 5301 570 5370 ’Δθλησις
602 5301 701 5352 τοῦ
761 5296 945 5371 ἁγίου-
973 5297 1392 5371 Ἰερομᾴρτ-υρος
1443 5292 1747 5351 Ἰουλιανοῢ
1769 5299 1865 5349 τοῦ
1896 5294 1947 5351 έν

780 5366 1022 5443 ’Ᾰγκύρᾳ
1044 5366 1143 5433 τῆς
1172 5366 1467 5430 [αλὰτίας.

358 5488 491 5541 Ἐπὶ
539 5490 640 5552 τῆς
694 5483 974 5562 βασιλείας
1036 5481 1315 5538 Λικιννίου
1360 5483 1426 5551 ἦν
1488 5479 1731 5556 διωγμὸς
1788 5484 1952 5557 μέγας

282 5577 430 5630 κατᾶ
456 5580 570 5631 τῶν
622 5575 981 5649 Χριστιανῶν⁸
1040 5571 1198 5648 ἐγγὺς
1260 5566 1317 5625 δὲ
1377 5569 1645 5647 Ἀγκύρας
1698 5574 1794 5640 τῆς
1850 5578 1954 5627 Γα-

289 5663 489 5725 λατίας
526 5664 748 5737 ὑπῆρχε
779 5655 1146 5737 πρεσϐύτερος
1186 5654 1429 5730 εὐλαϐὴς
1488 5656 1663 5731 ὄνομα
1715 5659 1951 5716 Ἰουλια-

294 5754 402 5815 νός.
464 5752 567 5806 Διὶ
617 5749 674 5806 δε
728 5753 819 5805 τὸν
880 5747 1122 5825 διωγμὸν
1185 5747 1368 5824 ἔφυγε,
1426 5748 1517 5803 καὶ
1574 5748 1818 5820 ἀπῆλθεν
1876 5749 1953 5815 εἷς

2058 4774 2352 4814 carcerem
2376 4756 2816 4827 detrusi.Atque
2838 4755 2940 4811 ille
2963 4755 3205 4826 quidem
3229 4754 3554 4811 decollatus
3577 4746 3703 4809 est2

2060 4848 2387 4903 Macrobius
2419 4852 2645 4915 autem,
2681 4851 2739 4901 et
2768 4846 3097 4903 Gordianus
3128 4846 3189 4900 in
3222 4847 3421 4917 ignem
3453 4844 3707 4916 conjecti

2060 4937 2425 5005 occubuere;
2462 4936 2806 4991 Valerianus
2832 4953 2966 4991 vero
3016 4935 3090 4991 ad
3131 4935 3469 5007 sepulcrum
3526 4950 3706 4990 sanc-

2060 5034 2257 5084 torum
2289 5027 2551 5098 plorans,
2596 5026 2869 5097 spiritum
2900 5025 3119 5081 emisit.

2711 5202 2932 5259 Eodem
2963 5202 3058 5257 die

2065 5323 2166 5378 30
2200 5324 2480 5377 Certamen
2513 5324 2846 5450 sacrosancté
2891 5318 3157 5446 {nar-tyris
3203 5318 3422 5376 Juliani
3471 5321 3710 5391 Ancyra?

2716 5399 2774 5449 in
2852 5410 2885 5447 a
2911 5396 3048 5447 atz'a.

2716 5399 2774 5449 in
2806 5396 3048 5449 Galatia.

2134 5482 2357 5539 Licinio
2390 5483 2747 5553 imperatore
2780 5499 2992 5554 magna
3048 5483 3381 5553 persecutio
3429 5481 3710 5538 adversus

2060 5573 2430 5629 Christianos
2460 5576 2621 5626 mota
2653 5577 2762 5627 est.
2796 5574 2933 5626 Erat
2963 5578 3161 5627 autem
3190 5588 3371 5643 prope
3413 5578 3708 5641 Ancyram

2068 5663 2308 5719 Galatiaa
2339 5660 2648 5734 presbyter
2678 5661 2832 5731 pius,
2870 5661 3110 5716 nomine
3140 5660 3430 5727 Julianus,
3466 5659 3568 5729 qui
3621 5654 3706 5708 vi-

2065 5751 2262 5808 tanda:
2288 5750 2722 5822 persecutionis
2745 5765 2923 5805 causa
2939 5750 2999 5805 in
3026 5749 3279 5805 densum
3293 5751 3557 5802 montem
3580 5751 3707 5797 sese
