4030 6196
399 465 475 522 47

1710 445 2148 510 MENOLOGII
2192 453 2404 518 PARS
2445 456 2499 520 l.

3724 453 3804 514 48

395 600 640 672 recepit,
673 599 822 654 etin
871 609 1050 666 specu
1104 608 1226 648 una
1275 606 1412 646 cum
1468 588 1601 644 aliis
1650 585 2041 659 quadraginta

2178 580 2285 664 ἶρος
2346 587 2499 648 δασύ.
2559 591 2662 650 Καὶ
2717 590 3114 669 κατεκρόπτετο
3189 593 3241 647 ἓν
3301 587 3581 662 σπηλαίῳ,
3670 589 3806 662 μετὰ

402 690 633 760 duobus
663 687 884 743 sanctis
911 701 972 739 se
1005 681 1252 737 abdidit.
1281 681 1424 736 Cum
1456 683 1654 734 autem
1679 677 1853 748 juxta
1883 690 2053 730 mon-

405 785 528 835 tem
559 781 714 833 esset
769 771 1083 828 delubrum
1142 769 1267 824 dea)
1324 766 1636 840 cujusdam
1689 766 2054 827 Graecorum,

410 885 589 939 quam
620 867 874 919 Ilecaten
907 864 1135 926 vocant,
1169 863 1228 912 et
1257 859 1506 928 Ancyrae
1539 869 1758 926 praeses
1789 852 1932 906 illuc
1962 867 2056 906 sa-

313 981 322 998 »
412 953 716 1014 crificandi
745 967 921 1006 causa
947 949 1261 1004 adventare
1311 945 1547 1015 soleret,
1596 941 2057 1014 requirebantur

413 1045 619 1110 sancti,
654 1046 718 1096 ut
747 1044 1120 1111 caperentur.
1153 1036 1266 1091 Sed
1291 1052 1426 1091 cum
1458 1033 1722 1105 quotidie
1774 1031 1907 1102 quis
1951 1045 2052 1084 eo-

411 1151 543 1190 rum
575 1132 790 1196 exiret,
815 1135 880 1184 ut
909 1144 1122 1198 aquam
1154 1143 1225 1180 ex
1254 1125 1522 1196 proximo
1547 1123 1708 1178 fonte
1769 1120 2054 1184 hauriret,

411 1238 591 1294 quam
623 1219 854 1276 caeteris
885 1215 1205 1272 bibendam
1255 1213 1566 1285 praeberet,
1611 1210 1819 1282 obtigit
1851 1212 2056 1263 sancto

409 1312 662 1375 Juliano,
695 1315 762 1363 ut
789 1311 1110 1377 aquaretur
1135 1321 1146 1357 :
1172 1303 1272 1374 qui
1296 1307 1647 1372 conspectus
1668 1300 2055 1354 aGraecorum

411 1397 790 1471 quihusdam,
825 1392 1409 1464 comprehensusque
1441 1393 1500 1444 et
1528 1388 1782 1455 vinctus,
1805 1383 1879 1440 ad
1903 1399 2058 1455 pras-

412 1487 603 1544 sidem
635 1483 969 1540 adducitur.
999 1482 1143 1535 Cum
1174 1485 1374 1535 autem
1405 1493 1625 1550 praeses
1655 1475 1828 1529 illum
1858 1472 1930 1527 de
1962 1487 2056 1525 re-

409 1577 593 1648 liquis
624 1575 1092 1646 percontaretur,
1121 1569 1246 1640 ipse
1278 1583 1410 1622 vero
1435 1565 1737 1621 neminem
1759 1561 2056 1635 proderet,

413 1667 519 1724 sed
549 1665 843 1721 Christum
875 1660 1061 1714 libere
1091 1658 1504 1731 proﬁteretur;
1539 1655 1668 1727 ejus
1697 1651 1876 1724 capiti
1908 1667 2058 1706 can-

416 1762 564 1816 dens
595 1757 780 1813 cassis
811 1753 1174 1825 imponitur:
1235 1749 1449 1805 deinde
1499 1747 1782 1818 scalptus,
1833 1749 1892 1799 et
1937 1758 2060 1818 gra-

418 1849 655 1907 vissime
685 1851 896 1912 tortus,
929 1841 1276 1897 decollatur.

972 1956 1212 2012 EODEM
1253 1954 1502 2010 MENSE.

943 2074 1048 2129 Die
1078 2071 1310 2126 decima
1341 2071 1553 2140 quarta

421 2200 514 2257 87
562 2193 1013 2253 Commemorat-io
1044 2187 1411 2316 Exacltation-is
1443 2187 1702 2256 pretiosa?
1731 2190 1784 2240 et
1833 2184 2067 2252 uiuiﬁcae

1186 2275 1353 2314 ruczs.

1186 2275 1353 2314 TllC‘tS.

489 2381 912 2441 Constantinus
943 2380 1204 2448 Magnus,
1228 2374 1575 2444 primusque
1595 2370 2066 2426 Christianorum

423 2477 768 2545 imperator,
790 2467 1032 2541 gerebat
1060 2463 1379 2535 aliquando
1410 2460 1656 2527 bellum,
1716 2465 1784 2514 ut
1827 2459 2069 2530 quidam

422 2564 647 2618 dicunt.
681 2563 878 2615 Romae
911 2555 1190 2610 adversus
1212 2551 1918 2619 Maxentium,antequam
1959 2548 2068 2602 im-

426 2652 590 2724 perio
605 2650 927 2722 potiretur;
951 2650 1018 2699 ut
1033 2658 1166 2698 vero
1189 2641 1289 2696 alii
1319 2639 1602 2705 sentiunt,
1627 2638 1910 2693 adversus
1933 2637 2068 2708 Scy-

427 2743 562 2797 thas
594 2739 666 2794 ad
700 2735 1030 2792 Danubium
1071 2731 1334 2788 ﬂuvium.
1387 2730 1532 2783 Cum
1585 2733 1783 2784 autem
1827 2742 2071 2798 magnas

429 2830 688 2886 hostium
720 2825 920 2896 copias
947 2825 1236 2886 cerneret,
1289 2833 1442 2890 aager
1497 2817 1716 2887 animo,
1779 2816 2070 2886 inopsque

430 2917 687 2984 consilii,
723 2916 792 2970 de
824 2913 909 2968 rei
941 2911 1100 2966 exitu
1134 2925 1334 2964 secum
1362 2906 1689 2961 dubitabat.
1725 2905 1836 2960 Sed
1895 2908 2074 2959 noctu

427 3010 636 3064 videns
667 3004 988 3077 pretiosam
1025 3015 1262 3054 crucem
1295 2999 1354 3051 in
1388 2996 1533 3051 caelo
1565 3012 1699 3050 cum
1729 2993 2074 3068 hujusmodi

427 3096 814 3169 inscriptione
849 3093 1004 3146 inter
1035 3089 1263 3144 sidera:
1298 3084 1775 3151 Constantine,in
1808 3083 1918 3138 hoc
1949 3083 2075 3138 vin-

433 3207 532 3246 ces
557 3204 569 3242 :
603 3183 972 3241 simillimam
994 3179 1080 3233 illi
1099 3192 1337 3232 crucem
1365 3174 1681 3240 efﬁnxit,et
1701 3173 1900 3228 hostes
1917 3173 2074 3236 vicit,

429 3275 826 3344 Quamobrem
849 3286 982 3326 cum
1007 3267 1227 3322 Helena
1251 3269 1436 3320 matre
1457 3263 1805 3334 baptizatus,
1840 3261 2081 3332 optabat

424 3371 747 3444 pretiosam
777 3379 1035 3427 crucem,
1072 3359 1166 3414 cui
1200 3357 1488 3414 Dominus
1511 3354 1725 3410 afﬁxus
1748 3354 1959 3419 fuerat,
1993 3355 2076 3410 in-

425 3443 644 3516 venire.
680 3457 825 3528 Ejus
860 3457 1059 3522 itaque
1092 3453 1282 3503 mater
1304 3443 1731 3516 conquirendae
1755 3443 1947 3499 crucis
1969 3449 2082 3499 stu.

427 3551 524 3607 dio
557 3544 965 3614 Hierosolyma
993 3538 1258 3605 veniens,
1281 3535 1506 3606 reperit
1535 3549 1668 3588 eam
1695 3533 1807 3587 sibi
1833 3533 2082 3588 manife-

431 3645 644 3695 statam
677 3653 710 3689 a
739 3633 978 3704 Cyriaco
1008 3627 1228 3692 Iudaeo,
1254 3625 1354 3696 qui
1379 3629 1586 3695 postea
1609 3621 1924 3693 episcopus
1945 3622 2076 3677 fuit:

435 3743 613 3800 quam
652 3739 785 3778 cum
843 3717 1099 3791 populus
1149 3715 1461 3770 universus
1518 3710 1782 3777 vidisset,
1845 3727 2079 3766 summo

436 3799 650 3890 gaudio
679 3814 924 3867 allectus
951 3808 1079 3862 fuit.
1112 3807 1182 3858 Et
1203 3801 1545 3874 imperatrix
1563 3799 2078 3870 quidemunacum

432 3889 645 3964 senatu
676 3900 841 3956 illam
890 3894 1155 3952 adoravit
1221 3897 1278 3946 et
1337 3889 1603 3945 osculata
1660 3894 1766 3944 est.
1817 3889 2079 3960 Populus

425 4013 586 4064 vero,
619 4008 754 4048 cum
785 4003 1019 4044 summo
1048 3986 1351 4039 teneretur
1381 3977 1696 4034 adorandae
1716 3979 1908 4033 crucis
1929 3978 2081 4034 desi-

423 4085 612 4150 derio,
645 4095 840 4149 neque
871 4076 930 4131 id
962 4073 1072 4128 sibi
1105 4076 1345 4144 propter
1366 4068 1743 4122 innumeram
1767 4065 2077 4125 hominum

2091 1949 2141 2016 B

2155 677 2244 731 καὶ
2273 677 2461 736 ἄλλων
2489 682 2889 758 τεσσαράκοντα
2935 681 3026 736 καὶ
3083 678 3178 736 δυο
3238 679 3430 756 ἁγίων.
3491 678 3686 740 Ὀντος
3745 675 3806 733 δὶ

2157 765 2391 837 πλησίον
2416 775 2512 825 τοῦ
2539 768 2700 846 ὅρους
2727 769 3009 828 είδωλείου
3041 773 3138 841 τῆς
3167 771 3289 833 θεᾶς
3319 774 3427 824 τῶν
3491 766 3798 838 Ἑλλήνων,

2155 862 2255 926 τῆς
2289 857 2597 934 λεγομένης
2626 862 2875 932 Ἑκάτης,
2935 860 3024 917 καὶ
3079 865 3176 915 τοῦ
3231 866 3331 930 τῆς
3391 856 3656 933 Ἀγκύρας
3703 854 3800 931 ἄρ’

2159 965 2360 1020 χοντος
2390 948 2722 1013 ἀπελθόντος
2779 951 2891 1006 ἐκεῖ
2947 954 3100 1014 θῦσαι
3158 950 3321 1023 αὐτῇ,
3380 947 3690 1022 ἀνεύρονται
3748 947 3803 1001 οἱ

2161 1036 2309 1109 ἅγιοι
2358 1046 2717 1114 κρατηθῆναι.
2780 1040 3115 1114 Ἐξήρχοντο
3170 1035 3228 1093 δὲ
3271 1037 3584 1112 καθημὲραν
3619 1037 3695 1097 εἷς
3729 1037 3808 1100 εἷς

2162 1125 2214 1179 οἱ
2246 1126 2412 1200 ἅγιοι,
2442 1127 2531 1183 καὶ
2591 1123 2900 1203 ἐλάμϐανον
2960 1125 3109 1202 ὕδωρ
3141 1126 3200 1182 ἐκ
3245 1134 3344 1197 τῆς
3403 1124 3637 1196 πλησίον
3696 1145 3806 1194 πη-

2160 1221 2287 1290 γῆς,
2317 1216 2406 1270 καὶ
2439 1215 2686 1288 έπότιζον
2715 1218 2845 1280 τοὺς
2904 1216 3156 1279 λοιποὺς.
3217 1215 3428 1292 Ἐλαχε
3475 1212 3532 1269 δὲ
3582 1215 3677 1268 καὶ
3729 1216 3810 1284 τῷ

2163 1306 2300 1381 ἁγίῳ
2331 1307 2612 1381 Ἰουλιανῷ
2643 1309 2863 1384 γεμίσαι
2894 1306 3064 1382 ὕδωρ.
3100 1307 3202 1364 Καὶ
3237 1304 3440 1370 ἰδόντες
3468 1305 3630 1361 αὐτόν
3667 1324 3811 1366 τινες

2159 1399 2268 1450 τῶν
2349 1395 2638 1468 Ἑλλήνων
2721 1395 3047 1473 ἐκράτησαν,
3099 1395 3194 1452 καὶ
3251 1391 3509 1466 δήσαντες
3591 1393 3812 1468 ἀπήγα-

2159 1490 2360 1560 γοντῷ
2388 1483 2638 1562 ἄρχοντι.
2683 1487 2786 1544 Καὶ
2845 1484 3143 1561 ἐρωτηθεὶς
3197 1483 3288 1540 καὶ
3344 1484 3468 1556 περί
3523 1487 3630 1539 τῶν
3690 1482 3815 1538 λοι-

2161 1579 2299 1645 πῶν,
2328 1577 2416 1630 καὶ
2453 1578 2529 1650 μή
2590 1575 2903 1655 φανερώσας
2950 1574 3170 1645 αὐτοὺς,
3230 1571 3375 1630 ἀλλὰ
3427 1573 3519 1628 τὸν
3579 1572 3808 1646 Χριστὸν

2162 1663 2441 1740 παῤῥησίᾳ
2471 1665 2852 1741 ὁμολογήσας,
2893 1664 3226 1741 περιτίθεται
3286 1662 3375 1718 ἐπὶ
3425 1663 3525 1731 τὴν
3568 1658 3816 1739 κεφαλὴν

2163 1751 2392 1809 κασσίδα
2447 1755 2971 1830 πεπυρακτωμένην.
3033 1753 3163 1810 Εἶτα
3219 1750 3423 1825 ξεσθεὶς
3476 1749 3570 1806 καί
3633 1771 3821 1824 τιμω-

2165 1841 2351 1915 ρηθεὶς
2383 1841 2646 1918 ἰσχυρῶς,
2677 1839 3108 1919 ἀπεκεφαλίσθη.

2721 1960 2904 2016 MHNl
2932 1961 3020 2038 T9
3049 1961 3244 2036 arra.

2952 2075 3031 2131 IA‘

2170 2190 2234 2244 ’Π
2291 2191 2594 2265 ἀνάμνησις
2643 2196 2746 2260 τῆς
2806 2189 3065 2276 ὑψιίὶσεως
3112 2185 3211 2243 τοῖ’»
3265 2187 3458 2261 τιμίου
3530 2187 3621 2242 καὶ
3678 2191 3818 2256 ζωο-

2767 2282 2930 2316 ποιου
2964 2281 3220 2333 σταυρου.

2244 2383 2643 2442 Κωνσταντῖνος
2696 2379 2724 2433 ὁ
2781 2379 2964 2454 Μέγας
3017 2377 3104 2433 καὶ
3164 2377 3383 2452 πρῶτος
3437 2375 3490 2431 ἐν
3563 2377 3816 2452 Χριστια-

2173 2474 2287 2530 νοῖς
2323 2467 2577 2543 βασιλεὺς
2608 2473 2728 2544 εἶχε
2755 2469 2888 2524 ποτὲ
2922 2466 3194 2540 πόλεμυν,
3253 2466 3328 2528 ὡς
3385 2467 3478 2539 μὲν
3536 2486 3678 2528 τινες
3727 2464 3829 2520 λέ-

2175 2579 2386 2634 γουσιν,
2437 2557 2489 2612 ἐν
2546 2557 2615 2633 τῇ
2663 2558 2853 2632 Ῥώμῃ
2912 2558 3047 2612 κατᾶ
3132 2556 3487 2632 Μαγνεντίου,
3553 2554 3660 2628 πρὸ
3718 2554 3822 2608 τοῦ

2176 2654 2441 2722 κρατῆσαι
2465 2653 2566 2716 τῆς
2601 2644 2898 2722 βασιλείας’
2941 2647 3017 2709 ὡς
3045 2642 3103 2700 δὲ
3129 2643 3328 2718 ἕτεροι,
3386 2642 3460 2705 εἷς
3506 2643 3598 2697 τὸν
3647 2641 3823 2696 Δούν-

2177 2731 2330 2792 ναϐιν
2379 2735 2627 2809 ποταμόν
2684 2736 2820 2791 κατὰ
2877 2737 3123 2791 Σκυθῶν.
3181 2735 3401 2790 Βλέπων
3430 2730 3486 2787 δὲ
3540 2731 3666 2793 τοὺς
3715 2753 3825 2788 πο-

2179 2825 2410 2898 λεμίους
2441 2823 2714 2892 πολλούς,
2755 2823 3031 2894 ἐλυπεῖνο,
3087 2823 3180 2878 καὶ
3229 2821 3502 2897 διηπόρει.
3553 2818 3711 2878 Ἀλλ’
3767 2820 3824 2876 έν

2179 2918 2248 2989 τῇ
2273 2914 2424 2968 νυκτὶ
2457 2915 2557 2988 ὁρᾷ
2585 2914 2678 2969 τὸν
2706 2913 2890 2986 τίμιον
2923 2913 3148 2989 σταυρὸν
3205 2913 3257 2968 έν
3311 2913 3392 2985 τῷ
3451 2909 3684 2986 οὐρανῷ,
3732 2911 3831 2965 καὶ

2183 3005 2394 3081 γραφὴν
2454 3000 2524 3058 δι’
2597 3004 2832 3079 ἀστέρων
2920 3001 3214 3074 δηλοῦσαν·
3295 3005 3682 3068 Κωνσταντῖκε,
3769 2999 3824 3054 έν

2182 3093 2360 3167 τούτῳ
2410 3093 2548 3150 νίκα.
2607 3096 2848 3163 Ποιήσας
2903 3093 2991 3147 οὗν
3054 3091 3251 3166 ὅμοιον
3298 3091 3552 3166 σταυρὸν,
3615 3087 3835 3158 ἐνίκησε

2183 3184 2310 3246 τοὺς
2344 3183 2597 3259 ἐχθρούς.
2631 3186 2733 3240 Καὶ
2769 3182 3080 3261 βαπτισθεὶς
3129 3181 3221 3236 σὺν
3251 3181 3321 3257 τῇ
3379 3178 3574 3256 μητέρι
3614 3178 3832 3252 Ἑλένη,

2109 3312 2152 3380 c
2186 3270 2453 3344 ἠθέλησεν
2503 3273 2676 3347 εὑρεῖν
2750 3274 2842 3328 τὸν
2891 3272 3073 3346 τίμιον
3123 3272 3371 3348 σταυρὸν,
3429 3269 3483 3325 έν
3543 3268 3588 3343 ᾧ
3640 3268 3833 3323 ἐσταυ-

2247 3364 2299 3380 ΙΛ
2380 3362 2392 3380 0
2437 3362 2510 3380 vv!
2711 3366 2752 3380 νγ
2797 3363 2812 3380 \
2881 3364 2895 3380 θ
2979 3363 3040 3380 \A
3087 3363 3100 3378 ἱ
3236 3363 3250 3380 ι
3359 3361 3372 3380 1
3577 3360 3590 3378 ⁷
3667 3357 3694 3368 -
3763 3358 3801 3380 ,9

2191 3364 2339 3439 ρώθη
2373 3362 2401 3416 ὁ
2435 3362 2658 3438 Κύριος.
2710 3363 2812 3420 Καὶ
2872 3363 3180 3428 ἀπελοοὸσα
3225 3363 3260 3431 ἢ
3297 3361 3482 3434 μήτηρ
3530 3357 3696 3414 αὐτοῦ
3755 3358 3839 3423 εἷς

2186 3451 2255 3506 τὰ
2310 3449 2686 3528 Ἱεροσόλυμα,
2774 3452 2922 3528 εὗρεν
3011 3451 3168 3507 αὐτὸν
3237 3449 3613 3528 φανερωθέντα
3687 3447 3839 3520 παρᾶ

2190 3542 2464 3615 Κυριακοῦ
2503 3539 2792 3614 Ἰουδαίου,
2855 3546 2952 3597 τοῦ
2994 3541 3284 3616 γεγονότος
3337 3538 3557 3614 ὕστερον
3609 3536 3836 3592 ἐπισκο-

2187 3647 2312 3685 που’
2346 3628 2478 3685 ἴδὼν
2507 3628 2564 3686 δὲ
2616 3630 2774 3686 αὐτὸν
2833 3637 2936 3694 πᾶς
2996 3633 3024 3686 ὁ
3075 3629 3206 3694 λαὸς
3253 3628 3453 3704 ἐχάρη,
3507 3627 3596 3685 καὶ
3653 3645 3831 3700 προσ-

2188 3720 2439 3789 εκύνησεν
2493 3720 2656 3775 αὐτὸν
2715 3723 2750 3790 ἡ
2812 3719 3102 3796 βασίλισσα
3153 3718 3287 3792 μετᾶ
3333 3725 3438 3788 τῆς
3493 3713 3834 3791 συγκλήτου,

2186 3807 2273 3862 καὶ
2313 3809 2614 3880 ἠσπάσατο.
2677 3815 2864 3881 Ζητῶν
2926 3806 2982 3864 δὲ
3040 3809 3130 3863 καὶ
3187 3809 3216 3864 ὁ
3276 3807 3412 3870 λαὸς
3460 3812 3835 3882 προσκυνῆσαι

2186 3897 2275 3951 καὶ
2311 3899 2385 3971 μή
2419 3895 2714 3972 δυνάμενος
2771 3896 2863 3954 διὰ
2917 3899 3007 3954 τὸν
3051 3895 3270 3972 ἄπειρον
3332 3892 3526 3969 ὄχλον,
3587 3893 3835 3967 ᾐτήσατο

2184 3987 2280 4040 κᾶν
2311 3983 2443 4040 ἰδεῖν
2494 3987 2678 4057 αὐτὸν,
2739 3987 2828 4042 καὶ
2887 3987 3086 4062 ἤρξατο
3141 3984 3411 4062 κράζεινὸ
3443 3981 3594 4050 λαὸς,
3656 3980 3825 4056 Κύριε

2184 4071 2435 4145 ἐλέησον,
2467 4076 2554 4130 καὶ
2585 4075 2836 4147 έτυπώθη
2862 4075 2938 4141 εἷς
2967 4076 3194 4150 ὕψωσιν.

422 4175 656 4233 turbam
685 4170 876 4225 facere
907 4165 1130 4229 liceret,
1161 4159 1333 4231 petiit
1361 4163 1425 4212 ut
1455 4155 1566 4211 sibi
1599 4155 1809 4210 saltem
1842 4156 2008 4213 illam
2038 4161 2273 4220 videndi
2301 4172 2564 4238 potestas
2595 4168 2782 4223 ﬁeret.
2817 4168 3002 4233 Quam
3031 4167 3132 4222 ubi
3164 4163 3329 4234 vidit,
3359 4164 3421 4219 in
3442 4163 3597 4218 hanc
3623 4177 3828 4216 vocem

420 4264 679 4340 populus
711 4257 923 4330 erupit.
957 4253 1130 4326 Kyrie
1163 4249 1409 4305 eleison.
1441 4250 1630 4317 Atque
1661 4245 1802 4301 hinc
1833 4248 2218 4309 Exaltationis
2251 4261 2423 4328 typus
2453 4273 2769 4329 expressus
2795 4257 2924 4312 fuit.

1083 4365 1303 4420 Eodem
1335 4361 1429 4417 die

675 4462 774 4520 38
807 4461 1092 4517 Certamen
1123 4455 1302 4510 sancti
1330 4450 1588 4518 martyris
1616 4449 1807 4518 Papae.

492 4589 696 4654 Papas,
731 4579 1057 4635 multorum
1109 4569 1496 4628 certaminum
1554 4565 1771 4620 Christi
1820 4572 2066 4639 martyr,

421 4675 778 4745 imperatore
811 4664 1182 4730 Maximiano,
1207 4678 1275 4714 ex
1303 4657 1545 4729 regione
1562 4655 1893 4726 Lyciaafuit.
1923 4657 2068 4710 Cum

420 4744 619 4820 autem
653 4764 872 4812 rectam
908 4753 1082 4808 [idem
1112 4750 1370 4810 doceret,
1419 4751 1477 4800 et
1531 4745 1715 4798 libere
1770 4744 2066 4799 Christum

415 4852 819 4924 profiteretur,
853 4841 1173 4910 multisque
1205 4840 1634 4900 Graecorummt
1655 4834 1712 4887 in
1743 4833 1910 4887 illum
1940 4850 2069 4888 cre-

417 4921 645 4998 derent,
680 4932 1085 5006 persuaderet,
1139 4925 1409 4998 proditus
1460 4922 1722 4994 prasidi,
1776 4927 1834 4975 et
1859 4924 1930 4976 ab
1964 4921 2066 4976 illo

417 5017 1254 5098 comprehensus,gravissime
1272 5013 1531 5084 primum
1557 5011 1834 5066 caeditur:
1852 5009 2067 5064 deinde

417 5115 734 5172 confractis
766 5110 1044 5168 omnibus
1077 5106 1196 5161 oris
1229 5103 1485 5172 ossibus,
1520 5116 1844 5171 suspensus
1871 5099 2068 5154 duris-

419 5207 567 5261 sime
586 5203 890 5274 scalpitur.
913 5202 1051 5254 Post
1071 5197 1197 5250 hanc
1219 5194 1485 5248 induitur
1505 5189 1926 5246 calceamentis
1948 5189 2068 5244 fer-

418 5294 558 5362 reis,
584 5293 762 5348 clavis
781 5287 1120 5362 ingentibus
1143 5290 1200 5340 et
1220 5282 1409 5338 acutis
1433 5278 1703 5344 conﬁxis,
1720 5278 2066 5350 cogiturque

419 5382 588 5453 equis
619 5393 980 5452 praecurrere
1011 5375 1083 5430 ab
1116 5373 1260 5429 urbe
1293 5388 1399 5426 sua
1425 5369 2065 5435 Diocaaéaream,atque

417 5472 555 5526 inde
573 5469 900 5524 Seleuciam
919 5481 1128 5537 usque.
1155 5463 1258 5518 Cui
1277 5463 1435 5516 hunc
1453 5461 1513 5514 in
1543 5456 1784 5513 modum
1800 5455 2064 5510 currenti

417 5561 652 5617 obviam
683 5559 839 5615 facta
869 5556 1086 5612 mulier
1108 5552 1403 5626 quaedam,
1427 5550 1586 5604 lineo
1611 5561 1806 5618 panno
1826 5543 2065 5616 sangui-

411 5667 554 5706 nem
587 5651 717 5723 ejus
748 5647 1140 5719 abstergebat,
1175 5641 1670 5708 osculabaturque
1696 5650 1830 5690 cum
1861 5631 2063 5704 lacry-

413 5740 547 5800 mis.
584 5721 848 5812 Denique
879 5736 987 5796 sub
1012 5733 1289 5807 caprifico
1309 5729 1653 5798 collocatus,
1677 5728 1798 5781 tam
1811 5721 2068 5794 graviter

2097 4380 2145 4446 D

2761 4371 2844 4443 Τῇ
2875 4367 3009 4443 αὐτῇ
3043 4369 3224 4442 ἡμέρᾳ

2457 4457 2724 4530 Ἀθλησις
2746 4462 2843 4515 τοῦ
2873 4457 3029 4536 ἁγίου
3063 4459 3338 4532 μάρτυρος
3364 4454 3542 4514 "dum.

2250 4549 2311 4606 Ὀ
2367 4547 2680 4612 πολύαθλος
2744 4550 2948 4624 μάρτυς
3016 4545 3114 4604 τοῖ’)
3196 4551 3429 4622 Χριςτοῦ
3520 4543 3706 4606 Πάπας
3755 4540 3828 4610 ἦν

2180 4637 2396 4706 ἐπὶτῆς
2431 4637 2710 4713 βασιλείας
2771 4638 3136 4710 Μαξιμιανοῦ,
3198 4634 3258 4690 ἐκ
3310 4640 3412 4702 τῆς
3472 4632 3660 4707 χώρας
3720 4633 3833 4686 Αυ-

2179 4728 2317 4792 κίας.
2352 4726 2625 4781 Διδάσκων
2657 4725 2713 4781 δὲ
2758 4728 2856 4796 τήν
2906 4726 3070 4800 ὀρθήν
3129 4725 3333 4792 πίστιν,
3393 4721 3479 4774 καὶ
3525 4717 3825 4790 ὁμολογῶν

2181 4817 2457 4893 παρῥησίᾳ
2484 4817 2574 4871 τὸν
2611 4816 2864 4890 Χριστὸν,
2923 4814 3012 4868 καὶ
3064 4808 3311 4870 πολλοὺς
3364 4811 3471 4862 τῶν
3531 4803 3828 4875 Ἑλλήνων

2179 4909 2382 4971 πείθων
2413 4905 2678 4961 πιστεύειν
2713 4903 2788 4964 εἰς
2818 4901 3000 4970 αὐτὸν,
3042 4896 3387 4971 κατεμηνύθη
3445 4899 3526 4966 τῷ
3571 4892 3827 4968 ἄρχοντι,

2180 4997 2268 5052 καὶ
2299 4995 2584 5069 κρατηθεὶς
2617 4993 2740 5066 παρ’
2785 4991 2968 5060 αὐτοῦ,
3027 4993 3241 5063 πρῶτον
3307 4986 3401 5060 μὲν
3440 4982 3638 5062 ἐτύφθη
3696 5004 3829 5059 σφο-

2183 5083 2344 5160 δρῶς.
2378 5084 2480 5142 Καὶ
2514 5077 2798 5157 συνετρίϐη
2832 5078 3005 5134 πάντα
3054 5078 3120 5133 τὰ
3175 5076 3306 5131 ὀστᾶ
3361 5073 3457 5130 τοῦ
3502 5073 3826 5148 προσώπου.

2179 5157 2405 5231 Ἔπειτα
2459 5169 2797 5247 κρεμασθεὶς,
2855 5166 3040 5240 έξέσθη
3115 5165 3200 5222 ἐπὶ
3287 5162 3453 5220 πολύ.
3532 5163 3630 5220 Καὶ
3693 5157 3830 5234 μετὰ

2180 5267 2348 5318 ταῦτα
2415 5257 2651 5330 ὗποδέθη
2710 5254 3037 5329 ὑποδήματα
3117 5253 3336 5330 σιδηρᾶ,
3395 5251 3569 5323 ἥλους
3628 5247 3830 5324 ἔχοντα

2185 5350 2426 5427 μακροὺς
2479 5349 2566 5404 καὶ
2634 5347 2793 5420 ὀξεῖς.
2857 5344 2954 5400 Καὶ
3011 5344 3282 5416 ἠλαύνετο
3333 5341 3670 5414 τυπτόμενος
3726 5334 3831 5410 ἕμο

2180 5441 2406 5516 προσθεν
2436 5437 2644 5506 ἳππων,
2669 5435 2775 5491 ἀπὸ
2803 5441 2903 5505 τῆς
2937 5431 3078 5497 ῗδίας
3134 5431 3375 5503 πόλεως,
3423 5429 3528 5490 ἓως
3578 5430 3678 5492 τῆς
3723 5422 3827 5480 πό-

2182 5529 2322 5592 λεως
2357 5525 2788 5602 Διοκαισαρείας,
2817 5521 2908 5579 καὶ
2969 5524 3075 5579 ἀπὸ
3125 5521 3347 5590 ταύτης,
3403 5513 3508 5579 ἕως
3565 5518 3665 5580 τῆς
3723 5518 3828 5566 Σε-

2181 5619 2423 5682 λευκίας·
2483 5601 2746 5695 Τρέχοντι
2805 5611 2864 5670 δὲ
2914 5613 3062 5686 αὐτῷ
3144 5606 3495 5677 ἀπαντήσασά
3551 5624 3634 5666 τις
3685 5601 3825 5677 γυνή

2179 5688 2547 5787 ἀπεσπόγγιζε
2581 5688 2715 5783 μετὰ
2745 5703 2899 5764 λινοῦ
2929 5702 2996 5758 τὰ
3023 5701 3232 5776 αἳματα
3271 5695 3456 5768 αὐτοῦ,
3501 5693 3591 5751 καὶ
3642 5688 3830 5765 ἠσπά-
