4042 6206
253 287 322 348 ιι)
1709 283 2200 347 SEPTEMBER.
3594 295 3674 371 50

254 425 372 490 ζετο
438 418 569 473 αὖτά
617 416 897 473 κλαίουσα.
968 420 1103 475 Είτα
1166 417 1337 482 τεθεὶς
1411 416 1665 473 ὑποκάτω
1731 423 1886 487 συκῆι

2016 420 2284 491 caaditur,
2344 422 2534 477 donec
2584 422 2859 494 spiritum
2909 424 3157 479 Domino
3218 425 3478 481 tradidit.
3535 428 3675 483 Post

258 509 459 583 ἀγρίας,
512 508 599 560 καί
646 508 876 577 τυφθεὶς
926 506 1197 582 ἰσχυρῶς,
1246 503 1530 581 παρέδωκε
1579 510 1660 578 τῷ
1717 504 1904 580 Κυρίῳ

254 599 315 652 τὸ
344 601 543 668 πνεῦμα
596 597 797 651 αὐτοῦ.
857 596 1013 654 Μετὰ
1067 594 1126 651 δὲ
1182 595 1406 660 θάνατον
1449 596 1641 668 αὐτοῦ,
1691 595 1903 670 ἐγένετο

247 685 581 759 atus-2096,90;
614 687 654 753 ἡ
690 692 856 755 συκῆ.

793 804 971 861 nam
1011 805 1106 881 Τῼ
1152 804 1345 882 mo.

1032 920 1118 976 IE'

282 1038 564 1109 ’Δθλησις
649 1042 753 1093 τοῦ
820 1037 979 1113 ἁγίου
1061 1034 1546 1113 μεγαλομάρτυρος
1600 1038 1828 1108 Νικήτα.

283 1155 345 1211 Ὁ
401 1152 632 1226 ἔνδοξος
696 1153 900 1226 μάρτυς
972 1158 1071 1208 τοῦ
1129 1154 1367 1229 Χριστοῦ
1424 1154 1663 1223 Νικήτας
1721 1154 1900 1228 ὑπῆρ-

220 1263 315 1318 χεν
366 1243 459 1298 ἐπὶ
513 1250 623 1311 τῆς
680 1241 965 1317 βασιλείας
1019 1241 1421 1297 Κωνσταντίνου
1462 1245 1561 1295 τοῦ
1607 1239 1895 1316 Μεγάλου,

223 1334 419 1396 Γότθος
450 1334 516 1386 τὸ
550 1334 739 1406 γένος,
771 1330 992 1407 εὐγενὴς
1044 1330 1098 1386 ἐν
1142 1336 1262 1392 τοῖς
1308 1330 1556 1398 Γότθοις,
1587 1330 1679 1385 καὶ
1710 1328 1893 1385 πλού-

221 1440 355 1483 σιος·
420 1422 532 1476 ὑπὸ
615 1418 677 1476 δὲ
751 1419 1019 1498 Θεοφίλου
1085 1425 1181 1475 τοῦ
1236 1421 1535 1477 ὁσιωτάτου
1596 1419 1896 1475 ἐπισκόπου

220 1516 448 1576 Γοτθίας
510 1509 785 1585 ἐδιδάχθη
844 1512 1050 1569 πίστιν.
1111 1513 1234 1568 Τῶν
1297 1509 1354 1566 δὲ
1411 1511 1627 1576 Γότθων
1680 1510 1759 1574 είς
1797 1508 1894 1565 δύο

223 1603 360 1675 μέρη
410 1600 923 1676 διαχωρισθέντων,
968 1601 1058 1655 καὶ
1109 1604 1207 1655 τοῦ
1254 1601 1348 1673 μὲν
1401 1601 1517 1662 ὶνὸς
1566 1601 1769 1675 μέρους
1796 1597 1887 1654 ἕνα

219 1691 449 1767 ἔχοντος
508 1688 776 1765 ἄρχοντα,
832 1693 931 1744 τοῦ
990 1687 1047 1744 δὲ
1102 1686 1276 1745 ἄλλου
1327 1687 1532 1764 ἓτερον,
1577 1691 1892 1767 προσέφυγε

2016 512 2145 582 ejus
2179 517 2376 567 autem
2410 517 2662 567 mortem
2692 512 2869 582 coepit
2900 530 3027 567 esse
3061 514 3207 570 ficus
3236 515 3560 571 fructifera.

2568 809 2805 863 EODEM
2852 809 3106 864 MENSE.

2538 927 2638 981 Die
2672 927 2903 982 decima
2932 928 3140 998 quinta

2151 1045 2251 1100 89
2287 1044 2569 1099 Certamen
2594 1047 2772 1099 sancti
2796 1048 2986 1114 magni
3016 1048 3274 1114 martyris
3304 1048 3522 1102 Νίσαια).

2082 1164 2311 1219 Nicetes
2341 1163 2662 1234 praeclarus
2696 1162 2909 1217 Christi
2936 1168 3161 1233 martyr
3192 1163 3301 1217 fuit
3332 1165 3668 1234 imperante

2006 1253 2398 1309 Constantino
2434 1254 2660 1323 Magno,
2692 1268 2907 1319 genere
2955 1252 3224 1318 Gotthus,
3258 1252 3569 1307 nobilitate
3602 1271 3669 1308 ac

2007 1341 2226 1397 divitiis
2258 1342 2414 1395 inter
2454 1340 2771 1411 populares
2822 1357 2960 1394 suos
3006 1340 3250 1405 florens,
3283 1357 3317 1395 a
3345 1342 3665 1412 Theopliilo

2004 1430 2451 1503 religiosissime
2475 1429 2725 1483 Gotthiaa
2748 1429 3025 1499 episcopo
3052 1429 3227 1483 fidem
3247 1429 3661 1484 edoctusCum

2007 1526 2205 1576 autem
2231 1520 2289 1574 in
2314 1519 2461 1573 duas
2484 1518 2773 1572 factiones
2796 1523 2917 1572 tota
2941 1519 3289 1574 Gotthorum
3311 1538 3454 1591 gens
3479 1521 3661 1575 scissa

2006 1609 2417 1679 fuisset,atque
2437 1614 2686 1678 utraque
2706 1623 2877 1661 suum
2899 1607 3007 1661 sibi
3030 1608 3357 1679 principem
3378 1615 3656 1676 creasset;

2006 1700 2268 1772 confugit
2291 1699 2441 1755 alter
2462 1699 2801 1770 principum
2828 1697 2899 1752 ad
2926 1701 3323 1754 Romanorum
3348 1701 3659 1771 imperato-

220 1786 324 1835 τοῦ
353 1781 475 1842 ἑνὸς
509 1782 716 1855 μέρους
747 1781 774 1834 ὁ
810 1778 998 1853 ἅρχων
1046 1784 1126 1851 τῷ
1179 1778 1396 1855 βασιλεῖ
1436 1783 1543 1834 τῶν
1582 1778 1886 1852 Ῥωμαίων⁴

2005 1807 2130 1846 rem
2161 1807 2172 1844 :
2203 1790 2303 1860 qui
2335 1806 2470 1844 cum
2504 1793 2777 1859 suscepta
2808 1789 2866 1841 in
2908 1790 3219 1843 contraria}
3256 1788 3529 1843 factionis
3571 1796 3660 1859 ty-

216 1869 624 1946 ἐκστρατεῦσας
676 1866 735 1923 δὶ
794 1870 822 1922 ὁ
882 1867 1141 1943 βασιλεὺς
1187 1870 1324 1923 κατᾶ
1352 1873 1448 1923 τοῦ
1480 1869 1667 1943 ἐτέρου
1698 1868 1896 1943 ἄρχον-

205 1982 305 2021 τος
358 1965 475 2014 τῶν
528 1959 770 2027 Γότθων,
815 1957 1055 2028 ἐνίκησεν
1104 1958 1286 2029 αὐτὸν,
1340 1959 1429 2013 καὶ
1492 1959 1712 2029 ὑπέταξε
1762 1960 1890 2013 τοὺς

208 2051 477 2112 Γότθους·
512 2048 605 2102 καὶ
638 2047 743 2101 ἀπὸ
773 2048 897 2102 τότε
936 2045 1248 2118 ἐπληθύνθη
1298 2049 1361 2102 τὸ
1407 2049 1562 2121 γένος
1613 2052 1722 2101 τῶν
1754 2048 1890 2122 Χρι-

204 2143 452 2193 στιανῶν
487 2138 541 2191 ἐν
579 2136 786 2198 αὐτοῖς’
839 2141 1061 2209 πρώτου
1111 2132 1267 2199 ὄντος
1316 2142 1413 2192 τοῦ
1463 2138 1622 2213 ἁγίου
1655 2141 1887 2207 Νικήτα,

197 2229 297 2282 καὶ
332 2226 693 2287 διδάσκοντος
726 2225 1003 2301 παρρησίᾳ
1048 2226 1142 2280 τὸν
1189 2226 1318 2281 λαὸν
1361 2228 1459 2295 τήν
1512 2227 1587 2289 εἷς
1642 2227 1876 2301 Χριστὸν

196 2317 432 2371 πίστιν.
479 2317 628 2373 Μετᾶ
675 2313 729 2369 δὲ
770 2317 872 2383 τὴν
925 2315 1272 2392 ὑποστροφὴν
1320 2321 1415 2370 τοῦ
1468 2314 1737 2391 βασιλέως
1785 2336 1884 2387 μα-

198 2404 401 2469 νέντες
460 2406 511 2459 οἱ
567 2405 773 2459 ἄπιστοι
855 2409 963 2458 τῶν
1044 2404 1281 2475 Γότθων,
1333 2405 1584 2473 έκίνησαν
1640 2402 1888 2478 διωγμὸν

195 2497 350 2553 κατᾶ
382 2500 495 2551 τῶν
529 2500 893 2570 Χριστιανῶν·
947 2495 1037 2550 καὶ
1094 2495 1222 2558 τοὺς
1286 2497 1382 2570 μὶν
1431 2494 1636 2558 ἄλλους
1682 2492 1874 2550 ἐϐασά-

188 2608 359 2642 νισαν
396 2583 703 2663 διαφόρως·
754 2586 847 2639 τὸν
892 2582 949 2640 δὶ
998 2586 1157 2660 ἅγιον
1208 2588 1450 2657 Νικήταν
1484 2584 1671 2641 πολλὰ
1696 2606 1888 2659 τιμω-

204 2678 490 2751 ρήσαντες
522 2675 657 2750 πυρὶ
687 2674 1034 2750 παρέδωκαν.

808 2794 890 2863 Τῇ
921 2790 1059 2865 αὐτῇ
1099 2791 1304 2867 ἡμέρᾳο

284 2911 512 2983 Μνήμη
566 2914 666 2965 τοῦ
712 2910 869 2965 ὁσίου
917 2909 1130 2985 Πατρὸς
1172 2910 1334 2982 ἡμῶν
1396 2908 1670 2974 Φιλοθέου
1720 2911 1819 2963 τοῦ

842 2986 1296 3057 Θαυματουργοῦ.

287 3096 564 3159 Φιλόθεος
621 3098 651 3152 ὁ
706 3099 1130 3173 Θαυματουργὸς
1203 3099 1421 3173 ὑπῆρχε
1475 3096 1569 3170 μὲν
1629 3096 1734 3151 ἀπὸ
1790 3100 1888 3152 τοῦ

220 3185 459 3256 θέματος
508 3185 783 3259 Ὀψικίου’
834 3188 901 3254 ἦν
955 3183 1013 3241 δὶ
1060 3180 1445 3260 πρεσϐύτερος·
1495 3183 1681 3240 πολλὰ
1708 3182 1764 3239 δὲ
1791 3186 1884 3239 τὸν

230 3275 359 3329 Θεὸν
452 3274 557 3329 ἀπὸ
651 3274 776 3336 νέας
869 3274 1090 3344 ἡλικίας
1157 3274 1511 3348 θεραπεύσας,
1585 3274 1884 3343 νηστεύων,

242 3361 537 3434 ἆγρυπνῶν,
590 3364 1053 3438 προσευχόμενος,
1103 3363 1195 3417 τὸν
1247 3362 1484 3417 πλοῦτον
1526 3362 1689 3417 αὑτοῦ
1723 3383 1887 3433 σκορ-

244 3449 406 3519 πίζων
438 3452 509 3513 εἷς
552 3452 680 3515 τοὺς
735 3452 992 3522 πένητας,
1042 3449 1094 3505 ἐν
1154 3453 1339 3526 θρήνῳ
1375 3452 1463 3505 καὶ
1495 3450 1761 3523 κλαυθμῷ
1792 3453 1887 3515 τὰς

249 3539 445 3613 ἡμέρας
499 3539 662 3595 αὐτοῦ
704 3538 927 3614 διάγων,
998 3538 1087 3594 διὰ
1140 3541 1203 3594 τὸ
1280 3539 1477 3594 ἐννοεῖν
1535 3540 1628 3602 τὰς
1686 3540 1885 3604 ἐκεῖθεν

249 3630 351 3679 τῶν
381 3629 711 3703 ἅμαρτώλων
744 3627 1019 3698 κολάσεις,
1052 3628 1140 3684 καὶ
1170 3630 1269 3698 τὴν
1302 3630 1518 3705 γέενναν
1550 3633 1651 3684 τοῦ
1682 3630 1883 3705 πυρὸςο

254 3714 456 3768 καὶτὸν
486 3717 774 3789 ἀκοίμητον
835 3716 1117 3788 σκώληκα·
1176 3718 1267 3773 καὶ
1326 3717 1574 3780 πολλοὺς
1606 3717 1885 3794 ἐπιστηρί-

258 3805 387 3870 ζων,
444 3805 524 3858 xui
582 3806 805 3879 ὠφελῶν
866 3804 957 3861 διὰ
1009 3813 1109 3876 τῆς
1165 3806 1328 3861 αὐτοῦ
1387 3804 1764 3876 διδασκαλίας,
1796 3807 1884 3861 xui

248 3891 540 3965 ἀμέμπτως
592 3900 670 3966 τῷ
726 3900 847 3967 Θεῷ
906 3894 1263 3970 λειτουργῶν,
1318 3894 1529 3969 ἐδέξατο
1573 3896 1889 3972 χαρίσματα

248 3981 701 4059 θαυματουργίας,
753 3983 1015 4058 δαίμονας
1060 3979 1374 4053 ἐκϐάλλειν,
1423 3985 1772 4047 ἀσθενοῦντας
1802 3997 1889 4049 θε-

250 4072 509 4143 ραπεύειν,
558 4073 795 4148 λεπροὺς
844 4076 1175 4150 καθαρίζειν,
1228 4075 1414 4138 ὑετοὺς
1458 4075 1510 4129 ἐν
1558 4080 1677 4137 ταῖς
1728 4070 1888 4148 ἀϐρο·

252 4160 394 4233 χίαις
420 4164 684 4239 κατάγειν⁶
741 4170 890 4219 ποιεῖ
944 4165 1044 4237 γὰρ
1104 4165 1132 4218 ὁ
1190 4163 1394 4239 Κύριος
1440 4164 1751 4236 τὸθέλημα
1779 4168 1889 4218 τῶν

255 4245 589 4324 φοϐουμένων
622 4253 805 4325 αὐτὸν,
836 4254 923 4307 καὶ
964 4260 1065 4322 τῆς
1116 4250 1351 4323 δεήσεως
1388 4253 1561 4307 αὐτῶν
1594 4252 1888 4307 είσακούειο

254 4337 400 4394 ὓῖτω
447 4339 502 4397 δὶ
551 4346 1005 4417 θαυματουργῶν,
1062 4342 1152 4396 καὶ
1220 4347 1338 4403 τοῖς
1414 4343 1890 4417 προσερχομένοις

255 4425 391 4500 αὖτῷ
421 4430 650 4502 ἑτοίμως
677 4430 775 4491 τὰς
820 4430 1061 4500 αἰτήσεις
1092 4432 1373 4505 παρέχων,
1434 4429 1485 4484 ἐν
1537 4432 1729 4506 εἰρήνῃ
1779 4430 1891 4487 ἑτε-

2000 1896 2257 1935 ranuum
2293 1878 2689 1949 expeditione,
2727 1877 3019 1948 insignem
3078 1896 3147 1932 ex
3196 1896 3262 1931 eo
3296 1884 3661 1950 reportasset

1998 1969 2327 2034 victoriam,
2384 1966 2746 2035 Gotthosque
2790 1967 3139 2035 subegisset,
3178 1984 3249 2020 ex
3294 1984 3362 2020 eo
3396 1974 3660 2037 tempore

1998 2074 2186 2131 genus
2217 2055 2687 2110 Christianorum
2740 2054 2894 2106 inter
2924 2055 3167 2107 (iotthos
3200 2055 3659 2126 multiplicatum

1999 2151 2106 2200 est.
2162 2146 2379 2199 Horum
2440 2143 2668 2214 primus
2730 2148 2967 2196 sanctus
3027 2142 3255 2197 Nicetas
3304 2143 3434 2207 fuit,
3471 2145 3661 2213 quiet

1998 2250 2232 2290 summa
2256 2233 2526 2287 libertate
2552 2231 2946 2285 Christianam
2976 2231 3151 2285 fidem
3177 2231 3392 2302 pepulo
3420 2249 3658 2286 annun-

1996 2324 2199 2380 tiabat.
2268 2322 2380 2377 Sed
2448 2327 2762 2393 postquam
2832 2337 3101 2375 reversus
3168 2327 3256 2375 est
3312 2322 3655 2392 imperator,

1997 2413 2193 2468 Gotthi
2226 2411 2500 2466 infideles
2545 2411 2741 2464 furore
2788 2411 3017 2481 perciti,
3070 2416 3365 2465 commota
3396 2411 3455 2464 in
3488 2411 3655 2464 Chri-

1998 2503 2220 2558 stianos
2253 2501 2687 2572 persecutione,
2720 2499 2868 2553 alios
2903 2499 3145 2569 quidem
3178 2499 3350 2553 aliter
3382 2505 3643 2567 torsere;

1997 2592 2261 2646 Nicetam
2294 2596 2491 2644 autem
2540 2588 2972 2659 multiplicibus
3007 2588 3316 2659 suppliciis
3347 2589 3653 2644 excrucia-

1998 2685 2128 2736 tum
2161 2679 2281 2751 igni
2314 2677 2635 2733 tradidere.

2641 2793 2862 2848 Eodem
2916 2793 3012 2848 die

1996 2913 2100 2969 40
2147 2912 2601 2968 Commemoratio
2667 2912 2843 2965 sancti
2910 2912 3096 2965 Patris
3159 2913 3336 2967 nostri
3388 2912 3663 2967 Philotimi

2621 2983 3043 3050 Thaumaturgi.

2071 3100 2418 3156 Philotheus
2450 3100 2943 3170 Thaumaturgus,
2971 3102 3228 3152 sectator
3256 3099 3498 3170 Opsicii,
3530 3114 3663 3170 pre-

2002 3189 2203 3263 sbyter
2230 3189 2360 3253 fuit,
2396 3204 2762 3259 magnusque
2787 3187 2884 3241 Dei
2912 3187 2982 3241 ab
3015 3187 3416 3242 adolescentia
3446 3188 3659 3242 cultor:

1994 3280 2216 3351 quippe
2247 3279 2345 3350 qui
2365 3278 2616 3349 jejuniis
2648 3283 2706 3331 et
2735 3277 3102 3331 orationibus
3133 3277 3369 3331 assidue
3399 3282 3649 3341 vacaret;

1997 3369 2230 3424 divitias
2253 3384 2390 3421 suas
2418 3365 2776 3437 pauperibus
2809 3364 3225 3428 distribueret;
3262 3369 3320 3418 et
3349 3364 3511 3417 luctu
3536 3364 3649 3416 fle-

1994 3464 2176 3527 tuque
2205 3456 2332 3509 dies
2364 3471 2501 3508 suos
2536 3453 2888 3517 traduceret,
2926 3468 3125 3504 secum
3160 3450 3486 3520 reputando
3517 3468 3649 3519 gra-

1992 3546 2264 3600 vissimas
2284 3543 2342 3596 in
2364 3541 2549 3596 altero
2568 3540 2783 3595 smculo
2806 3544 3179 3610 peccatorum
3202 3541 3643 3611 puenas,gel1en-

1993 3653 2133 3691 nam
2166 3634 2338 3706 ignis,
2373 3638 2550 3703 atque
2591 3631 2931 3703 pervigilem
2986 3646 3264 3685 vermem.
3295 3630 3437 3684 Cum
3469 3632 3646 3703 igitur

1994 3726 2215 3781 multos
2246 3723 2645 3788 confirmaret,
2677 3737 2900 3792 suaque
2923 3720 3646 3792 doctrinajuvaret,atque

1994 3815 2296 3886 inculpate
2328 3813 2625 3884 liturgiam
2688 3813 2804 3865 Deo
2863 3812 3121 3877 offerret,
3164 3811 3392 3881 accepit
3421 3811 3647 3865 donum

1991 3903 2435 3969 miraculorum,
2458 3906 2523 3956 ut
2544 3900 2771 3955 scilicet
2789 3900 3124 3954 dmmonese
3140 3900 3651 3969 jiceret,infirmos

1995 3998 2249 4059 curaret,
2284 3992 2549 4063 leprosos
2582 3989 3148 4059 mundaret,pluvias
3174 3989 3233 4041 in
3258 3989 3514 4043 maxima
3538 3989 3652 4041 sic-

1995 4084 2171 4137 citate
2194 4081 2547 4136 adduceret:
2572 4081 2725 4133 Deus
2746 4079 2903 4131 enim
2926 4077 3287 4131 voluntatem
3314 4077 3652 4130 timentium

1999 4188 2061 4226 se
2092 4171 2252 4237 facit,
2277 4185 2601 4242 precesque
2626 4184 2831 4222 eorum
2864 4166 3120 4221 exaudit.
3148 4168 3277 4220 Haec
3304 4164 3655 4219 admiranda

2000 4277 2181 4332 opera
2211 4266 2581 4331 perpetrans,
2614 4265 2672 4310 et
2700 4255 3108 4310 accedentium
3141 4255 3214 4308 ad
3248 4271 3311 4307 se
3342 4252 3654 4322 postulatis

2000 4366 2292 4417 annuens,
2325 4349 2385 4401 in
2417 4363 2559 4418 pace
2604 4345 2877 4399 decessit.
2930 4345 2998 4395 Et
3047 4359 3117 4396 ex
3166 4341 3439 4411 pretiosis
3491 4339 3653 4392 illius

2000 4438 2233 4495 ossibus
2261 4437 2321 4490 in
2354 4434 2625 4505 sepulcro
2659 4431 2915 4486 conditis
2946 4434 3148 4483 manet
3195 4428 3410 4482 mirum
3440 4429 3499 4481 in
3532 4444 3655 4481 mo-

256 4510 476 4585 λειώθη.
511 4519 612 4576 Καὶ
670 4518 856 4595 ταφεὶς
911 4518 1062 4594 βρύει
1111 4516 1429 4593 παραδόξως
1467 4517 1527 4574 ἐκ
1554 4524 1663 4574 τῶν
1691 4519 1886 4593 τιμίων

2005 4528 2145 4583 dum
2177 4525 2436 4581 salutare
2470 4522 2668 4577 oleum
2703 4520 2763 4573 in
2795 4520 2952 4573 hunc
2983 4534 3171 4589 usque
3203 4518 3382 4573 diem.

251 4600 445 4662 ὀστέων
476 4608 643 4664 αὐτοῦ
673 4606 722 4670 ἲς
755 4628 889 4663 σεων
915 4602 1102 4662 ἔλαιον
1128 4608 1294 4682 μέχρι
1315 4613 1417 4677 τῆς
1445 4610 1709 4684 σήμερον.

838 4728 925 4799 Τῇ
955 4724 1093 4799 κῦτῗι
1122 4722 1306 4802 ἡμέρᾳ

245 4841 513 4915 ’Δθλησις
556 4846 665 4897 τῶν
741 4840 914 4916 ἇγίων
965 4840 1297 4916 ,μαρτύρωνμ
1326 4914 1332 4916 Α
1362 4842 1634 4916 Μαξίμου,
1693 4841 1893 4899 Θεοδό-

678 4910 802 4968 τυυ’
826 4913 917 4968 καὶ
963 4910 1461 4984 ’Ᾰσκληπιοδότηςέ

307 5032 481 5089 Οὗτοι
513 5030 763 5105 ἐγένοντο
810 5028 898 5083 ἐπὶ
940 5034 1041 5098 τῆς
1098 5026 1377 5104 βασιλείας
1421 5031 1766 5104 Μαειμιανοῦ
1793 5035 1891 5086 τοῦ

239 5118 475 5177 διώκτου
524 5123 632 5175 τῶν
684 5121 1046 5192 Χριστιανῶν,
1098 5117 1433 5194 ὑπάρχοντες
1490 5119 1596 5176 ἀπὸ
1648 5122 1890 5195 Μαρκια-

235 5211 554 5273 νοοπόλεως
602 5216 705 5279 τῆς
762 5208 997 5282 Θρᾴκης.
1057 5205 1407 5272 Διδάσκοντες
1466 5207 1523 5265 δὲ
1574 5212 1664 5266 τὸν
1725 5210 1889 5285 λόγον

237 5305 329 5356 τοῦ
378 5303 538 5370 Θεοῦ,
598 5297 688 5354 καὶ
746 5299 882 5352 κατὰ
931 5297 1026 5361 τὶς
1080 5296 1304 5362 ἐντολὰς
1333 5300 1500 5353 αὐτοῦ
1528 5299 1890 5372 πορευόμενοι

240 5392 424 5453 νυκτὸς
456 5390 545 5444 καὶ
581 5387 813 5462 ἡμέρας,
870 5387 955 5440 καὶ
1015 5383 1263 5451 πολλοὺς
1319 5388 1424 5442 ἀπὸ
1469 5392 1567 5454 τῆς
1596 5393 1702 5443 τῶν
1735 5385 1894 5443 stac-

246 5482 350 5535 λων
383 5478 597 5548 πλάνης
649 5475 737 5531 ἐπὶ
795 5476 884 5529 τὸν
942 5476 1134 5550 Κύριον
1193 5478 1353 5548 ἠμῷν
1405 5479 1612 5547 Ἰησοῦν
1663 5479 1891 5552 Χριστὸν

250 5572 594 5644 μετάγοντες,
652 5565 1025 5639 ἐκρατήθησαν
1111 5565 1257 5637 παρᾶ
1337 5570 1433 5620 τοῦ
1502 5573 1601 5636 τῆς
1681 5566 1895 5642 Θρᾴκης

250 5654 577 5736 στρατηγοῦ.
626 5655 729 5713 Καὶ
781 5657 999 5729 πρῶτον
1052 5653 1150 5727 μὶν
1201 5654 1499 5729 ἐττόφθησαν
1533 5650 1773 5732 ῥάϐδοις,
1803 5656 1894 5712 καὶ

2655 4726 2873 4782 Eodem
2905 4725 3001 4781 die

2000 4852 2098 4907 ΔΙ
2146 4847 2426 4905 Certamen
2463 4851 2776 4901 sanctorum
2824 4850 3131 4912 martyrum
3178 4843 3432 4912 Maximi,
3482 4845 3651 4899 Theo-

2498 4918 2617 4972 doti
2647 4923 2699 4971 et
2725 4915 3149 4985 Asclepiodotes.

2074 5036 2196 5106 Isti,
2231 5036 2562 5105 imperante
2586 5030 2940 5085 Maximiano
2962 5029 3431 5084 Christianorum
3456 5046 3654 5100 perse-

2002 5131 2225 5191 cutore,
2251 5140 2320 5177 ex
2350 5119 2765 5190 MarcianOpoli
2790 5118 3050 5172 Thraciae
3076 5117 3219 5171 urbe
3246 5117 3655 5173 fuerunt.Cum

2004 5220 2203 5270 autem
2252 5210 2493 5265 verbum
2544 5208 2644 5262 Dei
2695 5207 2998 5270 docerent,
3033 5212 3091 5259 et
3129 5205 3189 5258 in
3220 5206 3498 5259 omnibus
3529 5207 3660 5277 ejus

2006 5301 2322 5374 praeceptis
2352 5299 2446 5353 die
2485 5313 2551 5351 ac
2600 5300 2772 5351 nocte
2820 5294 3184 5360 incederent,
3218 5294 3557 5363 multosque.
3588 5294 3660 5349 ab

2006 5390 2300 5446 idolorum
2367 5401 2565 5440 errore
2624 5384 2697 5437 ad
2758 5383 3070 5436 Dominum
3138 5388 3405 5436 nostrum
3464 5384 3662 5438 Jesum

2004 5479 2303 5534 Christum
2357 5477 2783 5537 converterent,
2834 5471 3245 5540 comprehensi
3280 5488 3313 5525 a
3356 5471 3662 5541 c0piarum

2010 5567 2271 5622 Thracias
2295 5565 2463 5633 duce,
2487 5563 2621 5618 caesi
2644 5561 2905 5633 primum
2928 5560 3124 5631 virgis,
3149 5560 3477 5630 depexique
3502 5565 3658 5624 sunt,

2009 5657 2203 5714 dondc
2229 5672 2362 5712 ossa
2389 5670 2592 5709 eorum
2623 5650 3226 5722 apparerent.Deinde
3248 5649 3511 5720 praecisis
3542 5661 3659 5699 ma-
