4042 6206
342 402 418 462 55
1661 403 2024 467 MENOLOG

2138 406 2343 469 PARS
2386 407 2437 468 l.
3681 407 3761 467 56

338 531 636 610 ἀκρόδρυα,
669 533 942 612 διέτρεφεν
974 531 1160 603 αὐτήν.
1194 534 1325 588 Εἶτα
1356 533 1732 606 εἰσελθοῦσαὴ
1765 535 1925 613 κυρία
1957 534 2124 607 αὐτῆς
2148 535 2283 612 ἐντῇ
2299 536 2540 612 φυλακῇ,
2577 535 2714 611 μετὰ
2750 535 2979 613 μοχλοῦ
3012 532 3241 611 σιδηροῦ
3267 539 3769 612 πεπυρακτωμένου

336 622 545 680 ἀνεῖλεν
574 622 765 696 αύτήν.

905 711 1144 766 EODEM
1175 710 1406 765 MENSE
1418 753 1431 766 .
2020 713 2075 779 Α

843 799 945 855 Die
988 799 1220 855 decima
1250 802 1505 872 septima

343 891 441 946 47
499 889 782 946 Certamen
835 895 1148 944 sanctorum
1202 897 1508 959 martyrum
1557 893 1735 946 Luciaz
1792 890 2001 960 viduae,

632 983 683 1031 et
715 978 1046 1034 Geminiani.
1076 979 1181 1048 ﬁlii
1239 979 1357 1048 ejus
1386 981 1718 1049 spiritualis.

423 1067 598 1122 Lucia
638 1072 882 1139 martyr,
941 1067 1272 1138 imperante
1325 1069 1702 1137 Maximiano,
1742 1069 1802 1124 in
1859 1069 2005 1124 urbe

350 1159 537 1212 Roma
558 1156 768 1227 opibus
798 1173 867 1210 ac
895 1157 1130 1227 generis
1152 1156 1461 1212 nobilitate
1485 1157 1717 1214 claruit.
1737 1159 1879 1212 Cum
1903 1175 2007 1213 au-

353 1250 471 1300 tem
504 1246 1007 1317 septuagesimum
1034 1246 1307 1316 quintum
1325 1247 1516 1302 aetatis
1545 1264 1774 1302 annum
1787 1253 2007 1320 ageret,

355 1335 726 1406 trigesimum
779 1351 914 1389 vero
965 1340 1194 1388 sextum
1253 1335 1313 1389 in
1371 1335 1654 1391 viduitate
1722 1336 2008 1408 explevis-

355 1429 466 1491 set,
500 1423 809 1494 filiumque
865 1439 1037 1477 suum
1087 1423 1439 1495 legitimum,
1500 1426 1844 1496 Eutropium
1903 1442 2008 1480 no-

355 1512 540 1581 mine,
576 1511 868 1566 idolorum
901 1513 1306 1583 superstitioni
1340 1513 1664 1582 addictum,
1690 1514 1762 1568 ad
1793 1515 2008 1568 Christi

356 1600 535 1655 fidem
557 1602 790 1655 trahere
823 1617 1056 1656 summa
1077 1603 1456 1656 contentione
1485 1603 2010 1669 studeret;tantum

356 1688 548 1744 abfuit
576 1689 737 1752 utab
769 1706 969 1744 errore
1001 1690 1171 1744 illum
1203 1696 1490 1757 avocaret,
1525 1697 1590 1746 ut
1620 1697 1869 1746 matrem
1901 1708 2005 1763 po-

358 1778 476 1832 tius
506 1778 632 1850 ipse
663 1794 830 1834 suam
861 1778 935 1833 ad
965 1779 1387 1834 Maximianum
1419 1779 1695 1836 deferret.
1712 1781 2012 1845 Quamob-

361 1883 487 1921 rem
510 1872 801 1938 correpta,
838 1883 973 1922 cum
1005 1867 1181 1922 idolis
1213 1868 1546 1923 sacriﬁcare
1573 1874 1897 1936 recusaret,
1949 1869 2013 1924 in

357 1955 616 2010 lebetem
643 1955 894 2011 ferventi
923 1956 1190 2027 plumbo,
1221 1963 1279 2010 et
1298 1957 1426 2028 pice
1457 1957 1701 2028 plenum
1723 1958 2010 2030 injicitur.

361 2045 472 2099 Sed
500 2045 800 2099 indemnis
821 2045 958 2100 inde
1018 2051 1075 2099 et
1115 2046 1434 2101 incolumis
1455 2063 1712 2118 egressa,
1745 2047 2016 2103 traducta
2043 2081 2090 2146 Β

360 2153 469 2207 per
497 2136 708 2191 urbem
766 2141 824 2190 et
874 2137 1251 2198 circumacta,
1313 2136 1577 2191 cmditur.
1637 2137 1739 2191 Cui
1773 2143 2012 2193 sanctus

365 2226 747 2280 Geminianus
787 2225 1021 2280 obviam
1079 2226 1288 2293 factus,
1346 2231 1700 2296 secutusque
1757 2244 1908 2292 eam,
1961 2216 2022 2282 et

366 2315 541 2386 paulo
574 2320 707 2386 post
733 2313 1080 2384 baptizatus,
1113 2315 1449 2385 appellatur
1496 2315 1823 2385 spiritualis
1858 2317 2020 2371 illius

369 2404 528 2458 ﬁlius
555 2410 763 2473 :atque
792 2419 911 2456 una
935 2419 1068 2456 cum
1101 2403 1231 2473 ipsa
1260 2404 1322 2457 in
1354 2410 1738 2474 conspectum
1763 2405 2018 2476 impera-

366 2493 514 2546 toris
559 2493 829 2559 veniens,
881 2490 1176 2545 Christum
1237 2491 1565 2562 profitetur.
1627 2493 2021 2557 Quamobrem

391 2581 682 2635 ormentis
713 2579 1101 2635 excruciatur.
1137 2580 1247 2634 Sed
1269 2597 1302 2635 a
1333 2586 1536 2636 sancto
1559 2581 1771 2653 angelo
1802 2584 2023 2638 Tauro-

361 2670 631 2725 menium
662 2668 922 2736 adducti,
957 2669 1037 2723 ibi
1069 2669 1457 2724 Geminianus
1487 2670 1727 2740 quidem
1767 2670 1964 2743 gladio
1991 2688 2027 2727 a

361 2758 614 2830 praeside
644 2760 1013 2830 percutitur;
1047 2759 1224 2814 Lucia
1253 2775 1388 2814 vero
1419 2759 1481 2814 in
1529 2775 1674 2831 pace
1723 2759 2024 2818 obdormi.

364 2847 464 2902 vit.

938 2939 1180 2994 EODEM
1212 2939 1465 2996 MENSE.

899 3028 1002 3084 Die
1033 3027 1267 3084 decima
1308 3033 1512 3084 octava

366 3117 466 3174 48
511 3119 798 3173 Certamen
845 3120 1180 3174 sacrosancti
1231 3120 1498 3188 martyris
1553 3119 1845 3186 Simeom's,
1911 3122 2032 3191 cpi-

844 3209 997 3277 scopi
1027 3207 1541 3277 Hierosolymorum.

440 3295 863 3350 Sacrosanctus
893 3299 1120 3367 martyr
1149 3295 1386 3350 Simeon
1414 3297 1615 3352 floruit
1643 3297 1896 3369 Trajano
1915 3300 2033 3355 im'

369 3384 973 3457 peratore,secundus
1004 3401 1036 3440 a
1065 3385 1278 3440 Jacobo
1311 3385 1491 3441 fratre
1511 3387 1741 3442 Domini
1772 3388 2039 3446 Hieroso'

2667 713 2848 769 MHNI
2879 717 2964 790 Τῼ
2991 713 3194 789 ΑΥΤῼ.

2921 802 2996 858 ΙΖ’

2112 885 2380 959 Ἀθλησις
2437 892 2546 944 τῶν
2603 890 2772 966 ἁγίων
2849 888 3135 964 μαρτύρων
3193 889 3428 953 Λουκίας
3497 893 3597 956 τῆς
3653 893 3765 1017 χῖή-

2184 979 2300 1017 βας.
2381 960 2470 1016 καὶ
2574 965 2898 1017 Γεμινιανοῦ
2982 965 3080 1016 τοῦ
3161 967 3531 1017 πνευματικοῦ
3647 967 3765 1017 υοῦ

2183 979 2300 1052 ρας,
2381 960 2470 1016 καὶ
2574 960 2936 1036 Γεμινιανοῦ’
2982 960 3080 1016 τοῦ
3161 967 3531 1036 πνευματικοῦ
3647 960 3767 1017 υίοῦ

2184 1052 2375 1101 αυτης.

2183 1120 2248 1176 Ἡ
2311 1123 2516 1196 μάρτυς
2576 1123 2782 1176 Λουκία
2843 1123 3090 1197 ὑπῆρχεν
3164 1120 3253 1177 ἐπὶ
3325 1130 3428 1192 τῆς
3490 1123 3764 1198 βασιΑείας

2112 1210 2469 1280 Μαξιμιανοῦ,
2531 1209 2583 1264 ἐν
2638 1211 2823 1284 Ῥώμῃ
2879 1215 2947 1284 τῇ
3005 1209 3189 1266 πόλει·
3222 1213 3464 1266 πλουσία
3509 1213 3602 1286 μὲν
3634 1212 3763 1290 σφό-

2114 1295 2232 1372 δρα,
2275 1298 2363 1352 καὶ
2409 1301 2732 1375 περιφανής·
2795 1300 3012 1375 χρόνων
3065 1297 3120 1354 δὲ
3171 1298 3302 1355 οὖσα
3358 1296 3768 1374 ἑϐδομηκοντα-

2113 1387 2290 1455 πὲντε,
2328 1387 2641 1463 χηρεύσασα
2690 1386 2783 1455 ἔτη
2842 1390 3478 1465 τριακονταέξ.Ἒχουσα
3537 1389 3594 1446 δὲ
3650 1392 3768 1446 υἱὸν

2113 1478 2363 1550 γνήσιον,
2451 1475 2680 1548 ὀνόματι
2737 1477 3064 1552 Εὐτρόπιον,
3153 1476 3588 1556 εἷδωλολάτρην,
3674 1479 3775 1535 οὐκ

2114 1563 2345 1636 ἐδυνήθη
2379 1571 2561 1620 πεῖσαι
2594 1567 2754 1622 αὐτὸν
2815 1565 3135 1642 προσελθεῖν
3195 1573 3276 1640 τῷ
3332 1571 3571 1646 Χριστῷ,
3629 1569 3778 1625 ἀλλὰ

2120 1652 2332 1728 μᾶλλον
2360 1655 2712 1728 κατεμηνύθη
2741 1658 2869 1730 παρ’
2905 1655 3074 1710 αὐτοῦ
3121 1661 3201 1728 τῷ
3261 1659 3607 1732 Μαξιμιανῷ,
3667 1659 3774 1714 Καὶ

2115 1746 2468 1818 κρατηθεῖσα,
2524 1746 2614 1800 καὶ
2687 1747 2764 1818 μὴ
2818 1747 3094 1801 πεισθεῖσα
3139 1749 3294 1802 θῦσαι
3335 1753 3456 1810 τοῖς
3498 1746 3776 1819 εἰδώλοις,

2117 1828 2387 1904 ἐνεϐλήθη
2451 1834 2526 1896 είς
2589 1829 2796 1905 λέϐητα
2845 1832 3290 1911 πεπληρωμένην
3327 1833 3632 1909 μολύϐδου,
3684 1840 3783 1894 καὶ

2117 1924 2319 1993 πίσσης
2342 1922 2711 2000 κοχλάζοντα.
2752 1926 2847 1979 Καὶ
2900 1924 3190 1996 ἐξελθοῦσα
3230 1923 3503 1999 ἀϐλαϐὴς,
3544 1931 3778 2004 περιήρ-

2119 2031 2250 2087 χετο
2279 2014 2379 2082 τήν
2439 2015 2602 2068 πόλιν
2662 2014 2999 2086 τυπτομένη.
3063 2018 3372 2086 Συνήντῆσε
3424 2015 3481 2071 δὲ
3535 2018 3564 2072 ὁ
3623 2019 3780 2093 ἅγιος

2121 2105 2457 2175 Γεμινιανὸς,
2518 2104 2608 2158 καὶ
2660 2103 3032 2174 ἠκολούθησεν
3065 2103 3224 2179 αὐτῇ.
3286 2104 3386 2161 Καὶ
3420 2109 3553 2178 μετά
3586 2109 3778 2183 μικρὸν

2128 2191 2467 2266 βαπτισθεὶς,
2531 2190 2740 2264 ἐκλήθη
2819 2193 2986 2262 αὐτῆς
3050 2195 3165 2258 υἱὸς
3247 2195 3634 2268 πνευματικὸς,
3688 2196 3780 2251 καὶ

2126 2279 2217 2334 σὺν
2252 2279 2387 2354 αὐτῇ
2434 2279 2606 2344 ἐλθὼν
2655 2281 2734 2345 εἷς
2791 2281 3078 2356 πρόσωπον
3125 2287 3222 2338 τοῦ
3284 2283 3574 2358 βασιλέως,
3625 2286 3780 2359 ὡμο-

2126 2365 2330 2443 λόγησε
2357 2370 2447 2424 τὸν
2475 2371 2727 2445 Χριστὸν,
2759 2369 2848 2425 καὶ
2906 2369 3250 2446 ἐτιμωρήθη.
3312 2373 3443 2428 Εἶτα
3473 2373 3576 2429 ὑπὸ
3624 2376 3782 2450 ἁγίου

2128 2454 2365 2532 ἀγγέλου
2395 2457 2726 2534 ἀπήχθησαν
2770 2459 2846 2522 είς
2887 2458 2950 2514 τι)
3007 2462 3398 2534 Ταυρομένιον.
3447 2461 3548 2519 Καὶ
3597 2464 3625 2518 ὁ
3687 2465 3785 2536 μὲν

2129 2549 2442 2619 Γεμινιανὸς
2497 2551 2643 2624 παρά
2696 2552 2792 2603 τοῦ
2850 2546 3123 2624 ἄρχοντος
3183 2549 3319 2627 ξίφει
3351 2549 3664 2622 ἐτελειώθη.
3714 2553 3782 2608 ’Π

2130 2632 2187 2690 δὲ
2219 2634 2422 2691 Λουκία
2452 2636 2502 2691 ὲν
2537 2637 2726 2712 εἰρήνῃ
2755 2637 3052 2711 ἐκοιμήθη.

2701 2947 2882 3003 MHNI
2912 2951 3000 3026 Τῼ
3027 2950 3222 3025 ΑΥΤῼ.

2917 3037 3003 3092 ΙΗ¹

2137 3121 2403 3194 Ἀθλησις
2467 3123 2564 3178 τοῦ
2622 3123 2775 3201 ἁγίου
2857 3123 3256 3201 ’ίερομάρτυρος
3326 3127 3577 3199 Συμεὼν,
3666 3128 3785 3184 ἐπι-

2641 3196 2846 3251 σκόπου
2868 3196 3290 3270 Ἱεροσολύμων.

2216 3375 2442 3450 Συμεὼν
2494 3377 2522 3431 ὁ
2578 3376 2948 3451 Ἱερομάρτυς,
3011 3379 3256 3454 ὑπῆρχεν
3319 3379 3407 3435 ἐπὶ
3481 3388 3581 3451 τῆς
3645 3384 3799 3460 βασι·’

361 3473 660 3546 lymorum
681 3474 1158 3544 episcopus.Erat
1183 3474 1344 3530 enim
1359 3475 1756 3532 consobrinus
1775 3478 2024 3550 etipsius

2145 3464 2292 3528 λείας
2348 3467 2644 3540 Τραϊανοῦ,
2725 3464 2975 3541 δεύτερος
3031 3439 3326 3532 ἐπίσκρπος
3393 3439 3793 3546 Ἱεροσολύμων

360 3563 620 3630 Domini,
654 3568 712 3617 et
738 3563 963 3627 Jacobi,
996 3563 1214 3634 Cleopa
1243 3569 1411 3634 patre
1445 3570 1643 3619 natus.
1699 3567 1802 3622 Hic
1851 3569 2035 3633 enim,

363 3657 422 3706 et
450 3651 740 3722 Josephus
770 3657 939 3722 pater
963 3652 1196 3707 Domini
1217 3653 1544 3707 secundum
1570 3670 1809 3710 carnem
1831 3657 2039 3728 appel-

364 3741 814 3811 latus,germani
845 3740 1057 3795 fratres
1091 3747 1278 3794 erant.
1302 3742 1542 3796 Simeon
1566 3748 1767 3797 autem
1791 3760 2034 3801 accusa-

362 3837 460 3887 tus
490 3847 524 3885 a
545 3829 785 3895 Iudaeis,
816 3827 978 3900 quod
1009 3829 1308 3883 Christum
1357 3830 1728 3900 praedicaret,
1759 3849 2034 3904 compre-

364 3921 587 3975 hensus
613 3935 648 3973 a
679 3919 1018 3974 Graecorum
1049 3917 1366 3988 praefectis,
1388 3919 1731 3990 gravissime
1761 3921 2030 3996 caeditur.

366 4008 592 4063 Deinde
627 4006 830 4061 multis
890 4007 1203 4060 tormentis
1254 4005 1579 4078 subjectus,
1617 4010 1678 4063 in
1733 4026 2032 4066 carcerem

371 4096 708 4165 conjicitur,
744 4101 810 4148 ut
839 4095 993 4149 fame
1045 4101 1102 4148 et
1158 4095 1434 4166 squalore
1489 4098 1900 4155 conﬁceretur.
1936 4101 2032 4154 ln-

373 4183 444 4238 de
481 4184 750 4250 eductus,
785 4199 916 4236 cum
945 4183 1111 4237 nulla
1163 4185 1392 4239 ratione
1443 4184 1656 4240 adduci
1687 4194 1908 4257 posset,
1968 4194 2034 4243 ut

366 4274 673 4329 Christum
699 4272 1040 4345 abnegaret,
1074 4274 1232 4328 cruci
1266 4274 1446 4329 clavis
1480 4275 1715 4343 afﬁxus,
1775 4282 2030 4332 mortem

371 4363 669 4428 occubuit,
689 4378 880 4417 annos
910 4368 1084 4416 natus
1116 4367 1356 4417 centum
1389 4369 1448 4418 et
1473 4364 1672 4436 viginti
1700 4381 1713 4418 :
1741 4367 1910 4437 cujus
1934 4383 2028 4422 sa-

369 4469 535 4509 crum
565 4470 780 4524 corpus
811 4452 1128 4523 propinqui
1149 4458 1319 4506 terra)
1342 4453 2030 4522 commendarunt;felix

371 4559 509 4597 vero
537 4542 738 4596 anima
763 4542 824 4595 in
857 4541 1068 4596 caalum
1104 4542 1454 4610 ascendens,
1489 4558 1607 4597 una
1638 4559 1773 4598 cum
1807 4546 2029 4601 sanctis

373 4632 437 4686 in
463 4636 752 4685 mternum
786 4629 1003 4702 gaudet
1055 4631 1117 4685 in
1173 4631 1405 4685 Christo
1435 4632 1572 4686 Jesu
1621 4633 1869 4688 Domino
1927 4652 2031 4690 no-

373 4725 516 4774 stro.

2140 3555 2455 3630 γενόμενος,
2527 3557 2660 3628 μετά
2717 3551 2976 3612 Ἰάκωϐον
3019 3557 3110 3611 τὸν
3161 3557 3394 3637 ἀδελφὸν
3441 3565 3535 3616 τοῦ
3566 3562 3792 3632 Κυρίου.

2143 3645 2242 3701 Ἦν
2299 3641 2356 3698 δὲ
2413 3641 2704 3720 ἐξάδελφος
2762 3643 2927 3699 αὐτοῦ
2971 3665 3031 3700 τε
3084 3650 3180 3700 τοῦ
3270 3649 3496 3722 Κυρίου,
3555 3649 3644 3704 καὶ
3696 3655 3797 3706 τοῦ

2143 3727 2424 3801 Ἰακώϐου,
2502 3733 2616 3792 υἱὸς
2669 3735 2913 3808 γεγονὼς
2966 3738 3063 3788 τοῦ
3127 3733 3382 3792 Κλεώπα.
3443 3738 3614 3800 Οὗτος
3669 3738 3771 3814 γὰρ

2141 3824 2228 3877 καὶ
2290 3823 2494 3900 Ἰωσὴφ
2563 3823 2590 3876 ὁ
2647 3823 2995 3897 χρηματίσας
3055 3825 3191 3879 κατὰ
3248 3828 3417 3900 σάρκα
3473 3830 3656 3903 πατὴρ
3704 3800 3804 3885 τοῦ

2143 3913 2362 3989 Κυρίου,
2399 3912 2614 3986 μᾶλλον
2646 3909 2704 3966 δὲ
2735 3913 3071 3986 όνομασθεὲς,
3105 3912 3334 3992 ἀδελφοὶ
3378 3916 3606 3989 νόμιμοι
3639 3919 3803 3987 ἦσαν.

2141 4004 2313 4066 Οὗτος
2365 3999 2421 4056 δὲ
2475 4003 2502 4056 ὁ
2563 4003 2787 4074 Συμεὼν
2847 4003 3242 4078 κατηγορηθεὶς
3293 4007 3438 4081 παρὰ
3490 4011 3597 4061 τῶν
3659 4008 3795 4064 Ἰου-

2141 4092 2328 4160 δαίων,
2362 4093 2436 4155 ὡς
2467 4093 2748 4165 κηρύττων
2773 4094 2864 4147 τὸν
2920 4095 3179 4170 Χριστὸν,
3221 4097 3310 4151 καὶ
3368 4099 3660 4172 κρατηθεὶς
3693 4099 3798 4155 ὑπὸ

2137 4188 2244 4238 τῶν
2278 4182 2564 4257 ἀρχόντων
2611 4186 2718 4235 τῶν
2776 4179 3088 4253 Ἑλλήνων,
3122 4184 3323 4263 ὲτύφθη
3358 4183 3629 4264 σφοδρῶς.
3691 4189 3790 4243 Καὶ

2138 4268 2374 4331 πολλαῖς
2435 4269 2688 4345 βασάνοις
2735 4268 3050 4343 ἐξετασθεὶς,
3101 4273 3426 4344 ἀπεκλείσθη
3490 4274 3565 4336 εἷς
3618 4274 3798 4350 φυλα-

2137 4360 2261 4428 κην,
2314 4357 2467 4432 λιμῷ
2525 4358 2614 4412 καὶ
2689 4359 2963 4435 κακουχίᾳ
3045 4358 3451 4436 δαπανώμενος.
3511 4365 3640 4420 Εἶτα
3693 4371 3794 4434 τῆς

2138 4448 2387 4527 φυλακῆς
2417 4443 2728 4518 ἐκϐληθείς,
2787 4449 2878 4502 καὶ
2926 4449 3091 4504 πάλιν
3158 4451 3506 4528 ἀναγκασθεὶς
3563 4453 3800 4528 ἀρνήσα-

2139 4551 2258 4604 σθαι
2305 4537 2396 4593 τὸν
2458 4537 2712 4611 Χριστὸν,
2769 4538 2858 4592 καὶ
2932 4539 3007 4611 μὴ
3039 4541 3296 4612 πεισθεὶς,
3357 4546 3570 4616 σταυρῷ
3625 4561 3800 4616 προσ-

2137 4627 2400 4699 ηλωθεὶς,
2449 4626 2540 4681 τὸν
2597 4625 2710 4699 βίον
2771 4623 3058 4698 ἀπέλιπεν,
3119 4627 3381 4704 ὑπάρχων
3426 4628 3561 4684 ἑτῶν
3602 4629 3789 4686 ἑκατὸν

2141 4719 2334 4776 εἴκοσι.
2368 4716 2470 4774 Καὶ
2500 4714 2562 4769 τὸ
2595 4713 2688 4786 μὶν
2721 4714 2866 4787 ἱερὸν
2924 4719 3084 4789 σῶμα
3137 4717 3302 4772 αὐτοῦ
3333 4719 3478 4793 παρά
3525 4722 3634 4772 τῶν
3667 4739 3794 4796 συγ-

375 4811 548 4883 γενῶν
576 4805 740 4862 αὑτοῦ
772 4804 1047 4882 παρεδόθη
1078 4809 1148 4881 τῇ
1304 4809 1338 4876 ἠ
1374 4803 1430 4861 δὲ
1464 4806 1704 4880 μακαρία
1727 4809 1894 4864 αὐτοῦ
1923 4813 2078 4887 ψυχὴ
2111 4809 2408 4868 ἀνελθοῦσα
2438 4804 2513 4866 είς
2573 4801 2860 4875 οὐρανοὺς,
2923 4805 3059 4877 μετά
3086 4809 3194 4860 τῶν
3249 4806 3412 4880 ἁγίων
3445 4806 3784 4885 εὐφραίνεται

373 4897 638 4967 αἰωνίως,
671 4895 726 4952 ἐν
756 4898 978 4972 Χριστῷ
1010 4898 1193 4966 Ἰησοῦ
1222 4899 1302 4967 τῷ
1341 4894 1525 4971 Κυρίῳ
1555 4898 1738 4968 ἡμῶν.

1028 4986 1249 5041 Eodem
1281 4986 1376 5041 die

371 5078 473 5132 49
507 5075 959 5134 Commemoratio
997 5078 1176 5131 sancti
1233 5076 1511 5143 Enmenii,
1567 5078 1806 5147 episcopi
1846 5079 2032 5149 Corty-

928 5182 1031 5229 me,
1064 5166 1466 5235 thaumaturgi.

447 5256 774 5312 Eumenius
832 5256 1283 5326 thaumaturgus
1335 5255 1408 5310 ab
1467 5255 1872 5311 adolescentia
1929 5274 2036 5314 sua

373 5345 770 5412 Christianus,
805 5360 1036 5398 summa
1060 5345 1240 5398 Deum
1275 5345 1490 5415 pietate
1524 5363 1590 5400 ac
1622 5346 1832 5401 timore
1873 5348 2031 5402 cole-

381 5438 501 5492 bat.
526 5439 668 5489 Cum
695 5437 892 5489 autem
925 5433 1086 5488 dives
1119 5439 1292 5500 esset,
1328 5434 1639 5490 facultates
1663 5451 1799 5490 suas
1831 5451 2038 5489 omnes

387 5529 445 5580 in
481 5538 772 5596 pauperes
804 5523 1098 5594 erogavit;
1129 5523 1253 5593 ipse
1281 5540 1415 5578 vero
1448 5529 1694 5578 cunctos
1744 5524 1872 5576 vita:
1919 5540 2039 5576 sua;

387 5617 514 5669 dies
546 5612 876 5683 injejuniis
910 5619 966 5665 et
992 5613 1358 5667 orationibus
1394 5613 1791 5682 transigebat:
1827 5611 2043 5666 adhor-

389 5704 792 5773 tationemque
819 5701 984 5758 illam
1011 5703 1210 5775 magni
1243 5702 1496 5774 apostoli
1528 5701 1694 5756 Pauli
1728 5701 2045 5774 diligenter

2061 4995 2107 5059 D

2730 4983 2810 5054 τῇ
2852 4979 2986 5054 αὐτῇ
3021 4983 3203 5056 ἡμέρᾳ

2141 5081 2351 5154 Μνμήη
2409 5078 2505 5130 τοῦ
2566 5069 2716 5126 ὁσίου
2743 5068 3068 5154 εΕύμενίου,
3148 5071 3452 5154 ἐπισκόπου
3502 5074 3796 5148 Γορτύνης,

2675 5144 2773 5196 τοῦ
2812 5149 3252 5218 θαυματουργοῦ.

2215 5256 2482 5329 Εύμένιος
2560 5250 2588 5303 ὁ
2665 5250 3078 5325 θαυματουργὸς
3165 5252 3414 5328 ὑπῆρχεν
3497 5251 3603 5307 ἀπὸ
3678 5253 3803 5316 νέας

2144 5343 2366 5416 ἡλικίας
2396 5342 2716 5416 Χριστιανὸς
2748 5333 3009 5410 εὐλαϐής,
3042 5342 3129 5395 καὶ
3188 5341 3282 5396 τὸν
3340 5342 3470 5396 Θεὸν
3527 5336 3806 5418 φοϐούμεο

2145 5455 2260 5494 νος.
2298 5429 2565 5492 Πλοιόσιος
2599 5429 2655 5485 δὲ
2715 5429 2788 5484 ὣν
2851 5426 3229 5503 διεσκόμπιζεν
3257 5429 3337 5494 εἷς
3382 5432 3508 5490 τοὺς
3538 5429 3805 5505 πτωχοὺς

2149 5519 2418 5578 πάντατά
2447 5519 2763 5594 ὑπάρχοντα
2821 5518 2988 5591 αύτῷ.
3053 5519 3227 5581 Αὐτὸς
3288 5516 3344 5572 δὲ
3406 5521 3471 5587 ἦν
3503 5519 3805 5589 νηστεύων,

2150 5612 2240 5667 καὶ
2291 5609 2729 5685 προσευχόμενος
2815 5609 2989 5671 πάσας
3041 5608 3136 5671 τὰς
3219 5606 3426 5682 ἡμέρας
3472 5615 3572 5677 τῆς
3658 5613 3804 5677 ζωῆς

2152 5699 2335 5757 αὐτοῦ·
2391 5697 2685 5774 ἐκπληρῶν
2743 5699 2833 5755 καὶ
2890 5700 2993 5768 τήν
3048 5702 3144 5753 τοῦ
3196 5695 3440 5774 μεγάλου
3493 5696 3804 5753 ἀποστόλου
