4042 6206
340 359 419 418 5Ἷ
1800 354 2289 418 SEPTEMBER.
3673 355 3751 413 58

348 492 564 552 Παύλου
594 490 925 565 παραίνεσὶν.
966 488 1070 546 Καὶ
1115 486 1218 565 γὰρ
1267 482 1455 561 ἔχαιρε
1490 487 1624 560 μετὰ
1656 489 1985 562 χαιρόντων,

2105 490 2381 562 implens,
2412 490 2705 563 gaudebat
2734 505 2869 547 cum
2891 490 3304 562 gaudentibus,
3338 495 3397 546 et
3417 490 3596 546 flebat
3610 506 3743 545 cum

346 588 429 639 καῖ
458 581 635 636 ἔκλαιε
671 579 812 652 μετᾶ
840 576 1169 633 κλαιόντων.
1210 577 1324 635 ’Δεῖ
1358 574 1415 631 δὶ
1443 575 1753 654 περιέφερεν
1788 576 1872 631 ἐπὶ
1905 582 2001 633 τοῦ

339 670 631 744 προσώπου.)
658 670 724 723 τὸ
787 665 1046 742 δάκρυον.
1105 666 1246 741 Εἰχε
1303 664 1360 721 δὲ
1415 666 1699 720 καὶτοῦτο
1729 663 1908 741 ἔργον,
1940 666 2001 720 τὸ

330 757 605 833 μηδέποτε
665 755 1071 832 παραδέξασθαι
1132 749 1401 822 διαϐολὴν
1460 753 1595 809 κατᾶ
1648 756 2005 825 τινος,ἢκα.

318 853 571 919 τακρῖναι
638 846 954 921 ἄνθρωπον.
1025 843 1184 901 Ἀλλ’
1239 843 1420 899 εἳποτε
1473 844 1565 898 καὶ
1622 841 1822 913 ἤκουσε
1871 845 2003 898 κατὰ

317 935 618 1007 ἀνθρώπου
677 957 730 990 τι
797 940 1065 1007 πταῖσμα,
1124 932 1394 1006 ἐνόμιζεν,
1454 931 1536 988 ὅτι
1611 934 1774 996 αὐτός
1835 937 2000 986 τοῦτο

317 1026 571 1095 ἐποίησε.
610 1025 714 1079 Διὰ
743 1026 840 1080 οὖν
871 1025 938 1078 τὰ
975 1026 1200 1077 τοιαῦτα
1231 1021 1396 1077 αὐτοῦ
1426 1022 1825 1096 κατορθώματα
1855 1020 2000 1076 ἐκλεο

316 1117 432 1193 γεῖς
485 1114 641 1190 παρὰ
689 1118 789 1169 τοῦ
837 1113 1056 1187 κλήρου
1102 1114 1193 1167 καὶ
1246 1116 1344 1166 τοῦ
1390 1110 1553 1179 λαοῦ,
1602 1112 1998 1187 προεχειρίσθη

322 1204 632 1266 ἐπίσκοπος
696 1205 987 1279 Γορτύνης,
1039 1208 1137 1271 τῆς
1186 1206 1411 1274 Κρητῶν
1458 1203 1649 1271 νήσού.
1692 1201 1798 1256 Καὶ
1834 1203 1999 1271 ζήσας

244 1348 257 1363 ,
324 1294 376 1349 ἐν
434 1298 507 1367 τῇ
572 1293 963 1368 ἀρχιερωσύνη
1039 1292 1271 1366 χρόνους
1345 1288 1618 1360 πολλοὺς,
1677 1290 1767 1345 καὶ
1822 1286 1998 1344 πολὺν

324 1380 457 1436 λαὸν
495 1380 720 1452 διδάξας
774 1382 843 1436 τὰ
902 1380 1025 1455 μερῖ
1082 1388 1180 1449 τῆς
1243 1379 1521 1454 βασιλείας
1579 1383 1686 1433 τῶν
1729 1380 1997 1454 οὐρανῶν,

322 1474 412 1527 καὶ
449 1473 756 1545 θαυμάτων
810 1471 1036 1527 πολλῶν
1091 1473 1252 1545 χάριν
1307 1466 1514 1539 λαϐὼν,
1548 1469 1845 1545 ἐκοιμήθη,
1879 1472 2001 1525 θαυ-

330 1567 662 1638 ματουργῶν
696 1564 788 1617 καὶ
824 1563 959 1636 μετὰ
990 1562 1218 1625 θάνατον
1250 1558 1357 1623 ἕως
1386 1564 1483 1616 τοῦ
1512 1565 1627 1617 νῦν.

934 1742 1016 1814 τῇ
1046 1741 1179 1814 αὐτῇ
1212 1742 1394 1816 ἡμέρᾳ

551 1832 825 1903 ’Ἃθλησις
854 1838 954 1900 τῆς
984 1831 1139 1903 ἁγίας
1165 1829 1436 1905 μάρτυρος
1469 1826 1778 1902 Ἀριάδνης.

399 1925 463 1979 Ἠ
534 1924 743 1995 μάρτυς
810 1918 1067 1994 Ἀριάδνη
1120 1920 1366 1993 ὑπῆρχεν
1429 1917 1514 1973 ἐπὶ
1556 1916 1840 1995 ’Δδριανοῦ
1902 1920 1991 1973 καὶ

323 2012 663 2070 Ἀντωνίνου
707 2015 815 2065 τῶν
871 2007 1163 2085 βασιλέων·
1214 2010 1507 2079 Χριστιανή
1560 2009 1675 2081 μὶν,
1727 2006 1899 2078 δούλη
1935 2006 1992 2063 δὲ

324 2103 603 2157 πλουσίου
627 2100 780 2161 τινὸς
809 2100 1031 2173 πρώτου
1083 2106 1184 2168 τῆς
1227 2100 1417 2174 χώρας
1460 2097 1727 2174 Φρυγίας.
1771 2099 1861 2155 Ἐν
1896 2103 1993 2171 μιᾷ

322 2193 381 2247 δῖε
428 2197 543 2246 τῶν
590 2193 838 2262 ἡμερῶν,
888 2187 1177 2264 γενεθλίων
1232 2186 1540 2262 γενομένων
1589 2192 1686 2243 τοῦ
1736 2188 1855 2242 υἰοῦ
1903 2209 1991 2242 κυ-

326 2284 456 2354 ρίου
513 2280 697 2348 αὐτῆς,
756 2278 1071 2353 ἠναγκάσθη
1149 2276 1200 2331 ἐν
1277 2281 1356 2348 τῷ
1411 2281 1523 2349 ναῶ
1576 2280 1683 2331 τῶν
1743 2274 1990 2331 εἰδώλων

331 2368 594 2431 ἀπελθεῖν
652 2368 764 2440 μετ’
824 2368 1029 2435 αὐτῶν,
1086 2367 1176 2420 καὶ
1236 2367 1583 2435 συνεορτάσαι
1643 2366 1851 2427 αὐτοῖς.

330 2459 612 2513 πεισθεῖσα
644 2454 718 2525 δὲ,
753 2456 957 2529 ἐτῦφθη
1019 2454 1272 2524 ἀνιλεῶς,
1329 2456 1416 2509 καὶ
1477 2450 1745 2526 ἐνεϐλήθη
1791 2453 1867 2516 εἷς
1899 2475 1992 2531 φυ-

331 2547 535 2617 λακήν.
600 2546 706 2602 Καὶ
774 2545 1182 2619 ἐλιμοκτονήθη
1253 2545 1517 2621 ἰσχυρᾶς.
1578 2544 1705 2601 Εἶνα
1759 2551 1858 2614 τῆς
1892 2566 1988 2622 φυ-

324 2636 506 2705 λακῆς
539 2630 872 2705 ἐκϐληθεῖσα
900 2632 1173 2706 παρεδόθη
1204 2638 1285 2705 τῷ
1334 2640 1436 2702 τῆς
1493 2633 1682 2709 χώρας
1737 2633 1993 2707 ἄρχοντι,

323 2726 415 2781 ἐπὶ
459 2729 541 2795 τῷ
584 2726 998 2796 τιμωρηθῆναι.
1056 2724 1159 2779 Καὶ
1222 2722 1310 2777 ὑπ’
1356 2720 1566 2777 ἐκείνου
1614 2721 1779 2775 πάλιν
1834 2720 1995 2793 ἀναγ-

326 2815 591 2868 κασθεῖσα
651 2814 802 2865 θῦσαι
859 2816 980 2873 τοῖς
1061 2809 1335 2881 εἰδώλοις,
1393 2809 1483 2865 καὶ
1555 2811 1629 2883 μή
1691 2814 1990 2878 πεισθεῖσα,

329 2901 672 2978 ἐκρεμάσθη,
728 2901 817 2955 καὶ
868 2902 964 2963 τὰς
1021 2900 1260 2976 πλευρὰς
1305 2899 1511 2971 ἐξὲσθη.
1548 2897 1905 2963 Ἀπολυθεῖσα
1936 2895 1994 2953 Si

326 2995 427 3060 τῆς
479 2990 753 3069 φυλακῆς,
798 2990 889 3044 καὶ
966 2990 1193 3057 εὑροῦσα
1253 2987 1501 3064 διωρίαν,
1557 2989 1694 3063 πρὸς
1748 2987 1811 3043 τὸ
1866 2984 1991 3059 ὅρος

326 3078 594 3157 ἐξέδραμε
670 3080 963 3157 φεύγουσα.
1043 3080 1259 3140 Γνόντες
1346 3074 1403 3132 δὲ
1475 3081 1636 3133 τοῦτο
1712 3077 1763 3132 οἱ
1840 3096 1994 3151 στρα-

321 3175 543 3239 τιῶται,
579 3167 916 3224 κατεδίωκον
974 3167 1139 3238 αὐτὴν
1203 3169 1338 3241 μετὰ
1395 3168 1583 3245 ξιφῶν.
1626 3167 1727 3224 Καὶ
1779 3162 1991 3235 ἰδοῦσα,

322 3258 409 3312 ὅτι
460 3260 884 3334 κατασφάζεται,
958 3253 1156 3326 ηὔξατο
1236 3257 1375 3329 πρός
1446 3255 1538 3309 τὸν
1604 3256 1731 3309 Θεὸν
1783 3251 1990 3327 λυτρω-

322 3353 487 3414 θῆναι
558 3346 653 3399 ἀπ’
714 3346 910 3401 αὐτῶν.
968 3345 1069 3402 Καὶ
1136 3343 1453 3419 σχισθείσης
1530 3344 1750 3417 πέτρας,
1825 3362 1990 3418 προσ·

324 3439 570 3510 τάγματι
647 3440 806 3503 Θεοῦ,
910 3434 1154 3505 εἰσῆλθεν
1255 3436 1307 3489 ἐν
1381 3435 1540 3509 αὐτῇ,
1614 3441 1714 3503 τῆς
1790 3435 1989 3506 πέτρας

325 3527 497 3582 πάλιν
559 3524 1010 3605 ἀσφαλισθείσης,
1067 3525 1157 3580 καὶ
1210 3527 1491 3601 κρυψάσης
1548 3523 1714 3592 αὐτην
1766 3522 1985 3592 ἔσωθεν,

324 3614 438 3680 ἓως
467 3616 642 3679 οὕτως
671 3615 1074 3692 εὗχαριστοῦσα
1100 3615 1418 3687 ἐτελειώθη.

898 3734 1073 3789 MHNI
1111 3737 1195 3809 Τῼ
1233 3734 1434 3811 ΑΥΤῼ.

1129 3822 1208 3879 ΙΘ¹

340 3910 614 3981 ’Δθλησις
680 3916 789 3968 τῶν
843 3911 1024 3988 -ᾴγίων
1094 3909 1379 3988 μαρτύρων
1437 3908 1759 3988 Τροφίμου,
1829 3917 1992 3982 Δορυ-

795 3977 1052 4057 μὲδὸντος
1081 3977 1181 4038 καῖ’
1206 3977 1536 4038 Σαϐϐατίοο.

404 4074 570 4128 Οὗτοι
638 4074 691 4127 οἱ
760 4077 1028 4149 μάρτυρες
1096 4074 1351 4148 ὑπῆρχον
1390 4071 1477 4126 ἐπὶ
1541 4078 1643 4141 τῆς
1715 4069 1991 4145 βασιλείας

330 4157 575 4238 Πρόϐου.
628 4160 973 4234 Τελουμένου
1017 4158 1076 4215 δὲ
1122 4159 1495 4235 ἰπποδρομίου
1546 4159 1620 4222 εἰς
1654 4160 1990 4235 ’Δντιόχειαν

330 4259 431 4320 τῆς
465 4247 743 4322 Ηισιδίας,
780 4248 1114 4314 εἰσελθόντες
1147 4250 1223 4311 εἰς
1274 4251 1335 4304 τὸ
1370 4248 1588 4319 θέατρον
1622 4250 1650 4304 6
1684 4248 1994 4325 Τρόφιμος,

329 4342 423 4395 καὶ
456 4343 486 4395 6
520 4336 847 4409 Σαϐϐἀτιος,
903 4340 993 4395 καὶ
1052 4338 1258 4401 ἰδόντες
1291 4337 1417 4400 τοὺς
1460 4338 1741 4409 Ἕλληνας
1774 4337 1998 4401 θύοντας

327 4434 451 4491 τοῖς
514 4426 791 4496 εἰδώλοις,
850 4426 1128 4497 ἐστέναξαν
1189 4427 1249 4482 ἐκ
1304 4430 1512 4501 ψυχῆς,
1545 4426 1635 4480 καὶ
1677 4426 1826 4481 εἰπον
1859 4427 1994 4500 πρὸς

330 4518 424 4572 τὸν
460 4518 615 4572 Θεόν’
660 4516 841 4585 Κύριε,
898 4514 987 4578 δὸς
1032 4522 1150 4577 τοῖς
1208 4514 1649 4587 πεπλανημένοις
1688 4514 1994 4591 ἀνθρώποις

2109 580 2409 647 ﬂentibus,
2443 580 2764 650 oculosque
2796 579 3073 649 lacrymis
3106 597 3339 651 semper
3393 596 3749 651 conspersos

2108 669 2585 726 circumferebat.
2628 668 2779 724 Illud
2811 675 3098 739 prmterea
3127 669 3353 739 agebat,
3382 668 3753 724 ntobtrecta-

2108 759 2371 814 tionibus
2396 759 2675 815 adversus
2706 759 3008 814 neminem
3040 775 3213 813 aures
3253 759 3750 826 accommodaret,

2108 866 2303 921 neque
2336 849 2525 904 ullum
2560 850 2684 920 ipse
2704 849 3127 904 condemnaret
3153 865 3165 901 :
3194 850 3309 902 imo
3340 850 3387 903 si
3411 849 3579 919 cujus
3598 848 3747 903 forte

2108 944 2413 1010 peccatum
2447 938 2729 1005 audisset,
2762 937 3006 1009 putabat
3046 954 3106 992 se
3155 936 3323 991 illum
3376 938 3570 1007 ipsum
3620 954 3748 992 esse

2109 1029 2210 1099 qui
2242 1034 2563 1100 peccasset.
2598 1027 2680 1083 0b
2712 1028 2837 1082 haec
2886 1027 3064 1099 igitur
3110 1032 3269 1080 recte
3318 1026 3490 1091 facta,
3528 1043 3560 1080 a
3589 1027 3748 1082 clero

2107 1118 2447 1191 populoque
2475 1118 2759 1186 delectus,
2794 1118 3067 1187 Gortyna)
3099 1115 3263 1170 urbis
3301 1116 3485 1170 Creta)
3536 1115 3746 1170 insulas

2110 1208 2423 1279 episcopus
2450 1207 2755 1262 ordinatus
2789 1213 2896 1260 est.
2930 1206 3051 1270 Quo
3102 1205 3163 1259 in
3215 1205 3567 1277 pontificatu
3615 1221 3749 1258 cum

2108 1298 2327 1352 multos
2358 1313 2547 1351 annos
2577 1297 2835 1361 vixisset,
2870 1295 3205 1365 multosque
3237 1294 3485 1365 populos
3513 1310 3642 1364 qum
3675 1293 3748 1346 ad

2107 1403 2356 1460 regnum
2390 1386 2672 1441 cwlorum
2700 1386 2999 1456 pertinent
3033 1384 3351 1449 docuisset,
3403 1384 3746 1453 donumque

2106 1476 2433 1530 multorum
2493 1474 2916 1530 miraculorum
2975 1473 3321 1543 accepisset,
3371 1471 3744 1539 obdormivit,

2106 1564 2410 1620 miraculis
2443 1564 2620 1618 etiam
2652 1569 2786 1635 post
2836 1568 3089 1618 mortem
3148 1561 3398 1633 insignis
3446 1576 3633 1632 usque
3684 1559 3745 1613 in

2104 1659 2456 1728 praasentem
2491 1654 2668 1709 diem.

2753 1742 2971 1797 Eodem
3001 1741 3094 1795 die

2293 1834 2392 1890 50
2433 1833 2715 1888 Certamen
2744 1839 2946 1887 sanctae
2975 1833 3233 1901 martyris
3264 1829 3546 1884 Ariadnes.

2170 1924 2421 1979 Ariadne
2453 1930 2675 1993 martyr
2705 1923 2906 1977 floruit
2935 1922 3195 1976 Adriano
3217 1925 3273 1973 et
3302 1919 3596 1973 Antonino
3630 1918 3744 1971 im-

2098 2013 2491 2087 peratoribus.
2529 2013 2660 2065 Hmc
2678 2011 3032 2077 Christiana,
3059 2015 3115 2064 et
3140 2009 3449 2079 cujusdam
3473 2006 3737 2078 Opulenti

2099 2103 2376 2169 hominis,
2413 2101 2511 2172 qui
2546 2100 2810 2170 Phrygia)
2843 2099 3239 2169 principatum
3265 2096 3520 2165 tenebat,
3555 2111 3738 2160 serva,

2099 2193 2193 2247 die
2210 2192 2463 2263 quadam
2489 2207 2621 2244 cum
2640 2188 2745 2243 filii
2770 2188 2895 2242 heri
2913 2187 3000 2241 sui
3024 2186 3253 2240 natales
3272 2184 3738 2249 celebrarentur,

2100 2279 2790 2353 compellituridolorum
2814 2277 3017 2332 fannm
3042 2292 3161 2330 una
3187 2290 3319 2329 cum
3346 2273 3464 2327 illis
3488 2271 3739 2343 ingredi,

2097 2372 2433 2441 festumque
2465 2370 2622 2424 diem
2655 2385 2846 2440 agere.
2908 2366 3072 2432 Quod
3113 2382 3248 2420 cum
3291 2365 3483 2419 facere
3531 2362 3740 2431 nollet,

2099 2460 2511 2518 crudelissime
2525 2458 2798 2514 caeditur:
2823 2456 3035 2512 deinde
3054 2455 3275 2511 carceri
3301 2451 3743 2519 tradita,inedia

2098 2555 2468 2605 maceratur:
2502 2548 2638 2603 inde
2671 2547 2902 2613 educta,
2960 2545 3035 2601 ad
3091 2544 3352 2615 regionis
3397 2542 3739 2614 praefectum

2097 2639 2432 2705 adducitur,
2464 2643 2531 2692 ut
2562 2642 2939 2708 torqueretur
2968 2652 2980 2689 :
3014 2652 3049 2690 a
3080 2651 3194 2705 quo
3227 2634 3441 2687 iterum
3484 2631 3741 2702 impulsa

2100 2728 2276 2783 idolis
2308 2728 2666 2793 sacrificare,
2698 2743 2833 2781 cum
2861 2725 2937 2780 ad
2967 2724 3025 2778 id
3056 2723 3259 2779 induci
3292 2721 3586 2792 nequiret,
3613 2737 3740 2774 sus-

2099 2816 2399 2890 penditur,
2436 2816 2583 2871 etin
2617 2814 2904 2870 lateribus
2954 2813 3256 2885 scalpitur.
3310 2813 3436 2866 Mox
3485 2809 3678 2865 soluta
3708 2826 3739 2862 e

2066 2942 2073 2947 -
2099 2924 2357 2968 carcere.
2389 2912 2626 2978 arrepta
2655 2906 2987 2961 occasione.
3022 2903 3096 2959 ad
3126 2908 3390 2958 montem
3422 2902 3619 2972 fugam
3648 2900 3741 2954 in—

2099 2998 2311 3054 tendit.
2341 2997 2507 3062 Quod
2538 2996 2637 3052 ubi
2670 3011 2992 3069 cognovere
3025 2993 3268 3057 milites,
3303 2990 3556 3045 insecuti
3606 3005 3740 3043 cum

2099 3088 2309 3162 gladiis
2340 3104 2470 3142 eam
2504 3092 2660 3143 sunt.
2697 3090 2770 3140 At
2800 3086 2903 3141 illa
2933 3101 3066 3140 cum
3099 3083 3207 3138 sibi
3260 3082 3491 3136 nullum
3540 3084 3741 3151 patere

2102 3178 2383 3250 effugium
2411 3181 2699 3241 cerneret,
2735 3177 2918 3231 Deum
2951 3172 3153 3235 oravit,
3190 3176 3257 3226 ut
3281 3171 3352 3225 ab
3386 3170 3504 3223 illis
3535 3168 3744 3222 libera-

2102 3273 2303 3322 retur:
2337 3267 2655 3337 statimque
2679 3265 2946 3330 discissa,
2970 3264 3167 3318 divino
3190 3267 3358 3325 nutu,
3388 3265 3555 3329 petra
3575 3257 3739 3310 illam

2100 3356 2350 3426 excepit,
2385 3356 2719 3424 iterumque
2750 3354 2951 3408 clausa
2981 3358 3039 3406 et
3068 3354 3496 3421 coagmentata,
3546 3345 3739 3399 eidem

2098 3445 2317 3518 gratias
2348 3443 2544 3515 agenti
2575 3459 2643 3498 ac
2673 3440 2982 3497 decedenti
3010 3456 3114 3511 pro
3147 3437 3420 3508 sepulcro
3448 3434 3577 3488 fuit.

2654 3712 2893 3768 EODEM
2932 3712 3076 3766 ΜΕΝ
3084 3710 3185 3764 SE.

2644 3804 2746 3857 Die
2779 3801 3006 3857 decima
3038 3816 3197 3855 nona

2099 3894 2195 3950 5|
2235 3896 2517 3950 Certamen
2573 3900 2883 3949 sanctorum
2933 3898 3240 3959 martyrum
3292 3888 3594 3959 Trophimi,
3641 3889 3749 3941 Do-

2561 3965 2897 4035 rymedontis
2928 3970 2979 4018 et
3010 3963 3280 4016 Sabbatii.

2176 4075 2240 4129 Hi
2275 4079 2564 4144 martyres
2596 4073 2954 4143 imperatore
2983 4070 3171 4124 Probo
3205 4068 3567 4124 claruerunt.
3602 4068 3747 4121 Cum

2104 4170 2301 4220 autem
2320 4162 2657 4234 spectacula
2680 4162 2739 4215 in
2754 4160 3145 4232 hippodromo
3159 4159 3485 4213 Antiochiw
3510 4155 3745 4211 Pisidiae

2106 4253 2445 4319 ederentur,
2479 4252 2727 4323 ingressi
2762 4251 3055 4305 theatrum
3089 4246 3440 4317 Trophimus
3462 4242 3749 4297 etSabba—

2106 4344 2244 4407 tius,
2272 4342 2655 4410 videntesque
2689 4339 2861 4393 idolis
2894 4341 3124 4391 Grarcos
3150 4335 3747 4399 sacrificare,summo

2106 4433 2309 4487 dolore
2342 4429 2557 4497 affecti,
2591 4428 2683 4482 his
2714 4427 2908 4480 verbis
2941 4428 3125 4479 Deum
3165 4422 3387 4493 precati
3432 4424 3605 4475 sunt:
3644 4420 3744 4487 Da,

2108 4520 2378 4585 Domine,
2412 4516 2747 4572 errantibus
2787 4516 2915 4570 istis
2975 4512 3341 4578 hominibus,
3389 4515 3476 4576 ut,
3522 4508 3747 4563 relictis

335 4608 556 4670 τούτοις
597 4607 915 4662 καταλιπεῖν
974 4606 1041 4660 τὰ
1100 4602 1325 4672 εἷ’δωλα,
1383 4604 1472 4659 καὶ
1502 4605 1778 4681 γνωρίζειν
1813 4624 1868 4658 σε
1897 4604 1988 4658 τὸν

2105 4608 2298 4671 idolis,
2325 4609 2650 4678 agnoscant
2673 4609 2726 4658 te
2752 4603 3255 4672 solum,Deum,et
3270 4600 3642 4674 unigenitum
3662 4598 3748 4652 Fi-

343 4702 512 4774 μόνον
584 4698 735 4768 Θεὸν,
802 4696 893 4752 καὶ
957 4697 1049 4751 τὸν
1130 4701 1394 4770 μονογενῆ
1466 4715 1560 4748 σου
1627 4695 1773 4766 Υἰὸν,
1813 4693 1901 4748 καὶ
1930 4692 1992 4748 τὸ

344 4795 566 4862 Πνεῦμα
594 4788 655 4842 τὸ
684 4785 858 4861 ἅγιον.
890 4787 1066 4842 Τοῦτο
1122 4782 1180 4839 δῖε
1239 4784 1502 4856 εἰπόντες,
1547 4784 1636 4838 καὶ
1666 4779 1995 4859 γνωσθέντες

340 4877 661 4953 Χριστιανοὶ
718 4877 875 4945 εἶναι,
936 4874 1305 4950 ἐκρατήθησαν
1361 4874 1504 4948 παρὰ
1559 4877 1655 4928 τοῦ
1700 4872 1991 4948 ἄρχοντος.

339 4970 441 5025 Καὶ
500 4971 717 5041 πρῶτον
777 4967 871 5038 μὲν
925 4966 952 5019 6
1009 4963 1290 5041 Τρόφιμος
1346 4962 1582 5040 τυφθεὶς,
1649 4964 1737 5016 καὶ
1794 4962 1993 5031 εεσθεὶς

337 5052 608 5127 ἐνεϐλήθη
643 5055 719 5116 εἰς
776 5054 1048 5131 φυλακήν.
1108 5054 1239 5108 Εἶτα
1297 5052 1449 5126 ἢχθη
1483 5051 1571 5105 καὶ
1605 5052 1632 5105 6
1665 5047 1989 5118 Σαϐϐάτιος,

332 5146 422 5202 καὶ
453 5147 547 5200 τὸν
581 5145 809 5219 Χριστὸν
865 5143 1241 5217 ὁμολογήσας,
1303 5141 1727 5215 βασανιζόμενος
1756 5141 1843 5194 καὶ
1875 5140 1991 5211 ξεό-

336 5256 500 5309 μενος
530 5231 812 5307 παρέδωκε
842 5232 904 5286 τὸ
934 5235 1164 5303 πνεῦμα.
1209 5230 1357 5284 Μετὰ
1406 5227 1462 5283 δὲ
1510 5233 1675 5283 ταῦτα
1705 5224 1993 5298 ἐκϐληθεὶς

326 5332 427 5394 τῆς
464 5322 712 5401 ψυλακῆς
743 5322 770 5375 ὁ
802 5321 1102 5397 Τρόφιμος,
1129 5318 1218 5372 καὶ
1256 5314 1533 5379 ὑποδεθεὶς
1568 5313 1896 5389 ὑποδήματα
1918 5334 1994 5370 σι·

331 5414 497 5486 δηρᾶ,
532 5409 810 5480 ἀπεστάλη
844 5414 923 5480 τῷ
952 5408 1181 5483 ἄρχοντι
1201 5414 1301 5476 τῆς
1322 5412 1430 5462 τῶν
1467 5404 1720 5461 Συνάδων
1753 5404 1988 5468 πόλεως.

330 5504 437 5561 Καὶ
472 5504 560 5557 ὑπ’
592 5499 801 5555 ἐκείνου
859 5499 1195 5573 τιμωρηθεὶς
1250 5496 1601 5566 ἀπεκλείσθη.
1636 5497 1696 5553 Ὀ
1735 5493 1791 5550 δὲ
1832 5505 1992 5571 Δορυ-

335 5591 518 5666 μέδων
552 5588 804 5645 ἀπελθὼν
838 5588 973 5661 πρὸς
1022 5587 1116 5642 τὸν
1170 5587 1478 5663 Τρόφιμον,
1512 5583 1717 5660 ἐγένετο
1744 5586 1993 5660 Χριστια-

331 5685 448 5745 νός.
508 5681 613 5738 Καὶ
695 5679 1020 5755 γνωσθέντες
1103 5675 1606 5750 ἀπεκεφαλίστησαν
1666 5675 1988 5754 ἀμφότεροι.

2104 4697 2249 4752 lium
2284 4700 2470 4759 tuum,
2504 4699 2561 4748 et
2594 4698 2863 4748 sanctum
2894 4693 3198 4764 Spiritum.
3232 4691 3366 4745 Hec
3407 4706 3541 4745 cum
3564 4687 3742 4742 dixis-

2104 4784 2478 4857 sent,cogniti
2498 4782 2712 4839 Christi
2729 4782 2985 4837 cultores
3001 4777 3558 4850 esse,comprehend
3570 4781 3746 4830 untur

2103 4892 2137 4931 a
2167 4873 2439 4947 praeside.
2475 4875 2543 4928 Et
2572 4873 2831 4945 primum
2865 4870 3108 4942 quidem
3156 4869 3509 4940 Trophimus
3558 4881 3745 4920 caesus

2104 4966 2505 5037 scalptusque,
2538 4963 2598 5016 in
2630 4961 2959 5017 custodiam
2990 4959 3324 5030 conjicitur.
3358 4957 3566 5011 Postea
3609 4972 3743 5009 vero

2102 5055 2426 5127 productus
2458 5057 2516 5107 et
2545 5052 2878 5117 Sabbatius,
2912 5067 3046 5105 cum
3097 5049 3393 5103 Christum
3441 5048 3743 5118 professus

2100 5145 2331 5210 fuisset,
2365 5142 2735 5196 excruciatus
2760 5139 3219 5208 dilaniatusque,
3253 5137 3523 5207 spiritum
3552 5134 3742 5188 tradi-

2102 5233 2206 5288 dit.
2241 5234 2380 5285 Post
2409 5231 2534 5285 hzec
2564 5228 2917 5299 Trophimus
2951 5245 2981 5282 e
3014 5243 3247 5282 carcere
3306 5223 3575 5291 eductus,
3628 5224 3742 5277 fer-

2100 5322 2338 5392 reisque
2369 5318 2788 5374 calceamentis
2835 5317 3100 5379 indutus,
3154 5316 3408 5371 mittitur
3456 5314 3529 5370 ad
3579 5313 3743 5368 urbis

2102 5409 2469 5483 Synadorum
2502 5405 2839 5478 praesidem,
2871 5423 2904 5461 a
2935 5423 3051 5477 quo
3084 5406 3261 5460 etiam
3293 5410 3503 5473 tortus,
3547 5409 3739 5458 custoo

2102 5501 2213 5555 dia)
2245 5498 2516 5553 traditur.
2539 5496 2698 5552 Adiit
2719 5501 2918 5551 autem
2940 5495 3322 5565 Trophimum
3346 5491 3741 5564 Dorymedon,

2102 5597 2160 5645 et
2217 5606 2287 5643 ex
2345 5587 2473 5660 ejus
2540 5602 2859 5658 congressu
2917 5584 3285 5641 Christianus
3363 5584 3551 5641 factus
3630 5585 3736 5635 est.

2099 5680 2329 5755 Cogniti
2363 5677 2542 5750 igitur
2572 5675 2745 5733 ambo
2781 5673 3058 5732 decollati
3092 5681 3250 5731 sunt.
