4030 6196
306 285 385 349 59
1623 291 1958 356 MENOLOt

2089 296 2296 372 PARS
2341 299 2390 360 ι.

1979 430 2034 496 Α

957 422 1178 481 Eodem
1206 425 1300 481 die

305 548 407 605 52
441 550 728 604 Certamen
787 553 1118 625 sacrosancti
1173 554 1432 621 martyris
1487 555 1768 623 Januarii,
1827 555 1946 625 epi-

603 625 752 692 scopi
783 623 1092 691 Beneventi,
1126 629 1177 678 et
1207 625 1479 679 sociorum
1509 625 1649 695 ejus.

378 811 800 864 Sacrosanctus
830 813 1056 880 martyr
1084 811 1400 866 Januarius
1431 828 1547 867 una
1590 827 1724 868 cum
1776 813 1952 870 sociis

302 899 670 954 Diocletiano
713 899 1070 969 imperatore
1103 900 1335 955 claruit.
1371 903 1508 956 Erat
1555 909 1754 958 autem
1785 902 1953 958 urbis

303 987 616 1044 Beneventi
642 988 959 1059 episcopus
985 1004 997 1042 :
1019 989 1094 1044 ob
1118 990 1331 1046 Christi
1357 1008 1490 1048 vero
1518 992 1952 1048 confessionem

300 1078 361 1134 in
392 1077 624 1132 vincula
659 1077 926 1133 Puteolis
957 1079 1264 1150 conjectus
1293 1080 1424 1147 fuit,
1459 1097 1578 1136 una
1609 1099 1743 1137 cum
1767 1081 1954 1150 Sosio,

297 1166 530 1234 Proclo,
566 1167 878 1238 Eutycbio,
917 1171 975 1223 et
1005 1170 1237 1224 Acustio
1273 1169 1562 1226 diaconis.
1615 1170 1957 1228 Timotheus

303 1261 507 1313 autem
540 1255 800 1328 regionis
833 1257 1147 1327 praefectus
1163 1259 1443 1315 Puteolos
1475 1260 1796 1331 profectus,
1825 1277 1960 1316 cum

309 1351 584 1401 sanctum
620 1345 681 1399 in
709 1345 960 1401 vinculis
981 1347 1319 1417 reperisset,
1352 1365 1382 1403 e
1403 1365 1636 1404 carcere
1653 1349 1956 1413 eductum,

301 1435 367 1490 in
398 1435 701 1490 caminum
733 1435 959 1506 injecit.
996 1435 1108 1492 Sed
1138 1453 1275 1494 cum
1307 1437 1448 1495 inde
1481 1438 1706 1494 illzesus
1724 1443 1782 1492 et
1799 1439 1964 1493 inco-

301 1524 483 1580 lumis
520 1523 818 1590 evasisset,
855 1524 1066 1596 majori
1095 1525 1296 1582 furore
1319 1519 1964 1602 correptus,;praacepit

302 1611 637 1677 lictoribus,
687 1619 752 1668 ut
809 1630 1018 1669 nervos
1077 1615 1297 1686 pedum
1355 1617 1485 1688 ejus
1543 1617 1960 1689 praaciderent.

311 1701 473 1767 Quod
497 1701 772 1772 supplicii
807 1719 994 1774 genus
1012 1721 1149 1760 cum
1169 1710 1411 1760 sanctus
1432 1706 1668 1761 fortiter
1689 1708 1966 1778 pertulis-

305 1796 414 1857 set,
447 1791 663 1844 iterum
697 1790 756 1846 in
783 1793 1116 1848 custodiam
1167 1794 1505 1865 conjicitur.
1559 1795 1704 1850 Cum
1759 1802 1956 1852 autem
1989 1797 2034 1863 Β

305 1882 512 1938 Festus
544 1886 601 1935 et
631 1881 967 1938 Desidcrius
1025 1883 1225 1939 clerici
1284 1903 1354 1942 ex
1409 1885 1554 1942 urbe
1616 1888 1947 1943 Benevento

306 1969 581 2023 visitandi
607 1985 741 2024 eum
765 1986 942 2025 causa
957 1972 1277 2039 venissent,
1301 1975 1716 2045 comprehensi
1742 1976 1948 2046 etipsi,

307 2058 560 2113 vinculis
589 2075 710 2113 una
740 2076 872 2114 cum
907 2061 1185 2131 episcopo
1222 2068 1280 2116 et
1309 2061 1574 2119 diaconis
1605 2065 1665 2118 in
1714 2081 1950 2122 carcere

307 2148 812 2220 constringuntur.
846 2150 991 2204 Inde
1022 2150 1239 2220 educti,
1301 2157 1360 2208 et
1399 2153 1472 2207 ad
1521 2152 1740 2210 bestias
1783 2155 1952 2210 dam-

305 2237 450 2305 nati,
484 2253 676 2308 neque
731 2237 803 2293 ab
862 2238 936 2293 iis
994 2238 1458 2316 lmsi,_przefecti
1509 2241 1705 2314 jussu,
1757 2245 1950 2316 capite

307 2326 462 2399 plexi
496 2332 654 2383 sunt.

925 2563 930 2568 ο
951 2535 1170 2592 Eodem
1201 2537 1296 2592 die

308 2653 408 2712 58
433 2653 716 2707 Certamen
739 2659 1053 2726 sanctorum
1075 2661 1289 2710 centum
1311 2658 1785 2726 etquinquaginta
1800 2673 1946 2712 mar-

452 2730 656 2794 tyrum,
689 2726 820 2793 Nili,
855 2725 1022 2792 Pelei,
1055 2726 1244 2793 Heliae,
1273 2734 1327 2781 et
1356 2725 1795 2798 sociorum’ejus.

379 2842 600 2896 Horum
633 2846 971 2896 sanctorum
1003 2847 1293 2914 martyres
1325 2843 1565 2914 quidem
1611 2850 1848 2900 centum
1880 2861 1950 2901 ex

303 2933 546 3002 Egypto
571 2931 869 3002 erant,qui
897 2947 1031 2986 cum
1054 2933 1375 2987 Christiani
1401 2935 1952 3001 essent,Christum-

304 3019 618 3091 quelibere
637 3019 1130 3091 przedicarent,ab
1158 3020 1490 3076 idololatris
1510 3024 1951 3095 comprehensi,

303 3111 520 3167 ellosso
551 3109 756 3165 dextro
787 3109 977 3173 oculo,
1005 3111 1390 3182 praecisisque
1423 3111 1649 3166 sinistri
1674 3112 1842 3184 pedis
1863 3130 1952 3168 ar-

2043 1291 2354 1364 -Τιμόθεος,
2385 1291 2556 1348 ἐλθὼν
2603 1291 2680 1356 εἷς
2730 1292 3053 1367 Ποτιόλους,

3634 300 3714 364 60

2659 435 2743 509 Ti
2774 433 2914 509 αὐτῇ
2944 434 3127 510 ἡμέρᾳ

2053 518 2359 599 Ἀθλησις-
2437 526 2535 599 τού
2645 521 2804 598 ἁγίου
2849 591 2874 599 _
2911 524 3311 599 ἱερομάρτυρος
3444 526 3715 599 Ἰαννουα-

2127 592 2271 682 ρίου,
2341 592 2644 654 ἐπισκόπου
2695 591 3051 664 ¹Βενεϐεντοῦ,
3119 591 3228 652 ’καῖ’
3271 603 3392 666 ’τῆς
3467 595 3715 660 συνοδίας

2125 685 2324 721 αυτου.

2129 754 2488 830 Ἰαννουάριος
2527 757 2556 811 ὁ
2596 757 2926 832 ἱερομάρτυς
2989 757 3122 830 μετὰ
3175 759 3275 828 τῆς
3336 755 3582 821 συνοδίας
3623 759 3716 814 αὖ·

2052 847 2173 914 τοῦ,
2231 843 2299 913 ἦν
2359 844 2448 900 επὶ
2503 846 2898 917 Διοκλητιανοῦ
2953 852 3050 902 τοῦ
3099 846 3385 923 βασιλέως,
3418 846 3714 912 ἐπίσκοπος

2055 932 2348 1009 γενόμενος
2404 942 2506 1005 τῆς
2564 933 2782 999 πόλεως
2839 933 3180 996 Βενεϐεντοῦ.
3240 938 3340 992 Διὰ
3394 934 3453 992 δὲ
3506 939 3606 1008 τὴν
3638 936 3717 1002 εἷς

2057 1022 2296 1098 Χριστὸν
2359 1021 2666 1099 ὁμολογίαν
2729 1023 2781 1080 έν
2849 1023 3076 1099 δεσμοῖς
3142 1027 3430 1102 κατείχετο
3497 1027 3550 1083 ἐν
3615 1031 3718 1083 llo.

2045 1109 2294 1183 ¹τιόλοις,
2371 1114 2509 1186 μετὰ
2581 1115 2814 1183 Σόσσου,
2889 1115 3169 1190 Πρόκλου,
3251 1115 3550 1192 Εὐτυχίου,
3623 1115 3712 1172 καί

2060 1201 2380 1259 Ἀκουστίου
2436 1207 2545 1258 τῶν
2602 1201 2889 1262 διακόνων.
2946 1205 3007 1264 Ὁ
3066 1203 3124 1264 δὲ
3181 1204 3368 1281 ἅρχων
3398 1213 3498 1277 τῆς
3529 1208 3716 1282 χώρας

3100 1296 3190 1351 καί
3233 1296 3408 1372 εὑρὼν
3436 1297 3527 1352 τὸν
3560 1293 3714 1372 ἅγιον
3773 1361 3784 1374 .

2066 1380 2143 1444 εἰς
2169 1381 2237 1436 τὰ
2290 1378 2484 1454 δεσμὰ,
2554 1381 2824 1460 ἆξαγαγὼν
2890 1391 2991 1454 τῆς
3057 1383 3332 1463 φυλακῆς,
3360 1381 3608 1442 ἐνέϐαλεν
3640 1384 3718 1448 εἰς

2065 1469 2320 1543 κάμινον.
2359 1471 2473 1544 ,Καὶ
2523 1471 2808 1546 ἐξελθόντα
2854 1473 3018 1529 αὐτὸν
3064 1468 3286 1544 ἀϐλαϐῆ
3335 1472 3399 1532 ἐκ
3431 1478 3532 1541 τῆς
3557 1474 3718 1550 καμί-

2067 1581 2160 1616 νου
2193 1559 2541 1634 θεασάμενος,
2603 1561 2815 1637 μᾶλλον
2870 1562 3066 1637 ἐμάνη.
3125 1564 3230 1622 Καὶ
3269 1566 3562 1642 προσέταξε
3598 1571 3719 1630 τοῖς

2071 1647 2318 1723 δημίοις,
2356 1649 2521 1724 κόψαι
2585 1650 2651 1706 τὰ
2717 1655 2877 1728 νεῦρα
2939 1657 3048 1708 τῶν
3114 1650 3298 1709 ποδῶν
3356 1656 3545 1710 αὐτοῦ·
3590 1657 3722 1714 ὑπο-

2075 1739 2232 1812 μείνα
2271 1737 2328 1794 δὲ
2367 1741 2454 1794 καὶ
2517 1740 2780 1816 τιμωρίαν
2847 1743 3048 1813 ταύτην
3075 1743 3115 1797 ,ὁ
3153 1744 3330 1820 ἅγιος,
3395 1744 3560 1800 πάλιν
3623 1747 3721 1802 ἀπ-

2065 1825 2224 1900 εδόθη
2279 1832 2346 1902 τῇ
2397 1827 2638 1905 φυλακῇ.
2694 1828 2978 1896 Ἐλθόντες
3035 1830 3094 1888 δε
3136 1832 3211 1896 εἰς
3253 1832 3529 1909 έπίσκεψιν
3555 1833 3719 1891 αὐτοῦ

2059 1917 2122 1974 lx.
2151 1913 2468 1976 Βενεϐεντοῦ
2499 1915 2596 1974 δύο
2647 1917 2908 1995 κληρικοί
2963 1927 3224 1992 Φαῖστος,
3255 1925 3345 1978 καὶ
3389 1920 3716 1998 Δεσιδέριος,

2049 2005 2435 2082 ’ἐκρατήθησαν
2485 2008 2575 2064 καὶ
2637 2008 2813 2066 αὐτοί·
2883 2012 2973 2066 καὶ
3032 2009 3386 2083 συνεδέθησαν
3460 2017 3540 2086 τῷ
3607 2012 3723 2070 ἐπι-

2061 2097 2270 2170 σκόπῳ,
2335 2097 2428 2154 καὶ
2489 2103 2608 2162 τοῖς
2676 2099 2949 2164 διακόνοις
3018 2101 3070 2157 έν
3131 2106 3202 2176 τῇ
3257 2100 3510 2182 φυλακῇ.
3577 2106 3716 2160 Εἶτα

2058 2182 2436 2258 ἐκϐληθέντες,
2505 2188 2978 2267 ἐθηριομάχησαν.
3011 2193 3140 2247 .Καὶ
3210 2190 3378 2265 μηδὲν
3440 2191 3720 2264 ἀδικηθέν-

2054 2299 2163 2349 τες,
2239 2281 2527 2353 προστάξει
2598 2284 2697 2336 τοῦ
2772 2279 3058 2356 ἄρχοντος,
3131 2283 3226 2350 τὰς
3299 2281 3541 2361 κεφαλὰς
3623 2285 3721 2342 ἀπ-

2057 2388 2112 2424 ετ
2121 2369 2391 2442 μήθησαν.

2641 2533 2725 2606 Τῇ
2757 2531 2894 2606 αὖτῇ
2928 2532 3114 2608 ἡμέρᾳ

2053 2637 2328 2717 Ἀθλησις
2351 2645 2662 2724 τῶνᾲὰγίων
2698 2648 2793 2724 -ρν’
2845 2644 3160 2724 μαρυύριυν,
3200 2645 3715 2724 Νείλου,.ιΙηλέως,

2409 2717 2594 2788 Ἠλία,
2624 2717 2722 2774 καί
2744 2717 2856 2790 τῆς
2873 2717 3123 2783 συνοδίας
3148 2717 3355 2778 αὐτῶν.

2128 2841 2246 2895 Τῶν
2315 2835 2483 2912 ἁγίων
2555 2837 2765 2892 τούτων
2844 2837 3158 2913 μαρτύρων,
3229 2840 3282 2894 οἱ
3363 2839 3459 2912 μέν
3528 2838 3718 2894 δκατόν

2058 2928 2310 3004 ἄπῆρχον
2343 2926 2403 2982 έκ
2452 2929 2551 2995 τῆς
2606 2926 2908 3002 Αἰγύπτου,
2962 2928 3288 3004 Χριστιανοὶ
3315 2926 3484 2999 ὅντες,
3509 2929 3596 2983 καὶ
3626 2928 3718 2983 τὸν

2057 3016 2288 3093 Χριστὸν
2347 3014 2626 3092 παῤῥησίᾳ
2682 3015 3070 3089 κηρύττοντες,
3137 3015 3226 3072 διὰ
3283 3022 3448 3073 τοῦτο
3521 3038 3723 3093 κρατηο

2065 3107 2242 3170 θέντες
2308 3106 2454 3182 παρὰ
2513 3109 2620 3159 τῶν
2688 3102 3130 3183 εἷδωλολατρῶν,
3191 3105 3318 3169 τοὺς
3388 3104 3597 3178 δεξιοὺς
3643 3105 3723 3176 έξ-

303 3199 503 3256 ticulis
535 3204 589 3253 et
617 3199 832 3265 nervis,
866 3198 1060 3271 gladio
1090 3199 1443 3255 mutilantur
1471 3218 1483 3256 :
1518 3218 1655 3257 mox
1673 3203 1734 3256 in
1760 3203 1950 3258 cami-

2072 3167 2398 3271 ωρύχθησαν
2425 3193 2766 3272 ὀφθαλμοὺς,
2795 3194 2886 3250 καὶ
2938 3167 3046 3250 τῶν
3080 3197 3379 3271 ἀριστερῶν
3410 3194 3593 3253 ποδῶν
3621 3197 3720 3259 τὰς

303 3305 448 3344 num
475 3288 700 3360 injecti,
732 3287 962 3344 vivendi
996 3289 1177 3344 finem
1214 3287 1460 3344 faciunt.
1514 3291 1958 3364 Quinquaginta

305 3383 505 3434 autem
534 3377 635 3434 alii
686 3395 758 3433 ex
812 3377 1131 3433 Palaestina
1176 3379 1312 3446 orti,
1364 3385 1608 3451 propter
1655 3380 1955 3438 Christum

305 3466 513 3524 eadem
542 3466 854 3538 supplicia,
881 3483 948 3522 ac
975 3468 1183 3533 socii,a
1196 3467 1456 3540 regionis
1479 3469 1757 3540 praefecto
1773 3471 1954 3542 passi,

301 3557 620 3612 traduntur
639 3557 699 3611 in
726 3572 1025 3611 carcerem
1053 3573 1066 3610 :
1095 3555 1317 3612 deinde
1337 3574 1470 3612 cum
1500 3559 1730 3614 caneris
1746 3560 1866 3615 reis
1887 3560 1962 3616 ad

305 3647 550 3703 metalla
581 3645 962 3701 damnantur.
997 3647 1308 3700 Postremo
1352 3646 1426 3700 ad
1479 3647 1739 3703 tribunal
1794 3648 1962 3705 ducis

304 3736 591 3810 p.0ducti,
625 3751 760 3789 cum
793 3734 965 3789 modo
989 3733 1446 3800 hortationibus,
1474 3736 1650 3792 modo
1676 3737 1855 3792 minis
1888 3737 1963 3794 ad

309 3825 648 3898 negandum
677 3823 1067 3890 Christum,et
1093 3822 1552 3878 sacrificandum
1571 3825 1748 3881 idolis
1763 3827 1966 3882 stimu-

307 3916 597 3981 larentur,
632 3929 742 3967 nec
775 3911 849 3966 ad
879 3911 938 3966 id
969 3911 1309 3967 faciendum
1335 3911 1537 3968 induci
1561 3920 1822 3986 possent.
1845 3915 1966 3972 lata

318 4002 614 4058 sententia
645 4005 710 4055 ut
756 4000 1014 4055 ﬂammis
1045 3999 1442 4068 traderentur,
1502 4002 1564 4056 in
1617 4019 1963 4060 succensum

316 4094 618 4164 ingentem
649 4089 951 4144 fornacem
1003 4088 1228 4160 injecti.
1287 4090 1612 4161 gaudentes
1661 4093 1965 4166 Deumque

317 4179 721 4254 gloriﬁcantes
751 4177 1181 4234 occubuerunt.

2067 3282 2307 3359 ἀγκύλας
2364 3283 2456 3338 σὺν
2505 3289 2624 3347 τοῖς
2681 3285 2894 3358 νεύροις
2955 3285 3060 3340 ύπὸ
3118 3286 3304 3364 ξίφους
3359 3283 3711 3357 διεκόπησαν.

2067 3376 2199 3434 Εἶτα
2264 3369 2619 3444 ἐκϐληθέντες
2695 3374 2770 3437 εἰς
2841 3376 3096 3448 κάμινον,
3172 3373 3573 3442 έτελειώθεσαν.
3651 3376 3720 3434 Οἱ

2069 3462 2127 3521 δὲ
2183 3465 2517 3536 πεντήκοντα
2571 3465 2706 3535 ἦσαν
2765 3463 2825 3521 έκ
2867 3471 2968 3536 τῆς
3027 3464 3416 3538 Παλαιστίνης,
3483 3469 3574 3524 καὶ
3631 3465 3721 3524 διὰ

2067 3555 2160 3610 τὸν
2209 3553 2438 3628 Χριστὸν
2467 3555 2534 3608 τὰ
2563 3553 2731 3627 ὅμοια
2758 3559 2876 3616 τοῖς
2926 3552 3125 3620 ἄλλοις
3151 3555 3241 3610 καὶ
3273 3555 3428 3612 αὐτοὶ
3457 3555 3717 3620 παθόντες

2069 3643 2217 3718 παρὰ
2271 3647 2369 3698 τοῦ
2406 3649 2508 3712 τῆς
2564 3643 2754 3718 χώρας
2802 3640 3097 3719 ἄρχοντος,
3155 3644 3584 3718 ἀπεκλείσθησαν
3639 3644 3718 3709 εἰς

2071 3731 2341 3810 φυλακὴν,
2398 3730 2488 3786 καὶ
2535 3728 2989 3807 κατεδικάσθησαν
3050 3733 3370 3809 ἐργάζεσθαι
3432 3737 3567 3808 μετὰ
3611 3735 3718 3791 τῶν

2073 3821 2284 3878 λοιπῶν
2352 3817 2655 3876 καταδίκων
2721 3821 2821 3889 τήν
2911 3819 3164 3896 ἐργασίαν
3228 3825 3338 3876 τῶν
3375 3821 3722 3904 ,μετάλλωιμ

2061 3914 2324 3987 ,Ὕστερον
2481 3908 2571 3965 καὶ
2629 3909 2782 3965 αὐτοὶ
2839 3909 3242 3986 προσαχθέντες
3294 3915 3374 3983 τῷ
3409 3908 3599 3981 ςδουκῖ,
3629 3911 3722 3966 καὶ

2073 4020 2207 4056 ποτε
2267 3999 2361 4074 μὶν
2415 3996 2818 4072 παρακλήσεσι,
2873 4001 3007 4054 ποτὶ
3064 3997 3122 4055 8t
3167 3999 3429 4062 ἀπειλαῖς
3486 4000 3728 4076 ἀναγκα-

2077 4090 2289 4154 σθέντες
2358 4090 2687 4164 ἀρνήσασθαι
2753 4089 2846 4144 τὸν
2915 4089 3161 4164 Χριστὸν,
3235 4089 3325 4146 καὶ
3393 4090 3547 4145 θῦσαι
3603 4095 3726 4153 τοῖς

2077 4167 2356 4249 εἰδώλοις,
2421 4178 2511 4233 καὶ
2581 4179 2657 4251 μῆ
2725 4178 3046 4250 πεισθέντες,
3103 4179 3204 4248 τὴν
3271 4175 3362 4233 διὰ
3422 4182 3522 4234 τοῦ
3558 4180 3730 4253 πυρὸς

311 4268 580 4344 ἀπόφασιν
613 4263 876 4336 ἐδέξαντο.
908 4264 1268 4341 Ἀναφθείσης
1301 4264 1390 4321 οὖν
1422 4266 1657 4341 καμίνου
1707 4269 1976 4346 μιγᾶλης,
2031 4272 2322 4349 χαίροντες
2371 4269 2463 4324 καὶ
2522 4265 2836 4339 δοξάζοντες
2879 4268 2976 4322 τὸν
3005 4268 3160 4340 Θεὸν,
3190 4265 3444 4338 εἰσῆλθον
3477 4268 3530 4323 έν
3563 4269 3726 4344 αὐτῇ,

310 4359 401 4415 καὶ
434 4356 852 4427 ἐτελειώθησαν.

875 4445 1115 4502 EODEM
1147 4446 1400 4500 MENSE.

937 4562 1038 4618 Die
1070 4562 1352 4618 vicesima

305 4681 418 4740 54
476 4681 926 4736 Camnemoratio
971 4685 1174 4736 sanctae
1258 4678 1526 4750 martyris
1607 4681 1813 4738 Christi
1869 4685 1967 4740 Su-

1029 4767 1235 4806 8071728.

388 4872 657 4926 Susanna
687 4874 891 4926 sancta
931 4873 1157 4940 martyr
1211 4885 1284 4924 ex
1341 4869 1582 4943 regione
1635 4871 1966 4929 Palaestinae

312 4960 445 5027 fuit,
488 4958 814 5014 sacerdotis
872 4957 1171 5012 idolorum
1228 4958 1472 5014 nomine
1528 4961 1779 5016 Artemii
1843 4962 1969 5017 ﬁlia

315 5048 558 5104 Mortuis
581 5053 777 5103 autem
809 5046 1158 5118 parentibus
1172 5047 1414 5102 verbum
1446 5048 1708 5104 veritatis
1729 5065 1764 5104 a
1787 5050 1966 5105 Silva~

315 5156 393 5195 no
418 5138 762 5209 presbytero
795 5136 1023 5202 edocta,
1057 5135 1407 5207 baptizatur.
1442 5137 1664 5192 Deinde
1714 5139 1966 5209 erogatis

315 5230 379 5285 in
411 5243 701 5299 pauperes
724 5227 848 5282 suis
871 5226 1573 5292 facultatibus,mundum
1593 5227 1964 5298 relinquens,

317 5318 464 5375 abiit
493 5318 553 5371 in
586 5317 1036 5383 monasterium,
1071 5321 1129 5370 et
1180 5315 1578 5370 monasticum
1625 5317 1965 5372 institutum

320 5407 594 5479 amplexa
625 5412 738 5470 est,
769 5405 997 5460 virilem
1032 5403 1300 5458 habitum
1331 5403 1549 5470 ferens,
1584 5421 1766 5475 seque
1785 5406 1963 5461 Joan-

317 5515 456 5554 nem
489 5497 838 5562 nominavit,
865 5511 938 5550 ne
971 5511 1004 5549 a
1033 5508 1331 5564 quoquam
1360 5499 1798 5562 agnosceretur.
1820 5498 1963 5550 Cum

320 5594 516 5645 autem
539 5605 644 5659 pro
662 5587 784 5642 viro
803 5584 1142 5650 haberetur,
1167 5580 1513 5636 insimulata
1534 5582 1645 5638 fuit
1663 5599 1698 5639 a
1713 5584 1964 5643 muliere

321 5677 576 5751 quadam
603 5673 826 5731 diaboli
857 5670 1230 5746 suggestione
1261 5676 1579 5745 commota,
1626 5674 1784 5748 quod
1835 5692 1962 5735 rem

1993 4453 2042 4518 D

2623 4445 2940 4530 uentre
2981 4448 3166 4524 me.

2845 4611 2856 4616 -
2869 4562 2930 4619 K'

2255 4683 2467 4756 Μνήμη
2535 4687 2635 4750 τῆς
2698 4679 3100 4756 ὁσιομᾷρτυρος
3161 4682 3258 4735 τοῦ
3309 4680 3553 4754 ,Χριστοῦ

2739 4751 3059 4822 Σωσάννης.

2151 4867 2409 4926 Σωσᾶννα
2464 4869 2499 4937 ἠ
2553 4866 2906 4940 ὁσιομάρτυς,
2963 4865 3212 4940 ὑπῆρχεν
3267 4863 3328 4921 έκ
3381 4872 3484 4936 τῆς
3544 4865 3732 4942 χώρας

2076 4957 2463 5028 Παλαιστίνης,
2499 4958 2742 5030 θυγάτηρ
2791 4955 2979 5029 ἱερέως
3033 4957 3142 5010 τῶν
3193 4951 3465 5024 εἰδώλων,
3501 4955 3730 5030 ὀνόματι

2078 5045 2396 5122 Ἀρτεμίου.
2435 5043 2585 5102 Μετὰ
2621 5041 2682 5098 δέ
2726 5041 2986 5109 τελευτὴν
3033 5045 3130 5096 τοῦ
3181 5042 3389 5120 πατρὸς
3417 5042 3610 5114 αὐτῆς,
3639 5044 3731 5100 καὶ

2073 5143 2175 5206 τῆς
2231 5135 2490 5209 μητέρος,
2551 5129 2869 5207 διδαχθεῖσα
2941 5130 3033 5184 τὸν
3090 5128 3257 5205 λόγον
3314 5137 3415 5201 τῆς
3471 5130 3732 5202 ἀληθείας

2077 5223 2181 5280 ὑπὸ
2251 5217 2526 5280 Σιλϐανοῢ
2591 5214 2981 5296 πρεσϐυτέρου,
3049 5213 3371 5291 ἐϐαπτίσθη.
3442 5220 3573 5277 Εἶτα
3635 5223 3732 5278 τὸν

2073 5314 2314 5369 πλοῦτον
2372 5310 2539 5380 αὐτῆς
2591 5307 2909 5382 διανείμασα
2963 5314 3080 5374 τοῖς
3138 5316 3414 5386 πτωχοῖς,
3444 5313 3536 5368 γαὶ
3566 5331 3733 5368 κατα-

2073 5400 2317 5458 λιποῦσα
2348 5402 2438 5454 τὸν
2491 5399 2716 5472 κόσμον,
2778 5397 3021 5468 ἀπῆλθεν
3085 5399 3159 5462 εἰς
3221 5400 3606 5475 μοναστήριον,
3639 5400 3732 5475 καί

2070 5492 2263 5570 γέγονε
2325 5491 2568 5565 μοναχῆ,
2627 5483 3079 5564 περιϐαλλομένη
3115 5494 3307 5564 σχῆμα
3338 5473 3606 5563 ἀνδρεῖον,
3642 5473 3732 5546 καἱ

2079 5585 2544 5656 μετονομασθεῖσα
2574 5579 2849 5650 Ἰωάννης,
2902 5577 3042 5650 ,πρὸς
3105 5577 3166 5631 τὸ
3225 5577 3304 5650 μή
3344 5577 3730 5654 γνωρίζεσθαι.

2075 5671 2430 5748 Νεμιζομένη
2509 5666 2566 5727 δδ
2632 5669 2790 5744 ἀνὴρ,
2855 5663 3188 5744 ἐλοιδορήθη
3255 5665 3410 5748 ¹παρὰ
3479 5670 3736 5746 γυναικός
