4042 6206
392 314 457 376 6|
1779 307 2280 371 SEPTEMBER.
3659 308 3738 370 62

395 465 525 504 τινος
552 435 911 508 ὑποϐληθείσης
940 437 1047 493 ὐπὸ
1075 441 1173 493 τοῦ
1203 434 1524 508 διαϐουλου,
1555 438 1637 493 ὃτι
1667 437 1736 494 τὰ
1781 436 1974 513 ἀνδρὸς

2101 457 2289 498 secum
2317 441 2655 498 habuisset:
2689 449 2746 498 et
2776 445 3080 517 explorata
3109 462 3142 501 a
3180 444 3426 517 virgine,
3458 442 3739 499 inventa-

391 535 457 595 εἷς
501 531 639 597 αὐτὴν
688 527 1022 603 διεπράξατω
1080 528 1170 582 καὶ
1228 528 1575 601 ἐρευνηθεῖσα
1633 528 1778 601 παρᾶ
1834 549 1972 599 παρ-

386 626 522 685 θένου,
570 620 646 672 καί
704 618 973 692 εὖρεθεῖσα
1034 618 1186 693 φύσει
1239 619 1400 692 γυνὴ,
1432 616 1638 692 ἤσχυνε
1694 618 1792 685 τήν
1852 638 1979 672 κατ-

374 715 559 783 ήγορον.
591 709 722 763 Εἶτα
753 706 1061 761 ἀπελθοῦσα
1118 706 1193 768 εἲς
1244 705 1726 781 ’Βλευθερόπολιν,
1763 703 1851 761 διὰ
1879 707 1977 775 τήν

359 799 525 870 ἀκτήν
578 796 744 862 αὐτῆς
779 840 794 865 ,
872 796 1265 870 ἐχειροτονήθη
1355 796 1457 850 ὑπό
1527 799 1624 850 τοῦ
1675 794 1979 869 ἑπισγοπου

348 884 685 941 ὃιαχόνισσα.
750 885 850 943 Καὶ
928 882 1018 939 διὰ
1068 885 1129 939 τὸ
1185 883 1471 957 κηρύττειν
1529 883 1806 961 παρῤησέᾳ
1887 885 1979 940 τὸν

339 977 580 1049 Χριστὸν,
614 974 891 1049 ἐκρατήθη
944 976 1091 1049 παρᾶ
1140 978 1244 1029 τοῦ
1302 973 1605 1049 ἡγεμόνος.
1660 975 1765 1030 Καὶ
1797 973 1982 1029 πολλά

333 1066 702 1140 βασανισθεῖσα
738 1106 755 1132 ,
809 1064 901 1119 καὶ
957 1063 1032 1127 εἲς
1089 1063 1340 1140 φυλακὴν
1428 1058 1772 1137 ἐμϐληθείη
1846 1063 1984 1129 πρὸς

330 1154 523 1227 Κύριου
553 1151 710 1225 ἐξεδή
723 1174 916 1227 μησεν.

920 1246 998 1316 Τῇ
1031 1242 1166 1316 αὐτῇ
1198 1242 1383 1317 ἡμέρᾳ

322 1330 587 1422 Ἀθληρίις
720 1334 845 1422 τοῦς
950 1331 1112 1421 άγίου
1242 1330 1737 1422 μεγαλομάρτυρρς
1810 1401 1822 1422 '
1869 1330 1981 1388 Εὖ-

390 1404 648 1489 σταθίου,
758 1403 847 1489 διαὶ
920 1401 1022 1474 τῆς
1073 1401 1342 1489 ’γυναικὸς
1419 1401 1584 1489 αὐτοῦ
1643 1401 1976 1489 ’Θεοπίστης,

382 1475 470 1565 rei
540 1479 658 1528 τῶν
737 1475 940 1530 τὲκνων
1027 1474 1206 1529 αὐτῶν
1286 1475 1585 1531 Θεοπίστου
1670 1474 1759 1530 καὶ
1818 1477 1979 1549 Ἀγαο

382 1567 533 1601 πιου.

381 1708 440 1764 Ὀ
537 1705 963 1782 μεγαλομάρτυι
1066 1706 1359 1769 Εὖστάθιος
1447 1707 1694 1782 ὑπῆρχεν
1776 1705 1830 1761 ἐν
1908 1710 1977 1780 τῇ

2091 549 2205 602 que
2236 531 2477 597 femina,
2510 550 2788 605 magnum
2848 536 3045 589 attulit
3096 535 3397 590 accusanti
3458 532 3734 589 dedecus.

2086 622 2227 675 Post
2252 621 2376 676 haec
2410 622 2915 694 Eleutheropolim
2948 625 3320 694 profecta,ob
3355 639 3521 679 suam
3555 623 3731 676 virtu-

2086 714 2205 763 tem
2255 708 2326 764 ab
2359 711 2637 781 episcopo
2670 710 3006 765 diaconissa
3065 712 3392 767 ordinatur.
3426 712 3564 775 Qum
3596 727 3731 764 cum

2086 798 2272 854 libere
2312 800 2609 854 Christum
2644 799 3013 870 praedicaret,
3056 807 3325 871 correpta
3364 817 3397 854 a
3428 800 3726 870 prmfecto,

2085 888 2465 959 multumque
2494 894 2667 956 torta,
2688 894 2747 945 et
2775 889 2837 943 in
2860 906 3159 944 carcerem
3179 888 3440 953 detrusa,
3464 888 3733 960 migravit

2084 978 2159 1033 ad
2190 978 2530 1035 Dominum.

2736 1245 2957 1301 Eodem
2990 1245 3083 1301 die

2085 1336 2185 1395 55
2220 1338 2501 1392 Certamen
2557 1338 2733 1391 sancti
2790 1337 2979 1404 magni
3030 1336 3291 1405 martyris
3346 1334 3648 1397 Eustathii,
3682 1338 3736 1386 et

2155 1409 2470 1534 iheopistes
2524 1410 2713 1463 uxoris
2770 1408 2909 1477 ejus,
2962 1406 3312 1478 ﬁliorumque
3368 1405 3645 1476 Theopisti
3683 1410 3734 1459 et

2210 1496 2390 1551 gapu.

2156 1689 2397 1760 Magnus
2438 1694 2666 1761 martyr
2696 1689 3059 1753 Eustathius,
3104 1688 3221 1743 dux
3251 1688 3503 1755 militia),
3536 1689 3733 1743 Romae

313 1797 484 1869 Ρώμῃ
538 1775 940 1873 *στρατηλάτης
976 1839 991 1863 ,
1045 1795 1132 1852 ἐπὶ
1180 1801 1445 1872 Τραϊανοῦ
1683 1775 1975 1872 βασιλέως,

2101 1775 2300 1832 :laruit
2324 1778 2574 1849 Trajano
2601 1777 2979 1849 imperatore,
3006 1778 3178 1848 eique
3194 1777 3358 1847 prius
3376 1793 3591 1831 nomen
3611 1779 3739 1830 erat

312 1884 615 1960 λεγόμενος
649 1889 754 1958 μὲν
781 1887 945 1948 αὐτὸς
1002 1883 1309 1955 ΙΙλακίδας,
1341 1889 1377 1955 ἡ
1412 1884 1470 1942 δὶ
1498 1887 1629 1962 γυνὴ
1682 1885 1848 1940 αὐτοῦ
1875 1890 1975 1940 Τα-

311 1980 488 2045 τιανή.
527 1978 637 2030 Διὰ
668 1974 729 2030 δὲ
756 1977 856 2044 τὴν
887 1974 1262 2047 ἐλεημοσύνην
1294 1976 1465 2030 αὐτοῦ
1494 1974 1770 2045 ἠθέλησαν
1798 1975 1826 2029 6
1848 1974 1978 2036 Θεὸς

316 2070 485 2119 σῶσαι
518 2064 721 2133 αὐτόν,
750 2068 1093 2138 Κυνηγοῦντι
1123 2065 1223 2140 γὰρ
1285 2065 1434 2136 αὐτῷ
1494 2062 1659 2141 ὶφάνη
1694 2066 1723 2118 6
1753 2062 1981 2136 Χριστὸς

316 2151 367 2208 ὲν
400 2155 667 2228 σχήματι
695 2151 923 2228 ἐλάφου,
955 2147 1180 2227 ἔχοντος
1239 2151 1327 2207 ἐπὶ
1381 2156 1489 2207 τῶν
1548 2153 1788 2226 κεράτων
1821 2172 1980 2206 σταυ-

320 2242 410 2317 ρὸν
466 2240 770 2315 λάμποντα
829 2241 961 2314 ὑπὲρ
1017 2240 1110 2295 τὸν
1172 2240 1370 2309 ἥλιον·
1428 2240 1518 2295 καὶ
1575 2241 1737 2313 μέσον
1798 2239 1981 2295 εἰκόνα

317 2334 416 2385 τοῦ
474 2333 717 2406 Χριστοῦ
749 2375 763 2388 .
846 2330 946 2387 Καέ
1033 2327 1226 2400 ἐξῆλθε
1299 2330 1454 2408 φωνὴ
1516 2327 1719 2385 ἔκλτοῦ
1775 2328 1982 2406 ἐλάφου

320 2414 581 2494 λέγουσαο
618 2425 679 2474 Ὢ
708 2416 980 2489 Πλακίδα,
1010 2418 1063 2473 τί
1124 2440 1188 2491 με
1241 2416 1498 2487 διώκειςς
1548 2416 1655 2492 ἐγώ
1722 2415 1837 2489 εἶμι
1872 2418 1983 2487 Ἰη-

320 2513 450 2569 σοῦς
480 2512 508 2564 6
542 2508 805 2584 Χριστός.
843 2507 1137 2569 Πιστεόσας
1195 2508 1286 2562 οὗν
1339 2507 1506 2579 αὐτῷ,
1536 2507 1626 2562 καὶ
1658 2507 1981 2569 Βππτισθεὶς

318 2596 408 2652 σὺν
470 2603 544 2672 τῇ
607 2596 872 2672 γυναικὶ,
929 2596 1018 2651 καὶ
1101 2602 1217 2659 τοῖς
1282 2596 1514 2664 τέκνοις,
1563 2597 1653 2650 καὶ
1711 2598 1855 2669 πάσῃ
1909 2599 1978 2669 τῇ

323 2687 491 2760 οἰκίᾳ,
522 2692 793 2743 τοσοῦτον
850 2686 1170 2760 ἐπολεμήθη
1236 2687 1338 2741 ὑπὸ
1393 2690 1492 2742 τοῦ
1520 2680 1806 2756 διαϐόλου,
1838 2685 1978 2741 ὣστε

323 2779 401 2851 μὴ
438 2778 618 2849 μόνον
649 2777 741 2831 τὸν
779 2776 1019 2831 πλοῦτον
1048 2776 1211 2830 αὐτοῦ
1254 2773 1544 2847 ἀπολέσαι,
1575 2773 1723 2829 ἆΛλᾶ
1762 2776 1850 2830 καὶ
1882 2777 1980 2845 τὴν

316 2873 561 2943 γυναῖκα.
622 2864 982 2941 αῗχμάλωτον
1038 2863 1193 2935 ἰδεῖν,
1252 2865 1341 2920 καὶ
1401 2865 1467 2920 τὰ
1502 2863 1690 2920 παιδία
1750 2867 1850 2920 ὑπὸ
1884 2867 1982 2937 θη-

320 2957 451 3030 ρίων
524 2956 853 3031 ἁρπαγέντα,
912 2954 1001 3008 καὶ
1055 2954 1240 3008 ἑαυτὸν
1290 2956 1493 3030 γυμνὸν
1543 2954 1629 3009 ἐπὶ
1690 2953 1838 3025 ξένης
1893 2977 1985 3028 μι-

325 3049 693 3121 σθαρνοῦντα,
741 3041 831 3097 καί
887 3044 1241 3121 τρεφόμενον.
1271 3044 1331 3100 Ὀ
1382 3041 1438 3098 δὲ
1470 3043 1601 3105 Θεὸς
1646 3042 1812 3098 πάλιν
1863 3042 1987 3119 ἐχά-

323 3135 521 3209 ρὶσατο
554 3133 710 3206 αὐτῷ
745 3132 834 3186 καὶ
885 3134 985 3201 τήν
1014 3137 1259 3206 γυναῖκα,
1316 3132 1404 3187 καὶ
1453 3131 1520 3187 τὰ
1561 3131 1741 3203 τέκνα,
1772 3132 1860 3187 καὶ
1889 3134 1981 3187 τὸν

326 3225 584 3281 πλοῦτον
621 3269 633 3281 .
686 3223 950 3294 Ζηηθεῖς
1005 3223 1104 3300 γὰρ
1162 3223 1307 3299 παρᾶ
1354 3227 1451 3278 τοῦ
1509 3222 1778 3299 βασιλέως
1814 3268 1828 3293 ,
1879 3223 1981 3278 ἀπ-

327 3311 501 3370 έλαϐε
550 3315 616 3369 16
659 3314 923 3386 πρότερον
984 3312 1220 3386 ἀξιώμα.
1279 3313 1417 3370 Εἶτα
1468 3310 1816 3389 διαγνωσθεῖς
1857 3313 1993 3367 εἶναι

323 3403 670 3481 Χριστιανὸς
710 3447 724 3472 ,
788 3397 999 3473 ἒελήθη
1087 3400 1167 3464 εἷς
1247 3400 1490 3477 χαλκοῦν
1549 3402 1694 3476 ιβοόν
1748 3401 1994 3475 ἐκπυρω-

333 3494 516 3563 θέντα,
552 3490 647 3546 σὺν
675 3494 743 3565 τῇ
765 3489 1001 3558 κυναικὶ,
1034 3491 1125 3545 καὶ
1152 3496 1269 3553 τοῖς
1296 3491 1525 3564 τέκνοις,
1557 3490 1647 3546 καὶ
1679 3489 1996 3562 ἐτελειώθηο

894 3609 1091 3676 nam
1112 3613 1201 3686 'ra
1231 3612 1426 3665 arra.

1114 3728 1234 3780 KA'.

352 3815 563 3887 κνήμη
616 3818 723 3869 τῶν
790 3811 957 3889 ἁγίων
1038 3814 1288 3888 Πατὲρων
1340 3814 1512 3885 ἡμῶν
1568 3811 1799 3868 Ἰσακίου
1831 3859 1846 3885 ,
1902 3811 1990 3867 καὶ

632 3900 931 3971 Μελετίου,
960 3901 1266 3957 ἐπισκόπων
1316 3908 1417 3971 τῆς
1458 3901 1704 3977 Κύπρου.

411 4020 479 4076 Οἱ
543 4018 684 4073 ὅσιοι
737 4019 825 4073 καὶ
890 4019 1144 4092 μακάριοι
1197 4017 1430 4093 Πατέρες
1483 4017 1718 4078 Ἰσάκιος
1747 4016 1839 4071 καὶ
1886 4021 1989 4072 Με-

341 4106 527 4169 λὲτιος
578 4107 858 4182 γεγόνασιν
917 4105 1202 4161 ἐπίσκοποι
1251 4104 1702 4176 τῆςἚκκλησίας
1740 4106 1988 4181 Κύπρου,

340 4198 478 4252 κατᾶ
515 4195 724 4259 ἄλλους
771 4197 861 4250 καὶ
920 4195 1125 4259 ἄλλους
1177 4194 1420 4267 καιροὺς.
1477 4196 1541 4253 Ὀ
1602 4196 1696 4268 μὶν
1755 4196 1994 4257 Ἰσάκιος

342 4285 634 4359 πρότερον
687 4284 715 4337 6
772 4280 830 4337 δὲ
884 4281 1151 4344 Μελέτιος
1201 4282 1449 4357 ὕστερον,
1509 4278 1756 4346 εὐλαϐεῖς
1803 4282 1991 4359 ἀμφό-

340 4396 516 4450 τεροι,
548 4375 765 4428 καὶτοῦ
794 4374 927 4455 Θεοῦ
954 4372 1045 4427 τὸν
1105 4367 1273 4448 φόϐον
1332 4371 1385 4428 ἐν
1434 4373 1649 4434 ἑαυτοῖς
1704 4372 1784 4427 ἀεὶ
1833 4392 1990 4448 περι-

343 4466 599 4539 φέροντες
626 4507 640 4531 ,
688 4462 778 4516 καὶ
832 4465 899 4534 τῇ
957 4460 1336 4537 ἀρχιερωσύνη
1378 4465 1563 4516 milii):
1596 4459 1985 4534 ἐμπρέποντες,

2084 1866 2394 1933 Placidus;
2429 1868 2596 1921 uxori
2632 1885 2769 1922 vero
2791 1868 3052 1922 Tatiana.
3088 1866 3171 1921 Ob
3195 1867 3323 1938 ejus
3353 1872 3551 1921 autem
3580 1865 3737 1920 elec-

2086 1973 2396 2027 mosynam
2422 1956 2606 2010 voluit
2636 1957 2789 2011 Deus
2821 1956 2983 2011 illius
2998 1956 3172 2011 saluti
3207 1956 3537 2013 consulere.
3566 1956 3736 2011 Visus

2088 2051 2177 2100 est
2204 2045 2363 2099 enim
2395 2044 2634 2099 venanti
2668 2045 2972 2099 Eustathio
3004 2044 3274 2098 Christus
3325 2044 3521 2114 specie
3560 2044 3735 2109 cervi,

2087 2134 2244 2188 inter
2267 2150 2492 2188 cornua
2510 2149 2745 2188 crucem
2765 2132 2909 2188 solis
2940 2132 3137 2187 radios
3159 2132 3493 2186 vincentem
3518 2132 3738 2187 haben-

2089 2223 2186 2289 tis,
2220 2228 2279 2277 et
2309 2222 2371 2277 in
2403 2222 2602 2277 medio
2654 2221 2975 2293 imaginem
3005 2220 3219 2274 Christi
3252 2236 3264 2273 :
3300 2219 3635 2291 prodiitque
3671 2236 3739 2274 ex

2088 2330 2257 2370 cervo
2274 2330 2405 2383 vox,
2430 2313 2712 2384 inquiens
2738 2311 3025 2377 :Placide,
3051 2310 3194 2382 quid
3217 2327 3311 2365 me
3332 2310 3739 2382 persequeris?

2088 2404 2204 2476 Ego
2237 2419 2368 2458 sum
2394 2403 2561 2457 Jesus
2601 2402 2891 2458 Christus.
2925 2399 3183 2456 Credens
3215 2399 3414 2470 itaque
3447 2399 3508 2453 in
3539 2398 3731 2465 illum,

2086 2493 2414 2564 baptizatus
2444 2497 2535 2547 est
2560 2507 2680 2547 una
2726 2507 2861 2546 cum
2908 2505 3110 2555 uxore,
3171 2494 3230 2543 et
3286 2488 3447 2555 filiis,
3499 2492 3741 2560 totaque

2089 2583 2303 2638 domo.
2364 2580 2523 2635 Adeo
2580 2578 3106 2635 autemadiabolo
3166 2581 3541 2649 oppugnatus
3599 2577 3733 2641 fuit,

2088 2677 2154 2725 ut
2182 2687 2301 2725 non
2330 2669 2523 2724 solum
2540 2669 2892 2724 facultatum
2916 2668 3473 2739 suarumjacturam
3490 2666 3734 2733 faceret;

2090 2758 2192 2815 sed
2224 2764 2537 2813 etuxorem
2569 2759 2856 2831 captivam
2882 2758 3041 2826 duci,
3068 2757 3343 2828 ﬁliosque
3366 2774 3399 2811 a
3422 2756 3561 2812 feris
3592 2756 3744 2828 rapi,

2090 2851 2352 2922 seipsum
2403 2856 2600 2905 autem
2650 2850 2876 2905 nudum
2915 2850 2977 2904 in
3034 2854 3191 2903 terra
3241 2847 3457 2917 aliena,
3515 2847 3746 2918 sibique

2092 2942 2462 2997 mercenaria
2492 2957 2672 3013 opera
2699 2942 2915 2997 victum
2965 2957 3174 3012 parare
3209 2945 3475 2994 coactum
3508 2937 3736 2993 viderit.

2090 3034 2166 3087 At
2193 3033 2345 3086 Deus
2394 3048 2638 3087 uxorem
2670 3032 2722 3086 ei
2755 3036 2814 3086 et
2844 3031 3019 3098 filios,
3081 3035 3138 3085 et
3195 3029 3429 3085 divitias
3460 3028 3739 3084 restituit.

2096 3120 2388 3189 Quaesitus
2420 3121 2572 3175 enim
2597 3120 2669 3176 ab
2702 3120 3081 3193 imperatore,
3114 3120 3175 3175 in
3206 3120 3460 3192 pristino
3484 3118 3743 3191 dignita-

2015 3180 2059 3247 θ
2099 3180 2175 3265 tis
2206 3209 2390 3281 gradu
2420 3210 2763 3265 collocatur.
2787 3180 2907 3266 .Sed
2937 3180 3142 3281 postea
3171 3180 3440 3280 c6gnitus
3472 3180 3748 3262 Christia-

2100 3316 2214 3355 nus
2246 3317 2397 3367 esse,
2430 3301 2489 3354 in
2521 3316 2753 3354 aeneum
2812 3299 3165 3355 candentem
3224 3298 3433 3353 bovem
3460 3312 3580 3351 una
3610 3310 3743 3350 cum

2099 3405 2303 3456 uxore,
2336 3395 2393 3443 et
2423 3389 2562 3443 ﬁliis
2592 3389 2871 3460 injectus,
2898 3387 3173 3441 decessit.

2668 3596 2908 3653 EODEM
2947 3594 3178 3649 MENSE

2599 3717 2701 3773 Die
2728 3717 3009 3772 vicesima
3040 3714 3237 3787 prima

2105 3817 2206 3875 50
2266 3819 2713 3873 Commemoratio
2778 3822 3093 3871 sanctorum
3150 3816 3379 3868 Patrum
3434 3816 3749 3865 nostrorum

2354 3891 2521 3944 Isacii
2548 3895 2597 3943 et
2628 3888 2848 3957 Meletii,
2899 3890 3277 3958 episcome
3310 3885 3499 3954 Cypri.

2175 4007 2371 4062 Sancti
2404 4006 2680 4077 beatique
2705 4005 2906 4061 Palres
2936 4005 3156 4060 Isacius
3188 4001 3530 4057 etMeletius
3562 3999 3748 4054 diver-

2100 4097 2181 4151 sis
2208 4096 2577 4167 temporibus
2609 4096 2872 4167 epiSCOpi
2929 4093 3209 4149 Ecclesize
3258 4090 3429 4162 Cypri
3464 4089 3703 4143 fuerunt
3736 4103 3749 4151 ;

2096 4186 2318 4241 Isacius
2351 4185 2591 4255 quidem
2623 4184 2810 4256 prior,
2848 4182 3121 4238 Meletius
3137 4198 3272 4235 vero
3294 4179 3623 4251 posterior:
3650 4174 3753 4229 sed

2097 4277 2225 4348 pari
2256 4281 2455 4330 tamen
2486 4279 2733 4344 uterque
2768 4273 2985 4345 pietate
3026 4270 3259 4325 claruit.
3294 4268 3518 4338 Quippe
3541 4265 3647 4335 qui
3681 4264 3751 4317 ti-

2098 4381 2325 4421 morem
2359 4364 2457 4419 Dei
2502 4378 2738 4433 semper
2795 4376 2995 4415 secum
3041 4356 3547 4421 circumferentes,
3592 4357 3649 4405 et
3692 4351 3751 4404 in

2097 4454 2448 4526 pontiﬁcatu
2512 4448 2849 4519 conspicui,
2919 4447 3217 4517 inculpate
3268 4445 3385 4499 Deo
3448 4439 3748 4512 liturgiam

351 4530 659 4627 ἀμέμπτως
709 4555 811 4623 τῷη
843 4555 958 4621 Θεῷ
990 4530 1454 4624 λειτουργοῦντες,
1484 4551 1571 4604 καὶ
1605 4530 1721 4610 τοῖς
1750 4530 1987 4624 πτωχοῖς

2107 4541 2455 4606 offerebant,
2472 4552 2799 4606 omnesque
2816 4550 2952 4588 suas
2976 4534 3286 4589 facultates
3304 4530 3748 4604 promptissimo

350 4644 653 4719 προθύμως
683 4638 1026 4713 διανέμοντες
1070 4642 1244 4695 πάντα
1298 4639 1365 4694 τὰ
1427 4640 1744 4714 ὑπάρχοντα
1795 4639 2002 4708 αὐτοῖς,

346 4735 435 4789 καὶ
478 4733 616 4787 κατὰ
661 4731 753 4786 τὸν
810 4733 1099 4808 προφήτην
1134 4729 1271 4800 ὅλην
1303 4733 1400 4798 τήν
1433 4732 1644 4806 ἡμέραν
1701 4729 2002 4795 ἐλεοῦντες,

351 4824 443 4878 καὶ
476 4820 807 4889 δανείζοντες
841 4820 905 4873 οὗ
939 4818 1103 4891 μόνον
1135 4819 1226 4873 τὸν
1272 4819 1431 4892 ἄρτον
1484 4819 1682 4886 αὐτῶν,
1714 4816 1860 4873 ἀλλὰ
1912 4817 2002 4871 καὶ

345 4914 438 4968 τὸν
472 4912 610 4966 κατὰ
655 4910 754 4977 τὴν
818 4905 1049 4983 διδαχὴν
1111 4908 1301 4961 πιστὸν
1362 4904 1558 4982 λόγον’
1618 4910 1809 4982 χηρῶν
1864 4926 2002 4981 προ-

344 5001 656 5074 ἶστάμενοι,
702 4996 969 5076 ὀρφανοὺς
1030 4997 1409 5071 οἳκτείροντες,
1472 4994 1846 5071 ὀλιγοψύχους
1900 5016 2006 5049 πα·-

345 5089 752 5169 ραμυθοόμενοι
787 5132 800 5158 ,
857 5092 978 5148 τοῖς
1025 5092 1155 5141 πᾶσι
1210 5088 1277 5141 τὰ
1334 5084 1508 5140 πάντα
1567 5083 2005 5160 γινόμενοι,’ἰνα

348 5186 556 5240 πάντας
615 5174 984 5250 κερδάνωσιν.
1044 5174 1205 5233 Οὕτω
1260 5173 1318 5230 δὲ
1370 5176 1635 5250 βιοῦντες,
1690 5173 2000 5244 ἠξιώθησαν

345 5271 438 5325 καί
473 5267 817 5343 χαρίσματος
874 5264 1182 5337 θαυμάτων,
1215 5264 1318 5321 Καὶ
1354 5261 1601 5325 πολλοὺς
1634 5260 1726 5317 καὶ
1760 5259 1849 5317 διὰ
1892 5266 2000 5316 τῶν

348 5361 545 5416 ἶάσεων
606 5356 1008 5434 ὠφελήσαντες,
1059 5355 1112 5409 ἐν
1165 5354 1449 5431 βαθυτάτῳ
1505 5356 1669 5427 γήρᾳ.
1718 5351 1854 5407 κατὰ
1883 5350 2001 5408 δια-

349 5448 578 5529 φόρους,
612 5446 686 5508 ὠς
720 5444 956 5519 εἴρηται,
987 5444 1210 5519 καιροὺς
1268 5443 1321 5498 ἐν
1379 5447 1447 5517 τῇ
1482 5442 1619 5516 αὐτῇ
1649 5445 1718 5514 τῇ
1752 5438 1823 5495 δι’
1854 5439 2004 5502 ἔτους

352 5540 560 5611 ἡμέρᾳ,
605 5535 743 5606 πρὸς
796 5533 889 5587 τὸν
947 5533 1072 5586 Θεὸν
1131 5532 1189 5589 ’ὀν
1259 5531 1317 5587 ἐκ
1385 5533 1615 5610 βρέφους
1668 5532 2003 5601 ποθήσαντες

350 5628 735 5702 ἐθεράπευσαν,
767 5618 1126 5694 ἑξεδήμησαν.

2112 4632 2313 4685 animo
2358 4626 2719 4699 pauperibus
2766 4623 3231 4691 distribuebant,
3281 4628 3399 4677 tota
3436 4622 3532 4677 die
3579 4622 3753 4694 juxta

2110 4719 2261 4775 illud
2292 4718 2614 4790 prophetae,
2649 4715 3021 4782 miserentes,
3069 4719 3128 4768 et
3156 4712 3603 4768 commodantes
3633 4727 3752 4764 non

2110 4824 2328 4882 panem
2354 4807 2571 4874 solum,
2603 4804 2705 4860 sed
2737 4803 2975 4859 fidelem
3007 4803 3184 4858 etiam
3237 4803 3299 4856 in
3330 4799 3595 4855 docendo
3626 4815 3752 4852 ser-

2111 4916 2372 4956 monem.
2398 4896 2714 4952 Viduarum
2742 4911 2945 4949 curam
2992 4892 3292 4964 gerebant,
3326 4891 3623 4961 orphanos
3645 4887 3758 4942 mi-

2112 4988 2515 5047 miseticerdia
2544 4983 3079 5058 prosequebantur,
3129 4982 3400 5053 jacentes
3450 4977 3756 5049 erigebant

2112 5082 2365 5144 animos,
2389 5076 2664 5133 omnibus
2696 5073 2899 5128 omnia
2922 5071 3141 5126 fiebant
3170 5076 3234 5124 ut
3264 5085 3470 5123 omnes
3514 5066 3756 5121 lucrifa-

2112 5175 2331 5227 cerent.
2366 5170 2510 5223 Cum
2542 5166 2720 5238 igitur
2753 5164 2835 5218 sic
2868 5162 3150 5216 vixissent
3200 5159 3625 5214 miraculorum
3656 5156 3756 5210 do-

2112 5276 2257 5315 num
2288 5270 2671 5330 promeruere
2706 5270 2719 5319 ;
2750 5252 3090 5321 multosque
3124 5248 3576 5305 admirabilibus
3599 5262 3761 5301 cura-

2112 5350 2374 5406 tionibus
2394 5348 2692 5419 juvantes,
2726 5343 2787 5398 in
2813 5358 3046 5397 summa
3077 5345 3380 5396 senectute
3403 5337 3671 5401 diversis,
3697 5341 3761 5389 ut

2110 5442 2318 5505 fertur,
2362 5434 2752 5507 temporibus,
2782 5432 2884 5488 sed
2922 5438 3119 5487 tamen
3153 5430 3361 5486 eodem
3393 5430 3533 5483 anni
3564 5428 3657 5483 die
3688 5425 3761 5479 ad

2111 5534 2315 5597 Deum,
2352 5543 2527 5600 quem
2561 5525 2631 5581 ab
2660 5525 2904 5581 ineunte
2954 5527 3124 5579 aelate
3152 5538 3382 5578 summo
3431 5518 3624 5575 studio
3658 5532 3755 5568 co-

2111 5623 2367 5688 luerant,
2397 5618 2745 5690 migrarunt.
