2015 3098
131 161 170 192 63
485 147 488 150 ’
790 156 950 189 MENOLO

1007 157 1010 188 ἶ
1030 158 1131 190 PARS
1153 159 1178 190 Ι.
1798 163 1838 193 64

455 227 566 256 Eodem
582 226 628 253 die

132 290 180 318 57
201 290 340 316 Certamen
355 289 444 315 sancti
458 287 589 321 martyris
602 284 746 316 Theodori,
763 285 812 319 qui
825 285 855 311 in
870 285 956 319 Perge

240 324 413 360 Pamphylia:
427 324 494 350 urbe
508 322 676 356 martyrium
687 327 784 355 passus
799 323 848 347 est.

169 382 339 409 Theodorus
350 383 462 415 martyr
472 379 579 406 claruit
593 378 742 405 Antonino
754 378 956 406 Romanorum

133 427 256 460 Cmsare,
285 428 353 454 ante
378 427 512 452 sanctum
526 423 722 455 Theodorum,
749 423 799 458 qui
823 425 955 451 Amaseaa

131 471 306 506 martyrium
327 469 426 502 subiit,
456 468 543 495 annis
560 467 749 503 septuaginta
777 475 828 495 sex
856 470 953 495 natus.

131 515 372 542 Militavitautem
387 515 415 540 et
425 513 488 548 ipse
505 513 537 540 in
548 515 685 548 tyrouum
697 511 823 548 legione,
836 511 914 547 quod
927 514 956 539 et

131 561 216 586 mtate
231 558 390 591 florens,et
405 560 518 584 statura
529 565 663 592 magnus,
681 558 710 583 et
724 556 820 583 forma
830 556 890 583 oris
905 565 955 584 ve-

130 606 236 630 nustus
251 605 339 629 esset.
356 602 412 629 Sed
427 610 494 629 cum
509 601 598 629 idolis
613 601 779 628 sacrificare
790 603 954 637 cogeretur,

130 647 263 683 neglecta
279 647 411 674 terrestri
421 646 538 681 militia,
554 648 643 681 atque
659 645 837 680 imperatore
852 653 954 673 corru-

130 692 222 727 ptioni
243 691 369 718 obnoxio
382 700 391 718 .'
402 692 471 726 Ego,
501 690 608 726 inquit,
639 690 750 717 emlesti
764 690 825 726 regi
838 690 953 717 Christo

130 735 279 771 stipendia
305 735 390 769 facio,
409 743 444 763 ex
460 744 518 770 quo
533 735 697 770 baptizatus
726 743 806 767 sum;
835 737 953 762 terreno

129 784 228 809 autem
245 781 355 808 servire
384 780 464 808 nolo.
492 782 587 813 Quare
616 783 769 815 correptus
784 788 801 807 ο
816 779 952 815 praeside,

130 834 284 861 censusque
299 826 331 852 in
346 825 497 852 fornacem
513 825 656 860 injicitur.
673 824 727 852 Sed
742 824 899 858 cuminde,
916 833 953 852 ne

129 870 286 897 minimum
303 869 423 905 quidem
449 869 662 897 detrimentum
691 878 806 905 passus,
822 869 950 903 exiisset,

1311 227 1351 263 Τῇ
1366 225 1434 263 αὐτῇ
1450 225 1541 263 ἡμέρᾳ

1007 304 1150 344 ’ἈθλησιςΔ
1177 307 1225 333 τοῦ
1254 305 1334 344 ἁγίου
1364 307 1503 344 μάρτυρος
1530 304 1696 344 Θεοδώρου,
1730 310 1779 335 τοῦ
1808 308 1835 336 ἐν

1116 340 1204 379 Πέργῃ
1218 340 1283 376 τῆξ
1297 340 1462 381 Ηαμὲρυλίας
1491 340 1724 381 μαρτυρήσαντος.

1043 420 1186 458 Θεόδωρος
1199 423 1213 449 δ
1230 423 1333 461 μάρτυς
1357 423 1481 460 ὑπῆρχεν
1510 422 1554 450 ἐπὶ
1583 423 1745 452 ’Λντωνίνου
1761 425 1833 453 Καί-

1007 475 1089 502 σαρος
1112 466 1265 503 Ῥωμαίων,
1294 465 1505 505 προγενέστερος
1521 468 1664 506 τυγχάνων
1687 470 1736 496 τοῦ
1751 469 1831 507 ἁγίου

1007 508 1159 546 Θεοδώρου,
1175 513 1224 539 τοῦ
1239 510 1265 539 ἐν
1282 511 1414 548 ’Δμασείᾳ
1430 513 1663 550 μαρτυρήσαντος,
1680 510 1726 548 ἔτη
1754 512 1836 542 ἕϐδο-

1008 555 1169 591 μηκονταέξ.
1197 556 1377 594 Ἐστρατεύθη
1404 555 1432 584 δὲ
1460 557 1505 584 καὶ
1520 557 1602 588 αὐτὸς
1618 557 1656 588 είς
1683 558 1714 585 τὸ
1742 559 1832 596 τάγμα

1005 601 1059 627 τῶν
1074 600 1214 638 τυρώνων,
1246 599 1290 628 διὰ
1313 606 1344 629 το
1373 602 1431 633 νέος
1460 603 1539 637 εἶναι,
1568 601 1612 629 καὶ
1642 602 1691 636 τήν
1718 601 1831 638 ἠλικίαν

1007 644 1099 682 μέγας,
1115 644 1160 671 καὶ
1174 645 1206 672 τὸ
1234 645 1381 682 πρόσωπον
1406 644 1557 684 εὔμορφος.
1587 645 1668 675 Ἀλλ’
1682 647 1831 682 ἀναγκαζό-

1006 698 1087 724 μενος
1113 689 1188 716 Θῦσαι
1216 691 1275 721 τοῖς
1304 689 1440 725 εἰδώλοις,
1471 692 1677 728 καταφρονήσας
1692 695 1741 726 τῆς
1768 691 1831 719 ἔπι-

1004 732 1080 770 γείου
1109 733 1257 771 στρατίας,
1285 734 1330 762 καὶ
1371 736 1421 762 τοῦ
1449 737 1569 772 φθαρτοῦ
1598 735 1731 772 βατιλέως
1748 758 1755 771 ,
1784 737 1829 764 καὶ

1006 777 1100 804 εἱπών·
1118 779 1189 816 Ἐγὼ
1208 781 1248 815 τῷ
1274 779 1428 817 ἐπουρανίῳ
1460 778 1569 817 βασιλεῖ
1597 782 1706 818 Χριστῷ
1732 780 1829 819 ἐστρα-

1004 822 1114 858 τεύθην,
1138 823 1183 861 ἀφ’
1198 822 1229 850 οὗ
1245 820 1422 859 ἐϐαπτίσθην,
1449 825 1493 851 καὶ
1517 824 1557 860 τῷ
1582 824 1626 851 ἐπὶ
1645 828 1698 862 γῆς
1719 825 1830 863 βασιλεῖ

1006 865 1143 894 δουλεύειν
1174 867 1205 894 οὐ
1247 866 1329 895 θέλω·
1369 868 1506 905 έκρατήθη
1550 868 1623 906 παρὰ
1654 871 1702 896 τοῦ
1726 871 1830 908 ἄρχον-

129 923 163 942 ea
179 923 225 942 res
241 914 351 942 milites
367 914 450 947 duos,
463 915 611 942 Socratem
627 917 656 941 et
664 913 847 950 Dionysium,
865 915 950 942 mira-

1007 921 1064 945 τος,
1080 912 1124 939 καὶ
1144 912 1251 950 τυφθεὶς
1278 910 1411 948 ἐνεϐλήθη
1442 914 1480 945 εἰς
1501 913 1625 950 κάμινον·
1642 915 1685 942 καὶ
1716 913 1829 950 ἐξῆλθεν

129 959 187 987 culi
205 959 408 995 magnitudine
427 958 579 992 attonitos,
600 958 637 986 ad
658 959 747 986 fidem
762 958 869 986 Christi
884 967 953 995 per-

130 1003 237 1030 traxit:
255 1004 414 1038 statimque
435 1004 530 1038 capite
558 1003 689 1030 damnati
719 1005 788 1030 sunt
801 1012 862 1031 una.
886 1012 953 1031 cum

129 1047 275 1083 Philippa,
296 1048 390 1075 sancti
406 1047 551 1075 Theodori
569 1051 673 1081 matre,
691 1056 756 1083 qum
781 1048 869 1083 paulo
885 1052 953 1076 ante

130 1092 245 1119 visendi
263 1092 317 1119 ﬁlii
334 1092 431 1120 studio
448 1095 576 1120 venerat.
592 1092 763 1120 Theodorus
780 1095 889 1127 autem,
905 1102 952 1121 va-

128 1137 320 1172 riisprimum
339 1139 555 1164 tormentorum
582 1137 740 1172 generibus
755 1137 951 1172 excruciatus,

132 1181 291 1209 novissime
312 1182 341 1209 in
357 1189 475 1209 crucem
492 1184 584 1216 actus,
599 1181 630 1209 iu
655 1181 743 1209 cmlos
758 1181 841 1209 laetus
857 1182 953 1210 evola-

128 1226 178 1253 vit.

448 1316 559 1344 Eodem
578 1316 626 1344 die

129 1359 179 1388 58
197 1360 337 1387 Certamen
352 1362 517 1388 sacrosancti
546 1362 675 1395 martyris
703 1364 728 1388 et
744 1362 863 1396 apostoli
878 1363 952 1395 Qua—

199 1396 282 1430 drati,
308 1397 428 1431 episcopi
443 1398 598 1431 Magnesiae,
615 1400 639 1423 et
655 1396 790 1424 sociorum
806 1399 873 1433 ejus.

164 1498 353 1533 Quadratus,
380 1498 497 1525 divinus
522 1502 720 1535 sacromartyr
744 1503 772 1528 et
800 1501 950 1537 apostolus

128 1543 245 1576 Christi,
264 1543 350 1570 Decio
380 1546 409 1570 et
425 1543 578 1570 Valeriano
609 1544 847 1579 imperatoribus,
868 1546 950 1574 urbis

1007 953 1143 991 ἀϐλαϐὴς,
1163 955 1233 992 μηδὲ
1258 957 1290 984 τὸ
1317 957 1402 995 τυχὸν
1427 958 1576 996 σπάραγμα
1605 957 1689 996 ἔχων.
1714 958 1830 990 Ἰδόντες

1007 998 1036 1027 δὲ
1051 999 1131 1027 αὐτὸν
1148 999 1196 1027 δύο
1219 1003 1394 1038 στρατιῶται,
1424 1003 1575 1037 Σωκράτης
1605 1002 1649 1030 καὶ
1679 1003 1831 1038 Διονύσιος,

1009 1043 1093 1081 μηδὶν
1108 1042 1243 1082 βλαϐέντα
1257 1045 1286 1073 ἐκ
1304 1048 1352 1073 τοῦ
1365 1046 1460 1084 πυρὸς,
1483 1046 1637 1074 ἐπίστευσαν
1653 1050 1694 1084 τῷ
1709 1049 1832 1084 Χριστῷ*

1005 1088 1051 1116 xii.
1075 1088 1331 1127 ἀπεκεφαλίσοησαν
1361 1090 1407 1118 σὺν
1431 1093 1466 1123 τῆ
1489 1093 1585 1128 μητέρι
1613 1091 1661 1119 τοῦ
1690 1092 1768 1130 ἁγίου
1783 1103 1833 1120 κα-

1006 1131 1127 1171 λουμένῃ
1144 1134 1191 1170 μὶν
1216 1133 1353 1171 Φιλίππᾳ,
1383 1136 1436 1173 πρὸ
1465 1135 1562 1174 ὀλίγου
1587 1136 1704 1174 ἐλθούσῃ
1722 1137 1759 1168 εἷς
1776 1137 1833 1165 έπι-

1006 1179 1099 1214 σκεψιν
1115 1180 1163 1205 τοῦ
1178 1179 1249 1207 υἱοῦ.
1275 1179 1370 1210 Ἀὐτὸς
1395 1178 1423 1207 δὲ
1447 1179 1567 1211 πολλαῖς
1594 1181 1725 1219 πρότερον
1743 1182 1831 1219 βασά-

1006 1232 1062 1253 νοις
1076 1220 1255 1258 ὑποϐληθεὶς.
1272 1223 1380 1262 ὕστερον
1411 1227 1519 1262 σταυρῷ
1545 1226 1745 1263 προσηλωθεὶς,
1761 1227 1833 1264 πρὸς

1002 1266 1134 1304 οὐρανοὺς
1148 1266 1282 1305 ἀνέδραμε
1298 1268 1415 1306 χαίρων.

1287 1314 1325 1349 Τῇ
1355 1313 1423 1351 αὐτῇ
1448 1314 1540 1351 ἡμέρηι

1002 1353 1140 1396 "Aginati
1163 1357 1229 1396 ..τοῦ
1265 1355 1344 1396 ἁγίου
1385 1358 1584 1396 ἱερομάρτυρος
1625 1359 1670 1396 καὶ
1709 1359 1829 1387 ἀποστό-

1039 1389 1090 1417 λου
1108 1389 1260 1432 κξίοδρᾴτου
1277 1389 1294 1426 ,’
1315 1389 1464 1421 ἐπισκόπου
1487 1389 1673 1432 ’Μαγνησίας,
1702 1395 1747 1423 καὶ
1774 1399 1827 1431 τῆς

1040 1425 1163 1458 συνοδίας
1175 1425 1268 1455 αὐτου.

1039 1505 1176 1544 Κόδρατος
1196 1507 1210 1535 ὁ
1240 1510 1313 1541 θεῖος
1344 1509 1512 1547 ἱερομάρτυς
1534 1510 1579 1538 καὶ
1606 1510 1760 1543 ἀπόστολος
1782 1514 1830 1540 τοῦ

1002 1551 1129 1589 Χριστοῦ,
1147 1552 1270 1590 ὑπῆρχεν
1294 1552 1338 1580 ἐπὶ
1368 1555 1463 1582 Δεκίου
1491 1555 1536 1582 καὶ
1562 1555 1758 1593 Οὐαλεριανοῦ,
1773 1559 1827 1585 τῶν

128 1588 281 1622 Magnesia!
299 1588 528 1623 episcopusfuit.
547 1589 617 1615 Cum
635 1591 733 1616 autem
749 1589 882 1617 audisset
894 1591 949 1618 De-

1007 1594 1152 1632 βασιλέων,
1168 1588 1314 1629 ἐπίσκοπος
1330 1601 1379 1633 τῆς
1403 1598 1512 1631 πόλεως
1541 1588 1708 1637 Μαγνησίας.
1730 1588 1830 1629 ’Ᾰκού-

127 1632 206 1658 cium
237 1633 376 1659 Caesarem
410 1633 598 1665 commorari,
629 1633 778 1668 profectus
804 1635 952 1671 Magnesia

127 1676 338 1706 Nicomediam,
351 1679 383 1703 ut
392 1677 523 1703 inclusos
535 1677 703 1705 carceribus
714 1681 832 1706 sanctos
847 1679 952 1708 invise—

126 1724 180 1754 ret,
195 1730 304 1757 eosque
311 1722 346 1749 ad
356 1722 540 1749 subeundum
552 1725 686 1759 prompto
695 1724 793 1751 animo
804 1733 856 1760 pro
867 1726 949 1753 Chri-

126 1769 171 1793 sto
185 1767 357 1801 martyrium
368 1767 583 1798 adhortaretur,
595 1768 798 1802 deprehensus
808 1770 865 1798 fuit
877 1772 949 1798 aNi—

127 1811 268 1837 comedim
277 1811 466 1845 proconsule:
476 1812 511 1838 ad
520 1812 604 1846 cujus
612 1812 815 1841 tribunalcum
825 1815 950 1850 reliquis

127 1855 305 1890 martyribus
314 1856 484 1890 productus,
495 1864 560 1882 cum
572 1857 685 1890 primus
696 1857 758 1892 ipse
770 1859 949 1894 imposturas

127 1900 275 1927 idolorum
291 1903 474 1935 coargueret,
492 1901 606 1927 cretei-is
626 1902 720 1935 cassis,
736 1905 824 1938 atque
840 1904 948 1932 iterum

126 1945 155 1971 in
172 1952 320 1971 carcerem
337 1944 476 1975 detrusis.
494 1945 657 1972 Caesaream
673 1945 709 1973 ad
727 1947 845 1975 Decium
856 1949 948 1977 addu-

126 1988 203 2015 citur
215 1997 220 2020 ;
232 1996 248 2015 a
264 1996 321 2022 quo
337 1996 403 2015 cum
421 1988 502 2015 nulla
517 1992 579 2015 arte.
592 1993 690 2024 posset
705 1991 805 2019 induci
821 1995 853 2020 ut
867 1994 947 2021 Chri-

125 2035 187 2059 tum
205 2032 373 2067 abnegarct,
390 2033 545 2067 quaestioni
556 2042 608 2068 per
623 2035 701 2062 varia
717 2038 864 2065 tormenta
878 2039 949 2066 sub—

123 2077 230 2112 jectus,
249 2080 337 2111 atque
347 2077 381 2104 ab
398 2078 535 2104 omnibus
548 2078 644 2105 divino
661 2079 806 2109 beneﬁcio
818 2086 947 2118 ereptus,

127 2121 245 2148 tandem
263 2121 291 2148 in
308 2122 458 2149 caminum
474 2123 664 2151 vehementer
677 2132 834 2154 accensum
850 2127 949 2164 injici-

127 2168 183 2194 tur.
201 2166 256 2193 Sed
277 2170 305 2193 ct
330 2166 398 2194 inde
416 2167 573 2194 incolumis
589 2176 734 2204 egressus,
747 2170 835 2206 jussu
850 2172 945 2209 impev

125 2211 244 2242 ratoris,
261 2212 356 2247 capite
373 2211 476 2247 plexus
488 2212 635 2240 occubuit.

122 2297 237 2333 λιιώθη.

452 2345 562 2372 Eodem
578 2345 624 2372 die

232 2387 281 2415 59
299 2388 440 2415 Certamen
468 2391 555 2416 sancti
583 2391 714 2426 martyris
740 2392 840 2421 Prisci.

162 2481 280 2508 Priscus
295 2481 403 2509 Christi
416 2485 521 2517 marty,
531 2483 579 2510 Dei
597 2490 697 2512 amore
708 2484 949 2520 iucensus,sum-

126 2533 233 2560 maque
250 2525 339 2552 divini
351 2526 489 2561 baptismi
507 2527 667 2561 cupiditate
676 2528 814 2564 flagrans,
830 2532 949 2566 postha-

125 2569 189 2597 bita
201 2570 296 2605 patria
313 2570 474 2606 impietate,
492 2571 677 2599 Christianus
702 2573 840 2602 efﬁcitur.
854 2576 949 2609 Quare

126 2613 213 2650 longe
230 2614 347 2650 lateque
363 2618 547 2650 pervagatus,
564 2615 711 2644 Christum
727 2617 820 2646 libere
835 2621 949 2656 prmdi-

126 2659 220 2692 cubat,
238 2659 470 2687 Christianorum
488 2660 621 2688 omnium
644 2662 759 2690 animos
775 2664 811 2692 ad
838 2670 950 2702 marty-

125 2704 202 2731 rium
211 2703 397 2731 subeundum
410 2704 588 2739 incendens;
600 2707 765 2735 Graecorum
773 2709 862 2737 etiam
875 2711 949 2739 mul'

126 2752 170 2775 tos
186 2756 203 2775 a
218 2756 248 2775 se
262 2748 423 2776 instructos
438 2752 465 2776 ct
478 2749 514 2776 ad
530 2750 676 2778 Christum
689 2760 846 2782 conversos
854 2754 949 2792 bapti-

125 2801 203 2821 zans.
220 2794 289 2826 Qum
304 2801 372 2821 cum
396 2794 515 2829 faceret,
533 2795 569 2822 ab
587 2795 751 2825 idololatris
766 2798 802 2825 ad
818 2800 947 2835 regionis

124 2839 296 2875 prmiectum
304 2839 354 2867 def
355 2841 520 2876 erturquod
527 2841 664 2870 maximis
674 2842 729 2871 diis
736 2844 949 2874 contumeliam

1006 1648 1053 1670 σας
1067 1638 1106 1674 δὲ,
1118 1638 1161 1667 ὅτι
1177 1641 1269 1672 Δέκιος
1300 1639 1435 1679 διατρίόεῖ
1458 1642 1484 1670 ἐν
1500 1645 1534 1680 τῇ
1550 1643 1632 1672 πόλει
1661 1645 1833 1683 Καισαρείας,

1004 1684 1163 1728 παρεγένετο
1191 1684 1245 1712 ἀπὸ
1274 1686 1429 1725 Μαγνησίας
1464 1687 1501 1719 εἰς
1530 1688 1736 1726 Νικομήδειαν,
1762 1691 1830 1728 πρὸς

1002 1727 1034 1755 τὸ
1059 1727 1252 1766 ἐπισκέψασθαι
1291 1730 1355 1762 τοὺς
1389 1731 1414 1759 ἒν
1455 1735 1516 1764 ταῖς
1553 1732 1687 1771 φυλακαῖς
1725 1734 1828 1772 ἁγίους.

1004 1773 1250 1811 Ἐπιτκεπτόμενος
1266 1773 1295 1803 δὲ
1322 1775 1430 1811 αὐτοὺς,
1455 1777 1500 1804 καὶ
1529 1777 1697 1816 παραλαλῶν
1725 1779 1827 1816 1:900:3-

1006 1829 1064 1855 μως
1094 1823 1237 1858 μαρτυρεῖν
1269 1821 1334 1859 ὑπὲρ
1362 1823 1411 1849 τοῦ
1436 1823 1568 1859 Χριστοῦ,
1585 1821 1736 1860 διεγνώσθη
1755 1825 1828 1861 παρὰ

1002 1865 1050 1890 τοῦ
1078 1867 1128 1898 τῆς
1171 1863 1358 1901 Νικομηδείας
1399 1866 1572 1895 ἀνθυπάτου.
1601 1867 1650 1894 Καὶ
1689 1869 1827 1905 παραστὰς

1001 1909 1041 1943 τῷ
1069 1908 1206 1946 κριτηρίῳ
1236 1909 1329 1945 αὖτοῦ,
1358 1911 1426 1947 μετὰ
1453 1913 1507 1938 τῶν
1533 1911 1638 1939 λειπῶν
1670 1914 1826 1951 μαρτύρων,

1002 1954 1111 1989 πρῶτος
1139 1952 1236 1992 ἤλεγξε
1274 1954 1322 1989 τὴν
1345 1957 1399 1982 τῶν
1428 1954 1551 1983 εἰδώλων
1589 1956 1707 1992 πλάνην.
1737 1957 1785 1984 Καὶ
1802 1957 1829 1985 οἱ

1003 1996 1051 2032 μὶν
1076 1995 1158 2024 ἄλλοι
1185 1998 1340 2037 τυφθέντες,
1366 1998 1450 2027 πάλιν
1479 1999 1667 2036 ἐκλείσθησαν·
1689 2001 1768 2033 αὐτὸς
1796 2001 1826 2030 δὶ

1002 2040 1183 2079 παρεπέμφθη
1227 2042 1265 2074 εἰς
1302 2045 1466 2081 Καισάρειαν
1492 2047 1533 2081 τῷ
1561 2045 1669 2082 Δεκίῳ.
1701 2047 1751 2075 Καὶ
1781 2046 1828 2074 ὑπ’

1001 2084 1105 2113 ίκείνου
1134 2086 1309 2125 ἀναγκασθεὶς
1341 2089 1507 2127 ἀρνήσασθαι
1536 2091 1581 2118 τὸν
1621 2091 1748 2129 Χριστὸν,
1781 2092 1826 2119 καὶ

1002 2131 1040 2167 μή
1073 2132 1202 2168 πεισθεὶς,
1232 2131 1369 2172 διασόροις
1401 2134 1525 2171 βασάνοις
1551 2134 1710 2171 ἐξετασθεὶς,
1735 2136 1780 2164 καὶ
1795 2136 1825 2165 ἐκ

1000 2177 1106 2210 πασῶν,
1133 2178 1200 2204 Θεοῦ
1229 2178 1334 2215 χάριτι,
1364 2178 1463 2216 ῥυθεὶς.
1493 2182 1618 2217 Ὕστερον
1649 2180 1688 2212 εἷς
1713 2179 1826 2217 κάμινον

962 2208 985 2241 Ῑ)
1002 2208 1140 2256 ῑνεϐλήθη
1167 2208 1290 2260 ἱσχυρὸίς
1318 2208 1480 2251 inlunio-av.
1506 2208 1595 2252 Ἀλλὰ
1609 2224 1654 2252 καὶ
1669 2208 1700 2252 ἐκ
1726 2208 1828 2261 ταύτης

127 2252 254 2305 αὗλαϐἡς
288 2254 415 2290 ἐξελθὼν,
447 2257 589 2293 προστάξει
635 2259 683 2284 τοῦ
716 2255 876 2295 βασιὶέωςξ
908 2263 959 2298 τὴν
995 2264 1069 2302 ἱερὰν
1096 2252 1183 2293 ταύτοῦ
1197 2252 1360 2303 ηάπετμήθη
1393 2267 1515 2305 κεφαλήν
1537 2278 1544 2284 ·

1573 2268 1617 2296 καὶ
1652 2269 1738 2302 οὕτως
1769 2269 1825 2298 ἐτε-

1303 2356 1345 2393 Τῇ
1356 2355 1424 2393 αὐτῇ
1433 2354 1524 2394 ἡμέρᾳ

1122 2399 1252 2435 ’Δθλησις
1265 2403 1314 2429 τοῦ
1329 2402 1411 2440 ἁγίου
1428 2402 1565 2441 μάρτυρος
1578 2403 1708 2441 Πρίσκου.

1038 2488 1070 2516 ’0
1093 2488 1196 2527 μᾶρτυς
1210 2492 1259 2517 τοῦ
1288 2492 1409 2528 Χριστοῦ
1442 2490 1570 2528 Πρίσκος,
1594 2492 1639 2519 τὸν
1666 2493 1731 2520 Θεὸν
1760 2493 1828 2531 ἀγα-

1003 2533 1073 2567 πῶν,
1103 2533 1147 2560 καὶ
1167 2534 1198 2561 τὸ
1227 2534 1299 2562 θεῖον
1331 2534 1469 2572 βάπτισμα
1499 2535 1668 2571 έπιποθήσας
1697 2537 1827 2565 κατέλιπε

1003 2576 1053 2619 τὴν
1069 2579 1202 2615 πατρικὴν
1232 2576 1366 2614 ἀσέϐειαν,
1393 2578 1438 2606 Ααὶ
1465 2580 1558 2617 γέγονε
1587 2582 1759 2619 Χριστιανός.
1777 2582 1826 2609 Καὶ

1004 2618 1184 2660 διερχόμενος
1201 2625 1340 2660 πανταχοῦ
1358 2622 1489 2661 ἐκήρυττε
1517 2623 1657 2662 παρρησίᾳ
1684 2625 1730 2653 τὸν
1760 2629 1828 2664 Χρι-

1005 2665 1076 2692 στόν·
1120 2669 1291 2704 θαρσοποιῶν
1334 2667 1381 2703 μὶν
1411 2667 1512 2699 πάντας
1549 2668 1612 2700 τοὺς
1637 2669 1828 2706 Χριστιανοὺς,

1003 2709 1048 2737 καί
1064 2710 1131 2745 πρὸς
1147 2711 1178 2738 τὸ
1205 2710 1352 2748 μαρτύριον
1373 2711 1552 2749 παρακαλῶν,
1576 2713 1700 2745 πολλοὺς
1728 2713 1756 2741 δὲ
1783 2715 1829 2742 καὶ

1003 2757 1057 2782 τῶν
1079 2754 1220 2790 Ἐλλήιων
1247 2759 1391 2792 νουθετῶν,
1408 2757 1450 2784 καὶ
1477 2757 1545 2794 πρὸς
1567 2758 1613 2785 τὸν
1637 2759 1753 2796 Χριστὸν
1768 2759 1827 2787 ἑπι-

1004 2798 1126 2838 στρέφων
1143 2821 1150 2834 ,
1176 2800 1221 2827 καὶ
1251 2800 1401 2837 βαπτίζων.
1430 2800 1509 2829 Οὕτω
1526 2800 1554 2829 δὲ
1567 2803 1664 2838 ποιῶν,
1692 2799 1826 2838 διεϐλήθη

1003 2842 1077 2881 παρᾶ
1098 2845 1151 2871 τῶν
1195 2843 1407 2883 ε’ίδωλολατρῶν
1438 2847 1478 2882 τῷ
1508 2848 1559 2880 τῆς
1587 2845 1682 2884 χώρας
1701 2846 1827 2884 ἄρχοντι,
