4042 6206
324 393 414 453 65
1792 377 2303 440 SEPTEMBER.

1464 513 1750 590 μεγίστους
1827 508 1980 570 θεοὺς

2097 510 2363 573 inferret,
2396 513 2454 564 et
2482 508 2766 579 neglectis
2796 509 3221 580 imperatorum
3248 513 3567 585 mandatis,
3599 532 3737 572 auc-

331 522 540 578 εἶπότον
616 519 751 592 πρὸς
809 516 968 572 αὑτὸν
1007 561 1022 588 ,
1072 519 1156 572 ὅτι
1239 515 1368 578 τοὺς

329 606 607 682 ὲνῶρίζει,
668 608 756 661 καὶ
814 611 922 661 τῶν
998 605 1296 682 βασιλικῶν
1354 603 1787 679 προσταγμάτων
1819 619 1982 654 κατα-

323 698 648 777 ρρονεῖ,καί
698 696 905 757 πάντας
957 697 1232 751 ἀναπείθει
1291 689 1540 749 σέϐεσθαι
1596 692 1685 746 καὶ
1745 710 1983 765 προσκυο

320 794 418 843 νεὶν
478 788 619 841 Θεὸν
683 786 1123 860 ἐπαυρωμένον.
1157 788 1340 842 Ταῦτα
1399 782 1631 845 ἀκούσας
1690 782 1716 834 ὁ
1776 777 1982 854 ἅρχων,

306 876 551 952 ὠργίσθη
588 875 875 953 σφοδρῶς·
915 876 1003 929 καὶ
1047 876 1181 947 μετὰ
1235 875 1475 948 κραυγῆς
1510 873 1623 926 εἶπε
1675 874 1792 930 τοῖς
1823 887 1985 941 στρα-

303 969 553 1029 τιώταις’
589 968 865 1041 ’Δχθήτω
904 966 1100 1040 τάχιον
1160 966 1188 1019 ὁ
1246 962 1545 1023 κακοποιὸς
1604 961 1862 1036 Πρίσκος,
1894 957 1984 1011 καὶ

302 1056 691 1130 τιμωρείσθω.
764 1056 1061 1129 Κρατηθεὶς
1119 1052 1210 1108 οῦν
1243 1096 1256 1119 ,
1308 1053 1511 1126 ἐτύφθη
1573 1047 1844 1124 σφοδρῶςο
1895 1044 1984 1101 καὶ

306 1148 669 1221 κρεμασθεῂς,
729 1144 917 1215 ἐξέσθη
977 1143 1073 1206 τὰς
1131 1142 1370 1219 πλευράς
1407 1186 1419 1198 .
1473 1141 1575 1197 Καὶ
1634 1138 1767 1212 μετὰ
1814 1139 1981 1208 ξιφῶν

308 1236 688 1304 κατεκεντήθη
726 1278 739 1291 .
803 1234 899 1288 Καὶ
944 1233 1108 1294 τέλος
1166 1233 1265 1300 τὴν
1320 1229 1564 1307 κεφαλὴν
1624 1225 1982 1300 ἀποτμηθεὶς,

306 1326 443 1399 πρὸς
477 1325 616 1379 Θεὸν
647 1320 803 1393 ἐξεδή
814 1342 1008 1394 μησεν.

884 1436 1066 1492 MHNI
1099 1437 1191 1512 re
1223 1436 1424 1511 ΑΥΤῼ.

1104 1550 1205 1605 KB'

313 1669 592 1739 ’Δθλησις
641 1671 742 1722 τοῦ
800 1667 961 1742 ἁγίου
992 1665 1384 1741 ἱερομάρτυρος
1445 1670 1636 1736 «rma,
1685 1665 1984 1723 ἐπισκόπου

1020 1756 1298 1826 Σινώπης.

386 1877 449 1932 Ὁ
504 1879 606 1929 τοῦ
668 1876 907 1946 Χριστοῦ
961 1873 1289 1948 ἱερομὰρτυς

319 1965 605 2041 βασιλείας
660 1966 928 2038 τραϊανοῦ
962 2005 977 2029 ,
1036 1961 1313 2036 γεννηθεὶς
1368 1961 1457 2016 καὶ
1514 1963 1740 2037 τραφεὶς
1798 1961 1849 2016 ἐν
1887 1969 1980 2016 Σι-

310 2058 477 2128 νώπῃ
521 2057 593 2126 τῇ
644 2052 827 2108 πόλει·
862 2049 1081 2105 παιδίον
1113 2048 1170 2104 δὲ
1204 2050 1469 2125 ὑπάρχων
1501 2045 1719 2121 σδέξατο
1753 2049 1814 2105 ἐκ
1843 2055 1977 2105 Θεοῦ

314 2148 619 2218 θαυμάτων
673 2144 1016 2218 χαρίσματαο
1079 2140 1169 2196 καὶ
1227 2144 1329 2218 γὰρ
1390 2139 1653 2215 δαίμονας
1707 2141 1980 2214 ἀπήλασε,

310 2234 549 2308 νεκροὺς
649 2231 882 2307 ἤγειρε,
982 2232 1071 2285 καὶ
1175 2229 1348 2285 πλοῖα
1446 2228 1822 2286 κινδυνεύοντα
1896 2229 1981 2285 δι-

320 2325 552 2379 έσωσεν.
601 2320 884 2377 Ἀπελθὼν
948 2318 1006 2375 δὲ
1062 2320 1168 2374 ἀπὸ
1227 2320 1488 2390 Σινώπης
1545 2319 1623 2381 εἰς
1680 2319 1974 2392 Ἀμάσειαν

313 2405 425 2471 τήν
501 2402 684 2467 πόλιν,
769 2402 836 2456 τά
915 2400 1082 2474 ὅμοια
1141 2397 1482 2473 διεπράξατο.
1558 2401 1692 2457 Εἶτα
1750 2396 1978 2477 παρεγέ-

311 2512 438 2546 νετο
496 2492 572 2553 εἷς
652 2490 885 2563 Ἀμισὸν
925 2534 939 2559 ,
1000 2491 1492 2563 θαυματουργήσας
1548 2489 1640 2543 καὶ
1696 2488 1828 2559 ἐκεῖ,
1885 2489 1976 2544 καὶ

312 2588 568 2650 πολλοὺς
656 2589 911 2662 στηρίξας
995 2586 1069 2648 εἷς
1152 2588 1249 2655 την
1302 2585 1483 2640 πίστιν
1556 2590 1654 2641 τοῦ
1720 2587 1975 2661 Χριστοῦ.

313 2677 455 2748 μετά
510 2679 683 2730 ταῦτα
770 2669 1107 2748 ὑποστρέψας
1189 2672 1265 2734 είς
1328 2674 1609 2743 Σινώπην,
1687 2673 1978 2736 ἐπίσκοπος

314 2767 491 2833 αὐτῆς
525 2763 958 2839 προχειρίζεται,
990 2764 1079 2817 καὶ
1113 2760 1202 2817 ’διά
1251 2768 1359 2817 τῶν
1410 2765 1698 2835 θαυμάτων
1732 2763 1979 2826 πολλοὺς

314 2853 424 2901 τῶν
470 2846 760 2923 Ἑλλήνων
800 2847 937 2919 πρὸς
996 2846 1228 2914 Χριστὸν
1296 2844 1617 2921 ἐπιστρέψας
1672 2842 1974 2904 ἐϐάπτισεν,

320 2938 460 2994 Εἶτα
518 2934 769 3007 ἐμηνύθη
834 2932 924 2988 διὰ
978 2939 1294 3009 περιστερᾶς
1347 2935 1445 3002 τὴν
1507 2936 1824 3007 μετάστασιν
1883 2936 1975 2990 αό-

315 3030 437 3080 τοῦ.
502 3022 634 3080 Εἷδε
680 3025 781 3099 γαρ
840 3023 957 3077 κατ’
1016 3022 1143 3096 ὄναρ
1201 3022 1517 3097 περιστερὰν
1573 3021 1857 3091 ἐλθοῦσαν,
1888 3025 1977 3079 καὶ

313 3114 618 3169 καθίσασαν
682 3112 768 3167 ἐπὶ
823 3119 923 3181 τῆς
979 3109 1224 3188 κεφαλῆς
1277 3111 1440 3166 αὐτοῦ
1476 3154 1491 3180 ,
1546 3112 1636 3166 καὶ
1694 3111 1980 3169 ἐπιδοῦσαν

314 3203 467 3274 αὐτῷ
500 3203 758 3279 στέςαανον
791 3200 879 3255 καὶ
914 3199 1101 3255 εἷπεῖν·
1138 3200 1308 3271 Δέξαι,
1355 3206 1542 3269 Φωκᾶ,
1574 3203 1636 3256 τὸ
1696 3200 1975 3275 σύμϐολον

314 3298 420 3347 τοῦ
451 3292 650 3352 τέλους
680 3310 797 3348 σου.
849 3289 953 3345 Καὶ
989 3291 1124 3362 μετὰ
1176 3289 1368 3363 μικρὸν
1427 3290 1753 3353 ἀποστείλας
1801 3292 1828 3346 ὁ
1882 3293 1981 3367 βα-

320 3379 511 3442 σιλεὺς
570 3378 860 3453 Τραϊανὸς,
899 3378 1188 3453 ἐκράτησεν
1244 3377 1423 3435 αὐτόν.
1457 3381 1558 3435 Καὶ
1589 3380 1776 3435 πολλά
1806 3382 1980 3455 βασα-

317 3470 475 3530 νίσας
534 3488 801 3543 προτερον
837 3511 849 3523 .
907 3466 1126 3542 ὕστερον
1215 3465 1630 3545 ἀπεκεφάλισεν.
1710 3472 1842 3524 Εἶτα
1892 3469 1981 3524 καὶ

324 3560 461 3633 πυρὶ
494 3554 806 3631 παρέδωκεν
821 3602 835 3615 ,

929 3678 972 3727 Τ
977 3675 1012 3745 ᾖ
1043 3671 1181 3744 αὖτῇ
1204 3674 1389 3748 ἡμέρᾳ

452 3800 651 3872 Μνήμη
680 3803 777 3854 τοῦ
808 3798 970 3873 ἁγίου
999 3797 1088 3853 καὶ
1120 3796 1339 3871 ἐνδόξου
1381 3800 1668 3876 προφήτου
1702 3799 1876 3857 Ἰωνᾶ.

409 3919 650 3980 Ἰωνᾶςὸ
685 3913 853 3992 μέγας
920 3916 1008 3971 καὶ
1069 3912 1281 3987 ἔνδοξος
1349 3919 1660 3992 προφήτης,
1721 3918 1982 3993 ὑπάρχων

332 4008 525 4076 ἐκτῆς
572 4008 764 4082 χώρας
816 4011 924 4061 τῶν
956 4003 1260 4075 Ἰουδαίων,
1317 4006 1407 4060 καὶ
1466 4006 1832 4082 προσταχθεὶς
1882 4008 1985 4063 ὑπὸ

328 4102 468 4152 Θεοῦ
500 4097 747 4151 άπευθεῖν
800 4095 876 4157 εἰς
932 4102 1127 4165 Νινευή
1184 4096 1284 4163 τήν
1353 4095 1539 4167 πόλιν,
1595 4098 1684 4151 καὶ
1734 4096 1984 4172 κηρύξαι,

329 4188 415 4241 ὅτι
476 4183 555 4247 ἕςι
612 4191 757 4260 τρεῖς
807 4187 1010 4260 ἡμέραι
1049 4185 1139 4239 καὶ
1199 4186 1394 4254 Νινευὴ
1462 4189 1984 4264 καταστραφήσετᾶι,

328 4276 497 4337 αὐτὸς
530 4276 842 4350 γινώσκων,
898 4274 981 4328 ὅτι
1040 4272 1424 4351 φιλάνθρωπός
1475 4273 1617 4330 ἐστιν
1648 4277 1676 4331 ὁ
1707 4276 1863 4346 Θεὸς,
1894 4276 1984 4331 καὶ

328 4366 683 4439 συγχωρήσει
737 4369 854 4425 τοῖς
914 4365 1242 4432 Νινευῖταις,
1276 4363 1364 4417 ἐάν
1420 4366 1813 4437 μετανοήσωσι.
1846 4386 1987 4441 παρ’

330 4456 569 4515 suo-3cm:
600 4457 696 4507 τοῦ
745 4458 900 4522 Θεοῦ,
950 4453 1040 4507 καὶ
1100 4448 1260 4515 ἐκϐάς
1320 4453 1394 4514 εἷς
1454 4450 1676 4523 πλοῖον,
1734 4453 1986 4530 ἐπειρᾶτο

333 4550 546 4621 φυγεῖν.
581 4541 757 4599 Ἀλλά
791 4547 868 4613 τῷ
923 4544 1302 4617 προστάγματι
1332 4546 1428 4596 τοῦ
1488 4547 1621 4597 Θεοῦ
1661 4543 1988 4619 ἀγριωθεῖσα

3677 386 3758 444 66

2096 604 2186 653 tor
2214 598 2492 654 omnibus
2525 603 2681 652 esset
2708 604 2775 651 ut
2806 599 2987 653 Deum
3020 603 3369 658 cruciﬁxum
3396 605 3664 660 colerent
3686 612 3744 660 et

2094 690 2430 744 adorarent.
2466 686 2859 752 Quamobrem
2893 691 3111 743 exarsit
3140 692 3476 748 vehementi
3513 696 3744 750 iracun-

2095 778 2192 831 dia
2240 776 2574 848 prmfectus,
2641 791 2708 829 ac
2764 775 2984 829 milites
3041 777 3361 833 inclamare
3420 784 3614 853 coepit,
3678 790 3742 838 ut

2094 867 2513 938 quamprinum
2542 864 2879 919 maleficum
2930 867 3197 921 Priscum
3249 869 3566 926 abductum
3623 881 3744 928 tor-

2093 960 2365 1027 querent.
2428 955 2743 1024 Correptus
2806 956 2984 1025 igitur
3041 958 3385 1026 gravissime
3452 962 3736 1017 creditur:

2093 1046 2309 1103 deinde
2337 1060 2682 1115 suspensus,
2713 1045 2772 1099 in
2804 1046 3089 1101 lateribus
3148 1048 3499 1119 depectitur,
3552 1069 3737 1121 punc-

2094 1140 2318 1207 timque
2350 1133 2707 1207 pugionibus
2740 1135 3112 1193 lancinatur:
3148 1146 3515 1209 postremum
3544 1143 3734 1212 capite

2093 1227 2322 1299 plexus,
2355 1222 2619 1294 migravit
2650 1223 2722 1277 ad
2759 1226 2961 1280 Deum.

2646 1436 2884 1490 EODEM
2926 1436 3177 1491 MENSE.

2562 1553 2664 1606 Die
2696 1551 2968 1605 vicesima
2999 1549 3260 1606 secunda

2092 1674 2194 1729 60
2213 1675 2494 1729 Certamen
2524 1672 2860 1796 sacrosancsti
2908 1669 3170 1739 Martyris
3219 1671 3432 1741 Phocw,
3494 1676 3736 1744 episcopi

2838 1758 3041 1796 mones.

2838 1758 3041 1811 inopes.

1349 1878 1550 1936 Φωκᾶς
1604 1873 1672 1941 ἦν
1732 1871 1817 1927 ἐπὶ
1877 1878 1977 1941 τῆς

2124 1907 2547 1962 Sacrosanctus
2565 1903 2781 1958 Christi
2798 1902 3261 1972 marterhocas
3281 1904 3340 1958 in
3358 1904 3506 1959 urbe
3521 1906 3737 1976 Sinope

2088 2002 2263 2049 natus
2287 2000 2345 2047 et
2374 1994 2677 2057 educatus,
2701 1991 2951 2061 Trajano
2976 1991 3566 2059 imperante,claruit.
3594 1994 3737 2047 Cum

2088 2091 2286 2141 autem
2318 2084 2510 2139 adhuc
2543 2099 2689 2153 puer
2746 2086 2920 2146 esset,
2968 2079 3192 2134 donum
3244 2081 3668 2137 miraculorum
3704 2100 3738 2138 a

2088 2176 2205 2229 Deo
2234 2173 2490 2244 accepit:
2516 2187 2655 2226 nam
2677 2169 2979 2225 daemones
3004 2169 3242 2240 fugavit,
3264 2176 3527 2225 mortuos
3547 2174 3739 2226 susci—

2088 2266 2247 2332 tavit,
2281 2270 2339 2319 et
2368 2279 2544 2318 naves
2575 2263 2635 2315 in
2671 2260 2927 2315 maximo
2960 2258 3307 2315 discrimine
3340 2261 3561 2332 positas
3611 2270 3733 2316 ser-

2086 2355 2255 2409 vavit.
2292 2353 2594 2407 Profectus
2624 2368 2759 2405 vero
2810 2367 2879 2404 ex
2928 2348 3073 2403 urbe
3127 2349 3345 2421 Sinope
3394 2354 3731 2418 Amaseam,

2088 2450 2263 2515 atque
2294 2442 2432 2497 inde
2455 2438 2975 2503 Amisum,similia
2996 2438 3214 2509 ubique
3238 2438 3508 2512 prodigia
3526 2441 3734 2512 edidit,

2088 2538 2145 2589 et
2173 2533 2233 2586 in
2268 2531 2381 2586 fide
2412 2530 2626 2585 Christi
2660 2529 2863 2599 plures
2894 2528 3288 2582 confirmavit.
3320 2530 3530 2584 Postea
3561 2529 3730 2585 Sino-

2086 2640 2221 2695 pem
2252 2637 2542 2683 reversus,
2575 2618 2843 2689 ejusdem
2872 2617 3036 2671 urbis
3067 2617 3377 2672 ordinatur
3399 2620 3733 2691 episcopus,

2087 2712 2426 2781 multosque
2441 2712 2775 2764 Graacorum
2798 2712 3039 2777 prOpter
3054 2705 3337 2761 miracula
3350 2706 3423 2761 ad
3441 2708 3736 2763 Christum

2088 2817 2401 2857 conversos
2414 2795 3027 2868 baptizavit.Cognovit
3051 2801 3249 2849 autem
3265 2812 3369 2865 per
3394 2796 3731 2851 columbam

2088 2891 2400 2945 imminere
2436 2887 2546 2942 sibi
2580 2890 2850 2940 mortem.
2889 2884 3057 2938 Visus
3107 2884 3266 2938 enirn
3320 2884 3429 2937 sibi
3483 2891 3573 2940 est
3632 2903 3738 2957 per

2088 2982 2349 3052 quietem
2381 2978 2576 3032 videre
2608 2976 2945 3032 columbam
2982 2975 3157 3045 capiti
3194 2992 3297 3029 suo
3349 2976 3733 3042 insidentem,

2088 3088 2240 3140 qua),
2268 3072 2536 3141 porrecta
2562 3066 2672 3121 sibi
2696 3082 2937 3132 corona,
2963 3064 3046 3118 sic
3071 3064 3262 3135 ipsum
3288 3064 3695 3136 alloqueretur
3724 3083 3734 3120 :

2088 3160 2323 3230 Accipe,
2356 3159 2571 3223 Phoca,
2607 3155 2743 3210 ﬁnis
2784 3155 2867 3210 tui
2924 3153 3279 3225 symbolum.
3333 3156 3513 3226 Igitur
3560 3156 3734 3226 paulo

2012 3252 2054 3318 C
2093 3255 2227 3321 post
2258 3248 2456 3304 missis
2488 3265 2521 3301 a
2552 3247 2800 3315 Trajano
2831 3245 3187 3313 imperatore
3222 3244 3529 3298 lictoribus
3571 3262 3701 3298 com
3722 3274 3739 3284 -

2088 3338 2437 3410 prehensus,
2472 3340 2529 3388 et
2558 3333 2901 3405 gravissime
2934 3331 3191 3401 primum
3223 3336 3432 3395 tortus,
3486 3330 3735 3386 demum

2090 3425 2348 3481 abscisso
2382 3421 2571 3492 capite
2600 3421 2661 3473 in
2692 3420 2889 3491 ignem
2919 3417 3226 3487 conjectus
3259 3423 3363 3471 est.

2739 3622 2960 3677 Eodem
2994 3620 3088 3675 die

2092 3721 2185 3775 6|
2217 3716 2669 3774 Commemoratio
2700 3715 2878 3769 sancti
2909 3718 2961 3766 et
2991 3712 3219 3781 gloriosi
3240 3711 3529 3782 propheta:
3558 3715 3734 3769 Jonas.

2161 3918 2361 3980 Jonas,
2393 3929 2642 3985 magnus
2674 3916 2732 3966 et
2760 3910 3050 3983 gloriosus
3074 3909 3379 3980 propheta,
3410 3925 3477 3964 ex
3500 3911 3739 3983 regione

2090 4006 2427 4062 Iudaeorum
2459 4003 2571 4057 fuit
2596 4019 2607 4055 :
2635 4002 2957 4073 jussusque
2977 4015 3011 4053 a
3034 4000 3148 4053 Deo
3176 3998 3234 4053 in
3256 3998 3463 4053 urbem
3491 4001 3735 4054 Niniven

2091 4096 2277 4161 abire,
2310 4100 2369 4148 et
2398 4091 2720 4164 praedicare
2752 4090 2875 4143 fore
2926 4093 2990 4142 ut
3040 4092 3173 4158 post
3230 4087 3491 4142 triduum
3534 4089 3735 4142 Μηίιό

2094 4185 2555 4249 subverteretur,
2588 4197 2721 4235 cum
2755 4179 2906 4233 bene
2938 4183 3140 4231 nosset
3170 4178 3374 4245 Deum,
3408 4194 3525 4245 qua
3557 4184 3645 4230 est
3675 4178 3736 4230 in

2092 4274 2368 4329 homines
2400 4271 2736 4327 clementia.
2770 4267 3002 4321 veniam
3036 4264 3313 4318 daturum
3366 4264 3655 4329 Ninivitis,
3691 4266 3738 4317 si

2094 4362 2503 4435 penitentiam
2535 4362 2799 4430 agerent,
2860 4358 3128 4408 recusato
3188 4351 3385 4403 divino
3438 4351 3741 4419 mandato,

2092 4453 2389 4523 navigium
2423 4446 2789 4509 conscendit,
2823 4444 3021 4512 fugam
3054 4440 3370 4494 meditans.
3416 4440 3525 4493 Sed
3580 4457 3740 4495 mare

2092 4542 2289 4597 divina
2310 4538 2608 4593 voluntate
2642 4534 2726 4589 sic
2751 4533 3057 4586 efferatum
3084 4533 3192 4595 est,
3213 4533 3278 4582 ut
3298 4544 3433 4582 eum
3459 4528 3740 4585 devorare

329 4618 367 4703 ἦ
413 4618 677 4700 θάλασσα,
732 4630 923 4701 ἤθελεν
980 4630 1138 4687 αὐτὸν
1198 4637 1499 4688 καταπιεῖν.
1566 4632 1662 4686 Καὶ
1710 4618 1980 4707 βαλόντες

2096 4623 2765 4691 voluerit.Quamobrem
2787 4624 2981 4675 nautae
3004 4634 3109 4689 per
3132 4622 3319 4671 sortes
3343 4618 3741 4689 explorantes,

329 4721 578 4797 κλήρους
610 4722 662 4775 οἱ
692 4724 901 4790 ναῦται,
959 4720 1048 4775 καὶ
1107 4720 1348 4796 γνόντες,
1381 4722 1462 4775 ὅτι
1526 4718 1598 4775 δι’
1655 4721 1813 4776 αὐτὸν
1863 4743 1981 4776 κιν-

333 4809 615 4866 δυνεύουσι
650 4852 664 4877 ,
725 4804 981 4871 λαϐόντες
1039 4808 1259 4885 ἔρριψαν
1328 4808 1379 4863 ἐν
1437 4814 1505 4883 τῇ
1566 4809 1830 4885 θαλάσσῃ·
1891 4812 1980 4865 καὶ

334 4901 470 4971 αῦτὴ
530 4900 625 4972 μὲν
683 4897 924 4953 ἔπαυσεν·
1012 4899 1170 4954 αὐτὸν
1233 4897 1291 4953 δὲ
1340 4900 1561 4954 κατέπιε
1617 4907 1784 4969 κῆτος
1823 4944 1837 4971 ,
1893 4901 1983 4955 καὶ

338 4991 471 5063 μετᾶ
530 4994 678 5063 τρεῖς
735 4989 946 5063 ἡμέρας
1002 4987 1261 5063 ἐξήγαγεν
1292 4989 1368 5050 εἷς
1427 4990 1524 5058 την
1581 4996 1682 5064 γῆν
1742 4986 1982 5059 ἀϐλαϐῆ.

335 5079 433 5136 Καὶ
466 5078 589 5133 τότε
620 5078 866 5133 ἀπελθὼν
925 5077 998 5139 εἷς
1029 5078 1255 5145 Νινευή,
1314 5077 1537 5148 ἐποίησε
1567 5078 1629 5132 τὸ
1660 5080 1986 5155 πρόσταγμα

330 5174 429 5223 τοῦ
462 5172 617 5223 Θεοῦ.
666 5169 793 5221 Εἶτα
845 5167 1182 5242 ὑποστρέψας
1215 5167 1291 5229 εἰς
1348 5168 1446 5235 τὴν
1504 5174 1608 5242 γῆν
1673 5169 1837 5223 αὐτοῦ
1893 5170 1981 5223 καὶ

328 5252 667 5330 παραλαϐὼν
727 5258 824 5325 τὴν
884 5253 1021 5311 ἰδίαν
1080 5258 1332 5333 μητέρα,
1394 5256 1635 5325 ἀπῆλθεν
1697 5257 1772 5321 εἷς
1830 5260 1981 5330 ξένην

336 5347 525 5423 χώραν
561 5364 573 5377 ⁸
635 5344 901 5419 αἰσχύνην
952 5346 1051 5420 γὰρ
1110 5348 1229 5422 εἶχε
1285 5346 1347 5400 τὸ
1403 5351 1673 5400 κατοικεῖν
1742 5345 1819 5407 εἷς
1882 5348 1983 5415 τήν

334 5436 475 5492 ἰδίαν
507 5443 632 5511 γῆν,
669 5433 757 5489 διὰ
806 5436 869 5489 τὸ
926 5439 1221 5508 ψευσθῆναι
1278 5436 1375 5505 τὴν
1429 5435 1762 5512 προφητείαν
1796 5436 1981 5493 αὐτοῦ.

326 5527 394 5583 Ὃ
481 5526 586 5600 γάρ
664 5523 793 5587 θεὸς
867 5522 1073 5594 ἠλέησε
1152 5524 1280 5587 τοὺς
1365 5523 1647 5587 Νινευΐτας
1718 5528 1980 5598 μετανοή-

330 5636 541 5677 σαντας.
601 5612 991 5692 Προφητιύσας
1046 5611 1104 5669 δὲ
1158 5614 1248 5670 καὶ
1306 5611 1451 5669 ἄλλα
1497 5612 1707 5685 πολλά,
1769 5614 1984 5673 ἐτελεύ-

323 5725 482 5779 τησε.

2097 4719 2259 4773 illius
2291 4730 2468 4771 causa
2500 4713 2559 4766 in
2588 4716 2751 4765 tanto
2786 4725 2845 4763 se
2879 4708 3093 4762 versari
3131 4707 3338 4762 salutis
3372 4707 3741 4776 discrimine,

2095 4812 2396 4878 arreptum
2412 4801 2777 4875 praecipitem
2802 4799 2861 4853 in
2876 4814 3039 4852 mare
3063 4797 3396 4851 exturbant.
3433 4799 3501 4850 Et
3529 4798 3742 4852 ﬂuctus

2096 4896 2335 4968 quidem
2369 4893 2550 4949 maris
2582 4890 2781 4946 statim
2814 4888 3158 4943 detumuere
3190 4905 3202 4952 ;
3235 4886 3448 4941 Jonam
3480 4904 3613 4941 vero
3646 4905 3743 4942 ce-

2098 4991 2191 5040 tus
2225 4983 2558 5039 devoravit:
2597 4980 2765 5033 tertio
2808 4982 3006 5031 autem
3058 4981 3189 5045 post
3238 4974 3353 5039 die,
3402 4976 3461 5029 in
3524 4982 3742 5030 terram

2098 5075 2351 5129 illmsum
2382 5070 2669 5143 exposuit.
2700 5070 2861 5120 Tunc
2896 5066 3072 5135 igitur
3130 5063 3427 5133 profectus
3474 5065 3740 5131 Niniven,

2094 5169 2457 5236 praeceptum
2492 5160 2592 5214 Dei
2626 5156 2906 5227 implevit.
2942 5155 3067 5207 Mox
3114 5151 3172 5205 in
3228 5154 3527 5225 regionem
3574 5171 3740 5208 suam

2095 5269 2417 5326 regressus.
2454 5248 2706 5304 abducta
2739 5250 2924 5299 matre
2975 5242 3230 5295 alienam
3284 5248 3498 5296 terram
3551 5244 3738 5314 petiit,

2095 5359 2229 5397 cum
2262 5358 2395 5395 eum
2430 5337 2677 5409 puderet
2708 5336 2767 5388 in
2802 5332 2991 5404 patria
3024 5347 3129 5385 sua
3162 5331 3400 5398 versari,
3428 5332 3583 5402 quod
3606 5333 3744 5386 vati-

2094 5432 2319 5487 cinium
2352 5444 2523 5484 suum
2553 5425 2769 5480 falsum
2799 5423 3028 5477 fuisset.
3064 5425 3206 5473 Nam
3237 5422 3388 5475 Deus
3446 5423 3741 5491 paeniten-

2095 5522 2242 5576 tium
2275 5517 2663 5575 Ninivitarum
2697 5513 2974 5568 misertus
2998 5513 3099 5565 est.
3129 5511 3395 5582 Cumque
3420 5512 3604 5566 multa
3626 5511 3742 5564 alia

2092 5610 2526 5683 prophetasset,
2562 5603 2836 5659 decessit.
