4030 6196
313 405 393 470 67
1630 389 2067 461 MENOLOGII
2109 391 2309 457 PARS
2353 395 2401 458 Ι.

961 535 1182 592 Eodem
1212 531 1310 589 die

2665 533 2746 605 Τῇ
2779 531 2916 606 αὐτῇ
2946 534 3131 608 ἡμέρᾳ

315 659 416 716 62
441 660 891 714 Commemoratio
920 657 1100 730 sancti
1125 655 1296 730 Jonas.
1345 654 1529 724 patris
1588 651 1878 718 Theodori,
1910 656 1957 706 et

2071 639 2277 713 Μνήμη
2308 646 2405 697 τοῦ
2437 643 2590 730 ὁσίου
2616 717 2627 730 ο
2647 646 2806 703 Ἰωνᾶ
2831 652 2960 730 -τοῦ
3018 649 3257 730 Ιξατὲρος
3311 650 3595 730 Θεοδώρου
3629 659 3718 714 καὶ

759 726 1104 798 Theophanis
1135 717 1523 793 confessorum.
1867 717 1871 718 ί

2457 717 2757 788 Θεοφάνους
2789 724 2895 774 τῶν
2931 717 3325 797 ὁμολογητῶν.

3641 410 3728 474 68

392 906 703 978 Presbyter
731 905 844 959 fuit
871 905 966 958 hic
985 905 1187 972 Jonas,
1210 903 1430 975 pietate
1456 907 1515 958 et
1535 901 1806 957 doctrina
1827 898 1967 955 insi-

321 998 472 1069 gnis,
497 1000 664 1066 pater
685 999 884 1050 autem
900 993 1191 1049 Theodori
1219 991 1552 1048 beatissimi
1577 990 1963 1056 confessoris,

320 1101 386 1140 ac
409 1083 780 1154 Theophanis
810 1099 1109 1138 canonum
1133 1083 1466 1155 scriptoris:
1490 1081 1672 1143 illius,
1697 1081 1964 1152 inquam,

321 1171 630 1239 Theodori,
664 1172 836 1244 cujus
862 1171 1074 1227 faciem
1107 1177 1440 1228 atramento
1472 1170 1708 1239 inussit,
1744 1174 1802 1223 et
1830 1167 1966 1224 vul-

319 1261 547 1318 neravit
569 1263 682 1317 Leo
705 1261 1046 1317 Caballinus
1071 1262 1593 1330 iconomachus,eo
1617 1259 1776 1331 quod
1797 1258 1969 1312 illum

321 1352 607 1406 inducere
641 1367 762 1406 non
783 1352 1076 1422 potuisset
1095 1357 1164 1406 ut
1183 1351 1408 1407 cultum
1438 1350 1968 1418 adorationemque

323 1446 664 1496 sanctarum
695 1439 934 1508 Christi,
967 1445 1026 1496 et
1057 1441 1208 1512 ejus,
1241 1457 1373 1512 qum
1399 1440 1527 1496 sine
1550 1439 1777 1495 semine
1795 1437 1969 1492 illum

326 1531 550 1604 genuit,
585 1531 872 1602 Deiparaa,
904 1531 1293 1603 omniumque
1316 1535 1655 1586 sanctorum
1680 1529 1808 1601 ejus
1830 1529 1974 1583 ima-

326 1620 531 1692 ginum
552 1619 892 1692 abnegaret.
913 1621 1015 1674 Hic
1041 1620 1218 1692 igitur
1240 1625 1481 1675 sanctus
1499 1620 1698 1686 Jonas,
1719 1617 1970 1672 remisso

325 1709 506 1766 rebus
538 1710 740 1766 swculi
773 1711 1004 1780 nuntio,
1037 1711 1099 1765 in
1124 1710 1353 1766 lauram
1385 1709 1574 1765 sancti
1629 1708 1793 1764 Saba:
1842 1721 1972 1762 sese

323 1800 572 1870 recepit,
605 1805 665 1855 et
691 1801 1021 1856 monachus
1052 1799 1244 1856 factus
1276 1806 1399 1855 est:
1441 1804 1726 1870 tantoque
1775 1797 1970 1852 studio

2140 888 2511 971 Πρεσϐύτερος
2539 898 2607 966 ἦν
2635 898 2793 962 οὗτος
2845 901 2873 955 6
2933 903 3136 972 Ἰωνᾶς,
3196 900 3436 975 εὐλαϐής
3467 907 3556 964 καὶ
3590 929 3728 964 συν-

2069 984 2185 1046 ετὸς
2220 1027 2235 1050 ,
2288 987 2468 1062 πατὴρ
2529 987 2818 1064 Θεοδώρου
2874 996 2974 1047 τοῦ
3037 998 3457 1069 μακαριωτάτου
3513 996 3728 1071 ὁμολο-

2071 1078 2268 1148 γητοῦ,
2336 1076 2426 1130 καὶ
2490 1081 2797 1155 Θεοφάνους
2849 1085 2946 1136 τοῦ
3000 1089 3240 1154 ποιητοῦ
3296 1091 3404 1141 τῶν
3459 1087 3722 1144 κανόνων⁶

2069 1161 2354 1239 Θεοδώρου
2384 1164 2608 1240 ἐκείνου,
2641 1168 2853 1233 οὕτινος
2895 1172 2958 1226 τὸ
3012 1173 3305 1248 πρόσωπον
3348 1173 3436 1231 διὰ
3485 1175 3724 1251 μέλανος

2069 1251 2358 1329 ἐπέγραψε,
2405 1256 2497 1312 καὶ
2553 1261 2904 1332 κατεκέντησε
2962 1265 3110 1318 Λέων
3136 1265 3165 1319 ὁ
3197 1260 3527 1335 Καϐαλῖνος,
3562 1267 3729 1323 Εἰκο-

2068 1343 2318 1418 νομάχος
2349 1343 2445 1417 ὥν,
2480 1343 2571 1401 διὰ
2597 1349 2660 1403 τὸ
2694 1350 2771 1422 μὴ
2817 1355 3000 1406 πεῖσαι
3051 1353 3216 1408 αὐτὸν
3258 1355 3590 1429 ἀρνήσασθαι
3621 1358 3725 1427 τὴν

2071 1432 2436 1506 προσκύνησιν
2469 1435 2558 1490 καὶ
2611 1437 2674 1492 τὸ
2706 1433 2864 1501 σέϐας
2892 1443 3001 1496 τῶν
3057 1442 3232 1517 ἁγίων
3291 1442 3541 1513 εῒκόνων,
3567 1449 3728 1501 τοῦτε

2075 1522 2313 1594 Χριστοῦ
2342 1523 2432 1578 καὶ
2478 1530 2580 1595 τῆς
2627 1526 2883 1602 ἁσπόρως
2911 1529 3177 1601 τεκούσης
3227 1531 3393 1588 αὐτὸν
3435 1534 3724 1606 Θεοτόκου,

2071 1611 2160 1664 καὶ
2219 1615 2325 1665 τῶν
2385 1613 2550 1688 ἁγίων
2610 1615 2778 1671 αὐτοῦ
2832 1618 3070 1678 πάντων.
3131 1619 3457 1677 Καταλιπὼν
3515 1623 3728 1680 οὖντὸν

2073 1699 2280 1772 κόσμον
2314 1702 2342 1756 6
2373 1701 2557 1777 ῥηθεὶς
2616 1703 2766 1767 ὅσιος
2828 1707 3038 1776 Ἰωνᾶς,
3094 1710 3186 1766 καὶ
3239 1709 3488 1767 ἀπελθὼν
3523 1711 3600 1776 είς
3627 1715 3729 1783 τήν

2073 1793 2170 1843 τοῦ
2201 1789 2356 1866 ἁγίου
2412 1787 2562 1846 Σάϐα
2618 1791 2844 1870 λαῦραν,
2877 1795 3086 1871 ἐγένετο
3141 1799 3404 1876 μοναχός.
3438 1801 3542 1856 Καὶ
3594 1822 3727 1856 τοσ-

326 1890 588 1960 seipsum
607 1889 878 1960 jejuniis,
912 1890 1308 1954 orationibus,
1341 1889 1644 1961 perpetuis
1665 1887 1957 1959 lacrymis,

2076 1877 2242 1949 αύτην
2302 1877 2525 1950 ἄσκησιν
2585 1880 2930 1954 ἐπεδείξατο,ο
2967 1887 3279 1960 νηστεύων,
3341 1891 3729 1966 προσευχόμε-

327 1983 386 2034 et
413 1979 555 2034 ﬂetu
583 1980 865 2047 exercuit,
897 1985 964 2034 ut
992 1995 1128 2034 cum
1161 1994 1370 2033 omnes
1401 1979 1465 2033 in
1497 1978 1588 2032 sui
1619 1975 1967 2032 admiratio-

326 2083 463 2121 nem
491 2067 896 2138 pertraxisset,
922 2068 1124 2122 multis
1143 2067 1527 2139 cupiditatem
1550 2064 1972 2138 injiceretimi-

325 2155 492 2211 tandi
525 2162 787 2211 exactam
823 2156 1009 2228 ipsius
1065 2157 1350 2228 omnique
1398 2156 1611 2210 virtute
1661 2153 1971 2226 praeditam

325 2244 930 2310 vitam.Quamobrem
943 2244 1167 2300 donum
1189 2245 1566 2301 curationum
1590 2244 1838 2316 accepit,
1855 2259 1970 2314 quo

327 2335 746 2390 accedentibus
779 2335 852 2390 ad
884 2352 946 2390 se
979 2335 1218 2407 profuit.
1248 2337 1392 2391 Cum
1451 2341 1649 2390 autem
1699 2335 1859 2389 hunc
1907 2333 1970 2388 in

323 2423 568 2479 modum
598 2423 856 2492 vixisset,
908 2424 1304 2496 omnibusque
1352 2423 1737 2480 admirandus
1789 2438 1970 2494 appa-

324 2513 566 2581 ruisset,
597 2512 673 2570 ad
704 2514 888 2570 Deum
918 2514 1210 2586 migravit.

875 2630 1116 2686 EODEM
1157 2630 1410 2686 MENSE.

834 2751 938 2806 Die
968 2751 1249 2808 vicesima
1278 2751 1453 2808 tertia

317 2869 418 2926 08
451 2870 741 2941 Conceptio
770 2874 972 2924 sanctae
1007 2868 1259 2936 Elisabet,
1291 2867 1511 2938 quando
1533 2864 1782 2938 concepit
1805 2881 1966 2922 sanc—

750 2947 865 2994 tum
893 2941 1163 2995 Joannem
1194 2941 1520 3010 Baptistam.

384 3120 715 3191 Zacharias,
749 3119 1040 3192 propheta
1070 3123 1128 3174 et
1156 3124 1327 3191 pater
1371 3118 1617 3175 Joannis
1664 3117 1960 3190 Baptistae,

313 3208 588 3264 sacerdos
620 3209 721 3264 Dei
751 3207 882 3264 fuit.
907 3210 1216 3281 Ingressus
1237 3213 1437 3262 autem
1467 3205 1789 3278 aliquando
1813 3211 1954 3260 tem-

309 3297 496 3368 plum,
529 3304 594 3352 ut
621 3298 755 3352 thus
786 3297 1072 3367 adoleret,
1107 3296 1402 3352 stantibus
1450 3301 1616 3351 extra
1662 3294 1952 3366 templum

309 3386 546 3454 Iudaeis,
581 3404 717 3442 cum
738 3386 983 3442 vidisset
1005 3385 1338 3442 Gabrielem
1365 3385 1642 3457 angelum
1671 3385 1772 3440 Dei
1799 3389 1956 3439 stan-

305 3479 426 3530 tem
458 3492 492 3530 a
522 3475 744 3530 dextris
775 3475 978 3532 altaris
1011 3475 1434 3547 thymiamatis,
1461 3474 1810 3546 perterritus
1842 3477 1949 3529 est.

307 3564 565 3638 Angelus
597 3581 731 3620 vero
762 3564 855 3619 his
887 3582 1024 3620 eum
1047 3564 1242 3620 verbis
1269 3563 1684 3635 compellavit:
1718 3585 1745 3612 α
1780 3564 1860 3618 Ne
1884 3562 1953 3616 ti-

310 3677 338 3705 ‹‹
373 3670 556 3722 meas,
587 3655 900 3711 Zacharia:
935 3655 1208 3710 exaudita
1235 3660 1325 3710 est
1355 3654 1513 3709 enim
1542 3653 1729 3709 oratio
1755 3659 1876 3719 tua,
1899 3657 1958 3707 et

310 3766 338 3795 α
363 3761 510 3800 uxor
541 3745 913 3800 tuaElisabet
933 3745 1123 3816 pariet
1153 3744 1256 3798 tibi
1282 3743 1496 3809 filium,
1523 3749 1580 3798 et
1598 3743 1833 3798 vocabis
1850 3760 1955 3798 no-

307 3857 336 3884 «
355 3851 494 3890 men
508 3835 1022 3906 ejusJoannem,et
1042 3834 1154 3888 erit
1167 3832 1272 3886 tibi
1285 3831 1565 3903 gaudium
1581 3832 1954 3898 etexultatio,

320 3946 341 3973 ι
369 3929 428 3979 et
447 3923 618 3978 multi
643 3924 703 3978 in
723 3923 1028 3979 nativitate
1050 3922 1178 3992 ejus
1208 3920 1570 3990 gaudebunt.
1595 3940 1625 3973 »ι
1647 3920 1956 3975 Zacharias

309 4017 531 4078 autem,
563 4028 697 4067 cum
730 4027 792 4066 se
823 4016 882 4066 et
909 4025 1155 4066 uxorem
1187 4025 1354 4063 suam
1387 4009 1448 4062 in
1494 4013 1664 4064 aetate
1720 4025 1955 4080 proces-

311 4101 457 4156 sisse
473 4107 771 4156 cerneret:
792 4122 814 4151 α
832 4097 1498 4168 Quomodo,inquit,hoc
1512 4097 1954 4164 mihi,Domine,

307 4211 337 4240 «
354 4190 482 4244 ﬁeri
507 4188 766 4260 poterit?
778 4189 879 4242 Cui
900 4187 1126 4256 angelus
1139 4203 1157 4239 :
1170 4188 1285 4258 Ego
1300 4201 1431 4241 sum
1447 4185 1808 4256 Gabriel.qui
1827 4203 1892 4242 as
1901 4191 1956 4244 to

312 4301 333 4328 ι
361 4295 563 4334 coram
587 4279 724 4347 Deo,
751 4275 1089 4345 missusque
1114 4279 1341 4341 sum,ut
1363 4275 1489 4330 haec
1513 4275 1619 4329 tibi
1644 4276 1960 4332 annuntia-

305 4388 333 4416 ‹‹
347 4383 507 4422 rem:
533 4371 593 4421 et
612 4364 893 4432 ecce,eris
913 4368 1337 4434 mutus,neque
1352 4364 1516 4435 prius
1530 4363 1691 4436 loqui
1709 4365 1954 4435 poteris,

303 4477 332 4506 «
358 4473 536 4527 quam
562 4460 736 4510 natus
759 4453 863 4507 tibi
887 4453 1067 4508 fuerit
1097 4452 1255 4508 filius
1277 4454 1320 4506 ³.
1357 4475 1384 4502 υ
1403 4454 1734 4524 Statimque
1763 4453 1956 4511 factus

305 4549 395 4598 est
423 4543 640 4599 surdus
671 4547 730 4598 et
759 4547 979 4611 mutus,
1013 4542 1209 4612 quoad
1239 4547 1414 4598 natus
1446 4548 1538 4600 est
1562 4544 1842 4600 Joannes.

2077 1987 2192 2036 νος,
2247 1967 2330 2023 ἀεὶ
2384 1965 2653 2044 δακρύων,
2711 1974 2948 2046 θρηνῶν,
3003 1976 3189 2032 ἑαυτὸν
3251 1965 3584 2048 δαπανίζων,
3650 1981 3728 2044 ὡς

2081 2056 2186 2112 ὑπὸ
2229 2056 2442 2113 πάντων
2497 2059 2884 2134 θαυμάζεσθαι,
2941 2066 3029 2119 καὶ
3097 2065 3347 2130 πολλοὺς
3405 2067 3730 2139 σπουδαζειν

2079 2151 2361 2219 μιμεῖσθαι
2390 2148 2484 2203 τὸν
2526 2145 2909 2224 ὴκριϐωμένον
2962 2155 3052 2208 καὶ
3106 2153 3355 2229 ἐνάρετον
3392 2157 3510 2232 βίον
3538 2157 3727 2218 αὐτοῦ.

2075 2232 2322 2324 Ἐδέξατο
2373 2236 2431 2291 δὲ
2473 2237 2561 2292 καὶ
2613 2238 2925 2313 χαρίσματα
2976 2242 3242 2315 ἰαμάτων,
3291 2242 3362 2300 δι’
3414 2247 3488 2301 ὧν
3523 2247 3730 2324 ὠφέλει

2072 2322 2201 2387 τοὺς
2246 2326 2731 2402 προσερχομένους
2787 2330 2955 2402 αὐτῷ.
3014 2331 3172 2389 Οὕτω
3230 2331 3288 2388 δὶ
3349 2322 3593 2410 βιώσας,
3630 2335 3728 2392 καὶ

2074 2413 2383 2486 θαυμαστὸς
2412 2421 2532 2478 τοῖς
2587 2421 2719 2472 πᾶσι
2780 2419 2985 2495 φανεὶς,
3045 2423 3181 2496 πρὸς
3226 2423 3318 2477 τὸν
3380 2423 3509 2480 Θεόν
3542 2423 3727 2496 ἐξεδή-

2077 2522 2270 2574 μησεν.

2623 2625 2803 2678 MHNI
2847 2630 2935 2702 Τᾳ
2974 2627 3172 2704 ΑΥΤῼ.

2848 2740 2951 2796 Kl"

2067 2836 2133 2917 ⁴Η
2174 2859 2464 2941 σύλληψις¹
2497 2869 2596 2932 τῆς
2618 2935 2630 2941 Δ
2653 2863 2809 2941 ἁγίας
2848 2861 3156 2941 Ἐλ-ισάϐετ,
3207 2866 3296 2923 ὅτε
3338 2863 3599 2924 ωνᾶλαϐε
3626 2868 3721 2925 τὸν

2430 2936 2580 3009 ἅγιον
2618 2935 2874 3008 Ἰωάννην
2903 2938 2996 2994 τὸν
3029 2935 3363 3009 Βατιτιστήν.

2139 3110 2437 3188 Ζαχαρίας,
2469 3119 2498 3169 6
2528 3117 2816 3192 προφήτης
2874 3116 2965 3174 καὶ
3017 3119 3199 3194 πατὴρ
3255 3115 3354 3173 τοῦ
3409 3119 3719 3176 Βαπτιστοῦ

2067 3199 2345 3270 Ἰωάννου,
2403 3202 2649 3278 ὑπῆρχεν
2709 3205 2884 3280 ἱερεῦς
2940 3210 3036 3261 τοῦ
3089 3211 3245 3266 Θεοῦ.
3305 3209 3408 3264 Καὶ
3458 3208 3715 3275 εἰσελθών

2067 3311 2198 3346 ποτε
2224 3289 2276 3345 ἐν
2307 3295 2387 3364 τῷ
2438 3297 2574 3366 ναῷ,
2630 3297 2728 3348 τοῦ
2786 3295 3067 3366 θυμιάσαι,
3124 3295 3214 3350 καὶ
3272 3301 3378 3352 τῶν
3433 3295 3714 3354 Ἰουδαίων

2064 3380 2314 3436 ἑστώτων
2372 3378 2496 3451 ἔξω,
2553 3379 2662 3438 εἶδε
2712 3379 2958 3459 Γαϐριὴλ
3014 3386 3106 3440 τὸν
3165 3383 3395 3462 ἄγγελον
3427 3391 3524 3442 τοῦ
3581 3392 3718 3444 Θεοῦ

2063 3469 2351 3543 ἱστάμενον
2397 3470 2456 3527 ἐκ
2486 3467 2673 3542 δεξιῶν
2709 3477 2807 3528 τοῦ
2837 3474 3224 3548 θυσιαστηρίου
3281 3481 3382 3530 τοῦ
3438 3478 3724 3550 θυμιάμα-

2062 3579 2180 3624 τος,
2230 3559 2320 3614 καὶ
2379 3555 2650 3638 ἐφοϐήθη.
2716 3562 2821 3617 Καὶ
2877 3561 3007 3618 ἰδὼν
3062 3563 3222 3619 αὐτὸν
3267 3563 3575 3641 ὀᾶγγελος,
3635 3565 3720 3620 ὅτι

2065 3648 2365 3724 ὶταράχθη,
2417 3652 2535 3704 εἶπε
2591 3650 2726 3724 πρὸς
2790 3650 2972 3706 αὐτόν·
3033 3653 3127 3722 Μὴ
3187 3649 3400 3730 φοϐοῦ,
3453 3655 3720 3730 Ζαχαρία,

2066 3735 2203 3792 διότι
2260 3737 2588 3808 ἐΐσηκούσθη
2650 3741 2685 3808 ἡ
2747 3736 2930 3811 δὲησίς
2983 3762 3100 3800 σου.
3173 3745 3268 3798 Καὶ
3332 3745 3366 3812 ἡ
3426 3746 3558 3818 γυνή
3619 3765 3718 3799 σου

2068 3821 2355 3884 Ἐλισάϐετ
2437 3830 2683 3902 γεννήσει
2771 3849 2857 3884 σοι
2946 3831 3061 3884 υἱὸν
3100 3875 3113 3899 ,
3171 3831 3261 3886 καὶ
3347 3831 3596 3894 καλέσεις
3658 3831 3722 3888 τὸ

2066 3911 2242 3988 ὄνομα
2290 3917 2454 3972 αὐτοῦ
2536 3919 2838 3990 Ἰωάννην.
2892 3919 2996 3977 Καὶ
3056 3917 3202 3975 ἔσται
3261 3922 3408 3996 χαρά
3464 3942 3571 3992 σοι,
3630 3922 3722 3976 καὶ

2066 4004 2433 4079 ἀγαλλίασις·
2494 4007 2584 4062 καὶ
2640 4007 2848 4064 πολλοὶ
2930 4008 3020 4064 ἐπὶ
3099 4013 3167 4078 τῇ
3233 4017 3474 4086 γεννῆσει
3557 4010 3722 4066 αὐτοῦ

2069 4095 2448 4168 χαιρήσονται.
2498 4095 2561 4152 Ὀ
2615 4093 2673 4150 δὲ
2731 4097 3026 4171 Ζαχαρίας,
3077 4096 3238 4161 εἰδὼς
3288 4098 3370 4154 ὅτι
3431 4100 3590 4176 αὐτὸς
3623 4100 3719 4170 μὲν

2066 4181 2177 4238 ἐστι
2222 4185 2431 4258 γὲρων,
2487 4183 2524 4253 ἥ
2579 4181 2637 4238 δὲ
2691 4187 2827 4261 γυνὴ
2886 4187 3053 4242 αὐτοῦ
3105 4192 3295 4262 γραῦς,
3354 4191 3490 4244 εἶπ’
3534 4188 3720 4261 Κύριε,

2064 4276 2182 4334 πῶς
2214 4269 2362 4328 ἔσται
2421 4293 2518 4344 μοι
2571 4277 2773 4343 τοῦτο,
2835 4276 2930 4330 Καὶ
2992 4275 3258 4350 ἀπεκρίθη
3313 4286 3449 4352 πρὸς
3502 4276 3662 4332 αὐτὸν
3693 4277 3721 4332 ὁ

2065 4358 2322 4436 ἄγγελος,
2365 4359 2455 4416 καὶ
2511 4363 2679 4417 εἶπενο
2738 4364 2885 4438 Ἐγώ
2943 4364 3058 4437 εἶμι
3113 4361 3358 4441 Γαϐριὴλ
3391 4367 3720 4440 ὁπαρεστη-

2063 4450 2175 4515 κὼς
2231 4449 2459 4506 ἐνώπιον
2507 4457 2606 4507 τοῦ
2663 4457 2797 4508 Θεοῦ
2832 4496 2846 4510 .
2931 4455 3031 4510 Καὶ
3116 4456 3424 4525 ἀπεστάλην
3497 4455 3721 4531 εὐαγγε-

2067 4539 2318 4596 λίσασθαί
2375 4561 2461 4595 σοι
2523 4545 2791 4596 τοιαῦτα·
2869 4543 2958 4598 καὶ
3036 4542 3155 4598 ἰδοὺ
3208 4542 3303 4614 ἴση
3362 4550 3585 4600 σιωπῶν
3628 4543 3719 4600 καὶ

307 4631 384 4703 μὴ
419 4628 717 4702 δυνάμενος
768 4628 1059 4700 Ααλεῆσαι,
1117 4626 1222 4692 ἓως
1279 4629 1343 4685 οὗ
1399 4632 1636 4706 γεννηθῇ
1692 4631 1720 4686 6
1779 4629 1891 4693 υἶός
1944 4649 2060 4688 σου.
2121 4629 2220 4684 Καὶ
2279 4626 2514 4703 διέμεινε
2569 4629 2755 4708 κωφὸς
2799 4631 2891 4687 καὶ
2949 4630 3176 4707 ἄλαλος,
3234 4630 3338 4696 ἕως
3391 4633 3656 4710 ἐγεννήθη
3691 4633 3719 4688 6

305 4719 582 4789 Ἰωάννης.

948 4809 1172 4865 Eodem
1195 4810 1292 4865 die

527 4927 630 4984 64
661 4926 950 4982 Certamen
978 4933 1180 4984 sanctae
1210 4925 1472 4996 martyris
1498 4926 1720 4980 Iraidis.

373 5043 540 5109 Irais,
572 5043 788 5098 Christi
820 5048 1064 5115 martyr,
1091 5041 1512 5108 Alexandrina,
1545 5041 1704 5113 virgo
1724 5046 1783 5097 et
1813 5058 1952 5098 san-

301 5132 684 5202 ctimonialis,
719 5149 955 5205 egressa
985 5130 1305 5203 aliquando
1338 5147 1407 5188 ex
1448 5130 1754 5201 asceterio,
1788 5138 1850 5187 ut
1882 5149 1952 5188 ex

301 5222 463 5278 fonte
494 5238 709 5293 aquam
743 5221 1035 5293 praefectis
1067 5237 1188 5276 sua:
1222 5222 1480 5289 afferret,
1512 5219 1654 5275 vidit
1713 5221 1774 5275 in
1818 5221 1949 5277 navi

302 5329 474 5369 secus
505 5311 672 5366 littus
702 5311 886 5366 maris
917 5315 1327 5366 transeuntem
1366 5309 1531 5366 urbis
1581 5309 1949 5383 praefectum,

300 5402 398 5473 qui
425 5401 644 5455 multos
668 5416 870 5455 secum
887 5399 1255 5456 Christianos
1276 5399 1530 5456 ducebat
1555 5401 1780 5455 catenis
1802 5418 1951 5456 con-

301 5494 556 5561 strictos,
589 5491 989 5564 presbyteros,
1023 5490 1324 5559 diaconos,
1359 5490 1642 5546 mulieres
1693 5496 1948 5561 sanctas,

300 5581 1490 5654 etvirgines:accurrensque,etsciscitata
1505 5597 1574 5636 ex
1599 5580 1949 5654 virginibus,

299 5687 481 5744 quam
514 5671 588 5727 ob
602 5686 842 5727 causam
875 5675 1076 5727 essent
1103 5670 1166 5727 in
1188 5669 1462 5740 vinculis,
1488 5670 1682 5742 iisque
1707 5685 1949 5742 respou-

370 5849 392 5882 ⁸
417 5850 554 5908 Luc.
588 5869 626 5924 ι,
661 5852 727 5908 13
757 5866 922 5925 seqq.

1977 4813 2026 4878 D

2649 4812 2733 4884 Τῇ
2765 4808 2900 4886 absit
2933 4813 3112 4888 ἡμέρᾳ

2274 4923 2538 4996 Ἀθλησις
2581 4932 2682 4996 τῆς
2713 4926 2873 5003 ἁγίας
2925 4929 3198 5004 μάρτυρος
3252 4926 3502 5005 Ἰραΐδος.

2131 5040 2193 5096 Ἣ
2233 5041 2436 5116 μάρτυς
2465 5045 2562 5096 τοῦ
2621 5045 2856 5118 Χριστοῦ
2914 5042 3113 5117 Ἰραίας
3171 5045 3420 5120 ὑπῆρχεν
3480 5044 3588 5100 ἀπὸ
3621 5051 3719 5114 τῆς

2058 5127 2278 5194 πόλεως
2337 5127 2788 5206 Ἀλεξανδρείας,
2843 5131 3109 5206 παρθένος
3190 5131 3320 5188 οὖσα
3399 5133 3487 5188 καὶ
3549 5132 3720 5206 μονά-

2063 5224 2244 5288 ζουσα’
2302 5217 2589 5292 ἐξελθοῦσα
2639 5217 2696 5274 δὲ
2753 5224 2846 5274 τοῦ
2893 5219 3234 5298 ἀσκητηρίου
3290 5222 3428 5298 πρὸς
3457 5222 3520 5277 τὸ
3551 5222 3722 5295 κομί-

2059 5329 2145 5364 σαι
2171 5305 2318 5382 ὕδωρ
2351 5309 2410 5363 ἐκ
2437 5315 2539 5377 τῆς
2570 5314 2758 5383 πηγῆς
2802 5312 2868 5382 τῇ
2918 5311 3196 5384 ἡγουμένη
3253 5312 3444 5382 αὐτῆς,
3482 5309 3618 5366 εἶδεν
3663 5310 3718 5366 ἐν

2055 5402 2135 5469 τῷ
2164 5396 2347 5470 πλοίῳ
2389 5394 2750 5473 διερχόμενον
2794 5396 2871 5461 εἷς
2903 5399 2996 5454 τὸν
3029 5399 3278 5477 αἰγιαλὸν
3309 5408 3408 5470 τῆς
3440 5397 3720 5472 θαλάσσης

2055 5487 2150 5542 τὸν
2183 5488 2424 5564 ἄρχοντα
2451 5493 2552 5556 τῆς
2602 5485 2840 5560 πόλεως,
2878 5486 3078 5565 ἔχοντα
3132 5491 3252 5564 μεθ’
3280 5489 3471 5544 ἑαυτοῦ
3501 5489 3718 5558 πλῆθος

2055 5578 2395 5651 Χριστιανῶν
2458 5573 2717 5650 δεσμίων,
2759 5572 3164 5655 πρεσϐυτέρων,
3225 5576 3514 5649 διακόνων,
3551 5579 3716 5656 ἁγίων

2056 5669 2330 5740 γυναικῶν
2385 5665 2474 5722 καὶ
2537 5667 2848 5741 παρθένων.
2911 5667 3015 5724 Καὶ
3065 5665 3348 5740 δραμοῦσα
3408 5668 3524 5723 εἶπε
3580 5668 3721 5743 πρὸς
