4030 6196
338 399 419 460 εο
1787 372 1976 460 ΞΕΡΊ

2091 399 2286 460 lBER.
3664 408 3741 468 7O

338 531 430 593 τὰς
452 528 748 604 παρθένους·
783 529 887 584 Διᾶ
914 532 970 584 τί
1004 530 1057 584 ἐν
1088 528 1309 603 δεσμοῖς
1364 528 1658 605 κατέχεσθε
1684 552 1700 602 ς
1731 531 1968 587 Ἐκεῖναι

2091 532 2361 589 dentibus
2385 550 2398 589 :
2434 535 2517 590 Ob
2544 536 2936 603 Christum,ut
2965 556 3069 609 pro
3092 539 3196 595 illo
3228 540 3577 612 martyrium
3602 543 3738 599 sub-

340 617 391 674 δὲ
416 620 774 693 ἆποκριθεῖσαι
808 619 989 677 εἶπον.
1024 619 1135 672 Διὰ·
1175 620 1269 674 τὸν
1319 621 1577 694 Χριστὸν,
1636 621 1785 682 ὅπως
1841 620 1973 694 ὑπὲρ

332 707 477 762 αὐτοῦ
543 710 989 781 μαρτυρήσωμεν
1041 707 1132 763 καὶ
1191 712 1479 781 σωθῶμεν.
1550 708 1860 765 Ἀκούσασα
1919 704 1977 763 δὲ

322 801 473 850 ταῦτα
529 797 727 870 Ἰραῒς,
788 796 1128 869 παρεκάλεσε
1188 795 1317 859 τοὺς
1373 794 1634 870 δημίους,
1682 797 1773 852 καὶ
1850 818 1974 851 συν-

314 881 504 953 έδησαν
537 886 629 939 καὶ
664 885 860 955 αὐτὴν,
906 888 1042 958 μετά
1080 890 1185 941 τῶν
1248 886 1460 942 λοιπῶν
1501 886 1689 962 ἄγίων.
1722 886 1823 943 Καὶ
1881 906 1976 940 κα-

309 969 637 1037 ταλαϐόντες
699 976 753 1028 οἱ
808 976 959 1049 ἅγιοι
1015 977 1115 1044 τήν
1166 975 1600 1032 ’Λντινούπολιν·
1640 977 1728 1031 καὶ
1791 973 1979 1030 πολλᾶ

309 1060 721 1137 τιμωρηθέντες
768 1064 874 1118 ὑπὸ
930 1069 1029 1119 τοῦ
1089 1066 1379 1139 ἄρχοντος*
1437 1066 1525 1120 καὶ
1565 1067 1641 1138 μή
1674 1064 1981 1128 πεισθέντες

314 1154 467 1205 θῦσαι
498 1158 619 1215 τοῖς
648 1150 933 1222 εἰδώλοις,
966 1152 1113 1209 ἀλλὰ
1144 1151 1311 1229 μέχρι
1369 1156 1602 1210 θανάτου
1648 1153 1978 1230 φυλάξαντες

311 1244 410 1310 τήν
472 1242 551 1305 εἰς
611 1244 843 1316 Χριστὸν
894 1243 1100 1314 πίστιν,
1157 1242 1663 1321 ἆπεκεφαλίσθησαν
1724 1244 1978 1306 ἅπαντεςο

312 1334 504 1407 πρώτη
541 1336 654 1408 μὴν
690 1332 876 1409 Ἱραίς,
906 1331 1093 1389 ἔπειτα
1143 1331 1201 1389 δὶ
1252 1336 1342 1389 καὶ
1390 1336 1453 1390 τὸ
1512 1332 1707 1390 λοιπὸν
1738 1332 1976 1403 πλῆθος.

926 1455 1011 1527 Τῇ
1025 1453 1160 1527 αὒτῇ
1191 1450 1373 1528 ἡμέρᾳ

385 1632 596 1704 Μνήμη
656 1636 765 1687 τῶν
850 1631 1023 1707 ἁγίων
1073 1636 1356 1707 Δγυναικῶν
1413 1636 1741 1700 Ξανθιππης
1812 1631 1900 1685 καὶ

988 1701 1316 1775 Πολυξένης.

2086 629 2318 691 euntes,
2344 624 2517 679 salva)
2550 626 2769 693 simus;
2803 627 3139 698 impetravit
3169 645 3202 684 a
3222 630 3550 699 lictoribus,
3586 637 3651 688 ut
3681 637 3739 687 et

2088 711 2199 765 sibi
2232 728 2351 767 una
2400 729 2533 768 cum
2594 716 2843 785 reliquis
2869 718 3092 772 sanctis
3130 724 3369 773 catenas
3398 720 3735 790 injicerent.

2088 802 2256 855 Ducti
2289 803 2469 873 igitur
2494 805 2682 859 sancti
2715 806 2775 859 in
2808 805 3018 860 urbem
3048 808 3390 877 Antinoum,
3413 810 3738 881 multisque

2090 906 2123 943 a
2154 890 2429 960 prmfecto
2461 894 2779 948 excruciati
2812 897 3288 963 tormentis,cum
3321 898 3495 953 idolis
3511 900 3738 955 sacriﬁ-

2090 995 2222 1035 care
2255 981 2507 1049 nollent,
2543 983 2645 1037 sed
2680 984 2739 1037 in
2768 984 2881 1039 ﬁde
2913 985 3125 1040 Christi
3160 988 3639 1043 constantissime
3667 988 3741 1044 ad

2090 1078 2341 1128 mortem
2374 1089 2560 1144 usque
2594 1075 3004 1145 persisterent,
3025 1076 3287 1131 damnati
3312 1094 3519 1133 omnes
3549 1081 3741 1150 capite

2090 1167 2229 1216 sunt
2259 1178 2273 1228 ;
2308 1166 2366 1216 et
2390 1163 2583 1234 prima
2614 1164 2854 1235 quidem
2872 1165 3139 1221 omnium
3170 1167 3338 1233 Irais,
3362 1166 3575 1222 deinde
3602 1167 3744 1221 reli-

2088 1270 2206 1324 qua
2237 1253 2574 1310 multitudo.

2726 1466 2946 1522 Eodem
3005 1460 3101 1521 die

2086 1630 2189 1690 05
2221 1632 2675 1688 Commemoratio
2714 1641 3025 1760 scingalrum
3056 1635 3349 1692 mulierum
3407 1638 3740 1710 Xanthippw

2724 1723 2752 1760 ρ
2852 1723 2882 1760 o
2910 1722 3123 1760 meum.

2724 1722 2776 1760 et
2812 1722 3123 1777 rorymenav.

388 1883 453 1938 Ἡ
484 1881 611 1956 ἁγία
641 1882 937 1953 Ξανθίππη
995 1881 1062 1949 ἦν
1126 1882 1220 1957 μὲν
1272 1880 1357 1937 ἐπὶ
1395 1880 1674 1977 ξλαυδίου
1706 1883 1972 1956 Καίσαρος

2156 1905 2370 1960 Sancta
2398 1906 2756 1977 Xanthippa,
2789 1907 3032 1961 Claudio
3062 1910 3461 1965 Romanorum
3505 1912 3734 1967 Caasare

317 1969 630 2043 Ῥωμαίων·
689 1974 823 2046 γυνὴ
871 1972 1216 2047 τυγχάνουσα
1276 1966 1493 2046 Πρόόου
1525 1976 1622 2026 τοῦ
1650 1978 1750 2039 τῆς
1799 1977 1974 2029 Ἱσπαο

317 2062 434 2123 νίας
469 2062 758 2135 ἄρχοντοςο
793 2062 908 2136 εἶχε
940 2058 997 2115 δὲ
1031 2059 1272 2138 ἀδελφὴν
1304 2062 1594 2136 παρθένον,
1662 2058 1976 2131 Πολυξένην

320 2148 515 2223 ὄνομα.
547 2149 874 2205 Ἀπελθόντι
907 2146 966 2204 δὲ
993 2154 1072 2222 τῷ
1127 2149 1265 2224 ἆγίῳ
1308 2148 1603 2223 ἀποστόλῳ
1636 2150 1838 2222 Παύλῳ
1898 2150 1974 2213 εἲς

321 2240 421 2307 τὴν
476 2239 665 2315 χώραν
714 2239 1009 2310 Ἱσπανίας,
1067 2238 1157 2293 καὶ
1216 2238 1542 2313 κηρύττοντι
1597 2239 1690 2294 τὸν
1719 2239 1975 2312 Χριστὸν,

325 2329 627 2403 προσῆλθεν
655 2327 804 2400 αύτῷ
860 2330 897 2399 ἡ
950 2326 1265 2399 Ξανθίππη·
1326 2327 1413 2383 καί
1461 2330 1844 2403 κατηχηθεῖσα
1888 2328 1977 2384 ὑπ’

328 2419 492 2473 αὐτοῦ
540 2420 639 2487 τὴν
725 2418 931 2487 πίστιν,
986 2422 1206 2492 πρῶτον
1291 2418 1385 2492 μὲν
1453 2413 1751 2488 ἐϐαπτίσθη
1812 2418 1975 2488 αὐτή·

322 2503 501 2563 ἔπειτα
531 2506 710 2563 ἔπεισε
733 2508 823 2562 καὶ
879 2507 970 2562 τὸν
1033 2505 1201 2583 ἄνδρα
1256 2506 1426 2578 αὑτῆς
1479 2502 1693 2585 Πρόϐον
1732 2508 1976 2583 γενέσθαι

318 2598 660 2669 Χριστιανόν.
692 2596 935 2670 Ὁμοίως
980 2596 1072 2653 καὶ
1128 2599 1163 2666 ἡ
1221 2594 1432 2675 ἀδελφὴ
1481 2596 1645 2667 αὐτῆς
1690 2595 1974 2669 Πολυξένη

319 2684 578 2761 ἐδιδάχθη
612 2687 764 2763 παρὰ
786 2690 882 2741 τοῦ
941 2687 1109 2741 αὐτοῦ
1160 2687 1470 2742 ἀποστόλου
1514 2688 1657 2743 τότε.
1709 2686 1859 2743 Μετᾶ
1918 2682 1976 2740 δὲ

316 2778 415 2845 τὴν
480 2777 845 2851 ὑποχώρησιν
930 2774 1116 2846 αὐτοῦ,
1203 2774 1474 2830 ἀκούσασα
1528 2774 1813 2851 κηρύττειν
1874 2774 1974 2842 τήν

317 2869 496 2923 πίστιν
529 2875 631 2936 τῆς
683 2864 944 2937 ἀληθείας
999 2863 1250 2942 Ἀνδρέαν
1300 2866 1390 2920 τὸν
1446 2863 1609 2941 μὲγαν
1670 2863 1973 2924 ἆποότολον

317 2956 368 3011 ἐν
429 2956 669 3029 Πάτραις
726 2963 825 3027 τῆς
888 2954 1136 3031 Ἀχαίας,
1168 2954 1383 3025 ἀπῆλθε
1440 2957 1575 3032 πρὸς
1634 2955 1816 3011 αὑτόν·
1876 2958 1975 3013 Καὶ

322 3052 565 3121 μαθοῦσα
593 3047 662 3101 τὰ
690 3044 814 3119 περῖ
841 3040 939 3101 τοῦ
977 3046 1207 3120 Χριστοῦ
1263 3044 1617 3120 τελεώτερον,
1652 3041 1971 3118 ἐϐαπτίσθη.

317 3137 414 3192 Καὶ
471 3134 639 3191 πάλιν
703 3135 1078 3209 ὑποστρέψασαι
1137 3133 1214 3197 εἷς
1268 3135 1365 3202 τήν
1412 3131 1550 3188 ἰδίαν
1582 3135 1793 3209 χώραν,
1854 3136 1973 3211 εὗρε

2085 2011 2233 2049 uxor
2262 1995 2434 2048 Probi
2470 1996 2764 2065 Hispania)
2813 1995 3097 2066 prml‘ecti,
3157 2015 3419 2053 sororem
3451 2001 3737 2071 virginem

2084 2084 2326 2139 nomine
2358 2085 2717 2156 Polyxenam
2782 2085 3003 2140 habuit.
3059 2087 3202 2140 Cum
3252 2094 3449 2143 autem
3500 2096 3739 2145 sanctus

2086 2174 2304 2229 Paulus
2335 2174 2641 2245 apostolus
2670 2175 2731 2228 in
2774 2175 3080 2246 regionem
3110 2176 3404 2247 Hispaniae
3461 2179 3742 2245 venisset,

2086 2264 2505 2333 Christumque
2564 2263 2933 2335 praadicaret,
2969 2264 3140 2319 illum
3197 2265 3343 2320 adiit
3381 2266 3737 2340 Xanthippa,

2086 2357 2263 2423 atque
2296 2352 2367 2408 ab
2386 2369 2454 2408 eo
2470 2352 2647 2408 fidem
2661 2353 2887 2420 edocta,
2912 2356 3172 2425 primum
3192 2356 3434 2425 quidem
3448 2356 3739 2428 baptizata

2085 2442 2200 2497 fuit
2233 2459 2245 2496 :
2277 2442 2491 2497 deinde
2524 2444 2645 2498 viro
2677 2458 2785 2498 suo
2815 2443 3004 2498 Probo
3034 2445 3331 2514 persuasit
3360 2450 3426 2500 ut
3454 2446 3736 2501 Christia-

2085 2548 2198 2587 nus
2227 2533 2412 2588 fieret.
2444 2532 2729 2587 Similiter
2759 2538 2818 2587 et
2846 2550 3014 2588 soror
3043 2534 3172 2604 ejus
3203 2534 3502 2605 Polyxena
3533 2535 3740 2590 edocta

2085 2622 2327 2694 quidem
2360 2627 2499 2677 tunc
2525 2622 2597 2677 ab
2621 2622 2830 2677 eodem
2861 2623 3128 2693 apostolo
3158 2622 3303 2690 fuit;
3328 2622 3430 2679 sed
3461 2629 3595 2694 post
3611 2624 3739 2695 ejus

2085 2711 2437 2779 discessum,
2450 2728 2585 2768 cum
2601 2711 2866 2767 audisset
2892 2712 3188 2768 Andream
3208 2729 3488 2785 magnum
3501 2718 3746 2785 aposto-

2084 2801 2208 2856 lum
2240 2802 2431 2856 Patris
2480 2802 2541 2856 in
2599 2801 2819 2856 Achaia
2878 2802 3057 2857 ﬁdem
3088 2802 3354 2857 veritatis
3393 2803 3737 2873 praadicare,

2083 2890 2350 2963 profecta
2380 2891 2451 2946 ad
2477 2908 2612 2946 eum
2642 2890 2830 2961 est,ab
2863 2897 3394 2963 eoque,postquam
3416 2892 3738 2963 perfectius

2084 2997 2214 3051 qua)
2247 2980 2319 3035 ad
2351 2980 2649 3036 Christum
2676 2980 2997 3051 pertinent,
3013 2980 3338 3049 didicisset,
3371 2980 3738 3051 baptismum

2085 3070 2365 3141 suscepit.
2396 3071 2524 3124 Mox
2554 3069 2731 3124 rediit
2752 3070 2812 3124 in
2839 3069 3141 3141 regionem
3173 3085 3360 3135 suam,
3395 3070 3495 3124 ubi
3520 3071 3742 3142 reperit

2084 3158 2348 3216 Sororem
2382 3176 2549 3215 suam
2581 3159 2979 3231 Xanthippam
3020 3159 3184 3214 omni
3218 3159 3501 3214 virtutum
3525 3177 3742 3233 genere

313 3228 413 3293 τὴν
445 3226 615 3296 αὐτῆς
648 3224 891 3304 ἀδελφὴν
941 3223 1269 3294 Ξανθίππην
1327 3224 1525 3286 πάσαις
1582 3224 1795 3300 ἀρεταῖς
1856 3223 1969 3280 δια-

2091 3250 2428 3322 Fulgentem,
2463 3267 2497 3305 a
2528 3265 2643 3320 qua
2674 3223 2820 3303 cum.
2840 3223 3053 3320 gaudio
3087 3254 3329 3318 excepta
3360 3223 3739 3320 est.Cumque

317 3316 658 3389 λάμπουσαν,
720 3316 810 3369 καὶ
857 3316 992 3387 μετὰ
1050 3314 1225 3389 χαρὰς
1300 3313 1706 3388 ὑποδεξαμένην
1781 3314 1973 3386 αὑτήν.

320 3408 415 3463 Καὶ
452 3406 768 3479 ἀμφότερας
796 3402 1044 3466 πολλοὺς
1102 3401 1375 3477 διδάξασαι
1434 3406 1535 3473 τὴν
1585 3408 1683 3459 τοῦ
1740 3408 1978 3481 Χριστοῦ

316 3494 520 3567 πίστιν,
551 3493 970 3564 ἐτελειώθησαν.

885 3618 1062 3675 ΜΗΝΙ
1092 3624 1175 3674 ΤΩ
1206 3621 1409 3676 ΑΥΤΩ.

1106 3730 1203 3785 KA‘

471 3814 727 3890 ’Ἀθλησις
755 3824 859 3888 τῆς
887 3816 1041 3893 ἁγίας
1089 3819 1556 3894 πρωτομάρτυρος
1606 3813 1838 3886 Θέκλης.

393 3998 453 4053 Ἡ
514 3998 918 4071 πρωτομάρτυς
966 3992 1145 4051 Θὲκλα
1201 3996 1416 4071 γέγονεν
1485 3992 1544 4051 ὲκ
1598 4001 1699 4065 τῆς
1771 3996 1985 4058 πόλεως

2084 3339 2273 3393 ambae
2298 3338 2515 3393 multos
2546 3338 2761 3392 Christi
2794 3338 2971 3392 ﬁdem
3023 3336 3387 3403 docuissent,
3436 3338 3615 3391 ﬁnem
3647 3338 3739 3391 vi-

2083 3427 2256 3482 vendi
2290 3428 2580 3483 fecerunt.

2653 3642 2894 3697 EODEM
2926 3642 3177 3698 MENSE.

2593 3750 2694 3805 Die
2726 3750 3005 3806 vicesima
3036 3755 3248 3821 quarta

2218 3841 2317 3896 60
2362 3841 2647 3896 Certamen
2685 3848 2888 3897 sancta
2910 3843 3336 3913 protomartyris
3372 3842 3602 3897 Theclaa.

2157 4014 2371 4069 Thecla
2400 4019 2799 4086 protomartyr
2828 4032 2897 4070 ex
2923 4015 3067 4069 urbe
3099 4015 3603 4083 Iconio,mulieris
3636 4030 3745 4069 cu-

314 4086 576 4141 Ἰκονίουο
651 4085 914 4159 γυναικὸς
1001 4086 1149 4146 τινὸς
1234 4084 1477 4158 θυγάτηρ
1566 4082 1816 4158 εὐγενοῦς
1893 4082 1976 4137 καί

2091 4100 2321 4172 iusdam
2349 4082 2569 4156 nobilis
2599 4118 2666 4157 ac
2726 4082 2942 4170 divitis,
2974 4102 3265 4157 Theocliaa
3296 4104 3560 4170 nomine,
3592 4101 3741 4168 ﬁlia,

311 4175 605 4246 πλουσίας,
650 4174 916 4236 Θεοκλίας
977 4171 1229 4245 ὀνόματι.
1283 4172 1647 4234 ’Λπελθόντος
1676 4169 1734 4226 δὲ
1792 4171 1867 4234 εἷς
1923 4172 1976 4226 τε

2091 4191 2310 4246 audivit
2338 4197 2609 4247 sanctum
2635 4192 2972 4263 apostolum
3005 4192 3277 4261 Paulum,
3299 4208 3455 4255 cum,
3481 4191 3747 4246 Iconium

311 4264 548 4320 Ἰκόνιον
588 4268 688 4319 τοῦ
746 4263 911 4337 ἁγίου
967 4262 1285 4317 ἀποστόλου
1344 4262 1588 4332 Παύλου,
1618 4258 1848 4330 ἤκουσεν
1899 4260 1976 4316 αὑ·

2091 4281 2406 4352 profectus,
2439 4281 2617 4337 verba
2650 4258 2747 4336 llei
2771 4282 2831 4336 in
2863 4280 3037 4334 domo
3088 4258 3441 4350 Onesiphori
3476 4278 3735 4332 doceret.

320 4358 423 4409 τοῦ
456 4351 807 4417 διδάσκοντος
837 4352 905 4406 τὰ
934 4349 1097 4426 Αόγια
1154 4355 1251 4405 τοῦ
1306 4354 1460 4421 Θεοῦ,
1520 4349 1573 4405 ἐν
1601 4353 1679 4422 τῷ
1728 4349 1861 4423 οἷ’κῳ
1890 4355 1976 4406 τοῦ

2092 4372 2229 4425 Erat
2256 4376 2619 4437 autem,cum
2648 4369 2919 4436 credidit,
2943 4384 3238 4423 annorum
3270 4367 3472 4421 decem
3506 4370 3563 4419 et
3589 4370 3745 4429 octo,

312 4446 707 4522 Ὀνησιφόρουο
763 4442 831 4512 ἦν
890 4440 945 4496 δὲ
1003 4443 1094 4497 ’ὀτε
1147 4440 1455 4496 ἐπίστευσεν
1518 4438 1651 4496 ἐτῶν
1711 4436 1838 4495 δέκα
1894 4441 1976 4495 καῖ

2092 4459 2388 4515 Collocata
2412 4476 2546 4515 vero
2602 4460 2663 4512 in
2713 4457 3162 4512 matrimonium
3196 4456 3421 4512 homini
3463 4455 3746 4526 opulento

312 4536 486 4591 ὀκτώ.
515 4530 771 4604 Ἐξεδόθη
806 4528 865 4585 δὲ
892 4530 1027 4604 πρὸς
1057 4531 1236 4605 γάμον
1272 4527 1424 4605 ἀνδρὶ
1454 4528 1728 4602 πλουσίῳ,
1761 4528 1976 4602 ὀνόματι

2093 4547 2453 4619 Thamyridi,
2487 4547 2756 4619 neglecta
2785 4551 2994 4616 matre,
3027 4546 3172 4614 viro,
3206 4544 3446 4609 divitiis,
3470 4543 3746 4616 adjunxit

311 4620 613 4700 Θαμύριδι·
698 4620 845 4677 ἀλλὰ
921 4621 1374 4695 καταφρονήσασα
1447 4617 1705 4694 μητέρος,
1765 4616 1976 4693 ἀνδρὸς,

2093 4655 2154 4693 se
2187 4616 2631 4708 Apostolo,cum
2654 4653 2770 4708 quo
2801 4636 3175 4691 Antiochiam
3204 4634 3431 4691 Pisidia:
3464 4634 3748 4706 profecta,

312 4712 587 4783 πλούτου,
618 4710 967 4781 ἠκολούθησε
1012 4713 1093 4780 τῷ
1144 4706 1457 4780 ἂποστόλῳ,
1516 4707 1604 4763 καὶ
1665 4709 1779 4781 μετ’
1819 4708 1982 4764 αὑτοῦ

314 4803 635 4866 ἀπελθοῦσα
668 4802 745 4863 εἰς
773 4801 872 4869 τὴν
906 4797 1248 4874 Ἀντιόχειαν
1301 4804 1403 4867 τῆς
1453 4794 1721 4869 Πισιδίας,
1774 4795 1984 4853 ἐκδίδο-

312 4913 410 4947 ται
440 4890 663 4965 θηρίοις
694 4891 800 4946 ὑπὸ
852 4892 949 4944 τοῦ
996 4887 1272 4962 ἄρχοντος
1322 4883 1708 4961 Ἀλεξάνδρου.
1742 4888 1844 4942 Καὶ
1884 4910 1986 4960 μη-

318 4978 411 5034 δὲν
445 4978 789 5049 ἀδικηθεῖσα,
847 4974 1156 5051 προσεδόθη
1205 4974 1449 5049 ταύροις.
1511 4972 1690 5030 Ἀλλὰ
1739 4975 1830 5032 καὶ
1859 4978 1984 5031 τού-

314 5091 430 5125 των
463 5070 740 5146 ῥυσθεῖσα,
800 5071 933 5121 Θεοῦ
993 5069 1201 5140 χάριτι,
1252 5062 1500 5125 πολλοὺς
1550 5063 1866 5140 ἐπέστρεψεν
1899 5063 1986 5120 ἐπὶ

316 5162 415 5216 τὸν
476 5160 698 5235 Κύριον·
764 5157 1022 5233 συνεργὸν
1084 5153 1287 5229 ἔχουσα
1342 5154 1652 5231 Τρύφαιναν
1725 5177 1845 5211 τινα
1894 5156 1985 5211 τὸν

321 5254 456 5305 Θεὸν
509 5244 886 5325 φοϐουμένην,
944 5247 1043 5314 τὴν
1104 5241 1510 5317 ὑποδεξαμένην
1588 5244 1774 5316 αὑτήν.
1828 5246 1989 5301 Ὑπο-

324 5339 603 5413 στρέψασα
636 5335 695 5391 δὲ
724 5333 889 5390 πάλιν
945 5335 1023 5397 εἷς
1060 5334 1163 5401 τὴν
1220 5330 1360 5387 ἰδίαν
1392 5330 1650 5405 πατρίδα,
1680 5334 1988 5406 κατῴκησεν

324 5425 382 5481 iv
418 5425 529 5501 ὄρει
557 5426 667 5481 τινὶ
700 5424 860 5500 ἐγγὺς
904 5420 1242 5486 Σελευκείας·
1303 5423 1658 5496 ἡσυχάζουσα
1712 5422 1801 5477 καὶ
1860 5435 1991 5488 ego-

330 5518 739 5592 ματουργοῦσα.
795 5510 1184 5583 Βουληθέντων
1244 5508 1304 5565 δὲ
1374 5515 1627 5584 πονηρῶν
1685 5512 1985 5588 ἀνθρώπων

331 5604 615 5675 ἀπελθεῖν,
669 5603 761 5658 καὶ
813 5600 995 5675 μιάναι
1078 5602 1271 5671 αὐτὴν,
1348 5599 1574 5674 ἐσχίσθη
1658 5600 1848 5679 πέτρα,
1896 5603 1985 5660 καὶ

337 5690 648 5767 ὑπεδεξατο,
682 5689 1031 5771 ὑπαρχουσαν
1062 5692 1198 5749 ἐτῶν
1225 5690 1560 5762 ἐνενήκοντα.

2094 4725 2409 4780 damnatur
2439 4723 2513 4779 ad
2544 4724 2764 4780 bestias
2816 4724 2888 4779 ab
2946 4724 3283 4780 Alexandro
3317 4722 3608 4793 praeside;
3643 4720 3750 4777 sed

2092 4815 2259 4869 nulla
2288 4816 2345 4869 in
2378 4831 2441 4869 re
2471 4814 2543 4870 ab
2565 4815 2655 4869 his
2694 4815 2858 4882 lmsa,
2892 4815 3145 4871 traditur
3202 4815 3408 4881 tauris,
3438 4831 3472 4869 a
3530 4812 3747 4884 quibus

2095 4905 2273 4960 etiam
2305 4905 2405 4960 Dei
2435 4905 2723 4960 beneficio
2756 4905 3024 4972 liberata,
3058 4905 3275 4960 multos
3307 4904 3381 4959 ad
3430 4903 3750 4958 Dominum

2096 4995 2400 5061 convertit,
2434 4995 2637 5067 adjuta
2666 5012 2700 5050 a
2728 4996 3073 5067 Tryphaena,
3110 4993 3395 5066 singulari
3422 4993 3638 5063 pietate
3668 4990 3751 5044 fe-

2098 5086 2418 5156 mina,quaa
2440 5085 2604 5141 illam
2637 5085 2891 5157 hospitio
2915 5090 3227 5156 exceperat
3252 5084 3392 5138 Inde
3417 5083 3476 5138 in
3500 5082 3754 5154 patriam

2098 5191 2385 5247 regressa,
2436 5175 2497 5228 in
2552 5179 2753 5229 monte
2801 5175 2958 5246 apud
3035 5175 3383 5230 Seleuciam
3444 5172 3751 5239 habitavit,

2099 5265 2482 5335 tranquillam
2508 5264 2686 5319 vitam
2720 5280 2920 5335 agens,
2940 5270 2998 5319 et
3023 5264 3448 5319 miraculorum
3472 5263 3754 5332 frequen-

2098 5355 2180 5409 tia
2208 5352 2479 5409 illustris.
2508 5354 2652 5407 Cum
2685 5358 2883 5408 autem
2931 5354 3140 5409 nefarii
3202 5353 3444 5424 quidam
3477 5351 3752 5408 homines

2098 5444 2241 5499 illuc
2270 5442 2575 5513 accedere,
2602 5459 2853 5513 eamque
2879 5442 3098 5499 violare
3127 5444 3475 5515 cogitarent,
3501 5448 3668 5513 petra
3690 5440 3751 5492 in

2096 5538 2297 5606 partes
2326 5531 2576 5588 discissa
2607 5532 2837 5603 excepit
2895 5539 3159 5589 sanctam
3193 5548 3384 5589 annos
3428 5528 3751 5600 nonaginta

2099 5628 2322 5679 natam.
