4042 6206
330 355 403 414 Ἠ
1648 333 1987 400 MENOLO!

2118 334 2326 397 PARS
2366 333 2414 395 Ι.
3029 330 3032 332 ⁷
3659 336 3736 392 ’72
3831 385 3836 388 .

897 480 1137 538 EODEM
1160 475 1411 533 MENSE.

831 604 933 659 Die
964 599 1242 657 vicesima
1293 596 1504 667 quinta

333 727 425 781 67
475 720 928 780 Commemoratio
983 715 1173 786 magni
1201 729 1265 769 ac
1319 712 1581 767 terribilis
1620 713 1980 773 terraemotus,

614 811 836 882 quando
859 825 1002 879 puer
1030 811 1089 862 in
1137 821 1316 862 aerem
1352 809 1548 872 raptus
1596 805 1694 855 est.

399 930 720 987 Theodosio
770 929 972 998 Magno
1003 925 1334 996 imperante
1392 921 1765 974 terrmmotus
1797 911 1974 970 conti.

327 1023 428 1095 git,
462 1019 654 1091 qualis
682 1032 992 1086 nunquam
1023 1011 1364 1068 mortalium
1399 1006 1686 1063 memoria
1731 1003 1974 1060 exstitit.

325 1114 511 1176 Quare
544 1107 797 1180 populus
831 1105 1143 1160 universus
1191 1117 1322 1156 cum
1385 1099 1741 1169 imperatore
1770 1099 1828 1150 et
1875 1111 1975 1166 pa-

323 1199 600 1267 triarcha,
661 1196 870 1252 relicta
926 1192 1094 1258 urbe,
1152 1189 1294 1244 exiit
1359 1188 1420 1242 in
1478 1201 1754 1256 campum
1806 1184 1977 1255 juxta

325 1287 714 1352 Hebdomum,
743 1283 944 1354 ibique
975 1277 1469 1346 commorabatur,
1503 1291 1570 1329 eo
1601 1272 1759 1344 quod
1781 1277 1978 1326 terras.

323 1382 520 1433 motus
553 1389 861 1444 nunquam
911 1374 1190 1426 cessaret.
1239 1368 1387 1421 Dum
1447 1369 1643 1420 autem
1669 1360 1974 1432 supplica-

323 1467 518 1520 tiones
551 1463 624 1519 ab
667 1461 970 1517 Hebdomo
1013 1458 1076 1512 in
1121 1471 1396 1528 campum
1453 1453 1528 1508 ad
1586 1448 1976 1506 tribunalium

326 1556 559 1623 ﬁerent,
587 1558 763 1623 atque
802 1550 922 1606 illis
980 1547 1172 1602 verbis
1220 1563 1231 1600 :
1291 1547 1522 1601 Sanctus
1553 1544 1712 1608 Deus,
1760 1544 1978 1596 sanctus

326 1643 514 1714 fortis,
558 1647 776 1697 sanctus
837 1636 1183 1701 immortalis,
1242 1635 1368 1689 haec
1418 1632 1800 1695 adderentur,
1873 1629 1979 1693 Qui

329 1734 620 1802 cruciﬁxus
650 1747 703 1786 es
725 1747 832 1802 pro
860 1729 1034 1794 nobis,
1067 1743 1198 1798 quas
1231 1742 1302 1780 ex
1343 1723 1554 1778 haeresi
1584 1719 1977 1791 Theopaschi-

329 1828 523 1878 tarum
573 1825 742 1876 erant
769 1815 1310 1890 blasphemantium
1341 1819 1518 1883 atque
1549 1808 1978 1866 afﬂrmantium
2018 1852 2062 1916 Β

329 1912 698 1966 divinitatem
726 1909 904 1964 etiam
925 1908 986 1962 in
1008 1922 1180 1962 cruce
1213 1919 1447 1976 passam
1477 1901 1659 1956 fuisse
1685 1903 1984 1969 ;arreptus

331 2003 402 2056 de
435 1999 632 2055 media
655 1998 826 2053 turba
853 2001 1096 2068 repente
1117 2010 1286 2065 puer,
1315 2008 1420 2062 per
1442 2005 1641 2046 aerem
1662 1987 1981 2049 ferebatur,

329 2092 591 2161 Cumque
653 2104 862 2144 omnes
918 2084 1218 2158 perterriti
1290 2080 1754 2149 conclamarent,
1825 2079 1987 2147 Kyrie

328 2182 704 2252 eleison,puer
735 2184 1014 2247 tanquam
1051 2174 1206 2229 nube
1240 2172 1490 2239 delatus,
1525 2170 1723 2242 quiete
1745 2167 1987 2223 descen-

333 2271 452 2338 dit;
486 2270 829 2339 indictoque
862 2267 1126 2332 silentio,
1158 2264 1232 2319 ad
1263 2260 1550 2333 populum
1582 2260 1696 2314 ait:
1732 2257 1983 2329 Angelo-

329 2378 462 2416 rum
495 2360 656 2415 chori
689 2364 778 2413 ter
808 2361 1078 2411 sanctum
1107 2355 1396 2422 hymnum
1427 2349 1556 2404 sine
1603 2348 1708 2402 illa
1763 2363 1987 2418 appen-

335 2451 552 2520 dicula,
585 2452 690 2516 Qui
713 2451 1005 2516 cruciﬁxus
1035 2462 1086 2500 es
1111 2462 1219 2513 pro
1250 2445 1426 2509 nobis,
1460 2441 1802 2496 concinunt.
1853 2440 1988 2493 Haec

337 2558 471 2595 cum
518 2555 666 2610 puer
694 2537 958 2602 dixisset,
1003 2535 1202 2590 statim
1258 2537 1527 2587 mortuus
1576 2528 1857 2597 concidit,
1909 2529 1986 2583 si-

335 2629 579 2700 mulque
629 2643 765 2683 cum
809 2624 1019 2680 haeresi
1091 2623 1271 2678 finem
1325 2620 1534 2676 habuit
1591 2622 1986 2674 terrmmotus.

334 2716 580 2772 Interim
612 2730 819 2771 omnes
851 2713 1307 2784 obstupuerunt,
1333 2711 1571 2780 Deoque
1601 2707 1851 2781 gloriam
1881 2705 1985 2760 tri-

330 2806 611 2862 buerunt.

985 2891 1206 2948 Eodem
1239 2889 1334 2945 die

510 2985 610 3042 68
650 2985 930 3040 Certamen
975 2981 1155 3038 sancti
1183 2982 1446 3050 martyris
1476 2977 1805 3050 Paphnutii.

404 3139 577 3210 Impii
605 3136 948 3193 Diocletiani
971 3134 1345 3206 imperatoris
1363 3132 1684 3188 crudelitas
1703 3131 1992 3201 plurimos

2011 472 2068 538 Α

2665 465 2851 522 ΜΗΝΙ
2872 466 2961 522 ΤΩ
2984 469 3174 520 ΛῙἼῺ.

2897 584 3001 640 KE'

2102 701 2149 757 ΙΙ
2182 699 2482 774 ἀνάμνησις
2512 703 2620 754 τῶν
2650 693 3228 775 φόᾳϐωνμτοῦ-μεγᾴλου
3250 703 3498 772 σεισμοῦ,
3528 700 3616 754 καὶ
3650 706 3748 768 τῆς

2479 776 2576 826 τοῦ
2607 769 2801 836 παιδὸς
2838 769 2890 825 ἐν
2923 769 3040 845 ἀέρι
3069 769 3356 847 ’ἁρπαγῆς.

2159 897 2283 954 Ἐπὶ
2305 903 2406 966 τῆς
2443 895 2721 973 βασιλείας
2749 901 2846 952 τοῦ
2905 896 3164 972 Μεγάλου
3194 893 3484 952 Θεοδοσίου
3527 898 3748 969 σεισμδς

2087 985 2322 1062 ἐγένετο,
2346 989 2468 1051 οἷος
2497 983 2758 1042 οὐδέποτε
2786 984 3026 1061 γέγονεν.
3055 987 3142 1058 Ἐξ
3178 986 3240 1040 οῦ
3269 987 3356 1040 καὶ
3420 991 3523 1045 πᾶς
3553 985 3582 1040 ’ὁ
3616 983 3746 1048 λαὸς

2087 1075 2179 1130 σὺν
2210 1080 2288 1148 τῷ
2336 1075 2552 1151 βασιλεῖ
2579 1075 2668 1131 καὶ
2697 1080 2777 1148 τῷ
2808 1076 3123 1152 πατριάρχῃ
3153 1075 3372 1138 ἀφέντες
3405 1077 3505 1143 τὴν
3557 1071 3713 1130 πόλιν

2085 1164 2312 1238 ἐξῆλθον
2338 1149 2398 1220 ⁷έν
2451 1169 2530 1238 τῷ
2585 1167 2794 1239 κάμπῳ
2850 1149 3084 1235 πλησίον
3141 1169 3240 1220 τοῦ
3301 1160 3596 1237 Ἐϐδόμου,
3652 1149 3742 1231 καί

2084 1249 2275 1327 ἔμενον
2311 1253 2442 1311 ἐκεῖ.
2504 1254 2652 1309 Διότι
2713 1253 3125 1316 ἀκατάπαυστος
3163 1257 3229 1323 ἧν
3264 1254 3292 1308 ὁ
3341 1254 3586 1326 σεισμός.
3643 1260 3741 1308 Λι-

2081 1343 2414 1400 τανευόντων
2451 1341 2509 1398 δὲ
2540 1343 2647 1400 ἀπὸ
2703 1349 2801 1400 τοῦ
2833 1339 3074 1418 ἑϐδόμου
3105 1344 3181 1406 εἷς
3237 1345 3329 1400 τὸν
3361 1346 3577 1418 κάμπον
3609 1342 3747 1419 πρὸς

2083 1433 2146 1487 τὸ
2174 1428 2586 1508 τριϐουνάλιον,
2613 1435 2703 1489 καὶ
2757 1433 3188 1510 προστιθεμένου
3247 1433 3326 1499 εἷς
3383 1435 3467 1503 τὸ,
3500 1440 3693 1510 ’Ἄγιος
3721 1433 3751 1487 ὁ

2086 1523 2237 1591 Θεὸς,
2320 1523 2473 1600 ἅγιος
2536 1523 2786 1599 ΐσχυρὸς,
2845 1525 3000 1599 ἅγιος
3085 1523 3374 1588 ἀθάνατος·
3484 1527 3604 1592 τοῦ,
3685 1523 3748 1579 Ὁ

2086 1612 2417 1686 σταυρωθεὶς
2458 1610 2527 1668 δι’
2566 1615 2736 1686 ἡμᾶς,
2797 1610 2928 1690 ὅπερ
2987 1615 3054 1682 ἦν
3111 1615 3211 1682 τῆς
3267 1617 3376 1667 τῶν
3432 1619 3752 1686 Θεοπασχυ-

2083 1706 2191 1756 τῶν
2240 1698 2500 1778 αἱρέσεως
2588 1702 3060 1780 βλασφημούντων
3148 1701 3232 1758 ὅτι
3315 1701 3406 1758 καὶ
3464 1704 3498 1772 ἡ
3557 1700 3754 1771 θεότης

2089 1789 2282 1855 ἔπαθεν
2316 1791 2367 1845 ἐν
2424 1795 2507 1864 τῷ
2566 1795 2802 1866 σταυρῷο
2859 1791 3114 1868 ἐξαίφνης
3181 1789 3399 1847 παιδίον
3467 1789 3524 1846 ἐκ
3584 1791 3752 1863 μέσου

2093 1885 2190 1936 τοῦ
2245 1879 2493 1952 πλήθους
2575 1881 2838 1956 ἀρπαγὲν,
2918 1881 2997 1942 εἷς
3077 1882 3172 1937 τὸν
3256 1880 3385 1956 ἀέρα
3446 1878 3754 1957 ἀνεφέρετο.

2099 1974 2315 2028 Πάντων
2375 1969 2433 2027 δὲ
2489 1972 2621 2046 μετὰ
2669 1967 2842 2047 φόϐου
2897 1973 3206 2048 κραζόντων
3255 1973 3320 2026 τὸ
3377 1971 3543 2045 Κύριε
3598 1969 3760 2040 ἐλέη-

2094 2081 2208 2128 σον,
2260 2055 2459 2130 κατέϐη
2513 2059 2576 2114 τὸ
2623 2056 2864 2130 παιδίον,
2923 2059 2998 2121 ὡς
3073 2059 3176 2114 ὑπὸ
3234 2055 3464 2136 νεφέλης
3520 2056 3756 2133 ἡσύχως

2095 2149 2186 2204 καὶ
2232 2146 2664 2224 παρεκελεύσατο
2721 2152 2804 2220 τῷ
2886 2147 3006 2220 λαῷ
3063 2154 3358 2217 σιωπῆσαιο
3415 2147 3506 2202 καὶ
3580 2149 3752 2216 εἶπεν,

2097 2239 2181 2294 ὅτι
2213 2240 2266 2293 οἱ
2295 2243 2400 2294 τῶν
2433 2237 2680 2314 ἀγγέλων
2714 2237 2884 2314 χοροὶ
2909 2238 3088 2314 χωρὶς
3117 2245 3218 2307 τῆς
3253 2239 3572 2309 προσθήκης
3627 2234 3755 2318 τοῦ,

2095 2331 2157 2387 Ὀ
2211 2329 2539 2404 παυρωθεὶς
2599 2326 2670 2383 δι’
2748 2331 2918 2400 ἡμᾶς,
2974 2326 3250 2401 ψάλλουσι
3307 2327 3398 2383 τὸν
3474 2325 3756 2402 τρισάγιον

2097 2418 2291 2488 ὕμνον.
2346 2421 2524 2475 Τοῦτο
2583 2416 2639 2472 δὲ
2688 2417 2932 2479 εἰπόντος
2983 2415 3081 2472 τοῦ
3139 2415 3381 2486 παιδίου,
3437 2416 3526 2471 καὶ
3582 2435 3763 2490 παρα-

2099 2515 2296 2583 χρῆμα
2341 2506 2788 2579 τελευτήσαντος,
2841 2507 3108 2562 ἐπαύσατο
3161 2506 3256 2562 σὺν
3285 2511 3353 2581 τῇ
3413 2505 3609 2579 αἱρέσει
3663 2505 3753 2560 καὶ

2099 2600 2127 2653 ὁ
2161 2597 2403 2672 σεισμός.
2464 2599 2565 2656 Καὶ
2623 2597 2930 2672 ἐθαύμασαν
2989 2597 3238 2671 ἅπαντες,
3298 2595 3610 2672 δοξάζοντες
3659 2598 3753 2652 τὸν

2101 2688 2253 2744 Θεόν.

2701 2867 2778 2938 τῇ
2806 2862 2942 2940 αὐτῇ
2968 2863 3150 2937 ἡμέρᾳ

2315 2987 2581 3059 Ἀθλησις
2610 2991 2705 3043 τοῦ
2735 2987 3134 3065 ὁσιομάρτυρος
3164 2986 3533 3066 ΙΙαφνουτίου.

2170 3133 2232 3187 Ἦ
2259 3137 2355 3187 τοῦ
2395 3127 2689 3195 δυσσεϐοῦς
2748 3130 3014 3206 βασιλέως
3072 3132 3472 3203 Διοκλητιανοῦ
3528 3132 3754 3206 ὠμότης

333 3228 804 3284 Christianorum
840 3241 957 3280 non
987 3225 1180 3280 solum
1215 3240 1284 3278 ex
1313 3223 1504 3290 laicis,
1547 3221 1652 3276 sed
1685 3237 1754 3276 ex
1785 3235 1987 3275 mona-

2107 3220 2480 3285 πολλοῦςτῶν
2513 3223 2849 3293 Χριστιανῶν
2894 3218 3136 3292 ἀπέδειξε
3188 3221 3484 3297 μάρτυρας,
3543 3221 3605 3276 οὐ
3656 3221 3755 3294 μό-

331 3319 459 3374 chis
489 3316 687 3372 effecit
742 3321 1076 3386 martyres:
1120 3330 1188 3368 ex
1247 3328 1500 3383 quorum
1571 3327 1820 3366 numero
1878 3310 1994 3366 fuit

329 3411 570 3464 sanctus
627 3403 1025 3476 Paphnutius,
1086 3401 1188 3473 qui
1248 3417 1317 3455 ex
1373 3402 1616 3472 Egypto
1677 3399 1987 3456 oriundus,

329 3495 600 3552 abdicato
631 3496 872 3564 smculo,
907 3494 1224 3550 maximam
1257 3492 1387 3546 vitas
1416 3496 1645 3562 partem
1682 3490 1743 3544 in
1776 3489 1992 3545 eremis

329 3587 634 3659 transegit.
671 3586 784 3641 Sed
813 3602 950 3641 cum
983 3583 1276 3655 plurimos
1304 3583 1638 3636 Graacorum
1695 3580 1769 3635 ad
1827 3579 1992 3635 Chri-

332 3680 486 3730 stum
503 3679 930 3740 converteret,a
958 3673 1235 3744 praefecto
1267 3670 1341 3725 ad
1363 3687 1570 3725 necem
1595 3669 1990 3740 qumrebatur.

328 3763 525 3818 Multis
557 3780 692 3834 ergo
751 3762 882 3833 ejus
935 3777 1114 3816 causa
1163 3758 1634 3829 comprehensis,
1679 3759 1887 3829 jussus
1914 3758 1986 3814 ab

328 3851 559 3924 angelo,
589 3851 864 3922 przefecto
917 3867 978 3904 se
1012 3850 1166 3904 ultro
1199 3849 1502 3913 obtulit,in
1535 3848 1706 3918 cujus
1737 3864 1986 3918 conspe-

329 3946 429 3996 ctu
458 3940 758 3995 Christum
791 3939 1114 4010 professus,
1175 3937 1400 3992 catenis
1450 3936 1660 3992 ferreis
1690 3937 1990 3991 constrin-

329 4032 488 4103 gitur
512 4036 665 4084 :tum
697 4029 757 4083 in
791 4028 1112 4100 equuleum
1134 4032 1395 4092 actus,eo
1419 4041 1605 4095 usque
1637 4025 1990 4108 depectitur,

335 4119 524 4175 donec
555 4118 718 4172 illius
748 4119 974 4173 viscera
1003 4117 1065 4170 in
1099 4121 1316 4170 terram
1357 4115 1742 4186 proﬂuerent.
1777 4115 1990 4169 Verum

337 4225 472 4264 cum
504 4207 856 4277 rursus,illis
871 4207 942 4262 ab
957 4205 1166 4278 angelo
1188 4205 1514 4276 composite
1537 4204 1802 4259 inlocum
1821 4221 1994 4260 suum

334 4299 650 4367 restitutis,
681 4316 861 4354 sanus
893 4299 1160 4366 effectus,
1193 4293 1414 4351 multos
1448 4294 1522 4350 ad
1567 4295 1780 4350 Christi
1815 4295 1993 4351 fidem

343 4391 638 4459 traxisset,
673 4389 930 4444 mittitur
981 4404 1015 4442 a
1067 4385 1367 4459 prtefecto,
1418 4400 1537 4439 una
1594 4401 1730 4440 cum
1761 4385 1834 4439 iis
1892 4385 1993 4456 qui

338 4480 734 4546 crediderant,
766 4479 839 4534 ad
871 4478 1302 4534 Diocletianum
1339 4476 1782 4547 imperatorem,
1815 4493 1849 4530 a
1877 4492 1992 4546 quo

335 4571 548 4641 palmae
577 4571 814 4636 affixus,
843 4569 1100 4624 decessit
1129 4586 1140 4622 :
1180 4574 1357 4639 atque
1388 4584 1506 4622 uno
1543 4567 1877 4638 eodemque
1907 4568 2002 4626 die

337 4659 644 4731 quingenti
703 4659 1094 4729 quadraginta
1123 4663 1350 4729 septem
1403 4662 1693 4730 martyres
1715 4657 1992 4716 decollati

335 4748 524 4807 fuere.

999 4864 1219 4921 Eodem
1251 4865 1346 4920 die

338 4989 438 5044 69
471 4987 924 5045 Co-mmemoratio
953 4991 1157 5039 sanctas
1187 4983 1586 5053 Euphrosynw,
1623 4999 1744 5052 qua
1802 4985 1996 5039 Sama-

822 5057 1030 5126 ragdus
1069 5055 1356 5126 appellata
1383 5057 1513 5123 fuit.

411 5173 604 5229 Multa)
632 5177 771 5228 sunt
800 5170 1007 5227 salutis
1032 5168 1394 5224 vimEtenim
1427 5169 1820 5240 Euphrosyna
1849 5185 2001 5241 opu-

340 5261 488 5318 lenti
514 5261 774 5317 hominis
798 5261 942 5325 ﬁlia,
975 5276 1110 5314 cum
1165 5259 1276 5313 sibi
1308 5259 1548 5329 nuptias
1595 5258 1789 5329 parari
1820 5258 2000 5314 resci-

341 5352 542 5420 visset,
580 5351 824 5422 ipsaque
881 5349 1097 5403 Christi
1155 5364 1373 5419 sponsa
1428 5363 1558 5402 esse
1615 5348 1676 5403 in
1733 5347 2001 5404 animum

247 5493 250 5496 .
342 5441 696 5507 induxisset,
718 5439 982 5510 confugit
1009 5438 1083 5493 ad
1114 5437 1433 5508 quemdam
1479 5443 1748 5492 sanctum
1771 5454 1999 5521 senem,

275 5573 288 5576 -
343 5547 379 5588 a
408 5547 527 5602 quo
575 5526 1049 5584 sanctimonialis
1102 5527 1256 5581 facta
1286 5532 1395 5581 est.
1446 5527 1710 5596 Cumque
1742 5527 2002 5614 timeret,

345 5636 422 5676 ne
479 5635 514 5674 a
551 5624 717 5690 patre
769 5622 1246 5689 cognosceretur,
1279 5620 1514 5686 sumpto
1567 5615 1721 5670 virili
1769 5615 2000 5680 habitu,

343 5709 692 5778 mutatoque
709 5702 1241 5776 nomine,seipsam
1262 5702 1648 5777 Smaragdum
1669 5702 2004 5775 appellavit:

2101 3332 2192 3366 vov
2227 3309 2415 3366 ἐκτῶν
2447 3310 2674 3382 λαϊκῶν,
2705 3309 2854 3366 ἀλλὰ
2907 3310 2996 3366 καὶ
3055 3310 3115 3365 ἐκ
3167 3315 3277 3366 τῶν
3339 3315 3619 3388 μοναχῶν·
3680 3311 3756 3366 ὧν

2104 3403 2181 3464 εἷς
2211 3404 2276 3470 ἦν
2317 3399 2478 3456 καὶὸ
2530 3402 2680 3464 ’ὀσιος
2740 3400 3097 3478 Παφνούτιος.
3158 3399 3333 3465 Οὗτος
3387 3402 3490 3477 γὰρ
3547 3399 3598 3472 ἐξ
3652 3400 3753 3455 Δί-

2099 3491 2308 3568 γύπτου
2364 3490 2759 3566 καταγόμενος,
2844 3489 3159 3545 καταλιπὼν
3228 3490 3319 3544 τὸν
3389 3490 3616 3562 κόσμον,
3664 3490 3758 3544 τὸν

2105 3581 2362 3638 πλεῖστον
2394 3583 2492 3646 τῆς
2525 3585 2669 3648 ζωῆς
2697 3579 2861 3634 αότοῦ
2892 3579 3090 3654 χρόνον
3116 3573 3387 3653 διέτριϐεν
3419 3577 3469 3632 ἐν
3503 3577 3750 3652 ἐρήμοις.

2103 3677 2200 3728 Διά
2231 3670 2287 3726 δὲ
2307 3670 2370 3724 τὸ
2401 3667 2649 3730 πολλοὺς
2679 3672 2784 3723 τῶν
2819 3667 3108 3738 Ἐλλήνων
3142 3667 3480 3746 ἐπιστρέφειν
3501 3666 3633 3742 πρὸς
3662 3666 3754 3720 τὸν

2103 3761 2363 3837 Χριστὸν,
2414 3757 2650 3833 ἔξῃτεῖτο
2699 3763 3024 3836 φονευθῆναι
3107 3757 3254 3832 παρᾶ
3321 3761 3422 3812 τοῦ
3466 3753 3753 3831 ἄρχοντος.

2104 3851 2205 3908 Καὶ
2237 3847 2466 3905 πολλῶν
2496 3845 2878 3920 κρατουμένων
2939 3844 3012 3900 δι’
3070 3845 3253 3918 αὐτὸν,
3317 3846 3421 3902 ὑπὸ
3451 3845 3598 3900 θείου
3653 3845 3756 3920 ἆγ-

2101 3942 2268 4016 γέλου
2349 3937 2678 4006 κελευσθεὶς,
2750 3934 3003 4000 ἀπελθὼν
3062 3937 3301 4009 παρέστη
3369 3939 3450 4007 τῷ
3533 3931 3758 4012 ἄρχοντι

2105 4029 2192 4084 καὶ
2243 4029 2335 4083 τὸν
2394 4023 2624 4101 Χριστὸν
2687 4023 3066 4098 ὁμολογήσας,
3148 4021 3423 4098 δεσμεῖται
3485 4021 3758 4098 σιδήροις.

2105 4117 2206 4175 Καὶ
2245 4116 2330 4172 ἐπὶ
2391 4115 2555 4186 ξύλου
2607 4113 2952 4188 κρεμασθεῖς,
3037 4111 3242 4185 ἐξέσθη,
3301 4112 3402 4176 ἕως
3456 4115 3521 4168 τὰ
3577 4111 3762 4190 ἔντερα

2103 4207 2265 4263 αὐτοῦ
2319 4199 2507 4260 ἔπεσον
2569 4202 2657 4258 ἐπὶ
2706 4203 2805 4269 τὴν
2869 4208 2996 4278 γῆν.
3061 4201 3236 4260 Ἀλλὰ
3300 4201 3466 4257 πάλιν
3539 4205 3759 4278 γέγονεν

2105 4295 2289 4371 ὑγιὴς,
2323 4291 2561 4368 ἀγγέλου
2615 4294 2784 4346 ταῦτα
2842 4291 3328 4366 προσαρμόσαντος
3385 4295 3463 4362 τῷ
3521 4292 3756 4363 σώματι·

2104 4383 2376 4440 έκτούτου
2402 4380 2605 4436 πολλοὶ
2659 4379 2970 4434 ἐπίστευσαν
3029 4385 3108 4451 τῷ
3164 4383 3412 4454 Χριστῷ.
3468 4379 3565 4434 Καὶ
3626 4377 3756 4434 ἴδὼν

2106 4480 2134 4533 δ
2166 4476 2378 4554 ἅρχων,
2401 4476 2603 4547 πέμπει
2640 4472 2799 4528 αὐτὸν
2829 4471 2920 4526 σῦν
2951 4477 3071 4536 τοῖς
3135 4470 3448 4526 πιστεύσασι
3480 4471 3616 4546 πρὸς
3665 4472 3755 4526 τὸν

2064 4565 2292 4648 βασιλέα
2324 4561 2738 4633 Διοκλητιανόν.
2778 4561 2876 4616 Καὶ
2909 4563 3036 4634 παρ’
3098 4559 3308 4615 ἐκείνου
3375 4559 3462 4614 ἐπὶ
3496 4559 3749 4633 φοίνικος

2103 4653 2454 4731 οταυρωθεῖς,
2514 4651 2828 4720 ἐτελειώθη.
2892 4651 3021 4706 Κατ’
3069 4649 3236 4718 αὐτὴν
3297 4645 3353 4704 δὲ
3397 4650 3498 4718 τὴν
3545 4647 3753 4722 ἡμέραν

2102 4741 2613 4823 ἀπεκεφαλίσθησαν
2645 4739 2991 4796 πεντακόσιοι
3041 4739 3128 4811 μζ¹
3160 4739 3448 4815 μάρτυρες.

2713 4869 2793 4940 Τῇ
2817 4866 2956 4939 αὖτῆ
2986 4866 3169 4940 ἡμέρᾳ

2105 4982 2313 5052 Μνήμη
2345 4985 2445 5048 τῆς
2480 4973 2629 5038 ὁσίας
2659 4971 3042 5052 Εὐφροσύνηξ,
3100 4973 3197 5040 τῆς
3261 4972 3757 5045 μετονομασθείσης

2759 5040 3106 5117 Σμαρᾶγδου,

2181 5154 2393 5214 Πολλαί
2422 5153 2523 5210 εἶσι
2553 5158 2654 5221 τῆς
2685 5149 2957 5225 σωτηρίας
3016 5149 3154 5206 ὁδοί.
3215 5149 3316 5207 Καὶ
3376 5152 3480 5227 γὰρ
3539 5153 3574 5219 ἡ
3639 5149 3760 5205 ὁσία

2109 5244 2460 5327 Εὐφροσύνη,
2492 5243 2729 5317 θυγάτηρ
2759 5237 2891 5293 οὖσα
2947 5239 3220 5296 πλουσίου
3271 5241 3444 5312 τινὸς,
3499 5239 3588 5295 καὶ
3621 5239 3759 5314 πρὸς

2109 5325 2287 5414 γάμον
2323 5329 2605 5408 μέλλουσα
2661 5325 2973 5398 ἐκδοθῆναι,
3025 5333 3227 5404 γνοῦσα
3281 5334 3465 5398 τοῦτο,
3522 5328 3610 5384 καὶ
3662 5331 3760 5383 τοῦ

2110 5428 2346 5502 Χριστοῦ
2373 5421 2558 5497 νύμφη
2583 5419 2817 5473 θέλουσα
2893 5418 3047 5489 εἶναι,
3107 5416 3482 5493 προσέδραμεν
3516 5417 3594 5472 ένὶ
3647 5421 3756 5472 τῶν

2111 5518 2280 5594 ἁγίων
2329 5510 2623 5588 γερόντων,
2674 5507 2760 5562 καὶ
2815 5509 2943 5585 παρ’
2995 5509 3201 5564 ἐκείνου
3255 5507 3462 5582 ἐγένετο
3516 5508 3761 5582 μοναχή.

2113 5607 2246 5666 Εἶτα
2275 5599 2598 5681 φοϐηθεῖσα,
2654 5595 2739 5652 ἵνα
2790 5599 2866 5671 μή
2924 5600 3200 5675 γνωρισθῇ
3255 5599 3358 5653 ὑπὸ
3416 5602 3512 5653 τοῦ
3555 5596 3760 5672 πατρὸς

2112 5698 2300 5768 αὐτῆς.
2379 5685 2709 5762 ένδυσαμένη
2768 5684 2989 5765 ἀνδρεία
3042 5687 3252 5762 ἱμάτια,
3327 5687 3418 5743 καὶ
3479 5705 3764 5763 μετασχη-
