4030 6196
298 431 370 490 13
1637 404 1861 470 SEPTl

1973 406 2135 470 3E8.
3546 424 3624 483 74

302 562 511 633 pasam
569 550 634 613 εἷς
699 544 889 625 ἄνδρα,
975 546 1066 601 καὶ
1170 539 1587 617 μετονομάσασα
1660 538 1856 633 ἑαυτὴν

1973 547 2151 613 atque
2173 543 2235 598 in
2256 544 2519 602 virorum
2550 548 2982 605 monasterium
3007 567 3134 606 sese
3159 554 3431 623 contulit,
3464 559 3624 628 quod

302 626 575 721 Epipzﬁov,
601 634 836 708 ἀπῆλθεν
892 634 967 698 εἰς
1026 631 1273 710 ἀνδρεῖον
1305 631 1696 721 μοναστήριονμ,
1729 626 1863 721 εἷς-θ

294 717 364 791 καί
387 717 602 807 πρότερον
649 729 780 782 κατά
832 727 1115 795 συνήθειαν
1171 723 1458 797 ἆπήρχετο
1488 719 1516 774 6
1548 718 1728 791 πατὴρ
1763 717 1863 771 αὗ-

195 838 212 856 ’
275 832 369 895 τῆς.
416 821 501 878 Καὶ
554 820 682 893 μετὰ
736 821 899 873 τοῦτο
955 812 1123 870 πάλιν
1178 811 1577 888 ἀπερχόμενος,
1640 807 1730 863 καὶ
1786 811 1866 879 τῷ

266 912 509 987 ἡγουμένῳ
574 904 938 981 διηγούμενος
997 905 1098 972 τὴν
1158 904 1336 981 φυγὴν
1391 907 1494 969 τῆς
1549 898 1864 973 θυγατέρος,

261 999 424 1058 ἔϐλεπε
451 997 710 1059 πολλάκις
768 999 863 1050 καὶ
921 995 1091 1063 αὐτὴν
1149 988 1558 1065 παριπαμᾶνην
1587 991 1667 1059 τῷ
1694 989 1864 1062 ἡγου-

256 1093 378 1165 μένῳ
404 1088 449 1145 ἐν
477 1090 711 1163 σχήματι
772 1082 989 1157 ἀνδρὸς,
1044 1081 1135 1136 καὶ
1192 1078 1542 1151 λυπουμένην
1583 1073 1743 1165 δῆθεν
1777 1071 1867 1129 διὰ

246 1163 327 1247 τὴν
376 1179 623 1253 θυγατέρα
679 1177 877 1231 αὐτοῦ’
962 1172 1091 1229 ἀλλ’
1173 1170 1273 1225 οὐκ
1328 1167 1613 1243 ἐγνώριζεν
1672 1163 1861 1253 αὐτήν.

244 1252 497 1323 Διανῦσασα
539 1264 596 1320 δὲ
640 1265 693 1320 ἐν
750 1269 832 1336 τῷ
891 1260 1243 1336 μοναστηρίῳ
1287 1256 1381 1328 ἔτη
1416 1254 1544 1311 δέκα
1572 1252 1662 1309 καὶ
1696 1252 1863 1321 ὀκτὼ,

242 1357 482 1425 ἠσθένησε*
526 1355 619 1409 καὶ
692 1348 1186 1427 προσκαλεσαμένη
1260 1347 1352 1401 τὸν
1412 1343 1618 1420 πατέρα
1676 1342 1863 1411 αὐτῆς,

240 1444 379 1503 εἶπεν.
432 1444 566 1518 Ἐγώ
620 1441 739 1515 εἶμι
798 1439 1041 1515 Θυγάτηρ
1098 1455 1217 1493 σουο
1275 1434 1368 1491 καὶ
1420 1434 1497 1508 μή
1543 1432 1742 1490 λυποῦ·
1773 1428 1865 1487 καὶ

234 1538 373 1589 τοῦτο
402 1531 643 1599 εἰποῦσα,
674 1530 978 1604 ἐκοιμήθη.

733 1621 925 1678 MHNI
977 1622 1086 1776 re:
1121 1617 1328 1693 ΑΥΤῼ.

998 1713 1039 1761 Κ

998 1713 1039 1761 Κ

230 1801 284 1858 Ἥ
312 1799 609 1875 μετάστασις
660 1803 764 1855 τοῦ
820 1795 981 1875 ἁγίου
1026 1792 1277 1875 Ἰωάννου
1325 1795 1425 1848 τοῦ
1468 1789 1745 1866 Θεολόγου
1773 1787 1863 1845 καὶ

847 1866 1231 1943 εῦαγγελστοῦ.

291 1962 345 2018 Ὁ
389 1960 565 2035 Μίγας
622 1955 943 2019 ἀπόστολος
996 1955 1087 2012 καὶ
1163 1951 1555 2028 εὖαγγελιστὴς
1608 1949 1861 2020 Ἰωάννης

237 2049 350 2124 μετὰ
372 2051 466 2120 τήν
515 2048 803 2122 ἀνάληψιν
862 2050 959 2101 τοῦ
1012 2047 1241 2119 Κυριου,
1298 2041 1388 2097 καὶ
1438 2041 1540 2109 τήν
1594 2039 1854 2112 κοίμησιν

227 2146 311 2208 τῆς
358 2138 630 2210 Θεοτόκου,
690 2136 867 2206 ἦλθεν
929 2134 1004 2197 εἰς
1058 2138 1309 2211 Ἔφεσον,
1367 2127 1860 2205 εὐαγγελιζόμενος

226 2229 304 2282 τὸν
329 2226 562 2299 Χριστόν.
595 2224 705 2282 Kal
743 2218 1066 2294 διαϐληθεὶς
1118 2220 1432 2294 Δομετιανῷ
1458 2223 1537 2290 τῷ
1565 2216 1855 2289 Ῥωμαίων

230 2317 437 2395 βασιλεῖ,
463 2315 736 2391 ἐξωρίσθη
794 2312 871 2374 εἷς
928 2313 1149 2383 ΙΙάτμον
1203 2310 1305 2377 τὴν
1350 2311 1537 2395 νῆσον,
1569 2308 1737 2363 Ἔνθα
1765 2305 1854 2361 καὶ

228 2408 281 2463 τὸ
309 2406 444 2480 ἅγιον
486 2402 720 2480 ἔγραψεν
774 2398 1130 2476 Εὐαγγὲλιον.
1183 2398 1337 2456 Μετὰ
1374 2395 1432 2452 δὲ
1467 2394 1725 2464 τελευτὴν
1757 2403 1854 2449 Δο-

232 2498 472 2567 μετιανοῦ,
502 2488 846 2563 ἀνακληθεὶς
875 2487 1067 2557 πάλιν,
1101 2485 1269 2556 ἦλθεν
1330 2485 1406 2547 εἷς
1463 2486 1712 2561 Ἔφεσον.
1749 2482 1853 2538 Καὶ

234 2584 347 2658 μετᾶ
370 2582 426 2637 τὸ
453 2580 708 2643 πολλοὺς
772 2576 1003 2649 διδάξαι,
1058 2576 1149 2631 καὶ
1206 2573 1296 2630 διὰ
1340 2578 1436 2629 τοῦ
1484 2572 1854 2649 βαπτίσματος

231 2676 562 2746 προσαγαγεῖν
617 2675 706 2743 τῷ
768 2670 1009 2744 Χριστῷ,
1068 2668 1321 2741 προέγνω
1384 2665 1484 2732 τὴν
1537 2663 1854 2733 μετάστασιν

234 2760 388 2815 αὐτοῦ.
432 2759 532 2817 Kal
580 2765 878 2834 Κυριακῆς
912 2759 1124 2830 ἡμέρας
1166 2752 1454 2821 ἐλθούσης,
1485 2749 1699 2822 διδάξας
1729 2749 1857 2813 τοὺς

234 2848 467 2927 ἀδελφοὺς
518 2850 587 2904 τὰ
652 2846 923 2922 μεγαλεῖα
988 2850 1084 2901 τοῦ
1138 2847 1295 2900 Θεοῦ·
1345 2842 1435 2897 καὶ
1491 2837 1860 2917 παραγγείλας

232 2938 389 2999 αὐτοῖς
441 2938 738 3016 φυλάττειν
794 2935 969 2991 πάντα
1022 2934 1090 2988 τὰ
1145 2930 1471 3007 διδαχθὲντα
1527 2930 1616 2984 ὑπ’
1672 2928 1860 2996 αὐτοῦ,

230 3014 491 3102 προσέταξε
570 3026 656 3100 τῷ
753 3026 973 3099 μαθητῇ
1055 3021 1220 3076 αὐτοῦ
1270 3014 1609 3093 παραλαϐεῖν
1668 3015 1862 3093 ἄνδρας

224 3118 518 3193 κατέχοντας
569 3117 675 3177 τὰς
734 3115 871 3190 πρὸς
928 3109 1141 3189 ὄρυγμα
1213 3110 1422 3186 χρείας,
1480 3108 1570 3163 καὶ
1627 3108 1862 3163 ἀκολου-

224 3208 333 3263 θεῖν.
390 3208 481 3262 Καὶ
540 3204 734 3261 ἐλθὼν
790 3202 878 3258 ἐπὶ
932 3203 1026 3257 τὸν
1082 3202 1273 3270 τόπον,
1334 3198 1623 3272 ἐπέτρεψεν
1679 3196 1863 3269 ὀρύξαι

224 3297 409 3370 ὄρυγμα
467 3295 604 3370 βαθὺ
680 3288 1043 3368 σταυροειδὲς.
1105 3290 1205 3346 Καὶ
1283 3286 1711 3359 προσευξάμενος
1768 3285 1857 3339 καὶ
1890 3272 1933 3339 0

221 3384 381 3439 εἶπών·
425 3385 647 3459 Εῗρήνη
702 3383 851 3454 ὑμῖν,
905 3377 1156 3452 ἀδελφοὶ,
1205 3375 1464 3446 ἀνεκλίθη
1499 3373 1553 3429 ἰν
1582 3378 1662 3446 τῷ
1702 3373 1860 3447 ὀρόγ-

229 3496 357 3546 ματι.
380 3475 509 3530 Τότε
538 3472 895 3546 καλύψαντες
951 3470 1112 3524 αὐτὸν
1166 3468 1219 3522 οἱ
1281 3463 1520 3539 μαθηταὶ
1571 3463 1860 3538 ἀνεχώρη-

225 3583 323 3620 σαν.
384 3564 483 3620 Καὶ
558 3560 709 3638 μετᾶ
762 3563 927 3616 τοῦτο
982 3556 1235 3621 ἐλθόντες
1304 3551 1438 3609 ἲδεῖν
1503 3553 1686 3621 αὐτὸν,
1756 3549 1865 3625 οὐχ

228 3672 386 3727 ευρον.

775 3796 951 3847 nam
990 3791 1081 3867 Τᾳ
1119 3791 1311 3867 Ann.

988 3881 1083 3935 KZ‘

376 4000 656 4072 ’Δθλησις
683 4003 787 4066 τῆς
818 3994 971 4069 ἁγίας
1010 3996 1285 4070 μάρτυρος
1317 3989 1683 4067 Ἐπιχᾶρεως.

283 4117 571 4194 Ἐπίχαρις
617 4118 654 4185 ἡ
700 4118 799 4170 τοῦ
857 4114 1089 4189 Χριστοῦ
1150 4112 1375 4185 μάρτυς,
1431 4112 1677 4185 ὑπῆρχεν
1711 4107 1763 4164 ἐν
1792 4111 1862 4182 τῇ

235 4208 388 4282 Ρώμη
418 4206 504 4262 ἐπὶ
558 4201 957 4274 Διοκλητιανοῦ
1003 4203 1101 4255 τοῦ
1155 4199 1443 4275 βασιλέωςο
1500 4198 1772 4273 ἐκρατήθη
1807 4195 1865 4253 δὲ

223 4297 351 4368 παρὰ
403 4300 703 4370 Καισαριου
785 4295 883 4347 τοῦ
975 4289 1244 4365 ἐπάρχου.
1309 4289 1410 4345 Καὶ
1473 4287 1867 4363 ὁμολογήσασα

225 4382 477 4458 παρρησίᾳ
528 4384 627 4438 τὸν
685 4378 940 4453 Χριστὸν,
997 4381 1262 4452 κρεμᾶται
1331 4376 1418 4431 καὶ
1479 4375 1671 4446 ξέεται.
1730 4374 1865 4433 Εἶτα

220 4469 450 4528 τύπτεται
515 4471 657 4546 μετὰ
715 4472 934 4547 σφυρῶν
1014 4461 1361 4541 μολυϐδίνων
1421 4465 1525 4520 ὑπὸ
1590 4464 1860 4541 τεσσάρων

228 4567 580 4635 στρατιωτῶν·
617 4561 841 4628 οἳτινες,
896 4556 1209 4632 εὺχομὲνης
1261 4554 1450 4623 αὐτῆς,
1484 4556 1586 4609 ὑπὸ
1616 4555 1860 4630 ἀγγέλων

1973 636 2032 685 et
2060 638 2229 703 pater
2260 634 2389 705 ejus
2419 634 2701 707 frequens
2732 636 2895 693 adire
2956 650 3371 702 consueverat:
3412 652 3622 718 postea

1972 737 2109 776 vero
2141 723 2283 778 illuc
2314 724 2653 794 adveniens,
2689 743 2824 782 cum
2855 733 3201 786 monasterii
3232 735 3511 804 praefecto
3543 738 3616 794 de

1971 808 2107 881 fuga
2140 810 2278 866 filim
2310 830 2465 884 saape
2492 815 2964 886 colloquebatur,
2996 818 3367 890 inspectante
3399 830 3457 879 et
3511 842 3619 882 au-

1973 896 2172 953 diente
2200 900 2552 972 plerumque
2581 902 2727 974 ﬁlia,
2751 904 3136 977 doloremque
3162 910 3366 965 eadem
3390 911 3461 967 de
3480 931 3620 971 cau-

1972 1005 2038 1043 sa
2068 1005 2188 1059 praa
2222 1005 2282 1045 se
2313 990 2562 1059 ferente,
2592 1008 2727 1047 cum
2782 994 3024 1048 interim
3055 1012 3089 1050 a
3113 1002 3279 1067 patre
3309 1015 3618 1071 nunquam

1970 1084 2451 1148 cognosceretur.
2493 1084 2635 1135 Cum
2667 1086 2865 1136 autem
2914 1083 2975 1136 in
3021 1088 3384 1143 monasterio
3430 1106 3620 1147 annos

1969 1163 2176 1220 decem
2209 1172 2266 1221 et
2289 1173 2420 1222 octo
2477 1169 2740 1239 vixisset,
2801 1170 3014 1225 incidit
3066 1173 3131 1227 in
3190 1175 3489 1232 morbum.
3551 1181 3622 1235 Et

1970 1255 2257 1310 accersito
2283 1262 2449 1326 patre
2480 1257 2663 1312 dixit:
2697 1260 2814 1331 Ego
2848 1275 2979 1314 sum
3011 1260 3136 1317 filia
3188 1267 3305 1334 tua,
3354 1281 3429 1321 ne
3477 1283 3623 1323 con-

1967 1342 2223 1399 tristeris
2248 1360 2261 1398 :
2290 1346 2610 1417 statimque
2642 1346 3021 1404 obdormivit.

2523 1616 2766 1672 EODEM
2804 1617 3056 1674 MENSE.

2492 1705 2595 1760 Die
2627 1706 2905 1762 vicesima
2936 1712 3101 1763 sexta

1968 1790 2067 1846 το
2108 1792 2418 1848 Translatio
2473 1798 2653 1850 sancti
2706 1796 2939 1923 Ιρςιὲιηίε
2999 1797 3279 1869 Theologi,
3337 1807 3389 1855 et
3443 1818 3615 1858 evan-

2670 1884 2736 1923 ae
2762 1883 2806 1923 ts
2832 1884 2897 1923 ce.

2670 1883 2897 1936 geustce.

2044 1952 2285 2024 Magnus
2316 1953 2621 2024 apostolus
2653 1959 2711 2009 et
2756 1956 3117 2028 evangelista
3153 1959 3432 2025 Joannes,
3482 1967 3619 2033 post

1964 2040 2201 2095 Domini
2251 2043 2663 2098 ascensionem
2713 2048 2773 2098 et
2829 2044 3095 2115 Deipara)
3148 2046 3396 2114 obitum,
3456 2051 3617 2105 venit

1964 2128 2285 2199 Ephesum,
2314 2131 2611 2186 Christum
2639 2134 3085 2204 evangelizans;
3136 2134 3485 2207 deletusque
3532 2136 3605 2192 ad

1964 2218 2365 2275 Domitianum
2397 2222 2800 2276 Romanorum
2839 2222 3279 2293 imperatorem,
3312 2224 3610 2293 relegatur

1962 2306 2023 2361 in
2056 2307 2312 2363 insulam
2346 2312 2598 2376 Patmos,
2630 2310 2732 2365 ubi
2764 2316 3033 2366 sanctum
3058 2312 3435 2384 Evangelium
3456 2331 3607 2370 con-

1963 2397 2219 2466 scripsit.
2268 2398 2488 2452 Functo
2520 2404 2718 2454 autem
2749 2400 2868 2454 vita
2894 2401 3247 2468 Domitiano,
3299 2408 3607 2458 revocatus

1962 2486 2033 2540 ab
2069 2488 2297 2557 exsilio,
2332 2489 2511 2543 rediit
2538 2490 2874 2561 Ephesum:
2909 2490 3010 2544 ubi
3042 2508 3179 2546 cum
3217 2493 3437 2548 multos
3486 2493 3600 2548 do-

1962 2576 2432 2648 cuisset,perque
2447 2578 2805 2648 baptismum
2821 2578 2893 2633 ad
2916 2579 3211 2634 Christum
3234 2580 3602 2650 adduxisset,

1964 2665 2415 2720 translationem
2450 2684 2617 2721 suam
2652 2668 2955 2737 pramovit.
2986 2668 3296 2723 Dominico
3319 2670 3498 2741 igitur
3527 2671 3622 2725 die

1966 2771 2103 2809 cum
2132 2755 2344 2810 fratres
2376 2772 2589 2828 magna
2631 2756 2731 2810 Dei
2790 2772 2971 2827 Opera
3020 2756 3339 2827 docuisset,
3392 2760 3621 2830 eisque,

1966 2849 2033 2898 ut
2061 2860 2192 2914 quae
2226 2844 2414 2899 edocti
2448 2862 2482 2899 a
2508 2862 2569 2899 se
2596 2844 2852 2912 fuerant,
2881 2845 3281 2913 observarent,
3308 2848 3623 2919 praecepis-

1969 2936 2077 2996 set,
2112 2932 2424 3003 imperavit
2450 2932 2745 3004 discipulo
2776 2938 2861 3001 ut,
2894 2935 3214 3005 assumptis
3246 2935 3617 3001 hominibus,

1970 3026 2029 3075 et
2058 3038 2189 3091 quas
2221 3020 2295 3076 ad
2326 3021 2671 3077 fodiendum
2702 3038 2852 3093 Opus
2884 3029 3104 3089 essent,
3138 3024 3362 3093 paratis
3389 3025 3618 3079 instru-

1971 3110 2211 3177 mentis,
2244 3126 2305 3164 se
2336 3115 2837 3182 consequeretur:
2879 3110 3141 3182 ahiitque
3192 3113 3253 3166 in
3302 3113 3621 3184 quemdam

1969 3198 2189 3265 locum,
2207 3199 2506 3270 jussitque
2529 3205 2729 3271 egesta
2749 3200 2867 3254 alte
2897 3204 3057 3254 terra
3077 3200 3297 3255 fossam
3331 3201 3393 3256 in
3425 3202 3620 3261 crucis

1977 3289 2222 3361 figuram
2255 3290 2532 3345 effodere.
2563 3292 2691 3344 Mox
2721 3290 2925 3356 oravit,
2961 3296 3018 3345 et
3048 3291 3230 3345 dixit:
3284 3293 3402 3346 Pax
3431 3293 3619 3362 vobis,

1969 3379 2183 3434 fratres
2213 3396 2226 3433 :
2260 3386 2318 3435 et
2341 3382 2403 3434 in
2433 3380 2596 3435 fovea
2627 3397 2755 3435 sese
2803 3382 3174 3451 composuit:
3226 3397 3340 3451 quo
3391 3388 3617 3452 operto,

1971 3468 2248 3539 discipuli
2280 3469 2627 3526 discessere.
2664 3472 2871 3525 Verum
2924 3470 3100 3540 paulo
3156 3474 3290 3541 post
3338 3471 3613 3543 regressi,

1970 3556 2202 3612 visendi
2232 3573 2368 3613 eum
2401 3558 2620 3628 studio,
2651 3573 3031 3629 nequaquam
3062 3558 3422 3614 invenerunt

2528 3792 2769 3849 EODEM
2809 3794 3061 3851 MENSE.

2452 3882 2555 3937 Die
2583 3882 2866 3939 vicesima
2898 3883 3153 3954 septima

2156 3998 2244 4052 71
2287 3999 2572 4053 Certamen
2600 4005 2801 4055 sancta
2830 4003 3093 4069 martyris
3122 4001 3441 4071 Epicharis.

2044 4114 2593 4186 Epicharis,Christi
2608 4115 3227 4187 martyr,Diocletiano
3242 4116 3624 4186 imperatore,

1973 4205 2174 4259 Romae
2205 4203 2436 4258 claruit.
2471 4203 2911 4275 Comprehensa
2931 4211 3129 4260 autem
3153 4220 3187 4259 a
3207 4205 3461 4260 Csesario
3483 4222 3629 4275 pras-

1970 4293 2148 4361 fecto,
2186 4293 2575 4363 confessaque
2634 4293 2818 4348 libere
2879 4294 3202 4359 Christum,
3262 4293 3498 4347 sublata
3554 4294 3618 4347 in

1972 4381 2807 4453 equuleum,excarniﬁcatur:
2834 4381 3049 4436 deinde
3069 4380 3303 4436 malleis
3324 4379 3621 4451 plumbeis

1971 4471 2300 4544 percutitur
2320 4486 2354 4524 a
2375 4476 2628 4539 quatuor
2650 4470 2962 4535 militibus,
2993 4470 3113 4540 qui,
3143 4485 3212 4524 ea
3232 4485 3440 4541 preces
3472 4469 3619 4524 fun-

1971 4561 2170 4624 dente,
2203 4558 2273 4613 ab
2305 4558 2530 4629 angelis
2558 4557 2852 4613 interfecti
2888 4564 3046 4613 sunt.
3081 4558 3393 4613 Consuluit
3417 4560 3620 4630 itaque

224 4649 561 4723 ἀνῃρέθησαν.
624 4651 754 4707 Εἶτα
810 4642 1201 4704 συνεϐούλευσε
1253 4650 1333 4717 τῷ
1390 4648 1617 4720 ἄρχοντι
1662 4647 1690 4701 ὁ
1730 4667 1860 4721 συγ-

1973 4648 2243 4720 praafecto
2265 4663 2551 4711 assessor,
2584 4653 2649 4701 ut
2669 4647 2731 4701 in
2763 4647 2931 4701 illam
2947 4646 3125 4703 ferret
3148 4648 3463 4719 capitalem
3487 4666 3620 4704 sen-

229 4737 465 4814 κάθεέρος
524 4740 691 4794 αὑτοῦ
746 4735 1148 4812 ἀποκεφαλίσαι
1205 4734 1398 4804 αὐτήν,
1465 4729 1753 4805 Λαϐούσης
1809 4732 1866 4790 δὲ

223 4827 305 4895 τήν
353 4826 440 4883 δια
472 4829 663 4906 ξίφους
689 4827 985 4905 ἀπόφασιν,
1042 4824 1133 4881 καὶ
1192 4824 1643 4899 προσευχομένης
1673 4822 1865 4892 αὐτῆς,

229 4917 549 4990 ἡεῦρεθεῖσα
584 4917 836 4973 ὑποκάτω
892 4919 1002 4970 τῶν
1063 4911 1248 4969 ποδῶν
1308 4914 1479 4981 αὐτῆς
1508 4914 1702 4987 πέτρα,
1735 4912 1867 4968 ὕδα-

231 5024 313 5069 τος
340 5003 592 5063 ἀνέϐλυσε
638 5006 872 5074 πλῆθος.
937 5002 1283 5077 ηληρώσασα
1331 5000 1389 5055 δὲ
1417 5002 1516 5069 τήν
1549 5002 1745 5076 εὐχὴν,
1775 5004 1864 5057 καὶ

229 5093 435 5150 κλίνασα
463 5098 551 5152 τὸν
580 5094 803 5171 αὖχένα,
836 5092 1061 5167 ἐπλήγη
1115 5091 1217 5147 ὑπὸ
1269 5094 1368 5146 τοῦ
1426 5087 1653 5163 δημίου,
1682 5092 1771 5145 καὶ
1799 5092 1862 5147 τὸ

234 5182 313 5253 μὲν
366 5190 570 5258 πνεῦμα
626 5184 796 5252 αὐτῆς
848 5182 1140 5251 ἐναπετὲθη
1197 5178 1275 5241 εἷς
1326 5183 1515 5253 χεῖρας
1562 5183 1694 5233 Θεοῦ
1727 5184 1865 5248 ζῶν-

230 5290 308 5331 τος
340 5274 560 5327 Δικαίων
615 5272 715 5348 γὰρ
774 5269 950 5346 ψυχαὶ
1009 5269 1063 5324 ἄν
1118 5266 1266 5345 χειρὶ
1299 5274 1455 5324 Θεου.
1492 5268 1564 5323 Τὸ
1592 5265 1649 5322 δὲ
1678 5269 1864 5341 τίμίον

236 5354 467 5434 λείψανον
522 5363 690 5426 αὐτῆς
751 5359 919 5437 ἐτάφη
971 5358 1201 5431 ἐντίμως
1256 5358 1403 5431 παρά
1436 5355 1686 5427 Φήλικός
1716 5380 1863 5423 τινος

236 5448 596 5521 συγκλητικοῦ,
656 5442 923 5509 εὖλαϐοῦς
1008 5447 1356 5519 Χριπιανυῦ·
1438 5445 1601 5521 βρύον
1661 5445 1867 5519 ῗάματα

236 5538 345 5589 πᾶσι
372 5546 479 5604 τοῖς
508 5541 719 5598 πιστῶς
767 5532 1240 5611 προσερχομένοις
1290 5533 1456 5606 αὐτῷ,
1487 5539 1659 5589 πᾶσαν
1686 5536 1863 5608 νόσον,

236 5622 492 5683 xci-Limn
550 5624 838 5700 συμφορὰν
894 5622 985 5678 καὶ
1042 5622 1222 5695 λύπην
1278 5623 1516 5698 ετοίμως
1546 5622 1865 5693 άποδιῶκον

237 5703 325 5772 ἓως
351 5720 437 5782 τῆς
464 5717 533 5787 σή
547 5732 721 5790 μερον
735 5756 748 5771 .

483 5836 755 5897 ΡΑτῑιοι.
800 5833 920 5892 Gn.
962 5832 1204 5894 CXVII.

1977 4739 2247 4794 tentiam.
2277 4736 2442 4802 Quod
2474 4753 2607 4791 cum
2636 4736 2873 4792 fecisset
2902 4738 3423 4810 prmfectuspaapit
3452 4755 3622 4794 orare

1973 4829 2280 4901 Epicharis
2318 4846 2329 4882 :
2360 4828 2679 4899 statimque
2710 4833 2895 4899 petra,
2925 4846 3056 4899 qua;
3092 4830 3296 4884 subter
3324 4829 3486 4883 illius
3516 4846 3621 4900 pe-

1977 4917 2079 4973 des
2084 4918 2106 4988 j
2118 4917 2343 4985 acebat,
2363 4933 2636 4989 magnam
2654 4918 2861 4972 etl‘udit
2880 4934 3168 4989 aquarum
3185 4920 3323 4973 vim.
3359 4919 3624 4989 Cumque

1974 5023 2181 5079 preces
2237 5007 2675 5078 complevisset,
2736 5008 3023 5063 inclinata
3072 5007 3318 5072 cervice,
3352 5022 3387 5061 a
3416 5007 3624 5063 lictore

1975 5113 2256 5169 percussa
2284 5096 2415 5162 fuit,
2449 5097 2695 5167 ejusque
2724 5097 2965 5167 spiritus
2996 5098 3056 5151 in
3108 5098 3209 5151 Dei
3253 5095 3362 5150 vivi
3406 5112 3623 5151 manus

1975 5186 2299 5241 advolavit:
2331 5188 2611 5240 Justorum
2639 5188 2786 5240 enim
2817 5188 3013 5241 animm
3045 5186 3103 5240 in
3132 5202 3301 5241 manu
3333 5187 3427 5240 Dei
3451 5192 3621 5241 sunt:

1972 5276 2248 5346 pretiosae
2280 5278 2477 5329 autem
2505 5274 2633 5345 ejus
2692 5275 2959 5345 reliquias
3007 5275 3334 5329 honorifice
3366 5291 3400 5331 a
3430 5275 3623 5330 Felice

1974 5364 2231 5435 quodam
2263 5363 2561 5419 senatorio
2594 5363 2715 5417 viro
2747 5364 2965 5434 pioque
2988 5363 3320 5419 Christiano
3346 5363 3618 5435 sepultae,

1973 5454 2310 5509 curationes
2332 5451 2614 5507 emittunt
2633 5453 2911 5507 omnibus
2933 5470 3066 5507 cum
3091 5452 3205 5507 fide
3227 5453 3303 5507 ad
3324 5470 3423 5509 eas
3443 5469 3620 5507 acce-

1972 5541 2269 5609 dentibus,
2326 5557 2683 5611 omnemque
2752 5541 3045 5606 morbum,
3104 5541 3504 5597 calamitatem
3560 5544 3622 5593 et

1972 5629 2387 5705 mgritudinem
2411 5629 2485 5685 ad
2507 5630 2661 5685 hanc
2683 5645 2871 5700 usque
2889 5629 3047 5685 diem
3067 5629 3265 5684 statim
3284 5626 3616 5700 depellunt.
