4042 6206
178 14 181 17 _
220 10 651 119 π

260 476 337 536 ’Π
1705 470 2201 535 SEPTEMBER.

3596 483 3676 545 78

255 613 414 664 τοῦτο
444 611 472 663 ὁ
498 610 717 684 ἄρχων,
778 612 1102 684 προσέταξεν
1159 609 1501 685 ἀπαχθέντας
1561 608 1637 672 είς
1689 606 1889 663 Ninum

2027 606 2234 664 ductos
2256 609 2530 679 Nicaeam,
2564 610 2810 667 mandat
2838 611 3117 669 decollari
3145 632 3159 683 ;
3195 633 3330 673 cum
3370 634 3502 674 vero
3534 636 3677 677 san-

253 697 786 772 ἆτοκεᾳαλισθῆναι.
846 698 955 755 Τὸν
1014 695 1072 753 δὲ
1118 697 1273 773 ἄγῐον
1337 698 1560 771 Μάρκον
1597 695 1773 771 σύρων
1804 694 1912 750 ἀπὸ

246 786 451 849 sulm};
479 786 559 847 είς
602 786 810 854 πόλιν,
855 786 1087 858 ἐζήτησε
1137 785 1367 861 χαλκεῖς
1414 792 1640 854 ποιῆσαι
1690 785 1912 859 βασανι-

232 879 443 949 στήρια.
510 876 623 932 Καὶ
692 877 997 948 εὑρεθέντες
1051 874 1333 952 Ἀλφειὸς,
1389 870 1767 949 Ἀλέξανδρος,
1824 871 1914 927 καὶ

228 965 506 1036 Ζὼσιμος,
561 964 662 1019 καὶ
715 966 1094 1040 πειρασθέντες
1144 964 1467 1040 χαλκεῦααι,
1509 963 1660 1035 εὕρον
1710 961 1801 1015 τὸν
1834 959 1912 1013 σί-

230 1051 393 1127 δηρον
456 1053 603 1128 πυρὶ
650 1056 733 1127 μὴ
799 1053 1234 1126 μαλασσόμενον’
1294 1053 1384 1108 καὶ
1450 1052 1763 1107 ἐπίστευσαν
1821 1051 1909 1105 καὶ

227 1140 379 1195 αὐτοὶ
436 1146 530 1213 τῷ
585 1144 837 1217 Χριστῷ·
896 1144 986 1197 καὶ
1041 1139 1541 1215 ἀπεκεφαλίσθησαν
1628 1140 1760 1211 μετά
1816 1142 1913 1193 τοῦ

228 1228 385 1304 ἁγίου
436 1230 712 1304 Μάρκου·
768 1230 858 1285 καὶ
908 1231 1002 1285 σὺν
1051 1232 1237 1292 αὐτοῖς
1286 1230 1491 1299 Νίκων,
1527 1228 1701 1297 Νέων,
1734 1226 1914 1282 Ἡλιό-

232 1316 411 1395 δωρος
440 1321 864 1389 πιστεύσαντες,
898 1321 1306 1398 ἀπεσφάγησαν,

812 1437 990 1493 MﬂNl
1035 1438 1127 1517 Τῼ
1166 1440 1359 1515 me.

1040 1584 1131 1636 ΚΘ

308 1698 525 1768 Μνήμη
587 1694 690 1751 τοῦ
750 1696 906 1752 ὁσίου
958 1698 1165 1772 Πατρὸς
1217 1698 1379 1770 ἡμῶν
1436 1698 1713 1771 Κυριακοῦ
1740 1700 1837 1751 τοῦ

889 1786 1272 1861 ιὶναχωρητοῖῦ⁸

308 1930 375 1985 Ὁ
418 1927 579 1990 ὅσιος
628 1930 816 2002 Πατὴρ
886 1931 1047 2002 ἡμῶν
1124 1927 1388 2004 Κυριακὸς
1426 1928 1454 1983 ὁ
1513 1928 1904 2004 ίναχωρητὴς,

233 2018 497 2092 ὑπῆρχεν
530 2018 643 2072 ἀπὸ
672 2020 771 2087 τῆς
802 2017 1020 2080 πόλεως
1064 2018 1336 2091 Κορίνθου
1365 2015 1452 2071 ἐπὶ
1493 2023 1593 2086 τῆς
1631 2016 1905 2092 βασιλείας

232 2106 546 2163 Θεοδοσίου
604 2112 702 2162 τοῦ
756 2107 1019 2183 μεγάλου,
1076 2108 1192 2170 υίὸς
1243 2107 1497 2161 Ἰωάννου
1535 2100 1907 2182 πρεσϐυτέρου

228 2207 341 2267 τῆς
396 2198 733 2267 Ἐκκλησίας
786 2197 1069 2270 Κορίνθου,
1116 2196 1210 2251 τὸν
1269 2195 1477 2273 βαθμὸν
1537 2194 1903 2270 ἀναγνώστης.

230 2286 431 2344 Ἀλλᾶ
457 2288 552 2342 τὸν
585 2288 814 2363 Χριστὸν
860 2284 1027 2341 πλέον
1062 2287 1275 2339 πάντων
1323 2284 1573 2359 ἀγαπῶν,
1604 2284 1695 2337 καὶ
1727 2281 1901 2347 θέλων

228 2384 523 2448 σωθῆναι,
554 2377 725 2454 deﬁxa
760 2377 853 2431 τὸν
911 2374 1141 2448 κόσμον,
1197 2375 1286 2429 καὶ
1322 2370 1697 2443 ἠκολούθησεν
1731 2372 1900 2445 αὐτῷ.

226 2470 382 2521 Δέκα
415 2466 519 2541 γὰρ
571 2465 657 2521 καὶ
691 2465 836 2520 ὀκτὼ
891 2464 1024 2519 ἐτῶν
1088 2464 1401 2537 γενόμενος,
1458 2459 1702 2531 ἀπῆλθεν
1735 2461 1810 2523 εἰς
1837 2461 1904 2516 τὰ

218 2557 631 2633 Ἱεροσόλυμα,
679 2556 770 2610 καὶ
830 2554 1117 2627 εὐξάμενος
1174 2552 1249 2614 είς
1305 2553 1433 2616 τοὺς
1462 2550 1651 2626 ἁγίους
1678 2552 1902 2620 τόπους,

218 2651 581 2719 κατήντησεν
614 2646 693 2707 εἷς
720 2647 819 2715 τήν
871 2643 1074 2718 λαῦραν
1120 2647 1217 2698 τοῦ
1266 2641 1427 2717 ἁγίου
1467 2641 1767 2714 Εὖθυμίου.
1803 2642 1900 2695 Καὶ

224 2742 325 2795 ὑπ’
389 2738 610 2795 ἐκείνου
675 2731 1030 2813 περιεϐάλετο
1104 2736 1164 2789 τὸ
1230 2732 1374 2808 ἱερὸν
1450 2737 1557 2787 τῶν
1639 2736 1899 2808 μοναχῶν

222 2838 459 2905 σχῆμα.
493 2831 765 2884 Τοσοῦτον
818 2824 877 2881 δὲ
923 2826 1140 2899 γέγονεν
1194 2824 1416 2898 εὐφυὴς,
1448 2823 1523 2885 ὡς
1553 2822 1643 2877 καὶ
1671 2821 1806 2884 τοὺς
1832 2824 1901 2877 τὰ

219 2930 556 3005 Ὠριγένους
613 2930 943 3004 φρονοῦντας
1018 2922 1265 2998 ἐλέγχειν
1333 2921 1424 2977 καὶ
1493 2920 1694 2984 πείθειν
1745 2919 1897 2974 εὐκό-

219 3020 367 3080 λως.
440 3016 677 3085 Πολλὴν
734 3012 792 3069 δὶ
848 3010 1251 3086 ἐπιδειξάμενος
1304 3008 1527 3080 ἄσκησιν
1576 3010 1664 3063 καὶ
1698 3009 1902 3084 σκληρ-

218 3109 507 3184 αγωγίαν,
559 3107 652 3161 καὶ
704 3105 1069 3180 προορατικοῦ
1117 3101 1456 3177 χαρίσματος
1510 3098 1776 3170 ἀξιωθεὶς,
1826 3100 1900 3161 ὡς

210 3201 315 3254 καὶ
378 3198 517 3259 τοὺς
577 3193 841 3272 κρυφίους
892 3197 1000 3247 τῶν
1059 3191 1353 3266 ἀνθρώπων
1414 3185 1715 3262 λογισμοὺς
1744 3185 1901 3261 γινώ-

210 3310 403 3358 σκειν,
437 3288 533 3341 καὶ
572 3284 759 3358 πράως
816 3282 905 3336 καὶ
963 3279 1184 3355 ἡμέρως
1245 3279 1645 3351 ἀναμιμήσκειν
1677 3276 1894 3345 αὐτοὺς,

2026 703 2187 753 ctum
2218 699 2474 753 Marcum
2498 716 2603 770 per
2623 699 2885 756 diversas
2930 701 3106 757 urbes
3141 706 3435 775 traxisset,
3467 710 3679 779 qumsi-

2022 787 2103 840 vit
2132 786 2329 842 fabros
2351 788 2611 855 wrarios,
2633 789 2731 859 qui
2756 789 3153 846 instrumenta
3169 791 3243 846 ad
3277 796 3675 865 torquendum

2023 876 2326 931 caderent.
2358 876 2422 931 Id
2444 894 2592 948 opus
2623 894 2757 932 cum
2791 878 3452 950 Alphaaus,Alexander,
3486 890 3545 939 et
3570 888 3675 941 Zo-

2023 966 2209 1021 simus
2239 967 2519 1039 aggressi,
2551 967 2773 1022 ferrum
2805 969 2971 1023 nulla
3007 970 3236 1025 ratione
3268 972 3387 1043 igni
3416 976 3673 1032 emolliri

2022 1060 2081 1109 et
2110 1056 2300 1128 subigi
2328 1057 2552 1127 experti
2577 1058 2793 1128 saepius
2816 1066 3035 1128 essent,
3059 1060 3119 1114 in
3152 1060 3449 1116 Christum
3482 1064 3674 1118 credi-

2022 1142 2180 1210 dere,
2230 1145 2615 1216 damnatique
2662 1146 2874 1217 capitis
2923 1153 3065 1201 sunt
3112 1164 3233 1203 una
3275 1163 3409 1203 cum
3468 1156 3672 1206 sancto

2020 1235 2211 1288 Marco
2237 1250 2250 1287 :
2275 1234 2490 1305 quibus
2512 1234 2604 1305 adj
2617 1236 2778 1290 uncti
2800 1236 3193 1304 Nicon,Neon,
3215 1243 3273 1291 et
3297 1237 3671 1309 Heliodorus,
3768 1254 3775 1259 '

2021 1322 2120 1393 qui
2154 1322 2332 1377 ﬁdem
2364 1324 2578 1378 Christi
2610 1330 3015 1395 susceperant,
3041 1326 3295 1398 jugulati
3327 1326 3512 1383 fuere.

2575 1439 2815 1495 EODEM
2854 1440 3107 1495 MENSE.

2547 1580 2650 1638 Die
2674 1581 2955 1638 vicesima
2978 1598 3137 1640 nona

2019 1697 2112 1753 15
2187 1696 2636 1753 Commemoratio
2698 1697 2881 1753 sancti
2945 1700 3128 1754 Patris
3211 1701 3391 1755 nostri
3450 1702 3670 1771 Cyriaci

2662 1788 3023 1843 anachoreta.

2083 1930 2333 1986 Sanctus
2391 1932 2564 1986 Pater
2615 1936 2819 1986 noster
2874 1931 3152 2003 Cyriacus
3209 1933 3569 1990 anachoreta
3595 1951 3666 1990 ex

1937 2001 1983 2064 Β
2015 2019 2160 2073 urbe
2188 2019 2469 2074 Corintho
2502 2020 2633 2085 fuit,
2665 2001 2992 2074 Theodosio
3039 2023 3242 2092 Magno
3284 2022 3665 2092 imperatore,

2016 2108 2174 2163 illius
2223 2108 2467 2164 Joannis
2526 2108 2853 2179 presbyteri
2908 2108 3183 2163 Ecclesia)
3240 2110 3527 2164 Corinthi.
3562 2112 3666 2166 Hic

2013 2213 2148 2252 cum
2172 2196 2356 2269 gradu
2377 2196 2561 2252 lector
2584 2202 2760 2263 esset,
2781 2213 2984 2253 amore
3008 2197 3219 2252 Christi
3243 2214 3363 2268 pres
3385 2198 3663 2254 omnibus

2012 2286 2378 2351 incensus,et
2406 2286 2581 2342 saluti
2613 2304 2733 2342 sua)
2765 2286 3075 2341 consulere
3112 2286 3338 2354 volens,
3372 2288 3662 2343 mundum

2010 2378 2271 2448 reliquit,
2294 2394 2547 2449 eumque
2567 2383 2803 2433 secutus
2825 2383 2932 2432 est.
2954 2380 3123 2432 Anno
3148 2377 3306 2432 enim
3330 2383 3505 2433 natus
3521 2376 3662 2433 duo-

2011 2467 2309 2540 deviginti,
2348 2467 2814 2539 Hierosolymam
2854 2467 3033 2538 petit;
3063 2467 3162 2520 ubi
3194 2483 3325 2521 cum
3358 2466 3431 2521 ad
3460 2473 3663 2523 sancta

2010 2557 2140 2612 loca
2164 2563 2409 2624 orasset,
2433 2557 2493 2611 in
2518 2556 2745 2611 lauram
2769 2557 2957 2610 sancti
2982 2557 3278 2628 Euthymii
3300 2573 3361 2611 se
3389 2556 3663 2624 contulit,

2009 2665 2043 2703 a
2074 2664 2191 2719 quo
2224 2663 2456 2702 sacrum
2497 2647 2923 2701 monachorum
2982 2645 3247 2700 habitum
3307 2647 3664 2717 suscipiens,

2011 2744 2131 2794 tam
2164 2744 2333 2794 aruto
2364 2738 2603 2809 ingenio
2627 2738 2861 2801 claruit,
2888 2744 2951 2792 ut
2973 2754 3094 2805 eos,
3119 2738 3217 2808 qui
3244 2755 3379 2792 cum
3411 2739 3664 2809 Origene

2010 2828 2319 2893 sentirent,
2352 2826 2753 2899 redargueret,
2789 2831 2846 2880 et
2883 2825 3055 2880 facile
3089 2826 3484 2882 convinceret.
3517 2831 3663 2883 Cum

2006 2934 2142 2972 vero
2176 2916 2364 2971 multa
2396 2932 2458 2971 se
2485 2916 2906 2970 exercitatione
2940 2920 2997 2970 et
3026 2916 3159 2969 vitas
3192 2916 3539 2970 austeritate
3572 2932 3666 2971 ex-

2007 3006 2312 3068 coluisset,
2344 3022 2410 3060 ac
2462 3005 2672 3076 spiritu
2721 3004 3067 3076 prophetico
3099 3004 3180 3059 ita
3212 3021 3245 3059 a
3276 3006 3392 3059 Deo
3425 3004 3662 3060 afﬂatus

2008 3102 2184 3165 esset,
2216 3101 2281 3149 ut
2306 3095 2397 3149 vel
2428 3094 2675 3149 occultis
2696 3094 3005 3149 hominum
3040 3094 3495 3166 cogitationibus
3526 3112 3663 3167 per-

2007 3186 2246 3259 spectis,
2281 3200 2513 3240 summa
2543 3201 2643 3238 eos
2675 3183 3133 3238 mansuetudine
3166 3189 3223 3237 et
3253 3185 3532 3238 comitate
3563 3185 3663 3239 ad-

2005 3280 2278 3330 moneret
2296 3291 2362 3329 ac
2394 3272 2775 3338 emendaret;
2818 3273 2879 3326 in
2924 3272 3217 3343 profunda
3246 3278 3549 3326 senectute
3581 3272 3656 3326 ad

209 3379 313 3433 καὶ
358 3381 435 3450 τῇ
487 3373 780 3447 διορθώσει
837 3369 1090 3448 ὠφελεῖν,
1141 3368 1190 3423 ἐν
1256 3366 1535 3443 βαθυτάτῳ
1583 3366 1728 3440 γήρᾳ
1757 3365 1889 3439 πρὸς

2007 3364 2344 3429 Dominum,
2370 3362 2539 3434 cujus
2562 3376 2762 3415 amore
2789 3359 2861 3414 ab
2890 3359 3141 3414 infantia
3161 3360 3456 3431 flagrarat,
3483 3359 3655 3415 laetus

212 3471 460 3542 Κυριον,
494 3462 558 3519 δν
591 3461 653 3517 ἐκ
706 3459 939 3538 βρέφους
994 3458 1282 3529 ἐπόθησεν,
1334 3452 1638 3528 ἐξεδήμησε
1685 3453 1894 3529 χαίρων

210 3558 311 3611 καὶ
345 3551 767 3629 ἀγαλλόμενος.

793 3681 978 3737 MHNI
1017 3680 1110 3757 To
1147 3678 1345 3756 arra.

1043 3803 1101 3851 Λ.

224 3921 453 3992 Μνήμη
484 3919 586 3973 τοῦ
615 3916 770 3992 ἁγίου
808 3911 1207 3989 ἱερομάρτυρος
1256 3909 1561 3986 Γρηγορίου
1600 3908 1899 3965 ἐπισκόπου

703 4010 806 4073 τῆς
850 4000 1092 4075 μεγάλης
1118 3995 1432 4075 Ἀρμενίας.

300 4152 364 4209 Ὀ
419 4147 754 4221 ἱερομάρτυς
811 4144 902 4199 καὶ
959 4140 1271 4202 πολύαθλος
1338 4140 1665 4215 Γρηγόριος,
1726 4138 1897 4214 ὑπῆρ-

228 4260 325 4316 χεν
388 4238 482 4293 ἐπὶ
549 4243 653 4305 τῆς
722 4232 1001 4310 βασιλείας
1066 4228 1487 4300 Διοκλητιανοῦ,
1555 4230 1768 4316 Πάρθος
1830 4229 1894 4284 τὸ

220 4329 407 4401 γένος,
468 4326 739 4399 συγγενὴς
795 4326 893 4378 τοῦ
941 4328 1042 4391 τῆς
1098 4317 1392 4395 Ἀρμενίας
1437 4315 1728 4393 βασιλέως.
1761 4319 1899 4393 Χρι-

226 4416 449 4479 στιανός
500 4414 561 4470 δέ
604 4412 700 4486 ὣν,
747 4412 1039 4489 κρατηθεὶς
1088 4411 1234 4482 παρὰ
1278 4404 1604 4482 Τηριδάτου,
1662 4406 1751 4461 καὶ
1804 4406 1892 4461 αὖ.

222 4513 322 4562 τοῦ
358 4504 640 4582 βασιλέως
696 4500 1006 4579 ’Δρμενίας,
1065 4497 1280 4559 πολλὰς
1321 4496 1575 4570 ὑπέμεινε
1597 4496 1888 4569 τιμωρίας,

226 4598 476 4671 μάλιστα
511 4594 799 4667 μαθόντος,
852 4592 935 4646 ὅτι
984 4589 1099 4651 υἱός
1146 4588 1256 4643 ἐστι
1304 4591 1400 4642 τοῦ
1446 4587 1535 4641 τὸν
1569 4587 1773 4658 πατέρα
1806 4584 1893 4640 αὖ·-

224 4693 319 4741 2:5
352 4684 874 4758 δολοφονεύσαντος.
910 4679 1007 4735 Διὰ
1058 4683 1224 4734 τοῦτο
1284 4673 1472 4748 δεσμεῖ
1500 4674 1664 4730 αὐτοῦ
1696 4680 1885 4751 χεῖρας

223 4778 313 4831 καὶ
346 4773 548 4835 πόδας·
598 4772 688 4828 καὶ
738 4771 815 4833 εἲς
847 4768 1049 4824 λάκκον
1110 4765 1275 4843 βαθὺν
1311 4760 1556 4821 ἐνέϐαλεν
1590 4764 1882 4836 πεπληρω.

231 4868 396 4938 μένον
449 4863 658 4934 θηρίων
702 4860 791 4914 καὶ
847 4861 1105 4931 ἑρπετῶν·
1166 4855 1218 4909 έν
1279 4855 1325 4927 ᾧ
1374 4851 1641 4926 διέτριψεν
1674 4846 1767 4921 ἔτη
1804 4849 1884 4906 δε-

224 4955 485 5018 καπέντε,
518 4948 842 5026 τρεφόμενος
898 4944 1076 5022 κρύφα
1126 4943 1272 5017 παρὰ
1327 4943 1509 5016 χήρας
1564 4942 1710 5003 τινὸς
1757 4941 1884 5014 Χρι-

226 5049 479 5110 πιανῆς.
544 5039 666 5094 Κατ’
724 5036 1037 5108 οἰκονομίαν
1096 5030 1155 5088 δὲ
1212 5034 1370 5098 Θεοῦ,
1424 5034 1523 5083 τοῦ
1570 5026 1881 5104 Τηριδάτου

222 5130 768 5209 παραφρονήσαντος,
826 5125 916 5180 καὶ
972 5125 1069 5185 τὰς
1129 5122 1329 5196 σάρκας
1385 5119 1553 5209 αὐτο-υ
1608 5118 1882 5209 κατατρώ-

224 5201 446 5297 γοᾲτοὲ,
509 5216 595 5272 καὶ
658 5215 792 5288 μετὰ
845 5217 955 5268 τῶν
1003 5210 1211 5286 χοίρων
1263 5208 1314 5263 ἐν
1361 5212 1477 5268 τοῖς
1510 5201 1656 5281 ὄρεσι
1692 5205 1882 5279 βοσκο-

227 5294 417 5385 μένου,
478 5304 612 5363 εἶδεν
670 5304 929 5361 ὀπτασίαν
988 5304 1024 5372 ἡ
1077 5297 1287 5374 ἀδελφὴ
1346 5295 1530 5366 αὐτοῦ,
1567 5294 1875 5368 μηνύουσαν

225 5405 387 5475 αὐτῇ,
420 5400 507 5456 ὅτι
538 5398 581 5453 εἰ
615 5398 694 5470 μὴ
742 5394 952 5468 ἐξέλθοι
1007 5390 1314 5467 Γρηγόριος
1359 5391 1455 5442 τοῦ
1513 5385 1740 5475 λάκκου,
1776 5388 1880 5455 Τη-

225 5470 449 5565 ριδάτης
510 5488 618 5562 οὐχ
674 5485 921 5562 ὑγιαίνει.
982 5478 1246 5553 Ἐξελθὼν
1300 5476 1417 5546 οὖν,
1476 5470 1731 5530 έόάπτισε
1770 5475 1878 5565 ,τὸν

227 5564 564 5654 Τηριδάτην,
618 5573 707 5631 καὶ
759 5574 960 5634 πάντας
1010 5569 1137 5631 τοὺς
1171 5569 1259 5623 ὑπ’
1301 5566 1477 5623 αὐτόν.
1510 5566 1610 5621 Καὶ
1653 5564 1876 5637 γενόμε-

227 5694 309 5735 νος
340 5660 665 5732 ἐπίσκοπος,
716 5664 806 5720 καὶ
848 5660 1064 5721 πολλὰς
1110 5655 1442 5726 Ἐκκλησίας
1472 5654 1878 5725 συστησάμενος

230 5760 303 5817 ἐπ’
331 5760 563 5835 ὀνόματι
594 5757 837 5832 Χριστοῦ
856 5752 945 5807 καὶ
974 5753 1083 5805 τῶν
1114 5746 1310 5823 ἁγίων,
1341 5743 1658 5813 ἐτελειώθη.

2000 3456 2057 3506 et
2085 3449 2350 3523 gaudens
2381 3449 2671 3521 migravit.

2559 3680 2800 3736 EODEM
2838 3679 3091 3737 MENSE.

2605 3796 2707 3852 Die
2739 3795 3047 3869 trigesima

2004 3920 2102 3976 70
2159 3916 2625 3988 Commemoratio
2670 3914 3007 3988 sacrosancti
3063 3915 3325 3988 martyris
3372 3913 3652 3988 Gregorii,

2388 3987 2631 4057 episcopi
2685 4001 2897 4055 magna:
2953 3986 3249 4041 Armeniae.

2072 4102 2408 4174 Gregorius,
2448 4104 2847 4170 sacromartyr
2877 4115 2944 4154 ac
2977 4099 3292 4170 multiplici
3324 4101 3650 4155 certamine

1998 4191 2271 4261 illustris,
2304 4189 2670 4244 Diocletiano
2726 4188 3084 4258 imperatore
3143 4187 3364 4252 ﬂoruit,
3398 4188 3650 4243 Parthus

1996 4298 2233 4356 genere,
2265 4278 2635 4351 propinquus
2680 4277 2973 4330 Armenia:
3024 4276 3199 4346 regis.
3256 4275 3399 4329 Cum
3449 4281 3647 4329 autem

1997 4370 2366 4427 Christianus
2392 4372 2569 4432 esset,
2596 4364 3062 4435 comprehensus
3093 4380 3127 4417 a
3156 4362 3433 4429 Tiridate,
3458 4363 3559 4432 qui
3591 4367 3650 4416 et

1996 4463 2121 4533 ipse
2154 4457 2448 4513 Armenia;
2476 4472 2576 4509 rex
2598 4459 2743 4518 erat,
2769 4451 2973 4506 multis
2992 4450 3364 4505 excruciatur
3392 4457 3651 4507 tormen-

1996 4552 2104 4606 tis:
2138 4547 2468 4619 praasertim
2516 4559 2652 4596 cum
2709 4558 2844 4595 eum
2904 4540 3273 4611 cognovisset
3323 4557 3453 4597 esse
3485 4542 3646 4598 illius

1997 4640 2206 4704 ﬁlium,
2241 4634 2343 4707 qui
2376 4638 2601 4705 patrem
2636 4646 2807 4685 suum
2842 4628 2978 4684 dolo
3010 4629 3408 4686 interfecerat.
3440 4632 3649 4697 Quam-

1914 4722 1958 4787 D
1992 4729 2196 4784 obrem
2230 4740 2363 4779 eum
2394 4720 2667 4776 manibus
2724 4718 3092 4791 pedibusque
3145 4721 3553 4787 constrictum,
3586 4722 3647 4776 in

1992 4814 2351 4892 profundum
2384 4813 2577 4867 lacum
2610 4810 2751 4865 feris
2783 4815 2840 4864 et
2860 4809 3233 4881 serpentibus
3267 4810 3511 4881 plenum
3543 4811 3647 4866 de—

1984 4910 2152 4983 jecit,
2186 4907 2247 4961 in
2279 4920 2395 4975 quo
2422 4918 2611 4957 annos
2639 4899 2981 4972 quindecim
3032 4899 3271 4964 mansit,
3306 4900 3643 4955 Christiana

1992 4997 2251 5070 quadam
2280 4992 2455 5047 vidua
2485 4990 2688 5044 furtim
2721 4988 2770 5041 ei
2806 4987 3091 5041 alimenta
3131 4987 3641 5043 subministrante.

1991 5090 2205 5143 Verum
2236 5083 2436 5138 divina
2464 5080 2684 5134 factum
2734 5082 2825 5130 est
2873 5075 3263 5146 providentia,
3296 5082 3360 5131 ut
3388 5077 3644 5132 Tiridate

1989 5175 2224 5233 insania
2252 5174 2545 5239 correpto,
2578 5180 2835 5235 suasque
2874 5180 3084 5218 carnes
3133 5165 3405 5233 esitante,
3439 5169 3498 5220 et
3524 5182 3644 5221 una

1988 5282 2125 5323 cum
2156 5260 2351 5334 porcis
2372 5259 2434 5311 in
2455 5254 2757 5311 montibus
2782 5258 3085 5324 pascente,
3104 5269 3272 5307 soror
3292 5254 3421 5323 ejus
3445 5270 3549 5324 per
3568 5255 3646 5309 vi-

1989 5357 2218 5412 sionem
2249 5346 2552 5404 admonita
2592 5343 2790 5407 fuerit,
2827 5342 2943 5396 nisi
2994 5342 3308 5413 Gregorius
3338 5359 3369 5397 e
3398 5343 3530 5398 lacu
3555 5343 3643 5399 di-

1988 5446 2341 5502 mitteretur,
2364 5433 2684 5490 Tiridatem
2707 5446 3013 5500 nunquam
3046 5437 3318 5486 sanatum
3348 5432 3442 5487 iri.
3461 5433 3645 5503 Igitur

1987 5535 2234 5590 eductus
2266 5544 2295 5581 e
2328 5525 2460 5580 lacu
2508 5520 2844 5592 Gregorius,
2878 5518 3196 5572 Tiridatem
3238 5537 3373 5574 cum
3405 5520 3643 5574 omibus

1985 5628 2116 5697 ejus
2146 5616 2357 5676 ditioni
2398 5612 2682 5682 subjectis
2723 5609 3071 5679 baptizavit;
3125 5615 3183 5661 et
3213 5610 3527 5679 episcopus
3557 5610 3645 5661 fa-

1984 5723 2135 5780 ctus,
2185 5705 2508 5774 multisque
2564 5699 2846 5755 Ecclesiis
2901 5697 3117 5751 Christi
3178 5703 3639 5765 sanctorumque

1983 5800 2218 5864 nomini
2247 5792 2484 5861 erectis,
2506 5790 2686 5845 vitam
2716 5785 2925 5843 ﬁnivit.
