4042 6206
454 472 542 531 79
1786 472 2216 537 MENOLOGII
2263 477 2469 541 PARS
2513 482 2562 542 I.
3422 452 3427 457 ’
3778 488 3851 548 so

1114 605 1335 662 Eodem
1366 606 1462 663 die
2135 607 2193 675 Α

466 697 505 751 ’1
519 697 557 751 7
582 696 867 753 Certamen
886 701 1204 822 sanctarutm
1227 703 1537 781 martyrum
1556 696 2113 766 Ripsimizﬁaim.

1107 784 1135 821 e
1184 783 1473 822 socwrum.

1107 783 1159 822 et
1184 783 1473 823 εοοιοτιιηι.

532 854 822 927 Bipsimia
842 860 1087 927 martyr,
1112 859 1171 909 et
1200 855 1437 922 Gaiana,
1462 854 1523 909 in
1548 853 1790 923 regione
1816 853 2112 910 Armenia

463 944 718 1017 virgines
751 949 811 999 et
839 942 1322 999 sanctimoniales
1347 941 1590 997 fuerunt
1613 956 1627 995 :
1662 946 1719 995 et
1747 940 1969 996 Gaiana
1989 942 2114 1012 qui-

464 1032 600 1088 dem
631 1049 818 1100 anus;
852 1031 1137 1103 Ripsimia
1190 1046 1323 1086 vero
1384 1029 1847 1098 adolescentula,
1878 1030 2112 1102 generis

463 1122 796 1187 nobilitate,
829 1127 887 1175 et
916 1119 1132 1175 eximia
1161 1118 1425 1189 corporis
1456 1119 1653 1189 specie
1682 1117 1863 1175 clara.
1896 1120 2108 1185 Quam-

461 1212 668 1267 obrem
687 1209 995 1275 Tiridates,
1015 1207 1249 1279 cognita
1264 1206 1427 1262 illius
1444 1207 1909 1278 pulchritudine,
1927 1208 2113 1279 impo-

459 1301 607 1355 tenti
639 1303 846 1369 captus
878 1313 1101 1365 amore,
1129 1295 1621 1366 comprehensam
1659 1297 1734 1353 ad
1782 1296 2107 1354 nefandum

458 1388 731 1460 adigebat
767 1386 1129 1457 amplexum.
1187 1385 1299 1439 Sed
1354 1385 1565 1455 factus,
1622 1385 1838 1442 Christi
1870 1388 2105 1457 virtute,

455 1478 570 1530 voti
601 1476 692 1531 sui
721 1477 935 1547 impos,
964 1491 1215 1530 mmrore
1237 1474 1447 1546 jacuit,
1482 1480 1763 1546 tanquam
1812 1480 2104 1532 mortuus.

458 1566 730 1621 Sanctam
762 1569 962 1620 autem
990 1564 1318 1637 fugientem
1367 1565 1622 1619 assecuti
1663 1564 1908 1635 milites,
1934 1566 2101 1621 Chri-

2813 618 2888 689 Τῇ
2928 614 3065 689 αὐτῇ
3092 617 3275 689 ἡμέρᾳ

2216 695 2484 767 ’Άθλησις
2533 704 2642 756 τῶν
2699 703 2871 780 ἁγίων
2960 704 3272 780 μαρτύρων,
3322 706 3640 780 ΑῬιψιμίας,
3696 713 3842 764 Γαια-

2603 780 2721 845 νῆς,
2748 774 2843 831 καὶ
2870 774 2971 844 τῆς
2997 774 3242 840 συνοδίας
3274 774 3472 835 αὐτῶν.

2287 858 2350 915 Ἡ
2413 862 2624 933 μάρτυς
2682 864 2938 938 Ῥιψιμία
2995 864 3087 920 σὺν
3172 868 3241 938 τῇ
3327 871 3555 942 Γαΐανῇ,
3610 869 3838 946 ὑπῆρχον

2211 949 2470 1021 παρθένοι
2524 952 2613 1006 καὶ
2675 956 3006 1025 μονάζουσαι
3065 954 3116 1010 έν
3181 960 3252 1031 τῇ
3313 957 3474 1032 χώρᾳ
3550 957 3837 1031 ’Δρμενίας.

2212 1038 2317 1093 Καὶ
2374 1042 2408 1108 ἡ
2472 1040 2565 1113 μὶν
2622 1044 2823 1111 Γαΐανὴ
2881 1045 2946 1113 ἧν
3005 1050 3190 1118 γραῦς·
3253 1048 3288 1116 ἡ
3349 1043 3407 1101 δὶ
3462 1047 3707 1120 Ῥιψιμία
3741 1048 3839 1122 νέα,

2211 1123 2435 1200 εὐγενὴς
2485 1130 2572 1184 καὶ
2624 1127 2916 1209 εὔμορφος.
2971 1133 3169 1197 Μαθὼν
3228 1131 3285 1189 δὲ
3337 1136 3458 1211 περὶ
3502 1140 3600 1190 τοῦ
3627 1136 3842 1200 κάλλους

2210 1215 2802 1293 αὐήςὸτηριδάτης,
2858 1219 3070 1297 ἐγένετο
3127 1222 3179 1278 ἐν
3235 1222 3497 1298 ἐπιθυμίᾳ
3552 1224 3839 1291 αὐτῆςοκαὶ

2208 1304 2555 1377 ἀπουτείλας,
2641 1310 2729 1365 καὶ
2815 1314 3089 1387 κρατήσας
3172 1314 3363 1383 αὐτὴν,
3426 1310 3669 1385 ἐϐιάζετο
3719 1317 3843 1392 πρὸς

2209 1393 2463 1466 ἀθέμιτον
2501 1395 2663 1468 μίξιν,
2723 1400 2813 1467 Μή
2865 1397 3287 1476 περιγενόμενος
3346 1399 3404 1457 δὶ
3451 1402 3637 1473 αὐτῆς,
3666 1407 3728 1477 τῇ
3753 1408 3843 1459 τοῦ

2206 1482 2440 1556 Χριστοῦ
2524 1481 2772 1559 δυνάμει,
2848 1488 3112 1560 λυπηθεὶς
3190 1486 3387 1559 ἔκειτο,
3463 1492 3593 1547 ὡσεὶ
3649 1493 3843 1567 νεκρὸς.

2207 1569 2577 1648 Έκφυγοῦσαν
2612 1571 2669 1630 Si
2697 1577 2797 1646 τήν
2836 1577 2985 1653 ἁγίαν
3044 1576 3429 1653 ἐπιδιώξαντες
3488 1582 3540 1636 οἱ
3594 1587 3847 1657 στρατιῶ-

455 1658 614 1710 stum
643 1654 918 1726 abjurare
942 1653 1281 1726 impellunt.
1306 1653 1472 1719 Quod
1492 1669 1629 1710 cum
1652 1654 1758 1711 illa
1788 1655 1980 1712 facere
2003 1654 2093 1711 de-

2206 1678 2313 1731 ται,
2344 1661 2435 1715 καὶ
2485 1662 2803 1736 φθάσαντες,
2860 1665 3169 1742 ἠνάγκασαν
3229 1668 3564 1744 ἀρνήσασθαι
3604 1653 3693 1727 τόν
3719 1677 3846 1747 Χρι-

452 1747 750 1809 trectaret,
786 1742 1051 1798 discissis
1101 1742 1230 1814 ejus
1278 1742 1559 1812 vestibus,
1610 1743 1927 1816 ligatisque
1971 1747 2093 1817 post

2206 1748 2352 1803 στόν.
2414 1748 2511 1804 Καὶ
2572 1752 2647 1825 μή
2707 1754 3042 1827 πεισθείσης,
3097 1742 3379 1834 διέρρηξαν
3425 1759 3593 1828 αύτῆς
3620 1742 3842 1833 τὰἱμά-

451 1837 682 1904 tergum
730 1831 1030 1897 manibus,
1083 1832 1347 1904 linguam
1406 1831 1459 1886 ei
1518 1833 1869 1904 praecidunt,
1902 1833 2093 1889 oculos

2206 1855 2313 1923 τια.
2375 1836 2472 1892 Καὶ
2526 1840 2622 1902 τὰς
2677 1847 2869 1917 χεῖρας
2927 1843 3102 1901 ὀπίσω
3160 1831 3434 1917 δήσαντες,
3468 1849 3570 1918 τὴν
3600 1831 3842 1923 γλῶσσαν

453 1919 762 1990 effodiunt,
791 1926 850 1976 et
877 1937 1091 1991 corpus
1121 1921 1182 1975 in
1210 1921 1404 1993 ignem
1434 1921 1732 1993 injiciunt.
1761 1922 1944 1978 Paulo
1969 1927 2093 1994 post

455 2008 645 2038 n‘nr‘:n
680 2026 824 2038 ,ην-..η
860 2009 1117 2038 -ΑᾹᾹζᾹει
1151 2009 1407 2038 ...κεν-..ΑΜ
1438 2027 1450 2038 .
1504 2015 1558 2038 ιιι
1608 2026 1737 2038 ,ιη-ν.
1774 2027 1834 2038 Α..
1871 2017 2072 2038 ...Α-ιι..-

2208 1921 2497 1997 ἀπέτεμον,
2553 1927 2644 1981 καὶ
2719 1928 2847 1992 τοὺς
2930 1930 3252 2009 ὀφθαλμοὺς
3308 1919 3731 2011 ἐξώρυξανίκαὶ
3780 1938 3843 1993 τὸ

2213 2016 2365 2038 __._____
2433 2016 2559 2038 μί-
2682 2017 2695 2038 ,
2841 2023 2866 2035 ..
2970 2019 2984 2038 .
3030 2017 3082 2038 ,ο
3123 2021 3142 2038 ς
3325 2025 3354 2038 η
3583 2026 3597 2038 ι
3796 2027 3810 2038 -

452 2008 647 2082 gladio
678 2026 831 2065 caesa
859 2009 1120 2065 reddidit
1148 2009 1411 2065 animam
1437 2027 1450 2065 :
1502 2015 1561 2065 et
1606 2026 1742 2066 cum
1772 2027 1841 2067 ea
1869 2017 2093 2083 septua-

2208 2016 2389 2102 σῶμα,
2424 2016 2592 2084 αὐτῆς
2652 2017 2728 2080 εἰς
2798 2023 2903 2095 πῦρ
2964 2008 3241 2078 ἐνέϐαλον·
3303 2008 3423 2081 εἶτα*
3469 2026 3608 2081 κατᾶ
3665 2027 3847 2102 μικρὸν

449 2099 614 2171 ginta
643 2098 749 2153 viri
781 2099 1123 2166 Christiani,
1148 2105 1207 2154 et
1227 2099 1466 2171 triginta
1486 2098 1617 2155 dum
1647 2099 1888 2155 femina)
1918 2101 2093 2157 inter

2206 2105 2319 2163 τοῖς
2378 2101 2547 2180 ξίφεσι
2612 2108 2920 2179 κοπτομένη
2980 2107 3265 2183 παρέδωκε
3318 2113 3421 2181 τὴν
3491 2098 3694 2188 ψυχήν.
3750 2098 3846 2169 Καὶ

451 2188 633 2259 empti
665 2193 822 2243 sunt.
879 2190 953 2242 At
1003 2193 1208 2243 sancta
1243 2188 1482 2256 Gaiana,
1516 2189 1780 2245 detracta
1806 2190 1971 2261 prius
2004 2191 2093 2248 τε

2206 2187 2296 2244 σὺν
2330 2190 2467 2265 αὐτῇ
2526 2192 2791 2257 ἀπέθανον
2846 2193 3036 2270 ἄνδρες
3094 2201 3415 2273 Χριστιανοὶ
3455 2187 3845 2275 ἑϐδομήκοντα,

451 2294 482 2332 e
531 2292 777 2347 corpore
836 2280 957 2331 toto
1014 2276 1195 2347 pelle,
1254 2277 1639 2348 contusisque
1670 2294 1810 2334 saxo
1844 2278 2093 2351 ossibus,

2206 2276 2291 2365 καὶ
2349 2284 2597 2353 γυναῖκες
2654 2281 3074 2357 τριακονταδύο.
3127 2287 3190 2342 ’Π
3246 2285 3303 2342 δὲ
3366 2288 3491 2365 άγία
3541 2290 3736 2361 Γαΐανή
3783 2293 3845 2347 τὸ

449 2367 639 2439 capite
688 2365 1026 2422 damnatur.

2206 2361 2375 2441 δέρμα
2428 2371 2526 2422 τοῦ
2568 2370 2834 2453 ,σώματος
2890 2369 3026 2429 ὅλου
3082 2372 3386 2453 ἐκδαρεῖσα,
3414 2361 3536 2433 γκαὶ
3585 2379 3751 2442 Λίθοις
3780 2382 3847 2436 τὰ

2201 2454 2333 2510 ὁστᾶ
2361 2452 2724 2534 συντριϐεῖσα,
2757 2459 2929 2524 οὕτως
2959 2452 3251 2537 ἀπετμήθη
3282 2466 3382 2535 τὴν
3414 2466 3677 2542 κεφαλήν.

2495 2578 2819 2673 ΜΗΝΙ
2911 2580 3563 2678 ΟΚΤΩΒΡΙΩ

2806 2730 2891 2787 Ἐν
2939 2735 3008 2806 τῇ
3050 2734 3245 2809 πρώτη

2198 2838 2464 2911 Ἀθλησις
2527 2846 2625 2898 τοῦ
2684 2843 2844 2972 ἁγίου
2921 2846 3319 2923 ἱερομάρτυρος
3397 2850 3487 2905 καὶ
3544 2850 3851 2909 ἀποστόλου

2556 2915 2713 2971 Ἀναν
2744 2936 2830 2972 ου.
2853 2916 3153 2972 ἐπισκόπου
3184 2926 3496 2972 Δαμασκοῦ-

2556 2915 2830 2987 Ἀνανίου,
2853 2915 3153 2974 ἐπισκόπου
3184 2915 3496 2990 Δαμασκοῦ.

1102 2734 1207 2792 Die
1248 2736 1444 2808 prima

450 2857 489 2910 ’1
502 2855 551 2911 ο
577 2853 665 2910 Ger
680 2859 859 2910 tamen
880 2852 1214 2911 sacrosancti
1231 2854 1495 2924 martyris
1510 2859 1562 2908 et
1581 2853 1819 2925 apostoli
1832 2854 2095 2925 Ananie,

1003 2926 1244 2995 episcopi
1266 2925 1537 2980 Damasci.

514 3041 797 3109 Ananiae,
831 3040 1047 3097 Christi
1076 3046 1300 3112 martyr
1323 3045 1382 3095 et
1408 3040 1737 3113 apostolus,
1768 3041 2093 3116 discipulus

2270 3028 2523 3098 Ανανίας,
2576 3031 2605 3085 ὁ
2660 3036 2759 3087 τοῦ
2809 3035 3042 3109 Χριστοῦ
3114 3038 3321 3109 μάρτυς
3376 3037 3467 3093 καὶ
3525 3037 3853 3112 ἀπόστολος,

439 3146 790 3204 magnorum
810 3128 1216 3203 apostolorum
1236 3129 1391 3185 Petri
1417 3135 1475 3184 et
1493 3130 1767 3203 Andreae,
1787 3131 2093 3189 ordinatus

2206 3117 2417 3192 ὑπῆρχε
2464 3118 2560 3192 μὶν
2622 3122 2874 3193 μαθητὴς
2920 3127 3030 3177 τῶν
3090 3124 3340 3201 μεγάλων
3395 3127 3715 3185 ἀποστόλων
3749 3129 3852 3185 Πέ-

436 3228 528 3279 est
552 3222 625 3279 ab
654 3222 869 3277 iisdem
894 3221 1059 3276 urbis
1082 3222 1352 3277 Damasci
1378 3221 1711 3293 episcOpus.
1731 3222 1874 3277 Cum
1896 3230 2093 3279 autem

2206 3226 2328 3294 τρου
2406 3209 2495 3262 καὶ
2579 3208 2854 3285 Ἀνδρέου·
2940 3212 3333 3287 ἐχειροτονήθη
3398 3214 3453 3272 δὲ
3500 3219 3626 3294 παρ’
3677 3218 3849 3275 αὐτῶν

432 3313 496 3372 in
540 3310 746 3368 eadem
795 3309 942 3365 urbe
994 3316 1347 3376 versaretur,
1398 3310 1781 3381 audissetque
1813 3311 2085 3380 Paulum,

2206 3293 2497 3385 ἐπίσκοπος
2525 3300 2625 3367 τῆς
2670 3299 2887 3362 πόλεως
2937 3303 3247 3375 Δαμασκοῦ.
3281 3293 3587 3382 Διατρίϐων
3616 3304 3673 3362 δὲ
3701 3308 3753 3362 έν
3782 3312 3850 3383 τῇ

434 3406 560 3456 tum
582 3398 860 3455 Ecclesiae
883 3397 1098 3453 Christi
1122 3403 1587 3469 persecutorem,
1607 3400 1807 3454 venire
1826 3399 2093 3457 Hieroso.

2206 3383 2336 3459 αὐτῇ
2367 3383 2526 3440 πόλει
2578 3387 2669 3441 καὶ
2731 3390 2936 3461 μαθὼν,
2995 3389 3077 3445 ὅτι
3136 3394 3565 3457 Παῦλοςὸτότε
3617 3393 3855 3467 διώκτης

432 3489 609 3562 lymis
640 3493 707 3543 ut
755 3502 818 3542 se
862 3486 1424 3557 comprehenderet,
1456 3488 1652 3559 fugam
1685 3487 1950 3559 parabat.
1983 3488 2095 3544 Sed

437 3592 731 3649 apparens
763 3574 853 3629 illi
887 3574 1195 3642 Dominus,
1228 3574 1539 3645 imperavit
1566 3580 1632 3629 ut
1661 3577 2097 3646 consisteret,et

441 3663 692 3722 Paulum
722 3662 1063 3733 baptizaret,
1089 3662 1265 3732 eique
1288 3662 1479 3718 visum
1500 3664 1879 3719 restitueret:
1903 3682 2093 3721 caecus

439 3752 599 3809 enim
631 3752 695 3808 in
725 3752 938 3807 itinere
979 3751 1170 3807 factus
1216 3752 1431 3820 fuerat,
1479 3769 1613 3809 cum
1657 3752 1861 3809 lumen
1893 3755 1946 3811 ei
1977 3756 2094 3811 cir-

434 3841 761 3907 cumfulsit,
795 3857 1021 3912 voxque
1053 3841 1154 3898 80
1212 3857 1243 3896 e
1300 3841 1527 3897 lumine
1566 3842 1807 3913 prodiit,
1841 3842 2086 3901 dicens:

432 3930 621 3996 Saule,
645 3932 784 4002 quid
798 3947 881 3986 me
890 3932 1238 4002 persequeris
1257 3933 1285 3985 ?
1312 3933 1429 4002 Ego
1448 3946 1569 3986 sum
1588 3934 1741 3987 Iesus
1764 3932 2008 3988 Christus
2028 3932 2052 3966 ⁴
2068 3951 2091 3997 ;

443 4020 549 4076 sed
579 4020 722 4075 vade
753 4018 826 4074 ad
860 4019 1175 4086 Ananiam,
1209 4024 1268 4074 et
1295 4019 1610 4091 baptizare,
1636 4025 1695 4074 et
1721 4020 1912 4075 visum
1943 4022 2095 4076 reci-

437 4109 585 4182 pies.
618 4110 763 4164 Cum
798 4108 977 4181 igitur
1024 4108 1287 4163 Ananias
1336 4108 1681 4162 mandatum
1712 4108 1945 4163 Domini
1974 4110 2091 4164 im-

430 4197 731 4270 plevisset,
766 4196 1009 4252 Saulum
1042 4195 1373 4267 baptizavit,
1405 4200 1631 4250 mutato
1664 4197 1908 4252 nomine
1939 4200 2089 4254 Pau-

426 4285 553 4342 lum
620 4302 757 4342 eum
817 4284 1148 4357 appellans.
1209 4284 1420 4339 Postea
1492 4284 1958 4354 comprehensus
2015 4285 2087 4341 ab

429 4376 788 4441 idololatria,
821 4376 895 4431 ad
927 4376 1253 4430 Lucianum
1298 4373 1647 4445 prmfectum
1693 4374 2025 4445 adducitur,
2056 4391 2092 4432 a

432 4482 550 4535 quo
582 4482 771 4521 cassus
804 4465 1090 4536 primum,
1123 4461 1339 4519 deinde
1381 4462 1442 4517 in
1490 4462 1776 4518 lateribus
1806 4463 2087 4537 depexus,

428 4558 731 4622 postremo
765 4558 931 4607 extra
960 4552 1173 4608 urbem
1224 4553 1471 4624 ejectus,
1510 4551 1809 4623 lapidibus
1838 4553 2087 4609 obrutus

426 4645 548 4696 est:
584 4656 839 4711 eumque
883 4641 1076 4697 vivere
1106 4640 1402 4708 desiisset,
1448 4641 1509 4696 in
1560 4640 1765 4696 eadem
1796 4642 1941 4698 urbe
1972 4644 2085 4698 Da-
2111 4682 2167 4749 υ

426 4743 615 4749 an“
658 4729 923 4749 “wn---

423 4743 624 4785 masco
654 4729 926 4801 sepultus
956 4730 1089 4785 fuit.

1074 4845 1297 4902 Eodem
1336 4845 1431 4901 die

422 4962 517 5019 8|
554 4962 840 5020 Certamen
869 4963 1050 5019 sancti
1090 4962 1350 5031 martyris
1389 4960 1695 5028 Michaelis,
1726 4967 1780 5017 et
1806 4964 2077 5019 sociorum

853 5035 1089 5104 triginta
1117 5048 1213 5088 sea:
1239 5031 1647 5087 monachorum.

493 5152 742 5207 Sanctus
757 5150 1004 5206 Michael
1022 5166 1157 5205 cum
1177 5149 1354 5204 sociis
1370 5148 1613 5221 triginta
1629 5165 1729 5204 sex
1742 5150 2077 5220 monachis,

420 5240 809 5295 Constantino
841 5245 901 5295 et
936 5241 1105 5294 [rene
1147 5237 1600 5308 imperantibus,
1634 5237 1961 5294 solitariam
1990 5240 2074 5294 vi-

421 5333 542 5383 tam
575 5328 785 5403 agebat
812 5328 874 5383 in
913 5327 1276 5382 monasterio
1317 5326 1574 5382 Sebastaa
1614 5327 1746 5381 urbi
1782 5328 2071 5400 proximo.

2198 3472 2297 3561 τῆς
2349 3471 2677 3545 Ἐκκλησίας
2729 3481 2826 3531 τοῦ
2879 3479 3136 3552 Χριστοῦ,
3189 3483 3510 3558 κατέρχεται
3550 3484 3656 3539 ἀπὸ
3684 3487 3852 3561 Ἰερο-

2199 3560 2481 3651 σολύμων,
2525 3566 2663 3632 πρὸς
2693 3566 2755 3619 τὸ
2784 3574 3048 3641 κρατῆσαι
3095 3569 3277 3638 αὐτὸν,
3329 3567 3606 3643 ἐϐουλήθη
3640 3560 3852 3651 φυγεῖν.

2197 3648 2357 3705 Ἀλλ’
2406 3652 2434 3706 ὁ
2494 3652 2690 3727 Κύριος
2761 3652 3105 3731 ἐμφανισθεὶς
3190 3657 3359 3731 αὐτῷ,
3418 3648 3711 3736 προσέταξε
3773 3664 3849 3735 μὴ

2198 3743 2408 3816 φυγεῖν,
2440 3738 2587 3796 ἀλλὰ
2638 3748 2968 3815 περιμεῖναι,
3027 3747 3117 3799 καὶ
3181 3747 3439 3822 βαπτίσαι
3481 3749 3665 3823 αὐτὸν,
3698 3748 3853 3813 ὅπως

2198 3823 2501 3917 άναϐλέψῃ.
2564 3830 2888 3909 Ἐτυφλώθη
2947 3834 3049 3909 γὰρ
3106 3835 3243 3890 κατὰ
3295 3839 3398 3905 τὴν
3458 3835 3602 3906 όδὸν,
3671 3841 3857 3917 φωτὸς

2196 3915 2609 3991 ἐπιλάμψαντος
2661 3918 2826 3991 αὐτῷ·
2886 3920 2976 3975 καὶ
3030 3930 3216 3999 φωνῆς
3273 3923 3597 3998 ἐξελθούσης
3652 3915 3711 3983 ἐκ
3753 3934 3855 3985 τοῦ

2196 4006 2398 4082 φωτὸς,
2455 4006 2545 4060 καὶ
2600 4007 2883 4078 εἰπούσης·
2939 4009 3139 4080 Σαῦλε,
3194 4012 3249 4068 τί
3313 4034 3380 4087 με
3439 4012 3697 4086 διώκεις;
3742 4018 3857 4093 ἐγώ

2196 4093 2310 4166 είμι
2344 4095 2554 4163 Ἰησοῦς
2609 4097 2636 4150 ὁ
2696 4097 2952 4170 Χριστός·
3008 4099 3134 4155 ἀλλ’
3191 4099 3444 4166 ἀπελθὼν
3501 4104 3641 4179 πρὸς
3691 4110 3858 4163 Ἀνα-

2193 4181 2332 4251 νίαν,
2395 4181 2743 4257 βαπτίσθητι,
2800 4185 2889 4239 καὶ
2943 4182 3292 4263 άναϐΛὲψεις.
3353 4194 3594 4262 Ποιήσας
3645 4192 3741 4248 οὗν
3792 4196 3859 4249 τὸ

2194 4268 2520 4346 πρόσταγμα
2590 4276 2688 4327 τοῦ
2765 4273 2973 4351 Κυρίου
3030 4277 3058 4331 ὁ
3118 4278 3388 4351 Ἀνανίας,
3448 4276 3707 4337 ἐϐάπτισε
3764 4283 3864 4338 τὸν

2196 4358 2427 4429 Σαῦλον,
2481 4362 2855 4434 μετονομάσας
2908 4364 3069 4420 αὐτὸν
3127 4366 3367 4427 Παῦλον.
3400 4369 3532 4427 Εἶτα
3560 4373 3864 4446 κρατηθεὶς

2192 4448 2338 4534 παρὰ
2391 4451 2498 4502 τῶν
2555 4447 2996 4528 εἰδωλολατρῶν,
3063 4458 3355 4532 προσήχθη
3426 4465 3715 4533 Λουκιανῷ
3779 4465 3867 4534 τῷ

2193 4533 2443 4610 ἄρχοντι.
2488 4537 2631 4621 ’Καὶ
2705 4543 2948 4617 τυφθεὶς,
3024 4542 3114 4598 καὶ
3172 4544 3268 4608 τὰς
3326 4545 3567 4621 πλευρὰς
3623 4533 3866 4620 ξεσθεὶςγ,

2189 4622 2347 4685 τέλος
2411 4619 2700 4696 ἐκϐληθεὶς
2773 4631 2872 4697 τῆς
2967 4629 3207 4704 πόλεως,
3278 4619 3676 4709 έλιθοϐολήθη.
3757 4640 3865 4693 Καὶ

2191 4710 2519 4786 τελειωθεὶς,
2553 4712 2722 4787 έταφη
2755 4716 2807 4771 ἐν
2838 4719 2977 4793 αὐτῇ
3007 4723 3076 4794 τῇ
3107 4719 3269 4777 πόλει
3301 4724 3594 4799 Δαμασκῷ.

2779 4838 2857 4908 Τῇ
2890 4833 3028 4910 αὖτῇ
3057 4835 3239 4914 ἡμέρᾳ

2186 4943 2454 5016 Ἀθλησις
2502 4949 2601 5001 τοῦ
2658 4946 3059 5029 ὁσιομάρτυρος
3115 4954 3373 5029 Μιχαὴλ,
3429 4958 3520 5013 καὶ
3580 4962 3692 5014 τῶν
3756 4959 3866 5017 σὺν

2715 5020 2872 5093 αὐτῷ
2899 5020 2977 5091 λζἲ
3020 5020 3303 5101 μοναχίῗόνξ

2254 5137 2315 5193 Ὀ
2347 5136 2497 5214 ἅγιος
2526 5137 2757 5213 Μιχαὴλ
2819 5141 2952 5213 μετὰ
3000 5147 3106 5199 τῶν
3163 5144 3254 5200 συν
3310 5148 3461 5220 αύτῷ
3487 5151 3868 5224 τριακονταὶξ

2187 5229 2464 5300 μοναχῶν,
2506 5226 2722 5301 ὑπῆρχε
2774 5228 2868 5301 μὲν
2928 5227 3017 5285 ἐπὶ
3069 5235 3167 5302 τῆς
3229 5235 3507 5309 βασιλείας
3540 5239 3869 5294 Κωνσταν-

2179 5312 2330 5402 τίνου
2383 5315 2471 5369 καὶ
2534 5315 2797 5402 Ιξὶρήνης·
2879 5317 3124 5395 ἡσύχαζε
3205 5320 3262 5377 δὲ
3318 5322 3372 5379 έν
3458 5326 3869 5402 μοναστηρίῳ,

2180 5400 2419 5474 πλησίον
2471 5398 2982 5470 Σεϐαστουπόλεως.
3034 5410 3456 5487 Ἐκστρατεύσας
3497 5410 3557 5470 δὲ
3586 5415 3615 5470 ὁ
3649 5398 3873 5489 Ἀλήνμ

2180 5493 2208 5547 ὁ
2238 5491 2454 5568 άμηρᾶς
2489 5496 2597 5547 τῶν
2629 5499 2960 5567 Σαρακηνῶν
3020 5500 3156 5555 κατᾶ
3217 5507 3320 5571 τῆς
3376 5501 3566 5578 χώρας
3595 5503 3873 5577 ἐκείνης,

2180 5580 2443 5657 ἐκράτησε
2514 5581 2641 5646 τοὺς
2713 5584 2917 5661 ἁγίους·
2996 5588 3086 5643 καὶ
3142 5588 3443 5665 ἠνάγκασεν
3499 5590 3879 5669 ἀρνήσασθαι

419 5418 565 5472 Cum
592 5435 726 5472 vero
762 5416 916 5471 Alim
947 5416 1377 5470 Saracenorum
1407 5432 1640 5471 ameras
1670 5416 2073 5474 incursionem

420 5506 481 5559 in
516 5506 680 5561 illam
713 5506 1013 5578 regionem
1044 5504 1285 5571 faceret,
1317 5510 1520 5575 captos
1552 5511 1787 5561 sanctos
1817 5507 2074 5578 compel-

421 5595 583 5651 lebat
608 5595 907 5650 Christum
938 5594 1253 5668 abnegare,
1297 5600 1355 5650 et
1403 5595 1885 5667 superstitionem
1921 5599 2071 5671 Aga-

488 5763 510 5795 ⁸
541 5763 662 5817 Act.
695 5775 773 5826 ιχ,
803 5760 858 5814 4.
