4030 6196
232 273 310 334 81

234 406 331 461 τὸν
390 407 628 480 Χριστὸν
691 408 783 461 καὶ
848 410 1175 483 μεγαρίσαι.
1235 411 1298 464 Ol
1366 407 1424 464 δὲ
1480 409 1619 464 ὅσιοι
1682 408 1998 482 ΗατέρεςΑ

242 496 343 550 ούκ
393 496 730 566 ἐπείσθησαν,
800 496 932 551 ἀλλ’
999 499 1332 568 ἀντέστησαν
1383 499 1551 570 αύτῷ,
1605 498 1914 570 ἐμπτύσαν-

248 607 333 650 τες
361 586 441 640 ιιαὲ
474 582 728 644 εἰπόντες·
794 587 870 640 Ού
932 583 1253 664 φοϐούμεθα
1315 588 1407 647 τὰς
1472 589 1756 663 βασανους,
1791 585 1914 641 οὐδὲ

255 679 308 732 τὸ
383 680 585 744 θέλημα
665 677 830 748 ὑμῶν
913 683 1206 750 πριοῦμεν,
1288 678 1647 752 ὑπαρχόντων
1702 676 1916 752 ἐχθρῶν

246 770 332 818 τοῦ
361 769 588 838 σταυροῦ
651 769 759 819 τοῦ
819 768 1090 840 Χριστοῦ.
1141 767 1316 824 Ἀλλὰ
1371 770 1782 838 καταπατοῦμεν
1816 766 1914 833 τὴν

244 856 383 924 ὑμῶν
443 853 746 926 ἀθεότητα,
808 856 1238 929 κραταιούμενοι
1290 861 1360 929 τῇ
1424 853 1647 929 δυνάμει
1687 859 1783 910 τοῦ
1823 863 1919 908 Δε-

238 943 432 996 σπότου
459 944 630 1015 ἡμῶν
697 944 887 1014 Ἰησοῦ
946 945 1207 1019 Χριστοῦ.
1273 944 1376 1002 Καὶ
1436 943 1648 1006 σταθιὶς
1681 943 1733 998 ἐν
1771 943 1919 1016 μέσῳ

237 1031 404 1084 αὖτῶν
440 1033 712 1107 Μιχαὴλ,
775 1035 803 1087 6
859 1035 1156 1095 ὁσιώτατος
1212 1034 1552 1109 ἡγούμενος,
1584 1031 1919 1107 παρεκάλεσε

234 1119 411 1175 πολλὰ
431 1121 566 1184 τοὸς
603 1123 910 1198 μοναχοὺς,
931 1128 1031 1177 τοῦ
1060 1125 1135 1196 μὴ
1169 1124 1509 1197 ἀρνήσασθαι
1539 1124 1631 1177 τὸν
1661 1122 1916 1194 Χριστὸν,

234 1209 323 1263 Καὶ
384 1209 540 1264 οὕτω
596 1212 799 1273 πάντες
856 1209 1320 1286 προθυμηθέντες,
1380 1216 1471 1266 καὶ
1529 1213 1917 1287 στηριχθέντες

230 1303 290 1371 τῇ
351 1296 698 1372 διδασκαλίᾳ
785 1301 972 1371 αὐτοῦ,
1058 1301 1338 1364 κλίναντες
1411 1303 1714 1374 προθύμως
1789 1299 1916 1362 τοὺς

231 1388 587 1462 τραχήλους,
622 1391 1160 1467 ἀπεκεφαλίσθησαν.
1220 1390 1324 1447 Καὶ
1375 1389 1608 1452 ἔσχατος
1640 1391 1854 1446 πάντων
1889 1391 1916 1444 6

236 1475 500 1538 πανόσιος
539 1476 804 1552 Μιχαὴλ,
839 1480 976 1556 ξίφει
1012 1478 1264 1555 πληγεὶς,
1300 1479 1618 1548 ὶτὲλειώθη.

829 1685 911 1757 Τῇ
962 1684 1098 1758 αὗτῇ
1141 1684 1342 1759 ἡμέρᾳ.

243 1801 450 1872 Μνήμη
532 1803 632 1852 τοῦ
711 1799 860 1855 ὁσίου
937 1801 1228 1873 Ῥωμανοῦ
1299 1805 1398 1856 τοῦ
1473 1804 1708 1872 ποιητοῦ
1809 1781 1996 1853 τῶνΒ

922 1873 1250 1930 κοντακίων,

311 1986 371 2042 Ὁ
447 1984 603 2046 ὅσιος
690 1986 994 2059 Ῥωμανὸς,
1056 1989 1274 2064 ὑπῆρχε
1343 1990 1436 2061 μέν
1509 1987 1620 2042 ἀπὸ
1697 1986 1919 2061 Συρίας,

246 2071 491 2135 διάκονος
521 2073 809 2151 τυγχάνων
855 2079 953 2145 τῆς
998 2077 1049 2131 έν
1099 2080 1330 2152 Βηρυτῷ
1373 2077 1536 2152 ἁγίας
1569 2076 1919 2147 Ἐκκλησίας·

251 2159 586 2218 Καταλαδὼν
665 2162 722 2219 δὲ
795 2167 897 2234 τήν
973 2167 1550 2224 Κωνσταντινούπολιν
1651 2167 1740 2222 ἐπὶ
1814 2171 1920 2219 τῶν

250 2255 468 2326 χρόνων
547 2254 902 2309 ’Δναστάσίου
977 2260 1077 2309 τοῦ
1155 2257 1444 2330 βασιλέως,
1515 2256 1756 2326 ἀπῆλθε,
1823 2254 1922 2308 καὶ

246 2338 539 2412 κατέμενεν
599 2341 652 2396 ἐν
712 2347 791 2414 τῷ
843 2349 957 2415 ναῷ
1011 2352 1112 2415 τῆς
1171 2346 1460 2421 ὑπεραγίας
1523 2345 1790 2401 Θεοτόκου
1851 2344 1926 2405 εἷς

245 2432 321 2484 τᾶ
392 2431 584 2506 Κύρου,
648 2433 788 2486 ὅπου
861 2433 951 2487 καὶ
1008 2435 1070 2488 τὸ
1130 2434 1377 2510 χάρισμα
1444 2440 1550 2489 τῶν
1620 2433 1923 2490 κοντακίων

244 2516 485 2588 ἐδέξατο.
558 2523 641 2576 ἐν
708 2516 976 2593 ἀϐλαϐείᾳ
1039 2523 1139 2598 γὰρ
1210 2521 1431 2598 διάγων,
1495 2525 1586 2578 καὶ
1640 2521 1923 2577 διανυκτε-

245 2607 440 2680 ρεύων,
469 2610 563 2663 καὶ
598 2607 896 2665 λιτανεύων
956 2610 1009 2666 έν
1062 2616 1130 2685 τῇ
1188 2612 1486 2688 παννυχίδι
1531 2618 1637 2667 τῶν
1675 2612 1925 2687 Βλαχερ-

250 2702 386 2763 νῶν,
452 2698 750 2774 ὑπέστρεφε
806 2698 973 2754 πάλιν
1036 2701 1112 2765 εἰς
1177 2702 1242 2756 τὰ
1301 2702 1499 2777 Κύρου.
1558 2704 1648 2758 Ἐν
1715 2706 1812 2774 μιᾷ
1871 2698 1942 2756 δῒ

252 2791 360 2838 τῶν
393 2791 634 2856 νυκτῶν,
693 2790 1030 2861 κοιμωμένῳ
1086 2791 1260 2862 αὐτῷ,
1311 2791 1474 2868 ἐφάνη
1510 2793 1628 2855 καθ’
1660 2790 1858 2853 ὕπνους
1898 2792 1926 2860 ἦ

255 2874 521 2950 ὖπεραγία
574 2875 866 2946 Θεοτόκος,
916 2880 1004 2934 καὶ
1059 2878 1304 2934 ἐπέδωκε
1349 2880 1518 2953 τόμον
1568 2881 1798 2955 χάρτου,
1839 2889 1929 2942 καὶ

248 2964 388 3018 εἷπε
445 2959 594 3019 Λάϐε
638 2965 731 3020 τὸν
784 2966 1018 3043 χάρτην,
1076 2969 1165 3023 καὶ
1219 2974 1495 3046 κατάφαγε
1542 2969 1722 3026 αὐτόν.
1777 2969 1929 3026 Ἐνό-

250 3072 410 3123 μισεν
473 3049 568 3104 οῦν
628 3053 656 3106 6
714 3053 864 3126 ἅγιος
921 3054 1125 3125 ἀνοῖξαι
1171 3057 1235 3112 τὸ
1283 3057 1481 3130 στόμα,
1526 3057 1617 3112 καὶ
1648 3063 1929 3112 καταπιεῖν

243 3141 341 3194 τὸν
374 3140 616 3215 χάρτην.
676 3145 741 3196 Ἦ
794 3139 851 3196 δὶ
908 3145 942 3211 ἡ
999 3145 1161 3218 ’ἑορτὴ
1221 3149 1329 3200 τῶν
1363 3147 1526 3220 ἁγίων
1556 3141 1920 3221 Χριστουγέν-
1952 3136 1995 3203 C

247 3251 381 3285 νων.
418 3229 525 3285 Καὶ
586 3227 782 3291 εὐθέως
843 3229 1078 3306 ἐγερθεὶς
1137 3233 1198 3287 ἐκ
1250 3239 1348 3288 τοῦ
1406 3233 1598 3304 ὕπνου,
1634 3235 1924 3306 ἐθαύμαζε,

252 3318 344 3371 καὶ
373 3313 597 3386 ἐδόξαζε
625 3317 716 3371 τὸν
776 3319 928 3375 Θεόν.
992 3321 1119 3376 Εἶτα
1175 3317 1378 3384 ἀναϐὰς
1427 3322 1502 3385 εἷς
1544 3325 1636 3378 τὸν
1671 3319 1922 3396 ἄμϐωνα,

255 3407 468 3479 ἤρξατο
544 3412 643 3462 τοῦ
717 3409 970 3482 ψάλλειν·
1042 3412 1104 3468 Ἡ
1180 3413 1446 3486 παρθένος
1515 3417 1757 3489 σήμερον
1831 3414 1923 3468 τὸν

264 3497 592 3570 ὑπιρούσιον
647 3497 840 3556 τίκτει.
902 3502 1140 3570 Ποιήσας
1197 3499 1254 3556 δὲ
1310 3503 1400 3557 καὶ
1465 3502 1661 3578 ἐτέρων
1723 3504 1923 3579 ἑορτῶν

260 3589 548 3657 κοντάκια,
581 3588 654 3649 ὡς
686 3587 807 3662 περὶ
851 3590 920 3644 τὰ
950 3589 1131 3664 χίλια,
1163 3593 1299 3666 πρὸς
1339 3595 1538 3668 Κύριον
1568 3591 1921 3666 ἐξεδήμησεν.

845 3705 932 3777 Τῇ
983 3704 1117 3780 αὐτῇ
1153 3707 1354 3781 ἡμέρᾳ-

492 3834 745 3905 Ἀθλησις
782 3840 879 3891 τοῦ
910 3837 1063 3913 ἁγίου
1099 3838 1370 3915 μάρτυρος
1415 3840 1708 3914 Δομνίνου.

340 3967 400 4023 '0
434 3967 590 4041 ἅγιος
623 3969 824 4043 μάρτυς
850 3975 1137 4043 Δομνῖνος,
1169 3973 1417 4048 ὑπῆρχεν
1440 3975 1545 4030 ἀπὸ
1575 3981 1677 4045 τῆς
1707 3974 1922 4039 πόλεως

268 4056 693 4126 Θεσσαλονίκης,
770 4061 1082 4132 Χριστιανὸς
1142 4058 1403 4132 εὐλαϐὴς,
1464 4064 1552 4119 καὶ
1627 4065 1718 4120 τὸν
1793 4066 1921 4120 Θεὸν

271 4141 636 4220 φοϐούμενος·
697 4152 800 4202 Τοῦ
859 4147 915 4204 δὶ
973 4153 1310 4224 Μαξιμιανοῦ
1367 4152 1618 4227 βασίλεια
1646 4157 1924 4225 κτίζοντος

270 4235 323 4288 ἐν
378 4234 770 4311 Θεσσαλονίκῃ,
831 4235 1179 4312 διαγνωσθεὴ
1233 4241 1306 4302 ὡς
1364 4243 1705 4318 Χριστιανὸς,
1766 4245 1926 4318 ἐκρα-

266 4326 430 4394 τήθη,
485 4326 575 4379 καὶ
636 4327 875 4400 παρέστη
935 4327 1100 4401 αύτῷ.
1162 4331 1260 4386 Καὶ
1321 4331 1461 4386 εἶπεν
1511 4333 1538 4387 6
1585 4335 1923 4406 Μαειμιανὸς

273 4415 385 4483 μετ’
417 4412 594 4487 ὀργῆς
622 4415 755 4488 πρὸς
788 4415 967 4471 αὐτόν·
1017 4422 1144 4480 Πῶς
1197 4417 1333 4492 ἐμοῦ
1381 4419 1606 4485 ἐνταῦθα
1635 4424 1923 4498 παρόντος,

271 4502 331 4555 σὺ
396 4503 614 4574 τολμᾷς
684 4504 1005 4578 Χριστιανὸν
1077 4508 1296 4561 σεαυτὸν
1372 4508 1759 4583 ἀνακηρύττειν
1839 4501 2008 4566 καὶο

272 4589 398 4678 τοὸς
431 4589 588 4653 θεοὺς
647 4591 1143 4671 ἀποστρεφόμενος,
1203 4593 1384 4670 ἕτερον
1436 4599 1563 4654 Θεὸν
1597 4599 1934 4678 ὁμολογεῖνς

272 4677 450 4734 Ἀλλὰ
481 4683 640 4741 θῦσον
697 4679 904 4751 αὐτοῖς,
965 4681 1012 4736 εἴ
1072 4681 1260 4758 βούλει
1322 4689 1502 4754 ζῆσαι.
1549 4690 1661 4742 Τοῦ
1692 4685 1749 4742 δὲ
1780 4677 1932 4764 ἁγίου

273 4765 547 4836 εἴπόντος,
604 4763 697 4821 ἵνα
749 4770 877 4824 Θεὸν
931 4771 1216 4846 γινώσκειν
1273 4774 1361 4828 καὶ
1397 4773 1558 4830 αὐτὸν
1590 4763 1930 4851 προσκυνεῖν,

273 4853 361 4906 καὶ
423 4849 694 4917 σέϐεσθαι·
754 4861 859 4909 τῶν
920 4856 977 4912 δὲ
1031 4860 1404 4934 νομιζομένων
1465 4868 1598 4926 θεῶν
1635 4849 1928 4943 Ἵκαταφροέ

271 4948 381 4998 νεῖν
414 4945 530 5017 χρῆ
567 4945 700 5016 [ναι]
744 4945 916 5000 πάντα
966 4952 1312 5023 Χριστιανὸν·
1348 4954 1666 5025 προσέταξεν
1701 4956 1728 5008 6
1762 4957 1928 5027 Μάξι-

282 5032 474 5103 μιανὸς
528 5038 648 5094 τοῖς
722 5037 1099 5109 στρατιώταις,
1188 5038 1397 5111 μάστιξι
1483 5043 1815 5112 καταξαίνειν
1867 5047 1930 5101 τὸ

277 5120 455 5192 στόμα
485 5121 673 5180 αὐτοῦ.
722 5127 808 5184 Ὦς
854 5121 910 5179 δὲ
958 5121 1181 5180 ἔϐλεπεν
1244 5129 1403 5183 αὑτὸν
1457 5131 1780 5202 ἀμετάθετον
1829 5136 1928 5204 τὴν

273 5211 501 5299 γνώμην
554 5206 754 5285 ἔχοντα
803 5215 937 5288 πρὸς
969 5215 1058 5269 τὸν
1113 5217 1312 5290 Κύριον
1364 5220 1523 5290 ἡμῶν
1559 5222 1767 5290 Ἰησοῦν
1798 5230 1927 5299 Χρι-

273 5299 418 5387 στὸν,
451 5297 733 5354 ἐκέλευσεν
769 5301 1132 5377 ἀπενεχθέντα
1179 5312 1278 5375 τῆς
1329 5305 1542 5371 πόλεως
1588 5307 1687 5382 ἔξω
1719 5297 1929 5387 συντ-ρι-

273 5382 428 5456 6ἧναι
488 5388 557 5442 τὰ
614 5391 811 5460 σκέλη.
878 5391 979 5448 Καὶ
1033 5392 1175 5448 οὕτω
1234 5394 1598 5468 συνθλασθεῖς,
1633 5400 1764 5455 ἑπτὰ
1792 5382 1928 5474 ἡμέ-

274 5496 362 5550 ρας
394 5477 728 5554 ἐκαρτέρησε
765 5484 892 5550 ζῶν,
929 5481 1004 5554 μὴ
1043 5483 1332 5558 μετασχὼν
1362 5493 1588 5564 τροφῆς.
1626 5489 1726 5544 Καὶ
1763 5490 1928 5566 μέχρι

270 5566 456 5630 τέλους
488 5570 868 5645 εὐχαριστῶν,
899 5568 1182 5646 παρίδωκε
1211 5575 1274 5629 τὸ
1306 5579 1537 5649 πνεῦμα.

1763 276 2148 340 OCTOBER.

3593 285 3672 344 89

2027 415 2294 470 renicam
2326 416 2624 488 amplecti.
2659 421 2730 470 At
2785 418 2974 472 sancti
3033 419 3236 472 Patres
3292 433 3413 472 non
3474 416 3667 472 solum

2023 521 2142 560 non
2176 510 2316 560 sunt
2344 507 2594 574 assensi,
2629 508 2728 561 sed
2762 508 2822 560 in
2858 506 3028 560 illum
3052 507 3228 561 etiam
3246 511 3663 576 conspuentes,

2022 595 2490 665 responderunt:
2516 596 2750 650 Nullum
2766 595 2936 650 nobis
2957 601 3547 650 tormentaterrorem
3575 595 3663 648 in-

2025 685 2275 751 cutiunt,
2310 702 2504 755 neque
2537 688 2742 740 vestris
2773 686 3068 740 mandatis
3100 685 3662 755 obtemperabimus,

2027 777 2126 846 qui
2162 777 2363 831 hostes
2394 779 2584 831 crucis
2615 778 2831 832 Christi
2855 778 2996 832 estis
3023 795 3036 843 ;
3063 776 3163 831 sed
3187 783 3439 831 vestram
3461 777 3669 847 impie-

2027 871 2208 920 tatem
2241 867 2676 938 proculcamus,
2709 883 2874 937 spem
2907 871 3172 921 nostram
3203 866 3265 919 in
3309 866 3520 920 virtute
3556 867 3668 919 Do-

2029 958 2175 1011 mini
2203 958 2391 1011 nostri
2423 958 2557 1012 Jesu
2616 958 2829 1012 Christi
2888 957 3266 1011 collocantes.
3327 957 3470 1011 Tum
3529 972 3666 1010 vero

2030 1047 2274 1101 Michael
2307 1046 2721 1101 sanctissimus
2752 1047 3116 1118 hegumenus
3147 1045 3208 1098 in
3240 1044 3434 1099 medio
3461 1060 3666 1098 eorum

2028 1137 2315 1202 constitit,
2347 1136 2811 1206 monachosque,
2844 1140 2912 1190 ut
2940 1135 3001 1190 in
3032 1135 3246 1189 Christi
3293 1132 3667 1188 conlessione

2029 1231 2369 1280 constantes
2414 1231 2631 1290 essent,
2679 1225 3004 1296 plurimum
3064 1223 3428 1278 hortabatur.
3479 1223 3670 1286 Quare

2028 1331 2256 1382 omnes,
2295 1314 2456 1368 illius
2488 1314 2757 1368 doctrina
2787 1313 3122 1367 conﬁrmati
3155 1316 3212 1365 et
3241 1310 3507 1376 animati,
3531 1327 3670 1380 por-

2027 1409 2188 1458 recta
2217 1402 2661 1474 promptissime
2693 1402 2918 1456 cervice
2950 1399 3283 1456 obtruncati
3331 1402 3505 1453 sunt:
3542 1414 3672 1452 om-

2028 1494 2316 1563 niumque
2347 1497 2682 1563 postremus
2713 1491 3196 1562 religiosissimus
3251 1487 3496 1543 Michael
3549 1486 3672 1557 gla-

2028 1583 2124 1638 dio
2153 1599 2491 1654 percussus,
2524 1582 2704 1636 vitam
2737 1581 2946 1636 ﬁnivit.

2677 1695 2900 1752 Eodem
2930 1695 3024 1750 die

2028 1816 2127 1872 82
2162 1817 2611 1872 Commemoratio
2640 1817 2818 1900 sancti
2869 1815 3101 1868 Romani
3141 1812 3425 1882 scriptoris
3480 1815 3670 1864 conta-

2729 1902 2957 1941 olorum.

2100 2005 2349 2058 Sanctus
2372 2006 2670 2058 Romanus
2701 2001 2813 2055 fuit
2845 2018 2911 2055 ex
2932 2000 3116 2070 Syria,
3147 2002 3364 2053 sanctas
3396 1995 3672 2050 Ecclesia;

2029 2093 2222 2163 Beryti
2257 2093 2564 2147 diaconus.
2599 2088 3177 2159 Constantinopolim
3209 2091 3406 2142 autem
3435 2090 3672 2154 tempo-

2028 2181 2193 2236 ribus
2219 2180 2513 2235 Anastasii
2534 2179 2908 2250 imperatoris
2922 2177 3240 2247 profectus,
3275 2176 3674 2228 commoratus

2032 2275 2120 2325 est
2148 2270 2210 2324 in
2238 2269 2458 2340 templo
2487 2267 2876 2322 sanctissima;
2898 2266 3000 2320 Dei
3030 2262 3341 2319 Genitricis
3363 2262 3426 2315 in
3448 2259 3674 2314 aedibus

2030 2359 2160 2429 Cyri
2187 2376 2198 2411 :
2233 2359 2330 2412 ubi
2364 2359 2539 2412 etiam
2566 2356 2971 2411 contaciorum
3003 2354 3227 2409 donum
3257 2350 3502 2421 accepit.
3528 2349 3673 2404 Cum

2032 2449 2189 2502 enim
2240 2463 2474 2502 summa
2527 2447 2712 2500 Deum
2744 2445 2961 2515 pietate
2995 2442 3236 2507 coleret,
3299 2441 3360 2493 in
3407 2438 3675 2492 oratione

2031 2541 2409 2608 pernoctans,
2443 2535 2815 2606 pervigilium
2850 2531 3341 2586 Blaschernarum
3373 2542 3544 2599 agere
3580 2543 3677 2580 so-

2032 2626 2212 2689 lebat,
2246 2631 2306 2680 et
2333 2624 2406 2679 ad
2425 2625 2556 2695 Cyri
2576 2623 2732 2677 sedes
2753 2621 3002 2694 regredi.
3029 2618 3290 2684 Quadam
3309 2616 3487 2688 igitur
3503 2620 3676 2669 nocte

2034 2714 2352 2769 dormienti
2386 2713 2439 2768 ei
2470 2711 2746 2783 apparuit
2776 2710 2836 2763 in
2870 2707 3095 2763 somnis
3135 2703 3512 2760 sanctissima
3543 2701 3679 2756 Dei-

2034 2821 2197 2874 para,
2231 2803 2568 2873 chartaeque
2591 2806 2817 2855 tomum
2842 2797 3101 2859 tradidit,
3125 2794 3404 2865 inquiens
3431 2808 3442 2845 :
3468 2791 3680 2861 Accipe

2036 2894 2322 2954 chartam.
2357 2897 2414 2946 et
2471 2891 2686 2946 devora
2738 2903 2889 2942 eam.
2951 2884 3271 2940 Videbatur
3322 2888 3522 2937 autem
3571 2879 3681 2933 sibi

2039 2987 2280 3036 sanctus
2308 2981 2537 3052 aperire
2564 2997 2652 3042 os,
2686 2982 2744 3031 et
2772 2978 3037 3031 chartam
3071 2973 3369 3028 devorare.
3395 2971 3534 3025 Erat
3549 2983 3683 3022 vero

2036 3070 2254 3124 festum
2289 3069 2475 3124 sancti
2509 3067 2730 3123 Natalis
2759 3065 2994 3120 Christi.
3031 3064 3235 3132 Itaque
3271 3059 3469 3115 statim
3531 3057 3685 3112 exci-

2041 3164 2198 3214 tatus
2230 3175 2260 3214 e
2288 3174 2520 3225 somno,
2549 3155 2939 3212 admiratione
2990 3152 3227 3224 plenus,
3272 3149 3459 3204 Deum
3506 3146 3689 3218 glori-

2042 3248 2253 3302 ﬂcavit.
2290 3246 2514 3302 Deinde
2545 3260 2871 3300 conscenso
2911 3241 3165 3296 amboue
3198 3237 3452 3310 psallere
3471 3235 3682 3306 cmpit:

2058 3339 2224 3405 Virgo
2243 3339 2399 3406 parit
2421 3336 2574 3389 nobis
2607 3333 2765 3388 hodie
2793 3328 3393 3401 supersubstantialem.
3419 3325 3681 3392 Cumque

2041 3426 2292 3481 aliorum
2326 3424 2505 3478 etiam
2543 3423 2829 3476 festorum
2862 3418 3131 3474 contacia
3160 3415 3236 3471 ad
3283 3413 3447 3468 mille
3495 3409 3683 3480 scrip-

2041 3513 2236 3577 sisset,
2270 3510 2540 3584 migravit
2571 3509 2642 3564 ad
2675 3507 3013 3564 Dominum.

2693 3713 2914 3770 Eodem
2945 3711 3040 3767 die

2259 3854 2360 3910 88
2395 3854 2681 3910 Certamen
2715 3851 2892 3907 sancti
2920 3843 3181 3916 martyris
3210 3843 3449 3900 Domini.

2107 3990 2355 4044 Sanctus
2386 3994 2610 4060 martyr
2642 3985 2968 4041 Domninus
3000 3982 3110 4037 fuit
3147 3998 3217 4036 ex
3237 3979 3383 4036 urbe
3433 3977 3680 4032 Thessa-

2038 4078 2253 4145 lonica,
2287 4077 2654 4132 Christianus
2682 4076 2836 4146 pius,
2888 4075 3191 4141 Deumque
3242 4070 3480 4123 timens.
3533 4065 3679 4119 Cum

2037 4172 2235 4223 autem
2269 4166 2656 4221 Maximianus
2711 4164 2932 4235 regiam
2961 4158 3392 4216 Thessalonica;
3420 4154 3680 4209 adifica-

2037 4261 2145 4324 ret,
2180 4258 2449 4328 cognitus
2477 4254 2846 4308 Christtanus
2906 4266 3056 4316 esse,
3108 4247 3446 4316 corripitur,
3507 4243 3678 4311 eique

2039 4346 2298 4399 sistitur:
2329 4346 2422 4399 cui
2456 4343 2842 4398 Maximianus
2874 4337 3208 4392 vehementi
3239 4336 3329 4388 ira
3350 4347 3636 4386 accensus
3664 4346 3675 4382 :

2042 4434 2258 4501 Audes,
2291 4433 2504 4503 inquit,
2537 4449 2630 4486 me
2661 4431 2758 4483 hic
2789 4431 3101 4500 praesente,
3161 4422 3560 4477 Christianum
3621 4418 3680 4471 in

2042 4525 2238 4596 ipsum
2268 4520 2555 4592 proﬁteri,
2588 4519 2848 4588 deosque
2881 4519 3204 4580 aversatus,
3263 4510 3447 4567 alium
3498 4511 3681 4563 Deum

2043 4613 2237 4668 colere
2258 4612 2284 4665 ‘I
2317 4613 2528 4664 Verum
2561 4607 2830 4664 sacrifica
2859 4605 3000 4669 illis,
3035 4602 3080 4657 si
3106 4600 3280 4656 saluti
3310 4605 3424 4654 tua;
3453 4597 3684 4654 consul-

2043 4708 2169 4758 tum
2199 4700 2361 4755 velis.
2397 4698 2483 4753 Ad
2514 4698 2638 4753 haac
2669 4701 2944 4752 sanctus:
2981 4693 3196 4758 Unum,
3228 4689 3444 4762 inquit,
3496 4690 3681 4742 Deum

2042 4805 2395 4863 cognoscere
2427 4792 2676 4859 oportet,
2709 4800 2963 4855 cumque
2993 4781 3239 4837 adorare
3271 4795 3336 4834 ac
3366 4777 3632 4832 vrnerari
3663 4793 3677 4842 ;

2041 4886 2285 4935 caateros
2316 4883 2535 4945 autem,
2567 4875 2667 4947 qui
2716 4877 3018 4947 putantur,
3078 4869 3220 4924 deos
3278 4872 3680 4930 contemnere,

2041 4985 2279 5024 omnem
2311 4968 2708 5022 Christianum
2742 4963 2930 5018 decet.
2963 4962 3107 5014 Tum
3130 4957 3518 5012 Maximianus
3540 4971 3684 5025 pra;-

2041 5059 2197 5130 cepit
2218 5058 2505 5111 militibus
2536 5062 2600 5110 ut
2632 5054 2830 5124 flagris
2851 5069 2914 5105 os
2933 5051 3062 5121 ejus
3081 5049 3478 5119 percuterent.
3505 5045 3683 5098 Cum-

2042 5172 2154 5227 que
2189 5170 2321 5209 eum
2354 5152 2544 5207 adhuc
2575 5151 2637 5204 in
2669 5147 2785 5203 ﬁde
2829 5145 3059 5200 Domiui
3092 5143 3278 5197 nostri
3305 5143 3440 5196 Jesu
3470 5137 3682 5193 Christi

2041 5249 2413 5301 constantem
2445 5243 2734 5304 cerneret,
2759 5236 2942 5308 jussit
2972 5237 3135 5289 extra
3163 5232 3373 5287 urbem
3430 5228 3682 5284 abducto

2041 5352 2213 5392 crura
2244 5329 2555 5402 confringi.
2590 5332 2779 5398 Atque
2814 5326 2893 5380 ita
2923 5323 3278 5392 confractus,
3314 5326 3538 5392 septem
3579 5318 3684 5374 ad-

2041 5426 2155 5479 huc
2187 5424 2312 5477 dies
2344 5424 2646 5493 superstes
2677 5417 2806 5484 fuit,
2840 5414 3004 5468 nullo
3039 5418 3274 5482 sumpto
3307 5409 3470 5464 cibo:
3523 5415 3580 5462 et
3611 5408 3686 5461 ad

2043 5519 2372 5570 extremum
2402 5525 2590 5581 usque
2620 5506 2836 5580 gratias
2867 5520 3067 5576 agens,
3103 5501 3376 5574 spiritum
3405 5495 3682 5553 reddidit.
