4042 6206
930 516 1035 572 Die
1067 515 1331 572 secunda

416 635 520 692 84
552 635 837 690 Certamen
864 641 1178 690 sancto-rum
1208 634 1478 705 Cypriani
1507 639 1558 688 et
1587 633 1838 686 Iustinae.

380 755 729 827 Cyprianus,
765 754 1002 826 sapiens
1050 753 1338 825 pontifex,
1383 753 1556 808 Decio
1602 752 1956 822 imperante,

312 844 636 899 Antiochiae
667 843 848 915 Syriae
878 849 1074 910 natus,
1109 843 1368 914 primum
1399 839 1790 912 philosophus
1812 843 1957 909 erat,

314 938 372 987 et
399 932 647 1004 magicis
681 931 910 986 artibus
941 932 1212 1002 apprime
1243 930 1512 985 eruditus
1538 945 1551 982 :
1604 929 1707 984 sed
1755 933 1963 998 postea

313 1021 684 1076 Christianus
714 1020 826 1075 hac
861 1021 1091 1075 ratione
1122 1019 1313 1074 factus
1335 1025 1445 1074 est.
1476 1017 1768 1073 Justinam
1789 1017 1961 1089 virgi-

315 1127 454 1166 nem
487 1109 549 1164 in
580 1109 787 1165 eadem
821 1109 989 1175 urbe,
1024 1125 1154 1180 quae
1189 1108 1260 1163 ab
1312 1109 1519 1179 Optato
1550 1107 1826 1180 episcopo
1857 1106 1962 1161 ba-

313 1200 528 1272 ptizata
547 1199 1004 1262 fuerat,Graecus
1029 1197 1294 1268 quidam,
1318 1197 1450 1252 Idas
1465 1195 1966 1260 dictus,ardenter

318 1289 577 1345 amabat.
603 1288 715 1342 Sed
737 1304 874 1342 cum
897 1287 1013 1340 voti
1050 1287 1138 1340 sui
1163 1303 1408 1358 compos
1438 1286 1568 1341 ﬁeri
1595 1301 1717 1340 non
1743 1289 1964 1356 posset,

319 1377 587 1448 confugit
615 1375 690 1430 ad
722 1375 1108 1446 Cyprianum,
1167 1391 1379 1447 rogans
1426 1390 1560 1429 eum
1612 1378 1677 1428 ut
1722 1371 1968 1444 magicis

320 1468 547 1524 artibus
571 1467 864 1521 Justinam
884 1466 956 1520 ad
979 1465 1092 1520 sibi
1120 1465 1616 1520 consentiendum
1639 1463 1965 1518 induceret.

322 1560 464 1614 Cum
490 1572 623 1610 vero
644 1555 971 1626 Cyprianus
993 1554 1404 1610 fornicationis
1434 1555 1736 1609 daemones
1757 1551 1830 1607 ad
1853 1551 1970 1606 sol-

323 1645 672 1702 licitandam
704 1645 990 1717 virginem
1023 1645 1196 1700 tertio
1221 1645 1595 1712 destinasset,
1621 1645 1750 1717 ejus
1771 1649 1970 1699 tamen

325 1737 595 1792 animum
628 1751 965 1806 expugnare
1005 1736 1291 1806 nequivit,
1354 1751 1484 1806 quas
1532 1733 1852 1790 fundendis
1899 1733 1974 1788 ad

325 1825 511 1879 Deum
543 1821 818 1894 precibus
847 1839 1082 1893 semper
1111 1823 1342 1877 intenta
1371 1827 1515 1877 erat.
1549 1821 1660 1877 Sed
1689 1822 1814 1892 ipse
1862 1838 1966 1892 po-

321 1913 440 1968 tius
471 1927 506 1967 a
524 1917 1039 1983 postremo,quem
1062 1912 1326 1980 miserat,
1351 1913 1620 1968 daamone
1637 1916 1965 1982 correptus,

319 2001 634 2069 intellexit,
667 2017 879 2056 vanam
911 2017 978 2056 ac
1008 2001 1242 2056 futilem
1271 2018 1401 2056 esse
1433 2003 1724 2074 magicam
1755 2007 1965 2056 artem.

321 2092 717 2157 Quamobrem
742 2091 1068 2146 combustis
1089 2091 1278 2158 libris,
1303 2091 1626 2162 baptizatus
1649 2097 1766 2147 est:
1802 2106 1970 2146 eum-

323 2197 438 2252 que
470 2181 532 2236 in
567 2182 780 2235 virtute
811 2197 1192 2253 progressum
1223 2181 1382 2248 fecit,
1431 2187 1496 2236 ut
1526 2182 1839 2252 episcopus
1870 2197 1968 2235 or-

323 2269 563 2326 dinatus
591 2270 789 2340 fuerit,
826 2270 1164 2340 multosque
1218 2269 1438 2325 Christi
1465 2270 1645 2325 ﬁdem
1677 2269 1965 2325 docuerit.

323 2360 586 2416 Tandem
617 2375 738 2414 una
788 2376 924 2414 cum
976 2360 1207 2414 Iustina
1263 2361 1730 2430 comprehensus
1778 2375 1812 2414 a
1859 2359 1968 2413 Da-

329 2451 512 2507 masci
543 2449 842 2520 praefecto,
875 2467 980 2522 pro
1011 2450 1241 2505 Christo
1273 2450 1600 2506 decollatus
1632 2455 1740 2506 est.

977 2567 1198 2623 Eodem
1230 2566 1324 2622 die

333 2683 432 2740 85
465 2685 749 2740 Certamen
795 2685 973 2738 sancti
1028 2681 1224 2822 fatus
1266 2682 1445 2738 nostri
1496 2682 1787 2754 Theophili
1841 2699 1970 2737 con-

1060 2769 1270 2810 essorts.

1060 2769 1249 2810 88501‘18
1254 2792 1270 2809 ο

400 2875 597 2929 Sancti
631 2874 802 2928 Pater
831 2877 1036 2928 noster
1064 2871 1401 2942 Christique
1427 2871 1732 2928 confessor
1787 2873 1972 2927 Theo-

328 2961 550 3034 philus,
584 2961 914 3016 monachus
943 2959 1054 3015 fuit
1083 2960 1215 3030 pius
1245 2961 1548 3031 Deumque
1580 2960 1818 3027 timens,
1861 2960 1972 3014 im-

331 3055 575 3122 perante
611 3049 800 3105 Leone
829 3051 1072 3115 Isauro;
1125 3065 1300 3119 quem
1352 3065 1486 3104 cum
1528 3050 1756 3105 videret
1799 3049 1861 3104 in
1913 3049 1972 3104 id

1622 261 2052 327 MENOLOGII
2097 264 2301 326 PARS
2347 267 2394 325 l.
3634 253 3718 313 84

861 398 1102 454 EODEM
1140 399 1394 454 MENSE.
1985 397 2044 465 Α

2627 398 2806 450 ΜΗΝΙ
2843 396 2931 450 ΤΩ
2966 395 3158 450 ΛῙἼῺ.

2866 509 2924 566 B’

2171 625 2439 698 ’Ἃθλησις
2466 630 2574 681 τῶν
2606 625 2772 704 ἁγίων
2813 629 3128 702 Κυπριανοῦ
3167 624 3256 680 καὶ
3288 621 3605 692 ἰουστίνης.

2139 742 2442 820 Κυπριανὸς
2471 745 2500 800 ὁ
2549 743 2714 821 σοφὸς
2772 744 3060 819 ἱεράρχης,
3111 744 3327 817 ὑπῆρχε
3367 741 3464 815 μὲν
3495 737 3580 794 ἐπὶ
3611 746 3715 809 τῆς

2069 833 2349 908 βασιλείας
2424 834 2639 902 Δεκίου,
2716 832 2822 889 ἂιπὸ
2897 832 3233 908 Ἀντιοχείας
3305 837 3405 900 τῆς
3488 830 3712 905 Συρίας.

2064 925 2167 980 Ἦν
2201 921 2260 978 δὲ
2289 921 2596 999 φιλόσοφος
2649 923 2741 978 καὶ
2800 924 2974 998 μάγος
3030 921 3260 984 τέλειος.
3307 918 3462 976 Ἀλλ’
3492 918 3713 994 ὕστερον

2065 1014 2252 1090 γέγονε
2306 1015 2630 1090 Χριστιανὸς
2696 1014 2802 1069 ἀπὸ
2867 1013 3170 1079 ὑποθέσεως
3234 1012 3512 1083 τοιαύτης⁶
3570 1017 3714 1085 Παρ-

2071 1105 2221 1174 θένος
2250 1125 2335 1166 τις
2368 1104 2614 1178 ὑπῆρχεν
2647 1103 2699 1159 ἕν
2727 1103 2862 1178 αύτῇ
2893 1107 2963 1178 τῇ
3013 1103 3196 1174 πόλει,
3228 1101 3491 1172 Ἰουστίνη
3523 1101 3712 1174 ὄνομα,

2077 1194 2427 1267 βαπτισθεῖσα
2480 1193 2626 1269 παρὰ
2685 1193 2952 1251 Ὀπτάτου
3015 1197 3112 1248 τοῦ
3165 1192 3484 1248 ἐπισκόπου.
3552 1191 3712 1262 Ἀνὴρ

2075 1279 2133 1336 δέ
2155 1302 2238 1345 τις
2267 1281 2504 1353 Ἕλλην,
2555 1279 2700 1344 ’Ίδας
2748 1280 3107 1355 καλούμενος,
3157 1281 3493 1354 ἐπεθύμησεν
3532 1279 3717 1349 αὖτῆς·

2072 1370 2163 1426 καὶ
2242 1371 2319 1445 μὴ
2394 1372 2579 1447 τυχὼν
2653 1373 2752 1441 τῆς
2845 1371 3153 1446 ἐπιθυμίας,
3227 1369 3572 1446 προσέδραμε
3641 1373 3724 1440 τῷ

2076 1465 2387 1536 Κυπριανῷ,
2463 1461 2796 1523 παρακαλῶν
2867 1461 3046 1534 αὐτὸν,
3107 1459 3198 1518 διὰ
3255 1461 3482 1538 μαγείας
3539 1463 3723 1515 πεῖσαι

2075 1550 2174 1618 τήν
2235 1549 2549 1621 Ἰουστίναν,
2609 1551 2909 1606 ὑπακοῦσαι
2967 1551 3134 1624 αὐτῷ.
3195 1550 3549 1612 Ἀποστείλας
3597 1547 3654 1605 δὲ
3693 1551 3725 1604 ὁ

2077 1640 2387 1716 Κυπριανὸς
2447 1639 2507 1694 ὲκ
2561 1639 2746 1716 τρίτου
2804 1639 3066 1714 δαίμονας
3122 1642 3224 1711 τὴς
3276 1641 3528 1716 πορνείας
3582 1639 3722 1712 πρὸς

2075 1729 2176 1798 τήν
2208 1729 2493 1802 παρθένον,
2549 1728 2638 1783 καὶ
2701 1730 2776 1803 μή
2835 1728 3023 1791 πείσας
3069 1730 3239 1800 αὐτὴν
3270 1730 3724 1805 προσευχομένην

2074 1821 2155 1889 τῷ
2197 1821 2314 1889 Θεῷ
2345 1815 2654 1889 διαπαντὸς,
2709 1815 3061 1890 ἐδαίμονίσθη
3119 1817 3298 1880 αὐτός·
3343 1822 3439 1874 τοῦ
3488 1817 3722 1894 ἐσχάτου

2077 1902 2336 1978 δαίμονος
2385 1901 2732 1981 στραφέντος,
2781 1905 2871 1962 καὶ
2923 1906 3264 1972 εἰσελθόντος
3309 1907 3385 1970 εἷς
3415 1905 3593 1964 αὐτόν.
3627 1907 3727 1962 Καὶ

2077 1993 2330 2065 συνιδὼν,
2363 1995 2446 2050 ὅτι
2503 1993 2658 2050 οὐδὲν
2713 1995 2918 2074 ὠφελεῖ
2971 1999 3006 2066 ἡ
3063 1997 3278 2073 μαγική
3316 1997 3510 2072 τέχνη,
3540 1991 3732 2051 ἔκαυσε

2074 2083 2144 2139 τὰ
2221 2079 2410 2159 βιϐλία
2482 2084 2646 2139 αὐτοῦ
2720 2085 2810 2140 καὶ
2885 2081 3204 2158 ἐϐαπτίσθη.
3289 2085 3395 2142 Καὶ
3467 2089 3725 2141 τοσοῦτον

2079 2173 2288 2251 ἐγένετο
2353 2173 2625 2250 ἐνάρετος,
2694 2175 2768 2238 ὡς
2829 2177 2919 2232 καὶ
2992 2176 3287 2240 ἐπίσκοπος
3343 2173 3604 2253 γενέσθαι,
3635 2179 3728 2232 καὶ

2077 2263 2323 2326 πολλοὺς
2381 2261 2580 2336 διδάξει
2632 2267 2732 2335 τήν
2789 2271 2886 2321 τοῦ
2942 2273 3182 2343 Χριστοῦ
3228 2270 3432 2326 πίστιν.
3472 2271 3724 2345 Ὕστερον

2080 2351 2138 2409 δδ
2190 2355 2479 2430 κρατηθεὶς
2538 2355 2674 2428 μετὰ
2740 2359 2843 2421 τῆς
2917 2357 3218 2429 Ἰουστίνης
3271 2358 3417 2431 παρὰ
3469 2362 3566 2414 τοῦ
3622 2365 3726 2428 τῆς

2081 2447 2367 2516 Δαμασκοῦ
2424 2445 2714 2520 ἄρχοντος,
2794 2447 2925 2521 ὑπὲρ
2998 2448 3234 2520 Χριστοῦ
3291 2445 3719 2523 ἆπεκεφαλίσθη.

2664 2564 2744 2636 Ti
2774 2561 2908 2635 αὖτῇ
2939 2564 3140 2638 ἡμέρᾳο

2071 2675 2345 2748 Ἀθλησις
2408 2681 2506 2732 τοῦ
2573 2675 2747 2759 ὁσίου.
2789 2680 3003 2759 Πατρὸς
3055 2683 3226 2759 ’ήμῶν
3290 2679 3558 2759 Θεοφίλου
3619 2687 3718 2738 τοῦ

2727 2752 2755 2806 ὁ
2765 2749 3106 2828 μολογητοῦ.

2153 2865 2209 2918 Ὀ
2241 2865 2389 2930 ὅσιος
2420 2867 2602 2940 Πατὴρ
2635 2869 2794 2940 ἡμῶν
2827 2867 2917 2922 καὶ
2967 2867 3328 2944 ὁμολοῃτής
3357 2875 3457 2924 τοῦ
3490 2872 3732 2946 Χριστοῦ

2082 2955 2368 3030 Θεόφιλος,
2405 2958 2473 3026 ἦν
2531 2959 2773 3032 μοναχὸς
2828 2954 3069 3028 εὐλαϐὴς
3120 2960 3211 3014 καὶ
3267 2955 3608 3039 φοϐούμενος
3636 2962 3730 3017 τὸν

2084 3047 2236 3116 Θεὸν,
2266 3046 2354 3101 ἐπὶ
2409 3053 2510 3116 τῆς
2569 3047 2846 3122 βασιλείας
2901 3047 3136 3114 Λέοντος
3188 3054 3286 3104 τοῦ
3337 3051 3600 3128 Ἰσαύρου.
3634 3054 3735 3108 "0v

335 3154 568 3193 summo
601 3138 795 3193 studio
827 3137 1194 3202 incumbere,
1226 3141 1294 3192 ut
1322 3153 1520 3192 sacras
1539 3137 1828 3209 imagines
1849 3138 1976 3194 sub-

2091 3133 2222 3190 ἱδὼν
2274 3134 2651 3206 σπουδάζοντα
2723 3137 3083 3214 καταστρέψαι
3138 3141 3235 3204 τὰς
3291 3141 3448 3216 ἁγίας
3506 3141 3736 3211 εἰκόνας,

333 3233 606 3292 verteret,
642 3243 970 3299 omnesque
1001 3229 1071 3282 ad
1123 3227 1653 3282 Iconomachorum
1708 3227 1983 3283 haresim

335 3317 642 3382 traheret;
676 3317 880 3372 divino
911 3317 1033 3371 zelo
1065 3332 1374 3384 accensus,
1409 3316 1555 3371 adiit
1600 3332 1774 3371 eum:
1808 3322 1984 3387 atque

342 3406 664 3462 conﬁdenti
697 3406 899 3461 animo
919 3405 1268 3478 objurgavit,
1293 3406 1801 3476 praevaricatorem
1826 3421 1982 3471 eum,

339 3495 688 3551 Antichristi
721 3511 1170 3566 praecursorem,
1213 3495 1472 3566 fideique
1510 3494 1851 3550 orthodoxae
1884 3492 1989 3549 de-

347 3588 632 3639 sertorem
659 3583 1060 3639 iuclamando.
1081 3586 1272 3649 Quare
1295 3584 1356 3637 in
1377 3584 1526 3638 iram
1550 3589 1609 3639 et
1628 3582 1987 3655 indignatio-

348 3689 486 3726 nem
515 3672 686 3726 illum
718 3673 1004 3739 excitans,
1045 3672 1302 3742 primum
1354 3671 1595 3742 quidem
1643 3671 1987 3743 gravissime

347 3761 634 3816 caeditur:
665 3761 879 3816 deinde
911 3763 972 3815 in
1003 3778 1302 3816 carcerem
1333 3761 1678 3832 includitur,
1703 3768 1772 3816 ut
1793 3761 1991 3816 inedia

345 3865 560 3920 corpus
617 3849 1030 3904 conﬁceretur.
1096 3849 1664 3904 Posteaecustodia
1719 3849 1987 3915 eductus,

346 3954 482 3993 cum
514 3954 722 3993 rursus
753 3937 1164 4008 impelleretur
1193 3942 1259 3991 ut
1288 3941 1629 3992 sanctarum
1661 3937 1988 4008 imaginum

345 4027 572 4083 cultum
605 4032 663 4081 et
691 4025 1098 4082 adorationem
1131 4027 1410 4097 ejuraret,
1441 4041 1552 4080 nec
1581 4025 1655 4080 ad
1686 4024 1747 4080 id
1786 4025 1989 4081 induci

346 4117 634 4189 posset,in
653 4115 926 4171 exsilium
949 4114 1157 4186 pulsus
1188 4115 1363 4182 est,in
1386 4131 1504 4186 quo
1537 4115 1754 4171 multas
1775 4131 1988 4170 earum-

345 4221 454 4261 nas
485 4205 891 4277 plurimasque
923 4202 1226 4259 molestias
1257 4220 1594 4275 perpessus,
1625 4209 1685 4258 et
1710 4220 1818 4275 pro
1863 4220 1988 4259 om-

345 4294 522 4350 nibus
554 4294 739 4348 Deum
769 4292 1131 4364 glorificans,
1193 4293 1438 4364 ejusque
1499 4298 1702 4348 sancto
1758 4291 1987 4348 nomini

344 4383 562 4455 gratias
591 4399 792 4456 agens,
827 4381 901 4438 ad
926 4382 1225 4438 Christum
1256 4381 1428 4439 laatus
1458 4382 1749 4455 migravit.

895 4589 1137 4644 EODEM
1176 4589 1321 4644 ΜΕΝ
1327 4589 1430 4648 SE.

1016 4675 1120 4731 Die
1152 4677 1327 4733 tertia

348 4795 446 4854 85
477 4793 761 4853 Certamen
785 4795 1122 4848 sacrosancti
1149 4795 1410 4863 martyris
1457 4796 1709 4865 Dionysii
1737 4797 1992 4866 Areopa-

756 4878 907 4946 gitae,
943 4877 982 4931 A
995 4875 1287 4931 thenarum
1314 4877 1575 4946 episcOpi.

419 4995 662 5066 Magnus
693 4989 1008 5061 Dionysius
1039 4991 1100 5044 in
1131 4989 1277 5044 urbe
1325 4990 1690 5046 Athenarum
1734 5008 1890 5048 unus
1919 5011 1991 5050 ex

344 5083 439 5150 iis,
473 5081 574 5154 qui
605 5080 812 5154 gloria,
845 5077 1087 5146 divitiis,
1120 5084 1179 5134 et
1208 5078 1500 5152 sapientia
1521 5080 1908 5150 excellebant,
1930 5082 1990 5138 in

346 5188 435 5240 eo,
462 5187 638 5242 quem
658 5177 1026 5239 Areopagum
1051 5173 1282 5235 vocant,
1307 5184 1617 5223 causarum
1633 5169 1819 5240 judex
1841 5175 1986 5225 erat.

345 5262 489 5315 Cum
521 5276 656 5314 vero
677 5263 916 5313 sanctus
938 5257 1242 5328 apostolus
1265 5258 1482 5313 Paulus
1505 5260 1765 5315 Athenas
1792 5261 1987 5332 profe-

344 5354 494 5416 ctus,
524 5349 821 5406 Christum
857 5345 1227 5418 praadicaret,
1259 5347 1344 5402 uti
1378 5353 1506 5402 erat
1555 5350 1676 5404 acri
1727 5350 1986 5423 ingenio,

344 5439 652 5495 veritatem
683 5436 857 5492 facile
880 5435 1196 5504 intellexit,
1222 5443 1280 5492 et
1300 5437 1362 5491 in
1385 5437 1682 5495 Christum
1705 5439 1984 5496 credidit:

343 5527 811 5598 baptizatusque,
863 5524 1228 5579 Athenarum
1283 5530 1596 5598 episcopus
1655 5528 1987 5608 ordinatur,

344 5615 684 5686 multosque
707 5615 1042 5669 Grzecorum
1067 5611 1352 5681 docuit,et
1370 5613 1443 5669 ad
1465 5615 1650 5671 Deum
1672 5633 1986 5674 conversos

2088 3225 2178 3278 καὶ
2230 3223 2434 3286 πάντας
2489 3226 2625 3299 πρὸς
2704 3227 2804 3295 τὴν
2885 3225 3285 3304 Εἶκονομάχων
3344 3229 3548 3304 αἳρεσιν
3616 3228 3736 3284 ἐπι·

2092 3314 2336 3386 στρέψαι,
2373 3312 2526 3387 ζήλῳ
2573 3314 2700 3387 θείῳ
2753 3315 2994 3386 κινηθεὶς
3050 3315 3246 3388 ἐστάθη
3289 3317 3520 3374 ἐνώπιον
3551 3318 3737 3376 αὐτοῦ.

2094 3402 2190 3456 Καὶ
2269 3403 2405 3475 μετὰ
2475 3403 2782 3478 παρῥησίας
2857 3401 3084 3479 ἤλεγξεν
3159 3407 3342 3476 αὐτὸν,
3417 3427 3738 3483 παρανομον

2093 3491 2253 3547 αὐτὸν
2286 3491 2475 3564 εἰπὼν,
2533 3493 2623 3548 καὶ
2678 3498 2774 3549 τοῦ
2832 3495 3216 3571 Ἀντιχρίστου
3271 3495 3611 3572 πρόδρομον,
3639 3498 3732 3552 καὶ

2093 3579 2334 3656 ἀρνητήν
2405 3587 2508 3651 τῆς
2570 3579 2864 3656 ὀρθοδόεου
2929 3583 3185 3647 πίστεως.
3252 3585 3348 3648 Εἲς
3416 3586 3584 3658 θυμὸν
3649 3585 3742 3638 οὖν

2093 3669 2183 3723 καὶ
2263 3668 2430 3745 ὀργὴν
2505 3672 2730 3740 κινήσας
2805 3672 2990 3740 αὐτὸν,
3067 3679 3284 3748 πρῶτον
3363 3675 3458 3748 μὲν
3535 3672 3737 3751 ἐτύφθη

2096 3755 2366 3836 σφοδρῶς,
2400 3757 2491 3813 καὶ
2539 3758 2614 3821 εἷς
2671 3758 2920 3830 φυλακὴν
2969 3757 3266 3834 ἐνεϐλήθη,
3296 3763 3384 3817 καὶ
3440 3763 3542 3817 ὑπὸ
3569 3761 3743 3834 λιμοῦ

2093 3849 2156 3902 τὸ
2207 3851 2368 3921 σῶμα
2422 3846 2858 3921 κατεδαπανήθη.
2911 3853 3042 3908 Εἶτα
3092 3859 3193 3922 τῆς
3244 3855 3494 3930 φυΙακῆς
3539 3846 3746 3922 ἐκϐλη-

2095 3937 2226 4008 Θεῖς,
2284 3939 2376 3993 καὶ
2432 3936 2597 3995 πᾶλιν
2662 3939 3010 4014 ἀναγκασθεὶς
3077 3941 3406 4015 ἀρνήσασθαι
3468 3941 3569 4010 τήν
3631 3945 3740 3994 τῶν

2095 4025 2262 4101 ἁγίων
2321 4027 2541 4082 εἰκόνων
2596 4029 2966 4102 προσκύνησιν
3020 4028 3112 4084 καὶ
3163 4029 3226 4086 τὸ
3281 4025 3462 4099 σέϐας,
3521 4030 3611 4085 καὶ
3663 4031 3743 4102 μὴ

2095 4115 2357 4185 πεισθεὶς,
2417 4114 2490 4179 είς
2549 4115 2756 4188 ὲξορίαν
2815 4118 3231 4177 ἀποστέλλεται.
3294 4119 3391 4174 Καὶ
3443 4119 3555 4175 ἐκεῖ
3599 4115 3746 4174 πολ-

2098 4201 2231 4266 λοὺς
2259 4205 2595 4278 πειρασμοὺς
2645 4206 2961 4280 ὑπομείνας,
3015 4209 3104 4264 καὶ
3159 4208 3324 4284 μυρία
3351 4205 3501 4264 δεινᾶ
3527 4207 3744 4280 παθὼν,

2097 4293 2186 4348 καὶ
2245 4292 2330 4348 ἐπὶ
2389 4300 2519 4349 πᾶσι
2574 4295 2665 4350 τὸν
2727 4296 2855 4352 Θεὸν
2917 4293 3172 4370 δοξάζων,
3228 4298 3318 4353 καὶ
3368 4301 3448 4370 τῷ
3513 4298 3743 4370 ὀνόματι

2096 4385 2175 4454 τῷ
2231 4382 2368 4456 ἁγίῳ
2425 4382 2593 4440 αὐτοῦ
2649 4383 3008 4462 εὐχαριστῶν,
3065 4387 3201 4463 πρὸς
3260 4386 3494 4462 Χριστὸν
3528 4387 3742 4463 χαίρων

2026 4493 2074 4558 D
2102 4468 2251 4544 ὲξεδή
2262 4493 2453 4546 μησεν.

2659 4591 2810 4648 ΜΙΙΝ
2817 4591 2838 4648 Ι
2873 4595 2957 4645 ΤΩ
2994 4594 3186 4648 ΑΥΤΩ.

2896 4707 2950 4762 Γ,

2171 4794 2440 4868 1Ἀθλησις
2487 4800 2585 4852 τοῦ
2629 4799 2660 4852 ἀ
2702 4796 2785 4852 ίου
2828 4796 3026 4874 ἱερομά
3061 4817 3221 4872 τυρος
3266 4799 3549 4855 Διονυσίου
3575 4802 3672 4857 τοῦ

2382 4818 2800 4926 Ἀρεοπαγίτου.
2851 4817 3148 4926 imminet)
3195 4870 3459 4926 Ἀθηνῶν.

2382 4868 2800 4945 Ἀρεοπαγίτου,
2851 4868 3148 4926 ἐπισκόπου
3195 4870 3459 4942 Ἀθηνῶν.

2167 4987 2230 5044 Ὀ
2265 4982 2428 5062 μέγας
2458 4987 2736 5052 Διονύσιος
2766 4987 2984 5063 ὑπῆρχε
3035 4987 3132 5060 μὶν
3162 4985 3214 5042 ἐν
3247 4989 3455 5059 Ἀθήνη
3483 4992 3550 5063 τῇ
3581 4988 3742 5045 πόλει

2098 5086 2174 5147 εἷς
2225 5091 2332 5140 τῶν
2378 5082 2630 5156 ἐνδόξων,
2683 5086 2772 5141 καὶ
2829 5086 3133 5160 πλουσίων,
3190 5088 3280 5142 καὶ
3337 5093 3535 5166 σοφῶν·
3570 5084 3744 5162 ἔκρινε

2099 5169 2158 5227 δὲ
2213 5172 2289 5238 είς
2364 5174 2456 5229 τὸν
2535 5171 2828 5248 λεγόμενον
2906 5176 3118 5250 Ἀρειον
3178 5175 3346 5251 πάγον
3410 5177 3503 5238 τὰς
3567 5173 3743 5238 δίκας.

2097 5260 2460 5326 Ἀπελθόντος
2524 5260 2580 5318 δὲ
2643 5266 2739 5318 τοῦ
2805 5261 2957 5339 ἁγίου
3022 5262 3332 5322 ἀποστόλου
3389 5264 3608 5321 Παύλου
3667 5263 3746 5326 εἷς

2097 5350 2352 5422 Ἀθήνας,
2409 5351 2498 5406 καὶ
2557 5350 2921 5427 κηρύττοντος
2973 5353 3064 5409 τὸν
3131 5356 3382 5431 Χριστὸν,
3439 5353 3612 5430 ταχὺς
3669 5348 3745 5407 ὤν

2094 5441 2195 5509 τὴν
2250 5440 2480 5510 σύνεσιν,
2535 5439 2744 5515 ἐπέγνω
2799 5442 2898 5511 τήν
2957 5443 3240 5515 ἀλήθειαν,
3299 5444 3390 5499 καί
3438 5443 3744 5500 ὶπίστευσεν

2095 5528 2173 5592 εἰς
2249 5529 2506 5606 Χριστόν.
2583 5531 2683 5589 Καὶ
2766 5532 3101 5608 βαπτισθεὶς,
3159 5538 3558 5609 χειροτονεῖται
3623 5533 3747 5589 ἐπί.

2093 5621 2591 5691 σκοποςἋθηνῶνο
2653 5616 2918 5676 διδάσκων
2972 5618 3218 5683 πολλοὺς
3270 5625 3380 5677 τῶν
3435 5621 3748 5697 Ἑλλήνων,
