  <div class='ocr_page' id='page_1' title='image "/cluster/home/n/w/nwhite01/storage/ocr_20150623/117/hvd.32044073502239/048.png"; bbox 0 0 4030 6196; ppageno 0'>
   <div class='ocr_carea' id='block_1_1' title="bbox 268 281 3690 354">
    <p class='ocr_par' dir='ltr' id='par_1_1' title="bbox 268 281 3690 354">
     <span class='ocr_line' id='line_1_1' title="bbox 268 281 3690 354; baseline -0.004 0"><span class='ocrx_word' id='word_1_1' title='bbox 268 295 350 354; x_wconf 73' lang='grc'><strong>85</strong></span> <span class='ocrx_word' id='word_1_2' title='bbox 1777 285 2165 349; x_wconf 84' lang='lat' dir='ltr'>OCTOBER.</span> <span class='ocrx_word' id='word_1_3' title='bbox 3609 281 3690 342; x_wconf 88' lang='lat'>86</span> 
     </span>
    </p>
   </div>
   <div class='ocr_carea' id='block_1_2' title="bbox 276 416 1922 513">
    <p class='ocr_par' dir='ltr' id='par_1_2' title="bbox 276 416 1922 513">
     <span class='ocr_line' id='line_1_2' title="bbox 276 416 1922 513; baseline -0.005 -32"><span class='ocrx_word' id='word_1_4' title='bbox 276 427 373 481; x_wconf 80' lang='grc' dir='ltr'>καὶ</span> <span class='ocrx_word' id='word_1_5' title='bbox 400 428 534 499; x_wconf 81' lang='grc' dir='ltr'>πρὸς</span> <span class='ocrx_word' id='word_1_6' title='bbox 563 425 680 513; x_wconf 77' lang='grc' dir='ltr'>Θεὸν</span> <span class='ocrx_word' id='word_1_7' title='bbox 711 424 1072 501; x_wconf 72' lang='grc' dir='ltr'>ἐπιστρέφων,</span> <span class='ocrx_word' id='word_1_8' title='bbox 1129 425 1214 479; x_wconf 83' lang='grc' dir='ltr'>καὶ</span> <span class='ocrx_word' id='word_1_9' title='bbox 1275 422 1570 499; x_wconf 78' lang='grc' dir='ltr'>βαπτίζων.</span> <span class='ocrx_word' id='word_1_10' title='bbox 1625 421 1834 493; x_wconf 83' lang='grc' dir='ltr'>Ἐμαθε</span> <span class='ocrx_word' id='word_1_11' title='bbox 1866 416 1922 473; x_wconf 75' lang='grc' dir='ltr'>δὲ</span> 
     </span>
    </p>
   </div>
   <div class='ocr_carea' id='block_1_3' title="bbox 2036 416 3685 513">
    <p class='ocr_par' dir='ltr' id='par_1_3' title="bbox 2036 433 3685 513">
     <span class='ocr_line' id='line_1_3' title="bbox 2036 433 3685 513; baseline -0.004 -17"><span class='ocrx_word' id='word_1_12' title='bbox 2036 438 2365 513; x_wconf 75' lang='lat' dir='ltr'>baptizavit.</span> <span class='ocrx_word' id='word_1_13' title='bbox 2400 442 2616 498; x_wconf 86' lang='lat' dir='ltr'>Didicit</span> <span class='ocrx_word' id='word_1_14' title='bbox 2668 441 2848 496; x_wconf 87' lang='lat' dir='ltr'>etiam</span> <span class='ocrx_word' id='word_1_15' title='bbox 2904 454 3122 494; x_wconf 88' lang='lat' dir='ltr'>arcana</span> <span class='ocrx_word' id='word_1_16' title='bbox 3178 436 3280 491; x_wconf 88' lang='lat' dir='ltr'>Dei</span> <span class='ocrx_word' id='word_1_17' title='bbox 3338 433 3685 507; x_wconf 87' lang='lat' dir='ltr'>mysteriaa</span> 
     </span>
    </p>
   </div>
   <div class='ocr_carea' id='block_1_4' title="bbox 283 507 1930 588">
    <p class='ocr_par' dir='ltr' id='par_1_4' title="bbox 283 507 1930 588">
     <span class='ocr_line' id='line_1_4' title="bbox 283 507 1930 588; baseline -0.005 -19"><span class='ocrx_word' id='word_1_18' title='bbox 283 516 379 569; x_wconf 74' lang='grc' dir='ltr'>καὶ</span> <span class='ocrx_word' id='word_1_19' title='bbox 409 517 474 568; x_wconf 67' lang='grc' dir='ltr'>τὰ</span> <span class='ocrx_word' id='word_1_20' title='bbox 503 512 774 587; x_wconf 65' lang='grc' dir='ltr'>ἀπόρέητα</span> <span class='ocrx_word' id='word_1_21' title='bbox 818 534 1100 588; x_wconf 83' lang='grc' dir='ltr'>μυστηρια</span> <span class='ocrx_word' id='word_1_22' title='bbox 1126 517 1225 567; x_wconf 77' lang='grc' dir='ltr'>τοῦ</span> <span class='ocrx_word' id='word_1_23' title='bbox 1280 517 1413 570; x_wconf 81' lang='grc' dir='ltr'>Θεοῦ</span> <span class='ocrx_word' id='word_1_24' title='bbox 1462 512 1565 567; x_wconf 80' lang='grc' dir='ltr'>ὑπὸ</span> <span class='ocrx_word' id='word_1_25' title='bbox 1618 514 1720 565; x_wconf 79' lang='grc' dir='ltr'>τοῦ</span> <span class='ocrx_word' id='word_1_26' title='bbox 1777 507 1930 583; x_wconf 75' lang='grc' dir='ltr'>ἁγίου</span> 
     </span>
    </p>
   </div>
   <div class='ocr_carea' id='block_1_5' title="bbox 278 589 1931 678">
    <p class='ocr_par' dir='ltr' id='par_1_5' title="bbox 278 589 1931 678">
     <span class='ocr_line' id='line_1_5' title="bbox 278 589 1931 678; baseline -0.005 -19"><span class='ocrx_word' id='word_1_27' title='bbox 278 589 534 678; x_wconf 68' lang='grc' dir='ltr'>Ἰεροθέου</span> <span class='ocrx_word' id='word_1_28' title='bbox 584 606 678 656; x_wconf 77' lang='grc' dir='ltr'>τοῦ</span> <span class='ocrx_word' id='word_1_29' title='bbox 750 602 1070 678; x_wconf 73' lang='grc' dir='ltr'>ἐρισκόπου.</span> <span class='ocrx_word' id='word_1_30' title='bbox 1131 603 1234 658; x_wconf 84' lang='grc' dir='ltr'>Καὶ</span> <span class='ocrx_word' id='word_1_31' title='bbox 1309 602 1680 677; x_wconf 77' lang='grc' dir='ltr'>συνεγράψατο</span> <span class='ocrx_word' id='word_1_32' title='bbox 1741 594 1931 674; x_wconf 75' lang='grc' dir='ltr'>βιϐλία</span> 
     </span>
    </p>
   </div>
   <div class='ocr_carea' id='block_1_6' title="bbox 278 683 1929 767">
    <p class='ocr_par' dir='ltr' id='par_1_6' title="bbox 278 683 1929 767">
     <span class='ocr_line' id='line_1_6' title="bbox 278 683 1929 767; baseline -0.002 -22"><span class='ocrx_word' id='word_1_33' title='bbox 278 691 450 745; x_wconf 66' lang='grc' dir='ltr'>πολλὰ</span> <span class='ocrx_word' id='word_1_34' title='bbox 488 691 604 760; x_wconf 75' lang='grc' dir='ltr'>περί</span> <span class='ocrx_word' id='word_1_35' title='bbox 660 696 771 745; x_wconf 83' lang='grc' dir='ltr'>τῶν</span> <span class='ocrx_word' id='word_1_36' title='bbox 831 691 1176 767; x_wconf 74' lang='grc' dir='ltr'>ἐπουρανίων</span> <span class='ocrx_word' id='word_1_37' title='bbox 1236 689 1540 763; x_wconf 73' lang='grc' dir='ltr'>δυνάμεων.</span> <span class='ocrx_word' id='word_1_38' title='bbox 1602 683 1929 758; x_wconf 72' lang='grc' dir='ltr'>Διαϐληθεὶς</span> 
     </span>
    </p>
   </div>
   <div class='ocr_carea' id='block_1_7' title="bbox 273 776 1925 855">
    <p class='ocr_par' dir='ltr' id='par_1_7' title="bbox 273 776 1925 855">
     <span class='ocr_line' id='line_1_7' title="bbox 273 776 1925 855; baseline -0.002 -22"><span class='ocrx_word' id='word_1_39' title='bbox 273 779 322 833; x_wconf 75' lang='grc' dir='ltr'>δὲ</span> <span class='ocrx_word' id='word_1_40' title='bbox 350 784 427 849; x_wconf 78' lang='grc' dir='ltr'>τῷ</span> <span class='ocrx_word' id='word_1_41' title='bbox 453 782 560 832; x_wconf 71' lang='grc' dir='ltr'>τῶν</span> <span class='ocrx_word' id='word_1_42' title='bbox 591 781 840 849; x_wconf 78' lang='grc' dir='ltr'>Ἀθηνῶν</span> <span class='ocrx_word' id='word_1_43' title='bbox 872 777 1103 855; x_wconf 67' lang='grc' dir='ltr'>ἄρχοντι</span> <span class='ocrx_word' id='word_1_44' title='bbox 1151 780 1296 853; x_wconf 84' lang='grc' dir='ltr'>παρᾶ</span> <span class='ocrx_word' id='word_1_45' title='bbox 1326 783 1431 833; x_wconf 81' lang='grc' dir='ltr'>τῶν</span> <span class='ocrx_word' id='word_1_46' title='bbox 1467 776 1925 849; x_wconf 77' lang='grc' dir='ltr'>είδωλολατρῶν,</span> 
     </span>
    </p>
   </div>
   <div class='ocr_carea' id='block_1_8' title="bbox 265 866 1933 942">
    <p class='ocr_par' dir='ltr' id='par_1_8' title="bbox 265 866 1933 942">
     <span class='ocr_line' id='line_1_8' title="bbox 265 866 1933 942; baseline -0.002 -20"><span class='ocrx_word' id='word_1_47' title='bbox 265 867 531 939; x_wconf 37' lang='grc' dir='ltr'>ἐκεοαθήθη</span> <span class='ocrx_word' id='word_1_48' title='bbox 582 869 723 940; x_wconf 74' lang='grc' dir='ltr'>μετὰ</span> <span class='ocrx_word' id='word_1_49' title='bbox 777 866 874 923; x_wconf 71' lang='grc' dir='ltr'>δύο</span> <span class='ocrx_word' id='word_1_50' title='bbox 938 872 1197 942; x_wconf 81' lang='grc' dir='ltr'>μαθητῶν</span> <span class='ocrx_word' id='word_1_51' title='bbox 1230 869 1422 937; x_wconf 78' lang='grc' dir='ltr'>αὐτοῦ,</span> <span class='ocrx_word' id='word_1_52' title='bbox 1462 869 1551 922; x_wconf 82' lang='grc' dir='ltr'>καὶ</span> <span class='ocrx_word' id='word_1_53' title='bbox 1610 866 1799 922; x_wconf 86' lang='grc' dir='ltr'>πολλὰ</span> <span class='ocrx_word' id='word_1_54' title='bbox 1847 886 1933 920; x_wconf 89' lang='grc' dir='ltr'>τι-</span> 
     </span>
    </p>
   </div>
   <div class='ocr_carea' id='block_1_9' title="bbox 261 952 1930 1034">
    <p class='ocr_par' dir='ltr' id='par_1_9' title="bbox 261 952 1930 1034">
     <span class='ocr_line' id='line_1_9' title="bbox 261 952 1930 1034; baseline -0.001 -25"><span class='ocrx_word' id='word_1_55' title='bbox 261 957 628 1028; x_wconf 75' lang='grc' dir='ltr'>μωρηθὲντες,</span> <span class='ocrx_word' id='word_1_56' title='bbox 683 962 905 1029; x_wconf 77' lang='grc' dir='ltr'>πρῶτος</span> <span class='ocrx_word' id='word_1_57' title='bbox 971 959 1065 1031; x_wconf 69' lang='grc' dir='ltr'>μὲν</span> <span class='ocrx_word' id='word_1_58' title='bbox 1121 959 1285 1019; x_wconf 79' lang='grc' dir='ltr'>αὐτός</span> <span class='ocrx_word' id='word_1_59' title='bbox 1348 954 1781 1034; x_wconf 74' lang='grc' dir='ltr'>ἀπεκεφαλίσθη.</span> <span class='ocrx_word' id='word_1_60' title='bbox 1832 952 1930 1007; x_wconf 82' lang='grc' dir='ltr'>Καὶ</span> 
     </span>
    </p>
   </div>
   <div class='ocr_carea' id='block_1_10' title="bbox 260 1042 1930 1123">
    <p class='ocr_par' dir='ltr' id='par_1_10' title="bbox 260 1042 1930 1123">
     <span class='ocr_line' id='line_1_10' title="bbox 260 1042 1930 1123; baseline -0.002 -24"><span class='ocrx_word' id='word_1_61' title='bbox 260 1044 547 1116; x_wconf 65' lang='grc' dir='ltr'>δεξάμενος</span> <span class='ocrx_word' id='word_1_62' title='bbox 606 1048 709 1116; x_wconf 81' lang='grc' dir='ltr'>τήν</span> <span class='ocrx_word' id='word_1_63' title='bbox 765 1046 1012 1123; x_wconf 74' lang='grc' dir='ltr'>κεφαλὴν</span> <span class='ocrx_word' id='word_1_64' title='bbox 1074 1046 1242 1102; x_wconf 74' lang='grc' dir='ltr'>αὑτοῦ</span> <span class='ocrx_word' id='word_1_65' title='bbox 1290 1052 1412 1109; x_wconf 87' lang='grc' dir='ltr'>ταῖς</span> <span class='ocrx_word' id='word_1_66' title='bbox 1473 1044 1703 1107; x_wconf 72' lang='grc' dir='ltr'>οἰκείαις</span> <span class='ocrx_word' id='word_1_67' title='bbox 1749 1042 1930 1119; x_wconf 84' lang='grc' dir='ltr'>χερσὶ,</span> 
     </span>
    </p>
   </div>
   <div class='ocr_carea' id='block_1_11' title="bbox 262 1129 1929 1209">
    <p class='ocr_par' dir='ltr' id='par_1_11' title="bbox 262 1129 1929 1209">
     <span class='ocr_line' id='line_1_11' title="bbox 262 1129 1929 1209; baseline -0.001 -22"><span class='ocrx_word' id='word_1_68' title='bbox 262 1133 634 1207; x_wconf 72' lang='grc' dir='ltr'>περιεπάτησε</span> <span class='ocrx_word' id='word_1_69' title='bbox 716 1134 884 1207; x_wconf 86' lang='grc' dir='ltr'>μίλια</span> <span class='ocrx_word' id='word_1_70' title='bbox 939 1133 1059 1192; x_wconf 76' lang='grc' dir='ltr'>δύο.</span> <span class='ocrx_word' id='word_1_71' title='bbox 1121 1134 1218 1190; x_wconf 81' lang='grc' dir='ltr'>Καὶ</span> <span class='ocrx_word' id='word_1_72' title='bbox 1280 1134 1341 1190; x_wconf 77' lang='grc' dir='ltr'>οὗ</span> <span class='ocrx_word' id='word_1_73' title='bbox 1395 1134 1659 1209; x_wconf 87' lang='grc' dir='ltr'>πρότερον</span> <span class='ocrx_word' id='word_1_74' title='bbox 1717 1129 1929 1202; x_wconf 76' lang='grc' dir='ltr'>ἔθηκεν,</span> 
     </span>
    </p>
   </div>
   <div class='ocr_carea' id='block_1_12' title="bbox 263 1219 1930 1300">
    <p class='ocr_par' dir='ltr' id='par_1_12' title="bbox 263 1219 1930 1300">
     <span class='ocr_line' id='line_1_12' title="bbox 263 1219 1930 1300; baseline -0.001 -25"><span class='ocrx_word' id='word_1_75' title='bbox 263 1222 429 1290; x_wconf 74' lang='grc' dir='ltr'>αὐτὴν</span> <span class='ocrx_word' id='word_1_76' title='bbox 465 1269 482 1293; x_wconf 89' lang='grc'>,</span> <span class='ocrx_word' id='word_1_77' title='bbox 547 1219 656 1284; x_wconf 64' lang='grc' dir='ltr'>ἕως</span> <span class='ocrx_word' id='word_1_78' title='bbox 744 1225 1020 1295; x_wconf 74' lang='grc' dir='ltr'>συήντησε</span> <span class='ocrx_word' id='word_1_79' title='bbox 1112 1222 1331 1300; x_wconf 82' lang='grc' dir='ltr'>γυναικὶ</span> <span class='ocrx_word' id='word_1_80' title='bbox 1420 1223 1721 1297; x_wconf 76' lang='grc' dir='ltr'>Χριστιανῇ</span> <span class='ocrx_word' id='word_1_81' title='bbox 1754 1264 1767 1289; x_wconf 93' lang='grc'>,</span> <span class='ocrx_word' id='word_1_82' title='bbox 1840 1219 1930 1274; x_wconf 82' lang='grc' dir='ltr'>καὶ</span> 
     </span>
    </p>
   </div>
   <div class='ocr_carea' id='block_1_13' title="bbox 264 1309 1931 1387">
    <p class='ocr_par' dir='ltr' id='par_1_13' title="bbox 264 1309 1931 1387">
     <span class='ocr_line' id='line_1_13' title="bbox 264 1309 1931 1387; baseline -0.001 -22"><span class='ocrx_word' id='word_1_83' title='bbox 264 1309 534 1366; x_wconf 66' lang='grc' dir='ltr'>ὲπᾶδωκεν</span> <span class='ocrx_word' id='word_1_84' title='bbox 596 1311 789 1382; x_wconf 75' lang='grc' dir='ltr'>αὐτην.</span> <span class='ocrx_word' id='word_1_85' title='bbox 858 1315 1091 1370; x_wconf 80' lang='grc' dir='ltr'>Ἔπειτα</span> <span class='ocrx_word' id='word_1_86' title='bbox 1166 1311 1681 1387; x_wconf 78' lang='grc' dir='ltr'>ἀπεκεφαλίσθησαν</span> <span class='ocrx_word' id='word_1_87' title='bbox 1730 1309 1818 1365; x_wconf 80' lang='grc' dir='ltr'>καὶ</span> <span class='ocrx_word' id='word_1_88' title='bbox 1880 1310 1931 1364; x_wconf 77' lang='grc' dir='ltr'>οἱ</span> 
     </span>
    </p>
   </div>
   <div class='ocr_carea' id='block_1_14' title="bbox 276 1398 873 1474">
    <p class='ocr_par' dir='ltr' id='par_1_14' title="bbox 276 1398 873 1474">
     <span class='ocr_line' id='line_1_14' title="bbox 276 1398 873 1474; baseline 0.008 -20"><span class='ocrx_word' id='word_1_89' title='bbox 276 1398 369 1455; x_wconf 66' lang='grc' dir='ltr'>δόο</span> <span class='ocrx_word' id='word_1_90' title='bbox 405 1402 658 1474; x_wconf 82' lang='grc' dir='ltr'>μαθηταί</span> <span class='ocrx_word' id='word_1_91' title='bbox 685 1401 873 1459; x_wconf 76' lang='grc' dir='ltr'>αὐτοῦ.</span> 
     </span>
    </p>
   </div>
   <div class='ocr_carea' id='block_1_15' title="bbox 841 1518 1363 1577">
    <p class='ocr_par' dir='ltr' id='par_1_15' title="bbox 841 1518 1363 1577">
     <span class='ocr_line' id='line_1_15' title="bbox 841 1518 1363 1577; baseline -0.006 -2"><span class='ocrx_word' id='word_1_92' title='bbox 841 1518 1030 1577; x_wconf 77' lang='lat' dir='ltr'><strong>MHNI</strong></span> <span class='ocrx_word' id='word_1_93' title='bbox 1061 1520 1150 1575; x_wconf 83' lang='grc' dir='ltr'>ΤΩ</span> <span class='ocrx_word' id='word_1_94' title='bbox 1177 1521 1363 1576; x_wconf 81' lang='grc' dir='ltr'><strong>ΑΥΤΩ</strong></span> 
     </span>
    </p>
   </div>
   <div class='ocr_carea' id='block_1_16' title="bbox 1082 1636 1134 1691">
    <p class='ocr_par' dir='ltr' id='par_1_16' title="bbox 1082 1636 1134 1691">
     <span class='ocr_line' id='line_1_16' title="bbox 1082 1636 1134 1691; baseline 0 -36"><span class='ocrx_word' id='word_1_95' title='bbox 1082 1636 1134 1691; x_wconf 66' lang='grc' dir='ltr'>Δ,</span> 
     </span>
    </p>
   </div>
   <div class='ocr_carea' id='block_1_17' title="bbox 2044 524 3686 602">
    <p class='ocr_par' dir='ltr' id='par_1_17' title="bbox 2044 524 3686 602">
     <span class='ocr_line' id='line_1_17' title="bbox 2044 524 3686 602; baseline -0.004 -17"><span class='ocrx_word' id='word_1_96' title='bbox 2044 538 2247 588; x_wconf 88' lang='lat' dir='ltr'>sancto</span> <span class='ocrx_word' id='word_1_97' title='bbox 2280 532 2596 587; x_wconf 89' lang='lat' dir='ltr'>Hierotheo</span> <span class='ocrx_word' id='word_1_98' title='bbox 2631 531 2931 602; x_wconf 89' lang='lat' dir='ltr'>episcopo,</span> <span class='ocrx_word' id='word_1_99' title='bbox 2956 534 3013 582; x_wconf 91' lang='lat' dir='ltr'>et</span> <span class='ocrx_word' id='word_1_100' title='bbox 3032 527 3252 582; x_wconf 89' lang='lat' dir='ltr'>multos</span> <span class='ocrx_word' id='word_1_101' title='bbox 3281 524 3466 580; x_wconf 89' lang='lat' dir='ltr'>libros</span> <span class='ocrx_word' id='word_1_102' title='bbox 3487 524 3559 579; x_wconf 91' lang='lat' dir='ltr'>de</span> <span class='ocrx_word' id='word_1_103' title='bbox 3576 541 3686 579; x_wconf 73' lang='lat' dir='ltr'>caa-</span> 
     </span>
    </p>
   </div>
   <div class='ocr_carea' id='block_1_18' title="bbox 2042 612 3685 688">
    <p class='ocr_par' dir='ltr' id='par_1_18' title="bbox 2042 612 3685 688">
     <span class='ocr_line' id='line_1_18' title="bbox 2042 612 3685 688; baseline -0.005 -13"><span class='ocrx_word' id='word_1_104' title='bbox 2042 620 2292 677; x_wconf 90' lang='lat' dir='ltr'>lestibus</span> <span class='ocrx_word' id='word_1_105' title='bbox 2324 622 2636 676; x_wconf 75' lang='lat' dir='ltr'>virtutibus</span> <span class='ocrx_word' id='word_1_106' title='bbox 2676 617 3047 688; x_wconf 83' lang='lat' dir='ltr'>conscripsit.</span> <span class='ocrx_word' id='word_1_107' title='bbox 3100 616 3339 671; x_wconf 84' lang='lat' dir='ltr'>Delatus</span> <span class='ocrx_word' id='word_1_108' title='bbox 3383 620 3579 669; x_wconf 87' lang='lat' dir='ltr'>autem</span> <span class='ocrx_word' id='word_1_109' title='bbox 3613 612 3685 669; x_wconf 92' lang='lat' dir='ltr'>ad</span> 
     </span>
    </p>
   </div>
   <div class='ocr_carea' id='block_1_19' title="bbox 2042 704 3684 782">
    <p class='ocr_par' dir='ltr' id='par_1_19' title="bbox 2042 704 3684 782">
     <span class='ocr_line' id='line_1_19' title="bbox 2042 704 3684 782; baseline -0.007 -15"><span class='ocrx_word' id='word_1_110' title='bbox 2042 714 2407 767; x_wconf 81' lang='lat' dir='ltr'>Athenarum</span> <span class='ocrx_word' id='word_1_111' title='bbox 2439 711 2781 782; x_wconf 65' lang='lat' dir='ltr'>prsefectum</span> <span class='ocrx_word' id='word_1_112' title='bbox 2818 707 2889 763; x_wconf 89' lang='lat' dir='ltr'>ab</span> <span class='ocrx_word' id='word_1_113' title='bbox 2909 706 3197 773; x_wconf 89' lang='lat' dir='ltr'>idolatris,</span> <span class='ocrx_word' id='word_1_114' title='bbox 3230 704 3684 775; x_wconf 77' lang='lat' dir='ltr'>comprehendi~</span> 
     </span>
    </p>
   </div>
   <div class='ocr_carea' id='block_1_20' title="bbox 2043 792 3685 867">
    <p class='ocr_par' dir='ltr' id='par_1_20' title="bbox 2043 792 3685 867">
     <span class='ocr_line' id='line_1_20' title="bbox 2043 792 3685 867; baseline -0.006 -11"><span class='ocrx_word' id='word_1_115' title='bbox 2043 807 2138 856; x_wconf 90' lang='lat' dir='ltr'>tur</span> <span class='ocrx_word' id='word_1_116' title='bbox 2167 818 2301 856; x_wconf 90' lang='lat' dir='ltr'>cum</span> <span class='ocrx_word' id='word_1_117' title='bbox 2360 800 2587 854; x_wconf 87' lang='lat' dir='ltr'>duobus</span> <span class='ocrx_word' id='word_1_118' title='bbox 2637 796 2993 867; x_wconf 87' lang='lat' dir='ltr'>discipulis:</span> <span class='ocrx_word' id='word_1_119' title='bbox 3037 810 3291 863; x_wconf 90' lang='lat' dir='ltr'>cumque</span> <span class='ocrx_word' id='word_1_120' title='bbox 3345 792 3533 847; x_wconf 89' lang='lat' dir='ltr'>multa</span> <span class='ocrx_word' id='word_1_121' title='bbox 3565 797 3685 847; x_wconf 84' lang='lat' dir='ltr'>tor-</span> 
     </span>
    </p>
   </div>
   <div class='ocr_carea' id='block_1_21' title="bbox 2042 881 3686 957">
    <p class='ocr_par' dir='ltr' id='par_1_21' title="bbox 2042 881 3686 957">
     <span class='ocr_line' id='line_1_21' title="bbox 2042 881 3686 957; baseline -0.007 -12"><span class='ocrx_word' id='word_1_122' title='bbox 2042 895 2245 945; x_wconf 91' lang='lat' dir='ltr'>menta</span> <span class='ocrx_word' id='word_1_123' title='bbox 2272 889 2612 955; x_wconf 89' lang='lat' dir='ltr'>subiissent,</span> <span class='ocrx_word' id='word_1_124' title='bbox 2645 887 2871 957; x_wconf 91' lang='lat' dir='ltr'>primus</span> <span class='ocrx_word' id='word_1_125' title='bbox 2901 884 3140 955; x_wconf 84' lang='lat' dir='ltr'>quidem</span> <span class='ocrx_word' id='word_1_126' title='bbox 3178 883 3303 953; x_wconf 90' lang='lat' dir='ltr'>ipse</span> <span class='ocrx_word' id='word_1_127' title='bbox 3335 881 3686 946; x_wconf 89' lang='lat' dir='ltr'>decollatur,</span> 
     </span>
    </p>
   </div>
   <div class='ocr_carea' id='block_1_22' title="bbox 2043 970 3683 1049">
    <p class='ocr_par' dir='ltr' id='par_1_22' title="bbox 2043 970 3683 1049">
     <span class='ocr_line' id='line_1_22' title="bbox 2043 970 3683 1049; baseline -0.007 -15"><span class='ocrx_word' id='word_1_128' title='bbox 2043 979 2143 1049; x_wconf 90' lang='lat' dir='ltr'>qui</span> <span class='ocrx_word' id='word_1_129' title='bbox 2176 980 2297 1033; x_wconf 87' lang='lat' dir='ltr'>suis</span> <span class='ocrx_word' id='word_1_130' title='bbox 2329 978 2608 1032; x_wconf 89' lang='lat' dir='ltr'>manibus</span> <span class='ocrx_word' id='word_1_131' title='bbox 2641 980 2819 1046; x_wconf 88' lang='lat' dir='ltr'>caput</span> <span class='ocrx_word' id='word_1_132' title='bbox 2839 974 2912 1028; x_wconf 92' lang='lat' dir='ltr'>ad</span> <span class='ocrx_word' id='word_1_133' title='bbox 2944 973 3059 1027; x_wconf 93' lang='lat' dir='ltr'>duo</span> <span class='ocrx_word' id='word_1_134' title='bbox 3088 971 3367 1026; x_wconf 82' lang='lat' dir='ltr'>milliaria</span> <span class='ocrx_word' id='word_1_135' title='bbox 3422 970 3683 1037; x_wconf 88' lang='lat' dir='ltr'>sustulit,</span> 
     </span>
    </p>
   </div>
   <div class='ocr_carea' id='block_1_23' title="bbox 2042 1059 3687 1141">
    <p class='ocr_par' dir='ltr' id='par_1_23' title="bbox 2042 1059 3687 1141">
     <span class='ocr_line' id='line_1_23' title="bbox 2042 1059 3687 1141; baseline -0.005 -18"><span class='ocrx_word' id='word_1_136' title='bbox 2042 1086 2153 1124; x_wconf 89' lang='lat' dir='ltr'>nec</span> <span class='ocrx_word' id='word_1_137' title='bbox 2194 1070 2362 1141; x_wconf 91' lang='lat' dir='ltr'>prius</span> <span class='ocrx_word' id='word_1_138' title='bbox 2400 1067 2696 1139; x_wconf 85' lang='lat' dir='ltr'>deposuit,</span> <span class='ocrx_word' id='word_1_139' title='bbox 2738 1080 2915 1135; x_wconf 87' lang='lat' dir='ltr'>quam</span> <span class='ocrx_word' id='word_1_140' title='bbox 2945 1061 3293 1117; x_wconf 67' lang='lat' dir='ltr'>Christianae</span> <span class='ocrx_word' id='word_1_141' title='bbox 3322 1059 3558 1115; x_wconf 81' lang='lat' dir='ltr'>feminae</span> <span class='ocrx_word' id='word_1_142' title='bbox 3584 1060 3687 1115; x_wconf 85' lang='lat' dir='ltr'>ob-</span> 
     </span>
    </p>
   </div>
   <div class='ocr_carea' id='block_1_24' title="bbox 2041 1148 3685 1225">
    <p class='ocr_par' dir='ltr' id='par_1_24' title="bbox 2041 1148 3685 1225">
     <span class='ocr_line' id='line_1_24' title="bbox 2041 1148 3685 1225; baseline -0.005 -13"><span class='ocrx_word' id='word_1_143' title='bbox 2041 1159 2191 1213; x_wconf 84' lang='lat' dir='ltr'>viam</span> <span class='ocrx_word' id='word_1_144' title='bbox 2224 1157 2437 1225; x_wconf 86' lang='lat' dir='ltr'>factus,</span> <span class='ocrx_word' id='word_1_145' title='bbox 2489 1154 2640 1211; x_wconf 91' lang='lat' dir='ltr'>illud</span> <span class='ocrx_word' id='word_1_146' title='bbox 2671 1154 2723 1209; x_wconf 91' lang='lat' dir='ltr'>ei</span> <span class='ocrx_word' id='word_1_147' title='bbox 2757 1151 3017 1208; x_wconf 85' lang='lat' dir='ltr'>tradidit.</span> <span class='ocrx_word' id='word_1_148' title='bbox 3052 1152 3264 1206; x_wconf 86' lang='lat' dir='ltr'>Postea</span> <span class='ocrx_word' id='word_1_149' title='bbox 3293 1154 3351 1205; x_wconf 90' lang='lat' dir='ltr'>et</span> <span class='ocrx_word' id='word_1_150' title='bbox 3383 1149 3499 1204; x_wconf 92' lang='lat' dir='ltr'>duo</span> <span class='ocrx_word' id='word_1_151' title='bbox 3559 1148 3685 1220; x_wconf 83' lang='lat' dir='ltr'>ejus</span> 
     </span>
    </p>
   </div>
   <div class='ocr_carea' id='block_1_25' title="bbox 2042 1241 3101 1318">
    <p class='ocr_par' dir='ltr' id='par_1_25' title="bbox 2042 1241 3101 1318">
     <span class='ocr_line' id='line_1_25' title="bbox 2042 1241 3101 1318; baseline -0.008 -15"><span class='ocrx_word' id='word_1_152' title='bbox 2042 1246 2322 1318; x_wconf 87' lang='lat' dir='ltr'>discipuli</span> <span class='ocrx_word' id='word_1_153' title='bbox 2356 1246 2547 1317; x_wconf 86' lang='lat' dir='ltr'>capite</span> <span class='ocrx_word' id='word_1_154' title='bbox 2577 1241 2911 1299; x_wconf 86' lang='lat' dir='ltr'>obtruncati</span> <span class='ocrx_word' id='word_1_155' title='bbox 2944 1244 3101 1296; x_wconf 89' lang='lat' dir='ltr'>sunt.</span> 
     </span>
    </p>
   </div>
   <div class='ocr_carea' id='block_1_26' title="bbox 2594 1534 3128 1594">
    <p class='ocr_par' dir='ltr' id='par_1_26' title="bbox 2594 1534 3128 1594">
     <span class='ocr_line' id='line_1_26' title="bbox 2594 1534 3128 1594; baseline -0.009 0"><span class='ocrx_word' id='word_1_156' title='bbox 2594 1538 2836 1594; x_wconf 83' lang='lat' dir='ltr'>EODEM</span> <span class='ocrx_word' id='word_1_157' title='bbox 2875 1534 3128 1591; x_wconf 85' lang='lat' dir='ltr'>MENSE.</span> 
     </span>
    </p>
   </div>
   <div class='ocr_carea' id='block_1_27' title="bbox 2695 1653 3040 1723">
    <p class='ocr_par' dir='ltr' id='par_1_27' title="bbox 2695 1653 3040 1723">
     <span class='ocr_line' id='line_1_27' title="bbox 2695 1653 3040 1723; baseline -0.012 -14"><span class='ocrx_word' id='word_1_158' title='bbox 2695 1653 2798 1709; x_wconf 91' lang='lat' dir='ltr'>Die</span> <span class='ocrx_word' id='word_1_159' title='bbox 2827 1655 3040 1723; x_wconf 88' lang='lat' dir='ltr'>quarta</span> 
     </span>
    </p>
   </div>
   <div class='ocr_carea' id='block_1_28' title="bbox 264 1747 1922 1852">
    <p class='ocr_par' dir='ltr' id='par_1_28' title="bbox 264 1747 1922 1852">
     <span class='ocr_line' id='line_1_28' title="bbox 264 1747 1922 1852; baseline -0.003 -45"><span class='ocrx_word' id='word_1_160' title='bbox 264 1747 540 1820; x_wconf 74' lang='grc' dir='ltr'>’Δθλησις</span> <span class='ocrx_word' id='word_1_161' title='bbox 640 1755 753 1852; x_wconf 32' lang='grc' dir='ltr'>τὶιῖἰν</span> <span class='ocrx_word' id='word_1_162' title='bbox 832 1750 999 1828; x_wconf 81' lang='grc' dir='ltr'>ἁγίων</span> <span class='ocrx_word' id='word_1_163' title='bbox 1083 1751 1373 1827; x_wconf 77' lang='grc' dir='ltr'>μαρτύρων</span> <span class='ocrx_word' id='word_1_164' title='bbox 1458 1747 1756 1807; x_wconf 78' lang='grc' dir='ltr'>Ἀδαύκτου</span> <span class='ocrx_word' id='word_1_165' title='bbox 1834 1749 1922 1803; x_wconf 80' lang='grc' dir='ltr'>καὶ</span> 
     </span>
    </p>
   </div>
   <div class='ocr_carea' id='block_1_29' title="bbox 2036 1747 3691 1852">
    <p class='ocr_par' dir='ltr' id='par_1_29' title="bbox 2041 1760 3691 1838">
     <span class='ocr_line' id='line_1_29' title="bbox 2041 1760 3691 1838; baseline -0.01 -7"><span class='ocrx_word' id='word_1_166' title='bbox 2041 1775 2134 1831; x_wconf 74' lang='lat'>81</span> <span class='ocrx_word' id='word_1_167' title='bbox 2171 1775 2453 1832; x_wconf 73' lang='lat' dir='ltr'>Certamen</span> <span class='ocrx_word' id='word_1_168' title='bbox 2481 1777 2798 1828; x_wconf 83' lang='lat' dir='ltr'>sanctorum</span> <span class='ocrx_word' id='word_1_169' title='bbox 2842 1774 3152 1838; x_wconf 80' lang='lat' dir='ltr'>martyrum</span> <span class='ocrx_word' id='word_1_170' title='bbox 3207 1765 3448 1820; x_wconf 78' lang='lat' dir='ltr'>Adaucti</span> <span class='ocrx_word' id='word_1_171' title='bbox 3476 1770 3529 1819; x_wconf 87' lang='lat' dir='ltr'>et</span> <span class='ocrx_word' id='word_1_172' title='bbox 3562 1760 3691 1817; x_wconf 76' lang='lat' dir='ltr'>Cal-</span> 
     </span>
    </p>
   </div>
   <div class='ocr_carea' id='block_1_30' title="bbox 584 1839 1608 1917">
    <p class='ocr_par' dir='ltr' id='par_1_30' title="bbox 584 1839 1608 1917">
     <span class='ocr_line' id='line_1_30' title="bbox 584 1839 1608 1917; baseline 0.003 -21"><span class='ocrx_word' id='word_1_173' title='bbox 584 1839 955 1911; x_wconf 70' lang='grc' dir='ltr'>Καλλισθὲνης</span> <span class='ocrx_word' id='word_1_174' title='bbox 986 1848 1083 1911; x_wconf 85' lang='grc' dir='ltr'>τῆς</span> <span class='ocrx_word' id='word_1_175' title='bbox 1112 1842 1280 1897; x_wconf 76' lang='grc' dir='ltr'>αὐτοῦ</span> <span class='ocrx_word' id='word_1_176' title='bbox 1319 1839 1608 1917; x_wconf 84' lang='grc' dir='ltr'>θυγατρός.</span> 
     </span>
    </p>
   </div>
   <div class='ocr_carea' id='block_1_31' title="bbox 335 1954 1919 2033">
    <p class='ocr_par' dir='ltr' id='par_1_31' title="bbox 335 1954 1919 2033">
     <span class='ocr_line' id='line_1_31' title="bbox 335 1954 1919 2033; baseline -0.001 -21"><span class='ocrx_word' id='word_1_177' title='bbox 335 1954 638 2018; x_wconf 80' lang='grc' dir='ltr'>Ἀδαυκτος</span> <span class='ocrx_word' id='word_1_178' title='bbox 670 1958 698 2011; x_wconf 84' lang='grc' dir='ltr'>ὁ</span> <span class='ocrx_word' id='word_1_179' title='bbox 732 1959 961 2032; x_wconf 70' lang='grc' dir='ltr'>μάρτυς,</span> <span class='ocrx_word' id='word_1_180' title='bbox 1011 1959 1228 2033; x_wconf 83' lang='grc' dir='ltr'>ὑπῆρχε</span> <span class='ocrx_word' id='word_1_181' title='bbox 1278 1958 1375 2031; x_wconf 75' lang='grc' dir='ltr'>μὲν</span> <span class='ocrx_word' id='word_1_182' title='bbox 1430 1958 1535 2013; x_wconf 80' lang='grc' dir='ltr'>ἀπὸ</span> <span class='ocrx_word' id='word_1_183' title='bbox 1562 1964 1665 2026; x_wconf 84' lang='grc' dir='ltr'>τῆς</span> <span class='ocrx_word' id='word_1_184' title='bbox 1704 1956 1919 2018; x_wconf 89' lang='grc' dir='ltr'>πόλεως</span> 
     </span>
    </p>
   </div>
   <div class='ocr_carea' id='block_1_32' title="bbox 265 2043 1916 2121">
    <p class='ocr_par' dir='ltr' id='par_1_32' title="bbox 265 2043 1916 2121">
     <span class='ocr_line' id='line_1_32' title="bbox 265 2043 1916 2121; baseline -0.001 -19"><span class='ocrx_word' id='word_1_185' title='bbox 265 2046 518 2121; x_wconf 60' lang='grc' dir='ltr'>Ἑφέσου.</span> <span class='ocrx_word' id='word_1_186' title='bbox 581 2045 771 2120; x_wconf 72' lang='grc' dir='ltr'>ἰπεῖχε</span> <span class='ocrx_word' id='word_1_187' title='bbox 817 2043 876 2102; x_wconf 79' lang='grc' dir='ltr'>δὶ</span> <span class='ocrx_word' id='word_1_188' title='bbox 898 2048 998 2116; x_wconf 81' lang='grc' dir='ltr'>τὴν</span> <span class='ocrx_word' id='word_1_189' title='bbox 1042 2050 1139 2101; x_wconf 78' lang='grc' dir='ltr'>τοῦ</span> <span class='ocrx_word' id='word_1_190' title='bbox 1196 2044 1390 2108; x_wconf 85' lang='grc' dir='ltr'>δουκὸς</span> <span class='ocrx_word' id='word_1_191' title='bbox 1420 2046 1592 2117; x_wconf 77' lang='grc' dir='ltr'>ἀξίαν,</span> <span class='ocrx_word' id='word_1_192' title='bbox 1650 2044 1740 2101; x_wconf 69' lang='grc' dir='ltr'>ἐπὶ</span> <span class='ocrx_word' id='word_1_193' title='bbox 1800 2048 1916 2103; x_wconf 85' lang='grc' dir='ltr'>Μα-</span> 
     </span>
    </p>
   </div>
   <div class='ocr_carea' id='block_1_33' title="bbox 264 2130 1913 2210">
    <p class='ocr_par' dir='ltr' id='par_1_33' title="bbox 264 2130 1913 2210">
     <span class='ocr_line' id='line_1_33' title="bbox 264 2130 1913 2210; baseline 0.001 -22"><span class='ocrx_word' id='word_1_194' title='bbox 264 2133 481 2206; x_wconf 77' lang='grc' dir='ltr'>ξιμίνου</span> <span class='ocrx_word' id='word_1_195' title='bbox 510 2139 610 2188; x_wconf 75' lang='grc' dir='ltr'>τοῦ</span> <span class='ocrx_word' id='word_1_196' title='bbox 648 2132 942 2209; x_wconf 82' lang='grc' dir='ltr'>βασιλέως,</span> <span class='ocrx_word' id='word_1_197' title='bbox 990 2130 1133 2209; x_wconf 61' lang='grc' dir='ltr'>ἕχων</span> <span class='ocrx_word' id='word_1_198' title='bbox 1180 2135 1271 2190; x_wconf 80' lang='grc' dir='ltr'>καὶ</span> <span class='ocrx_word' id='word_1_199' title='bbox 1330 2136 1597 2210; x_wconf 66' lang='grc' dir='ltr'>θυγατέρα</span> <span class='ocrx_word' id='word_1_200' title='bbox 1650 2134 1913 2210; x_wconf 76' lang='grc' dir='ltr'>παρθένον</span> 
     </span>
    </p>
   </div>
   <div class='ocr_carea' id='block_1_34' title="bbox 261 2220 1916 2299">
    <p class='ocr_par' dir='ltr' id='par_1_34' title="bbox 261 2220 1916 2299">
     <span class='ocr_line' id='line_1_34' title="bbox 261 2220 1916 2299; baseline 0 -24"><span class='ocrx_word' id='word_1_201' title='bbox 261 2223 352 2275; x_wconf 80' lang='grc' dir='ltr'>καὶ</span> <span class='ocrx_word' id='word_1_202' title='bbox 412 2222 827 2299; x_wconf 73' lang='grc' dir='ltr'>εὖμορφοτάτην</span> <span class='ocrx_word' id='word_1_203' title='bbox 864 2268 878 2292; x_wconf 90' lang='grc'>,</span> <span class='ocrx_word' id='word_1_204' title='bbox 939 2221 1310 2290; x_wconf 76' lang='grc' dir='ltr'>Καλλίσθὲνην</span> <span class='ocrx_word' id='word_1_205' title='bbox 1372 2223 1625 2295; x_wconf 79' lang='grc' dir='ltr'>ὀνόματι.</span> <span class='ocrx_word' id='word_1_206' title='bbox 1657 2220 1916 2284; x_wconf 75' lang='grc' dir='ltr'>Ἀκούσας</span> 
     </span>
    </p>
   </div>
   <div class='ocr_carea' id='block_1_35' title="bbox 264 2309 1913 2383">
    <p class='ocr_par' dir='ltr' id='par_1_35' title="bbox 264 2309 1913 2383">
     <span class='ocr_line' id='line_1_35' title="bbox 264 2309 1913 2383; baseline -0.001 -19"><span class='ocrx_word' id='word_1_207' title='bbox 264 2309 327 2365; x_wconf 68' lang='grc' dir='ltr'>δι</span> <span class='ocrx_word' id='word_1_208' title='bbox 356 2312 386 2365; x_wconf 79' lang='grc' dir='ltr'><strong>ὁ</strong></span> <span class='ocrx_word' id='word_1_209' title='bbox 420 2310 722 2383; x_wconf 68' lang='grc' dir='ltr'>Μαξιμίνος</span> <span class='ocrx_word' id='word_1_210' title='bbox 770 2313 893 2382; x_wconf 88' lang='grc' dir='ltr'>περὶ</span> <span class='ocrx_word' id='word_1_211' title='bbox 924 2318 1113 2381; x_wconf 80' lang='grc' dir='ltr'>αυτῆς,</span> <span class='ocrx_word' id='word_1_212' title='bbox 1170 2311 1479 2367; x_wconf 67' lang='grc' dir='ltr'>ἀπέστειλεν</span> <span class='ocrx_word' id='word_1_213' title='bbox 1539 2310 1713 2367; x_wconf 70' lang='grc' dir='ltr'>ἐλθεῖν</span> <span class='ocrx_word' id='word_1_214' title='bbox 1747 2310 1913 2379; x_wconf 77' lang='grc' dir='ltr'>αὐτὴν</span> 
     </span>
    </p>
   </div>
   <div class='ocr_carea' id='block_1_36' title="bbox 262 2397 1912 2476">
    <p class='ocr_par' dir='ltr' id='par_1_36' title="bbox 262 2397 1912 2476">
     <span class='ocr_line' id='line_1_36' title="bbox 262 2397 1912 2476; baseline 0.001 -23"><span class='ocrx_word' id='word_1_215' title='bbox 262 2401 408 2474; x_wconf 83' lang='grc' dir='ltr'>πρὸς</span> <span class='ocrx_word' id='word_1_216' title='bbox 465 2400 620 2454; x_wconf 74' lang='grc' dir='ltr'>αὐτόν</span> <span class='ocrx_word' id='word_1_217' title='bbox 654 2443 669 2456; x_wconf 93' lang='grc'><strong>.</strong></span> <span class='ocrx_word' id='word_1_218' title='bbox 730 2401 792 2456; x_wconf 80' lang='grc' dir='ltr'>Ὀ</span> <span class='ocrx_word' id='word_1_219' title='bbox 860 2398 917 2455; x_wconf 77' lang='grc' dir='ltr'>δὲ</span> <span class='ocrx_word' id='word_1_220' title='bbox 992 2402 1169 2474; x_wconf 78' lang='grc' dir='ltr'>πατὴρ</span> <span class='ocrx_word' id='word_1_221' title='bbox 1227 2401 1393 2471; x_wconf 81' lang='grc' dir='ltr'>αὐτῆς</span> <span class='ocrx_word' id='word_1_222' title='bbox 1439 2397 1664 2476; x_wconf 71' lang='grc' dir='ltr'>ἔκρυψεν</span> <span class='ocrx_word' id='word_1_223' title='bbox 1725 2401 1912 2470; x_wconf 75' lang='grc' dir='ltr'>αὐτὴν,</span> 
     </span>
    </p>
   </div>
   <div class='ocr_carea' id='block_1_37' title="bbox 262 2485 1914 2565">
    <p class='ocr_par' dir='ltr' id='par_1_37' title="bbox 262 2485 1914 2565">
     <span class='ocr_line' id='line_1_37' title="bbox 262 2485 1914 2565; baseline 0.001 -24"><span class='ocrx_word' id='word_1_224' title='bbox 262 2485 601 2565; x_wconf 61' lang='grc' dir='ltr'>φυγαδεύσας</span> <span class='ocrx_word' id='word_1_225' title='bbox 660 2487 737 2550; x_wconf 81' lang='grc' dir='ltr'>είς</span> <span class='ocrx_word' id='word_1_226' title='bbox 793 2488 862 2543; x_wconf 72' lang='grc' dir='ltr'>τὰ</span> <span class='ocrx_word' id='word_1_227' title='bbox 920 2494 1057 2563; x_wconf 73' lang='grc' dir='ltr'>μερη</span> <span class='ocrx_word' id='word_1_228' title='bbox 1117 2496 1216 2558; x_wconf 85' lang='grc' dir='ltr'>τῆς</span> <span class='ocrx_word' id='word_1_229' title='bbox 1273 2488 1594 2557; x_wconf 83' lang='grc' dir='ltr'>Ἀνατολῆς.</span> <span class='ocrx_word' id='word_1_230' title='bbox 1632 2489 1825 2553; x_wconf 84' lang='grc' dir='ltr'>Μαθὼν</span> <span class='ocrx_word' id='word_1_231' title='bbox 1857 2486 1914 2543; x_wconf 77' lang='grc' dir='ltr'>δὶ</span> 
     </span>
    </p>
   </div>
   <div class='ocr_carea' id='block_1_38' title="bbox 261 2578 1908 2654">
    <p class='ocr_par' dir='ltr' id='par_1_38' title="bbox 261 2578 1908 2654">
     <span class='ocr_line' id='line_1_38' title="bbox 261 2578 1908 2654; baseline 0.002 -24"><span class='ocrx_word' id='word_1_232' title='bbox 261 2582 424 2631; x_wconf 68' lang='grc' dir='ltr'>τοῦτο</span> <span class='ocrx_word' id='word_1_233' title='bbox 477 2579 506 2631; x_wconf 78' lang='grc' dir='ltr'>δ</span> <span class='ocrx_word' id='word_1_234' title='bbox 566 2579 875 2651; x_wconf 77' lang='grc' dir='ltr'>Μαξιμῖνος</span> <span class='ocrx_word' id='word_1_235' title='bbox 907 2622 921 2646; x_wconf 87' lang='grc'>,</span> <span class='ocrx_word' id='word_1_236' title='bbox 980 2580 1069 2633; x_wconf 80' lang='grc' dir='ltr'>καὶ</span> <span class='ocrx_word' id='word_1_237' title='bbox 1125 2580 1393 2654; x_wconf 78' lang='grc' dir='ltr'>ὀργισθεὶς</span> <span class='ocrx_word' id='word_1_238' title='bbox 1428 2623 1441 2647; x_wconf 92' lang='grc'>,</span> <span class='ocrx_word' id='word_1_239' title='bbox 1500 2578 1764 2652; x_wconf 74' lang='grc' dir='ltr'>ἐκράτησε</span> <span class='ocrx_word' id='word_1_240' title='bbox 1818 2579 1908 2633; x_wconf 86' lang='grc' dir='ltr'>τὸν</span> 
     </span>
    </p>
   </div>
   <div class='ocr_carea' id='block_1_39' title="bbox 263 2666 1909 2743">
    <p class='ocr_par' dir='ltr' id='par_1_39' title="bbox 263 2666 1909 2743">
     <span class='ocr_line' id='line_1_39' title="bbox 263 2666 1909 2743; baseline 0.001 -20"><span class='ocrx_word' id='word_1_241' title='bbox 263 2666 565 2723; x_wconf 78' lang='grc' dir='ltr'>Ἀδαυκτον</span> <span class='ocrx_word' id='word_1_242' title='bbox 646 2670 913 2743; x_wconf 78' lang='grc' dir='ltr'>προφάσει</span> <span class='ocrx_word' id='word_1_243' title='bbox 982 2674 1076 2724; x_wconf 79' lang='grc' dir='ltr'>τοῦ</span> <span class='ocrx_word' id='word_1_244' title='bbox 1132 2671 1602 2742; x_wconf 81' lang='grc' dir='ltr'>Χριστιανισμοῦ·</span> <span class='ocrx_word' id='word_1_245' title='bbox 1663 2671 1749 2724; x_wconf 82' lang='grc' dir='ltr'>καὶ</span> <span class='ocrx_word' id='word_1_246' title='bbox 1810 2667 1909 2740; x_wconf 57' lang='grc' dir='ltr'>δην</span> 
     </span>
    </p>
   </div>
   <div class='ocr_carea' id='block_1_40' title="bbox 267 2755 1913 2834">
    <p class='ocr_par' dir='ltr' id='par_1_40' title="bbox 267 2755 1913 2834">
     <span class='ocr_line' id='line_1_40' title="bbox 267 2755 1913 2834; baseline 0.002 -25"><span class='ocrx_word' id='word_1_247' title='bbox 267 2758 489 2827; x_wconf 68' lang='grc' dir='ltr'>μεῦσας,</span> <span class='ocrx_word' id='word_1_248' title='bbox 563 2755 813 2830; x_wconf 69' lang='grc' dir='ltr'>ῐξώρισεν</span> <span class='ocrx_word' id='word_1_249' title='bbox 894 2756 972 2819; x_wconf 69' lang='grc' dir='ltr'>είς</span> <span class='ocrx_word' id='word_1_250' title='bbox 1057 2758 1470 2831; x_wconf 79' lang='grc' dir='ltr'>Μεσοποταμίαν</span> <span class='ocrx_word' id='word_1_251' title='bbox 1506 2803 1519 2827; x_wconf 93' lang='grc'>,</span> <span class='ocrx_word' id='word_1_252' title='bbox 1572 2758 1782 2834; x_wconf 79' lang='grc' dir='ltr'>γράψας</span> <span class='ocrx_word' id='word_1_253' title='bbox 1834 2762 1913 2829; x_wconf 77' lang='grc' dir='ltr'>τῷ</span> 
     </span>
    </p>
   </div>
   <div class='ocr_carea' id='block_1_41' title="bbox 258 2848 1910 2925">
    <p class='ocr_par' dir='ltr' id='par_1_41' title="bbox 258 2848 1910 2925">
     <span class='ocr_line' id='line_1_41' title="bbox 258 2848 1910 2925; baseline 0 -22"><span class='ocrx_word' id='word_1_254' title='bbox 258 2854 357 2913; x_wconf 74' lang='grc' dir='ltr'>τῆς</span> <span class='ocrx_word' id='word_1_255' title='bbox 418 2849 848 2920; x_wconf 76' lang='grc' dir='ltr'>Μεσοποταμίας</span> <span class='ocrx_word' id='word_1_256' title='bbox 906 2849 1133 2925; x_wconf 65' lang='grc' dir='ltr'>ἄρχοντι</span> <span class='ocrx_word' id='word_1_257' title='bbox 1170 2893 1183 2918; x_wconf 94' lang='grc'>,</span> <span class='ocrx_word' id='word_1_258' title='bbox 1244 2850 1534 2924; x_wconf 69' lang='grc' dir='ltr'>ἀναγκάσαι</span> <span class='ocrx_word' id='word_1_259' title='bbox 1595 2850 1689 2921; x_wconf 70' lang='grc' dir='ltr'>μὲν</span> <span class='ocrx_word' id='word_1_260' title='bbox 1750 2848 1910 2903; x_wconf 75' lang='grc' dir='ltr'>αὐτὸν</span> 
     </span>
    </p>
   </div>
   <div class='ocr_carea' id='block_1_42' title="bbox 262 2934 1909 3013">
    <p class='ocr_par' dir='ltr' id='par_1_42' title="bbox 262 2934 1909 3013">
     <span class='ocr_line' id='line_1_42' title="bbox 262 2934 1909 3013; baseline 0.002 -24"><span class='ocrx_word' id='word_1_261' title='bbox 262 2940 415 2997; x_wconf 67' lang='grc' dir='ltr'>θῦσαι</span> <span class='ocrx_word' id='word_1_262' title='bbox 474 2942 592 2998; x_wconf 86' lang='grc' dir='ltr'>τοῖς</span> <span class='ocrx_word' id='word_1_263' title='bbox 642 2934 934 2999; x_wconf 66' lang='grc' dir='ltr'>εἰδώλοις·</span> <span class='ocrx_word' id='word_1_264' title='bbox 995 2941 1069 3009; x_wconf 73' lang='grc' dir='ltr'>μή</span> <span class='ocrx_word' id='word_1_265' title='bbox 1130 2938 1448 3010; x_wconf 79' lang='grc' dir='ltr'>πειθόμενον</span> <span class='ocrx_word' id='word_1_266' title='bbox 1501 2935 1578 3007; x_wconf 78' lang='grc' dir='ltr'>δὶ,</span> <span class='ocrx_word' id='word_1_267' title='bbox 1633 2942 1909 3013; x_wconf 66' lang='grc' dir='ltr'>φονεῦσαι.</span> 
     </span>
    </p>
   </div>
   <div class='ocr_carea' id='block_1_43' title="bbox 258 3023 1909 3100">
    <p class='ocr_par' dir='ltr' id='par_1_43' title="bbox 258 3023 1909 3100">
     <span class='ocr_line' id='line_1_43' title="bbox 258 3023 1909 3100; baseline 0.001 -19"><span class='ocrx_word' id='word_1_268' title='bbox 258 3025 322 3081; x_wconf 82' lang='grc' dir='ltr'><strong>Ὀ</strong></span> <span class='ocrx_word' id='word_1_269' title='bbox 382 3023 441 3079; x_wconf 74' lang='grc' dir='ltr'>δε</span> <span class='ocrx_word' id='word_1_270' title='bbox 516 3024 706 3100; x_wconf 64' lang='grc' dir='ltr'>ἄρχων</span> <span class='ocrx_word' id='word_1_271' title='bbox 795 3028 872 3098; x_wconf 81' lang='grc' dir='ltr'>μὴ</span> <span class='ocrx_word' id='word_1_272' title='bbox 955 3026 1141 3089; x_wconf 83' lang='grc' dir='ltr'>πείσας</span> <span class='ocrx_word' id='word_1_273' title='bbox 1216 3026 1415 3094; x_wconf 74' lang='grc' dir='ltr'>αὐτὸν,</span> <span class='ocrx_word' id='word_1_274' title='bbox 1496 3027 1909 3100; x_wconf 77' lang='grc' dir='ltr'>ἀπεκεφάλισεν.</span> 
     </span>
    </p>
   </div>
   <div class='ocr_carea' id='block_1_44' title="bbox 2559 1856 3159 1928">
    <p class='ocr_par' dir='ltr' id='par_1_44' title="bbox 2559 1856 3159 1928">
     <span class='ocr_line' id='line_1_44' title="bbox 2559 1856 3159 1928; baseline -0.007 -13"><span class='ocrx_word' id='word_1_275' title='bbox 2559 1860 2815 1915; x_wconf 74' lang='lat' dir='ltr'>tisthenes</span> <span class='ocrx_word' id='word_1_276' title='bbox 2863 1859 2980 1928; x_wconf 84' lang='lat' dir='ltr'>ejus</span> <span class='ocrx_word' id='word_1_277' title='bbox 3007 1856 3159 1925; x_wconf 63' lang='lat' dir='ltr'>ﬁlim.</span> 
     </span>
    </p>
   </div>
   <div class='ocr_carea' id='block_1_45' title="bbox 2100 1967 3675 2046">
    <p class='ocr_par' dir='ltr' id='par_1_45' title="bbox 2100 1967 3675 2046">
     <span class='ocr_line' id='line_1_45' title="bbox 2100 1967 3675 2046; baseline -0.008 -11"><span class='ocrx_word' id='word_1_278' title='bbox 2100 1980 2400 2035; x_wconf 84' lang='lat' dir='ltr'>Adauctus</span> <span class='ocrx_word' id='word_1_279' title='bbox 2458 1981 2683 2046; x_wconf 85' lang='lat' dir='ltr'>martyr</span> <span class='ocrx_word' id='word_1_280' title='bbox 2732 1991 2802 2029; x_wconf 82' lang='lat' dir='ltr'>ex</span> <span class='ocrx_word' id='word_1_281' title='bbox 2869 1973 3017 2027; x_wconf 90' lang='lat' dir='ltr'>urbe</span> <span class='ocrx_word' id='word_1_282' title='bbox 3072 1971 3305 2042; x_wconf 88' lang='lat' dir='ltr'>Epheso</span> <span class='ocrx_word' id='word_1_283' title='bbox 3363 1967 3675 2037; x_wconf 86' lang='lat' dir='ltr'>oriundus,</span> 
     </span>
    </p>
   </div>
   <div class='ocr_carea' id='block_1_46' title="bbox 2028 2057 3679 2138">
    <p class='ocr_par' dir='ltr' id='par_1_46' title="bbox 2028 2057 3679 2138">
     <span class='ocr_line' id='line_1_46' title="bbox 2028 2057 3679 2138; baseline -0.008 -13"><span class='ocrx_word' id='word_1_284' title='bbox 2028 2069 2197 2125; x_wconf 92' lang='lat' dir='ltr'>ducis</span> <span class='ocrx_word' id='word_1_285' title='bbox 2223 2068 2508 2138; x_wconf 72' lang='lat' dir='ltr'>dignitate</span> <span class='ocrx_word' id='word_1_286' title='bbox 2540 2062 2905 2135; x_wconf 89' lang='lat' dir='ltr'>temporibus</span> <span class='ocrx_word' id='word_1_287' title='bbox 2944 2060 3245 2115; x_wconf 82' lang='lat' dir='ltr'>Maximini</span> <span class='ocrx_word' id='word_1_288' title='bbox 3302 2057 3679 2129; x_wconf 84' lang='lat' dir='ltr'>imperatoris</span> 
     </span>
    </p>
   </div>
   <div class='ocr_carea' id='block_1_47' title="bbox 2026 2145 3683 2225">
    <p class='ocr_par' dir='ltr' id='par_1_47' title="bbox 2026 2145 3683 2225">
     <span class='ocr_line' id='line_1_47' title="bbox 2026 2145 3683 2225; baseline -0.009 -12"><span class='ocrx_word' id='word_1_289' title='bbox 2026 2164 2294 2224; x_wconf 90' lang='lat' dir='ltr'>ornatus,</span> <span class='ocrx_word' id='word_1_290' title='bbox 2328 2156 2514 2210; x_wconf 84' lang='lat' dir='ltr'>ﬁliam</span> <span class='ocrx_word' id='word_1_291' title='bbox 2546 2154 2833 2225; x_wconf 83' lang='lat' dir='ltr'>virginem</span> <span class='ocrx_word' id='word_1_292' title='bbox 2866 2167 2932 2205; x_wconf 92' lang='lat' dir='ltr'>ac</span> <span class='ocrx_word' id='word_1_293' title='bbox 2964 2148 3445 2204; x_wconf 89' lang='lat' dir='ltr'>venustissimam</span> <span class='ocrx_word' id='word_1_294' title='bbox 3474 2145 3683 2200; x_wconf 85' lang='lat' dir='ltr'>habuit</span> 
     </span>
    </p>
   </div>
   <div class='ocr_carea' id='block_1_48' title="bbox 2025 2233 3677 2312">
    <p class='ocr_par' dir='ltr' id='par_1_48' title="bbox 2025 2233 3677 2312">
     <span class='ocr_line' id='line_1_48' title="bbox 2025 2233 3677 2312; baseline -0.01 -10"><span class='ocrx_word' id='word_1_295' title='bbox 2025 2246 2450 2302; x_wconf 83' lang='lat' dir='ltr'>Callisthenem</span> <span class='ocrx_word' id='word_1_296' title='bbox 2472 2243 2712 2298; x_wconf 90' lang='lat' dir='ltr'>nomine</span> <span class='ocrx_word' id='word_1_297' title='bbox 2739 2258 2751 2295; x_wconf 91' lang='lat'>:</span> <span class='ocrx_word' id='word_1_298' title='bbox 2776 2240 2948 2312; x_wconf 82' lang='lat' dir='ltr'>cujus</span> <span class='ocrx_word' id='word_1_299' title='bbox 2972 2238 3166 2293; x_wconf 82' lang='lat' dir='ltr'>forma</span> <span class='ocrx_word' id='word_1_300' title='bbox 3187 2242 3393 2307; x_wconf 88' lang='lat' dir='ltr'>captus</span> <span class='ocrx_word' id='word_1_301' title='bbox 3418 2233 3677 2290; x_wconf 85' lang='lat' dir='ltr'>Maximi-</span> 
     </span>
    </p>
   </div>
   <div class='ocr_carea' id='block_1_49' title="bbox 2026 2322 3682 2407">
    <p class='ocr_par' dir='ltr' id='par_1_49' title="bbox 2026 2322 3682 2407">
     <span class='ocr_line' id='line_1_49' title="bbox 2026 2322 3682 2407; baseline -0.01 -15"><span class='ocrx_word' id='word_1_302' title='bbox 2026 2354 2159 2400; x_wconf 74' lang='lat' dir='ltr'>nus,</span> <span class='ocrx_word' id='word_1_303' title='bbox 2186 2335 2369 2407; x_wconf 86' lang='lat' dir='ltr'>jussit</span> <span class='ocrx_word' id='word_1_304' title='bbox 2398 2349 2529 2388; x_wconf 89' lang='lat' dir='ltr'>eam</span> <span class='ocrx_word' id='word_1_305' title='bbox 2562 2331 2635 2387; x_wconf 91' lang='lat' dir='ltr'>ad</span> <span class='ocrx_word' id='word_1_306' title='bbox 2668 2348 2729 2386; x_wconf 90' lang='lat' dir='ltr'>se</span> <span class='ocrx_word' id='word_1_307' title='bbox 2760 2329 2995 2384; x_wconf 91' lang='lat' dir='ltr'>adduci.</span> <span class='ocrx_word' id='word_1_308' title='bbox 3033 2329 3106 2381; x_wconf 82' lang='lat' dir='ltr'>At</span> <span class='ocrx_word' id='word_1_309' title='bbox 3136 2330 3305 2397; x_wconf 91' lang='lat' dir='ltr'>pater</span> <span class='ocrx_word' id='word_1_310' title='bbox 3334 2341 3470 2380; x_wconf 93' lang='lat' dir='ltr'>cum</span> <span class='ocrx_word' id='word_1_311' title='bbox 3515 2322 3682 2377; x_wconf 89' lang='lat' dir='ltr'>illam</span> 
     </span>
    </p>
   </div>
   <div class='ocr_carea' id='block_1_50' title="bbox 2024 2409 3684 2491">
    <p class='ocr_par' dir='ltr' id='par_1_50' title="bbox 2024 2409 3684 2491">
     <span class='ocr_line' id='line_1_50' title="bbox 2024 2409 3684 2491; baseline -0.011 -10"><span class='ocrx_word' id='word_1_312' title='bbox 2024 2426 2401 2491; x_wconf 85' lang='lat' dir='ltr'>occultasset,</span> <span class='ocrx_word' id='word_1_313' title='bbox 2425 2422 2486 2475; x_wconf 91' lang='lat' dir='ltr'>in</span> <span class='ocrx_word' id='word_1_314' title='bbox 2501 2419 2757 2476; x_wconf 87' lang='lat' dir='ltr'>Orientis</span> <span class='ocrx_word' id='word_1_315' title='bbox 2780 2423 2976 2489; x_wconf 88' lang='lat' dir='ltr'>partes</span> <span class='ocrx_word' id='word_1_316' title='bbox 2998 2430 3132 2470; x_wconf 90' lang='lat' dir='ltr'>ama</span> <span class='ocrx_word' id='word_1_317' title='bbox 3148 2412 3369 2468; x_wconf 90' lang='lat' dir='ltr'>ndavit.</span> <span class='ocrx_word' id='word_1_318' title='bbox 3392 2410 3555 2476; x_wconf 89' lang='lat' dir='ltr'>Quod</span> <span class='ocrx_word' id='word_1_319' title='bbox 3582 2409 3684 2464; x_wconf 90' lang='lat' dir='ltr'>ubi</span> 
     </span>
    </p>
   </div>
   <div class='ocr_carea' id='block_1_51' title="bbox 2022 2498 3679 2576">
    <p class='ocr_par' dir='ltr' id='par_1_51' title="bbox 2022 2498 3679 2576">
     <span class='ocr_line' id='line_1_51' title="bbox 2022 2498 3679 2576; baseline -0.01 -6"><span class='ocrx_word' id='word_1_320' title='bbox 2022 2513 2372 2571; x_wconf 81' lang='lat' dir='ltr'>Maximinus</span> <span class='ocrx_word' id='word_1_321' title='bbox 2403 2509 2714 2572; x_wconf 82' lang='lat' dir='ltr'>intellexit,</span> <span class='ocrx_word' id='word_1_322' title='bbox 2749 2507 2947 2561; x_wconf 89' lang='lat' dir='ltr'>furore</span> <span class='ocrx_word' id='word_1_323' title='bbox 3012 2503 3294 2576; x_wconf 86' lang='lat' dir='ltr'>percitus,</span> <span class='ocrx_word' id='word_1_324' title='bbox 3344 2498 3679 2555; x_wconf 86' lang='lat' dir='ltr'>Adauctum</span> 
     </span>
    </p>
   </div>
   <div class='ocr_carea' id='block_1_52' title="bbox 2020 2594 3676 2662">
    <p class='ocr_par' dir='ltr' id='par_1_52' title="bbox 2020 2594 3676 2662">
     <span class='ocr_line' id='line_1_52' title="bbox 2020 2594 3676 2662; baseline -0.011 -3"><span class='ocrx_word' id='word_1_325' title='bbox 2020 2605 2266 2659; x_wconf 88' lang='lat' dir='ltr'>obtenta</span> <span class='ocrx_word' id='word_1_326' title='bbox 2292 2600 2642 2658; x_wconf 74' lang='lat' dir='ltr'>Christianae</span> <span class='ocrx_word' id='word_1_327' title='bbox 2675 2597 2809 2652; x_wconf 82' lang='lat' dir='ltr'>fidei</span> <span class='ocrx_word' id='word_1_328' title='bbox 2840 2610 3019 2649; x_wconf 89' lang='lat' dir='ltr'>causa</span> <span class='ocrx_word' id='word_1_329' title='bbox 3047 2597 3416 2662; x_wconf 89' lang='lat' dir='ltr'>correptum,</span> <span class='ocrx_word' id='word_1_330' title='bbox 3448 2594 3507 2643; x_wconf 93' lang='lat' dir='ltr'>et</span> <span class='ocrx_word' id='word_1_331' title='bbox 3530 2604 3676 2660; x_wconf 88' lang='lat' dir='ltr'>pro-</span> 
     </span>
    </p>
   </div>
   <div class='ocr_carea' id='block_1_53' title="bbox 2021 2678 3669 2764">
    <p class='ocr_par' dir='ltr' id='par_1_53' title="bbox 2021 2678 3669 2764">
     <span class='ocr_line' id='line_1_53' title="bbox 2021 2678 3669 2764; baseline -0.01 -16"><span class='ocrx_word' id='word_1_332' title='bbox 2021 2694 2329 2764; x_wconf 85' lang='lat' dir='ltr'>scriptum,</span> <span class='ocrx_word' id='word_1_333' title='bbox 2349 2691 2409 2743; x_wconf 90' lang='lat' dir='ltr'>in</span> <span class='ocrx_word' id='word_1_334' title='bbox 2429 2685 2911 2757; x_wconf 82' lang='lat' dir='ltr'>Mesopotamiam</span> <span class='ocrx_word' id='word_1_335' title='bbox 2932 2682 3232 2754; x_wconf 83' lang='lat' dir='ltr'>relegavit,</span> <span class='ocrx_word' id='word_1_336' title='bbox 3266 2696 3403 2734; x_wconf 91' lang='lat' dir='ltr'>cum</span> <span class='ocrx_word' id='word_1_337' title='bbox 3426 2678 3669 2733; x_wconf 82' lang='lat' dir='ltr'>manda-</span> 
     </span>
    </p>
   </div>
   <div class='ocr_carea' id='block_1_54' title="bbox 2021 2767 3681 2849">
    <p class='ocr_par' dir='ltr' id='par_1_54' title="bbox 2021 2767 3681 2849">
     <span class='ocr_line' id='line_1_54' title="bbox 2021 2767 3681 2849; baseline -0.01 -12"><span class='ocrx_word' id='word_1_338' title='bbox 2021 2782 2096 2836; x_wconf 88' lang='lat' dir='ltr'>tis</span> <span class='ocrx_word' id='word_1_339' title='bbox 2125 2781 2199 2836; x_wconf 91' lang='lat' dir='ltr'>ad</span> <span class='ocrx_word' id='word_1_340' title='bbox 2231 2776 2663 2849; x_wconf 67' lang='lat' dir='ltr'>Mesopotamiae</span> <span class='ocrx_word' id='word_1_341' title='bbox 2695 2774 3061 2846; x_wconf 59' lang='lat' dir='ltr'>praefectum,</span> <span class='ocrx_word' id='word_1_342' title='bbox 3088 2777 3153 2825; x_wconf 93' lang='lat' dir='ltr'>ut</span> <span class='ocrx_word' id='word_1_343' title='bbox 3175 2786 3310 2825; x_wconf 92' lang='lat' dir='ltr'>eum</span> <span class='ocrx_word' id='word_1_344' title='bbox 3344 2768 3417 2824; x_wconf 86' lang='lat' dir='ltr'>ad</span> <span class='ocrx_word' id='word_1_345' title='bbox 3449 2767 3681 2823; x_wconf 81' lang='lat' dir='ltr'>sacrifi-</span> 
     </span>
    </p>
   </div>
   <div class='ocr_carea' id='block_1_55' title="bbox 2022 2857 3677 2935">
    <p class='ocr_par' dir='ltr' id='par_1_55' title="bbox 2022 2857 3677 2935">
     <span class='ocr_line' id='line_1_55' title="bbox 2022 2857 3677 2935; baseline -0.01 -9"><span class='ocrx_word' id='word_1_346' title='bbox 2022 2871 2276 2926; x_wconf 89' lang='lat' dir='ltr'>candum</span> <span class='ocrx_word' id='word_1_347' title='bbox 2304 2866 2482 2921; x_wconf 86' lang='lat' dir='ltr'>idolis</span> <span class='ocrx_word' id='word_1_348' title='bbox 2513 2863 2928 2935; x_wconf 78' lang='lat' dir='ltr'>compelleret;</span> <span class='ocrx_word' id='word_1_349' title='bbox 2950 2876 3119 2915; x_wconf 89' lang='lat' dir='ltr'>secus</span> <span class='ocrx_word' id='word_1_350' title='bbox 3154 2858 3495 2925; x_wconf 86' lang='lat' dir='ltr'>facientem,</span> <span class='ocrx_word' id='word_1_351' title='bbox 3529 2857 3677 2911; x_wconf 90' lang='lat' dir='ltr'>inte-</span> 
     </span>
    </p>
   </div>
   <div class='ocr_carea' id='block_1_56' title="bbox 2022 2948 3671 3025">
    <p class='ocr_par' dir='ltr' id='par_1_56' title="bbox 2022 2948 3671 3025">
     <span class='ocr_line' id='line_1_56' title="bbox 2022 2948 3671 3025; baseline -0.011 -10"><span class='ocrx_word' id='word_1_352' title='bbox 2022 2960 2279 3015; x_wconf 87' lang='lat' dir='ltr'>rimeret.</span> <span class='ocrx_word' id='word_1_353' title='bbox 2308 2957 2603 3012; x_wconf 79' lang='lat' dir='ltr'>Adauctus</span> <span class='ocrx_word' id='word_1_354' title='bbox 2628 2954 2824 3025; x_wconf 86' lang='lat' dir='ltr'>igitur,</span> <span class='ocrx_word' id='word_1_355' title='bbox 2850 2952 2910 3005; x_wconf 90' lang='lat' dir='ltr'>in</span> <span class='ocrx_word' id='word_1_356' title='bbox 2941 2948 3237 3005; x_wconf 89' lang='lat' dir='ltr'>sententia</span> <span class='ocrx_word' id='word_1_357' title='bbox 3264 2960 3671 3019; x_wconf 88' lang='lat' dir='ltr'>perseverans,</span> 
     </span>
    </p>
   </div>
   <div class='ocr_carea' id='block_1_57' title="bbox 2022 3032 3672 3120">
    <p class='ocr_par' dir='ltr' id='par_1_57' title="bbox 2022 3032 3672 3120">
     <span class='ocr_line' id='line_1_57' title="bbox 2022 3032 3672 3120; baseline -0.011 -15"><span class='ocrx_word' id='word_1_358' title='bbox 2022 3050 2211 3120; x_wconf 87' lang='lat' dir='ltr'>capite</span> <span class='ocrx_word' id='word_1_359' title='bbox 2242 3047 2557 3102; x_wconf 89' lang='lat' dir='ltr'>damnatus</span> <span class='ocrx_word' id='word_1_360' title='bbox 2607 3049 2697 3097; x_wconf 90' lang='lat' dir='ltr'>est</span> <span class='ocrx_word' id='word_1_361' title='bbox 2751 3058 2786 3096; x_wconf 91' lang='lat' dir='ltr'>a</span> <span class='ocrx_word' id='word_1_362' title='bbox 2836 3039 3134 3111; x_wconf 71' lang='lat' dir='ltr'>praafecto,</span> <span class='ocrx_word' id='word_1_363' title='bbox 3179 3036 3566 3107; x_wconf 88' lang='lat' dir='ltr'>sepultusque</span> <span class='ocrx_word' id='word_1_364' title='bbox 3600 3032 3672 3087; x_wconf 91' lang='lat' dir='ltr'>ab</span> 
     </span>
    </p>
   </div>
   <div class='ocr_carea' id='block_1_58' title="bbox 262 3114 1922 3216">
    <p class='ocr_par' dir='ltr' id='par_1_58' title="bbox 262 3114 1914 3216">
     <span class='ocr_line' id='line_1_58' title="bbox 262 3114 1914 3216; baseline 0.002 -49"><span class='ocrx_word' id='word_1_365' title='bbox 262 3118 394 3167; x_wconf 80' lang='grc' dir='ltr'>Εἶτα</span> <span class='ocrx_word' id='word_1_366' title='bbox 415 3114 595 3216; x_wconf 44' lang='grc' dir='ltr'>ξτάφη</span> <span class='ocrx_word' id='word_1_367' title='bbox 646 3115 792 3216; x_wconf 75' lang='grc' dir='ltr'>παρὰ</span> <span class='ocrx_word' id='word_1_368' title='bbox 843 3122 946 3182; x_wconf 84' lang='grc' dir='ltr'>τῆς</span> <span class='ocrx_word' id='word_1_369' title='bbox 996 3115 1247 3190; x_wconf 87' lang='grc' dir='ltr'>γυναικὸς</span> <span class='ocrx_word' id='word_1_370' title='bbox 1303 3115 1488 3185; x_wconf 76' lang='grc' dir='ltr'>αὐτοῦ,</span> <span class='ocrx_word' id='word_1_371' title='bbox 1547 3115 1637 3169; x_wconf 86' lang='grc' dir='ltr'>καὶ</span> <span class='ocrx_word' id='word_1_372' title='bbox 1691 3122 1789 3185; x_wconf 84' lang='grc' dir='ltr'>τῆς</span> <span class='ocrx_word' id='word_1_373' title='bbox 1820 3117 1914 3170; x_wconf 82' lang='grc' dir='ltr'>θυ-</span> 
     </span>
    </p>
   </div>
   <div class='ocr_carea' id='block_1_59' title="bbox 2036 3114 3677 3216">
    <p class='ocr_par' dir='ltr' id='par_1_59' title="bbox 2036 3114 3677 3198">
     <span class='ocr_line' id='line_1_59' title="bbox 2036 3114 3677 3198; baseline -0.012 -4"><span class='ocrx_word' id='word_1_374' title='bbox 2036 3114 2205 3195; x_wconf 73' lang='lat' dir='ltr'>uxore</span> <span class='ocrx_word' id='word_1_375' title='bbox 2236 3142 2294 3192; x_wconf 91' lang='lat' dir='ltr'>et</span> <span class='ocrx_word' id='word_1_376' title='bbox 2327 3136 2471 3190; x_wconf 82' lang='lat' dir='ltr'>filia.</span> <span class='ocrx_word' id='word_1_377' title='bbox 2504 3132 2613 3188; x_wconf 91' lang='lat' dir='ltr'>Sed</span> <span class='ocrx_word' id='word_1_378' title='bbox 2645 3147 2779 3186; x_wconf 90' lang='lat' dir='ltr'>cum</span> <span class='ocrx_word' id='word_1_379' title='bbox 2806 3144 3007 3183; x_wconf 87' lang='lat' dir='ltr'>rerum</span> <span class='ocrx_word' id='word_1_380' title='bbox 3068 3126 3291 3198; x_wconf 86' lang='lat' dir='ltr'>potitus</span> <span class='ocrx_word' id='word_1_381' title='bbox 3342 3129 3500 3179; x_wconf 87' lang='lat' dir='ltr'>esset</span> <span class='ocrx_word' id='word_1_382' title='bbox 3530 3122 3677 3178; x_wconf 82' lang='lat' dir='ltr'>Lici-</span> 
     </span>
    </p>
   </div>
   <div class='ocr_carea' id='block_1_60' title="bbox 258 3200 1912 3279">
    <p class='ocr_par' dir='ltr' id='par_1_60' title="bbox 258 3200 1912 3279">
     <span class='ocr_line' id='line_1_60' title="bbox 258 3200 1912 3279; baseline 0.002 -25"><span class='ocrx_word' id='word_1_383' title='bbox 258 3203 501 3275; x_wconf 80' lang='grc' dir='ltr'>γατρός.</span> <span class='ocrx_word' id='word_1_384' title='bbox 550 3208 661 3272; x_wconf 85' lang='grc' dir='ltr'>Τῆς</span> <span class='ocrx_word' id='word_1_385' title='bbox 722 3200 778 3257; x_wconf 67' lang='grc' dir='ltr'>δι</span> <span class='ocrx_word' id='word_1_386' title='bbox 846 3204 1126 3278; x_wconf 86' lang='grc' dir='ltr'>βασιλείας</span> <span class='ocrx_word' id='word_1_387' title='bbox 1184 3206 1558 3279; x_wconf 81' lang='grc' dir='ltr'>κρατήσαντος</span> <span class='ocrx_word' id='word_1_388' title='bbox 1613 3203 1912 3272; x_wconf 86' lang='grc' dir='ltr'>Λικιννίου,</span> 
     </span>
    </p>
   </div>
   <div class='ocr_carea' id='block_1_61' title="bbox 262 3290 1918 3367">
    <p class='ocr_par' dir='ltr' id='par_1_61' title="bbox 262 3290 1918 3367">
     <span class='ocr_line' id='line_1_61' title="bbox 262 3290 1918 3367; baseline 0.001 -22"><span class='ocrx_word' id='word_1_389' title='bbox 262 3291 578 3366; x_wconf 72' lang='grc' dir='ltr'>προσῆλθεν</span> <span class='ocrx_word' id='word_1_390' title='bbox 615 3294 650 3361; x_wconf 76' lang='grc' dir='ltr'>ὴ</span> <span class='ocrx_word' id='word_1_391' title='bbox 702 3290 1037 3362; x_wconf 69' lang='grc' dir='ltr'>Καλλισθένη</span> <span class='ocrx_word' id='word_1_392' title='bbox 1093 3296 1161 3366; x_wconf 77' lang='grc' dir='ltr'>τῇ</span> <span class='ocrx_word' id='word_1_393' title='bbox 1211 3291 1525 3367; x_wconf 71' lang='grc' dir='ltr'>βασιλίσσῃ,</span> <span class='ocrx_word' id='word_1_394' title='bbox 1586 3292 1676 3347; x_wconf 83' lang='grc' dir='ltr'>καὶ</span> <span class='ocrx_word' id='word_1_395' title='bbox 1718 3290 1918 3367; x_wconf 79' lang='grc' dir='ltr'>διηγή-</span> 
     </span>
    </p>
   </div>
   <div class='ocr_carea' id='block_1_62' title="bbox 266 3378 1918 3457">
    <p class='ocr_par' dir='ltr' id='par_1_62' title="bbox 266 3378 1918 3457">
     <span class='ocr_line' id='line_1_62' title="bbox 266 3378 1918 3457; baseline 0.001 -23"><span class='ocrx_word' id='word_1_396' title='bbox 266 3402 393 3435; x_wconf 77' lang='grc' dir='ltr'>σατο</span> <span class='ocrx_word' id='word_1_397' title='bbox 460 3381 654 3438; x_wconf 73' lang='grc' dir='ltr'>πάντα.</span> <span class='ocrx_word' id='word_1_398' title='bbox 732 3381 834 3439; x_wconf 81' lang='grc' dir='ltr'>Καὶ</span> <span class='ocrx_word' id='word_1_399' title='bbox 909 3384 1010 3454; x_wconf 81' lang='grc' dir='ltr'>τῇς</span> <span class='ocrx_word' id='word_1_400' title='bbox 1090 3378 1374 3457; x_wconf 84' lang='grc' dir='ltr'>βασιλίδος</span> <span class='ocrx_word' id='word_1_401' title='bbox 1438 3381 1725 3457; x_wconf 82' lang='grc' dir='ltr'>προστάξει</span> <span class='ocrx_word' id='word_1_402' title='bbox 1788 3403 1918 3455; x_wconf 88' lang='grc' dir='ltr'>μετ-</span> 
     </span>
    </p>
   </div>
   <div class='ocr_carea' id='block_1_63' title="bbox 268 3469 1914 3548">
    <p class='ocr_par' dir='ltr' id='par_1_63' title="bbox 268 3469 1914 3548">
     <span class='ocr_line' id='line_1_63' title="bbox 268 3469 1914 3548; baseline 0.001 -24"><span class='ocrx_word' id='word_1_403' title='bbox 268 3470 491 3542; x_wconf 63' lang='grc' dir='ltr'>εκδμισε</span> <span class='ocrx_word' id='word_1_404' title='bbox 517 3474 615 3524; x_wconf 82' lang='grc' dir='ltr'>τοῦ</span> <span class='ocrx_word' id='word_1_405' title='bbox 666 3469 868 3543; x_wconf 67' lang='grc' dir='ltr'>πατρὸς</span> <span class='ocrx_word' id='word_1_406' title='bbox 927 3469 1099 3539; x_wconf 77' lang='grc' dir='ltr'>αὐτῆς</span> <span class='ocrx_word' id='word_1_407' title='bbox 1128 3470 1190 3524; x_wconf 84' lang='grc' dir='ltr'>τὸ</span> <span class='ocrx_word' id='word_1_408' title='bbox 1245 3470 1497 3543; x_wconf 79' lang='grc' dir='ltr'>λείψανον</span> <span class='ocrx_word' id='word_1_409' title='bbox 1536 3471 1611 3535; x_wconf 80' lang='grc' dir='ltr'>εἰς</span> <span class='ocrx_word' id='word_1_410' title='bbox 1654 3472 1914 3548; x_wconf 82' lang='grc' dir='ltr'>Ἔφεσον.</span> 
     </span>
    </p>
   </div>
   <div class='ocr_carea' id='block_1_64' title="bbox 270 3556 1561 3633">
    <p class='ocr_par' dir='ltr' id='par_1_64' title="bbox 270 3556 1561 3633">
     <span class='ocr_line' id='line_1_64' title="bbox 270 3556 1561 3633; baseline 0.004 -22"><span class='ocrx_word' id='word_1_411' title='bbox 270 3560 401 3615; x_wconf 80' lang='grc' dir='ltr'>Εἶτα</span> <span class='ocrx_word' id='word_1_412' title='bbox 424 3560 515 3612; x_wconf 78' lang='grc' dir='ltr'>καὶ</span> <span class='ocrx_word' id='word_1_413' title='bbox 536 3557 675 3627; x_wconf 72' lang='grc' dir='ltr'>αὐτὴ</span> <span class='ocrx_word' id='word_1_414' title='bbox 705 3556 889 3620; x_wconf 85' lang='grc' dir='ltr'>καλῶς</span> <span class='ocrx_word' id='word_1_415' title='bbox 916 3558 1206 3633; x_wconf 86' lang='grc' dir='ltr'>βιώσασ[α]</span> <span class='ocrx_word' id='word_1_416' title='bbox 1236 3556 1561 3629; x_wconf 80' lang='grc' dir='ltr'>ἐτελειώθη.</span> 
     </span>
    </p>
   </div>
   <div class='ocr_carea' id='block_1_65' title="bbox 860 3671 1340 3748">
    <p class='ocr_par' dir='ltr' id='par_1_65' title="bbox 860 3671 1340 3748">
     <span class='ocr_line' id='line_1_65' title="bbox 860 3671 1340 3748; baseline 0.002 -1"><span class='ocrx_word' id='word_1_417' title='bbox 860 3675 943 3747; x_wconf 73' lang='grc' dir='ltr'>τῇ</span> <span class='ocrx_word' id='word_1_418' title='bbox 978 3672 1113 3747; x_wconf 69' lang='grc' dir='ltr'>αὐτῇ</span> <span class='ocrx_word' id='word_1_419' title='bbox 1154 3671 1340 3748; x_wconf 66' lang='grc' dir='ltr'>ἡμερφ</span> 
     </span>
    </p>
   </div>
   <div class='ocr_carea' id='block_1_66' title="bbox 275 3790 1924 3868">
    <p class='ocr_par' dir='ltr' id='par_1_66' title="bbox 275 3790 1924 3868">
     <span class='ocr_line' id='line_1_66' title="bbox 275 3790 1924 3868; baseline 0.001 -22"><span class='ocrx_word' id='word_1_420' title='bbox 275 3790 551 3862; x_wconf 83' lang='grc' dir='ltr'>Ἀθλησις</span> <span class='ocrx_word' id='word_1_421' title='bbox 594 3796 692 3848; x_wconf 76' lang='grc' dir='ltr'>τοῦ</span> <span class='ocrx_word' id='word_1_422' title='bbox 748 3790 905 3866; x_wconf 70' lang='grc' dir='ltr'>ἁγίου</span> <span class='ocrx_word' id='word_1_423' title='bbox 954 3790 1347 3868; x_wconf 80' lang='grc' dir='ltr'>ίερομάρτυρος</span> <span class='ocrx_word' id='word_1_424' title='bbox 1390 3793 1593 3868; x_wconf 66' lang='grc' dir='ltr'>Πέτρου</span> <span class='ocrx_word' id='word_1_425' title='bbox 1624 3790 1924 3848; x_wconf 68' lang='grc' dir='ltr'>επισκόπου</span> 
     </span>
    </p>
   </div>
   <div class='ocr_carea' id='block_1_67' title="bbox 897 3879 1300 3937">
    <p class='ocr_par' dir='ltr' id='par_1_67' title="bbox 897 3879 1300 3937">
     <span class='ocr_line' id='line_1_67' title="bbox 897 3879 1300 3937; baseline 0.002 -1"><span class='ocrx_word' id='word_1_426' title='bbox 897 3879 1275 3936; x_wconf 75' lang='grc' dir='ltr'>Καπετωλὲων</span> <span class='ocrx_word' id='word_1_427' title='bbox 1287 3924 1300 3937; x_wconf 96' lang='grc'><strong><em>.</em></strong></span> 
     </span>
    </p>
   </div>
   <div class='ocr_carea' id='block_1_68' title="bbox 350 3994 1924 4071">
    <p class='ocr_par' dir='ltr' id='par_1_68' title="bbox 350 3994 1924 4071">
     <span class='ocr_line' id='line_1_68' title="bbox 350 3994 1924 4071; baseline -0.002 -18"><span class='ocrx_word' id='word_1_428' title='bbox 350 3994 565 4066; x_wconf 77' lang='grc' dir='ltr'>’Ἑλλην</span> <span class='ocrx_word' id='word_1_429' title='bbox 646 3997 892 4071; x_wconf 73' lang='grc' dir='ltr'>ὑπῆρχεν</span> <span class='ocrx_word' id='word_1_430' title='bbox 948 3997 1107 4061; x_wconf 84' lang='grc' dir='ltr'>οὗτος</span> <span class='ocrx_word' id='word_1_431' title='bbox 1161 3998 1189 4051; x_wconf 81' lang='grc' dir='ltr'>δ</span> <span class='ocrx_word' id='word_1_432' title='bbox 1249 3999 1451 4070; x_wconf 67' lang='grc' dir='ltr'>Πέτρος</span> <span class='ocrx_word' id='word_1_433' title='bbox 1483 4015 1496 4030; x_wconf 88' lang='grc'><strong>·</strong></span> <span class='ocrx_word' id='word_1_434' title='bbox 1556 3996 1682 4052; x_wconf 77' lang='grc' dir='ltr'>ἀλλ’</span> <span class='ocrx_word' id='word_1_435' title='bbox 1735 3994 1924 4065; x_wconf 69' lang='grc' dir='ltr'>ἐπειδὴ</span> 
     </span>
    </p>
   </div>
   <div class='ocr_carea' id='block_1_69' title="bbox 270 4082 1925 4162">
    <p class='ocr_par' dir='ltr' id='par_1_69' title="bbox 270 4082 1925 4162">
     <span class='ocr_line' id='line_1_69' title="bbox 270 4082 1925 4162; baseline 0.001 -24"><span class='ocrx_word' id='word_1_436' title='bbox 270 4092 372 4151; x_wconf 78' lang='grc' dir='ltr'>τῆς</span> <span class='ocrx_word' id='word_1_437' title='bbox 429 4089 527 4139; x_wconf 81' lang='grc' dir='ltr'>τοῦ</span> <span class='ocrx_word' id='word_1_438' title='bbox 603 4088 838 4159; x_wconf 77' lang='grc' dir='ltr'>Χριστοῦ</span> <span class='ocrx_word' id='word_1_439' title='bbox 897 4082 1245 4147; x_wconf 83' lang='grc' dir='ltr'>διδασκαλίας</span> <span class='ocrx_word' id='word_1_440' title='bbox 1301 4084 1575 4162; x_wconf 75' lang='grc' dir='ltr'>ἐγεύσατο,</span> <span class='ocrx_word' id='word_1_441' title='bbox 1636 4084 1925 4147; x_wconf 80' lang='grc' dir='ltr'>πιστεύσας</span> 
     </span>
    </p>
   </div>
   <div class='ocr_carea' id='block_1_70' title="bbox 272 4170 1922 4247">
    <p class='ocr_par' dir='ltr' id='par_1_70' title="bbox 272 4170 1922 4247">
     <span class='ocr_line' id='line_1_70' title="bbox 272 4170 1922 4247; baseline 0.001 -21"><span class='ocrx_word' id='word_1_442' title='bbox 272 4170 570 4243; x_wconf 75' lang='grc' dir='ltr'>ἐϐαπτίσθη</span> <span class='ocrx_word' id='word_1_443' title='bbox 604 4173 739 4245; x_wconf 81' lang='grc' dir='ltr'>μετᾶ</span> <span class='ocrx_word' id='word_1_444' title='bbox 782 4180 883 4243; x_wconf 87' lang='grc' dir='ltr'>τῆς</span> <span class='ocrx_word' id='word_1_445' title='bbox 936 4175 1206 4247; x_wconf 87' lang='grc' dir='ltr'>γυναικὸς,</span> <span class='ocrx_word' id='word_1_446' title='bbox 1264 4174 1356 4229; x_wconf 85' lang='grc' dir='ltr'>καὶ</span> <span class='ocrx_word' id='word_1_447' title='bbox 1412 4179 1522 4229; x_wconf 82' lang='grc' dir='ltr'>τῶν</span> <span class='ocrx_word' id='word_1_448' title='bbox 1579 4174 1805 4242; x_wconf 66' lang='grc' dir='ltr'>τεκνῶν,</span> <span class='ocrx_word' id='word_1_449' title='bbox 1836 4174 1922 4229; x_wconf 85' lang='grc' dir='ltr'>καὶ</span> 
     </span>
    </p>
   </div>
   <div class='ocr_carea' id='block_1_71' title="bbox 274 4259 1924 4337">
    <p class='ocr_par' dir='ltr' id='par_1_71' title="bbox 274 4259 1924 4337">
     <span class='ocr_line' id='line_1_71' title="bbox 274 4259 1924 4337; baseline 0 -21"><span class='ocrx_word' id='word_1_450' title='bbox 274 4260 406 4316; x_wconf 67' lang='grc' dir='ltr'>ὅλου</span> <span class='ocrx_word' id='word_1_451' title='bbox 463 4267 563 4316; x_wconf 78' lang='grc' dir='ltr'>τοῦ</span> <span class='ocrx_word' id='word_1_452' title='bbox 623 4259 775 4317; x_wconf 66' lang='grc' dir='ltr'>οἴκου</span> <span class='ocrx_word' id='word_1_453' title='bbox 824 4261 1011 4317; x_wconf 80' lang='grc' dir='ltr'>αὐτοῦ.</span> <span class='ocrx_word' id='word_1_454' title='bbox 1067 4264 1194 4320; x_wconf 77' lang='grc' dir='ltr'>Εἶτα</span> <span class='ocrx_word' id='word_1_455' title='bbox 1252 4263 1540 4337; x_wconf 77' lang='grc' dir='ltr'>ἀναγνοὺς,</span> <span class='ocrx_word' id='word_1_456' title='bbox 1597 4264 1687 4318; x_wconf 82' lang='grc' dir='ltr'>καὶ</span> <span class='ocrx_word' id='word_1_457' title='bbox 1742 4263 1924 4336; x_wconf 87' lang='grc' dir='ltr'>μαθὼν</span> 
     </span>
    </p>
   </div>
   <div class='ocr_carea' id='block_1_72' title="bbox 273 4349 1927 4425">
    <p class='ocr_par' dir='ltr' id='par_1_72' title="bbox 273 4349 1927 4425">
     <span class='ocr_line' id='line_1_72' title="bbox 273 4349 1927 4425; baseline 0.001 -22"><span class='ocrx_word' id='word_1_458' title='bbox 273 4353 369 4419; x_wconf 68' lang='grc' dir='ltr'>τὴν</span> <span class='ocrx_word' id='word_1_459' title='bbox 403 4350 552 4415; x_wconf 80' lang='grc' dir='ltr'>θείαν</span> <span class='ocrx_word' id='word_1_460' title='bbox 608 4353 817 4425; x_wconf 76' lang='grc' dir='ltr'>Γραφή,</span> <span class='ocrx_word' id='word_1_461' title='bbox 877 4354 977 4416; x_wconf 80' lang='grc' dir='ltr'>τῆς</span> <span class='ocrx_word' id='word_1_462' title='bbox 1036 4355 1145 4405; x_wconf 80' lang='grc' dir='ltr'>τῶν</span> <span class='ocrx_word' id='word_1_463' title='bbox 1209 4350 1572 4409; x_wconf 73' lang='grc' dir='ltr'>Καπετωλὲων</span> <span class='ocrx_word' id='word_1_464' title='bbox 1631 4349 1927 4421; x_wconf 70' lang='grc' dir='ltr'>ἐκκλησίας</span> 
     </span>
    </p>
   </div>
   <div class='ocr_carea' id='block_1_73' title="bbox 276 4437 1926 4515">
    <p class='ocr_par' dir='ltr' id='par_1_73' title="bbox 276 4437 1926 4515">
     <span class='ocr_line' id='line_1_73' title="bbox 276 4437 1926 4515; baseline 0 -22"><span class='ocrx_word' id='word_1_465' title='bbox 276 4439 674 4515; x_wconf 66' lang='grc' dir='ltr'>προεχειρίσθη</span> <span class='ocrx_word' id='word_1_466' title='bbox 710 4439 1029 4502; x_wconf 76' lang='grc' dir='ltr'>ἐπίσκοπος.</span> <span class='ocrx_word' id='word_1_467' title='bbox 1065 4438 1320 4502; x_wconf 79' lang='grc' dir='ltr'>Πολλοὺς</span> <span class='ocrx_word' id='word_1_468' title='bbox 1371 4438 1428 4495; x_wconf 75' lang='grc' dir='ltr'>δὶ</span> <span class='ocrx_word' id='word_1_469' title='bbox 1481 4443 1590 4495; x_wconf 81' lang='grc' dir='ltr'>τῶν</span> <span class='ocrx_word' id='word_1_470' title='bbox 1641 4437 1926 4509; x_wconf 76' lang='grc' dir='ltr'>Ἑλλήνων</span> 
     </span>
    </p>
   </div>
   <div class='ocr_carea' id='block_1_74' title="bbox 2023 3210 3681 3297">
    <p class='ocr_par' dir='ltr' id='par_1_74' title="bbox 2023 3210 3681 3297">
     <span class='ocr_line' id='line_1_74' title="bbox 2023 3210 3681 3297; baseline -0.013 -13"><span class='ocrx_word' id='word_1_471' title='bbox 2023 3228 2181 3297; x_wconf 91' lang='lat' dir='ltr'>nius,</span> <span class='ocrx_word' id='word_1_472' title='bbox 2213 3226 2359 3281; x_wconf 90' lang='lat' dir='ltr'>adiit</span> <span class='ocrx_word' id='word_1_473' title='bbox 2383 3222 2743 3278; x_wconf 89' lang='lat' dir='ltr'>Callisthene</span> <span class='ocrx_word' id='word_1_474' title='bbox 2778 3222 3123 3289; x_wconf 84' lang='lat' dir='ltr'>Augustam,</span> <span class='ocrx_word' id='word_1_475' title='bbox 3159 3231 3193 3269; x_wconf 93' lang='lat' dir='ltr'>a</span> <span class='ocrx_word' id='word_1_476' title='bbox 3222 3229 3361 3284; x_wconf 86' lang='lat' dir='ltr'>qua,</span> <span class='ocrx_word' id='word_1_477' title='bbox 3396 3227 3463 3265; x_wconf 89' lang='lat' dir='ltr'>re</span> <span class='ocrx_word' id='word_1_478' title='bbox 3494 3210 3681 3278; x_wconf 91' lang='lat' dir='ltr'>omni,</span> 
     </span>
    </p>
   </div>
   <div class='ocr_carea' id='block_1_75' title="bbox 2022 3300 3685 3380">
    <p class='ocr_par' dir='ltr' id='par_1_75' title="bbox 2022 3300 3685 3380">
     <span class='ocr_line' id='line_1_75' title="bbox 2022 3300 3685 3380; baseline -0.012 -8"><span class='ocrx_word' id='word_1_479' title='bbox 2022 3318 2111 3373; x_wconf 92' lang='lat' dir='ltr'>uti</span> <span class='ocrx_word' id='word_1_480' title='bbox 2143 3332 2203 3370; x_wconf 89' lang='lat' dir='ltr'>se</span> <span class='ocrx_word' id='word_1_481' title='bbox 2236 3314 2543 3376; x_wconf 89' lang='lat' dir='ltr'>habuerat,</span> <span class='ocrx_word' id='word_1_482' title='bbox 2577 3308 2864 3380; x_wconf 82' lang='lat' dir='ltr'>exposita,</span> <span class='ocrx_word' id='word_1_483' title='bbox 2898 3303 3256 3375; x_wconf 89' lang='lat' dir='ltr'>impetravit,</span> <span class='ocrx_word' id='word_1_484' title='bbox 3279 3306 3344 3355; x_wconf 92' lang='lat' dir='ltr'>ut</span> <span class='ocrx_word' id='word_1_485' title='bbox 3373 3300 3557 3371; x_wconf 87' lang='lat' dir='ltr'>patris</span> <span class='ocrx_word' id='word_1_486' title='bbox 3590 3316 3685 3353; x_wconf 91' lang='lat' dir='ltr'>re—</span> 
     </span>
    </p>
   </div>
   <div class='ocr_carea' id='block_1_76' title="bbox 2025 3386 3685 3475">
    <p class='ocr_par' dir='ltr' id='par_1_76' title="bbox 2025 3386 3685 3475">
     <span class='ocr_line' id='line_1_76' title="bbox 2025 3386 3685 3475; baseline -0.013 -15"><span class='ocrx_word' id='word_1_487' title='bbox 2025 3405 2239 3475; x_wconf 89' lang='lat' dir='ltr'>liquias</span> <span class='ocrx_word' id='word_1_488' title='bbox 2271 3401 2568 3472; x_wconf 90' lang='lat' dir='ltr'>Ephesum</span> <span class='ocrx_word' id='word_1_489' title='bbox 2601 3395 2951 3452; x_wconf 81' lang='lat' dir='ltr'>transferret</span> <span class='ocrx_word' id='word_1_490' title='bbox 2978 3410 2991 3460; x_wconf 89' lang='lat'><strong>;</strong></span> <span class='ocrx_word' id='word_1_491' title='bbox 3043 3391 3143 3445; x_wconf 92' lang='lat' dir='ltr'>ubi</span> <span class='ocrx_word' id='word_1_492' title='bbox 3177 3391 3309 3461; x_wconf 89' lang='lat' dir='ltr'>ipsa</span> <span class='ocrx_word' id='word_1_493' title='bbox 3341 3404 3478 3443; x_wconf 92' lang='lat' dir='ltr'>cum</span> <span class='ocrx_word' id='word_1_494' title='bbox 3507 3386 3685 3442; x_wconf 88' lang='lat' dir='ltr'>vitam</span> 
     </span>
    </p>
   </div>
   <div class='ocr_carea' id='block_1_77' title="bbox 2025 3484 2907 3557">
    <p class='ocr_par' dir='ltr' id='par_1_77' title="bbox 2025 3484 2907 3557">
     <span class='ocr_line' id='line_1_77' title="bbox 2025 3484 2907 3557; baseline -0.016 -7"><span class='ocrx_word' id='word_1_495' title='bbox 2025 3499 2185 3549; x_wconf 90' lang='lat' dir='ltr'>recte</span> <span class='ocrx_word' id='word_1_496' title='bbox 2218 3488 2597 3557; x_wconf 79' lang='lat' dir='ltr'>traduxisset,</span> <span class='ocrx_word' id='word_1_497' title='bbox 2626 3484 2907 3540; x_wconf 88' lang='lat' dir='ltr'>decessit.</span> 
     </span>
    </p>
   </div>
   <div class='ocr_carea' id='block_1_78' title="bbox 2678 3669 3041 3728">
    <p class='ocr_par' dir='ltr' id='par_1_78' title="bbox 2678 3669 3041 3728">
     <span class='ocr_line' id='line_1_78' title="bbox 2678 3669 3041 3728; baseline -0.008 0"><span class='ocrx_word' id='word_1_498' title='bbox 2678 3671 2900 3728; x_wconf 90' lang='lat' dir='ltr'>Eodem</span> <span class='ocrx_word' id='word_1_499' title='bbox 2946 3669 3041 3726; x_wconf 91' lang='lat' dir='ltr'>die</span> 
     </span>
    </p>
   </div>
   <div class='ocr_carea' id='block_1_79' title="bbox 2029 3787 3682 3858">
    <p class='ocr_par' dir='ltr' id='par_1_79' title="bbox 2029 3787 3682 3858">
     <span class='ocr_line' id='line_1_79' title="bbox 2029 3787 3682 3858; baseline -0.008 -2"><span class='ocrx_word' id='word_1_500' title='bbox 2029 3800 2131 3856; x_wconf 83' lang='lat'><strong>88</strong></span> <span class='ocrx_word' id='word_1_501' title='bbox 2162 3799 2447 3856; x_wconf 85' lang='lat' dir='ltr'>Certamen</span> <span class='ocrx_word' id='word_1_502' title='bbox 2493 3791 2822 3850; x_wconf 81' lang='lat' dir='ltr'>sacrosancti</span> <span class='ocrx_word' id='word_1_503' title='bbox 2884 3787 3150 3858; x_wconf 80' lang='lat' dir='ltr'>martyris</span> <span class='ocrx_word' id='word_1_504' title='bbox 3206 3788 3381 3854; x_wconf 78' lang='lat' dir='ltr'>Petri,</span> <span class='ocrx_word' id='word_1_505' title='bbox 3442 3787 3682 3858; x_wconf 80' lang='lat' dir='ltr'>episcopi</span> 
     </span>
    </p>
   </div>
   <div class='ocr_carea' id='block_1_80' title="bbox 2648 3879 3075 3951">
    <p class='ocr_par' dir='ltr' id='par_1_80' title="bbox 2648 3879 3075 3951">
     <span class='ocr_line' id='line_1_80' title="bbox 2648 3879 3075 3951; baseline -0.014 -13"><span class='ocrx_word' id='word_1_506' title='bbox 2648 3879 3075 3951; x_wconf 80' lang='lat' dir='ltr'>Capitoleorum.</span> 
     </span>
    </p>
   </div>
   <div class='ocr_carea' id='block_1_81' title="bbox 2102 3992 3684 4064">
    <p class='ocr_par' dir='ltr' id='par_1_81' title="bbox 2102 3992 3684 4064">
     <span class='ocr_line' id='line_1_81' title="bbox 2102 3992 3684 4064; baseline -0.007 -7"><span class='ocrx_word' id='word_1_507' title='bbox 2102 4004 2337 4058; x_wconf 73' lang='lat' dir='ltr'>Grmcus</span> <span class='ocrx_word' id='word_1_508' title='bbox 2360 4004 2486 4055; x_wconf 88' lang='lat' dir='ltr'>erat</span> <span class='ocrx_word' id='word_1_509' title='bbox 2516 3998 2613 4052; x_wconf 90' lang='lat' dir='ltr'>hic</span> <span class='ocrx_word' id='word_1_510' title='bbox 2635 3999 2844 4051; x_wconf 88' lang='lat' dir='ltr'>Petrus</span> <span class='ocrx_word' id='word_1_511' title='bbox 2872 4012 2883 4048; x_wconf 92' lang='lat'><strong>:</strong></span> <span class='ocrx_word' id='word_1_512' title='bbox 2915 3994 3018 4049; x_wconf 92' lang='lat' dir='ltr'>sed</span> <span class='ocrx_word' id='word_1_513' title='bbox 3048 3992 3148 4047; x_wconf 91' lang='lat' dir='ltr'>ubi</span> <span class='ocrx_word' id='word_1_514' title='bbox 3179 3993 3439 4064; x_wconf 91' lang='lat' dir='ltr'>primum</span> <span class='ocrx_word' id='word_1_515' title='bbox 3470 3992 3684 4047; x_wconf 88' lang='lat' dir='ltr'>Christi</span> 
     </span>
    </p>
   </div>
   <div class='ocr_carea' id='block_1_82' title="bbox 2034 4080 3691 4159">
    <p class='ocr_par' dir='ltr' id='par_1_82' title="bbox 2034 4080 3691 4159">
     <span class='ocr_line' id='line_1_82' title="bbox 2034 4080 3691 4159; baseline -0.007 -12"><span class='ocrx_word' id='word_1_516' title='bbox 2034 4091 2367 4147; x_wconf 91' lang='lat' dir='ltr'>doctrinam</span> <span class='ocrx_word' id='word_1_517' title='bbox 2394 4086 2748 4159; x_wconf 88' lang='lat' dir='ltr'>degustavit,</span> <span class='ocrx_word' id='word_1_518' title='bbox 2782 4082 3055 4150; x_wconf 89' lang='lat' dir='ltr'>credidit,</span> <span class='ocrx_word' id='word_1_519' title='bbox 3087 4082 3531 4152; x_wconf 86' lang='lat' dir='ltr'>baptizatusque</span> <span class='ocrx_word' id='word_1_520' title='bbox 3578 4080 3691 4136; x_wconf 86' lang='lat' dir='ltr'>fuit</span> 
     </span>
    </p>
   </div>
   <div class='ocr_carea' id='block_1_83' title="bbox 2035 4170 3688 4247">
    <p class='ocr_par' dir='ltr' id='par_1_83' title="bbox 2035 4170 3688 4247">
     <span class='ocr_line' id='line_1_83' title="bbox 2035 4170 3688 4247; baseline -0.008 -11"><span class='ocrx_word' id='word_1_521' title='bbox 2035 4197 2170 4236; x_wconf 93' lang='lat' dir='ltr'>cum</span> <span class='ocrx_word' id='word_1_522' title='bbox 2201 4195 2405 4247; x_wconf 85' lang='lat' dir='ltr'>uxore,</span> <span class='ocrx_word' id='word_1_523' title='bbox 2438 4176 2643 4232; x_wconf 91' lang='lat' dir='ltr'>liberis</span> <span class='ocrx_word' id='word_1_524' title='bbox 2672 4216 2685 4242; x_wconf 91' lang='lat'>,</span> <span class='ocrx_word' id='word_1_525' title='bbox 2730 4179 2969 4243; x_wconf 87' lang='lat' dir='ltr'>totaque</span> <span class='ocrx_word' id='word_1_526' title='bbox 3008 4171 3253 4226; x_wconf 90' lang='lat' dir='ltr'>familia.</span> <span class='ocrx_word' id='word_1_527' title='bbox 3286 4170 3510 4225; x_wconf 89' lang='lat' dir='ltr'>Deinde</span> <span class='ocrx_word' id='word_1_528' title='bbox 3542 4170 3688 4223; x_wconf 91' lang='lat' dir='ltr'>divi-</span> 
     </span>
    </p>
   </div>
   <div class='ocr_carea' id='block_1_84' title="bbox 2034 4258 3688 4338">
    <p class='ocr_par' dir='ltr' id='par_1_84' title="bbox 2034 4258 3688 4338">
     <span class='ocr_line' id='line_1_84' title="bbox 2034 4258 3688 4338; baseline -0.01 -13"><span class='ocrx_word' id='word_1_529' title='bbox 2034 4286 2173 4325; x_wconf 91' lang='lat' dir='ltr'>nam</span> <span class='ocrx_word' id='word_1_530' title='bbox 2222 4268 2587 4338; x_wconf 84' lang='lat' dir='ltr'>Scripturam</span> <span class='ocrx_word' id='word_1_531' title='bbox 2633 4264 2836 4335; x_wconf 84' lang='lat' dir='ltr'>legens</span> <span class='ocrx_word' id='word_1_532' title='bbox 2867 4277 2933 4316; x_wconf 93' lang='lat' dir='ltr'>ac</span> <span class='ocrx_word' id='word_1_533' title='bbox 2962 4260 3218 4324; x_wconf 88' lang='lat' dir='ltr'>discens,</span> <span class='ocrx_word' id='word_1_534' title='bbox 3252 4258 3688 4328; x_wconf 90' lang='lat' dir='ltr'>Capitoleorum</span> 
     </span>
    </p>
   </div>
   <div class='ocr_carea' id='block_1_85' title="bbox 2035 4344 3688 4426">
    <p class='ocr_par' dir='ltr' id='par_1_85' title="bbox 2035 4344 3688 4426">
     <span class='ocr_line' id='line_1_85' title="bbox 2035 4344 3688 4426; baseline -0.008 -13"><span class='ocrx_word' id='word_1_535' title='bbox 2035 4358 2312 4413; x_wconf 69' lang='lat' dir='ltr'>Ecclesiaa</span> <span class='ocrx_word' id='word_1_536' title='bbox 2348 4357 2660 4426; x_wconf 89' lang='lat' dir='ltr'>episcopus</span> <span class='ocrx_word' id='word_1_537' title='bbox 2696 4350 3093 4406; x_wconf 89' lang='lat' dir='ltr'>renuntiatur.</span> <span class='ocrx_word' id='word_1_538' title='bbox 3128 4349 3273 4401; x_wconf 92' lang='lat' dir='ltr'>Cum</span> <span class='ocrx_word' id='word_1_539' title='bbox 3302 4362 3438 4400; x_wconf 91' lang='lat' dir='ltr'>vero</span> <span class='ocrx_word' id='word_1_540' title='bbox 3470 4344 3688 4399; x_wconf 89' lang='lat' dir='ltr'>multos</span> 
     </span>
    </p>
   </div>
   <div class='ocr_carea' id='block_1_86' title="bbox 2040 4435 3693 4505">
    <p class='ocr_par' dir='ltr' id='par_1_86' title="bbox 2040 4435 3693 4505">
     <span class='ocr_line' id='line_1_86' title="bbox 2040 4435 3693 4505; baseline -0.009 -1"><span class='ocrx_word' id='word_1_541' title='bbox 2040 4450 2376 4505; x_wconf 64' lang='lat' dir='ltr'>Graecorum</span> <span class='ocrx_word' id='word_1_542' title='bbox 2399 4441 2665 4499; x_wconf 89' lang='lat' dir='ltr'>docendo</span> <span class='ocrx_word' id='word_1_543' title='bbox 2688 4441 2762 4496; x_wconf 92' lang='lat' dir='ltr'>ad</span> <span class='ocrx_word' id='word_1_544' title='bbox 2783 4438 3082 4495; x_wconf 89' lang='lat' dir='ltr'>Christum</span> <span class='ocrx_word' id='word_1_545' title='bbox 3101 4435 3505 4503; x_wconf 80' lang='lat' dir='ltr'>convertisset,</span> <span class='ocrx_word' id='word_1_546' title='bbox 3530 4438 3693 4489; x_wconf 87' lang='lat' dir='ltr'>mota</span> 
     </span>
    </p>
   </div>
   <div class='ocr_carea' id='block_1_87' title="bbox 278 4514 1922 4606">
    <p class='ocr_par' dir='ltr' id='par_1_87' title="bbox 278 4514 1922 4606">
     <span class='ocr_line' id='line_1_87' title="bbox 278 4514 1922 4606; baseline -0.001 -24"><span class='ocrx_word' id='word_1_547' title='bbox 278 4514 571 4599; x_wconf 66' lang='grc' dir='ltr'>διδάσκων,</span> <span class='ocrx_word' id='word_1_548' title='bbox 617 4527 707 4583; x_wconf 83' lang='grc' dir='ltr'>καὶ</span> <span class='ocrx_word' id='word_1_549' title='bbox 763 4529 899 4601; x_wconf 88' lang='grc' dir='ltr'>πρὸς</span> <span class='ocrx_word' id='word_1_550' title='bbox 959 4534 1193 4603; x_wconf 83' lang='grc' dir='ltr'>Χριστον</span> <span class='ocrx_word' id='word_1_551' title='bbox 1259 4528 1623 4606; x_wconf 71' lang='grc' dir='ltr'>ἐπιστρέφων,</span> <span class='ocrx_word' id='word_1_552' title='bbox 1680 4526 1922 4604; x_wconf 76' lang='grc' dir='ltr'>διωγμοῦ</span> 
     </span>
    </p>
   </div>
   <div class='ocr_carea' id='block_1_88' title="bbox 2036 4514 3689 4606">
    <p class='ocr_par' dir='ltr' id='par_1_88' title="bbox 2036 4523 3689 4599">
     <span class='ocr_line' id='line_1_88' title="bbox 2036 4523 3689 4599; baseline -0.008 -7"><span class='ocrx_word' id='word_1_553' title='bbox 2036 4537 2319 4593; x_wconf 88' lang='lat' dir='ltr'>adversus</span> <span class='ocrx_word' id='word_1_554' title='bbox 2370 4532 2736 4588; x_wconf 87' lang='lat' dir='ltr'>Christianos</span> <span class='ocrx_word' id='word_1_555' title='bbox 2791 4524 3228 4599; x_wconf 87' lang='lat' dir='ltr'>persecutione,</span> <span class='ocrx_word' id='word_1_556' title='bbox 3288 4523 3360 4579; x_wconf 90' lang='lat' dir='ltr'>ab</span> <span class='ocrx_word' id='word_1_557' title='bbox 3417 4523 3689 4579; x_wconf 88' lang='lat' dir='ltr'>idolatris</span> 
     </span>
    </p>
   </div>
   <div class='ocr_carea' id='block_1_89' title="bbox 275 4616 1391 4690">
    <p class='ocr_par' dir='ltr' id='par_1_89' title="bbox 275 4616 1391 4690">
     <span class='ocr_line' id='line_1_89' title="bbox 275 4616 1391 4690; baseline 0 -19"><span class='ocrx_word' id='word_1_558' title='bbox 275 4616 584 4687; x_wconf 72' lang='grc' dir='ltr'>κινηθέντος</span> <span class='ocrx_word' id='word_1_559' title='bbox 644 4617 781 4671; x_wconf 79' lang='grc' dir='ltr'>κατᾶ</span> <span class='ocrx_word' id='word_1_560' title='bbox 836 4621 944 4671; x_wconf 82' lang='grc' dir='ltr'>τῶν</span> <span class='ocrx_word' id='word_1_561' title='bbox 1002 4620 1339 4690; x_wconf 80' lang='grc' dir='ltr'>Χριστιανῶν</span> <span class='ocrx_word' id='word_1_562' title='bbox 1377 4662 1391 4685; x_wconf 91' lang='grc'>,</span> 
     </span>
    </p>
   </div>
   <div class='ocr_carea' id='block_1_90' title="bbox 277 4703 915 4780">
    <p class='ocr_par' dir='ltr' id='par_1_90' title="bbox 277 4703 915 4780">
     <span class='ocr_line' id='line_1_90' title="bbox 277 4703 915 4780; baseline -0.002 -20"><span class='ocrx_word' id='word_1_563' title='bbox 277 4710 384 4760; x_wconf 79' lang='grc' dir='ltr'>τῶν</span> <span class='ocrx_word' id='word_1_564' title='bbox 442 4703 867 4780; x_wconf 77' lang='grc' dir='ltr'>εἰδωλολατρῶν</span> <span class='ocrx_word' id='word_1_565' title='bbox 902 4724 915 4737; x_wconf 71' lang='grc' dir='ltr'>ο</span> 
     </span>
    </p>
   </div>
   <div class='ocr_carea' id='block_1_91' title="bbox 281 4792 810 4865">
    <p class='ocr_par' dir='ltr' id='par_1_91' title="bbox 281 4792 810 4865">
     <span class='ocr_line' id='line_1_91' title="bbox 281 4792 810 4865; baseline -0.002 -18"><span class='ocrx_word' id='word_1_566' title='bbox 281 4792 500 4849; x_wconf 62' lang='grc' dir='ltr'>ἁλύσεσι</span> <span class='ocrx_word' id='word_1_567' title='bbox 584 4792 760 4857; x_wconf 83' lang='grc' dir='ltr'>δεθεὶς</span> <span class='ocrx_word' id='word_1_568' title='bbox 793 4838 810 4865; x_wconf 93' lang='grc'>,</span> 
     </span>
    </p>
   </div>
   <div class='ocr_carea' id='block_1_92' title="bbox 1451 4616 1927 4693">
    <p class='ocr_par' dir='ltr' id='par_1_92' title="bbox 1451 4616 1927 4693">
     <span class='ocr_line' id='line_1_92' title="bbox 1451 4616 1927 4693; baseline -0.004 -20"><span class='ocrx_word' id='word_1_569' title='bbox 1451 4617 1720 4693; x_wconf 73' lang='grc' dir='ltr'>ἐκρατήθη</span> <span class='ocrx_word' id='word_1_570' title='bbox 1781 4616 1927 4692; x_wconf 73' lang='grc' dir='ltr'>παρὰ</span> 
     </span>
    </p>
   </div>
   <div class='ocr_carea' id='block_1_93' title="bbox 992 4703 1927 4783">
    <p class='ocr_par' dir='ltr' id='par_1_93' title="bbox 992 4703 1927 4783">
     <span class='ocr_line' id='line_1_93' title="bbox 992 4703 1927 4783; baseline -0.002 -23"><span class='ocrx_word' id='word_1_571' title='bbox 992 4704 1079 4760; x_wconf 77' lang='grc' dir='ltr'>καὶ</span> <span class='ocrx_word' id='word_1_572' title='bbox 1155 4703 1403 4782; x_wconf 81' lang='grc' dir='ltr'>σφοδρῶς</span> <span class='ocrx_word' id='word_1_573' title='bbox 1485 4706 1748 4783; x_wconf 84' lang='grc' dir='ltr'>τυφθεὶς,</span> <span class='ocrx_word' id='word_1_574' title='bbox 1837 4704 1927 4761; x_wconf 85' lang='grc' dir='ltr'>καὶ</span> 
     </span>
    </p>
   </div>
   <div class='ocr_carea' id='block_1_94' title="bbox 890 4791 1930 4871">
    <p class='ocr_par' dir='ltr' id='par_1_94' title="bbox 890 4791 1930 4871">
     <span class='ocr_line' id='line_1_94' title="bbox 890 4791 1930 4871; baseline -0.001 -22"><span class='ocrx_word' id='word_1_575' title='bbox 890 4792 1162 4865; x_wconf 83' lang='grc' dir='ltr'>παρεδόθη</span> <span class='ocrx_word' id='word_1_576' title='bbox 1242 4793 1322 4868; x_wconf 79' lang='grc' dir='ltr'>τῷ</span> <span class='ocrx_word' id='word_1_577' title='bbox 1402 4798 1629 4871; x_wconf 72' lang='grc' dir='ltr'>ἄρχοντι</span> <span class='ocrx_word' id='word_1_578' title='bbox 1666 4839 1678 4851; x_wconf 94' lang='grc'><strong>.</strong></span> <span class='ocrx_word' id='word_1_579' title='bbox 1752 4795 1814 4852; x_wconf 86' lang='grc' dir='ltr'>Ὀ</span> <span class='ocrx_word' id='word_1_580' title='bbox 1874 4791 1930 4848; x_wconf 65' lang='grc' dir='ltr'>δε</span> 
     </span>
    </p>
   </div>
   <div class='ocr_carea' id='block_1_95' title="bbox 280 4882 1931 4959">
    <p class='ocr_par' dir='ltr' id='par_1_95' title="bbox 280 4882 1931 4959">
     <span class='ocr_line' id='line_1_95' title="bbox 280 4882 1931 4959; baseline 0.001 -22"><span class='ocrx_word' id='word_1_581' title='bbox 280 4882 466 4959; x_wconf 77' lang='grc' dir='ltr'>ἄρχων</span> <span class='ocrx_word' id='word_1_582' title='bbox 530 4886 608 4958; x_wconf 72' lang='grc' dir='ltr'>μὴ</span> <span class='ocrx_word' id='word_1_583' title='bbox 675 4884 862 4946; x_wconf 86' lang='grc' dir='ltr'>πείσας</span> <span class='ocrx_word' id='word_1_584' title='bbox 948 4885 1133 4955; x_wconf 81' lang='grc' dir='ltr'>αὐτὸν,</span> <span class='ocrx_word' id='word_1_585' title='bbox 1218 4890 1371 4948; x_wconf 72' lang='grc' dir='ltr'>θῦσαι</span> <span class='ocrx_word' id='word_1_586' title='bbox 1446 4891 1566 4947; x_wconf 82' lang='grc' dir='ltr'>τοῖς</span> <span class='ocrx_word' id='word_1_587' title='bbox 1650 4883 1931 4955; x_wconf 78' lang='grc' dir='ltr'>εΐδώλοις,</span> 
     </span>
    </p>
   </div>
   <div class='ocr_carea' id='block_1_96' title="bbox 279 4972 1931 5050">
    <p class='ocr_par' dir='ltr' id='par_1_96' title="bbox 279 4972 1931 5050">
     <span class='ocr_line' id='line_1_96' title="bbox 279 4972 1931 5050; baseline 0.002 -24"><span class='ocrx_word' id='word_1_588' title='bbox 279 4974 403 5036; x_wconf 77' lang='grc' dir='ltr'>τοὺς</span> <span class='ocrx_word' id='word_1_589' title='bbox 439 4972 765 5050; x_wconf 61' lang='grc' dir='ltr'>ὀφθαλμοὺς</span> <span class='ocrx_word' id='word_1_590' title='bbox 824 4973 1075 5048; x_wconf 65' lang='grc' dir='ltr'>ἐξώρυξε,</span> <span class='ocrx_word' id='word_1_591' title='bbox 1105 4974 1195 5028; x_wconf 79' lang='grc' dir='ltr'>καὶ</span> <span class='ocrx_word' id='word_1_592' title='bbox 1245 4975 1345 5043; x_wconf 71' lang='grc' dir='ltr'>τὴν</span> <span class='ocrx_word' id='word_1_593' title='bbox 1396 4974 1647 5048; x_wconf 81' lang='grc' dir='ltr'>γλῶτταν</span> <span class='ocrx_word' id='word_1_594' title='bbox 1697 4974 1931 5047; x_wconf 75' lang='grc' dir='ltr'>ἰξὲτεμε,</span> 
     </span>
    </p>
   </div>
   <div class='ocr_carea' id='block_1_97' title="bbox 280 5060 1934 5137">
    <p class='ocr_par' dir='ltr' id='par_1_97' title="bbox 280 5060 1934 5137">
     <span class='ocr_line' id='line_1_97' title="bbox 280 5060 1934 5137; baseline 0.001 -22"><span class='ocrx_word' id='word_1_595' title='bbox 280 5062 368 5115; x_wconf 83' lang='grc' dir='ltr'>καὶ</span> <span class='ocrx_word' id='word_1_596' title='bbox 419 5062 488 5116; x_wconf 71' lang='grc' dir='ltr'>τὰ</span> <span class='ocrx_word' id='word_1_597' title='bbox 536 5060 678 5116; x_wconf 82' lang='grc' dir='ltr'>ὠτία</span> <span class='ocrx_word' id='word_1_598' title='bbox 734 5062 974 5135; x_wconf 71' lang='grc' dir='ltr'>ἀπὶκοψε</span> <span class='ocrx_word' id='word_1_599' title='bbox 1009 5106 1022 5131; x_wconf 90' lang='grc'>,</span> <span class='ocrx_word' id='word_1_600' title='bbox 1080 5062 1169 5117; x_wconf 87' lang='grc' dir='ltr'>καὶ</span> <span class='ocrx_word' id='word_1_601' title='bbox 1213 5062 1307 5120; x_wconf 69' lang='grc' dir='ltr'>τὰς</span> <span class='ocrx_word' id='word_1_602' title='bbox 1366 5068 1556 5137; x_wconf 81' lang='grc' dir='ltr'>χεῖρας</span> <span class='ocrx_word' id='word_1_603' title='bbox 1590 5107 1603 5128; x_wconf 86' lang='grc'>,</span> <span class='ocrx_word' id='word_1_604' title='bbox 1660 5062 1750 5117; x_wconf 75' lang='grc' dir='ltr'>καὶ</span> <span class='ocrx_word' id='word_1_605' title='bbox 1805 5061 1934 5123; x_wconf 82' lang='grc' dir='ltr'>τοὺς</span> 
     </span>
    </p>
   </div>
   <div class='ocr_carea' id='block_1_98' title="bbox 280 5148 1932 5226">
    <p class='ocr_par' dir='ltr' id='par_1_98' title="bbox 280 5148 1932 5226">
     <span class='ocr_line' id='line_1_98' title="bbox 280 5148 1932 5226; baseline 0.001 -22"><span class='ocrx_word' id='word_1_606' title='bbox 280 5148 450 5213; x_wconf 78' lang='grc' dir='ltr'>πόδας</span> <span class='ocrx_word' id='word_1_607' title='bbox 510 5150 933 5226; x_wconf 73' lang='grc' dir='ltr'>ἑνευροκόπησε.</span> <span class='ocrx_word' id='word_1_608' title='bbox 994 5151 1152 5207; x_wconf 73' lang='grc' dir='ltr'>Μετὰ</span> <span class='ocrx_word' id='word_1_609' title='bbox 1209 5148 1269 5205; x_wconf 64' lang='grc' dir='ltr'>δι</span> <span class='ocrx_word' id='word_1_610' title='bbox 1325 5152 1387 5207; x_wconf 84' lang='grc' dir='ltr'>τὸ</span> <span class='ocrx_word' id='word_1_611' title='bbox 1444 5155 1669 5216; x_wconf 79' lang='grc' dir='ltr'>ποιῆσαι</span> <span class='ocrx_word' id='word_1_612' title='bbox 1737 5150 1932 5213; x_wconf 76' lang='grc' dir='ltr'>ταύτας</span> 
     </span>
    </p>
   </div>
   <div class='ocr_carea' id='block_1_99' title="bbox 280 5238 1932 5315">
    <p class='ocr_par' dir='ltr' id='par_1_99' title="bbox 280 5238 1932 5315">
     <span class='ocr_line' id='line_1_99' title="bbox 280 5238 1932 5315; baseline 0.001 -21"><span class='ocrx_word' id='word_1_613' title='bbox 280 5241 370 5304; x_wconf 68' lang='grc' dir='ltr'>τὰς</span> <span class='ocrx_word' id='word_1_614' title='bbox 421 5238 699 5314; x_wconf 87' lang='grc' dir='ltr'>τιμωρίας</span> <span class='ocrx_word' id='word_1_615' title='bbox 793 5239 1025 5314; x_wconf 87' lang='grc' dir='ltr'>σταυρὸν</span> <span class='ocrx_word' id='word_1_616' title='bbox 1109 5238 1443 5315; x_wconf 79' lang='grc' dir='ltr'>εὐτρεπίσας,</span> <span class='ocrx_word' id='word_1_617' title='bbox 1529 5239 1795 5315; x_wconf 69' lang='grc' dir='ltr'>ἐκρέμασε</span> <span class='ocrx_word' id='word_1_618' title='bbox 1843 5240 1932 5295; x_wconf 85' lang='grc' dir='ltr'>τὸν</span> 
     </span>
    </p>
   </div>
   <div class='ocr_carea' id='block_1_100' title="bbox 283 5327 1935 5406">
    <p class='ocr_par' dir='ltr' id='par_1_100' title="bbox 283 5327 1935 5406">
     <span class='ocr_line' id='line_1_100' title="bbox 283 5327 1935 5406; baseline -0.001 -21"><span class='ocrx_word' id='word_1_619' title='bbox 283 5331 453 5406; x_wconf 67' lang='grc' dir='ltr'>ἅγιον,</span> <span class='ocrx_word' id='word_1_620' title='bbox 485 5328 794 5404; x_wconf 79' lang='grc' dir='ltr'>εὐχόμενον</span> <span class='ocrx_word' id='word_1_621' title='bbox 852 5327 990 5401; x_wconf 82' lang='grc' dir='ltr'>πρὸς</span> <span class='ocrx_word' id='word_1_622' title='bbox 1038 5328 1129 5383; x_wconf 81' lang='grc' dir='ltr'>τὸν</span> <span class='ocrx_word' id='word_1_623' title='bbox 1175 5329 1330 5400; x_wconf 85' lang='grc' dir='ltr'>Θεὸν,</span> <span class='ocrx_word' id='word_1_624' title='bbox 1388 5329 1478 5385; x_wconf 82' lang='grc' dir='ltr'>καὶ</span> <span class='ocrx_word' id='word_1_625' title='bbox 1536 5327 1791 5405; x_wconf 75' lang='grc' dir='ltr'>λέγοντα.</span> <span class='ocrx_word' id='word_1_626' title='bbox 1829 5329 1935 5387; x_wconf 80' lang='grc' dir='ltr'>Κύ-</span> 
     </span>
    </p>
   </div>
   <div class='ocr_carea' id='block_1_101' title="bbox 2039 4614 3688 4697">
    <p class='ocr_par' dir='ltr' id='par_1_101' title="bbox 2039 4614 3688 4697">
     <span class='ocr_line' id='line_1_101' title="bbox 2039 4614 3688 4697; baseline -0.009 -14"><span class='ocrx_word' id='word_1_627' title='bbox 2039 4630 2245 4697; x_wconf 87' lang='lat' dir='ltr'>captus</span> <span class='ocrx_word' id='word_1_628' title='bbox 2271 4620 2614 4695; x_wconf 85' lang='lat' dir='ltr'>gravissime</span> <span class='ocrx_word' id='word_1_629' title='bbox 2639 4617 2887 4673; x_wconf 80' lang='lat' dir='ltr'>caeditur</span> <span class='ocrx_word' id='word_1_630' title='bbox 2906 4634 2920 4683; x_wconf 88' lang='lat'><strong>;</strong></span> <span class='ocrx_word' id='word_1_631' title='bbox 2942 4614 3287 4684; x_wconf 87' lang='lat' dir='ltr'>catenisque</span> <span class='ocrx_word' id='word_1_632' title='bbox 3309 4614 3688 4682; x_wconf 87' lang='lat' dir='ltr'>constrictus,</span> 
     </span>
    </p>
   </div>
   <div class='ocr_carea' id='block_1_102' title="bbox 2037 4702 3688 4785">
    <p class='ocr_par' dir='ltr' id='par_1_102' title="bbox 2037 4702 3688 4785">
     <span class='ocr_line' id='line_1_102' title="bbox 2037 4702 3688 4785; baseline -0.009 -13"><span class='ocrx_word' id='word_1_633' title='bbox 2037 4714 2111 4772; x_wconf 89' lang='lat' dir='ltr'>ad</span> <span class='ocrx_word' id='word_1_634' title='bbox 2143 4711 2458 4785; x_wconf 60' lang='lat' dir='ltr'>prasidem</span> <span class='ocrx_word' id='word_1_635' title='bbox 2493 4707 2847 4764; x_wconf 84' lang='lat' dir='ltr'>adducitur:</span> <span class='ocrx_word' id='word_1_636' title='bbox 2880 4705 2979 4776; x_wconf 88' lang='lat' dir='ltr'>qui</span> <span class='ocrx_word' id='word_1_637' title='bbox 3025 4719 3159 4759; x_wconf 90' lang='lat' dir='ltr'>cum</span> <span class='ocrx_word' id='word_1_638' title='bbox 3190 4719 3325 4758; x_wconf 88' lang='lat' dir='ltr'>eum</span> <span class='ocrx_word' id='word_1_639' title='bbox 3357 4703 3432 4759; x_wconf 92' lang='lat' dir='ltr'>ad</span> <span class='ocrx_word' id='word_1_640' title='bbox 3463 4702 3688 4759; x_wconf 76' lang='lat' dir='ltr'>sacrifi-</span> 
     </span>
    </p>
   </div>
   <div class='ocr_carea' id='block_1_103' title="bbox 2040 4792 3690 4863">
    <p class='ocr_par' dir='ltr' id='par_1_103' title="bbox 2040 4792 3690 4863">
     <span class='ocr_line' id='line_1_103' title="bbox 2040 4792 3690 4863; baseline -0.007 -4"><span class='ocrx_word' id='word_1_641' title='bbox 2040 4801 2297 4859; x_wconf 90' lang='lat' dir='ltr'>candum</span> <span class='ocrx_word' id='word_1_642' title='bbox 2323 4798 2499 4854; x_wconf 86' lang='lat' dir='ltr'>idolis</span> <span class='ocrx_word' id='word_1_643' title='bbox 2548 4796 2830 4851; x_wconf 90' lang='lat' dir='ltr'>inducere</span> <span class='ocrx_word' id='word_1_644' title='bbox 2862 4792 3158 4863; x_wconf 90' lang='lat' dir='ltr'>nequiret,</span> <span class='ocrx_word' id='word_1_645' title='bbox 3202 4793 3358 4847; x_wconf 89' lang='lat' dir='ltr'>eruit</span> <span class='ocrx_word' id='word_1_646' title='bbox 3388 4793 3439 4847; x_wconf 92' lang='lat' dir='ltr'>ei</span> <span class='ocrx_word' id='word_1_647' title='bbox 3461 4792 3690 4861; x_wconf 84' lang='lat' dir='ltr'>oculos,</span> 
     </span>
    </p>
   </div>
   <div class='ocr_carea' id='block_1_104' title="bbox 2045 4879 3692 4963">
    <p class='ocr_par' dir='ltr' id='par_1_104' title="bbox 2045 4879 3692 4963">
     <span class='ocr_line' id='line_1_104' title="bbox 2045 4879 3692 4963; baseline -0.008 -17"><span class='ocrx_word' id='word_1_648' title='bbox 2045 4892 2313 4963; x_wconf 85' lang='lat' dir='ltr'>linguam</span> <span class='ocrx_word' id='word_1_649' title='bbox 2343 4886 2633 4960; x_wconf 58' lang='lat' dir='ltr'>praecidit,</span> <span class='ocrx_word' id='word_1_650' title='bbox 2666 4900 2840 4940; x_wconf 90' lang='lat' dir='ltr'>aures</span> <span class='ocrx_word' id='word_1_651' title='bbox 2886 4879 3229 4952; x_wconf 89' lang='lat' dir='ltr'>amputavit,</span> <span class='ocrx_word' id='word_1_652' title='bbox 3270 4897 3558 4935; x_wconf 87' lang='lat' dir='ltr'>manuum</span> <span class='ocrx_word' id='word_1_653' title='bbox 3590 4896 3692 4951; x_wconf 90' lang='lat' dir='ltr'>pe-</span> 
     </span>
    </p>
   </div>
   <div class='ocr_carea' id='block_1_105' title="bbox 2048 4969 3696 5049">
    <p class='ocr_par' dir='ltr' id='par_1_105' title="bbox 2048 4969 3696 5049">
     <span class='ocr_line' id='line_1_105' title="bbox 2048 4969 3696 5049; baseline -0.007 -15"><span class='ocrx_word' id='word_1_654' title='bbox 2048 4980 2309 5049; x_wconf 88' lang='lat' dir='ltr'>dumque</span> <span class='ocrx_word' id='word_1_655' title='bbox 2369 4993 2577 5031; x_wconf 87' lang='lat' dir='ltr'>nervos</span> <span class='ocrx_word' id='word_1_656' title='bbox 2627 4971 2895 5028; x_wconf 88' lang='lat' dir='ltr'>succidit.</span> <span class='ocrx_word' id='word_1_657' title='bbox 2949 4972 3086 5024; x_wconf 86' lang='lat' dir='ltr'>Post</span> <span class='ocrx_word' id='word_1_658' title='bbox 3122 4969 3231 5023; x_wconf 89' lang='lat' dir='ltr'>hos</span> <span class='ocrx_word' id='word_1_659' title='bbox 3290 4970 3608 5037; x_wconf 90' lang='lat' dir='ltr'>cruciatus,</span> <span class='ocrx_word' id='word_1_660' title='bbox 3633 4969 3696 5024; x_wconf 91' lang='lat' dir='ltr'>in</span> 
     </span>
    </p>
   </div>
   <div class='ocr_carea' id='block_1_106' title="bbox 2042 5056 3697 5139">
    <p class='ocr_par' dir='ltr' id='par_1_106' title="bbox 2042 5056 3697 5139">
     <span class='ocr_line' id='line_1_106' title="bbox 2042 5056 3697 5139; baseline -0.007 -17"><span class='ocrx_word' id='word_1_661' title='bbox 2042 5071 2433 5139; x_wconf 59' lang='lat' dir='ltr'>praeparatam</span> <span class='ocrx_word' id='word_1_662' title='bbox 2483 5077 2721 5118; x_wconf 89' lang='lat' dir='ltr'>crucem</span> <span class='ocrx_word' id='word_1_663' title='bbox 2779 5064 3052 5114; x_wconf 87' lang='lat' dir='ltr'>sanctum</span> <span class='ocrx_word' id='word_1_664' title='bbox 3123 5056 3240 5127; x_wconf 89' lang='lat' dir='ltr'>egit</span> <span class='ocrx_word' id='word_1_665' title='bbox 3299 5062 3570 5111; x_wconf 90' lang='lat' dir='ltr'>orantem</span> <span class='ocrx_word' id='word_1_666' title='bbox 3622 5056 3697 5111; x_wconf 89' lang='lat' dir='ltr'>ad</span> 
     </span>
    </p>
   </div>
   <div class='ocr_carea' id='block_1_107' title="bbox 2042 5145 3702 5215">
    <p class='ocr_par' dir='ltr' id='par_1_107' title="bbox 2042 5145 3702 5215">
     <span class='ocr_line' id='line_1_107' title="bbox 2042 5145 3702 5215; baseline -0.008 -3"><span class='ocrx_word' id='word_1_667' title='bbox 2042 5158 2228 5211; x_wconf 90' lang='lat' dir='ltr'>Deum</span> <span class='ocrx_word' id='word_1_668' title='bbox 2263 5171 2330 5210; x_wconf 90' lang='lat' dir='ltr'>ac</span> <span class='ocrx_word' id='word_1_669' title='bbox 2358 5153 2654 5208; x_wconf 91' lang='lat' dir='ltr'>dicentem</span> <span class='ocrx_word' id='word_1_670' title='bbox 2673 5166 2685 5203; x_wconf 91' lang='lat'><strong>:</strong></span> <span class='ocrx_word' id='word_1_671' title='bbox 2704 5149 3016 5213; x_wconf 86' lang='lat' dir='ltr'>Domine,ne</span> <span class='ocrx_word' id='word_1_672' title='bbox 3030 5151 3239 5200; x_wconf 83' lang='lat' dir='ltr'>statuas</span> <span class='ocrx_word' id='word_1_673' title='bbox 3262 5145 3373 5199; x_wconf 81' lang='lat' dir='ltr'>illis</span> <span class='ocrx_word' id='word_1_674' title='bbox 3393 5145 3492 5200; x_wconf 84' lang='lat' dir='ltr'>hoc</span> <span class='ocrx_word' id='word_1_675' title='bbox 3504 5161 3702 5215; x_wconf 82' lang='lat' dir='ltr'>pecca-</span> 
     </span>
    </p>
   </div>
   <div class='ocr_carea' id='block_1_108' title="bbox 2046 5233 3705 5307">
    <p class='ocr_par' dir='ltr' id='par_1_108' title="bbox 2046 5233 3705 5307">
     <span class='ocr_line' id='line_1_108' title="bbox 2046 5233 3705 5307; baseline -0.008 -6"><span class='ocrx_word' id='word_1_676' title='bbox 2046 5252 2158 5300; x_wconf 86' lang='lat' dir='ltr'>tum</span> <span class='ocrx_word' id='word_1_677' title='bbox 2179 5245 2221 5299; x_wconf 81' lang='grc'>⁸.</span> <span class='ocrx_word' id='word_1_678' title='bbox 2246 5242 2509 5298; x_wconf 88' lang='lat' dir='ltr'>Tandem</span> <span class='ocrx_word' id='word_1_679' title='bbox 2530 5238 2721 5294; x_wconf 88' lang='lat' dir='ltr'>adhuc</span> <span class='ocrx_word' id='word_1_680' title='bbox 2747 5236 2997 5307; x_wconf 88' lang='lat' dir='ltr'>spiranti</span> <span class='ocrx_word' id='word_1_681' title='bbox 3021 5233 3240 5288; x_wconf 89' lang='lat' dir='ltr'>milites</span> <span class='ocrx_word' id='word_1_682' title='bbox 3262 5239 3439 5306; x_wconf 89' lang='lat' dir='ltr'>caput</span> <span class='ocrx_word' id='word_1_683' title='bbox 3457 5234 3705 5289; x_wconf 86' lang='lat' dir='ltr'>obtrun-</span> 
     </span>
    </p>
   </div>
   <div class='ocr_carea' id='block_1_109' title="bbox 2049 5323 3132 5400">
    <p class='ocr_par' dir='ltr' id='par_1_109' title="bbox 2049 5323 3132 5400">
     <span class='ocr_line' id='line_1_109' title="bbox 2049 5323 3132 5400; baseline -0.008 -12"><span class='ocrx_word' id='word_1_684' title='bbox 2049 5338 2371 5391; x_wconf 77' lang='lat' dir='ltr'>caverunt:</span> <span class='ocrx_word' id='word_1_685' title='bbox 2402 5335 2579 5400; x_wconf 91' lang='lat' dir='ltr'>atque</span> <span class='ocrx_word' id='word_1_686' title='bbox 2603 5328 2686 5382; x_wconf 88' lang='lat' dir='ltr'>ita</span> <span class='ocrx_word' id='word_1_687' title='bbox 2712 5326 2890 5380; x_wconf 89' lang='lat' dir='ltr'>vitam</span> <span class='ocrx_word' id='word_1_688' title='bbox 2922 5323 3132 5380; x_wconf 80' lang='lat' dir='ltr'>ﬁnivit.</span> 
     </span>
    </p>
   </div>
   <div class='ocr_carea' id='block_1_110' title="bbox 282 5410 3702 5495">
    <p class='ocr_par' dir='ltr' id='par_1_110' title="bbox 282 5410 3702 5495">
     <span class='ocr_line' id='line_1_110' title="bbox 282 5410 3702 5495; baseline -0.002 -21"><span class='ocrx_word' id='word_1_689' title='bbox 282 5439 379 5494; x_wconf 89' lang='grc' dir='ltr'>ριε,</span> <span class='ocrx_word' id='word_1_690' title='bbox 406 5420 483 5492; x_wconf 78' lang='grc' dir='ltr'>μή</span> <span class='ocrx_word' id='word_1_691' title='bbox 518 5419 726 5493; x_wconf 72' lang='grc' dir='ltr'>στήσῃς</span> <span class='ocrx_word' id='word_1_692' title='bbox 756 5416 943 5480; x_wconf 79' lang='grc' dir='ltr'>αὐτοῖς</span> <span class='ocrx_word' id='word_1_693' title='bbox 988 5418 1086 5486; x_wconf 80' lang='grc' dir='ltr'>τὴν</span> <span class='ocrx_word' id='word_1_694' title='bbox 1136 5418 1406 5493; x_wconf 73' lang='grc' dir='ltr'>ἁμαρτίαν</span> <span class='ocrx_word' id='word_1_695' title='bbox 1448 5418 1673 5491; x_wconf 71' lang='grc' dir='ltr'>ταύτην.</span> <span class='ocrx_word' id='word_1_696' title='bbox 1706 5419 1839 5476; x_wconf 64' lang='lat' dir='ltr'>&quot;Em</span> <span class='ocrx_word' id='word_1_697' title='bbox 1872 5416 1929 5474; x_wconf 79' lang='grc' dir='ltr'>δὲ</span> <span class='ocrx_word' id='word_1_698' title='bbox 1958 5419 2252 5495; x_wconf 78' lang='grc' dir='ltr'>ἐμπὲοντα,</span> <span class='ocrx_word' id='word_1_699' title='bbox 2286 5417 2459 5489; x_wconf 83' lang='grc' dir='ltr'>ἦλθον</span> <span class='ocrx_word' id='word_1_700' title='bbox 2489 5417 2542 5472; x_wconf 76' lang='grc' dir='ltr'>οἱ</span> <span class='ocrx_word' id='word_1_701' title='bbox 2573 5417 2923 5492; x_wconf 81' lang='grc' dir='ltr'>στρατιῶται,</span> <span class='ocrx_word' id='word_1_702' title='bbox 2953 5410 3045 5467; x_wconf 86' lang='grc' dir='ltr'>καὶ</span> <span class='ocrx_word' id='word_1_703' title='bbox 3088 5410 3485 5490; x_wconf 78' lang='grc' dir='ltr'>ἀπεκεφάλισαν</span> <span class='ocrx_word' id='word_1_704' title='bbox 3513 5410 3702 5472; x_wconf 80' lang='grc' dir='ltr'>αὐτόν·</span> 
     </span>
    </p>
   </div>
   <div class='ocr_carea' id='block_1_111' title="bbox 282 5504 931 5577">
    <p class='ocr_par' dir='ltr' id='par_1_111' title="bbox 282 5504 931 5577">
     <span class='ocr_line' id='line_1_111' title="bbox 282 5504 931 5577; baseline -0.002 -14"><span class='ocrx_word' id='word_1_705' title='bbox 282 5508 366 5563; x_wconf 80' lang='grc' dir='ltr'>ιιαὶ</span> <span class='ocrx_word' id='word_1_706' title='bbox 399 5504 575 5569; x_wconf 72' lang='grc' dir='ltr'>οὕτως</span> <span class='ocrx_word' id='word_1_707' title='bbox 603 5504 931 5577; x_wconf 68' lang='grc' dir='ltr'>ἐτελειώθη.</span> 
     </span>
    </p>
   </div>
   <div class='ocr_carea' id='block_1_112' title="bbox 343 5636 786 5706">
    <p class='ocr_par' dir='ltr' id='par_1_112' title="bbox 343 5636 786 5706">
     <span class='ocr_line' id='line_1_112' title="bbox 343 5636 786 5706; baseline -0.014 -11"><span class='ocrx_word' id='word_1_708' title='bbox 343 5638 367 5673; x_wconf 79' lang='grc'>⁵</span> <span class='ocrx_word' id='word_1_709' title='bbox 392 5639 522 5695; x_wconf 81' lang='lat' dir='ltr'>Act.</span> <span class='ocrx_word' id='word_1_710' title='bbox 558 5651 662 5706; x_wconf 82' lang='lat' dir='ltr'>vn,</span> <span class='ocrx_word' id='word_1_711' title='bbox 696 5636 786 5690; x_wconf 81' lang='lat'>59.</span> 
     </span>
    </p>
   </div>
  </div>
