4030 6196
371 564 471 621 89
514 564 779 620 Dormitio
831 560 1010 618 sancti
1060 561 1244 616 Patris
1297 559 1472 614 nostri
1515 556 1681 613 Pauli
1714 554 2019 627 Simplicis.

449 772 668 828 Paulus
691 773 1082 841 cognomento
1096 783 1162 822 ac
1177 765 1442 822 moribus
1469 766 1748 838 Simplex,
1769 763 2027 838 agricola

373 861 504 916 fuit.
538 861 682 914 Cum
713 863 910 912 autem
933 872 1180 911 uxorem
1229 854 1421 911 forma
1468 855 1711 926 quidem
1759 852 2026 924 corporis

373 955 697 1015 venustam,
723 952 784 1002 at
802 946 1052 1018 perditis
1083 946 1348 1001 moribus
1370 945 1655 1011 duxisset,
1687 943 2025 1014 rediretque

373 1037 694 1108 aliquando
727 1052 798 1091 ex
837 1052 975 1109 agro
1007 1035 1270 1099 domum,
1306 1051 1550 1090 uxorem
1579 1051 1715 1090 cum
1756 1033 2026 1089 adultero

374 1131 722 1200 peccantem
780 1125 1194 1196 deprehendit.
1246 1126 1455 1192 Quare,
1518 1124 1724 1179 relicta
1753 1124 1928 1179 domo
1959 1137 2028 1177 ac

373 1215 574 1288 pueris
605 1216 751 1281 suis,
782 1213 1031 1268 secessit
1059 1214 1122 1267 in
1157 1213 1571 1281 solitudinem;
1605 1212 2028 1285 profectusque

384 1305 458 1360 ad
514 1320 796 1376 magnum
826 1303 1172 1368 Antonium,
1206 1301 1445 1374 petebat
1479 1308 1545 1356 ut
1572 1301 1932 1358 monachum
1965 1315 2028 1354 se

377 1394 688 1448 initiaret:
731 1393 902 1463 cujus
961 1396 1329 1446 senectutem
1387 1392 1638 1446 intuitus
1692 1390 2026 1446 Antonius:

381 1484 714 1556 Sexaginta,
776 1481 990 1552 inquit,
1047 1497 1342 1537 annorum
1404 1499 1583 1537 senex
1631 1481 1933 1536 laboribus
1963 1495 2033 1534 ac

384 1571 678 1626 molestiis
708 1585 1086 1641 nequaquam
1119 1587 1226 1641 par
1255 1576 1364 1626 est.
1398 1570 1500 1625 Cui
1535 1571 1789 1625 Paulus:
1824 1567 2031 1640 Siquid

382 1660 529 1716 mihi
553 1659 955 1731 imperaveris,
987 1659 1224 1714 faciam.
1257 1660 1550 1715 Antonius
1567 1659 1746 1731 igitur
1767 1657 2030 1730 periculo

380 1751 557 1814 facto,
616 1767 750 1805 cum
784 1766 920 1804 eum
979 1749 1053 1805 ad
1119 1751 1320 1805 omnia
1359 1750 1707 1805 sustinenda
1760 1755 2031 1820 paratum

1683 323 2126 395 MENOLOGW
2158 326 2358 393 PARS
2402 331 2452 392 Ι.

1020 470 1240 528 Eodem
1269 469 1366 525 die
2044 463 2097 536 Α

3699 319 3780 380 88

2718 463 2806 536 Τῇ
2844 459 2983 533 αὐτῇ
3017 456 3200 532 ἥμεροι

2131 557 2196 613 Ἦ
2251 555 2516 629 κοίμησις
2563 555 2662 608 τοῦ
2724 550 2877 607 ὀσίου
2922 547 3132 624 Πατρὸς
3202 549 3364 620 ἡμῶν
3405 542 3630 602 ΙΙαόΑου
3683 545 3781 596 τοῦ

2838 637 3072 698 Ἀπλοῦ.

2207 759 2420 824 Ηαῦλος
2477 762 2506 816 ὁ
2591 757 2909 830 ἐπικληθεὶς
2969 754 3058 812 διὰ
3106 755 3200 810 τὸν
3253 750 3456 829 τρόπον
3520 748 3781 818 ’Δπλοῦς,

2135 852 2354 928 ὑπῆρχε
2414 851 2508 924 μὲν
2565 869 2828 926 γεωργος,
2885 843 3216 928 συνεζεύχθῃ
3272 840 3330 898 δὲ
3358 836 3786 928 γυναικὶ-ἑραίᾳ

2131 918 2504 1007 τήν-’μορφῆη
2547 918 2694 986 ἀλλά
2725 918 3079 1004 *κακοτρόπῳ
3111 918 3233 995 τὴν
3293 923 3547 999 γνώμην.
3579 918 3788 977 Ἐλθὼν

2134 1019 2192 1078 δὲ
2219 1043 2351 1078 ποτε
2379 1021 2486 1077 ἀπὸ
2512 1024 2610 1076 τοῦ
2642 1021 2808 1094 ἀγροῦ
2838 1018 2914 1080 εἷς
2943 1018 3035 1072 τὸν
3081 1017 3231 1071 οἶκον
3289 1012 3476 1083 αὐτοῦ,
3506 1007 3628 1083 εὗρε
3677 1008 3778 1077 τὴν

2135 1117 2366 1187 γυναῖκα
2423 1109 2556 1184 μετὰ
2626 1112 2832 1184 μοιχοῦ
2898 1103 3352 1181 ἁμαρτάνουσαν.
3411 1100 3509 1156 Καὶ
3542 1095 3788 1187 -καταλι-

2137 1184 2253 1258 πὼν
2281 1201 2370 1256 καὶ
2400 1201 2491 1255 τὸν
2525 1201 2696 1268 οἷκον,
2727 1197 2817 1252 καὶ
2859 1196 2928 1252 τὰ
2982 1191 3170 1251 παιδία
3222 1191 3408 1260 αὑτοῦ,
3441 1185 3665 1259 ἐξῆλθεν
3707 1184 3783 1246 είς

2136 1291 2234 1360 τήν
2259 1284 2490 1366 ἔρημον.
2534 1288 2638 1344 Καὶ
2696 1286 2945 1342 ἀπελθὼν
3005 1285 3142 1359 πρὸς
3195 1283 3288 1338 τὸν
3360 1281 3524 1354 μὲγαν
3561 1276 3786 1366 ⁸Ἀντῴ-

2137 1362 2603 1454 νιονξπαρεκάλει
2647 1383 2876 1445 ποιῆσαι
2927 1374 3090 1429 αὑτὸν
3137 1371 3403 1446 μοναχόν.
3461 1362 3615 1424 Όδὶ
3654 1362 3788 1419 ἰδὼν

2137 1469 2298 1524 αὐτόν
2355 1467 2582 1542 γέροντά
2614 1509 2628 1536 ,
2687 1465 2851 1521 εἶπεν·
2910 1465 3208 1536 Ἐεήκοντα
3264 1459 3396 1515 ἐτῶν
3456 1455 3630 1532 γέρων
3663 1473 3788 1508 πει-

2141 1557 2383 1634 ρασμοὺς
2417 1557 2718 1627 ὑπομεῖναι
2767 1553 2829 1608 οὐ
2888 1550 3130 1609 δύναται.
3187 1549 3285 1604 Καὶ
3316 1549 3344 1602 ὁ
3371 1543 3587 1608 Ιιαῦλδς
3619 1545 3788 1598 εἶπεν·

2140 1645 2261 1703 Εἵτι
2321 1665 2414 1718 μοι
2471 1643 2624 1718 εἴπῃς
2656 1687 2671 1714 ,
2728 1647 2874 1698 ποιῶ
2907 1687 2921 1700 .
3011 1640 3111 1696 Καὶ
3169 1635 3534 1711 ἀποπειράσας
3587 1631 3748 1688 αὐτὸν
3780 1676 3794 1704 ,

2143 1733 2313 1810 εὗρεν,
2369 1735 2452 1789 ὅτι
2511 1735 2685 1789 πάντα
2737 1731 3022 1804 ὑπομένει.
3075 1728 3172 1784 Καὶ
3230 1725 3542 1800 ἔκοόρευσεν
3603 1720 3796 1789 αὐτὸν,

381 1808 725 1906 invenisset,
758 1838 1033 1903 totondit,
1067 1843 1126 1892 et
1153 1839 1521 1894 monachum
1563 1837 1722 1905 fecit,
1761 1808 2026 1894 nidiﬁca-

2152 1808 2228 1880 ιαῖ
2260 1823 2481 1894 ἐποίησε
2525 1823 2786 1896 μοναχόν.
2851 1820 2946 1874 Καὶ
3005 1818 3189 1880 κτίσας
3247 1813 3469 1871 κελλίον
3500 1813 3618 1868 κατ’
3649 1808 3795 1906 ἷδίαν

382 1933 622 1998 tamque
651 1927 898 1981 seorsim
933 1927 994 1980 in
1024 1927 1212 1982 altero
1245 1944 1426 1998 specu
1457 1927 1734 1982 cellulam
1768 1928 1820 1981 ei
1853 1926 2034 1982 tradi-

383 2016 498 2073 dit:
533 2015 632 2069 ubi
666 2020 829 2070 tanto
863 2013 1058 2070 studio
1117 2031 1178 2070 se
1229 2016 1426 2086 ipsum
1459 2016 1521 2070 in
1554 2017 1717 2071 omni
1753 2016 2035 2070 virtutum

379 2120 596 2176 genere
627 2103 904 2170 excoluit,
932 2108 998 2157 ut
1027 2104 1316 2160 miracula
1354 2112 1588 2176 patrare
1639 2105 1925 2161 meruerit
1957 2120 1974 2159 :
2001 2121 2036 2160 a

375 2194 594 2264 juvene
613 2191 772 2246 enim
798 2191 1163 2246 daemonium
1185 2192 1461 2260 habente,
1487 2194 1588 2264 qui
1610 2193 1685 2248 ad
1711 2193 2036 2248 Antonium

384 2285 643 2345 venerat,
667 2279 770 2335 illo
809 2285 931 2335 tum
964 2281 1234 2346 absente,
1280 2282 1496 2337 Paulus
1547 2283 1911 2338 daemonium
1942 2281 2037 2336 fu-

387 2370 561 2444 gavit.
595 2371 735 2425 Post
757 2369 882 2424 haec
907 2370 1025 2425 vita
1052 2370 1290 2425 functus
1321 2375 1430 2428 est.

1033 2489 1253 2544 Eodem
1284 2488 1380 2544 die

393 2579 496 2634 90
529 2580 814 2635 Certamen
853 2581 1184 2634 sacrosancti
1217 2581 1471 2650 martyris
1499 2579 1749 2650 Dionysii
1787 2580 2037 2650 patriar-

948 2668 1062 2722 chae
1091 2667 1474 2724 Alexandrini.

461 2757 711 2815 Sanctus
742 2759 916 2814 Pater
945 2762 1148 2812 noster
1177 2758 1492 2830 Dionysius
1532 2758 1747 2814 claruit
1775 2763 2040 2830 tempore

397 2850 694 2905 Valeriani
722 2849 1510 2921 etGallieniimperatorum.
1533 2850 1677 2905 Cum
1701 2855 1898 2906 autem
1920 2865 2043 2921 per-

393 2933 618 2994 secutio
653 2939 713 2992 in
755 2938 1123 2993 Christianos
1180 2956 1408 3008 omnes,
1459 2940 1755 3012 prmcipue
1795 2955 1928 2994 vero
1980 2937 2041 2993 in

390 3028 721 3098 episcogios,
755 3031 916 3081 mota
936 3031 1094 3081 esset
1123 3027 1304 3098 (quod
1329 3029 1719 3099 imperatores
1750 3027 2045 3083 existima-

389 3120 542 3181 rent,
569 3115 617 3169 si
651 3115 913 3187 episcopi
943 3115 1360 3182 retinerentur,
1403 3122 1648 3172 caateros
1679 3117 2044 3172 Christianos

2140 1909 2220 1973 εἲς
2277 1906 2458 1985 ἕτερον
2520 1894 2815 1978 σπήλαιον,
2877 1903 3080 1961 δέδωιιε
3141 1904 3319 1978 μὲνειν
3373 1901 3501 1958 ἐκεῖ.
3535 1898 3694 1956 Οὕτω
3740 1894 3801 1950 δὲ

2135 1998 2440 2072 ἠγωνίσατο
2470 1996 2548 2058 είς
2604 1995 2801 2067 ἀρετὴν
2839 2038 2854 2065 ,
2913 1995 2988 2056 ὡς
3048 1993 3139 2048 καὶ
3188 1995 3287 2046 τοῦ
3371 1990 3803 2061 θαυματουργεῖν

2137 2088 2433 2158 ἀξιωθῆναι
2469 2127 2482 2144 .
2549 2083 2840 2139 Νεανίσκου
2915 2082 3017 2159 γὰρ
3073 2101 3222 2142 τινος
3279 2076 3504 2154 ἔχοντος
3561 2073 3802 2146 δαίμονα

2138 2180 2276 2249 πρὸς
2330 2178 2620 2235 ’Λντώνιον
2679 2174 2954 2242 ἐλθόντος,
3011 2175 3109 2226 τοῦ
3166 2167 3464 2228 Ἀντωνίου
3521 2183 3796 2238 παραχω-

2140 2269 2405 2343 ρήσαντος
2438 2312 2454 2339 ,
2513 2260 2760 2338 ἐξέϐαλεν
2820 2262 2979 2318 αὐτόν
3016 2302 3029 2317 .
3093 2258 3196 2317 Καὶ
3258 2257 3392 2332 μετὰ
3444 2259 3615 2311 ταῦτα
3670 2253 3791 2307 ἑτε-

2141 2354 2373 2428 λειώθη.

2707 2481 2791 2553 Τῇ
2842 2478 2982 2552 αὖτῇ
3038 2475 3224 2552 ἡμέρᾳ

2140 2580 2408 2651 Ἀθλησις
2437 2584 2532 2636 τοῦ
2563 2578 2719 2656 ἁγίου
2768 2575 3162 2706 ίερομάρτυὲος
3196 2569 3474 2630 Διονυσίου
3522 2565 3794 2644 πατριάρ-

2677 2668 2783 2706 γου
2839 2658 2886 2706 Δ
2932 2651 3048 2706 εξαν
3090 2647 3256 2706 ρείας.

2677 2668 2783 2725 χου
2819 2647 3256 2722 ’Δλεξανδρείας.

2213 2761 2274 2818 Ὁ
2297 2759 2348 2814 ἐν
2409 2757 2584 2833 ἁγίοις
2640 2758 2826 2831 Πατὴρ
2883 2759 3046 2830 ἡμῶν
3104 2752 3414 2831 Διονύσιος,
3441 2749 3508 2820 ἦν
3565 2745 3795 2804 ἐπὶτῶν

2145 2851 2362 2926 χρόνων
2413 2848 2779 2924 Οὐαλεριανοῦ
2826 2847 2915 2902 καὶ
2976 2843 3292 2915 Γαλλιηνοῦ
3346 2847 3454 2898 τῶν
3503 2837 3801 2916 βασιλέων,

2147 2943 2401 3016 Διωγμοῦ
2461 2936 2518 2993 δὲ
2570 2936 2884 3008 κινηθέντος
2941 2935 3078 2991 κατὰ
3127 2938 3236 2990 τῶν
3297 2933 3662 3007 Χριστιανῶν,
3697 2926 3806 3000 μά-

2146 3027 2308 3084 λιστα
2363 3026 2422 3084 δὲ
2499 3028 2635 3083 κατὰ
2711 3031 2819 3082 τῶν
2879 3023 3176 3081 ἐπισκόπον
3216 3067 3231 3094 ,
3293 3022 3632 3096 νομισάντων
3686 3019 3802 3072 τῶν

2159 3116 2452 3193 βασιλέων,
2485 3118 2568 3172 δτι
2599 3114 2686 3170 ἐὰν
2717 3116 2770 3170 οἱ
2825 3113 3114 3170 ἐπίσκοποι
3171 3107 3610 3187 παρασταλῶσιν,
3643 3104 3810 3161 εὐκό-

393 3202 560 3258 nullo
594 3204 828 3274 negotio
879 3203 986 3258 sub
1044 3209 1400 3276 potestatem
1458 3206 1744 3277 casuros),
1775 3221 2041 3276 compre-

2157 3191 2268 3269 λως
2325 3205 2454 3268 τοὺς
2505 3202 2736 3266 λοιποὺς
2792 3201 3146 3278 Χριστιανοὺς
3231 3198 3588 3275 ὑποχειρίους
3635 3196 3810 3265 ποιή-

395 3292 622 3350 hensus
655 3291 726 3348 ab
756 3292 1129 3347 Alexandriae
1147 3293 1424 3364 prasfecto
1444 3298 1682 3349 sanctus
1714 3293 2049 3365 Dionysius,

398 3381 863 3455 compulsusque
886 3381 1185 3436 Christum
1216 3381 1509 3456 abnegare
1532 3388 1592 3438 et
1616 3381 1792 3438 idolis
1822 3382 2048 3438 sacriﬁ-

403 3488 562 3536 care,
596 3487 731 3527 cum
753 3471 828 3526 ad
851 3471 910 3526 id
939 3471 1142 3526 induci
1173 3472 1341 3527 nulla
1371 3473 1600 3528 ratione
1631 3478 1851 3544 posset,
1872 3473 1933 3527 in
1965 3473 2052 3526 in-

401 3563 682 3616 teriorem
712 3562 1023 3633 Egyptum
1054 3560 1369 3633 relegatur,
1398 3567 1464 3617 ut
1485 3563 1680 3618 omnis
1709 3561 1946 3618 videndi
1977 3561 2050 3616 il-

397 3649 521 3704 lius
552 3649 800 3704 facultas
822 3650 1028 3704 amicis
1058 3649 1405 3705 admiretur.
1430 3653 1552 3716 Quo
1583 3652 1645 3706 in
1677 3651 1885 3707 exsilio
1917 3667 2052 3707 cum

405 3736 524 3790 ﬁde
555 3736 769 3790 Christi
803 3735 876 3790 ad
908 3753 969 3791 se
1011 3737 1360 3792 ac¢edentes
1408 3738 1672 3794 imbuere
1704 3756 1824 3794 non
1857 3755 2050 3795 cessa-

401 3829 514 3890 ret,
539 3839 659 3878 non
690 3822 990 3894 lapidibus
1013 3825 1205 3880 solum
1229 3825 1300 3880 ab
1333 3826 1662 3883 idololatris
1691 3829 2051 3900 petitus,va-

402 3912 628 3983 riisque
661 3917 1102 3967 tormentorum
1131 3915 1445 3986 generibus
1503 3917 1874 3973 excruciatus
1902 3917 2014 3972 fuit
2038 3935 2052 3986 ;

404 4001 508 4056 sed
539 4001 600 4056 in
633 4001 833 4056 locum
865 4002 1042 4056 etiam
1106 4001 1501 4059 horridiorem
1555 4005 2054 4077 incultioremque

402 4107 612 4146 rursus
643 4089 908 4162 prmfecti
931 4091 1109 4162 jussu
1123 4090 1631 4164 deportatur,ubi,
1658 4094 1934 4166 plurimis
1966 4099 2056 4149 to-

405 4179 610 4236 leratis
643 4179 956 4247 molestiis,
1008 4197 1243 4238 sacrum
1273 4181 1514 4239 demum
1545 4189 1722 4257 caput
1775 4184 1969 4257 gladio
2001 4183 2055 4241 ei

407 4273 772 4343 amputatur.

1063 4387 1284 4445 Eodem
1314 4389 1409 4446 die

413 4475 510 4531 91
543 4479 856 4548 _Certamen
908 4485 1224 4536 sanctorum
1273 4487 1582 4551 martyrum
1619 4487 1673 4538 et
1699 4482 2054 4539 diaconorum

671 4567 818 4635 Gaii,
851 4568 1061 4635 Fausti,
1095 4570 1314 4626 Eusebii
1343 4577 1396 4626 et
1424 4572 1789 4629 Cheremonis.

477 4650 762 4724 Discipuli
791 4653 1032 4710 fuerunt
1059 4657 1121 4710 hi
1154 4657 1388 4714 diaconi
1416 4667 1476 4714 et
1523 4667 1836 4734 martyres,
1860 4678 2053 4718 sacro-

407 4741 597 4796 sancti
629 4741 908 4811 martyris
933 4743 1230 4815 Dionysii:
1255 4752 1314 4801 et
1331 4749 1508 4805 Gaius
1529 4750 1793 4821 quidem,
1821 4767 1888 4807 ac
1909 4753 2054 4808 Fau-

409 4833 534 4886 stus
564 4830 755 4884 exsilii
777 4829 941 4885 illius
964 4832 1230 4903 comites,
1262 4842 1398 4906 post
1425 4838 1646 4894 multos
1675 4841 1973 4896 cruciatus
1995 4845 2054 4896 et

409 4933 710 4973 mrumnas
733 4920 1016 4990 martyrio
1037 4920 1303 4977 defuncti
1329 4931 1486 4981 sunt.
1515 4927 1806 4984 Eusebius
1831 4935 2050 4997 autem,

411 5010 470 5060 et
489 5005 857 5075 Chasremon,
880 5013 1194 5078 postquam
1215 5013 1824 5085 magisteretantistes
1847 5033 2052 5072 eorum

368 5152 371 5154 ,
408 5092 726 5150 damnatus
747 5095 954 5151 exsilio
981 5101 1089 5164 est,
1122 5097 1320 5155 divina
1348 5101 1535 5173 adjuti
1554 5103 1785 5173 virtute,
1820 5123 1920 5161 eos
1949 5107 2049 5177 qui

405 5183 468 5237 in
491 5183 740 5239 vinculis
764 5191 954 5251 erant,
976 5192 1212 5243 sanctos
1233 5189 1496 5259 adibant,
1523 5193 1727 5264 eisque
1749 5195 2051 5252 ministra-

404 5271 551 5327 bant
583 5289 596 5326 :
631 5279 972 5329 sanctorum
1005 5277 1182 5332 etiam
1209 5285 1532 5351 martyrum
1565 5283 1849 5354 reliquias
1881 5285 2050 5339 colli-

405 5367 614 5432 gentes
647 5356 1051 5434 sepeliebant:
1085 5372 1266 5437 atque
1305 5369 1387 5424 ita
1415 5372 1726 5440 perstitere
1758 5389 1944 5444 usque
1975 5375 2049 5431 ad

407 5450 568 5505 Decli
599 5450 975 5522 imperatoris
1007 5458 1293 5526 tempora,
1326 5468 1700 5532 nequaquam
1733 5479 1793 5518 se
1825 5463 2050 5519 subdu-

405 5543 632 5607 centes,
657 5540 760 5596 sed
789 5542 1048 5598 maxima
1063 5543 1359 5601 Christum
1383 5546 1654 5605 libertate
1673 5552 2048 5625 conﬁtentes,

407 5629 848 5701 salutaremque
868 5630 1030 5686 illius
1051 5631 1526 5692 incarnationem
1547 5639 1822 5695 omnibus
1843 5643 2053 5714 praadi-

2083 4558 2130 4624 D

2155 3311 2328 3350 σουσι⁶
2396 3293 2671 3368 κρατήσας
2727 3293 2756 3346 ὁ
2812 3297 2913 3360 τῆς
2983 3286 3398 3363 Ἀλεξανδρείας
3455 3287 3643 3362 ἄρχων
3697 3285 3800 3337 τὸν

2155 3381 2308 3459 ἅγιον
2368 3381 2651 3438 Διονύσιον
2683 3427 2696 3452 ,
2746 3381 2833 3435 καὶ
2893 3377 3082 3435 πολλὰ
3135 3379 3572 3454 καταναγκάσας,
3631 3373 3808 3448 ἀρνή-

2156 3474 2342 3528 σασθαι
2371 3471 2464 3544 μὲν
2506 3470 2599 3525 τὸν
2652 3470 2903 3544 Χριστὸν,
2957 3470 3112 3523 θῦσαι
3164 3465 3221 3522 δὲ
3249 3472 3365 3528 τοῖς
3397 3462 3676 3531 εἰδώλοις,
3708 3463 3802 3516 καὶ

2159 3563 2235 3634 μὴ
2295 3559 2505 3630 πείσας,
2565 3558 2814 3633 ἐξώρισεν
2877 3557 2954 3615 εἰς
3010 3559 3109 3626 τήν
3168 3553 3448 3632 ἰνδοτέραν
3507 3552 3804 3627 ΛῚγυπτον,

2155 3649 2454 3728 προστάξας
2493 3649 2570 3720 μή
2601 3646 2894 3724 βλέπεσθαι
2953 3645 3113 3702 αὐτὸν
3175 3645 3278 3700 ὑπό
3306 3664 3452 3706 τινος
3479 3647 3588 3698 τῶν
3621 3639 3802 3719 φίλων

2155 3741 2344 3796 αὐτοῦ.
2376 3736 2664 3802 ’Δπελθὼν
2725 3735 2783 3792 δὶ
2835 3735 2910 3800 εἳς
2939 3738 3039 3804 τήν
3099 3735 3328 3808 ἐξορίαν,
3389 3733 3479 3789 καὶ
3533 3729 3806 3788 διδάσκων

2153 3831 2252 3898 τὴν
2283 3832 2381 3884 τοῦ
2412 3827 2654 3900 Χριστοῦ¹
2697 3827 2878 3881 πίστιν
2935 3825 3064 3888 τοὺς
3121 3824 3604 3900 προπρχομινους
3632 3822 3808 3894 αὐτῷ,

2157 3918 2219 3973 οὗ
2280 3918 2446 3991 μόνον
2505 3915 2762 3986 ἑλιθάσθη
2822 3916 2968 3990 παρὰ
3013 3919 3123 3969 τῶν
3181 3911 3600 3986 εἶδωλολατρῶν
3635 3955 3651 3981 ,
3713 3911 3811 3964 καὶ

2157 4007 2434 4084 διαφόρως
2483 4000 2807 4075 ἔϐασανίσθη
2841 4049 2857 4075 ,
2915 4001 3042 4058 ἀλλ’
3127 4000 3389 4076 ἱξωρίσθη
3446 3997 3610 4055 πάλιν
3659 3998 3814 4067 παρᾶ

2153 4098 2250 4151 τοῦ
2307 4092 2574 4170 ἄρχοντος
2624 4091 2702 4156 εἰς
2750 4091 3086 4168 τραχύτερον
3142 4091 3308 4146 τόπον
3362 4087 3453 4145 καὶ
3501 4087 3758 4158 ἀοίκητον
3795 4131 3812 4146 .

2155 4185 2320 4249 Ἔνθα
2376 4179 2625 4246 πολλοὺς
2697 4179 3035 4256 πειρασμοῦς
3090 4180 3387 4254 ὑπομείνας
3421 4222 3436 4248 ,
3493 4176 3656 4240 τέλος
3706 4177 3812 4246 τήν

2156 4275 2304 4350 ἱερὰν
2330 4272 2495 4328 αὑτοῦ
2522 4269 2767 4346 κεφαλὴν
2801 4267 2892 4325 διὰ
2921 4269 3106 4347 ξίφους
3133 4271 3450 4343 ἀπετμήθη.

2751 4400 2836 4474 Tii
2867 4399 3008 4470 αὐτῇ
3039 4399 3222 4474 ἡμέρᾳ

2159 4490 2424 4562 ’Λθλησις
2449 4493 2559 4546 τῶν
2609 4489 2774 4564 ἁγίων
2809 4488 3096 4620 μοὲρτύρων
3151 4495 3241 4545 καί
3300 4485 3590 4556 δίακόνων,
3623 4484 3812 4560 Γαΐου,

2419 4561 2693 4620 Φαύστου.
2727 4561 2864 4620 Εόσε
2908 4562 3009 4620 ίου.
3049 4563 3137 4617 καὶ
3171 4562 3545 4620 Χαιρήμονος.

2419 4561 2693 4631 Φαύστου,
2727 4561 3009 4633 Εὐσεόίου,
3049 4563 3137 4617 καὶ
3171 4562 3545 4635 Χαιρήμονος.

2229 4667 2479 4739 Μαθηταὶ
2537 4669 2790 4745 ὑπῆρχον
2839 4669 2989 4726 οὗτοι
3044 4670 3096 4725 οἱ
3152 4666 3394 4724 διάκονοι
3457 4665 3546 4722 καὶ
3603 4665 3812 4741 μάρτυο

2162 4778 2250 4835 ρες
2301 4761 2402 4814 τοῦ
2459 4757 2614 4834 ἁγίου
2665 4757 3058 4834 ἱερομάρτυρος
3104 4756 3406 4814 Διονυσίου.
3466 4755 3568 4812 Καὶ
3627 4755 3655 4809 ὁ
3709 4754 3809 4828 μὲν

2158 4849 2318 4911 Γάϊος
2374 4847 2462 4902 καὶ
2522 4847 2551 4902 ὁ
2609 4851 2856 4910 Φαῦστος
2931 4846 3023 4902 σὺν
3081 4849 3230 4918 αύτῷ
3285 4844 3668 4922 ἐξορισθέντες,
3716 4843 3812 4898 καὶ

2157 4936 2345 4993 πολλὰ
2405 4932 2836 5009 βασανισθέντες,
2887 4935 2976 4990 καὶ
3022 4933 3548 5010 ταλαιπωρηθέντες,
3601 4932 3664 4987 τὸ
3723 4929 3816 4988 διὰ

2162 5024 2459 5100 μαρτυρίου
2517 5024 2678 5086 τέλος
2749 5023 2997 5099 ἰγὲξαντο
3031 5068 3045 5082 .
3103 5025 3165 5083 Ὀ
3219 5023 3278 5080 δὶ
3334 5019 3593 5085 Εὐσέϐιος
3640 5022 3729 5076 καὶ
3782 5021 3815 5076 ὁ

2158 5115 2459 5189 Χαιρήμων
2496 5156 2511 5184 ,
2573 5115 2710 5186 μετὰ
2762 5114 2863 5182 τήν
2931 5116 3028 5168 τοῦ
3104 5110 3434 5169 διδασκάλου
3490 5110 3665 5168 αὐτῶν
3719 5109 3817 5165 καὶ

2159 5203 2460 5278 ἀρχιεριως
2520 5201 2725 5275 ὲξορίαν
2762 5246 2776 5272 ,
2841 5201 2945 5256 ὑπὸ
3003 5206 3137 5258 Θεοῦ
3208 5199 3612 5276 δυναμωθὲντες
3648 5243 3662 5270 ,
3720 5199 3816 5254 καὶ

2156 5289 2288 5353 τοὺς
2327 5288 2378 5345 ἐν
2432 5287 2704 5367 φυλακαῖς
2756 5289 2942 5366 ἁγίους
2995 5290 3470 5364 ἐπισκεπτόμενοι,
3527 5289 3618 5345 καὶ
3651 5300 3813 5365 θερα-

2158 5380 2434 5454 πεύοντες,
2465 5377 2555 5431 καὶ
2604 5379 2669 5432 τὰ
2719 5383 2828 5433 τῶν
2885 5380 3055 5455 ἁγίων
3117 5379 3405 5456 μαρτύρων
3454 5377 3682 5453 λείψανα
3710 5391 3809 5433 πμ

2159 5465 2538 5544 ριστέλλοντῖ(
2609 5467 2710 5522 καὶ·
2781 5465 3075 5534 θάπτοντες
3099 5512 3116 5542 ,
3199 5467 3486 5546 διήρκεσαν
3555 5467 3662 5532 ἓως
3704 5474 3812 5536 τῆς

2161 5554 2438 5633 βασιλείας
2492 5554 2702 5625 Δεκίου,
2775 5558 2852 5631 μὴ
2906 5556 3380 5632 ὑποστελλόμενο’ὶ
3425 5558 3487 5613 τὸ
3543 5554 3806 5628 σύνολον,

2157 5643 2306 5701 ἀλλὰ
2356 5643 2632 5723 παρῥησίᾳ
2681 5645 3084 5723 ὁμολογοῦντες
3135 5647 3229 5704 τὸν
3284 5649 3537 5721 Imm,
3581 5645 3672 5703 καὶ
3701 5647 3809 5718 τὴν
