4030 6196
312 290 387 349 89
1829 281 2214 346 OCTOBER.
3640 284 3719 347 90

323 425 492 479 αὐτοῦ
525 422 783 496 σωτήριον
833 417 1239 492 ένανθρώπησιν
1268 423 1386 480 τοῖς
1442 417 1602 473 πᾶσιν
1662 415 1966 490 ἀνακηρύτ-

2097 422 2302 474 iantes.
2337 417 2732 483 Quamobrem
2762 417 3174 490 comprehensi
3208 422 3265 473 et
3294 417 3408 489 ipsi
3444 417 3518 473 ab
3541 417 3732 472 idolo-

327 508 637 571 τοντες·διά
688 513 853 562 τοῦτο
911 507 1268 584 κρατηθέντες
1326 506 1417 562 καὶ
1476 506 1629 561 αὐτοὶ
1687 505 1830 579 παρᾶ
1857 509 1967 559 τῶν

332 599 762 671 εἶδωλο).ατρῶν,
792 598 884 651 καὶ
919 595 1155 660 δεθέντες
1187 596 1405 651 ἁλύσεσι
1451 593 1722 670 σιδηραῖς,
1755 599 1834 666 τῷ
1872 601 1970 662 τῆς

334 684 725 760 Ἀλεξανδρείας
809 683 1187 759 παρεδόθησαν
1269 686 1516 760 ἄρχοντι.
1578 681 1676 738 Καί
1732 681 1969 743 πολλαῖς

322 776 569 849 βασάνοις
626 770 1056 844 ὑποϐληθέντες,
1112 772 1273 829 τέλος
1333 775 1361 829 ὁ
1416 774 1510 846 μὶν
1570 770 1831 838 Εὐσέϐιος
1885 771 1973 827 ἐπὶ

316 863 475 934 ξύλου
506 864 864 938 κρεμασθεὶς,
911 865 1004 918 καὶ
1063 864 1262 936 ξεσθεῖς
1316 863 1632 934 ἐτελειώθη.
1665 863 1726 920 Ὁ
1757 859 1813 916 δὶ
1841 863 1976 919 Χαι-

312 955 373 1028 ρτς
386 975 504 1024 μων
541 949 774 1026 ῥάϐδοις
802 954 1147 1025 τυπτόμενος
1179 952 1510 1023 ἐξέπνευσενο

909 1073 990 1143 Τῇ
1024 1069 1160 1144 αὖτῇ
1192 1069 1377 1143 ἡμέρᾳ

311 1160 516 1230 Μνήμη
577 1163 676 1213 τοῦ
735 1158 787 1214 έν
840 1159 1010 1234 ἁγίοις
1068 1160 1276 1234 Πατρὸς
1333 1162 1494 1233 ἡμῶν
1560 1157 1650 1214 καὶ
1710 1159 1974 1234 ἱεράρχου

994 1252 1285 1322 Ἱεροθέου.

384 1338 909 1416 Ἰερὸθεοςὸμέγας
971 1340 1235 1414 ἱεράρχης
1295 1339 1513 1413 ὐπῆρχε
1579 1340 1672 1412 μὲν
1735 1341 1812 1400 εἷς
1867 1343 1974 1393 τῶν

309 1425 459 1481 ἐννέα
496 1426 815 1502 βουλευτῶν
853 1428 905 1482 έν
966 1430 1221 1498 Ἀθήναις
1276 1432 1344 1500 τῇ
1402 1427 1588 1496 πόλει,
1653 1424 1979 1489 διδάσκαλος

311 1514 364 1569 δὲ
398 1516 691 1570 Διονυσίου
750 1518 1163 1591 ’Δρεοπα-ίίτου.
1219 1514 1506 1592 Διδαχθεὶς
1545 1514 1601 1570 δὲ
1632 1516 1696 1570 τὰ
1727 1516 1847 1591 περῖ
1881 1521 1977 1570 τοῦ

307 1607 552 1677 Χριστοῦ
611 1607 760 1680 παρὰ
814 1611 924 1660 τῶν
1007 1607 1170 1680 ἆγίων
1229 1606 1554 1661 ἀποστόλων
1592 1653 1607 1676 ,
1684 1605 1979 1674 ἠκολούθει

307 1694 495 1754 αὐτοῖς
536 1737 550 1762 ,
614 1696 704 1748 καὶ
763 1693 1216 1769 συνεδοξολόγει,
1277 1693 1516 1765 έξοδίους
1577 1693 1781 1767 ὕμνους
1841 1715 1980 1766 συμ-

2080 506 2266 571 latris,
2292 512 2349 561 et
2370 509 2594 562 catenis
2619 507 2827 563 ferreis
2845 508 3170 575 constricti,
3196 506 3566 562 Alexandriae
3586 524 3729 577 prae-

2080 591 2231 646 fecto
2260 594 2587 660 sistuntur;
2623 601 2680 649 et
2700 596 2856 649 varie
2883 596 3040 664 torti,
3077 595 3318 649 tandem
3350 593 3638 649 Eusebius
3670 594 3730 649 in

2081 682 2399 752 equuleum
2439 689 2626 749 actus,
2689 683 3090 754 depexusque,
3148 682 3437 750 decessit;
3498 683 3731 737 Chaere-

2081 787 2222 826 mon
2251 788 2386 826 vero
2415 772 2590 844 virgis
2622 789 2812 828 caacus
2835 773 3170 843 exspiravit.

2732 1069 2952 1124 Eodem
2985 1069 3078 1124 die

2083 1157 2184 1214 02
2246 1159 2698 1213 Commemoratio
2752 1161 2928 1213 sancti
2983 1161 3163 1213 Patris
3216 1161 3392 1213 nostri
3445 1158 3734 1212 Hierothei

2755 1247 3057 1317 pontiﬁcis.

2157 1336 2527 1403 Hierotheus,
2551 1354 2797 1409 magnus
2818 1337 3102 1408 pontifex,
3129 1336 3408 1390 fuitunus
3432 1353 3500 1390 ex
3519 1351 3733 1389 novem

2084 1425 2343 1480 virorum
2377 1442 2625 1480 numero
2660 1426 2760 1496 qui
2792 1427 3039 1480 Athenis
3070 1431 3376 1481 senatores
3410 1431 3732 1490 erant,ma-

2084 1514 2265 1585 gister
2297 1514 2559 1585 Dionysii
2621 1515 3011 1587 Arcopagiim:
3063 1515 3278 1569 Christi
3329 1519 3524 1567 autem
3568 1513 3738 1567 {idea

2087 1603 2306 1656 sanctis
2319 1603 2604 1673 apostolis
2624 1603 2905 1666 imbutus,
2937 1620 3156 1674 eosque
3181 1608 3438 1665 secutus,
3463 1618 3582 1656 una
3602 1617 3736 1655 cum

2086 1689 2230 1761 ipsis
2257 1708 2352 1745 res
2385 1691 2611 1746 divinas
2644 1693 3001 1763 celebrabat,
3028 1693 3268 1747 exodios
3296 1693 3550 1763 hymnos
3581 1706 3739 1744 com-

310 1783 535 1837 πλέκων
569 1785 660 1838 καὶ
693 1782 923 1856 ψάλλων
956 1784 1008 1839 έν
1036 1789 1104 1858 τῇ
1145 1787 1401 1857 κοιμήσει
1459 1791 1559 1853 τῆς
1620 1783 1776 1857 ἁγίας
1813 1783 1977 1856 ὑπερ-

2097 1796 2332 1850 ponens,
2367 1787 2424 1834 et
2453 1782 2778 1836 concinens
2810 1782 2869 1836 in
2903 1783 3259 1836 dormitione
3285 1785 3503 1836 sanctas
3527 1785 3585 1832 et
3604 1778 3734 1850 glo-

305 1871 527 1941 ενδὸξου
561 1873 863 1942 Δεσποίνης
921 1876 1082 1944 ἡμῶν
1147 1873 1411 1927 Θεοτόκου
1463 1871 1553 1926 καὶ
1585 1872 1972 1945 ’ΔειπαρΘένου

305 1962 525 2028 Μαρίας
563 2005 576 2028 ,
632 1962 723 2014 καὶ
783 1959 1095 2036 διαπρέπων
1177 1961 1404 2015 ἐνώπιον
1491 1964 1597 2014 τῶν
1650 1958 1970 2013 ἀποστόλων

303 2050 441 2103 κατὰ
497 2050 675 2104 πάντα
709 2097 722 2108 .
774 2051 870 2114 Εἷς
925 2056 1178 2106 τοσοῦτον
1241 2048 1297 2105 δὲ
1353 2044 1547 2127 ἔφθασε
1606 2049 1821 2126 σοφίας,
1879 2049 1967 2101 καὶ

308 2139 570 2214 γνώσεως
596 2144 755 2206 Θεοῦ,
788 2141 860 2202 ὡς
890 2142 979 2194 καὶ
1031 2142 1120 2195 τὸν
1176 2142 1326 2215 ἅγιον
1384 2140 1690 2210 Διονύσιον,
1751 2137 1884 2210 μετὰ
1913 2137 1974 2190 τὸ

311 2233 597 2282 πιστεῦσαι
640 2228 717 2290 είς
762 2230 988 2303 Χριστὸν
1048 2229 1149 2283 ὑπὸ
1205 2228 1302 2283 τοῦ
1363 2228 1604 2304 μεγάλου
1663 2224 1975 2282 ἀποστόλου

319 2316 541 2372 Παύλου
576 2361 590 2385 ,
649 2321 720 2383 τῆ
783 2316 1006 2391 δυνάμει
1083 2319 1171 2374 καὶ
1253 2319 1501 2393 συνεργίᾳ
1555 2322 1652 2373 τοῦ
1711 2315 1976 2390 παναγίου

327 2406 670 2479 Ηνεύματος,
703 2404 915 2478 διδάξαι
945 2411 1010 2462 τά
1041 2409 1162 2482 περί
1215 2412 1321 2462 τῶν
1352 2407 1616 2480 οὐρανιων
1673 2404 1976 2476 δυνάμεων,

649 2321 720 2383 τῆ
783 2316 1006 2391 δυνάμει
1083 2319 1171 2374 καὶ

327 2495 414 2550 καὶ
446 2502 554 2550 τῶν
611 2496 913 2573 ἀγγελικᾶη
972 2498 1196 2569 τάξεων,
1229 2497 1316 2551 καὶ
1349 2497 1547 2557 παντὸς
1577 2499 1674 2549 τοῦ
1723 2491 1981 2568 οὐρανίου

330 2587 562 2658 κόσμου.
600 2589 988 2660 Συνεγράψακο
1021 2584 1077 2641 δὶ
1127 2586 1215 2641 καὶ
1275 2584 1449 2647 ἄλλας
1483 2580 1713 2660 βίϐλους
1769 2581 1983 2642 πολλὰς

329 2675 451 2746 περὶ
528 2675 845 2750 μυστηρίων
926 2673 1176 2751 μεγάλων
1253 2671 1691 2749 διαγοριυούσας.
1770 2671 1983 2731 Βιώσας

328 2761 379 2817 ὂὶ
409 2766 504 2819 τὸν
539 2764 670 2820 ὅλον
699 2771 800 2833 τῆς
841 2770 988 2834 ζωῆς
1047 2765 1214 2819 αὐτοῦ
1264 2763 1463 2840 χρόνον
1522 2761 1574 2817 έν
1611 2755 1867 2831 εὐλαϐείᾳ
1891 2756 1982 2812 καὶ

2082 1868 2424 1923 Γίοεὶεεὶωεθ
2472 1871 2735 1925 Βοωὶηω
2794 1878 3012 1925 nostra)
3064 1872 3324 1941 [)eiparaa
3378 1883 3733 1938 semperque

2084 1957 2338 2028 Virginis
2363 1959 2576 2014 Mariae.
2611 1959 2874 2030 Cumque
2897 1961 2956 2014 in
2980 1960 3382 2030 apostolorum
3408 1957 3594 2012 oculis
3627 1957 3732 2009 ho-

2084 2046 2421 2100 nestissime
2463 2055 2815 2113 versaretur,
2850 2064 2916 2104 eo
2955 2049 3259 2120 sapientiai
3292 2053 3347 2102 et
3379 2045 3734 2118 cognitionis

2085 2135 2296 2189 divinas
2338 2137 2647 2206 processit,
2703 2143 2768 2191 ut
2818 2144 3091 2192 sanctum
3146 2137 3518 2208 Dionysium,
3555 2149 3735 2204 quem

2087 2241 2333 2295 magnus
2355 2225 2659 2296 apostolus
2677 2226 2893 2280 Paulus
2915 2227 2990 2281 ad
3006 2226 3220 2280 Christi
3237 2227 3415 2280 ﬁdem
3432 2227 3738 2279 converte-

2087 2319 2199 2376 rat,
2215 2314 2456 2377 virrute,
2481 2314 2882 2385 adjunctaque
2904 2331 3084 2386 opera
3105 2313 3468 2370 sanctissimi
3486 2311 3738 2383 Spiritus

2089 2402 2161 2456 de
2183 2401 2521 2456 cmlestibus
2553 2402 2886 2469 virtutibus,
2920 2409 3097 2473 atque
3121 2402 3401 2474 angelicis
3423 2400 3737 2454 ordinibus

2089 2490 2280 2561 deque
2311 2492 2585 2546 universo
2617 2492 2839 2547 caelesti
2873 2491 3012 2546 orbe
3044 2491 3329 2546 docuerit.
3363 2490 3627 2558 Cumque
3652 2492 3736 2541 to-

2091 2584 2215 2634 tum
2249 2579 2377 2633 vitae
2410 2597 2529 2634 sum
2563 2585 2795 2652 tempus
2826 2581 2888 2634 in
2947 2581 3164 2651 pietate
3206 2585 3264 2635 et
3307 2580 3514 2633 virtute
3563 2592 3734 2632 com-

2094 2669 2468 2739 sumpsisset,
2493 2669 2865 2741 multumque
2898 2671 3013 2724 Deo
3061 2669 3377 2737 serviisset,
3427 2666 3734 2735 multaque

2095 2759 2315 2814 idcirco
2341 2759 2497 2815 dona
2525 2762 2972 2831 promeruisset,
3004 2761 3066 2814 in
3096 2776 3239 2831 pace
3266 2759 3571 2830 requievit.

327 2853 486 2925 ἆρετῆ
524 2899 538 2920 ,
599 2854 689 2908 καὶ
744 2855 838 2910 τὸν
897 2854 1025 2910 Θεὸν
1086 2852 1271 2910 πολλὰ
1339 2850 1688 2928 Θεραπεύσας,
1737 2847 1827 2904 καὶ
1883 2844 1973 2901 διὰ
2025 2850 2186 2901 τοῦτο
2244 2847 2333 2901 καὶ
2389 2846 2744 2923 χαρισμάτων
2805 2845 3032 2903 πολλῶν
3087 2846 3355 2920 ἀξιωθεὶς,
3409 2845 3740 2914 τελειωθεὶς,

329 2941 684 3001 ἀνεπαύσατο.

929 3036 1013 3107 Τῇ
1042 3032 1177 3107 αὐτῇ
1208 3033 1391 3107 ἡμέρᾳ

501 3147 772 3220 Ἀθλησις
801 3154 896 3204 τοῦ
927 3149 1079 3223 ἁγίου
1127 3148 1390 3222 Δομετίου
1436 3152 1534 3204 τοῦ
1568 3145 1796 3222 Πέρσου.

397 3270 458 3325 Ὀ
517 3269 670 3344 ἅγιος
754 3269 1014 3340 Δομέτιος
1099 3268 1345 3342 ὑπῆρχεν
1424 3265 1509 3320 ἐπὶ
1575 3263 1982 3322 Κωνσταντίνου

333 3362 425 3412 τοῦ
486 3356 743 3431 Μεγάλου
801 3357 859 3411 ἐκ
911 3364 1012 3426 τῆς
1073 3359 1261 3432 χώρας
1321 3358 1559 3432 Περσῶν·
1611 3351 1876 3427 ἐδιδάχθη
1927 3349 1985 3405 δὶ

338 3448 436 3501 ὐπὸ
484 3451 821 3519 Χριστιανοῦ
903 3455 1048 3507 τινος
1101 3447 1201 3514 τήν
1257 3439 1530 3499 εὐσέϐειαν
1568 3487 1582 3510 ,
1641 3443 1731 3497 καὶ
1789 3443 1984 3517 βαπτι-

338 3536 499 3602 σθεὶς,
533 3536 686 3610 ἀφεὶς
727 3537 814 3590 καὶ
876 3541 1056 3610 γονεῖς
1110 3535 1201 3589 καὶ
1259 3534 1516 3604 πλοῦτον,
1548 3531 1789 3602 ἀπῆλθεν
1819 3530 1894 3592 εἰς
1926 3530 1986 3583 τὸ

343 3626 711 3698 μοναστήριον
761 3629 856 3679 τοῦ
915 3625 1072 3699 ἁγίου
1133 3623 1366 3698 Σεργίου
1421 3621 1511 3676 καὶ
1565 3622 1804 3696 Βάκχου,
1837 3617 1989 3687 πλη-

341 3715 459 3767 σίον
509 3712 1040 3776 Θεοδοσιουπόλεως·
1099 3712 1187 3768 καὶ
1239 3712 1446 3788 ἐγένετο
1507 3710 1769 3785 μοναχός.
1824 3711 1909 3766 Ἑν
1945 3708 1989 3780 ᾧ

344 3801 434 3856 καὶ
491 3800 574 3856 διᾶ
624 3806 726 3872 τὴν
787 3803 979 3878 ἀρετὴν
1039 3803 1204 3857 αὐτοῦ
1254 3806 1650 3876 χειροτονεῖται
1718 3796 1989 3859 διάκονος⁶

344 3893 435 3946 καὶ
487 3892 941 3967 λειτουργοῦντος
996 3897 1093 3946 τοῦ
1150 3888 1602 3965 ἀρχιμανδρίτου,
1661 3892 1874 3963 κρατῶν
1930 3887 1994 3942 τὸ

346 3983 696 4059 ῥιπιστήριον
752 3981 991 4048 πλησίον
1038 3987 1137 4050 τῆς
1191 3980 1339 4053 ἁγίας
1396 3976 1706 4054 τραπέζης,
1779 3979 1878 4048 6ρᾷ
1934 3977 1995 4032 τὸ

349 4076 569 4143 Πνεῦμα
622 4073 686 4125 τὸ
741 4071 888 4144 ἅγιεν
934 4069 986 4123 έν
1016 4067 1144 4124 εἴδει
1201 4074 1516 4142 περιστερᾶς
1567 4065 1996 4142 περιπετόμενου

349 4152 435 4207 έπέ
461 4154 528 4206 τά
561 4154 689 4226 ἅγια
719 4149 888 4225 δῶρα,
923 4150 1012 4204 καὶ
1075 4150 1302 4219 ιπικαθή
1316 4169 1474 4222 μενον
1535 4147 1740 4210 αὐτοῖς.
1797 4149 1998 4201 Τοσοῦ-

342 4263 437 4297 τον
464 4243 564 4317 γὰρ
599 4241 718 4317 εἶχε
746 4243 987 4315 καθαρὰν
1017 4242 1116 4309 τὴν
1166 4241 1377 4314 ψυχὴν,
1410 4239 1483 4299 ὡς
1541 4237 1628 4292 καὶ
1685 4237 1748 4292 τὸ
1783 4240 2000 4309 Πνεῦμα

343 4331 404 4384 τὸ
437 4330 590 4406 ἅγιον
639 4327 1029 4403 σωματοειδῶς
1088 4333 1332 4402 θεωρεῖν,
1385 4326 1476 4381 καὶ
1537 4327 1624 4381 ὑπ’
1683 4327 1849 4381 αὑτοῦ
1881 4345 1996 4402 φω-

2735 3028 2956 3085 Eodem
2986 3028 3081 3084 die

2335 3147 2434 3203 93
2467 3147 2746 3204 Certamen
2784 3149 2961 3202 sancti
2999 3147 3227 3202 Dometii
3265 3150 3466 3201 Persa.

2161 3263 2408 3317 Sanctus
2432 3264 2731 3318 Dometius
2755 3266 2951 3328 Persa,
2983 3263 3367 3317 Constantino
3390 3263 3593 3330 Magno
3628 3260 3736 3313 im-

2090 3358 2356 3422 perante,
2382 3352 2661 3421 pietatem
2684 3369 2718 3406 a
2739 3352 3070 3405 Christiano
3102 3350 3361 3421 quodam
3393 3350 3656 3413 edoctus,
3683 3353 3740 3400 et

2091 3439 2439 3510 baptizatus.
2477 3440 2701 3494 relictis
2741 3440 3085 3510 parentibus
3118 3445 3176 3493 et
3223 3437 3463 3505 divitiis,
3517 3452 3649 3490 sese
3680 3437 3740 3490 in

2095 3533 2438 3582 sanctorum
2476 3528 2658 3599 Sergii
2691 3534 2750 3583 et
2778 3527 2988 3582 Bacchi
3023 3525 3450 3581 monasterium
3477 3524 3741 3578 Theodo-

2097 3616 2309 3688 siopoli
2338 3617 2675 3687 proximum
2707 3615 2959 3686 recepit:
2983 3615 3084 3669 ubi
3118 3612 3443 3668 monachus
3483 3612 3744 3683 primum

2096 3706 2287 3761 factus
2319 3711 2448 3770 est;
2475 3712 2599 3760 tum
2637 3705 2710 3760 ob
2743 3704 3006 3776 egregias
3047 3703 3231 3758 animi
3263 3701 3430 3757 dotes
3467 3700 3752 3755 diaconus

2100 3795 2431 3850 ordinatus.
2469 3796 2612 3850 Cum
2643 3811 2780 3850 vero
2820 3793 3120 3866 liturgiam
3181 3790 3502 3861 aliquando
3556 3789 3750 3843 archi-

2101 3883 2759 3949 mandritacelebraret,
2775 3883 3098 3948 Dometius,
3119 3881 3218 3952 qui
3243 3879 3548 3935 ﬂabellum
3569 3894 3749 3950 prope

2103 3990 2331 4028 sacram
2363 3989 2631 4028 mensam
2663 3990 2781 4043 prae
2815 3971 3090 4026 manibus
3111 3969 3370 4034 tenebat,
3403 3967 3549 4022 vidit
3569 3967 3752 4038 Spiri-

2102 4068 2229 4116 tum
2263 4068 2531 4116 sanctum
2565 4061 2672 4116 sub
2705 4059 2991 4115 columbas
3025 4059 3218 4130 specie
3251 4074 3419 4113 sacra
3450 4057 3606 4111 dona
3636 4057 3752 4110 cir-

2104 4152 2567 4214 cumvolitatem,
2602 4154 2660 4205 et
2681 4165 2861 4220 super
2890 4149 3034 4219 ipsis
3055 4147 3417 4202 insidentem
3450 4162 3461 4199 :
3488 4146 3571 4200 sic
3593 4145 3752 4199 enim

2105 4257 2314 4312 puram
2339 4242 2598 4296 animam
2621 4238 2897 4302 habebat,
2923 4243 2987 4291 ut
3004 4243 3062 4290 et
3093 4241 3366 4291 sanctum
3389 4233 3669 4305 Spiritum
3694 4233 3755 4286 in

2105 4330 2297 4385 forma
2327 4345 2613 4401 corporea
2643 4331 2933 4393 cerneret,
2969 4339 3256 4394 mensque
3281 4324 3409 4393 ejus
3440 4322 3511 4375 ab
3541 4320 3753 4376 eodem

343 4387 582 4487 τίζεάθαι
612 4387 1418 4487 τὴνδιάνοιανίθόυλίηθέντος
1469 4412 1526 4470 δὲ
1580 4419 1678 4470 τοῦ
1718 4387 1982 4489 ἀρχιμίαν-

2102 4387 2523 4474 illustraretur.
2557 4418 2704 4471 Cum
2736 4387 2932 4469 autem
2966 4419 3022 4467 et
3042 4387 3454 4483 presbyterum
3485 4425 3620 4463 eum
3654 4426 3749 4464 ar-

348 4506 534 4582 δρίτου
566 4514 952 4584 χειροτονῆσαι
1005 4506 1162 4561 αὐτὸν
1223 4507 1312 4562 καὶ
1359 4501 1751 4580 πρεσϐύτερον,
1785 4506 1987 4581 φυγὼν,

346 4596 588 4665 ἀπῆλθεν
619 4592 674 4651 ἔν
699 4618 807 4651 τινι
839 4596 1124 4668 σπηλαίῳ.
1153 4598 1318 4659 Ἔνθα
1353 4593 1601 4656 πολλοὺς
1660 4599 1766 4648 τῶν
1822 4614 1990 4668 προσ-

348 4689 660 4762 ερχομένων
743 4687 888 4759 αὐτῷ
967 4685 1236 4741 διδάσκων
1306 4685 1527 4764 ὠφέλει.
1618 4687 1719 4743 Καὶ
1808 4687 1989 4758 μαθὼν

343 4781 501 4830 τοῦτο
556 4775 858 4839 Ἰουλιανὸς
901 4777 929 4830 ὁ
965 4771 1310 4851 Παραϐάτης,
1353 4773 1676 4837 ἀποστείλας
1733 4770 1987 4831 ἐλιθοϐό-

349 4863 509 4934 λησεν
539 4865 720 4924 αὐτόν.

931 4986 1016 5058 Τῇ
1057 4983 1192 5058 αὖτῇ
1223 4981 1404 5060 ἡμέρᾳ

522 5103 730 5175 Μνήμη
780 5104 876 5156 τοῦ
907 5100 1064 5175 ἁγίου
1097 5101 1151 5157 ’Δ
1167 5105 1299 5173 μοῦν
1344 5104 1442 5155 τοῦ
1491 5099 1807 5176 Αίγυπτίου.

413 5219 618 5291 ’Δμοῦν
673 5215 699 5269 ὁ
732 5216 993 5288 Θεοφόρος
1039 5213 1090 5269 έν
1152 5216 1407 5286 ἀσκητοῖς
1441 5217 1536 5288 μὶν
1594 5215 1803 5292 ἐγένετο
1861 5227 1988 5282 θαυ-

350 5307 564 5378 μασότς·
603 5308 820 5380 ὑπῆρχε
852 5303 1043 5360 Stans
1092 5312 1194 5375 τῆς
1244 5305 1542 5382 Αἰγύπτου,
1601 5305 1986 5386 φιλομόναχος

345 5393 546 5451 ὢνᾶπὸ
576 5397 849 5465 νεότητος·
881 5395 1019 5448 κατὰ
1075 5393 1132 5449 δὲ
1185 5394 1313 5458 τοὺς
1367 5395 1590 5470 καιροὺς
1644 5396 1987 5469 Μαξιμιανοῦ

343 5490 432 5539 tta-3
495 5485 793 5561 βφσι-λεῆὺτς,
863 5483 1209 5558 ἀνεχώρησεν
1266 5484 1344 5548 είς
1423 5486 1523 5555 τήν
1609 5484 1836 5560 ἔρημονο
1894 5487 1984 5542 καὶ

345 5569 583 5630 ἀπελθὼν
640 5573 952 5648 καταμόνας
1037 5573 1310 5648 ἠσΰχαζεν
1347 5618 1361 5646 ,
1439 5572 1496 5630 ἓν
1554 5576 1716 5648 μόνον
1767 5576 1983 5650 ἱμάτιον

2102 4506 2501 4562 chimandrita
2529 4504 2804 4559 ordinare
2835 4502 3030 4566 vellet,
3064 4500 3260 4571 fugam
3293 4498 3566 4570 arripuit,
3601 4499 3746 4552 etin

2097 4595 2442 4667 speluncam
2492 4611 2553 4648 se
2593 4590 2854 4648 abdidit:
2916 4589 3019 4645 ubi
3073 4605 3207 4644 cum
3257 4587 3478 4643 multos
3512 4603 3744 4656 eorum,

2098 4686 2199 4758 qui
2250 4684 2325 4739 ad
2356 4700 2418 4739 se
2449 4681 2829 4747 accedebant,
2851 4678 3118 4735 docendo
3161 4679 3446 4750 juvasset,
3477 4677 3744 4732 Julianus

2096 4779 2385 4846 apostata,
2417 4789 2479 4828 re
2503 4771 2757 4845 cognita,
2789 4769 2952 4825 misit
2981 4769 3082 4840 qui
3117 4768 3418 4839 lapidibus
3469 4783 3604 4822 eum
3637 4766 3742 4821 ob-

2097 4866 2360 4918 ruerent.

2745 4946 2965 5003 Eodem
2998 4947 3094 5002 die

2241 5041 2345 5097 ιη
2375 5040 2830 5096 Commemoratio
2871 5038 3045 5093 sancti
3095 5037 3279 5090 Amun
3325 5035 3598 5105 Egyptii.

2166 5224 2360 5275 Amun
2387 5217 2944 5290 theOphorus,inter
2966 5216 3222 5270 inscetas
3245 5211 3633 5279 admirabilis,
3668 5229 3739 5268 ex

2096 5313 2335 5382 z‘Egypto
2357 5314 2550 5363 ortum
2578 5307 2762 5372 duxit,
2783 5305 3126 5360 monasticae
3147 5306 3278 5359 vita)
3299 5303 3370 5358 ab
3393 5304 3739 5359 adolescen-

2097 5400 2177 5454 tia
2194 5415 2300 5454 sua
2322 5397 2640 5452 studiosus.
2674 5397 2818 5452 Cum
2851 5400 3047 5450 autem
3074 5393 3460 5449 Maximianus
3485 5393 3738 5464 impera-

2095 5495 2188 5545 tor
2218 5501 2416 5544 rerum
2440 5486 2749 5560 potiretur,
2784 5484 2934 5540 abiit
2951 5485 3014 5539 in
3037 5489 3324 5550 eremum,
3348 5484 3546 5553 quiete
3577 5481 3737 5536 solus

2093 5587 2294 5656 agens,
2325 5597 2565 5652 unoque
2587 5578 2768 5652 pallio
2800 5582 3135 5646 contentus,
3162 5575 3320 5648 quod
3351 5581 3555 5632 noctes
3587 5575 3735 5628 dies-
