4042 6206
250 235 322 297 91
1568 232 1911 299 ΜΕΝΟΙΑΟ(

2041 233 2248 296 PARS
2293 235 2348 295 Ι.
3578 227 3658 288 92

251 379 366 435 que
395 363 683 436 gestabat,
713 365 1034 438 herbisque
1075 383 1181 438 pro
1215 366 1344 423 cibo
1375 370 1571 437 utens,
1605 383 1753 439 quas
1782 365 1896 422 tel-

2024 361 2154 439 ρέων
2209 362 2400 425 νυκτὸς
2455 362 2548 418 καὶ
2612 363 2847 437 ἡμέρας,
2898 359 2992 416 κᾶἱ
3045 357 3376 436 τρεφόμενος
3434 355 3496 412 ἐκ
3546 359 3658 412 τῶν

249 453 345 508 lus
378 460 586 525 sponte
623 472 730 511 sua
759 455 1005 512 ferebat.
1037 455 1195 510 Vixit
1222 461 1420 512 autem
1449 473 1640 528 usque
1679 456 1753 512 ad
1778 458 1895 510 An-

255 542 402 597 tonii
434 544 623 616 Magni
656 546 982 600 certamina
1013 545 1114 615 qui
1145 561 1278 599 cum
1309 545 1629 616 aliquando
1662 544 1898 609 sedens,

249 631 466 687 fratres
489 633 658 688 utilia
687 634 901 688 animaa
933 633 1109 688 verba
1157 633 1417 702 doceret,
1476 633 1621 688 vidit
1664 633 1899 688 beatam

255 726 444 776 Amun
465 721 726 776 animam
750 739 780 776 e
803 739 1048 792 corpore
1069 738 1387 795 egressam,
1416 723 1761 795 angelorum
1783 739 1900 777 ma-

255 810 430 866 nibus
460 811 520 865 in
551 811 763 866 caelum
788 813 983 866 elTerri
1005 829 1018 866 :
1043 818 1102 868 et
1123 812 1320 868 statim
1354 829 1694 884 exsurgens,
1720 813 1898 866 Deum

253 899 641 971 gloriﬁcabat.
676 902 930 972 Rogatus
986 908 1185 957 autem
1217 903 1289 957 ab
1348 902 1421 956 iis
1475 903 1576 973 qui
1633 901 1897 966 aderant,

261 987 419 1058 quod
452 987 695 1058 viderat,
722 988 1022 1046 indicavit.
1055 990 1146 1044 Illi
1179 991 1357 1063 igitur
1386 996 1589 1046 notata
1615 991 1900 1061 horapro-

255 1076 392 1131 fecti
423 1077 484 1130 in
517 1079 844 1150 ASgyptum,
875 1084 1008 1150 post
1037 1079 1243 1134 decem
1276 1079 1402 1135 dies
1424 1096 1787 1151 comperere,
1811 1096 1903 1134 ea-

257 1165 392 1218 dem
424 1164 590 1231 hora,
616 1182 734 1235 qua
781 1165 1010 1221 dixerat
1040 1167 1352 1234 Antonius,
1386 1173 1659 1223 sanctum
1688 1169 1900 1222 Arnum

261 1253 676 1310 obdormiisse.
1743 1251 1752 1259 ’

811 1523 1050 1579 EODEM
1101 1524 1352 1580 MENSE.

918 1612 1017 1667 Die
1049 1614 1258 1684 quinta

394 1697 494 1753 95
531 1699 813 1754 Certamen
842 1708 1044 1756 sanctae
1073 1703 1334 1772 martyris
1372 1701 1766 1758 Mamelchtlue.

331 1786 545 1842 Sancta
556 1787 905 1844 Mamelchta
919 1805 990 1844 ex
1004 1789 1246 1845 Perside
1270 1790 1402 1857 fuit,
1428 1790 1634 1862 templi
1658 1789 1903 1861 quidem

257 1876 457 1930 Dianas
491 1876 784 1944 sacerdos,
807 1878 910 1932 sed
942 1895 1205 1934 sororem
1227 1879 1623 1934 Christianam
1653 1879 1902 1936 habens.

257 1965 398 2019 Cum
433 1970 632 2021 autem
671 1967 733 2020 in
782 1969 1008 2022 somnis
1039 1968 1283 2024 vidisset
1333 1969 1610 2041 angelum
1661 1969 1762 2024 Dei
1793 1967 1905 2024 sibi

255 2052 722 2109 Christianorum
737 2056 1019 2127 mysteria
1037 2057 1472 2128 ostendentem,
1495 2058 1749 2114 excitata
1771 2073 1901 2113 cum

256 2147 483 2198 terrore
511 2142 584 2198 de
616 2161 847 2210 somno,
882 2163 1008 2200 rem
1040 2163 1278 2202 omnem
1336 2148 1523 2202 sorori
1573 2147 1846 2219 aperuit:
1874 2163 1909 2202 a

259 2247 376 2302 qua
396 2231 468 2286 ad
492 2233 836 2305 episcopum
859 2234 1192 2291 adducitur.
1213 2237 1537 2309 Episcopus
1559 2254 1716 2304 vero,
1738 2237 1910 2292 intel-

258 2319 413 2375 lecto
443 2321 686 2376 visionis
718 2323 1006 2394 symbolo.
1042 2326 1458 2388 Christianam,
1492 2326 1708 2397 inquit,
1731 2343 1910 2398 opor-

260 2412 345 2462 tet
373 2413 430 2462 te
463 2409 615 2466 ﬁeri.
655 2410 984 2481 Statimque
1016 2412 1202 2480 illam,
1262 2414 1481 2469 sororis
1529 2413 1804 2468 manibus
1835 2413 1908 2468 de

262 2513 429 2552 sacro
443 2499 608 2553 fonte
630 2507 988 2571 susceptam,
1016 2501 1345 2572 baptizavit.
1363 2503 1552 2568 Quare
1574 2503 1908 2558 vehementi

263 2585 462 2640 furore
493 2588 746 2658 correpti
794 2589 1068 2660 gentiles,
1123 2590 1328 2646 multis
1359 2607 1536 2646 excru
1550 2591 1754 2646 :iatam
1787 2596 1911 2646 tor-

271 2674 510 2742 mentis,
543 2674 960 2748 lapidibusque
997 2678 1270 2736 obrutam
1301 2679 1672 2748 interfecere,
1706 2679 1909 2752 splen-

265 2764 404 2820 dida
433 2764 626 2820 adhuc
657 2767 809 2822 sacri
827 2767 1198 2840 baptismatis
1221 2776 1376 2826 veste
1409 2770 1700 2839 indutam,
1733 2775 1909 2842 atque

260 2855 323 2908 in
356 2853 891 2925 profundissimum
930 2857 1127 2914 lacum
1159 2858 1495 2916 demersere
1521 2877 1534 2914 :
1567 2859 1724 2915 unde
1755 2861 1848 2914 vix
1877 2876 1912 2914 a

264 2942 616 2999 Christianis
639 2949 899 3001 extracta
931 2951 1038 3001 est.
1071 2947 1231 3002 Adiit
1251 2953 1449 3004 autem
1479 2951 1796 3004 Persarum
1827 2964 1906 3002 re-

1936 1730 1983 1796 B

2006 453 2292 529 φυομένων
2329 453 2594 528 βοτανῶν.
2630 451 2888 524 Διήρκεσε
2917 447 2976 505 δὶ
3025 449 3060 519 ἠ
3109 449 3222 519 ζωὴ
3283 447 3450 502 αὐτοῦ
3485 447 3658 521 μέχρι

2004 544 2114 594 τῶν
2139 538 2392 614 ἀγνώνων
2426 543 2520 596 τοῦ
2552 538 2808 615 Μεγάλου
2867 538 3180 596 Ἀντωνίου’
3241 535 3292 608 ἐξ
3347 535 3408 591 οὗ
3437 537 3529 590 καὶ
3555 541 3656 604 τῆς

2009 628 2274 704 μακαρίας
2307 632 2492 704 ψυχῆς
2547 633 2644 684 τοῦ
2691 632 2897 702 Ἀμοῦν
2946 632 3043 683 τοῦ
3101 628 3352 700 σώματος
3409 623 3655 698 ἐξελθούσ

2005 737 2126 788 σης,
2183 719 2272 772 καὶ
2331 719 2466 793 πρὸς
2523 718 2749 794 οὐρανὸν
2811 717 3239 792 ἀναφερομένης,
3294 710 3656 785 καθεζόμενος

2008 805 2036 860 ὁ
2069 806 2220 882 ἅγιος
2252 808 2560 878 Ἀντώνιος,
2591 807 2680 862 καὶ
2733 803 2999 862 διδάσκων
3059 805 3208 866 τινὰς
3264 808 3372 859 τῶν
3404 801 3656 875 ἀδελφῶν

2006 894 2317 970 ψυχωφελῆ
2353 895 2593 973 ρηματα,
2634 893 2764 950 ἰδὼν
2822 897 2922 965 τήν
2980 895 3190 970 ψυχὴν,
3220 891 3471 970 ἐξαίφνης
3530 889 3659 945 ἀνα-

2007 985 2154 1051 στὰς,
2209 979 2434 1039 ἔϐλεπεν
2521 983 2686 1053 αὐτὴν
2773 982 3172 1061 όφικευομὲνην
3234 982 3338 1036 ὑπὸ
3412 977 3656 1056 ἀγγέλων

2007 1072 2098 1125 καὶ
2147 1069 2363 1142 ἐδόξαζε
2401 1073 2493 1128 τὸν
2527 1073 2678 1131 Θεόν.
2741 1073 3142 1148 Ἐρωτήσαντες
3187 1069 3245 1126 δὲ
3293 1070 3347 1125 οἱ
3370 1068 3651 1143 παρόντες,

2009 1159 2099 1214 καὶ
2154 1157 2414 1234 μαθόντες
2463 1162 2526 1217 τὸ
2573 1165 2818 1238 πρᾶγμα,
2851 1155 3166 1237 ἠκρίϐωσαν
3218 1160 3319 1229 τὴν
3370 1156 3539 1234 ὥραν,
3567 1156 3656 1211 καὶ

2010 1249 2331 1315 ἀπελθόντες
2387 1251 2462 1314 εἰς
2515 1248 2790 1327 Αἴγυπτον
2826 1295 2840 1321 ,
2918 1252 3054 1324 μετά
3109 1248 3340 1320 δεκάτην
3397 1251 3606 1325 ἡμέραν
3643 1291 3659 1318 ,

2013 1337 2191 1414 εὗρον,
2223 1340 2305 1395 ὅτι
2337 1339 2609 1414 ἐκοιμήθη
2645 1341 2674 1396 ὁ
2705 1340 2857 1417 ἅγιος
2885 1341 3089 1414 Ἀμοῦν
3145 1340 3262 1395 κατ’
3317 1336 3528 1409 ἐκείνην
3557 1338 3660 1405 τήν

2013 1427 2179 1502 ὥραν,
2211 1429 2278 1500 ἢν
2311 1431 2458 1485 εἶπεν
2491 1429 2803 1492 Ἀντώνιος.

2562 1519 2746 1576 MUNI
2773 1520 2867 1596 T9
2901 1521 3100 1598 1mg.

2155 1691 2427 1766 Ἀθλησις
2461 1701 2563 1765 τῆς
2601 1695 2755 1771 ἀγίας
2819 1695 3090 1771 μάρτυρος
3147 1693 3516 1769 Μαμὲλχθης.

2087 1785 2154 1839 Ἦ
2239 1784 2366 1860 άγία
2449 1787 2728 1861 Μαμὲχθα
2813 1785 3032 1861 ὑπῆρχε
3109 1785 3203 1858 μὲν
3264 1783 3323 1838 ἐκ
3381 1779 3660 1856 Περσίδος,

2019 1871 2188 1948 ίὲρεια
2243 1869 2301 1927 δέ
2327 1877 2425 1928 τοῦ
2456 1878 2587 1928 ναοῦ
2641 1871 2987 1950 Ἀρτέμιδος,
3047 1869 3250 1949 ἔχουσα
3278 1873 3369 1928 καὶ
3417 1869 3658 1948 ἀδελφὴν

2017 1964 2374 2034 Χριστιανήν.
2433 1965 2826 2038 Κατενεχθεῖσα
2873 1961 2930 2018 δὲ
2960 1962 3036 2025 εἶς
3067 1962 3257 2031 ὕπτον,
3311 1959 3446 2016 εἶδεν
3500 1958 3663 2037 ἄγγε-

2021 2061 2116 2105 Λον
2150 2051 2284 2106 Θεοῦ
2315 2047 2622 2107 δεικνύοντα
2670 2051 2806 2126 αὐτῇ
2853 2051 2920 2107 τὰ.
2979 2053 3251 2127 μυστήρια
3279 2054 3386 2104 τῶν
3421 2051 3670 2118 Χριστια-

2019 2144 2153 2198 νῶν.
2222 2138 2318 2194 Kal
2351 2140 2619 2196 ἀναστᾶσα
2675 2136 2941 2220 ἔμφοϐος,
3001 2139 3273 2215 διηγεῖται
3322 2141 3390 2211 τῇ
3430 2133 3664 2213 ἀδελφῇ.

2018 2225 2172 2284 ’11δέ
2220 2225 2338 2303 ἄγει
2391 2228 2558 2298 αὐτὴν
2612 2231 2748 2306 πρὸς
2793 2230 2884 2284 τὸν
2945 2227 3261 2284 ἐπίσκοπον.
3321 2227 3417 2282 Καὶ
3481 2226 3666 2298 μαθὼν

2021 2316 2314 2379 ἐπίσκοπος
2345 2318 2413 2372 τὰ
2458 2325 2557 2388 τῆς
2613 2318 2872 2381 ἀπτασίας
2927 2318 3072 2373 εἶπεν
3132 2317 3292 2391 αὐτῇ,
3347 2315 3430 2371 ὅτι
3491 2313 3667 2387 Ὀφείο

2019 2405 2136 2467 λεις
2191 2407 2492 2480 Χριστιανὴ
2549 2407 2815 2482 γενέσθαι·
2869 2408 2935 2478 ἣν
2995 2405 3191 2468 εύθέως
3251 2399 3526 2473 ἐϐάπτισε,
3579 2403 3668 2458 καὶ

2020 2492 2233 2564 ἐδέξατο
2282 2494 2448 2566 αὐτήν
2499 2497 2534 2565 ἡ
2593 2493 2704 2551 ίδία
2759 2493 2968 2573 ἀδελφή
3001 2541 3013 2553 .
3086 2496 3245 2558 Ὅθεν
3307 2496 3558 2567 μανέντες
3616 2492 3669 2547 οἱ

2019 2580 2333 2653 ’Βλληνες,
2401 2581 2813 2656 ἐτιμωρήσαντο
2871 2585 3066 2654 αύτὴν,
3122 2584 3212 2639 καὶ
3269 2583 3582 2638 ἀπέκτειναν
3613 2579 3666 2636 ἐν

2020 2667 2218 2736 λίθοις,
2251 2667 2328 2725 ἔτι
2375 2670 2442 2726 τὰ
2469 2672 2719 2746 ἐμφώτια
2761 2677 2858 2728 τοῦ
2889 2672 3049 2747 ἁγίου
3110 2669 3484 2748 βαπτίσματος
3511 2691 3666 2746 περι-

2021 2755 2390 2834 6ε6λημένην.
2441 2762 2544 2820 Καὶ
2601 2757 2822 2838 ἔρριψαν
2873 2763 2948 2824 εἷς
3005 2761 3208 2818 λάκκον
3261 2761 3581 2834 βαθύτατον·
3614 2760 3665 2831 ἐξ

2022 2847 2084 2905 οὗ
2132 2851 2444 2925 Χριστιανοί
2495 2847 2662 2924 μόλις
2712 2851 2878 2920 αὐτὴν
2921 2852 3214 2927 ἀνήγαγον.
3250 2849 3573 2926 Προσελθὼν
3607 2845 3666 2904 δὲ

2019 2943 2098 3011 τῷ
2133 2937 2346 3014 βασιλεῖ
2390 2945 2497 2995 τῶν
2559 2945 2776 3015 Περσῶν
2833 2941 2862 2996 ὁ
2896 2941 3210 3010 ἐπισκοπος,
3269 2940 3356 2994 καὶ
3416 2939 3664 3010 αἰτήσας,

259 3047 392 3104 gem
438 3033 772 3105 episcopus,
831 3035 1306 3108 impetravitque,
1337 3042 1425 3104 ut,
1474 3053 1678 3093 everso
1711 3037 1910 3093 Dianae

2024 3022 2213 3083 ἔλαϐεν
2265 3027 2506 3099 ἐξουσίαν
2561 3032 2658 3083 τοῦ
2715 3033 3012 3084 καταλῦσαι
3075 3031 3168 3102 μὶν
3225 3029 3319 3084 τὸν
3389 3028 3516 3082 ναὸν
3569 3033 3667 3096 τῆς

263 3120 508 3192 templo,
542 3122 854 3178 ecclesiam
887 3130 1106 3180 sanctaa
1149 3127 1426 3198 martyris
1483 3126 1726 3182 nomine
1756 3126 1910 3182 exci-

263 3215 460 3266 taret:
490 3212 649 3284 quod
697 3230 831 3269 cum
871 3213 1245 3286 aedificasset,
1289 3216 1579 3290 pretiosas
1611 3219 1741 3290 ejus
1770 3217 1912 3274 reli-

266 3316 414 3372 quas
443 3300 525 3356 ibi
556 3301 848 3374 deposuit,

917 3393 1137 3452 Eodem
1169 3395 1264 3452 die

405 3480 508 3534 90
540 3481 823 3538 Certamen
859 3492 1071 3542 sanctae
1121 3488 1387 3556 martyris
1434 3485 1734 3542 Charitinae
1757 3529 1772 3543 .

339 3569 642 3626 Charitina
671 3571 886 3627 Christi
916 3589 1118 3645 maryr
1145 3573 1256 3629 fuit
1282 3575 1651 3646 temporibus
1682 3575 1916 3631 Diocle-

262 3657 412 3710 tiani
445 3656 844 3727 imperatoris,
869 3665 927 3714 et
948 3661 1187 3716 Domitii
1212 3663 1469 3730 comitis,
1491 3679 1660 3718 serva
1689 3663 1917 3720 Claudii

271 3743 584 3813 cujusdam
610 3761 622 3799 :
669 3746 740 3800 de
767 3763 884 3817 qua
913 3764 1047 3802 cum
1079 3749 1154 3803 ad
1183 3751 1464 3805 comitem
1493 3767 1698 3806 rumor
1726 3753 1915 3808 venis-

273 3836 381 3897 set,
445 3833 682 3904 scripsit
729 3834 825 3889 hic
861 3834 935 3889 ad
992 3835 1155 3892 illius
1212 3837 1543 3906 dominum,
1570 3845 1636 3894 ut
1666 3856 1736 3896 ea
1753 3840 1828 3896 ad
1856 3856 1918 3896 se

273 3919 628 3989 mitteretur,
653 3927 970 3993 propterea
999 3923 1156 3994 quod
1190 3924 1262 3980 de
1295 3941 1364 3980 ea
1419 3932 1702 3997 tanquam
1748 3928 1920 3984 Chri-

272 4007 466 4063 stiana
490 4008 694 4064 haberi
718 4011 1109 4082 quaestionem
1131 4018 1449 4084 oporteret.
1475 4016 1619 4070 Tum
1642 4015 1922 4072 dominus

271 4113 526 4153 maerore
569 4099 816 4154 affectus
847 4104 905 4154 et
932 4116 1103 4156 sacco
1158 4101 1422 4168 indutus,
1480 4108 1700 4159 sortem
1759 4104 1922 4161 illius

275 4184 640 4257 deplorabat.
665 4186 772 4243 Illa
791 4203 926 4242 vero
945 4186 1254 4244 dominum
1277 4206 1449 4246 suum
1472 4191 1921 4248 consolabatur:

275 4277 356 4332 Ne
377 4280 432 4330 te
453 4276 1300 4350 afﬂictes,inquiens,domine
1323 4278 1402 4334 mi
1434 4296 1447 4334 :
1472 4295 1576 4352 ego
1601 4281 1762 4336 enim
1783 4281 1923 4337 reli-

277 4367 447 4437 quias
479 4383 642 4423 meas
671 4384 777 4440 pro
809 4367 958 4424 meis
991 4368 1225 4440 tuisque
1255 4370 1515 4441 peccatis
1545 4369 1794 4426 tradam.
1819 4371 1925 4426 Cui

2023 3111 2356 3192 Δρτὲμιδος,
2411 3115 2775 3191 οἷ’κοδομῆσαι
2823 3116 2883 3173 δέ
2933 3116 3225 3188 ἐκκλησίαν
3285 3115 3375 3172 ἐπ’
3430 3116 3664 3189 ὀνόματι

2014 3212 2115 3275 τῆς
2168 3206 2353 3281 Ἀγίας
2409 3205 2705 3283 μάρτυρος·
2765 3207 2832 3278 ἢν
2889 3206 2982 3262 καὶ
3038 3207 3248 3277 κτίσας,
3309 3205 3361 3262 ἐν
3416 3205 3565 3279 αύτῷ
3599 3205 3661 3260 τὸ

2014 3293 2202 3368 τίμιον
2235 3294 2402 3361 αὐτῆς
2424 3295 2647 3352 ἀπέθετο
2680 3295 2954 3370 λείψανον.

2597 3387 2681 3458 Tii
2723 3384 2860 3459 αὖτῆ
2902 3385 3087 3461 ἡμέρᾳ

2233 3470 2503 3544 Ἀθλησις
2534 3474 2631 3542 τῆς
2652 3473 2808 3548 ἁγίας
2843 3473 3115 3549 μάρτυρος
3147 3471 3458 3548 Χαριτίνης.

2090 3563 2154 3619 Ἥ
2213 3562 2418 3636 μάρτυς
2473 3566 2569 3617 τοῦ
2633 3564 2866 3637 Χριστοῦ
2921 3562 3208 3639 Χαριτίνη,
3273 3563 3520 3638 ὑπῆρχεν
3579 3560 3668 3617 ἐπὶ

2021 3649 2414 3720 Διοκλητιανοῦ
2443 3655 2538 3706 τοῦ
2582 3649 2872 3725 βασιλέως,
2929 3651 3020 3707 καὶ
3079 3648 3344 3724 Δομετίου
3399 3651 3667 3724 κόμητος,

2022 3737 2196 3810 δούλη
2231 3740 2362 3795 οὖσα
2392 3737 2672 3796 Κλαυδίου
2725 3741 2897 3803 τινός.
2948 3739 3081 3816 Περὶ
3124 3741 3194 3810 ἦς
3225 3741 3254 3794 ὁ
3283 3739 3466 3812 κόμης
3493 3738 3668 3795 ἀκού-

2022 3851 2138 3901 σας,
2161 3830 2354 3909 γράφει
2401 3835 2480 3903 τῷ
2529 3831 2701 3907 κυρίῳ
2752 3831 2921 3902 αὐτῆς
2971 3831 3290 3887 ἀποστεῖλαι
3342 3831 3481 3905 πρὸς
3507 3829 3668 3884 αὐτὸν

2022 3919 2190 3989 αὐτὴν
2241 3920 2318 3984 είς
2374 3919 2605 3991 ἐξέτασιν
2661 3921 2736 3985 ὡς
2794 3922 3124 3998 Χριπιανῆν
3184 3918 3554 3996 ὑπάρχουσαν.
3612 3919 3672 3976 Ὀ

2026 4003 2084 4062 δὲ
2141 4009 2328 4081 κύριος
2413 4009 2580 4080 αὐτῆς
2643 4008 2908 4080 λυπηθεὶς
2939 4053 2954 4079 ,
3038 4008 3235 4064 σάκκον
3319 4005 3673 4082 ἐνδυσάμενος

2025 4097 2238 4172 ἐθρήνει
2271 4097 2460 4169 αὐτήν.
2516 4099 2580 4154 Ἦ
2637 4097 2696 4154 δὲ
2750 4101 3116 4174 παρεμυθεῖτο
3173 4097 3356 4171 αὐτὸν,
3415 4096 3672 4173 λέγουσω

2027 4185 2118 4253 Μὴ
2150 4183 2348 4255 λυποῦ,
2407 4185 2569 4261 χύριέ
2629 4207 2754 4260 μου.
2807 4187 2890 4245 Τὰ
2944 4188 3047 4263 γὰρ
3098 4185 3328 4261 λείψανά
3360 4207 3489 4260 μου,
3541 4187 3673 4262 ὑπὲρ

2025 4276 2135 4328 τῶν
2167 4271 2314 4345 ἐμῶν
2355 4272 2444 4328 καὶ
2498 4278 2606 4329 τῶν
2660 4279 2766 4330 σῶν
2823 4275 3282 4350 παραπτωμάτων
3341 4273 3567 4350 δίδωμι.
3613 4278 3676 4335 Ὀ

2031 4361 2090 4417 δὲ
2146 4364 2314 4418 εἶπεν
2375 4363 2637 4437 Μέμνησό
2697 4385 2807 4438 μου
2865 4365 2952 4420 ἐπὶ
3008 4370 3104 4421 τοῦ
3157 4366 3480 4442 ἐπουρανίου
3523 4370 3677 4442 βασι-

273 4454 415 4509 ille:
449 4457 740 4512 Memento
773 4457 888 4512 mei
931 4456 1088 4529 apud
1145 4457 1446 4515 caelestem
1488 4475 1706 4532 regem.
1737 4459 1911 4533 Igitur

2029 4450 2199 4514 λέως.
2258 4452 2392 4508 Τότε
2442 4451 2724 4524 ἀπεστάλη
2782 4458 2863 4526 τῷ
2919 4454 3146 4528 κόμητιο
3204 4455 3294 4511 καὶ
3345 4459 3671 4532 Χριστιανὴν

278 4545 461 4600 missa
490 4547 564 4602 ad
594 4549 896 4616 comitem,
935 4565 1116 4620 seque
1147 4549 1336 4621 ipsam
1367 4549 1759 4608 Christianam
1787 4567 1928 4623 pro-

275 4631 453 4701 fessa,
505 4634 761 4704 primum
811 4636 1002 4706 capite
1051 4654 1206 4705 raso,
1267 4644 1325 4694 et
1372 4638 1607 4695 cadenti
1662 4640 1918 4695 carbone

275 4737 635 4793 conspersa;
669 4721 884 4777 deinde
911 4724 1136 4796 ingenti
1159 4743 1189 4781 e
1222 4726 1376 4781 collo
1407 4729 1534 4798 ejus
1551 4745 1813 4801 appenso
1835 4728 1924 4784 1a-

279 4811 438 4883 pide,
471 4811 532 4866 in
557 4828 718 4867 mare
749 4812 1041 4880 demersa,
1076 4831 1290 4884 aquam
1314 4816 1495 4871 maris
1515 4833 1620 4888 pro
1638 4817 1927 4890 baptismo

285 4900 510 4956 habuit.
547 4901 711 4956 Unde
744 4918 999 4974 egressa.
1030 4902 1104 4958 ad
1127 4909 1513 4975 conspectum
1563 4907 1797 4961 comitis
1827 4923 1928 4961 ve-

285 4990 396 5055 nit,
428 4991 780 5062 animosque
802 4991 1163 5048 adstantium
1185 4992 1271 5048 rei
1293 4992 1703 5064 magnitudine
1726 4995 1913 5050 attoni

277 5086 370 5136 tos
393 5079 652 5136 reddidit
685 5097 698 5135 :
731 5087 1031 5152 postremo
1054 5081 1269 5137 evulsis
1301 5081 1601 5148 dentibus,
1636 5083 1925 5154 praecisis-

285 5185 399 5240 que
431 5185 672 5226 manum
703 5186 772 5227 ac
799 5170 1018 5243 pedum
1050 5170 1268 5244 digitis,
1297 5170 1477 5226 vitam
1509 5170 1718 5228 finivit.

835 5261 1073 5316 EODEM
1113 5261 1256 5316 ΜΕΝ
1263 5259 1364 5315 SE.

950 5350 1054 5405 Die
1093 5354 1260 5405 sexta

531 5437 629 5496 01
666 5438 953 5495 Certamen
974 5441 1153 5496 sancti
1187 5439 1404 5498 Thom
1423 5439 1675 5510 apostoli.

356 5530 496 5587 Post
511 5530 743 5586 Domini
760 5529 986 5586 nostriJ
992 5545 1098 5585 esu
1117 5529 1324 5586 Caristi
1338 5529 1774 5601 ascensionem,
1789 5545 1924 5586 cum

2035 4540 2229 4609 ἑαυτὴν
2288 4539 2684 4617 ὁμολογήσασα
2718 4585 2733 4611 ,
2788 4542 3051 4616 ξυρίζεται
3107 4545 3206 4614 τήν
3259 4543 3528 4623 κεφαλήνο
3589 4547 3676 4602 καὶ

2038 4627 2256 4698 ζέουσαν
2308 4627 2597 4704 ἀνθρακιὰν
2679 4633 3073 4687 καταπάσσεται
3109 4676 3122 4688 .
3185 4634 3317 4690 Εἶτα
3399 4631 3677 4709 δεσμεῖται

2036 4715 2177 4791 λίθῳ
2209 4718 2388 4794 βαρεῖ,
2415 4719 2504 4774 καὶ
2539 4718 2780 4796 ρίπτεται
2812 4719 2864 4775 ἐν
2912 4724 2980 4793 τῇ
3011 4720 3270 4796 θαλάσσῃ.
3320 4723 3418 4778 Kal
3465 4721 3675 4798 ἐδέξατο

2034 4805 2097 4860 τὸ
2153 4804 2299 4882 ὕδωρ
2353 4807 2430 4872 εἷς
2489 4808 2786 4884 βάπτισμα⁶
2845 4811 2932 4864 καὶ
2993 4808 3303 4882 ἐξελθοῦσα,
3361 4811 3676 4888 ἐνεφανίσθη

2033 4900 2114 4967 τῷ
2165 4896 2370 4969 κόμητι
2402 4940 2414 4954 .
2503 4899 2601 4952 Καὶ
2677 4895 2882 4960 ἰδόντες
2939 4897 3106 4967 αύτήν
3167 4900 3220 4954 οἱ
3277 4907 3634 4977 περιεστῶτες
3667 4947 3682 4973 ,

2036 4982 2361 5057 ἐθαύμασαν.
2421 4986 2555 5043 Τότε
2605 4991 2723 5050 τοῖς
2779 4984 3000 5049 ὀδόντας
3052 4987 3422 5063 ἐκριζωθεῖσα,
3455 4992 3545 5047 καὶ
3572 4997 3682 5048 τῶν

2034 5077 2240 5148 χειρῶν
2269 5075 2360 5129 καὶ
2386 5079 2494 5130 τῶν
2545 5072 2732 5130 ποδῶν
2789 5074 2916 5138 τοὺς
2957 5073 3257 5141 δακτύλους
3318 5079 3682 5153 ἀποκοπεῖσα,

2035 5159 2351 5236 ἐτελειώθη.

2567 5253 2753 5311 MIINI
2795 5255 2889 5333 ro
2946 5259 3142 5336 m9.

2273 5429 2544 5502 Ἀθλησις
2589 5435 2686 5487 τοῦ
2709 5347 2878 5508 ἀγίοζύ.
2892 5433 3209 5492 ἀποστόλου
3238 5441 3429 5510 Θωμᾶ.

2103 5523 2254 5582 Μετά
2297 5542 2398 5594 την
2477 5519 2748 5597 ἀνάληψιν
2835 5526 2932 5581 τοῦ
3005 5523 3205 5600 Κυρίου
3261 5527 3424 5599 ἡμῶν
3491 5527 3676 5598 Ἰησοῦ
