4030 6196
355 265 420 326 93

1746 249 2125 313 OGTOBER.

3582 260 3661 319 94

349 395 558 469 Χριστοῦ,
611 385 796 445 ἕκαστος
849 387 950 437 τῶν
1013 382 1175 459 ἁγίων
1256 382 1582 439 ἀποστόλων
1641 381 1894 445 ἀπελθὼν

2015 381 2416 453 apostolorum
2446 383 2663 455 singuli
2702 384 2764 439 in
2808 402 2961 454 eam,
2994 402 3126 459 quae
3158 392 3317 443 sorte
3348 388 3459 443 sibi
3490 389 3666 444 obve-

352 484 415 544 ιῖς
460 483 535 546 τὴν
580 477 822 549 λαχοῦσαν
876 472 1020 544 αὐτῷ
1096 471 1311 548 χώραν,
1356 470 1652 529 ἐδίδασκεν,
1687 468 1901 544 Ἕλαχε

350 570 400 627 δὶ
443 568 604 635 ulti»
652 564 779 638 ἁγίῳ
834 566 1003 634 Θωμᾷ
1052 564 1087 630 ἡ
1144 566 1252 616 τῶν
1312 559 1500 617 Ἰνδῶν
1556 561 1738 636 χώρα.
1800 558 1904 613 Καὶ

342 657 535 719 ἀπελθὼν
560 652 604 707 ἐν
642 652 797 725 αὐτῇ,
855 651 1113 725 ἐκήρυττε
1164 652 1257 706 τὸν
1305 650 1566 727 Χριστόν.
1618 648 1903 703 Πιστευσά·

334 768 410 813 nl;
433 743 477 797 δὲ
504 741 579 796 διὰ
604 746 695 795 τοῦ
727 738 890 815 λόγου
934 739 1099 795 αὐτοῦ
1152 747 1253 809 τῆς
1310 742 1569 815 γυναικὸς
1594 742 1692 793 τοῦ
1753 738 1904 812 βασι⁸

317 834 427 894 λέως
449 837 538 886 τῶν
577 828 776 897 Ἰνδῶν,
814 832 947 903 μετὰ
973 834 1070 884 τοῦ
1122 831 1244 884 υἱοῦ
1303 829 1494 898 αὐτῆς,
1545 832 1626 900 τῷ
1663 830 1905 902 Χριστῷ,
1950 870 1959 873 ς

310 920 559 996 διεγνώτθη
592 922 617 973 ο
646 924 864 990 Θωμᾶς,
894 921 985 973 καὶ
1025 922 1093 991 τῇ
1143 922 1240 973 τοῦ
1275 919 1544 994 βασιλέως
1593 915 1904 992 προστάξει,

304 1007 582 1078 ἀπεκλείσθη
632 1008 705 1068 εἰς
765 1006 1039 1085 φυλακὴν,
1103 1008 1236 1080 μετὰ
1282 1008 1371 1062 καὶ
1418 1008 1612 1082 ἒτὲρων
1700 1002 1908 1077 δεσμω-

297 1105 403 1154 τῶν.
434 1100 606 1159 Δόντες
670 1095 727 1152 δὲ
787 1098 1055 1171 χρήματα
1110 1103 1225 1160 τοῖς
1285 1097 1641 1174 στρατιώταις
1702 1096 1729 1150 ὁ
1786 1092 1905 1155 υἱὸς

290 1194 369 1244 τοῦ
400 1186 661 1262 βασιλέως,
705 1187 796 1241 καὶ
853 1189 889 1257 ἡ
962 1189 1145 1261 μήτηρ
1208 1188 1394 1259 αὐτοῦ,
1452 1187 1543 1242 καὶ
1592 1185 1757 1242 ἄλλοι
1806 1182 1906 1238 οὐκ

290 1278 465 1352 ὀλίγοι,
495 1277 744 1345 εἰσῆλθον
779 1277 914 1352 πρὸς
943 1277 1101 1332 αὐτὸν
1151 1277 1205 1332 ὲν
1256 1281 1326 1351 τῇ
1386 1274 1628 1354 φυλακῇ,
1658 1273 1748 1328 καὶ
1780 1266 1903 1327 ἀϐα-

285 1366 564 1437 πτίσθησαν.
619 1366 715 1420 Καὶ
785 1365 919 1439 μετὰ
971 1365 1169 1441 χρόνον
1228 1366 1411 1420 ἱκανὸν
1444 1363 1496 1437 ἐξ
1526 1362 1702 1419 αὐτῶν
1755 1359 1905 1435 ἐχει-

286 1462 611 1532 ροτονήθησαν
660 1450 1051 1531 πρεσϐύτεροι,
1107 1456 1197 1510 καὶ
1258 1453 1527 1512 διάκονοι.
1559 1452 1664 1511 Καὶ
1723 1447 1901 1505 ἐδίδα-

284 1566 386 1600 σκον
414 1545 492 1599 ἐπὶ
518 1550 596 1617 τῷ
627 1545 858 1618 ὀνόματι
914 1543 1013 1600 τοῦ
1067 1548 1326 1618 Χριστοῦ.
1381 1543 1483 1602 Καὶ
1541 1543 1702 1618 γνοὺς
1741 1543 1903 1594 τοῦτο

286 1637 308 1689 ὁ
352 1632 583 1710 βασιλεὺς
638 1634 728 1689 καὶ
795 1634 1087 1711 ὀργισθεὶς,
1147 1632 1377 1709 ἐξήγαγε
1424 1634 1517 1688 τὸν
1603 1627 1906 1687 ἀπόστολον

280 1726 555 1799 προσέταξεν
634 1724 973 1781 ἀποκτεῖναι.
1054 1723 1441 1800 Ἀναγαγόντες
1525 1719 1615 1776 οὖν
1678 1718 1755 1780 εἷς
1837 1717 1902 1772 τὸ

278 1814 552 1867 ἀπέκτειναν
563 1856 575 1867 .

842 1906 920 1975 Τῇ
943 1901 1080 1976 αὖτῇ
1110 1901 1295 1975 ἡμέρᾳ

276 1994 453 2064 Μνήμη
506 1992 601 2046 τοῦ
658 1991 818 2046 ὁσίου
875 1992 1086 2065 Πατρὸς
1142 1993 1304 2063 ἡμῶν
1364 1991 1579 2060 Νικήτα
1618 1992 1717 2044 τοῦ
1775 1988 1906 2061 ὁμο-

935 2078 1199 2156 λογητοῦ.

330 2170 381 2226 Ὀ
407 2167 453 2224 ἐν
500 2168 666 2244 ἁγίοις
736 2172 921 2243 Πατήρ
953 2170 1111 2241 ἡμῶν
1173 2170 1409 2239 Νικήτας
1465 2166 1555 2223 καὶ
1608 2166 1900 2242 ὁμολογη-

276 2263 358 2328 τὴς
421 2266 510 2316 τοῦ
566 2266 833 2338 Χριστοῦ,
878 2260 1097 2337 ὑπῆρχε
1174 2262 1433 2337 συγγενὴς
1503 2259 1747 2335 Εἰρήνης
1799 2266 1901 2327 τῆς

285 2350 585 2424 βασιλίσσης,
645 2350 778 2420 ἥτις
836 2345 1211 2424 προσελάϐετο
1270 2349 1455 2419 αὐτὸν,
1517 2348 1578 2404 οὐ
1656 2346 1745 2403 διὰ
1798 2350 1898 2416 τήν

280 2442 549 2513 συγγένειαν
584 2442 784 2514 μόνον,
836 2437 983 2494 ἀλλὰ
1036 2439 1125 2494 καὶ
1185 2436 1274 2493 διὰ
1325 2439 1425 2507 τήν
1483 2438 1677 2511 ἀρετὴν
1710 2437 1897 2493 αὐτοῦ.

278 2524 433 2589 Οὕτως
466 2529 561 2601 γάρ
592 2529 912 2603 ἠγωνίσατο
970 2526 1061 2581 καὶ
1119 2527 1328 2603 ἐγένετο
1378 2524 1646 2595 ἐνάρετος,
1681 2525 1757 2589 ὡς
1810 2525 1899 2579 καὶ

280 2614 321 2668 ἐν
368 2620 431 2689 τῇ
480 2619 614 2672 κατᾶ
664 2617 895 2671 Νίκαιαν
955 2617 1074 2691 ἱερᾷ
1126 2612 1337 2688 συνόδῳ
1400 2615 1461 2669 τὸ
1519 2610 1789 2689 δεύτερον,
1842 2612 1902 2668 ἐκ

274 2707 537 2779 προσώπου
611 2713 720 2775 τῆς
806 2703 1094 2774 δεσποίνης
1154 2702 1604 2775 ὲξαποσταλῆναι,
1661 2702 1749 2757 καὶ
1815 2704 1898 2757 θε-

274 2792 478 2867 αρὲστως
505 2793 555 2849 ἓν
580 2795 728 2867 αὐτῇ
762 2790 1079 2869 διαπρέψαι.
1122 2794 1310 2867 Ἕχων
1365 2789 1422 2846 δὲ
1470 2788 1690 2860 πολλὴν
1722 2790 1900 2845 ἱκανό-

266 2899 400 2950 τητα,
452 2882 708 2953 τιμηθεὶς
771 2880 1080 2954 πατρίκιος,
1136 2877 1520 2953 προεχειρίσθη
1601 2877 1900 2953 στρατηγὸς

270 2968 508 3033 Σικελίας.
568 2971 672 3027 Καὶ
738 2969 924 3031 καλῶς
985 2968 1038 3023 ἐν
1095 2967 1230 3040 αὐτῇ
1291 2968 1517 3041 πράξας,
1576 2967 1665 3022 καὶ
1723 2968 1904 3042 χήρας

265 3057 339 3111 καὶ
388 3056 652 3133 ὀρφανοὺς
711 3058 966 3130 ἐλεήσας,
1025 3058 1373 3132 ὑπέστρεψεν.
1419 3055 1611 3130 Eupth
1666 3053 1724 3111 δὲ
1778 3077 1902 3133 κρα-

2011 478 2199 540 uerat,
2230 474 2532 544 regionem
2564 475 2836 545 profecti,
2858 477 3162 542 docerent,
3196 479 3407 553 obtigit
3457 486 3663 536 sancto

2010 562 2244 617 Themin
2277 562 2559 618 Indorum
2590 566 2774 636 regio,
2824 566 2926 619 ubi
2966 568 3265 623 Christum
3301 569 3662 640 praedicavit.

2011 650 2154 704 Cum
2168 656 2367 706 autem
2398 651 2472 706 ad
2494 652 2899 708 Christiﬁdem
2929 672 3171 711 uxorem
3203 658 3356 729 regis
3381 658 3663 714 Indorum

2012 739 2260 810 ejusque
2293 740 2481 794 lilium
2515 743 3191 803 convertissetdefertur
3220 746 3292 800 ad
3320 762 3537 819 regem,
3563 748 3665 817 qui

2011 828 2291 883 Thomam
2326 830 2385 882 in
2419 845 2714 885 carcerem
2742 848 2876 885 cum
2900 832 3032 887 aliis
3063 834 3272 888 vinctis
3287 834 3519 889 detrudi
3529 835 3663 907 jus-

2013 917 2107 973 sit.
2140 917 2443 988 Corruptis
2472 923 2672 973 autem
2704 922 2956 989 pecunia
2984 922 3296 989 militibus,
3321 924 3475 995 regis
3506 924 3665 978 ﬁlius

2012 1022 2145 1060 cum
2179 1011 2389 1074 matre,
2421 1013 2598 1077 atque
2628 1007 2761 1062 aliis
2790 1026 2910 1064 non
2967 1012 3191 1081 paucis,
3242 1028 3540 1067 carcerem
3572 1013 3666 1067 in-

2010 1095 2218 1163 gressi,
2242 1094 2315 1150 ab
2338 1112 2405 1149 eo
2434 1096 2710 1167 baptizati
2741 1104 2913 1165 sunt;
2943 1106 3000 1154 et
3049 1108 3183 1171 post
3212 1101 3493 1156 idoneum
3515 1106 3662 1155 tem-

2012 1200 2123 1256 pus
2153 1184 2407 1239 ordinati
2429 1184 2592 1240 fuere
2626 1203 2695 1241 ex
2727 1188 2819 1242 his
2840 1188 3257 1260 presbyteri,et
3286 1189 3540 1259 diaconi,
3561 1190 3665 1260 qui

2011 1273 2073 1327 in
2103 1274 2342 1327 nomine
2356 1274 2571 1330 Christi
2592 1276 3075 1342 docebant.Quod
3106 1277 3205 1331 ubi
3226 1295 3329 1333 rex
3351 1277 3665 1345 intellexit,

2010 1361 2218 1427 iratus,
2252 1362 2535 1418 eductum
2568 1380 2597 1418 e
2628 1381 2863 1421 carcere
2894 1366 3250 1437 apostolum,
3284 1372 3341 1422 et
3376 1367 3668 1422 militibus
3748 1420 3749 1423 η

2012 1448 2319 1518 traditum,
2344 1452 2529 1522 jussit
2554 1454 2768 1511 occidi.
2797 1454 3133 1511 Abductum
3167 1457 3367 1528 itaque
3396 1462 3667 1511 sanctum

2012 1538 2075 1593 in
2106 1540 2610 1610 montem,lancea
2635 1545 3666 1615 transverberantes,interfecerunt.

2012 1634 2115 1697 τῆς
2181 1626 2457 1705 φυλακῆς,
2535 1631 2624 1685 καὶ
2702 1631 2978 1707 παραδοὺς
3054 1634 3215 1689 αὐτὸν
3294 1633 3669 1708 στρατιώταις,

2011 1716 2138 1790 ὃρος
2168 1719 2261 1773 τὸν
2335 1720 2513 1794 ἅγιον,
2595 1722 2729 1795 μετὰ
2799 1727 2907 1777 τῶν
2984 1724 3284 1799 κονταρίων
3362 1721 3669 1795 πλήξαντες

2670 1903 2889 1958 Eodem
2922 1904 3017 1960 die

2014 1990 2116 2046 98
2171 1989 2624 2045 Commemoratio
2699 1995 2880 2046 sancti
2960 1995 3143 2047 Patris
3206 1994 3383 2048 nostri
3459 1995 3668 2049 Nicetze

2686 2066 3029 2131 confessoris.

2088 2179 2336 2234 Sanctus
2413 2181 2587 2234 Pater
2670 2185 2873 2235 noster
2955 2180 3292 2250 Christique
3362 2177 3668 2234 confessor

2013 2268 2265 2339 Nicetas,
2295 2270 2496 2324 lrenes
2552 2272 2827 2341 Augustas
2872 2271 3263 2341 propinquus,
3299 2270 3350 2325 ei
3391 2285 3512 2324 non
3547 2274 3666 2322 tam

2012 2356 2086 2411 ob
2119 2358 2647 2429 propinquitatem,
2680 2375 2859 2428 quam
2892 2358 2965 2414 ob
3000 2375 3167 2414 suam
3198 2359 3473 2413 virtutem
3496 2373 3663 2411 acce-

2011 2449 2147 2516 ptus
2177 2451 2321 2501 erat.
2356 2447 2449 2501 Sic
2496 2448 2655 2502 enim
2700 2447 2763 2502 in
2814 2448 3239 2503 certaminibus
3288 2464 3355 2503 ac
3384 2448 3667 2500 virtutum

2013 2533 2535 2590 exercitationibus
2566 2536 2865 2602 excelluit,
2897 2541 2963 2591 ut
2992 2537 3064 2591 ad
3085 2540 3351 2591 sanctam
3368 2535 3667 2591 Nicaenam

2014 2622 2337 2677 secundam
2370 2624 2686 2695 synodum,
2720 2625 3114 2696 imperatricis
3163 2625 3413 2698 legatus,
3446 2625 3664 2679 missus

2010 2709 2226 2777 fuerit;
2262 2728 2376 2781 quo
2425 2712 2486 2767 in
2529 2730 2779 2769 munere
2830 2715 3058 2787 egregie
3095 2720 3153 2769 et
3207 2715 3540 2787 insigniter,
3601 2719 3667 2769 ut

2014 2798 2129 2853 Deo
2157 2799 2441 2870 placitum
2473 2807 2652 2871 est,se
2676 2804 3025 2875 gessit.Erat
3039 2804 3197 2859 enim
3221 2803 3294 2858 ad
3310 2804 3668 2875 omniaprao-

2010 2886 2166 2943 clare
2198 2891 2457 2961 gerenda
2485 2892 2743 2947 maxime
2774 2892 3045 2949 idoneus.
3080 2894 3270 2958 Quare
3316 2893 3665 2964 patriciatus

2012 2978 2242 3035 honore
2272 2982 2628 3050 cumulatus,
2662 2982 2876 3039 Siciliae
2938 2990 3228 3057 strategus
3284 2983 3619 3039 declaratur
3650 2997 3665 3037 ε

2016 3081 2138 3137 qua
2168 3070 2344 3125 etiam
2376 3072 2680 3143 provincia
2709 3074 2931 3145 Optime
2989 3074 3420 3138 administrata,
3482 3071 3671 3127 multa

267 3148 474 3216 τήσαντα
500 3155 600 3217 τῆς
657 3148 935 3223 βασιλείας
987 3147 1079 3201 τὸν
1139 3145 1527 3220 Εἰκονομάχον
1589 3144 1791 3199 Λέοντα
1818 3145 1904 3199 τὸν

2024 3134 2321 3231 praecipue
2352 3134 2488 3233 erga
2516 3162 2721 3218 viduas
2747 3134 2810 3218 et
2846 3164 3103 3235 pupillos
3135 3134 3496 3235 benignitate
3527 3178 3669 3215 usus

276 3236 539 3307 Αρμένιον,
595 3235 928 3291 καταλιπὼν
990 3236 1228 3308 ἀξίωμα,
1290 3233 1533 3290 πλοῦτον
1588 3234 1679 3288 καὶ
1738 3239 1912 3287 πᾶσαν

274 3322 403 3394 δόξαν
428 3329 519 3380 τοῦ
549 3325 771 3397 κόσμου
820 3324 1008 3401 γέγονε
1069 3322 1336 3398 μοναχός.
1396 3324 1492 3377 Καὶ
1545 3322 1731 3396 μαθὼν
1788 3320 1912 3396 περὶ

276 3412 467 3468 αὑτοῦὸ
518 3411 806 3489 βασιλεὺς,
866 3412 956 3467 καὶ
1019 3411 1196 3468 θὲλων
1250 3411 1410 3467 αὐτὸν
1466 3414 1911 3488 τιμωρήσασθαι,

276 3499 507 3572 ἐμήνυσεν
561 3502 740 3575 αὐτῷ,
811 3500 1131 3556 ἀποστεῖλαι
1181 3502 1281 3568 τὴν
1326 3502 1511 3556 εῗκόνα
1563 3505 1660 3556 τοῦ
1720 3506 1911 3569 Σωτῆ-

279 3608 371 3662 ρος,
401 3591 540 3655 ὅπως
571 3591 897 3667 κατακαύσῃ
929 3591 1118 3661 αὐτήν.
1179 3592 1273 3659 Mi}
1318 3590 1608 3646 πεισθέντα
1663 3587 1720 3645 δὲ
1746 3594 1912 3645 τοῦτο

277 3686 498 3753 ποιῆσαι,
528 3680 784 3757 ἐξώρισε,
815 3681 906 3735 καὶ
930 3679 981 3736 ἐν
1012 3684 1081 3754 τῇ
1113 3681 1294 3753 ἐξορίᾳ
1350 3678 1541 3736 πολλὰ
1579 3677 1912 3752 πειρασθείς,

280 3764 532 3843 ἐτελειώθη
544 3816 558 3828 ,

810 3975 991 4032 ΜΙΙΝΙ
1033 3981 1118 4030 ΤΩ
1146 3980 1348 4032 ΑΥΤΩ.

1074 4092 1127 4147 Ζ.

389 4206 660 4279 ’Ἂθλησις
691 4210 798 4261 τῶν
852 4206 1020 4280 ἁγίων
1058 4205 1347 4282 μαρτύρων
1382 4205 1612 4283 Σεργίου
1640 4206 1730 4262 καὶ

986 4298 1227 4371 Βάκχου.

329 4414 546 4488 Σέργιος
575 4413 672 4469 καὶ
707 4409 926 4488 Βάκχος
979 4413 1032 4467 οἱ
1085 4412 1291 4484 ἔνδοξοι
1347 4418 1444 4469 τοῦ
1497 4416 1730 4489 Χριστοῦ
1764 4418 1901 4491 μάρο

2014 3246 2257 3303 domum
2288 3250 2478 3305 rediit.
2519 3252 2733 3306 Verum
2778 3253 2918 3323 quia
2975 3252 3227 3324 imperio
3268 3251 3489 3322 potitus
3542 3254 3669 3303 erat

2016 3336 2126 3390 Leo
2154 3342 2445 3394 Armenus
2472 3340 2920 3412 lconomachus,
2943 3344 3192 3398 remisso
3224 3342 3672 3414 dignitati,divi-

2015 3424 2133 3492 tiis,
2165 3428 2450 3497 omnique
2480 3429 2796 3485 mundanas
2826 3431 3027 3502 gloria)
3077 3431 3310 3497 nuntio,
3338 3430 3669 3485 monachus

2014 3512 2288 3568 efﬁcitur.
2349 3516 2514 3580 Quod
2546 3533 2680 3571 cum
2713 3517 3036 3589 imperator
3056 3519 3410 3587 rescivisset,
3468 3518 3672 3573 volens

2013 3601 2184 3656 illum
2216 3605 2531 3660 tormentis
2565 3605 2878 3677 subjicere,
2912 3607 3222 3679 imperavit
3253 3614 3319 3663 ut
3347 3608 3672 3663 Servatoris

2013 3690 2332 3763 imaginem
2367 3693 2770 3765 mitteret,quo
2794 3695 2957 3750 illam
2990 3696 3506 3752 combureret.Sed
3538 3714 3672 3752 cum

2014 3779 2073 3834 id
2101 3780 2295 3837 facere
2325 3782 2876 3852 detrectaret,illum
2900 3785 3212 3859 relegavit:
3248 3787 3348 3858 qui
3380 3787 3442 3841 in
3460 3787 3669 3842 exsilio

2014 3870 2219 3926 multis
2242 3871 2547 3928 confectus
2577 3874 2880 3943 aerumnis,
2908 3875 3181 3933 decessit.

2564 3992 2806 4047 EODEM
2863 3993 3120 4051 MENSE.

2654 4108 2758 4164 Die
2808 4109 3061 4181 septima

2010 4219 2111 4275 99
2203 4220 2487 4277 Certamen
2561 4230 3273 4347 sanctogumkmartyrum
3346 4222 3531 4293 Sergiz'
3615 4229 3667 4276 et

2802 4311 2895 4347 acc
2935 4311 2974 4347 ι.

2802 4311 2974 4349 αοοηι.

2083 4415 2318 4487 Sergius
2350 4422 2408 4470 et
2454 4417 2737 4485 Bacchus,
2794 4417 3038 4488 gloriosi
3073 4417 3290 4474 Christi
3348 4419 3665 4487 martyres,

268 4519 420 4573 τυρες,
453 4504 712 4577 ὑπῆρχον
743 4501 829 4555 ἐπὶ
865 4503 1206 4574 Μαξιμιανοῦ
1233 4506 1331 4557 τοῦ
1384 4502 1677 4576 βασιλέως,
1708 4504 1903 4579 ὡραῖοι

2015 4504 2365 4559 Maximiano
2395 4504 2754 4576 imperatore
2785 4505 3072 4574 claruere,
3124 4507 3355 4579 egregia
3401 4504 3668 4577 corporis

268 4587 320 4640 τὸ
344 4587 497 4660 εἶδος,
543 4590 634 4645 καὶ
694 4593 774 4662 τῷ
831 4588 1049 4665 βασιλεῖ
1116 4585 1495 4665 περίϐλεπτοι.
1544 4593 1604 4650 Ὁ
1640 4592 1735 4665 μὲν
1766 4595 1903 4667 Σέρ·

270 4697 368 4747 γιος
441 4680 826 4756 πριμικήριος·
888 4681 916 4734 ὁ
992 4676 1049 4734 δὲ
1114 4681 1339 4754 Βάκχος
1410 4677 1658 4756 δεύτερος
1718 4680 1901 4736 αὐτοῦ’

272 4763 574 4844 ’Ᾱμφότεροι
609 4766 665 4823 δὲ
708 4763 983 4838 εὐλαϐεῖς,
1040 4768 1132 4823 καὶ
1182 4763 1471 4842 σεϐόμενοι
1521 4772 1612 4824 τὸν
1645 4771 1902 4841 Χριστόνο

275 4853 356 4905 Διὰ
376 4858 531 4910 τοῦτο
560 4856 651 4909 καὶ
679 4849 1066 4924 διαϐληθέντες
1122 4858 1201 4927 τῷ
1261 4854 1499 4930 βασιλεῖ,
1530 4857 1903 4931 ἠναγκάζοντο

276 4931 405 4996 θῦσαι
430 4950 546 5006 τοῖς
580 4940 858 5005 εἰδώλοις.
920 4942 1025 4999 Καὶ
1086 4944 1163 5016 μὴ
1210 4942 1651 5018 καταδεξάμενοι,
1684 4950 1903 5021 πρῶτον

283 5026 359 5098 μὶν
405 5032 749 5109 ἀφῃρέθησαν
805 5035 914 5085 τῶν
973 5032 1299 5105 ἀξιωμάτων
1376 5034 1574 5102 αὐτῶν,
1650 5036 1738 5089 καί
1796 5040 1904 5090 τῶν

285 5120 579 5183 μανιακίων.
657 5118 755 5173 Καὶ
813 5120 913 5187 τήν
998 5119 1258 5196 ἀνὸρικὴν
1316 5119 1619 5185 ἐκδυθέντες
1678 5122 1902 5195 στολὴν,

281 5200 569 5278 ἐνεδόθησαν
598 5207 790 5280 ἱμάτια
844 5214 1124 5281 γυναικεῖα
1182 5207 1552 5283 δημευόμενοι
1611 5212 1775 5277 μέσον
1801 5214 1901 5281 τῆς

277 5290 479 5357 κόΑεως.
508 5298 736 5352 Ἔπειτα
793 5292 1146 5374 ἐπέμφθησαν
1206 5299 1342 5372 πρὸς
1395 5299 1486 5354 τὸν
1537 5306 1638 5369 τῆς
1696 5299 1903 5376 Αὐγου-

280 5384 592 5447 στουπόλεως
645 5384 910 5460 ἄρχοντα,
969 5384 1055 5440 ἐπὶ
1104 5390 1184 5459 τῷ
1239 5388 1365 5462 παρ’
1448 5387 1652 5444 ἐκείνου
1723 5411 1899 5464 τιμω-

283 5479 503 5541 Ρηθῆναι.
566 5474 715 5531 Κατὰ
789 5470 846 5528 δὲ
899 5474 1001 5542 τήν
1061 5471 1185 5529 ὁδὸν
1238 5475 1546 5551 περιεπάτει
1595 5474 1897 5553 ἔμπροσθεν

282 5556 424 5617 αὐτῶν
452 5561 683 5639 ἄγγελος
712 5566 812 5618 τοῦ
859 5566 1016 5637 Θεοῦ,
1070 5560 1286 5640 ὁδηγῶν
1334 5563 1548 5630 αὐτούς.
1608 5567 1737 5623 Εἶτα
1791 5588 1897 5624 πα-

2012 4592 2204 4648 forma
2228 4593 2483 4665 praaditi,
2513 4599 2571 4649 et
2600 4594 2907 4666 spectabili
2950 4596 3105 4667 apud
3159 4596 3433 4652 eumdem
3478 4594 3669 4666 impe-

2013 4687 2271 4737 ratorem
2304 4682 2456 4740 loco.
2486 4683 2719 4756 Sergius
2777 4685 2938 4739 enim
2992 4685 3369 4757 primicerius
3415 4691 3559 4752 erat,
3610 4687 3673 4738 et

2014 4771 2276 4825 Bacchus
2306 4772 2379 4826 ab
2405 4772 2533 4843 ipso
2582 4773 2881 4829 secundus
2920 4790 2933 4830 :
2968 4780 3218 4847 uterque
3276 4781 3475 4831 autem
3507 4774 3669 4845 pius,

2015 4866 2072 4914 et
2114 4860 2410 4915 Christum
2467 4862 2687 4918 colens.
2724 4864 3121 4932 Quamobrem
3163 4863 3341 4920 delati
3373 4862 3448 4919 ad
3477 4863 3670 4932 impe-

2012 4954 2292 5017 ratorem,
2329 4950 2505 5006 idolis
2537 4926 2873 5008 sacriﬁcare
2906 4954 3365 5025 compelluntur.
3394 4952 3505 5007 Sed
3534 4967 3671 5005 cum

2013 5038 2085 5093 ad
2116 5038 2174 5093 id
2207 5039 2417 5094 adduci
2452 5041 3067 5113 nequirent,primum
3090 5044 3333 5114 quidem
3365 5041 3673 5114 dignitate,

2016 5131 2244 5198 torque,
2281 5133 2340 5183 et
2367 5128 2522 5182 virili
2564 5134 2696 5201 toga
2745 5130 3077 5201 spoliantur
3106 5148 3117 5187 :
3148 5131 3361 5189 deinde
3395 5128 3671 5186 muliebri

2015 5216 2165 5270 stola
2209 5216 2653 5288 induti,perque
2686 5217 2894 5274 urbem
2917 5220 3327 5285 circumducti,
3360 5221 3681 5276 mittuntur

2012 5303 2085 5359 ad
2104 5305 2580 5377 AugustOpoleos
2602 5307 3122 5378 praefectum,utab
3137 5328 3205 5367 eo
3228 5316 3670 5383 torquerentur.

2012 5394 2076 5448 In
2113 5393 2327 5448 itinere
2356 5411 2499 5450 vero
2530 5395 2782 5467 prmibat
2820 5396 2938 5453 illis
2966 5399 3211 5473 angelus
3241 5401 3363 5456 Dei.
3394 5398 3669 5457 Perducti

2009 5482 2189 5555 igitur
2213 5480 2286 5536 ad
2316 5484 2955 5554 prmfectum,Bacchus
2972 5488 3136 5560 prior
3156 5492 3479 5548 certamine
3498 5494 3666 5556 inito,

2018 5573 2080 5629 in
2111 5571 2256 5644 ipsis
2287 5575 2601 5631 tormentis
2621 5580 2893 5633 mortuus
2911 5578 3268 5635 est:deinde
3299 5579 3661 5653 Sergiuscal'
