4042 6206
310 292 388 353 95

1631 284 2079 351 ΜΕΝΟΒΟΘΙΙί
2115 287 2315 349 PARS
2358 290 2407 352 Ι.

3648 286 3726 347 96

315 422 642 481 ceamentis
664 421 1040 494 ferreis,quae
1070 421 1149 478 ad
1167 421 1348 494 pedes
1374 421 1563 478 acutis
1593 421 1772 477 clavis
1789 419 1968 476 afﬁxa

2087 421 2372 495 ραστάντις
2426 421 2508 491 τῷ
2563 416 2812 493 ἄρχοντι,
2842 418 3060 491 πρῶτος
3114 416 3143 471 ὁ
3202 413 3418 491 Βάκχος
3459 416 3724 491 ἀγωνισά-

313 517 484 568 erant
512 511 779 581 indutus,
811 515 870 567 et
923 528 1164 568 currere
1212 515 1472 583 coactus,
1530 510 1725 584 gladio
1778 511 1962 566 vitam

312 602 524 664 ﬁnivit.

954 901 1175 958 Eodem
1233 903 1328 958 die

458 1020 612 1075 100
670 1020 958 1076 Certamen
1015 1026 1214 1076 sanctae
1270 1022 1530 1091 martyris
1562 1020 1823 1090 Pelagia.

385 1135 621 1208 Pelagia
653 1140 879 1209 martyr
908 1154 978 1192 ex
1020 1136 1165 1193 urbe
1211 1138 1388 1193 Tarso
1444 1137 1556 1193 fuit
1601 1137 1969 1210 temporibus

322 1224 674 1280 Diocletiani
706 1225 1102 1296 imperatoris.
1162 1226 1306 1281 Cum
1364 1232 1562 1282 autem
1611 1228 1815 1285 Clinus
1844 1226 1967 1298 epi-

321 1330 537 1384 scopus
566 1314 787 1369 multos
818 1331 887 1369 ex
920 1315 1135 1370 Gracia
1166 1314 1505 1387 baptizaret,
1539 1318 1669 1390 ipsa
1692 1319 1837 1373 vidit
1865 1335 1972 1390 per

312 1403 573 1474 quietem
606 1404 948 1475 episcopum
968 1420 1030 1459 se
1043 1404 1117 1459 ad
1146 1404 1509 1475 baptismum
1532 1406 1968 1468 adhortantem.

314 1492 504 1556 Quare
535 1492 721 1562 petita
748 1508 783 1546 a
810 1498 997 1547 matre
1024 1493 1286 1560 venia,ut
1313 1495 1606 1551 nutricem
1626 1495 1738 1551 sibi
1760 1513 1973 1553 conve-

316 1580 447 1634 nire
473 1579 700 1647 liceret,
733 1580 878 1636 adiit
907 1582 1270 1653 episcopum,
1301 1588 1359 1639 et
1388 1584 1679 1655 baptizata
1693 1592 1819 1654 est;
1853 1591 1975 1641 tra-

318 1670 560 1740 ditaque
617 1674 753 1740 past
798 1669 1161 1741 baptismum
1192 1688 1320 1742 sua,
1355 1690 1534 1744 quam
1566 1675 1879 1747 episcopus
1907 1676 1971 1731 in

2077 531 2237 585 μενος
2303 508 2353 564 ἐν
2430 507 2617 570 αὐταῖς
2696 512 2817 570 ταῖς
2875 506 3133 582 βασάνοις
3188 503 3469 570 ἀπέθανεν.
3543 506 3605 564 '0
3667 503 3725 562 δέ

2071 601 2295 675 Σέργιος
2331 595 2647 671 ὑποδήμασι
2679 593 2929 671 σιδηροῖς
2987 595 3123 668 μετᾶ
3176 595 3327 665 ἢλων
3378 593 3542 666 ὀξέων
3597 593 3726 659 τοὺς

2067 682 2241 751 πόδας
2284 684 2650 757 ωθηλωθεὶς,
2715 684 2806 739 καὶ
2879 684 3097 759 τρέχειν
3160 683 3533 758 ἀναγκασθεὶς,
3582 684 3727 758 ξίφει

2071 774 2396 847 ἐτελειώθη.

2665 891 2751 964 Τῇ
2781 887 2919 963 αὖτῆ
2949 887 3133 964 ἡμέρᾳ

2282 981 2555 1050 ’ΔθΛησις
2583 984 2689 1048 τῆς
2716 977 2872 1053 ἁγίας
2909 979 3186 1054 μάρτυρος
3213 976 3514 1055 Πελαγίας.

2141 1066 2387 1145 Πελάγία
2415 1070 2451 1138 ἡ
2485 1068 2689 1141 μάρτυς
2749 1067 2996 1142 ὑπῆρχεν
3053 1065 3141 1121 ἐπὶ
3184 1064 3582 1136 Διοκλητιανοῦ
3635 1069 3733 1121 τοῦ

2076 1157 2348 1232 βασιλέως
2408 1156 2468 1212 ἐκ
2519 1163 2619 1226 τῆς
2665 1155 2884 1220 πόλεως
2940 1158 3176 1232 Ταρσοῦ.
3232 1155 3435 1211 Κλίνου
3494 1152 3555 1210 δὶ
3635 1158 3731 1211 τοῦ

2072 1247 2371 1303 ἐπισκόπου
2429 1243 2678 1307 πολλοὺς
2733 1250 2843 1301 τῶν
2907 1243 3194 1317 Ἐλλήνων
3257 1246 3640 1322 βαπτίζοντος,
3694 1248 3727 1317 ἡ

2074 1336 2197 1412 ἁγία
2229 1334 2478 1411 Πελαγία
2513 1335 2615 1411 όρᾷ
2642 1336 2760 1389 κατ’
2790 1329 2921 1411 ὄναρ
2971 1341 3298 1410 χαρακτῆρα
3351 1338 3448 1390 τοῦ
3507 1333 3731 1391 ἐπισκό-

2072 1446 2179 1481 που
2211 1424 2626 1501 παρακαλοῦντα
2690 1422 2860 1493 αὐτὴν
2924 1424 3061 1497 πρὸς
3143 1424 3208 1478 τὸ
3270 1424 3552 1499 βάπτισμα
3635 1423 3730 1480 Καὶ

2076 1514 2341 1586 αἰτήσασα
2367 1514 2467 1582 τὴν
2498 1512 2727 1587 μητέρα,
2774 1513 2849 1575 ὡς
2874 1510 2941 1583 δὴ
3001 1514 3141 1587 πρὸς
3170 1514 3270 1582 τὴν
3317 1512 3521 1589 τροφὸν
3551 1512 3727 1569 ἀπελο

2078 1607 2210 1674 θεῖν,
2255 1603 2472 1672 ἀπῆλθε
2531 1602 2668 1677 πρὸς
2720 1601 2814 1657 τὸν
2876 1600 3196 1673 ἐπίσκοπον,
3254 1600 3349 1657 καὶ
3408 1595 3734 1672 ἐϐαπτίσθη.

2077 1692 2177 1747 Καὶ
2214 1692 2349 1764 μετά
2391 1690 2455 1746 τὸ
2518 1692 2899 1766 βαστισθῆναι,
2956 1687 3161 1746 δέδωκε
3189 1695 3270 1763 τῷ
3301 1689 3581 1764 ἐπισκόπῳ
3605 1696 3609 1701 ’
3634 1690 3734 1759 τὴν
3794 1704 3805 1705 ί

319 1774 612 1830 pauperes
636 1764 926 1830 erogaret,
959 1760 1201 1815 maximi
1231 1762 1403 1832 pretii
1436 1762 1606 1830 stola,
1666 1764 1844 1819 rediit
1898 1764 1970 1819 ad

2087 1760 2384 1855 πολύτιμον
2413 1760 2582 1850 αὐτῆς
2637 1779 2842 1849 στολὴν
2881 1778 3069 1836 δοῦναι
3100 1786 3222 1844 τοῖς
3244 1760 3530 1856 πτωχοῖς.
3588 1780 3735 1837 Μετά

318 1852 592 1914 matrem,
626 1863 757 1917 quas
790 1847 975 1903 ﬁliam
1012 1849 1073 1903 in
1104 1850 1179 1903 vii
1220 1865 1288 1905 ac
1336 1851 1574 1907 sordida
1629 1857 1787 1908 veste
1818 1869 1967 1909 con-

314 1937 560 2008 spicata,
594 1952 663 1992 ea
693 1953 1071 2009 nequaquam
1105 1940 1390 2009 admissa,
1418 1943 1483 1997 in
1513 1942 1721 1998 ﬂetum
1753 1944 1966 2015 erupit,

312 2031 369 2080 et
399 2041 748 2097 properans,
784 2026 909 2081 ﬁlio
967 2027 1342 2096 Diocletiani,
1376 2032 1476 2103 qui
1526 2031 1638 2087 sibi
1670 2033 1967 2106 Pelagiam

313 2113 714 2184 desponderat
742 2131 1010 2184 uxorem,
1042 2117 1324 2173 indicavit
1360 2120 1525 2176 illam
1581 2121 1657 2177 ad
1686 2122 1970 2178 Christia-

312 2218 531 2258 norum
563 2219 733 2259 sacra
751 2205 1088 2261 transiisse.
1112 2207 1277 2272 Quod
1323 2226 1459 2265 cum
1516 2211 1782 2267 audisset
1827 2212 1967 2268 ado-

311 2284 545 2347 lescens
576 2291 778 2348 dolore
800 2294 1249 2364 perculsus,sibi
1268 2313 1509 2353 manum
1532 2299 1971 2364 intulit.Quam-

312 2380 519 2436 obrem
549 2382 952 2439 Diocletianus
999 2385 1129 2455 ejus
1185 2392 1372 2457 pater,
1404 2387 1494 2443 ira
1521 2389 1801 2446 adversus
1832 2409 1968 2448 san-

309 2474 466 2525 ctam
497 2486 804 2537 accensus,
818 2479 1150 2544 correptam
1164 2474 1348 2545 jussit
1369 2476 1671 2535 bovimneo
1699 2479 1967 2553 subjecto

309 2558 445 2629 igne
476 2556 703 2614 includi
731 2563 789 2614 et
820 2560 1094 2617 cremari.

878 2703 1121 2759 EODEM
1152 2706 1404 2765 MENSE.

967 2819 1069 2877 Die
1092 2826 1296 2879 octava

318 2932 463 2987 τοι
574 2931 1024 3015 Commemoratio
1119 2939 1349 3015 αιιενὶιέε
1438 2947 1644 2998 sancta:
1725 2943 1968 3015 Pelagia:

812 3008 1046 3077 virginis
1090 3012 1467 3068 Antiocheam.

388 3146 605 3203 Sancta
635 3149 890 3223 Pelagia,
923 3153 1282 3210 Numeriano
1314 3156 1669 3230 imperante,
1700 3159 1763 3215 in
1820 3160 1968 3216 urbe
2001 3133 2046 3200 (ἶ
2092 3117 2401 3230 DIE?“

320 3235 515 3307 Syriae
540 3237 861 3296 Antiochia
914 3258 1145 3298 summo
1179 3244 1309 3300 loco
1342 3251 1485 3302 nata
1513 3252 1640 3315 est;
1678 3262 1856 3320 quam
1888 3247 1992 3304 ubi

321 3324 488 3380 urbis
523 3326 839 3397 praefectus
892 3329 1290 3389 Christianam
1350 3350 1478 3390 esse
1526 3335 1752 3408 didicit,
1812 3338 1996 3393 mittit

325 3414 687 3487 milites,qui
722 3432 851 3473 eam
884 3422 1480 3491 comprehenderent.
1501 3424 1646 3480 Cum
1676 3425 1857 3499 igitur
1879 3427 1989 3482 mi-

325 3502 467 3560 lites
492 3505 803 3577 abiissent,
840 3513 902 3563 et
931 3510 1173 3566 domum
1207 3512 1335 3583 ejus
1374 3513 1838 3588 circumquaque
1898 3516 1997 3573 ob-

336 3593 730 3663 sedissent,ut
762 3597 927 3652 illam
953 3606 1268 3671 raperent;
1304 3601 1363 3655 id
1395 3609 1600 3660 sancta
1629 3606 1993 3677 conspicata,

336 3683 578 3751 rogavit,
611 3688 678 3737 ut
705 3685 1013 3754 paululum
1042 3694 1473 3760 exspectarent,
1495 3691 1686 3749 donec
1730 3694 1992 3751 vestibus

336 3769 549 3824 induta
578 3771 989 3831 descenderet.
1013 3776 1138 3832 Illis
1168 3795 1302 3834 vero
1324 3782 1995 3857 annuentibus,Pelagia

339 3862 534 3913 erecto
566 3875 832 3931 corpore,
851 3867 1028 3933 atque
1060 3866 1135 3919 ad
1166 3868 1457 3923 orientem
1482 3870 1545 3925 in
1576 3886 1668 3941 eo,
1692 3870 1793 3926 ubi
1823 3889 1992 3929 orare

338 3954 742 4017 consueverat,
771 3949 902 4005 loco
934 3969 1237 4022 conversa,
1292 3958 1569 4014 manibus
1600 3960 1905 4032 oculisque
1930 3963 1993 4017 in

339 4034 552 4091 cmlum
584 4037 855 4108 sublatis,
880 4040 1102 4097 diutius
1133 4051 1373 4114 precata
1430 4047 1613 4103 Deum
1661 4055 1771 4115 est,
1803 4066 1878 4106 ne
1930 4051 1993 4107 in

339 4124 596 4180 militum
621 4133 972 4198 potestatem
1002 4133 1361 4201 veniret,sed
1382 4141 1702 4209 antequam
1714 4156 1993 4212 compre-

341 4213 724 4288 henderetur,
760 4223 921 4276 casta
951 4225 1010 4275 et
1034 4238 1182 4293 pura
1201 4223 1275 4279 ad
1298 4224 1493 4297 ipsum
1522 4228 1821 4301 migraret.
1859 4232 1996 4288 Hinc

338 4321 474 4361 cum
506 4304 771 4379 dixisset,
806 4325 986 4381 seque
1017 4310 1209 4383 ipsam
1240 4313 1488 4371 honeste
1537 4320 1992 4392 composuisset,

339 4396 615 4466 spiritum
647 4397 896 4455 Domino
929 4400 1522 4462 tradidit.Praefectus
1551 4422 1687 4463 vero
1718 4423 1839 4465 una
1856 4426 1990 4467 cum

338 4485 483 4551 suis,
517 4501 586 4541 ea
614 4501 677 4543 re
708 4489 962 4562 cognita,
991 4489 1317 4565 obstupuit,
1342 4497 1403 4549 et”
1421 4495 1672 4553 miratus
1700 4501 1808 4554 est.

997 4634 1225 4691 Eodem
1240 4635 1338 4693 die

340 4752 493 4809 102
598 4754 1048 4812 Commemoratio
1119 4766 1319 4839 sancto:
1402 4764 1637 4837 Pelagine
1708 4769 1992 4839 quondam

1011 4833 1333 4889 meretricis.

411 4932 833 4990 Sanctissimus
864 4935 1193 4992 Antiochiae
1225 4954 1456 5012 magnai
1500 4942 1835 5013 patriarcha
1864 4965 1990 5005 coe-

338 5022 424 5096 git
452 5023 774 5097 aliquando
808 5024 1181 5082 subditorum
1216 5026 1327 5083 sibi
1351 5029 1761 5104 episcoporum
1789 5038 1987 5094 conci-

340 5112 488 5168 lium
538 5113 613 5169 ob
674 5114 972 5186 quoddam
1025 5116 1494 5175 ecclesiasticum
1556 5123 1872 5194 negotium.
1922 5128 1991 5185 In

341 5212 545 5258 eorum
577 5220 825 5260 numero
872 5204 985 5260 fuit
1014 5208 1075 5260 et
1125 5202 1369 5263 Nonnus
1408 5216 1646 5266 sanctus
1678 5213 1990 5289 episcopus

338 5293 438 5365 qui
470 5298 607 5348 cum
635 5286 923 5366 populum
946 5294 1203 5363 doceret,
1229 5300 1286 5352 et
1313 5296 1549 5371 Pelagia
1564 5286 1989 5365 meretrixcum

292 5416 297 5417 ν
339 5386 462 5437 toto
495 5388 599 5439 su’o
633 5388 844 5439 ornatu
858 5378 1990 5461 pr‘zet’eriretJapidi‘buspre‘tiosis,mar-

338 5470 562 5544 garitis,
613 5468 791 5545 atque
847 5478 991 5553 aur‘o
1048 5478 1281 5541 onusta,
1339 5473 1761 5552 luxuriosoque
1809 5485 1997 5543 totius

336 5559 607 5635 corporis
631 5561 795 5618 curm
830 5552 1083 5620 {adhaic’
1134 5562 1298 5620 tanta
1327 5566 1769 5638 unguentorum
1817 5574 1989 5646 copia

2074 1876 2245 1928 ταῦτα
2267 1868 2577 1926 ἀπελθοῦσα
2606 1870 2743 1943 πρὸς
2790 1870 2888 1939 τὴν
2955 1871 3190 1945 μητέρα,
3229 1869 3327 1926 οὐκ
3381 1868 3579 1946 ἐδέχθη
3607 1860 3734 1945 παρ’

2075 1960 2261 2030 αὐτῆς.
2297 1958 2451 2017 Ἀλλ’
2478 1956 2665 2014 ῐδοῦσα
2696 1958 2862 2029 αὐτῆς
2875 1963 2975 2028 τήν
2998 1960 3261 2029 ταπεινὴν
3286 1956 3732 2035 στολὴνβκλαιε,

2074 2050 2163 2107 καὶ
2186 2048 2494 2126 δραμοῦσα,
2536 2046 2830 2125 ἀνήγγειλε
2883 2053 2964 2121 τῷ
3021 2050 3126 2122 υἱῷ
3184 2051 3599 2121 Διοκλητιανοῦ,
3656 2052 3738 2120 τῷ

2076 2139 2286 2205 θέλοντι
2318 2140 2488 2208 αὐτὴν
2523 2137 2601 2199 είς
2660 2143 2913 2207 γυναῖκα,
2970 2138 3219 2210 εἰποῦσα,
3260 2139 3346 2194 ’ὁτι
3387 2137 3579 2215 γέγονε
3611 2141 3742 2213 Χρι-

2075 2229 2266 2298 στιανή
2296 2231 2331 2299 ἡ
2365 2226 2633 2303 Πελαγία.
2665 2228 2726 2285 Ὀ
2758 2225 2816 2283 δὲ
2869 2228 3122 2300 ἀκούσας,
3178 2228 3270 2284 καὶ
3320 2226 3603 2300 λυπηθεὶς,
3659 2228 3736 2297 τῷ

2075 2317 2198 2393 ἰδίῳ
2258 2317 2397 2396 ξίφει
2453 2318 2646 2373 ἐαυτὸν
2707 2319 2937 2376 ἀνεῖλεν.
3010 2319 3320 2394 Ὀργισθεὶς
3361 2315 3418 2374 δὲ
3474 2318 3501 2372 ὁ
3559 2315 3738 2392 πατὴρ

2072 2408 2236 2464 αύτοῦ
2273 2406 2670 2478 Διοκλητιανὸς
2734 2406 2871 2463 κατά
2922 2410 3024 2477 τῆς
3081 2408 3263 2485 ἁγίας,
3320 2408 3411 2464 καὶ
3467 2407 3739 2481 κρατήσας

2074 2496 2264 2566 αὐτὴν,
2296 2490 2546 2551 ἐνέϐαλεν
2598 2496 2677 2559 εἱς
2718 2494 2969 2570 χαλκοῦν
3028 2497 3157 2566 βοῦν
3192 2496 3590 2574 ἐκπυρωθέντα,
3648 2492 3741 2550 καὶ

2068 2578 2287 2640 ἔκαυσε.

2636 2670 2813 2730 ΜΗΝΙ
2842 2673 2933 2729 ΤΩ
2964 2676 3159 2732 ΑΥΤΩ.

2075 2850 2282 2924 Μνήμη
2315 2847 2500 2925 ἐτέρας
2533 2848 2686 2925 ἁγίας
2726 2764 2999 2927 Πελαγῗας
3055 2858 3159 2923 τῆς
3213 2852 3503 2928 παρθένου,
3547 2857 3650 2921 τῆς
3675 2847 3731 2904 ἐν

2749 2938 3084 3015 Ἀντιοχείᾳ.

2447 3114 2708 3192 Πελαγία,
2767 3122 3015 3196 υπῆρχεν
3075 3120 3164 3177 ἐπὶ
3220 3124 3596 3196 Νουμεριανοῦ
3649 3123 3745 3175 τοῦ

2091 3205 2361 3281 βασιλέως
2418 3206 2522 3260 ἀπὸ
2580 3206 2921 3283 Ἀντιοχείας
2977 3215 3078 3281 τῆς
3144 3210 3361 3285 Συρίας,
3436 3211 3624 3285 γένους
3671 3208 3749 3265 ἐν·

2088 3292 2266 3368 δόξου.
2330 3293 2532 3352 Μαθὼν
2588 3291 2646 3349 δὶ
2703 3295 2732 3350 ὁ
2782 3294 2970 3373 ἅρχων
3022 3305 3127 3369 τῆς
3177 3298 3418 3371 πόλεως,
3477 3298 3561 3355 ὅτι
3620 3304 3746 3373 Χρι-

2088 3385 2275 3454 στιανή
2329 3381 2495 3450 ἐστιν,
2554 3383 2838 3441 ἀπέστειλε
2919 3389 3258 3464 στρατιώτας
3329 3391 3429 3444 τοῦ
3484 3394 3748 3464 κρατῆσαι

2091 3474 2283 3544 αὐτήν.
2333 3472 2401 3530 Ol
2490 3469 2549 3526 δὶ
2604 3471 2934 3538 ἀπελθόντες
2984 3476 3426 3551 περιεκύκλωσαν
3452 3478 3544 3534 τὸν
3602 3478 3750 3532 οῖκον

2089 3562 2280 3632 αὐτῆς,
2319 3560 2650 3637 βουλόμενοι
2701 3567 2799 3617 τοῦ
2847 3564 3083 3641 ἁρπάσαι
3124 3567 3316 3638 αὐτήν.
3377 3568 3636 3632 Μαθοῦσα
3690 3562 3748 3621 δέ

2087 3655 2254 3707 τοῦτο
2296 3653 2332 3721 η
2395 3651 2546 3725 ἁγία,
2605 3651 2939 3725 παρεκάλεσε
2999 3656 3192 3731 μικρὸν
3245 3660 3579 3731 περιμεῖναι,
3643 3652 3748 3717 ἕως

2092 3739 2154 3797 ἄν
2188 3738 2521 3815 ἐνδυσαμένη
2569 3739 2823 3813 κατέλθῃ.
2884 3744 3008 3800 Τῶν
3059 3741 3118 3800 at
3172 3746 3489 3801 πεισθέντων
3540 3744 3629 3800 ἐπὶ
3674 3747 3743 3819 τῇ

2093 3829 2409 3906 ὑποσχέσει,
2469 3827 2643 3900 ἐκείνη
2705 3831 2956 3887 σταθεῖσα
3006 3834 3145 3907 πρὸς
3228 3833 3498 3897 ἀνατολὰς
3556 3834 3608 3890 ἐν
3669 3836 3748 3907 τῷ

2089 3921 2268 3993 τόπῳ,
2338 3918 2390 3974 έν
2469 3921 2516 3993 ᾧ
2591 3916 2748 3975 εἷ’ωθε
2801 3922 3222 3998 προσεύχεσθαι,
3291 3923 3601 3980 ἀνατείνασα
3655 3922 3749 3987 τὰς

2091 4013 2305 4084 χεῖρας,
2364 4009 2456 4063 καὶ
2501 4010 2631 4070 τοὺς
2689 4006 3012 4087 ὀφθαλμοὺς
3045 4009 3218 4085 ἄρασα
3273 4012 3349 4075 εἷς
3377 4014 3468 4069 τὸν
3501 4012 3748 4086 οὐρανὸν,

2090 4097 2440 4170 προσηύξατο
2473 4095 2711 4152 ἐπιπολὺ
2742 4099 2880 4173 πρὸς
2943 4102 3036 4154 τὸν
3064 4101 3214 4173 Θεὸν,
3267 4103 3344 4175 μὴ
3377 4099 3748 4175 παραδοθῆναι

2089 4191 2210 4249 τοῖς
2243 4186 2622 4261 στρατιώταις,
2671 4184 2818 4241 ἀλλά
2875 4187 2982 4261 πρὸ
3037 4194 3139 4245 τοῦ
3196 4198 3555 4267 κρατηθῆναι,
3611 4191 3751 4267 πρὸς

2092 4275 2255 4331 αὐτὸν
2285 4275 2541 4331 ἀπελθεῖν
2572 4276 2705 4352 ἁγνὴ
2739 4279 2831 4331 καὶ
2860 4278 3088 4353 καθαρά.
3147 4282 3254 4337 Καὶ
3308 4284 3474 4338 ταῦτα
3503 4280 3751 4355 εΐποῦσα,

2092 4365 2183 4421 καὶ
2211 4369 2422 4438 σεμνῶς
2471 4365 2851 4440 περιστείλασα
2882 4367 3100 4440 ἑαυτὴν,
3139 4369 3420 4446 παρέδωκε
3446 4376 3509 4427 τὸ
3538 4375 3750 4445 πνεῦμα

2018 4495 2067 4561 D
2092 4458 2174 4561 τῖρ
2203 4452 2648 4561 Κυρίῳκξαθὼν
2689 4452 2971 4561 ὶδξλταῦτα
2999 4459 3027 4513 ὁ
3077 4455 3266 4534 ἄρχων
3319 4460 3455 4535 μετὰ
3507 4465 3617 4517 τῶν
3653 4459 3746 4517 σὺν

2098 4541 2268 4616 αὐτῷ,
2299 4541 2594 4620 ἐξεπλάγη,
2617 4544 2707 4600 καὶ
2737 4542 3059 4619 ἐθαύμασεν.

2703 4646 2784 4718 Τῇ
2815 4644 2953 4720 αὖτῇ
2983 4646 3165 4723 ἡμέρᾳ

2203 4775 2414 4849 Μνήμη
2440 4780 2541 4845 τῆς
2570 4773 2722 4850 ἁγίας
2753 4774 3026 4851 Πελαγίας
3056 4781 3159 4845 τῆς
3188 4778 3294 4835 ἀπὸ
3331 4777 3638 4856 ἑταιρίδων.

2165 4953 2227 5011 Ὁ
2284 4952 2596 5027 ἀγιώτατος
2648 4954 3000 5030 πατριάρχης
3075 4960 3177 5026 τῆς
3248 4956 3495 5033 μεγάλης
3554 4961 3746 5017 Αντιο-

2096 5042 2249 5103 Χείας
2307 5041 2745 5119 προσεκαλέσατο
2795 5044 2847 5099 ἐν
2893 5050 3012 5109 ταῖς
3059 5046 3294 5123 ἡμέραις
3347 5047 3576 5106 ἐκείναις
3620 5048 3749 5113 τοὺς

2049 5170 2057 5177 .
2099 5131 2185 5185 ὑπ’
2216 5129 2377 5186 αὐτὸν
2404 5131 2752 5205 ἐπισκόπους,
2814 5130 2905 5188 διά
2954 5154 3074 5190 τινα
3107 5136 3299 5211 χρείαν
3356 5136 3749 5210 ἐκκλησιαστι-

2096 5221 2221 5291 κήν.
2253 5219 2342 5276 Ἐν
2376 5222 2459 5283 οἷς
2489 5223 2555 5291 ῆν
2583 5222 2677 5277 καὶ
2707 5223 2905 5282 Νόννος
2931 5224 2960 5279 δ
2993 5224 3142 5287 ὅσιος
3192 5224 3512 5289 ἐπίσκοπος.
3542 5228 3754 5287 Τούτου

2100 5306 2158 5365 δέ
2179 5312 2277 5364 τοῦ
2306 5309 2511 5366 Νόννου
2545 5307 2894 5375 διδάσκοντος
2924 5312 3017 5367 τὸν
3051 5312 3205 5381 λαὸν,
3244 5317 3380 5390 γυνή
3435 5337 3519 5379 τις
3550 5317 3754 5393 πόρνη,

2099 5398 2276 5473 ὄνομα
2312 5397 2572 5475 Πελαγία,
2632 5397 2897 5477 διήρχετο
2956 5403 3092 5475 μετᾶ
3144 5407 3243 5459 τοῦ
3292 5402 3508 5478 όψικίου
3561 5405 3755 5478 αὐτῆς,

2095 5487 2453 5562 κοσμουμένη
2535 5488 2732 5561 λίθοις,
2786 5490 2877 5546 καὶ
2938 5490 3325 5569 μαργαρίταις,
3390 5493 3479 5550 καὶ
3534 5500 3749 5571 χρυσῷ,

2096 5577 2184 5632 καὶ
2207 5580 2277 5651 τῇ
2305 5575 2476 5654 λοιπῇ
2508 5579 2786 5657 φαντασίᾳ·
2822 5581 2898 5645 ὡς
2931 5581 3022 5636 καὶ
3075 5581 3167 5638 τὸν
3214 5582 3345 5658 ἀέρα
3400 5579 3751 5659 πληροῦσθαι
