4030 6196
420 404 486 464 9-,
1826 393 2215 459 OCTOBER.
3654 415 3734 474 98

414 535 563 606 μύρου.
613 533 706 581 Τῶν
757 525 939 581 ἄλλων
999 524 1093 580 οὖν
1150 526 1458 580 ἐπισκόπων
1520 527 1966 602 ἀποπρεψάντων

2090 531 2342 601 perfusa,
2378 541 2438 590 ut
2471 553 2572 591 aer
2594 538 2793 594 odoris
2815 539 3137 612 fragrantia
3160 543 3502 600 inﬁceretur
3529 561 3541 601 ε
3567 553 3735 602 οωῐθ-

403 622 501 682 τοὺς
524 615 829 691 ὀφθαλμοὺς,
867 617 1033 689 μόνος
1063 617 1092 671 ὁ
1123 615 1325 677 Νόννος
1358 610 1584 671 ἶὸλεπεν
1633 616 1799 685 αὕτὴν
1857 616 1981 670 ἀτε-

393 717 491 769 νῶς.
516 708 630 765 Εἶτα
657 705 913 772 κλαύσας,
949 705 1118 774 εἶπεν,
1149 705 1232 759 ’ὸτι
1289 705 1500 775 Ταύτην
1535 706 1562 760 ὁ
1603 707 1730 768 Θεὸς
1784 704 1979 778 μέλλει

381 793 751 874 προσλαϐέσθαι,
807 797 1195 874 φιλάνθρωπος
1258 793 1354 852 ὥν.
1433 798 1532 854 Καὶ
1613 799 1749 870 μετὰ
1813 802 1977 852 τοῦτο

373 886 508 942 πάλιν
562 884 897 947 διδάσκοντος
956 889 1055 940 τοῦ
1113 885 1431 953 ἐπισκόπου,
1491 889 1738 962 ἠκροᾶτο
1797 887 1887 942 καὶ
1942 889 1976 955 ἡ

373 973 576 1048 Πελαγία
617 974 748 1046 μετὰ
799 978 898 1028 τοῦ
956 973 1114 1029 λαοῦ.
1178 974 1274 1028 Καὶ
1328 972 1500 1036 οὕτως
1556 974 1843 1051 κατενύγη,
1903 976 1977 1036 ὡς

358 1066 434 1118 καὶ
485 1066 854 1138 βαπτισθῆναι,
913 1064 1005 1118 καὶ
1060 1061 1243 1118 δοῦναι
1301 1069 1416 1125 τοῖς
1473 1070 1726 1139 πτωχοῖς
1810 1064 1981 1119 πάντα

355 1153 434 1206 τὸν
458 1150 680 1205 πλοῦτον
713 1151 904 1220 αὐτῆς.
953 1155 1083 1208 Εἶτα
1138 1151 1443 1206 ἀπελθοῦσα
1497 1151 1572 1215 είς
1627 1151 1980 1226 Ἰεροσόλυμα

352 1243 428 1298 καὶ
455 1241 700 1315 γενομένη
737 1243 988 1316 μοναχῆ,
1020 1241 1285 1310 τοσαύτην
1319 1238 1447 1316 ἔσχε
1477 1241 1614 1316 πρὸς
1663 1243 1791 1296 Θεὸν
1841 1242 1980 1316 παῤ-

353 1330 646 1408 ῥησίαννὼς
678 1330 770 1384 καὶ
834 1331 1078 1404 θαύματα
1135 1329 1323 1385 πολλὰ
1368 1337 1619 1402 ποιῆσαι,
1677 1330 1768 1385 καὶ
1835 1329 1978 1386 οὕτω

351 1423 702 1489 τελειωθῆναι.

880 1598 1063 1656 nam
1100 1603 1185 1675 To
1223 1600 1422 1673 ΛΥἸᾨ.

1121 1689 1174 1742 Θ.

346 1786 587 1856 Ἀθλησις
646 1789 760 1840 τῶν
816 1785 984 1860 ἀγίων
1071 1784 1360 1912 μαρτύρων
1448 1780 1802 1842 Ἰουϐεντίνου
1885 1784 1975 1840 καὶ

1015 1859 1131 1912 Mai
1163 1879 1295 1912 μου.

1015 1859 1295 1930 Μαξίμου.

400 1949 460 2004 Οἱ
513 1951 606 2002 τοῦ
660 1952 902 2022 Χριστοῦ
961 1947 1224 2023 μάρτυρες
1283 1941 1636 2008 Ἰουϐεντῖνος
1714 1946 1804 2000 καὶ
1860 1948 1975 2001 Μά-

342 2042 499 2108 ξιμος,
558 2036 820 2112 ὑπῆρχον
873 2035 961 2091 ἐπὶ
1043 2041 1152 2091 τῶν
1229 2035 1444 2111 χρόνων
1526 2033 1829 2092 Ἰουλιανοῦ
1884 2040 1980 2090 τοῦ

342 2122 663 2199 Παραϐἀτου,
775 2125 996 2180 ἔνοπλοι
1107 2126 1284 2194 πεζοὶ,
1394 2129 1814 2200 περιπατοῦντας
1894 2124 1980 2179 έν-

342 2214 491 2268 ώπιον
529 2214 716 2285 αὐτοῦ,
781 2214 871 2269 καὶ
928 2214 1283 2288 ἀγαπώμενοι
1336 2216 1464 2288 παρ’
1514 2214 1681 2268 αὐτοῦ
1739 2210 1826 2267 διὰ
1880 2213 1981 2280 τὴν

349 2300 566 2377 ἀνδρείαν
629 2305 818 2359 αὐτῶν
877 2297 1255 2378 Διατρίϐοντος
1311 2300 1368 2357 ὃὶ
1416 2302 1466 2356 έν
1527 2301 1836 2376 Ἀντιοχείᾳ
1881 2308 1983 2370 τῆς

347 2393 541 2464 Συρίας,
601 2395 692 2447 καὶ
772 2393 1164 2467 προσ-τάξαντος
1245 2393 1532 2464 μιανθῆναι
1609 2392 1702 2453 τὰς
1779 2391 1982 2466 πηγὰς,

341 2481 418 2533 καί
444 2483 563 2544 τοὺς
595 2483 912 2554 ποταμοὺς,
971 2481 1057 2536 καὶ
1101 2481 1166 2536 ra
1214 2481 1548 2553 πωλούμενα
1599 2479 1864 2556 βρώματα
1906 2479 1984 2553 τῷ

341 2571 510 2641 αἵματι
541 2575 650 2626 τῶν
695 2574 924 2639 θυσιῶν,
976 2571 1124 2632 ὅπως
1183 2572 1236 2625 οἱ
1295 2569 1582 2645 γευόμενοι
1641 2569 1839 2637 αὐτῶν,
1893 2568 1983 2623 καί

341 2659 408 2730 μὴ
462 2659 712 2723 θέλοντες
777 2662 1053 2735 μετέχωσι
1112 2661 1211 2728 τῆς
1271 2658 1458 2724 θυσίας
1523 2664 1630 2713 τῶν
1713 2656 1980 2713 εἰδώλων·

340 2749 556 2822 ὁρῶντες
614 2751 667 2804 οἱ
734 2751 901 2823 ἅγιοι,
961 2748 1241 2818 έστέναζον
1303 2747 1647 2820 δακρύοντες.
1706 2749 1838 2804 Εἶτα
1894 2747 1982 2802 καὶ

340 2834 733 2911 ἐπὶτραπάζης
789 2838 1092 2910 καθήμενοι
1149 2836 1239 2891 καὶ
1300 2836 1592 2904 ἐσθίοντες,
1653 2837 1980 2908 θερμότερον

337 2921 611 2997 ἔκλαυσαν,
643 2925 740 2982 καὶ
773 2927 922 2981 εἶπον
955 2926 1091 3002 πρὸς
1147 2928 1239 2980 τὸν
1287 2925 1438 2984 Θεόν.
1496 2927 1606 2983 Ἰνα
1661 2924 1735 2994 τί,
1796 2925 1980 2997 Κύριε,

333 3011 636 3086 παρέδωκας
702 3017 851 3087 ἡμᾶς
916 3015 1130 3090 βασιλεῖ
1186 3015 1464 3088 ἀποστάτῃ
1519 3015 1607 3068 καὶ
1677 3013 1983 3088 παρανόμῳ

333 3103 463 3179 παρά
489 3106 671 3158 πάντα
706 3104 773 3158 τὰ
825 3100 1001 3173 ἔθνης
1058 3103 1233 3158 Ταῦτά
1281 3125 1365 3165 τις
1421 3108 1530 3158 τῶν
1587 3104 1979 3177 ὁμοτραπέζων

333 3192 568 3261 ἀκούσας,
599 3194 953 3264 κατεμήνυσε
994 3196 1070 3263 τῷ
1116 3190 1418 3261 ’[ουλιανῷ.
1471 3192 1533 3248 Ὀ
1585 3188 1643 3245 δὲ
1696 3190 1982 3266 ὀργισθεὶς.

2089 620 2170 673 ris
2203 622 2493 695 episcopis
2524 626 2726 681 oculos
2756 626 2828 682 ab
2859 645 2927 684 ea
2957 633 3375 699 avertentibus,
3410 633 3535 705 ipse
3571 636 3733 691 solus

2091 710 2350 767 intentos
2378 715 2439 768 in
2477 732 2605 772 eam
2638 718 2841 773 oculos
2901 719 3106 774 deﬁxit
3154 724 3432 779 Nonnus:
3486 742 3622 780 mox
3672 728 3733 782 in

2089 798 2382 872 lacrymas
2414 806 2608 874 erupit
2639 807 2915 876 inquiens
2943 826 2960 862 :
2994 810 3153 864 Hanc
3181 812 3358 866 etiam
3407 813 3583 883 Deus,
3615 833 3736 887 qua

2089 895 2179 942 est
2208 890 2269 945 in
2301 891 2575 948 homines
2624 895 2963 962 clementia,
3012 899 3310 970 suscipiet.
3362 903 3551 965 Quare
3600 922 3735 959 cum

2090 981 2332 1034 Nonnus
2359 981 2593 1048 docere,
2625 984 2711 1037 uti
2745 985 3106 1050 instituerat,
3166 995 3457 1061 pergeret,
3508 993 3737 1048 audivit

2089 1073 2148 1122 et
2177 1069 2413 1142 Pelagia
2444 1087 2562 1126 una
2620 1089 2752 1127 cum
2811 1075 3068 1145 populo;
3131 1077 3333 1148 sicque
3382 1088 3736 1151 compuncta

2090 1161 2198 1222 est,
2228 1163 2292 1211 ut
2322 1163 2379 1212 et
2409 1159 2823 1230 baptizaretur,
2859 1167 2917 1216 et
2946 1179 3152 1218 omnes
3206 1164 3438 1221 divitias
3491 1185 3626 1223 suas
3671 1171 3732 1225 in

2089 1261 2379 1316 pauperes
2411 1254 2697 1319 erogaret.
2734 1249 2963 1305 Deinde
2998 1252 3406 1324 Hierosolyma
3447 1257 3729 1326 profecta,

2087 1336 2146 1385 et
2175 1334 2571 1389 monasticum
2607 1335 2943 1392 institutum
2974 1339 3268 1410 amplexa,
3301 1346 3524 1397 tantam
3575 1344 3730 1414 apud

2086 1420 2272 1477 Deum
2305 1423 2583 1479 fiduciam
2615 1431 2790 1481 nacta
2832 1431 2922 1481 est
2974 1434 3040 1483 ut
3096 1433 3154 1483 et
3212 1429 3399 1485 multa
3447 1431 3734 1487 miracula

2090 1510 2316 1568 fecerit.
2350 1516 2541 1585 Atque
2572 1515 2654 1572 ita
2679 1517 2950 1588 migravit
2978 1519 3052 1573 ad
3087 1520 3420 1575 Dominum.

2642 1606 2881 1662 EODEM
2919 1609 3062 1663 ΜΕΝ
3069 1609 3169 1664 SE.

2768 1698 2864 1752 Die
2896 1713 3056 1753 nona

2086 1782 2239 1837 108
2272 1781 2558 1838 Certamen
2595 1793 2914 1840 sanctorum
2971 1794 3276 1857 martyrum
3322 1790 3626 1858 Juventim‘,
3680 1798 3733 1846 et

2779 1860 3031 1913 Maximi.

2158 1943 2374 2000 Christi
2399 1950 2690 2015 martyres
2710 1946 3056 2002 Juventinus
3081 1949 3438 2004 etMaximus
3464 1950 3732 2005 claruere

2086 2032 2451 2102 temporibus
2471 2033 2688 2088 Juliani
2712 2036 3115 2104 apostataa,cui
3140 2037 3318 2091 etiam
3350 2037 3462 2091 iter
3487 2038 3729 2093 facienti

2087 2120 2317 2192 pedites
2347 2122 2557 2176 armati
2591 2139 2954 2192 prmcurrere
3003 2124 3159 2178 soliti
3210 2131 3399 2193 erant,
3441 2128 3729 2198 cujusque

2087 2207 2558 2264 benevolentiam
2592 2211 2665 2264 ob
2698 2228 2864 2266 suam
2896 2211 3303 2267 fortitudinem
3330 2215 3737 2270 sibiconcilia-

2087 2303 2242 2352 rant.
2275 2299 2419 2354 Cum
2447 2305 2645 2354 autem
2677 2301 2736 2353 in
2769 2300 2913 2354 urbe
2946 2300 3125 2371 Syria:
3174 2303 3488 2358 Antiochia
3536 2321 3731 2360 versa-

2089 2394 2315 2452 rentur,
2349 2389 2820 2460 imperassetque
2851 2390 2951 2444 ille
3011 2391 3382 2446 victimarum
3439 2395 3725 2462 sanguine

2087 2477 2302 2543 fontes,
2332 2477 2561 2546 ﬂuvios,
2596 2479 2950 2549 venalesque
2983 2479 3145 2534 cibos
3178 2481 3360 2551 pollui
3397 2487 3453 2535 et
3500 2482 3730 2550 fcedari,

2086 2571 2153 2621 ut
2183 2566 2281 2636 qui
2317 2582 2385 2621 ea
2415 2567 2846 2639 degustassent,
2879 2568 2968 2622 vel
2997 2569 3185 2636 inviti,
3221 2569 3496 2625 sacriﬁcii
3546 2571 3734 2626 idolo-

2087 2671 2219 2708 rum
2253 2655 2571 2726 participes
2606 2661 2842 2724 essent;
2878 2656 2988 2710 sibi
3022 2663 3353 2730 temperare
3385 2661 3571 2714 sancti
3617 2678 3737 2715 non

2086 2749 2432 2814 potuerunt,
2466 2745 2610 2815 quin
2643 2744 3124 2817 ingemiscerent,
3159 2753 3216 2801 et
3245 2747 3734 2820 lacrymarentur.

2088 2833 2354 2904 Cumque
2385 2834 2459 2888 ad
2490 2851 2759 2889 mensam
2792 2835 3227 2903 accubuissent,
3254 2841 3376 2891 tum
3402 2855 3535 2892 vero
3563 2839 3738 2894 vehe-

2088 2921 2348 2977 mentius
2381 2922 2817 2994 complorantes
2851 2924 3087 2979 dixere:
3124 2925 3239 2979 Cur
3260 2942 3390 2996 nos,
3423 2926 3596 2994 Deus,
3620 2933 3737 2983 tra-

2089 3011 2292 3066 didisti
2325 3012 2665 3082 imperatori
2699 3018 2981 3084 apostataa
3014 3020 3071 3068 et
3126 3015 3561 3085 prasvaricatori
3613 3035 3732 3087 pra:

2091 3101 2322 3155 caateris
2355 3100 2630 3173 gentibus
2653 3102 2680 3156 ?
2710 3103 2952 3174 Excepit
2981 3103 3107 3158 haec
3133 3103 3310 3159 verba
3340 3105 3441 3176 qui
3472 3106 3738 3176 proxime

2093 3190 2412 3260 assidebat,
2447 3197 2505 3244 et
2535 3191 2748 3244 detulit
2776 3191 2848 3244 ad
2879 3191 3178 3246 Iulianum
3214 3209 3226 3246 :
3261 3193 3384 3263 qui,
3417 3194 3506 3249 ira
3531 3212 3738 3249 escan-

335 3281 516 3343 εὐθέως
550 3263 882 3342 ἀποστείλας
911 3278 1077 3354 ἤγαγε
1103 3279 1230 3341 τοὺς
1281 3280 1467 3353 ἁγίους
1519 3278 1748 3334 ἐνώπιον
1775 3263 1978 3333 αὐτοῦ.

2097 3279 2366 3347 descens,
2399 3280 2598 3333 statim
2628 3287 2862 3334 sanctos
2881 3280 2953 3334 ad
2978 3298 3037 3334 se
3059 3282 3396 3351 perductus,
3417 3284 3739 3343 multisque

337 3370 423 3422 Καὶ
450 3371 693 3432 πολλαῖς
725 3368 921 3430 αὐτοὺς
953 3369 1043 3423 καὶ
1099 3368 1371 3443 χαλεπαῖς
1420 3369 1673 3443 βασανοις
1719 3363 1980 3443 πρότερον

339 3455 647 3526 ὑποϐαλὼν,
676 3460 764 3513 καὶ
809 3461 885 3530 μή
945 3479 1033 3514 πει
1061 3480 1160 3522 σας
1208 3458 1544 3533 ἀρνήσασθαι
1586 3459 1676 3512 τὸν
1729 3459 1981 3531 Χριστὸν,

340 3545 542 3621 ὕστερον
565 3551 670 3610 τὰς
701 3547 940 3624 κεφαλὰς
969 3549 1145 3602 αὐτῶν
1176 3548 1430 3620 ἀπέτεμε.

909 3639 992 3709 Τῇ
1024 3635 1159 3709 αὐτῇ
1191 3637 1395 3711 ἡμέρᾳ-

529 3728 742 3797 Μνήμη
773 3733 872 3794 τῆς
907 3725 1055 3784 όσίας
1086 3725 1340 3786 ΠοπΛίας
1371 3731 1470 3793 τῆς
1502 3721 1774 3778 διακόνου.

412 3814 502 3869 Καὶ
548 3817 587 3884 ἠ
654 3814 775 3888 ἁγία
835 3811 1054 3868 Ποπλια
1110 3812 1197 3868 έπὶ
1244 3812 1551 3869 Ἰουλιανοῦ
1611 3813 1831 3886 ὑπῆρχε
1885 3810 1980 3867 τού

345 3900 676 3973 Παραϐάτου,
723 3905 942 3979 εὐγενής
1008 3903 1101 3975 μὶν
1160 3901 1311 3972 οὖσα,
1361 3901 1608 3963 διάκονος
1652 3898 1709 3956 δὲ
1764 3908 1866 3970 τῆς
1926 3901 1977 3956 έν

345 3991 646 4066 Ἀντιοχείᾳ
697 3999 798 4061 τῆς
858 3992 1057 4067 Συρίας
1101 3989 1448 4061 Ίὼικλησίας⁹
1507 3991 1596 4045 καὶ
1647 3986 1978 4064 περιϐόητος

343 4079 426 4148 μὶν
458 4081 531 4142 εἷς
560 4082 781 4154 ἀρετήν·
816 4083 954 4156 πρὸς
985 4080 1178 4155 ὀλίγον
1216 4078 1272 4135 δὶ
1301 4079 1760 4151 προσομιλήσασα
1791 4081 1979 4153 γάμῳ,

337 4168 414 4220 καὶ
469 4173 773 4245 γεννήσασα
830 4171 1084 4239 Ἰωάννην
1137 4170 1227 4224 τὸν
1307 4169 1608 4243 ἁγιώτατον
1684 4162 1982 4243 πρεσᾷύτε-

335 4275 438 4324 ρον·
498 4256 708 4332 ἔχουσα
765 4255 822 4312 δὲ
879 4259 1048 4333 χορὸν
1135 4259 1437 4331 παρθένων,
1524 4254 1831 4331 έδοξολόγει
1885 4257 1976 4312 τὸν

333 4346 473 4402 Θεόν.
514 4350 602 4403 Ἐν
666 4353 764 4419 μιᾷ
817 4349 906 4402 οὗν
965 4352 1072 4403 τῶν
1131 4350 1354 4421 ἡμερῶν
1419 4346 1634 4422 μεγάλῃ
1693 4351 1762 4420 τῇ
1821 4351 1977 4424 φωνῇ

330 4435 760 4510 στιχολογούσης
790 4437 881 4490 τὸν
915 4437 1135 4510 ψαλμὸν
1191 4439 1282 4491 τὸν
1338 4435 1589 4509 λέγοντα·
1637 4438 1718 4492 Τά
1776 4434 1979 4491 εἴδωλα

327 4526 422 4575 τῶν
493 4524 663 4587 ἐθνῶν
718 4525 1000 4599 ἀργύριον,
1059 4527 1146 4579 καὶ
1231 4525 1480 4599 χρυσίον,
1571 4523 1696 4599 ἔργα
1773 4530 1978 4600 χειρῶν

2093 3384 2159 3422 ac
2188 3367 2330 3421 diris
2364 3368 2673 3420 tormentis
2707 3369 3090 3435 excruciatos,
3127 3385 3259 3423 cum
3319 3369 3391 3423 ad
3436 3371 3739 3441 abnegau-

2090 3456 2231 3510 dum
2289 3455 2588 3508 Christum
2642 3455 2777 3510 illos
2834 3456 3115 3512 inducere
3188 3458 3484 3528 nequiret,
3545 3460 3734 3530 capite

2090 3544 2431 3600 obtruncari
2462 3545 2781 3600 mandavit.

2738 3633 2960 3689 Eodem
2993 3633 3087 3690 die

2168 3724 2321 3779 τοι
2355 3723 2807 3779 Commemoratio
2835 3731 3035 3779 sanctae
3069 3725 3275 3780 Publiav
3306 3723 3650 3781 diaconissae.

2160 3812 2373 3867 Sancta
2402 3829 2638 3884 quoque
2673 3813 2882 3868 Publia
2914 3814 3283 3885 temporibus
3321 3814 3540 3870 Iuliani
3589 3831 3732 3887 apo-

2089 3908 2254 3958 stataa
2285 3903 2415 3968 fuit,
2449 3908 2506 3957 et
2537 3903 2723 3957 nobili
2764 3921 2980 3976 genere
3038 3909 3199 3974 nata,
3252 3909 3310 3959 et
3363 3905 3424 3960 in
3475 3906 3739 3962 Ecclesia

2088 3991 2417 4047 Antiochia)
2464 3991 2642 4062 Syria)
2702 3993 3070 4060 diaconissa;
3122 3993 3438 4050 virtutibus
3491 3996 3731 4066 quidem
3779 4023 3788 4032 -

2087 4081 2359 4148 celebris,
2392 4097 2644 4151 quaeque
2667 4083 2876 4154 exiguo
2911 4084 3196 4154 temporis
3223 4084 3412 4154 spatio
3436 4085 3739 4140 matrimo-

2085 4170 2168 4224 nii
2204 4169 2330 4242 lege
2349 4169 2641 4239 copulata,
2663 4171 3105 4226 sanctissimum
3128 4171 3540 4243 presbyterum
3559 4175 3737 4228 Joan-

2087 4275 2224 4313 nem
2257 4263 2578 4331 genuerat:
2613 4258 2856 4312 chorum
2889 4265 3087 4314 autem
3137 4260 3434 4331 virginum
3485 4260 3734 4326 habens,

2086 4349 2340 4419 hymnos
2373 4347 2488 4401 Deo
2523 4346 2893 4400 concinebat.
2927 4347 3190 4410 Quadam
3225 4353 3422 4402 autem
3459 4348 3575 4411 die,
3599 4365 3734 4402 cum

2087 4438 2248 4490 illius
2281 4435 2498 4490 Psalmi
2528 4434 2704 4488 verba
2737 4451 2948 4506 magna
2980 4452 3117 4489 voce
3154 4441 3431 4491 caneret:
3485 4459 3511 4486 ‹‹
3545 4437 3737 4491 Simu-

2089 4548 2112 4577 α
2150 4526 2309 4580 lacra
2337 4524 2600 4596 gentium
2633 4528 2944 4596 argentum
2999 4531 3057 4579 et
3104 4541 3338 4586 aurum.
3391 4543 3570 4597 opera
3611 4544 3735 4581 ma-

330 4610 640 4686 ἀνθρώπων·
701 4615 886 4687 ὃμοιοι
958 4614 1143 4675 αὐτοῖς
1227 4615 1472 4686 γένοιντο
1559 4615 1610 4669 οἱ
1692 4618 1976 4675 ποιοῦντες

2090 4640 2113 4664 ιι
2150 4629 2333 4668 nuum
2367 4612 2674 4667 hominum
2712 4630 2725 4678 ;
2755 4613 2982 4668 similes
3018 4613 3137 4668 illis
3170 4615 3334 4682 fiant,
3379 4617 3479 4686 qui
3513 4616 3739 4671 faciunt

331 4700 472 4768 αὐτὰ,
505 4703 595 4756 καὶ
650 4705 841 4763 πάντες
898 4703 948 4756 οἱ
1006 4701 1331 4766 πεποιθότες
1389 4700 1472 4757 ἐπ’
1531 4701 1750 4764 αύτοῖςί
1813 4699 1971 4776 διήρ-

338 4806 454 4860 χετο
501 4793 529 4846 ὁ
590 4791 886 4853 Ἰουλιανὸς
940 4792 1028 4845 καὶ
1091 4791 1322 4853 ἀκούσας
1377 4793 1671 4865 προσέταξε
1730 4796 1970 4865 σιγῆσαι.

334 4877 392 4933 Ἡ
421 4877 478 4935 δὲ
520 4880 735 4936 Ποπλία
787 4878 1001 4951 μᾶλλον
1060 4881 1282 4953 μείζονα
1338 4879 1563 4954 ἔψαλλε.
1621 4881 1758 4936 Τότε
1815 4880 1973 4954 όργι-

340 4965 894 5042 σθεὶ,ὸυαρα6ἀτης,
946 4969 1034 5025 καὶ
1093 4969 1306 5044 ἀγαγὼν
1365 4969 1532 5038 αὐτὴν
1591 4967 1821 5023 ένώπιον
1878 4969 1974 5022 αύ-

340 5060 443 5123 τοῦ,
473 5060 757 5131 προσέταξε
789 5065 907 5120 τοῖς
951 5060 1307 5134 στρατιώταις
1361 5060 1578 5114 τύπτειν
1630 5057 1796 5127 αὐτὴν
1843 5057 1978 5112 κατᾶ

338 5149 424 5198 τοῦ
477 5147 798 5221 προσώπου.
860 5149 925 5204 Ἠ
987 5146 1045 5202 δέ
1104 5147 1230 5223 ἁγία
1283 5147 1540 5222 έλέγξασα
1611 5148 1710 5215 τὴν
1796 5145 1975 5201 ἀθείαν

338 5234 507 5305 αὐτοῦ,
562 5236 888 5310 ὑπέστρεψεν
949 5237 1026 5298 εἷς
1086 5238 1177 5292 τὸν
1240 5239 1391 5290 οἷκον
1463 5235 1653 5305 αὐτῆς,
1732 5238 1976 5305 συνήθως

335 5322 623 5393 ψάλλουσα,
683 5326 773 5380 καὶ
843 5324 1211 5402 δοξολογοῦσα
1262 5325 1352 5379 τὸν
1435 5325 1564 5378 Θεὸν
1652 5324 1787 5396 μετά
1867 5329 1974 5378 τῶν

336 5406 524 5467 λοιπῶν
555 5415 857 5489 παρθένων.
922 5415 1050 5471 Εἶτα
1105 5411 1290 5474 καλῶς
1348 5413 1617 5488 βιώσασα,
1672 5412 1721 5466 ἐν
1782 5412 1973 5486 εἰρήνῃ

337 5497 607 5574 έτελειώθη
619 5547 631 5560 .

396 5724 416 5758 ³
445 5725 596 5783 Psal.
628 5742 782 5796 σιω,
814 5729 868 5783 4.

2081 4727 2110 4754 ‹‹
2144 4719 2214 4757 ea
2245 4706 2302 4757 et
2332 4717 2539 4756 omnes
2570 4701 2669 4770 qui
2704 4701 3013 4756 conﬁdunt
3042 4703 3102 4756 in
3128 4703 3212 4757 eis
3237 4703 3259 4736 δ
3293 4727 3312 4752 ι
3343 4723 3356 4770 ;
3392 4706 3737 4774 prmteriens

2082 4791 2372 4855 Julianus,
2408 4789 2583 4858 idque
2616 4789 2886 4850 audiens.
2921 4796 3114 4846 tacere
3137 4793 3339 4863 jussit.
3369 4794 3479 4847 Sed
3506 4800 3735 4848 tantum

2085 4879 2292 4944 abfuit,
2328 4883 2393 4933 ut
2425 4878 2632 4932 Publia
2682 4885 2924 4949 taceret,
2973 4887 3038 4934 ut
3091 4882 3303 4950 majori
3354 4882 3532 4937 etiam
3580 4883 3736 4936 vocis

2085 4969 2464 5025 contentione
2491 4968 2790 5040 psalleret.
2809 4971 3201 5035 Quamobrem
3227 4972 3412 5026 iratus
3435 4974 3735 5042 Aposlata,

2086 5059 2158 5114 ad
2192 5076 2254 5114 se
2286 5058 2556 5113 adducta)
2586 5057 2798 5113 faciem
2833 5059 2977 5113 caedi
3010 5059 3357 5115 amilitibus
3417 5060 3734 5115 mandavit.

2084 5148 2193 5203 Illa
2224 5165 2358 5204 vero
2406 5145 2717 5217 objurgata
2779 5147 2906 5216 ejus
2971 5149 3278 5218 impietate
3337 5149 3581 5204 domum
3640 5166 3737 5203 re-

2085 5253 2306 5310 gressa.
2340 5251 2504 5289 more
2539 5251 2643 5289 suo
2701 5235 3010 5306 psallebat,
3070 5245 3128 5290 et
3176 5237 3381 5292 laudes
3431 5238 3549 5292 Deo
3599 5255 3734 5294 cum

2085 5323 2334 5394 reliquis
2355 5322 2677 5394 virginibus
2700 5323 3056 5378 celebrabat.
3086 5330 3328 5380 Demum
3353 5343 3487 5382 cum
3512 5328 3732 5399 optime

2086 5415 2264 5468 vitam
2298 5411 2677 5481 traduxisset,
2713 5413 2773 5466 in
2805 5429 2948 5483 pace
2981 5413 3254 5469 decessit.
