4042 6206
269 437 348 498 99
1591 435 1865 497 MENOU

2092 434 2272 497 ἈΒΕ
2314 434 2365 495 Ι.
3574 435 3688 495 100

926 570 1145 625 Eodem
1176 568 1272 623 die
1955 571 2006 638 Α

1955 571 2006 638 Α
2615 568 2692 639 τῇ
2722 564 2861 640 αὖτῇ
2892 562 3100 641 ἠμάρςι·

273 660 422 718 1θῦ
461 659 752 715 Certamen
780 660 957 713 sancti
987 658 1271 725 Dorothei,
1304 657 1705 728 archiepiscopi
1765 660 1869 729 Tyr

2091 653 2303 726 ιθλησις
2387 658 2484 710 τοῦ
2583 653 2738 729 ἁγίου
2848 654 3148 728 Δωροθέου,
3248 653 3687 729 ἀρχιεπισκόπου

2628 726 2853 784 πύλεως
2887 726 3090 784 Τύρου.

2628 745 2853 789 πυΛεως
2887 745 3090 801 ’[υρου.

345 840 695 906 Dorotheus,
721 838 808 893 vir
824 837 1269 904 celeberrimus,
1294 837 1607 909 episcopus
1629 838 1785 909 Tyri,
1818 836 1919 909 qui

2107 834 2411 910 Δωρόθεος,
2438 833 2466 888 ὁ
2497 830 2749 907 ἀοίδιμος
2783 833 2939 908 ἀνὴρ,
3000 831 3293 894 ἐπίσκοπος
3351 830 3544 907 γεγονι
3589 840 3691 904 τῆς

272 929 583 984 universas
610 927 923 999 Scripturaa
946 928 1225 982 historias
1250 926 1526 994 callebat,
1549 943 1684 981 cum
1714 942 1868 998 ρει-ει

2089 922 2254 986 όλεως
2307 922 2502 996 Τύρου,
2559 928 2732 977 πᾶσαν
2796 923 3067 1000 γραφικὴν
3126 919 3484 994 ἐπιστάμενος
3540 923 3685 978 ἱστο-

274 1017 530 1072 cutionis
560 1016 811 1071 vitandas
838 1033 1015 1071 causa
1036 1016 1301 1088 fugisset,
1332 1021 1468 1087 post
1493 1016 1842 1071 Diocletiani
1866 1038 1870 1063 ‹

2092 1033 2172 1066 αν.
2212 1013 2306 1066 Καὶ
2339 1012 2407 1081 ἦν
2435 1012 2529 1085 μὶν
2561 1012 2746 1089 φυγὼν
2805 1009 2894 1065 διὰ
2949 1011 3040 1065 τὸν
3101 1006 3366 1085 διωγμὸν.
3424 1010 3576 1065 Μετὰ
3631 1008 3688 1066 δὲ

275 1106 480 1160 Licinii
514 1112 766 1161 mortem
797 1108 1010 1176 Tyrum
1044 1106 1241 1171 rediit,
1278 1110 1336 1159 et
1365 1110 1631 1160 sanctam
1682 1106 1785 1159 Dei
1816 1107 1871 1159 E4

2088 1098 2291 1170 ηλευτὴν
2352 1099 2747 1171 Διοκλητιανοῦ
2803 1100 2894 1155 καὶ
2978 1098 3274 1170 Λικιννίου,
3358 1093 3684 1155 καταλαϐὼν

271 1195 513 1250 clesiam
546 1195 619 1249 ad
649 1194 866 1249 Juliani
898 1196 1195 1264 Apostataa
1228 1198 1498 1265 tempora
1552 1192 1867 1265 gubernavi

2086 1190 2196 1247 ὶλιν
2242 1193 2343 1261 τήν
2397 1192 2591 1267 Τύρον,
2661 1186 2975 1263 διεκυϐέρνα
3025 1192 3127 1259 τὴν
3185 1189 3336 1266 ἁγίαν
3393 1193 3491 1245 τοῦ
3550 1194 3682 1245 Θεοῦ

271 1283 382 1338 Sed
404 1300 538 1338 cum
570 1282 877 1338 lulianum
901 1282 1155 1349 occulte,
1179 1298 1298 1336 non
1320 1282 1516 1353 palam
1542 1281 1734 1337 caedes
1756 1281 1867 1336 Chr

2087 1279 2361 1351 ἰκκλησίαν
2404 1281 2600 1357 μέχρις
2660 1280 2963 1336 Ἰουλιανοῦ
3016 1283 3113 1334 τοῦ
3170 1273 3511 1353 ῐῐαραϐάτου.
3576 1279 3683 1336 Καὶ

271 1372 598 1426 stianorum
618 1387 724 1440 per
744 1368 1053 1441 praafectos
1074 1386 1212 1425 suos
1234 1375 1576 1441 perpetrare
1594 1369 1867 1425 didicisse

2090 1370 2220 1443 τειδή
2254 1372 2316 1428 οὐ
2348 1378 2614 1448 φανερῶς,
2662 1370 2810 1427 ἀλλᾶ
2856 1392 3112 1448 κρυπτως
3158 1372 3222 1427 τὸ
3275 1370 3539 1447 πρότερον
3596 1368 3686 1426 διὰ

271 1462 418 1531 Tyro
455 1458 791 1523 discedens,
826 1458 889 1512 in
919 1458 1179 1513 Thracia;
1209 1459 1516 1530 regionem
1568 1475 1629 1513 se
1662 1459 1867 1530 recepi

2090 1466 2139 1517 δν
2198 1462 2480 1537 ἀρχόντων
2542 1462 2707 1517 αὐτοῦ
2766 1460 3045 1535 ἐφόνευσεν
3100 1462 3128 1516 ὁ
3185 1459 3488 1523 Ἰουλιανὸς
3558 1458 3686 1523 τοὺς

274 1566 393 1602 non
424 1554 621 1604 tamen
637 1548 717 1601 ibi
731 1547 1182 1603 idololatrarum
1207 1564 1419 1603 manus
1433 1550 1690 1620 effugere
1706 1548 1870 1619 potui

2088 1550 2418 1623 ριστιανοὺς,
2454 1552 2685 1614 ἀκούσας
2718 1552 2747 1606 ὁ
2775 1550 2929 1626 ἃγιος
2987 1549 3287 1626 Δωρόθεος,
3336 1548 3682 1625 ἀνεχώρησεν

276 1638 753 1708 Comprehensus
787 1638 947 1692 enim
980 1654 1014 1692 a
1042 1637 1262 1692 Juliani
1294 1637 1608 1709 praefectis,
1640 1642 1699 1692 et
1719 1637 1870 1692 mult

2084 1644 2218 1708 ιτῆς
2256 1638 2458 1713 Τύρου,
2516 1637 2607 1693 καὶ
2662 1631 2930 1693 κατέλαϐε
2986 1637 3084 1705 τήν
3146 1635 3334 1711 χώραν
3387 1641 3487 1704 τῆς
3542 1640 3680 1711 Θρᾷ-

275 1725 582 1797 suppliciis
611 1727 1001 1792 excruciatus,
1037 1725 1097 1781 iu
1158 1726 1303 1797 ipsis
1350 1726 1681 1793 tormentis,
1732 1742 1871 1781 ann<

2091 1749 2155 1797 ις.
2190 1727 2346 1785 Ἀλλ’
2379 1726 2492 1783 οὐδ’
2522 1727 2635 1783 ἐκεῖ
2689 1728 2781 1783 τὸν
2830 1726 2892 1782 ἐκ
2940 1730 3047 1781 τῶν
3109 1723 3532 1802 είδωλολατρῶν
3588 1725 3687 1790 θά-

272 1821 513 1870 centum
547 1820 605 1870 et
635 1820 861 1886 septem
894 1820 1092 1884 natus,
1126 1831 1233 1886 pro
1284 1815 1500 1871 Christi
1549 1814 1868 1871 confessio:

2087 1837 2190 1871 ιτον
2223 1814 2495 1894 διέφυγεν.
2529 1816 2826 1893 Κρατηθεὶς
2875 1815 2978 1891 γὰρ
3029 1814 3175 1891 παρὰ
3224 1818 3332 1869 τῶν
3385 1815 3683 1869 ΊουΛιανοῠ

269 1905 436 1973 obiit,
466 1910 524 1959 et
552 1904 787 1959 beatam
819 1904 1049 1959 Christo
1099 1905 1360 1959 animam
1411 1903 1676 1970 tradidit,
1724 1903 1865 1959 mult

2087 1905 2339 1980 ›χόντων,
2370 1905 2460 1961 καὶ
2518 1903 2734 1966 πολλὰς
2788 1903 3072 2007 τιμωρίας,
3121 1901 3443 2007 ύπομρίνας,
3501 1903 3683 2007 καίτοι

266 2010 387 2047 non
418 1993 735 2049 mediocris
765 1992 1041 2048 utilitatis
1067 1994 1288 2065 scripta
1316 1992 1682 2065 relinquens.

2086 2011 2191 2066 ρων
2254 1989 2349 2061 ὢν,
2406 1992 2497 2046 καὶ
2557 1989 2747 2045 ἑκατὸν
2834 1989 2970 2044 ἑπτὰ
3053 1988 3186 2043 ἐτῶν
3267 1988 3560 2063 ὑπάρχων,
3630 1985 3682 2041 ἐν

266 2079 453 2141 αὐταῖς
482 2084 601 2142 ταῖς
639 2081 919 2155 βασάνοις,
953 2078 1042 2135 διὰ
1068 2082 1168 2148 τὴν
1223 2080 1299 2144 εἷς
1346 2081 1575 2155 Χριστὸν
1630 2077 1956 2155 ὁμολογίαν,
2009 2080 2258 2143 ἀπέθανε·
2311 2080 2402 2135 καὶ
2460 2077 2721 2153 παρέθετο
2778 2078 2877 2146 τὴν
2950 2078 3219 2151 μακαρίαν
3275 2076 3439 2131 αὐτοῦ
3492 2076 3685 2151 ψυχὴν

260 2172 344 2240 τῷ
373 2168 612 2241 Χριστῷ,
645 2166 831 2223 πολλὰ
859 2168 947 2223 καὶ
980 2167 1287 2246 ψυχωφελῆ
1330 2168 1727 2244 συγγράμματα
1756 2168 2019 2243 πρότερον
2048 2168 2278 2238 συνθεὶς,
2302 2168 2387 2223 κτὶ
2414 2167 2752 2223 καταλιπών.

916 2285 1136 2340 Eodem
1171 2285 1266 2339 die

2619 2285 2697 2357 Τῇ
2736 2281 2873 2355 αὖτῇ
2904 2281 3087 2356 ἡμέρᾳ

375 2375 531 2430 106
563 2375 850 2431 Certamen
878 2377 1059 2429 sancti
1089 2373 1328 2445 apostoli
1355 2375 1548 2428 Jacobi
1572 2372 1813 2445 Alphei.

2086 2373 2303 2446 ιθλησις
2382 2378 2480 2429 τοῦ
2559 2373 2715 2449 ἀγίου
2818 2369 3129 2425 ἀποστόλου
3241 2365 3507 2425 Ἰακώϐου
3585 2373 3682 2423 τοῦ

2707 2441 2999 2521 Ἀλφαίου.

342 2550 841 2616 Jacobus,Christi
867 2550 1363 2623 apostolus,ﬁlius
1385 2551 1635 2623 Alphaai,
1662 2556 1721 2605 et
1742 2551 1925 2606 frater

2102 2529 2362 2597 Ἰάκωϐος
2410 2535 2566 2590 δτοῦ
2624 2536 2859 2623 Χριστοῦ
2917 2527 3251 2623 ἀπόστολος,
3312 2529 3531 2623 ύπῆρχε
3591 2532 3686 2604 μὶν

271 2638 526 2693 Μειῐιὶιωί
559 2639 863 2710 publicani
897 2616 956 2694 et
986 2616 1381 2713 evangelista,
1412 2616 1652 2695 verbum
1705 2640 1867 2695 Chris

2092 2621 2150 2684 ὸς
2202 2625 2300 2676 τοῦ
2361 2621 2654 2695 Ἀλφαίου·
2717 2617 2949 2697 ἀδελφὸς
3010 2616 3068 2673 δὶ
3122 2617 3400 2713 Βόατθαίου
3447 2622 3546 2673 τοῦ
3596 2638 3684 2673 τε-

273 2704 652 2800 praadicabat,
687 2733 745 2782 et
774 2744 844 2783 ea
869 2745 999 2799 qua)
1031 2728 1105 2783 ad
1134 2704 1425 2784 {veternum
1460 2729 1622 2785 illius
1674 2746 1869 2802 regnu:

2083 2709 2216 2763 ώνου
2244 2708 2335 2763 καὶ
2368 2708 2775 2784 εὐαγγελιστοῦ,
2809 2707 3101 2783 Κηρύττων
3146 2704 3203 2762 δέ
3232 2708 3325 2762 τὸν
3374 2705 3538 2783 λόγον
3581 2709 3679 2762 τοῦ

274 2822 562 2889 spectant,
599 2834 807 2874 omnes
835 2818 907 2873 ad
938 2819 1133 2889 ipsum
1186 2818 1559 2883 accedentes,
1607 2818 1870 2874 Judaaosi

2085 2802 2289 2870 ριστοῦ,
2337 2797 2426 2853 καὶ
2470 2796 2737 2853 διδάσκων
2793 2797 2862 2852 τὰ
2916 2797 3036 2872 περὶ
3090 2803 3190 2866 τῆς
3246 2794 3466 2850 αἰωνίου
3535 2796 3681 2872 βασι-

271 2884 523 2973 (ξιπωοοε,
557 2906 828 2977 docebat,
879 2884 1273 2980 magnamque
1319 2908 1629 2963 hominum
1684 2907 1867 2965 turbaJ

2084 2886 2183 2949 είας
2242 2886 2408 2942 αὐτοῦ
2475 2887 2673 2948 πάντας
2733 2886 2860 2948 τοὺς
2945 2885 3430 2961 προσερχομένους
3511 2884 3680 2958 αὐτῷ,

269 2994 331 3048 in
366 2994 608 3049 nomine
638 2972 849 3061 Patris,
885 3000 943 3049 et
970 2972 1122 3062 Pv‘ilii,
1157 2972 1216 3050 ἐι
1248 2996 1499 3066 Spiritus
1519 2996 1709 3051 sancti
1731 2995 1865 3066 bapl

2086 2973 2327 3039 ουδαίους
2354 2996 2412 3031 τε
2453 2976 2545 3030 καὶ
2600 2974 2903 3046 Ἕλληνας,
2942 2973 3032 3028 καὶ
3078 2972 3347 3066 ’πολλοὺς
3408 2972 3682 3049 βαπτίζων

269 3084 454 3138 zabat.
488 3082 653 3147 Quod
682 3057 867 3138 Judmi
900 3057 1139 3157 indigne
1171 3057 1450 3152 ferentes,
1504 3085 1634 3156 ejus
1690 3057 1865 3139 inte-r1

2078 3065 2121 3121 ιὰ
2149 3069 2247 3131 τῆς
2277 3061 2625 3126 διδασκαλίας
2655 3065 2844 3134 αὐτοῦ,
2875 3061 2953 3126 είς
2981 3062 3044 3117 τὸ
3075 3057 3251 3135 ὄνομα
3304 3065 3402 3116 τοῦ
3439 3061 3674 3136 Ηατρὸς,

275 3171 469 3227 ciendi
502 3171 819 3227 consilium
852 3178 1157 3245 ceperunt.
1192 3175 1381 3238 Quare
1413 3174 1475 3228 in
1506 3189 1692 3228 unum
1723 3173 1871 3228 locu]

2082 3155 2122 3209 ιὶ
2151 3159 2249 3210 τοῦ
2282 3155 2433 3222 Υἳοῦ,
2482 3155 2571 3209 καὶ
2619 3158 2719 3209 τοῦ
2767 3153 2920 3229 ἁγίου
2967 3151 3304 3225 Πνεύματος,
3365 3152 3442 3224 μὴ
3491 3152 3678 3245 φέρον-

270 3262 484 3325 coacti,
513 3262 1034 3333 comprehensum,
1076 3262 1402 3333 multisque
1452 3262 1763 3318 tormentis
1794 3262 1866 3317 di:

2094 3265 2118 3299 ς
2153 3244 2205 3298 οἱ
2238 3241 2517 3313 Ἰουδαῖοι,
2554 3240 2763 3319 βουλὴν
2792 3244 3138 3311 ποιήσαντες,
3168 3240 3258 3295 καὶ
3298 3236 3686 3316 ἐπισυναχθέν-

280 3357 337 3406 et
369 3350 688 3406 crudeliter
723 3352 1148 3422 excruciatum,
1178 3356 1477 3423 postremo
1508 3352 1685 3425 virgis
1705 3369 1876 3407 caasu:

2086 3354 2148 3401 ες,
2206 3334 2296 3387 καὶ
2348 3334 2712 3407 κρατήσαντες
2773 3330 2955 3399 αὐτὸν,
3012 3328 3101 3383 καὶ
3158 3325 3347 3383 πολλὰ
3424 3330 3682 3425 τιμωρή-

266 3442 662 3508 interemere;
697 3457 832 3495 cum
892 3440 1130 3495 interim
1179 3446 1418 3497 sanctus
1463 3441 1536 3496 ad
1580 3446 1862 3498 extremm

2083 3442 2218 3485 ιντες
2263 3420 2430 3496 ώμῶς
2482 3421 2572 3476 καὶ
2628 3420 3027 3495 ἀπανθρώπως,
3082 3417 3395 3474 τελευταῖον
3455 3412 3679 3494 ῥάϐδοις

265 3529 539 3600 spiritum
556 3506 764 3585 laudes
786 3530 1035 3585 Domino
1060 3535 1263 3585 nostro
1285 3532 1420 3586 Iesu
1443 3530 1674 3585 Christo
1698 3529 1855 3585 tribu

2084 3513 2332 3585 λήξαντες
2389 3510 2702 3586 ἐφόνευσαν,
2764 3508 3053 3583 δοξάζοντα
3107 3509 3200 3564 τὸν
3260 3506 3460 3585 Κύριον
3519 3506 3680 3580 ἡμῶν

270 3624 381 3687 ret,
416 3623 472 3673 et
500 3620 719 3690 gratias
766 3625 969 3674 sancto
1017 3620 1145 3691 ejus
1194 3620 1425 3675 nomini
1475 3625 1695 3693 ageret,
1755 3637 1866 3691 quo

2081 3605 2233 3672 qooiiv
2306 3600 2540 3672 Χριστὸν
2629 3598 2796 3674 μέχρι
2883 3604 2986 3667 τῆς
3070 3596 3307 3693 ἐσχάτης
3380 3597 3677 3666 ἀναπνοῆς·

261 3684 423 3761 illius
454 3684 564 3777 ope
596 3712 655 3760 et
682 3684 1099 3778 cooperatione
1122 3708 1448 3776 diabolum,
1470 3684 1857 3777 voluntatisqt

2082 3690 2111 3745 ιὶ
2166 3690 2593 3767 εὖχαριστοῦντα
2664 3693 2743 3761 τῷ
2827 3687 2966 3763 ἁγίῳ
3049 3684 3214 3742 αὐτοῦ
3264 3685 3541 3778 βνόματι,
3600 3689 3678 3758 τῷ

262 3795 391 3865 ejus
449 3794 756 3849 ministros
815 3795 1202 3864 contudisset,
1266 3802 1441 3867 atque
1527 3797 1785 3853 vicisset.
1842 3799 1858 3851 l

2084 3781 2387 3850 ιηθήσαντι,
2415 3778 2502 3833 καὶ
2560 3778 2950 3853 συνεργήσαντι
3008 3775 3177 3848 αὐτῷ,
3236 3773 3313 3837 είς
3370 3774 3432 3829 τὸ
3488 3794 3680 3829 καται-

262 3859 496 3938 reddita
524 3882 684 3939 hunc
718 3883 777 3937 in
835 3884 1079 3939 modum
1141 3859 1315 3940 beata
1346 3859 1591 3954 -anima,
1643 3885 1858 3957 sepulti

2078 3873 2241 3943 (ὖναι,
2273 3868 2362 3923 καὶ
2393 3868 2609 3936 νικῆσαι
2658 3866 2750 3921 τὸν
2804 3859 3089 3934 διάϐολον,
3141 3864 3232 3919 καὶ
3273 3862 3400 3925 τοὺς
3450 3866 3674 3918 ποιοῦν-

258 3971 392 4027 fuit.
1578 3947 1588 3954 ⁷
1708 3947 1728 3957 ⁸
2027 3977 2122 4018 τας
2168 3958 2237 4012 τὰ
2294 3954 2582 4029 θελήματα
2637 3955 2821 4011 αὐτοῦ.
2886 3955 2983 4008 Καὶ
3040 3952 3184 4008 οὕτω
3241 3947 3517 4027 παραδοὺς
3569 3951 3671 4021 τὴν

2022 4044 2288 4122 μακαρίαν
2321 4044 2485 4100 αὐτοῦ
2516 4045 2728 4119 ψυχὴν,
2760 4043 2951 4117 ἐτάφη.

808 4242 1049 4297 EODEM
1090 4243 1341 4297 MENSE.

2563 4231 2743 4287 MHNI
2782 4232 2874 4287 ΤΩ
2918 4232 3108 4286 ΑΥΤΩ.

896 4331 999 4387 Die
1032 4331 1263 4387 decima
2818 4319 2857 4376 Γ

258 4422 408 4476 107
458 4422 744 4479 Certamen
810 4428 1125 4477 sanctorum
1161 4427 1471 4491 martyrum
1526 4420 1812 4491 Eulampii

2068 4408 2287 4483 ίθλησις
2337 4414 2446 4465 τῶν
2531 4407 2764 4491 ἀγίωνῃ
2790 4408 3079 4491 μαρτύρων
3161 4402 3493 4480 Εὗλαμπίου
3573 4404 3664 4459 καὶ

912 4476 1241 4564 Eulampiae.
1312 4476 1335 4491 ν
1530 4476 1543 4477 7
1723 4476 1745 4491 ⁵
2186 4476 2196 4483 ⁷

1530 4476 1543 4477 7
1723 4476 1745 4491 ⁵
2186 4476 2196 4483 ’
2579 4476 2590 4485 ’
2665 4476 3014 4552 Εὐλαμπίας.

326 4581 674 4652 Eulampius
703 4583 921 4638 Christi
956 4562 1199 4653 martyr,
1232 4589 1290 4638 et
1318 4582 1628 4654 Eulampia
1649 4583 1778 4655 ejus
1809 4600 1902 4638 so-

2086 4571 2412 4645 Εόλάμπιος
2442 4570 2469 4625 ὁ
2512 4566 2716 4644 μάρτυς
2770 4572 2869 4623 τοῦ
2922 4570 3182 4642 Χριστοῦ,
3221 4565 3318 4655 καὶ
3368 4562 3666 4637 Εὖλαμπία

253 4686 373 4735 ror,
434 4670 934 4739 Nicomedienses,
994 4673 1345 4729 Maximiano
1408 4673 1783 4743 imperatore,
1836 4688 1849 4727 ι

2082 4661 2247 4717 αὐτοῦ
2287 4657 2524 4736 ἀδελφὴ,
2585 4659 2838 4733 ὑπῆρχον
2892 4655 2952 4711 ἐκ
2994 4662 3096 4725 τῆς
3143 4653 3359 4743 πόλεως
3417 4655 3667 4743 Νικομη-

252 4759 730 4828 persecutionem
763 4760 1109 4828 devitarent,
1125 4761 1186 4814 in
1208 4766 1472 4815 montem
1495 4778 1557 4816 se
1584 4778 1717 4816 cum
1741 4777 1848 4816 mu.

2063 4754 2178 4822 μίας,
2234 4750 2322 4807 ἐπὶ
2378 4756 2480 4819 τῆς
2542 4746 2819 4824 βασιλείας
2876 4748 3246 4819 Μαξιμιανοῢ·
3308 4741 3398 4800 διὰ
3454 4742 3512 4799 δὲ
3565 4744 3659 4799 τὸν

250 4844 328 4898 tis
358 4844 492 4899 aliis
523 4845 873 4901 Christianis
902 4846 1201 4901 abdidere.
1235 4848 1537 4903 Profectus
1592 4865 1727 4903 vero
1778 4849 1846 4903 Et

2063 4843 2247 4917 ωγμὸν
2305 4838 2761 4912 κατεκρύπτοντο,
2826 4837 2960 4911 μετὰ
3014 4833 3105 4890 καὶ
3165 4831 3353 4890 ἄλλων
3431 4832 3658 4891 πολλῶν

252 4932 509 5004 lampius
540 4934 602 4987 in
636 4934 841 4989 urbem
900 4934 973 4990 ad
1021 4950 1321 4990 annonam
1372 4935 1709 5003 emendam,
1755 4954 1848 4992 cui

2062 4934 2337 4987 atottava'iv
2367 4927 2419 4983 ἐν
2459 4931 2539 4999 τῷ
2594 4922 2729 5001 ὄρει.
2793 4924 3077 4981 Κατιλθὼν
3138 4920 3196 4977 δδ
3253 4923 3281 4977 ὁ
3332 4921 3658 4995 Εόλάμπιος

248 5024 553 5094 pr0posita
584 5024 644 5080 in
702 5024 827 5079 foro
879 5025 1261 5095 imperatoria
1308 5024 1501 5080 edicta
1546 5024 1788 5080 vidisset
1834 5044 1844 5079 ι

2058 5021 2203 5088 ςτὴν
2235 5017 2398 5073 πόλιν
2454 5014 2592 5091 πρός
2648 5015 2710 5069 τὸ
2766 5014 3028 5088 ἀγοράσαι
3083 5010 3312 5090 τροφὰς,
3372 5011 3463 5065 καὶ
3522 5008 3654 5064 ἰδὼν

248 5113 490 5185 legeret,
552 5115 1018 5186 comprehensus
1075 5113 1148 5169 ab
1195 5114 1491 5169 idolorum
1541 5113 1844 5169 cultoribu:

2056 5108 2294 5182 ›άμματα
2323 5104 2712 5181 προτεθειμὲνα
2743 5101 2819 5165 είς
2873 5102 2973 5171 τὴν
3023 5101 3226 5177 ἀγορὰν
3272 5103 3381 5154 τῶν
3433 5100 3652 5174 βασιλι-

251 5203 481 5258 sistitur
502 5205 845 5275 imperatori
877 5222 889 5271 ;
916 5210 975 5260 et
992 5210 1323 5276 pertractus
1342 5202 1404 5258 in
1421 5202 1719 5259 idolorum
1742 5209 1847 5258 tem

2058 5202 2107 5253 ὒν
2143 5195 2450 5266 διατάξεων
2482 5193 2768 5249 καὶταῦτα
2825 5190 3039 5255 σταθεὶς
3090 5190 3181 5245 καὶ
3246 5189 3654 5262 ἀναγινώσκων,

248 5292 437 5364 plum,
469 5299 535 5348 ut
564 5294 924 5360 immolaret,
957 5275 1230 5365 precatus
1259 5298 1351 5348 est
1385 5293 1681 5349 Christum
1711 5310 1724 5348 :
1766 5294 1844 5349 col

2063 5288 2271 5362 ρατήθη
2303 5283 2450 5357 παρὰ
2485 5282 2592 5336 τῶἐ
2647 5276 3093 5354 εἰδωλολατρῶν,
3154 5277 3243 5333 καὶ
3294 5275 3534 5353 παρέστη

246 5381 549 5453 lapsisque
581 5382 656 5438 ad
684 5389 923 5450 terram,
957 5364 1016 5438 et
1060 5383 1331 5438 contritis
1384 5381 1582 5448 idolis,
1627 5389 1842 5454 torque

2056 5375 2237 5431 ισιλπῖ.
2300 5372 2397 5427 Καὶ
2478 5368 2830 5445 ἀναγκασθεὶς
2890 5366 3150 5431 εἰσελθεῖν
3213 5366 3288 5429 είς
3368 5366 3463 5454 τὸν
3526 5364 3652 5419 ναὸν

249 5470 444 5540 οωρὶῐ.
480 5470 643 5535 Quod
674 5471 772 5525 ubi
804 5471 1072 5543 cognovit
1102 5470 1410 5542 Eulampia
1441 5487 1624 5536 soror,
1650 5453 1845 5527 descei

2061 5471 2106 5520 δν
2142 5461 2411 5528 εἰδώλων,
2475 5457 2562 5513 καὶ
2620 5460 2797 5526 οὖσαι,
2859 5455 3117 5520 είσελθὼν
3175 5453 3520 5543 προσηύξατο
3577 5457 3657 5526 τῷ

249 5538 427 5613 dit—de
451 5566 674 5623 monte,
699 5566 758 5615 et
782 5561 842 5614 in
869 5538 1069 5615 media
1091 5559 1261 5615 turba
1290 5538 1530 5615 fratrem
1560 5560 1845 5631 complexa

2059 5558 2237 5625 ριστῷ·
2316 5550 2407 5606 καὶ
2491 5548 2721 5603 πεσόντα
2802 5546 2869 5601 τὰ
2955 5543 3158 5600 εἴδωλα
3244 5538 3655 5617 συνετρίϐησαν.

251 5649 471 5704 sociam
500 5666 561 5704 se
595 5649 938 5704 certaminis
969 5649 1057 5703 illi
1109 5648 1401 5721 adjunxit.
1461 5650 1525 5705 In
1569 5649 1847 5705 fervente:

2055 5638 2441 5712 ασανιζομένου
2471 5634 2526 5693 δὶ
2559 5637 2725 5692 αὐτοῦ
2759 5633 2848 5690 διὰ
2875 5638 3059 5704 τοῦτο,
3105 5635 3348 5707 μασοῦσα
3373 5632 3408 5701 ἡ
3442 5628 3651 5708 ἀδελφή

249 5740 429 5812 igitur
449 5739 731 5795 cacabum
747 5739 920 5797 ambo
944 5740 1075 5812 conj
1086 5738 1286 5809 ecti,et
1307 5739 1637 5797 incolumes
1650 5757 1845 5815 egress

2057 5729 2169 5791 ὃτοῦ
2232 5727 2524 5802 Εὐλαμπία
2578 5728 2641 5784 τὸ
2722 5726 3034 5803 γινόμενον,
3121 5722 3389 5815 κατῆλθεν
3444 5721 3505 5779 ἐκ
3555 5724 3653 5778 τοῦ
