4042 6206
341 442 458 501 101

1858 430 2241 492 OCTOBER.

3634 435 3751 496 102

341 575 523 645 ὅρους,
550 570 636 622 καί
664 565 1015 640 περιεπλὼιη
1071 569 1154 637 τῷ
1209 561 1432 642 ἀδελφῷ
1473 563 1633 636 μὲσον
1660 565 1757 617 τοῦ
1788 558 1988 636 ὄχλου,

2117 564 2393 620 miraculo
2425 566 2510 619 rei
2567 565 2855 621 ducentos
2911 567 3131 622 milites
3183 567 3258 624 ad
3313 568 3529 624 Christi
3571 567 3753 623 fidem

336 663 423 715 καί
479 655 881 732 συνηγωνίζετο
942 653 1110 725 αὐτῷ’
1172 654 1290 708 ὅθεν
1350 647 1718 725 ἐμϐληθέντες
1775 649 1851 713 εἷς
1898 649 1994 706 λέ-

2104 659 2357 720 traxere,
2389 670 2524 709 cum
2556 655 2771 726 quibus
2800 656 2993 727 capite
3024 656 3178 727 plexi
3207 663 3364 713 sunt.

334 746 469 819 ϐητα
496 746 880 821 κοχλίζοδτα,
912 742 1143 816 ἐξῆλθον
1176 735 1455 805 ἀϐλαϐεῖς.
1486 739 1585 797 Καὶ
1638 736 1847 802 ἲδόντες
1894 740 1957 794 τὸ
2007 744 2188 814 θαῦμα
2238 738 2506 797 διακόσιοι
2558 747 2907 818 στρατιῶται,
2937 742 3250 800 ἐπίστευσαν
3278 749 3356 817 τῷ
3387 751 3631 822 Χριστῷ,
3661 746 3751 802 καῖ

324 838 417 891 σὺν
444 834 640 897 αὖτοῖς
669 831 1190 911 ἀπεκεφαλίσθησαν
1201 874 1214 888 .

910 954 991 1023 τῇ
1042 948 1177 1022 αὐτῇ
1221 947 1419 1023 ἡμέρᾳ-

476 1044 709 1115 Μνήμη
740 1044 842 1095 τοῖ’)
883 1039 1040 1094 ὁσίου
1070 1037 1277 1111 [ἰατρὸς
1309 1039 1470 1109 ἡμῶν
1502 1038 1821 1092 Βασσιανοῦ.

382 1135 450 1190 '0
477 1134 636 1191 ὅσιος
678 1131 870 1202 Πατὴρ
929 1131 1090 1199 ἡμῶν
1151 1126 1467 1192 Βασσιανὸς,
1499 1124 1565 1191 ἦν
1596 1123 1645 1197 ἐξ
1676 1124 1996 1180 ’Δνατολῶν

312 1226 414 1291 τῆς
449 1221 654 1295 Σόρων
710 1219 920 1294 χώρας.
980 1215 1104 1272 Ἐπὶ
1163 1212 1220 1269 δὶ
1276 1217 1584 1289 Μαρκιανοῦ
1612 1215 1709 1269 τοῦ
1741 1208 1997 1277 εὐσεϐοῦς

322 1313 605 1388 βασιλέως
666 1308 921 1379 εἰσῆλθεν
981 1307 1031 1362 ἒν
1088 1305 1677 1363 Κωνσταντινουπόλει.
1736 1303 1840 1361 Καὶ
1907 1302 1997 1359 διὰ

317 1406 419 1471 τήν
453 1403 667 1476 ἀρετήν
700 1400 868 1454 αὐτοῦ
905 1395 1171 1473 γνωρίσας
1230 1395 1388 1449 αὐτὸν
1432 1395 1461 1448 6
1514 1391 1789 1469 βασιλεὺς,
1838 1392 1998 1466 ἐτίμα

323 1494 488 1549 αὐτὸν
555 1490 633 1551 ὠς
694 1488 900 1562 πατὲρα
954 1489 1234 1554 τοσοῦτον,
1294 1482 1376 1538 ὅτι
1433 1484 1521 1537 καὶ
1572 1484 1662 1537 τὸν
1693 1482 1819 1537 ναὸν
1851 1479 1992 1537 ἔκτι-

328 1604 414 1638 σιν
456 1580 553 1635 ἐπὶ
600 1583 686 1647 τῷ
746 1571 975 1649 ὀνόματι
1032 1575 1220 1642 αὐτοῦ,
1282 1574 1430 1635 ὅστις
1494 1572 1658 1647 μέχρι
1688 1573 1788 1643 τῆς
1821 1574 1998 1644 σήμε-

328 1694 421 1747 ρον
456 1670 729 1743 ὑπάρχει.
759 1670 1020 1725 Τοιοῦτος
1051 1661 1108 1717 δὲ
1143 1664 1210 1732 ἦν
1260 1660 1607 1740 ψυχωφελῶν
1639 1660 1729 1715 καὶ
1758 1658 1999 1715 διδακτι-

326 1763 448 1830 κός,
488 1759 569 1820 ὦς
619 1754 869 1815 πολλοὺς
919 1753 1117 1807 πείθειν
1171 1752 1263 1806 τὸν
1314 1751 1523 1822 κόσμον
1566 1749 1994 1822 καταλιμπάνειν

326 1851 421 1903 καὶ
457 1845 748 1921 μοναχοὺς
804 1843 1065 1918 γίνεσθαι.
1124 1840 1215 1911 Ἐξ
1275 1840 1348 1894 ὧν
1407 1839 1475 1908 ἦν
1533 1838 1623 1893 καὶ
1654 1841 1689 1906 ἡ
1722 1837 1853 1913 ἁγία
1883 1844 1996 1893 Ma-

325 1944 539 2013 τρῶγε.
603 1932 959 2004 Ἐπληθόνθη
1022 1932 1127 2006 γὰρ
1195 1931 1224 1984 6
1291 1928 1523 2003 ἀριθμὸς
1584 1933 1693 1983 τῶν
1743 1933 2000 2001 μαθητῶν

2758 954 2974 1009 Eodem
3005 955 3098 1009 die

2105 1041 2256 1095 108
2290 1043 2740 1097 Commemoratio
2794 1047 2971 1099 sancti
3030 1046 3211 1099 Patris
3266 1046 3440 1098 nostri
3478 1046 3751 1102 Bassiani.

2177 1130 2424 1185 Sanctus
2484 1133 2658 1186 Pater
2714 1138 2916 1187 noster
2972 1133 3308 1199 Bassianus,
3368 1149 3439 1186 ex
3479 1132 3755 1187 orientali

2104 1220 2383 1289 Syrorum
2413 1221 2653 1292 regione
2682 1221 2991 1291 oriundus,
3036 1221 3325 1276 Marciano
3368 1221 3463 1293 pio
3497 1223 3757 1293 impera—

2105 1313 2252 1373 tore,
2314 1307 2891 1380 Constantinopolim
2966 1309 3284 1380 profectus,
3350 1309 3425 1364 ob
3480 1310 3755 1365 virtutem

2106 1412 2273 1451 suam
2320 1397 2663 1468 imperatori
2707 1400 2905 1453 statim
2955 1398 3233 1464 innotuit,
3268 1398 3367 1468 qui
3418 1415 3539 1453 non
3581 1399 3756 1453 modo

2106 1502 2241 1540 eum
2290 1492 2571 1558 tanquam
2620 1494 2845 1560 patrem
2895 1488 3146 1555 colebat,
3176 1488 3280 1543 sed
3325 1493 3381 1543 et
3406 1488 3562 1543 sedes
3595 1488 3756 1544 illius

2107 1575 2370 1643 nomine,
2404 1594 2536 1647 qua)
2569 1577 2641 1632 ad
2674 1579 2830 1633 hunc
2863 1594 3051 1648 usque
3096 1576 3252 1632 diem
3284 1584 3535 1645 exstant,
3570 1577 3757 1632 aediﬁ—

2107 1665 2276 1720 cavit.
2312 1666 2443 1720 Fuit
2474 1667 2634 1721 enim
2666 1667 2738 1721 ad
2785 1667 3117 1722 docendum
3161 1667 3661 1739 appositissimus,
3695 1673 3760 1721 ut

2107 1752 2314 1807 multis
2345 1753 2751 1825 persuaderet,
2775 1756 2981 1811 relicto
3006 1756 3223 1810 saeculo
3256 1757 3643 1811 monasticam
3677 1756 3762 1809 vi-

2108 1847 2228 1898 tam
2260 1859 2432 1914 agere
2458 1861 2469 1897 :
2504 1845 2566 1899 in
2598 1862 2851 1915 quorum
2888 1862 3137 1900 numero
3169 1846 3282 1900 fuit
3310 1852 3515 1901 sancta
3546 1848 3761 1900 Matro-

2106 1948 2221 1986 na:
2256 1933 2554 2003 crevitque
2603 1934 3033 2004 discipulorum
3084 1935 3212 2006 ejus
3256 1952 3541 1989 numerus
3572 1951 3760 2006 usque

330 2010 500 2081 αὖτοῦ
535 2024 709 2096 μέχρι
763 2018 1111 2094 τριακοσίων.
1162 2014 1341 2073 ἈλΛὰ
1394 2016 1484 2070 καὶ
1537 2013 1784 2087 θαύματα
1814 2013 2000 2070 πολλὰ

2117 2020 2181 2076 ad
2214 2026 2531 2076 trecentos.
2594 2022 2682 2077 Ad
2740 2023 2862 2076 haec
2908 2023 3097 2076 multa
3153 2023 3443 2078 miracula
3490 2024 3758 2094 patravit.

329 2116 590 2185 ἐποίησε·
682 2110 770 2164 καὶ
856 2106 985 2169 τοὺς
1070 2105 1147 2167 εἷς
1238 2104 1552 2177 πταίσματα
1613 2102 2001 2177 περιπεσόντας

333 2204 559 2281 μεγαλα
614 2202 704 2257 καὶ
767 2200 845 2262 εἷς
907 2197 1215 2273 ἀπόγνωσιν
1293 2194 1649 2271 ἐρχομένους,
1714 2194 2004 2281 συμπαθὴς

335 2280 443 2363 ὣν,
498 2297 609 2348 τῶν
665 2294 763 2345 τοῦ
821 2282 1087 2347 διαϐόλου
1142 2289 1346 2361 χειρῶν
1398 2282 1716 2358 ἐλυτροῦτο,
1774 2284 1864 2338 καὶ
1917 2280 2006 2337 διὰ

340 2380 635 2457 μετανοίας
694 2378 995 2453 προσέφερε
1048 2373 1129 2447 τῷ
1180 2371 1554 2451 φιλανθρώπῳ
1612 2376 1749 2443 Θεῷ.
1806 2376 1907 2427 Ἦν
1948 2369 2005 2426 δὲ

334 2474 431 2528 καί
463 2467 849 2545 προορατικὸς,
884 2465 974 2519 καὶ
1015 2462 1300 2538 προλέγων
1348 2462 1416 2516 τὰ
1468 2460 1768 2535 μέλλοντα,
1801 2459 2002 2537 ὠφέλει

332 2558 614 2622 πολλούς.
667 2556 827 2614 Οὕτω
879 2551 936 2608 δὶ
988 2554 1208 2629 βιώσας,
1272 2549 1324 2605 ἰν
1382 2549 1665 2626 βαθυτάτῳ
1693 2550 1840 2625 γήρᾳ
1868 2549 2004 2624 πρὸς

334 2649 541 2725 Κύριον
601 2641 929 2716 ὲξεδήμησε,
982 2642 1069 2696 καὶ
1130 2638 1298 2717 ὶταφη
1358 2640 1502 2714 παρᾶ
1562 2643 1669 2693 τῶν
1745 2642 2000 2712 μαθητῶν

336 2739 510 2794 αὐτοῦ
540 2734 592 2790 ἐν
627 2738 709 2806 τῷ
741 2730 1047 2804 δηλωθέντι
1082 2730 1249 2784 αὐτοῦ
1278 2732 1410 2800 ναῷ.

949 3026 1036 3097 Τῇ
1062 3022 1199 3096 αὖτῇ
1229 3018 1411 3095 ἡμέρᾳ

414 3147 627 3217 Πνήμη
684 3145 782 3198 τοῦ
841 3139 992 3195 ὁσίου
1049 3139 1285 3217 ῌατρὸς-
1317 3140 1478 3210 ἡμῶν
1539 3129 1803 3191 Ἰακώϐου
1839 3139 1935 3190 τοῖ’)

1052 3210 1310 3279 amnes.

414 3339 476 3394 Ὀ
545 3334 700 3396 ὅσιος
764 3332 948 3403 Πατὴρ
1037 3331 1196 3401 ἡμῶν
1277 3321 1537 3388 Ἰάκωϐος
1621 3326 1674 3381 ἐν
1741 3325 2003 3396 ἆσκηταῖς

344 3432 514 3499 μὲγας
573 3421 812 3497 ἐγενετοο
866 3419 1091 3489 νικήσας
1154 3416 1249 3490 μὲν
1307 3417 1399 3471 τὸν
1456 3410 1739 3483 διάϐολον,
1798 3415 2003 3470 καὶνι-

338 3515 537 3585 κηθεὶς
573 3513 666 3567 ὑπ’
694 3512 883 3577 αὐτοῦ,
914 3508 1007 3563 καὶ
1050 3507 1378 3583 περιπεσὼν,
1410 3503 1557 3560 ἀλλὰ
1585 3505 1749 3561 πάλιν
1782 3507 2007 3576 νικήσας

340 3583 507 3659 αὗτὸν
569 3601 965 3677 γενναιότερον.
1028 3596 1266 3666 Οἲκήσας
1321 3596 1424 3670 γὰρ
1483 3594 1535 3649 ἐν
1594 3594 1872 3667 σπηλαίῳ,
1918 3583 2008 3647 καἱ

343 3690 633 3766 ἡσυχάσας
691 3684 784 3757 ἔτη
846 3685 1132 3742 δεκαπέντε
1180 3680 1343 3739 ἔλαϐε
1399 3684 1544 3760 παρὰ
1590 3685 1723 3739 Θεοῦ
1768 3684 2008 3755 ἐξουσίαν

353 3785 459 3835 τοῦ
490 3777 701 3833 διώκειν
734 3776 862 3838 τοὺς
886 3774 1166 3847 δαίμονας.
1196 3775 1377 3829 Θὲλων
1414 3770 1470 3827 δὶ
1499 3772 1660 3827 αὐτὸν
1690 3773 1717 3826 6
1750 3768 2011 3833 διάϐολος

352 3872 515 3947 ῥίψαι
548 3870 618 3932 εἷς
649 3867 903 3944 πορνείαν
963 3866 1052 3921 καὶ
1112 3886 1295 3942 φονον,
1355 3864 1608 3934 εἰσῆλθεν
1638 3862 1716 3926 εἷς
1748 3864 2013 3937 θυγατέρα

348 3960 628 4015 πλουσίου
682 3957 853 4028 τινὸς,
912 3954 1000 4009 καὶ
1055 3952 1447 4030 παρεσκεύασεν
1505 3953 1672 4020 αὐτὴν
1731 3950 2010 4007 ἐπικαλεῖ-

348 4052 470 4103 σθαι
499 4048 596 4103 τὸν
630 4046 808 4122 ἅγιον.
864 4045 1276 4119 Ἐρευνήσαντες
1334 4039 1425 4096 οὖν
1482 4042 1534 4096 οἱ
1585 4046 1761 4116 γονεῖς
1789 4047 1889 4110 τῆς
1917 4039 2013 4095 κό-

349 4158 476 4211 ρης,
536 4135 631 4189 καὶ
691 4133 937 4207 εὑρόντες
1005 4132 1069 4185 τὸ
1150 4129 1444 4200 σπήλαιον,
1505 4128 1785 4204 ἀπήγαγον
1841 4129 2010 4196 αὐτὴν

346 4228 488 4299 πρὸς
564 4222 749 4290 αὐτὸν,
825 4220 915 4276 καὶ
991 4218 1359 4293 παρεκάλεσαν
1448 4219 1789 4292 θεραπεῦσαι·
1862 4218 1889 4271 6
1957 4214 2015 4271 δὲ

346 4314 669 4385 εὐξάμενος,
715 4306 972 4381 ἐξήλασεν
1029 4306 1090 4362 ἒκ
1141 4313 1241 4376 τῆς
1296 4306 1468 4381 κόρης
1507 4306 1597 4360 τὸν
1632 4303 1878 4377 δαίμονα.
1917 4308 2011 4361 Καὶ

347 4398 683 4481 φοϐηθέντες
741 4400 793 4455 οἳ
851 4403 1031 4474 γονεῖς
1086 4395 1274 4465 αὐτῆς,
1337 4397 1535 4469 μήπως
1570 4392 1815 4481 Δεἷσὲλθῃ
1845 4392 2011 4449 πάλιν

348 4479 428 4555 εἷς
486 4490 659 4559 αὖτην
717 4489 745 4543 6
804 4484 1037 4559 δαίμων,
1096 4485 1306 4561 ἀφῆκαν
1364 4482 1493 4553 ἐκεῖ,
1553 4479 1658 4545 ἕως
1699 4484 1761 4537 οὗ
1790 4481 2014 4544 τελείως

350 4581 578 4655 ὑγιάνῃ.
637 4578 921 4651 Ἐφθειρεν
982 4574 1073 4628 οὖν
1126 4575 1227 4641 τῆν
1286 4570 1455 4648 κόρην
1513 4572 1540 4626 6
1601 4572 1863 4642 ἀσκητής’
1900 4574 2015 4626 εἶτα

349 4670 627 4746 ἐφόνευσε·
680 4666 770 4719 καὶ
828 4657 1108 4741 φοϐηθεὶς,
1168 4656 1351 4739 ἔφυγε.
1410 4662 1514 4716 Καὶ
1562 4661 1699 4715 κατὰ
1743 4660 1842 4728 τὴν
1886 4657 2009 4714 ὁδὸν

2108 2113 2402 2166 Prasterea
2429 2111 2476 2165 si
2501 2111 2634 2182 quis
2656 2112 2717 2166 in
2742 2112 3157 2183 gravissimum
3179 2112 3423 2182 aliquod
3452 2117 3761 2183 peccatum

2108 2199 2312 2271 lapsus
2342 2205 2519 2265 esset,
2545 2205 2604 2255 et
2631 2200 2852 2255 idcirco
2908 2199 2978 2255 de
3029 2216 3135 2255 sua
3179 2200 3367 2255 salute
3394 2200 3761 2270 desperaret,

2108 2288 2195 2342 vir
2247 2294 2487 2343 sanctus
2544 2289 2670 2360 pari
2728 2305 2864 2344 cum
2921 2305 2990 2344 eo
3051 2288 3255 2344 dolore
3313 2295 3609 2361 suscepto,
3642 2305 3763 2344 non

2109 2377 2275 2448 prius
2327 2382 2544 2433 conatu
2592 2377 2935 2445 desistebat,
2988 2394 3166 2449 quam
3214 2377 3447 2449 lapsum
3480 2394 3511 2433 e
3542 2376 3763 2432 diaboli

2107 2465 2385 2522 manibus
2417 2472 2708 2538 ereptum,
2742 2482 2847 2537 per
2874 2467 3289 2537 pmnitentiam
3320 2466 3392 2522 ad
3426 2467 3610 2521 Deum
3642 2465 3761 2519 cle-

2108 2555 2549 2610 mentissimum
2595 2554 2935 2610 adduceret.
2972 2557 3221 2627 Insuper
3249 2554 3575 2627 prophetia:
3608 2553 3764 2608 dono

2109 2643 2383 2711 illustris,
2416 2660 2551 2698 cum
2607 2643 2808 2699 futura
2856 2643 3223 2715 praediceret,
3265 2642 3471 2698 multis
3520 2643 3761 2714 profuit.

2110 2735 2326 2788 Exacta
2356 2749 2461 2803 per
2491 2733 2649 2788 hunc
2682 2733 2927 2788 modum
2961 2734 3096 2800 vita,
3120 2732 3426 2788 confectus
3458 2733 3625 2787 senio
3656 2732 3767 2786 mi-

2110 2822 2297 2894 gravit
2324 2821 2399 2876 ad
2430 2822 2772 2889 Dominum,
2798 2828 2857 2877 et
2880 2838 2915 2877 ε.
2935 2821 3247 2894 discipulis
3270 2822 3393 2877 suis
3423 2822 3485 2876 in
3514 2820 3764 2888 uadibus,

2113 2927 2245 2983 quas
2278 2911 2407 2983 ejus
2437 2927 2661 2967 nomen
2691 2911 3036 2984 prmierunt,
3070 2911 3336 2983 sepultus
3369 2915 3478 2966 est.

2754 3027 2974 3083 Eodem
3028 3026 3124 3082 die

2110 3144 2263 3199 109
2328 3142 2775 3200 Commemoratio
2839 3146 3017 3199 sancti
3102 3144 3287 3199 Patris
3334 3144 3511 3199 nostri
3572 3142 3766 3198 Jacobi

2827 3222 3038 3270 ascetae.

2187 3331 2436 3385 Sanctus
2466 3332 2639 3385 Pater
2692 3335 2895 3385 noster
2947 3329 3197 3385 Jacobus
3247 3345 3497 3401 magnus
3549 3332 3768 3397 asceta,

2117 3436 2251 3475 cum
2284 3436 2438 3490 saape
2466 3420 2772 3474 victoriam
2830 3420 2902 3475 de
2960 3418 3196 3473 diabolo
3228 3418 3551 3484 retulisset,
3580 3420 3767 3479 victus

2116 3513 2175 3563 et
2205 3509 2331 3579 ipse
2362 3507 2705 3577 aliquando,
2740 3513 2937 3562 tamen
2969 3507 3184 3561 iterum
3218 3521 3353 3560 eum
3385 3523 3453 3561 eo
3486 3524 3766 3581 congres-

2117 3614 2237 3661 sus,
2268 3597 2540 3668 superior
2569 3615 2597 3653 e
2630 3597 2834 3669 praalio
2866 3596 3158 3652 discessit.
3188 3598 3331 3651 Nam
3370 3612 3505 3651 cum
3536 3597 3597 3652 in
3634 3614 3769 3669 spe-

2117 3686 2295 3741 lunca
2325 3703 2515 3741 annos
2539 3686 2881 3757 quindecim
2906 3684 3225 3756 tranquille
3258 3685 3494 3758 egisset,
3514 3685 3768 3757 dataque

2118 3776 2229 3847 ipsi
2262 3781 2415 3830 esset
2447 3792 2480 3831 a
2511 3776 2629 3831 Deo
2659 3775 3056 3848 fugandorum
3104 3774 3445 3830 daemonum
3482 3780 3765 3847 potestas,

2119 3869 2452 3920 commotus
2484 3864 2703 3920 invidia
2735 3864 2993 3933 daamon,
3026 3870 3297 3920 sanctum
3330 3866 3523 3920 virum
3554 3867 3616 3920 in
3648 3871 3771 3920 stu-

2119 3970 2289 4024 prum
2322 3958 2381 4008 et
2405 3952 2794 4008 homicidium
2826 3953 3089 4025 pellexit.
3137 3954 3444 4026 Ingressus
3475 3954 3635 4009 enim
3666 3971 3773 4009 cu-

2111 4042 2352 4113 jusdam
2382 4041 2578 4097 divitis
2611 4041 2815 4112 ﬁliam,
2849 4042 3141 4116 suggessit
3164 4047 3229 4097 ut
3248 4042 3528 4098 Iacobum
3556 4042 3774 4114 implo-

2119 4134 2296 4185 raret.
2349 4132 2708 4186 Perscrutati
2755 4131 2935 4204 igitur
2978 4136 3256 4203 parentes
3286 4130 3500 4203 puellae
3533 4130 3774 4201 spelun-

2119 4237 2273 4288 cam,
2305 4220 2542 4275 ductam
2575 4220 2648 4275 ad
2682 4226 2951 4276 sanctum
2976 4220 3181 4287 ﬁliam,
3205 4224 3507 4291 rogarunt,
3531 4224 3597 4272 ut
3625 4219 3776 4272 libe-

2118 4314 2307 4365 raret:
2332 4308 2729 4380 qui,adhibita
2748 4307 3212 4379 prece,propulit
3231 4307 3302 4361 ab
3326 4323 3394 4361 ea
3415 4306 3771 4360 daemonem.

2120 4399 2403 4452 Parentes
2427 4413 2561 4451 vero
2606 4397 2773 4450 veriti
2823 4412 2898 4449 ne
2950 4395 3165 4448 iterum
3197 4411 3232 4447 a
3260 4393 3554 4448 daemonio
3587 4392 3775 4446 corri-

2120 4491 2377 4557 peretur,
2405 4484 2486 4538 ibi
2518 4500 2646 4539 eam
2675 4483 3065 4554 reliquerunt,
3090 4481 3285 4553 quoad
3314 4480 3500 4535 libera
3525 4480 3769 4536 omnino

2119 4573 2483 4628 redderetur.
2518 4577 2592 4625 At
2620 4576 2818 4626 asceta
2860 4570 3084 4625 vitiavit
3132 4570 3413 4642 puellam,
3445 4575 3504 4625 et
3534 4570 3773 4626 occidit.

2120 4665 2309 4727 Quare
2338 4662 2546 4715 timore
2578 4660 2908 4732 perculsus,
2941 4661 3002 4714 in
3034 4659 3229 4733 fugam
3262 4677 3322 4715 se
3354 4660 3628 4729 conjecit.
3660 4661 3773 4717 Sed

351 4730 786 4831 μιεταμεληθιίς,
840 4724 1107 4821 εἰσῆλθεν
1154 4724 1231 4812 εἷς
1283 4724 1455 4828 τάφον
1500 4746 1733 4804 κλαίων⁶
1766 4724 1856 4803 καὶ
1888 4769 2003 4803 τοσ-

2122 4752 2183 4805 in
2215 4751 2304 4805 via
2335 4750 2683 4821 paznitentia
2712 4748 2944 4815 ductus,
2977 4750 3319 4820 effususque
3352 4749 3413 4803 in
3452 4747 3771 4820 lacrymas,

349 4852 513 4902 οὗτον
570 4842 892 4913 ἐκαθαρίσθη
952 4846 1051 4909 τῆς
1111 4839 1403 4913 ἁμαρτίας,
1460 4837 1535 4901 ὠς
1583 4836 1637 4893 ἐν
1669 4833 1911 4912 ἀϐροχία
1940 4834 2011 4891 δι’

350 4936 529 5011 εὐχῆς
602 4933 749 4987 ὑετὸν
828 4934 1167 5005 καταγαγεῖν·
1236 4928 1324 4983 καὶ
1403 4924 1545 4981 οὕτω
1619 4925 2002 4994 τελειωθῆναι.

892 5108 1077 5166 ΜΙΙΝΙ
1123 5111 1208 5161 ΤΩ
1264 5107 1469 5162 ΑΥΤΩ.

1137 5221 1224 5277 ΙΔ’

347 5345 564 5416 κνήμη
620 5345 727 5396 τῶν
780 5333 1281 5416 ἁγίωνλζηναΐδος.
1329 5334 1420 5416 καὶ
1497 5332 1847 5404 Φιλονίλλης
1902 5341 2006 5405 τῆς

927 5406 1168 5487 ἀδελφῆς
1226 5407 1436 5472 αὐτῆς..

422 5533 487 5587 ’Β
549 5531 674 5584 ὁσία
721 5528 922 5598 Ζηναῒς
985 5525 1119 5598 μετὰ
1172 5530 1272 5593 τῆς
1323 5520 1566 5599 ἀδελφῆς
1625 5521 1793 5588 αὐτῆς
1832 5521 2009 5577 Φιλο-

348 5620 570 5689 νίλλης,
650 5620 896 5692 ὑπῆρχεν
977 5615 1071 5689 μὲν
1175 5612 1235 5669 ἐκ
1305 5618 1403 5681 τῆς
1476 5609 1692 5671 πόλεως
1768 5612 2003 5685 Ταρσοῦ,

350 5709 622 5785 συγγενὴς
678 5708 815 5763 οὖσα
867 5708 964 5760 τοῦ
1020 5702 1173 5780 ἁγίου
1230 5696 1542 5757 ἀποστόλου
1599 5696 1838 5756 Παύλου.
1895 5704 2009 5756 Με-

2120 4841 2182 4894 in
2214 4839 2553 4911 sepulcrum
2575 4856 2637 4894 se
2669 4838 2933 4893 abdidit:
2966 4838 3067 4894 ubi
3101 4844 3410 4909 peccatum
3444 4839 3527 4893 sic
3560 4840 3770 4909 expia-

2114 4929 2216 4996 vit,
2246 4934 2312 4983 ut
2340 4929 2401 4983 in
2431 4945 2647 5001 magna
2688 4928 2952 4984 siccitate
2996 4927 3252 4982 imbrem
3292 4928 3365 4982 de
3396 4927 3542 4983 caelo
3574 4928 3765 4998 impe-

2115 5018 2373 5073 traverit.
2409 5019 2600 5089 Atque
2632 5018 2773 5072 item
2807 5016 2989 5070 ﬁnem
3020 5015 3251 5070 vivendi
3283 5016 3442 5071 fecit.

2670 5102 2911 5160 EODEM
2952 5104 3202 5158 MENSE.

2718 5219 2822 5273 Die
2847 5218 3164 5274 undecima

2115 5336 2271 5391 “0
2321 5336 2773 5391 Commemoratio
2820 5340 3138 5390 sanctarum
3188 5336 3439 5393 Zenaidis
3485 5344 3537 5392 et
3575 5337 3773 5392 Philo—

2722 5406 2880 5462 nillae
2898 5422 3165 5461 sororum.

2188 5521 2403 5577 Sancta
2443 5521 2651 5576 Zenais
2699 5537 2833 5576 cum
2893 5538 3095 5577 sorore
3150 5522 3493 5589 Philonilla,
3525 5538 3593 5577 ex
3625 5521 3772 5576 urbe

2115 5613 2293 5667 Tarso
2320 5611 2452 5678 fuit,
2477 5610 2786 5682 sanguinis
2806 5610 3247 5682 propinquitate
3276 5616 3479 5666 sancto
3499 5609 3769 5681 apostolo

2116 5700 2297 5755 Paulo
2328 5699 2664 5772 conjuncta.
2724 5699 2797 5752 Et
2847 5699 3108 5770 primum
3137 5698 3379 5770 quidem
3410 5697 3767 5753 medicinam
