4042 6206
286 437 409 501 403

1606 432 2047 499 MENOLOGII
2084 434 2289 497 PARS
2334 437 2382 498 l.

3583 439 3699 500 IOI

291 568 583 642 professa,
610 570 828 627 deinde
858 568 931 625 ab
960 569 1090 640 ipso
1129 568 1399 641 apostolo
1429 567 1547 625 tide
1576 568 1793 625 Christi
1824 569 1931 626 im-

2052 568 2261 642 ἠρχετο
2318 568 2416 637 τήν
2478 567 2728 643 ἰατρικὴν
2780 565 3008 645 τέχνην.
3070 566 3248 625 Ἀλλὰ
3304 571 3704 642 μαθητευθεῖσα

289 658 455 729 buta,
487 659 767 714 valedixit
811 658 947 728 arti,
995 657 1237 726 divitiis,
1266 663 1343 714 et
1388 658 1619 727 sorori;
1669 664 1847 730 atque
1876 659 1940 713 in

288 754 518 805 remoto
547 748 767 804 montis
797 751 967 802 antro
1016 746 1346 803 solitariam
1384 747 1563 803 vitam
1593 762 1796 816 agens,
1827 746 1940 803 soli

288 840 428 904 Deo,
458 837 687 908 sibique
734 835 1003 903 vacabat,
1033 836 1236 891 herbis
1281 841 1536 901 tantum,
1567 852 1717 906 quas
1755 852 1940 907 prope

287 926 635 998 speluncam
667 923 845 979 tellus
878 925 1008 996 ipsa
1031 924 1280 991 ferebat,
1302 924 1523 981 famem
1555 930 1936 982 sustentans:

286 1014 358 1070 ad
382 1029 527 1085 quas
550 1012 833 1085 legendas
854 1013 1173 1084 aliquando
1198 1029 1453 1084 egressa,
1478 1015 1695 1086 pressit
1713 1015 1942 1087 impru-

283 1103 429 1158 dens
460 1102 875 1158 acutissimum
907 1102 1136 1157 clavum
1186 1102 1473 1176 ligneum,
1507 1103 1729 1159 diaboli
1758 1120 1941 1177 opera

282 1194 447 1249 humi
479 1192 763 1261 deﬁxum,
816 1192 1228 1265 indignissime
1277 1193 1546 1261 ferentis,
1578 1194 1737 1266 quod
1766 1195 1939 1252 multi

162 1292 165 1295 ‘
276 1282 509 1338 occulte
539 1282 615 1338 ad
646 1298 776 1337 eam
808 1281 1189 1351 ventitantes,
1241 1282 1318 1338 ad
1362 1282 1577 1340 Christi
1607 1283 1785 1339 ﬁdem
1820 1290 1938 1340 tra-

281 1372 669 1430 ducerentur.
708 1373 847 1438 Quse
899 1388 1035 1428 cum
1082 1372 1272 1428 dolori
1327 1373 1520 1447 impar
1548 1375 1935 1446 consedisset,

283 1467 349 1517 ut
378 1479 409 1516 e
441 1461 591 1533 pede
622 1460 852 1517 clavum
882 1460 1140 1529 tolleret,
1169 1462 1444 1534 spiritum
1477 1462 1727 1520 Domino
1760 1463 1939 1520 tradi-

280 1548 386 1606 dit.
422 1548 743 1605 Philonilla
792 1554 993 1605 autem
1046 1550 1206 1606 domi
1263 1552 1618 1622 consistens,
1648 1568 1785 1609 eum
1816 1568 1938 1609 non

279 1637 521 1704 minori,
542 1654 727 1711 quam
756 1655 941 1707 soror,
967 1638 1164 1695 studio
1189 1638 1264 1696 ad
1287 1640 1565 1698 virtutem
1594 1640 1941 1698 contendis-

281 1731 391 1796 set,
409 1741 742 1799 magnoque
771 1743 1009 1799 semper
1029 1728 1193 1785 cultu
1216 1730 1401 1786 Deum
1425 1735 1739 1802 prosecuta
1759 1734 1937 1813 esset,

284 1817 348 1873 in
378 1832 525 1889 pace
557 1815 912 1880 obdoruivit,

919 2021 1144 2079 Eodem
1200 2021 1296 2079 die

294 2141 373 2195 ει
392 2141 429 2194 Ι
468 2139 919 2214 Commemoratio
943 2141 1142 2214 sancti
1170 2139 1409 2211 apostoli
1438 2139 1709 2214 Philippi,
1737 2142 1804 2197 de
1831 2159 1942 2214 quo

382 2215 444 2280 ﬁt
473 2212 679 2266 mentio
722 2212 781 2264 in
822 2212 1051 2266 Actibus
1087 2218 1400 2267 sancton
1430 2212 1823 2283 apostolorum.

346 2324 680 2397 Philippus,
702 2324 918 2380 Christi
950 2325 1255 2397 apostolus
1288 2341 1359 2380 ex
1389 2330 1616 2397 septem
1647 2326 1937 2383 diacono-

285 2429 419 2469 rum
451 2428 721 2479 numero,
754 2428 889 2468 cum
920 2412 983 2467 in
1011 2412 1157 2468 urbe
1186 2413 1371 2484 Joppe
1400 2413 1699 2468 Christum
1731 2415 1943 2487 praedi-

288 2506 470 2570 caret,
520 2502 729 2574 jussus
781 2505 871 2557 est
900 2517 934 2557 a
962 2501 1183 2573 Spiritu
1215 2506 1419 2557 sancto
1451 2502 1657 2557 Gazam
1704 2508 1939 2575 petere:

287 2606 402 2662 quo
452 2589 513 2645 in
562 2590 776 2645 itinere
822 2589 1051 2645 obviam
1090 2590 1282 2646 factus
1332 2589 1586 2647 Candaci
1642 2593 1937 2661 eunucho,

281 2679 500 2748 reginae
529 2679 868 2751 Ethiopum
924 2679 1224 2751 prmfecto,
1287 2678 1587 2753 quadriga:
1627 2680 1936 2750 insidenti,

280 2769 753 2840 prophetamque
801 2768 1013 2824 Isaiam
1063 2768 1305 2841 legenti,
1352 2768 1642 2825 accedens
1671 2770 1935 2842 propius,

282 2858 577 2929 quaesivit,
611 2874 756 2914 num
796 2874 927 2929 qum
979 2857 1203 2931 legeret
1249 2858 1627 2932 intelligeret.
1661 2858 1765 2915 Cui
1795 2859 1934 2915 ille:

280 2947 383 3011 Qui
417 2963 683 3018 possum,
717 2946 933 3019 inquit,
966 2948 1203 3019 assequi
1245 2948 1373 3004 sine
1404 2947 1553 3003 duce
1585 2952 1645 3003 et
1673 2948 1801 3004 sine
1832 2949 1934 3004 in-

281 3040 537 3107 terprete
557 3036 585 3091 ‘I
604 3036 924 3107 Elatusque
944 3037 1005 3091 in
1029 3053 1269 3092 currum
1292 3037 1733 3109 Philippus,illo
1755 3055 1933 3109 quem

278 3123 589 3181 eunuchus
622 3123 875 3197 legebat,
931 3125 1059 3180 loco
1087 3126 1378 3197 exposito,
1410 3125 1526 3182 ﬁde
1548 3125 1765 3181 Christi
1794 3143 1933 3183 eum

278 3212 556 3269 instituit.
590 3214 845 3285 Cumque
903 3213 975 3268 ad
1032 3230 1249 3286 aquam
1306 3215 1632 3282 venissent,
1681 3217 1766 3272 ait
1794 3217 1933 3271 Phi-

1964 1939 2013 2006 B

2052 657 2140 710 ὁπ¹
2195 657 2384 730 αὐτοῦ,
2440 657 2704 713 κατέλιπε
2774 662 2865 714 καὶ
2940 659 3042 727 τὴν
3098 655 3323 733 τέχνην,
3382 660 3469 714 καὶ
3528 659 3703 717 πάντα

2043 746 2138 800 τὸν
2196 744 2437 801 πλοῦτον
2493 745 2681 817 αὐτῆς,
2739 749 2827 801 καὶ
2889 746 2989 817 τήν
3046 744 3309 825 ἀδελφήν.
3342 747 3440 802 Καὶ
3469 746 3703 818 ἀνῆλθεν

2046 833 2125 896 εἷς
2148 834 2211 889 τὸ
2242 855 2394 911 ορος,
2421 834 2511 890 καὶ
2561 836 2792 907 εὑρουσα
2839 833 3131 908 σπήλαιον,
3163 834 3410 906 εἰσῆλθεν
3444 837 3495 892 ἐν
3528 837 3699 911 αὐτῷ,

2044 924 2134 978 καὶ
2165 923 2432 999 ἡσύχασε,
2488 929 2567 997 τῷ
2623 929 2742 998 Θεῷ
2803 924 2955 998 μόνῷ
3008 925 3100 980 καὶ
3131 924 3296 998 ἑαυτῇ
3329 926 3699 1001 προσέχουσα,

2043 1013 2133 1067 καὶ
2184 1016 2490 1090 τρεφομένη
2550 1013 2609 1070 ἐκ
2664 1018 2772 1069 τῶν
2830 1015 3261 1092 παραφυομένων
3320 1018 3403 1087 τῷ
3442 1015 3700 1090 σπηλαίῳ

2049 1102 2315 1178 βοτανῶν.
2350 1103 2440 1159 Ἐν
2469 1106 2567 1176 μιᾷ
2597 1099 2655 1158 δὶ
2676 1107 2785 1158 τῶν
2831 1104 3074 1178 ἡμερῶν,
3108 1100 3400 1174 ἐξελθοῦσαι
3425 1109 3525 1158 τοῦ
3555 1125 3701 1177 σπη-

2045 1189 2203 1246 λαίου
2260 1192 2397 1267 πρὸς
2452 1193 2514 1247 τὸ
2574 1198 2888 1269 συναγαγεῖν
2948 1191 3200 1265 βοτάνας,
3255 1190 3518 1261 έπάτησεν
3555 1192 3695 1263 ἧλον

2045 1279 2208 1353 ξύλου
2235 1280 2486 1355 ὀξύτατον
2537 1281 2642 1337 ὑπὸ
2697 1288 2799 1351 τῆς
2852 1285 2951 1337 τοῦ
2983 1277 3250 1337 διαϐόλου
3282 1283 3588 1359 συνεργίας,
3623 1284 3700 1356 μὴ

2045 1367 2303 1444 φέροντος
2333 1368 2553 1446 βλέπειν
2609 1368 2737 1433 τοὺς
2791 1372 3128 1442 καθεκαστην
3172 1372 3307 1447 πρὸς
3338 1370 3505 1442 αύτήν
3537 1370 3701 1450 ἀρχο..

2049 1460 2243 1533 μένους
2296 1460 2495 1538 κρύφα,
2549 1460 2638 1516 καὶ
2693 1459 3045 1524 πιστεύοντας
3103 1457 3175 1516 δι’
3231 1459 3401 1531 αὐτῆς
3457 1464 3537 1534 τῷ
3572 1463 3705 1539 Χρι-

2045 1553 2176 1621 στῷ.
2210 1550 2310 1606 Καὶ
2365 1547 2673 1625 περιαλγὴς
2728 1548 3021 1626 γενομένη,
3075 1548 3166 1605 καὶ
3221 1550 3485 1605 καθίσασα
3538 1545 3699 1606 ἔκϐα-

2045 1636 2162 1693 λεῖν
2190 1638 2282 1695 τὸν
2327 1637 2486 1710 ἧλον,
2544 1636 2831 1714 παρέδωκε
2880 1640 2943 1695 τὸ
3000 1642 3215 1714 πνεῦμα
3267 1644 3349 1713 τῷ
3405 1639 3606 1715 Κυρίῳ.
3636 1641 3701 1696 Ἡ

2046 1723 2103 1783 δὲ
2133 1724 2446 1783 Φιλονίλλα
2488 1726 2539 1783 ἐν
2590 1732 2672 1801 τῷ
2728 1726 2866 1801 οἷ’κῳ
2924 1728 3021 1802 μὶν
3049 1726 3409 1801 καθεζομένη,
3443 1725 3615 1803 μηδὲν
3643 1726 3704 1783 δὲ

2044 1823 2145 1887 τῆς
2204 1813 2446 1892 ἀδελφῆς
2506 1815 2583 1879 είς
2663 1818 2859 1893 ἀρετὴν
2934 1816 3349 1895 ἀπολειφθεῖσα,
3407 1816 3555 1874 ἀλλὰ
3606 1818 3699 1874 τὸν

2045 1906 2173 1962 Θεὸν
2203 1904 2391 1963 πολλὰ
2419 1905 2812 1981 θεραπεύσασα,
2844 1907 2897 1962 έν
2929 1908 3117 1983 εἱρήνῃ
3151 1906 3446 1982 ἐκοιμήθη.

2612 2028 2698 2099 Τῇ
2755 2024 2892 2100 αὐτῇ
2948 2024 3133 2102 ἡμίρφ

2046 2142 2253 2214 Μνήμη
2303 2143 2400 2195 τοῦ
2448 2140 2606 2215 ἁγίου
2655 2139 2965 2215 ἀποστόλου
3008 2140 3326 2215 Φιλίππου,
3370 2144 3468 2196 τοῦ
3496 2138 3551 2196 έν
3578 2146 3698 2204 ταῖς

2403 2212 2633 2288 Πράεεσι
2656 2217 2765 2269 τῶν
2793 2214 2967 2289 ἁγίων
2996 2212 3340 2270 ἀποστόλων.

2118 2327 2403 2391 Φίλιππος
2455 2330 2484 2385 ὁ
2537 2332 2635 2385 τοῦ
2686 2332 2921 2403 Χριστοῦ
2978 2326 3285 2391 ἀπόστολος
3343 2329 3562 2405 ὑπῆρχε
3602 2330 3697 2402 μὶν

2047 2420 2123 2480 εἷς
2179 2422 2285 2474 τῶν
2339 2418 2473 2475 έπτᾶ
2530 2416 2814 2476 διακόνων.
2866 2420 2967 2473 Ἥν
3020 2415 3079 2473 δὶ
3118 2418 3170 2474 ἐν
3201 2423 3270 2493 τῇ
3302 2417 3465 2473 πόλει
3497 2418 3693 2492 Ἰόππῃ

2043 2507 2326 2582 κηρύττων
2359 2508 2451 2563 τὸν
2481 2507 2740 2584 Χριστόν.
2787 2510 2863 2581 Τῇ
2910 2504 2967 2562 δὲ
2994 2506 3386 2581 παρακελεύσει
3415 2509 3513 2561 τοῦ
3543 2505 3696 2581 ἁγίου

2044 2596 2382 2670 Πνεύματος,
2412 2600 2780 2673 πορευόμενος
2815 2597 2921 2652 ἀπὸ
2961 2602 3061 2667 τῆς
3112 2596 3340 2667 Ἰόππης
3367 2597 3505 2672 πρὸς
3530 2596 3698 2664 Γάζαν

2041 2687 2141 2755 τὴν
2175 2685 2361 2756 πόλιν,
2396 2688 2698 2758 συνήντησε
2725 2690 2807 2759 τῷ
2839 2692 2940 2756 τῆς
2992 2684 3347 2762 βασσιλίσσης
3374 2689 3483 2740 τῶν
3515 2684 3699 2748 A1016-

2043 2795 2161 2830 πων
2194 2772 2451 2850 δυνάστῃ,
2484 2774 2738 2850 εὐνούχῳ
2769 2778 2863 2849 μὲν
2899 2775 3229 2850 ὑπάρχοντι,
3262 2771 3509 2848 Κανδάκῃ
3541 2770 3597 2827 δὲ
3618 2771 3701 2827 λε.

2040 2865 2281 2939 γομένῳ,
2317 2863 2401 2920 ἐπὶ
2436 2866 2679 2940 ἅρματος
2725 2864 2912 2920 ἳππων
2968 2864 3339 2938 κατεζομένῳ,
3382 2861 3474 2917 καὶ
3506 2862 3700 2937 ἀναγι-

2042 2953 2308 3009 νώσκοντι
2387 2954 2480 3009 τὸν
2562 2955 2852 3031 προφήτην
2933 2950 3179 3011 Ἠσαίαν·
3238 2952 3329 3007 καὶ
3380 2949 3696 3027 προσελθὼν

2040 3043 2324 3117 ἠρώτησεν
2380 3041 2563 3097 αὐτὸν·
2620 3064 2647 3097 ε
2674 3046 2809 3117 Ἀρα
2854 3044 3162 3118 γινώσκεις,
3202 3040 3236 3096 ἃ
3281 3040 3696 3118 ἀναγινώσκειςς

2039 3133 2098 3185 '0
2130 3128 2188 3186 δὲ
2224 3131 2358 3187 εἶπε·
2416 3136 2544 3193 HG):
2602 3132 2661 3188 ἃν
2722 3128 3012 3205 δυναίμην,
3061 3131 3148 3187 ἐὰν
3208 3131 3283 3204 μή
3339 3151 3423 3194 τις
3452 3127 3698 3206 ὁδηγήσῃ

2044 3239 2147 3293 με;
2182 3246 2203 3274 ε
2244 3219 2348 3276 Καὶ
2381 3218 2580 3283 εὐθέως
2621 3215 2935 3275 ἀνεϐίϐασεν
2985 3219 3143 3275 αὐτὸν
3189 3219 3277 3275 ἐπὶ
3306 3222 3403 3273 τοῦ
3431 3220 3696 3292 ἅρματος,

278 3301 441 3373 lippo
474 3302 819 3357 eunuchus:
879 3300 1032 3357 Edce
1089 3318 1279 3374 aqua;
1340 3303 1483 3374 quid
1530 3303 1808 3375 prohibet
1836 3321 1930 3360 me

2042 3309 2129 3365 καὶ
2207 3306 2603 3382 διηρμήνευσεν
2697 3308 2846 3382 αύτῷ
2947 3311 3081 3384 ἅπερ
3158 3307 3507 3384 ἀνεγίνωσκε,
3608 3306 3694 3360 καὶ

273 3390 605 3462 baptizari?
648 3390 941 3447 Desiliens
986 3390 1188 3461 itaque
1237 3408 1307 3446 ex
1356 3408 1556 3458 curru,
1601 3392 1927 3464 baptizatus

275 3484 385 3547 est,
416 3495 612 3552 neque
643 3479 902 3552 amplius
932 3479 1078 3535 vidit
1118 3480 1460 3553 Philippum
1486 3486 1736 3554 :praptus
1767 3482 1929 3539 enim

274 3566 425 3622 fuit:
460 3567 563 3623 sed
593 3567 892 3640 reliquum
941 3569 1054 3623 iter
1099 3568 1272 3625 laetus
1318 3570 1613 3626 conﬁcere
1644 3572 1925 3643 perrexit.

275 3656 587 3729 Philippus
616 3674 775 3726 vero,
806 3657 1060 3714 Thrallis
1090 3658 1153 3714 in
1203 3658 1339 3714 Asia
1369 3658 1683 3732 episcopus
1712 3660 1926 3729 factus,

270 3744 467 3802 vivere
497 3745 696 3803 desiit.

836 4046 1078 4103 EODEM
1117 4045 1371 4103 MENSE.

854 4188 958 4244 Die
998 4187 1352 4245 duodecima

275 4336 428 4391 112
460 4333 911 4390 Commemoratio
956 4338 1159 4388 sanctae
1204 4333 1446 4402 septimae
1491 4332 1687 4402 synodi
1715 4338 1927 4391 trecen-

416 4413 595 4463 torum
621 4406 917 4476 sexaginta
942 4410 1145 4477 septem
1190 4409 1504 4460 sanctorum
1530 4409 1783 4461 Patrum.

343 4554 556 4610 Sancta
602 4554 825 4624 optima
870 4552 1237 4609 mcumenica
1285 4549 1548 4625 synodus
1597 4551 1804 4608 Nicaase
1834 4568 1930 4609 se-

273 4642 468 4697 cundo
499 4640 705 4697 habita
733 4647 824 4696 est
851 4642 1237 4697 Constantino
1271 4646 1329 4696 et
1376 4642 1545 4697 Irene
1578 4642 1707 4712 ejus
1738 4647 1927 4698 matre

272 4728 726 4803 imperantibus,
780 4735 839 4784 et
894 4730 1129 4785 Tarasio
1190 4729 1566 4785 sanctissimo
1615 4745 1684 4786 ac
1726 4728 1924 4787 divino

271 4821 442 4876 Patre
470 4823 676 4875 nostro
703 4818 1043 4890 patriarcha
1064 4817 1743 4889 ConstantinOpolitano.
1779 4820 1925 4875 Cum

271 4915 470 4966 autem
532 4907 720 4965 sancti
778 4908 983 4963 Patres
1039 4922 1289 4961 numero
1341 4907 1591 4961 trecenti
1624 4907 1929 4980 sexaginta

272 5003 523 5069 septem,
549 4997 723 5069 jussu
759 4994 1157 5067 imperatoris,
1190 4992 1471 5048 adversus
1502 4994 1927 5052 Iconomachos

269 5086 710 5153 convenissent,
742 5084 1080 5155 conscripto
1129 5082 1526 5149 anathemate,
1561 5098 1679 5152 quo
1718 5099 1925 5140 omnes

268 5175 526 5230 haereses
575 5178 635 5229 et
688 5171 1138 5240 hasresiarchas,
1170 5169 1469 5240 simulque
1500 5170 1925 5228 Iconomachos

268 5263 650 5330 damnarunt,
681 5278 889 5318 omnes
918 5277 1038 5316 uno
1087 5276 1188 5315 ore
1227 5258 1711 5315 conclamavere:
1744 5261 1921 5326 Quis-

270 5354 404 5427 quis
436 5369 633 5409 sacras
658 5352 948 5424 imagines
980 5367 1101 5406 non
1138 5349 1299 5418 colit,
1344 5348 1575 5404 alienus
1604 5354 1696 5405 est
1722 5350 1795 5406 ab
1827 5367 1925 5407 or-

269 5443 664 5501 thodoxorum
696 5440 851 5496 ﬁde:
905 5440 1097 5495 honor
1144 5444 1362 5504 autem,
1397 5438 1499 5508 qui
1543 5438 1787 5512 imagini
1818 5441 1923 5497 ha-

270 5534 464 5599 betur,
499 5531 562 5587 in
593 5534 1043 5602 prototypon,ut
1069 5528 1154 5584 ait
1188 5543 1434 5599 magnus
1466 5526 1739 5595 Basilius,
1770 5530 1924 5586 reci-

269 5622 394 5681 dit:
427 5621 530 5694 qui
560 5620 771 5677 adorat
816 5624 878 5676 et
925 5620 1181 5675 honorat
1217 5616 1560 5691 imaginem,
1608 5618 1816 5675 adorat
1860 5619 1922 5676 in

271 5728 340 5772 ea
359 5716 420 5770 et
438 5711 693 5768 honorat
714 5708 867 5781 ejus,
890 5723 1071 5781 quem
1093 5707 1286 5780 imago
1307 5705 1510 5774 refert,
1531 5706 1920 5780 hypostasim.

276 5804 417 5870 Quae
444 5817 579 5859 cum
605 5795 1537 5871 decrevissent,orthodoxamque
1566 5796 1749 5857 ﬁdem
1778 5800 1922 5858 scri.

2040 3396 2326 3473 ὡδήγησεν
2385 3396 2543 3453 αὐτὸν
2604 3398 2681 3461 είς
2738 3399 2840 3467 τήν
2893 3402 2993 3453 τοῦ
3047 3399 3284 3472 Χριστοῦ
3340 3395 3545 3452 πίστιν.
3595 3394 3696 3452 Καὶ

2036 3487 2282 3565 εύρόντες
2329 3484 2500 3563 ὕδωρ,
2534 3484 2679 3562 λέγει
2713 3488 2741 3542 ὁ
2775 3486 3041 3563 εὐνοῦχος
3068 3491 3148 3559 τῷ
3179 3483 3466 3558 Φιλίππῳ·
3500 3510 3528 3538 ‹‹
3558 3482 3698 3542 Ἰδοὺ

2043 3575 2215 3653 ὕδωρ,
2245 3576 2299 3632 τί
2326 3575 2531 3632 κωλύει
2567 3597 2632 3650 με
2675 3578 3036 3652 βαπτισθῆναι
3062 3596 3078 3647 ;
3109 3600 3137 3630 ››
3187 3574 3295 3632 Καὶ
3324 3570 3564 3636 καταϐὰς
3594 3573 3699 3629 ἀπὸ

2032 3674 2131 3725 τοῦ
2180 3671 2423 3746 ἅρματος
2480 3663 2807 3740 ἐϐαπτίσθη.
2862 3669 2965 3726 Τὸν
3027 3665 3085 3725 δὶ
3143 3665 3424 3723 Φίλιππον
3470 3667 3573 3722 οὐκ
3618 3663 3696 3722 ἔτι

2032 3756 2167 3814 ἴδεν·
2228 3755 2449 3835 ἠρπᾶγη
2511 3757 2637 3835 γὰρ·
2702 3755 2833 3813 ἀλλ’
2883 3756 3171 3833 έπορεύετο
3223 3756 3324 3827 τὴν
3373 3752 3498 3812 ὁδὸν
3530 3756 3697 3811 αὐτοῦ

2034 3848 2273 3924 χαίρων.
2332 3847 2483 3904 Μετά
2551 3848 2721 3904 ταῦτα
2780 3848 2809 3903 ὁ
2866 3844 3148 3910 Φίλιππος
3202 3845 3257 3902 έν
3316 3843 3543 3920 Θράλλῃ
3596 3851 3695 3915 τῆς

2033 3936 2218 4002 Ἀσίας
2242 3936 2533 3999 ἐπίσκοπος
2557 3936 2875 4014 γενόμενος,
2909 3933 3227 4006 έτελειώθη.

2592 4054 2773 4110 MHNI
2804 4056 2898 4131 re
2934 4057 3129 4131 me.

2820 4199 2897 4250 IB'

2031 4346 2093 4402 Ἥ
2124 4344 2425 4419 ἀνάμνησις
2474 4350 2573 4414 τῆς
2620 4345 2787 4492 alis:
2815 4338 3095 4489 1:233:35.
3143 4338 3373 4397 συνόδου
3426 4343 3537 4396 τῶν
3586 4341 3691 4409 τὴς

2099 4561 2158 4612 Ἦ
2215 4556 2345 4633 ἁγία
2393 4552 2604 4630 ἑϐδόμη
2663 4556 2752 4612 καί
2813 4555 3165 4630 οίκουμενιιιὴ
3221 4550 3444 4617 σύνοδος
3485 4548 3693 4629 ἐγένετο

2032 4644 2084 4700 έν
2114 4646 2314 4717 Νικαίᾳ
2367 4646 2430 4701 τὸ
2484 4643 2756 4722 δεύτερον,
2796 4644 2883 4700 ἐπὶ
2930 4651 3031 4715 τῆς
3088 4642 3365 4720 βασιλείας
3412 4645 3693 4701 Κωνσταν-

2032 4734 2185 4790 τίνου
2239 4734 2329 4791 καὶ
2382 4734 2626 4811 Εἰρήνης
2678 4737 2778 4804 τῆς
2816 4733 2979 4790 αὐτοῦ
3041 4734 3298 4809 μητέρος·
3347 4732 3693 4807 ὑπάρχοντος

2034 4826 2380 4901 πατριάρχου
2481 4822 3107 4888 Κωνσταντινουπόλεως
3206 4822 3498 4899 Ταρασίου,
3592 4822 3690 4875 τοῦ

2036 4915 2367 4989 ἀγιωτάτου,
2423 4915 2513 4970 καὶ
2572 4914 2836 4991 θεοφόρου
2888 4913 3096 4989 Πατρὸς
3154 4914 3338 4986 ἡμῶν.
3390 4912 3580 4973 Ὀντες
3634 4905 3692 4964 δὶ

2035 5003 2087 5057 οἱ
2144 5004 2286 5076 ἅγιοι
2352 5002 2586 5077 Πατέρες
2640 5002 2736 5057 τὸν
2802 5002 3031 5077 ἀριθμὸν
3095 5001 3400 5077 τριακόσιοι
3466 4999 3692 5069 ὶξηκον-

2031 5092 2256 5161 ταεπτά,
2314 5091 2582 5163 συνῆλθον
2639 5089 2885 5146 κελεύσει
2940 5090 3038 5145 τοῦ
3100 5089 3368 5168 βασιλέως
3415 5088 3553 5144 κατὰ
3578 5091 3688 5142 τῶν

2033 5178 2456 5257 Εἲκονομάχων.
2520 5179 2618 5235 Καὶ
2695 5178 3085 5253 ἀνεθεμάτισαν
3157 5178 3441 5257 ἐγγράφως
3514 5181 3688 5231 πᾶσαν

2033 5270 2263 5344 αἳρεσιν,
2322 5270 2413 5325 καὶ
2489 5269 2617 5330 τοὺς
2701 5272 2809 5324 τῶν
2894 5268 3155 5342 αἱρέσεων
3210 5264 3515 5341 ἀρχηγούς·
3577 5266 3692 5319 εἶτα

2030 5357 2121 5414 καὶ
2177 5356 2307 5421 τοὺς
2361 5356 2807 5431 Εἲκονομάχους·
2839 5358 3098 5421 ἅπαντας·
3137 5353 3332 5417 πάντες
3363 5352 3693 5430 ὁμοφρόνως

2032 5446 2292 5509 εἰπόντες·
2352 5446 2436 5502 ὅτι
2494 5448 2556 5504 Ὁ
2609 5448 2705 5508 τὰς
2765 5446 2913 5521 ἁγίας
2974 5445 3185 5507 εἰκόνας
3237 5447 3314 5519 μη
3347 5446 3692 5519 προσκυνῶν,

2032 5532 2330 5609 ἀλλότριός
2385 5533 2495 5590 ἔστι
2542 5537 2644 5605 τῆς
2701 5539 2809 5590 τῶν
2857 5531 3163 5606 όρθοδόξων
3195 5535 3451 5595 πίστεως·
3484 5531 3578 5586 καὶ
3607 5527 3693 5584 ὅτι

2031 5629 2067 5698 ἡ
2097 5624 2309 5689 εῒκόνος
2365 5628 2530 5701 τιμὴ,
2588 5625 2663 5690 ὠς
2721 5628 2750 5682 ὁ
2810 5626 2980 5702 μέγας
3033 5622 3199 5704 ἔφησε
3259 5623 3569 5693 Βασίλειος,
3601 5619 3691 5676 ἰπὶ

2031 5717 2095 5772 τὸ
2158 5717 2519 5793 πρωτότυπον
2588 5712 2881 5787 διαϐαίνει,
2936 5717 3000 5775 Ὀ
3052 5715 3153 5793 γὰρ
3209 5717 3528 5791 προσκυνῶν
3585 5711 3686 5780 τὴν

2044 5802 2229 5861 εἰκόνα
2278 5804 2369 5861 καὶ
2423 5809 2624 5881 τιμῶν,
2681 5809 2940 5881 προκυνεῖ
2995 5802 3048 5859 έν
3099 5804 3237 5879 αὐτῇ
3310 5803 3402 5860 καὶ
3428 5803 3564 5878 τιμᾷ
3590 5802 3690 5856 τοῦ
