4042 6206
311 396 439 455 105

1802 389 2186 453 OCTOBEB.

3607 406 3728 468 106

314 525 724 601 ἐγγραρομένου
773 525 876 590 τὴν
907 525 1224 579 ὑπόστασιν.
1258 522 1356 578 Καὶ
1387 521 1532 580 οὕτω
1558 520 1957 595 διαταξάμενοι,

2076 528 2174 593 pto
2209 524 2567 596 ﬁrmassent,
2599 533 2776 599 atque
2826 530 3151 588 honorifice
3181 537 3405 608 accepti
3436 537 3510 593 ab
3538 538 3729 611 impe-

312 618 399 669 καί
450 617 543 681 τὴν
604 610 906 687 ὀρθόδοξον
966 612 1150 667 πίστιν
1210 610 1488 689 ἐγγράφως
1552 606 1967 688 βεϐαιώσαντες,

310 705 396 757 καί
430 705 569 773 παρᾶ
597 707 704 755 τοῦ
753 701 1030 776 βασιλέως
1085 701 1431 772 τιμτιθέντες,
1474 698 1694 763 ἕκαστος
1746 700 1819 762 εἷς
1865 699 1966 767 τὴν

303 792 487 846 ἑαυτοῦ
516 791 845 861 ἐπισκοπὴν
878 790 1153 861 ἀπελύθη.

890 934 971 1005 Τῇ
1021 928 1156 999 αύτῇ
1215 925 1400 1000 ἡμέρᾳ

288 1021 565 1093 ’Δθλησις
630 1026 745 1077 τῶν
808 1020 997 1109 ἁγίωκα
1035 1017 1324 1111 μαρδτύρων
1385 1012 1624 1094 Πρόϐου,
1682 1017 1963 1094 Ταράχου,

913 1092 1002 1147 καὶ
1035 1090 1380 1166 Ἀνδρονίκου

362 1184 432 1241 Οἱ
461 1189 624 1259 τρεῖς
656 1182 974 1239 πολύαθλοι
1037 1180 1324 1256 μάρτυρες,
1388 1175 1622 1254 [Ιρόόος,
1682 1181 1964 1255 Τάραχος,

288 1276 379 1327 καὶ
445 1271 849 1346 Ἀνδρόνικος,
910 1270 1163 1345 ὑπῆρχον
1220 1271 1316 1342 μὲν
1372 1268 1460 1324 ἰπὶ
1534 1274 1635 1338 τῆς
1690 1266 1966 1343 βασιλείας

292 1361 741 1431 Διοκλητιανοῦ.
778 1361 1097 1435 Χριστιανοὶ
1128 1357 1186 1414 δὲ
1215 1357 1389 1430 ὄντες,
1444 1359 1535 1413 καὶ
1585 1359 1678 1412 τὸν
1730 1359 1962 1433 Χριστὸν

294 1451 751 1525 ὁμολογοῦντες,
785 1449 1158 1524 ἐκρατήθησαν
1208 1448 1355 1524 παρὰ
1407 1453 1504 1501 τοῦ
1555 1454 1654 1515 τῆς
1717 1446 1964 1508 Κιλικίας

299 1546 608 1618 ἄρχοντος.
644 1541 746 1594 Καὶ
781 1545 999 1612 πρῶτος
1061 1539 1156 1611 μὲν
1210 1533 1516 1611 συντριϐεὶς
1568 1536 1629 1591 τὸ
1672 1537 1966 1611 πρόσωπον

299 1634 329 1686 ὁ
387 1632 685 1705 Τάραχος,
742 1629 1072 1698 ἀπεκλείσθη
1133 1627 1209 1689 εἷς
1258 1626 1539 1702 φυλακήν.
1611 1625 1867 1700 Δεύτερος
1908 1622 1965 1679 δὲ

302 1722 530 1797 τυφθεὶς
594 1721 625 1773 ὁ
691 1714 924 1791 Πρόϐος,
983 1717 1072 1771 καὶ
1133 1714 1501 1788 σιδηροδεθεὶς
1559 1713 1832 1789 παρεδόθη
1873 1722 1963 1774 καὶ

306 1811 469 1871 αὐτὸς
501 1813 576 1882 τῇ
636 1806 880 1882 φυλακῇ.
927 1808 1027 1863 Καὶ
1087 1805 1267 1881 τρίτος
1325 1807 1355 1860 ὁ
1410 1807 1561 1879 ἅγιος
1618 1802 1967 1878 Ἀνδρόνικος

2078 618 2273 669 ratore
2303 623 2525 685 essent,
2558 618 2619 672 in
2678 635 2852 673 suum
2883 621 3135 692 quisque
3163 625 3569 698 episcopatum
3601 645 3732 684 sese

2073 704 2322 774 recepit.

2726 932 2942 1011 Eodem
2974 933 3070 989 die

2072 1017 2225 1073 118
2250 1018 2533 1075 Certamen
2590 1028 2900 1098 sanctorum
2955 1032 3260 1098 martyrum
3314 1030 3499 1098 Probi,
3554 1035 3726 1090 Tara-

2631 1094 2742 1159 chi,
2775 1101 2825 1149 et
2853 1096 3172 1155 Andronici.

2143 1178 2389 1247 Probus,
2417 1181 2711 1237 Tarachus
2762 1188 2820 1238 et
2875 1184 3274 1257 Andronicus,
3306 1193 3426 1244 tres
3456 1190 3725 1262 pluribus

2069 1266 2336 1340 insignes
2368 1271 2793 1327 certaminibus
2814 1279 3123 1345 martyres,
3155 1276 3517 1335 Diocletiano
3540 1281 3725 1354 impe-

2068 1362 2286 1427 ratore,
2311 1358 2470 1429 quod
2500 1360 2819 1416 Christiani
2865 1369 3082 1431 essent,
3115 1365 3531 1440 Christumque
3550 1373 3726 1441 proii-

2069 1451 2360 1512 terentur,
2395 1450 2807 1520 comprehensi
2841 1468 2874 1507 a
2903 1452 3120 1508 Οἱιὶοιω
3168 1455 3467 1528 prmfecto,
3500 1460 3726 1530 primus

2069 1535 2309 1606 quidem
2340 1537 2637 1594 Tarachus
2670 1539 2936 1612 colaphis
2977 1548 3258 1599 contusus
3308 1546 3367 1600 in
3429 1564 3725 1606 carcerem

2068 1625 2404 1696 conjicitur.
2441 1627 2663 1683 Deinde
2697 1629 2920 1685 Probus
2953 1631 3127 1704 virgis
3158 1651 3366 1701 cazsus,
3401 1636 3728 1711 ferreisque

2069 1713 2293 1767 catenis
2325 1717 2709 1783 constrictus,
2741 1719 3023 1775 custodiae
3058 1722 3328 1778 traditur.
3361 1726 3555 1781 Tertio
3590 1746 3728 1784 san-

2069 1808 2197 1857 ctus
2232 1804 2606 1860 Andronicus
2638 1824 2771 1862 cum
2832 1809 3187 1880 vapulasset,
3222 1813 3474 1885 ejusque
3500 1816 3728 1874 femora

301 1897 840 1976 τυρρθεὶς,καὶτοὺς
875 1897 1087 1969 μηροὺς
1142 1895 1283 1968 ξίφει
1336 1895 1662 1970 χαραχθεὶς,
1720 1893 1810 1948 καὶ
1866 1894 1959 1954 τὰς

2076 1892 2268 1964 gladio
2301 1894 2601 1950 lancinata
2626 1902 2911 1962 essent,et
2942 1897 3125 1954 latera
3156 1903 3725 1969 excarniﬁcata,sale

302 1988 557 2062 πλευρὰς
616 1986 838 2057 ξεσθείς,
897 1986 986 2040 καὶ
1076 1985 1211 2056 μετὰ
1267 1988 1364 2039 τοῦ
1404 1983 1603 2044 ἅλατος
1660 1978 1964 2056 ἀνατριϐεἱς

302 2074 584 2148 ἐνεϐλήθη
622 2076 757 2149 μετὰ
784 2080 889 2129 τῶν
919 2076 1129 2129 λοιπῶν
1188 2073 1266 2137 εἰς
1313 2073 1413 2141 τὴν
1464 2072 1630 2141 αὐτὴν
1690 2072 1961 2150 φυλακήν.

306 2170 440 2225 Εἶτα
473 2167 585 2221 ἀπὸ
646 2163 898 2225 Κιλικίας
945 2160 1185 2226 δεθέντες
1234 2160 1490 2236 ἤχθησαν
1545 2161 1621 2224 εἲς
1705 2164 1964 2235 Movimus-

304 2258 486 2314 στίαν.
522 2256 627 2313 Καὶ
681 2255 757 2327 μὴ
808 2254 1109 2317 πεισθέντες
1165 2253 1493 2328 ἀρνήσασθαι
1548 2253 1641 2307 τὸν
1699 2253 1963 2327 Χριστὸν,

306 2346 479 2402 πάλιν
550 2341 999 2414 ἰϐασανίσθησαν.
1059 2343 1120 2399 Ὀ
1179 2342 1274 2415 μὲν
1357 2341 1612 2416 Τάραχος
1665 2343 1728 2396 τὸ
1789 2340 1965 2413 στόμα

308 2433 692 2502 συνθλασθεὶς,
778 2433 871 2487 καὶ
953 2432 1052 2499 τήν
1142 2428 1388 2506 κεφαλὴν
1445 2430 1724 2504 ξυρισθείς.
1802 2430 1858 2483 Ὀ
1908 2426 1966 2485 δὲ

306 2522 661 2596 Ἀνδρόνικος
717 2523 818 2590 τὴν
876 2521 1110 2595 γαστέρα
1193 2514 1418 2595 ῥάϐδοις
1496 2519 1735 2596 τυφθείς.
1793 2520 1850 2572 Ὀ
1907 2515 1966 2573 δὶ

304 2610 531 2686 Πρόόος
592 2611 729 2685 μετά
775 2605 1049 2665 σουϐλίων
1108 2607 1518 2683 πεπυρωμένων
1577 2607 1672 2672 τὰς
1739 2608 1963 2682 μασχά-

310 2703 435 2770 λας,
499 2701 596 2756 καὶ
653 2700 725 2756 τὰ
778 2699 890 2773 ψύα
938 2697 1248 2760 κατακαείς.
1312 2697 1414 2754 Καὶ
1467 2696 1723 2759 πλείονας
1754 2697 1963 2752 τούτων

312 2792 590 2867 βασάνους
639 2787 1047 2861 ὑπομείναντες,
1078 2786 1298 2860 ὕστερον
1330 2784 1857 2862 ἀπεκεφαλίσθησαν.

888 2924 972 2996 Τῇ
1021 2922 1162 2997 αὐτῇ
1214 2922 1398 2995 ἡμέρᾳ

381 3024 660 3091 Ἀθλησις
712 3022 813 3088 τῆς
876 3017 1030 3093 ἁγίας
1090 3013 1361 3150 qui???“
1413 3012 1763 3075 Ἀναστασίαε
1793 3017 1892 3082 τῆς

994 3107 1103 3159 παρ
1169 3108 1195 3140 ν
1238 3108 1288 3141 υ.

382 3184 448 3239 Ἥ
497 3179 708 3255 μάρτυς
762 3181 861 3233 τοῦ
912 3178 1150 3253 Χριστοῦ
1209 3173 1533 3244 Αναστασία,
1591 3172 1811 3249 ὐπῆρχε
1870 3172 1964 3246 μὲν

2068 1983 2433 2051 aspersus.in
2466 1984 2740 2039 eumdem
2780 2003 2907 2040 cum
2931 1988 3180 2058 reliquis
3211 2007 3507 2047 carcerem
3532 1996 3726 2051 inclu-

2070 2070 2253 2126 ditur.
2296 2073 2435 2126 Post
2465 2072 2589 2127 haac
2619 2090 2653 2128 a
2681 2074 2884 2130 Cilicia
2906 2078 3321 2147 Mopsuestiam
3344 2081 3665 2152 ducti,cum
3689 2103 3721 2142 a

2069 2160 2283 2215 Christi
2341 2161 2714 2217 confessione
2745 2164 3029 2221 dimoveri
3061 2183 3182 2223 non
3218 2176 3481 2240 possent,
3514 2190 3721 2231 rursus

2070 2251 2709 2317 excruciati,Tarachus
2739 2255 2980 2325 quidem
3011 2273 3112 2312 ore
3138 2266 3405 2325 contuso,
3440 2266 3499 2317 et
3528 2265 3719 2335 capite

2070 2338 2280 2395 abraso
2297 2358 2311 2406 ;
2328 2341 2699 2398 Andronicus
2721 2350 2919 2401 autem
2935 2364 3084 2402 caeso
3106 2348 3470 2421 scipionibus
3492 2359 3724 2423 ventre;

2070 2428 2294 2485 Probus
2339 2448 2473 2485 vero
2531 2433 2809 2489 ustulatis
2834 2435 3226 2493 candentibus
3259 2438 3487 2496 subulis
3529 2443 3727 2498 axillis

2069 2516 2408 2590 lumbisque
2432 2537 2445 2587 ;
2473 2521 2675 2576 multis
2705 2522 2945 2580 demum
2977 2525 3109 2582 aliis
3141 2528 3501 2586 cruciatibus
3519 2547 3728 2587 omnes

2069 2608 2280 2676 vexati,
2315 2609 2505 2680 capite
2537 2610 2896 2681 plectuntur.

2726 2926 2946 2985 Eodem
2978 2928 3073 2985 die

2073 3014 2230 3069 114
2286 3014 2569 3070 Certamen
2649 3024 2875 3102 sanctae.
2930 3022 3196 3102 martyris
3250 3023 3562 3080 Anastasiw
3612 3025 3726 3079 vir-

2819 3106 2983 3158 ginis.

2146 3193 2458 3249 Anastasia
2532 3194 2747 3249 Christi
2792 3202 3037 3268 martyr,
3097 3199 3270 3255 Decio
3324 3206 3382 3255 et
3418 3202 3727 3258 Valeriano

306 3272 396 3327 ἐπὶ
424 3278 531 3340 τῆς
587 3267 870 3343 βασιλείας
927 3265 1118 3320 Δεκίου
1172 3265 1261 3319 καὶ
1321 3263 1713 3338 Ούαλεριανοῦ,
1778 3262 1837 3317 ἐκ
1863 3265 1959 3329 τῆς

2076 3278 2551 3351 imperatoribus,
2585 3301 2654 3338 ex
2676 3283 2820 3338 urbe
2846 3287 3023 3340 Roma
3053 3286 3184 3353 fuit,
3220 3290 3613 3344 monasticam
3644 3292 3729 3343 vi-

302 3362 532 3423 πόλεως
560 3360 807 3431 Ῥώμης.
838 3358 940 3414 Ἦν
975 3353 1033 3410 δὲ
1093 3353 1421 3428 μονάζουσα,
1478 3353 1611 3426 μετᾶ
1638 3352 1727 3410 καὶ
1759 3350 1955 3428 ἑτέρων

304 3449 621 3525 παρθένων,
702 3447 754 3502 ἰν
819 3444 1167 3519 μοναστηρίῳ
1218 3442 1345 3499 τινί.
1406 3436 1682 3512 Διεϐλήθη
1742 3439 1834 3495 οὖν
1882 3444 1962 3512 τῷ

305 3540 567 3615 ἄρχοντι.
621 3542 681 3594 Ὁ
742 3533 798 3590 δὲ
856 3534 1204 3604 ἀποστείλας,
1286 3534 1485 3608 ἢγαγεν
1571 3531 1739 3601 αὐτὴν
1823 3530 1960 3604 πρὸς

305 3629 506 3684 ἑαυτὸν
543 3629 676 3698 μετᾶ
727 3626 921 3680 κλοιοῦ
970 3620 1217 3697 σιδηροῦ’
1276 3624 1362 3675 καὶ
1425 3625 1674 3684 σταθεῖσα
1751 3619 1959 3694 ἔμπρο-

311 3732 440 3781 σθεν
470 3721 569 3772 τοῦ
610 3713 903 3790 ἄρχοντος,
956 3713 1044 3767 καὶ
1106 3712 1460 3787 ἐρωτηθεῖσα,
1515 3710 1845 3784 ὡμολόγησε
1898 3709 1961 3763 τὸ

318 3804 503 3879 ὄνομα
529 3812 621 3861 τοῦ
651 3809 907 3880 Χριστοῦ.
942 3806 1045 3859 Καὶ
1092 3802 1345 3857 τύπτεται
1391 3800 1468 3862 εἷς
1523 3800 1586 3855 τὸ
1642 3799 1959 3873 πρόσωπον·

314 3898 413 3954 καὶ
474 3900 793 3970 γυμνοῦται’
853 3894 945 3949 καὶ
1002 3893 1104 3947 ὑπὸ
1159 3892 1329 3966 πυρὸς
1384 3888 1747 3945 κατακαίεταν
1810 3888 1959 3965 ἐπιρ-

317 3987 661 4063 ῥαινομὲνων
716 3982 894 4038 ἐπάνω
952 3982 1121 4051 αὐτῆς
1185 3980 1384 4050 πίσσης
1460 3978 1549 4033 καὶ
1627 3976 1812 4033 ἐλαίου
1869 3980 1956 4034 καὶ

311 4078 562 4154 Θεαρίου.
600 4075 731 4132 Εἶτα
757 4079 1021 4149 κρεμᾶται
1053 4071 1104 4127 ἐν
1148 4076 1226 4144 τῷ
1257 4069 1426 4143 ξύλῳ.
1461 4071 1562 4125 Καὶ
1594 4069 1959 4144 στρεφομένου

306 4172 409 4223 τοῦ
442 4164 757 4239 στυρακίου,
792 4162 1001 4238 ἔτριζον
1058 4162 1126 4216 τὰ
1187 4160 1318 4214 ὀστᾶ
1372 4158 1563 4228 αὐτῆς.
1648 4160 1774 4215 Εἶτα
1813 4159 1959 4215 ἀπο-

308 4256 568 4329 τέμνεται
601 4254 729 4315 τοὺς
788 4251 884 4307 δύο
938 4252 1106 4316 αὐτῆς
1161 4249 1421 4323 μασθοὺς,
1452 4247 1542 4303 καὶ
1599 4247 1725 4310 τοὺς
1756 4244 1958 4324 ὄνυχας

308 4342 750 4401 ἀνασπᾶται.Καὶ
786 4340 921 4415 μετᾶ
947 4344 1113 4395 ταῦτα
1140 4338 1396 4393 κόπτεται
1442 4336 1539 4400 τὰς
1590 4335 1686 4391 δύο
1743 4343 1954 4412 χεῖρας.

311 4437 448 4496 Εἶτα
477 4437 609 4496 τοὺς
642 4432 737 4489 δύο
769 4430 958 4493 πόδας·
1018 4430 1106 4484 καὶ
1164 4427 1470 4504 ἰκριζοῦται
1521 4426 1650 4489 τοὺς
1708 4426 1953 4493 ὀδόντας·

2070 3372 2188 3422 tam
2220 3387 2355 3424 cum
2385 3370 2520 3425 aliis
2554 3371 2876 3441 virginibus
2935 3374 2995 3426 in
3046 3375 3305 3442 quodam
3361 3377 3727 3431 monasterio

2073 3474 2270 3529 agens.
2305 3459 2495 3522 Quare
2526 3458 2599 3512 ad
2623 3459 2964 3528 praefectum
2998 3460 3212 3525 delata,
3247 3463 3377 3533 ejus
3400 3464 3575 3535 jussu
3606 3465 3732 3518 col-

2072 3547 2181 3602 lari
2205 3547 2395 3600 ferreo
2412 3548 2731 3617 constricta
2757 3548 2830 3602 ad
2862 3548 3054 3619 ipsum
3081 3549 3399 3607 adducitur
3422 3553 3524 3608 :ad
3557 3554 3728 3626 cujus

2070 3642 2452 3706 conspectum
2476 3653 2609 3691 cum
2643 3638 3088 3708 stetisset,quod
3120 3640 3724 3714 interrogata,Christi

2070 3741 2291 3779 nomen
2322 3725 2593 3780 confessa
2623 3732 2798 3793 esset,
2832 3727 3097 3798 colaphis
3127 3730 3373 3785 caaditur
3407 3747 3420 3785 :
3454 3737 3579 3787 tum
3613 3748 3729 3787 nu-

2070 3813 2226 3877 data,
2256 3813 2522 3884 subjecto
2554 3815 2687 3886 igne
2717 3815 3073 3883 amburitur,
3121 3817 3348 3889 liquata
3399 3821 3549 3892 pice,
3596 3822 3727 3877 oleo

2069 3918 2137 3958 ac
2168 3903 2454 3974 sulphure
2485 3904 3035 3975 superinfusis.Mox
3057 3907 3118 3961 in
3137 3909 3457 3979 equuleum
3481 3910 3729 3966 sublata:

2070 4009 2206 4047 ossa
2234 3993 2456 4061 omnia,
2498 4010 2780 4049 converso
2813 3994 3036 4061 hastili,
3071 3996 3552 4068 confringuntur.
3588 4002 3730 4054 Post

2069 4081 2195 4135 htBC
2217 4081 2407 4135 ambas
2438 4082 2720 4137 mamillze
2752 4083 2806 4137 ei
2823 4083 3275 4151 abscinduntur,
3293 4103 3521 4158 ungues
3539 4092 3730 4143 extra-

2069 4169 2310 4233 huntur,
2344 4176 2592 4241 utraque
2617 4187 2828 4226 manus
2848 4178 3211 4243 amputatur,
3243 4189 3310 4228 ac
3341 4174 3551 4229 dentes
3571 4176 3724 4230 evel-

2069 4258 2558 4314 luntur.Tandem
2593 4265 2726 4329 post
2754 4260 2975 4315 multos
3006 4261 3156 4315 alios
3187 4261 3501 4329 cruciatus,
3527 4261 3722 4333 gladio

2068 4348 2249 4403 ﬁnem
2281 4349 2545 4419 accepit:
2579 4354 2755 4418 atque
2806 4350 2888 4403 ita
2948 4349 3222 4419 spiritum
3263 4365 3436 4403 suum
3468 4349 3722 4404 Domino

2067 4436 2329 4491 tradidit.

308 4529 401 4582 καί
436 4528 628 4597 ἑτέρας
659 4523 926 4596 τιμωρίας
971 4518 1186 4581 πολλὰς
1248 4516 1599 4591 ὑπομείνασα,
1659 4517 1973 4575 τελευταῖον
2002 4522 2065 4577 τὸ
2098 4520 2394 4600 διὰξίφους
2426 4520 2645 4596 δέχεται
2700 4520 2878 4585 τέλος.
2934 4522 3032 4576 Καὶ
3075 4522 3248 4582 οὕτως
3303 4521 3586 4600 παρέδωκε
3665 4526 3729 4581 τὸ

310 4622 529 4691 πνεῦμα
559 4616 726 4680 αὗτῆς
756 4611 835 4686 τῷ
858 4610 1063 4686 Κυρίῳ.

912 4732 989 4802 Τῇ
1023 4726 1158 4799 αὖτῆ
1189 4723 1390 4799 ἡμέρᾳ.

529 4819 804 4891 Ἀθλησις
831 4826 931 4889 τῆς
958 4818 1115 4892 ἁγίας
1150 4814 1420 4888 μάρτυρος
1452 4813 1744 4886 Δομνίνης.

381 4916 451 4971 Ἡ
516 4912 721 4986 μάρτυς
778 4912 877 4963 τοῦ
937 4909 1174 4981 Χριστοῦ
1246 4906 1483 4977 Δομνῖνα
1564 4903 1805 4986 ύπῆρχεν
1874 4902 1963 4960 ἐπὶ

311 4984 720 5072 Διοκλητιανοῦ
767 4994 1048 5057 Βασιλέως
1078 4992 1138 5047 ἐκ
1183 4993 1281 5061 τῆς
1325 4984 1665 5063 Ἀναζάρϐου
1723 4991 1961 5057 πόλεως’

310 5093 592 5169 ἐκρατήθη
625 5086 703 5161 δὲ,
746 5088 819 5149 ὡς
852 5083 1173 5160 Χριστιανὴ,
1224 5081 1370 5158 παρᾶ
1402 5078 1615 5169 δημίων
1648 5078 1961 5153 Ἑλλήνων,

310 5167 413 5238 Καὶ
448 5180 692 5254 παρέστη
721 5181 802 5249 τῷ
847 5173 1119 5251 κριτηρίῳ
1174 5171 1376 5254 Λυσίου
1433 5174 1534 5224 τοῦ
1592 5167 1805 5233 δουκος.
1864 5170 1962 5227 Καὶ

311 5252 714 5342 ὁμολοιξήσασα
786 5264 921 5338 μετά
975 5259 1281 5339 παρῥησίας
1340 5252 1571 5312 ἔνώπιον
1628 5256 1843 5313 πάντων
1899 5260 1962 5314 τὸ

311 5357 493 5430 ὄνομα
551 5358 649 5410 τοῦ
705 5353 906 5429 Κυρίου
953 5354 1116 5425 ἡμῶν
1168 5351 1349 5420 Ἰησοῦ
1390 5350 1626 5421 Χριστοῦ
1682 5346 1771 5402 καὶ
1832 5350 1959 5403 Θεὸν

309 5448 582 5517 ἀληθινὸν
646 5444 803 5498 αὐτὸν
857 5442 1106 5509 εἰποῦσα,
1164 5438 1254 5494 καὶ
1314 5441 1558 5506 Ποιητήν
1615 5440 1710 5491 τοῦ
1759 5438 1959 5501 παντὸς

304 5537 441 5601 τοὺς
496 5534 557 5590 δὲ
607 5539 715 5588 τῶν
787 5530 1078 5601 Ἑλλήνων
1132 5527 1284 5589 θεοὺς
1344 5523 1558 5599 ψευδεῖς
1613 5523 1961 5600 ἀποδείξασα,

307 5628 399 5683 καὶ
469 5624 665 5689 λίθους
720 5623 809 5677 καὶ
869 5620 1024 5694 ξύλα,
1083 5618 1173 5674 καὶ
1247 5617 1448 5691 σαθρὰν
1493 5615 1647 5681 ὕληνο
1708 5617 1963 5677 τύπτεται

598 5744 860 5804 Ριτιιοι..
906 5743 1018 5802 Gn.
1067 5737 1300 5799 CXVII.

2710 4728 2927 4785 Eodem
2988 4730 3083 4787 die

2214 4820 2363 4876 115
2402 4820 2683 4874 Certamen
2738 4827 2940 4877 sancta:
2982 4823 3243 4891 martyris
3276 4824 3578 4877 Domnina}.

2143 4909 2437 4967 Domnina
2451 4910 2665 4966 Christi
2694 4917 2939 4984 martyr,
2964 4913 3324 4968 Diocletiano
3345 4913 3725 4985 imperatore,

2073 5001 2134 5055 in
2147 5000 2293 5055 urbe
2310 5000 2611 5057 Anazarbo
2629 5001 2955 5074 nata,quod
2970 5002 3305 5058 Christiana
3327 5006 3502 5073 esset,
3518 5019 3552 5057 a
3566 5002 3732 5058 licto-

2071 5089 2238 5145 ribus
2292 5091 2507 5146 Graacis
2548 5092 3003 5163 comprehensa,
3037 5091 3266 5147 sistitur
3322 5090 3506 5163 Lysim
3565 5090 3733 5148 ducis

2074 5179 2649 5251 tribunali.Cumque
2668 5180 2900 5234 Domini
2924 5180 3111 5235 nostri
3128 5181 3263 5236 Iesu
3276 5180 3490 5235 Christi
3514 5197 3737 5237 nomen

2075 5268 2261 5324 libere
2293 5286 2493 5325 coram
2513 5268 2790 5323 omnibus
2811 5268 3214 5340 profiteretur,
3233 5268 3405 5325 illum
3428 5270 3735 5327 afﬁrmans

2071 5374 2275 5413 verum
2300 5359 2484 5413 Deum
2516 5373 2667 5426 esse,
2703 5358 3088 5429 universique
3117 5358 3523 5428 Conditorem,
3553 5359 3738 5417 falsos

2075 5452 2271 5502 autem
2304 5448 2641 5502 Graecorum
2673 5446 2836 5513 deos,
2863 5446 3093 5519 lapides
3125 5464 3254 5503 esse
3304 5448 3645 5518 ostendens,
3681 5449 3740 5503 et

2076 5536 2258 5609 ligna,
2288 5542 2347 5591 et
2372 5542 2607 5608 putrem
2657 5538 2988 5597 materiam,
3023 5537 3435 5594 crudelissime
3467 5539 3735 5607 caeditur,

2077 5626 2379 5697 pedesque
2411 5626 2574 5681 illius
2633 5626 3028 5682 candentibus
3086 5626 3314 5682 subulis
3354 5628 3734 5682 aduruntur:

3413 5742 3450 5798 Δ·
