4042 6206
1627 369 2064 439 MENOLOGll
2107 371 2319 433 PARS
2361 369 2414 430 l.
3605 365 3727 428 108

309 398 428 459 107

313 559 530 621 deinde
561 559 623 614 in
667 567 966 613 carcerem
1023 546 1363 618 conjicitur.
1396 541 1508 598 Sed
1537 541 1758 596 iterum
1816 551 1971 608 quaa-

2113 529 2355 621 .νηλεῶς,
2408 531 2499 586 καὶ
2577 528 2712 602 μετᾶ
2766 524 3039 585 σουϐλίων
3123 525 3534 602 πεπυρωμένων
3594 527 3733 591 τοὺς

298 652 492 710 'stioni
525 647 811 719 subjecta,
847 637 1216 711 scipionibus
1247 632 1538 689 acerrime
1579 629 1925 685 verberatur
1960 639 1974 678 :

2115 618 2243 719 όδας
2307 618 2645 719 *διακαίεταα
2705 619 2840 674 Εἶτα
2910 618 2989 680 εἰς
3057 616 3306 694 φυλακὴν
3365 612 3730 690 ἐμϐάλλεται.

316 704 574 799 ὑόν-ὑπ
629 704 848 805 singuli
882 704 1287 785 membrorum
1319 729 1482 778 artus
1531 717 1856 790 forcipibus
1887 713 1976 769 illi

2113 713 2253 764 ιτᾶσα
2303 706 2362 763 δὲ
2438 707 2604 763 πάλιν
2664 708 2742 770 είς
2826 705 3075 783 δευτέραν
3157 707 3414 778 ἐξέτασιν,
3469 704 3726 760 τύπτεται

319 834 619 893 luxantur,
651 835 976 890 rursusque
1007 818 1069 870 in
1097 813 1433 870 custodiam
1474 807 1804 864 includitur
1838 821 1851 859 :
1911 804 1974 858 in

323 937 442 992 qua
466 933 600 973 cum
628 916 844 974 oraret,
873 915 932 963 et
986 906 1204 978 gratias
1252 904 1369 957 Deo
1434 903 1652 972 ageret,
1699 912 1806 968 pro
1861 907 1976 964 quo

324 981 502 1066 etiam
532 1001 882 1072 martyrium
917 995 1176 1056 subibat,
1199 993 1441 1047 beatum
1473 988 1751 1060 spiritum
1776 981 1978 1038 reddi-

330 1099 418 1154 dit
451 1112 464 1152 :
496 1071 766 1163 reliquias
799 1103 938 1143 vero
973 1085 1100 1156 ejus
1132 1081 1460 1136 honoriﬁce
1491 1075 1764 1149 sepulcro
1796 1071 1980 1127 illata)

325 1190 484 1243 sunt.

894 1354 1136 1412 EODEM
1162 1351 1302 1406 ΜΕΝ
1311 1350 1414 1404 SE.

883 1472 986 1528 Die
1017 1469 1249 1524 decima
1273 1463 1452 1520 tertia

328 1599 482 1656 116
535 1598 814 1652 Certamen
840 1594 1153 1646 sanctorum
1176 1587 1491 1656 martyrum
1541 1576 1730 1656 Carpi,
1762 1570 1986 1643 Pap-yli,

545 1649 596 1722 et
626 1667 896 1722 sociorum
929 1655 1281 1730 Agathodori
1310 1649 1362 1708 et
1395 1649 1772 1722 Agathonicce.

407 1839 603 1897 Sancti
636 1839 928 1906 martyres
955 1831 1180 1900 Carpus
1213 1830 1271 1880 et
1299 1821 1556 1894 Papylus
1587 1817 1761 1873 Decio
1801 1815 1992 1885 impe-

2080 799 2214 871 μετᾶ
2250 793 2486 874 ῥαϐδίων
2521 799 2785 874 ἰσχυρῶς·
2837 799 2924 852 καὶ
2989 797 3338 872 ἐξαρθροῦται
3398 793 3486 850 διὰ
3534 796 3726 869 κειρο-

2081 883 2267 944 λάϐων
2317 889 2386 943 τὰ
2445 889 2615 964 ἂρθρα
2669 893 2777 941 τῶν
2841 885 3045 960 μελῶν.
3107 886 3204 940 Καὶ
3263 883 3426 939 πάλιν
3481 883 3724 961 ῥίπτεται

2081 975 2158 1040 εἰς
2187 975 2458 1053 φυλακήν.
2493 977 2602 1032 Καὶ
2645 975 2698 1030 έν
2756 974 2892 1049 αὐτῇ
2953 973 3108 1045 οὖσα,
3160 973 3578 1049 εύχαριστοῦσα,
3638 973 3726 1028 καὶ

2082 1064 2527 1140 προσευχομένη,
2610 1064 2874 1139 παρέθετο
2930 1069 3012 1137 τῷ
3073 1068 3212 1135 Θεῷ,
3302 1063 3434 1138 ὑπὲρ
3518 1059 3581 1117 οὗ
3637 1063 3725 1117 καὶ

2087 1154 2449 1231 ἐμαρτύρησε,
2505 1157 2606 1224 τήν
2671 1152 2938 1230 μακαρίαν
3026 1154 3196 1224 αὐτῆς
3268 1155 3480 1228 ψυχήν.
3538 1153 3615 1209 Τὸ
3672 1149 3730 1207 δὲ

2087 1243 2342 1319 λείψανον
2375 1246 2546 1314 αὐτῆς
2574 1243 2742 1321 ἐτάφη
2777 1243 3036 1317 ἐντίμως.

2648 1363 2826 1419 MHNl
2855 1366 2938 1416 ’ῙὨ
2968 1366 3170 1418 ΑΥΤΩ.

2887 1452 2986 1506 1Γ“.

2091 1567 2359 1643 Ἅβλησις
2417 1572 2525 1643 τῷν
2595 1567 2780 1643 ἁγίων.
2851 1565 3171 1643 μαρτύρων,Δ
3251 1565 3496 1643 Κάρπου,
3556 1562 3742 1643 Παπύς

2164 1635 2317 1714 loc,
2371 1640 2463 1714 καὶ
2543 1635 2654 1695 τῶν
2736 1635 2861 1694 σὺν’
2909 1635 3095 1701 αὐτοῖς
3146 1635 3551 1714 ’Ἄγαθοδώρου
3642 1636 3739 1692 καὶ

2167 1712 2390 1785 Ἀγαθον
2401 1711 2485 1782 ίκη
2496 1732 2541 1773 ς.

2167 1801 2235 1858 Οἱ
2267 1801 2416 1875 ἅγιοι
2452 1798 2717 1875 μάρτυρες
2751 1800 2974 1874 Κάρπος
3023 1799 3114 1855 καὶ
3173 1797 3432 1860 Πάπυλος
3489 1799 3742 1871 ὑπῆρχον

332 1938 528 1989 ratore
563 1927 913 1982 ﬂoruerunt.
975 1921 1046 1973 Et
1075 1920 1316 1972 sanctus
1347 1911 1588 1983 quidem
1614 1909 1836 1978 Carpus
1861 1903 1991 1975 epi-

2113 1889 2191 1989 mi
2250 1888 2440 1945 Δεκίου
2467 1893 2565 1944 τοῦ
2600 1887 2888 1964 βασιλέως.
2923 1887 3085 1946 Καὶὸ
3147 1889 3242 1961 μὶν
3301 1888 3462 1962 ἅγιος
3516 1887 3742 1960 Κάρπος

333 2035 546 2091 scopus
574 2013 990 2087 Thyatirorum
1013 2007 1125 2062 fuit
1148 2023 1162 2072 ;
1183 2002 1438 2074 Papylus
1461 2004 1657 2055 autem
1676 1995 1981 2051 diaconus.

330 2084 756 2182 Comprehensi
790 2108 988 2159 autem
1017 2099 1089 2154 ab
1121 2097 1274 2151 Asiae
1304 2084 1985 2166 praefecto,interrogati-

330 2219 470 2276 que,
501 2197 718 2255 Christi
751 2193 985 2251 Domini
1016 2204 1234 2245 nomen
1267 2187 1327 2240 in
1359 2186 1680 2252 conspectu
1719 2177 1987 2233 omnium

332 2268 586 2350 confessi
619 2291 758 2343 sunt
784 2302 797 2339 :
823 2282 1099 2355 jussique
1129 2275 1304 2331 idolis
1336 2271 1672 2336 immolare,
1701 2268 1992 2338 imperata

333 2382 526 2436 facere
557 2377 931 2432 recusarunt.
962 2370 1152 2432 Quare
1175 2364 1446 2434 alligatos
1475 2359 1550 2414 ad
1581 2369 1990 2428 equos,usque

338 2470 411 2526 ad
445 2465 656 2522 Sardes
685 2462 894 2518 urbem
923 2474 1044 2529 prae
1076 2471 1136 2509 se
1159 2453 1364 2525 egit,et
1383 2447 1637 2520 raptavit
1657 2443 1990 2516 praefectus,

340 2558 542 2626 ibique
572 2554 634 2607 in
666 2549 986 2622 equuleum
1018 2550 1179 2600 actos
1221 2535 1628 2596 excarniﬁcari
1673 2531 1992 2588 mandavit.

343 2623 755 2718 Agathodorus
785 2643 983 2693 autem
1017 2637 1358 2689 sanctorum
1383 2642 1604 2694 servus,
1637 2623 1772 2677 illos
1793 2635 1995 2692 prose-

346 2739 538 2800 cutus,
572 2729 779 2786 tandiu
843 2728 1171 2796 torquetur,
1222 2719 1410 2774 donec
1463 2713 1766 2786 expiravit.
1820 2711 1996 2765 Porro

345 2826 570 2894 Carpus
601 2836 735 2874 cum
766 2816 828 2870 in
860 2812 1112 2885 equuleo
1145 2807 1499 2875 subrideret,
1531 2807 1768 2875 rogatus
1799 2815 1834 2855 a
1858 2815 2003 2870 prai-

344 2888 520 2980 fecto,
554 2911 725 2980 cujus
750 2921 928 2962 causa
957 2902 1015 2957 id
1047 2901 1288 2969 faceret,
1318 2893 1649 2967 respondit,
1680 2907 1741 2945 se
1774 2888 2000 2944 exhila-

346 2975 543 3058 ratum
575 2975 726 3064 esse,
759 2993 918 3065 quod
970 2990 1219 3062 gloriam
1283 2985 1381 3041 Dei
1422 2982 1685 3038 vidisset.
1716 2978 1901 3051 Igitur
1929 2975 2001 3031 de

349 3089 602 3161 equuleo
635 3083 977 3156 depositi,in
993 3081 1190 3152 ignem
1203 3074 1624 3147 conjiciuntur.
1643 3067 2006 3141 Agathonica

344 3159 544 3234 autem
567 3174 773 3246 Papyli
815 3187 1004 3236 soror,
1039 3184 1169 3239 qua:
1202 3171 1325 3220 tum
1357 3159 1650 3230 aderat,in
1681 3172 1888 3229 rogum
1910 3171 2004 3209 ar-

345 3269 584 3324 dentem
617 3243 724 3319 sua
757 3265 966 3334 sponte
1024 3255 1287 3330 gaudens
1318 3251 1545 3307 insilit:
1579 3252 1638 3303 et
1665 3245 1840 3302 ambo
1872 3243 1998 3298 ani-
2030 3272 2075 3340 α

345 3373 474 3414 mas
496 3353 748 3411 Domino
781 3347 1100 3406 tradidere.

1013 3524 1236 3581 Eodem
1265 3522 1361 3578 die

498 3625 647 3678 ’ll1
717 3623 1008 3676 Certamen
1059 3615 1237 3671 sancti
1280 3611 1545 3679 martyris
1583 3605 1867 3662 Florentii.

429 3737 763 3794 Florentius
777 3739 999 3803 martyr
1019 3747 1090 3786 ex
1118 3729 1263 3784 urbe
1293 3723 1714 3782 Thessalonica
1733 3719 2015 3776 fuit.Cum

361 3833 561 3884 autem
584 3825 950 3879 Christianus
969 3817 1505 3885 esset,honestique
1520 3811 2012 3878 studiosissimus,

361 3915 578 3989 probra
604 3919 663 3968 et
691 3911 956 3968 convicia
985 3908 1240 3963 maxime
1267 3905 1534 3960 omnium
1569 3902 1630 3956 in
1680 3903 2017 3956 Graecorum

359 3988 502 4062 deos
544 4001 829 4075 jactabat,
887 4012 1217 4067 vanamque
1274 4009 1480 4049 eorum
1529 3988 2016 4061 superstitionem

362 4089 902 4151 anathematizabat
931 4102 1168 4155 ;veram
1198 4089 1395 4139 autem
1428 4078 1644 4135 Christi
1677 4077 1857 4132 ﬁdem
1888 4091 2013 4130 om-

355 4201 462 4240 nes
495 4176 1296 4249 edocebat,Christianosque
1317 4168 1712 4226 confirmabat
1732 4172 1790 4222 et
1805 4165 2014 4221 cohor-

355 4274 596 4329 tabatur
647 4269 722 4326 ad
783 4265 1138 4340 explendam
1167 4262 1271 4319 Dei
1301 4260 1684 4316 voluntatem.
1718 4255 1898 4328 Cujus
1929 4253 2016 4310 rei

358 4379 536 4420 causa
567 4359 1032 4432 comprehensus
1063 4371 1097 4410 a
1128 4351 1389 4426 regionis
1435 4347 1737 4421 prmfecto,
1769 4345 2018 4399 interro-

356 4461 666 4527 gatusque,
699 4452 760 4506 in
788 4449 954 4504 illius
986 4448 1309 4516 conspectu
1341 4440 1647 4497 confessus
1679 4441 1789 4503 est,
1815 4433 2017 4490 Domi-

359 4560 504 4598 num
537 4548 809 4597 nostrum
838 4541 1038 4594 Jesum
1069 4534 1366 4590 Christum
1405 4546 1534 4586 esse
1567 4527 1760 4584 solum
1791 4526 2017 4580 Deum;

2093 1979 2386 2041 ἐπίσκοπος
2433 1979 2500 2047 ἦν
2556 1977 2885 2051 Θυατείρων
2946 1979 2974 2033 ὁ
3036 1974 3094 2032 δέ
3151 1975 3409 2038 Πάπυλος
3469 1973 3744 2037 διάκονος.

2092 2069 2462 2144 Κρατηθέντες
2490 2067 2580 2120 οὖν
2612 2065 2761 2139 παρᾶ
2789 2069 2886 2120 τοῦ
2943 2064 3217 2140 ἄρχοντος
3255 2072 3356 2134 τῆς
3387 2064 3591 2134 ¹Δσίας,
3650 2065 3744 2118 καὶ

2092 2157 2476 2233 ἐρωτηθέντες,
2509 2153 2881 2231 ὡμολόγησαν
2932 2155 3166 2210 ἐνώπιον
3199 2156 3418 2209 πάντων
3449 2155 3510 2208 τὸ
3569 2150 3749 2226 ὄνομα

2091 2251 2190 2302 τοῦ
2222 2246 2500 2301 Δεσπότου
2547 2246 2813 2320 Χριστοῦ.
2873 2245 2973 2298 Καὶ
3025 2244 3545 2320 καταναγκασθέντες
3591 2245 3749 2297 θῦσαι

2093 2341 2213 2400 τοῖς
2287 2333 2567 2405 εἰδώλοις,
2625 2333 2718 2388 καὶ
2807 2334 2882 2407 μή
2958 2333 3283 2406 πεισθέντες,
3339 2329 3744 2406 προσεδέθησαν

2099 2426 2312 2495 ἵπποις,
2369 2423 2460 2479 καὶ
2516 2424 2876 2498 περιεπάτουν
2939 2421 3242 2496 ἔμπροσθεν
3298 2426 3395 2476 τοῦ
3451 2419 3746 2496 ἄρχοντος,

2101 2514 2395 2588 συρόμενοι
2480 2513 2616 2587 πρὸς
2673 2510 2770 2572 τὰς
2829 2507 3082 2585 Σάρδεις,
3137 2513 3294 2565 κάκεῖ
3360 2509 3753 2584 κρεμασθέντες

2100 2602 2190 2658 ἐπὶ
2220 2601 2396 2672 ξύλων
2454 2600 2684 2672 έξέοντο.
2741 2601 2802 2657 Ὁ
2860 2597 2917 2654 δὲ
2975 2597 3370 2674 Ἀγαθόδωρος,
3421 2596 3616 2659 δοῦλος
3670 2596 3746 2653 ὢν

2101 2697 2208 2748 τῶν
2242 2691 2430 2767 ἁγίων,
2461 2690 2553 2745 καὶ
2599 2689 2918 2744 ἀκολουθῶν
2971 2689 3181 2760 αὐτοῖς,
3230 2689 3586 2764 βασανισθεὶς,
3639 2687 3752 2744 ἐτε-

2106 2781 2334 2850 λειώθη.
2367 2779 2740 2854 Κρεμώμινος
2774 2775 2832 2832 δέ
2863 2779 2892 2832 ὁ
2943 2780 3094 2855 ἅγιος
3153 2778 3396 2848 Κάρπος,
3456 2775 3750 2849 ἐμειδίασε

2105 2871 2194 2926 καὶ
2227 2869 2473 2930 εἰπόντος
2492 2872 2589 2922 τοῦ
2620 2865 2910 2942 ἄρχοντος·
2961 2868 3124 2928 Τίνος
3177 2865 3340 2942 χάριν
3395 2863 3676 2941 ἐγέλασας,
3705 2865 3754 2921 ὦ

2109 2961 2313 3034 Κίρπε·
2369 2956 2657 3032 ἀπεκρίθηο
2712 2954 2872 3013 Εἶδον
2925 2959 3025 3026 τὴν
3096 2954 3250 3027 δόξαν
3308 2960 3404 3010 τοῦ
3462 2960 3616 3026 Θεοῦ,
3660 2957 3752 3011 καὶ

2108 3049 2339 3124 ἐχάρην.
2399 3043 2886 3108 Καταϐιϐασθέντες
2946 3043 3003 3102 δὲ
3059 3044 3165 3100 ἀπὸ
3221 3049 3330 3100 τῶν
3394 3044 3594 3118 ξύλων,
3668 3044 3756 3100 ἐν·

2111 3141 2419 3214 εϐλήθησαν
2481 3139 2557 3203 είς
2606 3141 2670 3195 τὸ
2724 3144 2850 3214 πῦρ.
2913 3138 3013 3194 Καὶ
3042 3142 3292 3214 παροῦσα
3323 3140 3357 3208 ἡ
3391 3135 3600 3216 ἀδελφὴ
3655 3142 3757 3192 τοῦ

2114 3231 2376 3288 Παπύλου
2417 3229 2768 3306 ’Δγαθονίκη,
2832 3228 3053 3294 εἰσῆλθε
3108 3226 3376 3302 χαίρουσα
3443 3228 3760 3305 ἀφ’έαυτῆς

2115 3321 2189 3383 είς
2221 3321 2321 3390 τὴν
2351 3318 2604 3392 κάμινον
2638 3317 2729 3373 καὶ
2759 3315 3078 3395 παρέδωκαν
3121 3317 3422 3392 ἀμφότεροι
3451 3316 3548 3380 τὰς
3575 3315 3761 3390 ψυχᾶς

2115 3414 2194 3482 τῷ
2223 3408 2434 3486 Κυρίῳ.

2712 3499 2788 3570 Τῇ
2814 3493 2950 3570 αὖτῇ
2977 3493 3163 3571 ἡμέρᾳ

2293 3585 2560 3656 ’Άθλησις
2587 3589 2684 3640 τοῦ
2705 3583 2865 3659 ἁγίου
2899 3583 3172 3658 μάρτυρος
3203 3580 3576 3656 Φλωρεντίου.

2187 3715 2249 3772 Ὀ
2303 3715 2508 3786 μάρτυς
2561 3711 2909 3786 Φλωρέντιος
2972 3710 3218 3786 ὑπῆρχεν
3275 3710 3335 3765 ἐκ
3382 3717 3479 3780 τῆς
3539 3709 3760 3772 πόλεως

2119 3800 2540 3871 Θεσσαλονίκης
2583 3800 2901 3875 Χριστιανὸς
2959 3795 3016 3853 δὲ
3073 3794 3170 3869 ὤν,
3227 3799 3314 3853 καὶ
3380 3797 3635 3869 ζηλωτὴς
3661 3800 3761 3852 τοῦ

2115 3890 2311 3959 καλοῦ,
2343 3885 2527 3960 ὕϐριζε
2577 3889 2666 3944 καὶ
2698 3883 2982 3944 διέϐαλλεν
3015 3886 3102 3942 ἐπὶ
3156 3888 3372 3943 πάντων
3425 3887 3555 3949 τοὺς
3601 3884 3762 3949 θεοὺς

2116 3984 2226 4037 τῶν
2253 3977 2565 4050 Ἑλλήνων,
2614 3977 2706 4034 καὶ
2767 3979 2865 4048 τήν
2927 3978 3210 4053 θρησκείαν
3271 3977 3447 4032 αὐτῶν
3499 3977 3765 4049 ἀνεθεμά-

2115 4076 2284 4139 τιζεν,
2322 4066 2566 4124 ἐδίδασκε
2595 4066 2652 4123 δὲ
2681 4067 2884 4131 πάντας
2938 4068 3037 4136 τήν
3096 4065 3367 4136 ἀληθινὴν
3423 4065 3604 4122 πίστιν
3660 4069 3763 4120 τοῦ

2119 4162 2384 4234 Χριστοῦ’
2443 4157 2532 4213 καὶ
2580 4157 2830 4230 ἐστήριξε
2882 4155 3012 4220 τοὺς
3061 4155 3442 4225 Χριστιανοὺς,
3487 4154 3576 4210 καὶ
3627 4173 3767 4230 παρ-

2121 4247 2326 4317 εκάλει,
2357 4246 2494 4323 πρὸς
2524 4247 2585 4300 τὸ
2616 4250 2790 4300 ποιεῖν
2849 4244 2918 4300 τὰ
2963 4243 3098 4316 θελή
3109 4266 3250 4319 ματα
3278 4249 3375 4300 τοῦ
3423 4248 3578 4302 Θεοῦ.
3613 4241 3770 4298 031m

2121 4333 2180 4392 δέ
2207 4340 2403 4405 ποιῶν,
2435 4334 2708 4412 ἐκρατήθη
2758 4335 2904 4409 παρὰ
2957 4337 3055 4388 τοῦ
3109 4341 3207 4404 τῆς
3237 4335 3426 4410 χώρας
3473 4331 3766 4409 ἄρχοντος.

2121 4426 2228 4482 Καὶ
2251 4425 2562 4501 ἐρωτηθεὶς,
2621 4422 2988 4500 ὡμολόγησεν
3047 4421 3279 4478 ἐνώπιον
3340 4422 3506 4478 αὑτοῦ
3533 4423 3627 4477 τὸν
3659 4418 3772 4476 Κύ-

2124 4536 2238 4592 ριον
2271 4517 2431 4588 ἡμῶν
2474 4516 2686 4584 Ἰησοῦν
2745 4514 2978 4588 Χριστὸν
3035 4511 3372 4585 εἶναιμόνον
3430 4511 3579 4567 Θεόψ
3639 4509 3772 4575 τοὺς

361 4633 695 4684 ercorum
725 4644 860 4683 vero
891 4627 1056 4691 deos,
1086 4624 1244 4695 ligna
1302 4636 1453 4687 esse,
1486 4617 1736 4690 lapides,
1783 4627 1992 4669 aurum

2126 4602 2319 4704 δετῶν
2350 4603 2634 4704 ε[ξλλήνων
2695 4604 2850 4667 θεοὺς
2907 4601 3039 4673 ξύλα
3092 4601 3380 4677 ὑπάρχειν,
3429 4602 3517 4656 καὶ
3552 4600 3767 4673 λίθους,

357 4723 692 4791 argentum,
726 4733 809 4771 (es
841 4721 899 4769 et
927 4714 1174 4776 ferrum,
1203 4710 1365 4764 idola
1420 4708 1636 4763 animm
1685 4716 2001 4772 sensusque

2124 4695 2213 4750 καὶ
2386 4693 2400 4712 ⁸
2568 4693 2581 4711 ⁸
2636 4693 2658 4712 ”
3019 4692 3033 4709 ‘
3245 4692 3258 4708 ‘
3445 4690 3460 4710 ‘

2171 4782 2202 4791 ,ι
2235 4713 2461 4791 χρυσογι,
2494 4714 2583 4791 και
2631 4712 2886 4791 αργυρον,
2945 4712 3035 4746 και
3087 4690 3320 4766 χαλκον,
3373 4711 3461 4746 και
3521 4686 3769 4764 σίδηρον,

355 4806 640 4879 expertia.
670 4806 807 4870 Quae
838 4818 974 4858 cum
1005 4796 1579 4866 dixisset,concitato
1601 4795 1662 4849 in
1693 4794 1844 4847 iram
1867 4807 2016 4862 prm-

353 4897 530 4966 fecto,
561 4893 741 4950 variis
772 4889 1082 4947 tormentis
1114 4881 1804 4942 excruciatur.Deindein
1827 4894 2018 4950 equu—

359 4987 521 5042 leum
548 4984 738 5040 elatus
769 4980 1076 5052 scalpitur.
1104 4978 1354 5033 Demum
1413 4974 1474 5027 in
1529 4969 2015 5026 ardentissimum

359 5092 570 5149 rogum
594 5074 871 5145 injectus,
905 5086 1084 5126 orans
1117 5072 1177 5124 et
1202 5064 1420 5139 gratias
1451 5062 1568 5116 Deo
1597 5075 1798 5132 agens,
1833 5058 2015 5112 finem

357 5166 530 5221 laetus
557 5161 804 5235 accepit.

922 5366 1165 5423 EODEM
1193 5360 1446 5419 MENSE.

895 5485 998 5540 Die
1029 5482 1261 5538 decima
1291 5481 1502 5550 quarta

357 5581 506 5639 118
535 5582 822 5636 Certamen
873 5580 1192 5630 sanctorum
1220 5575 1529 5639 martyrum
1575 5559 1824 5629 Nazarii,
1885 5558 2015 5615 Ger-

812 5648 972 5716 vasii,
1007 5643 1247 5699 Protasii
1294 5647 1347 5696 et
1379 5638 1551 5695 Celsi.

428 5743 496 5798 Hi
528 5739 717 5799 sancti
749 5740 948 5794 Roma)
978 5732 1340 5800 claruerunt,
1401 5729 1628 5784 Nerone
1657 5723 2012 5794 imperante.

2127 4782 2330 4841 εἴδωλα
2411 4780 2596 4857 ἄψυχα
2649 4781 2742 4837 καὶ
2816 4780 3134 4850 ἀναίσθητα.
3193 4780 3297 4836 Καὶ
3353 4784 3521 4835 ταῦτα
3578 4778 3769 4849 εἲπὼν,

2125 4876 2214 4931 καὶ
2247 4873 2322 4937 είς
2356 4873 2527 4948 ὀργῆν
2554 4873 2779 4942 κινήσας
2835 4871 2927 4925 τὸν
2988 4869 3249 4946 ἄρχοντα,
3280 4875 3604 4944 τιμωρεῖται
3653 4865 3775 4923 δια-

2125 4966 2326 5045 φόρως.
2387 4962 2518 5020 Εἶτα
2573 4965 2837 5037 κρεμᾶται
2895 4958 2984 5015 ἐπὶ
3030 4959 3215 5033 ξύλου,
3263 4960 3354 5015 καὶ
3412 4959 3605 5032 ξέεται.
3667 4956 3772 5015 Καὶ

2124 5060 2298 5129 πυρᾶς
2352 5050 2678 5130 ἀναφθείσης
2741 5047 3006 5125 μεγάλης,
3059 5046 3396 5124 ἐμϐάλλεται
3466 5049 3544 5111 είς
3598 5049 3770 5117 αὐτὴν

2123 5143 2355 5220 χαίρων.
2387 5141 2482 5196 Καὶ
2516 5140 2570 5196 ἐν
2619 5139 2755 5213 αύτῇ
2809 5140 3278 5215 προσευχόμενος,
3307 5139 3399 5195 καὶ
3431 5138 3770 5214 εὐχαριστῶν

2123 5236 2202 5305 τῷ
2231 5235 2348 5303 Θεῷ
2387 5228 2702 5300 ἐτελειώθη.

2686 5322 2862 5376 MHNI
2895 5321 2987 5377 ΤΩ
3019 5323 3212 5376 ΑΥΤΩ.

2943 5409 3042 5466 ῙΔ“.

2123 5517 2397 5588 ..Αθλησις
2423 5520 2533 5573 τῶν
2565 5514 2728 5645 Ἡίων
2785 5514 3074 5593 μαρτύρων
3105 5514 3405 5606 Ναζσρίου,
3449 5510 3771 5591 Γερϐασίου,

2629 5588 2905 5665 ροτασίου,
2943 5588 3033 5645 καὶ
3083 5586 3315 5643 Κελσιου

2854 5611 2905 5658 υ,
2943 5607 3033 5645 και
3083 5607 3315 5643 usitatos

2194 5715 2360 5774 Οὗτοι
2401 5714 2453 5770 οἱ
2486 5712 2634 5790 ἅγιοι
2693 5714 2946 5790 ὑπῆρχον
2997 5711 3086 5770 ἐπὶ
3139 5711 3392 5789 Νέρωνος
3455 5715 3552 5767 τοῦ
3614 5711 3773 5786 βασι-
