4042 6206
306 434 429 492 109

1808 437 2183 501 OCTOBER.

3603 457 3726 524 110

305 561 451 624 λὲως
496 564 544 618 ἐν
582 569 648 637 τῇ
702 565 921 640 Ῥώμῃσ
975 568 1046 636 ἦν
1090 565 1149 622 δὲ
1207 570 1235 624 ὁ
1293 569 1565 645 Ναζάριος
1623 571 1740 632 υἱὸς
1773 571 1927 648 ’Δφρι

2077 574 2209 628 Fuit
2237 581 2436 632 autem
2468 580 2742 635 Nazarius
2769 581 3101 638 Africaniet
3116 586 3725 660 Perpetumﬂliusqui

308 654 470 707 κανοῦ
512 656 595 707 καί
640 658 1022 729 Ηερπετούας,
1077 662 1184 711 τῶν
1246 659 1646 733 βαπτισθέντων
1679 662 1825 736 παρά
1866 665 1965 715 τοῦ

304 744 456 814 ἁγίου
488 746 716 816 Πέτρου.
785 745 967 806 Αὐτὸς
1029 744 1085 799 δὲ
1139 748 1452 821 βαπτισθεὶς
1505 750 1608 803 ὑπὸ
1668 750 1832 804 Λίνου
1861 772 1961 805 πα-

295 836 555 903 τριάρχου
629 836 884 905 Ῥώμης.
951 836 1054 890 Καὶ
1146 836 1407 909 ὑπάρλων
1497 838 1710 912 χρόνων
1770 837 1959 908 εῗκοσι,

290 920 529 985 ἀπῆλθεν
598 920 680 983 εἷς
738 923 837 982 τὰς
891 922 1087 985 πόλεις
1148 924 1399 993 Ἰταλίας,
1428 925 1517 979 καί
1566 926 1828 1002 ἐκήρυσσε
1871 929 1962 982 τὸν

284 1006 536 1081 Χριστόν.
576 1012 715 1064 Εἶτα
764 1011 934 1078 ἦλθεν
990 1012 1043 1073 ἐς
1103 1014 1266 1066 πόλιν
1321 1016 1462 1082 τινα,
1517 1013 1639 1069 ἔνθα
1696 1012 1962 1071 κατέλαϐε

286 1102 622 1171 Προτασιον,
676 1102 767 1153 καὶ
826 1096 1118 1167 Γερϐἀσιον
1178 1099 1334 1166 ὄντας
1389 1103 1467 1165 είς
1530 1106 1630 1172 τήν
1686 1104 1957 1183 φυλακὴν,

285 1185 373 1240 δια
428 1190 532 1256 τήν
609 1189 695 1250 εἷς
756 1191 992 1262 Χριστὸν
1053 1191 1254 1261 πίστιν,
1318 1193 1422 1247 ὑπὸ
1477 1197 1574 1247 τοῦ
1611 1200 1712 1262 τῆς
1767 1196 1958 1270 χώρας

284 1274 589 1350 Ξρχοντος.
625 1278 864 1354 Τυσθεῖς
928 1276 1003 1345 δὲ,
1055 1280 1144 1334 καὶ
1192 1287 1293 1349 τῆς
1347 1280 1565 1345 πόλεως
1611 1279 1955 1358 ἐκδιωχθεὶς,

286 1365 539 1433 ἀπῆλθεν
573 1367 654 1421 είς
689 1364 877 1440 ’ἑτέραν
912 1364 1098 1438 πόλιν,
1131 1369 1217 1423 καὶ
1262 1366 1672 1443 προσλαμϐάνει
1723 1371 1952 1428 Κέλσιον

284 1459 457 1527 τριῶν
524 1457 749 1529 χρόνων
811 1453 958 1512 ὄντα.
1010 1457 1139 1512 Εἶτα
1204 1462 1301 1527 τήν
1357 1458 1518 1514 πόλιν
1598 1458 1951 1516 Μεδιολάνων

282 1538 648 1613 καταλαϐὼν,
686 1543 917 1619 εὑρίσκει
950 1545 1115 1600 πάλιν
1147 1547 1199 1602 ἐν
1224 1551 1291 1620 τῇ
1324 1546 1544 1623 φυλακῇ
1594 1548 1722 1612 τοὺς
1768 1549 1952 1625 ἁγίους

290 1628 592 1705 Γερϐἀσιον
653 1635 746 1687 καὶ
808 1638 1130 1709 Προτάσιον.

629 834 687 851 In
716 833 726 849 ν
951 838 990 851 πρ
1039 836 1052 851 \

654 838 884 905 Ρώμης.
951 838 1054 890 Καὶ

1212 1637 1308 1691 Καὶ
1379 1638 1692 1711 κρατηθεὶς,
1779 1660 1951 1714 παρα-

288 1718 571 1793 πέμπεται
604 1722 659 1777 ἐν
693 1725 881 1798 Ῥώμῃ
939 1725 1086 1798 παρά
1141 1730 1236 1780 τοῦ
1294 1725 1585 1802 ἄρχοντος.
1628 1728 1732 1784 Καὶ
1788 1728 1953 1784 πάλιν

291 1809 370 1870 εἷς
434 1808 772 1867 Μεδιώλανα
821 1812 1184 1886 ὑποστρέψας,
1222 1810 1469 1887 τέμνεται
1526 1817 1625 1885 τήν
1685 1813 1948 1892 κεφαλὴν,

294 1901 412 1970 ἅμα
449 1905 573 1961 τοῖς
632 1898 856 1963 λοιποῖς
915 1902 1117 1977 ἁγίοις,
1168 1904 1256 1958 καὶ
1312 1908 1393 1976 τῷ
1447 1902 1655 1978 παιδίῳ
1705 1903 1945 1980 Κελσίῳ,

292 1989 610 2063 ὑπάρχοντι
639 1992 858 2066 χρόνων
890 1991 1039 2046 ἐννέα
1067 1991 1156 2046 καὶ
1188 1996 1374 2065 μηνῶν
1399 1991 1553 2050 ἑπτά.

863 2083 1045 2140 MHNI
1079 2084 1173 2161 Τῼ
1199 2087 1395 2161 ΑΥΤῼ.

1084 2173 1165 2227 IE‘

471 2256 746 2329 Ἀθλησις
776 2264 876 2314 τοῦ
925 2259 1082 2335 ἁγίου
1139 2262 1410 2338 μάρτυρος
1443 2266 1764 2319 Λουκιανοῦ.

358 2377 666 2438 Λουκιανὸς
706 2378 735 2431 ὁ
765 2379 969 2453 μάρτυς
1023 2377 1270 2453 ὑπῆρχεν
1319 2379 1425 2433 ἀπὸ
1464 2379 1801 2453 Ἀντιοχείας
1845 2383 1947 2445 τῆς

284 2465 517 2537 Συρίας,
580 2464 669 2519 ἐπὶ
726 2468 827 2533 τῆς
894 2464 1173 2540 βασιλείας
1233 2464 1645 2533 Διοκλητιανοῦ.
1687 2469 1836 2523 Μετά
1888 2465 1944 2522 δὲ

284 2556 521 2617 θάνατον
548 2559 656 2609 τῶν
689 2554 918 2629 γονέων,
952 2552 1085 2617 δοὺς
1141 2554 1207 2608 τά
1261 2555 1577 2628 ὑπάρχοντα
1625 2555 1773 2628 αὑτῷ
1803 2577 1945 2610 πτω-

281 2650 439 2718 χοῖς,
502 2649 770 2719 προσεῖχε
818 2648 886 2717 τῇ
948 2643 1244 2718 ἀναγνώσει
1308 2648 1418 2698 τῶν
1474 2643 1630 2708 θείων
1692 2649 1939 2723 Γραφῶν.

285 2734 387 2789 Καὶ
422 2730 677 2793 πολλοὺς
699 2737 805 2786 τῶν
833 2731 1122 2802 Ἑλλήνων
1181 2732 1497 2806 ἐπέστρεψεν
1559 2732 1644 2788 ἐπὶ
1692 2734 1781 2788 τὸν
1835 2735 1941 2788 Κύ-

283 2843 432 2894 ριον.
486 2820 819 2877 Καταλιπὼν
871 2818 928 2875 δὲ
983 2823 1083 2888 τὴν
1140 2821 1505 2897 Ἀντιόχειαν,
1546 2818 1810 2877 κατέλαϐε
1837 2826 1937 2893 τὴν

285 2908 702 2982 Νικομήδειαν,
743 2906 866 2964 ἔνθα
897 2912 925 2965 ὁ
980 2910 1369 2981 Διοκλητιανὸς
1426 2911 1554 2974 τοὺς
1582 2915 1938 2988 Χριστιανοὺς

281 3002 565 3077 ἐςὸνευεν.
625 3001 729 3056 Καὶ
812 3000 925 3054 ἐπεὶ
982 3000 1228 3063 πολλοὺς
1291 3002 1410 3077 εὗρε
1463 3001 1549 3056 διὰ
1603 2998 1770 3081 φόϐον
1848 3004 1939 3058 τὸν

276 3094 711 3165 Χριστιανισμον
800 3090 1172 3163 Βουλομὲνους
1285 3092 1658 3166 ἀρνήσασθαι,
1737 3106 1937 3169 θαρσο-

276 3183 544 3249 ποιήσας,
604 3179 781 3235 ἔπεισε
841 3189 1203 3256 μαρτυρῆσαι.
1280 3182 1556 3239 Τοσοῦτον
1616 3180 1673 3237 δὲ
1744 3181 1936 3260 γέγονε

274 3370 427 3426 σθαι,
458 3358 551 3412 καὶ
598 3361 727 3432 παρ’
784 3359 855 3412 ῶν
920 3358 1013 3430 μὶν
1074 3358 1268 3429 θὲλειν,
1332 3357 1646 3434 βλέπεσθαι,
1696 3363 1821 3435 παρ’
1852 3360 1925 3415 ὧν

276 3446 333 3503 δὲ
372 3450 453 3520 μή
507 3447 711 3518 θέλειν,
774 3450 850 3520 μή
910 3448 1153 3522 ὁρᾶσθαι.
1216 3449 1345 3525 Περῖ
1396 3450 1595 3505 τούτου
1659 3452 1844 3524 μαθὼν
1905 3454 1933 3508 ὁ

274 3537 703 3607 Διοκλητιανὸς,
781 3538 869 3592 καὶ
952 3532 1218 3615 φοϐηθεὶς
1277 3539 1352 3602 εἷς
1418 3541 1715 3613 πρόσωπον
1774 3541 1930 3596 αὑτὸν

276 3629 532 3701 ἀγαγεῖν,
618 3629 837 3698 μήποτε
883 3628 1011 3701 παρ’
1077 3628 1244 3681 αὑτοῦ
1323 3627 1590 3703 ἐλεγχθῇ,
1657 3632 1932 3706 κρεμάσας

286 3717 473 3791 βῆλον
509 3718 795 3789 συνέτυχεν
817 3714 985 3786 αὐτῷ,
1014 3716 1103 3769 καὶ
1135 3713 1265 3770 ίδὼν
1296 3717 1359 3771 τὸ
1411 3725 1512 3786 τῆς
1565 3724 1789 3793 γνωμης
1822 3720 1930 3773 αὑ-

276 3809 391 3859 τοῦ
424 3803 768 3873 ἀμετάθετον,
826 3802 1166 3874 καταδικάζει
1214 3806 1377 3861 αὑτὸν
1437 3805 1929 3880 λιμοκτονηθῆναι³

278 3894 372 3947 ἐπὶ
416 3890 625 3954 πολλὰς
659 3891 714 3948 δὲ
760 3893 855 3954 τὰς
914 3894 1121 3967 ἡμέρας
1185 3895 1261 3967 μή
1319 3892 1640 3967 μεταλαϐὼν
1699 3904 1931 3974 τροφῆς,

277 3984 332 4037 ἐν
523 3981 740 4060 φυλακῇ
790 3982 1105 4054 ἐτελειώθη,
1162 3984 1269 4039 Καὶ
1326 3983 1518 4063 ἐρρίφη
1594 3985 1644 4040 ἐν
1702 3990 1770 4060 τῇ
1832 3988 1930 4041 θα-

276 4071 308 4127 λ
318 4075 474 4145 ἀστῇ.

883 4195 960 4264 τῇ
991 4190 1130 4264 αὐτῇ
1156 4192 1339 4266 ἡμέρᾳ

271 4320 486 4391 Μνῆμη
539 4322 638 4373 τοὺ
721 4317 775 4372 ὲν
834 4318 1013 4444 ἁγίοιὲ
1062 4318 1271 4445 Παξρὸς
1330 4320 1491 4393 ἡμῶν
1544 4314 1776 4375 Σαϐίνου
1830 4318 1928 4376 τοῦ

1018 4411 1147 4445 πισκ
1182 4411 1309 4445 που.

1018 4411 1309 4446 πισκοπου.

344 4520 407 4576 '0
460 4516 750 4589 Μακάριος
834 4512 1088 4583 Σαϐῖνος,
1152 4515 1240 4572 διὰ
1310 4518 1410 4586 τὴν
1476 4513 1924 4593 ὑπερϐάλλουσαν

278 4608 443 4662 αὖτοῦ
528 4608 723 4680 ἀρετήν
792 4607 882 4661 καὶ
967 4608 1313 4677 κατάστασιν,
1397 4606 1603 4683 ἐγένετο
1660 4608 1923 4683 πρότερον

1975 1947 2024 2013 Β

274 3269 341 3324 διτ
384 3271 587 3341 ἀρετῆς
640 3274 756 3340 Θεῷ
811 3271 1028 3341 ὅμοιος,
1086 3269 1224 3324 ὥστε
1277 3271 1375 3339 τήν
1437 3271 1599 3326 πόλιν
1640 3275 1925 3348 περιέρχε-
1960 3313 2003 3380 C

291 3370 331 3380 ν-
534 3358 547 3373 ⁸
688 3361 727 3380 ,Ι
792 3359 818 3373 ν
959 3358 978 3380 ‘.
1077 3358 1156 3380 A"
1333 3357 1424 3380 θην
1539 3362 1563 3380 Λ
1811 3363 1821 3380 9
1866 3360 1889 3379 ‘l’

2069 680 2103 718 a
2133 672 2337 721 sancto
2396 670 2569 723 Petro
2628 670 2903 742 baptizati
2954 679 3094 727 sunt
3126 690 3139 727 :
3176 675 3300 745 ipse
3330 693 3464 730 vero
3492 694 3526 732 a
3582 678 3723 733 Lino

2070 755 2404 823 patriarcha
2428 760 2691 813 Romano
2720 760 3065 830 baptizatus,
3099 779 3233 816 cum
3267 780 3490 819 annum
3516 766 3722 821 vicesi-

2070 859 2233 897 mum
2265 853 2483 916 ageret,
2544 848 2722 903 urbes
2784 850 2964 904 Italia}
3022 852 3389 922 peragrabat,
3422 856 3718 910 Christum

2066 933 2419 1001 przedicans.
2464 937 2587 989 Mox
2616 937 2675 990 in
2711 937 3006 993 civitatem
3047 940 3365 1010 quamdam
3398 946 3714 1011 profectus,

2064 1024 2285 1091 reperit
2343 1027 2679 1081 (lervasium
2743 1034 2800 1081 et
2852 1030 3183 1083 Protasium
3236 1029 3294 1082 in
3353 1030 3586 1085 vincula
3642 1032 3715 1086 ob

2061 1110 2275 1165 Christi
2304 1113 2481 1168 fidem
2514 1132 2547 1168 a
2578 1117 2834 1187 regionis
2866 1118 3142 1187 praefecto
3173 1119 3494 1189 conjectos.
3518 1122 3715 1175 Caesus

2062 1200 2442 1274 igitur,atque
2473 1205 2545 1260 ab
2574 1207 2718 1260 urbe
2750 1207 3049 1278 expulsus,
3085 1208 3144 1261 in
3177 1208 3354 1263 aliam
3387 1211 3714 1279 concessit;

2059 1289 2459 1363 adjunctoque
2483 1295 2593 1348 sibi
2626 1297 2793 1350 Celso
2826 1298 3003 1351 trium
3036 1314 3329 1352 annorum
3362 1315 3567 1368 puero,
3601 1301 3715 1353 Me-

2063 1379 2369 1438 diolanum
2392 1384 2556 1451 abiit,
2594 1386 2693 1440 ubi
2750 1387 2963 1442 iterum
2996 1394 3230 1443 sanctos
3264 1390 3602 1444 Gervasium
3661 1395 3721 1444 et

2063 1469 2396 1526 Protasium
2429 1473 2487 1527 in
2520 1491 2755 1529 carcere
2788 1477 3717 1548 invenit:retentusque,Romam

2060 1573 2092 1611 a
2124 1560 2399 1629 praefecto
2432 1564 2706 1618 mittitur.
2742 1567 2952 1620 Verum
2974 1566 3367 1621 Mediolanum
3392 1584 3716 1653 regressus,

2057 1649 2249 1719 capite
2280 1651 2562 1722 plectitur
2592 1670 2711 1709 una
2732 1672 2865 1710 cum
2901 1656 3152 1727 reliquis
3184 1657 3426 1724 sanctis,
3451 1663 3509 1711 et
3528 1649 3711 1728 puero

2056 1737 2223 1793 Celso
2257 1756 2479 1796 annum
2513 1748 2652 1798 tunc
2686 1760 2913 1800 nonum
2974 1752 3032 1801 et
3090 1761 3356 1801 mensem
3390 1747 3712 1817 septimum

2056 1833 2283 1898 agente.

2621 2102 2859 2156 EODEM
2891 2103 3142 2159 MENSE.

2588 2190 2686 2244 Die
2719 2189 2948 2247 decima
2967 2192 3179 2262 quinta

2257 2278 2296 2331 1
2314 2277 2408 2332 I9
2435 2278 2715 2334 Certamen
2741 2284 2920 2336 sancti
2948 2284 3205 2350 martyris
3236 2281 3488 2339 Luciam‘.

2121 2393 2412 2450 Lucianus
2443 2398 3011 2469 martyrAntiochiaa
3034 2398 3215 2471 Syria)
3245 2399 3709 2471 natus,impera-

2050 2486 2173 2537 tore
2208 2484 2852 2554 Diocletiano,mortuis
2881 2488 3251 2559 parentibus,
3283 2488 3614 2545 distributis
3644 2491 3706 2546 in

2048 2589 2340 2645 pauperes
2360 2575 2742 2633 facultatibus
2760 2579 3239 2640 suis.divinarum
3264 2580 3705 2652 Scripturarum

2048 2662 2287 2719 lectioni
2322 2671 2507 2721 totum
2541 2684 2602 2722 se
2642 2668 2824 2736 dedit,
2866 2669 3205 2740 multosque
3238 2671 3573 2725 Grascorum
3628 2671 3704 2727 ad

2047 2753 2365 2808 Dominum
2398 2758 2703 2811 convertit.
2740 2758 2964 2814 Relicta
2993 2764 3189 2814 autem
3211 2760 3701 2815 AntiochiaNico-

2046 2842 2304 2897 mediam
2336 2844 2528 2914 petiit,
2562 2844 2659 2899 ubi
2694 2846 3058 2902 Diocletiano
3093 2865 3198 2918 per
3219 2848 3408 2903 caades
3440 2848 3501 2903 in
3533 2849 3703 2903 Chri-

2046 2930 2274 2985 stianos
2304 2932 3041 3006 debacchante.plurimos,
3076 2954 3227 3007 quos
3260 2943 3419 2992 metu
3443 2942 3700 2993 tormen-

2046 3024 2237 3074 torum
2269 3020 2507 3076 adactos
2536 3022 2926 3079 defectionem
2958 3043 2991 3081 a
3013 3027 3347 3081 Christiana
3364 3026 3479 3081 ﬁde
3501 3027 3700 3082 moliri

2044 3109 2853 3181 deprehendit,confirmavit,
2890 3117 3303 3187 persuasitque
3326 3117 3514 3183 eis,ut
3541 3135 3702 3172 mar-

2044 3200 2259 3270 tyrium
2294 3201 2580 3257 subirent.
2617 3204 2777 3259 Adeo
2809 3210 3007 3259 autem
3032 3205 3105 3259 ob
3138 3206 3383 3260 virtutes
3415 3223 3551 3261 suas
3584 3208 3700 3261 Deo

2044 3289 2257 3343 similis
2289 3293 2532 3345 effectus
2564 3298 2672 3359 est,
2700 3299 2765 3346 ut
2794 3311 2927 3347 cum
2956 3293 3163 3347 urbem
3195 3294 3408 3363 obiret,
3428 3312 3461 3348 a
3482 3294 3703 3363 quibus

2042 3377 2218 3432 vellet
2247 3380 2710 3450 conspiceretur,
2743 3398 2776 3436 a
2801 3381 3015 3451 quibus
3047 3399 3180 3436 vero
3211 3382 3417 3445 nollet,
3470 3397 3700 3450 nequa-

2039 3481 2217 3536 quam
2250 3465 2565 3521 videretur.
2622 3469 2745 3532 Qua
2801 3486 2863 3523 re
2923 3474 3245 3540 comperta,
3299 3469 3701 3524 Diocletianus

2037 3555 2360 3619 veritus,nc
2384 3556 2430 3609 si
2465 3556 2635 3610 illum
2661 3557 2734 3611 ad
2750 3574 2810 3612 se
2829 3558 3146 3625 acciret,ab
3167 3576 3234 3613 eo
3260 3558 3694 3630 objurgaretur,

2037 3651 2272 3716 sumpto
2305 3646 2430 3700 velo
2463 3648 2738 3702 convenit
2787 3648 3109 3703 Lucianum
3146 3666 3158 3704 :
3219 3648 3389 3721 cujus
3425 3650 3691 3704 animum

2037 3752 2171 3789 cum
2206 3735 2386 3790 nullis
2418 3736 2644 3791 artibus
2673 3754 2707 3791 a
2738 3738 3035 3793 sententia
3051 3737 3347 3793 dimovere
3380 3739 3688 3810 potuisset,

2036 3823 2236 3879 inedia
2266 3842 2400 3880 eum
2432 3826 2642 3881 confici
2668 3827 2868 3897 jussit.
2904 3828 3087 3899 Igitur
3112 3844 3246 3883 cum
3303 3828 3537 3885 nullum
3585 3844 3695 3901 per

2038 3911 2257 3966 multos
2287 3913 2412 3968 dies
2441 3913 2638 3969 cibum
2671 3913 3128 3987 degustasset,in
3145 3933 3381 3972 carcere
3411 3917 3689 3989 decessit,

2035 4016 2102 4055 ac
2134 4001 2193 4055 in
2224 4017 2386 4057 mare
2416 4003 2717 4076 projectus
2743 4004 2872 4059 fuit.

2690 4213 2913 4270 Eodem
2952 4214 3047 4269 die

2032 4331 2188 4387 120
2237 4331 2693 4388 Commemoratio
2767 4334 2946 4412 sancti
2979 4332 3184 4411 'Patris
3271 4330 3449 4385 nostri
3490 4327 3694 4385 Sabini

2743 4418 3008 4471 episcopi.

2104 4520 2316 4572 Beatus
2337 4518 2589 4573 Sabinus
2619 4522 2864 4588 propter
2895 4516 3141 4572 eximias
3172 4517 3438 4586 virtutes,
3491 4522 3550 4571 et
3578 4516 3685 4572 ho-

2030 4607 2402 4661 neslissimos
2426 4622 2621 4660 mores
2642 4606 2899 4676 primum
2922 4606 3163 4677 quidem
3195 4606 3507 4678 episcopus
3532 4606 3692 4662 ordi-

276 4697 604 4757 ἐπίσκοπος.
642 4697 794 4763 Εἶτα,
836 4694 964 4758 τους
1024 4691 1288 4770 θορύϐους
1344 4700 1441 4750 τοῦ
1493 4698 1701 4769 κόσμου
1756 4719 1921 4752 κατα-

2050 4702 2205 4751 latus
2236 4696 2363 4749 fuit.
2399 4694 2510 4749 Sed
2550 4700 2755 4766 postea
2813 4711 2945 4749 cum
3006 4696 3319 4750 saeculares
3369 4696 3688 4763 tumultus,

273 4787 484 4856 λιπὼν,
514 4782 605 4838 3ιά
637 4784 696 4838 τὸ
747 4791 848 4853 τῆς
906 4785 1139 4859 ἡσυχίας
1198 4785 1389 4852 καλὸν,
1434 4783 1700 4858 ἐμάκρυνε
1761 4807 1932 4863 φυγα-

270 4873 445 4930 δεὺων
478 4875 536 4928 ἐν
562 4878 680 4934 ταῖς
710 4873 956 4947 ἐρήμοις·
1006 4874 1095 4928 καὶ
1146 4879 1405 4929 τοσοῦτον
1458 4875 1767 4949 ἠγωνίσατο
1797 4875 1934 4950 πρὸς

270 4965 495 5037 ἀρετήν,
587 4961 884 5032 νηστείαις,
938 4963 1027 5017 καὶ
1082 4963 1422 5039 ἀγρυπνίαις,
1489 4964 1579 5018 καὶ
1647 4966 1933 5034 ἀσκήσεσιν

274 5055 471 5108 ἑαυτὸν
498 5050 745 5117 ἐπιδοὺς,
779 5053 851 5113 ὡς
882 5053 968 5107 καὶ
1005 5054 1292 5126 θαυμάτων
1326 5053 1621 5125 ἀξιωθῆναι
1681 5053 1930 5108 πολλῶν

268 5144 466 5204 νόσους
535 5139 879 5208 ἀπελαύνειν,
940 5140 1176 5217 λεπροὺς
1258 5141 1588 5214 καθαρίζειν,
1672 5138 1931 5215 δαίμονας

270 5232 527 5301 διώκειν,
587 5231 676 5285 καὶ
723 5229 1010 5305 προλέγειν
1063 5231 1131 5286 τά
1190 5230 1486 5305 μέλλοντα.
1564 5228 1817 5293 Πολλοὺς
1877 5229 1934 5286 δὲ

271 5320 601 5399 ῶξελῆσας,
634 5318 720 5373 καὶ
765 5321 900 5395 πρὸς
951 5322 1144 5396 ἀρετὴν
1194 5317 1472 5375 ἐπιδοῦναι
1530 5322 1787 5391 ποιήσας,
1847 5318 1934 5375 διά

266 5414 371 5479 τῆς
396 5407 758 5472 διδασκαλίας
788 5408 972 5464 αὑτοῦ·
1007 5408 1093 5465 καὶ
1127 5409 1229 5485 γὰρ
1288 5409 1494 5465 πολλοὶ
1544 5408 1932 5485 προσήρχοντο

272 5501 427 5571 αὑτῷ
462 5500 633 5574 χάριν
674 5497 966 5575 ὠφελείας⁸
1018 5499 1108 5553 καὶ
1166 5499 1354 5561 πείσας
1409 5499 1622 5575 ἀφεῖναι
1679 5500 1767 5553 καὶ
1827 5520 1931 5576 γο-

268 5596 406 5659 νεῖς,
438 5589 532 5644 καὶ
567 5585 861 5666 ἀδελφοὺς,
904 5588 994 5643 καὶ
1056 5588 1313 5657 οἰκείους,
1365 5588 1454 5643 καὶ
1508 5594 1590 5661 τῷ
1648 5589 1933 5662 μοναχικῷ

274 5679 383 5752 βίῳ
418 5675 774 5753 προσελθεῖν,
832 5678 922 5733 καὶ
983 5679 1201 5753 Χριστῷ
1260 5674 1559 5747 δουλεύειν,
1616 5678 1705 5732 καὶ
1778 5679 1932 5750 θερα-

276 5768 462 5823 πεύειν
494 5767 658 5821 αὑτὸν
714 5763 803 5823 διὰ
852 5769 1188 5843 καθάρσεως,
1233 5767 1324 5821 καὶ
1376 5770 1474 5837 τῆς
1526 5770 1632 5823 τῶν
1695 5766 1932 5824 ἐντολῶν

2042 4786 2257 4857 quietis
2285 4784 2897 4852 studio,fastidiret,in
2930 4802 3196 4842 cremum
3227 4786 3515 4858 proculab
3531 4786 3693 4841 omni

2042 4876 2351 4930 hominum
2383 4873 2816 4929 consuetudine
2848 4875 3166 4946 profectus,
3217 4892 3283 4931 ea
3314 4876 3693 4931 contentione

2042 4964 2457 5036 comparandis
2489 4964 2802 5019 virtutibus
2832 4964 3120 5028 incubuit,
3147 4964 3693 5036 seipsnmjejuniis,

2041 5054 2274 5127 vigiliis,
2325 5059 2383 5108 et
2438 5052 2965 5108 exercitationibus
3016 5052 3230 5119 dando,
3290 5058 3357 5107 ut
3409 5052 3697 5107 meruerit

2040 5144 2230 5198 multa
2261 5142 2548 5197 miracula
2576 5140 2773 5209 edere,
2806 5141 3045 5197 morbos
3075 5140 3397 5212 depellere,
3425 5140 3697 5211 leprosos

2042 5231 2350 5298 mundare,
2385 5231 2685 5285 daemones
2717 5229 2940 5302 fugare,
2973 5235 3029 5285 et
3049 5229 3248 5285 futura
3270 5229 3697 5301 prmnuntiare.

2041 5324 2185 5378 Cum
2216 5327 2413 5377 autem
2448 5319 2652 5374 multis
2682 5318 3027 5391 profuisset,
3066 5325 3123 5374 et
3152 5319 3224 5374 ad
3258 5336 3319 5374 se
3351 5318 3703 5375 accedentes

2041 5412 2312 5467 doctrina
2335 5427 2441 5465 sua
2471 5409 2543 5464 ad
2576 5410 2821 5464 virtutes
2853 5426 2921 5465 eo
2954 5410 3351 5482 provexisset,
3385 5414 3453 5465 ut
3479 5408 3705 5464 relictis

2043 5500 2410 5573 parentibus,
2434 5498 2737 5567 fratribus,
2772 5504 2830 5555 et
2864 5499 3063 5566 domo,
3097 5500 3275 5554 vitam
3311 5500 3704 5554 monasticam

2041 5591 2316 5663 professi,
2350 5589 2583 5644 Christo
2644 5589 2953 5657 servirent,
2989 5590 3162 5660 eique
3215 5589 3276 5642 in
3311 5589 3588 5659 puritate,
3650 5589 3710 5638 et

2043 5679 2461 5735 mandatorum
2489 5677 2759 5732 custodia
2805 5677 3281 5741 famularentur;
3317 5675 3378 5729 in
3410 5691 3558 5745 pace
3602 5671 3707 5725 de-

2044 5769 2243 5835 cessit,
2271 5782 2505 5823 sacrum
2532 5767 2773 5837 quidem
2806 5767 3079 5837 spiritum
3111 5764 3381 5830 Domino,
3414 5761 3703 5832 pretiosas
