  <div class='ocr_page' id='page_1' title='image "/cluster/home/n/w/nwhite01/storage/ocr_20150623/117/hvd.32044073502239/061.png"; bbox 0 0 4030 6196; ppageno 0'>
   <div class='ocr_carea' id='block_1_1' title="bbox 409 427 520 488">
    <p class='ocr_par' dir='ltr' id='par_1_1' title="bbox 409 427 520 488">
     <span class='ocr_line' id='line_1_1' title="bbox 409 427 520 488; baseline 0.018 -2"><span class='ocrx_word' id='word_1_1' title='bbox 409 427 520 488; x_wconf 85' lang='grc'><strong>111</strong></span> 
     </span>
    </p>
   </div>
   <div class='ocr_carea' id='block_1_2' title="bbox 1723 419 2495 484">
    <p class='ocr_par' dir='ltr' id='par_1_2' title="bbox 1723 419 2495 484">
     <span class='ocr_line' id='line_1_2' title="bbox 1723 419 2495 484; baseline -0.005 0"><span class='ocrx_word' id='word_1_2' title='bbox 1723 419 2162 484; x_wconf 83' lang='lat' dir='ltr'><strong>MENOLOGII</strong></span> <span class='ocrx_word' id='word_1_3' title='bbox 2201 421 2403 482; x_wconf 81' lang='lat' dir='ltr'><strong>PARS</strong></span> <span class='ocrx_word' id='word_1_4' title='bbox 2447 420 2495 480; x_wconf 92' lang='grc' dir='ltr'><strong>Ι.</strong></span> 
     </span>
    </p>
   </div>
   <div class='ocr_carea' id='block_1_3' title="bbox 3699 421 3815 483">
    <p class='ocr_par' dir='ltr' id='par_1_3' title="bbox 3699 421 3815 483">
     <span class='ocr_line' id='line_1_3' title="bbox 3699 421 3815 483; baseline 0.009 -1"><span class='ocrx_word' id='word_1_5' title='bbox 3699 421 3815 483; x_wconf 78' lang='grc'><strong>112</strong></span> 
     </span>
    </p>
   </div>
   <div class='ocr_carea' id='block_1_4' title="bbox 400 547 2058 633">
    <p class='ocr_par' dir='ltr' id='par_1_4' title="bbox 400 555 2048 633">
     <span class='ocr_line' id='line_1_4' title="bbox 400 555 2048 633; baseline -0.002 -17"><span class='ocrx_word' id='word_1_6' title='bbox 400 557 606 617; x_wconf 80' lang='lat' dir='ltr'><strong>autem</strong></span> <span class='ocrx_word' id='word_1_7' title='bbox 635 561 918 633; x_wconf 84' lang='lat' dir='ltr'><strong>reliquias</strong></span> <span class='ocrx_word' id='word_1_8' title='bbox 950 576 1086 616; x_wconf 88' lang='lat' dir='ltr'><strong>suas</strong></span> <span class='ocrx_word' id='word_1_9' title='bbox 1118 562 1381 631; x_wconf 79' lang='lat' dir='ltr'><strong>cognatas</strong></span> <span class='ocrx_word' id='word_1_10' title='bbox 1403 562 1576 614; x_wconf 65' lang='lat' dir='ltr'><strong>terrai</strong></span> <span class='ocrx_word' id='word_1_11' title='bbox 1592 555 2048 613; x_wconf 82' lang='lat' dir='ltr'><strong>commendans:</strong></span> 
     </span>
    </p>
   </div>
   <div class='ocr_carea' id='block_1_5' title="bbox 2172 547 3810 633">
    <p class='ocr_par' dir='ltr' id='par_1_5' title="bbox 2172 547 3810 628">
     <span class='ocr_line' id='line_1_5' title="bbox 2172 547 3810 628; baseline 0.001 -22"><span class='ocrx_word' id='word_1_12' title='bbox 2172 549 2433 628; x_wconf 77' lang='grc' dir='ltr'>ιργασίας,</span> <span class='ocrx_word' id='word_1_13' title='bbox 2464 549 2517 607; x_wconf 73' lang='grc' dir='ltr'>ἓν</span> <span class='ocrx_word' id='word_1_14' title='bbox 2549 547 2740 625; x_wconf 71' lang='grc' dir='ltr'>εἷρήνῇ</span> <span class='ocrx_word' id='word_1_15' title='bbox 2781 547 3100 620; x_wconf 81' lang='grc' dir='ltr'>ἐτελειώθη·</span> <span class='ocrx_word' id='word_1_16' title='bbox 3155 548 3218 604; x_wconf 81' lang='grc' dir='ltr'>τὸ</span> <span class='ocrx_word' id='word_1_17' title='bbox 3269 549 3365 624; x_wconf 68' lang='grc' dir='ltr'>μὲν</span> <span class='ocrx_word' id='word_1_18' title='bbox 3419 549 3565 627; x_wconf 69' lang='grc' dir='ltr'>ἱερὸν</span> <span class='ocrx_word' id='word_1_19' title='bbox 3596 555 3810 625; x_wconf 79' lang='grc' dir='ltr'>πνεῦμα</span> 
     </span>
    </p>
   </div>
   <div class='ocr_carea' id='block_1_6' title="bbox 409 645 2066 722">
    <p class='ocr_par' dir='ltr' id='par_1_6' title="bbox 409 645 2066 722">
     <span class='ocr_line' id='line_1_6' title="bbox 409 645 2066 722; baseline -0.004 -15"><span class='ocrx_word' id='word_1_20' title='bbox 409 668 540 722; x_wconf 80' lang='lat' dir='ltr'><strong>quae</strong></span> <span class='ocrx_word' id='word_1_21' title='bbox 573 667 761 722; x_wconf 87' lang='lat' dir='ltr'><strong>usque</strong></span> <span class='ocrx_word' id='word_1_22' title='bbox 792 651 852 705; x_wconf 90' lang='lat' dir='ltr'><strong>in</strong></span> <span class='ocrx_word' id='word_1_23' title='bbox 902 655 1259 722; x_wconf 68' lang='lat' dir='ltr'><strong>prmsentem</strong></span> <span class='ocrx_word' id='word_1_24' title='bbox 1308 647 1466 704; x_wconf 84' lang='lat' dir='ltr'><strong>diem</strong></span> <span class='ocrx_word' id='word_1_25' title='bbox 1512 647 1852 705; x_wconf 82' lang='lat' dir='ltr'><strong>curationes</strong></span> <span class='ocrx_word' id='word_1_26' title='bbox 1896 645 2066 702; x_wconf 86' lang='lat' dir='ltr'><strong>emit-</strong></span> 
     </span>
    </p>
   </div>
   <div class='ocr_carea' id='block_1_7' title="bbox 413 746 562 798">
    <p class='ocr_par' dir='ltr' id='par_1_7' title="bbox 413 746 562 798">
     <span class='ocr_line' id='line_1_7' title="bbox 413 746 562 798; baseline 0.02 -3"><span class='ocrx_word' id='word_1_27' title='bbox 413 746 562 798; x_wconf 86' lang='lat' dir='ltr'><strong>tunt.</strong></span> 
     </span>
    </p>
   </div>
   <div class='ocr_carea' id='block_1_8' title="bbox 972 855 1491 912">
    <p class='ocr_par' dir='ltr' id='par_1_8' title="bbox 972 855 1491 912">
     <span class='ocr_line' id='line_1_8' title="bbox 972 855 1491 912; baseline 0 -2"><span class='ocrx_word' id='word_1_28' title='bbox 972 856 1213 912; x_wconf 84' lang='lat' dir='ltr'><strong>EODEM</strong></span> <span class='ocrx_word' id='word_1_29' title='bbox 1238 855 1491 910; x_wconf 84' lang='lat' dir='ltr'><strong>MENSE.</strong></span> 
     </span>
    </p>
   </div>
   <div class='ocr_carea' id='block_1_9' title="bbox 984 973 1536 1029">
    <p class='ocr_par' dir='ltr' id='par_1_9' title="bbox 984 973 1536 1029">
     <span class='ocr_line' id='line_1_9' title="bbox 984 973 1536 1029; baseline 0 -1"><span class='ocrx_word' id='word_1_30' title='bbox 984 973 1085 1029; x_wconf 92' lang='lat' dir='ltr'><strong>Die</strong></span> <span class='ocrx_word' id='word_1_31' title='bbox 1117 973 1349 1029; x_wconf 89' lang='lat' dir='ltr'><strong>decima</strong></span> <span class='ocrx_word' id='word_1_32' title='bbox 1371 977 1536 1028; x_wconf 84' lang='lat' dir='ltr'><strong>sexta</strong></span> 
     </span>
    </p>
   </div>
   <div class='ocr_carea' id='block_1_10' title="bbox 407 1059 2061 1134">
    <p class='ocr_par' dir='ltr' id='par_1_10' title="bbox 407 1059 2061 1134">
     <span class='ocr_line' id='line_1_10' title="bbox 407 1059 2061 1134; baseline -0.001 -14"><span class='ocrx_word' id='word_1_33' title='bbox 407 1065 551 1120; x_wconf 76' lang='grc'><strong>121</strong></span> <span class='ocrx_word' id='word_1_34' title='bbox 594 1066 878 1119; x_wconf 80' lang='lat' dir='ltr'><strong>Certamen</strong></span> <span class='ocrx_word' id='word_1_35' title='bbox 916 1063 1099 1118; x_wconf 79' lang='lat' dir='ltr'><strong>sancti</strong></span> <span class='ocrx_word' id='word_1_36' title='bbox 1145 1061 1405 1134; x_wconf 80' lang='lat' dir='ltr'><strong>martyris</strong></span> <span class='ocrx_word' id='word_1_37' title='bbox 1436 1059 1678 1132; x_wconf 79' lang='lat' dir='ltr'><strong>Longini</strong></span> <span class='ocrx_word' id='word_1_38' title='bbox 1705 1060 2061 1120; x_wconf 77' lang='lat' dir='ltr'><strong>centurionis.</strong></span> 
     </span>
    </p>
   </div>
   <div class='ocr_carea' id='block_1_11' title="bbox 475 1222 2064 1297">
    <p class='ocr_par' dir='ltr' id='par_1_11' title="bbox 475 1222 2064 1297">
     <span class='ocr_line' id='line_1_11' title="bbox 475 1222 2064 1297; baseline -0.001 -16"><span class='ocrx_word' id='word_1_39' title='bbox 475 1226 579 1282; x_wconf 83' lang='lat' dir='ltr'><strong>Hic</strong></span> <span class='ocrx_word' id='word_1_40' title='bbox 607 1225 838 1281; x_wconf 86' lang='lat' dir='ltr'><strong>Tiberio</strong></span> <span class='ocrx_word' id='word_1_41' title='bbox 871 1224 1099 1281; x_wconf 79' lang='lat' dir='ltr'><strong>Caesare</strong></span> <span class='ocrx_word' id='word_1_42' title='bbox 1123 1241 1192 1279; x_wconf 81' lang='lat' dir='ltr'><strong>ex</strong></span> <span class='ocrx_word' id='word_1_43' title='bbox 1223 1224 1463 1296; x_wconf 81' lang='lat' dir='ltr'><strong>regione</strong></span> <span class='ocrx_word' id='word_1_44' title='bbox 1493 1222 1907 1297; x_wconf 82' lang='lat' dir='ltr'><strong>Cappadocum</strong></span> <span class='ocrx_word' id='word_1_45' title='bbox 1923 1239 2064 1281; x_wconf 89' lang='lat' dir='ltr'><strong>cen-</strong></span> 
     </span>
    </p>
   </div>
   <div class='ocr_carea' id='block_1_12' title="bbox 405 1313 2061 1386">
    <p class='ocr_par' dir='ltr' id='par_1_12' title="bbox 405 1313 2061 1386">
     <span class='ocr_line' id='line_1_12' title="bbox 405 1313 2061 1386; baseline -0.001 -14"><span class='ocrx_word' id='word_1_46' title='bbox 405 1316 560 1372; x_wconf 91' lang='lat' dir='ltr'><strong>turio</strong></span> <span class='ocrx_word' id='word_1_47' title='bbox 590 1315 722 1386; x_wconf 82' lang='lat' dir='ltr'><strong>fuit,</strong></span> <span class='ocrx_word' id='word_1_48' title='bbox 771 1315 1038 1370; x_wconf 88' lang='lat' dir='ltr'><strong>militans</strong></span> <span class='ocrx_word' id='word_1_49' title='bbox 1084 1314 1192 1370; x_wconf 87' lang='lat' dir='ltr'><strong>sub</strong></span> <span class='ocrx_word' id='word_1_50' title='bbox 1259 1315 1448 1370; x_wconf 82' lang='lat' dir='ltr'><strong>Pilato</strong></span> <span class='ocrx_word' id='word_1_51' title='bbox 1501 1313 1716 1370; x_wconf 68' lang='lat' dir='ltr'><strong>Iudaea)</strong></span> <span class='ocrx_word' id='word_1_52' title='bbox 1759 1313 2061 1386; x_wconf 75' lang='lat' dir='ltr'><strong>praat‘ecto,</strong></span> 
     </span>
    </p>
   </div>
   <div class='ocr_carea' id='block_1_13' title="bbox 405 1403 2066 1476">
    <p class='ocr_par' dir='ltr' id='par_1_13' title="bbox 405 1403 2066 1476">
     <span class='ocr_line' id='line_1_13' title="bbox 405 1403 2066 1476; baseline 0 -16"><span class='ocrx_word' id='word_1_53' title='bbox 405 1405 578 1475; x_wconf 83' lang='lat' dir='ltr'><strong>cujus</strong></span> <span class='ocrx_word' id='word_1_54' title='bbox 601 1405 777 1476; x_wconf 86' lang='lat' dir='ltr'>jussu</span> <span class='ocrx_word' id='word_1_55' title='bbox 805 1404 1078 1475; x_wconf 73' lang='lat' dir='ltr'><strong>pretiosas</strong></span> <span class='ocrx_word' id='word_1_56' title='bbox 1109 1403 1325 1459; x_wconf 84' lang='lat' dir='ltr'><strong>Christi</strong></span> <span class='ocrx_word' id='word_1_57' title='bbox 1372 1403 1636 1476; x_wconf 90' lang='lat' dir='ltr'><strong>passioni</strong></span> <span class='ocrx_word' id='word_1_58' title='bbox 1667 1407 1726 1458; x_wconf 93' lang='lat' dir='ltr'><strong>et</strong></span> <span class='ocrx_word' id='word_1_59' title='bbox 1753 1404 1913 1460; x_wconf 88' lang='lat' dir='ltr'><strong>cruci</strong></span> <span class='ocrx_word' id='word_1_60' title='bbox 1944 1420 2066 1460; x_wconf 89' lang='lat' dir='ltr'><strong>una</strong></span> 
     </span>
    </p>
   </div>
   <div class='ocr_carea' id='block_1_14' title="bbox 404 1493 2063 1566">
    <p class='ocr_par' dir='ltr' id='par_1_14' title="bbox 404 1493 2063 1566">
     <span class='ocr_line' id='line_1_14' title="bbox 404 1493 2063 1566; baseline 0.001 -17"><span class='ocrx_word' id='word_1_61' title='bbox 404 1512 539 1549; x_wconf 90' lang='lat' dir='ltr'><strong>cum</strong></span> <span class='ocrx_word' id='word_1_62' title='bbox 570 1494 839 1549; x_wconf 87' lang='lat' dir='ltr'><strong>centuria</strong></span> <span class='ocrx_word' id='word_1_63' title='bbox 870 1509 978 1549; x_wconf 90' lang='lat' dir='ltr'><strong>sua</strong></span> <span class='ocrx_word' id='word_1_64' title='bbox 1025 1494 1400 1549; x_wconf 84' lang='lat' dir='ltr'><strong>ministravit.</strong></span> <span class='ocrx_word' id='word_1_65' title='bbox 1436 1493 1548 1549; x_wconf 89' lang='lat' dir='ltr'><strong>Sed</strong></span> <span class='ocrx_word' id='word_1_66' title='bbox 1600 1511 1734 1551; x_wconf 90' lang='lat' dir='ltr'><strong>cum</strong></span> <span class='ocrx_word' id='word_1_67' title='bbox 1793 1511 1883 1564; x_wconf 89' lang='lat' dir='ltr'><strong>ea,</strong></span> <span class='ocrx_word' id='word_1_68' title='bbox 1931 1511 2063 1566; x_wconf 66' lang='lat' dir='ltr'><strong>qum</strong></span> 
     </span>
    </p>
   </div>
   <div class='ocr_carea' id='block_1_15' title="bbox 405 1583 2066 1653">
    <p class='ocr_par' dir='ltr' id='par_1_15' title="bbox 405 1583 2066 1653">
     <span class='ocr_line' id='line_1_15' title="bbox 405 1583 2066 1653; baseline -0.001 -14"><span class='ocrx_word' id='word_1_69' title='bbox 405 1584 636 1639; x_wconf 85' lang='lat' dir='ltr'><strong>Christo</strong></span> <span class='ocrx_word' id='word_1_70' title='bbox 668 1583 730 1638; x_wconf 88' lang='lat' dir='ltr'><strong>in</strong></span> <span class='ocrx_word' id='word_1_71' title='bbox 762 1599 999 1638; x_wconf 88' lang='lat' dir='ltr'><strong>crucem</strong></span> <span class='ocrx_word' id='word_1_72' title='bbox 1024 1583 1256 1639; x_wconf 86' lang='lat' dir='ltr'><strong>sublato</strong></span> <span class='ocrx_word' id='word_1_73' title='bbox 1300 1583 1544 1653; x_wconf 83' lang='lat' dir='ltr'><strong>ﬁebant,</strong></span> <span class='ocrx_word' id='word_1_74' title='bbox 1578 1583 1866 1639; x_wconf 87' lang='lat' dir='ltr'><strong>miracula</strong></span> <span class='ocrx_word' id='word_1_75' title='bbox 1886 1583 2066 1638; x_wconf 89' lang='lat' dir='ltr'><strong>vidis-</strong></span> 
     </span>
    </p>
   </div>
   <div class='ocr_carea' id='block_1_16' title="bbox 408 1672 2067 1745">
    <p class='ocr_par' dir='ltr' id='par_1_16' title="bbox 408 1672 2067 1745">
     <span class='ocr_line' id='line_1_16' title="bbox 408 1672 2067 1745; baseline -0.001 -17"><span class='ocrx_word' id='word_1_76' title='bbox 408 1679 516 1741; x_wconf 84' lang='lat' dir='ltr'><strong>set,</strong></span> <span class='ocrx_word' id='word_1_77' title='bbox 552 1679 722 1728; x_wconf 67' lang='lat' dir='ltr'><strong>terrae</strong></span> <span class='ocrx_word' id='word_1_78' title='bbox 756 1673 983 1728; x_wconf 89' lang='lat' dir='ltr'><strong>scilicet</strong></span> <span class='ocrx_word' id='word_1_79' title='bbox 1007 1672 1403 1743; x_wconf 89' lang='lat' dir='ltr'><strong>motum,solis</strong></span> <span class='ocrx_word' id='word_1_80' title='bbox 1432 1672 2067 1745; x_wconf 88' lang='lat' dir='ltr'><strong>deliquium,sepulcra</strong></span> 
     </span>
    </p>
   </div>
   <div class='ocr_carea' id='block_1_17' title="bbox 407 1763 2068 1837">
    <p class='ocr_par' dir='ltr' id='par_1_17' title="bbox 407 1763 2068 1837">
     <span class='ocr_line' id='line_1_17' title="bbox 407 1763 2068 1837; baseline -0.001 -18"><span class='ocrx_word' id='word_1_81' title='bbox 407 1771 631 1837; x_wconf 84' lang='lat' dir='ltr'><strong>aperta,</strong></span> <span class='ocrx_word' id='word_1_82' title='bbox 665 1769 930 1818; x_wconf 90' lang='lat' dir='ltr'><strong>mortuos</strong></span> <span class='ocrx_word' id='word_1_83' title='bbox 961 1764 1479 1836; x_wconf 84' lang='lat' dir='ltr'><strong>excitatos,petras</strong></span> <span class='ocrx_word' id='word_1_84' title='bbox 1511 1765 1746 1834; x_wconf 86' lang='lat' dir='ltr'><strong>scissas,</strong></span> <span class='ocrx_word' id='word_1_85' title='bbox 1777 1763 2068 1820; x_wconf 85' lang='lat' dir='ltr'><strong>exclama-</strong></span> 
     </span>
    </p>
   </div>
   <div class='ocr_carea' id='block_1_18' title="bbox 405 1852 2063 1923">
    <p class='ocr_par' dir='ltr' id='par_1_18' title="bbox 405 1852 2063 1923">
     <span class='ocr_line' id='line_1_18' title="bbox 405 1852 2063 1923; baseline 0 -17"><span class='ocrx_word' id='word_1_86' title='bbox 405 1854 522 1906; x_wconf 85' lang='lat' dir='ltr'><strong>vit:</strong></span> <span class='ocrx_word' id='word_1_87' title='bbox 559 1854 704 1907; x_wconf 87' lang='lat' dir='ltr'><strong>Vere</strong></span> <span class='ocrx_word' id='word_1_88' title='bbox 736 1853 838 1906; x_wconf 88' lang='lat' dir='ltr'><strong>Dei</strong></span> <span class='ocrx_word' id='word_1_89' title='bbox 872 1853 1054 1906; x_wconf 91' lang='lat' dir='ltr'><strong>Filius</strong></span> <span class='ocrx_word' id='word_1_90' title='bbox 1082 1858 1208 1907; x_wconf 87' lang='lat' dir='ltr'><strong>erat</strong></span> <span class='ocrx_word' id='word_1_91' title='bbox 1231 1853 1342 1906; x_wconf 87' lang='lat' dir='ltr'><strong>iste</strong></span> <span class='ocrx_word' id='word_1_92' title='bbox 1377 1852 1810 1923; x_wconf 89' lang='lat' dir='ltr'><strong>:abdicatoque</strong></span> <span class='ocrx_word' id='word_1_93' title='bbox 1833 1852 2063 1907; x_wconf 76' lang='lat' dir='ltr'><strong>militiaa</strong></span> 
     </span>
    </p>
   </div>
   <div class='ocr_carea' id='block_1_19' title="bbox 2167 636 3817 715">
    <p class='ocr_par' dir='ltr' id='par_1_19' title="bbox 2167 636 3817 715">
     <span class='ocr_line' id='line_1_19' title="bbox 2167 636 3817 715; baseline 0.001 -19"><span class='ocrx_word' id='word_1_94' title='bbox 2167 642 2336 696; x_wconf 82' lang='grc' dir='ltr'>αὐτοῦ</span> <span class='ocrx_word' id='word_1_95' title='bbox 2361 637 2637 715; x_wconf 74' lang='grc' dir='ltr'>παραδοὺς</span> <span class='ocrx_word' id='word_1_96' title='bbox 2665 643 2746 712; x_wconf 80' lang='grc' dir='ltr'><strong>τῷ</strong></span> <span class='ocrx_word' id='word_1_97' title='bbox 2777 642 2987 715; x_wconf 83' lang='grc' dir='ltr'><strong>Κυρίῳ,</strong></span> <span class='ocrx_word' id='word_1_98' title='bbox 3041 639 3105 694; x_wconf 83' lang='grc' dir='ltr'>τὸ</span> <span class='ocrx_word' id='word_1_99' title='bbox 3163 636 3222 695; x_wconf 73' lang='grc' dir='ltr'>δὲ</span> <span class='ocrx_word' id='word_1_100' title='bbox 3269 640 3460 713; x_wconf 87' lang='grc' dir='ltr'>τίμιον</span> <span class='ocrx_word' id='word_1_101' title='bbox 3504 639 3674 696; x_wconf 80' lang='grc' dir='ltr'>αὐτοῦ</span> <span class='ocrx_word' id='word_1_102' title='bbox 3705 639 3817 697; x_wconf 85' lang='grc' dir='ltr'>λεί-</span> 
     </span>
    </p>
   </div>
   <div class='ocr_carea' id='block_1_20' title="bbox 2169 726 3637 805">
    <p class='ocr_par' dir='ltr' id='par_1_20' title="bbox 2169 726 3637 805">
     <span class='ocr_line' id='line_1_20' title="bbox 2169 726 3637 805; baseline -0.001 -20"><span class='ocrx_word' id='word_1_103' title='bbox 2169 732 2342 805; x_wconf 82' lang='grc' dir='ltr'>ψανον</span> <span class='ocrx_word' id='word_1_104' title='bbox 2368 732 2438 804; x_wconf 79' lang='grc' dir='ltr'><strong>τῇ</strong></span> <span class='ocrx_word' id='word_1_105' title='bbox 2471 733 2709 805; x_wconf 80' lang='grc' dir='ltr'><strong>συγγενεῖ</strong></span> <span class='ocrx_word' id='word_1_106' title='bbox 2733 732 2828 804; x_wconf 81' lang='grc' dir='ltr'><strong>γῇ,</strong></span> <span class='ocrx_word' id='word_1_107' title='bbox 2853 726 2934 783; x_wconf 83' lang='grc' dir='ltr'>ἔτι</span> <span class='ocrx_word' id='word_1_108' title='bbox 2961 727 3053 782; x_wconf 79' lang='grc' dir='ltr'><strong>καὶ</strong></span> <span class='ocrx_word' id='word_1_109' title='bbox 3082 731 3175 783; x_wconf 93' lang='grc' dir='ltr'><strong>νῦν</strong></span> <span class='ocrx_word' id='word_1_110' title='bbox 3211 728 3377 805; x_wconf 82' lang='grc' dir='ltr'>βρύον</span> <span class='ocrx_word' id='word_1_111' title='bbox 3412 727 3637 803; x_wconf 75' lang='grc' dir='ltr'>ἰάματα.</span> 
     </span>
    </p>
   </div>
   <div class='ocr_carea' id='block_1_21' title="bbox 2723 856 3248 915">
    <p class='ocr_par' dir='ltr' id='par_1_21' title="bbox 2723 856 3248 915">
     <span class='ocr_line' id='line_1_21' title="bbox 2723 856 3248 915; baseline 0.004 -3"><span class='ocrx_word' id='word_1_112' title='bbox 2723 856 2899 914; x_wconf 81' lang='grc' dir='ltr'><strong>ΜΗΝΙ</strong></span> <span class='ocrx_word' id='word_1_113' title='bbox 2927 861 3012 912; x_wconf 83' lang='grc' dir='ltr'><strong>ΤΩ</strong></span> <span class='ocrx_word' id='word_1_114' title='bbox 3043 858 3248 915; x_wconf 84' lang='grc' dir='ltr'><strong>ΑΥΤΩ.</strong></span> 
     </span>
    </p>
   </div>
   <div class='ocr_carea' id='block_1_22' title="bbox 2966 974 3042 1042">
    <p class='ocr_par' dir='ltr' id='par_1_22' title="bbox 2966 974 3042 1042">
     <span class='ocr_line' id='line_1_22' title="bbox 2966 974 3042 1042; baseline 0 -12"><span class='ocrx_word' id='word_1_115' title='bbox 2966 974 3042 1042; x_wconf 82' lang='grc' dir='ltr'><strong>1ζ“</strong></span> 
     </span>
    </p>
   </div>
   <div class='ocr_carea' id='block_1_23' title="bbox 2169 1062 3820 1140">
    <p class='ocr_par' dir='ltr' id='par_1_23' title="bbox 2169 1062 3820 1140">
     <span class='ocr_line' id='line_1_23' title="bbox 2169 1062 3820 1140; baseline -0.006 -10"><span class='ocrx_word' id='word_1_116' title='bbox 2169 1065 2440 1135; x_wconf 80' lang='grc' dir='ltr'>’Λθλησις</span> <span class='ocrx_word' id='word_1_117' title='bbox 2467 1068 2564 1121; x_wconf 89' lang='grc' dir='ltr'><strong>τοῦ</strong></span> <span class='ocrx_word' id='word_1_118' title='bbox 2604 1065 2762 1140; x_wconf 80' lang='grc' dir='ltr'><strong>ἁγίου</strong></span> <span class='ocrx_word' id='word_1_119' title='bbox 2795 1066 3068 1140; x_wconf 77' lang='grc' dir='ltr'>μάρτυρος</span> <span class='ocrx_word' id='word_1_120' title='bbox 3119 1062 3390 1140; x_wconf 87' lang='grc' dir='ltr'>Λογγίνου</span> <span class='ocrx_word' id='word_1_121' title='bbox 3438 1067 3537 1118; x_wconf 87' lang='grc' dir='ltr'><strong>τοῦ</strong></span> <span class='ocrx_word' id='word_1_122' title='bbox 3594 1063 3820 1120; x_wconf 73' lang='grc' dir='ltr'>ἕκατον-</span> 
     </span>
    </p>
   </div>
   <div class='ocr_carea' id='block_1_24' title="bbox 2911 1137 3145 1210">
    <p class='ocr_par' dir='ltr' id='par_1_24' title="bbox 2911 1137 3145 1210">
     <span class='ocr_line' id='line_1_24' title="bbox 2911 1137 3145 1210; baseline 0.013 -20"><span class='ocrx_word' id='word_1_123' title='bbox 2911 1137 3145 1210; x_wconf 80' lang='grc' dir='ltr'>τάρχου.</span> 
     </span>
    </p>
   </div>
   <div class='ocr_carea' id='block_1_25' title="bbox 2241 1219 3816 1302">
    <p class='ocr_par' dir='ltr' id='par_1_25' title="bbox 2241 1219 3816 1302">
     <span class='ocr_line' id='line_1_25' title="bbox 2241 1219 3816 1302; baseline 0.001 -24"><span class='ocrx_word' id='word_1_124' title='bbox 2241 1223 2364 1282; x_wconf 83' lang='grc' dir='ltr'>Ἐπὶ</span> <span class='ocrx_word' id='word_1_125' title='bbox 2395 1219 2656 1298; x_wconf 75' lang='grc' dir='ltr'>Τιϐερίου</span> <span class='ocrx_word' id='word_1_126' title='bbox 2701 1224 2966 1300; x_wconf 84' lang='grc' dir='ltr'>Καίσαρος</span> <span class='ocrx_word' id='word_1_127' title='bbox 3025 1223 3093 1293; x_wconf 82' lang='grc' dir='ltr'>ἦν</span> <span class='ocrx_word' id='word_1_128' title='bbox 3145 1223 3304 1289; x_wconf 79' lang='grc' dir='ltr'>οὗτος</span> <span class='ocrx_word' id='word_1_129' title='bbox 3358 1222 3420 1279; x_wconf 90' lang='grc' dir='ltr'><strong>ἐκ</strong></span> <span class='ocrx_word' id='word_1_130' title='bbox 3471 1231 3572 1295; x_wconf 84' lang='grc' dir='ltr'><strong>τῆς</strong></span> <span class='ocrx_word' id='word_1_131' title='bbox 3625 1226 3816 1302; x_wconf 87' lang='grc' dir='ltr'>χώρας</span> 
     </span>
    </p>
   </div>
   <div class='ocr_carea' id='block_1_26' title="bbox 2164 1311 3819 1390">
    <p class='ocr_par' dir='ltr' id='par_1_26' title="bbox 2164 1311 3819 1390">
     <span class='ocr_line' id='line_1_26' title="bbox 2164 1311 3819 1390; baseline 0.003 -23"><span class='ocrx_word' id='word_1_132' title='bbox 2164 1317 2273 1368; x_wconf 82' lang='grc' dir='ltr'><strong>τῶν</strong></span> <span class='ocrx_word' id='word_1_133' title='bbox 2346 1311 2761 1388; x_wconf 84' lang='grc' dir='ltr'>Καππαδοκῶν,</span> <span class='ocrx_word' id='word_1_134' title='bbox 2846 1315 3251 1390; x_wconf 66' lang='grc' dir='ltr'><strong>ἑκατοντάρχης</strong></span> <span class='ocrx_word' id='word_1_135' title='bbox 3335 1315 3640 1390; x_wconf 81' lang='grc' dir='ltr'><strong>ὑπάρχων,</strong></span> <span class='ocrx_word' id='word_1_136' title='bbox 3723 1316 3819 1372; x_wconf 85' lang='grc' dir='ltr'><strong>καὶ</strong></span> 
     </span>
    </p>
   </div>
   <div class='ocr_carea' id='block_1_27' title="bbox 2167 1401 3819 1481">
    <p class='ocr_par' dir='ltr' id='par_1_27' title="bbox 2167 1401 3819 1481">
     <span class='ocr_line' id='line_1_27' title="bbox 2167 1401 3819 1481; baseline 0.001 -23"><span class='ocrx_word' id='word_1_137' title='bbox 2167 1403 2591 1479; x_wconf 83' lang='grc' dir='ltr'>στρατευόμενος</span> <span class='ocrx_word' id='word_1_138' title='bbox 2650 1403 2751 1458; x_wconf 82' lang='grc' dir='ltr'>ὑπὸ</span> <span class='ocrx_word' id='word_1_139' title='bbox 2798 1401 3029 1476; x_wconf 78' lang='grc' dir='ltr'>Πιλάτῳ</span> <span class='ocrx_word' id='word_1_140' title='bbox 3080 1407 3158 1475; x_wconf 84' lang='grc' dir='ltr'>τῷ</span> <span class='ocrx_word' id='word_1_141' title='bbox 3206 1406 3306 1468; x_wconf 81' lang='grc' dir='ltr'>τῆς</span> <span class='ocrx_word' id='word_1_142' title='bbox 3357 1401 3627 1468; x_wconf 79' lang='grc' dir='ltr'>Ἰουδαίας</span> <span class='ocrx_word' id='word_1_143' title='bbox 3687 1407 3819 1481; x_wconf 80' lang='grc' dir='ltr'>ἠγε-</span> 
     </span>
    </p>
   </div>
   <div class='ocr_carea' id='block_1_28' title="bbox 2171 1489 3822 1569">
    <p class='ocr_par' dir='ltr' id='par_1_28' title="bbox 2171 1489 3822 1569">
     <span class='ocr_line' id='line_1_28' title="bbox 2171 1489 3822 1569; baseline 0.002 -24"><span class='ocrx_word' id='word_1_144' title='bbox 2171 1492 2318 1564; x_wconf 80' lang='grc' dir='ltr'>μόνι·</span> <span class='ocrx_word' id='word_1_145' title='bbox 2379 1493 2530 1554; x_wconf 72' lang='grc' dir='ltr'>ὅστις</span> <span class='ocrx_word' id='word_1_146' title='bbox 2585 1491 2674 1546; x_wconf 88' lang='grc' dir='ltr'><strong>καὶ</strong></span> <span class='ocrx_word' id='word_1_147' title='bbox 2731 1489 3053 1569; x_wconf 69' lang='grc' dir='ltr'>προσέταξεν</span> <span class='ocrx_word' id='word_1_148' title='bbox 3121 1491 3274 1565; x_wconf 82' lang='grc' dir='ltr'><strong>αὐτῷ</strong></span> <span class='ocrx_word' id='word_1_149' title='bbox 3337 1492 3676 1566; x_wconf 81' lang='grc' dir='ltr'>ὑπηρετῆσαι</span> <span class='ocrx_word' id='word_1_150' title='bbox 3743 1493 3822 1556; x_wconf 76' lang='grc' dir='ltr'><strong>εἷς</strong></span> 
     </span>
    </p>
   </div>
   <div class='ocr_carea' id='block_1_29' title="bbox 2163 1577 3821 1657">
    <p class='ocr_par' dir='ltr' id='par_1_29' title="bbox 2163 1577 3821 1657">
     <span class='ocr_line' id='line_1_29' title="bbox 2163 1577 3821 1657; baseline 0.002 -23"><span class='ocrx_word' id='word_1_151' title='bbox 2163 1579 2231 1634; x_wconf 70' lang='grc' dir='ltr'><strong>τὰ</strong></span> <span class='ocrx_word' id='word_1_152' title='bbox 2284 1579 2440 1653; x_wconf 92' lang='grc' dir='ltr'>τίμια</span> <span class='ocrx_word' id='word_1_153' title='bbox 2495 1577 2642 1652; x_wconf 76' lang='grc' dir='ltr'><strong>πᾶθη</strong></span> <span class='ocrx_word' id='word_1_154' title='bbox 2695 1584 2792 1636; x_wconf 92' lang='grc' dir='ltr'><strong>τοῦ</strong></span> <span class='ocrx_word' id='word_1_155' title='bbox 2851 1582 3113 1656; x_wconf 75' lang='grc' dir='ltr'>Χριστοῦ,</span> <span class='ocrx_word' id='word_1_156' title='bbox 3169 1582 3257 1636; x_wconf 80' lang='grc' dir='ltr'><strong>καὶ</strong></span> <span class='ocrx_word' id='word_1_157' title='bbox 3321 1583 3420 1650; x_wconf 79' lang='grc' dir='ltr'>τήν</span> <span class='ocrx_word' id='word_1_158' title='bbox 3483 1581 3821 1657; x_wconf 87' lang='grc' dir='ltr'>σταύρωσιν,</span> 
     </span>
    </p>
   </div>
   <div class='ocr_carea' id='block_1_30' title="bbox 2169 1669 3822 1747">
    <p class='ocr_par' dir='ltr' id='par_1_30' title="bbox 2169 1669 3822 1747">
     <span class='ocr_line' id='line_1_30' title="bbox 2169 1669 3822 1747; baseline 0.003 -23"><span class='ocrx_word' id='word_1_159' title='bbox 2169 1669 2305 1742; x_wconf 84' lang='grc' dir='ltr'>μετᾶ</span> <span class='ocrx_word' id='word_1_160' title='bbox 2334 1674 2442 1725; x_wconf 83' lang='grc' dir='ltr'><strong>τῶν</strong></span> <span class='ocrx_word' id='word_1_161' title='bbox 2475 1670 2565 1725; x_wconf 82' lang='grc' dir='ltr'><strong>ὑπ’</strong></span> <span class='ocrx_word' id='word_1_162' title='bbox 2594 1670 2754 1725; x_wconf 82' lang='grc' dir='ltr'>αὐτὸν</span> <span class='ocrx_word' id='word_1_163' title='bbox 2791 1670 2978 1726; x_wconf 67' lang='grc' dir='ltr'>ἓκατὸν</span> <span class='ocrx_word' id='word_1_164' title='bbox 3012 1674 3382 1747; x_wconf 83' lang='grc' dir='ltr'>στρατιωτῶν.</span> <span class='ocrx_word' id='word_1_165' title='bbox 3447 1669 3606 1727; x_wconf 86' lang='grc' dir='ltr'>Ἀλλ’</span> <span class='ocrx_word' id='word_1_166' title='bbox 3651 1673 3822 1737; x_wconf 84' lang='grc' dir='ltr'>αὐτὸς</span> 
     </span>
    </p>
   </div>
   <div class='ocr_carea' id='block_1_31' title="bbox 2167 1754 3822 1835">
    <p class='ocr_par' dir='ltr' id='par_1_31' title="bbox 2167 1754 3822 1835">
     <span class='ocr_line' id='line_1_31' title="bbox 2167 1754 3822 1835; baseline 0.002 -23"><span class='ocrx_word' id='word_1_167' title='bbox 2167 1754 2298 1812; x_wconf 76' lang='grc' dir='ltr'>ἰδὼν</span> <span class='ocrx_word' id='word_1_168' title='bbox 2326 1759 2394 1814; x_wconf 78' lang='grc' dir='ltr'>τὰ</span> <span class='ocrx_word' id='word_1_169' title='bbox 2424 1757 2512 1814; x_wconf 84' lang='grc' dir='ltr'><strong>ἐπὶ</strong></span> <span class='ocrx_word' id='word_1_170' title='bbox 2539 1762 2635 1814; x_wconf 91' lang='grc' dir='ltr'><strong>τοῦ</strong></span> <span class='ocrx_word' id='word_1_171' title='bbox 2668 1764 2899 1834; x_wconf 87' lang='grc' dir='ltr'>σταυροῦ</span> <span class='ocrx_word' id='word_1_172' title='bbox 2957 1763 3049 1815; x_wconf 83' lang='grc' dir='ltr'><strong>τοῦ</strong></span> <span class='ocrx_word' id='word_1_173' title='bbox 3079 1762 3315 1834; x_wconf 77' lang='grc' dir='ltr'>Χριστοῦ</span> <span class='ocrx_word' id='word_1_174' title='bbox 3371 1760 3640 1835; x_wconf 89' lang='grc' dir='ltr'>γενόμενα</span> <span class='ocrx_word' id='word_1_175' title='bbox 3693 1760 3822 1827; x_wconf 81' lang='grc' dir='ltr'>θαύ-</span> 
     </span>
    </p>
   </div>
   <div class='ocr_carea' id='block_1_32' title="bbox 2170 1849 3826 1923">
    <p class='ocr_par' dir='ltr' id='par_1_32' title="bbox 2170 1849 3826 1923">
     <span class='ocr_line' id='line_1_32' title="bbox 2170 1849 3826 1923; baseline 0.002 -20"><span class='ocrx_word' id='word_1_176' title='bbox 2170 1869 2332 1922; x_wconf 85' lang='grc' dir='ltr'>ματα,</span> <span class='ocrx_word' id='word_1_177' title='bbox 2363 1849 2454 1904; x_wconf 87' lang='grc' dir='ltr'>τὸν</span> <span class='ocrx_word' id='word_1_178' title='bbox 2485 1851 2729 1923; x_wconf 89' lang='grc' dir='ltr'>σεισμὸν,</span> <span class='ocrx_word' id='word_1_179' title='bbox 2761 1853 2859 1904; x_wconf 91' lang='grc' dir='ltr'><strong>τοῦ</strong></span> <span class='ocrx_word' id='word_1_180' title='bbox 2885 1850 3050 1920; x_wconf 76' lang='grc' dir='ltr'>ἡλίου</span> <span class='ocrx_word' id='word_1_181' title='bbox 3123 1851 3185 1906; x_wconf 88' lang='grc' dir='ltr'>τὸ</span> <span class='ocrx_word' id='word_1_182' title='bbox 3241 1849 3454 1921; x_wconf 87' lang='grc' dir='ltr'>σκότος,</span> <span class='ocrx_word' id='word_1_183' title='bbox 3508 1850 3636 1915; x_wconf 81' lang='grc' dir='ltr'>τοὺς</span> <span class='ocrx_word' id='word_1_184' title='bbox 3694 1853 3826 1908; x_wconf 84' lang='grc' dir='ltr'>ἀνο-</span> 
     </span>
    </p>
   </div>
   <div class='ocr_carea' id='block_1_33' title="bbox 407 1933 2058 2016">
    <p class='ocr_par' dir='ltr' id='par_1_33' title="bbox 407 1945 2058 2016">
     <span class='ocr_line' id='line_1_33' title="bbox 407 1945 2058 2016; baseline 0.001 -18"><span class='ocrx_word' id='word_1_185' title='bbox 407 1945 518 1999; x_wconf 90' lang='lat' dir='ltr'><strong>sibi</strong></span> <span class='ocrx_word' id='word_1_186' title='bbox 548 1945 829 2015; x_wconf 65' lang='lat' dir='ltr'><strong>subjectus</strong></span> <span class='ocrx_word' id='word_1_187' title='bbox 862 1961 1132 2010; x_wconf 89' lang='lat' dir='ltr'><strong>munere,</strong></span> <span class='ocrx_word' id='word_1_188' title='bbox 1169 1945 1229 1999; x_wconf 89' lang='lat' dir='ltr'><strong>in</strong></span> <span class='ocrx_word' id='word_1_189' title='bbox 1261 1945 1513 2016; x_wconf 91' lang='lat' dir='ltr'><strong>patriam</strong></span> <span class='ocrx_word' id='word_1_190' title='bbox 1537 1945 1734 2010; x_wconf 90' lang='lat' dir='ltr'><strong>rediit,</strong></span> <span class='ocrx_word' id='word_1_191' title='bbox 1767 1945 2058 2000; x_wconf 87' lang='lat' dir='ltr'><strong>Christum</strong></span> 
     </span>
    </p>
   </div>
   <div class='ocr_carea' id='block_1_34' title="bbox 2172 1933 3820 2016">
    <p class='ocr_par' dir='ltr' id='par_1_34' title="bbox 2172 1933 3820 2016">
     <span class='ocr_line' id='line_1_34' title="bbox 2172 1933 3820 2016; baseline 0.004 -25"><span class='ocrx_word' id='word_1_192' title='bbox 2172 1933 2355 2010; x_wconf 76' lang='grc' dir='ltr'>γέντας</span> <span class='ocrx_word' id='word_1_193' title='bbox 2405 1939 2636 2012; x_wconf 81' lang='grc' dir='ltr'>τάφους,</span> <span class='ocrx_word' id='word_1_194' title='bbox 2689 1938 2815 2001; x_wconf 81' lang='grc' dir='ltr'>τοὺς</span> <span class='ocrx_word' id='word_1_195' title='bbox 2866 1936 3174 2016; x_wconf 80' lang='grc' dir='ltr'>ἐγερθέντας</span> <span class='ocrx_word' id='word_1_196' title='bbox 3226 1939 3472 2016; x_wconf 82' lang='grc' dir='ltr'>νεκροὺς,</span> <span class='ocrx_word' id='word_1_197' title='bbox 3545 1943 3640 2004; x_wconf 79' lang='grc' dir='ltr'><strong>τὰς</strong></span> <span class='ocrx_word' id='word_1_198' title='bbox 3691 1942 3820 1997; x_wconf 71' lang='grc' dir='ltr'>σχι-</span> 
     </span>
    </p>
   </div>
   <div class='ocr_carea' id='block_1_35' title="bbox 407 2033 2061 2104">
    <p class='ocr_par' dir='ltr' id='par_1_35' title="bbox 407 2033 2061 2104">
     <span class='ocr_line' id='line_1_35' title="bbox 407 2033 2061 2104; baseline 0 -17"><span class='ocrx_word' id='word_1_199' title='bbox 407 2033 757 2104; x_wconf 76' lang='lat' dir='ltr'><strong>prmdicans.</strong></span> <span class='ocrx_word' id='word_1_200' title='bbox 793 2034 915 2098; x_wconf 94' lang='lat' dir='ltr'><strong>Quo</strong></span> <span class='ocrx_word' id='word_1_201' title='bbox 948 2038 1252 2104; x_wconf 87' lang='lat' dir='ltr'><strong>comperto</strong></span> <span class='ocrx_word' id='word_1_202' title='bbox 1284 2033 1491 2100; x_wconf 80' lang='lat' dir='ltr'><strong>Judaei,</strong></span> <span class='ocrx_word' id='word_1_203' title='bbox 1523 2033 1776 2104; x_wconf 87' lang='lat' dir='ltr'><strong>pecunia</strong></span> <span class='ocrx_word' id='word_1_204' title='bbox 1806 2033 2061 2088; x_wconf 87' lang='lat' dir='ltr'><strong>Pilatum</strong></span> 
     </span>
    </p>
   </div>
   <div class='ocr_carea' id='block_1_36' title="bbox 409 2122 2062 2195">
    <p class='ocr_par' dir='ltr' id='par_1_36' title="bbox 409 2122 2062 2195">
     <span class='ocr_line' id='line_1_36' title="bbox 409 2122 2062 2195; baseline 0 -17"><span class='ocrx_word' id='word_1_205' title='bbox 409 2124 832 2188; x_wconf 89' lang='lat' dir='ltr'><strong>subornarunt,</strong></span> <span class='ocrx_word' id='word_1_206' title='bbox 854 2123 956 2193; x_wconf 89' lang='lat' dir='ltr'><strong>qui</strong></span> <span class='ocrx_word' id='word_1_207' title='bbox 989 2123 1062 2177; x_wconf 90' lang='lat' dir='ltr'><strong>ad</strong></span> <span class='ocrx_word' id='word_1_208' title='bbox 1093 2122 1392 2178; x_wconf 89' lang='lat' dir='ltr'><strong>Tiberium</strong></span> <span class='ocrx_word' id='word_1_209' title='bbox 1423 2123 1704 2178; x_wconf 88' lang='lat' dir='ltr'><strong>adversus</strong></span> <span class='ocrx_word' id='word_1_210' title='bbox 1735 2123 2062 2195; x_wconf 81' lang='lat' dir='ltr'><strong>Longinum</strong></span> 
     </span>
    </p>
   </div>
   <div class='ocr_carea' id='block_1_37' title="bbox 410 2212 2066 2284">
    <p class='ocr_par' dir='ltr' id='par_1_37' title="bbox 410 2212 2066 2284">
     <span class='ocr_line' id='line_1_37' title="bbox 410 2212 2066 2284; baseline 0 -16"><span class='ocrx_word' id='word_1_211' title='bbox 410 2213 858 2284; x_wconf 88' lang='lat' dir='ltr'><strong>scripsit.Atille</strong></span> <span class='ocrx_word' id='word_1_212' title='bbox 881 2213 1163 2268; x_wconf 84' lang='lat' dir='ltr'><strong>decollari</strong></span> <span class='ocrx_word' id='word_1_213' title='bbox 1187 2231 1322 2269; x_wconf 89' lang='lat' dir='ltr'><strong>eum</strong></span> <span class='ocrx_word' id='word_1_214' title='bbox 1345 2230 1466 2268; x_wconf 88' lang='lat' dir='ltr'><strong>una</strong></span> <span class='ocrx_word' id='word_1_215' title='bbox 1487 2231 1621 2268; x_wconf 90' lang='lat' dir='ltr'><strong>cum</strong></span> <span class='ocrx_word' id='word_1_216' title='bbox 1644 2213 1877 2269; x_wconf 89' lang='lat' dir='ltr'><strong>duobus</strong></span> <span class='ocrx_word' id='word_1_217' title='bbox 1891 2212 2066 2268; x_wconf 88' lang='lat' dir='ltr'><strong>sociis</strong></span> 
     </span>
    </p>
   </div>
   <div class='ocr_carea' id='block_1_38' title="bbox 411 2301 2069 2372">
    <p class='ocr_par' dir='ltr' id='par_1_38' title="bbox 411 2301 2069 2372">
     <span class='ocr_line' id='line_1_38' title="bbox 411 2301 2069 2372; baseline 0 -16"><span class='ocrx_word' id='word_1_218' title='bbox 411 2301 703 2356; x_wconf 89' lang='lat' dir='ltr'><strong>militibus</strong></span> <span class='ocrx_word' id='word_1_219' title='bbox 717 2301 1038 2367; x_wconf 88' lang='lat' dir='ltr'><strong>mandavit,</strong></span> <span class='ocrx_word' id='word_1_220' title='bbox 1065 2303 1314 2372; x_wconf 88' lang='lat' dir='ltr'><strong>ejusque</strong></span> <span class='ocrx_word' id='word_1_221' title='bbox 1336 2308 1512 2372; x_wconf 89' lang='lat' dir='ltr'><strong>caput</strong></span> <span class='ocrx_word' id='word_1_222' title='bbox 1533 2303 1940 2372; x_wconf 87' lang='lat' dir='ltr'><strong>Hierosolyma</strong></span> <span class='ocrx_word' id='word_1_223' title='bbox 1964 2301 2069 2356; x_wconf 84' lang='lat' dir='ltr'><strong>de-</strong></span> 
     </span>
    </p>
   </div>
   <div class='ocr_carea' id='block_1_39' title="bbox 412 2389 2068 2462">
    <p class='ocr_par' dir='ltr' id='par_1_39' title="bbox 412 2389 2068 2462">
     <span class='ocr_line' id='line_1_39' title="bbox 412 2389 2068 2462; baseline -0.001 -16"><span class='ocrx_word' id='word_1_224' title='bbox 412 2392 552 2446; x_wconf 79' lang='lat' dir='ltr'><strong>terri</strong></span> <span class='ocrx_word' id='word_1_225' title='bbox 585 2390 772 2462; x_wconf 85' lang='lat' dir='ltr'><strong>:quod</strong></span> <span class='ocrx_word' id='word_1_226' title='bbox 803 2391 863 2444; x_wconf 91' lang='lat' dir='ltr'><strong>in</strong></span> <span class='ocrx_word' id='word_1_227' title='bbox 890 2391 1332 2460; x_wconf 88' lang='lat' dir='ltr'><strong>sterquilininm</strong></span> <span class='ocrx_word' id='word_1_228' title='bbox 1356 2390 1673 2461; x_wconf 84' lang='lat' dir='ltr'><strong>dejectum,</strong></span> <span class='ocrx_word' id='word_1_229' title='bbox 1699 2389 2068 2446; x_wconf 90' lang='lat' dir='ltr'><strong>tandiudeli-</strong></span> 
     </span>
    </p>
   </div>
   <div class='ocr_carea' id='block_1_40' title="bbox 414 2477 2069 2550">
    <p class='ocr_par' dir='ltr' id='par_1_40' title="bbox 414 2477 2069 2550">
     <span class='ocr_line' id='line_1_40' title="bbox 414 2477 2069 2550; baseline 0 -19"><span class='ocrx_word' id='word_1_230' title='bbox 414 2479 743 2534; x_wconf 90' lang='lat' dir='ltr'><strong>tuit.donec</strong></span> <span class='ocrx_word' id='word_1_231' title='bbox 781 2477 999 2532; x_wconf 88' lang='lat' dir='ltr'><strong>mulier</strong></span> <span class='ocrx_word' id='word_1_232' title='bbox 1024 2478 1296 2548; x_wconf 70' lang='lat' dir='ltr'><strong>quaedam</strong></span> <span class='ocrx_word' id='word_1_233' title='bbox 1328 2479 1644 2550; x_wconf 81' lang='lat' dir='ltr'><strong>Cappadox</strong></span> <span class='ocrx_word' id='word_1_234' title='bbox 1673 2496 1848 2546; x_wconf 70' lang='lat' dir='ltr'><strong>casca,</strong></span> <span class='ocrx_word' id='word_1_235' title='bbox 1872 2478 2069 2533; x_wconf 90' lang='lat' dir='ltr'><strong>divino</strong></span> 
     </span>
    </p>
   </div>
   <div class='ocr_carea' id='block_1_41' title="bbox 2170 2024 3819 2104">
    <p class='ocr_par' dir='ltr' id='par_1_41' title="bbox 2170 2024 3819 2104">
     <span class='ocr_line' id='line_1_41' title="bbox 2170 2024 3819 2104; baseline 0.004 -24"><span class='ocrx_word' id='word_1_236' title='bbox 2170 2026 2381 2090; x_wconf 73' lang='grc' dir='ltr'>σθεῖσας</span> <span class='ocrx_word' id='word_1_237' title='bbox 2440 2028 2664 2104; x_wconf 79' lang='grc' dir='ltr'>πὲτρας,</span> <span class='ocrx_word' id='word_1_238' title='bbox 2716 2024 3031 2099; x_wconf 73' lang='grc' dir='ltr'>ἀνεϐόησεν·</span> <span class='ocrx_word' id='word_1_239' title='bbox 3067 2027 3324 2100; x_wconf 81' lang='grc' dir='ltr'>’Δληθῶς</span> <span class='ocrx_word' id='word_1_240' title='bbox 3382 2035 3516 2085; x_wconf 85' lang='grc' dir='ltr'>Θεοῦ</span> <span class='ocrx_word' id='word_1_241' title='bbox 3568 2031 3691 2093; x_wconf 78' lang='grc' dir='ltr'><strong>Υἱὸς</strong></span> <span class='ocrx_word' id='word_1_242' title='bbox 3751 2034 3819 2101; x_wconf 75' lang='grc' dir='ltr'>ἦν</span> 
     </span>
    </p>
   </div>
   <div class='ocr_carea' id='block_1_42' title="bbox 2171 2115 3822 2196">
    <p class='ocr_par' dir='ltr' id='par_1_42' title="bbox 2171 2115 3822 2196">
     <span class='ocr_line' id='line_1_42' title="bbox 2171 2115 3822 2196; baseline 0.004 -26"><span class='ocrx_word' id='word_1_243' title='bbox 2171 2115 2348 2180; x_wconf 70' lang='grc' dir='ltr'>οὗτος.</span> <span class='ocrx_word' id='word_1_244' title='bbox 2384 2117 2486 2173; x_wconf 87' lang='grc' dir='ltr'>Καὶ</span> <span class='ocrx_word' id='word_1_245' title='bbox 2516 2115 2832 2173; x_wconf 88' lang='grc' dir='ltr'>καταλιπὼν</span> <span class='ocrx_word' id='word_1_246' title='bbox 2862 2120 2960 2187; x_wconf 81' lang='grc' dir='ltr'><strong>τήν</strong></span> <span class='ocrx_word' id='word_1_247' title='bbox 3013 2119 3380 2192; x_wconf 75' lang='grc' dir='ltr'>ὑποκειμένην</span> <span class='ocrx_word' id='word_1_248' title='bbox 3443 2119 3588 2192; x_wconf 82' lang='grc' dir='ltr'><strong>αὖτῷ</strong></span> <span class='ocrx_word' id='word_1_249' title='bbox 3645 2141 3822 2196; x_wconf 80' lang='grc' dir='ltr'>στρα-</span> 
     </span>
    </p>
   </div>
   <div class='ocr_carea' id='block_1_43' title="bbox 2172 2202 3822 2284">
    <p class='ocr_par' dir='ltr' id='par_1_43' title="bbox 2172 2202 3822 2284">
     <span class='ocr_line' id='line_1_43' title="bbox 2172 2202 3822 2284; baseline 0.004 -24"><span class='ocrx_word' id='word_1_250' title='bbox 2172 2203 2338 2274; x_wconf 89' lang='grc' dir='ltr'>τείαν,</span> <span class='ocrx_word' id='word_1_251' title='bbox 2379 2205 2470 2260; x_wconf 84' lang='grc' dir='ltr'><strong>καὶ</strong></span> <span class='ocrx_word' id='word_1_252' title='bbox 2556 2207 2654 2276; x_wconf 77' lang='grc' dir='ltr'>τήν</span> <span class='ocrx_word' id='word_1_253' title='bbox 2742 2204 2883 2261; x_wconf 78' lang='grc' dir='ltr'>ἰδίαν</span> <span class='ocrx_word' id='word_1_254' title='bbox 2934 2208 3122 2283; x_wconf 86' lang='grc' dir='ltr'>χώραν</span> <span class='ocrx_word' id='word_1_255' title='bbox 3180 2202 3526 2279; x_wconf 76' lang='grc' dir='ltr'>καταλαϐὼν,</span> <span class='ocrx_word' id='word_1_256' title='bbox 3559 2209 3822 2284; x_wconf 71' lang='grc' dir='ltr'>ἐκήρυττε</span> 
     </span>
    </p>
   </div>
   <div class='ocr_carea' id='block_1_44' title="bbox 2174 2294 3822 2370">
    <p class='ocr_par' dir='ltr' id='par_1_44' title="bbox 2174 2294 3822 2370">
     <span class='ocr_line' id='line_1_44' title="bbox 2174 2294 3822 2370; baseline 0.003 -22"><span class='ocrx_word' id='word_1_257' title='bbox 2174 2294 2265 2349; x_wconf 87' lang='grc' dir='ltr'>τὸν</span> <span class='ocrx_word' id='word_1_258' title='bbox 2296 2295 2545 2370; x_wconf 81' lang='grc' dir='ltr'>Χριστόν.</span> <span class='ocrx_word' id='word_1_259' title='bbox 2581 2296 2678 2350; x_wconf 84' lang='grc' dir='ltr'><strong>Καὶ</strong></span> <span class='ocrx_word' id='word_1_260' title='bbox 2715 2294 2973 2369; x_wconf 81' lang='grc' dir='ltr'>μαθόντες</span> <span class='ocrx_word' id='word_1_261' title='bbox 3019 2299 3181 2351; x_wconf 91' lang='grc' dir='ltr'>τοῦτο</span> <span class='ocrx_word' id='word_1_262' title='bbox 3249 2297 3301 2350; x_wconf 77' lang='grc' dir='ltr'>οἱ</span> <span class='ocrx_word' id='word_1_263' title='bbox 3359 2294 3636 2368; x_wconf 74' lang='grc' dir='ltr'>Ἰουδαῖοι,</span> <span class='ocrx_word' id='word_1_264' title='bbox 3685 2294 3822 2353; x_wconf 82' lang='grc' dir='ltr'><strong>ἔδω-</strong></span> 
     </span>
    </p>
   </div>
   <div class='ocr_carea' id='block_1_45' title="bbox 2178 2381 3822 2464">
    <p class='ocr_par' dir='ltr' id='par_1_45' title="bbox 2178 2381 3822 2464">
     <span class='ocr_line' id='line_1_45' title="bbox 2178 2381 3822 2464; baseline 0.002 -26"><span class='ocrx_word' id='word_1_265' title='bbox 2178 2403 2271 2438; x_wconf 75' lang='grc' dir='ltr'><strong>καν</strong></span> <span class='ocrx_word' id='word_1_266' title='bbox 2311 2387 2391 2455; x_wconf 81' lang='grc' dir='ltr'><strong>τῷ</strong></span> <span class='ocrx_word' id='word_1_267' title='bbox 2447 2381 2672 2458; x_wconf 81' lang='grc' dir='ltr'>Πιλάτῳ</span> <span class='ocrx_word' id='word_1_268' title='bbox 2728 2387 3012 2460; x_wconf 75' lang='grc' dir='ltr'>χρήματα.</span> <span class='ocrx_word' id='word_1_269' title='bbox 3071 2385 3167 2440; x_wconf 78' lang='grc' dir='ltr'>Καὶ</span> <span class='ocrx_word' id='word_1_270' title='bbox 3227 2386 3255 2440; x_wconf 81' lang='grc' dir='ltr'><strong>ὁ</strong></span> <span class='ocrx_word' id='word_1_271' title='bbox 3329 2386 3567 2450; x_wconf 78' lang='grc' dir='ltr'>Πιλᾶτος</span> <span class='ocrx_word' id='word_1_272' title='bbox 3624 2384 3822 2464; x_wconf 79' lang='grc' dir='ltr'>ἔγραψε</span> 
     </span>
    </p>
   </div>
   <div class='ocr_carea' id='block_1_46' title="bbox 2177 2468 3822 2551">
    <p class='ocr_par' dir='ltr' id='par_1_46' title="bbox 2177 2468 3822 2551">
     <span class='ocr_line' id='line_1_46' title="bbox 2177 2468 3822 2551; baseline 0.002 -23"><span class='ocrx_word' id='word_1_273' title='bbox 2177 2473 2315 2548; x_wconf 87' lang='grc' dir='ltr'>πρὸς</span> <span class='ocrx_word' id='word_1_274' title='bbox 2346 2468 2596 2545; x_wconf 73' lang='grc' dir='ltr'>Τιϐέριον</span> <span class='ocrx_word' id='word_1_275' title='bbox 2626 2476 2762 2530; x_wconf 87' lang='grc' dir='ltr'>κατὰ</span> <span class='ocrx_word' id='word_1_276' title='bbox 2790 2479 2887 2530; x_wconf 91' lang='grc' dir='ltr'><strong>τοῦ</strong></span> <span class='ocrx_word' id='word_1_277' title='bbox 2919 2474 3207 2551; x_wconf 79' lang='grc' dir='ltr'>Λογγίνου.</span> <span class='ocrx_word' id='word_1_278' title='bbox 3271 2477 3330 2532; x_wconf 89' lang='grc' dir='ltr'>Ὁ</span> <span class='ocrx_word' id='word_1_279' title='bbox 3387 2473 3444 2530; x_wconf 80' lang='grc' dir='ltr'>δὲ</span> <span class='ocrx_word' id='word_1_280' title='bbox 3491 2477 3822 2540; x_wconf 80' lang='grc' dir='ltr'>ἀποστείλας</span> 
     </span>
    </p>
   </div>
   <div class='ocr_carea' id='block_1_47' title="bbox 411 2564 2058 2642">
    <p class='ocr_par' dir='ltr' id='par_1_47' title="bbox 411 2567 2058 2640">
     <span class='ocr_line' id='line_1_47' title="bbox 411 2567 2058 2640; baseline -0.001 -18"><span class='ocrx_word' id='word_1_281' title='bbox 411 2567 716 2622; x_wconf 90' lang='lat' dir='ltr'><strong>admonita</strong></span> <span class='ocrx_word' id='word_1_282' title='bbox 745 2567 892 2629; x_wconf 79' lang='lat' dir='ltr'><strong>visu.</strong></span> <span class='ocrx_word' id='word_1_283' title='bbox 926 2567 1334 2639; x_wconf 82' lang='lat' dir='ltr'><strong>Hierosolyma</strong></span> <span class='ocrx_word' id='word_1_284' title='bbox 1377 2568 1660 2640; x_wconf 80' lang='lat' dir='ltr'><strong>profecta,</strong></span> <span class='ocrx_word' id='word_1_285' title='bbox 1713 2568 1958 2635; x_wconf 88' lang='lat' dir='ltr'><strong>invenit,</strong></span> <span class='ocrx_word' id='word_1_286' title='bbox 1985 2567 2058 2621; x_wconf 89' lang='lat' dir='ltr'><strong>vi-</strong></span> 
     </span>
    </p>
   </div>
   <div class='ocr_carea' id='block_1_48' title="bbox 2172 2564 3827 2642">
    <p class='ocr_par' dir='ltr' id='par_1_48' title="bbox 2177 2564 3827 2642">
     <span class='ocr_line' id='line_1_48' title="bbox 2177 2564 3827 2642; baseline 0.004 -24"><span class='ocrx_word' id='word_1_287' title='bbox 2177 2564 2567 2640; x_wconf 78' lang='grc' dir='ltr'>ἀπεκεφάλισεν</span> <span class='ocrx_word' id='word_1_288' title='bbox 2601 2564 2784 2633; x_wconf 77' lang='grc' dir='ltr'>αὐτὸν,</span> <span class='ocrx_word' id='word_1_289' title='bbox 2843 2566 2933 2620; x_wconf 82' lang='grc' dir='ltr'><strong>καὶ</strong></span> <span class='ocrx_word' id='word_1_290' title='bbox 2982 2565 3111 2628; x_wconf 81' lang='grc' dir='ltr'>τοὺς</span> <span class='ocrx_word' id='word_1_291' title='bbox 3170 2564 3261 2620; x_wconf 85' lang='grc' dir='ltr'>σὺν</span> <span class='ocrx_word' id='word_1_292' title='bbox 3314 2565 3460 2639; x_wconf 78' lang='grc' dir='ltr'>αὐτῷ</span> <span class='ocrx_word' id='word_1_293' title='bbox 3516 2564 3612 2622; x_wconf 81' lang='grc' dir='ltr'><strong>δύο</strong></span> <span class='ocrx_word' id='word_1_294' title='bbox 3659 2588 3827 2642; x_wconf 82' lang='grc' dir='ltr'>στρα-</span> 
     </span>
    </p>
   </div>
   <div class='ocr_carea' id='block_1_49' title="bbox 411 2654 934 2726">
    <p class='ocr_par' dir='ltr' id='par_1_49' title="bbox 411 2654 934 2726">
     <span class='ocr_line' id='line_1_49' title="bbox 411 2654 934 2726; baseline -0.006 -16"><span class='ocrx_word' id='word_1_295' title='bbox 411 2671 660 2726; x_wconf 89' lang='lat' dir='ltr'><strong>sumque</strong></span> <span class='ocrx_word' id='word_1_296' title='bbox 692 2654 934 2724; x_wconf 87' lang='lat' dir='ltr'><strong>recepit.</strong></span> 
     </span>
    </p>
   </div>
   <div class='ocr_carea' id='block_1_50' title="bbox 2177 2653 3827 2733">
    <p class='ocr_par' dir='ltr' id='par_1_50' title="bbox 2177 2653 3827 2733">
     <span class='ocr_line' id='line_1_50' title="bbox 2177 2653 3827 2733; baseline 0.002 -25"><span class='ocrx_word' id='word_1_297' title='bbox 2177 2653 2402 2722; x_wconf 86' lang='grc' dir='ltr'>τιώτας,</span> <span class='ocrx_word' id='word_1_298' title='bbox 2433 2653 2762 2717; x_wconf 78' lang='grc' dir='ltr'>ἀποστείλας</span> <span class='ocrx_word' id='word_1_299' title='bbox 2818 2655 2918 2724; x_wconf 79' lang='grc' dir='ltr'><strong>τὴν</strong></span> <span class='ocrx_word' id='word_1_300' title='bbox 2977 2653 3220 2733; x_wconf 77' lang='grc' dir='ltr'>κεφαλήν</span> <span class='ocrx_word' id='word_1_301' title='bbox 3281 2655 3450 2711; x_wconf 85' lang='grc' dir='ltr'>αὐτοῦ</span> <span class='ocrx_word' id='word_1_302' title='bbox 3518 2656 3827 2733; x_wconf 79' lang='grc' dir='ltr'>εῗςἹερου-</span> 
     </span>
    </p>
   </div>
   <div class='ocr_carea' id='block_1_51' title="bbox 407 2735 3820 2822">
    <p class='ocr_par' dir='ltr' id='par_1_51' title="bbox 407 2735 3820 2822">
     <span class='ocr_line' id='line_1_51' title="bbox 407 2735 3820 2822; baseline 0.001 -26"><span class='ocrx_word' id='word_1_303' title='bbox 407 2741 546 2812; x_wconf 71' lang='grc' dir='ltr'>σαλή</span> <span class='ocrx_word' id='word_1_304' title='bbox 561 2761 616 2815; x_wconf 88' lang='grc' dir='ltr'>μ·</span> <span class='ocrx_word' id='word_1_305' title='bbox 653 2739 773 2811; x_wconf 77' lang='grc' dir='ltr'>ἤτις</span> <span class='ocrx_word' id='word_1_306' title='bbox 805 2735 1007 2817; x_wconf 77' lang='grc' dir='ltr'>ἐκρύϐη</span> <span class='ocrx_word' id='word_1_307' title='bbox 1041 2739 1094 2796; x_wconf 81' lang='grc' dir='ltr'><strong>ἐν</strong></span> <span class='ocrx_word' id='word_1_308' title='bbox 1125 2742 1338 2820; x_wconf 87' lang='grc' dir='ltr'>κόπρῳ.</span> <span class='ocrx_word' id='word_1_309' title='bbox 1372 2745 1626 2820; x_wconf 80' lang='grc' dir='ltr'>Ὕστερον</span> <span class='ocrx_word' id='word_1_310' title='bbox 1661 2741 1718 2800; x_wconf 76' lang='grc' dir='ltr'>δὶ</span> <span class='ocrx_word' id='word_1_311' title='bbox 1749 2744 1882 2821; x_wconf 76' lang='grc' dir='ltr'>γυνή</span> <span class='ocrx_word' id='word_1_312' title='bbox 1914 2763 1999 2805; x_wconf 89' lang='grc' dir='ltr'><strong>τις</strong></span> <span class='ocrx_word' id='word_1_313' title='bbox 2034 2740 2140 2796; x_wconf 81' lang='grc' dir='ltr'>ἀπὸ</span> <span class='ocrx_word' id='word_1_314' title='bbox 2162 2737 2542 2798; x_wconf 80' lang='grc' dir='ltr'>Καππαδοκῶν</span> <span class='ocrx_word' id='word_1_315' title='bbox 2569 2740 2748 2822; x_wconf 87' lang='grc' dir='ltr'>τυφλή</span> <span class='ocrx_word' id='word_1_316' title='bbox 2780 2740 2832 2797; x_wconf 91' lang='grc' dir='ltr'><strong>ἐν</strong></span> <span class='ocrx_word' id='word_1_317' title='bbox 2865 2741 3010 2806; x_wconf 83' lang='grc' dir='ltr'>θείας</span> <span class='ocrx_word' id='word_1_318' title='bbox 3055 2742 3314 2808; x_wconf 83' lang='grc' dir='ltr'>ὀπτασίας</span> <span class='ocrx_word' id='word_1_319' title='bbox 3373 2743 3680 2800; x_wconf 85' lang='grc' dir='ltr'>ἀπελθοῦσα</span> <span class='ocrx_word' id='word_1_320' title='bbox 3742 2746 3820 2809; x_wconf 81' lang='grc' dir='ltr'><strong>εἰς</strong></span> 
     </span>
    </p>
   </div>
   <div class='ocr_carea' id='block_1_52' title="bbox 423 2837 1962 2919">
    <p class='ocr_par' dir='ltr' id='par_1_52' title="bbox 423 2837 1962 2919">
     <span class='ocr_line' id='line_1_52' title="bbox 423 2837 1962 2919; baseline 0.003 -23"><span class='ocrx_word' id='word_1_321' title='bbox 423 2839 792 2915; x_wconf 81' lang='grc' dir='ltr'>Ιερουσαλὴμ,</span> <span class='ocrx_word' id='word_1_322' title='bbox 827 2838 916 2893; x_wconf 80' lang='grc' dir='ltr'><strong>καὶ</strong></span> <span class='ocrx_word' id='word_1_323' title='bbox 948 2841 1182 2916; x_wconf 83' lang='grc' dir='ltr'>εὑρουσα</span> <span class='ocrx_word' id='word_1_324' title='bbox 1209 2843 1307 2911; x_wconf 83' lang='grc' dir='ltr'><strong>τήν</strong></span> <span class='ocrx_word' id='word_1_325' title='bbox 1340 2840 1612 2919; x_wconf 76' lang='grc' dir='ltr'>κεφαλὴν,</span> <span class='ocrx_word' id='word_1_326' title='bbox 1643 2837 1962 2918; x_wconf 69' lang='grc' dir='ltr'>ἀνέϐλεψεν.</span> 
     </span>
    </p>
   </div>
   <div class='ocr_carea' id='block_1_53' title="bbox 972 2972 1494 3030">
    <p class='ocr_par' dir='ltr' id='par_1_53' title="bbox 972 2972 1494 3030">
     <span class='ocr_line' id='line_1_53' title="bbox 972 2972 1494 3030; baseline 0 -1"><span class='ocrx_word' id='word_1_327' title='bbox 972 2973 1212 3030; x_wconf 81' lang='lat' dir='ltr'><strong>EODEM</strong></span> <span class='ocrx_word' id='word_1_328' title='bbox 1242 2972 1494 3029; x_wconf 76' lang='lat' dir='ltr'><strong>MENSE.</strong></span> 
     </span>
    </p>
   </div>
   <div class='ocr_carea' id='block_1_54' title="bbox 904 3088 1567 3162">
    <p class='ocr_par' dir='ltr' id='par_1_54' title="bbox 904 3088 1567 3162">
     <span class='ocr_line' id='line_1_54' title="bbox 904 3088 1567 3162; baseline 0.003 -17"><span class='ocrx_word' id='word_1_329' title='bbox 904 3088 1009 3145; x_wconf 89' lang='lat' dir='ltr'><strong>Die</strong></span> <span class='ocrx_word' id='word_1_330' title='bbox 1037 3089 1270 3148; x_wconf 89' lang='lat' dir='ltr'><strong>decima</strong></span> <span class='ocrx_word' id='word_1_331' title='bbox 1313 3090 1567 3162; x_wconf 88' lang='lat' dir='ltr'><strong>septima</strong></span> 
     </span>
    </p>
   </div>
   <div class='ocr_carea' id='block_1_55' title="bbox 412 3205 2066 3282">
    <p class='ocr_par' dir='ltr' id='par_1_55' title="bbox 412 3205 2066 3282">
     <span class='ocr_line' id='line_1_55' title="bbox 412 3205 2066 3282; baseline 0.004 -21"><span class='ocrx_word' id='word_1_332' title='bbox 412 3205 566 3262; x_wconf 72' lang='lat' dir='ltr'><strong>I22</strong></span> <span class='ocrx_word' id='word_1_333' title='bbox 601 3207 890 3263; x_wconf 78' lang='lat' dir='ltr'><strong>Certamen</strong></span> <span class='ocrx_word' id='word_1_334' title='bbox 947 3215 1262 3282; x_wconf 80' lang='lat' dir='ltr'><strong>sanctorum</strong></span> <span class='ocrx_word' id='word_1_335' title='bbox 1309 3215 1619 3280; x_wconf 77' lang='lat' dir='ltr'><strong>martyrum</strong></span> <span class='ocrx_word' id='word_1_336' title='bbox 1638 3209 1971 3282; x_wconf 76' lang='lat' dir='ltr'><strong>Chrysanthi</strong></span> <span class='ocrx_word' id='word_1_337' title='bbox 2014 3217 2066 3268; x_wconf 80' lang='lat' dir='ltr'><strong>et</strong></span> 
     </span>
    </p>
   </div>
   <div class='ocr_carea' id='block_1_56' title="bbox 1130 3281 1337 3338">
    <p class='ocr_par' dir='ltr' id='par_1_56' title="bbox 1130 3281 1337 3338">
     <span class='ocr_line' id='line_1_56' title="bbox 1130 3281 1337 3338; baseline 0.01 -4"><span class='ocrx_word' id='word_1_338' title='bbox 1130 3281 1337 3338; x_wconf 76' lang='lat' dir='ltr'><strong>Darice.</strong></span> 
     </span>
    </p>
   </div>
   <div class='ocr_carea' id='block_1_57' title="bbox 479 3386 2058 3464">
    <p class='ocr_par' dir='ltr' id='par_1_57' title="bbox 479 3386 2058 3464">
     <span class='ocr_line' id='line_1_57' title="bbox 479 3386 2058 3464; baseline 0.005 -25"><span class='ocrx_word' id='word_1_339' title='bbox 479 3386 602 3453; x_wconf 91' lang='lat' dir='ltr'><strong>Isti,</strong></span> <span class='ocrx_word' id='word_1_340' title='bbox 626 3386 984 3444; x_wconf 83' lang='lat' dir='ltr'><strong>Numeriano</strong></span> <span class='ocrx_word' id='word_1_341' title='bbox 1016 3388 1394 3461; x_wconf 88' lang='lat' dir='ltr'><strong>imperatore,</strong></span> <span class='ocrx_word' id='word_1_342' title='bbox 1424 3388 1786 3460; x_wconf 86' lang='lat' dir='ltr'><strong>claruerunt,</strong></span> <span class='ocrx_word' id='word_1_343' title='bbox 1812 3394 1870 3446; x_wconf 92' lang='lat' dir='ltr'><strong>et</strong></span> <span class='ocrx_word' id='word_1_344' title='bbox 1885 3390 2058 3464; x_wconf 84' lang='lat' dir='ltr'><strong>Chry-</strong></span> 
     </span>
    </p>
   </div>
   <div class='ocr_carea' id='block_1_58' title="bbox 409 3475 2060 3551">
    <p class='ocr_par' dir='ltr' id='par_1_58' title="bbox 409 3475 2060 3551">
     <span class='ocr_line' id='line_1_58' title="bbox 409 3475 2060 3551; baseline 0.002 -21"><span class='ocrx_word' id='word_1_345' title='bbox 409 3475 656 3530; x_wconf 89' lang='lat' dir='ltr'><strong>santhus</strong></span> <span class='ocrx_word' id='word_1_346' title='bbox 683 3477 923 3546; x_wconf 88' lang='lat' dir='ltr'><strong>quidem</strong></span> <span class='ocrx_word' id='word_1_347' title='bbox 955 3480 1201 3534; x_wconf 83' lang='lat' dir='ltr'><strong>Romam</strong></span> <span class='ocrx_word' id='word_1_348' title='bbox 1227 3496 1362 3534; x_wconf 90' lang='lat' dir='ltr'><strong>cum</strong></span> <span class='ocrx_word' id='word_1_349' title='bbox 1392 3485 1558 3551; x_wconf 89' lang='lat' dir='ltr'><strong>patre</strong></span> <span class='ocrx_word' id='word_1_350' title='bbox 1591 3481 1874 3537; x_wconf 90' lang='lat' dir='ltr'><strong>senatorii</strong></span> <span class='ocrx_word' id='word_1_351' title='bbox 1907 3480 2060 3537; x_wconf 83' lang='lat' dir='ltr'><strong>ordi-</strong></span> 
     </span>
    </p>
   </div>
   <div class='ocr_carea' id='block_1_59' title="bbox 406 3562 2065 3641">
    <p class='ocr_par' dir='ltr' id='par_1_59' title="bbox 406 3562 2065 3641">
     <span class='ocr_line' id='line_1_59' title="bbox 406 3562 2065 3641; baseline 0.006 -26"><span class='ocrx_word' id='word_1_352' title='bbox 406 3562 502 3616; x_wconf 89' lang='lat' dir='ltr'><strong>nis</strong></span> <span class='ocrx_word' id='word_1_353' title='bbox 561 3563 681 3617; x_wconf 91' lang='lat' dir='ltr'><strong>viro</strong></span> <span class='ocrx_word' id='word_1_354' title='bbox 741 3566 1060 3637; x_wconf 80' lang='lat' dir='ltr'><strong>prolectus,</strong></span> <span class='ocrx_word' id='word_1_355' title='bbox 1133 3567 1348 3622; x_wconf 88' lang='lat' dir='ltr'><strong>Christi</strong></span> <span class='ocrx_word' id='word_1_356' title='bbox 1430 3568 1546 3622; x_wconf 79' lang='lat' dir='ltr'><strong>fide</strong></span> <span class='ocrx_word' id='word_1_357' title='bbox 1625 3568 1700 3624; x_wconf 89' lang='lat' dir='ltr'><strong>ab</strong></span> <span class='ocrx_word' id='word_1_358' title='bbox 1777 3570 2065 3641; x_wconf 89' lang='lat' dir='ltr'><strong>Episcopo</strong></span> 
     </span>
    </p>
   </div>
   <div class='ocr_carea' id='block_1_60' title="bbox 409 3653 2066 3727">
    <p class='ocr_par' dir='ltr' id='par_1_60' title="bbox 409 3653 2066 3727">
     <span class='ocr_line' id='line_1_60' title="bbox 409 3653 2066 3727; baseline 0.006 -21"><span class='ocrx_word' id='word_1_359' title='bbox 409 3653 667 3722; x_wconf 89' lang='lat' dir='ltr'><strong>quodam</strong></span> <span class='ocrx_word' id='word_1_360' title='bbox 701 3655 760 3709; x_wconf 86' lang='lat' dir='ltr'><strong>in</strong></span> <span class='ocrx_word' id='word_1_361' title='bbox 795 3657 1080 3727; x_wconf 89' lang='lat' dir='ltr'><strong>spelunca</strong></span> <span class='ocrx_word' id='word_1_362' title='bbox 1110 3658 1330 3714; x_wconf 83' lang='lat' dir='ltr'><strong>latente</strong></span> <span class='ocrx_word' id='word_1_363' title='bbox 1361 3660 1712 3716; x_wconf 87' lang='lat' dir='ltr'><strong>instituitur.</strong></span> <span class='ocrx_word' id='word_1_364' title='bbox 1746 3662 1911 3726; x_wconf 93' lang='lat' dir='ltr'><strong>Quod</strong></span> <span class='ocrx_word' id='word_1_365' title='bbox 1964 3661 2066 3716; x_wconf 89' lang='lat' dir='ltr'><strong>ubi</strong></span> 
     </span>
    </p>
   </div>
   <div class='ocr_carea' id='block_1_61' title="bbox 405 3743 2063 3814">
    <p class='ocr_par' dir='ltr' id='par_1_61' title="bbox 405 3743 2063 3814">
     <span class='ocr_line' id='line_1_61' title="bbox 405 3743 2063 3814; baseline 0.008 -20"><span class='ocrx_word' id='word_1_366' title='bbox 405 3743 643 3797; x_wconf 86' lang='lat' dir='ltr'><strong>rescivit</strong></span> <span class='ocrx_word' id='word_1_367' title='bbox 672 3750 860 3814; x_wconf 87' lang='lat' dir='ltr'><strong>pater,</strong></span> <span class='ocrx_word' id='word_1_368' title='bbox 895 3748 957 3801; x_wconf 90' lang='lat' dir='ltr'><strong>in</strong></span> <span class='ocrx_word' id='word_1_369' title='bbox 981 3748 1416 3804; x_wconf 88' lang='lat' dir='ltr'><strong>tenebricosum</strong></span> <span class='ocrx_word' id='word_1_370' title='bbox 1475 3768 1773 3806; x_wconf 88' lang='lat' dir='ltr'><strong>carcerem</strong></span> <span class='ocrx_word' id='word_1_371' title='bbox 1809 3770 1943 3808; x_wconf 91' lang='lat' dir='ltr'><strong>eum</strong></span> <span class='ocrx_word' id='word_1_372' title='bbox 1974 3754 2063 3808; x_wconf 85' lang='lat' dir='ltr'><strong>in-</strong></span> 
     </span>
    </p>
   </div>
   <div class='ocr_carea' id='block_1_62' title="bbox 407 3831 2065 3913">
    <p class='ocr_par' dir='ltr' id='par_1_62' title="bbox 407 3831 2065 3913">
     <span class='ocr_line' id='line_1_62' title="bbox 407 3831 2065 3913; baseline 0.007 -27"><span class='ocrx_word' id='word_1_373' title='bbox 407 3831 632 3886; x_wconf 82' lang='lat' dir='ltr'><strong>cludit:</strong></span> <span class='ocrx_word' id='word_1_374' title='bbox 669 3839 791 3889; x_wconf 90' lang='lat' dir='ltr'><strong>tum</strong></span> <span class='ocrx_word' id='word_1_375' title='bbox 825 3837 1132 3907; x_wconf 89' lang='lat' dir='ltr'><strong>compellit</strong></span> <span class='ocrx_word' id='word_1_376' title='bbox 1163 3856 1403 3894; x_wconf 80' lang='lat' dir='ltr'><strong>uxorem</strong></span> <span class='ocrx_word' id='word_1_377' title='bbox 1423 3839 1638 3894; x_wconf 89' lang='lat' dir='ltr'><strong>ducere</strong></span> <span class='ocrx_word' id='word_1_378' title='bbox 1673 3842 1906 3896; x_wconf 87' lang='lat' dir='ltr'><strong>Dariam</strong></span> <span class='ocrx_word' id='word_1_379' title='bbox 1930 3843 2065 3913; x_wconf 87' lang='lat' dir='ltr'><strong>phi-</strong></span> 
     </span>
    </p>
   </div>
   <div class='ocr_carea' id='block_1_63' title="bbox 407 3923 2063 4002">
    <p class='ocr_par' dir='ltr' id='par_1_63' title="bbox 407 3923 2063 4002">
     <span class='ocr_line' id='line_1_63' title="bbox 407 3923 2063 4002; baseline 0.008 -26"><span class='ocrx_word' id='word_1_380' title='bbox 407 3923 730 3995; x_wconf 75' lang='lat' dir='ltr'><strong>lOSOphicis</strong></span> <span class='ocrx_word' id='word_1_381' title='bbox 764 3926 1051 3982; x_wconf 86' lang='lat' dir='ltr'><strong>imbutam</strong></span> <span class='ocrx_word' id='word_1_382' title='bbox 1086 3929 1338 3984; x_wconf 88' lang='lat' dir='ltr'><strong>studiis:</strong></span> <span class='ocrx_word' id='word_1_383' title='bbox 1373 3947 1488 4002; x_wconf 91' lang='lat' dir='ltr'><strong>qua</strong></span> <span class='ocrx_word' id='word_1_384' title='bbox 1519 3938 1719 3987; x_wconf 87' lang='lat' dir='ltr'><strong>tamen</strong></span> <span class='ocrx_word' id='word_1_385' title='bbox 1751 3950 1872 3988; x_wconf 87' lang='lat' dir='ltr'><strong>non</strong></span> <span class='ocrx_word' id='word_1_386' title='bbox 1895 3951 2063 3990; x_wconf 89' lang='lat' dir='ltr'><strong>secus</strong></span> 
     </span>
    </p>
   </div>
   <div class='ocr_carea' id='block_1_64' title="bbox 407 4020 2062 4094">
    <p class='ocr_par' dir='ltr' id='par_1_64' title="bbox 407 4020 2062 4094">
     <span class='ocr_line' id='line_1_64' title="bbox 407 4020 2062 4094; baseline 0.005 -25"><span class='ocrx_word' id='word_1_387' title='bbox 407 4031 474 4069; x_wconf 90' lang='lat' dir='ltr'><strong>ac</strong></span> <span class='ocrx_word' id='word_1_388' title='bbox 524 4032 724 4070; x_wconf 85' lang='lat' dir='ltr'><strong>sorore</strong></span> <span class='ocrx_word' id='word_1_389' title='bbox 784 4035 927 4071; x_wconf 92' lang='lat' dir='ltr'><strong>usus</strong></span> <span class='ocrx_word' id='word_1_390' title='bbox 959 4025 1068 4087; x_wconf 91' lang='lat' dir='ltr'><strong>est,</strong></span> <span class='ocrx_word' id='word_1_391' title='bbox 1128 4020 1367 4090; x_wconf 88' lang='lat' dir='ltr'><strong>quando</strong></span> <span class='ocrx_word' id='word_1_392' title='bbox 1422 4023 1482 4077; x_wconf 91' lang='lat' dir='ltr'><strong>id</strong></span> <span class='ocrx_word' id='word_1_393' title='bbox 1520 4029 1770 4094; x_wconf 87' lang='lat' dir='ltr'><strong>uterque</strong></span> <span class='ocrx_word' id='word_1_394' title='bbox 1827 4025 2062 4081; x_wconf 85' lang='lat' dir='ltr'><strong>consilii</strong></span> 
     </span>
    </p>
   </div>
   <div class='ocr_carea' id='block_1_65' title="bbox 407 4105 2065 4182">
    <p class='ocr_par' dir='ltr' id='par_1_65' title="bbox 407 4105 2065 4182">
     <span class='ocr_line' id='line_1_65' title="bbox 407 4105 2065 4182; baseline 0.007 -25"><span class='ocrx_word' id='word_1_395' title='bbox 407 4108 664 4174; x_wconf 88' lang='lat' dir='ltr'><strong>ceperat,</strong></span> <span class='ocrx_word' id='word_1_396' title='bbox 698 4109 762 4158; x_wconf 92' lang='lat' dir='ltr'><strong>ut</strong></span> <span class='ocrx_word' id='word_1_397' title='bbox 791 4105 1184 4176; x_wconf 79' lang='lat' dir='ltr'><strong>virginitatem</strong></span> <span class='ocrx_word' id='word_1_398' title='bbox 1214 4109 1288 4162; x_wconf 90' lang='lat' dir='ltr'><strong>ad</strong></span> <span class='ocrx_word' id='word_1_399' title='bbox 1319 4115 1570 4164; x_wconf 89' lang='lat' dir='ltr'><strong>mortem</strong></span> <span class='ocrx_word' id='word_1_400' title='bbox 1601 4127 1790 4182; x_wconf 88' lang='lat' dir='ltr'><strong>usque</strong></span> <span class='ocrx_word' id='word_1_401' title='bbox 1833 4118 2065 4169; x_wconf 86' lang='lat' dir='ltr'><strong>tueren-</strong></span> 
     </span>
    </p>
   </div>
   <div class='ocr_carea' id='block_1_66' title="bbox 409 4194 2062 4269">
    <p class='ocr_par' dir='ltr' id='par_1_66' title="bbox 409 4194 2062 4269">
     <span class='ocr_line' id='line_1_66' title="bbox 409 4194 2062 4269; baseline 0.007 -22"><span class='ocrx_word' id='word_1_402' title='bbox 409 4198 522 4248; x_wconf 92' lang='lat' dir='ltr'><strong>tur.</strong></span> <span class='ocrx_word' id='word_1_403' title='bbox 553 4194 741 4260; x_wconf 89' lang='lat' dir='ltr'><strong>Quare</strong></span> <span class='ocrx_word' id='word_1_404' title='bbox 773 4201 833 4250; x_wconf 90' lang='lat' dir='ltr'><strong>et</strong></span> <span class='ocrx_word' id='word_1_405' title='bbox 889 4196 1018 4266; x_wconf 89' lang='lat' dir='ltr'><strong>ipsa</strong></span> <span class='ocrx_word' id='word_1_406' title='bbox 1073 4197 1364 4269; x_wconf 87' lang='lat' dir='ltr'><strong>baptizata</strong></span> <span class='ocrx_word' id='word_1_407' title='bbox 1393 4206 1499 4254; x_wconf 89' lang='lat' dir='ltr'><strong>est.</strong></span> <span class='ocrx_word' id='word_1_408' title='bbox 1561 4201 1672 4256; x_wconf 88' lang='lat' dir='ltr'><strong>Sed</strong></span> <span class='ocrx_word' id='word_1_409' title='bbox 1723 4219 1858 4257; x_wconf 91' lang='lat' dir='ltr'><strong>cum</strong></span> <span class='ocrx_word' id='word_1_410' title='bbox 1887 4203 2062 4260; x_wconf 89' lang='lat' dir='ltr'><strong>ambo</strong></span> 
     </span>
    </p>
   </div>
   <div class='ocr_carea' id='block_1_67' title="bbox 405 4283 2063 4360">
    <p class='ocr_par' dir='ltr' id='par_1_67' title="bbox 405 4283 2063 4360">
     <span class='ocr_line' id='line_1_67' title="bbox 405 4283 2063 4360; baseline 0.007 -23"><span class='ocrx_word' id='word_1_411' title='bbox 405 4283 697 4354; x_wconf 87' lang='lat' dir='ltr'><strong>p0pulum</strong></span> <span class='ocrx_word' id='word_1_412' title='bbox 731 4283 804 4340; x_wconf 89' lang='lat' dir='ltr'><strong>ad</strong></span> <span class='ocrx_word' id='word_1_413' title='bbox 835 4290 996 4340; x_wconf 86' lang='lat' dir='ltr'><strong>caste</strong></span> <span class='ocrx_word' id='word_1_414' title='bbox 1029 4292 1474 4360; x_wconf 83' lang='lat' dir='ltr'><strong>temperateque</strong></span> <span class='ocrx_word' id='word_1_415' title='bbox 1491 4290 1804 4346; x_wconf 90' lang='lat' dir='ltr'><strong>vivendum</strong></span> <span class='ocrx_word' id='word_1_416' title='bbox 1825 4292 2063 4350; x_wconf 84' lang='lat' dir='ltr'><strong>induce-</strong></span> 
     </span>
    </p>
   </div>
   <div class='ocr_carea' id='block_1_68' title="bbox 405 4373 2060 4447">
    <p class='ocr_par' dir='ltr' id='par_1_68' title="bbox 405 4373 2060 4447">
     <span class='ocr_line' id='line_1_68' title="bbox 405 4373 2060 4447; baseline 0.007 -21"><span class='ocrx_word' id='word_1_417' title='bbox 405 4373 839 4439; x_wconf 83' lang='lat' dir='ltr'><strong>rent,inﬁdeles</strong></span> <span class='ocrx_word' id='word_1_418' title='bbox 871 4376 1176 4447; x_wconf 79' lang='lat' dir='ltr'><strong>aegerrime</strong></span> <span class='ocrx_word' id='word_1_419' title='bbox 1207 4375 1706 4445; x_wconf 83' lang='lat' dir='ltr'><strong>ferentes,uxores</strong></span> <span class='ocrx_word' id='word_1_420' title='bbox 1738 4397 1876 4436; x_wconf 91' lang='lat' dir='ltr'><strong>suas</strong></span> <span class='ocrx_word' id='word_1_421' title='bbox 1905 4381 2060 4437; x_wconf 88' lang='lat' dir='ltr'><strong>facto</strong></span> 
     </span>
    </p>
   </div>
   <div class='ocr_carea' id='block_1_69' title="bbox 407 4462 2061 4538">
    <p class='ocr_par' dir='ltr' id='par_1_69' title="bbox 407 4462 2061 4538">
     <span class='ocr_line' id='line_1_69' title="bbox 407 4462 2061 4538; baseline 0.007 -24"><span class='ocrx_word' id='word_1_422' title='bbox 407 4477 610 4516; x_wconf 87' lang='lat' dir='ltr'><strong>secum</strong></span> <span class='ocrx_word' id='word_1_423' title='bbox 644 4462 912 4530; x_wconf 89' lang='lat' dir='ltr'><strong>divortio,</strong></span> <span class='ocrx_word' id='word_1_424' title='bbox 947 4465 1177 4520; x_wconf 84' lang='lat' dir='ltr'><strong>Christo</strong></span> <span class='ocrx_word' id='word_1_425' title='bbox 1221 4465 1598 4538; x_wconf 88' lang='lat' dir='ltr'><strong>desponderi,</strong></span> <span class='ocrx_word' id='word_1_426' title='bbox 1629 4485 1756 4524; x_wconf 91' lang='lat' dir='ltr'><strong>rem</strong></span> <span class='ocrx_word' id='word_1_427' title='bbox 1786 4469 2061 4526; x_wconf 82' lang='lat' dir='ltr'><strong>deferunt</strong></span> 
     </span>
    </p>
   </div>
   <div class='ocr_carea' id='block_1_70' title="bbox 405 4548 2058 4622">
    <p class='ocr_par' dir='ltr' id='par_1_70' title="bbox 405 4548 2058 4622">
     <span class='ocr_line' id='line_1_70' title="bbox 405 4548 2058 4622; baseline 0.01 -23"><span class='ocrx_word' id='word_1_428' title='bbox 405 4548 703 4618; x_wconf 76' lang='lat' dir='ltr'><strong>praefecto,</strong></span> <span class='ocrx_word' id='word_1_429' title='bbox 745 4552 846 4622; x_wconf 87' lang='lat' dir='ltr'><strong>qui</strong></span> <span class='ocrx_word' id='word_1_430' title='bbox 891 4552 1030 4608; x_wconf 91' lang='lat' dir='ltr'><strong>illas</strong></span> <span class='ocrx_word' id='word_1_431' title='bbox 1087 4554 1328 4610; x_wconf 86' lang='lat' dir='ltr'><strong>Claudio</strong></span> <span class='ocrx_word' id='word_1_432' title='bbox 1369 4556 1606 4612; x_wconf 91' lang='lat' dir='ltr'><strong>tribuno</strong></span> <span class='ocrx_word' id='word_1_433' title='bbox 1661 4557 1926 4614; x_wconf 91' lang='lat' dir='ltr'><strong>tradidit.</strong></span> <span class='ocrx_word' id='word_1_434' title='bbox 1978 4561 2058 4616; x_wconf 79' lang='lat' dir='ltr'><strong>Ex</strong></span> 
     </span>
    </p>
   </div>
   <div class='ocr_carea' id='block_1_71' title="bbox 406 4635 2056 4716">
    <p class='ocr_par' dir='ltr' id='par_1_71' title="bbox 406 4635 2056 4716">
     <span class='ocr_line' id='line_1_71' title="bbox 406 4635 2056 4716; baseline 0.01 -28"><span class='ocrx_word' id='word_1_435' title='bbox 406 4635 551 4690; x_wconf 86' lang='lat' dir='ltr'><strong>urbe</strong></span> <span class='ocrx_word' id='word_1_436' title='bbox 583 4636 760 4708; x_wconf 74' lang='lat' dir='ltr'><strong>igitur</strong></span> <span class='ocrx_word' id='word_1_437' title='bbox 786 4639 1003 4709; x_wconf 85' lang='lat' dir='ltr'><strong>educti,</strong></span> <span class='ocrx_word' id='word_1_438' title='bbox 1037 4647 1097 4694; x_wconf 89' lang='lat' dir='ltr'><strong>et</strong></span> <span class='ocrx_word' id='word_1_439' title='bbox 1144 4644 1319 4698; x_wconf 87' lang='lat' dir='ltr'><strong>variis</strong></span> <span class='ocrx_word' id='word_1_440' title='bbox 1375 4646 1734 4702; x_wconf 84' lang='lat' dir='ltr'><strong>cruciatibus</strong></span> <span class='ocrx_word' id='word_1_441' title='bbox 1775 4649 1935 4716; x_wconf 89' lang='lat' dir='ltr'><strong>torti,</strong></span> <span class='ocrx_word' id='word_1_442' title='bbox 1995 4649 2056 4704; x_wconf 90' lang='lat' dir='ltr'><strong>in</strong></span> 
     </span>
    </p>
   </div>
   <div class='ocr_carea' id='block_1_72' title="bbox 404 4723 2058 4811">
    <p class='ocr_par' dir='ltr' id='par_1_72' title="bbox 404 4723 2058 4811">
     <span class='ocr_line' id='line_1_72' title="bbox 404 4723 2058 4811; baseline 0.01 -34"><span class='ocrx_word' id='word_1_443' title='bbox 404 4723 631 4780; x_wconf 83' lang='lat' dir='ltr'><strong>foveam</strong></span> <span class='ocrx_word' id='word_1_444' title='bbox 663 4743 828 4783; x_wconf 81' lang='lat' dir='ltr'><strong>cceno</strong></span> <span class='ocrx_word' id='word_1_445' title='bbox 857 4727 1100 4798; x_wconf 90' lang='lat' dir='ltr'><strong>plenam</strong></span> <span class='ocrx_word' id='word_1_446' title='bbox 1130 4730 1490 4802; x_wconf 84' lang='lat' dir='ltr'><strong>dejiciuntur</strong></span> <span class='ocrx_word' id='word_1_447' title='bbox 1519 4741 1734 4806; x_wconf 86' lang='lat' dir='ltr'><strong>;atque</strong></span> <span class='ocrx_word' id='word_1_448' title='bbox 1764 4737 2058 4811; x_wconf 61' lang='lat' dir='ltr'><strong>obruti,:et</strong></span> 
     </span>
    </p>
   </div>
   <div class='ocr_carea' id='block_1_73' title="bbox 404 4813 1094 4886">
    <p class='ocr_par' dir='ltr' id='par_1_73' title="bbox 404 4813 1094 4886">
     <span class='ocr_line' id='line_1_73' title="bbox 404 4813 1094 4886; baseline 0.007 -19"><span class='ocrx_word' id='word_1_449' title='bbox 404 4813 756 4886; x_wconf 86' lang='lat' dir='ltr'><strong>conculcati,</strong></span> <span class='ocrx_word' id='word_1_450' title='bbox 781 4814 1094 4874; x_wconf 89' lang='lat' dir='ltr'><strong>decedunt.</strong></span> 
     </span>
    </p>
   </div>
   <div class='ocr_carea' id='block_1_74' title="bbox 1040 5113 1412 5171">
    <p class='ocr_par' dir='ltr' id='par_1_74' title="bbox 1040 5113 1412 5171">
     <span class='ocr_line' id='line_1_74' title="bbox 1040 5113 1412 5171; baseline 0.008 -3"><span class='ocrx_word' id='word_1_451' title='bbox 1040 5113 1262 5169; x_wconf 90' lang='lat' dir='ltr'><strong>Eodem</strong></span> <span class='ocrx_word' id='word_1_452' title='bbox 1317 5114 1412 5171; x_wconf 85' lang='lat' dir='ltr'><strong>die</strong></span> 
     </span>
    </p>
   </div>
   <div class='ocr_carea' id='block_1_75' title="bbox 542 5227 1905 5308">
    <p class='ocr_par' dir='ltr' id='par_1_75' title="bbox 542 5227 1905 5308">
     <span class='ocr_line' id='line_1_75' title="bbox 542 5227 1905 5308; baseline 0.012 -27"><span class='ocrx_word' id='word_1_453' title='bbox 542 5227 697 5284; x_wconf 73' lang='lat'><strong>128</strong></span> <span class='ocrx_word' id='word_1_454' title='bbox 730 5227 1184 5285; x_wconf 82' lang='lat' dir='ltr'><strong>Commemoratio</strong></span> <span class='ocrx_word' id='word_1_455' title='bbox 1224 5232 1408 5289; x_wconf 85' lang='lat' dir='ltr'><strong>sancti</strong></span> <span class='ocrx_word' id='word_1_456' title='bbox 1451 5233 1578 5290; x_wconf 84' lang='lat' dir='ltr'><strong>Osee</strong></span> <span class='ocrx_word' id='word_1_457' title='bbox 1599 5236 1905 5308; x_wconf 66' lang='lat' dir='ltr'><strong>prophetae.</strong></span> 
     </span>
    </p>
   </div>
   <div class='ocr_carea' id='block_1_76' title="bbox 469 5343 2048 5424">
    <p class='ocr_par' dir='ltr' id='par_1_76' title="bbox 469 5343 2048 5424">
     <span class='ocr_line' id='line_1_76' title="bbox 469 5343 2048 5424; baseline 0.011 -26"><span class='ocrx_word' id='word_1_458' title='bbox 469 5343 614 5398; x_wconf 92' lang='lat' dir='ltr'><strong>Osee</strong></span> <span class='ocrx_word' id='word_1_459' title='bbox 669 5343 960 5416; x_wconf 79' lang='lat' dir='ltr'><strong>propheta</strong></span> <span class='ocrx_word' id='word_1_460' title='bbox 1013 5361 1083 5401; x_wconf 83' lang='lat' dir='ltr'><strong>ex</strong></span> <span class='ocrx_word' id='word_1_461' title='bbox 1133 5347 1373 5420; x_wconf 83' lang='lat' dir='ltr'><strong>regione</strong></span> <span class='ocrx_word' id='word_1_462' title='bbox 1427 5349 1644 5408; x_wconf 66' lang='lat' dir='ltr'><strong>Iudaeae</strong></span> <span class='ocrx_word' id='word_1_463' title='bbox 1673 5353 1805 5424; x_wconf 84' lang='lat' dir='ltr'><strong>fuit,</strong></span> <span class='ocrx_word' id='word_1_464' title='bbox 1862 5357 2048 5416; x_wconf 89' lang='lat' dir='ltr'><strong>Deum</strong></span> 
     </span>
    </p>
   </div>
   <div class='ocr_carea' id='block_1_77' title="bbox 395 5431 2049 5510">
    <p class='ocr_par' dir='ltr' id='par_1_77' title="bbox 395 5431 2049 5510">
     <span class='ocr_line' id='line_1_77' title="bbox 395 5431 2049 5510; baseline 0.011 -24"><span class='ocrx_word' id='word_1_465' title='bbox 395 5431 525 5486; x_wconf 70' lang='lat' dir='ltr'><strong>caeli</strong></span> <span class='ocrx_word' id='word_1_466' title='bbox 558 5437 614 5486; x_wconf 90' lang='lat' dir='ltr'><strong>et</strong></span> <span class='ocrx_word' id='word_1_467' title='bbox 649 5437 817 5488; x_wconf 62' lang='lat' dir='ltr'><strong>terra)</strong></span> <span class='ocrx_word' id='word_1_468' title='bbox 846 5433 1346 5508; x_wconf 90' lang='lat' dir='ltr'><strong>colens,deosque</strong></span> <span class='ocrx_word' id='word_1_469' title='bbox 1368 5440 1635 5510; x_wconf 80' lang='lat' dir='ltr'><strong>gentium</strong></span> <span class='ocrx_word' id='word_1_470' title='bbox 1660 5442 1796 5498; x_wconf 88' lang='lat' dir='ltr'><strong>odio</strong></span> <span class='ocrx_word' id='word_1_471' title='bbox 1821 5445 2049 5506; x_wconf 89' lang='lat' dir='ltr'><strong>habens</strong></span> 
     </span>
    </p>
   </div>
   <div class='ocr_carea' id='block_1_78' title="bbox 393 5523 2047 5596">
    <p class='ocr_par' dir='ltr' id='par_1_78' title="bbox 393 5523 2047 5596">
     <span class='ocr_line' id='line_1_78' title="bbox 393 5523 2047 5596; baseline 0.013 -23"><span class='ocrx_word' id='word_1_472' title='bbox 393 5525 451 5574; x_wconf 91' lang='lat' dir='ltr'><strong>et</strong></span> <span class='ocrx_word' id='word_1_473' title='bbox 473 5537 806 5578; x_wconf 76' lang='lat' dir='ltr'><strong>exsecraris.</strong></span> <span class='ocrx_word' id='word_1_474' title='bbox 839 5523 1296 5596; x_wconf 73' lang='lat' dir='ltr'><strong>Judaaorumque</strong></span> <span class='ocrx_word' id='word_1_475' title='bbox 1343 5528 1769 5587; x_wconf 89' lang='lat' dir='ltr'><strong>contribulium</strong></span> <span class='ocrx_word' id='word_1_476' title='bbox 1802 5551 2047 5596; x_wconf 90' lang='lat' dir='ltr'><strong>suorum</strong></span> 
     </span>
    </p>
   </div>
   <div class='ocr_carea' id='block_1_79' title="bbox 375 5612 2048 5697">
    <p class='ocr_par' dir='ltr' id='par_1_79' title="bbox 375 5612 2048 5697">
     <span class='ocr_line' id='line_1_79' title="bbox 375 5612 2048 5697; baseline 0.012 -33"><span class='ocrx_word' id='word_1_477' title='bbox 375 5625 620 5672; x_wconf 60' lang='lat' dir='ltr'><strong>,errores</strong></span> <span class='ocrx_word' id='word_1_478' title='bbox 677 5612 1000 5684; x_wconf 79' lang='lat' dir='ltr'><strong>corrigens.</strong></span> <span class='ocrx_word' id='word_1_479' title='bbox 1064 5613 1253 5678; x_wconf 82' lang='lat' dir='ltr'><strong>Quare</strong></span> <span class='ocrx_word' id='word_1_480' title='bbox 1338 5618 1666 5676; x_wconf 77' lang='lat' dir='ltr'><strong>maximum</strong></span> <span class='ocrx_word' id='word_1_481' title='bbox 1722 5626 2048 5697; x_wconf 61' lang='lat' dir='ltr'><strong>prophetia:</strong></span> 
     </span>
    </p>
   </div>
   <div class='ocr_carea' id='block_1_80' title="bbox 387 5699 2046 5787">
    <p class='ocr_par' dir='ltr' id='par_1_80' title="bbox 387 5699 2046 5787">
     <span class='ocr_line' id='line_1_80' title="bbox 387 5699 2046 5787; baseline 0.011 -32"><span class='ocrx_word' id='word_1_482' title='bbox 387 5699 614 5756; x_wconf 91' lang='lat' dir='ltr'><strong>donum</strong></span> <span class='ocrx_word' id='word_1_483' title='bbox 639 5701 870 5774; x_wconf 90' lang='lat' dir='ltr'><strong>accepit</strong></span> <span class='ocrx_word' id='word_1_484' title='bbox 894 5718 906 5755; x_wconf 92' lang='lat'>:</span> <span class='ocrx_word' id='word_1_485' title='bbox 941 5706 999 5757; x_wconf 90' lang='lat' dir='ltr'><strong>et</strong></span> <span class='ocrx_word' id='word_1_486' title='bbox 1050 5702 1239 5760; x_wconf 88' lang='lat' dir='ltr'><strong>multa</strong></span> <span class='ocrx_word' id='word_1_487' title='bbox 1261 5705 1502 5776; x_wconf 91' lang='lat' dir='ltr'><strong>quidem</strong></span> <span class='ocrx_word' id='word_1_488' title='bbox 1522 5707 1807 5768; x_wconf 90' lang='lat' dir='ltr'><strong>adversus</strong></span> <span class='ocrx_word' id='word_1_489' title='bbox 1842 5714 2046 5787; x_wconf 90' lang='lat' dir='ltr'><strong>Israel,</strong></span> 
     </span>
    </p>
   </div>
   <div class='ocr_carea' id='block_1_81' title="bbox 388 5791 2049 5876">
    <p class='ocr_par' dir='ltr' id='par_1_81' title="bbox 388 5791 2049 5876">
     <span class='ocr_line' id='line_1_81' title="bbox 388 5791 2049 5876; baseline 0.012 -32"><span class='ocrx_word' id='word_1_490' title='bbox 388 5796 447 5845; x_wconf 85' lang='lat' dir='ltr'><strong>et</strong></span> <span class='ocrx_word' id='word_1_491' title='bbox 476 5791 756 5848; x_wconf 87' lang='lat' dir='ltr'><strong>adversus</strong></span> <span class='ocrx_word' id='word_1_492' title='bbox 787 5796 990 5864; x_wconf 77' lang='lat' dir='ltr'><strong>gentes</strong></span> <span class='ocrx_word' id='word_1_493' title='bbox 1012 5793 1383 5864; x_wconf 89' lang='lat' dir='ltr'><strong>prophetavit</strong></span> <span class='ocrx_word' id='word_1_494' title='bbox 1407 5813 1421 5862; x_wconf 90' lang='lat'><strong>;</strong></span> <span class='ocrx_word' id='word_1_495' title='bbox 1446 5796 1549 5852; x_wconf 89' lang='lat' dir='ltr'><strong>sed</strong></span> <span class='ocrx_word' id='word_1_496' title='bbox 1580 5797 1729 5855; x_wconf 89' lang='lat' dir='ltr'><strong>illud</strong></span> <span class='ocrx_word' id='word_1_497' title='bbox 1751 5805 2049 5876; x_wconf 64' lang='lat' dir='ltr'><strong>praecipue</strong></span> 
     </span>
    </p>
   </div>
   <div class='ocr_carea' id='block_1_82' title="bbox 2728 2969 3267 3030">
    <p class='ocr_par' dir='ltr' id='par_1_82' title="bbox 2728 2969 3267 3030">
     <span class='ocr_line' id='line_1_82' title="bbox 2728 2969 3267 3030; baseline 0.007 -4"><span class='ocrx_word' id='word_1_498' title='bbox 2728 2969 2910 3027; x_wconf 83' lang='lat' dir='ltr'><strong>MHNI</strong></span> <span class='ocrx_word' id='word_1_499' title='bbox 2947 2973 3036 3024; x_wconf 88' lang='grc' dir='ltr'><strong>ΤΩ</strong></span> <span class='ocrx_word' id='word_1_500' title='bbox 3076 2972 3267 3030; x_wconf 84' lang='grc' dir='ltr'><strong>ΑΥΤΩ.</strong></span> 
     </span>
    </p>
   </div>
   <div class='ocr_carea' id='block_1_83' title="bbox 2938 3085 3035 3142">
    <p class='ocr_par' dir='ltr' id='par_1_83' title="bbox 2938 3085 3035 3142">
     <span class='ocr_line' id='line_1_83' title="bbox 2938 3085 3035 3142; baseline 0 -1"><span class='ocrx_word' id='word_1_501' title='bbox 2938 3085 3035 3142; x_wconf 86' lang='lat' dir='ltr'><strong>lZ&#39;.</strong></span> 
     </span>
    </p>
   </div>
   <div class='ocr_carea' id='block_1_84' title="bbox 2172 3198 3821 3327">
    <p class='ocr_par' dir='ltr' id='par_1_84' title="bbox 2172 3198 3821 3327">
     <span class='ocr_line' id='line_1_84' title="bbox 2172 3198 3821 3327; baseline 0.026 -108"><span class='ocrx_word' id='word_1_502' title='bbox 2172 3198 2445 3270; x_wconf 72' lang='grc' dir='ltr'>ηΑθλησις</span> <span class='ocrx_word' id='word_1_503' title='bbox 2526 3203 2634 3256; x_wconf 82' lang='grc' dir='ltr'><strong>τῶν</strong></span> <span class='ocrx_word' id='word_1_504' title='bbox 2741 3199 3289 3327; x_wconf 53' lang='grc' dir='ltr'>ἆγίιῗαοεμὲερτύρων</span> <span class='ocrx_word' id='word_1_505' title='bbox 3354 3203 3670 3279; x_wconf 81' lang='grc' dir='ltr'>Χρυσάνθου</span> <span class='ocrx_word' id='word_1_506' title='bbox 3725 3205 3821 3262; x_wconf 82' lang='grc' dir='ltr'><strong>καὶ</strong></span> 
     </span>
    </p>
   </div>
   <div class='ocr_carea' id='block_1_85' title="bbox 2865 3281 3112 3348">
    <p class='ocr_par' dir='ltr' id='par_1_85' title="bbox 2865 3281 3112 3348">
     <span class='ocr_line' id='line_1_85' title="bbox 2865 3281 3112 3348; baseline 0.016 -21"><span class='ocrx_word' id='word_1_507' title='bbox 2865 3281 3112 3348; x_wconf 79' lang='grc' dir='ltr'>Δαρείας·</span> 
     </span>
    </p>
   </div>
   <div class='ocr_carea' id='block_1_86' title="bbox 2245 3358 3816 3442">
    <p class='ocr_par' dir='ltr' id='par_1_86' title="bbox 2245 3358 3816 3442">
     <span class='ocr_line' id='line_1_86' title="bbox 2245 3358 3816 3442; baseline 0.006 -30"><span class='ocrx_word' id='word_1_508' title='bbox 2245 3358 2405 3414; x_wconf 80' lang='grc' dir='ltr'>Οὗτοι</span> <span class='ocrx_word' id='word_1_509' title='bbox 2471 3361 2725 3436; x_wconf 80' lang='grc' dir='ltr'>ὑπῆρχον</span> <span class='ocrx_word' id='word_1_510' title='bbox 2775 3360 2861 3417; x_wconf 80' lang='grc' dir='ltr'><strong>ἐπὶ</strong></span> <span class='ocrx_word' id='word_1_511' title='bbox 2921 3366 3293 3439; x_wconf 85' lang='grc' dir='ltr'>Νουμεριανοῦ</span> <span class='ocrx_word' id='word_1_512' title='bbox 3361 3368 3458 3420; x_wconf 91' lang='grc' dir='ltr'><strong>τοῦ</strong></span> <span class='ocrx_word' id='word_1_513' title='bbox 3521 3363 3816 3442; x_wconf 77' lang='grc' dir='ltr'>βασιλέως·</span> 
     </span>
    </p>
   </div>
   <div class='ocr_carea' id='block_1_87' title="bbox 2169 3447 3820 3530">
    <p class='ocr_par' dir='ltr' id='par_1_87' title="bbox 2169 3447 3820 3530">
     <span class='ocr_line' id='line_1_87' title="bbox 2169 3447 3820 3530; baseline 0.006 -30"><span class='ocrx_word' id='word_1_514' title='bbox 2169 3447 2261 3501; x_wconf 82' lang='grc' dir='ltr'><strong>καὶ</strong></span> <span class='ocrx_word' id='word_1_515' title='bbox 2293 3448 2320 3502; x_wconf 85' lang='grc' dir='ltr'>ὁ</span> <span class='ocrx_word' id='word_1_516' title='bbox 2351 3449 2446 3521; x_wconf 73' lang='grc' dir='ltr'>μὲν</span> <span class='ocrx_word' id='word_1_517' title='bbox 2475 3450 2789 3524; x_wconf 81' lang='grc' dir='ltr'>Χρύσανθος</span> <span class='ocrx_word' id='word_1_518' title='bbox 2844 3451 3096 3506; x_wconf 84' lang='grc' dir='ltr'>ἀπελθὼν</span> <span class='ocrx_word' id='word_1_519' title='bbox 3147 3453 3259 3526; x_wconf 78' lang='grc' dir='ltr'><strong>ἅμα</strong></span> <span class='ocrx_word' id='word_1_520' title='bbox 3311 3457 3393 3525; x_wconf 81' lang='grc' dir='ltr'><strong>τῷ</strong></span> <span class='ocrx_word' id='word_1_521' title='bbox 3451 3449 3576 3526; x_wconf 79' lang='grc' dir='ltr'>ἰδίῳ</span> <span class='ocrx_word' id='word_1_522' title='bbox 3627 3455 3820 3530; x_wconf 79' lang='grc' dir='ltr'>πατέρι</span> 
     </span>
    </p>
   </div>
   <div class='ocr_carea' id='block_1_88' title="bbox 2171 3533 3823 3619">
    <p class='ocr_par' dir='ltr' id='par_1_88' title="bbox 2171 3533 3823 3619">
     <span class='ocr_line' id='line_1_88' title="bbox 2171 3533 3823 3619; baseline 0.005 -29"><span class='ocrx_word' id='word_1_523' title='bbox 2171 3533 2226 3591; x_wconf 89' lang='grc' dir='ltr'><strong>ἐν</strong></span> <span class='ocrx_word' id='word_1_524' title='bbox 2309 3536 2518 3613; x_wconf 82' lang='grc' dir='ltr'>Ῥώμῃ,</span> <span class='ocrx_word' id='word_1_525' title='bbox 2606 3538 2957 3616; x_wconf 78' lang='grc' dir='ltr'>συγκλητικῷ</span> <span class='ocrx_word' id='word_1_526' title='bbox 3031 3539 3358 3617; x_wconf 80' lang='grc' dir='ltr'>ὑπάρχοντι,</span> <span class='ocrx_word' id='word_1_527' title='bbox 3416 3541 3623 3616; x_wconf 85' lang='grc' dir='ltr'>γίνεται</span> <span class='ocrx_word' id='word_1_528' title='bbox 3677 3545 3823 3619; x_wconf 86' lang='grc' dir='ltr'>Χρι-</span> 
     </span>
    </p>
   </div>
   <div class='ocr_carea' id='block_1_89' title="bbox 2172 3625 3823 3707">
    <p class='ocr_par' dir='ltr' id='par_1_89' title="bbox 2172 3625 3823 3707">
     <span class='ocr_line' id='line_1_89' title="bbox 2172 3625 3823 3707; baseline 0.006 -29"><span class='ocrx_word' id='word_1_529' title='bbox 2172 3625 2386 3688; x_wconf 82' lang='grc' dir='ltr'>στιανὸς</span> <span class='ocrx_word' id='word_1_530' title='bbox 2438 3625 2583 3700; x_wconf 72' lang='grc' dir='ltr'>παρά</span> <span class='ocrx_word' id='word_1_531' title='bbox 2631 3647 2778 3689; x_wconf 87' lang='grc' dir='ltr'>τινος</span> <span class='ocrx_word' id='word_1_532' title='bbox 2857 3627 3154 3684; x_wconf 79' lang='grc' dir='ltr'>ἐπισκόπου</span> <span class='ocrx_word' id='word_1_533' title='bbox 3222 3627 3274 3683; x_wconf 85' lang='grc' dir='ltr'><strong>ἐν</strong></span> <span class='ocrx_word' id='word_1_534' title='bbox 3355 3629 3613 3704; x_wconf 87' lang='grc' dir='ltr'>σπηλαίῳ</span> <span class='ocrx_word' id='word_1_535' title='bbox 3685 3653 3823 3707; x_wconf 85' lang='grc' dir='ltr'>κρυ-</span> 
     </span>
    </p>
   </div>
   <div class='ocr_carea' id='block_1_90' title="bbox 2171 3711 3820 3795">
    <p class='ocr_par' dir='ltr' id='par_1_90' title="bbox 2171 3711 3820 3795">
     <span class='ocr_line' id='line_1_90' title="bbox 2171 3711 3820 3795; baseline 0.005 -27"><span class='ocrx_word' id='word_1_536' title='bbox 2171 3711 2464 3788; x_wconf 72' lang='grc' dir='ltr'>πτομένου.</span> <span class='ocrx_word' id='word_1_537' title='bbox 2547 3713 2729 3771; x_wconf 82' lang='grc' dir='ltr'>Ἀλλὰ</span> <span class='ocrx_word' id='word_1_538' title='bbox 2804 3721 2973 3772; x_wconf 79' lang='grc' dir='ltr'>ταῦτα</span> <span class='ocrx_word' id='word_1_539' title='bbox 3027 3717 3189 3794; x_wconf 79' lang='grc' dir='ltr'>γνοὺς</span> <span class='ocrx_word' id='word_1_540' title='bbox 3267 3719 3295 3774; x_wconf 83' lang='grc' dir='ltr'>ὁ</span> <span class='ocrx_word' id='word_1_541' title='bbox 3373 3722 3553 3795; x_wconf 72' lang='grc' dir='ltr'>πατὴρ</span> <span class='ocrx_word' id='word_1_542' title='bbox 3629 3721 3820 3792; x_wconf 85' lang='grc' dir='ltr'>αὑτοῦ,</span> 
     </span>
    </p>
   </div>
   <div class='ocr_carea' id='block_1_91' title="bbox 2171 3801 3818 3883">
    <p class='ocr_par' dir='ltr' id='par_1_91' title="bbox 2171 3801 3818 3883">
     <span class='ocr_line' id='line_1_91' title="bbox 2171 3801 3818 3883; baseline 0.005 -26"><span class='ocrx_word' id='word_1_543' title='bbox 2171 3801 2401 3876; x_wconf 80' lang='grc' dir='ltr'>ἐγκλείει</span> <span class='ocrx_word' id='word_1_544' title='bbox 2459 3803 2619 3860; x_wconf 76' lang='grc' dir='ltr'>αὐτὸν</span> <span class='ocrx_word' id='word_1_545' title='bbox 2694 3805 2772 3868; x_wconf 80' lang='grc' dir='ltr'>εἰς</span> <span class='ocrx_word' id='word_1_546' title='bbox 2829 3807 3110 3876; x_wconf 77' lang='grc' dir='ltr'>σκοτεινὴν</span> <span class='ocrx_word' id='word_1_547' title='bbox 3195 3807 3462 3883; x_wconf 72' lang='grc' dir='ltr'>φυλακήν·</span> <span class='ocrx_word' id='word_1_548' title='bbox 3521 3810 3634 3864; x_wconf 79' lang='grc' dir='ltr'>εἶτα</span> <span class='ocrx_word' id='word_1_549' title='bbox 3687 3830 3818 3865; x_wconf 87' lang='grc' dir='ltr'>κατ-</span> 
     </span>
    </p>
   </div>
   <div class='ocr_carea' id='block_1_92' title="bbox 2169 3890 3817 3971">
    <p class='ocr_par' dir='ltr' id='par_1_92' title="bbox 2169 3890 3817 3971">
     <span class='ocr_line' id='line_1_92' title="bbox 2169 3890 3817 3971; baseline 0.005 -25"><span class='ocrx_word' id='word_1_550' title='bbox 2169 3893 2448 3970; x_wconf 74' lang='grc' dir='ltr'>αναγκάζει</span> <span class='ocrx_word' id='word_1_551' title='bbox 2508 3890 2695 3950; x_wconf 76' lang='grc' dir='ltr'>λαϐεῖν</span> <span class='ocrx_word' id='word_1_552' title='bbox 2750 3901 2994 3971; x_wconf 87' lang='grc' dir='ltr'>γυναῖκα.</span> <span class='ocrx_word' id='word_1_553' title='bbox 3060 3898 3153 3952; x_wconf 81' lang='grc' dir='ltr'><strong>Καὶ</strong></span> <span class='ocrx_word' id='word_1_554' title='bbox 3207 3894 3428 3953; x_wconf 86' lang='grc' dir='ltr'>δίδωσιν</span> <span class='ocrx_word' id='word_1_555' title='bbox 3503 3899 3650 3971; x_wconf 77' lang='grc' dir='ltr'>αὐτῷ</span> <span class='ocrx_word' id='word_1_556' title='bbox 3708 3907 3817 3954; x_wconf 82' lang='grc' dir='ltr'><strong>Δα-</strong></span> 
     </span>
    </p>
   </div>
   <div class='ocr_carea' id='block_1_93' title="bbox 2171 3982 3818 4063">
    <p class='ocr_par' dir='ltr' id='par_1_93' title="bbox 2171 3982 3818 4063">
     <span class='ocr_line' id='line_1_93' title="bbox 2171 3982 3818 4063; baseline 0.004 -27"><span class='ocrx_word' id='word_1_557' title='bbox 2171 3982 2316 4056; x_wconf 88' lang='grc' dir='ltr'>ρείαν</span> <span class='ocrx_word' id='word_1_558' title='bbox 2383 3985 2482 4053; x_wconf 75' lang='grc' dir='ltr'>τὴν</span> <span class='ocrx_word' id='word_1_559' title='bbox 2543 3982 2870 4063; x_wconf 86' lang='grc' dir='ltr'>φιλόσοφον.</span> <span class='ocrx_word' id='word_1_560' title='bbox 2927 3987 2986 4044; x_wconf 87' lang='grc' dir='ltr'>Ὀ</span> <span class='ocrx_word' id='word_1_561' title='bbox 3046 3983 3101 4040; x_wconf 78' lang='grc' dir='ltr'><strong>δέ</strong></span> <span class='ocrx_word' id='word_1_562' title='bbox 3151 3985 3463 4062; x_wconf 82' lang='grc' dir='ltr'>Χρύσανθος</span> <span class='ocrx_word' id='word_1_563' title='bbox 3526 3985 3655 4043; x_wconf 73' lang='grc' dir='ltr'>ἰδὼν</span> <span class='ocrx_word' id='word_1_564' title='bbox 3717 3989 3818 4043; x_wconf 65' lang='grc' dir='ltr'><strong>αὖ-</strong></span> 
     </span>
    </p>
   </div>
   <div class='ocr_carea' id='block_1_94' title="bbox 2167 4072 3818 4155">
    <p class='ocr_par' dir='ltr' id='par_1_94' title="bbox 2167 4072 3818 4155">
     <span class='ocr_line' id='line_1_94' title="bbox 2167 4072 3818 4155; baseline 0.005 -31"><span class='ocrx_word' id='word_1_565' title='bbox 2167 4072 2291 4141; x_wconf 74' lang='grc' dir='ltr'>τὴν,</span> <span class='ocrx_word' id='word_1_566' title='bbox 2352 4072 2628 4148; x_wconf 71' lang='grc' dir='ltr'>ἐχρήσατο</span> <span class='ocrx_word' id='word_1_567' title='bbox 2677 4074 2814 4148; x_wconf 81' lang='grc' dir='ltr'>αὐτῇ</span> <span class='ocrx_word' id='word_1_568' title='bbox 2875 4075 2948 4137; x_wconf 87' lang='grc' dir='ltr'><strong>ὡς</strong></span> <span class='ocrx_word' id='word_1_569' title='bbox 3002 4073 3236 4155; x_wconf 80' lang='grc' dir='ltr'>ἀδελφῇ,</span> <span class='ocrx_word' id='word_1_570' title='bbox 3294 4076 3384 4132; x_wconf 82' lang='grc' dir='ltr'><strong>καὶ</strong></span> <span class='ocrx_word' id='word_1_571' title='bbox 3461 4073 3818 4134; x_wconf 72' lang='grc' dir='ltr'>συνεϐουλεύ-</span> 
     </span>
    </p>
   </div>
   <div class='ocr_carea' id='block_1_95' title="bbox 2169 4164 3817 4244">
    <p class='ocr_par' dir='ltr' id='par_1_95' title="bbox 2169 4164 3817 4244">
     <span class='ocr_line' id='line_1_95' title="bbox 2169 4164 3817 4244; baseline 0.006 -30"><span class='ocrx_word' id='word_1_572' title='bbox 2169 4181 2330 4216; x_wconf 89' lang='grc' dir='ltr'>σαντο</span> <span class='ocrx_word' id='word_1_573' title='bbox 2383 4167 2482 4218; x_wconf 89' lang='grc' dir='ltr'><strong>τοῦ</strong></span> <span class='ocrx_word' id='word_1_574' title='bbox 2516 4165 2682 4240; x_wconf 70' lang='grc' dir='ltr'>μέχρι</span> <span class='ocrx_word' id='word_1_575' title='bbox 2727 4164 2958 4220; x_wconf 78' lang='grc' dir='ltr'>θανάτου</span> <span class='ocrx_word' id='word_1_576' title='bbox 3017 4166 3151 4221; x_wconf 80' lang='grc' dir='ltr'>εἶναι</span> <span class='ocrx_word' id='word_1_577' title='bbox 3202 4169 3482 4244; x_wconf 78' lang='grc' dir='ltr'>παρθένοι.</span> <span class='ocrx_word' id='word_1_578' title='bbox 3515 4169 3648 4226; x_wconf 80' lang='grc' dir='ltr'>Εἶτα</span> <span class='ocrx_word' id='word_1_579' title='bbox 3688 4164 3817 4224; x_wconf 74' lang='grc' dir='ltr'>ἐϐα-</span> 
     </span>
    </p>
   </div>
   <div class='ocr_carea' id='block_1_96' title="bbox 2166 4251 3822 4333">
    <p class='ocr_par' dir='ltr' id='par_1_96' title="bbox 2166 4251 3822 4333">
     <span class='ocr_line' id='line_1_96' title="bbox 2166 4251 3822 4333; baseline 0.007 -29"><span class='ocrx_word' id='word_1_580' title='bbox 2166 4251 2361 4320; x_wconf 84' lang='grc' dir='ltr'>πτίσθη</span> <span class='ocrx_word' id='word_1_581' title='bbox 2445 4252 2534 4308; x_wconf 83' lang='grc' dir='ltr'><strong>καὶ</strong></span> <span class='ocrx_word' id='word_1_582' title='bbox 2595 4253 2753 4324; x_wconf 74' lang='grc' dir='ltr'>αὐτή·</span> <span class='ocrx_word' id='word_1_583' title='bbox 2827 4254 2917 4309; x_wconf 86' lang='grc' dir='ltr'><strong>καὶ</strong></span> <span class='ocrx_word' id='word_1_584' title='bbox 2999 4253 3284 4312; x_wconf 84' lang='grc' dir='ltr'>ἐδίδασκον</span> <span class='ocrx_word' id='word_1_585' title='bbox 3369 4258 3671 4333; x_wconf 81' lang='grc' dir='ltr'>ἀμφότεροι</span> <span class='ocrx_word' id='word_1_586' title='bbox 3723 4259 3822 4316; x_wconf 82' lang='grc' dir='ltr'><strong>τὸν</strong></span> 
     </span>
    </p>
   </div>
   <div class='ocr_carea' id='block_1_97' title="bbox 2169 4338 3820 4424">
    <p class='ocr_par' dir='ltr' id='par_1_97' title="bbox 2169 4338 3820 4424">
     <span class='ocr_line' id='line_1_97' title="bbox 2169 4338 3820 4424; baseline 0.005 -30"><span class='ocrx_word' id='word_1_587' title='bbox 2169 4338 2299 4394; x_wconf 86' lang='grc' dir='ltr'>λαὸν</span> <span class='ocrx_word' id='word_1_588' title='bbox 2362 4340 2482 4416; x_wconf 81' lang='grc' dir='ltr'>περὶ</span> <span class='ocrx_word' id='word_1_589' title='bbox 2542 4343 2752 4418; x_wconf 86' lang='grc' dir='ltr'>ἁγνείας</span> <span class='ocrx_word' id='word_1_590' title='bbox 2809 4343 2899 4398; x_wconf 85' lang='grc' dir='ltr'><strong>καὶ</strong></span> <span class='ocrx_word' id='word_1_591' title='bbox 2981 4345 3359 4424; x_wconf 70' lang='grc' dir='ltr'>σωφροσύνης·</span> <span class='ocrx_word' id='word_1_592' title='bbox 3432 4349 3820 4422; x_wconf 70' lang='grc' dir='ltr'>ἠγανάκτησαν</span> 
     </span>
    </p>
   </div>
   <div class='ocr_carea' id='block_1_98' title="bbox 2165 4428 3815 4508">
    <p class='ocr_par' dir='ltr' id='par_1_98' title="bbox 2165 4428 3815 4508">
     <span class='ocr_line' id='line_1_98' title="bbox 2165 4428 3815 4508; baseline 0.006 -26"><span class='ocrx_word' id='word_1_593' title='bbox 2165 4428 2257 4482; x_wconf 81' lang='grc' dir='ltr'><strong>οὗν</strong></span> <span class='ocrx_word' id='word_1_594' title='bbox 2291 4429 2348 4483; x_wconf 73' lang='grc' dir='ltr'>οἱ</span> <span class='ocrx_word' id='word_1_595' title='bbox 2377 4428 2667 4501; x_wconf 83' lang='grc' dir='ltr'>Ἕλληνες,</span> <span class='ocrx_word' id='word_1_596' title='bbox 2724 4432 2806 4487; x_wconf 80' lang='grc' dir='ltr'>ὃτι</span> <span class='ocrx_word' id='word_1_597' title='bbox 2859 4433 2956 4495; x_wconf 79' lang='grc' dir='ltr'><strong>τὰς</strong></span> <span class='ocrx_word' id='word_1_598' title='bbox 3013 4440 3270 4508; x_wconf 82' lang='grc' dir='ltr'>γυναῖκας</span> <span class='ocrx_word' id='word_1_599' title='bbox 3323 4435 3526 4491; x_wconf 71' lang='grc' dir='ltr'>ἑαυτῶν</span> <span class='ocrx_word' id='word_1_600' title='bbox 3566 4435 3815 4500; x_wconf 85' lang='grc' dir='ltr'>πείθουσι</span> 
     </span>
    </p>
   </div>
   <div class='ocr_carea' id='block_1_99' title="bbox 2163 4519 3812 4598">
    <p class='ocr_par' dir='ltr' id='par_1_99' title="bbox 2163 4519 3812 4598">
     <span class='ocr_line' id='line_1_99' title="bbox 2163 4519 3812 4598; baseline 0.005 -26"><span class='ocrx_word' id='word_1_601' title='bbox 2163 4520 2594 4592; x_wconf 69' lang='grc' dir='ltr'>καταλιμπάνειν</span> <span class='ocrx_word' id='word_1_602' title='bbox 2627 4519 2843 4592; x_wconf 66' lang='grc' dir='ltr'>αὐτοὺς,</span> <span class='ocrx_word' id='word_1_603' title='bbox 2875 4523 2964 4577; x_wconf 81' lang='grc' dir='ltr'><strong>καὶ</strong></span> <span class='ocrx_word' id='word_1_604' title='bbox 3026 4525 3416 4596; x_wconf 84' lang='grc' dir='ltr'>μνηστεύεσθαι</span> <span class='ocrx_word' id='word_1_605' title='bbox 3457 4529 3536 4596; x_wconf 82' lang='grc' dir='ltr'><strong>τῷ</strong></span> <span class='ocrx_word' id='word_1_606' title='bbox 3567 4527 3812 4598; x_wconf 81' lang='grc' dir='ltr'>Χριστῷ·</span> 
     </span>
    </p>
   </div>
   <div class='ocr_carea' id='block_1_100' title="bbox 2163 4603 3815 4690">
    <p class='ocr_par' dir='ltr' id='par_1_100' title="bbox 2163 4603 3815 4690">
     <span class='ocr_line' id='line_1_100' title="bbox 2163 4603 3815 4690; baseline 0.005 -28"><span class='ocrx_word' id='word_1_607' title='bbox 2163 4606 2251 4662; x_wconf 75' lang='grc' dir='ltr'><strong>καὶ</strong></span> <span class='ocrx_word' id='word_1_608' title='bbox 2294 4603 2583 4664; x_wconf 76' lang='grc' dir='ltr'>διέϐαλλον</span> <span class='ocrx_word' id='word_1_609' title='bbox 2617 4610 2814 4674; x_wconf 73' lang='grc' dir='ltr'>αὐτοὺς</span> <span class='ocrx_word' id='word_1_610' title='bbox 2868 4615 2946 4684; x_wconf 85' lang='grc' dir='ltr'><strong>τῷ</strong></span> <span class='ocrx_word' id='word_1_611' title='bbox 2995 4611 3246 4689; x_wconf 81' lang='grc' dir='ltr'>ἐπάρχῳ·</span> <span class='ocrx_word' id='word_1_612' title='bbox 3301 4615 3390 4669; x_wconf 84' lang='grc' dir='ltr'><strong>καὶ</strong></span> <span class='ocrx_word' id='word_1_613' title='bbox 3449 4611 3815 4690; x_wconf 80' lang='grc' dir='ltr'>παραδίδοντι</span> 
     </span>
    </p>
   </div>
   <div class='ocr_carea' id='block_1_101' title="bbox 2165 4693 3820 4779">
    <p class='ocr_par' dir='ltr' id='par_1_101' title="bbox 2165 4693 3820 4779">
     <span class='ocr_line' id='line_1_101' title="bbox 2165 4693 3820 4779; baseline 0.007 -30"><span class='ocrx_word' id='word_1_614' title='bbox 2165 4693 2418 4771; x_wconf 83' lang='grc' dir='ltr'>Κλαυδίῳ</span> <span class='ocrx_word' id='word_1_615' title='bbox 2467 4696 2546 4772; x_wconf 79' lang='grc' dir='ltr'><strong>τῷ</strong></span> <span class='ocrx_word' id='word_1_616' title='bbox 2597 4695 2890 4775; x_wconf 77' lang='grc' dir='ltr'>τριϐούνῳ.</span> <span class='ocrx_word' id='word_1_617' title='bbox 2951 4701 3054 4758; x_wconf 82' lang='grc' dir='ltr'><strong>Καὶ</strong></span> <span class='ocrx_word' id='word_1_618' title='bbox 3113 4703 3335 4779; x_wconf 73' lang='grc' dir='ltr'>ἄγονται</span> <span class='ocrx_word' id='word_1_619' title='bbox 3411 4700 3511 4774; x_wconf 79' lang='grc' dir='ltr'><strong>ἔξω</strong></span> <span class='ocrx_word' id='word_1_620' title='bbox 3562 4709 3664 4774; x_wconf 85' lang='grc' dir='ltr'><strong>τῆς</strong></span> <span class='ocrx_word' id='word_1_621' title='bbox 3718 4725 3820 4760; x_wconf 90' lang='grc' dir='ltr'>πο-</span> 
     </span>
    </p>
   </div>
   <div class='ocr_carea' id='block_1_102' title="bbox 2081 4782 3816 4868">
    <p class='ocr_par' dir='ltr' id='par_1_102' title="bbox 2081 4782 3816 4868">
     <span class='ocr_line' id='line_1_102' title="bbox 2081 4782 3816 4868; baseline 0.005 -30"><span class='ocrx_word' id='word_1_622' title='bbox 2081 4796 2130 4862; x_wconf 79' lang='lat' dir='ltr'><strong>D</strong></span> <span class='ocrx_word' id='word_1_623' title='bbox 2164 4782 2325 4852; x_wconf 85' lang='grc' dir='ltr'>λειυς,</span> <span class='ocrx_word' id='word_1_624' title='bbox 2367 4785 2456 4841; x_wconf 82' lang='grc' dir='ltr'><strong>καὶ</strong></span> <span class='ocrx_word' id='word_1_625' title='bbox 2492 4787 2866 4862; x_wconf 84' lang='grc' dir='ltr'>βασανίζονται</span> <span class='ocrx_word' id='word_1_626' title='bbox 2900 4786 3196 4868; x_wconf 84' lang='grc' dir='ltr'>διαφόρως.</span> <span class='ocrx_word' id='word_1_627' title='bbox 3262 4790 3391 4848; x_wconf 79' lang='grc' dir='ltr'>Εἶτα</span> <span class='ocrx_word' id='word_1_628' title='bbox 3450 4793 3654 4868; x_wconf 85' lang='grc' dir='ltr'>βόθρου</span> <span class='ocrx_word' id='word_1_629' title='bbox 3715 4793 3816 4866; x_wconf 80' lang='grc' dir='ltr'><strong>ὁρ-</strong></span> 
     </span>
    </p>
   </div>
   <div class='ocr_carea' id='block_1_103' title="bbox 2158 4871 3814 4958">
    <p class='ocr_par' dir='ltr' id='par_1_103' title="bbox 2158 4871 3814 4958">
     <span class='ocr_line' id='line_1_103' title="bbox 2158 4871 3814 4958; baseline 0.005 -30"><span class='ocrx_word' id='word_1_630' title='bbox 2158 4875 2385 4949; x_wconf 80' lang='grc' dir='ltr'>χθέντος</span> <span class='ocrx_word' id='word_1_631' title='bbox 2442 4871 2848 4952; x_wconf 78' lang='grc' dir='ltr'>βορϐορώδους,</span> <span class='ocrx_word' id='word_1_632' title='bbox 2887 4873 3260 4952; x_wconf 73' lang='grc' dir='ltr'>ἐμϐάλλονται</span> <span class='ocrx_word' id='word_1_633' title='bbox 3319 4877 3642 4958; x_wconf 80' lang='grc' dir='ltr'>ἀμφότεροι.</span> <span class='ocrx_word' id='word_1_634' title='bbox 3704 4879 3814 4955; x_wconf 81' lang='grc' dir='ltr'>Καί</span> 
     </span>
    </p>
   </div>
   <div class='ocr_carea' id='block_1_104' title="bbox 2157 4965 3546 5040">
    <p class='ocr_par' dir='ltr' id='par_1_104' title="bbox 2157 4965 3546 5040">
     <span class='ocr_line' id='line_1_104' title="bbox 2157 4965 3546 5040; baseline 0.009 -24"><span class='ocrx_word' id='word_1_635' title='bbox 2157 4965 2563 5039; x_wconf 78' lang='grc' dir='ltr'>καταχωθὲντες</span> <span class='ocrx_word' id='word_1_636' title='bbox 2591 4966 2678 5022; x_wconf 82' lang='grc' dir='ltr'><strong>καὶ</strong></span> <span class='ocrx_word' id='word_1_637' title='bbox 2711 4967 3152 5040; x_wconf 62' lang='grc' dir='ltr'>ηταπατθὲντες,</span> <span class='ocrx_word' id='word_1_638' title='bbox 3183 4969 3546 5028; x_wconf 79' lang='grc' dir='ltr'>τελειοῦνται.</span> 
     </span>
    </p>
   </div>
   <div class='ocr_carea' id='block_1_105' title="bbox 2761 5119 3208 5200">
    <p class='ocr_par' dir='ltr' id='par_1_105' title="bbox 2761 5119 3208 5200">
     <span class='ocr_line' id='line_1_105' title="bbox 2761 5119 3208 5200; baseline 0 -4"><span class='ocrx_word' id='word_1_639' title='bbox 2761 5120 2994 5196; x_wconf 72' lang='grc' dir='ltr'><strong>Τῆαῦτῇ</strong></span> <span class='ocrx_word' id='word_1_640' title='bbox 3024 5119 3208 5200; x_wconf 67' lang='grc' dir='ltr'><strong>ἡμέρᾳ</strong></span> 
     </span>
    </p>
   </div>
   <div class='ocr_carea' id='block_1_106' title="bbox 2438 5252 3519 5337">
    <p class='ocr_par' dir='ltr' id='par_1_106' title="bbox 2438 5252 3519 5337">
     <span class='ocr_line' id='line_1_106' title="bbox 2438 5252 3519 5337; baseline 0.005 -30"><span class='ocrx_word' id='word_1_641' title='bbox 2438 5252 2559 5324; x_wconf 78' lang='grc' dir='ltr'><strong>Μνή</strong></span> <span class='ocrx_word' id='word_1_642' title='bbox 2571 5273 2645 5326; x_wconf 87' lang='grc' dir='ltr'><strong>μη</strong></span> <span class='ocrx_word' id='word_1_643' title='bbox 2677 5257 2779 5309; x_wconf 88' lang='grc' dir='ltr'><strong>τοῦ</strong></span> <span class='ocrx_word' id='word_1_644' title='bbox 2810 5254 2970 5331; x_wconf 84' lang='grc' dir='ltr'>ἆγίου</span> <span class='ocrx_word' id='word_1_645' title='bbox 3018 5259 3306 5337; x_wconf 75' lang='grc' dir='ltr'>προφήτου</span> <span class='ocrx_word' id='word_1_646' title='bbox 3336 5253 3519 5328; x_wconf 80' lang='grc' dir='ltr'>Ὠσηέο</span> 
     </span>
    </p>
   </div>
   <div class='ocr_carea' id='block_1_107' title="bbox 2227 5362 3931 5458">
    <p class='ocr_par' dir='ltr' id='par_1_107' title="bbox 2227 5362 3931 5458">
     <span class='ocr_line' id='line_1_107' title="bbox 2227 5362 3931 5458; baseline 0.011 -41"><span class='ocrx_word' id='word_1_647' title='bbox 2227 5362 2294 5458; x_wconf 73' lang='lat' dir='ltr'><strong>&#39;Q</strong></span> <span class='ocrx_word' id='word_1_648' title='bbox 2345 5367 2640 5458; x_wconf 56' lang='grc' dir='ltr'>προφήτης</span> <span class='ocrx_word' id='word_1_649' title='bbox 2695 5369 2855 5440; x_wconf 72' lang='grc' dir='ltr'>Ὠσηὲ</span> <span class='ocrx_word' id='word_1_650' title='bbox 2919 5371 3138 5449; x_wconf 83' lang='grc' dir='ltr'>ὑπῆρχε</span> <span class='ocrx_word' id='word_1_651' title='bbox 3197 5374 3292 5447; x_wconf 74' lang='grc' dir='ltr'>μὶν</span> <span class='ocrx_word' id='word_1_652' title='bbox 3346 5371 3407 5429; x_wconf 93' lang='grc' dir='ltr'><strong>ἐκ</strong></span> <span class='ocrx_word' id='word_1_653' title='bbox 3459 5379 3560 5443; x_wconf 77' lang='grc' dir='ltr'><strong>τῆς</strong></span> <span class='ocrx_word' id='word_1_654' title='bbox 3617 5373 3820 5448; x_wconf 85' lang='grc' dir='ltr'>χώρας</span> <span class='ocrx_word' id='word_1_655' title='bbox 3929 5447 3931 5458; x_wconf 39' lang='grc' dir='ltr'><strong>Ι</strong></span> 
     </span>
    </p>
   </div>
   <div class='ocr_carea' id='block_1_108' title="bbox 2156 5449 3815 5536">
    <p class='ocr_par' dir='ltr' id='par_1_108' title="bbox 2156 5449 3815 5536">
     <span class='ocr_line' id='line_1_108' title="bbox 2156 5449 3815 5536; baseline 0.007 -31"><span class='ocrx_word' id='word_1_656' title='bbox 2156 5449 2442 5536; x_wconf 64' lang='grc' dir='ltr'>Ἰουδαίας,</span> <span class='ocrx_word' id='word_1_657' title='bbox 2472 5454 2567 5510; x_wconf 88' lang='grc' dir='ltr'>τὸν</span> <span class='ocrx_word' id='word_1_658' title='bbox 2598 5451 2659 5511; x_wconf 82' lang='grc' dir='ltr'>δὲ</span> <span class='ocrx_word' id='word_1_659' title='bbox 2688 5458 2816 5513; x_wconf 84' lang='grc' dir='ltr'>Θεὸν</span> <span class='ocrx_word' id='word_1_660' title='bbox 2851 5463 2950 5514; x_wconf 85' lang='grc' dir='ltr'><strong>τοῦ</strong></span> <span class='ocrx_word' id='word_1_661' title='bbox 2982 5461 3215 5535; x_wconf 82' lang='grc' dir='ltr'>ούρανοῦ</span> <span class='ocrx_word' id='word_1_662' title='bbox 3243 5462 3334 5517; x_wconf 82' lang='grc' dir='ltr'><strong>καὶ</strong></span> <span class='ocrx_word' id='word_1_663' title='bbox 3390 5468 3491 5532; x_wconf 81' lang='grc' dir='ltr'><strong>τῆς</strong></span> <span class='ocrx_word' id='word_1_664' title='bbox 3551 5467 3659 5536; x_wconf 83' lang='grc' dir='ltr'><strong>γῆς</strong></span> <span class='ocrx_word' id='word_1_665' title='bbox 3721 5481 3815 5517; x_wconf 75' lang='grc' dir='ltr'>σε·</span> 
     </span>
    </p>
   </div>
   <div class='ocr_carea' id='block_1_109' title="bbox 2157 5529 3929 5624">
    <p class='ocr_par' dir='ltr' id='par_1_109' title="bbox 2157 5529 3929 5624">
     <span class='ocr_line' id='line_1_109' title="bbox 2157 5529 3929 5624; baseline 0.008 -30"><span class='ocrx_word' id='word_1_666' title='bbox 2157 5535 2412 5615; x_wconf 78' lang='grc' dir='ltr'>ϐόμενος·</span> <span class='ocrx_word' id='word_1_667' title='bbox 2473 5543 2564 5600; x_wconf 86' lang='grc' dir='ltr'><strong>καὶ</strong></span> <span class='ocrx_word' id='word_1_668' title='bbox 2616 5545 2743 5610; x_wconf 80' lang='grc' dir='ltr'>τοὺς</span> <span class='ocrx_word' id='word_1_669' title='bbox 2794 5552 2902 5604; x_wconf 83' lang='grc' dir='ltr'><strong>τῶν</strong></span> <span class='ocrx_word' id='word_1_670' title='bbox 2963 5529 3128 5606; x_wconf 40' lang='lat' dir='ltr'><strong>EGV-6w</strong></span> <span class='ocrx_word' id='word_1_671' title='bbox 3209 5551 3365 5614; x_wconf 78' lang='grc' dir='ltr'>θεοὺς</span> <span class='ocrx_word' id='word_1_672' title='bbox 3448 5529 3654 5624; x_wconf 65' lang='grc' dir='ltr'>μισίῦν,</span> <span class='ocrx_word' id='word_1_673' title='bbox 3715 5550 3815 5606; x_wconf 87' lang='grc' dir='ltr'>καὶ</span> <span class='ocrx_word' id='word_1_674' title='bbox 3925 5529 3929 5621; x_wconf 41' lang='grc' dir='ltr'>,Ι</span> 
     </span>
    </p>
   </div>
   <div class='ocr_carea' id='block_1_110' title="bbox 2158 5617 3927 5716">
    <p class='ocr_par' dir='ltr' id='par_1_110' title="bbox 2158 5617 3927 5716">
     <span class='ocr_line' id='line_1_110' title="bbox 2158 5617 3927 5716; baseline 0.007 -32"><span class='ocrx_word' id='word_1_675' title='bbox 2158 5629 2649 5711; x_wconf 77' lang='grc' dir='ltr'>ἀποστρεφόμενος·</span> <span class='ocrx_word' id='word_1_676' title='bbox 2761 5637 3025 5694; x_wconf 78' lang='grc' dir='ltr'>καὶτῶν</span> <span class='ocrx_word' id='word_1_677' title='bbox 3131 5617 3464 5716; x_wconf 36' lang='grc' dir='ltr'>ὁμοφύλων.</span> <span class='ocrx_word' id='word_1_678' title='bbox 3519 5617 3817 5694; x_wconf 83' lang='grc' dir='ltr'>Ἰουδαίων</span> 
     </span>
    </p>
   </div>
   <div class='ocr_carea' id='block_1_111' title="bbox 2153 5717 3923 5802">
    <p class='ocr_par' dir='ltr' id='par_1_111' title="bbox 2153 5717 3923 5802">
     <span class='ocr_line' id='line_1_111' title="bbox 2153 5717 3923 5802; baseline 0.007 -29"><span class='ocrx_word' id='word_1_679' title='bbox 2153 5717 2221 5774; x_wconf 77' lang='grc' dir='ltr'>τὰ</span> <span class='ocrx_word' id='word_1_680' title='bbox 2251 5719 2542 5799; x_wconf 74' lang='grc' dir='ltr'>σφάλματα</span> <span class='ocrx_word' id='word_1_681' title='bbox 2571 5720 2985 5800; x_wconf 77' lang='grc' dir='ltr'>διορθούμενος,</span> <span class='ocrx_word' id='word_1_682' title='bbox 3048 5723 3260 5799; x_wconf 72' lang='grc' dir='ltr'>ἐδέξατο</span> <span class='ocrx_word' id='word_1_683' title='bbox 3320 5727 3664 5802; x_wconf 81' lang='grc' dir='ltr'>προφητείας</span> <span class='ocrx_word' id='word_1_684' title='bbox 3710 5748 3820 5802; x_wconf 81' lang='grc' dir='ltr'>με·</span> <span class='ocrx_word' id='word_1_685' title='bbox 3921 5743 3923 5785; x_wconf 91' lang='lat' dir='ltr'><strong>i</strong></span> 
     </span>
    </p>
   </div>
   <div class='ocr_carea' id='block_1_112' title="bbox 2153 5807 3921 5894">
    <p class='ocr_par' dir='ltr' id='par_1_112' title="bbox 2153 5807 3921 5894">
     <span class='ocr_line' id='line_1_112' title="bbox 2153 5807 3921 5894; baseline 0.001 -30"><span class='ocrx_word' id='word_1_686' title='bbox 2153 5808 2294 5884; x_wconf 74' lang='grc' dir='ltr'>γάλα</span> <span class='ocrx_word' id='word_1_687' title='bbox 2369 5809 2702 5886; x_wconf 78' lang='grc' dir='ltr'>χαρίσματα.</span> <span class='ocrx_word' id='word_1_688' title='bbox 2763 5814 2862 5871; x_wconf 78' lang='grc' dir='ltr'>Καὶ</span> <span class='ocrx_word' id='word_1_689' title='bbox 2941 5813 3127 5871; x_wconf 87' lang='grc' dir='ltr'>πολλὰ</span> <span class='ocrx_word' id='word_1_690' title='bbox 3205 5815 3588 5894; x_wconf 83' lang='grc' dir='ltr'>προφητεύσας</span> <span class='ocrx_word' id='word_1_691' title='bbox 3669 5817 3826 5872; x_wconf 74' lang='grc' dir='ltr'>κατὰ</span> <span class='ocrx_word' id='word_1_692' title='bbox 3919 5807 3921 5865; x_wconf 92' lang='lat' dir='ltr'><strong>i</strong></span> 
     </span>
    </p>
   </div>
   <div class='ocr_carea' id='block_1_113' title="bbox 389 5879 2058 5979">
    <p class='ocr_par' dir='ltr' id='par_1_113' title="bbox 389 5879 2050 5964">
     <span class='ocr_line' id='line_1_113' title="bbox 389 5879 2050 5964; baseline 0.012 -31"><span class='ocrx_word' id='word_1_693' title='bbox 389 5880 626 5954; x_wconf 79' lang='lat' dir='ltr'><strong>signum</strong></span> <span class='ocrx_word' id='word_1_694' title='bbox 652 5879 838 5952; x_wconf 89' lang='lat' dir='ltr'><strong>dedit,</strong></span> <span class='ocrx_word' id='word_1_695' title='bbox 873 5879 1032 5952; x_wconf 92' lang='lat' dir='ltr'><strong>quod</strong></span> <span class='ocrx_word' id='word_1_696' title='bbox 1059 5886 1348 5940; x_wconf 84' lang='lat' dir='ltr'><strong>venturus</strong></span> <span class='ocrx_word' id='word_1_697' title='bbox 1378 5890 1536 5942; x_wconf 87' lang='lat' dir='ltr'><strong>esset</strong></span> <span class='ocrx_word' id='word_1_698' title='bbox 1562 5887 1872 5964; x_wconf 87' lang='lat' dir='ltr'><strong>Dominus,</strong></span> <span class='ocrx_word' id='word_1_699' title='bbox 1905 5899 1966 5950; x_wconf 87' lang='lat' dir='ltr'><strong>et</strong></span> <span class='ocrx_word' id='word_1_700' title='bbox 1986 5895 2050 5954; x_wconf 87' lang='lat' dir='ltr'><strong>in</strong></span> 
     </span>
    </p>
   </div>
   <div class='ocr_carea' id='block_1_114' title="bbox 2172 5879 3828 5979">
    <p class='ocr_par' dir='ltr' id='par_1_114' title="bbox 2172 5879 3828 5979">
     <span class='ocr_line' id='line_1_114' title="bbox 2172 5879 3828 5979; baseline 0.007 -27"><span class='ocrx_word' id='word_1_701' title='bbox 2172 5879 2211 5953; x_wconf 62' lang='grc' dir='ltr'>ξι</span> <span class='ocrx_word' id='word_1_702' title='bbox 2230 5901 2328 5954; x_wconf 87' lang='grc' dir='ltr'><strong>τοῦ</strong></span> <span class='ocrx_word' id='word_1_703' title='bbox 2369 5879 2617 5977; x_wconf 51' lang='grc' dir='ltr'>Ἰσραήλ,</span> <span class='ocrx_word' id='word_1_704' title='bbox 2677 5904 2766 5960; x_wconf 77' lang='grc' dir='ltr'><strong>καὶ</strong></span> <span class='ocrx_word' id='word_1_705' title='bbox 2815 5903 2950 5961; x_wconf 81' lang='grc' dir='ltr'>κατὰ</span> <span class='ocrx_word' id='word_1_706' title='bbox 3003 5908 3112 5960; x_wconf 86' lang='grc' dir='ltr'><strong>τῶν</strong></span> <span class='ocrx_word' id='word_1_707' title='bbox 3191 5879 3390 5979; x_wconf 67' lang='grc' dir='ltr'>ἐθνῶν,</span> <span class='ocrx_word' id='word_1_708' title='bbox 3449 5899 3623 5960; x_wconf 77' lang='grc' dir='ltr'>ἔδωκε</span> <span class='ocrx_word' id='word_1_709' title='bbox 3710 5926 3828 5979; x_wconf 81' lang='grc' dir='ltr'>ση-</span> 
     </span>
    </p>
   </div>
  </div>
