4042 6206
309 350 441 413 113

1848 345 2230 409 OCTOBER.

3634 349 3751 408 ιιι

324 490 511 559 peior
576 484 719 557 ἥξειν
768 484 863 538 τὸν
926 484 1130 560 Κύριον
1185 482 1273 538 ἐπὶ
1322 487 1426 557 γῆς
1478 480 1787 556 ἀνθρώποις
1851 499 1977 533 συν-

2092 484 2248 534 terra
2276 493 2411 534 cum
2433 477 2775 532 hominibus
2788 478 3447 534 conversaturus.Aliud
3460 484 3749 551 praaterea

322 575 819 650 «νέω-τρεφόμενον.
878 572 990 628 Καὶ
1067 570 1238 628 ἔδωκε
1312 572 1470 647 τέρας
1531 569 1615 626 ὅτι
1676 569 1766 625 ὅτε
1845 564 1976 641 δύνῃ

322 669 352 720 δ
384 664 542 732 ἥλιος
575 662 627 716 ἐν
663 660 923 734 Σηλὼμ,
952 662 1042 717 καὶ
1094 665 1324 736 μερισθῇ
1382 663 1416 730 ἠ
1478 657 1626 735 δρῦς,
1682 660 1717 728 ἡ
1777 656 1827 712 έν
1880 663 1974 711 Σι-

319 752 495 824 λωάμ,
582 750 666 815 εἰς
754 748 977 807 δώδεκα
1035 752 1202 825 μέρη,
1284 751 1675 825 γενηθήσονται
1764 744 1975 802 δώδεκα

315 837 483 912 δρύες·
535 842 860 909 τουτέστιν,
916 839 1004 895 ὅτε
1056 840 1427 914 σταυρώσουσι
1479 839 1568 894 τὸν
1628 835 1821 894 Ἥλιον
1873 838 1973 904 τῆς

309 926 662 999 δικαιοσύνης
700 931 951 1003 Χριστὸν
984 931 1036 984 οἱ
1080 926 1365 996 Ἰουδαῖοι,
1420 926 1509 982 καὶ
1569 926 1760 993 θανὼν,
1815 922 1972 1000 δύνῃ,

308 1015 879 1091 διαμοιρισθήσονται
920 1020 975 1073 αἱ
1022 1015 1236 1073 δώδεκα
1281 1014 1449 1091 φυλαί
1503 1020 1601 1071 τοῦ
1642 1012 1863 1087 Ἰσραὴλ
1897 1013 1972 1075 εἷς

306 1108 474 1161 πάντα
542 1108 614 1161 τά
706 1104 870 1178 ἔθνη,
928 1108 1016 1162 καὶ
1077 1108 1472 1182 γενηθήσονται
1532 1102 1741 1160 δώδεκα
1796 1100 1970 1177 δρύες⁶

304 1194 427 1265 ἤτοι
460 1198 512 1251 οἱ
548 1195 780 1253 δώδεκα
825 1196 1150 1253 ἀπόστολον
1210 1194 1299 1252 καὶ
1342 1192 1615 1265 διδάξουσι
1671 1192 1844 1248 πάντα
1906 1191 1975 1247 τὰ

308 1283 428 1357 ἔθνη
461 1288 752 1343 πιστεύειν
790 1288 872 1351 εἷς
899 1289 991 1343 τὸν
1032 1287 1292 1361 Χριστόν.
1349 1289 1526 1341 Ταῦτα
1569 1281 1971 1362 προφητεύσας,

306 1377 356 1433 ἓν
388 1378 587 1453 εἰρήνῃ
617 1376 969 1445 τελειωθεὶς,
996 1378 1188 1455 ἐτάφη.

917 1470 996 1540 Τῇ
1031 1467 1167 1540 αὐτῇ
1199 1466 1380 1540 ἡμέρᾳ

312 1556 586 1626 Ἀθλησις
644 1560 795 1631 τῶν,
833 1557 1003 1630 ἁγίων
1060 1554 1408 1631 ’ᾼναργύρων
1452 1556 1697 1631 ,Κοσμᾶᾳ
1732 1552 1821 1631 καὶ
1872 1559 1973 1607 Δα-

384 1625 608 1705 μιανοιῖι,
710 1630 823 1705 καὶ-
879 1625 990 1683 τῶν
1063 1625 1326 1705 *ἀδελφῶν
1406 1625 1612 1682 αὐτῶν
1685 1625 1969 1698 ’Λνθιμου,

386 1700 652 1755 Λεοντίου
684 1701 774 1754 καὶ
812 1701 1165 1775 Ἐυπρεπίου.

378 1792 545 1862 Τρεῖς
607 1790 747 1844 εἰσὶν
808 1790 863 1844 αἱ
921 1789 1163 1865 συζυγίαι
1221 1792 1329 1844 τῶν
1403 1786 1569 1864 ἁγίων
1642 1784 1969 1861 Λναργύρων

2081 572 2383 624 ostentum
2414 566 2578 622 dedit
2613 583 2626 621 :
2660 565 2919 631 Occidet,
2954 567 3255 638 inquiens,
3287 568 3375 623 sol
3420 570 3480 624 in
3505 569 3742 651 Selom;

2080 655 2456 726 dissectaque
2518 655 2579 709 in
2624 654 2935 709 duodecim
2968 661 3164 725 partes
3216 658 3426 713 arbore
3468 658 3527 712 in
3560 658 3737 729 Siloe,

2080 750 2403 802 nascentur
2432 745 2745 800 duodecim
2776 744 3018 799 arbores
3044 762 3056 798 :
3082 745 3193 799 hoc
3225 752 3334 811 est,
3359 748 3572 802 cumin
3604 764 3735 803 cru-

2081 853 2210 893 cem
2242 836 2470 908 egerint
2487 835 2671 890 Judaei
2705 835 3003 889 Christum
3035 835 3230 890 Solem
3254 837 3524 907 justitiaa,
3551 843 3608 893 et
3638 839 3734 893 hic

2081 932 2352 983 mortuus
2370 926 2783 995 fuerit,solque
2814 924 3012 979 radios
3039 942 3173 980 suos
3205 927 3558 995 condiderit,
3580 929 3733 984 divi-

2081 1019 2298 1075 dentur
2345 1016 2660 1073 duodecim
2694 1016 2883 1071 tribus
2935 1016 3119 1071 Israel
3152 1017 3212 1071 in
3268 1035 3475 1073 omnes
3506 1026 3734 1089 gentes,

2079 1110 2463 1179 orienturque
2489 1106 2801 1162 duodecim
2832 1106 3095 1175 arbores,
3129 1108 3229 1177 qui
3257 1114 3395 1162 sunt
3425 1108 3738 1165 duodecim

2081 1198 2358 1269 apostoli,
2388 1203 2849 1266 convertentque
2898 1211 3105 1249 omnes
3162 1203 3367 1267 gentes
3398 1198 3471 1252 ad
3521 1199 3735 1253 Christi

2082 1286 2284 1343 fidem.
2320 1289 2453 1343 Hinc
2482 1303 2618 1342 cum
2637 1286 3070 1357 prophetasset,
3103 1284 3163 1340 in
3185 1302 3328 1357 pace
3376 1288 3651 1357 decessit,
3684 1295 3743 1344 et

2081 1376 2351 1448 sepultus
2382 1381 2491 1431 est.

2755 1463 2973 1519 Eodem
3006 1464 3102 1519 die

2081 1556 2238 1612 124
2285 1556 2571 1609 Certamen
2652 1560 2968 1609 sanctorum
3052 1556 3475 1622 Anargyrorum
3535 1555 3738 1610 Cosme:

2150 1633 2203 1681 et
2240 1628 2523 1691 Damiani,
2583 1628 2934 1695 fratrumque
2973 1641 3157 1680 eorum
3214 1626 3487 1695 Anthimi,
3522 1628 3738 1681 Leontii

2152 1704 2200 1753 et
2230 1699 2515 1768 Euprepii.
3522 1714 3528 1765 ξ

2152 1787 2285 1841 Tria
2316 1791 2455 1842 sunt
2481 1790 2821 1841 sanctorum
2854 1788 3291 1858 Anargyrorum
3332 1787 3519 1858 paria,
3553 1789 3651 1859 qui
3681 1794 3738 1843 et

429 1846 437 1862 Ι
531 1846 544 1851 ⁷
1000 1846 1019 1858 π
1066 1846 1077 1865 Ι
1448 1846 1460 1864 Ι
1758 1846 1767 1860 ι
1803 1846 1816 1861 ο
1860 1846 1870 1859 ι

311 1881 510 1951 Κοσμᾶ
567 1880 659 1935 καὶ
742 1884 1039 1952 Δαμιανοῦ,
1099 1880 1422 1953 ἀμφοτέρων
1468 1878 1555 1933 καὶ
1612 1881 1733 1939 τοῖς
1781 1874 1964 1936 αὐτοῖς

2092 1876 2289 1931 ζὶεᾶθιι]
2322 1877 2549 1930 Cosmaa
2574 1879 2629 1929 et
2660 1876 2927 1930 Damiani
2946 1876 3288 1930 nominibus
3315 1876 3594 1947 appellati
3612 1878 3733 1933 fue-

308 1967 543 2039 ὀνόμασι
575 1967 959 2042 καλουμένων,
991 1968 1103 2036 καὶ,
1133 1969 1231 2037 τὴν
1283 1966 1533 2041 ἴατρικήν
1590 1965 1794 2041 τέχνην
1847 1984 1969 2037 μετ-

308 2056 662 2131 ερχομένων,
724 2058 812 2111 καὶ
870 2059 971 2127 τὴν
1050 2058 1424 2132 προσηγορίαν
1482 2063 1584 2125 τῆς
1641 2052 1962 2130 ἀναργυρίας

305 2145 586 2220 ἐχόντων.
619 2147 689 2202 Οἱ
719 2148 813 2219 μὲν
858 2148 961 2221 γὰρ
1019 2147 1155 2216 ἦσαν
1214 2145 1323 2201 υἱοὶ
1385 2143 1655 2215 Θεοδότης
1707 2145 1962 2220 γυναικὸς

303 2230 604 2296 εὖλαὸοὖς.
636 2236 727 2290 Ἐν
787 2234 980 2310 εἰρήνῃ
1040 2236 1396 2308 κοιμηθέντες
1441 2234 1531 2290 καὶ
1586 2235 1962 2297 κατατεθέντες

301 2322 361 2377 ἐν
394 2324 556 2395 τόπῳ
586 2321 917 2397 καλουμένῳ
971 2326 1238 2399 Φερεμάν.
1296 2326 1363 2383 Οἱ
1422 2322 1480 2379 δὶ
1536 2323 1587 2379 ἐν
1644 2328 1715 2397 τῇ
1769 2322 1966 2395 Ῥώμῃ

307 2410 510 2488 διῆγον
600 2410 822 2488 ἔχοντες
877 2411 1210 2469 διδάσκαλον
1283 2414 1564 2492 φθονερόν·
1624 2415 1772 2473 ὅστις
1833 2412 1968 2485 μετὰ

304 2501 485 2558 δόλου
515 2504 802 2577 ἀναγαγὼν
830 2502 1027 2564 αὐτοὺς
1065 2503 1141 2567 εἷς
1197 2501 1347 2577 ὅρος,
1396 2503 1471 2565 ὡς
1527 2501 1688 2572 δῆθεν
1733 2501 1965 2577 βοτάνας

311 2592 675 2662 συνάξοντας,
706 2590 884 2654 λίθοις
916 2592 1151 2669 φονεύει.
1184 2594 1253 2649 Οἱ
1287 2590 1343 2647 δὲ
1371 2594 1445 2648 ὧν
1514 2592 1603 2647 καὶ
1655 2595 1691 2662 ἠ
1722 2595 1967 2667 παροῦσα

314 2680 583 2751 ἄθλησις,
618 2681 868 2756 ὑπῆρχον
901 2681 961 2736 ἐκ
1012 2685 1113 2746 τῆς
1162 2682 1353 2757 χώρας
1426 2676 1708 2756 ’Λραϐίας·
1757 2701 1970 2757 περιερ-

318 2772 571 2842 χόμενοι
625 2768 685 2824 δὲ
737 2771 873 2825 κατὰ
927 2777 1100 2825 πᾶσαν
1144 2769 1328 2841 πόλιν,
1383 2770 1699 2845 ἐθεράπευον
1743 2769 1969 2846 ἀναργύ-

316 2883 437 2937 ρως
463 2860 595 2925 τοὺς
629 2862 1005 2924 ἀσθενοῦντας.
1063 2864 1211 2919 Κατὰ
1258 2859 1317 2917 δὲ
1369 2862 1498 2925 τοὺς
1550 2861 1789 2937 χρόνους
1848 2868 1970 2915 Διο-

317 2954 635 3022 κλητιανοῦ
678 2953 1031 3028 παρεγένοντο
1090 2951 1140 3007 ἐν
1208 2956 1278 3026 τῇ
1330 2939 1493 3027 χῶρᾳ
1540 2959 1641 3022 τῆς
1703 2949 1971 3020 Κιλικίας,

313 3043 419 3097 καὶ
502 3042 862 3116 κρατηθέντες
944 3044 1283 3115 παρέστησαν
1388 3041 1559 3113 Λυσίᾳ
1634 3045 1714 3113 τῷ
1796 3037 1970 3095 δουκίο

312 3133 473 3194 ὅστις
529 3131 622 3185 καὶ
709 3128 983 3205 διαφόρως
1059 3134 1385 3207 τιμωρήσας
1463 3130 1682 3199 αὐτοὺς,
1752 3128 1971 3204 ὕστερον

2075 1974 2235 2033 runt,
2271 1973 2328 2022 et
2358 1965 2669 2021 medicinae
2701 1971 2889 2020 artem
2922 1970 3339 2028 tractaverunt.
3374 1973 3432 2020 et
3480 1970 3735 2039 Anargy.

2077 2072 2283 2111 rorum
2314 2070 2644 2127 cognomen
2672 2054 3220 2107 habuerunt.Fuere
3244 2054 3401 2107 enim
3426 2055 3526 2108 alii
3558 2055 3736 2108 Theo-

2074 2146 2227 2201 dotaa
2258 2143 2726 2217 religiosissimis
2758 2143 2888 2211 ﬁlii,
2922 2142 3023 2212 qui
3074 2142 3135 2196 in
3180 2159 3323 2213 pace
3357 2143 3736 2213 decedentes,

2072 2235 2134 2289 in
2154 2234 2281 2289 loco
2323 2234 2653 2289 Phereman
2672 2232 2825 2287 dicto
2846 2232 3059 2302 sepulti
3076 2236 3231 2286 sunt.
3253 2232 3365 2285 Alii
3391 2248 3525 2286 cum
3540 2236 3738 2287 Roma:

2075 2324 2387 2398 degerent,
2448 2327 2879 2395 praeceptorem
2943 2322 3205 2376 invidum
3266 2322 3573 2388 habentes,
3634 2338 3739 2394 per

2073 2413 2277 2470 dolum
2304 2412 2376 2468 ab
2407 2428 2476 2467 eo
2500 2412 2563 2467 in
2592 2416 2878 2477 montem,
2904 2411 3073 2481 quasi
3101 2410 3174 2465 ad
3208 2410 3487 2483 legendas
3501 2411 3736 2476 herbas,

2073 2502 2334 2570 deducti,
2365 2500 2664 2572 lapidibus
2695 2500 2891 2555 obruti
2928 2504 3087 2554 sunt.
3122 2499 3259 2561 Alii,
3294 2516 3547 2570 quorum
3606 2518 3738 2556 cer-

2072 2592 2303 2647 tamina
2332 2606 2609 2646 enarrare
2667 2589 3058 2658 instituimus,
3119 2589 3340 2644 Arabes
3383 2590 3572 2657 fuere,
3635 2600 3738 2662 qui

2074 2687 2367 2739 terrarum
2399 2681 2603 2736 orbem
2652 2685 3055 2752 peragrantes,
3082 2680 3263 2751 gratis
3290 2684 3350 2734 et
3380 2681 3506 2736 sine
3542 2681 3732 2753 pretio

2076 2775 2325 2842 aegrotos
2348 2769 2654 2826 curabant.
2688 2768 3037 2824 Diocletiani
3087 2785 3222 2823 vero
3272 2770 3640 2840 temporibus
3671 2771 3735 2826 in

2048 2862 2344 2918 “Ciliciam
2374 2860 2645 2933 profecti,
2679 2864 2737 2915 et
2756 2860 3194 2931 comprehensi,
3230 2859 3522 2915 sistuntur
3552 2862 3735 2931 Lysiae

2079 2951 2217 3009 duci
2252 2966 2266 3005 :
2298 2967 2333 3006 a
2364 2967 2480 3022 quo
2530 2950 2711 3006 variis
2766 2950 3081 3005 tormentis
3140 2950 3481 3018 excruciati,
3542 2952 3733 3021 capite

2078 3040 2323 3096 demum
2351 3040 2509 3112 plexi
2540 3044 2698 3110 sunt,
2730 3054 2851 3095 una
2879 3055 3015 3095 cum
3044 3038 3258 3107 tribus,
3291 3040 3393 3112 qui
3424 3056 3523 3095 eos
3536 3055 3740 3112 prose-

2082 3130 2438 3203 quebantur,
2478 3129 2786 3199 fratribus,
2845 3129 3150 3199 Anthimo,
3202 3129 3463 3198 Leontia,
3515 3134 3574 3185 et
3627 3131 3740 3185 Eu-

312 3220 711 3297 ἆπεκεφάλισι,
766 3221 860 3275 σὺν
913 3228 1030 3284 τοῖς
1108 3222 1499 3285 ἀκολουθοῦσιν
1557 3220 1743 3282 αὐτοῖς
1795 3219 1971 3296 τρισὶν
2006 3217 2049 3286 C
2087 3220 2315 3294 prepio.

312 3308 611 3387 ἀδελφοῖς,
646 3310 911 3383 Ἀνθίμῳ,
946 3312 1203 3383 Λεοντίῳ,
1234 3310 1323 3365 καὶ
1353 3308 1672 3385 Εύπρεπίῳ.

876 3404 1057 3455 nam
1098 3406 1186 3478 Τῼ
1224 3401 1423 3477 ΑΥΤῼ.

399 3579 615 3649 Μνήμη
673 3582 770 3633 τοῦ
820 3576 977 3653 ἆγίου
1032 3576 1341 3633 ἀποστόλου
1395 3576 1485 3633 καὶ
1526 3575 1906 3653 εὐαγγελιποῦ

1044 3654 1251 3709 Λουκᾶ.

406 3743 619 3801 Λουκᾶς
648 3740 676 3793 ὁ
707 3738 1100 3814 εύαγγελιστὴς
1133 3740 1379 3813 ὑπῆρχεν
1406 3739 1864 3817 ἀπὸᾊντιοχείας
1876 3743 1979 3807 τῆς

328 3827 607 3903 μεγάλης’
640 3828 824 3901 ἶατρὸς
854 3830 953 3898 τὴν
996 3829 1224 3904 τέχνην,
1275 3828 1367 3883 καὶ
1426 3830 1740 3907 ζωγράφος.
1784 3827 1982 3885 Ἀπελ-

326 3918 440 3982 θὼν
476 3915 536 3972 δὲ
560 3917 635 3980 είς
667 3913 851 3987 Θήϐας
902 3924 1001 3988 τῆς
1060 3915 1401 3980 Μακεδονίας
1442 3917 1531 3973 ἰπὶ
1584 3913 1833 3992 Τιϐερίου
1884 3922 1981 3973 τοῦ

328 4006 638 4082 βασιλέως,
671 4004 761 4062 διὰ
784 4007 877 4062 τὸν
912 4004 1176 4083 διωγμὸν,
1226 4005 1447 4082 ἐνέτυχε
1500 4011 1580 4080 τῷ
1633 4006 1769 4081 ἁγίῳ
1843 4007 1980 4062 ἀπο-

324 4097 521 4168 στόλῳ
552 4095 776 4169 Παύλῳ·
804 4097 895 4151 καί
928 4097 1002 4159 ὡς
1038 4096 1298 4172 ὑπάρχων
1331 4096 1407 4159 εἷς
1433 4100 1543 4151 τῶν
1603 4091 1986 4170 ἑϐδομήκοντα

323 4183 689 4255 ἀποστόλων,
719 4184 1095 4257 ἠκολούθησεν
1127 4184 1294 4259 αὐτῷ,
1350 4186 1439 4241 καὶ
1501 4184 1592 4240 σὺν
1652 4187 1803 4259 αὐτῷ
1859 4186 1987 4257 ἐκή-

326 4297 500 4352 ρυσσε
530 4274 625 4329 τὸν
658 4275 909 4350 Χριστόν.
972 4276 1077 4331 Καὶ
1132 4277 1386 4351 συνήργει
1448 4274 1525 4337 εἷς
1582 4277 1682 4345 τήν
1739 4280 1837 4331 τοῦ
1884 4297 1988 4346 κη-

326 4366 640 4442 ρύγματος,
705 4362 795 4418 καί
842 4368 942 4419 τοῦ
1001 4363 1335 4441 Εὖαγγελίου
1394 4361 1662 4419 διακονίαν
1720 4364 1990 4437 προθύμῳ

327 4456 556 4531 γνώμῃ.
648 4454 1031 4529 Συνεγράψατο
1114 4450 1172 4509 δὲ
1219 4453 1483 4529 πρότερον
1550 4454 1613 4509 τὸ
1660 4454 1776 4509 κατ’
1831 4453 1992 4509 αὐτὸν

2652 3398 2893 3452 EODEM
2924 3398 3179 3452 MENSE.

2613 3486 2719 3541 Die
2740 3486 2971 3543 decima
3001 3491 3203 3541 octava

2079 3580 2230 3638 125
2270 3578 2725 3634 Commemoratio
2780 3579 2956 3703 sagati
3012 3575 3248 3646 apostoli
3294 3582 3347 3632 et
3384 3574 3732 3646 evangelista

2886 3664 3019 3703 ηοω.

2886 3664 3019 3703 ηοω.

2155 3744 2337 3797 Lucas
2368 3739 2730 3812 evangelista
2752 3738 2813 3793 in
2836 3738 3149 3794 Antiochia
3169 3756 3381 3813 magna
3410 3743 3731 3811 ortus,pro-

2083 3831 2345 3888 fessione
2375 3829 2667 3898 medicus,
2699 3834 2757 3884 et
2786 3829 2995 3901 pictor,
3031 3845 3165 3883 cum
3207 3830 3437 3884 Thebas
3466 3829 3739 3884 Macedo-

2087 3923 2223 3989 niaa,
2248 3920 2482 3976 Tiberio
2516 3920 2896 3991 imperatore,
2930 3918 3004 3973 ob
3036 3920 3512 3990 persecutionem
3551 3919 3743 3975 venis-

2089 4016 2201 4081 set,
2233 4026 2591 4083 congressus
2621 4008 3067 4079 collocutusque
3087 4025 3221 4063 cum
3246 4014 3448 4064 sancto
3481 4007 3748 4079 apostolo

2090 4100 2369 4167 Paulo,ut
2397 4098 2498 4170 qui
2532 4116 2601 4154 ex
2642 4098 3015 4169 septuaginta
3063 4098 3469 4169 apostolorum
3500 4114 3750 4152 numero

2093 4194 2238 4255 erat,
2272 4188 2467 4243 eidem
2499 4187 2765 4260 apostolo
2799 4203 2860 4240 se
2892 4187 3117 4241 socium
3168 4186 3459 4257 adjunxit,
3519 4191 3576 4238 et
3630 4201 3752 4239 una

2093 4295 2228 4334 cum
2261 4279 2389 4350 ipso
2411 4277 2707 4334 Christum
2731 4275 3071 4347 przedicavit
3094 4292 3106 4339 ;
3136 4280 3528 4345 promptoque
3551 4274 3749 4327 animo

2095 4370 2157 4424 in
2187 4367 2695 4440 pradicationem,
2728 4370 2787 4418 et
2805 4364 3100 4435 Evangelii
3131 4361 3531 4415 ministerium
3555 4359 3749 4414 eidem

2095 4462 2446 4527 cooperatus
2477 4459 2585 4509 est.
2619 4452 2981 4521 Conscripsit
3011 4456 3208 4505 autem
3231 4450 3424 4521 primo
3449 4453 3745 4515 sanctum,

330 4550 495 4624 ἅγιον
584 4544 939 4621 Εὗαγγέλιον,
1009 4546 1145 4620 πρὸς
1230 4543 1494 4623 Θεόφιλον
1562 4544 1685 4600 τινὰ
1722 4545 1977 4621 ἡγεμόνα.

2100 4546 2257 4619 quod
2297 4545 2426 4616 ejus
2478 4559 2697 4598 nomen
2755 4540 3013 4612 praafert,
3045 4539 3425 4612 Evangelium
3467 4539 3541 4594 ad
3568 4538 3753 4594 Theo-

330 4640 703 4697 πιστεύσαντα
753 4640 829 4701 είς
909 4639 1002 4694 τὸν
1060 4640 1288 4713 Χριστὸν
1352 4640 1787 4715 ὑπαγορεύσαντο
1842 4640 1992 4711 αύτῷ

329 4736 437 4788 τοῦ
468 4729 629 4805 ἁγίου
678 4728 884 4802 Πέτρου
928 4732 1026 4783 τοῦ
1083 4728 1419 4784 ἀποστόλου’
1502 4727 1685 4785 ἔπειτα
1776 4728 1994 4801 ἐξέθηκε

332 4822 435 4883 τὰς
470 4820 702 4892 Πράξεις
727 4822 836 4872 τῶν
888 4814 1235 4890 ἀποστόλων,
1286 4818 1424 4894 πρὸς
1473 4819 1566 4874 τὸν
1612 4819 1772 4874 αὐτὸν
1800 4817 1994 4895 Θεόφι-

337 4910 462 4965 λον.
497 4905 607 4963 Καὶ
636 4910 805 4961 ταῦτα
859 4905 1085 4982 πράξας,
1141 4904 1191 4961 ἐν
1246 4906 1438 4982 εἲρήνῃ
1489 4909 1587 4976 τήν
1646 4909 1832 4983 ψυχήν
1887 4906 1995 4961 ἀπ-

336 4997 518 5054 ἐδῶκε
546 4999 629 5068 τῷ
659 4994 795 5067 Θεῷ.
824 4996 904 5052 Τὸ
936 4992 994 5049 δὲ
1016 4995 1161 5068 ἱερὸν
1214 4997 1306 5050 καὶ
1362 4995 1546 5069 τίμιον
1596 4996 1762 5051 αὐτοῦ
1802 4995 1993 5070 λείψα-

333 5109 426 5142 νον
463 5085 638 5160 ἐτάφη
678 5085 770 5156 μὲν
792 5084 1059 5159 πρότερον
1090 5083 1142 5139 ἐν
1196 5082 1423 5155 Θήϐαιςο
1457 5084 1677 5161 ὕστερον
1711 5083 1767 5140 δὲ
1798 5086 1995 5140 ἀνακο-

337 5175 536 5249 μισθὲν
576 5172 682 5228 ἀπὸ
712 5168 908 5243 Θηϐῶν
944 5172 994 5227 ἐν
1030 5174 1623 5247 Κωνσταντινουπόλει,
1655 5173 1908 5245 κατετέθη
1942 5172 1994 5229 έν

330 5271 418 5337 τῷ
448 5266 569 5335 ναῷ
587 5266 695 5316 τῶν
725 5263 920 5336 Ἀγίων
952 5260 1330 5321 ’Λποστόλων.

877 5352 1060 5408 ΜΙῙΝΙ
1091 5356 1175 5405 ΤΩ
1208 5354 1408 5409 ΑΥΤΩ.

1138 5441 1218 5494 ΙΘ¹

456 5528 730 5601 Ἀθλησις
760 5532 863 5583 τοῦ
896 5530 1056 5603 ᾅγιου
1088 5527 1307 5603 satae,
1337 5531 1428 5584 καὶ
1482 5534 1591 5586 τῶν
1626 5531 1717 5585 σὺν
1749 5531 1896 5603 αὐτῷ

892 5600 1083 5656 έκατὸν
1115 5600 1282 5656 εἷ’κοσι
1314 5603 1510 5676 ἁγίων.

429 5690 629 5756 Σαδὼθ
660 5692 689 5747 ὁ
722 5689 924 5767 μάρτυς
949 5690 1193 5765 ὑπῆρχεν
1246 5690 1337 5746 ἐπὶ
1387 5686 1676 5769 Σαόωρίου
1730 5691 2000 5768 βασιλέως

2100 4635 2332 4707 philum
2363 4630 2679 4704 quemdam
2694 4629 3063 4697 Praefectum,
3099 4629 3198 4701 qui
3230 4630 3292 4683 in
3322 4629 3619 4685 Christum
3634 4645 3754 4683 cre-

2102 4722 2620 4791 diderat,dictante
2635 4719 2749 4774 sibi
2780 4724 2983 4775 sancto
3002 4721 3173 4774 Petro
3205 4720 3472 4791 apostolo
3499 4736 3513 4774 :
3539 4718 3753 4774 deinde

2102 4812 2508 4887 apostolorum
2544 4814 2685 4864 Acta
2710 4808 2783 4863 ad
2840 4808 3115 4863 eumdem
3166 4809 3576 4880 Theophilum.
3618 4808 3759 4861 Post

2103 4905 2230 4958 haac
2260 4902 2322 4956 in
2352 4916 2495 4973 pace
2528 4900 2790 4955 animam
2822 4900 2939 4953 Deo
2989 4898 3253 4955 tradidit.
3310 4899 3500 4953 Sacrm
3531 4914 3665 4951 vero
3699 4900 3758 4951 et

2104 4992 2378 5065 pretiosas
2433 4990 2561 5062 ejus
2618 4988 2887 5060 reliquiaa
2917 4989 3131 5043 Thebis
3179 4987 3441 5058 primum
3484 4985 3753 5057 sepultae,

2104 5081 2483 5156 postmodum
2536 5079 2675 5135 inde
2703 5077 3281 5148 Constantinopolim
3314 5076 3635 5143 translataz,
3693 5074 3754 5128 in

2106 5174 2453 5228 Sanctorum
2485 5168 2904 5241 Apostolorum
2936 5166 3157 5237 templo
3190 5164 3445 5221 conditae
3492 5163 3755 5219 fuerunt.

2669 5347 2911 5403 EODEM
2941 5346 3192 5401 MENSE.

2677 5438 2781 5491 Die
2813 5436 3041 5491 decima
3061 5451 3222 5490 nona

2111 5530 2266 5585 126
2293 5529 2581 5583 Certamen
2611 5529 2788 5583 sancti
2815 5527 3075 5595 martyris
3103 5525 3327 5594 Sadoth,
3358 5529 3411 5578 et
3452 5529 3765 5578 sanctorum

2568 5605 2783 5654 centum
2801 5597 3007 5667 viginti
3018 5598 3307 5653 sociorum.

2183 5690 2401 5747 Sadoth
2430 5694 2677 5762 martyr,
2707 5689 2925 5759 Sapore
2964 5688 3279 5743 Persarum
3336 5700 3492 5756 rege,
3526 5680 3758 5736 claruit.
