4030 6196
312 369 430 430 115

1632 344 2052 410 MENOLOGll
2101 345 2303 404 PARS
2347 343 2392 404 1.

3605 343 3722 401 116

314 499 666 558 Christiana
698 499 896 551 autem
929 492 1065 547 ﬁdei
1115 505 1293 545 causa
1339 485 1831 557 comprehensus,
1864 477 1969 534 ad-
2001 523 2009 542 λ

2120 478 2328 546 [ερσῶψ
2363 471 2452 529 διὰ
2503 473 2561 530 δὲ
2607 477 2708 543 τὴν
2769 477 2845 537 εἰς
2899 475 3128 549 Χριστὸν
3179 475 3360 529 πίστιν
3419 472 3732 548 κρατηθεὶς,

317 592 648 659 ductusque
676 585 749 640 ad
780 583 1054 639 eumdem
1088 594 1452 651 regemcum
1486 576 1683 648 ignem
1730 570 1978 626 adorare

321 683 528 743 nollet,
554 657 902 749 gravissime
933 670 1214 726 caeditur:
1249 674 1375 722 tum
1407 673 1541 721 cute
1573 682 1606 719 a
1652 663 1847 717 fronte
1907 657 1982 713 ad

322 771 506 844 pedes
536 769 755 831 inusta,
773 763 963 832 deque
997 760 1126 830 ejus
1147 757 1304 827 pelle
1329 757 1454 810 loro
1475 754 1642 826 digiti
1663 750 1982 807 latitudine

323 861 612 922 detracto,
645 854 862 907 iterum
893 848 1132 903 bubulis
1176 846 1371 902 nervis
1404 845 1720 908 laceratus,
1807 854 1985 910 super

326 948 546 1018 spinas,
571 943 817 1013 ligna,et
839 953 981 992 saxa
1009 935 1356 992 acutissima
1386 933 1582 988 nudus
1599 929 1982 1002 pertrahitur.

326 1017 550 1091 ﬁeinde
581 1029 781 1101 digitis
813 1025 1174 1083 articulatim
1236 1023 1530 1089 dissectis,
1562 1021 1624 1074 in
1683 1017 1984 1074 cochleam

326 1122 526 1179 hastili
559 1119 805 1193 cogitur.
841 1119 1136 1171 Praaterea
1186 1111 1580 1168 candentibus
1638 1107 1866 1162 subulis
1923 1107 1986 1160 in

325 1213 558 1282 reliquo
589 1223 836 1280 corpore
867 1205 1178 1260 fodicatur.
1211 1205 1340 1256 Mox
1371 1201 1602 1254 inverso
1632 1197 1824 1268 capite
1848 1212 1986 1250 sus-

327 1301 630 1374 penditur,
663 1297 836 1367 eique
869 1295 1072 1365 lingua
1102 1290 1464 1362 praaciditur.
1498 1287 1677 1359 Cujus
1707 1291 1986 1341 constan-

329 1373 474 1445 tiam
501 1386 772 1442 homines
795 1381 959 1437 mille
975 1380 1217 1436 ducenti
1237 1377 1612 1450 septuaginta
1639 1373 1986 1444 conspicati,

333 1479 396 1533 in
429 1493 560 1532 eam
591 1474 936 1546 opinionem
966 1485 1203 1537 venere,
1236 1468 1353 1522 nisi
1386 1481 1732 1538 magnarum
1787 1479 1986 1517 rerum

337 1584 503 1640 spem
544 1565 808 1631 haberet,
865 1579 1000 1618 eum
1055 1565 1218 1615 tanta
1276 1557 1540 1629 perferre
1594 1572 1716 1611 non
1790 1569 1986 1625 posse.

337 1655 732 1723 Quamobrem
756 1651 969 1706 Christi
997 1648 1175 1704 ﬁdem
1207 1645 1554 1718 amplexi,in
1583 1642 1818 1698 vincula
1846 1657 1990 1696 con-

330 1746 643 1818 jiciuntur.
679 1741 896 1798 Sadoth
925 1756 1061 1795 vero
1091 1738 1307 1811 gratias
1340 1737 1454 1790 Deo
1481 1751 1682 1806 agens,
1707 1749 1827 1788 una
1854 1746 1989 1786 cum

339 1840 580 1892 centum
610 1832 813 1906 viginti
841 1830 1060 1886 sanctis
1093 1828 1284 1899 capite
1315 1824 1616 1898 plectitur,

1003 2099 1224 2156 Eodem
1254 2097 1350 2154 die

349 2215 499 2271 127
543 2211 994 2270 Commemoratio
1059 2209 1238 2264 sancti
1290 2206 1474 2260 Patris
1554 2199 1730 2257 nostri
1781 2199 2004 2269 Amphi-

843 2298 1030 2365 lochii,
1061 2297 1302 2367 episcopi
1332 2293 1522 2349 Iconii.

421 2412 525 2466 Hic
550 2426 672 2466 non
703 2407 972 2462 mortalis
1001 2405 1374 2476 cujusquam,
1403 2399 1508 2456 sed
1537 2403 1876 2454 sanctorum
1900 2412 2007 2450 an-

350 2501 618 2574 gelorum
685 2495 960 2551 manibus
1017 2493 1326 2548 ordinatus
1400 2489 1584 2545 Iconii
1669 2487 2005 2558 episcopus,

353 2586 678 2645 commilito
705 2589 1044 2640 sanctorum
1066 2583 1307 2636 Patrum
1329 2578 1530 2634 Basilii
1561 2575 1772 2648 Magni,
1789 2575 2007 2644 Grego-

357 2677 432 2732 rii
459 2673 754 2746 Theologi,
793 2678 850 2727 et
878 2670 1137 2739 Gregorii
1170 2668 1438 2739 Nysseni,
1469 2665 1750 2721 adversus
1778 2662 2006 2722 Arium,

355 2763 733 2828 Eunomium,
760 2767 817 2816 et
841 2761 1054 2815 horum
1084 2757 1311 2813 similes
1341 2754 1727 2810 hazreticosin
1757 2752 1882 2806 acie
1901 2755 2012 2805 ste-

355 2854 462 2920 tit;
489 2852 589 2923 qui
621 2866 757 2905 cum
812 2849 886 2904 ad
935 2846 1246 2902 Theodosii
1299 2842 1496 2916 magni
1527 2847 1797 2912 tempora
1822 2837 2011 2892 vixis-

359 2950 470 3010 set,
500 2948 677 3014 atque
709 2941 781 2996 ab
805 2957 872 2995 eo
904 2938 976 2994 ad
995 2937 1352 2993 coercendas
1384 2935 1737 2989 Arianorum
1769 2931 1830 2984 in
1855 2928 2014 2984 urbi.

357 3032 472 3088 bus
496 3046 750 3102 synaxes
779 3028 967 3083 lectus
1000 3031 1174 3088 esset,
1207 3031 1348 3078 tunc
1378 3021 1620 3093 quidem
1655 3016 2013 3090 supersedit,

359 3121 518 3192 quod
551 3121 876 3190 imperator
903 3119 1227 3178 vereretur,
1261 3129 1335 3167 ne
1368 3127 1438 3166 ea
1466 3127 1562 3164 res
1591 3123 1838 3180 magnos
1859 3103 2016 3160 exci-

2086 565 2176 617 καὶ
2225 565 2561 638 προσαχθεὶς
2645 564 2812 637 αὐτῷ’
2875 563 2966 619 καὶ
3023 566 3097 636 μή
3156 563 3394 626 πεισθεὶς
3443 567 3730 638 λατρεῦσαι

2085 658 2166 724 τῷ
2237 654 2391 725 πυρὶ,
2473 654 2726 710 τύπτεται
2801 655 3062 720 ἀνηλεῶς
3122 653 3212 709 καὶ
3286 654 3614 729 χαράσσεται
3671 655 3734 709 τὸ

2090 740 2265 818 δέρμα
2293 742 2480 814 αύτοῦ,
2513 744 2619 798 ἀπὸ
2699 745 2798 799 τοῦ
2861 743 3115 817 μετώπου
3169 745 3336 818 μέχρι
3367 747 3474 797 τῶν
3525 740 3731 798 ποδῶν.

2091 833 2194 890 Καὶ
2225 829 2498 906 ἐκδὲρεται
2543 833 2648 888 ἀπὸ
2703 837 2800 888 τοῦ
2855 831 3125 907 δέρματος
3181 831 3343 887 αὐτοῦ
3403 831 3584 905 λῶρος
3641 830 3739 886 δα-

2089 920 2294 976 κτύλου
2324 921 2388 975 τὸ
2418 919 2648 983 πλάτος.
2685 922 2781 978 Καὶ
2812 921 2976 976 πάλιν
3034 921 3289 976 τύπτεται
3353 920 3487 993 μετᾶ
3544 919 3740 995 βοείων

2093 1007 2336 1084 λωρίων,
2385 1009 2482 1063 Καὶ
2537 1009 2622 1064 ἐπὶ
2685 1011 2948 1079 ἀκανθῶν,
3008 1010 3098 1064 καὶ
3149 1009 3347 1080 ξύλων,
3409 1010 3498 1063 καὶ
3540 1006 3734 1072 ’λίθων

2094 1099 2258 1172 ὀξέων
2305 1101 2522 1175 σύρεται
2569 1099 2796 1176 γυμνός.
2857 1103 2992 1156 Εἶτα
3039 1101 3291 1172 τέμνεται
3347 1097 3478 1159 τοὺς
3538 1095 3736 1152 δακτύ-

2093 1185 2223 1248 λους
2251 1189 2367 1243 κατ’
2398 1188 2699 1262 ἂρμόν.Καὶ
2732 1183 3031 1260 ἐμϐληθεὶς
3062 1187 3139 1249 εἲς
3198 1185 3430 1260 κοχλίαν
3471 1183 3560 1241 διὰ
3612 1208 3737 1241 στυ-

2095 1277 2289 1352 ρακίου
2319 1276 2759 1352 κατασφίγγεται.
2795 1277 2896 1333 Καὶ
2932 1276 3065 1349 μετὰ
3124 1279 3292 1330 ταῦτα
3339 1269 3620 1337 σουϐλίοις
3648 1297 3742 1330 πε-

2093 1368 2444 1442 πυρωμένοις
2473 1365 2534 1421 τὸ
2570 1363 2892 1443 ὑπολειφθὲν
2938 1367 3100 1438 σῶμα
3155 1370 3580 1422 κατακεντεῖται.
3633 1366 3741 1421 Καὶ

2093 1455 2413 1530 κρεμασθεὶς
2470 1455 2607 1510 κατὰ
2661 1455 2926 1528 κεφαλῆς,
2999 1456 3098 1523 τὴν
3156 1453 3410 1529 γλῶσσαν
3488 1453 3743 1528 ἐκτέμνε-

2092 1565 2204 1603 ται.
2239 1544 2342 1601 Καὶ
2369 1540 2575 1606 ἰδόντες
2605 1546 2706 1612 τήν
2743 1543 3024 1620 καρτερίαν
3058 1544 3224 1599 αὐτοῦ
3255 1542 3436 1618 χίλιοι
3468 1540 3738 1598 διακόσιοι

2097 1629 2479 1706 ἑϐδομήκοντα
2553 1631 2762 1706 ἄνδρες,
2815 1635 2900 1688 καὶ
2962 1633 3308 1703 ἐννοήσαντες
3369 1630 3474 1704 ὅτι,
3553 1631 3598 1686 εί
3659 1634 3736 1706 μὴ

2099 1723 2216 1778 εἶχε
2274 1721 2518 1797 μεγάλας
2575 1719 2824 1790 ἐλπίδας,
2884 1721 2982 1776 οὐκ
3065 1719 3125 1776 ἄν
3183 1725 3406 1776 τοιαῦτα
3457 1717 3738 1794 ὑπέμενεν,

2020 1811 2407 1912 Βἐπίστευσαν
2469 1811 2547 1874 εἷς
2601 1814 2692 1866 τὸν
2775 1811 3028 1887 Χριστόν.
3088 1811 3187 1866 Καὶ
3245 1809 3618 1885 παρεδόθησαν
3669 1813 3740 1879 τῇ

2104 1903 2344 1978 φυλακῇ.
2379 1903 2555 1964 Αὐτὸς
2588 1899 2668 1970 δὲ,
2700 1901 3037 1976 εὐχαριστῶν
3067 1905 3147 1974 τῷ
3178 1906 3312 1973 Θεῷ,
3365 1902 3465 1969 τὴν
3495 1900 3740 1977 κεφαλὴν

2104 1992 2418 2067 ἀπετμήθη,
2454 1991 2546 2045 σὺν
2577 1991 2784 2066 ἑτέροις
2815 1990 2986 2066 ἁγίοις
3017 1991 3204 2047 ἑκατὸν
3224 1992 3422 2049 εἳκοσι.

2704 2084 2780 2155 Τῇ
2808 2081 2944 2146 αὐτῆ
2967 2080 3149 2157 ἡμέρᾳ

2250 2189 2455 2260 Μνήμη
2485 2190 2582 2241 τοῦ
2605 2184 2656 2240 ἐν
2685 2187 2864 2260 ἁγίοις
2893 2187 3104 2263 ΙΙατρὸς
3135 2188 3298 2259 ἡμῶν
3328 2184 3606 2260 Ἀμφιλο-

2553 2276 2705 2345 χίου,
2729 2274 3026 2332 ἐπισκόπου
3059 2277 3306 2334 Ἰκονίου.

2181 2385 2349 2445 Οὗτος
2431 2383 2840 2457 προχειρίζεται
2947 2382 3240 2444 ἐπίσκοπος
3341 2380 3586 2451 Ἰκονίου,
3672 2379 3754 2457 ἐφ’

2110 2474 2284 2548 ἁγίων
2313 2471 2585 2548 ἀγγέλων,
2636 2471 2736 2526 ούκ
2791 2471 3131 2547 ἀνθρωπίνης
3189 2471 3398 2548 χειρός.
3459 2478 3761 2545 Συναγωνι-

2112 2565 2244 2631 στὴς
2271 2559 2328 2617 δὲ
2355 2561 2646 2637 γενόμενος
2671 2566 2779 2615 τῶν
2807 2561 2972 2634 ἁγίων
3007 2561 3257 2638 Πατὲρων
3317 2558 3609 2617 Βασιλείου
3660 2563 3758 2613 τοῦ

2115 2651 2396 2726 Μεγάλου,
2455 2649 2763 2726 Γρηγορίου
2809 2655 2908 2704 τοῦ
2955 2647 3251 2725 Θεολόγου,
3308 2649 3398 2704 καὶ
3451 2649 3758 2724 Γρηγορίου

2114 2745 2212 2796 τοῦ
2244 2738 2480 2810 Νύσσης,
2509 2739 2646 2794 κατὰ
2673 2744 2781 2794 τῶν
2814 2740 3101 2815 αἱρετικῶν
3133 2739 3489 2812 παρετάξατο,
3537 2739 3761 2810 Ἀρείου

2116 2830 2206 2885 καὶ
2267 2829 2565 2903 Εύνομίου,
2623 2829 2715 2884 καὶ
2771 2834 2879 2884 τῶν
2962 2829 3194 2902 ὁμοίων.
3252 2829 3528 2904 Παρετάθη
3589 2825 3648 2882 δὲ
3725 2828 3760 2896 ἢ

2123 2921 2236 2989 ζωὴ
2268 2918 2432 2974 αὐτοῦ
2467 2919 2631 2994 μέχρι
2659 2915 2952 2974 Θεοδοσίου
3017 2923 3113 2974 τοῦ
3170 2916 3450 2994 Μεγάλου.
3515 2919 3614 2976 ⁸ον
3671 2916 3765 2972 καὶ

2121 3007 2323 3079 ἠξίωσε
2351 3006 2596 3063 κωλύσαι
2643 3012 2752 3062 τῶν
2832 3009 3122 3080 Ἀρειανῶν
3181 3008 3277 3070 τὰς
3334 3007 3388 3062 ἐν
3421 3012 3540 3068 ταῖς
3569 3005 3764 3061 πόλεσι

2124 3098 2377 3168 συνάξεις.
2413 3095 2557 3170 Βαρὺ
2612 3095 2669 3150 δὲ
2727 3096 3048 3169 νομίσαντος
3104 3100 3266 3151 τοῦτο
3320 3099 3416 3150 τοῦ
3471 3093 3764 3170 βασιλέως,

359 3181 511 3266 taret
541 3181 852 3264 tumultus.
886 3205 999 3260 Sed
1037 3208 1244 3276 postea
1271 3218 1405 3256 cum
1437 3198 1694 3271 quadam
1725 3197 1797 3252 de
1828 3209 2007 3253 causa

2128 3185 2216 3242 διὰ
2237 3188 2337 3255 τήν
2391 3186 2666 3260 ταραχὴν,
2722 3185 2846 3240 τότε
2905 3185 3000 3257 μὶν
3050 3185 3347 3260 ἡσύχασεν.
3403 3187 3654 3258 Ὕστερον
3710 3181 3768 3239 δὲ

357 3301 777 3372 imperatorem
834 3292 1230 3350 Theodosium
1281 3291 1674 3354 convenisset,
1723 3289 2015 3359 illumque

361 3387 575 3454 solum,
610 3382 860 3439 Arcadio
893 3381 1038 3450 ﬁlio,
1073 3379 1174 3452 qui
1206 3395 1389 3451 prope
1420 3376 1738 3442 assidebat,
1770 3381 2012 3448 praster-

358 3477 561 3540 misso,
587 3474 912 3538 adorasset,
936 3477 1198 3543 rogatus,
1233 3485 1410 3541 quam
1433 3467 1505 3523 ob
1528 3484 1652 3522 rem
1673 3465 1730 3520 id
1773 3466 2014 3528 faceret,

359 3563 706 3636 respondit:
736 3560 1246 3627 Quemadmodum
1278 3565 1339 3613 tu
1373 3559 1715 3628 imperator,
1775 3555 2017 3626 indigne

356 3653 499 3719 fers,
529 3651 578 3705 si
609 3668 730 3705 non
769 3651 928 3705 idem
960 3648 1213 3719 tilio,qui
1243 3646 1567 3711 tibi,honor
1587 3644 1910 3710 habeatur;
1936 3643 2020 3697 sic

377 3746 435 3794 et
465 3741 580 3794 Deo
612 3739 769 3793 Patri
794 3738 1077 3809 injuriam
1127 3737 1254 3791 ﬁeri
1288 3735 1522 3802 scito,si
1556 3733 1688 3803 quis
1717 3733 1932 3786 Filium
1963 3736 2024 3786 et

370 3827 627 3881 Verbum
681 3825 1043 3880 contumelia
1090 3823 1294 3878 afficit.
1355 3821 1577 3886 Quibus
1615 3819 1808 3875 verbis
1840 3821 2023 3874 movit

367 3917 514 3970 adeo
547 3917 989 3985 imperatorem,
1021 3917 1088 3965 ut
1116 3911 1188 3965 de
1219 3910 1381 3963 illius
1412 3909 1707 3963 sententia
1736 3908 2022 3962 acvolun-

364 4009 482 4059 tate
514 4019 641 4058 rem
669 4001 1192 4057 confecerit.Hunc
1223 3998 1285 4052 in
1307 3997 1548 4052 modum
1579 4001 1875 4051 transacta
1888 4013 2022 4052 cum

372 4094 592 4165 pietate
618 4092 752 4160 vita,
779 4091 851 4145 ad
883 4089 1202 4145 Dominum
1241 4086 1528 4160 migravit.

1021 4205 1242 4261 Eodem
1274 4204 1370 4260 die

369 4327 530 4384 I28
583 4324 1034 4384 Commemoratio
1091 4325 1268 4381 sancti
1324 4329 1376 4378 et
1451 4322 1679 4392 gloriosi
1729 4320 2026 4392 propheta

1145 4413 1332 4470 Joelis.

446 4525 550 4579 Hic
578 4524 689 4578 fuit
719 4541 787 4578 ex
827 4523 1041 4578 Judaaaa
1091 4522 1349 4594 regione.
1413 4519 1787 4575 Voluntatem
1829 4522 2026 4572 autem

2122 3277 2258 3331 κατὰ
2291 3296 2412 3329 τινα
2471 3274 2660 3350 χρείαν
2718 3272 2976 3330 εἷσελθὼν
3034 3274 3170 3346 πρὸς
3223 3273 3314 3329 τὸν
3381 3271 3625 3350 βασιλέα,
3674 3274 3768 3328 καὶ

2119 3367 2213 3421 τὸν
2244 3364 2362 3418 υἱόν
2392 3364 2560 3418 αὐτοῦ
2620 3361 2908 3437 Ἀρκάδων
2970 3361 3100 3417 ἰδὼν
3157 3367 3236 3434 τῷ
3291 3363 3454 3437 πατρὶ
3505 3365 3772 3436 συγκαθήο

2127 3475 2310 3528 μενον,
2338 3453 2430 3508 τὸν
2459 3453 2551 3525 μὶν
2585 3449 2874 3507 Θεοδόσιον
2929 3452 3321 3527 προσεκύνησε⁵
3378 3451 3472 3506 τὸν
3539 3448 3595 3506 δὲ
3652 3452 3770 3506 υἱὸν

2123 3540 2393 3617 παρῆλθε.
2427 3543 2536 3598 Τοῦ
2568 3537 2624 3594 δὲ
2658 3541 2925 3616 βασιλέως
2956 3541 3223 3602 εἰπόντος·
3252 3543 3365 3595 Ἰνα
3401 3546 3452 3594 τί
3499 3541 3590 3595 τὸν
3647 3539 3766 3595 υἱόν

2135 3654 2241 3708 μου
2278 3629 2640 3706 παρὲδραμες·
2702 3624 2826 3707 ἔφη·
2889 3635 3083 3702 Γνῶθι,
3147 3630 3392 3706 βασιλεῦ,
3448 3632 3531 3685 δτι
3592 3629 3776 3705 ὥσπερ

2133 3723 2196 3778 σὺ
2254 3721 2634 3796 ἠγανάκτησας
2690 3725 2788 3775 τοῦ
2844 3722 2967 3776 υἱοῦ
3042 3715 3554 3794 παραϐλεπομένου,
3631 3719 3777 3775 οὕτω

2129 3811 2276 3867 καὶὸ
2333 3811 2461 3872 Θεὸς
2506 3811 2593 3865 καὶ
2659 3810 2868 3886 Πατὴρ,
2909 3813 3007 3864 τοῦ
3065 3810 3194 3864 Υἱοῦ
3251 3809 3340 3864 καὶ
3393 3809 3570 3883 Λόγου
3631 3803 3784 3883 ὑϐρι-

2135 3898 2383 3972 ζομένου.
2417 3901 2574 3955 ’Ὀθεν
2607 3898 2898 3963 πεισθεὶςὸ
2959 3896 3235 3973 βασιλεὺς,
3288 3897 3508 3963 ἐποίησε
3563 3897 3625 3951 τὸ
3680 3901 3782 3952 τοῦ

2131 3985 2285 4059 ἁγίου
2318 3985 2560 4058 θέλημα.
2585 3985 2740 4040 Οὕτω
2771 3984 2829 4041 δὲ
2861 3987 3030 4055 ζήσας
3067 3983 3326 4056 εὐσεϐῶς,
3378 3987 3516 4062 πρὸς
3575 3985 3781 4060 Κύριον

2131 4071 2281 4145 ἐξεδή
2293 4094 2458 4146 μησεν
2469 4115 2482 4131 .

2703 4193 2784 4264 Τῇ
2845 4191 2984 4265 αὐτῇ
3025 4192 3206 4266 ἡμέρᾳ

2205 4311 2415 4384 Μνήμη
2448 4313 2548 4363 τοῦ
2594 4309 2748 4383 ἁγίου
2803 4308 2892 4364 καὶ
2953 4307 3166 4381 ἐνδόξου
3197 4313 3483 4388 προφήτου
3515 4310 3704 4381 Ἰωήλ.

2209 4520 2381 4581 Οὗτος
2411 4520 2627 4593 ὑπῆρχε
2683 4519 2742 4574 ἐκ
2770 4526 2872 4588 τῆς
2932 4516 3197 4582 Ἰουδαίας
3246 4520 3456 4594 χώρας·
3502 4524 3675 4575 ποιῶν
3723 4517 3788 4576 δὲ

371 4613 605 4668 Domini
635 4628 987 4682 exsequens.
1020 4579 1346 4682 prophetia
1377 4609 1602 4665 donum
1651 4607 1898 4679 accepit.
1960 4609 2002 4660 E

2133 4611 2196 4666 τὸ
2252 4579 2470 4682 θέλημα
2508 4579 2740 4683 ᾖορίου,
2827 4579 2993 4663 ἔλαϐε
3075 4579 3431 4684 προιρητείαςν
3485 4611 3735 4684 χάρισμα
3767 4629 3782 4642 ·

369 4703 487 4758 alia
517 4702 758 4773 quidem
790 4701 996 4767 multa,
1011 4700 1114 4754 sed
1143 4701 1315 4772 longe
1346 4699 1517 4770 plura
1539 4697 1610 4753 de
1631 4699 1860 4754 Christo
1886 4713 2027 4768 pro-

374 4791 653 4864 phetavit,
687 4789 846 4860 quod
878 4788 1104 4844 scilicet
1129 4805 1198 4842 ex
1213 4789 1448 4860 Virgine
1479 4788 1816 4842 nasciturus
1846 4791 2023 4858 esset.

379 4880 495 4936 Sed
526 4885 584 4934 et
639 4879 712 4933 de
768 4878 987 4949 Spiritu
1045 4882 1249 4932 sancto
1306 4877 1656 4932 vaticinatus
1689 4881 1797 4943 est,
1849 4891 2026 4946 quem

383 4969 569 5025 sancti
612 4966 922 5023 duodecim
973 4965 1225 5037 apostoli
1274 4965 1336 5020 in
1388 4981 1600 5037 magno
1651 4965 2028 5019 Pentecostes

380 5060 532 5115 festo
565 5061 942 5129 acceperunt,
991 5055 1269 5126 inquiens
1304 5071 1316 5108 :
1351 5057 1481 5110 Haec
1527 5055 1665 5108 dicit
1721 5053 1984 5108 Dominus
2013 5069 2026 5107 :

380 5151 448 5204 Et
477 5149 581 5202 erit
636 5146 697 5201 in
750 5144 1056 5200 novissimis
1103 5144 1312 5212 diebus,
1362 5143 1646 5214 effundam
1695 5143 1762 5197 de
1814 5141 2032 5212 Spiritu

381 5254 497 5292 meo
526 5253 692 5306 super
717 5251 925 5289 omnem
955 5250 1192 5300 carnem,
1226 5239 1277 5287 et
1293 5233 1702 5303 prophetabunt
1728 5233 1834 5300 ﬁlii
1846 5232 2030 5291 vestri.

380 5333 430 5382 et
457 5327 594 5394 ﬁliae
621 5332 830 5379 vestrm.
864 5322 1029 5388 Quod
1061 5329 1119 5377 et
1165 5322 1412 5393 contigit
1441 5338 1453 5375 :
1485 5338 1624 5376 nam
1655 5338 1788 5376 cum
1846 5321 1906 5375 in
1935 5337 2036 5375 su-

2135 4697 2506 4772 προεφήτευσε
2536 4692 2594 4749 δὲ
2637 4694 2726 4749 καὶ
2785 4693 2932 4749 ἀλλὰ
2991 4695 3088 4766 μὲν
3143 4694 3352 4769 πολλὰ,
3409 4694 3640 4751 πλείονα
3725 4694 3787 4751 δὲ

2135 4787 2259 4862 περὶ
2315 4789 2412 4841 τοῦ
2464 4789 2717 4859 Χριστοῦ·
2769 4785 2851 4840 ὅτι
2906 4784 3098 4858 μέλλει
3149 4788 3471 4858 γεννηθῆναι
3530 4785 3590 4841 ἐκ
3644 4793 3787 4859 Hap-

2139 4877 2317 4930 θὲνουο
2353 4873 2431 4930 ἔτι
2464 4871 2522 4928 δὲ
2550 4873 2793 4949 καὶπερὶ
2832 4878 2930 4928 τοῦ
2971 4874 3122 4948 ἁγίου
3181 4874 3520 4948 Πνεύματος,
3567 4877 3597 4931 ’ὀ
3656 4871 3790 4930 ἕλα-

2139 4960 2234 5020 6ον
2324 4965 2381 5018 οἱ
2455 4964 2602 5037 ἅγιοι
2684 4959 2896 5017 δώδεκα
2979 4961 3282 5018 ἀπόστολοι
3341 4965 3394 5020 ἐν
3445 4968 3510 5038 τῇ
3571 4963 3787 5040 μεγάλῃ

2139 5054 2302 5127 ἑορτῇ
2359 5058 2462 5118 τῆς
2523 5056 2921 5120 Πεντηκοστῆςο
2977 5050 3168 5105 εἰπών’
3226 5054 3345 5106 ’Ότι
3425 5049 3552 5107 τάδε
3636 5051 3792 5129 λέγει

2139 5142 2363 5216 Κύριος⁶
2451 5140 2546 5193 Καὶ
2643 5133 2788 5193 ἔσται
2876 5137 2928 5192 ἐν
2995 5144 3115 5203 ταῖς
3201 5139 3460 5216 ἐσχάταις
3527 5141 3786 5216 ἡμέραις·

2141 5227 2316 5284 ἐκχεῶ
2374 5227 2480 5282 ἀπὸ
2509 5231 2604 5281 τοῦ
2659 5225 2971 5299 ιΙνεύματός
3031 5249 3136 5300 μου
3213 5228 3300 5283 ἐπὶ
3356 5236 3528 5285 πᾶσαν
3587 5235 3786 5305 σάρκα.

2145 5318 2246 5373 Καὶ
2307 5315 2771 5392 προφητεύσουσιν
2834 5317 2887 5369 οἱ
2944 5317 3054 5370 υἱοὶ
3127 5316 3300 5390 ὑμῶν’
3358 5319 3448 5374 καὶ
3505 5320 3560 5373 αἱ
3620 5321 3786 5396 θυγα-

382 5414 616 5485 periore
646 5411 857 5466 domus
879 5415 1044 5482 parte
1057 5409 1334 5465 sederent
1352 5410 1538 5465 sancti
1569 5409 1925 5481 Apostoli,in
1941 5409 2009 5463 di«

2140 5406 2290 5478 τὲρες
2351 5405 2525 5477 ὑμῶν.
2580 5405 2646 5460 Ὀ
2703 5401 2769 5474 δὴ
2821 5403 2910 5459 καὶ
2963 5407 3172 5482 γέγονε.
3243 5407 3627 5482 Καθεζομὲνων
3685 5411 3791 5486 γὰρ

388 5506 787 5566 Pentecostes,
820 5500 967 5554 hora
1009 5499 1181 5553 tertia
1228 5499 1366 5566 diei,
1420 5499 1730 5554 descendit
1785 5498 2037 5569 Spiritus

384 5597 622 5649 sanctus
647 5590 705 5643 in
741 5589 936 5660 specie
968 5588 1302 5659 linguarum
1321 5587 2036 5660 ignearum,conseditque

387 5696 566 5752 super
597 5676 858 5750 singulos
889 5693 1116 5743 eorum,
1171 5676 1452 5747 deditque
1507 5677 1592 5731 eis
1643 5675 1806 5731 varia
1834 5675 2034 5731 dona:

2144 5501 2253 5552 τῶν
2283 5494 2450 5570 ἆγίων
2482 5491 2803 5548 ἀποστόλων
2862 5494 2914 5550 ἐν
2997 5501 3078 5568 τῷ
3132 5497 3362 5570 ὑπερώῳ
3418 5498 3682 5572 οἰκήματι
3735 5499 3789 5555 ἐν

2146 5588 2213 5658 τῇ
2246 5585 2428 5658 ἡμέρᾳ
2455 5590 2553 5652 τῆς
2585 5589 2982 5655 Πεντηκοστῆς,
3043 5587 3159 5660 ὥρᾳ
3203 5585 3360 5662 τρίτῃ
3421 5593 3521 5656 τῆς
3549 5588 3788 5662 ἡμέρας,

2147 5669 2386 5741 κατῆλθε
2412 5674 2474 5728 τὸ
2505 5676 2722 5747 Πνεῦμα
2747 5673 2811 5728 τὸ
2841 5675 2996 5749 ἅγιον
3050 5672 3102 5729 ἐν
3157 5673 3289 5730 εἷ’δει
3335 5675 3571 5753 πυρίνων
3608 5675 3794 5752 γλωσ-
