4042 6206
120 10 419 147 1

120 10 419 147 Ἦ

294 369 425 432 ιιτ

1818 376 2204 443 OCTOBER.

3599 399 3717 459 118

308 501 559 557 σῶν·καί
608 499 845 565 ἐκάθισεν
896 502 982 577 ἐφ’
1038 500 1131 559 ἕνα
1190 500 1414 561 ἕκαστον
1473 506 1668 562 αὑτῶψ
1725 508 1816 562 καὶ
1872 504 1958 564 δέ·

2091 533 2181 572 ιοσ
2209 519 2329 577 illis
2360 523 2574 593 solum,
2607 526 2708 581 sed
2759 532 2816 583 et
2861 527 2955 598 iis,
3007 530 3105 601 qui
3162 530 3306 602 ipsis
3355 547 3715 593 successere.

310 589 478 646 δωκεν
518 593 701 651 αὐτοῖς
762 592 1085 666 χαρίσματα
1144 591 1397 672 διάφορα,
1453 597 1541 651 καὶ
1602 598 1959 673 προφητείας.

312 684 403 736 Sui
452 681 513 735 οὗ
570 682 742 753 μόνον
807 682 1063 752 ἐκείνοις,
1122 684 1271 739 ἀλλὰ
1327 686 1415 740 καὶ
1475 691 1592 748 τοῖς
1653 687 1961 760 μετέπειτα.

306 772 473 826 Ταῦτα
532 768 589 824 δὲ
646 772 1066 849 προφητεύσας,
1124 773 1179 828 ἐν
1238 774 1426 849 εἰρήνῃ
1506 774 1804 849 ἐκοιμήθη,
1870 777 1962 832 καὶ

292 858 450 931 ἰτὲση
478 858 535 913 ἐν
564 864 642 933 τῇ
680 858 801 934 ἰδία

848 980 1036 1035 MHNI
1074 981 1168 1059 To
1207 986 1402 1061 ΑΥΤῼ.

1089 1069 1165 1125 K'.

380 1185 603 1255 Μνήμη
639 1188 741 1237 τοῦ
774 1184 937 1258 ἁγίου
968 1185 1284 1260 Κορνηλίου
1312 1190 1406 1241 τοῦ
1436 1186 1861 1264 ἑκατοντάρχου.

354 1271 683 1344 Κορνήλιος
718 1273 747 1326 ὁ
799 1274 1226 1350 ἑκατοντάρχης,
1292 1277 1537 1352 ὑπῆρχεν
1596 1276 1702 1332 ἀπὸ
1761 1282 1962 1335 Καισα-

283 1361 436 1434 ρείας
478 1368 585 1429 τῆς
646 1362 1043 1433 Ηαλαιστίνης,
1099 1363 1287 1418 ἑκατὸν
1342 1370 1688 1436 στρατιωτῶν
1748 1365 1959 1441 ἂρχων,

284 1450 530 1505 ἐπὶτῶν
596 1450 822 1524 χρόνων
882 1455 987 1505 τῶν
1046 1451 1218 1526 ἁγίων
1274 1452 1619 1508 ἀποστόλων⁵
1680 1453 1827 1516 ὅστις
1871 1455 1959 1510 xui

282 1544 510 1611 πρῶτος
652 1538 814 1593 ἐθνῶν
872 1540 1150 1596 ἐπίστευσε
1204 1545 1284 1613 τῷ
1338 1543 1573 1618 Χριστῷ*
1626 1541 1756 1598 ἷδὼν
1803 1544 1960 1620 γᾶρὸ

289 1629 424 1689 Θεὸς
482 1630 585 1689 τὰς
643 1626 1020 1699 ἐ).εημοσ·5νας
1077 1629 1264 1697 αὑτοῦ,
1323 1628 1384 1693 ἅς
1442 1630 1613 1687 ἐποίει
1696 1632 1775 1694 είς
1834 1632 1963 1697 τοὺς

290 1717 582 1791 πτωχοὺς,
617 1714 977 1789 προσεδέξατο
1011 1717 1195 1776 αὑτόν.
1246 1720 1349 1776 Καὶ
1395 1718 1467 1775 δι’
1524 1722 1761 1797 ἆγγὲΑου
1818 1742 1960 1797 παρ-

294 1807 585 1863 εσκεῦασεν
646 1806 807 1861 αὑτὸν
867 1808 1225 1882 βαπτισθῆναι
1285 1810 1430 1883 παρὰ
1486 1814 1581 1865 τοῦ
1637 1809 1796 1886 ἁγίου
1854 1811 1957 1867 1ῐέ-

2071 607 2335 679 Cumque
2365 613 2490 669 haec
2518 616 2643 670 Joel
2674 618 3106 688 prOphetasset,
3136 620 3196 674 in
3234 637 3376 692 pace
3409 621 3716 679 obdormi-

2068 696 2170 765 vit,
2205 702 2589 776 sepultusque
2621 711 2709 761 est
2740 707 2799 761 in
2830 712 2985 762 terra
3011 723 3135 763 sua.

2620 1001 2859 1058 EODEM
2900 1004 3150 1059 MENSE.

2692 1093 2769 1147 De
2801 1093 3081 1148 vicesima

2141 1203 2293 1258 I29
2328 1203 2779 1262 Commemoratio
2808 1211 2986 1263 sancti
3015 1209 3255 1263 Cornelii
3285 1215 3639 1267 centurionis.

2140 1291 2450 1348 Cornelius
2480 1296 2748 1350 centurio
2780 1314 2850 1351 ex
2878 1301 3147 1353 Caesarea
3204 1299 3535 1354 Palaestinas
3580 1302 3711 1369 fuit,

2069 1385 2310 1435 centum
2342 1382 2601 1438 militum
2634 1385 2933 1456 princeps,
2967 1388 3337 1457 temporibus
3371 1395 3713 1445 sanctorum

2067 1469 2513 1538 apostolorum:
2548 1475 2648 1543 qui
2707 1475 2973 1529 omnium
3023 1475 3333 1548 gentilium
3376 1479 3605 1547 primus
3654 1480 3715 1534 in

2066 1558 2363 1614 Christum
2396 1561 2667 1618 credidit.
2703 1565 2856 1618 Deus
2880 1566 3038 1618 enim
3060 1565 3264 1621 videns
3283 1566 3716 1639 eleemosynas,

2068 1663 2215 1718 quas
2236 1652 2597 1722 pauperibus
2618 1652 2891 1719 faciebat,
2916 1660 3221 1726 acceptum
3247 1672 3377 1710 eum
3400 1657 3626 1723 habuit,
3661 1663 3719 1713 et

2066 1750 2172 1805 per
2192 1738 2467 1809 angelum
2490 1741 2813 1807 monuit,ut
2835 1747 3083 1796 asancto
3109 1744 3280 1798 Petro
3294 1744 3712 1815 baptizaretur.

2066 1823 2286 1901 Deipde
2317 1828 2629 1899 episcopus
2653 1830 2993 1885 Scamandri
3026 1831 3353 1899 ordinatus,
3378 1850 3513 1888 cum
3536 1836 3714 1890 fidem

290 1914 453 1987 γρου.
525 1898 671 1952 Εἶτα
726 1902 1119 1970 χειροτονεῖται
1197 1895 1490 1961 ἐπίσκοπος
1578 1897 1957 1973 Σκαμάνδρου.

2164 1884 2188 1901 .
2354 1880 2369 1898 ι
2400 1880 2435 1881 ri
2458 1880 2469 1882 τ
2492 1880 2547 1899 -r
2568 1880 2625 1884 π*
2654 1880 2993 1885 τντν---ν-νη
3032 1880 3080 1884 ⁷-
3100 1880 3353 1899 *νην-’ἠν
3381 1880 3513 1888 ν’ϋ
3536 1880 3713 1890 ⁸·“ν···

2091 1913 2291 1970 3hristi
2325 1917 2762 1984 disseminaret,
2820 1923 3285 1991 comprehensus
3332 1939 3365 1976 a
3414 1924 3713 1979 Demetrio

314 1992 388 2040 Εν
549 1984 641 2038 καὶ
700 1986 985 2058 κηρύττων
1039 1987 1130 2039 τὸν
1185 1988 1438 2060 Χριστὸν,
1499 1987 1766 2061 ἐκρατήθη
1826 1989 1972 2064 παρὰ

305 2073 646 2148 Δημητρίου
674 2078 771 2127 τοῦ
823 2076 1108 2149 ἄρχοντος.
1171 2076 1272 2131 Καὶ
1327 2076 1736 2153 κατηναγκάσθη
1797 2078 1975 2134 εἰσελ-

304 2170 419 2227 θεῖν
456 2165 539 2225 εἷς
572 2165 668 2218 τὸν
702 2164 825 2217 ναὸν
855 2169 964 2219 τῶν
997 2163 1264 2233 εῗδώλων,
1297 2166 1384 2221 xui
1411 2168 1563 2221 θῦσαι
1592 2168 1704 2240 ἅμα
1732 2173 1809 2240 τῷ
1829 2169 1972 2239 λαῷ,

302 2254 396 2307 καὶ
537 2254 763 2327 γυναικὶ
796 2254 986 2321 αὑτοῦ,
1018 2254 1107 2307 xui
1138 2259 1217 2325 τῷ
1238 2256 1355 2326 υἱῷ·
1388 2253 1720 2318 ἀπελθόντος
1780 2254 1835 2312 δὲ
1882 2256 1972 2311 καὶ

300 2343 752 2415 προσ-ευξαμένου
783 2342 918 2415 πρὸς
948 2343 1037 2396 τὸν
1098 2344 1249 2410 Θεὸν,
1308 2343 1516 2418 ἐγένετο
1577 2346 1824 2418 σεισμὸς,
1883 2345 1973 2400 καὶ

298 2430 495 2485 ἔπεσον
532 2430 601 2484 σὰ
654 2428 882 2501 εἴδωλα,
940 2430 1091 2484 καὶὸ
1122 2430 1275 2492 ναός·
1340 2432 1430 2487 καὶ
1491 2434 1825 2508 συνεκᾶλυψε
1882 2434 1973 2489 τὸν

302 2522 422 2574 υἱὸν
455 2524 559 2574 τοῦ
592 2519 886 2595 ἄρχοντος,
920 2519 1008 2573 καὶ
1038 2521 1137 2589 τήν
1177 2526 1423 2595 γυναῖκα·
1476 2523 1566 2575 καὶ
1616 2517 1788 2576 ἐϐόων
1838 2524 1978 2591 ζῶν-

296 2631 389 2671 τες
421 2610 670 2664 κάτωθεν
724 2611 805 2664 δτι
868 2611 1101 2683 Μέγαςὸ
1134 2610 1284 2671 Θεὸς.
1346 2610 1679 2683 Κορνηλίοω
1730 2614 1976 2686 παρεκά-

302 2697 433 2753 λεσε
466 2697 527 2752 δὲ
570 2698 732 2751 αὐτὸν
763 2700 791 2752 ὁ
821 2698 1032 2773 ἅρχων,
1094 2698 1185 2753 xui
1230 2699 1599 2774 προσηύξατο·
1660 2701 1751 2755 xui
1813 2699 1974 2771 ἐξῆλ-

313 2790 429 2845 θον,
468 2787 578 2842 Καὶ
612 2787 948 2856 ἐπίστευσαν,
980 2789 1011 2841 ὅ
1038 2808 1097 2842 τε
1134 2785 1345 2862 ἅρχων,
1403 2790 1491 2842 xui
1527 2790 1561 2858 ἡ
1594 2791 1729 2864 γυνὴ
1786 2790 1977 2860 αὐτοῦ,

306 2879 401 2932 καὶ
447 2878 597 2942 υἱὸς,
630 2877 720 2931 καὶ
756 2874 944 2953 ἄνδρες
975 2878 1106 2946 Cof.
1158 2878 1246 2932 xui
1300 2878 1473 2940 οὕτως
1530 2876 1582 2933 ἐν
1636 2882 1826 2956 ειρήνῃ
1873 2879 1980 2935 ἐτε-

308 2965 552 3036 λειώθη.

900 3087 983 3159 Τῇ
1025 3085 1164 3159 αὖτῇ
1203 3087 1385 3160 ἡμέρᾳ

308 3176 596 3247 ’Δθλησις
626 3179 725 3231 τοῦ
781 3176 941 3251 ἁγίου
1002 3176 1280 3250 μάρτυρος
1314 3174 1637 3252 ’Δρτεμίου
1693 3182 1792 3233 τοῦ
1846 3191 1976 3244 θαυ-

987 3252 1313 3322 ματουργοῦ.

385 3365 692 3441 Ἀρτέμιος
730 3364 758 3418 ὁ
808 3361 1123 3427 πολύαθλος
1182 3364 1455 3439 ὑπῆρχεν,
1518 3364 1607 3420 ἐπὶ
1664 3373 1763 3437 τῆς
1825 3368 1981 3443 βασι.

314 3453 470 3517 λείας
507 3451 812 3509 Ἰουλιανοῦ
848 3456 946 3508 τοῦ
1007 3448 1348 3528 Παραϐάτου,
1408 3451 1532 3527 δοὺε
1576 3453 1982 3531 Ἀλεξανδρείας

308 3552 415 3613 τῆς
476 3543 789 3617 Αἰγύπτου
850 3540 902 3597 ἐν
954 3547 1072 3606 τοῖς
1126 3544 1439 3617 πατρικίοις
1498 3540 1799 3619 διαπρέψας
1876 3547 1984 3602 ἀπὸ

316 3631 737 3691 Κωνσταντίνου
790 3635 888 3686 τοῦ
946 3631 1202 3708 Μεγάλου
1263 3632 1555 3708 βασιλέωςυ
1640 3634 1871 3696 ἀκούσας
1928 3632 1986 3690 δὲ

316 3722 408 3777 ὅτι
439 3721 745 3781 Ἰουλιανὸς
774 3718 826 3775 ἐν
854 3721 1161 3797 Ἀντιοχείᾳ
1187 3727 1425 3794 τιμωρεῖ
1443 3722 1569 3785 τοὺς
1592 3723 1983 3797 Χριστιανοὺς.

321 3808 652 3884 παρεγένετο
682 3808 819 3882 πρὸς
879 3806 1061 3875 αὑτὸν,
1119 3808 1217 3875 τήν
1276 3806 1616 3882 παρανομίαν
1676 3808 1839 3863 αὐτοῦ
1898 3807 1984 3864 δι-

324 3897 602 3972 ελέγχων.
635 3897 906 3953 Τόπτεται
947 3895 1038 3950 οὖν
1099 3896 1224 3972 παρ’
1281 3897 1449 3951 αὑτοῦ
1503 3896 1837 3972 βουνεὺροις·
1896 3898 1985 3953 καὶ

322 3982 620 4060 τριϐόλοις
656 3985 797 4055 ὀξέσι
826 3985 895 4039 τὰ
925 3984 1033 4059 ψὺα
1061 3987 1252 4057 ξέεται⁶
1284 3985 1371 4039 καὶ
1407 3985 1647 4060 όγκίνοις
1674 3986 1769 4048 τὰς
1818 3986 1984 4042 πλευ-

324 4075 450 4147 ρᾶς,
483 4074 673 4128 καὶτὰ
727 4072 974 4149 βλέφαρα
1029 4078 1448 4128 κατακεντεῖται.
1505 4074 1607 4130 Καὶ
1669 4074 1772 4129 ὑπὸ
1831 4073 1983 4130 λιθο-

324 4164 465 4237 ξόων
529 4164 726 4237 πὲτρας
785 4160 1160 4233 διακοπείσης,
1224 4157 1385 4235 μέσον
1459 4158 1817 4236 ἐμϐάλλεται.
1881 4164 1983 4221 Καὶ

320 4254 432 4308 τῶν
498 4250 595 4307 δύο
660 4257 836 4327 μερῶν
894 4254 1399 4327 συναρμοσθέντων,
1458 4254 1850 4329 συγκρατηθεῖς
1901 4252 1982 4309 ἔν-

320 4340 443 4408 δον,
504 4342 605 4408 τὴν
665 4340 938 4418 ἀφόρητον
1002 4340 1201 4410 ὑπέστη
1260 4340 1549 4416 τιμωρίαν
1611 4338 1982 4413 ἐκϐληθέντων

324 4432 495 4487 αὑτοῦ
526 4434 635 4484 τῶν
673 4428 999 4504 ὀφθαλμῶν,
1024 4430 1114 4483 xui
1145 4433 1251 4484 τῶν
1285 4429 1510 4504 ἐντέρων
1561 4432 1709 4486 κάτω
1757 4429 1985 4487 συνελα-

320 4522 549 4577 θέντων.
584 4517 733 4574 Ἐπεὶ
764 4516 841 4588 δὲ,
878 4518 1011 4591 μετᾶ
1039 4518 1301 4582 τοσαύτας
1346 4519 1635 4596 τιμωρίας,
1695 4519 1792 4575 οὐκ
1838 4520 1980 4576 ἐπεί-

2078 2004 2820 2078 praaside,compulsusque
2840 2009 3131 2063 idolorum
3161 2012 3449 2081 templum
3466 2014 3719 2083 ingredi,

2080 2094 2243 2163 atqui
2268 2093 2347 2148 ibi
2375 2110 2494 2148 una
2515 2112 2649 2149 cum
2676 2097 2914 2167 populo,
2948 2103 3005 2152 et
3032 2115 3235 2165 uxore,
3260 2105 3317 2153 et
3351 2100 3471 2154 tilio
3508 2101 3720 2155 immo-

2080 2181 2227 2248 lare,
2264 2184 2449 2237 oravit
2478 2184 2552 2238 ad
2584 2186 2789 2239 Deum.
2826 2188 2894 2240 Et
2924 2188 3119 2241 statim
3154 2187 3307 2241 facto
3334 2194 3503 2242 terrm
3536 2196 3723 2260 motu,

2081 2270 2462 2342 collapsoque
2494 2289 2629 2327 cum
2662 2274 2838 2329 idolis
2870 2275 3113 2346 templo,
3141 2292 3291 2330 uxor
3320 2284 3377 2331 et
3400 2277 3558 2332 ﬁlius
3581 2296 3729 2349 pra)-

2085 2359 2227 2415 sidis
2251 2359 2444 2415 obruti
2466 2361 2710 2416 fuerunt
2735 2380 2747 2416 :
2783 2364 2997 2433 quibus
3023 2364 3130 2419 sub
3151 2365 3324 2420 ruina
3356 2367 3730 2421 vociferanti-

2081 2448 2211 2518 bus,
2230 2456 2287 2504 et
2306 2467 2587 2522 magnum
2611 2468 2740 2506 esse
2761 2452 3016 2507 Cornelii
3037 2454 3219 2508 Deum
3244 2454 3730 2523 inclamantibus,

2083 2546 2322 2612 rogatus
2353 2558 2387 2596 a
2416 2542 2667 2612 praeside
2700 2544 3027 2605 Cornelius.
3051 2545 3377 2615 precibusa
3400 2547 3516 2601 Deo
3543 2548 3731 2618 impe-

2086 2632 2277 2697 travit,
2311 2637 2377 2685 ut
2406 2632 2543 2686 inde
2578 2633 2909 2688 incolumes
2958 2635 3293 2689 evaderent.
3341 2637 3735 2701 Quamobrem

2085 2719 2421 2774 Demetrius
2452 2737 2585 2775 cum
2619 2738 2820 2790 uxore,
2856 2727 2914 2776 et
2964 2723 3109 2791 tilio,
3169 2729 3225 2779 et
3273 2726 3407 2779 aliis
3465 2726 3738 2781 ducentis

2084 2810 2456 2879 septuaginta
2484 2816 2708 2881 septem
2743 2812 2803 2865 in
2834 2812 3129 2867 Christum
3152 2814 3422 2869 credidit.
3452 2816 3578 2886 ipse
3602 2832 3736 2870 vero

2085 2898 2395 2953 Cornelius
2426 2899 2487 2953 in
2521 2916 2665 2971 pace
2696 2901 2935 2973 quievit.

2736 3107 2957 3163 Eodem
2990 3108 3086 3164 die

2090 3194 2248 3250 180
2298 3195 2584 3251 Certamen
2641 3196 2821 3252 sancti
2876 3200 3141 3267 martyris
3192 3197 3432 3253 Artemii
3488 3200 3740 3255 thauma-

2830 3272 3002 3339 turgi.

2169 3356 2470 3412 Artemius
2502 3354 2707 3411 multis
2755 3358 3182 3413 certaminibus
3240 3358 3455 3426 clarus,
3509 3358 3744 3415 Iuliano

2094 3446 2378 3518 Apostata
2397 3446 2752 3517 imperante,
2777 3446 2893 3501 dux
2917 3446 3288 3502 Alexandria;
3312 3449 3559 3520 Egypti,
3596 3454 3654 3503 et
3683 3450 3747 3505 in

2093 3536 2478 3609 patriciorum
2508 3550 2827 3591 numerum
2858 3554 2892 3592 a
2908 3536 3298 3593 Constantino
3319 3541 3524 3611 Magno
3548 3540 3741 3613 impe-

2094 3630 2291 3682 ratore
2349 3626 2666 3697 ascriptus,
2743 3626 2980 3699 cognita
3060 3626 3277 3682 Juliani
3365 3628 3743 3700 crudelitate,

2095 3732 2273 3787 quam
2303 3714 2366 3770 in
2413 3714 2778 3771 Christianos
2838 3715 3165 3772 Antiochiae
3225 3718 3556 3788 exercebat,
3608 3737 3743 3777 eum

2094 3805 2278 3863 adiit:
2311 3809 2370 3860 et
2398 3804 2702 3875 impietate
2736 3805 2863 3877 ejus
2893 3806 3221 3878 objurgata,
3257 3809 3452 3863 nervis
3500 3809 3743 3866 bubulis

2095 3894 2342 3951 caeditur
2365 3909 2378 3947 :
2398 3898 2525 3948 tum
2555 3893 2775 3949 lumbis
2793 3895 2953 3949 illius
2980 3897 3168 3951 acutis
3195 3897 3427 3953 tribulis
3444 3897 3739 3965 laceratis,

2094 3983 2498 4054 lateribusque
2531 3999 2598 4037 ac
2628 3984 2929 4055 palpebris
2959 3986 3129 4041 uncis
3162 3985 3497 4053 lancinatis,
3544 3989 3737 4043 medio

2095 4090 2234 4128 saxo
2266 4088 2301 4127 a
2328 4072 2583 4144 lapicida
2613 4072 2869 4128 dissecto
2902 4074 3245 4129 includitur.
3293 4075 3520 4131 Deinde
3571 4094 3742 4148 coag-

2094 4162 2375 4217 mentatis
2402 4163 2615 4217 iterum
2647 4163 2914 4233 partibus
2933 4164 3744 4233 compressus,intolerabiles

2095 4252 2474 4307 exilientibus
2504 4251 2714 4315 oculis,
2741 4252 3092 4320 diﬂ‘usisque
3116 4252 3413 4305 intestinis
3444 4252 3742 4306 cruciatus

2093 4340 2377 4412 pertulit:
2407 4339 2506 4409 qui
2532 4354 2666 4393 cum
2699 4355 2733 4392 a
2756 4339 3059 4408 proposito
3083 4338 3319 4407 pietatis
3341 4337 3536 4391 studio
3550 4338 3740 4392 verbis

2095 4429 2329 4500 tyranni
2361 4427 2571 4481 deduci
2605 4443 2723 4479 non
2748 4431 2968 4496 posset,
2992 4425 3188 4495 gladio
3208 4425 3535 4479 trucidatus
3558 4427 3739 4481 ﬁnem

2093 4518 2340 4589 accepit.
2368 4517 2508 4587 Ejus
2530 4515 2799 4585 reliquiaa
2818 4514 3393 4585 Constantinopolim
3415 4516 3733 4585 translatae,

324 4621 426 4679 σθη
454 4614 578 4669 τοῖς
608 4605 794 4683 λόγοις
830 4611 926 4663 τοῦ
981 4609 1267 4681 τυράννου,
1317 4609 1417 4677 τῆν
1462 4605 1552 4663 διὰ
1599 4609 1782 4687 ξίφους
1830 4608 1975 4685 δέχε-

2096 4609 2298 4678 ibique
2328 4604 2633 4676 depositae,
2666 4603 2981 4658 sanitatem
3013 4603 3119 4671 eis,
3166 4603 3267 4674 qui
3316 4621 3451 4660 cum
3502 4606 3616 4662 fide
3665 4609 3737 4663 ad

319 4720 408 4753 ται
440 4697 727 4766 τελευτήν.
759 4697 832 4752 Τὸ
872 4693 930 4750 δὲ
982 4697 1136 4771 ἅγιον
1192 4695 1357 4751 αὑτοῦ
1413 4694 1665 4771 λείψανον
1728 4698 1979 4771 ἀνεκομί-

326 4800 428 4858 σθη
488 4786 542 4842 ἐν
605 4785 1191 4855 Κωνσταντινουπόλει,
1249 4785 1493 4861 παρέχον
1579 4787 1784 4861 ἰάματα
1861 4792 1978 4849 τοῖς

327 4881 540 4937 πιστῶς
574 4875 724 4946 αὑτῷ
752 4876 1246 4949 προσερχομένοις.

876 4965 1056 5021 MHNI
1095 4966 1187 5041 To
1226 4967 1425 5043 ΔΥΤῼ.

1087 5053 1214 5110 ΚΔ’.

321 5143 599 5213 ’Δθλησις
649 5145 756 5197 τῶν
814 5141 984 5217 ἁγίων
1046 5140 1333 5217 μαρτύρων
1389 5141 1608 5212 Δασίου,
1671 5148 1835 5198 Γαῖου
1890 5144 1980 5200 καὶ

1018 5217 1282 5272 Ζωτικοῦ.

394 5330 568 5390 Οὗτοι
599 5330 650 5385 ol
693 5332 843 5405 ἅγιοι
904 5332 1168 5404 μάρτυρες
1230 5333 1482 5407 ὑπῆρχον
1543 5331 1596 5387 ἐν
1642 5329 1985 5405 Νικομηδείᾳ

318 5424 392 5493 τῇ
420 5421 609 5476 πόλει.
645 5418 997 5492 Δημοτελοῦς
1030 5418 1088 5473 δὲ
1141 5425 1259 5482 τοῖς
1311 5418 1565 5483 εἰδώλοις
1606 5421 1800 5497 ἑορτῆς
1830 5442 1982 5495 γενο-

329 5514 503 5585 μένης
565 5509 1094 5586 παῤῥησιασάμενοι,
1151 5510 1217 5563 τὰ
1275 5507 1364 5564 ἐπὶ
1428 5514 1536 5564 τῶν
1617 5510 1820 5584 βωμῶν
1879 5509 1985 5564 xei-

333 5621 468 5674 μενα
526 5601 908 5672 κατέστρεψαν
967 5598 1058 5652 xui
1140 5592 1543 5668 εὖσεϐήσαντες,
1623 5598 1697 5661 ὡς
1774 5593 1984 5661 ἀσεϐεῖς

328 5687 477 5763 παρᾶ
505 5691 617 5742 τῶν
658 5687 901 5763 ἀφρόνων
944 5680 1151 5741 ἀσεϐῶν
1206 5684 1592 5761 ἐλογίσθησαν.
1636 5688 1802 5745 ’Όταν
1854 5706 1986 5763 κρα-

2091 4698 2287 4769 ipsum
2315 4692 2627 4763 accedunt,
2659 4692 3001 4747 restituunt.

2646 4961 2884 5016 EODEM
2926 4960 3180 5018 MENSE.

2594 5053 2697 5107 Die
2729 5051 3010 5107 vicesima
3047 5052 3242 5123 prima

2100 5146 2239 5201 181
2280 5143 2567 5199 Certamen
2596 5147 3250 5266 sanctortzmtovnartyrum
3296 5143 3469 5210 Dasii,
3523 5144 3650 5199 ϐαίὶ
3696 5152 3749 5201 et

2861 5228 2892 5265 ο
2922 5228 3012 5266 ιοι.

2861 5228 3012 5266 οιιοι.

2168 5333 2259 5388 Illi
2286 5332 2472 5388 sancti
2496 5335 2786 5401 martyres
2820 5328 2880 5382 in
2911 5328 3057 5383 urbe
3088 5329 3429 5387 Nicomedia
3457 5331 3746 5390 claruere.

2096 5425 2238 5479 Cum
2260 5427 2455 5477 autem
2482 5420 2755 5492 publicus
2778 5417 3071 5473 idolorum
3094 5418 3280 5474 festus
3303 5420 3430 5475 dies
3452 5428 3745 5492 ageretur,

2098 5512 2352 5568 ﬁdenter
2373 5511 2588 5583 pieque
2611 5525 2837 5579 ea,quce
2856 5523 3036 5578 super
3047 5508 3333 5563 altaribus
3347 5511 3537 5581 posita
3551 5519 3740 5580 erant,

2097 5607 2449 5668 evertentes,
2474 5616 2507 5654 a
2524 5598 2722 5654 stultis
2743 5596 3085 5651 inﬁdelibus
3102 5597 3280 5669 impie
3302 5598 3511 5653 fecisse
3534 5601 3733 5655 existi-

2098 5690 2242 5747 mati
2275 5694 2432 5747 sunt.
2465 5689 2655 5756 Quare
2685 5686 2919 5760 injectis
2950 5686 3174 5742 catenis
3204 5687 3276 5741 ad
3328 5688 3592 5759 judicem
3638 5706 3732 5745 ra-
