4030 6196
329 353 445 416 HO

1643 351 2072 414 MENOLOGII
2113 354 2320 415 PARS
2364 355 2412 415 Ι.

3616 349 3732 411 120

327 487 610 559 piuntur:
644 503 678 543 a
707 502 823 559 quo
851 502 1222 559 quaecunque
1254 485 1572 554 excogitari
1602 491 1845 557 potuere
1861 490 1972 540 tor-

2095 486 2338 554 τηθὲντες
2409 487 2750 560 παρέστησαν
2825 489 2906 556 τῷ
2980 482 3276 553 δικάζοντι.
3332 483 3394 541 Ὁ
3450 479 3508 537 δὲ
3561 485 3733 537 πᾶσαν

328 584 552 642 menta,
576 577 798 648 experti
822 582 978 642 sunt,
999 575 1319 630 durissima
1337 575 1604 642 verbera,
1629 574 1975 646 equuleum,

329 668 556 740 plagas,
591 667 846 721 dissecta
886 665 1136 737 flagellis
1195 664 1402 728 latera,
1457 681 1667 719 carnes
1723 665 1978 719 cilicinis

330 757 546 829 pannis
577 755 848 811 laniatas.
881 755 1019 819 Quas
1050 754 1251 808 omnia
1276 769 1410 808 cum
1431 770 1554 809 non
1579 753 1772 808 solum
1798 753 1980 825 negli-

330 849 568 918 gerent;
603 843 706 897 sed
739 843 918 897 etiam
978 841 1275 898 idolorum
1324 841 1645 898 vanitatem
1695 843 1976 914 objurga-

332 939 487 1003 rent,
526 936 584 986 et
612 948 828 1002 magna
855 947 995 986 voce
1026 931 1328 986 Christum
1354 931 1546 986 solum
1569 947 1770 986 verum
1794 933 1979 986 Deum

331 1038 460 1076 esse
491 1025 875 1090 testarentur,
909 1020 1065 1076 saxis
1095 1020 1166 1076 de
1193 1019 1348 1076 collo
1390 1021 1690 1092 appensis,
1725 1022 1785 1075 in
1842 1037 1976 1093 gur-

329 1111 510 1182 gitem
541 1110 768 1182 injecti,
805 1110 1032 1183 sagittis
1059 1109 1320 1165 confossi
1355 1114 1535 1165 sunt:
1581 1109 1780 1180 ibique
1829 1126 1982 1165 mar-

330 1198 468 1269 tyrii
499 1200 681 1254 ﬁnem
711 1199 1038 1266 consecuti,
1071 1200 1290 1272 gratias
1320 1199 1550 1254 Christo
1581 1199 1702 1272 regi
1734 1199 1978 1254 saaculo-

331 1305 464 1345 rum
495 1306 683 1359 usque
714 1289 787 1344 ad
819 1294 1069 1344 mortem
1101 1289 1378 1361 agebant,
1413 1288 1570 1360 quod
1597 1288 1760 1361 digni
1803 1288 1876 1344 ab
1911 1304 1979 1344 eo

331 1379 518 1435 habiti
553 1387 772 1448 essent,
804 1398 910 1453 pro
943 1381 1071 1452 ipso
1101 1387 1357 1436 mortem
1389 1384 1692 1452 oppetere.

2085 579 2273 648 πεῖραν
2307 575 2496 638 αὐτοῖς
2549 577 2791 650 βασάνων
2849 576 3186 650 προσήγαγε·
3239 572 3327 627 καὶ
3388 573 3492 646 γὰρ
3550 566 3736 645 ἔτυψεν

2087 662 2284 724 αὐτοὺς
2316 662 2584 735 ἀνηλεῶς·
2618 664 2707 719 καὶ
2749 663 2835 719 ἐπὶ
2889 662 3064 734 ξύλων
3115 663 3400 737 ἐκρέμασε·
3449 660 3540 715 καὶ
3591 669 3738 731 πλη-

2087 752 2187 827 γὰς
2218 751 2522 824 ἐνεποίησε·
2558 755 2647 809 καί
2689 754 2786 818 τὰς
2841 752 3081 829 πλευρὰς
3141 752 3314 806 αὐτῶν
3372 756 3494 814 ταῖς
3549 755 3743 823 μάστι-ο

2089 842 2137 911 ξι
2195 837 2462 918 διέῥρηξε·
2521 843 2611 898 καὶ
2667 842 2952 919 τρυχίνοις
3037 841 3309 918 ὑφάσμασι
3393 840 3490 901 τὰς
3544 838 3744 914 σάρκας

2088 932 2267 986 αὐτῶν
2318 933 2586 1003 κατέξανε·
2676 933 2766 988 καὶ
2851 931 2965 986 ἐπεὶ
3048 930 3192 1004 ἑώρα
3272 933 3741 1006 καταφρονοῦντας

2093 1020 2187 1092 μὲν
2218 1025 2327 1075 τῶν
2364 1021 2631 1096 βασάνων,
2668 1017 3000 1097 ἐλέγχοντας
3056 1016 3114 1073 δὲ
3167 1020 3266 1088 τήν
3327 1022 3435 1072 τῶν
3494 1013 3740 1072 εἰδώλων

2094 1110 2449 1182 ματαιότητα·
2516 1108 2730 1185 μεγάλῃ
2787 1107 2846 1164 δὲ
2889 1113 2958 1182 τῇ
3020 1107 3173 1185 φωνῇ
3257 1105 3585 1182 κρὺττοντας
3647 1103 3743 1160 τὸν

2090 1199 2328 1272 Χριστὸν
2363 1199 2490 1254 Θεὸν
2527 1200 2688 1273 μόνον
2722 1200 2856 1254 εἶναι
2887 1197 3173 1268 ἀληθινὸν,
3229 1194 3416 1260 λιθους
3471 1191 3746 1268 μεγάλους

2092 1293 2214 1350 τοῖς
2242 1287 2553 1363 τραχήλοις
2610 1289 2784 1344 αὐτῶν
2825 1287 3088 1362 περιθεὶς,
3139 1283 3217 1349 εἰς
3257 1285 3352 1340 τὸν
3405 1284 3562 1360 βυθὸν
3611 1305 3746 1338 κατ·

2091 1379 2392 1448 ηκόντισεν·
2453 1377 2578 1434 ἔνθα
2631 1379 2724 1435 καὶ
2780 1380 2844 1434 τὸ
2908 1376 3067 1438 τέλος
3123 1383 3221 1445 τῆς
3281 1373 3577 1450 μαρτυρίας
3634 1370 3752 1429 ἐδέ-

334 1467 512 1538 ξαντο·
546 1467 993 1542 εὐχαριστοῦντες
1034 1469 1252 1543 Χριστῷ
1306 1472 1386 1539 τῷ
1449 1465 1665 1541 βασιλεῖ
1717 1469 1827 1521 τῶν
1887 1465 2100 1522 αἰώνων
2165 1468 2331 1544 μέχρι
2389 1469 2642 1537 θανάτου,
2697 1466 2780 1524 ὅτι
2836 1465 3146 1539 ἠξιὼθήσαν
3205 1463 3334 1540 ὑπὲρ
3384 1462 3547 1518 αὐτοῦ
3603 1462 3747 1516 ἀπο-

332 1560 529 1621 θανεῖν.

981 1745 1202 1803 Eodem
1233 1747 1327 1802 die

335 1837 488 1894 182
521 1840 978 1895 Commemoratio
1023 1841 1202 1893 sancti
1235 1837 1416 1894 Patris
1445 1839 1621 1894 nostri
1649 1835 1980 1901 Hilarionis,

753 1911 1066 1982 presbyteri
1094 1916 1147 1964 et
1181 1909 1552 1966 anachoreta.

406 2116 656 2172 Sanctus
685 2115 950 2171 Hilarion
982 2116 1141 2170 Gazaa
1198 2113 1530 2170 Palaastinaa
1582 2119 1780 2182 natus,
1828 2114 1982 2168 Con-

335 2207 596 2261 stantino
630 2207 834 2278 Magno
865 2207 1223 2277 imperatore
1281 2204 1513 2260 claruit.
1562 2201 1978 2258 Alexandriam

331 2304 532 2354 autem
557 2299 784 2370 Egypti
815 2297 1150 2352 studiorum
1189 2312 1369 2350 causa
1394 2295 1714 2366 profectus,
1741 2295 1845 2350 Dei
1875 2295 1980 2350 be-

330 2388 545 2442 neﬁcio
579 2386 694 2441 duo
725 2390 1079 2441 consecutus
1137 2389 1246 2451 est,
1289 2388 1355 2437 ut
1399 2388 1456 2437 et
1512 2383 1762 2448 litteras,
1813 2388 1872 2437 et
1909 2400 1979 2440 ea

330 2477 532 2542 etiam,
565 2492 695 2546 quae
717 2474 1020 2530 adChristi
1054 2473 1232 2529 ﬁdem
1265 2478 1558 2545 spectant,
1591 2471 1975 2544 perdisceret.

330 2567 520 2630 Quare
542 2564 890 2634 baptizatus,
923 2563 1158 2635 cognita
1187 2563 1431 2618 Antonii
1455 2563 1642 2634 Magni
1662 2561 1979 2633 disciplina

331 2670 400 2710 ac
429 2653 829 2717 institutione,
883 2651 1056 2706 illum
1115 2651 1280 2717 adiit,
1341 2654 1590 2723 ejusque
1647 2649 1978 2721 discipulus

329 2745 547 2809 factus,
577 2741 812 2796 virtutis
845 2757 1025 2812 opera
1056 2757 1161 2812 per
1183 2740 1410 2812 aliquot
1429 2756 1618 2796 annos
1640 2739 1712 2794 ab
1731 2756 1800 2794 eo
1822 2737 1944 2794 didi
1961 2772 1975 2780 -

333 2833 436 2889 cit.
465 2830 675 2887 Moxin
697 2829 950 2901 patriam
979 2846 1268 2898 reversus,
1292 2846 1428 2885 cum
1471 2833 1748 2900 parentes
1789 2828 1918 2902 jam
1944 2844 1974 2883 e

335 2923 450 2977 vita
465 2919 900 2985 discessissent,
913 2918 1225 2974 facultates
1247 2934 1382 2973 suas
1395 2933 1602 2973 omnes
1615 2916 1977 2989 pauperibus

337 3008 678 3064 distribuit:
713 3011 1068 3078 sumptoque
1098 3005 1292 3061 cilicio
1324 3011 1382 3060 et
1411 3005 1650 3072 melote,
1710 3021 1976 3060 eremum

335 3099 526 3171 petiit,
558 3097 660 3153 ubi
693 3095 1022 3152 solitariam
1065 3095 1241 3151 vitam
1299 3111 1500 3167 agens,
1550 3094 1976 3150 miraculorum

333 3190 581 3262 gratiam
608 3186 854 3258 accepit.
909 3185 1124 3241 Volens
1169 3191 1370 3240 autem
1424 3185 1736 3240 hominum
1794 3185 1977 3240 vitare

2013 1909 2060 1974 B

2687 1749 2770 1821 Τῇ
2799 1746 2936 1820 αὖτῇ
2967 1745 3151 1819 ἡμέρᾳ

2094 1833 2319 1910 ΜνήμηΔ
2364 1838 2463 1889 τοῦ
2515 1834 2684 1910 ὁσίου-
2724 1834 2943 1910 Πατρὸς,
2983 1835 3144 1910 ἡμῶν
3219 1829 3556 1910 Ἱλαρίωνομς,
3619 1849 3757 1910 πρε-

2167 1900 2428 1981 σϐυτέρου
2488 1907 2790 1980 γενομένου
2841 1900 2947 1960 ’καί
3008 1900 3402 1979 ’ἄναχωρητοΰ
3456 1907 3557 1970 τῆς
3615 1900 3750 1976 51515-

2169 1999 2294 2053 μου.

2159 2114 2220 2170 Ὁ
2279 2112 2429 2174 ὅσιος
2489 2113 2742 2188 ἸΑαρίων
2802 2111 3048 2186 ὑπῆρχεν
3117 2108 3206 2164 ἐπὶ
3279 2114 3378 2177 τῆς
3456 2104 3745 2183 βασιλείας

2087 2201 2489 2258 Κωνσταντίνου
2534 2206 2631 2256 τοῦ
2688 2199 2966 2276 Μεγάλου,
3026 2199 3086 2255 ἐκ
3140 2205 3241 2268 τῆς
3294 2195 3512 2260 πόλεως
3561 2196 3746 2264 Γάζης

2085 2293 2183 2360 τῆς
2243 2289 2632 2360 Παλαιστίνης·
2694 2289 2955 2362 ἐπιθυμίᾳ
3016 2285 3074 2342 δὲ
3128 2291 3224 2342 τοῦ
3295 2290 3484 2361 μαθεῖν
3557 2283 3747 2360 γράμ-

2091 2402 2251 2454 ματα,
2284 2381 2610 2455 παρεγένετο
2671 2379 2750 2441 εἰς
2808 2373 3217 2450 Ἀλεξάνδρειαν
3272 2382 3374 2444 τῆς
3431 2372 3750 2449 Αἰγύπτου.

2089 2471 2191 2526 Καὶ
2221 2471 2289 2545 τῇ
2319 2474 2416 2524 τοῦ
2443 2474 2577 2525 Θεοῦ
2625 2470 2814 2544 χάριτι
2856 2467 3180 2545 ἀμφοτέρων
3237 2458 3401 2520 ἔλαϐε
3446 2463 3545 2532 τὴν
3595 2464 3752 2535 γνῶ-

2086 2579 2191 2628 σιν,
2222 2563 2330 2612 τῶν
2361 2579 2420 2614 τε
2466 2558 2826 2632 γραμμάτων,
2884 2554 2976 2610 καὶ
3033 2559 3141 2610 τῶν
3203 2553 3277 2616 εἰς
3337 2552 3434 2620 τήν
3503 2552 3753 2626 Χριστοῦ

2085 2648 2267 2702 πίστιν
2322 2647 2695 2720 ἁρμοζόντων.
2759 2647 2891 2702 Εἶτα
2949 2639 3268 2714 ἐϐαπτίσθη.
3329 2639 3432 2699 Καὶ
3509 2641 3751 2700 ἀκούσας

2084 2735 2339 2813 περὶτῆς
2369 2735 2655 2798 πολιτείας
2706 2739 2804 2790 τοῦ
2859 2733 3119 2809 Μεγάλου
3177 2729 3475 2802 Δντωνίου,
3525 2727 3750 2798 ἀπῆλθε

2085 2827 2222 2898 πρὸς
2253 2825 2436 2894 αὑτὸν,
2467 2824 2557 2880 καὶ
2623 2823 2843 2899 γέγονεν
2895 2823 3060 2878 αὐτοῦ
3118 2821 3389 2895 μαθητὴς,
3451 2819 3746 2892 μανθάνων

2086 2915 2174 2970 ἐπί
2204 2936 2326 2970 τινα
2353 2913 2552 2990 χρόνον
2583 2914 2651 2968 τὰ
2702 2916 2801 2978 τῆς
2855 2913 3051 2983 ἀρετῆς
3098 2909 3244 2986 ἔργα·
3306 2908 3646 2983 ὑποστρέψας
3679 2905 3748 2961 δὲ

2087 3004 2138 3060 ἐν
2168 3009 2236 3079 τῇ
2267 3001 2510 3080 πατρίδι,
2539 3003 2629 3058 καὶ
2675 3001 2804 3064 τοὺς
2861 3005 3042 3076 γονεῖς
3099 3001 3268 3055 αὐτοῦ
3325 2998 3493 3072 εὑρὼν
3546 2994 3746 3051 τελευ-

2082 3097 2370 3167 τήσαντας,
2425 3095 2515 3150 τὸν
2574 3091 2814 3148 πλοῦτον
2871 3089 3036 3146 αὐτοῦ
3093 3090 3269 3145 πάντα
3339 3084 3566 3144 διέδωκε
3617 3091 3748 3150 τοῖς

2085 3190 2356 3260 πτωχοῖς·
2387 3183 2477 3239 καὶ
2527 3185 2758 3259 φορέσας
2799 3181 3018 3255 ἱμάτιον
3076 3178 3359 3255 τρὺχινον,
3409 3176 3500 3232 καὶ
3561 3173 3752 3250 δὲρμα

330 3278 752 3349 frequentiam,
785 3275 858 3331 ob
892 3275 1110 3346 quietis
1131 3291 1396 3330 amorem
1413 3274 1590 3329 modo
1613 3275 1772 3330 hunc
1793 3273 1972 3329 modo

2095 3270 2386 3349 προϐάτου,
2465 3265 2871 3344 καταλαμϐάνει
2931 3271 3033 3339 τὴν
3091 3267 3321 3344 ἔρημον.
3397 3264 3497 3321 Καὶ
3553 3264 3753 3328 καλῶς

332 3369 502 3424 illum
536 3368 734 3422 locum
765 3381 922 3438 saepe
951 3363 1239 3421 mutabat.
1265 3364 1529 3435 Cumque
1552 3364 1850 3436 octoginta
1871 3380 1975 3418 an-

331 3474 442 3512 nos
472 3455 734 3522 vixisset,
786 3469 1040 3525 quorum
1099 3453 1475 3525 septuaginta
1527 3453 1588 3508 in
1645 3452 1979 3508 monastica

333 3544 651 3614 disciplina
685 3546 978 3614 exegerat,
1013 3541 1286 3614 migravit
1314 3541 1387 3596 ad
1421 3540 1759 3596 Dominum.

907 3835 1150 3890 EODEM
1187 3833 1420 3887 MENSE

805 3985 910 4040 Die
939 3984 1216 4040 vicesima
1245 3985 1505 4040 secunda

345 4104 488 4159 £38
535 4102 987 4158 Com-memoratio
1015 4104 1190 4156 sancti
1241 4108 1294 4156 et
1337 4102 1705 4171 apostolorum
1747 4103 1980 4172 aequalis

509 4177 690 4229 Patris
718 4175 891 4229 nostri
922 4173 1164 4241 Abercii,
1197 4175 1437 4244 episcopi
1464 4172 1790 4243 Hierapolis.
1865 4225 1874 4230 .

407 4321 653 4375 Sanctus
676 4319 848 4374 Pater
875 4321 1079 4374 noster
1105 4317 1389 4374 Abercius
1411 4319 1601 4374 Marco
1623 4317 1979 4390 imperatore

338 4411 559 4477 floruit,
630 4408 944 4480 episcopus
1002 4407 1332 4479 Hierapolis
1363 4424 1397 4462 a
1427 4408 1648 4463 sanctis
1695 4407 1981 4480 apostolis

337 4499 668 4562 ordinatus,
729 4496 1154 4553 celeberrimus
1210 4497 1637 4553 miraculorum
1695 4502 1976 4568 patrator.

337 4588 482 4641 Cum
505 4586 681 4640 vellet
710 4591 907 4642 autem
941 4585 1175 4641 daemon
1207 4603 1342 4642 eum
1383 4592 1632 4653 tentare,
1681 4587 1980 4658 ingressus

2091 3363 2353 3437 μονάσας,
2411 3359 2622 3434 ἐδέξατο
2677 3362 2867 3435 χάριν.
2903 3361 3212 3433 θαυμάτων·
3275 3358 3447 3421 θὲΛων
3507 3351 3566 3410 δὶ
3623 3355 3757 3431 φεύ-

2088 3473 2203 3528 γειν
2260 3451 2388 3512 τοὺς
2452 3451 2775 3525 ἀνθρώπους
2831 3446 2922 3504 διὰ
2969 3450 3071 3516 τήν
3129 3447 3390 3521 ἡσυχίαν,
3455 3445 3754 3519 ἀπήρχετο

2089 3542 2196 3597 απὸ
2249 3541 2422 3596 τόπου
2475 3539 2552 3604 εἰς
2622 3540 2788 3594 τόπον
2866 3538 3217 3613 συχνότερον.
3299 3537 3474 3606 Ζήσας
3531 3532 3590 3588 δὲ
3647 3530 3752 3604 ἔτη

2090 3629 2449 3707 ὀγδοήκοντα,
2478 3627 2569 3684 καὶ
2600 3628 2902 3703 πληρώσας
2953 3627 3006 3682 ἐν
3054 3631 3123 3700 τῇ
3177 3623 3446 3700 μοναδικῇ
3491 3623 3759 3696 πολιτείᾳ

2090 3721 2183 3794 ἔτη
2217 3717 2615 3795 ἐϐδομήκοντα,
2647 3719 2781 3792 πρὸς
2816 3718 3010 3790 Κύριον
3041 3715 3191 3789 ἐξιδή
3203 3736 3393 3790 μησεν.

2632 3845 2813 3901 MHNI
2855 3845 2946 3921 Τῼ
2987 3847 3182 3921 Αττᾳ.

2851 3989 2974 4046 ΚΒ’.

2094 4111 2298 4182 Μνήμῃ
2350 4106 2658 4183 τοῦρἆγίου
2708 4109 2796 4183 καὶ
2854 4105 3224 4183 ἰσαποστόλου
3263 4105 3518 4183 .-Πατρὸς
3583 4105 3762 4176 ἡμων

2389 4174 2696 4253 Ἀϐερκίου,
2727 4179 3028 4235 ἐπισκόπου
3055 4174 3444 4253 Ἱεραπόλεωςξ

2162 4324 2224 4381 Ὀ
2255 4321 2306 4377 ἐν
2338 4321 2514 4397 ἁγίοις
2545 4322 2727 4396 Πατὴρ
2780 4323 2940 4395 ἡμῶν
3001 4315 3288 4396 Ἀϐἑρκιος
3343 4320 3436 4389 ἧν,
3497 4317 3585 4373 ἐπὶ
3645 4321 3759 4388 τῆς

2097 4411 2377 4488 βασιλείας
2437 4410 2684 4486 Μάρκου,
2756 4410 3050 4472 ἐπίσκοπος
3131 4409 3424 4486 γενόμενος
3501 4407 3766 4482 Ἱεραπό-

2094 4503 2233 4564 λεως
2259 4503 2407 4577 παρὰ
2432 4507 2537 4557 τῶν
2571 4501 2738 4577 ἁγίων
2770 4499 3118 4558 ἀποστόλων.
3151 4502 3251 4557 Ἧν
3309 4496 3367 4554 δὲ
3410 4496 3499 4553 καὶ
3532 4496 3761 4571 θαυμά-

2093 4591 2325 4665 τουργὸς
2357 4585 2706 4665 περιϐόητος.
2739 4588 2922 4646 Θέλων
2963 4586 3022 4644 δὲ
3051 4587 3208 4644 αὐτὸν
3243 4590 3272 4644 ὁ
3302 4585 3512 4660 δαίμων
3549 4587 3762 4660 πειρά-

344 4673 720 4745 imperatoris
751 4673 934 4728 ﬁliam
968 4675 1183 4742 effecit,
1216 4681 1281 4729 ut
1311 4675 1415 4730 illa
1455 4682 1724 4730 sanctum
1753 4692 1979 4746 qumre-

2095 4700 2204 4749 σαι,
2239 4679 2485 4748 εἰσῆλθεν
2520 4680 2597 4742 εἰς
2643 4680 2744 4748 τὴν
2799 4683 2896 4734 τοῦ
2959 4677 3226 4753 βασιλέως
3284 4659 3569 4752 θυγατέρα·
3619 4659 3757 4744 ἣτις

344 4769 451 4829 ret,
477 4769 541 4816 ut
565 4762 637 4818 ab
661 4761 762 4816 illo
786 4767 1115 4817 sanaretur.
1142 4765 1377 4818 Accitus
1399 4764 1597 4835 itaque
1619 4783 1726 4836 per
1755 4763 1985 4819 litteras

342 4854 414 4910 ab
428 4854 1061 4926 imperatore,Romam
1076 4854 1572 4925 venit.Imperavit
1583 4861 1780 4910 autem
1795 4871 1982 4920 servo,

343 4951 407 5000 ut
435 4946 496 5000 in
524 4960 712 4999 unum
743 4943 1135 5013 eumdemque
1168 4949 1358 4999 utrem
1389 4951 1642 5008 acetum,
1665 4962 1893 5017 garum,
1926 4951 1985 5000 et

342 5036 538 5090 oleum
571 5032 935 5098 immitteret,
966 5049 1034 5087 ex
1065 5031 1282 5102 quibus
1314 5033 1360 5087 si
1391 5033 1534 5104 quid
1590 5033 1701 5088 sibi
1745 5039 1983 5088 sanctus

339 5123 607 5194 depromi
621 5121 920 5194 jussisset,
947 5120 1262 5192 separatim
1285 5138 1351 5177 ac
1373 5123 1609 5193 proprie
1631 5122 1901 5194 singula;
1924 5126 1986 5178 at

342 5214 388 5268 si
422 5229 622 5268 servus
653 5210 764 5266 sibi
797 5225 1031 5266 sumere
1052 5210 1256 5265 furtim
1307 5228 1486 5267 ausus
1543 5217 1720 5280 esset,
1761 5211 1984 5283 promi-

341 5320 479 5358 scue
510 5301 792 5357 ﬂuebant.
826 5301 1070 5356 Romam
1103 5299 1280 5372 igitur
1307 5317 1442 5356 cum
1464 5303 1848 5374 pervenisset,
1872 5303 1982 5356 im-

340 5391 632 5465 peratoris
661 5390 786 5446 ﬁlia
809 5389 1079 5458 liberata,
1114 5390 1369 5446 daamoni
1403 5391 1730 5463 imperavit,
1751 5397 1815 5446 ut
1835 5391 1982 5462 lapi-

345 5485 516 5539 deam
535 5497 719 5543 aram,
743 5497 874 5550 qua)
900 5478 958 5532 in
992 5480 1586 5552 conspectujacebat,
1623 5481 1983 5552 Hierapolim

346 5571 631 5626 deferret:
658 5569 758 5624 Tu.
785 5565 1082 5636 inquiens,
1110 5566 1254 5621 tanti
1277 5566 1507 5621 itineris
1523 5569 1765 5622 Romam
1797 5585 1984 5638 usque

350 5658 494 5716 mihi
516 5661 723 5713 auctor
751 5655 946 5710 fuisti:
981 5672 1084 5728 ego
1109 5671 1244 5709 vero
1275 5655 1554 5728 praecipio
1587 5656 1712 5723 tibi,
1740 5664 1804 5712 ut
1834 5657 1986 5730 lapi-

349 5751 484 5808 dem
511 5747 704 5819 tollas,
737 5751 796 5802 et
815 5745 1086 5819 sepulcro
1106 5761 1238 5802 meo
1263 5746 1906 5820 superimponas.Quod
1927 5752 1987 5804 et

2092 4769 2182 4824 καὶ
2215 4768 2392 4839 ἐζήτει
2421 4770 2512 4824 τὸν
2548 4769 2696 4844 ἅγιον
2746 4768 2836 4822 ἳνα
2894 4769 3195 4842 θεραπέυσῃ
3256 4765 3443 4836 αὑτήν.
3500 4765 3591 4819 Διὸ
3649 4764 3754 4818 καὶ

2095 4855 2183 4913 διὰ
2206 4859 2543 4934 γραμμάτων
2582 4855 2883 4932 βασιλικῶν
2912 4857 3048 4930 πρὸς
3098 4857 3197 4925 τὴν
3230 4857 3451 4929 Ῥώμην
3486 4854 3752 4928 ὥρμησε.

2093 4946 2389 5019 Προσέταξε
2425 4944 2482 5001 δὲ
2536 4951 2615 5018 τῷ
2671 4946 2925 5020 ὑπουργῷ
2972 4946 3135 5001 αὐτοῦ
3196 4946 3382 5022 βαλεῖν
3443 4945 3518 5008 εἰς
3575 4946 3752 5001 ἀσκὸν

2090 5033 2183 5090 ἕνα
2209 5033 2352 5109 ὅξος,
2383 5039 2473 5091 καὶ
2500 5035 2687 5111 γάρον,
2717 5037 2804 5090 καὶ
2838 5031 3039 5091 ἔλαιον·
3072 5036 3162 5092 καὶ
3215 5036 3303 5092 ὅτε
3356 5036 3450 5111 μὲν
3497 5036 3660 5100 αὐτὸς
3691 5035 3758 5106 ἐξ

2093 5124 2266 5180 αὐτῶν
2295 5147 2347 5180 τι
2399 5125 2679 5196 ἐζήτησεν,
2740 5126 3002 5201 ἐξήρχετο
3050 5128 3457 5204 κεχωρισμένον
3510 5129 3564 5186 ἓν
3621 5127 3766 5189 ἔκαι-

2091 5235 2236 5270 στον.
2269 5215 2392 5270 Ὀτε
2419 5213 2476 5269 δὲ
2507 5217 2535 5270 ὁ
2568 5215 2836 5291 ὑπουργὸς
2879 5215 3040 5271 αὑτοῦ
3088 5213 3380 5290 ἠϐουλήθη
3432 5219 3605 5295 λάϐρα
3656 5223 3766 5279 ἐκ-

2092 5297 2306 5373 ϐαλεῖν,
2365 5301 2666 5378 ἐξήρχοντα
2727 5306 3052 5380 μεμιγμένα.
3105 5305 3368 5373 Κατελθὼ
3401 5306 3457 5364 δὲ
3489 5309 3565 5376 εἰς
3591 5310 3761 5366 Ῥώ-

2097 5413 2228 5465 μην,
2259 5398 2358 5460 τήν
2396 5392 2491 5464 μὶν
2527 5393 2790 5468 θυγατέρα
2813 5398 2910 5448 τοῦ
2941 5393 3210 5469 βασιλέως
3255 5395 3461 5454 ἰάσατο·
3494 5404 3574 5471 τῷ
3622 5397 3764 5456 δαί-

2097 5501 2216 5553 μονι
2253 5478 2310 5535 δὲ
2340 5479 2627 5556 προσέταξε
2655 5481 2744 5536 τὸν
2777 5480 3014 5552 πλησίον
3043 5485 3290 5557 κείμενον
3329 5487 3540 5562 βωμὸν,
3585 5488 3759 5547 λίθον

2097 5564 2263 5642 μέγαν
2297 5565 2446 5639 ὄντα,
2479 5571 2693 5646 ἀγαγεῖν
2726 5570 2802 5635 εἰς
2843 5572 3164 5646 Ἰεράπολιν.
3223 5577 3342 5632 Ὀτι
3377 5577 3440 5631 σὺ
3490 5579 3586 5650 μὶν
3633 5601 3762 5635 πα-

2095 5658 2413 5731 ρεσκεύασάς
2445 5679 2511 5731 με
2561 5666 2818 5716 κοπιᾶσαι
2873 5661 2947 5724 εἰς
2998 5663 3240 5736 Ῥώμην·
3299 5664 3404 5741 ἐγὼ
3464 5663 3519 5723 δὲ
3571 5689 3764 5740 προσ-

2091 5747 2268 5804 τάττω
2298 5768 2382 5804 σοι
2418 5749 2630 5826 ἀγαγεῖν
2659 5749 2754 5807 τὸν
2803 5747 2979 5826 λίθον,
3021 5753 3111 5808 καί
3167 5755 3336 5811 θεῖναι
3393 5755 3572 5814 ἐπάνω
3633 5759 3755 5816 τοῦ
