4030 6196
308 363 402 424 121
1452 352 1459 357 ’
1733 339 1881 403 0οΤ

2000 340 2122 400 Eli.

3519 347 3637 408 122

304 517 445 572 ταφον
469 512 567 563 μου.
596 488 659 547 Ὀ
695 487 782 543 καὶ
829 490 1047 563 γέγονε.
1097 486 1312 549 Βιώσας
1337 480 1395 539 δὲ
1426 481 1478 537 ἐν
1532 475 1780 548 ὁσιότητί
1816 475 1880 531 τὸ

2000 477 2262 549 contigit.
2297 479 2547 536 Sanctus
2584 496 2720 536 vero
2782 497 2917 537 cum
2973 482 3272 554 reliquum
3328 482 3460 538 vita)
3518 499 3639 539 sum

306 570 462 641 λοιπὸν
484 587 562 647 τῆς
593 584 760 648 ζωῆς,
791 579 931 653 πρὸς
967 576 1168 651 Κύριον
1202 570 1556 645 ἰξεδήμησεν.

814 759 899 830 Τῇ
930 755 1066 830 αὐτῇ
1099 753 1289 829 ἡμέρᾳ

285 875 505 941 Ἀθλησις
583 878 681 928 τοῦ
766 874 926 943 ἁγίου
1009 869 1416 943 ἱερομάρτυρος.
1503 863 1886 943 Ἀλεξάνδρου,

394 932 424 960 ι’
490 932 513 960 ;
643 944 655 959 ε
806 932 822 965 3
870 950 896 960 -
989 945 1003 963 ο
1063 932 1069 942 ¹
1133 932 1142 942 “
1214 934 1218 943 ⁸
1314 932 1321 943 '
1395 940 1417 962 ,ρ
1648 932 1659 936 '
1766 932 1879 955 ’ἢν

334 967 406 999 και
455 966 552 999 των
608 966 701 999 συν
759 942 1338 1017 αυτῳηΗρακλείου,
1420 949 1621 1010 Λννης,
1682 943 1886 992 Θεοοοο

764 1038 867 1087 της
883 1014 984 1071 καὶ
1017 1014 1334 1090 Γὶ-ιυκερίας.

323 1129 657 1206 Ἀλέξανδρος
720 1134 748 1187 6
806 1132 1156 1206 ίερομάρτυς,
1245 1128 1541 1189 ἐπίσκοπος
1624 1123 1723 1192 ὢν,
1797 1123 1888 1178 καὶ

265 1220 504 1296 παρρησίᾳ
538 1221 630 1274 τὸν
702 1222 940 1294 Χριστὸν
992 1219 1304 1294 κηρύττων,
1362 1218 1452 1272 καὶ
1507 1219 1576 1290 τῇ
1634 1212 1888 1269 διδασκα-

263 1308 338 1380 λίᾳ
362 1310 513 1363 αὐτοῦ
542 1308 797 1371 πολλοὺς
828 1305 890 1364 ἔκ
914 1330 973 1364 τε
1008 1312 1114 1363 τῶν
1153 1304 1457 1375 Ἰουδαίων,
1487 1304 1576 1360 καὶ
1620 1308 1728 1359 τῶν
1761 1300 1890 1359 Ἐλ-

260 1399 419 1467 λήνων
443 1398 575 1472 πρὸς
619 1400 724 1467 τήν
784 1398 968 1453 πίστιν
1015 1397 1371 1473 ἐπιστρέφων,
1431 1395 1522 1451 καὶ
1585 1394 1885 1470 βαπτίζων,

257 1486 494 1562 ἂκρα-τήθη
526 1489 679 1565 παρὰ
715 1492 815 1544 τοῦ
843 1495 944 1557 τῆς
975 1489 1164 1564 χώρας
1222 1485 1515 1564 ἄρχοντος*
1565 1485 1655 1541 καὶ
1703 1485 1888 1541 πολλᾶ

255 1576 577 1651 τιμωρηθεὶς,
634 1576 730 1631 καί
784 1576 1007 1647 ξεσθεὶς,
1065 1576 1151 1631 καὶ
1215 1574 1672 1650 καταναγκασθιὶς
1730 1577 1883 1637 θῦσαι

254 1671 352 1725 τοῖς
378 1663 649 1737 εἰδώλοις,
686 1667 790 1721 οὐκ
830 1665 1067 1735 ἐπείσθη.
1132 1661 1285 1720 Ἰδὼν
1345 1660 1403 1718 δὲ
1456 1664 1555 1733 τὴν
1600 1661 1883 1737 καρτερίαν

258 1754 394 1809 αὑτοῦ
424 1757 765 1829 στρατιώτης
788 1776 895 1822 τις,
927 1754 1249 1827 Ἡράκλειος
1291 1750 1556 1826 τοῦνομα,
1613 1749 1886 1807 ἐπίστευσε

1993 572 2224 640 tempus
2256 570 2629 626 sanctissime
2661 570 3037 640 traduxisset,
3072 572 3145 628 ad
3175 573 3494 630 Dominum
3524 572 3638 628 mi-

1991 660 2197 733 gravit.

2646 751 2866 807 Eodem
2898 751 2993 807 die

1993 867 2161 939 1347
2195 867 2475 921 Certamen
2536 871 2874 923 sacrosancti
2920 871 3182 939 martyris
3241 869 3541 924 Alexandri
3591 875 3640 923 et

2052 938 2327 994 sociorum
2358 939 2624 1007 Heractii,
2657 941 2858 1007 Annae,
2898 938 3183 996 Theod’otae
3214 947 3263 996 et
3296 942 3575 1010 Glycerize.

2064 1127 2400 1184 Alexander
2424 1145 2592 1185 sacer
2620 1135 2846 1201 martyr
2866 1146 3000 1184 cum
3034 1131 3345 1202 episcopus
3372 1135 3550 1199 esset,
3584 1134 3642 1185 et

1992 1216 2177 1272 libere
2204 1219 2501 1273 Christum
2523 1219 3102 1291 praedicansmlultos
3122 1220 3456 1275 Iudaaorum
3479 1222 3637 1275 Cra)-

1992 1322 2318 1377 corumque
2350 1308 2423 1363 ad
2455 1309 2667 1363 Christi
2701 1309 2879 1364 fidem
2936 1308 3236 1364 traductos
3282 1308 3621 1381 baptizaret,

1991 1404 2259 1453 retentus
2311 1416 2344 1454 a
2373 1400 2632 1472 regionis
2680 1400 2978 1472 prtefecto,
3025 1400 3270 1471 direque
3330 1406 3518 1456 tortus
3575 1405 3635 1456 et

1993 1487 2335 1557 dilaniatus,
2369 1505 2501 1543 cum
2530 1490 2707 1543 idolis
2770 1491 3101 1545 sacriﬁcare
3150 1490 3633 1561 compelleretur,

1992 1576 2159 1632 nulla
2186 1583 2311 1633 arte
2341 1577 2411 1632 ad
2438 1578 2496 1632 id
2528 1579 2729 1633 induci
2762 1580 2973 1650 potuit.
3004 1580 3187 1652 Cujus
3234 1578 3627 1634 constantiam

1989 1666 2161 1723 miles
2192 1667 2455 1737 quidam,
2506 1667 2809 1723 Heraclius
2868 1670 3130 1735 nomine,
3189 1667 3536 1731 admiratus,
3570 1668 3633 1722 in

1990 1757 2287 1811 Christum
2319 1757 2571 1812 credidit
2600 1774 2611 1810 :
2646 1774 2828 1827 quare
2861 1763 2919 1813 et
2949 1758 3073 1828 ipse
3099 1757 3301 1812 multis
3320 1757 3632 1812 tormentis

255 1850 321 1915 τῷ
346 1846 573 1919 Χριστῷ.
609 1844 716 1901 Καὶ
764 1843 992 1899 πλεῖστα
1042 1842 1379 1917 τιμωρηθεὶς
1422 1841 1512 1897 καὶ
1564 1841 1722 1903 αὐτὸς
1781 1840 1881 1895 ἀπ-

2000 1847 2383 1913 excruciatus,
2404 1847 2593 1917 capite
2624 1847 2919 1918 plectitur.
2953 1847 3286 1902 Alexander
3315 1845 3633 1913 vero,mul-

252 1935 438 2005 ετμήοη
471 1938 575 2005 τήν
610 1932 882 2012 κεφαλήν.
944 1934 1442 2007 Θαυματουργήσας
1471 1929 1529 1986 δὲ
1562 1930 1695 2005 μετὰ
1723 1935 1884 1987 τοῦτο

252 2021 437 2097 ὁᾶγιος
464 2022 854 2095 Ἀλέξανδρος
889 2024 980 2078 καὶ
1007 2024 1109 2098 γάρ
1133 2021 1260 2091 ίάθη
1292 2022 1385 2085 τὰς
1430 2019 1647 2096 πληγὰς
1688 2024 1755 2094 τῇ
1786 2024 1883 2076 τοῦ

248 2114 455 2183 Χριστοῦ
542 2114 851 2187 ἐπισκέψειο
962 2112 1298 2167 ἐπεσπάσατο
1376 2112 1514 2180 πρὸς
1590 2110 1691 2178 τὴν
1772 2114 1881 2164 τῶν

244 2206 555 2275 Χριστιανῶν
644 2202 824 2257 πίστιν
915 2201 1005 2256 καὶ
1087 2207 1346 2275 γυναῖκας
1418 2205 1566 2275 τρεῖς
1664 2199 1882 2271 ’Δνναν,

246 2287 487 2361 Θεοδότην
549 2291 641 2346 καὶ
708 2289 1023 2366 Γλυκερίαν’
1058 2290 1261 2352 αἳτινες
1323 2290 1591 2342 σταθεῖσαι
1651 2286 1884 2341 ἐνώπιον

243 2382 324 2432 τοῦ
352 2377 648 2455 ἄρχοντος,
678 2377 914 2454 ἤλεγξαν
952 2378 1132 2449 αὐτὸν,
1180 2377 1268 2433 καὶ
1316 2379 1416 2446 τὴν
1468 2381 1577 2432 τῶν
1632 2373 1881 2432 εἰδώλων

247 2469 509 2541 Θρησκεέαν
540 2468 719 2543 ψευδῆ
772 2468 1127 2524 ἀπεκάλεσαν.
1186 2467 1319 2523 Τότε
1374 2467 1647 2539 θυμωθεὶς
1706 2466 1734 2521 ὁ
1787 2466 1885 2540 ἄρ·-

249 2576 372 2633 χων,
403 2564 625 2634 πρῶτον
663 2560 759 2631 μὶν
794 2555 1155 2635 ἀπεκεφάλισε
1182 2558 1273 2612 τὸν
1300 2557 1453 2631 ἅγιον
1504 2552 1878 2629 Ἀλέξανδρον

245 2644 412 2701 ’ἔπειτα
444 2647 736 2722 βασανίσας
779 2648 875 2709 τὰς
927 2648 1108 2722 ἁγίας,
1160 2645 1395 2719 ἀπέτεμε
1436 2644 1525 2700 καὶ
1569 2645 1747 2700 αὐτῶν
1787 2644 1883 2706 τὰς

250 2737 486 2807 κεφαλὰς,
519 2738 613 2792 καὶ
648 2734 821 2798 οὕτως
853 2735 1269 2806 ἐτελειώθησαν.

768 2854 950 2910 MUNI
988 2855 1079 2910 ΤΩ
1121 2855 1334 2910 ’AI‘TQ.

987 2970 1106 3025 Kl“.

238 3086 491 3158 ’Δθλησις
538 3091 638 3141 τοῦ
695 3086 854 3161 ἁγίου
912 3084 1310 3161 ῖερομάρτυρος
1394 3086 1486 3161 καὶ

583 3153 872 3225 Ἰακώϐου,
904 3153 1142 3235 ἀδέλέροῦ
1169 3153 1271 3211 τοῦ
1303 3156 1522 3234 Κυρίου.

1569 3084 1882 3142 ἀποστόλου

299 3275 349 3326 '0
380 3277 533 3350 ἅγιος
594 3269 852 3336 Ἰάκωϐος
910 3278 1129 3346 πρῶτος
1186 3273 1481 3336 ἐπίσκοπος
1535 3272 1587 3329 ἐν
1649 3276 1879 3349 Ἰεροσο-

243 3362 425 3435 λῦμοις
456 3363 698 3438 ἐγένετο,
728 3365 856 3435 παρ’
887 3361 1051 3418 αὐτοῦ
1079 3367 1175 3417 τοῦ
1208 3364 1407 3438 Κυρίου
1449 3365 1879 3439 χειροτονηθείς.

244 3453 330 3507 Καὶ
366 3458 587 3526 πρῶτος
616 3453 715 3521 τήν
775 3450 919 3506 θείαν
981 3450 1321 3527 λειτουργίαν
1365 3449 1561 3528 ἔγραψε
1603 3454 1748 3527 παρᾶ
1785 3458 1883 3509 τοῦ

246 3547 470 3615 Χριστοῦ
532 3542 702 3609 αὐτὴν
760 3538 1058 3616 διδαχθείς.
1117 3539 1276 3597 Ἀλλ’
1323 3540 1541 3616 ὕστερον
1598 3564 1880 3616 συντομω-

242 3632 387 3705 τέραν
448 3630 617 3699 αὐτὴν
673 3629 924 3700 ἑπνίησεν
981 3631 1009 3683 ὁ
1065 3630 1244 3703 Μέγας
1314 3629 1625 3702 Βασίλειος,
1685 3634 1800 3687 εἶτα
1857 3634 1885 3687 6

248 3720 644 3792 Χρυσόστομος,
700 3717 789 3773 διὰ
843 3720 942 3788 τὴν
1013 3722 1119 3772 τῶν
1204 3718 1504 3791 ἀνθρώπων
1590 3718 1884 3783 ἀσθένειαν,

250 3807 484 3870 Πολλοὺς
554 3806 612 3862 δὲ
680 3805 949 3862 διδάσκων
1024 3808 1051 3861 6
1107 3806 1259 3882 ἃγιος
1321 3804 1580 3871 Ἰάκωϐος
1653 3808 1712 3865 ἐκ
1782 3816 1888 3868 τῶν

249 3897 510 3955 Ἰουδαίων
546 3899 632 3953 καὶ
669 3898 727 3953 ἐκ
756 3903 863 3952 τῶν
924 3896 1234 3969 Ἑλλήνων,
1286 3899 1375 3954 καὶ
1420 3899 1750 3980 ἐπιστρέφων
1791 3902 1885 3959 αὐ-

248 3988 366 4051 τοὺς
398 3987 478 4043 ἐπὶ
509 3989 604 4043 τὸν
667 3987 891 4060 Κύριον,
940 3987 1016 4049 είς
1067 3989 1234 4063 ὁργήν
1293 3987 1510 4059 ἐκίνησέ
1558 3990 1683 4053 τοὺς
1746 3993 1886 4047 Ἰουο

251 4075 443 4139 Srio-2c.
504 4079 875 4153 Συναχθέντες
936 4075 1028 4131 οῦν
1079 4077 1169 4132 καὶ
1255 4081 1618 4154 κρατήσαντες
1702 4081 1886 4151 αὐτὸν,

250 4167 456 4243 ἔρριψαν
486 4169 592 4222 ἀπὸ
641 4172 739 4222 τοῦ
798 4164 966 4240 ἄκρου
1024 4170 1120 4221 τοῦ
1176 4168 1346 4243 ἱεροῦ,
1406 4169 1497 4223 καὶ
1556 4169 1714 4225 αὐτὸν
1755 4172 1886 4226 ἀπέ-

248 4277 460 4312 κτειναν.
495 4257 623 4330 Περὶ
675 4254 732 4310 δὲ
790 4253 890 4309 τοῦ
949 4251 1197 4330 λέγεσθαι
1258 4254 1610 4335 ἁδελφόθεος,
1670 4261 1884 4338 φέρεται

256 4344 409 4419 λόγος
436 4351 685 4407 τοιοῦτος
725 4344 787 4400 ἑκ
839 4342 1208 4419 παραδόσεως.
1268 4352 1373 4402 Τοῦ
1426 4350 1731 4424 μνήστορος
1765 4352 1887 4406 Ἰω-

258 4436 352 4511 σὴφ
386 4435 699 4512 μερίζοντος
730 4435 827 4502 τὴν
859 4440 962 4508 γῆν
996 4434 1161 4489 αὐτοῦ
1190 4441 1305 4497 τοῖς
1354 4438 1493 4500 υἱοῖς
1540 4438 1730 4509 αὐτοῦ,
1769 4444 1888 4501 τοῖς

261 4522 308 4575 ἐκ
353 4531 447 4593 τῆς
500 4524 770 4599 προτέρας
827 4523 1102 4598 γυναικὸς,
1155 4524 1245 4579 καὶ
1314 4520 1637 4600 ϐουλομένῳ
1695 4527 1888 4604 μερίδα

258 4616 556 4682 ποιήσασθαι
617 4614 706 4667 καὶ
764 4617 846 4684 τῷ
900 4619 998 4681 τῆς
1053 4611 1207 4687 ἁγίας
1280 4616 1551 4687 Παρθένου
1604 4618 1736 4688 Υἱῷ,
1791 4612 1882 4673 καὶ

257 4707 368 4773 Θεῷ,
414 4704 464 4757 οἱ
526 4703 619 4775 μὲν
680 4701 845 4757 ἄλλοι
903 4700 966 4756 οὗ
1020 4699 1385 4773 κατεδέξαντο’
1420 4704 1448 4758 ὁ
1480 4702 1537 4760 δὲ
1596 4705 1879 4779 Ἰάκωϐος,

1998 1937 2072 1993 tis
2103 1937 2278 1992 editis
2320 1937 2666 2003 miraculis;
2715 1937 2931 2008 quippe
2981 1939 3080 2007 qui
3130 1937 3348 1992 Christi
3396 1952 3635 2008 operaa

1994 2027 2184 2100 plagis
2214 2031 2456 2081 sanatus
2486 2025 2698 2093 fuerat,
2728 2032 2845 2080 tres
2875 2027 3052 2081 etiam
3086 2026 3336 2080 feminas
3366 2025 3440 2080 ad
3467 2025 3636 2079 Chri-

1997 2117 2071 2172 sti
2104 2115 2283 2171 ﬁdem
2314 2114 2620 2185 pertraxit,
2654 2117 2907 2179 Annam,
2950 2114 3307 2169 Theodotam
3340 2120 3399 2168 et
3429 2114 3627 2185 Glyce-

1996 2206 2167 2270 riam,
2200 2221 2330 2275 quas
2380 2203 2441 2258 in
2498 2208 2818 2273 conspectu
2860 2202 3119 2273 praefecti
3169 2202 3402 2269 oblatae,
3437 2202 3633 2273 ipsum

1996 2294 2406 2367 objurgarunt,
2440 2298 2498 2347 et
2544 2292 2843 2347 idolorum
2893 2292 3376 2363 superstitionem
3421 2291 3634 2345 falsam

1994 2382 2396 2455 appellarunt.
2427 2381 2828 2446 Quamobrem
2859 2381 2947 2435 ira
2976 2381 3413 2437 excandescens
3435 2379 3638 2451 praefe-

1994 2478 2144 2540 ctus,
2180 2476 2358 2543 caput
2384 2469 2720 2526 Alexandro
2770 2470 3030 2541 primum
3078 2469 3376 2542 amputari
3416 2469 3632 2541 jubet;

1994 2562 2209 2619 deinde
2240 2566 2475 2617 sanctas
2498 2561 2803 2633 suppliciis
2826 2566 3063 2616 vexatas
3084 2560 3293 2632 capitis
3315 2557 3635 2616 damnavit.

1992 2655 2184 2724 Atque
2215 2653 2298 2709 ita
2323 2652 2505 2707 ﬁnem
2536 2651 2817 2708 habuere.

2549 2859 2789 2914 EODEM
2830 2858 3080 2914 MENSE.

2515 2977 2612 3032 Die
2644 2976 2922 3031 vicesima
2952 2978 3126 3031 tertia

1995 3096 2144 3152 135
2206 3095 2487 3151 Certamen
2544 3095 2878 3148 sacrosancti
2959 3094 3223 3161 martyris
3291 3099 3343 3146 et
3399 3093 3635 3162 apostoli

2456 3166 2667 3233 Jacobi,
2699 3167 2898 3232 fratris
2930 3164 3164 3218 Domini.

2068 3281 2317 3335 Sanctus
2337 3277 2585 3334 Iacobus
2598 3278 2827 3349 primus
2841 3277 3384 3348 Hierosolymorum
3409 3278 3635 3348 episco-

1996 3386 2109 3440 pus
2133 3368 2205 3424 ab
2238 3369 2365 3440 ipso
2393 3367 2623 3421 Christo
2649 3366 2977 3431 ordinatus,
3007 3365 3237 3435 primus
3255 3368 3314 3418 et
3337 3364 3407 3418 ab
3430 3364 3639 3418 eodem

1999 3457 2264 3523 edoctus,
2317 3456 2578 3511 divinam
2632 3455 2951 3527 Liturgiam
3022 3454 3393 3525 conscripsit,
3457 3470 3636 3524 quam

1997 3552 2205 3618 postea
2217 3545 2468 3600 Basilius
2492 3560 2763 3615 magnus,
2794 3549 2854 3598 et
2864 3549 2998 3615 post
3010 3544 3169 3598 hunc
3182 3544 3639 3614 Chrysostomus

1998 3637 2306 3693 hominum
2322 3634 2656 3690 inﬁrmitati
2682 3634 3085 3701 consulentes,
3106 3632 3500 3688 concisiorem
3511 3632 3640 3688 red-

1997 3727 2220 3783 didere.
2275 3724 2527 3781 Iacobus
2583 3729 2782 3779 autem
2840 3739 2971 3778 cum
3031 3722 3250 3778 multos
3304 3720 3640 3777 Iudaaorum

1998 3818 2454 3886 Graecorumque
2484 3813 2751 3869 docendo
2783 3812 2856 3867 ad
2888 3812 3207 3867 Dominum
3253 3816 3639 3878 converteret,

1997 3906 2230 3963 Iudmos
2257 3904 2333 3960 ad
2362 3903 2734 3959 iracundiam
2765 3902 2911 3957 adeo
2944 3902 3237 3969 excitavit,
3265 3906 3331 3956 ut
3359 3900 3546 3956 coacti
3577 3900 3639 3954 in

1997 4013 2184 4052 unum
2216 3992 2780 4064 comprehenderint
2805 4008 2963 4058 cum,
2996 3996 3173 4062 atque
3201 4007 3231 4045 e
3254 3990 3458 4062 templi
3482 3990 3643 4044 fasti-

1997 4086 2090 4159 gio
2122 4084 2495 4140 deturbatum
2530 4081 2894 4138 necaverint.
2926 4084 3044 4137 Cur
3071 4085 3269 4135 autem
3301 4080 3403 4135 Dei
3458 4079 3642 4134 frater

1996 4177 2247 4244 dicatur,
2306 4173 2404 4227 hic
2454 4171 2642 4225 fertur
2698 4186 2766 4224 ex
2824 4168 3143 4224 traditione
3218 4185 3433 4223 sermo.
3494 4169 3639 4222 Cum

1995 4264 2211 4334 Ioseph
2242 4278 2489 4333 sponsus
2520 4266 2706 4315 terras
2736 4274 2874 4313 suas
2905 4275 2974 4313 ex
3005 4259 3199 4327 priore
3222 4257 3473 4326 conjuge
3497 4256 3639 4311 ﬁliis

1997 4354 2304 4419 divideret,
2342 4350 2636 4418 velletque
2677 4353 2908 4419 partem
2955 4352 3173 4402 sanctas
3228 4344 3482 4415 Virginis
3514 4343 3638 4399 ﬁlio

1997 4451 2058 4501 et
2090 4448 2201 4498 Deo
2233 4439 2489 4505 tradere,
2529 4436 2630 4492 alii
2689 4435 2931 4506 quidem
2983 4434 3230 4489 minime
3287 4448 3637 4500 assensere;

1996 4531 2251 4588 Iacobus
2280 4545 2415 4583 vero
2447 4527 2508 4582 in
2541 4541 2709 4580 suam
2768 4524 2939 4579 illum
2991 4528 3222 4594 partem
3267 4521 3638 4577 cohaaredem

1996 4620 2315 4691 accipiens,
2354 4632 2475 4671 non
2532 4613 2710 4669 modo
2772 4613 2873 4667 Dei
2931 4613 3137 4677 frater,
3195 4627 3397 4667 verum
3457 4612 3636 4667 etiam

1984 4713 2184 4783 justus
2216 4712 2306 4763 est
2332 4705 2471 4760 inde
2501 4703 2853 4775 appellatus.

258 4788 562 4865 παραλαϐὼν
622 4791 783 4847 αὐτὸν
846 4790 919 4853 είς
969 4792 1069 4860 τὴν
1128 4791 1293 4847 αὐτοῦ
1355 4792 1550 4870 μερίδα
1608 4798 2082 4875 συγκληρονόμον,
2140 4794 2349 4865 ἐκλήθη
2412 4794 2477 4848 οὐ
2540 4790 2704 4864 μόνον
2791 4787 3147 4867 ἀδελφόθεος,
3213 4788 3361 4845 ἀλλὰ
3411 4810 3499 4844 και
3559 4787 3643 4844 δί-

256 4900 403 4944 καιος,

817 5009 899 5079 Τῇ
929 5006 1068 5079 αὖτῇ
1103 5008 1284 5081 ἡμέρᾳ

254 5096 489 5168 Ἀθλησις
516 5101 628 5151 τῶν
688 5093 854 5173 ἁγίων
916 5094 1556 5173 μαρτύρων-Θεοδότης,
1611 5101 1700 5156 καὶ
1762 5109 1878 5159 Σω·

714 5163 946 5239 κράτους
978 5163 1373 5243 πρεσϐυοὲρου.

308 5288 358 5341 Ἠ
414 5284 537 5359 άγία
590 5279 828 5352 Θεοδότη
892 5282 1139 5357 ὑπῆρχεν
1222 5283 1309 5339 ἐπὶ
1367 5284 1725 5363 Ἀλεξάνδρου
1780 5295 1878 5345 τοῦ

252 5374 520 5445 βασιλέως,
552 5372 788 5447 εὐγενῶν
822 5371 914 5442 μὲν
945 5374 1147 5444 γονέων
1180 5373 1522 5450 ὑπάρχουσα,
1558 5375 1690 5431 οῦσα
1735 5374 1791 5432 δὲ
1822 5377 1882 5433 ἐκ

249 5468 331 5529 τῆς
361 5464 541 5537 χώρας
570 5464 669 5514 τοῦ
699 5459 928 5515 Ηόντου.
964 5460 1049 5516 Ἐν
1083 5460 1403 5537 ἀσκητηρίῳ
1452 5461 1510 5518 δὶ
1554 5465 1662 5519 τινὶ
1709 5465 1876 5522 ἀπελ-

252 5548 417 5617 θοῦσα,
456 5550 546 5605 καὶ
601 5547 955 5621 ἡσυχάζουσα
1010 5545 1324 5624 διεγνώσθη.
1395 5552 1501 5608 Καὶ
1553 5561 1881 5629 κρατηθεῖσα

256 5642 382 5711 παρᾶ
434 5643 528 5694 τοῦ
580 5637 848 5713 ἄρχοντος
906 5634 995 5691 διὰ
1048 5639 1138 5692 τὸν
1196 5640 1451 5714 Χριστὸν,
1510 5640 1565 5697 ἐκ
1624 5640 1877 5720 δευτέρου

256 5731 592 5802 κρεμασθεῖτα
649 5728 837 5800 ξέεταισ
898 5727 984 5783 καὶ
1046 5727 1123 5791 εἷς
1197 5732 1427 5805 φοῦρνον
1503 5730 1879 5810 ἐκπυρωθέντα

2640 5007 2860 5062 Eodem
2892 5006 2986 5062 die

1998 5106 2145 5161 I86
2178 5104 2462 5159 Certamen
2508 5105 2823 5155 sanctorum
2870 5103 3175 5167 martyrum
3231 5097 3545 5166 Thcodotz,
3592 5105 3642 5154 et

2515 5173 2757 5227 Socratis
2781 5170 3109 5240 presbyteri.

2060 5294 2273 5349 Sancta
2283 5289 2601 5347 Theodota.
2613 5286 2945 5343 Alexandro
2961 5287 3643 5359 imperatore,nobilibus

1991 5382 2338 5454 parentibus
2361 5385 2521 5446 nata,
2551 5396 2619 5433 ex
2643 5377 2881 5450 regione
2911 5377 3083 5431 Ponti
3116 5377 3243 5432 fuit.
3269 5377 3413 5432 Cum
3436 5383 3640 5436 autem

1989 5472 2205 5543 quietis
2236 5470 2429 5525 studio
2463 5469 2522 5523 in
2549 5466 2847 5539 quoddam
2868 5467 3295 5521 monasterium
3320 5483 3448 5521 sese
3470 5466 3637 5521 abdi-

1990 5561 2197 5626 disset,
2231 5560 2303 5615 ob
2336 5558 2550 5614 Christi
2585 5556 2763 5612 ﬁdem
2795 5555 2990 5611 delata
3012 5555 3085 5611 ad
3108 5556 3449 5628 prmfcctum
3475 5556 3634 5626 ejus-

1988 5666 2102 5722 que
2126 5651 2306 5721 jussu
2335 5647 2791 5719 comprehensa,
2847 5651 2905 5700 et
2951 5646 3013 5700 in
3074 5645 3391 5717 equuleum
3446 5641 3631 5698 semel

1988 5746 2165 5812 atque
2195 5739 2412 5797 iterum
2442 5736 2674 5796 sublata
2695 5734 2998 5808 scalpitur.
3022 5734 3319 5792 Deindein
3336 5731 3629 5790 ardentis-
