4030 6196
349 341 464 405 123

1665 339 2099 403 MENOLOGII
2144 341 2342 405 PARS
2387 343 2433 403 Ι.

3637 344 3754 403 194

355 477 573 534 simum
612 479 912 534 caminum
971 478 1211 548 injecta,
1271 475 1374 530 sed
1429 473 1646 531 Christi
1702 473 1993 529 beneﬁcio

2122 468 2464 546 ἐμϐάλλεται.
2497 476 2582 548 Τῇ
2613 474 2848 548 Χριστοῦ
2887 474 2944 530 δὲ
3003 476 3192 549 χάριτι
3237 475 3434 530 τούτου
3475 473 3750 550 ῥυσθεῖσα,

359 574 582 641 erepta,
607 570 864 624 mittitur
885 567 1211 639 aprzefecto
1239 565 1604 636 Byzantium,
1637 582 1774 620 mox
1804 565 1998 635 Ancy-

356 674 528 713 ram:
564 657 664 711 ubi
697 674 830 712 cum
891 656 1073 710 (ΞΓωοί
1126 654 1360 726 publice
1414 653 1725 709 daemoniis
1782 653 1998 708 festum

356 746 515 801 diem
573 744 963 810 celebrarent,
1023 743 1301 813 idolaque
1358 742 1645 810 colerent,
1732 743 2000 797 Socrates

355 834 667 907 presbyter
697 834 782 886 vir
811 833 964 903 pius,
1001 832 1352 902 Dominique
1384 833 1572 887 nostri
1599 833 1734 886 Jesu
1781 831 2000 886 Christi

357 923 682 988 confessor,
715 921 836 976 zelo
877 921 1116 992 plenus,
1175 921 1507 977 hostiarum
1564 937 1697 976 aras
1754 921 1998 976 evertit:

359 1011 748 1082 quamobrem
773 1011 965 1082 capite
983 1011 1192 1082 plexus
1215 1011 1489 1082 spiritum
1514 1010 2005 1080 tradidit,Sancta

353 1117 490 1154 vero
513 1099 812 1155 Theodota
833 1101 1005 1172 jussa
1031 1099 1205 1155 idolis
1227 1099 2004 1170 immolare,cumimperata

356 1191 551 1245 facere
575 1197 929 1256 recusasset,
955 1191 1014 1245 in
1046 1190 1403 1262 sartaginem
1431 1189 1710 1244 ferventis
1733 1189 1851 1243 olei
1873 1188 2000 1260 ple-

358 1297 500 1336 nam
534 1280 890 1351 conjicitur:
925 1279 1027 1334 sed
1085 1296 1220 1334 cum
1279 1279 1417 1334 inde
1473 1279 1664 1334 illaesa
1720 1277 2004 1332 divinitus

361 1369 663 1436 evasisset,
695 1369 888 1440 gladio
919 1370 1049 1440 ipsa
1077 1385 1314 1440 quoque
1344 1369 1522 1423 vitam
1549 1367 1758 1422 finivit.

1004 1545 1225 1601 Eodem
1257 1545 1351 1601 die

359 1635 509 1690 137
551 1635 1000 1690 Commemoratio
1038 1635 1499 1703 manifestationis
1535 1640 1846 1689 sanctorum
1885 1647 2005 1702 sep-

837 1713 940 1760 tem
961 1723 1266 1777 puerorum
1292 1706 1514 1775 Ephesi.

433 1797 500 1850 Hi
532 1795 719 1850 sancti
742 1794 1198 1861 Maximilianus,
1231 1793 1576 1861 Jamblicus,
1598 1792 2004 1858 Martinianus,

361 1885 700 1956 Dionysius,
730 1885 1008 1945 Joannes.
1050 1884 1473 1938 Constantinus
1530 1887 1590 1936 et
1645 1881 2004 1945 Antoninus,

355 1974 692 2046 imperante
725 1974 923 2042 Decio,
957 1973 1171 2045 Ephesi
1204 1973 1491 2029 claruere.
1525 1972 1609 2028 Ob
1652 1971 1869 2026 Christi
1900 1985 2004 2025 au-

354 2068 475 2120 tem
497 2064 934 2120 confessionem
949 2063 1386 2134 comprehensi,
1411 2067 1470 2117 et
1494 2061 1568 2116 ad
1589 2061 2007 2132 imperatorem

359 2154 654 2226 producti,
685 2170 820 2208 cum
838 2158 1070 2223 tempus
1101 2151 1175 2206 ad
1198 2149 1652 2206 deliberandum
1671 2148 2006 2220 petiissent,

358 2245 536 2316 idque
569 2245 1008 2314 impetrassent,
1042 2242 1104 2294 in
1134 2246 1400 2295 montem
1433 2238 1752 2309 quemdam
1803 2236 2010 2309 profu-

361 2335 611 2406 gientes,
635 2333 696 2386 in
719 2331 1066 2402 speluncam
1089 2345 1218 2383 sese
1241 2327 1544 2394 abdidere,
1569 2327 1772 2397 ibique
1795 2326 2011 2380 obdor-

359 2424 644 2489 mierunt,
677 2421 950 2474 obstruso
983 2417 1282 2489 spelunca:
1341 2416 1524 2472 aditu.
1571 2416 2010 2470 Trecentesimo

359 2517 558 2566 autem
583 2509 1019 2580 septuagesimo
1045 2505 1304 2561 secundo
1331 2511 1465 2576 post
1486 2521 1665 2574 anno,
1682 2503 2012 2559 Theodosio

351 2599 596 2670 juniore
621 2598 972 2667 imperante,
993 2597 1127 2650 eum
1151 2594 1414 2648 haaretici
1432 2593 1645 2665 dogma
1663 2593 2009 2658 movissent,

361 2687 634 2760 negando
665 2683 1186 2752 resurrectionem,
1219 2699 1406 2753 eaque
1435 2697 1532 2736 res
1589 2682 2012 2752 imperatorem

363 2779 621 2835 maxime
655 2775 977 2830 sollicitum
1010 2773 1278 2839 haberet,
1306 2773 1482 2843 Deus,
1532 2777 1598 2826 ut
1644 2772 1706 2825 in
1743 2771 2014 2826 omnium

361 2867 580 2922 animis
611 2869 830 2919 certam
863 2861 1320 2917 resurrectionis
1375 2860 1556 2916 fidem
1610 2861 2012 2927 conﬁrmaret,

361 2960 567 3028 aperta
620 2952 904 3024 spelunca
931 2950 1116 3006 voluit
1139 2966 1242 3005 eos
1271 2950 1428 3004 vivos
1461 2949 1748 3004 excitare:
1782 2965 1853 3004 ex
1883 2949 2017 3019 qui-

361 3045 473 3101 bus
502 3041 866 3098 Jamblichus
899 3043 1134 3111 sumpto
1161 3039 1322 3094 Decii
1353 3055 1598 3094 nummo
1629 3037 2016 3093 descenditin

361 3135 571 3191 urbem
604 3131 676 3186 ad
709 3129 1067 3186 coemendos
1097 3128 1283 3196 cibos,
1316 3133 1383 3182 ut
1439 3127 1541 3199 qui
1597 3127 1879 3182 hesterna
1921 3126 2016 3182 die

2037 1845 2084 1910 B

2107 561 2290 638 ἃγεται
2327 565 2473 637 παρά
2525 567 2623 619 τοῦ
2681 561 2947 639 ἄρχοντος
2998 563 3086 620 ἐπὶ
3139 565 3203 620 τὸ
3262 565 3568 635 Βυξᾶντιον.
3629 564 3759 618 Εἶτα

2109 653 2160 709 ἐν
2195 655 2450 730 ’Δγκύρῳ
2485 653 2608 710 ἔνθα
2639 655 2667 710 ὁ
2697 651 3062 729 πρεσϐύτερος
3090 656 3410 729 Σωκράτης,
3430 657 3539 708 τῶν
3560 650 3763 722 Ἐλλή-

2107 765 2214 798 νων
2246 741 2534 816 πάνδημον
2585 745 2779 817 ἑορτὴν
2835 744 3140 800 τελούντων
3198 749 3316 806 τοῖς
3368 742 3613 817 δαίμοσι,
3665 741 3758 798 καὶ

2107 834 2557 908 προσκυνούντων
2591 839 2708 896 τοῖς
2737 831 3014 904 εἲδώλοις,
3034 829 3272 902 εύλαῦής
3300 830 3396 903 ὢν,
3415 834 3503 888 καὶ
3529 833 3622 888 τὸν
3647 832 3760 891 Κύ-

2111 941 2230 998 ριον
2263 924 2426 995 ἡμῶν
2451 923 2661 993 Ἰησοῦν
2686 923 2910 998 Χριστὸν
2935 921 3246 998 ὁμολογῶν,
3277 919 3450 993 ζήλου
3468 919 3762 991 πλησθεὶς,

2108 1011 2199 1066 καὶ
2229 1013 2320 1066 τὸν
2355 1012 2544 1088 βωμὸν
2577 1013 2944 1087 καταστρέψας
2973 1016 3078 1067 τῶν
3113 1013 3336 1082 θυσιῶν,
3397 1009 3608 1084 ἐτμήθη
3661 1012 3762 1079 τήν

2109 1099 2372 1179 κεφαλήν.
2407 1103 2502 1157 Καὶ
2555 1101 2698 1157 οὕτω
2751 1099 3032 1178 παρέδωκε
3086 1103 3150 1157 τὸ
3197 1105 3430 1175 πνεῦμα.
3457 1102 3522 1158 Ἠ
3551 1098 3609 1155 δὲ
3638 1098 3764 1176 ἁγία

2111 1187 2373 1259 Θεοδότη,
2405 1190 2799 1265 ἀναγκασθεῖσα
2851 1193 3002 1246 θῦσαι
3059 1196 3176 1252 τοῖς
3225 1188 3501 1257 είδώλοις,
3558 1189 3758 1261 καὶμὴ

2111 1285 2410 1349 πεισθεῖσα,
2443 1277 2710 1351 ἐνεϐλήθη
2771 1280 2848 1341 εἰς
2905 1282 3138 1355 τήγανον
3202 1279 3337 1354 μετᾶ
3389 1277 3764 1354 κοχλάζοντος

2113 1367 2321 1426 ἐλαίου.
2358 1369 2462 1426 Καὶ
2490 1373 2558 1443 τῇ
2596 1373 2694 1424 τοῦ
2744 1374 2879 1425 Θεοῦ
2929 1369 3118 1446 χάριτι
3173 1375 3269 1426 τοῦ
3324 1369 3567 1445 τηγάνου
3621 1368 3766 1438 ἐξελ-

2113 1462 2279 1523 θοῦσα
2309 1453 2582 1529 ἀϐλαϐὴς,
2614 1455 2702 1513 διὰ
2729 1459 2912 1536 ξίφους
2941 1457 3237 1530 ἐτελειώθη
3268 1459 3355 1514 καὶ
3389 1458 3547 1529 αὐτή.

2713 1550 2797 1622 Τῇ
2831 1547 2966 1622 αὖτῇ
2998 1545 3181 1621 ήμέρᾳ

2111 1637 2176 1692 Ἦ
2206 1635 2508 1709 ἀνάμνησις
2540 1643 2642 1706 τῆς
2670 1638 3024 1713 φανερώσεως
3045 1641 3162 1713 Δτῶν
3195 1636 3366 1713 ἀγὲων
3400 1635 3533 1692 ἒπτά
3553 1632 3762 1691 παίδων

2704 1713 2810 1762 τῶν
2844 1709 2895 1763 ἐν
2928 1710 3164 1783 Ἐφέσῳ.

2186 1797 2352 1853 Οὗτοι
2386 1797 2438 1851 οἱ
2496 1797 2668 1871 ἅγιοι,
2720 1795 3138 1870 Μαξιμιλιανὸς,
3198 1791 3549 1871 Ἰάμϐλιχος,
3608 1797 3764 1869 Μαρ-

2112 1884 2373 1953 τινιανὸς,
2433 1884 2733 1954 Διονύσιος,
2821 1886 3102 1956 Ἰωάννης,
3190 1887 3616 1952 Κωνσταντῖνος,
3674 1883 3766 1939 καὶ

2113 1975 2464 2044 ’Δντωνῖνος,
2519 1975 2770 2050 ὑπῆρχον
2844 1973 2930 2029 ἐπὶ
2983 1975 3171 2029 Δεκίου
3226 1978 3323 2028 τοῦ
3386 1971 3656 2048 βασιλέως
3713 1971 3764 2026 ἐν

2110 2063 2340 2140 Ἐφέσῳ.
2377 2063 2474 2117 Διά
2519 2059 2576 2117 δὲ
2596 2063 2687 2117 τὸν
2742 2063 2971 2137 Χριστὸν
3013 2061 3392 2137 κρατηθέντες,
3441 2065 3767 2137 προσήχθη-

2113 2151 2318 2222 σαντῷ
2382 2148 2615 2226 βασιλεῖ.
2679 2151 2778 2205 Καὶ
2831 2152 3020 2222 καιρὸν
3082 2151 3438 2224 αἲτησάμενοι
3493 2155 3590 2205 τοῦ
3645 2150 3769 2204 σκέ-

2113 2242 2335 2314 ψασθαι,
2379 2236 2575 2316 ἔτυχον
2633 2239 2850 2298 τούτου.
2918 2243 3054 2297 Εἶτα
3112 2240 3373 2316 φυγόντες
3428 2239 3663 2309 ἀνῆλθον
3715 2238 3766 2292 ἐν

2115 2326 2382 2405 ὅρειτινὶ.
2423 2330 2510 2385 καὶ
2575 2329 2829 2399 εἰσῆλθον
2892 2329 2967 2391 είς
3026 2328 3320 2400 σπήλαιον,
3377 2329 3466 2384 καὶ
3524 2329 3578 2384 ἐν
3621 2328 3770 2400 αὐτῷ

2116 2417 2512 2493 ἐκοιμήθησαν.
2541 2421 2677 2474 Εἶτα
2707 2418 2980 2495 ἀνεφράγη
3013 2423 3111 2473 τοῦ
3161 2416 3436 2489 σπηλαίου
3466 2420 3500 2487 ὴ
3533 2414 3771 2483 εἴσοδος,

2115 2507 2206 2562 καὶ
2235 2508 2564 2582 τριακοσίων
2598 2508 2681 2582 οβ’
2735 2506 2869 2561 ἐτῶν
2918 2505 3322 2582 παρελθόντων,
3373 2506 3460 2562 ἐπὶ
3507 2513 3607 2575 τῆς
3670 2507 3770 2582 βας

2118 2593 2327 2656 σιλείας
2361 2593 2652 2651 Θεοδοσίου
2697 2601 2802 2650 τοῦ
2863 2600 3081 2670 μικροῦ,
3133 2594 3309 2671 δόγμα
3353 2594 3577 2666 ἐκινήθη
3625 2597 3777 2669 παρά

2114 2689 2223 2740 τῶν
2276 2685 2586 2758 αἱρετικῶν,
2648 2684 2919 2760 λεγόντων
2974 2687 3050 2759 μὴ
3112 2688 3248 2740 εἶναι
3307 2685 3612 2740 ἀνάστασιν.
3673 2685 3773 2738 Καὶ

2115 2777 2215 2828 τοῦ
2261 2771 2532 2847 βασιλέως
2589 2774 2714 2849 περῖ
2772 2773 2975 2844 ταύτης
3033 2775 3435 2850 φροντίζοντος,
3505 2771 3679 2836 θὲλων
3742 2774 3772 2827 ὁ

2119 2860 2248 2922 Θεὸς
2303 2858 2732 2937 πληροφορῆσαι
2793 2860 3016 2931 πάντας,
3075 2860 3159 2916 ὅτι
3236 2859 3377 2916 ἔστιν
3462 2861 3771 2930 ἀνάστασις,

2119 2946 2409 3020 εὐδόκησεν
2465 2950 2745 3025 ἀνοιγῆναι
2798 2950 2861 3005 τὸ
2929 2949 3224 3022 σπήλαιον,
3312 2951 3403 3006 καὶ
3475 2949 3772 3014 ἀναστῆναι

2122 3041 2347 3108 ζῶντας.
2377 3037 2464 3108 Ἐξ
2495 3039 2571 3093 ὧν
2611 3033 2967 3114 Ἰάμϐλιχος,
3027 3035 3212 3094 λαϐὼν
3265 3040 3512 3112 νόμισμα
3559 3037 3618 3094 ἐκ
3662 3042 3774 3093 τῶν

2122 3125 2211 3181 ἐπὶ
2240 3129 2338 3180 τοῦ
2367 3125 2579 3194 Δεκίου,
2603 3127 2692 3182 καὶ
2729 3127 3006 3184 κατελθὼν
3068 3127 3120 3183 ὲν
3157 3131 3228 3200 τῇ
3277 3125 3462 3198 πόλει,
3511 3127 3780 3203 ἀγοράσαι

359 3222 741 3282 dormiisset:
777 3219 879 3275 sed
911 3217 1204 3291 cognitus,
1238 3215 1648 3287 adductusque
1679 3215 1753 3271 ad
1785 3216 2008 3288 episco-

2123 3216 2358 3292 τροφήν,
2411 3215 2488 3277 ὡς
2545 3212 2656 3286 ἤδη
2722 3216 2853 3288 χθὲς
2902 3215 3216 3290 κοιμηθεὶς,
3297 3215 3628 3292 ἐπεγνώσθη·
3689 3215 3782 3271 καὶ

362 3329 527 3386 pum,
560 3327 686 3366 rem
719 3325 980 3375 omnem,
1013 3307 1098 3362 uti
1130 3323 1192 3362 se
1219 3305 2018 3378 habuerat,exposuit.lgitur

368 3419 504 3459 cum
553 3404 829 3455 testatam
887 3396 1390 3452 resurrectionem
1446 3395 1750 3462 fecissent,
1802 3394 2019 3450 iterum

363 3490 604 3557 mortui,
637 3489 699 3544 in
731 3487 1078 3559 speluncam
1112 3485 1262 3541 illati
1302 3489 1460 3540 sunt.

1023 3575 1247 3630 Eodem
1279 3574 1375 3630 die

368 3668 521 3725 188
556 3668 1011 3723 Commemoratio
1041 3665 1221 3719 sancti
1253 3665 1439 3718 Patris
1468 3662 1646 3718 nostri
1670 3662 1882 3734 lgnatii
1909 3679 2022 3734 pa-

737 3736 998 3791 triarcha
1029 3733 1645 3804 Constantinopolitani.

443 3828 693 3881 Sanctus
723 3827 897 3880 Pater
926 3829 1130 3878 noster
1183 3824 1448 3891 lgnatius
1500 3823 1660 3878 filius
1719 3824 2020 3879 Michaelis

367 3914 768 3986 imperatoris,
799 3912 982 3967 frater
1010 3911 1342 3982 Theophili,
1372 3915 1430 3965 et
1458 3927 1644 3982 nepos
1701 3912 2020 3982 Nicephori

368 3999 1132 4075 imperatorum,eunuchus
1155 3999 1436 4070 primum,
1460 3998 1675 4053 deinde
1693 4000 2020 4054 monachus

368 4093 581 4163 factus,
615 4090 854 4164 praefuit
879 4087 1241 4143 monasterio
1271 4087 1651 4158 Archangeli,
1685 4088 1843 4158 quod
1873 4087 2019 4143 olim

371 4181 647 4248 Orientis,
682 4194 840 4235 nunc
865 4181 1064 4232 autem
1095 4176 1284 4247 Satyri
1317 4191 1646 4248 cognomen
1677 4175 1876 4232 habet.
1909 4178 2022 4230 Po-

372 4278 498 4329 stea
527 4275 760 4327 creatus
785 4265 1122 4340 patriarcha
1151 4265 2019 4336 Constantinopolitanus,cum

369 4361 710 4433 praefuisset
734 4357 1014 4413 undecim
1045 4373 1231 4411 annos
1269 4360 1328 4410 et
1384 4372 1621 4411 menses
1666 4356 1953 4426 quinque,
1985 4373 2020 4411 a

372 4449 656 4506 Michaele
675 4448 1034 4520 imperatore
1063 4445 1433 4512 deturbatur,
1462 4444 1778 4517 subrogato
1801 4445 1863 4500 in
1891 4444 2020 4517 ejus

368 4539 569 4594 locum
603 4538 837 4604 Photio,
895 4536 1189 4592 monacho
1234 4536 1399 4607 prius
1451 4534 1640 4590 facto:
1674 4534 1775 4606 qui
1809 4539 1867 4589 et
1891 4534 2016 4606 ipse
2049 4571 2092 4636 Β

369 4631 578 4698 postea
609 4627 834 4696 ejectus
865 4625 976 4679 fuit
1004 4641 1036 4679 a
1067 4624 1288 4680 Basilio
1321 4625 1702 4695 imperatore,
1741 4624 2015 4680 restituto

373 4716 437 4770 in
469 4730 636 4769 suam
667 4712 870 4767 sedem
897 4712 1143 4783 Ignatio,
1179 4729 1356 4783 quam
1389 4729 1523 4768 cum
1543 4712 1718 4768 annis
1741 4713 2020 4768 undecim

372 4806 739 4874 occupasset,
771 4801 986 4854 iterum
1019 4799 1322 4870 depositus
1341 4806 1448 4865 est,
1472 4803 1716 4856 suffecto
1739 4802 1790 4856 ei
1816 4807 2019 4858 sancto

387 4891 683 4963 Stephano
718 4888 918 4944 Basilii
951 4889 1327 4959 imperatoris
1385 4889 1528 4943 tilio.
1592 4891 1836 4946 Sanctus
1885 4907 2019 4946 vero

374 4983 644 5056 Ignatius
674 4980 735 5035 in
762 4979 948 5051 Satyri
982 4978 1411 5034 monasterium
1444 4979 1748 5047 secedens,
1781 4981 1897 5035 vita
1927 4981 2020 5051 pie

375 5072 770 5144 religioseque
804 5068 1092 5134 traducta,
1123 5067 1185 5121 in
1215 5083 1359 5138 pace
1391 5067 1662 5122 decessit.

925 5335 1166 5389 EODEM
1205 5333 1456 5388 MENSE.

869 5422 972 5477 Die
1003 5422 1284 5477 vicesima
1313 5425 1524 5492 quarta

373 5518 526 5576 189
563 5516 853 5571 Certamen
877 5513 1054 5568 sancti
1083 5513 1343 5580 martyris
1373 5510 1614 5578 Arethae,
1646 5517 1700 5566 et
1727 5512 2016 5566 sociorum.

439 5680 548 5739 Hic
581 5679 786 5752 Negrae
811 5673 977 5731 urbis
1007 5673 1070 5732 in
1088 5671 1382 5746 Ethiopia
1410 5672 1690 5746 princeps
1721 5672 1835 5730 fuit
1863 5678 2018 5731 tem-

2125 3304 2315 3380 ἀχθεὶς
2372 3304 2508 3378 πρὸς
2563 3306 2656 3360 τὸν
2717 3303 3034 3375 ἐπίσκοπον,
3121 3302 3394 3376 ἀνεδίδαξε
3446 3306 3618 3360 πᾶσαν
3677 3305 3780 3374 τὴν

2125 3393 2410 3463 ἀλήθειαν.
2466 3393 2750 3468 Ἐγένοντο
2805 3393 2896 3448 οῦν
2957 3395 3226 3470 μάρτυρες
3279 3400 3380 3463 τῆς
3437 3393 3781 3458 ἀναστάσεως

2125 3481 2224 3537 Καὶ
2254 3480 2418 3537 πάλιν
2453 3481 2714 3550 θανόντες,
2748 3480 3004 3553 ἐτέθησαν
3038 3481 3090 3538 ἐν
3122 3487 3202 3554 τῷ
3232 3480 3511 3555 σπηλαίῳ.

2712 3575 2791 3646 τῇ
2832 3572 2968 3646 αὐτῇ
2997 3572 3199 3648 ἡμέρᾳ.

2125 3659 2331 3730 Μνήμη
2381 3656 2478 3714 τοῦ
2537 3657 2594 3734 ἐν
2639 3659 2822 3732 ἁγίοις
2880 3659 3091 3733 Πατρὸς
3140 3662 3302 3734 ἠμῷν
3355 3658 3617 3734 Ἰγνατίου
3676 3682 3784 3716 πα-

2113 3769 2118 3776 .
2259 3728 2266 3730 ⁷
2322 3728 2328 3729 ί
2471 3728 2740 3805 τριάρχου
2774 3728 3418 3793 Κονσταντινουπόλεωςξ

2197 3819 2259 3875 Ὀ
2308 3817 2359 3872 ἐν
2418 3817 2591 3894 ἁγίοις
2652 3821 2840 3895 Ηατήρ
2901 3821 3061 3892 ἡμῶν
3125 3818 3382 3894 Ἰγνάτιος
3441 3819 3632 3896 γὲγονε
3683 3821 3784 3894 μὶν

2126 3907 2243 3969 υίὸς
2277 3907 2513 3982 Μιχαὴλ
2542 3912 2638 3962 τοῦ
2673 3906 2966 3984 βασιλέως,
2989 3905 3224 3986 ἀδελφὸς
3260 3905 3318 3964 δὲ
3368 3908 3660 3986 Θεοφίλου,
3689 3912 3786 3966 καὶ

2127 3990 2346 4071 ἔκγονος
2404 3995 2722 4074 Νικηφόρου
2775 4001 2882 4052 τῶν
2947 3995 3238 4072 βασιλέων.
3287 3996 3566 4074 Εὐνοῦχος
3607 3995 3665 4052 δὲ
3692 4019 3784 4073 γε-

2125 4086 2325 4162 γονὼς,
2359 4087 2473 4141 εἶτα
2502 4087 2592 4140 καὶ
2628 4088 2895 4161 μοναχὸς,
2947 4089 3138 4163 γὲγονε
3183 4087 3274 4142 καὶ
3326 4087 3637 4162 ἡγούμενος
3682 4095 3786 4158 τῆς

2131 4180 2305 4248 μονῆς
2330 4177 2424 4229 τοῦ
2455 4176 2857 4250 Ἀρχαγγέλου,
2908 4179 3006 4230 τοῦ
3058 4175 3182 4232 τότε
3237 4177 3330 4250 μὶν
3382 4175 3785 4252 ἐπιλεγομὲνευ

2125 4259 2541 4332 ἀνατέλλοντος,
2601 4267 2690 4318 νῦν
2752 4261 2810 4318 δὲ
2867 4263 3134 4340 Σατύρου.
3204 4264 3334 4321 Εἶτα
3381 4267 3782 4342 προεχειρίσθη

2125 4351 2215 4408 καὶ
2245 4351 2594 4428 πατριάρχης
2652 4352 3301 4419 Κωνσταντινουπόλιως·
3349 4354 3438 4410 καὶ
3489 4355 3783 4432 ἐκράτησεν

2126 4435 2219 4512 ἔτη
2302 4437 2511 4512 ἕνδεκα,
2603 4449 2776 4515 μῆνας
2854 4439 3032 4502 πέντε.
3117 4444 3221 4500 Καὶ
3287 4444 3423 4518 μετά
3474 4449 3641 4500 ταῦτα
3699 4445 3790 4519 ἐξ-

2127 4527 2336 4601 εϐλήθη
2373 4532 2476 4587 ὑπὸ
2506 4532 2736 4609 Μιχαὴλ
2774 4533 3066 4610 βασιλέως,
3101 4534 3214 4588 ἀντ’
3243 4535 3410 4590 αὐτοῦ
3432 4536 3784 4611 πατριάρχην

2127 4622 2453 4692 ποιήσαντος
2501 4622 2717 4677 Φώτιον
2796 4622 3085 4698 γενόμενον
3161 4623 3422 4699 πρότερον
3513 4626 3760 4700 μοναχόν

2133 4709 2262 4766 Εἶτα
2293 4703 2562 4781 ἐξεϐλήθη
2612 4711 2700 4766 καὶ
2758 4709 2918 4774 αὐτὸς
2979 4711 3082 4766 ὑπὸ
3140 4709 3427 4768 Βασιλείου
3490 4714 3785 4788 βασιλέωςο

2131 4799 2220 4853 καὶ
2283 4798 2635 4869 ἀντικατέστη
2696 4799 2956 4873 Ἰγνάτιος
3012 4798 3200 4855 πάλιν⁸
3271 4801 3361 4855 καὶ
3417 4799 3787 4874 ἑπεσκόπησεν

2135 4885 2227 4956 ἔτη
2281 4881 2488 4942 ἔνδικα·
2548 4888 2635 4942 καὶ
2692 4886 2857 4943 πάλιν
2917 4883 3207 4959 ἐξεϐλήθη·
3266 4888 3357 4944 καὶ
3415 4887 3627 4960 ἐγένετο
3678 4913 3794 4948 πα-

2132 4976 2408 5051 τριάρχης
2440 4976 2711 5053 Στέφανος
2742 4977 2770 5030 ὁ
2803 4975 2854 5031 ἐν
2885 4976 3064 5052 ἁγίοις
3121 4978 3238 5040 υἱὸς
3291 4978 3580 5036 Βασιλείου
3631 4981 3794 5057 βασι-

2132 5061 2296 5125 λέως.
2325 5064 2386 5120 Ὀ
2419 5061 2476 5118 δὲ
2507 5065 2661 5140 ἅγιος
2694 5065 2957 5139 Ἰγνάτιος
3017 5065 3275 5134 ἀπελθὼν,
3314 5066 3368 5122 ἐν
3415 5073 3496 5141 τῷ
3535 5073 3632 5124 τοῦ
3678 5076 3792 5126 Σα-

2127 5150 2296 5224 τύρου
2357 5152 2736 5229 μοναστηρίῳ,
2801 5151 2891 5207 καὶ
2956 5151 3142 5217 καλῶς
3205 5156 3432 5230 βιώσας,
3491 5157 3542 5214 ἐν
3602 5157 3794 5236 εἰρήνῃ

2129 5237 2424 5311 ἐτελειώθη
2437 5284 2452 5297 .

2681 5339 2864 5396 MHNI
2902 5345 2987 5394 ΤΩ
3025 5343 3226 5399 ΛΥἹῺ.

2897 5430 3015 5487 ΚΝ.

2129 5515 2402 5585 ’Άθλησις
2461 5516 2555 5569 τοῦ
2610 5512 2770 5590 ἀγίου
2858 5515 3155 5594 μάρτυρος,
3216 5517 3429 5594 ’Δρὲθα,

2729 5586 2980 5652 συνοδίας
3007 5586 3192 5645 αύτοῦ.

2126 5739 2131 5748 Ι
2202 5671 2377 5737 Οῦτος
2410 5675 2478 5746 ἦν
2507 5679 2724 5753 πρῶτος
2751 5682 2856 5748 τῆς
2881 5675 3098 5740 πόλεως
3138 5679 3346 5753 Νεγρᾶς
3395 5677 3448 5735 ἐν
3477 5681 3789 5761 Δίθιωπίᾳ,

3521 5520 3611 5576 καί
3689 5526 3794 5595 τῆς
