4042 6206
336 384 459 446 125

1836 382 2218 445 OCTOBER.

3630 385 3750 443 126

333 516 423 571 ἐπὶ
482 524 577 585 τῆς
632 514 911 589 βασιλείας
986 517 1303 573 Ἰουστίνουπ
1366 524 1464 585 τῆς
1527 518 1621 589 μὶν
1683 515 1974 571 Αἶθιωπέαι

2105 515 2348 587 poribus
2378 516 2590 570 Justini
2634 515 3029 585 imperatoris.
3066 515 3370 586 :Ethiopia)
3427 520 3625 570 autem
3657 535 3752 570 re-

335 607 722 683 ﬂzsz}.530v:0;
784 602 1093 662 Ἐλεσῦαᾶν
1149 612 1246 661 τοῦ
1303 608 1850 682 χριστιανικωτάτου’
1878 609 1986 659 τῶν

330 696 405 756 δὲ,
444 699 775 767 Ὀμηριτὼν,
806 692 1074 768 Ἐὅραὶου
1102 693 1268 757 τινός.
1324 698 1385 751 ’Π
1445 694 1503 750 δὲ
1564 695 1794 762 τοιαύτη
1829 695 1989 768 χώρα

320 787 461 851 παρὰ
492 787 588 855 μὲν
618 789 691 856 τῇ
727 785 849 855 θείᾳ
882 789 1069 861 Γραφῇ
1118 785 1332 859 λέγεται
1388 780 1558 839 Σαϐάο
1592 785 1736 857 παρά
1767 781 1823 837 δί
1854 782 1989 839 Ἐλ-

614 874 903 946 εΰδαξμων
980 871 1230 948 Ἀραϐία.
1292 877 1403 931 Τοῦ
1478 872 1535 929 δὲ
1576 868 1840 929 ’Βλεσόαᾶ
1894 872 1984 926 τὸν

310 959 563 1035 ’ὁϐραῖον
594 965 1001 1033 ὑποτάξαντος,
1059 965 1149 1018 καὶ
1210 963 1453 1040 φύλακας
1519 962 1570 1017 ἐν
1602 967 1669 1034 τῇ
1702 961 1861 1017 πόλει
1892 960 1985 1015 αὖ.

314 876 475 942 lnam
511 918 526 939 ,

303 1058 400 1106 τοῦ
457 1056 956 1122 καταστήσαντος,
1015 1054 1315 1114 ἐπαναστάς
1376 1054 1404 1106 ὁ
1463 1048 1716 1123 Ἐϐραῖος
1773 1049 1985 1104 ἀνεῖλεν

306 1144 527 1207 αὐτοὺς,
565 1145 661 1197 καὶ
698 1145 838 1216 πρὸς
867 1146 965 1212 τήν
1020 1145 1226 1218 Νεγραν
1289 1142 1446 1198 πόλιν
1501 1140 1810 1216 ἐξέδραμεν.
1842 1143 1983 1197 ’Ἡν-

304 1255 427 1287 τινα
487 1230 925 1307 ἐπολιόρκησεν,
1014 1234 1078 1287 οὐ
1148 1230 1396 1304 δυνάμει,
1477 1231 1602 1287 ἀλλ’
1657 1230 1980 1304 ἐπιορκίαις.

304 1322 469 1384 Ὅθεν
528 1322 667 1382 τοὺς
732 1321 786 1375 ἐν
847 1322 986 1393 αὐτῇ
1043 1320 1394 1395 Χριστιανοὺς
1449 1318 1649 1377 πάντας
1705 1315 1899 1391 ἄνδρας
1926 1337 1986 1371 τε

306 1410 398 1464 καὶ
456 1416 732 1485 γυναῖκας
801 1411 1102 1486 ἐφόνευσεν.
1188 1412 1353 1474 Ἔνθα
1437 1410 1465 1463 ὁ
1523 1406 1676 1483 ἅγιος
1763 1407 1982 1477 ’Δρέθας

305 1499 483 1572 γίρων
544 1495 649 1566 ὤν,
711 1499 800 1553 καὶ
863 1502 937 1572 μή
1000 1497 1296 1571 δυνάμενος
1352 1504 1740 1574 περιπατῆσαι,
1786 1494 1981 1550 ἔκειτο.

306 1588 401 1657 Ἐξ
434 1589 503 1642 οὐ
565 1588 661 1643 ὅτε
717 1590 855 1662 ἦγον
916 1589 1078 1643 αὐτὸν
1141 1586 1561 1665 ἀποκεφαλίσαι,
1625 1586 1728 1640 ὑπὸ
1785 1585 1979 1658 ἐτέρων

312 1672 671 1745 ἐϐαστάζετο.
726 1678 946 1751 Ἀχοεὶς
1007 1678 1097 1731 οὖν
1157 1674 1585 1751 ἀπεκεφαλίσθη,
1647 1674 1983 1749 εὐχαριστῶν

310 1772 393 1837 τῷ
423 1772 568 1836 Θεῷ,
629 1767 768 1839 μετά
822 1772 931 1821 τῶν
995 1766 1205 1821 λοιπῶν
1266 1769 1627 1841 Χριστιανῶν,
1685 1768 1793 1818 τῶν
1828 1762 1983 1834 ἐντῇ

312 1855 475 1911 πόλει
510 1861 715 1930 Νεγρᾶ⁶
747 1857 836 1911 καὶ
869 1855 1043 1918 οὕτως
1075 1854 1391 1926 ἐτελειώθη.

896 1964 976 2033 τῆ
1032 1961 1167 2035 αὐτῇ
1215 1964 1399 2033 ἡμέρᾳ

310 2057 528 2126 Μνημη
564 2058 666 2109 τοῦ
697 2053 747 2109 ἐν
778 2054 956 2128 ἁγίοις
992 2056 1377 2129 Πατρὸςὴμῶν
1410 2052 1683 2127 Πρόκλου,
1710 2050 1973 2126 πατριάρ-

756 2164 862 2219 χου
900 2143 1544 2205 Κωνσταντινουπόλεως.

382 2254 447 2309 Ὀ
510 2252 565 2305 ἐν
631 2252 805 2327 ἁγίοις
848 2252 1035 2325 Ηατήρ
1068 2254 1228 2324 ἡμῶν
1286 2249 1552 2325 Ορόκλος,
1609 2244 1845 2316 εὐλαϐὴς
1876 2245 1970 2314 ὢν,

308 2344 401 2399 καὶ
459 2341 633 2419 σοφός
668 2386 682 2409 ,
735 2343 826 2397 καὶ
887 2342 1162 2416 ἐνάρετος,
1220 2342 1611 2417 ἐχειροτονήθη
1673 2342 1820 2413 παρὰ
1874 2341 1972 2392 τοῦ

310 2434 475 2508 ἁγίου
553 2433 831 2486 Σισιννίου
912 2433 1260 2507 πατριάρχου
1345 2428 1972 2489 Κωνσταντινουπόλεως

310 2522 621 2583 ὲπὲσκοπος
686 2522 948 2589 Κυζίκου.
1007 2522 1282 2584 Ἀπεκθὼν
1343 2518 1419 2587 δὲ,
1469 2520 1558 2575 καὶ
1621 2521 1695 2593 μή
1758 2517 1969 2594 δεχθεῖς

310 2614 460 2686 παρὰ
490 2616 603 2665 τῶν
639 2610 750 2664 ἐκεῖ
799 2609 1102 2680 κληρικῶν,
1155 2612 1435 2685 αἱρετικῶν
1497 2605 1685 2681 ὄντων,
1716 2608 1968 2680 ὑπέστρε-

312 2708 409 2776 ψεν
472 2703 527 2755 ἐν
590 2701 1159 2757 Κωνσταντινουπόλει
1197 2745 1210 2767 ,
1280 2702 1371 2755 τὸν
1426 2702 1619 2773 μεταξὺ
1679 2699 1967 2775 σχολάζων

312 2793 547 2867 χρόνον,
579 2790 672 2844 καὶ
716 2789 1004 2865 προσέχων
1063 2790 1235 2862 ἑαυτῷ
1262 2811 1320 2844 τε
1375 2792 1465 2845 καὶ
1520 2795 1589 2864 τῇ
1648 2791 1968 2865 ἀναγνώσει.

309 2881 762 2949 Τελευτήσαντος
812 2877 870 2933 δὲ
924 2882 1265 2951 Μαξιμιανοῦ
1320 2884 1415 2934 τοῦ
1472 2882 1837 2955 πατριάρχου,
1889 2878 1969 2935 ἔτι

315 2974 414 3024 τοῦ
478 2969 747 3042 λειψάνου
806 2968 970 3022 αὐτοῦ
1025 2971 1278 3041 κειμένου
1337 2969 1388 3023 ἐν
1447 2968 1526 3041 τῷ
1581 2970 1830 3044 ἱερατείῳ
1873 2977 1973 3039 τῆς

314 3060 633 3134 ἁγιωτάτης
663 3062 759 3112 τοῦ
803 3057 937 3111 Θεοῦ
987 3056 1241 3133 Μεγάλης
1300 3058 1651 3129 Ἐκκλησιας,
1680 3060 1968 3134 προχειρίο

315 3157 465 3219 ζεται
528 3150 879 3223 πατριάρχης
941 3149 1584 3211 Κωνσταντινουπόλεως·
1643 3152 1733 3205 καὶ
1784 3150 1973 3225 ἐνθρο-

2008 1879 2058 1944 Β

2097 623 2280 678 gnum
2307 612 2543 659 tenente
2567 605 2892 659 Elesbaano
2912 604 3125 657 eximio
3143 603 3492 660 Christiana)
3516 606 3751 677 religio-

2100 696 2193 749 nis
2224 696 2475 759 cultore,
2504 694 2842 759 Homeritis,
2869 710 3120 763 quorum
3153 695 3309 761 regio
3343 695 3400 748 in
3433 696 3750 766 Scripturis

2099 786 2282 838 sacris
2318 783 2492 849 Saba,
2528 800 2561 837 a
2593 783 2808 837 Grmcis
2850 788 3045 836 autem
3080 783 3238 835 Felix
3268 784 3484 837 Arabia
3504 783 3743 852 dicitur,

2098 872 2378 927 Hebraeus
2406 873 2647 944 quidam
2700 871 3048 941 imperabat.
3082 870 3444 926 Elesbaanus
3475 890 3608 927 vero
3644 891 3743 929 su-

2096 968 2298 1033 perato
2352 962 2616 1029 Hebraao,
2639 961 2849 1016 urbem
2882 961 3008 1030 ejus
3039 960 3332 1031 praesidiis
3381 962 3741 1017 ﬁrmaverat.

2093 1054 2168 1106 At
2194 1052 2493 1115 Hebraaus,
2526 1068 2676 1106 caeso
2708 1057 2953 1121 repente
2986 1049 3283 1120 prtesidio,
3307 1049 3381 1104 ad
3405 1049 3609 1105 urbem
3635 1053 3745 1105 Ne-

2098 1156 2261 1209 gram
2294 1140 2618 1201 contendit,
2651 1156 2829 1210 quam
2862 1156 2995 1193 cum
3032 1156 3150 1193 non
3192 1139 3264 1203 vi,
3326 1137 3431 1192 sed
3463 1139 3744 1209 perjuriis

2094 1230 2368 1300 cepisset,
2419 1230 2784 1284 Christianos
2823 1245 3030 1283 omnes
3071 1227 3149 1281 ibi
3184 1234 3469 1298 repertos,
3501 1228 3655 1283 viros
3687 1234 3746 1283 et

2091 1318 2366 1386 feminas,
2401 1319 2733 1373 trucidavit.
2787 1319 3034 1372 Sanctus
3066 1323 3263 1371 autem
3296 1317 3546 1372 Arethas
3604 1335 3740 1371 cum

2093 1409 2259 1463 senio
2291 1409 2596 1463 confectus
2646 1409 2895 1479 jaceret,
2955 1423 3149 1479 neque
3205 1424 3310 1477 per
3340 1424 3401 1461 se
3434 1406 3741 1461 ambulare

2088 1503 2310 1568 posset,
2343 1497 2807 1552 succollantibus
2839 1498 2975 1552 aliis
3005 1496 3079 1551 ad
3112 1496 3334 1550 cmdem
3366 1496 3598 1550 delatus
3629 1503 3736 1551 est.

2088 1585 2276 1648 Quare
2308 1586 2526 1657 gratias
2558 1587 2673 1640 Deo
2704 1601 2906 1657 agens,
2942 1584 3295 1655 decollatusj
3318 1584 3429 1638 fuit
3454 1600 3573 1638 una
3603 1602 3739 1639 cum

2087 1673 2336 1743 reliquis
2368 1672 2718 1728 Christianis
2751 1675 2811 1727 in
2844 1673 2988 1728 urbe
3021 1674 3207 1743 Negra
3250 1674 3526 1744 repertis,
3561 1680 3739 1744 atque

2089 1761 2172 1816 ita
2203 1762 2382 1817 linem
2405 1763 2534 1817 vitaa
2563 1764 2811 1834 accepit.

2742 1957 2959 2012 Eodem
2990 1958 3085 2012 die

2159 2047 2315 2102 140
2359 2046 2815 2102 Commemoratio
2843 2049 3019 2101 sancti
3048 2049 3231 2102 Patris
3261 2050 3436 2101 nostri
3460 2049 3665 2114 Procli,

2407 2136 2750 2191 Patriarchw
2802 2136 3415 2205 Constantinopolitani.

2160 2243 2410 2297 Sanctus
2440 2244 2614 2296 Pater
2641 2246 2845 2296 noster
2866 2242 3127 2308 Proclus,
3163 2243 3400 2313 pietate,
3425 2242 3737 2313 sapientia,

2088 2336 2145 2385 et
2177 2331 2388 2385 virtute
2420 2330 2690 2403 insignis,
2725 2348 2759 2384 a
2789 2331 3005 2386 Sisinio
3038 2331 3372 2402 patriarcha
3402 2333 3740 2386 Constanti-

2084 2420 2432 2491 nopolitano
2464 2421 2774 2491 episcopus
2804 2420 2991 2491 Cyzici
3023 2426 3276 2487 creatus,
3310 2437 3502 2491 neque
3548 2437 3582 2476 a
3612 2422 3734 2475 cle-

2085 2510 2225 2564 ricis
2254 2510 2596 2580 Clyzicenis,
2630 2510 2847 2579 quippe
2880 2509 2979 2579 qui
3014 2509 3275 2563 haaretici
3304 2514 3496 2575 erant,
3532 2526 3736 2579 recep—

2086 2604 2202 2665 tus,
2235 2599 2809 2669 Constantin0polim
2842 2599 3039 2667 rediit,
3074 2599 3273 2669 ibique
3291 2598 3420 2653 dies
3452 2599 3591 2671 egit,
3623 2595 3735 2653 sibi

2087 2688 2223 2759 ipsi,
2246 2694 2303 2743 et
2324 2689 2565 2744 lectioni
2590 2705 2820 2744 vacans.
2849 2689 3134 2744 Defuncto
3157 2694 3355 2743 autem
3384 2689 3734 2743 Maximiano

2085 2776 2441 2846 patriarcha,
2457 2793 2591 2832 cum
2613 2777 2742 2848 ejus
2760 2776 3028 2847 reliquiae
3050 2776 3242 2832 adhuc
3261 2777 3321 2831 in
3343 2777 3733 2832 sanctissimas

2087 2869 2146 2920 et
2176 2867 2394 2937 Magnas
2428 2866 2527 2920 Dei
2560 2866 2837 2920 Ecclesia:
2896 2866 3152 2920 sacrario
3186 2865 3477 2937 jacerent,
3510 2866 3572 2920 in
3604 2865 3734 2936 ejus

2086 2955 2283 3010 locum
2315 2957 2652 3027 patriarcha
2680 2956 3373 3027 Constantinopolitanus
3400 2955 3644 3023 electus,
3668 2957 3731 3010 in

2086 3045 2300 3101 throno
2354 3046 2678 3101 collocatur
2735 3046 2795 3100 in
2858 3046 3068 3117 majori
3136 3045 3528 3113 hebdomada,
3586 3044 3735 3100 feria

2087 3135 2295 3205 quinta
2344 3136 2622 3190 salutaris
2681 3135 2981 3206 passionis
3038 3135 3269 3189 Domini
3354 3135 3541 3190 nostri
3598 3136 3735 3189 Jesu

314 3240 521 3306 νὶζεται
552 3238 672 3290 κατ’
702 3237 869 3305 αὑτήν
900 3238 1002 3305 τὴν
1066 3236 1307 3311 μεγάλην
1366 3232 1644 3311 ἑϐδομάδα
1674 3237 1726 3292 ἐν
1757 3242 1825 3311 τῇ
1850 3224 1974 3313 ἀγίᾳ

2090 3224 2327 3279 Christi.
2362 3225 2625 3295 Cumque
2672 3230 2804 3295 post
2863 3224 3305 3279 ordinationem
3362 3224 3645 3295 praeclare
3679 3240 3740 3278 se

314 3330 549 3400 πέμπτῃ
578 3329 678 3379 τοῦ
740 3327 1017 3400 σωτηρίου
1067 3326 1267 3388 πάθους
1313 3332 1411 3381 τοῦ
1443 3327 1646 3402 Κυρίου
1675 3330 1836 3399 ἡμῶν
1869 3331 1977 3398 Ἰη.

320 3421 419 3470 σοῦ
480 3419 748 3487 Χριστοῦ.
808 3414 905 3469 Καὶ
964 3414 1149 3477 καλῶς
1200 3416 1661 3489 πολιτευσάμενος
1718 3418 1982 3490 καὶμετά

312 3506 416 3571 τὴν
452 3503 824 3578 χειροτονίαν,
870 3504 957 3557 καὶ
1017 3502 1262 3565 πολλοὺς
1321 3502 1413 3559 διὰ
1467 3512 1566 3573 τῆς
1627 3503 1982 3570 διδασκαλίας

320 3595 489 3649 αὐτοῦ
550 3594 883 3669 ὠφελήσας,
939 3592 1307 3664 ἐπεσκόπησεν
1364 3591 1457 3665 ἔτη
1510 3593 1721 3651 δώδεκα
1748 3596 1836 3651 καὶ
1874 3603 1981 3669 μῆ·-

312 3705 410 3745 νας
443 3684 620 3756 τρεῖς,
651 3683 740 3736 καὶ
769 3683 1103 3751 τελειωθεὶς,
1135 3682 1491 3740 ἀνεπαύσατο.

900 3793 1073 3845 MHNI
1100 3791 1190 3867 Τῼ
1215 3796 1407 3872 arra.

1084 3885 1221 3933 Kls‘.

312 3967 602 4045 ’Ἂθλησις
631 3969 737 4020 τῶν
772 3965 936 4041 ἀγίων
973 3968 1258 4041 μαρτύρων
1307 3967 1395 4022 καὶ
1427 3969 1689 4043 νοταρίων
1726 3971 1980 4044 Μαρκια-

819 4054 914 4110 νοῦ
973 4058 1065 4111 καὶ
1124 4060 1464 4134 Μαρτυριου.

388 4175 563 4232 Οὗτοι
627 4175 861 4245 μαθηταὶ
910 4173 999 4228 καὶ
1056 4174 1296 4250 νοτάριοι
1356 4177 1613 4252 ὑπῆρχον
1664 4183 1760 4232 τοῦ
1817 4180 1975 4254 ἁγίου

314 4263 545 4319 Παύλου
629 4267 725 4317 τοῦ
812 4262 1165 4337 ὁμολογητοῦ
1201 4309 1213 4333 ,
1273 4268 1618 4341 πατριάρχου
1686 4270 1979 4343 γεγονότος

312 4351 982 4420 Κωνσταντινουπόλεως,
1041 4352 1124 4407 ἐπὶ
1183 4360 1285 4422 τῆς
1354 4353 1633 4428 βασιλείας
1692 4359 1978 4412 Κωνσταν-

311 4444 461 4498 τίοι).
498 4440 765 4497 Ἐπεὶοῦν
799 4440 900 4494 ὀὲν
958 4441 1138 4515 ἁγίοις
1196 4442 1412 4497 Παῦλος
1471 4446 1598 4520 παρ’
1656 4446 1819 4501 αὑτοῦ
1874 4453 1976 4503 τοῦ

318 4532 619 4608 βασιλέως,
652 4528 739 4584 διὰ
766 4532 828 4585 τὸ
882 4532 955 4603 μή
1010 4528 1399 4607 καταδέχεσθαι
1456 4535 1555 4602 τήν
1612 4540 1720 4590 τῶν
1753 4537 1967 4611 Ἀρεια-

2088 3312 2390 3383 gessisset,
2426 3312 2747 3381 multisque
2775 3311 3046 3367 doctrina
3077 3329 3184 3366 sua
3206 3312 3543 3383 profuisset,
3569 3327 3741 3364 exac-

2088 3400 2166 3454 tis
2198 3400 2258 3453 in
2290 3400 2637 3470 episcopatu
2668 3400 2844 3454 annis
2903 3399 3218 3454 duodecim
3260 3416 3326 3453 ac
3357 3398 3546 3453 tribus
3575 3415 3742 3453 men-

2088 3486 2276 3553 sibus,
2302 3487 2362 3541 in
2395 3504 2538 3557 pace
2566 3488 2814 3558 quievit.

2642 3754 2884 3810 EODEM
2934 3756 3185 3811 MENSE.

2590 3844 2691 3899 Die
2723 3844 3003 3901 vicesima
3035 3846 3242 3917 quinta

2089 3934 2237 3988 141
2280 3935 2566 3989 Certamen
2596 3941 2912 3990 sanctorum
2968 3942 3279 4005 martyrum
3315 3943 3365 3992 et
3394 3939 3743 3993 notariorum

2586 4026 2858 4079 Marciani
2876 4031 2930 4079 et
2961 4027 3240 4095 Martyrii.

2161 4202 2227 4255 Hi
2261 4201 2560 4272 discipuli,
2585 4208 2643 4256 et
2668 4201 2881 4257 notarii
2916 4202 3079 4257 fuere
3112 4206 3297 4258 sancti
3322 4204 3491 4258 Pauli
3512 4205 3736 4259 confes-

2089 4290 2241 4344 soris
2268 4294 2326 4343 et
2356 4289 2704 4360 patriarcha)
2754 4291 3419 4360 Constantinopolitani,
3455 4291 3733 4361 tempori-

2088 4378 2198 4432 bus
2228 4379 2554 4432 Constantii
2589 4378 2984 4447 imperatoris.
3019 4380 3337 4447 Postquam
3370 4383 3567 4432 autem
3600 4394 3735 4432 san-

2086 4472 2215 4521 ctus
2249 4466 2465 4521 Paulus
2497 4466 2569 4520 ab
2612 4465 2821 4519 eodem
2864 4466 3242 4537 imperatore,
3278 4466 3436 4537 quod
3463 4467 3535 4521 ab
3569 4467 3735 4521 Aria-

2084 4570 2295 4608 norum
2329 4554 2537 4607 hmresi
2568 4552 2915 4621 abhorrens,
2949 4553 3176 4607 nullam
3207 4571 3343 4609 cum
3376 4554 3447 4610 iis
3469 4572 3733 4611 commu-

315 4628 424 4676 νῶν
480 4619 1110 4692 αἳρεσιν,ἧκοινωνίαν,
1171 4619 1317 4675 ἀλλά
1371 4622 1597 4685 τούτους
1656 4625 1971 4698 ἀποκηρύτ-

2090 4600 2295 4608 M”---
2330 4600 2537 4607 ηιμ---
2569 4600 2679 4607 πη
2702 4600 2915 4621 .------,
2949 4600 3176 4607 --..--.....
3209 4600 3343 4609 η...
3376 4600 3446 4610 --ν
3471 4600 3705 4611 cum...

2090 4644 2327 4697 nionem
2348 4643 2599 4713 jungere
2642 4641 2942 4707 voluisset,
2978 4644 3037 4696 in
3070 4645 3413 4699 Armeniam
3441 4645 3734 4717 relegatus

312 4733 451 4776 τειν,
528 4708 816 4780 ὑπερόριος
874 4707 924 4761 ἐν
994 4711 1253 4783 Ἀρμενίᾳ
1303 4712 1543 4787 γέγονεν,
1608 4711 1738 4778 ἔνθα
1793 4717 1971 4770 καὶτὸ

320 4796 595 4871 μακάριον
626 4794 836 4868 ἐδέξατο
894 4794 1076 4865 τελος,
1109 4799 1425 4874 ἀποπνιγεὶς
1484 4801 1589 4855 ἀπὸ
1614 4807 1722 4856 τῶν
1753 4804 1973 4878 Ἀρεια-

318 4890 425 4941 νῶν
463 4885 555 4941 διά
584 4886 681 4953 τήν
716 4882 1006 4959 ὀρθόδοξον
1038 4886 1360 4961 ὁμολογίαν·
1406 4890 1494 4943 καὶ
1530 4891 1677 4945 οὗτοι
1707 4893 1775 4946 τὰ
1803 4891 1971 4964 ὅμοια

315 4982 647 5051 φρονοῦντες
673 4981 752 5047 τῷ
782 4973 1113 5049 διδασκαλῳ,
1146 4978 1275 5040 τοὺς
1331 4980 1643 5054 Ἀρειανοὺς
1699 4981 1967 5058 ἤλεγχον,

314 5070 407 5123 καὶ
482 5067 854 5140 ἐκρατήθησαν
935 5067 1083 5140 παρά
1160 5066 1446 5122 Φιλίππου
1527 5075 1624 5125 τοῦ
1700 5070 1968 5147 ἐπάρχου,

316 5159 609 5231 Ἀρειανοῦ
667 5153 843 5221 ὄντος,
875 5153 1181 5211 καὶπολλά
1235 5158 1659 5232 τιμωρηθὲντες,
1717 5160 1969 5216 ἀπεκλεί-

314 5250 519 5315 σθησαν
580 5241 655 5304 εἷς
712 5244 991 5311 σκοτεινὴν
1057 5245 1303 5320 φυλακὴν
1337 5292 1350 5316 ,
1411 5246 1562 5320 λιμῷ
1615 5249 1705 5303 καὶ
1790 5251 1968 5306 σκότει

316 5332 761 5411 βασανιζόμενον
823 5327 1174 5401 ἐκϐληθέντες
1232 5332 1288 5389 δὲ
1341 5343 1444 5403 τῆς
1501 5339 1770 5415 φυλακῆς,
1802 5341 1970 5413 ἠναγ-

313 5428 548 5493 χάζοντο
606 5420 881 5483 συνελθεῖν
942 5421 1019 5483 εἷς
1074 5424 1173 5491 τήν
1231 5428 1339 5478 τῶν
1395 5428 1686 5501 ’Δρειανῶν
1740 5428 1965 5503 αἳρεσιν·

310 5515 401 5568 καὶ
466 5513 545 5583 μή
598 5511 902 5574 πεισθέντες
934 5552 948 5577 ,
1034 5510 1327 5585 ἀπάγονται
1412 5514 1465 5569 ἐν
1518 5521 1599 5588 τῷ
1670 5516 1821 5590 ἄκρῳ
1870 5524 1967 5574 τοῦ

312 5604 578 5677 τείχους,
639 5598 728 5653 καὶ
786 5600 1075 5674 σφάζονται
1141 5601 1276 5673 μετά
1334 5609 1644 5679 μαχαιρῶνο
1695 5603 1823 5672 ἔνθα
1876 5608 1966 5665 καὶ

313 5697 382 5752 τά
400 5695 636 5768 λείψανα
664 5693 843 5747 αὐτῶν
872 5691 1251 5764 κατετέθησαν.

2080 4731 2212 4795 fuit,
2249 4730 2446 4800 ibique
2480 4729 2717 4784 beatum
2750 4730 2879 4784 vita:
2904 4732 3083 4787 tinem
3116 4734 3361 4804 accepit,
3396 4733 3467 4789 ab
3499 4735 3735 4790 Arianis

2081 4821 2154 4875 ob
2187 4821 2576 4875 orthodoxam
2635 4821 3073 4877 confessionem
3108 4825 3507 4896 strangulatus
3536 4843 3549 4891 ;
3584 4828 3733 4880 Mar-

2081 4908 2287 4962 cianus
2319 4913 2376 4962 et
2418 4908 2729 4979 Martyrius
2762 4909 3020 4979 vestigiis
3053 4912 3315 4983 magistri
3350 4912 3731 4977 inhaarentes,

2082 4997 2239 5067 quod
2281 4998 2530 5052 Arianos
2587 4996 2988 5068 objurgarent,
3048 5016 3081 5053 a
3134 5001 3406 5071 Philippo
3454 5001 3731 5071 praefecto

2080 5086 2297 5141 Ariano
2354 5086 2790 5157 comprehensi,
2824 5086 3045 5157 diuque
3096 5089 3255 5154 torti,
3306 5090 3367 5143 in
3400 5089 3729 5145 tenebrico-

2080 5192 2215 5230 cum
2274 5192 2575 5232 carcerem
2624 5175 3035 5243 includuntur,
3070 5181 3137 5231 ut
3184 5178 3339 5234 fame
3374 5195 3439 5234 ac
3472 5180 3734 5237 tenebris

2080 5266 2537 5320 conficerentur.
2562 5263 2704 5318 Inde
2728 5263 2970 5319 eductos
2994 5267 3432 5337 compellehant
3456 5269 3732 5325 Arianam

2080 5354 2397 5409 haaresium
2455 5353 2733 5424 amplecti
2772 5371 2783 5409 :
2817 5353 2878 5407 in
2927 5357 3228 5426 proposito
3274 5363 3470 5413 autem
3501 5362 3731 5431 persis-

2080 5448 2291 5508 tentes,
2326 5443 2399 5498 ad
2430 5442 2585 5498 muri
2614 5442 3015 5497 summitatem
3055 5445 3361 5511 adductos,
3397 5447 3729 5520 gladiisju—

2076 5532 2356 5604 gularunt
2389 5548 2401 5586 :
2435 5531 2537 5587 ubi
2567 5536 2627 5587 et
2656 5547 2859 5587 eorum
2892 5532 3160 5604 reliquiaa
3191 5534 3473 5608 deposita:
3494 5543 3651 5593 sunt.
