4042 6206
362 395 480 456 127

376 619 534 675 142
569 617 854 674 Certamen
910 617 1089 671 sancti
1133 615 1392 683 martyris
1435 613 1568 668 Vari
1597 617 1649 666 et
1703 614 2018 666 sanctorum

914 719 1118 782 septem
1158 713 1451 766 sociorum.

437 807 683 861 Sanctus
715 809 938 873 martyr
967 803 1173 868 Varus,
1220 799 1572 855 Maximiano
1632 798 2012 868 imperatore,

365 894 640 966 stipenda
669 893 731 947 in
759 895 999 962 IEgypto
1040 906 1299 956 merens,
1341 903 1558 961 genere
1589 892 1647 942 et
1674 887 1890 958 pietate
1921 883 2016 938 in-

363 984 568 1056 signis,
602 997 735 1036 cum
768 980 957 1035 sancti
990 979 1230 1051 quidam
1254 979 1358 1032 viri
1381 995 1452 1032 ex
1484 976 1776 1032 montium
1806 989 2014 1045 specu-

363 1073 496 1138 bus,
530 1071 591 1125 in
623 1069 840 1140 quibus
872 1068 973 1124 diu
1019 1068 1336 1133 latuerant,
1392 1065 1660 1132 extracti,
1692 1065 1756 1120 in
1779 1061 2017 1117 vincula

361 1161 435 1216 ob
466 1158 680 1215 Christi
713 1158 892 1213 ﬁdem
923 1162 1126 1212 essent
1155 1156 1430 1225 conjecti,
1463 1169 1761 1210 carcerem
1794 1154 2015 1224 ingres-

362 1268 484 1318 sus,
519 1249 745 1306 solutos
775 1248 1000 1304 catenis
1019 1252 1256 1302 sanctos
1279 1247 1466 1301 multa
1487 1245 1850 1318 benignitate
1883 1259 2016 1314 pro-

363 1346 602 1398 secutus
635 1345 761 1394 est:
795 1339 889 1393 cui
923 1337 1010 1392 illi
1045 1342 1316 1392 auctores
1361 1337 1620 1402 fuerunt,
1652 1340 1718 1390 ut
1747 1334 2011 1390 absterso

360 1430 542 1487 animi
583 1433 769 1495 metu,
803 1432 1004 1498 aperte
1047 1433 1105 1481 et
1161 1425 1358 1498 palam
1413 1425 1712 1480 Christum
1769 1423 2008 1478 coleret.

361 1520 508 1574 Cum
538 1517 719 1589 igitur
750 1533 907 1570 unus
939 1516 1180 1570 illorum
1212 1520 1441 1586 septem
1471 1514 1535 1568 in
1566 1529 1802 1569 carcere
1827 1512 2010 1568 obiis-

363 1611 472 1672 set,
502 1606 564 1660 in
599 1604 861 1660 defuncti
915 1605 1114 1660 locum
1145 1608 1384 1658 sanctus
1418 1604 1600 1658 Varus
1633 1618 1761 1657 sese
1793 1601 2013 1656 substi-

361 1695 496 1751 tuit.
547 1693 711 1759 Quod
755 1692 856 1748 ubi
912 1693 1148 1749 rescivit
1207 1691 1542 1764 praafectus,
1598 1690 1916 1746 adductum
1949 1689 2012 1744 in

361 1789 746 1855 conspectum
771 1799 945 1837 suum
973 1784 1187 1837 Varum
1218 1798 1340 1836 una
1365 1797 1500 1836 cum
1524 1779 1793 1851 reliquis,
1827 1785 1886 1834 et
1905 1795 2011 1850 pa-

1680 381 2112 450 MENOLUGII
2153 384 2364 446 PARS
2411 381 2463 444 Ι.

1008 525 1228 581 Eodem
1275 523 1370 578 die
2038 515 2096 583 Α

3652 387 3765 448 128

2719 517 2798 589 Τῇ
2827 513 2964 589 αὐτῇ
2995 514 3179 590 ἡμέρα

2119 602 2388 674 ,Αθλησις
2443 606 2542 659 τοῖς
2598 602 2760 679 ἁγίου
2818 601 3092 680 μάρτυρος
3147 603 3364 680 Οὐάρου
3417 603 3644 662 καὶτῶν
3678 607 3772 667 σὺν

2651 691 2799 764 αύτῷ
2850 691 2984 747 ἐπτᾶ
3039 691 3204 767 ἁγίων
3215 735 3229 750 .

2190 800 2251 857 Ὁ
2283 800 2434 875 ἅγιος
2466 800 2671 872 μάρτυς
2717 798 2929 876 Ούαρος
2989 801 3232 874 ὑπῆρχεν
3291 798 3381 856 ἐπὶ
3431 802 3771 876 Μαξιμιανοῦ

2116 891 2215 942 τοῦ
2275 886 2565 962 βασιλεως,
2617 889 3045 963 στρατευόμενος
3107 889 3158 943 ἐν
3217 888 3525 964 Αἰγύπτου,
3581 893 3770 968 γένους

2118 973 2192 1030 ὤν
2243 976 2518 1050 ἐπισήμου
2565 975 2656 1032 καὶ
2712 972 2987 1038 εὐσεϐοὖς.
3047 979 3438 1053 Κρατηθέντων
3491 977 3549 1036 δὲ
3597 987 3761 1037 τινῶν

2119 1065 2280 1122 ὁσίων
2315 1065 2547 1142 ἀνδρῶν,
2602 1072 2712 1122 τῶν
2771 1066 3036 1142 πρότερον
3091 1068 3183 1140 μὶν
3217 1067 3269 1122 ἐν
3302 1064 3451 1144 ὄρεσι
3505 1070 3595 1125 καὶ
3624 1093 3769 1143 σπη-

2118 1155 2297 1218 λαίοις
2349 1155 2437 1212 ἐπὶ
2494 1157 2724 1231 χρόνοις
2783 1154 3020 1218 πολλοῖς
3071 1154 3494 1231 διατριψάντων,
3544 1159 3660 1214 εἶτα
3696 1165 3766 1235 τῇ

2117 1247 2334 1324 φυλακῇ
2365 1243 2780 1322 παραδοθέντων
2813 1245 2903 1302 διά
2943 1247 3034 1302 τὸν
3092 1248 3356 1324 Χριστόνο
3415 1249 3710 1326 εἷ’σήρχετο
3742 1251 3771 1307 ὁ

2117 1337 2268 1414 ἅγιος
2300 1334 2536 1410 Οὔαρος,
2570 1333 2720 1391 λύων
2778 1336 2976 1398 αὐτοὺς
3035 1341 3140 1392 τῶν
3193 1337 3460 1408 ἁλύσεων,
3518 1340 3609 1395 καὶ
3638 1340 3774 1396 τού-

2111 1446 2222 1481 των
2251 1424 2708 1498 ιπιμελούμενος’
2742 1426 2938 1488 οἳτινες
2986 1427 3076 1481 καὶ
3133 1421 3320 1503 ἔλεγον
3351 1429 3500 1501 αὐτῷ
3557 1427 3774 1506 παρρη-

2117 1513 2418 1587 σιάσασθαι,
2474 1513 2565 1569 καὶ
2620 1515 2696 1587 μὴ
2753 1515 3144 1587 κεκρυμμένως
3202 1511 3448 1571 σέϐεσθαι
3501 1518 3592 1572 τὸν
3644 1520 3778 1592 Χρι-

2116 1604 2264 1662 στόν.
2299 1603 2451 1661 Ἐπεὶ
2485 1604 2575 1659 οὗν
2608 1604 2682 1666 εἷς
2712 1607 2820 1658 τῶν
2882 1603 3016 1658 ἐπτᾶ
3063 1603 3115 1658 ἐν
3172 1605 3319 1677 αύτῷ
3372 1611 3452 1678 τῷ
3479 1605 3790 1680 δεσμωτη-’

2115 1691 2222 1767 ρίῳ
2245 1692 2524 1766 ἀπέθανεν,
2571 1691 2805 1764 ἐνέταξεν
2855 1693 3039 1748 ἑαυτὸν
3096 1693 3205 1747 ἀντ’
3259 1693 3466 1750 ἐκείνου
3522 1697 3551 1751 ὁ
3610 1698 3774 1770 ἅγιος

2115 1782 2346 1856 Οῧαρος.
2379 1782 2477 1837 Καὶ
2535 1779 2957 1858 διαγνωσθέντος
2985 1783 3182 1837 τούτου
3209 1787 3288 1855 τῷ
3316 1784 3566 1860 ἡγεμόνι,
3605 1782 3768 1860 ἤχθη

363 1872 486 1929 lam
516 1872 814 1928 Christum
871 1870 1230 1936 confessum,
1288 1870 1462 1942 virgis
1519 1868 1666 1924 caedi
1715 1866 1917 1939 jussit,
1952 1872 2010 1922 et

2132 1871 2344 1926 ὶνώπιον
2394 1871 2560 1926 αὐτοῦ
2607 1871 2743 1944 μετὰ
2794 1873 2903 1925 τῶν
2963 1868 3203 1930 λοιπῶν,
3263 1873 3361 1927 Καὶ
3400 1877 3641 1950 φανερῶς
3667 1873 3770 1929 τὸν

365 1976 722 2032 suspensum
753 1959 813 2013 in
846 1957 1131 2014 lateribus
1161 1957 1458 2013 dilaniari.
1512 1955 1796 2010 Similiter
1823 1959 1882 2010 et
1911 1971 2009 2010 sex

359 2049 578 2120 reliqui
610 2047 798 2103 sancti
831 2047 892 2102 in
945 2046 1200 2102 sublime
1233 2047 1474 2116 arrepti,
1507 2044 1716 2100 ferreis
1772 2043 2012 2116 ungulis

359 2139 570 2213 depexi
594 2143 752 2207 sunt,
783 2139 1080 2212 virgisque
1101 2153 1208 2210 per
1229 2138 1494 2208 quinque
1525 2136 1701 2192 horas
1722 2135 2010 2208 percussi,

362 2229 553 2286 donec
584 2229 859 2302 spiritum
887 2228 1137 2283 Domino
1159 2226 1478 2282 tradidere.

913 2493 1156 2550 EODEM
1213 2491 1463 2547 MENSE.

881 2583 987 2638 Die
1012 2582 1294 2638 vicesima
1335 2585 1501 2636 sexta

435 2676 590 2732 148
619 2673 909 2730 Certamen
937 2673 1116 2729 sancti
1144 2673 1338 2740 magni
1364 2670 1628 2740 martyris
1657 2669 1940 2724 Demetrii.
1989 2733 1994 2737 ,

440 2791 916 2851 Gloriosissimus
945 2789 1162 2846 Christi
1194 2793 1421 2861 martyr
1449 2786 1801 2854 Demetrius,
1834 2784 2015 2840 Maxi-

2117 1959 2347 2036 Χριστὸν
2383 1958 2762 2034 ὁμολογήσας,
2817 1959 3074 2015 τύπτεται
3135 1955 3377 2036 ῥάϐδοις·
3435 1962 3525 2016 καὶ
3555 1982 3775 2037 κρεμα-

2120 2045 2263 2110 seel:
2293 2047 2462 2118 εέεται
2517 2047 2613 2109 τὰς
2663 2045 2924 2122 πλευράς.
2983 2046 3206 2120 Ομοίως
3264 2049 3352 2103 καὶ
3409 2049 3464 2102 ol
3495 2048 3688 2104 λοιποὶ
3717 2045 3776 2119 ἔξ

2119 2133 2262 2209 ἅγιοι
2322 2134 2414 2190 σὺν
2499 2134 2647 2207 αύτῷ
2729 2137 3121 2210 κρεμασθὲντες
3202 2135 3412 2206 ἐξέοντο
3474 2137 3608 2210 μετὰ
3659 2141 3776 2192 τῶν

2119 2221 2363 2298 σιδηρῶν
2421 2225 2657 2300 όνυχων.
2717 2225 2816 2279 Καὶ
2867 2225 3011 2279 οίίτω
3069 2224 3336 2299 εεόμενοι,
3393 2228 3484 2282 καὶ
3546 2221 3778 2303 ῥάϐδοις

2117 2315 2470 2388 τυπτόμενοι,
2501 2314 2588 2370 ἐπὶ
2632 2312 2790 2370 πέντε
2820 2313 3008 2389 ὠραις,
3040 2312 3357 2390 παρέδωκαν
3383 2316 3450 2371 τά
3487 2315 3778 2389 πνεύματα

2120 2405 2298 2460 αὐτῶν
2324 2408 2406 2476 τῷ
2435 2402 2646 2476 Κυρίῳ,

2654 2492 2840 2551 ΜΠΝΙ
2895 2497 2979 2546 ΤΩ
3033 2493 3234 2549 ΑΥΤΩ.

2881 2582 2994 2650 Κζ’.

2191 2672 2458 2740 ἈθΑησις
2496 2673 2594 2725 τοῦ
2633 2667 2789 2746 ἁγίου
2832 2669 3322 2746 μεγαλομάρτυρος
3355 2669 3694 2746 Δημητρίου.

2192 2788 2255 2844 Ὀ
2310 2783 2630 2856 πανένδοξος
2700 2790 2798 2840 τοῦ
2880 2791 3118 2861 Χριστοῦ
3177 2785 3382 2863 μάρτυς
3448 2790 3776 2863 Δημήτριος

366 2885 569 2942 miano
601 2883 979 2954 imperatore,
1009 2897 1080 2935 ex
1123 2878 1271 2934 urbe
1320 2876 1740 2933 Thessalonica
1767 2874 1898 2939 fuit,
1930 2873 2020 2929 vir

2132 2875 2373 2950 ύπῆρχεν
2403 2874 2491 2930 ἐπὶ
2520 2877 2618 2944 τῆς
2678 2872 2956 2951 βασιλείας
3009 2877 3376 2950 Μαξιμιανοῦ,
3406 2897 3468 2932 εκ
3517 2883 3618 2946 τῆς
3650 2883 3786 2932 Θεσ-

365 2975 523 3048 pius,
555 2975 628 3030 'et
683 2971 1034 3027 Christianas
1083 2968 1222 3024 ﬁdei
1280 2967 1583 3040 magister.
1642 2965 1786 3021 Cum
1817 2969 2016 3020 autem

2132 2964 2420 3033 σαλονίκης
2446 2962 2690 3026 πόλεως’
2743 2959 2974 3033 εὐσεϐὴς
3033 2961 3132 3033 ὢν,
3183 2964 3276 3020 καὶ
3304 2971 3406 3036 τῆς
3439 2963 3515 3028 είς
3546 2967 3785 3041 Χριστὸν

367 3062 760 3119 Maximianus
815 3057 1295 3115 Thessalonicam
1352 3056 1634 3122 venisset,
1675 3057 2016 3110 accusatum

2132 3050 2454 3116 διδάσκαλος
2503 3051 2758 3116 πίστεως.
2818 3053 3100 3110 Ἀπελθὼν
3161 3051 3220 3110 δὲ
3277 3055 3304 3110 ὁ
3351 3055 3690 3128 Μαξιμιανὸς
3722 3053 3785 3112 ἐν

366 3153 716 3210 Christiana:
739 3148 1047 3223 religionis
1071 3152 1342 3204 sanctum
1359 3145 1723 3202 Demetrium
1745 3159 2016 3216 compre-

2121 3145 2191 3216 τῇ
2223 3142 2610 3217 Θεσσαλονικῃ,
2641 3141 2730 3198 καὶ
2793 3143 2978 3217 μαθὼν
3035 3143 3160 3213 περὶ
3206 3148 3308 3200 τοῦ
3365 3145 3526 3220 ἁγίου
3583 3151 3790 3219 Δημη-

367 3241 546 3298 bendi
569 3239 890 3308 mandavit,
917 3243 1257 3308 tortumque
1276 3237 1339 3291 in
1360 3236 1422 3292 in
1445 3249 1744 3292 carcerem
1767 3233 2015 3291 includi.

2132 3234 2333 3326 τρίου,Δ
2369 3235 2455 3289 ὅτι
2510 3235 2834 3326 Χριστιανός
2891 3233 3058 3306 ἐστιν,
3117 3233 3406 3310 ἐκράτησεν
3465 3236 3784 3308 αὖτὸν,κα.ὶ

365 3331 632 3388 Habebat
658 3346 794 3386 vero
825 3329 985 3384 idem
1025 3327 1413 3384 Maximianus
1444 3323 1764 3398 quemdam
1791 3321 2021 3397 gladia-

366 3425 578 3491 torem,
614 3423 849 3494 Lyaaum
881 3419 1150 3486 nomine,
1204 3417 1276 3474 de
1329 3433 1446 3490 quo
1505 3415 1890 3488 gloriabatur,
1925 3413 2026 3467 in-

369 3513 604 3585 quiens,
633 3510 936 3566 neminem
966 3509 1113 3576 fore,
1142 3508 1241 3580 qui
1276 3505 1560 3579 singulari
1600 3521 1736 3560 cum
1767 3503 1870 3560 illo
1901 3518 2030 3558 cer-

363 3601 588 3657 tamine
621 3616 992 3673 congressus,
1025 3598 1209 3653 victor
1238 3595 1590 3652 discederet.
1616 3593 1682 3648 Id
1711 3593 1814 3649 ubi
1845 3591 2027 3648 resci-

371 3692 454 3745 vit
509 3694 721 3746 Nestor
750 3689 995 3762 quidam
1051 3687 1558 3754 adolescentutus,
1621 3701 1920 3740 carcerem
1951 3681 2026 3738 ad

369 3785 641 3835 sanctum
673 3777 1039 3833 Demetrium
1066 3776 1393 3848 ingressus,
1426 3773 1696 3847 ejusdem
1731 3771 2027 3846 prmcibus

368 3884 431 3924 se
463 3865 910 3933 commendans,
942 3881 1077 3919 cum
1106 3864 1275 3935 Lyaao
1308 3879 1683 3936 congressus,
1720 3862 2027 3916 hominem

369 3956 508 4012 vicit
539 3960 598 4010 et
628 3953 862 4009 occidit.
890 3953 1047 4007 Tulit
1074 3952 1499 4007 molestissime
1537 3950 1882 4023 gladiatoris
1913 3965 2024 4004 cas-

370 4047 508 4103 dem
557 4043 963 4111 Maximianus,
1023 4042 1194 4114 cujus
1254 4048 1556 4098 auctorem
1601 4041 1783 4096 fuisse
1815 4041 2027 4095 Deme-

369 4137 552 4192 trium
577 4150 713 4190 cum
737 4132 1124 4207 cognovisset,
1158 4131 1322 4186 misit
1351 4130 1550 4186 statim
1569 4130 1670 4201 qui
1696 4130 1757 4184 in
1789 4145 2026 4191 carcere

369 4243 506 4284 eum
539 4223 966 4280 interﬁcerent.
991 4220 1292 4275 Abeuntes
1323 4219 1504 4292 igitur
1525 4218 1748 4274 milites
1800 4217 2026 4272 lanceis

369 4333 508 4373 eum
538 4316 600 4370 in
631 4327 866 4369 carcere
895 4309 1483 4367 transverberarunt:
1533 4307 1634 4363 ubi
1657 4307 1890 4380 jacens,
1924 4321 2030 4362 cu-

365 4407 632 4462 rationes
662 4401 876 4458 fundit.

1023 4515 1246 4572 Eodem
1279 4513 1374 4570 die

2133 3323 2434 3387 Βασανίσας
2485 3321 2822 3382 ἀπέκλεισεν.
2863 3326 3000 3400 Εἶχε
3057 3321 3115 3380 δὲ
3167 3325 3293 3380 τότε
3347 3326 3375 3381 ὁ
3435 3326 3788 3399 Μαξιμιανὸς

2135 3413 2454 3490 μονομάχον
2509 3412 2629 3468 τινά
2679 3411 2908 3487 ὀνόματι
2967 3413 3191 3470 Λύαιονο
3250 3412 3340 3470 καὶ
3391 3412 3662 3492 ἐκαυχᾶτο
3694 3414 3786 3472 ἐπ’

2131 3503 2309 3576 αὐτῷ,
2376 3501 2570 3580 λέγων,
2624 3501 2707 3557 ὅτι
2767 3501 2829 3557 ού
2889 3503 2968 3576 μὴ
3029 3504 3225 3578 εὑρεθῇ
3267 3523 3352 3566 τις
3409 3511 3628 3575 νικῆσαι
3685 3502 3789 3561 τὸν

2133 3594 2332 3651 Λύαιον
2364 3638 2377 3653 .
2440 3593 2538 3650 Kal
2608 3594 2794 3666 μαθὼν
2846 3596 3008 3649 τοῦτο
3065 3593 3342 3658 νεανίσκος
3396 3616 3492 3658 τας
3551 3595 3789 3670 ὀνόματι

2131 3682 2380 3760 Νέστωρ,
2412 3681 2709 3754 ἐζήλωσεν.
2743 3682 2841 3737 Καὶ
2873 3679 3126 3738 ἀπελθὼν
3183 3683 3238 3738 ἐν
3267 3686 3336 3757 τῇ
3368 3683 3586 3762 φυλακῆ
3642 3683 3792 3761 πρὸς

2131 3774 2224 3830 τὸν
2257 3773 2406 3849 hic»;
2439 3775 2778 3847 Δημήτριον,
2832 3767 2997 3828 ἔλαϐε
3049 3774 3178 3848 παρ’
3234 3773 3398 3830 αὐτοῦ
3449 3775 3645 3850 εὐχήν.
3681 3777 3789 3830 Καὶ

2131 3863 2358 3933 νικήσας
2385 3862 2476 3917 τὸν
2506 3860 2730 3931 Λύαιον,
2779 3860 3063 3938 ἐφόνευσεν
3120 3860 3306 3919 αὐτόν.
3358 3860 3642 3934 Ἐλυπήθη
3668 3859 3728 3918 δὶ
3763 3864 3796 3918 ὁ

2133 3951 2476 4026 Μαξιμιαγὸς
2530 3948 2622 4005 διὰ
2673 3949 2766 4006 τὸν
2827 3950 3051 4005 θάνατον
3106 3953 3204 4007 τοῦ
3267 3953 3616 4028 μονομάχου·
3677 3952 3798 4007 εἶτα

2138 4042 2320 4116 μαθὼν
2412 4039 2495 4094 ὅτι
2547 4039 2720 4102 αἴτιος
2802 4044 2900 4095 τοῦ
2959 4039 3187 4105 θανάτου
3245 4041 3412 4097 αὐτοῦ
3466 4043 3795 4116 Δημήτριος

2133 4127 2366 4204 ἐγένετο,
2401 4124 2732 4189 ἀποστείλας
2762 4126 2813 4181 ἐν
2862 4131 2931 4200 τῇ
2985 4127 3230 4206 φυλακῇ,
3283 4128 3561 4208 ἐφόνευσεν
3592 4128 3787 4186 αὐτόν·

2133 4220 2242 4271 τῶν
2289 4215 2634 4293 στρατιώτων
2707 4214 3055 4280 ἀπελθόντων
3136 4217 3188 4272 ἐν
3247 4222 3316 4285 τῇ
3375 4219 3594 4298 φυλακῇ
3649 4220 3794 4293 μετὰ

2133 4311 2248 4363 τῶν
2280 4305 2607 4380 κονταρίων,
2664 4306 2752 4361 καὶ
2809 4309 3319 4380 κατακεντησάντων
3378 4308 3558 4365 αὐτόν.
3619 4310 3791 4366 Ἔνθα

2137 4395 2390 4470 κείμενος
2424 4393 2577 4472 βρύει
2607 4394 2832 4469 ῗάματα.

2727 4515 2809 4586 τῇ
2841 4511 2976 4586 αὐτῇ
3008 4511 3193 4589 ἡμέρᾳ

368 4614 522 4668 144
555 4611 842 4666 Certamen
881 4614 1195 4664 sanctorum
1255 4611 1565 4675 martyrum
1621 4605 1819 4673 Marci,
1869 4604 2021 4659 Sote-

2141 4601 2412 4674 Ἂθλησις
2439 4605 2546 4657 τῶν
2579 4599 2752 4675 ἁγίων
2807 4599 3118 4678 μαρτύρων,
3174 4602 3424 4680 Μάρκου,
3458 4600 3791 4680 Σωτηρίχου

873 4697 1018 4751 richi
1073 4702 1125 4750 et
1192 4695 1499 4750 Valentinz
1515 4733 1530 4748 .

438 4818 506 4872 Hi
546 4814 736 4872 sancti
768 4817 1061 4882 martyres
1089 4826 1226 4865 cum
1256 4810 1517 4882 primum
1561 4809 1740 4864 vitam
1771 4823 1940 4864 suam
1969 4807 2033 4862 in

371 4907 535 4964 omni
553 4906 773 4978 pietate
806 4900 1256 4973 transegissent,
1290 4898 1589 4954 Christum
1619 4897 1896 4954 omnibus
1926 4913 2033 4952 ano

371 4996 742 5061 nuntiantes,
758 4991 978 5046 multos
995 4987 1332 5043 infidelium
1354 4988 1428 5043 ad
1451 4987 1772 5044 Dominum
1795 5001 2035 5041 conver-

377 5103 474 5142 sos
503 5080 882 5154 baptizabant
902 5079 966 5133 in
988 5078 1233 5133 nomine
1265 5076 1476 5146 Patris,
1506 5082 1564 5131 et
1583 5075 1737 5142 Filii,
1765 5080 1826 5130 et
1853 5073 2035 5146 Spiri-

379 5182 474 5230 tus
505 5172 715 5230 sancti.
750 5172 941 5236 Quare
981 5165 1399 5238 comprehensi
1447 5166 1520 5222 ab
1555 5165 1755 5237 impiis
1795 5163 2034 5231 Graecis,

375 5263 700 5334 multisque
735 5257 1046 5316 tormentis
1102 5256 1443 5323 excruciati,
1503 5255 1703 5328 longis
1763 5252 1940 5309 clavis
1973 5251 2035 5306 in

375 5367 622 5422 corpore
645 5347 924 5412 confossi,
957 5344 1243 5414 humique
1271 5344 1459 5411 strati,
1491 5343 1606 5398 huc
1631 5347 1722 5397 est
1750 5341 1893 5395 illuc
1923 5339 2034 5394 mi-

356 5435 943 5500 serabiliteraviris,
998 5433 1371 5499 mulieribus,
1441 5437 1504 5487 et
1570 5430 1773 5501 pueris
1833 5426 2039 5483 tandiu

360 5529 598 5601 raptati,
622 5534 682 5582 et
709 5524 1030 5580 concultati
1059 5523 1249 5588 fuere,
1279 5522 1489 5593 quoad
1519 5526 1758 5576 sanctas
1789 5522 1849 5573 et
1889 5517 2036 5572 bea-

2692 4691 2781 4747 καὶ
2824 4687 3216 4763 Οὐαλεντίνης.

2212 4809 2376 4867 Οὗτοι
2404 4809 2458 4864 οἱ
2487 4805 2630 4882 ἅγιοι
2683 4805 2950 4883 μάρτυρες
3001 4805 3054 4862 ἐν
3121 4807 3268 4880 πάσᾳ
3323 4803 3567 4882 εὐσεϐείᾳ
3596 4811 3796 4878 ζῶντες

2140 4896 2427 4971 πρότερον,
2461 4895 2551 4951 καὶ
2597 4895 2690 4950 τὸν
2752 4896 2988 4971 Χριστόν
3039 4901 3161 4959 τοῖς
3221 4903 3355 4953 πᾶσι
3407 4898 3792 4974 κηρύττοντες,

2140 4985 2232 5041 καὶ
2261 4984 2510 5050 πολλοὺς
2554 4989 2661 5040 τῶν
2705 4983 2945 5040 ἀπίστων
3002 4987 3142 5061 πρὸς
3183 4987 3379 5062 Κύριον
3439 4987 3796 5063 ἐπιστρέφον-

2141 5095 2251 5145 τες,
2283 5075 2371 5129 καὶ
2409 5074 2759 5150 βαπτίζοντες
2818 5074 2895 5137 εἰς
2939 5074 3002 5129 τὸ
3050 5069 3226 5148 ὄνομα
3277 5079 3376 5132 τοῦ
3433 5077 3667 5152 Πατρὸς,
3696 5073 3790 5129 καὶ

2141 5166 2238 5218 τοῦ
2294 5163 2444 5234 Υἱοῦ,
2502 5163 2589 5216 καὶ
2637 5166 2736 5217 τοῦ
2793 5162 2952 5237 ἁγίου
3013 5163 3350 5236 Πνεύματος,
3405 5164 3778 5241 ἐκρατήθησαν

2141 5252 2289 5327 παρὰ
2323 5255 2432 5306 τῶν
2465 5246 2735 5306 δυσσεϐῶν
2777 5251 3085 5323 Ἑλλήνων,
3141 5253 3232 5308 καὶ
3287 5253 3475 5309 πολλᾶ
3525 5273 3780 5328 τιμωρη-

2145 5341 2346 5409 θέντες,
2404 5340 2567 5405 ἥλοις
2630 5343 2858 5412 μακροῖς
2909 5341 2977 5394 τὰ
3024 5341 3252 5413 σώματα
3301 5343 3793 5410 κατεκεντήθησαν.

2147 5429 2245 5485 Καὶ
2274 5425 2447 5491 οὕτως
2505 5427 2818 5500 ἑλκόμενοι,
2882 5429 2972 5483 καὶ
3030 5429 3343 5505 συρόμενοι,
3397 5431 3490 5486 καὶ
3545 5448 3790 5486 καταπα-

2143 5519 2397 5592 τούμενοι
2450 5516 2700 5587 ἀνηλεῶς
2755 5516 2844 5572 ἐπὶ
2901 5520 2998 5588 τήν
3043 5525 3168 5595 γῆν,
3222 5519 3326 5574 ὑπὸ
3383 5517 3628 5595 ἀνδρῶν,
3698 5516 3789 5572 καὶ

371 5626 462 5677 tas
490 5617 722 5673 animas
752 5615 872 5670 Deo
906 5611 1230 5668 tradidere.
1263 5612 1636 5666 Christianus
1666 5613 1869 5664 autem
1904 5605 2021 5677 qui-

2148 5612 2446 5685 γυναικῶν,
2475 5607 2566 5662 καὶ
2623 5604 2856 5677 παίδων,
2893 5609 3184 5682 παρέθεντο
3226 5612 3306 5681 τῷ
3353 5613 3470 5681 θεῷ
3502 5609 3597 5671 τὰς
3629 5606 3781 5681 ἁγίας

365 5715 524 5784 dam,
543 5709 932 5768 Terentianus
965 5703 1322 5775 nomine,vir
1339 5703 1494 5776 pius,
1513 5700 2021 5773 ﬁdelis,l)eumqu1

2148 5698 2236 5756 καὶ
2272 5697 2545 5775 μακαρίας
2578 5695 2754 5756 αὐτῶν
2812 5698 3017 5774 ψυχάς.
3066 5698 3390 5774 Χριστιανος
3447 5695 3506 5755 δι
3549 5717 3632 5762 τις
3652 5695 3789 5773 ἀνὴρ
