4030 6196
348 326 451 395 ηρ

1786 331 2178 397 OCTOBER.

3585 339 3704 403 130

344 456 561 530 εύλαϐἠς,
587 458 673 514 καὶ
718 458 808 514 τὸν
861 458 991 516 Θεὸν
1051 452 1417 535 φοϐούμενος,
1465 459 1558 515 καὶ
1612 460 1740 523 τοὺς
1798 462 1929 536 ὑπὲρ

2055 467 2286 539 timens,
2339 468 2440 541 qui
2493 468 2828 526 viventibus
2884 469 3243 543 martyribus
3307 468 3576 527 animum
3631 469 3704 527 ab

348 554 483 608 αὐτοῦ
530 552 938 623 μαρτυροῦντας,
995 552 1200 617 ζῶντας
1260 550 1357 622 μὲν
1415 550 1762 621 θαρσοποιᾶν
1801 551 1941 627 πρὸς

339 643 392 697 τὸ
415 639 695 714 μαρτύριον,
742 637 1136 701 τελειωθεντας
1192 636 1250 693 δὲ
1306 640 1531 713 ἀγαπῶν
1589 640 1681 694 καὶ
1736 644 1939 713 τιμῶν,

334 725 485 783 λαϐὼν
510 727 606 780 ἀπὸ
634 730 736 791 τῆς
769 725 976 793 Ἀσίας,
1005 728 1073 781 τά
1117 728 1279 799 τίμια
1308 726 1537 801 λείψανα
1588 732 1694 782 τῶν
1744 727 1939 805 ἁγίων,

325 815 651 890 μετακομίσας
718 814 796 876 εἰς
880 816 1052 870 Θάσον
1116 816 1219 885 τήν
1272 818 1437 884 νῆσον
1474 860 1489 884 ,
1544 814 1796 872 κατέθετο
1855 816 1940 871 ἐν·

317 904 489 976 τίμιος·
527 905 613 958 καὶ
653 903 887 978 βρύουσι
943 909 1111 980 μέχρι
1169 911 1270 973 τῆς
1317 906 1558 981 σήμερον
1594 904 1797 979 ἲάματα
1824 912 1941 962 τοῖς

312 998 518 1053 πιστοῖς
553 991 804 1048 ἐκαλεῖτο
835 990 893 1048 δὲ
915 994 944 1047 ὁ
978 992 1347 1067 μετακομίσας
1401 993 1538 1049 αὐτὰ
1582 996 1775 1058 πιστὸς
1805 995 1941 1071 ἀνὴρ

309 1082 657 1159 Τερεντιανός.

888 1202 969 1275 Τῇ
1002 1199 1139 1275 αὐτῇ
1162 1201 1346 1278 ἡμέρᾳ

496 1291 773 1362 Ἀθλησις
801 1293 898 1345 τοῦ
928 1289 1085 1365 ἁγίου
1118 1292 1395 1366 μάρτυρος
1425 1291 1721 1366 Νέστορος.

363 1406 417 1463 Ὀ
447 1405 654 1481 μάρτυς
690 1408 925 1482 Νήστωρ
991 1406 1239 1482 ὑπῆρχεν
1271 1405 1332 1461 ἐκ
1385 1412 1485 1476 τῆς
1535 1406 1755 1469 πόλεως
1815 1412 1944 1461 Θεσ-

300 1492 579 1563 σαλονίκης
608 1492 702 1548 ἐπὶ
742 1501 844 1563 τῆς
879 1491 1158 1569 βασιλείας
1210 1495 1577 1567 Μαξιμιανοῦ.
1620 1492 1946 1569 Χριστιανὸς

304 1576 352 1634 δὲ
408 1580 504 1652 ὢν,
558 1582 855 1656 ἀπήρχετο
908 1582 1042 1655 πρὸς
1100 1583 1191 1637 τὸν
1252 1584 1402 1658 ἅγιον
1450 1585 1790 1659 Δημήτριον,
1817 1580 1947 1655 ἰνῷ

299 1669 559 1739 ἐκαθέζετο
643 1671 802 1744 τόπῳ
835 1715 849 1740 ,
937 1670 1026 1725 καὶ
1081 1668 1353 1726 ἐδίδασκεν
1389 1715 1403 1741 ,
1488 1671 1579 1726 καὶ
1654 1671 1945 1745 ἐμάνθανεν

298 1754 674 1833 ἀκριϐέστερον
734 1760 861 1835 παρ’
919 1758 1083 1815 αὐτοῦ
1141 1760 1230 1815 τὸν
1291 1759 1455 1837 λόγον
1507 1766 1608 1830 τῆς
1659 1760 1946 1830 ἀληθείας.

2050 558 2427 615 subeundum
2484 562 2833 634 martyrium
2904 561 3143 629 addere,
3202 562 3498 617 defunctis
3557 575 3697 615 vero

2050 666 2314 706 amorem
2346 652 2755 724 honoremque
2780 653 3058 708 exhibere
3081 659 3467 709 consueverat
3496 667 3703 708 eorum

2048 740 2338 811 pretiosas
2392 742 2674 811 reliquias
2727 759 2798 797 ex
2836 743 2975 798 Asia
3027 742 3091 797 in
3130 744 3385 798 Thasum
3444 742 3704 797 insulam

2050 829 2387 893 translatas,
2423 831 2747 886 honorifice
2786 831 3081 903 deposuit,
3110 831 3209 886 ubi
3242 832 3584 887 curationes
3624 830 3697 886 ad

2050 918 2202 975 hanc
2232 919 2392 974 diem
2424 920 2698 977 fidelibus
2742 921 3023 977 fundunt.

2692 1214 2914 1271 Eodem
2966 1214 3060 1271 die

2230 1305 2381 1361 145
2421 1304 2713 1361 Certamen
2751 1307 2930 1360 sancti
2962 1305 3221 1373 martyris
3267 1304 3525 1360 Nestoris.

2124 1423 2332 1477 Nestor
2360 1429 2603 1495 martyr,
2636 1422 3067 1478 Thessalonicae
3098 1421 3314 1476 claruit
3333 1420 3703 1493 temporibus

2052 1511 2389 1567 Maximiani
2412 1512 2809 1583 imperatoris.
2834 1511 3205 1566 Christianus
3227 1527 3363 1565 cum
3392 1515 3568 1576 esset,
3586 1509 3705 1562 fre-

2052 1606 2303 1671 quenter
2319 1606 2593 1656 sanctum
2625 1600 2989 1655 Demetrium
3020 1599 3242 1667 adibat,
3276 1598 3622 1668 ubicunque
3656 1597 3706 1652 is

2054 1693 2408 1756 moraretur,
2440 1688 2511 1743 ab
2540 1705 2728 1759 eoque
2759 1689 3019 1744 veritatis
3043 1688 3220 1743 verbo
3252 1687 3586 1743 accuratius
3618 1686 3708 1740 in-

2055 1778 2319 1844 stitutus,
2351 1776 2618 1833 docebat.
2651 1779 2796 1833 Cum
2829 1783 3028 1832 autem
3059 1776 3493 1831 Thessalonica:
3526 1775 3709 1830 Maxi-

302 1849 720 1924 Παρατυχόντος
759 1846 818 1903 δὲ
846 1852 947 1902 τοῦ
994 1848 1340 1921 Μαξιμιανοῦ
1372 1849 1426 1903 ἐν
1454 1853 1524 1923 τῇ
1557 1847 1943 1922 Θεσσαλονίκῃ,

2055 1866 2291 1921 mianus
2311 1865 2568 1935 adesset,
2590 1871 2649 1921 et
2679 1866 2976 1921 circenses
3008 1866 3130 1920 ludi
3164 1865 3707 1927 committerentur,

295 1938 375 1991 καὶ
465 1935 851 2014 ἱπποδρομίαν
923 1935 1328 2008 ἐπιτελοῦντος,
1405 1938 1496 1993 καί
1545 1959 1667 1994 τινα
1721 1936 1947 2013 ἔχοντος

296 2020 447 2098 ἄνδρα
503 2024 747 2096 ἑθνικὸν,
808 2023 1005 2078 Λύαιον
1062 2023 1317 2097 ὀνόματι,
1376 2024 1722 2099 μονομάχον,
1784 2026 1950 2099 ὑπερ-

297 2118 490 2189 μεγὲοη
525 2116 625 2169 καὶ
655 2113 1021 2191 ἷσχυρὸν,καῖ
1080 2113 1328 2177 πολλοὺς
1379 2119 1487 2169 τῶν
1545 2114 1948 2189 ἀνθισταμένων

294 2204 421 2273 αὐτᾷ
468 2204 805 2278 ἀναιροῦντα
864 2203 914 2257 ἐν
972 2207 1049 2276 τῷ
1101 2203 1330 2279 θεάτρῳ·
1366 2200 1496 2258 ίδὼν
1554 2205 1583 2259 ὁ
1642 2206 1798 2280 ἅγιος
1852 2203 1953 2263 Νί-

297 2312 429 2368 στωρ
483 2292 745 2363 ἐπλήσθη
804 2294 987 2347 θεῖκοῦ
1047 2292 1241 2364 ζήλου·
1291 2293 1382 2348 καὶ
1430 2292 1546 2348 ἐπεὶ
1596 2292 1797 2363 ἤκουσε
1852 2299 1950 2351 τοῦ

295 2385 639 2457 Μαξιμιανοῦ
694 2380 951 2458 λέγοντος
986 2401 998 2414 ·
1059 2382 1133 2440 Ei’
1180 2404 1264 2446 τις
1322 2380 1490 2455 θέλει,
1544 2382 1948 2458 πολεμησάτω,

295 2471 376 2525 καὶ
430 2474 723 2542 νικησάτω
776 2472 999 2529 Λύαιον*
1056 2474 1244 2550 τρέχει
1304 2473 1442 2546 πρὸς
1498 2473 1589 2528 τὸν
1642 2474 1822 2550 ἅγιον·
1857 2475 1948 2530 καὶ

300 2559 622 2634 βουλεύεται
682 2561 829 2633 αύτῷ
907 2561 1029 2637 περὶ
1111 2561 1328 2619 τούτου.
1396 2562 1499 2619 Καὶ
1562 2564 1689 2637 παρ’
1748 2561 1949 2619 ἐκείνου

293 2650 645 2725 στηριχθεὶς,
684 2650 775 2705 καὶ
835 2648 1170 2723 δυναμωθείς
1224 2654 1294 2725 τῇ
1326 2649 1553 2725 δυνάμει
1595 2656 1692 2707 τοῦ
1745 2651 1951 2727 Κυρίου

291 2740 441 2812 ἡμῶν
523 2742 709 2811 Ἰησοῦ
793 2743 1034 2813 Χριστοῦ
1068 2786 1083 2811 ,
1140 2739 1324 2795 ἀνεῖλε
1378 2740 1515 2816 ξίφει
1569 2741 1660 2796 τὸν
1721 2739 1949 2799 Λύαιον.

292 2829 583 2902 Θυμωθεῖς
645 2826 735 2883 οῦν
795 2829 824 2883 ὁ
887 2827 1138 2904 βασιλεὺς
1198 2826 1290 2884 διὰ
1344 2832 1529 2900 τοῦτο,
1587 2829 1951 2907 ἀπεκεφάλισε

288 2918 374 2972 τὸν
435 2920 718 2993 Νέστορα.
774 2918 879 2973 Καὶ
940 2915 1113 2982 οὕτως
1189 2916 1510 2991 ἐτελειώθη,
1575 2920 1801 2990 νικήσας
1856 2920 1948 2975 τὸν

290 3003 561 3063 διάϐολον
580 3051 595 3078 ,
624 3006 719 3063 καὶ
748 3006 841 3062 τὸν
872 3006 1098 3066 Λύαιον.

865 3125 950 3197 Τῇ
1005 3121 1140 3198 αὖτῇ
1194 3121 1381 3199 ἡμέρᾳ

614 3210 947 3285 Ἀνάμνησις
965 3216 1066 3266 τοῦ
1099 3211 1344 3287 μεγάλου
1375 3216 1620 3287 σεισμοῦ.

351 3333 447 3400 Τῷ
484 3327 719 3399 εἰκοστῷ
762 3326 1003 3402 τετάρτῳ
1052 3326 1156 3382 ἔτει
1212 3334 1316 3397 τῆς
1377 3326 1657 3403 βασιλείας
1709 3328 1942 3389 Λέοντος

282 3424 372 3473 τοῦ
404 3416 1048 3491 Ἰσαύρου,ίνδικτιῶνος
1106 3418 1351 3490 ἐννάτης,
1405 3420 1538 3492 μηνὶ
1597 3414 1942 3494 Ὀκτωϐρίῳ,

286 3506 462 3562 εῗκάδι
533 3504 681 3581 ἕκτῃ,
741 3508 794 3561 ἐν
852 3511 919 3581 τῇ
980 3510 1174 3583 μνήμῃ
1232 3512 1329 3562 τοῦ
1388 3508 1541 3583 ἁγίου
1593 3508 1942 3584 Δημητρίου,

288 3596 504 3672 ἐγένετο
569 3599 792 3668 σεισμὸς
854 3598 1019 3671 μέγας
1065 3596 1156 3652 καὶ
1215 3592 1446 3674 φοϐερὸς
1506 3597 1558 3651 ἐν
1614 3605 1945 3653 Κωνσταντι-

290 3687 578 3743 νουπόλειο
640 3688 729 3740 καὶ
786 3689 1078 3742 κατέπεσον
1147 3690 1320 3741 πάντα
1377 3687 1441 3741 τά
1512 3687 1808 3762 οἰκήματα,
1853 3688 1942 3742 καὶ

296 3777 353 3830 αἱ
384 3776 693 3847 ἐκκλησίαι,
724 3777 811 3830 καὶ
857 3775 1060 3831 πολλοὶ
1120 3776 1384 3839 ἀπέθανον
1444 3780 1845 3853 συγγωσθὲντες
1872 3780 1942 3851 τῇ

297 3867 637 3937 συμπτώσει.
674 3865 830 3921 ὐθεν
874 3866 976 3933 τὴν
1035 3865 1338 3938 ἀνάμνησιν
1395 3871 1492 3921 τοῦ
1539 3866 1790 3921 τοιούτου
1839 3887 1942 3943 φο-

293 3951 455 4029 ϐεροῦ
507 3958 736 4027 σεισμοῦ
795 3954 1162 4027 ἑορτάζοντες,
1197 3955 1573 4028 Λιτανεύομεν,
1629 3955 1717 4010 καὶ
1777 3955 1944 4031 άπερ-

294 4043 507 4116 χὸμεθα
535 4044 588 4097 ἐν
638 4047 718 4113 τῷ
772 4044 870 4113 τῆς
925 4043 1310 4118 παναχράντου
1360 4041 1682 4120 ὑπερνδόξου
1715 4042 1943 4099 Δεσποί-

292 4152 390 4199 νης
416 4135 581 4203 ἡμῶν
643 4130 918 4185 Θεοτύκου
974 4131 1064 4184 καὶ
1124 4132 1513 4205 ’Λειπαρθὲνου
1572 4132 1782 4206 Μαρίας
1846 4152 1942 4206 με·

292 4219 447 4294 γάλῳ
479 4219 573 4273 καὶ
608 4220 739 4295 ἰερῷ
778 4224 892 4291 ναῷ
944 4224 1025 4291 τῷ
1083 4219 1135 4273 ἐν
1196 4221 1554 4295 ΒΛαχὲρναις,
1616 4220 1942 4285 ἱκετεύοντες

291 4310 377 4363 καὶ
429 4307 811 4371 δυσωποῦντες
865 4308 1030 4377 αὐτὴν
1091 4307 1337 4371 ἐκτενῶςο
1372 4309 1461 4364 καὶ
1517 4310 1608 4364 τὸν
1667 4310 1718 4379 ἐξ
1769 4311 1942 4381 αὐτῆς

292 4399 546 4475 ἀσπόρως
608 4397 698 4453 καὶ
756 4398 1008 4476 ἀφθόρως
1074 4400 1396 4471 γεννηθέντα
1476 4396 1546 4452 δι’
1612 4399 1758 4472 ἡμᾶς
1812 4399 1939 4463 τοὺς

292 4487 658 4562 ἁμαρτωλοὺς
686 4487 885 4560 Κύριον
919 4491 1076 4560 ἆμῶν
1136 4488 1344 4556 Ἰησοῦν
1398 4489 1627 4561 Χριστὸν
1688 4510 1939 4565 παρακα-

292 4575 504 4640 λοῦντες
565 4578 825 4653 ῥύσασθαι
884 4578 1033 4648 ἡμᾶς
1086 4582 1189 4645 τῆς
1274 4573 1481 4639 δικαίας
1562 4564 1715 4632 αύτοῖ

292 4669 446 4737 ἡμῶν
476 4667 809 4738 κινουμένης
868 4664 1054 4739 ὀργῆς.
1108 4665 1208 4721 Ἐκ
1261 4667 1386 4720 τότε
1441 4667 1532 4721 οὗν
1594 4667 1935 4741 μεμνημένοι

289 4763 382 4825 τῆς
402 4758 667 4825 τοιαύτης
722 4754 986 4829 ἀνάγκης,
1048 4753 1386 4830 εὐχαρίστως
1433 4756 1759 4830 ἑορτάζομεν
1813 4759 1941 4830 ἐτη-

292 4847 415 4910 σίως
474 4850 577 4917 τὴν
637 4851 917 4922 παροῦσαν
977 4847 1197 4922 ὲορτήν,
1256 4846 1548 4923 ἐύχόμενοι
1610 4849 1687 4922 μὴ
1718 4848 1942 4926 τοιαύτῃ

293 4941 606 5012 περιπεσεῖν
634 4934 860 5009 ἀπειλῇ.

830 5051 1020 5110 MHNI
1072 5053 1165 5131 T9
1213 5054 1410 5133 ΔΥΤῼ.

1072 5168 1175 5224 ΚΖ*

298 5255 557 5327 Ἀθλησις
603 5262 705 5332 τῆς
779 5254 934 5332 ἁγίας
1015 5254 1740 5332 μάρτυροςΔΚαπετωλίνης
1774 5302 1788 5328 ,
1846 5259 1937 5313 καὶ

613 5326 955 5405 Ἐρωτηίὸος
1000 5326 1101 5397 τῆς
1134 5326 1397 5391 οἰκέτιδος
1425 5327 1619 5398 αὐτῆς.

358 5418 424 5473 Ἣ
480 5418 689 5492 μάρτυς
768 5415 1129 5473 Καπετωλίνα
1177 5419 1244 5487 ἦν
1306 5418 1400 5491 μὶν
1459 5416 1549 5473 ἐπὶ
1608 5417 1939 5489 Διοκλητια-

303 5509 390 5559 νοῦ
423 5506 721 5581 βασιλέως·
756 5506 975 5581 ὑπῆρχε
1022 5503 1080 5560 ὃὶ
1135 5505 1196 5560 ἐκ
1244 5512 1344 5575 τῆς
1403 5508 1592 5581 χώρας
1646 5504 1944 5563 Καππαδο-

301 5593 438 5656 κίας·
473 5594 697 5670 εὖγενὴς
728 5595 892 5649 πάνυ.
954 5595 1293 5668 Κρατηθεῖσα
1337 5591 1417 5667 δὲ,
1480 5595 1569 5649 καὶ
1628 5602 1943 5673 παραστᾶσα

303 5687 378 5755 τῷ
406 5680 665 5758 ἄρχοντι,
705 5683 974 5757 ἠρωτήθη
1014 5677 1209 5756 ὄνομα,
1266 5682 1355 5737 καὶ
1403 5681 1591 5757 πόλιν,
1620 5685 1708 5741 καὶ
1739 5695 1940 5764 γονεῖς.

1274 4573 1481 4639 δικαίας
1562 4578 1729 4632 αὐτοῦ
1818 4580 2016 4644 καθἸ)

2051 1955 2249 2027 gladia
2278 1971 2559 2025 oremque
2619 1955 2925 2026 gentilem,
2982 1956 3214 2027 Lymum
3275 1953 3539 2018 nomine,
3568 1970 3707 2023 por-

2053 2050 2285 2099 tentosa
2314 2042 2579 2114 corporis
2604 2043 2958 2114 proceritate
2982 2049 3041 2097 et
3068 2041 3416 2096 fortitudine
3448 2041 3509 2096 in
3542 2041 3707 2095 thea-

2055 2139 2204 2187 trum
2236 2132 2632 2204 produxisset,
2657 2134 2757 2202 qui
2790 2149 2997 2187 omnes
3028 2132 3089 2186 in
3126 2136 3427 2185 certamen
3458 2130 3704 2184 descen-

2052 2223 2193 2278 dere
2214 2239 2386 2278 auses
2416 2222 2841 2289 interﬁciebat;
2869 2227 3112 2277 sanctus
3131 2223 3340 2276 Nestor
3360 2220 3481 2275 zelo
3506 2220 3706 2274 divino

2053 2329 2357 2377 accensus,
2374 2318 2439 2366 ut
2458 2312 2682 2366 audivit
2706 2311 3124 2366 Maximiauum
3150 2309 3466 2365 dicentem.
3489 2309 3544 2363 Si
3572 2308 3706 2379 quis

2051 2403 2196 2470 vult,
2225 2402 2644 2475 congrediatur
2674 2418 2809 2457 cum
2861 2403 3051 2471 Lyaeo,
3085 2416 3341 2470 eumque
3373 2399 3608 2466 vincat;
3639 2413 3704 2453 re

2050 2509 2185 2548 cum
2216 2498 2422 2547 sancto
2451 2492 2746 2546 Demetrio
2779 2490 3252 2556 communicata,
3286 2487 3359 2543 ab
3393 2504 3460 2543 eo
3488 2488 3706 2543 confir-

2049 2588 2267 2653 matus,
2297 2588 2357 2637 et
2375 2583 2593 2637 virtute
2616 2581 2851 2637 Domini
2883 2580 3071 2635 nostri
3092 2581 3230 2635 Jesu
3247 2578 3463 2633 Christi
3494 2581 3704 2633 auctus

2052 2675 2115 2729 in
2146 2691 2387 2730 arenam
2429 2673 2758 2740 descendit,
2792 2673 3145 2742 Lymumque
3195 2669 3391 2738 gladio
3443 2667 3705 2723 sustulit.

2053 2763 2449 2829 Quamobrem
2469 2768 2803 2818 commotus
2824 2761 3204 2816 vehementer
3224 2759 3570 2829 imperator,
3603 2758 3709 2812 Ne-

2054 2858 2275 2907 storem
2305 2852 2589 2907 decollari
2616 2852 2819 2922 jussit.
2847 2852 3033 2920 Atque
3064 2849 3147 2904 ita
3168 2849 3349 2904 finem
3372 2845 3597 2915 habuit,
3631 2845 3706 2901 de

2052 2942 2290 2998 diabolo
2320 2941 2500 2997 simul
2529 2946 2589 2997 et
2616 2940 2689 2997 de
2722 2942 2890 3013 Lymo
2921 2938 3316 3010 triumphans.

2690 3147 2913 3203 Eodem
2955 3146 3051 3202 die

2234 3267 2388 3322 146
2432 3264 2886 3321 Commemoratio
2920 3263 3114 3332 magni
3156 3265 3517 3316 terraemotus.

2120 3360 2291 3410 Anno
2317 3356 2593 3428 vigesimo
2626 3358 2837 3425 quarto
2870 3351 3081 3406 Leonis
3104 3349 3289 3405 Isauri
3322 3346 3696 3418 imperatoris

2047 3444 2372 3500 indictione
2396 3460 2575 3508 nona,
2598 3459 2801 3497 mense
2826 3439 3083 3506 Octobri,
3108 3438 3202 3493 die
3232 3437 3511 3510 vigesima
3535 3442 3700 3490 sexta

2047 3536 2108 3590 in
2142 3535 2290 3589 festo
2317 3534 2503 3589 sancti
2557 3531 2860 3599 Demetrii,
2894 3526 3439 3597 Constantinopolis
3487 3540 3699 3596 magno

2048 3630 2108 3680 et
2136 3622 2435 3679 horrendo
2492 3626 2829 3677 terrmmotu
2884 3634 3172 3674 concussa
3203 3621 3312 3685 est,
3366 3619 3431 3669 ut
3472 3613 3697 3669 mdibus

2048 3712 2345 3779 omnibus,
2370 3709 2755 3779 ecclesiisque
2783 3706 3216 3769 corruentibus,
3237 3701 3695 3758 innumerabilis

2047 3800 2389 3857 mortalium
2424 3798 2742 3855 multitudo
2774 3799 3062 3852 exstincta
3101 3794 3295 3849 fuerit.
3331 3793 3701 3863 Quapropter

2049 3889 2341 3944 tremendi
2367 3890 2544 3961 hujus
2568 3890 2940 3942 terrzemotus
2970 3882 3443 3939 recordationem
3459 3884 3699 3952 agentes

2049 3979 2543 4051 supplicationem
2571 3976 2960 4037 instituimus,
2984 3972 3372 4044 procedentes
3391 3969 3465 4025 ad
3488 3970 3701 4023 imma-

2047 4070 2257 4124 cuiatis
2289 4073 2348 4123 et
2374 4067 2817 4141 gloriosissimas
2845 4064 3108 4123 Dominae
3159 4066 3378 4117 nostra:
3411 4059 3697 4130 Deiparm,

2050 4178 2403 4233 semperque
2463 4158 2716 4231 Virginis
2773 4156 2967 4211 Marias
3025 4158 3333 4226 augustam
3375 4155 3431 4203 et
3470 4163 3700 4203 sacram

2048 4250 2260 4319 eadem,
2293 4267 2424 4320 quas
2455 4249 2516 4303 in
2573 4244 2917 4302 Blachernis
2950 4248 3040 4297 est
3070 4260 3082 4308 ;
3118 4240 3547 4311 supplicantes,
3581 4237 3695 4290 im-

2046 4355 2351 4411 penseque
2384 4342 2694 4408 precantes
2750 4339 2870 4388 tum
2908 4331 3120 4401 ipsam,
3157 4335 3279 4383 tum
3311 4326 3412 4396 qui
3446 4325 3574 4379 sine
3606 4339 3697 4377 se-

2048 4430 2209 4485 mine
2240 4434 2299 4485 et
2326 4426 2706 4497 corruptione
2738 4440 2844 4495 pro
2886 4420 3059 4476 nobis
3090 4415 3498 4490 peccatoribus
3529 4432 3600 4469 ex
3631 4429 3703 4469 ea

2047 4525 2223 4574 natus
2254 4523 2365 4586 est,
2399 4515 2716 4571 Dominum
2748 4516 3021 4567 nostrum
3050 4510 3250 4564 Jesum
3275 4505 3578 4560 Christum
3607 4520 3700 4559 ro-

2048 4615 2273 4683 gantes,
2296 4613 2363 4663 ut
2382 4608 2556 4662 istam
2580 4606 2643 4660 in
2665 4621 2775 4659 nos
2797 4603 2945 4657 iram
2966 4615 3135 4655 suam
3158 4597 3440 4653 remittat.
3474 4593 3700 4649 Exinde

2049 4698 2370 4770 quotannis
2404 4696 2583 4768 hujus
2616 4690 3021 4748 tribulationis
3050 4702 3366 4753 memores,
3400 4701 3536 4741 cum
3569 4700 3703 4756 gra-

2051 4789 2267 4843 tiarum
2298 4788 2530 4843 actione
2562 4784 2889 4839 solemnem
2921 4780 3080 4835 hunc
3112 4777 3267 4834 diem
3303 4775 3699 4841 celebramus,

2050 4882 2313 4947 orantes,
2345 4892 2419 4932 ne
2462 4875 2524 4930 in
2554 4870 2901 4946 hujusmodi
2932 4868 3236 4943 flagellum
3270 4866 3629 4922 incidamus.

2602 5081 2843 5137 EODEM
2883 5078 3135 5133 MENSE.

2514 5171 2616 5225 Die
2654 5168 2936 5225 vicesima
2988 5165 3240 5237 septima

2050 5265 2198 5318 147
2266 5261 2553 5317 Certamen
2636 5265 2841 5314 sancta:
2924 5257 3189 5326 martyris
3260 5252 3610 5323 Capitolinae,
3653 5255 3703 5305 et

2511 5332 2784 5386 Eroteidis
2832 5330 2949 5397 ejus
2996 5327 3235 5381 ancillae.

2122 5421 2453 5494 Capitolina
2488 5424 2734 5491 martyr,
2795 5415 3160 5470 Diocletiano
3222 5415 3602 5484 imperatore,
3637 5424 3706 5461 ex

2050 5510 2434 5583 Cappadocia:
2464 5510 2708 5581 regione
2737 5506 2870 5569 fuit,
2893 5520 3108 5575 genere
3141 5502 3496 5558 clarissima.
3531 5504 3701 5552 Com-

2050 5602 2346 5673 prehensa
2361 5603 2584 5666 autem,
2616 5602 2676 5652 et
2697 5594 2772 5650 ad
2802 5591 3147 5663 praefectum
3179 5589 3454 5653 adducta,
3490 5587 3563 5640 de
3603 5598 3708 5653 pa-

2050 5691 2183 5759 tria,
2216 5689 2563 5761 parentibus
2595 5691 2655 5742 et
2681 5681 2925 5741 nomine
2974 5680 3333 5745 interrogata
3364 5691 3378 5728 :
3433 5675 3576 5743 Ego,
3607 5673 3702 5723 In-
