4030 6196
313 339 437 400 ’131

1642 328 2070 394 MENOLOGll
2115 330 2314 426 PARS
2358 329 2408 390 1.

3617 323 3727 384 132

325 473 472 544 quit,
504 469 840 527 Christiana
870 485 1046 526 vocor
1074 484 1087 526 :
1118 467 1372 542 patriam
1403 473 1604 525 autem
1634 466 1824 522 habeo
1857 483 1949 523 cce

2087 462 2185 518 Καὶ
2219 460 2510 536 ἀπεκρίθη,
2574 458 2820 515 εἰποῦσαο
2879 460 2996 514 Ὀτι
3053 456 3351 533 Χριστιανὴ
3415 458 3508 529 μὲν
3534 457 3734 512 καλοῦ-

331 562 539 616 lestem
567 561 892 616 Jerusalem
923 576 935 614 :
963 564 1023 615 at
1051 564 1328 631 parentes
1354 564 1492 614 sunt
1512 558 1949 614 Christianorum

2091 571 2207 625 μαι·
2241 550 2402 608 πόλιν
2436 549 2492 606 δὲ
2521 547 2638 624 ἔχῶ
2666 550 2766 618 τήν
2816 546 2928 604 ἄνω
2985 545 3366 620 Ἰερουσαλὴμ·
3425 546 3514 600 καὶ
3567 546 3733 600 πατέρ-

321 652 614 720 doctores,
649 657 708 707 et
737 653 797 706 in
829 650 1040 722 primis
1072 666 1322 722 magnus
1387 649 1768 706 Firmilianus
1793 650 1980 703 Caesa-

323 759 440 795 reze
471 741 856 812 Cappadocia:
916 743 1247 812 episcopus.
1286 741 1468 811 Igitur
1525 755 1656 793 cum
1689 753 1976 809 generose

321 831 615 887 Christum
649 830 1049 902 prmdicasset,
1083 830 1291 885 falsam
1314 835 1511 884 autem
1546 828 1838 882 idolorum
1875 844 1974 881 su-

322 921 730 991 perstitionem
767 920 1184 992 redarguisset,
1211 919 1420 974 falsam
1451 924 1649 973 autem
1679 917 1972 971 idolorum

323 1007 807 1078 superstitionem
862 1007 1281 1078 redarguisset,
1326 1006 1522 1060 vincta
1583 1005 1642 1059 in
1675 1020 1972 1059 carcerem

315 1097 668 1151 detruditur.
703 1095 868 1160 Quod
898 1096 997 1151 ubi
1034 1095 1268 1150 rescivit
1297 1094 1526 1148 Eroteis
1557 1093 1686 1164 ejus
1731 1092 1967 1159 ancilla,

314 1201 611 1240 carcerem
654 1187 939 1258 ingressa,
984 1183 1241 1240 dominas
1295 1183 1532 1239 vincula
1561 1181 1964 1238 osculabatur.

311 1276 455 1330 Tum
486 1292 620 1331 vero
653 1279 858 1330 sancta
911 1274 1242 1346 Capitolina
1285 1275 1477 1345 capite
1525 1273 1966 1328 obstruncatur.

311 1366 538 1420 Eroteis
567 1371 763 1420 autem
787 1363 1046 1435 primum
1077 1363 1138 1417 in
1170 1363 1366 1434 ignem
1400 1363 1694 1433 conjecta,
1724 1367 1778 1415 et
1808 1361 1967 1414 inco-

309 1453 489 1508 lumis
513 1453 649 1508 inde
669 1469 934 1524 egressa;
959 1469 1096 1507 mox
1119 1451 1378 1523 impulsa
1407 1451 1582 1506 idolis
1605 1450 1961 1512 sacriﬁcare,

313 1559 449 1597 cum
481 1543 552 1597 ad
585 1542 644 1597 id
672 1542 872 1597 induci
904 1542 1200 1614 nequiret,
1245 1541 1438 1614 gladio
1471 1542 1717 1613 trajecta
1749 1545 1801 1594 et
1837 1539 1966 1610 ipsa

312 1631 616 1688 occubuit.

863 1775 1102 1830 EODEM
1151 1775 1402 1829 MENSE.

801 1883 907 1936 Die
940 1881 1223 1936 vicesima
1253 1886 1458 1936 octava

317 1988 471 2043 ’I-IS
525 1988 809 2042 Certamen
864 1990 1200 2044 sacrosancti
1255 1990 1519 2058 martyris
1567 1988 1811 2059 Cyriaci,
1857 1988 1956 2057 qui

405 2063 707 2130 pretiosam
750 2075 961 2115 crucem
1006 2067 1208 2114 sanctae
1237 2059 1457 2114 Helenae
1500 2061 1848 2114 monstravit.

376 2219 479 2273 Hic
520 2223 837 2290 postquam
892 2217 1213 2290 pretiosam
1272 2234 1340 2273 ac
1397 2217 1685 2272 viviﬁcam
1718 2231 1955 2272 crucem

301 2308 673 2371 monstravit,
702 2307 1066 2378 baptismum
1107 2307 1394 2377 suscepit,
1427 2311 1487 2360 et
1525 2305 1958 2376 Hierosolymo-

303 2413 436 2451 rum
467 2396 782 2467 episcopus
810 2394 1001 2450 factus
1033 2400 1141 2450 est.
1177 2395 1367 2448 Vitam
1421 2399 1619 2449 autem
1660 2409 1848 2464 usque
1879 2391 1952 2448 ad

303 2485 521 2539 Iuliani
567 2486 862 2554 Apostataa
893 2489 1161 2554 tempora
1192 2482 1504 2553 produxit:
1545 2483 1644 2552 qui
1679 2487 1956 2554 suscepta.

305 2573 584 2628 adversus
640 2575 848 2627 Persas
905 2572 1301 2642 expeditione,
1361 2588 1496 2627 cum
1546 2571 1953 2642 Hierosolyma

303 2662 624 2733 profectus,
659 2662 846 2716 sancti
878 2667 1041 2733 gesta
1071 2661 1394 2729 didicisset,
1428 2661 1591 2715 misit
1647 2662 1746 2732 qui
1779 2661 1950 2715 illum

303 2751 801 2821 comprehensum
824 2749 899 2804 ad
957 2749 1216 2804 tribunal
1273 2766 1444 2804 suum
1503 2749 1857 2804 adduceret:
1893 2754 1952 2803 et

303 2841 630 2896 conabatur
650 2839 892 2910 quidem
917 2839 988 2893 ad
1021 2839 1318 2894 idolorum
1348 2839 1576 2894 cultum
1607 2855 1743 2894 eum
1774 2839 1949 2910 pelli-

301 2947 473 2997 cere;
519 2929 623 2984 sed
653 2929 1052 3000 reprehensus
1083 2927 1154 2982 ab
1186 2945 1276 2996 eo,
1301 2929 1484 3000 jussit
1514 2927 1816 2983 dexteram
1856 2928 1944 2983 illi

295 3035 542 3074 manum
573 3017 891 3089 amputari,
943 3017 1220 3087 inquiens
1247 3035 1259 3070 :
1302 3019 1552 3087 Equum
1585 3022 1675 3071 est
1705 3017 1946 3087 praacidi

293 3123 560 3173 manum,
586 3123 716 3177 quae
737 3123 845 3177 per
875 3106 1101 3160 litteras
1129 3106 1420 3177 plurimos
1449 3122 1483 3160 a
1511 3105 1757 3160 deorum
1782 3106 1943 3160 cultu

1991 1805 2066 1899 Β,

2085 663 2182 714 ρας
2217 686 2231 711 ,
2289 639 2415 704 τοὺς
2473 637 2832 694 διδασκάλους
2906 643 3012 692 τῶν
3072 639 3422 710 Χριστιανῶν·
3484 635 3598 706 μεθ’
3657 635 3730 689 ὢν

2082 730 2172 785 καὶ
2227 733 2318 783 τὸν
2383 729 2549 804 μέγαν
2609 727 2976 800 Φιρμιλιανὸν
3014 771 3027 796 ,
3093 724 3185 780 τὸν
3249 724 3574 798 Καισαρείας
3635 730 3734 792 τῆς

2085 817 2470 879 Καππαδοκίας
2503 817 2821 873 ἐπίσκοπον.
2883 817 3148 876 Γενναίως
3207 813 3297 868 οὖν
3343 814 3439 868 τὸν
3499 811 3731 886 Χριστὸν

2079 909 2479 981 ἀνακηρύξασα,
2520 908 2614 961 καὶ
2669 905 2926 982 ἐλέγξασα
2949 906 3047 972 τήν
3109 900 3465 977 ψευδώνυμον
3517 901 3730 970 πλάνην

2075 1002 2185 1052 τῶν
2227 995 2498 1065 εἰδώλων,
2557 994 2713 1064 ἐδέθη
2773 995 2862 1049 καὶ
2918 991 3243 1060 ἀπεκλείσθη
3279 991 3330 1046 ἐν
3360 995 3430 1064 τῇ
3489 993 3733 1068 φυλακῇ.

2077 1088 2139 1141 Ἡ
2202 1085 2259 1141 δέ
2314 1087 2516 1156 ταύτης
2573 1082 2746 1154 δούλη
2799 1083 3070 1158 Ἐρωτηίς
3127 1082 3436 1150 ἀκούσασα,
3487 1078 3734 1146 ἀπῆλθεν

2077 1175 2130 1232 ἐν
2160 1179 2226 1249 τῇ
2259 1175 2500 1252 φυλακῇ,
2557 1175 2648 1230 καὶ
2703 1172 2987 1250 κατεφίλεῖ
3041 1171 3107 1226 τὰ
3165 1169 3336 1244 δεσμᾶ
3388 1175 3488 1238 τῆς
3540 1168 3732 1242 κυρίας

2074 1263 2262 1333 αὐτῆς.
2296 1265 2517 1332 Ὀθενὴ
2582 1263 2676 1335 μὲν
2737 1261 2861 1338 ἁγία
2915 1258 3269 1317 Καπετωλίνα
3321 1259 3418 1326 τὴν
3479 1256 3732 1334 κεφαλὴν

2075 1353 2456 1426 ἀποτέμνεται·
2490 1355 2524 1421 ἦ
2559 1349 2616 1406 δὲ
2673 1351 2794 1427 ἁγία
2847 1350 3140 1426 Ἐρωτηῒς,
3197 1347 3459 1422 πρότερον
3512 1346 3563 1401 ἐν
3596 1344 3732 1420 πυρὶ

2078 1440 2365 1517 βληθεῖσα,
2406 1441 2497 1496 καὶ
2557 1441 2714 1516 ὑγιὴς
2744 1439 3052 1509 ἐξελθοῦσα,
3091 1437 3182 1492 καὶ
3237 1437 3732 1512 καταναγκασθεῖσα

2071 1533 2224 1586 θῦσαι
2249 1536 2366 1592 τοῖς
2427 1528 2708 1600 εἶ’δώλοις,
2764 1529 2853 1584 καὶ
2911 1529 2986 1600 μὴ
3044 1528 3338 1594 πεισθεῖσα,
3370 1525 3588 1600 ὕστερον
3635 1525 3731 1578 καὶ

2073 1622 2212 1690 αύτὴ
2245 1619 2382 1698 ξίφει
2414 1619 2714 1696 πληγεῖσα,
2747 1617 3064 1687 ἐτελειώθη.

2634 1729 2816 1784 MHNl
2847 1731 2930 1804 ro
2963 1731 3158 1804 ΑΥΤῼ.

2841 1835 2966 1892 KH'.

2071 1943 2345 2032 Ἃθλησις
2411 1945 2520 2032 τοῦ,
2571 1942 2732 2030 ἁγίου
2791 1938 3196 2032 ίερομάρτυροκς
3253 1941 3728 2032 Ιξυριακωοῦϋτνοῦ

2181 2008 2552 2142 αἶ’ἕρώσαντός
2599 2008 2693 2069 τὸν
2749 2008 2933 2085 τίμιον
2989 2008 3214 2086 σταυρὸν
3269 2008 3358 2066 ἐπὶ
3413 2017 3512 2080 τῆς
3552 2008 3729 2083 ’ἀγίας

2181 2103 2199 2142 h
2271 2107 2388 2142 vnc.

2271 2107 2388 2156 νης.

2141 2209 2315 2273 Οὗτος
2377 2211 2512 2284 μετᾶ
2553 2209 2615 2264 τὸ
2664 2212 2968 2286 φανερῶσαι
3027 2208 3118 2262 τὸν
3175 2208 3366 2280 τίμιον
3422 2205 3511 2260 καὶ
3573 2211 3725 2275 ζωο-

2069 2304 2228 2356 ποιόν
2289 2298 2536 2373 σταυρὸν,
2595 2299 2684 2353 καὶ
2748 2299 3126 2373 βαπτισθῆναι,
3175 2295 3361 2372 γέγονε
3420 2295 3725 2358 ἐπίσκοπος

2065 2386 2490 2463 Ἱεροσολύμων·
2553 2387 2642 2442 καὶ
2691 2385 2996 2458 παρέτεινεν
3059 2388 3094 2455 ἡ
3153 2386 3264 2454 ζωὴ
3324 2384 3488 2440 αὐτοῦ
3550 2382 3723 2458 μέχρι

2064 2486 2166 2549 τῆς
2234 2477 2514 2553 βασιλείας
2569 2473 2876 2532 Ἰουλιανοῦ
2959 2479 3056 2530 τοῦ
3118 2470 3466 2550 Παραϐάτου.
3525 2477 3722 2535 ’Ὁστις

2061 2569 2202 2622 κατὰ
2255 2571 2364 2622 τῶν
2427 2569 2644 2640 Περσῶν
2704 2564 3074 2637 πορευόμενος
3112 2608 3125 2634 ,
3201 2563 3413 2632 ἀπῆλθε
3489 2564 3578 2617 καὶ
3639 2562 3722 2623 είς

2056 2655 2446 2729 Ἰερουσαλήμ.
2495 2654 2595 2711 Καὶ
2658 2657 2842 2727 μαθὼν
2897 2656 3019 2728 περὶ
3069 2658 3165 2708 τοῦ
3221 2653 3394 2728 ἁγίου,
3452 2653 3542 2708 καὶ
3574 2652 3720 2706 ἀπο-

2053 2745 2297 2813 στείλας,
2352 2745 2440 2798 καὶ
2497 2745 2773 2818 κρατήσας
2827 2743 2990 2798 αὐτὸν
3023 2786 3036 2811 ,
3113 2739 3416 2818 παρέστησε
3468 2746 3547 2813 τῷ
3585 2739 3714 2814 ἰδίῳ

2061 2834 2334 2911 κριτηρίῳ
2367 2878 2380 2890 .
2444 2835 2540 2888 Καὶ
2597 2834 2898 2910 ἀναγκάσας
2957 2833 3114 2888 αὐτὸν
3171 2838 3326 2897 θῦσαι
3375 2837 3490 2894 τοῖς
3548 2829 3709 2886 εἰδώ-

2058 2925 2199 2992 λοις,
2251 2924 2501 2999 ἠλέγχθη
2567 2924 2653 2977 ὑπ’
2709 2923 2896 2981 αὐτοῦ.
2955 2924 3114 2979 ’Όθεν
3175 2921 3420 2977 ἐκέλευσε
3469 2928 3710 2990 κοπῆναι

2053 3015 2151 3083 τὴν
2186 3012 2362 3086 δεξιὰν
2394 3013 2558 3068 αὐτοῦ
2607 3017 2791 3088 χεῖρα,
2849 3012 3037 3080 εἶπὼν,
3093 3011 3177 3066 ὅτι
3233 3011 3294 3066 σὺ
3343 3007 3556 3072 πολλὰς
3587 3010 3710 3065 ἐπι-

2055 3101 2252 3165 στολὰς
2305 3105 2512 3179 γράψας
2568 3103 2702 3174 μετά
2767 3109 2868 3170 τῆς
2926 3101 3111 3176 χειρὸς
3166 3107 3390 3171 ταύτης,
3458 3097 3710 3162 πολλοὺς

293 3195 598 3251 abstraxit.
634 3195 856 3249 Deinde
915 3195 1205 3266 liquatum
1257 3193 1566 3266 plumbum
1623 3196 1684 3249 in
1718 3213 1781 3250 os
1813 3196 1941 3267 ejus

2064 3193 2391 3267 Ξιπέστρεψας
2424 3192 2530 3246 ἀπὸ
2561 3196 2667 3245 τῶν
2699 3193 2854 3248 θεῶν,
2919 3191 3048 3245 Εἶτα
3105 3191 3282 3266 ἐξέχεε
3341 3184 3616 3263 μόλυϐδον
3651 3188 3707 3244 ἐν

293 3285 527 3342 infundi
578 3284 916 3350 mandavit;
950 3301 1086 3339 mox
1133 3285 1192 3338 in
1219 3283 1465 3355 grabato
1509 3301 1673 3339 mneo
1705 3284 1939 3339 cadenti

297 3391 432 3430 eum
463 3373 742 3430 collocari
771 3391 782 3429 :
809 3373 883 3428 ad
913 3390 1088 3444 quem
1123 3389 1258 3428 cum
1290 3377 1481 3428 mater
1505 3373 1634 3444 ejus
1663 3373 1943 3443 venisset,

290 3463 608 3535 corripitur
647 3467 704 3517 et
733 3463 882 3534 ipsa,
915 3479 983 3518 ac
1013 3462 1084 3517 de
1117 3462 1357 3517 sublimi
1392 3461 1626 3533 capillis
1657 3479 1940 3534 appensa,

293 3554 501 3609 tandiu
532 3553 878 3618 dilaniatur,
911 3552 1052 3607 dum
1084 3553 1345 3608 animam
1377 3552 1626 3607 efflaret.
1654 3553 1943 3623 Cyriacus

288 3658 422 3697 vero
453 3641 514 3695 in
544 3639 801 3695 lebetem
834 3641 1112 3712 injectus,
1143 3646 1200 3694 et
1231 3640 1437 3694 lancea
1480 3640 1787 3695 confossus
1845 3657 1945 3695 oc-

289 3729 520 3785 cubuit.

939 3833 1161 3890 Eodem
1211 3835 1304 3889 die

373 3952 526 4006 140
558 3953 1010 4009 Commemoratio
1061 3953 1238 4006 sancti
1265 3952 1494 4006 Joannis
1525 3951 1846 4008 Chozebitw.

350 4066 454 4120 Hic
485 4063 888 4136 locupletibus
922 4063 1270 4136 parentibus
1328 4063 1544 4118 Thebis
1573 4065 1799 4136 Egypti
1831 4081 1940 4120 na-

281 4159 406 4226 tus,
430 4171 565 4210 cum
588 4154 662 4210 ad
682 4160 977 4210 maturam
1005 4159 1239 4210 aatatem
1264 4154 1543 4224 venisset,
1573 4153 1800 4208 nullam
1829 4153 1940 4209 sibi

280 4260 422 4299 cum
457 4244 721 4300 Ecclesia
743 4244 1038 4300 catholica
1051 4243 1533 4299 communionem
1557 4259 1685 4298 esse
1708 4243 1944 4298 volebat

277 4339 527 4410 propter
555 4333 880 4406 synodum,
914 4351 1046 4406 quas
1071 4333 1441 4390 Chalcedone
1478 4331 1681 4388 habita
1705 4331 1836 4390 fuit.
1869 4335 1943 4387 At

283 4438 420 4477 cum
441 4424 764 4494 aliquando
797 4441 935 4479 eum
963 4429 1167 4479 sancta
1186 4422 1317 4480 loca
1345 4421 1573 4477 visendi
1604 4421 1817 4493 cupido
1849 4423 1938 4477 in-

288 4512 586 4579 cessisset,
617 4513 774 4569 visus
805 4519 896 4568 est
922 4512 1036 4568 sibi
1067 4529 1172 4584 per
1203 4512 1466 4584 quietem
1494 4511 1749 4566 multum
1780 4510 1939 4566 labo-

288 4613 444 4663 rare,
467 4616 826 4670 omnemque
849 4617 1090 4672 operam
1111 4598 1935 4671 adbibere,utingrederetur,

290 4688 734 4759 pretiosamque
761 4707 996 4745 crucem
1027 4691 1320 4759 adoraret,
1351 4705 1462 4745 nec
1486 4696 1686 4745 tamen
1707 4696 1937 4760 portam

286 4775 551 4831 invenire
582 4794 789 4848 posse:
833 4795 1088 4849 cumque
1119 4779 1340 4834 idcirco
1373 4783 1706 4851 angeretur,
1735 4795 1936 4834 vocem

289 4865 493 4920 audire
527 4864 639 4919 sibi
672 4866 1008 4922 dicentem:
1044 4867 1289 4922 Crucem
1322 4867 1687 4938 contemptui
1717 4867 1936 4923 habere

285 4969 405 5021 eos,
434 4953 650 5024 quibus
709 4955 876 5010 nulla
925 4961 1083 5010 esset
1139 4972 1276 5010 cum
1333 4954 1592 5010 Ecclesia
1646 4956 1938 5013 catholica

287 5043 648 5098 communio.
682 5044 1071 5115 Experrectus
1102 5044 1537 5117 igitur,juncta
1566 5060 1702 5100 cum
1733 5046 1937 5100 catho-

285 5131 417 5186 licis
449 5133 890 5200 communione,
925 5134 1240 5190 confestim
1274 5150 1336 5188 se
1357 5133 1418 5188 in
1441 5133 1772 5204 proximam
1805 5151 1934 5190 ere-

285 5238 452 5277 mum
483 5222 726 5293 recepit,
759 5228 936 5294 atque
964 5224 1026 5278 in
1059 5224 1322 5279 Cbozeba
1343 5228 1546 5278 monte
1577 5221 1652 5277 ad
1683 5228 1935 5279 mortem

283 5326 472 5380 usque
504 5310 823 5366 concedit:
857 5311 956 5367 ubi
1005 5317 1064 5366 et
1092 5328 1154 5367 se
1187 5312 1383 5383 ipsum
1435 5311 1596 5366 omni
1653 5312 1932 5368 virtutum

282 5417 495 5473 genere
551 5402 833 5468 exercuit,
895 5408 953 5457 et
1004 5401 1292 5458 miracula
1337 5401 1610 5474 patravit.
1667 5402 1933 5474 Denique

285 5506 422 5544 cum
450 5490 671 5546 multos
703 5491 927 5546 sanctis
969 5491 1261 5546 institutis
1301 5495 1360 5546 et
1385 5488 1677 5561 religiosis
1709 5496 1932 5550 exerci-

2049 3288 2129 3355 τῷ
2188 3282 2416 3353 στόματι
2477 3281 2682 3338 αὐτοῦ.
2749 3281 2846 3334 Καὶ
2908 3280 3042 3352 μετὰ
3095 3284 3260 3334 ταῦτα
3319 3279 3468 3348 ἐτέθη
3522 3277 3573 3332 ἐν
3627 3282 3708 3350 τῷ

2050 3364 2345 3447 κραϐϐάεῳ
2403 3369 2602 3444 χαλκῷ
2663 3369 2988 3442 πυρωθέντι.
3042 3367 3311 3432 Ἐλθοῦσα
3343 3365 3399 3422 δὲ
3450 3368 3583 3442 πρὸς
3613 3369 3706 3422 αὖ·

2049 3461 2138 3514 τὸν
2171 3461 2206 3529 ἡ
2243 3461 2429 3534 μήτηρ
2463 3459 2649 3527 αὐτοῦ,
2684 3457 2960 3531 ἐκρατήθη
2993 3458 3083 3512 καὶ
3142 3457 3298 3526 αύτή.
3347 3456 3452 3513 Καὶ
3498 3477 3704 3532 κρεμα-

2053 3555 2237 3614 σθεῖσα
2265 3547 2321 3604 ἐγ
2353 3553 2460 3604 τῶν
2515 3552 2753 3624 τριχῶν,
2781 3547 2869 3602 καὶ
2929 3545 3179 3620 ξεομένη,
3239 3548 3519 3610 ἀπέθανεν.
3572 3547 3706 3602 Εἶτα

2050 3634 2351 3711 ἐμϐληθεὶς
2393 3637 2480 3692 καὶ
2542 3636 2702 3699 αὐτὸς
2757 3637 2832 3698 είς
2892 3632 3118 3710 λέϐητα,
3147 3634 3362 3710 ἐπλήγη
3426 3635 3560 3708 μετὰ
3603 3639 3704 3690 τοῦ

2047 3728 2360 3803 κονταρίου,
2387 3727 2473 3780 καὶ
2505 3725 2818 3796 ἐτελειώθη.

2647 3845 2732 3916 Τῇ
2764 3843 2900 3916 αὐτῇ
2930 3844 3102 3918 ἡκέρᾳ

2227 3959 2438 4032 Μνήμη
2469 3962 2567 4013 τοῦ
2599 3956 2751 4014 ὁσίου
2781 3960 3032 4016 Ἰωάννου
3057 3962 3154 4013 τοῦ
3199 3953 3518 4028 Χοζεϐίτου.

2120 4075 2293 4136 Ουτος
2325 4074 2542 4150 γέγονεν
2574 4074 2681 4129 ἀπὸ
2713 4069 2906 4144 Θηϐῶν
2938 4081 3038 4145 τῆς
3069 4073 3370 4152 Αἲγύπτου,
3417 4072 3698 4130 πλουσίων

2046 4160 2250 4238 γονέων
2284 4163 2418 4225 υἱός.
2454 4163 2618 4238 Ἀνῆρ
2676 4160 2734 4218 δὲ
2763 4162 3050 4237 γενόμενος
3105 4165 3223 4219 καθ’
3269 4161 3515 4234 ἡλικίαν,
3548 4164 3702 4218 ἀκοι-

2045 4252 2284 4322 νώνητος
2343 4249 2499 4324 ἔμενε
2554 4258 2655 4320 τῆς
2711 4249 3010 4322 καθολικῆς
3045 4252 3420 4324 Ἐκκλησιίας,
3456 4251 3544 4308 διὰ
3597 4254 3699 4322 την

2045 4339 2100 4396 ἐν
2159 4338 2471 4412 Χαλκηδόνι
2531 4337 2777 4399 σύνοδον.
2839 4342 3184 4415 Ἐπεθύμησε
3243 4339 3299 4397 δὲ
3355 4343 3488 4398 ποτὶ
3530 4341 3702 4398 ἀπελ-

2042 4431 2176 4500 θεῖν,
2209 4433 2297 4485 καὶ
2344 4435 2718 4504 προσκυνῆσαι
2777 4430 2903 4493 τοὺς
2971 4425 3303 4504 σεϐασμίους
3349 4431 3576 4496 τόπουςο
3608 4433 3702 4486 καὶ

2047 4520 2147 4593 ὁρᾶ
2174 4521 2293 4574 καθ’
2346 4518 2547 4585 ὕπνους
2602 4519 2788 4576 ἑαυτὸν
2851 4520 2944 4594 μὲν
3005 4517 3194 4575 πολλὰ
3251 4525 3553 4590 κοπιῶντα,
3607 4521 3698 4577 καὶ

2046 4606 2447 4680 ἀγωνιζόμενον
2481 4605 2764 4677 εἰσελθεῖν,
2819 4607 2908 4662 καὶ
2969 4614 3342 4682 προσκυνῆσαι
3398 4609 3488 4664 τὸν
3519 4608 3704 4681 τίμιον

2049 4697 2298 4771 σταυρόν·
2339 4698 2415 4768 μή
2450 4693 2749 4770 δυνάμενον
2785 4693 2841 4752 δὲ
2895 4696 3057 4772 θύραν
3113 4698 3308 4774 εὑρεῖν.
3369 4701 3702 4772 Ἀναγκαζο-

2053 4785 2168 4860 μέῳ
2201 4782 2259 4840 δὲ
2287 4783 2454 4854 ἦλθεν
2487 4784 2635 4856 αὐτῷ
2683 4786 2838 4864 φωνή
2874 4785 3129 4860 λέγουσα⁸
3163 4785 3306 4849 Τοὺς
3369 4789 3444 4860 μή
3502 4808 3705 4841 κοινω-

2044 4878 2268 4936 νοῦντας
2299 4881 2400 4944 τῆς
2458 4871 2760 4938 καθολικῆς
2818 4873 3146 4945 Ἐκκλησίας
3175 4877 3202 4930 ὁ
3236 4878 3462 4949 σταυρὸς
3511 4875 3573 4931 ού
3601 4897 3705 4930 πα-

2047 4961 2356 5040 ραδέχεται.
2392 4965 2452 5021 Ὁ
2485 4961 2562 5036 δὲ,
2621 4961 2848 5034 ἔξυπνος
2896 4964 3213 5040 γενόμενος,
3273 4965 3600 5036 ἐκοινώνησε
3627 4970 3701 5040 τῇ

2044 5052 2315 5128 κιεθολικῇ
2367 5052 2693 5128 Ἐκκλτ,σίᾳ’
2751 5054 2839 5109 καὶ
2894 5057 3022 5130 παρ’
3077 5057 3215 5112 αὐτὰ
3244 5055 3468 5129 ἐξῆἷ’θεν
3499 5057 3705 5122 εἰςτὰς

2044 5142 2278 5211 πλησίον
2313 5141 2576 5218 ἐρήμους.
2617 5143 2720 5199 Καὶ
2779 5141 2986 5215 ἔμεινεν
3033 5142 3084 5198 ἐν
3143 5149 3222 5216 τῷ
3278 5141 3393 5220 ὄρει
3447 5150 3544 5200 τοῦ
3596 5147 3704 5202 Χο-

2046 5227 2174 5303 ζεϐἆ
2248 5227 2351 5293 ἕως
2405 5226 2600 5293 τέλους
2636 5275 2649 5301 ,
2709 5235 2880 5286 πᾶσαν
2943 5231 3167 5304 ἄσκησιν
3231 5231 3698 5307 ἐπιδεικνύμενος,

2041 5323 2128 5377 καὶ
2191 5321 2440 5392 θαύματα
2494 5319 2824 5384 ἐπιτελέσας·
2885 5322 2975 5377 καὶ
3029 5322 3280 5386 πολλοὺς
3342 5321 3557 5394 διδάξας
3602 5345 3701 5398 μι-

2047 5411 2262 5484 μιῖσθαι
2287 5410 2388 5478 τὴς
2422 5407 2668 5482 ἐνάρετον
2702 5410 2866 5466 αὐτοῦ
2915 5411 3218 5484 πολιτείαν,
3249 5411 3339 5466 καὶ
3372 5413 3472 5481 τήν
3527 5413 3698 5483 ἄσκη-

2043 5521 2150 5568 σιν,
2181 5497 2500 5568 ἐτελειώθη,
2530 5500 2718 5576 ταφεὶς
2751 5500 2802 5554 ἐν
2829 5499 2974 5572 αὐτῷ
3030 5506 3108 5574 τῷ
3164 5496 3276 5575 ὄρει
3331 5507 3432 5569 τῆς
3461 5499 3676 5573 ἐρήμου

285 5579 460 5634 nibus
491 5579 670 5650 probe
701 5579 990 5649 excultos,
1013 5579 1087 5636 ad
1119 5580 1390 5636 eamdem
1410 5579 1541 5635 vitae
1583 5579 1876 5640 rationem
1907 5587 2232 5647 ineundam
2264 5588 2587 5660 allexisset,
2645 5590 2918 5661 decessit,
2977 5597 3152 5663 atque
3183 5592 3244 5646 in
3271 5589 3478 5646 eodem
3509 5591 3697 5648 eremi

283 5674 484 5728 monte
516 5669 783 5742 sepultus
809 5669 940 5727 fuit.
