4042 6206
294 368 417 430 {33

848 502 1031 559 MHNI
1070 504 1165 581 Τῼ
1211 503 1403 581 ΑΥΊᾮ.

1078 594 1202 649 ΚΘ’.

473 681 679 751 Μνήμη
711 684 819 734 τοῦ
850 681 1009 736 ὁσίου
1035 684 1246 756 Πατρὸς
1270 685 1430 756 ἡμῶν
1465 676 1783 755 ’Λϐραμίου.

361 798 420 851 Ὁ
471 796 618 856 ὅσιος
689 791 1004 870 Ἀϐραμιος
1090 797 1160 865 ἦν
1250 798 1343 869 μὲν
1406 799 1742 871 Χριστιανῶν
1826 792 1963 852 υἰός.

291 885 637 956 Συνεζεῦχθη
697 882 759 939 δὲ
819 881 1151 955 ἀϐουλήτως
1210 891 1448 961 γυναικί.
1486 886 1583 940 Διά
1614 883 1671 939 δὲ
1699 884 1793 939 τὸν
1823 887 1967 956 Χρι-

286 976 397 1027 στὸν
422 973 757 1028 κεταλιπὼν
819 975 1015 1044 αὐτὴν,
1074 975 1165 1029 καὶ
1226 978 1612 1052 ἀναχωρήσας,
1646 972 1961 1029 ἀπέκλεισεν

282 1063 466 1117 ἑαυτὸν
526 1062 611 1124 εἷς
681 1065 882 1138 μικρὸν
944 1064 1160 1137 οἴκημα
1215 1064 1450 1140 χρόνους
1506 1062 1775 1125 πολλούς.
1827 1065 1967 1119 Εἶτα

284 1158 703 1226 χειροτονεῖται
786 1148 1178 1229 πρεσϐύτερος.
1261 1153 1699 1224 Τελευτήσαντος
1756 1149 1813 1206 δὲ
1868 1154 1965 1206 τοῦ

282 1241 531 1319 ἀδελφοῦ
590 1242 791 1313 αὐτοῦ,
850 1243 943 1296 καὶ
999 1242 1400 1305 καταλιπόντος
1449 1241 1664 1298 παιδίον
1703 1239 1965 1312 θηλυκὸν,

285 1331 407 1385 ὡσεὶ
471 1330 707 1405 χρόνων
761 1331 921 1399 ἒπτὰ,
1000 1327 1297 1387 ἀνελάϐετο
1369 1331 1500 1387 αὐτὸ
1556 1332 1585 1387 ὁ
1643 1332 1816 1407 ἅγιοςο
1873 1329 1963 1385 καὶ

285 1417 527 1487 πλησίον
559 1424 663 1473 to?)
718 1419 950 1475 κεΛλίου
1008 1419 1174 1475 αὐτοῦ
1231 1420 1309 1483 εἰς
1362 1418 1546 1493 ἓτερον
1599 1418 1822 1475 κελλίον
1858 1418 1965 1473 ἁπ-

287 1506 553 1564 ἑκλεισεν.
582 1510 677 1564 Ἐν
710 1513 792 1580 τῷ
824 1508 1053 1580 εἰκοστῷ
1086 1506 1143 1563 δὲ
1174 1510 1363 1583 χρόνῳ
1390 1513 1490 1574 τῆς
1519 1507 1741 1578 ἡλικίας
1772 1508 1963 1579 αὐτῆς,

292 1591 491 1665 mser,
528 1598 720 1670 φθόνῳ
775 1601 874 1651 τοῦ
931 1595 1193 1669 δαίμονος
1250 1603 1560 1671 περιπεσεῖν
1620 1596 1786 1665 αὐτὴν
1829 1616 1965 1670 πορ-

292 1685 426 1755 νεῖᾳσ
486 1689 605 1740 εἶτα
661 1686 756 1741 καὶ
814 1686 865 1740 ἐν
939 1684 1251 1763 πανδοχείῳ
1307 1686 1565 1751 ἀπελθεῖν
1627 1686 1762 1759 μετᾶ
1826 1705 1962 1759 πορ-

298 1779 423 1829 νῶν.
462 1776 640 1837 Γνοὺς
677 1772 735 1829 δὲ
766 1776 795 1829 ὁ
824 1775 1005 1849 ἅγιος,
1052 1777 1142 1830 καὶ
1204 1776 1541 1851 στρατιώτου
1571 1782 1770 1850 σχῆμα
1794 1775 1964 1852 φορέ-

1811 351 2200 422 OCTOBER.

1993 488 2049 555 Α

3605 365 3722 425 13ι

2636 489 2877 544 EODEM
2916 491 3168 547 MENSE.

2587 587 2691 641 Die
2724 588 3002 644 vicesima
3033 607 3211 646 nona.

2119 674 2274 729 150
2308 674 2762 731 Commemoratio
2792 680 2969 732 sancti
3000 680 3180 734 Patris
3210 686 3382 736 nostri
3412 685 3679 743 Abramii.

2146 791 2393 845 Sanctus
2428 792 2740 847 Abramius
2773 793 3125 848 Christianis
3157 798 3508 866 parentibus
3528 809 3723 870 natus,

2074 896 2278 949 uxore,
2311 897 2488 951 quam
2512 882 2729 935 invitus
2768 882 3035 949 duxerat,
3060 891 3301 955 propter
3321 887 3618 945 Christum
3644 892 3727 946 di-

2074 969 2278 1034 missa,
2314 970 2655 1024 solitudinis
2686 971 2879 1025 studio
2905 989 3035 1026 sese
3060 973 3123 1027 in
3149 981 3457 1045 angustam
3482 978 3727 1035 domun-

2074 1057 2269 1112 cuiam
2301 1058 2527 1113 abdidit
2556 1059 2657 1114 ubi
2690 1061 3028 1131 complures
3060 1079 3248 1117 annos
3303 1072 3723 1136 commoratus,

2075 1148 2386 1217 presbyter
2443 1149 2773 1204 ordinatur.
2829 1152 3093 1220 Cumque
3129 1152 3307 1207 evita
3375 1156 3727 1211 excessisset

2073 1236 2275 1302 frater,
2308 1236 2517 1292 relicta
2543 1237 2742 1308 puella
2773 1254 2963 1292 annos
2994 1244 3220 1310 septem
3242 1241 3532 1313 ingressa,
3557 1244 3725 1299 illam

2075 1330 2316 1379 sanctus
2348 1342 2550 1380 secum
2580 1326 2897 1381 abductam
2928 1327 2989 1381 in
3021 1328 3209 1383 altera
3240 1346 3361 1385 sua)
3384 1333 3722 1404 propinqua

2076 1413 2293 1468 cellula
2321 1415 2582 1470 inclusit.
2604 1417 2740 1481 Qum
2765 1432 2901 1472 cum
2918 1417 3270 1473 vicesimum
3296 1421 3486 1475 mtatis
3501 1437 3726 1477 annum

2075 1509 2294 1574 ageret,
2327 1503 2547 1558 diaboli
2582 1504 2804 1559 invidia
2836 1505 2895 1559 in
2928 1504 3385 1563 fornicationem
3417 1508 3584 1580 lapsa
3616 1516 3727 1577 est,

2078 1598 2135 1645 et
2166 1593 2226 1647 in
2256 1594 2561 1649 meritorio
2594 1594 2773 1649 etiam
2804 1595 3063 1666 hospitio
3118 1612 3252 1650 eum
3310 1599 3728 1655 meretricibus

2077 1679 2399 1737 habitabat.
2432 1682 2596 1747 Quod
2626 1683 2727 1737 ubi
2760 1684 2996 1738 rescivit
3030 1690 3291 1753 sanctus,
3326 1694 3560 1759 sumpto
3611 1689 3727 1743 mi-

2078 1768 2237 1825 litari
2269 1771 2535 1849 habitu‘e
2570 1772 2721 1827 cella
2751 1790 3045 1845 egressus,
3079 1779 3137 1828 et
3166 1792 3490 1831 conscenso
3548 1793 3725 1849 equo,

297 1885 411 1933 σας,
469 1864 562 1917 καὶ
621 1868 725 1919 τοῦ
779 1863 1007 1919 κελλίου
1066 1865 1231 1920 αὐτοῦ
1314 1863 1566 1936 ἐξελθὼν,
1631 1865 1720 1919 καὶ
1771 1861 1962 1926 ἐπιϐὰς

2081 1878 2109 1916 a
2134 1859 2304 1932 lapsu
2332 1848 2497 1916 illam
2529 1862 2791 1928 retraxit,
2829 1868 2884 1916 et
2917 1862 2978 1917 in
2998 1863 3299 1933 propriam
3332 1848 3617 1921 cellulam
3632 1883 3724 1920 re-

296 1954 495 2019 ἳππου,
578 1958 683 2008 τοῦ
765 1955 1063 2026 πτώματος
1134 1953 1336 2024 ταύτην
1398 1954 1686 2029 ἐξήρπασε,
1744 1954 1833 2007 καὶ
1889 1958 1969 2026 τῷ

301 2042 419 2115 ἰδίῳ
445 2040 667 2114 κελλῖῳ
723 2044 1150 2110 ἀποκατέστησε.
1211 2044 1312 2099 Καὶ
1369 2042 1626 2113 τοιαύτην
1684 2041 1968 2115 μετάνοιαν

295 2131 635 2202 ἑπεδείξατο,
697 2132 774 2194 ὡς
827 2132 915 2185 καὶ
983 2136 1186 2203 σημεῖα
1240 2138 1490 2203 ποιῆσαι,
1547 2130 1635 2186 καὶ
1694 2130 1837 2185 οὕτω
1874 2152 1965 2186 τε-

295 2221 627 2289 λειωθῆναι.
661 2222 968 2293 Ἐκοιμήθη
1024 2217 1082 2275 δὲ
1135 2223 1223 2275 καὶ
1283 2222 1312 2275 ὁ
1375 2220 1524 2283 δσιος
1577 2215 1884 2298 ’Δϐράμιος
1910 2219 1962 2276 ἐν

289 2311 583 2385 βαθυτάτῳ
624 2312 795 2382 rites.

875 2428 954 2498 τῇ
1012 2424 1148 2499 αὖτῇ
1185 2425 1390 2500 ἡμέρην

285 2513 571 2586 Ἀλλησις
620 2520 728 2569 τῶν
764 2512 931 2589 ἁγίων
982 2514 1274 2592 μαρτύρων
1318 2512 1617 2586 Κλαυδίου,
1649 2516 1963 2592 Ἀστερίου,

776 2604 991 2665 Νέωνος
1038 2604 1128 2659 καὶ
1174 2603 1496 2674 Θεονίλλης.

372 2720 544 2776 Οὗτοι
603 2718 857 2792 ὑπῆρχον
914 2718 1001 2772 ἐπὶ
1060 2716 1458 2789 Διοκλητιανοῦ
1509 2723 1605 2773 τοῦ
1668 2718 1961 2793 βασιλέως,

301 2808 395 2862 καὶ
454 2808 672 2862 Λυσίου
728 2808 1001 2881 ἡγεμόνος
1057 2814 1156 2877 τῆς
1196 2808 1469 2870 Κιλικίας·
1529 2808 1640 2863 νὲοι
1703 2808 1797 2881 μὶν
1863 2809 1961 2878 τήν

300 2896 555 2967 ἡλικίαν,
590 2893 819 2969 ἀδελφοὶ
864 2894 921 2950 δὲ
962 2896 1217 2970 νόμιμοι,
1268 2897 1547 2973 Μητρυιὰν
1582 2896 1672 2951 οὖν
1715 2895 1959 2972 ἔχοντες,

294 2987 389 3040 καὶ
418 2986 523 3053 τὴν
553 2988 782 3061 γονικήν
839 2984 1014 3039 αὐτῶν
1071 2985 1293 3059 ὕπαρξιν
1357 2990 1667 3056 ζητοῦντες,
1709 2984 1960 3051 ἀπῆλθον

292 3074 349 3129 ἐν
409 3075 732 3147 Μοψοεστίᾳ
785 3077 855 3146 τῇ
914 3073 1095 3143 πόλει,
1155 3071 1467 3129 δικάσασθαι
1529 3074 1615 3129 ἐπὶ
1682 3079 1781 3129 τοῦ
1828 3077 1966 3151 ἡγε-

580 3163 644 3218 ἹῙ
728 3160 787 3217 δὲ
872 3164 1114 3237 μητρυιὰ
1198 3164 1274 3235 μὴ
1332 3163 1565 3227 θέλουσα
1610 3184 1664 3218 τι
1721 3161 1963 3218 ἀποδοῦ-

293 3273 389 3306 ναι
478 3251 691 3321 αὐτοῖς,
784 3246 1067 3306 διέϐαλλεν
1151 3251 1350 3307 αὐτοὺς
1437 3252 1512 3315 ὠς
1584 3252 1961 3327 Χρίστιανούς.

296 3342 406 3398 Καὶ
467 3341 826 3413 κρατηθέντες
872 3342 959 3394 καὶ
1025 3339 1409 3415 ἐρωτηθέντες,
1470 3340 1845 3416 ῶμολόγήσαν
1902 3343 1965 3398 τὸ

296 3428 481 3501 ὄνομα
536 3434 637 3483 τοῦ
685 3429 922 3504 Χριστοῦ
978 3428 1277 3505 παρρησίᾳ.
1338 3432 1495 3488 Ὅθεν
1546 3431 1885 3506 εἰσαχθέντες
1912 3429 1964 3486 ἂν

294 3524 383 3587 τῷ
438 3518 676 3593 θεάτρῳ,
732 3518 821 3572 καὶ
878 3520 1073 3592 γυμνοὶ
1142 3521 1556 3595 κρεμασθέντες,
1613 3518 1970 3595 ἕτιμωρήθη-

302 3629 427 3677 σαν,
488 3607 582 3660 καὶ
640 3606 922 3678 ἐξεσθησαν
996 3606 1259 3682 ἰσχυρῶς.
1320 3612 1456 3666 Εἶτα
1534 3610 1670 3683 μετὰ
1752 3608 1970 3674 πολλὰς

300 3698 534 3773 πικρὰς,
593 3696 683 3751 καὶ
744 3694 1034 3774 διαφόρους
1096 3699 1382 3771 βασάνους,
1456 3696 1715 3770 δήσαντες
1772 3700 1969 3762 αὐτοὺς

304 3788 360 3841 οἰ
420 3790 750 3858 στρατιῶται
804 3785 883 3850 εἷς
944 3785 1066 3858 μίαν
1128 3786 1345 3856 ἆλυσιν,
1405 3788 1689 3864 ἀπήγαγον
1740 3785 1842 3859 ἔξω
1871 3792 1967 3843 τοῦ

302 3876 529 3950 τείχους
590 3881 689 3943 τῆς
743 3874 983 3936 πόλεως’
1042 3876 1129 3930 καὶ
1186 3875 1274 3931 ἐπὶ
1347 3876 1522 3946 ξύλων
1580 3880 1967 3951 κρεμάσαντες,

299 3965 394 4017 καὶ
426 3963 593 4031 ἣλοις
649 3966 1112 4038 προσηΑώσαντες
1165 3962 1474 4041 ἐφόνευσαν.
1508 3966 1638 4022 Εἶτα
1668 3966 1965 4041 προσήχθη

300 4053 393 4105 καὶ
462 4054 499 4119 ἡ
560 4052 690 4125 ἁγία
748 4051 1035 4108 Θεονίλλα·
1094 4052 1180 4107 καὶ
1262 4060 1626 4128 κρεμασθεῖσα
1682 4056 1769 4109 καὶ
1830 4053 1967 4122 αὐτή

296 3166 493 3236 μόνος.

2074 1950 2258 2019 duxit,
2294 1968 2424 2021 qum
2456 1956 2681 2005 tantam
2704 1967 2770 2005 ac
2793 1951 2970 2005 talem
2989 1952 3402 2022 pamitentiam
3433 1954 3725 2024 exhibuit,

2073 2044 2228 2096 utet
2282 2039 2550 2111 prodigia
2602 2039 2846 2104 fecerit;
2908 2045 3086 2110 atque
3118 2040 3198 2095 ita
3258 2042 3436 2096 vitam
3496 2043 3716 2102 finivit.

2075 2129 2325 2183 Sanctus
2356 2144 2491 2182 vero
2523 2127 2838 2181 Abramius
2872 2127 2932 2182 in
2992 2144 3226 2183 summa
3284 2136 3587 2185 senectute
3619 2132 3726 2186 ob-

2075 2217 2374 2272 dormivit.

2712 2424 2934 2479 Eodem
2966 2423 3061 2478 die

2072 2514 2217 2570 151
2312 2516 2595 2569 Certamen
2674 2521 2988 2569 sanctorum
3092 2523 3397 2586 martyrum
3476 2515 3721 2585 Claudii,

2444 2589 2671 2655 Asterii,
2705 2588 2902 2641 Neonis
2933 2593 2985 2640 et
3018 2587 3332 2642 Theonillaa.

2142 2705 2232 2771 Hi,
2261 2705 2618 2760 Diocletiano
2647 2706 3027 2776 imperatore,
3050 2711 3107 2760 et
3127 2705 3297 2776 Lysia
3318 2704 3537 2760 Cilicia;
3567 2722 3720 2776 pree-

2070 2793 2243 2863 fecto,
2279 2800 2449 2849 astate
2475 2796 2745 2866 juvenes,
2779 2800 2837 2849 et
2866 2794 3131 2866 germani
3150 2794 3383 2864 fratres,
3409 2811 3722 2850 novercam

2073 2884 2380 2951 habentes,
2414 2885 2474 2937 in
2512 2884 2718 2938 urbem
2753 2884 3169 2954 Mopsuestiam
3197 2884 3441 2954 profecti
3476 2889 3633 2953 sunt,
3658 2888 3724 2938 ut

2069 2973 2382 3028 facultates
2413 2978 2690 3044 paternas
2723 2978 3165 3043 recuperarent,
3207 2978 3263 3027 et
3296 2973 3396 3027 lite
3417 2973 3723 3045 acjudicio

2071 3079 2269 3118 coram
2292 3063 2567 3134 praefecto
2592 3064 3558 3133 persequerentur.Atnoverca,ne
3573 3061 3716 3133 quid

2075 3152 2196 3206 illis
2226 3151 2416 3220 daret,
2446 3151 2779 3207 detulitoos
2813 3157 2876 3204 ut
2908 3151 3297 3205 Christianos.
3330 3153 3519 3215 Quare
3551 3167 3716 3205 com-

2076 3242 2354 3312 prehensi
2388 3246 2446 3295 et
2471 3241 2835 3311 interrogati,
2871 3240 3087 3294 Ghristi
3112 3256 3330 3294 nomen
3356 3240 3541 3293 libere
3574 3255 3718 3293 con-

2075 3332 2215 3386 fessi
2249 3336 2405 3385 sunt.
2440 3329 2603 3384 Unde
2632 3330 2693 3383 in
2724 3329 3021 3383 theatrum
3055 3328 3344 3397 perducti,
3389 3326 3717 3395 nudatique

2076 3422 2138 3475 in
2161 3420 2479 3490 equuleum
2512 3418 2850 3489 rapiuntur,
2884 3416 3258 3485 fustibusque
3283 3418 3720 3485 torquentur,ct

2076 3508 2458 3565 acerbissime
2489 3507 2900 3577 depectuntur.
2934 3506 3078 3558 Tum
3101 3503 3306 3558 multis
3327 3503 3460 3559 aliis
3491 3500 3723 3573 suppli-

2078 3600 2185 3656 ciis
2212 3596 2533 3654 crudeliter
2562 3596 2773 3663 vexati,
2802 3611 2922 3649 una
2952 3610 3159 3649 omnes
3190 3609 3225 3649 a
3266 3592 3557 3647 militibus
3588 3609 3723 3647 con-

2078 3687 2267 3742 stricti
2299 3690 2530 3755 catena,
2565 3689 2622 3738 et
2648 3690 2814 3738 extra
2844 3682 3009 3737 urbis
3042 3681 3260 3737 muenia
3292 3682 3510 3751 educti,
3544 3680 3722 3754 lignis

2077 3776 2372 3849 suspensi,
2398 3780 2456 3830 et
2475 3774 2657 3829 clavis
2683 3772 3185 3842 confixi,mortem
3204 3770 3554 3828 occubuere.
3584 3772 3726 3826 Post

2076 3869 2185 3923 hos
2213 3871 2419 3922 sancta
2438 3863 2746 3920 Theonilla
2768 3862 3039 3929 adducta,
3068 3867 3125 3917 et
3142 3861 3202 3917 in
3221 3862 3474 3917 sublime
3490 3860 3723 3932 capillis

2077 3957 2330 4023 sublata,
2359 3955 2534 4027 virgis
2565 3971 2672 4025 per
2709 3952 2928 4009 multas
2986 3954 3162 4009 horas
3211 3951 3478 4022 caeditur,
3539 3951 3727 4008 donec

2078 4048 2359 4122 spiritum
2390 4044 2639 4100 Domino
2673 4042 2954 4098 reddidit.

310 4142 417 4196 ἀπὶ
499 4145 608 4194 τῶν
682 4146 920 4217 τριχῶν,
997 4142 1086 4196 καὶ
1161 4143 1474 4216 τυπτομένη
1552 4139 1775 4220 ῥάϐδοις
1853 4142 1942 4198 ἐπὶ
2016 4137 2254 4198 πολλαῖς
2307 4139 2426 4196 ταῖς
2485 4132 2674 4207 ὥραις,
2734 4128 2980 4186 ἀπέδωκε
3034 4132 3096 4185 τὸ
3152 4134 3365 4203 πνεῦμα
3423 4128 3589 4192 αὐτῆς
3644 4148 3726 4198 τῳ

309 4238 417 4304 Κυρ
428 4230 516 4302 ίῳ.

844 4348 1027 4406 ΜΗΝΙ
1087 4353 1179 4407 ΤΩ
1226 4354 1423 4408 ΑΥΤΩ.

1092 4456 1170 4504 Λ’.

516 4535 763 4604 Αθλησις
795 4538 891 4588 τοῦ
921 4534 1078 4610 ἁγίου
1115 4536 1388 4613 μάρτυρος
1421 4538 1756 4614 Ἐπιμὰχου.

378 4652 696 4725 Ἐπίμαχος
729 4652 757 4705 ὁ
792 4652 1015 4726 μάρτυς,
1066 4652 1134 4721 ἦν
1194 4654 1287 4726 μὲν
1321 4654 1456 4731 ἆνὴρ
1490 4652 1738 4727 ἰδιώτης,
1766 4655 1969 4730 ὡραῖος
2004 4632 2047 4695 D

308 4741 365 4797 δί
413 4745 484 4813 τῇ
540 4740 685 4814 ὄψει,
742 4743 1007 4818 ὑπάρχων
1076 4742 1135 4798 ἐκ
1201 4746 1389 4819 χώρας
1462 4747 1766 4821 Αἰγύπτου.
1831 4752 1964 4820 Χρι-

307 4831 526 4891 στιανὸς
562 4827 619 4883 δὲ
670 4825 766 4900 ὦν,
818 4831 908 4885 καὶ
963 4836 1182 4905 θεωρῶν
1231 4833 1323 4887 τὸν
1369 4840 1467 4903 τῆς
1501 4834 1691 4910 χώρας
1725 4831 1967 4908 ἄρχοντα

310 4918 673 4995 βασανίζοντα
721 4918 846 4981 τοὺς
904 4921 1087 4996 ἁγίους
1152 4923 1426 4998 μάρτυρας
1485 4921 1537 4977 ἐν
1588 4919 1968 4995 Ἀλεξανδρείᾳ

304 5011 376 5081 τῇ
406 5007 594 5078 πόλει,
636 5006 910 5066 ἐλυπεῖτο.
974 5010 1062 5065 Ἐν
1122 5015 1218 5083 μιᾷ
1275 5012 1365 5065 οὖν
1424 5015 1529 5067 τῶν
1563 5015 1810 5086 ἡμερῶν,
1840 5032 1969 5067 κατ-

312 5102 712 5171 αναγκάζοντος
770 5102 871 5153 τοῦ
929 5096 1195 5174 ἄρχοντος
1249 5100 1378 5165 τοὺς
1430 5102 1615 5177 ἁγίους
1668 5106 1820 5166 θῦσαι
1850 5104 1967 5163 τοῖς

306 5184 593 5251 εἰδώλοις,
628 5186 717 5241 καὶ
746 5190 844 5241 τοῖ’»
888 5187 1082 5262 βωμοῦ
1140 5190 1526 5265 προκειμένου,
1562 5190 1755 5262 ζήλου,
1788 5192 1969 5254 θεῖκοῦ

305 5274 580 5346 πλησθεὶς
642 5276 670 5329 ὁ
754 5275 1090 5352 Ἐπίμαχος,
1177 5278 1405 5353 ὥρμησε
1458 5282 1817 5354 καταστρέψαι
1875 5280 1966 5335 τὸν

311 5361 531 5441 βωμόν,
564 5366 724 5422 Ὀθεν
755 5367 1047 5440 κρατηθεὶς
1088 5365 1360 5444 παρεδόθη
1408 5373 1478 5443 τῇ
1522 5367 1762 5444 φυλακῇ.
1796 5366 1973 5425 Ἀλλὰ

306 5455 398 5510 καὶ
457 5455 573 5509 ἐκεῖ
628 5452 923 5527 παρεκάλει
1004 5454 1132 5518 τοὺς
1214 5456 1425 5532 ἁγίους,
1479 5458 1776 5533 προθύμως
1839 5457 1970 5533 ὑπὲρ

308 5546 551 5618 Χριστοῦ
614 5550 925 5621 μαρτυρεῖν.
983 5540 1403 5616 Ἐκϐληθὲντων
1436 5544 1493 5603 δὲ
1520 5552 1631 5603 τῶν
1668 5547 1837 5623 ἁγίων
1870 5553 1972 5617 τῆς

316 5634 591 5711 φυλακῆς,
646 5633 736 5688 καὶ
793 5636 886 5689 τὸν
936 5630 1179 5710 ἄρχοντα
1234 5634 1587 5713 ἐλεγξάντων,
1630 5636 1915 5711 ἠρώτησεν
1944 5636 1973 5692 ὁ

310 5724 525 5800 ἄρχων,
576 5720 663 5780 ὅτι
733 5722 897 5790 πόθεν
966 5722 1260 5798 ἐκτήσαντο
1310 5726 1411 5795 τήν
1479 5724 1808 5805 παῤῥησίαν.
1869 5725 1973 5788 Καὶ

2627 4341 2869 4395 EODEM
2916 4338 3168 4391 MENSE.

2684 4456 2783 4509 Die
2815 4453 3118 4507 tricesima

2240 4550 2394 4606 152
2429 4548 2710 4603 Certamen
2740 4543 2918 4599 sancti
2949 4542 3213 4610 martyris
3244 4538 3554 4610 Epimachi.

2153 4655 2508 4728 Epimachus
2566 4656 2811 4722 martyr,
2870 4649 2957 4703 vir
3011 4648 3347 4703 litterarum
3405 4663 3614 4718 expers
3672 4650 3731 4700 et.

2075 4745 2465 4819 ignax~us,:sed
2496 4743 2645 4799 facie
2675 4740 2909 4796 liberali
2935 4744 2991 4793 et
3022 4739 3254 4809 decora,
3287 4754 3357 4792 ex
3378 4737 3605 4809 ASgypti
3634 4752 3730 4791 re-

2076 4837 2250 4910 gione
2282 4835 2412 4890 fuit.
2447 4832 2818 4889 Christianus
2849 4834 3048 4886 autem
3082 4845 3216 4883 cum
3276 4832 3454 4891 esset,
3489 4832 3546 4881 et
3575 4843 3727 4897 pras-

2074 4924 2297 4980 fectum
2328 4922 2586 4996 regionis
2618 4920 2845 4975 videret
2875 4918 2936 4974 in
2970 4923 3208 4973 sanctos
3262 4920 3553 4987 martyres
3580 4920 3729 4985 ~tor-

2076 5016 2295 5072 mentis
2328 5016 2387 5070 in
2417 5013 2562 5069 urbe
2596 5011 2968 5067 Alexandriae
3002 5007 3379 5075 debacchari,
3424 5005 3730 5078 aagerrime

2076 5105 2137 5161 id
2168 5105 2321 5160 tulit.
2353 5102 2748 5169 Quamobrem
2781 5099 3037 5171 quadam
3072 5099 3188 5167 die,
3221 5113 3355 5152 cum
3417 5095 3733 5167 praefectus

2079 5200 2318 5251 sanctos
2349 5195 2423 5250 ad
2453 5192 2749 5249 idolorum
2782 5188 3074 5245 sacriﬁcia
3103 5184 3510 5257 compelleret,
3547 5190 3604 5239 et
3632 5200 3737 5239 ara

2080 5300 2280 5340 coram
2312 5282 2615 5355 proposita
2646 5284 2821 5345 esset,
2856 5277 3216 5348 Epimachus
3248 5273 3444 5329 divino
3479 5274 3600 5328 zelo
3632 5273 3725 5328 in-

2081 5372 2442 5438 flammatus,
2477 5372 2703 5442 impetu
2761 5367 2915 5422 facto
2974 5381 3139 5420 oram
3196 5363 3503 5419 subvertit.
3566 5361 3729 5417 Unde

2083 5458 2552 5530 comprehensus
2583 5453 2866 5511 custodia:
2898 5451 3170 5507 traditur.
3206 5449 3317 5505 Sed
3348 5466 3458 5504 nec
3496 5450 3556 5501 in
3604 5448 3733 5502 vin-

2082 5548 2236 5604 culis
2268 5549 2449 5604 ﬁnem
2475 5544 2731 5602 faciebat
2747 5546 2982 5598 sanctos
3002 5539 3352 5597 cohortandi
3375 5539 3448 5594 ad
3473 5537 3732 5592 subeun-

2084 5637 2225 5693 dum
2256 5638 2488 5693 fortiter
2516 5652 2622 5709 pro
2653 5634 2884 5688 Christo
2919 5630 3287 5703 martyrium.
3319 5627 3522 5683 Educti
3554 5626 3734 5695 igitur

2084 5726 2277 5791 sancti
2309 5726 2381 5787 de
2414 5740 2650 5785 carcere
2683 5738 2817 5781 cum
2838 5721 3184 5796 praefectum
3216 5716 3622 5789 objurgarent,
3643 5712 3736 5766 in-
