4042 6206
375 363 490 424 135

1691 353 2134 419 MENOLOGII
2177 359 2384 424 PARS
2425 363 2479 426 ι.

3668 362 3797 424 136

373 497 693 572 terrogavit
716 497 843 569 ille,
867 493 1027 552 unde
1057 496 1256 550 tantos
1285 490 1399 548 sibi
1456 490 1686 548 animos
1736 491 2013 563 sumpsis-

2140 493 2351 566 μαθὼν,
2382 495 2464 553 ὅτι
2498 496 2558 554 ἐκ
2585 501 2684 554 τοῦ
2737 496 3076 574 Ἐπιμάχου,
3132 498 3409 574 κρεμάσας
3440 493 3600 551 αὐτὸν
3629 492 3797 566 ἔξεεν.

377 597 530 647 sent.
564 589 828 661 Cumque
861 587 1246 660 cognovisset,
1266 585 1443 656 hujus
1463 583 1548 639 rei
1567 587 1869 638 auctorem
1891 581 2027 653 Epi-

377 681 654 735 machum
681 678 884 744 fuisse,
925 676 986 730 in
1045 674 1300 730 sublime
1359 678 1698 746 correptum
1747 671 2026 726 dilaniari

367 769 591 843 jussit:
627 767 795 839 cujus
828 764 1066 837 sanguis
1092 780 1226 819 cum
1258 764 1320 818 in
1363 763 1618 820 alterum
1669 763 2027 818 exstinctum

377 859 614 916 oculum
647 855 929 926 subjectm
984 853 1294 926 cujusdam
1352 852 1589 926 puellae,
1651 869 1782 924 quas
1838 865 2026 906 unum

372 947 610 1003 oculum
638 945 887 1015 habens,
921 949 1193 999 sanctum
1224 942 1589 1010 intuebatur,
1641 942 1888 1013 ejusque
1938 939 2024 994 fa-

2137 584 2455 658 Ἱσταμένης
2534 585 2592 642 δὲ
2666 589 2904 654 κάτωθεν
2985 587 3384 666 μονοφθάλμου
3453 585 3646 660 κόρης,
3701 584 3806 640 καὶ

2141 671 2454 748 βλεπούσης
2519 679 2704 750 αὐτὸν,
2787 679 2878 734 καὶ
2966 678 3259 755 θρηνύσης,
3333 677 3609 746 ἐπέσταξεν
3659 677 3811 746 αἷμα

2139 761 2218 826 εἱς
2270 765 2364 820 τὸν
2432 764 2755 844 ἐσϐεσμένον
2806 769 2974 838 αὐτῆς
3031 766 3339 844 ὀφθαλμὸν,
3395 767 3484 821 καὶ
3519 764 3675 828 εὐθὺς
3706 765 3809 819 ἀν-

2137 845 2360 926 έϐλεψε.
2399 857 2496 912 Καὶ
2533 857 2803 932 θυμωθεὶς
2852 859 2880 911 ὁ
2930 856 3138 932 ἄρχων,
3185 852 3576 934 ἀπεκεφάλισεν
3610 853 3802 924 αὐτὸν,

2134 938 2224 993 καὶ
2258 941 2430 1006 οὕτως
2463 945 2778 1018 ἐτελειώθη.

369 1042 497 1092 tum
529 1033 896 1106 deplorabat,
957 1033 1326 1102 deﬂuxisset,
1373 1032 1569 1088 lucem
1633 1031 1721 1085 illi
1769 1029 2045 1102 protinus
2095 1031 2376 1092 restituit.
2410 1036 2601 1102 Quare
2644 1038 2844 1094 furore
2893 1037 3155 1110 percitus
3202 1034 3569 1108 praefectum,
3620 1033 3804 1088 illum

368 1123 654 1181 decollari
685 1122 1006 1193 mandavit,
1033 1127 1212 1195 atque
1244 1122 1320 1178 ita
1353 1121 1532 1177 vitam
1559 1119 1772 1176 ﬁnivit.

1032 1248 1254 1304 Eodem
1284 1248 1379 1304 die

542 1341 696 1397 158
728 1341 1014 1395 Certamen
1042 1344 1244 1394 sancta
1271 1338 1533 1406 martyris
1560 1336 1865 1406 Eutropia.

452 1458 733 1528 Eutropia
763 1462 988 1527 martyr
1018 1455 1388 1512 Alexandriae
1421 1455 1645 1527 [Egypti
1675 1458 1835 1517 nata,
1893 1467 2028 1506 cum

384 1547 593 1617 ingens
625 1551 949 1616 martyrum
983 1562 1270 1600 numerus
1300 1545 1359 1599 in
1393 1543 1597 1599 eadem
1629 1543 1774 1598 urbe
1808 1543 1870 1596 in
1900 1541 2025 1594 vin-

381 1635 532 1690 culis
565 1641 741 1703 esset,
775 1651 978 1690 eorum
1011 1635 1273 1700 miserta,
1299 1651 1456 1688 nunc
1487 1632 1729 1704 quidem
1760 1647 2024 1703 praesens

381 1723 515 1794 ipsa
553 1724 688 1778 illos
720 1723 1016 1790 visitabat,
1049 1740 1211 1778 nunc
1241 1740 1374 1777 vero
1405 1739 1510 1793 per
1531 1721 1680 1776 alios
1709 1721 1783 1774 iis
1814 1735 2022 1775 neces-

2741 1255 2826 1327 Τῇ
2849 1251 2986 1326 αὖτῇ
3007 1247 3190 1327 ἡμέρᾳ

2335 1337 2606 1411 ’Ἄθλησις
2633 1347 2733 1411 τῆς
2771 1341 2923 1418 ἁγίας
2953 1341 3225 1416 μάρτυρος
3257 1336 3585 1414 Εὖτροπίας.

2206 1451 2269 1506 ἹΙ
2331 1455 2538 1528 μάρτυς
2597 1455 2874 1531 Εὐτροπία
2929 1457 2996 1526 ἧν
3064 1456 3170 1512 ἀπὸ
3228 1451 3636 1528 ’Δλεξανδρείας
3691 1459 3805 1522 τῆς

2135 1540 2438 1615 Αἰγύπτου.
2475 1545 2624 1601 Ἐπεί
2685 1542 2743 1600 δὲ
2797 1545 3010 1615 πλῆτος
3070 1544 3359 1620 μαρτύρων
3390 1543 3442 1598 ἐν
3473 1546 3542 1616 τῇ
3574 1541 3804 1619 φυλακῇ

2131 1632 2231 1694 τῆς
2286 1631 2456 1701 αὐτῆς
2532 1633 2750 1697 πόλεως
2825 1633 3241 1703 άποκέκλειστο,
3291 1631 3519 1688 ἐλεοῦσα
3573 1631 3805 1700 αὐτοὺς,

2131 1720 2264 1773 ποτὶ
2309 1721 2402 1793 μὶν
2462 1721 2770 1798 ἀπήροχετο,
2827 1725 2918 1778 καὶ
2976 1723 3351 1790 ἐπεσκέπτετο,
3410 1721 3542 1776 ποτὶ
3597 1718 3654 1775 δὲ
3683 1719 3804 1774 ἀπ-

382 1785 572 1867 sarios
603 1819 872 1884 sumptus
901 1785 1336 1884 suppeditabat.
1383 1785 1777 1877 Quamobrem
1829 1808 2013 1864 delata

2134 1807 2384 1864 έστελλεν
2419 1810 2602 1873 αὐτοῖς
2625 1814 2691 1866 τά
2716 1813 2852 1886 πρὸς
2879 1814 2980 1880 τήν
3011 1811 3224 1887 χρείαν.
3256 1810 3414 1868 Οὕτω
3445 1807 3502 1865 δὲ
3532 1813 3799 1878 ποιοῦσα,

380 1900 454 1956 ad
487 1901 864 1972 Apellianum
899 1901 1265 1972 praefectum,
1291 1901 1722 1970 comprehensa
1747 1898 1806 1951 in
1830 1912 2031 1952 carce-

383 2005 510 2044 rem
543 1990 898 2045 detruditur.
935 1989 1076 2044 Inde
1108 1988 1338 2056 educta,
1372 1988 1654 2044 tribunali
1682 1988 1811 2059 ejus
1870 1986 2031 2041 sisti-

375 2084 508 2133 tur:
539 2084 598 2134 et
627 2079 926 2134 Christum
959 2079 1246 2150 professa,
1280 2079 1341 2132 in
1373 2077 1692 2149 equuleum
1724 2076 1938 2149 agitur,
1970 2081 2030 2130 et

373 2167 604 2222 facibus
637 2168 946 2224 aduritur:
981 2185 1097 2238 quo
1130 2168 1191 2222 in
1233 2173 1527 2222 tormento
1574 2166 1728 2222 elata
1774 2170 2028 2220 tortores

375 2273 512 2313 voce
543 2258 897 2323 inclamans,
931 2257 1164 2312 aiebat:
1199 2258 1463 2328 Magnam
1522 2255 1668 2310 mihi
1716 2255 2026 2327 refrigera-

374 2349 598 2402 tionem
629 2348 821 2416 afl’ert,
874 2362 1053 2417 quam
1107 2345 1440 2414 infunditis,
1499 2361 1672 2414 aqua.
1731 2343 2026 2398 Flammas

374 2437 593 2508 quippe
623 2436 786 2490 velut
814 2452 1000 2506 aquas
1030 2435 1329 2498 censebat,
1355 2434 1828 2503 affirmabatque,
1855 2431 2026 2486 terri-

372 2526 555 2580 bilem
605 2543 666 2582 se
696 2526 916 2581 intueri
950 2525 1138 2580 virum
1182 2525 1328 2580 Filio
1361 2525 1462 2580 Dei
1513 2523 1798 2590 similem,
1846 2538 2024 2593 quem

373 2617 554 2670 etiam
577 2614 822 2684 milites,
855 2620 914 2670 et
943 2620 1235 2686 quotquot
1263 2614 1533 2681 aderant,
1566 2611 1854 2667 viderant.
1889 2612 2023 2666 Haac

373 2705 602 2771 dicens,
633 2710 693 2760 et
721 2705 940 2778 gratias
977 2706 1210 2761 Christo
1240 2721 1442 2778 agens,
1477 2721 1584 2776 pro
1642 2719 1758 2774 quo
1807 2702 2022 2774 hujus-

374 2795 534 2851 modi
566 2795 862 2850 cruciatus
910 2793 1170 2850 libenter
1227 2794 1584 2866 perferebat,
1645 2793 1882 2848 beatam
1931 2791 2019 2846 illi

371 2884 634 2940 animam
663 2882 940 2940 reddidit.

924 3092 1165 3148 EODEM
1204 3090 1455 3146 MENSE.

861 3209 965 3265 Die
992 3208 1294 3265 tricesima
1323 3209 1518 3280 prima

361 3325 520 3383 154
570 3325 858 3382 Certamen
904 3327 1242 3380 sacrosancti
1299 3323 1561 3393 martyris
1644 3322 1882 3390 Zenobii,
1963 3325 2016 3375 et

863 3395 1113 3454 Zenobiw
1139 3395 1340 3452 sororis
1379 3401 1516 3468 ejus.

437 3513 728 3569 Zenobius
752 3519 996 3586 martyr,
1023 3514 1386 3570 Diocletiano
1419 3514 1799 3586 imperatore,
1831 3513 2016 3566 Zeno-

363 3601 500 3657 doto
529 3608 587 3656 et
615 3603 832 3658 Thecla
863 3602 1214 3658 Christianis
1244 3603 1592 3674 parentibus
1624 3608 1819 3668 natus,
1851 3615 2012 3655 soro-

363 3710 490 3746 rem
523 3691 841 3746 Zenobiam
876 3692 1100 3748 habuit.
1131 3695 1275 3747 Cum
1306 3699 1504 3748 autem
1535 3699 1706 3748 aetate
1738 3691 1936 3757 simul,
1957 3695 2016 3744 et

361 3780 464 3835 Dei
494 3781 850 3851 cognitione,
883 3786 1060 3850 atque
1087 3782 1304 3852 pietate
1334 3782 1668 3853 proﬁceret,
1703 3781 2012 3850 epiSCOpus

360 3872 524 3927 urbis
555 3873 782 3945 (Egesta,
818 3873 918 3926 ubi
950 3879 1124 3928 natus
1156 3874 1367 3942 fuerat,
1420 3874 1745 3928 ordinatur.
1801 3872 2012 3927 Multas

362 3980 497 4019 vero
529 3964 590 4018 in
623 3963 843 4020 Christi
877 3964 1118 4018 nomine
1150 3965 1490 4020 curationes
1521 3964 1792 4030 faciebat,
1826 3969 1893 4017 ut
1921 3963 2013 4018 vel

360 4070 482 4120 eos,
508 4055 604 4124 qui
637 4053 1268 4109 medicisinsanabiles
1291 4061 1460 4109 erant
1488 4053 1726 4108 morbos
1755 4059 2010 4122 cnraret,

359 4143 838 4214 Comprehensus
898 4143 1119 4214 itaque,
1177 4144 1360 4216 Lysiae
1427 4144 1702 4215 prmfecto
1759 4143 2008 4198 sistitur.

357 4233 522 4300 Quod
548 4233 646 4288 ubi
680 4233 917 4288 rescivit
967 4234 1222 4290 Zenobia
1251 4251 1438 4300 soror,
1491 4233 1746 4304 seipsam
1801 4238 2010 4304 sponte

359 4323 595 4379 obtulit.
648 4322 832 4395 Igitur
861 4324 1123 4395 primum
1151 4325 1308 4393 czesi,
1341 4332 1400 4380 et
1429 4324 1582 4380 lecto
1629 4323 1821 4379 ferreo
1869 4340 2010 4378 can-

359 4413 522 4467 denti
559 4413 824 4484 impositi
852 4433 866 4480 ;
902 4413 1116 4470 deinde
1143 4415 1204 4469 in
1237 4414 1561 4470 ferventem
1593 4413 1847 4468 lebetem
1879 4413 2008 4484 pice

2136 1893 2402 1970 διεϐλήθη
2462 1905 2542 1972 τῷ
2599 1903 2837 1976 ἡγεμόνι
2899 1901 3267 1972 Ἀπελλιανῷ.
3320 1907 3378 1957 Ὁ
3427 1898 3485 1954 δὲ
3514 1901 3800 1972 κρατήσας

2133 1987 2302 2055 αὐτὴν
2335 1986 2632 2044 ἐνέκλεισεν
2682 1989 2760 2054 είς
2808 1990 3076 2067 φυλακήν.
3135 1992 3265 2046 Εἶτα
3313 1986 3560 2045 ἐκϐαλὼν
3593 1989 3798 2058 αὐτὴν,

2133 2075 2436 2150 παρέστησε
2462 2083 2541 2149 τῷ
2576 2080 2784 2153 βήματι
2842 2081 3030 2134 αὐτοῦ·
3089 2080 3176 2134 καὶ
3240 2078 3659 2154 ὁμολογήσασαν
3691 2097 3796 2131 τον

2132 2164 2360 2238 Χριστὸν
2419 2164 2704 2240 ἐκρέμασε,
2789 2169 2877 2222 καὶ
2963 2166 3212 2241 λαμπάσι
3269 2169 3571 2223 κατέκαιεν.
3629 2166 3800 2226 ἾΙτις

2130 2254 2395 2325 καιομένη
2430 2250 2559 2309 ἐϐόα
2613 2257 2751 2327 πρὸς
2807 2255 2934 2318 τοὺς
2987 2261 3368 2332 τιμωροῦντας
3405 2254 3664 2328 δημίους,
3693 2255 3796 2308 καὶ

2133 2337 2302 2414 ἔλεγε⁶
2337 2342 2567 2418 Μεγάλη
2619 2347 2652 2414 ἡ
2703 2345 2987 2419 ψυχρότης
3033 2350 3130 2400 τοῦ
3178 2343 3370 2406 ὕδατος
3400 2344 3616 2414 τούτου,
3653 2342 3794 2413 ὅπερ

2133 2450 2226 2501 μοι
2257 2429 2525 2507 ἐπιχὲετε.
2584 2435 2686 2496 Τὰς
2744 2434 2850 2509 γὰρ
2910 2432 3145 2510 φλόγας,
3193 2434 3266 2496 ὠς
3297 2431 3442 2509 ὕδωρ
3478 2431 3795 2507 ἐλογίζετος

2129 2517 2220 2572 καὶ
2278 2517 2652 2577 διεϐεϐαιοῦτο
2711 2524 2839 2596 ὁρᾷν
2901 2521 3070 2599 ἄνδρα
3125 2520 3356 2599 φοϐερὸν
3427 2522 3618 2596 ὅμοιον
3673 2522 3794 2593 Υἱῷ

2127 2610 2226 2660 τοῦ
2278 2614 2432 2663 Θεοῦ·
2495 2612 2680 2666 δντινα
2729 2611 2820 2666 καὶ
2879 2612 2935 2665 οὶ
2994 2617 3318 2689 στρατιῶται
3384 2607 3639 2682 ἔϐλεπον,
3690 2609 3792 2663 καὶ

2127 2696 2325 2759 πάντες
2383 2699 2435 2752 οἱ
2491 2704 2852 2776 παρεστῶτες.
2912 2704 3150 2758 Τοιαῦτα
3203 2701 3456 2777 λέγουσα,
3496 2699 3586 2756 καὶ
3616 2697 3794 2774 εὐχα-

2130 2790 2386 2860 ριστοῦσα
2415 2789 2655 2864 Χριστῷ,
2689 2787 2760 2846 δι’
2787 2790 2845 2846 ὅν
2874 2791 2971 2854 τὰς
3019 2792 3273 2854 τοιαύτας
3306 2787 3614 2867 ἀλγηδόνας
3641 2790 3792 2864 πρὸς

2129 2874 2320 2948 Θὺμως
2376 2877 2626 2952 ὑπέμενε,
2711 2877 3022 2955 παρέδωκεν
3109 2879 3257 2952 αὖτῷ
3337 2881 3438 2949 τὴν
3512 2880 3787 2952 μακαρίαν

2126 2963 2296 3035 αὑτῆς
2318 2969 2528 3042 ψυχήν.

2693 3114 2874 3173 unm
2903 3115 2994 3192 To
3024 3114 3222 3193 ΔΥΊᾮ.

2891 3231 3022 3288 AA'.

2127 3345 2391 3417 ’Ἂθλησις
2418 3350 2516 3401 τοῦ
2568 3346 2730 3422 ἀγίου
2786 3341 3531 3422 ἱερομάρτυροςωΖηνοϐίου,
3561 3345 3651 3402 καὶ
3679 3353 3792 3417 τῆς

2556 3415 2796 3496 ἀδελφῆς
2838 3415 3004 3474 αὐτοῦ
3035 3415 3318 3490 Ζηνοϐίας.

2196 3538 2261 3594 Ὁ
2314 3538 2519 3612 μάρτυς
2577 3532 2842 3608 Ζηνόϐιος
2902 3538 3120 3613 ὑπῆρχε
3171 3542 3265 3608 μὲν
3324 3536 3412 3592 ἐπὶ
3459 3545 3559 3608 τῆς
3622 3538 3788 3613 βασι-

2126 3626 2277 3689 λείας
2359 3626 2776 3697 Διοκλητιανοῦ·
2859 3628 2978 3691 υἱὸς
3055 3625 3361 3698 Ζηνοδότου
3417 3628 3505 3684 καὶ
3565 3626 3786 3698 Θέκλης

2123 3718 2460 3793 Χριστιανῶν
2520 3712 2899 3792 ῦπαρχόντων.
2963 3719 3097 3792 Εἶχε
3150 3714 3208 3771 δὲ
3263 3717 3352 3772 καὶ
3401 3715 3783 3796 ἀδελφήνυκα-

2125 3805 2400 3880 λουμένην
2459 3801 2747 3877 Ζηνοϐίαν.
2810 3807 3096 3882 Προκόψας
3150 3804 3206 3862 δὲ
3261 3809 3338 3870 εἱς
3396 3806 3641 3877 ἡλικίαν,
3683 3807 3778 3861 καὶ

2125 3895 2202 3957 εἷς
2259 3896 2357 3964 τὴν
2415 3897 2549 3950 κατά
2612 3895 2739 3951 Θεὸν
2789 3900 2996 3972 ,γνῶσιν
3050 3901 3147 3950 καῖ
3198 3891 3490 3964 ἐυσέϐειαν,
3554 3894 3775 3950 ἐπίσκοο

2122 4005 2223 4047 πος
2283 3985 2692 4060 προχειρίζεται
2743 3990 2845 4053 τῆς
2901 3984 3142 4058 Λὶγαίων
3198 3983 3433 4055 πόλεως,
3487 3983 3537 4038 έν
3678 3983 3777 4038 καὶ

2122 4073 2404 4149 ἐγεννήθη.
2443 4073 2704 4138 Πλείστας
2752 4071 2810 4129 δὲ
2860 4072 3025 4136 ἰάσεις
3083 4073 3323 4130 ἐπετέλει
3351 4075 3401 4129 ἐν
3431 4080 3510 4148 τῷ
3542 4074 3776 4148 ὀνόματι

2119 4167 2216 4218 τοῦ
2269 4167 2525 4238 Χριστοῦ,
2585 4163 2659 4225 ὠς
2701 4163 2792 4218 καὶ
2846 4163 2912 4218 τὰ
2969 4165 3115 4239 παρά
3166 4169 3274 4220 τῶν
3326 4163 3522 4232 ἰατρῶν
3555 4165 3778 4238 ἀπηγο-

2122 4249 2354 4324 ρευμένα
2384 4251 2530 4320 πάθη
2586 4248 2918 4324 θεραπεύειν.
2977 4251 3150 4315 Οὗτος
3203 4252 3491 4328 γρατηθεῖς
3529 4253 3772 4327 παρέστη

2120 4342 2198 4410 τῷ
2253 4339 2485 4414 ἡγεμόνι
2541 4339 2731 4410 Λυσίᾳ.
2788 4339 2885 4393 Καὶ
2947 4338 3191 4413 μαθοῦσα
3243 4346 3404 4396 τοῦτο
3464 4344 3498 4412 ἠ
3557 4339 3771 4416 ἀδελφῆ

2120 4427 2283 4484 αὐτοῦ
2342 4423 2581 4499 Ζηνοϐία
2638 4424 2905 4483 ἐπέδωκεν
2963 4429 3157 4498 ἐαυτήν
3217 4430 3772 4493 ἐκουσίιυς.Τύπτον·

359 4501 604 4572 plenum
636 4502 864 4574 injecti,
898 4508 1076 4575 atque
1108 4520 1176 4558 ex
1229 4504 1322 4559 his
1373 4503 1650 4559 omnibus
1696 4503 2007 4558 tormentis

2129 4539 2200 4574 rat
2260 4517 2376 4584 οὖν,
2433 4517 2523 4572 καὶ
2581 4515 2669 4573 ἐπὶ
2733 4517 2930 4589 κλίνης
2988 4517 3213 4596 σιδηρᾶς
3269 4520 3771 4595 πεπυρακτωμένης

354 4590 549 4644 divina
566 4592 752 4662 gratia
776 4593 983 4664 erepti,
1008 4594 1449 4665 compelluntur
1472 4595 1707 4660 iterum,
1741 4611 1858 4665 qua
1880 4597 2007 4649 erat

352 4678 664 4749 praafectus
687 4678 1006 4747 dementia,
1040 4681 1290 4753 impuris
1311 4683 1620 4738 daemoniis
1643 4683 2000 4739 sacrificare.

354 4767 461 4822 Sed
486 4783 621 4822 cum
653 4767 714 4821 in
747 4769 1050 4839 proposito
1080 4778 1518 4842 permanerent,
1573 4772 1767 4845 gladio
1820 4773 2002 4828 ﬁnem

355 4871 672 4928 accepere:
706 4861 882 4928 atque
916 4857 997 4913 ita
1025 4860 1376 4931 martyrium
1409 4867 1918 4918 consummarunt.

996 5124 1216 5182 Eodem
1239 5126 1356 5182 die.

360 5214 513 5270 155
574 5212 1021 5286 Commemoratio
1075 5223 1390 5271 sanctorum
1441 5216 1809 5286 apostolorum
1865 5218 1997 5273 Sta-

611 5285 757 5355 chys,
793 5287 1052 5358 Amplice,
1093 5287 1320 5355 Urbani,
1354 5294 1406 5343 et
1431 5285 1719 5344 sociorum.

419 5401 669 5458 Sanctus
691 5403 994 5475 apostolus
1013 5405 1257 5476 Stachys
1277 5403 1350 5461 ab
1365 5405 1599 5462 Andrea
1623 5406 1996 5463 sanctissimo

343 5493 614 5565 apostolo
646 5494 961 5566 episcopus
995 5497 1251 5568 Byzantii
1285 5495 1615 5564 ordinatur,
1649 5515 1782 5552 cum
1814 5498 1998 5554 eccle-

345 5583 496 5640 siam
515 5584 860 5656 Argyropoli
896 5585 1268 5654 aedificasset,
1297 5587 1358 5641 in
1383 5603 1500 5658 qua
1521 5587 1994 5646 Chrirtianorum

343 5673 460 5730 duo
489 5673 679 5729 millia
711 5674 1166 5744 conveniebant,
1201 5692 1420 5747 eosque
1450 5676 1694 5748 Stachys
1726 5677 1992 5735 docebat.

340 5763 555 5820 Tenuit
584 5769 784 5821 autem
815 5765 1222 5839 episcopatum
1255 5766 1329 5823 ad
1359 5781 1548 5823 annos
1582 5769 1903 5853 sexdecim,
1937 5788 1997 5841 et

2116 4605 2505 4686 ἐφαπλοῦνται·
2561 4605 2652 4661 καὶ
2708 4606 2785 4670 είς
2868 4603 3074 4680 λέϐητα
3140 4612 3324 4678 ζέοντα
3388 4610 3479 4664 καὶ
3533 4609 3773 4686 γέμοντα

2114 4697 2310 4768 πίσσης
2387 4691 2782 4770 ἐμϐάλλονται.
2853 4698 3158 4762 Ῥυσθέντες
3233 4696 3291 4754 δδ
3362 4701 3431 4774 τῇ
3478 4703 3576 4754 τοῦ
3631 4706 3772 4770 Θεοῦ

2116 4787 2302 4865 χάριτι
2349 4791 2458 4842 τῶν
2519 4786 2783 4842 τοὶούτων
2847 4786 3116 4861 βασάνων,
3158 4786 3325 4844 πάλιν
3383 4789 3770 4864 ἀναγκάζονται

2111 4880 2265 4934 θῦσαι
2321 4882 2440 4940 τοῖς
2495 4874 2821 4952 ἀκαθάρτοις
2883 4873 3158 4952 δαίμοσιν,
3218 4878 3450 4952 ἀπονοίᾳ
3490 4884 3587 4936 τοῦ
3620 4877 3770 4935 δικά-

2114 4971 2321 5038 ζοντος.
2352 4966 2443 5035 Μὴ
2494 4962 2800 5028 πεισθέντες
2862 4962 2941 5035 δὶ,
2991 4967 3090 5034 τήν
3151 4963 3237 5021 διὰ
3295 4967 3480 5046 ξίφους
3528 4965 3769 5040 ἐδέξαντο

2107 5054 2388 5128 τελευτήν.
2425 5054 2523 5112 Καὶ
2554 5053 2729 5119 οὕτως
2758 5053 3175 5128 ἐτελειώθησαν.

2693 5145 2778 5216 Τῇ
2808 5143 2943 5219 αὐτῇ
2975 5142 3179 5220 ἡμέρᾳ.

2180 5235 2387 5308 Μνήμη
2411 5237 2542 5311 τῶι
2561 5231 2732 5311 ἀγρῶν
2763 5233 3086 5311 ἀποστόλων
3123 5234 3392 5311 ξτάχνος,
3427 5236 3694 5311 Ἀμπλία,

2391 5299 2698 5380 Οὐρϐανοῦ,
2726 5304 2817 5358 καὶ
2861 5312 2963 5375 τῆς
2995 5299 3478 5369 συνοδίαξάὐτῶν.

2177 5423 2238 5480 Ὀ
2271 5423 2428 5497 ἅγιος
2481 5417 2789 5484 ἀπόστολος
2845 5421 3083 5498 Στάχυς,
3136 5421 3437 5488 ἐπίσκοπος
3478 5423 3766 5501 προχειρί-

2109 5518 2252 5583 ζεται
2301 5516 2397 5567 τοῦ
2446 5513 2746 5582 Βυζαντίου
2795 5512 2940 5588 παρὰ
2997 5509 3250 5588 Ἀνδρέου
3297 5518 3393 5570 τοῦ
3459 5515 3766 5592 ἀγιωτάτου

2103 5602 2441 5670 ἀποστόλου,
2500 5602 2783 5667 κτίσαντος
2837 5599 3130 5674 ἐκκλησίαν
3184 5605 3348 5678 πέραν
3401 5605 3452 5661 ἐν
3501 5607 3767 5682 ’Δργυρο-

2103 5691 2288 5750 πόλει⁵
2338 5691 2391 5747 ἐν
2526 5692 2616 5748 καὶ
2658 5694 3079 5766 συνηθροίζοντο
3125 5695 3463 5768 Χριστιανοὶ,
3509 5695 3602 5752 τὸν
3644 5695 3764 5772 ἀρι-

2105 5783 2242 5858 θμὸν
2303 5779 2595 5857 δισχίλιοι.
2673 5784 2774 5838 Καὶ
2847 5779 3114 5838 διδάσκων
3190 5783 3408 5856 αὐτοὺς,
3466 5783 3758 5861 ἐκράτησεν

3995 5011 3998 5016 _

3999 5039 4001 5139 ί

3995 5159 3999 5275 ί
