  <div class='ocr_page' id='page_1' title='image "/cluster/home/n/w/nwhite01/storage/ocr_20150623/117/hvd.32044073502239/074.png"; bbox 0 0 4042 6206; ppageno 0'>
   <div class='ocr_carea' id='block_1_1' title="bbox 310 385 430 443">
    <p class='ocr_par' dir='ltr' id='par_1_1' title="bbox 310 385 430 443">
     <span class='ocr_line' id='line_1_1' title="bbox 310 385 430 443; baseline 0 0"><span class='ocrx_word' id='word_1_1' title='bbox 310 385 430 443; x_wconf 70' lang='grc'>13⁵1</span> 
     </span>
    </p>
   </div>
   <div class='ocr_carea' id='block_1_2' title="bbox 1775 388 2249 449">
    <p class='ocr_par' dir='ltr' id='par_1_2' title="bbox 1775 388 2249 449">
     <span class='ocr_line' id='line_1_2' title="bbox 1775 388 2249 449; baseline -0.002 -1"><span class='ocrx_word' id='word_1_2' title='bbox 1775 388 2249 449; x_wconf 82' lang='lat' dir='ltr'>NOVEMBER.</span> 
     </span>
    </p>
   </div>
   <div class='ocr_carea' id='block_1_3' title="bbox 3619 393 3734 454">
    <p class='ocr_par' dir='ltr' id='par_1_3' title="bbox 3619 393 3734 454">
     <span class='ocr_line' id='line_1_3' title="bbox 3619 393 3734 454; baseline 0.017 -2"><span class='ocrx_word' id='word_1_3' title='bbox 3619 393 3734 454; x_wconf 69' lang='lat'>138</span> 
     </span>
    </p>
   </div>
   <div class='ocr_carea' id='block_1_4' title="bbox 313 510 1962 596">
    <p class='ocr_par' dir='ltr' id='par_1_4' title="bbox 313 510 1962 591">
     <span class='ocr_line' id='line_1_4' title="bbox 313 510 1962 591; baseline 0.004 -24"><span class='ocrx_word' id='word_1_4' title='bbox 313 515 405 567; x_wconf 71' lang='grc' dir='ltr'>ἰπὶ</span> <span class='ocrx_word' id='word_1_5' title='bbox 463 510 550 581; x_wconf 77' lang='grc' dir='ltr'>ἔτη</span> <span class='ocrx_word' id='word_1_6' title='bbox 605 511 785 585; x_wconf 75' lang='grc' dir='ltr'>δεκαέξ</span> <span class='ocrx_word' id='word_1_7' title='bbox 825 534 839 547; x_wconf 76' lang='grc' dir='ltr'><strong>ο</strong></span> <span class='ocrx_word' id='word_1_8' title='bbox 912 512 1016 570; x_wconf 82' lang='grc' dir='ltr'>Καὶ</span> <span class='ocrx_word' id='word_1_9' title='bbox 1074 510 1346 586; x_wconf 81' lang='grc' dir='ltr'>ἐκοιμήθη</span> <span class='ocrx_word' id='word_1_10' title='bbox 1407 513 1459 570; x_wconf 85' lang='grc' dir='ltr'>ἐν</span> <span class='ocrx_word' id='word_1_11' title='bbox 1520 516 1731 591; x_wconf 70' lang='grc' dir='ltr'>εἰρήνῃ.</span> <span class='ocrx_word' id='word_1_12' title='bbox 1792 518 1852 573; x_wconf 84' lang='grc' dir='ltr'>Ὀ</span> <span class='ocrx_word' id='word_1_13' title='bbox 1908 515 1962 573; x_wconf 78' lang='grc' dir='ltr'>δὶ</span> 
     </span>
    </p>
   </div>
   <div class='ocr_carea' id='block_1_5' title="bbox 2075 510 3733 596">
    <p class='ocr_par' dir='ltr' id='par_1_5' title="bbox 2080 518 3733 596">
     <span class='ocr_line' id='line_1_5' title="bbox 2080 518 3733 596; baseline 0.005 -23"><span class='ocrx_word' id='word_1_14' title='bbox 2080 521 2141 575; x_wconf 92' lang='lat' dir='ltr'>in</span> <span class='ocrx_word' id='word_1_15' title='bbox 2194 535 2336 592; x_wconf 99' lang='lat' dir='ltr'>pace</span> <span class='ocrx_word' id='word_1_16' title='bbox 2396 518 2769 576; x_wconf 81' lang='lat' dir='ltr'>obdormivit.</span> <span class='ocrx_word' id='word_1_17' title='bbox 2832 520 3093 592; x_wconf 85' lang='lat' dir='ltr'>Amplias</span> <span class='ocrx_word' id='word_1_18' title='bbox 3152 526 3351 578; x_wconf 90' lang='lat' dir='ltr'>autem</span> <span class='ocrx_word' id='word_1_19' title='bbox 3419 524 3733 596; x_wconf 82' lang='lat' dir='ltr'>episcOpus</span> 
     </span>
    </p>
   </div>
   <div class='ocr_carea' id='block_1_6' title="bbox 307 602 1963 680">
    <p class='ocr_par' dir='ltr' id='par_1_6' title="bbox 307 602 1963 680">
     <span class='ocr_line' id='line_1_6' title="bbox 307 602 1963 680; baseline 0.004 -25"><span class='ocrx_word' id='word_1_20' title='bbox 307 604 585 676; x_wconf 71' lang='grc' dir='ltr'>’Δμπλὲας</span> <span class='ocrx_word' id='word_1_21' title='bbox 642 603 949 665; x_wconf 76' lang='grc' dir='ltr'>ἐπίσκοπος</span> <span class='ocrx_word' id='word_1_22' title='bbox 1032 610 1134 672; x_wconf 82' lang='grc' dir='ltr'>τῆς</span> <span class='ocrx_word' id='word_1_23' title='bbox 1190 602 1672 668; x_wconf 78' lang='grc' dir='ltr'>Ὀδυσσουπὸλεως</span> <span class='ocrx_word' id='word_1_24' title='bbox 1732 606 1963 680; x_wconf 81' lang='grc' dir='ltr'>ἐγὲνετο,</span> 
     </span>
    </p>
   </div>
   <div class='ocr_carea' id='block_1_7' title="bbox 312 690 1967 767">
    <p class='ocr_par' dir='ltr' id='par_1_7' title="bbox 312 690 1967 767">
     <span class='ocr_line' id='line_1_7' title="bbox 312 690 1967 767; baseline 0.001 -20"><span class='ocrx_word' id='word_1_25' title='bbox 312 697 497 767; x_wconf 60' lang='grc' dir='ltr'>χώρας</span> <span class='ocrx_word' id='word_1_26' title='bbox 526 690 892 762; x_wconf 74' lang='grc' dir='ltr'>Μακεδονίας,</span> <span class='ocrx_word' id='word_1_27' title='bbox 944 693 1241 766; x_wconf 69' lang='grc' dir='ltr'>ἀναιρεθεὶς</span> <span class='ocrx_word' id='word_1_28' title='bbox 1304 695 1406 748; x_wconf 85' lang='grc' dir='ltr'>ὑπὸ</span> <span class='ocrx_word' id='word_1_29' title='bbox 1464 694 1770 765; x_wconf 75' lang='grc' dir='ltr'>Ἑλλήνων.</span> <span class='ocrx_word' id='word_1_30' title='bbox 1810 697 1871 753; x_wconf 82' lang='grc' dir='ltr'>Ὀ</span> <span class='ocrx_word' id='word_1_31' title='bbox 1903 695 1967 751; x_wconf 69' lang='grc' dir='ltr'>δὲ</span> 
     </span>
    </p>
   </div>
   <div class='ocr_carea' id='block_1_8' title="bbox 309 778 1964 863">
    <p class='ocr_par' dir='ltr' id='par_1_8' title="bbox 309 778 1964 863">
     <span class='ocr_line' id='line_1_8' title="bbox 309 778 1964 863; baseline 0.003 -28"><span class='ocrx_word' id='word_1_32' title='bbox 309 778 575 855; x_wconf 64' lang='grc' dir='ltr'>Οᾶρὸανὸς</span> <span class='ocrx_word' id='word_1_33' title='bbox 636 781 948 843; x_wconf 73' lang='grc' dir='ltr'>ἐπίσκοπος</span> <span class='ocrx_word' id='word_1_34' title='bbox 1000 781 1335 847; x_wconf 71' lang='grc' dir='ltr'>Μακεδονίας</span> <span class='ocrx_word' id='word_1_35' title='bbox 1390 784 1633 859; x_wconf 70' lang='grc' dir='ltr'>ἐγένετο,</span> <span class='ocrx_word' id='word_1_36' title='bbox 1692 786 1964 863; x_wconf 67' lang='grc' dir='ltr'>φονευθεὶς</span> 
     </span>
    </p>
   </div>
   <div class='ocr_carea' id='block_1_9' title="bbox 299 869 1963 947">
    <p class='ocr_par' dir='ltr' id='par_1_9' title="bbox 299 869 1963 947">
     <span class='ocr_line' id='line_1_9' title="bbox 299 869 1963 947; baseline 0.004 -23"><span class='ocrx_word' id='word_1_37' title='bbox 299 872 381 925; x_wconf 74' lang='grc' dir='ltr'>καὶ</span> <span class='ocrx_word' id='word_1_38' title='bbox 416 871 581 930; x_wconf 66' lang='grc' dir='ltr'>αὐτὸς</span> <span class='ocrx_word' id='word_1_39' title='bbox 619 870 731 923; x_wconf 79' lang='grc' dir='ltr'>ὖπὸ</span> <span class='ocrx_word' id='word_1_40' title='bbox 786 891 848 924; x_wconf 87' lang='grc' dir='ltr'>τε</span> <span class='ocrx_word' id='word_1_41' title='bbox 901 869 1181 925; x_wconf 76' lang='grc' dir='ltr'>Ἰουδαίων</span> <span class='ocrx_word' id='word_1_42' title='bbox 1224 872 1312 926; x_wconf 82' lang='grc' dir='ltr'>καὶ</span> <span class='ocrx_word' id='word_1_43' title='bbox 1369 873 1655 943; x_wconf 69' lang='grc' dir='ltr'>Ἑλλήνων</span> <span class='ocrx_word' id='word_1_44' title='bbox 1710 874 1843 947; x_wconf 81' lang='grc' dir='ltr'>μετᾶ</span> <span class='ocrx_word' id='word_1_45' title='bbox 1872 875 1963 930; x_wconf 77' lang='grc' dir='ltr'>καὶ</span> 
     </span>
    </p>
   </div>
   <div class='ocr_carea' id='block_1_10' title="bbox 294 957 1965 1039">
    <p class='ocr_par' dir='ltr' id='par_1_10' title="bbox 294 957 1965 1039">
     <span class='ocr_line' id='line_1_10' title="bbox 294 957 1965 1039; baseline 0.004 -27"><span class='ocrx_word' id='word_1_46' title='bbox 294 961 489 1031; x_wconf 68' lang='grc' dir='ltr'>ἑτέρων</span> <span class='ocrx_word' id='word_1_47' title='bbox 556 957 798 1012; x_wconf 79' lang='grc' dir='ltr'>πολλῶν</span> <span class='ocrx_word' id='word_1_48' title='bbox 838 1005 850 1016; x_wconf 93' lang='grc'><strong>.</strong></span> <span class='ocrx_word' id='word_1_49' title='bbox 934 961 1034 1016; x_wconf 76' lang='grc' dir='ltr'>Καὶ</span> <span class='ocrx_word' id='word_1_50' title='bbox 1092 959 1264 1021; x_wconf 71' lang='grc' dir='ltr'>οὕτως</span> <span class='ocrx_word' id='word_1_51' title='bbox 1309 961 1359 1014; x_wconf 83' lang='grc' dir='ltr'>ἐν</span> <span class='ocrx_word' id='word_1_52' title='bbox 1417 964 1599 1039; x_wconf 72' lang='grc' dir='ltr'>ἡμέρᾳ</span> <span class='ocrx_word' id='word_1_53' title='bbox 1667 968 1766 1036; x_wconf 76' lang='grc' dir='ltr'>μιᾷ</span> <span class='ocrx_word' id='word_1_54' title='bbox 1824 963 1965 1018; x_wconf 74' lang='grc' dir='ltr'>οὕτω</span> 
     </span>
    </p>
   </div>
   <div class='ocr_carea' id='block_1_11' title="bbox 293 1042 1966 1130">
    <p class='ocr_par' dir='ltr' id='par_1_11' title="bbox 293 1042 1966 1130">
     <span class='ocr_line' id='line_1_11' title="bbox 293 1042 1966 1130; baseline 0.002 -29"><span class='ocrx_word' id='word_1_55' title='bbox 293 1042 608 1119; x_wconf 67' lang='grc' dir='ltr'>τδμὸαντος</span> <span class='ocrx_word' id='word_1_56' title='bbox 645 1093 661 1115; x_wconf 90' lang='grc'>,</span> <span class='ocrx_word' id='word_1_57' title='bbox 726 1046 1007 1123; x_wconf 52' lang='grc' dir='ltr'>διαφόρως</span> <span class='ocrx_word' id='word_1_58' title='bbox 1092 1049 1496 1122; x_wconf 61' lang='grc' dir='ltr'>βασανισθέντες</span> <span class='ocrx_word' id='word_1_59' title='bbox 1567 1056 1618 1105; x_wconf 84' lang='grc' dir='ltr'>ἐν</span> <span class='ocrx_word' id='word_1_60' title='bbox 1681 1050 1966 1130; x_wconf 72' lang='grc' dir='ltr'>διαφόροις</span> 
     </span>
    </p>
   </div>
   <div class='ocr_carea' id='block_1_12' title="bbox 290 1137 1964 1218">
    <p class='ocr_par' dir='ltr' id='par_1_12' title="bbox 290 1137 1964 1218">
     <span class='ocr_line' id='line_1_12' title="bbox 290 1137 1964 1218; baseline 0.002 -25"><span class='ocrx_word' id='word_1_61' title='bbox 290 1140 507 1206; x_wconf 71' lang='grc' dir='ltr'>τόποις,</span> <span class='ocrx_word' id='word_1_62' title='bbox 542 1139 639 1192; x_wconf 82' lang='grc' dir='ltr'>καὶ</span> <span class='ocrx_word' id='word_1_63' title='bbox 670 1138 876 1203; x_wconf 75' lang='grc' dir='ltr'>ἓθνεσι,</span> <span class='ocrx_word' id='word_1_64' title='bbox 924 1137 1011 1192; x_wconf 72' lang='grc' dir='ltr'>καί</span> <span class='ocrx_word' id='word_1_65' title='bbox 1069 1139 1263 1194; x_wconf 86' lang='grc' dir='ltr'>πόλεσι</span> <span class='ocrx_word' id='word_1_66' title='bbox 1311 1143 1458 1213; x_wconf 77' lang='grc' dir='ltr'>παρά</span> <span class='ocrx_word' id='word_1_67' title='bbox 1512 1147 1619 1196; x_wconf 81' lang='grc' dir='ltr'>τῶν</span> <span class='ocrx_word' id='word_1_68' title='bbox 1673 1144 1750 1215; x_wconf 76' lang='grc' dir='ltr'>μή</span> <span class='ocrx_word' id='word_1_69' title='bbox 1802 1165 1964 1218; x_wconf 84' lang='grc' dir='ltr'>γινω-</span> 
     </span>
    </p>
   </div>
   <div class='ocr_carea' id='block_1_13' title="bbox 291 1227 1964 1306">
    <p class='ocr_par' dir='ltr' id='par_1_13' title="bbox 291 1227 1964 1306">
     <span class='ocr_line' id='line_1_13' title="bbox 291 1227 1964 1306; baseline 0.002 -23"><span class='ocrx_word' id='word_1_70' title='bbox 291 1229 536 1283; x_wconf 65' lang='grc' dir='ltr'>σκόντων</span> <span class='ocrx_word' id='word_1_71' title='bbox 561 1230 659 1282; x_wconf 77' lang='grc' dir='ltr'>τὸν</span> <span class='ocrx_word' id='word_1_72' title='bbox 702 1229 834 1283; x_wconf 86' lang='grc' dir='ltr'>Θεὸν</span> <span class='ocrx_word' id='word_1_73' title='bbox 893 1227 1179 1295; x_wconf 73' lang='grc' dir='ltr'>Ἑλλήνων</span> <span class='ocrx_word' id='word_1_74' title='bbox 1239 1250 1296 1283; x_wconf 88' lang='grc' dir='ltr'>τε</span> <span class='ocrx_word' id='word_1_75' title='bbox 1350 1231 1441 1284; x_wconf 87' lang='grc' dir='ltr'>καὶ</span> <span class='ocrx_word' id='word_1_76' title='bbox 1500 1229 1689 1301; x_wconf 80' lang='grc' dir='ltr'>ἐθνῶν,</span> <span class='ocrx_word' id='word_1_77' title='bbox 1717 1229 1964 1306; x_wconf 83' lang='grc' dir='ltr'>παρέδω-</span> 
     </span>
    </p>
   </div>
   <div class='ocr_carea' id='block_1_14' title="bbox 292 1317 1965 1393">
    <p class='ocr_par' dir='ltr' id='par_1_14' title="bbox 292 1317 1965 1393">
     <span class='ocr_line' id='line_1_14' title="bbox 292 1317 1965 1393; baseline 0.003 -22"><span class='ocrx_word' id='word_1_78' title='bbox 292 1320 518 1379; x_wconf 59' lang='grc' dir='ltr'>πεντάς</span> <span class='ocrx_word' id='word_1_79' title='bbox 575 1319 853 1392; x_wconf 85' lang='grc' dir='ltr'>μακαρίας</span> <span class='ocrx_word' id='word_1_80' title='bbox 908 1317 1084 1371; x_wconf 73' lang='grc' dir='ltr'>αὐτῶν</span> <span class='ocrx_word' id='word_1_81' title='bbox 1140 1319 1318 1393; x_wconf 69' lang='grc' dir='ltr'>ψυχας</span> <span class='ocrx_word' id='word_1_82' title='bbox 1369 1324 1448 1391; x_wconf 79' lang='grc' dir='ltr'>τῷ</span> <span class='ocrx_word' id='word_1_83' title='bbox 1505 1320 1707 1393; x_wconf 82' lang='grc' dir='ltr'>Κυρίῳ.</span> <span class='ocrx_word' id='word_1_84' title='bbox 1770 1323 1852 1378; x_wconf 73' lang='grc' dir='ltr'>Τὰ</span> <span class='ocrx_word' id='word_1_85' title='bbox 1909 1319 1965 1376; x_wconf 75' lang='grc' dir='ltr'>δὲ</span> 
     </span>
    </p>
   </div>
   <div class='ocr_carea' id='block_1_15' title="bbox 290 1404 1965 1483">
    <p class='ocr_par' dir='ltr' id='par_1_15' title="bbox 290 1404 1965 1483">
     <span class='ocr_line' id='line_1_15' title="bbox 290 1404 1965 1483; baseline 0.002 -22"><span class='ocrx_word' id='word_1_86' title='bbox 290 1407 452 1479; x_wconf 76' lang='grc' dir='ltr'>τίμια</span> <span class='ocrx_word' id='word_1_87' title='bbox 520 1404 767 1479; x_wconf 66' lang='grc' dir='ltr'>λείψανα</span> <span class='ocrx_word' id='word_1_88' title='bbox 850 1405 1027 1460; x_wconf 70' lang='grc' dir='ltr'>αὐτῶν</span> <span class='ocrx_word' id='word_1_89' title='bbox 1114 1405 1331 1479; x_wconf 76' lang='grc' dir='ltr'>ὕστερον</span> <span class='ocrx_word' id='word_1_90' title='bbox 1394 1410 1859 1483; x_wconf 71' lang='grc' dir='ltr'>μετακομισθέντα</span> <span class='ocrx_word' id='word_1_91' title='bbox 1914 1409 1965 1465; x_wconf 80' lang='grc' dir='ltr'>ἐν</span> 
     </span>
    </p>
   </div>
   <div class='ocr_carea' id='block_1_16' title="bbox 294 1492 1964 1575">
    <p class='ocr_par' dir='ltr' id='par_1_16' title="bbox 294 1492 1964 1575">
     <span class='ocr_line' id='line_1_16' title="bbox 294 1492 1964 1575; baseline 0.003 -26"><span class='ocrx_word' id='word_1_92' title='bbox 294 1494 881 1550; x_wconf 70' lang='grc' dir='ltr'>Κωνσταντινουπόλει</span> <span class='ocrx_word' id='word_1_93' title='bbox 917 1539 933 1565; x_wconf 87' lang='grc'>,</span> <span class='ocrx_word' id='word_1_94' title='bbox 1019 1492 1278 1567; x_wconf 69' lang='grc' dir='ltr'>ἐτέθησαν</span> <span class='ocrx_word' id='word_1_95' title='bbox 1349 1496 1401 1552; x_wconf 85' lang='grc' dir='ltr'>ἐν</span> <span class='ocrx_word' id='word_1_96' title='bbox 1458 1504 1579 1561; x_wconf 83' lang='grc' dir='ltr'>ταῖς</span> <span class='ocrx_word' id='word_1_97' title='bbox 1638 1498 1964 1575; x_wconf 81' lang='grc' dir='ltr'>λεγομέναις</span> 
     </span>
    </p>
   </div>
   <div class='ocr_carea' id='block_1_17' title="bbox 299 1590 532 1659">
    <p class='ocr_par' dir='ltr' id='par_1_17' title="bbox 299 1590 532 1659">
     <span class='ocr_line' id='line_1_17' title="bbox 299 1590 532 1659; baseline -0.013 -19"><span class='ocrx_word' id='word_1_98' title='bbox 299 1590 532 1659; x_wconf 78' lang='grc' dir='ltr'>ιὶηγαῖς,</span> 
     </span>
    </p>
   </div>
   <div class='ocr_carea' id='block_1_18' title="bbox 577 1718 1689 1815">
    <p class='ocr_par' dir='ltr' id='par_1_18' title="bbox 577 1718 1689 1815">
     <span class='ocr_line' id='line_1_18' title="bbox 577 1718 1689 1815; baseline 0.001 -1"><span class='ocrx_word' id='word_1_99' title='bbox 577 1719 906 1814; x_wconf 88' lang='grc' dir='ltr'>ΜΗΝΙ</span> <span class='ocrx_word' id='word_1_100' title='bbox 988 1718 1689 1815; x_wconf 85' lang='grc' dir='ltr'>ΝΟΕΜΒΡΙΩ.</span> 
     </span>
    </p>
   </div>
   <div class='ocr_carea' id='block_1_19' title="bbox 933 1890 1340 1965">
    <p class='ocr_par' dir='ltr' id='par_1_19' title="bbox 933 1890 1340 1965">
     <span class='ocr_line' id='line_1_19' title="bbox 933 1890 1340 1965; baseline -0.002 -20"><span class='ocrx_word' id='word_1_101' title='bbox 933 1890 1019 1945; x_wconf 82' lang='grc' dir='ltr'>Ἐν</span> <span class='ocrx_word' id='word_1_102' title='bbox 1051 1892 1120 1963; x_wconf 81' lang='grc' dir='ltr'>τῇ</span> <span class='ocrx_word' id='word_1_103' title='bbox 1150 1890 1340 1965; x_wconf 85' lang='grc' dir='ltr'>πρώτη</span> 
     </span>
    </p>
   </div>
   <div class='ocr_carea' id='block_1_20' title="bbox 318 1996 1963 2073">
    <p class='ocr_par' dir='ltr' id='par_1_20' title="bbox 318 1996 1963 2073">
     <span class='ocr_line' id='line_1_20' title="bbox 318 1996 1963 2073; baseline 0.002 -21"><span class='ocrx_word' id='word_1_104' title='bbox 318 2005 363 2056; x_wconf 87' lang='grc' dir='ltr'><em>Η</em></span> <span class='ocrx_word' id='word_1_105' title='bbox 420 1998 693 2071; x_wconf 86' lang='grc' dir='ltr'>κοίμησις</span> <span class='ocrx_word' id='word_1_106' title='bbox 748 2000 893 2073; x_wconf 14' lang='grc' dir='ltr'>ῌτῶνν</span> <span class='ocrx_word' id='word_1_107' title='bbox 944 1996 1112 2073; x_wconf 71' lang='grc' dir='ltr'>ἁγίων</span> <span class='ocrx_word' id='word_1_108' title='bbox 1194 1996 1543 2073; x_wconf 76' lang='grc' dir='ltr'>Ἀναργύρων</span> <span class='ocrx_word' id='word_1_109' title='bbox 1600 2000 1819 2073; x_wconf 61' lang='grc' dir='ltr'>ΔΚοσμᾶ</span> <span class='ocrx_word' id='word_1_110' title='bbox 1873 2000 1963 2055; x_wconf 81' lang='grc' dir='ltr'>καὶ</span> 
     </span>
    </p>
   </div>
   <div class='ocr_carea' id='block_1_21' title="bbox 490 2067 1782 2144">
    <p class='ocr_par' dir='ltr' id='par_1_21' title="bbox 490 2067 1782 2144">
     <span class='ocr_line' id='line_1_21' title="bbox 490 2067 1782 2144; baseline 0 -19"><span class='ocrx_word' id='word_1_111' title='bbox 490 2067 798 2143; x_wconf 64' lang='grc' dir='ltr'>Δαμιανοῦ,</span> <span class='ocrx_word' id='word_1_112' title='bbox 828 2072 937 2123; x_wconf 81' lang='grc' dir='ltr'>τῶν</span> <span class='ocrx_word' id='word_1_113' title='bbox 966 2067 1100 2123; x_wconf 60' lang='grc' dir='ltr'>υἷῶν</span> <span class='ocrx_word' id='word_1_114' title='bbox 1150 2075 1251 2139; x_wconf 84' lang='grc' dir='ltr'>τῆς</span> <span class='ocrx_word' id='word_1_115' title='bbox 1300 2067 1456 2144; x_wconf 76' lang='grc' dir='ltr'>ἁγίας</span> <span class='ocrx_word' id='word_1_116' title='bbox 1486 2067 1782 2142; x_wconf 80' lang='grc' dir='ltr'>Θεοδότης.</span> 
     </span>
    </p>
   </div>
   <div class='ocr_carea' id='block_1_22' title="bbox 371 2176 1961 2254">
    <p class='ocr_par' dir='ltr' id='par_1_22' title="bbox 371 2176 1961 2254">
     <span class='ocr_line' id='line_1_22' title="bbox 371 2176 1961 2254; baseline -0.002 -19"><span class='ocrx_word' id='word_1_117' title='bbox 371 2182 609 2252; x_wconf 81' lang='grc' dir='ltr'>Κοσμᾶς</span> <span class='ocrx_word' id='word_1_118' title='bbox 636 2176 726 2232; x_wconf 83' lang='grc' dir='ltr'>καὶ</span> <span class='ocrx_word' id='word_1_119' title='bbox 758 2176 1055 2249; x_wconf 82' lang='grc' dir='ltr'>Δαμιανὸς,</span> <span class='ocrx_word' id='word_1_120' title='bbox 1086 2178 1138 2231; x_wconf 72' lang='grc' dir='ltr'>οἱ</span> <span class='ocrx_word' id='word_1_121' title='bbox 1197 2178 1347 2252; x_wconf 79' lang='grc' dir='ltr'>ἅγιοι</span> <span class='ocrx_word' id='word_1_122' title='bbox 1405 2178 1751 2254; x_wconf 76' lang='grc' dir='ltr'>’Λνάργυροι,</span> <span class='ocrx_word' id='word_1_123' title='bbox 1785 2178 1961 2253; x_wconf 79' lang='grc' dir='ltr'>ὑπῆρ-</span> 
     </span>
    </p>
   </div>
   <div class='ocr_carea' id='block_1_23' title="bbox 301 2265 1961 2343">
    <p class='ocr_par' dir='ltr' id='par_1_23' title="bbox 301 2265 1961 2343">
     <span class='ocr_line' id='line_1_23' title="bbox 301 2265 1961 2343; baseline 0.001 -21"><span class='ocrx_word' id='word_1_124' title='bbox 301 2288 401 2343; x_wconf 76' lang='grc' dir='ltr'>χον</span> <span class='ocrx_word' id='word_1_125' title='bbox 435 2268 549 2322; x_wconf 77' lang='grc' dir='ltr'>οἱοὶ</span> <span class='ocrx_word' id='word_1_126' title='bbox 578 2267 838 2342; x_wconf 80' lang='grc' dir='ltr'>γυναικὸς</span> <span class='ocrx_word' id='word_1_127' title='bbox 882 2287 1031 2328; x_wconf 82' lang='grc' dir='ltr'>τινος</span> <span class='ocrx_word' id='word_1_128' title='bbox 1090 2268 1445 2341; x_wconf 74' lang='grc' dir='ltr'>Χριπιανῆς,</span> <span class='ocrx_word' id='word_1_129' title='bbox 1507 2267 1735 2341; x_wconf 77' lang='grc' dir='ltr'>ὀνόματι</span> <span class='ocrx_word' id='word_1_130' title='bbox 1765 2265 1961 2323; x_wconf 76' lang='grc' dir='ltr'>Θεοδό-</span> 
     </span>
    </p>
   </div>
   <div class='ocr_carea' id='block_1_24' title="bbox 300 2354 1960 2433">
    <p class='ocr_par' dir='ltr' id='par_1_24' title="bbox 300 2354 1960 2433">
     <span class='ocr_line' id='line_1_24' title="bbox 300 2354 1960 2433; baseline 0 -21"><span class='ocrx_word' id='word_1_131' title='bbox 300 2376 419 2428; x_wconf 77' lang='grc' dir='ltr'>της·</span> <span class='ocrx_word' id='word_1_132' title='bbox 456 2355 812 2433; x_wconf 81' lang='grc' dir='ltr'>διδαχθέντες</span> <span class='ocrx_word' id='word_1_133' title='bbox 844 2356 940 2428; x_wconf 71' lang='grc' dir='ltr'>μὲν</span> <span class='ocrx_word' id='word_1_134' title='bbox 995 2357 1123 2431; x_wconf 85' lang='grc' dir='ltr'>παρ’</span> <span class='ocrx_word' id='word_1_135' title='bbox 1171 2354 1338 2425; x_wconf 77' lang='grc' dir='ltr'>αὐτῆς</span> <span class='ocrx_word' id='word_1_136' title='bbox 1377 2357 1476 2425; x_wconf 81' lang='grc' dir='ltr'>τήν</span> <span class='ocrx_word' id='word_1_137' title='bbox 1534 2357 1700 2431; x_wconf 77' lang='grc' dir='ltr'>ὀρθὴν</span> <span class='ocrx_word' id='word_1_138' title='bbox 1759 2357 1960 2418; x_wconf 87' lang='grc' dir='ltr'>πίστιν.</span> 
     </span>
    </p>
   </div>
   <div class='ocr_carea' id='block_1_25' title="bbox 299 2443 1964 2522">
    <p class='ocr_par' dir='ltr' id='par_1_25' title="bbox 299 2443 1964 2522">
     <span class='ocr_line' id='line_1_25' title="bbox 299 2443 1964 2522; baseline 0.001 -21"><span class='ocrx_word' id='word_1_139' title='bbox 299 2448 386 2501; x_wconf 76' lang='grc' dir='ltr'>καὶ</span> <span class='ocrx_word' id='word_1_140' title='bbox 416 2449 487 2502; x_wconf 68' lang='grc' dir='ltr'>τὰ</span> <span class='ocrx_word' id='word_1_141' title='bbox 507 2447 632 2520; x_wconf 76' lang='grc' dir='ltr'>ἱερᾶ</span> <span class='ocrx_word' id='word_1_142' title='bbox 662 2446 976 2521; x_wconf 58' lang='grc' dir='ltr'>γράμματα</span> <span class='ocrx_word' id='word_1_143' title='bbox 1012 2445 1160 2521; x_wconf 80' lang='grc' dir='ltr'>παρὰ</span> <span class='ocrx_word' id='word_1_144' title='bbox 1203 2443 1263 2499; x_wconf 76' lang='grc' dir='ltr'>δὲ</span> <span class='ocrx_word' id='word_1_145' title='bbox 1312 2450 1410 2500; x_wconf 78' lang='grc' dir='ltr'>τοῦ</span> <span class='ocrx_word' id='word_1_146' title='bbox 1441 2447 1598 2522; x_wconf 70' lang='grc' dir='ltr'>ἂγίου</span> <span class='ocrx_word' id='word_1_147' title='bbox 1650 2446 1964 2520; x_wconf 71' lang='grc' dir='ltr'>Πνεῦματος</span> 
     </span>
    </p>
   </div>
   <div class='ocr_carea' id='block_1_26' title="bbox 299 2534 1963 2611">
    <p class='ocr_par' dir='ltr' id='par_1_26' title="bbox 299 2534 1963 2611">
     <span class='ocr_line' id='line_1_26' title="bbox 299 2534 1963 2611; baseline 0.001 -20"><span class='ocrx_word' id='word_1_148' title='bbox 299 2539 398 2604; x_wconf 71' lang='grc' dir='ltr'>τήν</span> <span class='ocrx_word' id='word_1_149' title='bbox 430 2536 691 2609; x_wconf 74' lang='grc' dir='ltr'>ἰατρικήν</span> <span class='ocrx_word' id='word_1_150' title='bbox 713 2537 935 2610; x_wconf 75' lang='grc' dir='ltr'>τέχνην.</span> <span class='ocrx_word' id='word_1_151' title='bbox 964 2536 1064 2592; x_wconf 63' lang='grc' dir='ltr'>Καὶ</span> <span class='ocrx_word' id='word_1_152' title='bbox 1093 2534 1335 2605; x_wconf 76' lang='grc' dir='ltr'>ἷάτρευον</span> <span class='ocrx_word' id='word_1_153' title='bbox 1362 2534 1423 2589; x_wconf 81' lang='grc' dir='ltr'>οὗ</span> <span class='ocrx_word' id='word_1_154' title='bbox 1454 2534 1616 2609; x_wconf 85' lang='grc' dir='ltr'>μόνον</span> <span class='ocrx_word' id='word_1_155' title='bbox 1644 2536 1963 2611; x_wconf 77' lang='grc' dir='ltr'>ἀνθρώπους</span> 
     </span>
    </p>
   </div>
   <div class='ocr_carea' id='block_1_27' title="bbox 301 2620 1957 2699">
    <p class='ocr_par' dir='ltr' id='par_1_27' title="bbox 301 2620 1957 2699">
     <span class='ocr_line' id='line_1_27' title="bbox 301 2620 1957 2699; baseline 0.001 -20"><span class='ocrx_word' id='word_1_156' title='bbox 301 2626 446 2681; x_wconf 63' lang='grc' dir='ltr'>ἄλλα</span> <span class='ocrx_word' id='word_1_157' title='bbox 475 2624 569 2678; x_wconf 74' lang='grc' dir='ltr'>καὶ</span> <span class='ocrx_word' id='word_1_158' title='bbox 602 2627 803 2694; x_wconf 70' lang='grc' dir='ltr'>κτήνη,</span> <span class='ocrx_word' id='word_1_159' title='bbox 846 2625 1037 2696; x_wconf 85' lang='grc' dir='ltr'>μισθὸν</span> <span class='ocrx_word' id='word_1_160' title='bbox 1095 2625 1241 2699; x_wconf 82' lang='grc' dir='ltr'>παρά</span> <span class='ocrx_word' id='word_1_161' title='bbox 1268 2645 1413 2688; x_wconf 86' lang='grc' dir='ltr'>τινος</span> <span class='ocrx_word' id='word_1_162' title='bbox 1454 2625 1530 2697; x_wconf 82' lang='grc' dir='ltr'>μὴ</span> <span class='ocrx_word' id='word_1_163' title='bbox 1566 2620 1957 2698; x_wconf 72' lang='grc' dir='ltr'>λαμϐἂνοντες.</span> 
     </span>
    </p>
   </div>
   <div class='ocr_carea' id='block_1_28' title="bbox 300 2711 1961 2789">
    <p class='ocr_par' dir='ltr' id='par_1_28' title="bbox 300 2711 1961 2789">
     <span class='ocr_line' id='line_1_28' title="bbox 300 2711 1961 2789; baseline 0.001 -20"><span class='ocrx_word' id='word_1_164' title='bbox 300 2714 706 2789; x_wconf 71' lang='grc' dir='ltr'>Ἐθεράπευσαν</span> <span class='ocrx_word' id='word_1_165' title='bbox 744 2711 802 2767; x_wconf 64' lang='grc' dir='ltr'>δὲ</span> <span class='ocrx_word' id='word_1_166' title='bbox 856 2713 946 2766; x_wconf 84' lang='grc' dir='ltr'>καὶ</span> <span class='ocrx_word' id='word_1_167' title='bbox 994 2712 1224 2786; x_wconf 75' lang='grc' dir='ltr'>γυναῖκα</span> <span class='ocrx_word' id='word_1_168' title='bbox 1276 2734 1396 2767; x_wconf 89' lang='grc' dir='ltr'>τινα</span> <span class='ocrx_word' id='word_1_169' title='bbox 1453 2713 1679 2786; x_wconf 78' lang='grc' dir='ltr'>ὀνόματι</span> <span class='ocrx_word' id='word_1_170' title='bbox 1738 2713 1961 2770; x_wconf 69' lang='grc' dir='ltr'>Παλλαο</span> 
     </span>
    </p>
   </div>
   <div class='ocr_carea' id='block_1_29' title="bbox 300 2800 1957 2879">
    <p class='ocr_par' dir='ltr' id='par_1_29' title="bbox 300 2800 1957 2879">
     <span class='ocr_line' id='line_1_29' title="bbox 300 2800 1957 2879; baseline 0 -21"><span class='ocrx_word' id='word_1_171' title='bbox 300 2802 439 2861; x_wconf 72' lang='grc' dir='ltr'>δίαν.</span> <span class='ocrx_word' id='word_1_172' title='bbox 475 2805 639 2864; x_wconf 85' lang='grc' dir='ltr'>Ἠτις</span> <span class='ocrx_word' id='word_1_173' title='bbox 668 2802 844 2879; x_wconf 69' lang='grc' dir='ltr'>κρύφα</span> <span class='ocrx_word' id='word_1_174' title='bbox 869 2800 1293 2877; x_wconf 73' lang='grc' dir='ltr'>προσδραμοῦσα</span> <span class='ocrx_word' id='word_1_175' title='bbox 1349 2807 1430 2874; x_wconf 76' lang='grc' dir='ltr'>τῷ</span> <span class='ocrx_word' id='word_1_176' title='bbox 1484 2803 1620 2877; x_wconf 76' lang='grc' dir='ltr'>ἁγίῳ</span> <span class='ocrx_word' id='word_1_177' title='bbox 1679 2809 1957 2876; x_wconf 82' lang='grc' dir='ltr'>Δαμιανῷ,</span> 
     </span>
    </p>
   </div>
   <div class='ocr_carea' id='block_1_30' title="bbox 298 2891 1957 2971">
    <p class='ocr_par' dir='ltr' id='par_1_30' title="bbox 298 2891 1957 2971">
     <span class='ocr_line' id='line_1_30' title="bbox 298 2891 1957 2971; baseline 0 -23"><span class='ocrx_word' id='word_1_178' title='bbox 298 2895 645 2969; x_wconf 65' lang='grc' dir='ltr'>προσέφερεν</span> <span class='ocrx_word' id='word_1_179' title='bbox 698 2891 780 2946; x_wconf 71' lang='grc' dir='ltr'>ὡά</span> <span class='ocrx_word' id='word_1_180' title='bbox 843 2892 1002 2965; x_wconf 87' lang='grc' dir='ltr'>τρία.</span> <span class='ocrx_word' id='word_1_181' title='bbox 1062 2893 1162 2949; x_wconf 82' lang='grc' dir='ltr'>Καὶ</span> <span class='ocrx_word' id='word_1_182' title='bbox 1222 2896 1382 2947; x_wconf 81' lang='grc' dir='ltr'>τοῦτο</span> <span class='ocrx_word' id='word_1_183' title='bbox 1434 2893 1663 2956; x_wconf 69' lang='grc' dir='ltr'>ᾶκούσας</span> <span class='ocrx_word' id='word_1_184' title='bbox 1720 2894 1747 2948; x_wconf 86' lang='grc' dir='ltr'>ὁ</span> <span class='ocrx_word' id='word_1_185' title='bbox 1808 2895 1957 2971; x_wconf 75' lang='grc' dir='ltr'>ἅγιος</span> 
     </span>
    </p>
   </div>
   <div class='ocr_carea' id='block_1_31' title="bbox 298 2980 1960 3056">
    <p class='ocr_par' dir='ltr' id='par_1_31' title="bbox 298 2980 1960 3056">
     <span class='ocr_line' id='line_1_31' title="bbox 298 2980 1960 3056; baseline -0.001 -17"><span class='ocrx_word' id='word_1_186' title='bbox 298 2986 553 3055; x_wconf 80' lang='grc' dir='ltr'>Κοσμᾶς,</span> <span class='ocrx_word' id='word_1_187' title='bbox 614 2981 980 3056; x_wconf 78' lang='grc' dir='ltr'>παρήγγειλε,</span> <span class='ocrx_word' id='word_1_188' title='bbox 1014 2983 1089 3054; x_wconf 78' lang='grc' dir='ltr'>μὴ</span> <span class='ocrx_word' id='word_1_189' title='bbox 1128 2983 1352 3055; x_wconf 74' lang='grc' dir='ltr'>μεθῆναι</span> <span class='ocrx_word' id='word_1_190' title='bbox 1384 2983 1446 3035; x_wconf 84' lang='grc' dir='ltr'>τὸ</span> <span class='ocrx_word' id='word_1_191' title='bbox 1478 2980 1732 3056; x_wconf 76' lang='grc' dir='ltr'>λείψανον</span> <span class='ocrx_word' id='word_1_192' title='bbox 1761 2992 1960 3055; x_wconf 81' lang='grc' dir='ltr'>Δαμια-</span> 
     </span>
    </p>
   </div>
   <div class='ocr_carea' id='block_1_32' title="bbox 295 3069 1959 3148">
    <p class='ocr_par' dir='ltr' id='par_1_32' title="bbox 295 3069 1959 3148">
     <span class='ocr_line' id='line_1_32' title="bbox 295 3069 1959 3148; baseline 0 -22"><span class='ocrx_word' id='word_1_193' title='bbox 295 3077 395 3127; x_wconf 74' lang='grc' dir='ltr'>νοῦ</span> <span class='ocrx_word' id='word_1_194' title='bbox 428 3071 480 3125; x_wconf 81' lang='grc' dir='ltr'>ἐν</span> <span class='ocrx_word' id='word_1_195' title='bbox 516 3075 587 3143; x_wconf 72' lang='grc' dir='ltr'>τῇ</span> <span class='ocrx_word' id='word_1_196' title='bbox 610 3070 840 3142; x_wconf 85' lang='grc' dir='ltr'>τελευτῇ</span> <span class='ocrx_word' id='word_1_197' title='bbox 876 3069 1037 3124; x_wconf 66' lang='grc' dir='ltr'>αἴδτοῦ</span> <span class='ocrx_word' id='word_1_198' title='bbox 1064 3072 1178 3143; x_wconf 86' lang='grc' dir='ltr'>μετ’</span> <span class='ocrx_word' id='word_1_199' title='bbox 1197 3070 1381 3130; x_wconf 79' lang='grc' dir='ltr'>αὐτοῦ.</span> <span class='ocrx_word' id='word_1_200' title='bbox 1404 3071 1707 3143; x_wconf 72' lang='grc' dir='ltr'>Ἐκοιμήθη</span> <span class='ocrx_word' id='word_1_201' title='bbox 1744 3070 1801 3126; x_wconf 75' lang='grc' dir='ltr'>δὲ</span> <span class='ocrx_word' id='word_1_202' title='bbox 1830 3071 1959 3148; x_wconf 86' lang='grc' dir='ltr'>πρό-</span> 
     </span>
    </p>
   </div>
   <div class='ocr_carea' id='block_1_33' title="bbox 290 3158 1957 3235">
    <p class='ocr_par' dir='ltr' id='par_1_33' title="bbox 290 3158 1957 3235">
     <span class='ocr_line' id='line_1_33' title="bbox 290 3158 1957 3235; baseline -0.001 -19"><span class='ocrx_word' id='word_1_203' title='bbox 290 3182 453 3227; x_wconf 65' lang='grc' dir='ltr'>τερον</span> <span class='ocrx_word' id='word_1_204' title='bbox 477 3164 507 3215; x_wconf 84' lang='grc' dir='ltr'><strong>ὁ</strong></span> <span class='ocrx_word' id='word_1_205' title='bbox 541 3158 695 3235; x_wconf 75' lang='grc' dir='ltr'>ἅγιος</span> <span class='ocrx_word' id='word_1_206' title='bbox 740 3166 977 3231; x_wconf 80' lang='grc' dir='ltr'>Κοσμᾶς’</span> <span class='ocrx_word' id='word_1_207' title='bbox 1010 3160 1097 3214; x_wconf 79' lang='grc' dir='ltr'>καὶ</span> <span class='ocrx_word' id='word_1_208' title='bbox 1136 3160 1269 3233; x_wconf 81' lang='grc' dir='ltr'>μετᾶ</span> <span class='ocrx_word' id='word_1_209' title='bbox 1323 3164 1489 3214; x_wconf 80' lang='grc' dir='ltr'>ταῦτα</span> <span class='ocrx_word' id='word_1_210' title='bbox 1533 3159 1957 3231; x_wconf 67' lang='grc' dir='ltr'>τελευτήσαντος</span> 
     </span>
    </p>
   </div>
   <div class='ocr_carea' id='block_1_34' title="bbox 1987 1896 2037 1962">
    <p class='ocr_par' dir='ltr' id='par_1_34' title="bbox 1987 1896 2037 1962">
     <span class='ocr_line' id='line_1_34' title="bbox 1987 1896 2037 1962; baseline 0 0"><span class='ocrx_word' id='word_1_211' title='bbox 1987 1896 2037 1962; x_wconf 92' lang='grc' dir='ltr'><strong>Β</strong></span> 
     </span>
    </p>
   </div>
   <div class='ocr_carea' id='block_1_35' title="bbox 2080 609 3729 681">
    <p class='ocr_par' dir='ltr' id='par_1_35' title="bbox 2080 609 3729 681">
     <span class='ocr_line' id='line_1_35' title="bbox 2080 609 3729 681; baseline 0.002 -16"><span class='ocrx_word' id='word_1_212' title='bbox 2080 609 2497 681; x_wconf 83' lang='lat' dir='ltr'>Ulyssipoleos,</span> <span class='ocrx_word' id='word_1_213' title='bbox 2532 626 2661 680; x_wconf 74' lang='lat' dir='ltr'>qua)</span> <span class='ocrx_word' id='word_1_214' title='bbox 2695 614 2783 663; x_wconf 90' lang='lat' dir='ltr'>est</span> <span class='ocrx_word' id='word_1_215' title='bbox 2815 610 2873 662; x_wconf 90' lang='lat' dir='ltr'>in</span> <span class='ocrx_word' id='word_1_216' title='bbox 2925 611 3284 679; x_wconf 80' lang='lat' dir='ltr'>Macedonia,</span> <span class='ocrx_word' id='word_1_217' title='bbox 3317 629 3350 667; x_wconf 90' lang='lat' dir='ltr'>a</span> <span class='ocrx_word' id='word_1_218' title='bbox 3381 614 3598 668; x_wconf 76' lang='lat' dir='ltr'>Graecis</span> <span class='ocrx_word' id='word_1_219' title='bbox 3632 614 3729 669; x_wconf 83' lang='lat' dir='ltr'>in-</span> 
     </span>
    </p>
   </div>
   <div class='ocr_carea' id='block_1_36' title="bbox 2080 699 3726 774">
    <p class='ocr_par' dir='ltr' id='par_1_36' title="bbox 2080 699 3726 774">
     <span class='ocr_line' id='line_1_36' title="bbox 2080 699 3726 774; baseline 0.004 -22"><span class='ocrx_word' id='word_1_220' title='bbox 2080 704 2405 770; x_wconf 89' lang='lat' dir='ltr'>teremptus</span> <span class='ocrx_word' id='word_1_221' title='bbox 2437 705 2542 753; x_wconf 89' lang='lat' dir='ltr'>est.</span> <span class='ocrx_word' id='word_1_222' title='bbox 2572 699 2839 753; x_wconf 83' lang='lat' dir='ltr'>Urbanus</span> <span class='ocrx_word' id='word_1_223' title='bbox 2868 716 3003 754; x_wconf 86' lang='lat' dir='ltr'>vero</span> <span class='ocrx_word' id='word_1_224' title='bbox 3027 701 3380 756; x_wconf 71' lang='lat' dir='ltr'>Macedonia)</span> <span class='ocrx_word' id='word_1_225' title='bbox 3412 704 3726 774; x_wconf 86' lang='lat' dir='ltr'>episcopus</span> 
     </span>
    </p>
   </div>
   <div class='ocr_carea' id='block_1_37' title="bbox 2078 789 3728 861">
    <p class='ocr_par' dir='ltr' id='par_1_37' title="bbox 2078 789 3728 861">
     <span class='ocr_line' id='line_1_37' title="bbox 2078 789 3728 861; baseline 0.004 -19"><span class='ocrx_word' id='word_1_226' title='bbox 2078 794 2135 842; x_wconf 87' lang='lat' dir='ltr'>et</span> <span class='ocrx_word' id='word_1_227' title='bbox 2167 790 2289 860; x_wconf 89' lang='lat' dir='ltr'>ipse</span> <span class='ocrx_word' id='word_1_228' title='bbox 2321 806 2354 843; x_wconf 91' lang='lat' dir='ltr'>a</span> <span class='ocrx_word' id='word_1_229' title='bbox 2385 789 2601 843; x_wconf 66' lang='lat' dir='ltr'>Judazis</span> <span class='ocrx_word' id='word_1_230' title='bbox 2629 795 2685 842; x_wconf 90' lang='lat' dir='ltr'>et</span> <span class='ocrx_word' id='word_1_231' title='bbox 2714 790 2929 843; x_wconf 63' lang='lat' dir='ltr'>Graecis</span> <span class='ocrx_word' id='word_1_232' title='bbox 2978 806 3096 843; x_wconf 90' lang='lat' dir='ltr'>una</span> <span class='ocrx_word' id='word_1_233' title='bbox 3125 807 3257 844; x_wconf 90' lang='lat' dir='ltr'>cum</span> <span class='ocrx_word' id='word_1_234' title='bbox 3291 792 3562 861; x_wconf 82' lang='lat' dir='ltr'>pluribus</span> <span class='ocrx_word' id='word_1_235' title='bbox 3594 794 3728 848; x_wconf 89' lang='lat' dir='ltr'>aliis</span> 
     </span>
    </p>
   </div>
   <div class='ocr_carea' id='block_1_38' title="bbox 2077 878 3730 953">
    <p class='ocr_par' dir='ltr' id='par_1_38' title="bbox 2077 878 3730 953">
     <span class='ocr_line' id='line_1_38' title="bbox 2077 878 3730 953; baseline 0.004 -22"><span class='ocrx_word' id='word_1_236' title='bbox 2077 879 2340 933; x_wconf 87' lang='lat' dir='ltr'>occisus:</span> <span class='ocrx_word' id='word_1_237' title='bbox 2370 883 2546 948; x_wconf 89' lang='lat' dir='ltr'>atque</span> <span class='ocrx_word' id='word_1_238' title='bbox 2578 879 2658 932; x_wconf 89' lang='lat' dir='ltr'>ita</span> <span class='ocrx_word' id='word_1_239' title='bbox 2707 895 2823 933; x_wconf 88' lang='lat' dir='ltr'>uno</span> <span class='ocrx_word' id='word_1_240' title='bbox 2874 878 3198 949; x_wconf 83' lang='lat' dir='ltr'>eodemque</span> <span class='ocrx_word' id='word_1_241' title='bbox 3240 880 3334 934; x_wconf 88' lang='lat' dir='ltr'>die</span> <span class='ocrx_word' id='word_1_242' title='bbox 3366 883 3632 953; x_wconf 86' lang='lat' dir='ltr'>contigit,</span> <span class='ocrx_word' id='word_1_243' title='bbox 3666 888 3730 938; x_wconf 91' lang='lat' dir='ltr'>ut</span> 
     </span>
    </p>
   </div>
   <div class='ocr_carea' id='block_1_39' title="bbox 2077 967 3727 1041">
    <p class='ocr_par' dir='ltr' id='par_1_39' title="bbox 2077 967 3727 1041">
     <span class='ocr_line' id='line_1_39' title="bbox 2077 967 3727 1041; baseline 0.003 -20"><span class='ocrx_word' id='word_1_244' title='bbox 2077 968 2174 1021; x_wconf 89' lang='lat' dir='ltr'>alii</span> <span class='ocrx_word' id='word_1_245' title='bbox 2202 967 2319 1021; x_wconf 93' lang='lat' dir='ltr'>alia</span> <span class='ocrx_word' id='word_1_246' title='bbox 2348 968 2576 1022; x_wconf 82' lang='lat' dir='ltr'>ratione</span> <span class='ocrx_word' id='word_1_247' title='bbox 2611 968 2668 1021; x_wconf 92' lang='lat' dir='ltr'>in</span> <span class='ocrx_word' id='word_1_248' title='bbox 2720 967 2965 1022; x_wconf 83' lang='lat' dir='ltr'>diversis</span> <span class='ocrx_word' id='word_1_249' title='bbox 3020 968 3185 1035; x_wconf 87' lang='lat' dir='ltr'>locis,</span> <span class='ocrx_word' id='word_1_250' title='bbox 3233 974 3291 1022; x_wconf 90' lang='lat' dir='ltr'>et</span> <span class='ocrx_word' id='word_1_251' title='bbox 3337 970 3629 1041; x_wconf 83' lang='lat' dir='ltr'>gentibus,</span> <span class='ocrx_word' id='word_1_252' title='bbox 3661 988 3727 1026; x_wconf 90' lang='lat' dir='ltr'>ac</span> 
     </span>
    </p>
   </div>
   <div class='ocr_carea' id='block_1_40' title="bbox 2078 1056 3724 1131">
    <p class='ocr_par' dir='ltr' id='par_1_40' title="bbox 2078 1056 3724 1131">
     <span class='ocr_line' id='line_1_40' title="bbox 2078 1056 3724 1131; baseline 0.001 -20"><span class='ocrx_word' id='word_1_253' title='bbox 2078 1056 2410 1111; x_wconf 77' lang='lat' dir='ltr'>civitatibus</span> <span class='ocrx_word' id='word_1_254' title='bbox 2442 1057 2758 1111; x_wconf 85' lang='lat' dir='ltr'>excruciati</span> <span class='ocrx_word' id='word_1_255' title='bbox 2793 1056 2863 1110; x_wconf 87' lang='lat' dir='ltr'>ab</span> <span class='ocrx_word' id='word_1_256' title='bbox 2888 1057 2979 1122; x_wconf 92' lang='lat' dir='ltr'>iis,</span> <span class='ocrx_word' id='word_1_257' title='bbox 3006 1057 3106 1127; x_wconf 88' lang='lat' dir='ltr'>qui</span> <span class='ocrx_word' id='word_1_258' title='bbox 3138 1058 3321 1112; x_wconf 89' lang='lat' dir='ltr'>Deum</span> <span class='ocrx_word' id='word_1_259' title='bbox 3356 1058 3724 1131; x_wconf 79' lang='lat' dir='ltr'>ignorabant,</span> 
     </span>
    </p>
   </div>
   <div class='ocr_carea' id='block_1_41' title="bbox 2078 1145 3726 1217">
    <p class='ocr_par' dir='ltr' id='par_1_41' title="bbox 2078 1145 3726 1217">
     <span class='ocr_line' id='line_1_41' title="bbox 2078 1145 3726 1217; baseline 0.002 -17"><span class='ocrx_word' id='word_1_260' title='bbox 2078 1146 2292 1200; x_wconf 69' lang='lat' dir='ltr'>Grmcis</span> <span class='ocrx_word' id='word_1_261' title='bbox 2324 1150 2382 1200; x_wconf 91' lang='lat' dir='ltr'>et</span> <span class='ocrx_word' id='word_1_262' title='bbox 2409 1145 2703 1217; x_wconf 79' lang='lat' dir='ltr'>gentibus,</span> <span class='ocrx_word' id='word_1_263' title='bbox 2736 1145 2938 1200; x_wconf 80' lang='lat' dir='ltr'>felices</span> <span class='ocrx_word' id='word_1_264' title='bbox 2982 1147 3230 1200; x_wconf 91' lang='lat' dir='ltr'>Domino</span> <span class='ocrx_word' id='word_1_265' title='bbox 3278 1147 3510 1202; x_wconf 89' lang='lat' dir='ltr'>animas</span> <span class='ocrx_word' id='word_1_266' title='bbox 3542 1149 3726 1203; x_wconf 91' lang='lat' dir='ltr'>tradi-</span> 
     </span>
    </p>
   </div>
   <div class='ocr_carea' id='block_1_42' title="bbox 2077 1224 3729 1311">
    <p class='ocr_par' dir='ltr' id='par_1_42' title="bbox 2077 1224 3729 1311">
     <span class='ocr_line' id='line_1_42' title="bbox 2077 1224 3729 1311; baseline 0.003 -22"><span class='ocrx_word' id='word_1_267' title='bbox 2077 1235 2312 1289; x_wconf 89' lang='lat' dir='ltr'>derint:</span> <span class='ocrx_word' id='word_1_268' title='bbox 2347 1252 2596 1306; x_wconf 90' lang='lat' dir='ltr'>quorum</span> <span class='ocrx_word' id='word_1_269' title='bbox 2626 1224 2899 1306; x_wconf 62' lang='lat' dir='ltr'>pretiosa)</span> <span class='ocrx_word' id='word_1_270' title='bbox 2930 1235 3199 1307; x_wconf 62' lang='lat' dir='ltr'>reliquias</span> <span class='ocrx_word' id='word_1_271' title='bbox 3230 1237 3729 1311; x_wconf 86' lang='lat' dir='ltr'>ConstantinOpo-</span> 
     </span>
    </p>
   </div>
   <div class='ocr_carea' id='block_1_43' title="bbox 2077 1324 3725 1400">
    <p class='ocr_par' dir='ltr' id='par_1_43' title="bbox 2077 1324 3725 1400">
     <span class='ocr_line' id='line_1_43' title="bbox 2077 1324 3725 1400; baseline 0.002 -20"><span class='ocrx_word' id='word_1_272' title='bbox 2077 1324 2181 1380; x_wconf 90' lang='lat' dir='ltr'>lim</span> <span class='ocrx_word' id='word_1_273' title='bbox 2216 1326 2367 1382; x_wconf 77' lang='lat' dir='ltr'><strong>I56</strong></span> <span class='ocrx_word' id='word_1_274' title='bbox 2400 1331 2604 1397; x_wconf 74' lang='lat' dir='ltr'>postea</span> <span class='ocrx_word' id='word_1_275' title='bbox 2631 1325 2953 1395; x_wconf 67' lang='lat' dir='ltr'>translatae,</span> <span class='ocrx_word' id='word_1_276' title='bbox 2981 1326 3041 1381; x_wconf 90' lang='lat' dir='ltr'>in</span> <span class='ocrx_word' id='word_1_277' title='bbox 3061 1342 3150 1395; x_wconf 91' lang='lat' dir='ltr'>eo,</span> <span class='ocrx_word' id='word_1_278' title='bbox 3175 1327 3276 1398; x_wconf 87' lang='lat' dir='ltr'>qui</span> <span class='ocrx_word' id='word_1_279' title='bbox 3306 1328 3459 1382; x_wconf 90' lang='lat' dir='ltr'>Fons</span> <span class='ocrx_word' id='word_1_280' title='bbox 3488 1327 3725 1400; x_wconf 90' lang='lat' dir='ltr'>dicitur,</span> 
     </span>
    </p>
   </div>
   <div class='ocr_carea' id='block_1_44' title="bbox 2076 1414 2808 1486">
    <p class='ocr_par' dir='ltr' id='par_1_44' title="bbox 2076 1414 2808 1486">
     <span class='ocr_line' id='line_1_44' title="bbox 2076 1414 2808 1486; baseline -0.001 -16"><span class='ocrx_word' id='word_1_281' title='bbox 2076 1414 2206 1470; x_wconf 75' lang='lat' dir='ltr'>loco</span> <span class='ocrx_word' id='word_1_282' title='bbox 2236 1415 2520 1486; x_wconf 70' lang='lat' dir='ltr'>deposita)</span> <span class='ocrx_word' id='word_1_283' title='bbox 2550 1414 2808 1469; x_wconf 87' lang='lat' dir='ltr'>fuerunt.</span> 
     </span>
    </p>
   </div>
   <div class='ocr_carea' id='block_1_45' title="bbox 2330 1698 3479 1798">
    <p class='ocr_par' dir='ltr' id='par_1_45' title="bbox 2330 1698 3479 1798">
     <span class='ocr_line' id='line_1_45' title="bbox 2330 1698 3479 1798; baseline 0.001 -3"><span class='ocrx_word' id='word_1_284' title='bbox 2330 1701 2594 1797; x_wconf 91' lang='lat' dir='ltr'><strong>MEN</strong></span> <span class='ocrx_word' id='word_1_285' title='bbox 2604 1698 2754 1795; x_wconf 89' lang='lat' dir='ltr'>SE</span> <span class='ocrx_word' id='word_1_286' title='bbox 2820 1700 3479 1798; x_wconf 86' lang='lat' dir='ltr'>NOVEMBBI</span> 
     </span>
    </p>
   </div>
   <div class='ocr_carea' id='block_1_46' title="bbox 2731 1865 3067 1939">
    <p class='ocr_par' dir='ltr' id='par_1_46' title="bbox 2731 1865 3067 1939">
     <span class='ocr_line' id='line_1_46' title="bbox 2731 1865 3067 1939; baseline 0.003 -18"><span class='ocrx_word' id='word_1_287' title='bbox 2731 1866 2834 1921; x_wconf 86' lang='lat' dir='ltr'>Die</span> <span class='ocrx_word' id='word_1_288' title='bbox 2873 1865 3067 1939; x_wconf 87' lang='lat' dir='ltr'>prima</span> 
     </span>
    </p>
   </div>
   <div class='ocr_carea' id='block_1_47' title="bbox 2071 1976 3721 2046">
    <p class='ocr_par' dir='ltr' id='par_1_47' title="bbox 2071 1976 3721 2046">
     <span class='ocr_line' id='line_1_47' title="bbox 2071 1976 3721 2046; baseline -0.001 -12"><span class='ocrx_word' id='word_1_289' title='bbox 2071 1978 2220 2034; x_wconf 78' lang='lat' dir='ltr'><strong>I51</strong></span> <span class='ocrx_word' id='word_1_290' title='bbox 2280 1977 2545 2031; x_wconf 85' lang='lat' dir='ltr'>Dormitio</span> <span class='ocrx_word' id='word_1_291' title='bbox 2600 1982 2915 2029; x_wconf 82' lang='lat' dir='ltr'>sanctorum</span> <span class='ocrx_word' id='word_1_292' title='bbox 2969 1976 3390 2046; x_wconf 83' lang='lat' dir='ltr'>Anargyrorum</span> <span class='ocrx_word' id='word_1_293' title='bbox 3435 1979 3641 2033; x_wconf 71' lang='lat' dir='ltr'>Cosma:</span> <span class='ocrx_word' id='word_1_294' title='bbox 3670 1985 3721 2035; x_wconf 85' lang='lat' dir='ltr'>et</span> 
     </span>
    </p>
   </div>
   <div class='ocr_carea' id='block_1_48' title="bbox 2322 2046 3470 2116">
    <p class='ocr_par' dir='ltr' id='par_1_48' title="bbox 2322 2046 3470 2116">
     <span class='ocr_line' id='line_1_48' title="bbox 2322 2046 3470 2116; baseline 0.001 -15"><span class='ocrx_word' id='word_1_295' title='bbox 2322 2048 2601 2109; x_wconf 80' lang='lat' dir='ltr'>Damiani,</span> <span class='ocrx_word' id='word_1_296' title='bbox 2630 2046 2873 2116; x_wconf 77' lang='lat' dir='ltr'>ﬁliorum</span> <span class='ocrx_word' id='word_1_297' title='bbox 2915 2053 3123 2103; x_wconf 69' lang='lat' dir='ltr'>sanctae</span> <span class='ocrx_word' id='word_1_298' title='bbox 3158 2048 3470 2105; x_wconf 59' lang='lat' dir='ltr'>Theodotx.</span> 
     </span>
    </p>
   </div>
   <div class='ocr_carea' id='block_1_49' title="bbox 2140 2153 3721 2226">
    <p class='ocr_par' dir='ltr' id='par_1_49' title="bbox 2140 2153 3721 2226">
     <span class='ocr_line' id='line_1_49' title="bbox 2140 2153 3721 2226; baseline 0.002 -16"><span class='ocrx_word' id='word_1_299' title='bbox 2140 2155 2379 2210; x_wconf 90' lang='lat' dir='ltr'>Cosmas</span> <span class='ocrx_word' id='word_1_300' title='bbox 2411 2158 2467 2208; x_wconf 87' lang='lat' dir='ltr'>et</span> <span class='ocrx_word' id='word_1_301' title='bbox 2499 2153 2837 2219; x_wconf 90' lang='lat' dir='ltr'>Damianus,</span> <span class='ocrx_word' id='word_1_302' title='bbox 2863 2155 3051 2208; x_wconf 82' lang='lat' dir='ltr'>sancti</span> <span class='ocrx_word' id='word_1_303' title='bbox 3076 2156 3384 2226; x_wconf 74' lang='lat' dir='ltr'>Anargyri,</span> <span class='ocrx_word' id='word_1_304' title='bbox 3416 2155 3579 2212; x_wconf 85' lang='lat' dir='ltr'>fuere</span> <span class='ocrx_word' id='word_1_305' title='bbox 3612 2158 3721 2213; x_wconf 79' lang='lat' dir='ltr'>lilii</span> 
     </span>
    </p>
   </div>
   <div class='ocr_carea' id='block_1_50' title="bbox 2070 2241 3721 2316">
    <p class='ocr_par' dir='ltr' id='par_1_50' title="bbox 2070 2241 3721 2316">
     <span class='ocr_line' id='line_1_50' title="bbox 2070 2241 3721 2316; baseline 0.001 -16"><span class='ocrx_word' id='word_1_306' title='bbox 2070 2243 2380 2316; x_wconf 84' lang='lat' dir='ltr'>cujusdam</span> <span class='ocrx_word' id='word_1_307' title='bbox 2414 2242 2762 2297; x_wconf 69' lang='lat' dir='ltr'>Christiana:</span> <span class='ocrx_word' id='word_1_308' title='bbox 2783 2241 3073 2308; x_wconf 85' lang='lat' dir='ltr'>mulieris,</span> <span class='ocrx_word' id='word_1_309' title='bbox 3098 2243 3341 2297; x_wconf 89' lang='lat' dir='ltr'>nomine</span> <span class='ocrx_word' id='word_1_310' title='bbox 3370 2244 3682 2301; x_wconf 77' lang='lat' dir='ltr'>Theodotm</span> <span class='ocrx_word' id='word_1_311' title='bbox 3706 2262 3721 2302; x_wconf 89' lang='lat'><strong>:</strong></span> 
     </span>
    </p>
   </div>
   <div class='ocr_carea' id='block_1_51' title="bbox 2070 2332 3723 2405">
    <p class='ocr_par' dir='ltr' id='par_1_51' title="bbox 2070 2332 3723 2405">
     <span class='ocr_line' id='line_1_51' title="bbox 2070 2332 3723 2405; baseline 0.002 -16"><span class='ocrx_word' id='word_1_312' title='bbox 2070 2351 2104 2390; x_wconf 91' lang='lat' dir='ltr'>a</span> <span class='ocrx_word' id='word_1_313' title='bbox 2134 2350 2251 2405; x_wconf 87' lang='lat' dir='ltr'>qua</span> <span class='ocrx_word' id='word_1_314' title='bbox 2280 2338 2502 2387; x_wconf 87' lang='lat' dir='ltr'>rectam</span> <span class='ocrx_word' id='word_1_315' title='bbox 2537 2332 2736 2399; x_wconf 80' lang='lat' dir='ltr'>ﬁdem,</span> <span class='ocrx_word' id='word_1_316' title='bbox 2771 2348 3086 2402; x_wconf 86' lang='lat' dir='ltr'>sacrasque</span> <span class='ocrx_word' id='word_1_317' title='bbox 3140 2332 3389 2400; x_wconf 83' lang='lat' dir='ltr'>litteras,</span> <span class='ocrx_word' id='word_1_318' title='bbox 3430 2334 3723 2393; x_wconf 89' lang='lat' dir='ltr'>medicam</span> 
     </span>
    </p>
   </div>
   <div class='ocr_carea' id='block_1_52' title="bbox 2068 2421 3725 2492">
    <p class='ocr_par' dir='ltr' id='par_1_52' title="bbox 2068 2421 3725 2492">
     <span class='ocr_line' id='line_1_52' title="bbox 2068 2421 3725 2492; baseline 0.002 -14"><span class='ocrx_word' id='word_1_319' title='bbox 2068 2428 2266 2478; x_wconf 91' lang='lat' dir='ltr'>autem</span> <span class='ocrx_word' id='word_1_320' title='bbox 2324 2428 2512 2477; x_wconf 87' lang='lat' dir='ltr'>artem</span> <span class='ocrx_word' id='word_1_321' title='bbox 2569 2438 2603 2476; x_wconf 90' lang='lat' dir='ltr'>a</span> <span class='ocrx_word' id='word_1_322' title='bbox 2661 2425 2864 2476; x_wconf 90' lang='lat' dir='ltr'>sancto</span> <span class='ocrx_word' id='word_1_323' title='bbox 2923 2421 3142 2492; x_wconf 86' lang='lat' dir='ltr'>Spiritu</span> <span class='ocrx_word' id='word_1_324' title='bbox 3192 2422 3406 2487; x_wconf 89' lang='lat' dir='ltr'>edocti,</span> <span class='ocrx_word' id='word_1_325' title='bbox 3448 2425 3725 2481; x_wconf 88' lang='lat' dir='ltr'>curandis</span> 
     </span>
    </p>
   </div>
   <div class='ocr_carea' id='block_1_53' title="bbox 2068 2511 3724 2584">
    <p class='ocr_par' dir='ltr' id='par_1_53' title="bbox 2068 2511 3724 2584">
     <span class='ocr_line' id='line_1_53' title="bbox 2068 2511 3724 2584; baseline 0.002 -17"><span class='ocrx_word' id='word_1_326' title='bbox 2068 2530 2188 2567; x_wconf 90' lang='lat' dir='ltr'>non</span> <span class='ocrx_word' id='word_1_327' title='bbox 2222 2512 2566 2567; x_wconf 87' lang='lat' dir='ltr'>hominibus</span> <span class='ocrx_word' id='word_1_328' title='bbox 2598 2516 2850 2577; x_wconf 89' lang='lat' dir='ltr'>tantum,</span> <span class='ocrx_word' id='word_1_329' title='bbox 2902 2511 3005 2565; x_wconf 88' lang='lat' dir='ltr'>sed</span> <span class='ocrx_word' id='word_1_330' title='bbox 3057 2517 3115 2565; x_wconf 90' lang='lat' dir='ltr'>et</span> <span class='ocrx_word' id='word_1_331' title='bbox 3158 2512 3450 2583; x_wconf 88' lang='lat' dir='ltr'>jumentis</span> <span class='ocrx_word' id='word_1_332' title='bbox 3482 2530 3724 2584; x_wconf 85' lang='lat' dir='ltr'>Operam</span> 
     </span>
    </p>
   </div>
   <div class='ocr_carea' id='block_1_54' title="bbox 2068 2600 3722 2660">
    <p class='ocr_par' dir='ltr' id='par_1_54' title="bbox 2068 2600 3722 2660">
     <span class='ocr_line' id='line_1_54' title="bbox 2068 2600 3722 2660; baseline 0.002 -3"><span class='ocrx_word' id='word_1_333' title='bbox 2068 2620 2236 2657; x_wconf 89' lang='lat' dir='ltr'>suam</span> <span class='ocrx_word' id='word_1_334' title='bbox 2270 2602 2435 2657; x_wconf 87' lang='lat' dir='ltr'>nulla</span> <span class='ocrx_word' id='word_1_335' title='bbox 2464 2602 2738 2656; x_wconf 88' lang='lat' dir='ltr'>mercede</span> <span class='ocrx_word' id='word_1_336' title='bbox 2785 2600 3165 2656; x_wconf 87' lang='lat' dir='ltr'>adhibebant.</span> <span class='ocrx_word' id='word_1_337' title='bbox 3199 2604 3343 2657; x_wconf 88' lang='lat' dir='ltr'>Cum</span> <span class='ocrx_word' id='word_1_338' title='bbox 3377 2619 3511 2657; x_wconf 86' lang='lat' dir='ltr'>vero</span> <span class='ocrx_word' id='word_1_339' title='bbox 3546 2604 3722 2660; x_wconf 83' lang='lat' dir='ltr'>femi-</span> 
     </span>
    </p>
   </div>
   <div class='ocr_carea' id='block_1_55' title="bbox 2068 2689 3721 2762">
    <p class='ocr_par' dir='ltr' id='par_1_55' title="bbox 2068 2689 3721 2762">
     <span class='ocr_line' id='line_1_55' title="bbox 2068 2689 3721 2762; baseline 0.002 -17"><span class='ocrx_word' id='word_1_340' title='bbox 2068 2708 2206 2747; x_wconf 87' lang='lat' dir='ltr'>nam</span> <span class='ocrx_word' id='word_1_341' title='bbox 2240 2690 2557 2762; x_wconf 86' lang='lat' dir='ltr'>quamdam</span> <span class='ocrx_word' id='word_1_342' title='bbox 2592 2691 2832 2745; x_wconf 89' lang='lat' dir='ltr'>nomine</span> <span class='ocrx_word' id='word_1_343' title='bbox 2864 2689 3193 2745; x_wconf 74' lang='lat' dir='ltr'>Palladiam</span> <span class='ocrx_word' id='word_1_344' title='bbox 3232 2699 3561 2759; x_wconf 86' lang='lat' dir='ltr'>curassent,</span> <span class='ocrx_word' id='word_1_345' title='bbox 3595 2693 3721 2748; x_wconf 67' lang='lat' dir='ltr'>baac</span> 
     </span>
    </p>
   </div>
   <div class='ocr_carea' id='block_1_56' title="bbox 2068 2779 3723 2845">
    <p class='ocr_par' dir='ltr' id='par_1_56' title="bbox 2068 2779 3723 2845">
     <span class='ocr_line' id='line_1_56' title="bbox 2068 2779 3723 2845; baseline 0.002 -11"><span class='ocrx_word' id='word_1_346' title='bbox 2068 2780 2142 2835; x_wconf 92' lang='lat' dir='ltr'>ad</span> <span class='ocrx_word' id='word_1_347' title='bbox 2173 2787 2442 2835; x_wconf 89' lang='lat' dir='ltr'>sanctum</span> <span class='ocrx_word' id='word_1_348' title='bbox 2474 2781 2824 2835; x_wconf 87' lang='lat' dir='ltr'>Damianum</span> <span class='ocrx_word' id='word_1_349' title='bbox 2848 2779 2999 2834; x_wconf 89' lang='lat' dir='ltr'>clam</span> <span class='ocrx_word' id='word_1_350' title='bbox 3024 2779 3333 2845; x_wconf 88' lang='lat' dir='ltr'>accedens,</span> <span class='ocrx_word' id='word_1_351' title='bbox 3361 2781 3472 2836; x_wconf 86' lang='lat' dir='ltr'>tria</span> <span class='ocrx_word' id='word_1_352' title='bbox 3503 2782 3590 2836; x_wconf 87' lang='lat' dir='ltr'>illi</span> <span class='ocrx_word' id='word_1_353' title='bbox 3613 2798 3723 2837; x_wconf 82' lang='lat' dir='ltr'>ova</span> 
     </span>
    </p>
   </div>
   <div class='ocr_carea' id='block_1_57' title="bbox 2067 2869 3720 2942">
    <p class='ocr_par' dir='ltr' id='par_1_57' title="bbox 2067 2869 3720 2942">
     <span class='ocr_line' id='line_1_57' title="bbox 2067 2869 3720 2942; baseline 0.002 -18"><span class='ocrx_word' id='word_1_354' title='bbox 2067 2869 2303 2924; x_wconf 85' lang='lat' dir='ltr'>obtulit.</span> <span class='ocrx_word' id='word_1_355' title='bbox 2337 2869 2501 2934; x_wconf 91' lang='lat' dir='ltr'>Quod</span> <span class='ocrx_word' id='word_1_356' title='bbox 2532 2870 2632 2924; x_wconf 90' lang='lat' dir='ltr'>ubi</span> <span class='ocrx_word' id='word_1_357' title='bbox 2664 2870 2898 2923; x_wconf 88' lang='lat' dir='ltr'>rescivit</span> <span class='ocrx_word' id='word_1_358' title='bbox 2924 2875 3164 2924; x_wconf 90' lang='lat' dir='ltr'>sanctus</span> <span class='ocrx_word' id='word_1_359' title='bbox 3194 2871 3456 2938; x_wconf 90' lang='lat' dir='ltr'>Cosmas,</span> <span class='ocrx_word' id='word_1_360' title='bbox 3490 2888 3720 2942; x_wconf 67' lang='lat' dir='ltr'>praece-</span> 
     </span>
    </p>
   </div>
   <div class='ocr_carea' id='block_1_58' title="bbox 2067 2958 3718 3030">
    <p class='ocr_par' dir='ltr' id='par_1_58' title="bbox 2067 2958 3718 3030">
     <span class='ocr_line' id='line_1_58' title="bbox 2067 2958 3718 3030; baseline 0.002 -18"><span class='ocrx_word' id='word_1_361' title='bbox 2067 2960 2172 3030; x_wconf 89' lang='lat' dir='ltr'>pit,</span> <span class='ocrx_word' id='word_1_362' title='bbox 2201 2977 2276 3014; x_wconf 89' lang='lat' dir='ltr'>ne</span> <span class='ocrx_word' id='word_1_363' title='bbox 2308 2959 2575 3014; x_wconf 88' lang='lat' dir='ltr'>Damiani</span> <span class='ocrx_word' id='word_1_364' title='bbox 2608 2959 2891 3030; x_wconf 87' lang='lat' dir='ltr'>reliquias</span> <span class='ocrx_word' id='word_1_365' title='bbox 2924 2958 3072 3015; x_wconf 84' lang='lat' dir='ltr'><strong>I58</strong></span> <span class='ocrx_word' id='word_1_366' title='bbox 3103 2975 3282 3029; x_wconf 87' lang='lat' dir='ltr'>prope</span> <span class='ocrx_word' id='word_1_367' title='bbox 3316 2976 3376 3013; x_wconf 91' lang='lat' dir='ltr'>se</span> <span class='ocrx_word' id='word_1_368' title='bbox 3408 2965 3542 3029; x_wconf 88' lang='lat' dir='ltr'>post</span> <span class='ocrx_word' id='word_1_369' title='bbox 3567 2978 3718 3015; x_wconf 82' lang='lat' dir='ltr'>mor-</span> 
     </span>
    </p>
   </div>
   <div class='ocr_carea' id='block_1_59' title="bbox 2066 3048 3721 3120">
    <p class='ocr_par' dir='ltr' id='par_1_59' title="bbox 2066 3048 3721 3120">
     <span class='ocr_line' id='line_1_59' title="bbox 2066 3048 3721 3120; baseline 0.002 -16"><span class='ocrx_word' id='word_1_370' title='bbox 2066 3054 2185 3104; x_wconf 91' lang='lat' dir='ltr'>tem</span> <span class='ocrx_word' id='word_1_371' title='bbox 2213 3049 2593 3104; x_wconf 83' lang='lat' dir='ltr'>collocarent.</span> <span class='ocrx_word' id='word_1_372' title='bbox 2620 3050 2842 3104; x_wconf 86' lang='lat' dir='ltr'>Mortuo</span> <span class='ocrx_word' id='word_1_373' title='bbox 2865 3048 3042 3120; x_wconf 81' lang='lat' dir='ltr'>igitur</span> <span class='ocrx_word' id='word_1_374' title='bbox 3064 3049 3227 3119; x_wconf 90' lang='lat' dir='ltr'>prius</span> <span class='ocrx_word' id='word_1_375' title='bbox 3251 3050 3481 3115; x_wconf 89' lang='lat' dir='ltr'>Cosma,</span> <span class='ocrx_word' id='word_1_376' title='bbox 3507 3050 3721 3107; x_wconf 89' lang='lat' dir='ltr'>deinde</span> 
     </span>
    </p>
   </div>
   <div class='ocr_carea' id='block_1_60' title="bbox 2066 3138 3725 3210">
    <p class='ocr_par' dir='ltr' id='par_1_60' title="bbox 2066 3138 3725 3210">
     <span class='ocr_line' id='line_1_60' title="bbox 2066 3138 3725 3210; baseline 0.001 -17"><span class='ocrx_word' id='word_1_377' title='bbox 2066 3140 2372 3205; x_wconf 84' lang='lat' dir='ltr'>Damiano,</span> <span class='ocrx_word' id='word_1_378' title='bbox 2409 3138 2776 3192; x_wconf 88' lang='lat' dir='ltr'>deliberante</span> <span class='ocrx_word' id='word_1_379' title='bbox 2804 3138 3043 3210; x_wconf 90' lang='lat' dir='ltr'>populo,</span> <span class='ocrx_word' id='word_1_380' title='bbox 3068 3138 3311 3193; x_wconf 89' lang='lat' dir='ltr'>ubinam</span> <span class='ocrx_word' id='word_1_381' title='bbox 3347 3140 3725 3210; x_wconf 89' lang='lat' dir='ltr'>sepeliendus</span> 
     </span>
    </p>
   </div>
   <div class='ocr_carea' id='block_1_61' title="bbox 297 3227 1962 3325">
    <p class='ocr_par' dir='ltr' id='par_1_61' title="bbox 297 3246 1955 3323">
     <span class='ocr_line' id='line_1_61' title="bbox 297 3246 1955 3323; baseline 0.001 -19"><span class='ocrx_word' id='word_1_382' title='bbox 297 3254 606 3319; x_wconf 76' lang='grc' dir='ltr'>Δαμιανοῦ,</span> <span class='ocrx_word' id='word_1_383' title='bbox 643 3246 976 3322; x_wconf 79' lang='grc' dir='ltr'>διελογίζετο</span> <span class='ocrx_word' id='word_1_384' title='bbox 1009 3250 1036 3303; x_wconf 86' lang='grc' dir='ltr'>ὁ</span> <span class='ocrx_word' id='word_1_385' title='bbox 1068 3246 1223 3317; x_wconf 83' lang='grc' dir='ltr'>λαὸς,</span> <span class='ocrx_word' id='word_1_386' title='bbox 1286 3253 1388 3303; x_wconf 77' lang='grc' dir='ltr'>ποῦ</span> <span class='ocrx_word' id='word_1_387' title='bbox 1422 3251 1579 3323; x_wconf 75' lang='grc' dir='ltr'>θάψει</span> <span class='ocrx_word' id='word_1_388' title='bbox 1636 3250 1816 3307; x_wconf 73' lang='grc' dir='ltr'>αὐτόν.</span> <span class='ocrx_word' id='word_1_389' title='bbox 1853 3251 1955 3306; x_wconf 80' lang='grc' dir='ltr'>Καὶ</span> 
     </span>
    </p>
   </div>
   <div class='ocr_carea' id='block_1_62' title="bbox 2075 3227 3725 3325">
    <p class='ocr_par' dir='ltr' id='par_1_62' title="bbox 2075 3227 3725 3299">
     <span class='ocr_line' id='line_1_62' title="bbox 2075 3227 3725 3299; baseline 0 -16"><span class='ocrx_word' id='word_1_390' title='bbox 2075 3234 2225 3283; x_wconf 85' lang='lat' dir='ltr'>esset</span> <span class='ocrx_word' id='word_1_391' title='bbox 2254 3229 2592 3295; x_wconf 89' lang='lat' dir='ltr'>Damianus,</span> <span class='ocrx_word' id='word_1_392' title='bbox 2629 3234 2872 3299; x_wconf 87' lang='lat' dir='ltr'>repente</span> <span class='ocrx_word' id='word_1_393' title='bbox 2922 3227 3207 3294; x_wconf 88' lang='lat' dir='ltr'>camelus,</span> <span class='ocrx_word' id='word_1_394' title='bbox 3255 3228 3355 3297; x_wconf 88' lang='lat' dir='ltr'>qui</span> <span class='ocrx_word' id='word_1_395' title='bbox 3391 3244 3425 3282; x_wconf 90' lang='lat' dir='ltr'>a</span> <span class='ocrx_word' id='word_1_396' title='bbox 3457 3228 3725 3284; x_wconf 72' lang='lat' dir='ltr'>daamone</span> 
     </span>
    </p>
   </div>
   <div class='ocr_carea' id='block_1_63' title="bbox 290 3335 1958 3415">
    <p class='ocr_par' dir='ltr' id='par_1_63' title="bbox 290 3335 1958 3415">
     <span class='ocr_line' id='line_1_63' title="bbox 290 3335 1958 3415; baseline 0.001 -22"><span class='ocrx_word' id='word_1_397' title='bbox 290 3339 559 3415; x_wconf 57' lang='grc' dir='ltr'>ἐξαίφοης</span> <span class='ocrx_word' id='word_1_398' title='bbox 611 3337 870 3410; x_wconf 67' lang='grc' dir='ltr'>κάμηλος</span> <span class='ocrx_word' id='word_1_399' title='bbox 927 3335 1206 3409; x_wconf 73' lang='grc' dir='ltr'>δραμοῦσα</span> <span class='ocrx_word' id='word_1_400' title='bbox 1246 3340 1280 3407; x_wconf 80' lang='grc' dir='ltr'>ἡ</span> <span class='ocrx_word' id='word_1_401' title='bbox 1312 3338 1608 3393; x_wconf 83' lang='grc' dir='ltr'>κλασθεῖσα</span> <span class='ocrx_word' id='word_1_402' title='bbox 1662 3339 1810 3413; x_wconf 79' lang='grc' dir='ltr'>παρᾶ</span> <span class='ocrx_word' id='word_1_403' title='bbox 1861 3345 1958 3394; x_wconf 72' lang='grc' dir='ltr'>τοῦ</span> 
     </span>
    </p>
   </div>
   <div class='ocr_carea' id='block_1_64' title="bbox 294 3423 1963 3504">
    <p class='ocr_par' dir='ltr' id='par_1_64' title="bbox 294 3423 1963 3504">
     <span class='ocr_line' id='line_1_64' title="bbox 294 3423 1963 3504; baseline 0.001 -23"><span class='ocrx_word' id='word_1_404' title='bbox 294 3423 598 3495; x_wconf 68' lang='grc' dir='ltr'>διαϐόλου,</span> <span class='ocrx_word' id='word_1_405' title='bbox 673 3427 762 3480; x_wconf 78' lang='grc' dir='ltr'>καὶ</span> <span class='ocrx_word' id='word_1_406' title='bbox 840 3426 1047 3490; x_wconf 82' lang='grc' dir='ltr'>ἷαθεῖσα</span> <span class='ocrx_word' id='word_1_407' title='bbox 1097 3427 1241 3502; x_wconf 69' lang='grc' dir='ltr'>παρὰ</span> <span class='ocrx_word' id='word_1_408' title='bbox 1292 3431 1400 3481; x_wconf 82' lang='grc' dir='ltr'>τῶν</span> <span class='ocrx_word' id='word_1_409' title='bbox 1458 3426 1646 3504; x_wconf 78' lang='grc' dir='ltr'>ἁγίων,</span> <span class='ocrx_word' id='word_1_410' title='bbox 1699 3426 1963 3499; x_wconf 79' lang='grc' dir='ltr'>ἐλάλησεν</span> 
     </span>
    </p>
   </div>
   <div class='ocr_carea' id='block_1_65' title="bbox 297 3516 1963 3590">
    <p class='ocr_par' dir='ltr' id='par_1_65' title="bbox 297 3516 1963 3590">
     <span class='ocr_line' id='line_1_65' title="bbox 297 3516 1963 3590; baseline 0.001 -19"><span class='ocrx_word' id='word_1_411' title='bbox 297 3516 621 3589; x_wconf 74' lang='grc' dir='ltr'>ἀνθρωπίνῃ</span> <span class='ocrx_word' id='word_1_412' title='bbox 708 3519 872 3588; x_wconf 77' lang='grc' dir='ltr'>φονῆ,</span> <span class='ocrx_word' id='word_1_413' title='bbox 949 3517 1162 3586; x_wconf 80' lang='grc' dir='ltr'>τεθῆναι</span> <span class='ocrx_word' id='word_1_414' title='bbox 1247 3517 1310 3571; x_wconf 90' lang='grc' dir='ltr'>τὸ</span> <span class='ocrx_word' id='word_1_415' title='bbox 1375 3516 1624 3590; x_wconf 79' lang='grc' dir='ltr'>λείψανον</span> <span class='ocrx_word' id='word_1_416' title='bbox 1687 3519 1822 3589; x_wconf 73' lang='grc' dir='ltr'>μετὰ</span> <span class='ocrx_word' id='word_1_417' title='bbox 1868 3522 1963 3572; x_wconf 76' lang='grc' dir='ltr'>τοῦ</span> 
     </span>
    </p>
   </div>
   <div class='ocr_carea' id='block_1_66' title="bbox 296 3601 1962 3680">
    <p class='ocr_par' dir='ltr' id='par_1_66' title="bbox 296 3601 1962 3680">
     <span class='ocr_line' id='line_1_66' title="bbox 296 3601 1962 3680; baseline 0.002 -22"><span class='ocrx_word' id='word_1_418' title='bbox 296 3608 458 3679; x_wconf 69' lang='grc' dir='ltr'>ἁγιου</span> <span class='ocrx_word' id='word_1_419' title='bbox 511 3610 727 3676; x_wconf 75' lang='grc' dir='ltr'>Κοσμᾶ,</span> <span class='ocrx_word' id='word_1_420' title='bbox 786 3604 869 3658; x_wconf 83' lang='grc' dir='ltr'>δτι</span> <span class='ocrx_word' id='word_1_421' title='bbox 931 3604 1030 3659; x_wconf 73' lang='grc' dir='ltr'>οὐκ</span> <span class='ocrx_word' id='word_1_422' title='bbox 1085 3604 1162 3667; x_wconf 82' lang='grc' dir='ltr'>εἷς</span> <span class='ocrx_word' id='word_1_423' title='bbox 1241 3605 1430 3677; x_wconf 86' lang='grc' dir='ltr'>μισθὸν</span> <span class='ocrx_word' id='word_1_424' title='bbox 1508 3601 1674 3661; x_wconf 67' lang='grc' dir='ltr'>ἔλαϐε</span> <span class='ocrx_word' id='word_1_425' title='bbox 1739 3606 1805 3662; x_wconf 77' lang='grc' dir='ltr'>τὰ</span> <span class='ocrx_word' id='word_1_426' title='bbox 1861 3607 1962 3680; x_wconf 69' lang='lat' dir='ltr'>aa,</span> 
     </span>
    </p>
   </div>
   <div class='ocr_carea' id='block_1_67' title="bbox 302 3691 1967 3775">
    <p class='ocr_par' dir='ltr' id='par_1_67' title="bbox 302 3691 1967 3775">
     <span class='ocr_line' id='line_1_67' title="bbox 302 3691 1967 3775; baseline 0.002 -27"><span class='ocrx_word' id='word_1_427' title='bbox 302 3693 456 3749; x_wconf 69' lang='grc' dir='ltr'>ἃ).λᾶ</span> <span class='ocrx_word' id='word_1_428' title='bbox 542 3691 633 3747; x_wconf 75' lang='grc' dir='ltr'>δια</span> <span class='ocrx_word' id='word_1_429' title='bbox 685 3693 776 3748; x_wconf 85' lang='grc' dir='ltr'>τὸν</span> <span class='ocrx_word' id='word_1_430' title='bbox 837 3692 1039 3767; x_wconf 80' lang='grc' dir='ltr'>ὅρκον.</span> <span class='ocrx_word' id='word_1_431' title='bbox 1112 3695 1210 3748; x_wconf 79' lang='grc' dir='ltr'>Καὶ</span> <span class='ocrx_word' id='word_1_432' title='bbox 1261 3692 1434 3757; x_wconf 77' lang='grc' dir='ltr'>οὕτως</span> <span class='ocrx_word' id='word_1_433' title='bbox 1490 3694 1742 3767; x_wconf 68' lang='grc' dir='ltr'>ἐτέθησαν</span> <span class='ocrx_word' id='word_1_434' title='bbox 1794 3697 1967 3775; x_wconf 70' lang='grc' dir='ltr'>ἀμφό-</span> 
     </span>
    </p>
   </div>
   <div class='ocr_carea' id='block_1_68' title="bbox 298 3803 483 3857">
    <p class='ocr_par' dir='ltr' id='par_1_68' title="bbox 298 3803 483 3857">
     <span class='ocr_line' id='line_1_68' title="bbox 298 3803 483 3857; baseline 0.016 -19"><span class='ocrx_word' id='word_1_435' title='bbox 298 3803 483 3857; x_wconf 76' lang='grc' dir='ltr'>τεροι.</span> 
     </span>
    </p>
   </div>
   <div class='ocr_carea' id='block_1_69' title="bbox 918 3888 1373 3964">
    <p class='ocr_par' dir='ltr' id='par_1_69' title="bbox 918 3888 1373 3964">
     <span class='ocr_line' id='line_1_69' title="bbox 918 3888 1373 3964; baseline -0.002 -2"><span class='ocrx_word' id='word_1_436' title='bbox 918 3892 999 3962; x_wconf 70' lang='grc' dir='ltr'>Τῇ</span> <span class='ocrx_word' id='word_1_437' title='bbox 1032 3890 1167 3964; x_wconf 75' lang='grc' dir='ltr'>αὖτῇ</span> <span class='ocrx_word' id='word_1_438' title='bbox 1190 3888 1373 3963; x_wconf 63' lang='grc' dir='ltr'>ἡμέρᾳ</span> 
     </span>
    </p>
   </div>
   <div class='ocr_carea' id='block_1_70' title="bbox 304 3995 1966 4072">
    <p class='ocr_par' dir='ltr' id='par_1_70' title="bbox 304 3995 1966 4072">
     <span class='ocr_line' id='line_1_70' title="bbox 304 3995 1966 4072; baseline 0.001 -20"><span class='ocrx_word' id='word_1_439' title='bbox 304 3995 591 4067; x_wconf 82' lang='grc' dir='ltr'>Ἀθλησις</span> <span class='ocrx_word' id='word_1_440' title='bbox 621 3999 728 4050; x_wconf 81' lang='grc' dir='ltr'>τῶν</span> <span class='ocrx_word' id='word_1_441' title='bbox 772 3995 938 4071; x_wconf 76' lang='grc' dir='ltr'>ἁγίων</span> <span class='ocrx_word' id='word_1_442' title='bbox 993 3995 1280 4071; x_wconf 78' lang='grc' dir='ltr'>μαρτύρων</span> <span class='ocrx_word' id='word_1_443' title='bbox 1339 4001 1610 4071; x_wconf 81' lang='grc' dir='ltr'>γυναικῶν</span> <span class='ocrx_word' id='word_1_444' title='bbox 1671 3998 1966 4072; x_wconf 80' lang='grc' dir='ltr'>Κυριαίνης</span> 
     </span>
    </p>
   </div>
   <div class='ocr_carea' id='block_1_71' title="bbox 911 4084 1358 4154">
    <p class='ocr_par' dir='ltr' id='par_1_71' title="bbox 911 4084 1358 4154">
     <span class='ocr_line' id='line_1_71' title="bbox 911 4084 1358 4154; baseline 0.004 -15"><span class='ocrx_word' id='word_1_445' title='bbox 911 4085 1002 4139; x_wconf 76' lang='grc' dir='ltr'>καί</span> <span class='ocrx_word' id='word_1_446' title='bbox 1028 4084 1358 4154; x_wconf 85' lang='grc' dir='ltr'>Ἰουλιανῆς.</span> 
     </span>
    </p>
   </div>
   <div class='ocr_carea' id='block_1_72' title="bbox 378 4190 1964 4267">
    <p class='ocr_par' dir='ltr' id='par_1_72' title="bbox 378 4190 1964 4267">
     <span class='ocr_line' id='line_1_72' title="bbox 378 4190 1964 4267; baseline 0.001 -21"><span class='ocrx_word' id='word_1_447' title='bbox 378 4190 651 4266; x_wconf 82' lang='grc' dir='ltr'>Κυριαίνη</span> <span class='ocrx_word' id='word_1_448' title='bbox 699 4193 728 4261; x_wconf 67' lang='grc' dir='ltr'>ἢ</span> <span class='ocrx_word' id='word_1_449' title='bbox 793 4190 996 4265; x_wconf 74' lang='grc' dir='ltr'>μάρτυς</span> <span class='ocrx_word' id='word_1_450' title='bbox 1044 4191 1289 4267; x_wconf 83' lang='grc' dir='ltr'>ὑπῆρχεν</span> <span class='ocrx_word' id='word_1_451' title='bbox 1352 4190 1440 4246; x_wconf 75' lang='grc' dir='ltr'>ἐπὶ</span> <span class='ocrx_word' id='word_1_452' title='bbox 1495 4192 1837 4265; x_wconf 82' lang='grc' dir='ltr'>Μαξιμιανοῦ</span> <span class='ocrx_word' id='word_1_453' title='bbox 1866 4197 1964 4248; x_wconf 76' lang='grc' dir='ltr'>τοῖ’)</span> 
     </span>
    </p>
   </div>
   <div class='ocr_carea' id='block_1_73' title="bbox 306 4276 1961 4357">
    <p class='ocr_par' dir='ltr' id='par_1_73' title="bbox 306 4276 1961 4357">
     <span class='ocr_line' id='line_1_73' title="bbox 306 4276 1961 4357; baseline 0 -22"><span class='ocrx_word' id='word_1_454' title='bbox 306 4276 589 4357; x_wconf 69' lang='grc' dir='ltr'>βασιλέως</span> <span class='ocrx_word' id='word_1_455' title='bbox 628 4323 642 4349; x_wconf 84' lang='lat'>,</span> <span class='ocrx_word' id='word_1_456' title='bbox 689 4278 749 4334; x_wconf 82' lang='grc' dir='ltr'>ἐκ</span> <span class='ocrx_word' id='word_1_457' title='bbox 806 4278 1022 4341; x_wconf 79' lang='grc' dir='ltr'>πόλεως</span> <span class='ocrx_word' id='word_1_458' title='bbox 1077 4284 1291 4355; x_wconf 82' lang='grc' dir='ltr'>Ταρσοῦ</span> <span class='ocrx_word' id='word_1_459' title='bbox 1345 4288 1447 4350; x_wconf 78' lang='grc' dir='ltr'>τῆς</span> <span class='ocrx_word' id='word_1_460' title='bbox 1507 4280 1780 4344; x_wconf 78' lang='grc' dir='ltr'>Κιλικίας’</span> <span class='ocrx_word' id='word_1_461' title='bbox 1840 4279 1961 4352; x_wconf 77' lang='grc' dir='ltr'>ἥτις</span> 
     </span>
    </p>
   </div>
   <div class='ocr_carea' id='block_1_74' title="bbox 302 4369 1960 4446">
    <p class='ocr_par' dir='ltr' id='par_1_74' title="bbox 302 4369 1960 4446">
     <span class='ocr_line' id='line_1_74' title="bbox 302 4369 1960 4446; baseline 0 -20"><span class='ocrx_word' id='word_1_462' title='bbox 302 4372 410 4426; x_wconf 73' lang='grc' dir='ltr'>ὐπὸ</span> <span class='ocrx_word' id='word_1_463' title='bbox 457 4374 561 4423; x_wconf 73' lang='grc' dir='ltr'>τοῦ</span> <span class='ocrx_word' id='word_1_464' title='bbox 623 4369 894 4444; x_wconf 77' lang='grc' dir='ltr'>ἡγεμόνες</span> <span class='ocrx_word' id='word_1_465' title='bbox 958 4376 1058 4439; x_wconf 77' lang='grc' dir='ltr'>τῆς</span> <span class='ocrx_word' id='word_1_466' title='bbox 1118 4369 1284 4438; x_wconf 79' lang='grc' dir='ltr'>αὐτῆς</span> <span class='ocrx_word' id='word_1_467' title='bbox 1341 4369 1556 4432; x_wconf 86' lang='grc' dir='ltr'>πόλεως</span> <span class='ocrx_word' id='word_1_468' title='bbox 1610 4377 1960 4446; x_wconf 79' lang='grc' dir='ltr'>κρατηθεῖσα,</span> 
     </span>
    </p>
   </div>
   <div class='ocr_carea' id='block_1_75' title="bbox 304 4456 1960 4533">
    <p class='ocr_par' dir='ltr' id='par_1_75' title="bbox 304 4456 1960 4533">
     <span class='ocr_line' id='line_1_75' title="bbox 304 4456 1960 4533; baseline 0 -20"><span class='ocrx_word' id='word_1_469' title='bbox 304 4461 391 4513; x_wconf 78' lang='grc' dir='ltr'>καὶ</span> <span class='ocrx_word' id='word_1_470' title='bbox 453 4456 649 4513; x_wconf 81' lang='grc' dir='ltr'>πολλά</span> <span class='ocrx_word' id='word_1_471' title='bbox 716 4459 1107 4532; x_wconf 81' lang='grc' dir='ltr'>ἆναγκασθείσα</span> <span class='ocrx_word' id='word_1_472' title='bbox 1166 4458 1497 4533; x_wconf 78' lang='grc' dir='ltr'>ἀρνήσασθαι</span> <span class='ocrx_word' id='word_1_473' title='bbox 1554 4460 1645 4514; x_wconf 84' lang='grc' dir='ltr'>τὸν</span> <span class='ocrx_word' id='word_1_474' title='bbox 1700 4462 1960 4533; x_wconf 77' lang='grc' dir='ltr'>Χριστὸν,</span> 
     </span>
    </p>
   </div>
   <div class='ocr_carea' id='block_1_76' title="bbox 303 4545 1960 4625">
    <p class='ocr_par' dir='ltr' id='par_1_76' title="bbox 303 4545 1960 4625">
     <span class='ocr_line' id='line_1_76' title="bbox 303 4545 1960 4625; baseline 0 -22"><span class='ocrx_word' id='word_1_475' title='bbox 303 4551 396 4603; x_wconf 81' lang='grc' dir='ltr'>καὶ</span> <span class='ocrx_word' id='word_1_476' title='bbox 418 4551 582 4603; x_wconf 70' lang='grc' dir='ltr'>θῦσαι</span> <span class='ocrx_word' id='word_1_477' title='bbox 613 4554 730 4609; x_wconf 77' lang='grc' dir='ltr'>τοῖς</span> <span class='ocrx_word' id='word_1_478' title='bbox 762 4545 1037 4615; x_wconf 82' lang='grc' dir='ltr'>εἰδώλοις,</span> <span class='ocrx_word' id='word_1_479' title='bbox 1069 4548 1158 4601; x_wconf 83' lang='grc' dir='ltr'>καὶ</span> <span class='ocrx_word' id='word_1_480' title='bbox 1206 4549 1281 4620; x_wconf 80' lang='grc' dir='ltr'>μὴ</span> <span class='ocrx_word' id='word_1_481' title='bbox 1341 4549 1640 4617; x_wconf 84' lang='grc' dir='ltr'>πεισθεῖσα,</span> <span class='ocrx_word' id='word_1_482' title='bbox 1698 4550 1960 4625; x_wconf 83' lang='grc' dir='ltr'>ξυρίζεται</span> 
     </span>
    </p>
   </div>
   <div class='ocr_carea' id='block_1_77' title="bbox 2069 3316 3729 3382">
    <p class='ocr_par' dir='ltr' id='par_1_77' title="bbox 2069 3316 3729 3382">
     <span class='ocr_line' id='line_1_77' title="bbox 2069 3316 3729 3382; baseline -0.001 -10"><span class='ocrx_word' id='word_1_483' title='bbox 2069 3318 2425 3382; x_wconf 81' lang='lat' dir='ltr'>confractus,</span> <span class='ocrx_word' id='word_1_484' title='bbox 2460 3323 2703 3372; x_wconf 87' lang='lat' dir='ltr'>sanatus</span> <span class='ocrx_word' id='word_1_485' title='bbox 2733 3334 2767 3371; x_wconf 93' lang='lat' dir='ltr'>a</span> <span class='ocrx_word' id='word_1_486' title='bbox 2797 3318 3017 3371; x_wconf 87' lang='lat' dir='ltr'>sanctis</span> <span class='ocrx_word' id='word_1_487' title='bbox 3050 3316 3260 3382; x_wconf 83' lang='lat' dir='ltr'>fuerat,</span> <span class='ocrx_word' id='word_1_488' title='bbox 3294 3333 3433 3370; x_wconf 86' lang='lat' dir='ltr'>voce</span> <span class='ocrx_word' id='word_1_489' title='bbox 3467 3318 3729 3371; x_wconf 86' lang='lat' dir='ltr'>humana</span> 
     </span>
    </p>
   </div>
   <div class='ocr_carea' id='block_1_78' title="bbox 2068 3404 3726 3475">
    <p class='ocr_par' dir='ltr' id='par_1_78' title="bbox 2068 3404 3726 3475">
     <span class='ocr_line' id='line_1_78' title="bbox 2068 3404 3726 3475; baseline -0.002 -14"><span class='ocrx_word' id='word_1_490' title='bbox 2068 3406 2271 3470; x_wconf 81' lang='lat' dir='ltr'>edixit,</span> <span class='ocrx_word' id='word_1_491' title='bbox 2306 3407 2575 3461; x_wconf 88' lang='lat' dir='ltr'>Damiani</span> <span class='ocrx_word' id='word_1_492' title='bbox 2606 3405 2890 3475; x_wconf 87' lang='lat' dir='ltr'>reliquias</span> <span class='ocrx_word' id='word_1_493' title='bbox 2926 3404 3158 3469; x_wconf 88' lang='lat' dir='ltr'>eodem,</span> <span class='ocrx_word' id='word_1_494' title='bbox 3192 3421 3307 3475; x_wconf 89' lang='lat' dir='ltr'>quo</span> <span class='ocrx_word' id='word_1_495' title='bbox 3337 3406 3599 3471; x_wconf 89' lang='lat' dir='ltr'>Cosmas,</span> <span class='ocrx_word' id='word_1_496' title='bbox 3634 3421 3726 3457; x_wconf 89' lang='lat' dir='ltr'>se-</span> 
     </span>
    </p>
   </div>
   <div class='ocr_carea' id='block_1_79' title="bbox 2066 3491 3724 3566">
    <p class='ocr_par' dir='ltr' id='par_1_79' title="bbox 2066 3491 3724 3566">
     <span class='ocr_line' id='line_1_79' title="bbox 2066 3491 3724 3566; baseline -0.001 -17"><span class='ocrx_word' id='word_1_497' title='bbox 2066 3494 2272 3566; x_wconf 90' lang='lat' dir='ltr'>pulcro</span> <span class='ocrx_word' id='word_1_498' title='bbox 2304 3495 2476 3549; x_wconf 90' lang='lat' dir='ltr'>condi</span> <span class='ocrx_word' id='word_1_499' title='bbox 2510 3493 2747 3558; x_wconf 88' lang='lat' dir='ltr'>debere,</span> <span class='ocrx_word' id='word_1_500' title='bbox 2780 3510 2914 3548; x_wconf 90' lang='lat' dir='ltr'>cum</span> <span class='ocrx_word' id='word_1_501' title='bbox 2958 3510 3076 3547; x_wconf 92' lang='lat' dir='ltr'>non</span> <span class='ocrx_word' id='word_1_502' title='bbox 3109 3491 3403 3547; x_wconf 83' lang='lat' dir='ltr'>mercedis</span> <span class='ocrx_word' id='word_1_503' title='bbox 3434 3492 3587 3560; x_wconf 92' lang='lat' dir='ltr'>loco,</span> <span class='ocrx_word' id='word_1_504' title='bbox 3621 3493 3724 3548; x_wconf 90' lang='lat' dir='ltr'>sed</span> 
     </span>
    </p>
   </div>
   <div class='ocr_carea' id='block_1_80' title="bbox 2060 3581 3721 3654">
    <p class='ocr_par' dir='ltr' id='par_1_80' title="bbox 2060 3581 3721 3654">
     <span class='ocr_line' id='line_1_80' title="bbox 2060 3581 3721 3654; baseline 0 -17"><span class='ocrx_word' id='word_1_505' title='bbox 2060 3582 2403 3654; x_wconf 90' lang='lat' dir='ltr'>juramento</span> <span class='ocrx_word' id='word_1_506' title='bbox 2433 3582 2676 3637; x_wconf 88' lang='lat' dir='ltr'>adactus</span> <span class='ocrx_word' id='word_1_507' title='bbox 2709 3598 2815 3637; x_wconf 85' lang='lat' dir='ltr'>ova</span> <span class='ocrx_word' id='word_1_508' title='bbox 2835 3582 3180 3653; x_wconf 88' lang='lat' dir='ltr'>accepisset.</span> <span class='ocrx_word' id='word_1_509' title='bbox 3213 3584 3404 3652; x_wconf 76' lang='lat' dir='ltr'>Atque</span> <span class='ocrx_word' id='word_1_510' title='bbox 3436 3581 3519 3636; x_wconf 90' lang='lat' dir='ltr'>ita</span> <span class='ocrx_word' id='word_1_511' title='bbox 3548 3581 3721 3637; x_wconf 88' lang='lat' dir='ltr'>ambo</span> 
     </span>
    </p>
   </div>
   <div class='ocr_carea' id='block_1_81' title="bbox 2068 3671 2711 3744">
    <p class='ocr_par' dir='ltr' id='par_1_81' title="bbox 2068 3671 2711 3744">
     <span class='ocr_line' id='line_1_81' title="bbox 2068 3671 2711 3744; baseline 0 -17"><span class='ocrx_word' id='word_1_512' title='bbox 2068 3672 2243 3727; x_wconf 82' lang='lat' dir='ltr'>simul</span> <span class='ocrx_word' id='word_1_513' title='bbox 2279 3672 2495 3744; x_wconf 85' lang='lat' dir='ltr'>sepulti</span> <span class='ocrx_word' id='word_1_514' title='bbox 2524 3671 2711 3727; x_wconf 88' lang='lat' dir='ltr'>fuere.</span> 
     </span>
    </p>
   </div>
   <div class='ocr_carea' id='block_1_82' title="bbox 2723 3884 3069 3943">
    <p class='ocr_par' dir='ltr' id='par_1_82' title="bbox 2723 3884 3069 3943">
     <span class='ocr_line' id='line_1_82' title="bbox 2723 3884 3069 3943; baseline 0.006 -2"><span class='ocrx_word' id='word_1_515' title='bbox 2723 3885 2943 3942; x_wconf 88' lang='lat' dir='ltr'>Eodem</span> <span class='ocrx_word' id='word_1_516' title='bbox 2973 3884 3069 3943; x_wconf 86' lang='lat' dir='ltr'>die</span> 
     </span>
    </p>
   </div>
   <div class='ocr_carea' id='block_1_83' title="bbox 2068 3994 3719 4068">
    <p class='ocr_par' dir='ltr' id='par_1_83' title="bbox 2068 3994 3719 4068">
     <span class='ocr_line' id='line_1_83' title="bbox 2068 3994 3719 4068; baseline 0.002 -18"><span class='ocrx_word' id='word_1_517' title='bbox 2068 3995 2221 4051; x_wconf 73' lang='lat' dir='ltr'><strong>I59</strong></span> <span class='ocrx_word' id='word_1_518' title='bbox 2289 3996 2579 4054; x_wconf 78' lang='lat' dir='ltr'>Certamen</span> <span class='ocrx_word' id='word_1_519' title='bbox 2648 4002 2962 4051; x_wconf 81' lang='lat' dir='ltr'>sanctorum</span> <span class='ocrx_word' id='word_1_520' title='bbox 3029 3994 3335 4068; x_wconf 82' lang='lat' dir='ltr'>_mulierum</span> <span class='ocrx_word' id='word_1_521' title='bbox 3416 4002 3719 4068; x_wconf 77' lang='lat' dir='ltr'>martyrum</span> 
     </span>
    </p>
   </div>
   <div class='ocr_carea' id='block_1_84' title="bbox 2567 4065 3211 4136">
    <p class='ocr_par' dir='ltr' id='par_1_84' title="bbox 2567 4065 3211 4136">
     <span class='ocr_line' id='line_1_84' title="bbox 2567 4065 3211 4136; baseline 0 -13"><span class='ocrx_word' id='word_1_522' title='bbox 2567 4067 2833 4136; x_wconf 68' lang='lat' dir='ltr'>Cyriaana:</span> <span class='ocrx_word' id='word_1_523' title='bbox 2862 4072 2913 4122; x_wconf 82' lang='lat' dir='ltr'>et</span> <span class='ocrx_word' id='word_1_524' title='bbox 2949 4065 3186 4122; x_wconf 70' lang='lat' dir='ltr'>Iuliana:</span> <span class='ocrx_word' id='word_1_525' title='bbox 3199 4109 3211 4123; x_wconf 91' lang='lat'>.</span> 
     </span>
    </p>
   </div>
   <div class='ocr_carea' id='block_1_85' title="bbox 2138 4191 3723 4262">
    <p class='ocr_par' dir='ltr' id='par_1_85' title="bbox 2138 4191 3723 4262">
     <span class='ocr_line' id='line_1_85' title="bbox 2138 4191 3723 4262; baseline -0.001 -17"><span class='ocrx_word' id='word_1_526' title='bbox 2138 4191 2406 4262; x_wconf 69' lang='lat' dir='ltr'>Cyriaana</span> <span class='ocrx_word' id='word_1_527' title='bbox 2463 4196 2704 4262; x_wconf 86' lang='lat' dir='ltr'>martyr,</span> <span class='ocrx_word' id='word_1_528' title='bbox 2774 4191 3127 4246; x_wconf 81' lang='lat' dir='ltr'>Maximiano</span> <span class='ocrx_word' id='word_1_529' title='bbox 3211 4191 3591 4260; x_wconf 85' lang='lat' dir='ltr'>imperatore,</span> <span class='ocrx_word' id='word_1_530' title='bbox 3653 4205 3723 4244; x_wconf 76' lang='lat' dir='ltr'>ex</span> 
     </span>
    </p>
   </div>
   <div class='ocr_carea' id='block_1_86' title="bbox 2066 4276 3723 4349">
    <p class='ocr_par' dir='ltr' id='par_1_86' title="bbox 2066 4276 3723 4349">
     <span class='ocr_line' id='line_1_86' title="bbox 2066 4276 3723 4349; baseline -0.004 -14"><span class='ocrx_word' id='word_1_531' title='bbox 2066 4282 2243 4335; x_wconf 89' lang='lat' dir='ltr'>Tarso</span> <span class='ocrx_word' id='word_1_532' title='bbox 2275 4281 2492 4335; x_wconf 75' lang='lat' dir='ltr'>Ciliciaa</span> <span class='ocrx_word' id='word_1_533' title='bbox 2524 4280 2668 4334; x_wconf 90' lang='lat' dir='ltr'>urbe</span> <span class='ocrx_word' id='word_1_534' title='bbox 2695 4280 2823 4334; x_wconf 87' lang='lat' dir='ltr'>fuit.</span> <span class='ocrx_word' id='word_1_535' title='bbox 2848 4282 2893 4333; x_wconf 89' lang='lat' dir='ltr'><strong>A</strong></span> <span class='ocrx_word' id='word_1_536' title='bbox 2917 4278 3192 4349; x_wconf 74' lang='lat' dir='ltr'>praafecto</span> <span class='ocrx_word' id='word_1_537' title='bbox 3224 4284 3422 4332; x_wconf 88' lang='lat' dir='ltr'>autem</span> <span class='ocrx_word' id='word_1_538' title='bbox 3454 4276 3723 4347; x_wconf 85' lang='lat' dir='ltr'>ejusdem</span> 
     </span>
    </p>
   </div>
   <div class='ocr_carea' id='block_1_87' title="bbox 2068 4365 3726 4439">
    <p class='ocr_par' dir='ltr' id='par_1_87' title="bbox 2068 4365 3726 4439">
     <span class='ocr_line' id='line_1_87' title="bbox 2068 4365 3726 4439; baseline -0.004 -16"><span class='ocrx_word' id='word_1_539' title='bbox 2068 4370 2232 4424; x_wconf 90' lang='lat' dir='ltr'>urbis</span> <span class='ocrx_word' id='word_1_540' title='bbox 2261 4369 2711 4439; x_wconf 90' lang='lat' dir='ltr'>comprehensa,</span> <span class='ocrx_word' id='word_1_541' title='bbox 2753 4384 2887 4422; x_wconf 90' lang='lat' dir='ltr'>cum</span> <span class='ocrx_word' id='word_1_542' title='bbox 2940 4366 3114 4421; x_wconf 84' lang='lat' dir='ltr'>variis</span> <span class='ocrx_word' id='word_1_543' title='bbox 3169 4365 3363 4420; x_wconf 90' lang='lat' dir='ltr'>modis</span> <span class='ocrx_word' id='word_1_544' title='bbox 3417 4369 3726 4435; x_wconf 83' lang='lat' dir='ltr'>cogeretur</span> 
     </span>
    </p>
   </div>
   <div class='ocr_carea' id='block_1_88' title="bbox 2067 4453 3725 4529">
    <p class='ocr_par' dir='ltr' id='par_1_88' title="bbox 2067 4453 3725 4529">
     <span class='ocr_line' id='line_1_88' title="bbox 2067 4453 3725 4529; baseline -0.003 -17"><span class='ocrx_word' id='word_1_545' title='bbox 2067 4459 2365 4514; x_wconf 87' lang='lat' dir='ltr'>Christum</span> <span class='ocrx_word' id='word_1_546' title='bbox 2396 4458 2709 4529; x_wconf 80' lang='lat' dir='ltr'>abnegare,</span> <span class='ocrx_word' id='word_1_547' title='bbox 2745 4461 2803 4509; x_wconf 93' lang='lat' dir='ltr'>et</span> <span class='ocrx_word' id='word_1_548' title='bbox 2848 4454 3023 4509; x_wconf 86' lang='lat' dir='ltr'>idolis</span> <span class='ocrx_word' id='word_1_549' title='bbox 3054 4453 3409 4520; x_wconf 83' lang='lat' dir='ltr'>sacrificare,</span> <span class='ocrx_word' id='word_1_550' title='bbox 3443 4458 3725 4508; x_wconf 86' lang='lat' dir='ltr'>constan-</span> 
     </span>
    </p>
   </div>
   <div class='ocr_carea' id='block_1_89' title="bbox 2070 4542 3724 4617">
    <p class='ocr_par' dir='ltr' id='par_1_89' title="bbox 2070 4542 3724 4617">
     <span class='ocr_line' id='line_1_89' title="bbox 2070 4542 3724 4617; baseline -0.003 -15"><span class='ocrx_word' id='word_1_551' title='bbox 2070 4548 2299 4603; x_wconf 91' lang='lat' dir='ltr'>tissima</span> <span class='ocrx_word' id='word_1_552' title='bbox 2328 4547 2391 4601; x_wconf 91' lang='lat' dir='ltr'>in</span> <span class='ocrx_word' id='word_1_553' title='bbox 2417 4544 2719 4617; x_wconf 91' lang='lat' dir='ltr'>proposito</span> <span class='ocrx_word' id='word_1_554' title='bbox 2747 4544 3096 4615; x_wconf 89' lang='lat' dir='ltr'>permansit.</span> <span class='ocrx_word' id='word_1_555' title='bbox 3124 4542 3519 4607; x_wconf 87' lang='lat' dir='ltr'>Quamobrem</span> <span class='ocrx_word' id='word_1_556' title='bbox 3556 4548 3724 4597; x_wconf 89' lang='lat' dir='ltr'>tonso</span> 
     </span>
    </p>
   </div>
   <div class='ocr_carea' id='block_1_90' title="bbox 305 4629 1962 4714">
    <p class='ocr_par' dir='ltr' id='par_1_90' title="bbox 305 4633 1962 4714">
     <span class='ocr_line' id='line_1_90' title="bbox 305 4633 1962 4714; baseline 0 -21"><span class='ocrx_word' id='word_1_557' title='bbox 305 4640 405 4707; x_wconf 67' lang='grc' dir='ltr'>τήν</span> <span class='ocrx_word' id='word_1_558' title='bbox 443 4639 694 4711; x_wconf 71' lang='grc' dir='ltr'>κεφαλὴν</span> <span class='ocrx_word' id='word_1_559' title='bbox 724 4637 813 4691; x_wconf 72' lang='grc' dir='ltr'>σὺν</span> <span class='ocrx_word' id='word_1_560' title='bbox 833 4641 951 4699; x_wconf 81' lang='grc' dir='ltr'>ταῖς</span> <span class='ocrx_word' id='word_1_561' title='bbox 976 4636 1189 4713; x_wconf 66' lang='grc' dir='ltr'>ὀφρύσι*</span> <span class='ocrx_word' id='word_1_562' title='bbox 1213 4636 1301 4691; x_wconf 87' lang='grc' dir='ltr'>καὶ</span> <span class='ocrx_word' id='word_1_563' title='bbox 1332 4635 1613 4691; x_wconf 70' lang='grc' dir='ltr'>πιττάκιοδ</span> <span class='ocrx_word' id='word_1_564' title='bbox 1643 4633 1850 4714; x_wconf 70' lang='grc' dir='ltr'>ὕϐρεων</span> <span class='ocrx_word' id='word_1_565' title='bbox 1877 4641 1962 4713; x_wconf 64' lang='grc' dir='ltr'>γὲς</span> 
     </span>
    </p>
   </div>
   <div class='ocr_carea' id='block_1_91' title="bbox 2075 4629 3726 4714">
    <p class='ocr_par' dir='ltr' id='par_1_91' title="bbox 2075 4632 3726 4708">
     <span class='ocr_line' id='line_1_91' title="bbox 2075 4632 3726 4708; baseline -0.004 -15"><span class='ocrx_word' id='word_1_566' title='bbox 2075 4638 2262 4708; x_wconf 88' lang='lat' dir='ltr'>capite</span> <span class='ocrx_word' id='word_1_567' title='bbox 2286 4641 2345 4689; x_wconf 92' lang='lat' dir='ltr'>et</span> <span class='ocrx_word' id='word_1_568' title='bbox 2364 4633 2717 4705; x_wconf 90' lang='lat' dir='ltr'>superciliis,</span> <span class='ocrx_word' id='word_1_569' title='bbox 2746 4633 3058 4703; x_wconf 86' lang='lat' dir='ltr'>fronteque</span> <span class='ocrx_word' id='word_1_570' title='bbox 3082 4632 3323 4705; x_wconf 89' lang='lat' dir='ltr'>pittacio</span> <span class='ocrx_word' id='word_1_571' title='bbox 3346 4632 3726 4688; x_wconf 88' lang='lat' dir='ltr'>contumeliis</span> 
     </span>
    </p>
   </div>
   <div class='ocr_carea' id='block_1_92' title="bbox 310 4723 1957 4801">
    <p class='ocr_par' dir='ltr' id='par_1_92' title="bbox 310 4723 1957 4801">
     <span class='ocr_line' id='line_1_92' title="bbox 310 4723 1957 4801; baseline 0.001 -19"><span class='ocrx_word' id='word_1_572' title='bbox 310 4750 413 4800; x_wconf 78' lang='grc' dir='ltr'>μον</span> <span class='ocrx_word' id='word_1_573' title='bbox 448 4727 780 4801; x_wconf 73' lang='grc' dir='ltr'>περιτίθεται</span> <span class='ocrx_word' id='word_1_574' title='bbox 812 4726 863 4780; x_wconf 82' lang='grc' dir='ltr'>ὲν</span> <span class='ocrx_word' id='word_1_575' title='bbox 885 4730 965 4798; x_wconf 79' lang='grc' dir='ltr'>τῷ</span> <span class='ocrx_word' id='word_1_576' title='bbox 999 4727 1256 4799; x_wconf 85' lang='grc' dir='ltr'>μετώπῳ·</span> <span class='ocrx_word' id='word_1_577' title='bbox 1288 4723 1397 4799; x_wconf 82' lang='grc' dir='ltr'>ὅνῳ</span> <span class='ocrx_word' id='word_1_578' title='bbox 1419 4747 1477 4782; x_wconf 89' lang='grc' dir='ltr'>τε</span> <span class='ocrx_word' id='word_1_579' title='bbox 1507 4723 1957 4798; x_wconf 75' lang='grc' dir='ltr'>ἐπιϐαϐασθεῖσα,</span> 
     </span>
    </p>
   </div>
   <div class='ocr_carea' id='block_1_93' title="bbox 310 4813 1959 4890">
    <p class='ocr_par' dir='ltr' id='par_1_93' title="bbox 310 4813 1959 4890">
     <span class='ocr_line' id='line_1_93' title="bbox 310 4813 1959 4890; baseline 0.002 -22"><span class='ocrx_word' id='word_1_580' title='bbox 310 4820 451 4889; x_wconf 73' lang='grc' dir='ltr'>μετᾶ</span> <span class='ocrx_word' id='word_1_581' title='bbox 508 4815 816 4890; x_wconf 79' lang='grc' dir='ltr'>ναρθηκίων</span> <span class='ocrx_word' id='word_1_582' title='bbox 902 4814 1005 4869; x_wconf 76' lang='grc' dir='ltr'>ὑπὸ</span> <span class='ocrx_word' id='word_1_583' title='bbox 1064 4813 1361 4889; x_wconf 78' lang='grc' dir='ltr'>σχολητῶν</span> <span class='ocrx_word' id='word_1_584' title='bbox 1418 4814 1627 4870; x_wconf 80' lang='grc' dir='ltr'>παίδων</span> <span class='ocrx_word' id='word_1_585' title='bbox 1683 4817 1959 4872; x_wconf 72' lang='grc' dir='ltr'>ἒτῦπνετο·</span> 
     </span>
    </p>
   </div>
   <div class='ocr_carea' id='block_1_94' title="bbox 307 4903 1963 4981">
    <p class='ocr_par' dir='ltr' id='par_1_94' title="bbox 307 4903 1963 4981">
     <span class='ocr_line' id='line_1_94' title="bbox 307 4903 1963 4981; baseline 0.001 -21"><span class='ocrx_word' id='word_1_586' title='bbox 307 4908 398 4960; x_wconf 75' lang='grc' dir='ltr'>καὶ</span> <span class='ocrx_word' id='word_1_587' title='bbox 437 4905 545 4960; x_wconf 74' lang='grc' dir='ltr'>ὑπὸ</span> <span class='ocrx_word' id='word_1_588' title='bbox 583 4905 792 4976; x_wconf 78' lang='grc' dir='ltr'>μίμων,</span> <span class='ocrx_word' id='word_1_589' title='bbox 839 4903 929 4958; x_wconf 78' lang='grc' dir='ltr'>καὶ</span> <span class='ocrx_word' id='word_1_590' title='bbox 987 4903 1228 4959; x_wconf 76' lang='grc' dir='ltr'>ἀτάκτων</span> <span class='ocrx_word' id='word_1_591' title='bbox 1289 4909 1630 4978; x_wconf 83' lang='grc' dir='ltr'>στρατιωτῶν</span> <span class='ocrx_word' id='word_1_592' title='bbox 1661 4907 1761 4974; x_wconf 77' lang='grc' dir='ltr'>τὴν</span> <span class='ocrx_word' id='word_1_593' title='bbox 1819 4904 1963 4981; x_wconf 70' lang='grc' dir='ltr'>Τάρσ</span> 
     </span>
    </p>
   </div>
   <div class='ocr_carea' id='block_1_95' title="bbox 312 4991 1966 5068">
    <p class='ocr_par' dir='ltr' id='par_1_95' title="bbox 312 4991 1966 5068">
     <span class='ocr_line' id='line_1_95' title="bbox 312 4991 1966 5068; baseline 0 -19"><span class='ocrx_word' id='word_1_594' title='bbox 312 4996 401 5049; x_wconf 71' lang='grc' dir='ltr'>σὸν</span> <span class='ocrx_word' id='word_1_595' title='bbox 436 4992 606 5047; x_wconf 83' lang='grc' dir='ltr'>πόλιν</span> <span class='ocrx_word' id='word_1_596' title='bbox 632 4993 807 5067; x_wconf 78' lang='grc' dir='ltr'>γυμνή</span> <span class='ocrx_word' id='word_1_597' title='bbox 838 4994 1148 5068; x_wconf 73' lang='grc' dir='ltr'>περιήγετο.</span> <span class='ocrx_word' id='word_1_598' title='bbox 1183 4991 1464 5067; x_wconf 79' lang='grc' dir='ltr'>Εὐξαμὲνη</span> <span class='ocrx_word' id='word_1_599' title='bbox 1516 4991 1574 5048; x_wconf 71' lang='grc' dir='ltr'>δὲ</span> <span class='ocrx_word' id='word_1_600' title='bbox 1633 4997 1708 5066; x_wconf 76' lang='grc' dir='ltr'>μή</span> <span class='ocrx_word' id='word_1_601' title='bbox 1745 4997 1966 5065; x_wconf 79' lang='grc' dir='ltr'>ὁρᾶσθαι</span> 
     </span>
    </p>
   </div>
   <div class='ocr_carea' id='block_1_96' title="bbox 308 5080 1966 5161">
    <p class='ocr_par' dir='ltr' id='par_1_96' title="bbox 308 5080 1966 5161">
     <span class='ocr_line' id='line_1_96' title="bbox 308 5080 1966 5161; baseline 0 -22"><span class='ocrx_word' id='word_1_602' title='bbox 308 5085 523 5161; x_wconf 74' lang='grc' dir='ltr'>γυμνὴ,</span> <span class='ocrx_word' id='word_1_603' title='bbox 559 5083 663 5137; x_wconf 77' lang='grc' dir='ltr'>ὑπὸ</span> <span class='ocrx_word' id='word_1_604' title='bbox 694 5082 837 5146; x_wconf 86' lang='grc' dir='ltr'>θείας</span> <span class='ocrx_word' id='word_1_605' title='bbox 894 5084 1120 5157; x_wconf 77' lang='grc' dir='ltr'>χάριτος</span> <span class='ocrx_word' id='word_1_606' title='bbox 1170 5080 1493 5154; x_wconf 76' lang='grc' dir='ltr'>ἐσκεπάσθη.</span> <span class='ocrx_word' id='word_1_607' title='bbox 1546 5083 1651 5139; x_wconf 85' lang='grc' dir='ltr'>Καὶ</span> <span class='ocrx_word' id='word_1_608' title='bbox 1681 5084 1781 5139; x_wconf 83' lang='grc' dir='ltr'>οὐκ</span> <span class='ocrx_word' id='word_1_609' title='bbox 1808 5080 1966 5140; x_wconf 72' lang='grc' dir='ltr'>ἐϐλέ-</span> 
     </span>
    </p>
   </div>
   <div class='ocr_carea' id='block_1_97' title="bbox 310 5171 1966 5248">
    <p class='ocr_par' dir='ltr' id='par_1_97' title="bbox 310 5171 1966 5248">
     <span class='ocr_line' id='line_1_97' title="bbox 310 5171 1966 5248; baseline -0.001 -17"><span class='ocrx_word' id='word_1_610' title='bbox 310 5197 447 5231; x_wconf 82' lang='grc' dir='ltr'>πετο</span> <span class='ocrx_word' id='word_1_611' title='bbox 478 5179 600 5235; x_wconf 79' lang='grc' dir='ltr'>τοῖς</span> <span class='ocrx_word' id='word_1_612' title='bbox 631 5171 1084 5248; x_wconf 75' lang='grc' dir='ltr'>εἰδωλολάτραις.</span> <span class='ocrx_word' id='word_1_613' title='bbox 1136 5175 1289 5231; x_wconf 84' lang='grc' dir='ltr'>Μετά</span> <span class='ocrx_word' id='word_1_614' title='bbox 1337 5172 1394 5229; x_wconf 65' lang='grc' dir='ltr'>δὲ</span> <span class='ocrx_word' id='word_1_615' title='bbox 1447 5174 1510 5228; x_wconf 83' lang='grc' dir='ltr'>τὸ</span> <span class='ocrx_word' id='word_1_616' title='bbox 1568 5173 1743 5239; x_wconf 68' lang='grc' dir='ltr'>οὕτως</span> <span class='ocrx_word' id='word_1_617' title='bbox 1790 5197 1966 5248; x_wconf 81' lang='grc' dir='ltr'>τιμω·</span> 
     </span>
    </p>
   </div>
   <div class='ocr_carea' id='block_1_98' title="bbox 314 5262 1968 5339">
    <p class='ocr_par' dir='ltr' id='par_1_98' title="bbox 314 5262 1968 5339">
     <span class='ocr_line' id='line_1_98' title="bbox 314 5262 1968 5339; baseline 0.001 -18"><span class='ocrx_word' id='word_1_618' title='bbox 314 5273 557 5339; x_wconf 75' lang='grc' dir='ltr'>ρηθῆναι</span> <span class='ocrx_word' id='word_1_619' title='bbox 589 5264 818 5338; x_wconf 82' lang='grc' dir='ltr'>ἀχθεῖσα</span> <span class='ocrx_word' id='word_1_620' title='bbox 845 5263 898 5319; x_wconf 82' lang='grc' dir='ltr'>ἐν</span> <span class='ocrx_word' id='word_1_621' title='bbox 953 5262 1111 5320; x_wconf 88' lang='grc' dir='ltr'>πόλει</span> <span class='ocrx_word' id='word_1_622' title='bbox 1173 5262 1488 5337; x_wconf 80' lang='grc' dir='ltr'>Ῥαιδεστῷ,</span> <span class='ocrx_word' id='word_1_623' title='bbox 1525 5266 1657 5337; x_wconf 82' lang='grc' dir='ltr'>μετᾶ</span> <span class='ocrx_word' id='word_1_624' title='bbox 1707 5265 1796 5321; x_wconf 84' lang='grc' dir='ltr'>καὶ</span> <span class='ocrx_word' id='word_1_625' title='bbox 1852 5266 1968 5322; x_wconf 82' lang='grc' dir='ltr'>ὲτὲ-</span> 
     </span>
    </p>
   </div>
   <div class='ocr_carea' id='block_1_99' title="bbox 312 5352 1969 5430">
    <p class='ocr_par' dir='ltr' id='par_1_99' title="bbox 312 5352 1969 5430">
     <span class='ocr_line' id='line_1_99' title="bbox 312 5352 1969 5430; baseline -0.002 -21"><span class='ocrx_word' id='word_1_626' title='bbox 312 5377 411 5430; x_wconf 82' lang='grc' dir='ltr'>ρας</span> <span class='ocrx_word' id='word_1_627' title='bbox 471 5353 735 5428; x_wconf 77' lang='grc' dir='ltr'>γυναικὸς</span> <span class='ocrx_word' id='word_1_628' title='bbox 812 5352 1189 5426; x_wconf 71' lang='grc' dir='ltr'>Χριπιανῆς,</span> <span class='ocrx_word' id='word_1_629' title='bbox 1244 5352 1548 5423; x_wconf 78' lang='grc' dir='ltr'>Ἰουλιανῆς</span> <span class='ocrx_word' id='word_1_630' title='bbox 1600 5353 1969 5428; x_wconf 71' lang='grc' dir='ltr'>καλουμένης,</span> 
     </span>
    </p>
   </div>
   <div class='ocr_carea' id='block_1_100' title="bbox 314 5442 1969 5520">
    <p class='ocr_par' dir='ltr' id='par_1_100' title="bbox 314 5442 1969 5520">
     <span class='ocr_line' id='line_1_100' title="bbox 314 5442 1969 5520; baseline 0.002 -23"><span class='ocrx_word' id='word_1_631' title='bbox 314 5445 403 5499; x_wconf 76' lang='grc' dir='ltr'>καὶ</span> <span class='ocrx_word' id='word_1_632' title='bbox 438 5442 498 5497; x_wconf 82' lang='grc' dir='ltr'>ἐκ</span> <span class='ocrx_word' id='word_1_633' title='bbox 545 5449 646 5511; x_wconf 76' lang='grc' dir='ltr'>τῆς</span> <span class='ocrx_word' id='word_1_634' title='bbox 704 5442 871 5507; x_wconf 77' lang='grc' dir='ltr'>αὐτῆς</span> <span class='ocrx_word' id='word_1_635' title='bbox 925 5442 1142 5504; x_wconf 84' lang='grc' dir='ltr'>πόλεως</span> <span class='ocrx_word' id='word_1_636' title='bbox 1200 5442 1580 5518; x_wconf 76' lang='grc' dir='ltr'>ὑπαρχούσης,</span> <span class='ocrx_word' id='word_1_637' title='bbox 1642 5445 1773 5520; x_wconf 80' lang='grc' dir='ltr'>πυρὶ</span> <span class='ocrx_word' id='word_1_638' title='bbox 1831 5465 1969 5520; x_wconf 79' lang='grc' dir='ltr'>παρ-</span> 
     </span>
    </p>
   </div>
   <div class='ocr_carea' id='block_1_101' title="bbox 314 5530 1970 5607">
    <p class='ocr_par' dir='ltr' id='par_1_101' title="bbox 314 5530 1970 5607">
     <span class='ocr_line' id='line_1_101' title="bbox 314 5530 1970 5607; baseline -0.001 -19"><span class='ocrx_word' id='word_1_639' title='bbox 314 5531 500 5603; x_wconf 77' lang='grc' dir='ltr'>εδόθη.</span> <span class='ocrx_word' id='word_1_640' title='bbox 540 5531 640 5586; x_wconf 78' lang='grc' dir='ltr'>Καὶ</span> <span class='ocrx_word' id='word_1_641' title='bbox 664 5530 967 5607; x_wconf 67' lang='grc' dir='ltr'>ἀμφότεραι</span> <span class='ocrx_word' id='word_1_642' title='bbox 1022 5531 1074 5585; x_wconf 68' lang='grc' dir='ltr'>ἐν</span> <span class='ocrx_word' id='word_1_643' title='bbox 1129 5535 1199 5604; x_wconf 78' lang='grc' dir='ltr'>τῇ</span> <span class='ocrx_word' id='word_1_644' title='bbox 1256 5531 1473 5605; x_wconf 84' lang='grc' dir='ltr'>καμίνῳ</span> <span class='ocrx_word' id='word_1_645' title='bbox 1526 5532 1846 5602; x_wconf 83' lang='grc' dir='ltr'>ὸοξάζουσαι</span> <span class='ocrx_word' id='word_1_646' title='bbox 1877 5534 1970 5588; x_wconf 87' lang='grc' dir='ltr'>τὸο</span> 
     </span>
    </p>
   </div>
   <div class='ocr_carea' id='block_1_102' title="bbox 313 5619 1969 5698">
    <p class='ocr_par' dir='ltr' id='par_1_102' title="bbox 313 5619 1969 5698">
     <span class='ocr_line' id='line_1_102' title="bbox 313 5619 1969 5698; baseline -0.001 -18"><span class='ocrx_word' id='word_1_647' title='bbox 313 5626 468 5693; x_wconf 77' lang='grc' dir='ltr'>Θεὸν,</span> <span class='ocrx_word' id='word_1_648' title='bbox 499 5621 595 5677; x_wconf 78' lang='grc' dir='ltr'>καὶ</span> <span class='ocrx_word' id='word_1_649' title='bbox 626 5620 1046 5697; x_wconf 78' lang='grc' dir='ltr'>εὖχαριστοῢσαι</span> <span class='ocrx_word' id='word_1_650' title='bbox 1092 5619 1262 5694; x_wconf 79' lang='grc' dir='ltr'>αὐτῷ,</span> <span class='ocrx_word' id='word_1_651' title='bbox 1319 5621 1415 5684; x_wconf 80' lang='grc' dir='ltr'>τὰς</span> <span class='ocrx_word' id='word_1_652' title='bbox 1475 5620 1744 5698; x_wconf 83' lang='grc' dir='ltr'>μακαρίας</span> <span class='ocrx_word' id='word_1_653' title='bbox 1794 5621 1969 5679; x_wconf 79' lang='grc' dir='ltr'>αὐτῶν</span> 
     </span>
    </p>
   </div>
   <div class='ocr_carea' id='block_1_103' title="bbox 316 5710 770 5790">
    <p class='ocr_par' dir='ltr' id='par_1_103' title="bbox 316 5710 770 5790">
     <span class='ocr_line' id='line_1_103' title="bbox 316 5710 770 5790; baseline 0.009 -21"><span class='ocrx_word' id='word_1_654' title='bbox 316 5716 535 5790; x_wconf 67' lang='grc' dir='ltr'>ἀφῆκαν</span> <span class='ocrx_word' id='word_1_655' title='bbox 567 5710 770 5788; x_wconf 80' lang='grc' dir='ltr'>ψυχάς.</span> 
     </span>
    </p>
   </div>
   <div class='ocr_carea' id='block_1_104' title="bbox 605 5830 1309 5892">
    <p class='ocr_par' dir='ltr' id='par_1_104' title="bbox 605 5830 1309 5892">
     <span class='ocr_line' id='line_1_104' title="bbox 605 5830 1309 5892; baseline -0.004 -1"><span class='ocrx_word' id='word_1_656' title='bbox 605 5830 869 5892; x_wconf 63' lang='lat' dir='ltr'>Parnm.</span> <span class='ocrx_word' id='word_1_657' title='bbox 919 5832 1025 5890; x_wconf 81' lang='lat' dir='ltr'>Gn.</span> <span class='ocrx_word' id='word_1_658' title='bbox 1079 5830 1309 5891; x_wconf 72' lang='lat' dir='ltr'>C‘WII.</span> 
     </span>
    </p>
   </div>
   <div class='ocr_carea' id='block_1_105' title="bbox 2073 4722 3728 4799">
    <p class='ocr_par' dir='ltr' id='par_1_105' title="bbox 2073 4722 3728 4799">
     <span class='ocr_line' id='line_1_105' title="bbox 2073 4722 3728 4799; baseline -0.002 -18"><span class='ocrx_word' id='word_1_659' title='bbox 2073 4727 2251 4799; x_wconf 89' lang='lat' dir='ltr'>pleno</span> <span class='ocrx_word' id='word_1_660' title='bbox 2282 4724 2558 4789; x_wconf 90' lang='lat' dir='ltr'>obducta,</span> <span class='ocrx_word' id='word_1_661' title='bbox 2593 4722 2760 4777; x_wconf 88' lang='lat' dir='ltr'>asino</span> <span class='ocrx_word' id='word_1_662' title='bbox 2820 4722 3115 4793; x_wconf 89' lang='lat' dir='ltr'>imposita,</span> <span class='ocrx_word' id='word_1_663' title='bbox 3175 4722 3247 4777; x_wconf 89' lang='lat' dir='ltr'>ab</span> <span class='ocrx_word' id='word_1_664' title='bbox 3291 4723 3498 4777; x_wconf 90' lang='lat' dir='ltr'>otiosis</span> <span class='ocrx_word' id='word_1_665' title='bbox 3524 4722 3728 4794; x_wconf 87' lang='lat' dir='ltr'>pueris</span> 
     </span>
    </p>
   </div>
   <div class='ocr_carea' id='block_1_106' title="bbox 2075 4811 3727 4883">
    <p class='ocr_par' dir='ltr' id='par_1_106' title="bbox 2075 4811 3727 4883">
     <span class='ocr_line' id='line_1_106' title="bbox 2075 4811 3727 4883; baseline -0.004 -12"><span class='ocrx_word' id='word_1_666' title='bbox 2075 4815 2412 4871; x_wconf 61' lang='lat' dir='ltr'>credebatur</span> <span class='ocrx_word' id='word_1_667' title='bbox 2440 4813 2667 4878; x_wconf 84' lang='lat' dir='ltr'>ferulis,</span> <span class='ocrx_word' id='word_1_668' title='bbox 2697 4818 2874 4883; x_wconf 89' lang='lat' dir='ltr'>atque</span> <span class='ocrx_word' id='word_1_669' title='bbox 2919 4829 2952 4867; x_wconf 92' lang='lat' dir='ltr'>a</span> <span class='ocrx_word' id='word_1_670' title='bbox 3000 4812 3198 4867; x_wconf 89' lang='lat' dir='ltr'>mimis</span> <span class='ocrx_word' id='word_1_671' title='bbox 3236 4818 3293 4866; x_wconf 92' lang='lat' dir='ltr'>et</span> <span class='ocrx_word' id='word_1_672' title='bbox 3325 4811 3727 4883; x_wconf 88' lang='lat' dir='ltr'>petulantibus</span> 
     </span>
    </p>
   </div>
   <div class='ocr_carea' id='block_1_107' title="bbox 2076 4900 3727 4973">
    <p class='ocr_par' dir='ltr' id='par_1_107' title="bbox 2076 4900 3727 4973">
     <span class='ocr_line' id='line_1_107' title="bbox 2076 4900 3727 4973; baseline -0.002 -14"><span class='ocrx_word' id='word_1_673' title='bbox 2076 4903 2365 4960; x_wconf 89' lang='lat' dir='ltr'>militibus</span> <span class='ocrx_word' id='word_1_674' title='bbox 2382 4902 2541 4957; x_wconf 88' lang='lat' dir='ltr'>nuda</span> <span class='ocrx_word' id='word_1_675' title='bbox 2553 4918 2657 4973; x_wconf 89' lang='lat' dir='ltr'>per</span> <span class='ocrx_word' id='word_1_676' title='bbox 2668 4902 2877 4957; x_wconf 90' lang='lat' dir='ltr'>urbem</span> <span class='ocrx_word' id='word_1_677' title='bbox 2892 4904 3135 4956; x_wconf 89' lang='lat' dir='ltr'>Tarsum</span> <span class='ocrx_word' id='word_1_678' title='bbox 3150 4900 3727 4957; x_wconf 89' lang='lat' dir='ltr'>circumducebatur.</span> 
     </span>
    </p>
   </div>
   <div class='ocr_carea' id='block_1_108' title="bbox 2075 4989 3728 5061">
    <p class='ocr_par' dir='ltr' id='par_1_108' title="bbox 2075 4989 3728 5061">
     <span class='ocr_line' id='line_1_108' title="bbox 2075 4989 3728 5061; baseline -0.004 -13"><span class='ocrx_word' id='word_1_679' title='bbox 2075 4996 2212 5060; x_wconf 80' lang='lat' dir='ltr'>Quae</span> <span class='ocrx_word' id='word_1_680' title='bbox 2244 5009 2379 5047; x_wconf 90' lang='lat' dir='ltr'>cum</span> <span class='ocrx_word' id='word_1_681' title='bbox 2428 4996 2675 5058; x_wconf 90' lang='lat' dir='ltr'>orasset,</span> <span class='ocrx_word' id='word_1_682' title='bbox 2710 5008 2783 5045; x_wconf 90' lang='lat' dir='ltr'>ne</span> <span class='ocrx_word' id='word_1_683' title='bbox 2833 4991 2993 5045; x_wconf 88' lang='lat' dir='ltr'>nuda</span> <span class='ocrx_word' id='word_1_684' title='bbox 3038 4991 3500 5061; x_wconf 90' lang='lat' dir='ltr'>conspiceretur,</span> <span class='ocrx_word' id='word_1_685' title='bbox 3531 4989 3728 5043; x_wconf 86' lang='lat' dir='ltr'>divino</span> 
     </span>
    </p>
   </div>
   <div class='ocr_carea' id='block_1_109' title="bbox 2077 5078 3733 5147">
    <p class='ocr_par' dir='ltr' id='par_1_109' title="bbox 2077 5078 3733 5147">
     <span class='ocr_line' id='line_1_109' title="bbox 2077 5078 3733 5147; baseline -0.004 -9"><span class='ocrx_word' id='word_1_686' title='bbox 2077 5082 2366 5138; x_wconf 80' lang='lat' dir='ltr'>beneﬁcio</span> <span class='ocrx_word' id='word_1_687' title='bbox 2381 5080 3094 5147; x_wconf 88' lang='lat' dir='ltr'>obtecta,idololatrarum</span> <span class='ocrx_word' id='word_1_688' title='bbox 3109 5079 3311 5134; x_wconf 89' lang='lat' dir='ltr'>oculos</span> <span class='ocrx_word' id='word_1_689' title='bbox 3325 5078 3733 5134; x_wconf 85' lang='lat' dir='ltr'>fallebat.Post</span> 
     </span>
    </p>
   </div>
   <div class='ocr_carea' id='block_1_110' title="bbox 2078 5167 3733 5226">
    <p class='ocr_par' dir='ltr' id='par_1_110' title="bbox 2078 5167 3733 5226">
     <span class='ocr_line' id='line_1_110' title="bbox 2078 5167 3733 5226; baseline -0.003 0"><span class='ocrx_word' id='word_1_690' title='bbox 2078 5173 2186 5226; x_wconf 90' lang='lat' dir='ltr'>hos</span> <span class='ocrx_word' id='word_1_691' title='bbox 2217 5171 2512 5226; x_wconf 88' lang='lat' dir='ltr'>cruciatus</span> <span class='ocrx_word' id='word_1_692' title='bbox 2554 5171 2616 5224; x_wconf 93' lang='lat' dir='ltr'>in</span> <span class='ocrx_word' id='word_1_693' title='bbox 2664 5170 2873 5225; x_wconf 90' lang='lat' dir='ltr'>urbem</span> <span class='ocrx_word' id='word_1_694' title='bbox 2924 5168 3301 5223; x_wconf 73' lang='lat' dir='ltr'>madestum</span> <span class='ocrx_word' id='word_1_695' title='bbox 3330 5167 3583 5223; x_wconf 90' lang='lat' dir='ltr'>adducta</span> <span class='ocrx_word' id='word_1_696' title='bbox 3612 5182 3733 5221; x_wconf 83' lang='lat' dir='ltr'>una</span> 
     </span>
    </p>
   </div>
   <div class='ocr_carea' id='block_1_111' title="bbox 2079 5254 3728 5324">
    <p class='ocr_par' dir='ltr' id='par_1_111' title="bbox 2079 5254 3728 5324">
     <span class='ocr_line' id='line_1_111' title="bbox 2079 5254 3728 5324; baseline -0.004 -9"><span class='ocrx_word' id='word_1_697' title='bbox 2079 5277 2213 5316; x_wconf 90' lang='lat' dir='ltr'>cum</span> <span class='ocrx_word' id='word_1_698' title='bbox 2266 5260 2454 5314; x_wconf 90' lang='lat' dir='ltr'>altera</span> <span class='ocrx_word' id='word_1_699' title='bbox 2494 5258 2832 5312; x_wconf 83' lang='lat' dir='ltr'>Christiana</span> <span class='ocrx_word' id='word_1_700' title='bbox 2881 5257 3152 5322; x_wconf 87' lang='lat' dir='ltr'>muliere,</span> <span class='ocrx_word' id='word_1_701' title='bbox 3200 5256 3436 5311; x_wconf 85' lang='lat' dir='ltr'>Juliana</span> <span class='ocrx_word' id='word_1_702' title='bbox 3466 5254 3728 5324; x_wconf 89' lang='lat' dir='ltr'>nomine,</span> 
     </span>
    </p>
   </div>
   <div class='ocr_carea' id='block_1_112' title="bbox 2081 5344 3730 5421">
    <p class='ocr_par' dir='ltr' id='par_1_112' title="bbox 2081 5344 3730 5421">
     <span class='ocr_line' id='line_1_112' title="bbox 2081 5344 3730 5421; baseline -0.004 -17"><span class='ocrx_word' id='word_1_703' title='bbox 2081 5366 2211 5421; x_wconf 71' lang='lat' dir='ltr'>quas</span> <span class='ocrx_word' id='word_1_704' title='bbox 2264 5364 2335 5403; x_wconf 85' lang='lat' dir='ltr'>ex</span> <span class='ocrx_word' id='word_1_705' title='bbox 2391 5347 2598 5402; x_wconf 90' lang='lat' dir='ltr'>eadem</span> <span class='ocrx_word' id='word_1_706' title='bbox 2643 5348 2787 5400; x_wconf 92' lang='lat' dir='ltr'>urbe</span> <span class='ocrx_word' id='word_1_707' title='bbox 2838 5352 2982 5411; x_wconf 89' lang='lat' dir='ltr'>erat,</span> <span class='ocrx_word' id='word_1_708' title='bbox 3036 5347 3215 5416; x_wconf 91' lang='lat' dir='ltr'>inque</span> <span class='ocrx_word' id='word_1_709' title='bbox 3265 5346 3463 5417; x_wconf 83' lang='lat' dir='ltr'>ignem</span> <span class='ocrx_word' id='word_1_710' title='bbox 3492 5344 3730 5415; x_wconf 86' lang='lat' dir='ltr'>injecta,</span> 
     </span>
    </p>
   </div>
   <div class='ocr_carea' id='block_1_113' title="bbox 2081 5434 3734 5506">
    <p class='ocr_par' dir='ltr' id='par_1_113' title="bbox 2081 5434 3734 5506">
     <span class='ocr_line' id='line_1_113' title="bbox 2081 5434 3734 5506; baseline -0.004 -12"><span class='ocrx_word' id='word_1_711' title='bbox 2081 5438 2270 5495; x_wconf 68' lang='lat' dir='ltr'>ambas</span> <span class='ocrx_word' id='word_1_712' title='bbox 2301 5438 2363 5493; x_wconf 90' lang='lat' dir='ltr'>in</span> <span class='ocrx_word' id='word_1_713' title='bbox 2389 5437 2622 5493; x_wconf 89' lang='lat' dir='ltr'>camino</span> <span class='ocrx_word' id='word_1_714' title='bbox 2650 5437 2835 5490; x_wconf 90' lang='lat' dir='ltr'>Deum</span> <span class='ocrx_word' id='word_1_715' title='bbox 2856 5434 3278 5506; x_wconf 81' lang='lat' dir='ltr'>gloriﬁcantes,</span> <span class='ocrx_word' id='word_1_716' title='bbox 3313 5434 3486 5504; x_wconf 89' lang='lat' dir='ltr'>eique</span> <span class='ocrx_word' id='word_1_717' title='bbox 3517 5434 3734 5506; x_wconf 89' lang='lat' dir='ltr'>gratias</span> 
     </span>
    </p>
   </div>
   <div class='ocr_carea' id='block_1_114' title="bbox 2081 5524 3198 5602">
    <p class='ocr_par' dir='ltr' id='par_1_114' title="bbox 2081 5524 3198 5602">
     <span class='ocr_line' id='line_1_114' title="bbox 2081 5524 3198 5602; baseline -0.005 -17"><span class='ocrx_word' id='word_1_718' title='bbox 2081 5534 2341 5602; x_wconf 87' lang='lat' dir='ltr'>agentes,</span> <span class='ocrx_word' id='word_1_719' title='bbox 2374 5527 2577 5582; x_wconf 89' lang='lat' dir='ltr'>beatas</span> <span class='ocrx_word' id='word_1_720' title='bbox 2605 5526 2833 5580; x_wconf 89' lang='lat' dir='ltr'>animas</span> <span class='ocrx_word' id='word_1_721' title='bbox 2864 5524 3198 5579; x_wconf 89' lang='lat' dir='ltr'>reddidere.</span> 
     </span>
    </p>
   </div>
  </div>
