4030 6196
345 367 466 428 139

985 493 1208 548 Eodem
1262 489 1358 546 die

348 609 502 664 160
557 607 842 662 Certamen
885 606 1196 656 sanctorum
1244 603 1554 668 martyrum
1594 597 1846 662 Joannis,
1877 595 1998 666 epi-

451 677 623 750 scopi,
655 682 704 732 et
732 674 918 740 Jacob,
943 671 1252 742 presbyter,
1285 674 1640 740 cognomento
1673 668 1887 724 Zelota.

416 849 504 913 Hi,
550 847 767 916 Sapore
825 844 1140 896 Persarum
1197 854 1356 910 rege,
1387 838 1450 894 in
1480 837 1723 894 Perside
1752 835 1999 892 verbum

345 937 482 994 ﬁdei
513 933 824 998 docebant,
858 929 1199 1000 multosque
1247 927 1320 984 ab
1367 927 1545 983 idolis
1573 927 1648 983 ad
1679 925 1997 981 Dominum

345 1022 783 1082 convertebant.
834 1018 1099 1084 Quadam
1157 1022 1356 1072 autem
1415 1015 1511 1072 die
1569 1032 1704 1071 cum
1742 1015 1999 1069 Joannes

348 1115 659 1186 episcopus
691 1111 751 1165 in
786 1109 1010 1165 somnis
1040 1106 1284 1162 vidisset
1323 1105 1666 1161 carnificem
1694 1118 1997 1169 coronam,

345 1219 524 1274 quam
555 1201 618 1256 in
666 1199 826 1255 ensis
878 1197 1089 1269 capulo
1147 1195 1622 1263 circumferebat,
1681 1193 1859 1265 capiti
1893 1207 1999 1246 suo

345 1294 770 1364 imponentem,
827 1287 1056 1358 sibique
1106 1286 1232 1340 huic
1290 1285 1627 1340 dicentem:
1679 1284 1918 1354 Accipe,
1966 1297 2000 1336 ο

346 1383 642 1453 episcope,
705 1394 884 1449 quam
974 1380 1280 1447 tantopere
1358 1374 1630 1446 cxpetisti
1698 1388 1999 1428 coronam.

347 1469 556 1525 Paucis
583 1473 716 1540 post
746 1465 952 1521 diebus
983 1464 1510 1536 comprehenditur
1539 1462 1612 1518 ab
1656 1461 2002 1516 infidelibus

348 1561 495 1632 ipse,
531 1564 588 1614 et
615 1559 864 1614 Jacobus
886 1555 1230 1628 presbyter:
1259 1555 1358 1626 qui
1381 1553 1557 1609 variis
1579 1553 1846 1625 primum
1877 1568 2006 1608 cru-

347 1649 598 1706 ciatibus
658 1648 886 1714 tentati,
920 1645 1114 1720 gladio
1171 1645 1390 1700 deinde
1443 1644 1601 1712 cassi,
1651 1643 2005 1698 occubuere,

348 1741 566 1813 gratias
593 1739 840 1794 Domino
872 1739 989 1793 Deo
1019 1741 1224 1792 nostro
1257 1735 1331 1791 ad
1375 1742 1707 1792 extremum
1741 1729 2003 1807 agentes’

1668 349 2103 418 MENOLOGII
2145 353 2356 419 PARS
2403 355 2455 419 I.
2543 323 2550 332 ’

2029 491 2085 552 Α
2685 494 2770 566 τῇ
2820 490 2957 566 αὐτῇ
3007 491 3192 570 ἡμέρᾳ

3643 367 3753 428 HO

2101 600 2374 672 Ἀθλησις
2422 598 2763 676 τῷνηᾶγίῳν
2825 600 3136 676 μαρτύρων,
3184 603 3466 676 Ἰωάννου,
3529 605 3744 665 ἐπισκό-

2177 667 2322 750 που,
2380 673 2475 750 καζ
2525 667 2836 750 Ἰακώϐου,’
2873 667 3261 750 πρεσϐυτέροῦ,
3310 679 3404 732 τοῦ
3453 667 3750 736 ’ἐπικαλου-

2180 741 2346 820 μένου
2378 741 2663 813 Ζηλωτοῦ.

2177 843 2342 902 Οὗτοι
2382 842 2634 918 ὑπῆρχον
2687 841 2774 898 ἐπὶ
2835 838 3124 921 Σαϐωρίου
3179 849 3276 902 τοῦ
3331 851 3552 921 Περσῶν
3597 850 3746 925 βασι-

2105 933 2264 995 λέως·
2299 930 2352 988 έν
2386 929 2607 1008 Περσίδι
2639 929 2988 998 διδάσκοντες
3017 935 3108 990 τὸν
3159 934 3326 1012 λόγον
3357 943 3457 1007 τῆς
3498 939 3753 1009 πίστέως,

2102 1021 2192 1076 καὶ
2223 1017 2476 1076 πολλοὺς
2509 1018 2916 1098 ἐπιστρέφοντες
2949 1022 3054 1078 ἀπὸ
3101 1027 3209 1078 τῶν
3271 1022 3519 1081 εἰδώλων
3548 1025 3636 1082 ἐπὶ
3663 1027 3749 1083 τὸν

2107 1110 2325 1182 Κύριον.
2353 1111 2440 1166 Ἐν
2475 1115 2573 1183 μιᾷ
2602 1109 2696 1165 οὖν
2733 1115 2840 1166 τῶν
2895 1114 3118 1187 ἡμερῶν
3179 1111 3430 1170 ἐθεάσατο
3463 1117 3491 1171 ὁ
3523 1115 3745 1173 ἐπισκο-

2105 1220 2206 1260 πος
2238 1198 2492 1269 Ἰωάννης
2533 1200 2649 1264 καθ’
2709 1197 2908 1263 ὕπνους
2969 1198 3134 1277 ἄνδρα
3189 1203 3310 1257 τινὰ
3365 1201 3584 1277 δήμιον,
3616 1227 3745 1261 κατ-

2106 1289 2306 1364 έχοντα
2371 1288 2591 1342 σπαθίον
2653 1287 2783 1364 ὅπερ
2846 1288 2896 1345 έν
2963 1294 3042 1362 τῷ
3091 1288 3240 1364 ἄκρῳ
3299 1293 3415 1368 εἶχε
3467 1293 3745 1371 στέφανον.

2110 1379 2258 1443 ὅστις
2286 1377 2488 1453 δήμιος
2547 1376 2772 1456 δραμὼν
2823 1379 2909 1436 ἐπὶ
2937 1381 3029 1435 τὸν
3063 1379 3379 1453 ἐπίσκοπον,
3411 1381 3667 1453 ἐπέθηκεν
3701 1383 3752 1440 ἐν

2107 1471 2176 1542 τῇ
2262 1466 2474 1546 κεφαλῇ
2535 1468 2698 1523 αὑτοῦ
2753 1469 2844 1524 τὸν
2907 1467 3188 1546 στέφανον,
3247 1469 3435 1525 εἰπών’
3497 1467 3662 1542 Λάϐε,
3709 1473 3754 1527 ὧ

2110 1553 2390 1623 ἐπίσκοπε,
2443 1555 2718 1624 στέφανον,
2778 1553 2845 1610 οὗ
2903 1553 3268 1628 έπεθύμησας’
3323 1556 3411 1612 καὶ
3475 1559 3590 1632 μετ’
3640 1559 3754 1614 ὀλί-

2107 1664 2204 1718 γας
2238 1643 2450 1718 ἡμέρας
2481 1639 2752 1720 ἔκρατήθη
2785 1647 2930 1721 παρὰ
2980 1650 3086 1701 τῶν
3146 1645 3386 1701 ἀπίστων
3447 1649 3538 1702 καὶ
3569 1649 3750 1718 αὐτὸς,

2109 1733 2197 1787 καὶ
2260 1728 2517 1796 Ἰάκωϐος
2582 1735 2610 1788 6
2659 1729 3040 1809 πρεσϐύτερος.
3095 1735 3203 1791 Καὶ
3260 1734 3446 1792 πολλὰ
3500 1758 3750 1810 τιμωρηο

355 1830 512 1901 quod
561 1829 722 1900 digni
773 1827 1025 1882 fuissent
1072 1831 1327 1882 mortem
1373 1841 1478 1896 pro
1524 1825 1652 1896 ipso
1703 1829 1982 1896 oppetere

2113 1821 2290 1884 θέντες
2346 1821 2632 1898 πρότερον,
2685 1823 2777 1878 καὶ
2834 1821 3113 1901 διαφόροις
3177 1827 3427 1900 βασάνοις
3484 1847 3752 1903 προσομι-

349 1923 541 1990 Atque
568 1919 650 1973 ita
671 1918 946 1988 episcopo
970 1916 1202 1982 accidit,
1229 1915 1386 1986 quod
1407 1915 1469 1968 in
1499 1915 1724 1969 somnis
1754 1913 2003 1984 viderat,

2117 1912 2400 1984 λήσαντες,
2457 1912 2676 1989 ὕστερον
2735 1911 2824 1968 διὰ
2879 1914 3062 1991 ξίφους
3119 1914 3532 1988 ἐτελειώθησαν,
3587 1917 3753 1992 εὐχα-

350 2006 818 2078 incorruptibilis
840 2005 970 2060 vitae
993 2021 1271 2060 coronam
1293 2009 1633 2059 consecuto.
1663 2004 1709 2058 Α
1733 2002 1990 2057 fidelibus

2111 2005 2415 2076 ριστοῦντες
2447 2001 2630 2076 Κυρίῳ
2661 2007 2740 2074 τῷ
2797 2007 2912 2075 Θεῷ
2969 2005 3130 2077 ἡμῶν
3187 2003 3352 2080 μέχρι
3388 2004 3637 2075 θανάτου,
3671 2005 3751 2062 ὅτι

351 2104 548 2153 autem
581 2097 816 2169 piisque
846 2094 987 2150 viris
1017 2094 1081 2149 in
1133 2093 1343 2149 eodem
1390 2092 1520 2148 loco
1553 2091 1880 2147 honoriﬁce
1912 2107 2000 2146 se-

351 2187 500 2260 pulti
533 2191 690 2242 sunt.

904 2449 1146 2506 EODEM
1185 2448 1438 2504 MENSE.

979 2555 1084 2611 Die
1116 2554 1379 2610 secunda

351 2669 501 2723 161
540 2668 830 2725 Certamen
875 2670 1187 2720 sanctorum
1228 2669 1537 2732 martyrum
1568 2663 1872 2786 Acindjylm',
1902 2665 2003 2718 Pe-

420 2738 583 2786 nasii-
649 2735 979 2786 Anhthom‘i.
1053 2732 1457 2786 Anemnodisti.
1513 2733 1748 2786 Elniden
1790 2735 1895 2786 ori.
1955 2740 2003 2786 et

419 2738 584 2811 gasii,
643 2735 979 2808 Aphthonii,
1053 2733 1457 2804 Anempodisti,
1513 2733 1895 2805 Elpidephori,
1955 2740 2005 2788 et

418 2825 707 2866 somorum.

420 2937 642 2991 Horum
665 2936 1008 2988 sanctorum
1039 2929 1385 3001 Acindynus
1412 2927 1676 2999 quidem,
1701 2927 2001 3000 Pegasius,

349 3029 409 3082 et
437 3022 918 3094 Anempodistus,
950 3019 1339 3076 Constantino
1383 3019 1589 3090 Magno
1621 3017 2002 3090 imperatore,

350 3131 420 3171 ex
447 3114 688 3186 regione
708 3114 1023 3167 Persarum
1046 3109 1308 3164 fuerunt.
1333 3109 1476 3162 Cum
1502 3113 1702 3162 autem
1733 3107 1792 3162 in
1826 3107 2004 3162 cellu-

344 3203 418 3257 lis
442 3203 563 3258 suis
586 3198 1137 3274 degerent,verbum
1159 3197 1262 3252 Dei
1287 3195 1999 3262 docebant.Quamobrem
2030 3215 2074 3285 α

346 3310 381 3349 a
401 3293 642 3364 Sapore,
664 3293 978 3346 Persarum
1001 3303 1156 3360 rege,
1182 3285 1618 3358 comprehensi,
1639 3286 1999 3342 cruciatibus

349 3381 597 3454 subjecti
628 3379 792 3435 fuere
818 3395 830 3433 :
866 3395 1042 3450 quem
1075 3393 1211 3432 cum
1242 3375 1518 3448 precibus
1548 3381 1778 3431 mutum
1811 3376 2002 3432 reddi-

346 3470 876 3537 dissent,restituta
899 3474 1104 3538 postea
1123 3466 1348 3538 linguae
1370 3465 1673 3535 facultate,
1691 3465 1752 3521 in
1775 3465 1999 3525 lebetes

346 3561 595 3617 ferventi
629 3557 870 3630 plumbo
893 3557 1102 3628 plenos
1126 3555 1516 3627 injiciuntur;
1542 3555 1644 3610 sed
1667 3555 1999 3614 incolumes

349 3651 487 3706 inde
538 3648 778 3720 egressi,
828 3645 1231 3716 Aphthonium
1283 3645 1536 3699 militem
1583 3645 1670 3699 rei
1709 3647 1996 3703 miraculo

348 3739 730 3792 vehementer
758 3739 1122 3790 commotum
1166 3733 1239 3786 ad
1285 3733 1501 3787 Christi
1531 3732 1709 3788 fidem
1743 3741 1992 3805 traxere,

343 3826 444 3896 qui
477 3825 673 3880 statim
707 3828 870 3877 extra
894 3821 1114 3878 mmnia
1143 3820 1412 3888 eductus,
1445 3825 1502 3874 et
1531 3821 1722 3891 capite
1755 3823 1995 3880 obtrun-

343 3919 507 3970 catus
538 3918 644 3968 est.
677 3912 770 3965 Illi
818 3927 973 3976 vero,
1025 3909 1248 3964 bubulo
1302 3926 1470 3964 sacco
1501 3910 1707 3977 insuti,
1741 3912 1800 3965 in
1831 3929 1992 3969 mare

338 4001 587 4075 projecti
621 4006 795 4067 sunt;
831 4015 978 4070 quos
1011 4003 1250 4053 sanctus
1300 3998 1675 4069 Aphthonius
1705 4016 1824 4055 una
1855 4019 1991 4057 cum

335 4093 562 4164 angelis
593 4107 907 4163 apparens,
941 4090 1002 4143 in
1035 4089 1441 4144 continentem
1473 4088 1711 4144 eduxit:
1763 4096 1822 4145 et
1851 4093 1990 4163 quia

332 4182 706 4254 naufragium
737 4183 1066 4244 evaserant,
1095 4177 1408 4244 militibus,
1433 4177 1535 4248 qui
1565 4177 1700 4233 illos
1729 4179 1791 4234 in
1824 4198 1985 4237 mare

329 4271 668 4344 praecipites
716 4273 978 4342 egerant,
1026 4283 1238 4322 manus
1291 4265 1714 4338 prmciduntur.
1747 4269 1986 4341 Elpide-

328 4362 551 4432 phorus
581 4365 802 4426 autem,
836 4356 1118 4414 senatorii
1147 4355 1374 4411 ordinis
1418 4355 1524 4421 vir,
1555 4355 1648 4411 his
1680 4358 1985 4415 miraculis

334 4451 650 4522 impulsus,
677 4465 876 4521 regem
907 4446 1273 4519 objurgavit;
1324 4449 1386 4501 et
1417 4461 1550 4500 cum
1579 4463 1646 4501 eo
1679 4447 1982 4504 credidere

332 4539 550 4610 septies
591 4538 756 4592 mille
788 4537 1085 4600 homines,
1119 4534 1220 4606 qui
1252 4550 1461 4590 omnes
1492 4535 1683 4608 capite
1715 4536 1979 4593 damnati

327 4626 598 4690 sunt.Qui
639 4642 773 4680 vero
820 4623 1036 4695 reliqui
1084 4623 1249 4678 fuere
1298 4623 1504 4696 viginti
1537 4629 1666 4679 octo
1695 4625 1824 4694 viri,
1860 4643 1980 4682 una

2113 2091 2246 2165 ὑπὲρ
2280 2089 2441 2144 αὑτοῦ
2472 2091 2646 2145 θανεῖν
2707 2091 3034 2164 ἠξιώθησαν.
3096 2095 3193 2147 Καὶ
3247 2087 3422 2164 ἀπέϐη
3473 2098 3552 2166 τῷ
3607 2093 3754 2149 ἐπισ-

2107 2200 2268 2253 κοπῳ
2297 2180 2364 2235 τά
2389 2183 2486 2234 τοῦ
2540 2178 2772 2255 ὀνείρου,
2829 2176 3167 2238 ἀπολαϐόντι
3223 2181 3316 2238 τὸν
3369 2181 3624 2260 στέφανον
3656 2191 3757 2254 τῆς

2110 2270 2386 2346 ἀφθάρτου
2470 2273 2636 2338 ζωῆςε
2722 2268 2990 2347 ἐτάφησαν
3051 2268 3108 2326 δὲ
3163 2268 3397 2345 ἐντίμως
3472 2271 3524 2328 έν
3571 2272 3750 2345 ταύτῷ

2112 2357 2216 2413 ὑπὸ
2247 2361 2452 2413 πιστῶν
2483 2357 2575 2413 καὶ
2606 2351 2858 2414 εὖλαϐῶν
2890 2355 3125 2436 ἀνδρῶν.

2678 2485 2864 2542 MHM
2892 2487 2983 2563 r9
3011 2487 3212 2565 ArTo.

2905 2574 2964 2629 Β.

2107 2677 2375 2758 Ἀθλησις
2439 2684 2559 2758 ⁸τῶν
2619 2680 3174 2758 ἆγίωνμμαρτύρων,
3235 2678 3555 2758 Ἀκριδύνου
3591 2685 3760 2758 ,nn-

2179 2751 2390 2828 γασίου,
2415 2751 2747 2830 ,Ἀφθονίου,
2809 2751 3261 2828 ’Ᾱνεμποδίστου,
3323 2751 3761 2830 Ἐλπιδηιρόρου,

2179 2823 2269 2878 καὶ
2297 2830 2397 2878 τῆς
2429 2821 2678 2878 σονοδίας
2713 2823 2913 2878 αὑτῶν.

2179 2843 2269 2878 και
2297 2844 2397 2893 της
2429 2843 2678 2886 σονοοιας
2713 2845 2913 2882 αυτων.

2186 2927 2404 2987 Τούτων
2460 2934 2570 2986 τῶν
2629 2931 2798 3007 ἁγίων
2848 2932 2878 2986 6
2929 2933 3023 3006 μὲν
3086 2928 3417 3004 Ἀκίνδυνος,
3486 2931 3765 3006 Πηγάσιος

2107 3019 2196 3076 καὶ
2230 3017 2653 3093 Ἀνεμπόδιστος
2713 3021 2963 3096 ὑπῆρχον
3018 3019 3112 3075 ἐπὶ
3165 3024 3261 3076 τοῦ
3331 3022 3574 3096 μεγάλου
3606 3027 3763 3076 Κων-

2105 3109 2382 3164 σταντίνου
2436 3109 2496 3165 έκ
2551 3116 2650 3179 τῆς
2713 3111 2899 3185 χώρας
2956 3113 3197 3185 Περσῶν·
3263 3111 3314 3165 έν
3385 3107 3647 3179 ἰδιάζοντι
3702 3107 3761 3164 δὲ

2111 3197 2319 3272 κελλίῳ
2347 3199 2720 3272 καθεζόμενοι,
2773 3195 3054 3254 ἐδίδασκον
3107 3199 3196 3253 τὸν
3259 3197 3420 3275 λόγον
3473 3203 3570 3254 τοῦ
3597 3202 3754 3253 Θεοῦ.

2114 3286 2219 3345 Καὶ
2274 3288 2632 3364 κρατηθέντες
2687 3287 2790 3342 ὑπὸ
2845 3282 3132 3364 Σαϐωρίου
3186 3292 3288 3343 τοῦ
3347 3291 3562 3363 Περσῶν
3599 3288 3761 3362 βασι-

2113 3374 2254 3439 λέως
2289 3418 2304 3446 ,
2365 3371 2761 3446 ἐϐασανίζοντοσ
2822 3373 2971 3431 ἀλλὰ
3023 3374 3113 3431 διὰ
3169 3381 3486 3452 προσευχῆς
3543 3373 3756 3432 ἄλαλον

2109 3468 2328 3519 ποιοῦσι
2356 3465 2446 3520 τὸν
2502 3464 2748 3541 βασιλέα,
2798 3467 2889 3520 καὶ
2947 3463 3110 3520 πάλιν
3160 3465 3562 3541 θεραπεύουσιν.
3623 3467 3763 3522 Εἶτα

2109 3550 2476 3626 ἓνεϐλήθησαν
2529 3555 2606 3617 εἷς
2663 3553 2898 3625 λέϐητας
2969 3555 3238 3630 γέμοντας
3329 3548 3609 3628 μολύϐδου
3665 3554 3762 3608 καὶ

2105 3643 2518 3720 κοχλάζοντας,
2573 3643 2663 3698 καὶ
2724 3643 2946 3717 ἐξῆλθον
3008 3637 3290 3706 ἀϐλαϐεῖς.
3350 3643 3634 3720 Ἀφθόνιος
3699 3639 3760 3698 δὲ

2107 3735 2442 3808 στρατιώτης
2491 3733 2588 3806 ὢν,
2645 3729 2778 3787 ἲδὼν
2833 3733 2894 3788 τὸ
2953 3734 3132 3806 θαῦμα
3183 3731 3458 3787 ἐπίστευσε
3511 3736 3589 3804 τῷ
3619 3734 3761 3807 Χρι-

2106 3827 2215 3895 στῷ
2247 3869 2262 3895 ,
2316 3823 2406 3878 καὶ
2465 3819 2566 3893 ἔξω
2615 3827 2817 3898 τειχῶν
2879 3821 3302 3900 ἁπεκεφαλίσθη.
3353 3821 3483 3878 Εἶτα
3536 3815 3764 3893 ἐμϐάλ-

2105 3911 2292 3967 λονται
2346 3911 2421 3974 εἷς
2479 3910 2749 3976 θυλάκους
2805 3911 3040 3988 βοείους,
3097 3912 3188 3966 καὶ
3248 3908 3634 3987 ῥίπτονταιεῖς
3666 3910 3767 3964 θά-

2105 4001 2326 4057 λασσαν.
2361 4002 2464 4058 Καὶ
2493 4001 2677 4078 φανεὶς
2708 4003 2736 4056 6
2767 3998 2918 4075 ἅγιος
2981 4001 3270 4078 Ἀφθόνιος
3329 4021 3419 4054 συν
3467 3995 3763 4073 ἀγγέλοις,

2101 4088 2349 4165 ἐξήγαγεν
2384 4089 2584 4151 αὐτοὺς
2607 4089 2693 4143 ἐπὶ
2749 4096 2852 4158 τῆς
2902 4089 3086 4164 ξηρᾶς.
3147 4088 3249 4144 Καὶ
3303 4085 3441 4143 διότι
3494 4085 3757 4159 ἐξῆλθον,

2099 4177 2559 4252 χειροκοποῦνται
2615 4178 2667 4232 οἱ
2725 4175 2977 4252 ῥίψαντες
3059 4175 3252 4238 αὐτοὺς
3308 4179 3628 4251 στρατιῶτα.
3682 4176 3753 4233 Ὁ

2101 4266 2158 4323 δὲ
2215 4265 2581 4342 συγκλητικὸς
2653 4263 3059 4343 Ἑλπιδηφόρος
3141 4263 3271 4322 ἰδὼν
3308 4309 3322 4337 ,
3380 4264 3605 4334 ἀντέστη
3660 4269 3756 4337 τῷ

2102 4355 2361 4432 βασιλεῖ,
2413 4355 2500 4410 καὶ
2584 4353 2676 4409 σὺν
2737 4354 2886 4428 αὐτῷ
2941 4355 3254 4410 ἐπίστευσαν
3332 4351 3754 4427 ἑπτακισχίλιοι

2097 4442 2306 4521 ἄνδρες,
2363 4447 2452 4499 καὶ
2559 4443 3084 4519 ἀπεκεφαλίσθησαν·
3201 4441 3599 4521 ὑπελείφθησαν
3692 4439 3760 4498 δὶ

2095 4533 2269 4612 ἵτεροι
2300 4537 2415 4607 κη’,
2452 4535 2585 4608 μετᾶ
2612 4541 2714 4604 τῆς
2746 4537 2984 4611 μητέρος
3016 4529 3304 4610 Σαϐωρίου
3361 4529 3758 4603 πιπευσᾶσης,

2095 4627 2185 4681 καὶ
2215 4623 2346 4700 πυρί
2373 4621 2770 4699 παρεδόθησαν.

327 4732 462 4772 cum
495 4715 731 4785 Saporis
763 4718 971 4780 matre,
1007 4727 1138 4782 qua)
1168 4711 1385 4782 Christi
1417 4710 1596 4767 fidem
1623 4713 1896 4784 amplexa
1925 4715 2138 4784 fuerat,
2171 4717 2292 4790 igni
2323 4715 2622 4788 absumpti
2650 4719 2806 4770 sunt.

977 4799 1198 4864 Eodem
1229 4799 1324 4854 die

324 4895 478 4950 162
537 4891 821 4948 Certamen
871 4895 1178 4945 sanctorum
1252 4895 1560 4958 martyrum
1598 4891 1797 4960 Attici,
1855 4895 1974 4948 Eu-

713 4963 888 5028 doxii,
927 4961 1160 5030 Agapii,
1192 4965 1243 5014 et
1289 4961 1580 5015 sociorum.

391 5073 490 5130 Isti
519 5070 706 5126 sancti
749 5069 970 5124 milites
1000 5066 1166 5123 fuere
1199 5066 1260 5121 in
1292 5065 1438 5120 urbe
1468 5064 1707 5123 Sebaste
1740 5073 1972 5142 tempo-

315 5161 481 5218 ribus
514 5159 723 5216 Licinii
772 5155 1186 5229 imperatoris:
1237 5154 1337 5225 qui
1387 5153 1448 5208 id
1497 5171 1705 5210 omnes
1735 5159 1970 5216 consilii

317 5266 548 5323 cepere,
581 5254 646 5303 ut
674 5263 808 5303 cum
857 5245 1136 5300 omnibus
1190 5241 1482 5297 militibus
1513 5241 1577 5297 in
1611 5243 1726 5299 ﬁde
1757 5238 1972 5304 Christi

318 5343 649 5396 manerent.
683 5339 870 5402 Quare
901 5350 936 5390 a
965 5331 1237 5394 Marcello
1269 5331 1417 5387 duce
1449 5331 1716 5402 cruciati,
1746 5334 1809 5391 in
1840 5353 1972 5393 car-

317 5447 513 5486 cerem
544 5425 960 5483 detruduntur.
997 5421 1137 5478 Inde
1169 5421 1395 5478 eductis
1427 5425 1675 5493 tergum,
1710 5429 1768 5478 et
1795 5442 1968 5483 renes

315 5523 507 5577 nervis
534 5517 944 5576 crudelissime
965 5515 1325 5582 lacerantur,
1348 5511 1674 5584 dentesque
1699 5517 1963 5575 evellun-

312 5617 425 5667 tur.
459 5611 603 5666 Cum
634 5613 832 5664 autem
890 5610 1330 5676 torquerentur,
1393 5619 1711 5660 conversus
1742 5607 1858 5663 dux
1887 5609 1962 5664 ad

314 5705 587 5756 sanctum
615 5695 977 5755 Carterium:
1009 5696 1092 5750 Tu
1122 5693 1304 5766 solus,
1326 5692 1540 5764 inquit,
1568 5709 1744 5751 ausus
1772 5712 1835 5753 es
1855 5715 1957 5770 po-

2679 4806 2756 4876 τῇ
2792 4801 2928 4876 αὐτῇ
2958 4802 3140 4877 ἡμέρᾳ

2083 4891 2350 4965 Ἀθλησις
2398 4896 2504 4948 τῶν
2552 4890 2762 4965 -άγίων-
2799 4891 3412 4965 μαρτύρωνῌἈττικοῦ,
3444 4885 3750 4960 Εύδοξίου,

2365 4959 2648 5040 Ἀγαπίού,
2679 4959 2898 5033 καὶτῆς
2945 4959 3196 5024 συνοδίας
3243 4959 3440 5017 άῦτῶν.

2152 5075 2315 5132 Οὗτοι
2366 5072 2419 5127 οἱ
2475 5073 2642 5147 ἅγιοι,
2697 5073 3021 5144 στρατιῶται
3086 5071 3338 5147 ὑπῆρχον
3383 5067 3434 5124 ἐν
3465 5071 3534 5142 τῇ
3565 5066 3751 5125 πόλει

2081 5157 2376 5234 Σεϐαστείᾳ
2403 5160 2492 5216 ἐπὶ
2522 5158 2802 5215 Λικιννίου
2851 5162 2952 5214 τοῦ
3011 5156 3304 5234 βασιλέως.
3363 5155 3567 5219 Οῗτινες
3603 5178 3741 5213 συν-

2083 5247 2372 5308 εϐούλευον
2419 5251 2563 5322 πάσῃ
2615 5251 2684 5322 τῇ
2742 5252 2968 5322 στρατιᾷ
3024 5244 3276 5322 ἐμμένειν
3303 5251 3372 5322 τῇ
3400 5247 3578 5302 πίστει
3631 5251 3747 5303 τοῦ

2077 5343 2330 5414 Χριστοῦ.
2363 5338 2457 5395 Διὸ
2509 5334 2887 5414 βασανίζονταί
2945 5336 3046 5392 ὑπὸ
3107 5334 3434 5412 Μαρκέλλου
3471 5339 3569 5391 τοῦ
3600 5331 3743 5391 δου-

2073 5431 2192 5492 κός.
2245 5429 2378 5487 Εἶτα
2434 5422 2805 5501 ἐμϐάλλονται
2863 5425 2941 5490 εἷς
2998 5424 3270 5504 φυλακὴν.
3337 5420 3746 5495 Έκϐληθέντες

2075 5517 2132 5575 δὲ
2197 5519 2488 5576 τύπτονται
2545 5518 2685 5573 κατά
2739 5517 2915 5573 νώτου
2971 5518 3058 5572 καὶ
3118 5515 3333 5580 κοιλιας
3409 5515 3743 5591 βουνεύροις

2072 5607 2271 5683 ὠμοῖς.
2303 5610 2438 5665 Εῐτα
2490 5605 2823 5684 ἂριζοῦνται
2873 5603 3000 5668 τοὺς
3055 5603 3303 5668 ὀδόντας.
3357 5605 3735 5679 Τιμωρουμέ-

2069 5720 2174 5754 νων
2233 5695 2292 5754 δὲ
2345 5695 2525 5775 ἔλεγεν
2587 5697 2616 5754 6
2669 5693 2794 5768 δοὺξ
2851 5694 2986 5772 πρὸς
3040 5694 3132 5750 τὸν
3187 5694 3336 5769 ἅγιον
3401 5692 3735 5770 Καρτέριον,
