4042 6206
216 372 335 433 ibi
1715 364 1908 426 NOVE

2023 364 2162 425 tER.
3534 369 3650 431 142

219 506 302 563 ὅτι
336 504 412 560 ΣΞ)
443 502 599 576 μόνος
630 501 951 570 ἀπέστησας
988 498 1082 554 τὸν
1144 497 1274 553 λαὸν
1331 503 1430 567 τῆς
1462 500 1563 551 τοῦ
1599 494 1869 571 βασιλέως
1904 553 1908 563 ι

2030 497 2193 551 ulum
2217 513 2251 552 a
2269 497 2382 552 ﬁde
2416 498 2790 570 imperatoris
2810 500 3129 557 abductum
3153 501 3226 557 ad
3245 501 3641 558 defectionem

224 593 630 666 ὖποταγῆςςὈ
674 587 737 644 δὲ
800 588 1022 662 ἔλεγεν,
1080 587 1161 642 δτι
1212 586 1290 643 Οὖ
1346 580 1746 640 συνεϐούλευσα
1799 589 1877 654 τῷ

2023 586 2341 657 mpellere?
2372 587 2474 642 Cui
2518 588 2619 642 ille
2653 606 2666 642 :
2702 591 2815 661 Ego
2866 591 3085 662 populo
3143 598 3349 646 auctor
3376 591 3483 655 fui.
3518 609 3637 647 non

220 687 337 755 λαῴ
366 683 725 748 ἐπαναστῆναι
772 682 857 750 τῷ
922 676 1158 753 βασιλεῖ,
1210 674 1355 731 ἄλλα
1420 673 1740 748 προσελθεῖν
1798 678 1879 746 τῷ

2023 681 2055 729 ,ι
2082 677 2244 731 aﬁde
2276 678 2651 750 imperatoris
2679 679 3140 747 discederet,sed
3164 687 3227 735 ut
3248 682 3645 738 immortalem

220 775 452 842 ἀθανάτῳ
484 769 716 845 βασιλΞῖ
782 772 1034 842 Χριστῷ.
1077 765 1227 823 Μετᾶ
1281 768 1448 819 ταῦτα
1502 764 1685 838 ἄγεται
1741 769 1879 818 Στυ-

2023 770 2185 837 'egem
2219 768 2514 822 Christum
2548 776 2915 840 sequeretur.
2977 772 3116 824 Post
3170 770 3296 824 hare
3327 771 3640 825 adducitur

207 862 384 935 ρακιος
412 858 501 913 καὶ
563 856 859 931 ὁμολογεῖ
916 857 1011 909 τὸν
1072 848 1333 928 Χριστόν·
1394 850 1485 905 καὶ
1544 851 1696 913 αὖθις
1754 853 1876 907 Τω-

2023 856 2315 927 ὶιγῐῖιοὶυε,
2347 857 2601 924 Tobilas,
2657 863 2714 913 et
2753 859 3253 930 NiCOpolitianus:
3294 876 3547 929 cumque
3582 860 3645 914 in

204 947 334 1010 δίας
398 949 516 1003 εἶτα
579 943 1081 1004 Νικοπολιτιανὸς·
1166 940 1252 996 καὶ
1325 938 1734 1015 κατακρίνονται
1792 940 1876 1009 ξύ-

2023 945 2205 999 lliristi
2238 946 2613 1001 confessione
2644 954 3108 1018 perseverarent,
3172 947 3429 1001 Marcelli
3471 949 3646 1018 jussu

202 1039 314 1100 λοις
366 1032 773 1110 συντριϐῆναι.
838 1034 936 1087 Καὶ
1002 1032 1134 1104 μετᾶ
1181 1030 1382 1100 ταύτην
1432 1030 1531 1097 τήν
1623 1028 1876 1104 βάσανον,

2023 1034 2165 1105 ignis
2197 1036 2448 1103 contusi,
2490 1036 2740 1107 aliisque
2774 1037 3045 1108 pluribus
3078 1038 3387 1091 tormentis
3437 1054 3641 1091 excru-

196 1129 277 1181 καὶ
334 1127 525 1199 ἐτέρας
590 1123 868 1183 πλείονας
927 1117 1238 1196 ἀλγηδόνας
1298 1118 1703 1191 ὑπομείναντες,
1745 1117 1879 1190 μετᾶ

2026 1122 2146 1189 iati,
2186 1141 2304 1179 una
2330 1142 2463 1179 cum
2496 1125 2699 1180 multis
2732 1125 2887 1195 aliis,
2912 1127 3011 1196 qui
3037 1126 3097 1180 in
3130 1126 3427 1181 Christum
3447 1124 3641 1180 credi-

196 1213 499 1270 καὶᾶλλων
555 1211 826 1279 πολλῶν,
882 1214 990 1264 τῶν
1052 1207 1451 1262 πιστευσάντων
1510 1206 1587 1269 εἰς
1619 1207 1876 1279 Χριστὸν,

2023 1211 2230 1279 lerant,
2264 1214 2383 1286 igni
2416 1214 2677 1269 damnati
2710 1216 2887 1270 vitam
2920 1215 3224 1270 ﬁnierunt.

200 1304 355 1367 τέλος
386 1306 493 1373 τήν
532 1300 633 1358 δια
656 1305 761 1356 τοῦ
794 1300 965 1375 πυρὸς
990 1298 1256 1374 ἀπόφασιν
1285 1291 1508 1354 ἔλαϐον.
1544 1294 1646 1352 Καὶ
1677 1294 1850 1358 οὕτως
1879 1295 2303 1371 ἐτελειώθησαν.

766 1407 945 1463 ΠΗΝΙ
1005 1407 1099 1461 ΤΩ
1152 1408 1343 1461 ΑΥΤΩ.

214 1591 493 1658 Ἀθλησις
583 1591 701 1642 τῶν
762 1584 940 1661 ,ἀγίων
1030 1582 1314 1661 μαρτᾷρων

276 1650 519 1732 οἶκοί-του,
612 1650 851 1733 Ἰωσήᾇ,
932 1650 1322 1732 πρεσϐυτέρου,

282 1732 573 1789 διακόνου.

1400 1585 1697 1681 Ἀξιψιμᾶ,
1719 1664 1744 1681 Λ
1763 1580 1884 1681 ἐξει-

1408 1654 1501 1709 καὶ
1546 1652 1555 1657 ⁷
1596 1652 1880 1726 Ἀιιθαλᾶ,

281 1859 385 1917 Καὶ
436 1877 602 1911 ουτοι
666 1854 717 1908 οἱ
777 1852 924 1929 ἂγιοι
977 1850 1028 1905 ἐν
1090 1846 1311 1921 Περσίδι
1343 1847 1720 1923 ἐμαρτύρησαν
1778 1826 1959 1903 ὖπὸΒ

223 1943 522 2023 Σαόωρίου
546 1948 651 1999 τοῦ
674 1941 964 2018 τυράννου,
1027 1939 1112 1994 ἐπὶ
1176 1938 1580 1995 Κωνσταντίνου
1623 1941 1720 1993 τοῦ
1774 1938 1888 1995 Με-

223 2034 419 2111 γαλου,
457 2030 739 2108 βασιλέως
787 2026 1097 2100 Ῥωμαίων.
1157 2027 1255 2083 Ἠν
1307 2022 1400 2080 οὖν
1458 2026 1486 2080 ὁ
1544 2026 1694 2101 ἅγιος
1727 2026 1884 2082 ’Δκε-

227 2128 397 2198 «pini;
434 2122 739 2181 ἐπίσκοπος
772 2116 969 2178 λευκὸς
1014 2116 1113 2183 τὴν
1169 2113 1358 2188 τρίχα,
1415 2113 1590 2189 γέρων
1646 2113 1885 2190 γεγονὼς

223 2215 353 2269 ἐτῶν
384 2209 757 2288 ὁγδοήκοντα,
781 2206 1048 2268 συνεστὼς
1104 2198 1181 2259 ἔτι
1244 2202 1390 2278 ἔχων
1446 2203 1510 2258 τὸ
1570 2206 1750 2276 σῶμα,
1800 2200 1886 2256 εὐ-

228 2307 411 2377 μήκης
468 2300 567 2356 καὶ
622 2296 833 2370 ὄρθιος,
887 2295 1200 2371 περιουσίαν
1255 2292 1586 2367 κεκτημένος
1642 2291 1886 2363 πολλήν.

226 2394 532 2470 Κρατηθεὶς
566 2389 625 2446 δὶ
658 2390 793 2464 μετά
835 2392 946 2444 τῶν
1004 2386 1097 2441 σὺν
1152 2386 1324 2458 αὐτῷ,
1355 2385 1447 2440 καὶ
1479 2383 1756 2459 παραστὰς
1807 2388 1889 2457 τῷ

232 2484 558 2560 ἀρχιμαγῳ,
618 2479 711 2535 καὶ
773 2481 849 2552 μή
929 2475 1166 2541 πεισθεὶς
1225 2480 1379 2540 θῦσαι
1436 2479 1517 2548 τῷ
1569 2473 1746 2546 Ἡλίῳ
1797 2472 1890 2530 καὶ

232 2582 307 2648 τῷ
334 2580 519 2647 Ἄρει,
582 2569 730 2626 ἀλλᾶ
792 2568 1003 2643 μᾶλλον
1058 2562 1336 2641 ἆξυὸρίσας
1390 2564 1469 2629 εἷς
1527 2564 1742 2635 αὐτοὺς,
1796 2563 1890 2619 τύ-

234 2687 423 2721 πτεται
454 2665 709 2736 ἱσχυρῶς
765 2659 855 2714 καὶ
915 2657 1213 2731 δεσμεῖται.
1271 2658 1404 2713 Εἶτα
1442 2653 1629 2729 ἄγεται
1665 2655 1890 2732 Ἰωσὴφ,

232 2756 287 2811 ἐκ
307 2762 417 2824 τῆς
466 2754 644 2819 αὐτῆς
699 2751 888 2825 χώρας
947 2747 1229 2821 ὑπάρχων,
1280 2744 1370 2801 καὶ
1422 2744 1583 2806 αὐτὸς
1636 2744 1888 2819 γηραιός.

237 2848 333 2901 Καὶ
391 2842 653 2903 ἀντιστὰς
705 2844 786 2911 τῷ
842 2837 1163 2914 ἀρχιμάγῳ,
1218 2835 1496 2905 τύπτεται,
1550 2834 1639 2889 καὶ
1700 2835 1891 2907 μαστί-

232 2940 403 3003 ζεται,
437 2933 517 2994 ὡς
561 2928 889 2996 διακοπῆναι
949 2926 1041 2988 τὰς
1096 2928 1293 3001 σάρκας
1350 2924 1514 2980 αὐτοῦ
1568 2923 1732 2999 μέχρι
1782 2927 1892 2978 τῶν

228 3024 460 3089 ὀστέων,
492 3020 589 3075 καὶ
641 3016 1018 3090 συνδεσμεῖται
1069 3014 1149 3088 τῷ
1207 3013 1345 3089 ἁγίῳ
1404 3015 1695 3087 Ἀκεψιμᾷ.
1757 3015 1892 3070 Εἶτα

228 3110 419 3187 ἂγε-ται
477 3107 575 3164 καί
659 3104 967 3174 Ἀειθαλας,
1049 3106 1138 3160 καὶ
1221 3102 1498 3177 δεσμεῖται
1537 3102 1631 3164 τὰς
1697 3103 1890 3178 χεῖρας

2560 1411 2798 1466 EODEM
2831 1411 3082 1466 MENSE.

2652 1500 2754 1554 Die
2786 1501 2977 1555 tertia.

1994 1588 2148 1643 108
2246 1589 2530 1645 Certamen
2625 1597 2937 1645 sanctorum
3028 1596 3339 1659 martyrum
3412 1588 3639 1659 Ampsi-

2062 1677 2184 1786 rdnaz,
2261 1659 2524 1741 episcopi,
2599 1663 2841 1733 Josephi,
2914 1662 3243 1733 presbyteri,
3321 1667 3371 1717 et
3404 1662 3641 1717 Aithala:

2108 1747 2318 1787 ιασοηι.

2070 1858 2172 1911 Isti
2206 1873 2442 1928 quoque
2474 1857 2661 1912 sancti
2702 1857 2763 1912 in
2802 1856 3043 1913 Perside
3072 1857 3423 1927 martyrium
3456 1856 3651 1912 subie-

1995 1952 2135 2000 runt
2165 1963 2198 2001 a
2226 1951 2443 2017 Sapore
2478 1945 3123 2018 tyranno,temporibus
3146 1945 3517 1999 Constantini
3538 1947 3655 1999 Ma-

1996 2036 2115 2108 gni,
2160 2038 2561 2091 Romanorum
2593 2035 2988 2107 imperatoris.
3024 2036 3161 2089 Erat
3182 2040 3381 2089 autem
3405 2034 3646 2104 Acepsi-

1996 2141 2124 2180 mas
2156 2125 2469 2196 episcopus
2490 2123 2826 2180 veneranda
2853 2124 3069 2179 canitie
3104 2124 3344 2195 (quippe
3373 2124 3648 2194 quiocto-

1996 2214 2287 2287 gesimum
2313 2231 2537 2271 annum
2560 2216 2802 2285 ageret),
2831 2230 3076 2285 corpore
3101 2213 3293 2268 adhuc
3316 2213 3648 2284 ﬁrmo,pro-

1997 2320 2252 2375 ceroque
2284 2309 2518 2359 etrecto
2544 2320 2556 2358 :
2591 2305 2663 2359 ad
2694 2305 2819 2358 haec
2849 2303 3060 2375 opibus
3091 2302 3653 2373 afﬂuensCompre—

1998 2395 2221 2450 hensus
2248 2400 2446 2449 autem
2476 2411 2611 2450 cum
2646 2393 2843 2463 sociis,
2879 2393 3109 2448 sistitur
3147 2408 3453 2465 magorum
3491 2391 3652 2463 prin-

1998 2483 2113 2556 cipi
2141 2500 2153 2538 :
2186 2500 2442 2555 cumque
2464 2483 2676 2538 adduci
2708 2499 2829 2538 non
2885 2487 3105 2554 posset,
3129 2487 3196 2536 ut
3241 2481 3359 2535 Soli
3391 2487 3449 2535 et
3488 2480 3654 2535 Marti

2000 2573 2382 2639 sacriﬁcaret,
2408 2572 2553 2644 quin
2585 2573 2781 2643 potius
2803 2570 2939 2626 illos
2968 2570 3345 2626 contumeliis
3371 2570 3656 2636 afﬁceret,

1998 2665 2343 2739 gravissime
2373 2683 2561 2720 caasus
2603 2666 2662 2719 in
2694 2664 2932 2719 vincula
2961 2664 3209 2735 rapitur.
3243 2664 3453 2718 Postea
3474 2662 3661 2717 addu-

1999 2761 2130 2811 ctus
2156 2755 2394 2826 Joseph,
2419 2755 2519 2826 qui
2554 2772 2625 2809 ex
2654 2753 2864 2810 eadem
2896 2753 3134 2826 regione
3167 2757 3380 2817 erat,et
3414 2752 3539 2823 ipse
3571 2768 3656 2806 se-

1932 2912 1937 2915 ,
2001 2861 2136 2914 nex,
2165 2845 2324 2915 quod
2357 2845 2696 2917 arcbimago
2728 2844 3205 2910 contradixisset,
3259 2842 3515 2897 fustibus
3566 2858 3666 2896 us-

2002 2952 2114 3006 que
2138 2935 2285 2990 adeo
2318 2935 2741 3007 percutitur,ut
2761 2933 3017 2989 concisis
3044 2932 3195 2988 finde
3227 2931 3506 2987 carnibus
3529 2947 3664 2987 ossa

2000 3025 2369 3080 nudarentur
2394 3042 2406 3079 :
2442 3024 2656 3079 deinde
2689 3024 2750 3078 in
2782 3040 3080 3079 carcerem
3108 3021 3367 3076 truditur
3388 3038 3505 3076 una
3525 3038 3658 3075 cum

2003 3120 2204 3170 sancto
2218 3114 2698 3185 Acepsima.Post
2719 3113 2825 3168 hos
2839 3118 2896 3167 et
2909 3113 2969 3168 Ai
2982 3112 3172 3167 thalas
3196 3111 3664 3183 producitur,re-

240 3203 345 3258 ὁπό
406 3200 473 3255 τα
534 3198 761 3272 γόνατα’
821 3197 909 3250 καὶ
973 3193 1320 3270 ἐξαρθροῦται
1376 3194 1552 3255 πάσας
1633 3192 1730 3254 τὰς
1795 3196 1892 3247 τοῦ

2023 3203 2332 3274 rinctisque
2364 3201 2436 3257 ad
2469 3218 2661 3264 genua
2691 3202 2988 3267 manibus,
3024 3201 3104 3255 ita
3137 3200 3406 3254 membra
3432 3197 3666 3267 singula

244 3291 510 3361 σώματος
570 3284 858 3361 ἁρμονίας.
920 3286 1074 3341 Μετᾶ
1127 3287 1296 3338 ταῦτα
1352 3283 1380 3337 ὁ
1444 3281 1538 3355 μὶν
1598 3282 1904 3355 ’Λκεψιμᾶς

231 3380 583 3451 τυπτόμενος
617 3374 936 3444 ἐτελειώθη.
994 3375 1056 3431 Ὀ
1108 3371 1165 3428 δὲ
1223 3372 1425 3448 Ἰωσὴφ
1480 3372 1617 3427 κατὰ
1658 3369 1905 3449 κεφαλὴς

245 3466 577 3543 κρεμασθεῖς
611 3459 1009 3534 ἐλιθοϐολήοη,
1061 3464 1089 3517 ὁ
1149 3460 1207 3517 δὲ
1262 3460 1552 3525 Ἀειθαλᾶς
1602 3460 1692 3515 καὶ
1745 3460 1906 3523 αὐτὸς

242 3559 382 3612 κατὰ
409 3560 663 3633 κεῖαλῆς
687 3552 1035 3626 κρεμασθεὶς,
1068 3547 1351 3628 παρέδωκε
1369 3550 1432 3605 τὸ
1460 3554 1691 3624 πνεῦμα.

853 3729 933 3799 τῇ
964 3724 1099 3799 αὖτῇ
1132 3723 1317 3798 ἡμέρᾳ

256 3830 473 3900 Μνήμη
527 3829 630 3882 τοῦ
710 3823 1126 3905 ὁσίου-Πατρὸς
1180 3826 1344 3905 ἠμί-ὒν
1404 3822 1742 3880 Ἰωαννικίου
1813 3826 1912 3878 τοῖ’)

871 3903 978 3952 Θαυ
988 3903 1316 3970 ματουργοῦ.

332 3992 398 4047 Ὁ
455 3986 626 4062 μέγας
681 3987 862 4059 πατὴρ
938 3986 1097 4057 ἡμῶν
1182 3986 1512 4047 Ἰωαννίκιος
1560 3985 1806 4060 ὑπῆρχεν
1858 3982 1920 4039 ἐκ

264 4087 365 4148 τῆς
423 4079 620 4153 χώρας
681 4074 929 4139 Βιθυνίας
985 4072 1071 4129 ἐπὶ
1129 4080 1232 4143 τῆς
1295 4073 1575 4149 βασιλείας
1635 4081 1918 4128 Κωνσταν-

270 4169 422 4223 τίνου
451 4169 553 4220 τοῦ
610 4159 979 4222 Καϐαλλίνου.
1037 4164 1136 4218 Διὰ
1188 4160 1247 4218 δὲ
1296 4163 1396 4231 τὴν
1453 4160 1671 4239 ἀνδρίαν
1730 4163 1916 4234 αὐτοῦ,

271 4254 600 4332 ἑστρατεῦθη
688 4253 763 4315 είς
848 4253 950 4321 τὴν
1004 4255 1112 4307 τῶν
1200 4247 1530 4307 ἐσκουϐίτων
1619 4253 1918 4326 στρατείαν,

268 4346 355 4400 καὶ
393 4342 730 4419 ἠνδραγάθει
791 4342 842 4397 ἄν
903 4347 1035 4397 πᾶσι
1095 4339 1391 4414 πολέμοις,
1448 4341 1803 4397 κατακόπτων
1858 4341 1921 4397 τὸ

273 4440 374 4490 τῶν
402 4432 746 4507 Βουλγᾶρων
826 4427 997 4494 ἔθνος.
1054 4432 1142 4487 Ἐν
1205 4435 1303 4503 μιᾷ
1360 4427 1418 4485 δὲ
1464 4427 1713 4503 πολέμου
1768 4451 1924 4506 γενο-

280 4527 461 4597 μένου,
498 4519 634 4576 ἲδὼν
688 4517 935 4582 πολλοὺς
990 4522 1099 4574 τῶν
1157 4524 1570 4595 συστρατιωτῶν
1606 4519 1922 4597 σφαγέντας,

2009 3292 2311 3359 luxantur,
2343 3297 2410 3346 ut
2440 3296 2559 3345 tota
2582 3291 2845 3361 corporis
2876 3305 3190 3359 compages
3221 3287 3663 3341 dissolveretur.

2011 3380 2273 3436 Tandem
2301 3381 2645 3451 Acepsimas
2667 3380 2822 3433 inter
2835 3379 3018 3451 flagra
3048 3376 3363 3447 exspiravit
3389 3392 3402 3440 ;
3424 3374 3664 3445 Josepb,

2012 3473 2244 3527 inverso
2277 3469 2466 3541 capite
2500 3485 2847 3540 suspensus,
2897 3465 3193 3540 lapidibus
3252 3464 3497 3520 obrutus
3529 3467 3619 3518 est
3652 3483 3666 3531 ;

2013 3558 2281 3615 Aithalas
2311 3574 2446 3613 vero
2506 3562 2564 3612 et
2621 3557 2745 3629 ipse
2804 3556 2996 3629 capite
3054 3554 3285 3611 inverso
3318 3568 3664 3627 suspensus,

2016 3650 2292 3723 spiritum
2324 3646 2585 3703 tradidit.

2669 3736 2891 3794 Eodem
2921 3736 3016 3793 die

2022 3829 2177 3886 184
2224 3827 2677 3885 Commemoratio
2718 3828 2897 3909 sancti
2953 3825 3140 3909 Patris
3195 3822 3480 3882 Joannicii
3510 3823 3678 3880 thau-

2739 3908 3007 3970 rnaturgt.

2094 3994 2337 4066 Magnus
2367 3997 2536 4065 pater
2554 3998 2760 4049 noster
2787 3992 3132 4049 Joannicius
3165 4005 3234 4044 ex
3274 3989 3565 4061 Bithyniae
3580 4004 3644 4042 re
3666 4017 3686 4028 -

2025 4082 2196 4155 gione
2227 4082 2340 4136 fuit
2369 4082 2737 4155 temporibus
2768 4079 3141 4137 Constantini
3172 4077 3459 4132 Caballini
3494 4077 3674 4144 impe-

2025 4172 2256 4228 ratoris.
2288 4170 2432 4228 Cum
2464 4177 2662 4226 autem
2696 4172 2755 4225 in
2790 4188 2877 4239 ea,
2906 4187 3036 4240 qua)
3092 4166 3500 4221 excubitorum
3532 4162 3683 4216 dici-

2028 4266 2144 4328 tur,
2177 4261 2395 4316 militia
2426 4259 2724 4332 stipendia
2774 4259 3021 4323 faciens,
3053 4260 3111 4309 et
3136 4254 3197 4307 in
3245 4250 3522 4306 omnibus
3544 4249 3680 4302 aliis

2027 4350 2201 4406 bellis
2230 4350 2465 4405 fortiter
2490 4365 2551 4405 se
2582 4347 2880 4422 gessisset,
2916 4344 3419 4417 Bulgarorumque
3450 4342 3687 4412 gentem

2029 4438 2408 4506 concidisset,
2440 4437 2646 4491 videns
2696 4433 3017 4506 aliquando
3076 4432 3137 4487 in
3191 4430 3449 4501 quodam
3479 4428 3684 4501 praelio

2030 4544 2305 4601 magnam
2336 4526 2813 4582 commilitonum
2841 4539 3085 4578 suorum
3107 4520 3689 4576 multitudinemtru-

278 4616 360 4667 καὶ
414 4610 712 4680 λυπηθεὶς,
771 4608 1030 4664 κατέλιπε
1083 4609 1181 4677 τὴν
1269 4608 1566 4682 στρατείαν.
1628 4609 1732 4667 Καὶ
1796 4629 1908 4663 κατ·

2033 4619 2547 4681 cidatam,tantum
2580 4615 2779 4670 animo
2799 4613 3065 4668 dolorem
3096 4610 3460 4682 concepit,ut
3490 4608 3689 4663 statim

282 4697 440 4757 ἔλαϐε
466 4702 532 4755 τὸ
560 4703 659 4753 τοῦ
691 4696 977 4770 Ὀλύμπου
1003 4694 1159 4772 ὄρος,
1190 4697 1280 4752 καὶ
1300 4697 1595 4767 ἡσύχαζεν.
1627 4701 1764 4756 Εἶτα
1782 4719 1925 4773 γνω-

280 4792 484 4864 ρισθεὶς
535 4788 686 4861 παρὰ
732 4788 1133 4862 συστρατιώτου
1190 4786 1358 4853 τινὸς,
1417 4786 1601 4864 φυγὼν
1678 4786 1920 4857 ἀπῆλθεν

280 4880 434 4951 ἐντῷ
463 4880 569 4942 τῆς
600 4875 804 4938 Λυκίας
851 4872 986 4949 ὄρει·
1037 4873 1090 4929 ἐν
1149 4875 1196 4947 ᾧ
1252 4873 1438 4930 πολλᾶ
1489 4875 1737 4950 θαύματα
1763 4880 1926 4948 ποιή-

281 4990 393 5037 σας,
467 4964 542 5020 δι’
600 4962 997 5039 ἀποκαλύψεως
1051 4961 1220 5033 ἦλθεν
1273 4962 1350 5026 είς
1396 4965 1497 5033 τὴν
1558 4966 1730 5037 μονήν
1783 4968 1931 5041 Ἐρι-

281 5065 430 5127 στῆς·
467 5053 789 5129 καὶγίνεται
824 5051 1091 5128 μοναχός’
1140 5053 1229 5108 καὶ
1284 5052 1389 5108 ἀπὸ
1446 5049 1607 5123 ὅρους
1672 5054 1747 5116 είς
1802 5050 1931 5129 ὅρος

285 5138 658 5217 μεταϐαίνων,
740 5140 1189 5216 ἐθαυματοῦργεν
1248 5140 1339 5197 καὶ
1416 5140 1678 5216 δαίμονας
1734 5143 1931 5221 ἐφυγά-

283 5233 452 5302 δευεν,
516 5229 732 5303 ἐδέξατο
789 5229 847 5286 δὶ
902 5230 993 5287 καὶ
1042 5232 1381 5307 προορατικᾶ
1434 5232 1767 5308 χαρίσματα.
1829 5234 1931 5292 Καὶ

288 5325 560 5399 βασιλέων
628 5321 721 5393 μὶν
778 5319 1025 5397 ἀλλαγὰς
1109 5326 1358 5395 προεῖπε,
1418 5322 1508 5377 καὶ
1554 5329 1934 5400 πατριαρχῶν.

289 5415 373 5484 Ἐξ
426 5411 493 5467 οὗ
535 5410 631 5466 καὶ
691 5413 825 5484 μετᾶ
879 5411 943 5465 τὸ
996 5409 1238 5486 γενέσθαι
1293 5412 1386 5467 τὸν
1449 5411 1599 5489 ἃγιον
1661 5411 1930 5471 Μεθόδιον

288 5502 663 5578 πατριάρχην,
696 5502 817 5577 περὶ
849 5502 911 5556 οὗ
941 5503 1335 5578 προεφήτευσε,
1388 5505 1523 5577 μετᾶ
1575 5503 1767 5580 τρίτην
1798 5506 1938 5579 ἡμὲ-

294 5613 380 5666 ραν
417 5591 722 5666 ἐκοιμήθη.

2034 4708 2305 4764 abdicata
2334 4705 2570 4767 militia.
2620 4704 2935 4776 Olympum
2970 4706 3231 4756 montem
3263 4698 3690 4767 conscendens,

2038 4796 2363 4853 solitariam
2418 4795 2596 4849 vitam
2649 4793 2958 4865 amplexus
2996 4790 3193 4846 fuerit.
3248 4788 3361 4843 Sed
3419 4788 3693 4860 cognitus

2036 4886 2187 4942 forte
2219 4902 2253 4940 a
2282 4885 2689 4941 commilitone
2734 4881 3015 4955 quodam,
3070 4881 3133 4935 in
3190 4879 3376 4949 Lyciae
3433 4882 3697 4931 montem

2040 4975 2354 5041 concessit,
2387 4974 2488 5029 ubi
2520 4991 2659 5030 cum
2694 4973 2882 5027 multa
2932 4968 3222 5025 miracula
3252 4966 3557 5034 edidisset,
3610 4964 3699 5017 di-

2042 5066 2181 5121 vina
2237 5064 2596 5120 revelatione
2651 5062 3011 5123 admonitus.
3042 5060 3103 5114 in
3149 5058 3354 5112 Eristze
3395 5059 3694 5111 monaste-

2045 5156 2201 5210 rium
2232 5170 2361 5209 sese
2393 5152 2636 5225 recepit,
2660 5156 2719 5207 et
2747 5149 3076 5206 monachus
3107 5147 3297 5202 factus
3329 5151 3435 5200 est.
3470 5146 3614 5199 Tum
3668 5158 3698 5196 e

2048 5249 2249 5301 monte
2280 5244 2343 5297 in
2367 5248 2628 5298 montem
2653 5237 3185 5307 recedens,ubique
3208 5234 3476 5307 prodigia
3506 5239 3704 5304 patra-

2047 5334 2167 5404 bat,
2193 5337 2250 5388 et
2278 5332 2580 5387 daemones
2602 5329 2858 5403 fugabat.
2894 5326 3005 5382 Sed
3035 5330 3093 5380 et
3125 5324 3448 5396 prOphetiae
3484 5322 3707 5377 donum

2050 5422 2299 5493 accepit,
2323 5426 2381 5474 et
2410 5421 2836 5492 imperatorum
2870 5414 3461 5487 patriarcharumque
3483 5426 3711 5465 succes-

2053 5512 2253 5567 siones
2302 5510 2596 5583 praadixit.
2654 5507 2847 5563 Tertio
2900 5505 3143 5560 demum
3192 5507 3326 5575 post
3354 5501 3470 5566 die,
3530 5514 3707 5569 quam

2056 5605 2297 5656 sanctus
2329 5599 2659 5655 Methodius
2689 5594 3044 5669 patriarcha,
3078 5592 3165 5647 uti
3211 5588 3709 5663 prmnuntiaverat

2058 5688 2370 5747 ordinatus
2394 5693 2507 5759 est,
2537 5688 2600 5744 in
2631 5686 2880 5744 Domino
2907 5679 3281 5739 obdormivit.
