4030 6196
379 424 494 486 143

940 553 1180 610 EODEM
1204 551 1460 606 MENSE.

1033 641 1137 696 Die
1169 645 1380 712 quarta

545 755 688 812 105
724 754 1014 810 Certamen
1044 751 1222 806 sancti
1251 751 1514 821 martyris
1540 747 1861 819 Porphyrii.

379 881 741 952 Porphyrius
771 883 1017 950 martyr,
1051 876 1374 932 Aureliano
1404 877 1778 949 imperatore,
1810 875 1918 930 fuit
1966 892 2036 930 ex

379 971 525 1026 urbe
557 969 809 1041 Epheso,
846 968 1114 1040 egregius
1146 967 1517 1022 scenicorum
1553 965 1828 1021 ludorum
1852 969 2034 1030 actor,

373 1059 544 1130 cujus
578 1057 806 1113 ludicra
836 1063 960 1113 arte
993 1057 1319 1112 delectatus
1355 1054 1683 1110 Alexander
1699 1055 2037 1109 Caesareen-

377 1149 532 1203 sium
566 1164 784 1215 comes,
821 1165 1023 1202 secum
1055 1147 1382 1201 Caesaream
1414 1145 1583 1199 illum
1617 1144 2036 1215 adduxit.Age-

375 1237 549 1292 batur
579 1237 729 1292 forte
760 1236 946 1291 festus
979 1236 1316 1292 daemonum
1350 1234 1474 1289 dies
1499 1250 1732 1290 summa
1761 1232 2038 1289 ludorum

386 1326 748 1392 celebritate,
784 1327 846 1380 in
879 1325 1094 1396 quibus
1131 1329 1189 1378 et
1231 1324 1702 1378 Christianorum
1734 1323 1885 1378 ritus
1933 1337 2040 1393 per

369 1415 576 1488 jocum
607 1414 1167 1485 reprmsentabatur.
1202 1413 1528 1467 Productus
1560 1412 1738 1484 igitur
1771 1411 2036 1481 Porphy-

379 1505 526 1570 rius,
559 1508 624 1558 ut
653 1503 724 1558 ab
756 1521 845 1569 eo,
889 1503 989 1574 qui
1023 1503 1249 1558 scilicet
1271 1502 1531 1574 episcopi
1570 1517 1884 1573 personam
1943 1501 2036 1554 in-

382 1590 614 1658 duerat,
647 1591 1062 1662 baptizaretur,
1086 1591 1267 1646 allata
1296 1607 1469 1661 aqua,
1499 1590 1694 1645 nudus
1723 1590 1888 1644 illam
1946 1589 2040 1644 in-

379 1679 662 1751 greditur,
726 1679 874 1734 falso
935 1680 1179 1735 interim
1237 1679 1536 1750 episcopo,
1567 1678 2040 1733 Christianorum

379 1768 518 1834 ritu,
555 1768 790 1824 dicente
819 1786 831 1822 :
865 1769 932 1823 In
960 1768 1201 1823 nomine
1224 1769 1434 1838 Patris,
1461 1773 1519 1824 et
1543 1767 1762 1832 Filii,et
1792 1767 2043 1837 Spiritus

380 1857 590 1924 sancti,
627 1857 960 1928 baptizatur
999 1857 1384 1929 Porphyrius.
1434 1857 1556 1922 Quo
1617 1856 1770 1911 facto
1802 1855 2044 1912 adfuere

1693 417 2130 480 MENOLOGll
2172 418 2375 479 PARS
2421 417 2469 478 Ι.

2063 561 2115 624 Α

3673 415 3784 474 144

2675 549 2849 606 ΜΗΝΙ
2909 549 3001 603 ΤΩ
3057 548 3260 603 ΑΥΤΩ.

2957 636 3009 690 Δ.

2283 745 2558 817 ’Ἃθλησις
2615 749 2712 800 τοῦ
2760 745 2919 820 ἁγίου
2981 744 3253 820 μάρτυρος
3309 741 3642 818 Ηορφυρίου.

2215 871 2524 949 ΙΙοριρύριος
2562 873 2589 927 6
2624 873 2827 945 μάρτυς
2886 873 3129 948 ὑπῆρχεν
3188 869 3276 926 ἐπὶ
3338 868 3614 945 βασιλείας
3673 871 3781 928 Αὑ-

2149 966 2443 1036 ρηλιανοῦς
2474 961 2532 1016 ἐκ
2555 966 2653 1032 τῆς
2684 959 2901 1024 πόλεως
2929 957 3176 1040 Ἐφέσου,
3210 963 3288 1024 εἷς
3332 956 3406 1014 ὥν
3463 967 3564 1028 τῆς
3618 960 3784 1032 θυμὲ-

2148 1049 2395 1123 λης,καὶ
2428 1050 2478 1106 ἐν
2527 1053 2596 1123 τῇ
2647 1051 2955 1126 ὀρχηστικῇ
3013 1049 3344 1124 εὕδοκιμῶν.
3401 1049 3610 1106 Τούτου
3667 1055 3785 1111 τοῖς

2145 1140 2418 1214 παιγνίοις
2455 1140 2702 1214 τερφθεὶς
2757 1141 2784 1194 6
2842 1147 2941 1209 τῆς
3005 1139 3311 1213 Καισαρέων
3358 1137 3542 1210 κόμης
3595 1134 3789 1208 Ἀλέξ-

2148 1227 2360 1300 ανδρος,
2392 1225 2762 1303 προσελάϐετο
2812 1229 2996 1298 αὐτὸν,
3049 1229 3139 1283 καὶ
3197 1225 3400 1302 ἤγαγεν
3458 1226 3533 1290 είς
3592 1226 3786 1283 Καισά-

2148 1339 2316 1394 ρειαν.
2350 1321 2578 1397 Ἐορτῆς
2609 1317 2667 1375 δὲ
2702 1325 2817 1382 τοῖς
2874 1318 3097 1394 δαίμοσι
3152 1317 3511 1391 τελουμξνης,
3542 1317 3630 1372 καὶ
3679 1321 3786 1372 τῶν

2145 1410 2414 1484 παιγνίων
2471 1411 2798 1486 γινομένων,
2849 1407 3188 1480 διεπαὶζοντο
3239 1409 3329 1463 καὶ
3389 1409 3440 1461 οἱ
3495 1412 3602 1462 τῶν
3655 1408 3792 1482 Χρι-

2151 1503 2378 1553 στιανῶν
2409 1497 2596 1555 τύποι.
2649 1498 2749 1557 Καὶ
2801 1500 3095 1575 προσήχθη
3129 1497 3462 1575 Πορφὺριος,
3497 1496 3640 1571 παρά
3693 1500 3792 1551 τοῦ

2152 1586 2314 1659 δῆθεν
2369 1589 2444 1651 είς
2509 1589 2678 1644 τόπον
2743 1588 3040 1644 ἐπισκόπου
3119 1587 3587 1663 σχηματισθέντος
3695 1587 3795 1662 βοι-

2149 1681 2461 1744 πτισθῆναι⁹
2511 1677 2820 1752 ἐνεχθέντος
2877 1679 2968 1734 οὖν
3001 1675 3213 1746 ὕδατος,
3244 1677 3548 1752 γυμνωθεὶς
3601 1675 3793 1746 εἷσῆλ·

2153 1768 2237 1822 Θεν
2273 1767 2324 1822 ἐν
2374 1766 2539 1840 αὐτῷ·
2595 1772 2693 1822 τοῦ
2745 1765 3238 1842 ψευδοεπισκόπου,
3289 1767 3364 1828 ὡς
3424 1766 3474 1820 οἱ
3533 1771 3793 1841 Χριστια-

2150 1857 2258 1927 νοὶ,
2291 1854 2571 1933 λὲγοντος,
2599 1857 2689 1920 Εἷς
2717 1859 2779 1913 τὸ
2811 1855 2987 1931 ὄνομα
3013 1861 3110 1912 τοῦ
3137 1856 3371 1932 ΙΙατρὸς,
3401 1856 3487 1911 καὶ
3519 1859 3614 1910 τοῦ
3641 1857 3794 1926 Υἱοῦ,

381 1945 594 2018 angeli,
629 1947 729 2017 qui
759 1946 968 2001 induto
1011 1947 1162 2002 stola
1191 1946 1328 2000 alba
1357 1945 1703 2017 Porphyrio,
1737 1961 1870 2000 cum
1896 1945 2037 2000 faci-

2153 1947 2242 2001 καὶ
2303 1951 2404 2002 τοῦ
2462 1948 2616 2022 ἁγίου
2674 1947 3012 2021 Πνεὺματος,
3075 1947 3390 2022 βαπτίζεται
3457 1944 3792 2022 Πορφὺριος.

385 2035 495 2089 bus
544 2035 902 2106 psallebant,
934 2036 1243 2092 dicentes:
1289 2036 1635 2107 Quicunque
1692 2035 1754 2090 in
1811 2035 2041 2090 Christo

387 2124 660 2195 baptizati
688 2125 851 2191 estis,
885 2125 1184 2180 Christum
1206 2124 1786 2192 induistis,Alleluia.
1822 2127 1899 2179 Eo
1932 2125 2041 2179 mi-

387 2211 590 2267 raculo
624 2215 904 2268 commoti
937 2214 1201 2285 plurimi,
1239 2215 1301 2270 in
1349 2215 1666 2270 Dominum
1715 2214 2040 2270 credidere.

393 2305 600 2357 Comes
630 2319 766 2357 vero
797 2303 1012 2358 rubore
1047 2305 1307 2360 suffusus
1337 2304 1643 2360 discessit:
1670 2309 1727 2359 et
1770 2304 2040 2376 sequenti

2152 2038 2273 2107 Καὶ,
2299 2037 2496 2092 τούτου
2527 2038 2846 2111 γενομένου,
2886 2035 3058 2106 ἦλθον
3087 2037 3139 2091 οἱ
3169 2034 3392 2111 ἃγγελοι
3423 2036 3509 2090 καὶ
3545 2032 3793 2090 ἐνέδυσαν

2153 2125 2352 2196 στολὴν
2383 2124 2580 2196 λευκὴν
2608 2128 2697 2182 τὸν
2735 2125 3063 2204 Πορφὺριον,
3122 2127 3256 2198 μετᾶ
3313 2121 3614 2198 λαμπάδων
3647 2123 3795 2198 ψάλ-

2152 2214 2361 2277 λοντες⁶
2442 2217 2596 2274 Ὀσοι
2676 2215 2754 2278 είς
2813 2215 3044 2290 Χριστὸν
3114 2209 3491 2284 ἐϐαπτίσθητε,
3557 2213 3794 2287 Χριστὸν

2151 2303 2485 2376 ἐνεδύσασθε,
2520 2303 2885 2376 ’Δλληλούϊα.
2921 2302 3148 2366 Ἰδόντες
3176 2301 3266 2358 οὖν
3309 2302 3372 2356 τὸ
3420 2305 3620 2374 θαῦμα,
3651 2299 3798 2357 πολ·

391 2390 486 2445 die
517 2391 908 2465 Porphyrium
931 2398 1220 2464 praetenta
1243 2393 1483 2467 magicas
1515 2394 1658 2450 artis
1679 2393 1928 2450 crimine
1951 2393 2037 2450 de-

2153 2394 2243 2450 λοί
2278 2395 2588 2450 ἐπίστευσαν
2651 2395 2739 2450 ἐπὶ
2789 2396 2882 2450 τὸν
2949 2393 3171 2470 Κύριον.
3225 2393 3285 2450 Ὀ
3338 2389 3396 2446 δὲ
3445 2391 3648 2464 κόμης,
3707 2393 3796 2446 αἱ-

391 2479 597 2535 collari
621 2481 821 2552 jussit.

1063 2678 1284 2734 Eodem
1309 2678 1402 2734 die

387 2764 542 2820 166
575 2765 1037 2821 Commemoratio
1066 2773 1381 2840 sanctorum
1410 2770 1782 2840 apostolorum
1835 2770 1901 2824 de
1930 2787 2040 2825 nu-

455 2842 1016 2965 πὲεὲιλξῗιέιυαρίηεα,
1066 2839 1341 2908 Ραῑνοὸκ,
1377 2839 1617 2909 Hermae,
1673 2843 1823 2908 Lini,
1885 2843 2038 2911 Gaii,

456 2924 488 2964 ε
630 2925 647 2963 ι
676 2925 704 2963 ο
729 2925 841 2979 ορι.

461 3032 531 3088 Hi
562 3049 769 3090 omnes
797 3034 962 3090 fuere
993 3035 1247 3107 apostoli
1280 3053 1350 3092 ex
1391 3053 1640 3094 numero
1672 3039 2043 3112 septuaginta

2152 2484 2420 2560 σχυνθείς,
2456 2485 2804 2560 ὑπεχώρησε·
2838 2485 2929 2539 καὶ
2967 2487 3036 2558 τῇ
3083 2481 3336 2556 ἐπαύριον
3369 2481 3578 2558 ἀγαγὼν
3609 2479 3795 2551 αὑτὸν,

2148 2574 2238 2628 καὶ
2268 2575 2341 2636 ὡς
2365 2575 2541 2649 γόητα
2571 2569 2868 2644 διαϐαλὼν,
2901 2570 3312 2650 ἀπεκεφάλισεν.

2737 2692 2822 2764 Τῇ
2853 2688 2988 2764 αὓτῇ
3020 2690 3200 2764 ἡμέρᾳ

2151 2780 2274 2850 Μνή
2287 2800 2361 2851 μη
2396 2779 2526 2852 Δτῶν
2584 2777 2756 2852 ἁγίων
2813 2777 3159 2852 ἀποστόλων,
3183 2775 3243 2831 ἐκ
3275 2781 3411 2852 ’τῶν⁸
3441 2778 3483 2831 ο’
3516 2771 3794 2850 ἱῙατροϐᾰ,

2396 2849 2595 2926 Ἑρμᾶ,
2628 2847 2814 2921 λίνου,
2848 2851 3034 2921 Γαῖου,
3076 2849 3167 2905 καὶ
3198 2847 3540 2924 Φιλολόγου.

2221 3029 2385 3087 Οὗτοι
2423 3028 2619 3093 πάντες
2674 3030 2924 3105 ὑπῆρχον
2984 3027 3044 3083 ἐκ
3097 3032 3206 3083 τῶν
3257 3023 3637 3101 ἐϐδομήκοντα
3689 3049 3797 3102 μει-

393 3120 844 3194 discipulorum.
874 3125 943 3179 Et
970 3125 1252 3181 Patrobas
1283 3126 1544 3197 quidem.
1578 3129 1747 3200 cujus
1788 3131 2037 3185 mentio-

2153 3124 2331 3190 θητῶν
2389 3121 2478 3175 καὶ
2565 3118 2907 3176 ἀποστόλων.
2962 3119 3058 3176 Καὶ
3117 3119 3146 3174 6
3210 3119 3303 3192 μὲν
3369 3114 3670 3193 Πατροὸᾶς,
3734 3116 3799 3173 οὗ

393 3227 528 3266 nem
563 3211 624 3266 in
658 3213 780 3266 suis
811 3213 1090 3284 Epistolis
1121 3215 1340 3270 Paulus
1371 3232 1619 3288 magnus
1649 3217 2037 3290 facit,episco-

2153 3209 2239 3263 καὶ
2272 3209 2300 3263 6
2334 3208 2500 3284 μέγας
2531 3207 2744 3271 Ηαῦλος
2778 3208 2830 3264 ἐν
2860 3213 2979 3270 ταῖς
3031 3209 3222 3263 ἑαυτοῦ
3281 3207 3635 3269 Ἐπιστολαῖς
3695 3209 3799 3280 μὲ-

391 3314 502 3368 pus
532 3298 906 3354 Puteolorum
925 3299 1374 3367 factus,multos
1404 3302 1477 3358 ad
1507 3303 1721 3358 Christi
1745 3303 1921 3360 ﬁdem
1939 3310 2037 3361 tra-

2160 3319 2382 3371 μνηται,
2415 3297 2709 3354 ἐπίσκοπος
2766 3296 3051 3354 ΙΙοτιόλων
3108 3295 3336 3371 ἐγένετο,
3394 3295 3639 3360 πολλοὺς
3697 3297 3804 3371 βα-

392 3382 600 3438 ductos
649 3383 979 3456 baptizavit.
1032 3388 1275 3442 Hermas
1333 3394 1552 3454 autem,
1585 3389 1656 3444 de
1701 3407 1817 3460 quo
1865 3391 2037 3446 etiam

2156 3390 2373 3458 πτίσας,
2405 3389 2496 3444 καὶ
2526 3389 2994 3465 προσαγαγὼντῷ
3041 3393 3278 3463 Χριστῷ.
3338 3389 3398 3445 Ὀ
3453 3386 3509 3442 δὲ
3563 3389 3800 3463 Ἑρμᾶς,

389 3472 606 3526 Paulus
638 3474 940 3544 apostolus
966 3476 1026 3530 in
1053 3476 1313 3548 Epistola
1334 3477 1406 3532 ad
1430 3479 1726 3533 Romanos
1746 3480 2037 3546 meminit,

2153 3478 2213 3533 οὗ
2243 3481 2333 3532 καί
2391 3478 2559 3532 αὑτοῦ
2619 3479 2647 3532 6
2704 3477 2866 3542 αὐτὸς
2926 3479 3093 3552 μὲγας
3149 3476 3460 3541 ἀπόστολος
3519 3479 3800 3551 μέμνηται

389 3557 872 3631 PhilippOpoleos
929 3565 1242 3636 episcopus
1272 3565 1403 3620 fuit.
1463 3567 1643 3621 Porro
1677 3567 1855 3622 Linus
1912 3574 2037 3640 post

2153 3568 2204 3623 ἐν
2236 3572 2304 3642 τῇ
2332 3568 2468 3643 πρὸς
2498 3567 2808 3640 Ῥωμαίους
2870 3566 3189 3640 Ἐπιστολῇ,
3240 3567 3535 3630 ἐπισκοπος
3585 3567 3801 3623 Φιλιπ-

387 3648 830 3705 sanctissimum
888 3653 1224 3722 apostolum
1282 3655 1521 3708 Petrum
1575 3672 1802 3728 magna
1844 3659 2042 3713 Romaa

387 3734 700 3805 episcopus
733 3743 822 3790 est
852 3746 1253 3810 nuncupatus.
1305 3742 1480 3796 Gaius
1501 3759 1658 3811 vero,
1682 3747 1853 3816 cujus
1884 3745 2042 3800 idem

386 3821 688 3891 apostolus
720 3825 1086 3880 mentionem
1117 3828 1342 3897 injecit,
1377 3836 1513 3900 post
1544 3837 1816 3887 sanctum
1846 3834 2043 3889 Timo-

388 3907 593 3963 theum
623 3909 932 3982 episc0pus
962 3914 1350 3984 Ephesiorum
1372 3919 2042 3992 renuntiatur.Denique

391 3995 758 4069 Philologus,
801 3999 873 4054 de
905 4016 1020 4071 quo
1052 4000 1208 4056 idem
1231 4005 1536 4074 apostolus
1566 4008 1859 4073 meminit,
1879 4009 2042 4065 Sino-

390 4084 482 4156 pis
515 4086 827 4158 episcopus
857 4093 1089 4161 creatus
1118 4090 1230 4146 fuit
1257 4091 1328 4147 ab
1359 4093 1595 4150 Andrea
1619 4096 1880 4166 primum
1913 4116 2041 4154 om-

392 4173 560 4229 nium
611 4177 1017 4248 apostolorum
1051 4186 1274 4237 vocato.
1308 4183 1724 4256 Episcopatum
1749 4187 1945 4257 itaque
1976 4189 2037 4242 in

389 4265 734 4321 memoratis
753 4267 1088 4324 civitatibus
1118 4277 1416 4342 gerentes,
1446 4289 1579 4328 cum
1611 4274 1830 4330 multas
1861 4277 2042 4332 mole-

385 4354 525 4409 stias
557 4362 732 4427 atque
768 4359 1105 4414 vexationes
1136 4377 1241 4431 pro
1272 4361 1447 4416 verbo
1474 4363 1711 4434 pietatis
1744 4365 2038 4434 tulissent,

382 4444 720 4516 multosque
753 4448 1003 4519 populos
1026 4449 1291 4505 docendo
1310 4451 1381 4506 ad
1401 4453 1700 4509 Christum
1719 4457 2041 4526 pertraxis-

381 4536 530 4600 sent,
567 4533 971 4591 decesserunt.

947 4733 1186 4788 EODEM
1211 4736 1463 4791 MENSE.

1043 4821 1146 4876 Die
1179 4823 1389 4892 quinta

383 4919 538 4974 167
587 4921 878 4978 Certamen
935 4932 1263 4981 sanctorum
1311 4928 1664 4987 Galactionis
1702 4938 1758 4986 et
1809 4935 2035 5005 Episto-

1129 5013 1240 5052 77185
1248 5042 1261 5055 .

451 5115 701 5171 Sanctus
733 5117 1035 5174 Galaction
1068 5136 1137 5176 ex
1168 5121 1314 5176 urbe
1345 5124 1555 5180 Emesa
1581 5124 1712 5193 fuit,
1746 5126 2034 5198 Onupurii

381 5204 657 5259 monachi
691 5207 1076 5276 praedictione
1107 5216 1344 5281 natus,a
1378 5229 1494 5283 quo
1523 5219 1582 5268 et
1611 5219 1888 5285 parentes
1905 5217 2034 5287 ejus

376 5292 652 5364 baptizati
684 5295 940 5351 fuerant.
985 5299 1128 5354 Cum
1153 5306 1348 5356 autem
1382 5307 1515 5372 post
1568 5304 1776 5358 matris
1807 5303 2033 5361 obitum

375 5381 636 5438 dedisset
692 5384 780 5438 illi
832 5393 999 5457 pater
1055 5403 1322 5456 uxorem,
1374 5391 1615 5446 nomine
1669 5393 2031 5464 Epistemen,

371 5469 997 5541 formosissimam,sed
1031 5475 1224 5532 adhuc
1255 5478 1581 5547 infidelem,
1617 5482 1841 5552 nuptiis
1873 5483 2030 5539 cele-

369 5558 575 5625 bratis,
607 5561 753 5615 adiit
781 5563 1022 5633 quidem
1075 5565 1376 5623 Galaction
1410 5585 1675 5638 uxorem,
1730 5570 1831 5626 sed
1866 5573 2033 5629 nulla

370 5649 600 5704 ratione
631 5648 845 5706 adduci
873 5654 1085 5724 potuit,
1107 5660 1172 5709 ut
1194 5655 1266 5711 ad
1289 5658 1561 5714 osculum
1587 5675 1718 5715 eam
1748 5660 2029 5717 admitte-

375 5743 494 5805 ret;
529 5738 699 5811 cujus
728 5741 814 5796 rei
847 5756 1090 5799 causam
1121 5744 1194 5801 ab
1227 5762 1295 5804 ea
1327 5753 1586 5822 rogatus,
1619 5749 1786 5819 Quia,
1813 5750 2027 5823 inquit,

2149 3659 2475 3721 που-πόλεως
2507 3658 2734 3734 ἐγένετο.
2793 3659 2851 3716 Ὀ
2911 3656 2968 3713 δὲ
3023 3664 3186 3723 Λῖνος
3246 3660 3379 3733 μετὰ
3444 3660 3644 3735 Πὲτρον
3703 3659 3803 3714 τὸν

2152 3751 2452 3824 ἁγιώτατον
2487 3747 2816 3820 ἀπόστολον,
2871 3755 2974 3819 τῆς
3037 3749 3282 3825 μεγάλης
3309 3750 3527 3822 Ῥώμης
3579 3748 3802 3804 ἐπίσκο-

2150 3859 2254 3901 πος
2284 3837 2680 3914 ἐχρημάτισεν.
2708 3839 2770 3895 Ὀ
2803 3835 2861 3894 δὶ
2917 3836 3100 3910 Γάϊος,
3147 3839 3209 3894 οὗ
3268 3838 3358 3893 καὶ
3411 3837 3576 3894 αὑτοῦ
3608 3839 3636 3893 6
3694 3838 3803 3893 αὑ-

2149 3929 2241 3990 τὸς
2275 3926 2579 3990 ἀπόστολος
2613 3929 2906 4002 μέμνηται,
2961 3929 3095 4000 μετὰ
3143 3927 3235 3982 τὸν
3293 3925 3441 4004 ἅγιον
3498 3928 3801 4001 Τιμόθεον,

2151 4019 2442 4082 ἐπίσκοπος
2486 4018 2720 4095 ’Βφέσου
2776 4018 3008 4093 ἐγένετο.
3065 4019 3126 4077 Ὀ
3200 4015 3257 4073 δὲ
3341 4017 3680 4094 Φιλόλογος,
3738 4019 3805 4075 οὗ

2148 4109 2239 4162 καὶ
2295 4108 2458 4163 αὑτοῦ
2517 4110 2544 4163 ὁ
2594 4108 2756 4170 αὐτὸς
2805 4107 3112 4169 ἀπόστολος
3149 4109 3443 4180 μέμνηται,
3501 4107 3807 4172 ἐπίσκοπος

2151 4197 2407 4268 Σινώπης
2440 4197 2648 4274 ἐγένετο
2677 4197 2781 4252 ὑπὸ
2813 4195 3072 4271 Ἀνδρὲου
3101 4201 3198 4252 τοῦ
3254 4194 3654 4273 πρωτοκλήτου
3683 4203 3800 4254 τῶν

2147 4285 2492 4345 ἀποστόλων.
2527 4287 2632 4344 Καὶ
2673 4285 3134 4356 ἐπισκοπήσαντες
3175 4284 3226 4340 ἐν
3279 4291 3399 4346 ταῖς
3432 4283 3802 4356 δηλωθείσαις

2147 4375 2365 4446 πόλεσι,
2397 4376 2484 4432 καὶ
2515 4375 2829 4438 πλείστους.
2858 4375 3217 4450 πειρασμοὺς,
3269 4373 3357 4429 καὶ
3417 4374 3628 4448 θλίψεις
3708 4374 3805 4430 διὰ

2146 4467 2238 4522 τὸν
2269 4469 2369 4536 τῆς
2412 4461 2680 4530 εὐσεϐείας
2734 4464 2898 4540 λόγον
2962 4465 3368 4538 ὑπομείναντες,
3399 4463 3488 4518 καὶ
3546 4464 3802 4528 πολλοὺς

2151 4553 2480 4630 διδάξαντες,
2538 4556 2629 4610 καὶ
2686 4559 2768 4628 τῷ
2824 4555 3043 4631 Χριστῷ
3109 4554 3543 4628 προσαγαγόντες
3601 4551 3799 4623 λαοὺς,

2065 4662 2110 4726 D
2152 4645 2565 4716 ἐτελειώθησαν.

2682 4735 2862 4791 MHNl
2917 4735 3008 4789 ΤΩ
3055 4736 3249 4790 ΔΥΤΩ.

2926 4823 2982 4877 Ε,

2145 4928 2418 5001 ’Άθλησις
2521 4932 2629 4985 τῶν
2732 4927 2950 5054 ἁγίωνί
2999 4927 3377 4991 Γαλακτίωνος
3462 4927 3552 4983 καὶ
3640 4930 3799 4984 Ἐπι-

2854 5020 3097 5054 στ.υ.ης.

2854 5020 3097 5072 στημης-

2212 5127 2273 5185 Ὀ
2305 5128 2455 5203 ἅγιος
2485 5125 2799 5182 Γαλακτίων
2858 5127 3102 5204 ὑπῆρχεν
3157 5126 3216 5183 ἐκ
3261 5135 3359 5198 τῆς
3389 5124 3604 5188 πόλεως
3635 5128 3799 5201 Ἐμέο

2143 5236 2265 5287 σης,
2297 5216 2571 5291 γεννηθεὶς
2617 5215 2676 5270 ἐκ
2706 5215 3060 5293 προρρήσεως
3110 5219 3358 5294 μοναχοῦ
3401 5237 3544 5278 τινος
3602 5217 3799 5275 Ὀνου-

2143 5305 2326 5382 φρίου,
2359 5309 2454 5360 τοῦ
2487 5304 2574 5360 καὶ
2618 5303 2744 5367 τοὺς
2803 5312 2981 5380 γονεῖς
3031 5305 3194 5362 αὑτοῦ
3257 5306 3640 5383 βαπτίσαντος.
3700 5313 3797 5360 Τε-

2143 5393 2480 5465 λευτησάσης
2515 5391 2571 5449 δὲ
2600 5401 2701 5465 τῆς
2752 5395 3012 5470 μητέρος,
3065 5397 3093 5450 6
3150 5399 3329 5468 πατὴρ
3389 5395 3798 5468 ἐμνηστεύσατο

2141 5484 2292 5555 αὑτῷ
2363 5489 2590 5560 γυναῖκα
2647 5483 2784 5538 πάνυ
2843 5486 3070 5560 ὡραίαν,
3125 5486 3350 5558 ὀνόματι
3416 5487 3795 5558 Ἐπιστήμην,

2139 5572 2216 5628 ἔτι
2249 5572 2474 5629 ἄπιστον
2510 5574 2693 5632 οὖσαν.
2727 5573 2832 5633 Καὶ
2867 5576 3000 5646 μετὰ
3039 5576 3130 5630 τὸν
3189 5576 3366 5649 γάμον
3401 5575 3796 5650 ἀπερχόμενος

2139 5664 2167 5719 6
2253 5662 2569 5720 Γαλακτίων
2648 5663 2785 5738 πρὸς
2833 5663 3020 5737 αὐτὴν,
3101 5663 3202 5719 οὐκ
3263 5663 3537 5733 ἠσπάζετο
3596 5665 3790 5737 αὑτήν.

2139 5754 2516 5829 Ερωτησάσης
2566 5751 2624 5810 δὲ
2656 5751 2887 5828 ἐκείνης,
2925 5753 3023 5809 Διᾶ
3051 5751 3104 5807 τί
3160 5749 3304 5809 οὕτω
3357 5759 3536 5818 ποιεῖς
3569 5775 3585 5826 ς
3617 5756 3789 5812 εἶπεν
