4030 6196
254 260 334 319 ηδ
1688 265 2155 333 NOVEMBER.

254 388 374 445 Διότι
428 386 527 461 οὐχ
581 387 858 463 ὂπάρχεις
915 391 1239 462 Χριστιανή.
1308 392 1370 447 Ἡ
1445 389 1502 447 δὲ
1566 391 1866 490 ἀκούσασα,

1994 403 2321 469 Christiana
2351 431 2471 470 non
2494 434 2575 472 es.
2602 420 2791 484 Quare
2817 424 3013 479 statim
3041 426 3436 488 Christianam
3469 451 3530 488 se
3555 434 3620 490 fu

256 480 422 537 εὗϐἓως
482 477 722 529 ωνὲθετο
785 479 1032 551 γενέσθαι
1094 482 1412 554 Χριστιανή.
1497 478 1869 559 Πρεσόυτέρου

256 566 301 623 δὲ
329 571 392 640 μή
440 566 584 630 ὄντος
649 567 743 624 διὰ
801 570 896 624 τὸν
955 566 1216 643 διωγμὸν,
1272 566 1569 641 ἐϐαπτίσθη
1604 573 1748 646 παρὰ
1775 578 1873 628 τοῦ

255 656 608 719 Γαλατίωνος.
674 660 816 715 Εἶτα
874 659 1153 721 συνέθεντο
1208 657 1623 729 ἁλλήλοις,καί
1670 658 1871 716 διένει-

250 768 335 818 μιν
379 748 465 800 τὸν
524 748 770 802 πλοῦτον
833 748 1005 801 αὐτῶν
1064 752 1181 810 τοῖς
1237 748 1449 817 πένησι,
1492 748 1581 802 καὶ
1638 748 1871 817 ἀνῆλθον

243 835 305 895 εἷς
330 831 464 909 ὄρος,
496 837 592 890 καὶ
645 836 915 909 ἐμόνασαν
978 834 1128 898 ἰδίως
1187 836 1262 899 εἷς
1321 839 1679 911 μοναστήρια.
1715 840 1867 914 Έγέ-

235 946 332 979 vero
380 922 436 979 δὶ
492 923 750 1001 διωγμὸς
805 928 930 982 τότε
984 926 1119 981 κατᾶ
1192 931 1299 981 τῶν
1360 928 1718 1002 Χριστιανῶν·
1781 931 1868 985 καὶ

236 1015 397 1083 μαθὼν
450 1016 479 1068 ὁ
530 1023 635 1084 τῆς
676 1018 866 1091 χώρας
928 1015 1113 1091 ἅρχων
1168 1018 1289 1091 περὶ
1345 1017 1543 1089 αὐτῶν,
1597 1018 1878 1075 ἀπέστειλε

230 1103 303 1156 καὶ
356 1103 627 1177 ἐκράτησε
696 1106 787 1159 τὸν
844 1103 1211 1161 Γαλακτίωνα.
1272 1107 1369 1160 Καὶ
1451 1105 1647 1161 τούτου
1706 1127 1873 1181 συρο-

232 1192 402 1263 μὲνου,
460 1190 693 1255 ἔφθασεν
750 1192 912 1248 αὖτὸν
966 1197 1001 1263 ἡ
1069 1196 1405 1268 Ἐπιστήμη,
1463 1195 1553 1249 καὶ
1615 1216 1872 1272 συνεκρα-

227 1284 377 1350 τήθηο
435 1282 531 1335 καὶ
592 1283 742 1355 παρὰ
795 1286 891 1337 τοῦ
949 1285 1215 1359 ἄρχοντος
1273 1286 1529 1347 κοπὲντες
1559 1290 1750 1361 χεῖρας
1780 1287 1873 1341 καὶ

230 1368 383 1432 πόδας
393 1415 408 1440 ,
441 1370 652 1450 ἀπεκειρ
659 1370 727 1427 αλ
738 1372 853 1442 ίσθη
862 1395 973 1430 σαν.

830 1503 906 1573 τῇ
936 1498 1072 1573 αὐτῇ
1097 1500 1278 1572 ἡμέρᾳ

231 1618 488 1685 Ἀθλησις
544 1614 642 1667 τοῦ
699 1607 859 1682 ἁγίου
917 1605 1204 1685 Δομνίνου,
1262 1606 1352 1661 καὶ
1419 1609 1527 1659 τῶν
1558 1603 1672 1685 ,σὺν
1733 1603 1879 1685 αιδτῷ

290 1675 937 1758 ὸεοῖτίμουητίμοὶθὲου,
995 1675 1286 1746 Φιλοθέου,
1358 1675 1667 1752 Δωροθέου,
1735 1675 1881 1751 Καρ..

292 1748 495 1835 τερξου,
527 1748 620 1811 καὶ
653 1748 950 1809 Σιλϐανοῦ.

291 1886 454 1942 Οὗτοι
516 1885 770 1958 ὑπῆρχον
827 1878 913 1933 ἐπὶ
972 1874 1275 1949 Μαξιμίνου
1329 1878 1426 1931 τοῦ
1470 1872 1762 1950 βασιλέως,
1790 1873 1876 1929 δι-

230 1972 506 2036 ὃάσκοντες
560 1974 652 2028 τὸν
712 1968 881 2044 λόγον
938 1971 1036 2023 τοῦ
1097 1968 1250 2020 Θεοῦ’
1308 1966 1397 2020 καὶ
1454 1963 1706 2026 πολλοὺς
1761 1969 1870 2019 τῶν

229 2064 454 2119 ἀπίστων
488 2058 904 2137 ἐπιστρέφοντες
958 2057 1045 2112 ἐπὶ
1102 2057 1191 2111 τὸν
1244 2055 1469 2130 Κύριον,
1504 2050 1871 2126 διεϐλήθησαν

226 2159 295 2225 τῷ
392 2151 702 2226 Μαξιμίνῳ·
802 2149 891 2203 καί
992 2143 1366 2221 κρατηθέντες,
1454 2142 1872 2219 ἐτιμωρήοησαν

228 2243 481 2319 ἰσχυρῶς.
561 2242 692 2297 Εἶτα
765 2234 1223 2305 κατεδικάσθησαν
1289 2233 1753 2309 ταλαιπωρεῖσθαι
1814 2232 1868 2287 ἐν

225 2338 334 2393 τοῖς
384 2335 485 2386 τοῦ
515 2328 733 2404 χαλκοῦ
790 2324 1079 2400 μετάλλοι,
1138 2325 1241 2380 Καὶ
1304 2322 1436 2397 μετὰ
1470 2324 1667 2397 χρόνον
1700 2320 1875 2376 πολὺν

225 2417 579 2492 ἐκϐληθέντες
616 2422 714 2474 τοῦ
772 2414 1055 2491 χαλκείου,
1114 2414 1200 2468 καὶ
1258 2413 1623 2487 παραστάντες
1654 2416 1736 2483 τῷ
1765 2432 1876 2465 πα-

229 2511 451 2586 ρανόμῳ
515 2511 746 2583 βήματι,
804 2505 892 2560 καὶ
968 2503 1488 2577 καταναγκασθέντες
1546 2503 1697 2555 θῦσαι
1757 2505 1876 2562 τοῖς

230 2598 505 2666 εῗὸώλοις,
574 2599 662 2652 καὶ
753 2597 830 2669 μή
917 2592 1239 2660 πεισθέντες,
1300 2589 1727 2665 ἐκρεμάσθησαν,
1787 2589 1875 2644 καὶ

228 2690 509 2759 ἐξέσθησαν
591 2688 856 2757 ἀνηλεῶς.
914 2684 1089 2758 Ὁρῶν
1158 2680 1217 2736 δὲ
1288 2683 1385 2751 τὴν
1443 2680 1724 2756 καρτερίαν
1785 2679 1879 2735 αὐ-

228 2784 326 2834 τῶν
362 2776 656 2855 Πάμφιλός
685 2797 766 2837 τις
805 2775 964 2850 ἀνὴρ,
1020 2772 1107 2826 καὶ
1161 2770 1545 2846 λογισάμενος,
1579 2769 1683 2840 ὅτι,
1716 2768 1766 2823 εἴ
1799 2770 1874 2841 μὴ

226 2868 374 2944 εἶχον
432 2869 586 2922 οὗτοι
648 2863 890 2940 μεγάλας
940 2862 1029 2917 καὶ
1089 2855 1308 2937 βεϐαίας
1355 2859 1449 2921 τας
1503 2856 1747 2926 ἐλπίδας,
1782 2859 1880 2913 οὔκ

227 2957 281 3011 ἂν
329 2957 586 3016 τοιαύτας
643 2952 912 3027 τιμωρίας
973 2950 1262 3024 ὑπέμενον,
1322 2948 1594 3004 ἐπίστευσε
1625 2952 1705 3020 τῷ
1737 2953 1877 3023 Χρι-

224 3052 349 3119 στῷ·
409 3048 503 3102 καὶ
563 3045 655 3100 σὺν
718 3043 865 3115 αὐτῷ
928 3047 1173 3116 γυναῖκες
1232 3039 1489 3114 παρθένοι
1546 3042 1712 3113 τρεῖς.
1773 3035 1878 3093 Καὶ

3507 300 3653 362 146

1986 500 2177 554 turam
2199 501 2529 572 pollicetur.
2559 508 2668 563 Sed
2692 528 2825 566 cum
2849 515 3013 569 nulla
3034 518 3361 589 presbyteri
3385 522 3639 579 facultas

1987 594 2228 677 prOpter
2255 597 2730 661 persecutionem
2756 600 3016 671 daretur,
3042 606 3111 659 ab
3140 607 3267 677 ipso
3292 611 3634 669 Galactione

1986 675 2276 747 baptizata
2307 688 2413 736 est.
2450 686 2672 742 Deinde
2724 706 2791 743 ex
2841 675 3179 764 composito
3210 696 3543 756 distributis
3574 704 3637 758 in

1987 783 2277 839 pauperes
2299 771 2699 847 facultatibus,
2727 784 2974 853 uterque
3000 784 3056 837 in
3086 793 3347 843 montem
3372 794 3637 861 secessit,

1987 863 2162 928 atque
2190 860 2251 913 in
2279 867 2707 922 monasterium
2735 873 3053 941 separatim
3095 892 3153 929 se
3187 880 3428 949 recepit.
3465 882 3639 939 Com-

1988 954 2148 1003 mota
2169 957 2367 1006 autem
2386 954 2447 1007 in
2467 955 2831 1014 Christianos
2844 966 3359 1032 persecutione,ad
3379 970 3639 1042 regionis

1986 1037 2332 1105 praefectum
2365 1041 2543 1098 delati
2577 1051 2735 1101 sunt.
2762 1049 2909 1103 Dum
2940 1051 3118 1122 igitur
3147 1037 3641 1115 Galactionvcom-

1987 1127 2321 1196 prehensus
2354 1132 2427 1186 ad
2457 1134 2802 1203 praafectum
2846 1140 3121 1209 trahitur,
3153 1145 3448 1214 Episteme
3481 1165 3644 1204 asse-

1990 1221 2126 1271 cuta
2158 1234 2290 1273 eum
2322 1226 2431 1285 est,
2488 1228 2545 1278 et
2593 1224 2771 1279 simul
2815 1243 2949 1282 eum
2999 1230 3102 1284 illo
3135 1237 3386 1290 retenta.
3420 1238 3641 1295 Deinde

1988 1304 2183 1375 ambo,
2244 1311 2507 1379 praecisis
2568 1314 2843 1370 manibus
2898 1333 2965 1372 ac
3022 1319 3291 1392 pedibus,
3366 1324 3641 1383 decollati

1988 1392 2174 1450 fuere.

2620 1526 2839 1583 Eodem
2891 1529 3008 1585 die.

1989 1626 2142 1705 10$
2174 1627 2460 1705 Certamen
2490 1635 2667 1705 sancti
2719 1637 3000 1705 Domnini,
3046 1645 3098 1694 et
3152 1644 3423 1697 sociorum
3466 1644 3639 1700 Theo-

2062 1701 2205 1785 tnipii,
2238 1700 2524 1784 Timothei,
2575 1705 2871 1776 Philotimi,
2926 1700 3207 1781 Dorothei,
3270 1715 3527 1785 Carterii,
3588 1723 3638 1772 et

1905 1779 1952 1844 Β
2065 1771 2300 1829 Slivani.

2054 1895 2155 1950 Isti
2189 1897 2499 1953 Maximino
2532 1899 2889 1972 imperatore
2938 1905 3223 1964 claruere.
3257 1913 3403 1966 Cum
3435 1916 3633 1968 autem

1985 1984 2227 2040 verbum
2286 1987 2386 2040 Dei
2449 1987 2748 2059 docerent,
2781 1992 3121 2066 multosque
3180 1998 3514 2054 inﬁdelium
3562 2001 3636 2055 ad

1986 2075 2302 2131 Dominum
2358 2084 2790 2147 converterent,
2850 2082 3028 2138 delati
3088 2086 3161 2140 ad
3232 2088 3637 2158 Maximinum,

1987 2168 2045 2218 et
2073 2166 2509 2236 comprehensi,
2551 2170 3032 2243 gravissimisque
3085 2177 3397 2231 tormentis
3428 2193 3636 2233 excru-

1986 2253 2145 2320 ciati,
2179 2253 2539 2310 damnantur
2587 2257 2661 2312 ad
2718 2261 2980 2316 metalla.
3034 2264 3174 2318 Post
3218 2266 3470 2320 multum
3505 2283 3637 2321 vero

1987 2347 2221 2415 tempus
2244 2345 2539 2417 ergastulo
2564 2346 3081 2415 educti,sistuntur
3102 2352 3309 2425 iniquo
3331 2354 3635 2411 tribunali:

1988 2448 2242 2502 cumque
2267 2433 2467 2489 induci
2492 2436 2829 2507 nequirent,
2855 2444 2920 2493 ut
2940 2439 3115 2495 idolis
3139 2443 3543 2511 immolarent,
3577 2446 3639 2500 in

1987 2522 2309 2592 equuleum
2331 2523 2467 2591 acti,
2492 2525 2903 2583 crudelissime
2928 2530 3425 2587 excarniﬁcantur
3449 2550 3461 2587 :
3488 2551 3638 2603 quo-

1986 2628 2117 2667 rum
2149 2615 2549 2671 constantiam
2580 2618 2923 2687 Pamphilus
2954 2620 3196 2691 quidam
3238 2624 3638 2694 conspicatus,

1988 2718 2307 2773 secumque
2337 2711 2642 2776 reputans,
2666 2707 2779 2761 nisi
2809 2708 2982 2765 ﬁrma
3012 2713 3408 2769 maximarum
3439 2732 3639 2773 rerum

1988 2806 2090 2861 spe
2120 2791 2311 2859 nixos,
2344 2810 2463 2848 non
2511 2811 2683 2865 posse
2732 2795 2865 2852 illos
2906 2800 3085 2854 tantis
3132 2803 3439 2874 suppliciis
3470 2823 3643 2876 pares

1988 2895 2136 2947 esse,
2173 2880 2234 2934 in
2266 2881 2564 2937 Christum
2596 2883 2868 2953 credidit,
2898 2903 3018 2942 una
3063 2906 3199 2944 cum
3249 2892 3437 2948 tribus
3476 2894 3646 2966 virgi-

1987 2968 2182 3025 nibus.
2217 2971 2406 3036 Quare
2433 2972 2657 3044 pudore
2690 2973 2950 3031 suﬂ‘usus
2980 2978 3352 3049 Maximinus,
3386 2999 3647 3053 pronun-

1988 3060 2171 3127 tiavit,
2196 3066 2260 3115 ut
2285 3078 2492 3116 omnes
2523 3063 2712 3135 capite
2736 3064 3173 3134 plecterentur:
3208 3070 3310 3139 qui
3342 3069 3641 3139 decollati,

220 3138 414 3192 τούτου
472 3133 798 3211 γενομένου,
853 3129 1162 3186 αἰσχυνθεὶς
1218 3130 1246 3183 ὁ
1304 3130 1630 3201 Μαξιμῖνος,
1666 3120 1875 3217 ’ἔδωκεν

1994 3154 2228 3205 sanctas
2259 3166 2327 3206 ac
2376 3149 2580 3208 beatas
2628 3154 2858 3210 animas
2908 3170 3045 3211 suas
3098 3157 3345 3214 Domino
3378 3160 3642 3217 tradide-

220 3224 488 3301 ἀπόφασιν
545 3223 661 3277 κατ’
724 3218 921 3276 αὒτῶν.
982 3217 1084 3276 Καὶ
1166 3215 1358 3279 πάντες
1416 3213 1876 3293 ἀποκεφαλισθέν-

216 3338 323 3387 τες,
356 3312 682 3391 παρέδωκαν
740 3316 821 3385 τῷ
879 3309 1063 3385 Κυρίῳ
1114 3307 1208 3371 τὰς
1264 3307 1421 3384 ἁγίας
1475 3306 1565 3363 καὶ
1607 3305 1876 3382 μακαρίας

220 3405 394 3462 αὐτῶν
420 3402 608 3481 ψυχάς
619 3447 631 3461 .

799 3511 953 3567 ΜΗΝ
962 3511 985 3566 Ι
1006 3509 1094 3566 ΤΩ
1115 3512 1308 3564 ΛΥἸὯ.

1031 3621 1070 3685 ζ.

287 3727 566 3797 ’Λθλησις
624 3728 741 3798 τοῦ,
780 3722 964 3798 ἁγίουγ
998 3720 1220 3776 Παυλου
1269 3719 1805 3798 τοῦῃὸμολογητοῢ,

542 3792 892 3871 πατριάρχου
924 3792 1565 3867 Κωνσταντινουρόλεως.

290 3923 467 3984 Οὗτος
527 3923 748 3997 ὑπῆρχε
834 3918 892 3973 ἐκ
970 3923 1068 3986 τῆς
1140 3915 1560 3986 Θεσσαλονίκης,
1629 3915 1880 3993 νοτάριος

220 4011 583 4088 Ἀλεξάνδρου
615 4013 712 4064 τοῦ
764 4006 1068 4082 άγιωτάτου
1117 4008 1482 4081 πατριάρχου,
1511 4005 1599 4059 καὶ
1633 4002 1879 4068 διάκονος

224 4110 321 4171 τῆς
396 4102 448 4157 ἐν
514 4096 1092 4157 Κωνσταντινουπὸλει
1152 4094 1500 4165 Ἐκκλησίας’
1556 4094 1614 4149 ’ὁν
1675 4095 1730 4150 οἱ
1789 4095 1883 4171 ὀρ-

229 4191 438 4264 θᾶδοξοι
503 4189 639 4263 μετά
693 4186 952 4254 τελευτὴν
1026 4182 1387 4260 Ἀλεξάνδρου
1440 4183 1880 4259 προχειρίζονται

227 4281 597 4356 πατριάρχην.
656 4275 1028 4334 Κωνστάντιος
1087 4272 1143 4329 δὲ
1203 4276 1230 4329 ὁ
1293 4272 1569 4349 βασιλεὺς,
1601 4274 1879 4349 Ἀρειανὸς

231 4370 321 4440 ὢν,
356 4367 699 4443 ὑποστρέψας
760 4367 863 4420 ἀπὸ
910 4365 1273 4439 Ἀντιοχείας,
1336 4357 1594 4418 ἐκϐάλλει
1623 4368 1725 4417 τοῦ
1753 4362 1880 4439 θρό-

230 4481 345 4525 νου,
402 4460 495 4513 καὶ
552 4457 664 4512 ἀντ’
727 4456 930 4511 ἐκείνου
989 4453 1411 4528 προεχειρίσατο
1472 4448 1732 4508 Εὐσέϐιον
1786 4452 1878 4507 τὸν

231 4547 618 4621 Νξκῡμηδείας.
653 4547 714 4603 Ὁ
772 4543 829 4600 δὲ
884 4539 1289 4616 καταλαμϐάνει
1348 4543 1445 4611 τήν
1501 4542 1747 4612 Ῥώμην,
1792 4542 1877 4595 εὐ·-
1912 4525 1954 4588 D

236 4638 341 4712 ρῶν
400 4639 489 4692 καὶ
548 4637 642 4691 τὸν
725 4631 890 4708 μέγαν
952 4633 1267 4688 Ἀθανάσιον
1324 4625 1729 4702 ἐκϐεϐλημένον
1788 4634 1885 4684 τοῦ

236 4727 437 4782 οἰκείου
501 4725 718 4801 θρόνου·
777 4725 865 4777 καὶ
926 4720 1013 4777 8ιᾶ
1072 4722 1407 4797 γραμμάτων
1468 4724 1565 4773 τοῦ
1618 4718 1887 4795 βασιλέως

240 4817 580 4877 Κώνσταντος
644 4805 1100 4883 ἀπολαμϐάνουσι
1158 4809 1286 4871 τοὺς
1349 4807 1587 4870 οἳκείους
1640 4809 1883 4885 θρόνους.

242 4907 331 4959 Καὶ
364 4904 528 4959 πάλιν
562 4900 926 4959 ἐκϐάλλονται
982 4899 1125 4974 παρὰ
1177 4897 1550 4953 Κωνσταντίου
1594 4892 1885 4973 συμϐουλῇ

238 5001 345 5049 τῶν
402 4998 715 5071 Ἀρειανῶν.
796 4992 932 5049 Τότε
1012 4989 1202 5067 γράφει
1289 4991 1545 5054 Κώνστας
1604 4990 1740 5062 πρὸς
1794 4991 1884 5045 τὸν

244 5083 468 5161 ἀδελφὸν
500 5082 891 5152 Κωνστάντιον,
916 5080 1020 5151 ὅτι,
1046 5080 1109 5135 Εἴ
1139 5080 1215 5152 μὴ
1240 5074 1569 5134 ἀπολάϐοιεν
1601 5077 1728 5141 τοὺς
1761 5076 1887 5152 θρό-

248 5195 364 5236 νους
390 5175 615 5243 ἑαυτῶν,
654 5172 947 5243 ἐλεύσομαι
1000 5171 1132 5243 μετᾶ
1180 5169 1369 5224 ὃπλων
1425 5168 1561 5224 κατᾶ
1592 5173 1708 5226 σοῦ.
1751 5170 1890 5225 Ἀπ-

252 5258 429 5318 ἑλαϐεν
458 5264 547 5317 οὖν
580 5263 670 5316 τὸν
710 5263 900 5336 Θρόνον
944 5260 971 5313 ὁ
1028 5257 1241 5320 Παῦλος
1291 5259 1352 5313 τὸ
1383 5255 1586 5332 τρίτον.
1622 5257 1722 5313 Καὶ
1759 5259 1891 5330 μετὰ

256 5355 460 5414 θάνατον
522 5354 895 5416 Κώνσταντος,
955 5348 1251 5422 ἐξορίζεται
1305 5348 1378 5410 εἷς
1439 5350 1745 5404 Κούκουσον
1792 5354 1889 5417 τῆς

260 5441 550 5515 ’Λρμενέας,
614 5440 717 5498 Καὶ
773 5436 1155 5502 ἀποκλεισθεὶς
1214 5436 1266 5491 ἐν
1324 5436 1608 5510 οἰκήματι,
1641 5436 1890 5513 λειτουρ-

265 5533 365 5602 γῶν
423 5531 689 5607 ἀπεπνίγη
739 5529 887 5602 παρὰ
942 5533 1048 5582 τῶν
1102 5528 1422 5604 ’Δρειανῶν,
1457 5526 1593 5599 μετὰ
1620 5530 1715 5582 τοῦ
1746 5523 1889 5582 ἰδίου

270 5622 589 5698 ωμοφορίου.

1987 3244 2146 3295 runt.

2539 3522 2791 3580 EODEM
2830 3527 2975 3581 ΜΕΝ
2982 3526 3082 3581 SE.

2665 3632 2767 3688 Die
2797 3639 2962 3691 sexta

1988 3738 2141 3793 109
2175 3738 2458 3795 Certamen
2486 3742 2666 3815 sancti
2709 3742 2873 3795 Pauli
2921 3746 3261 3812 confessoris,
3299 3746 3644 3815 patriarchae

2507 3811 3133 3884 Constantinopolitani.

2059 3935 2163 3990 Hic
2195 3952 2263 3990 ex
2292 3935 2437 3991 urbe
2468 3936 2887 3995 Thessalonica
2908 3939 3039 4006 fuit,
3066 3942 3425 3999 sanctissimi
3449 3947 3634 4016 patri-

1990 4027 2182 4080 archa:
2214 4025 2527 4081 Alexandri
2561 4028 2924 4098 notarius,et
2962 4032 3643 4105 ConstantinOpolitanze

1989 4115 2265 4171 Ecclesiae
2316 4114 2633 4172 diaconus:
2684 4117 2785 4189 qui
2833 4119 3166 4175 Alexandro
3199 4122 3314 4177 vita
3347 4124 3542 4178 functo
3574 4125 3645 4178 ab

1992 4206 2331 4263 orthodoxis
2372 4207 2706 4278 patriarcha
2755 4210 3153 4275 renuntiatus,
3198 4228 3233 4265 a
3280 4212 3645 4280 Constantio,

1990 4297 2207 4353 Ariano
2232 4297 2608 4367 imperatore,
2634 4297 2704 4351 ab
2736 4299 3048 4354 Antiochia
3077 4316 3333 4366 reverso,
3370 4319 3398 4355 e
3435 4302 3643 4356 throno

1995 4386 2291 4457 dejicitur,
2322 4385 2383 4438 in
2417 4386 2543 4455 ejus
2571 4386 2767 4441 locum
2816 4389 3060 4442 suffecto
3092 4388 3342 4443 Eusebio
3376 4390 3646 4444 Nicome-

1996 4476 2207 4531 diensi.
2244 4475 2459 4529 Paulus
2482 4480 2679 4529 autem
2707 4476 2951 4531 Romam
2974 4476 3295 4547 profectus,
3321 4478 3541 4550 reperit
3563 4479 3644 4533 ibi

1994 4564 2383 4619 Athanasium
2417 4580 2446 4616 e
2478 4564 2717 4635 propria
2767 4564 2903 4619 sede
2953 4566 3348 4622 exturbatum.
3400 4567 3511 4622 Sed
3544 4586 3648 4639 per

1996 4654 2223 4708 litteras
2255 4652 2590 4707 Constantis
2649 4653 3024 4724 imperatoris
3074 4657 3135 4710 in
3182 4673 3355 4711 suum
3398 4662 3647 4728 uterque

1996 4743 2277 4798 thronum
2291 4740 2430 4796 resti
2442 4742 2727 4797 tuitur.Iis
2741 4758 2875 4798 vero
2889 4750 3141 4799 rursusA
3153 4747 3453 4801 rianorum
3470 4764 3652 4818 opera

1997 4849 2029 4887 a
2051 4830 2391 4885 Constantio
2414 4830 2639 4902 ejectis,
2674 4832 2963 4888 Constans
2986 4832 3061 4888 ad
3092 4835 3500 4890 Constantium
3526 4837 3649 4893 ira-

1997 4923 2147 4972 trem
2179 4917 2435 4988 scripsit,
2469 4917 2583 4972 nisi
2643 4918 2817 4974 ambo
2878 4920 2939 4974 in
2996 4920 3312 4991 pristinum
3345 4921 3651 4995 dignitatis

1995 5005 2244 5075 gradum
2275 5005 2752 5072 restituerentur,
2807 5023 2868 5062 se
2920 5008 3143 5063 bellum
3177 5010 3227 5062 ei
3262 5009 3646 5068 indicturum.

1996 5095 2189 5149 Tertio
2221 5095 2400 5167 igitur
2426 5095 2643 5150 Paulus
2671 5097 2949 5151 thronum
2975 5114 3145 5151 suum
3170 5100 3411 5170 recepit.
3436 5102 3652 5156 Verum

1996 5189 2131 5255 post
2160 5185 2497 5239 Constantis
2528 5190 2780 5239 mortem
2806 5186 2866 5239 in
2896 5188 3211 5251 Cucusum,
3240 5191 3531 5249 Armeniae
3559 5206 3654 5245 ur-

1998 5272 2155 5341 bem,
2190 5273 2505 5345 relegatus,
2532 5274 2671 5328 dum
2699 5274 2758 5327 in
2784 5274 3032 5329 aedicula
3054 5275 3319 5331 inclusus
3352 5277 3650 5345 liturgiam

1999 5362 2459 5431 celebraret,suo
2505 5364 2853 5432 omophorio
2917 5363 2989 5417 ab
3057 5364 3282 5421 Arianis
3331 5370 3649 5421 suﬂ‘ocatus

1999 5456 2107 5507 est.
