4030 6196
365 303 479 364 147

369 547 525 602 170
556 542 1008 604 Commemoratio
1038 541 1323 613 pulveris,
1353 539 1466 596 sive
1514 539 1733 605 cineris,
1782 542 1878 592 aut
1903 541 2014 592 sta-

897 621 1005 670 ctes
1035 612 1100 668 de
1140 613 1273 668 caelo
1305 612 1495 682 lapsa.

445 740 730 798 Extremis
755 738 963 794 Leonis
990 737 1186 808 magni
1211 735 1604 808 imperatoris,
1630 737 2021 806 cognomento

375 832 561 901 Bessi,
593 827 979 899 temporibus,
1001 827 1147 881 hora
1179 826 1295 880 diei
1329 832 1510 892 sexta,
1535 824 1852 880 obductum
1879 823 2024 877 atris

375 920 632 978 nubibus
677 917 911 984 malum,
968 915 1141 987 quale
1191 915 1343 971 solet
1390 931 1517 970 esse
1571 912 2024 968 imminentibus

372 1009 648 1067 maximis
669 1005 980 1075 imbribus,
1006 1005 1313 1060 ardentem
1336 1020 1569 1076 quaque
1593 1019 1794 1058 versus
1811 1001 2022 1056 faciem

371 1099 719 1172 praaferens,
741 1096 861 1168 igni
891 1095 1090 1150 omnia
1114 1100 1524 1165 correpturum
1543 1109 1672 1148 esse
1694 1090 2022 1157 videbatur,

369 1195 436 1245 ut
466 1188 696 1243 etiamsi
721 1203 790 1240 ex
810 1183 1152 1256 huiusmodi
1179 1183 1437 1238 nubibus
1461 1181 1658 1254 pluvia
1675 1181 2023 1249 deferretur,

376 1279 497 1351 igni
531 1283 730 1332 tamen
753 1292 819 1330 ac
847 1275 1106 1340 ﬂamma,
1131 1289 1251 1327 non
1283 1289 1452 1328 secus
1481 1288 1546 1326 ac
1578 1271 1719 1326 olim
1751 1269 2022 1333 Sodoma,

373 1367 573 1424 omnia
606 1371 762 1420 esset
789 1365 1126 1418 incensura.
1150 1362 1262 1418 Sed
1287 1379 1420 1417 cum
1453 1359 1788 1416 sacerdotes
1819 1375 2026 1414 omnes

379 1475 446 1513 ac
465 1457 543 1528 pii
563 1454 836 1510 homines
849 1469 984 1508 cum
1004 1452 1280 1524 lacrymis
1294 1451 1364 1506 ad
1386 1450 1603 1522 templa
1620 1449 2026 1522 confugerent,

382 1549 686 1616 Deumque
709 1549 768 1598 et
788 1542 1230 1598 immaculatam
1254 1541 1563 1612 Deiparam
1593 1539 1891 1611 supplices
1922 1538 1993 1593 de
2011 1569 2026 1580 -

377 1639 765 1707 precarentur
789 1660 802 1699 ;
835 1632 937 1703 qui
967 1649 1083 1686 non
1108 1631 1230 1686 vult
1248 1636 1500 1686 mortem
1525 1635 1899 1701 peccatorum
1919 1627 2032 1682 cle-

379 1723 788 1778 mentissimus
828 1721 1135 1786 Dominus,
1182 1737 1416 1792 pmnam
1448 1718 1766 1773 clementia
1797 1721 2030 1788 tempe-

1677 293 2114 358 MENOLOGII
2155 296 2368 358 PARS
2409 297 2462 357 l.

1016 435 1236 491 Eodem
1266 434 1360 489 die
2041 429 2096 499 Α

3654 297 3770 358 118

2693 433 2777 504 Τῇ
2818 428 2952 503 αὐτῇ
2999 431 3200 505 ἡμέρᾳ.

2134 533 2195 588 Ἣ
2229 535 2526 610 ἀνάμνησις
2554 543 2656 607 τῆς
2689 535 2958 610 πεσόυαης
3009 534 3059 607 ἐξ
3108 537 3344 610 οὐρανοῦ
3389 536 3611 607 κόνεως,
3643 538 3771 606 ἤτοι

2655 609 2878 685 τὲφρας,
2908 612 2943 679 ἢ
2988 609 3239 677 στακτῆς.

2200 731 2322 787 Ἐπὶ
2355 731 2587 794 Λέοντος
2644 730 2741 788 τοῖ’)
2803 733 3045 808 μεγάλου
3101 730 3392 808 βασιλέως,
3449 736 3544 787 τοῦ
3590 731 3777 789 ἐπιλε-

2125 823 2360 896 γομὲνου
2387 823 2615 893 Βὲσσου,
2648 823 2768 896 περὶ
2809 824 2876 878 τὰ
2925 821 3210 879 τελευταῖα
3262 829 3360 892 τῆς
3416 820 3578 878 αὐτοῦ
3613 823 3775 898 βασι-

2129 907 2300 980 λείας,
2332 907 2448 986 ὥρᾳ
2475 906 2604 985 ἕκτῃ
2662 914 2761 976 τῆς
2816 912 3045 987 ἡμερας,
3107 911 3297 987 γέγονε
3337 913 3596 990 συννεφὴς
3627 912 3654 965 ὁ
3686 911 3778 966 06-

2129 999 2309 1074 ρανὸς,
2342 999 2430 1053 καὶ
2462 1000 2559 1068 τήν
2619 1000 2820 1071 συνήθη
2880 1004 2986 1055 τῶν
3047 997 3412 1077 ὀμϐροφόρων
3453 1005 3649 1078 νεφῶν,
3682 1020 3784 1072 με-

2129 1087 2317 1142 λανίαν
2352 1087 2429 1151 εἷς
2474 1087 2701 1162 πυρώδη
2754 1089 2874 1153 θέαν
2927 1085 3272 1162 μεταϐαλὼν,
3311 1086 3487 1144 ἐδόκει
3515 1089 3581 1144 τὰ
3609 1090 3783 1143 πάντα

2127 1176 2504 1252 καταφλέγειν·
2564 1178 2638 1240 ὡς
2695 1177 2932 1252 νομίζειν
2991 1181 3250 1248 ἅπαντας,
3293 1179 3368 1243 ὠς
3397 1177 3561 1234 εἶκαὶ
3597 1179 3780 1255 βροχή

2129 1265 2478 1341 κατενεχθείη
2538 1265 2596 1320 ἐκ
2645 1267 2907 1322 τοιούτων
2965 1273 3162 1344 νεφῶν,
3221 1267 3434 1329 πάντως
3476 1271 3582 1343 πῦρ
3611 1265 3782 1335 ἔσται,

2129 1356 2220 1410 καὶ
2279 1355 2438 1434 φλὸξ,
2494 1357 2788 1413 κατακαίου
2848 1358 2922 1420 ὡς
2979 1358 3150 1414 πάλαι
3207 1361 3275 1414 τὰ
3334 1358 3577 1432 Σόδομα.
3637 1359 3783 1416 Hav-

2130 1466 2236 1500 των
2273 1443 2329 1500 δὶ
2357 1450 2464 1500 τῶν
2526 1444 2711 1522 ἱερέων
2759 1447 2849 1501 καὶ
2905 1451 3011 1502 τῶν
3067 1442 3314 1502 εὐλαϐῶν
3368 1449 3504 1520 μετά
3533 1445 3785 1520 δακρύων

2132 1535 2554 1612 προσφυγόντων
2611 1540 2728 1598 ταῖς
2797 1534 3134 1607 ἐκκλησίαις,
3189 1537 3278 1591 καὶ
3331 1536 3424 1591 τὸν
3483 1538 3634 1606 Θεὸν,
3690 1535 3784 1591 καὶ

2133 1625 2232 1693 τὴν
2260 1624 2641 1700 πανάχραντον
2697 1625 2956 1681 Θεοτόκον
2990 1623 3409 1694 δυσωπούντων,
3443 1627 3470 1680 ὁ
3502 1627 3578 1699 μὴ
3609 1625 3786 1690 θέλων

2137 1715 2229 1770 τὸν
2287 1714 2508 1770 θάνατον
2561 1719 2669 1770 τῶν
2725 1713 3072 1790 ἁμαρτωλῶν
3131 1713 3520 1790 φιλάνθρωπος
3565 1714 3789 1786 Κύριος,

378 1831 539 1879 rans,
577 1811 885 1883 imperavit
911 1810 1194 1879 nubibus,
1225 1815 1290 1865 ut
1328 1808 1740 1864 admirabilem
1771 1807 2029 1880 pluviam

2152 1805 2366 1879 ιςράτας
2424 1807 2491 1877 τῇ
2540 1783 2782 1878 τιμωρία
2834 1783 2934 1874 τὴν
2994 1783 3340 1882 ἀγαθότηταξ
3379 1783 3794 1867 ἐκέλευσε-ταῖς

378 1903 737 1958 emitterent.
771 1906 816 1954 A
849 1915 1091 1970 vespere
1140 1899 1318 1971 igitur
1375 1898 1448 1952 ad
1504 1896 1762 1952 mediam
1793 1901 2030 1952 noctem

378 1993 550 2065 pluit.
585 1993 722 2057 Qua;
751 1996 948 2046 autem
982 1989 1301 2057 defluebat,
1335 1993 1516 2044 stacte
1541 1994 1663 2044 erat
1685 1988 1916 2043 fervens
1938 1987 2030 2042 in-

377 2088 500 2138 star
531 2081 854 2137 carbonum
887 2097 1018 2152 qua:
1053 2079 1285 2150 plantas
1333 2095 1542 2134 omnes
1590 2077 1852 2135 adussit:
1900 2094 2030 2148 quae

377 2187 512 2226 vero
546 2171 606 2224 in
653 2169 877 2242 tegulas
939 2167 1176 2237 decidit,
1229 2166 1303 2223 ad
1359 2167 1620 2223 hominis
1673 2167 2030 2239 spithamam

381 2259 656 2316 excrevit.

949 2380 1188 2437 EODEM
1212 2379 1461 2435 MENSE.

1010 2470 1112 2525 Die
1154 2470 1408 2541 septima

390 2580 537 2633 171
605 2576 886 2631 Certamen
943 2581 1262 2630 sanctorum
1315 2582 1618 2645 martyrum
1678 2573 1925 2644 Antonii,
1983 2580 2034 2628 et

628 2654 928 2719 parentum
957 2648 1096 2716 ejus,
1129 2646 1427 2718 Melasippi
1472 2654 1524 2701 et
1556 2649 1784 2714 Casina,

457 2756 548 2823 Hi,
579 2755 812 2811 Iuliano
865 2759 1134 2827 apostata
1183 2754 1559 2827 tyrannidem
1610 2758 1941 2817 exercente,
1974 2754 2036 2808 in

384 2845 530 2900 urbe
579 2847 811 2915 Ancyra
854 2849 1043 2899 erant.
1093 2843 1520 2915 Comprehensi
1568 2848 1765 2898 autem
1806 2843 1878 2898 ab
1910 2843 2038 2914 ipso

386 2939 542 2988 sunt.
598 2935 667 2987 Et
723 2933 978 2989 Antonio
1031 2933 1273 3004 quidem
1307 2933 1368 2988 in
1401 2949 1698 2988 carcerem
1747 2933 2036 3004 conjecto,

387 3028 665 3096 parentes
696 3023 826 3094 ejus
874 3023 936 3077 in
968 3023 1288 3093 equuleum
1321 3022 1616 3095 suspensi,
1651 3021 2038 3090 dilaniantur,

388 3118 564 3185 atque
595 3113 715 3185 igni
745 3113 1112 3168 aduruntur:
1147 3118 1206 3168 et
1252 3111 1478 3167 Casina:
1520 3111 1824 3179 mamilla),
1858 3111 2037 3166 Mela-

389 3203 558 3275 sippo
590 3208 788 3258 autem
830 3219 1004 3258 crura
1049 3201 1503 3258 abscinduntur.
1552 3201 1883 3257 Productus
1907 3217 2042 3256 vero

394 3293 704 3359 Antonius,
737 3309 873 3347 cum
902 3293 1144 3348 vidisset
1166 3296 1441 3364 parentes
1465 3307 1806 3362 suspensos,
1837 3308 2042 3346 eorum

391 3382 661 3438 membra
688 3381 853 3437 humi
875 3381 1141 3454 jacentia
1185 3381 1578 3450 exosculatus,
1611 3381 1872 3452 seipsum
1905 3398 2040 3436 san-

395 3473 570 3546 guine
595 3471 665 3526 de
689 3471 810 3526 illis
833 3471 1159 3526 distillante
1181 3471 1369 3526 unxit.
1391 3470 1484 3524 Illi
1507 3487 1641 3525 vero
1667 3471 1749 3526 ita
1770 3472 2042 3542 suspensi

393 3563 466 3617 ad
500 3561 814 3616 Dominum
837 3561 1338 3633 migrarunt.Tum
1364 3559 1785 3631 Antonius,qui
1817 3577 2044 3616 annum

393 3651 692 3706 decimum
725 3651 964 3704 tertium
995 3649 1226 3722 agebat,
1257 3650 1322 3703 in
1366 3648 1580 3704 faciem
1618 3650 1912 3719 Apostataa
1944 3667 2040 3704 ex-

393 3756 632 3809 spuens,
660 3737 1043 3809 suspenditur
1064 3743 1122 3792 et
1148 3737 1294 3808 ipse,
1319 3753 1386 3792 ac
1412 3737 1844 3808 discerpitur,ej
1857 3754 2043 3808 usque

393 3828 495 3882 tali
529 3827 920 3896 terebrantur,
945 3831 1194 3897 etcaput
1212 3825 1460 3880 raditur.
1487 3825 1710 3880 Deinde
1737 3826 1810 3880 ad
1838 3826 2044 3898 Agrip-

393 3917 601 3988 pinum
660 3914 870 3970 ducem
928 3913 1168 3979 missus,
1229 3919 1406 3984 atque
1463 3914 1535 3969 ab
1594 3931 1662 3969 eo
1717 3914 1778 3968 in
1804 3914 2045 3970 furnum

394 4006 673 4077 injectus,
731 4019 866 4058 cum
921 4002 1147 4057 illmsus
1231 4001 1570 4074 prodiisset,
1655 4003 2047 4076 quadraginta

395 4111 612 4168 pueros
643 4093 726 4148 rei
750 4092 1158 4164 magnitudine
1185 4096 1513 4147 commotos
1530 4092 1602 4146 ad
1627 4093 1841 4148 Christi
1867 4093 2045 4149 ﬁdem

395 4184 714 4257 pertraxit:
748 4182 849 4254 qui
881 4197 1089 4236 omnes
1135 4197 1256 4236 una
1300 4198 1434 4236 cum
1463 4182 1673 4238 eodem
1705 4188 2045 4255 exoptatum

397 4275 601 4344 ﬁnem,
633 4273 850 4347 gladio,
884 4271 1042 4340 caesi,
1075 4276 1452 4343 acceperunt.

1046 4469 1267 4525 Eodem
1301 4470 1396 4525 die

401 4581 553 4636 I12
582 4581 865 4634 Certamen
920 4577 1100 4632 sancti
1151 4578 1428 4644 Hieronis,
1477 4577 1856 4646 sociorumque
1909 4576 2046 4631 duo-

472 4667 594 4705 rum
642 4666 704 4704 ac
754 4650 1009 4718 triginta,
1042 4649 1139 4717 qui
1169 4650 1228 4702 in
1257 4648 1390 4702 urbe
1420 4647 1671 4703 Melitina
1715 4649 2048 4718 martyrium

477 4721 782 4776 subierunt.

480 4827 674 4883 Sancti
707 4829 996 4897 martyres
1029 4825 1266 4890 llieron,
1301 4824 1612 4892 Nicander,
1642 4826 2056 4898 Hesychius,et

410 4917 511 4973 alii
543 4916 784 4986 triginta
814 4914 980 4980 socii,
1007 4912 1359 4968 Maximiano
1386 4918 1444 4967 et
1470 4913 1832 4971 Diocletiano
1856 4915 2057 4986 impiis

405 5004 891 5078 imperatoribus,
922 5004 985 5058 in
1013 5001 1157 5057 urbe
1205 5001 1492 5057 Armeniae
1534 5002 1797 5058 Melitina
1826 5003 2056 5059 clarue-

405 5101 565 5151 runt.
598 5095 741 5149 Cum
773 5098 970 5148 autem
1002 5091 1063 5144 in
1095 5106 1303 5146 omnes
1335 5089 1703 5146 Christianos
1733 5091 2056 5146 universim

407 5202 514 5258 per
543 5183 734 5239 caedes
757 5182 1077 5241 saeviretur.
1098 5179 1320 5235 detenti
1346 5185 1404 5234 et
1427 5179 1540 5250 ipsi
1562 5196 1596 5234 a
1618 5179 1892 5234 Melitinze
1917 5198 2061 5252 pra:-

406 5276 581 5342 fecto,
615 5271 818 5327 multis
851 5269 1157 5341 suppliciis
1179 5269 1386 5324 tentati
1419 5275 1578 5335 sunt,
1601 5286 1744 5323 num
1779 5286 1814 5324 a
1842 5269 2058 5325 Christi

409 5365 572 5420 cultu
604 5361 676 5417 ad
708 5360 1003 5415 idolorum
1026 5358 1510 5430 superstitionem
1535 5358 1761 5414 traduci
1796 5365 2057 5431 possent.

414 5454 526 5510 Sed
544 5468 676 5508 cum
700 5467 816 5505 non
842 5449 1034 5504 solum
1057 5447 1114 5502 id
1135 5448 1329 5503 facere
1351 5449 1826 5516 recusarent,sed
1848 5465 2063 5522 magna

417 5543 596 5600 etiam
621 5557 759 5595 voce
790 5537 1088 5593 Christum
1117 5553 1319 5592 verum
1370 5538 1575 5606 Deum,
1609 5542 1670 5593 et
1698 5538 1828 5594 coeli
1863 5544 2063 5594 terrae-

418 5647 556 5708 que,
589 5648 654 5689 ac
687 5627 956 5686 omnium
1000 5642 1130 5698 quas
1187 5625 1250 5681 in
1309 5625 1394 5683 eis
1439 5630 1596 5700 sunt,
1628 5627 1904 5699 Opiﬁcem
1935 5645 2062 5686 esse

2137 1892 2389 1972 νεφέλαις
2458 1893 2674 1970 βρέχειν
2739 1895 2890 1950 ὑετὸν
2963 1892 3286 1969 παράδοξον.
3348 1895 3484 1952 Ἀπὸ
3539 1895 3639 1970 γὰρ
3691 1897 3796 1964 τῆς

2149 1982 2373 2056 ἑσπέρας
2433 1979 2658 2055 ἤρξατο,
2731 1984 2821 2037 καὶ
2903 1985 3068 2058 μέχρι
3132 1983 3516 2056 μεσοννυκτίου
3573 1977 3794 2058 ἔϐρεχε,

2136 2073 2208 2128 Τὸ
2241 2070 2297 2126 δὲ
2326 2071 2730 2146 κατερχόμενον
2787 2071 2854 2141 ἦν
2916 2074 3114 2143 στακτὴ
3164 2072 3356 2142 ζέουσα
3398 2073 3472 2135 ὠς
3503 2072 3790 2147 ιῖινθρακιᾶ.⁹

2136 2163 2260 2233 ἣτις
2312 2160 2401 2216 καὶ
2457 2161 2750 2217 κατέκαυσε
2801 2161 2973 2218 πάντα
3028 2162 3094 2217 τὰ
3145 2163 3305 2240 φυτὰ,
3363 2163 3597 2219 ἐπὶτῶν
3629 2161 3794 2238 κερά-

2141 2272 2256 2326 μων
2284 2252 2496 2307 τεθεῖσα
2525 2249 2601 2314 ὠς
2632 2249 3131 2327 ἀνδρὸςίσπιθάμη,

2704 2381 2879 2436 MHNI
2907 2381 2996 2438 ΤΩ
3025 2383 3221 2438 ΛΥΤΩ.

2927 2470 2998 2528 Ζ“.

2139 2572 2412 2644 ’Ἄθλησις
2460 2577 2576 2650 τῶν
2630 2574 2796 2650 ᾁγίων
2852 2573 3138 2650 μαρτύρων
3201 2575 3514 2650 Ἀντωνίου,
3545 2577 3635 2632 καὶ
3680 2581 3791 2632 τῶν

2351 2646 2553 2721 γονέων
2587 2644 2772 2715 αὐτοῦ,
2806 2644 3166 2702 Μελασίππου
3197 2649 3284 2702 καὶ
3318 2644 3573 2720 Κασίνης.

2213 2753 2378 2810 Οὗτοι
2417 2754 2667 2829 ὑπῆρχον
2730 2752 2817 2809 ἐπὶ
2869 2762 2968 2824 τῆς
3018 2753 3329 2830 τυραννίδος
3373 2757 3667 2814 ’ῐουλιανοῦ
3697 2761 3798 2812 τοῦ

2146 2837 2486 2917 Παραϐατου,
2546 2841 2597 2896 ἒν
2659 2842 2898 2917 Ἀγκύρᾳ
2967 2847 3036 2918 τῇ
3097 2844 3278 2900 πόλει’
3340 2845 3712 2921 ἐκρατήθησαν
3743 2843 3803 2900 δὲ

2145 2932 2272 3007 παρ’
2329 2930 2512 2986 αὐτοῦ.
2572 2931 2674 2988 Καὶ
2736 2933 2763 2986 ὁ
2827 2932 2921 3005 μὶν
2981 2934 3279 2998 Ἀντώνιος
3310 2934 3385 2997 είς
3415 2936 3663 3005 φυλακην
3701 2934 3806 3008 ἐμ-

2147 3016 2432 3089 ϐάλλεται,
2481 3020 2533 3074 οἱ
2593 3017 2650 3074 δὲ
2700 3027 2877 3096 γονεῖς
2932 3022 3099 3077 αὐτοῦ
3150 3025 3536 3098 κρεμασθέντες
3569 3023 3802 3094 ἐξέοντο,

2147 3112 2233 3166 καὶ
2269 3111 2398 3187 πυρὶ
2428 3111 2796 3170 κατεκαίοντο.
2857 3110 2988 3167 Εἶτα
3044 3114 3078 3182 ἡ
3141 3114 3238 3186 μὲν
3303 3115 3499 3184 Κασίνη
3548 3113 3805 3186 τέμνεται

2149 3201 2277 3266 τοὺς
2336 3200 2590 3276 μαστοὺς,
2649 3201 2677 3256 ὁ
2734 3198 2791 3256 δὲ
2846 3201 3204 3266 Μελάσιππος
3271 3203 3398 3267 τοὺς
3464 3201 3636 3266 πόδας
3693 3204 3806 3260 ἀπὸ

2149 3296 2255 3346 τῶν
2281 3289 2543 3365 γονάτων.
2600 3289 2823 3366 Ἀχθείς
2883 3287 2939 3346 δὲ
2993 3291 3081 3346 καὶ
3127 3292 3154 3346 ὁ
3193 3293 3514 3362 Ἀντώνιος,
3543 3291 3633 3348 καὶ
3667 3289 3804 3348 ἰδὼν

2148 3379 2276 3452 τοὺς
2332 3385 2513 3454 γονεῖς
2572 3378 2734 3434 αὑτοῦ
2788 3380 3180 3457 κρεμαμένους,
3236 3382 3326 3438 καὶ
3391 3382 3457 3438 τὰ
3505 3382 3808 3438 ἐκκοπέντα

2155 3467 2298 3542 μὲλη
2359 3469 2538 3523 αὐτῶν
2594 3467 2682 3522 ἐπὶ
2737 3471 2839 3542 γῆς
2915 3468 3156 3542 κείμενα,
3222 3470 3583 3544 κατεφίλησεν
3641 3470 3800 3526 αὐτὼ

2150 3559 2240 3614 καὶ
2274 3552 2456 3613 λαϐὼν
2511 3556 2618 3612 ἀπὸ
2672 3561 2770 3612 τοῦ
2827 3557 3229 3628 ἀπνστάζοντος
3275 3561 3524 3633 αἳματος,
3570 3559 3806 3634 ἤλειψεν

2152 3647 2360 3706 ἑαυτόν.
2395 3647 2740 3722 Κρεμάμενοι
2800 3645 2857 3702 δῖε
2916 3647 2968 3702 οἱ
3021 3655 3195 3722 γονεῖς
3235 3649 3398 3704 αὐτοῦ
3428 3651 3562 3724 πρὸς
3597 3649 3804 3723 Κύριον

2153 3734 2512 3808 ἐξεδήμησαν.
2571 3736 2628 3788 '0
2713 3733 2770 3791 δὲ
2854 3737 3149 3801 Ἀντώνιος
3231 3739 3447 3814 χρόνων
3507 3736 3808 3810 δεκατριῶν

2155 3825 2440 3900 ὑπάρχων,
2471 3823 2747 3898 ἐμπτύσας
2778 3823 2855 3886 είς
2889 3825 2952 3880 τὸ
2981 3825 3274 3901 πρόσωπον
3314 3832 3410 3882 τοῦ
3463 3822 3808 3902 παραόἀτου,

2152 3912 2476 3989 κρεμασθείς
2505 3914 2697 3986 ξὲεται,
2758 3913 2846 3968 καὶ
2903 3921 3168 3989 τρυπᾶται
3220 3916 3347 3978 τοὺς
3406 3915 3810 3992 ἀστραγάλους,

2152 4002 2243 4057 καὶ
2297 4002 2514 4076 ξυρᾶται
2567 4005 2666 4073 τήν
2725 4002 2991 4079 κεφαλήν.
3064 4005 3196 4060 Εἶτα
3251 4009 3521 4079 πέμπεται
3576 4009 3814 4082 ’Λγριπ-

2155 4093 2298 4164 πίνῳ
2361 4095 2441 4163 τῷ
2497 4090 2671 4148 δουκι.
2733 4092 2835 4148 Καὶ
2894 4091 2970 4154 είς
3029 4098 3262 4170 φοῦρνον
3310 4093 3553 4170 βληθεὶς,
3584 4094 3813 4166 ἐξῆλθεν

2158 4181 2337 4256 ὑγιής.
2397 4177 2601 4236 Ἰδόντα
2656 4177 2712 4235 δὲ
2768 4180 2928 4237 αὐτὸν
2996 4179 3184 4238 παιδία
3237 4186 3634 4259 τεσσαράκοντα
3690 4185 3814 4241 επί-

2155 4289 2400 4338 στευσαν,
2457 4267 2548 4324 καὶ
2609 4268 2702 4325 σὺν
2752 4269 2900 4345 αὐτῷ
2949 4271 3250 4348 προθύμως
3287 4275 3350 4330 τὸ
3381 4271 3471 4329 διὰ
3497 4278 3594 4330 τοῦ
3625 4273 3822 4354 ξίφους

2153 4358 2313 4423 τέλος
2343 4356 2608 4431 ἐδέξαντο.

2723 4472 2804 4544 Τῇ
2846 4469 2981 4546 αὖτῇ
3033 4472 3234 4548 ἡμέρᾳ-

2155 4572 2426 4644 ⁶Ᾱολησις
2482 4579 2580 4656 τού
2633 4575 2819 4656 ἁγίου.
2865 4578 3153 4656 Ἱὲρωνοςη
3206 4577 3324 4656 καὶ⁸
3362 4584 3470 4635 τῶν
3531 4581 3625 4636 σὺν
3655 4579 3812 4656 αὐτῷ

2227 4645 2616 4736 τριακονταδύο
2651 4645 2962 4724 μαρτύρων,
2989 4655 3098 4706 τῶν
3122 4645 3188 4705 εν
3222 4650 3490 4728 Μελιτινῇ
3525 4645 3821 4729 μαρτυρηζ

2233 4739 2436 4773 σαντων
2447 4762 2458 4775 ι

2235 4825 2301 4881 Οἱ
2333 4825 2474 4900 ἅγιοι
2535 4825 2824 4899 μάρτυρες,
2880 4823 3083 4900 Ἱέρων,
3143 4825 3468 4904 Νίκανδρος,
3525 4829 3824 4908 Ἥσύχιος,

2163 4913 2252 4970 καὶ
2311 4914 2363 4968 οἱ
2421 4911 2512 4968 σὺν
2573 4913 2758 4976 αὐτοῖς
2815 4911 2989 4990 ἕτεροι
3045 4915 3356 4990 τριάκοντα,
3415 4919 3667 4994 ὑπῆρχον
3727 4920 3824 4976 ἐπὶ

2167 5002 2530 5074 Μαξιμιανοῦ,
2587 5001 2676 5057 καὶ
2735 5003 3130 5074 Διοκλτ,τιανοῦ
3186 5011 3294 5060 τῶν
3349 5007 3682 5082 παρανόμῶν
3721 5011 3832 5084 βα-

2167 5090 2362 5146 σιλέων
2421 5088 2472 5146 ἐν
2527 5091 2795 5165 Μελιτινῇ
2853 5091 3013 5148 πόλει
3066 5100 3166 5164 τῆς
3217 5097 3526 5170 Ἀνανίας.
3560 5103 3836 5174 Διωγμοῦ

2169 5179 2225 5234 δὲ
2281 5177 2576 5236 καθολικοῦ
2631 5182 2925 5256 γενομένου
2973 5183 3108 5237 κατὰ
3151 5189 3258 5239 τῶν
3316 5187 3667 5260 Χριστιανῶν,
3732 5188 3840 5243 καὶ

2167 5271 2450 5343 πανταχοῦ
2523 5267 2951 5343 ἀναιρουμένων,
3027 5268 3395 5345 ἐκρατήθησαν
3472 5275 3560 5329 καὶ
3662 5277 3842 5332 αὑτοὶ

2169 5357 2315 5434 παρᾶ
2363 5361 2459 5412 τοῦ
2515 5359 2614 5426 τῆς
2672 5356 2972 5429 Μελιτινῆς
3031 5362 3328 5434 ἡγεμόνος.
3385 5363 3486 5419 Καὶ
3519 5361 3708 5420 πολλᾶ
3737 5387 3843 5421 τι-

2175 5445 2517 5523 μωρηθέντες
2565 5446 2896 5523 ἀρνήσασθαι
2942 5450 3036 5505 τὸν
3085 5451 3335 5526 Χριστὸν,
3384 5452 3472 5508 καὶ
3515 5458 3672 5518 οὖσαι
3705 5461 3848 5522 τοῖς

2171 5537 2493 5612 ἀκαθάρτοις
2522 5533 2800 5606 εἰδώλοις,
2843 5537 2931 5594 καὶ
2982 5540 3058 5612 μή
3111 5543 3415 5606 πεισθέντες
3459 5545 3623 5599 τοῦτο
3655 5552 3842 5616 ποιῆ-

2170 5647 2280 5701 σαι,
2339 5625 2486 5684 ἀλλὰ
2545 5626 2758 5702 μᾶλλον
2818 5626 3032 5704 μεγάλῃ
3103 5632 3172 5704 τῇ
3231 5634 3385 5706 φωνῇ
3439 5631 3530 5688 τὸν
3583 5633 3842 5710 Χριστὸν
