4030 6196
289 321 393 382 ll!

1741 290 2208 399 NOVEMBER.

3575 354 3692 413 150

288 450 736 549 ὁμολογήσαντες,
769 458 1077 549 Θεὸνεῖνιαι
1135 460 1394 549 ἀληθινὸν
1444 466 1533 521 καὶ
1579 464 1901 541 δημιουργὸε

2041 471 2490 543 conﬁterentur,
2523 476 2781 547 primum
2805 477 3048 549 quidem
3080 480 3285 535 nudati
3320 482 3542 539 tamdiu
3575 502 3689 540 cu)-

292 536 502 609 οὑρανοῦ
529 540 618 593 καὶ
660 548 797 613 γῆς,
830 544 924 598 καὶ
956 544 1169 601 πάντων
1200 553 1310 603 τῶν
1341 548 1393 604 έν
1444 551 1652 621 αὐτοῖς,
1703 558 1921 629 πρῶτον

292 627 373 695 μὶν
422 630 800 700 γυμνωθέντες
858 631 1185 710 ἐτῦφθησαν,
1245 635 1349 701 ἔως
1403 639 1570 717 ἐφάνη
1632 642 1804 698 πάντα
1860 643 1926 697 τὰ

287 711 557 789 σπλάγχνα
587 717 801 790 αὐτῶν,
861 716 1047 778 ἔπειτα
1100 724 1530 799 ἀπεκλείσθησαν
1590 730 1641 785 ἐν
1698 735 1766 805 τῇ
1825 753 1924 808 φυ-

445 805 629 876 πτὶσης
692 807 1018 882 ἐπιμελείας
1074 812 1448 889 ἐστερημένοι.
1512 819 1614 876 Καὶ
1672 801 1923 893 μετὰ-τὸ

272 889 765 967 ταλαιπωρηθῆναι
812 897 1031 970 ἰκανῶς,
1084 898 1440 975 ἐκϐληθέντες
1498 911 1597 977 τῆς
1648 889 1919 988 ιρυλακῆς,

268 981 345 1035 καὶ
396 981 570 1038 πάλιν
624 984 1056 1061 ἀναγκασθέντες
1114 995 1270 1055 θῦσαι
1323 999 1440 1057 τοῖς
1498 981 1777 1069 εἰδώλοις,
1830 1001 1920 1054 καὶ

272 1072 337 1142 μή
360 1075 699 1148 πεισθέντες,
732 1078 871 1156 ξίφει
899 1080 996 1141 τὰς
1025 1080 1263 1156 κεφαλὰς
1294 1083 1707 1158 ἀπετμήθησαν.

857 1206 934 1278 Τῇ
976 1204 1111 1279 αὖτῇ
1142 1205 1326 1282 ἡμέρᾳ

265 1282 525 1357 Ἀθλησις
556 1291 671 1343 τῶν
721 1289 900 1376 ἁγίων.
946 1292 1240 1376 μαρτιξρων
1300 1291 1531 1369 Λξίκτου,
1588 1298 1917 1376 Ταυρίωνος,

812 1363 903 1417 καὶ
938 1363 1357 1438 Θεσσαλονίκης.

328 1480 390 1536 Ἡ
420 1480 628 1557 μάρτυς
662 1486 1031 1558 Θεσσαλονίκη
1091 1489 1311 1566 ὑπῆρχε
1368 1494 1609 1571 θυγάτηρ
1669 1494 1916 1560 Κλέωνός

266 1589 427 1637 τινος,
459 1572 656 1645 ἱερέως
680 1579 789 1629 τῶν
830 1575 1099 1635 εἰδώλων.
1147 1580 1445 1655 Χριστιανή
1507 1581 1563 1638 δὲ
1619 1584 1911 1659 γενομένη,

268 1659 579 1732 ἠναγκάσθη
610 1664 755 1737 παρὰ
790 1670 888 1719 τοῦ
946 1667 1177 1738 πατέρος
1236 1668 1568 1744 ἀρνήσασθαι
1625 1673 1718 1728 τὸν
1777 1678 1915 1750 Χρι-

270 1748 405 1803 στόν.
441 1751 538 1817 Μὴ
584 1758 860 1815 πεισθεῖσα
921 1752 998 1825 δὲ,
1058 1764 1404 1830 γυμνωθεῖσα
1458 1760 1712 1817 τύπτεται
1772 1785 1907 1841 σφο-

272 1831 429 1910 δρῶς,
461 1839 551 1892 καὶ
582 1837 767 1909 ξύλοις
795 1843 891 1904 τὰς
916 1843 1153 1918 πλευράς
1210 1843 1569 1924 συντρίϐεται.
1621 1852 1749 1906 Εἶτα
1806 1852 1901 1908 ἐκ·-

265 1921 512 1980 διὼκεται
570 1934 671 1996 τῆς
721 1938 991 2007 πατρικῆς
1042 1938 1246 2005 οὐσίας,
1307 1937 1398 1991 καὶ
1461 1940 1654 2014 μικρὸν
1726 1947 1914 2015 κτῆμα

263 2009 498 2068 λαϐοῦσα
528 2014 589 2070 ἐκ
609 2024 710 2086 τῆς
745 2021 1007 2095 μητρῴας
1038 2026 1434 2100 κληρονομίας,
1462 2009 1470 2012 Ὗ
1494 2009 1607 2083 ἐκεῖ
1657 2030 1909 2102 κατῴκει·

260 2100 457 2165 ἰδόντες
483 2102 542 2160 δὲ
573 2107 636 2161 τὸ
669 2111 954 2183 γινόμενον
989 2111 1176 2191 ἄνδρες
1235 2114 1331 2172 δύο
1390 2118 1697 2192 Χριστιανοὶ
1747 2118 1911 2175 εὐλα-

258 2186 387 2261 εεῖς,
422 2193 636 2259 Αὗκτος
678 2200 766 2253 καὶ
826 2201 1067 2276 Ταυρίων
1117 2203 1473 2280 καλούμενοι,
1529 2208 1909 2285 ἠγανάκτησαν

255 2282 383 2335 κατὰ
408 2287 507 2337 τοῦ
542 2284 828 2351 Κλέωνος.
890 2291 951 2346 Ὀ
1003 2289 1061 2347 δέ
1119 2290 1367 2350 διέϐαλεν
1424 2282 1620 2361 αὐτους
1673 2303 1753 2371 τῷ
1808 2306 1909 2369 τῆς

256 2372 438 2457 χώρας
498 2372 751 2449 ἄρχοντι.
814 2379 916 2435 Καὶ
1000 2386 1355 2457 κρατηθέντες
1410 2388 1716 2444 τύπτονται.
1777 2389 1909 2445 Εἶτα

255 2456 698 2533 λιθοϐολοῦνται,
731 2466 821 2521 καὶ
855 2468 930 2531 εἷς
979 2456 1083 2546 πῦρ
1138 2469 1537 2545 ἐμϐάλλονται.
1601 2476 1697 2531 Καὶ
1756 2477 1908 2548 ἐξελ-

255 2550 431 2612 θόντες
518 2559 991 2629 κατατοξεύονται.
1079 2561 1176 2616 Καὶ
1248 2561 1402 2629 αὖθις
1460 2565 1536 2628 εἷς
1592 2565 1760 2640 λίμνη
1823 2566 1904 2643 ῥι-

258 2644 503 2731 πτοῦται·
592 2643 682 2698 καὶ
761 2645 1064 2716 ἐξελθόντες
1149 2651 1660 2731 ἀποκεφαλίζονται.
1728 2657 1789 2713 Ἦ
1849 2654 1907 2711 δὲ

256 2730 624 2804 Θεσσαλονίκη
661 2736 798 2807 μετᾶ
826 2741 991 2792 ταῦτα
1040 2739 1132 2794 τὸν
1192 2730 1424 2816 Χριστὸν
1480 2743 1772 2821 ὁμολογεῖν
1827 2747 1902 2820 μή

253 2818 515 2889 παύσασα,
553 2821 606 2876 ἐν
650 2823 841 2899 εἰρήνῃ
881 2826 1195 2900 ἐτελειώθη.
1247 2832 1326 2888 Τὸ
1385 2829 1442 2887 δὲ
1494 2818 1683 2905 τίμιον.
1736 2818 1903 2905 αὐτῆς

251 2905 503 2981 λείψανον
527 2911 795 2983 κατετέθη
849 2914 901 2970 ἐν
940 2916 1301 2995 Ἀμφιπόλει,
1365 2921 1499 2995 μετὰ
1537 2926 1644 2977 τῶν
1690 2922 1901 2979 λοιπῶν

247 2995 407 3070 άγίων
436 2998 685 3073 ἐντίμως
708 3002 799 3057 καὶ
835 3004 1288 3083 μεγαλοπρεπῶς.

792 3128 978 3186 ΜΙΙΝΙ
1015 3132 1105 3187 ΤΩ
1142 3136 1353 3191 ΑΥΤΩ.

1040 3241 1101 3297 Η.

674 3341 903 3415 Σόναξις
932 3350 1040 3401 τῶν
1073 3346 1456 3426 ἀρχαγγέλων.

310 3445 683 3518 Βουληθεῖςὸ
724 3454 1026 3527 πανάγαθος
1083 3455 1173 3510 καὶ
1232 3458 1260 3511 ὁ
1320 3457 1707 3535 φιλάνθρωπος
1765 3463 1897 3526 Θεὸς

244 3537 429 3589 τοῦτον
460 3537 556 3589 τὸν
609 3538 818 3612 κόσμον
870 3538 1296 3619 δημιουργῆσαι,
1338 3549 1600 3621 πρότεσον
1652 3548 1898 3623 ἐνενόησε

247 3623 335 3717 τάς
365 3624 656 3717 οὐρανίους
714 3627 970 3703 δυνάμεις
1023 3634 1112 3688 γαί
1174 3636 1304 3701 τοὺς
1361 3638 1548 3713 ἁγίους
1606 3642 1893 3717 ἒιγγέΑους·

243 3712 331 3763 καὶ
368 3715 431 3808 τό
454 3713 701 3789 ἐννόημα
735 3720 950 3808 γέγονεν
1010 3717 1187 3798 ἔργον.
1248 3728 1340 3788 Εἷς
1400 3712 1457 3782 δὲ
1514 3733 1623 3784 τῶν
1655 3712 1896 3808 *ταξιαρ-

246 3803 382 3889 χῶν,
412 3802 440 3855 ὁ
472 3804 599 3857 τότε
643 3806 737 3877 μὶν
801 3803 1031 3879 Σαϐαηλ
1089 3810 1451 3887 καλούμενος,
1506 3817 1641 3889 μετά
1692 3815 1748 3873 δὲ
1794 3802 1892 3889 τῆν

243 3885 509 3945 ἔκπτωσιν
559 3891 885 3965 ὄνομασθεῖς
944 3895 1231 3969 Διάϐολος,
1274 3885 1893 3982 *ὑπερηφανευσάμενος

240 3978 327 4030 καὶ
367 3981 558 4035 ἑαυτὸν
590 3983 822 4056 νομίσας
861 3989 1010 4059 Θεὸν,
1070 3988 1284 4060 ἐξέπεσε
1337 4000 1440 4062 τῆς
1494 3994 1642 4065 ἀξίας
1702 3997 1891 4067 αὐτοῦ,

238 4065 414 4141 ῥιφεές
448 4068 510 4125 ἐκ
537 4075 647 4125 τῶν
684 4072 949 4149 οὐρανῶν,
1013 4079 1147 4150 μετᾶ
1192 4085 1288 4135 τοῦ
1329 4082 1419 4136 ὑπ’
1475 4084 1635 4138 αὐτὸν
1678 4085 1890 4161 τάγμα-

237 4175 351 4218 τος·
418 4160 689 4236 ὑπάρχων
753 4162 809 4217 δὲ
862 4164 1042 4242 ἐτέρας
1100 4167 1399 4244 ἆγγελικῆς
1467 4174 1667 4246 τάξεως
1726 4177 1893 4251 ἀρχι-

240 4248 543 4323 στράτηγος
576 4251 976 4329 ὁάρχάγγελος
1028 4258 1281 4331 Μιχαὴλ,
1339 4262 1428 4315 καὶ
1481 4260 1610 4317 ἰδὼν
1662 4248 1894 4322 πεσόντα

234 4337 325 4389 τὸν
384 4338 722 4411 ἀποστάτην,
808 4346 1073 4418 συνήγαγε
1127 4346 1254 4409 τοὺς
1307 4354 1414 4404 τῶν
1474 4351 1723 4427 ἀγγέλων
1784 4374 1888 4429 χο⁸

239 4424 382 4520 ρρῦς.
417 4429 747 4520 Καίᾲεῖπώνο
809 4434 1202 4510 Προσέχωμεν,
1261 4438 1465 4512 ὕμνησε
1523 4424 1659 4514 μετὰ
1710 4424 1893 4520 φωνῆς

238 4515 327 4568 τὸν
356 4522 466 4571 τῶν
499 4518 649 4573 ὅλων
679 4522 830 4590 Θεὸν,
861 4524 1057 4579 ὡσανεὶ
1117 4524 1314 4601 λέγων,
1367 4528 1470 4601 ὅτι,
1520 4534 1888 4609 Προσέχωμεν

238 4603 421 4675 ἡμεῖς,
458 4607 510 4660 οἱ
537 4610 745 4664 κτιστοὶ
780 4611 1089 4687 γεγονότες,
1116 4615 1205 4670 καὶ
1236 4620 1316 4689 τῷ
1352 4618 1580 4694 μεγάλῳ
1611 4622 1701 4676 καὶ
1738 4622 1889 4697 μόνῳ

407 4699 828 4774 παριστάμενοι,
886 4702 939 4755 τί
999 4703 1325 4769 πεπόνθασιν
1404 4708 1455 4762 οἱ
1544 4711 1660 4783 μεθ’
1728 4714 1890 4785 ἡμῶν

245 4782 407 4872 μέχρι
428 4790 527 4840 τοῦ
557 4790 650 4841 νῦν
685 4793 801 4862 φῶς
827 4785 996 4862 ὄντες,
1029 4794 1120 4847 καὶ
1175 4795 1293 4871 ἄρτι
1338 4797 1623 4872 γενόμενοι
1672 4782 1887 4865 σκότος.

242 4868 301 4925 ἸΙ
355 4874 579 4946 τοιαύτη
637 4877 729 4931 οὗν
808 4880 1173 4957 συγκρότησις
1211 4868 1218 4871 ν
1259 4868 1559 4961 ὠνομάσθη
1649 4889 1886 4965 σόναξις,

242 4964 472 5019 τουτέστι
503 4969 788 5043 προσοχή,
821 4970 1073 5043 ὁμόνοια,
1102 4973 1192 5029 καὶ
1220 4971 1432 5040 ἵνωσις.

824 5100 900 5171 τῇ
933 5098 1070 5174 αὐτῇ
1103 5101 1285 5178 ἡμέρᾳ

615 5186 822 5259 Μνήμη
853 5194 955 5257 τῆς
986 5190 1139 5252 ὁσίας
1169 5192 1499 5268 Ματρώνης.

310 5289 451 5359 Ᾱῦτή
482 5292 549 5377 ἦν
582 5290 670 5346 ἐπὶ
701 5300 801 5361 τῆς
837 5293 1119 5369 βασιλείας
1168 5298 1401 5365 Λέοντος
1451 5306 1547 5357 τοῦ
1600 5301 1880 5377 Μεγάλου·

254 5370 544 5467 ἐπῆρχεδὲ
602 5376 663 5434 ἐκ
714 5382 925 5456 Πέργης
979 5390 1082 5453 τῆς
1142 5387 1488 5463 Παμφυλίας.
1546 5370 1888 5467 Συναῷθεῖσα

257 5454 308 5554 ἴε
328 5462 493 5540 ἀνδρὶ,
531 5467 622 5522 καὶ
672 5454 975 5543 γεννήσασα
1035 5471 1158 5546 μίαν
1221 5454 1508 5553 θυγατέρα,
1559 5454 1777 5554 ἔρχεται
1829 5478 1881 5535 ἐν

259 5550 809 5642 Κωνσταντινουπόλει
855 5560 990 5633 μετά
1041 5567 1139 5618 τοῦ
1198 5550 1430 5622 οἰκείου*
1461 5550 1673 5642 ἀνδρὸς,
1728 5567 1882 5625 δεκα-

264 5640 402 5697 πέντε
450 5643 580 5701 οὖσα
644 5645 800 5706 ἐτῶν.
853 5649 952 5703 Καὶ
1010 5653 1270 5725 γινομένη
1328 5640 1569 5728 συνήθης
1633 5640 1882 5735 παρθένῳ

2036 556 2278 630 duntur,
2308 563 2451 618 dum
2487 566 2687 621 omnia
2713 582 2917 622 eorum
2951 568 3174 624 viscera
3205 576 3475 640 paterent
3504 590 3516 627 :
3550 590 3685 629 mox

2033 649 2093 703 in
2126 667 2423 708 carcerem
2456 656 2729 727 conjecti,
2753 658 3032 728 omnique
3059 677 3299 730 prorsus
3331 679 3472 717 cura
3501 664 3680 718 desti~

2036 740 2164 806 tuti,
2201 743 2437 798 tandem
2464 745 2821 817 postlongos
2850 748 3144 803 cruciatus
3176 765 3205 803 e
3238 752 3505 807 custodia
3537 754 3675 807 edu-

2031 829 2129 899 cti,
2164 847 2297 886 cum
2324 850 2530 889 rursus
2589 835 3039 906 impellerentur
3090 838 3262 894 idolis
3320 842 3677 911 sacriﬁcare,

2029 934 2139 975 nec
2172 921 2245 975 ad
2268 921 2327 976 id
2359 922 2514 978 ﬂecti
2548 930 2808 995 possent,
2841 926 3034 996 gladio
3063 928 3199 983 caasi
3229 934 3390 985 sunt.

2672 1230 2893 1287 Eodem
2934 1233 3030 1289 die

2026 1314 2177 1370 178
2211 1314 2491 1373 Certamen
2519 1325 2835 1394 sanctorum
2882 1329 3190 1391 martyrum
3220 1326 3407 1394 Aucti,
3446 1327 3674 1380 Tauric-

2519 1390 2627 1460 m's,
2674 1398 2725 1447 et
2768 1390 3176 1450 Thessalonicae.

2092 1509 2511 1567 Thessalonica
2540 1518 2764 1586 martyr
2789 1515 3022 1570 Cleonis
3055 1516 3363 1588 cujusdam
3395 1518 3637 1572 sacerdo
3656 1549 3669 1558 -

2022 1597 2095 1652 tis
2120 1598 2417 1655 idolorum
2450 1602 2593 1669 ﬁlia,
2616 1603 2826 1658 Christi
2856 1605 2970 1659 ﬁde
3001 1605 3249 1671 imbuta,
3279 1606 3670 1677 compelleba-

2020 1690 2115 1741 tur
2143 1704 2176 1743 a
2206 1696 2372 1761 patre
2415 1691 2707 1765 abnegare
2757 1694 3075 1749 Christum.
3112 1695 3276 1760 Quod
3310 1711 3445 1749 eum
3477 1696 3669 1751 facere

2023 1775 2399 1848 detrectaret,
2430 1780 2628 1853 ﬂagris
2654 1782 2814 1838 nuda
2843 1784 3185 1855 gravissime
3213 1784 3479 1852 caeditur,
3513 1786 3673 1857 ejus-

2022 1882 2135 1936 que
2167 1866 2352 1923 latera
2406 1870 2663 1925 fustibus
2721 1874 3185 1928 contunduntur.
3246 1874 3468 1929 Deinde
3502 1876 3673 1929 bonis

2018 1957 2283 2024 paternis
2318 1958 2580 2013 exhaeres
2611 1959 2785 2028 facta,
2818 1961 2880 2015 in
2930 1962 3236 2033 praedielo,
3269 1963 3427 2033 quod
3459 1963 3569 2017 sibi
3602 1981 3671 2017 ex

2017 2048 2287 2100 materna
2335 2045 2679 2102 haareditate
2729 2048 3066 2114 obvenerat,
3117 2050 3440 2105 habitabat.
3475 2053 3538 2104 Id
3570 2052 3666 2105 ubi

2017 2148 2337 2205 cognovere
2369 2134 2687 2191 Christiani
2719 2138 2854 2208 duo,
2889 2140 3109 2194 Auctus
3149 2144 3206 2193 et
3236 2139 3511 2205 Taurion,
3541 2157 3668 2211 gra-

2016 2220 2163 2275 viter
2208 2221 2409 2277 Cleoni
2462 2241 2875 2281 succensuere.
2926 2226 3321 2292 Quamobrem
3370 2228 3443 2282 ab
3499 2245 3565 2281 eo
3597 2229 3667 2283 all

2016 2310 2274 2382 regionis
2325 2313 2668 2383 prtefectum
2722 2315 2922 2385 delati,
2956 2321 3014 2370 et
3043 2316 3457 2387 comprehensi
3490 2334 3668 2388 vapu-

2016 2397 2177 2453 lant:
2214 2403 2339 2454 tum
2369 2400 2667 2472 lapidibus
2697 2404 2887 2475 petiti,
2916 2405 2975 2459 in
3020 2405 3213 2477 ignem
3247 2405 3663 2476 conjiciuntur.

2014 2489 2141 2543 Mox
2170 2489 2230 2542 in
2272 2494 2546 2562 stagnum
2600 2492 2872 2564 projecti,
2933 2510 3067 2548 cum
3124 2494 3455 2549 incolumes
3488 2495 3663 2549 etiam

2017 2577 2359 2647 evasissent,
2393 2580 2582 2651 capite
2632 2581 2991 2653 plectuntur.
3044 2582 3420 2637 Tessalonica
3465 2589 3663 2638 autem

2014 2682 2147 2721 cum
2172 2684 2478 2738 nunquam
2496 2668 2792 2725 Christum
2812 2671 3077 2742 proﬁteri
3096 2676 3302 2742 postea
3320 2671 3662 2739 destitisset,

2014 2754 2073 2808 in
2108 2772 2249 2826 pace
2278 2756 2535 2827 quievit:
2586 2759 2755 2829 cujus
2800 2759 3074 2830 pretiosaa
3108 2760 3375 2831 reliquizn
3417 2761 3663 2831 Amphi-

2012 2843 2133 2915 poli
2168 2843 2494 2900 honorifice
2526 2862 2592 2902 ac
2622 2846 3039 2904 decentissime
3072 2866 3206 2904 cum
3248 2849 3494 2919 reliquis
3526 2866 3666 2904 san-

2013 2932 2121 2988 ctis
2152 2933 2403 2990 conditae
2432 2934 2618 2991 fuere.

2570 3137 2810 3191 EODEM
2849 3137 2993 3191 ΜΕΝ
3002 3136 3102 3192 SE.

2665 3243 2767 3298 Die
2806 3248 3013 3299 octava

2357 3350 2397 3403 ‘I
2415 3350 2454 3402 7
2465 3353 2514 3404 4
2552 3350 3022 3419 Archangelorum
3051 3355 3295 3421 synaxis.

2075 3452 2219 3507 Cum
2250 3453 2541 3509 mundum
2573 3455 2733 3511 hunc
2761 3457 3020 3527 optimus
3051 3474 3118 3512 ac
3150 3457 3651 3513 clementissimus

2003 3542 2156 3596 Deus
2181 3541 2436 3598 condere
2466 3543 2768 3612 voluisset,
2794 3544 3052 3615 primum
3085 3546 3351 3601 omnium
3383 3547 3650 3602 cmlestcs

2000 3630 2242 3686 virtutes
2269 3636 2623 3704 sanctosque
2653 3634 2893 3706 angelos
2920 3635 3211 3707 cogitavit.
3238 3636 3562 3707 Cogitatum
3590 3638 3648 3691 in

2000 3718 2220 3774 factum
2252 3721 2489 3791 prodiit.
2525 3725 2738 3777 Eorum
2771 3722 2989 3777 ducum
3033 3741 3209 3794 unus,
3239 3725 3332 3779 cui
3368 3731 3488 3779 tum
3520 3727 3651 3796 qui-

2001 3807 2135 3863 dem
2170 3808 2396 3877 Sabael,
2450 3816 2510 3865 at
2554 3817 2689 3883 post
2734 3812 2968 3883 lapsum
3008 3814 3235 3868 Diaboli
3267 3829 3487 3869 nomen
3518 3815 3651 3884 fuit,

2002 3899 2258 3955 elatione
2285 3902 2468 3956 animi
2500 3908 2825 3974 correptus,
2859 3920 2993 3958 cum
3025 3904 3288 3977 seipsum
3322 3907 3506 3961 Deum
3541 3908 3656 3959 exi-

2001 3991 2320 4059 stimasset,
2354 4009 2385 4047 e
2412 4010 2517 4048 sua
2547 3993 2832 4066 dignitate
2882 3996 3118 4065 excidit,
3151 4001 3210 4051 et
3237 4013 3357 4052 una
3387 4014 3519 4052 cum
3556 4015 3649 4051 or-

2000 4080 2161 4147 dine,
2195 4082 2288 4137 cui
2318 4084 2668 4154 prmerat,de
2691 4085 2855 4140 caelis
2879 4085 3147 4157 dejectus
3177 4092 3284 4141 est.
3310 4090 3383 4141 At
3409 4088 3652 4142 Michael

1999 4171 2412 4244 archangelus,
2438 4174 2537 4244 qui
2561 4174 2743 4229 alium
2767 4174 3111 4246 angelorum
3144 4175 3413 4230 ordinem
3445 4176 3651 4230 ducta-

1999 4259 2118 4324 bat,
2176 4265 2242 4315 ut
2289 4261 2434 4315 vidit
2488 4262 2808 4317 desertoris
2864 4279 3087 4331 casum,
3121 4264 3341 4318 coactis
3373 4263 3431 4316 in
3463 4280 3646 4317 unum

1999 4348 2344 4421 angelorum
2376 4350 2595 4420 choris,
2643 4351 3051 4421 Attendamus,
3085 4352 3317 4422 inquit:
3351 4351 3647 4421 simulque

1996 4455 2197 4493 rerum
2226 4439 2493 4493 omnium
2527 4441 2709 4493 Deum
2732 4440 2792 4494 in
2816 4441 2967 4495 hanc
2987 4441 3108 4495 fere
3138 4442 3494 4496 sententiam
3518 4441 3647 4496 lau-

2001 4527 2191 4583 davit:
2224 4528 2615 4583 Attendamus
2638 4545 2767 4594 nos,
2794 4530 2895 4600 qui
2920 4546 2949 4583 e
2974 4529 3161 4585 nihilo
3194 4530 3389 4585 educti
3421 4548 3645 4599 sumus,

2000 4621 2059 4671 et
2087 4632 2301 4689 magno
2336 4621 2511 4686 atque
2542 4617 2647 4671 uni
2688 4619 2804 4673 Deo
2836 4624 3121 4685 astamus,
3153 4620 3299 4690 quid
3330 4622 3485 4692 passi
3521 4622 3646 4675 fue-

1995 4706 2136 4776 rint,
2163 4706 2263 4776 qui
2288 4706 2600 4761 nobiscum
2630 4706 2730 4762 lux
2756 4708 3063 4777 hactenus,
3094 4726 3253 4764 nunc
3282 4716 3482 4765 autem
3509 4711 3645 4765 facti

1998 4799 2138 4849 sunt
2156 4794 2435 4849 tenebrae.
2464 4796 2810 4867 Hujusmodi
2832 4798 3012 4869 igitur
3031 4798 3381 4871 angelorum
3412 4801 3647 4870 conspi-

1995 4883 2145 4938 ratio
2176 4883 2472 4955 appellata
2501 4890 2591 4939 est
2618 4886 2877 4958 synaxis,
2910 4886 3022 4942 hoc
3062 4892 3172 4956 est,
3204 4888 3475 4957 attentio,
3507 4905 3646 4943 con-

1996 4971 2219 5041 cordia,
2252 4978 2312 5028 et
2339 4974 2503 5032 unio.

2644 5101 2865 5156 Eodem
2904 5100 2998 5155 die

2225 5199 2265 5252 1
2283 5198 2375 5253 75
2412 5198 2862 5255 Commemoratio
2890 5207 3097 5257 sancta:
3127 5205 3411 5261 Matronm.

2065 5303 2199 5357 Haac
2230 5305 2422 5361 Leone
2453 5308 2657 5379 Magno
2690 5307 3021 5379 imperante
3055 5324 3123 5364 ex
3155 5311 3337 5384 Perge
3364 5315 3498 5368 Pam
3512 5316 3651 5389 phy-

1991 5391 2088 5446 liaa
2117 5393 2263 5447 urbe
2297 5393 2426 5450 fuit.
2459 5396 2601 5450 Cum
2634 5402 2832 5451 autem
2855 5413 2925 5451 ex
2946 5398 3068 5453 viro
3091 5416 3196 5455 suo
3230 5402 3413 5458 ﬁliam
3447 5422 3649 5462 susce—

1992 5482 2197 5554 pisset,
2233 5501 2369 5540 eum
2401 5486 2609 5541 eodem
2657 5488 3239 5561 Constantinopolim
3270 5495 3447 5559 venit,
3483 5497 3643 5551 deci-

1991 5586 2158 5625 mum
2180 5571 2454 5642 quintum
2471 5574 2661 5628 aatatis
2679 5591 2798 5628 suae
2817 5590 3045 5631 annum
3059 5578 3346 5648 agensti
3366 5580 3642 5643 Eugeniae

1990 5659 2234 5733 virginis
2264 5661 2696 5719 consuetudine
2741 5660 2978 5732 fruens,
3008 5664 3135 5733 ejus
3181 5662 3310 5715 vitae
3342 5665 3642 5722 rationem
