4030 6196
339 348 451 412 151

1651 345 2085 411 MENOLOGII
2132 346 2329 408 PARS
2375 345 2422 406 Ι.

3621 350 3740 409 152

340 481 587 548 imitata,
620 499 927 555 nunquam
944 483 1016 538 ab
1038 481 1306 537 ecclesiis
1328 481 1429 536 Dei
1451 479 1824 535 discedebat:
1859 481 1978 536 imo

2102 478 2224 544 τινὶ,
2261 476 2489 549 ὀνόματι
2525 475 2768 550 Εὗγενίᾳ,
2795 476 2885 530 καὶ
2916 477 3014 545 τήν
3066 476 3234 547 αὐτῆς
3285 475 3579 547 ζηλώσασα
3629 497 3744 534 πο-

343 571 702 636 ardentiore,
732 588 908 641 quam
943 570 1066 632 illa,
1097 585 1232 641 erga
1281 570 1466 623 Deum
1495 567 1689 623 studio
1719 569 1986 634 incensa,

341 677 473 716 cum
507 661 824 731 aliquando
846 676 1050 714 vocem
1073 658 1238 713 illam
1262 658 1442 712 divini
1475 659 1770 731 Evangelii
1797 659 1990 713 audis-

341 756 466 804 set:
499 750 605 814 Qui
633 749 752 802 vult
781 749 978 803 venire
1002 753 1136 818 post
1163 765 1275 815 me,
1302 747 1555 820 abneget
1575 749 1984 820 semetipsum,

340 844 396 892 et
427 839 594 892 tollat
622 855 857 893 crucem
891 855 1081 903 suam,
1115 843 1173 892 et
1211 844 1493 909 sequatur
1522 854 1616 892 me
1643 855 1654 892 :
1687 838 1869 893 ﬁliam
1901 839 1988 893 fe—

336 928 512 982 mina:
545 926 780 982 cuidam
805 928 913 999 pia)
943 927 1312 983 educandam
1347 927 1626 994 tradidit;
1659 927 1985 998 relictoque

336 1018 478 1084 viro,
505 1022 562 1070 et
585 1023 819 1089 sumpto
843 1019 994 1072 virili
1021 1018 1245 1084 habitu,
1271 1036 1398 1074 sese
1423 1019 1482 1072 in
1508 1019 1696 1073 sancti
1721 1018 1983 1073 Bassiani

336 1109 763 1162 monasterium
797 1109 1038 1180 recepit,
1067 1109 1457 1164 monasticam
1483 1109 1658 1163 vitam
1689 1109 1980 1179 amplexa.

335 1198 550 1251 Verum
582 1197 679 1251 ubi
714 1200 946 1270 cognita
995 1204 1084 1252 est
1129 1199 1352 1253 femina
1383 1216 1532 1264 esse,
1566 1214 1600 1253 a
1630 1204 1832 1253 sancto
1864 1199 1984 1252 viro

335 1285 742 1357 Hierosolyma
798 1286 1089 1354 mittitur;
1150 1287 1307 1341 unde
1356 1292 1490 1358 post
1537 1286 1766 1358 aliquot
1794 1303 1984 1341 annos

330 1375 903 1447 Constantinopolim
933 1394 1187 1448 reversa,
1220 1377 1545 1434 solitariam
1571 1395 1750 1450 agens
1784 1378 1981 1449 vitam,

332 1463 606 1520 decessit.

895 1754 1136 1810 EODEM
1175 1756 1430 1811 MENSE.

1007 1845 1109 1899 Die
1150 1861 1309 1900 nona

336 1932 488 1986 176
522 1931 805 1987 Certamen
857 1935 1035 2058 sanctli
1085 1937 1348 2018 martyris
1402 1935 1711 1990 Alexandri
1763 1934 1991 1991 Thessa-

1030 2021 1312 2058 omcensis.

1030 2021 1293 2060 οηιοεηειε
1300 2047 1312 2060 .

409 2091 744 2148 Alexander
776 2098 1020 2164 martyr,
1045 2093 1403 2150 Maximiano
1435 2095 1813 2166 imperatore,
1839 2111 1994 2150 com-

338 2181 690 2251 prehensus,
725 2182 1044 2254 cogebatur
1099 2183 1276 2238 idolis
1331 2201 1500 2239 sacra
1553 2184 1786 2240 facere:
1835 2183 1992 2254 quod

333 2269 564 2324 facinus
614 2277 974 2342 exsecratus,
1025 2271 1340 2344 divinoque
1388 2273 1514 2328 zelo
1566 2273 1988 2341 inflammatus,

332 2356 485 2413 facto
518 2359 579 2414 in
608 2361 1038 2416 sacrificiorum
1079 2380 1348 2417 mensam
1399 2363 1644 2434 impetu,
1681 2380 1808 2418 eam
1843 2362 1991 2433 pede

337 2448 583 2518 pulsans
636 2451 862 2518 evertit,
896 2452 1282 2523 victimasque
1333 2453 1558 2508 effudit.
1599 2454 1786 2517 Quare
1819 2453 1992 2506 vehe-

342 2544 575 2594 menter
631 2546 962 2596 commotus
1016 2542 1404 2597 Maximianus
1462 2542 1888 2613 pronuntiavit,
1929 2544 1994 2594 ut

340 2633 600 2684 extremo
633 2629 972 2686 afficeretur
1002 2631 1315 2702 supplicio.
1341 2633 1485 2686 Cum
1518 2632 1696 2703 igitur
1723 2631 1990 2685 districto

339 2717 662 2788 spiculator
691 2719 885 2792 gladio
910 2720 1129 2776 collum
1155 2721 1342 2776 sancti
1367 2721 1470 2774 viri
1501 2725 1749 2792 peteret,
1777 2734 1988 2790 repeno

336 2806 461 2860 tino
495 2813 733 2879 stupore
764 2809 1072 2880 perculsus
1129 2816 1235 2864 est.
1290 2810 1394 2865 Cui
1444 2811 1806 2881 imperator:
1842 2808 1992 2875 Quid

338 2901 478 2963 stas,
511 2897 724 2968 inquit,
757 2903 816 2952 et
845 2915 1025 2969 quare
1074 2899 1420 2954 mandatum
1453 2916 1574 2954 non
1606 2900 1995 2970 exsequeris?

339 2986 442 3040 Ille
466 3001 598 3041 vero
625 3003 638 3040 :
663 2989 778 3059 Ego
809 2988 1094 3043 visionem
1118 2989 1341 3055 videns,
1369 3005 1580 3062 magno
1606 3006 1734 3044 sum
1758 2989 1991 3060 percul-

340 3092 438 3129 sus
469 3081 653 3132 metu.
708 3076 819 3132 Sed
871 3094 1004 3132 cum
1056 3083 1295 3133 sanctus
1343 3078 1416 3132 ad
1461 3078 1756 3134 orandum
1786 3077 1992 3132 horam

338 3165 606 3235 petiisset
645 3171 822 3237 atque
867 3166 1310 3238 impetransset,
1363 3173 1487 3222 tum
1536 3167 1800 3234 demum,
1832 3172 1992 3238 post-

2013 1852 2061 1917 Β

2105 567 2332 636 λιτείαν,
2394 567 2492 622 οὐκ
2543 567 2802 644 ἀφίστατο
2873 572 2979 622 τῶν
3067 568 3372 639 ἐκκλησιῶν
3437 573 3536 623 τοῦ
3591 574 3748 628 Θεοῦ.

2107 666 2353 734 ’Έχουσα
2385 657 2441 714 δὲ
2469 660 2560 714 τὸν
2588 660 2723 735 πρὸς
2775 659 2903 714 Θεὸν
2951 657 3126 734 ἔρωτα
3182 660 3348 730 αὐτῆς
3401 661 3752 736 θερμότερον,

2110 749 2202 803 καὶ
2258 749 2530 803 ἀκούσασα
2583 753 2682 804 τοῦ
2747 749 2890 804 θείου
2947 750 3310 825 Εὐαγγελίου.
3369 757 3551 813 Ὅστις
3607 751 3751 807 θέλει

2101 837 2276 892 ὀπίσω
2321 859 2425 911 μου
2486 837 2684 907 ἐλθεῖν,
2746 836 3025 913 λέγοντος,
3071 839 3472 916 ἀπαρνησάσθω
3531 841 3746 914 ἑαυτὸν,

2098 928 2183 981 καὶ
2220 927 2402 998 ἀράτω
2431 927 2522 982 τὸν
2560 929 2786 1002 σταυρὸν
2819 928 3006 1001 αὐτοῦ,
3065 930 3152 984 καὶ
3216 929 3586 994 ἀκολουθείτω
3645 952 3753 1004 μα-

2097 1017 2196 1085 τὴν
2261 1017 2356 1089 μὶν
2405 1016 2668 1092 θυγατέρα
2730 1017 3011 1093 παρέδωκε
3075 1018 3292 1094 γυναικί
3367 1041 3473 1075 τινι
3531 1015 3757 1076 εὐλαϐεῖ

2098 1107 2229 1182 παρ’
2290 1106 2500 1176 ἐκείνης
2559 1105 2968 1185 ἀνατρέφεσθαι’
3026 1109 3118 1163 τὸν
3179 1105 3238 1162 δὲ
3294 1106 3458 1185 ἄνδρα
3523 1107 3754 1164 καταλι-

2098 1199 2295 1265 ποῦσα,
2355 1195 2444 1250 καὶ
2502 1193 2704 1264 στολὴν
2760 1194 3020 1270 ἀνδρικὴν
3081 1195 3439 1270 ἓνδυσαμένη,
3508 1196 3751 1267 ἀπῆλθεν

2100 1283 2174 1346 εἷς
2234 1285 2334 1352 τήν
2397 1285 2569 1358 μονὴν
2619 1288 2717 1341 τοῦ
2777 1285 2929 1340 ὁσίου
3019 1291 3340 1359 Βασσιανοῦ,
3397 1288 3484 1342 καὶ
3547 1286 3753 1362 ἐγένετο

2102 1376 2342 1448 μοναχῆ.
2400 1376 2532 1428 Εἶτα
2588 1375 2888 1449 γνωσθεῖσα
2933 1377 3069 1451 γυνή
3135 1377 3293 1448 εἶναι,
3349 1376 3620 1450 πέμπεται
3678 1376 3759 1442 είς

2095 1461 2454 1537 Ἱεροσόλυμα
2510 1463 2656 1538 παρᾶ
2708 1467 2804 1518 τοῦ
2861 1463 3036 1520 ὁσίου.
3093 1465 3191 1520 Καὶ
3275 1465 3409 1538 μετὰ
3492 1467 3749 1542 χρόνους,

2097 1550 2330 1616 ἐλθοῦσα
2388 1549 2553 1607 πάλιν
2614 1551 2689 1615 εἰς
2773 1553 3361 1625 Κωνσταντινοῦπολιν,
3450 1557 3539 1610 καί
3595 1553 3755 1618 ἷδίως

2097 1642 2446 1718 ἡσυχάσασα,
2477 1641 2792 1716 ἐτελειώθη.

2652 1753 2836 1810 ΜΗΝΙ
2877 1755 2968 1810 ΤΩ
3007 1757 3200 1813 ΛΠΩ.

2899 1844 2954 1897 Θ,

2099 1927 2370 1996 Ἀθλησις
2423 1933 2520 1984 τοῦ
2573 1929 2756 2010 ἀγίουγ
2796 1929 3067 2010 μάρτυρος
3123 1930 3486 2010 Ἀλεξάνδρου
3540 1937 3640 1990 τοῦ
3695 1933 3747 1990 ἐν

2731 2003 3095 2078 Θεσσαλονίκῃ
3108 2050 3118 2060 .

2169 2087 2520 2164 Ἀλέξανδρος
2579 2091 2606 2145 6
2665 2089 2868 2167 μάρτυς
2929 2092 3174 2169 ὑπῆρχεν
3233 2092 3320 2148 ἐπὶ
3406 2095 3753 2169 Μαξιμιανοῦ

2097 2181 2192 2233 τοῦ
2223 2176 2514 2252 βασιλέως·
2545 2180 2636 2234 καὶ
2694 2179 3010 2256 κρατηθεὶς⁹
3058 2182 3369 2256 ἠναγκάσθη
3429 2184 3583 2238 θῦσαι
3630 2190 3753 2248 τοῖς

2099 2264 2374 2330 εἰδώλοις.
2408 2269 2468 2327 Ὀ
2501 2265 2557 2323 δὲ
2591 2272 2666 2342 μῆ
2701 2269 2959 2338 πεισθεὶς,
2994 2268 3141 2325 ἀλλᾶ
3174 2270 3386 2344 μᾶλλον
3418 2272 3545 2345 θείῳ
3595 2273 3756 2346 ζήλῳ

2097 2358 2357 2428 κινηθεὶς,
2392 2359 2480 2412 καὶ
2509 2355 2638 2413 ἰδὼν
2672 2359 2770 2428 τῆν
2801 2361 3072 2434 τράπεζαν
3128 2364 3238 2415 τῶν
3288 2366 3485 2424 θυσιῶν
3529 2359 3755 2435 ἱσταμέο

2097 2468 2220 2516 νην,
2253 2445 2503 2521 ὥρμησε,
2533 2447 2622 2502 καὶ
2653 2452 2732 2521 τῷ
2761 2446 2890 2504 ποδῖ
2922 2449 3179 2523 κρούσας,
3230 2450 3508 2525 ἀνέτρεψεν
3557 2451 3752 2522 αὐτήν,

2097 2535 2312 2599 καὶτὰς
2343 2535 2522 2600 θυσίας
2571 2535 2770 2612 ἐξέχεε.
2827 2538 2926 2594 Καὶ
2988 2537 3255 2614 ὀργισθεὶς
3315 2540 3343 2594 6
3395 2540 3753 2614 Μαξιμιανὸς,

2099 2621 2267 2680 ἔδωκε
2296 2627 2394 2694 τήν
2426 2629 2544 2683 κατ’
2576 2629 2742 2684 αὐτοῦ
2775 2628 3042 2707 ἀπόφασιν
3099 2634 3194 2684 τοῦ
3240 2626 3329 2684 διὰ
3377 2629 3560 2708 ξίφους
3609 2630 3752 2686 ἀπο·-

2101 2721 2299 2779 θανεῖν.
2336 2716 2438 2772 Καὶ
2498 2713 2682 2772 Λαϐὼν
2734 2718 2894 2774 αὐτὸν
2953 2720 2980 2774 6
3042 2717 3455 2795 σπεκουλάτωρ,
3512 2722 3600 2775 καὶ
3662 2720 3752 2776 ἐκ·

2101 2800 2285 2859 ϐαλὼν
2316 2807 2378 2860 τὸ
2405 2806 2576 2882 ξίφος,
2608 2809 2745 2881 πρὸς
2772 2809 2836 2863 τὸ
2894 2808 3314 2886 ἀποκεφαλίσαι,
3362 2808 3548 2865 ’ἕστατο
3596 2809 3754 2866 ἐκπε-

2101 2891 2446 2969 πληγμένος.
2481 2897 2575 2950 Καὶ
2635 2897 2780 2952 εἶπεν
2842 2900 2869 2952 ὁ
2933 2897 3188 2973 βασιλεὺς
3246 2899 3382 2971 πρὸς
3437 2899 3624 2954 αὐτόν’
3683 2901 3754 2956 Τί

2098 2979 2352 3054 ἕστηκας,
2383 2985 2472 3038 καὶ
2505 2986 2569 3040 οὐ
2629 2983 2870 3060 πληροῖς
2927 2988 2988 3042 τὸ
3044 2987 3384 3062 προσταχθέν
3429 3008 3550 3057 σοι;
3602 2989 3662 3045 ’0
3696 2985 3756 3044 δὲ

2101 3069 2224 3149 ἔφη·
2261 3073 2551 3130 Ὀπτασίαν
2576 3075 2787 3151 θεωρῶ,
2846 3075 2936 3130 καὶ
2995 3075 3105 3149 είμί
3168 3073 3456 3151 ἔντρομος.
3508 3076 3754 3153 ᾼῖτησά-

2105 3181 2264 3233 μενος
2319 3159 2376 3216 δὲ
2431 3163 2459 3217 6
2518 3163 2675 3237 ἅγιος
2761 3164 2905 3238 ὥραν
2983 3172 3324 3239 προσευχῆς,
3391 3164 3478 3220 καὶ
3542 3161 3754 3235 λαϐὼν,

339 3269 515 3323 quam
548 3255 752 3322 oravit,
787 3271 821 3310 a
851 3255 1206 3326 spiculatore
1256 3272 1572 3328 percussus
1620 3256 1770 3311 fuit:
1821 3257 1987 3327 cujus

2102 3245 2320 3321 ηὕξατο’
2353 3251 2442 3304 καὶ
2476 3249 2672 3314 εὐθέως
2728 3251 2942 3328 ἐπλήγη
2993 3253 3098 3307 ὑπὸ
3148 3257 3244 3308 τοῦ
3291 3252 3754 3328 σπεκουλάτορος.

337 3343 598 3398 animam
629 3361 663 3399 a
690 3350 944 3416 quatuor
972 3346 1197 3418 angelis
1229 3346 1484 3402 sublime
1513 3346 1653 3401 ferri
1685 3345 1986 3416 conspica-

340 3433 878 3503 tusMaximianus,
938 3435 1232 3507 permisit,
1290 3442 1357 3492 ut
1415 3437 1544 3508 ejus
1598 3435 1867 3507 reliquie:
1925 3435 1986 3488 in

338 3523 483 3577 urbe
513 3524 933 3581 Thessalonica
961 3526 1236 3599 sepulcro
1269 3527 1652 3582 inferrentur.

977 3719 1198 3775 Eodem
1257 3719 1352 3775 die

518 3810 558 3862 1
575 3811 614 3862 1
627 3811 666 3863 7
703 3809 984 3864 Certamen
1011 3813 1192 3864 sancti
1215 3812 1475 3880 martyris
1515 3811 1806 3865 Antonini.

411 3897 750 3952 Antoninus
781 3902 1006 3969 martyr
1035 3914 1106 3953 ex
1145 3899 1384 3972 regione
1419 3899 1697 3971 Syrorum
1728 3898 1859 3967 fuit,
1892 3898 1986 3954 la-

341 3984 664 4056 picidinam
723 3992 910 4043 artem
969 4003 1269 4044 exercens.
1329 3990 1474 4044 Cum
1530 3994 1726 4044 autem
1767 3988 1991 4044 videret

342 4074 571 4131 Graecos
600 4076 804 4131 fanum
853 4075 1147 4132 idolorum
1195 4079 1512 4150 ingressos,
1557 4077 1851 4149 idolisque
1891 4093 1988 4132 sa-

339 4165 696 4236 crificantes,
729 4166 1076 4223 hortabatur
1105 4184 1225 4238 eos,
1259 4174 1324 4223 ut
1362 4168 1434 4224 ab
1467 4185 1536 4224 ea
1565 4169 1986 4240 superstitione

335 4255 704 4312 recederent.
726 4255 837 4311 Sed
858 4271 992 4312 cum
1015 4256 1164 4311 nihil
1183 4256 1432 4313 dicendo
1451 4257 1734 4325 efficeret,
1755 4256 1813 4310 id
1836 4273 1987 4329 aegre

334 4344 553 4412 ferens,
597 4361 864 4400 eremum
923 4347 1130 4417 petiit;
1188 4352 1514 4418 nactusque
1568 4347 1987 4402 anachoretam

339 4434 658 4506 quemdam
683 4435 785 4490 Dei
809 4452 1061 4503 servum,
1083 4437 1452 4492 Theotimum
1477 4435 1987 4504 nomine,biennio

340 4523 495 4595 apud
515 4539 651 4579 eum
665 4525 903 4580 mansit.
918 4527 1058 4597 Ejus
1073 4531 1278 4596 postea
1293 4529 1535 4597 accepta
1551 4524 1984 4590 benedictione,

2093 3335 2216 3394 Εἴδε
2249 3335 2305 3392 δὲ
2346 3340 2373 3393 ὁ
2433 3340 2688 3414 βασιλεὺς
2744 3340 3006 3416 τέσσαρας
3065 3341 3331 3417 ἀγγέλους
3395 3342 3758 3416 ὀψικεῦοντας

2091 3427 2190 3496 τὴν
2224 3428 2410 3502 ψυχὴν
2442 3432 2539 3482 τοῦ
2571 3427 2750 3504 ἁγίου.
2785 3430 2883 3484 Καὶ
2917 3428 3005 3484 διὰ
3033 3434 3195 3486 τοῦτο
3247 3428 3448 3486 δέδωκε
3497 3438 3616 3495 τοῖς
3667 3433 3754 3487 αἶ’-

2090 3519 2442 3591 τησαμένοις,
2468 3521 2631 3594 θάψαι
2662 3520 2725 3575 τὸ
2775 3518 3032 3595 λείψανον
3084 3521 3247 3577 αὐτοῦ
3301 3521 3354 3577 ἐν
3411 3521 3571 3578 πόλει
3618 3531 3753 3579 Θεσ-

2093 3604 2410 3679 σαλονίκης.

2677 3720 2762 3792 Τῇ
2803 3717 2938 3792 αὖτῇ
2979 3717 3161 3792 ἡμέρᾳ

2279 3804 2542 3877 ’Λθλησις
2575 3811 2669 3862 τοῦ
2699 3808 2853 3881 ἀγίου
2887 3810 3160 3884 μάρτυρος
3189 3809 3548 3866 ’Δντωνίνου.

2168 3895 2490 3959 Ἀντωνῖνος
2531 3897 2559 3951 6
2602 3898 2804 3972 μάρτυς
2850 3897 3098 3974 ὑπῆρχεν
3143 3895 3202 3952 ἐκ
3244 3904 3344 3967 τῆς
3381 3902 3487 3952 τῶν
3550 3900 3750 3973 Σύρων

2103 3987 2311 4060 χώρας,
2345 3981 2642 4059 λιθοτόμος
2669 3988 2768 4056 τήν
2795 3985 3016 4063 τέχνην.
3051 3984 3205 4043 Ἰδὼν
3259 3985 3317 4041 δὲ
3357 3987 3484 4050 τοὺς
3538 3986 3755 4057 Ἔλλη-

2095 4093 2188 4134 νας
2237 4071 2649 4150 ἀπερχομένους
2702 4073 2778 4138 εἷς
2837 4076 2928 4131 τὸν
2988 4075 3114 4131 ναὸν
3163 4080 3271 4130 τῶν
3331 4072 3599 4146 εἰδώλων,
3659 4079 3750 4132 καὶ

2096 4161 2323 4225 θύοντας
2350 4167 2466 4224 τοῖς
2518 4160 2794 4232 εἰδώλοις,
2854 4163 3156 4239 παρῄνεσεν
3217 4164 3403 4225 αὐτοῖς
3452 4165 3753 4230 ἀποστῆναι

2093 4249 2294 4305 αὐτῶν.
2329 4251 2415 4312 Ὠς
2469 4249 2525 4306 δὲ
2581 4251 2680 4306 οὐκ
2739 4251 3091 4328 εἰσηχρύσθη,
3153 4251 3418 4322 λυπηθεὶς
3463 4253 3753 4328 ἀνεχώρηο

2094 4359 2178 4394 σεν
2213 4337 2288 4400 είς
2317 4335 2522 4413 ἔρημον
2555 4341 2745 4396 τόπονο
2802 4341 2893 4396 καί
2945 4341 3182 4417 εὑρίσκει
3232 4339 3428 4397 δοῦλον
3473 4346 3570 4397 τοῦ
3618 4347 3756 4398 Θεοῦ

2095 4429 2485 4501 ἀναχωρητὴν,
2519 4426 2749 4503 ὀδόματι
2797 4430 3085 4504 Θεότιμον,
3138 4430 3228 4486 καὶ
3280 4429 3370 4485 σὺν
3439 4430 3585 4502 αὖτῷ
3635 4428 3756 4487 δια-

2091 4515 2287 4591 τρίψας
2318 4514 2409 4587 ἔτη
2447 4515 2564 4590 δύο,
2620 4520 2708 4574 καὶ
2770 4515 2952 4576 λαϐὼν
3008 4522 3107 4582 τὰς
3164 4519 3328 4595 εὐχὰς
3388 4519 3572 4588 αὐτοῦ,
3633 4541 3760 4576 κατ-

338 4612 400 4668 in
432 4614 683 4684 patriam
721 4614 794 4669 ad
838 4615 1123 4687 populum
1169 4617 1484 4688 praestigiis
1528 4616 1865 4671 daemonum
1899 4633 1983 4670 se-

2102 4604 2233 4676 ῆλθε
2264 4607 2427 4662 πάλιν
2455 4610 2590 4684 πρὸς
2622 4611 2714 4666 τὸν
2743 4608 3157 4684 πεπλανημένον
3217 4609 3348 4666 λαὸν
3395 4617 3491 4667 τοῦ
3535 4613 3754 4688 χωρίου

341 4701 582 4758 ductum
631 4720 922 4773 reversus,
969 4705 1217 4761 offendit
1267 4723 1368 4760 eos
1415 4706 1631 4761 festum
1676 4705 1987 4760 daemoniis

341 4790 500 4846 diem
557 4808 770 4864 agere:
831 4793 1253 4866 ingressusque
1309 4793 1534 4858 fanum,
1599 4793 1756 4849 idola
1787 4794 1989 4849 omnia

341 4881 709 4936 comminuit.
734 4881 1128 4946 Quamobrem
1149 4882 1614 4953 comprehensus
1645 4882 1987 4952 gravissime

340 4970 606 5026 caeditur.
633 4971 856 5026 Deinde
886 4974 1208 5042 Apameam
1242 4970 1420 5042 Syriae
1451 4970 1772 5042 profectus,
1796 4987 1930 5026 cum
1954 4987 1988 5026 a

340 5063 712 5118 sanctissimo
763 5062 1038 5133 episcopo
1088 5061 1485 5133 impetrasset,
1519 5065 1584 5115 ut
1612 5066 1830 5116 sanctas
1861 5062 1985 5116 Tri-

336 5151 507 5206 nitati
567 5151 854 5222 templum
923 5149 1223 5218 conderet,
1269 5149 1550 5220 jactaque
1603 5150 1730 5220 jam
1788 5153 1989 5204 essent

335 5239 745 5308 fundamenta,
779 5239 1072 5311 indigeam
1129 5243 1309 5294 noctu
1367 5239 1671 5292 hominem
1703 5238 1984 5310 aggressi,

331 5328 712 5383 membratim
743 5327 1170 5383 conciderunt:
1205 5334 1263 5382 et
1312 5327 1468 5383 hunc
1500 5328 1561 5382 in
1593 5326 1834 5383 modum
1866 5328 1986 5399 spi-

335 5417 520 5472 ritum
553 5419 669 5472 Deo
701 5416 979 5473 reddidit.

977 5506 1198 5562 Eodem
1229 5505 1344 5561 die.

557 5599 592 5651 1
613 5596 707 5651 78
743 5597 1026 5652 Certamen
1055 5597 1231 5653 sancti
1260 5598 1521 5667 martyris
1551 5597 1770 5654 Orestis.

414 5686 650 5746 Orestes
670 5691 886 5759 martyr
905 5686 1116 5758 Tyanis
1141 5687 1204 5743 in
1233 5687 1600 5760 Cappadocia
1621 5692 1816 5758 natus,
1841 5702 1984 5743 con-

2097 4696 2282 4754 αὐτοῦ.
2322 4697 2418 4750 Καὶ
2453 4699 2624 4774 εὑρὼν
2675 4700 2869 4763 αὐτοὺς
2938 4700 3130 4776 ἑορτὴν
3192 4699 3571 4763 ἐπιτελοῦντας
3629 4708 3753 4765 τοῖς

2097 4782 2369 4858 δαίμοσιν,
2422 4787 2687 4843 εἰσελθὼν
2747 4788 2824 4853 εἰς
2874 4789 2967 4844 τὸν
3028 4792 3152 4844 ναὸν
3212 4790 3409 4860 αὐτῶν,
3469 4791 3757 4866 συνέτριψε

2096 4874 2270 4933 παντά
2325 4878 2394 4934 τὰ
2458 4874 2680 4935 εἲδωλα.
2764 4879 2894 4935 Εἶτα
2976 4879 3288 4952 κρατηθεὶς,
3363 4880 3452 4934 καὶ
3535 4880 3759 4958 τυφθεὶς

2099 4969 2364 5046 ἰσχυρῶς,
2407 4967 2652 5037 ἀπῆλθεν
2710 4967 2787 5029 εἷς
2847 4967 3146 5040 Ἀπάμειαν
3204 4972 3305 5034 τῆς
3369 4971 3588 5044 Συρίας.
3655 4971 3752 5026 Καὶ

2104 5055 2318 5128 δεηθεὶς
2371 5062 2468 5113 τοῦ
2527 5054 2825 5112 ὁσιωτάτου
2883 5055 3182 5112 ἐπισκόπου
3242 5053 3430 5114 λαϐεῖν
3512 5057 3760 5128 ἐξουσίαν

2105 5151 2201 5201 τοῦ
2251 5149 2428 5202 κτίσαι
2485 5147 2609 5200 ναὸν
2689 5144 2774 5199 ἐπ’
2834 5143 3064 5218 ὀνόματι
3125 5149 3224 5215 τῆς
3281 5146 3436 5221 ἁγίας
3493 5144 3750 5222 Τριάδος,

2101 5237 2300 5311 ἤρξατο
2331 5235 2554 5306 κτίζειν.
2596 5234 2698 5291 Καὶ
2758 5237 2918 5290 τοῦτο
2980 5236 3239 5307 μαθόντες
3297 5236 3348 5290 οἱ
3408 5243 3754 5311 συγχωρῖται

2097 5325 2284 5397 αὐτοῦ,
2345 5324 2534 5385 νυκτὸς
2599 5320 2952 5393 ἐπιτεθέντες,
3045 5329 3163 5388 τοῖς
3245 5326 3418 5399 ξίφεσι
3506 5322 3754 5397 μεληδὸν

2095 5415 2417 5488 κατέκοψαν.
2448 5412 2550 5471 Καί
2608 5409 2752 5469 οὕτω
2801 5414 2863 5468 τὸ
2907 5417 3122 5488 πνεῦμα
3161 5418 3242 5486 τῷ
3291 5418 3407 5485 Θεῷ
3462 5416 3755 5490 παρέθετο.

2679 5505 2758 5576 Τῇ
2797 5502 2935 5577 αὖτῇ
2976 5504 3158 5578 ἡμέρᾳ

2319 5591 2586 5664 Ἀθλησις
2612 5595 2709 5648 τοῦ
2742 5590 2904 5666 ἀγίου
2941 5591 3212 5668 μάρτυρος
3244 5595 3523 5669 Ὀρέστου,

2169 5685 2229 5741 Ὀ
2291 5683 2494 5760 μάρτυς
2553 5682 2807 5757 Ὀρέστης
2864 5680 2932 5750 ἦν
2986 5681 3046 5737 ἐκ
3099 5689 3198 5752 τῆς
3244 5682 3462 5746 πόλεως
3509 5681 3757 5756 Τυάνων,
