4030 6196
355 292 447 350 153

352 423 505 496 χώρις
532 413 916 480 Καππαδοκίας·
968 423 1319 496 καταφρονῶν
1382 416 1437 472 δί
1493 422 1599 473 τῶν
1660 415 1925 484 εἷδώλων,

347 512 421 563 καὶ
485 511 555 563 τὸν
620 508 853 581 Χριστὸν
940 506 1219 585 παρρησίᾳ
1290 509 1597 583 κηρύττων·
1657 506 1924 580 ἐκρατήθη

345 600 462 671 παρὰ
485 598 725 666 Μαξίμου,
784 597 889 650 ὑπὸ
950 597 1348 668 Διοκλητιανοῦ
1399 595 1590 651 νεωστὶ
1640 614 1926 669 προχειρι-

340 690 510 751 σθέντος
561 687 834 759 ἡγεμόνος
890 694 988 757 τῆς
1047 689 1251 763 χώρας.
1315 686 1411 741 Καὶ
1468 686 1926 760 καταναγκασθεῖς

328 782 639 849 προσκυνῆσαι
671 782 793 838 τοῖς
848 776 1123 847 εἷ’ὃώλοις,
1158 776 1247 832 καὶ
1304 778 1379 850 μὴ
1440 776 1701 844 πεισθεὶς,
1732 774 1925 829 τύπτε-

318 887 387 919 ται
441 865 561 935 μετᾶ
615 861 858 939 ῥαϐδίων
921 866 1189 941 ἴσχυρῶς,
1244 864 1351 928 ἕως
1410 866 1577 942 ἐφάνη
1608 866 1675 919 τὰ
1726 861 1922 927 ἓσωθεν

313 958 399 1005 τῶν
430 951 757 1027 σπλάγχνων
816 954 1003 1013 αὐτοῦ.
1066 955 1215 1012 Μετᾶ
1271 952 1328 1009 δὲ
1382 956 1444 1009 τὸ
1499 952 1926 1031 τυφθῆναι,ἆπ-

307 1043 430 1115 ἤχθη
458 1039 526 1101 εἷς
557 1043 649 1095 τὸν
681 1044 813 1097 ναὸν
836 1045 947 1097 τῶν
978 1041 1367 1112 εἷδώλων,-καὶ
1399 1042 1562 1097 πάλιν
1589 1041 1925 1115 κατηναγκά-

302 1134 400 1196 ζετο
429 1136 801 1202 προσκυνῆσαι
859 1131 1064 1193 αὐτοῖς.
1099 1132 1159 1188 Ὀ
1192 1130 1270 1200 δὲ,
1329 1132 1420 1185 τὸν
1479 1130 1707 1204 Χριστὸν
1739 1126 1924 1183 ἐπικα-

300 1216 587 1290 λεσάμενος,
622 1218 717 1272 καὶ
749 1218 1068 1297 ἐμφυθήσας
1098 1219 1172 1281 είς
1228 1221 1294 1275 τὰ
1323 1217 1550 1289 εἴδωλα,
1611 1220 1922 1291 συνετριψεν

293 1305 448 1373 αὐτὰ,
504 1315 591 1360 καὶ
652 1306 992 1374 ἐλέπτυνεν,
1053 1309 1181 1363 ὠσει
1239 1308 1565 1385 κονιορτόν.
1633 1308 1734 1363 Καὶ
1800 1307 1925 1361 τότε

290 1393 533 1469 παρεδόθη
565 1401 634 1471 τῇ
685 1396 931 1475 φυλακῇ.
962 1398 1059 1453 Καὶ
1094 1398 1226 1473 μετὰ
1256 1400 1390 1453 ἑπτὰ
1445 1399 1657 1474 ἡμέρας
1717 1392 1921 1464 ἐκϐλη-

290 1486 383 1547 θεὶς
410 1488 500 1552 τῆς
529 1486 813 1563 φυλακῆς,
863 1487 1101 1561 παρέστη
1160 1493 1239 1561 τῷ
1296 1487 1544 1562 Μαξίμῳ
1605 1485 1694 1540 καὶ
1756 1486 1921 1540 πάλιν

287 1574 594 1648 ἠναγκάζετο
657 1578 832 1639 θύειν.
883 1578 987 1632 Καὶ
1041 1578 1115 1649 μὴ
1147 1577 1411 1647 πεισθεὶς,
1468 1574 1627 1645 ἣλοις
1692 1579 1921 1649 μακροῖς

285 1662 536 1737 ἔτρυπήθη
592 1653 741 1727 τοὺς.
785 1666 1179 1740 ἀστραγάλους.
1232 1667 1335 1723 Καὶ
1394 1662 1713 1739 προσδεθεὶς
1744 1662 1920 1738 ἀγρίῳ

1743 286 2195 347 NOVEMBER.

3576 296 3693 354 154

2037 424 2232 491 empto
2257 419 2551 475 idolorum
2574 422 2736 476 cultu
2754 422 3053 477 Christum
3091 424 3276 478 libere
3297 424 3681 495 prmdicabat.

2035 509 2512 579 Comprehensus
2560 511 2737 581 igitur
2762 528 2795 565 a
2829 512 3102 580 Maximo,
3137 514 3236 583 qui
3266 530 3472 569 recens
3503 532 3537 569 a
3564 516 3692 570 Dio-

2039 598 2292 653 cletiano
2325 600 2706 670 Cappadociae
2747 600 3058 669 praefectus
3102 602 3315 668 fuerat,
3347 604 3691 674 compulsus

2035 686 2193 742 idola
2216 688 2483 754 adorare,
2511 705 2644 743 cum
2668 696 3019 757 recusasset,
3046 691 3220 762 virgis
3244 694 3487 762 pessime
3504 710 3692 763 usque

2038 773 2187 828 adeo
2215 790 2530 844 percussus
2582 782 2689 845 est,
2742 783 2807 831 ut
2851 779 3075 833 viscera
3124 780 3251 849 ejus
3299 781 3689 835 nudarentur.

2032 865 2244 919 Postea
2269 866 2329 919 in
2364 867 2649 936 templum
2676 868 2970 922 idolorum
3004 868 3239 937 ductus,
3266 870 3599 939 iterumque
3623 887 3691 925 ea

2032 953 2226 1008 colere
2277 960 2536 1019 coactus,
2573 956 2792 1010 Christi
2844 957 3085 1011 nomine
3129 959 3416 1025 invocato,
3460 975 3594 1012 cum
3625 960 3688 1013 in

2032 1040 2192 1097 idola
2223 1043 2608 1108 insufflasset.
2634 1047 2695 1100 in
2730 1047 3146 1100 tenuissimum
3176 1064 3243 1101 ea
3268 1048 3569 1118 pulverem
3601 1065 3690 1103 re-

2031 1130 2207 1203 degit.
2242 1135 2385 1187 Tum
2416 1152 2550 1189 vero
2609 1136 2669 1189 in
2731 1152 3029 1190 carcerem
3090 1136 3461 1203 detruditur;
3508 1142 3687 1207 atque

2030 1220 2167 1275 inde
2200 1224 2452 1293 septimo
2480 1230 2614 1295 post
2646 1223 2740 1279 die
2774 1224 3041 1290 eductus,
3074 1225 3303 1278 sistitur
3336 1225 3588 1279 Maximo
3616 1244 3628 1282 :
3653 1243 3688 1281 a

2031 1327 2145 1379 quo
2168 1328 2373 1367 rursus
2392 1312 2466 1367 ad
2489 1312 2943 1368 sacrificandum
2968 1313 3340 1377 sollicitatus,
3357 1331 3465 1369 nec
3485 1321 3683 1370 tamen

2030 1400 2105 1454 ad
2136 1400 2195 1454 id
2224 1401 2563 1456 faciendum
2614 1403 2911 1471 inductus,
2960 1403 3223 1473 trajectis
3277 1420 3382 1474 per
3412 1404 3560 1458 talos
3592 1405 3683 1459 in-

2028 1490 2303 1560 gentibus
2333 1491 2535 1555 clavis,
2572 1491 2860 1546 indomito
2918 1508 3067 1562 equo
3127 1493 3353 1547 catenis
3385 1493 3680 1564 alligatus,

2032 1584 2195 1633 extra
2224 1579 2431 1634 urbem
2462 1582 2795 1651 Tyanorum
2840 1598 2945 1652 per
2976 1582 3176 1653 viginti
3210 1588 3463 1652 quatuor
3494 1582 3684 1637 millia

2028 1682 2312 1737 passuum
2344 1676 2632 1740 raptatus,
2671 1671 2949 1741 spiritum
2996 1671 3257 1727 tradidit.

285 1750 417 1825 ἴππφ
465 1755 601 1825 μετᾶ
690 1754 938 1811 ἁλύσεων
1015 1757 1289 1833 τρέχοντι,
1370 1755 1547 1831 συρεὶς
1612 1752 1770 1828 μίλια
1845 1753 2246 1828 εἰκοσιτέσσαρα
2321 1756 2426 1812 ἀπδ
2505 1766 2604 1829 τῆς
2689 1760 2904 1821 πόλεως
2978 1756 3224 1829 Τυάδων,
3285 1755 3565 1833 παρέδωκε
3621 1759 3683 1814 τὸ

279 1846 489 1915 πνεῦμα.

821 1973 1005 2028 MHNI
1036 1973 1128 2049 To
1158 1974 1357 2051 ΑΥΤῼ.

1087 2064 1118 2117 Ι,

296 2145 526 2216 Δθλησις
601 2152 720 2202 τῶν
794 2146 966 2216 ἁγίων
1045 2148 1367 2203 ἀποστόλων
1470 2147 1530 2204 ἐκ

338 2217 587 2297 ἶρλυμπᾶ
624 2263 639 2287 ,
721 2217 1024 2297 Ῥωὸίωνος
1059 2265 1073 2290 ,
1171 2219 1531 2297 Σωσιπάτρου
1566 2264 1580 2290 ,

342 2292 619 2367 Ἐράστου,
657 2292 753 2346 καὶ
784 2293 1093 2367 Κονάρτου.

1629 2152 1737 2203 τῶν
1845 2149 1913 2217 ο’,

1664 2219 1915 2294 Τερτίου,

345 2419 456 2472 Τῶν
492 2419 587 2490 μὲν
654 2420 829 2493 ἁγίων
880 2420 1086 2474 τούτων
1142 2419 1487 2492 ἀποστόλων,
1521 2421 1548 2475 ό
1584 2422 1676 2495 μὶν
1711 2420 1917 2493 Ὀλυμ-

288 2504 378 2565 mi;
431 2507 516 2560 καί
578 2508 608 2561 ὁ
674 2506 941 2571 Ῥωδίων,
972 2508 1398 2574 ἀκολουθοῦντες
1451 2512 1531 2583 τῷ
1588 2510 1722 2586 ἁγίῳ
1778 2510 1916 2564 ἀπο-

282 2592 446 2667 στόλῳ
481 2598 697 2670 Πὲτρῳ,
758 2598 1057 2675 ἀμφότεροι
1112 2598 1166 2655 ἐν
1219 2599 1405 2674 Ῥώμῃ
1460 2604 1529 2674 τῇ
1583 2600 1744 2656 πόλει
1810 2600 1913 2655 ὑπὸ

286 2683 516 2757 Νέρωνος
575 2688 668 2741 τάι
731 2686 970 2763 κεφαλὰς
1033 2689 1447 2761 ἀπετμήθησαν.
1506 2690 1568 2745 Ὀ
1618 2687 1674 2743 δὲ
1735 2689 1911 2743 Σωσί-

280 2794 482 2847 πατρος,
546 2775 765 2838 οὔτινος
824 2776 876 2830 ἐν
935 2781 1002 2851 τῇ
1056 2779 1194 2853 πρὸς
1241 2778 1551 2851 Ῥωμαίους
1610 2778 1909 2851 Ἐπιστολῇ

276 2864 485 2937 ῧᾶγιος
541 2863 861 2927 ἆπύστολος
954 2867 1227 2939 μέμνηται
1285 2868 1507 2930 Παῦλος
1542 2913 1556 2937 ,
1617 2867 1911 2929 ἐπίσκοπος

272 2951 475 3006 Ἰκονίου
559 2953 881 3028 γενόμενος,
968 2951 1019 3008 ἒν
1104 2955 1294 3029 εἰρήνῃ
1377 2955 1691 3027 ἐτελειώθη’
1770 2958 1797 3012 ὁ
1855 2953 1913 3011 δὲ

271 3041 498 3112 Τέρτιος,
532 3042 560 3096 ὁ
607 3044 702 3097 καὶ
733 3043 834 3111 τὴν
880 3042 1016 3117 πρύς
1048 3044 1357 3117 Ῥωμαίους
1387 3046 1598 3120 γράψας
1656 3048 1908 3103 Ἐπιστο-

272 3126 387 3199 λὴν,
418 3131 519 3185 ὑπὸ
576 3135 682 3186 τοῦ
732 3132 888 3207 ἁγίου
920 3132 1139 3188 Παύλου
1192 3132 1524 3204 ἐκδοθεῖσαν,
1564 3136 1697 3208 μετᾶ
1729 3142 1910 3190 Σωσι-

272 3239 453 3292 πατρον
532 3219 789 3296 δεύτερος
873 3220 1167 3286 ἐπίσκοπος
1266 3223 1494 3280 Ἰκονίου
1594 3224 1911 3300 γενόμενος,

274 3310 391 3381 πρὸς
465 3311 674 3384 Κύριον
732 3308 1085 3385 ἐξεδήμησεν.
1133 3314 1194 3371 '0
1248 3310 1303 3368 δὲ
1357 3320 1643 3389 Ἔραστος,
1703 3314 1765 3370 οὗ
1820 3314 1910 3370 καὶ

1949 2041 1997 2105 Β

2583 1974 2825 2029 EODEM
2870 1974 3121 2028 MENSE.

2670 2064 2772 2117 Die
2813 2062 3043 2117 decima

2026 2152 2178 2205 179
2229 2152 2511 2208 Certamen
2558 2159 2875 2207 sanctorum
2921 2150 3295 2220 apostolorum
3347 2166 3416 2203 ως
3466 2155 3683 2219 septua-

2097 2225 2273 2293 ginta,
2303 2224 2567 2294 Olympw,
2601 2224 2918 2291 Rhodionis,
2965 2221 3259 2293 Sosipatri,
3304 2223 3492 2292 Tertii,
3538 2224 3680 2277 Era-

2095 2298 2185 2363 διε,
2218 2302 2268 2351 et
2299 2298 2516 2360 Quarti.

2097 2420 2175 2474 Ex
2206 2420 2300 2474 his
2357 2421 2576 2475 sanctis
2633 2419 2918 2491 apostolis
2977 2418 3252 2489 Olympas
3311 2416 3572 2488 quidem,
3619 2421 3677 2471 et

2026 2510 2296 2565 Rhodion
2329 2515 2598 2565 sanctum
2630 2509 2965 2581 apostolum
2995 2511 3232 2562 Petrum
3263 2507 3472 2573 secuti,
3502 2505 3676 2560 ambo

2024 2599 2222 2653 Roma)
2246 2615 2280 2653 a
2302 2601 2527 2654 Nerone
2547 2600 2755 2670 capitis
2774 2598 3058 2657 damnati.
3082 2602 3333 2651 mortem
3352 2595 3673 2667 oppetiere.

2023 2689 2320 2759 Sosipater
2349 2694 2568 2755 autem,
2630 2690 2800 2760 cujus
2853 2689 2913 2742 in
2962 2687 3219 2757 Epistola
3271 2685 3344 2739 ad
3376 2687 3675 2739 Romanos

2024 2784 2263 2832 sanctus
2286 2778 2588 2849 apostolus
2613 2778 2831 2832 Paulus
2855 2774 3336 2839 meminit,lconii
3360 2774 3673 2844 episcopus

2021 2866 2231 2934 factus,
2264 2868 2324 2921 in
2357 2884 2499 2938 pace
2529 2867 2766 2938 quievit.
2802 2868 2982 2921 Porro
3013 2862 3264 2931 Tertius,
3297 2864 3468 2933 cujus
3495 2876 3675 2932 opera

2024 2961 2264 3011 sanctus
2297 2957 2511 3012 Paulus
2545 2957 2606 3011 in
2637 2954 2952 3012 scribenda
2980 2953 3054 3009 ad
3086 2957 3382 3008 Romanos
3413 2950 3675 3022 Epistola

2022 3063 2163 3101 usus
2192 3046 2324 3113 fuit,
2360 3046 2655 3102 secundus
2704 3051 2839 3117 post
2896 3044 3261 3115 Sosipatrum
3294 3042 3670 3096 renuntiatus

2020 3137 2203 3191 Iconii
2236 3138 2568 3209 episcOpus,
2629 3136 2703 3191 ad
2759 3135 3076 3191 Dominum
3108 3133 3396 3205 migravit.
3432 3134 3671 3186 Erastus

2021 3242 2177 3294 vero,
2201 3228 2370 3299 cujus
2392 3228 2453 3281 in
2481 3226 2689 3282 eadem
2710 3224 2974 3296 Epistola
2999 3224 3157 3278 idem
3183 3222 3483 3293 apostolus
3511 3238 3673 3276 men-

2023 3318 2245 3371 tionem
2290 3318 2452 3386 facit,
2497 3318 2757 3387 primum
2808 3314 3361 3385 Hierosolymitanee
3403 3312 3677 3365 Ecclesia)

276 3400 423 3454 αὐτοῦ
455 3399 506 3455 ἒν
537 3406 610 3475 τῇ
663 3401 800 3475 αὐτῇ
861 3402 1160 3477 Ἐπιστολῇ
1211 3405 1483 3477 μέμνηται
1518 3406 1546 3459 ὁ
1578 3405 1728 3478 ἅγιος
1762 3408 1909 3462 Παῦ-

2028 3423 2386 3473 mconomus,
2420 3405 2635 3460 deinde
2669 3404 2959 3459 Paneadis
2992 3403 3302 3473 episcopus
3334 3405 3588 3465 creatus,
3613 3400 3675 3454 in

276 3485 361 3549 λος
387 3488 684 3563 οῗκονόμος
739 3498 840 3560 τῆς
888 3491 939 3546 ἐν
988 3491 1394 3567 Ἱεροσολύμοις
1459 3493 1786 3565 Ἐκκλησίας
1815 3516 1910 3571 γε-

276 3578 431 3650 γονὼς
461 3626 475 3649 ,
558 3581 651 3634 καὶ
745 3581 879 3653 μετᾶ
934 3585 1100 3637 ταῦτα
1163 3581 1458 3646 ἐπίσκοπος
1508 3582 1795 3655 Πανεάδος,
1856 3584 1909 3640 ἐν

278 3664 446 3741 εἰρήνῃ
505 3666 830 3739 ἐτελειώθη.
889 3675 942 3724 '0
1000 3668 1057 3725 δὲ
1114 3670 1407 3746 Κούαρτος,
1465 3672 1756 3737 ἂπίσκοπος
1812 3680 1911 3743 τῆς

278 3752 471 3818 πόλεως
510 3762 771 3832 Βηρυτοῦ
821 3758 1139 3834 γενόμενος,
1190 3760 1279 3816 καὶ
1338 3761 1524 3817 πολλά
1554 3763 1736 3817 παθὼν
1776 3765 1908 3839 ὑπὲρ

274 3849 360 3911 τῆς
399 3842 703 3915 εὐσεϐείας,
764 3846 1050 3909 πλείστους
1076 3869 1134 3902 τε
1163 3852 1270 3903 τῶν
1323 3848 1604 3920 Ἐλλήνων
1660 3849 1907 3926 ἐπιστρὲ-

277 3933 364 4004 ea;
392 3932 475 3989 ἐπὶ
494 3937 594 3990 τὸν
630 3934 847 4011 Κύριον,
878 3935 1024 3991 τὲλει
1060 3936 1184 4012 βίου
1214 3936 1510 4013 ἐχρήσατο.

814 4067 999 4123 ΜΗΝΙ
1038 4071 1122 4121 ΤΩ
1155 4068 1355 4123 ΔΥἸὮ.

1042 4155 1139 4212 ῙΛ’

278 4255 537 4330 ’Ἂθλησις
604 4264 710 4337 τῶν
780 4259 950 4337 ἁγίων
1015 4261 1302 4337 μαρτύρων
1361 4267 1548 4337 Μηνᾶ,
1610 4261 1908 4337 Βίκτωρος,

676 4333 977 4405 Βικιν-τίου,
1016 4333 1117 4391 καὶ
1176 4333 1519 4412 Στεφανίδος.

339 4455 394 4511 Ὀ
427 4457 519 4526 μὲν
580 4458 734 4533 ἅγιος
791 4455 1213 4533 μεγαλομάρτυς
1275 4461 1469 4530 Μηνᾶς
1532 4461 1778 4536 ὑπῆρχεν
1821 4459 1907 4515 ἐπὶ

2021 3510 2164 3566 pace
2195 3494 2466 3549 decessit.
2523 3496 2775 3559 Quartus
2832 3491 3093 3561 denique
3135 3490 3328 3559 Beryti
3360 3488 3522 3543 urbis
3555 3489 3678 3559 epi-

2022 3601 2237 3656 scopus
2260 3585 2470 3652 factus,
2504 3589 2820 3655 postquam
2878 3581 3068 3635 multa
3109 3596 3212 3650 pro
3274 3579 3490 3649 pietate
3546 3594 3672 3648 per-

2021 3689 2231 3744 pessus
2250 3674 2891 3745 fuisset,plurimosque
2915 3672 3249 3725 Graacorum
3273 3668 3345 3722 ad
3371 3667 3684 3722 Dominum

2021 3766 2433 3835 convertisset,
2466 3765 2583 3820 vita
2613 3764 2857 3819 functus
2890 3766 2997 3816 est.

2578 4067 2821 4125 EODEM
2865 4065 3121 4121 MENSE.

2627 4159 2729 4213 Die
2756 4155 3076 4211 undecima

2022 4268 2177 4324 180
2244 4270 2527 4325 Certamen
2588 4272 2904 4320 sanctorum
2972 4267 3280 4328 martyrum
3344 4260 3536 4325 Mente,
3580 4257 3675 4311 Vi-

2340 4342 2526 4406 ctoris,
2564 4337 2856 4400 Vincentii,
2890 4340 2942 4388 et
2977 4330 3352 4401 Stephanidis.

2096 4466 2343 4519 Sanctus
2374 4478 2622 4534 magnus
2673 4464 2896 4529 martyr
2927 4460 3147 4523 Menas,
3178 4453 3531 4509 Maximiano
3566 4452 3680 4506 im-

282 4543 601 4618 Μαξιμιανοῦ
638 4552 736 4603 τοῦ
796 4548 1084 4623 βασιλέως,
1145 4549 1205 4604 ἐκ
1262 4553 1361 4620 τῆς
1417 4550 1725 4626 Αἰγυπτίων
1786 4553 1903 4627 χώς

2028 4559 2313 4627 peratore,
2372 4569 2441 4607 ex
2496 4552 2737 4621 Egypto
2809 4549 2938 4602 fuit.
3001 4548 3266 4615 Cumque
3324 4544 3386 4597 in
3445 4542 3677 4613 Cotymo

282 4649 384 4703 ρας,
439 4633 772 4710 στρατιώτης
826 4633 899 4690 ὤν
958 4641 1059 4692 τοῦ
1117 4639 1444 4713 Νουμερίου,
1496 4638 1546 4693 ἐν
1602 4639 1901 4713 Κοτυαείῳ,

283 4720 420 4776 πόλει
472 4726 734 4800 Φρυγίας.
788 4727 1048 4791 Γνωσθείς
1080 4725 1136 4783 δὲ
1167 4729 1488 4801 Χριστιανὸς
1521 4732 1679 4799 εἶναι,
1708 4729 1903 4785 τύπτε-

282 4828 356 4863 ται
382 4811 639 4889 σφοδρῶς,
682 4816 768 4870 καὶ
830 4816 1019 4886 ξέεται.
1082 4817 1183 4872 Κκί
1241 4816 1375 4890 μετᾶ
1431 4821 1598 4872 ταῦτα
1647 4818 1776 4893 πυρὶ
1808 4838 1908 4872 κα-

285 4898 600 4985 ταξλὲγεταιο
682 4905 769 4959 καὶ
857 4904 1073 4981 σύρεται
1130 4905 1310 4961 ἐπάνω
1392 4900 1668 4983 τριϐόλων
1720 4908 1902 4979 ὀξέων.

290 4986 511 5059 Εἶτα-τήν
552 4990 641 5047 διὰ
698 4992 880 5070 ξίφους
930 4990 1146 5069 δέχεται
1213 4993 1504 5065 τελευτὴν.
1569 4996 1629 5054 Ὁ
1662 4993 1720 5051 δὲ
1751 4997 1902 5072 ἅγιος

289 5076 471 5159 Βίκτωρ
524 5083 766 5157 ὑπῆρχεν
825 5082 913 5137 ἐπὶ
971 5084 1299 5142 ’Δντωνίνου
1363 5086 1655 5159 βασιλέως,
1689 5086 1779 5142 καὶ
1812 5093 1905 5141 Σε-

288 5158 542 5224 ϐαστιανοῦ
627 5169 820 5235 δουκὸς
899 5172 950 5226 ἐν
1039 5174 1263 5245 Ἰταλίᾳ.
1344 5158 1642 5251 Κρατηθεῖς
1697 5172 1754 5230 δὶ
1814 5176 1904 5230 καὶ

287 5251 603 5329 ἐιαγκασθεὶς
663 5260 992 5334 ἀρνήσασθαι
1047 5263 1139 5317 τὸν
1191 5264 1443 5336 Χριστὸν,
1498 5265 1587 5319 καὶ
1652 5265 1727 5337 μὴ
1786 5285 1901 5319 πει-

292 5344 430 5415 σθεὶς,
482 5347 829 5424 ἐξαρθροῦται
884 5350 1009 5414 τοὺς
1080 5349 1426 5423 δακτύλους,
1487 5352 1576 5407 καὶ
1641 5352 1903 5426 βάλλεται

290 5430 352 5492 εἷς
401 5436 618 5510 κάμινον
655 5481 667 5493 .
756 5439 887 5493 Εἶτα
941 5441 1215 5510 ποτίζεται
1278 5438 1592 5517 δηλητήρια
1650 5442 1906 5519 φάρμακα

290 5524 417 5595 παρὰ
442 5531 636 5603 μαγουο
682 5527 773 5581 καὶ
838 5527 1000 5601 μηδὲν
1059 5528 1338 5601 ἀδικηθεὶς
1387 5538 1534 5586 ποιεῖ
1588 5532 1679 5586 τὸν
1734 5531 1902 5609 μάγον

293 5613 611 5685 Χριστιανόν.
664 5616 946 5690 ὀρυχθεὶς
1004 5616 1063 5675 δὲ
1091 5619 1220 5682 τοὺς
1282 5618 1625 5697 ὀφθαλμοὺς,
1682 5623 1785 5694 τήν
1814 5643 1901 5679 κε-

2014 4643 2282 4715 Phrygiae
2318 4641 2462 4696 urbe
2524 4639 2630 4695 sub
2690 4638 2965 4693 Numerio
3025 4639 3303 4700 mereret,
3338 4632 3475 4687 ﬁdei
3518 4632 3683 4687 Chri-

2019 4733 2225 4787 stianae
2275 4747 2453 4786 causa
2509 4728 2806 4783 dirissime
2860 4727 3223 4793 verberatur,
3281 4729 3338 4778 et
3369 4722 3682 4777 excarniﬁ-

2017 4828 2203 4877 catur.
2264 4820 2487 4875 Deinde
2548 4818 2666 4891 igni
2725 4818 3053 4884 ambustus,
3111 4832 3180 4871 ac
3236 4831 3414 4885 super
3470 4819 3674 4867 acutas

2015 4911 2261 4966 testulas
2320 4915 2672 4981 pertractus,
2733 4907 2927 4980 gladio
2988 4921 3306 4977 percussus
3373 4902 3674 4957 occubuit.

2016 5001 2263 5056 Sanctus
2294 5005 2493 5055 autem
2522 4999 2719 5054 Victor
2748 4998 3050 5053 Antonino
3084 4995 3442 5065 imperatore
3482 5008 3551 5046 ac
3581 4991 3678 5045 Se-

2012 5091 2282 5146 bastiano
2311 5090 2493 5143 Italiae
2528 5088 2675 5144 duce
2727 5087 2961 5142 claruit.
3012 5083 3487 5155 Comprehensus
3515 5097 3671 5147 vero,

2014 5181 2432 5250 Christumque
2459 5179 2691 5251 ejurare
2714 5177 3078 5248 compulsus,
3099 5191 3233 5229 cum
3254 5173 3423 5227 nulla
3441 5172 3671 5225 ratione

2014 5270 2085 5325 ad
2129 5270 2187 5324 id
2220 5268 2420 5324 induci
2452 5272 2672 5340 posset,
2697 5267 2913 5322 luxatis
2945 5265 3263 5336 digitorum
3295 5261 3581 5327 articulis,
3607 5261 3670 5314 in

2014 5360 2315 5415 fornacem
2374 5358 2723 5429 projicitur:
2784 5354 2996 5410 deinde
3063 5351 3269 5408 lethali
3328 5351 3670 5421 pharmaco,

2013 5449 2173 5519 quod
2199 5447 2311 5502 sibi
2334 5463 2367 5501 a
2388 5463 2557 5519 mago
2590 5450 2927 5518 porrectum
2955 5443 3168 5507 fuerat,
3202 5441 3508 5504 exhausto,
3542 5436 3676 5490 nul-

2012 5538 2190 5608 loque
2247 5553 2489 5607 prorsus
2549 5536 2765 5590 damno
2827 5534 3094 5599 affectus,
3142 5544 3376 5598 magum
3408 5524 3480 5579 ad
3513 5522 3673 5577 Chri-

2014 5633 2171 5684 stum
2203 5627 2527 5682 convertit:
2563 5624 2747 5680 erutis
2796 5622 3037 5677 demum
3086 5618 3295 5682 oculis,
3328 5612 3516 5681 capite
3546 5610 3673 5677 ple‘
