4030 6196
318 305 432 365 155

1633 301 2062 366 MENOLOGII
2109 303 2306 366 PARS
2351 304 2400 365 Ῑ.

3611 303 3724 362 156

316 438 514 493 ctitur.
550 441 628 494 Ea
658 453 753 493 res
783 437 1215 510 inspectantem
1246 440 1512 493 sanctam
1544 435 1965 508 Stephanidem

2079 432 2260 512 φαλήν
2319 433 2703 509 ἀποτέμνεται.
2759 436 2826 493 'II
2902 432 2960 491 δὲ
3016 433 3144 511 ἁγία
3198 435 3478 512 Στεφανῖς,
3538 433 3720 509 δρῶσα

316 527 518 593 movit,
546 532 612 581 ut
661 544 954 582 summam
1013 527 1200 582 sancti
1253 526 1599 582 felicitatem
1628 527 1864 582 efferret
1898 542 1966 582 ac

318 616 688 689 prtedicaret.
748 615 1142 681 Quamobrem
1199 617 1648 687 comprehensa,
1683 621 1859 687 atque
1891 615 1965 671 ad

321 705 468 761 duas
491 707 737 777 palmas,
762 722 891 777 qua:
923 705 983 759 in
1016 721 1199 760 unum
1229 710 1514 760 contorta)
1545 705 1800 774 fuerant,
1835 705 1970 760 alli-

320 802 473 868 gata,
531 796 795 867 praecisis
852 801 1096 866 repente
1149 795 1423 864 vinculis,
1482 796 1542 851 in
1595 797 1742 851 duas
1773 801 1969 868 partes

320 885 628 940 scinditur.
667 883 880 938 Eodem
929 884 1024 938 die
1082 891 1322 940 sanctus
1357 885 1700 941 Vincentius
1730 885 1792 939 in
1823 884 1967 940 urbe

315 976 595 1044 Augusta,
656 971 817 1043 quod
881 973 1252 1028 Christianus
1316 980 1492 1043 esset,
1550 979 1838 1041 retentus,
1894 972 1970 1029 ad

314 1063 582 1133 ejusdem
620 1063 786 1120 urbis
844 1064 1121 1135 praafecto
1179 1063 1369 1136 capite
1423 1065 1760 1132 damnatus,
1793 1081 1825 1120 e
1853 1063 1972 1120 vita

315 1152 586 1211 excessit.

959 1313 1180 1370 Eodem
1212 1314 1327 1370 die.

317 1420 462 1476 181
504 1423 953 1477 Commemoratio
1008 1426 1188 1478 sancti
1245 1424 1428 1478 Patris
1469 1425 1644 1478 nostri
1677 1422 1968 1492 Theodori,

455 1495 705 1562 prafecti
736 1494 1074 1549 celeberrimi
1105 1497 1426 1550 monasterii
1455 1495 1820 1550 Studitarum.

386 1619 499 1672 Iste
521 1618 906 1674 Constantino
929 1619 1232 1675 Caballino
1255 1621 1612 1692 imperatore
1635 1619 1964 1676 Constanti-

317 1708 519 1779 nopoli
577 1715 770 1776 natus,
805 1711 1071 1766 scientiis
1115 1711 1392 1766 omnibus
1423 1712 1768 1776 instructus,
1802 1711 1968 1765 Irene

2073 527 2260 593 ταῦτα,
2321 522 2410 579 καὶ
2470 523 2811 600 μακαρίσασα
2862 526 2952 580 τὸν
3009 521 3182 601 ἅγιον,
3241 524 3549 597 ἐκρατήθη.
3609 523 3713 580 Καὶ

2077 609 2288 667 δεθεῖσα
2348 611 2444 668 δύο
2505 614 2733 691 φοίνιξιν
2785 611 3172 678 ἑπικλινθεῑσιν
3233 611 3548 684 αλλήλοις,
3608 611 3720 668 εἶτα

2076 701 2418 769 ἀπολυθεῖσι,
2451 699 2764 777 διεμερίσθη
2799 700 2876 764 εἰς
2911 699 3032 758 δύο.
3064 703 3124 759 Ὀ
3157 699 3214 756 δὲ
3244 700 3396 778 ἅγιος
3425 699 3722 772 Βικέντιος,

2074 795 2189 845 κατ’
2237 789 2402 861 αὐτὴν
2461 791 2560 860 τήν
2609 792 2819 867 ἡμέραν
2886 789 3195 868 κρατηθεὶς,
3255 789 3330 854 ὠς
3377 790 3722 866 Χριστιανὸς,

2075 879 2126 936 ἐν
2162 879 2470 956 Αὖγουστίᾳ
2494 887 2565 958 τῇ
2595 883 2777 954 πόλει,
2830 885 2976 960 παρὰ
3005 887 3100 940 τοῦ
3129 890 3228 955 τῆς
3257 882 3474 946 πόλεως
3525 880 3728 958 ἔρχον-

2073 991 2170 1035 τος
2201 972 2299 1042 τὴν
2331 971 2573 1051 κεφαλὴν
2602 972 2915 1048 ἀπετμήθη.

2643 1319 2722 1390 Τῇ
2771 1315 2907 1391 αὐτῇ
2943 1316 3144 1391 ἥμερα.

2077 1423 2197 1493 Μνή
2209 1444 2284 1495 μη
2306 1427 2404 1477 τοῦ
2435 1422 2589 1498 ὀᾼσίου
2620 1424 2829 1498 Πατρὸς
2859 1427 3021 1496 ἡμῶν
3075 1419 3382 1498 Θεοδώρου,
3412 1419 3721 1496 ἡγουμένου

2285 1501 2387 1564 τῆς
2420 1491 2784 1570 εὐαγεστάτης
2821 1491 2995 1569 μονῆς
3033 1499 3139 1550 τῶν
3175 1491 3504 1552 Στὸυδιτῶν.

2145 1619 2271 1677 Ἐπὶ
2303 1626 2406 1689 τῆς
2441 1619 2721 1695 βασιλείας
2751 1625 3156 1676 Κωνσταντινου
3211 1623 3310 1674 τοῦ
3368 1613 3722 1674 Καϐαλλίνου

2074 1707 2140 1777 ἧν
2198 1706 2354 1771 οὗτος
2411 1707 2463 1764 ἐν
2525 1708 3096 1766 Κωνσταντινουπόλει
3173 1708 3486 1784 γεννηθεὶς,
3539 1713 3715 1764 πᾶσαν

317 1799 647 1869 imperante
677 1800 738 1855 in
771 1800 1150 1856 Saccudionis
1179 1802 1606 1857 monasterium
1637 1801 1902 1866 secessit,
1936 1819 1965 1856 a

2079 1794 2136 1852 δὶ
2167 1803 2364 1873 γνῶσιν
2398 1803 2505 1854 τῶν
2544 1801 2882 1872 μαθημάτων
2938 1799 3212 1873 ἐκμαθὼν,
3270 1798 3358 1853 ἐπὶ
3402 1801 3504 1863 τῆς
3563 1798 3724 1874 βασι-

317 1887 514 1942 divino
547 1888 787 1944 Platone
819 1892 1148 1946 monachus
1192 1890 1401 1959 factus,
1436 1896 1494 1946 et
1536 1908 1569 1946 a
1606 1891 1841 1946 Tarasio
1874 1907 1972 1961 pa-

315 1978 570 2032 triarcha
611 1979 921 2051 presbyter
958 1979 1286 2034 ordinatus.
1319 1982 1464 2036 Cum
1514 1985 1712 2035 autem
1745 1980 1967 2035 tricesi-

317 2083 480 2121 mum
520 2067 710 2122 {etatis
755 2084 978 2124 annum
1038 2075 1256 2142 ageret,
1293 2068 1561 2140 ejusdem
1620 2069 1968 2124 monasterii

317 2155 631 2227 przefectus
662 2163 894 2214 creatus
927 2164 1034 2215 est.
1058 2159 1169 2213 Sed
1191 2176 1328 2214 cum
1351 2159 1725 2231 imperatoris
1746 2158 1972 2214 adulte-

314 2246 470 2300 rium
484 2245 725 2318 indigne
737 2246 1427 2313 ferret,'l‘hessalonicam
1442 2248 1970 2321 relegaturzpostea

318 2335 390 2390 ab
450 2339 617 2392 [rene
675 2338 1049 2409 imperatrice
1105 2346 1429 2406 revocatus,
1464 2339 1537 2394 ob
1569 2340 1970 2408 excursiones,

320 2443 468 2496 quas
489 2427 763 2482 Saraceni
786 2427 1102 2495 faciebant,
1127 2428 1185 2482 in
1203 2429 1425 2500 regiam
1447 2428 1656 2484 urbem
1678 2429 1968 2501 migravit,

318 2519 377 2570 et
433 2517 862 2572 monasterium
922 2516 1108 2571 Studii
1167 2517 1617 2590 gubernandum
1687 2517 1966 2588 suscepit.

325 2605 534 2660 Verum
586 2622 621 2660 a
678 2606 1006 2677 Nicephoro
1059 2606 1439 2678 imperatore,
1472 2607 1573 2676 qui
1604 2606 1665 2660 in
1698 2606 1971 2678 Bulgaria

319 2695 516 2764 periit,
532 2695 739 2749 eadem
762 2694 834 2749 de
859 2711 1034 2750 causa
1056 2712 1260 2750 rursus
1281 2695 1472 2750 solum
1495 2700 1721 2750 vertere
1742 2694 1970 2766 cogitur

315 2783 575 2838 Tandem
608 2785 682 2839 ob
714 2801 912 2840 sacras
962 2785 1251 2857 imagines
1281 2801 1317 2840 a
1345 2786 1537 2840 Leone
1576 2785 1967 2840 Iconomacho

314 2872 530 2928 iterum
584 2873 900 2946 relegatus,
934 2891 1069 2929 cum
1126 2875 1315 2929 multa
1352 2874 1584 2929 fortiter
1613 2891 1719 2946 pro
1751 2874 1967 2946 pietate

311 2962 1327 3035 subiissetcertamina,hymnosque
1341 2963 1401 3018 in
1415 2963 1599 3019 Deum
1612 2963 1966 3035 scripsisset,

311 3050 375 3106 in
407 3057 670 3108 extrema
701 3058 1004 3109 senectute
1035 3053 1307 3126 migravit
1343 3053 1416 3110 ad
1447 3053 1787 3109 Dominum.

863 3392 1107 3448 EODEM
1149 3393 1400 3449 MENSE.

879 3500 983 3556 Die
1022 3501 1394 3559 duodecima.

313 3640 464 3696 182
513 3642 968 3698 Commemoratio
1025 3646 1202 3698 sancti
1249 3645 1432 3698 Patris
1488 3641 1664 3698 nostri
1710 3643 1962 3708 Martini,

867 3715 1116 3768 Francia:
1145 3716 1408 3784 episcopi.

381 3851 482 3905 Hic
511 3850 744 3906 Iuliano
777 3853 1132 3922 imperatore
1172 3870 1240 3908 ex
1285 3856 1469 3910 Roma
1497 3855 1626 3923 fuit,
1662 3853 1778 3910 dux
1811 3855 1960 3910 mili-

313 3943 439 3992 tum
469 3941 749 4011 primum,
784 3940 998 3996 deinde
1037 3947 1352 4013 conspecta
1384 3943 1674 3998 instructa
1703 3943 1964 3998 hostium

313 4028 718 4094 multitudine,
750 4030 1089 4085 vehementi
1123 4036 1283 4086 metu
1313 4032 1651 4104 corripitur.
1687 4031 1799 4088 Sed
1829 4050 1963 4088 cum

312 4115 541 4172 nudum
563 4135 883 4190 pauperem
905 4127 1068 4192 parte
1091 4120 1441 4193 chlamydis,
1465 4138 1644 4192 quam
1675 4122 1960 4194 gestabat,

309 4207 575 4276 texisset,
608 4207 814 4264 eadem
858 4214 1030 4265 nocte
1072 4210 1358 4266 Dominus
1387 4217 1544 4266 veste
1577 4212 1853 4283 pauperis
1881 4212 1967 4266 in-

313 4294 490 4352 dutus
530 4299 805 4370 apparuit
833 4299 908 4368 ei,
940 4299 1181 4356 dicens:
1215 4302 1295 4355 Ne
1326 4301 1574 4356 timeas:
1609 4300 1763 4356 sicut
1801 4301 1963 4356 enim

311 4389 375 4440 tu
407 4386 637 4442 nudum
657 4405 752 4444 me
780 4405 1157 4461 nequaquam
1180 4389 1522 4462 despexisti,
1546 4389 1627 4445 ita
1647 4395 1706 4445 et
1736 4405 1840 4462 ego
1867 4407 1964 4446 ero

311 4478 530 4544 tecum,
563 4483 622 4532 et
662 4478 968 4534 victoriam
1015 4495 1085 4534 ex
1135 4479 1252 4534 tuis
1310 4479 1580 4535 hostibus
1610 4479 1963 4551 reportabis.

2077 1885 2224 1949 λείας
2258 1887 2520 1962 Εἰρήνης,
2581 1889 2832 1943 ἀπελθὼν
2894 1887 2945 1944 ἐν
2978 1892 3046 1962 τῇ
3082 1883 3495 1948 Σακκουδίωνος
3555 1890 3722 1961 μονῇ,

2077 1976 2179 2032 ὑπὸ
2209 1981 2304 2031 τοῦ
2327 1976 2474 2041 θείου
2522 1976 2686 2032 αὐτοῦ
2738 1975 3030 2042 Πλάτωνος
3077 1976 3269 2053 γέγονε
3325 1977 3588 2052 μοναχὸς,
3629 1976 3722 2031 καὶ

2073 2065 2220 2141 παρᾶ
2265 2066 2538 2141 Ταρασίου
2567 2066 2910 2142 πατριάρχου
2973 2071 3369 2143 χειροτονεῖται
3426 2061 3728 2142 πρεσϐύτε-

2075 2175 2187 2231 ρος.
2239 2157 2391 2226 Εἶτα,
2419 2152 2840 2230 τριακονταέτης
2898 2151 2996 2226 ὤν,
3029 2156 3235 2232 γίνεται
3290 2155 3379 2211 καὶ
3410 2153 3725 2230 ἡγούμενος

2071 2250 2170 2314 τῆς
2205 2244 2294 2300 ὑπ’
2331 2243 2490 2301 αὐτὸν
2555 2252 2750 2319 μονῆς·
2811 2243 3106 2320 Ἐξωρίσθη
3159 2241 3218 2300 δὲ
3273 2243 3350 2306 εἷς
3397 2241 3724 2299 Θεσσαλονί-

2072 2355 2199 2409 κῃν,
2233 2331 2322 2390 διὰ
2351 2335 2414 2390 τὸ
2473 2336 2549 2408 μὴ
2605 2335 2886 2400 συνθέσθαι
2914 2338 2983 2408 τῇ
3018 2333 3242 2408 μοιγείᾳ
3269 2336 3366 2389 τοῦ
3427 2333 3724 2408 βασιλέως,

2074 2422 2202 2479 ἀλλ’
2234 2423 2504 2495 ἀνεκλήθη
2558 2423 2721 2479 πάλιν
2777 2423 2923 2500 παρᾶ
2948 2431 3048 2494 τῆς
3108 2422 3428 2500 βασιλίσσης
3461 2422 3724 2498 Εἰρήνης.

2081 2512 2179 2567 Καὶ
2210 2510 2298 2567 διὰ
2327 2514 2424 2582 τὴν
2456 2517 2564 2568 τῶν
2596 2517 2928 2589 Σαρακηνῶν
2952 2509 3170 2591 ἔφοδον,
3200 2513 3301 2582 τήν
3326 2510 3722 2588 βασιλεύουσαν

2072 2597 2500 2674 καταλαμϐάνει,
2540 2603 2629 2657 καὶ
2662 2602 2824 2658 πάλιν
2869 2601 3159 2677 ἐξορίζεται
3209 2602 3354 2675 παρά
3402 2601 3724 2678 Νικηφόρον

2073 2686 2365 2764 λαμϐάνει,
2422 2692 2510 2746 καὶ
2569 2691 2735 2748 πάλιν
2819 2691 3110 2766 ἒξορίζεται
3198 2691 3344 2765 παρὰ
3405 2689 3723 2767 Νικηφόρου

2077 2777 2344 2856 βασιλέως
2371 2783 2471 2835 τοῦ
2502 2779 2787 2859 σφαγέντος
2833 2778 2884 2835 ἐν
2946 2779 3276 2857 Βουλγαρίᾳ,
3335 2770 3520 2853 ἐπῗτῇ
3554 2778 3727 2852 ὁμοίᾳ

2076 2867 2320 2924 ὑποθέσει
2355 2911 2368 2926 .
2455 2870 2585 2926 Εἶτα
2641 2868 2935 2945 ἐξορίζεται
2992 2867 3082 2924 διὰ
3143 2868 3239 2930 τὰς
3299 2867 3451 2944 ἁγίας
3509 2867 3723 2931 εἰκόνας

2074 2955 2159 3012 ἐπὶ
2195 2958 2424 3020 Λέοντος
2454 2961 2554 3013 τοῦ
2614 2957 3024 3034 Είκονομάχου.
3065 2957 3170 3014 Καὶ
3223 2955 3410 3013 πολλὰ
3461 2976 3725 3032 τιμωρη-

2073 3045 2184 3107 θεὶς
2242 3043 2373 3120 ὑπὲρ
2451 3052 2551 3116 τῆς
2637 3041 2931 3117 εὐσεϐείας,
3001 3045 3092 3101 καὶ
3150 3045 3579 3122 ἀγωνισάμενος,
3629 3043 3726 3100 καὶ

2074 3129 2277 3206 ὕμνους
2313 3133 2390 3197 είς
2437 3135 2568 3190 Θεὸν
2625 3135 3092 3212 συγγραψάμενος,
3154 3133 3206 3190 ἐν
3264 3131 3545 3209 βαθυτάτῳ
3574 3134 3727 3209 γήρᾳ

1992 3203 2035 3271 C
2074 3203 2212 3298 πρὸς
2244 3221 2441 3298 Κύριον
2475 3203 2830 3298 ὲξεὸήμήσεν.

2638 3385 2815 3442 MHNI
2838 3387 2922 3438 ΤΩ
2946 3385 3144 3441 ΔΥΤΩ.

2853 3491 2936 3546 IB'

2072 3637 2276 3710 Μνήμη
2309 3637 2408 3690 τοῦ
2438 3632 2588 3688 ὁσίου
2621 3632 3028 3759 Πατρέὶὲαέγῆῗέ
3074 3633 3373 3709 Μαρτίνου,
3416 3630 3724 3686 ἐπισκόπου

2795 3724 3043 3780 ραγγιας.

2141 3852 2315 3918 Οὗτος
2369 3853 2436 3922 ἦν
2509 3851 2593 3907 ἐπὶ
2657 3847 2959 3908 ’[ουλιανοῦ
3015 3853 3113 3906 τοῦ
3177 3848 3445 3926 βασιλέως
3500 3847 3558 3903 ἐκ
3611 3853 3717 3916 τῆς

2069 3943 2317 4016 Ῥώμης,
2370 3940 2748 4018 στρατηλάτης
2799 3941 3062 4014 πρότερον
3136 3940 3421 4016 ὑπάρχων.
3483 3937 3620 3992 [lori
3659 3933 3724 3992 δὶ

2071 4031 2122 4086 ἐν
2183 4031 2418 4104 πολέμῳ
2474 4029 2604 4086 ἰδὼν
2665 4027 2881 4100 πλῆθος
2938 4027 3159 4104 ἄπειρον
3193 4072 3207 4098 ,
3266 4025 3562 4096 ὲδειλίασε,
3620 4024 3722 4080 καὶ

2071 4122 2401 4193 θεασάμενος
2458 4119 2680 4195 πτωχὸν
2739 4119 2985 4194 γυμνὸν,
3043 4117 3216 4192 κόψας
3272 4116 3336 4172 τὸ
3387 4116 3560 4188 ἥμισυ
3616 4120 3724 4184 τῆς

2068 4205 2358 4286 χλαμύδος
2415 4209 2605 4274 αὐτοῦ,
2661 4204 2890 4263 δέδωκεν
2942 4206 3109 4280 αὐτῷ.
3157 4205 3351 4280 Καὶτῇ
3382 4204 3517 4278 αὐτῇ
3565 4202 3724 4259 νυοιτὶ

2069 4299 2308 4373 παρέστη
2339 4295 2489 4369 αὖτῷ
2519 4299 2546 4353 ὁ
2579 4296 2779 4372 Κύριος
2809 4296 2861 4352 ἐν
2895 4293 3025 4352 εἴδει
3075 4299 3173 4351 τοῦ
3232 4298 3487 4370 πτωχοῦ,
3519 4291 3727 4368 λέγωνο

2071 4389 2163 4458 Μὴ
2198 4385 2412 4460 ἀθύμει’
2450 4385 2634 4462 ὣσπερ
2691 4385 2754 4441 σὺ
2810 4387 3014 4461 γυμνὸν
3048 4384 3110 4440 οὐ
3140 4381 3390 4459 παρεῖδε-ἔς
3435 4403 3520 4457 με,
3574 4380 3723 4436 οὕτω

2069 4477 2223 4553 κάγὼ
2253 4471 2446 4550 ἔσομαι
2499 4477 2633 4546 μετὰ
2690 4479 2807 4545 σοῦ,
2855 4475 2946 4531 καὶ
3003 4475 3244 4545 νικήσεις
3300 4471 3427 4536 τοὺς
3481 4469 3720 4546 ἐχθρούς

309 4563 455 4619 Cum
487 4565 685 4636 itaque
712 4567 969 4633 vicisset,
1001 4572 1178 4638 atque
1208 4568 1280 4623 ab
1314 4568 1670 4640 imperatore
1709 4568 1963 4642 benigne

2076 4588 2187 4623 σου.
2221 4567 2465 4636 Νικήσας
2524 4565 2640 4636 οὗν,
2695 4565 2783 4620 καὶ
2845 4560 3171 4639 ἀποδεχθεὶς
3201 4563 3345 4638 παρὰ
3400 4564 3496 4616 τοῦ
3558 4561 3717 4636 βασι-

311 4659 589 4724 acceptus
636 4654 865 4722 fuisset,
923 4657 1139 4730 gratias
1197 4657 1314 4713 Deo
1370 4675 1574 4730 agens,
1632 4659 1960 4714 monachus

313 4743 588 4798 efficitur.
623 4746 760 4799 Post
813 4751 1038 4817 septem
1089 4764 1278 4803 annos
1338 4765 1474 4804 cum
1507 4765 1746 4805 omnem
1779 4765 1960 4805 sacrm

312 4832 627 4904 Scriptura:
640 4833 951 4890 scientiam
963 4835 1204 4891 assidua
1215 4837 1599 4894 meditatione
1612 4842 1966 4894 consecutus

313 4926 490 4989 esset,
522 4923 782 4978 Franciaa
832 4924 1144 4996 episcopus
1193 4925 1519 4982 ordinatur.
1562 4928 1743 4982 Porro
1774 4927 1962 4982 multa

313 5009 501 5066 edidit
528 5010 817 5068 miracula
841 5029 854 5068 :
889 5013 1047 5069 inter
1075 5019 1290 5070 caetera
1314 5031 1450 5070 cum
1482 5015 1831 5070 offendisset
1858 5015 1959 5070 ali.

311 5100 547 5171 quando
578 5101 972 5160 feneratorem
1003 5104 1428 5176 impedientem
1458 5105 1778 5176 quominus
1808 5122 1961 5161 mor-

309 5195 448 5245 tuus
480 5191 722 5262 quidam
780 5193 1150 5263 humaretur,
1197 5193 1358 5266 quod
1416 5209 1551 5249 eum
1595 5199 1817 5249 certam
1848 5194 1961 5250 sibi

308 5283 579 5353 pecuniae
629 5300 924 5340 summam
981 5285 1196 5341 debere
1253 5285 1508 5352 diceret;
1569 5291 1774 5341 contra
1825 5302 1961 5342 vero

311 5372 528 5427 mortui
559 5389 708 5429 uxor
764 5374 1172 5440 contenderet,
1221 5391 1460 5431 omnem
1502 5374 1590 5430 illi
1647 5377 1961 5446 pecuniam

313 5460 568 5517 solutam
626 5479 796 5531 esse;
852 5463 1127 5536 precibus
1185 5464 1259 5520 ad
1317 5466 1502 5521 Deum
1543 5465 1692 5520 fusis
1721 5471 1962 5522 sanctus

2071 4655 2234 4725 λέως,
2265 4653 2666 4730 εὐχαριστήσας
2694 4658 2775 4726 τῷ
2807 4657 2944 4726 Θεῷ,
2983 4653 3175 4728 γέγονε
3218 4650 3482 4727 μοναχός.
3514 4644 3720 4706 Ἑϐδο-

2073 4766 2172 4818 μον
2207 4741 2264 4800 δὲ
2295 4741 2549 4806 διανύσας
2598 4744 2823 4819 χρόνον,
2854 4741 2946 4798 καὶ
2976 4748 3146 4797 πᾶσαν
3205 4742 3423 4818 Γραφήν
3481 4737 3719 4812 μελετή-

2069 4856 2185 4906 σῑς,
2216 4838 2614 4911 χειροτονεῖται
2674 4831 2970 4896 ἰπίσκοπος
3028 4827 3324 4908 Φραγγῖας.
3381 4829 3478 4885 Καὶ
3538 4826 3714 4885 ἐποίει

2071 4924 2321 4998 θαύματα
2349 4921 2554 4980 πολλά.
2588 4924 2674 4980 Ἐν
2700 4926 2798 4997 μιᾷ
2826 4923 2930 4998 γὰρ
2965 4919 3076 4978 εἶδε
3105 4918 3387 4990 δανειστὴν
3419 4918 3725 4994 κρατοῦντα

2068 5016 2283 5089 νεκρὸν,
2312 5013 2402 5068 καὶ
2438 5015 2514 5087 μή
2548 5016 2942 5090 συγχωροῦντα
2968 5019 3204 5091 ταφῆναι
3238 5055 3256 5083 ,
3287 5009 3434 5068 ἀλλὰ
3464 5007 3719 5086 λὲγοντα,

2071 5103 2176 5172 ὅτι,
2216 5107 2489 5180 Χρεωστεῖ
2521 5123 2614 5173 μοι
2672 5103 2827 5164 οὗτος
2856 5101 3110 5178 χρυσίον,
3165 5101 3252 5156 καὶ
3307 5106 3409 5170 τῆς
3465 5099 3726 5174 γυναικὸς

2068 5197 2165 5248 τοῦ
2195 5191 2445 5254 θανόντος
2480 5190 2766 5267 λεγούσης,
2825 5190 2930 5260 ὅτι,
2964 5189 3322 5266 Ἐπληρώθη·
3354 5187 3729 5264 προσευξάμε-

2070 5303 2158 5346 νος
2201 5281 2229 5336 ὁ
2257 5281 2411 5357 ἅγιος
2457 5281 2714 5352 ἀνέστησε
2768 5281 2860 5336 τὸν
2916 5280 3128 5352 νεκρὸν,
3186 5282 3275 5335 καί
3307 5275 3472 5349 ἔδειξε
3499 5276 3592 5332 τὸν
3629 5297 3724 5332 συ-

2069 5383 2344 5449 κοφάθτην
2375 5367 2729 5444 ψευδόμενον.
2763 5371 3004 5441 Ποιήσας
3035 5365 3093 5424 δὶ
3135 5368 3226 5424 καὶ
3277 5364 3438 5443 ἕτερα
3468 5364 3726 5440 θαύματα

2069 5458 2276 5529 πολλὰ,
2296 5455 2612 5530 ἐτελειώθη.

310 5556 608 5606 mortuum
639 5551 713 5608 ad
743 5553 922 5610 vitam
951 5554 1264 5625 revocavit,
1295 5560 1354 5611 et
1382 5554 1810 5628 sycophantam
1849 5553 2142 5611 mendacii
2181 5550 2392 5625 arguit.
2425 5548 2686 5608 Tandem
2708 5549 2842 5609 aliis
2871 5549 3146 5624 plurimis
3176 5547 3422 5622 patatris
3462 5546 3722 5604 miracu-

308 5637 404 5709 lis,
436 5653 468 5695 e
496 5639 615 5698 vita
643 5640 917 5700 decessit.
