4030 6196
324 263 421 321 157

866 386 949 456 Ti
1010 380 1145 454 αὖτῇ
1199 381 1382 454 ἡμέρᾳ

578 496 681 546 τοῦ
770 489 926 544 visio»
1006 487 1215 561 Πατρὸς
1301 489 1463 561 ἡμῶν
1534 487 1792 561 ξιωαννου
1849 491 1943 541 τοῦ

318 498 497 567 Myrina;
578 498 681 546 τοῦ
770 498 926 544 visio»
1006 498 1215 561 Πατρός
1301 498 1463 558 ἡμῶν
1546 498 1721 542 ἰωανν

504 565 850 635 Ελεήμονος,
900 561 1243 636 πατριάρχου
1302 556 1730 634 Ἀλεξανδρείας.

374 672 596 747 Κιᾶπριος
628 671 699 739 ἦν
733 668 895 731 οὗτος
941 669 1003 723 τὸ
1060 667 1239 742 γένος,
1299 667 1414 728 υἱὸς
1473 663 1792 742 Ἐπιφανίου
1848 668 1945 718 τοῦ

316 765 409 819 τότε
436 769 537 830 τῆς
565 762 744 830 νήσου
780 756 1071 834 ἄρχοντος.
1132 756 1351 811 Γυναικὶ
1412 753 1471 810 δὶ
1526 752 1945 830 προσομιλήσας

307 850 418 906 κατᾶ
470 848 750 924 βούλησιν
808 851 906 902 τοῦ
957 848 1212 916 πατέρος,
1268 844 1357 900 καὶ
1413 845 1614 899 τέκνων
1648 844 1829 918 πατὴρ
1858 863 1948 918 γε-

304 940 485 1016 γονὼς,
538 937 663 993 ἐπεὶ
742 938 835 991 τὸν
899 936 1017 1011 βίον
1076 934 1340 990 ἀπέλιπον
1400 933 1435 1003 ἢ
1466 954 1524 989 τε
1573 934 1710 1008 γυνή
1763 932 1853 987 καὶ
1884 932 1948 986 τὸ.

300 1029 439 1083 τέκνα
498 1027 674 1081 αὐτοῦ
710 1070 724 1095 ,
785 1032 957 1079 πᾶσαν
1016 1025 1114 1093 τήν
1165 1021 1347 1101 ἔφεσὶν
1408 1021 1571 1077 αὐτοῦ
1624 1023 1760 1093 πρὸς
1813 1025 1947 1077 Θεοῦ

303 1119 573 1191 ἀρέσκειαν
629 1111 871 1189 ἔτρεψε,
930 1114 1021 1169 καὶ
1101 1110 1190 1168 διὰ
1256 1112 1620 1185 λαμπρότητα
1672 1111 1794 1188 βίου
1846 1111 1947 1166 ὑπὸ

299 1206 621 1281 ’Πρακλειου
678 1209 778 1259 τοῦ
842 1202 1132 1280 βασιλέως,
1189 1201 1558 1275 αἰτησαμένου
1611 1205 1709 1256 τοῦ
1767 1198 1949 1273 δήμου

303 1301 397 1351 τῶν
429 1292 841 1368 Ἀλεξανδρέων
901 1293 1082 1363 αὐτὸν,
1140 1292 1486 1367 πατριάρχης
1546 1288 1952 1364 Ἀλεξανδρείας

306 1386 615 1439 ωὓὲσταται
652 1429 667 1453 ,
725 1388 1026 1444 κανονιχῶς
1080 1384 1181 1450 τήν
1238 1381 1584 1457 χειροτονίαν
1637 1378 1948 1453 δεξάμενος.

307 1475 604 1549 Διαπρέψας
662 1472 720 1528 δὲ
775 1473 827 1528 ἐν
881 1476 951 1546 τῇ
1009 1470 1388 1547 ἀρχιεριοδ·3νῃ
1447 1469 1540 1541 ἔτη
1595 1469 1802 1536 πολλὰ,
1860 1467 1951 1522 καὶ

313 1566 463 1639 μυρία
500 1566 747 1634 ποιήσας
790 1562 1058 1634 θαύματα,
1093 1561 1180 1616 οιαὶ
1229 1566 1343 1623 τοῖς
1400 1558 1677 1633 δεομένοις
1712 1558 1954 1633 ἀφθόνως

311 1656 626 1728 χορηγήσας
668 1653 736 1707 τὰ
766 1652 905 1723 πρὸς
932 1653 1031 1719 τήν
1064 1654 1275 1724 χρείαν,
1306 1650 1392 1704 καὶ
1456 1648 1545 1704 διὰ
1600 1650 1699 1718 τήν
1733 1646 1954 1718 πολλήν

1798 248 2174 310 OCTOBER.

1979 384 2034 449 Α

3592 252 3709 314 158

2699 386 2919 440 Eodem
2953 384 3068 440 die.

2055 492 2207 547 I83
2262 492 2720 548 Commemoratio
2774 496 2948 548 sancti
3010 495 3187 547 Patris
3242 493 3417 546 nostri
3477 493 3709 545 Joannis

2266 566 2723 635 Eteemosynarii,
2742 565 3093 635 patriarcha:
3119 562 3489 618 Alexandriae.

2126 672 2229 726 Hic
2260 688 2476 741 genere
2508 673 2748 744 Cyprius
2796 678 2941 738 erat,
2991 672 3305 743 Epiphanii
3340 676 3463 725 tum
3494 669 3704 725 insulae

2054 761 2325 833 praetoris
2358 761 2534 835 filius.
2587 763 2771 816 Uxore
2823 767 3041 827 autem,
3074 778 3252 831 quam
3285 760 3355 815 de
3386 765 3701 830 parentum

2055 851 2406 905 auctoritate
2438 850 2707 917 duxerat,
2731 856 2789 905 et
2821 851 2981 917 ﬁliis,
3004 850 3221 920 quibus
3252 856 3458 905 auctus
3490 849 3703 918 fuerat,

2056 938 2373 1008 defunctis,
2393 956 2629 994 omnem
2654 956 2820 995 suam
2843 956 3045 994 curam
3068 939 3128 993 in
3147 939 3204 993 id
3228 956 3409 993 unum
3431 938 3702 1004 contulit,

2056 1032 2124 1083 ut
2152 1030 2268 1083 Deo
2300 1027 2577 1100 placeret.
2634 1029 2715 1084 Ob
2774 1030 2902 1100 ejus
2960 1029 3137 1101 igitur
3164 1028 3294 1082 vitm
3327 1027 3706 1099 splendorem

2056 1119 2313 1191 populus
2344 1120 2778 1175 Alexandrinus
2810 1120 2880 1174 ab
2923 1119 3188 1174 Heraclio
3216 1120 3570 1190 imperatore
3602 1135 3707 1189 po-

2061 1208 2318 1275 stulavit,
2351 1214 2416 1263 ut
2446 1209 2817 1264 Alexandriae
2863 1209 3197 1280 patriarcha
3228 1226 3331 1279 per
3361 1207 3708 1263 canonicam

2059 1314 2344 1353 manuum
2370 1298 2813 1370 impositionem
2842 1299 3291 1362 crearetur.Quo
3317 1299 3375 1351 in
3402 1297 3709 1367 pontifica-

2062 1394 2123 1443 tu
2158 1404 2290 1443 cum
2325 1388 2544 1442 multos
2583 1406 2773 1443 annos
2833 1389 3066 1459 egisset.
3103 1394 3161 1442 et
3193 1388 3509 1440 innumera
3534 1386 3713 1440 mira-

2062 1476 2197 1531 cula
2227 1481 2538 1547 patrasset,
2563 1495 2631 1532 ex
2664 1494 2750 1544 eo,
2778 1477 2936 1548 quod
2961 1478 3270 1549 egentibus
3294 1492 3424 1545 qua)
3448 1490 3715 1529 necessa-

2062 1567 2152 1620 ria
2203 1573 2393 1633 erant,
2450 1567 2687 1638 copiose
2738 1567 3163 1638 suppeditaret.
3199 1572 3440 1637 prepter
3467 1563 3715 1618 multam

2065 1657 2226 1711 illius
2259 1657 3199 1730 eleemosynam,Eleemosynarii
3231 1672 3559 1727 cognomen
3592 1671 3717 1709 me-

311 1742 708 1815 ἐλεημοσύνην,
760 1749 860 1811 τῆν
892 1745 988 1795 τοῦ
1020 1739 1359 1813 Ἐλεήμονος
1417 1738 1704 1808 ἐπίκλησιν
1749 1734 1954 1806 λαϐὼν,

2072 1747 2176 1799 rito
2196 1745 2613 1801 tulit.Tandem
2630 1747 2984 1802 venerabilis
3002 1747 3276 1801 omnibus
3295 1746 3715 1815 factus,quem-

310 1835 383 1887 ια’
417 1838 574 1887 πᾶσιν
636 1830 923 1903 αἶδὲσιμος
982 1830 1266 1899 καταστὰς,
1325 1829 1399 1890 ὡς
1430 1831 1464 1897 ἡ
1497 1827 1619 1903 περὶ
1677 1827 1835 1882 αὐτὸν
1874 1826 1955 1902 βί-

317 1919 443 1985 ϐλος
469 1923 609 1977 κατὰ
629 1921 844 1983 πλάτος
903 1918 1089 1990 δηλοῖ,
1119 1921 1210 1975 καὶ
1260 1917 1507 1980 πολλοὺς
1562 1923 1667 1973 τῶν
1714 1917 1953 1972 ἀπίστων

315 2012 622 2086 ἑπιστρὲψας
655 2010 745 2065 ἐπὶ
775 2011 869 2065 τὸν
923 2011 1143 2084 Κύριον,
1200 2008 1253 2063 ἐν
1312 2010 1453 2083 γήρᾳ
1514 2008 1668 2083 βαθεῖ
1721 2007 1819 2076 τήν
1852 2012 1954 2080 γῆν

315 2102 473 2179 ἀρεῖς,
503 2103 644 2175 πρὸς
676 2100 906 2175 οὐρανὸν
939 2098 1202 2175 ἀνέδραμε
1224 2097 1456 2173 χαίρων.

870 2225 1054 2283 MliNI
1082 2230 1165 2279 ἸὩ
1198 2226 1395 2280 ΑΥΤΩ.

1095 2332 1172 2389 II"

321 2424 378 2482 Ἦ
403 2424 671 2497 ἆνάμησις
698 2429 799 2492 τῆς
830 2422 1044 2497 ἐξορίας
1069 2424 1174 2497 τοῇ
1207 2420 1259 2475 ἐν
1292 2419 1478 2497 ἁγίους
1534 2420 1743 2495 Πατρὸς
1793 2419 1956 2493 ἡμῶν

719 2491 974 2551 Ἰωάννου
1006 2491 1100 2547 to?)
1130 2491 1543 2568 Χρυσοστόμου.

377 2602 737 2660 Ἐπιτελιῖται
795 2603 832 2670 ἡ
870 2602 1064 2673 μνήμη
1126 2597 1260 2669 αὖτή
1300 2602 1391 2653 νῦν
1424 2598 1541 2653 ἀντὶ
1597 2605 1697 2668 τῆς
1750 2599 1956 2670 κοιμή-

319 2713 439 2754 σεως
470 2694 660 2760 αὑτοῦ,
689 2688 779 2745 δια
806 2692 869 2745 τὸ
899 2689 1099 2760 ταύτην
1148 2690 1200 2744 ἐν
1258 2688 1327 2763 τῇ
1386 2689 1586 2761 ὑψώσει
1644 2692 1739 2743 τοῦ
1768 2688 1958 2761 τιμίου

321 2777 624 2853 συμϐαίνειν
670 2783 937 2852 Σταυροῦ.
998 2778 1168 2841 Οὗτος
1228 2775 1285 2832 δὶ
1313 2781 1557 2853 ὑπῆρχεν
1618 2778 1676 2832 ἐκ
1729 2782 1827 2842 τῆς
1860 2777 1957 2832 πό-

317 2869 449 2934 λεως
480 2868 828 2943 ’Δντιοχείας
854 2874 953 2937 τῆς
986 2868 1200 2942 Συρίας.
1254 2866 1422 2931 Εὐθὺς
1457 2866 1547 2922 οὖν
1604 2868 1653 2922 ἒν
1688 2866 1836 2942 ἀρχῇ
1861 2871 1957 2921 τοῦ

316 2958 431 3033 βίου
460 2960 624 3013 πολῖν
680 2960 804 3034 περὶ
862 2956 990 3019 τοὺς
1054 2956 1254 3033 λόγους
1307 2956 1569 3027 ἐκτήσατο
1628 2955 1820 3030 ἔρωτα.
1857 2955 1957 3012 Καὶ

312 3049 574 3120 μετῆλθεν
627 3047 683 3103 ὲν
750 3048 909 3123 τάχει
965 3052 1138 3102 πᾶσαν
1196 3049 1408 3123 γραφήν
1463 3046 1748 3117 Ἑλλήνων
1779 3067 1837 3101 τε
1867 3047 1957 3101 καὶ

308 3138 640 3211 Χριστιανῶν
681 3183 696 3196 .

314 3228 658 3303 πατριάρχου
692 3228 1050 3302 ’Ἀντιοχείας
1115 3228 1320 3301 γίνεται
1376 3225 1665 3300 γληρικὸς,
1725 3226 1871 3298 παρᾶ
1899 3224 1956 3280 δὲ

310 3313 627 3372 Φλαϐιανοῦ
659 3315 909 3378 διάκονος
968 3316 1058 3371 καὶ
1116 3312 1499 3392 πρεσϐύτερος.
1564 3321 1738 3371 Πᾶσαν
1773 3313 1830 3371 δὶ
1858 3318 1957 3385 τήν

311 3408 459 3480 ἀγῖαν
516 3406 854 3483 ἑρμηνεύσας
919 3407 1135 3483 Γραφὴν
1174 3451 1189 3475 ,
1246 3406 1360 3460 ἐπεί
1417 3406 1715 3478 Νεκτάριος
1774 3407 1802 3461 ὁ
1860 3411 1957 3474 τῆς

311 3492 948 3557 Κωνσταντινουπόλεως
1002 3497 1350 3571 πατριάρχης
1381 3496 1472 3550 τὸν
1533 3494 1650 3570 βίον
1705 3492 1958 3563 ἀπέλιπε,

306 3588 477 3663 ψήφῳ
500 3590 612 3641 τῶν
645 3584 977 3653 ἐπισκόπων,
1008 3585 1099 3640 καὶ
1132 3584 1200 3658 τῇ
1230 3590 1329 3639 τοῦ
1374 3583 1645 3660 βασιλέως
1675 3580 1961 3659 ’Λρκαδίου

306 3676 622 3751 προστάξει,
655 3674 715 3729 ἐκ
752 3681 851 3742 τῆς
907 3674 1246 3749 Ἀντιοχείας
1310 3672 1740 3751 μεταπεμφθεὶς,
1770 3672 1963 3747 ἀρχιε-

312 3766 431 3838 ρεὸς
461 3771 567 3833 τῆς
620 3761 903 3839 βασιλίδος
957 3764 1275 3827 καθίσταται
1326 3762 1559 3825 πόλεως.
1620 3764 1734 3831 Τὴν
1764 3762 1962 3816 πλεον-

312 3855 447 3925 εξίον
483 3851 541 3909 δὲ
574 3850 844 3929 ἐλέγχων,
891 3854 1258 3928 προσέκρουσε
1406 3849 1649 3928 βασίλιδι
1708 3850 1961 3922 Εόδοξίᾳ,

314 3945 403 3999 καὶ
464 3944 560 4009 ὑπ,
638 3942 849 4012 ἐκείνης
935 3939 1136 4004 ἀδίκως
1215 3940 1504 4018 ἐξορισθεὶς
1561 3941 1612 3997 ἐν
1674 3940 1964 4015 Κουκουσῷ

306 4041 405 4104 τῆς
437 4034 756 4109 Ἀρμενίας,
788 4030 898 4087 ἐκεῖ
924 4029 1250 4089 τελειοῦται.

889 4340 972 4411 τῇ
1018 4336 1152 4408 αὐτῆ
1206 4339 1391 4414 ἡμέρᾳ

311 4446 573 4512 Ἀθλησις
621 4449 742 4520 ,τῶν
819 4443 990 4520 ἁγίων
1073 4444 1365 4520 μαρτύρων
1418 4444 1591 4520 Μίλη,
1642 4443 1961 4520 ἐπισκόπου,

380 4520 473 4644 usui
533 4518 794 4589 μαθητῶν
852 4512 1017 4571 αὐτοῦ
1073 4512 1318 4591 ”Εϐόρη,
1379 4512 1701 4587 παπα,’καὶ
1760 4512 1960 4588 Σεϐόη,

416 4610 661 4644 ιαχονου.

416 4610 661 4646 ιαχονου.

379 4693 539 4751 Οὗτοι
597 4694 854 4769 ὖπῆρχον
920 4692 980 4748 ἐκ
1029 4691 1310 4769 Περσίδοςσ
1373 4694 1401 4748 ὁ
1461 4691 1518 4750 δὲ
1570 4695 1724 4771 ἅγιος
1774 4693 1958 4765 Μέλης

313 4781 612 4854 στρατηγὸς
652 4779 717 4833 τὸ
773 4780 1038 4853 πρότερον
1096 4778 1184 4846 ἦν’
1246 4778 1563 4833 καταλιπὼν
1617 4776 1675 4833 δὲ
1703 4777 1764 4833 τὰ
1799 4799 1959 4853 στρα-

309 4875 520 4943 τηγεῖν,
571 4869 660 4922 καὶ
718 4872 800 4940 τῷ
855 4866 974 4939 Θεῷ
1030 4865 1347 4938 δουλεύσας,
1400 4868 1789 4944 προεχειρίσθη
1845 4867 1959 4922 ἐπί-

319 4978 518 5021 σκοπος
547 4955 602 5011 ἓν
636 4955 795 5012 πόλει
846 4958 1107 5031 Περσικῇ,
1140 4949 1264 5010 ἔνθα
1320 4957 1349 5011 ὁ
1405 4959 1695 5034 προφήτης
1755 4959 1958 5028 ΔανιήΑ

317 5046 405 5107 τὶς
462 5045 720 5107 ὀπτασίας
773 5043 1047 5109 ἐθεάσατο.
1109 5046 1382 5120 Διωχθεὶς
1440 5042 1499 5100 δὲ
1558 5046 1661 5101 ὑπὸ
1689 5050 1796 5101 τῶν
1833 5046 1960 5101 ἀπί-

318 5153 452 5189 στων
508 5133 755 5205 ἐκεῖθεν,
808 5133 980 5203 ἦλθεν
1064 5132 1139 5196 εἰς
1226 5134 1604 5209 Ἰεροσόλυμα,
1692 5135 1806 5190 εἶτα
1883 5136 1961 5200 είς

318 5223 720 5300 Ἀλεξάνδρειαν
780 5225 916 5301 πρὸς
997 5225 1087 5280 τὸν
1161 5224 1428 5298 μακάριον
1488 5227 1798 5284 Ἀντώνιον.
1859 5229 1957 5286 Καὶ

322 5311 466 5373 αὖθις
529 5313 852 5389 ὖπὲστρεψεν
911 5311 964 5367 ἐν
1026 5312 1272 5388 Περσίδι.
1335 5315 1501 5379 Ἔνθα
1556 5315 1702 5390 παρᾶ
1757 5318 1959 5373 Μισθο-

330 5403 468 5475 φάρη
493 5406 590 5456 τοῦ
623 5400 960 5475 βασιλίσκω,
1010 5400 1100 5455 καὶ
1156 5402 1251 5457 τοῧ
1312 5401 1549 5482 ἀδελφοῦ
1607 5404 1792 5468 αὐτοῦ,
1823 5405 1962 5480 ξίφει

337 5492 463 5543 κατᾶ
493 5488 713 5564 καρδίας
770 5487 1023 5565 πληγεὶς,
1080 5491 1406 5561 τελειοῦται,
1457 5490 1545 5548 διὰ
1571 5494 1634 5548 τὸ
1669 5495 1744 5567 μή
1808 5498 1960 5559 θῦσαι

345 5578 611 5651 τῷἫλίῳ
633 5579 723 5633 καὶ
750 5582 830 5651 τῷ
884 5578 1037 5655 Πυρί.
1096 5585 1215 5635 Ἔτι
1275 5577 1333 5635 δὶ
1389 5579 1635 5655 ἐμπνέων
1691 5580 1790 5662 ἔφη
1824 5585 1959 5659 πρὸς

2067 1833 2387 1889 admodum
2412 1836 2668 1905 scriptus
2692 1835 2764 1889 de
2790 1852 2856 1889 eo
2882 1835 3033 1890 liber
3055 1836 3170 1890 late
3204 1834 3482 1897 ostendit,
3516 1832 3720 1886 multis

2066 1922 2398 1977 inﬁdelium
2459 1924 2530 1977 ad
2594 1923 2909 1978 Dominum
2965 1924 3265 1978 conversis
3322 1923 3381 1976 in
3427 1919 3721 1991 profunda

2068 2017 2371 2067 senectute
2398 2012 2621 2067 relictis
2676 2012 2847 2068 terris
2892 2012 2966 2067 ad
3006 2011 3215 2067 cmlum
3252 2011 3423 2065 laetus
3455 2009 3718 2064 evolavit.

2608 2227 2849 2283 EODEM
2898 2228 3146 2283 MENSE.

2598 2337 2700 2391 Die
2740 2336 2972 2392 decima
3012 2336 3187 2391 tertia

2066 2427 2219 2483 184
2273 2427 2720 2484 Commemoratio
2799 2428 2983 2481 exsilii
3066 2427 3246 2480 sancti
3300 2424 3485 2478 Patris
3540 2423 3717 2476 nostri

2555 2499 2783 2552 Joannis
2831 2497 3217 2566 Chrysostomi.

2139 2607 2337 2661 Exsilii
2370 2606 2770 2677 Chrysostomi
2796 2604 3330 2669 commemoratio,
3364 2618 3482 2656 non
3516 2604 3716 2655 autem

2067 2695 2442 2751 domuitionis
2469 2696 2597 2766 ejus
2626 2711 2783 2749 nunc
2810 2694 3165 2753 celebratur,
3193 2709 3321 2746 eam
3347 2691 3419 2745 ob
3453 2706 3714 2750 causam,

2069 2784 2224 2854 quod
2257 2784 2382 2838 hinc
2414 2784 2475 2837 in
2508 2783 2664 2837 idem
2700 2789 2931 2852 tempus
2964 2781 3258 2847 inciderit,
3294 2797 3408 2849 quo
3442 2778 3714 2849 pretiosa)

2068 2874 2270 2927 Crucis
2316 2872 2594 2927 exaltatio
2652 2871 2953 2926 recolitur.
3003 2871 3105 2924 Hic
3163 2869 3340 2941 igitur
3390 2866 3715 2921 Antiochim

2068 2964 2248 3035 Syrian
2280 2969 2475 3031 natus,
2507 2963 2578 3018 ab
2610 2963 2852 3017 ineunte
2876 2967 3045 3016 rotate
3076 2961 3400 3031 plurimum
3433 2956 3608 3013 studii
3643 2955 3716 3011 ad

2068 3054 2385 3109 dicendum
2417 3052 2705 3122 adhibuit,
2733 3057 2790 3108 et
2810 3052 2969 3107 brevi
2995 3054 3329 3107 Graecorum
3357 3049 3719 3103 Christiano-

787 3138 892 3192 Καὶ
953 3134 1023 3191 δι’
1080 3137 1277 3212 ἀρετὴν
1332 3138 1478 3213 παρὰ
1538 3136 1631 3209 μὲν
1691 3136 1955 3192 Μελετίου

2072 3159 2317 3214 rumque
2350 3143 2748 3198 eruditionem
2798 3147 3154 3197 consecutus
3183 3144 3288 3194 est.
3323 3137 3720 3203 Quamobrem

2070 3233 2433 3305 singularem
2464 3234 2593 3303 ejus
2620 3234 2895 3287 virtutem
2934 3231 3263 3286 admiratus
3295 3228 3582 3291 Meletius,
3616 3241 3718 3295 pa-

2071 3320 2330 3375 triarcha
2357 3319 2705 3383 Antiochiae,
2755 3318 2926 3372 illum
2968 3319 3027 3370 in
3066 3316 3416 3371 clericorum
3449 3312 3719 3367 ordinem

2068 3409 2229 3480 legit,
2261 3407 2572 3462 Flavianus
2624 3424 2759 3461 vero
2819 3406 3132 3461 diaconum
3194 3410 3251 3457 et
3304 3402 3719 3473 presbyterum

2070 3496 2383 3553 ordinavit.
2440 3497 2585 3551 Cum
2640 3512 2775 3551 vero
2836 3501 3018 3550 totam
3076 3494 3437 3563 Scripturam
3491 3506 3719 3545 sacram

2073 3586 2462 3657 exposuisset,
2484 3585 2545 3640 in
2580 3585 2830 3641 Nectarii
2864 3584 3126 3640 defuncti
3162 3583 3379 3647 locum,
3412 3580 3722 3651 episcopo-

2072 3695 2205 3733 rum
2237 3678 2538 3749 suﬂ‘ragio,
2572 3682 2630 3732 et
2658 3676 2893 3731 Arcadii
2944 3674 3320 3747 imperatoris
3344 3674 3540 3743 jussu,
3572 3672 3723 3724 Con-

2074 3768 2641 3839 stantinopolitanus
2671 3767 3007 3838 patriarcha
3042 3765 3286 3831 electus,
3320 3761 3633 3818 Antiochia
3664 3760 3722 3813 in

2074 3859 2295 3929 regiam
2322 3856 2531 3912 urbem
2568 3856 3010 3914 transmittitur.
3045 3856 3245 3926 ibique
3287 3853 3548 3924 pontifex
3579 3867 3725 3905 con-

2075 3948 2361 4003 stituitur.
2394 3947 2507 4002 Sed
2537 3964 2671 4002 cum
2716 3945 2990 4001 Eudoxiaa
3034 3942 3425 4016 imperatricis
3457 3942 3723 3996 animum

2074 4053 2109 4091 a
2139 4054 2200 4092 se
2227 4036 2567 4103 alienasset,
2610 4034 2770 4107 quod
2818 4036 2947 4107 ejus
2996 4034 3300 4090 avaritiam
3334 4031 3722 4103 objurgasset,

2074 4126 2146 4181 ab
2178 4142 2249 4180 ea
2278 4126 2339 4181 in
2370 4125 2652 4197 oppidum
2683 4126 2977 4180 Armenias
3026 4125 3318 4179 Cucusum
3351 4120 3722 4190 iniquissime

2075 4214 2391 4287 relegatus,
2416 4215 2497 4269 ibi
2529 4214 2804 4269 decessit.

2715 4335 2934 4391 Eodem
2989 4335 3083 4390 die

2075 4444 2224 4502 I85
2262 4446 2543 4501 Certamen
2574 4452 2889 4501 sanctorum
2928 4449 3232 4513 martyrum
3261 4440 3428 4507 Mitis,
3461 4440 3719 4513 episcopi,

2145 4523 2198 4571 et
2259 4516 2600 4586 disputorwn
2662 4517 2779 4586 ejus
2859 4511 3089 4582 Eboraa,
3138 4529 3323 4585 papae,
3391 4519 3443 4567 et
3510 4511 3719 4578 Seboa’,

2142 4589 2386 4644 diaconi.

2142 4695 2210 4750 Hi
2242 4712 2309 4750 ex
2338 4696 2577 4751 Perside
2626 4694 2888 4751 fuerunt.
2937 4696 3183 4750 Sanctus
3238 4709 3371 4748 vero
3418 4691 3584 4746 Miles
3611 4689 3722 4745 sti-

2070 4785 2287 4856 pendia
2311 4785 2453 4840 belli
2486 4801 2743 4853 merens,
2776 4790 2981 4856 postea
3011 4783 3240 4839 militiai
3272 4798 3520 4837 munere
3550 4779 3721 4835 abdi-

2070 4881 2221 4941 cato,
2253 4890 2385 4931 cum
2419 4892 2480 4931 se
2514 4882 2700 4931 totum
2726 4876 2825 4930 Dei
2859 4875 3093 4930 servitio
3120 4874 3463 4939 addixisset,
3489 4871 3720 4943 episco-

2067 4982 2179 5037 pus
2232 4966 2293 5020 in
2342 4982 2411 5021 ea
2460 4965 2718 5021 Persidis
2773 4965 2920 5020 urbe
2978 4965 3305 5031 ordinatur,
3361 4963 3464 5019 ubi
3512 4960 3719 5017 Daniel

2069 5055 2359 5127 propheta
2383 5055 2638 5110 visiones
2695 5054 2858 5109 vidit.
2918 5054 3030 5110 Sed
3088 5055 3226 5109 inde
3272 5054 3343 5110 ab
3376 5052 3718 5107 infidelibus

2071 5145 2315 5216 ejectus,
2348 5144 2754 5216 Hierosolyma
2806 5144 3002 5199 venit:
3056 5144 3270 5199 deinde
3302 5142 3719 5198 Alexandriam

2070 5235 2144 5290 ad
2168 5234 2409 5290 beatum
2437 5234 2798 5290 Antonium:
2832 5233 3073 5289 demum
3105 5233 3167 5287 in
3198 5232 3499 5287 Persidem
3532 5249 3726 5288 rever-

2072 5341 2189 5389 sus,
2225 5341 2260 5379 a
2289 5326 2644 5397 Mistophare
2675 5324 2900 5397 regulo,
2935 5324 3182 5396 ejusque
3220 5323 3402 5377 fratre
3432 5323 3626 5393 gladio
3658 5324 3719 5379 in

2070 5415 2245 5472 corde
2276 5416 2588 5489 trajicitur,
2622 5415 2780 5487 quod
2812 5414 2930 5469 Soli
2980 5420 3038 5469 et
3082 5413 3206 5487 Igni
3250 5413 3584 5468 sacriﬁcare
3610 5431 3717 5469 no-

2069 5504 2322 5561 luisset:
2355 5506 2569 5577 quibus
2626 5505 2728 5561 ille
2781 5504 2922 5558 dum
2977 5502 3169 5558 adhuc
3209 5503 3471 5558 animam
3498 5508 3720 5570 ageret,

2068 5593 2344 5667 pradixit
2388 5594 2515 5649 fore
2564 5600 2627 5651 ut
2683 5593 2777 5649 die
2830 5592 3101 5663 sequenti
3138 5591 3359 5646 mutuis
3389 5589 3634 5660 regulus
3666 5594 3722 5646 et
