4042 6206
310 263 425 322 159

1626 263 2047 328 MENOLOGII
2093 260 2295 321 PARS
2337 258 2385 318 Ι.

3595 263 3710 325 160

305 394 488 448 frater
516 392 857 447 vulneribus
891 395 1122 461 eadem,
1153 413 1271 468 qua
1325 399 1452 472 ipse
1501 417 1688 456 cassus
1744 399 1954 462 fuerat,

2081 392 2159 446 τὸν
2189 387 2532 466 βασιλίσκον,
2562 387 2648 442 καὶ
2679 385 2772 442 τὸν
2817 383 3048 465 ἀδελφὸν
3108 387 3292 458 αὑτοῦ,
3352 389 3458 459 ὅτι,
3515 387 3714 468 Αὔριον

309 483 451 537 hora
481 483 887 540 conciderent.
949 488 1140 552 Quare
1197 491 1604 547 vehementius
1653 489 1954 552 commoti,

310 569 632 639 discipulos
682 573 811 643 ejus
860 575 1088 631 tamdiu
1148 578 1402 634 fustibus
1442 579 1783 644 contudere,
1815 577 1957 632 dum

308 660 538 716 animas
573 663 821 719 Domino
869 667 1190 724 traderent.
1226 669 1516 725 Postridie
1545 675 1763 736 autem,
1789 669 1960 738 juxta

309 749 498 804 sancti
529 753 999 824 praedictionem,
1021 758 1233 813 fratres
1263 760 1325 813 in
1355 759 1537 814 furias
1567 759 1704 824 acti,
1737 757 1958 812 mutuis

312 855 440 894 sese
471 841 818 901 vulneribus
851 848 1175 902 coniecere.

943 1145 1160 1200 Eodem
1214 1146 1328 1201 die.

315 1251 467 1309 186
501 1255 778 1310 Certamen
827 1260 1136 1308 sanctorum
1183 1262 1491 1324 martyrum
1537 1258 1828 1323 Antonini,
1859 1257 1959 1312 Ni-

664 1324 906 1394 cephori,
934 1328 1210 1392 Germani,
1232 1334 1281 1380 et
1311 1330 1600 1384 sociorum.

387 1449 723 1504 Antoninus
747 1455 972 1521 martyr
986 1456 1294 1522 provectus
1307 1453 1436 1524 jam
1454 1458 1656 1522 mtate;
1681 1453 1963 1526 Nicepho-

314 1553 416 1592 rus
447 1543 732 1608 autem,et
757 1541 1081 1596 Germanus
1107 1542 1960 1616 adolescentes,comprehensi

317 1643 350 1680 a
379 1626 636 1698 regionis
667 1628 966 1699 prafecto,
992 1646 1126 1685 cum
1150 1631 1326 1686 idolis
1351 1633 1686 1689 sacriﬁcare
1709 1633 1960 1702 nollent,

2066 480 2202 534 κατᾶ
2255 475 2420 548 τήνδε
2476 479 2572 547 τήν
2631 475 2774 550 ὥραν
2837 476 2925 530 ὑπ’
2983 475 3247 546 ἀλλήλων
3298 483 3714 556 φονευθήσεσθε.

2067 571 2247 624 Ταῦτα
2306 565 2576 631 εἰπόντος,
2634 563 2972 640 ὀργισθέντες
3023 565 3051 620 ὀ
3107 587 3164 621 τε
3221 567 3536 640 βασιλίσκος
3564 571 3714 627 καὶὸ

2070 656 2303 735 ἁδελφὸς
2333 655 2497 710 αὐτοῦ
2531 655 2662 728 μετὰ
2710 653 2886 727 ξύλων
2940 653 3231 718 τύπτοντες
3289 657 3539 729 ἀνηλεῶς
3586 659 3716 724 τοὺς

2074 747 2314 821 μαθητὰς
2356 750 2450 800 τοῦ
2496 745 2650 822 αγίου
2707 743 3018 823 ἐφόνευσαν.
3079 747 3177 800 Καὶ
3239 747 3410 810 οὕτως
3468 747 3716 824 παρέδω-

2068 857 2163 892 καν
2202 837 2297 898 τὰς
2379 835 2562 909 ψυχὰς
2642 834 2817 890 αὐτῶν
2901 838 2981 907 τῷ
3037 834 3240 911 Κυρίῳ.
3303 837 3452 894 Κατᾶ
3509 837 3567 894 δὲ
3615 841 3714 909 τήν

2071 927 2380 1004 πρόρρησιν
2408 931 2510 983 τοῦ
2571 926 2728 1001 ἁγίου
2789 928 3038 1000 μανέντες
3095 928 3148 982 οἱ
3200 924 3296 984 δύο
3345 925 3572 1008 ἀδελφοὶ
3601 932 3720 986 κατ’

2071 1017 2360 1090 ἀλλήλων,
2392 1014 2679 1088 ἀλλήλους
2712 1013 3024 1094 ἐφόνευσαν.

2665 1147 2742 1219 Τῇ
2773 1144 2912 1218 αὐτῇ
2943 1143 3126 1220 ἡμέρᾳ

2071 1250 2336 1322 ’Ἄθλησις
2355 1255 2469 1332 τῶν
2503 1249 2668 1332 ἁγίων
2691 1252 2978 1332 μαρτύρων
3004 1250 3719 1332 ἈντωνίνουιΝικηφόρου,

2355 1321 2650 1400 Γερμανοῦ,
2692 1321 2781 1378 καῖ
2823 1321 2922 1394 τῆς
2955 1321 3204 1386 συνοδίας
3233 1323 3432 1382 αὐτῶν.

2143 1447 2463 1508 Ἀντωνῖνος
2495 1446 2523 1500 ὁ
2573 1444 2773 1520 μάρτυς
2824 1445 3042 1520 ὑπῆρχε
3093 1447 3193 1514 τήν
3239 1443 3459 1509 ἡλικίαν
3516 1440 3720 1522 προϐε-

2072 1531 2260 1608 ϐηκὼς
2297 1580 2310 1606 ,
2369 1537 2397 1590 ὁ
2483 1533 2542 1590 δὲ
2622 1535 2928 1613 Νικηφόρος
3002 1534 3094 1589 καὶ
3147 1535 3176 1590 ὁ
3233 1536 3508 1610 Γερμανὸς
3579 1537 3711 1594 νέοι.

2073 1627 2438 1700 Κρατηθέντες
2471 1623 2528 1680 δὲ
2562 1625 2665 1681 ὑπὸ
2709 1629 2806 1678 τοῦ
2858 1630 2959 1694 τῆς
3030 1625 3220 1699 χώρας
3279 1623 3569 1700 ἄρχοντος,
3625 1627 3720 1681 καὶ

315 1714 434 1769 imo
467 1715 764 1770 Christum
811 1718 1258 1788 conﬁterentur,
1292 1721 1354 1776 in
1397 1722 1544 1777 urbe
1573 1724 1840 1779 Caesarea
1865 1741 1964 1780 ca-

2081 1714 2590 1790 ιιαταναγκασθέντες
2638 1715 2792 1768 θῦσαι
2819 1718 2936 1776 τοῖς
2992 1710 3271 1782 εἰδώλοις,
3326 1714 3417 1770 καὶ
3465 1715 3541 1788 μή
3598 1735 3724 1770 πει-

311 1803 430 1875 pite
471 1803 830 1875 plectuntur.
887 1807 1058 1880 Virgo
1105 1814 1306 1864 autem
1362 1811 1656 1882 quaedam,
1689 1814 1960 1869 Manetho

2081 1804 2299 1874 σθέντες,
2359 1803 2485 1859 ἀλλ’
2527 1803 2930 1879 ὁμολογοῦντες
2973 1803 3064 1858 τὸν
3119 1802 3374 1877 Χριστὸν,
3403 1805 3500 1868 τὰς
3552 1826 3722 1884 κεφαο

312 1891 576 1961 nomine,
611 1893 1111 1967 Scythopolitana,
1138 1901 1570 1970 comprehensa
1590 1907 1648 1957 et
1679 1903 1826 1974 ipsa,
1860 1921 1967 1974 per

315 1987 498 2037 totam
529 1982 736 2037 urbem
768 1984 928 2040 nuda
971 1987 1333 2045 traducitur:
1386 1990 1604 2047 deinde
1634 1991 1878 2048 diversis
1904 1993 1966 2048 in

312 2071 460 2126 locis
492 2073 853 2144 gravissimis
884 2077 1190 2147 suppliciis
1215 2080 1565 2148 excruciata,
1593 2086 1651 2136 et
1679 2082 1750 2138 ab
1775 2084 1966 2138 omni-

314 2161 424 2216 bus
454 2161 556 2215 Dei
583 2161 874 2218 beneficio
934 2172 1155 2237 erepta,
1217 2174 1274 2223 et
1331 2170 1648 2227 incolumis
1692 2173 1967 2244 evadens,

317 2264 450 2304 cum
486 2250 674 2305 multa
713 2252 1001 2306 miracula
1046 2260 1357 2324 patrasset,
1387 2257 1797 2330 plurimosque
1829 2260 1970 2314 inii-

315 2339 539 2394 delium
582 2339 757 2394 verbo
790 2341 892 2394 Dei
922 2342 1244 2398 instructos
1275 2345 1348 2399 ad
1379 2347 1695 2401 Dominum
1727 2365 1968 2404 conver-

315 2428 778 2496 tisset,‘demum
835 2429 956 2501 igni
1016 2431 1316 2497 damnata,
1367 2434 1430 2488 in
1478 2435 1964 2492 ardentissimam

314 2518 636 2586 fornacem,
698 2533 873 2572 orans
945 2523 1004 2574 et
1070 2521 1286 2593 gratias
1335 2539 1535 2595 agens,
1595 2524 1964 2596 ingreditur:

320 2607 520 2678 ibique
552 2623 658 2678 per
686 2607 902 2662 multas
933 2607 1112 2663 horas
1143 2609 1206 2664 in
1253 2611 1520 2666 oratione
1563 2629 1970 2684 perseverans,

322 2713 558 2753 sacrum
591 2695 832 2750 tandem
890 2697 1164 2768 spiritum
1221 2699 1284 2754 in
1340 2717 1553 2757 manus
1594 2703 1697 2757 Dei
1725 2703 1971 2759 viventis

321 2785 585 2842 tradidit.

877 3092 1122 3148 EODEM
1163 3094 1414 3149 MENSE.

815 3199 919 3253 Die
971 3198 1201 3256 decima
1241 3206 1471 3272 quarta.

317 3288 464 3344 187
503 3287 768 3343 Dormitio
823 3289 1002 3342 sancti
1055 3290 1239 3344 Patris
1300 3292 1474 3345 nostri
1531 3293 1766 3362 Hypatii
1809 3293 1968 3349 thau-

670 3362 937 3430 maturgi,
971 3363 1214 3431 episcopi
1243 3361 1611 3432 Gangrorum.

389 3484 493 3540 Hic
524 3499 679 3538 unus
707 3483 821 3538 fuit
849 3499 922 3539 ex
962 3485 1244 3540 trecentis
1291 3485 1496 3542 decem
1530 3492 1588 3542 et
1618 3494 1748 3544 octo
1781 3489 1970 3544 Patri-

317 3570 448 3637 bus,
481 3571 584 3642 qui
622 3569 696 3626 ad
743 3571 1042 3626 Niczenam
1092 3573 1406 3644 synodum,
1439 3575 1824 3632 Constantino
1851 3577 1970 3631 Ma-

317 3677 430 3734 gno
451 3661 829 3732 imperatore,
848 3660 1131 3716 adversus
1153 3661 1506 3718 delirantem
1527 3665 1733 3720 Arium
1754 3681 1970 3721 conve-

318 3759 556 3810 nerunt.
582 3752 653 3806 Et
671 3752 844 3823 plura
871 3752 1113 3822 quidem
1131 3753 1419 3810 miracula
1439 3755 1662 3823 edidit;
1697 3755 1800 3811 sed
1821 3756 1970 3811 illud

319 3843 381 3898 in
427 3842 637 3914 primis
665 3841 1050 3896 memorabile
1091 3847 1201 3909 est,
1257 3845 1414 3912 quod
1447 3861 1577 3900 cum
1611 3851 1970 3916 portentosa)

319 3929 745 4004 magnitudinis
767 3929 942 3985 draco
970 3930 1031 3984 in
1059 3931 1336 3986 mrarium
1367 3931 1674 4003 imperiale
1704 3934 1973 4006 irrepsis-

321 4028 430 4090 set,
463 4035 790 4091 omnesque
819 4019 892 4074 ab
923 4019 1195 4091 ingressu
1225 4021 1617 4092 propulsaret,
1652 4024 1973 4080 accersitus

320 4111 394 4165 ab
442 4111 824 4181 imperatore,
873 4107 1020 4163 fusis
1069 4109 1366 4180 precibus,
1414 4110 1586 4168 illum
1635 4113 1971 4168 interfecit:

313 4200 496 4272 jussit
528 4199 688 4254 enim
719 4213 926 4269 rogum
971 4197 1032 4251 in
1080 4197 1208 4252 foro
1259 4199 1526 4267 accendi,
1560 4206 1618 4256 et
1655 4201 1975 4259 draconem

323 4305 393 4344 ex
435 4289 642 4344 mrario
702 4287 1002 4354 eductum,
1063 4287 1356 4358 virgasque
1413 4291 1762 4357 summitati,
1795 4310 1973 4363 quam

323 4379 607 4450 Hypatius
657 4376 917 4444 tenebat,
977 4375 1276 4431 mordicus
1333 4377 1747 4446 inhaerentem,
1799 4387 1976 4452 atque

324 4472 697 4539 sequentem,
730 4465 794 4520 in
825 4465 1020 4536 ignem
1055 4465 1279 4535 injecit.
1341 4467 1488 4521 Hinc
1536 4467 1858 4539 imperator
1909 4469 1966 4524 in

321 4556 510 4628 ipsius
541 4554 734 4610 wrarii
765 4553 929 4609 aditu
979 4553 1301 4626 imaginem
1342 4557 1533 4610 sancti
1564 4564 1834 4614 accurate
1866 4559 1966 4614 de-

323 4647 486 4720 pingi
519 4645 838 4702 mandavit.
873 4645 1155 4716 Hypatius
1181 4661 1316 4700 vero
1348 4646 1421 4702 ad
1449 4647 1772 4704 Ecclesiam
1805 4667 1973 4706 suam

322 4756 616 4806 reversus,
651 4737 1104 4792 Novatianorum
1163 4736 1576 4792 haereticorum
1612 4739 1844 4796 insidiis
1877 4741 1973 4796 in-

326 4832 660 4886 terimitur:
705 4846 844 4884 nam
904 4845 938 4882 a
992 4826 1244 4882 muliere
1297 4827 1552 4897 quadam
1587 4847 1724 4886 saxo
1757 4832 1818 4886 in
1849 4833 1978 4904 ejus

326 4927 504 4993 caput
531 4920 816 4993 projecto,
851 4917 1028 4990 hujus
1074 4917 1206 4972 vitea
1239 4918 1533 4988 ergastulo
1567 4919 1869 4988 liberatus,
1904 4922 1976 4978 ad

326 5011 563 5068 cceleste
595 5026 842 5084 regnum
872 5007 1138 5064 avolavit.

965 5132 1188 5189 Eodem
1227 5132 1342 5188 die.

327 5229 481 5286 188
511 5226 956 5284 Commemoratio
993 5225 1173 5279 sancti
1227 5224 1461 5293 apostoli
1509 5223 1780 5295 Philippi,
1814 5228 1978 5283 unius

791 5313 861 5352 ea:
910 5295 1197 5351 duodecim
1237 5295 1516 5365 apostolis.

402 5427 810 5498 Philippus,ex
827 5423 1141 5480 duodecim
1163 5420 1448 5492 apostolis
1470 5422 1982 5490 unus,Bethsaidaa

2075 1893 2178 1956 λὰς
2231 1892 2284 1948 ἰν
2345 1891 2633 1966 Καισαρείᾳ
2688 1891 3101 1965 ἀπετμήθησαν.
3165 1893 3437 1969 Παρθένος
3504 1891 3562 1949 δέ
3616 1915 3724 1958 τις.

2074 1980 2296 2039 Μανεθὼ
2353 1981 2658 2058 λεγομένη,
2721 1981 2969 2057 ὑπῆρχεν
3029 1979 3086 2037 ἐκ
3144 1981 3560 2044 Σκυθοπόλεως.
3620 1983 3726 2040 Καὶ

2075 2077 2422 2150 κρατηθεῖσα,
2469 2070 2559 2126 καὶ
2591 2070 2690 2126 ἀνὰ
2737 2075 2909 2125 πᾶσαν
2961 2072 3061 2141 τήν
3115 2071 3280 2127 πόλιν
3336 2067 3729 2146 θριαμϐεῦθεῖ-

2076 2183 2140 2217 σα
2194 2163 2409 2237 γυμνὴ,
2470 2162 2586 2216 εἶτα
2635 2162 3014 2234 τιμωρηθεῖσα
3063 2160 3116 2215 ἐν
3168 2157 3452 2239 διαφόροις
3509 2163 3729 2232 τόποις,

2075 2258 2293 2326 πικραῖς
2355 2249 2610 2326 βασάνοις
2646 2293 2661 2318 ,
2735 2249 2824 2304 καὶ
2908 2249 2968 2305 ἐκ
3048 2249 3263 2306 πάντων
3342 2256 3477 2306 Θεοῦ
3535 2253 3725 2327 χάριτι

2079 2339 2344 2416 ῥυσθεῖσα,
2403 2340 2492 2394 καὶ
2552 2333 2801 2408 ἀϐλαϐὴς
2863 2335 3205 2412 διαμείνασα,
3266 2341 3430 2415 μυρία
3475 2362 3532 2396 τε
3591 2343 3729 2396 θαυ-

2080 2431 2518 2505 ματουργήσασα,
2567 2428 2656 2483 καὶ
2709 2426 2960 2490 πολλοὺς
3011 2432 3120 2484 τῶν
3177 2426 3414 2485 ἀπίστων
3467 2433 3725 2506 κατηχή-

2077 2540 2210 2573 σασα
2237 2519 2328 2573 τὸν
2375 2516 2545 2594 λόγον
2597 2522 2694 2573 τοῦ
2752 2522 2907 2588 Θεοῦ,
2955 2517 3044 2572 καὶ
3097 2517 3458 2593 ἐπιστρέψασα
3515 2518 3602 2574 ἐπὶ
3632 2520 3726 2574 τὸν

2079 2606 2296 2681 Κύριον,
2381 2605 2693 2662 τελευταῖον
2768 2606 3058 2683 κατεκρίθη
3145 2607 3274 2682 πυρὶ
3340 2607 3724 2677 τελειωθῆναιο

2077 2697 2166 2752 καὶ
2204 2703 2303 2766 τῆς
2354 2695 2586 2770 καμίνοὺ
2625 2696 2972 2774 ἀναφθείσης,
3025 2696 3312 2770 εὐξαμένη,
3367 2698 3456 2752 καὶ
3506 2697 3730 2773 εὐχαρι-

2080 2788 2341 2856 στήσασα,
2381 2784 2630 2855 εἰσῆλθεν
2690 2783 2742 2840 έν
2802 2783 2960 2859 αὐτῇ·
3019 2787 3110 2841 καὶ
3163 2785 3216 2840 έν
3263 2791 3332 2860 τῇ
3389 2788 3603 2862 καμίνῳ
3635 2787 3726 2843 ἐπὶ

2077 2874 2317 2938 πολλαῖς
2365 2881 2482 2938 ταῖς
2544 2875 2710 2950 ὥραις
2765 2876 3210 2952 προσευχομένη,
3267 2879 3330 2932 τὸ
3385 2877 3530 2954 ἱερὰν
3559 2877 3730 2944 αὐτῆς

2079 2965 2342 3042 παρέθετο
2372 2967 2586 3039 πνεῦμα
2615 2963 2690 3026 είς
2721 2969 2912 3041 χεῖρας
2943 2968 3076 3020 θεοῦ
3109 2969 3329 3035 ζῶντος.

2643 3089 2825 3147 ΜΗΝΙ
2875 3095 2959 3144 ΤΩ
2991 3091 3170 3147 ΑΥΤΩ

2857 3202 2934 3252 ΙΔ’

2070 3288 2132 3344 Ἠ
2163 3287 2423 3360 κοίμησις
2449 3289 2546 3341 τοῦ
2577 3285 2628 3340 ἐν
2663 3284 2852 3360 ἁγίοις-
2875 3286 3085 3360 Πατρὸς
3131 3289 3294 3357 ἡμῶν
3347 3287 3600 3345 Ὑπατίου
3626 3292 3724 3344 τοῦ

2357 3357 2804 3434 Θαυματουργοῦ,
2837 3357 3134 3415 ἐπισκόπου
3157 3363 3438 3436 Γαγγρῶν.

2143 3486 2311 3548 Οὗτος
2360 3485 2606 3559 ὑπῆρχεν
2668 3483 2740 3546 εἶς
2799 3482 2859 3538 ἐκ
2907 3487 3015 3538 τῶν
3070 3483 3394 3560 τριακοσίων
3453 3483 3582 3542 δέκα
3627 3485 3720 3542 καὶ

2073 3576 2216 3630 ὀκτὼ
2273 3572 2524 3648 Πατέρων
2557 3619 2574 3645 ,
2633 3576 2738 3627 τῶν
2799 3570 2852 3627 ἐν
2909 3573 3102 3646 Νικαίᾳ
3159 3572 3526 3630 συνελθόντων
3583 3574 3723 3631 κατὰ

2071 3663 2286 3741 ’Δρείου
2316 3666 2416 3718 τοῦ
2469 3661 2886 3738 ματαιόφρονος,
2948 3661 3036 3716 ἐπὶ
3081 3665 3178 3732 τῆς
3234 3663 3515 3739 βασιλείας
3571 3667 3724 3723 Κων-

2074 3753 2354 3808 σταντίνου
2401 3749 2498 3807 τοῦ
2542 3751 2819 3825 Μεγάλου.
2871 3751 3132 3822 Ἐποίησε
3177 3749 3236 3806 δὶ
3291 3751 3538 3826 θαύματα
3584 3752 3725 3810 πολ-

2077 3841 2166 3912 λά,
2201 3841 2251 3915 ἐξ
2284 3843 2358 3897 ὧν
2389 3835 2444 3898 ἔν
2477 3841 2712 3916 ὑπάρχει
2764 3839 2854 3896 καὶ
2885 3844 3069 3895 τοῦτο’
3116 3841 3423 3915 Δράκοντος
3484 3842 3727 3920 μεγάλου

2077 3931 2227 4003 ἐντῷ
2253 3931 2463 4004 ταμείῳ
2504 3934 2612 3986 τῶν
2657 3927 2955 4004 βασιλικῶν
3007 3931 3314 4005 χρημάτων
3369 3931 3532 3995 ποθὲν
3567 3931 3734 4007 εἰσερ-

2078 4025 2346 4085 πύσαντος
2380 4066 2392 4088 ,
2478 4019 2570 4075 καὶ
2653 4017 2912 4075 εἰσελθεῖν
2975 4020 3049 4092 μή
3110 4022 3532 4096 συγχωροῦντός
3597 4043 3729 4093 τινι,

2078 4109 2430 4186 προσεκλήθη
2473 4111 2620 4184 παρὰ
2646 4113 2743 4164 τοῦ
2779 4108 3071 4184 βασιλέως
3105 4109 3197 4164 καὶ
3253 4113 3489 4181 ποιήσας
3533 4111 3728 4186 εὐχὴν.

2081 4201 2402 4258 ἐθανάτωσεν
2459 4199 2618 4255 αὑτὸν
2669 4198 2969 4274 προστάξας
3022 4197 3073 4252 ἐν
3131 4203 3211 4271 τῷ
3279 4201 3435 4274 φόρῳ
3482 4200 3727 4275 γενέσθαι

2080 4291 2276 4364 πυρὰν,
2325 4289 2416 4344 καὶ
2448 4289 2554 4343 απὸ
2591 4285 2687 4342 τοῦ
2718 4289 2946 4360 ταμείου
2999 4287 3091 4342 τὸν
3162 4285 3430 4364 δράκοντα
3488 4289 3726 4365 ἀγαγὼν,

2083 4378 2308 4434 δακόντα
2345 4379 2406 4433 τὸ
2458 4376 2619 4454 ἄκρον
2673 4381 2767 4431 τοῦ
2827 4371 3050 4452 ῥαϐδίου
3099 4376 3284 4449 αὑτοῦ,
3344 4379 3434 4433 καὶ
3492 4378 3730 4436 ἀκολου-

2085 4471 2300 4538 θοῦντα,
2358 4467 2447 4523 καὶ
2502 4465 2684 4543 βαλὼν
2743 4463 2794 4520 έν
2854 4465 3013 4538 αὐτῇ,
3064 4465 3155 4521 καὶ
3208 4468 3567 4530 κατακαύσας·
3614 4469 3732 4534 ὅθεν

2087 4559 2138 4614 ἐν
2166 4562 2233 4632 τῇ
2267 4555 2460 4630 εἰσόδῳ
2505 4559 2602 4612 τοῦ
2630 4554 2854 4628 ταμείου
2885 4554 2912 4608 ὁ
2948 4553 3202 4628 βασιλεὺς
3250 4558 3350 4626 τήν
3409 4557 3590 4614 εἷκονα
3634 4565 3732 4616 τοῦ

2083 4649 2239 4727 ἁγίου
2297 4649 2674 4726 έζωγράφησεν
2709 4691 2723 4704 .
2781 4645 3214 4721 Ὑποστρέψαντα
3270 4645 3327 4703 δὲ
3387 4649 3463 4712 εἷς
3518 4653 3616 4721 τὴν
3650 4653 3731 4708 οἱ·

2081 4740 2228 4794 κείαν
2282 4736 2606 4807 Ἐκκλησίαν
2662 4735 2948 4814 ἐφόνευσαν
3007 4736 3057 4790 οἱ
3107 4737 3374 4809 αἱρετικοὶ
3429 4741 3732 4797 Νοουατια-

2082 4827 2189 4883 νοίο
2244 4829 2378 4904 γυνή
2445 4827 2544 4901 γὰρ
2601 4824 2802 4901 ῥίψασα
2851 4823 3004 4879 λίθον
3063 4825 3198 4880 κατὰ
3240 4825 3483 4902 κεφαλῆς
3544 4829 3731 4904 αὑτοῦ,

2083 4921 2181 4986 τῆς
2204 4915 2390 4981 ἐνθάδε
2424 4916 2516 4988 μὶν
2583 4921 2726 4984 ζωῆς
2782 4911 3086 4987 ἀπήλλαξε,
3138 4916 3469 4991 προεξένησε
3498 4914 3555 4973 δὲ
3587 4920 3734 4992 αὐτῴ

2091 5005 2369 5082 βασιλείαν
2403 5003 2666 5081 οὐρανῶν.

2658 5131 2742 5202 Τῇ
2797 5127 2933 5201 αὐτῇ
2983 5129 3166 5206 ἡμέρᾳ

2088 5221 2295 5294 Μνήμη
2354 5222 2452 5274 τοῦ
2504 5213 3399 5294 ἁγίουαᾶποστόλουΑΦιλίππου,
3458 5221 3576 5284 ένὸς
3630 5227 3736 5278 τῶν

2610 5285 2821 5343 δώδεκα
2867 5287 3214 5348 ἀποστόλων.

2164 5417 2444 5483 Φίλιππος
2474 5418 2500 5473 ὑ
2533 5417 2608 5480 εἷς
2634 5420 2740 5472 τῶν
2773 5413 2982 5472 δώδεκα
3037 5413 3380 5489 ἀποστόλων,
3411 5420 3478 5490 ἧν
3538 5419 3598 5477 ἐκ
3639 5427 3739 5490 τῆς

334 5518 395 5573 in
428 5516 667 5572 Galilaea
691 5521 888 5579 natus,
914 5517 1048 5586 post
1074 5509 1308 5566 Domini
1341 5511 1968 5579 ascensionem,multi:

2091 5505 2394 5572 Γαλιλαίας
2431 5506 2538 5563 ἀπὸ
2569 5503 2862 5578 Βηθσαϊδᾶ.
2915 5504 3066 5565 Μετᾶ
3119 5503 3177 5562 δὲ
3206 5508 3305 5576 τήν
3339 5508 3610 5584 ἀνάληψιν
3641 5517 3736 5568 τοῦ

333 5606 637 5667 miraculis
668 5604 866 5673 editis,
897 5602 1148 5675 Trajano
1207 5599 1588 5672 imperatore,
1623 5601 1968 5674 Hierapolim

2095 5597 2298 5674 Κυρίου
2353 5595 2541 5654 πολλὰ
2598 5597 2844 5672 θαύματα
2901 5598 3155 5669 ποιήσας,
3206 5595 3294 5653 ἐπὶ
3323 5602 3588 5676 Τραϊανοῦ
3638 5606 3735 5657 τοῦ
