4030 6196
330 330 428 389 161

1753 324 2215 391 NOVEMBER.

3598 352 3719 413 162

340 457 581 533 βασιλέως
604 456 937 532 παρεγένετο
988 455 1077 511 καὶ
1138 454 1212 519 εΐς
1270 456 1602 529 Ἱεράπολιν,
1667 456 1957 551 perimam

2079 461 2376 529 profectus
2435 470 2525 520 est
2578 484 2713 523 cum
2772 477 2998 544 septem
3060 476 3297 535 ﬁliabus
3344 482 3487 551 suis,
3520 489 3579 539 et
3606 487 3725 541 Ma-

334 550 454 604 ἒπτᾶ
482 548 783 622 θυγατέρων
816 545 1007 616 αὐτοῦ,
1048 546 1137 602 καὶ
1189 547 1517 620 Μαριάμνης
1566 553 1668 615 τῆς
1719 543 1965 619 ἀδελφῆς

333 638 615 703 σῦτοῦ,καὶ
666 635 1089 710 Βαρθολομαίου
1146 640 1243 690 τοῦ
1301 635 1635 703 ἀποστόλου,
1696 632 1962 689 διδάσκων

321 727 599 801 τὸνλόγον
632 730 733 781 τοῦ
785 731 1049 801 Χριστοῦ,
1107 725 1195 779 καὶ
1259 726 1464 788 πείθων
1520 724 1647 787 τοὺς
1707 724 1965 786 ἀπίστους

318 816 609 883 ἀποστῆναι
645 814 753 870 ἆπὸ
784 822 885 883 τῆς
918 813 1135 885 πλάνης
1166 819 1274 869 τῶν
1312 812 1582 872 ειδώλων.
1645 813 1814 888 Εἶχον
1863 813 1964 888 γὰρ

318 903 379 964 ὠς
410 905 540 958 Θεὸν
574 905 676 972 τὴν
710 900 955 978 ἔχιδναν.
990 905 1075 959 Ἐν
1110 905 1189 964 οἷς
1227 905 1290 972 ἦν
1340 902 1429 957 καὶ
1478 903 1775 975 Νικάνορα,
1827 902 1963 976 γυνή

316 997 396 1047 τοῦ
436 990 773 1060 ἀνθυπᾶτου,
802 996 901 1047 τοῦ
953 991 1042 1046 καὶ
1096 994 1515 1066 τιμωρήσαντος
1567 990 1781 1052 αὐτούς.
1834 990 1966 1045 Εἶτα

317 1090 575 1158 κρεμᾶται
617 1085 647 1137 ὁ
679 1081 1101 1158 Βαρθολομαῖος
1151 1082 1237 1136 καὶ
1288 1082 1315 1135 ὁ
1363 1080 1646 1143 Φίλιππος
1690 1080 1825 1134 κατὰ
1871 1099 1962 1132 κε-

317 1172 485 1247 σαλῆς
514 1173 751 1227 ἀπὸτοῦ
806 1172 1048 1246 τείχους.
1101 1172 1451 1247 Κρεμαμένου
1510 1168 1567 1225 δὲ
1612 1174 1709 1225 τοῦ
1760 1167 1966 1225 Φιλίπ-

316 1285 430 1335 που,
489 1263 584 1317 καὶ
642 1257 1118 1336 προσευχομένου,
1178 1259 1431 1339 ἐξαίφνης
1488 1262 1722 1336 ἠνοίχθη
1776 1262 1810 1328 η
1866 1264 1962 1333 γῆ,

315 1355 392 1407 καὶ
448 1351 673 1406 κατέπιε
724 1349 852 1413 τοὺς
909 1350 1119 1419 ἀθέους,
1170 1348 1260 1404 καὶ
1317 1350 1410 1404 τὸν
1488 1348 1815 1417 ἀνθύπατον,
1872 1345 1960 1400 καὶ

320 1444 406 1511 τήν
437 1439 683 1516 ἔχιδναν,
715 1439 804 1494 καὶ
836 1460 961 1500 τους
1019 1438 1185 1514 ἱερεῖς
1242 1437 1428 1507 αὐτῆς.
1491 1439 1622 1493 Εἶτα
1680 1434 1768 1490 διὰ
1826 1441 1964 1510 Χρι-

324 1533 437 1582 στοῦ
466 1526 991 1603 ἁνήχθησαν,πλὴν
1023 1531 1120 1582 τοῦ
1177 1526 1478 1591 ἀνθυπάτου
1535 1526 1624 1580 καὶ
1682 1531 1780 1593 τῆς
1840 1524 1960 1597 ἐχί-

326 1613 461 1685 δνης.
495 1615 704 1685 Ἐλῦθη
741 1613 799 1669 δὲ
828 1616 918 1669 καὶ
976 1614 1417 1689 Βαρθολομαῖος,
1469 1612 1558 1667 καὶ
1590 1616 1624 1683 ἡ
1658 1611 1958 1688 Μαριάμνη

322 1708 417 1757 τῶν
448 1702 686 1777 δεσμῶν.
720 1705 783 1761 Ὀ
821 1700 879 1758 δὲ
910 1701 1191 1765 Φίλιππος
1225 1702 1538 1772 ἐτελειώθη.

856 1846 1041 1902 MHNI
1078 1849 1163 1924 Τῼ
1201 1850 1401 1922 arra.

1092 1955 1173 2009 IE'

317 2060 718 2149 "Aﬁl‘nats‘aa'i:
766 2061 936 2136 ἁγίων
998 2057 1365 2149 ὁμολογητιῖη
1424 2056 1959 2149 Γουρίαὲδξαμωνξ,

381 2126 489 2261 x16}.-
555 2126 823 2202 Ἀ6ί6ου,’
926 2126 1384 2207 μαρτυρησάντων
1473 2126 1545 2186 ἐν’
1605 2126 1797 2203 Ἑδέσῄ
1891 2130 1960 2202 τῇ

385 2228 424 2260 π
460 2218 570 2261 Αει.

385 2218 570 2264 πόλει.

380 2334 541 2392 Οὗτοι
595 2333 850 2409 ὑπῆρχον
904 2330 992 2387 ἐπὶ
1050 2328 1446 2401 Διοκλητιανοῦ
1505 2333 1602 2384 τοῦ
1665 2327 1957 2404 βασιλέως,

314 2423 747 2480 καὶἈντωνίνου
810 2419 1028 2483 δουκός.
1088 2422 1182 2475 Καὶ
1244 2414 1648 2489 διαϐληθέντες,
1710 2420 1783 2483 ὡς
1831 2419 1958 2482 τοὺς

319 2512 367 2566 ὲν
394 2517 462 2587 τῇ
520 2510 741 2587 φυλακῇ
803 2509 1164 2584 Χριστιανοὺς
1225 2508 1629 2584 θεραπεύοντες,
1689 2508 1958 2583 παρέστη-

318 2621 403 2655 σαν
456 2603 709 2675 Γουρίας,
764 2601 853 2655 καὶ
912 2603 1179 2671 Σαμωνᾶς
1235 2597 1294 2652 ἐκ
1347 2604 1449 2667 τῆς
1516 2598 1681 2667 αὐτῆς
1741 2596 1959 2660 πόλεως

319 2686 480 2763 ὄντες,
513 2692 605 2745 καὶ
638 2690 692 2745 ἐν
719 2690 863 2759 τάξει
915 2689 1101 2763 ἱερέων
1155 2689 1516 2763 ὑπάρχοντες.
1574 2689 1664 2757 Μὴ
1712 2690 1958 2753 πεισθέν-

316 2801 397 2841 τες
456 2783 548 2835 οὖν
607 2784 760 2845 θῦσαι
818 2783 935 2841 τοῖς
997 2775 1276 2845 εἰδώλοις,
1355 2782 1660 2852 κρεμῶνται
1738 2775 1957 2841 ἕκαστος

316 2867 417 2924 ἀπὸ
440 2873 540 2935 τῆς
578 2876 703 2943 μιᾶς
736 2868 925 2945 χειρὸς
968 2866 1053 2923 ἐπὶ
1104 2869 1261 2923 πέντε
1319 2867 1509 2944 ὥραις.
1562 2868 1693 2925 Εἶτα
1739 2889 1956 2923 κατενε-

313 2957 549 3034 χθέντες,
581 2959 671 3013 καὶ
729 2959 1079 3032 ἐπιμένοντες
1131 2962 1198 3031 τῇ
1258 2956 1554 3032 ὁμολογίᾳ,
1612 2957 1774 3013 πάλιν
1832 2978 1957 3034 κρε-

317 3054 519 3120 μῶν-ται
570 3049 675 3104 ἀπὸ
727 3053 835 3103 τῶν
890 3045 1096 3105 ποδῶν.
1155 3048 1285 3103 Εἶτα
1342 3047 1393 3102 έν
1455 3047 1641 3121 λάκκῳ
1698 3052 1957 3120 σκοτεινῷ

312 3138 610 3215 ἀμφότεροι
645 3136 966 3212 βάλλονται,
1016 3136 1104 3191 καὶ
1167 3138 1299 3211 μετᾶ
1351 3139 1512 3191 τοῦτο
1566 3137 1661 3198 τὰς
1713 3135 1954 3214 κεφαλὰς

2075 550 2305 607 riamna
2338 570 2537 609 sorore
2569 574 2695 624 sua,
2730 566 2906 631 atque
2958 566 3386 625 Bartholomaeo
3433 576 3723 644 apostolo,

2076 639 2294 695 docens
2326 643 2567 700 verbum
2599 650 2835 716 Christi,
2881 658 2939 707 et
2986 655 3260 714 inﬁdeles
3310 662 3381 715 ab
3432 639 3725 721 idolorum

2076 727 2423 785 seductione
2480 734 2830 793 abducens:
2884 742 3145 812 viperam
3230 750 3390 804 enim
3443 758 3726 823 tanquam

2075 817 2259 871 Deum
2290 821 2583 889 colebant,
2612 843 2641 880 e
2666 829 2879 897 quibus
2912 837 2969 885 et
2999 834 3286 891 Nicanora
3319 847 3437 894 erat
3472 858 3731 913 procon—

2076 906 2221 961 sulis
2253 926 2418 965 uxor.
2450 914 2638 977 Quare
2673 933 2805 971 cum
2838 925 3396 997 proconsulisjussu
3431 931 3729 987 Bartholo-

2077 1012 2279 1067 maeus,
2316 1006 2373 1053 et
2412 1002 2720 1075 Philippus
2772 1012 3089 1065 excruciati
3138 1014 3410 1085 fuissent,
3446 1026 3504 1073 et
3535 1022 3722 1076 subli-

2074 1086 2270 1142 mibus
2293 1106 2321 1143 e
2348 1106 2514 1145 muro
2540 1093 2789 1163 pedibus
2813 1098 3160 1168 penderent,
3190 1113 3393 1160 orante
3426 1110 3723 1183 Philippo,

2074 1178 2384 1246 repentino
2421 1184 2588 1235 terra:
2622 1183 2785 1238 hiatu
2834 1204 3041 1243 omnes
3085 1192 3243 1246 athei
3276 1211 3394 1249 una
3424 1214 3556 1252 cum
3588 1218 3727 1270 pro-

2074 1266 2336 1335 consule,
2372 1270 2588 1340 vipera,
2624 1274 2871 1345 ejusque
2906 1279 3311 1336 sacerdotibus
3343 1285 3535 1341 hausti
3562 1295 3722 1345 sunt.

2074 1354 2294 1411 Deinde
2321 1358 2534 1413 Christi
2564 1361 2855 1418 beneﬁcio
2890 1382 3114 1435 omnes,
3149 1376 3366 1439 prmter
3394 1391 3725 1445 praeconsu-

2072 1444 2189 1498 lem
2222 1452 2279 1500 et
2318 1448 2597 1520 viperam,
2656 1452 2717 1506 in
2774 1460 3044 1524 apertum
3098 1476 3372 1518 evasere:
3412 1466 3722 1538 solutoque

2073 1533 2535 1593 Bartholomwro
2569 1546 2627 1595 et
2650 1541 2993 1615 Mariamna,
3019 1547 3327 1622 Philippus
3350 1552 3465 1607 vita
3483 1533 3723 1612 functus

2071 1626 2180 1679 est.

2631 1861 2871 1917 EODEM
2908 1865 3159 1923 MENSE.

2566 1967 2668 2021 Die
2716 1968 2948 2027 decima
2994 1974 3221 2044 quinta.

2068 2065 2222 2123 189
2256 2068 2910 2157 Certamennsanctorugn
2961 2084 3329 2157 confessorum
3383 2086 3585 2157 Guriae,
3612 2092 3719 2146 Sa-

2138 2155 2329 2264 τηῖῃω,
2364 2148 2417 2195 et
2446 2143 2637 2211 Abibi,
2699 2149 2797 2215 qui
2853 2151 2911 2203 in
2966 2143 3098 2208 urbe
3155 2154 3353 2210 Edessa
3391 2143 3719 2229 martyrium

2138 2225 2199 2264 su
2240 2228 2372 2264 iere.

2137 2225 2372 2268 sumere.

2138 2333 2237 2387 Isti
2290 2337 2655 2395 Diocletiano
2705 2341 3084 2416 imperatore,
3138 2356 3194 2404 et
3238 2353 3535 2408 Antonino
3570 2354 3719 2411 duce

2064 2422 2424 2481 claruerunt.
2462 2428 2646 2483 Delati
2678 2438 2898 2502 autem,
2934 2437 3090 2506 quod
3137 2439 3500 2497 Christianos
3531 2443 3590 2498 in
3618 2461 3717 2501 cu-

2066 2512 2259 2567 stodia
2288 2514 2550 2571 inclusos
2577 2528 2875 2591 curarent,
2898 2525 3124 2592 Gurias,
3149 2527 3416 2599 inquam,
3442 2536 3501 2585 et
3522 2531 3717 2587 Samo-

2063 2616 2191 2667 nas,
2225 2603 2323 2672 qui
2358 2620 2427 2658 ex
2457 2605 2665 2662 eadem
2697 2609 2845 2664 urbe
2878 2618 3067 2681 erant,
3099 2621 3157 2669 et
3188 2616 3248 2671 in
3279 2618 3485 2674 ordine
3518 2637 3712 2676 sacer-

2064 2689 2269 2746 dotum
2328 2696 2701 2766 censebatur,
2762 2717 2961 2756 coram
3020 2704 3167 2759 duce
3222 2707 3480 2775 adducti,
3514 2728 3713 2782 neque

2063 2778 2239 2834 idolis
2270 2784 2603 2839 sacriﬁcare
2634 2787 2921 2857 volentes,
2956 2791 3240 2849 sublimes
3274 2811 3342 2850 ex
3368 2797 3555 2853 altera
3580 2805 3713 2855 tan-

2062 2869 2188 2920 tum
2214 2884 2396 2924 manu
2426 2870 2586 2925 horis
2614 2874 2878 2946 quinque
2897 2879 3252 2949 pependere.
3278 2883 3499 2939 Deinde
3530 2886 3711 2959 depo-

2062 2953 2178 3017 siti,
2212 2970 2344 3009 cum
2393 2955 2455 3011 in
2504 2959 2878 3017 confessione
2926 2962 3335 3034 persisterent,
3369 2969 3585 3026 iterum
3618 2974 3708 3029 in-

2059 3058 2225 3097 verso
2256 3045 2445 3116 capite
2470 3051 2933 3120 suspenduntur.
2956 3055 3165 3111 Postea
3188 3058 3248 3112 in
3274 3060 3712 3119 tenebricosum

2059 3128 2254 3185 lacum
2288 3135 2561 3205 conjecti,
2597 3137 2790 3208 gladio
2822 3140 3062 3197 demum
3103 3146 3239 3199 caesi
3291 3154 3445 3202 sunt.
3477 3152 3553 3203 At
3581 3167 3713 3205 san-

313 3212 722 3304 ἆποτέμνονται.
783 3231 841 3284 Ὀ
890 3229 947 3285 δὲ
1005 3230 1154 3305 ’ἅγιος
1210 3225 1456 3300 Ἀϐιϐος,
1531 3227 1781 3293 διάκονος
1855 3225 1951 3300 ὤν,

2070 3225 2187 3275 :tus
2217 3222 2432 3277 Abibus
2464 3224 2769 3293 diaconus,
2808 3229 3026 3285 Licinio
3078 3233 3454 3304 imperatore,
3490 3245 3711 3308 marty-

1264 3313 1600 3387 διαϐληθεὶς,
1659 3317 1741 3373 ὅτι
1823 3318 1960 3374 κατά

1316 3408 1747 3483 ὑπαναγινώσκει
1838 3414 1959 3471 τοῖς

1316 3497 1675 3572 ἐπιστηρίξων
1742 3498 1955 3563 αὐτούς.

310 3318 677 3394 ἐμαρτύρησεν
732 3319 817 3375 ἐπὶ
878 3320 1177 3389 Λικιννίου,

310 3409 398 3470 τὰς
474 3432 670 3483 κωμας
753 3410 1179 3485 περιερχόμενος
1191 3453 1204 3477 ,

306 3497 554 3561 ἀπίστοις
619 3500 717 3562 τὰς
772 3500 919 3574 ἱερὰς
978 3494 1228 3574 βίϐλους,

304 3589 484 3658 Ὀθεν,
543 3588 831 3664 προστάξει
898 3592 995 3642 τοῦ
1080 3587 1403 3662 παρανόμου
1494 3588 1583 3642 καὶ
1668 3584 1959 3651 δυσσεϐοῦς

309 3677 600 3753 βασιλέως,
640 3679 717 3740 εἰς
775 3681 1002 3752 κάμινον
1062 3676 1356 3754 φρυγάνοις
1415 3675 1652 3738 πολλοῖς
1704 3678 1956 3754 ἀναφθεῖ-

310 3788 399 3822 σαν
428 3762 757 3841 ἐμϐληθεὶς,
792 3767 1001 3842 χαίρων
1033 3766 1347 3837 ἐτελειώθη.

895 3913 980 3985 Τῇ
1021 3909 1156 3984 αὖτῇ
1196 3909 1378 3986 ἡμέρᾳ

315 4018 586 4086 Ἀθλησις
643 4022 741 4072 τοῦ
799 4015 973 4093 ιξγίου
1013 4015 1298 4093 μάρτυρος,
1338 4017 1658 4093 Δημητρίου
1723 4022 1820 4075 τοῦ
1880 4018 1953 4083 sic

733 4085 1023 4158 Δαϐουδὴν
1054 4085 1517 4164 μαρτυρήσαντος.

370 4217 430 4273 Ὀ
492 4216 702 4289 μάρτυς
760 4217 1079 4291 Δημήτριος
1142 4217 1389 4290 ὑπῆρχεν
1444 4217 1529 4272 ἐπὶ
1609 4220 1952 4291 Μαξιμιανοῦ

301 4306 387 4358 καὶ
420 4306 727 4377 Μαξιμίνου
757 4311 865 4360 τῶν
922 4304 1209 4380 βασιλέων,
1269 4306 1375 4360 ἀπὸ
1432 4308 1644 4383 χωρίου
1699 4304 1949 4378 Δαϐουδὴ

301 4392 667 4467 καλουμένου.
702 4396 886 4456 ’Όστις
944 4390 1261 4464 διαϐληθεὶς
1320 4396 1421 4449 ὑπὸ
1477 4401 1584 4451 τῶν
1644 4395 1947 4453 εἷ’δωλολα-

301 4490 465 4560 τρῶν,
499 4486 575 4547 ὡς
628 4486 971 4560 Χριστιανὸς,
1031 4483 1302 4559 ἐκρατήθη
1366 4485 1468 4539 ὑπὸ
1526 4490 1623 4540 τοῦ
1676 4488 1953 4559 ἡγεμόνος

2062 3309 2217 3362 rium
2241 3311 2457 3366 subiit:
2482 3321 2791 3370 accusatus
2814 3319 2997 3385 enim,
3013 3321 3169 3389 quod
3191 3323 3348 3376 vicos
3366 3340 3708 3395 peragrans,

2062 3413 2365 3453 sacrarum
2396 3401 2727 3458 litterarum
2761 3405 3013 3461 lectione
3042 3409 3312 3464 inﬁdeles
3336 3413 3716 3469 conﬁrmaret

2063 3487 2332 3557 ejusdem
2383 3490 2547 3560 impii
2582 3498 2641 3545 et
2670 3494 2858 3564 iniqui
2905 3496 3277 3567 imperatoris
3321 3500 3496 3570 jussu
3528 3502 3588 3555 in
3622 3520 3713 3558 ca-

2062 3576 2293 3632 minum
2342 3579 2524 3635 aridis
2555 3581 2820 3653 virgultis
2852 3600 3170 3639 accensum
3230 3587 3504 3659 injectus,
3538 3592 3715 3648 vitam

2061 3665 2232 3722 laetus
2265 3668 2470 3723 ﬁnivit.

2698 3917 2919 3975 Eodem
2953 3920 3069 3976 die.

2060 4019 2211 4074 I90
2244 4021 2543 4105 Certamen.
2577 4026 2757 4078 sancti
2802 4030 3064 4105 martyris
3086 4102 3098 4105 Α
3122 4031 3402 4100 Demetrii,
3436 4037 3532 4103 qui
3562 4038 3713 4105 apud

2341 4094 2702 4149 Dabudenum
2752 4094 3021 4167 martyrio
3067 4102 3290 4167 functus
3332 4094 3425 4157 est.

2130 4218 2459 4274 Demetrius
2490 4227 2733 4293 martyr,
2769 4224 3121 4278 Maximiano
3156 4230 3213 4279 et
3252 4228 3565 4282 Maximino
3598 4230 3711 4284 im-

2056 4310 2448 4379 peratoribus,
2498 4328 2566 4366 ex
2616 4313 2761 4377 vico,
2809 4330 2986 4383 quem
3038 4314 3426 4369 Dabudenum
3478 4325 3709 4387 vocant,

2056 4402 2243 4451 ortum
2274 4397 2497 4451 habuit.
2532 4402 2857 4455 Accusatus
2886 4418 3021 4455 vero
3054 4402 3125 4456 ab
3159 4401 3513 4469 idololatris,
3548 4408 3707 4473 quod

2054 4484 2424 4539 Christianus
2456 4492 2630 4551 esset,
2664 4504 2698 4541 a
2729 4488 2934 4542 Publio
2966 4490 3239 4559 praefecto
3284 4491 3618 4563 corripitur,
3656 4502 3714 4550 et

305 4573 610 4631 Ιιουπλίου.
658 4575 755 4629 Καὶ
814 4572 1134 4649 ἐρωτηθεὶς,
1181 4574 1474 4648 ἀνεκήρυξε
1525 4575 1802 4651 παρρησίᾳ
1856 4580 1953 4648 τὴν

2070 4569 2393 4641 ιιυωδῐὶοῒιθ
2433 4573 2714 4643 adhibita,
2748 4592 2867 4631 non
2917 4578 3091 4631 modo
3144 4578 3321 4633 ﬁdem
3362 4580 3577 4636 Christi
3610 4584 3713 4638 Dei

328 4666 341 4687 ’
611 4668 625 4685 \
762 4668 776 4686 ‘
949 4666 962 4683 \
1144 4670 1168 4681 α’
1622 4670 1635 4689 \
1706 4669 1718 4689 ρ
1780 4670 1793 4687 \
1925 4674 1951 4685 ηρ

302 4687 371 4729 εις
433 4668 664 4741 Χριπον
723 4687 814 4721 τον
872 4673 1001 4722 Θεον
1052 4668 1213 4739 ἡμων
1270 4666 1476 4725 πίστιν,
1534 4672 1635 4723 Και
1700 4689 1803 4724 οπο
1858 4691 1955 4724 του

307 4758 463 4831 ἁγίου
492 4757 804 4831 Ηνεῦματος
835 4756 1288 4831 συνεργούμενος,
1339 4753 1585 4811 ἐδίδασκε
1639 4756 1765 4820 τοὺς
1814 4779 1954 4832 παρ-

305 4852 561 4913 εστῶτας,
622 4846 744 4919 περί
798 4866 855 4901 τε
917 4852 1021 4914 τῆς
1074 4843 1533 4921 ένανθρωπήσεως
1586 4851 1684 4901 τοῦ
1750 4847 1954 4921 Κυρίου

305 4937 467 5007 ἡμῶν
504 4938 686 5005 Ἰησοῦ
710 4938 967 5009 Χριστοῦ,
1018 4935 1105 4989 καὶ
1163 4942 1263 5004 τῆς
1323 4934 1561 5011 ἁρῥήτου
1613 4936 1952 5008 οἰκονομίας,

308 5026 525 5093 καὶτῆς
557 5024 695 5094 ὅλης
742 5021 1078 5099 ἂγαθὸτητος
1131 5023 1315 5094 αὐτοῦ,
1374 5025 1461 5079 καὶ
1520 5023 1951 5097 φιλανθρωπίας,

307 5115 418 5167 εἶτα
447 5115 517 5167 τὰ
545 5114 805 5185 περὶτῶν
861 5109 1108 5168 εἰδώλων
1170 5112 1423 5185 ὀπατηλὰ
1478 5108 1813 5188 σεϐάσματα,
1863 5115 1954 5170 καὶ

306 5202 383 5255 ὅτι
414 5204 577 5279 κωφά
606 5201 709 5256 εἷ’σι
739 5203 831 5257 καὶ
887 5202 1043 5271 αὐτὰ,
1090 5204 1269 5257 καὶνοὶ
1317 5198 1605 5275 σεϐόμενοι
1655 5203 1807 5261 αὐτά.
1860 5206 1954 5259 Διὸ

305 5292 376 5353 εἷς
412 5292 586 5366 ὀργὴν
617 5293 706 5346 καὶ
742 5294 911 5365 θυμὸν
954 5296 1179 5362 κινήσας
1224 5294 1313 5347 τὸν
1362 5293 1621 5367 ἡγεμόνα,
1670 5293 1809 5369 ξίφει
1851 5295 1951 5364 τήν

309 5380 549 5458 κεφαλὴν
578 5381 937 5454 ἀποτμηθεὶς,
979 5380 1295 5454 ἐτελειώθη,
1355 5378 1652 5437 ἀπολαϐὼν
1704 5382 1951 5459 οὐράνιον

312 5470 563 5545 στέφανον
598 5471 740 5544 παρὰ
765 5472 1029 5542 Χριστοῦ,
1079 5473 1137 5526 ὃν
1196 5474 1439 5542 ποθήσας
1495 5470 1857 5546 ἐμαρτύρησεν
1890 5475 1953 5528 τὸ

315 5555 369 5611 δὲ
394 5559 575 5630 τίμιον
612 5559 773 5613 αὐτοῦ
797 5559 1047 5633 λείψανον
1072 5561 1235 5638 ἐτάφη
1262 5561 1407 5635 παρᾶ
1431 5566 1660 5632 πιστῶν,
1680 5562 1769 5617 καὶ
1790 5561 1956 5618 εὐλα-

323 5640 430 5699 Εῶν
460 5644 690 5722 ἀνδρῶν,
723 5647 887 5724 βρύον
918 5647 1118 5723 ἴᾶματα
1136 5654 1252 5715 τοῖς
1289 5652 1756 5726 προσερχομένοις
1781 5652 1949 5726 αὐτῷ.

2063 4662 2252 4717 nostri
2283 4663 2469 4718 libere
2497 4666 2798 4722 confessus
2826 4674 2952 4734 est;
2986 4668 3089 4723 sed
3122 4670 3299 4726 etiam
3332 4671 3552 4744 Spiritu
3586 4692 3717 4731 san-

2064 4759 2156 4808 cto
2178 4761 2532 4825 cooperante
2554 4759 2706 4829 apud
2729 4760 3182 4817 circumstantes
3205 4764 3275 4819 de
3300 4765 3712 4823 incarnatione

2065 4846 2299 4900 Domini
2332 4849 2520 4903 nostri
2562 4851 2695 4905 Jesu
2740 4852 2979 4919 Christi,
3025 4853 3217 4925 deque
3268 4856 3555 4913 ineffabili
3586 4860 3713 4930 ejus

2063 4934 2528 5007 dispensatione,
2562 4955 2629 4993 ac
2658 4940 2920 4998 bonitate
2961 4948 3019 4998 et
3061 4944 3378 5001 clementia
3407 4947 3710 5016 disseruit,

2064 5024 3197 5096 adjiciensvanissimumesseidolorum
3220 5034 3711 5107 cultum,quando

2065 5120 2122 5169 et
2143 5115 2290 5187 ipsa,
2315 5122 2372 5171 et
2396 5118 2495 5187 qui
2530 5134 2596 5173 ea
2619 5119 2898 5188 colerent,
2921 5124 3059 5177 caeci
3085 5129 3301 5177 essent.
3322 5126 3511 5189 Quare
3536 5129 3712 5182 vehe«

2064 5204 2249 5257 menti
2280 5204 2586 5260 iracundio
2620 5217 2949 5264 commotus
2981 5211 3314 5280 praefectus,
3340 5213 3523 5284 jussit
3577 5232 3712 5270 eum

2062 5292 2256 5363 gladio
2289 5294 2629 5349 obtruncari
2658 5313 2671 5349 :
2722 5298 2822 5367 qui
2866 5300 3185 5368 expetitam
3218 5317 3253 5353 a
3281 5302 3512 5357 Christo
3546 5321 3716 5359 coro-

2064 5397 2200 5436 nam
2248 5383 2547 5439 caelestem
2597 5387 2841 5456 accepit.
2893 5388 3172 5442 Pretiosa)
3223 5391 3349 5459 ejus
3380 5391 3651 5463 reliquiaa
3683 5410 3717 5447 a

2065 5473 2339 5529 ﬁdelibus
2366 5477 2599 5547 piisque
2623 5478 2759 5531 viris
2789 5478 3056 5547 sepulcro
3085 5479 3356 5548 conditae,
3378 5485 3715 5539 curationes

2063 5563 2483 5620 accedentibus
2517 5567 2592 5620 ad
2622 5566 2757 5620 illas
2790 5566 3086 5622 emittunt.
