4030 6196
318 409 433 468 163
1633 410 1689 471 Μ
1701 410 1792 470 ΕΝ
1801 409 1909 471 OLl

2131 405 2311 468 >ARS
2355 405 2406 467 Ι.
3609 415 3722 476 16ι

953 546 1176 602 Eodem
1228 546 1322 602 die
1991 549 2043 616 Α

1991 549 2043 616 Α
2657 543 2733 615 Τῇ
2773 540 2910 615 αὖτῇ
2951 543 3133 616 ἡμέρᾳ

313 659 461 714 191
509 656 690 712 Caedes
745 656 922 711 sancti
976 657 1187 735 Jacobi,
1246 658 1444 735 fratris
1499 658 1681 712 sancti
1733 659 1904 712 Joann

2133 645 2341 723 [σφαγὴ
2389 649 2486 702 τοῦ
2535 645 2700 735 ,ἁγίου
2757 643 3072 735 Ἰακώϐρυκ
3103 647 3350 735 ,ἀδελφοῦ
3403 657 3500 709 τοῦ
3565 655 3724 733 ἁγίου

999 719 1274 797 Theologi.
2209 719 2220 723 ⁷
2285 719 2294 722 ⁷
2535 719 2590 776 Ἷ⁴

2209 719 2220 723 ⁷
2285 719 2294 722 ⁷
2535 719 2789 776 Ἰωάννου
2819 724 2916 775 τοῦ
2947 720 3243 798 Θεολόγου.

380 836 630 892 .lacobus
661 835 964 907 apostolus
1005 852 1073 891 ex
1123 833 1435 890 duodecim
1467 835 1752 906 apostolis
1782 852 1958 903 unus,

2143 818 2402 887 Ἰάκωϐος
2433 825 2460 880 ὁ
2492 825 2800 890 ἀπόστολος
2833 827 3051 905 ὑπῆρχε
3103 829 3199 903 μὲν
3252 830 3311 886 ἐκ
3355 835 3464 888 τῶν
3513 830 3728 891 δώδεκα

313 929 492 982 frater
521 927 632 981 fuit
681 925 870 980 sancti
899 925 1140 980 Joannis
1169 924 1471 996 Theologi,
1505 924 1664 980 filius
1693 924 1904 979 Zebedz

2132 912 2415 969 τοστόλωνθ
2448 915 2516 984 ἦν
2575 913 2633 970 δὲ
2679 913 2915 988 ἀδελφὸς
2961 922 3057 974 τοῦ
3107 919 3265 995 ἁγίου
3317 921 3570 978 Ἰωάννου
3628 925 3723 980 τοῦ

311 1033 379 1070 ex
413 1016 688 1071 Galilzea:
723 1031 870 1086 quos
903 1015 1105 1068 videns
1137 1014 1422 1068 Dominus
1453 1031 1574 1069 una
1615 1031 1749 1068 cum
1779 1014 1902 1069 Zebl

2128 1002 2518 1078 εολόγου,υἱὸς
2575 999 2864 1060 Ζεϐεδαίου
2919 1010 3017 1062 τοῦ
3075 1009 3180 1063 ἀπὸ
3236 1017 3336 1080 τῆς
3396 1011 3719 1077 Γαλιλαίας.

311 1106 435 1161 dsco
469 1122 673 1160 eorum
705 1110 869 1176 patre
915 1120 1084 1158 secus
1139 1109 1411 1176 stagnum
1462 1105 1781 1158 Genezaret
1809 1109 1898 1158 ret

2132 1090 2175 1153 ίς
2206 1093 2293 1146 καὶ
2329 1089 2461 1148 ἰδὼν
2495 1094 2523 1148 ὁ
2553 1094 2749 1170 Κύριος
2809 1096 2944 1169 μετὰ
2993 1092 3277 1153 Ζεϐεδαίου
3331 1104 3429 1155 τοῦ
3487 1101 3723 1178 πατέρος

305 1196 642 1250 reﬁcientes
673 1195 862 1257 (erant
893 1193 1049 1247 enim
1081 1193 1446 1264 piscatores),
1480 1193 1703 1248 vocavit
1731 1210 1869 1261 eos;

2131 1185 2270 1252 τῶν,
2329 1182 2475 1259 παρὰ
2526 1184 2624 1252 τήν
2685 1182 2892 1258 λίμνην
2952 1188 3305 1261 Γεννησαρὲτ,
3362 1191 3722 1266 καταρτίζον-

306 1284 500 1339 statim
535 1283 757 1339 relictis
789 1282 1086 1349 omnibus,
1117 1287 1173 1336 et
1197 1287 1384 1353 patre,
1409 1283 1594 1337 secuti
1629 1287 1766 1337 sunt
1795 1299 1897 1337 eun

2136 1291 2158 1332 ς
2194 1270 2261 1326 τὰ
2315 1267 2503 1326 δίκτυα
2556 1272 2755 1343 αὐτῶν,
2811 1273 2886 1336 ὡς
2941 1275 3135 1345 ἁλιεῖς,
3193 1274 3442 1332 ἐκάλεσεν
3501 1279 3725 1343 αὐτούς.

303 1375 552 1446 ejusque
586 1372 914 1443 disciplima
973 1388 1102 1426 sese
1164 1370 1479 1427 tradidere.
1531 1373 1670 1427 Post
1718 1372 1894 1426 Domi:

2134 1359 2171 1412 ιὶ
2231 1357 2426 1422 εὐθέως
2483 1361 2702 1438 ἀφέντες
2759 1363 2987 1434 ἅπαντα,
3045 1366 3136 1419 καὶ
3191 1365 3282 1421 τὸν
3359 1368 3564 1443 πατέρα
3619 1370 3725 1426 αὐ-

300 1471 500 1519 autem
569 1462 1003 1528 ascensionem,
1073 1465 1130 1514 et
1196 1461 1458 1532 Deiparse
1500 1461 1891 1516 dormitionen

2132 1471 2194 1517 ιν,
2241 1446 2625 1520 ἠκολούθησαν
2679 1450 2848 1524 αὐτῷ,
2895 1453 2984 1507 καὶ
3043 1454 3178 1522 ἦσαν
3225 1457 3351 1530 παρ’
3411 1456 3555 1531 αὐτῷ
3613 1480 3723 1532 μα·-

302 1555 557 1608 Joannes
587 1550 826 1622 quidem
850 1551 1142 1621 Ephesum
1169 1548 1333 1614 abiit,
1357 1550 1796 1621 praedicationis
1827 1569 1893 1606 m'

2127 1537 2438 1612 manciparat.
2467 1539 2618 1596 Μετὰ
2647 1537 2703 1595 δὲ
2740 1541 2838 1610 τήν
2895 1539 3166 1618 ἀνάληψιν
3212 1549 3310 1600 τοῦ
3351 1545 3574 1621 Κσρίου,
3623 1549 3718 1603 καὶ

304 1659 445 1696 nere
479 1641 558 1694 ibi
589 1640 842 1713 fungens
869 1657 881 1707 ;
913 1639 1161 1694 Iacobus
1193 1655 1326 1694 vero
1359 1639 1584 1694 relictis
1615 1639 1895 1712 Hierosol;

2128 1650 2164 1696 Ιν
2225 1628 2484 1702 κοίμησιν
2542 1636 2644 1699 τῆς
2676 1629 2962 1701 Θεοτόκου,
3025 1633 3053 1688 ὁ
3115 1633 3210 1706 μὶν
3273 1634 3530 1704 Ἰωάννης
3586 1658 3719 1693 κατ-

303 1733 436 1800 mis,
460 1729 772 1784 duodecim
803 1729 992 1783 tribus
1015 1727 1198 1783 Israel
1223 1744 1598 1800 percurrens,
1632 1729 1894 1785 Dominu:

2130 1711 2226 1772 αϐε
2253 1718 2353 1786 τὴν
2385 1719 2642 1792 Ἔφεσον,
2671 1715 2939 1775 διδάσκων
2973 1719 3024 1776 ἐν
3080 1723 3241 1798 αὐτῇο
3278 1725 3307 1779 ὁ
3340 1720 3398 1780 δὲ
3431 1721 3721 1796 Ἰάκωϐος,

303 1826 572 1876 nostrum
628 1821 828 1875 Jesum
885 1819 1183 1873 Christum
1258 1818 1477 1888 ubique
1535 1819 1894 1875 annuntiaba

2134 1803 2411 1882 ‘oleupﬁslc
2469 1806 2544 1868 εἰς
2601 1807 2668 1862 τά
2722 1808 3104 1883 Ἱεροσόλυμα,
3186 1811 3278 1866 καὶ
3330 1814 3425 1876 τὰς
3504 1811 3725 1872 δώδεκα

302 1911 696 1976 Quamobrem
726 1909 798 1964 ab
831 1907 1057 1962 Herode
1107 1908 1404 1963 tetrarcha
1435 1908 1495 1962 in
1527 1907 1812 1976 Caesarea,
1844 1911 1893 1964 P.

2124 1893 2236 1959 ιλὰς
2289 1899 2386 1950 τοῖ’)
2444 1895 2669 1972 Ἰσραὴλ
2730 1895 2981 1968 διελθὼν,
3071 1900 3566 1978 εὐαγγελιζόμενος
3618 1905 3715 1960 τὸν

299 2000 546 2054 1ωδῐὶιιεο
577 1999 741 2064 urbe,
769 1998 1260 2068 comprehensus,
1287 1997 1534 2067 ejusque
1557 1998 1732 2068 jussu
1757 1997 1888 2071 glad

2128 1983 2258 2056 ipiov
2318 1987 2481 2058 ἡμῶν
2569 1987 2778 2057 Ἰησοῦν
2863 1989 3119 2064 Χριστὸν,
3207 1989 3478 2067 ἐκρατήθη
3567 1993 3719 2067 παρὰ

303 2105 510 2152 cmsus,
563 2087 623 2140 in
673 2086 885 2141 cmlum
932 2085 1216 2140 avolavit:
1268 2085 1366 2140 ubi
1417 2103 1551 2141 cum
1583 2087 1810 2142 Christo
1843 2089 1894 2142 D<

2131 2071 2309 2148 ρώδου
2361 2078 2458 2130 τοῦ
2514 2077 2820 2151 τετράρχου
2879 2075 2930 2131 ὲν
2993 2079 3288 2154 Καισαρείᾳ
3344 2082 3446 2150 τῆς
3500 2079 3719 2136 Παλαι-

302 2177 463 2231 mino
493 2181 857 2248 praeceptore
889 2193 1017 2243 suo,
1050 2175 1288 2246 Deoque
1321 2182 1522 2231 nostro
1556 2176 1893 2232 clementiss

2131 2162 2265 2234 ίνης·
2296 2163 2386 2218 καὶ
2422 2164 2510 2219 ὑπ’
2554 2163 2719 2220 αὐτοῦ
2773 2164 2992 2242 σφαγεὶς
3045 2164 3097 2222 ἐν
3161 2167 3428 2245 μαχαίρᾳ,
3487 2167 3721 2247 άνὲδρα-

301 2283 396 2321 mo
430 2272 652 2338 regnat.
2065 2274 2132 2325 με
2185 2254 2324 2328 πρὸς
2378 2253 2629 2330 οὐρανὸν,
2716 2249 3167 2328 συμϐασιλεύσων
3221 2263 3303 2332 τῷ
3359 2258 3564 2333 Κυρίῳ,
3624 2261 3722 2316 καὶ

2062 2338 2376 2416 διδασκάλῳ
2407 2348 2651 2419 Χριστῷ,
2673 2347 2754 2416 τῷ
2794 2343 3170 2422 φιλανθρώπῳ
3198 2351 3314 2421 Θεῷ
3343 2350 3528 2424 ἡμῶν.

868 2465 1107 2522 EODEM
1149 2467 1398 2522 MENSE.

2609 2453 2786 2508 MDNI
2825 2455 2911 2532 Ta
2949 2457 3145 2532 Arro.

835 2572 938 2628 Die
971 2571 1204 2629 decima
1226 2577 1408 2629 sexta.
2853 2567 2920 2632 ¹ζ’

300 2681 450 2736 102
504 2679 961 2735 Commemoratio
1015 2683 1191 2736 sancti
1246 2682 1482 2752 apostoli
1525 2687 1574 2737 et
1604 2681 1891 2752 evangelist

2125 2668 2262 2741 ρήμη
2340 2670 2436 2721 τοῦ
2522 2665 2676 2742 ἁγίου
2753 2667 3064 2724 ἀποστόλου
3145 2669 3238 2725 καὶ
3323 2669 3716 2746 εὐαγγελιστοῦ

979 2752 1252 2809 Matthaai.
1763 2775 1770 2783 ·

1763 2775 1770 2783 ·
2727 2757 3025 2815 Ματθαίου.

369 2876 672 2931 Matthaaus
701 2877 1000 2948 apostolus
1061 2893 1131 2932 ex
1191 2875 1503 2932 duodecim
1537 2876 1942 2948 apostolorum

2124 2881 2394 2943 Ματθαῖος
2425 2880 2452 2935 ὁ
2485 2878 2792 2943 ἀπόστολος
2825 2881 3045 2957 ὑπῆρχε
3095 2883 3190 2956 μὲν
3236 2884 3328 2939 καὶ
3386 2883 3546 2946 αὐτὸς
3591 2890 3706 2942 τῶν

295 2983 542 3020 numero
576 2965 706 3032 fuit,
740 2965 1133 3036 publicamus,
1167 2981 1234 3020 ac
1278 2965 1462 3020 frater
1497 2965 1695 3021 Jacobi
1727 2983 1886 3036 coam

2115 2968 2263 3025 535m
2319 2969 2641 3025 ἀποστόλων
2701 2971 2796 3034 εἷς·
2839 2972 2906 3042 ἦν
2971 2969 3028 3027 δὲ
3110 2971 3379 3045 τελώνης,
3463 2972 3706 3050 ἀδελφὸς

293 3063 492 3110 mento
525 3057 771 3128 Alphaai.
806 3058 952 3111 Eum
984 3055 1270 3110 Dominus
1300 3056 1372 3110 ad
1407 3056 1696 3111 telonium
1727 3057 1884 3112 sede:

2110 3055 2314 3114 ικώϐου
2353 3063 2450 3114 τοῦ
2509 3057 2911 3135 ἐπιλεγομένου
2969 3059 3260 3138 Ἀλφαίου·
3321 3063 3701 3136 Καθεζόμενον

295 3151 412 3200 tem
471 3147 866 3217 conspicatus,
924 3145 1166 3212 vocavit,
1221 3150 1286 3200 ut
1343 3162 1405 3201 se
1461 3151 1886 3216 sequereturzz

2133 3147 2290 3204 αὐτὸν
2324 3148 2411 3203 ἐπὶ
2440 3147 2504 3203 τὸ
2551 3147 2814 3204 τελώνιον
2870 3147 3002 3205 ἰδὼν
3061 3151 3088 3205 ὁ
3151 3150 3344 3222 Κύριος
3403 3150 3702 3228 διερχόμε-

292 3235 491 3290 statim
524 3240 896 3306 sequentem,
957 3234 1018 3288 in
1077 3250 1321 3289 suorum
1365 3234 1793 3307 discipulorum
1825 3253 1883 3291 ni

2115 3259 2158 3307 ς,
2200 3233 2451 3292 ἐκάλεσεν
2511 3235 2687 3301 ἐλθεῖν
2746 3235 2920 3292 ὂπίσω
2979 3239 3166 3294 αὐτοῦ·
3227 3239 3317 3296 καὶ
3376 3240 3701 3312 ἀναστάντα,

289 3343 452 3382 mero
503 3325 794 3396 ascripsit.
847 3325 1057 3380 Octavo
1104 3329 1240 3396 post
1283 3325 1495 3380 Christi
1526 3327 1874 3382 ascensione

2101 3327 2139 3382 ιὶ
2220 3326 2689 3398 ἀκολουθήσαντα,
2765 3327 2989 3402 ἐποίησε
3042 3331 3132 3385 καὶ
3190 3329 3350 3388 αὐτὸν
3412 3335 3692 3406 μαθητήν.

287 3435 443 3473 anno
476 3417 679 3472 afﬂatu
711 3417 899 3472 sancti
951 3416 1222 3489 Spiritus,
1257 3423 1528 3472 sanctum
1560 3418 1875 3491 Evangelia

2117 3437 2230 3481 στις
2288 3418 2424 3490 μετὰ
2476 3418 2577 3487 τήν
2635 3422 2730 3472 τοῦ
2791 3418 2993 3494 Κυρίου
3051 3418 3348 3495 ἀνάληψιν,
3404 3421 3493 3476 καὶ
3566 3423 3708 3494 μετᾶ

290 3509 417 3579 ejus
447 3508 688 3562 nomine
739 3511 1136 3578 praenotatum
1193 3506 1566 3579 conscripsit,
1600 3511 1881 3580 sanctmqi

2112 3510 2181 3560 ὧν
2237 3505 2381 3562 ὀκτὼ
2430 3503 2780 3582 παρὲλευσιν,
2829 3507 3203 3585 συνεγράψατο
3251 3509 3314 3566 τὸ
3354 3511 3471 3565 κατ’
3518 3509 3703 3581 αὐτὸν,

291 3596 835 3668 Hierosolymorum
857 3595 1134 3650 Ecclesia)
1183 3594 1445 3650 tradidit.
1480 3595 1702 3650 Deinde
1734 3596 1882 3650 mult

2110 3595 2301 3670 τιπνοίᾳ
2326 3599 2422 3652 τοῦ
2463 3598 2624 3671 ἁγίου
2656 3596 2993 3670 Πνεῦματος,
3051 3601 3202 3674 ἅγιον
3254 3598 3595 3676 Εὖαγγέλιον
3626 3604 3701 3675 τῇ

289 3685 556 3754 gentium
585 3683 901 3754 provinciis
925 3684 1272 3754 peragratis,
1295 3683 1537 3738 verbum
1568 3684 1783 3739 Christi
1815 3684 1872 3739 di

2113 3679 2290 3758 ϐραίδι
2377 3683 2664 3759 διαλέκτῳο
2745 3686 2835 3741 καὶ
2915 3685 3224 3762 παρέδωκεν
3280 3690 3412 3744 αὖτό
3491 3692 3559 3763 τῇ
3645 3687 3704 3746 ἐν

289 3773 613 3840 seminans,
663 3771 735 3825 ad
793 3771 1309 3843 anthropophagos
1365 3788 1555 3842 usque
1587 3775 1880 3844 penetravi

2114 3773 2448 3850 ροσολόμοις
2507 3774 2631 3852 ἁγίᾳ
2685 3774 3007 3848 Ἐκκλησίᾳ.
3096 3777 3226 3834 Εἶτα
3311 3777 3552 3848 ἀπῆλθεν
3622 3777 3705 3840 εἷς

286 3859 442 3931 apud
457 3876 604 3930 quos
617 3859 805 3914 multa
825 3865 1118 3914 tormenta
1135 3859 1718 3930 perpessus,tandem
1735 3878 1871 3916 crea

2097 3860 2258 3926 ολλὰς
2290 3862 2455 3928 ἐθνῶν
2485 3864 2696 3941 χώρας,
2733 3861 3000 3919 διδάσκων
3048 3866 3144 3920 τὸν
3195 3863 3360 3942 λόγον
3412 3871 3510 3921 τοῦ
3551 3868 3688 3942 Χρι-

281 3950 406 4004 illic
438 3947 762 4018 relictoque
810 3948 1088 4018 epiSCOpo
1135 3947 1400 4012 Platone,
1433 3948 1794 4019 Hierapolim
1826 3950 1872 4021 S;

2098 3955 2192 4009 τοῦ.
2252 3955 2372 4010 Ἔτι
2433 3950 2490 4008 δὲ
2547 3952 2638 4008 καὶ
2699 3953 2774 4016 είς
2833 3953 2964 4016 τοὺς
3021 3955 3523 4030 ἀνθρωποκτόνους,
3592 3955 3689 4018 οὖς

281 4039 384 4094 riae
410 4038 741 4093 concessit:
769 4037 870 4092 ubi
890 4035 1163 4107 plurimis
1185 4036 1521 4091 Christiana
1544 4036 1658 4091 ﬁde
1689 4037 1872 4093 imbui

2105 4063 2176 4104 νες
2208 4039 2458 4115 λέγουσιν
2495 4042 2977 4120 ἀνθρωποφάγους·
3041 4043 3093 4099 ἐν
3153 4047 3235 4106 οἷς
3278 4043 3466 4101 πολλὰ
3525 4045 3696 4122 βασα-

281 4136 456 4200 atque
488 4128 815 4199 baptizatis,
847 4126 1076 4182 vivendi
1113 4127 1293 4181 ﬁnem
1322 4125 1482 4181 fecit.

2100 4130 2264 4198 σθεὶς,
2295 4132 2385 4186 καὶ
2419 4130 2712 4186 ἐπισκοπον
2763 4134 3000 4203 ποιήσας
3055 4131 3320 4190 Πλάτωνα
3367 4131 3691 4209 λεγόμενον,

281 4219 368 4273 καὶ
411 4215 726 4274 καταλιπὼν
759 4216 950 4284 ἐκεῖσε,
998 4215 1239 4280 ἁπῖλθεν
1272 4213 1350 4280 εἰς
1391 4211 1698 4289 Ἰεράπολιν
1747 4222 1847 4286 τῆς
1895 4219 2116 4294 Συρίας·
2165 4221 2321 4276 κάκεὶ
2371 4217 2586 4293 διδάξας
2631 4219 2878 4286 πολλοὺς
2933 4223 3024 4280 τὸν
3080 4223 3244 4299 λόγον
3302 4228 3400 4281 τοῦ
3457 4225 3698 4300 Χριστοῦ

277 4309 366 4364 καὶ
401 4309 686 4383 βαπτίσας,
718 4304 1043 4362 τελειοῦται.

912 4433 1132 4489 Eodem
1171 4431 1287 4488 die.

2627 4437 2704 4508 Τῇ
2744 4434 2885 4509 αὖτῇ
2925 4433 3108 4511 ἡμέρᾳ

459 4544 606 4598 I98
639 4542 922 4598 Certamen
951 4543 1128 4597 sancti
1164 4541 1426 4612 martyris
1472 4540 1750 4596 Barlaam.

2268 4538 2537 4610 ’Λθλησις
2565 4543 2662 4596 τοῦ
2692 4539 2849 4617 ἀγίου
2881 4542 3156 4617 μάρτυρος
3185 4540 3469 4618 Βαρλαάμ.

349 4649 619 4704 Barlaam
671 4655 896 4720 martyr
925 4648 1253 4704 Antiochia
1282 4649 1464 4720 Syrias
1512 4653 1708 4716 natus,
1755 4651 1927 4703 astate

2106 4641 2374 4718 Βαρλαὰμ
2411 4645 2440 4698 ὁ
2490 4643 2694 4717 μάρτυς
2757 4645 3003 4721 ὑπῆοχεν
3054 4646 3159 4700 ἀπὸ
3211 4646 3552 4723 Ἀντιοχείας
3591 4653 3697 4717 τῆς

277 4755 478 4807 senex,
511 4737 584 4792 ob
616 4737 832 4792 Christi
877 4737 1310 4792 confessionem
1343 4737 1416 4792 ad
1447 4737 1791 4808 praefectum
1823 4754 1868 4792 a1

2107 4732 2259 4808 >plac°
2289 4733 2462 4808 γέρων
2497 4731 2554 4788 δὲ
2583 4735 2680 4802 τὴν
2712 4731 2936 4804 ἠλικίαν
2988 4735 3276 4811 ὑπάρχων,
3331 4733 3422 4790 διὰ
3467 4735 3566 4805 τήν
3617 4734 3698 4799 εἷς

277 4829 509 4895 ductus,
539 4843 674 4882 cum
722 4827 898 4882 idolis
947 4827 1281 4881 sacriﬁcare
1321 4826 1696 4894 detrectaret,
1730 4843 1868 4881 nerv

2097 4824 2262 4880 ποτὸν
2298 4823 2602 4900 ὁμολογίαν
2651 4827 2946 4901 προσήχθη
2999 4830 3080 4898 τῷ
3132 4826 3384 4902 ἄρχοντι.
3443 4825 3548 4882 Καὶ
3609 4827 3688 4900 μὴ

273 4917 514 4974 bubulis
544 4915 886 4989 gravissime
908 4914 1172 4979 caaditur,
1198 4913 1410 4970 deinde
1439 4915 1735 4987 unguibus
1765 4933 1864 4971 evu

2101 4915 2273 4978 ισθεῖς
2328 4915 2480 4970 θῦσαι
2535 4919 2654 4976 τοῖς
2713 4912 2992 4988 εῗδώλοις,
3049 4915 3306 4972 τύπτεται
3369 4915 3503 4989 μετὰ
3563 4916 3692 4990 βου-

277 5011 604 5080 sis,iterum
626 5007 899 5064 admotus
921 5006 1114 5071 altari,
1133 5005 1424 5076 explicata
1444 5021 1550 5077 per
1579 5007 1694 5060 vim
1721 5023 1868 5062 man'

2104 4999 2256 5077 ὅρων,
2288 5001 2536 5064 καὶτοὺς
2586 4999 2790 5076 ὃνυχας
2840 5001 3167 5078 ἐκριζοῦται.
3216 5004 3345 5062 Εἶτα
3381 5007 3463 5077 τῷ
3515 5004 3695 5078 βωμῷ

276 5100 476 5174 ignem
506 5097 686 5153 simul
715 5114 850 5152 cum
901 5097 1073 5152 thure
1123 5095 1394 5167 excipere
1440 5095 1782 5166 compulsus
1813 5112 1867 5151 es

2100 5091 2392 5167 »οσαχθεὶς,
2427 5091 2617 5167 βιαίως
2647 5090 2886 5161 ἡπλώθη
2927 5093 3025 5161 τὴν
3075 5097 3258 5169 χεῖρα,
3303 5092 3394 5149 καὶ
3447 5097 3555 5168 πῦρ
3604 5091 3691 5148 ἐπ’

275 5187 664 5246 Existimabat
721 5186 880 5242 enim
939 5185 1274 5257 praefectus,
1333 5199 1470 5238 eum
1532 5184 1796 5239 excussis
1851 5200 1866 5240 ε

2098 5183 2170 5254 τῇ
2200 5179 2290 5234 καὶ
2342 5174 2647 5236 λιϐανωτὸν
2703 5179 2942 5254 δέχεται.
3012 5181 3268 5255 Ἐνόμισε
3311 5181 3413 5258 γὰρ
3445 5183 3473 5237 ὁ
3499 5181 3689 5256 ἃρχων

281 5294 442 5334 aram
465 5292 584 5332 una
605 5291 740 5331 cum
763 5276 934 5330 thure
953 5272 1330 5338 carbonibus,
1350 5271 1542 5326 visum
1566 5271 1638 5326 iri
1659 5272 1872 5328 victima

2102 5269 2354 5335 ιτίτοὺς
2385 5273 2650 5347 ἄνθρακας
2702 5270 2836 5345 μετὰ
2889 5275 2988 5326 τοῦ
3033 5267 3344 5330 λιϐανωτοῦ
3397 5276 3476 5344 τῷ
3525 5272 3692 5349 βαμῷ

277 5367 391 5424 diis
421 5365 806 5422 obtulisse.At
827 5363 926 5419 ille
950 5369 1228 5420 constans
1251 5367 1309 5418 et
1329 5360 1718 5416 immutabilis
1741 5363 1868 5418 steti

2098 5361 2332 5438 ἰῥρίψει,
2367 5359 2508 5435 δόξει
2565 5361 2747 5426 θυσίαν
2806 5368 3166 5438 προσαγαγεῖν
3224 5369 3342 5427 τοῖς
3400 5365 3564 5425 θεοῖς.
3599 5363 3689 5422 ,Ὀ

280 5459 483 5530 quovis
513 5472 629 5512 aere
659 5455 932 5526 ferroque
951 5454 1250 5510 duriorem
1273 5451 1541 5523 dextram
1562 5455 1792 5521 tenens,
1818 5452 1871 5508 d1

2130 5447 2416 5516 άνὲνδοτος
2441 5449 2636 5507 ’ίστατο
2666 5452 2757 5508 καὶ
2789 5450 3074 5528 ἄτρεπτος,
3130 5453 3493 5528 εὐτονωτέρας
3543 5452 3693 5524 αὗτῷ

278 5568 389 5607 nec
419 5551 686 5623 subjecta
714 5565 848 5604 caro
870 5547 990 5621 igni
1013 5547 1325 5618 absumpta
1350 5545 1413 5600 in
1435 5550 1653 5600 terram
1683 5544 1869 5602 decidi

2099 5542 2268 5614 ιλκοῦ,
2299 5542 2389 5598 καὶ
2442 5539 2672 5618 σιδήρου
2725 5542 2986 5621 φανείσης
3038 5547 3141 5610 τῆς
3193 5541 3388 5616 δεξιᾶς’
3436 5539 3540 5605 ἕως
3587 5543 3690 5610 τήν

275 5640 572 5714 perforata
602 5641 730 5714 ejus
762 5654 941 5695 manu
967 5655 982 5705 ;
1015 5653 1149 5693 cum
1180 5635 1420 5692 interim
1460 5635 1586 5707 ipse
1620 5652 1822 5693 averso
1850 5654 1866 5694 ε

2097 5629 2396 5709 ιοκειμὲνην
2421 5633 2592 5709 σάρκα
2619 5634 2680 5690 τὸ
2737 5638 2843 5710 πῦρ
2905 5631 3242 5704 δαπανῆσαν,
3300 5632 3379 5696 εἲς
3424 5633 3523 5701 τὴν
3581 5638 3688 5708 γῆν

276 5747 379 5788 ara
408 5732 572 5790 vultu
604 5745 836 5804 semper
857 5733 1034 5802 esset,
1054 5731 1113 5783 et
1131 5742 1375 5784 manum
1396 5725 1664 5783 comburi
1693 5726 1867 5784 malle

2096 5722 2260 5795 ἔπεσε,
2355 5721 2813 5799 διατρυπηθείσης
2898 5723 3061 5780 αὐτοῦ
3141 5729 3243 5794 τῆς
3312 5721 3519 5799 χειρός.
3581 5721 3687 5779 Καὶ
