4030 6196
393 349 508 409 167

380 929 875 992 Christianorum,
903 941 1080 995 quem
1112 923 1200 978 vel
1233 923 1492 977 infantes
1519 927 1864 994 agnoscunt.
1893 924 2028 976 Pro-

375 1018 584 1072 ductus
617 1017 813 1085 itaque
849 1013 1034 1068 sancti
1058 1013 1234 1083 jussu
1266 1011 1339 1066 ad
1371 1011 1844 1083 redarguendum
1877 1028 2031 1082 prae-

369 1085 588 1161 fectum
613 1105 830 1170 infans,
851 1109 908 1157 et
931 1103 1327 1173 interrogatus
1348 1117 1382 1154 a
1403 1099 2029 1172 praefecto,quemnam

373 1201 558 1251 Deum
591 1195 851 1249 coleret:
903 1194 1070 1258 Eum,
1122 1190 1337 1260 inquit,
1375 1205 1551 1260 quem
1583 1189 1900 1244 Christiani
1932 1206 2027 1245 co-

372 1284 505 1339 lunt
525 1289 582 1338 et
603 1283 888 1346 adorant;
917 1296 1096 1350 seque
1122 1279 1202 1334 ita
1223 1296 1256 1334 a
1279 1285 1466 1334 matre
1491 1278 1785 1334 edoctum.
1811 1279 2029 1334 Verbe-

369 1373 535 1428 ribus
566 1373 744 1445 igitur
773 1371 951 1442 igitur
977 1375 1255 1440 exceptus
1277 1367 1472 1423 infans
1497 1375 1788 1439 praesente
1815 1374 2024 1437 matre,

371 1479 588 1534 aquam
613 1461 900 1533 poposcit.
936 1475 1053 1530 qua
1099 1459 1260 1512 sitim
1308 1457 1628 1528 depellere.
1662 1457 1765 1511 Cui
1796 1464 2022 1513 mater:

368 1555 447 1607 Ne
478 1551 669 1618 bibas,
703 1552 804 1618 ait,
867 1549 974 1618 fili,
1029 1565 1094 1602 ex
1147 1549 1256 1602 hac
1313 1564 1486 1618 aqua,
1532 1547 1635 1601 sed
1666 1547 1834 1612 vade,
1867 1553 1925 1602 et
1955 1563 2024 1602 ex

367 1658 523 1713 aqua
553 1643 782 1696 vivente
835 1639 994 1695 bibe.
1035 1640 1105 1694 Et
1134 1638 1292 1693 hunc
1322 1638 1384 1692 in
1414 1637 1659 1692 modum
1691 1635 2021 1693 decollatus

367 1737 476 1789 est.
512 1735 812 1787 Romanus
845 1746 979 1784 vero
1038 1733 1172 1800 post
1225 1729 1481 1783 excisam
1521 1727 1783 1800 linguam
1814 1744 2020 1782 rursus

1707 339 2149 402 MENOLOGII
2191 339 2400 404 PARS
2441 341 2494 404 l.

383 491 558 540 natus
593 490 681 538 est
709 483 1014 538 hominem
1041 479 1112 534 ab
1146 477 1486 550 hujusmodi
1531 477 1835 548 proposito
1867 491 1988 532 aven

2099 473 2422 552 ιζηλώσεις,
2483 475 2742 552 ἐπειράθη
2821 475 3065 534 κωλῦσαι
3141 479 3322 554 αὐτὸν,

387 580 532 641 tere,
593 589 865 628 asserens
921 568 1081 623 idola
1139 582 1514 637 nequaquam
1553 566 1695 621 deos
1750 583 1900 632 esse,
1934 565 2036 621 sed

386 680 573 719 unum
619 679 746 717 esse
778 659 1246 714 Christianorum
1307 657 1513 710 Deum.
1549 656 1740 720 Quare
1771 654 2036 726 colaphis

386 751 661 818 cmsus,in
721 747 1040 818 equuleum
1109 745 1336 816 rapitur
1392 751 1451 799 et
1507 744 1880 816 depectitur:
1934 745 2034 815 qui

385 843 522 896 dum
547 834 1227 909 torqueretur,pergebat
1248 833 1466 902 dicere,
1485 850 1670 888 unum
1695 850 1822 888 esse
1850 835 2032 888 Deum

3684 352 3799 412 188

3411 480 3602 553 εἰπὼν,
3685 485 3794 556 ὅτι,

2147 563 2262 620 Ούκ
2319 563 2421 619 εἶσὶ
2477 565 2544 620 τά
2597 563 2804 622 εἴδωλα
2879 569 3013 637 θεοὶ,
3087 567 3216 624 ἀλλ’
3273 573 3348 632 εἴς
3409 571 3538 632 Θεὸς
3606 573 3634 628 ὁ
3687 578 3793 630 τῶν

2144 655 2503 729 Χριστιανῶν.
2559 655 2717 712 ’Ὀθεν
2792 653 3048 710 τύπτεται
3111 656 3186 719 είς
3271 658 3333 712 τὸ
3411 660 3607 732 στόμα.
3691 661 3790 717 Καὶ

2142 743 2464 817 κρεμασθεὶς
2521 743 2710 814 ξέεται.
2770 741 3043 818 Ξεόμενος
3127 743 3184 802 δὲ
3267 741 3470 823 ἔλεγεν,
3529 748 3633 819 ὅτι,
3691 755 3792 816 Εἷς

2143 831 2465 896 Θεὸςὸτῶν
2515 834 2873 906 Χριστιανῶν,
2932 834 2990 890 δν
3049 836 3138 891 καὶ
3197 837 3263 891 τά
3308 839 3481 908 νήπια
3541 838 3790 895 ἐπίσταν-

2139 941 2245 975 ται.
2280 921 2517 996 Ἠνὲχθη
2581 919 2639 977 δὲ
2693 923 2782 978 καὶ
2835 922 3053 980 παιδίον
3113 926 3400 1000 προστάξει
3453 931 3549 982 τοῦ
3604 929 3788 1004 άγίου,

2139 1008 2215 1071 είς
2281 1009 2512 1086 ἔλεγχον
2567 1015 2664 1066 τοῦ
2724 1011 2988 1088 ἐπάρχου.
3048 1014 3151 1071 Καὶ
3219 1012 3316 1092 ἔφη
3378 1017 3514 1090 πρὸς
3567 1017 3693 1072 αὐτὸ
3753 1021 3784 1074 ὁ

2138 1095 2400 1174 ἔπαρχος·
2437 1105 2602 1156 Ποῖον
2632 1101 2758 1156 Θεὸν
2793 1097 2969 1164 σέϐεις
2989 1121 3004 1171 ;
3026 1103 3088 1157 τὸ
3122 1100 3178 1158 δὲ
3208 1106 3376 1158 εἶπεν·
3401 1107 3466 1160 Ὠ
3490 1103 3787 1161 δουλεύουι

2137 1210 2216 1243 σιν
2268 1190 2320 1244 οἱ
2377 1191 2714 1266 Χριστιανοὶ,
2773 1190 2863 1246 καὶ
2911 1191 3244 1248 πιστεύουσι·
3307 1195 3392 1249 καὶ
3450 1200 3612 1250 τοῦτο
3671 1194 3786 1252 ἐδι-

2137 1275 2346 1350 δάχθην
2379 1279 2609 1348 ὑπὸτῆς
2660 1277 2894 1355 μητέρος
2957 1302 3082 1354 μου.
3143 1283 3277 1338 Εἶτα
3331 1284 3663 1357 τυπτόμενον
3717 1291 3784 1342 τὸ

2133 1364 2372 1436 παιδίον,
2439 1374 2541 1437 τῆς
2601 1369 2838 1443 μητέρος
2923 1373 3298 1447 παρεστώσης,
3378 1370 3614 1448 ἐδίψησε,
3691 1375 3783 1430 καὶ

2131 1455 2363 1528 ἐζήτησε
2386 1457 2449 1512 τὸ
2480 1455 2646 1531 ὕδωρ.
2681 1459 2744 1516 Ἡ
2801 1456 2858 1514 δὲ
2918 1461 3102 1534 μήτηρ
3153 1464 3291 1517 εἷπε·
3330 1464 3424 1532 Μή
3485 1464 3636 1540 πίῃς,
3688 1464 3784 1520 τι-

2129 1565 2280 1614 κνον,
2310 1545 2370 1601 ἐκ
2396 1550 2494 1602 τοῦ
2527 1545 2721 1610 ὕδατος
2760 1547 2976 1603 τούτου·
3011 1547 3140 1604 ἀλλ’
3171 1547 3395 1622 ἄπελθε,
3429 1552 3519 1608 πίε
3571 1555 3630 1609 ἐκ
3677 1560 3781 1610 τοῦ

2131 1639 2334 1704 ζῶντος
2375 1633 2587 1700 ὕδατος·
2617 1636 2705 1692 καὶ
2739 1635 2912 1700 οὕτως
2946 1637 3377 1713 ἀπεκεφαλίσθη.
3410 1643 3470 1700 Ὁ
3503 1639 3560 1697 δὲ
3591 1644 3776 1718 ἅγιος,

2126 1722 2417 1798 ἐκτμηθείς
2443 1727 2542 1794 τὴν
2573 1725 2846 1801 γλῶσσαν,
2877 1728 2965 1782 καὶ
3008 1727 3172 1784 πάλιν
3235 1727 3444 1799 λαλῶν,
3499 1727 3772 1807 ἐνεϐλήθη

366 1821 638 1892 expedite
669 1821 944 1890 loquens,
977 1820 1040 1873 in
1071 1833 1370 1873 carcerem
1410 1816 1766 1885 detruditur,
1815 1815 1988 1888 ibiqut

2127 1813 2205 1877 είς
2245 1815 2515 1893 φυλακὴν,
2559 1815 2649 1870 καὶ
2701 1819 2769 1890 τῇ
2828 1819 3114 1891 προστάξει
3165 1823 3263 1874 τοῦ
3316 1819 3658 1894 Μαξιμιανοΰ
3716 1823 3774 1879 ἐν

2134 1903 2258 1926 ,.’,“’
2333 1904 2500 1926 Iwri,
2580 1905 2613 1926 Α
2792 1905 2806 1922 \
2985 1911 3011 1922 υ
3325 1909 3336 1926 Ι
3581 1910 3593 1926 1

362 1909 698 1963 Maximiani
750 1908 926 1979 jussu
1007 1907 1350 1974 suffocatus,
1405 1905 1674 1978 martyrii
1733 1921 2013 1961 coronam

358 1997 608 2068 adeptus
637 2001 741 2052 est.

915 2120 1156 2175 EODEM
1195 2120 1338 2174 ΜΕΝ
1345 2119 1446 2174 SE.

887 2229 990 2284 Die
1031 2227 1258 2283 decima
1291 2243 1468 2282 nona.

418 2338 566 2393 197
605 2338 892 2392 Certamen
920 2335 1096 2391 sancti
1140 2337 1404 2406 martyris
1435 2336 1565 2390 Azae
1597 2335 2000 2405 thaumaturgi.

420 2556 536 2610 Iste
559 2560 754 2612 ortum
776 2555 941 2610 duxit
964 2571 1034 2610 ex
1053 2556 1393 2610 Isaurorum
1415 2551 1792 2626 regione,sub
1815 2552 1997 2624 impio

341 2645 563 2700 Licinio
595 2646 880 2702 militans.
906 2645 1132 2701 Relicta
1152 2651 1351 2700 autem
1382 2643 1617 2709 militia,
1643 2644 1702 2697 in
1729 2659 1994 2697 eremum

340 2735 660 2805 profectus,
693 2735 1082 2791 monasticam
1108 2735 1285 2789 vitam
1319 2733 1599 2804 suscepit,
1624 2731 1992 2788 orationibus

339 2840 407 2880 ac
440 2825 651 2892 vigiliis
684 2841 812 2879 sese
844 2840 1147 2880 exercens.
1183 2823 1330 2878 Hinc
1362 2821 1566 2876 multis
1595 2821 1902 2876 miraculis
1935 2827 1993 2876 et

333 2914 743 2970 curationibus
766 2913 1015 2984 insignis
1037 2913 1166 2966 fuit.
1187 2913 1400 2967 Verum
1423 2910 1804 2965 venatoribus
1825 2927 1993 2965 mon-

333 3010 452 3060 tem
487 3003 764 3076 indagine
796 3001 1190 3058 lustrantibus
1239 3001 1534 3066 inventus,
1567 2999 1642 3056 ad
1673 2999 1988 3055 Diocletia-

331 3109 474 3146 num
507 3092 786 3147 defertur.
841 3091 995 3145 Misit
1041 3090 1240 3160 itaque
1294 3088 1694 3143 Diocletianus
1745 3087 1984 3153 milites,

2127 1903 2262 1978 αὐτῇ
2325 1904 2667 1981 ἀποπνιγεὶς,
2752 1905 2845 1960 τὸν
2918 1911 3015 1962 τοῦ
3103 1909 3404 1984 μαρτυρίου
3511 1910 3771 1990 στέφανον

2123 1985 2336 2053 ἔλαϐεν,

2677 2135 2852 2186 nam
2892 2132 2982 2208 T9
3021 2134 3213 2210 Arro.

2901 2224 2983 2278 10‘

2187 2317 2454 2391 ,Αθλησις
2481 2324 2578 2376 τοῦ
2627 2319 2781 2395 άγίου
2816 2321 3091 2462 pagi-c290:
3120 2321 3210 2377 καὶ
3271 2324 3691 2403 θαυματουργοῠ

2981 2415 3040 2462 η.

2981 2415 3040 2464 η.

2180 2537 2276 2592 Ἐκ
2323 2540 2422 2607 τῆς
2479 2539 2672 2614 χώρας
2735 2542 2845 2595 τῶν
2899 2537 3156 2612 ’ῐσαύρων
3234 2541 3392 2604 οὗτος
3445 2544 3756 2620 γενόμενος,

2106 2623 2429 2700 ἐστρατεύθη
2463 2629 2608 2704 παρὰ
2655 2628 2933 2683 Λικιννίου
2989 2631 3086 2683 τοῦ
3145 2625 3455 2694 δυσσεϐοῦς.
3517 2634 3754 2690 Καταλι-

2105 2716 2220 2769 πὼν
2278 2711 2335 2770 δὲ
2389 2717 2487 2785 τήν
2557 2717 2857 2792 στρατείαν,
2925 2717 3176 2773 ἀπελθὼν
3237 2718 3290 2774 ἐν
3347 2725 3466 2783 ταῖς
3519 2709 3754 2798 ἐρήμοις·

2102 2802 2349 2878 ἐμόνασε,
2419 2807 2708 2882 σχολάζων
2796 2809 2988 2884 εὐχαῖς
3044 2808 3134 2863 καὶ
3221 2809 3564 2884 ἀγρυπνίαις
3627 2809 3751 2870 ἔνθα

2100 2892 2314 2957 πολλάς
2378 2895 2544 2958 ἰάσεις
2621 2895 2712 2952 καί
2764 2897 3054 2970 θαυμάτων
3143 2897 3410 2974 ἐνεργείας
3493 2899 3743 2972 ἐξετέλει-

2097 2989 2408 3059 κυνηγετῶν
2443 2983 2500 3040 δὲ
2553 2982 2642 3041 διά
2673 2987 2842 3060 θήραν
2888 2984 3304 3042 ἀποσταλέντων
3361 2986 3413 3042 ἐν
3473 2994 3551 3062 τῷ
3605 2987 3744 3066 ὄρει,

2097 3074 2326 3147 φανερὸς
2387 3075 2415 3128 ὁ
2472 3080 2649 3144 ’Ἂζης
2705 3079 2785 3148 τῷ
2852 3074 3226 3147 Διοκλητιανῷ
3281 3075 3509 3151 γίνεται.
3564 3079 3624 3136 Ὁ
3686 3079 3747 3136 δὲ

332 3182 435 3253 qui
468 3185 804 3252 correptum
836 3182 1010 3234 Azam
1045 3195 1150 3234 suo
1174 3179 1454 3232 sisterent
1483 3176 1767 3232 tribunali
1794 3194 1806 3230 :
1840 3193 1985 3247 quo-

2099 3159 2310 3236 πέμψας
2343 3164 2696 3237 στρατιώτας,
2737 3163 2828 3218 καὶ
2866 3166 3139 3237 κρατήσας
3195 3165 3382 3237 αὐτὸν,
3438 3169 3746 3243 παρέστησε

2099 3253 2155 3272 μα’
2204 3252 2232 3272 η
2258 3253 2271 3272 Ι
2487 3251 2500 3272 ν
2579 3257 2604 3268 α’
2698 3252 2709 3268 ‘
2866 3258 2890 3269 υ
2975 3252 2990 3272 9
3107 3256 3118 3270 ι
3344 3257 3358 3272 1

326 3287 460 3326 rum
484 3271 586 3326 ille
605 3276 842 3325 centum
861 3268 1459 3339 quinquaginta,eum
1483 3267 1710 3322 aridam
1730 3267 1977 3338 ingressi

323 3361 501 3430 viam,
527 3361 688 3416 sitim
715 3375 831 3430 qua
852 3358 1342 3425 conﬁciebantur,
1373 3357 1584 3412 educta
1608 3362 1852 3427 repente
1875 3373 1980 3427 per

319 3451 650 3506 orationem
681 3466 836 3520 aqua
867 3449 1309 3514 exstinxissent,
1341 3447 1416 3502 ad
1455 3447 1633 3502 ﬁdem
1665 3447 1973 3501 convertit.

322 3540 719 3605 Quamobrem
751 3539 812 3592 in
844 3555 946 3593 eos
989 3554 1197 3593 omnes
1230 3537 1511 3591 incensus
1541 3536 1630 3590 ira
1659 3535 1975 3591 Diocletia-

321 3644 458 3695 nus,
491 3627 740 3682 tradidit
773 3627 1053 3697 Aquilino
1088 3625 1386 3698 prznfecto,
1409 3631 1476 3680 ut
1501 3625 1572 3680 de
1606 3625 1725 3679 illis
1749 3623 1977 3695 suppli-

323 3717 484 3770 cium
515 3720 796 3770 sumeret.
831 3717 943 3769 Aza
992 3731 1127 3784 ergo
1177 3715 1250 3768 de
1301 3714 1541 3769 sublimi
1590 3730 1698 3784 per
1727 3713 1974 3784 capillos

325 3819 644 3875 appensus,
668 3803 967 3875 unguibus
996 3803 1206 3858 ferreis
1237 3803 1690 3857 excarnificatur
1715 3818 1728 3856 :
1758 3802 1973 3857 deinde

319 3896 386 3949 in
417 3895 720 3950 fornacem
749 3892 1056 3947 ardentem
1091 3892 1368 3964 injectus,
1401 3909 1535 3946 cum
1567 3891 1789 3946 illaasus
1818 3891 1974 3945 inta-

319 3989 572 4055 ctusque
603 3982 742 4037 inde
771 3981 1068 4046 evasisset,
1099 3997 1286 4051 eoque
1337 3981 1504 4052 signo
1536 3979 1797 4050 praefecti
1827 3996 1972 4035 uxo-

317 4090 445 4129 rem
469 4089 536 4128 ac
559 4072 743 4128 ﬁliam
766 4071 838 4126 ad
859 4070 1075 4127 Christi
1101 4068 1282 4124 fidem
1299 4069 1678 4136 traduxisset,
1693 4085 1815 4124 una
1835 4085 1970 4124 cum

315 4164 430 4230 his,
463 4179 530 4218 ac
560 4161 852 4218 militibus
883 4159 1184 4228 omnibus,
1207 4158 1279 4213 ab
1298 4158 1449 4214 irato
1475 4157 1752 4230 praefecto
1778 4158 1968 4230 capite

311 4254 676 4327 plectuntur.

950 4356 1171 4412 Eodem
1210 4355 1323 4412 die.

417 4468 570 4524 I98
613 4468 1058 4524 Commemoratio
1097 4467 1276 4521 sancti
1309 4463 1600 4534 praphetaz
1641 4463 1854 4520 Abdim.

2090 3253 2168 3321 τῷ
2203 3252 2410 3326 βήματι
2444 3251 2628 3323 αὐτοῦ,
2664 3252 2754 3307 σὺν
2799 3258 2918 3315 τοῖς
2973 3252 3156 3308 ἐκατὸν
3191 3257 3528 3327 πεντήκοντα
3579 3279 3744 3332 στρα-

2087 3339 2332 3411 τιώταις,
2365 3340 2675 3397 πιστεύσασι
2710 3341 2799 3396 καὶ
2841 3341 3043 3403 αὐτοῖς.
3105 3342 3203 3398 Διά
3257 3344 3360 3419 γὰρ
3421 3352 3742 3422 προσευχῆς

2088 3427 2234 3505 ὕδωρ
2265 3432 2402 3486 κατὰ
2431 3432 2530 3500 τὴν
2566 3429 2712 3502 ὁδὸν,
2772 3427 2999 3506 ἃνυδρον
3060 3431 3243 3503 οὖσαν,
3303 3431 3593 3509 ἐξαγαγὼν,
3645 3438 3744 3492 καὶ

2085 3519 2308 3581 ποτίσας
2335 3519 2553 3592 αὐτοὺς,
2587 3519 2924 3574 ἐπεσπάσατο
2956 3520 3093 3595 πρὸς
3151 3521 3252 3589 τήν
3312 3521 3516 3580 πίστιν.
3549 3524 3743 3600 Ὀργι-

2086 3607 2228 3672 σθεὶς
2259 3605 2316 3663 δὲ
2350 3606 2769 3680 Διοκλητιανὸς,
2803 3607 3113 3684 παρέδωκεν
3156 3608 3354 3672 αὐτοὺς
3403 3615 3741 3686 τιμωρηθῆ..

2082 3717 2168 3752 ναι
2201 3697 2464 3771 Ἀκυλίνῳ
2491 3701 2570 3769 τῷ
2601 3697 2847 3773 ἐπάρχῳ.
2879 3699 2942 3756 Ὁ
2999 3695 3057 3754 δὲ
3111 3697 3172 3754 ἐκ
3216 3703 3426 3776 τριχῶν
3456 3700 3740 3776 κρεμάσας

2080 3785 2172 3840 τὸν
2204 3785 2382 3861 ἅγιον,
2413 3785 2502 3842 καὶ
2555 3787 2689 3860 μετᾶ
2737 3785 2977 3863 σιδηρῶν
3025 3788 3243 3865 ὀνύχων
3301 3789 3472 3861 ξέσας,
3532 3787 3733 3846 ἐνέϐα-

2081 3871 2174 3929 λεν
2207 3875 2283 3938 εἰ’ς
2309 3879 2535 3950 κάμινον
2569 3877 2760 3952 πυρός.
2793 3876 2888 3932 Καὶ
2941 3875 3128 3933 ίδοῦσα
3184 3877 3342 3934 αὐτὸν
3374 3880 3409 3948 ἡ
3463 3881 3600 3954 γυνή
3627 3885 3732 3936 τοῦ

2081 3960 2348 4038 ἐπάρχου,
2392 3968 2526 4039 μετὰ
2553 3973 2654 4036 τῆς
2683 3967 2968 4041 θυγατρὸς,
2990 3961 3208 4037 ἀϐλαϐῆ
3243 3965 3542 4038 ἐξελθόντα,
3573 3967 3731 4024 ἐπίσ-

2077 4073 2289 4109 τευσαν.
2323 4055 2619 4131 Ὀργισθεὶς
2652 4053 2708 4111 δὲ
2736 4057 2764 4111 ὁ
2799 4053 3040 4131 ἔπαρχος
3097 4055 3488 4134 ἀπεκεφάλισεν
3537 4057 3728 4133 αὐτάς,

2076 4140 2317 4205 καὶτοὺς
2346 4141 2701 4218 στρατιώτας,
2731 4142 2819 4199 καὶ
2851 4145 2943 4200 τὸν
2975 4146 3152 4221 ἅγιον.

2668 4373 2745 4444 Τῇ
2779 4369 2915 4445 αὖτῇ
2943 4366 3124 4446 ἡμέρᾳ

2353 4478 2560 4550 Μνήμη
2586 4481 2683 4534 τοῦ
2714 4477 2870 4554 ἁγίου
2889 4480 3175 4552 προφήτου
3197 4472 3438 4536 Ἀὅδιοῢ.

380 4593 628 4648 Sanctus
658 4595 948 4666 propheta
977 4591 1197 4646 Abdias
1228 4605 1298 4644 ex
1331 4595 1487 4644 terra
1517 4589 1745 4645 Sichem
1772 4591 1836 4645 in
1866 4606 1958 4644 re-
1987 4640 1988 4643 η

2142 4601 2203 4659 Ὁ
2244 4602 2396 4677 ἅγιος
2452 4603 2744 4678 προφήτης
2799 4596 3024 4660 Ἀϐδιοῦ
3081 4601 3286 4675 ἐγένετο
3341 4600 3402 4656 ἐκ
3453 4607 3553 4672 τῆς
3607 4605 3718 4678 γῆς

305 4682 480 4752 gione
508 4683 838 4737 Palmstinm
859 4681 991 4746 fuit,
1017 4696 1217 4735 servus
1238 4678 1436 4733 Achab
1461 4679 1839 4734 Hebraeorum
1867 4696 1957 4735 re-

303 4773 412 4843 gis.
447 4771 591 4824 Cum
623 4777 822 4825 autem
853 4769 1012 4822 idem
1063 4767 1444 4822 Hebrzeorum
1494 4783 1595 4821 rex
1653 4768 1852 4823 Achab
1882 4768 1956 4823 ad

303 4865 576 4918 sanctum
607 4859 930 4932 gloriosum
956 4871 1355 4928 magnumque
1387 4855 1736 4925 prophetam
1767 4858 1955 4914 Eliam

298 4953 450 5008 duos
473 4947 1014 5022 quinquagenarios
1037 4945 1319 5012 misisset,
1340 4945 1438 5014 qui
1463 4944 1632 5000 illum
1657 4945 1728 5000 de
1752 4953 1955 5003 monte

297 5042 373 5096 ad
417 5043 614 5113 ipsum
674 5054 870 5110 regem
929 5039 1320 5100 accerserent,
1352 5032 1671 5104 lapsusque
1705 5034 1775 5089 de
1806 5037 1952 5092 casio

297 5132 440 5186 Elim
470 5129 746 5203 precibus
773 5127 925 5200 ignis
953 5125 1088 5179 illos
1113 5140 1248 5180 cum
1277 5139 1383 5177 sua
1409 5123 1646 5177 cohorte
1675 5141 1948 5180 consum-

293 5221 529 5293 psisset,
565 5219 727 5273 misit
758 5223 815 5271 et
847 5217 1005 5271 hunc
1037 5214 1298 5276 tertium,
1334 5212 1432 5283 qui
1479 5211 1665 5266 Eliam
1715 5221 1952 5270 vocaret

295 5315 471 5380 atque
505 5309 577 5364 ad
609 5310 805 5380 ipsum
835 5305 1174 5361 adduceret.
1208 5306 1282 5356 At
1328 5302 1438 5356 iste
1477 5300 1577 5355 ubi
1609 5302 1668 5356 in
1699 5320 1948 5376 conspe-

295 5406 454 5454 ctum
474 5398 776 5470 prophetae
794 5395 973 5462 venit,
994 5392 1067 5447 ad
1090 5393 1218 5463 ejus
1239 5388 1420 5462 pedes
1438 5389 1947 5461 prolapsus,orare

293 5489 487 5560 C(Bpit,
514 5493 581 5542 ut
610 5485 722 5541 sibi
748 5487 1238 5556 parceret,neque
1261 5479 1378 5551 igni
1407 5478 1675 5534 comburi
1699 5481 1941 5539 sineret.

292 5580 435 5633 Tum
467 5593 606 5631 vero
639 5574 928 5646 propheta
977 5571 1051 5626 ad
1108 5585 1306 5643 regem
1365 5567 1689 5623 descendit.
1724 5570 1943 5630 Abdias

296 5672 495 5724 autem
517 5665 724 5723 relicto
746 5678 882 5736 rege
909 5664 1149 5717 secutus
1171 5665 1262 5714 est
1282 5663 1550 5715 sanctum
1565 5657 1940 5734 Eliam,ejus-

2069 4691 2283 4766 Συχὲμ,
2316 4693 2504 4766 χώρας
2532 4699 2631 4762 τῆς
2666 4689 3056 4762 Παλαιστίνης.
3087 4689 3381 4748 Ἐδούλευε
3412 4688 3469 4746 δὲ
3497 4695 3576 4762 τῷ
3611 4691 3720 4767 βα-

2067 4779 2210 4836 σιλεῖ
2231 4785 2340 4836 τῶν
2373 4776 2638 4856 Ἐϐραίων
2706 4776 2944 4839 Ἀχαᾶϐ.
3007 4783 3137 4839 Ὅτε
3190 4778 3248 4836 δὲ
3301 4779 3617 4837 ἀπέστειλεν
3686 4783 3717 4837 ὁ

2064 4868 2224 4932 αὐτὸς
2261 4867 2514 4943 βασιλεὺς
2543 4874 2650 4924 τῶν
2697 4866 2966 4944 Ἑϐραίων
3025 4871 3052 4926 ὁ
3109 4866 3348 4945 ’Λχαᾶ6,
3414 4871 3549 4946 πρὸς
3614 4872 3713 4926 τὸν

2063 4959 2212 5032 ἅγιον
2245 4956 2437 5016 Ἠλίαν
2465 4959 2556 5014 τὸν
2591 4956 2802 5030 ἔνδοξον
2846 4961 2936 5014 καί
2998 4960 3160 5034 μέγαν
3219 4962 3530 5035 προφήτην,
3578 4959 3712 5023 τοὺς

2061 5045 2158 5102 δύο
2212 5047 2744 5124 πεντηκοντάρχους,
2807 5050 2952 5103 εἶπεν
3042 5047 3208 5120 αὐτῷ,
3268 5046 3546 5104 κατελθεῖν
3600 5048 3714 5104 ἀπὸ

2057 5139 2154 5190 τοῦ
2185 5131 2345 5208 ὅρους
2378 5137 2512 5211 πρὸς
2544 5137 2728 5204 αὐτὸν,
2759 5137 2846 5191 καὶ
2901 5134 2990 5192 διὰ
3047 5143 3360 5213 προσευχῆς
3409 5140 3510 5192 τοῦ
3569 5156 3716 5208 προ-

2059 5225 2234 5302 φήτου
2263 5225 2598 5295 κατεκάησαν
2658 5226 2794 5299 μετὰ
2849 5229 2947 5281 τοῦ
3002 5225 3139 5281 λαοῦ
3188 5227 3414 5295 ἑαυτῶν,
3447 5226 3712 5290 πεσόντος

2056 5313 2228 5387 πυρὸς
2287 5311 2340 5384 ἐξ
2397 5314 2631 5388 οὐρανοῦ
2705 5314 2795 5368 καὶ
2853 5314 3253 5393 καταφαγόντος
3316 5313 3531 5380 αὐτοὺς,
3589 5313 3709 5370 άπ-

2055 5401 2262 5457 ἐστειλε
2317 5401 2405 5456 καὶ
2458 5406 2648 5457 τοῦτον
2695 5403 2902 5477 τρίτον,
2960 5402 3046 5459 ἳνα
3111 5401 3314 5478 καλέσῃ
3366 5403 3554 5473 αὐτὸν,
3612 5403 3708 5459 καὶ

2052 5491 2227 5567 ἀγάγῃ
2253 5490 2390 5564 πρὸς
2433 5491 2613 5547 αὐτόν.
2678 5492 2777 5547 Καὶ
2835 5492 3086 5558 ἀπελθὼν
3141 5493 3279 5568 πρὸς
3336 5492 3427 5548 τὸν
3481 5495 3712 5568 προφή-

2049 5599 2149 5649 την
2177 5575 2360 5634 ἔπεσεν
2393 5579 2470 5642 εἷς
2498 5578 2625 5642 τοὺς
2666 5577 2838 5643 πόδας
2897 5579 3082 5654 αὐτοῦ,
3133 5581 3224 5636 καὶ
3281 5577 3476 5650 ἐδεήθη
3511 5579 3702 5650 αὐτοῦ,

2050 5667 2141 5723 ἳνα
2174 5669 2250 5742 μὴ
2291 5673 2557 5745 κατακαῇο
2589 5669 2681 5725 καὶ
2725 5669 2787 5725 οὗ
2818 5668 3077 5741 κατεκάη.
3109 5669 3239 5725 Τότε
3269 5666 3408 5739 ἦλθε
3435 5667 3576 5744 πρὸς
3603 5670 3702 5725 τὸν
