4030 6196
263 337 369 398 169

1734 333 2185 399 NOVEMBER.

3564 347 3680 409 170

268 468 479 543 βασιλὲα
560 468 591 522 6
650 470 937 553 προήτης.
1013 469 1111 524 Καὶ
1196 468 1302 524 ἀπὸ
1393 469 1518 526 τότε
1597 464 1902 524 καταλιπὼι

2031 486 2147 542 que
2178 468 2510 543 disciplinae
2541 487 2603 526 se
2633 469 2895 528 tradidit.
2926 473 3190 545 Cumque
3213 474 3399 533 multa
3420 480 3680 553 prephe‘

269 559 357 617 τὸν
403 554 621 632 βασιλέα
656 558 687 613 6
721 552 981 628 Ἀϐδιοῦ,
1037 557 1333 628 ἠκολούθει
1388 562 1469 631 τῷ
1527 558 1671 634 ἁγίῳ
1728 555 1917 628 Ἠλίᾳ,

283 647 373 705 Καὶ
422 648 710 722 γενόμενος
773 647 948 702 αὑτοῦ
1030 649 1304 721 μαθητῆς,
1387 649 1479 703 καὶ
1535 643 1918 724 προφητεύσας

279 735 455 841 πρλλά,
484 734 744 805 ἀπέθανε,
774 734 869 790 καὶ
900 734 1072 814 ἐτάφη
1105 736 1157 791 ἐν
1184 741 1267 810 τῷ
1295 743 1455 810 τάφῳ
1507 741 1619 792 τῶν
1667 730 1918 809 πατέρων

271 844 432 881 ΙυΠΜι

821 944 1003 1000 ΜΗΝΙ
1044 945 1136 1001 ΤΩ
1174 948 1353 998 ΔΥῙὯ

1060 1039 1116 1088 Κ.

256 1120 523 1192 Ἀθλησις
578 1125 681 1176 τοῦ
738 1122 898 1197 ἁγίου
960 1124 1232 1197 μάρτυρος
1289 1122 1485 1178 Δασίου
1537 1123 1637 1176 τοῦ
1704 1118 1757 1174 ἐν
1815 1126 1915 1173 Δο-

943 1192 1214 1268 penalty.

318 1303 408 1359 Ἐν
433 1303 507 1375 τῇ
536 1300 678 1376 αὐτῇ
708 1300 871 1358 πόλει
900 1306 1150 1358 τοιοῦτον
1195 1298 1316 1367 ἔθος
1356 1302 1423 1372 ἧν
1474 1305 1593 1363 τοῖς
1648 1296 1911 1378 Ἕλλησι.

255 1394 327 1463 τῷ
384 1389 583 1466 Κρόνῳ
641 1389 932 1448 ιπετὲλουν
1009 1392 1203 1468 ἑορτὴν
1285 1391 1536 1463 ὖτησίως.
1600 1389 1712 1463 Πρὸ
1764 1386 1915 1461 τριά.

256 1499 415 1535 κοντα
471 1476 535 1535 δὶ
588 1482 815 1555 ἡμερῶν
871 1483 973 1550 τῆς
1022 1479 1281 1552 τοιαύτης
1366 1485 1614 1555 μυσὰρῆς
1693 1477 1889 1552 ἑορτῆς

261 1566 581 1645 ἕπελὲγοντο
637 1566 735 1625 ἕνα
793 1569 911 1627 τινὰ
980 1574 1086 1627 τῶν
1172 1573 1543 1646 στρατιωτῶν,
1618 1567 1739 1623 νὲον
1819 1586 1887 1621 κα

260 1654 456 1726 εὐειδῆ.
517 1658 625 1714 Καὶ
718 1655 1039 1734 εὐτρέπιζον
1118 1659 1256 1736 πρὸς
1342 1656 1553 1726 θυσίαν,
1636 1652 1910 1716 ὶνδύοντες

257 1746 415 1801 αὐτὸν
448 1747 645 1821 ἱμάτια
704 1746 985 1823 βασιλικὰ,
1031 1747 1122 1803 καὶ
1179 1746 1579 1823 προτρέποντες
1636 1740 1902 1814 ἀποπληο

2034 564 2235 629 tasset,
2268 560 2435 629 obiit,
2469 565 2528 616 et
2558 560 2618 616 in
2650 561 2990 632 sepulcrum
3022 568 3257 634 patrum
3277 583 3521 625 suorum
3544 570 3677 628 illa-

2032 653 2126 703 tus
2156 654 2266 706 est.

2581 947 2822 1003 EODEM
2863 947 3116 1003 MENSE.

2644 1037 2746 1091 Die
2773 1035 3056 1093 vicesima

2028 1123 2181 1179 109
2241 1124 2524 1181 Certamen
2601 1127 2781 1181 sancti
2856 1129 3117 1196 martyris
3196 1127 3345 1185 Dasii
3426 1131 3485 1185 in
3541 1130 3677 1186 urbe

2690 1199 2997 1253 Dorostolo.

2096 1307 2163 1363 In
2191 1305 2302 1361 hac
2326 1303 2472 1361 urbe
2504 1320 2632 1360 mos
2661 1304 2771 1360 iste
2802 1306 3138 1361 Graecorum
3169 1312 3316 1375 erat,
3347 1312 3413 1362 ut
3436 1307 3678 1381 triginta

2024 1401 2162 1453 ante
2192 1396 2427 1466 diebus,
2459 1412 2638 1467 quam
2670 1396 3008 1452 Saturnalia
3045 1395 3437 1467 celebrarent,
3485 1414 3674 1455 unum

2022 1485 2285 1558 aliquem
2316 1503 2389 1543 ex
2418 1485 2709 1542 militibus
2739 1486 2957 1559 insigni
2992 1485 3184 1542 forma
3235 1486 3674 1543 adolescentem

2023 1574 2372 1648 deligerent,
2407 1591 2585 1646 quem
2616 1574 2915 1631 victimam
2960 1574 3212 1631 Saturno
3267 1574 3672 1633 destinabant.

2024 1665 2189 1721 Hunc
2219 1664 2380 1736 regio
2411 1663 2575 1720 cultu
2606 1664 2882 1719 indutum
2913 1663 3324 1734 hortabantur,
3384 1670 3452 1721 ut
3494 1665 3674 1738 genio

2016 1753 2381 1828 indulgeret,
2414 1769 2742 1824 omnesque
2773 1769 2910 1808 suas
2967 1752 3323 1824 cupiditates
3371 1754 3673 1827 expleret:

257 1839 383 1909 ροῦν
444 1837 617 1891 πᾶσαν
672 1835 961 1910 ἐπιθυμίαν
1016 1838 1204 1905 αὐτοῦ,
1263 1836 1337 1899 ὡς
1398 1835 1536 1909 μετά
1614 1834 1902 1910 τριάκοντα

2021 1846 2232 1918 quippe
2265 1844 2366 1916 qui
2396 1847 2532 1915 post
2562 1842 2923 1897 tricesimam
2957 1842 3113 1897 diem
3144 1841 3220 1897 ad
3244 1842 3481 1898 Saturni
3502 1858 3670 1900 aram

254 1924 467 1999 ἡμέρας
528 1924 810 1997 μέλλοντα
863 1926 1055 1982 ἑαυτὸν
1113 1924 1398 2001 ἐπισσάξαι
1450 1928 1533 1997 τῷ
1580 1923 1756 1998 βωμῷ
1812 1923 1911 1976 τοῦ

252 2014 481 2086 Κρόνου.
538 2013 832 2078 Ἐλθόντος
892 2012 949 2071 δὲ
1005 2019 1100 2070 τοῦ
1155 2014 1372 2087 κλήρου
1424 2014 1514 2069 καὶ
1573 2010 1661 2068 ἐπὶ
1719 2008 1910 2066 Δάσιον

249 2102 339 2157 τὸν
396 2102 759 2176 στρατιώτην,
818 2105 909 2160 καὶ
962 2109 1070 2159 τῶν
1131 2106 1543 2179 συστρατιωτῶν
1626 2100 1909 2176 περιστάν-

254 2212 361 2245 των
388 2192 537 2266 αὖτῷ
564 2193 825 2268 καὶπρὸς
871 2193 941 2249 τά
996 2192 1163 2266 ὅμοια
1219 2187 1648 2266 ἐκϐιαζομένων,
1706 2187 1914 2251 ἐκεῖνος

246 2283 439 2357 ἆταθῷ
469 2281 727 2359 λογισμῷ
760 2285 1136 2360 χρησάμενος,
1177 2284 1449 2354 ἐσκόπησε
1498 2283 1561 2337 τὸ
1610 2278 1911 2359 συμφέρον,

241 2370 551 2439 εἷπὼν,8τι
611 2369 826 2431 Μέλλω
888 2379 1083 2438 θαι-δεῖν’
1141 2360 1391 2450 κρεῖττόν
1451 2370 1550 2445 μοί
1607 2368 1773 2441 ἐστιν,
1833 2368 1909 2432 ὡς

238 2467 577 2537 Χριπιανῷ,
609 2462 744 2539 ὖπὶρ
772 2467 871 2519 τοῦ
928 2465 1162 2535 Χριστοῦ
1220 2483 1326 2536 μου
1383 2461 1693 2525 ἀποθανεῖν.
1752 2464 1910 2523 ’Ὀθεν

241 2552 527 2624 παραστὰς
577 2556 659 2625 τῷ
713 2556 812 2607 τοῦ
878 2548 1150 2628 ἄρχοντος
1221 2553 1453 2628 βήματι,
1510 2551 1910 2620 Διοκλητιανοῦ

246 2638 345 2695 καὶ
374 2639 728 2714 Μαξιμίανοῦ
754 2646 918 2698 τοῦτο
952 2641 1262 2715 μαθόντων,
1320 2638 1413 2696 καὶ
1468 2638 1908 2715 προσταξάντων,

238 2728 345 2784 καί
373 2727 565 2783 πολλᾶ
591 2731 1052 2805 τιμωρησάντων,
1080 2729 1394 2786 τελευταῖον
1442 2729 1542 2801 την
1591 2726 1678 2783 διὰ
1726 2726 1913 2801 ξίφους

234 2817 470 2892 ἐδέξατο
501 2817 781 2893 τελευτήν.

832 2940 914 3012 Τῇ
954 2937 1094 3011 αὐτῇ
1132 2932 1317 3014 ἡμέρᾳ

234 3023 525 3102 Ἀθλησις
581 3030 692 3081 τῶν
747 3026 919 3102 ἆγίων
984 3030 1094 3102 τῷν
1177 3025 1230 3081 ἐν
1316 3023 1565 3102 Περσίδιῂ
1626 3044 1913 3102 μαρτυρη-

312 3096 530 3187 σάέτιιξν
580 3096 810 3186 ,Νηρσᾶξ
862 3097 1187 3166 ἐπισκόπου,
1244 3099 1334 3153 καὶ
1394 3096 1643 3176 Ἲωσὴφ,
1706 3096 1911 3171 ’μαθη-

302 3188 406 3222 του
438 3189 629 3227 συτου.

299 3301 481 3359 Οὗτοι
509 3303 561 3357 oi
592 3304 737 3377 ἅγιοι
762 3304 1045 3376 κατῴκουν
1106 3301 1159 3359 ἐν
1210 3299 1457 3370 Περσίδι,
1507 3300 1910 3380 ἐπιμελόμενοι

218 3395 459 3468 ἀρετῆς,
492 3391 584 3446 καὶ
615 3386 1071 3469 φοϐούμεννμτόν
1096 3391 1359 3462 ἀληθινὸν
1390 3391 1544 3462 Θεὸν,
1604 3392 1697 3446 τὸν
1746 3392 1908 3462 ποιῆ,

218 3500 404 3535 σαντα
430 3480 529 3534 τὸν
556 3478 781 3556 οὐρανὸν
811 3481 900 3536 καὶ
958 3481 1061 3551 τήν
1119 3482 1245 3557 γῆν,
1303 3479 1396 3535 καὶ
1452 3480 1554 3549 τήν
1611 3480 1907 3561 θάΙασσαν,

216 3571 318 3625 καὶ
384 3568 561 3624 πάντα
619 3569 688 3624 τὰ
744 3568 798 3625 ἐν
880 3568 1088 3638 αὐτοῖς,
1171 3568 1263 3625 καὶ
1346 3568 1717 3645 πορευόμενοι
1769 3566 1909 3623 γατά

214 3659 327 3722 τάς
385 3655 618 3719 ἐντολάς
672 3654 858 3717 αὐτοῦ.
918 3658 1020 3717 Καὶ
1076 3660 1106 3714 6
1168 3657 1262 3733 μὲν
1340 3660 1582 3734 Νηρσᾶς,
1666 3657 1906 3734 γεγονὼς

220 3746 512 3824 πρᾶτερον
571 3746 875 3810 ἐπίσκοπος
929 3744 1176 3803 ἐδίδασκε
1228 3748 1321 3803 τὸν
1382 3746 1517 3803 λαὸν
1575 3748 1677 3818 τήν
1749 3746 1904 3802 εὐσὲ-

223 3833 420 3906 ϐειαν,
482 3837 741 3901 πολλοὺς
794 3838 1039 3912 μαθητάς
1124 3839 1519 3912 ποιησάμενος·
1580 3837 1633 3893 ἐν
1693 3839 1777 3900 οἷς
1832 3836 1901 3906 ἦν

228 3928 339 3984 καὶ
399 3928 632 4005 Ἰωσήφ,
691 3929 721 3982 6
776 3928 997 4002 ὕστερον
1054 3924 1148 3983 διά
1201 3924 1428 3997 πολλὴν
1486 3927 1683 4003 ἀρετήν
1758 3946 1899 4002 προ-

218 4015 543 4092 χειρισθεὶς
572 4015 681 4071 ὐπὸ
711 4020 810 4071 τοῦ
869 4018 1064 4092 Νηρσᾶ
1121 4015 1439 4078 ἐπίσκοπος.
1495 4017 1624 4073 Ὅτε
1670 4011 1748 4084 δὲ,
1809 4011 1899 4069 διὰ

216 4108 282 4162 τὸ
322 4105 679 4182 ἐπιστρέφειν
725 4105 816 4160 τὸν
876 4103 1010 4161 λαόν
1068 4105 1174 4161 ἀπὸ
1223 4112 1323 4175 τῆς
1381 4102 1595 4176 πλάνης
1652 4102 1743 4159 ἐπὶ
1797 4103 1898 4173 τὴν

218 4193 523 4265 ἀλήθειαν,
608 4194 979 4270 ἐκρατήθησαν
1061 4193 1167 4249 ὑπὸ
1248 4197 1359 4249 τῶν
1422 4192 1594 4257 ἀθέων
1651 4195 1893 4268 Περσῶν,

221 4284 489 4359 ὗπῆρχεν
524 4285 555 4339 6
591 4284 689 4356 μὲν
718 4288 935 4360 Νηρσᾶς
962 4281 1096 4338 ἑτῶν
1132 4280 1491 4358 ὀγδοήκοντα,
1523 4283 1552 4337 6
1584 4278 1643 4337 δὶ
1688 4280 1892 4358 Ἰωσὴφ

221 4372 767 4448 ὀγδοηκονταπέντε.
858 4374 1227 4447 Παραστάντες
1313 4370 1406 4427 οὖν
1488 4375 1571 4444 τῷ
1652 4369 1891 4447 βασιλεῖ,

222 4462 439 4538 ἷφησαν
470 4464 650 4535 αὐτῷ,
684 4464 769 4518 δτι
810 4462 874 4519 El
919 4460 1166 4530 δύνασαί,
1218 4460 1466 4538 βασιλεῦ,
1511 4461 1647 4535 μετὰ
1690 4460 1753 4516 τὸ
1800 4471 1890 4524 θα-

2020 1936 2283 2008 seipsum
2309 1938 2467 1989 esset
2485 1931 2923 1987 immolaturus.
2950 1932 3158 1986 Lectus
3180 1931 3361 2004 igitur
3380 1936 3539 1987 sorte
3562 1933 3671 1988 Da-

2021 2025 2144 2081 sius
2175 2021 2370 2091 miles,
2402 2020 2559 2094 apud
2590 2021 3045 2076 circumstantes
3074 2019 3537 2088 commilitones,
3569 2021 3670 2092 qui

2021 2130 2157 2169 eum
2181 2111 2256 2171 ad
2289 2127 2411 2167 rem
2440 2107 2784 2182 hujusmodi
2817 2107 3276 2182 compellehant,
3320 2109 3544 2181 optima
3574 2125 3671 2165 ra-

2022 2204 2181 2258 tione
2213 2217 2378 2267 usus,
2408 2199 2790 2270 oblatamque
2809 2197 2920 2254 sibi
2945 2197 3322 2254 occasionem
3343 2198 3640 2270 arripiens

2019 2290 2288 2359 Quando,
2317 2288 2534 2360 inquit,
2559 2286 2937 2344 moriendum
2960 2286 3107 2342 mihi
3140 2291 3248 2355 est,
3271 2291 3514 2359 praestat
3532 2303 3676 2343 sane

2020 2383 2190 2449 mihi,
2210 2385 2276 2436 ut
2295 2378 2655 2445 Christiano,
2682 2393 2784 2449 pro
2807 2375 3038 2432 Christo
3061 2393 3194 2432 meo
3218 2382 3477 2432 mortem
3500 2393 3688 2449 oppe-

2020 2478 2164 2529 tere.
2189 2467 2585 2537 Quamobrem
2612 2465 2961 2522 Diocletiani
2983 2470 3043 2521 et
3062 2464 3397 2522 Maximiani
3410 2466 3585 2538 jussu
3607 2465 3681 2522 ad

2019 2559 2281 2634 praafecti
2312 2556 2577 2614 tribunal
2620 2555 2964 2628 productus,
3012 2554 3338 2626 multisque
3368 2553 3682 2611 tormentis

2020 2645 2688 2713 excruciatus,tandem
2718 2643 2916 2716 gladio
2945 2660 3134 2700 caesus
3166 2648 3274 2699 est.

2667 2945 2885 3001 Eodem
2918 2943 3016 3000 die

2018 3039 2175 3094 τοι)
2205 3037 2489 3094 Certamen
2544 3042 2883 3105 sanctorum,
2916 3034 3113 3101 Nersae,
3162 3033 3426 3105 episcopi,
3481 3039 3534 3088 et
3573 3032 3669 3090 Jo-

2084 3110 2263 3180 sephi,
2294 3110 2414 3180 ejus
2441 3106 2727 3179 discipuli,
2784 3104 2885 3177 qui
2938 3108 2999 3161 in
3054 3104 3278 3161 Perside
3330 3104 3670 3173 martyrium

1932 3200 1977 3267 α
2086 3182 2319 3238 subiere.

2087 3308 2190 3363 Isti
2223 3305 2411 3362 sancti
2442 3305 2503 3359 in
2535 3302 2776 3358 Perside
2805 3300 3178 3370 habitabant,
3219 3298 3504 3372 singulari
3547 3298 3669 3355 vir-

2017 3402 2139 3453 tute
2170 3396 2425 3470 preediti,
2456 3395 2760 3462 Deumque
2790 3404 2992 3445 verum
3024 3389 3324 3456 timentes,
3378 3386 3482 3458 qui
3529 3386 3670 3443 fecit

2014 3486 2249 3556 ccelum,
2283 3489 2343 3540 et
2370 3488 2611 3549 terram,
2643 3485 2702 3536 et
2729 3494 2914 3544 mare,
2948 3483 3006 3533 et
3034 3476 3236 3533 omnia
3286 3492 3419 3547 quas
3466 3475 3529 3530 in
3581 3474 3667 3531 eis

2012 3579 2171 3644 sunt,
2200 3579 2259 3630 et
2288 3571 2615 3629 secundum
2655 3569 2787 3642 ejus
2832 3566 3115 3623 mandata
3161 3564 3557 3621 ambulantes.
3598 3565 3670 3619 Et

2010 3667 2221 3720 Nersas
2250 3662 2491 3735 quidem
2512 3660 2773 3734 primum
2795 3658 3109 3730 episcopus
3136 3655 3268 3723 fuit,
3302 3659 3361 3710 et
3378 3652 3666 3727 populum

2007 3753 2082 3810 ad
2112 3753 2394 3825 pietatem
2426 3749 2740 3818 hortando,
2773 3745 3111 3819 complures
3141 3743 3469 3815 discipulos
3499 3741 3664 3813 fecit,

2005 3844 2068 3899 in
2094 3842 2311 3914 quibus
2341 3841 2453 3896 fuit
2499 3844 2558 3894 et
2602 3838 2838 3910 Joseph,
2901 3837 3005 3909 qui
3047 3841 3257 3909 postea
3309 3834 3384 3890 ab
3442 3831 3655 3890 eodem

2002 3935 2183 3988 Nerea
2204 3931 2279 3987 ob
2300 3931 2565 4003 insignes
2595 3929 2839 3983 virtutes
2870 3926 3184 3999 episCOpus
3206 3928 3297 3980 est
3325 3923 3655 3979 ordinatus.

2001 4022 2145 4077 Cum
2177 4021 2357 4094 igitur
2386 4019 2459 4075 ah
2490 4018 2683 4075 atheis
2712 4016 2932 4085 Persis,
2972 4014 3132 4087 quod
3154 4012 3443 4086 populum
3473 4010 3545 4067 ab
3565 4027 3653 4066 er-

2000 4127 2135 4166 rore
2164 4109 2240 4166 ad
2270 4110 2547 4164 virtutem
2578 4108 3015 4169 converterent,
3043 4100 3461 4174 comprehensi
3489 4103 3656 4165 sunt,

1999 4207 2141 4257 tunc
2172 4201 2384 4254 Nersas
2424 4197 2725 4270 octoginta
2780 4208 3076 4250 annorum
3134 4194 3282 4257 erat,
3333 4193 3393 4243 et
3435 4186 3657 4258 Joseph

1998 4289 2299 4361 octoginta
2329 4288 2616 4358 quinque.
2647 4282 2901 4340 Adducti
2935 4296 3071 4336 vero
3104 4279 3179 4335 ad
3198 4292 3399 4350 regem
3425 4291 3439 4330 :
3464 4274 3542 4344 Si,
3565 4273 3660 4330 in-

1999 4379 2234 4452 quiunt,
2274 4394 2307 4432 ο
2336 4392 2459 4441 rex,
2494 4391 2604 4429 nos
2634 4372 2853 4444 septies
2883 4370 3111 4425 occisos
3141 4367 3215 4423 ad
3252 4366 3434 4422 vitam
3484 4379 3659 4419 revo-

1997 4451 2243 4536 caveris,
2279 4481 2399 4520 non
2430 4463 2653 4536 poteris
2678 4467 2879 4517 tamen
2910 4458 2983 4514 ab
3014 4472 3217 4514 amore
3239 4454 3457 4510 Christi
3478 4451 3658 4508 abdu-

222 4556 468 4608 νατῶσαι
500 4555 654 4625 ἡμᾶς
685 4552 908 4615 ἑπτάκις
952 4551 1274 4623 ἀναστῆσαι,
1329 4546 1462 4605 οὐδὲ
1508 4547 1682 4612 οὕτως
1738 4551 1888 4623 ἡμᾶς

2021 4573 2157 4614 :ere.
2194 4556 2327 4611 Haec
2358 4568 2493 4610 cum
2525 4551 2833 4622 dixissent,
2864 4552 3109 4620 accepta
3135 4544 3315 4620 gladii
3338 4541 3639 4600 sententia

225 4645 498 4717 χωρίσεις
525 4643 638 4699 ἀπὸ
665 4650 766 4713 τῆς
820 4641 1035 4717 ἀγάπης
1087 4646 1186 4698 τοῦ
1244 4643 1507 4719 Χριποὸ.
1568 4639 1667 4695 Καὶ
1721 4644 1889 4696 ταῦτα

224 4730 495 4806 εἰπόντες,
520 4734 624 4802 τὴν
658 4729 748 4788 διὰ
774 4736 870 4788 τοῦ
927 4731 1116 4808 ξίφους
1159 4729 1459 4808 προθύμως
1510 4724 1755 4801 ἐδέξαντο
1800 4749 1889 4784 τε-

230 4820 456 4893 λευτήν.

821 4944 910 5014 τῇ
948 4940 1086 5015 αὐτῇ
1126 4940 1312 5017 ἡμέρᾳ

231 5028 513 5107 Ἀθλησις
586 5034 698 5086 τῶν
776 5031 963 5107 ῥγίων-
1055 5026 1332 5107 ’[ωᾶννου,
1390 5023 1707 5107 ’Σαϐωρίου
1789 5026 1890 5107 ,καὶ

310 5097 615 5174 ἸσάαιιίουἈ
633 5107 744 5158 τῶν
772 5097 1111 5174 ἐπισκόπων,
1142 5102 1234 5157 καὶ
1265 5101 1472 5156 Δαπίου
1487 5097 1890 5172 καῖ’Ἱσαακίου,

310 5177 424 5227 τῶν
451 5171 847 5252 πρεσϐυτέρων.

297 5298 407 5353 Καὶ
457 5299 609 5358 οὗτοι
667 5300 722 5355 οἱ
781 5301 931 5375 ἅγιοι
987 5298 1039 5353 ἑν
1096 5295 1313 5372 Περσίδι
1397 5295 1696 5372 ἐτύγχανον
1772 5294 1894 5351 ἐπί-

238 5390 932 5469 σκοποιχρηματίζοντες.
972 5388 1127 5446 Ἐπεὶ
1158 5385 1216 5442 δὲ
1267 5387 1360 5443 τὸν
1407 5384 1540 5441 λαὸν
1589 5383 1891 5458 ἐδίδασκον,

236 5483 349 5550 τὴν
413 5480 615 5554 πλάνην
670 5485 781 5536 τῶν
834 5482 1053 5554 Περσῶν
1096 5474 1394 5533 καταλῦσαι
1477 5472 1891 5547 σπουδάζοντες,

240 5566 338 5624 διὰ
370 5569 550 5646 λόγων
606 5571 855 5646 ἰσχυρῶν
920 5564 1388 5637 ἀποδεικνύοντες,
1426 5563 1595 5640 μηδὲν
1645 5567 1776 5620 εἶναι
1827 5566 1896 5619 τά

242 5654 485 5729 εἴδωλα,
535 5662 677 5734 μήτε
730 5659 824 5714 τὸν
874 5655 1037 5727 ἣλιον
1094 5656 1130 5724 ἢ
1182 5654 1247 5710 τὸ
1302 5657 1408 5728 πῦρ
1493 5650 1670 5722 θεοὺς,
1749 5651 1898 5710 ἀλλὰ

531 5786 797 5847 Ρέιτιιοι.
842 5783 961 5843 Gn.
1004 5779 1097 5840 CX
1140 5776 1280 5839 VII.

1998 4646 2178 4706 alacri
2204 4645 2406 4702 animo
2435 4641 2785 4699 occubuere.

2000 5030 2147 5088 τοι
2212 5028 2498 5087 Certamen
2558 5031 2877 5083 sanctorum
2967 5020 3223 5088 Joannis,
3303 5015 3527 5088 Saborii
3608 5016 3664 5068 et

2068 5085 2292 5169 lsaacii,
2340 5099 2740 5171 episcoporum,
2792 5095 2958 5165 Dapii
3000 5098 3051 5149 et
3098 5085 3320 5156 Isaacii,
3368 5085 3658 5158 presbyte-

2070 5188 2280 5229 rarum.

2076 5297 2180 5354 Isti
2211 5312 2451 5369 quoque
2483 5294 2672 5351 sancti
2720 5293 2785 5349 in
2838 5288 3081 5347 Perside
3129 5284 3392 5359 episcopi
3442 5296 3665 5338 munus

2002 5404 2179 5446 suum
2211 5385 2527 5458 diligenter
2555 5382 2822 5449 obibant,
2853 5377 3143 5453 populum
3172 5375 3475 5441 docentes,
3498 5386 3661 5426 erro-

2002 5496 2131 5536 rem
2162 5479 2477 5534 Persarum
2503 5472 2805 5545 depellere
2823 5471 3178 5540 satagentes,
3204 5459 3669 5532 vehementique

2006 5568 2279 5624 oratione
2333 5564 2836 5628 demonstrantes,
2893 5567 3270 5639 nequaquam
3331 5549 3473 5639 deos
3533 5559 3665 5603 esse

2006 5655 2192 5726 idola,
2210 5654 2400 5712 solem
2426 5657 2486 5708 et
2510 5653 2733 5722 ignem,
2753 5644 2857 5701 sed
2878 5656 3079 5711 opera,
3097 5633 3524 5693 etfamulantia
3542 5645 3671 5686 non

3329 5746 3369 5798 6
