  <div class='ocr_page' id='page_1' title='image "/cluster/home/n/w/nwhite01/storage/ocr_20150623/117/hvd.32044073502239/091.png"; bbox 0 0 4072 6194; ppageno 0'>
   <div class='ocr_carea' id='block_1_1' title="bbox 407 400 521 465">
    <p class='ocr_par' dir='ltr' id='par_1_1' title="bbox 407 400 521 465">
     <span class='ocr_line' id='line_1_1' title="bbox 407 400 521 465; baseline -0.018 0"><span class='ocrx_word' id='word_1_1' title='bbox 407 400 521 465; x_wconf 79' lang='grc'>171</span> 
     </span>
    </p>
   </div>
   <div class='ocr_carea' id='block_1_2' title="bbox 1724 378 2496 481">
    <p class='ocr_par' dir='ltr' id='par_1_2' title="bbox 1724 378 2496 481">
     <span class='ocr_line' id='line_1_2' title="bbox 1724 378 2496 481; baseline -0.005 -36"><span class='ocrx_word' id='word_1_2' title='bbox 1724 378 2405 481; x_wconf 23' lang='lat' dir='ltr'>QENOLOGII‘PARS</span> <span class='ocrx_word' id='word_1_3' title='bbox 2445 380 2496 441; x_wconf 89' lang='lat'>1.</span> 
     </span>
    </p>
   </div>
   <div class='ocr_carea' id='block_1_3' title="bbox 3705 376 3830 435">
    <p class='ocr_par' dir='ltr' id='par_1_3' title="bbox 3705 376 3830 435">
     <span class='ocr_line' id='line_1_3' title="bbox 3705 376 3830 435; baseline -0.008 0"><span class='ocrx_word' id='word_1_4' title='bbox 3705 376 3830 435; x_wconf 68' lang='lat'>1&#39;12</span> 
     </span>
    </p>
   </div>
   <div class='ocr_carea' id='block_1_4' title="bbox 407 503 2075 598">
    <p class='ocr_par' dir='ltr' id='par_1_4' title="bbox 407 517 2052 598">
     <span class='ocr_line' id='line_1_4' title="bbox 407 517 2052 598; baseline -0.012 -6"><span class='ocrx_word' id='word_1_5' title='bbox 407 535 526 592; x_wconf 89' lang='lat' dir='ltr'>Deo</span> <span class='ocrx_word' id='word_1_6' title='bbox 542 529 909 598; x_wconf 88' lang='lat' dir='ltr'>tanlum,sed</span> <span class='ocrx_word' id='word_1_7' title='bbox 922 527 1100 584; x_wconf 89' lang='lat' dir='ltr'>etiam</span> <span class='ocrx_word' id='word_1_8' title='bbox 1114 520 1485 587; x_wconf 87' lang='lat' dir='ltr'>hominibus;</span> <span class='ocrx_word' id='word_1_9' title='bbox 1509 517 1584 575; x_wconf 88' lang='lat' dir='ltr'>ad</span> <span class='ocrx_word' id='word_1_10' title='bbox 1596 521 1869 574; x_wconf 90' lang='lat' dir='ltr'>nostrum</span> <span class='ocrx_word' id='word_1_11' title='bbox 1891 517 2052 574; x_wconf 89' lang='lat' dir='ltr'>enim</span> 
     </span>
    </p>
   </div>
   <div class='ocr_carea' id='block_1_5' title="bbox 2187 503 3828 598">
    <p class='ocr_par' dir='ltr' id='par_1_5' title="bbox 2187 503 3828 585">
     <span class='ocr_line' id='line_1_5' title="bbox 2187 503 3828 585; baseline -0.004 -18"><span class='ocrx_word' id='word_1_12' title='bbox 2187 512 2435 585; x_wconf 82' lang='grc' dir='ltr'>ιτίσματα</span> <span class='ocrx_word' id='word_1_13' title='bbox 2462 511 2552 567; x_wconf 81' lang='grc' dir='ltr'>καὶ</span> <span class='ocrx_word' id='word_1_14' title='bbox 2585 509 2777 581; x_wconf 86' lang='grc' dir='ltr'>δοῦλα,</span> <span class='ocrx_word' id='word_1_15' title='bbox 2810 509 2880 581; x_wconf 76' lang='grc' dir='ltr'>οὐ¹</span> <span class='ocrx_word' id='word_1_16' title='bbox 2920 510 3085 584; x_wconf 90' lang='grc' dir='ltr'>μόνον</span> <span class='ocrx_word' id='word_1_17' title='bbox 3146 511 3245 564; x_wconf 91' lang='grc' dir='ltr'>τοῦ</span> <span class='ocrx_word' id='word_1_18' title='bbox 3299 511 3462 578; x_wconf 88' lang='grc' dir='ltr'>Θεοῦ,</span> <span class='ocrx_word' id='word_1_19' title='bbox 3519 503 3668 562; x_wconf 74' lang='grc' dir='ltr'>ἀλλὰ</span> <span class='ocrx_word' id='word_1_20' title='bbox 3724 506 3828 562; x_wconf 83' lang='grc' dir='ltr'>καὶ</span> 
     </span>
    </p>
   </div>
   <div class='ocr_carea' id='block_1_6' title="bbox 411 604 2060 682">
    <p class='ocr_par' dir='ltr' id='par_1_6' title="bbox 411 604 2060 682">
     <span class='ocr_line' id='line_1_6' title="bbox 411 604 2060 682; baseline -0.012 -1"><span class='ocrx_word' id='word_1_21' title='bbox 411 622 814 682; x_wconf 79' lang='lat' dir='ltr'>ministerium</span> <span class='ocrx_word' id='word_1_22' title='bbox 846 619 974 673; x_wconf 70' lang='lat' dir='ltr'>hzec</span> <span class='ocrx_word' id='word_1_23' title='bbox 1003 616 1158 672; x_wconf 85' lang='lat' dir='ltr'>facta</span> <span class='ocrx_word' id='word_1_24' title='bbox 1187 628 1340 677; x_wconf 89' lang='lat' dir='ltr'>esse,</span> <span class='ocrx_word' id='word_1_25' title='bbox 1371 627 1678 682; x_wconf 89' lang='lat' dir='ltr'>unumque</span> <span class='ocrx_word' id='word_1_26' title='bbox 1709 610 1897 665; x_wconf 87' lang='lat' dir='ltr'>Deum</span> <span class='ocrx_word' id='word_1_27' title='bbox 1954 604 2060 663; x_wconf 88' lang='lat' dir='ltr'>illa</span> 
     </span>
    </p>
   </div>
   <div class='ocr_carea' id='block_1_7' title="bbox 409 699 2057 788">
    <p class='ocr_par' dir='ltr' id='par_1_7' title="bbox 409 699 2057 788">
     <span class='ocr_line' id='line_1_7' title="bbox 409 699 2057 788; baseline -0.012 -16"><span class='ocrx_word' id='word_1_28' title='bbox 409 714 777 788; x_wconf 84' lang='lat' dir='ltr'>produxisse.</span> <span class='ocrx_word' id='word_1_29' title='bbox 804 708 990 764; x_wconf 83' lang='lat' dir='ltr'>Delati</span> <span class='ocrx_word' id='word_1_30' title='bbox 1012 721 1147 777; x_wconf 82' lang='lat' dir='ltr'>ergo</span> <span class='ocrx_word' id='word_1_31' title='bbox 1170 704 1243 759; x_wconf 93' lang='lat' dir='ltr'>ad</span> <span class='ocrx_word' id='word_1_32' title='bbox 1273 719 1473 775; x_wconf 83' lang='lat' dir='ltr'>regem</span> <span class='ocrx_word' id='word_1_33' title='bbox 1502 706 1672 767; x_wconf 87' lang='lat' dir='ltr'>sunt;</span> <span class='ocrx_word' id='word_1_34' title='bbox 1705 700 1827 772; x_wconf 85' lang='lat' dir='ltr'>qui,</span> <span class='ocrx_word' id='word_1_35' title='bbox 1858 699 2057 754; x_wconf 85' lang='lat' dir='ltr'>furore</span> 
     </span>
    </p>
   </div>
   <div class='ocr_carea' id='block_1_8' title="bbox 410 789 2057 878">
    <p class='ocr_par' dir='ltr' id='par_1_8' title="bbox 410 789 2057 878">
     <span class='ocr_line' id='line_1_8' title="bbox 410 789 2057 878; baseline -0.01 -18"><span class='ocrx_word' id='word_1_36' title='bbox 410 804 691 878; x_wconf 73' lang='lat' dir='ltr'>percitus,</span> <span class='ocrx_word' id='word_1_37' title='bbox 723 798 922 855; x_wconf 85' lang='lat' dir='ltr'>missis</span> <span class='ocrx_word' id='word_1_38' title='bbox 952 794 1241 851; x_wconf 75' lang='lat' dir='ltr'>militibus</span> <span class='ocrx_word' id='word_1_39' title='bbox 1264 793 1399 847; x_wconf 92' lang='lat' dir='ltr'>illos</span> <span class='ocrx_word' id='word_1_40' title='bbox 1420 789 2057 861; x_wconf 83' lang='lat' dir='ltr'>comprehendijussit.</span> 
     </span>
    </p>
   </div>
   <div class='ocr_carea' id='block_1_9' title="bbox 411 878 2059 955">
    <p class='ocr_par' dir='ltr' id='par_1_9' title="bbox 411 878 2059 955">
     <span class='ocr_line' id='line_1_9' title="bbox 411 878 2059 955; baseline -0.009 -8"><span class='ocrx_word' id='word_1_41' title='bbox 411 890 603 947; x_wconf 82' lang='lat' dir='ltr'>Vincti</span> <span class='ocrx_word' id='word_1_42' title='bbox 633 894 853 954; x_wconf 90' lang='lat' dir='ltr'>autem,</span> <span class='ocrx_word' id='word_1_43' title='bbox 887 891 945 940; x_wconf 90' lang='lat' dir='ltr'>et</span> <span class='ocrx_word' id='word_1_44' title='bbox 973 883 1045 939; x_wconf 89' lang='lat' dir='ltr'>ad</span> <span class='ocrx_word' id='word_1_45' title='bbox 1078 884 1208 955; x_wconf 86' lang='lat' dir='ltr'>ejus</span> <span class='ocrx_word' id='word_1_46' title='bbox 1239 880 1500 935; x_wconf 73' lang='lat' dir='ltr'>tribunal</span> <span class='ocrx_word' id='word_1_47' title='bbox 1530 878 1790 944; x_wconf 79' lang='lat' dir='ltr'>adducti,</span> <span class='ocrx_word' id='word_1_48' title='bbox 1822 878 2059 933; x_wconf 86' lang='lat' dir='ltr'>nudati-</span> 
     </span>
    </p>
   </div>
   <div class='ocr_carea' id='block_1_10' title="bbox 412 969 2061 1054">
    <p class='ocr_par' dir='ltr' id='par_1_10' title="bbox 412 969 2061 1054">
     <span class='ocr_line' id='line_1_10' title="bbox 412 969 2061 1054; baseline -0.008 -20"><span class='ocrx_word' id='word_1_49' title='bbox 412 997 549 1054; x_wconf 86' lang='lat' dir='ltr'>que,</span> <span class='ocrx_word' id='word_1_50' title='bbox 579 978 758 1049; x_wconf 84' lang='lat' dir='ltr'>virgis</span> <span class='ocrx_word' id='word_1_51' title='bbox 786 974 1116 1039; x_wconf 68' lang='lat' dir='ltr'>caaduntur,</span> <span class='ocrx_word' id='word_1_52' title='bbox 1149 976 1329 1042; x_wconf 83' lang='lat' dir='ltr'>atque</span> <span class='ocrx_word' id='word_1_53' title='bbox 1352 970 1765 1041; x_wconf 90' lang='lat' dir='ltr'>depectuntur.</span> <span class='ocrx_word' id='word_1_54' title='bbox 1796 969 2061 1038; x_wconf 88' lang='lat' dir='ltr'>Cumque</span> 
     </span>
    </p>
   </div>
   <div class='ocr_carea' id='block_1_11' title="bbox 412 1056 2062 1125">
    <p class='ocr_par' dir='ltr' id='par_1_11' title="bbox 412 1056 2062 1125">
     <span class='ocr_line' id='line_1_11' title="bbox 412 1056 2062 1125; baseline -0.009 -1"><span class='ocrx_word' id='word_1_55' title='bbox 412 1068 723 1125; x_wconf 88' lang='lat' dir='ltr'>Dominum</span> <span class='ocrx_word' id='word_1_56' title='bbox 754 1070 1025 1119; x_wconf 86' lang='lat' dir='ltr'>nostrum</span> <span class='ocrx_word' id='word_1_57' title='bbox 1056 1063 1255 1117; x_wconf 85' lang='lat' dir='ltr'>Jesum</span> <span class='ocrx_word' id='word_1_58' title='bbox 1278 1060 1574 1114; x_wconf 76' lang='lat' dir='ltr'>Christum</span> <span class='ocrx_word' id='word_1_59' title='bbox 1597 1075 1719 1112; x_wconf 88' lang='lat' dir='ltr'>non</span> <span class='ocrx_word' id='word_1_60' title='bbox 1745 1056 1919 1112; x_wconf 90' lang='lat' dir='ltr'>modo</span> <span class='ocrx_word' id='word_1_61' title='bbox 1940 1072 2062 1110; x_wconf 90' lang='lat' dir='ltr'>non</span> 
     </span>
    </p>
   </div>
   <div class='ocr_carea' id='block_1_12' title="bbox 408 1150 2064 1229">
    <p class='ocr_par' dir='ltr' id='par_1_12' title="bbox 408 1150 2064 1229">
     <span class='ocr_line' id='line_1_12' title="bbox 408 1150 2064 1229; baseline -0.01 -14"><span class='ocrx_word' id='word_1_62' title='bbox 408 1158 794 1229; x_wconf 82' lang='lat' dir='ltr'>abnegarent,</span> <span class='ocrx_word' id='word_1_63' title='bbox 826 1168 1031 1209; x_wconf 90' lang='lat' dir='ltr'>verum</span> <span class='ocrx_word' id='word_1_64' title='bbox 1064 1151 1243 1206; x_wconf 87' lang='lat' dir='ltr'>etiam</span> <span class='ocrx_word' id='word_1_65' title='bbox 1297 1150 1483 1204; x_wconf 90' lang='lat' dir='ltr'>Deum</span> <span class='ocrx_word' id='word_1_66' title='bbox 1531 1164 1756 1215; x_wconf 88' lang='lat' dir='ltr'>verum,</span> <span class='ocrx_word' id='word_1_67' title='bbox 1806 1160 2064 1217; x_wconf 88' lang='lat' dir='ltr'>cumque</span> 
     </span>
    </p>
   </div>
   <div class='ocr_carea' id='block_1_13' title="bbox 409 1237 2063 1309">
    <p class='ocr_par' dir='ltr' id='par_1_13' title="bbox 409 1237 2063 1309">
     <span class='ocr_line' id='line_1_13' title="bbox 409 1237 2063 1309; baseline -0.01 -5"><span class='ocrx_word' id='word_1_68' title='bbox 409 1247 628 1304; x_wconf 89' lang='lat' dir='ltr'>erroris</span> <span class='ocrx_word' id='word_1_69' title='bbox 685 1247 999 1300; x_wconf 86' lang='lat' dir='ltr'>Persarum</span> <span class='ocrx_word' id='word_1_70' title='bbox 1055 1255 1387 1295; x_wconf 86' lang='lat' dir='ltr'>eversorem</span> <span class='ocrx_word' id='word_1_71' title='bbox 1470 1237 1913 1309; x_wconf 79' lang='lat' dir='ltr'>profiterentur,</span> <span class='ocrx_word' id='word_1_72' title='bbox 1971 1239 2063 1305; x_wconf 79' lang='lat' dir='ltr'>ty-</span> 
     </span>
    </p>
   </div>
   <div class='ocr_carea' id='block_1_14' title="bbox 409 1324 2064 1408">
    <p class='ocr_par' dir='ltr' id='par_1_14' title="bbox 409 1324 2064 1408">
     <span class='ocr_line' id='line_1_14' title="bbox 409 1324 2064 1408; baseline -0.009 -16"><span class='ocrx_word' id='word_1_73' title='bbox 409 1336 584 1394; x_wconf 90' lang='lat' dir='ltr'>ranni</span> <span class='ocrx_word' id='word_1_74' title='bbox 608 1335 805 1408; x_wconf 88' lang='lat' dir='ltr'>jussu,</span> <span class='ocrx_word' id='word_1_75' title='bbox 841 1337 1005 1387; x_wconf 82' lang='lat' dir='ltr'>extra</span> <span class='ocrx_word' id='word_1_76' title='bbox 1033 1329 1264 1394; x_wconf 84' lang='lat' dir='ltr'>urbem,</span> <span class='ocrx_word' id='word_1_77' title='bbox 1295 1344 1415 1383; x_wconf 87' lang='lat' dir='ltr'>una</span> <span class='ocrx_word' id='word_1_78' title='bbox 1466 1342 1600 1382; x_wconf 90' lang='lat' dir='ltr'>cum</span> <span class='ocrx_word' id='word_1_79' title='bbox 1644 1330 1848 1381; x_wconf 87' lang='lat' dir='ltr'>sancto</span> <span class='ocrx_word' id='word_1_80' title='bbox 1878 1324 2064 1379; x_wconf 84' lang='lat' dir='ltr'>Onam</span> 
     </span>
    </p>
   </div>
   <div class='ocr_carea' id='block_1_15' title="bbox 413 1418 1378 1494">
    <p class='ocr_par' dir='ltr' id='par_1_15' title="bbox 413 1418 1378 1494">
     <span class='ocr_line' id='line_1_15' title="bbox 413 1418 1378 1494; baseline -0.011 -11"><span class='ocrx_word' id='word_1_81' title='bbox 413 1429 633 1493; x_wconf 82' lang='lat' dir='ltr'>asceta,</span> <span class='ocrx_word' id='word_1_82' title='bbox 666 1421 964 1494; x_wconf 88' lang='lat' dir='ltr'>lapidibus</span> <span class='ocrx_word' id='word_1_83' title='bbox 995 1418 1189 1475; x_wconf 90' lang='lat' dir='ltr'>obruti</span> <span class='ocrx_word' id='word_1_84' title='bbox 1222 1423 1378 1473; x_wconf 90' lang='lat' dir='ltr'>sunt.</span> 
     </span>
    </p>
   </div>
   <div class='ocr_carea' id='block_1_16' title="bbox 1060 1713 1417 1771">
    <p class='ocr_par' dir='ltr' id='par_1_16' title="bbox 1060 1713 1417 1771">
     <span class='ocr_line' id='line_1_16' title="bbox 1060 1713 1417 1771; baseline -0.008 -1"><span class='ocrx_word' id='word_1_85' title='bbox 1060 1714 1283 1771; x_wconf 88' lang='lat' dir='ltr'>Eodem</span> <span class='ocrx_word' id='word_1_86' title='bbox 1321 1713 1417 1769; x_wconf 90' lang='lat' dir='ltr'>die</span> 
     </span>
    </p>
   </div>
   <div class='ocr_carea' id='block_1_17' title="bbox 431 1799 2070 1869">
    <p class='ocr_par' dir='ltr' id='par_1_17' title="bbox 431 1799 2070 1869">
     <span class='ocr_line' id='line_1_17' title="bbox 431 1799 2070 1869; baseline -0.007 -1"><span class='ocrx_word' id='word_1_87' title='bbox 431 1810 585 1868; x_wconf 63' lang='grc' dir='ltr'>τοι</span> <span class='ocrx_word' id='word_1_88' title='bbox 631 1808 914 1864; x_wconf 80' lang='lat' dir='ltr'>Certamen</span> <span class='ocrx_word' id='word_1_89' title='bbox 976 1812 1291 1862; x_wconf 75' lang='lat' dir='ltr'>sanctorum</span> <span class='ocrx_word' id='word_1_90' title='bbox 1348 1801 1645 1858; x_wconf 79' lang='lat' dir='ltr'>Boethazat</span> <span class='ocrx_word' id='word_1_91' title='bbox 1702 1799 1967 1869; x_wconf 83' lang='lat' dir='ltr'>Eunuchi,</span> <span class='ocrx_word' id='word_1_92' title='bbox 2018 1806 2070 1856; x_wconf 81' lang='lat' dir='ltr'>et</span> 
     </span>
    </p>
   </div>
   <div class='ocr_carea' id='block_1_18' title="bbox 541 1871 1935 1948">
    <p class='ocr_par' dir='ltr' id='par_1_18' title="bbox 541 1871 1935 1948">
     <span class='ocr_line' id='line_1_18' title="bbox 541 1871 1935 1948; baseline -0.009 -13"><span class='ocrx_word' id='word_1_93' title='bbox 541 1881 825 1948; x_wconf 86' lang='lat' dir='ltr'>Sasannis,</span> <span class='ocrx_word' id='word_1_94' title='bbox 860 1884 910 1933; x_wconf 78' lang='lat' dir='ltr'>et</span> <span class='ocrx_word' id='word_1_95' title='bbox 938 1877 1214 1933; x_wconf 81' lang='lat' dir='ltr'>sociorum</span> <span class='ocrx_word' id='word_1_96' title='bbox 1252 1877 1497 1930; x_wconf 82' lang='lat' dir='ltr'>virorum</span> <span class='ocrx_word' id='word_1_97' title='bbox 1528 1889 1591 1928; x_wconf 89' lang='lat' dir='ltr'>ac</span> <span class='ocrx_word' id='word_1_98' title='bbox 1619 1871 1935 1927; x_wconf 81' lang='lat' dir='ltr'>mulierum.</span> 
     </span>
    </p>
   </div>
   <div class='ocr_carea' id='block_1_19' title="bbox 492 2032 2069 2107">
    <p class='ocr_par' dir='ltr' id='par_1_19' title="bbox 492 2032 2069 2107">
     <span class='ocr_line' id='line_1_19' title="bbox 492 2032 2069 2107; baseline -0.004 -13"><span class='ocrx_word' id='word_1_99' title='bbox 492 2039 595 2095; x_wconf 87' lang='lat' dir='ltr'>Isti</span> <span class='ocrx_word' id='word_1_100' title='bbox 627 2038 804 2094; x_wconf 87' lang='lat' dir='ltr'>etiam</span> <span class='ocrx_word' id='word_1_101' title='bbox 832 2038 892 2092; x_wconf 93' lang='lat' dir='ltr'>in</span> <span class='ocrx_word' id='word_1_102' title='bbox 925 2036 1132 2093; x_wconf 86' lang='lat' dir='ltr'>eadem</span> <span class='ocrx_word' id='word_1_103' title='bbox 1163 2035 1366 2107; x_wconf 83' lang='lat' dir='ltr'>impia,</span> <span class='ocrx_word' id='word_1_104' title='bbox 1397 2040 1457 2090; x_wconf 89' lang='lat' dir='ltr'>et</span> <span class='ocrx_word' id='word_1_105' title='bbox 1488 2033 1837 2089; x_wconf 62' lang='lat' dir='ltr'>idololatria</span> <span class='ocrx_word' id='word_1_106' title='bbox 1867 2032 2069 2088; x_wconf 90' lang='lat' dir='ltr'>dedita</span> 
     </span>
    </p>
   </div>
   <div class='ocr_carea' id='block_1_20' title="bbox 421 2122 2071 2200">
    <p class='ocr_par' dir='ltr' id='par_1_20' title="bbox 421 2122 2071 2200">
     <span class='ocr_line' id='line_1_20' title="bbox 421 2122 2071 2200; baseline -0.004 -16"><span class='ocrx_word' id='word_1_107' title='bbox 421 2129 764 2200; x_wconf 88' lang='lat' dir='ltr'>iniquorum</span> <span class='ocrx_word' id='word_1_108' title='bbox 798 2129 1111 2183; x_wconf 86' lang='lat' dir='ltr'>Persarum</span> <span class='ocrx_word' id='word_1_109' title='bbox 1137 2126 1377 2199; x_wconf 79' lang='lat' dir='ltr'>regione</span> <span class='ocrx_word' id='word_1_110' title='bbox 1400 2124 1686 2180; x_wconf 89' lang='lat' dir='ltr'>claruere.</span> <span class='ocrx_word' id='word_1_111' title='bbox 1720 2124 1789 2177; x_wconf 87' lang='lat' dir='ltr'>Et</span> <span class='ocrx_word' id='word_1_112' title='bbox 1818 2122 2071 2178; x_wconf 89' lang='lat' dir='ltr'>Boetha-</span> 
     </span>
    </p>
   </div>
   <div class='ocr_carea' id='block_1_21' title="bbox 423 2216 2070 2289">
    <p class='ocr_par' dir='ltr' id='par_1_21' title="bbox 423 2216 2070 2289">
     <span class='ocr_line' id='line_1_21' title="bbox 423 2216 2070 2289; baseline -0.004 -15"><span class='ocrx_word' id='word_1_113' title='bbox 423 2224 513 2274; x_wconf 83' lang='lat' dir='ltr'>zat</span> <span class='ocrx_word' id='word_1_114' title='bbox 542 2218 782 2289; x_wconf 88' lang='lat' dir='ltr'>quidem</span> <span class='ocrx_word' id='word_1_115' title='bbox 814 2234 848 2272; x_wconf 89' lang='lat' dir='ltr'>a</span> <span class='ocrx_word' id='word_1_116' title='bbox 878 2216 1070 2289; x_wconf 90' lang='lat' dir='ltr'>prima</span> <span class='ocrx_word' id='word_1_117' title='bbox 1089 2222 1260 2271; x_wconf 81' lang='lat' dir='ltr'>aetate</span> <span class='ocrx_word' id='word_1_118' title='bbox 1288 2216 1679 2282; x_wconf 88' lang='lat' dir='ltr'>Christianus,</span> <span class='ocrx_word' id='word_1_119' title='bbox 1741 2218 2070 2285; x_wconf 87' lang='lat' dir='ltr'>correptus,</span> 
     </span>
    </p>
   </div>
   <div class='ocr_carea' id='block_1_22' title="bbox 423 2304 2075 2380">
    <p class='ocr_par' dir='ltr' id='par_1_22' title="bbox 423 2304 2075 2380">
     <span class='ocr_line' id='line_1_22' title="bbox 423 2304 2075 2380; baseline -0.004 -16"><span class='ocrx_word' id='word_1_120' title='bbox 423 2325 557 2364; x_wconf 90' lang='lat' dir='ltr'>cum</span> <span class='ocrx_word' id='word_1_121' title='bbox 581 2308 699 2363; x_wconf 91' lang='lat' dir='ltr'>Soli</span> <span class='ocrx_word' id='word_1_122' title='bbox 718 2307 961 2380; x_wconf 78' lang='lat' dir='ltr'>Ignique</span> <span class='ocrx_word' id='word_1_123' title='bbox 987 2307 1323 2362; x_wconf 76' lang='lat' dir='ltr'>sacrificare</span> <span class='ocrx_word' id='word_1_124' title='bbox 1343 2305 1551 2371; x_wconf 86' lang='lat' dir='ltr'>nollet,</span> <span class='ocrx_word' id='word_1_125' title='bbox 1571 2306 1743 2375; x_wconf 84' lang='lat' dir='ltr'>jussu</span> <span class='ocrx_word' id='word_1_126' title='bbox 1767 2304 1920 2377; x_wconf 86' lang='lat' dir='ltr'>regis</span> <span class='ocrx_word' id='word_1_127' title='bbox 1932 2305 2075 2358; x_wconf 90' lang='lat' dir='ltr'>Per-</span> 
     </span>
    </p>
   </div>
   <div class='ocr_carea' id='block_1_23' title="bbox 424 2395 2077 2467">
    <p class='ocr_par' dir='ltr' id='par_1_23' title="bbox 424 2395 2077 2467">
     <span class='ocr_line' id='line_1_23' title="bbox 424 2395 2077 2467; baseline -0.005 -13"><span class='ocrx_word' id='word_1_128' title='bbox 424 2415 647 2465; x_wconf 85' lang='lat' dir='ltr'>sarum,</span> <span class='ocrx_word' id='word_1_129' title='bbox 680 2415 800 2453; x_wconf 88' lang='lat' dir='ltr'>una</span> <span class='ocrx_word' id='word_1_130' title='bbox 826 2414 960 2451; x_wconf 88' lang='lat' dir='ltr'>cum</span> <span class='ocrx_word' id='word_1_131' title='bbox 994 2397 1232 2454; x_wconf 86' lang='lat' dir='ltr'>sanctis.</span> <span class='ocrx_word' id='word_1_132' title='bbox 1269 2402 1402 2467; x_wconf 89' lang='lat' dir='ltr'>post</span> <span class='ocrx_word' id='word_1_133' title='bbox 1457 2395 1645 2450; x_wconf 90' lang='lat' dir='ltr'>multa</span> <span class='ocrx_word' id='word_1_134' title='bbox 1695 2399 1990 2449; x_wconf 88' lang='lat' dir='ltr'>tormenta</span> <span class='ocrx_word' id='word_1_135' title='bbox 2017 2396 2077 2447; x_wconf 91' lang='lat' dir='ltr'>et</span> 
     </span>
    </p>
   </div>
   <div class='ocr_carea' id='block_1_24' title="bbox 420 2484 2075 2557">
    <p class='ocr_par' dir='ltr' id='par_1_24' title="bbox 420 2484 2075 2557">
     <span class='ocr_line' id='line_1_24' title="bbox 420 2484 2075 2557; baseline -0.004 -13"><span class='ocrx_word' id='word_1_136' title='bbox 420 2490 718 2544; x_wconf 85' lang='lat' dir='ltr'>cruciatus</span> <span class='ocrx_word' id='word_1_137' title='bbox 750 2488 1144 2557; x_wconf 87' lang='lat' dir='ltr'>interemptus</span> <span class='ocrx_word' id='word_1_138' title='bbox 1174 2487 1372 2540; x_wconf 78' lang='lat' dir='ltr'>fuitJn</span> <span class='ocrx_word' id='word_1_139' title='bbox 1404 2486 1617 2540; x_wconf 88' lang='lat' dir='ltr'>horum</span> <span class='ocrx_word' id='word_1_140' title='bbox 1650 2500 1899 2539; x_wconf 82' lang='lat' dir='ltr'>numero</span> <span class='ocrx_word' id='word_1_141' title='bbox 1928 2484 2075 2538; x_wconf 88' lang='lat' dir='ltr'>The-</span> 
     </span>
    </p>
   </div>
   <div class='ocr_carea' id='block_1_25' title="bbox 426 2574 2076 2646">
    <p class='ocr_par' dir='ltr' id='par_1_25' title="bbox 426 2574 2076 2646">
     <span class='ocr_line' id='line_1_25' title="bbox 426 2574 2076 2646; baseline -0.002 -15"><span class='ocrx_word' id='word_1_142' title='bbox 426 2577 518 2631; x_wconf 85' lang='lat' dir='ltr'>cla</span> <span class='ocrx_word' id='word_1_143' title='bbox 549 2584 605 2630; x_wconf 86' lang='lat' dir='ltr'>et</span> <span class='ocrx_word' id='word_1_144' title='bbox 635 2580 806 2631; x_wconf 77' lang='lat' dir='ltr'>Anna</span> <span class='ocrx_word' id='word_1_145' title='bbox 831 2576 1336 2641; x_wconf 90' lang='lat' dir='ltr'>sanctimoniales,</span> <span class='ocrx_word' id='word_1_146' title='bbox 1361 2581 1419 2629; x_wconf 89' lang='lat' dir='ltr'>et</span> <span class='ocrx_word' id='word_1_147' title='bbox 1440 2575 1641 2646; x_wconf 85' lang='lat' dir='ltr'>plures</span> <span class='ocrx_word' id='word_1_148' title='bbox 1664 2574 1796 2629; x_wconf 66' lang='lat' dir='ltr'>alia)</span> <span class='ocrx_word' id='word_1_149' title='bbox 1816 2574 2076 2640; x_wconf 69' lang='lat' dir='ltr'>feminae,</span> 
     </span>
    </p>
   </div>
   <div class='ocr_carea' id='block_1_26' title="bbox 427 2662 2080 2736">
    <p class='ocr_par' dir='ltr' id='par_1_26' title="bbox 427 2662 2080 2736">
     <span class='ocr_line' id='line_1_26' title="bbox 427 2662 2080 2736; baseline -0.002 -18"><span class='ocrx_word' id='word_1_150' title='bbox 427 2665 689 2736; x_wconf 88' lang='lat' dir='ltr'>plurima</span> <span class='ocrx_word' id='word_1_151' title='bbox 719 2682 825 2735; x_wconf 92' lang='lat' dir='ltr'>pro</span> <span class='ocrx_word' id='word_1_152' title='bbox 857 2665 1087 2719; x_wconf 82' lang='lat' dir='ltr'>Christo</span> <span class='ocrx_word' id='word_1_153' title='bbox 1118 2681 1435 2736; x_wconf 58' lang='lat' dir='ltr'>perpessas,</span> <span class='ocrx_word' id='word_1_154' title='bbox 1488 2680 1621 2718; x_wconf 92' lang='lat' dir='ltr'>cum</span> <span class='ocrx_word' id='word_1_155' title='bbox 1668 2662 2080 2718; x_wconf 80' lang='lat' dir='ltr'>vehementius</span> 
     </span>
    </p>
   </div>
   <div class='ocr_carea' id='block_1_27' title="bbox 431 2751 2079 2826">
    <p class='ocr_par' dir='ltr' id='par_1_27' title="bbox 431 2751 2079 2826">
     <span class='ocr_line' id='line_1_27' title="bbox 431 2751 2079 2826; baseline -0.002 -18"><span class='ocrx_word' id='word_1_156' title='bbox 431 2754 597 2826; x_wconf 86' lang='lat' dir='ltr'>impii</span> <span class='ocrx_word' id='word_1_157' title='bbox 632 2754 787 2825; x_wconf 78' lang='lat' dir='ltr'>regis</span> <span class='ocrx_word' id='word_1_158' title='bbox 818 2754 1251 2809; x_wconf 84' lang='lat' dir='ltr'>immanitatem</span> <span class='ocrx_word' id='word_1_159' title='bbox 1300 2760 1359 2807; x_wconf 89' lang='lat' dir='ltr'>et</span> <span class='ocrx_word' id='word_1_160' title='bbox 1390 2753 1703 2808; x_wconf 90' lang='lat' dir='ltr'>stultitiam</span> <span class='ocrx_word' id='word_1_161' title='bbox 1746 2751 2079 2823; x_wconf 80' lang='lat' dir='ltr'>redarguis-</span> 
     </span>
    </p>
   </div>
   <div class='ocr_carea' id='block_1_28' title="bbox 434 2840 2084 2914">
    <p class='ocr_par' dir='ltr' id='par_1_28' title="bbox 434 2840 2084 2914">
     <span class='ocr_line' id='line_1_28' title="bbox 434 2840 2084 2914; baseline -0.002 -17"><span class='ocrx_word' id='word_1_162' title='bbox 434 2848 583 2897; x_wconf 85' lang='lat' dir='ltr'>sent.</span> <span class='ocrx_word' id='word_1_163' title='bbox 620 2842 810 2913; x_wconf 88' lang='lat' dir='ltr'>capite</span> <span class='ocrx_word' id='word_1_164' title='bbox 840 2843 1024 2914; x_wconf 67' lang='lat' dir='ltr'>plexa:</span> <span class='ocrx_word' id='word_1_165' title='bbox 1058 2849 1216 2897; x_wconf 88' lang='lat' dir='ltr'>sunt.</span> <span class='ocrx_word' id='word_1_166' title='bbox 1251 2841 1536 2896; x_wconf 89' lang='lat' dir='ltr'>Similiter</span> <span class='ocrx_word' id='word_1_167' title='bbox 1567 2848 1625 2895; x_wconf 88' lang='lat' dir='ltr'>et</span> <span class='ocrx_word' id='word_1_168' title='bbox 1676 2846 1795 2896; x_wconf 88' lang='lat' dir='ltr'>tres</span> <span class='ocrx_word' id='word_1_169' title='bbox 1824 2840 2084 2911; x_wconf 76' lang='lat' dir='ltr'>virgines</span> 
     </span>
    </p>
   </div>
   <div class='ocr_carea' id='block_1_29' title="bbox 432 2929 2088 3003">
    <p class='ocr_par' dir='ltr' id='par_1_29' title="bbox 432 2929 2088 3003">
     <span class='ocr_line' id='line_1_29' title="bbox 432 2929 2088 3003; baseline -0.002 -17"><span class='ocrx_word' id='word_1_170' title='bbox 432 2930 628 3003; x_wconf 80' lang='lat' dir='ltr'>gladio</span> <span class='ocrx_word' id='word_1_171' title='bbox 656 2948 822 2987; x_wconf 73' lang='lat' dir='ltr'>cmsm</span> <span class='ocrx_word' id='word_1_172' title='bbox 841 2930 1170 2986; x_wconf 92' lang='lat' dir='ltr'>occubuere</span> <span class='ocrx_word' id='word_1_173' title='bbox 1198 2947 1210 2985; x_wconf 93' lang='lat'>:</span> <span class='ocrx_word' id='word_1_174' title='bbox 1237 2947 1307 2985; x_wconf 84' lang='lat' dir='ltr'>ex</span> <span class='ocrx_word' id='word_1_175' title='bbox 1328 2946 1583 3001; x_wconf 89' lang='lat' dir='ltr'>quorum</span> <span class='ocrx_word' id='word_1_176' title='bbox 1602 2929 1892 3002; x_wconf 80' lang='lat' dir='ltr'>sanguine</span> <span class='ocrx_word' id='word_1_177' title='bbox 1911 2933 2088 2984; x_wconf 89' lang='lat' dir='ltr'>enata</span> 
     </span>
    </p>
   </div>
   <div class='ocr_carea' id='block_1_30' title="bbox 438 3016 2088 3087">
    <p class='ocr_par' dir='ltr' id='par_1_30' title="bbox 438 3016 2088 3087">
     <span class='ocr_line' id='line_1_30' title="bbox 438 3016 2088 3087; baseline -0.002 -13"><span class='ocrx_word' id='word_1_178' title='bbox 438 3018 609 3087; x_wconf 79' lang='lat' dir='ltr'>ﬁcus,</span> <span class='ocrx_word' id='word_1_179' title='bbox 641 3018 1017 3074; x_wconf 88' lang='lat' dir='ltr'>curationum</span> <span class='ocrx_word' id='word_1_180' title='bbox 1050 3019 1274 3074; x_wconf 89' lang='lat' dir='ltr'>donum</span> <span class='ocrx_word' id='word_1_181' title='bbox 1307 3018 1585 3074; x_wconf 83' lang='lat' dir='ltr'>ﬁdelibus</span> <span class='ocrx_word' id='word_1_182' title='bbox 1602 3018 1783 3086; x_wconf 91' lang='lat' dir='ltr'>dedit,</span> <span class='ocrx_word' id='word_1_183' title='bbox 1812 3016 2088 3072; x_wconf 90' lang='lat' dir='ltr'>morbum</span> 
     </span>
    </p>
   </div>
   <div class='ocr_carea' id='block_1_31' title="bbox 2094 1901 2142 1966">
    <p class='ocr_par' dir='ltr' id='par_1_31' title="bbox 2094 1901 2142 1966">
     <span class='ocr_line' id='line_1_31' title="bbox 2094 1901 2142 1966; baseline 0 0"><span class='ocrx_word' id='word_1_184' title='bbox 2094 1901 2142 1966; x_wconf 92' lang='lat' dir='ltr'><strong>B</strong></span> 
     </span>
    </p>
   </div>
   <div class='ocr_carea' id='block_1_32' title="bbox 2168 593 3835 676">
    <p class='ocr_par' dir='ltr' id='par_1_32' title="bbox 2168 593 3835 676">
     <span class='ocr_line' id='line_1_32' title="bbox 2168 593 3835 676; baseline -0.002 -21"><span class='ocrx_word' id='word_1_185' title='bbox 2168 606 2279 655; x_wconf 82' lang='grc' dir='ltr'>τῶν</span> <span class='ocrx_word' id='word_1_186' title='bbox 2319 601 2621 676; x_wconf 83' lang='grc' dir='ltr'>ἀνθρώπων</span> <span class='ocrx_word' id='word_1_187' title='bbox 2681 598 2798 674; x_wconf 77' lang='grc' dir='ltr'>(διὰ</span> <span class='ocrx_word' id='word_1_188' title='bbox 2851 600 2953 676; x_wconf 80' lang='grc' dir='ltr'>γάρ</span> <span class='ocrx_word' id='word_1_189' title='bbox 3010 597 3279 672; x_wconf 70' lang='grc' dir='ltr'>ἡμετέραν</span> <span class='ocrx_word' id='word_1_190' title='bbox 3341 596 3636 671; x_wconf 76' lang='grc' dir='ltr'>ὑπηρεσίαν</span> <span class='ocrx_word' id='word_1_191' title='bbox 3691 593 3835 671; x_wconf 80' lang='grc' dir='ltr'>ἔφα-</span> 
     </span>
    </p>
   </div>
   <div class='ocr_carea' id='block_1_33' title="bbox 2172 685 3837 765">
    <p class='ocr_par' dir='ltr' id='par_1_33' title="bbox 2172 685 3837 765">
     <span class='ocr_line' id='line_1_33' title="bbox 2172 685 3837 765; baseline -0.003 -20"><span class='ocrx_word' id='word_1_192' title='bbox 2172 711 2298 745; x_wconf 87' lang='grc' dir='ltr'>σκον</span> <span class='ocrx_word' id='word_1_193' title='bbox 2355 694 2524 745; x_wconf 88' lang='grc' dir='ltr'>ταῦτα</span> <span class='ocrx_word' id='word_1_194' title='bbox 2579 685 2848 765; x_wconf 71' lang='grc' dir='ltr'>γενέσθαι,</span> <span class='ocrx_word' id='word_1_195' title='bbox 2908 690 2988 751; x_wconf 80' lang='grc' dir='ltr'>εἷς</span> <span class='ocrx_word' id='word_1_196' title='bbox 3047 685 3105 743; x_wconf 70' lang='grc' dir='ltr'>δὲ</span> <span class='ocrx_word' id='word_1_197' title='bbox 3166 689 3331 761; x_wconf 81' lang='grc' dir='ltr'>μόνος</span> <span class='ocrx_word' id='word_1_198' title='bbox 3388 687 3518 747; x_wconf 85' lang='grc' dir='ltr'>Θεὸς</span> <span class='ocrx_word' id='word_1_199' title='bbox 3578 687 3605 740; x_wconf 84' lang='grc' dir='ltr'>ὁ</span> <span class='ocrx_word' id='word_1_200' title='bbox 3658 690 3837 741; x_wconf 79' lang='grc' dir='ltr'>ταῦτα</span> 
     </span>
    </p>
   </div>
   <div class='ocr_carea' id='block_1_34' title="bbox 2166 771 3839 855">
    <p class='ocr_par' dir='ltr' id='par_1_34' title="bbox 2166 771 3839 855">
     <span class='ocr_line' id='line_1_34' title="bbox 2166 771 3839 855; baseline -0.001 -23"><span class='ocrx_word' id='word_1_201' title='bbox 2166 782 2544 855; x_wconf 88' lang='grc' dir='ltr'>παραγαγὼν),</span> <span class='ocrx_word' id='word_1_202' title='bbox 2578 774 2946 849; x_wconf 72' lang='grc' dir='ltr'>διεϐλήθησαν</span> <span class='ocrx_word' id='word_1_203' title='bbox 2998 775 3079 850; x_wconf 80' lang='grc' dir='ltr'>τῷ</span> <span class='ocrx_word' id='word_1_204' title='bbox 3139 776 3376 853; x_wconf 83' lang='grc' dir='ltr'>βασιλεῖ.</span> <span class='ocrx_word' id='word_1_205' title='bbox 3433 776 3495 832; x_wconf 90' lang='grc' dir='ltr'>Ὁ</span> <span class='ocrx_word' id='word_1_206' title='bbox 3553 771 3631 844; x_wconf 71' lang='grc' dir='ltr'>δὲ,</span> <span class='ocrx_word' id='word_1_207' title='bbox 3692 775 3839 850; x_wconf 85' lang='grc' dir='ltr'>μετὰ</span> 
     </span>
    </p>
   </div>
   <div class='ocr_carea' id='block_1_35' title="bbox 2165 866 3835 942">
    <p class='ocr_par' dir='ltr' id='par_1_35' title="bbox 2165 866 3835 942">
     <span class='ocr_line' id='line_1_35' title="bbox 2165 866 3835 942; baseline -0.001 -20"><span class='ocrx_word' id='word_1_208' title='bbox 2165 869 2342 940; x_wconf 87' lang='grc' dir='ltr'>θυμοῦ</span> <span class='ocrx_word' id='word_1_209' title='bbox 2407 866 2648 942; x_wconf 80' lang='grc' dir='ltr'>μεγάλου</span> <span class='ocrx_word' id='word_1_210' title='bbox 2713 868 2803 922; x_wconf 84' lang='grc' dir='ltr'>καὶ</span> <span class='ocrx_word' id='word_1_211' title='bbox 2888 868 3084 942; x_wconf 77' lang='grc' dir='ltr'>ὀργῆς,</span> <span class='ocrx_word' id='word_1_212' title='bbox 3168 866 3412 939; x_wconf 72' lang='grc' dir='ltr'>πέμψας,</span> <span class='ocrx_word' id='word_1_213' title='bbox 3498 866 3835 939; x_wconf 84' lang='grc' dir='ltr'>στρατιώτα,</span> 
     </span>
    </p>
   </div>
   <div class='ocr_carea' id='block_1_36' title="bbox 2168 953 3839 1031">
    <p class='ocr_par' dir='ltr' id='par_1_36' title="bbox 2168 953 3839 1031">
     <span class='ocr_line' id='line_1_36' title="bbox 2168 953 3839 1031; baseline -0.003 -20"><span class='ocrx_word' id='word_1_214' title='bbox 2168 955 2461 1031; x_wconf 79' lang='grc' dir='ltr'>ἐκράτησεν</span> <span class='ocrx_word' id='word_1_215' title='bbox 2522 955 2740 1018; x_wconf 86' lang='grc' dir='ltr'>αύτούς.</span> <span class='ocrx_word' id='word_1_216' title='bbox 2793 954 3006 1018; x_wconf 68' lang='grc' dir='ltr'>Οῖτινες</span> <span class='ocrx_word' id='word_1_217' title='bbox 3067 953 3283 1028; x_wconf 81' lang='grc' dir='ltr'>δὲσμιοι</span> <span class='ocrx_word' id='word_1_218' title='bbox 3352 954 3690 1030; x_wconf 72' lang='grc' dir='ltr'>παρέστησαν</span> <span class='ocrx_word' id='word_1_219' title='bbox 3745 957 3839 1026; x_wconf 78' lang='grc' dir='ltr'>τῷ</span> 
     </span>
    </p>
   </div>
   <div class='ocr_carea' id='block_1_37' title="bbox 2172 1041 3842 1121">
    <p class='ocr_par' dir='ltr' id='par_1_37' title="bbox 2172 1041 3842 1121">
     <span class='ocr_line' id='line_1_37' title="bbox 2172 1041 3842 1121; baseline -0.001 -22"><span class='ocrx_word' id='word_1_220' title='bbox 2172 1044 2382 1121; x_wconf 80' lang='grc' dir='ltr'>βήματι</span> <span class='ocrx_word' id='word_1_221' title='bbox 2439 1044 2625 1100; x_wconf 76' lang='grc' dir='ltr'>αὐτοῦ.</span> <span class='ocrx_word' id='word_1_222' title='bbox 2687 1044 2793 1101; x_wconf 81' lang='grc' dir='ltr'>Καὶ</span> <span class='ocrx_word' id='word_1_223' title='bbox 2848 1046 3251 1120; x_wconf 72' lang='grc' dir='ltr'>γυμνωθέντες,</span> <span class='ocrx_word' id='word_1_224' title='bbox 3338 1041 3610 1120; x_wconf 78' lang='grc' dir='ltr'>διαφόρως</span> <span class='ocrx_word' id='word_1_225' title='bbox 3688 1041 3842 1116; x_wconf 87' lang='grc' dir='ltr'>ἐμα-</span> 
     </span>
    </p>
   </div>
   <div class='ocr_carea' id='block_1_38' title="bbox 2170 1129 3835 1207">
    <p class='ocr_par' dir='ltr' id='par_1_38' title="bbox 2170 1129 3835 1207">
     <span class='ocr_line' id='line_1_38' title="bbox 2170 1129 3835 1207; baseline 0 -21"><span class='ocrx_word' id='word_1_226' title='bbox 2170 1132 2440 1203; x_wconf 78' lang='grc' dir='ltr'>στίζοντο,</span> <span class='ocrx_word' id='word_1_227' title='bbox 2498 1134 2588 1188; x_wconf 85' lang='grc' dir='ltr'>καὶ</span> <span class='ocrx_word' id='word_1_228' title='bbox 2642 1133 3038 1204; x_wconf 83' lang='grc' dir='ltr'>κατεξαίνοντο.</span> <span class='ocrx_word' id='word_1_229' title='bbox 3101 1132 3225 1189; x_wconf 84' lang='grc' dir='ltr'>Ἐπῖ</span> <span class='ocrx_word' id='word_1_230' title='bbox 3315 1129 3373 1187; x_wconf 75' lang='grc' dir='ltr'>δὲ</span> <span class='ocrx_word' id='word_1_231' title='bbox 3448 1132 3543 1187; x_wconf 89' lang='grc' dir='ltr'>τὸν</span> <span class='ocrx_word' id='word_1_232' title='bbox 3621 1130 3835 1207; x_wconf 78' lang='grc' dir='ltr'>Κύριον</span> 
     </span>
    </p>
   </div>
   <div class='ocr_carea' id='block_1_39' title="bbox 2168 1220 3835 1298">
    <p class='ocr_par' dir='ltr' id='par_1_39' title="bbox 2168 1220 3835 1298">
     <span class='ocr_line' id='line_1_39' title="bbox 2168 1220 3835 1298; baseline -0.002 -20"><span class='ocrx_word' id='word_1_233' title='bbox 2168 1225 2331 1295; x_wconf 75' lang='grc' dir='ltr'>ἡμῶν</span> <span class='ocrx_word' id='word_1_234' title='bbox 2386 1225 2597 1293; x_wconf 78' lang='grc' dir='ltr'>Ἰησοῦν</span> <span class='ocrx_word' id='word_1_235' title='bbox 2652 1224 2885 1298; x_wconf 87' lang='grc' dir='ltr'>Χριστὸν</span> <span class='ocrx_word' id='word_1_236' title='bbox 2942 1223 3007 1278; x_wconf 85' lang='grc' dir='ltr'>ού</span> <span class='ocrx_word' id='word_1_237' title='bbox 3069 1222 3235 1295; x_wconf 82' lang='grc' dir='ltr'>μόνον</span> <span class='ocrx_word' id='word_1_238' title='bbox 3311 1220 3411 1276; x_wconf 75' lang='grc' dir='ltr'>οὐκ</span> <span class='ocrx_word' id='word_1_239' title='bbox 3493 1221 3835 1297; x_wconf 76' lang='grc' dir='ltr'>ἠρνήσαντο,</span> 
     </span>
    </p>
   </div>
   <div class='ocr_carea' id='block_1_40' title="bbox 2169 1310 3835 1386">
    <p class='ocr_par' dir='ltr' id='par_1_40' title="bbox 2169 1310 3835 1386">
     <span class='ocr_line' id='line_1_40' title="bbox 2169 1310 3835 1386; baseline -0.002 -19"><span class='ocrx_word' id='word_1_240' title='bbox 2169 1310 2429 1367; x_wconf 74' lang='grc' dir='ltr'>ἀλλὰκαὶ</span> <span class='ocrx_word' id='word_1_241' title='bbox 2462 1312 2591 1369; x_wconf 75' lang='grc' dir='ltr'>Θεὸν</span> <span class='ocrx_word' id='word_1_242' title='bbox 2624 1311 2909 1384; x_wconf 81' lang='grc' dir='ltr'>ἀληθινὸν,</span> <span class='ocrx_word' id='word_1_243' title='bbox 2959 1312 3048 1366; x_wconf 81' lang='grc' dir='ltr'>καὶ</span> <span class='ocrx_word' id='word_1_244' title='bbox 3103 1318 3206 1381; x_wconf 85' lang='grc' dir='ltr'>τῆς</span> <span class='ocrx_word' id='word_1_245' title='bbox 3255 1315 3364 1366; x_wconf 83' lang='grc' dir='ltr'>τῶν</span> <span class='ocrx_word' id='word_1_246' title='bbox 3417 1314 3633 1386; x_wconf 78' lang='grc' dir='ltr'>Περσῶν</span> <span class='ocrx_word' id='word_1_247' title='bbox 3679 1310 3835 1366; x_wconf 83' lang='grc' dir='ltr'>πλά-</span> 
     </span>
    </p>
   </div>
   <div class='ocr_carea' id='block_1_41' title="bbox 2169 1400 3843 1480">
    <p class='ocr_par' dir='ltr' id='par_1_41' title="bbox 2169 1400 3843 1480">
     <span class='ocr_line' id='line_1_41' title="bbox 2169 1400 3843 1480; baseline -0.002 -23"><span class='ocrx_word' id='word_1_248' title='bbox 2169 1424 2269 1475; x_wconf 91' lang='grc' dir='ltr'>νης</span> <span class='ocrx_word' id='word_1_249' title='bbox 2321 1402 2631 1473; x_wconf 61' lang='grc' dir='ltr'>ωταλυτὴν</span> <span class='ocrx_word' id='word_1_250' title='bbox 2687 1402 3103 1480; x_wconf 85' lang='grc' dir='ltr'>ἀνωμολόγουν,</span> <span class='ocrx_word' id='word_1_251' title='bbox 3152 1402 3438 1477; x_wconf 80' lang='grc' dir='ltr'>προστάξει</span> <span class='ocrx_word' id='word_1_252' title='bbox 3485 1405 3584 1456; x_wconf 88' lang='grc' dir='ltr'>τοῦ</span> <span class='ocrx_word' id='word_1_253' title='bbox 3630 1400 3843 1476; x_wconf 87' lang='grc' dir='ltr'>τυράν-</span> 
     </span>
    </p>
   </div>
   <div class='ocr_carea' id='block_1_42' title="bbox 2170 1489 3836 1568">
    <p class='ocr_par' dir='ltr' id='par_1_42' title="bbox 2170 1489 3836 1568">
     <span class='ocr_line' id='line_1_42' title="bbox 2170 1489 3836 1568; baseline -0.001 -20"><span class='ocrx_word' id='word_1_254' title='bbox 2170 1513 2289 1565; x_wconf 85' lang='grc' dir='ltr'>νου,</span> <span class='ocrx_word' id='word_1_255' title='bbox 2318 1500 2418 1563; x_wconf 86' lang='grc' dir='ltr'>τῆς</span> <span class='ocrx_word' id='word_1_256' title='bbox 2449 1490 2667 1556; x_wconf 88' lang='grc' dir='ltr'>πόλεως</span> <span class='ocrx_word' id='word_1_257' title='bbox 2697 1489 2820 1565; x_wconf 76' lang='grc' dir='ltr'>ἔξω,</span> <span class='ocrx_word' id='word_1_258' title='bbox 2851 1492 2945 1548; x_wconf 79' lang='grc' dir='ltr'>σὺν</span> <span class='ocrx_word' id='word_1_259' title='bbox 2974 1496 3054 1565; x_wconf 80' lang='grc' dir='ltr'>τῷ</span> <span class='ocrx_word' id='word_1_260' title='bbox 3082 1491 3220 1568; x_wconf 81' lang='grc' dir='ltr'>ἁγίῳ</span> <span class='ocrx_word' id='word_1_261' title='bbox 3250 1492 3425 1565; x_wconf 79' lang='grc' dir='ltr'>Ὠνὰμ</span> <span class='ocrx_word' id='word_1_262' title='bbox 3462 1495 3543 1564; x_wconf 75' lang='grc' dir='ltr'>τῷ</span> <span class='ocrx_word' id='word_1_263' title='bbox 3589 1490 3836 1564; x_wconf 75' lang='grc' dir='ltr'>ἀσκητῇ,</span> 
     </span>
    </p>
   </div>
   <div class='ocr_carea' id='block_1_43' title="bbox 2173 1577 2671 1654">
    <p class='ocr_par' dir='ltr' id='par_1_43' title="bbox 2173 1577 2671 1654">
     <span class='ocr_line' id='line_1_43' title="bbox 2173 1577 2671 1654; baseline 0.004 -17"><span class='ocrx_word' id='word_1_264' title='bbox 2173 1577 2671 1654; x_wconf 79' lang='grc' dir='ltr'>ἐλιθοϐολήθησαν.</span> 
     </span>
    </p>
   </div>
   <div class='ocr_carea' id='block_1_44' title="bbox 2760 1698 3237 1775">
    <p class='ocr_par' dir='ltr' id='par_1_44' title="bbox 2760 1698 3237 1775">
     <span class='ocr_line' id='line_1_44' title="bbox 2760 1698 3237 1775; baseline -0.004 -2"><span class='ocrx_word' id='word_1_265' title='bbox 2760 1701 2846 1773; x_wconf 69' lang='lat' dir='ltr'>Ti</span> <span class='ocrx_word' id='word_1_266' title='bbox 2885 1699 3024 1772; x_wconf 71' lang='grc' dir='ltr'>αὐτῇ</span> <span class='ocrx_word' id='word_1_267' title='bbox 3051 1698 3237 1775; x_wconf 68' lang='grc' dir='ltr'>ἡμέρᾳ</span> 
     </span>
    </p>
   </div>
   <div class='ocr_carea' id='block_1_45' title="bbox 2173 1784 3835 1864">
    <p class='ocr_par' dir='ltr' id='par_1_45' title="bbox 2173 1784 3835 1864">
     <span class='ocr_line' id='line_1_45' title="bbox 2173 1784 3835 1864; baseline -0.004 -17"><span class='ocrx_word' id='word_1_268' title='bbox 2173 1787 2443 1864; x_wconf 68' lang='grc' dir='ltr'>’Ἄθλησις</span> <span class='ocrx_word' id='word_1_269' title='bbox 2473 1792 2582 1843; x_wconf 81' lang='grc' dir='ltr'>τῶν</span> <span class='ocrx_word' id='word_1_270' title='bbox 2632 1786 2807 1864; x_wconf 25' lang='grc' dir='ltr'>*ἁγίων</span> <span class='ocrx_word' id='word_1_271' title='bbox 2870 1786 3154 1864; x_wconf 71' lang='grc' dir='ltr'>Βοηθαζᾶτ</span> <span class='ocrx_word' id='word_1_272' title='bbox 3213 1789 3332 1864; x_wconf 44' lang='grc' dir='ltr'>τοῦ.</span> <span class='ocrx_word' id='word_1_273' title='bbox 3372 1785 3676 1864; x_wconf 67' lang='grc' dir='ltr'>Εὐνούχου,</span> <span class='ocrx_word' id='word_1_274' title='bbox 3734 1784 3835 1864; x_wconf 54' lang='grc' dir='ltr'>καῖ</span> 
     </span>
    </p>
   </div>
   <div class='ocr_carea' id='block_1_46' title="bbox 2249 1857 3833 1934">
    <p class='ocr_par' dir='ltr' id='par_1_46' title="bbox 2249 1857 3833 1934">
     <span class='ocr_line' id='line_1_46' title="bbox 2249 1857 3833 1934; baseline -0.002 -20"><span class='ocrx_word' id='word_1_275' title='bbox 2249 1857 2648 1931; x_wconf 78' lang='grc' dir='ltr'>Σασάνους,καὶ</span> <span class='ocrx_word' id='word_1_276' title='bbox 2677 1857 2785 1915; x_wconf 73' lang='grc' dir='ltr'>τῶν</span> <span class='ocrx_word' id='word_1_277' title='bbox 2845 1859 2937 1914; x_wconf 75' lang='grc' dir='ltr'>σὺν</span> <span class='ocrx_word' id='word_1_278' title='bbox 2973 1857 3181 1922; x_wconf 59' lang='grc' dir='ltr'>ἀὐτοῖς</span> <span class='ocrx_word' id='word_1_279' title='bbox 3241 1857 3409 1934; x_wconf 85' lang='grc' dir='ltr'>ἆγίων</span> <span class='ocrx_word' id='word_1_280' title='bbox 3467 1857 3676 1933; x_wconf 73' lang='grc' dir='ltr'>ἀνδρῶν</span> <span class='ocrx_word' id='word_1_281' title='bbox 3733 1858 3833 1913; x_wconf 80' lang='grc' dir='ltr'>καὶ</span> 
     </span>
    </p>
   </div>
   <div class='ocr_carea' id='block_1_47' title="bbox 2245 1937 2533 2007">
    <p class='ocr_par' dir='ltr' id='par_1_47' title="bbox 2245 1937 2533 2007">
     <span class='ocr_line' id='line_1_47' title="bbox 2245 1937 2533 2007; baseline 0.003 -21"><span class='ocrx_word' id='word_1_282' title='bbox 2245 1937 2533 2007; x_wconf 80' lang='grc' dir='ltr'>γυναικῶν.</span> 
     </span>
    </p>
   </div>
   <div class='ocr_carea' id='block_1_48' title="bbox 2246 2022 3838 2103">
    <p class='ocr_par' dir='ltr' id='par_1_48' title="bbox 2246 2022 3838 2103">
     <span class='ocr_line' id='line_1_48' title="bbox 2246 2022 3838 2103; baseline -0.001 -19"><span class='ocrx_word' id='word_1_283' title='bbox 2246 2028 2486 2103; x_wconf 75' lang='grc' dir='ltr'>Ὁμοίως</span> <span class='ocrx_word' id='word_1_284' title='bbox 2518 2029 2610 2085; x_wconf 78' lang='grc' dir='ltr'>καὶ</span> <span class='ocrx_word' id='word_1_285' title='bbox 2643 2026 2791 2084; x_wconf 78' lang='grc' dir='ltr'>οὗτοι</span> <span class='ocrx_word' id='word_1_286' title='bbox 2852 2028 2904 2084; x_wconf 89' lang='grc' dir='ltr'>ἐν</span> <span class='ocrx_word' id='word_1_287' title='bbox 2950 2033 3019 2103; x_wconf 77' lang='grc' dir='ltr'>τῇ</span> <span class='ocrx_word' id='word_1_288' title='bbox 3068 2022 3462 2102; x_wconf 72' lang='grc' dir='ltr'>δυσσεϐεστάτη</span> <span class='ocrx_word' id='word_1_289' title='bbox 3509 2025 3598 2082; x_wconf 81' lang='grc' dir='ltr'>καί</span> <span class='ocrx_word' id='word_1_290' title='bbox 3651 2047 3838 2084; x_wconf 81' lang='grc' dir='ltr'>κατει-</span> 
     </span>
    </p>
   </div>
   <div class='ocr_carea' id='block_1_49' title="bbox 2178 2101 3844 2196">
    <p class='ocr_par' dir='ltr' id='par_1_49' title="bbox 2178 2101 3844 2196">
     <span class='ocr_line' id='line_1_49' title="bbox 2178 2101 3844 2196; baseline -0.003 -23"><span class='ocrx_word' id='word_1_291' title='bbox 2178 2101 2346 2192; x_wconf 54' lang='grc' dir='ltr'>δώλὶρ</span> <span class='ocrx_word' id='word_1_292' title='bbox 2381 2121 2541 2195; x_wconf 82' lang='grc' dir='ltr'>χώρᾳ</span> <span class='ocrx_word' id='word_1_293' title='bbox 2567 2123 2674 2173; x_wconf 81' lang='grc' dir='ltr'>τῶν</span> <span class='ocrx_word' id='word_1_294' title='bbox 2707 2101 3038 2196; x_wconf 82' lang='grc' dir='ltr'>παρανόμων</span> <span class='ocrx_word' id='word_1_295' title='bbox 3084 2123 3305 2193; x_wconf 84' lang='grc' dir='ltr'>Περσῶν</span> <span class='ocrx_word' id='word_1_296' title='bbox 3361 2101 3680 2193; x_wconf 81' lang='grc' dir='ltr'>ἐτύγχανον.</span> <span class='ocrx_word' id='word_1_297' title='bbox 3734 2114 3844 2172; x_wconf 76' lang='grc' dir='ltr'>Καὶ</span> 
     </span>
    </p>
   </div>
   <div class='ocr_carea' id='block_1_50' title="bbox 2180 2202 3848 2283">
    <p class='ocr_par' dir='ltr' id='par_1_50' title="bbox 2180 2202 3848 2283">
     <span class='ocr_line' id='line_1_50' title="bbox 2180 2202 3848 2283; baseline -0.001 -21"><span class='ocrx_word' id='word_1_298' title='bbox 2180 2208 2208 2262; x_wconf 90' lang='grc' dir='ltr'><strong>ὁ</strong></span> <span class='ocrx_word' id='word_1_299' title='bbox 2257 2207 2351 2281; x_wconf 76' lang='grc' dir='ltr'>μὶν</span> <span class='ocrx_word' id='word_1_300' title='bbox 2407 2208 2686 2278; x_wconf 82' lang='grc' dir='ltr'>Βοηθαζὰτ</span> <span class='ocrx_word' id='word_1_301' title='bbox 2756 2209 3082 2282; x_wconf 82' lang='grc' dir='ltr'>Χριστιανὸς</span> <span class='ocrx_word' id='word_1_302' title='bbox 3144 2207 3204 2262; x_wconf 83' lang='grc' dir='ltr'>ἐκ</span> <span class='ocrx_word' id='word_1_303' title='bbox 3266 2206 3497 2283; x_wconf 74' lang='grc' dir='ltr'>βρέφους</span> <span class='ocrx_word' id='word_1_304' title='bbox 3548 2202 3647 2276; x_wconf 79' lang='grc' dir='ltr'>ὢν,</span> <span class='ocrx_word' id='word_1_305' title='bbox 3702 2226 3848 2279; x_wconf 78' lang='grc' dir='ltr'>κρα-</span> 
     </span>
    </p>
   </div>
   <div class='ocr_carea' id='block_1_51' title="bbox 2178 2294 3851 2370">
    <p class='ocr_par' dir='ltr' id='par_1_51' title="bbox 2178 2294 3851 2370">
     <span class='ocr_line' id='line_1_51' title="bbox 2178 2294 3851 2370; baseline -0.003 -17"><span class='ocrx_word' id='word_1_306' title='bbox 2178 2296 2385 2368; x_wconf 77' lang='grc' dir='ltr'>τηθείς,</span> <span class='ocrx_word' id='word_1_307' title='bbox 2445 2297 2534 2352; x_wconf 79' lang='grc' dir='ltr'>καὶ</span> <span class='ocrx_word' id='word_1_308' title='bbox 2596 2299 2673 2369; x_wconf 80' lang='grc' dir='ltr'>μή</span> <span class='ocrx_word' id='word_1_309' title='bbox 2733 2297 2971 2362; x_wconf 81' lang='grc' dir='ltr'>πεισθεὶς</span> <span class='ocrx_word' id='word_1_310' title='bbox 3029 2298 3184 2351; x_wconf 79' lang='grc' dir='ltr'>θῦσαι</span> <span class='ocrx_word' id='word_1_311' title='bbox 3239 2301 3320 2370; x_wconf 78' lang='grc' dir='ltr'>τῷ</span> <span class='ocrx_word' id='word_1_312' title='bbox 3377 2295 3559 2368; x_wconf 82' lang='grc' dir='ltr'>Ἡλίῳ</span> <span class='ocrx_word' id='word_1_313' title='bbox 3614 2294 3704 2349; x_wconf 80' lang='grc' dir='ltr'>καὶ</span> <span class='ocrx_word' id='word_1_314' title='bbox 3759 2298 3851 2367; x_wconf 79' lang='grc' dir='ltr'>τῷ</span> 
     </span>
    </p>
   </div>
   <div class='ocr_carea' id='block_1_52' title="bbox 2182 2385 3845 2463">
    <p class='ocr_par' dir='ltr' id='par_1_52' title="bbox 2182 2385 3845 2463">
     <span class='ocr_line' id='line_1_52' title="bbox 2182 2385 3845 2463; baseline -0.002 -22"><span class='ocrx_word' id='word_1_315' title='bbox 2182 2388 2343 2463; x_wconf 85' lang='grc' dir='ltr'>Πυρὶ,</span> <span class='ocrx_word' id='word_1_316' title='bbox 2399 2387 2687 2460; x_wconf 77' lang='grc' dir='ltr'>προστάξει</span> <span class='ocrx_word' id='word_1_317' title='bbox 2732 2392 2830 2443; x_wconf 82' lang='grc' dir='ltr'>τοῦ</span> <span class='ocrx_word' id='word_1_318' title='bbox 2890 2391 3107 2462; x_wconf 79' lang='grc' dir='ltr'>Περσῶν</span> <span class='ocrx_word' id='word_1_319' title='bbox 3190 2385 3478 2462; x_wconf 85' lang='grc' dir='ltr'>βασιλέως,</span> <span class='ocrx_word' id='word_1_320' title='bbox 3548 2387 3663 2459; x_wconf 79' lang='grc' dir='ltr'>ἅμα</span> <span class='ocrx_word' id='word_1_321' title='bbox 3718 2389 3845 2446; x_wconf 86' lang='grc' dir='ltr'>τοῖς</span> 
     </span>
    </p>
   </div>
   <div class='ocr_carea' id='block_1_53' title="bbox 2184 2472 3845 2552">
    <p class='ocr_par' dir='ltr' id='par_1_53' title="bbox 2184 2472 3845 2552">
     <span class='ocr_line' id='line_1_53' title="bbox 2184 2472 3845 2552; baseline -0.002 -22"><span class='ocrx_word' id='word_1_322' title='bbox 2184 2477 2378 2552; x_wconf 79' lang='grc' dir='ltr'>ἁγίοις,</span> <span class='ocrx_word' id='word_1_323' title='bbox 2414 2476 2547 2549; x_wconf 84' lang='grc' dir='ltr'>μετὰ</span> <span class='ocrx_word' id='word_1_324' title='bbox 2578 2474 2792 2537; x_wconf 74' lang='grc' dir='ltr'>πολλὰς</span> <span class='ocrx_word' id='word_1_325' title='bbox 2830 2475 3093 2550; x_wconf 83' lang='grc' dir='ltr'>βασάνους</span> <span class='ocrx_word' id='word_1_326' title='bbox 3121 2476 3213 2529; x_wconf 88' lang='grc' dir='ltr'>καὶ</span> <span class='ocrx_word' id='word_1_327' title='bbox 3253 2474 3522 2549; x_wconf 74' lang='grc' dir='ltr'>τιμωρίας</span> <span class='ocrx_word' id='word_1_328' title='bbox 3578 2472 3845 2549; x_wconf 74' lang='grc' dir='ltr'>ἀνῃρέθη·</span> 
     </span>
    </p>
   </div>
   <div class='ocr_carea' id='block_1_54' title="bbox 2190 2561 3917 2639">
    <p class='ocr_par' dir='ltr' id='par_1_54' title="bbox 2190 2561 3917 2639">
     <span class='ocr_line' id='line_1_54' title="bbox 2190 2561 3917 2639; baseline -0.002 -19"><span class='ocrx_word' id='word_1_329' title='bbox 2190 2567 2306 2638; x_wconf 86' lang='grc' dir='ltr'>μεθ’</span> <span class='ocrx_word' id='word_1_330' title='bbox 2361 2566 2437 2621; x_wconf 82' lang='grc' dir='ltr'>ὧν</span> <span class='ocrx_word' id='word_1_331' title='bbox 2494 2565 2585 2620; x_wconf 84' lang='grc' dir='ltr'>καὶ</span> <span class='ocrx_word' id='word_1_332' title='bbox 2635 2571 2884 2639; x_wconf 84' lang='grc' dir='ltr'>γυναῖκες</span> <span class='ocrx_word' id='word_1_333' title='bbox 2939 2566 3085 2639; x_wconf 75' lang='grc' dir='ltr'>ἅγιαι</span> <span class='ocrx_word' id='word_1_334' title='bbox 3146 2565 3457 2639; x_wconf 72' lang='grc' dir='ltr'>ἀσκῆτριαι,</span> <span class='ocrx_word' id='word_1_335' title='bbox 3515 2561 3693 2617; x_wconf 77' lang='grc' dir='ltr'>Θέκλα</span> <span class='ocrx_word' id='word_1_336' title='bbox 3747 2562 3849 2617; x_wconf 78' lang='grc' dir='ltr'>καὶ</span> <span class='ocrx_word' id='word_1_337' title='bbox 3903 2604 3917 2617; x_wconf 91' lang='grc'>.</span> 
     </span>
    </p>
   </div>
   <div class='ocr_carea' id='block_1_55' title="bbox 2187 2651 3848 2729">
    <p class='ocr_par' dir='ltr' id='par_1_55' title="bbox 2187 2651 3848 2729">
     <span class='ocr_line' id='line_1_55' title="bbox 2187 2651 3848 2729; baseline -0.003 -19"><span class='ocrx_word' id='word_1_338' title='bbox 2187 2656 2373 2723; x_wconf 82' lang='grc' dir='ltr'>Ἀννα,</span> <span class='ocrx_word' id='word_1_339' title='bbox 2429 2652 2520 2707; x_wconf 87' lang='grc' dir='ltr'>καὶ</span> <span class='ocrx_word' id='word_1_340' title='bbox 2572 2652 2751 2729; x_wconf 70' lang='grc' dir='ltr'>’ἕτεραι</span> <span class='ocrx_word' id='word_1_341' title='bbox 2807 2652 3038 2724; x_wconf 76' lang='grc' dir='ltr'>πολλαῖ,</span> <span class='ocrx_word' id='word_1_342' title='bbox 3095 2651 3323 2708; x_wconf 84' lang='grc' dir='ltr'>πλεῖστα</span> <span class='ocrx_word' id='word_1_343' title='bbox 3382 2653 3515 2727; x_wconf 75' lang='grc' dir='ltr'>ὑπὲρ</span> <span class='ocrx_word' id='word_1_344' title='bbox 3597 2655 3848 2727; x_wconf 84' lang='grc' dir='ltr'>Χριστοῦ</span> 
     </span>
    </p>
   </div>
   <div class='ocr_carea' id='block_1_56' title="bbox 2187 2740 3851 2820">
    <p class='ocr_par' dir='ltr' id='par_1_56' title="bbox 2187 2740 3851 2820">
     <span class='ocr_line' id='line_1_56' title="bbox 2187 2740 3851 2820; baseline -0.002 -22"><span class='ocrx_word' id='word_1_345' title='bbox 2187 2747 2477 2812; x_wconf 75' lang='grc' dir='ltr'>παθοῦσαι,</span> <span class='ocrx_word' id='word_1_346' title='bbox 2534 2743 2621 2798; x_wconf 85' lang='grc' dir='ltr'>καὶ</span> <span class='ocrx_word' id='word_1_347' title='bbox 2682 2741 2919 2820; x_wconf 38' lang='grc' dir='ltr'>στεργεῶς</span> <span class='ocrx_word' id='word_1_348' title='bbox 2985 2742 3296 2816; x_wconf 77' lang='grc' dir='ltr'>ἐλὲγξαντες</span> <span class='ocrx_word' id='word_1_349' title='bbox 3381 2744 3481 2811; x_wconf 80' lang='grc' dir='ltr'>τήν</span> <span class='ocrx_word' id='word_1_350' title='bbox 3577 2740 3851 2816; x_wconf 82' lang='grc' dir='ltr'>ὠμότητα</span> 
     </span>
    </p>
   </div>
   <div class='ocr_carea' id='block_1_57' title="bbox 2188 2826 3850 2909">
    <p class='ocr_par' dir='ltr' id='par_1_57' title="bbox 2188 2826 3850 2909">
     <span class='ocr_line' id='line_1_57' title="bbox 2188 2826 3850 2909; baseline -0.001 -23"><span class='ocrx_word' id='word_1_351' title='bbox 2188 2836 2285 2887; x_wconf 88' lang='grc' dir='ltr'>τοῦ</span> <span class='ocrx_word' id='word_1_352' title='bbox 2317 2826 2605 2894; x_wconf 78' lang='grc' dir='ltr'>δυσσεϐοῦς</span> <span class='ocrx_word' id='word_1_353' title='bbox 2651 2831 2944 2908; x_wconf 68' lang='grc' dir='ltr'>βασιλέως,</span> <span class='ocrx_word' id='word_1_354' title='bbox 3000 2833 3091 2886; x_wconf 86' lang='grc' dir='ltr'>καὶ</span> <span class='ocrx_word' id='word_1_355' title='bbox 3148 2831 3594 2909; x_wconf 73' lang='grc' dir='ltr'>παραφροσύνην,</span> <span class='ocrx_word' id='word_1_356' title='bbox 3650 2832 3850 2885; x_wconf 77' lang='grc' dir='ltr'>ἀπεκε-</span> 
     </span>
    </p>
   </div>
   <div class='ocr_carea' id='block_1_58' title="bbox 2193 2919 3849 2999">
    <p class='ocr_par' dir='ltr' id='par_1_58' title="bbox 2193 2919 3849 2999">
     <span class='ocr_line' id='line_1_58' title="bbox 2193 2919 3849 2999; baseline -0.005 -23"><span class='ocrx_word' id='word_1_357' title='bbox 2193 2921 2549 2999; x_wconf 78' lang='grc' dir='ltr'>φαλίσθησαν.</span> <span class='ocrx_word' id='word_1_358' title='bbox 2602 2921 2851 2995; x_wconf 85' lang='grc' dir='ltr'>Ὁμοίως</span> <span class='ocrx_word' id='word_1_359' title='bbox 2904 2920 2994 2976; x_wconf 86' lang='grc' dir='ltr'>καὶ</span> <span class='ocrx_word' id='word_1_360' title='bbox 3075 2925 3221 2996; x_wconf 84' lang='grc' dir='ltr'>τρεῖς</span> <span class='ocrx_word' id='word_1_361' title='bbox 3297 2921 3550 2997; x_wconf 69' lang='grc' dir='ltr'>παρθένοι</span> <span class='ocrx_word' id='word_1_362' title='bbox 3639 2919 3849 2996; x_wconf 80' lang='grc' dir='ltr'>μαχαί-</span> 
     </span>
    </p>
   </div>
   <div class='ocr_carea' id='block_1_59' title="bbox 2196 3006 3854 3086">
    <p class='ocr_par' dir='ltr' id='par_1_59' title="bbox 2196 3006 3854 3086">
     <span class='ocr_line' id='line_1_59' title="bbox 2196 3006 3854 3086; baseline -0.001 -22"><span class='ocrx_word' id='word_1_363' title='bbox 2196 3030 2316 3086; x_wconf 87' lang='grc' dir='ltr'>ραις</span> <span class='ocrx_word' id='word_1_364' title='bbox 2367 3009 2764 3081; x_wconf 80' lang='grc' dir='ltr'>κατεκόπησαν.</span> <span class='ocrx_word' id='word_1_365' title='bbox 2818 3010 2998 3067; x_wconf 87' lang='grc' dir='ltr'>’Όπου</span> <span class='ocrx_word' id='word_1_366' title='bbox 3051 3007 3110 3065; x_wconf 76' lang='grc' dir='ltr'>δὲ</span> <span class='ocrx_word' id='word_1_367' title='bbox 3166 3006 3383 3086; x_wconf 70' lang='grc' dir='ltr'>ἔρῥευσε</span> <span class='ocrx_word' id='word_1_368' title='bbox 3438 3010 3502 3065; x_wconf 87' lang='grc' dir='ltr'>τὸ</span> <span class='ocrx_word' id='word_1_369' title='bbox 3553 3012 3692 3085; x_wconf 79' lang='grc' dir='ltr'>αἷμα</span> <span class='ocrx_word' id='word_1_370' title='bbox 3748 3008 3854 3064; x_wconf 80' lang='grc' dir='ltr'>αὐ·-</span> 
     </span>
    </p>
   </div>
   <div class='ocr_carea' id='block_1_60' title="bbox 432 3094 2075 3179">
    <p class='ocr_par' dir='ltr' id='par_1_60' title="bbox 432 3105 2075 3179">
     <span class='ocr_line' id='line_1_60' title="bbox 432 3105 2075 3179; baseline -0.003 -16"><span class='ocrx_word' id='word_1_371' title='bbox 432 3123 670 3163; x_wconf 88' lang='lat' dir='ltr'>omnem</span> <span class='ocrx_word' id='word_1_372' title='bbox 727 3106 1195 3179; x_wconf 76' lang='lat' dir='ltr'>languoremque</span> <span class='ocrx_word' id='word_1_373' title='bbox 1227 3106 1557 3179; x_wconf 88' lang='lat' dir='ltr'>depellens,</span> <span class='ocrx_word' id='word_1_374' title='bbox 1606 3106 1794 3162; x_wconf 90' lang='lat' dir='ltr'>donec</span> <span class='ocrx_word' id='word_1_375' title='bbox 1842 3105 2001 3162; x_wconf 91' lang='lat' dir='ltr'>athei</span> <span class='ocrx_word' id='word_1_376' title='bbox 2033 3114 2075 3159; x_wconf 71' lang='lat' dir='ltr'>el</span> 
     </span>
    </p>
   </div>
   <div class='ocr_carea' id='block_1_61' title="bbox 2187 3094 3853 3179">
    <p class='ocr_par' dir='ltr' id='par_1_61' title="bbox 2193 3094 3853 3177">
     <span class='ocr_line' id='line_1_61' title="bbox 2193 3094 3853 3177; baseline 0.001 -23"><span class='ocrx_word' id='word_1_377' title='bbox 2193 3103 2327 3170; x_wconf 79' lang='grc' dir='ltr'>τῶν,</span> <span class='ocrx_word' id='word_1_378' title='bbox 2387 3105 2523 3171; x_wconf 85' lang='grc' dir='ltr'>συκῆ</span> <span class='ocrx_word' id='word_1_379' title='bbox 2577 3094 3046 3170; x_wconf 74' lang='grc' dir='ltr'>ἀναϐλαπήσασα,</span> <span class='ocrx_word' id='word_1_380' title='bbox 3103 3099 3347 3174; x_wconf 81' lang='grc' dir='ltr'>ἰαμάτων</span> <span class='ocrx_word' id='word_1_381' title='bbox 3396 3099 3560 3177; x_wconf 81' lang='grc' dir='ltr'>χάριν</span> <span class='ocrx_word' id='word_1_382' title='bbox 3612 3104 3853 3176; x_wconf 79' lang='grc' dir='ltr'>παρεῖχε</span> 
     </span>
    </p>
   </div>
   <div class='ocr_carea' id='block_1_62' title="bbox 433 3194 2089 3269">
    <p class='ocr_par' dir='ltr' id='par_1_62' title="bbox 433 3194 2089 3269">
     <span class='ocr_line' id='line_1_62' title="bbox 433 3194 2089 3269; baseline -0.001 -18"><span class='ocrx_word' id='word_1_383' title='bbox 433 3194 603 3269; x_wconf 88' lang='lat' dir='ltr'>impii</span> <span class='ocrx_word' id='word_1_384' title='bbox 628 3194 939 3251; x_wconf 72' lang='lat' dir='ltr'>Manichmi</span> <span class='ocrx_word' id='word_1_385' title='bbox 971 3195 1046 3250; x_wconf 92' lang='lat' dir='ltr'>ob</span> <span class='ocrx_word' id='word_1_386' title='bbox 1077 3194 1430 3264; x_wconf 86' lang='lat' dir='ltr'>divinorum,</span> <span class='ocrx_word' id='word_1_387' title='bbox 1453 3212 1585 3267; x_wconf 63' lang='lat' dir='ltr'>qua:</span> <span class='ocrx_word' id='word_1_388' title='bbox 1606 3194 1954 3264; x_wconf 89' lang='lat' dir='ltr'>edebantur,</span> <span class='ocrx_word' id='word_1_389' title='bbox 1980 3194 2089 3249; x_wconf 75' lang='lat' dir='ltr'>mi&#39;</span> 
     </span>
    </p>
   </div>
   <div class='ocr_carea' id='block_1_63' title="bbox 2197 3189 3851 3267">
    <p class='ocr_par' dir='ltr' id='par_1_63' title="bbox 2197 3189 3851 3267">
     <span class='ocr_line' id='line_1_63' title="bbox 2197 3189 3851 3267; baseline 0.001 -23"><span class='ocrx_word' id='word_1_390' title='bbox 2197 3193 2314 3252; x_wconf 88' lang='grc' dir='ltr'>τοῖς</span> <span class='ocrx_word' id='word_1_391' title='bbox 2343 3193 2580 3262; x_wconf 86' lang='grc' dir='ltr'>πιστοῖς,</span> <span class='ocrx_word' id='word_1_392' title='bbox 2638 3189 3007 3267; x_wconf 86' lang='grc' dir='ltr'>θεραπεύουσα</span> <span class='ocrx_word' id='word_1_393' title='bbox 3061 3195 3234 3246; x_wconf 80' lang='grc' dir='ltr'>πᾶσαν</span> <span class='ocrx_word' id='word_1_394' title='bbox 3291 3190 3473 3259; x_wconf 83' lang='grc' dir='ltr'>νόσον,</span> <span class='ocrx_word' id='word_1_395' title='bbox 3530 3189 3619 3245; x_wconf 76' lang='grc' dir='ltr'>καὶ</span> <span class='ocrx_word' id='word_1_396' title='bbox 3667 3196 3851 3246; x_wconf 82' lang='grc' dir='ltr'>πᾶσαν</span> 
     </span>
    </p>
   </div>
   <div class='ocr_carea' id='block_1_64' title="bbox 427 3265 2075 3359">
    <p class='ocr_par' dir='ltr' id='par_1_64' title="bbox 427 3265 2073 3356">
     <span class='ocr_line' id='line_1_64' title="bbox 427 3265 2073 3356; baseline -0.001 -16"><span class='ocrx_word' id='word_1_397' title='bbox 427 3265 767 3341; x_wconf 67' lang='lat' dir='ltr'>rachlorum</span> <span class='ocrx_word' id='word_1_398' title='bbox 807 3284 1204 3356; x_wconf 84' lang='lat' dir='ltr'>frequentiam</span> <span class='ocrx_word' id='word_1_399' title='bbox 1263 3265 1490 3341; x_wconf 71' lang='lat' dir='ltr'>invidia</span> <span class='ocrx_word' id='word_1_400' title='bbox 1539 3283 1848 3351; x_wconf 88' lang='lat' dir='ltr'>stimulati,</span> <span class='ocrx_word' id='word_1_401' title='bbox 1906 3283 2073 3339; x_wconf 90' lang='lat' dir='ltr'>illam</span> 
     </span>
    </p>
   </div>
   <div class='ocr_carea' id='block_1_65' title="bbox 2187 3265 3848 3359">
    <p class='ocr_par' dir='ltr' id='par_1_65' title="bbox 2188 3265 3848 3359">
     <span class='ocr_line' id='line_1_65' title="bbox 2188 3265 3848 3359; baseline 0.001 -24"><span class='ocrx_word' id='word_1_402' title='bbox 2188 3278 2476 3355; x_wconf 84' lang='grc' dir='ltr'>μαλακίαν.</span> <span class='ocrx_word' id='word_1_403' title='bbox 2533 3265 2785 3356; x_wconf 80' lang='grc' dir='ltr'>Ὕστερον</span> <span class='ocrx_word' id='word_1_404' title='bbox 2840 3277 2899 3335; x_wconf 69' lang='grc' dir='ltr'>δὲ</span> <span class='ocrx_word' id='word_1_405' title='bbox 2956 3284 3317 3359; x_wconf 74' lang='grc' dir='ltr'>φθονήσαντες</span> <span class='ocrx_word' id='word_1_406' title='bbox 3394 3285 3464 3356; x_wconf 81' lang='grc' dir='ltr'>τῇ</span> <span class='ocrx_word' id='word_1_407' title='bbox 3520 3285 3628 3337; x_wconf 78' lang='grc' dir='ltr'>τῶν</span> <span class='ocrx_word' id='word_1_408' title='bbox 3684 3280 3848 3337; x_wconf 82' lang='grc' dir='ltr'>θείων</span> 
     </span>
    </p>
   </div>
   <div class='ocr_carea' id='block_1_66' title="bbox 429 3371 832 3430">
    <p class='ocr_par' dir='ltr' id='par_1_66' title="bbox 429 3371 832 3430">
     <span class='ocr_line' id='line_1_66' title="bbox 429 3371 832 3430; baseline -0.005 -1"><span class='ocrx_word' id='word_1_409' title='bbox 429 3371 832 3430; x_wconf 72' lang='lat' dir='ltr'>succiderunt.</span> 
     </span>
    </p>
   </div>
   <div class='ocr_carea' id='block_1_67' title="bbox 1085 3652 1431 3708">
    <p class='ocr_par' dir='ltr' id='par_1_67' title="bbox 1085 3652 1431 3708">
     <span class='ocr_line' id='line_1_67' title="bbox 1085 3652 1431 3708; baseline 0.003 -1"><span class='ocrx_word' id='word_1_410' title='bbox 1085 3652 1303 3708; x_wconf 89' lang='lat' dir='ltr'>Eodem</span> <span class='ocrx_word' id='word_1_411' title='bbox 1335 3652 1431 3708; x_wconf 92' lang='lat' dir='ltr'>die</span> 
     </span>
    </p>
   </div>
   <div class='ocr_carea' id='block_1_68' title="bbox 446 3739 2083 3812">
    <p class='ocr_par' dir='ltr' id='par_1_68' title="bbox 446 3739 2083 3812">
     <span class='ocr_line' id='line_1_68' title="bbox 446 3739 2083 3812; baseline -0.001 -16"><span class='ocrx_word' id='word_1_412' title='bbox 446 3739 600 3796; x_wconf 71' lang='lat'>208</span> <span class='ocrx_word' id='word_1_413' title='bbox 659 3739 1112 3796; x_wconf 79' lang='lat' dir='ltr'>Commemoratio</span> <span class='ocrx_word' id='word_1_414' title='bbox 1168 3745 1345 3797; x_wconf 83' lang='lat' dir='ltr'>sancti</span> <span class='ocrx_word' id='word_1_415' title='bbox 1402 3742 1650 3811; x_wconf 77' lang='lat' dir='ltr'>Gregorii</span> <span class='ocrx_word' id='word_1_416' title='bbox 1727 3741 2083 3812; x_wconf 70' lang='lat' dir='ltr'>Decapolitaz.</span> 
     </span>
    </p>
   </div>
   <div class='ocr_carea' id='block_1_69' title="bbox 502 3827 2088 3901">
    <p class='ocr_par' dir='ltr' id='par_1_69' title="bbox 502 3827 2088 3901">
     <span class='ocr_line' id='line_1_69' title="bbox 502 3827 2088 3901; baseline 0.002 -20"><span class='ocrx_word' id='word_1_417' title='bbox 502 3827 815 3899; x_wconf 80' lang='lat' dir='ltr'>Gregorius</span> <span class='ocrx_word' id='word_1_418' title='bbox 832 3829 1176 3898; x_wconf 86' lang='lat' dir='ltr'>Decapolita</span> <span class='ocrx_word' id='word_1_419' title='bbox 1201 3846 1268 3884; x_wconf 86' lang='lat' dir='ltr'>ex</span> <span class='ocrx_word' id='word_1_420' title='bbox 1294 3831 1568 3901; x_wconf 89' lang='lat' dir='ltr'>Decapoli</span> <span class='ocrx_word' id='word_1_421' title='bbox 1602 3831 1661 3885; x_wconf 89' lang='lat' dir='ltr'>in</span> <span class='ocrx_word' id='word_1_422' title='bbox 1687 3831 1927 3886; x_wconf 60' lang='lat' dir='ltr'>Isauria:</span> <span class='ocrx_word' id='word_1_423' title='bbox 1956 3845 2088 3901; x_wconf 85' lang='lat' dir='ltr'>pro.</span> 
     </span>
    </p>
   </div>
   <div class='ocr_carea' id='block_1_70' title="bbox 434 3916 2086 3989">
    <p class='ocr_par' dir='ltr' id='par_1_70' title="bbox 434 3916 2086 3989">
     <span class='ocr_line' id='line_1_70' title="bbox 434 3916 2086 3989; baseline 0.002 -19"><span class='ocrx_word' id='word_1_424' title='bbox 434 3916 631 3970; x_wconf 80' lang='lat' dir='ltr'>vincia</span> <span class='ocrx_word' id='word_1_425' title='bbox 659 3917 771 3970; x_wconf 82' lang='lat' dir='ltr'>fuit</span> <span class='ocrx_word' id='word_1_426' title='bbox 802 3918 1170 3988; x_wconf 87' lang='lat' dir='ltr'>temporibus</span> <span class='ocrx_word' id='word_1_427' title='bbox 1193 3920 1513 3989; x_wconf 90' lang='lat' dir='ltr'>impiorum</span> <span class='ocrx_word' id='word_1_428' title='bbox 1538 3920 2086 3985; x_wconf 65' lang='lat' dir='ltr'>lconomachorum,</span> 
     </span>
    </p>
   </div>
   <div class='ocr_carea' id='block_1_71' title="bbox 436 4003 2089 4079">
    <p class='ocr_par' dir='ltr' id='par_1_71' title="bbox 436 4003 2089 4079">
     <span class='ocr_line' id='line_1_71' title="bbox 436 4003 2089 4079; baseline 0.003 -20"><span class='ocrx_word' id='word_1_429' title='bbox 436 4003 540 4059; x_wconf 89' lang='lat' dir='ltr'>Ubi</span> <span class='ocrx_word' id='word_1_430' title='bbox 574 4010 770 4060; x_wconf 85' lang='lat' dir='ltr'>autem</span> <span class='ocrx_word' id='word_1_431' title='bbox 822 4005 1288 4062; x_wconf 84' lang='lat' dir='ltr'>adolescentiam</span> <span class='ocrx_word' id='word_1_432' title='bbox 1345 4008 1559 4079; x_wconf 80' lang='lat' dir='ltr'>attigit,</span> <span class='ocrx_word' id='word_1_433' title='bbox 1620 4015 1855 4079; x_wconf 86' lang='lat' dir='ltr'>paratas</span> <span class='ocrx_word' id='word_1_434' title='bbox 1907 4009 2019 4064; x_wconf 89' lang='lat' dir='ltr'>sibi</span> <span class='ocrx_word' id='word_1_435' title='bbox 2053 4025 2089 4064; x_wconf 88' lang='lat' dir='ltr'>a</span> 
     </span>
    </p>
   </div>
   <div class='ocr_carea' id='block_1_72' title="bbox 434 4096 2087 4169">
    <p class='ocr_par' dir='ltr' id='par_1_72' title="bbox 434 4096 2087 4169">
     <span class='ocr_line' id='line_1_72' title="bbox 434 4096 2087 4169; baseline 0.002 -19"><span class='ocrx_word' id='word_1_436' title='bbox 434 4096 781 4168; x_wconf 86' lang='lat' dir='ltr'>parentibus</span> <span class='ocrx_word' id='word_1_437' title='bbox 809 4098 1052 4169; x_wconf 87' lang='lat' dir='ltr'>nuptias</span> <span class='ocrx_word' id='word_1_438' title='bbox 1079 4098 1388 4166; x_wconf 83' lang='lat' dir='ltr'>vitaturus,</span> <span class='ocrx_word' id='word_1_439' title='bbox 1430 4099 1760 4154; x_wconf 76' lang='lat' dir='ltr'>monachus</span> <span class='ocrx_word' id='word_1_440' title='bbox 1816 4101 1902 4167; x_wconf 82' lang='lat' dir='ltr'>fit,</span> <span class='ocrx_word' id='word_1_441' title='bbox 1938 4105 1996 4155; x_wconf 90' lang='lat' dir='ltr'>et</span> <span class='ocrx_word' id='word_1_442' title='bbox 2024 4099 2087 4154; x_wconf 90' lang='lat' dir='ltr'>in</span> 
     </span>
    </p>
   </div>
   <div class='ocr_carea' id='block_1_73' title="bbox 443 4186 2090 4261">
    <p class='ocr_par' dir='ltr' id='par_1_73' title="bbox 443 4186 2090 4261">
     <span class='ocr_line' id='line_1_73' title="bbox 443 4186 2090 4261; baseline 0.002 -21"><span class='ocrx_word' id='word_1_443' title='bbox 443 4186 789 4257; x_wconf 88' lang='lat' dir='ltr'>speluncam</span> <span class='ocrx_word' id='word_1_444' title='bbox 821 4187 1334 4244; x_wconf 67' lang='lat' dir='ltr'>subitdazmonum</span> <span class='ocrx_word' id='word_1_445' title='bbox 1364 4189 1701 4261; x_wconf 82' lang='lat' dir='ltr'>frequentia</span> <span class='ocrx_word' id='word_1_446' title='bbox 1730 4188 2031 4255; x_wconf 86' lang='lat' dir='ltr'>infestam,</span> <span class='ocrx_word' id='word_1_447' title='bbox 2054 4204 2090 4243; x_wconf 87' lang='lat' dir='ltr'>a</span> 
     </span>
    </p>
   </div>
   <div class='ocr_carea' id='block_1_74' title="bbox 439 4276 2087 4347">
    <p class='ocr_par' dir='ltr' id='par_1_74' title="bbox 439 4276 2087 4347">
     <span class='ocr_line' id='line_1_74' title="bbox 439 4276 2087 4347; baseline 0.003 -16"><span class='ocrx_word' id='word_1_448' title='bbox 439 4276 655 4347; x_wconf 87' lang='lat' dir='ltr'>quibus</span> <span class='ocrx_word' id='word_1_449' title='bbox 710 4277 1073 4346; x_wconf 84' lang='lat' dir='ltr'>verberatus,</span> <span class='ocrx_word' id='word_1_450' title='bbox 1130 4280 1398 4335; x_wconf 88' lang='lat' dir='ltr'>oratione</span> <span class='ocrx_word' id='word_1_451' title='bbox 1462 4278 1697 4335; x_wconf 87' lang='lat' dir='ltr'>tandem</span> <span class='ocrx_word' id='word_1_452' title='bbox 1759 4279 1891 4334; x_wconf 87' lang='lat' dir='ltr'>illos</span> <span class='ocrx_word' id='word_1_453' title='bbox 1948 4280 2087 4336; x_wconf 91' lang='lat' dir='ltr'>inde</span> 
     </span>
    </p>
   </div>
   <div class='ocr_carea' id='block_1_75' title="bbox 426 4365 2089 4440">
    <p class='ocr_par' dir='ltr' id='par_1_75' title="bbox 426 4365 2089 4440">
     <span class='ocr_line' id='line_1_75' title="bbox 426 4365 2089 4440; baseline 0.004 -20"><span class='ocrx_word' id='word_1_454' title='bbox 426 4365 777 4423; x_wconf 80' lang='lat' dir='ltr'>exturbavit.</span> <span class='ocrx_word' id='word_1_455' title='bbox 814 4368 923 4423; x_wconf 91' lang='lat' dir='ltr'>Sed</span> <span class='ocrx_word' id='word_1_456' title='bbox 956 4386 1061 4440; x_wconf 90' lang='lat' dir='ltr'>per</span> <span class='ocrx_word' id='word_1_457' title='bbox 1090 4369 1278 4425; x_wconf 85' lang='lat' dir='ltr'>visum</span> <span class='ocrx_word' id='word_1_458' title='bbox 1310 4388 1345 4426; x_wconf 89' lang='lat' dir='ltr'>a</span> <span class='ocrx_word' id='word_1_459' title='bbox 1375 4372 1492 4425; x_wconf 89' lang='lat' dir='ltr'>Deo</span> <span class='ocrx_word' id='word_1_460' title='bbox 1544 4369 1831 4437; x_wconf 91' lang='lat' dir='ltr'>monitus,</span> <span class='ocrx_word' id='word_1_461' title='bbox 1881 4368 2089 4426; x_wconf 86' lang='lat' dir='ltr'>relicta</span> 
     </span>
    </p>
   </div>
   <div class='ocr_carea' id='block_1_76' title="bbox 424 4456 2088 4531">
    <p class='ocr_par' dir='ltr' id='par_1_76' title="bbox 424 4456 2088 4531">
     <span class='ocr_line' id='line_1_76' title="bbox 424 4456 2088 4531; baseline 0.004 -22"><span class='ocrx_word' id='word_1_462' title='bbox 424 4456 734 4527; x_wconf 83' lang='lat' dir='ltr'>spelunca,</span> <span class='ocrx_word' id='word_1_463' title='bbox 770 4459 949 4530; x_wconf 74' lang='lat' dir='ltr'>cmpit</span> <span class='ocrx_word' id='word_1_464' title='bbox 978 4464 1272 4515; x_wconf 62' lang='lat' dir='ltr'>terrarum</span> <span class='ocrx_word' id='word_1_465' title='bbox 1302 4459 1508 4516; x_wconf 87' lang='lat' dir='ltr'>orbem</span> <span class='ocrx_word' id='word_1_466' title='bbox 1547 4476 1880 4531; x_wconf 71' lang='lat' dir='ltr'>peragrare.</span> <span class='ocrx_word' id='word_1_467' title='bbox 1941 4460 2088 4515; x_wconf 90' lang='lat' dir='ltr'>Cum</span> 
     </span>
    </p>
   </div>
   <div class='ocr_carea' id='block_1_77' title="bbox 428 4544 2086 4621">
    <p class='ocr_par' dir='ltr' id='par_1_77' title="bbox 428 4544 2086 4621">
     <span class='ocr_line' id='line_1_77' title="bbox 428 4544 2086 4621; baseline 0.005 -23"><span class='ocrx_word' id='word_1_468' title='bbox 428 4544 609 4616; x_wconf 81' lang='lat' dir='ltr'>igitur</span> <span class='ocrx_word' id='word_1_469' title='bbox 639 4548 957 4619; x_wconf 83' lang='lat' dir='ltr'>Syracusas</span> <span class='ocrx_word' id='word_1_470' title='bbox 987 4548 1200 4605; x_wconf 69' lang='lat' dir='ltr'>Sicilia)</span> <span class='ocrx_word' id='word_1_471' title='bbox 1229 4551 1443 4606; x_wconf 87' lang='lat' dir='ltr'>urbem</span> <span class='ocrx_word' id='word_1_472' title='bbox 1464 4549 1806 4605; x_wconf 88' lang='lat' dir='ltr'>venissetin</span> <span class='ocrx_word' id='word_1_473' title='bbox 1830 4550 2086 4621; x_wconf 89' lang='lat' dir='ltr'>quadam</span> 
     </span>
    </p>
   </div>
   <div class='ocr_carea' id='block_1_78' title="bbox 2185 3366 3847 3447">
    <p class='ocr_par' dir='ltr' id='par_1_78' title="bbox 2185 3366 3847 3447">
     <span class='ocr_line' id='line_1_78' title="bbox 2185 3366 3847 3447; baseline 0.001 -23"><span class='ocrx_word' id='word_1_474' title='bbox 2185 3369 2473 3443; x_wconf 80' lang='grc' dir='ltr'>θαυμάτων</span> <span class='ocrx_word' id='word_1_475' title='bbox 2507 3368 2745 3446; x_wconf 78' lang='grc' dir='ltr'>ἐνεργείᾳ</span> <span class='ocrx_word' id='word_1_476' title='bbox 2804 3370 2856 3424; x_wconf 75' lang='grc' dir='ltr'>οἱ</span> <span class='ocrx_word' id='word_1_477' title='bbox 2915 3369 3061 3426; x_wconf 73' lang='grc' dir='ltr'>ἄθεοι</span> <span class='ocrx_word' id='word_1_478' title='bbox 3118 3370 3207 3427; x_wconf 82' lang='grc' dir='ltr'>καὶ</span> <span class='ocrx_word' id='word_1_479' title='bbox 3260 3366 3471 3434; x_wconf 76' lang='grc' dir='ltr'>ἀσεϐεῖς</span> <span class='ocrx_word' id='word_1_480' title='bbox 3521 3376 3847 3447; x_wconf 81' lang='grc' dir='ltr'>Μανιχαῖοι,</span> 
     </span>
    </p>
   </div>
   <div class='ocr_carea' id='block_1_79' title="bbox 2185 3457 3082 3534">
    <p class='ocr_par' dir='ltr' id='par_1_79' title="bbox 2185 3457 3082 3534">
     <span class='ocr_line' id='line_1_79' title="bbox 2185 3457 3082 3534; baseline 0 -20"><span class='ocrx_word' id='word_1_481' title='bbox 2185 3457 2443 3534; x_wconf 72' lang='grc' dir='ltr'>ἐξέκοψαν</span> <span class='ocrx_word' id='word_1_482' title='bbox 2466 3460 2566 3530; x_wconf 75' lang='grc' dir='ltr'>τὴν</span> <span class='ocrx_word' id='word_1_483' title='bbox 2597 3460 2858 3528; x_wconf 80' lang='grc' dir='ltr'>τοιαύτην</span> <span class='ocrx_word' id='word_1_484' title='bbox 2889 3466 3082 3530; x_wconf 84' lang='grc' dir='ltr'>συκῆν,</span> 
     </span>
    </p>
   </div>
   <div class='ocr_carea' id='block_1_80' title="bbox 2766 3638 3249 3715">
    <p class='ocr_par' dir='ltr' id='par_1_80' title="bbox 2766 3638 3249 3715">
     <span class='ocr_line' id='line_1_80' title="bbox 2766 3638 3249 3715; baseline -0.002 -1"><span class='ocrx_word' id='word_1_485' title='bbox 2766 3642 2846 3714; x_wconf 70' lang='grc' dir='ltr'>Τῇ</span> <span class='ocrx_word' id='word_1_486' title='bbox 2886 3638 3024 3715; x_wconf 77' lang='grc' dir='ltr'>αὖτῇ</span> <span class='ocrx_word' id='word_1_487' title='bbox 3065 3641 3249 3715; x_wconf 73' lang='grc' dir='ltr'>ἡμέρᾳ</span> 
     </span>
    </p>
   </div>
   <div class='ocr_carea' id='block_1_81' title="bbox 2306 3728 3716 3806">
    <p class='ocr_par' dir='ltr' id='par_1_81' title="bbox 2306 3728 3716 3806">
     <span class='ocr_line' id='line_1_81' title="bbox 2306 3728 3716 3806; baseline 0.004 -22"><span class='ocrx_word' id='word_1_488' title='bbox 2306 3728 2516 3802; x_wconf 79' lang='grc' dir='ltr'>Μνήμη</span> <span class='ocrx_word' id='word_1_489' title='bbox 2546 3731 2644 3783; x_wconf 90' lang='grc' dir='ltr'>τοῦ</span> <span class='ocrx_word' id='word_1_490' title='bbox 2675 3728 2828 3805; x_wconf 85' lang='grc' dir='ltr'>ἆγίου</span> <span class='ocrx_word' id='word_1_491' title='bbox 2860 3731 3169 3806; x_wconf 82' lang='grc' dir='ltr'>Γρηγορίου</span> <span class='ocrx_word' id='word_1_492' title='bbox 3196 3732 3294 3786; x_wconf 87' lang='grc' dir='ltr'>τοῦ</span> <span class='ocrx_word' id='word_1_493' title='bbox 3326 3730 3716 3790; x_wconf 87' lang='grc' dir='ltr'>Δεκαπολίτου.</span> 
     </span>
    </p>
   </div>
   <div class='ocr_carea' id='block_1_82' title="bbox 2260 3818 3843 3898">
    <p class='ocr_par' dir='ltr' id='par_1_82' title="bbox 2260 3818 3843 3898">
     <span class='ocr_line' id='line_1_82' title="bbox 2260 3818 3843 3898; baseline 0.003 -25"><span class='ocrx_word' id='word_1_494' title='bbox 2260 3819 2566 3894; x_wconf 79' lang='grc' dir='ltr'>Γρηγόριος</span> <span class='ocrx_word' id='word_1_495' title='bbox 2599 3820 2627 3874; x_wconf 84' lang='grc' dir='ltr'>ὁ</span> <span class='ocrx_word' id='word_1_496' title='bbox 2677 3818 3068 3890; x_wconf 83' lang='grc' dir='ltr'>Δεκαπολίτης,</span> <span class='ocrx_word' id='word_1_497' title='bbox 3118 3821 3365 3898; x_wconf 79' lang='grc' dir='ltr'>ὑπῆρχεν</span> <span class='ocrx_word' id='word_1_498' title='bbox 3419 3820 3479 3878; x_wconf 82' lang='grc' dir='ltr'>ἐκ</span> <span class='ocrx_word' id='word_1_499' title='bbox 3523 3824 3625 3892; x_wconf 86' lang='grc' dir='ltr'>τῆς</span> <span class='ocrx_word' id='word_1_500' title='bbox 3671 3821 3843 3898; x_wconf 78' lang='grc' dir='ltr'>ἐπαρ-</span> 
     </span>
    </p>
   </div>
   <div class='ocr_carea' id='block_1_83' title="bbox 2191 3908 3841 3986">
    <p class='ocr_par' dir='ltr' id='par_1_83' title="bbox 2191 3908 3841 3986">
     <span class='ocr_line' id='line_1_83' title="bbox 2191 3908 3841 3986; baseline 0.002 -24"><span class='ocrx_word' id='word_1_501' title='bbox 2191 3909 2321 3985; x_wconf 84' lang='grc' dir='ltr'>χίας</span> <span class='ocrx_word' id='word_1_502' title='bbox 2379 3911 2651 3986; x_wconf 80' lang='grc' dir='ltr'>Ίσαυρίας</span> <span class='ocrx_word' id='word_1_503' title='bbox 2709 3908 3088 3977; x_wconf 79' lang='grc' dir='ltr'>Δεκαπόλεως,</span> <span class='ocrx_word' id='word_1_504' title='bbox 3146 3909 3233 3966; x_wconf 88' lang='grc' dir='ltr'>ἐπὶ</span> <span class='ocrx_word' id='word_1_505' title='bbox 3290 3915 3398 3966; x_wconf 82' lang='grc' dir='ltr'>τῶν</span> <span class='ocrx_word' id='word_1_506' title='bbox 3455 3911 3670 3986; x_wconf 87' lang='grc' dir='ltr'>χρόνων</span> <span class='ocrx_word' id='word_1_507' title='bbox 3725 3916 3841 3966; x_wconf 79' lang='grc' dir='ltr'>τῶν</span> 
     </span>
    </p>
   </div>
   <div class='ocr_carea' id='block_1_84' title="bbox 2192 3994 3849 4076">
    <p class='ocr_par' dir='ltr' id='par_1_84' title="bbox 2192 3994 3849 4076">
     <span class='ocr_line' id='line_1_84' title="bbox 2192 3994 3849 4076; baseline 0.001 -23"><span class='ocrx_word' id='word_1_508' title='bbox 2192 3994 2462 4053; x_wconf 77' lang='grc' dir='ltr'>δυσσεϐὢν</span> <span class='ocrx_word' id='word_1_509' title='bbox 2496 3998 2912 4075; x_wconf 77' lang='grc' dir='ltr'>Είκονομάχων.</span> <span class='ocrx_word' id='word_1_510' title='bbox 2946 3998 3044 4059; x_wconf 79' lang='grc' dir='ltr'>Εἰς</span> <span class='ocrx_word' id='word_1_511' title='bbox 3074 3999 3295 4069; x_wconf 79' lang='grc' dir='ltr'>ἠλικίαν</span> <span class='ocrx_word' id='word_1_512' title='bbox 3357 3997 3413 4055; x_wconf 73' lang='grc' dir='ltr'>δὲ</span> <span class='ocrx_word' id='word_1_513' title='bbox 3465 4001 3664 4070; x_wconf 79' lang='grc' dir='ltr'>ἐλθὼν,</span> <span class='ocrx_word' id='word_1_514' title='bbox 3716 4001 3849 4076; x_wconf 85' lang='grc' dir='ltr'>βου-</span> 
     </span>
    </p>
   </div>
   <div class='ocr_carea' id='block_1_85' title="bbox 2191 4085 3844 4164">
    <p class='ocr_par' dir='ltr' id='par_1_85' title="bbox 2191 4085 3844 4164">
     <span class='ocr_line' id='line_1_85' title="bbox 2191 4085 3844 4164; baseline 0.002 -23"><span class='ocrx_word' id='word_1_515' title='bbox 2191 4085 2467 4158; x_wconf 69' lang='grc' dir='ltr'>ληθέντων</span> <span class='ocrx_word' id='word_1_516' title='bbox 2496 4093 2605 4142; x_wconf 80' lang='grc' dir='ltr'>τῶν</span> <span class='ocrx_word' id='word_1_517' title='bbox 2664 4091 2864 4163; x_wconf 78' lang='grc' dir='ltr'>γῦνέων</span> <span class='ocrx_word' id='word_1_518' title='bbox 2924 4088 3061 4164; x_wconf 82' lang='grc' dir='ltr'>πρὸς</span> <span class='ocrx_word' id='word_1_519' title='bbox 3116 4091 3289 4164; x_wconf 80' lang='grc' dir='ltr'>γάμον</span> <span class='ocrx_word' id='word_1_520' title='bbox 3348 4086 3595 4144; x_wconf 83' lang='grc' dir='ltr'>ἐκδοῦναι</span> <span class='ocrx_word' id='word_1_521' title='bbox 3654 4089 3844 4161; x_wconf 75' lang='grc' dir='ltr'>αὐτὸν,</span> 
     </span>
    </p>
   </div>
   <div class='ocr_carea' id='block_1_86' title="bbox 2190 4176 3851 4255">
    <p class='ocr_par' dir='ltr' id='par_1_86' title="bbox 2190 4176 3851 4255">
     <span class='ocr_line' id='line_1_86' title="bbox 2190 4176 3851 4255; baseline 0.002 -24"><span class='ocrx_word' id='word_1_522' title='bbox 2190 4177 2371 4255; x_wconf 73' lang='grc' dir='ltr'>φυγὼν</span> <span class='ocrx_word' id='word_1_523' title='bbox 2398 4178 2584 4252; x_wconf 84' lang='grc' dir='ltr'>γέγονε</span> <span class='ocrx_word' id='word_1_524' title='bbox 2638 4176 2901 4252; x_wconf 84' lang='grc' dir='ltr'>μοναχός.</span> <span class='ocrx_word' id='word_1_525' title='bbox 2966 4176 3069 4234; x_wconf 82' lang='grc' dir='ltr'>Καὶ</span> <span class='ocrx_word' id='word_1_526' title='bbox 3126 4177 3375 4248; x_wconf 75' lang='grc' dir='ltr'>εἰσῆλθεν</span> <span class='ocrx_word' id='word_1_527' title='bbox 3435 4178 3512 4241; x_wconf 74' lang='grc' dir='ltr'>εἷς</span> <span class='ocrx_word' id='word_1_528' title='bbox 3568 4177 3851 4250; x_wconf 74' lang='grc' dir='ltr'>σπήλαιον</span> 
     </span>
    </p>
   </div>
   <div class='ocr_carea' id='block_1_87' title="bbox 2190 4263 3848 4342">
    <p class='ocr_par' dir='ltr' id='par_1_87' title="bbox 2190 4263 3848 4342">
     <span class='ocr_line' id='line_1_87' title="bbox 2190 4263 3848 4342; baseline 0.002 -22"><span class='ocrx_word' id='word_1_529' title='bbox 2190 4265 2243 4321; x_wconf 87' lang='grc' dir='ltr'>ἐν</span> <span class='ocrx_word' id='word_1_530' title='bbox 2275 4267 2322 4339; x_wconf 82' lang='grc' dir='ltr'>ᾧ</span> <span class='ocrx_word' id='word_1_531' title='bbox 2369 4263 2630 4339; x_wconf 88' lang='grc' dir='ltr'>δαίμονες</span> <span class='ocrx_word' id='word_1_532' title='bbox 2686 4265 2892 4323; x_wconf 85' lang='grc' dir='ltr'>πολλοὶ</span> <span class='ocrx_word' id='word_1_533' title='bbox 2948 4267 3254 4340; x_wconf 85' lang='grc' dir='ltr'>κατῴκουν.</span> <span class='ocrx_word' id='word_1_534' title='bbox 3314 4266 3382 4325; x_wconf 79' lang='grc' dir='ltr'>Οἳ</span> <span class='ocrx_word' id='word_1_535' title='bbox 3437 4269 3527 4322; x_wconf 80' lang='grc' dir='ltr'>καὶ</span> <span class='ocrx_word' id='word_1_536' title='bbox 3584 4268 3848 4342; x_wconf 81' lang='grc' dir='ltr'>τύψαντες</span> 
     </span>
    </p>
   </div>
   <div class='ocr_carea' id='block_1_88' title="bbox 2189 4353 3847 4434">
    <p class='ocr_par' dir='ltr' id='par_1_88' title="bbox 2189 4353 3847 4434">
     <span class='ocr_line' id='line_1_88' title="bbox 2189 4353 3847 4434; baseline 0.001 -23"><span class='ocrx_word' id='word_1_537' title='bbox 2189 4357 2280 4411; x_wconf 84' lang='grc' dir='ltr'>τὸν</span> <span class='ocrx_word' id='word_1_538' title='bbox 2312 4356 2488 4431; x_wconf 71' lang='grc' dir='ltr'>ἅγιον,</span> <span class='ocrx_word' id='word_1_539' title='bbox 2545 4354 2855 4411; x_wconf 87' lang='grc' dir='ltr'>τελευταῖον</span> <span class='ocrx_word' id='word_1_540' title='bbox 2916 4353 3007 4411; x_wconf 76' lang='grc' dir='ltr'>διὰ</span> <span class='ocrx_word' id='word_1_541' title='bbox 3061 4363 3377 4433; x_wconf 64' lang='grc' dir='ltr'>προσευχῆς</span> <span class='ocrx_word' id='word_1_542' title='bbox 3431 4354 3597 4413; x_wconf 84' lang='grc' dir='ltr'>αὐτοῦ</span> <span class='ocrx_word' id='word_1_543' title='bbox 3649 4354 3847 4434; x_wconf 64' lang='grc' dir='ltr'>ἐφυγα-</span> 
     </span>
    </p>
   </div>
   <div class='ocr_carea' id='block_1_89' title="bbox 2191 4443 3843 4517">
    <p class='ocr_par' dir='ltr' id='par_1_89' title="bbox 2191 4443 3843 4517">
     <span class='ocr_line' id='line_1_89' title="bbox 2191 4443 3843 4517; baseline 0.001 -17"><span class='ocrx_word' id='word_1_544' title='bbox 2191 4443 2479 4517; x_wconf 84' lang='grc' dir='ltr'>δεύθησαν.</span> <span class='ocrx_word' id='word_1_545' title='bbox 2540 4445 2669 4501; x_wconf 78' lang='grc' dir='ltr'>Εἶτα</span> <span class='ocrx_word' id='word_1_546' title='bbox 2730 4446 2834 4501; x_wconf 82' lang='grc' dir='ltr'>ὑπὸ</span> <span class='ocrx_word' id='word_1_547' title='bbox 2892 4446 3036 4510; x_wconf 88' lang='grc' dir='ltr'>θείας</span> <span class='ocrx_word' id='word_1_548' title='bbox 3093 4446 3354 4509; x_wconf 83' lang='grc' dir='ltr'>ὀπτασίας</span> <span class='ocrx_word' id='word_1_549' title='bbox 3420 4448 3482 4502; x_wconf 84' lang='grc' dir='ltr'>τὸ</span> <span class='ocrx_word' id='word_1_550' title='bbox 3567 4446 3843 4517; x_wconf 75' lang='grc' dir='ltr'>σπήλαιον</span> 
     </span>
    </p>
   </div>
   <div class='ocr_carea' id='block_1_90' title="bbox 2190 4535 3842 4616">
    <p class='ocr_par' dir='ltr' id='par_1_90' title="bbox 2190 4535 3842 4616">
     <span class='ocr_line' id='line_1_90' title="bbox 2190 4535 3842 4616; baseline 0.001 -24"><span class='ocrx_word' id='word_1_551' title='bbox 2190 4537 2364 4616; x_wconf 74' lang='grc' dir='ltr'>ἀφεὶς,</span> <span class='ocrx_word' id='word_1_552' title='bbox 2393 4538 2482 4592; x_wconf 77' lang='grc' dir='ltr'>καὶ</span> <span class='ocrx_word' id='word_1_553' title='bbox 2517 4538 2623 4593; x_wconf 84' lang='grc' dir='ltr'>ἀπὸ</span> <span class='ocrx_word' id='word_1_554' title='bbox 2667 4535 2883 4601; x_wconf 87' lang='grc' dir='ltr'>πόλεως</span> <span class='ocrx_word' id='word_1_555' title='bbox 2931 4537 3007 4600; x_wconf 83' lang='grc' dir='ltr'>είς</span> <span class='ocrx_word' id='word_1_556' title='bbox 3056 4536 3217 4593; x_wconf 87' lang='grc' dir='ltr'>πόλιν</span> <span class='ocrx_word' id='word_1_557' title='bbox 3263 4537 3663 4614; x_wconf 81' lang='grc' dir='ltr'>ἀπερχόμενος,</span> <span class='ocrx_word' id='word_1_558' title='bbox 3712 4558 3842 4593; x_wconf 82' lang='grc' dir='ltr'>κατ-</span> 
     </span>
    </p>
   </div>
   <div class='ocr_carea' id='block_1_91' title="bbox 426 4624 2075 4713">
    <p class='ocr_par' dir='ltr' id='par_1_91' title="bbox 426 4636 2074 4713">
     <span class='ocr_line' id='line_1_91' title="bbox 426 4636 2074 4713; baseline 0.002 -23"><span class='ocrx_word' id='word_1_559' title='bbox 426 4636 583 4690; x_wconf 89' lang='lat' dir='ltr'>muri</span> <span class='ocrx_word' id='word_1_560' title='bbox 616 4636 867 4692; x_wconf 82' lang='lat' dir='ltr'>civitatis</span> <span class='ocrx_word' id='word_1_561' title='bbox 898 4638 1047 4693; x_wconf 89' lang='lat' dir='ltr'>turri</span> <span class='ocrx_word' id='word_1_562' title='bbox 1079 4638 1388 4712; x_wconf 87' lang='lat' dir='ltr'>habitavit,</span> <span class='ocrx_word' id='word_1_563' title='bbox 1420 4640 1521 4695; x_wconf 89' lang='lat' dir='ltr'>ubi</span> <span class='ocrx_word' id='word_1_564' title='bbox 1553 4645 1612 4696; x_wconf 89' lang='lat' dir='ltr'>et</span> <span class='ocrx_word' id='word_1_565' title='bbox 1655 4640 1915 4713; x_wconf 86' lang='lat' dir='ltr'>plurima</span> <span class='ocrx_word' id='word_1_566' title='bbox 1951 4639 2074 4697; x_wconf 90' lang='lat' dir='ltr'>edi-</span> 
     </span>
    </p>
   </div>
   <div class='ocr_carea' id='block_1_92' title="bbox 2187 4624 3847 4713">
    <p class='ocr_par' dir='ltr' id='par_1_92' title="bbox 2187 4626 3847 4705">
     <span class='ocr_line' id='line_1_92' title="bbox 2187 4626 3847 4705; baseline -0.001 -22"><span class='ocrx_word' id='word_1_567' title='bbox 2187 4629 2416 4699; x_wconf 78' lang='grc' dir='ltr'>ήντησεν</span> <span class='ocrx_word' id='word_1_568' title='bbox 2449 4627 2525 4691; x_wconf 82' lang='grc' dir='ltr'>εἰς</span> <span class='ocrx_word' id='word_1_569' title='bbox 2559 4629 2928 4705; x_wconf 87' lang='grc' dir='ltr'>Συράκουσαν,</span> <span class='ocrx_word' id='word_1_570' title='bbox 2978 4626 3140 4683; x_wconf 89' lang='grc' dir='ltr'>πόλιν</span> <span class='ocrx_word' id='word_1_571' title='bbox 3191 4631 3291 4701; x_wconf 76' lang='grc' dir='ltr'>τῇς</span> <span class='ocrx_word' id='word_1_572' title='bbox 3342 4627 3617 4697; x_wconf 79' lang='grc' dir='ltr'>Σικελίας,</span> <span class='ocrx_word' id='word_1_573' title='bbox 3672 4626 3847 4683; x_wconf 78' lang='grc' dir='ltr'>είσελο</span> 
     </span>
    </p>
   </div>
   <div class='ocr_carea' id='block_1_93' title="bbox 426 4722 2072 4802">
    <p class='ocr_par' dir='ltr' id='par_1_93' title="bbox 426 4722 2072 4802">
     <span class='ocr_line' id='line_1_93' title="bbox 426 4722 2072 4802; baseline 0.005 -24"><span class='ocrx_word' id='word_1_574' title='bbox 426 4722 533 4780; x_wconf 91' lang='lat' dir='ltr'>dit.</span> <span class='ocrx_word' id='word_1_575' title='bbox 566 4726 695 4780; x_wconf 81' lang='lat' dir='ltr'>Mox</span> <span class='ocrx_word' id='word_1_576' title='bbox 724 4727 1205 4785; x_wconf 81' lang='lat' dir='ltr'>Thessalonicam</span> <span class='ocrx_word' id='word_1_577' title='bbox 1234 4730 1424 4802; x_wconf 89' lang='lat' dir='ltr'>petiit,</span> <span class='ocrx_word' id='word_1_578' title='bbox 1457 4729 1671 4785; x_wconf 89' lang='lat' dir='ltr'>deinde</span> <span class='ocrx_word' id='word_1_579' title='bbox 1710 4731 2072 4802; x_wconf 88' lang='lat' dir='ltr'>Byzantium.</span> 
     </span>
    </p>
   </div>
   <div class='ocr_carea' id='block_1_94' title="bbox 426 4813 2078 4891">
    <p class='ocr_par' dir='ltr' id='par_1_94' title="bbox 426 4813 2078 4891">
     <span class='ocr_line' id='line_1_94' title="bbox 426 4813 2078 4891; baseline 0.005 -23"><span class='ocrx_word' id='word_1_580' title='bbox 426 4813 557 4870; x_wconf 89' lang='lat' dir='ltr'>lllic</span> <span class='ocrx_word' id='word_1_581' title='bbox 588 4814 893 4885; x_wconf 89' lang='lat' dir='ltr'>aliquanto</span> <span class='ocrx_word' id='word_1_582' title='bbox 923 4822 1079 4888; x_wconf 89' lang='lat' dir='ltr'>post,</span> <span class='ocrx_word' id='word_1_583' title='bbox 1103 4820 1277 4891; x_wconf 79' lang='lat' dir='ltr'>juxta</span> <span class='ocrx_word' id='word_1_584' title='bbox 1304 4820 1590 4875; x_wconf 88' lang='lat' dir='ltr'>visionem</span> <span class='ocrx_word' id='word_1_585' title='bbox 1618 4819 1799 4875; x_wconf 89' lang='lat' dir='ltr'>divini</span> <span class='ocrx_word' id='word_1_586' title='bbox 1852 4821 2078 4877; x_wconf 90' lang='lat' dir='ltr'>Simeo-</span> 
     </span>
    </p>
   </div>
   <div class='ocr_carea' id='block_1_95' title="bbox 427 4902 2076 4982">
    <p class='ocr_par' dir='ltr' id='par_1_95' title="bbox 427 4902 2076 4982">
     <span class='ocr_line' id='line_1_95' title="bbox 427 4902 2076 4982; baseline 0.004 -22"><span class='ocrx_word' id='word_1_587' title='bbox 427 4902 521 4960; x_wconf 90' lang='lat' dir='ltr'>nis</span> <span class='ocrx_word' id='word_1_588' title='bbox 553 4903 775 4960; x_wconf 90' lang='lat' dir='ltr'>ibidem</span> <span class='ocrx_word' id='word_1_589' title='bbox 805 4906 1045 4978; x_wconf 88' lang='lat' dir='ltr'>pietatis</span> <span class='ocrx_word' id='word_1_590' title='bbox 1075 4925 1252 4965; x_wconf 88' lang='lat' dir='ltr'>causa</span> <span class='ocrx_word' id='word_1_591' title='bbox 1281 4910 1482 4979; x_wconf 89' lang='lat' dir='ltr'>vincti,</span> <span class='ocrx_word' id='word_1_592' title='bbox 1512 4927 1648 4966; x_wconf 89' lang='lat' dir='ltr'>cum</span> <span class='ocrx_word' id='word_1_593' title='bbox 1688 4927 1805 4982; x_wconf 90' lang='lat' dir='ltr'>quo</span> <span class='ocrx_word' id='word_1_594' title='bbox 1839 4911 2076 4967; x_wconf 89' lang='lat' dir='ltr'>abunde</span> 
     </span>
    </p>
   </div>
   <div class='ocr_carea' id='block_1_96' title="bbox 426 4996 2079 5074">
    <p class='ocr_par' dir='ltr' id='par_1_96' title="bbox 426 4996 2079 5074">
     <span class='ocr_line' id='line_1_96' title="bbox 426 4996 2079 5074; baseline 0.006 -27"><span class='ocrx_word' id='word_1_595' title='bbox 426 4999 691 5049; x_wconf 86' lang='lat' dir='ltr'>versatus</span> <span class='ocrx_word' id='word_1_596' title='bbox 717 5000 826 5060; x_wconf 86' lang='lat' dir='ltr'>est,</span> <span class='ocrx_word' id='word_1_597' title='bbox 858 5012 927 5052; x_wconf 89' lang='lat' dir='ltr'>ac</span> <span class='ocrx_word' id='word_1_598' title='bbox 958 4996 1030 5053; x_wconf 90' lang='lat' dir='ltr'>de</span> <span class='ocrx_word' id='word_1_599' title='bbox 1062 4998 1262 5055; x_wconf 87' lang='lat' dir='ltr'>anima</span> <span class='ocrx_word' id='word_1_600' title='bbox 1290 4999 1763 5071; x_wconf 86' lang='lat' dir='ltr'>philosophatus,</span> <span class='ocrx_word' id='word_1_601' title='bbox 1805 5001 2079 5074; x_wconf 80' lang='lat' dir='ltr'>migravit</span> 
     </span>
    </p>
   </div>
   <div class='ocr_carea' id='block_1_97' title="bbox 425 5081 872 5142">
    <p class='ocr_par' dir='ltr' id='par_1_97' title="bbox 425 5081 872 5142">
     <span class='ocr_line' id='line_1_97' title="bbox 425 5081 872 5142; baseline 0.007 -3"><span class='ocrx_word' id='word_1_602' title='bbox 425 5081 499 5140; x_wconf 88' lang='lat' dir='ltr'>ad</span> <span class='ocrx_word' id='word_1_603' title='bbox 531 5083 872 5142; x_wconf 89' lang='lat' dir='ltr'>Dominum.</span> 
     </span>
    </p>
   </div>
   <div class='ocr_carea' id='block_1_98' title="bbox 975 5383 1507 5440">
    <p class='ocr_par' dir='ltr' id='par_1_98' title="bbox 975 5383 1507 5440">
     <span class='ocr_line' id='line_1_98' title="bbox 975 5383 1507 5440; baseline 0.004 -2"><span class='ocrx_word' id='word_1_604' title='bbox 975 5383 1215 5439; x_wconf 88' lang='lat' dir='ltr'><strong>EODEM</strong></span> <span class='ocrx_word' id='word_1_605' title='bbox 1255 5384 1507 5440; x_wconf 83' lang='lat' dir='ltr'>MENSE.</span> 
     </span>
    </p>
   </div>
   <div class='ocr_carea' id='block_1_99' title="bbox 926 5472 1563 5547">
    <p class='ocr_par' dir='ltr' id='par_1_99' title="bbox 926 5472 1563 5547">
     <span class='ocr_line' id='line_1_99' title="bbox 926 5472 1563 5547; baseline 0 -18"><span class='ocrx_word' id='word_1_606' title='bbox 926 5472 1030 5529; x_wconf 89' lang='lat' dir='ltr'>Die</span> <span class='ocrx_word' id='word_1_607' title='bbox 1060 5474 1344 5529; x_wconf 88' lang='lat' dir='ltr'>vicesima</span> <span class='ocrx_word' id='word_1_608' title='bbox 1371 5474 1563 5547; x_wconf 86' lang='lat' dir='ltr'>prima</span> 
     </span>
    </p>
   </div>
   <div class='ocr_carea' id='block_1_100' title="bbox 415 5558 2074 5640">
    <p class='ocr_par' dir='ltr' id='par_1_100' title="bbox 415 5558 2074 5640">
     <span class='ocr_line' id='line_1_100' title="bbox 415 5558 2074 5640; baseline -0.002 -23"><span class='ocrx_word' id='word_1_609' title='bbox 415 5558 571 5640; x_wconf 61' lang='lat'><strong>204</strong></span> <span class='ocrx_word' id='word_1_610' title='bbox 591 5561 872 5640; x_wconf 66' lang='lat' dir='ltr'>Ingressus</span> <span class='ocrx_word' id='word_1_611' title='bbox 899 5564 1172 5640; x_wconf 64' lang='lat' dir='ltr'>Deipgrae,</span> <span class='ocrx_word' id='word_1_612' title='bbox 1213 5579 1334 5618; x_wconf 85' lang='lat' dir='ltr'>cum</span> <span class='ocrx_word' id='word_1_613' title='bbox 1388 5564 1463 5618; x_wconf 83' lang='lat' dir='ltr'>ad</span> <span class='ocrx_word' id='word_1_614' title='bbox 1518 5565 1782 5640; x_wconf 83' lang='lat' dir='ltr'>templum</span> <span class='ocrx_word' id='word_1_615' title='bbox 1822 5584 2074 5640; x_wconf 63' lang='lat' dir='ltr'>praesen-</span> 
     </span>
    </p>
   </div>
   <div class='ocr_carea' id='block_1_101' title="bbox 546 5635 1934 5702">
    <p class='ocr_par' dir='ltr' id='par_1_101' title="bbox 546 5635 1934 5702">
     <span class='ocr_line' id='line_1_101' title="bbox 546 5635 1934 5702; baseline 0.006 -13"><span class='ocrx_word' id='word_1_616' title='bbox 546 5638 665 5689; x_wconf 79' lang='lat' dir='ltr'>tata</span> <span class='ocrx_word' id='word_1_617' title='bbox 686 5635 798 5702; x_wconf 77' lang='lat' dir='ltr'>fuit</span> <span class='ocrx_word' id='word_1_618' title='bbox 850 5640 903 5690; x_wconf 80' lang='lat' dir='ltr'>et</span> <span class='ocrx_word' id='word_1_619' title='bbox 929 5637 991 5690; x_wconf 87' lang='lat' dir='ltr'>in</span> <span class='ocrx_word' id='word_1_620' title='bbox 1019 5636 1225 5691; x_wconf 76' lang='lat' dir='ltr'>Sancta</span> <span class='ocrx_word' id='word_1_621' title='bbox 1251 5641 1563 5691; x_wconf 79' lang='lat' dir='ltr'>sanctorum</span> <span class='ocrx_word' id='word_1_622' title='bbox 1594 5635 1934 5697; x_wconf 65' lang='lat' dir='ltr'>introducta.</span> 
     </span>
    </p>
   </div>
   <div class='ocr_carea' id='block_1_102' title="bbox 491 5739 2070 5808">
    <p class='ocr_par' dir='ltr' id='par_1_102' title="bbox 491 5739 2070 5808">
     <span class='ocr_line' id='line_1_102' title="bbox 491 5739 2070 5808; baseline 0.008 -13"><span class='ocrx_word' id='word_1_623' title='bbox 491 5740 629 5796; x_wconf 87' lang='lat' dir='ltr'>Post</span> <span class='ocrx_word' id='word_1_624' title='bbox 657 5739 1073 5799; x_wconf 89' lang='lat' dir='ltr'>admirabilem</span> <span class='ocrx_word' id='word_1_625' title='bbox 1103 5746 1445 5800; x_wconf 84' lang='lat' dir='ltr'>sanctorum</span> <span class='ocrx_word' id='word_1_626' title='bbox 1472 5744 1739 5804; x_wconf 86' lang='lat' dir='ltr'>Joachim</span> <span class='ocrx_word' id='word_1_627' title='bbox 1776 5752 1836 5804; x_wconf 86' lang='lat' dir='ltr'>et</span> <span class='ocrx_word' id='word_1_628' title='bbox 1883 5750 2070 5808; x_wconf 66' lang='lat' dir='ltr'>Anna</span> 
     </span>
    </p>
   </div>
   <div class='ocr_carea' id='block_1_103' title="bbox 2189 4715 3845 4793">
    <p class='ocr_par' dir='ltr' id='par_1_103' title="bbox 2189 4715 3845 4793">
     <span class='ocr_line' id='line_1_103' title="bbox 2189 4715 3845 4793; baseline 0.001 -21"><span class='ocrx_word' id='word_1_629' title='bbox 2189 4717 2295 4772; x_wconf 87' lang='grc' dir='ltr'>θὼν</span> <span class='ocrx_word' id='word_1_630' title='bbox 2328 4717 2403 4780; x_wconf 88' lang='grc' dir='ltr'>είς</span> <span class='ocrx_word' id='word_1_631' title='bbox 2431 4716 2524 4773; x_wconf 82' lang='grc' dir='ltr'>ἓνα</span> <span class='ocrx_word' id='word_1_632' title='bbox 2549 4722 2661 4773; x_wconf 82' lang='grc' dir='ltr'>τῶν</span> <span class='ocrx_word' id='word_1_633' title='bbox 2718 4715 2939 4791; x_wconf 88' lang='grc' dir='ltr'>πύρδων</span> <span class='ocrx_word' id='word_1_634' title='bbox 2994 4721 3093 4773; x_wconf 91' lang='grc' dir='ltr'>τοῦ</span> <span class='ocrx_word' id='word_1_635' title='bbox 3138 4717 3383 4793; x_wconf 82' lang='grc' dir='ltr'>τείχους,</span> <span class='ocrx_word' id='word_1_636' title='bbox 3434 4717 3486 4774; x_wconf 80' lang='grc' dir='ltr'>ἐν</span> <span class='ocrx_word' id='word_1_637' title='bbox 3517 4719 3564 4791; x_wconf 83' lang='grc' dir='ltr'>ᾧ</span> <span class='ocrx_word' id='word_1_638' title='bbox 3596 4717 3845 4791; x_wconf 85' lang='grc' dir='ltr'>θαύματα</span> 
     </span>
    </p>
   </div>
   <div class='ocr_carea' id='block_1_104' title="bbox 2184 4804 3847 4878">
    <p class='ocr_par' dir='ltr' id='par_1_104' title="bbox 2184 4804 3847 4878">
     <span class='ocr_line' id='line_1_104' title="bbox 2184 4804 3847 4878; baseline -0.001 -15"><span class='ocrx_word' id='word_1_639' title='bbox 2184 4804 2372 4863; x_wconf 75' lang='grc' dir='ltr'>πολλὰ</span> <span class='ocrx_word' id='word_1_640' title='bbox 2439 4808 2559 4862; x_wconf 80' lang='grc' dir='ltr'>καθ’</span> <span class='ocrx_word' id='word_1_641' title='bbox 2642 4805 2869 4878; x_wconf 69' lang='grc' dir='ltr'>εκάστην</span> <span class='ocrx_word' id='word_1_642' title='bbox 2950 4804 3220 4863; x_wconf 80' lang='grc' dir='ltr'>ἐπετέλει.</span> <span class='ocrx_word' id='word_1_643' title='bbox 3274 4809 3409 4863; x_wconf 83' lang='grc' dir='ltr'>Εἶτα</span> <span class='ocrx_word' id='word_1_644' title='bbox 3465 4806 3707 4873; x_wconf 82' lang='grc' dir='ltr'>ἀπῆλθεν</span> <span class='ocrx_word' id='word_1_645' title='bbox 3765 4805 3847 4869; x_wconf 83' lang='grc' dir='ltr'>είς</span> 
     </span>
    </p>
   </div>
   <div class='ocr_carea' id='block_1_105' title="bbox 2185 4895 3839 4968">
    <p class='ocr_par' dir='ltr' id='par_1_105' title="bbox 2185 4895 3839 4968">
     <span class='ocr_line' id='line_1_105' title="bbox 2185 4895 3839 4968; baseline -0.001 -15"><span class='ocrx_word' id='word_1_646' title='bbox 2185 4895 2601 4968; x_wconf 83' lang='grc' dir='ltr'>Θεσσαλονίκην’</span> <span class='ocrx_word' id='word_1_647' title='bbox 2660 4896 2775 4952; x_wconf 83' lang='grc' dir='ltr'>εἶτα</span> <span class='ocrx_word' id='word_1_648' title='bbox 2832 4895 2911 4959; x_wconf 69' lang='grc' dir='ltr'>εἷς</span> <span class='ocrx_word' id='word_1_649' title='bbox 2964 4897 3029 4951; x_wconf 82' lang='grc' dir='ltr'>τὸ</span> <span class='ocrx_word' id='word_1_650' title='bbox 3108 4895 3428 4967; x_wconf 85' lang='grc' dir='ltr'>Βυζάντιον,</span> <span class='ocrx_word' id='word_1_651' title='bbox 3501 4897 3639 4953; x_wconf 75' lang='grc' dir='ltr'>κατὰ</span> <span class='ocrx_word' id='word_1_652' title='bbox 3714 4895 3839 4961; x_wconf 70' lang='grc' dir='ltr'>θέαν</span> 
     </span>
    </p>
   </div>
   <div class='ocr_carea' id='block_1_106' title="bbox 2182 4985 3836 5064">
    <p class='ocr_par' dir='ltr' id='par_1_106' title="bbox 2182 4985 3836 5064">
     <span class='ocr_line' id='line_1_106' title="bbox 2182 4985 3836 5064; baseline -0.001 -18"><span class='ocrx_word' id='word_1_653' title='bbox 2182 4987 2282 5046; x_wconf 88' lang='grc' dir='ltr'>τοῦ</span> <span class='ocrx_word' id='word_1_654' title='bbox 2314 4990 2466 5045; x_wconf 86' lang='grc' dir='ltr'>θείου</span> <span class='ocrx_word' id='word_1_655' title='bbox 2498 4993 2789 5064; x_wconf 82' lang='grc' dir='ltr'>Συμεῶνος</span> <span class='ocrx_word' id='word_1_656' title='bbox 2820 4988 2994 5044; x_wconf 79' lang='grc' dir='ltr'>ἐκεῖσε</span> <span class='ocrx_word' id='word_1_657' title='bbox 3038 4986 3322 5061; x_wconf 84' lang='grc' dir='ltr'>δεσμώτου</span> <span class='ocrx_word' id='word_1_658' title='bbox 3370 4985 3548 5061; x_wconf 75' lang='grc' dir='ltr'>ὄντος,</span> <span class='ocrx_word' id='word_1_659' title='bbox 3601 4987 3691 5045; x_wconf 80' lang='grc' dir='ltr'>διὰ</span> <span class='ocrx_word' id='word_1_660' title='bbox 3733 4990 3836 5058; x_wconf 81' lang='grc' dir='ltr'>τήν</span> 
     </span>
    </p>
   </div>
   <div class='ocr_carea' id='block_1_107' title="bbox 2187 5074 3840 5153">
    <p class='ocr_par' dir='ltr' id='par_1_107' title="bbox 2187 5074 3840 5153">
     <span class='ocr_line' id='line_1_107' title="bbox 2187 5074 3840 5153; baseline 0 -18"><span class='ocrx_word' id='word_1_661' title='bbox 2187 5074 2484 5136; x_wconf 70' lang='grc' dir='ltr'>εὐσέϐειαν.</span> <span class='ocrx_word' id='word_1_662' title='bbox 2535 5083 2707 5134; x_wconf 81' lang='grc' dir='ltr'>Ὢτινι</span> <span class='ocrx_word' id='word_1_663' title='bbox 2783 5078 2874 5133; x_wconf 86' lang='grc' dir='ltr'>καὶ</span> <span class='ocrx_word' id='word_1_664' title='bbox 2928 5075 3213 5153; x_wconf 85' lang='grc' dir='ltr'>διατρίψας</span> <span class='ocrx_word' id='word_1_665' title='bbox 3295 5078 3513 5149; x_wconf 73' lang='grc' dir='ltr'>ἱκανῶς,</span> <span class='ocrx_word' id='word_1_666' title='bbox 3595 5079 3686 5135; x_wconf 86' lang='grc' dir='ltr'>καὶ</span> <span class='ocrx_word' id='word_1_667' title='bbox 3768 5079 3840 5135; x_wconf 78' lang='grc' dir='ltr'>τὰ</span> 
     </span>
    </p>
   </div>
   <div class='ocr_carea' id='block_1_108' title="bbox 2182 5164 3840 5247">
    <p class='ocr_par' dir='ltr' id='par_1_108' title="bbox 2182 5164 3840 5247">
     <span class='ocr_line' id='line_1_108' title="bbox 2182 5164 3840 5247; baseline 0 -23"><span class='ocrx_word' id='word_1_668' title='bbox 2182 5170 2309 5246; x_wconf 87' lang='grc' dir='ltr'>περὶ</span> <span class='ocrx_word' id='word_1_669' title='bbox 2366 5172 2554 5245; x_wconf 85' lang='grc' dir='ltr'>ψυχῆς</span> <span class='ocrx_word' id='word_1_670' title='bbox 2602 5169 3117 5247; x_wconf 76' lang='grc' dir='ltr'>συμφιλοσοφήσας,</span> <span class='ocrx_word' id='word_1_671' title='bbox 3170 5169 3286 5242; x_wconf 86' lang='grc' dir='ltr'>μετ’</span> <span class='ocrx_word' id='word_1_672' title='bbox 3325 5164 3513 5245; x_wconf 83' lang='grc' dir='ltr'>ὀλίγον</span> <span class='ocrx_word' id='word_1_673' title='bbox 3558 5169 3699 5246; x_wconf 84' lang='grc' dir='ltr'>πρὸς</span> <span class='ocrx_word' id='word_1_674' title='bbox 3740 5169 3840 5224; x_wconf 80' lang='grc' dir='ltr'>Κύ-</span> 
     </span>
    </p>
   </div>
   <div class='ocr_carea' id='block_1_109' title="bbox 2185 5255 2686 5337">
    <p class='ocr_par' dir='ltr' id='par_1_109' title="bbox 2185 5255 2686 5337">
     <span class='ocr_line' id='line_1_109' title="bbox 2185 5255 2686 5337; baseline 0.006 -22"><span class='ocrx_word' id='word_1_675' title='bbox 2185 5279 2305 5337; x_wconf 89' lang='grc' dir='ltr'>ριον</span> <span class='ocrx_word' id='word_1_676' title='bbox 2336 5255 2487 5330; x_wconf 80' lang='grc' dir='ltr'>ἐξεδή</span> <span class='ocrx_word' id='word_1_677' title='bbox 2496 5279 2686 5333; x_wconf 87' lang='grc' dir='ltr'>μησεν.</span> 
     </span>
    </p>
   </div>
   <div class='ocr_carea' id='block_1_110' title="bbox 2735 5386 3270 5444">
    <p class='ocr_par' dir='ltr' id='par_1_110' title="bbox 2735 5386 3270 5444">
     <span class='ocr_line' id='line_1_110' title="bbox 2735 5386 3270 5444; baseline -0.004 0"><span class='ocrx_word' id='word_1_678' title='bbox 2735 5386 2917 5444; x_wconf 77' lang='lat' dir='ltr'><strong>MIINI</strong></span> <span class='ocrx_word' id='word_1_679' title='bbox 2954 5389 3039 5439; x_wconf 85' lang='grc' dir='ltr'>ΤΩ</span> <span class='ocrx_word' id='word_1_680' title='bbox 3077 5389 3270 5444; x_wconf 78' lang='grc' dir='ltr'><strong>ΑΥΤΩ.</strong></span> 
     </span>
    </p>
   </div>
   <div class='ocr_carea' id='block_1_111' title="bbox 2954 5476 3056 5531">
    <p class='ocr_par' dir='ltr' id='par_1_111' title="bbox 2954 5476 3056 5531">
     <span class='ocr_line' id='line_1_111' title="bbox 2954 5476 3056 5531; baseline 0 0"><span class='ocrx_word' id='word_1_681' title='bbox 2954 5476 3056 5531; x_wconf 80' lang='grc' dir='ltr'>ΚΔ’</span> 
     </span>
    </p>
   </div>
   <div class='ocr_carea' id='block_1_112' title="bbox 2179 5563 3836 5643">
    <p class='ocr_par' dir='ltr' id='par_1_112' title="bbox 2179 5563 3836 5643">
     <span class='ocr_line' id='line_1_112' title="bbox 2179 5563 3836 5643; baseline 0.001 -20"><span class='ocrx_word' id='word_1_682' title='bbox 2179 5568 2255 5623; x_wconf 79' lang='grc' dir='ltr'>Τὰ</span> <span class='ocrx_word' id='word_1_683' title='bbox 2285 5563 2491 5623; x_wconf 84' lang='grc' dir='ltr'>είσόδια</span> <span class='ocrx_word' id='word_1_684' title='bbox 2517 5573 2616 5643; x_wconf 77' lang='grc' dir='ltr'>τῆς</span> <span class='ocrx_word' id='word_1_685' title='bbox 2645 5565 2930 5643; x_wconf 76' lang='grc' dir='ltr'>Θεοτόκον,</span> <span class='ocrx_word' id='word_1_686' title='bbox 2971 5564 3462 5643; x_wconf 2' lang='grc' dir='ltr'>ότεγπροσηνὲχθη-</span> <span class='ocrx_word' id='word_1_687' title='bbox 3500 5564 3555 5622; x_wconf 84' lang='grc' dir='ltr'>ἐν</span> <span class='ocrx_word' id='word_1_688' title='bbox 3598 5571 3678 5641; x_wconf 81' lang='grc' dir='ltr'>τῷ</span> <span class='ocrx_word' id='word_1_689' title='bbox 3720 5573 3836 5643; x_wconf 78' lang='grc' dir='ltr'>ναῷ</span> 
     </span>
    </p>
   </div>
   <div class='ocr_carea' id='block_1_113' title="bbox 2443 5637 3562 5713">
    <p class='ocr_par' dir='ltr' id='par_1_113' title="bbox 2443 5637 3562 5713">
     <span class='ocr_line' id='line_1_113' title="bbox 2443 5637 3562 5713; baseline -0.001 -18"><span class='ocrx_word' id='word_1_690' title='bbox 2443 5638 2534 5695; x_wconf 87' lang='grc' dir='ltr'>καὶ</span> <span class='ocrx_word' id='word_1_691' title='bbox 2566 5638 2814 5710; x_wconf 76' lang='grc' dir='ltr'>εἰσῆλθεν</span> <span class='ocrx_word' id='word_1_692' title='bbox 2847 5637 2923 5699; x_wconf 68' lang='grc' dir='ltr'>εἲς</span> <span class='ocrx_word' id='word_1_693' title='bbox 2947 5638 3014 5694; x_wconf 68' lang='grc' dir='ltr'>τὰ</span> <span class='ocrx_word' id='word_1_694' title='bbox 3039 5637 3205 5713; x_wconf 81' lang='grc' dir='ltr'>Ἀγια</span> <span class='ocrx_word' id='word_1_695' title='bbox 3233 5637 3347 5692; x_wconf 81' lang='grc' dir='ltr'>τῶν</span> <span class='ocrx_word' id='word_1_696' title='bbox 3360 5637 3562 5712; x_wconf 66' lang='grc' dir='ltr'>άγίων.</span> 
     </span>
    </p>
   </div>
   <div class='ocr_carea' id='block_1_114' title="bbox 2247 5743 3836 5823">
    <p class='ocr_par' dir='ltr' id='par_1_114' title="bbox 2247 5743 3836 5823">
     <span class='ocr_line' id='line_1_114' title="bbox 2247 5743 3836 5823; baseline 0.002 -20"><span class='ocrx_word' id='word_1_697' title='bbox 2247 5746 2396 5803; x_wconf 78' lang='grc' dir='ltr'>Μετᾶ</span> <span class='ocrx_word' id='word_1_698' title='bbox 2446 5745 2540 5802; x_wconf 84' lang='grc' dir='ltr'>τὸν</span> <span class='ocrx_word' id='word_1_699' title='bbox 2598 5743 2904 5823; x_wconf 79' lang='grc' dir='ltr'>παράδοξον</span> <span class='ocrx_word' id='word_1_700' title='bbox 2960 5744 3124 5802; x_wconf 87' lang='grc' dir='ltr'>τόκον</span> <span class='ocrx_word' id='word_1_701' title='bbox 3181 5747 3290 5800; x_wconf 80' lang='grc' dir='ltr'>τῶν</span> <span class='ocrx_word' id='word_1_702' title='bbox 3343 5745 3513 5822; x_wconf 75' lang='grc' dir='ltr'>ἁγίων</span> <span class='ocrx_word' id='word_1_703' title='bbox 3574 5748 3836 5823; x_wconf 75' lang='grc' dir='ltr'>Ἰωακεὶμ</span> 
     </span>
    </p>
   </div>
  </div>
