4030 6196
272 387 367 446 1⁵³13
1711 385 1895 448 NOV!

2006 384 2167 446 BER.
3542 391 3656 449 174

275 517 572 587 καὶἋινης,
632 516 1046 591 πληρωθέντος
1102 513 1310 579 διετοῦς
1369 512 1576 593 χρόνου
1632 517 1739 574 ἀπὸ
1789 523 1892 588 τῆς

2006 524 2260 590 partum,
2293 518 2591 574 secundus
2616 535 2650 574 a
2680 517 3001 574 venerabili
3032 518 3308 591 gloriosm
3365 522 3656 593 Deiparaa,

282 615 447 676 πατῆς
468 606 779 681 γεννήσεως
808 611 913 676 τῆς
954 602 1172 677 ἐνδόξου
1221 606 1489 662 Θεοτόκου
1537 607 1627 661 καὶ
1675 606 1900 681 ἀειπαρο

273 696 401 752 οὲνου
446 698 657 769 Μαρίας
719 697 874 751 εἶπεν
944 694 1203 769 Ἰωακεὶμ
1277 698 1348 769 τῇ
1433 696 1647 771 γυναικῖ
1734 694 1900 751 αὐτοῦ

286 787 438 859 Ἀπρίῃ.
464 785 885 860 ’Δπαγάγωμεν
918 781 1085 853 αύτὴν
1125 783 1177 838 ἐν
1222 789 1302 857 τῷ
1343 788 1456 857 ναῷ
1513 784 1734 860 Κυρίου,
1762 786 1901 840 καθ-

264 875 325 936 ἑις
377 874 759 949 ὑπεσχόμεθα.
818 873 925 930 Καὶ
984 872 1125 928 εἶπεν
1210 873 1397 931 Ἀνναο
1489 873 1777 947 Μείνωμεν
1835 871 1898 928 τὸ

254 962 411 1037 τρίτον
459 962 603 1024 ἔτος·
662 964 882 1035 μήποτε
935 964 1145 1035 ζητήσῃ
1188 965 1416 1038 πατὲρα,
1448 961 1484 1033 ἢ
1520 963 1753 1039 μητερα,
1805 960 1897 1018 καὶ

252 1053 310 1108 οὗ
333 1054 825 1123 κατευθυνθησεται
884 1050 1115 1106 ἐνώπιον
1162 1050 1388 1127 Κυρίου.
1440 1050 1546 1107 Καὶ
1595 1051 1731 1124 μετὰ
1774 1049 1898 1124 τρία

249 1138 357 1213 ἔτη,
405 1141 555 1197 εἶπεν
642 1140 923 1214 Ἰωακείμο
1007 1140 1335 1214 Καλέσωμεν
1418 1140 1515 1204 τὰς
1601 1139 1895 1217 θυγατέρας

249 1236 343 1287 τῶν
393 1226 666 1307 Ἑϐραίων
733 1232 830 1292 τὰς
886 1228 1204 1304 ἇμιάντους,
1261 1231 1351 1285 καὶ
1408 1226 1737 1285 ιλαϐίτωσαν
1795 1228 1897 1284 ἀνὰ

251 1319 517 1396 λαμπάδα,
550 1322 645 1377 καὶ
675 1316 915 1377 ἔστωσαν
956 1322 1011 1376 αἱ
1070 1318 1358 1395 λαμπάδες
1416 1318 1726 1394 καιόμεναι⁸
1781 1321 1894 1393 μή·

255 1433 372 1467 ποτε
396 1413 612 1490 στραφῆ
638 1413 676 1481 ἡ
717 1416 846 1472 παῖς
893 1409 970 1472 είς
1017 1410 1086 1465 τὰ
1135 1409 1340 1480 ἀπίσω,
1398 1409 1488 1465 καὶ
1543 1406 1894 1485 αἰχμαλωτι-

252 1499 653 1575 σοῇἠόιάνοια
683 1501 856 1569 αὐτῆς
914 1499 968 1555 ἐν
1018 1504 1127 1571 ναῷ
1179 1499 1405 1574 Κυρίου.
1473 1498 1577 1556 Καὶ
1632 1497 1893 1569 ἐποίησαν

256 1590 429 1651 οὕτως.
464 1589 567 1645 Καὶ
594 1587 808 1659 ἐδέξατο
838 1588 1005 1659 αὐτὴν
1054 1587 1329 1665 Ζαχαρίας
1379 1589 1472 1644 καὶ
1529 1587 1676 1644 εἶπεν
1728 1587 1888 1660 αύτῇο

259 1677 553 1754 Μεγαλύναι
586 1677 789 1749 Κύριος
832 1678 897 1733 τὸ
947 1677 1124 1750 ὄνομα
1176 1699 1295 1735 σου.
1346 1678 1442 1733 Καὶ
1491 1674 1733 1742 ἐκάθισεν
1785 1676 1887 1732 αύ-

262 1770 349 1836 τήν
376 1768 456 1823 ἐπὶ
483 1772 584 1822 τοῦ
646 1768 863 1843 βαθμοῦ
909 1771 1007 1822 τοῦ
1059 1765 1467 1843 θυσιαστηρίουο
1516 1767 1607 1822 καὶ
1657 1767 1724 1837 ἧν
1766 1786 1893 1843 τρε-

2006 624 2358 680 semperque
2382 608 2635 681 Virginis
2659 607 2851 663 Maria)
2876 608 3180 665 nativitate
3188 610 3318 681 jam
3344 610 3540 668 exibat
3563 628 3671 677 an:
3728 636 3739 641 -

2004 714 2140 768 nus,
2167 714 2302 753 cum
2331 697 2597 753 Joachim
2632 697 2799 752 uxori
2833 715 2954 753 suae
2987 701 3169 753 Annae
3219 698 3368 753 dixit
3401 717 3414 754 :
3466 702 3659 758 Duca-

2004 802 2139 842 mus
2169 802 2301 842 eam
2332 786 2392 841 in
2413 786 2705 858 templum
2728 787 2985 853 Domini,
3012 787 3513 858 quemadmodum
3528 791 3660 861 pol-

2004 875 2150 931 liciti
2177 875 2514 932 sumus.Cui
2532 876 2987 931 AnnazTertium
3003 877 3168 948 prius
3185 892 3411 933 annum
3426 880 3663 950 expleat

2003 982 2078 1021 ne
2108 965 2282 1035 forte,
2338 970 2654 1037 parentum
2712 964 3028 1035 desiderio,
3090 982 3212 1021 non
3263 966 3553 1040 dirigatur
3597 968 3661 1026 in

2002 1060 2324 1126 conspectu
2358 1054 2617 1110 Domini.
2650 1055 2789 1111 Post
2816 1055 3061 1110 tertium
3091 1054 3272 1128 igitur
3318 1072 3543 1113 annum
3576 1058 3664 1113 ait

1999 1143 2315 1200 Joachim:
2370 1144 2762 1199 Accersamus
2809 1143 3224 1200 immaculatas
3282 1144 3665 1202 Hebraeorum

2000 1232 2255 1305 puellas,
2290 1249 2421 1304 qua:
2452 1248 2734 1288 accensas
2767 1231 3074 1304 lampades
3104 1232 3443 1305 praeferant,
3477 1251 3554 1291 ne
3583 1236 3661 1291 ad

2002 1339 2092 1390 ea,
2125 1338 2257 1393 quas
2287 1327 2444 1377 retro
2476 1327 2635 1392 sunt,
2668 1338 2730 1377 se
2761 1326 3068 1378 convertat
3096 1321 3317 1394 puella,
3356 1323 3460 1378 sed
3490 1339 3670 1380 mens

2000 1411 2131 1483 ejus
2162 1415 2286 1466 tota
2314 1412 2375 1466 in
2406 1412 2631 1484 templo
2658 1411 2893 1466 Domini
2926 1412 3317 1483 mancipetur.
3360 1414 3551 1484 Atque
3582 1412 3666 1468 ita

1996 1498 2288 1556 fecerunt.
2321 1500 2636 1572 Excipiens
2666 1500 2847 1572 igitur
2876 1501 3139 1573 puellam
3177 1501 3512 1567 Zacharias,
3569 1501 3666 1556 in-

1999 1589 2165 1660 quit:
2200 1589 2534 1662 Magniﬂcet
2564 1590 2849 1645 Dominus
2879 1606 3099 1645 nomen
3121 1595 3289 1645 tuum
3317 1607 3330 1644 :
3355 1590 3657 1662 simulque

1997 1692 2160 1732 eram
2190 1677 2253 1732 in
2283 1677 2489 1733 altaris
2519 1678 2704 1750 gradu
2735 1678 3062 1735 collocavit.
3090 1680 3158 1735 Et
3182 1679 3559 1735 nutriebatur
3586 1677 3659 1735 ab

1999 1766 2232 1839 angelo,
2264 1766 2456 1823 donec
2487 1784 2714 1824 annum
2746 1768 3166 1824 duodecimum
3199 1769 3411 1841 attigit.
3465 1770 3645 1825 Cum-

264 1856 449 1933 φομένη
510 1856 616 1911 ὑπὸ
670 1856 926 1932 ἀγγέλου,
982 1852 1087 1918 ἕως
1146 1855 1354 1931 ἐγένετο
1434 1855 1568 1911 ἐτῶν
1653 1851 1886 1914 δώδεκα.

2006 1874 2112 1930 que
2162 1862 2395 1929 tempus
2453 1857 2934 1929 desponsationis
2995 1858 3353 1927 advenisset,
3425 1858 3655 1930 accepit

260 1947 665 2022 Καξρθὰσαντος
713 1948 811 2001 τοῦ
863 1948 1057 2018 καιροῦ
1110 1951 1211 2014 τῆς
1275 1942 1588 2019 μνηστείας,
1636 1943 1882 2020 παρέλα-

260 2029 341 2090 ϐεν
382 2035 544 2106 αὐτὴν
602 2036 806 2111 Ἰωσὴφ
888 2035 996 2091 ἀπὸ
1075 2039 1183 2090 τῶν
1270 2032 1570 2110 ἀρχιερέων
1658 2033 1709 2090 ἐν
1769 2038 1882 2107 ναῷ

258 2126 455 2202 Κυρίου.

768 2218 944 2274 iian
983 2221 1068 2294 T9
1108 2216 1311 2294 ΔΥΤῼ.

998 2304 1099 2360 ΚΒ¹

254 2390 497 2463 Ἃθλησις
594 2397 707 2448 τῶν
812 2391 980 2470 ἁγίων
1071 2390 1369 2470 ,μαρτύρων
1473 2392 1701 2467 Μάρκου
1792 2391 1884 2447 καὶ

911 2464 1206 2543 Στεφάνου.

320 2626 432 2681 Ἐπὶ
458 2633 557 2696 τῆς
618 2624 901 2700 βασιλείας
954 2628 1053 2681 τοῦ
1106 2626 1428 2700 παρανόμου
1487 2622 1888 2695 Διοκλητιανοῦ

258 2714 342 2768 καὶ
393 2714 538 2769 οὗτοι
598 2714 650 2769 οἳ
715 2715 863 2790 ἅγιοι
928 2714 1022 2769 τὸν
1079 2720 1180 2784 τῆς
1233 2711 1521 2777 ἀθανασίας
1579 2712 1710 2785 ὑπὲρ
1790 2715 1889 2767 τοῦ

256 2806 480 2876 Χριστοῦ
564 2801 872 2875 διήθλησαν
960 2802 1160 2879 ἆγῶνα’
1246 2804 1614 2879 Ὑπάρχοντες
1668 2802 1771 2877 γὰρ
1831 2799 1891 2855 ἐκ

254 2895 348 2961 τῆς
389 2892 602 2954 πόλεως
662 2891 1001 2968 Ἀντιοχείας
1055 2898 1155 2962 τῆς
1215 2889 1482 2962 Πισιδίας,
1538 2890 1629 2947 καὶ
1685 2909 1893 2946 παντα-

258 2986 361 3058 χοῦ
411 2981 686 3059 παρρησίᾳ
738 2987 857 3044 τοῖς
913 2981 1383 3058 προσερχομένοις
1440 2980 1532 3035 τὸν
1599 2986 1700 3050 τῆς
1751 2976 1890 3050 ἀλη-

263 3070 403 3137 θείας
455 3071 620 3146 λόγον
678 3071 1060 3145 κηρύττοντες,
1116 3070 1205 3124 καὶ
1284 3069 1375 3125 τὸν
1457 3068 1694 3144 Χριστὸν
1762 3067 1891 3122 Θεὸν

260 3161 506 3231 ἀληθινὸν
534 3158 966 3236 ὁμολογοῦντες,
1015 3159 1104 3215 καὶ
1158 3158 1362 3233 Κύριον
1407 3161 1505 3213 τοῦ
1547 3155 1769 3226 παντὸς,
1818 3151 1895 3209 δι·

1995 1962 2125 2002 eam
2154 1947 2369 2018 Joseph
2404 1963 2439 2002 a
2468 1946 2854 2019 pontiﬁcibus
2886 1948 2949 2003 in
2982 1946 3203 2019 templo
3230 1948 3491 2004 Domini.

2556 2214 2797 2271 EODEM
2837 2216 3090 2290 MENSE,

2469 2304 2573 2359 Die
2602 2303 2883 2361 vicesima
2910 2304 3172 2361 secunda

1997 2392 2148 2451 205
2220 2392 2502 2449 Certamen
2577 2399 2892 2522 sangltorzim
2936 2401 3268 2477 _martyrum
3344 2396 3520 2452 Marci
3598 2400 3652 2451 et

2740 2482 2808 2522 en
2847 2482 2964 2522 am.

2740 2482 2964 2537 epnam.

2070 2629 2397 2700 Imperante
2428 2630 2613 2702 impio
2645 2629 3034 2701 Diocletiano,
3066 2630 3128 2686 hi
3160 2631 3348 2688 sancti
3405 2631 3470 2688 in
3512 2647 3658 2705 ago-

1999 2733 2137 2773 nem
2162 2718 2618 2775 immortalitatis
2631 2737 2738 2792 pro
2759 2720 2989 2776 Christo
3007 2720 3661 2777 descenderunt.Erant

2001 2811 2201 2864 autem
2235 2823 2306 2864 ex
2327 2808 2644 2864 Antiochia
2664 2809 2900 2865 Pisidiae
2923 2809 3069 2866 urbe
3094 2830 3109 2877 ;
3139 2810 3240 2881 qui
3269 2827 3403 2866 cum
3429 2826 3665 2867 summa

2000 2896 2225 2967 passim
2255 2896 2531 2953 libertate
2563 2913 2687 2966 eos,
2735 2897 2837 2969 qui
2878 2915 2942 2954 se
2972 2898 3426 2968 conveniebant,
3477 2900 3658 2956 verbo

2002 2985 2267 3041 veritatis
2299 2986 2704 3053 instituerent,
2737 2986 3158 3059 Christumque
3210 3004 3415 3044 verum
3471 2989 3659 3046 Deum

2004 3075 2394 3146 omniumque
2450 3074 2767 3130 Dominum
2822 3077 3267 3147 proﬁterentur,
3347 3076 3528 3134 delati
3585 3076 3660 3134 ad

2003 3164 2277 3235 Magnum
2310 3163 2679 3235 praefectum,
2713 3169 2772 3218 et
2799 3166 3078 3235 correpti,
3113 3167 3426 3222 tormentis
3459 3165 3654 3236 subji-

252 3246 549 3321 εϐλήθησαν
607 3251 815 3325 Μάγνῳ
861 3247 942 3322 τῷ
1001 3249 1253 3322 ἡγεμόνι,
1335 3247 1425 3302 καὶ
1508 3245 1887 3322 κρατηθέντες,

2006 3252 2264 3309 ciuntur.
2304 3256 2569 3324 Cumque
2600 3253 2766 3308 nulla
2792 3254 3021 3309 ratione
3056 3255 3291 3310 suaderi
3322 3260 3567 3327 possent
3592 3260 3660 3310 ut

247 3340 331 3395 καί
378 3338 597 3394 πλεῖστα
656 3338 1084 3413 βασανισθέντες,
1140 3335 1231 3392 καὶ
1294 3337 1370 3409 μή
1427 3336 1732 3399 πεισθέντες
1792 3333 1891 3411 ἆρ-

248 3432 503 3500 νῆσασθαι
558 3429 654 3484 τὸν
715 3425 972 3503 Χριστόν,
1029 3423 1386 3497 συνεδέθησαν
1473 3428 1555 3497 τῷ
1600 3423 1737 3497 μετᾶ
1786 3423 1895 3477 τῶν

244 3519 407 3594 ἁγίων
464 3518 753 3593 μαρτύρων
808 3522 918 3573 τῶν
1004 3515 1316 3591 λεγομενων
1404 3513 1764 3583 Καλυντηνῶν
1819 3512 1897 3584 ὡς

244 3613 484 3685 φωστῆρι
535 3604 900 3679 ἐκλάμποντι,
951 3607 1159 3680 Μάρκῳ
1207 3604 1295 3659 καὶ
1340 3601 1487 3675 αύτῷ
1542 3597 1890 3675 καλουμένῳ.

245 3699 340 3756 Καὶ
372 3694 648 3774 διαφόρως
694 3695 1131 3766 συναθλήσαντες
1189 3694 1359 3765 αύτῷ,
1419 3689 1754 3748 καὶ.πολλᾶ
1806 3711 1892 3745 τι-

250 3788 615 3864 μωρηθέντες,
682 3784 775 3841 καὶ
837 3785 912 3858 μὴ
986 3784 1291 3844 πεισθέντες
1350 3783 1504 3837 θῦσαι
1559 3785 1711 3843 τοῖς.
1753 3781 1893 3836 ἀκα-

243 3880 457 3953 θάρτοις
507 3873 783 3949 δαίμοσιν,
840 3873 1231 3946 ἀπετμήθησαν
1288 3872 1385 3934 τὰς
1468 3870 1657 3944 τιμίας
1714 3870 1892 3925 αὐτῶν

240 3964 483 4044 κεφαλὰς
536 3964 829 4041 προστάξει
879 3959 977 4017 τοῦ⁹
1032 3961 1277 4036 Μάγνου,
1359 3960 1450 4015 καὶ
1534 3958 1892 4030 κατετέθησαν

240 4058 292 4114 ἐν
324 4059 395 4129 τῇ
426 4056 589 4130 χώρᾳ
616 4059 719 4123 τῆς
754 4049 1024 4121 Πισιδίας,
1057 4049 1109 4123 ἐξ
1138 4052 1205 4120 ἧς
1233 4048 1322 4105 καὶ
1354 4048 1624 4125 ἐγίνοντο.

798 4171 979 4227 MuNl
1018 4171 1106 4245 T9
1146 4172 1340 4244 arra.

1011 4259 1115 4315 Kl"

236 4353 508 4423 Ἀθλησις
558 4354 668 4425 τῷν
729 4350 901 4424 ἁγίων
964 4346 1251 4425 μαρτύρων
1314 4345 1666 4425 Ἀρχίππου,
1708 4355 1895 4425 μαθη-

298 4417 416 4481 τοῖί
480 4422 704 4479 Παύλου
776 4417 883 4476 ’τοῦ
965 4417 1310 4491 ’ἀποστ’όλου,
1389 4417 1485 4474 γκᾶιῖ
1572 4417 1898 4491 Φιλήμονος

296 4501 403 4554 τοῦ
430 4495 794 4572 στρατιώτου.

304 4659 480 4717 Οὗτοι
518 4657 775 4731 ὑπῆρχον
833 4653 923 4710 ἐπὶ
978 4652 1237 4729 Νέρωνος
1293 4655 1394 4708 τοῦ
1450 4647 1743 4727 βασιλέως.
1801 4653 1914 4704 Μα-

237 4748 403 4818 θηταὶ
436 4746 496 4803 δὲ
525 4745 814 4822 γεγονότες
859 4747 958 4799 τοῦ
1014 4742 1170 4817 ἁγίου
1221 4739 1465 4811 Παύλου,
1514 4736 1894 4814 ἐμαρτύρησαν

242 4835 296 4891 ἐν
324 4837 574 4907 Χώναις,
605 4833 769 4889 πόλει
825 4839 926 4902 τῆς
982 4830 1250 4907 Φρυγίας,
1307 4828 1431 4898 ἣτις
1488 4827 1601 4884 ἐστὶ
1657 4825 1897 4897 πλησίον

239 4921 590 4986 Λαοδικείας.
634 4924 863 4997 Έορτῆς
917 4921 1018 4998 γὰρ
1075 4919 1352 4995 ἀγομένης
1395 4920 1464 4992 τῇ
1518 4919 1730 4992 μυσαρᾷ
1773 4915 1901 4989 Ἀρ-

236 5010 451 5083 τὲμιδι,
511 5011 565 5067 ἐν
623 5015 705 5083 τῷ
762 5009 961 5079 ταύτης
1017 5012 1156 5080 ναῷ,
1211 5011 1290 5079 τῷ
1342 5004 1395 5062 ἐν
1461 5006 1700 5076 Χώναις,
1753 5004 1901 5077 παρᾶ

236 5103 349 5153 τῶν
383 5101 821 5172 πεπλανημένων
852 5097 1162 5169 Ἑλλήνων,
1196 5096 1348 5151 οὗτοι
1380 5095 1433 5150 οἱ
1459 5114 1607 5170 αγιοι
1630 5093 1729 5162 τὴν
1754 5088 1901 5162 δοξο-

238 5184 441 5262 λογίαν
474 5189 786 5260 ἆνὲπεμπον
830 5191 911 5259 τῷ
961 5190 1078 5258 Θεῷ
1130 5183 1182 5240 ἐν
1240 5187 1310 5258 τῇ
1364 5183 1639 5260 ἁγιωτάτῃ
1696 5178 1898 5250 ἐκκλη-

244 5276 355 5347 σία,
396 5280 531 5351 μετᾶ
572 5282 683 5333 τῶν
742 5278 1100 5353 Χριστιανῶν.
1156 5274 1291 5330 Εἶτα
1341 5272 1650 5346 ἐπιθέμενοι
1712 5269 1900 5331 αὐτοῖς

240 5366 295 5417 οἱ
326 5365 756 5440 εἶδωλολατραι,
785 5368 894 5419 τῶν
957 5364 1051 5437 μὶν
1101 5360 1313 5417 λοιπῶν
1364 5362 1671 5438 φυγόντων,
1729 5359 1901 5432 μόνου

248 5446 662 5531 δὲ’λρχὶππου
691 5453 783 5509 καὶ
836 5453 1181 5525 Φιλήμονος,
1237 5451 1326 5506 καὶ
1380 5449 1615 5528 Ἀμφίας
1671 5448 1903 5521 ὑπομει-

248 5540 494 5611 νάντων,
531 5544 893 5618 κρατήσαντες
944 5541 1160 5609 αὐτοὺς,
1217 5537 1423 5615 ἤγαγον
1482 5538 1618 5614 πρὸς
1683 5532 1904 5611 Ἀνδρο-

254 5628 409 5684 xli:
465 5633 551 5687 τὸν
612 5627 948 5703 σιτοφύλακα
1002 5627 1248 5705 Ἐφέσου.
1298 5627 1569 5684 Τύπτεται
1633 5623 1725 5679 οὖν
1782 5625 1909 5700 παρ’

256 5717 449 5774 αξιτοῦ
489 5722 516 5775 ὁ
555 5728 899 5796 υΑρχιπποις*
936 5719 1024 5773 καὶ
1076 5717 1151 5790 μὴ
1196 5717 1431 5782 πείσθείς
1474 5718 1630 5772 θῦσαι
1668 5719 1786 5778 τοῖς
1831 5713 1910 5769 εί-

2003 3341 2304 3396 Christum
2330 3341 2855 3414 abnegarent,cum
2870 3342 3056 3397 altero
3075 3344 3429 3415 cognomine
3442 3345 3658 3415 Marco,

2004 3430 2103 3503 qui
2126 3430 2283 3485 inter
2312 3435 2550 3485 sanctos
2583 3436 2871 3502 martyres
2919 3431 3278 3501 Calyntenos
3328 3433 3659 3504 appellatos

2001 3519 2162 3575 velut
2187 3519 2352 3574 sidus
2383 3519 2696 3587 emicabat,
2726 3520 2982 3576 vinculis
3002 3521 3660 3587 constricti,acerbissi-

2002 3608 2118 3664 mis
2147 3608 2341 3664 omnis
2380 3608 2615 3680 generis
2672 3608 3032 3665 cruciatibus
3089 3617 3393 3665 vexantur.
3448 3612 3661 3668 Verum

2004 3700 2067 3755 in
2098 3698 2313 3753 Christi
2352 3697 2467 3753 ﬁde
2498 3704 2971 3770 perseverantes,
3000 3697 3212 3755 adduci
3236 3717 3357 3756 non
3389 3705 3657 3772 potuere,

2002 3793 2069 3845 ut
2114 3788 2364 3859 impuris
2420 3787 2734 3844 daemoniis
2792 3787 3195 3861 immolarent,
3253 3790 3649 3856 Quamobrem

2004 3876 2190 3933 sacris
2220 3877 2487 3948 ipsorum
2517 3877 2831 3949 capitibus,
2866 3878 3055 3950 Magni
3096 3879 3292 3950 jussu,
3336 3879 3653 3936 obtrunca-

2002 3967 2100 4039 tis,
2132 3967 2195 4022 in
2225 3966 2455 4037 eadem,
2488 3967 2549 4022 in
2580 3983 2697 4039 qua
2734 3968 2860 4023 nati
2893 3972 3083 4039 erant,
3115 3969 3349 4026 Pisidize
3409 3970 3655 4041 regione

2005 4056 2220 4129 sepulti
2254 4055 2440 4112 fuere.

2705 4165 2947 4221 EODEM

2516 4252 2619 4308 Die
2648 4252 2930 4308 vicesima
2960 4253 3132 4307 tertia

2005 4344 2160 4401 208
2188 4344 2474 4413 Certamen
2501 4347 2816 4413 sanctorum
2864 4346 3171 4413 martme
3216 4341 3514 4413 Archippi,
3564 4342 3655 4399 di-

2136 4413 2339 4484 scipuli
2374 4411 2539 4467 Pauli
2568 4411 2827 4484 apostoli,
2859 4418 2911 4466 et
2938 4411 3272 4470 Philemonis
3302 4411 3519 4470 militis.

2038 4647 2127 4713 lli,
2156 4647 2388 4701 Nerone
2418 4645 2772 4717 imperante,
2806 4644 3089 4718 discipuli
3147 4646 3397 4704 fuerunt
3466 4647 3660 4705 sancti

2006 4734 2194 4803 Pauli,
2218 4739 2278 4789 et
2296 4733 2516 4789 Chonis
2537 4732 2599 4787 in
2622 4733 2876 4806 Phrygia
2898 4733 3055 4791 haud
3080 4736 3287 4808 procui
3307 4752 3341 4792 a
3358 4736 3664 4793 Laodicasa

2006 4822 2529 4895 urbe,martyrium
2553 4821 3037 4879 subierunt.Cum
3062 4824 3219 4880 enim
3231 4826 3418 4882 festus
3434 4826 3660 4883 abomi-

2008 4912 2220 4969 nanda;
2253 4910 2452 4966 Diana;
2500 4910 2627 4967 dies
2649 4910 2709 4965 in
2741 4910 3009 4983 ejusdem
3032 4913 3252 4985 templo
3267 4914 3483 4970 Chonis
3507 4931 3543 4971 a
3564 4932 3661 4971 su-

2009 4999 2582 5075 perstitiosisGraecis
2595 5000 2989 5072 ageretur,isti
3006 5003 3203 5057 Sancti
3218 5001 3277 5057 in
3296 5004 3666 5062 sanctissima

2011 5090 2262 5148 ecclesia
2284 5088 2463 5143 simul
2485 5105 2622 5143 cum
2644 5089 2994 5145 Christianis
3015 5090 3224 5147 laudes
3239 5092 3356 5148 Deo
3378 5092 3660 5151 decanta-

2010 5180 2372 5244 bant.Quare
2386 5177 2539 5234 facto
2557 5176 2630 5233 ab
2648 5177 2982 5234 idololatris
2996 5179 3057 5235 in
3073 5180 3209 5237 illos
3228 5181 3476 5254 impetu,
3489 5190 3659 5240 caete-

2010 5271 2212 5340 risque
2238 5269 2298 5322 in
2314 5268 2511 5339 fugam
2525 5267 3206 5342 conversis,Archippus,
3238 5271 3572 5341 Philemon,
3605 5278 3666 5328 et

2011 5360 2299 5433 Amphias
2326 5358 2436 5414 soli
2455 5359 2995 5415 constitere.Vincti
3014 5360 3193 5433 igitur
3213 5360 3288 5417 ad
3302 5363 3664 5434 Androclen),

2013 5451 2100 5505 rei
2124 5448 2527 5504 frumentaria)
2544 5447 2759 5519 Ephesi
2783 5448 3669 5521 prtefectum,perducuntur;et
3700 5462 3707 5467 ‘

2017 5539 2351 5609 Archippus
2380 5535 2625 5607 quidem
2654 5535 2930 5607 ﬂagellis,
2966 5538 3095 5608 ejus
3130 5538 3325 5608 jussu,
3385 5537 3665 5592 caeditur:

2017 5642 2273 5697 cumque
2305 5624 2480 5680 idolis
2515 5624 2850 5679 sacriﬁcare
2880 5628 3200 5685 recusaret,
3234 5624 3295 5674 in
3323 5623 3554 5676 foveam
3577 5622 3667 5675 in-

2013 5716 2232 5788 jectus,
2264 5717 2441 5784 atque
2467 5727 2675 5782 aggere
2707 5710 2779 5765 ad
2810 5708 3155 5764 umbilicum
3178 5723 3362 5773 usque
3393 5707 3666 5775 obrutus,

4020 192 4030 333 4
