4030 6196
246 354 353 418 i'l‘l
1707 349 2161 414 NOVEMBER.
3528 350 3647 414 1'18

242 510 469 557 τοποος,
519 490 603 545 καὶ
653 486 863 565 γίνεται
925 484 1175 550 διάκονος
1233 487 1337 543 ὑπὸ
1389 486 1692 562 Μακαρίου,
1753 485 1874 541 ἐπι-

2014 503 2100 542 ιιιε
2124 490 2392 543 creatur:
2415 486 2555 543 hinc
2578 485 2943 558 Byzantium,
2976 485 3192 543 deinde
3216 488 3464 544 Romam
3503 505 3642 560 pro-

248 580 444 636 σκότου
466 574 883 652 Ἰεροσολύμων.
945 576 1078 634 Εἶτα
1134 575 1457 653 ὑπέστρεψεν
1516 573 1593 638 είς
1648 576 1713 632 τὸ
1769 579 1877 633 Βυ-

2014 583 2197 639 ectus,
2230 577 2327 630 hic
2357 576 2599 631 demum
2633 576 3155 647 Agrigentinorum
3182 578 3505 649 episcopus
3555 595 3652 632 or-

250 669 471 738 ζᾶντεον·
502 669 611 722 εἶτα
650 666 732 728 είς
790 666 1039 739 Ῥώμην
1093 666 1145 721 ἐν
1193 666 1229 741 ᾗ
1285 666 1375 721 καὶ
1433 667 1879 741 προσχειρίζεται

2014 664 2420 721 linatur.Unde
2450 666 2667 721 invidia
2696 666 2837 721 moti
2858 665 3109 720 Sabinus
3135 672 3190 719 et
3212 668 3654 736 Crescentinus,

245 758 521 818 ἒπέσκοπος
566 756 1062 833 Ἀκγραγαντῖνων.
1100 758 1255 813 ’Ὁθεν
1318 757 1680 829 φθονήσαντες
1736 754 1882 827 αὐτῷ

2014 752 2317 811 naximum
2353 756 2404 810 ei
2439 755 3158 827 facessebantnegotium,
3183 763 3653 825 quorumtamen

238 843 462 909 Σαϐῖνος
496 890 515 915 ,
572 846 669 902 καὶ
724 850 1152 921 Κρισκεντῖνος,
1241 845 1466 921 μυρίους
1547 845 1882 921 πειρασμοὺς

232 935 500 1012 ἐπήγαγον
540 979 556 992 .
608 936 713 990 Καὶ
800 936 1291 1010 θαυματουργήσας
1367 931 1641 1012 διαφόρως
1678 978 1692 1004 ,
1748 937 1883 990 Θεοῦ

228 1028 428 1101 χάριτι,
483 1023 840 1099 κατῄσχυνεν
894 1020 1110 1090 αὐτοὺς,
1170 1022 1260 1078 καὶ
1319 1021 1553 1097 μέλανας
1607 1021 1883 1093 ἐποίησεν,

228 1113 359 1170 ὥστε
404 1115 501 1169 καὶ
560 1115 733 1190 μέχρι
789 1115 891 1182 τῆς
948 1114 1187 1188 σήμερον
1243 1111 1385 1169 οὕτω
1438 1112 1719 1191 φαίνεσθαι
1748 1112 1885 1168 κατὰ

227 1207 431 1278 γενεάν.
494 1202 599 1259 Καὶ
662 1198 809 1257 οὕτω
864 1195 1199 1277 παραλαϐὼν
1254 1201 1356 1270 τήν
1410 1200 1759 1276 Ἐκκλῃσίαν,
1792 1201 1881 1256 καὶ

234 1290 393 1367 μυρία
422 1289 805 1367 ἐργασάμενος
847 1289 1117 1364 θαύματα,
1174 1288 1227 1345 ἐν
1289 1289 1570 1366 βαθυτάτῳ
1623 1291 1769 1366 γήρᾳ
1794 1289 1887 1345 τὸν

238 1381 347 1456 βίον
371 1379 670 1439 ἆπέλιπεν.

798 1497 983 1555 nam
1016 1498 1110 1576 To
1151 1501 1347 1575 arra.

237 1675 497 1747 ’Ᾱθλησις
581 1680 681 1732 τοῦ
760 1676 929 1751 ἁγίου
1013 1589 1408 1752 ἕξομάρτυρος

767 1764 1068 1820 ἐπισκόπου
1115 1765 1361 1837 Ῥώμης.

1524 1676 1834 1750 Κλήμεντος
1873 1718 1888 1746 ,

1989 834 2373 899 insolentiam
2406 845 2610 899 multis
2642 843 2817 898 editis
2848 843 3051 898 divina
3107 845 3297 915 gratia
3346 846 3653 901 miraculis

1991 934 2365 1004 compressit,
2399 950 2620 1004 eosque
2651 933 2852 1005 nigros
2880 933 3160 998 reddidit,
3194 933 3276 988 ita
3306 938 3371 987 ut
3400 933 3472 988 ad
3498 935 3654 990 hanc

1994 1024 2151 1080 diem
2185 1039 2390 1078 eorum
2422 1022 2738 1095 posteritas
2770 1022 2853 1076 ita
2884 1026 3187 1094 appareat.
3232 1024 3422 1093 Atque
3453 1023 3657 1079 Eccle-

1994 1114 2143 1169 siam
2177 1112 2289 1167 hac
2318 1110 2549 1167 ratione
2579 1110 2896 1182 recipiens,
2929 1112 3297 1183 patratisque
3318 1112 3654 1168 innumeris

1993 1200 2301 1274 prodigiis,
2331 1201 2393 1255 in
2425 1204 2690 1256 extrema
2721 1204 3028 1255 senectute
3060 1200 3179 1255 vita
3210 1200 3451 1257 functus
3472 1206 3581 1257 est.

2558 1502 2798 1561 EODEM
2836 1504 2980 1559 ΜΕΝ
2986 1503 3086 1560 SE.

2486 1611 2591 1666 Die
2623 1610 2910 1666 vicesima
2940 1609 3149 1681 quinta

1996 1701 2153 1758 211)
2183 1700 2465 1755 Certamen
2494 1700 2827 1780 sacrosancti
2858 1700 3115 1784 martyris
3141 1697 3453 1768 Clementis,
3478 1700 3657 1754 Romae

2691 1786 2956 1841 episcopi.

308 1881 547 1955 Κλήμης
607 1881 637 1935 ὁ
698 1880 1017 1957 σοφώτατος
1069 1880 1289 1956 ὑπῆρχε
1349 1882 1603 1954 μαθητής
1656 1880 1747 1936 καὶ
1779 1879 1898 1937 διά·

2080 1889 2356 1945 Clemens
2386 1888 2863 1959 sapientissimus
2885 1892 3229 1942 sanctorum
3253 1886 3659 1959 apostolorum

245 1969 405 2047 δοχος
457 1974 566 2026 τῶν
622 1971 793 2046 ἁγίων
859 1968 1185 2025 ἀποστόλων
1224 2013 1237 2026 .
1293 1971 1433 2026 Ἀπὸ
1490 1968 1743 2026 κινδύνου
1797 1971 1899 2048 γὰρ

246 2064 510 2135 θαλάσσης
538 2062 672 2118 ποτὶ
717 2060 1024 2133 διασωθεὶς,
1085 2062 1175 2117 καὶ
1227 2066 1308 2134 τῷ
1356 2060 1652 2136 ἀποστόλῳ
1711 2063 1900 2139 Πέτρῳ

248 2154 477 2229 ξντυχὼν
512 2198 530 2223 ,
589 2153 680 2207 ὁπ’
740 2150 947 2207 ἐκείνου
1006 2148 1315 2206 διδάσκεται
1384 2153 1484 2222 τήν
1535 2151 1613 2217 εἷς
1666 2153 1894 2227 Χριστὸν

246 2244 518 2315 ἀλήθειαν,
544 2241 909 2315 ἐπιστάμενος
967 2241 1061 2296 καὶ
1119 2241 1222 2310 τὴν
1283 2237 1622 2313 Ἑλληνικὴν
1674 2246 1893 2317 γνῶσιν.

246 2335 420 2407 Κήρυξ
478 2328 537 2386 δὶ
595 2333 695 2386 τοῦ
753 2327 1103 2406 Εὖαγγελίου
1156 2330 1428 2405 γεγονὼς,
1491 2330 1581 2386 καὶ
1637 2331 1733 2394 τὰς
1790 2335 1898 2386 τῶν

244 2420 555 2477 ἀποστόλων
621 2418 899 2489 Διατάξεις
958 2419 1409 2495 συγγραψάμενος
1442 2463 1455 2489 ,
1506 2417 1740 2492 κατέστη
1803 2410 1898 2476 καἱ

245 2512 464 2583 Ῥώμης
494 2509 815 2572 ἰπίσκοπος.
864 2507 1062 2579 Ἀλλὰ,
1092 2508 1241 2585 παρᾶ
1293 2511 1563 2583 Τραϊανοῦ
1624 2504 1901 2587 βεισιλιέως

264 2600 549 2675 ιρατηθείς,
609 2603 955 2675 τιμωρεῖται.
987 2599 1111 2654 Εἶτα
1168 2597 1220 2653 ἐν
1279 2599 1516 2676 Ἀγκύρᾳ
1568 2602 1666 2669 τῆς
1726 2598 1899 2656 Γαλαο

260 2687 370 2749 τίας
412 2684 851 2762 παραπέμπεται.
911 2688 1000 2743 Ἑν
1121 2688 1208 2743 καὶ
1272 2686 1325 2743 ἐν
1375 2688 1553 2762 τοίγῳ
1607 2689 1710 2744 τινὶ
1760 2691 1901 2746 ἀπο-

254 2775 477 2833 κλείεται
525 2775 923 2854 ἆναφραγείσης
984 2782 1086 2846 τῆς
1138 2775 1301 2831 αὐτοῦ
1357 2775 1521 2851 θύρας
1581 2774 1641 2831 ἐκ
1697 2776 1900 2833 λίθων.

250 2867 391 2923 Ὅθεν
422 2866 512 2920 καὶ
543 2865 795 2940 ὀσπρίοις
835 2863 1027 2938 μόνοις
1073 2865 1412 2942 ἀνετρέφετο.
1473 2865 1627 2921 Οὕτω
1683 2864 1740 2922 δὲ
1770 2888 1899 2924 στε.

250 2954 505 3029 νούμενας
538 2999 556 3026 ,
610 2953 757 3010 τέλει
814 2952 939 3030 βίου
992 2952 1290 3030 ἐχρήσατο.
1344 2955 1604 3030 Ὕστερον
1669 2952 1751 3025 δὲ,
1824 2954 1902 3019 ὥς

256 3064 419 3119 φασι,
475 3042 627 3099 πιστὶ
679 3063 820 3105 τινες
871 3037 1275 3118 ἀναλαϐόμενοι
1352 3043 1415 3099 τὸ
1479 3042 1675 3117 τίμιον
1734 3043 1902 3102 αὐτοῦ

246 3130 489 3207 λείψανον
526 3174 541 3203 ,
600 3132 939 3205 ἆπεκόμισαν
994 3130 1047 3187 ἐν
1135 3133 1375 3209 Χερσῶνι
1409 3151 1423 3163 ο
1485 3130 1618 3209 ὅπερ
1671 3132 1899 3212 ἐναπερο

251 3222 372 3299 βίφη
416 3226 488 3292 τῇ
540 3220 785 3297 θαλάσσῃ
848 3223 954 3278 ὑπὸ
1027 3225 1135 3277 τῶν
1192 3220 1615 3298 είδωλολατρῶν
1649 3269 1664 3295 ,

256 3313 506 3385 Χριστοῦ.

812 3403 890 3475 τῇ
947 3400 1085 3476 αὖτῇ
1142 3402 1327 3478 ἡμέρᾳ

252 3489 515 3561 Ἀθλησις
570 3490 672 3546 τοῦ
726 3490 883 3566 ἁγίου
955 3489 1356 3567 ὶερομάρτυρος
1434 3494 1643 3568 Πετρου
1701 3492 1902 3566 Ἀλεξ-

924 3576 1177 3655 ανδρείας
1201 3624 1214 3638 .

324 3699 524 3770 Πέτρος
584 3697 616 3752 ὁ
670 3696 998 3774 ίερομάρτυς
1084 3699 1330 3775 ὑπῆρχεν
1417 3699 1507 3757 ἐπὶ
1565 3703 1906 3776 Μαξιμιανοῦ

262 3792 356 3842 τοῦ
412 3784 690 3863 βασιλέως
773 3784 1068 3850 ἰπίσκοπος
1125 3786 1554 3866 Ἀλεξανδρείας.
1607 3791 1905 3868 Κρατηθεῖς

254 3874 309 3932 δὶ
364 3873 599 3949 ἔμελλεν
655 3876 1176 3955 ἆποκεφαλισθῆναι.
1237 3879 1337 3934 Καὶ
1395 3879 1629 3945 ἀκούσας
1679 3887 1842 3937 τοῦτο
1879 3882 1907 3937 ὁ

253 3965 520 4040 αἱρετικὸς
545 3966 786 4042 Ἄρειος,
814 3964 875 4020 ὅν
923 3968 1071 4042 εἶχεν
1103 3967 1132 4022 ὁ
1164 3967 1316 4044 ἅγιος
1346 3964 1448 4040 ἔξω
1504 3977 1606 4039 τῆς
1666 3969 1909 4042 Ἐκκλη-

253 4053 366 4117 σίας
400 4098 415 4123 ,
463 4052 609 4124 ἧλοι
668 4054 1019 4131 συγχώρησιν
1086 4055 1430 4131 αἲτούμενος.
1472 4060 1574 4115 Τὸν
1636 4057 1693 4115 δὲ
1752 4061 1910 4135 ἅγιον

253 4146 452 4219 Πέτρον
536 4144 623 4216 μὴ
699 4151 1059 4220 συγχωρῆσαι
1118 4146 1290 4219 αύτῷ,
1348 4146 1479 4203 ἀλλ’
1537 4147 1732 4221 εἰπεῖν,
1783 4149 1910 4225 ὄναρ

253 4231 407 4302 tam,
451 4234 547 4287 τὸν
610 4231 807 4306 Κύριον
860 4233 1017 4289 αὐτὸν
1068 4231 1121 4290 ἐν
1182 4238 1429 4312 σχήματι
1478 4237 1785 4310 νεανίσκου,
1816 4258 1912 4294 πε-

255 4323 560 4398 ρικείμενον
606 4322 817 4397 χιτῶνα
877 4319 1271 4400 διερῥηγμὲνον
1320 4325 1426 4381 ama
1483 4325 1727 4407 κεφαλῆς
1780 4326 1911 4403 ἄχρι

254 4408 469 4481 ποδῶν,
529 4410 645 4481 καὶ,
705 4411 788 4466 ὅτι
847 4409 1217 4487 ἐρωτήσαντα,
1277 4414 1462 4491 Κύριε,
1520 4417 1606 4480 τίς
1665 4437 1763 4473 σου
1818 4416 1910 4479 τὸν

255 4504 459 4575 χιτῶνα
492 4496 797 4576 διὲῤῥηξειν
824 4520 839 4570 ς
884 4501 1135 4575 ἀκοῦσαι,
1192 4500 1277 4558 ὅτι
1338 4505 1581 4578 Ἀρειος,
1614 4502 1760 4561 ἀλλά
1785 4507 1915 4559 τοῦ-

253 4609 341 4643 τον
372 4589 450 4651 εἷς
482 4589 768 4644 κοινωνίαν
805 4591 881 4662 μή
944 4587 1091 4664 δέξῃ*
1147 4592 1362 4668 Ἀρειος
1410 4594 1514 4670 γὰρ
1574 4593 1697 4650 οὕτε
1754 4593 1804 4649 ἐν
1836 4597 1916 4666 τῷ

254 4678 341 4731 νῦν
398 4678 583 4747 αἰῶνι,
645 4676 770 4734 οὔτε
826 4678 880 4734 ἐν
934 4684 1014 4753 τῷ
1073 4682 1339 4755 μέλλοντι
1401 4686 1911 4762 συγχωρηθήσεται.

2004 1978 2336 2051 discipulus
2366 1983 2425 2031 et
2454 1994 2784 2044 successor,
2818 1975 3124 2048 naufragio
3158 1982 3214 2032 et
3246 1975 3528 2032 ﬂuctibus
3548 1976 3660 2031 ali—

2006 2068 2243 2139 quando
2266 2072 2525 2138 ereptus.
2551 2071 2610 2120 et
2629 2081 2765 2120 cum
2783 2067 2956 2120 Petro
2980 2065 3249 2135 apostolo
3280 2080 3657 2137 congressus,

2006 2157 2078 2213 ab
2101 2174 2169 2212 eo
2192 2156 2407 2212 Christi
2430 2154 2735 2210 veritatem
2761 2152 3002 2209 edoctus
3025 2160 3132 2220 est,
3166 2170 3299 2209 cum
3332 2154 3459 2225 jam
3494 2154 3654 2208 Graa~

2006 2263 2211 2303 corum
2238 2244 2549 2301 scientiam
2583 2249 2830 2299 teneret.
2864 2245 3072 2298 Factus
3101 2250 3297 2298 autem
3356 2241 3657 2315 Evangelii

2007 2353 2223 2408 praaco,
2253 2334 2714 2408 apostolicarum
2735 2333 3235 2388 Constitutionum
3254 2331 3657 2404 scriptor,epi-

2008 2442 2222 2498 scopus
2254 2427 2452 2480 Romaa
2484 2422 2867 2479 constituitur
2920 2421 3030 2477 Sed
3060 2439 3095 2477 a
3122 2423 3373 2494 Trajano
3404 2422 3662 2493 impera-

2009 2523 2136 2572 tore
2166 2515 2653 2587 comprehensus.
2697 2517 3029 2581 tortusque,
3077 2512 3370 2581 Ancyram
3421 2508 3661 2563 Galatia:

2010 2602 2342 2675 relegatur:
2375 2601 2474 2657 ubi
2507 2601 2730 2673 pariete
2753 2598 3020 2654 inclusus
3041 2597 3343 2653 obstructa
3362 2595 3662 2668 lapidibus

2002 2690 2210 2764 janua,
2243 2697 2420 2762 atque
2452 2689 2749 2763 legumine
2779 2693 3007 2743 tantum
3039 2691 3427 2752 sustentatus,
3460 2685 3522 2739 in
3546 2684 3659 2739 hoc

2012 2779 2287 2851 squalore
2318 2785 2378 2835 et
2396 2779 2671 2852 angustia
2691 2795 2722 2832 e
2744 2777 2861 2831 vita
2885 2776 3165 2831 excessit:
3189 2775 3361 2847 cujus
3382 2773 3658 2845 pretiosa!

2012 2870 2305 2942 reliquias,
2336 2875 2402 2925 ut
2428 2869 2637 2936 fertur,
2656 2885 2692 2923 a
2711 2866 2992 2923 ﬁdelibus
3012 2865 3371 2937 quibusdam
3385 2862 3656 2935 sublatas,

2012 2959 2375 3015 Chersonam
2406 2957 3005 3027 transferuntur,quae
3022 2954 3083 3009 in
3095 2952 3457 3026 profundum
3472 2951 3663 3007 maria

2013 3048 2086 3105 ab
2103 3048 2435 3105 idololatris
2450 3048 2730 3120 projectaa
2752 3046 3071 3101 innumera
3098 3041 3389 3100 miracula
3412 3040 3475 3097 in
3506 3041 3662 3098 hanc

2013 3154 2204 3210 usque
2232 3137 2392 3193 diem
2424 3135 2501 3192 ad
2528 3135 2745 3192 Christi
2774 3134 3024 3208 gloriam
3055 3137 3399 3205 operantur.

1756 3223 1922 3300 μυρία
1979 3226 2228 3301 θαύματα
2304 3225 2557 3301 ἐνεργοῦν
2642 3224 2812 3299 μέχρι
2879 3222 2969 3277 καὶ
3057 3222 3298 3294 σήμερον
3365 3217 3443 3281 εἴς
3502 3214 3661 3291 δόξαν

2660 3401 2885 3458 Eodem
2916 3401 3011 3456 die

2011 3498 2158 3555 211
2201 3497 2483 3554 Certamen
2512 3494 2843 3551 sacrosancti
2899 3492 3166 3563 martyris
3208 3490 3364 3545 Petri
3418 3488 3664 3544 Alexan-

2744 3565 2918 3619 drini.

2083 3689 2294 3744 Petrus
2317 3688 2734 3756 sacromartyr,
2767 3680 3119 3739 Maximiano
3152 3680 3507 3753 imperatore
3543 3685 3673 3758 epi-

2014 3793 2230 3849 scopus
2261 3772 2654 3839 Alexandrina,
2676 3771 3166 3844 comprehensus,
3191 3770 3490 3842 mortique
3513 3772 3674 3830 addi-

2014 3874 2164 3935 ctus,
2199 3863 2579 3938 exspectabat
2615 3862 2716 3933 qui
2768 3878 2902 3917 eum
2949 3859 3300 3915 decollaret.
3349 3862 3515 3927 Quod
3572 3861 3674 3920 ubi

2014 3957 2254 4014 rescivit
2270 3956 2583 4011 haereticus
2605 3953 2798 4020 Arius,
2815 3969 2993 4025 quem
3018 3957 3258 4007 sanctus
3281 3958 3447 4009 extra
3472 3954 3675 4010 Eccle-

2017 4048 2167 4104 siam
2198 4046 2476 4119 ejecerat,
2508 4043 2579 4099 ad
2613 4059 2742 4098 eum
2767 4042 3038 4102 accessit.
3068 4040 3305 4096 veniam
3352 4042 3670 4114 petiturus.

2016 4137 2119 4192 Cui
2152 4140 2393 4192 sanctus
2424 4136 2632 4189 Petrus
2664 4147 3044 4202 nequaquam
3073 4130 3307 4185 veniam
3339 4130 3524 4199 dedit,
3566 4130 3674 4187 sed

2018 4224 2347 4296 respondit,
2380 4222 2728 4294 apparuisse
2761 4220 2873 4275 sibi
2906 4225 3086 4273 noctu
3114 4219 3433 4273 Dominum
3475 4219 3672 4290 specie

2019 4314 2434 4378 adolescentis,
2462 4318 2620 4367 veste
2654 4327 2688 4365 a
2717 4311 2911 4382 capite
2932 4308 3003 4363 ad
3022 4308 3202 4381 pedes
3223 4324 3411 4379 usque
3424 4308 3676 4364 discissa

2021 4399 2475 4469 circumdatum,
2510 4403 2568 4454 et
2595 4396 2959 4451 sciscitanti:
3003 4393 3270 4464 Domine,
3330 4394 3464 4465 quis
3508 4400 3672 4451 tuam

2021 4495 2244 4545 vestem
2277 4486 2499 4543 scidit?
2527 4484 2747 4541 dixisse
2774 4500 2787 4538 :
2822 4483 3020 4553 Arius,
3053 4498 3228 4553 quem
3275 4482 3350 4538 ad
3398 4500 3671 4540 commu-

2021 4580 2266 4635 nionem
2299 4576 2423 4633 noli
2456 4575 2805 4643 admittere;
2839 4573 3011 4628 Arius
3045 4572 3205 4628 enim
3238 4589 3434 4644 neque
3465 4574 3529 4629 in
3558 4574 3673 4630 hoc

2022 4668 2264 4738 saeculo,
2296 4681 2491 4737 neque
2522 4664 2583 4719 in
2612 4663 2811 4719 futuro
2841 4662 3074 4717 veniam
3104 4668 3532 4718 consecuturus
3560 4669 3670 4721 est.

255 4763 495 4838 Ἐδήλου
528 4764 587 4822 δὲ
619 4769 647 4824 ὁ
680 4751 1267 4847 διερρηγμένοςίχιτὼν
1327 4773 1425 4842 τήν
1458 4751 1546 4838 είς*
1727 4751 1901 4848 ’ἁγίαν

2023 4758 2281 4814 Discissa
2309 4760 2506 4811 autem
2537 4753 2714 4808 vestis
2762 4751 3135 4826 signiﬁcabat
3181 4751 3535 4808 divisionem
3570 4768 3675 4823 per

254 4853 461 4926 Τριάδα
493 4853 752 4933 διαίρεσιν
773 4863 876 4928 τῆς
905 4862 1005 4913 τοῦ
1051 4859 1259 4934 Ἀρείου
1318 4859 1381 4936 βλ
1394 4861 1695 4941 ασφημίας.
1727 4864 1910 4920 Ταῦτα

256 4941 445 5013 εἰπὸν,
477 4945 568 4999 καὶ
596 4946 690 5000 τὸν
750 4942 1015 5023 διάδοχον
1065 4949 1232 5004 αὐτοῦ
1291 4949 1521 5028 φανερὸν
1551 4947 1604 5022 ὗε
1638 4949 1908 5025 ὀνόματος

256 5034 514 5104 ποιήσας,
546 5034 756 5109 ὁμοίως
811 5035 903 5091 καὶ
956 5036 1049 5091 τὸν
1101 5035 1338 5111 ἔκέίνου,
1389 5037 1738 5111 ἠκολούθησε
1791 5043 1910 5106 τοῖς

261 5114 506 5191 δημίοις.
539 5121 646 5179 Καὶ
697 5124 834 5179 κατὰ
890 5125 990 5194 τήν
1040 5129 1139 5182 τοῦ
1193 5129 1542 5203 Μαειμιανοῦ
1597 5126 1910 5203 πρόσταξιν,

260 5208 363 5273 τὴν
388 5208 631 5286 κεφαλὴν
674 5211 966 5287 ἀπετμήθη
978 5256 991 5270 .

835 5334 914 5405 τῇ
972 5330 1108 5408 αὐτῇ
1160 5334 1343 5409 ἡμέρᾳ

418 5414 676 5484 ’Δθλησις
699 5422 800 5475 τοῦ
855 5418 1012 5495 ἁγίου
1070 5423 1344 5499 μάρτυρος
1401 5425 1766 5503 Μερκουρίου.

357 5527 419 5618 ’ρ
483 5534 681 5608 μάρτυς
739 5536 1079 5612 Μερκούριος
1144 5539 1358 5618 γέγονεν
1428 5543 1517 5599 ἐπὶ
1575 5550 1766 5601 Δεκιου
1821 5548 1912 5603 καὶ

296 5614 617 5691 Βαλεριανοῦ
641 5627 752 5679 τῶν
813 5625 1095 5701 βασιλέων,
1127 5614 1187 5686 ἔκ
1223 5614 1339 5703 τῆς
1393 5633 1697 5707 Ἀνατολῆς
1752 5657 1914 5715 στρα-

2022 4848 2141 4904 Arii
2158 4845 2592 4918 blasphemiam
2605 4842 2668 4897 in
2690 4847 2957 4899 sanctam
2974 4840 3320 4897 Trinitatem
3340 4840 3668 4898 inductam.

2015 4937 2154 5003 Quas
2179 4950 2312 4990 cum
2348 4933 2616 4999 dixisset,
2640 4946 3164 5002 successoremque
3193 4946 3370 4986 suum
3392 4946 3671 5003 expresso

2016 5025 2259 5082 nomine
2288 5023 2487 5097 palam
2518 5022 2896 5089 instituisset,
2949 5036 3017 5076 ac
3067 5019 3343 5075 similiter
3388 5020 3668 5089 alterum,

2017 5115 2119 5188 qui
2148 5113 2287 5170 huic
2315 5113 2469 5170 foret
2522 5109 2930 5178 sufﬂciendus,
2984 5108 3375 5181 designasset,
3430 5109 3668 5165 lictores

2017 5209 2276 5272 secutus,
2310 5201 2645 5259 Maximiani
2671 5200 2846 5274 jussu
2876 5200 3068 5272 capite
3097 5198 3309 5272 plexus
3337 5198 3469 5254 fuit.

2666 5324 2887 5380 Eodem
2919 5324 3016 5381 die

2205 5418 2359 5476 212
2394 5417 2681 5473 Certamen
2708 5417 2885 5471 sancti
2912 5412 3172 5481 martyris
3196 5411 3479 5468 Mercurii.

2094 5545 2418 5603 Mercurius
2448 5548 2695 5614 martyr,
2733 5541 2902 5596 Decio
2933 5556 3001 5594 ac
3020 5538 3328 5592 Valeriano
3352 5536 3667 5606 imperato-

2022 5635 2211 5704 ribus,
2243 5634 2306 5690 in
2332 5631 2617 5690 Orientali
2648 5629 2915 5685 militans
2946 5625 3226 5689 exercitu,
3259 5636 3396 5676 cum
3435 5619 3667 5674 fortiter
