4074 6192
342 303 458 363 179

1663 302 2097 366 MENOLOGII
2140 301 2338 365 PARS
2381 305 2434 366 Ι.

3632 298 3757 363 180

340 435 661 508 aliquando
693 436 766 493 ab
796 438 1006 512 angelo
1046 437 1285 509 adjutus
1342 454 1467 494 rem
1517 438 1815 511 gessisset,
1865 434 1985 492 dux

2117 435 2300 506 τιώτης
2340 435 2438 504 ὥν,
2495 433 2933 512 Ἀνδραγαθήσας
2990 431 3049 490 δέ
3102 453 3237 490 ποτε
3262 430 3399 488 κατὰ
3453 435 3561 488 τῶν
3616 434 3761 510 Bap-

343 527 604 583 militum
627 528 699 584 ab
723 528 1181 599 imperatoribus
1207 527 1685 585 declaratur.Sed
1703 527 2002 584 Christum

347 616 624 691 diligens,
657 617 1052 673 Christianam
1106 617 1284 673 ﬁdem
1344 618 1624 690 suscepit.
1686 617 1852 683 Quod
1898 615 1999 674 ubi

350 707 588 763 rescivit
616 706 958 778 imperator,
993 723 1144 779 mgre
1176 706 1332 763 tulit.
1367 708 1876 781 Comprehensum
1900 705 1981 762 ita

352 812 490 867 que,
511 794 585 852 ad
607 800 864 866 quatuor
884 795 1050 867 palos
1070 795 1236 852 humi
1257 797 1485 871 alligari
1509 796 2001 871 jussit,etgladiis

355 883 732 939 membratim
766 884 1020 953 concidi,
1062 886 1380 959 ignemque
1429 904 1747 944 accensum
1778 888 1831 942 ei
1862 903 1999 958 sup-

350 972 529 1044 poni:
563 971 664 1043 qui
695 989 765 1028 ex
796 973 981 1029 nimio
1015 976 1301 1049 sanguine
1339 977 1667 1033 exstinctus
1720 979 1829 1034 est.
1863 978 2003 1032 Post

347 1059 473 1117 haec
503 1059 742 1134 alligato
771 1061 847 1117 ad
877 1063 1099 1119 collum
1131 1065 1357 1138 ingenti
1389 1083 1553 1136 saxo,
1582 1067 1643 1120 in
1675 1064 1997 1137 equuleum

347 1148 578 1204 inverso
606 1151 799 1223 capite
838 1153 1107 1224 rapitur:
1140 1154 1521 1228 detractaque
1563 1170 1729 1210 uinea
1776 1154 1999 1226 forcipe

342 1242 500 1307 cute,
531 1238 767 1296 vinctus
798 1244 1125 1297 Caesaream
1156 1244 1541 1316 Cappadocia:
1589 1244 1864 1299 ducitur:
1896 1242 1998 1299 ubi

341 1328 604 1383 abscisso
637 1329 828 1400 capite
858 1332 1126 1402 sepultus
1152 1333 1424 1404 quiescit,
1449 1334 1790 1389 curationes
1814 1331 2003 1387 fideli.

342 1416 455 1472 bus
484 1418 761 1474 omnibus
792 1420 866 1475 ad
894 1420 1047 1477 hanc
1076 1439 1265 1494 usque
1293 1422 1451 1478 diem
1486 1423 1784 1496 praebens.

2112 518 2320 599 ϐάρων,
2377 521 2774 599 ἐνδυναμωθεὶς
2827 524 2932 580 ὑπὸ
3009 521 3249 600 ἀγγέλου
3283 566 3298 593 ,
3357 522 3761 597 προ[σ]εκλήθη

2108 613 2490 687 στρατηλάτης
2516 616 2664 691 παρά
2690 618 2797 669 τῶν
2850 614 3140 690 βασιλέων.
3198 613 3520 686 Ἀγαπήσας
3582 608 3639 667 δὲ
3662 613 3758 667 τὸν

2109 702 2390 779 Χριστὸν,
2448 702 2664 780 ἐγένετο
2715 703 3056 780 Χριστιανός.
3115 700 3222 758 Καὶ
3276 706 3442 757 τοῦτο
3505 701 3690 775 μαθὼν
3732 700 3763 756 ὁ

2115 791 2372 859 βασιλεὺς
2420 791 2714 870 ἐπικράνθη
2749 839 2765 866 ,
2820 792 2910 847 καὶ
2968 792 3246 868 κρατήσας
3326 789 3509 861 αὐτὸν,
3568 787 3759 862 ἔδησεν

2111 881 2198 938 ἐπὶ
2254 884 2353 953 τήν
2403 888 2506 960 γῆν
2567 880 2643 945 εἷς
2697 881 2954 958 τέσσαρας
3012 877 3254 943 πάλους’
3312 879 3403 935 καὶ
3463 880 3596 952 μετᾶ
3655 901 3761 955 μαο

2111 975 2323 1048 χαιρῶν
2381 972 2679 1028 κατέκοπτε
2730 971 2800 1027 τὰ
2864 970 3008 1045 μέλη
3087 970 3252 1026 αὐτοῦ
3278 990 3291 1003 ·
3349 970 3440 1025 καὶ
3501 969 3762 1026 ὑποκάτω

2112 1060 2276 1118 αὐτοῦ
2305 1061 2415 1137 ἧψε
2445 1065 2573 1137 πῦρ.
2606 1061 2710 1119 Καὶ
2769 1060 2877 1116 ἀπὸ
2926 1063 3024 1116 τοῦ
3075 1058 3293 1115 πολλοῦ
3350 1056 3578 1133 α’ίματος
3608 1054 3765 1115 ἐσϐέ-

2112 1162 2213 1222 σθη
2265 1152 2329 1207 τὸ
2380 1154 2510 1228 πῦρο
2566 1151 2656 1207 καὶ
2715 1150 2850 1224 μετᾶ
2920 1152 3083 1204 τοῦτο
3142 1145 3482 1218 προσέδησαν
3542 1145 3619 1209 εἰς
3670 1148 3767 1202 τὸν

2110 1239 2398 1316 τράχηλον
2456 1240 2625 1296 αὐτοῦ
2682 1238 2834 1303 λίθον
2895 1236 3083 1314 βαρὺν,
3115 1236 3207 1292 καὶ
3263 1232 3560 1312 ἐκρέμασαν
3602 1236 3770 1292 αὐτὸν

2110 1329 2247 1386 κατὰ
2294 1327 2564 1404 κεφαλῆς.
2615 1327 2746 1384 Εἶτα
2802 1322 3012 1402 ἔδειραν
3100 1325 3258 1381 αὐτὸν
3357 1328 3491 1400 μετὰ
3550 1325 3769 1402 μαγλα-

2113 1413 2248 1473 ϐίων
2304 1417 2554 1494 χαλκῶν,
2611 1417 2704 1472 καὶ
2761 1413 3022 1487 δήσαντες
3080 1414 3369 1490 ἀπήγαγον
3427 1414 3502 1478 είς
3559 1414 3773 1472 Καισά-

347 1522 491 1579 ρειαν
521 1511 622 1574 τῆς
646 1504 1166 1578 Καππαδοκίας,καὶ
1197 1509 1621 1589 ἀπεκεφάλισαν.
1654 1512 1832 1569 Ὃπου
1891 1507 1981 1564 καὶ
2038 1507 2192 1579 ἐτέθη
2248 1508 2311 1563 τὸ
2370 1505 2625 1582 λείψανον
2682 1505 2868 1578 αὐτοῦ,
2928 1504 3132 1578 ἰάματα
3190 1509 3319 1559 πᾶσι
3378 1508 3499 1568 τοῖς
3552 1506 3776 1572 πιστοῖς

347 1589 593 1669 παρέχον
625 1593 794 1671 μέχρι
816 1599 917 1662 τῆς
940 1599 1199 1673 σήμερον.

998 1716 1219 1772 Eodem
1247 1716 1342 1773 die

354 1798 508 1855 218
567 1799 847 1858 Certamen
916 1812 1125 1931 sancti}:
1162 1823 1419 1891 .magnz
1496 1808 1757 1877 martyris
1839 1809 2003 1863 Eca-

1092 1893 1282 1931 emnz.

1092 1893 1261 1933 εηηω
1268 1917 1282 1933 .

421 1989 752 2046 Ecaterina
771 1997 1020 2064 martyr,
1045 1993 1663 2069 Alexandrina,reguli
1690 1993 2005 2067 cujusdam

351 2075 548 2133 divitis
576 2093 645 2134 ac
675 2079 896 2136 nobilis
928 2082 1074 2151 tilia,
1104 2083 1296 2140 forma
1325 2091 1384 2140 et
1412 2085 1654 2157 ingenio
1712 2089 2007 2156 praestan-

353 2166 606 2233 tissima,
638 2184 773 2224 cum
806 2170 1036 2228 Graecas
1076 2172 1307 2230 litteras
1360 2174 1688 2245 didicisset,
1738 2173 2007 2246 philoso-

352 2255 545 2327 phicis
566 2257 744 2314 etiam
769 2259 1034 2317 scientiis
1057 2278 1119 2317 se
1152 2262 1464 2330 addixit,et
1492 2264 1723 2333 linguas
1743 2262 2008 2336 gentium

355 2347 626 2402 omnium
656 2348 881 2405 calluit.
913 2354 1058 2406 Cum
1085 2368 1219 2408 vero
1274 2353 1460 2408 festus
1500 2353 1820 2424 aliquando
1879 2352 2008 2408 dies

358 2434 536 2490 idolis
565 2442 840 2508 ageretur
888 2455 923 2493 a
980 2439 1197 2496 Graicis
1255 2440 1598 2512 videretque
1654 2441 2008 2497 animalium

360 2522 804 2579 multitudinem
826 2524 1113 2598 jugulari,
1144 2527 1206 2584 id
1235 2546 1385 2601 wgre
1416 2528 1631 2584 ferens.
1666 2529 1814 2585 adiit
1842 2528 2013 2584 Maxi-

362 2609 592 2665 minum
608 2611 1113 2683 imperatorem,et
1127 2633 1260 2671 cum
1276 2617 1378 2672 illo
1393 2616 2008 2687 disseruit,inquiens:

361 2700 550 2764 Quare
580 2700 698 2755 Deo
752 2702 882 2756 vivo
934 2704 1162 2773 relicto,
1221 2706 1548 2762 inanimata
1604 2706 1766 2762 idola
1819 2707 2014 2762 colis?

359 2787 710 2844 Maximinus
725 2789 906 2863 igitur
924 2798 1215 2849 retentam
1232 2795 1614 2851 acerbissime
1636 2796 2010 2851 excruciavit.

360 2876 582 2933 Deinde
597 2879 816 2935 accersi
828 2880 899 2936 tis
922 2881 1186 2954 undique
1200 2885 1631 2956 quinquaginta
1643 2884 2010 2941 oratoribus:

356 2965 715 3040 Disceptate,
749 2968 966 3042 inquit,
999 2988 1135 3028 cum
1187 2975 1539 3045 Ecaterina,
1574 2990 1823 3047 eamque
1868 2990 2013 3029 con-

2022 1717 2070 1784 Β

2666 1715 2744 1786 τῇ
2803 1708 2939 1786 αὐτῇ
2997 1709 3179 1784 ἡμέρᾳ

2114 1800 2387 1874 Ἀθλησις
2479 1809 2577 1872 τῆς
2685 1800 2836 1876 άγίας
2920 1798 3413 1876 μεγαλομάρτυρος
3521 1798 3757 1857 Aiunt-

2853 1889 3031 1966 ρίνης.

2187 2008 2251 2064 Ἦ
2342 2007 2544 2081 μάρτυς
2630 2006 2958 2080 Αῒκατερίνα
3040 2004 3244 2082 ἐγένετο
3320 2005 3427 2061 άπὸ
3502 2004 3768 2079 Ἀλεξαν-

2118 2095 2296 2174 δρείας
2327 2140 2342 2166 ,
2399 2099 2642 2174 θυγάτηρ
2704 2094 3027 2173 βασιλίσκου
3097 2096 3244 2159 τινὸς
3277 2140 3292 2167 ,
3349 2095 3617 2152 πλουσίου
3673 2096 3773 2152 καὶ

2119 2184 2356 2258 ἐνδόξου“
2423 2184 2697 2264 εὔμορφος
2782 2184 2943 2244 πάνυ.
3019 2185 3246 2262 Εύφυὴς
3301 2182 3358 2239 δὲ
3417 2186 3765 2260 ὑπάρχουσα,

2117 2271 2311 2350 ἔμαθεν
2396 2273 2703 2345 Ἑλληνικὰ
2780 2276 3101 2350 γράμματα,
3169 2274 3259 2329 καὶ
3329 2272 3535 2349 ἐγένετο
3594 2275 3768 2350 σοφὴ,

2118 2359 2363 2421 λαϐοῦσα
2416 2364 2504 2419 καὶ
2590 2360 2842 2438 γλώσσας
2891 2365 3103 2417 πάντων
3160 2366 3272 2417 τῶν
3326 2360 3514 2425 ἐθνῶν.
3546 2362 3765 2418 Ἐπετεο

2120 2452 2275 2509 λεῖτο
2307 2449 2364 2507 δέ
2393 2452 2555 2526 ἐορτή
2586 2456 2704 2515 τοῖς
2734 2448 2988 2513 εἰδώλοις
3019 2451 3168 2525 παρᾶ
3194 2455 3301 2505 τῶν
3333 2448 3638 2521 Ἐλλήνων·
3670 2451 3773 2505 καὶ

2120 2545 2398 2617 θεωροῦσα
2425 2541 2492 2596 τὰ
2523 2543 2626 2612 ζήα
2657 2540 2990 2614 σφαζόμενα,
3048 2539 3322 2610 ἐλυπήθηο
3379 2540 3470 2594 καὶ
3523 2536 3773 2609 ἀπῆλθεν

2120 2630 2196 2693 εἰς
2224 2631 2315 2686 τὸν
2342 2629 2570 2706 βασιλέα
2616 2630 2942 2704 Μαξιμῖνον,
3001 2629 3091 2685 καὶ
3143 2627 3547 2706 ἐφιλονείκησεν
3578 2626 3770 2701 αὐτὸν,

2149 2718 2172 2740 ι
2245 2723 2273 2734 ⁸.
2465 2719 2474 2735 9
2654 2717 2668 2735 λ
2759 2717 2774 2735 ί
3311 2717 3325 2733 \
3464 2721 3490 2732 ο
3755 2716 3771 2736 \

2121 2739 2386 2791 ειπουσα,
2443 2720 2527 2774 ὁτι
2581 2727 2680 2773 Δια
2722 2738 2777 2772 τι
2833 2715 3181 2794 ἐγκατέλιπες
3235 2724 3363 2772 Θεον
3428 2722 3622 2787 ζωντα,
3674 2738 3773 2772 και

2120 2813 2442 2884 προσκυνεῖς
2475 2805 2730 2869 εἰδώλοις
2760 2807 2998 2883 ἀψύχοις
3026 2826 3039 2875 ;
3075 2808 3312 2863 Ἐκεῖνος
3370 2803 3428 2861 δὶ
3473 2803 3770 2882 ἐκράτησεν

2120 2896 2317 2966 αὐτὴν,
2368 2895 2459 2952 καὶ
2518 2896 2900 2969 ἐτιμωρήσατο
2959 2893 3224 2970 ἰσχυρῶς.
3269 2895 3374 2952 Καὶ
3437 2894 3570 2968 μετᾶ
3597 2898 3766 2950 τοῦτο

2121 2982 2306 3060 ἔφερεν
2364 2986 2393 3041 ὁ
2453 2983 2705 3062 βασιλεὺς
2760 2986 3095 3055 πεντήκοντα
3151 2983 3410 3060 ῥήτορας,
3465 2982 3556 3038 καὶ
3620 2985 3775 3039 εἶπεν

354 3055 607 3112 vincite:
639 3057 754 3114 nisi
787 3060 945 3115 enim
978 3060 1144 3119 illam
1190 3063 1587 3129 conviceritis,
1638 3080 1740 3120 vos
1793 3079 2002 3119 omnes

2117 3055 2325 3145 αύτοῖς,
2367 3055 2475 3144 ὅτι,
2534 3071 2877 3149 Διαλέχθητε
2927 3074 3063 3149 πρὸς
3115 3055 3216 3143 την
3264 3055 3636 3148 Ᾰίκατερίναν,
3667 3074 3763 3129 καὶ

355 3144 613 3203 ﬂammis
644 3147 892 3205 tradam.
927 3150 1016 3205 Illi
1050 3168 1182 3208 vero
1216 3169 1278 3208 se
1309 3158 1621 3224 superatos
1636 3170 1768 3209 esse
1788 3152 2001 3208 viden-

357 3239 468 3300 tes,
499 3235 774 3309 baptizati
805 3244 965 3308 sunt,
1023 3246 1200 3313 atque
1249 3242 1332 3298 ita
1376 3243 1495 3311 igni
1541 3242 2003 3315 conﬂagrarunt.

356 3325 688 3383 xEcaterina
717 3334 915 3384 autem
945 3330 1137 3401 capite
1159 3330 1511 3387 obtruncata
1542 3338 1650 3387 est.

916 3508 1157 3563 EODEM
1194 3509 1448 3566 MENSE.

885 3596 988 3651 Die
1019 3597 1297 3655 vicesima
1326 3605 1491 3657 sexta

434 3690 591 3745 214
620 3689 1075 3750 Gommemoratio
1101 3699 1277 3751 sancti
1306 3700 1492 3753 Patris
1518 3702 1698 3756 nostri
1728 3702 1931 3772 Atypii.

433 3812 681 3871 Sanctus
697 3818 870 3873 Pater
891 3826 1093 3874 noster
1106 3821 1349 3894 Alypius
1369 3825 1637 3881 Heraclio
1651 3826 2007 3898 imperatore

357 3902 695 3961 decertavit.
728 3908 860 3963 Fuit
887 3914 1086 3965 autem
1117 3928 1189 3966 ex
1246 3912 1633 3985 Adrianopoli
1680 3916 2005 3991 Paphlago-

360 3993 495 4047 niae.
527 4000 863 4067 Antequam
896 4014 1031 4053 vero
1084 4008 1446 4067 nasceretur,
1494 4004 1624 4075 ejus
1674 4010 1864 4060 mater
1911 4022 2005 4061 so-

356 4083 584 4139 mnium
620 4085 961 4157 hujusmodi
992 4088 1172 4143 vidit:
1210 4089 1528 4145 Videbatur
1554 4092 1663 4147 sibi
1688 4100 1917 4162 gestare
1942 4096 2002 4150 in

354 4175 512 4230 ulnis
536 4174 784 4248 insignis
814 4177 1018 4232 formae
1041 4178 1359 4249 agnum.in
1384 4181 1553 4249 cujus
1578 4181 1861 4237 cornibus
1885 4184 2001 4239 bai-

354 4271 551 4322 rcrent
576 4267 807 4322 accensi
832 4268 988 4322 cerei
1018 4284 1033 4324 :
1058 4285 1127 4322 ex
1148 4285 1264 4340 quo
1296 4270 1608 4338 intellexit,
1636 4272 2003 4329 nasciturum

349 4371 620 4425 puerum,
663 4356 978 4412 virtutibus
1009 4357 1235 4413 clarum
1268 4358 1392 4413 fore
1420 4375 1432 4413 :
1462 4360 1620 4431 quod
1644 4367 1702 4416 et
1731 4362 1998 4433 contigit.

2118 3163 2337 3219 πείσατε
2364 3163 2551 3235 αὐτήν·
2609 3162 2699 3218 ἐὰν
2749 3163 2850 3239 γάρ
2918 3164 2996 3235 μὴ
3036 3164 3297 3233 νικήσητε
3326 3161 3517 3231 αὐτὴν,
3548 3160 3753 3225 πάντας

2121 3253 2262 3327 ὑμᾶς
2290 3251 2609 3308 κατακαύσω
2665 3250 2815 3328 πυρὶ.
2846 3254 3081 3309 Ἐκεῖνοι
3140 3249 3199 3306 δὲ
3247 3249 3473 3322 ἰδόντες,
3522 3252 3608 3306 ὅτι
3639 3251 3754 3307 ἐνι-

2117 3344 2388 3414 κήθησαν,
2444 3335 2863 3412 ἐϐαπτίσθησαν,
2921 3342 3012 3396 καὶ
3070 3339 3244 3404 οὕτως
3287 3338 3540 3411 iniriam“
3570 3339 3772 3397 ἀπεκε-

2118 3429 2361 3510 φαλισθη
2387 3427 2447 3486 δὲ
2473 3430 2563 3485 καὶ
2593 3429 2755 3500 αὐτή.

2687 3521 2838 3576 ΜΠΝ
2845 3522 2866 3577 Ι
2893 3524 2975 3575 ΥΩ
3008 3524 3199 3579 ΑΥΤΩ.

2892 3608 2985 3677 Κατ

2262 3700 2473 3772 Μνήμη
2502 3701 2599 3754 τοῦ
2648 3696 2800 3753 ὁσίου
2855 3698 3067 3773 Ηατρὸς
3117 3699 3281 3771 ἡμῶν
3325 3694 3616 3755 Ἀλυπίου.

2187 3823 2250 3881 Ὁ
2303 3823 2355 3877 ἐν
2413 3823 2591 3899 ἁγίοις
2650 3822 2835 3896 Πατὴρ
2892 3823 3054 3895 ἡμῶν
3100 3819 3393 3890 Ἀλύπιος,
3456 3821 3770 3897 ἠγωνίζετο

2115 3909 2205 3967 ἐπὶ
2279 3917 2381 3980 τῆς
2462 3908 2740 3987 βασιλείας
2822 3908 3169 3985 Ἡρακλείου.
3245 3910 3487 3984 Ἐγένετο
3544 3907 3602 3965 δὲ
3654 3909 3773 3968 ἀπὸ

2117 3998 2630 4075 Ἀδριανουπόλεως
2660 4006 2762 4069 τῆς
2810 3997 3221 4079 Παφλαγονίας.
3250 4001 3365 4078 Πρὸ
3417 4004 3515 4056 τοῦ
3571 4021 3773 4075 γεννη-

2119 4096 2278 4159 θῆναι
2310 4086 2367 4144 Si
2420 4088 2603 4159 αὐτον,
2637 4086 2773 4144 εἶδεν
2806 4091 2841 4158 ἡ
2872 4091 3058 4165 μήτηρ
3117 4091 3286 4145 αὐτοῦ
3341 4085 3546 4164 ὄνειρον
3574 4092 3772 4145 τοιοῦ-

2110 4200 2226 4237 τον.
2289 4175 2466 4248 Εἶδεν,
2526 4179 2610 4233 ὅτι
2658 4172 2944 4248 ἐϐάσταζεν
3004 4177 3081 4241 εἰς
3136 4181 3232 4241 τὰς
3294 4178 3532 4256 ἀγκάλας
3587 4179 3769 4250 αὐτῆς

2113 4265 2297 4343 ἀρνίον
2347 4269 2558 4341 ὡμαῖον
2591 4310 2605 4335 ,
2667 4262 2797 4344 ἔχον
2853 4267 2931 4330 εἷς
2988 4268 3054 4324 τὰ
3101 4269 3299 4344 κέρατα
3373 4269 3541 4324 αὐτοῦ
3592 4269 3770 4342 κηρία

2114 4360 2370 4413 ἅπτοντα’
2412 4357 2499 4412 καὶ
2532 4356 2589 4413 ἐκ
2641 4357 2838 4413 τούτου
2895 4356 3194 4428 ἐνενόησεν,
3243 4357 3329 4414 ὅτι
3355 4358 3417 4414 τὸ
3447 4356 3688 4423 παιδίον,
3733 4358 3766 4414 ὃ

348 4443 609 4499 Clericus
642 4445 823 4511 enim,
858 4445 1073 4501 deinde
1105 4446 1391 4504 diaconus
1439 4449 1769 4513 ordinatus.
1812 4451 1996 4507 misso

2117 4445 2305 4522 μέλλει
2362 4453 2643 4522 γεννῆσαι,
2706 4445 2955 4520 ἐνάρετον
3013 4448 3319 4522 γενήσεται’
3369 4447 3399 4502 ’ὁ
3437 4449 3527 4503 καὶ
3582 4445 3766 4522 γέγο-

348 4532 524 4585 rebus
548 4533 727 4603 hujus
759 4536 958 4590 saeculi
992 4536 1223 4605 nuntio,
1248 4536 1585 4594 columnam
1614 4540 1915 4595 ascendit:
1939 4547 1998 4597 et

348 4619 551 4690 stylita
577 4620 787 4691 factus,
820 4622 928 4677 sub
959 4623 1057 4679 dio
1087 4625 1282 4680 nudus
1317 4627 1498 4694 stetit,
1523 4628 1726 4684 multis
1755 4629 1997 4684 interim

347 4707 651 4762 miraculis
682 4709 1033 4777 illustratus,
1067 4718 1126 4767 et
1154 4728 1189 4768 a
1219 4712 1589 4771 dmmonibus
1619 4734 1774 4789 saepe
1806 4717 1997 4792 impu-

346 4801 578 4868 gnatus.
615 4798 745 4869 Ipse
775 4815 914 4855 vero
945 4792 1138 4871 quoad
1170 4803 1381 4874 potuit,
1416 4804 1477 4860 in
1533 4805 1717 4877 pedes
1767 4814 1997 4863 erectus

348 4886 573 4942 orabat.
609 4885 721 4942 Sed
751 4887 946 4960 lapide
976 4905 1011 4945 a
1040 4889 1412 4947 daimonibus
1440 4895 1680 4964 petitus,
1710 4896 1998 4953 inciditin

350 4975 553 5031 lateris
586 4976 878 5046 morbum,
910 4993 1027 5049 quo
1071 4994 1205 5034 cum
1263 4980 1436 5038 annis
1495 4981 1781 5039 tredecim
1830 4985 1997 5041 labo-

350 5068 560 5132 rasset,
594 5080 624 5119 e
662 5065 780 5121 vita
834 5066 1106 5136 excessit,
1166 5084 1354 5125 annos
1411 5076 1587 5126 natus
1643 5079 1883 5130 centum
1940 5079 2001 5130 et

353 5158 503 5209 octo.

900 5334 1139 5391 EODEM
1180 5338 1322 5392 ΜΕΝ
1330 5338 1431 5393 SE.

820 5422 926 5479 Die
952 5423 1230 5481 vicesima
1260 5427 1512 5500 septima

356 5521 506 5579 2l5
542 5520 819 5579 Certamen
843 5525 1040 5590 sancti,
1072 5525 1367 5596 multisque
1416 5529 1805 5585 certaminibus
1852 5529 1998 5587 clari

814 5597 1078 5666 martyris
1104 5597 1300 5652 Jacobi
1326 5599 1522 5653 Persae.

424 5711 676 5769 Iacobus
694 5710 900 5770 multis
919 5714 1345 5773 certaminibus
1388 5714 1643 5789 insignis
1670 5722 1896 5793 martyr
1922 5736 1996 5778 ex

2101 4556 2212 4592 νεν.
2275 4534 2557 4606 Γεννηθεῖς
2604 4535 2706 4611 γάρ
2767 4534 2978 4609 ἐγένετο
3035 4532 3323 4610 κληρικὸς’
3391 4536 3506 4592 εἶτα
3561 4532 3756 4589 διάκο-

2105 4649 2219 4691 vo:
2254 4630 2341 4685 καὶ
2376 4628 2554 4707 ἀφῆκε
2609 4630 2701 4685 τὸν
2767 4629 2992 4702 κόσμον
3024 4628 3113 4684 καὶ
3145 4627 3377 4701 ἀνῆλθεν
3439 4628 3516 4692 εἰς
3570 4629 3758 4684 κίονα⁸

2107 4718 2196 4775 καὶ
2250 4718 2457 4796 ἐγένετο
2523 4718 2803 4791 στυλίτης’
2863 4715 3119 4787 ἅσκεπος,
3177 4721 3384 4796 γυμνὸς
3441 4719 3763 4792 ἱστάμενος,

2104 4808 2194 4865 καὶ
2249 4805 2439 4864 πολλᾶ
2489 4809 2737 4882 θαύματα
2793 4806 2988 4875 ποίῶν,
3058 4802 3432 4879 ἐπεϐουλεύθη
3494 4808 3595 4864 ὑπὸ
3645 4810 3763 4864 τῶν

2107 4894 2400 4971 δαιμόνων.
2426 4898 2667 4960 Ἐκεῖνος
2695 4894 2775 4969 δὶ,
2802 4893 2904 4959 ἕως
2955 4895 3017 4952 οῦ
3076 4895 3322 4965 ἐδύνατο,
3379 4896 3763 4973 προσηύχετο,

2105 4988 2262 5061 ὀρθὸς
2321 4987 2647 5061 ἱστάμενος·
2719 4986 2811 5041 ὅτε
2862 4984 2920 5041 δὲ
2978 4987 3114 5061 μετὰ
3170 4985 3330 5052 λίθου
3387 4986 3763 5048 ἀπολυθέντος

2104 5071 2313 5148 ἐϐλάϐη
2346 5076 2493 5152 παρᾶ
2519 5080 2628 5132 τῶν
2671 5073 2972 5151 δαιμόνων,
3023 5076 3306 5134 κατέπεσεν
3366 5074 3454 5134 ἐπὶ
3510 5074 3763 5149 πλευροῦ

2103 5161 2197 5236 ἔτη
2250 5160 2506 5239 δεκατρία
2541 5208 2555 5233 ,
2611 5160 2715 5227 ἕως
2770 5163 3152 5241 ἐτελεύτησεν,
3213 5166 3476 5243 ὑπάρχων
3531 5159 3762 5241 χρὸνων

2105 5249 2292 5308 ἐκατὸν
2325 5251 2490 5309 ὀκτώ.

2664 5344 2843 5400 MHNI
2863 5348 2951 5400 ΤΩ
2979 5349 3187 5404 ΑΥΤΩ.

2102 5519 2368 5593 Ἀθλησις
2397 5524 2494 5577 τοῦ
2524 5519 2678 5597 αγίου
2706 5522 2796 5578 καὶ
2828 5434 3150 5589 πδίλῖάθλου
3184 5524 3457 5598 μάρτυρος
3485 5512 3762 5580 Ἰακώϐου

2739 5615 2837 5669 τοῦ
2868 5612 3099 5691 Πέρσου.

2172 5725 2231 5782 '0
2286 5724 2610 5796 πολύαθλος
2667 5727 2872 5805 μάρτυς
2927 5723 3187 5792 Ἰάκωϐος
3240 5726 3456 5805 ἐγένετο
3516 5725 3578 5785 ἐκ
3605 5730 3769 5798 Περ-
