4074 6192
260 326 364 390 181

1728 317 2186 384 NOVEMBER.

3538 320 3660 383 182

258 458 420 525 οἶδας,
448 458 529 515 ἰπὶ
556 455 880 531 Θεοδοσίου,
946 459 1217 536 βασιλέως
1274 458 1597 533 Ῥωμαίων·
1648 452 1886 530 ὁινδρεῖος

2004 452 2242 508 Perside
2274 449 2406 517 fuit,
2437 448 2764 505 Theodosio
2788 452 3193 507 Romanorum
3216 451 3657 524 imperatore.ls

257 547 311 605 δὲ
337 548 409 604 ὢν
434 548 518 604 καὶ
540 544 783 621 ἔνδοξος,
832 548 1061 622 ἐτιμᾶτο
1116 548 1263 623 παρὰ
1315 548 1412 604 τοῦ
1471 544 1742 624 βασιλέως
1785 547 1895 597 τῶν

252 645 481 719 Περσῶν,
512 647 603 695 ’Ὧν
658 638 719 695 δὲ
780 642 1050 717 πρότερον
1112 642 1455 717 Χριστιανὸς,
1514 639 1605 695 καὶ
1669 644 1897 715 γυναῖκα

248 728 389 805 ἔχων
434 732 798 804 Χριπιανήν,
867 731 957 785 καὶ
1020 730 1229 805 μητέρα
1279 731 1369 785 καὶ
1424 729 1630 805 πατέρα
1686 726 1893 800 ὁμοίως

242 818 615 893 Χριστιανούς
675 818 857 892 ὅμως,
916 817 1006 874 διὰ
1059 820 1156 887 τήν
1215 823 1316 874 τοῦ
1376 817 1642 895 βασιλέως
1699 817 1894 889 τιμήν,

240 910 509 984 ἠρνήσατο
537 909 636 963 τὸν
672 908 934 983 Χριστὸν,
965 909 1055 963 καὶ
1086 909 1399 982 προσεκύνει
1450 929 1530 981 τῳ
1576 905 1753 980 Ἡλίῳ
1802 904 1893 960 καὶ

238 1004 309 1070 τῷ
360 998 529 1075 (lupi,
582 1000 674 1054 καὶ
734 993 914 1054 ἔσεϐεν
972 997 1109 1053 αὐτὰ
1164 997 1240 1062 ὡς
1297 997 1473 1063 θεούς.
1535 998 1796 1054 Μαθοῦσα
1834 992 1893 1050 δὲ

240 1092 387 1142 τοῦτο
416 1090 454 1157 ἦ
522 1090 713 1161 μήτηρ
769 1087 956 1155 αὐτοῦ,
1013 1085 1104 1143 καὶ
1156 1088 1192 1157 ἡ
1244 1088 1405 1163 γυνὴ,
1463 1081 1695 1161 ἔγραψαν
1752 1085 1889 1160 πρὸς

240 1176 391 1232 αὐτὸν
426 1177 569 1250 μετᾶ
618 1176 828 1248 κώπης,
884 1175 974 1232 γαὶ
1032 1172 1249 1232 ἔπεισαν
1306 1174 1465 1230 αὐτὸν
1522 1173 1686 1230 πάλιν
1743 1174 1894 1249 γενέ-

241 1278 351 1330 σθαι
382 1266 733 1340 Χριστιανόν.
773 1266 910 1321 Τότε
968 1263 1320 1340 διαγνωσθεὶς
1376 1265 1524 1336 παρὰ
1576 1267 1675 1318 τοῦ
1735 1263 1891 1338 βασι-

242 1358 395 1427 λέως,
452 1356 549 1412 καὶ
603 1357 917 1431 κρατηθεὶς,
972 1357 1298 1431 πικρότατον
1377 1354 1581 1425 {mia-t7,
1639 1352 1887 1412 θάνατον.

236 1450 475 1502 Εκοπτον
505 1447 609 1519 γὰρ
640 1442 693 1499 ἔν
730 1439 784 1499 ἓν
836 1443 1028 1519 μελος,
1089 1443 1179 1499 καὶ
1250 1442 1414 1519 μέρος
1471 1446 1568 1498 τοῦ
1630 1441 1887 1515 σώματος

251 1534 377 1607 μετᾶ
437 1539 755 1609 μαχαιρῶν,
811 1530 919 1596 ἕως
966 1530 1300 1610 κατελείφθη
1386 1532 1550 1605 μόνον
1604 1531 1668 1587 τὸ
1726 1536 1887 1605 σιὶμα

254 1626 378 1698 μετᾶ
401 1632 508 1694 τῆς
540 1624 788 1703 anuli:
816 1624 909 1680 καὶ
956 1631 1057 1694 τῆς
1113 1621 1348 1685 κοιλίας.
1397 1623 1505 1680 Καὶ
1561 1621 1698 1678 κατᾶ
1756 1622 1883 1695 μίαν

253 1714 367 1788 μίαν
393 1716 571 1787 τομήν
600 1714 926 1790 ηὐχαρίστει
956 1718 1037 1787 τῷ
1096 1717 1232 1785 Θεῷ.
1286 1711 1387 1769 Καὶ
1432 1710 1606 1777 οὕτως
1641 1710 1883 1768 κελεύσει

2010 542 2084 598 ob
2104 541 2398 614 egregiam
2427 540 2611 595 animi
2626 540 2898 594 virtutem
2913 541 3264 611 generisque
3283 542 3656 599 nobilitatem

2007 632 2071 687 in
2089 647 2321 687 summo
2340 629 2498 701 apud
2511 631 2825 684 Persarum
2840 646 3037 702 regem
3063 630 3287 686 honore
3305 631 3653 689 habebatur.

2005 722 2144 776 Erat
2170 724 2369 776 autem
2399 718 2790 786 Christianus,
2851 723 2928 773 et.
2966 718 3362 775 Christianam
3409 738 3657 779 uxorem

2004 810 2298 887 habebat;
2322 812 2575 863 matrem
2598 807 2863 879 insuper,
2885 813 3235 879 patremque
3256 809 3653 881 Christianos;

2005 898 2110 956 sed
2149 898 2223 954 ob
2282 898 2436 970 regis
2494 897 2801 964 honorem,
2867 897 3096 968 ejurato
3147 897 3399 963 Christo,
3461 900 3658 955 Solem

2002 986 2323 1060 Ignemque
2347 991 2627 1056 tanquam
2650 984 2794 1041 deos
2810 984 3090 1040 adoravit.
3112 987 3279 1051 Quod
3308 986 3409 1041 ubi
3441 995 3653 1055 mater,

2003 1082 2062 1132 et
2077 1092 2224 1131 uxor
2242 1090 2590 1147 cognovere,
2616 1073 2819 1129 dolore
2845 1076 3093 1139 aﬂ‘ectaa,
3112 1091 3218 1146 per
3243 1075 3653 1133 litterasillum

2000 1164 2309 1227 induxere,
2341 1169 2407 1218 ut
2435 1161 2509 1218 ad
2540 1161 2933 1218 Christianam
2968 1162 3148 1217 ﬁdem
3187 1164 3426 1219 rediret.
3463 1167 3650 1230 Quare

1999 1254 2270 1324 cognitus
2289 1268 2324 1307 a
2352 1268 2508 1323 rege,
2533 1251 2781 1323 ejusque
2799 1251 2974 1322 jussu
2995 1252 3653 1322 eomprehensus,acer—-

1996 1341 2308 1397 bissimam
2337 1346 2589 1396 mortem
2620 1339 2920 1396 sustinuit.
2956 1339 3216 1395 Membra
3253 1341 3414 1396 enim
3445 1343 3497 1397 ei
3526 1343 3653 1398 sin-

1996 1430 2153 1504 gula,
2180 1434 2495 1502 partesque
2513 1428 2779 1500 corporis
2797 1428 2993 1501 gladio
3014 1428 3437 1500 praeciduntur,
3462 1431 3651 1487 donec

1998 1520 2193 1577 solum
2224 1536 2440 1590 corpus
2470 1535 2607 1574 cum
2648 1518 2865 1589 capite,
2923 1535 2992 1573 ac
3034 1523 3237 1573 ventre
3290 1524 3649 1590 superesset,

1995 1627 2131 1667 cum
2154 1609 2393 1664 interim
2424 1608 2552 1680 ipse
2574 1607 2649 1663 ad
2668 1623 3154 1678 unamquamque
3181 1608 3507 1664 sectionem
3526 1625 3653 1683 gra-

1996 1701 2109 1756 tias
2152 1700 2272 1755 Deo
2328 1703 2550 1772 ageret.
2609 1699 2862 1753 Demum
2920 1697 3188 1769 ejusdem
3246 1699 3399 1771 regis
3447 1700 3645 1771 jussu,

247 1807 337 1859 τοῦ
368 1800 658 1879 βασιλέως,
684 1804 822 1878 μετᾶ
874 1802 1149 1879 μαχαίρας
1194 1799 1367 1873 ἐκόπη
1422 1801 1513 1857 καὶ
1577 1803 1614 1872 ἡ
1669 1799 1883 1880 κεφαλή

1998 1794 2210 1845 trunco
2240 1792 2418 1859 caput
2444 1791 2806 1859 amputatur.

256 1890 426 1949 αὐτοῦ.

790 2010 973 2068 ΜΗΝΙ
1009 2011 1102 2067 ΤΩ
1140 2014 1335 2066 ΔΥΤΩ.

1016 2101 1124 2157 ΚΗ¹

254 2186 515 2266 Ἀθλησις
563 2193 661 2266 τοὺς
720 2187 1118 2266 ὁσιρμάρτυρος
1199 2195 1475 2266 Στεφανου
1554 2192 1657 2266 τοῦ
1722 2189 1864 2246 Νέου

310 2262 559 2337 καὶ-τῷν
612 2260 707 2316 σὺν
763 2260 934 2333 αὐτῷ’
998 2260 1458 2337 μαρτυρησάντων
1520 2260 1727 2335 Πέτρου
1795 2281 1865 2316 κα

310 2330 581 2405 ’Δνδρέου,

306 2450 759 2512 Κωνσταντίνοςὸ
812 2449 1093 2525 βασιλεὺς,
1151 2452 1180 2506 ὁ
1238 2449 1632 2528 ἐπιλεγόμενος
1676 2444 1888 2505 Καϐαλ-

249 2539 716 2616 λῖνος,αἱρετικὸς
761 2534 861 2609 ὤν,
918 2540 1010 2594 καὶ
1065 2540 1161 2604 τὰς
1218 2538 1373 2614 ἁγίας
1414 2539 1627 2603 εἷκὸνας
1691 2543 1888 2613 μισῶν,

250 2625 401 2701 ἔμαθε
454 2629 578 2702 περὶ
629 2627 841 2683 τούτων
893 2632 1003 2683 τῶν
1054 2627 1238 2705 ἁγίων,
1301 2626 1599 2707 Στεφάνου,
1658 2630 1889 2704 Πέτρου,

256 2719 339 2772 καὶ
368 2714 650 2788 Ἀνδρέου,
681 2718 765 2773 ὃτι
797 2717 861 2772 ού
890 2722 1113 2772 ποιοῦσι
1141 2719 1205 2774 τὸ
1236 2719 1457 2792 θέλημα
1505 2719 1695 2791 αὐτοῦ,
1746 2717 1894 2774 ἀλλὰ

253 2812 603 2881 προσκυνοῦσι
657 2807 752 2869 τὰς
809 2807 1044 2879 εἰκόνας,
1107 2809 1200 2862 καὶ
1276 2805 1646 2863 ἀποκαλοῦσιν
1732 2805 1890 2862 αὐτὸν

251 2897 531 2970 αἱρετικόν.
585 2895 682 2950 Καὶ
741 2893 1068 2958 ἀποστείλας
1123 2894 1339 2951 ἐπίασεν
1394 2895 1591 2958 αὐτοὺς
1648 2895 1738 2951 καὶ
1791 2896 1895 2951 έτιυ

254 2987 542 3059 μωρῆσατο
571 2990 790 3060 πρῶτον
824 2984 1090 3061 ἰσχυρῶς.
1125 2986 1261 3042 Εἶτα
1278 2985 1370 3041 τὸν
1406 2987 1501 3059 μὶν
1559 2986 1712 3062 ἅγιον
1764 2985 1890 3041 Στέ·

246 3097 398 3153 φανον
432 3075 729 3151 προσέταξε
787 3073 1002 3143 δεθῆναι
1063 3076 1201 3150 μετᾶ
1255 3077 1531 3152 σχοινίου⁶
1594 3077 1684 3133 καὶ
1743 3078 1894 3153 σύρευ

2542 1993 2785 2049 EODEM
2824 1993 3076 2048 MENSE.

2492 2081 2594 2137 Die
2624 2081 2905 2137 vicesima
2932 2086 3136 2137 octava

1993 2173 2147 2232 210
2188 2174 2474 2229 Certamen
2510 2173 2688 2227 sancti
2738 2172 3002 2241 martyris
3052 2172 3321 2242 Stephani
3373 2170 3641 2238 Junioris,

2356 2249 2409 2298 et
2436 2245 2707 2299 sociorum
2743 2244 2896 2298 Petri
2925 2247 2978 2299 et
3006 2243 3274 2301 Andreae.

2069 2458 2518 2523 Constantinus,
2537 2463 2931 2532 cognomento
2958 2457 3655 2529 Caballinus.imperator

1994 2547 2315 2603 hasreticus
2337 2553 2393 2603 et
2424 2563 2727 2603 sacrarum
2748 2547 3076 2620 imaginum
3098 2546 3495 2609 adversarius,
3517 2562 3653 2603 cum

1998 2636 2308 2693 didicisset
2334 2637 2444 2692 hos
2474 2642 2711 2692 sanctos
2740 2637 3125 2708 Stephanum,
3150 2638 3412 2704 Petrum,
3444 2641 3505 2691 et
3532 2638 3655 2692 An-

1997 2725 2223 2794 dream,
2255 2725 2525 2798 neglecto
2557 2742 2662 2781 suo
2719 2726 2993 2797 imperio,
3043 2726 3334 2798 imagines
3381 2726 3648 2808 adorare,

1996 2833 2179 2887 seque
2207 2816 2281 2871 ab
2315 2816 2388 2870 iis
2418 2816 2767 2871 hmreticum
2819 2815 3130 2886 appellari,
3186 2815 3650 2888 comprehensos

1987 2905 2173 2978 jussit
2202 2905 2463 2976 primum
2492 2905 2837 2978 gravissime
2870 2904 3232 2960 excruciari:
3267 2904 3480 2960 deinde
3513 2920 3649 2961 san»

1993 2998 2157 3049 ctum
2188 2994 2554 3065 Stephanum
2598 2993 2883 3049 funiculis
2912 2992 3240 3065 alligatum,
3273 2992 3474 3049 media
3502 2992 3650 3049 urbe

1994 3083 2215 3154 raptari
2246 3100 2258 3138 :
2292 3084 2392 3154 qui
2425 3083 2565 3138 dum
2600 3088 2956 3154 raptaretur,
2988 3099 3023 3138 a
3052 3082 3313 3153 quodam
3363 3082 3425 3137 in
3454 3082 3651 3154 capite

245 3177 355 3230 σθαι
390 3167 554 3237 μέσον
583 3172 688 3234 τῆς
736 3163 976 3227 πόλεως.
1036 3166 1139 3222 Καὶ
1184 3166 1483 3241 σκρόμενον
1533 3170 1728 3222 τοῦτον
1789 3169 1886 3222 λα-

2002 3170 2155 3228 fuste
2182 3189 2520 3245 percussus,
2553 3178 2802 3228 contuso
2834 3188 2901 3228 ac
2922 3173 2984 3228 in
3010 3172 3158 3227 duas
3176 3177 3374 3243 partes
3393 3172 3650 3228 dissecto

243 3250 345 3309 ϐὡν
373 3276 462 3317 τις
496 3256 633 3329 μέγα
658 3254 845 3328 ξύλον,
902 3252 1106 3328 ἔπληξε
1154 3255 1292 3310 κατᾶ
1331 3262 1433 3326 τῆς
1474 3253 1740 3330 κεφαλῆς.
1790 3253 1886 3313 Καὶ

2001 3262 2193 3333 capite
2224 3261 2472 3328 interiit,
2501 3265 2678 3332 atque
2709 3261 2773 3316 in
2807 3278 2874 3316 eo
2915 3260 3068 3329 loco,
3118 3260 3223 3316 ubi
3269 3276 3430 3316 nunc
3467 3261 3650 3332 jacet,

242 3344 459 3419 ἐσχίσθη
502 3348 538 3415 ἡ
598 3343 811 3421 κεφαλή
869 3345 1038 3400 αὑτοῦ
1099 3364 1177 3409 εις
1233 3341 1351 3411 δύο,
1404 3343 1495 3400 καὶ
1552 3343 1889 3417 ἐτελεύτησε’

242 3433 521 3511 καέέτάφη
554 3433 608 3489 έν
661 3435 839 3506 τόπῳ,
898 3433 951 3489 ἐν
1010 3433 1059 3507 ᾧ
1114 3434 1204 3489 καὶ
1260 3432 1593 3492 κατάκειται.
1650 3433 1892 3506 Ὁμοίως

239 3525 319 3579 καὶ
371 3523 586 3586 ὁδσιος
641 3521 924 3597 ’Δνδρέας,
982 3524 1071 3578 καὶ
1132 3522 1295 3585 αὐτὸς
1352 3521 1523 3589 δεθεὶς
1579 3524 1671 3580 καὶ
1730 3523 1891 3600 συρό-

241 3634 416 3684 μενος,
474 3611 846 3683 ἐτελεύτησεν.
904 3612 966 3670 Ὀ
1023 3609 1082 3667 δὶ
1137 3613 1292 3689 ἅγιος
1376 3612 1601 3690 Πέτρος,
1672 3618 1891 3690 πρῶτον

2002 3351 2272 3422 sepultus
2300 3351 2432 3406 fuit.
2464 3350 2752 3405 Similiter
2773 3355 2832 3405 et
2852 3355 3091 3406 sanctus
3113 3349 3379 3404 Andreas
3399 3349 3653 3415 vinctus,

2001 3446 2407 3513 raptatusque,
2439 3457 2469 3495 e
2501 3441 2618 3495 vita
2661 3440 2932 3495 excessit.
2966 3441 3039 3494 At
3067 3444 3309 3495 sanctus
3351 3441 3561 3495 Petrus
3591 3439 3653 3495 in

2004 3545 2305 3585 carcerem
2333 3530 2499 3601 prius
2528 3529 2854 3601 conjectus,
2889 3526 3106 3584 deinde
3146 3527 3415 3597 eductus,
3447 3527 3655 3585 tandiu

2003 3617 2255 3692 ﬂagellis
2293 3618 2562 3685 caeditur,
2593 3618 2781 3674 donec
2807 3617 3081 3690 spiritum
3110 3618 3229 3673 Deo
3260 3617 3523 3673 tradidit.

240 3702 619 3765 ἀποκλεισθεὶς
698 3702 775 3765 εἷς
831 3700 1103 3779 φυλακην,
1161 3701 1252 3758 καὶ
1309 3702 1443 3776 μετὰ
1492 3706 1658 3758 τοῦτο
1738 3698 2007 3775 έκὸλθεὶς,
2064 3705 2155 3761 καὶ
2210 3726 2571 3780 τυπτομενος,
2628 3704 2913 3782 παρέδωκε
2965 3704 3030 3759 τὸ
3082 3708 3297 3778 πνεῦμα
3352 3705 3516 3761 αὐτοῦ
3571 3708 3651 3779 τῷ

236 3799 373 3867 Θεῷ.

819 3910 900 3983 Τῇ
939 3906 1077 3982 mini
1115 3908 1299 3984 ἡμέρᾳ

2653 3913 2875 3970 Eodem
2904 3912 2999 3969 die

233 3998 501 4091 'Aﬁgnc‘t'q'
552 4002 664 4091 τῶν
715 3996 917 4091 hiant,
973 4001 1083 4091 τῶεν
1115 3997 1235 4091 ,σὺν
1292 3996 1569 4091 τξριάγίῳ
1627 3996 1886 4077 Στεφάνῳ

1998 4010 2147 4091 2η
2210 4013 2495 4091 Certamen
2552 4019 2887 4091 sanctorum,
2932 4013 3045 4091 Aqui
3084 4029 3218 4091 capt
3278 4019 3467 4091 sancto
3523 4015 3645 4091 Sta-

294 4070 581 4199 ἷὲῥντΝέιρ,
642 4069 780 4146 ὑπὶρ
846 4073 955 4125 τῶν
1036 4070 1210 4144 ἁγίων
1295 4069 1550 4125 εΐκόνων⁷
1605 4069 1886 4146 μαρτυρηέ-

431 4165 533 4200 ων.

2058 4082 2253 4210 platano
2267 4086 2497 4210 jutniorc
2532 4101 2642 4156 pro
2695 4069 2887 4142 sacris,
2922 4069 3256 4154 imaginibus
3319 4069 3648 4155 martyrium

2065 4169 2129 4210 su
2170 4172 2325 4210 zerun
2359 4196 2372 4210 .

431 4165 533 4200 ων.

2065 4157 2372 4211 subierunt.

296 4259 513 4317 Πολλοὶ
543 4263 651 4313 τῶν
706 4262 1055 4334 στρατιωτῶν
1110 4257 1233 4313 τότε
1299 4254 1627 4331 ὀρθοδόξων,
1688 4253 1886 4330 ὅντων,

2067 4261 2252 4317 Fuere
2283 4267 2425 4319 tunc
2482 4261 2821 4335 complures
2879 4261 3098 4317 milites
3155 4259 3488 4327 orthodoxi,
3546 4260 3649 4330 qui

230 4350 630 4423 ἆποταξάμενοι
657 4351 740 4421 τῷ
774 4344 903 4423 βίῳ,
933 4346 1177 4424 γεγόνασι
1214 4345 1469 4423 μοναχοί.
1502 4346 1647 4409 Τοὺς
1703 4344 1886 4401 τοιού-

1998 4348 2179 4404 misso
2198 4350 2377 4422 hujus
2397 4351 2529 4405 vitae
2548 4350 2724 4406 rebus
2756 4349 2987 4417 nuntio,
3016 4346 3291 4403 monachi
3313 4346 3449 4402 freti
3483 4351 3641 4404 sunt.

226 4459 355 4501 τους
409 4436 469 4494 δὲ
500 4439 528 4493 ὁ
568 4436 889 4514 παράνομος
941 4435 1196 4511 βασιλεὺς
1242 4436 1720 4512 τιμωρησάμενος,
1770 4435 1886 4514 £96-

1998 4439 2111 4493 Eos
2140 4438 2507 4510 impissimus
2567 4438 2893 4509 imperator
2949 4435 3282 4492 durissimis
3330 4436 3645 4492 tormentis

230 4548 405 4584 νευσε.
436 4527 537 4582 Καὶ
566 4526 670 4603 γὰρ
724 4525 816 4582 τὸν
872 4521 989 4595 ἕνα,
1048 4523 1333 4582 Βασίλειον
1389 4523 1754 4599 καλουμενον,
1800 4523 1886 4581 έκ-

1998 4532 2233 4583 vexatos
2264 4527 2580 4583 interfecit.
2611 4532 2752 4582 Nam
2781 4525 2995 4582 Basilio
3017 4525 3221 4581 oculos
3238 4525 3643 4598 eﬂ‘odit,eique

231 4615 543 4691 τυῗλὼσας,
573 4616 686 4670 εἶτα
712 4614 814 4683 τὴν
855 4613 1223 4688 προσκύνησιν
1275 4618 1383 4669 τῶν
1443 4613 1612 4689 ἁγίων
1664 4611 1886 4670 εἰκόνων

1998 4615 2190 4672 adhuc
2219 4615 2291 4671 de
2323 4632 2626 4671 sacrarum
2657 4615 2984 4688 imaginum
3007 4613 3171 4670 cultu
3188 4615 3459 4687 loquenti
3481 4615 3641 4673 calce

234 4703 511 4760 λαλοῦντα
566 4703 818 4769 ἀκούσας,
890 4701 1173 4775 λακτίσας,
1242 4701 1496 4777 ἐξήνεγκε
1560 4702 1626 4758 τὰ
1701 4698 1886 4777 ἔντερα

237 4793 421 4864 αὐτοῦ,
452 4795 541 4851 καὶ
572 4792 746 4856 οὕτως
797 4791 1087 4867 έξορισθεὲς
1144 4793 1277 4866 μετὰ
1339 4788 1533 4862 ὀδύνης
1588 4789 1884 4862 ἐτελεύτη-

240 4883 585 4946 σεν.⁹Δλλος
638 4880 952 4958 ἔγκλειστος
1014 4880 1066 4936 έν
1113 4886 1193 4955 τῷ
1247 4882 1521 4955 σωσθενίῳ
1579 4879 1882 4958 ῥινοκοπη-

246 4972 381 5039 θεὶς,
408 4972 458 5028 ἒν
490 4978 734 5049 Χερσῶνι
764 4972 1051 5049 ἐξωρίσθη,
1101 4972 1188 5026 καὶ
1251 4971 1474 5046 μέλλων
1532 4980 1883 5050 φονευθῆναι,

150 5102 171 5114 .
252 5056 438 5137 ἤρυγεν
483 5062 559 5125 εἷς
610 5062 907 5137 Χαζαρίαν,
964 5061 1017 5116 ἐν
1068 5061 1105 5138 ᾖ
1156 5060 1245 5117 καὶ
1296 5060 1593 5125 έπισκοπος
1652 5060 1880 5138 ἐγένετο,

254 5147 574 5227 καὶῧστερον
607 5150 924 5222 ἐτελειώθη.
963 5148 1176 5214 ’Ἄλλος
1227 5148 1286 5207 δὲ
1338 5151 1605 5227 Στέφανος
1654 5151 1881 5225 ὀνόματι

259 5234 331 5299 εἶς
383 5239 633 5317 Σουγδίαν
688 5239 1007 5315 ἒξορισθεές,
1062 5241 1152 5295 καὶ
1234 5239 1482 5303 πολλοὺς
1567 5240 1878 5316 ὠφελήσας,

263 5324 407 5389 τέλος
430 5329 551 5405 ἔσχε
576 5334 675 5384 τοῦ
703 5326 853 5404 βίου.
883 5327 1120 5400 Ὁμοίως
1165 5328 1255 5384 καὶ
1298 5329 1595 5406 Γρηγόριοι
1643 5326 1740 5384 δύο
1790 5329 1881 5385 σὺν

274 5412 481 5480 πολλοῖς
535 5416 733 5479 ἄλλοις
792 5415 1166 5490 έξορισθέντες,
1223 5417 1505 5473 ἀπέθανον.
1564 5415 1744 5475 Ἀλλᾶ
1788 5418 1880 5474 καὶ

278 5499 508 5577 Ἰωάννης
535 5508 641 5562 ἀπὸ
672 5504 1028 5579 λεγαταρὶων,
1073 5505 1146 5569 εἰς
1198 5506 1524 5585 Δαφνουσίαν
1569 5506 1877 5582 έξορισθεὶς,

278 5592 357 5646 ul
396 5600 460 5669 τῇ
503 5600 604 5653 τοῖ’)
662 5590 1044 5671 βασιλεύοντος
1096 5595 1336 5653 κελεύσει
1400 5594 1691 5673 δερόμενος
1745 5599 1881 5655 κατὰ

282 5685 448 5759 καιρὸν
477 5689 715 5763 ωχνῶς,
743 5683 839 5739 τὸν
873 5681 983 5759 βίον
1010 5682 1285 5744 ἀπέλιπεν.

1995 4704 2252 4776 impacto
2282 4704 2565 4760 intestina
2619 4703 2915 4777 disrupit:
2965 4703 3181 4759 deinde
3227 4705 3577 4778 relegatum,
3609 4722 3643 4762 e

1994 4797 2111 4852 vita
2140 4796 2303 4852 abire
2334 4797 2540 4870 coegit;
2576 4796 2743 4852 Alius
2775 4797 3027 4869 equuleo
3059 4797 3352 4868 inclusus,
3393 4798 3639 4855 naribus

1993 4885 2279 4957 praicisis,
2309 4887 2668 4943 Chersonam
2697 4886 3030 4961 relegatur:
3061 4887 3219 4944 unde
3279 4887 3418 4960 fuga
3464 4888 3641 4943 saluti

1994 4992 2115 5030 sua)
2148 4974 2492 5045 consulens,
2537 4976 2599 5031 in
2632 4976 2969 5031 Chazariam
3019 4992 3148 5032 sese
3196 4976 3511 5049 proripuit,
3559 4976 3638 5033 ub

1993 5064 2306 5137 episcopus
2335 5065 2544 5134 factus,
2578 5070 2783 5137 postea
2811 5065 3086 5121 decessit.
3110 5065 3277 5121 Alius
3307 5066 3640 5138 Stephanus

1990 5156 2257 5224 nomine,
2285 5156 2348 5212 in
2377 5156 2652 5231 Sogdiam
2683 5157 2732 5227 ej
2744 5162 2926 5225 ectus,
2948 5173 3083 5212 cum
3104 5156 3185 5212 ibi
3208 5156 3483 5229 plurimis
3505 5174 3644 5229 pro-

1988 5243 2221 5314 fuisset,
2254 5245 2485 5303 vivendi
2520 5245 2701 5300 finem
2730 5244 2888 5300 fecit.
2930 5245 3215 5301 Similiter
3262 5250 3321 5301 et
3377 5247 3641 5320 Gregorii

1992 5334 2108 5391 duo
2139 5352 2274 5391 cum
2304 5333 2924 5406 aliisquamplurimis
2954 5339 3180 5389 vertere
3212 5335 3407 5390 solum
3428 5339 3640 5405 coacti,

1990 5423 2212 5481 obiere.
2249 5425 2360 5481 Sed
2388 5426 2645 5480 Joannes
2675 5423 3087 5495 exlegatarius,
3112 5423 3522 5494 Daphnusiam
3547 5444 3640 5483 ex-

1987 5513 2217 5585 pulsus,
2253 5514 2422 5569 statis
2454 5511 2841 5584 temporibus,
2875 5511 3253 5582 imperatoris
3288 5500 3488 5581 jussu,
3523 5517 3639 5570 fre-

1988 5602 2378 5674 quentissime
2409 5618 2617 5669 census,
2650 5600 2764 5655 vita
2794 5598 3088 5671 perfectus
3118 5602 3225 5651 est.
