4072 6194
268 429 381 490 187

1596 411 2029 479 MENOLOGII
2074 413 2282 475 PARS
2325 415 2373 475 Ι.

3566 420 3682 483 188

268 554 533 636 quidem,
568 560 674 616 sed
703 559 1070 615 Christianus
1106 574 1118 612 :
1177 564 1357 629 atque
1408 554 1630 610 idcirco
1663 547 1912 607 aPersis

2030 546 2132 600 τῶν
2192 548 2435 619 Περσῶν
2498 549 2536 616 ἦ
2590 543 2648 600 δε
2708 545 2922 614 λαῖκὸς,
2982 545 3129 604 ἀλλᾶ
3182 549 3529 624 Χριστιανός.
3590 552 3697 609 Καὶ

271 669 398 709 com
409 651 756 723 prehensus,
782 646 1185 704 acerbissimis
1216 643 1533 702 tormentis
1552 639 1921 697 excruciatus

270 747 380 807 est,
410 746 467 796 et
483 739 557 794 ad
589 754 794 795 necem
825 738 1025 809 ﬂagris
1057 736 1430 803 concisus,ut
1458 734 1556 788 vix
1580 729 1920 801 respiraret.

272 829 530 886 Sublatis
562 827 801 882 tandem
824 825 1015 882 oculis
1044 826 1127 881 ita
1157 842 1280 894 eos,
1306 824 1415 905 qui
1466 820 1739 887 aderant,
1772 815 1922 872 allo-

274 924 445 977 cutus
477 922 594 973 est:
626 917 994 989 Consurgite,
1023 921 1082 972 et
1110 918 1298 971 Deum
1329 919 1493 970 orate
1519 928 1532 967 :
1569 925 1705 966 ecce
1761 907 1923 963 enim

270 1008 438 1064 video
486 1007 707 1062 scalam
764 1005 978 1063 cwlum
1032 1005 1445 1078 attingentem,
1478 1006 1537 1058 et
1583 1015 1763 1070 super
1791 1010 1922 1051 eam

267 1098 539 1154 homines
570 1097 947 1169 igneos,mihi
975 1096 1239 1152 dicentes
1268 1111 1280 1149 :
1314 1093 1458 1149 Veni
1491 1089 1827 1151 nobiscum,
1863 1088 1922 1139 et

269 1186 556 1243 ducemus
588 1192 642 1240 te
675 1186 735 1240 in
767 1185 973 1240 urbem
999 1184 1241 1251 lmtitim,
1272 1180 1616 1245 hilaritatis,
1650 1176 1921 1246 lucisque

265 1276 527 1349 plenam.
553 1275 774 1341 Quibus
805 1275 867 1329 in
899 1274 1090 1329 verbis
1122 1273 1474 1344 exspiravit:
1498 1273 1555 1325 et
1573 1271 1780 1322 sancta
1797 1263 1926 1334 qui'

269 1364 402 1421 dem
436 1366 595 1420 illius
627 1365 827 1420 anima
858 1364 919 1418 in
957 1376 1485 1435 supernam,quam
1506 1357 1755 1423 viderat,
1787 1351 1922 1407 civi-

265 1459 449 1512 tatem
479 1454 891 1510 advolavit:at
936 1470 1149 1524 corpus
1207 1451 1268 1506 in
1328 1447 1568 1505 Perside
1624 1442 1928 1500 conditum

269 1549 574 1616 exspectat
590 1542 953 1598 tremendam
967 1548 1043 1609 ,et
1058 1546 1384 1597 extremam
1400 1532 1921 1595 resurrectionem,

160 1654 167 1659 '
268 1633 507 1705 quando
530 1649 650 1687 una
680 1649 816 1688 cum
848 1631 1127 1687 omnibus
1186 1632 1478 1701 resurget,
1512 1630 1572 1681 et
1598 1618 1925 1678 immortali

78 5584 111 5627 ξεν

18 5670 29 5685 ι
60 5638 67 5657 ὅ
84 5650 113 5697 τ’,

84 5720 113 5773 τί

110 5836 113 5853 ί

104 5720 141 5747 η

265 1723 484 1779 Christi
525 1722 627 1777 Dei
657 1722 844 1778 nostri
876 1737 1056 1792 regno
1090 1720 1456 1793 perfruetur.

2030 630 2122 688 διὰ
2171 638 2331 689 τοῦτο
2383 636 2671 698 πιάσαντες
2732 636 2889 692 αὐτὸν
2949 638 3004 692 οἱ
3081 640 3302 713 Πέρσαι,
3362 634 3683 697 ἐϐασάνισαν

2033 719 2295 797 ίσχυρῶς.
2345 723 2446 780 Καὶ
2506 724 2610 780 ἀπὸ
2665 728 2762 780 τοῦ
2818 722 3036 780 πολλοῦ
3085 723 3296 799 δαρμοῦ
3347 726 3576 805 ἐγένετο,
3606 730 3687 794 ὡς

2028 812 2240 885 νεκρὸς,
2302 811 2492 888 ὀλίγον
2551 813 2852 872 ἀναπνέων.
2907 815 3009 871 Καὶ
3067 816 3320 889 κείμενος
3346 814 3532 889 ἤνοιξε
3559 821 3688 884 τοὺς

2033 897 2355 976 ὀφθαλμοὺς
2385 902 2574 972 αὐτοῦ,
2625 903 2715 958 καὶ
2772 906 2890 959 εἷπε
2945 904 3081 978 πρὸς
3114 904 3242 969 τοὺς
3272 909 3686 982 παρατυχόντας

2030 988 2161 1047 ἐκεῖο
2224 991 2517 1068 Ἐγέρθητε
2598 992 2688 1048 καὶ
2775 996 3038 1065 ποιήσατε
3112 996 3247 1071 πρὸς
3302 997 3432 1052 Θεὸν
3490 999 3685 1074 εὐχάς.

2032 1077 2151 1134 ίδοίι
2175 1080 2275 1155 γὰρ
2308 1086 2498 1156 θεωρῶ
2558 1080 2759 1138 σκάλαν
2788 1085 3088 1162 φθάνουσαν
3148 1086 3228 1148 εἷς
3281 1085 3373 1140 τὸν
3436 1086 3692 1162 οὐρανὸν⁹

2028 1169 2118 1225 καὶ
2149 1168 2456 1245 πυροειδεῖς
2508 1170 2591 1226 ἐπ’
2637 1171 2804 1242 αὐτὴν
2857 1171 3050 1249 ἄνδρας
3108 1173 3368 1250 λέγοντας
3412 1196 3528 1249 μοι’
3561 1176 3691 1235 Ἑλ-

2032 1259 2090 1322 θὲ
2150 1260 2267 1331 μεθ’
2316 1261 2502 1332 ἡμῶν,
2563 1260 2651 1315 καὶ
2710 1259 3082 1337 εἶσαγάγωμὶν
3138 1283 3199 1318 σε
3255 1263 3332 1327 εἷς
3390 1263 3554 1320 πόλιν
3599 1286 3696 1322 πε-

2030 1345 2407 1421 πληρωμένην
2456 1354 2632 1424 χαρᾶς
2684 1349 2777 1405 καὶ
2836 1350 3195 1428 εύφοοσύνης,
3227 1354 3317 1408 καὶ
3361 1354 3561 1421 φωτός.
3593 1355 3695 1411 Καὶ

2030 1440 2200 1491 ταῦτα
2250 1435 2442 1506 εῗπὼν,
2518 1436 2816 1509 ἐξεπνευσε·
2893 1440 2984 1495 καὶ
3058 1443 3093 1511 ἡ
3174 1442 3270 1515 μὲν
3345 1442 3471 1518 ἁγία
3532 1443 3699 1500 αὐτοῦ

2033 1528 2187 1603 ψυχὴ
2244 1527 2471 1597 ἀνῆλθεν
2532 1528 2609 1593 εἰς
2661 1531 2761 1599 τῆν
2801 1530 2912 1585 ἅνω
2967 1529 3156 1599 πόλιν,
3201 1532 3379 1596 καθὼς
3410 1533 3687 1597 ἐθεᾶσατο.

2035 1616 2115 1673 Τὸ
2172 1612 2231 1670 δὲ
2288 1613 2544 1692 λείψανον
2603 1618 2768 1675 αὐτοῦ
2815 1621 3128 1677 κατάκειται
3158 1621 3209 1677 ἐν
3244 1621 3489 1699 Περσίδι,
3536 1623 3692 1680 ἐκδε-

2038 1704 2281 1781 χόμενον
2311 1706 2414 1775 τὴν
2466 1702 2699 1784 φοϐερὰν
2749 1708 2837 1764 καὶ
2874 1707 3187 1766 τελευταίαν
3237 1711 3547 1785 ἀναστασιν,
3595 1714 3688 1770 ὅτε

267 1811 356 1866 καὶ
418 1811 548 1866 αὐτὸ
609 1808 799 1883 μέλλει
856 1808 1146 1877 ἀναστῆναι
1211 1806 1345 1881 μετᾶ
1402 1807 1641 1874 πάντων,
1701 1797 1791 1854 καὶ
1842 1791 2150 1850 ἀπολαῦσαι
2198 1799 2301 1865 τῆς
2355 1793 2620 1853 ἀθανάτου
2699 1796 2975 1874 βασιλείας
3048 1805 3288 1877 Χριστοῦ
3367 1806 3466 1857 τοῖ’)
3538 1806 3674 1860 Θεοῦ

270 1902 453 1974 ἡμῶψ

824 2016 1065 2073 EODEM
1095 2016 1240 2070 ΜΕΝ
1249 2015 1350 2072 SE.

908 2132 1011 2189 Die
1043 2131 1306 2188 secunda

274 2259 325 2311 Δ
381 2253 833 2311 Commemoratio
889 2255 1070 2309 sancti
1124 2251 1387 2337 ac._beati
1442 2247 1714 2304 Philareti
1770 2246 1925 2301 Elec-

932 2340 1259 2394 mosynaru.

335 2432 673 2503 Imperante
703 2427 1155 2501 religiosissima
1210 2427 1381 2481 Irene
1427 2422 1643 2479 claruit
1675 2422 1820 2488 iste;
1854 2437 1925 2476 ex

266 2520 510 2593 regione
547 2516 965 2590 Paphlagonia)
1018 2521 1205 2579 ortus,
1238 2513 1452 2586 opibus
1487 2511 1727 2583 quidem
1781 2509 1924 2566 satis

274 2609 513 2680 amplis,
546 2623 693 2677 quas
725 2605 837 2661 sibi
892 2605 1005 2676 ipsi
1063 2602 1391 2660 laborando
1433 2604 1922 2673 comparaverat;

276 2698 379 2756 sed
410 2704 615 2771 postea
641 2696 932 2753 diabolica
960 2695 1183 2752 invidia
1211 2695 1286 2751 ad
1315 2694 1579 2766 inopiam
1626 2691 1920 2761 redactus,

273 2805 396 2845 non
420 2793 619 2843 tamen
642 2787 861 2842 idcirco
892 2786 1286 2857 eleemosynaa
1317 2783 1560 2840 oblitus.
1581 2782 1661 2838 Ex
1682 2797 1801 2837 uno
1819 2797 1925 2836 au-

274 2885 397 2936 tem
421 2878 831 2934 beneficentia)
888 2877 1020 2950 ejus
1056 2875 1329 2948 exemplo
1359 2875 1557 2947 palam
1590 2875 1711 2946 fiet,
1744 2888 1924 2946 quam

275 2967 614 3025 incredibili
639 2967 819 3022 fuerit
838 2968 898 3022 in
910 2983 1202 3040 pauperes
1220 2963 1926 3022 liberalitate.Aberrarat

279 3058 602 3130 aliquando
635 3055 813 3113 vicini
835 3057 925 3113 sui
956 3056 1064 3112 bos
1110 3071 1124 3110 :
1178 3055 1279 3127 qui
1337 3054 1703 3110 Philaretum
1754 3052 1921 3121 adiit,

144 3146 147 3149 ’
214 3178 217 3179 ν
273 3148 622 3219 invenitque
652 3163 785 3203 eum
818 3148 877 3202 in
912 3145 1102 3220 agello
1127 3162 1232 3201 suo
1256 3145 1485 3217 junctis
1511 3144 1621 3200 sub
1643 3145 1788 3217 jugo
1819 3144 1925 3198 bo-

272 3238 386 3295 bus
417 3242 747 3294 sementem
778 3236 1116 3293 facientem.
1148 3238 1222 3290 At
1252 3234 1588 3291 Philaretus
1617 3233 1924 3289 hominem

1946 1999 1997 2066 B

2574 2004 2753 2062 MHNI
2793 2010 2879 2061 ΤΩ
2917 2007 3120 2063 ΛΥΤΩ.

2826 2127 2901 2183 B‘.

2141 2237 2261 2306 Μνή
2272 2257 2347 2310 μη
2378 2240 2475 2292 τοῦ
2504 2236 2664 2312 ἁγίου
2688 2235 2795 2314 Δκαὶ
2839 2238 3120 2314 ,μακαρίου
3151 2237 3462 2314 Φιλαρὲτου
3492 2245 3590 2299 τοῦ

2687 2309 3050 2383 Ἐλεήμονος.

2104 2421 2226 2478 Ἐπί
2285 2427 2386 2491 τῆς
2447 2419 2727 2497 βασιλείας
2786 2422 3024 2498 Εἱρήνης
3098 2430 3198 2494 τῆς
3299 2419 3691 2499 εύσεϐεστάτης

2029 2504 2242 2586 γέγονεν
2275 2509 2458 2581 οὗτος,
2505 2511 2613 2567 ἀπὸ
2665 2515 2765 2578 τῆς
2812 2513 3001 2588 χώρας
3062 2512 3470 2592 Παφλαγονίας.
3504 2516 3689 2573 Πλού-

2032 2619 2148 2661 σιος
2180 2595 2237 2653 δὶ
2266 2593 2341 2652 ὥν
2370 2597 2429 2654 ἐκ
2455 2603 2554 2656 τοῦ
2608 2603 2856 2673 καμᾶτου
2909 2599 3095 2670 αὐτοῦ,
3127 2602 3233 2658 ὐπὸ
3263 2604 3465 2680 φθόνου
3496 2600 3689 2662 διαϐο-

2033 2688 2193 2743 λικοῦ
2222 2687 2537 2765 ἕπτώχευσε
2596 2691 2712 2763 μὶν·
2770 2697 2872 2762 τῆς
2930 2689 2988 2747 δὲ
3044 2691 3424 2766 ὲλεημςσύνης
3473 2693 3572 2750 οὐκ
3599 2694 3694 2751 ἐπ’

2032 2775 2276 2835 ελάθετο.
2355 2779 2490 2835 Ἀπὸ
2566 2779 2685 2844 ἐνὸς
2761 2777 2819 2836 δὲ
2891 2783 3239 2858 πράγματος,
3305 2782 3337 2839 6'
3408 2783 3683 2857 ἐποίησεν,

2032 2863 2274 2941 δείξομεν
2332 2867 2494 2923 αὐτὸν
2545 2869 2623 2932 εἱς
2678 2871 2853 2925 πάντα
2912 2869 3215 2946 ἐλεήμονα⁸
3255 2874 3526 2951 ’Λπὲτυχὲ
3555 2896 3697 2933 ποτε

2029 2963 2129 3015 τοῦ
2175 2959 2416 3035 γείτονος
2465 2963 2631 3018 αὐτοῦ
2682 2963 2711 3018 6
2763 2964 2915 3039 βοῦς,
2967 2964 3056 3020 καὶ
3103 2966 3321 3036 ἀπῆλθε
3358 2988 3500 3042 προς
3531 2967 3691 3024 αὐτὸν

2032 3048 2061 3104 6
2110 3047 2329 3124 γείτων,
2373 3050 2459 3105 καὶ
2511 3050 2660 3127 εὗρεν
2714 3051 2875 3107 αὐτὸν
2923 3051 2998 3116 sic
3059 3055 3121 3110 τὸ
3174 3057 3458 3135 χωράφιον
3517 3054 3689 3112 αὖτοῦ

2030 3135 2321 3214 σπαίροντα
2368 3140 2503 3213 μετᾶ
2549 3145 2647 3196 τοῦ
2708 3142 2994 3217 ζευγαρίου
3043 3142 3225 3199 αὐτοῦ’
3274 3146 3364 3201 καὶ
3415 3143 3550 3201 1ἰδὼν
3602 3146 3695 3204 αὖ·

2032 3227 2122 3282 νὸν
2175 3225 2544 3303 λυπούμενον,
2602 3228 2764 3286 ἔλυσε
2814 3232 2878 3287 τὸ
2949 3228 3002 3287 ἓν
3059 3232 3292 3307 βοίδιον,
3346 3236 3436 3291 καὶ
3493 3230 3691 3293 ἔδωκεν

269 3343 523 3385 mcerore
553 3325 887 3382 confectum
944 3324 1172 3393 videns,
1231 3323 1423 3380 soluto
1479 3323 1653 3395 eique
1702 3321 1917 3378 tradito

2036 3314 2205 3388 αὐτῷ.
2256 3317 2352 3374 Καὶ
2395 3316 2557 3383 αὐτὸς
2616 3318 2852 3395 ὑπερϐὰς
2899 3320 2992 3376 τὸν
3040 3323 3196 3397 ζυγὸν
3243 3325 3380 3397 μετά
3422 3329 3520 3379 τοῦ
3573 3326 3690 3389 ὶνὸς

102 3444 105 3445 ν
152 3464 157 3467 .
268 3417 455 3475 altero
486 3416 654 3479 bove.
687 3415 814 3489 ipse
837 3414 1051 3489 jugum
1108 3431 1244 3471 cum
1303 3414 1492 3469 altero
1526 3412 1789 3482 subiens,
1813 3412 1915 3467 do-

168 3506 171 3509 “
269 3523 434 3563 mum
466 3506 663 3562 rediit.
696 3507 883 3572 Quam
914 3505 1192 3560 virtutem
1226 3505 1382 3559 Deus
1409 3506 1921 3569 remuneraturus,

160 3602 171 3609 '
244 3595 485 3675 .eﬂ'ecit,
516 3600 583 3650 ut
612 3595 957 3668 imperatrix
1022 3593 1266 3649 Mariam
1316 3591 1481 3647 illius
1529 3591 1716 3647 ﬁliam
1782 3592 1926 3646 Con-

270 3685 534 3742 stantino
568 3683 691 3739 ﬁlio
721 3699 828 3739 suo
860 3683 923 3738 in
957 3681 1406 3738 matrimonium
1434 3679 1771 3736 collocaret.
1798 3680 1922 3745 Quo

266 3772 490 3829 factum
522 3777 631 3839 est,
654 3777 721 3827 ut
750 3772 879 3844 ejus
900 3770 1131 3827 familia
1160 3771 1347 3827 ditata
1396 3769 1596 3825 fuerit.
1634 3770 1764 3841 Ipse
1785 3785 1921 3825 vero

269 3862 623 3936 propensior
651 3861 713 3916 in
728 3876 1020 3933 pauperes
1043 3860 1316 3920 factus.et
1339 3875 1528 3932 usque
1547 3857 1622 3915 ad
1643 3864 1921 3914 senectu-

268 3955 391 4007 tem
420 3949 662 4017 ﬂorens,
695 3948 866 4019 obiit,
924 3954 986 4006 et
1035 3948 1097 4004 in
1154 3948 1389 4005 Criseos
1446 3948 1808 4005 monasterio
1835 3964 1924 4005 se-

210 4104 223 4109 -
268 4039 475 4113 pultas
507 4043 618 4097 est.

930 4155 1153 4212 Eodem
1184 4155 1283 4212 die

350 4336 355 4339 .
390 4278 454 4353 Δὅ
488 4276 940 4332 Commemoratio
967 4276 1146 4332 sancti
1189 4275 1472 4346 prophetae
1494 4275 1773 4331 Habacuc.

339 4392 455 4449 Iste
479 4408 549 4448 ex
577 4390 737 4448 tribu
794 4391 1034 4447 Simeon
1062 4389 1176 4446 fuit
1229 4389 1305 4445 de
1363 4390 1602 4462 regione
1651 4388 1912 4448 Judaaaa:

130 4492 163 4541 '_
265 4481 640 4555 prophetavit
660 4484 857 4537 autem
889 4480 962 4535 de
976 4478 1718 4552 captivitate,eteversione
1748 4481 1918 4536 Jeru-

164 4602 167 4605 -
200 4626 205 4629 λ
269 4570 456 4627 salem
489 4570 872 4626 Hebraeorum
901 4569 1089 4634 urbis,
1122 4569 1315 4642 deque
1346 4568 1506 4625 caede
1523 4585 1591 4625 ac
1635 4569 1914 4626 servitute

2030 4568 2118 4633 τῆς
2167 4561 2550 4638 αἰχμαλωσία,
2628 4565 2719 4619 καί
2803 4571 3185 4641 καταστροφῆς
3249 4572 3349 4637 τῆς
3403 4567 3673 4644 Ἰερουσα-

154 4658 159 4661 ’
196 4654 243 4699 -’“
268 4658 646 4732 populi.Cum
675 4675 811 4714 vero
858 4658 1403 4715 Nabuchodonosor
1466 4660 1781 4715 Persarum
1811 4676 1914 4716 rex

192 4748 193 4751 “
270 4752 478 4804 contra
504 4746 831 4803 Jerusalem
853 4747 1213 4815 venisset,ad
1245 4754 1475 4803 exteras
1507 4753 1692 4803 terras
1721 4746 1909 4821 fugit;

162 4866 165 4871 -
216 4846 219 4849 '
266 4842 329 4895 et
348 4835 529 4893 simul
556 4850 625 4891 ac
670 4837 864 4892 Persae
894 4852 1216 4905 recessere,
1258 4840 1317 4891 et
1365 4836 1465 4908 qui
1498 4840 1912 4893 remanserant

164 4922 183 4973 ί
265 4924 450 4983 ιιιάωὶ
483 4925 544 4981 in
578 4927 883 4998 .Egyptum
907 4925 1367 4992 descenderunt,
1398 4924 1577 4981 rediit
1606 4930 1665 4981 et
1692 4924 1819 4997 ipse
1849 4924 1910 4980 in

226 5080 229 5081 ν
266 5018 487 5071 terram
511 5029 698 5081 suam,
748 5019 808 5070 et
854 5014 1220 5071 messoribus
1267 5013 1443 5087 agelli
1490 5013 1911 5071 ministrabat:

188 5102 193 5111 ’
268 5102 485 5177 quibus
514 5119 649 5161 cum
673 5102 993 5177 aliquando
1024 5103 1341 5177 prandium
1364 5101 1915 5169 atTerret,domesti-

200 5244 225 5251 ρ
266 5192 354 5251 cis
373 5190 498 5263 suis
527 5194 607 5251 ait
641 5210 655 5250 :
687 5195 805 5267 Ego
834 5194 1078 5267 longum
1140 5193 1274 5249 ineo
1318 5193 1474 5250 iter:
1506 5192 1555 5248 si
1613 5208 1749 5248 vero
1772 5191 1912 5247 lon-

194 5270 225 5287 ”’
264 5281 494 5358 giorem
541 5300 771 5340 moram
824 5287 1078 5349 traxero,
1129 5280 1494 5337 messoribus
1558 5296 1658 5336 vos
1715 5279 1913 5336 cibum

108 5398 129 5441 τι
166 5374 169 5377 ’
220 5374 223 5385 ’
264 5364 512 5431 deferte.
547 5374 648 5430 His
678 5372 853 5428 dictis
884 5371 957 5427 ab
978 5370 1190 5441 angelo
1244 5369 1604 5442 Babylonem
1644 5368 1914 5425 sublatus

266 5467 377 5531 est,
404 5480 538 5537 quae
569 5462 776 5519 aberat
804 5460 971 5517 mille
1003 5476 1287 5532 passuum
1345 5458 1438 5514 bis
1485 5464 1724 5515 centum
1756 5476 1918 5516 sexa-

236 5552 432 5626 ,-ginta
460 5553 761 5623 quinque:
798 5549 1080 5620 deditque
1111 5548 1308 5604 cibum
1352 5547 1581 5604 Danieli
1612 5549 1914 5622 prophetae

264 5643 331 5699 in
352 5642 486 5699 lacu
518 5638 750 5697 incluso
778 5656 795 5695 :
820 5643 877 5694 et
912 5654 1117 5694 rursus
1165 5637 1408 5694 domum
1469 5637 1726 5707 delatus,
1764 5639 1913 5696 alte-

84 5727 177 5819 :5‘1}
200 5744 400 5819 (crtum
430 5728 796 5803 messoribus
824 5727 1142 5801 prandium
1164 5727 1379 5803 attulit,
1414 5745 1477 5785 re
1506 5730 1732 5787 nemini
1762 5728 1913 5787 indi-

210 5866 253 5881 κε’
352 5876 369 5889 κ

266 5924 325 5941 2-

258 5936 389 6063 εἷς

332 5984 389 6005 ..δὴ

340 6010 357 6021 .

332 5984 393 6005 (δῆ

340 6010 379 6021 οι
422 6012 435 6021 ο

422 6092 427 6101 .

402 6108 411 6121 μ

444 6126 461 6139 φ
478 6128 481 6131 ,

316 6124 495 6187 -Εεί

482 6164 503 6173 μ

486 6178 503 6187 -

486 6178 537 6187 ..ν-μ

2035 3403 2276 3482 βοϊδίου,
2330 3407 2573 3479 ἀπῆλθεν
2626 3408 2701 3471 εἷς
2748 3410 2841 3465 τὸν
2896 3412 3047 3466 οἷκον
3107 3411 3295 3470 αὐτοῦ.
3354 3411 3505 3471 Ἰδὼν
3561 3411 3618 3470 δι
3665 3414 3694 3470 6

2030 3494 2161 3559 θεὸς
2213 3497 2313 3565 τὴν
2369 3496 2567 3573 ἀρετὴν
2647 3497 2836 3567 αὐτοῦ,
2898 3498 3121 3571 ἐποίησε
3176 3502 3276 3570 τήν
3342 3501 3682 3576 βασίλισσαν,

2026 3586 2119 3642 καὶ
2177 3585 2348 3661 ἐπῆρε
2400 3587 2500 3657 τὴν
2563 3586 2789 3663 ἑκγόνην
2848 3587 3013 3645 αὐτοῦ
3065 3591 3278 3667 Μαρίαν
3336 3589 3552 3670 νύμφην
3609 3591 3688 3656 είς

2026 3676 2118 3732 τὸν
2177 3676 2293 3732 υἱὸν
2350 3674 2519 3746 αὐτῆς
2574 3683 2999 3739 Κωνσταντῖνον.
3057 3680 3155 3736 Καὶ
3187 3681 3295 3737 ἀπὸ
3323 3681 3449 3737 τότε
3482 3680 3685 3739 ἐπλού-

2025 3785 2185 3837 τησεν
2214 3767 2249 3835 ἡ
2279 3764 2431 3842 γενεὰ
2459 3764 2644 3823 αὐτοῦ.
2693 3767 2872 3831 Αὐτὸς
2923 3766 2982 3825 δὶ
3029 3767 3196 3825 ἐλεῶν
3240 3791 3370 3835 τους
3398 3771 3684 3849 πτωχοὺς,

2024 3853 2117 3909 καὶ
2173 3852 2408 3930 ῥογεύων
2472 3854 2639 3930 μέχρι
2690 3859 2898 3931 γήρως,
2954 3855 3200 3930 ἀπέθανε,
3259 3860 3353 3915 καὶ
3418 3859 3570 3932 ἑτὲθη
3627 3859 3685 3916 ἓν

2023 3945 2094 4017 τῇ
2129 3946 2275 4018 μονῇ
2303 3946 2404 4009 τῆς
2436 3943 2696 4018 Κρίσεως.

2612 4156 2692 4227 τῇ
2731 4152 2868 4229 αὐτῇ
2897 4154 3098 4230 ἡμέρᾳ.

2234 4266 2354 4336 Μνή
2368 4286 2441 4338 μη
2477 4270 2575 4321 τοῦ
2601 4265 2755 4341 ἁγίου
2793 4269 3085 4345 προφήτου
3118 4263 3463 4344 Ἀμϐακουμ.

2092 4379 2195 4438 Καὶ
2253 4381 2414 4445 οὗτος
2470 4381 2529 4438 ἐκ
2597 4385 2696 4455 τῆς
2751 4388 2935 4460 γενεᾶς
2989 4388 3087 4440 τοῦ
3143 4386 3377 4459 Συμεὼά
3432 4387 3688 4465 γὲγονεν,

2019 4472 2127 4530 ἀπὸ
2153 4479 2254 4545 τῆς
2288 4473 2475 4550 χώρας
2524 4478 2633 4530 τῶν
2691 4472 2989 4533 Ἰουδαίων.
3049 4477 3432 4553 ῙῙροεφήτευσε
3462 4474 3519 4534 δὲ
3549 4493 3675 4555 περὶ

2018 4652 2162 4727 λὴμ,
2218 4648 2437 4717 πόλεως
2491 4658 2601 4710 τῶν
2657 4651 2948 4728 Ἑϐραίων,
3008 4654 3097 4711 καὶ
3148 4662 3248 4725 τῆς
3306 4664 3538 4734 σφαγῆς,
3581 4656 3673 4713 καὶ

2018 4739 2267 4804 δουλείας
2295 4746 2394 4797 τοῦ
2426 4741 2582 4802 λαοῦ.
2632 4745 2761 4801 Ὅτε
2811 4741 2870 4799 δὶ
2917 4738 3432 4821 Ναϐουχοδονοσορ,
3464 4747 3492 4802 6
3526 4747 3677 4823 βασι-

2025 4828 2153 4893 λεὺς
2201 4834 2308 4886 τῶν
2387 4832 2608 4907 Περσῶν
2686 4831 2827 4902 ἦλθε
2906 4832 3043 4889 κατᾶ
3122 4840 3223 4904 τῆς
3286 4833 3676 4910 Ἰερουσαλὴμ,

2021 4914 2181 4996 ἔφυγε
2210 4919 2297 4974 καὶ
2348 4918 2592 4990 ἀπῆλθεν
2649 4919 2727 4985 εἰς
2781 4921 2931 4994 ξένην
2979 4928 3108 4997 γῆν.
3165 4927 3252 4987 Ὦς
3310 4920 3369 4979 δὶ
3425 4924 3680 5002 ὑπέστρε-

2020 5011 2126 5082 ψαν
2168 5008 2221 5063 οἱ
2280 5009 2504 5085 Πέρσαι,
2556 5010 2647 5064 καὶ
2706 5011 2758 5065 oi
2819 5010 3206 5085 ἀπομείναντες
3262 5009 3519 5069 Ἰουδαῖοι
3548 5032 3678 5070 κατ-

2022 5089 2220 5167 ἔϐησαν
2278 5096 2356 5160 εἰς
2410 5095 2714 5174 Αἴγυπτον,
2773 5096 2915 5169 ἦλθε
2963 5100 3054 5155 καὶ
3111 5101 3273 5165 αὐτὸς
3335 5100 3411 5166 είς
3436 5102 3536 5172 τήν
3568 5108 3675 5179 γῆν

2022 5184 2206 5270 αὐτού·
2280 5186 2370 5241 καὶ
2462 5182 2717 5243 ἐδούλευε
2816 5188 3086 5259 θερισταῖς
3156 5193 3254 5246 τοῦ
3357 5193 3672 5270 χωραφίου.

2020 5268 2226 5332 Ἐλαόε
2273 5272 2331 5330 δὶ
2375 5277 2439 5332 τὸ
2483 5273 2696 5351 ἄριστον
2757 5277 3053 5354 ἀπαγαγεῖν
3102 5283 3222 5343 τοῖς
3266 5268 3558 5357 θερισταῖς,
3582 5281 3676 5338 καὶ

2021 5366 2140 5420 εἷπε
2194 5369 2313 5425 τοῖς
2378 5361 2544 5428 ίδίοις
2600 5365 2787 5421 αὐτοῦ’
2851 5366 2994 5443 Ἐγὼ
3043 5367 3236 5444 ὑπάγω
3294 5369 3527 5443 μακράν·
3587 5369 3677 5426 καὶ

2022 5452 2111 5510 ἐὰν
2193 5452 2465 5530 βραδύνω,
2541 5454 2811 5529 κομίσατε
2884 5458 3094 5535 τροφὴν
3180 5462 3297 5522 τοῖς
3383 5460 3678 5534 θερισταῖς.

2022 5547 2201 5601 Ταῦτα
2249 5543 2437 5616 εἰπὼν,
2491 5545 2596 5601 ὑπὸ
2638 5544 2876 5623 ἀγγέλου
2943 5545 3185 5618 ἀπῆλθεν
3232 5545 3308 5609 είς
3354 5542 3672 5623 Βαϐυλῶνα,

2027 5632 2184 5708 μίλια
2241 5631 2490 5691 διακόσια
2546 5634 2986 5707 ὲξηκονταπὲντε,
3039 5635 3131 5692 καὶ
3182 5632 3353 5692 ἔδωκε
3403 5638 3504 5708 τὴν
3549 5658 3681 5715 τρο-

2024 5726 2130 5805 φὴν
2205 5730 2286 5802 τῷ
2353 5729 2610 5808 προφήτῃ
2687 5725 2916 5804 Δανιὴλ,
2990 5725 3426 5806 ἐγκεκλεισμᾶνῳ
3486 5727 3541 5787 ἐν
3598 5734 3680 5805 τῷ
