4074 6192
242 377 359 442 189

1706 375 2152 439 DECEMBER.
2172 384 2187 389 “

3529 366 3651 431 190

236 509 443 583 λάκκῳ,
479 509 575 564 Καὶ
606 506 775 566 πάλιν
804 503 1020 586 ἔφθασε,
1060 509 1151 565 καὶ
1205 510 1507 584 ἀπεκόμισε
1560 513 1680 571 τοῖς
1740 520 1879 581 θερι-

1998 531 2147 584 cata.
2173 528 2317 585 Cum
2351 545 2482 585 vero
2511 532 2570 583 et
2621 525 2739 582 alia
2790 524 2978 581 multa
3023 522 3421 596 praedixisset,
3483 521 3645 577 diem

242 605 387 662 σταῖς
411 596 599 676 ἕτερον
630 600 873 675 ἄριστον,
908 596 1101 672 μηδενὶ
1158 599 1327 655 εἱπὼν
1375 600 1437 655 τὸ
1466 598 1712 677 γεγονός.
1747 603 1894 674 Προ-

241 690 507 769 σητεύσας
537 686 596 746 δὲ
624 690 714 745 καὶ
742 687 904 764 ἕτερα
931 688 1141 763 πολλὰ,
1163 689 1484 762 ἐτελεύτησε
1508 691 1598 747 καὶ
1628 689 1820 768 ἐτάφη.

820 799 907 870 Τῇ
935 797 1070 872 αὖτῇ
1103 794 1306 873 ἡμέρᾳ.

451 903 728 975 ’Ἄθλησις
756 909 854 960 τοῦ
885 903 1047 980 άγίου
1107 904 1380 980 μάρτυρος
1426 900 1678 964 Ἀϐίϐου.

312 1013 437 1071 Ἐπὶ
467 1020 568 1082 τῆς
604 1009 887 1088 βασιλείας
934 1011 1219 1067 Λικιννίου
1284 1016 1379 1067 τοῦ
1441 1010 1729 1088 βασιλέως,
1792 1013 1893 1068 ὑπ-

244 1112 412 1179 ῆρχεν
446 1101 607 1164 οὗτος
639 1098 1010 1169 διάκονος,καὶ
1042 1098 1369 1164 διδάσκαλος
1399 1108 1500 1172 τῆς
1527 1106 1625 1157 τοῦ
1657 1105 1895 1177 Χριστοῦ

245 1190 599 1263 ἐκχλησίας,
640 1187 909 1246 διδάσκων
967 1190 1171 1252 πάντας
1226 1189 1355 1253 τοὺς
1411 1187 1893 1267 προσερχομένους

248 1281 390 1354 αύτῷ
419 1282 511 1335 τὸν
547 1279 716 1354 λόγον
743 1286 844 1349 τῆς
877 1277 1156 1350 ἀληθείας.
1212 1282 1383 1335 Τοῦτο
1442 1279 1630 1353 μαθὼν
1664 1280 1694 1335 6
1729 1280 1893 1356 βασι-

246 1369 366 1434 λεὺς
417 1369 513 1425 καὶ
572 1367 870 1444 ὀργισθεὶς,
926 1367 1275 1439 ἀποστείλας,
1355 1367 1648 1444 ἐκράτησεν
1707 1368 1892 1437 αὐτὸν,

244 1460 331 1515 καὶ
372 1453 711 1514 ἐϐασάνισεν.
775 1456 910 1516 Εἶτα
964 1458 1169 1531 ἀνάψεις
1221 1457 1453 1533 κάμινον
1514 1458 1784 1535 μεγάλην,
1840 1455 1892 1513 ἐν

246 1548 378 1617 αὐτῇ
403 1543 678 1604 ἐνέϐαλεν.
709 1547 795 1604 Ἐν
891 1546 981 1602 καὶ
1023 1546 1253 1621 ψάλλων
1312 1546 1404 1603 καὶ
1467 1548 1808 1625 εὐχαριστῶν
1864 1565 1894 1620 δ

245 1628 417 1713 ἅγιος,
445 1638 505 1691 τὸ
543 1634 707 1698 τέλος
737 1632 976 1706 ἐδὲξατο.
1001 1637 1097 1690 "Ov
1152 1637 1206 1691 οἱ
1234 1637 1550 1712 Χριστιανοὶ
1579 1636 1758 1714 κρύφα
1789 1636 1893 1693 λα-

246 1722 446 1797 ϐόντες,
473 1726 565 1781 καὶ
601 1725 740 1798 μετὰ
772 1724 959 1801 μύρων
990 1725 1082 1780 καὶ
1131 1726 1493 1799 Θυμιαμάτων
1552 1724 1894 1803 ἀλείψαντες,

245 1815 297 1873 ἄν
327 1815 571 1889 ψαλμοῖς
599 1816 691 1870 καὶ
721 1815 938 1889 ὕμνοις,
969 1815 1061 1871 καὶ
1117 1812 1289 1889 ᾠδαῖς
1341 1819 1732 1891 πνεῦματικαῖς
1762 1838 1892 1873 κατ-

248 1906 461 1976 εθηκαν,
494 1905 633 1978 μετὰ
665 1909 775 1960 τῶν
806 1903 978 1981 ἁγίων
1028 1902 1397 1981 ὁμολογητῶν
1428 1907 1630 1983 Γουρία
1666 1905 1759 1962 καὶ
1790 1913 1892 1962 Σα-

246 2000 412 2069 μωνᾶ,
465 1998 579 2050 τῶν
636 1995 732 2050 τὸν
792 1998 976 2068 θαῦμα
1030 1995 1381 2065 ποιησάντων
1406 2001 1509 2066 τῆς
1565 1996 1761 2072 κόρης,
1818 1995 1884 2066 ἢν

245 2085 490 2146 δΓότθος
519 2084 825 2155 ἀπατήσας,
876 2083 967 2138 καὶ
1013 2085 1302 2157 πλανήσας
1359 2082 1431 2140 δι’
1495 2086 1675 2161 ὅρκων
1735 2084 1883 2163 ἔχειν

245 2179 481 2248 γυναῖκα,
511 2172 785 2243 πεποίηκε
842 2169 1071 2245 δούλην,
1133 2174 1248 2230 εἶτα
1304 2176 1396 2230 καὶ
1453 2173 1506 2238 ἐς
1563 2176 1730 2251 τάφον
1786 2180 1888 2245 ζῶ-

249 2282 335 2316 σαν
364 2256 634 2318 ἐνέϐαλεν·
667 2259 799 2317 ἀλλ’
856 2261 1009 2317 οὗτοι
1058 2263 1112 2317 οἱ
1168 2262 1338 2339 ἅγιοι,
1398 2261 1585 2334 ἐπειδὴ
1643 2264 1887 2343 ἢντιφώ-

2003 615 2169 685 obiit,
2199 623 2257 672 et
2287 618 2556 691 sepultus
2583 621 2693 673 est.

2641 796 2861 852 Eodem
2910 795 3004 850 die

2285 910 2333 964 θ
2364 907 2649 964 Certamen
2684 906 2859 960 sancti
2884 906 3144 973 martyris
3170 902 3357 958 Abibi.

2072 1015 2296 1073 Licinio
2327 1014 2685 1087 imperatore
2707 1012 2819 1067 fuit
2840 1013 2949 1067 iste
2972 1011 3278 1077 diaconus,
3309 1009 3645 1081 Christique

2000 1106 2280 1163 Ecclesiae
2300 1103 2506 1159 doctor
2531 1120 2544 1156 :
2570 1103 2671 1174 qui
2693 1118 2827 1156 cum
2849 1116 3057 1156 omnes
3073 1099 3147 1155 ad
3194 1116 3256 1154 se
3295 1098 3646 1154 accedentes

1999 1195 2175 1251 verbo
2198 1193 2461 1249 veritatis
2485 1193 2829 1259 instrueret,
2855 1189 2929 1245 ad
2948 1189 3366 1260 imperatorem
3391 1186 3645 1256 delatus,

2001 1285 2252 1357 ejusque
2264 1283 2439 1355 jussu
2456 1278 3058 1350 retentus,suppliciis
3078 1276 3645 1348 subjicitur.Deinde

2002 1376 2064 1431 in
2086 1390 2362 1447 magnam
2402 1372 2704 1427 fornacem
2739 1369 3047 1424 ardentem
3069 1367 3346 1439 injectus,
3383 1366 3465 1421 ibi
3487 1365 3646 1437 psal-

2000 1465 2155 1533 lens,
2188 1471 2247 1519 et
2267 1462 2486 1535 gratias
2536 1465 2655 1516 Deo
2704 1476 2903 1532 agens,
2949 1457 3129 1512 ﬁnem
3165 1456 3425 1526 accepit:
3470 1471 3646 1525 quem

2000 1553 2205 1610 furtim
2233 1550 2553 1608 Christiani
2587 1550 2909 1615 sublatum,
2940 1546 3383 1617 unguentisque
3415 1561 3483 1599 ac
3514 1544 3647 1614 thy-

2002 1642 2302 1701 miamatis
2334 1639 2687 1706 delibutum,
2747 1654 2882 1693 cum
2948 1635 3215 1708 psalmis,
3276 1633 3541 1706 hymnis,
3594 1637 3653 1687 et

2000 1731 2249 1790 canticis
2281 1728 2691 1802 spiritualibus
2723 1727 3089 1799 sepelierunt
3113 1741 3249 1780 cum
3268 1722 3488 1779 sanctis
3501 1738 3647 1777 con-

2001 1820 2328 1878 fessoribus
2360 1819 2536 1875 Guria
2557 1823 2616 1874 et
2644 1819 2922 1881 Samona,
2954 1832 3022 1870 eo
3063 1812 3353 1869 miraculo
3385 1810 3644 1884 insigni-

2000 1910 2133 1981 bus,
2166 1906 2325 1981 quod
2356 1907 2579 1980 puella,
2611 1907 2706 1963 cui
2756 1906 3004 1963 Gotthus
3052 1903 3294 1974 quidam
3324 1902 3529 1974 jurata
3583 1900 3645 1954 in

1997 1997 2221 2071 templo
2253 1996 2597 2053 eorumdem
2655 2001 2996 2051 sanctorum
3050 1992 3167 2048 fide
3216 2007 3353 2047 suas
3405 1990 3647 2061 nuptias

1997 2086 2417 2163 epaponderat,
2451 2103 2587 2142 mox
2618 2085 2925 2158 deceptam
2948 2089 3005 2139 et
3034 2084 3097 2138 in
3150 2081 3492 2137 servitutem
3548 2096 3647 2135 re-

1996 2178 2253 2244 dactam,
2284 2176 2473 2231 vivam
2498 2175 2744 2247 insuper
2772 2174 2835 2230 in
2866 2173 3205 2246 sepulcrum
3234 2171 3541 2243 injecerat,
3611 2183 3647 2225 a

1993 2271 2185 2324 morte
2205 2269 2533 2321 servarunt.

244 2372 397 2422 νησαν
430 2352 602 2421 αὐτὴν
632 2351 728 2424 (εἷς
756 2351 857 2427 γάρ
886 2353 977 2407 τὸν
1005 2353 1128 2407 ναὸν
1158 2351 1330 2408 αὐτῶν
1364 2353 1576 2427 ὤμοσεν
1601 2356 1630 2410 6
1661 2357 1886 2428 Γότθος,
1914 2355 2005 2412 καὶ
2036 2353 2211 2418 οὕτως
2242 2348 2406 2410 ἔλαϐε
2428 2354 2528 2422 τὴν
2588 2350 2806 2427 κόρην),
2866 2350 3245 2426 ἑλυτρώσαντο
3297 2347 3468 2416 αὐτὴν
3526 2349 3629 2402 τοῦ

251 2442 370 2505 θανά
378 2462 480 2499 του.

776 2532 954 2589 Man
1000 2534 1094 2612 Τῼ
1130 2537 1325 2613 me.

352 2737 611 2808 ’Δθλησις
633 2739 733 2792 τοῦ
772 2735 932 2813 ἁγίου
966 2653 1454 2815 μεγΙάλομᾶρτυρος
1486 2737 1772 2819 Θεοδώρου

671 2841 972 2900 ἐπισκόπου
1001 2843 1431 2921 Ἀλεξανδρείας.

320 2978 379 3036 0i
407 2977 456 3032 ἐν
513 2975 889 3051 Ἀλεξανδρείᾳ
941 2986 1041 3049 τῆς
1100 2980 1378 3057 Αἰγύπτου
1430 2981 1728 3059 ἅνθρωποι,
1787 2986 1877 3041 καὶ

2554 2534 2793 2590 EODEM
2828 2533 2971 2587 ΜΕΝ
2980 2533 3080 2587 SE.

2669 2668 2773 2723 Die
2800 2669 2974 2724 tertia

2005 2804 2044 2858 7
2072 2803 2353 2859 Certamen
2373 2804 2551 2859 sancti
2575 2805 2765 2871 magni
2796 2804 3057 2872 martyris
3084 2802 3377 2871 Theodori,
3401 2805 3643 2874 episcopi

2624 2874 3021 2930 Alexandrini.

2064 3007 2436 3065 Alexandriae
2468 3009 2695 3081 Egypti
2726 3008 3004 3079 populus,
3033 3013 3092 3063 et
3126 3009 3423 3082 praecipue
3454 3011 3637 3067 Graeci

254 3066 471 3138 μάλιστα
500 3067 553 3122 οἱ
581 3066 882 3137 Ἶζλληνες,
913 3067 1023 3138 καὶ,
1071 3068 1315 3141 ἄπιστοι,
1371 3072 1558 3146 πικροὶ
1614 3073 1703 3129 καὶ
1759 3072 1879 3130 δύσ-

1995 3113 2059 3152 ac
2080 3096 2664 3163 inﬁdeles,adversus
2687 3102 2924 3152 sanctos
2947 3098 3081 3153 saevi
3098 3099 3637 3158 etcrudelesfuere.

248 3152 394 3211 κολοι
433 3158 524 3212 καὶ
582 3155 729 3229 ὠμοὶ
790 3157 1027 3232 ἐγένοντο
1084 3158 1160 3223 εἰς
1205 3161 1331 3224 τοὺς
1382 3162 1591 3239 ἁγίους,
1649 3165 1735 3219 καὶ
1794 3162 1882 3221 διὰ

244 3249 397 3301 τοῦτο
444 3246 534 3301 καὶ
593 3245 847 3310 πολλοὺς
904 3245 1181 3324 μάρτυρας
1233 3249 1644 3327 ἀπειργάσαντο.
1686 3253 1773 3325 Ἐξ
1805 3256 1878 3309 ὧν

248 3332 401 3410 ἁγίων
430 3334 722 3409 μαρτύρων
775 3334 987 3411 ἐγένετο
1016 3336 1107 3392 καὶ
1164 3337 1324 3404 οὗτος
1381 3341 1410 3394 6
1467 3341 1619 3416 ἅγιος
1672 3340 1878 3399 Θεόδω-

245 3441 353 3495 ρος.
383 3424 664 3488 Μαθόντες
731 3425 836 3499 γὰρ
895 3425 926 3479 6'
981 3428 1087 3480 τῶν
1150 3425 1550 3505 Ἀλεξανδρέων
1605 3429 1760 3504 λαὸς,
1792 3431 1877 3489 ὅτι

240 3511 384 3574 οὗτος
414 3514 442 3568 6
472 3515 629 3587 ἅγιος
659 3511 943 3590 Θεόδωρος
1000 3514 1268 3593 ὁμολογεῖ
1319 3518 1414 3574 τὸν
1474 3520 1729 3595 Χριστὸν,
1787 3522 1877 3577 καί

236 3600 460 3656 πιστεύει
493 3601 574 3663 είς
606 3601 794 3673 αὐτὸν,
823 3601 913 3658 καὶ
946 3600 1186 3660 διδάσκει
1241 3604 1371 3669 τοὺς
1422 3607 1699 3679 Ἕλληνας
1729 3604 1877 3686 ἔχειν

238 3689 395 3746 αὐτὸν
426 3690 581 3761 Θεὸν,
642 3693 777 3766 μετά
832 3692 1056 3768 πικρίας
1119 3693 1454 3771 συνέδραμον
1503 3699 1639 3774 πρὸς
1691 3699 1874 3757 αὐτόν’

233 3778 324 3833 καὶ
403 3781 697 3843 πιάσαντες
765 3781 948 3853 αὐτὸν,
1002 3787 1219 3858 πρῶτον
1311 3785 1406 3858 μὲν
1463 3786 1877 3864 ἐτιμωρήσαντο

234 3865 500 3944 ἰσχυρῶς.
533 3869 759 3927 Ἔπειτα
811 3869 1099 3942 πλέξαντες
1159 3872 1414 3952 στίφανον
1501 3876 1553 3951 ἐξ
1609 3877 1876 3951 ἀκανθῶν,

231 3954 607 4035 ἔστειράνωσαν
638 3958 825 4015 αὐτόν·
875 3960 966 4015 καὶ
996 3958 1224 4018 ἔτυπτον
1255 3963 1332 4026 είς
1385 3964 1513 4028 τοὺς
1554 3964 1876 4044 ὀφθαλμοὺς

227 4046 416 4120 αὐτοῦ,
475 4051 570 4104 καὶ
630 4047 911 4126 διεγελᾶτο
965 4051 1058 4107 καὶ
1117 4053 1446 4126 ἐνεπαίζετο.
1502 4058 1635 4116 Εἶτα
1704 4057 1877 4125 δεθεὶς

226 4132 419 4215 ἰῤῥίφη
446 4136 501 4193 ἔν
529 4142 602 4213 τῇ
624 4137 895 4215 θαλάσσῃ.
924 4140 1030 4197 Καὶ
1093 4141 1143 4215 ἐξ
1200 4141 1367 4212 αύτῆς
1433 4145 1594 4221 ὑγιὴς
1622 4146 1876 4220 ἐξελθὼν,

224 4225 292 4296 τῇ
328 4227 627 4301 προστάξει
679 4232 781 4283 τοῦ
836 4229 1103 4304 ἄρχοντα,
1162 4231 1596 4311 ἆπεκεφαλίσθη.
1657 4238 1757 4295 Καὶ
1813 4239 1867 4295 τὲ

230 4316 323 4389 μὲν
364 4319 516 4391 ἱερὸν
574 4319 664 4375 καὶ
726 4319 992 4396 μακάριον
1046 4321 1215 4378 αὐτοῦ
1268 4328 1481 4399 πνεῦμα
1534 4326 1768 4398 ἀνῆλθεν
1798 4330 1878 4390 είς

1992 3184 2181 3248 Quare
2212 3183 2504 3255 plurimos
2533 3185 2593 3239 in
2626 3200 2696 3239 ea
2751 3184 2897 3240 urbe
2937 3190 3227 3258 martyres
3258 3187 3587 3243 effecerunt
3618 3202 3633 3242 :

1993 3288 2065 3328 ex
2086 3289 2342 3344 quorum
2373 3289 2623 3329 numero
2655 3278 2898 3328 sanctus
2937 3274 3049 3328 iste
3079 3274 3442 3342 Theodorus,
3475 3276 3634 3346 quod

1984 3360 2287 3419 Christum
2319 3362 2721 3427 conﬁteretur,
2756 3368 2815 3416 et
2838 3363 2901 3416 in
2924 3363 3117 3433 ipsum
3139 3363 3425 3429 crederet,
3454 3364 3636 3435 quod-

1987 3468 2102 3522 que
2125 3451 2357 3506 Craacos
2389 3449 2933 3515 doceret,eumdem
2951 3467 3057 3523 pro
3075 3451 3192 3506 Deo
3219 3452 3459 3520 habere,
3474 3452 3630 3508 facto

1986 3540 2049 3595 in
2081 3540 2482 3612 eumimpetu,
2515 3540 3003 3611 comprehensus,
3036 3539 3449 3603 crudelissime
3473 3541 3632 3597 dila-

1987 3629 2190 3685 niatur
2221 3628 2473 3685 :deinde
2502 3633 2778 3685 contexta
2799 3628 2988 3701 spinis
3029 3645 3248 3684 corona
3294 3629 3471 3702 capiti
3503 3630 3634 3703 ejus

1988 3717 2290 3789 imposita,
2320 3717 2627 3790 oculisque
2667 3718 2923 3791 graviter
2951 3719 3237 3786 contusis,
3288 3721 3633 3777 scommatis

1987 3822 2096 3880 per
2115 3807 2322 3878 jocum
2353 3812 2412 3862 et
2446 3812 2854 3880 contemptum
2882 3807 3166 3865 irridetur
3197 3824 3210 3863 :
3243 3815 3367 3864 tum
3399 3810 3631 3866 vinctus

1987 3896 2050 3951 in
2078 3912 2243 3952 mare
2268 3897 2583 3970 projicitur
2614 3914 2628 3953 :
2659 3897 2765 3953 sed
2793 3897 2933 3954 inde
2989 3898 3306 3955 incolumis
3352 3900 3631 3968 evadens,

1977 3984 2156 4057 jussu
2177 3984 2441 4057 praefecti
2471 3985 2803 4042 decolletur
2833 4004 2847 4043 :
2879 3987 3052 4060 cujus
3107 4004 3277 4044 sacer
3304 3988 3633 4061 beatusque

1987 4072 2232 4145 spiritus
2259 4074 2439 4131 cmlos
2469 4075 2740 4131 ascendit
2775 4092 2788 4143 ;
2822 4081 2883 4131 at
2920 4076 3197 4148 pretiosas
3254 4077 3526 4148 reliquias
3569 4078 3631 4132 in

1987 4162 2191 4218 eadem
2224 4163 2371 4219 urbe
2394 4163 2766 4220 Alexandria
2792 4164 3099 4236 depositaa,
3123 4164 3543 4222 accedentibus
3558 4166 3632 4221 ad

1986 4250 2150 4323 ipsas
2187 4269 2379 4325 usque
2409 4254 2473 4308 in
2503 4260 2859 4326 praesentem
2890 4255 3047 4311 diem
3088 4255 3426 4311 curationes
3456 4255 3634 4310 emit-

1992 4344 2149 4399 tunt.

223 4405 353 4508 τ’ξδξ
378 4407 664 4508 ξξρανούς
687 4409 753 4464 τὸ
782 4406 853 4508 δξ
867 4411 1053 4508 τιμέων
1086 4409 1346 4486 λείψανον
1376 4415 1636 4487 κατετέθη
1670 4416 1724 4474 εν
1755 4421 1893 4498 αὐτῇ
1922 4428 1994 4500 τῇ
2024 4428 2187 4483 πόλει
2215 4426 2642 4505 Ἀλεξανδρείας,
2698 4428 2938 4504 παρέχον
2993 4436 3109 4494 τοῖς
3160 4429 3631 4508 πρόσερχομὲνοις

230 4494 365 4569 αὖτῷ
391 4498 601 4571 ’ίάματα
629 4494 737 4560 ἕως
760 4503 857 4555 τοῦ
912 4503 1031 4560 νῦν.

825 4590 911 4662 Τῇ
929 4586 1067 4663 αὐτῇ
1087 4585 1272 4665 ἡμέρᾳ

294 4677 501 4749 “vim;
560 4680 659 4731 τοῦ
707 4676 866 4751 ἁγίου
921 4677 1011 4732 καὶ
1051 4675 1290 4804 (ενδόξου
1335 4683 1626 4760 προφήτου
1688 4691 1796 4742 Σο-

944 4770 1042 4804 ωον
1073 4771 1159 4804 ου.

944 4770 1159 4825 φονιου.

298 4854 391 4944 Καί
423 4853 592 4918 οὗτος
620 4854 663 4944 ὁ,
700 4852 878 4928 ἅγιος,
933 4855 1025 4911 καὶ
1089 4853 1305 4929 ἔνδοξος
1341 4863 1633 4937 προφήτης
1692 4870 1870 4944 Σοφο-

236 4938 339 5002 νίας
370 4942 430 4998 ἐκ
480 4943 808 5018 τοῦγένους
861 4944 928 5013 ἧν
979 4948 1077 4999 τοῦ
1134 4946 1387 5019 Συμεὼν,
1440 4953 1541 5005 τοῦ
1596 4952 1721 5007 υἱοῦ
1775 4938 1872 5009 ⁴τοῦ

232 5033 569 5108 πατριάρχου
649 5028 872 5103 Ἰακὼϐ,
933 5031 1174 5116 ἀδελφοῦ
1231 5034 1290 5093 δὶ
1336 5042 1434 5093 τοῦ
1514 5041 1719 5119 Ἰωσήφ
1775 5049 1873 5100 τοῦ

231 5121 528 5197 παγκάλου.
612 5125 796 5177 Βοιῶν
855 5120 914 5178 δὲ
965 5124 1029 5179 τὸ
1109 5124 1331 5201 θέλημα
1411 5132 1510 5184 τοῦ
1566 5136 1724 5206 θεοῦ,
1780 5134 1870 5189 καὶ

228 5213 587 5299 πορευόμενος
643 5209 697 5266 ἐν
752 5215 874 5274 ταῖς
930 5210 1183 5278 ἐντολαῖς
1239 5214 1433 5284 αὐτοῦ,
1464 5214 1680 5291 ἐδέξατο
1734 5243 1870 5299 προ-

230 5298 436 5386 φητείας
518 5304 793 5376 χάρισμα,
876 5299 971 5357 καί
1083 5306 1458 5380 προεφήτευσε
1567 5309 1693 5386 περὶ
1774 5319 1873 5382 τῆς

227 5384 492 5460 ἁλώσεως,
572 5388 665 5444 καὶ
754 5388 1088 5466 ἐρημώσεως
1169 5401 1271 5463 τῆς
1335 5384 1725 5473 ⁸Ιερουσαλῆμ,
1779 5403 1872 5456 καὶ

226 5476 335 5550 περὶ
385 5481 488 5532 τοῦ
542 5477 761 5549 τέλους,
844 5479 936 5536 καὶ
992 5482 1115 5558 περὶ
1191 5490 1294 5552 τῆς
1348 5486 1699 5551 καταλύσεως
1758 5493 1870 5546 τῶν

225 5562 513 5621 Ἰουδαίων·
574 5567 662 5623 uti
723 5566 810 5624 ὅτι
866 5568 1362 5646 ἐξολοθρευθέντων
1424 5578 1532 5629 τῶν
1580 5571 1869 5652 Ἐϐραίων,

224 5655 489 5729 γενήσεται
523 5654 841 5732 περιούσιος
903 5654 1038 5723 λαὸς
1092 5662 1191 5717 τοῦ
1256 5662 1475 5738 Θεοῦίξ
1532 5662 1718 5721 ἕθνῶν·
1777 5655 1871 5728 καί

1900 4602 1950 4670 D

2626 4608 2846 4665 Eodem
2878 4610 2975 4666 die

1981 4695 2029 4752 8
2086 4696 2544 4753 Commemordtio
2594 4700 2771 4774 sancti
2823 4706 2877 4755 et
2923 4700 3152 4771 gloriosi
3202 4703 3489 4774 prophetae
3517 4704 3630 4759 So-

2678 4770 2922 4841 phonim.

2050 4876 2166 4930 Iste
2198 4881 2438 4931 sanctus
2470 4877 2829 4951 etgloriosus
2852 4880 3142 4952 propheta
3171 4881 3523 4954 Sophonias,
3558 4900 3628 4939 ex

1982 4962 2139 5018 tribu
2170 4964 2434 5031 Simeon,
2487 4966 2595 5020 filii
2650 4968 3000 5040 patriarchas
3052 4971 3251 5039 Jacob,
3308 4972 3627 5043 fratrisque

1979 5053 2365 5124 pulcherrimi
2396 5055 2636 5126 Ioseph,
2665 5057 2867 5112 omnia
2888 5058 2990 5112 Dei
3021 5060 3304 5116 mandata
3344 5061 3621 5133 impleas,

1980 5147 2040 5196 et
2060 5142 2120 5196 in
2142 5143 2455 5214 praeceptis
2487 5145 2615 5216 ejus
2673 5145 3009 5216 ambulans,
3041 5149 3367 5220 prophetiae
3399 5150 3623 5205 donum

1978 5230 2225 5302 accepit.
2257 5231 2635 5302 Prophetavit
2665 5238 2862 5288 autem
2886 5233 2956 5288 de
2988 5237 3380 5299 eversione,et
3400 5237 3627 5294 desola-

1981 5319 2703 5392 tionelerusalem.deque
2725 5325 3577 5383 exterminationeludzeorum
3605 5345 3620 5396 ς

1980 5407 2547 5480 quodqueJlebraais
2559 5410 2803 5465 omnino
2816 5412 3398 5484 rejectis.peculiaris
3413 5415 3511 5469 Dei
3529 5432 3626 5486 po-

1981 5497 2156 5568 pulus
2177 5513 2249 5552 ex
2274 5496 2550 5569 gentibus
2573 5499 2879 5571 eligendus
2911 5506 3086 5567 esset,
3108 5519 3241 5557 cum
3265 5519 3496 5558 summo
3516 5505 3622 5558 im-

1979 5586 2214 5658 piorum
2228 5586 2517 5643 dedecore
2531 5589 3617 5663 etprobro,summaquejustorumglo-

1978 5675 2070 5733 ria
2081 5677 2397 5744 ethonore;
2411 5676 2571 5748 quod
2592 5677 2832 5734 demum
2846 5679 3114 5735 Christus
3128 5678 3410 5735 Dominus
3423 5678 3616 5733 omnis
