4074 6192
4 4532 11 4541 ³
84 4548 93 4563 f

8 4612 21 4617 _
56 4578 99 4611 λέ
132 4596 133 4603 η

4 4536 95 4683 5...

38 4722 65 4765 ﬂ...
92 4738 99 4769 νγ

42 4974 105 5021 ’,ιμ

62 5048 107 5111 ᾖ»

54 5184 146 5233 ἓὶὲι

54 5234 91 5261 ,ιη
122 5230 146 5253 ⁸η

78 5270 95 5295 ,ὀ

42 5292 146 5333 ,τη-υ

56 5338 107 5357 ,λλιο-

96 5382 146 5451 ξω

70 5456 73 5457 ⁷
108 5454 117 5465 h

66 5472 145 5511 ur.

46 5510 71 5543 ηΙι

72 5568 95 5585 'r

46 5570 135 5631 2:3.

48 5744 75 5759 ζ.

347 380 456 443 191

1663 372 2092 438 MENOLOGII
2136 370 2336 435 PARS
2379 371 2427 432 Ι.

3633 372 3748 433 192

346 517 589 590 spiritus
609 514 798 588 judex
818 530 1039 585 rexque
1061 512 1646 583 iuturus,unicuique
1660 510 1992 568 secundum

2114 504 2249 562 ἔσται
2289 505 2525 581 αἰσχύνη
2590 507 2688 580 μὲν
2740 510 2848 562 τῶν
2908 498 3140 577 ἀσεϐῶν,
3202 502 3329 576 δόξα
3389 502 3447 562 δὲ
3496 509 3604 561 τῶν
3664 502 3749 559 δι-

348 620 529 679 opera
558 605 687 676 ejus
717 602 1122 659 retributurus
1153 603 1249 657 sit.
1280 604 1414 659 Haec
1471 602 1671 673 itaque
1703 617 1838 657 cum
1888 600 1988 655 So-

348 693 602 767 phonias
631 693 1024 765 praedixisset,
1058 697 1328 748 mortuus
1359 696 1468 755 est,
1503 691 1749 762 ejusque
1781 705 1996 761 corpus

354 782 515 838 domi
549 799 669 838 sum
700 781 1034 853 depositum
1067 787 1366 853 exspectat
1387 785 1711 836 extremam
1730 795 1993 834 resurre-

361 872 638 927 ctionem.
671 870 1199 943 JoanniTheologo
1254 870 1448 943 efﬁgie
1501 885 1571 924 ac
1618 867 1998 923 lineamentis

354 961 624 1031 corporis
649 965 775 1016 erat
816 960 1181 1027 simillimus,
1216 960 1330 1015 nisi
1386 958 1544 1030 quod
1604 958 1698 1012 hic
1729 961 1997 1012 mentum

353 1050 530 1121 paulo
563 1049 879 1106 rotundius
904 1049 1178 1105 habebat.

1005 1228 1225 1283 Eodem
1258 1229 1352 1283 die

645 1320 692 1374 9
732 1320 1179 1375 Commemoratio
1208 1318 1391 1405 sancti
1429 1319 1712 1374 Theoduli.

432 1439 681 1492 Sanctus
713 1436 1051 1492 Theodulus
1083 1454 1151 1492 ex
1197 1436 1385 1509 Cypro
1434 1436 1651 1503 insula,
1684 1454 1714 1492 ιι
1748 1435 2004 1508 pueritia

356 1528 608 1582 remisso
640 1527 819 1581 rebus
848 1525 1027 1599 hujus
1057 1524 1259 1581 saeculi
1290 1524 1525 1593 nuntio,
1576 1524 1873 1580 Christum
1932 1541 2004 1579 ex

354 1620 481 1671 tota
509 1617 709 1671 anima
740 1615 1108 1687 complexus,
1136 1615 1465 1670 monachus
1497 1614 1785 1670 efﬁcitur:
1807 1619 2005 1670 tanto-

358 1722 473 1776 que
505 1705 872 1777 paupertatis
901 1705 1141 1772 Christi,
1172 1704 1652 1775 humilitatisque
1691 1703 1886 1759 studio
1915 1708 1999 1758 ιθ.

356 1794 840 1859 nebatur,utloco
862 1793 1062 1849 mollis
1074 1793 1506 1865 straguli,saxis
1519 1792 2004 1863 uteretur,iisque

358 1883 674 1955 impositus
706 1899 982 1938 somnum
1003 1888 1261 1954 caperet.
1287 1883 1379 1937 Sic
1401 1881 1581 1954 igitur
1605 1881 1794 1936 multa
1821 1882 2004 1936 conti-
2033 1884 2078 1948 Β
2255 1850 2437 1957 λίθξυς
2470 1850 2832 1957 {Eumeni-ev
2858 1851 3058 1957 αὐτοις

1949 1976 2007 2026 ta
2033 1939 2074 1948 ”
2113 1939 2171 1997 δὲ
2198 1939 2588 1997 καταδαπανῶν
2616 1941 2679 1995 τὸ
2709 1945 2869 2014 σῶμα
2897 1940 3062 1995 αὐτοῦ
3093 1940 3198 1995 ἀπὸ
3234 1947 3335 2010 τῆς
3392 1940 3610 2011 πολλῆς
3665 1940 3753 2017 ἐγι-

360 1973 585 2039 nentia,
638 1972 924 2042 humique
972 1970 1178 2027 cubitu
1209 1988 1425 2043 corpus
1454 1986 1789 2037 macerans,
1815 1970 1941 2026 mul

354 2062 473 2118 alia
503 2060 838 2132 spiritualia
894 2060 1052 2116 dona
1099 2060 1360 2133 accepit;
1412 2065 1539 2116 tum
1580 2060 1731 2116 illud
1762 2060 2001 2133 potissi-

356 2167 543 2219 mum,
574 2155 641 2205 ut
668 2150 937 2206 omnium
974 2150 1285 2206 hominum
1315 2150 1702 2223 cogitationes
1730 2148 2007 2220 introspi-

318 2302 323 2305 ,
352 2242 730 2306 ceret.Quare
765 2240 813 2295 si
846 2240 981 2312 quis
1010 2240 1101 2295 illi
1133 2240 1307 2296 aliter
1336 2246 1515 2310 atque
1546 2240 1797 2295 sentiret
1815 2238 2007 2311 prolo“

353 2328 1016 2402 queretur,objurgabat
1028 2334 1254 2397 eum,et
1273 2328 1567 2400 quidquid
1584 2328 1634 2383 is
1646 2328 1849 2384 animo
1864 2344 2003 2383 con-

352 2417 1147 2490 cepisset,exponebat.Quin
1160 2418 1339 2473 etiam
1361 2417 1675 2472 stultitiam
1689 2417 2001 2489 simulans,

353 2508 828 2578 uniuscujusque
857 2522 1039 2577 opera
1058 2504 1553 2578 reprehendebat,
1584 2506 1659 2561 ad
1710 2507 2002 2578 poeniten-

358 2596 501 2650 tiam
532 2601 874 2665 peccatores
899 2598 1270 2650 convertens.
1315 2595 1581 2666 Cumque
1612 2595 1697 2651 ita
1740 2595 2001 2663 vixisset,

358 2682 699 2753 multosque
729 2681 995 2738 moribus
1039 2687 1218 2753 atque
1270 2682 1543 2743 doctrina
1596 2688 1906 2751 servasset,
1938 2685 2002 2740 iu

361 2787 506 2842 pace
525 2769 1055 2842 decessit,ejusque
1082 2770 1352 2842 reliquias
1381 2772 1445 2827 in
1475 2771 1666 2844 Cypro
1696 2772 1999 2844 depositas,

355 2860 695 2915 curationes
727 2859 1059 2918 effundunt.

915 3044 1157 3100 EODEM
1187 3046 1330 3100 MEN
1337 3045 1437 3102 SE.

1005 3135 1108 3190 Die
1168 3140 1379 3207 quarta

535 3245 637 3298 ‘lo
661 3242 945 3298 Certamen
973 3250 1177 3299 sancte
1205 3243 1489 3313 Barbarae,
1535 3247 1818 3315 martyris.

431 3370 646 3426 Sancta
662 3368 1269 3443 Barbara,martyr,ex
1281 3371 1520 3428 Oriente
1532 3370 1665 3442 fuit,
1686 3371 1811 3428 illia
1830 3371 1998 3428 Dios-

355 3460 477 3519 cori
491 3460 802 3533 cujusdam
814 3459 1627 3536 gentilis,temporibusimpii
1641 3460 2003 3535 imperatoris

355 3550 713 3609 Maximiani.
749 3551 981 3617 Veritus
1008 3556 1207 3607 autem
1234 3551 1363 3624 ejus
1410 3557 1597 3624 pater,
1631 3568 1707 3607 ne
1756 3551 1881 3607 illia
1927 3549 2001 3606 ob

357 3639 635 3695 eximiam
668 3638 917 3694 formam
947 3644 1275 3709 raperetur,
1308 3639 1371 3694 in
1401 3638 1853 3696 altissimaturri
1875 3655 1911 3694 a
1940 3653 2004 3692 se

359 3725 612 3780 excitata
630 3723 794 3778 illam
808 3724 1356 3796 inclusit,deditque
1370 3726 1421 3780 ei
1434 3726 1748 3798 idola,qum
1759 3725 2002 3782 coleret.

361 3812 579 3865 Verum
604 3809 709 3863 illa
746 3810 1016 3865 contritis
1045 3810 1243 3878 idolis,
1266 3812 1481 3867 Christi
1513 3828 1714 3869 amore
1737 3813 2003 3879 incensa,

360 3898 532 3953 illum
547 3897 845 3953 adorabat.
858 3897 1020 3953 Unde
1039 3899 1218 3954 etiam
1230 3916 1365 3954 cum
1385 3899 1663 3957 balneum
1684 3906 1852 3973 pater
1862 3901 2004 3956 aadi-

364 3987 551 4054 ﬁcari,
584 4002 886 4057 unamque
916 3987 979 4041 in
1028 4002 1096 4042 eo
1126 3987 1450 4044 fenestram
1482 3990 1611 4045 ﬁeri
1631 3989 1816 4046 fabris
1836 4005 2003 4046 man-

361 4074 583 4142 dasset,
616 4076 745 4147 ipsa
775 4081 911 4146 post
928 4076 1115 4147 patris
1145 4076 1500 4143 discessum,
1532 4096 1563 4135 e
1591 4079 1739 4135 turri
1771 4080 2005 4152 prospi-

361 4165 670 4232 ciens,tres
695 4165 913 4237 aperiri
930 4165 1220 4223 fenestras
1225 4167 1248 4239 j
1260 4167 1412 4222 ussit
1437 4168 1499 4223 in
1528 4169 1771 4224 nomine
1792 4168 2008 4239 Patris,

364 4261 425 4311 et
452 4255 665 4326 Filii,et
697 4256 949 4328 Spiritus
981 4257 1193 4313 sancti.
1220 4258 1466 4331 Cognita
1521 4258 1701 4332 igitur
1751 4276 1786 4315 a
1816 4263 2006 4331 patre,

362 4346 522 4417 quod
554 4346 889 4402 Christiana
906 4347 1366 4419 esset,przefecto
1388 4348 1720 4421 torquenda
1731 4348 2004 4405 traditur.

362 4436 586 4491 Deinde
613 4442 850 4509 arrepta
876 4436 1027 4511 fugae
1043 4438 1443 4509 occasione,in
1467 4444 1730 4496 montem
1750 4456 1812 4496 se
1824 4439 2010 4513 prori-

362 4526 912 4598 puitzquampater
942 4528 1067 4598 ipse
1112 4534 1390 4584 contento
1449 4546 1629 4586 cursu
1677 4534 2003 4594 assecutus,

2101 593 2292 651 καίων’
2375 594 2465 651 καὶ
2522 596 2804 670 γενήσεται
2851 594 3044 671 κριτὴς
3113 593 3204 650 καὶ
3265 593 3519 670 βασιλεὺς
3576 593 3753 664 πάσης

2099 690 2275 755 πνοῆς
2333 684 2563 760 Χριστὸς
2613 685 2641 740 ὁ
2696 685 2918 757 Κύριος,
2973 682 3064 738 καὶ
3123 680 3496 738 ἀνταποδώσει
3545 682 3752 757 ἑκάστῳ

2098 775 2237 830 κατὰ
2282 774 2350 829 τὰ
2405 771 2537 848 ἔργα
2579 773 2766 832 αὐτοῦ.
2821 774 2995 834 Οὗτος
3059 773 3194 845 μιτᾶ
3246 772 3310 827 τὸ
3366 773 3541 827 πάντα
3585 776 3754 827 ταῦτα

2100 867 2496 942 προφητεῦσαι,
2545 860 2855 927 ἀποθανὼν,
2913 859 3082 936 ἐτάφη
3143 860 3193 915 ἐν
3247 865 3325 932 τῷ
3372 862 3505 934 οἴκῳ
3560 862 3747 917 αὐτοῦ·

2100 952 2191 1008 καὶ
2247 951 2557 1007 κατάκειται
2607 951 2670 1006 τὸ
2731 955 2891 1023 σῶμα
2974 951 3165 1020 αὐτοῦ,
3230 947 3595 1024 ἐκδεχόμενον
3648 953 3749 1019 τήν

2100 1040 2417 1099 τελευταίαν
2476 1041 2784 1096 ἀνάστασιν.
2835 1042 2933 1094 Ἦν
3018 1037 3075 1094 δὲ
3129 1038 3328 1112 ὅμοιος
3387 1040 3612 1115 Ἰωάννῃ
3671 1044 3752 1113 τῷ

2103 1129 2385 1205 Θεολόγῳ·
2421 1131 2615 1206 μικρὸν
2640 1131 2704 1185 τὸ
2731 1130 2936 1204 γένειον
2968 1128 3453 1206 στρογγυλώτερον
3504 1124 3674 1205 ἔχων.

2699 1220 2782 1292 Τῇ
2810 1217 2947 1292 αὖτῇ
2976 1218 3162 1292 ἡμέρᾳ

2494 1309 2696 1380 Μνήμη
2721 1310 2820 1362 τοῦ
2852 1304 3006 1360 ὁσίου
3037 1302 3370 1363 Θεοδούλου.

2176 1408 2236 1465 Ὀ
2265 1406 2412 1469 ὅσιος
2443 1402 2749 1469 Θεόδουλος
2776 1406 2998 1480 γέγονεν
3031 1403 3137 1459 ἀπὸ
3168 1402 3391 1477 Κύπρου
3421 1411 3519 1474 τῆς
3559 1406 3751 1479 νήσου,

2103 1494 2380 1552 παιδιόθεν
2414 1492 2472 1550 δὲ
2498 1495 2590 1550 τὸν
2614 1494 2820 1567 κόσμον
2849 1492 3188 1564 καταλιπὼν,
3218 1492 3308 1548 καὶ
3365 1494 3454 1548 τὸν
3516 1495 3750 1568 Χριστὸν

2104 1586 2392 1662 ἀγαπήσας
2421 1584 2528 1639 άπὸ
2581 1586 2790 1659 ψυχῆς,
2823 1581 3029 1657 ἐγένετο
3089 1581 3467 1658 μοναχός.Καὶ
3495 1580 3755 1639 τοσοῦτον

2102 1680 2201 1731 τοῦ
2232 1676 2468 1749 Χριστοῦ
2496 1674 2595 1742 τήν
2625 1673 2901 1748 πτωχείαν
2932 1672 3303 1748 ἠγάπησεριαὶ
3344 1673 3442 1742 τήν
3492 1673 3752 1728 ταπείνω-

2107 1763 2308 1832 σιν,καὶ
2330 1763 2431 1831 τὴν
2463 1762 2875 1834 ἆκτημοσύνην,
2909 1760 3047 1817 ὥστε
3076 1760 3193 1816 ἀντὶ
3250 1759 3582 1835 στρωμάτων
3609 1761 3751 1817 άπα-

2296 1852 2437 1915 ίθους
2470 1850 2746 1928 ἔχειν,καὶ
2777 1851 2832 1907 ἐν
2858 1851 3048 1916 αὐτοῖς
3099 1850 3547 1916 ἐπαναπαύεσθαν
3606 1851 3753 1908 οὸτω

2109 2032 2358 2108 κρατείας
2414 2033 2506 2088 καὶ
2549 2038 2649 2101 τῆς
2689 2030 2991 2105 χαμευνίας
3040 2028 3258 2102 ἐδέξατο
3319 2030 3410 2086 καὶ
3442 2031 3756 2108 χαρίσματα

2109 2124 2467 2195 πνευματικά.
2521 2120 2622 2179 Καὶ
2678 2125 2894 2197 πρῶτον
2956 2122 3204 2196 χάρισμα
3256 2120 3318 2177 τὸ
3365 2123 3756 2195 προγινώσκειν

2109 2213 2324 2268 πάντων
2381 2214 2489 2288 τῶν
2542 2210 2846 2286 ἀνθρώπων
2904 2209 3035 2272 τοὺς
3095 2207 3433 2286 λογισμούς.
3467 2210 3589 2267 Ἐὰν
3646 2213 3753 2288 γάρ

2108 2323 2190 2365 τις
2224 2286 2530 2378 προσῆλθεν
2561 2298 2730 2372 αὐτῷ,
2763 2297 2908 2356 ἄλλα
2937 2299 3056 2355 ἀντὶ
3085 2298 3270 2357 ἄλλων
3330 2298 3530 2376 λέγων,
3582 2286 3756 2378 ἤλεγ-

2109 2412 2208 2468 χεν
2238 2389 2453 2462 αὐτοὺς,
2484 2388 2574 2445 καὶ
2629 2390 2692 2445 τὸ
2738 2388 3051 2468 ἀπόκρυφον
3110 2393 3207 2445 τοῦ
3265 2388 3542 2464 λογισμοῦ
3589 2389 3755 2446 αὐτοῦ

2109 2480 2289 2556 ἔλεγεν
2374 2478 2541 2552 αὐτῷ’
2632 2481 3119 2555 σχηματισάμενος
3175 2477 3233 2534 δὲ
3296 2480 3469 2553 ἐαυτῷ
3528 2481 3759 2557 μωρίαν,

2108 2569 2350 2645 ¹ἤλεγχεν
2399 2569 2626 2624 ἑκάστου
2681 2569 2778 2631 τὰς
2834 2568 3074 2641 πράξεις,
3134 2568 3221 2624 καὶ
3271 2567 3563 2646 ἐπίστρεφε
3619 2573 3759 2644 πρὸς

2111 2660 2421 2733 μετάνοιαν.
2453 2656 2613 2716 Οῧτω
2646 2657 2872 2733 βιώσας,
2903 2658 2993 2712 καὶ
3028 2654 3283 2721 πολλοὺς
3313 2658 3492 2723 σώσας
3521 2655 3611 2714 διὰ
3655 2663 3756 2714 τοῦ

2104 2748 2336 2818 τρόπου,
2364 2746 2455 2803 καὶ
2507 2753 2610 2817 τῆς
2665 2743 3017 2810 διδασκαλίας
3077 2745 3261 2817 αύτοῦ,
3319 2745 3373 2803 ἓν
3403 2747 3596 2823 είρήνῃ
3649 2746 3754 2803 άπ-

2106 2835 2279 2902 ἑθανε.
2309 2836 2408 2892 Καὶ
2437 2834 2592 2907 ἐτέθη
2651 2836 2716 2892 τὸ
2773 2834 3030 2910 λείψανον
3090 2835 3258 2892 αὐτοῦ
3313 2836 3366 2894 ἐν
3414 2840 3485 2912 τῇ
3521 2835 3754 2913 Κύπρῳ,
3834 2833 3853 2839 ’

2109 2924 2273 3003 βρύον
2308 2924 2531 3000 ἰάματα.

2659 3045 2843 3102 MHNI
2883 3046 2976 3122 T9
3013 3045 3212 3123 ΑΥΤῼ.

2316 3230 2583 3302 Ἄθλησις
2610 3235 2707 3302 τῆς
2736 3150 3205 3310 άγίαςῒιᾶρτυρος
3236 3228 3537 3308 Βαρϐάρας.

2178 3363 2243 3420 Ἣ
2274 3360 2397 3439 ἁγία
2425 3362 2629 3438 μάρτυς
2667 3355 2920 3438 Βαρϐάρα
2974 3356 3186 3436 ἐγένετο
3245 3360 3353 3417 άπὸ
3405 3368 3505 3433 τῆς
3535 3363 3755 3421 Ἀνατοο

2109 3449 2240 3521 λῆς,
2272 3449 2510 3527 θυγάτηρ
2540 3449 2837 3525 Διοσκόρου
2890 3449 3039 3514 τινὸς
3087 3449 3390 3525 Ἕλληνος,
3434 3450 3523 3507 ἐπὶ
3580 3452 3754 3524 Magi-

2113 3544 2308 3614 μιανοῦ
2335 3543 2434 3595 τοῦ
2462 3537 2782 3615 παρανόμου
2817 3537 3109 3615 βασιλέως.
3139 3540 3201 3598 Ὀ
3232 3536 3289 3595 δὲ
3340 3542 3519 3614 πατὴρ
3558 3541 3747 3613 αὐτῆς,

2113 3626 2202 3684 διὰ
2229 3629 2293 3685 τὸ
2324 3629 2457 3684 εῖνάι
2488 3626 2655 3697 αύτὴν
2687 3623 2987 3706 εὔμορφον,
3048 3626 3134 3684 ἵνα
3187 3629 3263 3704 μὴ
3296 3628 3509 3706 ἁρπάσῃ
3540 3652 3625 3693 τις
3654 3629 3756 3687 αύ-

2107 3724 2231 3791 τήν,
2262 3717 2491 3790 ἐποίησε
2514 3717 2722 3793 πύργον
2782 3717 3016 3792 ὑψηλὸν,
3071 3719 3159 3774 καὶ
3218 3713 3533 3776 ἀπέκλεισεν
3588 3721 3756 3793 αύτὴν

2112 3808 2165 3865 ἐν
2217 3807 2383 3882 αύτῷ·
2444 3808 2534 3863 καὶ
2592 3802 2790 3863 ἔδωκεν
2850 3807 2988 3883 αὐτῇ
3043 3808 3134 3864 καὶ
3193 3805 3418 3880 εἴδωλα,
3447 3808 3539 3865 ἳνα
3586 3831 3764 3886 προσ-

2110 3902 2268 3974 κυνῇ.
2302 3898 2516 3969 Ἐκείνη
2575 3894 2655 3968 δὶ,
2708 3897 2777 3953 τὰ
2832 3894 3036 3953 ε’ίδιυλα
3088 3899 3440 3974 συντρίψασα,
3497 3900 3588 3955 τὸν
3619 3902 3765 3975 Χρι-

2114 3990 2237 4045 στὸν
2262 3987 2466 4058 ἐπόθει,
2498 3987 2590 4044 καὶ
2621 3983 2858 4045 ἐσέϐετο.
2891 3990 2978 4062 Ἐξ
3010 3989 3074 4043 οὗ
3130 3988 3221 4043 καὶ
3280 3986 3509 4064 λουτρὸν
3536 3992 3760 4062 κτίζον-

2110 4099 2205 4140 τος
2227 4082 2326 4133 τοῦ
2354 4078 2559 4153 πατρὸς
2591 4077 2785 4147 αὐτῆς,
2813 4076 2903 4132 καὶ
2943 4075 3336 4151 διαταξαμένου
3392 4084 3511 4142 τοῖς
3566 4078 3763 4156 τεχνί-

2110 4187 2229 4228 ταις
2292 4163 2418 4239 μίαν
2476 4162 2669 4240 Θυρίδα
2723 4171 2974 4235 ποιῆσαι,
3048 4166 3512 4242 ὑποχωρήσαντος
3571 4168 3763 4240 αὐτοῦ,

2113 4253 2288 4325 ἐκείνη
2322 4253 2428 4309 ἀπὸ
2474 4258 2572 4309 τοῦ
2627 4253 2841 4330 πύργου
2896 4253 3278 4329 παρακύψασα,
3336 4262 3485 4333 τρεῖς
3539 4256 3764 4332 θυρίδας

2115 4343 2392 4415 διετάξατο
2447 4343 2717 4420 γενέσθαι,
2772 4342 2849 4407 είς
2902 4343 2965 4399 τὸ
3016 4339 3195 4417 ὄνομα
3222 4349 3321 4400 τοῦ
3381 4348 3611 4423 Πατρὸς,
3669 4349 3764 4406 καί

2111 4438 2210 4491 τοῦ
2240 4434 2392 4503 Υἱοῦ,
2451 4433 2540 4488 καὶ
2599 4437 2697 4487 τοῦ
2755 4432 2910 4508 ἁγίου
2964 4432 3302 4507 Πνεύματος.
3361 4438 3768 4512 Διαγνωσθεῖσα

2117 4525 2212 4580 οὗν
2241 4521 2389 4598 παρᾶ
2425 4525 2523 4578 τοῦ
2580 4522 2783 4599 πατρὸς
2843 4520 2921 4585 ὠς
2978 4525 3297 4598 Χριπιανή,
3353 4523 3623 4598 παρεδόθη
3684 4532 3766 4601 τῷ

362 4614 617 4683 propriis
640 4613 915 4668 manibus
946 4614 1296 4684 decollavit;
1328 4616 1431 4672 sed
1456 4635 1593 4673 cum
1616 4635 1645 4673 e
1682 4622 1883 4674 monte
1915 4616 2001 4673 de'

2117 4612 2373 4690 ἄρχοντι,
2400 4612 2492 4667 καὶ
2523 4609 2869 4687 ἐτιμωρήθη.
2930 4612 3058 4669 Εἶτα
3117 4616 3377 4690 φυγοῦσα,
3427 4615 3659 4686 ἀνῆλθεν
3688 4616 3769 4683 είς

361 4702 691 4769 scenderet,
724 4702 963 4774 delapso
998 4720 1028 4758 e
1060 4705 1207 4761 coelo
1235 4706 1367 4779 igne
1401 4707 1804 4781 conﬂagravit.

2110 4702 2174 4758 τὸ
2202 4697 2352 4778 ὅρος.
2386 4700 2485 4756 Καὶ
2510 4698 2873 4776 καταδραμὼν
2906 4699 3074 4770 αύτὴν
3107 4700 3135 4756 ό
3193 4703 3373 4778 πατὴρ
3427 4704 3620 4777 αὐτῆς,
3676 4707 3768 4761 καὶ

358 4788 550 4865 εὑρὼν,
583 4789 811 4851 οῗκείαις
843 4790 1030 4865 χερσὶν
1076 4791 1460 4870 ἀπεκεφάλισε.
1514 4795 1922 4872 Κατερχόμενος
1981 4789 2041 4847 δὶ
2126 4789 2186 4847 ἐκ
2235 4794 2334 4846 τοῦ
2391 4787 2575 4866 ὄρους,
2623 4791 2857 4861 κατεκάη
2920 4789 3024 4845 ὑπὸ
3081 4791 3250 4865 πυρὸς
3306 4789 3366 4847 ἐκ
3403 4796 3498 4848 τοῦ
3527 4794 3770 4868 ούρανοῦ

321 4879 332 4891 ⁸
358 4876 735 4943 κατελθόντος.

932 5000 1171 5056 EODEM
1204 5001 1437 5057 MENSE

1041 5106 1144 5163 Die
1163 5108 1374 5180 quinta

474 5215 571 5269 Il
614 5212 1063 5270 Commemoratio
1091 5218 1270 5271 sancti
1296 5218 1480 5273 Patris
1508 5219 1683 5274 nostri
1716 5218 1899 5276 Saba.

430 5321 759 5379 Theodosio
785 5323 1025 5378 Juniore
1057 5323 1386 5395 imperante
1417 5324 1635 5381 claruit
1653 5325 1751 5382 hic
1773 5330 2013 5383 sanctus

70 5456 87 5501 ξ
96 5409 157 5497 ἶξέ
176 5432 207 5461 .'-
226 5476 233 5501 ζ
252 5440 255 5441 ν
306 5460 315 5469 ,
358 5409 610 5475 Saba,ex
622 5411 861 5484 regione
872 5412 1504 5485 Cappadocianoanne
1517 5419 1575 5469 et
1589 5413 1806 5486 Sophia
1816 5421 2012 5473 natus.

365 5502 414 5558 Δ
432 5501 627 5575 prima
646 5506 845 5558 autem
878 5507 1049 5558 aatate
1076 5504 1445 5575 parentibus,
1463 5510 1521 5561 et
1546 5505 1770 5562 mundo
1801 5506 2017 5563 valedi-

300 5586 319 5609 ”
368 5606 534 5658 cens,
563 5591 729 5661 abiit,
762 5597 822 5647 et
841 5593 1168 5649 monachus
1200 5593 1391 5651 factus
1420 5600 1529 5651 est.
1580 5595 1693 5651 Sed
1721 5596 2019 5670 majorum

348 5680 785 5755 certaminum,
818 5682 1182 5757 majorisque
1211 5683 1443 5742 virtutis
1471 5683 1668 5744 studio
1713 5685 2019 5760 incensus,

2683 4995 2863 5052 num
2891 4996 2984 5072 Τυ
3014 4997 3214 5076 ΔΓῙᾮ.

2368 5231 2578 5304 Μνήμη
2608 5232 2707 5285 τοῦ
2737 5230 2894 5285 οσίου
2916 5231 3129 5307 Πατρὸς
3158 5233 3321 5306 ἡμῶν
3347 5228 3518 5293 Σάόα.

2198 5328 2322 5386 Ἐπὶ
2376 5332 2477 5394 τῆς
2535 5326 2814 5405 βασιλείας
2871 5326 3164 5385 θεοδοσίου
3223 5336 3318 5386 τοῦ
3388 5338 3603 5408 Μικροῦ
3654 5333 3773 5411 ἐγέ-

2124 5438 2243 5474 νετο
2310 5418 2468 5482 οὗτος
2524 5417 2553 5473 ὁ
2605 5418 2757 5493 ἅγιος
2812 5412 3012 5487 Σάϐας,
3071 5419 3178 5475 ἀπὸ
3224 5426 3324 5492 τῆς
3376 5421 3567 5497 Χώρας
3621 5430 3774 5478 Καπ-

2125 5505 2411 5577 παδοκίας,
2443 5508 2560 5571 υἱὸς
2600 5507 2852 5565 Ἰωάννου
2879 5507 2971 5564 καὶ
3035 5509 3257 5588 Σοφίας’
3323 5513 3518 5586 μικρὸς
3575 5509 3634 5568 δὲ
3692 5510 3771 5570 ὣν

2127 5590 2205 5653 ἔτι
2234 5597 2334 5667 τὴν
2366 5594 2612 5668 ἠλικίαν,
2633 5594 2949 5653 καταλιπὼν
2979 5598 3071 5655 καὶ
3108 5597 3237 5662 τοὺς
3296 5605 3477 5676 γονεῖς
3530 5600 3616 5657 καὶ
3678 5601 3773 5657 τὸν

2128 5685 2360 5763 κόσμον,
2418 5686 2697 5763 ἀπελθὼν,
2779 5685 2988 5766 ἔγὲνετο
3047 5688 3310 5767 μοναχός.
3361 5691 3676 5767 Ἐπιθυμῶν
3710 5687 3773 5750 δὶ
