4074 6192
320 358 444 422 193

1812 352 2259 420 DECEMBER.

3617 370 3730 432 194

316 493 604 551 πλειώνων
636 491 889 567 ἀγώνων,
926 488 1017 546 καὶ
1052 490 1302 565 μείζονος
1358 488 1578 564 ἀρετῆς,
1635 485 1848 557 ἀπῆλθε
1872 487 1967 543 καὶ

2089 490 2155 546 ad
2187 509 2469 565 magnum
2494 496 2873 567 Euthymium
2905 515 2967 553 se
2997 499 3269 568 contulit,
3305 516 3474 572 aquo
3508 500 3569 556 in
3602 519 3729 557 mo-

318 583 394 645 εἷς
423 583 516 638 τὸν
542 583 714 657 μίγαν
756 581 1060 653 Εύθύμιον.
1118 579 1225 637 Καὶ
1251 580 1379 655 παρ’
1438 578 1644 634 ἐκείνου
1699 576 1970 650 πέμπεται

322 674 397 739 εἲς
423 675 487 729 τὸ
517 673 667 728 κάτω
691 673 1081 746 μοναστήριον,
1114 671 1252 746 πρὸς
1277 671 1370 726 τὸν
1416 670 1570 745 ἅγιον
1630 667 1974 724 Θεόκτιστον.

322 765 423 823 Καὶ
462 766 725 818 τοσοῦτον
756 760 1067 837 ἠγωνίσατο
1106 760 1183 823 εἰς
1237 759 1458 836 ἀρετὴν,
1491 756 1632 814 ὣστε
1691 757 1769 830 μὴ
1806 755 1976 830 μόνον

322 860 541 923 νικῆσαι
571 850 775 913 πάντας
830 849 959 912 τοὺς
1014 850 1370 924 μονάζοντας,
1439 846 1586 904 ἀλλᾶ
1629 846 1721 902 καὶ
1775 845 1980 920 γνώρι-

325 963 423 1018 μος
452 936 696 1016 γενέσθαι
723 945 844 1004 τοῖς
875 937 1185 1016 βασιλεῦσιν
1217 936 1556 1010 ’Δναστασίῳ
1600 935 1694 992 καὶ
1749 935 1976 990 Ἰουστι-

324 1036 510 1105 νιανῷ.
566 1031 667 1087 Καὶ
730 1030 835 1108 γὰρ
890 1029 981 1087 καὶ
1039 1030 1116 1093 εἷς
1161 1028 1363 1091 αὐτοὺς
1408 1024 1688 1097 ἀπεστάλη
1752 1023 1978 1098 μεσίτης

326 1122 471 1198 παρὰ
540 1124 653 1178 τῶν
706 1124 1070 1197 πατριαρχῶν
1125 1116 1547 1196 Ἱεροσολύμων.
1604 1111 1864 1177 Πολλοὺς
1921 1108 1980 1167 δὶ

327 1208 543 1282 διδάξας
579 1211 681 1280 τήν
736 1210 958 1286 ἀρετὴν,
988 1207 1078 1264 καὶ
1144 1206 1332 1263 πολλᾶ
1385 1205 1725 1280 μοναστήρια
1778 1223 1975 1271 συστη-

325 1303 578 1374 σάμενος,
628 1299 719 1355 καὶ
794 1299 1043 1372 θαύματα
1095 1296 1194 1353 οὐκ
1244 1296 1408 1373 ὀλίγα
1457 1290 1847 1371 ἐργασάμενος,
1904 1290 1979 1352 ὡς

323 1389 411 1446 καὶ
438 1385 591 1466 ὕδωρ
638 1395 739 1458 τῆς
764 1390 867 1462 γῆς
920 1385 1219 1463 ἐξαγαγεῖν,
1278 1380 1785 1462 ὀγδοηκονταπέντε
1843 1378 1976 1435 ἐτῶν

320 1479 636 1554 γενόμενος,
665 1478 803 1553 πρὸς
834 1477 1031 1553 Κύριον
1061 1473 1416 1550 ἐξεδήμησεν.

881 1596 1062 1652 unm
1093 1596 1182 1673 ra
1213 1595 1417 1670 Αγτᾳ.

1121 1714 1150 1777 ζ

326 1829 526 1901 ιίνήμη
558 1832 658 1884 τοῦ
687 1828 844 1884 ὁσίου
876 1826 1085 1901 "ergo:
1118 1828 1280 1901 ἡμῶν
1320 1818 1638 1901 Νικωλάου,
1688 1818 1979 1895 ἀρχιεπισ-

750 1901 927 1956 κόπου
966 1894 1174 1974 Μύρων
1197 1899 1295 1966 τῆς
1326 1894 1548 1954 Λυκίας.

398 2017 521 2073 Ἐπὶ
586 2023 688 2087 τῆς
742 2015 1020 2091 βασιλείας
1077 2018 1175 2070 τοῦ
1231 2010 1489 2089 Μεγάλου
1571 2007 1972 2067 Κωνσταντὶνου

325 2103 533 2183 ἕγίνετο
564 2105 724 2168 οὗτος
765 2106 794 2159 ὁ
855 2103 1023 2180 μὲγας
1076 2101 1366 2179 ἀρχιερεὺς
1416 2100 1508 2156 καὶ
1566 2096 1975 2172 θαυματουργὸς

325 2193 620 2257 ἇπίσκοπος
674 2195 756 2259 είς
804 2195 874 2249 τὰ
928 2192 1084 2269 Μύρα
1140 2191 1362 2254 Λυκίας·
1421 2190 1687 2266 πρότερον
1744 2184 1973 2261 γενόμε-

325 2305 415 2348 νος
467 2285 737 2359 μοναχὸς,
795 2282 886 2338 καὶ
936 2282 1123 2338 πολλὰ
1162 2281 1567 2358 ἀγωνισάμενος
1623 2277 1699 2340 εἷς
1752 2275 1971 2352 ἀρετήν.

327 2376 476 2431 Ἐπεὶ
536 2371 595 2429 δὶ
652 2373 948 2437 ἐπίσκοπος
1002 2370 1416 2450 προεχειρίσθη,
1473 2366 1662 2424 πολλὰ
1726 2365 1974 2438 θαύματα

328 2462 600 2533 ἰποίησεν·
660 2462 1006 2538 ἠλευθέρωσε
1061 2459 1121 2517 δὲ
1176 2460 1266 2517 καὶ
1323 2464 1469 2535 τρεῖς
1524 2456 1718 2531 ἄνδρας
1773 2453 1833 2510 ἐκ
1876 2457 1974 2509 τοῦ

326 2555 577 2608 θανάτου·
666 2549 1102 2626 ἐλοιδορήθησαν
1162 2551 1261 2626 γὰρ
1322 2547 1498 2618 οὗτοι,
1542 2547 1633 2603 καὶ
1691 2542 1973 2611 ἐδέθησαν,

324 2645 412 2699 καί
453 2640 690 2716 ἔμελλον
751 2641 1263 2720 ἀποκεφαλίζεσθαι.
1316 2637 1476 2697 Ἀλλ’
1530 2636 1691 2698 αὐτὸς
1749 2631 1974 2709 ἔδραμε,

322 2734 413 2789 καὶ
446 2733 711 2808 ἐκράτησε
758 2732 821 2788 τὸ
879 2744 1128 2801 σπαθιον,
1176 2731 1266 2786 καὶ
1322 2728 1520 2805 ἐπῆρεν
1568 2725 1700 2782 αὐτὸ
1754 2723 1815 2779 ἐκ
1868 2727 1976 2778 τῶν

324 2828 525 2900 χειρῶν
554 2827 652 2878 τοῦ
698 2820 930 2895 δημίου,
968 2822 1059 2877 καὶ
1084 2819 1348 2877 ἀπέλυσεν
1377 2816 1592 2880 αὐτοὺς.
1626 2813 1730 2871 Καὶ
1773 2810 1977 2868 ἄλλοτε

322 2913 487 2969 πάλιν
514 2910 955 2987 ἑλοιδορήθησαν
978 2910 1142 2967 ἄλλοι
1162 2914 1308 2986 τρεῖς
1332 2908 1406 2972 εἷς
1433 2906 1528 2962 τὸν
1564 2901 1788 2982 βασιλέα
1818 2907 1977 2987 Κίων-

322 3007 603 3057 σταντῖνον
643 2986 749 3056 ὑπὸ
803 3005 905 3057 τοῦ
961 2999 1205 3077 ἐπάρχου
1253 2990 1582 3063 ’Δϐλαϐίου,
1631 2994 1705 3057 ὡς
1750 2986 1978 3047 ἐπίϐου-

323 3090 557 3163 λοι,καὶ
591 3089 1027 3162 ἀπεκλείσθησαν
1087 3089 1164 3153 εἷς
1217 3089 1281 3144 τὸ
1336 3086 1698 3162 πραιτώριον.
1759 3080 1857 3136 Καὶ
1888 3078 1979 3135 ὅτε

320 3178 563 3254 ἔμελλον
626 3180 1124 3250 ἀποκεθαλισθῆναι
1162 3222 1175 3248 ,
1234 3174 1606 3253 παρεκάλεσαν
1674 3172 1766 3227 τὸν
1826 3170 1978 3245 ἅγιον

971 3233 1038 3325 ἐν)
1089 3233 1632 3324 Κούνστατινουπόλει
1664 3262 1719 3318 ἰν
1777 3233 1976 3334 ὀνείρῳ
2006 3233 2050 3299 C

322 3359 415 3415 καὶ
448 3357 792 3434 παρήγγειλε
819 3362 900 3430 τῷ
934 3356 1171 3434 βασιλεῖ,
1206 3355 1296 3412 καὶ
1352 3360 1432 3428 τῷ
1461 3353 1715 3431 ἐπάρχῳ,
1765 3356 1855 3412 καὶ
1877 3353 1953 3408 ἀπ

319 3446 514 3505 ἔλυσαν
546 3448 768 3510 αὐτοὺς.
797 3448 898 3506 Καὶ
927 3446 1072 3504 ἄλλα
1101 3445 1286 3503 πολλᾶ
1314 3446 1563 3520 θαύματα
1617 3447 1874 3518 ποιήσας,
1908 3443 1961 3500 ἐν

328 3547 523 3623 εἰρήνῃ
556 3545 876 3617 ἐτελείώθη.

859 3665 1036 3721 unm
1091 3669 1176 3740 τᾳ
1238 3665 1437 3743 Αττο.

1133 3781 1181 3834 Ζ⁴

326 3898 539 3969 Μνήμη
571 3900 670 3952 τοῦ
699 3895 855 3951 ὀσίου
889 3895 1097 3971 [Σατρὸς
1143 3897 1305 3968 ἡμῶν
1364 3888 1724 3970 Ἀμϐροσίου,
1758 3893 1979 3949 ἐπισκό-

889 4006 993 4040 που
1036 3981 1411 4042 Μεδιολάνων.

393 4098 731 4178 Ἀμϐρόσιος
788 4103 817 4156 ὁ
869 4101 1177 4176 θαυμαστὸς
1233 4100 1441 4177 ἐγένετο
1490 4101 1548 4156 ἐκ
1604 4108 1702 4170 τῆς
1755 4101 1975 4170 πόλεως

316 4195 562 4267 Ῥώμης,
594 4194 984 4269 συγκλητικὸς,
1016 4191 1104 4248 ἐπὶ
1160 4196 1270 4247 τῶν
1331 4193 1547 4267 χρόνων
1573 4195 1682 4246 τῶν
1716 4191 1845 4245 υἱῶν
1876 4194 1974 4245 τοῦ

318 4284 574 4360 Μεγαλου
618 4288 1062 4353 Κωνσταντινου,
1108 4280 1484 4337 Κωνσταντίου
1548 4280 1636 4335 καὶ
1694 4279 1973 4335 Κώνσταν-

318 4393 437 4435 τος-.
471 4372 570 4428 Διᾶ
599 4371 659 4427 δὲ
687 4374 788 4443 τήν
819 4369 1040 4440 πολλήν
1071 4370 1237 4426 αὐτοῦ
1294 4370 1489 4446 ἀρετὴν
1546 4371 1635 4425 καὶ
1695 4366 1974 4425 δικαιοσύ-

322 4484 444 4532 νην,
474 4461 793 4530 ἐπίσκοπος,
836 4460 1042 4537 ἐγένετο
1100 4458 1478 4517 Μεδιολάνωνο
1534 4459 1624 4514 καὶ
1692 4456 1971 4533 διήρκεσεν

321 4550 427 4615 ’ἕως
458 4558 563 4608 τῶν
597 4554 813 4629 χρόνων
840 4556 938 4607 τοῦ
997 4552 1254 4626 Μεγάλου
1312 4550 1623 4609 Θεοδοσίου.
1677 4552 1854 4620 Ζῆλον
1916 4547 1974 4612 δὲ

326 4640 473 4718 ἔχων
500 4644 701 4712 θεῖκὸν,
733 4641 825 4697 καὶ
853 4640 1135 4717 ἐλευθέραν
1195 4642 1402 4716 ψυχήν,
1435 4639 1526 4695 ὅτε
1583 4638 1691 4695 εἶδε
1742 4641 1833 4695 τὸν
1868 4638 1972 4695 Μέ-

325 4752 425 4807 γαν
455 4729 743 4787 Θεοδόσιον
787 4727 1165 4807 πικρανθέντα,
1223 4732 1311 4786 καὶ
1372 4728 1768 4785 ἀποστείλαντα
1812 4749 1975 4803 στραο

324 4820 441 4890 τὸν,
469 4821 561 4875 καὶ
591 4819 861 4896 σφάξαντα
882 4820 974 4874 τὸν
1029 4818 1081 4874 ἐν
1142 4818 1514 4893 Θεσσαλονίκῃ
1573 4817 1729 4891 λαὸν,
1786 4814 1975 4887 ἐπειδὴ

323 4906 581 4965 ἔπταισαν
622 4908 702 4971 εἷς
730 4909 824 4965 τὸν
855 4906 1106 4984 βασιλέα,
1137 4910 1250 4964 εἶτα
1311 4906 1543 4973 ἐλθόντα
1590 4906 1666 4970 είς
1724 4909 1825 4977 τήν
1854 4908 1978 4983 top-

320 5000 425 5067 τήν
449 4999 557 5053 τῶν
607 4999 853 5073 Χριστοῦ
881 4999 1111 5073 γέννων,
1156 4996 1250 5053 ’ίνα
1306 4994 1613 5072 εἶσοδεύσῃ,
1670 4996 1761 5053 καὶ
1818 4993 1978 5066 εὔξη-

319 5109 433 5160 ται,
461 5090 553 5144 καὶ
585 5088 899 5161 κοινωνήσῃ
930 5091 1036 5143 τῶν
1065 5087 1357 5164 ἇχράντων
1393 5086 1726 5162 μυστηρίων,
1768 5082 1981 5141 ἐκώλυ-

326 5198 412 5233 σεν
446 5177 632 5248 αὐτὸν,
664 5176 754 5231 καὶ
807 5176 908 5232 ούκ
960 5176 1163 5255 ἀφῆκεν
1224 5175 1485 5241 εἰσελθεῖν
1545 5176 1623 5238 είς
1677 5175 1741 5231 τὸ
1802 5176 1976 5250 βῆμα,

325 5266 515 5337 εἰπὼν,
548 5266 633 5322 ὅτι
668 5266 895 5333 Φονὲας,
942 5265 1034 5320 καὶ
1076 5264 1315 5339 μάλιστα
1366 5267 1645 5324 τοσούτων
1677 5264 1976 5341 ὁμοφύλων

326 5357 692 5432 Χριστιανῶν,
725 5356 762 5424 ἡ
792 5351 1092 5424 Ἐκκλησία
1118 5359 1215 5410 τοῦ
1246 5359 1382 5411 Θεοῦ
1413 5355 1475 5411 ού
1506 5352 1746 5431 δέχεται.
1779 5354 1888 5412 Τὸν
1920 5350 1980 5409 δὲ

324 5445 481 5520 ἅγίον
536 5445 835 5518 ἐθαυμασεν
866 5445 895 5497 ὁ
930 5441 1206 5519 βασιλεὺς,
1264 5445 1351 5499 καὶ
1431 5443 1678 5517 ἐτίμησε,
1735 5443 1826 5499 καὶ
1878 5445 1979 5499 ὑπ·

319 5536 634 5611 εχὼρησεν,
660 5532 852 5601 εἰπὼν,
885 5531 969 5588 ὅτι
1004 5532 1259 5603 Ἀληθῶς
1290 5533 1581 5609 ἀρχιερεύς
1618 5532 1751 5588 ἐστι.
1788 5533 1980 5589 Πολλὰ

321 5621 383 5680 δὶ
410 5624 503 5679 καὶ
536 5621 685 5680 ἄλλα
717 5624 944 5696 μνήμης
978 5621 1099 5694 ἄξια
1124 5624 1383 5694 ποιήσας,
1408 5624 1581 5679 θανὼν
1613 5621 1798 5698 ὶτίφη.

2085 583 2412 638 nasterium
2434 584 2681 641 inferius
2704 585 2777 641 ad
2800 590 3484 646 sanctumTheoctistum
3512 591 3731 648 missus

2086 689 2155 727 ea
2185 675 2565 730 contentione
2596 675 2840 733 virtutes
2872 684 3218 748 persecutus
3244 684 3353 747 est,
3388 685 3454 735 ut
3481 698 3602 735 non
3635 699 3730 737 so-

2086 761 2210 816 lum
2240 764 2563 820 monachos
2593 782 2802 822 omnes
2860 769 3242 839 superaverit,
3276 769 3378 825 sed
3410 772 3589 827 etiam
3619 789 3730 827 nos

2086 851 2267 905 minis
2295 851 2705 910 celebritatem
2734 856 2891 927 apud
2912 857 3300 929 imperatores
3328 861 3729 927 Anastasium,

2086 945 2146 993 et
2170 940 2572 997 Iustinianum
2603 943 2715 999 sibi
2748 947 3176 1016 comparaverit
3201 948 3451 1003 :etenim
3492 949 3565 1005 ad
3596 949 3732 1005 illos

2087 1029 2161 1084 ab
2191 1030 2734 1104 Hierosolymorum
2758 1035 3110 1106 patriarchis
3134 1042 3418 1108 tanquam
3442 1038 3733 1094 mediator

2088 1118 2306 1175 missus
2334 1119 2466 1176 fuit.
2499 1122 2607 1187 Qui
2638 1138 2767 1178 cum
2799 1124 3021 1179 multos
3048 1125 3367 1182 virtutibus
3396 1127 3732 1197 imbuisset,

2088 1215 2143 1263 et
2176 1209 2363 1265 multa
2391 1212 2757 1268 monasteria
2796 1214 3214 1286 contraxisset,
3246 1216 3505 1287 plurima
3552 1218 3733 1273 etiam

2089 1299 2378 1354 miracula
2406 1300 2711 1367 edidisset,
2743 1318 2776 1356 e
2806 1302 3021 1373 quibus
3060 1304 3171 1359 hoc
3208 1321 3395 1361 unum
3446 1322 3734 1361 memora-

2090 1394 2205 1458 tur,
2237 1389 2396 1460 quod
2428 1406 2458 1443 e
2492 1394 2647 1446 terra
2667 1407 2885 1463 aquam
2915 1393 3139 1462 eduxit,
3166 1410 3355 1450 annos
3381 1402 3556 1452 natus
3575 1400 3731 1451 octo-

2088 1477 2256 1543 ginta
2286 1478 2574 1551 quinque,
2604 1479 2679 1536 ad
2700 1482 3019 1537 Dominum
3048 1483 3338 1557 migravit.

2642 1598 2881 1654 EODEM
2930 1601 3179 1656 MENSE.

2754 1714 2856 1769 Die
2905 1720 3067 1771 sexta

2008 1871 2057 1936 B
2090 1828 2189 1885 l2
2253 1827 2705 1885 Commemoratio
2779 1830 2959 1885 sancti
3018 1834 3203 1902 patris
3259 1833 3439 1889 nostri
3496 1835 3732 1905 Nz'colai,

2434 1917 2837 1989 archiepiscopi
2880 1922 3051 1989 Myra:
3096 1922 3153 1975 in
3200 1923 3384 1991 Lycia.

2154 2034 2542 2090 Constantino
2574 2037 2777 2108 Magno
2836 2037 3191 2107 imperatore
3218 2037 3422 2094 ﬂoruit
3476 2046 3585 2096 iste
3612 2058 3734 2098 ma-

2083 2142 2235 2197 gnus
2265 2125 2529 2197 pontifex
2561 2130 2622 2180 et
2648 2126 3117 2199 Thaumaturgus
3144 2129 3456 2200 episcopus
3482 2130 3544 2185 in
3575 2132 3736 2201 Myra

2086 2216 2274 2287 Lyciae
2293 2214 2440 2269 urbe
2465 2233 2478 2271 :
2503 2220 2563 2269 et
2584 2216 2843 2286 primum
2867 2215 3109 2287 quidem
3141 2218 3533 2274 monasticam
3551 2236 3732 2292 agens

2083 2305 2282 2371 vitam,
2314 2310 2437 2361 toto
2493 2305 2696 2362 animo
2744 2307 2806 2360 in
2862 2308 3106 2363 virtutes
3148 2308 3474 2364 contendit.
3507 2310 3731 2365 Deinde

2085 2396 2398 2467 episcOpus
2428 2395 2756 2464 ordinatus,
2780 2396 2968 2452 multa
2993 2397 3281 2453 miracula
3300 2400 3569 2470 patravit.
3593 2401 3732 2455 Tres

2085 2485 2242 2540 enim
2273 2485 2546 2539 homines
2576 2500 2611 2539 a
2636 2490 2828 2540 morte
2872 2485 3162 2556 liberavit,
3194 2487 3295 2557 qui
3346 2487 3496 2543 falso
3527 2487 3729 2558 delati,

2085 2581 2145 2630 et
2174 2575 2237 2629 in
2265 2573 2499 2631 vincula
2530 2575 2806 2646 conjecti,
2828 2574 2903 2629 ad
2933 2575 3287 2646 supplicium
3321 2575 3690 2632 ducebantur
3714 2593 3728 2631 :

2086 2665 2191 2720 sed
2218 2680 2541 2721 accurrens
2572 2664 2695 2727 ille,
2726 2663 3043 2736 gladioque
3082 2665 3210 2736 jam
3260 2665 3590 2721 cervicibus
3620 2667 3736 2721 im-

2086 2754 2373 2821 minente,
2408 2770 2439 2810 e
2471 2753 2770 2811 carniﬁcis
2816 2752 3092 2809 manibus
3150 2759 3375 2825 erepto,
3408 2772 3510 2809 eos
3541 2755 3732 2810 solvit.

2083 2843 2351 2898 Totidem
2385 2842 2487 2898 alii
2515 2843 2946 2915 conjurationis
2976 2842 3036 2898 in
3058 2843 3514 2899 Constantinum
3546 2844 3731 2916 impe-

2085 2937 2344 2988 ratorem
2377 2949 2411 2987 a
2442 2932 2717 3004 praefecto
2745 2931 2993 2987 Ablabio
3023 2932 3174 2987 falso
3206 2932 3557 3004 insimulati,
3585 2937 3645 2988 et
3668 2932 3729 2989 in

2085 3021 2361 3093 praetorio
2420 3021 2656 3091 inclusi,
2716 3037 2851 3077 cum
2901 3021 3093 3093 capite
3152 3021 3451 3093 plectendi
3509 3028 3731 3088 essent,

2088 3117 2360 3167 sanctum
2392 3109 2697 3166 Nicolaum
2735 3111 3118 3167 invocarunt:
3173 3111 3276 3181 qui
3333 3128 3440 3183 per
3468 3112 3730 3182 quietem

2087 3199 2663 3271 Constantinopolim
2698 3198 3039 3267 adveniens,
3095 3199 3461 3271 imperatori,
3496 3206 3553 3255 et
3582 3218 3733 3271 prm-

2090 3289 2244 3345 fecto
2274 3288 2574 3362 praecepit,
2607 3294 2675 3343 ut
2703 3288 2840 3343 illos
2888 3288 3277 3343 dimitterent.
3310 3288 3569 3344 Tandem
3602 3295 3738 3359 post

2091 3378 2279 3434 multa
2307 3378 2425 3433 alia
2452 3376 2741 3432 miracula
2768 3377 2829 3433 in
2860 3391 3001 3447 Pace
3029 3375 3300 3431 decessit.

2642 3675 2882 3731 EODEM
2924 3674 3173 3729 MENSE.

2716 3792 2818 3847 Die
2850 3791 3103 3863 septima

2085 3909 2187 3964 18
2251 3908 2705 3963 Commemoratio
2752 3909 2932 3964 sancti
2959 3908 3142 3963 Patris
3200 3908 3374 3961 nostri
3432 3905 3733 3972 Ambrosii,

2609 3997 2851 4069 episcopi
2884 3997 3203 4052 Mediolani.

2138 4113 2486 4168 Ambrosius
2500 4112 2867 4167 admirabilis
2879 4129 2947 4167 ex
2963 4112 3106 4167 urbe
3130 4111 3731 4167 Romafuitsenatorii

2084 4200 2331 4277 ordinis,
2363 4200 2727 4273 temporihUs
2751 4201 3095 4267 Constantii,
3132 4206 3187 4254 et
3218 4198 3555 4254 Constantis
3576 4197 3730 4252 filio-

2084 4307 2215 4345 rum
2246 4289 2615 4345 Coustantini
2674 4289 2881 4360 Magni.
2927 4288 3009 4343 Ob
3042 4287 3258 4342 multas
3290 4292 3487 4340 autem
3538 4285 3727 4355 ipsius

2080 4379 2331 4433 virtutes
2361 4377 2857 4449 atquejustitiam
2899 4376 3211 4447 episcopus
3270 4372 3726 4428 Mediolanensis

2082 4468 2293 4536 factus,
2322 4467 2463 4521 vixit
2490 4482 2679 4537 usque
2731 4464 2805 4520 ad
2864 4471 3127 4536 tempora
3176 4462 3487 4518 Theodosii
3525 4462 3733 4533 Magni.

2083 4558 2227 4615 Cum
2258 4577 2393 4615 vero
2425 4560 2625 4615 divino
2656 4558 2778 4614 zelo
2802 4558 3082 4613 incensus
3130 4562 3307 4619 esset,
3345 4554 3735 4626 animumque

2085 4649 2339 4705 liberum
2367 4649 2632 4715 haberet,
2650 4648 3041 4704 Theodosium
3067 4648 3337 4720 Magnum
3369 4644 3530 4717 quod
3558 4644 3733 4698 veheo

2088 4740 2320 4790 menter
2349 4738 2680 4789 commotus
2693 4733 3017 4788 exercitum
3040 4732 3395 4798 misisset,ac
3423 4728 3736 4785 Thessalo-

2088 4824 2393 4880 nicensem
2424 4823 2844 4895 populum,qui
2892 4823 2953 4877 in
2996 4821 3123 4893 ipse
3154 4821 3577 4892 imperatorem
3596 4832 3732 4890 pec-

2087 4918 2322 4970 caverat
2363 4913 2645 4969 trucidari
2668 4913 2970 4985 jussisset,
2998 4911 3059 4967 in
3090 4911 3240 4966 festo
3270 4910 3489 4966 natalis
3517 4907 3737 4964 Christi

2090 5003 2379 5075 templum
2401 5002 2629 5075 ingredi
2651 5002 2964 5065 volentem,
2989 5006 3053 5056 ut
3074 5004 3272 5056 oraret
3300 5014 3584 5069 sacraque
3607 5013 3740 5068 my-

2090 5093 2272 5148 steria
2310 5093 2669 5164 perciperet,
2719 5092 2995 5164 ingressu
3025 5089 3229 5161 templi
3261 5086 3566 5161 prohibuit
3595 5103 3607 5140 :
3639 5086 3747 5139 Ec-

2088 5182 2271 5238 clesia
2300 5183 2425 5251 Dei,
2456 5182 2756 5254 inquiens,
2798 5198 2919 5236 non
2980 5179 3241 5236 admittit
3287 5176 3638 5242 homicidas,
3670 5191 3739 5230 ac

2090 5287 2190 5327 eos
2219 5272 2573 5343 praesertim;
2595 5271 2696 5342 qui
2729 5269 2995 5341 ejusdem
3028 5284 3226 5324 secum
3250 5266 3441 5340 gentis
3463 5264 3744 5323 Christia-

2088 5378 2198 5416 nos
2220 5362 2604 5416 trucidarent.
2640 5363 2713 5415 At
2732 5362 3055 5432 imperator
3084 5364 3355 5414 sanctum
3386 5356 3736 5421 admiratus;

2089 5448 2387 5519 simulque
2415 5450 2642 5504 honore
2656 5453 3028 5520 prosecutus;
3060 5447 3327 5512 recessit,
3360 5444 3740 5499 Ambrosium

2088 5555 2291 5594 verum
2319 5554 2450 5594 esse
2499 5538 2842 5610 episcopum
2898 5538 3228 5593 afﬁrmans.
3288 5535 3394 5589 Ille
3416 5549 3573 5596 vero,
3606 5545 3740 5585 cum

2087 5628 2277 5684 multa
2297 5627 2415 5683 alia
2443 5632 2775 5683 memoratu
2806 5626 2984 5697 digna
3038 5626 3299 5688 fecisset,
3329 5620 3497 5686 obiit;
3533 5615 3744 5686 sepul-

2089 5722 2313 5789 tusque
2342 5716 2474 5773 fuit.
