4074 6192
279 317 397 380 201

1727 318 2086 381 DECEMBE
2095 322 2137 382 ll
2149 363 2166 381 .

3583 341 3704 402 202

282 452 453 527 ἅγιοι.
484 452 549 510 Ὀ
580 450 640 508 δὶ
694 452 941 517 Αἱθαλὰς
969 451 1147 530 ἱερεὺς
1198 456 1313 510 τῶν
1370 451 1620 510 εἰδώλων
1673 453 1927 530 ὗπάρχωι

2055 454 2145 512 las
2173 458 2417 528 quidem
2445 460 2744 523 idolorum
2775 470 3053 527 sacerdos
3090 472 3268 529 ﬁdem
3299 474 3514 530 Christi
3547 472 3707 532 hunc

281 541 635 617 ἰπιγινώσκει
691 546 793 612 τήν
854 543 931 607 είς
986 544 1220 620 Χριστὸν
1307 543 1490 601 πίστιν
1571 544 1678 600 ἀπὸ
1769 544 1946 609 αἰτίας

280 628 547 701 τοιαύτης
581 650 597 664 ·
655 631 943 704 Ἠσθὲνησε
996 633 1086 689 καὶ
1172 631 1480 707 ἰνεθυμήθη
1549 630 1807 690 ἀπελθεῖν
1865 632 1945 696 είς

281 720 377 776 τὸν
405 719 705 779 ἐπισκοπον
752 726 863 778 τῶν
907 724 1269 798 Χριστιανῶν,
1321 722 1415 778 ’ίνα
1468 727 1806 799 θαραπευθῇ.
1840 722 1944 781 Kal

285 811 484 876 εὐθέως
519 813 753 889 ὗγίανεν.
792 815 926 871 Εἶτα
954 814 1240 890 ἁπήρχετο
1270 813 1348 877 εἰς
1403 815 1506 884 τὴν
1560 810 1704 870 ἱδίαν
1753 812 1943 886 πόλιν,

281 904 373 956 ἳνα
411 903 542 964 τοὺς
600 907 876 979 συγγενεῖς
932 902 1096 958 αὐτοῦ
1148 899 1336 978 διδᾶξη
1389 901 1634 979 γενέσθαι
1686 921 1942 978 Χριστια·

287 991 439 1054 νοῦς.
500 991 606 1049 Καὶ
668 992 857 1064 μαθὼν
906 996 1069 1049 τοῦτο
1127 993 1157 1048 ὁ
1212 989 1441 1069 ἄρχων,
1493 990 1711 1049 ὶπίασεν
1756 992 1937 1049 αὐτὸν·

284 1084 373 1139 καὶ
402 1080 581 1156 κόψας
607 1082 675 1138 τὰ
704 1082 841 1137 ὠτία
889 1082 1076 1153 αὑτοῦ,
1130 1078 1382 1138 ἰνὲϐαλεν
1443 1081 1522 1145 εἷς
1577 1079 1849 1161 φυλακήν.
1879 1084 1944 1142 Ὁ

286 1169 343 1228 δί
370 1169 527 1247 ἅγιος
585 1174 778 1246 νΑψεῖς
818 1172 1039 1248 ὑπῆρχε
1094 1168 1362 1233 διάκονος·
1397 1171 1485 1227 καὶ
1533 1172 1826 1246 κρατηθείς
1852 1173 1943 1228 καὶ

287 1262 451 1324 αὖτος
483 1305 499 1330 ,
550 1262 640 1316 καὶ
705 1261 801 1316 τὸν
855 1261 1087 1337 Χριστὸν
1148 1259 1510 1335 ὁμολογήσας
1545 1304 1560 1332 ,
1616 1265 1942 1338 τιμωρεῖται

286 1350 535 1427 ἰσχυρῶς
568 1394 582 1409 .
644 1352 777 1405 Εἶτα
843 1350 1267 1426 παραπίμπεται
1321 1353 1403 1422 τῷ
1458 1348 1762 1426 ἀρχιμάγῳ
1808 1351 1944 1424 μετᾶ

282 1445 379 1496 τοῦ
410 1438 573 1516 ἁγίου
600 1439 878 1505 ’Λειθαλὰ.
909 1442 972 1499 Ὀ
1011 1438 1069 1496 δὶ
1119 1440 1433 1517 ἀρχιμάγος
1488 1439 1687 1517 εῗσάγει
1744 1438 1941 1506 αὐτοὺς

284 1531 423 1606 πρὸς
468 1530 565 1584 τὸν
624 1527 872 1606 βασιλέα.
934 1527 1038 1586 Καὶ
1091 1529 1460 1603 ἡρωτήθησαν
1519 1528 1790 1605 παρόντος
1843 1532 1941 1584 τοῦ

286 1621 634 1695 ἀρχιμάγου,
668 1619 760 1674 καὶ
811 1618 961 1694 παρὰ
1014 1621 1113 1674 τοῦ
1160 1615 1452 1692 βασιλέως,
1512 1617 1605 1673 καὶ
1659 1639 1939 1694 κατηναγ-

284 1711 563 1781 κάσθησαν
598 1707 929 1784 ἀρνήσασθαι
953 1707 1046 1763 τὸν
1079 1706 1342 1783 Χριστόν.
1400 1706 1507 1764 Καὶ
1564 1704 1696 1763 ἰδὼν
1744 1706 1940 1770 αὐτοὺς

286 1801 314 1855 ὁ
346 1796 607 1875 βασιλεὺς
638 1798 724 1853 δτι
766 1795 865 1853 ούκ
895 1797 1181 1875 ἀρνοῦνται
1223 1797 1315 1852 τὸν
1375 1796 1636 1868 Χφιστὸν,
1669 1796 1939 1876 ἀπεκεφά-
1966 1809 2016 1873 Β

284 1888 431 1945 λισεν
462 1887 689 1951 αὐτοὺς.
721 1885 825 1945 Kal
847 1885 1020 1950 οὕτως
1045 1885 1461 1959 ἐτελειώθησαν.

848 2006 935 2078 Τῆ
988 2002 1126 2079 αὗτῇ
1180 1999 1364 2080 ἡμέρᾳ

288 2126 494 2199 nullm
524 2127 625 2180 τοῦ
655 2119 1478 2217 ὁσίου-ξῖηατρὸςαὴμῷἒὲανιηλ
1537 2119 1637 2178 τοῦ
1667 2122 1935 2180 Στυλίτου

810 2198 910 2250 τοῦ
937 2192 992 2252 ἐν
1022 2192 1113 2267 τῷ
1129 2192 1408 2268 Ἀνάπλιρ.

350 2309 525 2373 Οὗτος
582 2310 803 2387 ὑπῆρχε
833 2311 930 2384 μὶν
956 2307 1047 2366 ἐπὶ
1086 2316 1187 2380 τῆς
1240 2306 1522 2385 βασιλείας
1575 2309 1806 2373 Λιονεος
1834 2313 1932 2365 τοῦ

286 2400 549 2475 μεγάλου·
609 2399 826 2476 ἐγίνετο
911 2396 971 2456 δὲ
1042 2398 1149 2455 ἀπὸ
1203 2398 1626 2473 Μεσοποταμίας
1664 2406 1765 2470 τῆς
1822 2405 1928 2455 Συ-

282 2491 422 2564 ρίας.
454 2488 757 2561 ΠΜαέι-ης
812 2486 871 2545 δὲ
917 2488 1235 2565 γενόμενος,
1265 2486 1509 2558 ἀπῆλθεν
1561 2488 1619 2545 ἐν
1654 2509 1928 2562 μοναστη-

281 2581 387 2654 ρίῳ
415 2626 431 2652 ,
484 2578 577 2634 καὶ
637 2578 846 2655 ἐγενετο
908 2577 1172 2654 μοναχός·
1230 2576 1333 2636 Καὶ
1388 2578 1523 2652 μετὰ
1567 2582 1728 2635 τοῦτο
1786 2599 1929 2655 παρ-

278 2670 489 2744 εγενετο
516 2668 776 2744 καὶπρὸς
828 2668 922 2724 τὸν
980 2668 1145 2745 μέγαν
1200 2667 1425 2740 Συμεὼν
1483 2666 1575 2722 τὸν
1632 2666 1924 2738 Στυλίτην·

278 2758 366 2812 καί
425 2756 701 2832 εὖλογήθη
762 2757 889 2832 παρ’
939 2757 1164 2813 ἐκείνου·
1222 2753 1282 2811 in
1339 2759 1473 2811 Θεοῦ
1531 2752 1590 2811 δὲ
1647 2754 1929 2812 ἀποκαλύ-

276 2852 421 2923 ψεως
455 2846 623 2916 ἦλθεν
656 2845 709 2902 ἒν
755 2851 838 2918 τῷ
882 2843 1161 2919 Ἀνάπλῳ.
1223 2846 1323 2901 Kal
1369 2842 1685 2901 ἀπέκλεισεν
1739 2846 1928 2903 ἑαυτὸν

274 2937 329 2993 ἐν
353 2941 468 3008 ναῷ
496 2939 610 2991 ’τῶν
670 2931 944 3003 εἲδώλων,
1000 2933 1250 2998 πολλοὺς
1304 2933 1643 3011 πειρασμοὺς
1698 2935 1924 3009 ὑπομεί-

279 3051 373 3094 νας
427 3028 532 3084 ὑπὸ
589 3032 703 3084 τῶν
759 3023 1061 3100 δαιμόνων.
1120 3028 1227 3084 Καὶ
1286 3027 1421 3101 μετὰ
1473 3031 1637 3083 τοῦτο
1690 3027 1923 3095 ἀνῆλθεν

274 3119 351 3182 είς
406 3117 587 3187 κίονα,
638 3117 728 3172 καὶ
785 3115 998 3193 ὶγένετο
1054 3114 1333 3186 στυλίτης,
1398 3115 1488 3172 καὶ
1541 3115 1665 3173 οὔτε
1719 3120 1923 3194 ψῦχος.

273 3208 397 3264 οὕτε
423 3211 631 3279 καῦμα,
689 3205 818 3262 οῦτε
864 3204 1064 3279 ἄνεμος
1091 3204 1335 3277 ἐνίκησεν
1365 3205 1533 3261 αὐτοῦ
1586 3208 1686 3278 τήν
1738 3230 1925 3285 καρτε.

274 3298 417 3375 ρίαν.
479 3298 772 3369 Ἐποίησεν
844 3298 936 3353 οὖν
998 3295 1187 3354 πολλὰ
1231 3297 1503 3371 θαύματω
1544 3298 1635 3354 καὶ
1698 3304 1925 3373 προεῖπε

270 3389 363 3443 καὶ
438 3386 806 3461 ἰμπρησμοῦς
878 3389 980 3457 τῆς
1062 3382 1281 3450 πόλεως
1363 3388 1452 3442 καὶ
1539 3385 1882 3465 μεταλλαγάς
1907 3433 1919 3444 .

273 3478 559 3552 Ἠγαπήθη
638 3473 698 3532 δὶ
752 3477 900 3551 παρᾶ
952 3475 1191 3531 πάντων·
1255 3475 1348 3531 καὶ
1403 3474 1661 3532 τοσοῦτον
1714 3476 1923 3553 ἐγένετο

274 3567 605 3641 θαυμαστὸς,
633 3565 827 3628 ὡςκαὶ
876 3566 968 3621 τὸν
1020 3562 1246 3640 βασιλᾶα
1302 3563 1508 3621 Λέοντα
1561 3565 1700 3639 πρὸς
1757 3567 1921 3623 αὐτὸν

275 3656 610 3733 ἀπέρχεσθαι
660 3655 821 3731 χάριν
879 3653 1076 3723 εὐχῆς.
1134 3654 1238 3711 Kal
1290 3656 1418 3731 παρ’
1474 3653 1681 3710 ἑκείνου
1737 3654 1924 3712 πολλᾶ

274 3744 352 3806 εἷς
406 3744 596 3819 ψυχὴν
669 3741 999 3821 ὡφελεῖσθαι
1028 3785 1043 3810 ,
1099 3741 1191 3798 καὶ
1239 3738 1630 3818 φιλάνθρωπον
1682 3742 1921 3818 γίνεσθαι

271 3840 389 3900 τοῖς
414 3832 725 3893 πταίουσιν.
755 3832 910 3890 Οίίτω
936 3829 994 3888 δὶ
1023 3826 1229 3897 ϐιώσας
1248 3829 1564 3905 ἐτελειώθη.

833 3950 1017 4010 MBNI
1044 3950 1136 4008 T0
1161 3952 1360 4009 ΑΥΤΩ.

1054 4071 1141 4130 IB‘

272 4192 488 4265 Μνήμη
516 4212 617 4246 του
644 4190 821 4265 Δὁσίου
878 4191 1089 4265 Πατρὸς
1134 4192 1296 4264 ἡμῶν
1360 4188 1712 4265 Σπυρίδωνος
1765 4190 1918 4246 lme-

591 4262 769 4318 κόπου
803 4260 1194 4338 Τριμιθοῦντος
1224 4268 1324 4332 τῆς
1356 4260 1597 4338 Κύπρου.

341 4382 403 4439 Ὁ
490 4380 645 4443 ὅσιος
723 4381 909 4457 Πατὴρ
980 4382 1143 4455 ἡμῶν
1199 4377 1516 4454 Σπυρίδων,
1573 4380 1785 4457 ἐγένετο
1832 4380 1919 4437 ἰπὶ

272 4470 699 4527 Κωνσταντίνου
749 4473 853 4525 τοῦ
930 4469 1220 4545 βασιλέως,
1291 4469 1387 4526 τὸν
1437 4465 1642 4547 τρόπον
1687 4469 1919 4543 ἁπλοῦς,

269 4561 369 4630 τὴν
402 4558 629 4637 καρδίαν
685 4557 958 4622 ταπεινός.
1017 4557 1315 4633 Ἐποίμανε
1375 4556 1434 4614 δὲ
1476 4546 1752 4635 πρόϐατα.
1813 4559 1916 4616 Kal
1950 4546 1993 4611 Ι)

269 4655 500 4724 γυναῖκα
526 4644 737 4719 λαϐὼν,
761 4648 851 4704 καὶ
905 4646 1167 4725 θυγατέρα
1220 4650 1501 4723 γεννήσας,
1563 4647 1676 4704 ἐπεὶ
1735 4648 1912 4721 ἐκείνη

270 4739 529 4805 ἆπίθανεν
562 4784 578 4809 ,
627 4737 837 4815 ἐγένετο
880 4734 1190 4801 -ἐπίσκοπος
1222 4756 1236 4771 ·
1293 4738 1476 4814 γέγονε
1534 4733 1593 4792 δὲ
1642 4737 1732 4793 καὶ
1788 4740 1914 4793 θαυ-

276 4828 583 4908 ματουργός
614 4876 629 4890 .
722 4830 825 4887 Καὶ
877 4830 985 4906 γὰρ
1034 4829 1088 4884 ὲν
1137 4823 1380 4904 ἀϐροχία
1435 4828 1781 4903 προσηύξατο
1824 4830 1916 4884 καὶ

272 4915 469 4994 ἔϐρεξε.
502 4920 601 4975 Καὶ
653 4919 761 4974 ἀπὸ
823 4917 994 4992 λιμοῦ
1042 4917 1292 4990 εὐθηνίαν
1350 4916 1594 4991 ἐποίησε,
1653 4919 1741 4973 καὶ
1794 4914 1916 4996 ὄφιν

278 5005 569 5081 μετέϐαλεν
628 5007 706 5072 είς
733 5012 994 5084 χρυσοῦν*
1028 5010 1119 5064 καί
1150 5008 1317 5064 πάλιν
1368 5028 1460 5063 τον
1520 5009 1725 5084 χρυσὸν
1785 5009 1920 5082 μετᾶ

272 5095 333 5150 τὸ
361 5092 584 5163 δοθῆναι
612 5093 891 5170 ἐνεχυρον,
922 5094 1011 5150 καὶ
1043 5092 1379 5151 δανείσασθαι
1424 5095 1517 5150 τὸν
1548 5096 1796 5170 πτωχὸν,
1827 5095 1917 5151 καὶ

276 5188 590 5256 ζῆσαι,μετε
620 5181 846 5253 ποίησεν
876 5182 952 5246 εἷς
976 5179 1119 5263 ὅφιν,
1140 5185 1227 5239 καί
1265 5180 1520 5240 ἂπέλυσε’
1551 5184 1641 5239 καὶ
1669 5184 1915 5256 ποταμὸν

271 5268 537 5348 τρέχοντα
564 5266 810 5343 ἔστησεν·
839 5271 979 5341 ἦλθε
1017 5270 1075 5327 δὲ
1129 5271 1205 5335 εἷς
1256 5272 1355 5341 τὴν
1389 5270 1445 5326 ὃν
1476 5271 1675 5344 Νικαίᾳ
1696 5269 1916 5327 σύνοδον

273 5362 355 5415 καὶ
408 5361 726 5437 κατῄσχυνε
776 5359 907 5423 τοὺς
961 5361 1255 5435 αἱρετικοςο
1316 5361 1454 5435 γυνὴ
1515 5357 1574 5415 δε
1625 5380 1708 5423 τις
1749 5358 1920 5416 ἔδωκε

272 5452 335 5522 τῇ
388 5448 621 5525 θυγατρὶ
687 5447 852 5504 αὐτοῦ
936 5449 1412 5525 παρακαταθήκην·
1493 5450 1609 5504 εἶτα
1664 5450 1920 5505 ἀπέθανεν

274 5540 581 5615 ήθυγᾶτηρ
625 5538 816 5608 αὐτοῦ,
865 5538 954 5593 καί
1015 5539 1093 5611 μὴ
1151 5537 1539 5614 εύρισκομὲνης
1587 5543 1688 5609 τῆς
1743 5558 1916 5615 παρα-

276 5634 610 5700 καταθῆκης,
680 5628 967 5705 ἠρώτησεν
1021 5627 1052 5683 ὁ
1105 5627 1278 5705 γέρων
1342 5628 1445 5698 τὴν
1528 5629 1742 5704 νεκρὰν,
1827 5626 1916 5684 καὶ

587 5754 852 5819 Panos.
899 5756 1012 5817 Gs.
1059 5755 1299 5819 CXVII.

2052 544 2115 600 in
2148 546 2394 607 modum
2415 555 2703 624 cognovit.
2726 556 2871 613 Cum
2890 560 3098 616 morbo
3119 561 3709 632 laboraret,decrevit

2052 638 2397 712 episcopum
2454 645 2929 706 Christianorum
2986 654 3172 723 adire,
3229 662 3298 712 ut
3352 664 3707 714 curaretur:

2052 744 2168 798 quo
2192 728 2346 785 facto
2379 735 2580 790 statim
2622 739 2959 797 convaluit:
2994 747 3121 798 tum
3152 744 3214 800 in
3244 746 3497 817 patriam
3530 748 3710 803 rediit

2050 824 2117 907 ut
2136 822 2507 893 propinquos
2530 826 2605 880 ad
2628 827 3022 887 Christianam
3046 833 3398 907 religionem
3421 838 3702 893 traheret.

2051 906 2217 972 Quod
2248 909 2349 964 ubi
2381 914 2654 985 cognovit
2682 917 3019 987 prmfectus,
3049 906 3570 993 comprehensum,
3604 941 3707 981 au-

2050 996 2334 1070 ribusque
2364 1001 2725 1073 mutilatum,
2747 1006 2806 1061 in
2826 1023 3127 1067 carcerem
3153 1011 3703 1070 detruisit.Sanctus

2049 1103 2185 1143 vero
2209 1090 2455 1161 Apsaaus
2476 1090 2768 1150 diaconus
2787 1099 3253 1169 comprehensus
3286 1107 3343 1158 et
3372 1104 3521 1175 ipse,
3543 1105 3713 1162 Chri-

2049 1180 2330 1249 stumque
2362 1180 2687 1251 professus,
2735 1189 3049 1257 postquam
3079 1190 3461 1249 acerbissime
3493 1211 3705 1253 excru-

2049 1265 2240 1323 ciatus
2272 1268 2502 1339 fuisset,
2528 1273 2786 1329 mittitur
2804 1276 2877 1332 ad
2898 1294 3204 1351 magorum
3233 1283 3564 1356 principem
3585 1303 3708 1343 una

2048 1372 2185 1412 cum
2217 1364 2422 1415 sancto
2451 1361 2706 1421 Aithala.
2741 1365 2820 1420 At
2848 1383 3153 1439 magorum
3176 1372 3452 1445 princeps
3474 1375 3609 1432 illos
3631 1376 3705 1433 ad

2047 1462 2247 1519 regem
2280 1449 2647 1507 intromisit:
2676 1471 2792 1525 quo
2836 1463 3152 1527 praesente,
3198 1476 3334 1516 cum
3365 1478 3400 1518 a
3429 1480 3562 1537 rege
3610 1466 3702 1521 in-

2048 1538 2497 1609 terrogarentur
2527 1546 2705 1614 atque
2737 1543 3122 1616 adigerentur
3167 1549 3464 1607 Christum
3511 1553 3703 1610 abne-

2047 1639 2209 1696 gare,
2250 1643 2360 1683 nec
2419 1633 2618 1686 tamen
2673 1632 2745 1688 ad
2804 1633 2863 1689 id
2922 1635 3123 1691 induci
3186 1645 3450 1710 possent,
3510 1643 3703 1715 capite

2046 1713 2389 1773 obtruncati
2423 1719 2731 1779 ﬁnierunt.

2693 2020 2915 2079 Eodem
2947 2023 3043 2079 die

2044 2130 2146 2188 2³
2201 2134 2656 2193 Commemoratio
2704 2142 2885 2196 sancti
2942 2141 3123 2198 Patris
3198 2147 3377 2202 nostri
3449 2147 3692 2204 Danieh's

2572 2209 2789 2280 Stylitw
2816 2213 2876 2267 in
2904 2215 3148 2285 Anaplo.

2111 2321 2214 2378 Hic
2244 2321 2307 2378 in
2339 2324 2763 2396 Mesopotamia
2799 2328 2980 2400 Syrias
3011 2334 3208 2402 natus,
3240 2332 3432 2389 Leone
3472 2351 3689 2407 magno
3730 2338 3737 2349 ‘

2038 2411 2557 2484 imperatore,cum
2584 2431 2774 2471 annos
2790 2418 3057 2490 quinque
3077 2425 3295 2492 ageret,
3316 2423 3377 2478 in
3390 2430 3691 2480 monaste-

2038 2501 2195 2558 rium
2226 2502 2547 2574 profectus,
2579 2507 2911 2563 monachus
2938 2508 3127 2565 factus
3158 2516 3267 2566 est.
3310 2514 3522 2570 Postea
3551 2532 3689 2586 per-

2035 2591 2192 2647 rexit
2219 2592 2291 2648 ad
2322 2609 2602 2666 magnum
2631 2595 2967 2653 Simeonem
2994 2598 3286 2671 Stylitam,
3319 2602 3420 2673 qui
3471 2608 3529 2658 et
3574 2605 3686 2660 Da-

2039 2681 2185 2736 nieli
2218 2680 2542 2738 benedixit.
2575 2686 2721 2740 Tum
2753 2703 2821 2742 ex
2841 2687 3038 2745 divina
3055 2690 3416 2748 revelatione
3438 2693 3500 2748 in
3529 2699 3684 2751 Ana-

2036 2770 2199 2843 plum
2242 2771 2560 2843 profectus,
2625 2792 2687 2830 se
2747 2776 2808 2831 in
2865 2777 3163 2835 idolorum
3218 2780 3356 2837 fano
3416 2783 3682 2854 inclusit,

2037 2860 2241 2917 multis
2271 2863 2563 2920 molestiis
2591 2881 2627 2919 a
2657 2865 3028 2924 daemonibus
3054 2870 3320 2927 affectus.
3376 2873 3680 2929 Postremo

2035 2966 2363 3008 conscensa
2392 2953 2676 3010 columna
2702 2955 2892 3011 factus
2921 2963 3012 3012 est
3039 2959 3250 3030 Stylita
3281 2977 3295 3015 :
3328 2962 3499 3033 cujus
3528 2980 3679 3019 con-

2037 3040 2341 3103 stantiam.
2374 3047 2553 3114 atque
2583 3043 2768 3099 animi
2811 3044 3153 3103 ﬁrmitatem
3205 3049 3373 3105 nulla
3423 3051 3683 3123 frigoris,

2036 3129 2206 3186 nulla
2235 3136 2436 3200 aastus,
2468 3132 2639 3188 nulla
2664 3138 2972 3190 ventorum
3002 3136 3087 3191 vis
3118 3136 3390 3211 frangere
3418 3156 3683 3212 unquam

2036 3221 2246 3292 potuit.
2283 3221 2459 3277 Multa
2489 3222 2669 3294 igitur
2718 3223 3007 3280 miracula
3060 3228 3331 3296 patravit,
3394 3228 3684 3301 Urbisque

2032 3308 2310 3365 incendia
2338 3310 2820 3381 mutationesque
2852 3312 3143 3383 prmdixit.
3166 3320 3223 3369 et
3242 3315 3519 3371 omnibus
3541 3318 3683 3374 cha-

2029 3417 2133 3455 rus
2160 3399 2291 3468 fuit,
2325 3404 2504 3470 atque
2534 3399 2618 3455 ita
2645 3398 3040 3470 admirabilis,
3098 3407 3164 3458 ut
3195 3403 3306 3459 Leo
3356 3405 3684 3476 imperator

2029 3488 2103 3545 ad
2134 3504 2269 3544 eum
2300 3488 2630 3555 accederet,
2680 3494 2747 3544 ut
2803 3489 2932 3561 ejus
2988 3507 3196 3563 preces
3244 3492 3611 3565 deposceret,
3646 3513 3682 3552 a

2028 3594 2147 3649 quo
2178 3577 2368 3633 multa
2387 3577 2506 3633 alia
2534 3578 2751 3634 animas
2781 3578 2954 3634 utilia
2982 3578 3212 3646 didicit,
3273 3585 3397 3637 tum
3440 3584 3587 3641 illud
3620 3586 3682 3643 in

2028 3666 2259 3738 primis,
2289 3670 2356 3721 ut
2384 3666 2832 3724 misericordem
2856 3686 2917 3723 se
2943 3685 3082 3740 erga
3101 3669 3521 3744 delinquentes
3541 3690 3685 3744 pra:-

2028 3757 2215 3814 beret.
2250 3757 2416 3814 Hunc
2446 3756 2507 3812 in
2539 3757 2785 3814 modum
2819 3763 3023 3816 exacta
3044 3760 3171 3817 vita
3201 3760 3472 3820 decessit.

2574 3967 2814 4024 EODEM
2851 3968 3105 4025 MENSE.

2604 4083 2709 4140 Die
2738 4083 3094 4142 duodecima

2028 4199 2131 4255 24
2161 4199 2614 4273 Commemoratio
2636 4201 2845 4273 sancti
2866 4202 3050 4273 Patris
3097 4205 3275 4273 nostri
3326 4203 3677 4273 Spyridionis

2350 4268 2597 4341 episcopi
2628 4270 3013 4327 Trimithuntis
3041 4273 3102 4327 in
3133 4272 3331 4343 Cypro.

2097 4385 2346 4440 Sanctus
2375 4386 2550 4439 Pater
2580 4388 2784 4439 noster
2802 4384 3122 4456 Spiridion,
3150 4386 3538 4442 Constantino
3564 4387 3674 4442 im-

2027 4479 2319 4545 peratore,
2352 4472 2440 4527 vir
2496 4472 2759 4527 moribus
2808 4473 3081 4544 simplex,
3130 4475 3306 4530 corde
3355 4475 3672 4544 demissus,

2025 4579 2162 4618 oves
2203 4561 2502 4633 pascebat.
2567 4561 2860 4617 Defuncta
2917 4579 3119 4629 uxore,
3182 4580 3251 4618 ex
3311 4581 3427 4635 qua
3483 4564 3673 4622 tiliam

2025 4657 2387 4724 susceperat,
2419 4653 2732 4724 episcopus
2760 4653 3093 4721 ordinatus,
3136 4654 3385 4725 insignis
3415 4656 3677 4713 miracu-

2027 4743 2220 4799 lorum
2249 4746 2513 4814 patrator
2566 4741 2723 4796 fuit:
2775 4758 2915 4799 nam
2968 4744 3029 4798 in
3074 4745 3333 4800 maxima
3388 4745 3678 4808 siccitate.

2026 4829 2300 4903 precibus
2331 4829 2455 4884 suis
2485 4828 2744 4899 pluviam
2776 4829 3148 4902 impetravit:
3202 4831 3263 4886 in
3312 4848 3549 4889 summa
3592 4833 3675 4888 rei

2026 4916 2431 4972 frumentaria;
2457 4915 2984 4983 caritate,anuonaa
2997 4918 3425 4975 abundantiam:
3440 4920 3643 4975 intulit
3663 4937 3675 4974 :

2029 5010 2367 5078 serpentem
2394 5005 2456 5061 in
2489 5022 2700 5061 aurum
2728 5007 3034 5073 convertit,
3067 5025 3395 5081 rursusque
3440 5026 3677 5078 aurum,

2027 5099 2343 5167 postquam
2385 5110 2615 5166 pauper
2666 5111 2734 5150 eo
2790 5096 3177 5169 oppignerato
3227 5098 3513 5154 alimenta
3562 5099 3676 5155 sibi

2028 5182 2409 5256 comparavit,
2443 5182 2518 5238 ad
2548 5183 2861 5255 pristinam
2888 5185 3182 5256 serpentis
3212 5191 3488 5242 naturam
3508 5204 3677 5243 revo-

2027 5272 2197 5339 cavit,
2229 5277 2408 5344 atque
2438 5272 2707 5329 dimisit:
2757 5272 2980 5329 ﬂumen
3029 5274 3476 5346 rapidissimum
3521 5293 3673 5333 con-

2027 5362 2238 5417 sistere
2268 5360 2426 5416 fecit.
2458 5360 2733 5417 Interfuit
2760 5368 2820 5417 et
2845 5362 3107 5418 Concilio
3160 5364 3419 5431 Nicaano,
3473 5370 3532 5421 et
3555 5366 3676 5422 hai-

2027 5452 2244 5508 reticos
2271 5450 2557 5509 confudit.
2591 5452 2800 5508 Mulier
2829 5451 3099 5524 quasdam
3127 5455 3258 5528 ejus
3289 5455 3428 5511 ﬁlim
3450 5455 3678 5528 deposi-

2028 5547 2153 5598 tum
2186 5538 2511 5595 tradiderat
2541 5557 2554 5595 :
2587 5555 2776 5613 eaque
2805 5541 3119 5611 exstincta,
3151 5558 3287 5599 cum
3308 5548 3675 5614 quaereretur

2028 5629 2387 5701 depositum,
2418 5627 2802 5701 interrogavit
2830 5634 3070 5685 sanctus
3122 5645 3302 5686 senex
3357 5635 3671 5695 mortuam,

3353 5759 3390 5812 7
