4074 6192
399 309 519 372 203

1719 302 2144 365 MENOLOGII
2187 302 2390 365 PARS
2433 305 2514 365 II.

3687 308 3810 368 2οι

399 463 534 518 quae
562 440 952 516 respondens,
977 437 1198 505 locum,
1229 432 1331 489 ubi
1362 437 1490 489 erat
1544 432 1904 506 depositum,
1949 435 2032 491 in-

2157 433 2362 513 ἆποκρι
2415 438 2567 498 θεῖσα
2620 434 2788 506 εἶπεν,
2846 431 2937 491 ὅτε
2986 431 3140 508 Τῷδέ
3192 431 3302 491 ἐστι
3357 439 3447 515 τῷ.
3490 435 3667 511 τόπῳ·
3719 434 3812 494 καὶ

401 535 637 593 dicavit.
672 534 805 589 Haec
836 529 1071 599 aliaque
1096 524 1270 596 plura
1300 538 1437 578 cum
1484 521 1745 596 fecisset,
1795 524 1856 579 in
1907 541 2051 596 pace

401 625 674 684 decessit.

1045 730 1268 786 Eodem
1296 729 1395 785 die

645 856 741 913 25
780 853 1066 911 Certamen
1095 851 1275 906 sancti
1301 849 1569 919 martyris
1592 848 1802 917 Syneti.

467 973 719 1044 Synetus
741 973 969 1040 martyr
993 983 1059 1023 ex
1086 965 1334 1035 antiqua
1351 961 1683 1019 Romafuit.
1702 962 1787 1017 Ab
1811 962 2051 1018 ineunte

390 1069 591 1121 autem
609 1067 780 1118 mtate
794 1078 828 1117 a
840 1058 1188 1132 parentibus
1201 1055 1478 1128 episc0po
1497 1055 1761 1109 Romano
1777 1053 2048 1119 traditus,

292 1132 301 1141 ἰ
388 1159 455 1209 ut
476 1168 674 1210 sacras
701 1151 933 1207 litteras
958 1147 1031 1204 ab
1055 1163 1124 1202 eo
1151 1145 1427 1212 disceret,
1455 1142 1643 1198 lector
1658 1142 2050 1198 sanctissima:

389 1246 670 1300 Romanis
701 1238 983 1297 Ecclesiae
1044 1235 1376 1291 ordinatur.
1428 1232 1692 1302 Cumque
1736 1230 2053 1287 virtutibus

389 1332 728 1397 excelleret,
760 1328 1098 1398 multosque
1158 1322 1436 1397 pietatem
1491 1336 1560 1376 ac
1615 1335 1813 1376 veram
1870 1320 2049 1375 fidem

389 1420 1097 1490 docens,Graecorumque
1109 1413 1254 1469 deos
1269 1408 1632 1468 contumelia
1642 1413 2048 1482 etcontemptu

389 1510 680 1579 afﬁciens,
713 1507 1012 1565 idolorum
1071 1502 1330 1559 cultores
1371 1500 1627 1556 miseros
1665 1502 1725 1553 et
1772 1497 2048 1555 seductos

391 1598 802 1672 compellaret,
836 1593 995 1668 apud
1024 1590 1415 1649 Aurelianum
1447 1588 1869 1659 imperatorem
1891 1586 2050 1645 dela.

386 1694 504 1757 tus,
525 1682 1484 1760 comprehenditur.interrogatus
1504 1676 1702 1750 igitur,
1718 1675 2049 1733 Christum-

387 1795 501 1851 que
545 1776 731 1833 libere
793 1775 1123 1839 confessus,
1186 1786 1322 1825 cum
1380 1767 1548 1824 nulla
1604 1771 2043 1823 tormentorum

382 1865 727 1934 acerbitate,
774 1863 992 1929 quibus
1048 1861 1207 1916 varie
1261 1859 1458 1914 fuerat
1511 1856 1903 1924 excruciatus,
1959 1856 2035 1913 ad

380 1956 681 2013 Christum
707 1952 1065 2027 ejurandum
1087 1948 1291 2005 induci
1313 1945 2033 2020 potuisset,postplurima

381 2043 692 2117 supplicia,
728 2059 894 2098 sacro
921 2040 1114 2112 capite
1154 2038 1562 2105 obtruncatus,
1609 2035 1842 2091 beatam
1899 2036 2029 2091 ani-

378 2149 539 2191 mam
566 2147 736 2188 suam
762 2129 1012 2187 Domino
1041 2126 1320 2185 reddidit.

2154 518 2310 600 ἕτερα
2338 521 2525 581 πολλά
2554 527 2813 597 ποιήσας,
2847 524 2900 581 ἐν
2931 525 3119 602 εἰρήνῃ
3148 524 3465 599 ἐτελειώθη.

2753 734 2834 807 Τῇ
2864 731 3000 807 αὖτῇ
3030 730 3213 808 ἡμέρᾳ

2371 845 2637 919 Ἀθλησις
2668 853 2765 904 τοῦ
2797 849 2952 924 ἁγίου
3004 870 3276 926 μαρτυρος
3328 854 3585 909 Συνετοῦ.

2228 962 2288 1020 Ὁ
2348 962 2553 1040 μάρτυς
2612 966 2844 1029 Συνετὸς
2878 1008 2893 1036 ,
2948 966 3173 1043 γέγονεν
3261 964 3321 1022 ἐκ
3400 973 3503 1038 τῆς
3575 968 3811 1033 παλαιᾶς

2155 1050 2396 1125 Ῥώμης·
2455 1049 2574 1116 νέος
2633 1050 2691 1109 δὲ
2747 1053 3008 1132 ὑπάρχων
3064 1057 3164 1127 τήν
3220 1055 3467 1129 ηλικίαν,
3527 1055 3805 1133 παρεδόθη

2153 1144 2233 1213 τῷ
2262 1139 2543 1216 ἐπισκόπῳ
2598 1142 2824 1217 Ῥώμης
2883 1144 2989 1201 ὑπὸ
3040 1150 3148 1200 τῶν
3204 1146 3409 1222 γονέων
3469 1146 3660 1216 αὐτοῦ,
3717 1145 3809 1203 ἳνα

2158 1227 2305 1305 μάθῃ
2337 1230 2464 1307 παρ’
2494 1230 2660 1287 αὐτοῦ
2701 1232 2770 1287 τὰ
2801 1232 2920 1308 ἱερὰ
2949 1233 3269 1310 γράμματα.
3304 1235 3403 1290 Καὶ
3462 1236 3598 1310 μετὰ
3642 1240 3809 1292 ταῦτα

2152 1317 2355 1394 γίνεται
2415 1320 2507 1376 καὶ
2567 1322 2921 1399 ἆναγνώστης
2970 1327 3070 1395 τῆς
3128 1324 3181 1382 ἐν
3236 1332 3454 1403 Ῥώμῃ.
3488 1329 3803 1403 ἁγιωτάτης

2155 1406 2506 1480 Ἐκκλησίας.
2564 1410 2848 1488 Ἐνάρετος
2906 1411 2964 1469 δὲ
3028 1414 3338 1490 γενόμενος,
3387 1416 3475 1471 καὶ
3536 1414 3804 1474 διδάσκων

2151 1496 2398 1562 πολλοὺς
2417 1500 2516 1569 τήν
2549 1496 2845 1573 εὐσέϐειαν,
2882 1503 2973 1559 καὶ
3027 1506 3127 1577 τὴν
3187 1504 3370 1577 ἀληθῆ
3429 1506 3631 1562 πίστιν
3665 1508 3802 1572 τοὺς

2154 1583 2211 1642 δὲ
2238 1592 2346 1642 τῶν
2379 1587 2661 1660 Ἐλλήνων
2704 1590 2858 1656 θεοὺς
2907 1587 3223 1650 διαϐάλλων
3280 1596 3371 1650 καὶ
3430 1590 3799 1673 καθυϐρίζων,

2152 1675 2400 1740 καὶτοὺς
2438 1679 2506 1734 τὰ
2558 1677 2762 1736 εἴδωλα
2818 1686 3252 1759 προπυνοῦντας
3309 1683 3529 1750 ἀθλίους
3580 1686 3669 1742 καὶ
3708 1707 3805 1743 πε-

2150 1764 2537 1840 πλανημένους
2579 1767 2898 1842 ἀποκαλῶν,
2948 1766 3213 1844 διεϐλήθη
3270 1776 3349 1845 τῷ
3410 1773 3627 1849 βασιλεῖ
3684 1774 3800 1833 Αὖ-

2145 1854 2416 1931 ρηλιανῷ.
2452 1856 2553 1913 Καὶ
2583 1860 2871 1934 κρατηθεὶς
2921 1861 3048 1935 παρ’
3108 1861 3297 1932 αὐτοῦ,
3329 1863 3417 1917 καὶ
3479 1862 3800 1939 ἐρωτηθεὶς,

2141 1942 2231 1998 καί
2261 1943 2620 2020 ὁμολογήσας
2649 1947 2742 2002 τὸν
2797 1949 3038 2024 Χριστὸν
3095 1949 3393 2028 παρρησίᾳ,
3457 1953 3799 2027 βασανίζεται

2142 2030 2409 2108 ἰσχυρῶς,
2439 2034 2532 2088 καὶ
2560 2040 2889 2111 τιμωρεῖται
2938 2037 3317 2113 ἀπανθρώπως
3375 2041 3466 2096 καὶ
3524 2040 3799 2112 ἁνηλεως.

2137 2115 2226 2183 Ὦς
2257 2119 2315 2177 δὲ
2368 2120 2469 2177 οὐκ
2522 2121 2742 2195 ἐπείσθη
2800 2126 3131 2200 ἀρνήσασθαι
3198 2129 3290 2183 τὸν
3347 2130 3606 2205 Χριστὸν,
3663 2134 3802 2205 μετὰ

385 2217 601 2282 πολλὰς
630 2220 726 2282 τὰς
754 2216 1022 2293 τιμωρίας
1049 2216 1149 2285 τὴν
1184 2213 1330 2291 ἰεράν
1362 2213 1529 2268 αὐτοῦ
1559 2209 1804 2287 κεφαλὴν
1833 2212 2146 2285 ἀπετμήθη,
2177 2209 2266 2265 καὶ
2298 2208 2441 2267 οὕτω
2497 2210 2830 2285 τελειωθεὶς,
2885 2214 3169 2291 παρέδωκε
3197 2218 3297 2288 τὴν
3333 2218 3601 2297 μακαρίαν
3631 2220 3802 2276 αὐτοῦ

389 2309 577 2384 ψυχὴν
600 2312 681 2381 τῷ
712 2306 919 2381 Κυρίῳ.

945 2425 1187 2482 EODEM
1225 2424 1371 2480 ΜΕΝ
1376 2422 1481 2479 SE.

928 2546 1028 2601 Die
1058 2545 1291 2601 decima
1321 2543 1498 2599 tertia

387 2662 490 2720 26
577 2664 862 2719 Certamen
946 2669 1262 2717 sanctorum
1343 2666 1650 2729 martyrum
1740 2658 2034 2725 Eustratii,

589 2732 883 2801 Aumentii,
914 2735 1171 2805 Eugenii,
1203 2732 1497 2795 Mardarii,
1528 2738 1581 2786 et
1610 2731 1830 2786 Orestis.

455 2852 578 2917 Quo
606 2856 874 2924 tempore
895 2851 1305 2913 Maximianus,
1336 2854 1395 2905 et
1417 2847 1819 2904 Diocletianus
1848 2846 2039 2919 impe—

2710 2423 2890 2483 MHN!
2920 2429 3003 2504 re
3035 2431 3230 2506 me.

2932 2543 3013 2597 Il“

2149 2650 2421 2736 ’Δθλησις
2446 2659 2583 2736 τῶν.
2607 2657 2777 2736 ἁγίων
2837 2659 3153 2736 μαρτύρων,
3209 2661 3565 2736 Εὐστρατίου,
3600 2665 3801 2736 Αὐξεν-

2339 2727 2483 2798 τίου,
2518 2727 2801 2805 Εὖγενίου,
2831 2727 3174 2809 Μαρδαρίου,
3206 2734 3297 2790 καὶ
3331 2727 3602 2811 Ὀρέστου.

2225 2843 2347 2899 Ἐπί
2367 2851 2467 2916 τῆς
2527 2845 2808 2922 βασιλείας
2859 2850 3207 2925 Μαξιμιανοῦ
3258 2853 3349 2909 καὶ
3403 2855 3805 2925 Διοκλητιανοῦ

387 2945 618 2996 ratores
642 2941 1121 3013 persecutionem
1144 2938 1423 2994 adversus
1435 2936 1803 2993 Christianos
1817 2936 2032 2992 excita-

2151 2929 2401 3023 διωγμὸς
2427 2938 2495 3006 ήν
2545 2942 2655 2993 τῶν
2708 2940 3067 3015 Χριστιανῶν,
3120 2943 3211 2998 καὶ
3268 2945 3556 3021 κρατηθεῖς
3589 2947 3618 3002 6
3648 2947 3807 3023 ἅγιος

385 3034 550 3097 runt,
572 3035 816 3085 sanctus
838 3028 1170 3085 Eustratius
1199 3043 1233 3082 a
1264 3026 1433 3099 Lysia
1463 3025 1613 3081 duce
1644 3024 2038 3097 comprehen-

398 3135 519 3185 sus,
552 3119 945 3191 pluribusque
999 3115 1360 3173 cruciatibus
1402 3116 1668 3181 affectus,
1719 3119 1779 3170 et
1824 3114 2039 3171 calceis

386 3208 598 3265 terreis
620 3225 757 3265 cum
778 3208 968 3263 acutis
984 3205 1164 3263 clavis
1194 3205 1358 3260 illius
1382 3203 1632 3276 pedibus
1645 3203 1859 3271 afﬁxis,
1874 3203 2037 3277 cogi-

384 3301 483 3353 tur
501 3296 971 3367 ambulare,cum
994 3295 1238 3353 interim
1254 3294 1431 3367 virgis
1444 3281 2034 3350 cmderetur.Auxen-

382 3386 503 3441 tius
534 3391 732 3443 autem
763 3385 1147 3443 acerbissime
1208 3388 1399 3441 tortus
1447 3382 1816 3439 decollatur:
1866 3382 2038 3454 cujus

380 3480 561 3547 caput
580 3492 713 3533 cum
739 3474 842 3532 diu
862 3475 1152 3543 latuisset,
1162 3474 1402 3530 tandem
1421 3473 1484 3528 in
1502 3471 1710 3529 arbore
1727 3472 2035 3528 inventum

380 3568 491 3633 est,
523 3566 759 3622 cornice
788 3582 968 3637 super
1004 3580 1135 3621 eam
1167 3568 1381 3630 stante,
1413 3567 1474 3618 et
1501 3563 1726 3633 garritu
1746 3560 2033 3617 indicium

372 3655 652 3713 faciente.
680 3655 792 3710 Sed
814 3660 874 3711 et
901 3661 1142 3712 sanctus
1172 3653 1498 3710 Mardarius
1526 3653 1863 3709 innumeris
1892 3651 2032 3708 sub-

369 3743 566 3813 jectus
595 3744 924 3808 tormentis,
952 3744 1103 3798 nihil
1126 3741 1289 3799 aliud
1320 3743 1382 3797 in
1414 3758 1515 3798 ore
1547 3742 1821 3810 habebat,
1854 3759 2031 3813 quam

377 3829 749 3885 Christianus
788 3847 939 3885 sum.
976 3830 1297 3886 Perforatis
1342 3832 1541 3901 itaque
1592 3831 1748 3895 talis,
1799 3831 2031 3885 inverso

379 3918 571 3989 capite
595 3935 938 3990 suspensus,
965 3918 1395 3991 posterioribus
1418 3919 1548 3990 ejus
1567 3918 1851 3973 membris
1866 3925 2032 3975 ustu-

380 4008 542 4074 latis,
576 4008 809 4063 vivendi
842 4009 1023 4064 finem
1054 4007 1212 4063 fecit.
1250 4008 1431 4061 Porro
1464 4012 1704 4061 sanctus
1734 4008 2030 4080 Eugenius

380 4098 604 4172 lingua,
640 4104 700 4155 et
727 4097 1016 4155 ambabus
1047 4095 1322 4152 manibus
1353 4094 1664 4165 mutilatis,
1712 4101 2027 4168 postquam

379 4204 554 4246 crura
582 4188 757 4262 virgis
787 4186 1089 4242 confracta
1109 4189 1327 4248 essent,
1355 4183 1772 4257 exspiravit.At
1787 4189 2026 4241 sanctus

2149 3021 2480 3097 Εὐστράτιος
2507 3027 2653 3102 παρᾶ
2684 3029 2886 3084 Λυσίου
2933 3035 3030 3086 τοῦ
3062 3028 3280 3102 δουκὸς,
3308 3033 3398 3089 καὶ
3461 3021 3803 3108 βασανισθεὶς

2144 3109 2396 3185 πλεῖστα,
2425 3115 2516 3171 καὶ
2552 3114 2880 3192 ὑπὸδήματα
2911 3118 3110 3197 σιδηρᾶ
3142 3124 3277 3197 μετὰ
3320 3124 3409 3179 καὶ
3439 3123 3593 3195 ἥλων
3626 3125 3795 3197 ὀξέων

2142 3198 2447 3273 ὐποδεθεὶς,
2478 3207 2789 3281 περιεπάτει
2822 3211 3184 3285 τυπτόμενος.
3239 3214 3300 3270 '0
3331 3210 3390 3270 δέ
3419 3216 3570 3291 ἅγιος
3597 3214 3800 3289 Αὗξέν-

2139 3308 2256 3353 τιος
2284 3295 2621 3369 τιμωρηθεὶς
2651 3294 2894 3372 ἰσχυρῶς
2927 3299 3358 3378 ἆπεκεφαλίσθη.
3393 3303 3457 3360 Ἡ
3492 3300 3549 3359 δὲ
3577 3304 3792 3383 κεφαλὴ

2143 3383 2311 3439 αὐτοῦ
2349 3383 2460 3460 οὐχ
2488 3384 2785 3463 εὖρίσκετου
2841 3388 2953 3445 εἶτα
3012 3386 3205 3465 εὖρέθη
3267 3390 3343 3456 έίς
3402 3390 3620 3470 δένδρον
3681 3415 3796 3451 κει-

2144 3475 2322 3547 μένη,
2401 3477 2655 3552 κορώνης
2738 3479 2982 3551 ἑστώσης
3068 3480 3249 3538 ἐπάνω
3321 3485 3413 3540 καὶ
3461 3486 3794 3561 κραζούσης.

2140 3561 2315 3623 ’Δλλᾶ
2360 3564 2451 3620 καὶ
2481 3567 2510 3621 6
2541 3567 2695 3643 ἅγιος
2745 3565 3069 3645 Μαρδάριος
3118 3571 3393 3649 τιμωρίας
3427 3573 3611 3651 μυρία,
3655 3575 3794 3630 ὑπο-

2139 3657 2298 3743 στᾲς,
2353 3659 2455 3743 οὐκ
2517 3657 2701 3736 ἔλεγεν
2755 3658 2959 3738 ἓνερον,
3019 3663 3066 3743 εἰ
3129 3666 3231 3737 μὴ,
3279 3664 3598 3743 Χριστιανὸς
3649 3668 3792 3742 εἰμι.

2137 3738 2272 3796 Εἶτα
2349 3741 2478 3805 τοὺς
2564 3743 2937 3821 ἀστραγάλους
3016 3738 3425 3824 διατρυπηθείς,
3500 3751 3591 3807 καὶ
3646 3738 3787 3807 κατὰ

2135 3827 2378 3907 κεφαλῆς
2408 3834 2755 3908 κρεμασθεές,
2786 3835 2877 3889 καὶ
2925 3836 2992 3891 τὰ
3026 3834 3243 3900 ὀπίσθια
3302 3840 3441 3916 μέρη
3498 3861 3671 3896 κατακ
3701 3842 3783 3906 εἰς

2134 3916 2479 3992 ἐτελεύτησεν
2539 3967 2553 3980 .
2611 3923 2673 3981 Ὁ
2730 3919 2787 3978 δὲ
2844 3923 3000 3999 ’ἁγιος
3058 3925 3317 4003 Εὐγένιος
3370 3930 3469 3999 τὴν
3528 3930 3785 4005 γλῶτταν

2132 4009 2221 4064 καὶ
2274 4010 2372 4073 τὰς
2448 4009 2544 4066 δύο
2631 4018 2823 4088 χεῖρας
2876 4013 3126 4079 ἐκκοπεὶς
3188 4016 3529 4083 συνθλασθεές
3586 4017 3642 4075 δὲ
3688 4023 3784 4077 καὶ

2129 4098 2197 4152 τὰ
2242 4096 2415 4186 σκέλη
2476 4096 2721 4176 ῥάϐδοις,
2781 4101 3111 4173 ἐξέπνευσεν.
3173 4104 3349 4163 Ἀλλᾶ
3398 4108 3486 4163 καὶ
3539 4110 3569 4164 6
3624 4110 3783 4186 ἅγιος

2132 4185 2436 4277 ῘΟρέστης,
2489 4192 2587 4243 τοῦ
2634 4193 3020 4277 κεκρυμμένου
3080 4195 3336 4272 σταυρίου
3395 4198 3582 4269 αὐτοῦ,
3643 4185 3783 4277 ὅπερ

378 4280 613 4337 Orestes
642 4278 893 4345 detecta,
928 4293 1106 4348 quam
1164 4275 1455 4331 occultam
1503 4274 1791 4349 gestabat,
1846 4292 2021 4331 cruce

2144 4272 2355 4371 ἐφέρει,
2411 4274 2821 4371 ἀναφανέντος,
2879 4278 3152 4371 ἐκρατήθη
3190 4304 3204 4317 ο
3283 4288 3375 4341 καί
3441 4290 3613 4353 τεθεὶς
3688 4272 3783 4346 ἐπὶ

373 4366 862 4439 comprehensus,
896 4370 955 4420 et
983 4381 1162 4438 super
1202 4363 1444 4439 grabato
1494 4364 1685 4420 ferreo
1729 4363 2019 4421 candente

2144 4360 2357 4454 τιδηροῦ
2429 4369 2928 4443 πεπυρακτωμένου
3006 4367 3325 4447 κραϐάτου,
3386 4377 3523 4450 πρὸς
3576 4378 3785 4454 Κύριον

371 4459 708 4531 impositus,
739 4456 814 4512 ad
868 4457 1185 4513 Dominum
1240 4456 1532 4528 migravit,
1583 4456 1832 4513 Sanctus
1881 4472 2017 4512 vero

2144 4449 2481 4542 ἑξεδήμησεν.
2522 4455 2848 4525 Ἐτελείώθη
2903 4457 2961 4515 δὲ
3015 4462 3103 4518 καὶ
3160 4464 3189 4518 ὁ
3248 4449 3781 4542 ἃγιοςνΕὖστράτιος

367 4548 701 4605 Eustratius
732 4553 869 4619 post
897 4547 1070 4620 plura
1100 4547 1392 4619 supplicia
1416 4547 1478 4602 in
1510 4547 1813 4604 caminum
1868 4546 2023 4619 inje-

368 4641 520 4705 ctus,
552 4634 830 4692 decessit.

1023 4753 1245 4811 Eodem
1276 4753 1371 4809 die

622 4876 718 4933 21
751 4876 1035 4932 Certamen
1063 4881 1266 4930 sanctae
1295 4875 1477 4930 Luciae
1505 4871 1762 4943 virginis.

438 4992 615 5049 Lucia
651 4997 877 5065 martyr
902 4991 1211 5064 Syracusis
1242 4991 1304 5063 in
1334 5004 1549 5062 magna
1578 4988 1793 5044 Siciliaa
1824 4988 2021 5045 insula

370 5086 531 5149 nata,
565 5086 817 5138 matrem
862 5080 1169 5153 sanguinis
1210 5078 1496 5152 proﬂuvio
1545 5077 1912 5134 laborantem
1945 5077 2019 5133 ad

369 5171 580 5229 urbem
601 5173 883 5228 Catenam
907 5170 1093 5239 duxit,
1118 5175 1238 5226 uta
1268 5174 1476 5224 sancta
1506 5172 1765 5238 martyre
1793 5167 2020 5240 Agatho.

369 5267 699 5317 curaretur.
733 5264 807 5316 At
837 5267 1043 5316 sancta
1074 5264 1302 5331 martyr
1326 5257 1554 5330 Agatha
1579 5262 1638 5311 et
1665 5256 1856 5312 Luciae
1888 5273 2014 5313 ma-

364 5355 517 5406 trem
548 5351 796 5413 sanavit.
830 5356 890 5405 et
918 5350 991 5405 de
1024 5348 1231 5403 eadem
1264 5348 1440 5402 Lucia
1468 5345 1762 5418 prmdixit,
1793 5346 1918 5402 fore
1947 5351 2017 5402 ut

360 5456 467 5513 pro
499 5440 731 5496 Christo
761 5438 1112 5509 martyrium
1143 5436 1390 5492 subiret.
1423 5435 1614 5501 Quare
1643 5434 1887 5492 domum
1917 5453 2015 5492 re-

356 5548 564 5601 versae,
594 5531 906 5587 facultates
962 5545 1101 5585 suas
1145 5526 1508 5600 pauperibus
1556 5526 2008 5585 distribuerunt.

362 5620 477 5677 Sed
506 5621 790 5693 quoniam
819 5619 1216 5693 virginitatem
1245 5632 1476 5673 servare
1510 5616 1805 5684 studebat,
1823 5617 1896 5674 ab
1914 5633 2005 5685 eo,

358 5709 459 5781 qui
491 5709 657 5767 illam
687 5725 793 5780 per
822 5708 938 5766 vim
968 5707 1081 5765 sibi
1107 5709 1361 5783 jungere
1393 5724 1636 5765 uxorem
1656 5707 1908 5777 videbat,
1931 5709 2007 5766 ad

2132 4543 2267 4618 μετὰ
2297 4541 2509 4607 πολλὰς
2536 4545 2633 4609 τὰς
2659 4547 2934 4623 τιμωρίας
2964 4550 3239 4626 εἰσαχθεὶς
3269 4552 3347 4617 εἷς
3376 4541 3629 4629 κάμινον.

2696 4755 2779 4828 Τῇ
2831 4754 2967 4830 αὑτῇ
3023 4758 3207 4833 ἡμέρᾳ

2269 4866 2537 4939 Ἀθλησις
2566 4873 2667 4939 τῆς
2714 4871 2871 4948 ἁγίας
2920 4875 3157 4941 Λουκίας
3205 4884 3306 4949 τῆς
3338 4879 3626 4954 παρθένου.

2196 4982 2257 5071 ΤΗ
2295 4981 2497 5059 μάρτυς
2526 4986 2749 5057 Λουκία,
2780 4985 2987 5064 ἐγένετο
3042 4990 3151 5047 ἀπο
3212 4991 3467 5059 Σικελίας
3511 5002 3614 5067 τῆς
3676 5019 3778 5071 με-

2123 5068 2302 5162 γάλης
2325 5073 2516 5143 νήσου,
2540 5072 2606 5162 ,ἐκ
2633 5072 2850 5140 πόλεως
2883 5079 3257 5154 Συρακούσης.
3290 5085 3430 5159 Εἶχε
3458 5080 3517 5140 δὲ
3562 5068 3780 5162 μητέρα

2126 5159 2448 5243 ᾆσθενοῦσαν
2498 5161 2562 5217 τὸ
2620 5169 2722 5233 τῆς
2773 5165 3099 5243 αἱμορῥοίας
3145 5171 3340 5235 πάθος.
3400 5172 3503 5230 Καὶ
3559 5159 3776 5231 ἀναλα-

2123 5242 2294 5303 ϐοὕσα
2321 5248 2490 5318 αὐτὴν
2534 5248 2776 5320 ἀπῆλθεν
2833 5252 2912 5318 εἰς
2950 5242 3062 5325 τήν
3122 5257 3287 5316 πόλιν
3346 5264 3622 5334 Κατάνης,
3675 5264 3777 5321 ἳνα

2121 5335 2471 5414 παρακαλέσῃ
2522 5340 2623 5410 τὴν
2705 5341 2857 5416 ἁγίαν
2916 5343 3162 5421 μάρτυρα
3213 5349 3468 5426 Ἀγαθην,
3524 5353 3618 5409 καὶ
3677 5365 3776 5420 θε-

2120 5427 2363 5503 ραπεύσῃ
2402 5516 2409 5518 4
2446 5428 2635 5500 αὐτήν.
2694 5431 2757 5488 Ἡ
2841 5428 2901 5489 δέ
2956 5434 3087 5510 ἁγία
3142 5439 3349 5515 μάρτυς
3408 5442 3617 5518 ’Δγάθη
3672 5444 3773 5500 καὶ

2116 5518 2216 5610 την
2278 5516 2487 5593 μητέρα
2566 5525 2670 5590 τῆς
2752 5522 2987 5587 Λουκίας
3064 5524 3415 5604 ἐπεσκέψατο,
3491 5516 3581 5588 καὶ
3640 5536 3771 5610 περί

2115 5607 2283 5679 αὐτῆς
2341 5609 2779 5701 προεφήτευσεν,
2838 5610 2921 5669 ὅτι
2964 5612 3171 5701 ,μέλλει
3228 5626 3571 5696 μαρτυρῆσαι
3626 5607 3772 5701 ὑπέρ

2117 5704 2374 5778 Χριστοῦ.
2448 5699 2871 5776 Ὑποστρέψασαι
2957 5700 3125 5768 δέδεις
3178 5708 3271 5763 τὸν
3330 5709 3482 5767 οἶκον
3537 5699 3772 5789 δαυτῶν,
