4074 6192
233 402 357 462 205

1691 384 2127 448 DECEMBER.

3541 402 3659 465 206

230 535 329 590 τὸν
359 534 606 588 πλοῦτον
664 527 842 586 αὐτῶν
898 523 1102 583 ἔδωκαν
1159 527 1281 586 τοῖς
1332 522 1603 609 πτωχοῖς·
1632 608 1635 609 ν
1666 516 1780 574 ἐπεὶ
1841 514 1891 609 bi

2014 523 2358 592 praefectum
2389 527 2587 584 delata
2615 534 2721 585 est.
2755 529 3197 603 Comprehensa
3250 535 3473 609 itaque,
3527 552 3662 593 cum

234 621 584 697 παρθενεύειν
644 614 995 687 ἐσπούδαζεν,
1051 614 1081 670 ὁ
1144 611 1465 689 βιαζόμενος
1516 607 1685 697 αύτήν
1761 607 1901 697 πρὸς

229 694 432 788 γάμον,
497 709 843 782 κατεμήνυσε
897 710 978 779 τῷ
1031 700 1261 779 ἄρχοντι
1336 706 1438 772 τῆς
1492 695 1735 760 πόλεως.
1798 694 1898 788 Kal

234 785 572 877 κρατηθεῖσα
627 796 966 872 ἠναγκάζετο
1048 791 1378 869 ἀρνήσασθαι
1459 788 1552 844 τὸν
1640 785 1898 877 Χριστόν.

237 876 325 956 Ὧς
349 888 410 946 δὲ
443 888 545 945 ούκ
602 886 868 956 ἐπείθετο,
914 882 1189 940 ἑκᾶλευσεν
1221 882 1250 937 ὁ
1280 881 1470 957 ἄρχων
1522 877 1600 942 είς
1646 876 1712 933 τὸ
1763 894 1900 951 πορ-

242 986 383 1038 νεῖον
418 979 593 1049 αὐτὴν
624 977 1016 1052 ἀπενεχθῆναι.
1077 969 1237 1029 Ἀλλ’
1292 966 1472 1045 ἔμεινε
1528 970 1663 1025 Θεοῦ
1710 966 1899 1042 χάριτι

242 1070 455 1145 καθαρᾶ
483 1069 574 1125 καὶ
608 1066 662 1123 ἂν
690 1065 774 1140 τῷ
829 1063 1066 1137 τοιούτῳ
1116 1061 1293 1135 τόπῳ’
1350 1063 1448 1117 τοῦ
1503 1062 1638 1114 Θεοῦ
1695 1053 1902 1136 φυλάτ·

241 1180 435 1223 τοντος
485 1157 678 1229 αὐτήν.
736 1155 874 1214 Εἶτα
930 1154 1138 1228 ἀνῆψαν
1198 1147 1445 1227 μεγάλην
1498 1148 1756 1222 κάμινον,
1805 1145 1895 1200 καὶ

243 1247 539 1324 ἆνέρῤιψαν
601 1243 770 1314 αύτήν
834 1242 913 1306 είς
968 1243 1073 1312 τήν
1120 1241 1317 1318 πυράν.
1404 1236 1504 1293 Καὶ
1566 1236 1644 1311 μὴ
1701 1230 1898 1303 ἀδικη-

238 1339 414 1407 θεῖσα,
447 1332 861 1413 ἆπεκειραλίσθη
892 1331 1021 1409 παρ’
1051 1330 1249 1386 αὐτῶν.

796 1450 979 1508 ΜΗΝΙ
1015 1454 1105 1508 ΤΩ
1142 1447 1344 1505 ΑΥΤΩ.

971 1608 977 1615 .
1030 1567 1111 1619 ΙΔ¹

242 1684 522 1757 1’Ἀθλησις
603 1686 715 1740 τῶν
796 1676 1367 1807 ἁγίωᾌωκιῗὲιρτύρων
1468 1674 1706 1750 Θύρσου,

1807 1672 1899 1730 καὶ

2011 612 2311 671 Christum
2333 617 2626 692 abnegare
2651 621 3247 693 compelleretur,nec
3268 624 3341 680 ad
3358 624 3419 679 id
3438 624 3663 682 facien-

2009 698 2151 758 dum
2172 703 2384 762 adduci
2400 714 2624 779 posset,
2634 709 2820 781 jussit
2840 712 3154 783 praafectus
3173 729 3304 769 eam
3326 713 3400 769 ad
3413 714 3668 786 lupanar

2010 788 2184 848 duci:
2219 794 2323 849 sed
2351 794 2554 852 divino
2586 799 2866 870 praesidio
2910 818 3060 872 pura
3105 801 3443 874 intactaque
3499 803 3562 858 in
3594 819 3662 859 eo

2008 878 2137 936 loco
2168 883 2409 952 mansit,
2442 890 2561 942 Deo
2594 887 2761 943 illam
2793 889 3183 946 custodiente.
3245 892 3550 946 Postremo
3599 892 3661 947 in

2008 983 2321 1027 accensam
2351 972 2653 1047 ingentem
2683 976 2985 1034 fornacem
3018 978 3258 1051 injecta,
3291 985 3469 1052 atque
3517 979 3659 1036 inde

2006 1059 2138 1202 :ine
2166 1060 2290 1116 ullo
2323 1061 2679 1122 detrimento
2727 1084 2984 1140 egressa,
3037 1069 3112 1124 ab
3158 1069 3302 1141 ipsis
3354 1069 3648 1127 decollata

2032 1149 2137 1202 uit.

2032 1149 2137 1204 nit.

2568 1449 2809 1507 EODEM
2848 1453 3099 1509 MENSE.

2524 1566 2627 1622 Die
2657 1567 2890 1625 decima
2918 1575 3148 1641 quarta.

2008 1678 2110 1736 28
2167 1682 2449 1737 Certamen
2532 1691 2844 1811 sanctoium
2877 1694 3222 1770 “martyrum
3302 1688 3520 1759 Thyrsi,
3605 1696 3659 1746 et

2766 1773 2932 1811 eum.

2766 1773 2909 1812 eum
2920 1801 2932 1814 .

304 1875 431 1931 Ἐπὶ
486 1871 679 1928 Δεκίου
733 1874 833 1927 τοῦ
894 1868 1166 1947 βασιλέως
1221 1861 1562 1941 Κομϐρίκιος
1593 1864 1622 1920 ὁ
1665 1862 1891 1939 ἡγεμὼν

2077 1868 2252 1924 Decio
2284 1869 2636 1942 imperante,
2693 1890 2829 1928 cum
2887 1875 3255 1931 Combricius
3312 1879 3649 1949 prmfectus,

236 1962 485 2039 διωγμὸν
523 1964 686 2039 μεγαν
710 1961 928 2032 ἐκίνησε
953 1958 1092 2015 κατᾶ
1134 1961 1244 2013 τῶν
1292 1958 1650 2034 Χριστιανῶν,
1700 1953 1752 2010 ἐν
1778 1958 1896 2017 τοῖς

245 2055 427 2126 μέρεσι
490 2047 894 2124 Νικομηδείας,
972 2048 1154 2124 χύνων
1233 2047 1302 2102 τὰ
1367 2047 1477 2102 τῶν
1561 2046 1892 2121 Χριστιανῶν

241 2140 443 2216 αἵματα
473 2141 596 2205 καθ’
640 2139 873 2210 δκάστην
927 2138 1001 2201 ὡς
1057 2137 1228 2212 ὕδωρ.
1287 2134 1561 2207 Λυπηθεὶς
1608 2131 1666 2190 δὲ
1695 2134 1724 2189 ὁ
1755 2130 1895 2188 Λεύ-

228 2252 371 2300 κιος,
405 2229 739 2306 Χριστιανὸς
764 2228 1054 2304 ὑπάρχων,
1082 2226 1174 2282 καὶ
1206 2219 1548 2305 φοϐούμενος
1602 2222 1694 2280 τὸν
1743 2222 1896 2294 Θεὸν,

238 2319 480 2391 ἇπῆλθεν
528 2317 605 2382 εἷς
659 2317 752 2374 τὸν
804 2316 1075 2392 ἡγεμόνα,
1125 2315 1325 2391 λέγων·
1394 2312 1555 2370 Κύων
1615 2313 1893 2387 ἀκόρεστε,

218 2419 323 2478 ἕως
376 2407 511 2464 πότε
569 2405 784 2482 ὲκχὲεις
832 2405 898 2462 τὸ
951 2408 1060 2460 τῶν
1152 2403 1463 2477 ἀνθρώπων
1514 2404 1652 2474 αἷμα
1710 2399 1893 2474 ὣσπερ

226 2496 395 2572 ὕδωρ,
432 2494 848 2571 καταναγκάζων
912 2492 1112 2557 αὐτοὺς
1171 2496 1495 2568 προσκυνεῖν
1553 2488 1746 2553 λίθους
1800 2488 1892 2545 καὶ

228 2586 364 2661 ξύλα
388 2590 576 2663 ἄψυχα
602 2587 693 2642 καὶ
748 2585 1083 2656 ἀναίσθητας
1143 2583 1448 2660 Ὀργισθεὶς
1493 2579 1553 2638 δὲ
1580 2583 1609 2638 ὁ
1638 2581 1893 2657 ἡγεμὼν,

226 2673 518 2753 ἐκρέμασεν
552 2676 712 2732 αὑτὸν
756 2674 847 2730 καὶ
906 2669 1048 2746 ἔξεσε
1101 2674 1208 2737 τὰς
1264 2674 1466 2749 σάρκας
1521 2670 1706 2726 αὐτοῦ.
1768 2671 1896 2725 Εἶτα

229 2766 616 2845 ἀπεκεφάλισεν
676 2762 857 2822 αύτόν.
922 2765 1026 2820 Καὶ
1088 2764 1386 2835 ὑπήντησε
1441 2766 1524 2835 τῷ
1580 2760 1808 2835 ἡγεμόνι
1865 2760 1894 2814 ὁ

236 2858 385 2933 ἅγιος
414 2857 645 2934 Θόρσος,
700 2856 791 2911 καὶ
848 2851 1119 2910 ὠνείδισεν
1178 2853 1350 2926 αὐτῷ,
1414 2852 1492 2915 ὡς
1550 2848 1894 2926 ἆπιχαίροντι

240 2952 354 3009 τοῖς
402 2947 601 3021 αἳμασι
667 2951 777 3002 τῶν
861 2942 1189 3020 ἀνθρώπων,
1266 2941 1359 2998 καὶ
1442 2939 1717 3016 ἐκρατήθη
1804 2938 1895 2994 καὶ

262 3037 438 3105 αὐτὸς,
464 3035 558 3092 καὶ
588 3032 745 3105 ἐδέθη
791 3038 983 3109 χεῖρας
1038 3031 1130 3088 καὶ
1180 3027 1375 3101 πόδας,
1428 3029 1519 3086 καὶ
1578 3028 1892 3102 ἑξεκεντήθη

247 3126 370 3188 τοὺς
416 3124 759 3202 ὀφθαλμοὺς,
848 3122 939 3179 καὶ
1025 3117 1315 3198 συνετρίϐη
1388 3120 1458 3176 τὰ
1527 3119 1719 3192 σκὲλησ
1779 3120 1896 3174 εἶτα

2006 1973 2221 2031 magna
2247 1958 2528 2015 adversus
2548 1962 2915 2018 Christianos
2946 1970 3107 2019 mota
3127 1968 3561 2036 persecutione,
3590 1967 3651 2022 in

2004 2047 2273 2119 partibus
2303 2048 2658 2105 Nicomedia:
2690 2052 3041 2124 sanguinem
3089 2053 3558 2109 Christianorum
3590 2056 3651 2110 in

2005 2135 2132 2191 dies
2153 2136 2314 2192 velut
2333 2154 2550 2210 aquam
2575 2140 3087 2214 eﬂunderet,aegre
3108 2141 3170 2196 id
3188 2142 3385 2199 ferens
3406 2144 3652 2199 Lcucius

2004 2226 2093 2280 vir
2113 2226 2484 2283 Christianus
2507 2229 2810 2301 Deumque
2842 2231 3081 2300 timens,
3114 2232 3259 2287 adiit
3286 2232 3653 2304 praefectum,

2006 2320 2084 2379 et,
2117 2315 2292 2370 Canis
2322 2315 2724 2389 inexplebilis,
2756 2318 2971 2391 inquit,
3003 2336 3311 2392 usquequo
3342 2320 3653 2376 hominum

2004 2404 2356 2476 sanguinem
2385 2404 2546 2460 velut
2574 2423 2791 2478 aquam
2813 2409 3100 2477 eil‘undes,
3132 2410 3497 2482 compellens
3516 2410 3653 2466 illos

2004 2492 2253 2549 adorare
2281 2493 2508 2565 lapides
2529 2500 2588 2550 et
2607 2495 2788 2568 ligna,
2810 2497 3009 2552 animo
3031 2514 3329 2570 sensuque
3351 2498 3657 2555 carentia?

2006 2582 2095 2638 Ad
2124 2583 2251 2639 haec
2281 2584 2598 2640 excanduit
2626 2585 2960 2657 praefectus,
2992 2592 3349 2660 raptumque
3379 2588 3440 2643 in
3466 2605 3656 2661 equu-

2005 2670 2187 2742 leum,
2223 2678 2282 2728 et
2310 2674 2794 2730 excarnificatum
2824 2675 3106 2732 decollari
3140 2677 3341 2749 jussit.
3393 2679 3652 2751 Thyrsus

2004 2778 2144 2816 vero
2173 2761 2404 2818 obviam
2434 2762 2624 2820 factus
2656 2763 2849 2820 eidem
2906 2764 3205 2837 praefecto,
3256 2767 3649 2839 exprobravit,

2007 2851 2164 2922 quod
2182 2851 2371 2909 multo
2383 2853 2729 2910 mortalium
2753 2855 3040 2928 sanguine
3068 2855 3649 2927 exhausto,nondum

2005 2943 2206 2996 tamen
2237 2942 2505 2997 animum
2535 2958 2709 2998 suum
2755 2943 3069 3015 explesset.
3130 2946 3320 3010 Quare
3377 2950 3437 3000 et
3491 2946 3650 3002 hunc

2005 3030 2526 3102 comprehensum,
2569 3031 2866 3103 manibus,
2918 3032 3289 3106 pedibusque
3347 3035 3649 3104 revinctis,

2004 3118 2194 3175 oculis
2224 3120 2550 3190 transfixis,
2580 3120 2972 3193 cruribusque
3024 3123 3307 3189 contusis,
3353 3125 3655 3180 mandavit

242 3209 415 3285 ἐδέθη,
468 3215 567 3270 ἳνα
619 3213 825 3289 σχισθῇ
892 3211 1055 3285 μέσον
1083 3209 1252 3313 ἡμετὰ
1307 3213 1406 3264 τοῦ
1486 3206 1891 3313 πρίονοςλΚαὶ

2006 3224 2172 3265 serra
2195 3208 2460 3264 medium
2491 3209 2700 3265 secari.
2734 3209 2846 3264 Sed
2893 3215 3212 3282 antequam
3260 3211 3651 3281 scinderetur,

245 3304 347 3377 πρὸ
397 3306 494 3358 τοῦ
543 3302 860 3377 σχισθῆναι,
906 3298 998 3355 καὶ
1080 3294 1547 3373 διχοτομηθῆναι,
1602 3293 1883 3371 παρέδωκε

242 3391 339 3460 τήν
363 3393 567 3468 ψυχήν.

825 3508 906 3580 τῇ
938 3504 1077 3580 αὖτῇ
1107 3505 1291 3581 ἡμέρᾳ

248 3624 507 3696 ’Λθλησις
531 3628 658 3715 ’τῶνΙ
672 3621 838 3699 ἁγίων
854 3621 1539 3715 ⁸μαρτύριυνδξίὶιλήμοὶοος,
1586 3620 1851 3679 ’Δπολλω
1864 3656 1875 3664 -

605 3690 750 3764 νίοιὶ,
782 3690 1000 3765 καῖτῆς
1028 3690 1279 3757 συνοδίας
1306 3690 1505 3750 αὐτῶν.

304 3814 469 3870 Οὗτοι
499 3815 554 3870 οἱ
579 3814 729 3888 ἅγιοι
756 3812 1000 3888 ἐγίνοντο
1031 3809 1140 3866 ἀπὸ
1188 3805 1381 3882 Θηϐῶν
1430 3816 1555 3898 τῆςᾷ
1575 3808 1882 3898 Αἰγύπτου,

244 3902 330 3958 ἐπὶ
359 3903 763 3974 Διοκλητιανοῦ
806 3904 904 3957 τοῦ
959 3898 1251 3976 βασιλέως.
1309 3900 1480 3957 Ἦσαν
1539 3896 1598 3955 δὲ
1655 3896 1885 3962 ἅπαντες

240 3994 608 4069 τριακονταέξ.
669 3992 817 4048 Ἐπεί
876 3988 934 4046 δὶ
1016 3988 1409 4065 ἂκρατήθησαν,
1463 3990 1543 4053 εἷς
1602 3987 1656 4060 ἐξ
1705 3989 1881 4046 αὐτῶν

244 4082 588 4157 καλούμενος
646 4078 1046 4149 Ἀπολλώνιος,
1097 4076 1366 4155 κληρικὸς
1420 4075 1520 4147 ὢν,
1577 4075 1747 4134 ἔδωκε
1792 4100 1883 4134 νο-

247 4196 489 4250 μισματα
515 4178 599 4247 τῷ
636 4171 963 4252 φυλάττὸντι
1014 4170 1209 4235 αὐτοὺς
1268 4167 1553 4244 Φιλήμονι
1605 4174 1687 4243 τῷ
1732 4182 1883 4235 κιθα-

244 4268 415 4338 ριστῇ,
474 4265 567 4319 καὶ
624 4258 990 4336 παρεκάλεσεν
1042 4259 1204 4316 αὐτὸν
1263 4257 1487 4337 φορέσαι
1570 4260 1639 4315 τὰ
1692 4260 1887 4333 ἱμάτια

239 4350 541 4420 αύτοῦ,καῖ
580 4350 700 4406 ἀντὶ
756 4350 927 4406 αὐτοῦ
984 4355 1355 4426 προσκυνῆσαι
1407 4348 1495 4404 καὶ
1556 4349 1711 4403 θῦσαι
1765 4353 1884 4410 τοῖς

243 4437 515 4503 εἰδώλοις.
574 4440 637 4498 Ὁ
695 4436 752 4495 δὲ
806 4437 1081 4512 Φιλήμων
1136 4437 1364 4516 φορέσας
1418 4436 1486 4493 τὰ
1539 4436 1733 4512 ἱμάτια
1787 4441 1887 4492 τοῦ

241 4529 651 4603 ’Λπολλωνίου,
709 4529 801 4584 δτε
854 4526 1072 4598 ἀπῆλθε
1142 4530 1323 4597 θῦσαι,
1405 4524 1737 4602 ὡμολόγησε
1788 4526 1882 4582 τὸν

2010 3304 2191 3376 inque
2220 3303 2369 3361 duas
2399 3309 2597 3377 partes
2626 3303 3006 3371 divideretur,
3039 3304 3300 3361 animam
3333 3305 3597 3364 tradidit.

2647 3509 2870 3566 Eodem
2900 3510 2994 3567 die

1992 3628 2092 3685 29
2152 3626 2437 3683 Certamen
2506 3633 2818 3684 sanctorum
2897 3633 3203 3697 martyrum
3282 3628 3641 3698 Philemonis,

2460 3698 2761 3770 Apollonii,
2794 3705 2845 3754 et
2872 3700 3165 3755 sociorum.

2063 3813 2167 3871 Isti
2199 3814 2411 3883 sancti,
2468 3813 2834 3871 Diocletiano
2888 3815 3241 3888 imperante,
3300 3833 3371 3873 ex
3424 3817 3638 3874 Thebis

1993 3904 2218 3977 Egypti
2249 3903 2397 3959 urbe
2428 3903 2563 3968 orti,
2595 3921 2698 3960 sex
2731 3909 2790 3960 et
2820 3904 3061 3977 triginta
3100 3922 3349 3962 numero
3373 3907 3634 3963 fuerunt.

1992 3994 2135 4049 Cum
2166 3998 2365 4049 autem
2419 3994 2835 4065 comprehensi
2884 3994 3157 4060 fuissent,
3208 4011 3362 4050 unus
3412 4011 3482 4051 ex
3533 3995 3643 4064 eis,

1995 4082 2345 4154 Apollonius
2360 4082 2626 4152 nomine,
2652 4083 2924 4152 clericus,
2949 4084 3086 4138 data
3102 4083 3436 4139 Philemoni
3459 4084 3643 4138 citha-

1992 4172 2153 4227 ristaa
2185 4188 2394 4228 eorum
2425 4172 2656 4229 custodi
2688 4172 2961 4244 pecunia,
2993 4173 3234 4245 rogavit,
3278 4178 3344 4229 ut
3392 4172 3644 4245 sumptis

1996 4261 2119 4317 suis
2150 4261 2413 4318 vestibus
2446 4263 2578 4330 iret,
2612 4279 2679 4318 ac
2708 4279 2813 4334 pro
2853 4279 2916 4318 se
2947 4261 3106 4318 idola
3163 4261 3406 4328 coleret,
3454 4262 3647 4332 iisque

1994 4352 2373 4408 sacrificaret.
2398 4350 2513 4408 Sed
2536 4351 2849 4408 Philemon
2874 4351 3128 4423 sumptis
3150 4350 3449 4423 Apollonii
3470 4350 3645 4405 vesti-

1994 4441 2127 4509 bus,
2158 4441 2300 4497 dum
2331 4457 2500 4497 sacra
2526 4441 2791 4498 facturus
2822 4441 2955 4512 iret,
2995 4440 3297 4497 Christum
3343 4440 3650 4497 confessus

1993 4536 2103 4586 est.
2135 4531 2326 4597 Quare
2356 4530 2669 4602 praefectus
2719 4530 2898 4602 hujus
2942 4531 3027 4586 rei
3076 4531 3357 4605 ignarus:
3411 4532 3642 4596 Vocate,

249 4621 501 4694 Χριστόν.
532 4619 597 4676 Ὀ
627 4615 689 4674 δὶ
718 4617 967 4694 ἡγεμὼν,
1020 4617 1096 4690 μὴ
1155 4614 1427 4692 γνωρίσας
1486 4614 1674 4685 αὐτὸν,
1732 4615 1891 4680 εἶπεν,

2009 4618 2112 4684 ait,
2142 4617 2514 4673 citharistam
2544 4616 2979 4688 Philemonem,
3000 4624 3065 4674 ut
3087 4618 3375 4675 citharam
3400 4618 3645 4690 pulsans

252 4705 517 4764 Καλέσατε
570 4706 667 4762 τὸν
723 4705 1040 4783 κιθαριστὴν
1101 4702 1418 4777 Φιλήμονα,
1474 4703 1567 4758 ἳνα
1633 4701 1889 4780 κιθαρίσῃ

2004 4723 2207 4762 vocum
2237 4706 2523 4762 suavitate
2565 4705 2847 4763 delinitos
2890 4706 3257 4764 Christianos
3303 4708 3377 4763 ad
3424 4707 3652 4763 sacriﬁ-

246 4797 421 4872 καὶτῇ
455 4792 707 4871 μελῳδίᾳ
747 4795 910 4870 πείσῃ
969 4791 1097 4856 τοὺς
1151 4789 1507 4866 Χριστιανοὺς
1556 4792 1733 4850 θῦσαι.
1794 4792 1891 4848 Καὶ

2004 4793 2259 4851 candum
2291 4793 2467 4849 idolis
2502 4792 2764 4850 inducat.
2795 4795 3045 4868 Agnitus
3070 4795 3249 4867 igitur
3264 4796 3598 4865 Philemon,
3622 4813 3657 4853 a

250 4882 363 4940 τότε
411 4883 738 4961 γνωρισθεὶς
786 4883 816 4938 ὁ
869 4879 1146 4955 Φιλήμων
1199 4878 1520 4954 ἐτιμωρήθη
1593 4880 1730 4953 μετὰ
1783 4882 1891 4935 τῶν

2004 4883 2278 4955 ρι’ωΐθοῑο
2304 4898 2426 4938 una
2444 4898 2580 4937 cum
2610 4881 2744 4939 aliis
2770 4887 3117 4955 torquetur:
3152 4883 3391 4940 demum
3413 4886 3659 4957 praefec-

250 4971 425 5031 ἄλλων
470 4973 624 5045 παρὰ
677 4975 779 5028 τοῦ
831 4970 1129 5047 ἡγεμόνος.
1188 4970 1444 5044 Ὕστερον
1503 4965 1562 5023 δὶ
1616 4966 1891 5024 ύπίστευσε

2005 4977 2098 5028 tus
2128 4972 2254 5044 ipse
2286 4987 2424 5027 eum
2452 4970 2732 5043 omnibus
2759 4972 2883 5029 suis
2914 4972 3094 5030 ﬁdem
3125 4973 3341 5030 Christi
3367 4975 3653 5046 suscepit.

254 5063 337 5118 καὶ
361 5065 389 5119 ὁ
417 5061 675 5138 ἡγεμὼν,
705 5062 797 5117 καὶ
827 5061 881 5116 οἱ
938 5058 1033 5116 σὺν
1079 5057 1228 5133 αύτῷ
1280 5059 1498 5130 πάντες,
1555 5059 1643 5113 καὶ
1705 5057 1891 5131 μαθὼν

2004 5060 2170 5128 Quod
2226 5060 2328 5117 ubi
2385 5061 2626 5118 rescivit
2685 5061 3104 5132 Diocletianus,
3173 5064 3426 5120 cruciari
3480 5063 3652 5119 illum

250 5155 401 5207 ταῦτα
429 5152 461 5208 ὁ
494 5149 894 5223 Διοκλητιανὸς
941 5149 1325 5225 ἰτιμωρήσατο
1381 5145 1564 5216 αὐτὸν,
1625 5146 1760 5221 μετὰ
1803 5146 1891 5204 καὶ

244 5240 516 5317 ’Λῤῥιανοῦ
568 5260 724 5303 τινος
781 5236 1076 5297 πλουσίου.
1146 5236 1279 5295 Εἶτα
1358 5232 1634 5310 δεσμήσας
1690 5235 1891 5300 πάντας

245 5324 619 5405 ηἶέμϐαλὼν
665 5328 745 5393 εἷς
804 5330 1060 5399 σάκκους,
1117 5322 1333 5405 ἔρριψεν
1391 5324 1447 5381 ἐν
1497 5327 1568 5400 τῇ
1627 5322 1891 5402 θαλάσσῃ.

1996 5150 2180 5222 jussit
2214 5167 2351 5206 cum
2406 5151 2661 5207 Arriano
2711 5150 2969 5223 quodam
3027 5152 3310 5224 opulento
3367 5153 3652 5210 homine:

2004 5245 2302 5312 postremo
2330 5240 2563 5296 vinctos
2600 5257 2833 5311 omnes,
2893 5246 2951 5297 et
3005 5257 3176 5298 sacco
3238 5241 3525 5311 inclusos,
3584 5243 3648 5297 in

2003 5346 2168 5386 mare
2197 5330 2407 5402 projici
2438 5329 2759 5386 mandavit.

2653 5444 2875 5501 Eodem
2907 5446 3003 5502 die

834 5449 913 5520 τῇ
947 5444 1088 5519 αὐτῇ
1115 5441 1301 5517 ἥμεροι

244 5556 453 5636 Εὸρεσις
501 5563 616 5617 τῶν
648 5557 929 5635 λειψάνων
987 5560 1085 5614 τοῦ
1109 5556 1305 5636 ’ἁγίου
1356 5552 1644 5633 Ἀῤῥιανοῦ
1694 5560 1893 5613 καιτῶν

2004 5562 2389 5619 801nventio
2439 5560 2810 5633 reliquiarum
2854 5566 3033 5620 sancti
3077 5566 3334 5634 Arriani,
3380 5572 3431 5620 et
3468 5570 3658 5635 prote-

857 5628 1261 5708 προτικτόρων.

2709 5641 2943 5692 ctorum.

314 5749 451 5805 Πετᾶ
477 5748 545 5803 τὸ
603 5747 887 5822 βασανίσαι
946 5745 1075 5809 τοὺς
1133 5742 1317 5820 ἁγίους
1373 5739 1659 5820 διαφόροις
1719 5748 1891 5825 βασά-

2076 5755 2399 5825 Postquam
2424 5750 2602 5808 variis
2632 5750 3059 5821 suppliciorum
3088 5751 3405 5823 generibus
3432 5751 3492 5803 in
3520 5762 3659 5801 san-
