4072 6194
411 374 531 434 207

1719 364 1768 424 Μ
1782 362 2147 424 ENOLOGII
2191 365 2397 429 PARS
2444 367 2516 427 Il.

3716 370 3839 430 208

413 513 536 562 ctos
559 505 959 562 Diocletianus
985 497 1770 566 animadvertisset,demisit
1792 501 2066 552 sanctum

2178 517 2289 558 νοις
2320 497 2347 552 6
2380 497 2791 570 Διοκλητιανὸς,
2823 494 3068 574 ἐνὲῤῥιψε
3109 496 3198 553 καὶ
3250 498 3342 552 τὸν
3399 497 3566 573 ἅγιον
3617 496 3841 575 Ἀῤῥια-

411 597 727 652 Arrianum
761 593 986 649 catenis
1020 590 1407 646 constrictum
1463 589 1522 642 in
1575 587 1929 642 altissimam
1979 585 2065 639 fo-

412 703 600 753 veam,
623 683 930 753 multoque
962 681 1126 735 illam
1151 685 1320 733 terrae
1347 693 1557 750 aggere
1611 675 1938 731 obstruxit:
1977 690 2071 729 se-

410 777 678 845 densque
708 789 811 844 pro
851 769 1158 836 tribunali,
1205 769 1380 839 coepit
1438 784 1544 838 per
1585 767 1788 838 jocum
1851 763 2070 819 milites

405 863 784 934 compellare,
847 865 904 915 et
957 859 1194 913 dicere:
1260 857 1591 922 Videamus,
1647 872 1725 910 an
1784 853 2070 908 Christus

408 953 639 1009 Arriani
673 951 888 1016 veniat,
920 965 1174 1020 eumque
1206 964 1277 1002 ex
1317 947 1430 1001 hac
1460 946 1627 1000 fovea
1681 945 1911 998 educat.
1967 941 2073 994 Vix

411 1049 609 1098 autem
642 1058 770 1096 sese
802 1040 863 1093 in
916 1039 1140 1109 regiam
1199 1039 1520 1106 receperat,
1579 1038 1638 1088 et
1694 1031 2070 1097 accubuerat,

411 1149 546 1187 cum
568 1130 850 1201 lapidem,
879 1133 938 1182 et
967 1133 1237 1189 catenas,
1263 1141 1410 1195 quas
1432 1126 1691 1195 gestarat
1711 1121 2018 1189 Arrianus,
2040 1136 2071 1174 e

409 1222 630 1278 lectulo
656 1216 1446 1290 suspensas,Arrianumque
1472 1213 1665 1284 ipsum
1690 1211 1749 1265 in
1772 1227 1840 1265 eo
1865 1211 2075 1282 jacen-

412 1316 530 1364 tem
556 1308 719 1363 vidit.
747 1308 940 1371 Quare
965 1304 1314 1375 perterritus
1336 1303 1679 1371 imperator,
1703 1298 2073 1370 ratusipsum

414 1416 542 1455 esse
577 1412 838 1468 magum,
879 1399 937 1450 et
970 1410 1126 1460 eum,
1175 1398 1233 1447 et
1295 1391 1536 1457 milites,
1595 1389 1696 1460 qui
1755 1404 1889 1442 cum
1946 1387 2074 1458 ipso

411 1486 808 1544 crediderant.
845 1483 904 1536 in
934 1499 1096 1537 mare
1153 1479 1438 1552 projecit:
1494 1493 1746 1548 quorum
1791 1475 2075 1543 reliquias

411 1575 599 1632 saccis
632 1574 907 1644 quinque
940 1572 1174 1626 insulas
1234 1569 1546 1641 delphines
1596 1568 1656 1621 in
1703 1565 2076 1620 Alexandriae

409 1667 581 1721 littus
614 1663 1183 1735 deportarunt,qua:
1216 1659 1288 1715 ab
1320 1659 1553 1713 Arriani
1585 1657 1766 1712 servis
1806 1655 2077 1727 cognitas,

410 1755 738 1811 honoriﬁce
773 1754 832 1807 in
872 1751 1016 1807 urbe
1049 1748 1408 1805 Alexandria
1437 1746 1713 1818 repositae
1746 1745 1931 1800 fuere.

971 1957 1213 2013 EODEM
1255 1955 1510 2010 MENSE.

945 2074 1048 2129 Die
1079 2072 1311 2127 decima
1341 2071 1550 2142 quinta

533 2195 625 2250 al
668 2194 956 2248 Certamen
985 2191 1319 2246 sacrosancti
1348 2189 1607 2256 martyris
1632 2180 1954 2240 Eleutherii.

487 2314 910 2366 Sacrosanctus
933 2312 1159 2379 martyr
1183 2304 1561 2360 Eleutherius
1585 2319 1655 2356 ex
1687 2315 1899 2372 magna
1927 2297 2072 2352 urbe

409 2405 593 2456 Roma
609 2399 741 2467 fuit,
767 2404 931 2470 patre
958 2413 991 2450 a
1012 2395 1268 2467 pueritia
1310 2393 1585 2457 orbatus;
1609 2389 1681 2445 ab
1720 2388 1940 2443 Anlhia
1969 2402 2074 2441 au-

403 2493 738 2544 temmatre
763 2486 940 2540 ﬁdem
964 2483 1177 2538 Christi
1203 2482 1467 2547 edoctus,
1493 2477 1838 2551 quamillaa
1859 2490 2071 2548 magno

400 2577 667 2649 apostolo
690 2575 872 2630 Paulo
895 2577 1226 2643 acceperat.
1263 2573 1411 2626 Eum
1446 2570 1730 2624 Anicetus
1753 2567 2072 2637 episcopus

407 2668 689 2739 suscepit,
715 2665 1235 2733 Christianumque
1285 2661 1500 2715 litteris
1537 2659 1902 2723 institutum,
1949 2655 2072 2710 cle-

401 2757 593 2812 ricum
627 2755 786 2810 fecit.
823 2755 950 2808 Mox
984 2752 1273 2807 diaconus
1306 2756 1364 2804 et
1393 2747 1702 2820 presbyter
1729 2746 2058 2814 ordinatur,

404 2844 623 2899 deinde
651 2841 872 2914 Illyrici
895 2838 1498 2912 episcopus.Adriano
1521 2841 1716 2891 autem
1743 2835 2073 2905 imperante

407 2932 902 3003 comprehensus,
928 2934 986 2983 et
1015 2927 1363 3000 gravissime
1400 2929 1613 2994 tortus,
1647 2924 1709 2978 in
1767 2922 2074 2986 ardentem

406 3022 652 3076 furnum
685 3019 947 3092 praefecti
973 3019 1152 3090 jussu
1186 3014 1548 3070 detruditur.
1582 3013 1693 3069 Sed
1751 3030 1885 3068 cum
1936 3029 2072 3068 eum

403 3111 540 3166 inde
565 3110 910 3165 incolumen
937 3107 1193 3162 evasisse
1216 3110 1490 3159 cerneret
1513 3102 1848 3174 prmfectus,
1881 3103 2070 3157 credi-

2175 585 2269 640 νὸν
2297 585 2374 649 είς
2411 587 2576 662 βαθὺν
2635 586 2832 662 βόθρον
2879 594 2980 656 τῆς
3027 589 3130 662 γῆς
3186 584 3491 661 δεδεμένον⁶
3555 589 3646 642 καὶ
3687 587 3844 644 ἐσκέ-

2175 695 2313 728 πασε
2343 676 2432 730 τὸν
2488 675 2681 751 βόθρον
2747 676 2885 750 μετά
2940 681 3038 731 τοῦ
3097 677 3385 751 χώματος.
3440 675 3544 731 Καὶ
3616 675 3841 747 ἔστησεν

2178 761 2358 817 ἐπάνω
2390 765 2480 819 τὸν
2525 764 2715 840 θρόνον
2741 764 2934 834 αὐτοῦ,
2994 765 3087 820 καὶ
3148 763 3407 840 ἐπέτρεψε
3458 763 3668 834 παίζειν
3714 766 3846 829 τοὺς

2177 853 2530 927 στρατιώτας,
2585 855 2775 929 Λέγων·
2838 851 3070 927 Ὶδωμεν
3123 853 3167 909 εί
3218 849 3369 908 ἔλθοι
3403 854 3699 928 ὁΧριστὸς
3740 858 3844 908 τοῦ

2179 939 2486 1016 ’Λρῥιανοῦ,
2520 941 2608 996 καί
2637 938 2840 1017 ἐκϐάλῃ
2869 944 3030 997 αὐτὸν
3083 943 3142 997 ἐκ
3196 947 3297 996 τοῦ
3363 943 3565 1018 βόθρου
3614 944 3838 1000 τούτου.

2178 1027 2283 1084 Καί
2315 1029 2564 1085 ἀπελθὼν
2599 1030 2675 1094 είς
2714 1033 2781 1086 τὰ
2833 1030 3106 1108 βασίλεια,
3157 1029 3387 1106 ἔδραμεν
3439 1031 3514 1093 εἷς
3564 1034 3661 1101 τὴν
3705 1029 3848 1086 κλί-

2177 1140 2275 1189 νην
2309 1119 2494 1190 αὐτοῦ,
2527 1120 2618 1174 καὶ
2655 1119 2844 1194 βλέπει
2911 1123 2978 1176 τά
3036 1119 3255 1196 σίδηρα,
3303 1122 3392 1175 καὶ
3443 1123 3533 1176 τὸν
3594 1119 3771 1189 λίθον,
3811 1122 3847 1175 ἅ

2178 1205 2365 1284 ἐφορει
2399 1211 2427 1263 6
2469 1209 2773 1285 Ἀρριανὸς,
2831 1210 3160 1286 κρεμώμενα
3209 1210 3285 1272 εἷς
3333 1211 3430 1279 τήν
3482 1209 3695 1281 κλίνην,
3746 1210 3844 1266 καὶ

2177 1299 2268 1353 τὸν
2330 1297 2614 1374 Ἀῤῥιανὸν
2675 1299 2920 1372 κείμενον
2978 1297 3061 1354 ἐπ’
3116 1299 3303 1368 αὐτ-ἧς’
3390 1299 3479 1354 καὶ
3564 1295 3848 1377 ἐφοϐήθη,

2183 1382 2476 1442 ὑπολαϐὼν
2512 1387 2671 1442 αὐτὸν
2704 1387 2872 1462 μάγον
2933 1390 3088 1442 εἶναι⁸
3147 1388 3268 1442 τότε
3325 1386 3541 1464 ἔρῥιψεν
3593 1389 3752 1444 αὐτὸν
3791 1389 3849 1445 ἐν

2179 1479 2247 1548 τῇ
2281 1475 2522 1548 θαλάσσῃ
2564 1475 2698 1547 μετᾶ
2753 1481 2860 1530 τῶν
2921 1480 3430 1549 συμπιστευσάντων
3481 1477 3625 1549 αὐτῷ
3664 1499 3845 1554 στρα-

2179 1569 2416 1620 τιωτῶν.
2473 1567 2569 1618 Καὶ
2630 1566 2681 1618 οἱ
2741 1563 2986 1643 δελφῖνες
3047 1561 3307 1628 λαϐόντες
3363 1567 3429 1621 τὰ
3470 1565 3697 1640 λείψανα
3758 1568 3847 1631 εἷς

2181 1654 2339 1708 πέντε
2367 1651 2600 1716 σάκκους
2631 1649 2977 1726 ἐμϐληθέντα
3007 1655 3263 1730 ἐξήγαγον
3317 1655 3392 1717 εἷς
3435 1657 3526 1711 τὸν
3581 1655 3840 1732 αἰγιαλὸν

2183 1741 2615 1817 Ἀλεξανδρείας.
2653 1743 2752 1800 Καὶ
2811 1745 3164 1819 γνωρίσαντες
3214 1746 3349 1801 αὐτὰ
3398 1747 3446 1800 οἱ
3501 1745 3692 1802 δοῦλοι
3733 1753 3844 1803 τοῦ

2093 1853 2139 1918 Β
2184 1831 2477 1909 Ἀῤῥιανοῢ
2507 1833 2807 1904 κατέθηκαν
2842 1833 2977 1888 αὐτὰ
3005 1833 3060 1890 ἐν
3088 1831 3472 1911 Ἀλεξανδρείᾳ
3502 1835 3760 1910 ἐντίμως.

2725 1951 2908 2008 ΜΗΝΙ
2952 1951 3042 2006 ΤΩ
3084 1953 3284 2008 ΑΥΤΩ.

2964 2070 3047 2124 lE'

2305 2183 2567 2254 Ἀθλησις
2596 2190 2694 2241 τοῦ
2724 2187 2879 2263 ἁγίου
2905 2187 3302 2264 ἱερομάρτυρος
3333 2187 3695 2264 Ἐλευθερίου.

2252 2299 2313 2356 Ὀ
2344 2302 2494 2376 ἅγιος
2541 2303 2870 2378 ἱερομάρτυς
2925 2301 3266 2379 Ἐλευθέριος
3313 2303 3382 2372 ἧν
3432 2305 3536 2360 ἀπὸ
3583 2312 3682 2375 τῆς
3731 2327 3847 2379 με-

2178 2387 2537 2466 γαλοπόλεως
2566 2394 2804 2465 Ῥώμης.
2853 2395 2987 2455 Νέος
3039 2390 3097 2448 δὲ
3149 2395 3250 2462 τὴν
3300 2391 3528 2464 ἠλικίαν
3575 2395 3850 2472 ὑπάρχων

2181 2479 2394 2555 ἐγένετο
2424 2480 2484 2537 ἐκ
2508 2484 2709 2560 πατρὸς
2744 2484 2998 2562 ὀρφανός·
3037 2486 3246 2560 μητέρα
3305 2483 3362 2540 δὲ
3410 2479 3555 2560 ἔχων
3611 2485 3851 2558 ὀνόματι

2180 2570 2421 2641 ’Λνθίαν,
2479 2575 2604 2647 παρ’
2661 2571 2874 2645 ἐκείνης
2925 2571 3190 2650 ἐδιδάχθη
3254 2575 3356 2644 τὴν
3439 2579 3538 2630 τοῦ
3603 2577 3851 2650 Χριστοῦ

2179 2658 2382 2728 πίστιν,
2440 2657 2909 2736 προδιδαχθείσης
2970 2661 3138 2732 αὐτῆς
3228 2664 3332 2718 ὑπὸ
3412 2668 3508 2718 τοῦ
3593 2663 3850 2740 μεγάλου

2182 2747 2400 2803 Παύλου
2430 2753 2528 2804 τοῦ
2557 2749 2892 2809 ἀποστόλου.
2951 2753 3014 2809 Ὁ
3074 2750 3131 2806 δὲ
3188 2752 3485 2816 ἐπίσκοπος
3541 2756 3846 2823 Ἀνίκητος

2178 2841 2369 2892 τοῦτον
2405 2835 2712 2913 δεξάμενος,
2743 2841 2811 2895 τά
2843 2845 2948 2896 τῶν
2999 2845 3344 2916 Χριστιανῶν
3400 2840 3608 2916 ἐδίδαξε
3650 2844 3840 2918 γράμο

2184 2947 2345 2998 ματα,
2402 2927 2492 2981 καὶ
2551 2926 2774 2998 ἐποίησε
2855 2927 3144 3006 κληρικόνο
3241 2931 3353 2986 εἶτα
3435 2937 3846 3006 χειροτονεῖται

2180 3013 2432 3078 διάκονος
2461 3016 2550 3071 καὶ
2587 3013 2969 3095 πρεσϐύτερος,
3003 3022 3120 3075 εἶτα
3149 3019 3446 3083 ἐπίσκοπος
3501 3025 3599 3076 τοῦ
3650 3021 3840 3078 Ἰλλυ-

2179 3109 2354 3180 ρικοῦ·
2416 3105 2505 3161 ἐπὶ
2564 3106 2622 3162 δὲ
2673 3105 2961 3182 Ἀδριανοῦ
3023 3109 3291 3185 βασιλέως
3362 3111 3676 3185 κρατηθείς,
3735 3133 3834 3166 τι-

407 3201 490 3256 dit
519 3207 578 3255 et
616 3201 764 3271 ipse,
799 3204 859 3253 et
891 3198 951 3251 in
983 3197 1227 3250 furnum
1251 3195 1574 3266 ingressus,
1610 3209 1679 3246 ex
1729 3209 1797 3246 eo
1848 3191 2068 3246 illaesus

2183 3200 2444 3270 μωρεῖται
2479 3195 2740 3271 ἰσχυρῶς.
2793 3198 2924 3254 Εἶτα
2973 3198 3424 3276 ἐναπορρίπτεται
3474 3200 3549 3262 εἷς
3599 3205 3837 3278 φοῦρνον

409 3289 606 3346 exivit.
639 3290 784 3342 Tum
837 3302 973 3340 vero
1030 3282 1344 3355 praefectus
1394 3280 1724 3336 decollatur
1770 3296 1888 3334 una
1933 3296 2066 3334 cum

409 3379 640 3435 caeteris
680 3375 979 3444 omnibus,
1037 3373 1137 3444 qui
1192 3373 1253 3427 in
1313 3371 1613 3426 Christum
1671 3368 2066 3424 crediderant.

404 3470 656 3524 Sanctus
709 3471 907 3522 autem
953 3462 1330 3518 Eleutherius
1364 3478 1398 3516 a
1447 3459 1826 3516 carnificibus
1873 3459 2067 3530 gladio

402 3559 701 3625 concisus,
736 3555 1014 3627 spiritum
1051 3551 1314 3607 tradidit.

2179 3282 2576 3361 ἐκπυρωθέντα,
2611 3285 2843 3358 διατάξει
2869 3293 2967 3343 τοῦ
2999 3288 3270 3364 ἐπάρχου.
3328 3289 3430 3346 Καὶ
3484 3288 3613 3345 ἰδὼν
3666 3292 3834 3346 αὑτὸν

2179 3373 2207 3425 6
2239 3369 2504 3449 ἔπαρχος,
2535 3375 2618 3430 ’ὸτι
2647 3374 2871 3445 ἐξῆλθεν
2935 3378 3118 3452 ὑγιὴς,
3178 3377 3453 3432 ἐπίστευσε
3509 3379 3598 3433 καὶ
3644 3379 3838 3460 αὐτὸς,

2177 3463 2266 3516 καὶ
2297 3462 2545 3533 εἰσῆλθεν
2579 3464 2655 3527 εἷς
2687 3469 2942 3542 φοῦρνον,
2999 3467 3088 3520 καὶ
3157 3465 3350 3536 ἐξῆλθε
3405 3465 3572 3538 μηδὲν
3631 3465 3840 3539 ἀδικη-

2177 3550 2306 3613 θείς.
2341 3552 2534 3609 Τότεὸ
2569 3554 2663 3626 μὲν
2725 3552 2965 3630 ἔπαρχος
3023 3554 3502 3630 ἀποκεφαλίζεται,
3563 3558 3651 3612 καί
3708 3557 3840 3620 ὅσοι

402 3643 568 3700 ἄλλοι
600 3643 937 3698 ἐπίστευσαν.
960 3643 1022 3698 Ὀ
1054 3642 1110 3694 δὲ
1139 3639 1299 3713 ἅγιος
1333 3637 1674 3713 Ἐλευθέριος
1706 3637 1981 3708 κατεκόπη
2014 3644 2132 3703 τοῖς
2183 3641 2433 3705 σπαθίοις
2467 3643 2571 3698 ὑπὸ
2625 3649 2732 3698 τῶν
2784 3642 3022 3718 δημίων,
3071 3645 3159 3700 καὶ
3213 3645 3384 3708 οὕτως
3435 3643 3716 3720 παρέδωκε
3767 3643 3838 3702 τὸ

399 3736 636 3804 πνεῦμα.

956 3846 1194 3900 EODEM
1237 3843 1487 3898 MENSE.

949 3960 1051 4014 Die
1083 3959 1312 4014 decima
1343 3963 1507 4012 sexta

645 4079 743 4136 82
779 4077 1066 4134 Certamen
1095 4077 1275 4131 sancti
1301 4073 1564 4142 martyris
1590 4071 1819 4127 Marini.

475 4204 718 4262 Macrini
747 4202 1128 4275 imperatoris
1151 4197 1527 4270 temporibus
1550 4196 1693 4250 vixit
1713 4195 1824 4250 iste
1845 4196 2066 4251 nobilis

407 4301 666 4353 senator.
701 4295 844 4350 Cum
875 4299 1075 4348 autem
1127 4289 1366 4345 florenti
1419 4286 1615 4342 adhuc
1662 4291 1833 4342 aetate
1887 4291 2062 4354 esset,

404 4385 757 4442 Christiana:
791 4383 928 4438 fidei
961 4398 1141 4438 causa
1170 4377 1659 4449 comprehensus,
1719 4375 2068 4447 adigebatur

409 4492 577 4532 sacra
616 4474 792 4529 idolis
823 4473 1042 4528 facere.
1101 4468 1266 4535 Quod
1303 4467 1534 4522 facinus
1586 4471 1950 4532 exsecratus,
2005 4467 2066 4520 in

411 4565 666 4637 equuleo
700 4564 1103 4635 suspenditur,
1138 4566 1198 4616 et
1248 4559 1460 4632 gladiis
1512 4557 1888 4628 discerpitur.
1941 4558 2068 4612 Mox

408 4655 531 4726 igni
559 4651 851 4719 aduritur,
875 4653 934 4706 in
961 4651 1320 4723 sartaginem
1345 4647 1653 4702 ardentem
1689 4646 1978 4717 injicitur,
2010 4651 2069 4701 et

413 4745 475 4799 in
499 4744 822 4799 ferventem
847 4743 1100 4798 lebetem
1125 4739 1485 4796 immittitur.
1515 4736 1626 4792 Sed
1651 4736 1750 4791 Dei
1776 4736 2064 4792 beneficio

413 4850 483 4888 ex
515 4833 608 4888 his
650 4831 926 4888 omnibus
984 4829 1301 4886 incolumis
1361 4826 1638 4887 evadens.
1692 4825 1764 4880 ad
1823 4824 2064 4894 bestias,

415 4921 650 4977 emissis
673 4921 733 4975 in
753 4937 889 4975 eum
913 4920 1188 4976 leonibus
1213 4923 1270 4971 et
1286 4917 1460 4981 ursis,
1497 4914 1844 4970 damnatur:
1871 4915 2066 4969 nullo-

414 5029 530 5083 que
553 5012 625 5067 ab
650 5011 734 5066 eis
756 5015 994 5082 accepto
1018 5009 1256 5074 damno,
1279 5007 1481 5061 fanum
1511 5004 1803 5059 idolorum
1837 5003 2064 5075 ingredi

414 5099 816 5172 compellitur,
850 5105 915 5153 ut
945 5097 1257 5153 sacrificet.
1292 5098 1364 5149 At
1391 5094 1490 5148 ille
1522 5093 1593 5147 ad
1649 5093 2066 5162 imperatorem

415 5192 498 5245 ait
519 5206 531 5244 :
556 5191 772 5243 Eamus
790 5188 862 5242 ad
897 5187 1183 5258 templum
1213 5183 1668 5245 idolorum.Quo
1692 5180 1848 5234 dicto
1905 5180 2064 5234 laeta-

413 5285 507 5333 tus
541 5280 884 5349 imperator,
921 5276 1065 5330 abiit
1097 5291 1229 5329 cum
1257 5279 1375 5326 toto
1400 5269 1638 5342 populo.
1662 5269 1910 5322 Sanctus
1933 5285 2066 5324 vero

410 5369 620 5434 oravit,
649 5368 999 5437 dejectaque
1024 5363 1249 5419 orando
1274 5361 1592 5417 simulacra
1609 5357 2066 5414 contrivit.’l‘unc

410 5458 752 5529 indignatus
783 5455 1132 5526 imperator,
1157 5453 1341 5524 jussit
1370 5450 1540 5504 illum
1591 5447 1782 5517 capite
1841 5446 2018 5517 plecti
2050 5464 2062 5504 :

407 5554 584 5617 atque
613 5548 694 5600 ita
725 5545 1004 5615 spiritum
1039 5543 1289 5598 Domino
1324 5538 1586 5600 tradidit,
1622 5553 1727 5605 pro
1761 5553 1876 5605 quo
1911 5554 2064 5592 mar-

405 5637 624 5708 tyrium
656 5633 940 5690 alacriter
970 5631 1174 5687 subiit.

2719 3852 2899 3908 MIINI
2937 3853 3022 3908 ΤΩ
3065 3854 3268 3909 ΑΥΤΩ.

2958 3971 3030 4040 Ιζ“

2399 4082 2667 4155 ’Ἀθλησις
2695 4090 2795 4141 τοῦ
2825 4085 2980 4162 ἁγίου
3015 4088 3288 4162 μάρτυρος
3318 4086 3584 4164 Μαρίνου.

2246 4200 2365 4255 Ἐπὶ
2396 4208 2496 4271 τῆς
2523 4202 2799 4276 βασιλείας
2843 4203 3119 4279 Μακρίνοι)
3175 4209 3271 4258 τοῦ
3332 4203 3606 4279 βασιλέως
3661 4204 3830 4278 γέγοο

2172 4309 2258 4344 νεν
2287 4287 2463 4355 οὗτος·
2517 4291 2734 4365 εὐγενὴς
2785 4291 2842 4348 δὲ
2904 4294 3185 4368 ὑπάρχῶν,
3243 4289 3462 4368 ἐγένετο
3523 4290 3836 4367 συγκλητι-

2173 4379 2289 4442 κός·
2326 4377 2536 4435 νέανδέ
2593 4379 2740 4456 ἄγων
2795 4384 2895 4452 τὴν
2946 4382 3193 4454 ἠλικίαν,
3245 4383 3522 4456 ἐκρατήθη
3559 4383 3634 4445 ὡς
3684 4386 3836 4455 Χρι-

2175 4469 2410 4533 στιανός.
2468 4471 2570 4526 Καὶ
2633 4471 2961 4546 ἠναγκάζετο
3015 4475 3166 4536 θῦσαι
3223 4477 3339 4534 τοῖς
3398 4469 3670 4532 εἰδώλοις.
3730 4472 3829 4534 Ὠς

2178 4555 2235 4612 δὲ
2266 4558 2365 4614 οὐκ
2394 4557 2651 4628 ἐπείθετο,
2711 4559 3039 4636 ἐκρεμάσθη·
3101 4561 3189 4615 καὶ
3233 4563 3366 4632 μετὰ
3413 4566 3520 4616 τῶν
3580 4559 3825 4614 σπαθίων

2177 4647 2368 4719 ἐξέετο.
2420 4651 2551 4704 Εἶτα
2609 4649 2760 4720 ἐτέθη
2823 4649 2908 4704 ἐπὶ
2964 4655 3061 4705 τοῦ
3118 4650 3308 4726 πυρὸς,
3371 4650 3484 4705 εἶτα
3545 4645 3823 4720 ἐνεϐλήθη

2175 4734 2252 4798 εἷς
2281 4737 2518 4811 τήγανον
2550 4736 2861 4809 καιόμενον,
2893 4737 2980 4792 καὶ
3016 4736 3166 4801 αὖθις
3226 4737 3302 4802 εἲς
3350 4732 3558 4807 λέϐητα
3604 4736 3828 4811 κοχλά-

2176 4831 2355 4897 ζοντα,
2390 4826 2478 4880 καὶ
2512 4825 2570 4880 ἐκ
2600 4827 2809 4881 πάντων
2856 4827 3087 4895 τούτων,
3140 4831 3208 4900 τῇ
3265 4832 3362 4882 τοῦ
3417 4831 3550 4882 Θεοῦ
3609 4826 3828 4900 χάριτι,

2172 4913 2392 4985 ἐξῆλθεν
2448 4916 2626 4990 ὑγιής.
2687 4917 2814 4970 Εἶτα
2873 4914 3216 4987 ἀπελύθησαν
3277 4916 3361 4972 ἐπ’
3415 4915 3572 4971 αὐτὸν
3633 4916 3826 4989 θηρία,

2175 4999 2385 5066 λέοντες
2411 5005 2500 5058 καὶ
2541 5002 2754 5079 ἄρκτοι·
2818 5005 2908 5059 καὶ
2967 5005 3248 5078 ἐλυτρώθη
3283 5004 3334 5076 ἐξ
3364 5006 3562 5063 αὐτῶν.
3623 5005 3827 5079 Ἀναγ-

2172 5093 2473 5166 καζόμενος
2501 5091 2557 5147 δὲ
2619 5092 2869 5157 ἀπελθεῖν
2926 5094 3002 5156 είς
3060 5095 3150 5150 τὸν
3206 5096 3330 5150 ναὸν
3387 5099 3498 5150 τῶν
3553 5091 3828 5160 εἰδώλων,

2172 5181 2262 5236 καὶ
2323 5183 2500 5250 θῦσαι,
2560 5184 2678 5236 εἶπε
2734 5185 2868 5257 πρὸς
2921 5184 3012 5237 τὸν
3078 5184 3325 5258 βασιλέα’
3415 5190 3674 5257 ’Ἄγωμεν
3747 5181 3826 5244 εἷς

2171 5273 2262 5325 τὸν
2295 5272 2419 5325 ναὸν
2450 5275 2556 5324 τῶν
2611 5268 2878 5326 εἰδώλων.
2926 5274 3137 5347 Ἐχάρη
3195 5270 3311 5327 δὲὸ
3347 5271 3606 5348 βασιλεὺς
3663 5275 3827 5325 τοῦτο

2174 5361 2536 5422 ἀκο·3σας’καὶ
2570 5359 2816 5415 ἀπελθὼν
2880 5367 3013 5434 μετα
3057 5367 3154 5416 τοῦ
3199 5361 3335 5417 λαοῦ
3381 5364 3601 5429 παντὸς,
3652 5381 3826 5434 προσ-

2174 5450 2372 5521 ηύξατο
2429 5450 2517 5504 καὶ
2577 5451 2868 5504 κατέπεσον
2929 5451 2994 5505 τά
3055 5449 3279 5522 εἶ’δωλα,

2174 5560 2288 5597 σαν.
2338 5540 2470 5594 Τότε
2562 5539 2872 5613 πικρανθεὶς
2959 5542 2987 5594 ὁ
3067 5539 3343 5614 βασιλεὺς,
3430 5537 3829 5614 ἀπεκεφάλισεν

2172 5628 2354 5701 αὐτὸν,
2412 5629 2502 5683 καὶ
2563 5626 2706 5684 οὕτω
2759 5627 3042 5706 παρέδωκε
3132 5631 3194 5684 τὸ
3251 5635 3467 5704 πνεῦμα
3523 5629 3689 5685 αὐτοῦ
3743 5633 3829 5703 τῷ

2174 5716 2378 5791 Κυρίῳ,
2413 5713 2460 5770 δ’
2491 5713 2548 5771 ὅν
2581 5716 2882 5792 προθύμως
2913 5716 3274 5795 ἐμαρτύρησε.

3361 5451 3450 5505 καὶ
3510 5447 3828 5520 συνετρίϐη-
