  <div class='ocr_page' id='page_1' title='image "/cluster/home/n/w/nwhite01/storage/ocr_20150623/117/hvd.32044073502239/110.png"; bbox 0 0 4074 6192; ppageno 0'>
   <div class='ocr_carea' id='block_1_1' title="bbox 265 384 369 444">
    <p class='ocr_par' dir='ltr' id='par_1_1' title="bbox 265 384 369 444">
     <span class='ocr_line' id='line_1_1' title="bbox 265 384 369 444; baseline -0.019 0"><span class='ocrx_word' id='word_1_1' title='bbox 265 384 369 444; x_wconf 83' lang='lat'>209</span> 
     </span>
    </p>
   </div>
   <div class='ocr_carea' id='block_1_2' title="bbox 842 516 1302 593">
    <p class='ocr_par' dir='ltr' id='par_1_2' title="bbox 842 516 1302 593">
     <span class='ocr_line' id='line_1_2' title="bbox 842 516 1302 593; baseline -0.004 -2"><span class='ocrx_word' id='word_1_2' title='bbox 842 521 923 591; x_wconf 69' lang='grc' dir='ltr'>Τῇ</span> <span class='ocrx_word' id='word_1_3' title='bbox 955 516 1090 591; x_wconf 67' lang='grc' dir='ltr'>αὐτῇ</span> <span class='ocrx_word' id='word_1_4' title='bbox 1121 517 1302 593; x_wconf 69' lang='grc' dir='ltr'>ἡμέρᾳ</span> 
     </span>
    </p>
   </div>
   <div class='ocr_carea' id='block_1_3' title="bbox 488 634 1640 713">
    <p class='ocr_par' dir='ltr' id='par_1_3' title="bbox 488 634 1640 713">
     <span class='ocr_line' id='line_1_3' title="bbox 488 634 1640 713; baseline 0.002 -24"><span class='ocrx_word' id='word_1_5' title='bbox 488 635 607 704; x_wconf 75' lang='grc' dir='ltr'>Μνή</span> <span class='ocrx_word' id='word_1_6' title='bbox 622 655 697 706; x_wconf 86' lang='grc' dir='ltr'>μη</span> <span class='ocrx_word' id='word_1_7' title='bbox 731 640 835 688; x_wconf 80' lang='grc' dir='ltr'>τοῦ</span> <span class='ocrx_word' id='word_1_8' title='bbox 862 634 1015 710; x_wconf 77' lang='grc' dir='ltr'>ἁγίου</span> <span class='ocrx_word' id='word_1_9' title='bbox 1046 637 1333 713; x_wconf 72' lang='grc' dir='ltr'>προφήτου</span> <span class='ocrx_word' id='word_1_10' title='bbox 1366 636 1640 711; x_wconf 81' lang='grc' dir='ltr'>Ἀγγαίου.</span> 
     </span>
    </p>
   </div>
   <div class='ocr_carea' id='block_1_4' title="bbox 320 749 1894 827">
    <p class='ocr_par' dir='ltr' id='par_1_4' title="bbox 320 749 1894 827">
     <span class='ocr_line' id='line_1_4' title="bbox 320 749 1894 827; baseline -0.003 -19"><span class='ocrx_word' id='word_1_11' title='bbox 320 753 486 811; x_wconf 76' lang='grc' dir='ltr'>Οὗτος</span> <span class='ocrx_word' id='word_1_12' title='bbox 544 750 753 824; x_wconf 80' lang='grc' dir='ltr'>ἐγένετο</span> <span class='ocrx_word' id='word_1_13' title='bbox 813 750 873 806; x_wconf 82' lang='grc' dir='ltr'>ἐκ</span> <span class='ocrx_word' id='word_1_14' title='bbox 946 758 1044 821; x_wconf 85' lang='grc' dir='ltr'>τῆς</span> <span class='ocrx_word' id='word_1_15' title='bbox 1102 751 1281 827; x_wconf 72' lang='grc' dir='ltr'>φυλῆς</span> <span class='ocrx_word' id='word_1_16' title='bbox 1353 756 1453 807; x_wconf 98' lang='lat'>106</span> <span class='ocrx_word' id='word_1_17' title='bbox 1530 750 1679 806; x_wconf 81' lang='grc' dir='ltr'>Λευί’</span> <span class='ocrx_word' id='word_1_18' title='bbox 1744 749 1894 825; x_wconf 83' lang='grc' dir='ltr'>ἐγεν-</span> 
     </span>
    </p>
   </div>
   <div class='ocr_carea' id='block_1_5' title="bbox 262 835 1896 915">
    <p class='ocr_par' dir='ltr' id='par_1_5' title="bbox 262 835 1896 915">
     <span class='ocr_line' id='line_1_5' title="bbox 262 835 1896 915; baseline -0.001 -21"><span class='ocrx_word' id='word_1_19' title='bbox 262 844 384 909; x_wconf 82' lang='grc' dir='ltr'>νήθη</span> <span class='ocrx_word' id='word_1_20' title='bbox 421 838 477 893; x_wconf 79' lang='grc' dir='ltr'>δὲ</span> <span class='ocrx_word' id='word_1_21' title='bbox 517 838 596 901; x_wconf 77' lang='grc' dir='ltr'>εἷς</span> <span class='ocrx_word' id='word_1_22' title='bbox 658 835 962 895; x_wconf 73' lang='grc' dir='ltr'>Βαϐυλῶνα</span> <span class='ocrx_word' id='word_1_23' title='bbox 1027 839 1113 894; x_wconf 89' lang='grc' dir='ltr'>ἐπὶ</span> <span class='ocrx_word' id='word_1_24' title='bbox 1171 843 1270 910; x_wconf 80' lang='grc' dir='ltr'>τῆς</span> <span class='ocrx_word' id='word_1_25' title='bbox 1330 840 1744 915; x_wconf 74' lang='grc' dir='ltr'>αἰχμαλωσίαςο</span> <span class='ocrx_word' id='word_1_26' title='bbox 1806 839 1896 893; x_wconf 77' lang='grc' dir='ltr'>ὅτε</span> 
     </span>
    </p>
   </div>
   <div class='ocr_carea' id='block_1_6' title="bbox 264 928 1892 1005">
    <p class='ocr_par' dir='ltr' id='par_1_6' title="bbox 264 928 1892 1005">
     <span class='ocr_line' id='line_1_6' title="bbox 264 928 1892 1005; baseline 0 -22"><span class='ocrx_word' id='word_1_27' title='bbox 264 928 451 1004; x_wconf 72' lang='grc' dir='ltr'>αῗχμαλ</span> <span class='ocrx_word' id='word_1_28' title='bbox 467 950 603 983; x_wconf 88' lang='grc' dir='ltr'>ωτοι</span> <span class='ocrx_word' id='word_1_29' title='bbox 630 928 962 1003; x_wconf 74' lang='grc' dir='ltr'>ἀπήχθησαν</span> <span class='ocrx_word' id='word_1_30' title='bbox 994 930 1046 984; x_wconf 75' lang='grc' dir='ltr'>οἱ</span> <span class='ocrx_word' id='word_1_31' title='bbox 1078 928 1332 985; x_wconf 78' lang='grc' dir='ltr'>Ἰουδαῖοι</span> <span class='ocrx_word' id='word_1_32' title='bbox 1391 929 1538 1005; x_wconf 85' lang='grc' dir='ltr'>παρᾶ</span> <span class='ocrx_word' id='word_1_33' title='bbox 1575 935 1684 983; x_wconf 86' lang='grc' dir='ltr'>τῶν</span> <span class='ocrx_word' id='word_1_34' title='bbox 1748 934 1892 1003; x_wconf 80' lang='grc' dir='ltr'>Περ-</span> 
     </span>
    </p>
   </div>
   <div class='ocr_carea' id='block_1_7' title="bbox 262 1016 1892 1091">
    <p class='ocr_par' dir='ltr' id='par_1_7' title="bbox 262 1016 1892 1091">
     <span class='ocr_line' id='line_1_7' title="bbox 262 1016 1892 1091; baseline 0 -19"><span class='ocrx_word' id='word_1_35' title='bbox 262 1025 351 1072; x_wconf 80' lang='grc' dir='ltr'>σῶν</span> <span class='ocrx_word' id='word_1_36' title='bbox 385 1019 459 1079; x_wconf 86' lang='grc' dir='ltr'>εἷς</span> <span class='ocrx_word' id='word_1_37' title='bbox 489 1021 595 1086; x_wconf 67' lang='grc' dir='ltr'>τήν</span> <span class='ocrx_word' id='word_1_38' title='bbox 628 1018 796 1087; x_wconf 75' lang='grc' dir='ltr'>αὐτὴν</span> <span class='ocrx_word' id='word_1_39' title='bbox 856 1016 1179 1089; x_wconf 85' lang='grc' dir='ltr'>Βαϐυλῶνα,</span> <span class='ocrx_word' id='word_1_40' title='bbox 1229 1024 1327 1074; x_wconf 89' lang='lat'>106</span> <span class='ocrx_word' id='word_1_41' title='bbox 1387 1024 1524 1074; x_wconf 79' lang='grc' dir='ltr'>Θεοῦ</span> <span class='ocrx_word' id='word_1_42' title='bbox 1573 1017 1736 1074; x_wconf 70' lang='grc' dir='ltr'>τοῦτο</span> <span class='ocrx_word' id='word_1_43' title='bbox 1770 1040 1892 1091; x_wconf 57' lang='grc' dir='ltr'>συγ.</span> 
     </span>
    </p>
   </div>
   <div class='ocr_carea' id='block_1_8' title="bbox 260 1106 1891 1183">
    <p class='ocr_par' dir='ltr' id='par_1_8' title="bbox 260 1106 1891 1183">
     <span class='ocr_line' id='line_1_8' title="bbox 260 1106 1891 1183; baseline 0.001 -21"><span class='ocrx_word' id='word_1_44' title='bbox 260 1111 613 1183; x_wconf 82' lang='grc' dir='ltr'>χωρήσαντος</span> <span class='ocrx_word' id='word_1_45' title='bbox 643 1106 734 1163; x_wconf 68' lang='grc' dir='ltr'>διὰ</span> <span class='ocrx_word' id='word_1_46' title='bbox 762 1109 829 1163; x_wconf 73' lang='grc' dir='ltr'>τὰ</span> <span class='ocrx_word' id='word_1_47' title='bbox 875 1108 952 1170; x_wconf 82' lang='grc' dir='ltr'>είς</span> <span class='ocrx_word' id='word_1_48' title='bbox 1004 1109 1167 1163; x_wconf 84' lang='grc' dir='ltr'>αὐτὸν</span> <span class='ocrx_word' id='word_1_49' title='bbox 1210 1111 1579 1183; x_wconf 84' lang='grc' dir='ltr'>ἁμαρτήματα</span> <span class='ocrx_word' id='word_1_50' title='bbox 1606 1113 1702 1163; x_wconf 87' lang='lat'>106</span> <span class='ocrx_word' id='word_1_51' title='bbox 1737 1114 1891 1164; x_wconf 80' lang='grc' dir='ltr'>Λαοῦ.</span> 
     </span>
    </p>
   </div>
   <div class='ocr_carea' id='block_1_9' title="bbox 259 1193 1891 1273">
    <p class='ocr_par' dir='ltr' id='par_1_9' title="bbox 259 1193 1891 1273">
     <span class='ocr_line' id='line_1_9' title="bbox 259 1193 1891 1273; baseline -0.001 -19"><span class='ocrx_word' id='word_1_52' title='bbox 259 1200 349 1254; x_wconf 66' lang='grc' dir='ltr'>Καί</span> <span class='ocrx_word' id='word_1_53' title='bbox 377 1202 495 1260; x_wconf 78' lang='grc' dir='ltr'>νέος</span> <span class='ocrx_word' id='word_1_54' title='bbox 531 1196 634 1265; x_wconf 83' lang='grc' dir='ltr'>ὢν,</span> <span class='ocrx_word' id='word_1_55' title='bbox 666 1198 832 1266; x_wconf 79' lang='grc' dir='ltr'>ἦλθεν</span> <span class='ocrx_word' id='word_1_56' title='bbox 857 1199 962 1252; x_wconf 86' lang='grc' dir='ltr'>ἀπὸ</span> <span class='ocrx_word' id='word_1_57' title='bbox 1020 1193 1351 1262; x_wconf 71' lang='grc' dir='ltr'>Βαϐυλῶνος</span> <span class='ocrx_word' id='word_1_58' title='bbox 1399 1197 1475 1259; x_wconf 75' lang='grc' dir='ltr'>εἷς</span> <span class='ocrx_word' id='word_1_59' title='bbox 1507 1197 1891 1273; x_wconf 69' lang='grc' dir='ltr'>Ἰερουσαλήμ*</span> 
     </span>
    </p>
   </div>
   <div class='ocr_carea' id='block_1_10' title="bbox 256 1285 1893 1363">
    <p class='ocr_par' dir='ltr' id='par_1_10' title="bbox 256 1285 1893 1363">
     <span class='ocr_line' id='line_1_10' title="bbox 256 1285 1893 1363; baseline 0.002 -21"><span class='ocrx_word' id='word_1_60' title='bbox 256 1288 329 1342; x_wconf 66' lang='grc' dir='ltr'>καί</span> <span class='ocrx_word' id='word_1_61' title='bbox 385 1289 764 1363; x_wconf 69' lang='grc' dir='ltr'>προεφήτευσε</span> <span class='ocrx_word' id='word_1_62' title='bbox 819 1287 953 1359; x_wconf 73' lang='grc' dir='ltr'>μετὰ</span> <span class='ocrx_word' id='word_1_63' title='bbox 1022 1287 1300 1361; x_wconf 82' lang='grc' dir='ltr'>Ζαχαρίου</span> <span class='ocrx_word' id='word_1_64' title='bbox 1361 1285 1454 1356; x_wconf 80' lang='grc' dir='ltr'>ἔτη</span> <span class='ocrx_word' id='word_1_65' title='bbox 1526 1286 1893 1362; x_wconf 78' lang='grc' dir='ltr'>τριακονταέξ.</span> 
     </span>
    </p>
   </div>
   <div class='ocr_carea' id='block_1_11' title="bbox 255 1373 1893 1453">
    <p class='ocr_par' dir='ltr' id='par_1_11' title="bbox 255 1373 1893 1453">
     <span class='ocr_line' id='line_1_11' title="bbox 255 1373 1893 1453; baseline -0.001 -22"><span class='ocrx_word' id='word_1_66' title='bbox 255 1373 555 1451; x_wconf 77' lang='grc' dir='ltr'>Προέλαϐον</span> <span class='ocrx_word' id='word_1_67' title='bbox 591 1376 647 1431; x_wconf 73' lang='grc' dir='ltr'>δὲ</span> <span class='ocrx_word' id='word_1_68' title='bbox 680 1376 826 1430; x_wconf 73' lang='grc' dir='ltr'>οὗτοι</span> <span class='ocrx_word' id='word_1_69' title='bbox 861 1378 917 1430; x_wconf 73' lang='grc' dir='ltr'>οἱ</span> <span class='ocrx_word' id='word_1_70' title='bbox 946 1383 1224 1453; x_wconf 59' lang='grc' dir='ltr'>προφῆται</span> <span class='ocrx_word' id='word_1_71' title='bbox 1258 1375 1287 1431; x_wconf 81' lang='grc' dir='ltr'>ὅ</span> <span class='ocrx_word' id='word_1_72' title='bbox 1334 1397 1392 1430; x_wconf 89' lang='grc' dir='ltr'>τε</span> <span class='ocrx_word' id='word_1_73' title='bbox 1452 1377 1703 1451; x_wconf 78' lang='grc' dir='ltr'>Ἀγγαῖος</span> <span class='ocrx_word' id='word_1_74' title='bbox 1732 1376 1818 1429; x_wconf 81' lang='grc' dir='ltr'>καὶ</span> <span class='ocrx_word' id='word_1_75' title='bbox 1866 1377 1893 1430; x_wconf 89' lang='grc' dir='ltr'>ὁ</span> 
     </span>
    </p>
   </div>
   <div class='ocr_carea' id='block_1_12' title="bbox 253 1464 1893 1542">
    <p class='ocr_par' dir='ltr' id='par_1_12' title="bbox 253 1464 1893 1542">
     <span class='ocr_line' id='line_1_12' title="bbox 253 1464 1893 1542; baseline -0.001 -21"><span class='ocrx_word' id='word_1_76' title='bbox 253 1465 509 1542; x_wconf 73' lang='grc' dir='ltr'>Ζαχαρίας</span> <span class='ocrx_word' id='word_1_77' title='bbox 536 1468 644 1534; x_wconf 82' lang='grc' dir='ltr'>τήν</span> <span class='ocrx_word' id='word_1_78' title='bbox 671 1466 1076 1540; x_wconf 78' lang='grc' dir='ltr'>ἐνανθρώπησιν</span> <span class='ocrx_word' id='word_1_79' title='bbox 1134 1471 1236 1521; x_wconf 91' lang='lat'>106</span> <span class='ocrx_word' id='word_1_80' title='bbox 1269 1468 1519 1537; x_wconf 77' lang='grc' dir='ltr'>Χριστοῦ,</span> <span class='ocrx_word' id='word_1_81' title='bbox 1566 1464 1658 1536; x_wconf 66' lang='grc' dir='ltr'>ἔτη</span> <span class='ocrx_word' id='word_1_82' title='bbox 1712 1485 1893 1541; x_wconf 82' lang='grc' dir='ltr'>τετρα-</span> 
     </span>
    </p>
   </div>
   <div class='ocr_carea' id='block_1_13' title="bbox 250 1552 1893 1631">
    <p class='ocr_par' dir='ltr' id='par_1_13' title="bbox 250 1552 1893 1631">
     <span class='ocr_line' id='line_1_13' title="bbox 250 1552 1893 1631; baseline -0.001 -22"><span class='ocrx_word' id='word_1_83' title='bbox 250 1558 389 1610; x_wconf 80' lang='grc' dir='ltr'>κόσια</span> <span class='ocrx_word' id='word_1_84' title='bbox 432 1552 839 1628; x_wconf 70' lang='grc' dir='ltr'>ἑϐδομήκοντα.</span> <span class='ocrx_word' id='word_1_85' title='bbox 895 1557 955 1613; x_wconf 80' lang='grc' dir='ltr'><strong>Ὀ</strong></span> <span class='ocrx_word' id='word_1_86' title='bbox 1011 1555 1069 1610; x_wconf 70' lang='grc' dir='ltr'>δὲ</span> <span class='ocrx_word' id='word_1_87' title='bbox 1130 1557 1390 1629; x_wconf 82' lang='grc' dir='ltr'>’Δγγαῖος</span> <span class='ocrx_word' id='word_1_88' title='bbox 1469 1560 1716 1631; x_wconf 75' lang='grc' dir='ltr'>φανερῶς</span> <span class='ocrx_word' id='word_1_89' title='bbox 1770 1554 1893 1628; x_wconf 81' lang='grc' dir='ltr'>περὶ</span> 
     </span>
    </p>
   </div>
   <div class='ocr_carea' id='block_1_14' title="bbox 253 1641 1896 1722">
    <p class='ocr_par' dir='ltr' id='par_1_14' title="bbox 253 1641 1896 1722">
     <span class='ocr_line' id='line_1_14' title="bbox 253 1641 1896 1722; baseline -0.001 -23"><span class='ocrx_word' id='word_1_90' title='bbox 253 1648 338 1714; x_wconf 73' lang='grc' dir='ltr'>τῆς</span> <span class='ocrx_word' id='word_1_91' title='bbox 413 1645 755 1721; x_wconf 75' lang='grc' dir='ltr'>ἐπιστροφῆς</span> <span class='ocrx_word' id='word_1_92' title='bbox 813 1650 910 1699; x_wconf 88' lang='lat'>106</span> <span class='ocrx_word' id='word_1_93' title='bbox 959 1644 1094 1700; x_wconf 82' lang='grc' dir='ltr'>λαοῦ</span> <span class='ocrx_word' id='word_1_94' title='bbox 1156 1647 1554 1722; x_wconf 78' lang='grc' dir='ltr'>προεφήτευσε.</span> <span class='ocrx_word' id='word_1_95' title='bbox 1608 1644 1704 1699; x_wconf 82' lang='grc' dir='ltr'>Καὶ</span> <span class='ocrx_word' id='word_1_96' title='bbox 1759 1641 1896 1699; x_wconf 79' lang='grc' dir='ltr'>εἶδεν</span> 
     </span>
    </p>
   </div>
   <div class='ocr_carea' id='block_1_15' title="bbox 255 1732 1895 1807">
    <p class='ocr_par' dir='ltr' id='par_1_15' title="bbox 255 1732 1895 1807">
     <span class='ocr_line' id='line_1_15' title="bbox 255 1732 1895 1807; baseline 0.001 -20"><span class='ocrx_word' id='word_1_97' title='bbox 255 1734 542 1807; x_wconf 72' lang='grc' dir='ltr'>ἀρξαμένην</span> <span class='ocrx_word' id='word_1_98' title='bbox 580 1735 673 1788; x_wconf 80' lang='grc' dir='ltr'>καὶ</span> <span class='ocrx_word' id='word_1_99' title='bbox 703 1736 804 1802; x_wconf 72' lang='grc' dir='ltr'>τήν</span> <span class='ocrx_word' id='word_1_100' title='bbox 837 1732 1142 1806; x_wconf 76' lang='grc' dir='ltr'>οἰκοδομήν</span> <span class='ocrx_word' id='word_1_101' title='bbox 1196 1740 1294 1789; x_wconf 88' lang='lat'>106</span> <span class='ocrx_word' id='word_1_102' title='bbox 1353 1739 1485 1789; x_wconf 76' lang='grc' dir='ltr'>ναοῦ</span> <span class='ocrx_word' id='word_1_103' title='bbox 1534 1732 1629 1788; x_wconf 80' lang='lat'>106</span> <span class='ocrx_word' id='word_1_104' title='bbox 1688 1732 1742 1789; x_wconf 82' lang='grc' dir='ltr'>ἐν</span> <span class='ocrx_word' id='word_1_105' title='bbox 1796 1736 1895 1793; x_wconf 85' lang='grc' dir='ltr'>Ἰε-</span> 
     </span>
    </p>
   </div>
   <div class='ocr_carea' id='block_1_16' title="bbox 258 1823 1888 1900">
    <p class='ocr_par' dir='ltr' id='par_1_16' title="bbox 258 1823 1888 1900">
     <span class='ocr_line' id='line_1_16' title="bbox 258 1823 1888 1900; baseline 0.001 -21"><span class='ocrx_word' id='word_1_106' title='bbox 258 1824 559 1897; x_wconf 83' lang='grc' dir='ltr'>ρουσαλήμ.</span> <span class='ocrx_word' id='word_1_107' title='bbox 627 1826 721 1879; x_wconf 80' lang='grc' dir='ltr'>Καὶ</span> <span class='ocrx_word' id='word_1_108' title='bbox 771 1823 929 1900; x_wconf 71' lang='grc' dir='ltr'>ἕτερα</span> <span class='ocrx_word' id='word_1_109' title='bbox 1012 1824 1199 1879; x_wconf 81' lang='grc' dir='ltr'>πολλὰ</span> <span class='ocrx_word' id='word_1_110' title='bbox 1266 1825 1543 1899; x_wconf 89' lang='grc' dir='ltr'>προειπὼν</span> <span class='ocrx_word' id='word_1_111' title='bbox 1642 1826 1888 1881; x_wconf 82' lang='grc' dir='ltr'>ἀπέθανε·</span> 
     </span>
    </p>
   </div>
   <div class='ocr_carea' id='block_1_17' title="bbox 1716 385 2158 446">
    <p class='ocr_par' dir='ltr' id='par_1_17' title="bbox 1716 385 2158 446">
     <span class='ocr_line' id='line_1_17' title="bbox 1716 385 2158 446; baseline -0.002 -1"><span class='ocrx_word' id='word_1_112' title='bbox 1716 385 2158 446; x_wconf 75' lang='lat' dir='ltr'>DECEMBEB.</span> 
     </span>
    </p>
   </div>
   <div class='ocr_carea' id='block_1_18' title="bbox 1915 524 1973 588">
    <p class='ocr_par' dir='ltr' id='par_1_18' title="bbox 1915 524 1973 588">
     <span class='ocr_line' id='line_1_18' title="bbox 1915 524 1973 588; baseline 0 0"><span class='ocrx_word' id='word_1_113' title='bbox 1915 524 1973 588; x_wconf 86' lang='lat' dir='ltr'>A</span> 
     </span>
    </p>
   </div>
   <div class='ocr_carea' id='block_1_19' title="bbox 3533 384 3653 445">
    <p class='ocr_par' dir='ltr' id='par_1_19' title="bbox 3533 384 3653 445">
     <span class='ocr_line' id='line_1_19' title="bbox 3533 384 3653 445; baseline 0.017 -2"><span class='ocrx_word' id='word_1_114' title='bbox 3533 384 3653 445; x_wconf 88' lang='grc'>210</span> 
     </span>
    </p>
   </div>
   <div class='ocr_carea' id='block_1_20' title="bbox 2653 518 2997 574">
    <p class='ocr_par' dir='ltr' id='par_1_20' title="bbox 2653 518 2997 574">
     <span class='ocr_line' id='line_1_20' title="bbox 2653 518 2997 574; baseline -0.003 -1"><span class='ocrx_word' id='word_1_115' title='bbox 2653 518 2871 573; x_wconf 88' lang='lat' dir='ltr'>Eodem</span> <span class='ocrx_word' id='word_1_116' title='bbox 2904 519 2997 574; x_wconf 88' lang='lat' dir='ltr'>die</span> 
     </span>
    </p>
   </div>
   <div class='ocr_carea' id='block_1_21' title="bbox 2110 634 3539 706">
    <p class='ocr_par' dir='ltr' id='par_1_21' title="bbox 2110 634 3539 706">
     <span class='ocr_line' id='line_1_21' title="bbox 2110 634 3539 706; baseline 0 -16"><span class='ocrx_word' id='word_1_117' title='bbox 2110 636 2211 690; x_wconf 74' lang='lat'>38</span> <span class='ocrx_word' id='word_1_118' title='bbox 2261 634 2715 690; x_wconf 79' lang='lat' dir='ltr'>Commemoratio</span> <span class='ocrx_word' id='word_1_119' title='bbox 2771 638 2946 689; x_wconf 75' lang='lat' dir='ltr'>sancti</span> <span class='ocrx_word' id='word_1_120' title='bbox 2996 637 3285 706; x_wconf 72' lang='lat' dir='ltr'>prophetae</span> <span class='ocrx_word' id='word_1_121' title='bbox 3334 638 3539 706; x_wconf 72' lang='lat' dir='ltr'>Aggaei.</span> 
     </span>
    </p>
   </div>
   <div class='ocr_carea' id='block_1_22' title="bbox 2078 754 3649 827">
    <p class='ocr_par' dir='ltr' id='par_1_22' title="bbox 2078 754 3649 827">
     <span class='ocr_line' id='line_1_22' title="bbox 2078 754 3649 827; baseline 0.002 -20"><span class='ocrx_word' id='word_1_122' title='bbox 2078 754 2181 807; x_wconf 83' lang='lat' dir='ltr'>Hic</span> <span class='ocrx_word' id='word_1_123' title='bbox 2214 771 2280 808; x_wconf 83' lang='lat' dir='ltr'>ex</span> <span class='ocrx_word' id='word_1_124' title='bbox 2316 755 2469 808; x_wconf 91' lang='lat' dir='ltr'>tribu</span> <span class='ocrx_word' id='word_1_125' title='bbox 2521 756 2648 810; x_wconf 88' lang='lat' dir='ltr'>Levi</span> <span class='ocrx_word' id='word_1_126' title='bbox 2706 755 2835 821; x_wconf 83' lang='lat' dir='ltr'>fuit,</span> <span class='ocrx_word' id='word_1_127' title='bbox 2874 755 3172 826; x_wconf 80' lang='lat' dir='ltr'>Babylone</span> <span class='ocrx_word' id='word_1_128' title='bbox 3222 757 3282 809; x_wconf 92' lang='lat' dir='ltr'>in</span> <span class='ocrx_word' id='word_1_129' title='bbox 3314 757 3649 827; x_wconf 78' lang='lat' dir='ltr'>captivitate</span> 
     </span>
    </p>
   </div>
   <div class='ocr_carea' id='block_1_23' title="bbox 2007 844 3649 915">
    <p class='ocr_par' dir='ltr' id='par_1_23' title="bbox 2007 844 3649 915">
     <span class='ocr_line' id='line_1_23' title="bbox 2007 844 3649 915; baseline 0.002 -19"><span class='ocrx_word' id='word_1_130' title='bbox 2007 847 2204 909; x_wconf 88' lang='lat' dir='ltr'>natus,</span> <span class='ocrx_word' id='word_1_131' title='bbox 2238 860 2372 897; x_wconf 89' lang='lat' dir='ltr'>cum</span> <span class='ocrx_word' id='word_1_132' title='bbox 2405 844 2587 898; x_wconf 74' lang='lat' dir='ltr'>Judaei</span> <span class='ocrx_word' id='word_1_133' title='bbox 2620 861 2653 897; x_wconf 91' lang='lat' dir='ltr'>a</span> <span class='ocrx_word' id='word_1_134' title='bbox 2685 845 2879 899; x_wconf 83' lang='lat' dir='ltr'>Persis</span> <span class='ocrx_word' id='word_1_135' title='bbox 2931 845 2991 898; x_wconf 89' lang='lat' dir='ltr'>in</span> <span class='ocrx_word' id='word_1_136' title='bbox 3024 844 3232 899; x_wconf 83' lang='lat' dir='ltr'>urbem</span> <span class='ocrx_word' id='word_1_137' title='bbox 3265 845 3649 915; x_wconf 80' lang='lat' dir='ltr'>Babylonem,</span> 
     </span>
    </p>
   </div>
   <div class='ocr_carea' id='block_1_24' title="bbox 2006 931 3650 1004">
    <p class='ocr_par' dir='ltr' id='par_1_24' title="bbox 2006 931 3650 1004">
     <span class='ocr_line' id='line_1_24' title="bbox 2006 931 3650 1004; baseline 0 -17"><span class='ocrx_word' id='word_1_138' title='bbox 2006 931 2221 1001; x_wconf 81' lang='lat' dir='ltr'>captivi</span> <span class='ocrx_word' id='word_1_139' title='bbox 2273 931 2511 986; x_wconf 86' lang='lat' dir='ltr'>abducti</span> <span class='ocrx_word' id='word_1_140' title='bbox 2545 937 2706 997; x_wconf 89' lang='lat' dir='ltr'>sunt,</span> <span class='ocrx_word' id='word_1_141' title='bbox 2742 935 2858 987; x_wconf 89' lang='lat' dir='ltr'>Deo</span> <span class='ocrx_word' id='word_1_142' title='bbox 2892 933 2948 987; x_wconf 90' lang='lat' dir='ltr'>id</span> <span class='ocrx_word' id='word_1_143' title='bbox 2990 934 3371 1004; x_wconf 85' lang='lat' dir='ltr'>permittente</span> <span class='ocrx_word' id='word_1_144' title='bbox 3428 933 3499 987; x_wconf 90' lang='lat' dir='ltr'>ob</span> <span class='ocrx_word' id='word_1_145' title='bbox 3560 949 3650 1000; x_wconf 86' lang='lat' dir='ltr'>ea,</span> 
     </span>
    </p>
   </div>
   <div class='ocr_carea' id='block_1_25' title="bbox 2007 1021 3650 1092">
    <p class='ocr_par' dir='ltr' id='par_1_25' title="bbox 2007 1021 3650 1092">
     <span class='ocr_line' id='line_1_25' title="bbox 2007 1021 3650 1092; baseline 0.002 -19"><span class='ocrx_word' id='word_1_146' title='bbox 2007 1037 2138 1091; x_wconf 80' lang='lat' dir='ltr'>qum</span> <span class='ocrx_word' id='word_1_147' title='bbox 2170 1021 2230 1074; x_wconf 92' lang='lat' dir='ltr'>in</span> <span class='ocrx_word' id='word_1_148' title='bbox 2254 1021 2450 1091; x_wconf 90' lang='lat' dir='ltr'>ipsum</span> <span class='ocrx_word' id='word_1_149' title='bbox 2500 1022 2756 1092; x_wconf 89' lang='lat' dir='ltr'>populus</span> <span class='ocrx_word' id='word_1_150' title='bbox 2788 1022 2889 1077; x_wconf 91' lang='lat' dir='ltr'>ille</span> <span class='ocrx_word' id='word_1_151' title='bbox 2948 1022 3270 1077; x_wconf 85' lang='lat' dir='ltr'>admiserat</span> <span class='ocrx_word' id='word_1_152' title='bbox 3300 1022 3544 1077; x_wconf 89' lang='lat' dir='ltr'>scelera.</span> <span class='ocrx_word' id='word_1_153' title='bbox 3604 1024 3650 1076; x_wconf 85' lang='lat' dir='ltr'>A</span> 
     </span>
    </p>
   </div>
   <div class='ocr_carea' id='block_1_26' title="bbox 2008 1111 3654 1182">
    <p class='ocr_par' dir='ltr' id='par_1_26' title="bbox 2008 1111 3654 1182">
     <span class='ocr_line' id='line_1_26' title="bbox 2008 1111 3654 1182; baseline 0.001 -19"><span class='ocrx_word' id='word_1_154' title='bbox 2008 1111 2199 1180; x_wconf 85' lang='lat' dir='ltr'>prima</span> <span class='ocrx_word' id='word_1_155' title='bbox 2230 1115 2426 1165; x_wconf 89' lang='lat' dir='ltr'>autem</span> <span class='ocrx_word' id='word_1_156' title='bbox 2480 1116 2651 1166; x_wconf 67' lang='lat' dir='ltr'>aetate</span> <span class='ocrx_word' id='word_1_157' title='bbox 2686 1112 2984 1182; x_wconf 83' lang='lat' dir='ltr'>Babylone</span> <span class='ocrx_word' id='word_1_158' title='bbox 3017 1112 3422 1182; x_wconf 82' lang='lat' dir='ltr'>Hierosolyma</span> <span class='ocrx_word' id='word_1_159' title='bbox 3473 1113 3654 1177; x_wconf 86' lang='lat' dir='ltr'>venit,</span> 
     </span>
    </p>
   </div>
   <div class='ocr_carea' id='block_1_27' title="bbox 2008 1200 3657 1270">
    <p class='ocr_par' dir='ltr' id='par_1_27' title="bbox 2008 1200 3657 1270">
     <span class='ocr_line' id='line_1_27' title="bbox 2008 1200 3657 1270; baseline 0.002 -18"><span class='ocrx_word' id='word_1_160' title='bbox 2008 1200 2499 1270; x_wconf 85' lang='lat' dir='ltr'>prOphetavitque</span> <span class='ocrx_word' id='word_1_161' title='bbox 2531 1217 2652 1255; x_wconf 90' lang='lat' dir='ltr'>una</span> <span class='ocrx_word' id='word_1_162' title='bbox 2691 1217 2825 1254; x_wconf 90' lang='lat' dir='ltr'>cum</span> <span class='ocrx_word' id='word_1_163' title='bbox 2882 1201 3161 1255; x_wconf 87' lang='lat' dir='ltr'>Zacharia</span> <span class='ocrx_word' id='word_1_164' title='bbox 3218 1217 3405 1255; x_wconf 90' lang='lat' dir='ltr'>annos</span> <span class='ocrx_word' id='word_1_165' title='bbox 3465 1217 3565 1255; x_wconf 79' lang='lat' dir='ltr'>sex</span> <span class='ocrx_word' id='word_1_166' title='bbox 3598 1206 3657 1254; x_wconf 92' lang='lat' dir='ltr'>et</span> 
     </span>
    </p>
   </div>
   <div class='ocr_carea' id='block_1_28' title="bbox 2008 1288 3657 1361">
    <p class='ocr_par' dir='ltr' id='par_1_28' title="bbox 2008 1288 3657 1361">
     <span class='ocr_line' id='line_1_28' title="bbox 2008 1288 3657 1361; baseline 0.002 -21"><span class='ocrx_word' id='word_1_167' title='bbox 2008 1289 2263 1359; x_wconf 66' lang='lat' dir='ltr'>triginta.</span> <span class='ocrx_word' id='word_1_168' title='bbox 2298 1288 2484 1342; x_wconf 88' lang='lat' dir='ltr'>Ambo</span> <span class='ocrx_word' id='word_1_169' title='bbox 2517 1290 2612 1343; x_wconf 86' lang='lat' dir='ltr'>isti</span> <span class='ocrx_word' id='word_1_170' title='bbox 2646 1290 2969 1360; x_wconf 64' lang='lat' dir='ltr'>propheta),</span> <span class='ocrx_word' id='word_1_171' title='bbox 3022 1297 3287 1361; x_wconf 68' lang='lat' dir='ltr'>Aggmus,</span> <span class='ocrx_word' id='word_1_172' title='bbox 3318 1289 3563 1356; x_wconf 84' lang='lat' dir='ltr'>scilicet,</span> <span class='ocrx_word' id='word_1_173' title='bbox 3599 1295 3657 1343; x_wconf 92' lang='lat' dir='ltr'>et</span> 
     </span>
    </p>
   </div>
   <div class='ocr_carea' id='block_1_29' title="bbox 2005 1379 3657 1443">
    <p class='ocr_par' dir='ltr' id='par_1_29' title="bbox 2005 1379 3657 1443">
     <span class='ocr_line' id='line_1_29' title="bbox 2005 1379 3657 1443; baseline 0.001 -11"><span class='ocrx_word' id='word_1_174' title='bbox 2005 1379 2337 1443; x_wconf 82' lang='lat' dir='ltr'>Zacharias,</span> <span class='ocrx_word' id='word_1_175' title='bbox 2394 1379 2865 1434; x_wconf 87' lang='lat' dir='ltr'>incarnationem</span> <span class='ocrx_word' id='word_1_176' title='bbox 2934 1379 3147 1433; x_wconf 85' lang='lat' dir='ltr'>Christi</span> <span class='ocrx_word' id='word_1_177' title='bbox 3208 1384 3657 1434; x_wconf 88' lang='lat' dir='ltr'>antecesserunt</span> 
     </span>
    </p>
   </div>
   <div class='ocr_carea' id='block_1_30' title="bbox 2006 1468 3655 1541">
    <p class='ocr_par' dir='ltr' id='par_1_30' title="bbox 2006 1468 3655 1541">
     <span class='ocr_line' id='line_1_30' title="bbox 2006 1468 3655 1541; baseline 0.001 -19"><span class='ocrx_word' id='word_1_178' title='bbox 2006 1468 2179 1522; x_wconf 88' lang='lat' dir='ltr'>annis</span> <span class='ocrx_word' id='word_1_179' title='bbox 2213 1468 2665 1540; x_wconf 79' lang='lat' dir='ltr'>quadringentis</span> <span class='ocrx_word' id='word_1_180' title='bbox 2723 1475 2781 1523; x_wconf 81' lang='lat' dir='ltr'>et</span> <span class='ocrx_word' id='word_1_181' title='bbox 2838 1469 3228 1541; x_wconf 78' lang='lat' dir='ltr'>septuaginta.</span> <span class='ocrx_word' id='word_1_182' title='bbox 3289 1470 3357 1521; x_wconf 88' lang='lat' dir='ltr'>Et</span> <span class='ocrx_word' id='word_1_183' title='bbox 3411 1470 3655 1540; x_wconf 72' lang='lat' dir='ltr'>Aggaaus</span> 
     </span>
    </p>
   </div>
   <div class='ocr_carea' id='block_1_31' title="bbox 2006 1557 3655 1629">
    <p class='ocr_par' dir='ltr' id='par_1_31' title="bbox 2006 1557 3655 1629">
     <span class='ocr_line' id='line_1_31' title="bbox 2006 1557 3655 1629; baseline -0.001 -17"><span class='ocrx_word' id='word_1_184' title='bbox 2006 1557 2247 1628; x_wconf 87' lang='lat' dir='ltr'>quidem</span> <span class='ocrx_word' id='word_1_185' title='bbox 2280 1558 2655 1629; x_wconf 89' lang='lat' dir='ltr'>apertissime</span> <span class='ocrx_word' id='word_1_186' title='bbox 2670 1557 2941 1629; x_wconf 67' lang='lat' dir='ltr'>praedixit</span> <span class='ocrx_word' id='word_1_187' title='bbox 2962 1558 3221 1612; x_wconf 88' lang='lat' dir='ltr'>reditum</span> <span class='ocrx_word' id='word_1_188' title='bbox 3252 1557 3655 1628; x_wconf 79' lang='lat' dir='ltr'>populi,vidit~</span> 
     </span>
    </p>
   </div>
   <div class='ocr_carea' id='block_1_32' title="bbox 2007 1646 3657 1719">
    <p class='ocr_par' dir='ltr' id='par_1_32' title="bbox 2007 1646 3657 1719">
     <span class='ocr_line' id='line_1_32' title="bbox 2007 1646 3657 1719; baseline 0 -18"><span class='ocrx_word' id='word_1_189' title='bbox 2007 1665 2119 1718; x_wconf 89' lang='lat' dir='ltr'>que</span> <span class='ocrx_word' id='word_1_190' title='bbox 2154 1648 2279 1718; x_wconf 90' lang='lat' dir='ltr'>ipse</span> <span class='ocrx_word' id='word_1_191' title='bbox 2304 1647 2467 1718; x_wconf 85' lang='lat' dir='ltr'>jacta</span> <span class='ocrx_word' id='word_1_192' title='bbox 2490 1647 2615 1719; x_wconf 86' lang='lat' dir='ltr'>jam</span> <span class='ocrx_word' id='word_1_193' title='bbox 2649 1647 2854 1718; x_wconf 86' lang='lat' dir='ltr'>templi</span> <span class='ocrx_word' id='word_1_194' title='bbox 2888 1647 3407 1717; x_wconf 84' lang='lat' dir='ltr'>Hierosolymitani</span> <span class='ocrx_word' id='word_1_195' title='bbox 3443 1646 3657 1701; x_wconf 83' lang='lat' dir='ltr'>funda-</span> 
     </span>
    </p>
   </div>
   <div class='ocr_carea' id='block_1_33' title="bbox 2007 1737 3655 1808">
    <p class='ocr_par' dir='ltr' id='par_1_33' title="bbox 2007 1737 3655 1808">
     <span class='ocr_line' id='line_1_33' title="bbox 2007 1737 3655 1808; baseline -0.002 -16"><span class='ocrx_word' id='word_1_196' title='bbox 2007 1741 2227 1792; x_wconf 88' lang='lat' dir='ltr'>menta.</span> <span class='ocrx_word' id='word_1_197' title='bbox 2263 1737 2528 1807; x_wconf 88' lang='lat' dir='ltr'>Cumque</span> <span class='ocrx_word' id='word_1_198' title='bbox 2560 1737 2678 1792; x_wconf 90' lang='lat' dir='ltr'>alia</span> <span class='ocrx_word' id='word_1_199' title='bbox 2707 1737 2893 1791; x_wconf 86' lang='lat' dir='ltr'>multa</span> <span class='ocrx_word' id='word_1_200' title='bbox 2924 1737 3359 1808; x_wconf 88' lang='lat' dir='ltr'>prophetasset,</span> <span class='ocrx_word' id='word_1_201' title='bbox 3385 1742 3655 1790; x_wconf 91' lang='lat' dir='ltr'>mortuus</span> 
     </span>
    </p>
   </div>
   <div class='ocr_carea' id='block_1_34' title="bbox 2007 1826 3653 1898">
    <p class='ocr_par' dir='ltr' id='par_1_34' title="bbox 2007 1826 3653 1898">
     <span class='ocr_line' id='line_1_34' title="bbox 2007 1826 3653 1898; baseline -0.001 -16"><span class='ocrx_word' id='word_1_202' title='bbox 2007 1831 2115 1893; x_wconf 89' lang='lat' dir='ltr'>est,</span> <span class='ocrx_word' id='word_1_203' title='bbox 2146 1831 2204 1880; x_wconf 90' lang='lat' dir='ltr'>et</span> <span class='ocrx_word' id='word_1_204' title='bbox 2234 1827 2501 1896; x_wconf 89' lang='lat' dir='ltr'>sepultus</span> <span class='ocrx_word' id='word_1_205' title='bbox 2524 1828 2681 1898; x_wconf 89' lang='lat' dir='ltr'>apud</span> <span class='ocrx_word' id='word_1_206' title='bbox 2713 1826 3051 1897; x_wconf 87' lang='lat' dir='ltr'>sepulcrum</span> <span class='ocrx_word' id='word_1_207' title='bbox 3087 1826 3458 1881; x_wconf 89' lang='lat' dir='ltr'>sacerdotum</span> <span class='ocrx_word' id='word_1_208' title='bbox 3519 1843 3653 1880; x_wconf 90' lang='lat' dir='ltr'>cum</span> 
     </span>
    </p>
   </div>
   <div class='ocr_carea' id='block_1_35' title="bbox 256 1894 1895 1990">
    <p class='ocr_par' dir='ltr' id='par_1_35' title="bbox 256 1911 1893 1990">
     <span class='ocr_line' id='line_1_35' title="bbox 256 1911 1893 1990; baseline 0 -22"><span class='ocrx_word' id='word_1_209' title='bbox 256 1915 335 1968; x_wconf 76' lang='grc' dir='ltr'>καὶ</span> <span class='ocrx_word' id='word_1_210' title='bbox 374 1913 541 1989; x_wconf 67' lang='grc' dir='ltr'>ἐτάφη</span> <span class='ocrx_word' id='word_1_211' title='bbox 613 1913 849 1984; x_wconf 81' lang='grc' dir='ltr'>πλησίον</span> <span class='ocrx_word' id='word_1_212' title='bbox 904 1917 999 1968; x_wconf 80' lang='grc' dir='ltr'>τοῦ</span> <span class='ocrx_word' id='word_1_213' title='bbox 1045 1915 1218 1990; x_wconf 74' lang='grc' dir='ltr'>τάφου</span> <span class='ocrx_word' id='word_1_214' title='bbox 1264 1918 1371 1968; x_wconf 88' lang='grc' dir='ltr'>τῶν</span> <span class='ocrx_word' id='word_1_215' title='bbox 1419 1912 1606 1988; x_wconf 77' lang='grc' dir='ltr'>ἱερέων</span> <span class='ocrx_word' id='word_1_216' title='bbox 1666 1911 1893 1987; x_wconf 79' lang='grc' dir='ltr'>ἐνδόξως</span> 
     </span>
    </p>
   </div>
   <div class='ocr_carea' id='block_1_36' title="bbox 2012 1894 3657 1990">
    <p class='ocr_par' dir='ltr' id='par_1_36' title="bbox 2012 1894 3657 1987">
     <span class='ocr_line' id='line_1_36' title="bbox 2012 1894 3657 1987; baseline -0.001 -17"><span class='ocrx_word' id='word_1_217' title='bbox 2012 1932 2218 1987; x_wconf 84' lang='lat' dir='ltr'>pompa</span> <span class='ocrx_word' id='word_1_218' title='bbox 2249 1894 2579 1982; x_wconf 70' lang='lat' dir='ltr'>ethonore,</span> <span class='ocrx_word' id='word_1_219' title='bbox 2637 1894 3142 1987; x_wconf 80' lang='lat' dir='ltr'>quemadmodum</span> <span class='ocrx_word' id='word_1_220' title='bbox 3167 1921 3225 1971; x_wconf 92' lang='lat' dir='ltr'>et</span> <span class='ocrx_word' id='word_1_221' title='bbox 3262 1915 3369 1982; x_wconf 92' lang='lat' dir='ltr'>illi,</span> <span class='ocrx_word' id='word_1_222' title='bbox 3404 1931 3535 1969; x_wconf 90' lang='lat' dir='ltr'>cum</span> <span class='ocrx_word' id='word_1_223' title='bbox 3597 1919 3657 1969; x_wconf 89' lang='lat' dir='ltr'>et</span> 
     </span>
    </p>
   </div>
   <div class='ocr_carea' id='block_1_37' title="bbox 253 2002 1891 2082">
    <p class='ocr_par' dir='ltr' id='par_1_37' title="bbox 253 2002 1891 2082">
     <span class='ocr_line' id='line_1_37' title="bbox 253 2002 1891 2082; baseline 0.002 -24"><span class='ocrx_word' id='word_1_224' title='bbox 253 2006 330 2059; x_wconf 73' lang='grc' dir='ltr'>καὶ</span> <span class='ocrx_word' id='word_1_225' title='bbox 359 2005 824 2082; x_wconf 72' lang='grc' dir='ltr'>μεγαλοπρεπῶς,</span> <span class='ocrx_word' id='word_1_226' title='bbox 873 2007 946 2067; x_wconf 88' lang='grc' dir='ltr'>ὡς</span> <span class='ocrx_word' id='word_1_227' title='bbox 1003 2004 1222 2073; x_wconf 84' lang='grc' dir='ltr'>ἐκεῖνοι,</span> <span class='ocrx_word' id='word_1_228' title='bbox 1280 2002 1468 2073; x_wconf 83' lang='grc' dir='ltr'>ἐπειδή</span> <span class='ocrx_word' id='word_1_229' title='bbox 1499 2006 1589 2059; x_wconf 82' lang='grc' dir='ltr'>καὶ</span> <span class='ocrx_word' id='word_1_230' title='bbox 1619 2004 1782 2068; x_wconf 80' lang='grc' dir='ltr'>αὐτὸς</span> <span class='ocrx_word' id='word_1_231' title='bbox 1831 2005 1891 2061; x_wconf 81' lang='grc' dir='ltr'>ἐκ</span> 
     </span>
    </p>
   </div>
   <div class='ocr_carea' id='block_1_38' title="bbox 254 2092 1888 2171">
    <p class='ocr_par' dir='ltr' id='par_1_38' title="bbox 254 2092 1888 2171">
     <span class='ocr_line' id='line_1_38' title="bbox 254 2092 1888 2171; baseline 0.001 -22"><span class='ocrx_word' id='word_1_232' title='bbox 254 2100 337 2150; x_wconf 80' lang='lat'>106</span> <span class='ocrx_word' id='word_1_233' title='bbox 363 2096 648 2171; x_wconf 77' lang='grc' dir='ltr'>ἱερατικοῦ</span> <span class='ocrx_word' id='word_1_234' title='bbox 681 2096 870 2169; x_wconf 83' lang='grc' dir='ltr'>γένους</span> <span class='ocrx_word' id='word_1_235' title='bbox 927 2096 1215 2171; x_wconf 85' lang='grc' dir='ltr'>κατήγετο.</span> <span class='ocrx_word' id='word_1_236' title='bbox 1273 2096 1520 2169; x_wconf 72' lang='grc' dir='ltr'>ἰ’πῆρχε</span> <span class='ocrx_word' id='word_1_237' title='bbox 1578 2092 1636 2148; x_wconf 72' lang='grc' dir='ltr'>δὲ</span> <span class='ocrx_word' id='word_1_238' title='bbox 1691 2094 1888 2158; x_wconf 85' lang='grc' dir='ltr'>πολιὸς</span> 
     </span>
    </p>
   </div>
   <div class='ocr_carea' id='block_1_39' title="bbox 254 2183 1890 2260">
    <p class='ocr_par' dir='ltr' id='par_1_39' title="bbox 254 2183 1890 2260">
     <span class='ocr_line' id='line_1_39' title="bbox 254 2183 1890 2260; baseline 0.002 -23"><span class='ocrx_word' id='word_1_239' title='bbox 254 2186 340 2253; x_wconf 70' lang='grc' dir='ltr'>τὴν</span> <span class='ocrx_word' id='word_1_240' title='bbox 368 2184 556 2260; x_wconf 79' lang='grc' dir='ltr'>τρίχα,</span> <span class='ocrx_word' id='word_1_241' title='bbox 589 2184 930 2259; x_wconf 75' lang='grc' dir='ltr'>στρογγύλον</span> <span class='ocrx_word' id='word_1_242' title='bbox 964 2184 1110 2259; x_wconf 83' lang='grc' dir='ltr'>ἔχων</span> <span class='ocrx_word' id='word_1_243' title='bbox 1173 2184 1236 2239; x_wconf 89' lang='grc' dir='ltr'>τὸ</span> <span class='ocrx_word' id='word_1_244' title='bbox 1291 2184 1516 2259; x_wconf 76' lang='grc' dir='ltr'>γένειονο</span> <span class='ocrx_word' id='word_1_245' title='bbox 1572 2183 1890 2257; x_wconf 77' lang='grc' dir='ltr'>τιμώμενος</span> 
     </span>
    </p>
   </div>
   <div class='ocr_carea' id='block_1_40' title="bbox 259 2271 1890 2349">
    <p class='ocr_par' dir='ltr' id='par_1_40' title="bbox 259 2271 1890 2349">
     <span class='ocr_line' id='line_1_40' title="bbox 259 2271 1890 2349; baseline 0 -20"><span class='ocrx_word' id='word_1_246' title='bbox 259 2274 347 2330; x_wconf 81' lang='grc' dir='ltr'>ὑπὸ</span> <span class='ocrx_word' id='word_1_247' title='bbox 374 2275 596 2329; x_wconf 69' lang='grc' dir='ltr'>πάντων</span> <span class='ocrx_word' id='word_1_248' title='bbox 628 2272 699 2329; x_wconf 84' lang='grc' dir='ltr'>δι’</span> <span class='ocrx_word' id='word_1_249' title='bbox 737 2274 955 2345; x_wconf 78' lang='grc' dir='ltr'>ἀρετὴν,</span> <span class='ocrx_word' id='word_1_250' title='bbox 988 2274 1060 2335; x_wconf 86' lang='grc' dir='ltr'>ὡς</span> <span class='ocrx_word' id='word_1_251' title='bbox 1112 2278 1246 2329; x_wconf 78' lang='grc' dir='ltr'>Θεοῦ</span> <span class='ocrx_word' id='word_1_252' title='bbox 1302 2271 1512 2343; x_wconf 77' lang='grc' dir='ltr'>ἔνδοξος</span> <span class='ocrx_word' id='word_1_253' title='bbox 1567 2273 1657 2327; x_wconf 83' lang='grc' dir='ltr'>καὶ</span> <span class='ocrx_word' id='word_1_254' title='bbox 1724 2272 1890 2349; x_wconf 83' lang='grc' dir='ltr'>μέγας</span> 
     </span>
    </p>
   </div>
   <div class='ocr_carea' id='block_1_41' title="bbox 257 2366 551 2440">
    <p class='ocr_par' dir='ltr' id='par_1_41' title="bbox 257 2366 551 2440">
     <span class='ocr_line' id='line_1_41' title="bbox 257 2366 551 2440; baseline -0.01 -3"><span class='ocrx_word' id='word_1_255' title='bbox 257 2366 551 2440; x_wconf 71' lang='grc' dir='ltr'>προφήτης.</span> 
     </span>
    </p>
   </div>
   <div class='ocr_carea' id='block_1_42' title="bbox 821 2479 1321 2556">
    <p class='ocr_par' dir='ltr' id='par_1_42' title="bbox 821 2479 1321 2556">
     <span class='ocr_line' id='line_1_42' title="bbox 821 2479 1321 2556; baseline -0.008 -1"><span class='ocrx_word' id='word_1_256' title='bbox 821 2484 902 2555; x_wconf 72' lang='grc' dir='ltr'>τῇ</span> <span class='ocrx_word' id='word_1_257' title='bbox 952 2479 1086 2553; x_wconf 69' lang='grc' dir='ltr'>αὐτῇ</span> <span class='ocrx_word' id='word_1_258' title='bbox 1137 2481 1321 2556; x_wconf 68' lang='grc' dir='ltr'>ἡμέρᾳ</span> 
     </span>
    </p>
   </div>
   <div class='ocr_carea' id='block_1_43' title="bbox 255 2569 1888 2661">
    <p class='ocr_par' dir='ltr' id='par_1_43' title="bbox 255 2569 1888 2661">
     <span class='ocr_line' id='line_1_43' title="bbox 255 2569 1888 2661; baseline 0.001 -36"><span class='ocrx_word' id='word_1_259' title='bbox 255 2574 436 2659; x_wconf 63' lang='grc' dir='ltr'>Μνήμης</span> <span class='ocrx_word' id='word_1_260' title='bbox 469 2569 917 2661; x_wconf 46' lang='grc' dir='ltr'>ξῆςῃμακαρίας</span> <span class='ocrx_word' id='word_1_261' title='bbox 973 2576 1294 2661; x_wconf 75' lang='grc' dir='ltr'>Θεοφανρῦς,</span> <span class='ocrx_word' id='word_1_262' title='bbox 1348 2572 1600 2661; x_wconf 42' lang='grc' dir='ltr'>γιυναιξιρς</span> <span class='ocrx_word' id='word_1_263' title='bbox 1654 2572 1888 2661; x_wconf 69' lang='grc' dir='ltr'>Λέοντος</span> 
     </span>
    </p>
   </div>
   <div class='ocr_carea' id='block_1_44' title="bbox 375 2649 398 2659">
    <p class='ocr_par' dir='ltr' id='par_1_44' title="bbox 375 2649 398 2659">
     <span class='ocr_line' id='line_1_44' title="bbox 375 2649 398 2659; baseline 0 0"><span class='ocrx_word' id='word_1_264' title='bbox 375 2649 398 2659; x_wconf 57' lang='grc' dir='ltr'>ς</span> 
     </span>
    </p>
   </div>
   <div class='ocr_carea' id='block_1_45' title="bbox 314 2642 1893 2771">
    <p class='ocr_par' dir='ltr' id='par_1_45' title="bbox 314 2642 1893 2771">
     <span class='ocr_line' id='line_1_45' title="bbox 314 2642 1893 2771; baseline -0.001 -73"><span class='ocrx_word' id='word_1_265' title='bbox 314 2642 404 2698; x_wconf 72' lang='grc' dir='ltr'>τεῦ</span> <span class='ocrx_word' id='word_1_266' title='bbox 470 2642 742 2771; x_wconf 54' lang='grc' dir='ltr'>ἐοιδίμου</span> <span class='ocrx_word' id='word_1_267' title='bbox 799 2642 889 2698; x_wconf 67' lang='lat' dir='ltr'>iui</span> <span class='ocrx_word' id='word_1_268' title='bbox 975 2642 1291 2721; x_wconf 72' lang='grc' dir='ltr'>σοφωτάτου</span> <span class='ocrx_word' id='word_1_269' title='bbox 1361 2642 1650 2719; x_wconf 78' lang='grc' dir='ltr'>βασιλέως</span> <span class='ocrx_word' id='word_1_270' title='bbox 1732 2647 1893 2715; x_wconf 75' lang='grc' dir='ltr'>ἡμῶν</span> 
     </span>
     <span class='ocr_line' id='line_1_46' title="bbox 319 2737 641 2771; baseline 0 0"><span class='ocrx_word' id='word_1_271' title='bbox 319 2737 482 2771; x_wconf 70' lang='grc' dir='ltr'>γίνου.</span> <span class='ocrx_word' id='word_1_272' title='bbox 511 2737 641 2771; x_wconf 85' lang='grc' dir='ltr'>νου.</span> 
     </span>
    </p>
   </div>
   <div class='ocr_carea' id='block_1_46' title="bbox 319 2737 641 2789">
    <p class='ocr_par' dir='ltr' id='par_1_46' title="bbox 319 2737 641 2789">
     <span class='ocr_line' id='line_1_47' title="bbox 319 2737 641 2789; baseline 0.009 -20"><span class='ocrx_word' id='word_1_273' title='bbox 319 2737 537 2789; x_wconf 70' lang='grc' dir='ltr'>γενομςν</span> <span class='ocrx_word' id='word_1_274' title='bbox 547 2737 641 2772; x_wconf 85' lang='grc' dir='ltr'>ου.</span> 
     </span>
    </p>
   </div>
   <div class='ocr_carea' id='block_1_47' title="bbox 313 2832 1891 2911">
    <p class='ocr_par' dir='ltr' id='par_1_47' title="bbox 313 2832 1891 2911">
     <span class='ocr_line' id='line_1_48' title="bbox 313 2832 1891 2911; baseline -0.001 -22"><span class='ocrx_word' id='word_1_275' title='bbox 313 2835 371 2889; x_wconf 80' lang='grc' dir='ltr'><em>Ἠ</em></span> <span class='ocrx_word' id='word_1_276' title='bbox 452 2833 714 2907; x_wconf 73' lang='grc' dir='ltr'>Μακαρία</span> <span class='ocrx_word' id='word_1_277' title='bbox 786 2832 1041 2889; x_wconf 80' lang='grc' dir='ltr'>δέσποινα</span> <span class='ocrx_word' id='word_1_278' title='bbox 1132 2841 1423 2911; x_wconf 68' lang='grc' dir='ltr'>Θεοφανω,</span> <span class='ocrx_word' id='word_1_279' title='bbox 1513 2835 1733 2908; x_wconf 81' lang='grc' dir='ltr'>ὑπῆρχε</span> <span class='ocrx_word' id='word_1_280' title='bbox 1792 2840 1891 2903; x_wconf 84' lang='grc' dir='ltr'>τῆς</span> 
     </span>
    </p>
   </div>
   <div class='ocr_carea' id='block_1_48' title="bbox 256 2919 1884 2997">
    <p class='ocr_par' dir='ltr' id='par_1_48' title="bbox 256 2919 1884 2997">
     <span class='ocr_line' id='line_1_49' title="bbox 256 2919 1884 2997; baseline -0.001 -18"><span class='ocrx_word' id='word_1_281' title='bbox 256 2919 879 2986; x_wconf 74' lang='grc' dir='ltr'>Κωνσταντινουπόλεως</span> <span class='ocrx_word' id='word_1_282' title='bbox 956 2924 1045 2978; x_wconf 84' lang='grc' dir='ltr'>καὶ</span> <span class='ocrx_word' id='word_1_283' title='bbox 1118 2925 1338 2997; x_wconf 86' lang='grc' dir='ltr'>θρέμμα</span> <span class='ocrx_word' id='word_1_284' title='bbox 1419 2923 1509 2977; x_wconf 77' lang='grc' dir='ltr'>καὶ</span> <span class='ocrx_word' id='word_1_285' title='bbox 1571 2921 1884 2997; x_wconf 78' lang='grc' dir='ltr'>βασίλισσαο</span> 
     </span>
    </p>
   </div>
   <div class='ocr_carea' id='block_1_49' title="bbox 256 3011 1893 3090">
    <p class='ocr_par' dir='ltr' id='par_1_49' title="bbox 256 3011 1893 3090">
     <span class='ocr_line' id='line_1_50' title="bbox 256 3011 1893 3090; baseline 0 -23"><span class='ocrx_word' id='word_1_286' title='bbox 256 3011 443 3089; x_wconf 83' lang='grc' dir='ltr'>ἐγένετο</span> <span class='ocrx_word' id='word_1_287' title='bbox 502 3016 619 3090; x_wconf 72' lang='grc' dir='ltr'>γὰρ</span> <span class='ocrx_word' id='word_1_288' title='bbox 698 3012 938 3089; x_wconf 73' lang='grc' dir='ltr'>θυγᾶτηρ</span> <span class='ocrx_word' id='word_1_289' title='bbox 998 3012 1404 3071; x_wconf 84' lang='grc' dir='ltr'>Κωνσταντίνου</span> <span class='ocrx_word' id='word_1_290' title='bbox 1488 3012 1841 3087; x_wconf 76' lang='grc' dir='ltr'>ίλλουστρίου</span> <span class='ocrx_word' id='word_1_291' title='bbox 1878 3053 1893 3081; x_wconf 84' lang='grc'><em>,</em></span> 
     </span>
    </p>
   </div>
   <div class='ocr_carea' id='block_1_50' title="bbox 257 3100 1893 3179">
    <p class='ocr_par' dir='ltr' id='par_1_50' title="bbox 257 3100 1893 3179">
     <span class='ocr_line' id='line_1_51' title="bbox 257 3100 1893 3179; baseline 0 -24"><span class='ocrx_word' id='word_1_292' title='bbox 257 3109 526 3177; x_wconf 72' lang='grc' dir='ltr'>συγγενοῦς</span> <span class='ocrx_word' id='word_1_293' title='bbox 565 3101 844 3179; x_wconf 87' lang='grc' dir='ltr'>βασιλέων</span> <span class='ocrx_word' id='word_1_294' title='bbox 872 3107 1057 3177; x_wconf 86' lang='grc' dir='ltr'>τριῶν.</span> <span class='ocrx_word' id='word_1_295' title='bbox 1088 3104 1149 3158; x_wconf 84' lang='grc' dir='ltr'><em>Ἢ</em></span> <span class='ocrx_word' id='word_1_296' title='bbox 1197 3100 1255 3156; x_wconf 72' lang='grc' dir='ltr'>δὲ</span> <span class='ocrx_word' id='word_1_297' title='bbox 1303 3104 1488 3175; x_wconf 80' lang='grc' dir='ltr'>μήτηρ</span> <span class='ocrx_word' id='word_1_298' title='bbox 1548 3100 1713 3170; x_wconf 77' lang='grc' dir='ltr'>αὐτῆς</span> <span class='ocrx_word' id='word_1_299' title='bbox 1769 3101 1893 3155; x_wconf 80' lang='grc' dir='ltr'>ἐκα-</span> 
     </span>
    </p>
   </div>
   <div class='ocr_carea' id='block_1_51' title="bbox 256 3188 1891 3267">
    <p class='ocr_par' dir='ltr' id='par_1_51' title="bbox 256 3188 1891 3267">
     <span class='ocr_line' id='line_1_52' title="bbox 256 3188 1891 3267; baseline 0.018 -33"><span class='ocrx_word' id='word_1_300' title='bbox 256 3190 390 3247; x_wconf 78' lang='grc' dir='ltr'>λεῖτο</span> <span class='ocrx_word' id='word_1_301' title='bbox 420 3196 620 3259; x_wconf 74' lang='grc' dir='ltr'>Ἀννα,</span> <span class='ocrx_word' id='word_1_302' title='bbox 654 3193 720 3261; x_wconf 80' lang='grc' dir='ltr'>ἦν</span> <span class='ocrx_word' id='word_1_303' title='bbox 755 3190 811 3247; x_wconf 76' lang='grc' dir='ltr'>δὲ</span> <span class='ocrx_word' id='word_1_304' title='bbox 842 3192 930 3247; x_wconf 72' lang='grc' dir='ltr'>καὶ</span> <span class='ocrx_word' id='word_1_305' title='bbox 964 3192 1097 3260; x_wconf 82' lang='grc' dir='ltr'>αύτή</span> <span class='ocrx_word' id='word_1_306' title='bbox 1132 3197 1335 3265; x_wconf 83' lang='grc' dir='ltr'>στεῖρα,</span> <span class='ocrx_word' id='word_1_307' title='bbox 1393 3191 1482 3245; x_wconf 76' lang='grc' dir='ltr'>καὶ</span> <span class='ocrx_word' id='word_1_308' title='bbox 1542 3188 1757 3267; x_wconf 69' lang='grc' dir='ltr'>ἄγονος»</span> <span class='ocrx_word' id='word_1_309' title='bbox 1817 3190 1891 3253; x_wconf 64' lang='grc' dir='ltr'>ὡς</span> 
     </span>
    </p>
   </div>
   <div class='ocr_carea' id='block_1_52' title="bbox 2000 2005 3654 2075">
    <p class='ocr_par' dir='ltr' id='par_1_52' title="bbox 2000 2005 3654 2075">
     <span class='ocr_line' id='line_1_53' title="bbox 2000 2005 3654 2075; baseline -0.001 -17"><span class='ocrx_word' id='word_1_310' title='bbox 2000 2005 2125 2075; x_wconf 88' lang='lat' dir='ltr'>ipse</span> <span class='ocrx_word' id='word_1_311' title='bbox 2157 2022 2227 2059; x_wconf 84' lang='lat' dir='ltr'>ex</span> <span class='ocrx_word' id='word_1_312' title='bbox 2257 2021 2472 2075; x_wconf 81' lang='lat' dir='ltr'>genere</span> <span class='ocrx_word' id='word_1_313' title='bbox 2504 2005 2855 2059; x_wconf 83' lang='lat' dir='ltr'>sacerdotali</span> <span class='ocrx_word' id='word_1_314' title='bbox 2891 2010 3066 2059; x_wconf 88' lang='lat' dir='ltr'>esset.</span> <span class='ocrx_word' id='word_1_315' title='bbox 3117 2006 3255 2058; x_wconf 87' lang='lat' dir='ltr'>Erat</span> <span class='ocrx_word' id='word_1_316' title='bbox 3311 2009 3507 2057; x_wconf 89' lang='lat' dir='ltr'>autem</span> <span class='ocrx_word' id='word_1_317' title='bbox 3542 2005 3654 2074; x_wconf 86' lang='lat' dir='ltr'>Ag-</span> 
     </span>
    </p>
   </div>
   <div class='ocr_carea' id='block_1_53' title="bbox 1999 2092 3639 2164">
    <p class='ocr_par' dir='ltr' id='par_1_53' title="bbox 1999 2092 3639 2164">
     <span class='ocr_line' id='line_1_54' title="bbox 1999 2092 3639 2164; baseline -0.002 -17"><span class='ocrx_word' id='word_1_318' title='bbox 1999 2110 2158 2164; x_wconf 67' lang='lat' dir='ltr'>gaaus</span> <span class='ocrx_word' id='word_1_319' title='bbox 2188 2093 2353 2149; x_wconf 88' lang='lat' dir='ltr'>canis</span> <span class='ocrx_word' id='word_1_320' title='bbox 2383 2094 2639 2164; x_wconf 84' lang='lat' dir='ltr'>capillis,</span> <span class='ocrx_word' id='word_1_321' title='bbox 2702 2098 2903 2148; x_wconf 89' lang='lat' dir='ltr'>mento</span> <span class='ocrx_word' id='word_1_322' title='bbox 2961 2093 3239 2162; x_wconf 89' lang='lat' dir='ltr'>rotundo,</span> <span class='ocrx_word' id='word_1_323' title='bbox 3297 2092 3370 2147; x_wconf 94' lang='lat' dir='ltr'>ob</span> <span class='ocrx_word' id='word_1_324' title='bbox 3396 2092 3639 2147; x_wconf 86' lang='lat' dir='ltr'>virtutes</span> 
     </span>
    </p>
   </div>
   <div class='ocr_carea' id='block_1_54' title="bbox 2000 2181 3641 2248">
    <p class='ocr_par' dir='ltr' id='par_1_54' title="bbox 2000 2181 3641 2248">
     <span class='ocr_line' id='line_1_55' title="bbox 2000 2181 3641 2248; baseline -0.002 -10"><span class='ocrx_word' id='word_1_325' title='bbox 2000 2199 2136 2238; x_wconf 90' lang='lat' dir='ltr'>suas</span> <span class='ocrx_word' id='word_1_326' title='bbox 2163 2182 2235 2238; x_wconf 89' lang='lat' dir='ltr'>ab</span> <span class='ocrx_word' id='word_1_327' title='bbox 2267 2183 2544 2238; x_wconf 89' lang='lat' dir='ltr'>omnibus</span> <span class='ocrx_word' id='word_1_328' title='bbox 2577 2184 2637 2237; x_wconf 90' lang='lat' dir='ltr'>in</span> <span class='ocrx_word' id='word_1_329' title='bbox 2672 2199 2903 2237; x_wconf 86' lang='lat' dir='ltr'>summa</span> <span class='ocrx_word' id='word_1_330' title='bbox 2936 2183 3369 2238; x_wconf 85' lang='lat' dir='ltr'>existimatione</span> <span class='ocrx_word' id='word_1_331' title='bbox 3384 2181 3641 2248; x_wconf 86' lang='lat' dir='ltr'>habitus,</span> 
     </span>
    </p>
   </div>
   <div class='ocr_carea' id='block_1_55' title="bbox 1998 2273 3284 2343">
    <p class='ocr_par' dir='ltr' id='par_1_55' title="bbox 1998 2273 3284 2343">
     <span class='ocr_line' id='line_1_56' title="bbox 1998 2273 3284 2343; baseline -0.003 -16"><span class='ocrx_word' id='word_1_332' title='bbox 1998 2273 2159 2327; x_wconf 88' lang='lat' dir='ltr'>velut</span> <span class='ocrx_word' id='word_1_333' title='bbox 2184 2273 2436 2343; x_wconf 80' lang='lat' dir='ltr'>insignis</span> <span class='ocrx_word' id='word_1_334' title='bbox 2468 2277 2525 2326; x_wconf 84' lang='lat' dir='ltr'>et</span> <span class='ocrx_word' id='word_1_335' title='bbox 2556 2288 2807 2343; x_wconf 86' lang='lat' dir='ltr'>magnus</span> <span class='ocrx_word' id='word_1_336' title='bbox 2840 2273 2941 2327; x_wconf 91' lang='lat' dir='ltr'>Dei</span> <span class='ocrx_word' id='word_1_337' title='bbox 2976 2273 3284 2343; x_wconf 89' lang='lat' dir='ltr'>propheta.</span> 
     </span>
    </p>
   </div>
   <div class='ocr_carea' id='block_1_56' title="bbox 2652 2481 2998 2536">
    <p class='ocr_par' dir='ltr' id='par_1_56' title="bbox 2652 2481 2998 2536">
     <span class='ocr_line' id='line_1_57' title="bbox 2652 2481 2998 2536; baseline 0 -1"><span class='ocrx_word' id='word_1_338' title='bbox 2652 2481 2871 2536; x_wconf 89' lang='lat' dir='ltr'>Eodem</span> <span class='ocrx_word' id='word_1_339' title='bbox 2905 2481 2998 2535; x_wconf 91' lang='lat' dir='ltr'>die</span> 
     </span>
    </p>
   </div>
   <div class='ocr_carea' id='block_1_57' title="bbox 2000 2581 3642 2650">
    <p class='ocr_par' dir='ltr' id='par_1_57' title="bbox 2000 2581 3642 2650">
     <span class='ocr_line' id='line_1_58' title="bbox 2000 2581 3642 2650; baseline -0.004 -12"><span class='ocrx_word' id='word_1_340' title='bbox 2000 2584 2103 2638; x_wconf 68' lang='grc'>34</span> <span class='ocrx_word' id='word_1_341' title='bbox 2134 2583 2587 2637; x_wconf 86' lang='lat' dir='ltr'>Commemoratio</span> <span class='ocrx_word' id='word_1_342' title='bbox 2644 2583 2825 2635; x_wconf 73' lang='lat' dir='ltr'>Beata:</span> <span class='ocrx_word' id='word_1_343' title='bbox 2876 2581 3239 2650; x_wconf 81' lang='lat' dir='ltr'>Theophunus</span> <span class='ocrx_word' id='word_1_344' title='bbox 3269 2581 3457 2633; x_wconf 70' lang='lat' dir='ltr'>uxoris</span> <span class='ocrx_word' id='word_1_345' title='bbox 3508 2582 3642 2632; x_wconf 85' lang='lat' dir='ltr'>Leo-</span> 
     </span>
    </p>
   </div>
   <div class='ocr_carea' id='block_1_58' title="bbox 2072 2650 3642 2722">
    <p class='ocr_par' dir='ltr' id='par_1_58' title="bbox 2072 2650 3642 2722">
     <span class='ocr_line' id='line_1_59' title="bbox 2072 2650 3642 2722; baseline -0.004 -14"><span class='ocrx_word' id='word_1_346' title='bbox 2072 2656 2156 2708; x_wconf 85' lang='lat' dir='ltr'>nis</span> <span class='ocrx_word' id='word_1_347' title='bbox 2240 2654 2529 2708; x_wconf 78' lang='lat' dir='ltr'>clarissimi</span> <span class='ocrx_word' id='word_1_348' title='bbox 2586 2669 2647 2706; x_wconf 79' lang='grc' dir='ltr'>(ιε</span> <span class='ocrx_word' id='word_1_349' title='bbox 2705 2653 3092 2722; x_wconf 83' lang='lat' dir='ltr'>sapientissimi</span> <span class='ocrx_word' id='word_1_350' title='bbox 3140 2650 3489 2720; x_wconf 72' lang='lat' dir='ltr'>imperatoris</span> <span class='ocrx_word' id='word_1_351' title='bbox 3547 2665 3642 2701; x_wconf 82' lang='lat' dir='ltr'>no-</span> 
     </span>
    </p>
   </div>
   <div class='ocr_carea' id='block_1_59' title="bbox 2070 2729 2193 2781">
    <p class='ocr_par' dir='ltr' id='par_1_59' title="bbox 2070 2729 2193 2781">
     <span class='ocr_line' id='line_1_60' title="bbox 2070 2729 2193 2781; baseline -0.033 0"><span class='ocrx_word' id='word_1_352' title='bbox 2070 2729 2193 2781; x_wconf 78' lang='lat' dir='ltr'>stri.</span> 
     </span>
    </p>
   </div>
   <div class='ocr_carea' id='block_1_60' title="bbox 2072 2821 3644 2895">
    <p class='ocr_par' dir='ltr' id='par_1_60' title="bbox 2072 2821 3644 2895">
     <span class='ocr_line' id='line_1_61' title="bbox 2072 2821 3644 2895; baseline -0.004 -16"><span class='ocrx_word' id='word_1_353' title='bbox 2072 2831 2243 2881; x_wconf 87' lang='lat' dir='ltr'>Beata</span> <span class='ocrx_word' id='word_1_354' title='bbox 2267 2826 2511 2881; x_wconf 82' lang='lat' dir='ltr'>domina</span> <span class='ocrx_word' id='word_1_355' title='bbox 2555 2824 2914 2895; x_wconf 89' lang='lat' dir='ltr'>Theophano</span> <span class='ocrx_word' id='word_1_356' title='bbox 2972 2821 3644 2892; x_wconf 76' lang='lat' dir='ltr'>Constantinopolitanm</span> 
     </span>
    </p>
   </div>
   <div class='ocr_carea' id='block_1_61' title="bbox 2002 2909 3650 2986">
    <p class='ocr_par' dir='ltr' id='par_1_61' title="bbox 2002 2909 3650 2986">
     <span class='ocr_line' id='line_1_62' title="bbox 2002 2909 3650 2986; baseline -0.006 -15"><span class='ocrx_word' id='word_1_357' title='bbox 2002 2916 2164 2971; x_wconf 87' lang='lat' dir='ltr'>urbis</span> <span class='ocrx_word' id='word_1_358' title='bbox 2196 2922 2254 2970; x_wconf 89' lang='lat' dir='ltr'>et</span> <span class='ocrx_word' id='word_1_359' title='bbox 2279 2916 2521 2971; x_wconf 88' lang='lat' dir='ltr'>alumna</span> <span class='ocrx_word' id='word_1_360' title='bbox 2542 2920 2600 2969; x_wconf 91' lang='lat' dir='ltr'>et</span> <span class='ocrx_word' id='word_1_361' title='bbox 2626 2915 2991 2986; x_wconf 86' lang='lat' dir='ltr'>imperatrix,</span> <span class='ocrx_word' id='word_1_362' title='bbox 3016 2911 3383 2967; x_wconf 86' lang='lat' dir='ltr'>Constantini</span> <span class='ocrx_word' id='word_1_363' title='bbox 3400 2909 3650 2964; x_wconf 89' lang='lat' dir='ltr'>illustris</span> 
     </span>
    </p>
   </div>
   <div class='ocr_carea' id='block_1_62' title="bbox 2002 3000 3644 3075">
    <p class='ocr_par' dir='ltr' id='par_1_62' title="bbox 2002 3000 3644 3075">
     <span class='ocr_line' id='line_1_63' title="bbox 2002 3000 3644 3075; baseline -0.006 -14"><span class='ocrx_word' id='word_1_364' title='bbox 2002 3008 2129 3073; x_wconf 89' lang='lat' dir='ltr'>viri,</span> <span class='ocrx_word' id='word_1_365' title='bbox 2162 3025 2228 3063; x_wconf 90' lang='lat' dir='ltr'>ac</span> <span class='ocrx_word' id='word_1_366' title='bbox 2268 3024 2403 3062; x_wconf 90' lang='lat' dir='ltr'>cum</span> <span class='ocrx_word' id='word_1_367' title='bbox 2436 3006 2623 3060; x_wconf 90' lang='lat' dir='ltr'>tribus</span> <span class='ocrx_word' id='word_1_368' title='bbox 2675 3003 3134 3075; x_wconf 88' lang='lat' dir='ltr'>imperatoribus</span> <span class='ocrx_word' id='word_1_369' title='bbox 3201 3000 3644 3072; x_wconf 81' lang='lat' dir='ltr'>propinquitate</span> 
     </span>
    </p>
   </div>
   <div class='ocr_carea' id='block_1_63' title="bbox 2003 3092 3647 3167">
    <p class='ocr_par' dir='ltr' id='par_1_63' title="bbox 2003 3092 3647 3167">
     <span class='ocr_line' id='line_1_64' title="bbox 2003 3092 3647 3167; baseline -0.007 -15"><span class='ocrx_word' id='word_1_370' title='bbox 2003 3097 2304 3167; x_wconf 80' lang='lat' dir='ltr'>conjuncti</span> <span class='ocrx_word' id='word_1_371' title='bbox 2341 3095 2482 3159; x_wconf 80' lang='lat' dir='ltr'>ﬁlia,</span> <span class='ocrx_word' id='word_1_372' title='bbox 2517 3099 2769 3149; x_wconf 88' lang='lat' dir='ltr'>matrem</span> <span class='ocrx_word' id='word_1_373' title='bbox 2800 3092 3005 3147; x_wconf 91' lang='lat' dir='ltr'>habuit</span> <span class='ocrx_word' id='word_1_374' title='bbox 3054 3095 3306 3155; x_wconf 89' lang='lat' dir='ltr'>Annam,</span> <span class='ocrx_word' id='word_1_375' title='bbox 3341 3106 3471 3159; x_wconf 71' lang='lat' dir='ltr'>quea</span> <span class='ocrx_word' id='word_1_376' title='bbox 3529 3093 3647 3142; x_wconf 87' lang='lat' dir='ltr'>ste-</span> 
     </span>
    </p>
   </div>
   <div class='ocr_carea' id='block_1_64' title="bbox 2004 3177 3649 3252">
    <p class='ocr_par' dir='ltr' id='par_1_64' title="bbox 2004 3177 3649 3252">
     <span class='ocr_line' id='line_1_65' title="bbox 2004 3177 3649 3252; baseline -0.007 -11"><span class='ocrx_word' id='word_1_377' title='bbox 2004 3188 2129 3241; x_wconf 89' lang='lat' dir='ltr'>rilis</span> <span class='ocrx_word' id='word_1_378' title='bbox 2161 3191 2305 3252; x_wconf 89' lang='lat' dir='ltr'>erat,</span> <span class='ocrx_word' id='word_1_379' title='bbox 2341 3190 2399 3239; x_wconf 92' lang='lat' dir='ltr'>et</span> <span class='ocrx_word' id='word_1_380' title='bbox 2457 3182 2796 3249; x_wconf 89' lang='lat' dir='ltr'>infecunda,</span> <span class='ocrx_word' id='word_1_381' title='bbox 2857 3188 2922 3235; x_wconf 93' lang='lat' dir='ltr'>ut</span> <span class='ocrx_word' id='word_1_382' title='bbox 2979 3184 3150 3235; x_wconf 86' lang='lat' dir='ltr'>Anna</span> <span class='ocrx_word' id='word_1_383' title='bbox 3198 3179 3303 3233; x_wconf 87' lang='lat' dir='ltr'>illa</span> <span class='ocrx_word' id='word_1_384' title='bbox 3360 3177 3649 3232; x_wconf 86' lang='lat' dir='ltr'>Samuelis</span> 
     </span>
    </p>
   </div>
   <div class='ocr_carea' id='block_1_65' title="bbox 256 3266 1895 3357">
    <p class='ocr_par' dir='ltr' id='par_1_65' title="bbox 256 3266 1889 3357">
     <span class='ocr_line' id='line_1_66' title="bbox 256 3266 1889 3357; baseline 0.001 -24"><span class='ocrx_word' id='word_1_385' title='bbox 256 3282 495 3354; x_wconf 73' lang='grc' dir='ltr'>ἡπρώην</span> <span class='ocrx_word' id='word_1_386' title='bbox 559 3285 736 3336; x_wconf 72' lang='grc' dir='ltr'>’Ἄννα</span> <span class='ocrx_word' id='word_1_387' title='bbox 785 3283 820 3349; x_wconf 80' lang='grc' dir='ltr'>ἡ</span> <span class='ocrx_word' id='word_1_388' title='bbox 884 3282 1069 3355; x_wconf 86' lang='grc' dir='ltr'>μήτηρ</span> <span class='ocrx_word' id='word_1_389' title='bbox 1110 3285 1207 3334; x_wconf 88' lang='lat'>106</span> <span class='ocrx_word' id='word_1_390' title='bbox 1252 3283 1540 3357; x_wconf 74' lang='grc' dir='ltr'>προφήτου</span> <span class='ocrx_word' id='word_1_391' title='bbox 1590 3266 1889 3352; x_wconf 11' lang='grc' dir='ltr'>γΣαμουήΑ.</span> 
     </span>
    </p>
   </div>
   <div class='ocr_carea' id='block_1_66' title="bbox 2012 3266 3649 3357">
    <p class='ocr_par' dir='ltr' id='par_1_66' title="bbox 2012 3266 3649 3348">
     <span class='ocr_line' id='line_1_67' title="bbox 2012 3266 3649 3348; baseline -0.008 -18"><span class='ocrx_word' id='word_1_392' title='bbox 2012 3277 2310 3348; x_wconf 60' lang='lat' dir='ltr'>prophetas</span> <span class='ocrx_word' id='word_1_393' title='bbox 2344 3279 2552 3328; x_wconf 88' lang='lat' dir='ltr'>mater.</span> <span class='ocrx_word' id='word_1_394' title='bbox 2589 3273 2697 3326; x_wconf 88' lang='lat' dir='ltr'>Sed</span> <span class='ocrx_word' id='word_1_395' title='bbox 2730 3289 2865 3326; x_wconf 92' lang='lat' dir='ltr'>cum</span> <span class='ocrx_word' id='word_1_396' title='bbox 2891 3270 3147 3325; x_wconf 88' lang='lat' dir='ltr'>assiduis</span> <span class='ocrx_word' id='word_1_397' title='bbox 3192 3283 3312 3322; x_wconf 88' lang='lat' dir='ltr'>una</span> <span class='ocrx_word' id='word_1_398' title='bbox 3341 3283 3474 3321; x_wconf 90' lang='lat' dir='ltr'>cum</span> <span class='ocrx_word' id='word_1_399' title='bbox 3527 3266 3649 3319; x_wconf 89' lang='lat' dir='ltr'>viro</span> 
     </span>
    </p>
   </div>
   <div class='ocr_carea' id='block_1_67' title="bbox 256 3368 1898 3445">
    <p class='ocr_par' dir='ltr' id='par_1_67' title="bbox 256 3368 1898 3445">
     <span class='ocr_line' id='line_1_68' title="bbox 256 3368 1898 3445; baseline -0.002 -20"><span class='ocrx_word' id='word_1_400' title='bbox 256 3368 400 3426; x_wconf 68' lang='grc' dir='ltr'>Δλλα</span> <span class='ocrx_word' id='word_1_401' title='bbox 430 3375 661 3431; x_wconf 72' lang='grc' dir='ltr'>πυκνῶς</span> <span class='ocrx_word' id='word_1_402' title='bbox 701 3369 1082 3445; x_wconf 75' lang='grc' dir='ltr'>ἀπερχομένη,</span> <span class='ocrx_word' id='word_1_403' title='bbox 1141 3371 1229 3423; x_wconf 74' lang='grc' dir='ltr'>καὶ</span> <span class='ocrx_word' id='word_1_404' title='bbox 1287 3369 1700 3441; x_wconf 78' lang='grc' dir='ltr'>παρακαλοῦσα,</span> <span class='ocrx_word' id='word_1_405' title='bbox 1762 3370 1898 3442; x_wconf 78' lang='grc' dir='ltr'>μετὰ</span> 
     </span>
    </p>
   </div>
   <div class='ocr_carea' id='block_1_68' title="bbox 254 3457 1895 3534">
    <p class='ocr_par' dir='ltr' id='par_1_68' title="bbox 254 3457 1895 3534">
     <span class='ocr_line' id='line_1_69' title="bbox 254 3457 1895 3534; baseline -0.001 -23"><span class='ocrx_word' id='word_1_406' title='bbox 254 3464 335 3512; x_wconf 72' lang='grc' dir='ltr'>τοῦ</span> <span class='ocrx_word' id='word_1_407' title='bbox 363 3458 554 3533; x_wconf 72' lang='grc' dir='ltr'>ἀνδρὸς</span> <span class='ocrx_word' id='word_1_408' title='bbox 584 3461 695 3527; x_wconf 77' lang='grc' dir='ltr'>τὴν</span> <span class='ocrx_word' id='word_1_409' title='bbox 721 3461 878 3534; x_wconf 81' lang='grc' dir='ltr'>ἁγίαν</span> <span class='ocrx_word' id='word_1_410' title='bbox 942 3457 1221 3513; x_wconf 87' lang='grc' dir='ltr'>δέσποιναν</span> <span class='ocrx_word' id='word_1_411' title='bbox 1252 3462 1414 3532; x_wconf 80' lang='grc' dir='ltr'>ἡμῶν</span> <span class='ocrx_word' id='word_1_412' title='bbox 1449 3459 1736 3527; x_wconf 79' lang='grc' dir='ltr'>Θεοτόκον,</span> <span class='ocrx_word' id='word_1_413' title='bbox 1796 3459 1895 3526; x_wconf 75' lang='grc' dir='ltr'>τὴν</span> 
     </span>
    </p>
   </div>
   <div class='ocr_carea' id='block_1_69' title="bbox 260 3544 1901 3623">
    <p class='ocr_par' dir='ltr' id='par_1_69' title="bbox 260 3544 1901 3623">
     <span class='ocr_line' id='line_1_70' title="bbox 260 3544 1901 3623; baseline 0.002 -21"><span class='ocrx_word' id='word_1_414' title='bbox 260 3545 301 3599; x_wconf 76' lang='grc' dir='ltr'>ἓν</span> <span class='ocrx_word' id='word_1_415' title='bbox 327 3556 436 3611; x_wconf 75' lang='grc' dir='ltr'>τοῖς</span> <span class='ocrx_word' id='word_1_416' title='bbox 471 3549 696 3606; x_wconf 72' lang='grc' dir='ltr'>Βάσσου</span> <span class='ocrx_word' id='word_1_417' title='bbox 742 3551 1066 3623; x_wconf 76' lang='grc' dir='ltr'>τιμωμένην</span> <span class='ocrx_word' id='word_1_418' title='bbox 1124 3544 1412 3604; x_wconf 83' lang='grc' dir='ltr'>συνέλαϐεν</span> <span class='ocrx_word' id='word_1_419' title='bbox 1473 3548 1524 3603; x_wconf 88' lang='grc' dir='ltr'>ἐν</span> <span class='ocrx_word' id='word_1_420' title='bbox 1558 3548 1748 3623; x_wconf 77' lang='grc' dir='ltr'>γαστρὶ</span> <span class='ocrx_word' id='word_1_421' title='bbox 1801 3552 1901 3620; x_wconf 75' lang='grc' dir='ltr'>τὴν</span> 
     </span>
    </p>
   </div>
   <div class='ocr_carea' id='block_1_70' title="bbox 263 3638 1897 3718">
    <p class='ocr_par' dir='ltr' id='par_1_70' title="bbox 263 3638 1897 3718">
     <span class='ocr_line' id='line_1_71' title="bbox 263 3638 1897 3718; baseline 0.004 -27"><span class='ocrx_word' id='word_1_422' title='bbox 263 3639 396 3713; x_wconf 68' lang='grc' dir='ltr'>ἁγίαν</span> <span class='ocrx_word' id='word_1_423' title='bbox 467 3642 765 3718; x_wconf 69' lang='grc' dir='ltr'>Θεοφανώ·</span> <span class='ocrx_word' id='word_1_424' title='bbox 827 3640 918 3694; x_wconf 80' lang='grc' dir='ltr'>καὶ</span> <span class='ocrx_word' id='word_1_425' title='bbox 979 3642 1274 3713; x_wconf 81' lang='grc' dir='ltr'>γεννήσασα</span> <span class='ocrx_word' id='word_1_426' title='bbox 1359 3640 1632 3714; x_wconf 72' lang='grc' dir='ltr'>ἐξέθρεψεν</span> <span class='ocrx_word' id='word_1_427' title='bbox 1719 3638 1897 3714; x_wconf 69' lang='grc' dir='ltr'>ἐναρὲο</span> 
     </span>
    </p>
   </div>
   <div class='ocr_carea' id='block_1_71' title="bbox 254 3727 1898 3803">
    <p class='ocr_par' dir='ltr' id='par_1_71' title="bbox 254 3727 1898 3803">
     <span class='ocr_line' id='line_1_72' title="bbox 254 3727 1898 3803; baseline 0.004 -24"><span class='ocrx_word' id='word_1_428' title='bbox 254 3747 367 3795; x_wconf 81' lang='grc' dir='ltr'>τως,</span> <span class='ocrx_word' id='word_1_429' title='bbox 390 3727 655 3800; x_wconf 68' lang='grc' dir='ltr'>διδάξασα</span> <span class='ocrx_word' id='word_1_430' title='bbox 686 3728 854 3797; x_wconf 82' lang='grc' dir='ltr'>αὐτὴν</span> <span class='ocrx_word' id='word_1_431' title='bbox 881 3729 969 3783; x_wconf 79' lang='grc' dir='ltr'>καὶ</span> <span class='ocrx_word' id='word_1_432' title='bbox 1028 3732 1349 3803; x_wconf 76' lang='grc' dir='ltr'>γράμματα,</span> <span class='ocrx_word' id='word_1_433' title='bbox 1418 3729 1506 3784; x_wconf 82' lang='grc' dir='ltr'>καὶ</span> <span class='ocrx_word' id='word_1_434' title='bbox 1563 3728 1677 3784; x_wconf 76' lang='grc' dir='ltr'>ἐπεὶ</span> <span class='ocrx_word' id='word_1_435' title='bbox 1743 3730 1898 3786; x_wconf 85' lang='grc' dir='ltr'>Βασί-</span> 
     </span>
    </p>
   </div>
   <div class='ocr_carea' id='block_1_72' title="bbox 257 3813 1901 3894">
    <p class='ocr_par' dir='ltr' id='par_1_72' title="bbox 257 3813 1901 3894">
     <span class='ocr_line' id='line_1_73' title="bbox 257 3813 1901 3894; baseline 0.004 -24"><span class='ocrx_word' id='word_1_436' title='bbox 257 3815 442 3880; x_wconf 79' lang='grc' dir='ltr'>λειοςὸ</span> <span class='ocrx_word' id='word_1_437' title='bbox 500 3813 847 3894; x_wconf 87' lang='grc' dir='ltr'>περιϐόητος</span> <span class='ocrx_word' id='word_1_438' title='bbox 910 3818 1162 3893; x_wconf 81' lang='grc' dir='ltr'>βασιλεὺς</span> <span class='ocrx_word' id='word_1_439' title='bbox 1252 3823 1481 3894; x_wconf 85' lang='grc' dir='ltr'>γυναῖκα</span> <span class='ocrx_word' id='word_1_440' title='bbox 1539 3815 1901 3877; x_wconf 68' lang='grc' dir='ltr'>ἐϐουλεύσατο</span> 
     </span>
    </p>
   </div>
   <div class='ocr_carea' id='block_1_73' title="bbox 260 3903 1898 3984">
    <p class='ocr_par' dir='ltr' id='par_1_73' title="bbox 260 3903 1898 3984">
     <span class='ocr_line' id='line_1_74' title="bbox 260 3903 1898 3984; baseline 0.004 -26"><span class='ocrx_word' id='word_1_441' title='bbox 260 3903 424 3961; x_wconf 73' lang='grc' dir='ltr'>δοῦναι</span> <span class='ocrx_word' id='word_1_442' title='bbox 449 3913 533 3980; x_wconf 76' lang='grc' dir='ltr'>τῷ</span> <span class='ocrx_word' id='word_1_443' title='bbox 560 3909 673 3979; x_wconf 73' lang='grc' dir='ltr'>υἱῷ</span> <span class='ocrx_word' id='word_1_444' title='bbox 721 3907 887 3961; x_wconf 76' lang='grc' dir='ltr'>αὑτοῦ</span> <span class='ocrx_word' id='word_1_445' title='bbox 934 3908 1119 3961; x_wconf 81' lang='grc' dir='ltr'>Λέοντι</span> <span class='ocrx_word' id='word_1_446' title='bbox 1164 3912 1244 3979; x_wconf 79' lang='grc' dir='ltr'>τῷ</span> <span class='ocrx_word' id='word_1_447' title='bbox 1297 3910 1600 3981; x_wconf 82' lang='grc' dir='ltr'>σοφωτάτῳ</span> <span class='ocrx_word' id='word_1_448' title='bbox 1660 3908 1898 3984; x_wconf 84' lang='grc' dir='ltr'>βασιλεῖ,</span> 
     </span>
    </p>
   </div>
   <div class='ocr_carea' id='block_1_74' title="bbox 260 3997 1904 4075">
    <p class='ocr_par' dir='ltr' id='par_1_74' title="bbox 260 3997 1904 4075">
     <span class='ocr_line' id='line_1_75' title="bbox 260 3997 1904 4075; baseline 0.004 -25"><span class='ocrx_word' id='word_1_449' title='bbox 260 4001 387 4071; x_wconf 78' lang='grc' dir='ltr'>παρᾶ</span> <span class='ocrx_word' id='word_1_450' title='bbox 439 4002 653 4069; x_wconf 84' lang='grc' dir='ltr'>ταύτην</span> <span class='ocrx_word' id='word_1_451' title='bbox 709 3998 991 4074; x_wconf 83' lang='grc' dir='ltr'>κρείττονα</span> <span class='ocrx_word' id='word_1_452' title='bbox 1052 4000 1128 4071; x_wconf 76' lang='grc' dir='ltr'>μὴ</span> <span class='ocrx_word' id='word_1_453' title='bbox 1200 4000 1399 4075; x_wconf 83' lang='grc' dir='ltr'>εὑρὼν,</span> <span class='ocrx_word' id='word_1_454' title='bbox 1463 3997 1694 4055; x_wconf 84' lang='grc' dir='ltr'>δέδωκεν</span> <span class='ocrx_word' id='word_1_455' title='bbox 1758 4000 1904 4073; x_wconf 77' lang='grc' dir='ltr'>αὐτῷ</span> 
     </span>
    </p>
   </div>
   <div class='ocr_carea' id='block_1_75' title="bbox 259 4085 1899 4165">
    <p class='ocr_par' dir='ltr' id='par_1_75' title="bbox 259 4085 1899 4165">
     <span class='ocr_line' id='line_1_76' title="bbox 259 4085 1899 4165; baseline 0.002 -25"><span class='ocrx_word' id='word_1_456' title='bbox 259 4087 460 4158; x_wconf 83' lang='grc' dir='ltr'>ταύτην.</span> <span class='ocrx_word' id='word_1_457' title='bbox 524 4089 832 4165; x_wconf 60' lang='grc' dir='ltr'>Στεφθεῖσα</span> <span class='ocrx_word' id='word_1_458' title='bbox 889 4085 947 4141; x_wconf 72' lang='grc' dir='ltr'>δὲ</span> <span class='ocrx_word' id='word_1_459' title='bbox 999 4087 1088 4141; x_wconf 77' lang='grc' dir='ltr'>καὶ</span> <span class='ocrx_word' id='word_1_460' title='bbox 1151 4086 1537 4163; x_wconf 80' lang='grc' dir='ltr'>βασιλεύσασα,</span> <span class='ocrx_word' id='word_1_461' title='bbox 1587 4090 1739 4163; x_wconf 80' lang='grc' dir='ltr'>ὅμως</span> <span class='ocrx_word' id='word_1_462' title='bbox 1792 4094 1899 4145; x_wconf 91' lang='grc' dir='ltr'>τῶν</span> 
     </span>
    </p>
   </div>
   <div class='ocr_carea' id='block_1_76' title="bbox 259 4176 1901 4254">
    <p class='ocr_par' dir='ltr' id='par_1_76' title="bbox 259 4176 1901 4254">
     <span class='ocr_line' id='line_1_77' title="bbox 259 4176 1901 4254; baseline 0.001 -23"><span class='ocrx_word' id='word_1_463' title='bbox 259 4182 478 4253; x_wconf 80' lang='grc' dir='ltr'>πτωχῶν</span> <span class='ocrx_word' id='word_1_464' title='bbox 504 4178 608 4234; x_wconf 67' lang='grc' dir='ltr'>οὒκ</span> <span class='ocrx_word' id='word_1_465' title='bbox 644 4176 958 4233; x_wconf 75' lang='grc' dir='ltr'>ἐπελάθετο·</span> <span class='ocrx_word' id='word_1_466' title='bbox 995 4176 1143 4232; x_wconf 75' lang='grc' dir='ltr'>α).λᾶ</span> <span class='ocrx_word' id='word_1_467' title='bbox 1197 4184 1296 4246; x_wconf 86' lang='grc' dir='ltr'>τῆς</span> <span class='ocrx_word' id='word_1_468' title='bbox 1360 4179 1628 4248; x_wconf 79' lang='grc' dir='ltr'>συνήθους</span> <span class='ocrx_word' id='word_1_469' title='bbox 1659 4177 1901 4254; x_wconf 80' lang='grc' dir='ltr'>ἐχομένη</span> 
     </span>
    </p>
   </div>
   <div class='ocr_carea' id='block_1_77' title="bbox 262 4264 1902 4342">
    <p class='ocr_par' dir='ltr' id='par_1_77' title="bbox 262 4264 1902 4342">
     <span class='ocr_line' id='line_1_78' title="bbox 262 4264 1902 4342; baseline 0.001 -21"><span class='ocrx_word' id='word_1_470' title='bbox 262 4266 437 4340; x_wconf 81' lang='grc' dir='ltr'>ἀρετῆς</span> <span class='ocrx_word' id='word_1_471' title='bbox 462 4268 552 4323; x_wconf 80' lang='grc' dir='ltr'>καὶ</span> <span class='ocrx_word' id='word_1_472' title='bbox 588 4264 721 4337; x_wconf 84' lang='grc' dir='ltr'>ἐλεη</span> <span class='ocrx_word' id='word_1_473' title='bbox 735 4266 999 4339; x_wconf 82' lang='grc' dir='ltr'>μοσύνης,</span> <span class='ocrx_word' id='word_1_474' title='bbox 1033 4265 1322 4341; x_wconf 78' lang='grc' dir='ltr'>ἐθεράπευε</span> <span class='ocrx_word' id='word_1_475' title='bbox 1350 4268 1443 4323; x_wconf 83' lang='grc' dir='ltr'>τὸν</span> <span class='ocrx_word' id='word_1_476' title='bbox 1478 4269 1607 4323; x_wconf 83' lang='grc' dir='ltr'>Θεὸν</span> <span class='ocrx_word' id='word_1_477' title='bbox 1637 4268 1728 4323; x_wconf 88' lang='grc' dir='ltr'>τὸν</span> <span class='ocrx_word' id='word_1_478' title='bbox 1762 4269 1902 4342; x_wconf 83' lang='grc' dir='ltr'>αὐτῇ</span> 
     </span>
    </p>
   </div>
   <div class='ocr_carea' id='block_1_78' title="bbox 261 4351 1411 4431">
    <p class='ocr_par' dir='ltr' id='par_1_78' title="bbox 261 4351 1411 4431">
     <span class='ocr_line' id='line_1_79' title="bbox 261 4351 1411 4431; baseline 0.004 -23"><span class='ocrx_word' id='word_1_479' title='bbox 261 4351 638 4429; x_wconf 67' lang='grc' dir='ltr'>δωρησάμενον</span> <span class='ocrx_word' id='word_1_480' title='bbox 670 4358 770 4424; x_wconf 77' lang='grc' dir='ltr'>τὴν</span> <span class='ocrx_word' id='word_1_481' title='bbox 816 4354 1096 4431; x_wconf 84' lang='grc' dir='ltr'>βασιλείαν</span> <span class='ocrx_word' id='word_1_482' title='bbox 1136 4357 1411 4430; x_wconf 77' lang='grc' dir='ltr'>οὐρανῶν.</span> 
     </span>
    </p>
   </div>
   <div class='ocr_carea' id='block_1_79' title="bbox 808 4475 1344 4531">
    <p class='ocr_par' dir='ltr' id='par_1_79' title="bbox 808 4475 1344 4531">
     <span class='ocr_line' id='line_1_80' title="bbox 808 4475 1344 4531; baseline 0.002 -1"><span class='ocrx_word' id='word_1_483' title='bbox 808 4475 990 4531; x_wconf 76' lang='grc' dir='ltr'>ΜΗΝΙ</span> <span class='ocrx_word' id='word_1_484' title='bbox 1023 4476 1118 4531; x_wconf 81' lang='grc' dir='ltr'>ΤΩ</span> <span class='ocrx_word' id='word_1_485' title='bbox 1146 4475 1344 4531; x_wconf 78' lang='grc' dir='ltr'>ΑΥΤΩ.</span> 
     </span>
    </p>
   </div>
   <div class='ocr_carea' id='block_1_80' title="bbox 786 4592 1366 4665">
    <p class='ocr_par' dir='ltr' id='par_1_80' title="bbox 786 4592 1366 4665">
     <span class='ocr_line' id='line_1_81' title="bbox 786 4592 1366 4665; baseline -0.005 -17"><span class='ocrx_word' id='word_1_486' title='bbox 786 4593 877 4648; x_wconf 83' lang='grc' dir='ltr'>Ἐν</span> <span class='ocrx_word' id='word_1_487' title='bbox 912 4592 1096 4664; x_wconf 77' lang='grc' dir='ltr'>ἡμέρᾳ</span> <span class='ocrx_word' id='word_1_488' title='bbox 1119 4592 1366 4665; x_wconf 80' lang='grc' dir='ltr'>Κυριακῇ</span> 
     </span>
    </p>
   </div>
   <div class='ocr_carea' id='block_1_81' title="bbox 325 4676 1827 4756">
    <p class='ocr_par' dir='ltr' id='par_1_81' title="bbox 325 4676 1827 4756">
     <span class='ocr_line' id='line_1_82' title="bbox 325 4676 1827 4756; baseline 0.003 -24"><span class='ocrx_word' id='word_1_489' title='bbox 325 4682 441 4735; x_wconf 77' lang='grc' dir='ltr'>Ὅτε</span> <span class='ocrx_word' id='word_1_490' title='bbox 473 4680 631 4755; x_wconf 47' lang='lat' dir='ltr'>lii/:0</span> <span class='ocrx_word' id='word_1_491' title='bbox 670 4682 864 4756; x_wconf 86' lang='grc' dir='ltr'>μνήμη</span> <span class='ocrx_word' id='word_1_492' title='bbox 908 4685 1024 4756; x_wconf 79' lang='grc' dir='ltr'>τῶν</span> <span class='ocrx_word' id='word_1_493' title='bbox 1052 4680 1218 4756; x_wconf 79' lang='grc' dir='ltr'>ἁγίων</span> <span class='ocrx_word' id='word_1_494' title='bbox 1252 4679 1525 4756; x_wconf 56' lang='grc' dir='ltr'>ΙῙοετέρων,</span> <span class='ocrx_word' id='word_1_495' title='bbox 1551 4676 1827 4756; x_wconf 78' lang='grc' dir='ltr'>’Λϐραὰμ,</span> 
     </span>
    </p>
   </div>
   <div class='ocr_carea' id='block_1_82' title="bbox 785 4747 1365 4814">
    <p class='ocr_par' dir='ltr' id='par_1_82' title="bbox 785 4747 1365 4814">
     <span class='ocr_line' id='line_1_83' title="bbox 785 4747 1365 4814; baseline -0.002 -6"><span class='ocrx_word' id='word_1_496' title='bbox 785 4747 984 4814; x_wconf 72' lang='grc' dir='ltr'>Ἰσαὰκ,</span> <span class='ocrx_word' id='word_1_497' title='bbox 1016 4747 1110 4807; x_wconf 71' lang='grc' dir='ltr'>καί</span> <span class='ocrx_word' id='word_1_498' title='bbox 1145 4747 1365 4809; x_wconf 85' lang='grc' dir='ltr'>Ἰακώϐ.</span> 
     </span>
    </p>
   </div>
   <div class='ocr_carea' id='block_1_83' title="bbox 332 4867 1899 4943">
    <p class='ocr_par' dir='ltr' id='par_1_83' title="bbox 332 4867 1899 4943">
     <span class='ocr_line' id='line_1_84' title="bbox 332 4867 1899 4943; baseline 0.001 -21"><span class='ocrx_word' id='word_1_499' title='bbox 332 4868 694 4941; x_wconf 72' lang='grc' dir='ltr'>Ηερὶτούτων</span> <span class='ocrx_word' id='word_1_500' title='bbox 726 4872 833 4922; x_wconf 88' lang='grc' dir='ltr'>τῶν</span> <span class='ocrx_word' id='word_1_501' title='bbox 896 4867 1064 4941; x_wconf 80' lang='grc' dir='ltr'>ἁγίων</span> <span class='ocrx_word' id='word_1_502' title='bbox 1109 4868 1358 4941; x_wconf 83' lang='grc' dir='ltr'>Πατέρων</span> <span class='ocrx_word' id='word_1_503' title='bbox 1417 4869 1579 4938; x_wconf 81' lang='grc' dir='ltr'>ἡμῶν</span> <span class='ocrx_word' id='word_1_504' title='bbox 1640 4869 1668 4922; x_wconf 85' lang='grc' dir='ltr'>ὁ</span> <span class='ocrx_word' id='word_1_505' title='bbox 1730 4871 1899 4943; x_wconf 86' lang='grc' dir='ltr'>μέγας</span> 
     </span>
    </p>
   </div>
   <div class='ocr_carea' id='block_1_84' title="bbox 273 4950 1899 5031">
    <p class='ocr_par' dir='ltr' id='par_1_84' title="bbox 273 4950 1899 5031">
     <span class='ocr_line' id='line_1_85' title="bbox 273 4950 1899 5031; baseline 0.002 -22"><span class='ocrx_word' id='word_1_506' title='bbox 273 4957 486 5024; x_wconf 69' lang='grc' dir='ltr'>Μωυσῆς</span> <span class='ocrx_word' id='word_1_507' title='bbox 522 4956 574 5011; x_wconf 79' lang='grc' dir='ltr'>ἐν</span> <span class='ocrx_word' id='word_1_508' title='bbox 607 4963 676 5024; x_wconf 82' lang='grc' dir='ltr'>τῆ</span> <span class='ocrx_word' id='word_1_509' title='bbox 740 4950 921 5031; x_wconf 89' lang='grc' dir='ltr'>βίϐλῳ</span> <span class='ocrx_word' id='word_1_510' title='bbox 944 4962 1045 5025; x_wconf 81' lang='grc' dir='ltr'>τῆς</span> <span class='ocrx_word' id='word_1_511' title='bbox 1108 4957 1390 5024; x_wconf 81' lang='grc' dir='ltr'>Γενέσεως,</span> <span class='ocrx_word' id='word_1_512' title='bbox 1449 4951 1687 5030; x_wconf 80' lang='grc' dir='ltr'>ἀκριϐῶς</span> <span class='ocrx_word' id='word_1_513' title='bbox 1742 4955 1899 5031; x_wconf 81' lang='grc' dir='ltr'>ἔγρα-</span> 
     </span>
    </p>
   </div>
   <div class='ocr_carea' id='block_1_85' title="bbox 275 5040 1900 5119">
    <p class='ocr_par' dir='ltr' id='par_1_85' title="bbox 275 5040 1900 5119">
     <span class='ocr_line' id='line_1_86' title="bbox 275 5040 1900 5119; baseline 0.003 -23"><span class='ocrx_word' id='word_1_514' title='bbox 275 5045 605 5118; x_wconf 68' lang='grc' dir='ltr'>ψεν.’ολίγα</span> <span class='ocrx_word' id='word_1_515' title='bbox 642 5044 698 5099; x_wconf 72' lang='grc' dir='ltr'>δὲ</span> <span class='ocrx_word' id='word_1_516' title='bbox 752 5044 841 5098; x_wconf 78' lang='grc' dir='ltr'>καὶ</span> <span class='ocrx_word' id='word_1_517' title='bbox 900 5044 1054 5099; x_wconf 78' lang='grc' dir='ltr'>αὐτοὶ</span> <span class='ocrx_word' id='word_1_518' title='bbox 1108 5042 1158 5116; x_wconf 77' lang='grc' dir='ltr'>ἐξ</span> <span class='ocrx_word' id='word_1_519' title='bbox 1208 5043 1376 5112; x_wconf 75' lang='grc' dir='ltr'>αὐτῆς</span> <span class='ocrx_word' id='word_1_520' title='bbox 1431 5052 1530 5114; x_wconf 78' lang='grc' dir='ltr'>τῆς</span> <span class='ocrx_word' id='word_1_521' title='bbox 1590 5040 1788 5119; x_wconf 66' lang='grc' dir='ltr'>βίϐλου</span> <span class='ocrx_word' id='word_1_522' title='bbox 1820 5044 1900 5101; x_wconf 85' lang='grc' dir='ltr'>δι-</span> 
     </span>
    </p>
   </div>
   <div class='ocr_carea' id='block_1_86' title="bbox 275 5130 1899 5208">
    <p class='ocr_par' dir='ltr' id='par_1_86' title="bbox 275 5130 1899 5208">
     <span class='ocr_line' id='line_1_87' title="bbox 275 5130 1899 5208; baseline 0.002 -24"><span class='ocrx_word' id='word_1_523' title='bbox 275 5134 593 5205; x_wconf 79' lang='grc' dir='ltr'>ηγησόμεθα.</span> <span class='ocrx_word' id='word_1_524' title='bbox 646 5134 815 5193; x_wconf 67' lang='grc' dir='ltr'>Οὗτος</span> <span class='ocrx_word' id='word_1_525' title='bbox 864 5132 973 5186; x_wconf 83' lang='grc' dir='ltr'>ἀπὸ</span> <span class='ocrx_word' id='word_1_526' title='bbox 1028 5130 1302 5193; x_wconf 74' lang='grc' dir='ltr'>Χαλδαίας</span> <span class='ocrx_word' id='word_1_527' title='bbox 1342 5132 1581 5208; x_wconf 84' lang='grc' dir='ltr'>γέγονεν,</span> <span class='ocrx_word' id='word_1_528' title='bbox 1632 5134 1899 5206; x_wconf 72' lang='grc' dir='ltr'>ἀστρονό-</span> 
     </span>
    </p>
   </div>
   <div class='ocr_carea' id='block_1_87' title="bbox 279 5216 1900 5294">
    <p class='ocr_par' dir='ltr' id='par_1_87' title="bbox 279 5216 1900 5294">
     <span class='ocr_line' id='line_1_88' title="bbox 279 5216 1900 5294; baseline 0.001 -21"><span class='ocrx_word' id='word_1_529' title='bbox 279 5238 365 5286; x_wconf 80' lang='grc' dir='ltr'>μος</span> <span class='ocrx_word' id='word_1_530' title='bbox 414 5220 599 5289; x_wconf 62' lang='grc' dir='ltr'>ἄκροςο</span> <span class='ocrx_word' id='word_1_531' title='bbox 661 5222 779 5294; x_wconf 80' lang='grc' dir='ltr'>εἶχε</span> <span class='ocrx_word' id='word_1_532' title='bbox 850 5216 909 5274; x_wconf 73' lang='grc' dir='ltr'>δὲ</span> <span class='ocrx_word' id='word_1_533' title='bbox 965 5218 1169 5293; x_wconf 85' lang='grc' dir='ltr'>πατέρα</span> <span class='ocrx_word' id='word_1_534' title='bbox 1228 5218 1665 5294; x_wconf 75' lang='grc' dir='ltr'>εἶδωλολάτρην.</span> <span class='ocrx_word' id='word_1_535' title='bbox 1726 5221 1900 5283; x_wconf 79' lang='grc' dir='ltr'>Αὐτὸς</span> 
     </span>
    </p>
   </div>
   <div class='ocr_carea' id='block_1_88' title="bbox 278 5302 1899 5377">
    <p class='ocr_par' dir='ltr' id='par_1_88' title="bbox 278 5302 1899 5377">
     <span class='ocr_line' id='line_1_89' title="bbox 278 5302 1899 5377; baseline 0.003 -19"><span class='ocrx_word' id='word_1_536' title='bbox 278 5302 325 5359; x_wconf 70' lang='grc' dir='ltr'>δὲ</span> <span class='ocrx_word' id='word_1_537' title='bbox 350 5312 705 5377; x_wconf 78' lang='grc' dir='ltr'>κατανοήσας,</span> <span class='ocrx_word' id='word_1_538' title='bbox 767 5306 1012 5364; x_wconf 80' lang='grc' dir='ltr'>δτιούδὲ</span> <span class='ocrx_word' id='word_1_539' title='bbox 1067 5305 1121 5362; x_wconf 76' lang='grc' dir='ltr'>ἓν</span> <span class='ocrx_word' id='word_1_540' title='bbox 1184 5308 1243 5363; x_wconf 83' lang='grc' dir='ltr'>ἐκ</span> <span class='ocrx_word' id='word_1_541' title='bbox 1296 5313 1405 5363; x_wconf 85' lang='grc' dir='ltr'>τῶν</span> <span class='ocrx_word' id='word_1_542' title='bbox 1455 5307 1703 5364; x_wconf 72' lang='grc' dir='ltr'>εἰδώλων</span> <span class='ocrx_word' id='word_1_543' title='bbox 1790 5310 1899 5365; x_wconf 85' lang='grc' dir='ltr'>ἐστὶ</span> 
     </span>
    </p>
   </div>
   <div class='ocr_carea' id='block_1_89' title="bbox 278 5398 1900 5475">
    <p class='ocr_par' dir='ltr' id='par_1_89' title="bbox 278 5398 1900 5475">
     <span class='ocr_line' id='line_1_90' title="bbox 278 5398 1900 5475; baseline 0.004 -26"><span class='ocrx_word' id='word_1_544' title='bbox 278 5399 406 5465; x_wconf 78' lang='grc' dir='ltr'>Θεὸς,</span> <span class='ocrx_word' id='word_1_545' title='bbox 436 5400 770 5462; x_wconf 79' lang='grc' dir='ltr'>κατακαύσας</span> <span class='ocrx_word' id='word_1_546' title='bbox 800 5399 953 5469; x_wconf 79' lang='grc' dir='ltr'>αὐτὰ,</span> <span class='ocrx_word' id='word_1_547' title='bbox 1014 5398 1216 5471; x_wconf 71' lang='grc' dir='ltr'>ἤκουσε</span> <span class='ocrx_word' id='word_1_548' title='bbox 1278 5402 1421 5475; x_wconf 74' lang='grc' dir='ltr'>παρὰ</span> <span class='ocrx_word' id='word_1_549' title='bbox 1473 5405 1569 5455; x_wconf 88' lang='lat'>106</span> <span class='ocrx_word' id='word_1_550' title='bbox 1636 5400 1900 5470; x_wconf 81' lang='grc' dir='ltr'>ἀληθινοῦ</span> 
     </span>
    </p>
   </div>
   <div class='ocr_carea' id='block_1_90' title="bbox 280 5484 1897 5563">
    <p class='ocr_par' dir='ltr' id='par_1_90' title="bbox 280 5484 1897 5563">
     <span class='ocr_line' id='line_1_91' title="bbox 280 5484 1897 5563; baseline 0.005 -25"><span class='ocrx_word' id='word_1_551' title='bbox 280 5490 411 5539; x_wconf 70' lang='lat'><strong>8506&#39;</strong></span> <span class='ocrx_word' id='word_1_552' title='bbox 444 5514 467 5539; x_wconf 76' lang='grc' dir='ltr'><strong><em>υ</em></strong></span> <span class='ocrx_word' id='word_1_553' title='bbox 505 5484 778 5561; x_wconf 75' lang='grc' dir='ltr'>Ἀϐρααμ,</span> <span class='ocrx_word' id='word_1_554' title='bbox 812 5486 995 5559; x_wconf 79' lang='grc' dir='ltr'>ἔξελθε</span> <span class='ocrx_word' id='word_1_555' title='bbox 1025 5489 1083 5543; x_wconf 83' lang='grc' dir='ltr'>ἐκ</span> <span class='ocrx_word' id='word_1_556' title='bbox 1112 5496 1213 5557; x_wconf 81' lang='grc' dir='ltr'>τῆς</span> <span class='ocrx_word' id='word_1_557' title='bbox 1243 5496 1345 5563; x_wconf 81' lang='grc' dir='ltr'>γῆς</span> <span class='ocrx_word' id='word_1_558' title='bbox 1379 5511 1497 5559; x_wconf 88' lang='grc' dir='ltr'>σου,</span> <span class='ocrx_word' id='word_1_559' title='bbox 1555 5490 1644 5545; x_wconf 85' lang='grc' dir='ltr'>καὶ</span> <span class='ocrx_word' id='word_1_560' title='bbox 1695 5491 1755 5546; x_wconf 79' lang='grc' dir='ltr'>ἐκ</span> <span class='ocrx_word' id='word_1_561' title='bbox 1799 5494 1897 5561; x_wconf 79' lang='grc' dir='ltr'>τῆς</span> 
     </span>
    </p>
   </div>
   <div class='ocr_carea' id='block_1_91' title="bbox 280 5575 1898 5655">
    <p class='ocr_par' dir='ltr' id='par_1_91' title="bbox 280 5575 1898 5655">
     <span class='ocr_line' id='line_1_92' title="bbox 280 5575 1898 5655; baseline 0.003 -26"><span class='ocrx_word' id='word_1_562' title='bbox 280 5578 559 5648; x_wconf 61' lang='grc' dir='ltr'>συγγενείας</span> <span class='ocrx_word' id='word_1_563' title='bbox 595 5598 712 5650; x_wconf 75' lang='grc' dir='ltr'>σου,</span> <span class='ocrx_word' id='word_1_564' title='bbox 743 5579 833 5632; x_wconf 80' lang='grc' dir='ltr'>καὶ</span> <span class='ocrx_word' id='word_1_565' title='bbox 890 5576 949 5632; x_wconf 82' lang='grc' dir='ltr'>ἐκ</span> <span class='ocrx_word' id='word_1_566' title='bbox 1005 5576 1100 5631; x_wconf 84' lang='lat'>106</span> <span class='ocrx_word' id='word_1_567' title='bbox 1161 5575 1315 5632; x_wconf 83' lang='grc' dir='ltr'>οἷ’κου</span> <span class='ocrx_word' id='word_1_568' title='bbox 1372 5583 1469 5633; x_wconf 89' lang='lat'>106</span> <span class='ocrx_word' id='word_1_569' title='bbox 1527 5580 1732 5655; x_wconf 80' lang='grc' dir='ltr'>πατρός</span> <span class='ocrx_word' id='word_1_570' title='bbox 1780 5601 1898 5651; x_wconf 82' lang='grc' dir='ltr'>σου,</span> 
     </span>
    </p>
   </div>
   <div class='ocr_carea' id='block_1_92' title="bbox 284 5660 1896 5745">
    <p class='ocr_par' dir='ltr' id='par_1_92' title="bbox 284 5660 1896 5745">
     <span class='ocr_line' id='line_1_93' title="bbox 284 5660 1896 5745; baseline 0.006 -33"><span class='ocrx_word' id='word_1_571' title='bbox 284 5660 358 5714; x_wconf 69' lang='grc' dir='ltr'>καί</span> <span class='ocrx_word' id='word_1_572' title='bbox 385 5664 499 5721; x_wconf 73' lang='grc' dir='ltr'>ἐλθὲ</span> <span class='ocrx_word' id='word_1_573' title='bbox 529 5666 608 5729; x_wconf 81' lang='grc' dir='ltr'>εἰς</span> <span class='ocrx_word' id='word_1_574' title='bbox 643 5674 767 5741; x_wconf 73' lang='grc' dir='ltr'>γῆν,</span> <span class='ocrx_word' id='word_1_575' title='bbox 793 5666 859 5735; x_wconf 73' lang='grc' dir='ltr'>ἦν</span> <span class='ocrx_word' id='word_1_576' title='bbox 921 5665 1030 5740; x_wconf 86' lang='grc' dir='ltr'>ἐγώ</span> <span class='ocrx_word' id='word_1_577' title='bbox 1060 5687 1144 5721; x_wconf 86' lang='grc' dir='ltr'>σοι</span> <span class='ocrx_word' id='word_1_578' title='bbox 1201 5664 1379 5738; x_wconf 80' lang='grc' dir='ltr'>δείξω.</span> <span class='ocrx_word' id='word_1_579' title='bbox 1435 5692 1462 5718; x_wconf 76' lang='lat' dir='ltr'>n</span> <span class='ocrx_word' id='word_1_580' title='bbox 1514 5670 1747 5745; x_wconf 77' lang='grc' dir='ltr'>Ἀφῆκεν</span> <span class='ocrx_word' id='word_1_581' title='bbox 1806 5667 1896 5724; x_wconf 72' lang='grc' dir='ltr'>οὖν</span> 
     </span>
    </p>
   </div>
   <div class='ocr_carea' id='block_1_93' title="bbox 287 5748 1894 5836">
    <p class='ocr_par' dir='ltr' id='par_1_93' title="bbox 287 5748 1894 5836">
     <span class='ocr_line' id='line_1_94' title="bbox 287 5748 1894 5836; baseline 0.007 -32"><span class='ocrx_word' id='word_1_582' title='bbox 287 5748 451 5824; x_wconf 76' lang='grc' dir='ltr'>πάντα,</span> <span class='ocrx_word' id='word_1_583' title='bbox 532 5755 629 5810; x_wconf 81' lang='grc' dir='ltr'>καὶ</span> <span class='ocrx_word' id='word_1_584' title='bbox 686 5750 979 5811; x_wconf 51' lang='lat' dir='ltr'>adeam</span> <span class='ocrx_word' id='word_1_585' title='bbox 1029 5758 1129 5827; x_wconf 78' lang='grc' dir='ltr'>τὴν</span> <span class='ocrx_word' id='word_1_586' title='bbox 1179 5762 1411 5835; x_wconf 76' lang='grc' dir='ltr'>γυναῖκα</span> <span class='ocrx_word' id='word_1_587' title='bbox 1469 5758 1637 5815; x_wconf 78' lang='grc' dir='ltr'>αὐτοῦ</span> <span class='ocrx_word' id='word_1_588' title='bbox 1695 5758 1894 5836; x_wconf 86' lang='grc' dir='ltr'>Σάραν,</span> 
     </span>
    </p>
   </div>
   <div class='ocr_carea' id='block_1_94' title="bbox 2005 3355 3651 3435">
    <p class='ocr_par' dir='ltr' id='par_1_94' title="bbox 2005 3355 3651 3435">
     <span class='ocr_line' id='line_1_95' title="bbox 2005 3355 3651 3435; baseline -0.007 -16"><span class='ocrx_word' id='word_1_589' title='bbox 2005 3382 2110 3419; x_wconf 90' lang='lat' dir='ltr'>suo</span> <span class='ocrx_word' id='word_1_590' title='bbox 2126 3363 2397 3435; x_wconf 89' lang='lat' dir='ltr'>precibus</span> <span class='ocrx_word' id='word_1_591' title='bbox 2422 3368 2684 3416; x_wconf 89' lang='lat' dir='ltr'>sanctam</span> <span class='ocrx_word' id='word_1_592' title='bbox 2705 3360 3006 3413; x_wconf 89' lang='lat' dir='ltr'>dominam</span> <span class='ocrx_word' id='word_1_593' title='bbox 3033 3363 3303 3413; x_wconf 89' lang='lat' dir='ltr'>nostram</span> <span class='ocrx_word' id='word_1_594' title='bbox 3323 3355 3651 3425; x_wconf 86' lang='lat' dir='ltr'>Deiparam,</span> 
     </span>
    </p>
   </div>
   <div class='ocr_carea' id='block_1_95' title="bbox 2006 3445 3655 3524">
    <p class='ocr_par' dir='ltr' id='par_1_95' title="bbox 2006 3445 3655 3524">
     <span class='ocr_line' id='line_1_96' title="bbox 2006 3445 3655 3524; baseline -0.007 -16"><span class='ocrx_word' id='word_1_595' title='bbox 2006 3470 2136 3524; x_wconf 67' lang='lat' dir='ltr'>qua:</span> <span class='ocrx_word' id='word_1_596' title='bbox 2170 3454 2229 3507; x_wconf 87' lang='lat' dir='ltr'>in</span> <span class='ocrx_word' id='word_1_597' title='bbox 2263 3451 2389 3506; x_wconf 70' lang='lat' dir='ltr'>mde</span> <span class='ocrx_word' id='word_1_598' title='bbox 2415 3452 2575 3505; x_wconf 80' lang='lat' dir='ltr'>Bassi</span> <span class='ocrx_word' id='word_1_599' title='bbox 2606 3445 3655 3516; x_wconf 87' lang='lat' dir='ltr'>colitur,sollicitaret,concepitsan-</span> 
     </span>
    </p>
   </div>
   <div class='ocr_carea' id='block_1_96' title="bbox 2007 3532 3657 3611">
    <p class='ocr_par' dir='ltr' id='par_1_96' title="bbox 2007 3532 3657 3611">
     <span class='ocr_line' id='line_1_97' title="bbox 2007 3532 3657 3611; baseline -0.008 -14"><span class='ocrx_word' id='word_1_600' title='bbox 2007 3548 2159 3597; x_wconf 89' lang='lat' dir='ltr'>ctam</span> <span class='ocrx_word' id='word_1_601' title='bbox 2194 3538 2968 3611; x_wconf 85' lang='lat' dir='ltr'>Theophano,genitamque</span> <span class='ocrx_word' id='word_1_602' title='bbox 2992 3538 3246 3607; x_wconf 89' lang='lat' dir='ltr'>ingenue</span> <span class='ocrx_word' id='word_1_603' title='bbox 3282 3532 3572 3591; x_wconf 82' lang='lat' dir='ltr'>educavit.</span> <span class='ocrx_word' id='word_1_604' title='bbox 3600 3537 3657 3585; x_wconf 90' lang='lat' dir='ltr'>et</span> 
     </span>
    </p>
   </div>
   <div class='ocr_carea' id='block_1_97' title="bbox 2006 3621 3654 3698">
    <p class='ocr_par' dir='ltr' id='par_1_97' title="bbox 2006 3621 3654 3698">
     <span class='ocr_line' id='line_1_98' title="bbox 2006 3621 3654 3698; baseline -0.007 -13"><span class='ocrx_word' id='word_1_605' title='bbox 2006 3630 2355 3686; x_wconf 88' lang='lat' dir='ltr'>liberalibus</span> <span class='ocrx_word' id='word_1_606' title='bbox 2386 3628 2720 3698; x_wconf 84' lang='lat' dir='ltr'>disciplinis</span> <span class='ocrx_word' id='word_1_607' title='bbox 2752 3626 3029 3680; x_wconf 89' lang='lat' dir='ltr'>instituit.</span> <span class='ocrx_word' id='word_1_608' title='bbox 3064 3630 3207 3679; x_wconf 74' lang='lat' dir='ltr'>(lum</span> <span class='ocrx_word' id='word_1_609' title='bbox 3235 3640 3369 3677; x_wconf 88' lang='lat' dir='ltr'>vero</span> <span class='ocrx_word' id='word_1_610' title='bbox 3404 3621 3654 3677; x_wconf 87' lang='lat' dir='ltr'>Basilius</span> 
     </span>
    </p>
   </div>
   <div class='ocr_carea' id='block_1_98' title="bbox 2007 3711 3653 3789">
    <p class='ocr_par' dir='ltr' id='par_1_98' title="bbox 2007 3711 3653 3789">
     <span class='ocr_line' id='line_1_99' title="bbox 2007 3711 3653 3789; baseline -0.009 -12"><span class='ocrx_word' id='word_1_611' title='bbox 2007 3720 2610 3789; x_wconf 88' lang='lat' dir='ltr'>celebrisimperator</span> <span class='ocrx_word' id='word_1_612' title='bbox 2636 3716 2759 3770; x_wconf 79' lang='lat' dir='ltr'>tilio</span> <span class='ocrx_word' id='word_1_613' title='bbox 2818 3733 2922 3771; x_wconf 90' lang='lat' dir='ltr'>suo</span> <span class='ocrx_word' id='word_1_614' title='bbox 2984 3714 3159 3770; x_wconf 90' lang='lat' dir='ltr'>Leoni</span> <span class='ocrx_word' id='word_1_615' title='bbox 3212 3711 3653 3784; x_wconf 89' lang='lat' dir='ltr'>sapientissimo</span> 
     </span>
    </p>
   </div>
   <div class='ocr_carea' id='block_1_99' title="bbox 2008 3802 3652 3881">
    <p class='ocr_par' dir='ltr' id='par_1_99' title="bbox 2008 3802 3652 3881">
     <span class='ocr_line' id='line_1_100' title="bbox 2008 3802 3652 3881; baseline -0.007 -16"><span class='ocrx_word' id='word_1_616' title='bbox 2008 3809 2351 3881; x_wconf 88' lang='lat' dir='ltr'>imperatori</span> <span class='ocrx_word' id='word_1_617' title='bbox 2375 3824 2617 3863; x_wconf 79' lang='lat' dir='ltr'>uxorem</span> <span class='ocrx_word' id='word_1_618' title='bbox 2654 3812 2966 3876; x_wconf 65' lang='lat' dir='ltr'>quaereret,</span> <span class='ocrx_word' id='word_1_619' title='bbox 3008 3805 3117 3859; x_wconf 88' lang='lat' dir='ltr'>hac</span> <span class='ocrx_word' id='word_1_620' title='bbox 3176 3802 3483 3857; x_wconf 89' lang='lat' dir='ltr'>meliorem</span> <span class='ocrx_word' id='word_1_621' title='bbox 3532 3816 3652 3854; x_wconf 92' lang='lat' dir='ltr'>non</span> 
     </span>
    </p>
   </div>
   <div class='ocr_carea' id='block_1_100' title="bbox 2008 3889 3651 3967">
    <p class='ocr_par' dir='ltr' id='par_1_100' title="bbox 2008 3889 3651 3967">
     <span class='ocr_line' id='line_1_101' title="bbox 2008 3889 3651 3967; baseline -0.007 -13"><span class='ocrx_word' id='word_1_622' title='bbox 2008 3897 2511 3967; x_wconf 85' lang='lat' dir='ltr'>inveniens,illam</span> <span class='ocrx_word' id='word_1_623' title='bbox 2544 3896 2595 3949; x_wconf 88' lang='lat' dir='ltr'>ei</span> <span class='ocrx_word' id='word_1_624' title='bbox 2630 3895 2688 3949; x_wconf 93' lang='lat' dir='ltr'>in</span> <span class='ocrx_word' id='word_1_625' title='bbox 2721 3892 3167 3949; x_wconf 89' lang='lat' dir='ltr'>matrimonium</span> <span class='ocrx_word' id='word_1_626' title='bbox 3192 3890 3514 3946; x_wconf 88' lang='lat' dir='ltr'>collocavit.</span> <span class='ocrx_word' id='word_1_627' title='bbox 3546 3889 3651 3943; x_wconf 78' lang='lat' dir='ltr'>Co~</span> 
     </span>
    </p>
   </div>
   <div class='ocr_carea' id='block_1_101' title="bbox 2008 3982 3653 4057">
    <p class='ocr_par' dir='ltr' id='par_1_101' title="bbox 2008 3982 3653 4057">
     <span class='ocr_line' id='line_1_102' title="bbox 2008 3982 3653 4057; baseline -0.007 -15"><span class='ocrx_word' id='word_1_628' title='bbox 2008 3993 2220 4043; x_wconf 89' lang='lat' dir='ltr'>ronata</span> <span class='ocrx_word' id='word_1_629' title='bbox 2243 3987 2465 4057; x_wconf 88' lang='lat' dir='ltr'>itaque,</span> <span class='ocrx_word' id='word_1_630' title='bbox 2500 3992 2559 4039; x_wconf 92' lang='lat' dir='ltr'>et</span> <span class='ocrx_word' id='word_1_631' title='bbox 2590 3983 2932 4056; x_wconf 80' lang='lat' dir='ltr'>imperatrix</span> <span class='ocrx_word' id='word_1_632' title='bbox 2964 3982 3281 4049; x_wconf 86' lang='lat' dir='ltr'>declarata,</span> <span class='ocrx_word' id='word_1_633' title='bbox 3302 3997 3420 4035; x_wconf 88' lang='lat' dir='ltr'>non</span> <span class='ocrx_word' id='word_1_634' title='bbox 3455 3985 3653 4033; x_wconf 85' lang='lat' dir='ltr'>tamen</span> 
     </span>
    </p>
   </div>
   <div class='ocr_carea' id='block_1_102' title="bbox 2011 4069 3655 4149">
    <p class='ocr_par' dir='ltr' id='par_1_102' title="bbox 2011 4069 3655 4149">
     <span class='ocr_line' id='line_1_103' title="bbox 2011 4069 3655 4149; baseline -0.007 -17"><span class='ocrx_word' id='word_1_635' title='bbox 2011 4094 2338 4149; x_wconf 86' lang='lat' dir='ltr'>pauperum</span> <span class='ocrx_word' id='word_1_636' title='bbox 2371 4091 2573 4131; x_wconf 89' lang='lat' dir='ltr'>curam</span> <span class='ocrx_word' id='word_1_637' title='bbox 2605 4073 2863 4145; x_wconf 87' lang='lat' dir='ltr'>abjecit;</span> <span class='ocrx_word' id='word_1_638' title='bbox 2897 4072 3000 4127; x_wconf 85' lang='lat' dir='ltr'>sed</span> <span class='ocrx_word' id='word_1_639' title='bbox 3049 4076 3363 4126; x_wconf 89' lang='lat' dir='ltr'>consuetas</span> <span class='ocrx_word' id='word_1_640' title='bbox 3409 4069 3655 4122; x_wconf 85' lang='lat' dir='ltr'>virtutes</span> 
     </span>
    </p>
   </div>
   <div class='ocr_carea' id='block_1_103' title="bbox 2011 4158 3657 4239">
    <p class='ocr_par' dir='ltr' id='par_1_103' title="bbox 2011 4158 3657 4239">
     <span class='ocr_line' id='line_1_104' title="bbox 2011 4158 3657 4239; baseline -0.009 -16"><span class='ocrx_word' id='word_1_641' title='bbox 2011 4174 2069 4223; x_wconf 89' lang='lat' dir='ltr'>et</span> <span class='ocrx_word' id='word_1_642' title='bbox 2100 4168 2493 4239; x_wconf 68' lang='lat' dir='ltr'>eleemosynaa</span> <span class='ocrx_word' id='word_1_643' title='bbox 2527 4164 2788 4219; x_wconf 87' lang='lat' dir='ltr'>studium</span> <span class='ocrx_word' id='word_1_644' title='bbox 2823 4161 3237 4229; x_wconf 89' lang='lat' dir='ltr'>retinens,Deo</span> <span class='ocrx_word' id='word_1_645' title='bbox 3271 4158 3589 4221; x_wconf 88' lang='lat' dir='ltr'>inservivit,</span> <span class='ocrx_word' id='word_1_646' title='bbox 3623 4174 3657 4210; x_wconf 90' lang='lat' dir='ltr'>a</span> 
     </span>
    </p>
   </div>
   <div class='ocr_carea' id='block_1_104' title="bbox 2011 4254 3156 4328">
    <p class='ocr_par' dir='ltr' id='par_1_104' title="bbox 2011 4254 3156 4328">
     <span class='ocr_line' id='line_1_105' title="bbox 2011 4254 3156 4328; baseline -0.009 -16"><span class='ocrx_word' id='word_1_647' title='bbox 2011 4275 2126 4328; x_wconf 88' lang='lat' dir='ltr'>quo</span> <span class='ocrx_word' id='word_1_648' title='bbox 2159 4257 2396 4313; x_wconf 72' lang='lat' dir='ltr'>cmleste</span> <span class='ocrx_word' id='word_1_649' title='bbox 2421 4269 2667 4327; x_wconf 85' lang='lat' dir='ltr'>regnum</span> <span class='ocrx_word' id='word_1_650' title='bbox 2700 4257 3018 4308; x_wconf 84' lang='lat' dir='ltr'>consecuta</span> <span class='ocrx_word' id='word_1_651' title='bbox 3049 4254 3156 4304; x_wconf 87' lang='lat' dir='ltr'>est.</span> 
     </span>
    </p>
   </div>
   <div class='ocr_carea' id='block_1_105' title="bbox 2571 4456 3090 4515">
    <p class='ocr_par' dir='ltr' id='par_1_105' title="bbox 2571 4456 3090 4515">
     <span class='ocr_line' id='line_1_106' title="bbox 2571 4456 3090 4515; baseline -0.008 -1"><span class='ocrx_word' id='word_1_652' title='bbox 2571 4458 2814 4515; x_wconf 86' lang='lat' dir='ltr'><strong>EODEM</strong></span> <span class='ocrx_word' id='word_1_653' title='bbox 2856 4456 3090 4511; x_wconf 78' lang='lat' dir='ltr'>MENSE</span> 
     </span>
    </p>
   </div>
   <div class='ocr_carea' id='block_1_106' title="bbox 2616 4574 3047 4629">
    <p class='ocr_par' dir='ltr' id='par_1_106' title="bbox 2616 4574 3047 4629">
     <span class='ocr_line' id='line_1_107' title="bbox 2616 4574 3047 4629; baseline -0.005 0"><span class='ocrx_word' id='word_1_654' title='bbox 2616 4576 2716 4629; x_wconf 89' lang='lat' dir='ltr'>Die</span> <span class='ocrx_word' id='word_1_655' title='bbox 2745 4574 3047 4629; x_wconf 88' lang='lat' dir='ltr'>dominica</span> 
     </span>
    </p>
   </div>
   <div class='ocr_carea' id='block_1_107' title="bbox 1932 4631 3651 4733">
    <p class='ocr_par' dir='ltr' id='par_1_107' title="bbox 1932 4631 3651 4733">
     <span class='ocr_line' id='line_1_108' title="bbox 1932 4631 3651 4733; baseline -0.008 -8"><span class='ocrx_word' id='word_1_656' title='bbox 1932 4631 1979 4695; x_wconf 66' lang='grc' dir='ltr'>Β</span> <span class='ocrx_word' id='word_1_657' title='bbox 2011 4670 2106 4726; x_wconf 73' lang='lat'>85</span> <span class='ocrx_word' id='word_1_658' title='bbox 2140 4667 2369 4733; x_wconf 83' lang='lat' dir='ltr'>Quando</span> <span class='ocrx_word' id='word_1_659' title='bbox 2426 4666 2665 4720; x_wconf 83' lang='lat' dir='ltr'>occurrit</span> <span class='ocrx_word' id='word_1_660' title='bbox 2723 4665 3169 4719; x_wconf 79' lang='lat' dir='ltr'>commemoratio</span> <span class='ocrx_word' id='word_1_661' title='bbox 3199 4666 3507 4716; x_wconf 83' lang='lat' dir='ltr'>sanctorum</span> <span class='ocrx_word' id='word_1_662' title='bbox 3545 4661 3651 4712; x_wconf 87' lang='lat' dir='ltr'>Pa-</span> 
     </span>
    </p>
   </div>
   <div class='ocr_carea' id='block_1_108' title="bbox 2332 4733 3329 4804">
    <p class='ocr_par' dir='ltr' id='par_1_108' title="bbox 2332 4733 3329 4804">
     <span class='ocr_line' id='line_1_109' title="bbox 2332 4733 3329 4804; baseline -0.004 -13"><span class='ocrx_word' id='word_1_663' title='bbox 2332 4744 2475 4791; x_wconf 82' lang='lat' dir='ltr'>trum</span> <span class='ocrx_word' id='word_1_664' title='bbox 2506 4735 2810 4804; x_wconf 82' lang='lat' dir='ltr'>Abraham,</span> <span class='ocrx_word' id='word_1_665' title='bbox 2854 4737 3029 4801; x_wconf 86' lang='lat' dir='ltr'>Isaac,</span> <span class='ocrx_word' id='word_1_666' title='bbox 3063 4740 3113 4788; x_wconf 85' lang='lat' dir='ltr'>et</span> <span class='ocrx_word' id='word_1_667' title='bbox 3144 4733 3329 4788; x_wconf 72' lang='lat' dir='ltr'>Iacob.</span> 
     </span>
    </p>
   </div>
   <div class='ocr_carea' id='block_1_109' title="bbox 2084 4857 3649 4930">
    <p class='ocr_par' dir='ltr' id='par_1_109' title="bbox 2084 4857 3649 4930">
     <span class='ocr_line' id='line_1_110' title="bbox 2084 4857 3649 4930; baseline -0.007 -12"><span class='ocrx_word' id='word_1_668' title='bbox 2084 4865 2161 4918; x_wconf 90' lang='lat' dir='ltr'>De</span> <span class='ocrx_word' id='word_1_669' title='bbox 2184 4861 2276 4915; x_wconf 92' lang='lat' dir='ltr'>his</span> <span class='ocrx_word' id='word_1_670' title='bbox 2310 4860 2529 4915; x_wconf 87' lang='lat' dir='ltr'>sanctis</span> <span class='ocrx_word' id='word_1_671' title='bbox 2560 4859 2826 4930; x_wconf 89' lang='lat' dir='ltr'>patribus</span> <span class='ocrx_word' id='word_1_672' title='bbox 2878 4858 3096 4912; x_wconf 90' lang='lat' dir='ltr'>nostris</span> <span class='ocrx_word' id='word_1_673' title='bbox 3142 4872 3388 4928; x_wconf 87' lang='lat' dir='ltr'>magnus</span> <span class='ocrx_word' id='word_1_674' title='bbox 3422 4857 3649 4926; x_wconf 88' lang='lat' dir='ltr'>Moyses</span> 
     </span>
    </p>
   </div>
   <div class='ocr_carea' id='block_1_110' title="bbox 2010 4948 3653 5018">
    <p class='ocr_par' dir='ltr' id='par_1_110' title="bbox 2010 4948 3653 5018">
     <span class='ocr_line' id='line_1_111' title="bbox 2010 4948 3653 5018; baseline -0.007 -11"><span class='ocrx_word' id='word_1_675' title='bbox 2010 4954 2071 5007; x_wconf 90' lang='lat' dir='ltr'>in</span> <span class='ocrx_word' id='word_1_676' title='bbox 2102 4954 2359 5008; x_wconf 86' lang='lat' dir='ltr'>Geneseos</span> <span class='ocrx_word' id='word_1_677' title='bbox 2388 4949 2539 5003; x_wconf 91' lang='lat' dir='ltr'>libro</span> <span class='ocrx_word' id='word_1_678' title='bbox 2571 4954 2843 5002; x_wconf 86' lang='lat' dir='ltr'>accurate</span> <span class='ocrx_word' id='word_1_679' title='bbox 2889 4948 3147 5018; x_wconf 87' lang='lat' dir='ltr'>scripsit.</span> <span class='ocrx_word' id='word_1_680' title='bbox 3184 4948 3296 5000; x_wconf 88' lang='lat' dir='ltr'>Nos</span> <span class='ocrx_word' id='word_1_681' title='bbox 3330 4951 3527 4999; x_wconf 89' lang='lat' dir='ltr'>tamen</span> <span class='ocrx_word' id='word_1_682' title='bbox 3584 4960 3653 4995; x_wconf 87' lang='lat' dir='ltr'>ex</span> 
     </span>
    </p>
   </div>
   <div class='ocr_carea' id='block_1_111' title="bbox 2009 5038 3657 5115">
    <p class='ocr_par' dir='ltr' id='par_1_111' title="bbox 2009 5038 3657 5115">
     <span class='ocr_line' id='line_1_112' title="bbox 2009 5038 3657 5115; baseline -0.007 -15"><span class='ocrx_word' id='word_1_683' title='bbox 2009 5045 2217 5101; x_wconf 91' lang='lat' dir='ltr'>eodem</span> <span class='ocrx_word' id='word_1_684' title='bbox 2252 5044 2402 5099; x_wconf 90' lang='lat' dir='ltr'>libro</span> <span class='ocrx_word' id='word_1_685' title='bbox 2432 5059 2618 5115; x_wconf 88' lang='lat' dir='ltr'>pauca</span> <span class='ocrx_word' id='word_1_686' title='bbox 2642 5041 2712 5096; x_wconf 81' lang='lat' dir='ltr'>de</span> <span class='ocrx_word' id='word_1_687' title='bbox 2738 5042 2948 5096; x_wconf 88' lang='lat' dir='ltr'>iisdem</span> <span class='ocrx_word' id='word_1_688' title='bbox 2983 5038 3573 5095; x_wconf 87' lang='lat' dir='ltr'>dicemus.Abraham</span> <span class='ocrx_word' id='word_1_689' title='bbox 3589 5052 3657 5089; x_wconf 84' lang='lat' dir='ltr'>ex</span> 
     </span>
    </p>
   </div>
   <div class='ocr_carea' id='block_1_112' title="bbox 2009 5125 3658 5202">
    <p class='ocr_par' dir='ltr' id='par_1_112' title="bbox 2009 5125 3658 5202">
     <span class='ocr_line' id='line_1_113' title="bbox 2009 5125 3658 5202; baseline -0.006 -13"><span class='ocrx_word' id='word_1_690' title='bbox 2009 5135 2283 5191; x_wconf 73' lang='lat' dir='ltr'>Chaldzea</span> <span class='ocrx_word' id='word_1_691' title='bbox 2313 5134 2443 5200; x_wconf 85' lang='lat' dir='ltr'>fuit,</span> <span class='ocrx_word' id='word_1_692' title='bbox 2470 5132 2847 5187; x_wconf 78' lang='lat' dir='ltr'>astronomim</span> <span class='ocrx_word' id='word_1_693' title='bbox 2880 5130 3297 5202; x_wconf 89' lang='lat' dir='ltr'>peritissimus,</span> <span class='ocrx_word' id='word_1_694' title='bbox 3330 5131 3495 5199; x_wconf 88' lang='lat' dir='ltr'>patre</span> <span class='ocrx_word' id='word_1_695' title='bbox 3528 5125 3658 5180; x_wconf 92' lang='lat' dir='ltr'>ido-</span> 
     </span>
    </p>
   </div>
   <div class='ocr_carea' id='block_1_113' title="bbox 2009 5216 3657 5291">
    <p class='ocr_par' dir='ltr' id='par_1_113' title="bbox 2009 5216 3657 5291">
     <span class='ocr_line' id='line_1_114' title="bbox 2009 5216 3657 5291; baseline -0.007 -11"><span class='ocrx_word' id='word_1_696' title='bbox 2009 5225 2224 5280; x_wconf 86' lang='lat' dir='ltr'>lolatra</span> <span class='ocrx_word' id='word_1_697' title='bbox 2254 5228 2429 5278; x_wconf 88' lang='lat' dir='ltr'>natus</span> <span class='ocrx_word' id='word_1_698' title='bbox 2464 5240 2476 5275; x_wconf 89' lang='lat'><strong>:</strong></span> <span class='ocrx_word' id='word_1_699' title='bbox 2509 5239 2640 5277; x_wconf 91' lang='lat' dir='ltr'>cum</span> <span class='ocrx_word' id='word_1_700' title='bbox 2667 5226 2865 5275; x_wconf 89' lang='lat' dir='ltr'>autem</span> <span class='ocrx_word' id='word_1_701' title='bbox 2898 5219 3265 5291; x_wconf 82' lang='lat' dir='ltr'>cognovisset</span> <span class='ocrx_word' id='word_1_702' title='bbox 3321 5216 3547 5271; x_wconf 86' lang='lat' dir='ltr'>nullam</span> <span class='ocrx_word' id='word_1_703' title='bbox 3599 5216 3657 5268; x_wconf 90' lang='lat' dir='ltr'>in</span> 
     </span>
    </p>
   </div>
   <div class='ocr_carea' id='block_1_114' title="bbox 2010 5305 3662 5381">
    <p class='ocr_par' dir='ltr' id='par_1_114' title="bbox 2010 5305 3662 5381">
     <span class='ocr_line' id='line_1_115' title="bbox 2010 5305 3662 5381; baseline -0.006 -12"><span class='ocrx_word' id='word_1_704' title='bbox 2010 5315 2187 5369; x_wconf 89' lang='lat' dir='ltr'>idolis</span> <span class='ocrx_word' id='word_1_705' title='bbox 2221 5330 2349 5367; x_wconf 90' lang='lat' dir='ltr'>esse</span> <span class='ocrx_word' id='word_1_706' title='bbox 2382 5311 2769 5377; x_wconf 87' lang='lat' dir='ltr'>divinitatem,</span> <span class='ocrx_word' id='word_1_707' title='bbox 2827 5315 3003 5381; x_wconf 91' lang='lat' dir='ltr'>atque</span> <span class='ocrx_word' id='word_1_708' title='bbox 3059 5307 3278 5362; x_wconf 90' lang='lat' dir='ltr'>idcirco</span> <span class='ocrx_word' id='word_1_709' title='bbox 3340 5305 3662 5362; x_wconf 87' lang='lat' dir='ltr'>simulacra</span> 
     </span>
    </p>
   </div>
   <div class='ocr_carea' id='block_1_115' title="bbox 2012 5397 3661 5463">
    <p class='ocr_par' dir='ltr' id='par_1_115' title="bbox 2012 5397 3661 5463">
     <span class='ocr_line' id='line_1_116' title="bbox 2012 5397 3661 5463; baseline -0.007 -4"><span class='ocrx_word' id='word_1_710' title='bbox 2012 5400 2690 5463; x_wconf 85' lang='lat' dir='ltr'>combussisset,audivit</span> <span class='ocrx_word' id='word_1_711' title='bbox 2720 5401 2908 5453; x_wconf 89' lang='lat' dir='ltr'>Deum</span> <span class='ocrx_word' id='word_1_712' title='bbox 2946 5414 3145 5453; x_wconf 89' lang='lat' dir='ltr'>verum</span> <span class='ocrx_word' id='word_1_713' title='bbox 3181 5397 3291 5451; x_wconf 87' lang='lat' dir='ltr'>sibi</span> <span class='ocrx_word' id='word_1_714' title='bbox 3318 5397 3613 5452; x_wconf 84' lang='lat' dir='ltr'>dicentem</span> <span class='ocrx_word' id='word_1_715' title='bbox 3650 5412 3661 5448; x_wconf 91' lang='lat'><strong>:</strong></span> 
     </span>
    </p>
   </div>
   <div class='ocr_carea' id='block_1_116' title="bbox 2013 5485 3660 5561">
    <p class='ocr_par' dir='ltr' id='par_1_116' title="bbox 2013 5485 3660 5561">
     <span class='ocr_line' id='line_1_117' title="bbox 2013 5485 3660 5561; baseline -0.003 -18"><span class='ocrx_word' id='word_1_716' title='bbox 2013 5514 2037 5543; x_wconf 71' lang='grc' dir='ltr'>α</span> <span class='ocrx_word' id='word_1_717' title='bbox 2075 5491 2392 5554; x_wconf 80' lang='lat' dir='ltr'>Abraham,</span> <span class='ocrx_word' id='word_1_718' title='bbox 2415 5489 2691 5561; x_wconf 82' lang='lat' dir='ltr'>egredere</span> <span class='ocrx_word' id='word_1_719' title='bbox 2712 5488 2782 5542; x_wconf 89' lang='lat' dir='ltr'>de</span> <span class='ocrx_word' id='word_1_720' title='bbox 2818 5493 2973 5542; x_wconf 86' lang='lat' dir='ltr'>terra</span> <span class='ocrx_word' id='word_1_721' title='bbox 2998 5491 3180 5553; x_wconf 82' lang='lat' dir='ltr'>tua,et</span> <span class='ocrx_word' id='word_1_722' title='bbox 3209 5485 3282 5542; x_wconf 91' lang='lat' dir='ltr'>de</span> <span class='ocrx_word' id='word_1_723' title='bbox 3313 5485 3660 5558; x_wconf 83' lang='lat' dir='ltr'>cognatione</span> 
     </span>
    </p>
   </div>
   <div class='ocr_carea' id='block_1_117' title="bbox 2012 5576 3657 5649">
    <p class='ocr_par' dir='ltr' id='par_1_117' title="bbox 2012 5576 3657 5649">
     <span class='ocr_line' id='line_1_118' title="bbox 2012 5576 3657 5649; baseline -0.007 -14"><span class='ocrx_word' id='word_1_724' title='bbox 2012 5588 2130 5646; x_wconf 89' lang='lat' dir='ltr'>tua,</span> <span class='ocrx_word' id='word_1_725' title='bbox 2166 5585 2221 5635; x_wconf 84' lang='lat' dir='ltr'>et</span> <span class='ocrx_word' id='word_1_726' title='bbox 2254 5579 2323 5633; x_wconf 91' lang='lat' dir='ltr'>de</span> <span class='ocrx_word' id='word_1_727' title='bbox 2344 5579 2518 5633; x_wconf 88' lang='lat' dir='ltr'>domo</span> <span class='ocrx_word' id='word_1_728' title='bbox 2552 5579 2734 5649; x_wconf 88' lang='lat' dir='ltr'>patris</span> <span class='ocrx_word' id='word_1_729' title='bbox 2761 5577 2862 5641; x_wconf 89' lang='lat' dir='ltr'>tui,</span> <span class='ocrx_word' id='word_1_730' title='bbox 2894 5581 2951 5629; x_wconf 85' lang='lat' dir='ltr'>et</span> <span class='ocrx_word' id='word_1_731' title='bbox 2972 5576 3105 5629; x_wconf 90' lang='lat' dir='ltr'>veni</span> <span class='ocrx_word' id='word_1_732' title='bbox 3137 5576 3195 5628; x_wconf 90' lang='lat' dir='ltr'>in</span> <span class='ocrx_word' id='word_1_733' title='bbox 3232 5581 3446 5629; x_wconf 87' lang='lat' dir='ltr'>terram</span> <span class='ocrx_word' id='word_1_734' title='bbox 3480 5589 3657 5642; x_wconf 86' lang='lat' dir='ltr'>quam</span> 
     </span>
    </p>
   </div>
   <div class='ocr_carea' id='block_1_118' title="bbox 2010 5660 3653 5729">
    <p class='ocr_par' dir='ltr' id='par_1_118' title="bbox 2010 5660 3653 5729">
     <span class='ocr_line' id='line_1_119' title="bbox 2010 5660 3653 5729; baseline -0.01 -4"><span class='ocrx_word' id='word_1_735' title='bbox 2010 5674 2415 5725; x_wconf 81' lang='lat' dir='ltr'>monstravere</span> <span class='ocrx_word' id='word_1_736' title='bbox 2448 5668 2573 5721; x_wconf 91' lang='lat' dir='ltr'>tibi.</span> <span class='ocrx_word' id='word_1_737' title='bbox 2627 5689 2653 5715; x_wconf 82' lang='lat'><strong>»</strong></span> <span class='ocrx_word' id='word_1_738' title='bbox 2712 5665 2817 5729; x_wconf 86' lang='lat' dir='ltr'>Qui</span> <span class='ocrx_word' id='word_1_739' title='bbox 2873 5664 3072 5718; x_wconf 85' lang='lat' dir='ltr'>statim</span> <span class='ocrx_word' id='word_1_740' title='bbox 3131 5664 3408 5718; x_wconf 91' lang='lat' dir='ltr'>omnibus</span> <span class='ocrx_word' id='word_1_741' title='bbox 3464 5660 3653 5713; x_wconf 87' lang='lat' dir='ltr'>valere</span> 
     </span>
    </p>
   </div>
   <div class='ocr_carea' id='block_1_119' title="bbox 2002 5747 3651 5833">
    <p class='ocr_par' dir='ltr' id='par_1_119' title="bbox 2002 5747 3651 5833">
     <span class='ocr_line' id='line_1_120' title="bbox 2002 5747 3651 5833; baseline -0.011 -18"><span class='ocrx_word' id='word_1_742' title='bbox 2002 5758 2212 5833; x_wconf 87' lang='lat' dir='ltr'>jussis,</span> <span class='ocrx_word' id='word_1_743' title='bbox 2246 5762 2668 5830; x_wconf 86' lang='lat' dir='ltr'>assumptaque</span> <span class='ocrx_word' id='word_1_744' title='bbox 2700 5769 2881 5809; x_wconf 81' lang='lat' dir='ltr'>uxore</span> <span class='ocrx_word' id='word_1_745' title='bbox 2911 5767 3019 5807; x_wconf 88' lang='lat' dir='ltr'>sua</span> <span class='ocrx_word' id='word_1_746' title='bbox 3047 5752 3206 5818; x_wconf 87' lang='lat' dir='ltr'>Sara,</span> <span class='ocrx_word' id='word_1_747' title='bbox 3232 5756 3290 5805; x_wconf 91' lang='lat' dir='ltr'>et</span> <span class='ocrx_word' id='word_1_748' title='bbox 3320 5751 3423 5805; x_wconf 86' lang='lat' dir='ltr'>Lot</span> <span class='ocrx_word' id='word_1_749' title='bbox 3451 5747 3651 5801; x_wconf 83' lang='lat' dir='ltr'>fratris</span> 
     </span>
    </p>
   </div>
  </div>
