4074 6192
369 358 483 420 211

1646 353 2083 414 MENOLOGII
2122 349 2331 413 PARS
2373 349 2452 410 II.

369 494 764 567 ﬁlio,peregre
787 493 1084 566 profectus
1115 495 1492 563 est,sequens
1514 489 1725 557 Deum,
1757 502 2012 559 eumque

2132 485 2216 541 καὶ
2271 488 2334 540 τὸ
2388 482 2607 559 ἀνεψιὸν
2650 481 2817 539 αὐτοῦ
2902 484 3046 552 Λὼτ,
3106 483 3193 540 καὶ
3255 481 3580 558 ἒξενίτευσεν
3656 483 3781 540 ἀκο-

369 583 573 640 videns
603 601 719 655 quo
752 587 980 655 poterat
1010 580 1206 648 modo,
1238 581 1487 652 ejusque
1520 577 1802 635 mandata
1852 578 2010 633 exci-

370 673 563 745 piens.
588 671 801 727 Genuit
856 675 1054 725 autem
1111 670 1379 724 Isaacum
1425 668 1553 740 jam
1606 683 1806 723 senex.
1831 667 2015 732 Quem

371 767 607 817 tentans
635 757 1188 830 Deus.praecepit,ut
1203 757 1377 812 illum
1400 756 1767 835 immolaret:
1787 756 2018 811 videns-

369 864 486 918 que
516 847 645 917 ejus
702 844 1128 910 obedientiam,
1175 862 1210 901 a
1257 844 1417 900 caede
1468 844 1655 901 Isaaci
1715 843 2019 900 abstinere

361 935 560 1006 jussit.
594 935 757 989 Isaac
779 938 980 989 autem
1027 933 1234 1006 genuit
1260 933 1461 989 Jacob.
1494 934 1756 999 Quorum
1787 948 2012 989 memo-

368 1024 517 1078 riam
545 1022 800 1079 facimus
829 1028 968 1080 ante
994 1023 1367 1079 nativitatem
1387 1022 1628 1088 Christi,
1658 1021 1817 1094 quod
1840 1038 1912 1078 ex
1943 1021 2018 1078 iis

372 1112 639 1168 Christus
669 1113 997 1169 secundum
1028 1128 1269 1169 carnem
1301 1118 1476 1169 natus
1517 1116 1627 1168 est.

942 1231 1181 1286 EODEM
1212 1230 1452 1288 MENSE

905 1348 1008 1404 Die
1046 1348 1277 1405 decima
1305 1348 1559 1421 septima

371 1466 473 1522 86
504 1466 785 1523 Certamen
825 1472 1139 1522 sanctorum
1193 1468 1359 1521 trium
1408 1481 1734 1537 puerorum,
1766 1466 2016 1534 Ananiae,

865 1538 1103 1605 Azariw,
1148 1543 1202 1592 et
1256 1536 1514 1593 Misaetis.

447 1653 644 1708 Sancti
676 1657 794 1709 tres
826 1653 996 1725 pueri
1029 1669 1099 1709 ex
1128 1653 1273 1709 urbe
1319 1652 1652 1709 Jerusalem
1682 1653 1870 1725 fuere,
1910 1653 2017 1709 filii

376 1742 633 1798 Ezechiae
660 1742 817 1815 regis
842 1741 1311 1814 Judaaorum,qui
1343 1759 1522 1798 ausus
1545 1749 1635 1799 est
1654 1742 1852 1799 dicere
1874 1744 2017 1813 Deo,

2124 573 2340 641 λουθῶν
2384 579 2466 648 τῷ
2522 578 2668 647 Θεῷ,
2742 572 2962 648 βλέπων
3016 573 3181 629 αὐτὸν
3237 572 3313 636 ὡς
3364 569 3627 643 ἠδύνατο,
3682 573 3775 628 καὶ

2122 663 2601 739 προστασσόμενος
2665 662 2756 718 ὑπ’
2817 661 3004 719 αὐτοῦ.
3062 662 3351 739 Ἐγέννησε
3386 659 3445 717 δὲ
3471 661 3564 717 τὸν
3595 662 3783 718 Ἰσαὰκ

2122 754 2173 810 ἐν
2222 754 2386 828 γήρᾳ.
2448 752 2547 810 Καὶ
2603 749 2913 825 δοκιμάζων
2973 750 3133 807 αὐτὸν
3189 750 3218 806 ὁ
3275 752 3429 819 Θεὸς,
3482 750 3777 827 προσέταξε

2122 841 2315 921 σφάξαι
2347 839 2531 900 αὐτόν.
2562 841 2669 898 Καὶ
2710 838 2840 897 ἰδὼν
2885 840 3049 897 αύτὸν
3083 839 3445 911 ὑπακούοντα,
3476 838 3771 899 ἐκώλυσεν.

2121 927 2183 991 Ὀ
2212 928 2270 987 δὶ
2302 931 2485 988 Ἰσαὰκ
2512 926 2765 1008 ἐγέννησε
2812 932 2906 988 τὸν
2952 925 3170 988 Ἰακώϐ.
3228 935 3324 986 Ὧν
3381 932 3484 1002 τὴν
3544 932 3772 1006 μνήμην

2121 1019 2502 1095 ἐπιτελοῦμεν,
2530 1022 2638 1098 πρὸ
2657 1024 2758 1092 τῆς
2787 1022 3025 1094 Χριστοῦ
3055 1023 3386 1097 γεννήσεως,
3417 1017 3509 1076 διὰ
3559 1020 3624 1075 τὸ
3650 1040 3776 1095 γεν-

2120 1117 2356 1183 νηθῆναι
2384 1111 2523 1166 κατᾶ
2548 1109 2718 1185 σάρκα
2746 1110 2838 1167 τὸν
2869 1111 3101 1188 Χριστὸν
3135 1109 3188 1181 ἐξ
3216 1109 3414 1167 αὐτῶν.

2672 1231 2825 1288 MHN
2832 1234 2855 1286 Ι
2892 1231 2983 1288 ΤΩ
3019 1231 3224 1288 ΔΥΤΩ.

2910 1354 2987 1406 IZ‘

2264 1463 2536 1537 ’Ἂθλησις
2693 1463 2893 1558 ..ἁγίων
2933 1468 3101 1558 rei?)
3129 1460 3363 1558 παίδων,
3395 1462 3628 1531 Ἀνανία,

2622 1535 2870 1616 ’Δζαρία,
2900 1535 2991 1594 καὶ
3022 1535 3272 1608 Μισαήλ.

2193 1655 2260 1713 O't
2291 1655 2436 1731 ἅγιοι
2489 1660 2635 1730 τρεῖς
2691 1651 2880 1718 παῖδες
2939 1652 3182 1730 ἐγένοντο
3237 1651 3344 1708 ἀπὸ
3401 1649 3771 1726 Ἰερουσαλὴμ

2122 1752 2222 1817 τῆς
2254 1744 2492 1815 πόλεως,
2552 1745 2663 1801 υἱοὶ
2711 1746 2959 1815 Ἐζεκίου
3014 1748 3113 1801 τοῦ
3173 1741 3444 1814 βασιλέως
3472 1737 3776 1797 Ἰουδαίων.

382 1849 444 1887 se
476 1832 804 1887 custodisse
836 1849 968 1904 qum
1000 1831 1218 1903 placita
1244 1837 1415 1887 erant
1442 1833 1503 1888 in
1533 1833 2018 1905 conspectuejus;

2132 1838 2315 1899 Ὅστις
2348 1835 2589 1905 Ἐζεκίας
2619 1836 2925 1911 ἰτόλμησεν
2982 1835 3156 1892 εἰπεῖν
3211 1839 3291 1908 τῷ
3346 1836 3483 1905 Θεῷ,
3541 1828 3780 1911 φυλάξαι

382 1937 639 1992 cumque
669 1921 743 1976 ad
773 1926 1027 1976 mortem
1050 1925 1447 1994 aegrotaret,et
1465 1921 1874 1994 pcenitentiam
1889 1939 2023 1995 age-

382 2015 495 2077 ret,
526 2009 706 2065 vitam
737 2009 848 2064 sibi
879 2010 954 2065 ad
975 2010 1317 2080 quindecim
1347 2027 1536 2066 annos
1566 2012 1869 2084 prorogari
1912 2013 2025 2068 im.

380 2098 651 2169 petravit.
686 2099 785 2153 Isti
814 2098 1013 2171 igitur,
1045 2099 1395 2172 expugnatis
1427 2116 1462 2155 a
1492 2099 2029 2157 Nabuchodonosor

384 2185 760 2257 Assyriorum
786 2202 923 2257 rege
952 2186 1650 2258 Hierosolymis,abducti
1682 2195 1821 2245 sunt
1840 2189 2026 2262 Baby-

382 2273 581 2329 lonem
612 2275 823 2346 captivi
850 2275 979 2330 :ubi
1001 2276 1075 2331 ob
1108 2277 1383 2332 virtutem
1405 2277 1541 2333 facti
1573 2279 2026 2351 suntprincipes

379 2364 638 2437 regionis
665 2364 849 2419 illius.
883 2364 997 2420 Sed
1026 2371 1233 2436 postea
1252 2372 1593 2422 recusantes
1614 2373 1869 2424 statuam
1916 2385 2024 2424 au-

376 2469 559 2517 ream,
590 2469 770 2524 quam
796 2470 899 2509 rex
920 2454 1161 2521 fecerat,
1196 2454 1466 2524 adorare,
1502 2456 1563 2510 in
1595 2457 1899 2512 caminum
1932 2457 2025 2512 in-

367 2542 512 2613 jecti
543 2542 802 2606 fuerunt,
837 2561 987 2615 quos
1018 2543 1389 2600 descendens
1419 2546 1667 2618 angelus
1698 2546 2026 2602 incolumet

377 2631 643 2688 servavit.
670 2632 1061 2698 Quamobrem
1096 2649 1197 2688 rex
1254 2639 1313 2688 et
1338 2650 1557 2706 pueros
1600 2633 1928 2704 honoravit,
1960 2652 2024 2691 es

377 2720 562 2775 Deum
595 2721 725 2776 cmli
760 2737 1041 2793 magnum
1070 2722 1379 2778 confessus
1409 2723 1638 2779 est.Sed
1659 2740 1794 2780 cum
1810 2740 1911 2780 rex
1941 2725 2026 2780 al-

378 2812 468 2864 ter
495 2809 1108 2879 successisset,videns
1128 2816 1245 2867 tres
1276 2817 1509 2868 sanctos
1531 2813 1822 2884 puerosin
1837 2815 2021 2871 Deum

376 2899 1016 2968 credentes,mandavit
1034 2900 1170 2956 illos
1190 2900 1476 2957 decollari
1513 2918 1526 2956 :
1558 2918 1815 2975 cumque
1831 2902 2026 2960 decol-

378 2987 667 3059 larentur,
686 2989 838 3044 alter
858 2988 1106 3045 alterius
1122 2994 1301 3061 caput
1324 2990 1575 3063 excepit,
1609 2996 1668 3047 et
1684 2998 2021 3064 postremus

376 3077 583 3133 Daniel
611 3084 983 3150 amputatum
1021 3078 1270 3135 Ananiae
1300 3084 1478 3151 caput
1508 3081 1771 3154 suscepit
1796 3099 1810 3138 :
1843 3088 2020 3156 atque

374 3166 458 3223 ita
486 3167 665 3223 vitam
696 3168 999 3224 finierunt.

1023 3364 1242 3422 Eodem
1274 3364 1369 3422 die

587 3494 681 3552 81
720 3496 1004 3552 Certamen
1023 3498 1209 3554 sancti
1232 3497 1478 3555 Danielis
1498 3499 1802 3570 prophetae.

444 3616 560 3669 Iste
593 3620 834 3670 sanctus
864 3613 1075 3670 Daniel
1104 3614 1378 3669 eamdem
1426 3631 1563 3671 cum
1608 3616 1797 3673 tribus
1817 3617 2020 3690 pueris

375 3703 730 3773 captivitatis
754 3703 1053 3757 fortunam
1076 3719 1307 3772 passus,
1324 3702 1747 3776 Hierosolymis
1769 3706 1986 3778 Babylo
2002 3739 2015 3748 -

376 3806 516 3844 nem
571 3790 734 3844 abiit.
794 3790 1173 3861 Prophetavit
1226 3796 1423 3845 autem
1476 3793 1650 3848 annis
1694 3795 2018 3867 sexaginta,

376 3877 714 3947 Christique
760 3877 1127 3932 nativitatem
1167 3880 1489 3935 antecessit
1538 3882 1712 3936 annis
1733 3882 2020 3953 quadrin-

378 3963 570 4036 gentis
606 3964 928 4035 sexaginta,
963 3965 1051 4019 vir
1105 3966 1443 4034 continens,
1477 3968 1851 4041 etjejunans,
1886 3970 2014 4025 nul-

378 4053 621 4123 [umque
652 4052 851 4108 cibum
882 4059 1101 4126 pra-ter
1127 4054 1429 4125 legumina
1460 4057 1798 4127 degustans.
1828 4060 2019 4124 Quare

376 4142 479 4197 Dei
510 4158 775 4197 amorem
807 4143 919 4197 sibi
945 4143 1339 4214 conciliavit,a
1369 4161 1485 4216 quo
1519 4146 1736 4201 missus
1750 4147 2019 4221 angelus,

374 4231 607 4286 occulta
630 4230 800 4286 illum
824 4231 1108 4305 mysteria
1131 4231 1636 4291 edocuit.Somnia
1652 4236 1854 4309 itaque
1868 4237 2022 4311 regis

376 4322 551 4376 solvit
571 4338 639 4377 ac
660 4322 1082 4393 interpretatus
1108 4328 1215 4390 est,
1249 4322 1440 4395 deque
1487 4325 1856 4398 singularum
1877 4344 2021 4398 gen-

378 4411 528 4465 tium
560 4409 779 4482 regnis,
811 4411 1136 4479 Medorum,
1162 4412 1408 4481 scilicet,
1444 4414 1845 4487 Assyriorum,
1880 4419 2019 4472 Per-

379 4516 602 4570 sarum,
627 4500 1033 4570 Macedonum,
1064 4506 1123 4555 et
1151 4502 1574 4568 Romanorum,
1602 4506 1976 4577 prophetavit
2005 4523 2021 4575 ;

2127 1926 2194 1982 τὰ
2221 1926 2421 2001 ἀρεστᾶ
2448 1926 2683 1984 ὶνώπιον
2708 1928 2902 1996 αὐτοῦ,
2939 1928 3031 1983 καὶ
3088 1927 3390 1996 ἀσθενήσας
3449 1924 3620 1997 μεχρι
3678 1930 3778 1985 θα-

2128 2017 2315 2084 νάτου,
2346 2018 2463 2074 εἶτα
2493 2020 2857 2092 μετανοήσας,
2899 2012 3064 2074 ἔλαϐε
3113 2018 3436 2094 προσθήκην
3492 2013 3629 2070 ἐτῶν
3686 2008 3781 2067 δε·

2127 2110 2371 2167 καπέντε.
2429 2111 2544 2176 Τῆς
2608 2108 2666 2166 δὶ
2730 2107 3096 2184 Ἰερουσαλὴμ
3161 2109 3265 2164 ὑπὸ
3316 2110 3416 2163 τοῦ
3501 2102 3775 2180 βασιλέως

2129 2197 2430 2272 ’Δσσυρίων
2461 2193 2960 2275 Ναϐουχοδονόσορ
3011 2195 3499 2271 πολιορκηθείσης,
3524 2190 3776 2263 ἀπῆλθον

2130 2288 2486 2365 αἰχμάλωτοι
2537 2289 2617 2356 εἷς
2682 2285 2994 2346 Βαϐυλῶνα.
3088 2288 3187 2344 Καὶ
3245 2284 3336 2343 διὰ
3388 2286 3488 2354 τήν
3575 2281 3778 2358 ἀρετήν

2128 2379 2329 2452 αὐτῶν,
2361 2379 2607 2457 ἐγένοντο
2659 2380 2922 2457 ἄρχοντες
2980 2386 3081 2451 τῆς
3126 2379 3314 2456 χώρας
3368 2375 3602 2447 ἐκείνης.
3636 2374 3777 2430 Εἶτα

2131 2473 2207 2544 μὴ
2232 2470 2537 2537 πεισθέντες
2576 2474 2950 2548 προσκυνῆσαι
3000 2471 3099 2539 τήν
3161 2474 3371 2545 χρυσῆν
3430 2464 3633 2533 εἰκόνα,
3700 2461 3769 2531 ἢν

2126 2560 2377 2632 εποίησεν
2408 2563 2436 2617 ὁ
2470 2560 2748 2637 βασιλεὺς,
2779 2556 3152 2633 ἑνεϐλήθησαν
3210 2559 3289 2621 εἰς
3347 2556 3600 2630 κάμινον.
3661 2551 3771 2609 Καὶ

2123 2645 2324 2721 κατέϐη
2356 2647 2612 2726 ἅγγελος,
2639 2651 2729 2706 καὶ
2759 2648 3075 2728 διεφύλαξεν
3106 2646 3300 2710 αὐτοὺς
3360 2646 3553 2720 ὑγιεῖς.
3604 2640 3707 2700 Καὶ
3738 2640 3768 2696 ὁ

2129 2737 2383 2814 βασιλεὺς
2411 2737 2635 2814 ἐτίμησε
2686 2739 2777 2796 καὶ
2832 2738 2958 2802 τοὺς
3014 2734 3231 2801 παῖδας
3284 2735 3376 2792 καὶ
3432 2728 3771 2806 ὡμολόγησε

2123 2829 2213 2887 καὶ
2240 2828 2332 2885 τὸν
2365 2831 2495 2887 Θεὸν
2525 2835 2623 2888 τοῦ
2653 2830 2888 2906 ούρανοῦ
2919 2827 3088 2904 μέγαν
3144 2828 3298 2883 εἶναι.
3354 2821 3530 2888 ’Πλθε
3554 2818 3613 2877 δῖ
3669 2819 3769 2906 βπ·

2123 2923 2307 2989 σιλεὺς
2336 2922 2544 3000 ἔτερος,
2599 2923 2689 2978 καὶ
2724 2905 2908 2998 εὑρὼν
2953 2919 3081 2982 τοὺς
3137 2917 3321 2995 ἁγίους
3374 2918 3522 2989 τρεῖς
3565 2905 3766 3000 παῖδας

2121 3012 2472 3076 πιστεύοντας
2519 3012 2596 3076 εἷς
2637 3012 2731 3068 τὸν
2789 3011 2940 3081 Θεὸν,
2998 3005 3506 3086 άποκεφαλισθῆναι
3562 2995 3758 3059 αὐτοὺς

2121 3103 2429 3179 προσέταξε.
2466 3103 2566 3161 Καὶ
2608 3100 2896 3178 δεξάμενος
2935 3099 3115 3177 ἔτερος
3169 3094 3268 3154 τοῦ
3324 3095 3509 3170 ἕτερου
3537 3092 3637 3179 τῆν
3663 3108 3756 3179 κε-

2045 3212 2089 3279 ι]
2127 3177 2331 3272 φάλῆν,
2363 3192 2593 3270 ἔσχατος
2627 3189 2686 3249 δὲ
2714 3193 2744 3249 ὁ
2799 3190 3006 3262 Δανιὴλ
3063 3194 3160 3246 τοῦ
3216 3186 3460 3254 ²Δνανία,
3513 3177 3775 3237 ἐτελειώ-

2127 3285 2317 3356 θησαν.

2694 3376 2776 3449 Τῇ
2832 3374 2973 3448 αὐτῇ
3019 3370 3205 3446 ἡμέρᾳ

2269 3488 2542 3559 ’Ἄθλησις
2568 3494 2667 3546 τοῦ
2696 3487 2854 3564 ἁγίου
2901 3484 3102 3557 Δανιὴλ
3159 3488 3258 3540 τοῦ
3313 3480 3624 3559 προφήτου.

2199 3607 2367 3670 Οὗτος
2424 3607 2453 3663 ὁ
2512 3606 2664 3682 ἅγιος
2713 3601 2920 3676 Δανιὴλ
2985 3603 3120 3678 μετᾶ
3163 3606 3272 3657 τῶν
3329 3600 3495 3676 τριῶν
3556 3590 3769 3682 παίδων

2128 3680 2568 3773 ᾐχμαλωτίσθη..
2621 3694 2720 3750 Καὶ
2798 3692 3037 3763 ἀπῆλθεν
3107 3691 3218 3748 ἀπὸ
3280 3684 3645 3765 Ἰερουσαλὴμ
3696 3680 3776 3743 εἷς

2128 3781 2449 3843 Βαϐυλῶνα·
2509 3783 2598 3840 καὶ
2653 3785 3053 3860 προεφήτευσεν
3124 3779 3216 3852 ἔτη
3274 3779 3555 3851 ἑξήκοντα.
3618 3780 3767 3850 [lpo-

2129 3870 2294 3932 ἔλαϐε
2324 3871 2383 3932 δὶ
2411 3874 2507 3944 τῆν
2556 3876 2804 3949 γέννησιν
2851 3877 2951 3929 τοῦ
3006 3874 3241 3949 Χριστοῦ
3296 3865 3390 3942 ἔτη
3448 3866 3773 3943 τετρακόσια

2127 3964 2407 4037 ἑξήκοντα.
2438 3964 2683 4040 Ἐγένετο
2742 3960 2800 4018 δὶ
2855 3962 2994 4038 ἀνὴρ
3044 3964 3275 4039 σώφρων
3325 3959 3415 4015 καὶ
3452 3957 3769 4029 νηστευτής·

2132 4054 2209 4128 μή
2237 4052 2531 4130 γευόμενος
2585 4059 2796 4129 τροφῆς
2854 4049 3057 4120 ἄλλης,
3117 4051 3162 4106 εἰ
3236 4051 3313 4123 μὴ
3364 4046 3622 4124 όσπρίωψ
3681 4044 3776 4102 διὰ

2126 4146 2288 4198 τοῦτο
2320 4143 2765 4219 ἠγαπήθηοπαρᾶ
2785 4144 2884 4198 τοῦ
2915 4137 3071 4198 Θεοῦ.
3131 4137 3235 4195 Καὶ
3297 4135 3576 4209 ἀπεστάλη
3606 4133 3771 4214 ἂγγε-

2129 4230 2252 4303 λος,
2284 4231 2374 4288 καὶ
2405 4229 2642 4306 ἐδίδαξεν
2676 4231 2834 4287 αὐτὸν
2862 4231 2932 4286 τὰ
2960 4229 3266 4306 ἆπόκρυφα.
3295 4229 3453 4294 ’Ὸθεν
3502 4226 3591 4283 καὶ
3642 4226 3777 4290 τοὺς

2130 4320 2374 4400 ὀνείρους
2399 4327 2501 4378 τοῦ
2536 4319 2810 4399 βασιλέως
2867 4316 3048 4389 ἔλυσε,
3108 4319 3197 4375 καὶ
3254 4321 3619 4397 ὴρμήνευσεν.
3672 4321 3773 4375 Καὶ

2131 4412 2256 4486 περὶ
2312 4417 2420 4468 τῶν
2461 4409 2753 4487 βασιλειῶν
2814 4410 3041 4466 δκάστου
3089 4408 3293 4478 ἔθνους,
3374 4405 3603 4481 Μήδων,
3646 4409 3777 4467 Ἀσ-

2132 4500 2357 4578 συρίων,
2416 4504 2659 4575 Περσῶν,
2719 4497 3067 4569 Μακεδόνων,
3129 4498 3442 4573 Ῥωμαίων,
3526 4501 3774 4577 προεφή-

381 4590 658 4659 quodque
688 4590 890 4645 omnia
918 4606 1101 4660 regna
1120 4590 1496 4648 dissolvenda
1515 4592 1798 4660 forent,et
1824 4597 2020 4651 Roma-

2132 4611 2305 4649 τευσε’
2375 4592 2465 4646 καὶ
2521 4589 2606 4646 ὅτι
2658 4590 3130 4662 καταλυθήσονται
3158 4595 3325 4645 πᾶσαι
3378 4589 3435 4644 αἱ
3476 4587 3773 4664 βασιλεῖαι,

382 4694 618 4743 norum,
650 4677 1239 4750 Christianorumque
1270 4680 1588 4752 imperium
1617 4682 2022 4754 obtenturum,

383 4766 615 4821 Christo
644 4766 706 4820 in
737 4771 1025 4823 aeternum
1054 4775 1359 4841 regnante.
1384 4770 1689 4826 Demissus
1718 4778 1917 4828 autem
1960 4773 2021 4828 in

384 4853 579 4910 lacum
610 4853 872 4923 leonum,
903 4854 1128 4911 illmsus
1158 4856 1297 4913 inde
1347 4858 1547 4924 evasit,
1584 4864 1644 4914 et
1669 4875 1705 4915 a
1734 4876 1869 4935 rege
1894 4861 2021 4918 Bal-

384 4943 616 4999 thasare
649 4942 756 4997 filii
814 4944 945 4999 loco
994 4945 1340 5002 honoratus.
1398 4948 1705 5004 Postremo
1735 4949 1808 5005 ab
1832 4951 2021 5006 Attico

378 5047 516 5104 rege
547 5047 684 5086 cum
717 5031 904 5089 tribus
940 5033 1141 5104 pueris
1171 5034 1501 5091 decollatus
1531 5036 1664 5093 fuit.

1013 5211 1235 5269 Eodem
1275 5213 1372 5269 die

481 5326 580 5382 38
613 5326 899 5384 Certamen
920 5330 1100 5383 sancti
1125 5328 1391 5399 martyris
1419 5330 1623 5386 Bacchi
1644 5332 1912 5388 Junioris.

449 5443 529 5496 Ex
562 5441 802 5514 regione
822 5442 1156 5499 Palmstiuaa
1185 5444 1299 5500 fuit
1316 5443 1448 5513 iste,
1463 5447 1631 5502 Irene
1653 5451 1714 5502 et
1733 5447 2022 5503 Constan-

380 5530 506 5585 tino
538 5530 991 5603 imperantibus,
1022 5534 1388 5591 Christianos
1407 5540 1704 5608 parentes,
1755 5552 2024 5608 proavos-

385 5636 498 5690 que.
528 5619 774 5689 habens,
797 5620 899 5676 sed
930 5621 1060 5694 ejus
1089 5629 1258 5696 pater
1287 5641 1323 5680 a
1350 5623 1722 5681 daemonibus
1744 5624 2022 5682 seductus

384 5709 458 5766 ad
488 5709 784 5783 impuram
815 5711 1240 5769 Saracenorum
1284 5718 1504 5771 sectam
1535 5714 1791 5787 transiit,
1822 5720 1880 5771 et
1909 5715 2021 5772 Ha-

2131 4682 2221 4736 καὶ
2265 4681 2521 4757 κρατήσει
2574 4682 2609 4751 ἡ
2664 4677 2913 4756 βασιλεία
2968 4684 3076 4736 τῶν
3136 4678 3449 4752 Ῥωμαίων,
3515 4676 3606 4733 καὶ
3659 4681 3771 4733 τῶν

2130 4770 2466 4844 Χριστιανῶν
2500 4815 2517 4842 ,
2628 4770 2796 4825 αὐτοῦ
2878 4770 3113 4845 Χριστοῦ
3206 4765 3588 4844 βασιλεύοντος
3664 4762 3776 4832 ἓως

2128 4857 2348 4921 αἰῶνος.
2400 4852 2639 4930 Ἐϐλήθη
2700 4855 2759 4913 δὲ
2814 4855 2891 4920 εἷς
2946 4856 3145 4913 λάκκον
3202 4861 3313 4912 τῶν
3362 4854 3615 4913 λεόντων·
3673 4855 3769 4911 καὶ

2130 4946 2353 5022 ἐξῆλθεν
2382 4947 2567 5026 ὑγιής·
2621 4949 2712 5004 καὶ
2761 4947 2999 5021 ἐτιμήθη
3059 4946 3150 5002 ἴσα
3201 4951 3305 5003 τοῦ
3341 4947 3464 5002 υἱοῦ
3490 4945 3597 5002 ὑπὸ
3671 4949 3774 5001 τοῦ

2136 5037 2404 5114 βασιλεως
2435 5035 2744 5106 Βαλτάσαρ.
2795 5040 3048 5112 Ὕστερον
3083 5035 3141 5093 δὲ
3189 5035 3597 5115 άπεκεφαλίσθη
3630 5033 3782 5110 παρᾶ

2132 5127 2382 5186 Ἀττικοῦ
2412 5125 2685 5204 βασιλέως
2716 5126 2854 5201 μετὰ
2880 5131 2992 5183 τῶν
3017 5130 3187 5203 τριῶν
3218 5122 3451 5183 παίδων.

2718 5219 2808 5291 Tii
2838 5216 2977 5292 αὖτῇ
3007 5218 3194 5291 ἡμέρᾳ

2200 5333 2469 5405 ’Ἃθλησις
2496 5338 2595 5391 τοῦ
2623 5332 2781 5411 ἁγίου
2815 5334 3088 5412 μάρτυρος
3127 5334 3352 5411 Βάκχου
3396 5337 3494 5389 τοῦ
3540 5329 3703 5390 Νέου.

2203 5451 2298 5506 Ἐκ
2324 5457 2425 5521 τῆς
2458 5452 2648 5528 χώρας
2703 5458 2804 5523 τῆς
2861 5450 3229 5523 Παλαιστίνης
3288 5452 3536 5526 ὑπῆρχεν
3589 5450 3777 5521 οὗτος,

2129 5537 2219 5594 ἐπὶ
2247 5546 2347 5611 τῆς
2381 5540 2662 5617 βασιλείας
2701 5541 2945 5618 Εἰρήνης
2993 5542 3082 5598 καὶ
3143 5540 3567 5597 Κωνσταντίνου.
3598 5540 3778 5597 Ἦσαν

2132 5625 2190 5684 δὲ
2220 5629 2272 5683 οἱ
2300 5635 2474 5705 γονεῖς
2503 5630 2666 5687 αὐτοῦ
2722 5631 2782 5687 ἐκ
2838 5631 3121 5709 προγόνων
3177 5628 3521 5708 Χριστιανοί·
3581 5624 3712 5683 ἀλλ’
3743 5628 3774 5683 ὁ

2129 5717 2311 5794 πατὴρ
2341 5716 2507 5774 αὑτοῦ
2534 5720 2635 5776 ὑπὸ
2666 5716 2942 5796 δαιμόνων
2988 5718 3284 5791 πλανηθεὶς
3337 5720 3473 5796 πρὸς
3524 5718 3625 5788 τὴν
3657 5721 3771 5774 τῶν
