4074 6192
263 434 376 492 213

260 571 590 638 Σαρακηνῶν
656 567 911 640 μετετέθη

256 678 385 733 ρισε.
470 658 732 728 Ἐποίησε
813 656 871 714 δὲ
956 657 1143 715 παιδία
1223 661 1375 715 ἑπτά·
1460 662 1550 717 καὶ
1626 660 1910 739 ἀνέτρεφεν

261 745 387 800 αὖτά
470 746 555 800 ἐπὶ
616 751 686 821 τῇ
767 748 933 820 ὁμοία
998 753 1137 822 κακῇ
1216 750 1410 804 πίστει·
1488 752 1600 805 εἶτα
1656 750 1910 805 ἀπέθανε.

264 837 360 892 Καὶ
446 836 886 915 κατελείφθησαν
955 839 1024 892 τὰ
1079 837 1267 893 παιδία
1327 838 1460 912 μετά
1514 847 1613 909 τῆς
1678 840 1914 914 μητέρος

259 926 436 979 αὐτῶν
478 969 491 983 .
697 928 770 980 ὧν
827 928 854 981 ὀ
932 929 1007 989 εἷς
1074 926 1331 991 Γελάσιος
1406 928 1742 1001 καλούμενος
1777 973 1790 997 ,
1848 929 1913 983 τὰ

256 1012 621 1087 Ἱεροσόλυμα
648 1011 967 1073 κατέλαϐεν.
1030 1020 1162 1073 Εἶτα
1216 1017 1381 1087 ἦλθεν
1442 1019 1517 1080 εἰς
1574 1018 1675 1086 τήν
1707 1016 1908 1091 λαύραν

254 1108 346 1158 τοῦ
374 1104 538 1178 ἁγίου
576 1100 867 1173 Σάὗα,καὶ
922 1109 1127 1180 γίνεται
1180 1109 1446 1183 μοναχὸς.
1506 1106 1722 1182 Βάκχος
1783 1107 1906 1162 ovo-

260 1206 521 1266 μασθεις.
592 1192 784 1256 Καλῶς
845 1193 1353 1268 πολιτευσάμενος,
1410 1196 1686 1266 ἀπεστάλη
1766 1198 1911 1272 παρά

254 1288 344 1337 τοῦ
375 1285 699 1359 ἡγουμένου
755 1290 967 1361 φυγεῖν,
994 1284 1081 1340 ’ίνα
1115 1292 1191 1359 μή
1222 1288 1416 1360 νοηθῇ,
1451 1288 1533 1342 δτι
1596 1286 1911 1361 Σαρακηνὸν

261 1368 578 1429 ἐπϐἀπτισε.
613 1373 709 1427 Καὶ
764 1373 937 1438 ἐλθὼν
989 1375 1064 1437 εἰς
1092 1375 1160 1430 τὰ
1217 1376 1412 1444 οἰκεῖα,
1442 1375 1573 1439 τοὺς
1630 1376 1724 1449 μὲν
1757 1378 1909 1431 πέντε

251 1461 527 1537 ἀδελφοὺς
578 1458 881 1519 ἐϐάπτισεν·
917 1465 1052 1527 ὁεῖς
1111 1463 1168 1520 δὲ
1228 1467 1303 1539 μὴ
1367 1466 1700 1536 βαπτισθεὶς,
1758 1466 1902 1521 ἐλοι-

257 1549 481 1626 δόρησεν
539 1554 617 1615 εἷς
674 1553 765 1609 τὸν
826 1556 1042 1629 Βάκχον
1100 1554 1176 1619 εἷς
1237 1557 1329 1610 τὸν
1389 1557 1648 1631 ἀμηρᾶν.
1715 1558 1813 1613 Καὶ
1876 1557 1904 1610 6

256 1640 473 1714 ἀμηρᾶς
505 1640 898 1719 ἀπεκεφάλισεν
932 1642 1111 1699 αὐτόν.
1150 1646 1251 1700 Καὶ
1283 1644 1455 1706 οὕτως
1488 1643 1801 1716 ἐτελειώθη.

814 1760 989 1814 MHNI
1013 1764 1098 1814 ΤΩ
1130 1764 1329 1817 ΛΓΤΩ.

1031 1852 1119 1905 IH'

260 1935 457 2005 Μνήμη
542 1939 642 1989 τοῦ
718 1936 868 1991 ὁσίου
947 1938 1153 2009 πατρὸς

942 2007 1205 2083 Φλώρου.

320 2092 439 2151 Ἑπῖ
471 2101 572 2163 τῆς
602 2096 884 2169 βασιλείας
932 2098 1225 2153 Ἱουστίνου
1280 2104 1378 2154 τοῦ
1437 2100 1599 2169 Νέου,
1628 2101 1716 2156 καὶ
1746 2098 1906 2158 Τιϐε-

254 2185 388 2258 ρίου,
422 2186 513 2240 καὶ
547 2186 849 2261 Μαυριιίου
900 2190 966 2257 ἦν
1020 2187 1178 2251 οὗτος
1212 2190 1240 2244 6
1272 2191 1423 2264 ἅγιος
1474 2189 1727 2265 Φλῶρος’
1764 2190 1907 2268 ἔχων

252 2274 448 2349 πατέρα
480 2275 717 2351 Φλῶρον
748 2278 838 2331 καὶ
898 2277 1058 2334 αὐτὸν
1120 2280 1486 2352 καλούμενον,
1546 2281 1635 2335 καὶ
1697 2282 1905 2356 μητέρα

250 2362 661 2437 ὀνομαζομένην
689 2366 993 2441 Εὗφηρίαν·
1056 2366 1297 2441 ἐδίδαξαν
1359 2366 1418 2424 δὲ
1452 2370 1610 2425 αὐτὸν
1642 2371 1695 2426 οἳ
1724 2377 1905 2444 γονεῖς

250 2452 409 2507 αὖτοῦ
442 2455 529 2508 καὶ
564 2456 661 2523 τὴν
721 2459 829 2509 τῶν
881 2454 1165 2527 Ἐλλήνων
1227 2460 1466 2535 γραφήν,
1526 2460 1615 2513 καὶ
1663 2460 1764 2528 τὴν
1795 2465 1903 2514 τῶν

250 2548 587 2615 Χριστιανῶν
621 2563 634 2576 ·
677 2545 789 2599 εἶτα
846 2544 1059 2619 ἐγένετο
1118 2548 1367 2614 νοτάριος
1435 2552 1541 2601 τῶν
1609 2547 1902 2623 βασιλέων·

254 2634 364 2685 εἶτα
428 2633 753 2709 πατρίκιος.
817 2633 911 2689 Καὶ
972 2629 1157 2690 λαϐὼν
1212 2641 1478 2710 γυναῖκα,
1539 2636 1760 2707 ἐποίησε
1814 2640 1903 2693 καὶ

249 2720 462 2785 παῖδας.
526 2721 932 2794 Ἀποθανοῦσης
966 2721 1022 2779 δε
1054 2731 1269 2794 καὶτῆς
1331 2726 1603 2799 γυναικὸς,
1650 2727 1739 2782 καὶ
1792 2732 1900 2782 τῶν

250 2807 474 2865 παιδίων
508 2810 567 2866 ἐκ
595 2819 697 2880 τῆς
737 2812 1004 2885 λοιμικῆς
1059 2815 1240 2883 νόσου,
1294 2814 1454 2877 αὐτὸς
1499 2815 1781 2885 λυπηθεῖς,
1812 2817 1903 2871 καί

254 2900 499 2973 ἀφορμὴν
536 2899 729 2974 εὑρὼν,
767 2899 860 2955 ’ίνα
919 2904 1091 2975 σωθῇ,
1142 2904 1374 2971 ἀπῆνθεν
1408 2904 1484 2966 εἰς
1516 2902 1569 2958 ἔν
1595 2910 1702 2959 τῶν
1762 2927 1896 2976 κτη-

258 2989 435 3058 μάτων
464 2988 633 3044 αὐτοῦ
664 2989 716 3044 ἐν
747 2995 827 3062 τῷ
877 2988 1128 3063 ἀνάπλῳ,
1185 2992 1274 3046 καὶ
1334 2990 1618 3063 ἐκαθέσθη.
1654 2996 1781 3050 Εἶτα
1812 2992 1902 3049 διὰ

252 3078 346 3143 τὴν
384 3077 603 3147 πολλὴν
666 3079 863 3155 ἀρετὴν
918 3081 1084 3135 αὐτοῦ
1137 3080 1430 3146 ἐπίσκοπος
1484 3086 1896 3159 προχειρίζιται

255 3170 493 3239 Ἀμισοῦ.
532 3172 618 3227 Ἐν
658 3170 795 3243 αὐτῇ
830 3169 888 3225 δὲ
916 3175 983 3245 τῇ
1020 3173 1229 3244 Ἀμισῷ
1268 3172 1539 3244 ἀπελθῶν,
1578 3175 1666 3230 καὶ
1713 3174 1899 3239 καλῶς

252 3257 310 3310 τὸ
332 3258 739 3321 καταπιστευθὲν
761 3257 911 3331 αὖτῷ
941 3259 1220 3331 ποίμενιον
1253 3260 1524 3331 ποιμάνας
1556 3262 1645 3316 καὶ
1678 3259 1890 3334 διδάξας

252 3346 334 3399 τὸν
358 3346 485 3400 λαὸν
526 3346 703 3419 ὀρθῶς
736 3354 1049 3423 περιπατεῖν
1078 3350 1166 3403 καὶ
1199 3348 1542 3425 ὁρθοδόξους,
1571 3351 1658 3406 καὶ
1709 3360 1886 3407 ποιεῖν

255 3441 339 3489 τοῦ
368 3440 500 3491 Θεοῦ
529 3437 593 3491 τὰ
651 3434 940 3511 θελήματα
995 3438 1084 3493 καὶ
1130 3439 1226 3500 τὰς
1283 3438 1526 3511 ἐντολὰς,
1588 3439 1884 3515 ἐκοιμήθηο

256 3525 662 3601 θαυματουργὼν
690 3521 793 3589 ἕως
819 3534 921 3595 τῆς
948 3529 1187 3599 σήμερον
1220 3526 1271 3583 ἐν
1303 3533 1381 3601 τῷ
1410 3529 1563 3608 τάφῳ
1592 3530 1777 3589 αὐτοῦ.

799 3644 982 3700 ΜΗΝΙ
1011 3646 1100 3701 ΤΩ
1137 3647 1332 3703 ΑΥΤΩ.

1024 3735 1100 3789 ΙΘ“

248 3820 500 3888 Ἂθλησις
560 3826 665 3875 τῶν
725 3822 893 3896 ἀγίων
957 3841 1244 3901 μαρτυρων
1306 3826 1535 3899 Πρὸμου
1571 3868 1584 3893 ,
1645 3829 1879 3901 Ἄρεως,

904 3896 991 3948 καί
1035 3893 1212 3950 Ἠλία.

313 3982 468 4037 Οὗτοι
504 3983 602 4055 μὲν
632 3983 922 4056 Αἰγύπτιοι
988 3985 1241 4060 ὑπῆρχον
1270 3986 1331 4040 τὸ
1361 3985 1538 4058 γένος,
1570 3988 1881 4061 Χρίστιανοὶ

247 4067 317 4126 δέ.
367 4072 542 4140 Ζῆλον
597 4070 656 4127 δε
712 4070 934 4147 ἔχοντες
1005 4074 1207 4146 θεῖκὸν,
1265 4073 1591 4150 ἀπήρχοντα
1650 4076 1728 4139 εἷς
1784 4077 1878 4137 τὰς

243 4158 471 4233 φυλακὰς
508 4206 522 4229 ,
594 4161 684 4215 καὶ
769 4162 1158 4217 ἐπεσκέπτοντο
1237 4162 1363 4225 τοὺς
1424 4164 1555 4239 ὑπὲρ
1640 4170 1879 4238 Χριστοῦ

240 4247 525 4311 ἀθλοῦντας
606 4250 791 4324 ἁγίους
886 4249 1161 4325 μάρτυρας
1196 4294 1209 4319 ,
1332 4253 1416 4306 καὶ
1535 4252 1872 4328 ἐθεράπευον.

239 4337 502 4405 Ἀπῆλθον
540 4335 597 4393 δὲ
649 4339 738 4393 καὶ
795 4340 870 4403 εἰς
923 4340 1022 4408 τήν
1076 4340 1262 4414 χώραν
1319 4347 1418 4410 τῆς
1479 4340 1752 4409 Κιλικίας,
1784 4343 1875 4397 καὶ

242 4426 527 4497 μέλλοντες
562 4428 821 4492 εἰσελθεῖν
853 4429 930 4493 εἷς
988 4430 1307 4486 Ἀσκάλωνα
1355 4432 1455 4499 τὴν
1499 4430 1684 4503 πόλιν,
1718 4431 1876 4508 ἐκρα-

239 4520 470 4588 θγςθησαν
532 4518 606 4579 εἲς
683 4519 780 4587 τὴν
840 4518 1020 4589 πύλην
1079 4519 1226 4593 παρὰ
1277 4523 1384 4573 τῶν
1445 4518 1724 4597 φυλάκων,
1783 4522 1874 4576 ἀν-

236 4603 366 4680 δρῶν
423 4602 714 4681 βαρϐάρων
771 4608 858 4661 καὶ
915 4607 1140 4681 ἀγρίων,
1192 4610 1552 4680 νομισάντων,
1606 4611 1690 4664 δτι
1739 4632 1876 4687 προ-

236 4672 377 4751 δοται
408 4672 537 4753 εἰσί.
574 4672 674 4751 Καὶ
718 4672 1089 4771 παρεδόθησαν
1240 4672 1466 4773 ἀρχοντι
1501 4672 1871 4774 ᾧιρμιλιανῷ.
1910 4672 1955 4732 D

235 4783 449 4855 ἘπειΞή
484 4783 543 4839 δὲ
588 4784 924 4860 παρέστησαν
991 4786 1156 4857 αὐτῷ,
1205 4786 1294 4840 καὶ
1352 4784 1710 4861 ἐρωτηθέντες
1745 4794 1876 4862 Χρι-

234 4875 470 4938 στιανοῦς
512 4875 734 4936 ἑαυτοὺς
765 4875 1158 4951 ὡμολόγησαν,
1191 4880 1555 4951 τιμωροῦνται
1586 4877 1673 4931 καὶ
1709 4878 1877 4952 βασα-

229 4965 455 5033 νίζονται
488 4966 757 5039 ἰσχυρῶς.
809 4963 906 5021 Καὶ
933 4966 960 5018 ὁ
992 4965 1086 5036 μὲν
1115 4966 1289 5038 Ἀρης
1338 4964 1600 5039 πρότερον
1661 4966 1875 5041 μυρίοις

235 5057 480 5128 βασάνοις
512 5053 873 5127 τιμωρηθεὶς,
926 5050 1143 5128 ὕστερνν
1179 5050 1268 5108 διὰ
1326 5056 1495 5128 πυρὸς
1553 5053 1871 5127 ἐτελειώθη⁶

228 5144 252 5197 ὁ
304 5142 361 5199 δὲ
424 5145 577 5218 ἅγιος
643 5141 881 5217 Πρόμος,
939 5142 1030 5196 καὶ
1088 5143 1252 5204 αὐτὸς
1314 5140 1501 5197 πολλά
1558 5142 1875 5217 ἐξετασθέἱς,

228 5234 307 5288 καὶ
364 5234 457 5288 τὸν
516 5232 751 5306 Χριστὸν
813 5232 889 5304 μὴ
959 5230 1352 5305 ἀρνησάμενος,
1437 5232 1870 5307 ἀπεκεφαλίσθη.

230 5325 367 5381 Μετά
393 5328 564 5378 τοῦτο
595 5320 654 5376 δὲ
700 5321 789 5376 καὶ
823 5322 851 5376 ὁ
882 5322 1036 5397 ἅγιος
1063 5321 1259 5383 Ἠλίας
1290 5320 1479 5377 πολλὰ
1533 5324 1875 5398 βασανισθεὶς

228 5414 349 5491 ξίφει
383 5418 483 5483 τὴν
516 5411 764 5488 κεφαλὴν
798 5413 1110 5483 ἀπετμήθη.

814 5504 898 5575 Τῇ
932 5500 1067 5575 αὖτῇ
1103 5501 1287 5578 ἡμέρᾳ

228 5586 485 5662 ῩΑθλησις
544 5596 642 5645 τοό
702 5590 863 5666 ἁγίου
925 5590 1198 5666 μάρτυρος
1284 5591 1553 5665 Τιμοθέου
1611 5600 1706 5649 τοῦ
1761 5594 1881 5651 δια-

965 5664 1147 5718 κόνου.

290 5754 610 5829 Τιμὸθεοςὸ
674 5750 1007 5827 ἱερομάρτυς
1071 5753 1289 5830 ὑπῆρχε
1345 5754 1441 5829 μὲν
1502 5753 1554 5812 ἐν
1602 5761 1878 5834 Μαυριτα-

1758 441 2195 501 DECEMBER.

999 568 1230 645 αἰσχρὰν
1312 572 1488 627 πίστιν
1558 572 1648 627 καὶ
1708 569 1886 646 ἐμαγά

2027 574 2315 646 garenicaa
2330 572 2739 645 superstitioni
2755 573 3281 643 addictus,septem
3297 574 3673 646 pueris,quos

1229 1940 1413 2010 ἡμῶν,
1473 1940 1559 1994 καὶ
1640 1940 1901 2015 ἱεράρχου
1936 1950 1980 2015 Β

3557 441 3677 499 214

2023 668 2384 733 susceperat,
2405 662 2612 717 eadem
2647 677 2822 733 prava
2847 662 2961 717 ﬁde
2994 662 3258 727 imbutis,
3292 663 3540 732 interiit,
3573 680 3672 718 re-

2022 751 2175 806 lictis
2206 753 2405 823 pueris
2437 768 2571 806 cum
2602 768 2807 806 eorum
2831 757 3135 806 matrezex
3165 752 3378 821 quibus
3401 752 3667 807 Gelasius

2022 841 2429 911 Hierosolyma
2454 840 3018 912 profectus,lauram
3050 840 3246 895 Sancti
3279 841 3441 895 Sabze
3474 843 3664 912 petiit,

2020 934 2079 984 et
2108 931 2432 984 monachus
2456 932 2641 985 factus
2678 935 2787 996 est,
2819 936 3121 1000 assumpto
3155 931 3363 985 Bacchi
3398 932 3664 986 nomine.

2019 1020 2280 1090 Cumque
2313 1026 2515 1074 sancte
2546 1020 2805 1086 vixisset,
2830 1036 2864 1073 a
2896 1020 3240 1073 monasterii
3274 1019 3549 1090 praefecto
3572 1021 3666 1075 di-

2018 1108 2235 1162 missus
2266 1107 2397 1175 fuit,
2450 1125 2525 1163 ne
2584 1108 2874 1162 rescirent
2931 1108 3228 1175 Saraceni,
3288 1109 3445 1179 quod
3496 1110 3667 1164 illum

2017 1196 2387 1267 baptizasset.
2413 1197 2519 1262 Qui
2554 1197 2799 1252 domum
2832 1213 3125 1259 reversus,
3160 1198 3426 1268 quinque
3457 1198 3669 1254 fratres

2016 1286 2346 1357 baptizavit.
2380 1286 2492 1341 Sed
2517 1287 2615 1358 qui
2652 1303 2809 1341 unus
2842 1303 3047 1341 eorum
3082 1286 3449 1357 Baptismum
3481 1290 3671 1344 susci-

2017 1392 2154 1446 pere
2187 1382 2580 1446 recusaverat,
2614 1376 2687 1431 ad
2748 1378 3025 1431 Ameram
3086 1376 3377 1431 Bacchum
3436 1376 3666 1433 detulit.

2016 1469 2261 1519 Ameras
2292 1471 2489 1520 autem
2518 1465 2686 1520 illum
2719 1464 3003 1520 decollari
3030 1464 3234 1535 jussit,
3263 1469 3441 1535 atque
3469 1465 3549 1520 ita
3564 1466 3667 1521 de-

2014 1557 2211 1610 cessit.

2569 1743 2805 1799 EODEM
2852 1744 3099 1798 MENSE.

2514 1841 2615 1894 Die
2658 1840 2889 1896 decima
2936 1847 3159 1896 octava.

2119 1931 2217 1985 39
2252 1930 2701 1987 Commemoratio
2734 1933 2910 1985 sancti
2963 1933 3144 1985 Patris
3190 1934 3368 1985 nostri
3402 1932 3559 1986 Flori

2685 2004 2985 2071 pontiﬁcis.

2080 2101 2465 2171 Temporibus
2495 2101 2710 2155 Justini
2741 2101 3270 2169 Junioris,Tiberii.
3304 2107 3362 2156 et
3395 2103 3658 2157 Mauricii

2010 2190 2456 2260 imperatorum,
2509 2190 2723 2244 claruit
2777 2190 2887 2244 iste
2947 2195 3185 2244 sanctus
3236 2191 3466 2258 Florus,
3499 2197 3661 2262 patre

2010 2279 2214 2333 itidem
2246 2280 2439 2345 Floro,
2476 2284 2533 2333 et
2563 2284 2749 2333 matre
2795 2279 3122 2349 Euphemia
3154 2285 3347 2339 natus.
3382 2297 3415 2334 a
3448 2281 3663 2350 quibus

2009 2373 2133 2423 tum
2182 2370 2542 2433 Graecorum,
2606 2374 2730 2421 tum
2789 2368 3261 2423 Christianorum
3320 2368 3659 2440 disciplinis

2009 2456 2612 2523 institutus,notarius
2642 2458 3067 2528 imperatorum
3082 2458 3271 2512 factus
3294 2463 3383 2512 est
3412 2458 3659 2513 :deinde

2008 2549 2068 2603 in
2102 2549 2487 2620 patriciorum
2520 2548 2794 2602 ordinem
2827 2553 3158 2619 cooptatus,
3193 2565 3439 2603 uxorem
3471 2549 3656 2617 duxit,

2009 2637 2284 2708 ﬁliosque
2315 2638 2661 2708 procreavit.
2702 2638 2814 2692 Sed
2841 2654 3120 2703 uxore,ac
3155 2638 3295 2692 {iliis
3322 2643 3486 2708 peste
3512 2655 3655 2692 con-

2008 2728 2280 2798 sumptis,
2306 2728 2430 2799 ipse
2462 2728 2866 2792 contristatus,
2897 2727 3269 2782 occasionem
3303 2728 3651 2782 consulendi

2006 2812 2179 2871 saluti
2219 2834 2340 2871 sua)
2384 2818 2700 2888 arripiens,
2759 2834 2887 2871 sese
2953 2817 3012 2871 in
3070 2817 3391 2887 quemdam
3448 2834 3653 2888 agrum

2006 2906 2308 2976 suum,qui
2344 2906 2402 2959 in
2434 2907 2661 2977 Anaplo
2698 2911 2845 2972 erat,
2874 2906 3119 2977 recepit.
3154 2906 3376 2961 Deinde
3422 2906 3495 2960 ob
3528 2906 3658 2960 vitae

2003 2996 2378 3051 sanctitatem
2415 2996 2730 3066 episcopus
2782 2996 2966 3050 Amisi
3027 2995 3357 3061 ordinatus,
3390 3012 3525 3050 cum
3579 2996 3660 3049 ibi

2002 3084 2293 3138 creditum
2339 3083 2448 3139 sibi
2508 3100 2748 3156 gregem
2816 3089 2973 3138 recte
3031 3084 3438 3155 gubernasset,
3474 3101 3664 3155 popu-

2002 3170 2245 3244 lumque
2273 3173 2536 3244 optimos
2574 3189 2793 3236 mores,
2829 3177 3170 3242 rectamque
3204 3172 3381 3227 [idem
3428 3172 3662 3226 docuis-

2006 3267 2113 3327 set,
2149 3267 2328 3333 atque
2360 3262 2432 3317 ad
2484 3261 2778 3332 explenda
2839 3262 2939 3315 Dei
2993 3261 3272 3315 mandata
3322 3260 3656 3328 excitasset,

2006 3351 2381 3418 obdormivit,
2418 3350 2720 3406 miraculis
2752 3367 2823 3404 ex
2879 3350 3008 3419 ejus
3058 3350 3331 3420 sepulcro
3376 3364 3562 3418 usque
3593 3348 3654 3402 in

1996 3446 2349 3511 praesentem
2382 3440 2541 3494 diem
2569 3438 2972 3493 manantibus.

2554 3644 2793 3698 EODEM
2832 3643 3082 3697 MENSE.

2548 3732 2649 3786 Die
2677 3731 2907 3787 decima
2932 3748 3090 3787 nona

1994 3833 2095 3888 40
2136 3832 2416 3886 Certamen
2447 3835 3095 3956 sanctorumEyiartyrum
3146 3833 3351 3901 Promi,
3405 3833 3540 3885 Arei
3587 3839 3639 3886 et

2815 3919 2899 3956 tae.

2815 3919 2899 3957 189.

2064 4003 2163 4058 Isti
2212 4019 2427 4075 genere
2482 4001 2723 4072 quidem
2782 4002 3055 4074 Egyptii,
3093 4002 3196 4057 sed
3275 4002 3641 4072 professione

1990 4091 2326 4155 Christiani,
2360 4090 2555 4145 divino
2586 4091 2707 4145 zelo
2743 4091 2991 4159 incensi,
3026 4108 3127 4145 eos
3165 4091 3265 4161 qui
3296 4091 3357 4145 in
3389 4093 3643 4146 carceri-

1988 4180 2099 4235 bus
2128 4198 2229 4251 pro
2278 4181 2508 4235 Christo
2566 4180 3008 4248 detinebantur,
3058 4185 3295 4235 sanctos
3346 4186 3641 4251 martyres

1987 4270 2250 4337 adibant,
2286 4271 2489 4341 eisque
2521 4288 2651 4341 quae
2684 4269 2758 4325 ad
2778 4269 3057 4323 tuendam
3090 4270 3268 4323 vitam
3296 4272 3641 4325 necessaria

1986 4366 2173 4425 erant,
2206 4359 2685 4430 suppeditabant.
2720 4358 2969 4411 Profecti
3016 4358 3195 4428 igitur
3228 4358 3287 4411 in
3341 4358 3637 4429 Ciliciam,

1985 4451 2338 4505 Ascalonam
2356 4455 2560 4520 postea
2581 4448 2789 4502 urbem
2814 4447 3159 4519 ingressuri,
3174 4464 3207 4501 a
3236 4452 3420 4518 portae
3438 4454 3632 4504 custo-

1984 4537 2176 4605 dibus,
2212 4538 2461 4592 barbaro
2492 4537 2798 4591 hominum
2829 4536 3161 4607 agrestique
3184 4552 3421 4609 genere,
3454 4553 3625 4593 com-

1986 4626 2437 4698 prehenduntur
2468 4631 2751 4696 tanquam
2784 4625 3215 4696 proditores,et
3244 4626 3319 4681 ad
3352 4626 3645 4683 Firmilia-

1986 4731 2131 4770 num
2190 4715 2503 4786 priesidem
2558 4714 2825 4779 adducti,
2883 4714 2953 4768 ab
3024 4731 3213 4785 eoque
3274 4716 3639 4790 interrogati,

1986 4804 2351 4858 Christianos
2380 4821 2441 4858 se
2500 4821 2628 4859 esse
2684 4803 2937 4875 professi
2996 4808 3157 4857 sunt.
3193 4806 3384 4869 Quare
3443 4805 3641 4878 flagris

1988 4893 2311 4948 saavissime
2336 4892 2646 4947 caeduntur
2679 4909 2690 4945 :
2727 4898 2784 4946 et
2814 4896 2999 4947 Areus
3031 4892 3273 4963 quidem
3312 4894 3641 4951 innumeris

1988 4983 2247 5055 primum
2268 4983 2577 5037 tormentis
2600 4982 3118 5054 excruciatus,igni
3134 4982 3373 5038 demum
3390 4984 3639 5039 traditus

1987 5070 2259 5125 decessit.
2296 5072 2544 5125 Sanctus
2590 5087 2726 5125 vero
2760 5072 3009 5125 Promus
3054 5070 3322 5141 pluribus
3355 5077 3634 5142 tentatus,

1988 5176 2339 5232 semperque
2370 5160 2432 5214 in
2461 5160 2676 5215 Christi
2713 5160 2827 5214 ﬁde
2851 5165 3152 5225 constans,
3185 5162 3377 5231 capite
3428 5162 3637 5232 plexus

1988 5255 2097 5305 est.
2132 5253 2435 5306 Postremo
2459 5255 2701 5306 sanctus
2758 5250 2916 5305 Elias
2976 5250 3362 5305 multifariam
3423 5257 3633 5322 tortus,

1987 5339 2180 5412 gladio
2203 5345 2261 5395 et
2292 5340 2415 5412 ipse
2447 5340 2638 5411 capite
2677 5340 3071 5395 obtruncatus
3102 5340 3233 5397 fuit.

2626 5520 2847 5574 Eodem
2904 5519 2997 5573 die

2061 5612 2152 5663 4|
2194 5610 2479 5663 Certamen
2522 5611 2698 5663 sancti
2729 5611 2985 5677 martyris
3018 5611 3286 5662 Timothei
3316 5610 3557 5665 diaconi.

2060 5761 2401 5817 Timotheus
2432 5766 2828 5831 sacromartyr
2882 5760 2943 5813 in
2997 5757 3355 5814 Mauritaniae
3389 5759 3628 5827 regione
