4074 6192
306 375 420 433 217

919 507 997 578 τῇ
1030 503 1166 577 αὐτῇ
1194 504 1378 579 ἡμέρᾳ

444 622 719 690 Ἀθλησις
749 624 861 674 τῶν
895 618 1064 695 ἀγίων
1099 639 1386 695 μαρτυρων
1418 617 1703 693 Εὖγενίου,
1734 616 1821 671 καὶ

982 693 1292 766 Μακαρίουζ

377 806 654 866 'Eiti1ﬁq
738 803 1018 878 βασιλείας
1103 801 1405 858 Ἰουλιανοῦ
1475 806 1572 856 τοῦ
1643 794 1963 876 Παραϐἀτου

308 894 476 963 ἦλθον
514 894 662 946 οὗτοι
699 893 755 945 οἱ
806 891 979 966 ἆγιοι,
1037 892 1121 945 καὶ
1184 888 1411 960 ἔστησαν
1444 884 1746 964 ἔμπροσθεν
1777 887 1963 959 αὐτοῦ,

305 982 387 1038 καὶ
449 983 603 1035 εἶπον
668 981 835 1052 αὐτῷ*
898 976 1245 1037 Ἀσιϐέστατε
1300 981 1389 1035 καὶ
1447 979 1747 1051 παράνομε,
1780 975 1869 1031 διὰ
1911 976 1963 1029 τί

302 1071 591 1132 κατέλιπες
650 1072 740 1124 τὸν
803 1070 1063 1139 ἀληθινὸν
1127 1070 1281 1136 Θεὸν,
1335 1069 1425 1123 καὶ
1484 1066 1793 1139 προσῆλθες
1845 1070 1963 1126 τοῖς

298 1161 627 1233 ἀκαθάρτοις
659 1159 954 1233 δαίμοσινς
986 1162 1047 1218 Ὁ
1098 1158 1155 1215 δὲ
1202 1160 1540 1236 πικρανθεὶς,
1574 1153 1823 1213 ἐνέϐαλεν
1856 1157 1962 1210 αὖ·

299 1250 422 1312 τοὺς
457 1249 538 1313 εἷς
567 1250 796 1319 λάκκον,
829 1250 967 1305 ὅπου
1024 1250 1161 1318 ἦσαν
1226 1250 1423 1323 ἑρπετά
1460 1246 1668 1313 πολλὰ,
1698 1242 1850 1323 ὄφεις
1872 1242 1961 1299 καὶ

299 1340 610 1409 σκώληκες,
656 1342 746 1394 καὶ
799 1338 969 1393 λοιπά
1008 1337 1124 1409 εἷ’δη
1162 1338 1389 1411 θηρίων.
1424 1338 1521 1392 Καὶ
1556 1334 1963 1413 διαφυλαχθὲνν

295 1451 383 1491 τας
440 1428 493 1499 ἐξ
554 1430 734 1483 αὐτῶν
793 1423 1077 1496 ἀϐλαϐεῖς,
1160 1425 1413 1499 δεσμίους
1472 1427 1823 1498 παρέπεμψεν
1886 1422 1959 1485 εἰς

298 1520 393 1587 τήν
457 1518 650 1593 χώραν
709 1525 809 1586 τῆς
864 1517 1231 1589 Μαυριτανίας
1293 1516 1367 1577 εἰς
1435 1512 1600 1568 πόλιν
1660 1512 1964 1588 λεγομένην

299 1605 630 1676 Ἀνδηδόνα.
666 1605 843 1661 Ἀλλά
897 1604 1028 1667 τοὺς
1086 1605 1137 1661 έν
1195 1609 1264 1679 τῇ
1318 1604 1480 1659 πόλει
1538 1602 1710 1673 ἐκείνῃ
1750 1602 1961 1673 ἀνθρώο

302 1718 433 1759 πους
478 1692 890 1769 εἰδωλολάτρας
951 1691 1107 1756 ὄντας
1160 1691 1650 1767 καταφωτίσαντες,
1709 1692 1799 1746 καὶ
1833 1690 1960 1745 διά-

304 1806 441 1862 φορα
502 1785 830 1853 ποιήσαντες
892 1782 1159 1856 θαύματα,
1208 1783 1298 1836 καὶ
1358 1780 1589 1857 ἔσχατον
1628 1782 1844 1834 πάντων
1871 1780 1962 1833 τὸν

1745 367 2011 430 DECEM
2026 370 2197 429 BER.

2003 506 2051 569 Α

3608 379 3724 437 218

2716 503 2931 557 Eodcm
2964 502 3076 558 die.

2156 625 2255 675 44
2289 622 2572 675 Certamen
2603 629 2914 697 sanctorum
2965 629 3269 697 martyrum
3320 628 3573 697 Eugenii,
3606 638 3656 683 et

2789 695 3021 747 Macarii

2152 811 2481 880 lmperante
2510 808 2739 862 Juliano
2778 812 3075 879 Apostata,
3102 819 3391 867 venerunt
3422 815 3479 867 hi
3514 819 3725 883 sancti,

2079 904 2135 951 et
2164 914 2361 951 coram
2393 897 2493 950 illo
2535 902 2760 951 stantes
2819 897 3130 953 dixerunt:
3194 902 3375 971 lmpie
3410 909 3465 955 et
3498 904 3722 974 inique,

2078 1004 2183 1042 cur
2211 1003 2411 1040 verum
2447 988 2627 1039 Deum
2661 987 2997 1055 deseruisti,
3024 989 3176 1043 etad
3210 990 3472 1061 impuros
3506 994 3725 1049 dromo-

2078 1093 2183 1130 nes
2217 1082 2270 1130 te
2292 1075 2614 1145 adjunxisti
2636 1076 2661 1129 ?
2682 1077 2902 1141 Quibus
2927 1078 3120 1131 verbis
3150 1078 3248 1133 ille
3272 1082 3723 1151 excandesceus,

2079 1167 2138 1220 in
2176 1167 2365 1220 lacum
2398 1184 2500 1221 eos
2530 1167 2739 1237 projici
2764 1167 2965 1237 jussit,
3000 1168 3204 1223 multis
3252 1175 3628 1242 serpentibus
3659 1191 3725 1228 ac

2078 1254 2251 1307 variis
2280 1254 2540 1309 ferarum
2588 1254 2897 1323 speciebus
2948 1254 3211 1324 plenum.
3265 1257 3372 1311 Sed
3423 1277 3556 1313 cum
3588 1260 3724 1314 inde

2078 1342 2249 1396 illaesi
2278 1344 2624 1407 evasissent,
2680 1344 2901 1396 vinctos
2936 1342 2993 1396 in
3026 1345 3326 1414 regionem
3363 1349 3725 1403 Mauritaniae

2080 1432 2360 1503 relegavit
2392 1433 2452 1486 in
2485 1433 2691 1486 urbem
2722 1432 3097 1487 Andcdoncm
3128 1451 3139 1486 :
3166 1434 3263 1487 ubi
3294 1436 3518 1490 incolas
3551 1437 3741 1491 idolo—

2079 1522 2260 1577 latras
2305 1523 2746 1587 illuminarunt,
2794 1523 3024 1578 diversa
3074 1526 3363 1581 miracula
3394 1532 3735 1597 patrautes:

2079 1630 2146 1667 ac
2191 1612 2508 1667 novissime
2543 1612 2886 1679 draconem,
2938 1614 3037 1684 qui
3090 1615 3149 1668 in
3202 1622 3403 1669 monte
3438 1617 3734 1687 manebat,

2083 1701 2406 1771 multisque
2431 1700 2713 1756 damnum
2742 1701 3051 1765 inferebat,
3072 1704 3344 1774 precibus
3370 1705 3736 1760 interﬁcien-

2086 1796 2196 1855 tes,
2230 1788 2566 1860 complures
2597 1789 2671 1843 ad
2702 1790 2914 1845 Christi
2964 1791 3141 1846 fidem
3184 1793 3593 1851 traduxerunt.
3629 1798 3738 1850 Po-

302 1873 350 1929 ἒν
372 1879 452 1946 τῷ
499 1870 617 1949 ὄρει
649 1874 1020 1945 καταμένοντα
1079 1869 1369 1947 δράκοντα,
1422 1871 1514 1925 καὶ
1570 1867 1817 1930 πολλοὺς
1873 1890 1967 1923 κα⁶

2085 1882 2300 1932 stremo
2360 1876 2621 1946 quietam
2684 1882 2740 1930 et
2798 1879 3181 1947 tranquillam
3212 1880 3389 1935 vitam
3433 1882 3734 1953 degentes,

302 1960 712 2032 1a3).a'1110v1a,
792 1960 882 2016 διά
955 1964 1271 2036 προσευχῆς
1330 1959 1763 2028 ἀποκτείναντες,
1825 1954 1970 2013 πολ-

304 2052 432 2114 λοὺς
490 2050 709 2107 ἔπεισαν
764 2054 1040 2106 πιστεῦσαι
1098 2055 1178 2121 τῷ
1238 2054 1477 2123 Χριστῷ.
1539 2049 1672 2103 Εἶτα
1713 2047 1765 2102 ὲν
1793 2045 1967 2101 ἀνέσει

310 2138 607 2214 διάγοντες,
665 2140 802 2193 κατὰ
863 2136 1157 2214 διαφόρους
1214 2137 1459 2212 καιροὺς,
1519 2136 1571 2191 ἐν
1625 2136 1816 2210 εἰρήνῃ
1873 2135 1968 2195 τὰς

310 2229 479 2284 αὐτῶν
534 2225 854 2303 παρέδωκαν
911 2227 1114 2302 ψυχὰς,
1176 2222 1548 2287 ἀπολαϐόντες
1579 2227 1670 2280 τὸν
1707 2225 1838 2300 ὑπὲρ
1870 2230 1968 2293 τῆς

311 2319 610 2393 ὁμολογίας
640 2322 739 2373 τοῦ
772 2321 1011 2392 Χριστοῦ
1042 2316 1323 2394 στέφανον.

903 2437 987 2507 Τῇ
1019 2432 1156 2507 αὖτῇ
1186 2432 1369 2509 ἡμέρᾳ

446 2553 721 2620 Ἀθλησις
777 2553 873 2604 τοῦ
930 2548 1089 2624 ἁγίου
1153 2550 1426 2623 μάρτυρος
1475 2547 1818 2626 Βονιφατίου.

380 2668 543 2729 Οὗτος
602 2664 692 2720 ἐπὶ
747 2673 846 2735 τῆς
933 2665 1209 2740 βασιλείας
1292 2664 1690 2735 Διοκλητιανοῦ
1769 2661 1967 2726 δοῦλος

320 2757 529 2829 ὑπῆρχε
570 2755 830 2829 γυναικός
880 2774 1027 2815 τινος
1077 2752 1305 2825 ὀνόματι
1353 2749 1668 2828 ’Δγλαΐδος,
1702 2753 1966 2826 θυγατρὸς

316 2845 560 2902 Ἀκακίου
616 2849 715 2898 τοῦ
771 2844 1083 2898 ἀνθυπάτου
1140 2842 1381 2915 Ῥώμης.
1441 2850 1629 2915 Ὅμως
1680 2839 1737 2895 δὲ
1769 2839 1968 2903 δοῦλος

316 2930 407 3003 ὧν,
461 2939 532 3007 τῇ
590 2932 752 3007 κυρίᾳ
803 2933 969 2987 αὐτοῦ
1051 2934 1424 3009 συνεφθείρετο
1504 2930 1577 2993 είς
1644 2932 1964 3004 σωματικήν

316 3024 471 3094 μίξιν,
508 3025 608 3078 Ἦν
668 3020 725 3076 δὲ
784 3021 1036 3093 μέθυσος,
1096 3021 1241 3076 ἀλλᾶ
1298 3021 1576 3092 ἐλεήμων·
1634 3019 1842 3092 ὁμοίως
1876 3019 1965 3074 καὶ

312 3113 530 3186 ἠκυρία
562 3111 731 3165 αὑτοῦ
762 3111 849 3164 καὶ
884 3110 1137 3182 ἐλεήμων
1199 3111 1289 3164 καὶ
1346 3108 1712 3186 φιλομάρτυς.
1748 3110 1834 3164 Ἐν
1869 3109 1966 3180 μίᾷ

314 3201 396 3255 οὖν
446 3206 557 3255 τῶν
623 3204 842 3276 ἡμερῶν
902 3202 1021 3255 εἷπε
1093 3203 1173 3270 τῷ
1232 3199 1565 3271 Βονιφατίῳ’
1626 3197 1689 3254 Εἰ
1746 3196 1957 3266 ἤθελες,

315 3291 449 3365 εἶχες
487 3287 746 3352 ἀπελθεῖν
776 3288 851 3349 εἷς
908 3290 1007 3355 τὴν
1070 3287 1387 3355 Ἀνατολὴν,
1422 3288 1559 3340 ὃπου
1594 3290 1957 3359 μαρτυροῦσιν

319 3381 362 3434 οἱ
392 3382 558 3455 ἅγιοι,
590 3379 680 3432 καὶ
712 3378 936 3451 κομίσαι
970 3376 1200 3448 λείψανα
1230 3376 1423 3451 ἁγίων,
1453 3376 1546 3429 ἳνα
1574 3373 1790 3448 ἔχωμεν
1835 3374 1969 3429 αὐτά

320 3472 386 3533 εἷς
415 3472 662 3546 ψυχικὴν
720 3471 1019 3546 σωτηρίαν.
1077 3470 1138 3525 Ὀ
1196 3467 1253 3523 δὲ
1311 3468 1634 3540 Βονιφᾶτιος
1686 3465 1861 3540 λέγων
1895 3468 1967 3521 εἴ·

457 3563 466 3583 ,
531 3562 542 3577 ,
659 3559 676 3589 ι
832 3559 845 3577 .
966 3560 977 3573 .
1124 3557 1135 3577 ι
1440 3576 1449 3587 _
1485 3557 1497 3575 ε
1587 3553 1632 3573 α.
1794 3556 1803 3571 ,

322 3579 426 3615 πεν·
474 3565 582 3617 Εαν
615 3580 763 3634 φερω
793 3580 854 3613 το
886 3558 1017 3631 ἐμον
1053 3558 1329 3630 λείψανον,
1356 3556 1410 3610 τί
1440 3601 1452 3625 ,
1507 3562 1549 3612 Η
1584 3576 1641 3610 οε
1676 3553 1967 3630 γελασασα,

321 3650 401 3704 καὶ
457 3651 690 3723 μέθυσον
743 3648 902 3703 αὑτὸν
964 3647 1214 3719 εἰποῦσα,
1274 3645 1578 3704 ἀπέστειλε.
1636 3646 1744 3701 Καὶ
1796 3644 1966 3699 ἀπελ-

322 3739 417 3793 θὼν
453 3740 592 3812 μετά
651 3735 865 3792 δούλων
923 3733 1156 3807 δώδεκα,
1214 3736 1303 3790 καὶ
1354 3734 1586 3811 χρυσίου
1644 3732 1861 3789 πολλοῦ
1891 3732 1968 3795 εἷς

321 3826 583 3897 Κιλικίαν,
616 3825 756 3881 ὅπου
788 3820 1169 3893 ἐϐασανίζοντο
1228 3825 1285 3878 οἱ
1342 3824 1515 3898 ἅγιοι,
1547 3817 1674 3893 ἔστη
1725 3818 1966 3896 ἔμπροσ-

316 3926 394 3979 θεν
424 3920 521 3970 τοῦ
551 3915 853 3991 ἡγεμόνος,
912 3913 1001 3967 καὶ
1061 3911 1397 3986 ὡμολόγησε
1454 3913 1545 3967 τὸν
1580 3913 1838 3988 Χριστόν.
1868 3910 1967 3965 Καὶ

315 4000 669 4073 ϐασανισθεὲς,
730 4003 1162 4079 ἀπεκεφαλίσθη.
1220 4003 1296 4060 Τὸ
1380 3999 1438 4057 δὲ
1496 4000 1748 4075 λείψανον
1802 4001 1968 4056 αὐτοῦ

315 4095 669 4168 ὁνακυμισθὶν
721 4094 871 4169 παρὰ
925 4096 1031 4146 τῶν
1110 4088 1422 4147 συνδούλων
1478 4090 1668 4162 αὐτοῦ,
1724 4088 1965 4159 ἀπεδόθη

310 4188 375 4258 τῇ
404 4184 562 4261 κυρίᾳ
593 4181 781 4254 αὐτοῦ,
814 4181 904 4235 καὶ
936 4181 1106 4257 ἐτάφη
1141 4181 1267 4255 παρ’
1298 4180 1465 4249 αὐτῆς
1497 4177 1753 4252 ἐντίμως.

874 4296 1048 4354 MHNI
1080 4298 1170 4353 ΤΩ
1210 4298 1403 4354 ΑΥΤΩ.

1092 4413 1195 4468 KA‘

514 4504 786 4574 Ἀθλησις
814 4509 913 4573 τῆς
945 4502 1099 4576 ἁγίας
1138 4502 1410 4576 μάρτυρος
1456 4500 1759 4568 Ιουλιανῆς.

381 4619 660 4687 Ἰουλιανὴ
719 4621 755 4688 ἡ
816 4620 1020 4693 μάρτυς
1080 4618 1325 4692 ὑπῆρχεν
1381 4616 1468 4671 ἐπὶ
1500 4618 1843 4689 Μαξιμιανοῦ
1872 4621 1969 4670 τοῦ
2006 4603 2046 4665 Ι)

318 4710 607 4784 βασιλέως,
661 4707 770 4780 ἀμὸ
827 4714 925 4775 τῆς
980 4705 1197 4769 πόλεως
1256 4703 1645 4778 Νικομηδείας.
1682 4705 1969 4760 Πλουσίων

316 4797 369 4853 δὲ
426 4796 600 4853 ὄντων
656 4802 763 4851 τῶν
824 4797 1027 4870 γονέων
1088 4794 1278 4864 αὐτῆς,
1338 4795 1677 4867 ἐμνηστεύθη
1712 4795 1975 4867 Ἐλευσίῳ

315 4893 388 4959 τῷ
443 4886 823 4962 συγκλητικῷ,
878 4886 1025 4945 ὅστις
1083 4879 1341 4939 ἐϐούλετο
1396 4888 1618 4949 ποιῆσαι
1652 4884 1743 4938 τὸν
1774 4886 1972 4957 γάμον.

316 4977 472 5034 Ἀλλ’
504 4981 540 5047 ἡ
578 4976 699 5051 ὶγία
756 4974 816 5029 οὐ
875 4973 1214 5047 κατεδέξατο,
1266 4976 1511 5040 εἰποῦσα,
1544 4976 1669 5031 Ἐὰν
1707 4976 1781 5045 μὴ
1814 4976 1967 5049 γένη-

317 5088 399 5120 ται
455 5075 557 5135 τῆς
614 5064 833 5125 πόλεως
891 5058 1159 5139 ἔπαρχος,
1217 5062 1384 5138 ἄνδρα
1442 5064 1603 5119 αὐτὸν
1687 5063 1784 5117 οὐκ
1835 5061 1971 5138 ἔχω.

316 5156 487 5213 Ἀλλά
543 5156 634 5209 καὶ
688 5154 889 5208 τούτου
945 5152 1263 5226 γενομένου,
1323 5152 1487 5208 πάλιν
1533 5155 1699 5218 εἶπεν,
1733 5154 1815 5206 δτι
1848 5153 1972 5209 Ἐὰν

321 5247 391 5318 μή
442 5247 667 5319 γένηται
729 5242 1075 5316 Χριστιανὸς,
1133 5242 1196 5297 οὗ
1258 5238 1526 5315 λαμϐάνω
1558 5241 1743 5299 αὐτόν.
1777 5241 1940 5297 Ἀκού

317 5358 404 5400 σας
463 5334 523 5390 δὲ
576 5339 748 5389 ταῦτα
805 5334 834 5387 ὁ
889 5334 1069 5404 πατὴρ
1129 5334 1320 5402 αὐτῆς,
1381 5333 1653 5404 ἐλυπήθη,
1710 5331 1799 5386 καὶ
1846 5354 1972 5387 ιιιοιτ⁴

318 5426 584 5500 ηνάγκασε
645 5422 859 5496 μᾶλλον
932 5420 1098 5490 αὐτὴν
1178 5424 1509 5497 ἀρνήσασθαι
1566 5423 1656 5477 τὸν
1719 5422 1972 5495 Χριστὸν,

318 5519 399 5573 καὶ
432 5512 621 5571 λαϐεῖν
653 5516 745 5569 τὸν
786 5511 955 5588 ἄνδρα
1012 5513 1199 5583 αὐτῆς.
1260 5515 1350 5577 Ὠς
1408 5512 1464 5568 δὲ
1496 5514 1595 5568 οὐκ
1625 5511 1824 5579 ἔπεισε,
1853 5507 1976 5567 τότε

321 5603 597 5680 παρέδωκε
650 5603 786 5658 κατὰ
840 5603 967 5665 τοὺς
1022 5603 1224 5674 νόμους
1282 5602 1357 5665 εἰς
1417 5602 1647 5673 ἐξέτασιν
1681 5601 1768 5655 καὶ
1806 5601 1971 5675 βάσαο

325 5718 412 5751 νον
463 5699 546 5767 τῷ
604 5694 875 5768 μνηστῆρι
929 5689 1124 5763 αὐτῆς,
1179 5691 1269 5748 καὶ
1327 5691 1580 5767 ἐπάρχῳ.
1612 5692 1674 5749 Ὀ
1721 5688 1779 5745 δὲ
1809 5688 1973 5766 ἔπαρ-

2081 1965 2329 2021 diversis
2361 1965 2727 2036 temporibus
2786 1966 2847 2019 in
2902 1983 3044 2037 pace
3102 1969 3333 2024 animas
3376 1987 3511 2025 suas
3554 1972 3739 2026 tradi—

2081 2051 2317 2117 derunt,
2351 2066 2632 2106 coronam
2664 2068 2769 2122 pro
2801 2053 3015 2107 Christi
3046 2054 3418 2111 confessione
3449 2057 3736 2127 recipien-

2081 2144 2188 2194 tes.

2732 2436 2949 2491 Eodem
2982 2437 3076 2492 die

2283 2554 2378 2609 45
2416 2555 2699 2608 Certamen
2724 2554 2905 2609 sancti
2934 2555 3194 2625 martyris
3228 2556 3527 2623 Boni/acii.

2154 2670 2273 2738 Hic,
2310 2670 2675 2724 Diocletiano
2708 2670 3087 2740 imperatore,
3123 2688 3323 2725 servus
3354 2671 3615 2742 Aglaidis
3645 2673 3723 2726 fi-

2078 2759 2172 2813 lia)
2203 2760 2398 2813 Acacii
2426 2760 2801 2830 proconsulis
2833 2762 3032 2815 Romae
3086 2761 3217 2828 luit,
3249 2760 3546 2832 simulque
3576 2762 3731 2815 hera)

2080 2865 2199 2901 sum
2231 2847 2661 2902 consuetudine
2684 2848 3142 2919 concubituque,
3169 2849 3329 2903 velut
3350 2850 3734 2918 ebrius,frue-

2076 2936 2267 2991 batur.
2304 2938 2487 2991 Erant
2516 2942 2715 2991 tamen
2750 2937 2922 2991 ambo
2955 2938 3152 2992 animo
3182 2938 3240 2992 in
3271 2955 3560 3009 pauperes
3592 2958 3727 3011 pro-

2077 3024 2434 3096 pensissimo
2461 3046 2475 3090 ;
2508 3042 2575 3079 ac
2607 3026 2937 3096 praesertim
2958 3026 3154 3097 Aglais
3178 3044 3409 3081 summo
3443 3034 3731 3099 martyres

2077 3130 2278 3169 amore
2308 3115 2797 3185 prosequebatur.
2831 3114 3093 3179 Quadam
3124 3116 3302 3187 igitur
3327 3117 3420 3170 die
3453 3116 3603 3171 dixit
3633 3120 3735 3172 Bo-

2026 3242 2039 3262 .
2084 3202 2319 3271 nifacio,
2352 3208 2437 3269 ut,
2469 3204 2518 3258 si
2549 3204 2631 3257 ita
2660 3204 2982 3270 videretur,
3034 3205 3148 3258 iret
3190 3206 3250 3259 in
3283 3205 3602 3271 Orientem,
3633 3191 3733 3259 ubi

2085 3293 2271 3347 sancti
2304 3292 2655 3361 martyrium
2679 3292 3239 3363 subibant,indeque
3272 3299 3609 3348 sanctorum
3643 3312 3737 3348 re-

2077 3381 2295 3451 liquias
2326 3380 2602 3447 deferret,
2631 3397 2778 3449 quas
2813 3381 2969 3451 apud
3019 3399 3079 3435 se
3130 3383 3203 3436 ad
3235 3383 3448 3436 animae
3483 3383 3729 3437 salutem

2080 3471 2382 3523 retineret.
2414 3469 2516 3522 Cui
2552 3468 2889 3523 Bonifacius
2917 3486 2928 3522 :
2954 3469 3100 3532 Quid
3125 3470 3151 3523 ‘I
3179 3471 3225 3523 si
3250 3487 3410 3524 meas
3434 3472 3558 3541 ipse
3591 3472 3733 3525 reli-

2078 3558 2248 3629 quias
2265 3556 2568 3611 deferam?
2588 3557 2737 3612 Risit
2758 3557 2830 3612 ad
2856 3558 2979 3612 huic
3000 3559 3477 3630 Aglais,eumque
3502 3558 3727 3615 ebrium

2078 3645 2450 3717 compellans
2473 3645 2717 3701 dimisit.
2734 3646 2840 3701 Ille
2858 3647 3037 3717 igitur
3054 3664 3188 3702 cum
3211 3647 3525 3702 duodecim
3550 3650 3731 3703 servis

2081 3735 2389 3806 multoque
2414 3752 2557 3789 auro
2583 3736 2644 3789 in
2667 3734 2933 3790 Ciliciam
2952 3735 3387 3805 profectus,ubi
3406 3738 3594 3792 sancti
3621 3743 3734 3792 tor-

2079 3824 2436 3897 quebantur,
2488 3824 2644 3880 ultro
2705 3842 2765 3879 se
2825 3825 3102 3896 praefecto
3161 3827 3400 3893 sistens,
3434 3828 3729 3882 Christum

2078 3913 2378 3986 professus
2410 3918 2517 3968 est.
2570 3915 2758 3979 Quare
2816 3913 3199 3969 acerbissime
3232 3920 3440 3981 tortus,
3473 3916 3731 3972 decolla-

2078 4007 2206 4057 tur:
2240 4003 2412 4073 cujus
2445 4002 2711 4074 reliquiae
2768 4002 2840 4057 ab
2893 4003 3020 4074 ejus
3072 4004 3371 4059 conservis
3402 4005 3729 4073 translatas,

2079 4092 2453 4162 dominmque
2504 4092 2691 4162 ipsius
2732 4092 2983 4160 traditis,
3031 4093 3358 4147 honoriﬁce
3407 4093 3480 4147 ab
3521 4093 3727 4148 eadem

2080 4182 2326 4254 sepulta)
2358 4186 2515 4236 sunt.

2640 4298 2875 4351 EODEM
2920 4297 3167 4351 MENSE.

2577 4411 2682 4463 Die
2727 4411 3004 4465 vicesima
3043 4412 3235 4481 prima

2291 4503 2391 4556 46
2424 4504 2707 4556 Certamen
2736 4507 2935 4555 sancta:
2970 4504 3229 4571 martyris
3255 4502 3509 4556 Julianus.

2148 4616 2380 4671 Juliana
2409 4620 2652 4685 martyr,
2685 4614 3034 4669 Maximiano
3066 4616 3443 4687 imperatore,
3479 4634 3548 4671 ex
3579 4618 3722 4673 urbe

2086 4704 2421 4760 Nicomedia
2451 4703 2580 4769 fuit,
2605 4703 3001 4774 locupletibus
3026 4706 3371 4776 parentibus
3398 4713 3555 4761 nata.
3581 4710 3725 4762 Cum

2083 4800 2280 4850 autem
2300 4793 2533 4849 Eleusio
2551 4794 2832 4848 senatorii
2852 4794 3077 4849 ordinis
3096 4795 3219 4849 viro
3239 4795 3534 4866 desponsa
3552 4804 3727 4864 esset,

2074 4887 2321 4957 jamque
2352 4882 2573 4955 nuptiae
2600 4901 2633 4939 a
2656 4901 2871 4955 sponso
2895 4884 3348 4953 adornarentur,
3368 4886 3604 4954 Juliana
3635 4905 3732 4942 ne-

2084 4975 2257 5047 gabat
2287 4992 2347 5029 se
2379 4990 2514 5028 eum
2543 4973 2712 5040 velle,
2748 4973 2861 5027 nisi
2895 4974 3057 5027 urbis
3092 4974 3505 5045 praefecturam
3538 4977 3731 5048 adipi-

2085 5069 2350 5120 sceretur
2373 5079 2385 5118 :
2418 5080 2596 5134 quam
2628 5080 2761 5118 cum
2784 5062 2886 5117 ille
2911 5070 3219 5119 assecutus
3242 5072 3631 5134 esset,rursus
3654 5066 3735 5121 ait

2081 5155 2351 5209 Juliana:
2387 5153 2506 5207 Nisi
2540 5153 2907 5207 Christianus
2939 5154 3059 5220 fiat,
3096 5170 3190 5209 me
3222 5172 3601 5227 nequaquam
3634 5156 3740 5211 du.-

2084 5249 2177 5299 cet
2204 5260 2471 5299 uxorem.
2525 5242 2918 5307 Quamobrem
2977 5249 3146 5314 pater
3202 5245 3260 5299 id
3309 5262 3462 5313 (egre
3516 5246 3733 5312 ferens,

2085 5335 2260 5405 C(Bpit
2286 5333 2603 5389 sollicitare
2636 5332 2842 5399 ﬁliam,
2885 5337 2949 5386 ut
3008 5350 3040 5387 a
3094 5334 3324 5389 Christo
3357 5334 3734 5399 descisceret,

2084 5424 2323 5493 viroque
2358 5441 2463 5478 suo
2494 5423 2764 5477 nuberet.
2822 5425 3210 5477 Becusantem
3252 5425 3493 5479 tradidit
3519 5441 3734 5496 sponso

2085 5530 2190 5568 suo
2222 5518 2281 5566 et
2308 5512 2605 5582 prmfecto,
2630 5516 2695 5564 ut
2715 5526 2783 5563 ex
2809 5510 3034 5581 legibus
3058 5513 3370 5582 quaestioni
3398 5514 3734 5567 tormentis-

2085 5618 2198 5672 que
2229 5600 2640 5671 subjiceretur.
2667 5598 2985 5652 Praefectus
3015 5598 3191 5665 igitur
3222 5606 3409 5654 totum
3442 5602 3570 5670 ejus
3601 5615 3727 5653 cor-

2084 5706 2195 5761 pus
2225 5707 2254 5745 e
2288 5687 2521 5760 capillis
2548 5702 2904 5758 suspensum
2924 5685 3174 5742 lacerari
3187 5687 3391 5757 jussit,
3419 5695 3734 5754 cutemque
