4074 6192
314 421 431 479 219

1644 399 2058 464 MENOLUGII
2107 399 2308 458 PARS
2351 399 2432 457 ll’.

3591 396 3735 454 2'20

314 549 524 621 capitis
546 547 776 603 detrahi
800 562 811 599 :
841 561 971 600 mox
996 540 1158 596 illam
1183 540 1241 594 in
1264 538 1460 610 ignem
1485 538 1650 609 injici
1675 557 1689 604 ;
1717 535 1958 590 demum

2083 548 2173 601 χος
2205 524 2372 597 ἕξεσεν
2405 525 2534 581 ὅλον
2563 524 2625 580 τὸ
2655 529 2813 598 σῶμα
2844 522 3032 593 αὐτῆς,
3093 522 3184 578 καὶ
3241 522 3348 578 ἀπὸ
3373 527 3479 578 τῶν
3511 528 3724 600 τριχῶν

315 640 594 695 decollari
623 654 756 693 cum
781 635 980 689 multis
1004 631 1264 700 aliis,qui
1285 630 1412 701 ejus
1432 646 1610 684 causa
1628 626 1804 684 fidem
1830 642 1957 680 sus-

319 733 619 800 ceperant.

949 897 1164 952 Eodem
1226 897 1321 952 die

455 1019 549 1072 47
591 1016 873 1071 Certamen
902 1016 1082 1069 sancti
1124 1016 1384 1083 martyris
1434 1013 1820 1067 Themistoclis.

387 1135 636 1188 Sanctus
667 1132 777 1186 iste
803 1130 1247 1198 Themistocles,
1281 1129 1455 1184 Decio
1487 1129 1864 1199 imperatore,
1899 1143 1969 1180 ex

318 1224 558 1296 regione
581 1223 788 1294 Lyciae,
813 1239 947 1276 oves
974 1221 1254 1292 pascebat
1281 1221 1342 1274 in
1373 1236 1441 1274 eo
1468 1223 1690 1284 monte,
1714 1217 1813 1272 ubi
1835 1233 1967 1288 per-

320 1311 644 1367 secutionis
674 1309 925 1366 vitandas
952 1326 1131 1364 causa
1160 1315 1397 1364 sanctus
1428 1306 1796 1362 Dioscorides
1824 1306 1973 1360 late-

316 1401 437 1456 bat.
470 1401 733 1470 Cumque
766 1399 986 1454 milites
1016 1398 1182 1453 missi
1223 1415 1256 1452 a
1301 1398 1560 1468 regionis
1590 1395 1867 1468 praefecto
1899 1394 1972 1448 ad

310 1488 940 1559 comprehendendum
957 1493 1228 1542 sanctum
1245 1485 1835 1550 Dioscoridem,hunc
1851 1499 1971 1537 non

313 1576 699 1646 invenissent,
733 1575 1074 1631 inciderunt
1115 1577 1177 1630 in
1208 1572 1666 1630 Themistoclem
1693 1589 1832 1627 oves
1863 1587 1970 1643 pa-

314 1672 602 1732 scentem,
635 1682 890 1736 eumque
919 1665 992 1720 de
1025 1664 1364 1720 Dioscoride
1398 1663 1867 1734 interrogarunt.
1901 1662 1973 1715 At

311 1755 434 1820 ille,
462 1756 562 1824 qui
595 1754 774 1825 probe
804 1760 1066 1820 noverat,
1103 1753 1202 1808 ubi
1249 1754 1299 1808 is
1350 1753 1585 1818 lateret,
1620 1767 1738 1806 non
1771 1756 1970 1805 tamen

310 1844 495 1899 voluit
525 1844 696 1898 illum
731 1843 1000 1914 prodere,
1037 1842 1138 1898 sed
1170 1843 1432 1914 seipsum
1466 1858 1572 1912 pro
1603 1857 1672 1896 eo
1705 1839 1967 1906 tradidit,

2068 616 2352 692 ἐκρέμασε.
2413 617 2510 672 Καὶ
2565 613 2793 689 ἐξέδειρε
2843 615 2905 669 τὸ
2965 611 3141 688 δὲρμα
3196 621 3298 683 τῆς
3357 612 3602 691 κεφαλῆς
3640 615 3736 669 αὖ·

2067 713 2192 774 τῆς.
2228 709 2362 761 Εἶτα
2391 701 2644 762 ἐνέϐαλεν
2709 703 2785 768 είς
2841 709 2967 779 πῦρ⁶
3028 704 3116 758 καὶ
3147 703 3306 765 τέλος
3339 701 3730 781 ἀπεκεφάλισεν

2073 795 2240 864 αὐτὴν
2277 795 2412 868 μετά
2441 796 2530 850 καὶ
2582 791 2766 850 ἄλλων
2820 799 2928 848 τῶν
2988 791 3055 848 δι’
3105 793 3269 862 αὐτὴν
3305 792 3728 851 πιστευσάντων.

2641 884 2723 956 Τῇ
2769 881 2905 956 αὐτῇ
2951 881 3152 956 ἡμέρᾳ.

2219 997 2483 1070 ’Άθλησις
2515 1003 2611 1054 τοῦ
2644 999 2798 1074 ἁγίου
2828 1001 3100 1075 μάρτυρος
3129 999 3582 1072 Θεμιστοκλέους.

2149 1118 2254 1174 Επί
2285 1125 2385 1187 τῆς
2421 1117 2698 1192 βασιλείας
2757 1119 2949 1172 Δεκίου
3005 1119 3072 1186 ἦν
3129 1119 3286 1181 οὗτος
3323 1119 3350 1172 6
3381 1119 3531 1194 ἅγιος
3563 1125 3730 1192 Θεμι-

2080 1208 2338 1278 στοκλῆς,
2386 1209 2492 1262 ἀπὸ
2536 1214 2635 1278 τῆς
2686 1209 2872 1284 χώρας
2923 1207 3142 1270 Λυκίας.
3203 1204 3437 1266 Ἔϐοσκε
3489 1207 3546 1263 δὲ
3601 1209 3733 1284 πρό-

2080 1292 2216 1352 ϐατα
2245 1296 2296 1351 ἐν
2326 1302 2406 1369 τῷ
2431 1295 2568 1373 ὄρει,
2623 1295 2762 1352 ὅπου
2814 1297 3106 1373 ἐκρύπτετο
3166 1299 3194 1352 6
3243 1299 3397 1371 ἅγιος
3445 1296 3733 1373 Διοσκορί-

2081 1385 2202 1458 δης,
2257 1385 2346 1442 διὰ
2401 1389 2493 1442 τὸν
2555 1384 2824 1462 διωγμόν,
2884 1387 3292 1458 Ἀπεστάλησαν
3321 1386 3379 1443 δὲ
3411 1393 3733 1464 στρατιῶται

2080 1477 2227 1552 παρὰ
2254 1481 2350 1532 τοῦ
2381 1480 2479 1546 τῆς
2518 1478 2707 1552 χώρας
2760 1475 3050 1553 ἄρχοντος,
3075 1475 3168 1532 ’ίνα
3197 1477 3434 1533 πιάσωσι
3457 1478 3547 1533 τὸν
3579 1479 3730 1554 ἅγιον

2083 1564 2469 1644 Διοσκορίδην.
2505 1568 2600 1624 Καὶ
2665 1568 2740 1639 μή
2802 1565 3138 1643 εύρίσκοντες
3195 1567 3419 1636 ἐκεῖνον,
3453 1569 3605 1643 εὗρον
3636 1567 3730 1622 τὸν

2081 1655 2453 1730 Θεμιστοκλέα
2511 1655 2776 1732 βόσκοντα
2847 1656 2912 1710 τα
2967 1651 3236 1732 πρόϐατα,
3293 1657 3382 1712 καὶ
3442 1658 3734 1732 ἠρώτησαν

2079 1746 2202 1820 περὶ
2259 1751 2356 1801 τοῦ
2405 1743 2780 1822 Διοσκορίδου.
2844 1747 3083 1809 Ἐκεῖνος
3137 1744 3194 1802 δὲ
3249 1748 3554 1822 γινώσκων,
3594 1747 3734 1801 ὅπου

2079 1835 2397 1909 κρύπτεται,
2457 1838 2611 1909 ὅμως
2670 1835 2770 1892 οὐκ
2823 1835 3092 1906 ἠθέλησεν
3150 1835 3496 1910 ὁμολογῆσαι
3550 1836 3735 1907 αὐτὸν,

313 1935 621 1989 confessus
647 1950 707 1988 se
728 1934 1128 1989 Christianum
1157 1949 1306 1989 esse.
1333 1934 1522 1998 Quare
1553 1929 1806 1986 vinculis
1837 1946 1969 1983 con-

2083 1926 2269 1980 ἑαυτὸν
2317 1923 2374 1981 δὲ
2423 1928 2529 1981 ἀντ’
2579 1925 2785 1981 ἐκείνου
2842 1923 3178 2000 παρίδωκεν,
3221 1925 3574 2001 ὁμολογήσας
3608 1928 3740 1999 Χρι-

313 2025 572 2090 strictus,
633 2024 706 2078 ad
765 2023 1111 2095 prmfectum
1164 2023 1520 2078 adducitur:
1554 2022 1972 2090 Christumque

307 2131 510 2170 coram
543 2115 671 2185 ipso
703 2114 1028 2186 protessus,
1071 2114 1320 2184 supinus
1368 2113 1532 2167 humi
1568 2112 1873 2180 sternitur,
1905 2127 1973 2166 ac

313 2205 521 2260 tandiu
554 2205 614 2259 in
638 2209 838 2259 ventre
860 2204 1126 2271 caeditur,
1154 2205 1294 2259 dum
1324 2205 1385 2258 in
1414 2203 1560 2258 duas
1588 2207 1784 2274 partes
1816 2203 1974 2256 scin-

311 2292 643 2360 deretur,et
660 2293 943 2348 intestina
959 2291 1552 2347 difﬂuerent.Deinde
1572 2291 1632 2344 in
1651 2289 1970 2360 equuleum

313 2387 501 2450 actus,
539 2387 597 2436 et
648 2387 852 2452 postea
895 2382 1222 2453 depositus,
1270 2397 1448 2451 super
1493 2379 1704 2434 ferreis
1737 2377 1977 2433 tribuli8

311 2475 616 2541 raptatur:
648 2475 827 2541 atque
860 2471 941 2524 ita
969 2469 1242 2540 spiritum
1282 2469 1533 2523 Domino
1566 2468 1828 2524 tradidit.

953 2733 1173 2788 Eodem
1206 2733 1325 2788 die.

314 2825 412 2880 48
457 2823 915 2882 Commemoratio
963 2821 1146 2877 sancti
1199 2824 1379 2876 Patris
1430 2825 1608 2876 nostri
1654 2808 1978 2890 Philogonii

814 2912 880 2948 cx
904 2893 1186 2948 causidico
1207 2896 1468 2963 episcopi.

383 2986 632 3040 Sanctus
654 2985 762 3038 iste
785 2983 1170 3055 Philogonius
1199 2982 1272 3038 ab
1304 2982 1558 3038 infantia
1585 2983 1822 3053 pietatis
1846 2983 1978 3038 cul-

311 3080 422 3142 tor,
459 3073 661 3128 adulta
691 3071 907 3127 deinde
941 3076 1111 3127 astate
1158 3087 1400 3126 uxorem
1432 3071 1622 3140 duxit,
1656 3071 1980 3142 ﬁliumque

308 3163 678 3236 procreavit:
713 3161 1026 3232 factusque
1083 3160 1420 3230 advocatus,
1457 3162 1505 3215 si
1540 3177 1718 3232 quem
1749 3161 1974 3232 injuste

2079 2015 2292 2070 στιανὸν
2327 2018 2484 2074 εἶναι.
2540 2015 2644 2070 Καὶ
2699 2012 2868 2079 δεθεὶς
2923 2012 3198 2090 παρεδόθη
3244 2021 3323 2088 τῷ
3354 2015 3600 2090 ἄρχοντι·
3633 2017 3723 2071 καὶ

2077 2105 2167 2160 τὸν
2228 2104 2460 2180 Χριστὸν
2518 2103 2754 2177 κηρύξας
2812 2104 3038 2160 ἐνώπιον
3105 2104 3292 2176 αὐτοῦ,
3353 2104 3585 2175 ἠπλώθη
3644 2105 3736 2164 ἐπὶ

2077 2196 2176 2262 τήν
2226 2196 2348 2270 γῆνο
2408 2194 2497 2249 καὶ
2577 2194 2780 2269 ἐτυφθη
2859 2198 2997 2250 κατᾶ
3064 2201 3166 2263 τῆς
3222 2193 3457 2261 κοιλίας,
3505 2192 3609 2257 ἓως
3669 2197 3732 2250 οὗ

2081 2282 2430 2360 διαῤῥαγεῖσα
2483 2282 2712 2358 ἐσχίσθη
2775 2283 2850 2346 είς
2910 2281 3030 2338 δύο·
3087 2285 3178 2340 καὶ
3234 2284 3300 2338 τὰ
3348 2279 3534 2360 ἔντερα
3563 2285 3733 2340 αὐτοῦ

2080 2371 2428 2447 ἐξεχύθησαν.
2507 2374 2639 2428 Εἶτα
2719 2371 3024 2446 ἐκρεμάσθη
3088 2371 3176 2427 ἐπὶ
3241 2371 3339 2428 τοῦ
3396 2372 3582 2446 ξύλου⁶
3640 2375 3731 2428 καὶ

2079 2455 2516 2532 καταϐιϐασθείς,
2573 2459 2789 2536 σύρεται
2873 2459 3053 2516 ἐπάνω
3132 2456 3408 2537 τριϐόλων
3467 2459 3735 2535 σιδηρῶν.

2082 2551 2180 2604 Καὶ
2239 2548 2414 2613 οὕτως
2499 2551 2817 2626 συρόμενος,
2902 2549 3184 2627 παρέδωκε
3233 2555 3334 2620 τήν
3409 2554 3594 2626 ψυχὴν
3652 2557 3732 2624 τῷ

2082 2638 2285 2714 Κυρίῳ.

2679 2733 2764 2804 Τῇ
2796 2729 2932 2803 αὐτῇ
2964 2730 3146 2804 ἡμέρᾳ

2085 2819 2292 2890 Μνήμη
2351 2819 2448 2873 τοῦ
2513 2819 2667 2874 ὁσίου
2739 2820 2952 2892 Πατρὸς
3028 2821 3191 2891 ἡμῶν
3249 2817 3590 2895 Φιλογονίου
3643 2822 3739 2874 τοῦ

2323 2908 2644 2983 γενομένου,
2677 2908 2784 2963 ἀπὸ
2824 2906 3140 2985 δικολογου,
3173 2908 3492 2965 ἐπισκόπου.

2155 2999 2329 3061 Οὗτος
2375 2999 2403 3052 6
2461 2997 2616 3072 ἃγιος
2677 2996 3032 3073 Φιλογόνιος,
3074 2999 3329 3068 νηπιόθεν
3363 2993 3600 3066 εὐλαϐὴς
3633 2997 3744 3072 ἐγέ-

2084 3109 2226 3156 νετο,
2285 3087 2374 3142 καὶ
2432 3086 2604 3152 ἐλθὼν
2658 3086 2738 3149 εἷς
2810 3088 3057 3159 ἡλικίαν,
3110 3083 3273 3142 ἔλαϐε
3344 3088 3435 3142 καὶ
3489 3093 3739 3163 γυναῖκα,

2083 3179 2318 3248 ποιήσας
2373 3179 2459 3232 καὶ
2520 3175 2758 3232 παιδίον.
2820 3181 2956 3234 Είτὰ
3013 3177 3221 3252 ἐγένετο
3279 3179 3598 3252 συνήγορος.
3633 3177 3740 3232 Καὶ

308 3268 660 3324 oppressum
693 3249 1184 3321 laborantemque
1235 3249 1496 3318 vidisset,
1528 3255 1803 3322 suscepta
1832 3251 1962 3323 ejus

2083 3267 2174 3322 ὅτε
2232 3266 2470 3340 εὕρισκεν
2528 3265 2888 3340 ἀδικούμενον
2962 3266 3271 3342 ἄνθρωπον,
3329 3270 3742 3341 καταπονούμε-

310 3357 488 3396 causa
539 3340 820 3411 injuriam
879 3339 1282 3411 propulsabat.
1317 3341 1543 3394 Mortua
1587 3356 1721 3395 vero
1756 3357 1960 3410 uxore,

309 3431 383 3486 ob
417 3429 979 3486 excellentissimam
1007 3429 1286 3485 virtutem
1316 3446 1485 3485 suam
1516 3434 1693 3500 atque
1715 3429 1966 3500 justitiao

309 3537 596 3588 amorem,
656 3537 726 3575 ex
785 3519 1066 3574 advocato
1127 3518 1423 3591 suffragiis
1466 3519 1645 3574 totius
1676 3519 1876 3590 populi
1910 3524 1969 3574 et

310 3611 726 3683 episcoporum
779 3608 1094 3664 ordinatur
1159 3599 1498 3679 epiScopus,
1562 3608 1966 3678 virtutumque

312 3701 578 3754 omnium
613 3703 890 3768 recteque
920 3697 1212 3752 factorum
1243 3696 1562 3768 splendore
1589 3696 1790 3750 lumen
1823 3696 1967 3752 solis

312 3788 627 3859 superavit.
661 3786 794 3840 Fuit
823 3791 1019 3839 autem
1053 3791 1111 3839 et
1140 3784 1454 3855 sapientia,
1485 3789 1544 3838 et
1563 3783 1834 3838 doctrina
1863 3784 1966 3838 ad-

317 3877 626 3932 mirabilis.
652 3874 831 3928 Multa
856 3874 1016 3929 enim
1040 3877 1181 3928 tunc
1203 3879 1329 3928 erat
1349 3889 1582 3927 morum
1606 3872 1964 3943 corruptela,

313 3970 582 4020 cessante
603 3979 794 4033 nuper
815 3961 1248 4033 persecutione,
1274 3967 1333 4016 et
1361 3960 1572 4015 hmresi
1597 3960 1832 4015 initium
1857 3961 1968 4015 du-

318 4059 508 4110 cente.
532 4053 641 4107 Sed
673 4053 826 4106 hanc
852 4051 1048 4107 divino
1075 4050 1365 4106 beneficio
1392 4051 1671 4104 coercuit.
1700 4051 1967 4121 Cumque

319 4143 611 4199 creditum
645 4141 756 4196 sibi
795 4157 1030 4214 gregem
1088 4139 1309 4212 optime
1366 4139 1634 4206 rexisset,
1667 4140 1966 4211 vitamque

316 4233 642 4305 angelicam
675 4232 736 4287 in
779 4237 936 4286 terra
982 4231 1264 4298 duxisset,
1297 4231 1358 4285 in
1388 4245 1531 4301 pace
1563 4229 1805 4302 quievit,
1837 4230 1969 4285 ani-

321 4341 479 4381 mam
512 4341 680 4380 suam
711 4323 960 4379 Domino
994 4321 1255 4378 tradens.

873 4593 1110 4647 EODEM
1166 4592 1418 4647 MENSE.
1497 4586 1513 4604 ’

786 4706 887 4760 Die
916 4706 1195 4760 vicesima
1225 4707 1504 4762 secunda.

322 4825 421 4879 49
461 4823 742 4878 Certamen
793 4829 993 4876 sancta»
1053 4825 1310 4890 martyris
1361 4823 1690 4890 Anastasiae,
1737 4830 1790 4876 et
1840 4839 1968 4878 san-

713 4901 926 4947 ctarum
964 4895 1235 4947 sociarum
1267 4893 1577 4949 mulierum.

391 5010 703 5066 Anastasia
725 5013 970 5080 martyr,
995 5008 1357 5064 Diocletiano
1378 5009 1756 5080 imperatore,
1773 5011 1970 5064 Roma)

324 5101 556 5168 claruit,
617 5098 894 5154 divitibus
954 5116 1021 5154 ac
1079 5098 1378 5153 nobilibus
1435 5099 1779 5170 parentibus
1810 5105 1972 5170 nata,

322 5195 498 5262 atque
529 5207 562 5245 a
592 5193 781 5243 matre
811 5188 990 5243 ﬁdem
1022 5186 1237 5242 Christi
1270 5186 1498 5252 edocta,
1530 5203 1564 5241 a
1593 5188 1970 5260 Chrysogono

321 5307 457 5345 vero
482 5288 947 5343 Christianorum
973 5286 1211 5342 doctore
1237 5286 1418 5342 sacris
1441 5286 1655 5342 litteris
1677 5287 1968 5344 instituta.

325 5380 525 5434 Virum
556 5381 755 5433 autem
805 5376 1073 5439 duxerat,
1118 5375 1393 5430 Publium
1437 5377 1699 5444 nomine,
1731 5378 1971 5434 divitem

323 5469 585 5539 quidem,
607 5467 710 5524 sed
734 5465 1058 5522 ethnicum.
1083 5465 1248 5530 Quod
1266 5465 1442 5537 igitur
1461 5467 1828 5524 Christianus
1849 5487 1969 5526 non

324 5567 501 5627 esset,
535 5577 672 5614 eum
706 5557 1016 5613 Anastasia
1035 5557 1261 5622 oderat,
1286 5573 1396 5612 nec
1416 5558 1601 5614 ullam
1625 5560 1676 5614 ei
1707 5562 1970 5632 corporis

325 5651 415 5706 sui
444 5653 795 5722 potestatem
853 5644 1143 5701 faciebat:
1203 5650 1329 5702 erat
1383 5651 1580 5702 autem
1633 5648 1889 5721 benigna
1914 5656 1971 5705 et

325 5740 557 5797 liberali
591 5739 652 5794 in
682 5752 994 5812 pauperes,
1041 5753 1281 5809 eosque,
1315 5737 1415 5809 qui
1445 5738 1507 5792 in
1537 5738 1787 5794 vinculis
1818 5738 1972 5795 deti-

2071 3378 2182 3427 νον,
2245 3354 2523 3425 ἐδικάζετο
2604 3357 2736 3431 ὑπὲρ
2815 3355 3044 3424 ἐκείνου,
3116 3356 3205 3412 καὶ
3277 3355 3497 3428 ἐξεδίκει
3556 3358 3739 3415 αὐτόν.

2071 3445 2372 3520 Προϊόντος
2406 3443 2464 3501 δὲ
2491 3445 2588 3502 τοῦ
2646 3445 2872 3521 χρόνου,
2924 3444 3269 3517 ἐτελεύτησεν
3299 3449 3332 3514 ἡ
3364 3451 3498 3523 γυνὴ
3550 3448 3736 3505 αὐτοῦ.

2073 3539 2312 3597 Ἐκεῖνος
2371 3532 2430 3589 δὲ
2488 3533 2577 3590 διὰ
2632 3536 2731 3604 τήν
2793 3532 3247 3610 ὑπερϐάλλουσαν
3296 3537 3491 3612 ἀρετὴν
3542 3539 3736 3609 αύτοῦ,

2069 3626 2161 3679 καὶ
2191 3625 2290 3694 τήν
2325 3622 2704 3694 δικαιοσύνην,
2752 3624 2871 3680 ἀντὶ
2922 3625 3244 3702 συνηγόρου,
3277 3627 3424 3701 παρὰ
3470 3631 3567 3682 τοῦ
3597 3626 3737 3683 λαοῦ

2071 3714 2268 3774 παντὸς
2299 3715 2388 3768 καί
2447 3717 2555 3768 τῶν
2611 3712 2924 3768 ἐπισκόπων
2976 3714 3369 3789 ἐχειροτονήθη
3405 3715 3723 3779 ἐπίσκοπος.

2073 3809 2108 3856 Κ
2155 3803 2169 3822 \
2207 3799 2264 3858 ’θλ
2422 3825 2432 3840 ι
2526 3801 2576 3840 θ’
2645 3803 2658 3820 τ
2777 3803 2791 3824 \
2887 3825 2899 3836 .
2960 3803 2974 3824 ἱ
3067 3803 3082 3822 ‘
3281 3805 3295 3824 κ
3556 3807 3568 3827 Ι

2116 3824 2170 3857 αι
2205 3823 2228 3857 ε
2271 3805 2446 3876 αμψεθ
2498 3823 2575 3864 ει,
2633 3823 2829 3878 αρετην
2889 3824 2977 3858 και
3025 3825 3092 3858 τα
3136 3804 3305 3859 λοιπα
3333 3808 3730 3881 κατορθωματα

2076 3893 2208 3967 ὑπὲρ
2238 3893 2328 3946 τὸν
2361 3891 2545 3960 ἥλιον.
2581 3891 2824 3966 Ἐγένετο
2874 3889 2932 3948 δὶ
2979 3894 3288 3966 θαυμαστὸς
3325 3896 3414 3949 καὶ
3447 3894 3533 3949 ἐπὶ
3566 3896 3732 3973 σοφίᾳ

2070 3983 2158 4038 καὶ
2193 3982 2278 4037 ἐπὶ
2313 3979 2655 4054 διδασκαλίᾳ.
2717 3981 2905 4051 πολλή
2962 3983 3062 4058 γὰρ
3127 3984 3194 4052 ἦν
3226 3983 3348 4039 τότε
3377 3987 3411 4053 ἡ
3447 3982 3731 4055 δυσκολία,

2069 4071 2262 4126 νεωστί
2310 4075 2406 4125 τοῦ
2460 4068 2713 4146 διωγμοῦ
2743 4073 3113 4143 παυσαμένου,
3170 4073 3261 4128 καὶ
3323 4081 3423 4143 τῆς
3477 4075 3736 4150 αἱρέσεως

2073 4160 2397 4234 ἀρξαμένης.
2433 4159 2612 4216 Ἀλλά
2668 4160 2758 4215 καὶ
2810 4164 2844 4231 ἡ
2907 4163 3132 4237 α’ὶρεσις,
3190 4167 3324 4218 Θεοῦ
3374 4162 3583 4238 χάριτι,
3628 4164 3734 4220 ὑπὸ

2070 4249 2266 4305 τούτου
2331 4249 2626 4320 κατελύθη.
2686 4249 2874 4312 Οὕτως
2933 4250 3121 4313 καλῶς
3169 4251 3442 4326 ποιμάνας
3471 4253 3534 4308 τὸ
3565 4253 3734 4326 ἐμπί-

2073 4341 2286 4404 στευθὲν
2346 4340 2493 4412 αύτῷ
2547 4339 2833 4413 ποίμνιον,
2915 4341 3005 4397 καὶ
3086 4342 3202 4419 βίον
3265 4346 3428 4414 ζήσας
3479 4343 3568 4398 ἐπὶ
3626 4351 3729 4420 γῆς

2074 4428 2346 4507 ἀγγέλων,
2377 4429 2430 4484 ἐν
2479 4430 2670 4505 εῗρήνῃ
2721 4430 3077 4500 ἀνεπαύσατο,
3128 4429 3254 4494 δοὺς
3301 4434 3402 4501 τήν
3433 4434 3618 4507 ψυχήν
3650 4439 3729 4505 τῷ

2075 4520 2285 4591 Κυρίῳ.

2633 4611 2814 4666 ΜΗΝΙ
2853 4615 2938 4664 ΤΩ
2976 4615 3172 4667 ΑΪΤΩ.

2857 4728 2961 4784 ΚΒ“

2149 4844 2412 4915 Ἀθλησις
2439 4850 2549 4920 τῆς.
2572 4842 2724 4920 ἁγίαις
2755 4844 3057 4920 ,νμᾴρμτυρος
3114 4845 3468 4909 Ἀναστασίας
3498 4850 3584 4902 καὶ
3616 4853 3728 4903 τῶν

2504 4914 2597 4970 σὺν
2618 4913 2629 4919 ⁷
2645 4913 2794 4989 αύτῆ
2813 4913 2977 4990 ἁγίων
3007 4922 3297 4991 γυναικῶν.

2148 5033 2208 5082 ’Π
2270 5027 2474 5101 μάρτυς
2529 5026 2852 5084 Ἀναστασία
2909 5027 3156 5104 ὑπῆρχεν
3202 5028 3290 5084 ἐπὶ
3331 5029 3730 5102 Διοκλητιανοῦ

2083 5113 2351 5190 βασιλέως
2381 5114 2434 5169 ἐν
2465 5116 2650 5189 Ῥώμῃ
2703 5118 2772 5188 τῇ
2812 5114 2996 5187 πόλει,
3055 5119 3293 5194 θυγάτηρ
3327 5118 3603 5175 πλουσίων
3636 5121 3729 5177 καὶ

2079 5203 2310 5279 εὐγενῶν
2337 5200 2560 5279 γονέων.
2591 5202 2694 5260 Καὶ
2754 5203 2858 5259 ὑπὸ
2917 5205 3012 5277 μὲν
3071 5213 3171 5276 τῆς
3207 5210 3442 5283 μητέρος
3476 5208 3730 5282 μανθάνει

2077 5293 2177 5362 τὴν
2236 5292 2311 5354 εἷς
2368 5293 2599 5367 Χριστὸν
2652 5291 2855 5346 πίστινο
2928 5293 3032 5348 ὑπὸ
3090 5290 3148 5348 δὶ
3203 5296 3577 5371 Χρυσογόνου,
3632 5302 3733 5353 τοῦ

2081 5385 2415 5455 Χριστιανῶν
2477 5377 2830 5450 διδασκάλου,
2883 5381 2952 5435 τᾶ
2999 5381 3120 5456 ἱερᾶ
3169 5383 3482 5458 γράμματα,
3526 5383 3734 5443 Ἐλαϐε

2079 5467 2136 5526 δὲ
2165 5468 2332 5546 ἄνδρα
2360 5467 2604 5525 Πόπλιον
2649 5469 2963 5546 λεγόμενον,
3008 5469 3273 5527 πλούσιον
3328 5474 3448 5547 μὲν,
3477 5473 3736 5547 Ἕλληνα

2079 5558 2156 5616 δέ.
2183 5561 2341 5618 Ὅθεν
2374 5558 2462 5614 καὶ
2495 5556 2586 5614 διὰ
2629 5560 2691 5613 τὸ
2729 5560 2805 5632 μὴ
2851 5561 2986 5614 εἶναι
3037 5562 3391 5634 Χριστιανὸν,
3424 5563 3596 5636 ἐμίσει
3629 5565 3729 5620 αύ-

2075 5649 2192 5717 τὺν,
2220 5647 2309 5703 καὶ
2366 5648 2428 5703 οὐ
2487 5649 2791 5724 συνήρχετο
2846 5648 2992 5720 αύτῷ
3045 5649 3122 5711 είς
3178 5651 3486 5728 συνάφειαν,
3547 5652 3726 5709 Ἠλέει

2079 5735 2136 5793 δὲ
2164 5735 2289 5799 τοὺς
2336 5738 2617 5813 πτωχοὺς,
2674 5738 2762 5792 καὶ
2825 5733 3178 5794 ἐπεσκέπτετο
3224 5738 3353 5803 τοὺς
3399 5739 3452 5796 ἐν
3481 5739 3727 5820 φυλακῇ.
