4074 6192
256 345 367 407 921

1738 343 2178 407 DECEMBEB.

3558 329 3679 390 222

258 480 355 562 ᾼιά
380 484 549 536 τοῦτο
584 482 691 537 ὑπὸ
719 486 817 538 τοῖ’)
847 481 1044 559 ἀνδρὸς
1084 483 1163 546 εἷς
1209 483 1458 562 φυλακὴν
1497 480 1908 559 ἀπορῤίπτεται.

2028 479 2345 546 nebantur,
2372 472 3065 540 visitabat.Quamobrem
3089 471 3150 527 in
3171 483 3471 526 carcerem
3495 483 3530 523 a
3550 465 3672 520 viro

272 570 404 674 3,1253.
458 568 517 674 δε
565 569 773 674 ἐκεῖνος
825 573 1108 645 ἀπέθανεν,
1156 571 1448 647 ἐξελθοῦσα
1494 579 1596 642 τῆς
1645 569 1917 649 φυλακῆς,

254 659 425 761 πάντα
455 658 838 761 ,πλοῦτον
894 663 1066 733 αὐτῆς
1118 660 1289 720 ἔδωκε
1342 668 1462 725 τοῖς
1518 665 1793 736 πτωχοῖς,
1824 660 1916 717 καὶ

251 748 418 804 πάλιν
462 746 723 805 ἐδούλευε
750 756 873 813 τοῖς
903 751 1100 827 ἁγίοις,
1150 750 1241 807 καὶ
1287 745 1670 816 τελειωθέντας
1702 747 1920 815 ἔθαπτε,

250 835 502 899 πολλοὺς
534 835 594 892 δὶ
764 839 902 915 πρὸς
952 840 1016 896 τὸ
1077 847 1419 917 μαρτυρῆσαι
1459 837 1915 916 προεθυμοποίει.

256 927 408 1001 Παρά
470 925 749 1005 διαφόρων
807 926 868 984 δὲ
920 929 1206 1005 ἀρχόντων
1266 930 1664 1006 βασανισθεῖσα,
1722 927 1813 983 καὶ
1861 926 1914 980 ἐν

250 1018 496 1091 θαλάσσῃ
556 1016 948 1097 ἀποῤῥιφεῖσα,
1008 1020 1139 1095 πυρὶ
1195 1016 1494 1096 παρεδόθη.
1541 1018 1646 1077 Καὶ
1684 1020 1784 1073 τοῦ
1812 1037 1915 1072 πυ-

257 1104 347 1180 ρὸς
401 1104 722 1177 ἐξελθοῦσα,
785 1107 921 1181 μετὰ
971 1112 1076 1163 τῶν
1135 1106 1227 1164 σὺν
1285 1106 1425 1179 αὐτῇ
1479 1108 1752 1182 γυναικῶν
1809 1105 1915 1161 ἀπ-

256 1192 463 1268 εκεφαλ
472 1195 594 1265 ίσθη
605 1239 619 1252 .

838 1307 924 1379 Τῇ
966 1306 1106 1379 αὐτῇ
1144 1305 1330 1379 ἡμέρᾳ

248 1439 453 1535 Ηνὴιξη
510 1445 609 1495 τοῦ
687 1440 1326 1535 ἀγίονᾲνᾉὶερομάρτυρος
1414 1439 1736 1500 Καπίτωνος
1794 1435 1916 1492 ἐπι-

801 1511 1006 1568 σκόπου
1038 1511 1340 1589 Χερσῶνος.

314 1600 491 1664 Οὗτος
545 1601 635 1657 ἐπὶ
694 1608 797 1672 τῆς
860 1600 1138 1678 βασιλείας
1197 1598 1491 1657 Θεοδοσίου
1519 1602 1617 1655 τοῦ
1650 1595 1915 1674 Μεγάλου

252 1687 532 1760 ἀπεστάλη
613 1689 911 1749 ἐπίσκοπος
992 1691 1070 1753 εἷς
1154 1691 1433 1766 Χερσῶνα,
1493 1687 1916 1759 τελευτήσαντος

254 1777 507 1851 Δῖθερίου
544 1783 644 1834 τοῦ
696 1779 1029 1839 ἐπισκόπου.
1096 1782 1202 1836 Καὶ
1262 1775 1586 1835 καταλαϐὼν
1617 1779 1718 1849 τήν
1749 1776 1913 1834 πόλιν

252 1866 484 1940 ἐκείνην,
512 1870 614 1937 τήν
673 1869 749 1934 εἷς
804 1870 1045 1944 Χριστὸν
1099 1869 1277 1925 πίστιν
1335 1866 1582 1925 ἐδίδασκε
1618 1868 1712 1924 τὸν
1746 1864 1905 1931 λαόν,

250 1962 344 2013 Ἦν
375 1956 434 2013 δὲ
464 1959 591 2021 ναὸς
622 1958 675 2015 ἐν
723 1961 793 2033 τῇ
850 1960 1115 2036 Χερσῶνι,
1172 1964 1271 2016 τοῦ
1332 1958 1631 2036 Παρθενίου
1668 1955 1910 2013 εἰδώλου

252 2044 568 2122 λεγόμενος.
628 2048 728 2103 Καὶ
793 2046 1135 2124 βουλόμενος
1210 2048 1370 2105 αὐτὸν
1440 2046 1763 2117 καταλόσαι,
1819 2045 1908 2100 καὶ

251 2134 356 2189 ἀντὶ
388 2135 557 2190 αὐτοῦ
586 2137 711 2192 ναὸν
765 2137 949 2192 κτίσαι
1005 2136 1088 2192 ἐπ’
1149 2136 1376 2210 ὀνόματι
1415 2138 1511 2191 τοῦ
1540 2135 1702 2210 ἁγίου
1735 2137 1907 2191 Ἀπο-

252 2223 447 2281 στόλου
509 2226 737 2300 Πέτρου,
818 2224 1042 2297 ἐποίησε
1095 2225 1358 2299 καμίνους
1414 2219 1732 2291 ἀσϐἑστους,
1816 2219 1906 2276 ἐπὶ

250 2318 323 2386 τῷ
375 2314 730 2391 ἐπιχειρῆσαι
787 2313 1011 2385 κτίζειν.
1073 2316 1381 2389 Ἐμάνησαν
1415 2311 1473 2368 δὲ
1520 2313 1573 2367 οἱ
1610 2310 1906 2382 Ἓλληνες,

249 2405 332 2457 καὶ
389 2405 443 2458 οἱ
500 2401 784 2475 Ἰουδαῖοι,
858 2404 948 2460 καὶ
1025 2402 1368 2484 ἐφιλονείκου
1441 2402 1533 2457 τὸν
1594 2402 1772 2476 ἅγιον,
1832 2400 1906 2463 ὡς

248 2494 550 2562 καταλυτήν
609 2499 707 2550 τοῖ’»
763 2495 970 2550 ἑαυτῶν
1027 2499 1173 2560 θεοῦ.
1243 2494 1342 2549 Καὶ
1400 2493 1758 2566 περιέστησαν
1810 2490 1903 2546 αὖ·

247 2584 351 2653 τὸν,
386 2584 633 2650 εἰπόντες
662 2586 772 2653 δτι,
830 2586 959 2643 Ἐάν
1012 2584 1262 2661 εἰσέλθῃς
1303 2581 1382 2647 εἷς
1443 2584 1567 2658 μίαν
1597 2586 1706 2638 τῶν
1733 2583 1905 2656 καμί-

246 2693 370 2743 νων,
425 2673 517 2728 καὶ
578 2673 804 2748 ἐξέλθῃς
863 2668 1139 2744 ἀϐλαϐής,
1200 2672 1262 2728 οὗ
1324 2674 1490 2747 μόνον
1540 2669 1901 2744 πιστεύσομεν

248 2764 460 2831 πάντες,
514 2760 665 2817 ἀλλά
721 2765 813 2818 καὶ
866 2762 935 2818 τὰ
985 2760 1177 2818 παιδία
1225 2764 1387 2836 ἡμῶν
1442 2755 1793 2834 ἐμϐαλοΰμεν
1827 2758 1906 2824 εἷς

248 2853 498 2925 κάμιοον.
561 2849 806 2921 Εἰσῆλθε
861 2848 920 2907 δὲ
980 2852 1009 2907 6
1066 2850 1366 2913 ἐπίσκοπος
1415 2849 1491 2914 εἷς
1522 2850 1620 2920 τὴν
1651 2851 1903 2923 κάμινον,

252 2940 335 2996 καὶ
393 2938 619 3014 ἐξῆλθεν
681 2940 862 3017 ὑγιής.
923 2940 1023 2996 Καὶ
1101 2937 1305 3002 ἰδόντες
1366 2939 1417 2994 οἱ
1477 2935 1904 3014 εἰδωλολάτραι,

252 3029 562 3086 ἐπίστευσαν
616 3029 851 3093 ’ἁπαντες
904 3035 988 3103 τῷ
1040 3032 1278 3105 Χριστῷ’
1332 3028 1423 3084 καὶ
1451 3029 1576 3084 τότε
1604 3028 1902 3084 κατέλυσαν

249 3123 349 3174 τῶν
380 3117 631 3175 εἰδώλων
661 3120 755 3175 τὸν
797 3120 946 3178 ναόν.
1000 3119 1191 3176 Πολλά
1222 3117 1279 3174 δὲ
1309 3120 1548 3191 ποιήσας
1580 3119 1609 3174 6
1640 3119 1815 3193 ἅγιος,
1850 3115 1901 3172 ἐν

256 3207 434 3285 εἰρήνῃ
462 3210 602 3286 πρὸς
635 3209 835 3286 Κύριον
867 3206 1190 3284 ἐξεδήμησε.

816 3349 896 3419 τῇ
954 3344 1090 3420 αὐτῇ
1126 3345 1332 3420 ἡμέρᾳ-

419 3434 695 3505 *Δθλησις
723 3438 821 3490 τοῦ
849 3435 1010 3510 ἁγίου
1051 3436 1326 3511 μάρτυρος
1354 3433 1724 3511 Χρυσογόνου.

312 3522 664 3627 ἔρυσόγοὶνος
722 3525 752 3579 6
811 3525 1020 3627 μάρτυς
1075 3524 1326 3627 ιξπῆρχεν
1376 3522 1437 3578 ἇκ
1488 3529 1590 3591 τῆς
1666 3522 1907 3597 μεγαλο-

263 3608 468 3673 πόλεως
526 3611 751 3684 Ῥώμης
807 3609 898 3666 ἐπὶ
954 3610 1349 3682 Διοκλητιανοῦ
1420 3608 1708 3684 βασιλέως·
1767 3608 1904 3682 ἀνὴρ

268 3693 538 3768 θεοσεϐὴς,
592 3700 685 3755 καί
771 3695 1114 3777 φοϐούμενος
1195 3698 1290 3755 τὸν
1374 3698 1526 3767 Θεὸν,
1581 3693 1908 3758 διδάσκαλος

262 3788 543 3861 γενόμενος
574 3785 653 3851 εἴς
704 3808 764 3844 τε
817 3789 919 3858 τὴν
977 3786 1051 3849 εἶς
1106 3788 1336 3862 Χριστὸν
1378 3785 1581 3856 πίστιν,
1613 3785 1702 3841 καὶ
1736 3784 1812 3847 είς
1841 3785 1909 3839 τὰ

263 3874 373 3951 ιιρᾶ
426 3897 753 3953 γράμματα,
810 3879 912 3948 τῆς
991 3875 1142 3951 ἁγίας
1202 3878 1474 3952 μάρτυρος
1532 3872 1902 3935 ’Δναστασίας.

259 3969 508 4041 Διωγμοῦ
564 3963 624 4021 δὲ
677 3967 1016 4036 κινηθέντος,
1072 3965 1371 4037 ἐκρατήθη,
1425 3965 1513 4021 καὶ
1549 3963 1625 4027 είς
1655 3961 1906 4041 φυλακήν

259 4049 546 4125 ἐνεϐλήθη.
577 4057 710 4112 "Ore
757 4055 849 4109 καὶ
906 4051 1110 4131 ἔγραψε
1160 4054 1298 4129 πρὸς
1330 4053 1491 4109 αὐτὸν
1524 4053 1559 4123 ἠ
1592 4051 1718 4128 ἁγία
1745 4052 1906 4107 Ἀνα-

259 4142 461 4246 Tracta,
486 4140 583 4198 ’ἱνα
614 4140 832 4215 εὔξηται
895 4143 1028 4217 ὑπὶρ
1085 4143 1282 4213 αὐτῆς,
1332 4142 1421 4199 καὶ
1454 4141 1505 4198 εἷ’
1537 4143 1632 4216 μὲν
1682 4143 1909 4218 γένηται

330 4232 343 4245 I
469 4232 484 4246 θ
534 4238 559 4246 .-
627 4238 672 4246 --
902 4234 915 4246 ι
1116 4234 1177 4246 Α-
1287 4232 1301 4246 ς
1365 4228 1409 4246 ιιι
1517 4229 1532 4246 ο
1699 4231 1762 4246 Λα.
1815 4226 1841 4246 η

260 4231 387 4305 ἀνὴρ
418 4232 595 4303 αὐτῆς
627 4234 975 4305 Χριστιανὸς,
1031 4234 1202 4306 σωθῇ·
1259 4232 1305 4287 εἰ
1361 4228 1421 4288 δὲ
1475 4229 1539 4287 οὗ
1569 4231 1790 4304 πεισθῇ,
1815 4226 1909 4284 ’ίνα

257 4320 522 4397 ἀποθάνῃ,
552 4322 646 4378 καὶ
693 4324 771 4396 μή
818 4322 913 4378 τὸν
970 4320 1211 4378 πλοῦτον
1266 4319 1432 4390 αὐτῆς
1462 4318 1745 4394 δαπανήσῃ
1776 4318 1910 4393 μετὰ

261 4408 705 4487 εἷδωλολατρῶν,
761 4410 912 4467 ἀλλὰ
964 4411 1310 4485 κατακενώσῃ
1369 4409 1527 4466 αὐτὸν
1581 4412 1617 4480 ἡ
1668 4407 1793 4486 ἁγία
1830 4407 1908 4470 εἷς

257 4499 376 4562 τοὺς
404 4499 619 4576 ἄγίους,
648 4500 739 4555 καὶ
770 4499 849 4564 εἷς
887 4499 1013 4563 τοὺς
1043 4499 1325 4576 πτωχούς.
1349 4501 1525 4573 ’Όπερ
1550 4498 1643 4554 καὶ
1674 4497 1904 4572 ἐγένιτο’

259 4587 372 4644 τότε
399 4592 436 4660 ἡ
468 4589 599 4664 ἁγία
628 4588 809 4645 ἄδειαν
860 4583 1125 4660 λαϐοῦσα,
1175 4589 1427 4664 ἆρόγευσε
1464 4586 1637 4643 πάντα
1665 4588 1765 4642 ὅσα
1794 4587 1909 4660 εἶχε

258 4678 377 4740 τοὺς
438 4679 727 4754 πτωχούς·
795 4678 889 4735 καὶ
965 4676 1299 4750 ἐνδυσαμένη
1355 4677 1622 4752 πενιχρὰν
1681 4673 1908 4743 στολὴν,

260 4770 591 4844 περιήρχετο
621 4769 711 4825 καὶ
743 4767 985 4841 διηκόνει
1013 4774 1132 4831 τοῖς
1170 4769 1348 4844 ἁγίοις
1379 4767 1432 4824 ἐν
1462 4771 1581 4830 ταῖς
1615 4764 1906 4840 φυλακαῖς.

259 4858 383 4914 Ὅτε
408 4858 503 4913 καὶ
549 4859 579 4913 6
628 4857 1020 4931 Διοκλητιανὸς
1065 4856 1119 4914 ἐν
1178 4858 1379 4929 Νικαίᾳ
1407 4849 1721 4930 διατρίϐων,
1751 4853 1908 4933 ἔγρα-

261 4947 349 5018 ψεν
404 4946 484 5010 εἷς
541 4947 789 5021 Ῥώμην,
840 4946 1044 5011 πάντας
1111 4947 1400 5012 ἀποθανεῖν
1455 4945 1585 5008 τοὺς
1641 4949 1908 5020 Χριστία-

262 5034 400 5103 νοὸς,
422 5036 516 5091 τὸν
545 5032 605 5092 δὲ
634 5038 983 5112 Χρυσόγονον
1027 5035 1106 5100 εἷς
1133 5035 1361 5094 Νίκαιαν
1392 5035 1631 5112 ἀχθῆναι
1661 5031 1905 5107 δέσμιον

263 5124 342 5178 καὶ
372 5125 608 5201 ἂχθὲντα
636 5124 1026 5205 ἀπεκεφάλισεν
1057 5124 1238 5182 αὐτόν.

849 5271 928 5343 τῇ
957 5267 1094 5343 αὐτῇ
1132 5267 1316 5343 ἡμέρα

264 5356 523 5428 Ἀθλησις
550 5362 660 5414 τῖον
694 5356 865 5430 ἁγίων
897 5361 1170 5488 γυὶπξαικὶὒν
1202 5356 1469 5433 Εἰρήνης,
1502 5354 1773 5431 Ἀγάπης,
1818 5356 1907 5411 καὶ

1011 5451 1091 5485 ιον
1122 5450 1206 5488 ας.

954 5451 1153 5488 Ᾱιονια
1192 5472 1206 5486 .

329 5519 477 5574 Κατὰ
512 5517 606 5572 τὸν
664 5519 851 5593 καιρὸν
910 5515 1001 5574 8τέ
1054 5451 1398 5593 Χρυέόγονος
1456 5518 1485 5573 6
1541 5518 1745 5592 μάρτυς
1803 5517 1907 5573 ὑπὸ

266 5605 653 5677 Διοκλητιανοῦ
681 5612 779 5662 τοῦ
811 5602 1229 5683 βασιλέωςίδίᾶ
1256 5608 1355 5675 τὴν
1398 5606 1476 5669 εἲς
1505 5607 1737 5682 Χριστὸν
1768 5606 1908 5679 ὁμο-

266 5692 473 5772 λογίαν,
500 5697 602 5766 τήν
630 5692 873 5773 κεφαλὴν
904 5697 1220 5771 ἀπετμήθη,
1268 5694 1506 5766 πλησίον
1544 5698 1645 5761 τῆς
1678 5691 1905 5768 λιμνης,

2025 589 2132 629 suo
2162 569 2517 627 detruditur.
2551 566 2663 622 Sed
2693 569 2926 621 mortuo
2977 579 3045 618 eo
3098 561 3365 627 dimissa,
3397 557 3675 615 omnibus

2023 660 2404 719 facultatibus
2435 658 2559 714 suis
2588 657 2649 712 in
2698 666 2989 728 pauperes
3019 649 3375 716 distributis,
3406 648 3677 704 sedulam

2025 751 2247 807 sanctis
2261 763 2503 821 operam
2517 741 3008 815 dabat,martyrio
3025 739 3337 796 defunctos
3356 735 3684 808 sepeliebat

2023 840 2362 910 multosque
2380 835 2453 893 ad
2476 833 2895 909 perferendum
2925 828 3278 900 martyrium
3308 824 3673 897 impellebat.

2023 932 2214 997 Quare
2244 945 2279 985 a
2308 926 2513 983 multis
2542 924 2774 980 diverso
2824 927 3088 992 tempore
3142 915 3439 989 praafectis
3469 930 3675 969 excru-

2023 1022 2200 1088 ciata,
2247 1017 2465 1076 deinde
2506 1017 2571 1071 in
2624 1029 2811 1078 mare,
2869 1014 3077 1084 postea
3104 1008 3167 1063 in
3202 1006 3401 1079 ignem
3434 1004 3677 1075 injecta,

2024 1112 2129 1168 sed
2158 1108 2476 1177 incolumis
2500 1105 2642 1163 inde
2686 1102 2959 1167 evadens,
2990 1096 3231 1155 tandem
3260 1112 3382 1151 una
3410 1110 3545 1149 cum
3578 1093 3674 1160 iis,

2024 1218 2156 1273 quas
2185 1215 2391 1256 secum
2421 1199 2612 1263 orant,
2646 1189 2998 1249 mulieribus
3039 1185 3386 1243 decollatur.

2661 1280 2883 1337 Eodem
2917 1278 3032 1334 die.

2023 1407 2127 1465 δυ
2192 1402 2645 1461 Commemoratio
2689 1395 3027 1455 sacrasancti
3080 1392 3341 1461 martyris
3398 1389 3677 1460 Capitonis

2572 1470 2813 1543 episcopi
2837 1468 3143 1523 Chersonae.

2095 1570 2199 1625 Hic
2227 1563 2558 1624 Theodosio
2612 1562 2818 1635 Magno
2874 1557 3233 1627 imperatore
3272 1554 3407 1623 post
3431 1547 3675 1606 Etherii

2022 1657 2289 1732 episcopi
2345 1654 2572 1710 obitum
2633 1650 2947 1722 episcopus
3002 1643 3367 1699 Chersonam
3401 1638 3675 1704 mittitur,

2023 1727 2140 1822 quo
2166 1727 2269 1804 ubi
2297 1744 2588 1817 pervenit,
2621 1739 2838 1797 Christi
2897 1736 3074 1792 fidem
3136 1730 3424 1804 populum
3462 1727 3676 1784 docere

1940 1855 1993 1918 Β
2023 1817 2219 1910 cmpit.
2252 1838 2390 1891 Erat
2416 1837 2615 1889 autem
2658 1830 2720 1883 in
2768 1825 2914 1882 urbe
2966 1824 3268 1879 Chersona
3295 1818 3499 1874 fanum
3529 1817 3676 1870 Par-

2022 1906 2226 1985 the—nio
2276 1923 2434 1981 idolo
2480 1921 2913 1989 nuncupatum,
2963 1911 3121 1984 quod
3178 1925 3315 1964 cum
3366 1906 3671 1961 destruere

2019 2017 2214 2083 vellet,
2248 2015 2496 2087 ejusque
2516 2010 2645 2065 loco
2669 2003 2957 2075 templum
2975 2003 3179 2057 sancto
3209 1995 3477 2068 apostolo
3499 1996 3673 2048 Petro

2019 2084 2297 2171 excitare,
2328 2102 2599 2157 fornaces
2628 2096 2703 2152 ad
2733 2088 3183 2167 prmparandam
3213 2084 3451 2141 aedificii
3483 2086 3670 2137 mate-

2016 2198 2169 2253 riam
2199 2192 2492 2251 accendit.
2526 2191 2601 2244 Λα
2634 2184 2818 2242 Graeci
2855 2186 2915 2237 et
2941 2177 3125 2236 Judaai
3156 2176 3357 2231 furore
3387 2171 3667 2243 correpti,

2017 2292 2330 2359 pOStquam
2389 2282 2593 2336 sancto
2653 2274 2754 2329 diu
2807 2266 3327 2331 contradixissent,
3383 2266 3667 2331 tanquam

2017 2376 2264 2432 deorum
2286 2384 2531 2427 suorum
2554 2360 2930 2425 destructori,
2948 2355 3191 2415 tandem
3212 2352 3286 2409 ad
3307 2367 3443 2407 eum
3464 2364 3668 2406 conve-

2016 2467 2272 2528 nientes,
2295 2461 2603 2518 dixerunt:
2623 2455 2680 2510 Si
2700 2467 2883 2509 unam
2907 2466 2978 2506 ex
2992 2444 3337 2503 fornacibus
3362 2442 3667 2513 ingressus

2013 2555 2220 2624 fueris,
2252 2556 2312 2609 et
2340 2546 2660 2605 incolumis
2689 2542 2830 2600 inde
2871 2536 3147 2603 evaseris,
3180 2550 3301 2591 non
3332 2530 3508 2587 modo
3539 2544 3670 2584 cre-

2015 2648 2225 2703 demus
2255 2656 2486 2706 omnes,
2518 2635 2624 2693 sed
2642 2634 2798 2690 ﬁlios
2818 2629 2997 2687 etiam
3023 2629 3261 2682 nostros
3281 2622 3343 2678 in
3364 2619 3667 2676 caminum

2014 2734 2420 2810 projiciemus.
2444 2719 2752 2801 Ingressus
2792 2721 2970 2793 igitur
2998 2715 3301 2773 caminum
3332 2709 3665 2782 episcopus.

2014 2836 2405 2897 egressusque
2428 2816 2674 2881 illaesus,
2700 2810 2914 2876 effecit,
2932 2812 2999 2863 ut
3018 2820 3226 2862 omnes
3256 2799 3586 2856 idololatrm
3608 2796 3670 2850 in

2013 2891 2325 2971 Christum?
2344 2907 2679 2972 crederent,
2736 2902 3063 2969 fanumque
3104 2892 3404 2950 idolorum
3436 2891 3668 2944 everte-

2013 3009 2166 3061 rent.
2197 3003 2464 3071 Cumque
2494 2995 2611 3052 alia
2641 2993 2955 3067 patrasset,
2983 2986 3045 3042 in
3071 2999 3213 3057 pace
3244 2980 3320 3038 ad
3349 2977 3668 3036 Dominum

2012 3092 2303 3166 migravit.

2654 3286 2876 3343 Eodem
2916 3283 3031 3339 die.

2163 3389 2258 3446 51
2306 3387 2597 3445 Certamen,
2640 3378 2819 3435 sancti
2847 3372 3108 3441 martyris
3157 3365 3517 3437 Chrysogoni.

2091 3479 2505 3549 Chrysogonus
2535 3473 2761 3539 martyr
2788 3481 2859 3521 ex
2897 3475 3113 3533 magna
3147 3455 3297 3513 urbe
3326 3456 3514 3510 Roma
3561 3451 3674 3506 fuit

2022 3565 2386 3625 Diocletiano
2420 3561 2802 3631 imperatore,
2824 3553 2910 3608 vir
2931 3550 3061 3622 [ius
3096 3549 3397 3615 Deumque
3428 3542 3668 3607 timens,

2023 3656 2125 3729 qui
2183 3658 2449 3710 sanctam
2506 3630 2831 3718 martyrem
2885 3636 3260 3696 Anastasiam
3291 3637 3351 3687 et
3397 3631 3577 3687 ﬁdem
3607 3630 3669 3684 in

2022 3724 2318 3801 Christum
2332 3784 2344 3808 ,
2365 3745 2423 3795 et
2441 3753 2639 3795 sacras
2660 3735 2887 3790 litteras
2907 3727 3127 3786 docuit.
3151 3725 3453 3780 Commota
3473 3724 3673 3775 autem

2022 3830 2457 3908 persecutione,
2483 3832 2710 3899 captus,
2735 3824 2796 3878 in
2826 3833 3127 3877 carcerem
3157 3812 3496 3886 conjicitur.
3527 3810 3672 3864 Tum

2020 3941 2157 3981 vero
2188 3921 2263 3978 ad
2295 3935 2432 3976 eum
2464 3914 2703 3988 scripsit
2731 3914 2936 3969 sancta
2956 3905 3289 3971 Anastasia,
3312 3907 3380 3958 ut
3407 3917 3513 3974 pro
3546 3899 3675 3970 ipsa

2022 4016 2209 4070 Deum
2241 4013 2457 4076 oraret,
2488 4012 2555 4062 ut
2577 3987 2627 4061 si
2646 4004 2736 4059 vir
2763 4016 2906 4057 suus
2933 3998 3169 4054 futurus
3200 3996 3357 4049 esset
3385 3987 3674 4046 Christia-

2021 4119 2155 4168 nus,
2184 4101 2439 4164 viveret;
2491 4096 2584 4152 sin
2615 4092 2837 4158 minus,
2868 4089 3218 4149 moreretur,
3251 4098 3328 4137 ne
3358 4095 3501 4151 opes
3533 4093 3670 4132 suas

2020 4210 2156 4251 cum
2186 4187 2517 4248 idololatris
2562 4182 2961 4244 consumeret,
2997 4175 3099 4232 sed
3148 4190 3251 4230 eas
3278 4172 3409 4243 ipsa
3438 4169 3498 4223 in
3532 4183 3666 4222 san-

2020 4291 2252 4342 ctorum
2268 4290 2716 4354 pauperumque
2737 4274 3010 4341 sumptus
3030 4263 3407 4337 expenderet.
3428 4257 3593 4325 Quod
3612 4261 3671 4311 et

2021 4342 2305 4444 contigit}
2330 4342 2603 4436 factaque
2620 4342 2749 4417 —voti
2771 4373 3037 4428 compos,
3068 4351 3344 4408 omnibus
3372 4342 3671 4402 facultati-

2021 4464 2131 4520 bus
2148 4432 2218 4516 in
2228 4432 2528 4531 pauperes
2540 4449 3176 4524 erogalis,sumptaque
3199 4435 3478 4512 pauperis
3496 4432 3668 4503 stola,

2022 4548 2393 4615 circumibat,
2415 4538 2863 4602 etministrabat
2878 4533 3102 4592 sanctis
3123 4526 3440 4588 in'carcere
3461 4524 3671 4580 deten-

1945 4613 1987 4676 θ
2021 4644 2116 4698 tis.
2150 4641 2275 4707 Quo
2307 4613 2572 4707 tempore
2603 4629 3003 4688 Diocletianus
3034 4641 3105 4681 ex
3122 4622 3273 4680 nrbe
3320 4620 3535 4682 Nicaea,
3566 4615 3669 4672 ubi

2019 4730 2382 4797 morabatur,
2416 4725 2645 4781 litteras
2692 4723 2937 4777 Romam
2997 4715 3182 4785 dedit,
3234 4715 3300 4767 ut
3348 4707 3667 4766 Christiani

2019 4836 2227 4878 omnes
2274 4816 2778 4877 interﬁcerentur,
2837 4809 3252 4881 Chrysogonus
3297 4817 3434 4857 vero
3482 4799 3558 4856 ad
3606 4815 3669 4853 se

2017 4912 2247 4967 vinctus
2268 4908 2523 4966 Nicaeam
2544 4904 2888 4961 duceretur:
2914 4896 3236 4956 adductum
3258 4897 3457 4949 autem
3479 4889 3671 4947 decol-

2017 5001 2127 5058 lari
2151 5000 2354 5073 jussit.

2650 5256 2871 5314 Eodem
2909 5255 3024 5312 die.

2018 5356 2119 5414 52
2153 5354 2435 5411 Certamen
2481 5348 3136 5477 sanctazuaghgnulierum
3182 5346 3386 5414 Irencs,
3428 5343 3666 5413 Agapes,

2655 5439 2684 5477 e
2837 5435 3025 5475 wmae.

2655 5435 2709 5478 et
2757 5435 3025 5475 amoma.

2087 5518 2210 5583 Quo
2243 5521 2507 5587 tempore
2556 5512 2972 5584 Chrysogonus
3027 5513 3274 5580 martyr,
3320 5502 3669 5560 Diocletiani

2016 5606 2389 5680 imperatoris
2412 5606 2606 5677 jussu,
2640 5601 2713 5657 ob
2744 5600 2963 5658 Christi
3006 5599 3446 5655 confessionem
3475 5594 3665 5665 capite

2013 5695 2226 5769 plexus
2258 5699 2349 5751 est
2368 5693 2542 5766 juxta
2588 5690 2870 5779 paludem
2920 5688 3077 5762 apud
3110 5701 3289 5759 quam
3319 5680 3666 5739 habitabant
