4074 6192
289 381 409 443 223

1593 380 2029 443 MENOLOGII
2072 378 2274 442 PARS
2316 380 2391 442 ll.

3580 378 3697 439 224

293 517 513 571 sanctae
542 517 663 571 tres
694 530 925 571 sororcs
948 514 1164 587 Agape,
1196 511 1467 584 Chionia,
1501 517 1561 568 et
1600 514 1791 582 Irene,
1820 527 1942 569 una

2079 531 2104 566 ν
2255 512 2549 585 κατέμενον
2606 509 2666 566 αἲ
2720 507 2867 587 ἅγιαι
2941 515 3088 585 τρεῖς
3147 506 3401 584 ἀδελφαὶ,
3461 506 3700 584 Ἀγάπη,

293 620 429 661 cum
460 604 616 661 Zoilo
642 603 897 676 quodam
922 602 1021 658 Dei
1048 618 1212 658 servo
1237 621 1251 669 ;
1285 603 1561 677 apparuit
1584 601 1743 658 idem
1764 602 1944 675 Chry-

297 709 555 766 sogonus
584 694 643 748 in
680 692 908 748 somnis
964 691 1145 758 Zoilo,
1205 692 1435 763 dicens,
1466 691 1592 748 fore
1646 696 1712 747 ut
1742 697 1948 749 sancta

294 781 607 837 Anastasia
659 785 959 837 certamen
1020 780 1251 836 subiret
1301 796 1435 836 cum
1495 781 1718 837 sanctis
1756 780 1946 836 tribus

298 869 622 933 sororibus,
647 885 777 940 quae
799 869 949 925 citra
967 885 1198 925 nonum
1220 869 1379 926 diem
1403 886 1653 944 agonem
1678 870 1947 943 martyrii

270 963 796 1037 ‘consummaturae
828 964 1048 1015 essent.
1101 960 1240 1025 Qum
1284 975 1419 1015 cum
1450 959 1716 1016 audisset
1744 963 1950 1016 sancta

296 1047 626 1115 Anastasia,
660 1052 928 1102 sanctum
953 1048 1395 1120 Chrysogonum
1421 1054 1643 1113 secuta,
1675 1049 1951 1105 convenit

294 1139 532 1190 sanctas
552 1135 709 1203 illas,
734 1153 955 1207 easque
986 1137 1293 1209 complexa
1314 1144 1422 1205 est,
1449 1142 1504 1193 et
1532 1137 1824 1193 serviebat
1839 1136 1946 1207 eis,

293 1226 359 1281 Id
388 1242 524 1281 vero
581 1227 682 1282 ubi
728 1228 964 1284 rescivit
1014 1228 1435 1296 Diocletianus,
1486 1229 1951 1301 comprehensas

296 1314 545 1371 tradidit
592 1316 854 1388 regionis
909 1317 1226 1388 praefecto:
1280 1335 1314 1374 a
1370 1334 1486 1389 quo
1518 1323 1709 1387 tortas,
1742 1335 1950 1374 rursus

298 1404 470 1459 alteri
502 1405 800 1475 praefecto,
850 1405 1109 1461 Sisinnio
1155 1406 1421 1473 nomine,
1464 1407 1814 1464 traduntur:
1849 1408 1952 1479 qui

303 1498 540 1548 sanctas
573 1493 809 1563 quidem
835 1496 1096 1566 Agapen,
1120 1500 1179 1549 et
1196 1496 1503 1551 Chioniam
1525 1496 1647 1569 igni
1680 1497 1952 1552 consumi

295 1582 512 1655 jussit:
547 1588 813 1639 sanctam
842 1599 979 1638 vero
1010 1585 1243 1640 Irenem
1282 1585 1524 1657 quidam
1556 1586 1730 1642 miles
1758 1586 1953 1659 gladio

304 1668 577 1725 confecit.

2048 599 2262 673 Χιονία,
2292 601 2380 656 καὶ
2416 599 2648 673 Εἰρήνη,
2711 599 2846 674 μετὰ
2898 598 3116 656 Ζωῖλου
3168 598 3315 663 τινὸς
3370 594 3573 653 δούλου
3603 600 3702 652 τοῦ

2049 692 2205 756 Θεοῦ,
2265 687 2434 765 ἐφάνη
2489 690 2519 744 ὁ
2577 689 2928 765 Χρυσόγονος
2983 693 3063 762 τῷ
3122 686 3317 761 Ζωΐλῳ
3370 687 3509 742 κατὰ
3572 685 3702 748 τοὺς

2050 776 2250 840 ὕπνους
2284 776 2457 853 λέγιιιν
2507 778 2675 851 αὐτῷ,
2734 776 2818 834 ὅτι
2868 775 3074 833 Μέλλει
3130 779 3166 848 ἡ
3225 776 3351 853 ἁγία
3379 775 3706 834 Ἀναστασία

2050 866 2511 942 συναγωνίσασθαι
2540 872 2660 932 ταῖς
2709 866 2884 944 ἁγίαις
2929 867 3103 943 τρισὶν
3147 862 3426 943 ἀδελφαῖς,
3461 862 3705 939 μελλού-

2053 977 2171 1020 σαις
2199 955 2347 1012 ἐντὸς
2403 955 2555 1012 ὲννὲα
2609 958 2836 1032 ἡμερῶν
2892 954 3071 1012 τελεῖν
3111 955 3202 1010 τὸν
3231 954 3415 1030 ἀγῶνα
3440 958 3537 1010 τοῦ
3569 972 3706 1028 μαρ-

2050 1045 2261 1118 τυρίου.
2295 1050 2471 1101 Ταῦτα
2501 1045 2774 1101 ἀκούσασα
2810 1048 2845 1116 η
2894 1045 3024 1121 ἁγία
3078 1045 3420 1114 ’Λναστασία,
3453 1042 3707 1115 ἠκολού-

2053 1136 2186 1205 θησε
2212 1139 2292 1206 τῷ
2320 1135 2460 1210 ἁγίῳ
2500 1134 2849 1212 Χρυσογόνῳ,
2901 1136 2991 1191 καὶ
3040 1133 3293 1205 εῗσῆλθεν
3324 1134 3399 1196 είς
3431 1133 3523 1196 τὰς
3554 1132 3709 1210 άγίας

2053 1224 2142 1280 καὶ
2199 1226 2480 1295 ἠσπάσατο
2539 1226 2728 1295 αὐτὰς,
2797 1226 2886 1280 καὶ
2969 1222 3256 1280 ἐδούλευεν
3307 1224 3513 1286 αὐταῖς.
3572 1224 3712 1280 Εἶτα

2059 1313 2244 1387 μαθὼν
2306 1315 2334 1369 ὁ
2392 1312 2810 1384 Διοκλητιανὸς,
2869 1312 3163 1390 ἐκράτησεν
3219 1312 3405 1381 αὐτὰς,
3434 1311 3525 1367 καὶ
3571 1330 3711 1384 παρ-

2057 1398 2226 1457 έδωκε
2252 1406 2335 1475 τῷ
2360 1408 2462 1471 τῆς
2491 1403 2679 1479 χώρας
2717 1399 2969 1478 ἄρχοντι,
3024 1402 3111 1458 καὶ
3171 1401 3591 1476 ἐτιμωρήθησαν
3621 1398 3714 1454 ὁπ’

2057 1490 2244 1559 αὐτοῦ,
2277 1491 2368 1547 καὶ
2412 1489 2581 1545 πάλιν
2633 1488 3012 1567 παρεδόθησαν
3062 1488 3221 1563 ἄλλῳ
3276 1491 3502 1565 ἄρχοντι
3548 1488 3714 1564 λεγοο

2063 1582 2213 1654 μένῳ
2246 1578 2521 1654 Σισιννίῳ.
2558 1582 2654 1637 Καὶ
2692 1581 2721 1635 ὁ
2753 1578 2967 1656 ἅρχων,
3031 1582 3133 1650 τήν
3196 1580 3292 1654 μὶν
3347 1580 3501 1655 ἁγίαν
3533 1575 3714 1653 Ἀγά-

2058 1692 2192 1741 πην,
2240 1672 2327 1726 καὶ
2359 1670 2461 1740 τὴν
2506 1670 2664 1746 ἁγίαν
2724 1669 2946 1726 Χιονίαν
3004 1670 3137 1743 πυρὶ
3192 1666 3494 1746 παρέδωκε,
3524 1670 3624 1737 τὴν
3658 1663 3717 1722 δὶ

2062 1760 2217 1835 ἁγίαν
2250 1758 2492 1835 Εἰρήνην
2523 1759 2584 1815 ἐκ
2608 1764 2717 1815 τῶν
2767 1762 3114 1836 στρατιωτῶν
3166 1760 3243 1821 εἷς
3305 1758 3439 1832 μετᾶ
3480 1757 3715 1812 σπαθίου

1985 1863 2033 1929 Β
2061 1846 2185 1925 ἐφόν
2193 1868 2361 1906 ευσεν.

964 1938 1183 1995 Eodem
1213 1940 1309 1996 die

377 2027 478 2084 58
511 2028 796 2083 Certamen
832 2034 1034 2084 sanctae
1083 2032 1344 2111 martyris
1397 2030 1682 2087 Theodotaz
1712 2038 1764 2087 et
1808 2032 1959 2101 ﬁlio-

979 2116 1103 2155 rum
1142 2117 1281 2171 ejus.

376 2186 676 2242 Theodota
704 2192 930 2259 martyr
960 2189 1022 2244 in
1054 2189 1328 2262 Bithynia
1353 2196 1514 2259 nata,
1545 2191 1767 2248 celebri
1798 2194 1957 2249 Ana-

303 2274 499 2330 stasiao
530 2273 688 2330 fama
712 2282 1030 2345 commota,
1054 2293 1185 2333 eam
1208 2279 1375 2347 adiit,
1403 2285 1463 2335 et
1481 2296 1618 2335 cum
1640 2296 1710 2336 ea
1731 2286 1962 2337 versata

306 2368 396 2419 est
425 2363 605 2420 simul
634 2382 770 2422 cum
828 2366 968 2423 ﬁliis
1027 2368 1149 2424 suis
1175 2385 1189 2424 :
1248 2370 1421 2442 cujus
1450 2371 1793 2445 conjugium
1824 2388 1959 2428 cum

309 2457 540 2524 peteret
586 2454 913 2512 Leucadius
959 2456 1299 2529 praefectus,
1358 2464 1418 2515 et
1474 2459 1580 2515 illa
1634 2466 1959 2530 recusaret,

310 2544 515 2599 volens
545 2560 683 2600 eum
733 2545 959 2619 fugere,
1002 2549 1248 2621 rogavit,
1291 2553 1360 2606 ut
1403 2549 1710 2625 paulisper
1750 2567 1962 2623 exspe-

311 2637 519 2699 ctaret,
553 2649 613 2688 se
644 2650 781 2690 mox
814 2634 1097 2693 voluntati
1130 2639 1259 2711 ejus
1282 2638 1711 2696 obsecuturam.
1742 2643 1961 2713 Exspe-

312 2725 511 2777 ctante
543 2722 743 2794 itaque
772 2725 1074 2797 praafecto,
1106 2728 1256 2799 ipsa,
1296 2729 1550 2802 erogatis
1579 2729 1641 2785 in
1670 2745 1963 2802 pauperes

310 2809 715 2879 facultatibus,
736 2815 957 2870 sanctis
988 2815 1381 2873 ministrabat.
1405 2817 1808 2874 Diocletianus
1828 2835 1962 2874 vero

309 2915 445 2954 cum
477 2902 846 2973 cognovisset
883 2920 1152 2960 carceres
1183 2910 1243 2961 et
1270 2907 1567 2979 ergastula
1612 2907 1963 2963 Christianis

310 2987 490 3060 plena
520 3004 670 3058 esse,
705 2992 891 3047 edixit
931 2998 998 3047 ut
1042 3009 1249 3049 omnes
1296 3000 1470 3051 nocte
1500 3012 1643 3063 una,
1674 2996 1776 3051 alii
1807 2997 1963 3069 igne,

311 3075 416 3131 alii
447 3093 619 3148 aqua,
653 3079 754 3134 alii
783 3080 939 3135 ferro
972 3080 1344 3139 tollerentur.
1392 3083 1785 3148 Quamobrem
1820 3086 1967 3140 Leu-

314 3165 520 3221 cadius
553 3168 797 3223 tradidit
826 3175 1091 3225 sanctam
1139 3172 1500 3229 Theodotam
1530 3189 1666 3230 cum
1698 3174 1838 3230 ﬁliis
1870 3175 1964 3230 Ni-

315 3254 466 3309 cetio
488 3255 777 3326 Bithyniaa
798 3258 1096 3329 praefecto,
1119 3265 1185 3315 ut
1210 3277 1313 3315 eos
1333 3266 1638 3334 torqueret
1661 3279 1673 3316 :
1708 3264 1809 3334 qui
1832 3280 1968 3319 eum

315 3342 388 3397 ab
418 3344 611 3399 Evodo
640 3344 954 3402 Theodotae
996 3348 1389 3422 primogenita
1420 3349 1851 3424 objurgaretur,
1884 3352 1972 3407 ira

238 3428 247 3435 ’
319 3435 780 3504 excandescens,
814 3438 1110 3511 ingentem
1164 3442 1468 3497 iornacem
1500 3442 1743 3498 ascendi
1767 3442 1969 3515 jussit,

316 3523 502 3595 inque
535 3542 665 3580 eam
695 3528 908 3599 projici
940 3529 1299 3586 Theodotam
1330 3548 1462 3586 cum
1499 3531 1659 3587 filiis.

1998 3221 2148 3326 αξξ

2655 1942 2738 2014 Τῇ
2767 1940 2903 2013 αὐτῇ
2947 1936 3131 2013 ἡμέρᾳ

2066 2030 2332 2100 ἈθΛησις
2386 2035 2487 2099 τῆς
2543 2027 2718 2105 ἁγίας
2763 2026 3054 2105 μάρτυρος
3110 2024 3402 2097 Θεοδότης,
3459 2025 3550 2083 καὶ
3605 2027 3715 2079 τῶν

2666 2100 2868 2157 τέκνων
2921 2100 3114 2166 αὐτῆς.

2139 2187 2377 2261 Θεοδότη
2411 2192 2445 2260 ἡ
2482 2189 2686 2267 μάρτυς
2739 2191 2987 2268 ὑπῆρχεν
3044 2188 3152 2245 ἀπὸ
3189 2192 3292 2255 τῆς
3332 2188 3720 2270 χώραςΒιθυ-

2069 2278 2206 2342 νίας.
2266 2278 2570 2338 ’Δκούσασα
2622 2276 2681 2335 δὲ
2761 2279 2888 2355 περί
2974 2284 3076 2349 τῆς
3130 2277 3286 2354 ἁγίας
3342 2274 3725 2345 ’Δναστασίας,

2070 2367 2286 2436 ἀπῆλθε
2340 2369 2479 2444 πρὸς
2524 2368 2716 2441 αὐτὴν,
2764 2368 2856 2425 καὶ
2914 2364 3150 2445 διέτριϐε
3208 2368 3323 2442 μετ’
3379 2365 3569 2435 αὐτῆς,
3612 2364 3730 2436 ἅμα

2070 2462 2187 2520 τοῖς
2237 2457 2446 2520 τεκνοις
2499 2457 2690 2527 αὐτῆς.
2751 2456 3021 2533 Πρότερον
3080 2452 3139 2510 δὲ
3183 2457 3220 2525 ἡ
3278 2451 3406 2529 ἁγία
3456 2449 3597 2518 αὖτή
3628 2448 3730 2505 ἐπ-

2073 2552 2317 2618 εζητεῖτο
2373 2547 2511 2622 πρὸς
2563 2548 2740 2622 γάμον
2801 2545 2907 2601 ὑπὸ
2966 2540 3263 2600 Λευκαδίου
3289 2547 3389 2599 τοῦ
3428 2540 3721 2616 ἄρχοντος.

2070 2636 2228 2694 Ἀλλ’
2281 2636 2382 2691 οὐκ
2437 2634 2698 2691 ἐπείθετοο
2757 2634 2911 2708 ὅμως
2968 2630 3201 2690 θέλουσα
3253 2631 3412 2687 αὐτὸν
3452 2629 3725 2705 ἐκφυγεῖν,

2075 2727 2339 2800 ἐμήνυσεν
2399 2724 2546 2797 αὖτῷ
2604 2725 2796 2800 μικρὸν
2869 2725 3152 2798 ἀναμεῖναι
3209 2721 3402 2792 αὐτὴν,
3456 2719 3549 2775 καὶ
3601 2717 3729 2773 τότε

2076 2819 2308 2881 ποιῆσαι
2337 2815 2400 2869 τὸ
2431 2812 2652 2887 θέλημα
2678 2813 2864 2870 αὐτοῦ.
2896 2814 3008 2871 Τοῦ
3038 2810 3096 2867 δὲ
3125 2809 3393 2888 ἄρχοντος
3434 2807 3727 2881 ἀναμένονο

2076 2925 2192 2975 τος,
2225 2902 2360 2974 αὐτὴ
2392 2904 2483 2958 τὸν
2532 2903 2769 2958 πλοῦτον
2829 2900 2999 2970 αὐτῆς
3052 2898 3218 2956 δοῦσα
3265 2903 3539 2975 πτωχοῖς,
3571 2892 3728 2952 ἐδοό-

2081 3004 2206 3048 Αευε
2250 2996 2369 3054 τοῖς
2419 2990 2615 3069 ἁγίοις.
2658 2990 2920 3053 Ἀκούσας
2978 2988 3036 3045 δὲ
3085 2989 3480 3059 Διοκλητιανὸς
3508 2987 3591 3041 δτι
3622 2987 3727 3039 πᾶ-

2080 3102 2167 3136 σαι
2226 3084 2277 3136 αί
2333 3080 2571 3156 φυλακαὶ
2627 3079 2717 3136 καὶ
2791 3081 2858 3137 τὰ
2939 3080 3271 3155 ἐργαστήρια
3331 3077 3559 3153 γέμουσι
3615 3076 3726 3128 τῶν

2083 3155 2437 3246 Χριστιανῶν,
2496 3169 2744 3227 ἐκέλευσε
2798 3168 3002 3232 πάντας
3057 3167 3111 3224 ἐν
3167 3173 3268 3242 μιᾷ
3322 3165 3474 3223 νυκτὶ
3541 3183 3733 3242 φονευ-

2154 3282 2263 3328 ναι,
2292 3259 2419 3324 τοὺς
2470 3261 2564 3334 μὶν
2623 3258 2714 3316 διὰ
2768 3260 2959 3335 πυρὸς,
3009 3257 3137 3322 τοὺς
3167 3256 3226 3314 δὲ
3254 3255 3324 3312 δι’
3355 3253 3573 3324 ὕδατος,
3603 3251 3730 3314 τοὺς

2081 3346 2139 3404 δὲ
2170 3348 2260 3405 διά
2289 3349 2497 3423 ξίφους.
2530 3349 2670 3407 Τότε
2709 3350 2738 3404 ὁ
2789 3345 3090 3411 Λευκάδιος
3136 3343 3418 3419 παρέδωκε
3444 3346 3542 3414 τήν
3573 3342 3731 3417 ἁγίαν

2079 3437 2373 3511 Θεοδότην,
2402 3438 2493 3493 καὶ
2521 3438 2589 3493 τὰ
2641 3437 2836 3494 παιδία
2889 3437 3063 3507 αὐτῆς
3115 3435 3359 3509 Νικητίῳ
3385 3438 3467 3507 τῷ
3494 3432 3727 3507 ἄρχοντι

2080 3528 2349 3596 Βιθυνίας,
2404 3528 2500 3582 ἳνα
2582 3526 2843 3603 βασανίσῃ
2927 3526 3145 3588 αὐτούς.
3219 3526 3322 3582 Καὶ
3381 3526 3410 3580 ὁ
3465 3524 3738 3593 Νικήτιος

319 3608 603 3685 ἐλεγχθεὶς
633 3613 736 3669 ὑπὸ
768 3612 999 3671 Εὖώδου
1026 3621 1125 3671 τοῦ
1155 3618 1376 3693 πρώτου
1406 3620 1528 3673 υἱοῦ
1557 3620 1729 3690 αὐτῆς
1761 3618 2029 3696 ὠργίσθη.
2062 3618 2161 3675 Καὶ
2190 3617 2395 3693 ἀνάψας
2427 3615 2671 3694 μεγάλην
2695 3617 2950 3690 κάμινον,
2980 3611 3199 3672 ἔκαυσεν
3229 3614 3320 3671 καὶ
3350 3615 3517 3685 αὖτῆν
3547 3613 3638 3672 καὶ
3665 3614 3737 3669 τὰ

320 3698 514 3754 παιδία
543 3700 731 3771 αὐτῆς.

891 3821 1132 3877 EODEM
1164 3825 1414 3881 MENSE.

825 3909 927 3964 Die
957 3909 1238 3968 vicesima
1268 3914 1458 3969 tcrtia.

334 3995 435 4053 54
474 3993 757 4051 Certamen
784 4003 1095 4054 sanctorum
1134 4000 1317 4058 decem
1369 4008 1674 4074 martyrum
1703 4006 1762 4059 in
1793 4004 1973 4060 Creta.

396 4172 520 4242 Isti;
556 4174 728 4230 Decio
759 4174 1141 4249 imperatore,
1199 4196 1270 4235 ex
1327 4181 1526 4238 insula
1576 4182 1761 4239 Cretae
1787 4182 1976 4260 fuere,

327 4281 448 4320 non
481 4270 681 4321 tamen
702 4283 775 4323 ex
795 4267 1003 4325 eadem
1033 4269 1289 4342 civitate,
1310 4272 1415 4329 sed
1440 4282 1511 4330 ex‘
1540 4273 1788 4331 diversis
1817 4275 1974 4345 ejus-

329 4354 465 4412 dem
487 4356 748 4429 regionis
768 4356 934 4415 locis.
956 4359 1026 4414 Et
1044 4376 1116 4416 ex
1135 4362 1452 4436 metropoli
1467 4362 1708 4436 quidem
1721 4365 1981 4436 Gortyna

330 4446 595 4517 quinque
633 4451 829 4504 ortum
886 4448 1130 4519 duxere,
1186 4452 1546 4520 Theodulus,
1603 4454 1978 4523 Saturninus,

2619 3824 2806 3883 MHNI
2859 3827 2945 3877 ΤΩ
3000 3823 3198 3880 ΑΥΤΩ.

2843 3912 2965 3972 Kl".

2226 4006 2492 4073 ,ΑθΑησις
2522 4006 2629 4058 τῶν
2675 4001 2849 4131 ἀγίωέ
2886 3999 3025 4145 Ἰξὲδια
3079 3999 3367 4077 μαρτύρων
3399 4000 3508 4055 τῶν
3537 3999 3588 4054 ἐν

2854 4094 2883 4145 Ρ
2925 4094 3017 4145 την

2854 4094 2993 4149 ρητιι
3004 4116 3017 4128 ·

2156 4166 2320 4222 Οὗτοι
2346 4165 2483 4235 ἦσαν
2543 4163 2632 4220 ἐπὶ
2689 4170 2788 4235 τῆς
2848 4161 3127 4240 βασιλείας
3186 4159 3376 4217 Δεκίου
3406 4159 3459 4215 ἐν
3484 4162 3555 4234 τῇ
3584 4160 3739 4232 νήσῳ

2082 4258 2185 4325 τῆς
2216 4256 2454 4331 Κρήτης,
2486 4253 2589 4310 οὐκ
2615 4253 2722 4311 ἀπὸ
2775 4258 2902 4327 μιᾶς
2942 4251 3181 4323 πόλεως,
3212 4247 3339 4306 ἀλλ’
3370 4248 3431 4305 ἐκ
3460 4246 3740 4324 διαφόρων

2085 4348 2182 4411 τῆς
2233 4332 2423 4421 χώρας
2475 4347 2676 4419 μερῶν·
2730 4343 2818 4398 καὶ
2868 4340 2977 4397 ἀπὸ
3031 4341 3127 4414 μὲν
3174 4346 3275 4410 τῆς
3336 4335 3737 4413 μητροπόλεως

2089 4434 2364 4512 Γορτόνης
2417 4433 2555 4504 ἦσαν
2611 4432 2791 4503 πέντε,
2839 4428 3163 4500 ΘεόδουΑος,
3225 4426 3606 4503 Σατουρνίνος,
3636 4421 3743 4482 Εὔ-

327 4535 617 4605 Euporus,
652 4536 936 4603 Gelasius,
996 4540 1392 4598 Eunicianus:
1453 4560 1524 4599 ex
1579 4544 1804 4599 Gnosso
1841 4558 1965 4599 verc

2088 4501 2278 4601 πορος,
2318 4501 2611 4596 ⁷Γελιλίσιος,
2669 4501 3012 4583 Εὔνιιιιανόςυ
3056 4518 3165 4575 ἀπὸ
3228 4515 3286 4574 δὲ
3352 4501 3572 4573 κνωσοῦ
3618 4520 3739 4605 Ζω-

332 4622 564 4677 Zoticus
588 4640 601 4677 :
626 4640 696 4679 ex
716 4626 925 4696 Epinio
950 4628 1273 4686 Leomenes
1286 4631 1561 4688 Pontius:
1588 4648 1660 4688 ex
1683 4634 1977 4688 Panormo

333 4711 714 4783 Agathopus:
748 4729 817 4769 ex
849 4715 1110 4787 Cydonia
1142 4719 1467 4776 Basilides:
1500 4727 1560 4776 et
1598 4739 1666 4776 ex
1699 4721 1983 4779 Heraclea

330 4799 774 4866 Evarestus.Qui
787 4805 1201 4875 comprehensi
1214 4808 1287 4863 ab
1303 4808 1667 4877 infidelibus,
1702 4811 1981 4883 praefecto

331 4886 544 4942 insulae
578 4888 929 4948 traduntur:
962 4897 1024 4947 at
1047 4892 1149 4949 ille
1181 4896 1401 4967 populo
1432 4898 1835 4970 imperavit,ut
1861 4900 1985 4955 vin-

332 4979 460 5030 ctos
517 4975 595 5032 ad
648 4993 781 5034 aras
839 4978 1138 5037 idolorum
1196 4983 1731 5054 circumducerent,
1765 4994 1824 5043 et
1866 4988 1983 5044 nisi

334 5064 736 5138 immolarent,
767 5068 1110 5142 gravissime
1143 5087 1265 5139 eos,
1320 5078 1385 5128 ut
1430 5076 1645 5147 cuique
1688 5075 1983 5145 libuisset,

332 5158 702 5225 torquerent.
736 5157 995 5231 Triginta
1025 5158 1224 5232 itaque
1257 5160 1487 5219 dierum
1517 5164 1708 5235 spatio
1740 5165 1988 5221 circum-

332 5242 651 5313 ducuntur,
683 5245 1042 5317 illuduntur,
1074 5249 1481 5322 verberantur,
1513 5251 1988 5326 lapidantur,per

332 5335 595 5388 stercora
617 5339 926 5406 raptantur
951 5353 964 5392 :
987 5336 1229 5394 demum
1256 5338 1534 5412 praefecto
1564 5357 1670 5413 pro
1704 5341 1989 5403 tribunali

334 5418 602 5490 sedente,
626 5438 823 5479 coram
853 5440 920 5481 eo
943 5425 1334 5496 decollantur,
1354 5427 1429 5484 ad
1451 5434 1784 5487 extremum
1807 5430 1986 5504 spiri-

335 5513 461 5565 tum
491 5512 710 5584 gratias
741 5514 858 5570 Deo
887 5520 1148 5587 agentes.

2086 4615 2260 4678 τικός’
2315 4612 2424 4669 ἀπὸ
2481 4610 2539 4668 δὲ
2590 4615 2689 4668 τοῦ
2743 4611 3016 4669 Ἐπινείου
3070 4605 3345 4682 Λεομένης
3396 4605 3647 4667 Ηόντιοςο
3679 4603 3742 4659 ἐκ

2088 4702 2148 4760 δὶ
2191 4707 2290 4759 τοῦ
2338 4701 2627 4778 Πανόρμου
2675 4701 3032 4777 Ἀγαθόπους’
3077 4697 3185 4753 ἀπὸ
3231 4695 3291 4753 δὶ
3318 4693 3596 4757 Κυδωνίας
3630 4696 3737 4752 Βα-

2090 4788 2359 4861 σιλείδης·
2388 4790 2480 4846 καὶ
2530 4790 2638 4846 ἀπὸ
2691 4792 2794 4845 τοῦ
2850 4787 3182 4864 Ἡρακλείου
3214 4785 3539 4864 Εὐάρεστος.
3571 4784 3739 4843 Οὗτοι

2089 4879 2448 4956 κρατηθὲντες
2507 4878 2654 4953 παρὰ
2707 4882 2817 4933 τῶν
2868 4876 3128 4946 ἀπίστων,
3175 4879 3256 4948 τῷ
3309 4876 3410 4944 τῆς
3440 4876 3611 4945 νήσου
3639 4870 3741 4947 ἅρ-

2092 4990 2250 5048 χοντι
2279 4966 2682 5044 παρεδόθησαν·
2749 4966 2953 5028 ἐκεῖνος
3011 4963 3071 5021 δὶ
3114 4968 3195 5035 τῶ
3250 4963 3575 5035 πλήθειτοῦ
3606 4961 3745 5017 λαοῦ

2089 5060 2410 5136 προσέταξεν
2466 5054 2629 5127 δῆσαι
2705 5055 2925 5124 αὐτοὺς,
3000 5054 3091 5110 καὶ
3155 5056 3434 5130 περιάγειν
3485 5052 3560 5115 εἲς
3612 5050 3745 5114 τοὺς

2096 5150 2319 5227 βωμοὺς
2345 5154 2454 5206 τῶν
2504 5145 2773 5218 είδώλων,
2831 5146 2922 5202 καὶ
2974 5145 3023 5201 εἶ’
3079 5146 3157 5220 μή
3190 5145 3447 5214 θύσωσιν,
3479 5144 3747 5220 ἰσχυρῶς,

2093 5240 2167 5303 ὡς
2225 5239 2499 5307 θὲλουσιν,
2555 5237 2750 5299 αὐτοὺς
2801 5236 3243 5312 τιμωρήσασθαι.
3294 5234 3416 5290 Ἐπὶ
3456 5233 3752 5309 τριάκοντα

2094 5328 2152 5388 δὶ
2180 5331 2418 5406 ἡμέραις
2465 5325 2970 5404 περιελαυνόμενοι,
3018 5323 3360 5394 παιζόπενοι,
3388 5321 3750 5396 τυπτόμενοι,

2097 5414 2578 5493 λιθοϐολούμενοι,
2638 5414 2773 5473 κατᾶ
2829 5421 2929 5485 τῆς
3006 5413 3065 5471 ἐκ
3120 5411 3375 5489 κοπρίαις
3429 5412 3751 5488 συρόμενοι,

2097 5510 2316 5586 ὕστερον
2346 5513 2444 5566 τοῦ
2501 5508 2773 5584 ἄρΧοντος
2829 5506 3281 5582 προκαθίσαντος,
3311 5502 3545 5561 ἐνώπιον
3578 5502 3751 5558 αὐτοῦ

2094 5598 2625 5677 ἀπεκεφαλίσθησαν,
2681 5596 3131 5674 εὐχαριστοῦντες
3192 5595 3359 5670 μέχρι
3406 5596 3505 5649 τοῦ
3550 5588 3751 5653 τέλους

2093 5697 2172 5767 τῷ
2201 5694 2339 5766 Θεῷ.
