4074 6192
346 256 470 317 225
1875 258 2015 320 DEC

2130 262 2313 323 BER.
3642 269 3763 331 226

902 391 1084 449 MllNl
1114 390 1209 446 ΤΩ
1242 388 1441 447 ΑΥΤΩ.

2672 400 2912 457 EODEM
2951 402 3096 457 MEN
3104 401 3203 457 SE.

455 592 474 606 .
733 601 759 606 _
864 596 879 606 ,
930 595 942 606 ,
1130 507 1235 562 ΚΔ.
1410 595 1471 606 ἡ,
1583 595 1595 606 ,
1820 597 1832 606 _
2616 519 2719 574 Die
2750 518 3030 575 vicesima
3050 523 3267 590 quarta

378 595 622 667 Αθλησις
692 601 794 665 τῆς
852 595 1005 672 ἁγίας
1063 615 1336 687 μαρτυρες
1406 595 1693 672 Εὐγενίας,
1745 597 1837 652 καὶ
1899 602 2005 652 τῶν

1035 689 1128 723 συν
1169 688 1331 742 αυτῃ.

2130 608 2220 666 ιδ
2255 607 2538 664 Certamen
2564 614 2767 664 sancta
2791 612 3051 677 martyris
3075 610 3356 678 Eugeniae,
3388 614 3441 663 et
3463 611 3765 667 sociorum.

424 755 552 811 Ἐπὶ
580 758 680 826 τῆς
715 754 998 833 βασιλείας
1044 755 1325 830 Κομόδου,
1355 759 1423 827 ἧν
1474 758 1509 826 ἡ
1567 756 1698 833 ἁγία
1754 755 2007 832 Εὐγενία,

356 847 597 920 θυγάτηρ
630 845 918 902 Φιλίππου
947 851 1043 903 τοῦ
1077 848 1328 924 ἐπάρχου
1378 845 1623 920 Ῥώμης·
1680 850 1776 902 τοῦ
1815 843 1873 902 δὲ
1899 867 2010 902 πα-

355 933 513 1010 τέρος
572 933 743 1006 αὐτῆς
800 935 877 999 είς
945 934 1354 1013 Ἀλεξάνδρειαν
1412 933 1809 998 ἀποσταλέντος
1864 935 2010 999 παρά

358 1021 643 1097 Κομόδου,
673 1024 764 1080 ἳνα
790 1023 1009 1100 γένηται
1034 1024 1127 1081 καί
1182 1023 1297 1081 ἐκεῖ
1351 1022 1616 1100 ἔπαρχος,
1677 1023 1794 1081 ἐπεὶ
1849 1024 1939 1080 καὶ
1971 1024 2006 1094 ἠ

355 1113 491 1188 γυνὴ
514 1112 707 1185 αὐτοῦ,
763 1115 855 1169 καὶ
906 1115 973 1171 τά
1028 1113 1222 1171 παιδία
1277 1112 1552 1184 ἀπῆλθον,
1609 1112 1822 1184 ἀπῆλθε
1851 1111 1941 1169 καὶ
1972 1115 2008 1183 ἢ

361 1199 489 1277 ἁγία
515 1202 770 1278 Εὖγενία·
802 1202 895 1259 καὶ
943 1203 1052 1259 ἐκεῖ
1077 1200 1247 1278 ἔμαθε
1301 1209 1474 1259 πᾶσαν
1529 1204 1742 1282 γραφὴν
1803 1202 2010 1274 Ἐλλη-

356 1291 509 1361 νικὴν
537 1292 631 1348 καὶ
684 1294 1093 1368 Χριστιανικήν.
1154 1292 1302 1349 Ἐπεὶ
1334 1289 1393 1348 δὲ
1418 1292 1487 1347 τά
1540 1286 1732 1368 βιϐλία
1785 1291 2010 1367 ἡρεῦνα,

358 1377 581 1456 ἐνέτυχε
607 1380 699 1437 καὶ
741 1386 859 1443 ταῖς
917 1379 1268 1443 Ἐπιστολαῖς
1325 1384 1424 1436 τοῦ
1488 1380 1644 1455 ἁγίου
1699 1376 2011 1435 ἀποστόλου

360 1467 606 1525 Παύλου·
658 1470 749 1525 καὶ
807 1469 859 1541 ἐξ
915 1470 1087 1526 αὐτῶν
1145 1471 1411 1547 γενομένη
1469 1469 1786 1545 Χριπιανή,
1845 1465 2013 1542 ἔμαθε

358 1564 527 1615 πᾶσαν
561 1560 779 1635 ἀρετὴν.
820 1558 953 1616 Εἶτα
1000 1560 1174 1637 ἀφῆκε
1229 1560 1329 1629 τήν
1388 1559 1625 1634 παρικὴν
1684 1555 1864 1631 δόξαν,
1920 1556 2011 1612 καὶ

358 1647 603 1718 ἀπῆλθεν
635 1648 715 1713 εἰς
767 1650 1148 1724 μοναστήριον,
1180 1648 1270 1703 καὶ
1301 1643 1624 1720 ἐϐαπτίσθη,
1681 1648 1770 1704 καὶ
1827 1646 2013 1722 γέγονε

367 1739 616 1837 μοναχή,
647 1735 776 1837 ἀλλ’
822 1736 877 1794 ἐν
908 1739 1157 1837 pm:
1206 1734 1458 1837 ἀνδρείῳ·
1490 1737 1621 1837 ικαὶ.
1653 1738 1756 1814 γὰρ
1814 1737 2008 1837 ἑαυτὴν
2040 1771 2091 1837 Β

362 1828 624 1905 εὐνοῦχον
680 1826 861 1905 ἔλεγεν
918 1829 1049 1885 εἶνα.
1108 1830 1203 1901 Τῷ
1246 1826 1436 1904 χρόνῳ
1488 1825 1546 1884 δὶ
1592 1825 2005 1905 διαγνωσθεῖσα,

362 1916 450 1974 καὶ
506 1916 968 1994 ἀναγνωρισθεῖσα
1051 1915 1317 1991 Φιλίππῳ
1394 1921 1476 1991 τῷ
1548 1917 1739 1993 πατέρι
1818 1915 2008 1988 αὐτῆς,

362 2006 587 2077 ἐποίησε
612 2006 705 2063 καὶ
726 2005 930 2063 ἐκεῖνον
961 2005 1310 2083 Χριστιανὸν,
1341 2006 1552 2081 ὁμοίως
1592 2008 1682 2063 καὶ
1740 2006 1841 2076 τὴν
1898 2027 2010 2080 μη-

362 2094 507 2174 τέρα,
536 2095 630 2152 καὶ
666 2094 797 2160 τοὺς
856 2100 1159 2171 συγγενεῖς.
1219 2095 1372 2153 Μιτά
1433 2096 1628 2170 μικρὸν
1683 2092 1742 2151 δὲ
1767 2096 1796 2151 6
1826 2095 2008 2169 πατὴρ

365 2188 526 2257 αὐτῆς
553 2184 848 2248 ἐπίσκοπος
889 2183 1091 2262 γέγονε,
1141 2184 1234 2240 καὶ
1290 2185 1426 2259 μετὰ
1477 2190 1644 2242 ταῦτα
1688 2186 1918 2246 ἅπαντες
1946 2183 2009 2239 τὸ

367 2273 451 2330 διά
479 2274 781 2352 μαρτυρίου
811 2269 973 2339 τέλος
993 2270 1260 2345 ἐδέξαντο.

922 2396 1071 2449 ΜΒΝ
1078 2394 1099 2449 Ι
1133 2393 1225 2448 ΤΩ
1247 2393 1446 2449 ΑΥΤΩ.

1136 2509 1235 2565 κε’

367 2599 426 2656 Ἦ
460 2599 765 2673 ἀνάμνησις
815 2605 945 2694 τῆς,
966 2598 1237 2694 ἆχράντοηυ
1280 2618 1596 2694 Jama-qu
1652 2603 1755 2655 τοῦ
1810 2600 2009 2675 Κυρίου

823 2672 987 2744 ἡμῶν
1006 2672 1224 2742 ὟΙησοῖᾶ
1279 2672 1515 2743 Χριστοῦ
1535 2714 1548 2728 .

432 2759 583 2818 Ἰδὼν
612 2762 643 2816 6
667 2758 1054 2839 φιλάνθρωποι·
1084 2761 1216 2824 Θεὸς
1248 2759 1313 2815 τὸ
1339 2760 1494 2835 γένος
1543 2765 1652 2815 τῶν
1710 2760 2010 2835 ἀνθρώπων

369 2851 468 2906 ὑπὸ
494 2855 593 2906 τοῦ
632 2845 898 2906 διαϐόλου
944 2849 1393 2924 τυραννούμενον,
1428 2846 1865 2925 ἐσπλαγχνίσθη.
1908 2850 2012 2907 Καὶ

364 2937 689 3004 ἀποστείλας
741 2939 835 2995 τὸν
901 2936 1136 3015 ἄγγελον
1193 2937 1362 2994 αὐτοῦ
1422 2933 1666 3014 Γαϐριὴλ
1693 2983 1709 3008 ,
1768 2941 1887 2995 εἷπε
1939 2943 2010 3015 τῇ

361 3028 628 3102 Θεοτόκῳ·
690 3031 879 3105 Χαῖρε,
924 3028 1373 3103 κεχαριτωμένη,
1406 3028 1434 3081 6
1463 3028 1666 3104 Κύριος
1728 3029 1864 3101 μετά
1894 3034 2011 3088 σοῦ.

2186 769 2399 824 Sancta
2416 769 2696 842 Eugenia,
2728 768 3049 825 Commodo
3080 769 3459 840 imperatore,
3501 769 3766 841 Philippi

2116 858 2378 930 praefecti
2407 864 2610 915 Romae
2644 858 2787 925 tilia,
2823 875 2956 914 cum
2988 859 3118 931 ejus
3149 863 3317 930 pater
3348 857 3766 913 Alexandriam

2115 964 2151 1004 a
2179 948 2523 1015 Commodo,
2554 952 2621 1003 ut
2650 947 2810 1003 illius
2840 947 3006 1002 urbis
3036 946 3350 1019 praefectus
3381 944 3768 1013 esset,-‘mitte-

2115 1042 2298 1104 retur,
2322 1052 2645 1107 secumque
2666 1052 2910 1091 uxorem
2929 1040 2988 1091 et
3019 1035 3172 1091 filios
3221 1034 3483 1101 duceret,
3537 1034 3683 1090 abiit
3712 1039 3773 1089 et

2117 1127 2264 1199 ipsa,
2296 1125 2496 1196 ibique
2537 1127 2872 1181 Graecorum
2903 1124 3492 1196 Christianorumque
3540 1123 3769 1179 litteras

2118 1232 2326 1272 omnes
2351 1214 2578 1270 didicit.
2614 1215 2880 1284 Cumque
2914 1213 3243 1285 Scripturas
3275 1212 3602 1280 evolvisset,
3632 1212 3774 1268 inci.

2117 1305 2205 1359 dit
2232 1305 2295 1359 in
2322 1302 2618 1375 Epistolas
2648 1302 2837 1359 sancti
2866 1300 3120 1373 apostoli
3148 1300 3339 1370 Pauli,
3398 1317 3650 1372 quarum
3682 1301 3771 1357 le-

2119 1394 2314 1450 ctione
2332 1392 2729 1449 Christianam
2755 1390 2933 1447 fidem
2960 1389 3777 1462 amplectens,virtutumom-

2119 1485 2285 1541 nium
2307 1482 2717 1539 exercitationi
2737 1497 2800 1536 se
2816 1479 3231 1536 tradidit.Tum
3245 1478 3438 1551 patrio
3458 1478 3775 1549 splendore

2118 1572 2329 1628 relicto
2361 1576 2715 1642 sumptoque
2744 1568 2899 1624 virili
2959 1567 3167 1622 habitu
3222 1567 3286 1621 in
3343 1565 3773 1622 monasterium

2121 1661 2389 1729 secessit,
2424 1660 2627 1731 ibique
2656 1658 2970 1731 baptizata,
3002 1656 3402 1712 monasticum
3433 1655 3773 1711 institutum

2120 1750 2401 1823 suscepit,
2435 1765 2571 1805 cum
2602 1764 2664 1804 se
2724 1747 3065 1804 eunuchum
3114 1745 3381 1801 dixisset.
3439 1746 3653 1799 Postea
3699 1744 3774 1800 ad

2118 1839 2460 1912 Philippum
2484 1841 2716 1911 patrem
2736 1835 2954 1903 delata,
2971 1838 3029 1890 et
3047 1833 3120 1890 ab
3138 1832 3242 1889 illo
3266 1831 3774 1906 agnita,eumdem

2115 1946 2253 1987 cum
2284 1933 2494 1998 matre,
2526 1943 2595 1984 ac
2620 1924 2979 1999 propinquis
3009 1923 3082 1979 ad
3105 1922 3319 1977 Christi
3352 1921 3536 1976 ﬁdem
3570 1920 3776 1976 tradu-

2116 2018 2219 2074 xit.
2252 2016 2435 2073 Paulo
2466 2019 2601 2089 post
2638 2018 2810 2087 pater
2867 2012 3181 2084 episcOpus
3240 2010 3343 2078 fit;
3404 2025 3472 2064 ac
3532 2007 3774 2063 tandem

2116 2123 2325 2163 omnes
2359 2105 2642 2176 martyrio
2674 2107 3056 2160 coronantur.

2676 2402 2915 2459 EODEM
2956 2399 3208 2454 MENSE.

2607 2523 2712 2578 Die
2738 2519 3019 2575 vicesima
3044 2518 3272 2589 quinta.

2119 2613 2221 2671 50
2256 2613 2708 2669 Commemoratio
2738 2607 3117 2665 immaculatzc
3177 2602 3500 2659 Nativitatis
3554 2601 3777 2656 Domini

2640 2682 2816 2737 nostri
2838 2683 2965 2735 Jesu
2996 2678 3229 2733 Christi.

2191 2774 2706 2830 Clementissimus
2722 2778 3033 2827 Deuscum
3047 2782 3232 2842 genus
3246 2766 3562 2821 humanum
3576 2768 3772 2835 tyran-

2115 2855 2261 2919 nide
2297 2862 2517 2919 diaboli
2550 2877 2903 2934 Oppressum
2948 2860 3238 2921 cerneret,
3284 2854 3565 2910 misertus
3613 2852 3767 2923 ejus,

2120 2953 2286 3009 misit
2313 2952 2591 3025 angelum
2616 2966 2788 3007 suum
2812 2944 3275 3016 Gabrielem,qui
3300 2943 3562 3014 Deiparae
3580 2940 3732 2995 dixit
3756 2956 3769 2993 :

2119 3045 2238 3099 Ave
2258 3041 2652 3114 gratiaplena,
2693 3041 2954 3095 Dominus
2983 3044 3178 3092 tecum.
3213 3032 3541 3103 Statimque
3571 3031 3632 3084 in
3663 3046 3772 3101 pu-

364 3116 462 3174 Κιὶ
492 3115 695 3181 εὐθέως
717 3114 1034 3194 συνελήφθη
1092 3117 1121 3171 6
1175 3115 1380 3191 Κύριυς
1434 3117 1594 3189 ἡμῶν
1644 3117 1732 3173 καὶ
1792 3118 1923 3183 Θεὸς
1951 3118 2003 3173 ἐν

2130 3134 2356 3189 rissimo
2384 3132 2514 3205 ejus
2544 3136 2712 3187 utero
2744 3132 3066 3198 conceptus
3097 3129 3188 3180 est
3217 3120 3503 3177 Dominus
3530 3136 3598 3175 ac
3620 3120 3775 3174 Deus

358 3210 425 3281 τῇ
482 3207 743 3283 ἀχράντῳ
805 3208 990 3281 μήτρᾳ
1042 3205 1232 3275 αὐτῆς·
1291 3205 1381 3262 καὶ
1441 3207 1846 3282 πληρωθέντων
1902 3212 2011 3264 τῶν

363 3295 510 3351 ἐννέα
543 3300 737 3369 μηνῶν
768 3296 876 3351 ἀπὸ
922 3302 1024 3365 τῆς
1085 3293 1442 3373 συλλήψεως,
1503 3293 1727 3366 ἐξῆλθεν
1785 3298 2013 3373 ὁρισμὸς

360 3386 506 3460 παρὰ
586 3385 857 3460 Καίσαρος
941 3386 1281 3462 Αὐγούστου,
1374 3384 1781 3463 ἀπογράφεσθαι
1839 3392 2012 3442 πᾶσαν

360 3477 459 3545 τήν
491 3472 849 3549 οἰκουμένην.
874 3475 979 3533 Καὶ
1010 3472 1286 3545 ἀπεστάλη
1322 3475 1572 3550 Κυρίνιος
1621 3474 1700 3538 είς
1754 3476 1822 3532 τὰ
1850 3477 2015 3552 Ἱερο-

365 3563 602 3639 σόλυμα,
674 3563 750 3627 είς
812 3561 1090 3638 Βηθλεὲμ,
1148 3570 1358 3634 ποῆσαι
1416 3564 1761 3643 ἀπογραφήν.
1816 3561 2013 3638 Ἀνέϐη

366 3652 423 3710 ὂὶ
477 3653 571 3711 καὶ
625 3655 832 3733 Ἰωσὴφ
888 3654 918 3709 6
978 3652 1151 3730 φύλαξ
1198 3660 1298 3724 τῆς
1356 3654 1634 3731 Παρθένου
1685 3653 1779 3709 σὺν
1829 3655 1966 3731 αὐτῇ
2000 3700 2016 3727 ,

366 3745 747 3823 ἀπογραφῆναι
779 3743 857 3807 εἷς
900 3740 1179 3816 Βηθλεέμ.
1242 3741 1340 3800 Καὶ
1378 3741 1495 3798 ἐπεὶ
1550 3740 1752 3817 ἔμελλε
1779 3749 1952 3801 τεκεῖν
1979 3747 2015 3816 ἡ

372 3834 646 3909 Παρθὲνος
679 3877 695 3903 ,
760 3834 837 3908 μὴ
923 3831 1244 3908 εὖρίσκουσα
1299 3829 1509 3907 οἴκημα
1558 3829 1648 3889 διὰ
1691 3832 1783 3889 τὸν
1841 3831 2016 3891 πολὺν

365 3925 517 3995 λαὸν,
545 3920 797 3989 εἰσῆλθεν
831 3920 908 3987 είς
938 3921 1201 3999 πενιχρὸν
1230 3919 1524 3993 σπήλαιον·
1554 3922 1646 3977 καὶ
1685 3920 1797 3979 ἐκεῖ
1841 3916 2017 3980 ἔτεκεν

364 4015 616 4091 άῨθόρως
685 4012 780 4069 τὸν
865 4013 1063 4089 Κύριον
1132 4013 1295 4086 ἡμῶν
1353 4015 1564 4081 Ἰησοῦν
1622 4013 1873 4088 Χριστόν·
1927 4013 2018 4069 καὶ

363 4102 800 4181 ἐσπαργάνωσεν,
831 4101 905 4165 ὡς
948 4100 1167 4181 βρέφος,
1201 4103 1295 4157 τὸν
1342 4105 1452 4157 τῶν
1484 4100 1735 4157 ἀπάντων
1759 4101 2018 4175 Κτίστην,

365 4195 450 4250 καὶ
482 4180 675 4264 ἔθηκεν
708 4192 763 4249 ἐν
791 4196 862 4268 τῇ
914 4197 1022 4249 τῶν
1086 4180 1300 4271 ἀλόγων
1352 4193 1549 4271 φάτνῃ,
1609 4196 1684 4256 ὡς
1747 4189 2021 4267 μέλλοντα

370 4283 631 4359 ῥύσασθαι
662 4284 811 4357 ἡμᾶς
838 4285 937 4348 τῆς
967 4280 1221 4358 ἀλογίας.

958 4403 1041 4475 Τῇ
1085 4399 1223 4474 αὐτῇ
1273 4402 1457 4475 ἡμερᾳ

759 4493 825 4549 Ἡ
851 4494 958 4546 τῶν
992 4491 1199 4565 Μάγων
1235 4488 1628 4565 προσκύνησις.

440 4585 510 4639 Εν
567 4586 689 4645 ταῖς
750 4581 988 4657 ἡμέραις
1035 4578 1264 4641 ἐκείναις
1320 4576 1527 4653 ἐγένετό
1578 4599 1663 4642 τις
1721 4578 1909 4653 μάντις
1938 4578 2022 4636 λε·

369 4671 596 4745 γόμενος
658 4668 915 4744 Βαλαὰμ,
996 4668 1048 4725 ἐν
1131 4671 1203 4734 τῆ
1263 4671 1371 4722 τῶν
1430 4671 1650 4742 Περσῶν
1704 4670 1884 4744 χώρᾳ·
1933 4668 2023 4724 καὶ

376 4761 810 4834 μαντευσάμενος
892 4758 982 4813 καὶ
1042 4755 1189 4814 ἄλλά
1252 4755 1460 4828 πολλὰ,
1518 4759 1636 4813 εἰπε
1692 4757 1783 4813 καὶ
1841 4762 2020 4813 τοῦτο·

374 4848 657 4907 ’Δνατελεῖ
739 4845 936 4923 ἄστρον
1021 4847 1072 4917 ἐξ
1155 4840 1356 4904 Ἰακὼϐ
1438 4844 1529 4900 καὶ
1617 4844 1835 4921 θραύσει
1897 4844 2024 4909 τοὺς

375 4938 524 5003 υἱοὺς
553 4932 747 4995 Μωάϐ.
780 4937 1039 4998 Ἔχοντες
1071 4936 1164 4991 οὗν
1195 4935 1248 4990 οἱ
1278 4931 1443 4990 ἄλλοι
1479 4933 1697 5007 μάντεις
1723 4935 1813 4989 καὶ
1862 4933 2022 5009 μάγοι

373 5032 471 5099 τήν
496 5028 759 5099 τοιαύτην
808 5025 1146 5104 προφητείαν
1203 5025 1341 5081 κατὰ
1403 5021 1696 5099 διαδοχήν,
1746 5022 2025 5081 ἐδίδασκον

378 5120 574 5180 πάντας
602 5117 731 5180 τοὺς
761 5121 870 5172 τῶν
914 5118 1132 5190 Περσῶν
1193 5116 1435 5188 μάντεις·
1494 5112 1583 5169 καὶ
1640 5112 1909 5187 περιῆλθε
1937 5132 2028 5187 καὶ

379 5208 453 5269 εἰς
480 5207 607 5270 τοὺς
641 5206 775 5281 μετά
827 5209 994 5261 ταῦτα
1051 5205 1272 5278 Μάγους
1317 5205 1461 5278 ὁμοῦ
1516 5202 1606 5258 καὶ
1642 5203 1889 5279 βασιλεῖς
1918 5209 2030 5262 τῶν

380 5299 621 5370 Περσῶν,
676 5299 823 5372 τρεῖς
877 5290 1057 5363 ὄντας,
1112 5293 1202 5348 καὶ
1262 5294 1625 5368 παρετήρουν,
1681 5293 1815 5357 πότε
1871 5291 2028 5351 ἴδωσι

376 5386 464 5441 τὸν
496 5386 693 5459 ἀστέρα
718 5388 988 5441 τοιοῦτον.
1043 5384 1133 5446 Ὧς
1189 5381 1526 5459 ἀστρύνομοι
1585 5379 1643 5436 δὲ
1707 5380 1912 5449 ῗδόντες
1939 5384 2032 5442 τὸν

380 5479 472 5530 τοῦ
499 5476 739 5551 Χριστοῦ
767 5473 986 5550 ἀστέρα,
1009 5473 1093 5528 ὅτι
1137 5470 1239 5527 οὐκ
1293 5470 1466 5527 ἐποίει
1520 5472 1619 5539 τήν
1673 5473 1921 5547 πορείαν,
1953 5477 2030 5539 ὡς

386 5565 437 5620 οἱ
472 5562 665 5621 λοιποὶ
694 5563 937 5639 ἀστέρες,
977 5561 1086 5618 ἀπὸ
1115 5560 1392 5619 ἀνατολῶν
1423 5557 1510 5615 ἐπὶ
1565 5556 1737 5635 δύων,
1769 5568 1896 5627 ἀλλ’
1956 5571 2031 5637 ὡς

2123 3228 2346 3279 noster.
2377 3220 2611 3277 Exactis
2627 3224 2827 3274 autem
2859 3234 2893 3271 a
2914 3213 3304 3285 conceptione
3325 3224 3535 3263 novem
3559 3207 3778 3261 mensi-

2124 3312 2256 3383 bus,
2283 3313 2427 3368 exiit
2455 3311 2715 3366 edictum
2746 3325 2782 3365 a
2812 3310 3040 3363 Caesare
3066 3305 3349 3375 Augusto,
3381 3303 3446 3353 ut
3476 3295 3776 3352 describe-

2124 3406 2289 3456 retur
2317 3406 2475 3456 totus
2505 3398 2687 3454 orbis.
2721 3397 3050 3466 Missusque
3082 3397 3171 3448 est
3196 3389 3448 3461 Cyrinus
3496 3387 3772 3440 Hieroso-

2125 3490 2286 3562 lyma
2313 3488 2375 3545 in
2407 3488 2774 3556 Bethlehem,
2806 3489 2871 3540 ut
2901 3481 3362 3553 descriptionem
3393 3475 3632 3532 faceret.
3669 3479 3775 3527 As-

2126 3579 2326 3638 cendit
2350 3583 2550 3635 autem
2582 3582 2640 3632 et
2665 3575 2880 3647 Joseph
2940 3570 3194 3644 Virginis
3236 3572 3435 3623 custos
3476 3580 3600 3619 una
3642 3577 3777 3617 cum

2127 3668 2233 3725 illa
2260 3669 2321 3724 in
2357 3666 2723 3734 Bethlehem,
2755 3669 2823 3719 ut
2850 3659 3308 3718 describeretur.
3323 3655 3589 3725 Cumque
3607 3652 3781 3721 Virgo

2126 3759 2394 3832 paritura
2424 3760 2602 3824 esset,
2630 3771 2742 3810 nec
2768 3752 3018 3808 haberet
3037 3750 3097 3804 in
3123 3744 3445 3803 diversorio
3476 3742 3676 3798 locum
3706 3738 3781 3795 ob

2128 3827 2473 3905 affluentem
2494 3843 2763 3917 undique
2779 3838 3245 3906 multitudinem,
3271 3836 3583 3907 angustam
3606 3827 3787 3884 subiit

2130 3938 2499 4011 speluncam,
2532 3935 2733 4007 ibique
2783 3933 3124 4002 incorrupte
3181 3925 3413 4000 peperit
3462 3920 3782 3979 Dominum

2128 4008 2401 4086 n—ostrum
2421 4028 2621 4083 Jesum
2643 4024 2964 4089 Christum,
2994 4037 3061 4076 ac
3082 4017 3245 4073 velut
3264 4015 3554 4070 infantem
3574 4008 3778 4065 fasciis

2128 4119 2370 4176 involvit
2388 4117 2656 4173 omnium
2676 4113 3142 4178 Conditorem,et
3160 4108 3222 4161 in
3252 4100 3603 4160 animalium
3622 4098 3742 4152 irra
3757 4128 3777 4138 -

2128 4208 2443 4265 tionalium
2471 4203 2723 4278 prmsepi
2744 4198 3051 4257 collocavit
3071 4212 3226 4261 eum,
3262 4191 3362 4263 qui
3382 4205 3490 4244 nos
3513 4187 3584 4242 ab
3615 4186 3773 4240 irra-

2131 4297 2528 4357 tionabilitate
2560 4293 2919 4348 liberaturus
2950 4292 3096 4342 erat.

2780 4403 3000 4460 Eodem
3031 4400 3127 4458 die

2597 4497 2689 4553 57
2727 4497 3017 4564 Magorum
3044 4488 3321 4546 adoratio.

2204 4594 2271 4647 In
2301 4590 2512 4647 diebus
2538 4588 2658 4643 illis
2688 4585 2803 4641 fuit
2828 4588 3009 4650 vates,
3045 4579 3279 4637 Balaam
3311 4572 3574 4639 nomine,
3606 4570 3668 4624 in
3690 4585 3789 4623 re-

2131 4682 2307 4752 gione
2337 4683 2685 4736 Persarum:
2719 4675 2819 4748 qui
2851 4688 2985 4729 cum
3020 4668 3206 4726 multa
3258 4664 3378 4721 alia
3432 4659 3784 4717 vaticinatus

2134 4747 2364 4841 inisset,
2394 4770 2509 4825 hoc
2540 4768 2720 4824 etiam
2743 4747 3060 4837 praedixit:
3095 4755 3316 4814 Orietur
3365 4749 3535 4841 stella
3569 4764 3638 4803 e1:
3678 4747 3786 4841 In:

2135 4862 2253 4927 cob,
2289 4833 2606 4916 et'conteret
2659 4833 2799 4925 ﬁlios
2827 4844 3227 4913 Moab.'Quam
3266 4838 3641 4915 prophetiam
3679 4833 3779 4927 alii

2136 4955 2297 5007 vates
2328 4953 2388 5005 et
2416 4947 2569 5020 magi
2599 4962 2706 5018 per
2734 4956 2947 4998 manus
2980 4936 3257 4993 traditam
3288 4928 3669 5020 accipientes,
3703 4921 3778 4978 ad

2138 5055 2346 5095 omnes
2368 5015 2681 5094 Persarum
2702 5037 2861 5088 vates
2880 5029 3047 5085 illam
3066 5024 3407 5081 traduxere:
3433 5015 3621 5070 donec
3651 5026 3787 5082 per-

2138 5128 2299 5183 venit
2327 5127 2400 5184 ad
2422 5133 2541 5181 tres
2572 5124 2705 5179 illos
2736 5124 2931 5194 Magos
2958 5115 3138 5174 simul
3169 5118 3227 5169 et
3250 5113 3577 5194 Persarum
3594 5116 3783 5172 reges,

2141 5217 2241 5288 qui
2267 5215 2472 5272 sedulo
2504 5191 2896 5270 observabant
2925 5206 3113 5264 stella
3134 5202 3313 5275 hujus
3329 5191 3789 5288 apparitionem,

2139 5278 2284 5361 Cum
2303 5309 2501 5361 autem
2522 5302 2694 5375 periti
2717 5297 3046 5356 astronomi
3071 5286 3562 5361 essent,videntes
3575 5278 3793 5337 Christi

2143 5393 2379 5451 stellam
2410 5392 2709 5448 diversum
2740 5407 2775 5446 a
2804 5386 3054 5460 reliquis
3087 5381 3279 5440 stellis
3307 5387 3554 5464 cursum
3570 5375 3793 5464 tenere,

2142 5484 2367 5557 Quippe
2398 5500 2530 5554 qum
2559 5496 2681 5537 non
2712 5478 2785 5535 ab
2815 5483 2949 5534 ortu
2980 5476 3042 5530 in
3076 5484 3373 5536 occasum,
3408 5460 3516 5557 sed
3541 5460 3602 5513 in
3623 5460 3798 5557 meri-

2141 5547 2625 5637 diemtenderet,
2654 5568 3079 5641 cognoverunt,
3137 5557 3333 5631 magni
3380 5548 3553 5619 Regis
3601 5547 3796 5597 “tum
