4074 6192
383 366 502 429 227

1687 357 2120 423 MENOLOGII
2165 359 2366 421 PARS
2409 363 2489 422 II.

3678 366 3799 427 228

381 501 548 558 illam
579 500 938 573 signiﬁcare.
965 497 1156 564 Quare
1188 494 1424 552 stellam
1454 494 1668 551 ducem
1689 493 1898 561 secuti,
1931 493 1994 548 in

2135 491 2272 565 πρὶς
2306 485 2676 567 μεσημϐρίαν,
2717 485 2978 567 ἔγνωσαν,
3035 488 3120 549 δτι
3150 493 3403 568 γέννησιν
3458 498 3559 551 τοῦ
3618 498 3793 573 μεγάο

382 596 673 648 venerunt
700 590 997 646 Christum
1027 586 1366 655 Dominum,
1400 591 1459 642 et
1488 585 1866 658 procidentes
1888 583 2029 641 ado-

380 686 663 738 raverunt
689 695 848 743 eum,
887 682 947 732 et
970 675 1316 732 obtulerunt
1372 676 1426 731 ei
1477 692 1748 745 munera,
1794 690 2028 741 aurum,

382 772 538 837 thus,
571 776 629 824 et
658 767 957 840 myrrham
985 781 999 819 :
1034 765 1363 836 monitique
1396 765 1469 821 ab
1491 765 1727 838 angelo,
1746 766 1809 820 in
1838 765 2032 836 regio-

376 876 515 914 nem
543 873 711 913 suam
740 871 877 911 cum
906 853 1120 927 gaudio
1154 854 1368 910 reversi
1403 860 1565 910 sunt.

1032 1122 1253 1179 Eodem
1284 1122 1380 1177 die

246 1252 255 1267 .
368 1214 470 1274 58
500 1214 697 1286 Ioseph
722 1229 948 1285 sponsus
973 1218 1026 1268 et
1055 1220 1232 1269 custos
1268 1211 1518 1282 Virginis
1573 1209 1643 1266 ab
1689 1210 1887 1281 angelo
1930 1210 2031 1265 Dei

1022 1285 1369 1341 admonetur.

438 1403 700 1459 Herodes
718 1401 1056 1458 Iudaeorum
1084 1416 1188 1456 rex
1217 1417 1354 1457 cum
1384 1398 1693 1456 didicisset
1720 1416 1793 1455 ex
1821 1401 2028 1475 Magis,

367 1498 576 1551 natum
607 1509 737 1549 esse
766 1507 1047 1564 magnum
1076 1506 1298 1564 regem,
1330 1490 1431 1562 qui
1455 1489 1660 1546 orbem
1674 1490 2026 1547 universum

374 1583 730 1639 subacturus
761 1585 938 1647 esset,
971 1580 1191 1636 vocatis
1223 1580 1401 1652 Magis
1431 1578 1581 1635 dixit
1608 1596 1626 1634 :
1660 1582 1766 1647 Ite,
1800 1583 1859 1635 et
1888 1579 2028 1634 dili-

365 1677 573 1746 genter
600 1669 948 1743 investigate
975 1669 1048 1725 de
1077 1685 1305 1741 puero:
1348 1673 1407 1724 et
1455 1684 1591 1724 cum
1639 1668 2011 1739 inveneritis,

366 1761 705 1817 renuntiate
736 1759 906 1827 mihi,
937 1764 1006 1814 ut
1033 1764 1091 1815 et
1121 1775 1225 1832 ego
1280 1759 1526 1814 veniens
1570 1758 1811 1814 adorem
1862 1774 2019 1815 eum.

2138 579 2242 636 λου
2271 580 2554 644 Βασιλέως
2587 578 2777 653 δηλοῖ,
2810 582 2901 637 καὶ
2941 580 3330 652 ἠκολούθησαν
3357 587 3436 656 τῷ
3465 584 3669 662 ἀστέρι,
3697 586 3790 642 καὶ

2139 669 2293 746 εὗρον
2326 671 2554 744 Χριστὸν
2585 670 2677 726 τὸν
2710 670 2927 746 Κύριον.
2988 672 3087 727 Καὶ
3144 672 3397 735 πεσόντες
3452 674 3788 748 προσεκύνη-

2137 777 2233 813 σαν
2272 757 2439 831 αύτῷ’
2491 760 2580 815 καὶ
2638 761 3012 835 προσήνεγκαν
3072 757 3242 835 δῶρα,
3293 762 3522 838 χρυσὸν,
3550 763 3642 818 καὶ
3702 763 3790 820 λί-

2138 841 2301 903 ϐανον
2358 848 2450 904 καὶ
2507 847 2773 926 σμύρναν,
2823 850 2915 905 καὶ
2973 848 3172 920 οὕτως,
3228 853 3297 925 τῇ
3351 852 3638 925 προστάξει
3686 857 3784 909 τοῦ

2137 933 2392 1013 ἀγγέλου,
2428 938 2761 1013 ὑπέστρεψαν
2797 938 2933 1013 μετὰ
2969 944 3146 1015 χαρᾶς
3200 938 3278 1002 είς
3332 940 3435 1010 τήν
3479 940 3666 1016 χώραν
3690 941 3788 998 αύ-

2133 1047 2265 1084 των.

2704 1120 2790 1193 Tii
2850 1116 2986 1194 αιδτῇ
3038 1118 3223 1197 ἡμέρᾳ

2137 1205 2342 1284 Ἰωσὴφ
2386 1207 2415 1261 δ
2450 1208 2709 1288 inter»?
2766 1207 2858 1288 κυεῖ
2898 1207 3090 1288 ,φύλαξ
3140 1212 3261 1288 γῆς.
3304 1211 3585 1288 Περθὲνου
3638 1229 3786 1288 χρη-

2412 1273 2784 1353 ματίζὸμένος
2817 1273 3039 1336 ὑπὸ’τοῦ
3070 1273 3217 1345 θείου
3235 1273 3497 1359 ἀγγέλου.

2204 1395 2402 1459 Μαθὼν
2463 1391 2718 1472 Ἡρώδης
2752 1396 2782 1452 ὁ
2817 1401 2926 1452 τῶν
2987 1393 3272 1454 Ἰουδαίων
3325 1397 3581 1474 ἀρχηγὸς
3636 1400 3785 1474 παρὰ

2136 1481 2369 1559 Μάγων,
2402 1482 2485 1540 ὅτι
2524 1483 2788 1559 Βρσιλεῦς
2844 1483 3101 1560 ἐγεννήθη
3156 1485 3341 1565 μέγας,
3402 1487 3549 1550 ὅστις
3581 1485 3778 1562 μέλλει

2128 1569 2223 1626 τὸν
2254 1569 2384 1628 ὅλον
2427 1571 2634 1648 κόσμον
2691 1572 2967 1648 ὁποτάξαι,
2997 1573 3443 1651 προσεκαλάσατο
3471 1575 3599 1640 τοὺς
3658 1575 3783 1635 Μά-

2130 1681 2262 1737 γους
2298 1706 2313 1732 ,
2384 1663 2474 1718 καὶ
2522 1665 2671 1720 εἶπεν
2703 1683 2720 1698 ο
2780 1664 3132 1728 ’Δπελθόντες
3210 1661 3451 1741 ἀκριϐῶς
3504 1666 3781 1738 ἐξετάσατε

2128 1752 2252 1825 περί
2309 1757 2408 1808 τοῦ
2458 1750 2725 1809 παιδίουο
2812 1754 2941 1810 ἐπάν
3003 1752 3061 1809 δὲ
3117 1754 3332 1831 εὕρητε,
3418 1756 3781 1833 ἀπαγγείλατέ

366 1851 485 1905 Ηοο
510 1854 708 1905 autem
739 1849 991 1916 dicebat,
1033 1852 1100 1903 ut
1128 1853 1531 1921 cognosceret.
1571 1848 1675 1903 ubi
1730 1853 1906 1917 esset,
1956 1864 1996 1904 e‘

2133 1863 2250 1915 μοι,
2309 1841 2459 1907 ὅπως
2512 1844 2667 1919 κάγὼ
2723 1842 2895 1900 ἐλθὼν
2956 1848 3325 1919 προσκυνήσω
3382 1847 3555 1919 αύτῷ.
3606 1850 3780 1902 Τοῦτο

363 1939 630 1994 mitteret
649 1937 721 1993 ad
740 1936 1223 1993 interﬁciendum
1249 1937 1646 1993 eum.Deinde
1676 1938 1996 1994 convocatis

2129 1929 2187 1986 δὲ
2215 1929 2418 2008 ἔλεγεν,
2462 1932 2558 1987 ’ίνα
2615 1934 2778 2008 μάθῃ,
2830 1934 2968 1989 ὅπου
3015 1930 3182 2006 ἔστιν,
3244 1932 3395 1997 ὅπως
3455 1934 3779 2012 ἀποστείλῃ,

367 2026 601 2096 scribis,
646 2027 1052 2100 interrogavit,
1109 2025 1210 2082 ubi
1264 2027 1595 2083 secundam
1653 2027 2017 2099 Scripturam

363 2115 632 2171 Christus
655 2120 1020 2171 nasceretur.
1046 2118 1120 2171 At
1138 2115 1225 2170 illi
1245 2115 1550 2172 dixerunt:
1582 2117 1647 2171 In
1670 2116 2015 2172 Bethlehem

360 2205 597 2261 Iudaeae.
630 2208 776 2261 Tum
821 2206 1041 2262 milites
1086 2223 1225 2262 suos
1271 2207 1454 2273 misit,
1497 2211 1564 2262 ut
1610 2206 2017 2264 interﬁcerent

356 2310 575 2367 pueros
605 2312 814 2353 omnes
845 2297 908 2351 in
940 2296 1285 2353 Bethlehem
1317 2313 1353 2351 a
1376 2296 1605 2351 bimatu
1631 2301 1690 2351 et
1718 2296 1893 2368 infra,
1926 2313 2013 2353 se-

357 2386 621 2442 cundum
652 2393 910 2459 tempus,
942 2387 1100 2459 quod
1138 2387 1501 2459 exquisierat
1528 2404 1563 2443 a
1592 2388 1789 2460 Magis.
1822 2389 2011 2454 Quare

361 2475 582 2530 missus
604 2490 639 2530 a
667 2475 786 2531 Deo
819 2475 1067 2548 angelus
1096 2477 1245 2532 dixit
1269 2477 1557 2548 Josepho:
1600 2477 1796 2547 Surge,
1837 2485 1888 2533 et
1916 2496 2011 2533 ac-

360 2565 483 2634 cipe
500 2581 754 2635 puerum,
813 2572 865 2620 et
911 2572 1143 2621 matrem
1175 2567 1312 2637 ejus,
1343 2574 1395 2622 et
1442 2569 1577 2637 fuge
1605 2569 1665 2621 in
1691 2567 2005 2636 Egyplum.

355 2653 581 2726 Joseph
606 2659 806 2710 autem
838 2654 897 2710 id
927 2661 1229 2722 executus,
1264 2656 1492 2728 accepit
1511 2672 1785 2728 puerum,
1813 2661 1871 2711 et
1888 2672 2006 2712 ma-

365 2747 517 2796 trem
547 2742 696 2813 ejus,
730 2748 789 2797 et
816 2741 963 2797 abiit
992 2743 1053 2798 in
1092 2745 1424 2815 Aigyptum.

2125 2021 2216 2078 καὶ
2273 2022 2502 2102 φονεύσῃ
2585 2022 2745 2080 αὐτόν
2776 2067 2789 2080 .
2873 2025 3004 2081 Εἶτα
3077 2023 3592 2102 προσκαλεσάμενος
3648 2027 3779 2089 τοὺς

2122 2117 2510 2190 γραμματεῖς,
2592 2113 2896 2187 ἡρώτησε’
2958 2117 3071 2169 Ποῦ
3147 2112 3293 2189 λέγει
3350 2117 3385 2186 ἡ
3449 2116 3633 2193 Γραφὴ
3684 2116 3775 2171 τὸν

2124 2204 2350 2278 Χριστὸν
2395 2203 2743 2279 γεννηθῆναι,
2775 2202 2843 2260 Οἱ
2902 2199 2960 2258 δὶ
3007 2208 3181 2259 εἶπονο
3216 2206 3307 2261 Ἐν
3359 2204 3617 2278 Βηθλεὲμ
3672 2210 3772 2275 τῆς

2125 2291 2387 2356 Ἰουδαίας
2420 2338 2434 2351 .
2505 2292 2637 2350 Τότε
2709 2291 2995 2349 ἀπέστειλε
3034 2293 3102 2348 τὰ
3157 2294 3531 2371 στρατεύματα
3586 2293 3772 2364 αὐτοῦ,

2121 2386 2372 2460 φονεῦσαι
2400 2379 2600 2445 πάντας
2621 2380 2748 2445 τοὺς
2803 2379 3024 2454 παῖδας,
3053 2382 3185 2446 τοὺς
3248 2382 3301 2438 έν
3360 2382 3637 2456 Βηθλεὲμ,
3667 2382 3776 2438 ἀπὸ

2119 2470 2330 2534 διετοῦς
2383 2473 2470 2527 καὶ
2531 2472 2846 2548 κατωτέρω,
2899 2477 3037 2527 κατᾶ
3087 2473 3182 2527 τὸν
3242 2472 3445 2547 χρόνον
3504 2471 3561 2526 ὅν
3607 2471 3774 2546 ἠκρί-

2118 2556 2261 2616 ϐωσε
2291 2561 2437 2638 παρᾶ
2464 2565 2571 2616 τὼν
2635 2563 2858 2637 Μάγων.
2928 2561 3026 2616 Διὰ
3081 2565 3242 2617 τοῦτο
3301 2560 3580 2631 ἀπεστάλη
3612 2562 3775 2637 ἅγγε-

2117 2649 2214 2713 λος
2244 2650 2302 2706 ἐκ
2333 2655 2489 2719 Θεοῦ,
2545 2650 2635 2706 καὶ
2696 2652 2810 2706 εἷπε
2871 2652 3095 2726 Ἰωσήφ’
3154 2651 3430 2728 Ἐγερθεὶς
3485 2646 3771 2727 παράλαϐε

2111 2741 2174 2796 τὸ
2206 2737 2446 2813 παιδίον,
2504 2739 2595 2795 καὶ
2653 2742 2756 2809 τὴν
2816 2738 3028 2815 μητέρα
3083 2740 3269 2808 αὐτοῦ,
3329 2739 3419 2794 καὶ
3476 2745 3635 2818 φεῦγε
3692 2740 3771 2803 εἶς

360 2826 741 2903 Α’ίγυπτον.’0
781 2826 838 2885 δὲ
896 2831 1100 2909 Ἰωσήφ
1155 2829 1409 2902 ἐποίησεν
1451 2830 1647 2899 οὕτως,
1700 2830 1789 2886 καὶ
1844 2825 2184 2906 παραλαϐὼν
2243 2829 2306 2885 τὰ
2367 2826 2595 2887 πα.δίον
2628 2829 2847 2899 καὶτήν
2914 2829 3123 2904 μητέρα
3173 2827 3336 2885 αὐτοῦ
3394 2826 3635 2899 ἀπῆλθεν
3695 2829 3773 2892 είς

351 2916 644 2994 Αἴγυπτον.

904 3038 1145 3093 EODEM
1186 3039 1436 3093 MENSE.

858 3126 962 3182 Die
993 3126 1274 3182 vicesima
1303 3132 1486 3183 sexta.

685 3215 783 3271 50
810 3216 1049 3287 Deipara
1076 3218 1136 3272 in
1164 3219 1462 3288 Egyptum
1484 3220 1656 3288 fugit.

411 3333 478 3388 In
512 3333 819 3405 Egyptum
851 3332 1100 3405 Deipara
1129 3332 1280 3408 fugit
1307 3349 1444 3391 cum
1491 3333 1739 3403 infante,
1788 3338 1848 3390 et
1889 3335 1995 3390 Jo-

339 3420 544 3494 sepho,
568 3420 798 3478 duabus
823 3438 894 3478 ex
915 3422 1140 3479 causis:
1165 3428 1292 3480 tum
1312 3429 1380 3479 ut
1429 3423 1803 3496 impleretur,
1835 3423 1996 3496 quod

339 3509 566 3566 dictum
596 3516 687 3567 est
717 3528 751 3567 a
779 3513 1105 3585 propheta:
1129 3515 1236 3577 ,Ea:
1273 3516 1511 3586 Egypto
1556 3515 1746 3570 vocavi
1790 3514 1994 3569 Filium

337 3614 515 3653 meum
540 3615 554 3666 ;
588 3604 713 3655 tum
739 3600 917 3655 etiam
949 3609 1016 3656 ut
1042 3602 1459 3657 haereticorum
1489 3603 1758 3658 omnium
1789 3619 1855 3658 os
1884 3601 1989 3657 ob-

338 3690 619 3741 struatur.
647 3688 766 3742 Nisi
793 3689 953 3743 enim
972 3690 1168 3745 infans
1188 3691 1453 3763 fugisset,
1478 3691 1581 3746 sed
1602 3692 1992 3762 comprehen-

337 3788 438 3827 sus
467 3772 601 3840 fuit,
633 3779 692 3828 et
720 3775 974 3843 occisus,
1006 3777 1208 3832 nullus
1247 3783 1407 3832 certe
1440 3778 1615 3833 saluti
1676 3779 1989 3835 hominum

332 3859 578 3916 relictus
607 3862 818 3918 fuisset
847 3863 1032 3922 locus.
1070 3866 1124 3919 Si
1158 3882 1293 3921 vero
1326 3884 1519 3938 neque
1544 3867 1758 3939 gladio,
1792 3884 1987 3940 neque

329 3949 447 4005 alio
473 3951 749 4022 supplicii
771 3968 990 4023 genere
1014 3955 1308 4028 exstingui
1333 3956 1711 4027 potuisset,ut
1738 3955 1949 4029 dispen
1966 3989 1980 3999 ο

334 4039 625 4095 sationem
655 4040 958 4113 impleret,
989 4044 1162 4098 multi
1213 4044 1677 4116 existimassem,
1728 4046 1983 4117 phanta-

333 4129 629 4195 stice,non
652 4145 786 4185 vere
803 4145 939 4187 eum
962 4148 1200 4188 carnem
1216 4133 1539 4189 humanam
1553 4134 1978 4207 assumpsisse:

332 4217 389 4272 Si
422 4234 662 4274 carnem
682 4218 930 4276 haberet
961 4222 1311 4294 (inquiunt),
1344 4223 1542 4295 gladio
1573 4229 1732 4280 certe
1781 4225 1980 4281 conci—

327 4305 605 4363 deretur:
634 4325 768 4364 cum
800 4310 969 4365 nullo
1000 4317 1288 4383 praetextu
1337 4312 1463 4367 ausi
1521 4318 1661 4369 sunt
1706 4313 1977 4370 infelices

324 4393 587 4452 haeretici
621 4396 843 4465 dicere,
888 4416 1023 4456 eum
1083 4400 1454 4472 phantastice
1514 4407 1717 4458 natum
1772 4402 1974 4458 fuisse.
2009 4411 2053 4475 υ
2085 4401 2315 4456 σπαθίου
2347 4420 2360 4434 ·

2646 3035 2827 3091 ΜΗΝΙ
2877 3038 2961 3089 ΤΩ
3016 3037 3231 3091 ΑΥΤΩ.

2880 3124 2987 3192 κς.

2350 3213 2419 3269 Ἠ
2451 3211 2715 3275 Θεοτόκος
2765 3209 3033 3289 φεύγουσα
3081 3211 3160 3276 εἷς
3211 3210 3512 3290 Α’ίγυπτον.

2176 3330 2268 3393 Εἷς
2314 3329 2589 3406 Αἴγυπτον
2638 3328 2886 3409 φεύγειή
2939 3329 3229 3402 Θεοτόκος,
3283 3334 3418 3406 μετᾶ
3472 3334 3570 3387 τοῦ
3631 3333 3760 3408 βρέ-

2102 3440 2256 3500 φους,
2276 3419 2366 3475 καὶ
2394 3424 2494 3476 τοῦ
2538 3421 2763 3498 Ἰωσὴφ,
2822 3416 2912 3475 διὰ
2969 3417 3066 3475 δύο
3122 3418 3440 3499 προφάσεις.
3487 3422 3579 3476 ἳνα
3607 3419 3759 3494 πλη-

2101 3513 2254 3586 ρῶθῇ
2284 3509 2349 3586 τὸ
2373 3508 2534 3585 ῥηθὲν
2566 3508 2670 3564 ὑπὸ
2697 3512 2800 3564 τοῦ
2863 3509 3173 3586 προφήτου,
3205 3509 3288 3564 δτι
3320 3510 3408 3581 Ἐξ
3468 3508 3752 3586 Αἰγύπτου

2099 3584 2454 3655 έκάλεσατὸν
2486 3597 2611 3653 Υἱόν
2647 3619 2754 3671 μου
2808 3596 2900 3653 καὶ
2956 3584 3050 3654 ἳνα
3099 3596 3357 3676 ἐμφραγῇ
3411 3604 3517 3654 πᾶν
3558 3584 3754 3673 στόμα

2096 3693 2203 3744 τῶν
2238 3690 2548 3763 αἱρετικῶν.
2606 3686 2675 3744 Εἴ
2730 3687 2834 3762 γὰρ
2896 3687 2995 3742 οὐκ
3035 3683 3251 3766 ἔφυγεν,
3309 3687 3437 3744 ἀλλ’
3475 3686 3748 3762 ἐκρατήθη

2094 3778 2157 3833 τὸ
2191 3778 2409 3853 βρέφος,
2458 3775 2505 3833 εί
2558 3776 2653 3850 μὲν
2707 3774 2992 3854 έφονεύθη,
3050 3774 3392 3848 ένεποδίζετο
3427 3779 3463 3847 ἠ
3513 3780 3620 3833 τῶν
3664 3778 3755 3834 άν-

2096 3866 2330 3942 θρώπων
2359 3865 2624 3942 σωτηρία·
2661 3863 2713 3921 εἴ
2739 3863 2798 3920 δὲ
2827 3863 2927 3920 οὐκ
2955 3863 3241 3944 ἐφονεύθη,
3307 3867 3449 3938 μήτε
3509 3866 3613 3921 ὑπὸ
3653 3870 3753 3923 τοῦ

2095 3954 2326 4020 σπαθίου
2354 3955 2715 4029 κοπτόμενον,
2753 3955 2892 4028 μήτε
2933 3954 3036 4010 ὑπὸ
3066 3952 3241 4010 ἄλλου
3270 3955 3419 4016 τινὸς
3475 3954 3682 4033 ξίφους,
3714 3957 3749 4026 ἦ

2093 4042 2275 4115 ἄλλης
2302 4045 2596 4120 τιμωρίας,
2620 4041 2708 4099 διὰ
2727 4043 2789 4099 τὸ
2802 4040 3207 4120 πληρῶσαιτήν
3234 4043 3573 4117 οἶκονομίαν,
3598 4041 3749 4115 δόξαι

2091 4133 2211 4209 εἷχε
2238 4138 2355 4196 τοῖς
2412 4131 2674 4197 πολλοῖς,
2731 4130 2816 4186 ὅτι
2857 4131 2995 4187 κατᾶ
3044 4130 3336 4207 φαντασίαν
3391 4130 3623 4207 ἐγένετο,
3654 4132 3747 4188 καὶ

2090 4222 2155 4278 ού
2202 4222 2340 4279 κατᾶ
2381 4221 2641 4293 ἀλήθειαν
2700 4218 2923 4299 έφόρεσε
2977 4222 3077 4291 τήν
3141 4220 3489 4297 ἀνθρωπίνην
3550 4221 3741 4297 σάρκαο

2088 4309 2153 4368 Εἰ
2202 4312 2307 4388 γὰρ
2372 4310 2554 4389 ἐφόρει
2608 4311 2798 4387 σάρκα,
2851 4310 3038 4388 φησὶν,
3092 4309 3347 4367 έκόπτετο
3400 4309 3461 4366 ἂν
3514 4312 3618 4367 ὑπὸ
3646 4316 3744 4368 τοῦ

2446 4402 2652 4476 ’ὁπουγε
2708 4399 2798 4456 καί
2871 4401 3195 4478 προφάσεως
3260 4402 3336 4475 μὴ
3393 4402 3740 4476 γενομένης,

323 4486 513 4553 Quare
542 4487 692 4561 fugit
724 4506 785 4544 1n
816 4492 1148 4564 Egyptum,
1179 4497 1246 4547 ut
1274 4497 1334 4548 et
1360 4492 1520 4549 idola
1574 4494 1975 4567 ngyptiorum

2114 4490 2395 4566 τόλμησαν
2474 4491 2526 4546 οἱ
2606 4488 2787 4546 ἄθλιοι
2838 4489 3103 4564 αἱρετικοὶ
3159 4493 3321 4545 τοῦτο
3403 4488 3597 4559 εἰπεῖν,
3654 4490 3739 4547 ὅτι

314 4576 745 4649 confringeret,
778 4583 837 4634 et
855 4581 961 4635 toti
985 4580 1206 4636 mundo
1226 4581 1482 4638 salutem
1504 4584 1978 4651 afferret,secun-

324 4662 466 4718 dum
501 4668 761 4737 tempus,
793 4684 910 4738 quo
942 4669 1103 4725 cruci
1133 4670 1485 4744 afﬁgendus,
1519 4678 1578 4727 et
1605 4678 1975 4729 resurrectu-

324 4765 426 4805 rus
457 4757 638 4809 esset.

881 4937 1119 4993 EODEM
1160 4940 1305 4994 ΜΕΝ
1311 4940 1411 4994 SE.

806 5051 909 5107 Die
939 5053 1201 5126 vigesina
1232 5055 1484 5127 septima

320 5133 424 5190 ϐυ
453 5135 738 5194 Certamen
769 5140 1470 5271 gloriosislt’rozomartyris,
1495 5153 1547 5201 et
1568 5148 1967 5205 Archidiaconi

1063 5232 1128 5286 ep
1172 5234 1290 5273 am.

390 5295 725 5369 Stephanus
753 5308 1153 5377 protomartyr
1181 5311 1520 5362 sanctorum
1559 5308 1961 5379 apostolorum

316 5383 646 5457 discipulus
673 5396 807 5461 post
834 5393 1068 5448 Domini
1098 5395 1284 5450 nostri
1311 5396 1446 5450 Jesu
1473 5396 1689 5452 Christi
1735 5400 1960 5455 Ascen-

317 5473 547 5531 sionem
579 5478 889 5539 ordinatus
918 5488 1007 5539 est
1022 5499 1156 5540 cum
1179 5483 1314 5540 aliis
1345 5501 1467 5556 sex,
1489 5492 1556 5543 ut
1584 5486 1860 5545 ﬁdelibus
1884 5489 1959 5545 ad

2085 4581 2222 4635 κατᾶ
2263 4582 2557 4659 φαντασίαν
2611 4577 2902 4656 ἐγεννήθηο
2961 4575 3052 4634 διὰ
3099 4582 3263 4634 τοῦτο
3317 4577 3497 4656 φεύγει
3530 4579 3607 4643 είς
3638 4578 3741 4636 Αἴ-

2083 4690 2311 4746 γυπτον,
2337 4669 2429 4724 ἳνα
2454 4669 2544 4724 καὶ
2571 4668 2639 4725 τὰ
2694 4668 2867 4724 ἐκεῖσε
2917 4668 3181 4743 συντρίψῃ
3237 4664 3463 4738 εἴδωλα,
3515 4668 3607 4723 καὶ
3634 4670 3736 4739 τήν

2083 4756 2410 4832 οἰκουμένην
2442 4755 2581 4829 ὅλην
2611 4758 2781 4831 σώσῃ,
2807 4756 2943 4811 κατᾶ
2964 4754 3060 4811 τὸν
3090 4755 3281 4830 καιρὸν
3309 4761 3413 4826 τῆς
3456 4756 3737 4832 σωτηρίου

2080 4846 2457 4921 σταυρώσεως,
2487 4846 2578 4901 καὶ
2606 4851 2707 4915 τῆς
2728 4841 3087 4906 ἀναστάσεως.

2630 4940 2803 4992 ΜΗΝΙ
2835 4936 2927 4992 ΤΩ
2959 4935 3164 4992 ΑΥΤΩ.

2856 5055 2952 5111 KZ'

2075 5143 2339 5218 Ἂθλησις
2368 5151 2466 5203 τοῦ
2495 5147 2528 5201 ά
2572 5144 2653 5200 ίου
2682 5143 2773 5199 καὶ
2822 5140 3036 5213 ἐνδόξου
3090 5141 3596 5220 Πρωτομάρτυρος,
3626 5144 3719 5200 καὶ
3808 5158 3819 5165 ‘

2531 5165 2931 5273 άογιδιακόνου
2964 5213 3262 5273 Στεφάνου.

2577 5213 2931 5293 ρχιδιακόνου
2964 5213 3171 5291 Στεφάν
3179 5235 3262 5273 ου.

2144 5301 2415 5384 Στέφανος
2435 5307 2465 5361 ὁ
2487 5302 2886 5381 πρωτομάρτυς
2914 5302 3122 5379 ἐγένετο
3148 5303 3400 5377 μαθητὴς
3421 5306 3532 5359 τῶν
3557 5302 3731 5380 ἁγίων

2068 5393 2414 5451 ἀποστόλων·
2445 5392 2580 5468 μετᾶ
2610 5389 2668 5449 δέ
2694 5393 2796 5462 τήν
2840 5387 3117 5466 ἀνάληψιν
3170 5395 3269 5446 τοῦ
3323 5392 3531 5468 Κυρίου
3560 5393 3727 5466 ἡμῶν

2070 5485 2253 5557 Ἰησοῦ
2299 5486 2563 5560 Χριστοῦ,
2629 5480 3030 5559 προεχειρίσθη
3083 5480 3219 5553 μετὰ
3276 5479 3368 5536 καὶ
3422 5479 3613 5539 ἄλλων
3644 5475 3724 5553 ἕξ,

313 5578 552 5621 mensas
582 5569 965 5630 ministraret.
997 5576 1139 5628 Cum
1169 5578 1327 5630 esset
1349 5579 1550 5632 autem
1597 5576 1810 5650 plenus
1842 5578 1959 5635 ﬁde

2114 5584 2147 5637 ’ς
2203 5574 2267 5629 τὸ
2326 5571 2595 5629 διασοοεῖν
2644 5576 2762 5634 τοῖς
2828 5574 3044 5631 πιστοῖς
3097 5566 3151 5624 έν
3206 5572 3327 5632 ταῖς
3401 5570 3721 5645 τραπέζαις.

315 5656 373 5708 et
406 5655 719 5731 sapientia,
746 5661 1006 5720 faciebat
1033 5663 1302 5738 prodigia
1329 5670 1389 5721 et
1417 5666 1584 5740 signa
1636 5684 1850 5743 magna
1894 5671 1956 5725 in

2064 5662 2353 5742 Ὑπάρχων
2439 5661 2497 5719 δὲ
2552 5662 2776 5738 πλήρης
2834 5660 3088 5731 πίστεως,
3130 5658 3219 5715 καὶ
3271 5661 3483 5739 σοφίας,
3539 5661 3719 5717 ἐποίει
