4074 6192
246 290 363 352 sss
1731 282 2176 351 DECEMBER.
3550 310 3670 373 230

254 422 462 492 σημεῖα
518 417 611 474 καὶ
665 416 865 495 τέρατα
921 414 1137 513 μεγάλα
1192 416 1246 513 ἐν
1300 420 1381 489 τῷ
1422 417 1571 513 λεῷ,
1644 411 1914 513 διδάσκων

2033 421 2273 513 populo,
2325 425 2546 485 docens
2602 445 2724 499 eos,
2780 434 2841 487 et
2892 432 3191 492 Christum
3248 439 3672 513 evangelizans.

268 506 471 570 αὐτοὺς
501 507 596 563 καὶ
655 505 1139 583 εὐαγγελιζόμενος
1190 503 1258 560 τὰ
1314 503 1439 581 περὶ
1497 507 1593 559 τοῦ
1652 507 1914 579 Χριστοῦ.

260 596 565 671 Γενομένης
625 594 685 651 δὲ
733 597 1016 668 ζητήσεως
1068 595 1217 670 παρὰ
1269 598 1379 650 τῶν
1437 586 1768 670 Λιϐερτίνων
1826 593 1917 647 καὶ

249 690 355 742 τῶν
442 682 800 761 Κυρηναίων,
884 683 1210 754 σονὲστησαν
1266 679 1358 737 ἐπὶ
1418 679 1696 759 Στεφάνῳ,
1749 685 1916 751 συζη·

258 778 478 837 τοῶτες
532 770 701 847 αὐτῷ’
760 773 851 828 καὶ
910 772 1239 843 νικηθέντες,
1321 768 1666 846 ὠργίσθησαν
1731 765 1919 826 διαλε-

252 863 479 939 χθέντος
508 861 600 918 καὶ
661 860 977 935 διδάξαντος
1030 865 1128 916 τοῦ
1188 858 1347 935 ἁγίου
1395 860 1674 937 Στεφάνου
1729 856 1919 914 πολλὰ

255 954 357 1009 ἀπὸ
403 957 519 1008 τῶν
577 950 741 1017 θείων
791 954 1041 1028 Γραφῶν.
1096 949 1201 1008 Καὶ
1263 944 1628 1023 θυμωθέντες,
1682 946 1916 1024 ἤρξαντο

250 1043 451 1119 τρίζειν
476 1042 609 1104 τοὺς
667 1038 918 1113 ὀδόντας,
973 1040 1065 1096 καὶ
1123 1034 1437 1096 λιθοϐολεῖν
1495 1037 1680 1098 αὐτόν.
1739 1039 1800 1096 Ὀ
1857 1035 1917 1094 δὶ

255 1127 761 1206 λιθοϐολούμενος,
792 1132 903 1195 θεὶς
932 1130 1000 1185 τά
1027 1129 1248 1205 γόνατα,
1305 1127 1662 1205 προσηύχετο
1710 1125 1911 1203 λόγων⁸

257 1221 442 1298 Κύριε,
503 1222 585 1295 μὴ
643 1222 849 1295 στήσῃς
905 1218 1092 1281 αὐτοῖς
1143 1219 1246 1289 τήν
1333 1217 1604 1294 ἁμαρτίαν
1686 1216 1912 1288 ταύτην.

2030 507 2204 602 Facta
2232 519 2433 571 autem
2465 533 2501 573 a
2530 517 2866 591 Libertinis,
2927 527 2986 577 et
3032 507 3469 596 Cyrenensibus
3508 547 3673 602 qum-

2029 598 2245 669 stione,
2277 606 2720 664 constituerunt
2749 609 3137 683 Stephanum,
3189 620 3248 670 et
3292 598 3677 690 disputabant

2027 702 2164 743 cum
2185 704 2275 746 eo.
2295 692 2408 748 Sed
2429 694 2502 749 ab
2526 712 2595 752 eo
2616 697 2774 766 victi,
2799 699 2862 754 in
2890 699 3153 758 furorem
3175 705 3291 760 acti
3321 712 3481 776 sunt,
3514 710 3673 780 quod

2028 791 2130 833 eos
2150 780 2569 854 redarguisset,
2598 792 2659 843 et
2677 788 2874 844 allatis
2899 807 3204 849 sacrarum
3236 780 3674 867 Scripturarum

2026 868 2391 957 testimoniis
2423 876 2790 933 convicisset.
2821 878 3147 938 Stridentes
3176 884 3377 957 itaque
3399 886 3677 945 dentibus

2027 955 2088 1010 in
2122 973 2281 1047 eum,
2315 960 2547 1033 lapides
2568 965 2895 1037 jaciebant.
2920 970 3111 1027 Atille
3132 989 3265 1028 cum
3284 955 3673 1047 lapidaretur,

2023 1045 2236 1134 positis
2265 1051 2519 1121 genibus
2543 1054 2771 1124 orabat,
2801 1055 3007 1115 dicens
3034 1076 3047 1114 :
3078 1061 3322 1134 Domine,
3347 1045 3434 1119 ine
3459 1045 3673 1122 statuas

2024 1132 2139 1190 illis
2167 1135 2270 1192 hoc
2289 1147 2601 1208 peccatum.
2633 1144 2703 1200 Et
2731 1161 2864 1201 cum
2898 1147 3010 1204 hoc
3055 1132 3321 1221 dixisset,
3368 1153 3513 1209 vidit
3557 1172 3677 1212 cu:-

2023 1221 2114 1279 los
2134 1232 2393 1298 apertos,
2417 1235 2477 1286 et
2504 1231 2718 1289 Filium
2742 1235 2843 1290 Dei
2877 1241 3131 1293 stantem
3154 1256 3189 1295 a
3207 1240 3428 1298 dextris
3448 1245 3678 1302 virtutis

256 1311 349 1368 Καὶ
382 1314 553 1366 τοῦτο
591 1309 785 1379 εἰπὼν,
839 1305 947 1364 εἶδε
1013 1307 1379 1383 σχιζομένους
1432 1304 1564 1368 τοὺς
1621 1303 1912 1382 οὐρανοὺς,

2033 1313 2235 1386 Patris,
2270 1323 2329 1373 et
2352 1336 2417 1375 se
2447 1323 2907 1394 compellantem
2932 1343 2945 1382 :
2979 1332 3156 1399 atque
3184 1330 3268 1386 ita
3290 1331 3568 1393 decesait.

248 1402 334 1457 ni
391 1401 490 1456 τὸν
546 1400 672 1455 new
729 1402 830 1455 τοῦ
888 1402 1024 1454 Θεοῦ
1081 1398 1294 1453 ἑστῶτα
1349 1395 1411 1452 ἐκ
1467 1393 1657 1469 δεξιῶν
1714 1402 1819 1466 τῆς
1872 1393 2154 1473 δυνάμεως
2209 1409 2306 1460 τοῦ
2363 1393 2601 1485 Πατρός,
2649 1411 2740 1467 καὶ
2792 1393 3278 1488 προσκαλούμενον
3345 1418 3526 1490 αὐτὸν,
3584 1423 3673 1478 καὶ

255 1489 425 1554 οὕτως
455 1487 776 1560 ἆτελειώθη.

808 1586 990 1646 ΜΗΝΙ
1028 1588 1121 1643 ΤΩ
1158 1586 1360 1643 ΑΥΤΩ.

1028 1677 1139 1732 ΚΗ¹

253 1765 527 1839 Ἀθλησις
585 1769 686 1822 τοῦ
748 1763 900 1819 όσίου
954 1762 1385 1890 1[ξατρε›ς.·ὖιμᾶ’›ν
1468 1758 1757 1839 Θεοδώρου
1820 1764 1919 1816 τοῦ

997 1855 1224 1890 οαπτου.

996 1855 1224 1910 ραπτου.

325 1928 500 1988 Οὗτος
533 1925 751 2002 ἐγένετο
811 1924 918 1979 ἀπὸ
969 1922 1167 1996 Συρίας
1222 1922 1358 1997 μετᾶ
1394 1925 1493 1976 τοῖ’)
1540 1918 1781 1995 ἀδελφοῦ
1822 1919 1920 1976 αὖ-

260 2019 355 2071 τοῦ
380 2016 694 2094 Θεοφάνους
722 2017 821 2069 τοῦ
881 2015 1118 2082 ποιητοῦ
1176 2014 1287 2065 τῶν
1343 2008 1607 2068 κανόνων.
1664 2010 1921 2074 Μονάσας

259 2105 313 2163 δὲ
339 2108 607 2181 πρότερον
639 2107 692 2162 ἐν
718 2109 789 2181 τῇ
820 2103 998 2179 λαύρα
1024 2108 1123 2159 τοῦ
1174 2102 1328 2177 ἁγίου
1382 2096 1554 2169 Σάϐα,
1595 2100 1685 2158 καὶ
1729 2100 1920 2159 πολλὰ

260 2201 667 2277 ἀγωνισάμενος
721 2197 799 2261 εἷς
853 2198 1073 2274 ἀρετὴν,
1132 2194 1353 2270 ὕστερον
1411 2193 1579 2265 ἦλθεν
1653 2194 1706 2250 ἰν
1759 2200 1915 2252 Κωνα

263 2285 703 2345 σταντινουπόλει
734 2284 822 2343 ἐπὶ
854 2292 954 2356 τῆς
988 2283 1265 2362 βασιλείας
1291 2281 1561 2361 Θεοφίλου
1605 2286 1704 2338 τοῦ
1754 2282 1918 2341 Εἰκο-

271 2377 544 2453 νομάχου.
578 2376 683 2433 Καὶ
739 2373 1198 2450 καταναγκασθεὶς
1239 2373 1564 2446 ἀρνήσασεαι
1610 2372 1711 2442 τήν
1754 2393 1920 2450 προσ-

266 2470 489 2540 κύνησιν
546 2474 659 2526 τῶν
712 2468 883 2546 ἁγίων
935 2467 1183 2541 εἰκόνων,
1238 2466 1329 2521 καὶ
1385 2467 1462 2539 μή
1522 2466 1779 2535 πεισθεὶς,
1837 2468 1916 2530 εἰς

262 2559 470 2635 ἰξορίαν
528 2557 888 2632 ίκπέμπεται,
970 2556 1237 2631 πρότερον
1313 2555 1754 2627 κατακεντηθεὶς,
1825 2556 1918 2611 καὶ

259 2652 621 2729 καταγραφὰς
647 2650 711 2708 τὸ
740 2650 931 2725 τίμιον
986 2648 1154 2705 αύτσῦ
1199 2646 1497 2723 πρόσωπον
1544 2644 1635 2703 διὰ
1684 2647 1919 2724 βελόνης

259 2746 343 2800 καὶ
377 2743 637 2818 μίλανος,
682 2742 773 2800 καὶ
832 2742 909 2807 ὡς
964 2744 1043 2806 εἷς
1096 2745 1207 2796 τῶν
1265 2740 1584 2817 κακούργων
1637 2738 1727 2794 καὶ
1785 2759 1918 2815 φευ-

262 2835 467 2910 γόντων
528 2830 749 2889 δούλων
806 2825 1211 2907 καθυϐρισθείς’
1273 2825 1416 2885 διότι
1475 2827 1918 2905 ἐπαρρησιάσατο

264 2923 387 2997 ὑπὲρ
413 2925 512 2977 τοῖ’)
544 2919 783 2991 δικαίου,
812 2918 902 2974 καὶ
947 2917 1051 2973 ούκ
1097 2915 1365 2988 ἡθὲλησεν
1422 2915 1755 2991 ἀρνήσασθαι
1810 2916 1910 2986 τὴν

1946 1596 1998 1660 Β

2585 1600 2826 1657 EODEM
2860 1603 3007 1659 MEN
3013 1603 3113 1660 SE.

2528 1689 2634 1745 Die
2663 1690 2947 1749 vicesima
2976 1699 3184 1750 octava

2028 1772 2121 1829 0|
2158 1774 2437 1834 Certamen
2465 1785 2642 1837 sancti
2670 1784 2853 1841 Patris
2882 1785 3057 1842 nostri
3096 1787 3366 1843 Theodori
3421 1790 3676 1860 Graptus.

2099 1937 2204 1993 Hic
2230 1937 2342 1993 fuit
2372 1956 2442 1996 ex
2474 1942 2639 2014 Syria
2663 1960 2781 2000 una
2810 1962 2945 2002 cum
2978 1946 3157 2003 fratre
3191 1966 3297 2004 suo
3326 1950 3681 2022 Theophane

2027 2025 2334 2083 Canonum
2366 2031 2674 2102 scriptore.
2712 2035 2783 2088 Et
2808 2035 3066 2106 primum
3101 2037 3343 2107 quidem
3383 2039 3445 2094 in
3496 2040 3683 2097 Laura

2028 2115 2215 2171 sancti
2236 2116 2402 2174 Sabaa
2420 2122 2811 2179 monasticam
2834 2125 3016 2180 vitam
3033 2125 3682 2198 amplexus,virtutibus

2027 2203 2368 2264 excolendis
2394 2212 2584 2265 totum
2618 2227 2679 2266 se
2712 2212 2956 2268 addixit.
3008 2214 3234 2270 Deinde
3265 2216 3681 2273 Constantino-

2024 2294 2209 2366 polim
2230 2296 2532 2367 profectus
2554 2299 2881 2373 Theophilo
2902 2303 3295 2360 Iconomacho
3326 2305 3682 2377 imperante,

2025 2399 2160 2438 cum
2184 2390 2523 2443 sanctarum
2546 2388 2874 2462 imaginum
2899 2390 3124 2446 cultum
3144 2393 3377 2464 ejurare
3396 2393 3683 2451 detrecta-

2024 2473 2364 2542 ret,acubus
2380 2476 3162 2552 perfossus,atramentoque
3184 2481 3680 2551 infacienotatus,

2025 2578 2094 2618 ac
2114 2562 2295 2618 veluti
2329 2563 2633 2621 maleficus
2665 2571 2723 2622 et
2750 2567 3027 2640 fugitivus
3075 2585 3277 2625 servus
3321 2570 3684 2627 contumelia

2024 2653 2294 2720 affectus,
2341 2654 2403 2708 in
2461 2655 2735 2711 exsilium
2777 2657 3032 2729 ejicitur,
3085 2659 3243 2729 quod
3290 2676 3398 2731 pro
3448 2660 3681 2732 justitia

2026 2741 2213 2797 libere
2230 2741 2560 2812 decertans,
2582 2745 2873 2802 honorem
2896 2748 3459 2821 venerationemque
3492 2765 3680 2806 sacra—

2025 2850 2157 2889 rum
2188 2833 2515 2907 imaginum
2549 2833 2844 2907 abnegare
2876 2835 3084 2907 nollet,
3109 2836 3212 2892 sed
3234 2837 3309 2895 ad
3341 2842 3673 2895 extremum

2026 2924 2301 2996 spiritum
2331 2940 2438 2997 pro
2472 2940 2608 2980 vera
2633 2924 3011 2981 confessione
3043 2928 3410 2998 persisteret.
3464 2929 3531 2983 lu
3580 2945 3682 2984 ex-

263 2969 906 3086 ζῖιζὲιν’,’ἐαὲ”ξεῗζιὶέἆξ
954 2969 1069 3065 ea.
1106 2969 1911 3084 "i,:‘..:."’..,;:‘gnatae.

2033 2969 2301 2996 Tum..-
2331 2969 2436 2997 ,ην
2482 2969 2608 2980 ..-κ
2635 2969 3011 2981 “meme.”
3044 2969 3410 2998 μυηυυων..
3464 2969 3531 2983 η.
3581 2969 3680 2984 νε.-

2033 3014 2160 3069 silio
2200 3019 2397 3070 autem
2421 3030 2556 3070 cum
2578 3014 2769 3071 multa
2790 3032 2998 3072 rursus
3020 3018 3348 3073 certamina
3379 3017 3682 3088 subiisset,

260 3122 379 3157 νων·
405 3099 557 3158 ἀλλὰ
590 3102 756 3176 μέχρι
813 3097 1009 3162 τέλους
1069 3099 1376 3167 ἀνειοτῆναι
1435 3097 1568 3172 ὑπὲρ
1621 3103 1724 3167 τῆς
1780 3097 1916 3169 ἀλη-

263 3199 409 3263 θινῆς
436 3191 774 3267 ὁμολογίας.
805 3192 892 3247 Ἐν
946 3189 1006 3245 τε
1050 3196 1119 3260 τῆ
1173 3187 1353 3261 ἐξορίᾳ
1399 3188 1672 3260 ἀπελθὼν,
1727 3186 1915 3245 πολλᾶ

260 3281 420 3338 πάλιν
451 3279 865 3357 ἀγωνισάμενος
895 3279 985 3335 καὶ
1017 3277 1270 3340 πολλοὺς
1298 3281 1407 3333 τῶν
1438 3275 1746 3355 όρθοδόξων
1788 3300 1913 3351 στη-

266 3372 427 3447 Pii“,
456 3373 598 3448 πρὸς
624 3370 823 3447 Κυρίον
855 3366 1007 3441 ἰξεδή
1018 3388 1209 3443 μησεν.

849 3462 932 3533 τῇ
962 3457 1101 3534 αὐτῇ
1132 3456 1315 3534 ἡμέρᾳ

267 3553 467 3625 Πντξμη
525 3555 627 3608 τοῦ
686 3549 838 3625 ὁσίου
897 3548 1109 3625 ῌατρὸς
1166 3549 1326 3621 ἡμῶν
1386 3544 1677 3625 Θεοδώρου
1725 3547 1918 3623 ἀρχιε-

610 3621 883 3679 πισκόπου
915 3616 1569 3682 Κωνσταντίνουπόλεως.

335 3785 509 3846 Οὗτος
571 3783 793 3860 ὑπῆρχε
857 3785 959 3852 τῆς
1046 3781 1213 3852 αὐτῆς
1286 3778 1916 3842 Κωνσταντινουπόλεως

266 3877 645 3954 καὶγὲννημα,
676 3875 767 3931 καὶ
797 3875 1036 3948 θρέμμα.
1100 3873 1345 3950 Ἐγένετο
1400 3870 1458 3928 δὲ
1505 3873 1772 3950 πρότερον
1830 3870 1921 3927 διὰ

268 3966 364 4035 τὴν
420 3961 713 4022 εὐλάϐειαν
770 3963 937 4019 αὐτοῦ
987 3956 1355 4038 πρεσϐύτερος
1434 3968 1534 4031 τῆς
1608 3961 1922 4037 ἁγιωτάτης

272 4055 530 4133 Μεγάλης
560 4054 916 4126 Ἐκκλησίας’
950 4053 1013 4109 οὗ
1050 4054 1215 4127 μόνον
1243 4051 1302 4109 δὲ
1333 4046 1721 4129 πρεσϐύτερος,
1774 4050 1923 4109 ἀλλὰ

268 4144 355 4199 καὶ
386 4143 718 4221 συγκελλος,
748 4144 840 4199 καὶ
900 4140 1255 4215 σκευοφύλαξ.
1315 4142 1590 4198 Τοσοῦτον
1648 4142 1751 4216 γὰρ
1803 4140 1921 4196 ἑτι-

271 4237 404 4305 μᾶτο
460 4232 615 4307 παρά
654 4253 715 4289 τε
770 4237 888 4294 τοῖς
943 4228 1248 4307 βασιλεῦσι,
1296 4229 1385 4284 καὶ
1444 4233 1525 4301 τῷ
1577 4230 1921 4306 πατριάρχῃ,

2019 3100 2342 3176 pluresque
2374 3104 2839 3161 orthodoxorum
2873 3105 3304 3175 confirmasset,
3358 3107 3431 3162 ad
3478 3108 3679 3162 Domi-

2020 3210 2165 3251 num
2195 3195 2485 3268 migravit.

2674 3461 2896 3518 Eodem
2927 3462 3023 3517 die

2022 3552 2125 3609 02
2183 3552 2640 3609 Commemoratio
2696 3554 2873 3608 sancti
2928 3553 3111 3606 Patris
3161 3548 3341 3605 nostri
3409 3548 3680 3605 Theodori

2323 3622 2727 3695 archiepiscopi
2756 3622 3372 3692 Constantinopolitani.

2098 3795 2201 3849 Hic
2232 3793 2744 3867 Constantinopoli
2776 3799 2951 3849 natus
2978 3798 3033 3848 et
3064 3793 3371 3864 educatus,
3422 3791 3680 3864 primum

2034 3884 2111 3940 ob
2146 3900 2314 3940 suam
2346 3885 2699 3956 probitatem
2731 3884 3061 3957 presbyter,
3093 3883 3423 3955 Syncellus,
3458 3888 3517 3937 et
3545 3883 3684 3937 Sce-

2038 3973 2328 4046 vophylax
2356 3974 2468 4029 fuit
2498 3974 2890 4030 sanctissimze
2921 3990 3148 4047 magna)
3181 3972 3473 4040 ecclesia),
3506 3976 3684 4042 atque

2026 4063 2089 4117 in
2119 4078 2353 4118 summo
2385 4062 2613 4118 honore
2644 4063 2884 4119 habitus
2912 4062 2986 4118 ab
3039 4060 3522 4134 imperatoribus,
3577 4075 3683 4130 pa-

2031 4154 2312 4224 triarcha,
2359 4159 2591 4222 senatu,
2650 4155 3044 4224 universaque
3093 4152 3370 4225 synodo:
3422 4150 3686 4221 prudens

2028 4243 2190 4298 enim
2224 4247 2370 4310 erat,
2405 4243 2666 4314 sapiens,
2700 4241 3230 4311 eleemosynarius,
3292 4238 3685 4309 compatiens,

264 4323 351 4375 καὶ
404 4326 479 4396 τῇ
530 4319 852 4397 συγκλήτῳ,
935 4319 1027 4376 καὶ
1076 4322 1148 4393 τῇ
1203 4314 1416 4391 συνόδῳ
1470 4318 1640 4394 πάσῃο
1698 4319 1765 4388 ἦν
1815 4319 1918 4396 γὰρ

2033 4335 2091 4385 et
2117 4330 2339 4398 omnia,
2357 4347 2488 4402 quae
2519 4331 2637 4385 Deo
2659 4328 2995 4401 placent,in
3018 4328 3212 4398 seipso
3234 4324 3684 4383 circumferens.

265 4414 505 4484 συνετὸς,
553 4413 649 4468 καὶ
696 4411 1018 4488 γνωστικὸς,
1071 4410 1161 4466 καὶ
1214 4407 1493 4483 ἐλεήμων,
1550 4407 1640 4464 καὶ
1693 4429 1919 4484 συμπα-

265 4503 388 4572 θῆς,
415 4502 511 4558 καὶ
540 4500 718 4557 πάντα
745 4501 813 4558 τὰ
850 4505 969 4575 Θεῷ
1012 4498 1309 4574 ἀρέσκοντα
1360 4497 1415 4553 ἐν
1461 4498 1637 4571 ἑαυτῷ
1691 4500 1920 4578 περιφί-

266 4610 395 4665 ρων.
426 4592 528 4647 Διά
553 4595 725 4648 ταῦτα
752 4588 813 4647 δὶ
855 4594 954 4647 τοῦ
995 4589 1103 4665 πρὸ
1149 4586 1317 4644 αὐτοῦ
1366 4588 1714 4664 πατριάρχου
1767 4591 1918 4646 Κων-

266 4685 545 4742 σταντίνου
602 4684 1050 4757 τελευτήσαντος,
1103 4684 1276 4759 ψήφῳ
1330 4684 1428 4736 τοῦ
1485 4677 1778 4757 βασιλέως,
1828 4681 1919 4738 καὶ

269 4786 366 4848 τῆς
395 4778 735 4855 συγκλήτου,
780 4778 871 4835 κάὶ
926 4781 1035 4833 τῶν
1091 4774 1424 4844 ἐπισκόπων,
1483 4773 1573 4830 καὶ
1627 4778 1726 4830 τοῦ
1781 4773 1922 4831 λαοῦ

271 4871 487 4939 παντὸς,
518 4867 937 4944 προχειρίζεται
980 4862 1330 4941 πατριάρχης
1375 4864 1475 4917 τοῦ
1527 4860 1723 4936 θρόνου
1772 4869 1920 4919 Κων-

273 4952 797 5015 παντινουπόλεως.
832 4950 937 5009 Καὶ
983 4948 1170 5011 καλῶς
1226 4944 1503 5020 ποιμάνας
1556 4946 1621 5002 τὸ
1667 4946 1923 5021 ποίμνιον

2028 4420 2425 4486 Quamobrem
2492 4419 2773 4476 defuncto
2858 4417 3244 4473 Constantino
3322 4415 3681 4488 patriarcha,

2029 4508 2326 4581 suﬂ‘ragiis
2356 4508 2757 4580 imperatoris,
2814 4511 3079 4575 senatus,
3126 4510 3186 4560 et
3239 4504 3685 4576 episcoporum,

2030 4598 2331 4669 totiusque
2362 4597 2588 4670 populi,
2619 4596 2930 4653 ordinatur
2958 4594 3155 4650 throni
3184 4594 3686 4666 ConstantinOpo-

2029 4686 2201 4742 litani
2230 4685 2588 4758 patriarcha.
2619 4686 2886 4757 Cumque
2945 4700 3181 4758 gregem
3240 4700 3412 4740 suum
3463 4683 3686 4755 optime

2030 4774 2440 4848 gubernasset,
2463 4778 2850 4846 sanctamque
2864 4772 3177 4830 ecclesiam
3199 4771 3525 4828 orthodoxe
3547 4770 3687 4825 reli-

2030 4864 2311 4939 gioseque
2332 4863 2504 4920 annis
2526 4863 2758 4920 duobus
2779 4880 2847 4920 ac
2868 4861 3174 4919 mensibus
3197 4860 3387 4917 tribus
3408 4859 3680 4927 rexisset,

2032 4952 2305 5025 migravit
2332 4952 2407 5009 ad
2436 4952 2776 5010 Dominum.

274 5041 455 5113 αὐτοῦ,
486 5040 580 5099 καὶ
609 5035 948 5118 κυϐερνήσας
971 5039 1071 5109 τήν
1102 5038 1281 5113 ἁγίαν.
1315 5031 1642 5106 Ἐκκλησίαν
1677 5034 1978 5111 ὀρθοδόξως
2025 5040 2117 5096 καὶ
2162 5042 2462 5116 θεαρὲστως
2512 5039 2600 5097 ἐπὶ
2651 5038 2744 5111 ἔτη
2787 5038 2904 5114 δύο,
2952 5041 3040 5096 καὶ
3105 5042 3279 5114 μῆνας
3329 5042 3503 5115 τρεῖς,
3547 5034 3687 5110 πρὸς

277 5130 470 5207 Κύριον
501 5128 655 5203 δξεδή
664 5150 857 5205 μησεν.

855 5232 937 5303 Τῇ
968 5225 1106 5302 αὓτη
1132 5227 1317 5302 ἡμέρᾳ

343 5318 604 5391 ’Δθλησις
633 5323 744 5376 τῶν
774 5317 941 5394 ἁγίων
973 5314 1263 5393 μαρτύρων
1282 5310 1459 5385 Ἰνδη,
1486 5313 1579 5369 καὶ
1614 5311 1850 5387 Δόμνας.

346 5502 409 5560 Ἡ
466 5503 675 5580 μάρτυς
735 5502 921 5575 Δόμνα
977 5499 1225 5575 ὑπῆρχεν
1283 5495 1373 5552 ἐπὶ
1424 5496 1772 5570 Μαξιμιανοῦ
1823 5503 1924 5555 τοῦ

285 5589 623 5662 βασιλίωςίν
681 5592 845 5647 πόλει
902 5585 1302 5663 Νικομηδείας,
1353 5584 1524 5659 ἱέρεια
1586 5589 1685 5641 τοῦ
1740 5585 1793 5641 ἐν
1846 5591 1927 5660 τῷ

2687 5230 2909 5286 Eodem
2942 5228 3039 5284 die

2033 5319 2136 5375 8³
2220 5323 2507 5378 Certamen
2587 5325 2899 5376 sanctorum
2976 5324 3283 5388 martyrum
3381 5317 3556 5380 Indis,
3636 5321 3689 5370 et

2734 5392 2986 5448 Damna.

2106 5498 2339 5555 Domna
2366 5503 2611 5572 martyr,
2642 5497 2994 5555 Maximiano
3023 5496 3404 5569 imperatore,
3452 5494 3512 5548 in
3543 5492 3689 5547 urbe

2039 5587 2390 5643 Nicomedia
2417 5586 2548 5658 fuit,
2578 5584 2856 5643 sacerdos
2885 5585 3199 5641 duodecim
3215 5583 3458 5638 deorum
3491 5579 3551 5633 in
3580 5581 3688 5633 Pa-
