4074 6192
416 293 527 356 231
1698 292 2137 356 MENOLOGII
2180 284 2389 357 PARS
2433 291 2515 354 ΙΙ.
3708 299 3824 361 232

417 427 702 485 latio.Sed
722 444 859 485 cum
880 428 1028 485 forte
1049 429 1111 484 in
1132 429 1278 485 Acta
1298 430 1640 484 sanctorum
1656 427 2028 500 apostolorum

2172 421 2426 497 παλατίῳ
2483 421 2843 489 δωδεκαθέου.
2901 426 3245 502 Ἐνόυχοῦσα
3301 423 3359 483 δὲ
3413 432 3536 495 ταῖς
3595 431 3825 506 Πράξεσι

419 524 478 573 et
498 520 687 576 sancti
715 520 877 576 Pauli
899 518 1191 590 Epistolas
1214 518 1548 589 incidisset,
1576 533 1782 574 earum
1807 518 2028 574 lection

2169 517 2278 568 τῶν
2324 511 2497 588 ἁγίων
2557 513 2938 585 Ἀποστόλων,
2996 515 3089 571 καὶ
3143 520 3264 579 ταῖς
3320 514 3676 580 Ἐπιστολαῖς
3726 523 3824 574 τοῦ

417 608 618 664 animo
642 609 1318 679 illuminata,veramque
1343 607 1523 663 ﬁdem
1548 607 1874 673 discens,in
1896 608 2066 664 Chri-
2170 602 2327 678 ἁγίου
2359 600 2610 672 Παύλου,
2673 603 2763 659 καί
2821 604 2949 679 παρ’
3016 605 3192 660 αὐτῶν
3248 606 3349 675 τήν
3407 609 3595 683 ψυχὴν
3650 625 3823 683 φωτι-

415 701 571 753 stum
603 698 877 766 credidit,
912 702 970 752 et
1026 714 1060 752 a
1107 697 1327 769 Cyrillo
1376 697 1733 754 Nicomediae
1786 699 2024 771 episcop

2171 692 2377 762 σθεῖσα,
2406 691 2497 746 καὶ
2527 692 2627 760 τήν
2660 690 2842 763 αληθῆ
2874 693 3056 748 πίστιν
3114 698 3380 767 μαθοῦσα,
3434 694 3714 752 ἐπίστευσε
3741 701 3820 771 τῷ

412 786 702 858 baptizata
718 787 850 855 fuit,
875 803 994 841 una
1016 803 1149 841 cum
1178 786 1322 843 Inde
1346 788 1643 855 eunucho,
1668 793 1727 843 et
1746 788 1881 843 aliis
1901 804 2028 843 com

2168 779 2405 854 Χριστῷ-
2448 780 2541 835 καὶ
2602 781 2915 857 βαπτίζεται
2971 782 3120 857 παρὰ
3177 782 3463 859 Κυρίλλου
3519 783 3822 842 ἐπισκόπου

410 874 701 944 pluribus.
735 875 879 930 Tum
904 891 1040 931 vero
1063 876 1109 930 si
1144 876 1289 947 quid
1311 892 1346 931 a
1374 876 1593 933 Palatio
1619 877 1966 949 accipiebat,
1999 877 2028 931 i1

2170 867 2567 942 Νικομηδείας,
2591 872 2705 943 ἅμα
2733 867 2883 945 ’Ίνδῃ
2913 875 2992 943 τῷ
3021 871 3295 946 εὑνούχῳ,
3326 871 3417 926 καὶ
3449 870 3646 937 ἄλλοις
3676 874 3824 931 πολ-

408 977 701 1033 pauperes
722 963 870 1018 illud
897 980 1137 1036 erogare
1159 966 1356 1037 coepit.
1381 966 1548 1031 Quod
1570 983 1706 1023 cum
1726 967 2028 1022 rescivisse

2169 954 2313 1020 λοῖς,
2347 959 2447 1015 Καὶ
2481 959 2589 1014 ἀπὸ
2637 960 2763 1014 τότε
2809 958 2864 1015 εἷ’
2903 980 2956 1015 τι
3008 956 3312 1033 ἐλάμϐανεν
3366 960 3473 1017 άπὸ
3527 962 3820 1035 παλατίου,

408 1051 817 1108 cunuchorum
845 1052 1146 1126 princeps,
1206 1054 1660 1127 accingeretque
1705 1071 1768 1110 se
1816 1053 1888 1110 ad
1928 1070 2028 1110 ean

2164 1043 2346 1102 ἐδίδου
2403 1053 2520 1111 τοῖς
2578 1054 2851 1124 πτωχοῖς.
2941 1055 3344 1125 Διαγνωσθεῖσα
3401 1047 3461 1106 δὲ
3523 1051 3670 1130 παρὰ
3721 1056 3821 1109 τοῦ

406 1141 1130 1212 torquendam,simulavit
1154 1143 1257 1200 illa
1274 1144 2028 1218 dementiam.Quamobren

2163 1134 2595 1213 άρχιευνούχου,
2680 1138 2771 1194 καί
2855 1136 3137 1213 μέλλουσα
3218 1146 3600 1215 τιμωρεῖσθαι,
3682 1162 3818 1218 πρε-

405 1234 470 1283 ut
508 1236 845 1298 sanaretur,
874 1232 1059 1288 missa
1107 1239 1198 1289 est
1248 1236 1322 1288 ad
1377 1234 1744 1306 episcopum,
1800 1214 2025 1290 et'inte

2165 1225 2452 1299 εφασίσατο
2536 1227 2979 1306 παραφροσύνην,
3062 1228 3155 1284 καὶ
3240 1228 3519 1303 ἀπεστάλη
3592 1229 3670 1295 εἷς
3724 1233 3822 1288 τὸν

402 1317 771 1376 Christianos
806 1320 1169 1377 versabatur.
1204 1322 1316 1378 Sed
1365 1323 1754 1379 Maximianus
1785 1340 1821 1379 a
1848 1324 2024 1379 castri

2164 1313 2476 1386 ἐπίσκοπον,
2536 1313 2620 1371 ἵνα
2659 1321 2986 1393 θεραπευθῇο
3043 1318 3133 1373 καὶ
3196 1319 3264 1388 ἦν
3323 1320 3458 1393 μετὰ
3514 1324 3624 1376 τῶν
3681 1323 3820 1396 Χρι-

401 1422 693 1477 reversus,
725 1414 1225 1481 percontatusque
1288 1410 1361 1467 de
1410 1412 1657 1478 Domna,
1708 1429 1842 1468 cum
1890 1412 2028 1469 illan

2161 1410 2413 1463 στιανῶν.
2444 1407 2507 1464 Ὀ
2538 1403 2597 1463 δὲ
2626 1407 2994 1480 Μαξιμιαγὸς,
3054 1408 3393 1483 ὑποστρέψας
3441 1408 3549 1465 άπὸ
3594 1415 3693 1464 τοῦ
3720 1430 3823 1466 τα-

402 1513 526 1552 non
542 1498 834 1568 reperisse
844 1502 880 1567 t,
904 1499 993 1554 ira
1005 1500 1464 1572 excandescens,
1490 1502 1674 1572 jussit
1689 1502 2022 1558 Christiano

2161 1491 2383 1565 ξειδίου,
2440 1494 2620 1566 ἐζήτει
2674 1496 2775 1565 τήν
2834 1496 3070 1570 Δόμναν.
3131 1497 3226 1552 Καὶ
3289 1499 3366 1571 μή
3455 1499 3648 1573 εὑρὼν,
3705 1499 3825 1555 ἐπι-

401 1603 609 1642 omnes
631 1588 909 1644 interﬁci.
941 1592 1102 1646 Tunc
1143 1596 1347 1647 sancta
1376 1593 1602 1647 Domna
1630 1598 1866 1665 sumpto
1897 1592 2028 1648 vii-il

2158 1584 2385 1658 κράνθη,
2439 1586 2526 1640 καὶ
2613 1586 2936 1661 προσέταξεν
3018 1586 3310 1652 ἀποθανεῖν
3400 1589 3598 1651 πάντας
3678 1588 3813 1654 τοῦς

400 1675 629 1744 habitu,
684 1677 1035 1733 Sanctorum
1068 1679 1353 1752 reliquias
1384 1688 1566 1737 noctu
1591 1681 1854 1737 sublatas
1884 1699 2028 1753 sepe

2160 1674 2541 1749 Χριστιανούς.
2602 1675 2740 1732 Τότε
2799 1677 2833 1745 ἡ
2891 1675 3021 1751 ἁγία
3077 1675 3263 1749 Δόμνα
3324 1673 3656 1751 ἐνδυσαμὲνη
3727 1676 3820 1733 ἆν-

398 1764 602 1821 liebat.
638 1767 886 1822 Demum
919 1768 1119 1838 agnita
1149 1769 1341 1840 capite
1371 1770 1545 1841 plexa
1572 1769 1704 1826 fuit.

1048 1998 1271 2057 Eodem
1301 1998 1397 2055 die

395 2142 497 2196 64
532 2142 816 2196 Certamen
859 2148 1175 2197 sanctorum
1201 2145 1407 2213 viginti
1451 2144 1687 2200 millium
1717 2152 2045 2215 martyrum.

464 2285 853 2342 Maximianus
883 2284 1230 2358 imperator,
1263 2287 1533 2345 confecto
1563 2289 1839 2360 feliciter,
1887 2290 2047 2363 quod

391 2375 672 2432 adversus
698 2376 999 2448 AEtbiopes
1027 2383 1313 2449 gesserat,
1344 2376 1528 2447 bello,
1558 2380 1764 2437 volens
1789 2381 2046 2454 epinicia

390 2463 567 2520 idolis
597 2464 921 2535 celebrare,
944 2466 1148 2536 edixit,
1167 2472 1230 2522 ut
1252 2468 1650 2541 undequaque
1669 2486 1876 2527 omnes
1900 2487 2043 2527 con-

390 2552 679 2619 venirent,
713 2552 874 2609 idola
900 2553 1221 2610 adoraturi.
1280 2557 1424 2612 Cum
1471 2562 1671 2613 autem
1719 2559 1782 2613 in
1840 2564 2043 2614 sancto

390 2640 611 2696 Natalis
641 2641 858 2697 Christi
888 2642 1039 2697 festo
1072 2643 1325 2700 ecclesia
1353 2645 1823 2703 Christianorum
1865 2647 2045 2719 plena

396 2729 616 2801 populo
641 2735 815 2798 esset,
834 2747 1067 2787 summa
1088 2732 1445 2790 cumlsetitia
1460 2735 1679 2791 festum
1702 2735 1862 2791 diem
1875 2736 2044 2791 Chri-

389 2818 567 2873 stiani
599 2817 1005 2889 celebrabant,
1038 2837 1148 2876 nec
1192 2822 1393 2878 induci
1446 2829 1739 2895 poterant,
1791 2830 1857 2879 ut
1904 2825 2041 2881 inde

384 2909 637 2977 exirent,
670 2916 730 2965 et
758 2910 995 2984 impura
1043 2912 1339 2969 daemonia
1386 2915 1672 2971 colerent.
1723 2916 1890 2981 Quod
1937 2916 2037 2972 ubi

386 2998 625 3053 rescivit
653 3000 1062 3069 Maximianus,
1096 3003 1398 3074 praecepit,
1428 3009 1495 3058 ut
1536 3005 1695 3060 circa
1725 3005 2037 3061 ecclesiam

2077 1799 2127 1865 B
2158 1759 2350 1836 δρικήν
2391 1761 2592 1832 στολὴν
2645 1763 2839 1827 νυκτὸς
2892 1759 3302 1837 ἀνελαμϐάνετο
3358 1768 3468 1820 τῶν
3527 1764 3694 1840 ἁγίων
3748 1765 3821 1822 τὰ

2158 1851 2179 1865 .
2232 1852 2272 1865 ,.
2520 1852 2533 1865 .
2569 1847 2618 1865 υ..
2815 1855 2858 1865 -.
2900 1852 2913 1865 .
3096 1854 3118 1865 -
3148 1858 3177 1865 _
3310 1855 3325 1865 .
3541 1851 3560 1865 ε
3586 1854 3598 1865 .
3642 1855 3664 1865 -

2158 1851 2414 1926 λείψανα,
2444 1852 2535 1908 καὶ
2566 1847 2780 1910 ἔθαπτε.
2815 1852 2917 1911 Καὶ
2945 1854 3268 1930 γνωσθεῖσα,
3299 1851 3730 1932 ἀπεκεφαλίσθη.

2744 2000 2825 2073 Τῇ
2863 1998 3004 2074 αὖτῇ
3042 1996 3225 2075 ἡμέρᾳ

2326 2139 2598 2213 Ἀθλησις
2624 2146 2733 2197 τῶν
2764 2140 2930 2217 ἁγίων
2963 2138 3275 2218 δυσμυρίων
3313 2140 3624 2218 μαρτύρων.

2229 2286 2573 2359 Μαξιμιανοῦ
2612 2290 2710 2342 τοῦ
2768 2284 3041 2362 βασιλέως
3100 2284 3161 2357 ἐκ
3212 2288 3308 2341 τοῦ
3364 2287 3501 2342 κατᾶ
3553 2288 3662 2341 τῶν
3720 2285 3823 2343 Αἲ-

2154 2372 2362 2429 θιόπων
2395 2372 2830 2450 ὑποστρέψαντος
2860 2373 3113 2448 πολέμου
3147 2373 3284 2447 μετᾶ
3312 2373 3492 2444 νίκης,
3526 2372 3615 2428 καὶ
3675 2372 3819 2450 βου-

2154 2461 2395 2535 λομένου
2428 2462 2667 2519 ἐπινίκια
2698 2466 2851 2526 θῦσαι
2881 2466 2998 2524 τοῖς
3030 2459 3309 2531 εῗδώλοις,
3362 2460 3625 2535 ἐμήνυσεν
3672 2482 3821 2516 πανο

2153 2556 2327 2628 ταχοῦ
2367 2550 2643 2617 συνελθεῖν
2702 2552 2940 2614 ἅπαντας
2994 2550 3071 2613 εἷς
3125 2552 3225 2621 τὴν
3282 2550 3647 2626 προσκύνησιν
3697 2553 3817 2605 τῶν

2153 2638 2422 2698 εἰδώλων
2481 2647 2581 2711 τῆς
2640 2637 2698 2696 δὶ
2780 2638 3074 2711 ἐκκλησίας
3158 2643 3268 2693 τῶν
3325 2643 3660 2716 Χριστιανῶν
3716 2659 3818 2715 γε·

2155 2729 2368 2804 μούσης
2394 2735 2489 2786 τοῦ
2530 2729 2667 2786 λαοῦ
2720 2729 2806 2801 (ἦν
2858 2729 2964 2805 γάρ
2993 2731 3029 2799 ἡ
3062 2729 3224 2804 ὲορτή
3268 2733 3378 2783 τῶν
3439 2727 3605 2803 ἁγίων
3665 2728 3815 2803 Χρι-

2149 2825 2278 2874 στοῦ
2325 2819 2569 2895 γὲννων),
2628 2819 2974 2894 ἑορτάζοντες
3043 2820 3095 2873 οἱ
3152 2817 3496 2893 Χριστιανοὶ,
3554 2812 3813 2894 ἔχαιρον,

2149 2909 2238 2965 καὶ
2301 2910 2400 2965 οὐκ
2457 2908 2783 2979 ἐπεῖσθησαν
2870 2907 3103 2980 ἐξελθεῖν
3159 2914 3261 2978 τῆς
3323 2905 3635 2978 ἐκκλησίας,
3715 2906 3816 2963 καὶ

2149 3005 2527 3074 προσκυνῆσαι
2593 3005 2715 3061 τοῖς
2767 2998 3092 3073 ἀκαθάρτοις
3152 2994 3395 3070 δαίμοσι.
3456 2996 3555 3052 Καὶ
3621 2996 3816 3069 μαθὼν

385 3088 657 3160 apposita
681 3089 1079 3161 undequaque
1102 3098 1403 3149 sarmenta
1432 3094 1946 3163 comburerentur,
1978 3101 2028 3151 et

2146 3093 2311 3145 τοῦτο
2343 3090 2371 3144 ὁ
2400 3089 2759 3163 Μαξιμιανὸς,
2791 3087 3084 3162 προσέταξε
3119 3083 3309 3159 κύκλῳ
3364 3092 3463 3156 τῆς
3512 3083 3817 3156 ἐκκλησίας

383 3177 701 3232 Christiani
718 3178 1174 3247 conﬂagrarent.
1198 3181 1343 3236 Tum
1369 3199 1509 3238 vero
1539 3183 1853 3257 episcopus
1872 3185 2028 3241 Cato

2153 3186 2371 3248 τεθῆναι
2425 3178 2689 3257 φρύγανα,
2743 3177 2830 3232 καὶ
2920 3176 3236 3255 ἐξαφθῆναι,
3298 3177 3387 3230 καί
3470 3180 3813 3244 κατακαῆναι

388 3265 722 3322 chumenos
752 3283 961 3322 omnes
1009 3267 1340 3340 baptizavit,
1392 3273 1694 3344 sacrisque
1738 3279 2028 3359 operatus1

2146 3267 2277 3331 τοὺς
2335 3267 2716 3343 Χριστιανούς.
2778 3266 2879 3323 Kal
2936 3265 3171 3327 ἀκούσας
3217 3268 3380 3320 τοῦτο
3419 3264 3448 3319 ὁ
3479 3262 3810 3334 ἐπίσκοπος,

380 3356 703 3427 purissima
725 3357 1011 3428 mysteria
1029 3359 1260 3414 cunctis
1286 3362 1575 3431 porrexit:
1602 3369 1778 3435 atque
1801 3363 1883 3418 ita
1896 3350 2028 3419 sub;

2146 3354 2402 3413 ἐϐάπτισε
2431 3358 2634 3421 πάντας
2678 3354 2808 3418 τοὺς
2861 3353 3338 3430 κατηχουμένουςο
3398 3357 3487 3408 καί
3546 3350 3810 3429 λειτουρ-

376 3444 538 3516 jecto
595 3445 718 3517 igni
774 3444 1086 3502 hominum
1144 3448 1349 3520 viginti
1418 3451 1608 3507 millia
1661 3459 2028 3509 concremata

2146 3449 2341 3524 γήσας,
2378 3443 2677 3520 μεσέδωκεν
2721 3447 2885 3500 ἅπασι
2948 3448 3057 3499 τῶν
3114 3444 3399 3519 ἀχράντιυν
3460 3441 3809 3517 μυστηρίων.

382 3538 542 3601 sunt,
576 3538 820 3606 excepto
851 3536 1151 3608 episcopo,
1186 3539 1287 3609 qui
1316 3538 1421 3594 Dei
1448 3539 1740 3597 beneficio
1772 3546 2028 3597 servatus

2144 3535 2247 3594 Καὶ
2281 3533 2455 3598 οὕτως
2485 3533 2826 3609 ἀναχθέντων
2887 3537 2996 3588 τῶν
3046 3534 3352 3609 φρυγάνων,
3402 3529 3806 3600 ἐτελειώθησαν

377 3626 488 3689 est,
520 3626 587 3676 ut
615 3622 763 3677 alios
786 3623 1042 3693 juvaret,
1075 3642 1143 3681 ac
1171 3626 1515 3698 baptizaret.

1031 3941 1251 3999 Eodem
1282 3944 1378 4000 die

383 4055 480 4113 σε
518 4056 806 4138 Certamen
843 4063 1181 4138 sanctorum,
1230 4063 1328 4130 qui
1382 4077 1452 4116 ea:
1495 4068 1633 4138 coetu
1683 4071 1736 4119 et
1779 4082 1849 4120 ea:
1892 4084 2029 4138 rogo

652 4132 966 4184 sanctorum
992 4137 1300 4201 martyrum
1326 4136 1741 4204 superfuerunt.

446 4246 581 4301 Haac
610 4261 749 4300 cum
779 4244 1051 4318 impurus
1082 4249 1472 4306 Maximianus
1488 4251 1748 4321 fecisset,
1770 4253 2024 4326 impera-

368 4336 450 4390 vit
478 4340 546 4390 ut
572 4334 613 4390 ii
659 4335 860 4402 etiam,
916 4337 1017 4408 qui
1077 4344 1241 4394 extra
1295 4357 1503 4413 rogum
1554 4342 1775 4415 reliqui
1832 4350 2023 4409 erant.

2145 3624 2375 3686 ἅπαντες
2406 3621 2700 3698 δυσμύριοι
2734 3618 2902 3685 ὄντες.
2944 3622 3005 3678 Ὁ
3056 3618 3113 3676 δὲ
3160 3620 3454 3683 ἐπίσκοπος
3504 3621 3638 3674 Θεοῦ
3688 3619 3806 3694 χά·

2141 3734 2251 3788 ριτι
2312 3710 2682 3791 διεφυλάχθη,
2765 3711 2853 3766 ἳνα
2919 3709 3009 3765 καὶ
3067 3708 3282 3785 ἑτερους
3338 3706 3626 3786 ὠφελήσῃ,
3704 3707 3805 3762 καὶ

2142 3801 2401 3876 βαπτίσῃ.

2717 3944 2802 4016 Τῆ
2843 3939 2980 4015 alimi
3010 3939 3194 4017 ἡμιρᾳ

2134 4036 2405 4131 Ἅθλησις
2436 4063 2545 4114 τῶν
2576 4057 2689 4133 uno
2714 4064 2813 4127 τῆς
2846 4056 3189 4133 συγκλήτου,
3236 4057 3326 4113 καὶ
3374 4060 3485 4133 τῷν
3533 4049 3635 4127 ἔξω
3681 4061 3796 4125 τῆς

2356 4136 2534 4205 πυρᾶς
2568 4128 3002 4208 ὑπολειφθέντων
3038 4128 3204 4206 ἁγίων
3245 4128 3557 4204 μαρτύρων.

2198 4254 2376 4309 Ταῦτα
2431 4246 2636 4325 πράξας
2694 4249 2723 4303 ὁ
2784 4249 2979 4324 μιαρὸς
3067 4246 3426 4320 Μαξιμιανὸς,
3487 4243 3791 4320 προσέταξε

2129 4337 2377 4402 καὶτοὺς
2404 4334 2507 4410 ἔξω
2552 4343 2653 4408 τῆς
2709 4341 2883 4415 πυρᾶς
2939 4335 3363 4413 ὑπολειφθέντας
3421 4331 3791 4411 Χριστιανοὺς

365 4425 687 4481 Christiani
721 4425 1223 4484 interﬁcerentur.
1256 4431 1439 4504 Igitur
1469 4435 1709 4489 sanctus
1740 4434 1934 4502 ludes,
1967 4442 2027 4491 et

2142 4431 2475 4509 φονευθῆναι.
2510 4425 2843 4483 Φονεύονται
2876 4423 2935 4481 δὲ
2959 4427 2989 4482 ὁ
3021 4426 3172 4500 ἅγιος
3201 4421 3384 4495 Ἷνδης
3436 4424 3529 4479 καὶ
3578 4422 3793 4499 Γοργό-

365 4515 716 4585 Gorgonius,
749 4521 809 4571 et
836 4517 1066 4585 Petrus,
1098 4519 1357 4593 alligatis
1387 4521 1461 4578 ad
1494 4523 1714 4579 collum
1746 4525 1924 4593 saxis,
1952 4525 2014 4580 in

2142 4540 2260 4594 νιος,
2316 4520 2408 4575 καὶ
2471 4519 2699 4593 Πέτρος,
2757 4515 2937 4579 λίθοις
2990 4512 3394 4591 προσδεθέντες,
3452 4511 3626 4568 καὶέν
3676 4521 3793 4596 ᾼθα-

360 4617 524 4656 mare
554 4601 811 4659 demersi
843 4612 999 4661 sunt.
1026 4608 1223 4664 Zenon
1244 4611 1550 4682 copiarum
1583 4612 1721 4681 dux,
1750 4616 2014 4670 contusis

2142 4593 2299 4683 ίάσσῃ
2332 4608 2599 4686 ῥιφέντες.
2634 4608 2697 4663 Ὀ
2754 4603 2812 4661 δὲ
2870 4604 3171 4680 στρατηγὸς
3213 4603 3422 4675 Ζήνων,
3473 4593 3785 4677 συντριϐεὶς

361 4704 500 4743 saxo
531 4690 721 4745 oculis
749 4706 817 4746 ac
847 4691 1149 4762 dentibus,
1179 4714 1301 4754 una
1329 4715 1465 4754 cum
1513 4701 1807 4759 Dorotheo
1858 4720 2013 4774 pras-

2142 4701 2221 4769 τὴν
2254 4695 2378 4772 ὄψιν
2409 4694 2653 4758 καὶτοὺς
2683 4692 2907 4756 ὀδόντας
2940 4693 3074 4766 μετὰ
3123 4691 3315 4762 λίθων,
3366 4691 3459 4747 σὺν
3515 4688 3789 4763 Δωροθέῳ

360 4776 774 4848 posito,capite
796 4779 1103 4850 plectitur;
1120 4785 1457 4842 Mardonius
1481 4788 1603 4859 igni
1621 4790 2012 4859 comburitur;

2142 4789 2200 4861 ςῴ
2248 4785 2594 4862 πραιποσίτῳ
2649 4785 2749 4853 τὴν
2811 4779 3054 4861 κεφαλήν
3113 4781 3495 4855 ἀποτέμνεται.
3555 4776 3789 4853 Μαρδό-

359 4864 706 4937 Mygdonius
737 4866 799 4921 in
830 4867 1058 4926 foveam
1090 4872 1358 4944 injicitur
1384 4893 1398 4943 ;
1433 4875 1735 4949 Glycerius
1764 4879 2010 4952 presby-

2142 4897 2236 4939 νιος
2277 4877 2407 4951 πυρὶ
2463 4874 2737 4952 φλέγεταιο
2798 4869 3121 4946 Μυγδώνιος
3175 4869 3251 4933 εἲς
3310 4870 3508 4946 βόθρον
3567 4863 3786 4942 ἐμϐάλ-

359 4957 450 5009 ter
465 4952 724 5010 ﬂammis
748 4956 1037 5026 traditur;
1071 4961 1434 5035 Theophilus
1455 4965 1742 5022 diaconus
1763 4969 2012 5038 praecisa

2142 4983 2293 5022 ιεταν
2352 4963 2649 5040 Γλυκέριος
2708 4963 2737 5017 ὁ
2795 4955 3162 5037 πρεσϐύτερος
3230 4960 3360 5035 πυρὶ
3442 4957 3777 5014 τελειοῦται·

356 5041 562 5114 lingua
592 5042 653 5097 in
684 5060 893 5116 campo
923 5045 1258 5119 lapidatur:
1291 5053 1748 5125 compluresque
1780 5055 1881 5109 alii
1905 5072 2007 5110 eo-

356 5130 491 5186 dem
524 5131 617 5187 die
666 5134 932 5206 martyrii
993 5153 1275 5193 coronam
1320 5148 1696 5212 acceperunt.
1747 5144 2007 5208 Quorum

358 5220 629 5276 omnium
661 5237 857 5278 sacras
888 5222 1172 5296 reliquias
1202 5228 1263 5283 in
1294 5240 1481 5284 unum
1502 5230 1782 5286 collectas
1805 5238 2009 5288 sancta

354 5309 582 5365 Domna
615 5311 926 5382 sepelivit:
976 5314 1191 5372 deinde
1242 5319 1468 5389 navigio
1518 5319 1846 5391 impositas,
1899 5322 2004 5378 ho-

353 5401 522 5451 nesto
568 5396 697 5453 loco
750 5398 1147 5457 abscondidit.
1208 5406 1397 5471 Quare
1448 5405 1521 5461 ad
1585 5408 2003 5464 Maximianum

352 5483 568 5553 delata,
604 5487 874 5559 ejusdem
904 5491 1083 5564 jussu
1146 5494 1406 5565 primum
1459 5497 1651 5568 capite
1701 5498 2000 5569 plectitur,

353 5590 491 5632 mox
516 5575 639 5649 igni
670 5578 1054 5638 comburitur.

2117 5053 2431 5132 Θεόφιλοςὸ
2463 5050 2714 5113 διάκονος
2763 5052 2864 5121 τὴν
2922 5048 3172 5125 γλῶτταν
3227 5047 3539 5122 ἐκτμηθεὶς,
3588 5045 3640 5101 ἐν
3695 5050 3779 5121 τῷ

2114 5143 2320 5217 κάμπῳ
2351 5136 2749 5206 λιθοϐολεῖταιο
2782 5140 2869 5195 καὶ
2902 5136 3080 5214 ἕτεροι
3137 5136 3345 5194 πολλοὶ
3394 5138 3512 5193 κατ’
3558 5133 3774 5206 ἐκείνην

2112 5232 2211 5300 τήν
2243 5231 2454 5303 ἡμέραν
2499 5230 2591 5285 τὸν
2647 5236 2749 5299 τῆς
2813 5228 3112 5305 μαρτυρίας
3169 5224 3418 5298 ἐδέξαντο
3483 5222 3769 5302 στέφανον.

2111 5318 2334 5376 Τούτων
2393 5320 2610 5375 πάντων
2668 5318 2737 5372 τὰ
2794 5318 2918 5394 ἅγια
3005 5316 3229 5391 λείψανα
3284 5318 3319 5386 ἡ
3378 5315 3501 5387 ἁγία
3585 5313 3775 5386 Δόμνα

2113 5410 2410 5484 συνάγουσα
2446 5407 2809 5483 ἐνεταφίασεν.
2860 5406 2991 5462 Εἶτα
3040 5402 3093 5459 ἐν
3150 5403 3334 5476 πλοίῳ
3390 5403 3622 5469 ἐνθεῖσα,
3678 5400 3774 5455 καὶ

2110 5499 2163 5555 ἐν
2184 5494 2485 5570 ἐπιτηδείῳ
2511 5497 2765 5573 κρύψασα
2789 5495 2965 5567 τόπῳ,
2998 5489 3266 5564 διεϐλήθη
3304 5497 3383 5565 τῷ
3414 5494 3773 5564 Μαξιμιανῳ,

2108 5589 2203 5645 καὶ
2226 5587 2295 5662 τῇ
2324 5588 2612 5661 προστάξει
2646 5585 2879 5660 ἐκείνου,
2904 5590 3122 5660 πρῶτον
3170 5583 3265 5657 μὶν
3320 5581 3614 5655 ἀπετμήθη
3659 5579 3765 5648 τήν

2106 5675 2373 5757 κεφαλήν,
2405 5677 2524 5732 εἶτα
2552 5676 2642 5734 καὶ
2672 5676 2803 5752 πυρί
2823 5675 3082 5750 κατεκάη.
