4072 6194
367 734 431 789 Ἦ
464 732 752 807 ἀναίρεσις
782 736 892 787 τῶν
918 731 972 787 ἐν
998 646 1356 806 τῇΚέηθλιὶμ.
1383 732 1548 808 ἁγίων
1578 731 1817 802 νηπίων.

338 850 658 919 Προστάξας
688 850 717 903 6
753 848 1009 924 βασιλεὺς
1048 854 1155 903 τῶν
1215 847 1494 906 Ἰουδαίων
1525 844 1780 921 Ἰίρώδης
1812 850 1929 906 τοῖς

269 941 503 1013 Μάγοις,
576 944 680 993 τοῦ
762 941 1119 1010 ὑποστρέψαι,
1180 939 1267 994 καὶ
1352 937 1724 1014 διαναγγεῖλαι
1785 934 1932 1006 αὑτῷ

272 1030 389 1097 περὶ
422 1033 527 1082 τοῦ
561 1028 920 1103 γεννηθέντος
956 1027 1246 1103 βασιλέως,
1280 1028 1335 1083 δν
1378 1030 1406 1084 6
1438 1030 1633 1102 ἀστήρ,
1698 1027 1744 1098 ᾧ
1797 1026 1933 1092 ἡκο-

269 1117 532 1185 λούθουν,
582 1117 842 1188 ἐμήνυεν,
902 1118 1051 1178 ’ὁπως
1128 1116 1220 1171 σὺν
1278 1116 1503 1179 ἐκείνοις
1584 1114 1947 1191 προσκυνήσῃ

269 1207 435 1277 αὐτῷ.
502 1206 614 1263 Καὶ
675 1210 773 1260 τοῦ
831 1205 1071 1280 ἀγγέλου
1128 1205 1374 1269 εἰπόντος
1431 1205 1637 1274 αὐτοῖς,
1689 1202 1765 1276 μή
1816 1201 1937 1254 ἀνα·

269 1298 485 1367 κάμψαι
520 1294 962 1371 πρὸςἪρώδην,
1013 1296 1159 1352 ἀλλά
1216 1294 1287 1351 δι’
1318 1295 1498 1366 ἄλλης
1531 1293 1661 1350 ὁδοῦ
1711 1292 1933 1366 ἁναχω-

272 1390 433 1457 ρῆσαι
464 1382 549 1445 εἷς
583 1386 687 1452 τήν
720 1385 908 1461 χώραν
946 1387 1145 1442 αὐτῶν·
1206 1384 1296 1439 καὶ
1351 1388 1515 1439 τοῦτο
1564 1380 1934 1451 ποιησάντων,

272 1472 432 1541 ἰδὼν,
496 1472 587 1526 ὅτι
667 1473 964 1549 ἐνεπαίχθη
1028 1475 1115 1529 ὑπ’
1200 1475 1404 1539 αὐτῶν,
1466 1470 1783 1545 ἐπικράνθη·
1844 1465 1934 1522 καὶ

271 1561 588 1634 ἑψηφίσατο
617 1557 860 1636 ακριϐὦς
892 1564 982 1617 τὸν
1030 1564 1229 1638 χρόνον
1259 1566 1357 1618 τοῦ
1416 1560 1747 1639 φαινομένου
1778 1554 1934 1611 ant-

270 1672 396 1724 ρος.
443 1652 552 1708 Καὶ
612 1651 939 1713 ἀποστείλας
1004 1652 1362 1727 στρατιώτας,
1423 1648 1676 1724 ἐφόνευσε
1733 1646 1937 1709 πάντας

268 1742 404 1803 τοὶς
454 1738 662 1803 παῖδας
690 1740 817 1803 τοὺς
880 1741 930 1796 ἐν
967 1740 1243 1812 Βηθλεὲμ,
1296 1740 1402 1795 ἀπὸ
1434 1737 1663 1805 διετοῦς,
1694 1735 1784 1790 καὶ
1841 1756 1935 1789 κα-

267 1832 524 1903 τωτὲρω.
554 1833 732 1886 Τοῦτο
764 1830 988 1902 θεμενος
1046 1830 1098 1883 ἐν
1157 1834 1227 1903 τῇ
1268 1827 1499 1899 διανοίᾳ,
1528 1826 1611 1882 ὅτι
1659 1825 1704 1879 εἰ
1736 1827 1939 1885 πάντας

1730 414 1950 481 ΒΕΟΕξ

2063 419 2171 479 ER:
3562 428 3683 489 234

829 552 1010 610 MHR!
1040 552 1129 609 ΤΩ
1156 553 1359 611 AFTO'.
1948 570 2003 637 Α

2597 555 2836 612 EODEM
2858 557 3109 614 MENSE.

2558 645 2663 700 Die
2692 646 2972 702 vicesima
3002 663 3162 703 nona

2146 730 2246 785 06
2280 731 2459 786 Ca’des
2522 742 2837 790 sanctorum
2896 736 3200 805 infantium
3240 738 3575 793 Bethlchem.

2111 846 2252 901 Cum
2290 849 2549 904 Herodes
2577 852 2913 907 Judazorum
2948 871 3047 907 rex
3082 854 3260 925 Magis
3304 855 3686 926 praecepisset

2041 940 2106 988 ut
2134 937 2483 1003 redirent,et
2512 942 3047 996 renuntiarentsibi
3079 943 3151 997 de
3178 950 3315 997 nato
3348 959 3688 1015 regequem

2044 1024 2224 1081 Stella
2256 1027 2379 1092 illa,
2411 1046 2588 1099 quam
2642 1032 3063 1101 sequebantur,
3125 1040 3574 1097 monstraverat,
3626 1039 3693 1089 ut

2044 1113 2170 1185 ipse
2230 1133 2363 1170 cum
2422 1118 2494 1173 iis
2547 1119 2822 1175 adoraret
2880 1138 3059 1176 eum:
3136 1139 3388 1192 cumque
3443 1122 3691 1193 angelus

2045 1202 2291 1259 dixisset
2322 1206 2428 1275 eis,
2464 1224 2537 1262 ne
2569 1216 3008 1266 reverterentur
3030 1209 3103 1265 ad
3136 1210 3559 1277 Herodem,sed
3588 1230 3692 1283 per

2046 1292 2223 1347 aliam
2255 1294 2405 1350 viam
2440 1296 2595 1351 irent
2626 1298 2684 1351 in
2736 1300 3039 1371 regionem
3099 1316 3289 1368 suam,
3341 1300 3517 1372 idque
3576 1301 3687 1373 ipsi

2044 1381 2365 1451 fecissent;
2398 1386 2604 1442 videns
2636 1388 2758 1456 ille,
2789 1389 2944 1459 quod
2980 1389 3188 1444 irrisus
3220 1390 3431 1445 fuisset
3460 1390 3530 1445 ab
3583 1391 3691 1459 eis,

2049 1471 2137 1526 ira
2168 1474 2484 1530 excanduit
2532 1492 2545 1529 :
2588 1482 2647 1530 et
2694 1478 3013 1547 exquirens
3071 1478 3387 1550 diligenter
3438 1485 3693 1550 tempus,

2050 1577 2165 1630 quo
2198 1561 2379 1617 Stella
2401 1572 2776 1635 apparuerat,
2811 1566 3011 1622 missis
3062 1567 3351 1622 militibus
3401 1566 3700 1622 interfecit

2050 1665 2256 1704 omnes
2289 1669 2502 1723 pueros
2557 1654 2899 1711 Bethlehem
2951 1674 2984 1711 a
3032 1656 3258 1713 bimatu
3290 1663 3349 1712 et
3399 1658 3571 1725 infra,
3630 1674 3696 1712 eo

2050 1739 2320 1807 consilio,
2345 1748 2411 1795 ut
2441 1745 2669 1800 caeteris
2710 1746 3085 1818 interemptis
3125 1747 3324 1819 pueris
3355 1747 3405 1801 is
3462 1764 3698 1819 quoque

2051 1828 2663 1903 exstingueretur,qui
2696 1840 3049 1905 regnaturus
3079 1842 3225 1901 erat,
3255 1851 3363 1889 nec
3397 1836 3508 1890 sibi
3542 1835 3694 1890 insi~

274 1920 410 1981 τους
442 1918 647 1981 παῖδας
675 1920 943 1996 φονεύσει,
990 1921 1207 1980 πάντως
1250 1920 1597 1972 ἀποθανεῖται
1649 1916 1677 1969 ὁ
1712 1912 1933 1986 μέλλων

2063 1920 2175 1974 lias
2235 1928 2513 1975 strueret.
2572 1922 2681 1977 Sed
2755 1924 2977 1979 frustra
3065 1925 3350 1980 laboravit
3427 1927 3693 1992 insanus,

277 2009 633 2083 βασιλεῦσαι,
678 2009 766 2064 καὶ
824 2007 927 2063 οὑκ
980 2003 1353 2063 ἐπιϐουλεύσει
1412 2005 1579 2077 αὑτῷ.
1640 2002 1798 2059 Ἀλλ’
1857 2000 1936 2063 εἲς

282 2102 468 2172 μάτην
494 2098 777 2153 ἐκοπίασεν
831 2100 859 2153 6
908 2099 1225 2174 παράφρων
1292 2098 1367 2170 μὴ
1427 2093 1608 2163 εἰδὼς,
1666 2092 1751 2149 ὅτι
1804 2095 1937 2147 Θεοῦ

282 2188 477 2264 βουλῇ
511 2190 796 2263 ἄνθρωπος
826 2185 1117 2260 ἐμποδίσαι
1152 2188 1214 2242 οὑ
1259 2185 1496 2243 δύναται.
1527 2187 1684 2249 Ὂθεν
1714 2182 1937 2242 ἐκείνοις

282 2280 386 2351 μὶν
424 2277 753 2349 προεξὲνησε
787 2275 1069 2353 βασιλείαν
1100 2276 1367 2352 οὐρανῶν,
1401 2277 1574 2347 ἐαυτῷ
1606 2271 1662 2329 δὶ
1715 2271 1941 2327 κόλασιν

278 2367 539 2424 αῗώνιον.

894 2486 979 2557 τῇ
1010 2482 1145 2557 αὐτῇ
1168 2481 1351 2556 ἡμέρᾳ

289 2603 506 2675 κνήμη
539 2604 639 2656 τοῦ
670 2599 819 2656 ὁσίου
840 2600 1050 2675 Πατρὸς
1078 2602 1240 2675 ἡμῶν
1272 2595 1601 2675 Μαρκέλλου
1634 2601 1807 2671 μονῆς
1831 2598 1941 2649 τῶν

938 2673 1309 2745 ’Ᾱγοιμήτων.

364 2790 549 2852 Οὗτος
582 2791 610 2845 ὁ
644 2790 793 2853 ὅσιος
830 2790 1017 2864 Πατὴρ
1075 2790 1239 2861 ἡμῶν
1292 2784 1645 2862 Μάρκελλος,
1696 2785 1943 2859 ὑπῆρχεν

299 2880 360 2935 ἐκ
438 2877 662 2939 πόλεως
733 2876 1030 2950 Ἀπαμείας
1090 2878 1189 2945 τῆς
1291 2875 1511 2950 Συρίας·
1568 2873 1673 2928 ἀπὸ
1730 2869 1946 2944 ἐνδόξου

295 2972 493 3045 γένους
555 2968 646 3022 καὶ
720 2970 1070 3045 περιφανοῦς.
1132 2966 1337 3038 Ἑμαθε
1394 2962 1452 3019 δὶ
1525 2969 1696 3019 πᾶσαν
1749 2965 1945 3036 γνῶσιν

295 3060 391 3115 καὶ
424 3058 761 3129 ἐπιστήμην.
796 3055 926 3113 Εἶτα
953 3054 1213 3111 κατέλιπε
1267 3056 1359 3110 τὸν
1417 3054 1651 3128 κόσμον,
1710 3051 1800 3107 καὶ
1856 3050 1949 3105 τὸν

292 3151 448 3205 οἶκον
511 3148 605 3202 τὸν
665 3148 949 3222 πατρικὸν,
1018 3145 1106 3200 καὶ
1177 3141 1504 3221 παρεγένετο
1562 3142 1636 3206 εἷς
1694 3144 1947 3219 Ἔφεσον.

292 3242 392 3296 Καὶ
460 3239 547 3301 εἰς
635 3239 1000 3311 μονασττξριον
1058 3234 1340 3304 εἰσελθὼν,
1398 3233 1582 3296 καλῶς
1668 3232 1944 3305 ἐμόνασεν.

294 3332 431 3386 Εἶτα
488 3325 810 3401 παρεγένετο
862 3326 998 3399 πρὸς
1056 3326 1145 3380 τὸν
1204 3325 1355 3379 ’ὁσιον
1411 3318 1764 3395 Ἀλέξανδρον
1822 3319 1950 3376 ὅντα

296 3418 347 3473 ἐν
375 3421 449 3490 τῇ
488 3419 635 3489 μονῇ
680 3416 791 3470 τῶν
823 3416 1202 3487 ’Λκοιμγςτωη
1234 3414 1418 3486 μαθὼν
1464 3412 1588 3486 περὶ
1618 3418 1720 3480 τῆς
1766 3410 1949 3465 ἐνθέου

292 3508 383 3563 καὶ
419 3504 650 3579 ὑψηλῆς
682 3505 848 3559 αὐτοῦ
880 3506 1095 3579 ἀρετῆς.
1131 3504 1234 3561 Καὶ
1266 3502 1317 3558 ἐν
1370 3505 1440 3577 τῇ
1496 3500 1720 3574 τοιαύτῃ
1808 3504 1948 3574 μονῇ

290 3600 391 3666 τήν
427 3594 717 3670 διαγωγήν
756 3592 1151 3667 ποιησάμενος,
1208 3592 1300 3648 καὶ
1359 3594 1561 3653 πάντας
1621 3585 1949 3665 ὑπερϐαλὼν

293 3688 371 3749 εἷς
400 3687 634 3761 ἀρετήν,
659 3686 793 3757 μετὰ
807 3685 899 3739 τὸν
914 3683 1136 3739 θάνατον
1152 3680 1537 3756 Ἀλεξάνδρου,
1569 3682 1659 3737 καὶ
1686 3676 1952 3749 Ἰακώϐου

291 3780 396 3832 τοῦ
422 3775 566 3849 μετᾶ
596 3771 957 3845 Ἀλέξανδρον
994 3772 1477 3847 ἡγεμονεύσαντος,
1535 3770 1744 3846 ἐγένετο
1793 3769 1956 3845 ἡγού-

300 3885 491 3937 μενος.
529 3865 801 3919 Τοσοῦτον
836 3858 895 3915 δὲ
921 3860 1227 3935 ἠγωνίσατο
1258 3860 1335 3921 εἷς
1368 3860 1585 3932 ἀρετὴν,
1619 3857 1692 3919 ὠς
1719 3858 1809 3912 καὶ
1857 3860 1956 3932 χάο

291 3976 472 4029 ρισμα
503 3950 941 4025 θαυματουργίας
972 3947 1217 4019 δέξασθαι
1275 3950 1422 4016 παρὰ
1477 3953 1628 4004 Θεοῦ·
1693 3946 1839 4002 ἀλλὰ
1867 3949 1957 4002 καὶ

2043 2010 2318 2064 nesciens
2341 2009 2603 2065 divinum
2636 2012 2954 2067 consilium
3015 2012 3086 2067 ab
3140 2014 3383 2068 homine
3417 2013 3693 2084 impediri

2044 2117 2163 2155 non
2197 2118 2370 2173 posse
2418 2102 2606 2167 Quare
2631 2103 2749 2158 illis
2773 2104 3010 2175 quidem
3028 2104 3264 2160 caeleste
3294 2104 3698 2177 regnum,ipse

2044 2206 2179 2245 vero
2212 2189 2325 2245 sibi
2350 2196 2575 2248 aeterna
2604 2193 2899 2267 supplicia
2924 2195 3306 2267 comparavit.

2701 2489 2919 2546 Eodem
2949 2489 3043 2546 die

2050 2599 2147 2656 01
2207 2601 2655 2660 Commemoratio
2719 2608 2900 2663 ωηοιὶ
2952 2605 3137 2663 Patris
3195 2605 3370 2662 nostri
3453 2604 3696 2662 Marcelli

2336 2675 2550 2729 abbatis
2618 2680 2941 2734 monasterii
2997 2683 3413 2735 Acaametarum.

2120 2789 2373 2845 Sanctus
2392 2791 2567 2846 Pater
2596 2798 2802 2848 noster
2825 2794 3136 2850 Marcellus
3158 2796 3433 2866 Apamea
3456 2794 3516 2848 in
3536 2793 3704 2864 Syria

2054 2878 2305 2933 honesto
2339 2885 2397 2933 et
2425 2880 2643 2937 illustri
2674 2900 2890 2955 genere
2933 2891 3131 2951 natus,
3191 2890 3368 2955 atque
3425 2882 3705 2939 omnibus

2056 2968 2327 3025 scientiis
2353 2969 2700 3040 instructus,
2732 2973 2956 3029 mundo
2981 2988 3345 3046 paterneque
3402 2973 3576 3029 domo
3606 2988 3708 3029 va-

2055 3058 2707 3134 lerejussis.Ephesum
2733 3065 3053 3136 profectus,
3070 3067 3131 3120 in
3154 3066 3584 3122 monasterium
3607 3079 3706 3120 se-

2059 3165 2122 3205 se
2154 3150 2464 3221 recepitet
2493 3154 2879 3209 monasticam
2904 3154 3077 3209 vitam
3094 3155 3404 3227 amplexus
3429 3161 3537 3209 est.
3557 3155 3703 3208 Tum

2061 3244 2330 3293 sanctum
2353 3239 2751 3296 Alexandrum
2775 3242 2923 3297 adiit
2953 3244 3013 3297 in
3047 3244 3409 3298 monasterio
3440 3246 3705 3296 Acceme-

2010 3334 2023 3355 ‘
2065 3332 2257 3381 tarum
2288 3335 2580 3400 agentem,
2604 3331 2776 3400 cujus
2808 3332 3139 3385 sanctitatis
3170 3331 3326 3385 fama
3356 3328 3708 3401 percrebue-

2060 3420 2205 3471 rat:
2266 3416 2326 3470 in
2377 3433 2563 3488 eoque
2624 3420 2985 3473 monasterio
3037 3425 3324 3481 versatus.
3383 3417 3710 3473 monachos

2059 3518 2267 3560 omnes
2297 3505 2610 3561 virtutibus
2642 3507 2991 3563 antecelluit
3024 3525 3036 3563 ε
3065 3507 3165 3563 ubi
3220 3513 3356 3579 post
3382 3503 3709 3561 Alexandri

2062 3591 2309 3664 ejusque
2343 3597 2704 3651 successoris
2731 3597 2930 3652 Jacobi
2964 3596 3189 3652 obitum
3220 3596 3402 3652 abbas
3461 3595 3707 3663 electus,

2064 3698 2133 3738 ea
2162 3685 2545 3739 contentione
2573 3686 2820 3742 virtutes
2869 3688 3147 3753 excoluit,
3200 3692 3266 3742 ut
3293 3694 3351 3742 et
3390 3684 3710 3742 miraculo-

2065 3788 2218 3839 rum,
2248 3778 2306 3827 et
2337 3775 2664 3845 prophetia:
2692 3776 2917 3831 donum
2958 3794 2993 3832 a
3025 3778 3142 3831 Deo
3174 3777 3488 3849 acceperit.
3520 3777 3715 3841 Quare

2068 3861 2273 3916 multis
2305 3865 2550 3933 patratis
2575 3866 3715 3939 prodigiisjmperatoribus,populoque

2068 3952 2345 4007 universo
2377 3953 2767 4022 honorabilis,
2792 3956 2851 4011 in
2878 3972 3021 4028 pace
3047 3956 3323 4012 decessit.

294 4042 668 4120 προφητείας·
732 4040 850 4094 ὅθεν
908 4037 1136 4094 πολλῶν
1196 4039 1486 4111 θαυμᾶτων
1513 4033 1922 4110 ἐπιδειξάμενος
1950 4034 2203 4111 δύναμιν,
2236 4042 2322 4095 καὶ
2356 4045 2473 4103 τοῖς
2509 4041 2815 4117 βασιλεῦσι,
2874 4042 2962 4097 καὶ
3017 4041 3174 4098 παντὶ
3231 4044 3309 4114 τῷ
3368 4040 3486 4113 λαῷ
3528 4040 3716 4113 τίμιος

289 4133 515 4211 φανεὶς,
549 4129 605 4187 ἦν
629 4129 815 4205 εἰρήνῃ
845 4126 1162 4199 ἐτελειώθη.

851 4245 1003 4302 ΙΗΝ
1013 4247 1029 4302 ί
1057 4250 1147 4300 ΤΩ
1184 4246 1383 4303 ΔΥΤΩ.

1101 4361 1162 4416 Δ.

527 4452 799 4523 ’Δθλησις
845 4458 946 4522 τῆς
976 4450 1128 4527 ἁγίας
1171 4452 1441 4526 μάρτυρος
1476 4450 1740 4513 Ἀνυσίας.

2623 4250 2866 4305 EODEM
2906 4248 3138 4303 MENSE
3155 4289 3167 4303 .

2668 4365 2771 4420 Die
2805 4364 3107 4420 tricesima

2283 4452 2381 4509 08
2417 4454 2702 4509 Certamen
2724 4460 2927 4508 sancta
2965 4453 3225 4521 martyris
3254 4452 3498 4520 Anysiaa.

379 4574 447 4630 Ἠ
480 4570 613 4645 ἁγία
671 4572 874 4643 μάρτυς
922 4566 1142 4625 ’Δνυσία
1198 4567 1443 4642 ὑπῆρχεν
1501 4564 1587 4622 ἐπὶ
1618 4569 1950 4640 Μαξιμιανοί

2144 4569 2357 4629 Sancta
2385 4573 2609 4640 martyr
2637 4567 2874 4639 Anysia,
2934 4567 3291 4625 Maximiano
3339 4566 3723 4640 imperatore,

313 4658 597 4738 βασιλέως
656 4656 716 4713 ἐκ
765 4656 984 4719 πόλεως
1062 4655 1483 4726 Θεσσαλονίκης,
1529 4660 1706 4732 γονεῖς
1764 4651 1966 4731 ἔχουσα

302 4745 586 4818 εὐσεϐεῖς,
617 4745 706 4802 καί
736 4745 963 4807 πιστοὺς
992 4745 1083 4801 καὶ
1139 4743 1459 4808 πλουσίους.
1516 4742 1695 4800 Ἀλλά
1751 4743 1965 4799 ἐκείνων

306 4839 726 4908 ἀποθανόντοιν,
761 4834 1057 4913 ὑπελείφθη
1091 4837 1125 4905 ἠ
1159 4836 1285 4911 ἁγία
1339 4834 1671 4908 καταμόνας,
1727 4832 1816 4890 διὰ
1848 4834 1969 4909 βίου

309 4930 405 4985 καὶ
449 4927 700 5002 πράξεως
731 4925 1128 5000 εὖχαριστοῦσα
1174 4929 1256 4997 τῷ
1302 4927 1442 4995 Θεῷ.
1502 4924 1592 4981 Ἐν
1625 4927 1724 4997 μιᾷ
1753 4920 1812 4978 δὲ
1859 4928 1967 4978 τῶν

314 5023 575 5092 ἡμερῶν,
607 5017 743 5071 κατᾶ
797 5016 859 5070 τὸ
924 5011 1067 5083 ἔθος,
1099 5012 1453 5089 ἀπερχομένη
1504 5016 1580 5075 εἰς
1608 5016 1711 5083 τὴν
1770 5011 1968 5083 ἐκκλη-

320 5109 471 5174 σίαν,
504 5108 834 5176 συνήντησεν
883 5102 1018 5178 αὐτῇ
1078 5103 1415 5178 στρατιώτης
1443 5124 1525 5165 τις
1556 5107 1664 5158 τῶν
1725 5101 1971 5157 εῗδωλων

319 5197 732 5271 προσκυνητής.
818 5194 915 5248 Καὶ
998 5196 1272 5266 κρατήσας
1401 5193 1587 5261 αὑτήν,
1672 5193 1974 5266 ἠνάγκαζεν

316 5287 607 5354 ἀπελθεῖν,
638 5284 727 5339 καὶ
762 5285 918 5338 θῦσαι
947 5288 1064 5344 τοῖς
1089 5280 1361 5346 εἰδώλοις·
1402 5283 1477 5345 ὡς
1533 5278 1590 5335 δὶ
1642 5281 1742 5336 οὐκ
1797 5277 1974 5337 ἔπεισε

323 5380 426 5445 τήν
484 5377 666 5450 ἁγίαν,
725 5373 971 5448 ἱσχυρῶς
1031 5372 1424 5445 ἀπεχομένην,
1482 5370 1573 5425 καὶ
1632 5370 1975 5443 ἐμπτύσασαν

325 5466 403 5528 εἷς
431 5467 496 5520 τὸ
557 5462 851 5535 πρόσωπον
907 5460 1095 5525 αὐτοῦ,
1141 5460 1413 5533 θυμωθεὶς
1469 5462 1607 5514 κατά
1660 5467 1760 5529 τῆς
1806 5460 1974 5516 πλευο

332 5560 430 5629 ρᾶς
462 5553 631 5621 αύτῆς
663 5548 938 5605 διελαύνει
991 5550 1056 5604 τὸ
1111 5550 1366 5613 σπαθίον.
1401 5548 1503 5605 Καὶ
1554 5547 1816 5621 δεξαμένη
1872 5552 1971 5619 τήν

326 5641 609 5697 ἐπώδυνον
641 5640 729 5695 καῖ
762 5639 958 5712 πικρὰν
985 5637 1189 5708 ταύτην
1220 5637 1442 5713 πληγὴν
1482 5639 1517 5707 ἡ
1573 5636 1722 5712 ἁγία,
1775 5636 1973 5705 εὐθέως

1401 5191 1587 5261 αὐτήν,

2078 4674 2148 4714 ex
2168 4656 2314 4714 urbe
2345 4656 2786 4721 Thessalonica.
2818 4658 2955 4730 piis,
2988 4657 3290 4727 ﬁdelibus,
3322 4655 3724 4731 divitibusque

2077 4747 2425 4820 parentibus
2438 4753 2741 4820 nata,post
2769 4747 2871 4803 illo
2882 4764 3010 4804 rum
3032 4748 3259 4804 obitum
3275 4747 3404 4804 sola
3419 4747 3726 4817 derelicta,

2078 4836 2195 4892 vita
2225 4836 2609 4909 moribusque
2641 4838 2759 4892 Deo
2806 4838 3024 4910 gratias
3064 4837 3290 4910 agebat.
3325 4836 3588 4903 Quadam
3621 4854 3729 4894 au-

2078 4931 2198 4982 tem
2230 4926 2345 4991 die,
2369 4943 2502 4981 cum
2521 4926 2592 4982 de
2624 4943 2788 4983 more
2816 4926 3128 4983 ecclesiam
3161 4928 3371 4991 adiret,
3406 4927 3639 4983 obviam
3672 4926 3725 4982 ei

2077 5015 2269 5072 factus
2289 5016 2462 5072 miles
2494 5016 2786 5072 idolorum
2813 5016 3027 5082 cultor,
3058 5018 3551 5088 comprehensam
3575 5031 3732 5071 com~

2079 5105 2343 5179 pellebat
2370 5106 2554 5169 abire,
2586 5105 2881 5177 idolisque
2927 5106 3283 5160 sacrificare.
3320 5105 3736 5161 Reluctantem

2081 5212 2240 5262 vero,
2269 5202 2327 5250 et
2358 5197 2416 5249 in
2450 5196 2581 5265 ejus
2610 5212 2675 5249 os
2699 5202 3151 5266 conspuentem,
3186 5196 3371 5249 iratus
3427 5195 3599 5249 miles
3631 5201 3745 5250 tra-

2078 5287 2258 5359 jectis
2290 5285 2484 5357 gladio
2518 5284 2828 5343 lateribus,
2853 5284 3133 5355 gravique
3169 5282 3395 5338 inﬂicto
3420 5283 3746 5338 vulnerein

2084 5382 2303 5431 terram
2336 5374 2572 5445 dejecit.
2615 5376 2691 5428 At
2721 5372 2825 5427 illa
2877 5372 2961 5427 sic
3021 5371 3273 5442 dejecta,
3336 5373 3519 5427 Deum
3556 5387 3747 5439 orare,

2084 5466 2257 5536 eique
2291 5465 2510 5536 gratias
2531 5479 2708 5535 agere
2749 5479 2869 5517 non
2905 5461 3179 5517 cessabat
3210 5480 3223 5517 :
3258 5467 3440 5533 atque
3467 5462 3625 5517 hunc
3686 5460 3748 5516 in

2084 5555 2326 5612 modum
2360 5572 2464 5626 per
2489 5554 2692 5625 plures
2724 5553 2901 5608 horas
2924 5553 3462 5624 faciens,spiritum
3489 5553 3741 5608 Domino

2081 5645 2346 5701 tradidit.

317 5726 502 5789 ἔπεσεν
535 5731 626 5787 ἐπὶ
650 5731 751 5798 τήν
780 5734 906 5805 γῆν.
939 5724 1120 5785 Ἀλλά
1145 5728 1236 5782 καὶ
1266 5730 1526 5798 πεσοῦσα,
1579 5732 1680 5796 τῆς
1726 5728 1860 5802 πρὸς
1893 5732 2021 5789 Θεὸν
2047 5730 2403 5809 εὐχαριστίας
2432 5748 2493 5786 τι
2525 5731 2616 5786 καὶ
2653 5730 2825 5800 εὐχῆς
2877 5728 2978 5785 οὑκ
3008 5727 3297 5808 ἀφίστατο.
3335 5729 3437 5784 Καὶ
3469 5726 3640 5786 οὕτως
3670 5722 3737 5779 ἐπ

317 5821 566 5883 πολλαῖς
593 5824 716 5882 ταῖς
745 5817 915 5894 ὥραις
942 5820 1197 5889 ποιοῦσα,
1228 5813 1517 5892 «aptam
1542 5815 1607 5872 τὸ
1633 5821 1849 5892 «stipa
1876 5820 2047 5893 αὐτῆς
2072 5828 2155 5896 τῷ
2184 5820 2391 5897 Κυρίῳ.

617 5940 880 6002 Ριτειοι..
930 5939 1040 6000 Gn.
1089 5935 1320 5999 CXVII.

3433 5937 3471 5993 8
