4074 6192
316 398 432 456 235

976 518 1197 575 Eodem
1230 517 1326 574 die

318 629 418 684 σο
468 629 754 684 Certamen
809 621 986 676 sancti
1059 617 1295 687 apostoli
1335 617 1595 687 Timonis,

887 695 1094 760 septem
1124 689 1396 744 diui-onis.

1689 619 1852 673 unius
1903 631 1973 671 eo:

392 874 599 929 Timon
647 868 863 924 Christi
921 865 1227 938 apostolus
1285 883 1440 921 unus
1501 882 1570 921 ex
1601 865 1977 938 septuaginta

325 961 655 1033 discipulis,
697 959 1008 1013 ordinatus
1036 963 1125 1010 est
1153 972 1186 1010 a
1219 956 1440 1010 sanctis
1472 955 1756 1028 apostolis
1773 955 1978 1009 diaco-

269 1039 272 1043 ί
323 1069 455 1119 nus,
490 1055 556 1104 ut
609 1048 832 1104 mensis
864 1046 1217 1116 eorum,qui
1259 1045 1331 1099 ad
1379 1044 1678 1099 Christum
1733 1043 1976 1099 accede-

317 1145 469 1208 rent,
502 1145 563 1194 et
592 1137 1062 1210 baptizarentur,
1120 1135 1491 1189 ministraret
1537 1150 1654 1188 una
1683 1149 1816 1188 cum
1844 1133 1978 1187 aliis

319 1245 421 1284 sex
453 1226 745 1290 diaconis,
800 1225 860 1278 in
927 1239 1180 1294 quorum
1231 1238 1512 1298 numero,
1544 1228 1672 1277 erat
1728 1239 1977 1294 magnus

320 1317 654 1388 Stephanus
686 1316 1104 1385 protomartyr.
1142 1310 1252 1364 Sed
1275 1315 1479 1382 postea
1509 1311 1582 1366 ab
1614 1310 1825 1366 iisdem
1849 1328 1977 1366 san-

323 1406 434 1460 ctis
469 1402 755 1475 apostolis
785 1405 1018 1455 creatus
1044 1400 1382 1454 Bostrorum
1407 1399 1469 1454 in
1499 1399 1717 1455 Arabia
1747 1399 1977 1470 episco-

322 1509 597 1565 pus,cum
631 1491 690 1545 in
713 1489 956 1544 nomine
985 1487 1217 1543 Domini
1243 1489 1431 1543 nostri
1462 1489 1598 1542 Jesu
1623 1489 1838 1543 Christi
1859 1488 1976 1544 veri

323 1583 426 1637 Dei
459 1578 1052 1648 doceret,multisque
1081 1579 1417 1633 Graecorum
1441 1576 1634 1632 verbis
1652 1583 1708 1632 et
1729 1577 1980 1633 miracu-

327 1670 402 1726 lis
433 1667 841 1742 persuaderet,
873 1672 939 1721 ut
995 1666 1203 1721 relicta
1255 1682 1402 1720 vana
1446 1666 1741 1721 idolorum
1774 1683 1977 1738 super-

323 1760 565 1815 stitione
627 1756 738 1812 sibi
797 1772 832 1811 a
881 1755 1210 1826 majoribus
1267 1755 1484 1810 tradita
1540 1771 1735 1810 veram
1800 1755 1979 1810 fidem

323 1845 942 1918 susciperent,petitus
975 1843 1208 1897 insidiis
1238 1843 1572 1898 Judazorum
1598 1859 1750 1916 aegre
1771 1843 1976 1899 feren-

321 1909 968 1991 tium-nomen-Christi
1002 1937 1123 1985 tam
1157 1930 1342 1985 libere
1391 1909 1724 2002 praedicari,
1757 1931 1829 1986 ab
1863 1931 1974 1986 im-
2010 1909 2056 1974 Β

318 2025 434 2097 piis
449 2021 780 2078 idololatris
795 2019 1645 2092 comprehenditurwariisque
1663 2021 1972 2076 tormentis

323 2113 900 2170 excruciatur:mox
957 2111 1021 2164 in
1083 2110 1386 2165 caminum
1445 2110 1759 2182 injicitur:
1814 2109 1971 2165 unde

315 2203 636 2259 incolumis
659 2199 934 2264 evadens,
971 2200 1068 2254 70
1102 2206 1277 2270 atque
1303 2199 1626 2270 aliquando
1648 2206 1970 2270 superstes,

317 2294 390 2350 ad
419 2295 720 2350 Christum
750 2291 923 2346 lwtus
955 2290 1246 2362 migravit.

1639 379 2079 444 MENOLOGII
2123 382 2330 446 PARS
2371 383 2426 447 ll
2434 428 2456 451 .

3619 389 3735 448 236

2673 519 2758 592 Τῆ
2799 517 2939 592 αὖτῇ
2981 515 3168 593 ἡμέρᾳ

2156 619 2421 692 Ἀθλησις
2448 627 2545 678 τοῦ
2586 625 2746 752 ἁγὲου
2773 623 3088 752 ἀτὲοστόνλου
3116 624 3374 699 Τίμωνος
3402 624 3522 688 ἐνὸς
3551 629 3659 681 τῶν

2692 717 2795 751 πτα
2871 719 3122 752 ιακονων.

2692 717 2795 751 πτα
2834 717 3122 755 οιακονων.

2156 868 2344 940 Τίμων
2377 870 2532 926 ὁτοῦ
2589 873 2826 946 Χριστοῦ
2877 873 3184 937 ἀπόστολος
3245 874 3464 950 ὑπῆρχε
3505 878 3599 946 μὶν
3661 875 3738 938 εἷς

2085 953 2144 1010 ἐκ
2197 962 2306 1011 τῶν
2371 955 2750 1032 ἑϐδομήκοντα
2807 963 3159 1033 ἀποστόλων,
3219 965 3608 1039 προεχειρίσθη
3677 962 3736 1018 δὲ

2087 1043 2190 1100 ὑπὸ
2222 1051 2328 1101 τῶν
2364 1049 2622 1122 μεγάλων
2654 1053 2974 1108 ἀποστόλων
3034 1053 3110 1116 ε”ς
3168 1054 3232 1108 τὸ
3289 1051 3555 1108 διακονεῖν
3614 1057 3734 1114 ταῖς

2083 1133 2375 1208 τραπέζαις
2462 1143 2570 1193 τῶν
2662 1139 3127 1218 προσερχομένων
3182 1147 3263 1214 τῷ
3340 1145 3586 1218 Χριστῷ,
3644 1140 3737 1196 καὶ

2091 1223 2528 1298 βαπτιζομένων,
2565 1229 2700 1302 μετά
2728 1235 2835 1286 τῶν
2869 1230 3055 1288 ἄλλων
3113 1229 3169 1303 ’ἐξ
3220 1229 3509 1302 διακόνων,
3542 1230 3595 1286 ἐν
3651 1231 3736 1294 οἷς

2085 1310 2150 1380 ἦν
2182 1312 2271 1367 καὶ
2293 1313 2322 1367 δ
2355 1316 2524 1389 μέγας
2557 1319 2828 1395 Στέφανος
2884 1322 2912 1376 ὁ
2970 1319 3392 1398 πρωτομάρτυς·
3428 1318 3557 1375 ἀλλ’
3582 1318 3737 1374 iis-ce.

2087 1422 2183 1478 ρον
2214 1402 2422 1480 ἐγένετο
2459 1409 2550 1462 xui
2609 1408 2928 1484 ἐπίσκοπος,
2989 1415 3093 1468 ὑπὸ
3158 1418 3266 1468 τῶν
3327 1412 3502 1469 αὐτῶν
3563 1411 3731 1487 ἁγίων

2086 1492 2430 1578 ἀποστόλων,
2461 1503 2564 1568 τῆς
2593 1499 2812 1563 πόλεως
2843 1505 3116 1576 Βὸστρων,
3176 1503 3364 1578 χώρας
3415 1509 3516 1571 τῆς
3570 1503 3734 1575 Ἀρα-

2086 1576 2230 1644 ϐίας.
2287 1585 2389 1640 Καὶ
2449 1583 2719 1644 διδάσκων
2770 1590 2855 1646 ἐπὶ
2904 1595 2983 1664 τῷ
3045 1591 3274 1666 ὀνόματι
3349 1595 3448 1646 τοῦ
3532 1591 3733 1665 Κυρίου

2086 1673 2249 1744 ἡμῶν
2283 1673 2466 1742 Ἰησοῦ
2500 1681 2740 1750 Χριστοῦ
2769 1684 2866 1735 τοῦ
2915 1681 3182 1751 ἀληθινοῦ
3239 1685 3394 1737 Θεοῦ”
3445 1681 3535 1736 xui
3593 1677 3732 1734 πολο

2087 1759 2219 1824 λοὺς
2247 1763 2446 1819 πείθων
2479 1771 2586 1822 τῶν
2620 1767 2910 1841 Ἑλλήνων
2944 1770 3136 1846 λόγοις
3177 1773 3264 1827 xui
3325 1772 3580 1844 θαύμασι,
3629 1771 3731 1839 τήν

2092 1850 2189 1922 μὲν
2245 1855 2730 1931 πατροπαράδοτον
2783 1859 2957 1915 αὐτῶν
3018 1861 3307 1935 θρησκείαν
3380 1858 3731 1930 καταλιμπά-

2083 1960 2216 2010 νειν,
2250 1940 2588 2023 ἐπιστρέφειν
2639 1944 2697 2002 δὲ
2754 1949 2841 2003 ἐπὶ
2897 1950 2997 2016 τήν
3055 1949 3322 2018 ἀληθινήν
3369 1947 3573 2020 πίστιν,
3631 1946 3730 2002 ἐπ-

2086 2024 2384 2114 εϐουλεύθη
2445 2034 2549 2090 ὑπὸ
2603 2041 2711 2092 τῶν
2774 2034 3047 2093 δυσσεϐῶν
3104 2037 3547 2114 εἰδωλολατρῶν,
3609 2042 3728 2098 ταῖς

2088 2113 2396 2183 ὑποϐολαῖς
2443 2128 2552 2178 τῶν
2613 2132 2887 2200 φθονερῶν
2949 2125 3250 2196 Ἰουδαίων,
3313 2113 3729 2204 μήγφερὸντων

2083 2205 2301 2262 ἀκούειν
2331 2208 2394 2265 td
2450 2215 2548 2266 τοῦ
2605 2217 2850 2288 Χριστοῦ
2907 2211 3084 2289 ὄνομα
3140 2215 3421 2292 παρῥησίᾳ
3455 2213 3728 2289 κηρυττό-

2088 2316 2270 2380 μενον.
2335 2301 2435 2354 Καὶ
2492 2303 2783 2378 κρατηθεὶς
2851 2305 2941 2360 καὶ
3012 2303 3288 2380 διαφόρως
3373 2303 3736 2380 βασανισθεὶς,

317 2379 540 2471 ὕστερον
573 2379 651 2441 εἶς
677 2380 909 2450 κάμινον
942 2373 1234 2446 ἐνεϐλήθη.
1270 2377 1373 2432 Καὶ
1393 2381 1495 2445 τῆς
1526 2375 1760 2448 καμίνου
1793 2375 2024 2450 ἐξελθὼν
2053 2377 2327 2457 ἀϐλαϐής,
2359 2388 2450 2444 καὶ
2481 2373 2672 2467 ὀλίγον
2705 2388 2974 2466 ἐπιϐιοὺς,
3001 2373 3139 2471 πρὸς
3168 2373 3400 2469 Χριστὸν
3433 2391 3736 2467 ἐξεδήμησε

319 2468 554 2543 χαίρων.

874 2583 1115 2639 EODEM
1154 2582 1406 2638 MENSE.

797 2673 902 2728 Die
953 2671 1259 2727 tricesima
1287 2671 1482 2743 prima

430 2765 518 2819 71
559 2763 1009 2819 Commemoratio
1059 2767 1266 2818 sancta:
1294 2760 1546 2817 Melania
1584 2761 1862 2817 Romana.

389 2943 533 2997 Cum
563 2939 926 2996 Theodosius
958 2941 1199 3013 Magnus
1229 2943 1509 2994 terrestre
1542 2955 1790 3012 regnum
1834 2955 1970 2994 cum

2633 2600 2815 2656 MHNI
2853 2601 2939 2678 Τί)
2979 2603 3177 2678 ΑΥΤῼ.

2846 2693 2952 2744 AA'

2260 2773 2469 2846 Μνήμη
2503 2781 2602 2845 τῆς
2655 2775 2806 2840 ὁσίας
2834 2776 3092 2850 Μελάνης
3122 2783 3224 2848 τῆς
3251 2777 3546 2850 Ῥωμαίας.

2149 2950 2439 3010 Θεοδοσίου
2467 2962 2565 3012 τοῦ
2597 2958 2855 3033 Μεγάλου
2883 2967 2983 3030 τῆς
3015 2959 3105 3014 ἐπὶ
3159 2967 3260 3034 γῆς
3294 2958 3573 3035 βασιλείας
3622 2959 3721 3026 τὴν

317 3030 543 3088 caelesti
575 3036 1018 3096 commutasset,
1053 3035 1230 3099 atque
1286 3029 1361 3084 ad
1409 3029 1808 3084 immortalem
1839 3028 1966 3100 ipse

2083 3038 2324 3116 οὐρανῶν
2408 3045 2907 3120 ἀνταλλαξαμὲνου,
2965 3049 3054 3104 xui
3112 3050 3248 3124 πρὸς
3315 3049 3406 3104 τὸν
3461 3047 3721 3102 ἀθάνατον

316 3137 522 3193 regem
555 3120 888 3190 migrasset,
909 3135 1072 3173 novae
1088 3117 1327 3188 quidem
1343 3117 1700 3190 Romm,subj
1711 3124 1974 3189 ectazque

317 3213 371 3264 ei
403 3209 636 3270 ditioni,
671 3208 941 3279 ejusdem
975 3209 1170 3278 jussu,
1205 3207 1492 3262 Arcadius
1548 3207 1809 3262 ﬁliorum
1841 3207 1972 3279 ejus

317 3305 462 3353 natu
493 3298 683 3368 major
705 3298 1055 3368 imperavit;
1089 3297 1302 3351 veteris
1342 3303 1538 3351 autem
1571 3298 1791 3362 Romae,
1826 3295 1972 3352 sub—

325 3386 706 3458 ditarumque
748 3387 1057 3458 regionum
1115 3385 1432 3457 imperium
1483 3386 1780 3441 Honorius
1827 3393 1970 3440 natu

315 3478 512 3532 minor
561 3475 772 3531 tenuit.
833 3476 932 3530 His
977 3475 1437 3547 imperatoribus
1477 3482 1684 3530 sancta
1722 3475 1972 3531 Melania

315 3566 518 3623 ﬂoruit
546 3565 606 3620 in
639 3565 784 3620 urbe
815 3564 1265 3637 Roma,generis
1297 3564 1868 3636 nobilitate.opibus,
1903 3581 1971 3621 ac

316 3654 511 3710 forma
539 3655 810 3727 insignis,
843 3661 1020 3725 atque
1054 3670 1182 3709 eam
1214 3654 1287 3708 ob
1337 3671 1575 3710 causam
1608 3671 1642 3709 a
1673 3655 1876 3709 multis
1907 3655 1969 3708 in

315 3759 562 3800 uxorem
594 3744 877 3816 expetita,
902 3760 1036 3798 cum
1071 3749 1269 3797 tamen
1301 3743 1405 3797 illa
1433 3760 1469 3797 a
1497 3744 1723 3814 nuptiis
1752 3744 1970 3798 abhor-

314 3840 494 3890 reret.
555 3835 741 3899 Quam
787 3850 918 3888 cum
977 3832 1221 3886 invitam
1281 3840 1559 3902 parentes
1609 3832 1842 3887 cuidam
1902 3833 1966 3887 in

311 3922 769 3980 matrimonium
827 3922 1241 3984 collocassent,
1292 3922 1416 3988 illa,
1465 3923 1808 3993 priusquam
1867 3938 1969 3976 co-

310 4012 778 4083 irent,sponsum
805 4012 1076 4065 timorem
1103 4011 1200 4065 Dei
1221 4011 1694 4076 docens,tanlum
1714 4010 1964 4065 dicendo

307 4102 581 4173 profecit,
611 4109 678 4156 ut
706 4101 757 4156 is
792 4099 1082 4154 mundum
1117 4099 1572 4170 voluptatesque
1604 4099 1962 4170 despiciens,

305 4193 636 4248 monachus
667 4191 873 4246 fleret:
909 4190 1038 4262 ipsa
1069 4205 1208 4244 vero
1234 4188 1551 4244 distributa
1573 4189 1632 4243 in
1649 4205 1961 4260 pauperes,

315 4282 411 4336 72
436 4297 615 4352 quam
637 4279 1033 4352 aparentibus
1047 4283 1378 4350 acceperat,
1408 4277 1633 4350 ingenti
1653 4293 1833 4348 opum
1866 4293 1961 4332 co-

2081 3129 2493 3206 ἐκδημήσαντος
2556 3135 2804 3212 βασιλέα,
2860 3146 2960 3207 τῆς
3023 3143 3116 3212 μὲν
3175 3140 3299 3201 νὲας
3347 3139 3573 3212 Ῥωμης
3629 3137 3723 3191 καὶ

2077 3227 2179 3290 τῆς
2263 3223 2354 3278 ὑπ’
2439 3224 2606 3295 αὐτην
2702 3225 3062 3302 ἐπικρατείας,
3147 3227 3434 3302 προστάξει
3492 3226 3718 3294 ἐκείνου,

2079 3305 2422 3368 ἐϐασίλευσεν
2459 3312 2746 3391 Ἀρκᾶδιος
2775 3318 2803 3371 ὁ
2834 3322 3054 3392 πρῶτος
3087 3317 3204 3378 υἱὸς
3259 3315 3445 3372 αὐτοῦ·
3504 3322 3603 3384 τῆς
3663 3311 3723 3368 δὲ

2078 3398 2314 3464 παλαιᾶς
2345 3402 2591 3475 Ῥώμης,
2624 3407 2711 3460 καὶ
2744 3409 2843 3467 τῆς
2878 3407 2966 3460 ὑπ’
3024 3405 3234 3476 ἐκείνην
3291 3407 3504 3480 χώρας,
3561 3405 3720 3476 ἦρξεν

2076 3488 2389 3566 Ὁνώριοςὸ
2421 3489 2667 3569 δεύτερος
2710 3495 2826 3556 υἱὸς
2880 3495 3065 3552 αὐτοῦ.
3123 3495 3244 3550 Ἐπὶ
3292 3494 3500 3549 τούτων
3559 3491 3626 3562 ἦν
3686 3494 3725 3562 ἡ

2080 3575 2199 3632 ὀσία
2231 3578 2450 3651 Μελάνη
2485 3580 2537 3635 ἐν
2572 3585 2640 3655 τῇ
2673 3580 2833 3636 πόλει
2876 3583 3091 3656 Ῥώμῃ,
3151 3581 3371 3656 εὐγενὴς
3423 3578 3512 3633 καὶ
3544 3576 3727 3634 πλου-

2079 3665 2186 3736 σία,
2217 3668 2309 3722 xui
2369 3663 2666 3744 εὔμορφος.
2729 3669 2812 3725 διὸ
2857 3671 2945 3726 καὶ
3008 3671 3310 3743 ζητουμένη
3361 3669 3498 3741 πρὸς
3538 3668 3720 3743 γάμον

2075 3756 2222 3827 παρὰ
2251 3757 2501 3828 πολλῶν,
2534 3760 2670 3829 αὐτὴ
2705 3761 2799 3833 μὲν
2835 3761 2934 3815 οὐκ
2980 3758 3192 3830 ἧθελεψ
3252 3759 3410 3832 ἇμως
3469 3757 3574 3812 ὑπὸ
3610 3761 3721 3812 τῶν

2072 3848 2275 3921 γονὲιυν
2300 3849 2631 3925 συνεζεῦχθη
2687 3848 2838 3925 ἀνδρὶ
2895 3851 2984 3906 xui
3049 3853 3125 3924 μή
3185 3848 3435 3914 θέλουσα.
3467 3849 3564 3905 "Ov
3613 3845 3720 3922 πρὸ

2070 3943 2171 4004 τῆς
2204 3939 2488 4016 συναφείας
2534 3941 2626 3994 τὸν
2680 3944 2778 3994 τοῦ
2828 3941 2960 3994 Θεοῦ
3012 3935 3182 4018 φόϐον
3233 3935 3506 4010 διδάξασα,
3541 3932 3720 3990 ἔπεισε

2071 4027 2283 4097 κόσμου
2367 4027 2458 4082 xui
2517 4026 2725 4096 ἡδονῶθ
2809 4036 3235 4107 καταφρονῆσαι,
3300 4027 3390 4082 καὶ
3473 4027 3716 4100 γενέσθαι

2075 4117 2343 4190 μοναχόν.
2378 4117 2619 4189 Ὁμοίως
2661 4119 2750 4173 xui
2807 4117 2942 4188 αὐτὴ
2997 4119 3338 4190 σκορπίσασα
3394 4115 3566 4170 πάντα
3621 4115 3715 4169 τὸν

2071 4203 2334 4273 πλοῦτον,
2393 4204 2452 4260 ὅν
2503 4205 2564 4260 ἐκ
2613 4211 2720 4261 τῶν
2780 4208 2984 4282 γονέων
3067 4201 3284 4278 ἔλαϐεν,
3343 4205 3720 4281 ἀναρίθμητον

2070 4289 2216 4362 ὂντα,
2250 4291 2325 4356 εἷς
2353 4293 2480 4356 τοὺς
2510 4294 2768 4366 πένητας,
2825 4296 3014 4372 γέγονε
3077 4297 3322 4370 μοναχή.
3387 4293 3484 4348 Καὶ
3543 4291 3722 4354 οὕτως

307 4371 426 4442 pia,
460 4369 856 4426 monasticam
881 4369 1062 4424 vitam
1085 4368 1359 4440 amplexa
1380 4373 1498 4422 est:
1525 4372 1701 4437 atque
1733 4366 1814 4421 ita
1835 4383 1961 4422 cer-

2082 4380 2405 4456 ἠγωνίσατο,
2465 4382 2540 4446 ὡς
2596 4383 2688 4439 καὶ
2745 4385 2995 4458 θαύματα
3052 4387 3303 4450 ποιῆσαι.
3373 4381 3608 4438 Κτίσασα
3662 4377 3723 4434 δὲ

305 4466 506 4516 tamen
538 4461 802 4526 certavit,
841 4465 907 4514 ut
936 4465 995 4514 et
1027 4458 1317 4514 miracula
1349 4457 1623 4513 ediderit.
1654 4457 1960 4512 Ediﬁcato

305 4547 546 4603 demum
599 4547 674 4604 ad
733 4548 1034 4604 canendas
1109 4549 1228 4603 Deo
1285 4545 1494 4602 laudes
1568 4545 1951 4612 monasterio,

307 4633 584 4692 decessit.

566 4743 832 4836 ΜΕΝ
845 4741 994 4836 SE
1055 4741 1700 4836 JANUARIO.

971 4902 1073 4958 Die
1107 4903 1298 4973 prima

305 4993 402 5048 73
463 4993 915 5048 Commemoratio
971 4997 1177 5046 sanctze
1237 4992 1678 5046 Circumcisionis
1735 4991 1956 5045 Domini

698 5079 762 5119 ac
807 5065 901 5118 Dei
947 5064 1127 5118 nostri
1177 5063 1307 5118 Jesu
1339 5062 1564 5116 Christi.

377 5251 532 5305 Deus
565 5267 631 5305 ac
672 5249 958 5305 Dominus
1017 5254 1239 5313 noster,
1291 5249 1386 5304 cui
1435 5246 1613 5302 corda
1642 5246 1956 5302 hominum

303 5344 528 5410 patent,
565 5340 788 5410 quique
819 5339 1017 5394 futura
1041 5338 1379 5409 prmnoscit,
1431 5343 1496 5390 ut
1525 5337 1955 5391 incarnationis

296 5435 354 5483 et
368 5428 830 5498 dispensationis
846 5445 964 5483 sum
982 5427 1159 5482 fidem
1178 5427 1496 5484 faceret.ne
1511 5427 1642 5496 quis
1655 5425 1954 5481 hasretico-

304 5533 436 5571 rum
461 5516 658 5573 dicere
689 5525 1053 5590 possel.,eum
1077 5516 1446 5586 phantastice
1466 5516 1731 5588 genitum
1749 5514 1951 5583 fuisse,

293 5622 416 5661 non
441 5622 573 5662 vere
598 5614 862 5663 nostram
879 5622 1118 5662 carnem
1141 5604 1952 5677 assumpsisse,quemadmo-

299 5693 442 5751 dum
475 5697 648 5753 multi
673 5697 1088 5754 haereticorum
1120 5695 1249 5751 ausi
1276 5701 1419 5751 sunt
1453 5711 1717 5751 asserere
1739 5714 1754 5762 ;
1774 5699 1953 5766 atque

291 5785 474 5842 etiam
497 5794 562 5843 ut
584 5804 824 5845 omnem
847 5783 1160 5842 cavilland':
1192 5786 1570 5844 occasionem
1591 5783 1952 5840 Judaisadi—

2068 4472 2157 4525 xui
2193 4474 2556 4544 μοναστήριον
2589 4472 2666 4538 εἷς
2711 4477 2844 4529 Θεοῦ
2894 4471 3236 4548 δοξολογίαν,
3267 4470 3643 4542 ἐτελεύτησεν.

2315 4681 2640 4836 MHNI
2723 4737 3459 4838 ΙΑΝΟΥΑΡΙΩ.

2664 4876 2752 4933 Ἑν
2802 4879 2870 4949 τῇ
2903 4876 3096 4950 πρώτῃ

2061 4966 2125 5023 Ἦ
2158 4965 2456 5039 ἀνάμνησις
2508 4971 2634 5039 τῆς,
2674 4965 2836 5039 ἁγίας
2891 4967 3205 5039 ΙΙεριτοᾲμῆς
3251 4967 3350 5039 τοῦ
3382 4963 3592 5039 Κυρίου
3622 4961 3714 5016 καὶ

2452 5040 2586 5092 Θεοῦ
2616 5037 2774 5109 ἡμῶν
2827 5037 3007 5107 Ἰησοῦ
3055 5037 3316 5110 Χριστοῦ.

2133 5242 2318 5298 Θέλων
2350 5242 2378 5296 ὁ
2411 5242 2540 5302 Θεὸς
2573 5242 2662 5296 καὶ
2697 5240 2899 5316 Κῦριος
2954 5243 3140 5314 ἡμῶν,
3200 5240 3276 5302 ὡς
3327 5240 3425 5302 τάς
3487 5235 3719 5314 καρδίας

2061 5335 2170 5385 τῶν
2231 5331 2532 5402 ἀνθρώπων
2593 5329 2972 5403 ἐπιστάμενος,
3031 5331 3122 5384 καὶ
3175 5329 3241 5384 τά
3292 5328 3572 5402 μέλλοντα
3629 5349 3722 5402 γι-

2061 5420 2441 5490 νώσκων,τὴν
2497 5417 2813 5492 οἰκονομίαν
2873 5418 3241 5483 πιστώσασθαι
3281 5417 3381 5485 τῆς
3442 5417 3720 5491 ἐνανθρω-

2064 5512 2282 5577 πησεως
2315 5507 2501 5575 αὐτοῦ,
2527 5507 2620 5563 ’ἶνα
2655 5512 2819 5582 μήτις
2852 5508 2908 5563 ἐκ
2935 5513 3045 5563 τῶν
3103 5507 3391 5582 αἱρετικῶν
3440 5505 3561 5582 ἔχοι
3621 5503 3718 5562 λέ-

2061 5620 2197 5677 γειν,
2256 5598 2339 5652 ὅτι
2391 5597 2528 5653 κατά
2579 5599 2870 5675 φαντασίαν
2957 5596 3246 5671 ἐγεννήθη,
3309 5597 3402 5651 xui
3460 5595 3523 5650 οὐ
3577 5593 3718 5649 κατὰ

2061 5689 2321 5758 ἀλήθειαν
2351 5687 2452 5755 τὴν
2504 5682 2774 5761 ἡμετέραν
2834 5679 3127 5740 ἀνελάϐετο
3181 5683 3371 5759 σάρκα·
3431 5684 3564 5759 ὅπερ
3620 5681 3718 5739 καὶ

2059 5773 2266 5831 πολλοὶ
2296 5773 2610 5846 ἐτόλμησαν
2637 5779 2745 5833 τῶν
2781 5775 3068 5849 αἱρετικῶν
3127 5771 3316 5828 εἰπεῖν⁸
3377 5769 3492 5846 ἅμα
3521 5769 3578 5829 δδ
3620 5770 3715 5828 xui
