4074 6192
254 376 372 438 237

1720 368 2191 431 JANUARIUS.

3558 386 3676 446 238

248 506 344 561 ’ἱνα
401 505 542 581 λύσῃ
598 525 769 559 πασαν
823 504 1089 581 πρόφασιν
1147 507 1252 557 τῶν
1318 500 1624 571 Ἰουδαίων,
1681 503 1780 554 τοῦ
1840 499 1916 571 μή

2034 507 2243 569 meret,
2277 520 2351 559 ne
2382 505 2649 563 dicerent
2674 510 2870 582 ipsum
2902 528 2935 566 a
2961 514 3392 572 consuetudine
3411 522 3469 572 et
3498 516 3674 572 insti-

257 593 462 670 λέγειν,
498 597 578 650 ὅτι
611 594 712 648 οὐκ
768 591 1155 648 ἐπολιτεόσατο
1209 593 1348 647 κατὰ
1401 593 1464 645 τὸ
1521 588 1915 653 ἔθοςνέχείνων

255 686 347 740 καὶ
407 686 508 755 τήν
567 682 865 756 διαταγὴν,
920 681 1134 758 πληροῖ
1189 683 1363 736 πάντα
1416 684 1511 734 τοῦ
1566 679 1759 752 νόμου.
1822 677 1917 732 Καὶ

261 774 399 848 μετα
432 774 642 845 ἡμέρας
676 772 820 826 ὀκτὼ
878 778 979 841 τῆς
1033 771 1199 825 αὐτοῦ
1257 769 1532 845 ἀχράντου
1562 767 1620 822 ἐκ
1651 768 1919 842 παρθένου

255 866 579 939 γεννήσεως,
639 859 930 932 ἠθέλησεν,
992 861 1066 922 ὡς
1131 859 1350 934 βρέφος,
1421 856 1674 913 ἀπελθεῖν
1716 856 1792 916 εἷς
1823 856 1914 910 τὸν

260 953 454 1020 τόπον,
507 951 560 1006 ἐν
592 946 791 1023 ᾧὲθος
846 951 994 1024 εἶχον
1055 949 1106 1004 οἱ
1163 946 1420 1005 Ἰοοδαῖοι
1479 946 1914 1021 περιτέμνεσθαιι

258 1042 346 1096 καὶ
380 1043 749 1115 περιετμήθη,
780 1039 873 1093 καὶ
903 1036 1113 1108 ἐκλήθη
1170 1042 1233 1092 τὸ
1289 1033 1463 1109 ὄνομα
1492 1035 1655 1091 αὐτοῦ
1685 1037 1914 1104 Ἰησοῦς,

253 1132 314 1185 τὸ
362 1128 571 1198 κληθὲν
632 1128 736 1182 ὑπὸ
793 1131 889 1182 τοῦ
942 1125 1199 1201 ἀγγέλου,
1257 1126 1363 1199 πρὸ
1417 1129 1515 1179 τοῦ
1574 1124 1915 1192 συλληθῆναι

255 1220 421 1274 αὐτὸν
455 1218 511 1273 ὲν
540 1222 610 1291 τῇ
642 1217 868 1292 ἆφθόρῳ
901 1219 1083 1289 μήτρᾳ
1111 1218 1209 1284 τῆς
1250 1213 1537 1270 Θεοτόκου.
1599 1214 1697 1268 Καὶ
1750 1212 1917 1268 πάλιν

258 1307 516 1363 ἀπελθὼν
605 1306 740 1379 μετὰ
808 1309 917 1360 τῶν
987 1305 1211 1379 γονέων,
1266 1303 1581 1381 ἀνεστρέφετο
1636 1302 1914 1377 ἀνθρωπο-

256 1403 505 1473 πρεπῶς,
536 1396 869 1473 προκόπτων
904 1396 1089 1474 σοφίᾳ,
1120 1393 1338 1467 ἡλικίᾳ,
1366 1394 1456 1449 καὶ
1489 1393 1698 1469 χάριτι.

861 1515 939 1586 Τῇ
967 1511 1104 1586 αὐτῇ
1126 1513 1310 1587 ἡμέρᾳ

254 1633 373 1701 Μνή
386 1654 464 1705 μη
496 1634 595 1686 τοῦ
623 1628 676 1705 iv
709 1629 887 1705 ἁγίοις
942 1630 1155 1705 Πατρὸς
1210 1630 1373 1700 ἡμῶν
1402 1624 1686 1705 Βασιλεμίου
1720 1627 1910 1703 ἀρχιε-

468 1696 767 1758 πισκόπου’
795 1696 1117 1776 Καισαρείας
1162 1696 1265 1770 τῆς
1293 1696 1695 1761 Καππαδοκίας.

321 1822 379 1875 Ὁ
410 1817 462 1872 ἐν
518 1818 696 1893 ἁγίοις
755 1819 941 1893 Πατὴρ
997 1818 1157 1889 ἡμῶν
1222 1813 1623 1885 Βασίλειος,ἧν
1672 1813 1761 1869 ἐπὶ
1808 1821 1908 1884 τῆς

259 1903 542 1981 βασιλείας
568 1904 896 1968 Οὐάλεντος·
948 1903 1131 1961 ὅντινα
1174 1902 1451 1962 Οὐάλεντα
1477 1903 1543 1957 τὰ
1573 1902 1789 1979 Ἀρείου
1816 1923 1878 1957 το

256 1994 536 2069 αἱρετικοῦ
593 2000 916 2074 φρονοῦντα,
989 1995 1501 2072 παρρησιασάμενος
1558 1992 1771 2069 ἤλεγξε,
1822 1994 1911 2049 καὶ

258 2081 439 2140 ἔπεισε
464 2086 593 2159 παρ’
636 2084 821 2161 ὀλίγον
839 2086 938 2153 τὴν
996 2084 1200 2158 αἳρεσιν
1258 2083 1590 2160 ἀρνήσασθαι
1648 2082 1693 2137 εί
1730 2084 1805 2155 μὴ
1829 2082 1916 2137 al-

259 2175 603 2250 σχυνὸμενον
632 2174 792 2229 αὑτὸν
820 2167 1067 2229 ἓϐλεπενσ
1093 2172 1247 2246 ὅμως
1278 2172 1324 2227 εί
1353 2172 1444 2228 καὶ
1472 2172 1570 2240 τὴν
1606 2171 1806 2243 αἳρεσιν
1836 2192 1919 2226 τε-

260 2264 425 2327 λείως
457 2263 560 2318 οὖκ
588 2264 888 2338 ἠρνήσατο,
917 2261 1054 2326 τὲως
1080 2263 1168 2317 καὶ
1202 2265 1271 2336 τῇ
1320 2259 1587 2333 ἐκκλησίᾳ
1615 2259 1914 2334 προσῆλθε,

257 2355 720 2428 λειτουργοῦντος
739 2356 836 2407 τοῦ
855 2352 1109 2427 Μεγάλου
1133 2350 1440 2421 Βασιλείου,
1468 2352 1555 2406 καὶ
1584 2348 1733 2425 δῶρα
1752 2370 1915 2425 προσ-

261 2444 468 2520 έφερεν.
519 2444 621 2499 ἾΙν
659 2440 716 2497 δὲ
774 2442 802 2496 ὁ
860 2442 1034 2517 Μέγας
1083 2440 1366 2502 Βασίλειος
1426 2440 1541 2502 υἱὸς
1604 2438 1911 2507 Βασιλείου,

259 2536 355 2585 τοῦ
387 2531 495 2586 απὸ
553 2535 650 2586 τοῦ
708 2530 939 2601 Πόντου,
996 2529 1085 2584 καὶ
1149 2526 1454 2602 Ἐμμελίας
1508 2532 1609 2593 τῆς
1652 2528 1760 2582 ἀπὸ
1814 2534 1914 2595 τῆς

263 2618 677 2682 Καππαδοκίας.
708 2621 897 2681 ’Ὀστις
958 2617 1012 2673 ἐν
1072 2617 1253 2694 σοφίᾳ,
1311 2618 1396 2672 καὶ
1445 2618 1663 2688 γνώσει,
1713 2615 1914 2679 πάντας

260 2709 511 2770 καὶτοὺς
541 2708 810 2768 παλαιοὺς
865 2707 955 2762 καὶ
1012 2706 1141 2770 τοὺς
1169 2706 1321 2768 νὲους
1378 2705 1609 2775 ἐνίκησε.
1667 2704 1915 2775 Κατεξαί-

264 2818 415 2873 ρετον
448 2795 506 2853 δὲ
535 2802 794 2853 τοσοῦτον
828 2796 1038 2871 ἐγένετο
1090 2790 1349 2865 εὐλαϐής,
1383 2796 1455 2856 ὡς
1510 2794 1599 2849 καὶ
1632 2793 1917 2869 ἀρχιερεὺς

262 2887 500 2962 γενέσθαι
549 2891 651 2941 τοῦ
712 2886 910 2960 θρόνου
967 2885 1289 2960 Καισαρείας
1348 2883 1487 2938 ὅπου
1543 2883 1633 2937 καὶ
1665 2882 1917 2945 πολλοὺς

257 2980 474 3052 ἀγῶνας
509 2977 646 3051 ὑπἐρ
677 2978 776 3044 τῆς
833 2972 1127 3051 ὁρθοδόξου
1184 2973 1418 3036 πίστεως
1476 2972 1795 3045 ὑπομείνας,
1827 2971 1917 3026 καὶ

261 3067 511 3142 βασιλεῖς
565 3067 654 3120 καὶ
710 3064 989 3139 ἐπάρχους
1048 3061 1419 3132 καταπλήξας,
1470 3060 1561 3115 καὶ
1612 3065 1719 3115 τῶν
1778 3061 1919 3136 αἳρε-

255 3160 422 3211 τικῶν
466 3155 535 3209 τά
591 3155 835 3226 στόματα
893 3151 1093 3230 φράξας
1147 3157 1263 3211 τοῖς
1322 3148 1531 3225 λόγοις,
1584 3149 1673 3205 καὶ
1732 3143 1921 3224 βιϐλία

1882 1861 1991 1956 ὖΒ

2032 592 2172 646 tutis
2205 610 2408 649 eorum
2441 596 2753 653 deflexisse
2779 616 2792 664 ;
2818 600 3082 672 implevit
3100 619 3192 656 om
3206 620 3339 658 nem
3363 604 3595 671 legem;
3619 610 3677 661 et.

2028 688 2161 751 post
2190 683 2317 738 dies
2350 692 2503 741 octo.
2538 704 2714 756 quam
2740 688 3120 745 immaculata
3144 709 3211 745 ex
3235 693 3465 766 Virgine
3499 702 3674 750 natus

2029 777 2136 839 est,
2163 773 2369 839 voluit,
2393 775 2687 841 utinfans,
2722 778 2781 831 in
2809 780 3408 843 eumlocumdeferri.
3441 784 3538 837 ubi
3576 786 3675 839 74

2025 861 2208 915 Judaei
2238 863 2584 919 circumcidi
2612 877 3078 923 consueverant:
3108 876 3165 923 et
3185 871 3571 926 circumcisus
3585 878 3676 928 est

2025 957 2414 1022 vocatumque
2440 970 2659 1009 nomen
2692 959 2819 1024 ejus
2840 958 3027 1020 Jesus,
3054 959 3211 1027 quod
3239 960 3312 1015 ab
3332 961 3542 1032 angelo
3575 978 3674 1016 vo-

2024 1044 2217 1095 catum
2243 1041 2779 1114 fnerat,antequam
2800 1045 2860 1099 in
2876 1046 3214 1118 incorrupto
3230 1050 3492 1121 Deiparaa
3506 1056 3673 1106 utero

2025 1130 2851 1205 conciperetur,reversusque
2866 1152 2997 1189 cum
3015 1136 3673 1207 parentibus,educatus

2024 1225 2134 1286 est,
2183 1225 2249 1274 ut
2278 1221 2584 1278 hominem
2619 1222 2825 1291 decet;
2861 1231 2918 1279 et
2969 1225 3317 1295 proﬁciebat
3358 1228 3669 1300 sapientia,

2023 1314 2215 1377 astate,
2249 1315 2307 1365 et
2334 1310 2540 1383 gratia.

2675 1519 2894 1576 Eodem
2928 1520 3023 1576 die

2026 1633 2121 1689 75
2164 1634 2839 1709 Commemoratiasancti
2888 1639 3069 1709 Patris
3126 1636 3326 1709 Basilii
3380 1638 3671 1709 archiepi-

2392 1708 2543 1777 scopi
2608 1707 2861 1763 Caesarea
2934 1708 3311 1779 Cappadociae.

2094 1818 2340 1874 Sanctus
2370 1822 2546 1875 Pater
2570 1827 2774 1877 noster
2812 1822 3064 1878 Basilius
3122 1823 3372 1878 Valente
3422 1825 3671 1896 impera-

2026 1912 2146 1963 tore
2191 1908 2423 1964 claruit.
2483 1912 2554 1965 Et
2609 1912 2769 1967 hunc
2815 1911 3055 1983 quidem
3115 1913 3423 1968 Valentem
3451 1914 3671 1970 Ariana

2022 1998 2233 2054 haeresi
2257 1998 2629 2056 laborantem
2657 2017 2891 2056 summa
2920 2018 3053 2056 cum
3076 2001 3349 2057 libertate
3379 2002 3667 2075 coarguit,

2020 2104 2089 2142 ac
2118 2088 2545 2159 propemodum
2580 2090 2653 2145 ad
2683 2089 3080 2158 abjiciendam
3111 2090 3666 2146 haeresiminduxis-

2023 2184 2131 2245 set,
2155 2179 2271 2234 nisi
2306 2179 2473 2234 illum
2504 2180 2869 2251 palinodiam
2918 2198 3134 2236 canere
3186 2181 3518 2252 puduisset.
3554 2181 3665 2237 Sed

2022 2267 2132 2322 etsi
2163 2284 2423 2323 errorem
2444 2268 2686 2324 omnino
2708 2286 2828 2324 non
2853 2270 3440 2340 ejuravit,ecclesiam
3465 2277 3664 2326 tamen

2023 2357 2391 2424 adibat,dum
2424 2359 2675 2413 Basilius
2708 2360 2947 2431 Magnus
2968 2359 3285 2432 Liturgiam
3307 2360 3667 2428 celebrabat,

2022 2463 2089 2502 ac
2102 2446 2260 2502 dona
2275 2448 2716 2502 oiTerebat.Fuit
2731 2455 2928 2503 autem
2948 2449 3197 2503 Basilius
3214 2450 3453 2521 Magnus
3472 2449 3671 2503 Basilii

2024 2536 2275 2603 Pontici,
2309 2544 2366 2590 et
2387 2536 2689 2591 Emmeliaa
2716 2537 3079 2609 Cappadocis
3104 2536 3284 2602 filius,
3316 2538 3404 2592 vir
3433 2537 3673 2608 sapien-

2024 2626 2106 2680 tia
2136 2642 2203 2681 ac
2234 2626 2483 2681 scientia
2512 2626 2658 2681 adeo
2678 2628 3097 2683 instructusut
3128 2633 3185 2682 et
3201 2632 3426 2682 veteres
3443 2643 3672 2694 omnes,

2024 2720 2081 2769 et
2110 2715 2473 2770 recentiores
2502 2716 2674 2771 facile
2705 2718 3104 2788 superaverit;
3131 2718 3347 2789 pietate
3366 2734 3504 2772 vero
3528 2717 3674 2772 adeo

2026 2804 2405 2871 excelluit,ut
2436 2806 2633 2860 throni
2666 2809 2944 2862 Caesareas
2977 2807 3463 2877 archiepiscopus
3485 2806 3673 2861 factus

2024 2893 2220 2957 fuerit,
2254 2894 2353 2949 ubi
2414 2895 2587 2966 plura
2643 2896 2969 2951 certamina
3021 2913 3125 2967 pro
3170 2896 3499 2963 orthodoxa
3559 2895 3673 2951 ﬁde

2026 2982 2350 3050 sustinens,
2379 2983 2768 3054 imperatores
2802 2989 2858 3037 et
2915 2984 3225 3054 praefectos
3255 2983 3668 3054 obstupefecit,

2027 3076 2084 3125 et
2109 3072 2525 3127 haereticorum
2559 3089 2624 3126 os
2664 3072 3040 3127 sermonibus
3073 3072 3386 3129 obstruxit.
3411 3073 3671 3129 Tandem

2025 3173 2161 3212 cum
2211 3159 2430 3213 multos
2486 3158 2671 3213 libros
2730 3160 3180 3230 composuisset,
3240 3160 3673 3229 innumeraque

262 3243 497 3299 πλεῖστα
526 3244 999 3319 συγγραψάμενος,
1039 3242 1129 3295 καὶ
1191 3240 1356 3315 μυρία
1414 3238 1663 3313 θαύματα
1692 3236 1915 3314 ἐργασά-

2032 3246 2295 3318 prodigia
2328 3246 2635 3312 edidisset,
2668 3246 2729 3302 in
2751 3262 2895 3318 paze
2926 3247 3001 3302 ad
3026 3247 3341 3302 Dominum
3380 3246 3671 3317 migravit.

263 3354 448 3407 μενος,
482 3332 537 3388 ἐν
573 3332 763 3409 εἰρήνῃ
794 3332 932 3409 πρὸς
964 3330 1162 3405 Κύριον
1192 3326 1545 3403 ἑξεδήμησεν.

835 3451 920 3524 Τῇ
963 3448 1099 3523 αὐτῇ
1144 3448 1346 3524 ἡμέρᾳ·

258 3539 529 3611 Ἀθλησις
586 3543 693 3596 τῶν
784 3538 954 3615 ἁγίων
1038 3536 1324 3615 μαρτύρων

1408 3533 1757 3610 θεοπέμπου,
1829 3534 1919 3591 καὶ

943 3607 1240 3679 Θεοδότης.

990 3725 1197 3781 Λείπει.

842 3842 1026 3900 MHNI
1054 3842 1147 3920 Tn
1178 3843 1353 3897 ΑἴΤο

445 4045 717 4115 ’Δθλησις
750 4049 847 4101 τοῦ
890 4044 1047 4121 ἁγίου
1069 3958 1374 4121 Βμάρτυρος
1425 4042 1739 4101 Βασιλείου.

333 4164 394 4221 Ὀ
434 4163 642 4235 μάρτυς
675 4162 985 4230 Βασίλειος,
1038 4162 1284 4236 ὑπῆρχεν
1338 4159 1425 4215 ἐπὶ
1484 4163 1582 4225 τῆς
1644 4157 1922 4230 βασιλείας

267 4251 575 4306 Ἰουλιανοῦ
617 4255 714 4305 τοῦ
747 4246 1088 4326 Ιιαράῦατου⁶
1150 4250 1362 4324 ἐγένετο
1393 4246 1449 4304 δὲ
1504 4248 1610 4303 ἀπὸ
1654 4247 1917 4323 Ἀγκύρας

265 4348 361 4411 τῆς
394 4339 687 4399 Γαλατίας·
724 4336 813 4394 διὰ
870 4337 928 4394 δὲ
984 4339 1044 4394 τὸ
1093 4338 1185 4393 τὸν
1243 4338 1473 4412 Χριστὸν
1533 4332 1797 4408 σὲϐεσται,
1829 4336 1919 4391 καὶ

267 4429 591 4506 ὁμολογεῖν,
651 4429 922 4503 ἐκρατήθη
980 4430 1065 4483 καὶ
1130 4428 1366 4504 παρέστη
1418 4432 1495 4499 τῷ
1551 4428 1782 4501 ἡγεμόνι
1816 4433 1918 4481 Σα-

269 4518 520 4592 τορνίνῳ.
584 4519 685 4574 Καὶ
742 4515 909 4573 πάλιν
968 4517 1200 4571 ἐνώπιον
1254 4516 1419 4572 αὐτοῦ
1476 4514 1766 4591 ἐρῳττ,θεὶ;
1801 4560 1814 4586 ,
1875 4515 1917 4570 εἰ

2677 3449 2898 3507 Eodem
2930 3450 3025 3505 die

2034 3541 2073 3594 7
2083 3540 2132 3596 ο
2168 3540 2452 3597 Certamen
2497 3544 2813 3666 sancto???
2842 3544 3178 3665 drgfrtyrum
3240 3539 3593 3611 Theopempti
3620 3545 3673 3595 et

2777 3626 2839 3665 eo
2938 3626 3002 3666 ω.

2777 3626 3002 3667 eoaow.

2739 3726 2935 3782 Deest.

2581 3840 2821 3896 EODEM
2870 3839 3121 3896 MENSE.

2672 3955 2771 4011 Die
2812 3954 3074 4011 secunda

2249 4072 2341 4127 77
2379 4072 2664 4129 Certamen
2714 4074 2896 4128 sancti
2941 4073 3207 4143 martyris
3235 4071 3457 4129 Basilii.

2102 4160 2353 4216 Basilius
2386 4167 2611 4233 martyr
2636 4161 2866 4216 Juliano
2899 4161 3571 4232 Apostataimperatore,
3605 4177 3675 4216 ex

2035 4251 2265 4319 Ancyra
2295 4248 2534 4303 Galatia:
2559 4248 2686 4304 fuit.
2704 4249 2869 4313 Quod
2896 4249 3192 4303 tihristum
3215 4255 3411 4303 autem
3431 4248 3671 4314 coleret,

2032 4353 2099 4391 ac
2121 4337 3099 4408 contiteretur,comprehensus,ad
3112 4337 3675 4408 Saturninum.praa-

2032 4425 2276 4485 fectum.
2310 4425 2655 4496 perducitur
2682 4443 2693 4479 :
2716 4431 2769 4480 et
2802 4426 3015 4480 iterum
3034 4442 3231 4481 coram
3263 4442 3330 4480 eo
3352 4425 3675 4498 interroga-

2035 4520 2233 4582 tus,an
2261 4515 2321 4568 in
2356 4514 2655 4569 Christum
2678 4514 2969 4575 crederet.
2994 4532 3205 4588 magna
3228 4532 3363 4571 voce
3383 4514 3674 4571 exclama-

276 4606 519 4661 πιστεύει
548 4610 628 4678 τῷ
678 4609 915 4679 Χριστῷ,
974 4607 1184 4681 μεγάλῃ
1244 4609 1398 4684 φωνῇ
1456 4604 1653 4676 ἐξεῖπε,
1686 4606 1762 4677 μή
1792 4606 1917 4660 εἶναι

2035 4605 2133 4670 vit,
2161 4604 2394 4659 nullum
2426 4621 2554 4659 esse
2579 4604 2762 4659 alium
2793 4605 2975 4659 Deum
3001 4611 3215 4677 praeter
3236 4604 3447 4677 ipsum.
3486 4606 3675 4670 Quare

270 4697 397 4751 Θεὸν
456 4693 629 4750 ἄλλον
666 4738 680 4763 ,
741 4694 889 4764 πλὴν
950 4696 1116 4751 αὐτοῦ
1151 4738 1162 4751 .
1222 4698 1382 4753 ’Όθεν
1435 4694 1778 4771 ἐκρεμάσθη,
1834 4695 1922 4749 καὶ

271 4785 454 4856 ὶξὲσθη
491 4785 755 4861 ἰσχυρῶς·
802 4786 908 4840 ἀπὸ
966 4783 1024 4839 δὲ
1077 4784 1344 4860 Ἀγκύρας
1402 4780 1625 4856 δὲσμιος
1673 4782 1923 4862 ἐπέμφθη

272 4874 345 4936 εἷς
378 4872 976 4931 Κωνσταντινούπολιν.
1016 4872 1110 4930 Καὶ
1168 4871 1334 4928 πάλιν
1396 4866 1750 4943 ἐϐασσανίσθη
1784 4873 1929 4949 παρᾶ

272 4968 365 5018 τοῦ
395 4964 648 5039 ἐπάρχου
707 4962 970 5037 ἰσχυρῶς.
1035 4963 1161 5019 Εἶτα
1227 4956 1496 5031 ἐνεϐλήθη
1558 4960 1636 5024 εἲς
1694 4964 1924 5034 κάμινον

268 5054 463 5126 πυρὸς,
510 5051 601 5107 καὶ
660 5050 882 5123 ἐξῆλθεν
940 5051 1124 5126 ὑγιής.
1180 5051 1284 5107 Καὶ
1335 5049 1458 5105 τότε
1514 5049 1790 5122 ἀπεστάλη
1851 5052 1927 5116 εἷς

271 5143 633 5216 Καισάρειαν,
690 5140 776 5195 ἳνα
834 5141 1250 5216 θηριομαχήσῃ·
1312 5142 1522 5197 Ἐκεῖσε
1568 5136 1625 5195 δὲ
1676 5138 1925 5195 ἀπελθὼν

268 5228 558 5305 δεδεμένος
598 5226 730 5301 ἔσθη
792 5229 867 5292 εἷς
921 5229 985 5286 τὸ
1041 5232 1260 5305 θὲατρον
1317 5228 1369 5284 ἐν
1427 5230 1611 5302 ἡμέρᾳ
1660 5226 1930 5305 ἱπποδρο-

272 5322 395 5393 μίας
431 5369 448 5393 ,
505 5321 596 5375 καί
655 5321 782 5375 τότε
839 5318 1085 5389 ἀπελύθη
1182 5317 1346 5393 ἀγρία
1403 5318 1590 5373 λέαινα
1644 5317 1932 5392 λιμώξασα

268 5409 553 5486 πρότερον,
605 5409 694 5464 ἳνα
756 5409 1038 5484 καταφάγῃ
1097 5405 1278 5465 αὐτόν.
1335 5403 1486 5462 Ἰδὼν
1546 5402 1843 5482 δέὁᾶγιος
1868 5408 1932 5464 τὸ

276 5500 462 5574 θηρίον
519 5498 823 5574 ἐρχόμενον
867 5495 950 5552 ἐπ’
1009 5495 1194 5567 αὐτὸν,
1248 5493 1451 5570 ἤρξατο
1506 5497 1929 5572 προσεύχεσθαι.

272 5589 367 5644 Καὶ
421 5586 907 5664 προσερχόμενος,
960 5585 1309 5661 συγχωρήσει
1368 5587 1526 5657 Θεοῦ,
1579 5579 1793 5659 ἐϐρώθη
1829 5586 1932 5643 ὑπὸ

276 5681 369 5733 τοῦ
400 5677 619 5753 Θηρίοιν
653 5677 745 5734 καὶ
780 5676 953 5738 οὕτως
985 5672 1298 5745 ιτεΛειώθη.

2038 4694 2804 4767 suspensus,crudelissime
2826 4694 3405 4766 depectitur.Deinde
3422 4696 3674 4763 vinctus,

2038 4802 2108 4841 ex
2140 4784 2285 4839 urbe
2343 4786 2574 4855 Ancyra
2628 4784 3203 4856 Constantinopolim
3239 4785 3493 4841 mittitur
3527 4802 3540 4839 :
3573 4783 3676 4839 ubi

2036 4874 2399 4949 gravissimis
2432 4874 2744 4930 tormentis
2774 4891 2808 4930 a
2855 4874 3130 4946 prmfecto
3189 4875 3580 4933 excruciatus.
3614 4875 3677 4930 in

2036 4964 2335 5019 fornacem
2370 4963 2521 5035 ignis
2554 4962 2838 5034 injicitur.
2873 4963 2985 5018 Sed
3030 4962 3344 5018 incolumis
3368 4964 3504 5018 inde
3535 4980 3676 5019 eva-

2038 5053 2209 5119 dens,
2242 5053 2561 5107 Cmsaream
2592 5052 2957 5124 perducitur,
2993 5059 3357 5124 pugnaturus
3380 5069 3511 5107 cum
3546 5052 3679 5107 bes-

2039 5140 2281 5196 stiis.|bi
2313 5140 2512 5211 itaque
2545 5142 2604 5195 in
2636 5141 2901 5196 medium
2936 5140 3252 5206 theatrum,
3288 5158 3401 5211 quo
3434 5141 3525 5196 die
3557 5140 3683 5195 ludi

2039 5231 2339 5285 circenses
2361 5230 2834 5293 celebrabantur,
2869 5231 3098 5284 vinctus
3138 5229 3506 5301 producitur.
3540 5232 3687 5285 Tum

2038 5321 2203 5377 ferox
2235 5322 2606 5388 lemna,fame
2639 5323 2803 5393 prius
2836 5321 3481 5389 confecta,solvitur,ut
3509 5321 3684 5377 illum

2042 5410 2372 5466 devoraret.
2406 5411 2655 5466 Sanctus
2676 5427 2810 5465 vero
2829 5411 3034 5466 videns
3064 5411 3249 5466 feram
3281 5411 3343 5465 in
3368 5427 3428 5465 se
3460 5411 3693 5466 irruen-

2043 5505 2183 5566 tem,
2217 5516 2385 5555 orare
2418 5500 2629 5571 cmpit:
2664 5516 2981 5570 oransque,
3012 5516 3045 5554 a
3068 5499 3280 5569 leazna,
3304 5501 3419 5555 Deo
3442 5500 3690 5571 permit-

2042 5594 2226 5659 tente,
2257 5588 2591 5659 devoratus,
2617 5588 2848 5645 vivendi
2881 5588 3061 5647 ﬁnem
3101 5589 3260 5645 fecit.
