4072 6194
387 369 506 428 243

1709 360 2133 426 MENOLOGII
2180 365 2382 428 PARS
2425 366 2499 427 ll.

3678 368 3801 426 2H

388 521 500 563 nec
521 504 645 559 ulla
673 503 904 558 ratione
934 500 1008 555 ad
1040 497 1098 553 id
1126 496 1323 551 induci
1348 504 1569 567 posset.
1590 497 1878 553 ambustis
1900 513 2034 554 can-

2155 498 2337 552 σασθαι
2394 498 2485 553 τὸν
2539 497 2791 575 Χριστὸν,
2850 496 2939 553 καὶ
2997 500 3153 553 θῦσαι
3209 501 3326 561 τοῖς
3385 495 3665 565 εἰδώλοις,
3709 500 3801 554 καὶ

392 595 553 650 denti
586 593 740 646 ferro
773 589 1035 651 auribus,
1070 588 1127 641 in
1162 586 1483 639 ferventem
1543 586 1798 642 lebetem
1831 588 2030 659 injici-

389 690 517 749 tur;
552 683 653 737 sed
680 681 903 735 illaesus
935 676 1207 735 evadens.
1236 675 1465 729 inverso
1497 676 1687 744 capite
1710 693 2034 748 suspensus

391 770 739 844 depectitur.
790 769 1053 835 Cumque
1098 771 1338 819 sanctus
1395 771 1787 836 torqueretur.
1822 766 1914 821 leo
1963 781 2034 820 ex

391 862 623 918 deserto
653 859 713 911 in
747 855 1010 910 medium
1042 854 1340 908 theatrum
1374 870 1739 926 progressus,
1773 855 2035 909 humana

387 964 527 1003 voce
558 946 851 1001 Christum
900 944 1081 997 Deum
1137 944 1443 997 confessus
1490 949 1598 999 est.
1633 944 1821 1008 Quare
1853 944 2034 998 Atha-

389 1038 595 1095 nasius
652 1032 1211 1090 commentariensis
1266 1032 1481 1087 Christi
1515 1032 1692 1088 fidem
1752 1034 2033 1104 Suscepit.

388 1130 547 1183 Tunc
584 1123 815 1179 dimissi
848 1128 989 1177 sunt
1016 1139 1051 1177 a
1080 1120 1378 1193 praefecto,
1412 1127 1477 1175 ut
1508 1121 1741 1177 abirent
1770 1138 1884 1193 quo
1916 1122 2037 1176 vel-

390 1217 556 1273 lent:
592 1214 691 1286 qui
746 1213 809 1267 in
870 1216 1137 1265 montem
1186 1216 1583 1276 secesserunt,
1636 1210 1737 1265 ubi
1796 1216 2036 1265 sanctus

390 1306 657 1363 Zosimus
688 1301 1079 1358 Athanasium
1120 1301 1451 1372 baptizavit.
1486 1302 1805 1372 Postquam
1837 1306 2035 1355 autem

386 1398 449 1452 in
481 1400 683 1451 monte
741 1391 1089 1463 aliquandiu
1144 1390 1492 1445 commorati
1536 1390 1807 1457 fuissent,
1854 1390 2035 1446 altam

389 1484 737 1557 speluncam
768 1481 1112 1546 subeuntes,
1146 1480 1394 1535 Domino
1426 1479 1656 1534 animas
1689 1496 1825 1535 suas
1856 1478 2037 1534 tradi-

391 1573 628 1631 derunt.

1040 1747 1262 1803 Eodem
1295 1746 1389 1801 die

606 1840 709 1895 84
741 1838 1192 1894 Commemoratio
1220 1842 1421 1891 sanctas
1465 1835 1802 1905 Syncleticz.

463 1932 678 1986 Sancta
707 1926 1038 1998 Syncletica
1068 1925 1393 1991 nobilibus,
1450 1924 1750 1989 divitibus,
1802 1924 2036 1996 piisque

391 2018 740 2093 parentibus
771 2021 928 2073 nata.
964 2014 1036 2069 ob
1096 2014 1390 2086 insignem
1446 2013 1710 2084 corporis
1763 2012 2035 2081 formam,

394 2114 570 2179 atque
604 2123 747 2177 opes
777 2122 811 2160 a
840 2104 1045 2159 multis
1072 2104 1132 2157 in
1165 2103 1611 2157 matrimonium
1634 2101 1889 2173 expetita
1906 2102 2035 2156 fuit.

389 2200 463 2254 At
491 2197 614 2263 illa,
636 2212 766 2265 quas
795 2210 1027 2249 summo
1059 2192 1119 2246 in
1155 2193 1336 2246 Deum
1368 2191 1654 2263 flagrabat
1680 2206 1902 2257 amore,
1936 2206 2037 2244 ne-

389 2286 538 2343 mini
563 2300 788 2348 eorum,
822 2283 923 2353 qui
984 2283 1173 2352 ipsam
1223 2282 1283 2334 in
1315 2297 1559 2334 uxorem
1617 2279 2036 2351 deposcebant,

392 2391 564 2431 aures
594 2372 866 2445 praebuit,
903 2370 1005 2424 sed
1035 2369 1281 2429 mundo.
1316 2368 1675 2439 temporaria
1717 2367 2038 2439 voluptate,

393 2469 454 2520 et
480 2463 669 2536 gloria
698 2461 889 2515 valere
914 2460 1121 2529 jussis,
1142 2474 1203 2512 se
1237 2463 1420 2512 totam
1445 2457 1725 2511 virtutum
1752 2456 2038 2511 exercita-

396 2554 542 2608 tioni
572 2557 627 2606 et
651 2548 1033 2606 continentia)
1091 2547 1273 2601 dedit.
1307 2547 1451 2601 Cum
1506 2552 1704 2600 autem
1768 2544 2040 2600 diabolus

395 2642 616 2697 multos
646 2640 809 2694 illius
839 2653 1058 2707 agones
1088 2635 1350 2694 vidisset.
1387 2651 1565 2705 seque
1592 2634 1664 2689 ab
1697 2633 1903 2688 eadem
1932 2650 2039 2687 su-

394 2736 686 2803 peratum,
714 2727 983 2798 pluribus
1013 2724 1177 2779 illam
1210 2723 1656 2782 tentationibus.
1691 2738 1812 2776 non
1871 2738 2041 2777 secus

394 2837 463 2877 ac
485 2820 628 2876 olim
660 2834 939 2892 magnum
967 2815 1199 2879 Jobum,
1227 2817 1473 2869 vexavit.
1504 2814 1645 2868 Tam
1692 2812 1850 2884 gravi
1882 2812 2040 2867 enim

393 2909 793 2979 diuturnoque
820 2905 1026 2961 morbo
1058 2903 1341 2959 afﬂictata
1369 2908 1478 2967 est,
1511 2907 1579 2957 ut
1607 2907 1796 2957 totum
1828 2918 2042 2972 corpus

393 2996 795 3054 exulceratum
852 2991 1050 3057 fuerit,
1087 2996 1146 3044 et
1176 2989 1372 3044 lurida
1401 2989 1535 3044 tabe
1566 2988 1902 3056 deﬂuxerit,
1933 3004 2043 3043 nec

391 3086 708 3157 quisquam
737 3082 813 3138 ad
844 3098 973 3137 eam
1003 3079 1285 3135 accedere
1337 3078 1411 3134 ob
1464 3076 1905 3133 intolerabilem
1936 3077 2040 3133 fce-

391 3180 582 3231 torem
613 3171 891 3245 potuerit.
933 3173 1126 3240 Atque
1163 3168 1324 3223 hunc
1372 3168 1433 3222 in
1490 3166 1735 3223 modum
1795 3171 2039 3235 tentata,

392 3262 751 3336 octogesimo
799 3259 990 3315 astatis
1066 3273 1223 3312 anno
1283 3261 1549 3312 sanctam
1600 3256 1863 3311 animam
1922 3256 2039 3310 Deo

396 3351 660 3410 tradidit.

952 3526 1193 3583 EODEM
1240 3524 1491 3580 MENSE.

1037 3618 1141 3672 Die
1195 3615 1409 3685 quinta

505 3710 602 3766 85
640 3707 1087 3763 Commemoratio
1133 3704 1313 3759 sancti
1333 3703 1622 3773 prophetas
1670 3702 1934 3757 Micham.

468 3797 743 3852 Michaeas
766 3796 1053 3865 prOpheta
1081 3810 1150 3847 ex
1172 3790 1410 3864 regione
1432 3789 1647 3845 Judaece
1661 3790 1775 3845 fuit
1793 3789 1863 3844 de
1890 3787 2045 3843 tribu

398 3884 700 3956 Ephraim.
735 3884 879 3937 Cum
902 3888 1099 3936 autem
1125 3896 1319 3951 regem
1356 3878 1552 3932 Achab
1572 3878 1644 3932 ob
1669 3878 2044 3948 iniquitatem

395 3975 883 4047 impietatemque
951 3986 1117 4025 suam
1177 3968 1587 4022 vehementius
1646 3968 2045 4039 redargueret,

397 4065 471 4124 ad
494 4061 863 4119 iracundiam
888 4060 1477 4130 indignationemque
1501 4057 1668 4111 illum
1694 4056 2044 4121 concitavit;

398 4171 521 4211 non
554 4160 753 4208 tamen
787 4151 860 4206 ob
893 4167 961 4205 eo
989 4148 1338 4203 interfectus
1394 4146 1524 4213 fuit,
1558 4145 1715 4218 quod
1748 4162 1850 4201 rex
1874 4145 2045 4215 judi-

402 4246 561 4301 cium
592 4242 832 4303 veritus.
865 4240 1140 4294 virtutem
1193 4237 1497 4309 prephetaa
1538 4236 1885 4307 suspiceret.
1936 4234 2047 4290 Sed

400 4339 636 4392 mortuo
669 4330 893 4397 Achab,
937 4345 1075 4383 cum
1109 4328 1305 4382 Joram
1338 4327 1468 4395 ejus
1498 4326 1657 4381 filius
1689 4341 1868 4397 regno
1895 4324 2046 4396 poti-

399 4430 517 4491 tus,
550 4423 753 4494 inique
785 4435 956 4489 agere
980 4417 1273 4489 caspisset.
1300 4415 1371 4471 ab
1401 4414 1610 4469 eodem
1639 4414 1927 4486 propheta
1956 4413 2047 4467 ob-

393 4514 667 4585 jurgatus
697 4516 823 4564 est:
853 4508 975 4579 qui,
1003 4513 1206 4577 utpote
1253 4504 1515 4575 juvenis,
1550 4503 2047 4575 reprehensiones

2068 1854 2116 1919 B

2145 587 2221 658 μή
2280 586 2542 654 πεισθεὶς,
2606 589 2740 660 μετὰ
2796 585 3036 659 σιδηρῶν
3095 588 3508 662 πεπυρωμένων
3559 588 3627 642 τὰ
3667 588 3806 643 ὠτία

2140 678 2398 747 κατεκάη.
2459 680 2596 733 Εἶτα
2671 678 2751 742 εἴς
2821 672 3029 749 λέϐητα
3084 676 3440 753 καχλάζοντα
3503 673 3806 748 ἐνεϐλήθη.

2143 765 2244 820 Καὲ
2299 763 2469 837 μηδὲν
2530 763 2831 836 ἀδικηθείς,
2890 767 3197 840 ἐκρεμάσθη
3250 768 3387 821 κατὰ
3417 764 3682 843 κεφαλῆς,
3708 762 3810 822 καὶ

2138 852 2333 923 ἐξέετο.
2367 858 2799 929 Τιμωρουμένου
2849 853 2906 911 δὲ
2962 860 3058 910 τοῦ
3112 856 3286 929 ἁγίου,
3342 856 3481 924 ἦλθε
3521 854 3661 910 λέων
3692 856 3805 910 ἀπὸ

2140 950 2241 1012 τῆς
2302 944 2513 1017 ἐρήμου
2573 944 2650 1007 είς
2701 946 2765 1000 τὸ
2821 948 3064 1021 θέατρονο
3124 946 3214 1000 καὶ
3263 944 3529 1015 ἐλάλησεν
3588 946 3810 1019 ἀνθρω-

2144 1032 2271 1107 πίνῃ
2333 1036 2508 1111 φωνῇ,
2566 1032 2923 1110 ὁμολογήσας
2999 1034 3128 1089 Θεὸν
3210 1036 3303 1090 τὸν
3380 1033 3634 1109 Χριστόν.
3694 1033 3809 1091 Καὶ

2146 1116 2324 1177 ἔπεισε
2423 1122 2665 1199 γενέσθαι
2766 1125 2858 1179 τὸν
2957 1126 3387 1199 κομενταρήσιον
3481 1124 3810 1187 Ἀθανάσιον

2145 1213 2409 1287 Χρισρόν.
2496 1214 2630 1270 Τότε
2706 1212 3055 1284 ἀπελύθησαν
3140 1212 3286 1290 παρὰ
3357 1217 3456 1268 τοῦ
3516 1214 3806 1287 ἄργοντος,

2142 1304 2239 1356 τοῦ
2288 1298 2609 1377 διατρίϐειν,
2663 1301 2802 1358 ὅπου
2862 1302 3175 1377 βούλονται.
3225 1300 3502 1372 Ἀπῆλθον
3534 1299 3592 1357 δὲ
3634 1301 3803 1375 ἐντῷ

2146 1386 2280 1467 ὅρει.
2340 1390 2447 1447 Καὶ
2506 1386 2787 1447 ἐϐάπτισεν
2846 1393 2874 1447 6
2931 1392 3088 1467 ἅγιος
3146 1392 3396 1465 Ζώσιμος
3449 1392 3540 1446 τὸν
3574 1391 3807 1449 ’Δθανάο

2146 1500 2286 1536 σιον.
2320 1479 2418 1534 Καὶ
2453 1481 2646 1556 μικρὸν
2681 1477 3056 1557 διατρίψαντες
3089 1479 3140 1535 ἐν
3172 1481 3251 1553 τῷ
3292 1478 3430 1554 ὸρει,
3462 1482 3579 1535 εἶτα
3613 1481 3808 1535 ὑπεισ-

2146 1568 2394 1631 ελθόντες
2453 1567 2530 1632 είς
2609 1571 2807 1645 πέτραν
2900 1570 3141 1647 βαθεῖαν,
3196 1568 3288 1625 καὶ
3339 1569 3803 1646 προσευχόμενοι,

2146 1659 2467 1734 παρέδωκαν
2496 1659 2593 1722 τὰς
2624 1659 2829 1715 ἑαυτῶν
2861 1661 3043 1735 ψυχὰς
3071 1664 3149 1732 τῷ
3180 1659 3387 1735 Κυρίῳ.

2713 1751 2796 1822 Τῇ
2845 1748 2983 1823 αὖτῇ
3025 1750 3229 1825 ἡμέρᾳ.

2467 1838 2677 1908 Μνήμη
2726 1844 2829 1906 τῆς
2880 1836 3034 1901 ὁσίας
3077 1835 3479 1913 Συγκλητικῆς.

2214 1930 2272 1979 ’Π
2308 1924 2431 1999 ἁγία
2476 1925 2832 2000 Συγκλητική
2894 1926 3138 2001 ὑπῆρχεν
3200 1926 3427 2001 εὐγενὴς
3480 1927 3572 1981 καὶ
3628 1924 3815 1982 πλου-

2144 2013 2252 2084 σία,
2286 2015 2526 2089 θυγάτηρ
2568 2015 2769 2089 γονέων
2829 2010 3104 2085 εὐλαϐῶν,
3159 2015 3249 2069 καὶ
3309 2010 3568 2074 εὐσεϐῶν.
3600 2016 3806 2090 Ύπάρ-

2143 2123 2319 2179 χουσα
2378 2101 2437 2158 δὲ
2494 2100 2792 2181 εὔμορφος,
2852 2103 3165 2173 ἐπεζητεῖτο
3220 2101 3357 2177 πρὸς
3414 2109 3596 2179 γάμον
3662 2104 3814 2179 παρὰ

2144 2191 2394 2260 πολλῶν,
2428 2192 2490 2248 οὐ
2540 2194 2704 2266 μόνον
2762 2191 2820 2248 δὲ
2872 2191 2960 2248 διὰ
3010 2194 3074 2249 τὸ
3133 2195 3271 2248 εἴναι
3325 2190 3623 2271 εὔμορφος,
3657 2193 3809 2248 ἀλλὰ

2144 2282 2233 2336 καὶ
2293 2279 2383 2337 διὰ
2436 2283 2499 2337 τὸ
2552 2285 2687 2337 εἷναι
2746 2280 3002 2341 πλουσία.
3062 2283 3127 2339 Ἡ
3186 2280 3244 2337 δὲ
3300 2284 3422 2359 ἁγία
3471 2281 3673 2358 ἔχουσα
3712 2284 3807 2337 τὸν

2145 2371 2281 2444 πρὸς
2310 2372 2403 2425 τὸν
2433 2370 2560 2427 Θεὸν
2618 2371 2790 2435 πόθον
2850 2370 3046 2441 πολὺν,
3105 2371 3255 2433 τινὸς
3305 2378 3414 2427 τῶν
3460 2373 3595 2446 πρὸς
3626 2370 3807 2446 γάμον

2144 2459 2315 2527 αὐτην
2384 2458 2785 2530 ἐπιζητούντων
2845 2460 2945 2515 οὐκ
3000 2457 3220 2530 ἤκουεν
3282 2460 3411 2517 ἄλλ’
3484 2462 3660 2538 ἀφῆκε
3713 2462 3810 2516 τὸν

2144 2549 2376 2620 κόσμον,
2406 2547 2497 2603 καὶ
2553 2550 2651 2617 τήν
2706 2550 3038 2623 πρόσκαιρον
3096 2547 3305 2619 ἡδονὴν
3346 2552 3438 2605 καὶ
3478 2551 3579 2619 τὴν
3619 2546 3800 2619 δόξαν·

2144 2638 2232 2692 καὶ
2290 2634 2557 2692 ἐπέδωκεν
2618 2638 2811 2707 ἑαυτὴν
2872 2639 3007 2712 πρὸς
3068 2636 3295 2708 ἄσκησιν
3358 2640 3556 2713 ἀρετῆς
3589 2638 3677 2695 καὶ
3717 2637 3810 2712 ἐγ-

2144 2726 2418 2801 κράτειαν.
2453 2723 2606 2783 Ἰδὼν
2662 2724 2720 2782 δὶ
2751 2727 2778 2782 ὁ
2811 2721 3076 2791 διάϐολος
3127 2727 3256 2789 τοὺς
3307 2725 3556 2790 πολλοὺς
3591 2729 3808 2802 ἀγῶνας

2147 2813 2339 2883 αὐτῆς,
2392 2813 2482 2869 καὶ
2540 2814 2622 2869 ὅτι
2674 2813 2898 2886 ἐνικήθη
2955 2817 3043 2870 ὑπ’
3097 2815 3285 2886 αὐτῆς,
3345 2815 3612 2890 ἐπήγαγεν
3666 2815 3808 2890 αὑτῇ

2146 2900 2396 2966 πολλοὺς
2435 2902 2794 2979 πειρασμοὺς,
2844 2903 2919 2967 ὠς
2977 2904 3066 2959 καὶ
3121 2909 3203 2977 τῷ
3261 2902 3486 2980 μεγάλῳ
3518 2899 3669 2962 Ἰώό.
3701 2910 3811 2958 Το-

2147 2995 2338 3047 σοῦτον
2392 2992 2495 3068 γὰρ
2568 2991 2671 3048 ὑπὸ
2753 2991 3060 3069 ἀρῥωστίας
3140 2995 3492 3063 κατεπονήθη
3552 2991 3810 3069 χρονίας,

2149 3076 2289 3137 ὥστε
2319 3080 2449 3137 ὅλον
2501 3081 2565 3137 τὸ
2624 3084 2785 3155 σῶμα
2839 3080 3221 3157 πληγωθῆναι,
3268 3081 3359 3137 καὶ
3403 3077 3809 3154 διαϐρωθῆναι,

2152 3171 2241 3225 καὶ
2299 3171 2375 3243 μή
2430 3167 2685 3225 δύνασθαι
2760 3171 2901 3245 αὐτῇ
2976 3172 3335 3246 προσεγγίσαι
3389 3170 3512 3226 τινὰ
3569 3167 3659 3226 διὰ
3705 3172 3806 3240 την

2155 3256 2475 3333 δυσοσμίαν.
2562 3260 2665 3315 Καὶ
2747 3259 2920 3321 οὕτως
3002 3262 3392 3336 πειραζομένη,
3471 3257 3813 3334 ὁγδοήκοντα

2152 3347 2287 3403 ὶτῶν
2334 3347 2677 3424 ὑπάρχουσα,
2729 3348 2830 3417 τήν
2886 3348 3041 3424 ἁγίαν
3101 3349 3271 3419 αὑτῆς
3309 3350 3495 3425 ψυχὴν
3528 3347 3811 3423 παρέδωκε

2150 3440 2230 3509 τῷ
2259 3440 2398 3509 Θεῷ.

2694 3527 2881 3584 MHNI
2919 3529 3013 3606 T9
3050 3531 3248 3607 Arrg.

2399 3698 2520 3766 Μνή
2533 3716 2607 3769 μη
2639 3699 2736 3751 τοῦ
2779 3694 2933 3772 ἁγίου
2972 3698 3258 3774 προφήτου
3288 3697 3554 3773 Μιχαίου.

2223 3785 2468 3861 Μιχαίας
2518 3786 2547 3841 6
2604 3787 2895 3863 προφήτης
2949 3784 3164 3861 ἐγένετο
3223 3787 3283 3841 ἐκ
3334 3793 3435 3855 τῆς
3484 3788 3671 3863 χώρας
3700 3792 3812 3843 τῶν

2154 3872 2432 3932 Ἰουδαίων
2493 3872 2553 3929 ἐκ
2607 3878 2708 3939 τῆς
2767 3873 2945 3950 φυλῆς
3005 3872 3263 3952 Ἐφραίμ.
3325 3875 3605 3951 Ἐλέγχων
3632 3874 3688 3931 δὲ
3716 3878 3813 3932 τὸν

2158 3964 2386 4039 βασιΛέα
2443 3957 2675 4037 Ἀχαά6,
2734 3960 2823 4017 διὰ
2875 3963 2972 4027 τὰς
3027 3961 3257 4033 ἀδικίας,
3313 3964 3403 4019 καὶ
3442 3966 3537 4027 τὰς
3568 3967 3809 4040 παρανό-

2160 4072 2293 4125 μους
2353 4051 2517 4105 αὐτοῦ
2573 4050 2815 4124 πράξεις,
2874 4050 3036 4106 ἐκίνει
3088 4051 3247 4107 αὐτον
3282 4052 3358 4114 είς
3390 4052 3562 4128 ὀργὴν
3592 4055 3682 4108 καὶ
3714 4066 3813 4118 θυ-

2160 4141 2283 4214 μόν.
2338 4141 2531 4213 ’Όμως
2586 4141 2613 4194 6
2675 4138 2929 4214 βασιλεὺς
2989 4138 3077 4195 διὰ
3129 4143 3227 4211 τήν
3291 4143 3485 4215 ἀρετὴν
3538 4148 3636 4198 τοῦ
3676 4164 3815 4219 προσ

2156 4232 2352 4308 φήτου,
2414 4230 2513 4285 οὐκ
2571 4229 2849 4306 ἐφόνευσεν
2910 4231 3091 4290 αὐτόν.
3150 4231 3326 4289 Ἀλλᾶ
3383 4237 3659 4309 συνετήρει
3716 4256 3817 4311 φο-

2157 4315 2425 4393 ϐοόμενος
2482 4319 2547 4374 τὸ
2595 4324 2789 4393 κρῖμα,
2843 4321 2933 4374 καὶ
2993 4315 3206 4376 ἐσέϐετο
3264 4322 3419 4377 αὐτὸν
3482 4325 3557 4387 ὡς
3607 4321 3819 4394 ἄνθρω-

2157 4430 2256 4464 πον
2312 4412 2409 4463 τοῦ
2463 4412 2621 4463 Θεοῦ.
2680 4410 2809 4462 Ὅτε
2865 4406 2923 4463 δὶ
2975 4408 3134 4470 αὐτὸς
3197 4411 3293 4482 μὲν
3349 4409 3689 4482 ἐτελεύτησε,
3717 4419 3819 4481 τῆς

2160 4495 2217 4553 δὲ
2254 4495 2531 4573 βασιλείας
2582 4495 2845 4569 ἐκράτησε
2899 4498 3109 4570 Ἰωράμ
3164 4499 3192 4553 6
3250 4500 3368 4561 υἱὸς
3428 4498 3616 4570 αὑτοῦ,
3656 4500 3823 4574 ἀρξά-

402 4574 665 4657 biichmm
700 4613 852 4669 aegre
892 4598 1109 4658 ferens,
1168 4594 1366 4648 furore
1426 4594 1708 4664 percitus,
1769 4590 2041 4663 pra-cepit

2164 4606 2323 4659 μενος
2383 4591 2558 4641 ποιεῖν
2620 4586 2911 4658 παράνομα
2973 4583 3180 4647 πολλὰ,
3240 4586 3495 4663 ἠλέγχθη
3548 4588 3694 4660 παρὰ
3719 4592 3820 4643 τοῖ’)

402 4686 733 4750 lictoribus,
784 4690 851 4739 ut
907 4683 1204 4738 sublatum
1239 4698 1374 4735 eum
1422 4680 1493 4735 de
1551 4686 1848 4753 praerupta
1904 4692 2052 4749 rupe

404 4775 773 4851 praecipitem
794 4773 1139 4843 dejicerent.
1161 4771 1284 4836 Quo
1317 4770 1491 4836 facto,
1518 4768 1888 4824 admirabilis
1918 4784 2053 4839 pro-

406 4868 588 4941 pheta
622 4864 801 4921 tinem
856 4861 1165 4933 praesentis
1216 4860 1351 4913 vita:
1401 4858 1721 4929 accipiens,
1780 4857 2053 4928 spiritum

407 4958 527 5013 Deo
556 4952 816 5009 tradidit.
845 4951 985 5021 Ejus
1015 4947 1298 5018 reliquias
1316 4946 1632 5018 propinqui
1655 4946 2054 5011 obvolventes,

408 5048 473 5103 in
505 5051 663 5101 terra
691 5042 880 5114 ipsius
911 5038 1295 5111 sepelierunt,
1341 5036 1661 5107 separatim
1716 5035 1957 5107 quidem
1983 5034 2055 5089 ab

409 5135 563 5201 aliis,
597 5130 702 5187 sed
724 5131 898 5201 juxta
926 5141 1241 5183 commune
1274 5123 1641 5195 sepulcrum.

2160 4676 2445 4752 προφήτου
2504 4674 2594 4728 καὶ
2653 4674 2837 4736 αὐτός·
2898 4674 2986 4729 καὶ
3047 4673 3124 4738 ὠς
3177 4676 3323 4739 νέος,
3390 4678 3466 4750 μή
3524 4675 3822 4750 ὑπομείνας

2160 4765 2251 4820 τὸν
2302 4769 2398 4819 τοῦ
2447 4765 2732 4841 προφήτου
2771 4760 3025 4838 ἔλεγχον,
3074 4764 3151 4825 εἷς
3192 4763 3359 4840 ὀργὴν
3410 4764 3683 4843 ἀφόρητον
3707 4765 3817 4821 ἐκι-

2162 4854 2328 4925 νήθη.
2361 4854 2461 4911 Καὶ
2508 4852 2827 4928 προσέταξεν
2877 4851 3075 4915 εὐθέως
3132 4858 3247 4915 τοῖς
3306 4850 3531 4928 δημίοις
3563 4856 3686 4930 ἆραι
3720 4854 3819 4910 a6-

2161 4944 2253 4999 τὸν
2299 4944 2389 4999 καὶ
2434 4942 2586 5018 ῥῖψαι
2628 4942 2764 4997 κατᾶ
2808 4945 2905 4997 τοῦ
2948 4946 3220 5017 κρημνοῦ.
3274 4944 3377 5002 Καὶ
3424 4943 3622 5000 τούτου
3663 4966 3820 5019 γενο-

2170 5030 2355 5105 μένου,
2408 5032 2469 5087 τὸ
2520 5029 2679 5092 τέλος
2732 5036 2834 5099 τῆς
2890 5030 3171 5102 παρούσης
3231 5037 3377 5102 ζωῆς
3435 5036 3463 5088 6
3514 5034 3822 5107 θαυμαστὸς

2168 5122 2458 5197 προφήτης
2524 5116 2760 5189 ἐδέξατο,
2816 5116 3093 5193 παραδοὺς
3149 5120 3212 5175 τὸ
3268 5125 3476 5194 πνεῦμα
3527 5121 3691 5178 αὑτοῦ
3741 5128 3823 5196 τῷ

411 5225 550 5293 Θεῷ.
574 5219 652 5276 Τὸ
683 5214 741 5272 δὶ
766 5215 1018 5289 λείψανον
1078 5211 1242 5267 αὐτοῦ
1300 5208 1734 5283 περιστείλαντες
1791 5208 1843 5263 οἱ
1896 5213 2167 5284 συγγενεῖς
2228 5209 2415 5276 αὑτοῦ,
2465 5206 2664 5281 ἔθαψαν
2715 5205 2768 5262 ἐν
2813 5210 2882 5281 τῇ
2911 5210 2985 5283 γῇ
3017 5208 3183 5264 αὑτοῦ
3217 5208 3407 5282 μόνον,
3441 5209 3699 5286 σύνεγγυς
3728 5215 3828 5268 τοῦ

412 5313 596 5367 κοινοῦ
624 5307 819 5379 τάφου.

967 5401 1211 5461 EODEM
1243 5400 1473 5457 MENSE
1487 5439 1499 5457 .

1093 5490 1195 5545 Die
1224 5494 1389 5545 sexta

582 5586 683 5644 80
717 5586 1023 5656 Baptismus
1056 5580 1273 5635 Domini
1300 5578 1477 5633 nostri
1504 5578 1631 5633 Jesu
1664 5575 1888 5632 Christi.

487 5677 632 5733 Cum
682 5674 968 5732 Dominus
1014 5687 1083 5727 ac
1136 5669 1289 5724 Deus
1340 5672 1545 5723 noster
1588 5665 1768 5722 vellet
1822 5681 2061 5722 omnem

2719 5396 2902 5454 MHNI
2938 5400 3029 5555 1;?
3066 5397 3272 5478 Arro-

2274 5576 2336 5632 ἸΙ
2370 5577 2628 5637 Βάπτισις
2656 5571 2752 5630 τοῦ
2802 5527 3023 5650 Κυρίοῖι.
3044 5574 3207 5647 ἡμῶν
3242 5575 3424 5645 Ἰησοῦ
3452 5576 3715 5651 Χριστοῦ.

2243 5662 2590 5736 Βουλόμενος
2637 5664 2665 5718 6
2724 5662 2919 5736 Κύριος
2977 5664 3139 5734 ἡμῶν
3197 5661 3287 5718 καὶ
3348 5663 3479 5722 Θεὸς
3526 5663 3823 5740 πληρῶσαι
