4072 6194
368 312 492 372 245

370 448 550 496 πᾶσαν
616 440 939 505 δικαισύνην
973 488 989 513 ,

372 530 565 603 ἔθιμα,
602 532 691 585 καῖ
725 532 856 592 τους
884 532 1110 597 τόπους,
1172 530 1258 585 ἴνα
1316 534 1479 604 μῆτις
1538 531 1591 602 ἐξ
1648 531 1828 586 αὐτῶν
1887 528 2045 602 λέγῃ,

374 622 459 676 δτι
493 621 757 683 ἀντίθεός
790 620 924 688 ἐστι,
957 621 1045 674 καῖ
1072 625 1171 675 τοῦ
1218 622 1516 698 γραφέντος
1577 620 1718 693 παρά
1746 622 1841 673 τοῦ
1871 637 2047 689 νομο-

376 712 536 765 θὲτου
570 711 842 771 Μουσέως
896 710 960 763 τά
1022 709 1230 763 ἐναντία
1285 716 1491 785 φρονεῖ,
1552 706 1683 764 ἱόὼν
1740 707 2043 769 τοῦςἸου-

381 797 571 860 δαίους
633 799 973 872 ἐρχομένους
1030 800 1166 871 πρὸς
1228 801 1482 868 Ἰωάννην
1540 799 1633 852 τὸν
1689 797 2043 863 Βαπτιστὴν,

370 891 461 943 καῖ
494 890 942 962 βαπτιζομένους
992 888 1068 949 εἷς
1123 888 1214 942 τὸν
1251 886 1528 962 Ἰορδάνην
1571 889 1839 960 ποταμὸν,
1875 905 2046 958 προσ-

371 978 733 1052 έρχεταικαὶ
788 977 946 1038 αὐτὸς
1004 982 1081 1047 τῷ
1140 978 1382 1051 Ἰωάννῃ,
1446 976 1641 1052 λέγων·
1703 973 1883 1044 Ἐλθὲ,
1947 972 2045 1049 βά-

370 1069 573 1122 πτισόν
641 1088 734 1138 με,
780 1067 909 1141 οῦχὶ
965 1066 1040 1127 ὠς
1099 1064 1355 1137 δεόμενον
1412 1068 1744 1141 καθάρσεως,
1798 1062 1925 1119 ἀλλ’
1968 1064 2042 1125 ὡς

370 1162 617 1229 καθᾶραι
672 1153 904 1209 θέλοντα
959 1159 1055 1209 τοῦ
1112 1154 1323 1227 κόσμου
1373 1156 1471 1223 τήν
1531 1153 1822 1227 ἁμαρτίαν.
1878 1153 1939 1208 Ὀ
1982 1150 2040 1207 δὲ

369 1245 649 1313 Ἰωάννης
711 1245 996 1317 γινώσκων
1058 1244 1238 1311 αὐτὸν,
1298 1244 1374 1306 ὠς
1431 1245 1743 1318 προφήτης,
1799 1240 1890 1297 διά
1945 1245 2043 1295 τοῦ

368 1334 540 1407 ἁγίου
573 1332 918 1405 Πνεῦματος,
949 1331 1032 1387 ὅτι
1065 1331 1188 1396 Υἳός
1217 1330 1328 1387 ἐστι
1364 1337 1463 1387 τοῦ
1493 1336 1651 1402 Θεοῦ,
1701 1331 1802 1386 οῦκ
1836 1329 2044 1404 ἐτόλμα

374 1422 647 1498 βαπτίσαι
677 1422 861 1478 αὐτὸν.
892 1423 1023 1480 Ὀτε
1069 1419 1127 1477 δὲ
1183 1419 1320 1477 εἶδεν
1379 1422 1542 1478 αὐτὸν
1600 1420 2042 1497 ἰσχυριζόμενον,

376 1511 473 1567 καί
532 1513 945 1586 προστάσσοντα
999 1512 1165 1584 αῦτῷ,
1223 1507 1479 1567 ὶϐύπτισε
1532 1513 1667 1584 μετὰ
1726 1506 1899 1588 φόϐου
1950 1510 2043 1565 καὶ

378 1603 653 1676 τρόμου.
710 1601 812 1659 Καὶ
861 1601 1062 1663 εῦθὲως
1115 1602 1468 1676 ἀνεῴχθησαν
1529 1602 1581 1655 οἳ
1641 1600 1891 1675 οὐρανοίο
1952 1600 2042 1655 καὶ

376 1692 526 1762 ἦλθε
549 1694 710 1771 φωνή
752 1692 813 1748 ἐκ
864 1696 972 1748 τῶν
1030 1692 1272 1767 οὐρανῶν
1323 1691 1571 1768 λέγουσα*
1632 1691 1806 1753 Οὗτός
1837 1692 1978 1747 ἐστιν
2014 1693 2043 1747 6

376 1784 509 1846 Υἱός
543 1804 676 1856 μου,
702 1784 730 1838 6
760 1783 1059 1858 ἀγαπητὸς,
1092 1781 1147 1837 ἐν
1177 1784 1223 1855 ᾦ
1255 1780 1544 1851 εὐδόκησα.

950 1901 1125 1953 MHNI
1166 1899 1255 1975 T9
1295 1901 1489 1975 A179.

360 2137 432 2191 Ἢ
487 2136 709 2205 σ·3ναξις
764 2139 863 2190 τοῦ
922 2132 1107 2205 Ἀγίου
1164 2129 1533 2211 και-ἐνδόξου
1591 2134 1901 2211 προφήτου,
1950 2133 2041 2186 καὶ

908 2208 1210 2259 Βαπτιστοῦ
1250 2205 1522 2261 Ἰωάννου.

455 2323 634 2383 Οὗτος
666 2323 695 2377 6
743 2321 900 2395 ἅγιος
961 2319 1217 2389 Ἰωάννης
1250 2320 1277 2375 6
1312 2318 1634 2396 Πρόδρομος
1692 2322 1781 2375 καὶ
1842 2328 2038 2376 Βαπτι-

376 2413 516 2479 στῆς
566 2414 670 2464 τοῦ
727 2411 985 2484 Χριστοῦ,
1056 2410 1223 2483 μέγας
1279 2409 1483 2483 ἐγένετο
1544 2408 1594 2464 ἓν
1649 2415 1763 2473 τοῖς
1822 2411 2036 2488 προφή-

373 2520 527 2565 ταις,
565 2500 640 2561 ὡς
671 2500 760 2553 καὶ
817 2497 978 2553 αὐτὸν
1014 2499 1105 2552 τὸν
1138 2499 1368 2569 Χριστὸν
1427 2498 1620 2566 εἰπεῖν,
1680 2501 1762 2554 ὅτι
1822 2500 2035 2569 Μείζων

374 2590 646 2646 Ἰωάννου
731 2592 828 2642 τοῦ
911 2591 1216 2644 Βαπτιστοῦ
1302 2587 1355 2642 ἰν
1431 2594 1715 2664 γεννητοῖς
1768 2594 2035 2662 γυναικῶν

376 2677 480 2733 οῦκ
513 2679 828 2751 ἐγήγερται.
890 2676 1102 2746 Μεέζων
1160 2674 1217 2731 δὲ
1259 2676 1467 2749 ἐκλήθη
1528 2681 1761 2744 πάντων,
1816 2676 1955 2733 διότι
1985 2680 2037 2733 οἱ

377 2765 478 2837 μὲν
515 2763 685 2818 ἄλλοι
716 2771 994 2841 προφῆται
1032 2766 1403 2841 προεφήτευον
1440 2766 1535 2837 μὲν
1561 2765 1683 2839 περὶ
1713 2770 1810 2820 τοῦ
1861 2768 2035 2829 Χρισ-

368 2858 495 2919 τοῦ,
533 2853 635 2908 οὐκ
664 2850 806 2907 εἶδον
841 2851 898 2908 δὲ
954 2852 1133 2907 αὐτόν·
1196 2853 1355 2917 αὐτὸς
1386 2851 1443 2909 δὲ
1491 2856 1747 2923 Ἰωάννης
1779 2855 1867 2910 καὶ
1900 2853 2035 2910 εἶδεν

370 2943 545 2998 αότὸν
582 2987 597 3010 ,
659 2943 746 2996 καὶ
805 2945 1180 3019 προεφήτευσε
1237 2942 1361 3015 περέ
1423 2944 1618 3012 αὐτοῦ,
1676 2943 1842 2998 εἰπὼν
1902 2944 2039 3019 πρὸς

368 3030 506 3092 τοῦς
568 3028 863 3093 Ἰουδαίους
897 3050 912 3062 ’
970 3027 1075 3087 Ἰδέ
1132 3032 1159 3084 6
1208 3031 1381 3103 ἀμνός
1435 3035 1532 3086 τοῦ
1598 3037 1733 3087 Θεοῦ
1782 3033 1809 3087 6
1868 3030 2033 3105 α’ίρων

368 3123 475 3189 τήν
542 3120 809 3191 ἁμαρτίαν
886 3124 984 3175 τοῦ
1032 3120 1245 3192 κόσμου
1280 3165 1293 3178 .
1349 3121 1406 3174 Ὀ
1467 3120 1562 3193 μὲν
1621 3120 1723 3195 γάρ
1784 3120 1955 3193 ἀμνὸς
2004 3123 2032 3177 6

375 3205 724 3283 σφαζόμενος
755 3209 855 3263 ῦπό
884 3213 993 3262 τῶν
1053 3206 1349 3279 Ἰουδαίων,
1407 3208 1596 3285 ὀλίγου
1655 3208 1790 3264 λαοῦ
1822 3210 2034 3281 ἐξήλει-

378 3319 476 3375 ῳεν
512 3297 792 3370 ἁμαρτίαν·
856 3294 1015 3359 οὗτος
1074 3296 1131 3351 δὲ
1184 3297 1438 3375 σφαγεὶς,
1480 3302 1579 3353 τοῦ
1634 3300 1845 3372 κόσμου
1904 3299 2039 3354 ὅλου

376 3388 483 3454 τήν
520 3387 787 3458 ἁμαρτίαν
836 3385 1109 3459 ἐξήλειψε.
1170 3388 1268 3441 Διά
1325 3391 1491 3442 ταῦτα
1540 3392 1754 3462 τιμῶσα
1809 3390 1900 3444 τὸν
1932 3392 2036 3448 Βα-

379 3478 621 3543 πτιστήν
648 3476 684 3543 ἡ
717 3474 1016 3545 Ἐκκλησία
1044 3480 1141 3530 τοῦ
1186 3480 1342 3547 Θεοῦ,
1395 3475 1634 3533 ἱπιτελεῖ
1687 3479 1824 3533 κατὰ
1850 3481 2037 3556 καιρὸν

380 3564 584 3636 ἑορτὴν
617 3605 634 3632 ,
685 3563 773 3617 καὶ
858 3562 1115 3637 ὀνομάζει
1185 3564 1351 3636 αῦτήν
1411 3565 1660 3640 Σόναξινο
1720 3565 1859 3623 διότι
1916 3591 2038 3624 συν-

375 3654 567 3726 άγεται
600 3654 629 3707 6
660 3653 793 3717 λαὸς
822 3652 876 3708 ὲν
931 3653 1069 3727 αὐτῇ
1131 3652 1441 3731 δοξολογῶν
1498 3656 1589 3711 τὸν
1641 3658 1793 3725 Θεὸν,
1824 3657 1913 3714 καὶ
1944 3660 2036 3713 τὸν

374 3740 548 3797 αὐτοῦ
582 3740 931 3819 Πρόδρόμον.

948 3859 1128 3916 ΜΗΝῙ
1177 3864 1263 3916 ΤΩ
1292 3861 1470 3918 ΑΥΤΩ

1104 3977 1250 4031 .H.

362 4086 650 4156 ’Δθλησις
730 4093 838 4144 τῶν
924 4086 1162 4171 ᾲγίωνῃ
1207 4089 1494 4171 μαρτύρων
1596 4092 1865 4171 Θεοφίλου
1943 4096 2034 4149 καὶ

935 4158 1231 4219 Ἑλλαδίου
1262 4158 1479 4219 λαϊκοῦ.

445 4274 609 4329 Οὗτοι
643 4276 699 4329 οἱ
741 4274 886 4351 ἅγιοι
935 4275 1202 4355 Θεόφιλος
1257 4279 1343 4332 καὶ
1404 4277 1715 4348 Ἐλλάδιος,
1786 4280 2032 4354 ἐγένοντο

368 4363 483 4416 ἀπὸ
535 4366 635 4431 τῆς
693 4365 884 4439 χώρας
937 4370 1037 4430 τῆς
1099 4361 1306 4438 Λιϐὂης
1345 4388 1356 4400 ·
1407 4368 1497 4422 καὶ
1531 4370 1558 4422 ὁ
1621 4369 1715 4441 μὶν
1766 4368 2029 4447 Θεόφιλος

366 4450 627 4514 διάκονος
669 4452 759 4521 ἦν,
805 4456 833 4509 6
893 4452 951 4509 δὲ
1007 4453 1301 4517 Ἐλλάδιος
1361 4454 1572 4519 λαϊκός·
1632 4459 1721 4513 καὶ
1779 4459 1873 4514 τὸν
1928 4461 2022 4532 μὲν

1862 306 2341 370 JANUAHIUS.

1075 444 1164 496 καί
1222 445 1396 497 πάντα
1468 443 1537 497 τὰ
1599 446 1710 497 τῶν
1767 437 2034 499 Ἰουδαίων

2155 440 2470 511 justitiam,
2505 459 2833 515 omnesque
2853 446 3187 503 Judaaorum
3218 449 3683 506 consuetudines
3714 459 3803 507 at-

2074 1807 2122 1873 B

3691 320 3809 378 246

2155 546 2269 601 que
2304 531 2519 602 ﬁguras
2552 534 2822 604 implere,
2856 552 2929 589 ne
2962 537 3094 606 quis
3126 554 3330 592 eorum
3363 540 3587 595 diceret
3633 541 3802 597 illum

2154 620 2270 672 Deo
2303 622 2669 676 contrarium
2719 640 2868 687 esse,
2931 630 3031 678 aut
3088 624 3336 697 legibus,
3371 645 3517 698 quas
3576 631 3801 699 Moyses

2154 706 2388 771 tulerat,
2442 708 2796 764 dissentire:
2852 728 3107 781 cumque
3167 714 3409 767 vidisset
3463 716 3697 771 Jurlmos
3728 717 3799 771 ad

2151 796 2439 851 Joannem
2499 799 2819 869 Baptistam
2868 801 3169 865 accedere,
3202 809 3378 871 atque
3437 804 3496 856 in
3548 806 3799 861 Jordane

2151 882 2328 938 ﬂuvio
2350 885 2422 939 ab
2447 903 2515 940 eo
2534 887 2811 957 baptizari
2842 906 2854 954 ;
2882 891 3126 944 accessit
3150 900 3206 943 et
3237 891 3363 960 ipse
3385 892 3457 945 ad
3487 893 3798 959 Joannem,

2150 971 2563 1029 dicens:Veni
2632 975 2860 1045 baptiza
2894 993 3022 1031 me:
3079 994 3198 1031 non
3231 978 3388 1048 quod
3448 979 3798 1034 lustratione

2151 1061 2274 1116 ulla
2305 1062 2615 1135 indigeret,
2660 1065 2763 1119 sed
2796 1071 2861 1118 ut
2893 1066 3097 1120 mundi
3156 1074 3460 1137 peccatum
3509 1068 3796 1123 ablueret.

2148 1152 2405 1206 Joannes
2437 1168 2575 1207 vero
2607 1154 2707 1224 qui
2741 1154 2937 1209 divino
2968 1156 3204 1210 afﬂatus
3235 1156 3666 1227 Spirituipsum
3694 1174 3800 1211 no-

2148 1248 2311 1295 verat
2339 1242 2554 1297 Filium
2592 1244 2687 1297 Dei
2712 1260 2863 1309 esse,
2887 1262 3005 1300 non
3040 1246 3450 1300 audebateum
3484 1246 3798 1316 baptizare.

2151 1331 2368 1386 Verum
2399 1332 2470 1387 ab
2516 1332 2725 1389 eodem
2783 1334 3173 1405 confortatus,
3231 1337 3481 1408 ejusque
3545 1338 3799 1407 imperio

2150 1419 2509 1491 obsequens,
2540 1438 2675 1478 cum
2699 1423 2912 1478 timore
2941 1440 3010 1479 ac
3051 1429 3306 1481 tremore
3355 1441 3492 1481 eum
3539 1426 3799 1496 baptiza-

2148 1510 2271 1563 vit:
2305 1516 2365 1565 et
2390 1511 2591 1566 statim
2628 1513 2818 1583 aperti
2877 1518 3018 1569 sunt
3072 1514 3224 1579 caali,
3285 1521 3344 1569 et
3400 1532 3507 1570 vox
3536 1514 3608 1570 de
3637 1516 3800 1572 caelis

2149 1598 2480 1667 descendit,
2515 1599 2757 1657 dicens:
2792 1603 2896 1658 Hic
2937 1609 3027 1658 est
3083 1604 3266 1660 Filius
3322 1621 3492 1662 meus
3524 1605 3798 1669 dilectus,

2149 1689 2212 1744 in
2244 1706 2360 1759 quo
2382 1690 2530 1745 mihi
2562 1690 2712 1747 bene
2735 1693 3088 1764 complacui.

2703 1897 2947 1953 EODEM
2980 1897 3230 1954 MENSE.

2780 2012 2883 2067 Die
2915 2014 3169 2084 septima

2147 2128 2244 2185 87
2305 2128 2546 2198 δῃηαωίε
2609 2126 2789 2184 sancti
2834 2134 2891 2255 Si
2950 2128 3183 2255 glqriosi
3228 2131 3515 2201 prophetae
3564 2133 3797 2186 Joannis

2877 2218 2947 2255 an
2975 2218 3020 2255 is
3050 2218 3114 2255 ce.

2877 2218 3114 2271 apuszae.

2222 2321 2331 2374 lste
2362 2325 2602 2374 sanctus
2631 2321 2887 2375 Joannes
2918 2336 3269 2391 prtecursor,
3304 2325 3362 2374 et
3401 2319 3615 2373 Christi
3649 2320 3793 2389 Bap-

2147 2409 2306 2472 tista,
2339 2409 2763 2481 prophetarum
2807 2409 3102 2463 maximus
3132 2409 3262 2473 fuit,
3316 2408 3464 2464 adeo
3495 2413 3561 2462 ut
3589 2408 3660 2463 de
3693 2408 3795 2462 illo

2145 2499 2412 2553 Christus
2431 2497 2678 2553 dixerit:
2712 2500 2861 2553 Inter
2898 2503 3056 2553 natos
3076 2498 3369 2553 mulierum
3410 2514 3521 2551 non
3550 2500 3794 2552 surrexit

2143 2589 2328 2658 major
2355 2590 2569 2642 Joanne
2615 2590 2888 2657 Baptista.
2923 2588 3208 2641 Maximus
3266 2591 3465 2643 autem
3523 2586 3792 2641 omnium

2145 2677 2479 2747 appellatus
2510 2677 2641 2741 fuit,
2683 2676 2840 2747 quod
2876 2676 3072 2731 cmteri
3103 2676 3406 2747 prophetas
3436 2674 3508 2730 de
3561 2676 3791 2730 Christo

2144 2766 2387 2837 quidem
2446 2766 2896 2837 prophetarum,
2944 2764 3049 2820 sed
3110 2780 3246 2819 eum
3301 2781 3421 2819 non
3480 2764 3790 2819 viderunt:

2145 2860 2207 2911 at
2258 2856 2515 2910 Joannes
2565 2861 2624 2909 et
2677 2854 2868 2922 vidit,
2928 2859 2987 2909 et
3037 2854 3410 2925 prophetavit
3465 2852 3668 2908 dicens
3722 2852 3792 2906 de

2145 2960 2213 3000 eo
2244 2945 2318 2998 ad
2348 2944 2617 2999 Judaaos:
2682 2946 2812 2999 Ecce
2862 2946 3054 3011 Agnus
3108 2945 3222 3009 Dei,
3254 2945 3353 3012 qui
3411 2942 3554 2997 tollit
3596 2958 3789 3012 pecca-

2145 3040 2257 3088 tum
2287 3034 2499 3088 mundi.
2538 3033 2769 3088 Etenim
2802 3049 2987 3105 agnus
3019 3032 3142 3096 ille,
3175 3048 3351 3104 quem
3373 3031 3557 3087 ,ιιιᾶωί
3582 3034 3797 3085 immo-

2148 3122 2375 3187 labant,
2402 3122 2593 3194 exigui
2623 3122 2822 3193 populi
2847 3127 3153 3192 peccatum
3186 3121 3451 3186 eluebat;
3476 3121 3571 3175 hic
3598 3128 3795 3175 autem

2150 3212 2513 3277 immolatus,
2540 3211 2719 3264 totius
2748 3209 2953 3264 mundi
2978 3215 3283 3280 peccatum
3316 3209 3547 3263 delevit.
3582 3210 3794 3273 Quam-

2149 3301 2353 3356 obrem
2388 3301 2707 3371 Baptistam
2754 3299 3016 3353 Ecclesia
3047 3299 3148 3352 Dei
3191 3299 3512 3361 honorans,
3573 3297 3791 3351 festum

2148 3390 2305 3445 hunc
2339 3395 2396 3443 et
2426 3392 2711 3443 statutum
2751 3386 2909 3442 diem
2940 3386 3220 3454 celebrat,
3263 3402 3439 3456 quem
3491 3384 3790 3456 Synaxim,

2147 3479 2259 3534 hoc
2283 3482 2371 3531 est
2391 3477 2710 3532 Collectam
2734 3476 3015 3548 appellat,
3036 3475 3193 3546 quod
3238 3474 3491 3546 populus
3548 3474 3610 3528 in
3663 3473 3793 3543 ipsa

2145 3568 2420 3625 convenit
2449 3566 2521 3623 ad
2553 3565 2759 3622 laudes
2781 3567 2898 3621 Deo
2923 3566 3170 3637 ejusque
3202 3564 3557 3620 Praacursori
3589 3561 3789 3617 dicen-

2145 3658 2270 3714 das.

2705 3862 2945 3920 EODEM
2980 3861 3230 3918 MENSE.

2786 3980 2888 4035 Die
2928 3984 3149 4034 octava.

2140 4098 2240 4155 88
2292 4100 2577 4155 Certamen
2623 4103 2935 4154 sanctorum
2980 4102 3290 4164 martyrum
3350 4092 3629 4163 Theophili
3667 4091 3790 4145 dia-

2604 4172 2748 4234 coni,
2796 4176 2847 4222 et
2885 4167 3131 4222 Helladii
3173 4166 3320 4219 laici.

2208 4286 2311 4340 Isti
2342 4285 2529 4340 sancti
2556 4283 2916 4354 The0philus
2964 4287 3023 4336 et
3072 4279 3377 4334 Helladius
3428 4294 3498 4331 ex
3547 4275 3787 4345 regione

2139 4375 2331 4445 Libya)
2364 4375 2640 4428 fuerunt:
2675 4388 2743 4427 ac
2799 4369 3157 4440 Theophilus
3207 4366 3448 4438 quidem
3498 4363 3786 4433 diaconus

2138 4470 2300 4527 erat;
2346 4462 2650 4517 Helladius
2682 4476 2815 4515 vero
2850 4459 3055 4512 laicus.
3091 4458 3235 4511 Cum
3267 4460 3459 4509 autem
3487 4453 3783 4507 Christum

366 4540 612 4613 Χριστὸν
669 4541 1068 4616 ὁμολογοῦντες
1124 4545 1252 4599 Θεὸν
1306 4544 1586 4615 ἀληθινὸν,
1646 4547 1735 4601 καὶ
1780 4551 2016 4618 ποιητὴν

2146 4554 2320 4612 Deum
2354 4567 2577 4609 verum.
2612 4550 2998 4618 omniumque
3022 4562 3221 4601 rerum
3250 4544 3618 4600 conditorem
3648 4558 3783 4613 pro-

363 4634 479 4683 τῶν
510 4628 680 4698 ὅλων,
710 4632 776 4685 τά
816 4629 872 4686 δὲ
903 4629 1105 4688 εἴδωλα
1160 4629 1493 4707 ὑϐρίζοντες,
1542 4636 1630 4690 καὶ
1662 4636 1791 4701 τοὺς
1816 4644 2024 4711 τιμῶν-

364 4738 465 4778 τας
523 4717 659 4772 αὐτά
707 4719 796 4774 καὶ
862 4726 1296 4795 προσκυνοῦντας
1328 4766 1342 4789 ,
1424 4721 1792 4797 ἐκρατήθησαν
1880 4729 2024 4803 παρᾶ

362 4811 468 4862 τοῦ
499 4807 824 4875 ἀνθυπάτου,
854 4809 945 4864 καὶ
1007 4810 1331 4889 ἐτῦφθησαν,
1392 4815 1483 4867 καὶ
1542 4813 1830 4886 ἐξέσθησαν
1866 4816 2022 4893 ἴσχυ-

364 4898 499 4970 ρῶς.
525 4898 627 4953 Καὶ
660 4893 898 4961 δεθέντες
934 4904 1127 4975 χοῖρας
1161 4899 1249 4953 καὶ
1305 4899 1495 4973 πόδας,
1552 4903 1886 4974 κατεκάησαν
1925 4908 2021 4968 τάς

365 4982 511 5056 ψόας
570 4984 673 5040 ὑπὸ
717 4987 907 5060 πυρὸς,
969 4987 1059 5041 καὶ
1123 4989 1256 5060 μετά
1340 4989 1614 5065 ὀστράκων
1691 4992 1852 5064 ὀξέων
1902 5016 2025 5049 κατ-

365 5074 755 5143 ικεντηθησαν·
789 5076 879 5129 καὶ
912 5074 1087 5136 ἄλλας
1124 5076 1395 5149 τιμωρίας
1461 5078 1675 5141 πολλάς
1735 5083 2020 5154 ὑπέμειναν

365 5161 688 5235 βιαζόμενοι
738 5165 874 5218 κατά
932 5164 1059 5235 μίαν
1128 5166 1356 5239 βάσανον
1405 5166 1736 5241 ἀρνήσασθαι
1767 5172 1858 5226 τὸν
1893 5173 2021 5248 Χρι·

363 5252 496 5304 στὸν
530 5250 619 5305 καῖ
655 5254 808 5307 θῦσαι
865 5258 980 5314 τοῖς
1040 5253 1365 5326 ἀκαθάρτοις
1424 5253 1700 5330 δαίμοσιν.
1735 5258 1910 5316 Ἀλλά
1943 5265 2017 5334 μή

356 5341 668 5404 πεισθέντες
728 5341 895 5417 μέχρι
952 5344 1041 5397 καὶ
1103 5341 1375 5415 ὀνόματος
1429 5351 1769 5415 κατανεῦσαι,
1829 5350 1905 5413 εἷς
1959 5356 2021 5408 τὸ

356 5430 709 5503 χωρισθῆναι
766 5438 867 5499 τῆς
942 5430 1157 5505 ἀγάπης
1236 5437 1335 5486 τοῦ
1389 5440 1643 5508 Χριστοῦ³
1706 5440 2020 5514 συρόμενοι,

354 5514 653 5590 δερόμενοι
690 5562 705 5588 ,
763 5521 1280 5592 καταπατούμενοι,
1336 5524 1469 5594 μετά
1518 5523 1689 5581 λίθων
1744 5529 2021 5607 συντριϐό-

362 5626 528 5677 μενοι
559 5611 734 5663 πάντα
760 5610 827 5664 τὰ
858 5608 1007 5678 ὀστᾶ,
1042 5607 1361 5683 παρέδωκαν
1402 5615 1495 5678 τὰς
1528 5616 1733 5692 ψυχάς.

2134 4650 2484 4705 merentur;
2518 4639 2676 4695 idola
2705 4653 2861 4701 vero,
2896 4642 2954 4690 et
2983 4652 3103 4698 eos,
3128 4635 3230 4705 qui
3264 4634 3366 4689 illa
3396 4634 3777 4696 honorarent,

2132 4742 2310 4807 atque
2341 4732 2676 4796 adorarent,
2708 4729 3180 4789 contemnerent,
3213 4729 3273 4779 et
3299 4721 3664 4777 contumelia
3693 4719 3778 4774 af-

2135 4827 2419 4889 ﬁcerent;
2454 4816 2868 4889 comprehensi
2919 4832 2953 4869 a
3010 4812 3388 4885 proconsule,
3436 4810 3782 4883 gravissime

2133 4912 2463 4975 caeduntur,
2491 4914 2551 4964 et
2578 4905 3096 4962 excarniﬁcantur.
3137 4903 3280 4957 Tum
3319 4899 3593 4956 manibus
3617 4897 3784 4969 pedi-

2131 5004 2360 5073 busque
2383 4998 2599 5070 ligatis.
2634 4994 2821 5051 lumbi
2856 5009 3060 5048 eorum
3088 4990 3502 5054 amburuntur,
3536 4986 3784 5042 testula-
3836 5052 3855 5063 ‘

2130 5108 2384 5163 rumque
2410 5087 2633 5144 aculeis
2665 5084 3100 5157 perfodiuntur.
3135 5080 3283 5135 Aliis
3312 5080 3559 5148 insuper
3586 5076 3781 5147 pluri-

2130 5182 2241 5236 bus
2293 5176 2604 5234 tormentis
2655 5174 3089 5233 excruciantur,
3145 5176 3211 5223 ut
3267 5170 3350 5223 sic
3406 5167 3785 5239 adigerentur

2131 5270 2430 5324 Christum
2463 5266 2778 5335 abnegare,
2810 5266 2867 5314 et
2904 5258 3154 5329 impuris
3184 5256 3499 5311 daemoniis
3558 5252 3780 5308 sacriﬁ-

2132 5376 2283 5416 care.
2318 5360 2532 5413 Verum
2564 5369 2699 5408 cum
2731 5350 2817 5404 illi
2861 5366 2935 5403 ne
2966 5364 3106 5402 voce
3138 5346 3377 5417 quidem
3426 5347 3781 5403 annuet-ent,

2131 5467 2191 5505 se
2224 5449 2294 5504 ab
2332 5462 2533 5504 amore
2565 5442 2778 5498 Christi
2816 5438 3078 5510 separari
3110 5437 3283 5503 velle,
3314 5436 3549 5507 raptati.
3586 5434 3781 5487 detra~

2132 5546 2225 5596 cta
2246 5538 2509 5611 corporis
2537 5535 2712 5609 pelle,
2746 5529 2998 5603 pedibus
3027 5527 3380 5594 conculcati,
3407 5525 3640 5581 ossibus
3663 5536 3783 5575 om-

2131 5630 2307 5685 nibus
2339 5645 2479 5684 saxo
2502 5622 2837 5689 confractis,
2872 5618 3102 5673 animas
3134 5616 3528 5672 tradiderunt.
