4074 6192
369 325 481 399 εει

1689 324 2114 390 MENOLOGII
2156 322 2361 386 PARS
2411 322 2486 386 Il.

3652 321 3772 381 252

367 466 671 538 prophetaa
703 467 995 520 Zacharias
1027 468 1377 523 instauravit
1403 486 1416 536 ;
1450 467 1554 523 sed
1585 468 1761 523 etiam
1805 465 2002 521 diaco-

2135 461 2313 534 67a.“
2371 458 2541 525 αὐτὴν
2601 457 2677 522 είς
2736 459 3130 531 μοναστήριον,
3208 452 3339 529 ὅπερ
3391 457 3426 526 ἡ
3485 455 3615 530 ἁγία
3675 455 3770 511 ἔπ-

371 557 596 612 nissam
627 557 938 611 ordinavit.
975 559 1112 612 Post
1143 558 1267 612 hmc
1302 550 1464 614 tanta
1488 559 1732 614 virtutes
1764 565 2017 612 conten-

371 646 533 701 tione
565 646 844 711 exccluit,
879 651 944 699 ut
1000 651 1058 699 et
1109 647 1534 703 miraculorum
1583 649 1802 703 donum
1839 663 1872 700 a
1907 647 2019 699 Deo

374 735 704 804 acceperit;
739 739 796 786 et
826 735 1168 804 prophetico
1201 737 1377 792 etiam
1439 738 1648 809 spiritu
1697 737 1902 801 ditata,
1949 733 2020 789 de

377 821 852 891 impvratoribus.
886 824 1256 892 patriarchis,
1318 826 1570 896 aliisque
1614 824 2022 897 compluribus

373 914 745 986 prophetavit
801 916 962 970 Hunc
996 916 1055 970 in
1089 919 1328 973 modum
1360 920 1536 973 vitam
1593 919 1932 984 traducens,
1965 922 2026 972 et

373 1002 446 1058 ob
483 1003 698 1057 multas
731 1004 974 1060 virtutes
1007 1023 1142 1061 suas
1191 1008 1252 1062 in
1305 1026 1535 1064 summo
1594 1009 1818 1064 honore
1867 1007 2024 1079 apud

372 1091 785 1162 imperatores,
821 1101 879 1149 et
907 1096 1274 1166 patriarchas
1304 1098 1525 1164 habita,
1555 1099 1617 1154 in
1646 1097 1790 1170 pa’ce
1807 1097 2022 1154 obdor-

375 1181 560 1237 mivit.

933 1394 1174 1450 EODEM
1212 1395 1464 1453 MENSE.

975 1512 1078 1568 Die
1109 1511 1425 1568 undecima

632 1629 734 1684 90
775 1629 1064 1687 Certamen
1093 1632 1272 1686 sancti
1303 1633 1560 1701 martyris
1590 1632 1761 1686 Petri.

446 1745 697 1800 Sanctus
719 1750 945 1817 martyr
964 1747 1172 1801 Petrus
1195 1746 1256 1801 in
1287 1763 1435 1820 pago
1472 1750 1636 1803 Anea
1663 1747 1819 1818 apud
1849 1746 2026 1802 Eleu-

375 1834 732 1905 theropolim
767 1841 964 1897 natus,
995 1853 1241 1908 corpore
1300 1836 1566 1900 robusto,
1627 1835 1732 1892 sed
1790 1836 1906 1891 fide
1963 1837 2021 1892 in

2135 1827 2348 1894 Ἀνὲας,
2419 1827 2656 1898 πλησίον

372 1923 671 1978 Christum
704 1923 1022 1989 robustior,
1056 1923 1128 1978 ab
1161 1924 1567 1980 adolescentia
1591 1925 1842 1980 senilem
1881 1942 2023 1997 pru-

372 2011 634 2066 dentiam
661 2029 780 2082 praa
804 2029 865 2067 se
880 2012 1264 2070 ferebat.cum
1281 2013 2023 2070 doceretomnesabidolis

376 2101 678 2167 secedere,
711 2106 770 2156 et
799 2101 873 2156 ad
905 2103 1202 2157 Christum
1235 2102 1428 2158 solum
1459 2119 1661 2158 verum
1698 2105 1879 2159 Deum
1915 2104 1989 2158 ho

369 2189 720 2260 minumque
754 2197 1112 2245 servatorem
1145 2189 1448 2246 accedere.
1481 2192 1620 2256 Quae
1651 2208 1785 2247 cum
1819 2190 1890 2245 de
1922 2190 2023 2244 illo

369 2279 697 2348 accepisset
712 2277 1186 2350 Eleutlieropolis
1203 2279 1650 2350 prmses,missis
1667 2279 2025 2335 satellitibus

370 2367 866 2437 comprehensum
889 2367 1286 2438 compellebat
1309 2369 1604 2423 Christum
1622 2368 1856 2439 ejurare
1882 2385 1894 2421 :
1920 2367 2024 2423 sed

368 2471 498 2522 cum
529 2455 603 2510 ad
625 2455 682 2510 id
709 2455 876 2510 illum
907 2456 1187 2511 inducere
1220 2457 1514 2528 nequiret,
1547 2457 1829 2529 praecepit
1856 2462 1921 2512 ut
1965 2456 2024 2512 in

375 2543 684 2599 ardentem
719 2545 1020 2600 fornacem
1054 2545 1208 2617 ignis
1235 2547 1618 2618 injiceretur:
1648 2546 1708 2601 in
1727 2546 2028 2618 quamim-

372 2635 591 2690 missus
623 2641 886 2699 sanctus,
919 2653 1026 2708 per
1057 2637 1274 2692 multas
1332 2638 1506 2692 horas
1556 2639 1773 2707 gratias
1821 2653 2026 2709 agens,

377 2725 682 2796 Deumque
715 2742 819 2796 pro
853 2726 1030 2780 totius
1063 2727 1292 2791 mundi,
1324 2735 1784 2798 sanctarumque
1833 2726 2026 2782 eccle-

378 2815 598 2870 siarum
633 2815 1067 2886 tranquillitate
1099 2833 1300 2882 orans,
1335 2816 1610 2872 decessit.

2125 547 2402 604 εσιεύασεν
2437 547 2510 608 εἷς
2540 549 2706 620 τιμὴν
2745 553 2842 602 τοῦ
2901 549 3061 620 ἁγίου
3122 549 3411 624 προφήτου
3470 546 3768 622 Ζαχαρίου,

2125 637 2272 692 ἀλλά
2321 636 2410 692 καὶ
2466 634 2714 691 διάκονον
2774 636 3201 712 ἐχειροτόνησεν.
3263 638 3356 691 Καὶ
3424 637 3557 709 μετά
3611 641 3770 690 τοῦτο

2125 731 2356 782 τοσαῦτα
2389 726 2697 800 ἠγωνίσατο
2737 727 2814 788 εἷς
2873 727 3088 800 ἀρετήν,
3150 726 3224 790 ὡς
3277 726 3366 780 καὶ
3430 728 3770 799 θαυματουρ-

2127 817 2250 891 γίας
2281 817 2596 892 χαρίσματα
2637 815 2667 871 λ
2711 811 2824 871 ὅεῖν
2874 819 3019 890 παρᾶ
3063 821 3217 874 Θεοῦ.
3268 815 3440 872 Ἀλλά
3493 817 3579 870 καὶ
3637 836 3774 885 προ-

2129 914 2393 982 ορατικῶν
2431 908 2824 980 ἀποκαλύψεων
2884 909 3118 978 ἠξιώθη,
3175 909 3264 962 καὶ
3321 909 3442 980 περὶ
3506 906 3771 980 βασιλέων

2127 1001 2520 1074 προεφήτευσε.
2555 999 2644 1052 καὶ
2675 996 2798 1074 περῖ
2857 1002 3232 1072 πατριαρχῶν,
3277 996 3367 1052 καὶ
3417 997 3538 1070 περὶ
3586 994 3775 1051 ἄλλων

2129 1087 2377 1144 πολλῶν·
2441 1089 2533 1144 καὶ
2596 1085 2772 1150 οὕτως
2845 1087 3250 1162 ἀγωνισαμένη.
3329 1087 3420 1141 καὶ
3483 1090 3776 1159 τιμτ.θεῖσα

2129 1178 2276 1253 παρά
2307 1177 2574 1252 βασιλέων
2608 1173 2698 1230 διὰ
2721 1177 2818 1245 τήν
2850 1173 3068 1244 πολλην
3101 1175 3272 1240 αὐτῆς
3300 1173 3518 1250 ἆρετήν,
3569 1173 3776 1246 ὁμοίως

2129 1267 2220 1322 καὶ
2251 1267 2396 1343 παρὰ
2425 1271 2804 1342 πατριαρχῶν,
2839 1264 2891 1322 ἐν
2923 1264 3112 1342 εἰρήνῃ
3145 1264 3439 1338 ἐκοιμήθη.

2685 1385 2784 1442 ΜΗ
2797 1385 2869 1442 NI
2907 1389 2994 1441 ΤΩ
3032 1388 3222 1442 ΑΥΤΩ.

2913 1504 3002 1560 IA‘

2384 1619 2655 1692 Ἀθλησις
2687 1623 2785 1676 τοῦ
2815 1620 2968 1696 ἁγίου
3001 1621 3273 1696 μάρτυρος
3302 1617 3528 1693 ηὲτρου.

2204 1740 2266 1798 Ὀ
2326 1739 2481 1815 ἅγιος
2541 1737 2743 1814 μάρτυς
2807 1736 3033 1812 Πέτρος,
3099 1735 3304 1810 ἐγένετο
3381 1735 3486 1790 άπὸ
3566 1735 3780 1811 χωρίου

2745 1824 3269 1898 Ἐλευθεροπόλεως.
3357 1821 3636 1900 ’Δνδρεῖος
3719 1820 3783 1879 δὲ

2133 1917 2395 1992 ὑπάρχων
2445 1921 2525 1988 τῷ
2582 1915 2822 1986 σώματι,
2883 1911 3256 1990 ἀνδρειότερος
3317 1913 3525 1990 ἐγένετο
3571 1917 3642 1986 τῇ
3705 1911 3782 1973 εἰς

2132 2008 2359 2080 Χριστὸν
2393 2003 2590 2060 π’ίστει.
2631 2006 2768 2066 Nic:
2801 2003 2860 2058 δὶ
2885 1999 2960 2058 ὥν
2989 2004 3088 2072 τήν
3116 2005 3363 2073 ἡλικίαν,
3419 2002 3488 2057 τά
3537 2006 3646 2057 τῶν
3692 2022 3786 2075 γε·

2134 2095 2338 2162 ρόντων
2389 2094 2508 2169 εἶχε
2561 2094 2696 2149 κατᾶ
2749 2095 2848 2164 τὴν
2909 2092 3191 2170 φρόνησιν·
3254 2090 3520 2147 διδάσκων
3579 2091 3782 2151 πάντας

2133 2185 2435 2252 ἀποστῆναι
2464 2184 2574 2238 τῶν
2607 2180 2879 2243 είδώλων.
2933 2183 3022 2236 καὶ
3066 2178 3388 2255 προσελθεῖν
3436 2184 3515 2251 τῷ
3562 2181 3783 2253 Χριστῷ

2137 2273 2289 2346 μόνῳ
2322 2271 2629 2348 ὑπάρχοντι
2659 2275 2776 2344 Θεῷ
2822 2269 3092 2342 ἀληθινῷ,
3139 2269 3229 2324 καὶ
3283 2276 3491 2341 σωτῆρι
3539 2272 3646 2322 τῶν
3699 2267 3788 2320 άν-

2136 2365 2390 2438 θρώπων.
2423 2367 2604 2421 Ταῦτα
2659 2363 2892 2424 ἀκούσας
2952 2361 3076 2436 περὶ
3125 2359 3286 2416 αὐτοῦ
3317 2361 3346 2414 ὁ
3375 2365 3475 2427 τῆς
3531 2357 3782 2414 Ἐλευθε-

2136 2451 2421 2529 ροπόλεως
2480 2449 2690 2528 ἅρχων,
2751 2449 3032 2506 ἀπέστειλε
3087 2449 3178 2504 καὶ
3263 2448 3550 2524 ἐκράτησεν
3601 2445 3786 2515 αὐτὸν,

2133 2540 2222 2596 καὶ
2277 2541 2575 2616 ἠνάγκασεν
2633 2538 2968 2612 ἀρνήσασθαι
3024 2536 3114 2591 τὸν
3169 2535 3422 2611 Χριστόν.
3481 2534 3570 2594 Ὦς
3601 2529 3657 2588 δὲ
3687 2530 3790 2586 οὐκ

2135 2627 2333 2695 ἔπεισε,
2373 2627 2664 2704 προσέταξε
2711 2630 2955 2703 γενεσθαι
3013 2628 3244 2700 κάμινον
3294 2623 3540 2700 μεγάλην
3589 2622 3782 2696 πυρὸς,

2132 2721 2222 2776 καὶ
2255 2719 2367 2774 ἐκεῖ
2397 2713 2746 2790 ὲμϐληθῆνας
2785 2715 2968 2771 αὐτόν.
3032 2717 3134 2773 Καὶ
3180 2723 3280 2784 τῆς
3325 2713 3555 2786 καμίνου
3605 2713 3785 2788 ἀναφ-

2134 2810 2314 2878 θείσης
2373 2802 2640 2877 ἐνεϐλήθη
2701 2805 2774 2868 εἷς
2825 2803 3238 2879 αὐτῆνὸἄγιος
3290 2803 3520 2880 χαίρων,
3577 2807 3650 2856 Κα
3728 2799 3784 2853 ἐν

373 2900 510 2974 αὐτῇ
546 2899 634 2954 ἐπὶ
666 2899 906 2965 πολλαῖς
933 2908 1050 2963 ταῖς
1084 2901 1253 2976 ὢραις
1283 2902 1645 2978 εὐχαριστῶν,
1676 2903 1765 2959 καὶ
1796 2902 2238 2979 προσευχόμενος
2266 2903 2345 2970 τῷ
2377 2896 2493 2968 Θεῴ
2526 2896 2658 2970 ὑπὲρ
2687 2902 2789 2966 τῆς
2819 2893 3204 2968 οῗκουμενικῆς
3257 2891 3649 2960 καταστάσεως,
3693 2886 3786 2945 καὶ

371 2995 478 3045 τῶν
514 2991 684 3065 άγίων
715 2989 1080 3063 Ἐκκλησιῶν,
1111 2991 1429 3064 ἐτελειώθη.

1032 3093 1248 3149 Eodem
1281 3095 1377 3150 die

389 3181 486 3238 97
523 3183 974 3239 Commemoratio
1026 3185 1207 3238 sancti
1264 3186 1447 3239 Patris
1498 3184 1674 3240 nostri
1734 3180 2027 3238 Theodosii

993 3254 1420 3311 Caenobiarchae.

447 3370 694 3426 Sanctus
725 3374 898 3425 Pater
942 3375 1147 3426 noster
1202 3371 1588 3436 Theodosius,
1636 3374 2027 3444 cognomento

377 3459 823 3517 Cmnobiarcba.
852 3476 922 3515 ex
939 3459 1311 3532 Cappadocia
1331 3460 1444 3532 piis
1464 3460 1809 3532 parentibus
1831 3464 2025 3524 natus,

377 3549 770 3605 monasticam
828 3549 1003 3604 vitam
1065 3550 1394 3622 amplexus,
1453 3551 1712 3622 primum
1787 3548 2028 3620 quidem

374 3638 751 3694 Antiochiam
783 3637 930 3692 abiit
961 3637 1034 3692 ad
1068 3645 1342 3694 sanctum
1373 3638 1711 3694 Simeonem
1733 3639 2027 3711 Stylitam,

376 3727 546 3795 cujus
573 3724 990 3781 benedictione
1043 3733 1306 3798 accepta,
1366 3728 1771 3800 Hierosolyma
1816 3727 2027 3799 petiit:

371 3813 510 3868 inde
543 3814 604 3868 in
637 3829 905 3870 eremum
955 3815 1222 3880 secessit,
1281 3815 1381 3869 ubi
1441 3816 1681 3888 triginta
1732 3831 2027 3871 annorum

375 3901 565 3972 spatio
623 3907 840 3973 printer
895 3903 1119 3958 caricas
1175 3909 1233 3957 et
1289 3903 1502 3959 herbas
1553 3903 1786 3959 nullum
1842 3905 2026 3960 alium

378 3989 575 4045 cibum
605 3991 876 4061 sumpsit.
911 3993 1054 4045 Tum
1081 3991 1255 4062 plura
1294 3991 1582 4048 miracula
1638 3993 1908 4064 patravit,
1971 4003 2030 4048 et

381 4079 571 4134 multa
609 4079 876 4136 condidit
934 4081 1339 4135 monasteria:
1399 4081 1700 4137 daemones
1757 4082 2028 4139 oratione

377 4167 639 4242 fugavit:
672 4168 734 4223 in
767 4183 1001 4225 summa
1029 4169 1115 4224 rei
1146 4167 1552 4225 frumentarias
1598 4171 1843 4226 caritate
1889 4187 2022 4244 gra-

377 4274 521 4313 num
555 4257 714 4328 quod
740 4275 925 4314 unum
959 4259 1019 4314 in
1049 4260 1396 4315 monasterii
1429 4261 1641 4316 horreo
1699 4268 2023 4333 repererat,

373 4347 759 4411 benedicens.
791 4355 978 4404 totum
1012 4350 1294 4406 horreum
1329 4351 1624 4407 frumento
1648 4351 2022 4423 implevit.0b

2723 3087 2804 3159 Τῇ
2847 3085 2986 3158 αὖτῇ
3017 3082 3200 3158 ἡμέρᾳ

2135 3177 2345 3250 Μνήμη
2403 3177 2500 3230 τοῦ
2559 3173 2710 3230 ὁσίου
2770 3173 2998 3250 Πατρρςή
3065 3175 3225 3242 ἡμῶν
3313 3167 3602 3228 Θεοδοσίου
3685 3175 3788 3226 τοῦ

2751 3241 3167 3320 Κοινοὸιάρχου.

2206 3361 2490 3424 Θεοδόσιος
2522 3361 2626 3416 όέν
2661 3360 2837 3436 ἁγίοις
2892 3361 3078 3433 Πατὴρ
3135 3362 3319 3433 ἡμῶν,
3378 3360 3406 3414 ὁ
3455 3355 3788 3431 ἐπιλεγόμε-

2135 3473 2227 3515 νος
2260 3449 2698 3526 Κοινοὸιάρχης,
2728 3451 2794 3519 ἦν
2837 3449 2944 3505 άπὸ
2985 3455 3086 3519 τῆς
3139 3449 3327 3524 χώρας
3374 3443 3784 3518 Καππαδοκίας,

2135 3541 2342 3618 γονέων
2403 3535 2653 3596 εὐσεϐῶν·
2711 3537 2921 3615 ἐγένετο
2975 3535 3033 3593 δὲ
3092 3537 3357 3612 μοναχός·
3416 3535 3506 3591 καὶ
3563 3540 3782 3606 πρῶτον

2139 3632 2232 3705 μὶν
2265 3629 2506 3699 ἀπῆλθεν
2542 3628 2620 3690 εἷς
2649 3628 3018 3703 Ἀντιόχειαν,
3049 3627 3185 3701 πρὸς
3211 3627 3302 3682 τὸν
3362 3626 3510 3700 ἅγιον
3556 3624 3785 3696 Συμεὼν

2132 3721 2224 3776 τὸν
2259 3718 2547 3788 Στυλίτην.
2581 3719 2684 3776 Καὶ
2740 3716 3012 3792 εὐλογήθη
3071 3717 3200 3792 παρ’
3251 3715 3440 3772 αὐτοῦ.
3508 3711 3646 3771 Ε’ἶτα
3702 3711 3782 3774 είς

2132 3810 2200 3864 τά
2253 3808 2634 3884 Ἰεροσόλυμα.
2719 3808 2952 3870 Ἐκεῖθεν
3011 3804 3069 3860 δὲ
3149 3807 3482 3875 κατήντησεν
3535 3802 3629 3864 ἐίς
3680 3803 3782 3873 τήν

2133 3893 2361 3972 ἔρημον,
2395 3897 2482 3953 ἐπὶ
2513 3898 2808 3971 τριάκοντα
2859 3896 3087 3971 χρόνοις
3145 3891 3306 3968 ἄρτον
3357 3894 3432 3966 μῆ
3479 3892 3683 3968 φαγὼν,
3730 3891 3781 3946 εἰ

2136 3988 2212 4061 μή
2251 3986 2416 4060 μόνας
2450 3983 2702 4060 ἴσχάδας,
2739 3984 2828 4040 καὶ
2862 3983 3110 4062 βοτάνας.
3153 3983 3308 4040 Ὀθεν
3364 3980 3594 4036 πλεῖστα
3644 3978 3781 4043 θαύ-

2135 4097 2276 4148 ματα
2319 4075 2560 4146 ὲποίησε’
2617 4075 2706 4130 καὶ
2767 4075 3107 4149 μοναστήρια
3157 4069 3343 4126 πολλά
3395 4071 3776 4139 συνεστήσατο·

2130 4165 2221 4221 καὶ
2252 4162 2514 4238 δαίμονας
2547 4163 2637 4220 διδ.
2693 4169 3008 4238 προσευχῆς
3064 4159 3268 4230 ἐδίωξε.
3317 4162 3497 4231 Λιμοῦ
3542 4155 3600 4214 δέ
3646 4177 3781 4213 ποτε

2127 4255 2444 4331 γενομένου,
2475 4253 2565 4308 καὶ
2595 4260 2695 4322 τῆς
2727 4253 3011 4322 ἀποθήκης
3064 4253 3162 4305 τοῦ
3215 4246 3584 4324 μοναστηρίου
3630 4251 3776 4301 σῖτον

2131 4347 2207 4419 μὴ
2240 4345 2496 4421 ἰχούσης,
2537 4340 2630 4399 ἕνα
2685 4341 2878 4397 κόκκον
2937 4339 3131 4414 εὑρὼν,
3189 4338 3276 4392 καὶ
3338 4336 3666 4410 εὐλογήσας,
3723 4334 3776 4408 ἐξ

375 4437 502 4493 haec
523 4439 722 4511 igitur,
744 4439 979 4510 aliaque
1004 4439 1260 4511 plurima
1282 4439 2021 4513 prodigiaimperatoribus

2135 4434 2336 4490 ἐκείνου
2390 4435 2488 4500 την
2575 4433 2860 4500 ἀποθήκην
2945 4428 3095 4482 σίτου
3148 4427 3383 4503 ἐγέμισε·
3444 4423 3534 4480 διά
3598 4423 3655 4479 δὲ
3709 4425 3778 4479 τά

2208 4525 2225 4534 ι
2247 4521 2263 4534 \
2294 4523 2305 4534 ο
2430 4523 2440 4534 ι
2716 4521 2727 4534 ι
2827 4524 2848 4534 α
2940 4518 2967 4534 Λ
3067 4514 3085 4534 ἧ
3137 4517 3159 4528 ν
3315 4513 3327 4534 9
3496 4515 3506 4534 Ι
3546 4516 3572 4534 Δ
3756 4513 3772 4532 \

373 4534 568 4588 notus.
603 4530 827 4599 totique
860 4529 1082 4584 mundo
1141 4529 1214 4585 ob
1259 4530 1502 4586 virtutes
1560 4547 1698 4588 suas
1747 4531 2020 4598 celebris,

381 4615 620 4670 tandem
652 4616 713 4671 in
743 4633 888 4688 pace
918 4619 1193 4674 decessit.

927 4820 1167 4879 EODEM
1203 4822 1459 4879 MENSE.

956 4940 1060 4996 Die
1091 4940 1444 4996 duodecima

569 5051 671 5108 98
704 5052 989 5111 Certamen
1014 5061 1216 5111 sanctae
1242 5055 1507 5126 martyris
1538 5057 1807 5112 Tatiana.

439 5173 684 5228 Tatiana
696 5179 920 5244 martyr
933 5173 1296 5246 temporibus
1309 5173 1624 5229 Alexandri
1637 5173 2014 5244 imperatoris

372 5278 441 5318 ex
472 5262 718 5334 antiqua
746 5264 930 5319 Roma
957 5263 1089 5326 fuit,
1121 5268 1285 5336 patre
1339 5262 1516 5318 divite
1572 5279 1640 5317 ac
1684 5261 1894 5330 nobili,
1944 5280 2012 5319 ac

370 5353 610 5408 tertium
671 5351 948 5423 praefecto
1005 5357 1162 5407 nata.
1222 5352 1366 5406 Cum
1419 5356 1619 5406 autem
1676 5350 2015 5408 diaconissa

371 5444 545 5506 esset,
583 5436 758 5493 ﬁdem
789 5438 1002 5492 Christi
1036 5436 1320 5508 populum
1355 5436 1644 5503 docendo,
1688 5437 1908 5494 multos
1939 5438 2011 5494 ab

369 5527 546 5584 idolis
585 5527 884 5582 avocabat.
943 5528 1132 5592 Quare
1181 5525 1253 5581 ad
1312 5526 1734 5598 imperatorem
1792 5527 2006 5590 delata.

369 5617 684 5688 missisque
717 5615 1074 5672 satellitibus
1129 5617 1580 5688 comprehensa,
1634 5633 1833 5674 coram
1881 5618 2010 5691 ipso

368 5704 598 5762 sistitur
625 5719 639 5759 :
671 5703 774 5776 qui
804 5702 969 5761 illam
993 5717 1195 5761 secum
1223 5703 1288 5762 in
1316 5703 1522 5762 fanum
1551 5703 1847 5763 idolorum
1904 5703 2006 5762 ad.

2132 4521 2317 4578 πολλὰ
2348 4523 2595 4592 θαύματα
2641 4521 2876 4580 καὶτοῖς
2940 4514 3248 4592 βασιλεῦσιν
3309 4513 3635 4588 ἐγνωρίσθη.
3683 4513 3776 4568 καὶ

2132 4613 2184 4669 ἐν
2219 4612 2336 4685 ὅλῳ
2386 4610 2465 4684 τῷ
2512 4611 2703 4683 κόσμῷ
2761 4606 2850 4662 διά
2905 4608 3004 4676 τήν
3051 4605 3214 4679 ἁρετή
3271 4598 3601 4678 περιϐόητος
3659 4601 3778 4674 ἐγέ-

2123 4723 2268 4761 νετο.
2294 4701 2397 4758 Καὶ
2429 4700 2571 4756 οὕτω
2603 4699 2776 4764 θανὼν
2807 4695 3122 4764 ἐτελειώθη.

2671 4816 2856 4874 ΜΗΝΙ
2893 4819 2977 4869 ΤΩ
3016 4814 3215 4869 ΑΥΤΩ.

2905 4930 2988 4988 ιε’

2350 5051 2598 5122 Δθλησις
2629 5057 2730 5121 τῆς
2762 5049 2916 5125 άγίας
2951 5057 3222 5124 μάρτυρος
3253 5053 3542 5115 Τατιανῆς.

2195 5169 2260 5226 ἸΙ
2297 5169 2501 5242 μάρτυς
2542 5168 2782 5236 Τατιανή
2847 5167 3092 5242 ὑπῆρχεν
3152 5165 3259 5220 άπὸ
3313 5171 3415 5234 τῆς
3471 5158 3768 5236 πρεσϐυτέ·

2124 5277 2221 5334 ρας
2277 5259 2518 5328 Ῥώμης,
2577 5256 2666 5312 ἐπὶ
2721 5263 2823 5326 τῆς
2881 5256 3158 5331 βασιλείας
3227 5251 3608 5330 Ἀλεξάνδρου,
3663 5273 3772 5307 πα-

2118 5347 2274 5422 τέρος
2332 5345 2600 5402 πλουσίου
2651 5347 2744 5400 καὶ
2827 5344 3076 5420 εὐγενοῦς
3133 5347 3392 5418 θυγάτηρ,
3449 5343 3509 5398 ἐκ
3580 5342 3769 5418 τρίτου

2121 5435 2408 5512 γεγονότος
2461 5433 2727 5510 ἐπάρχου.
2783 5436 2882 5492 Ἦν
2943 5431 3001 5489 δὲ
3054 5433 3147 5488 τὸν
3206 5431 3414 5508 βαθμὸν
3493 5429 3766 5494 διάκονος·

2119 5524 2208 5580 καὶ
2239 5524 2352 5578 ἐπεὶ
2393 5521 2642 5588 διάκονος
2696 5524 2827 5578 οῦσα
2883 5519 3130 5577 ἐδίδασκε
3183 5523 3273 5577 τὸν
3335 5519 3466 5576 λαὸν
3518 5522 3586 5574 τά
3641 5521 3766 5596 περὶ

2117 5610 2218 5667 τοῦ
2276 5617 2532 5689 Χριστοῦ,
2589 5612 2679 5668 καὶ
2736 5610 2992 5673 πολλοὺς
3050 5609 3254 5666 ἔπειθεν
3331 5609 3762 5686 άποστρέφεσθαι

2116 5701 2184 5760 τὰ
2208 5698 2433 5775 εἴδωλα,
2467 5696 2734 5777 διεϐλήθη
2763 5701 2842 5776 τῷ
2899 5700 3142 5778 βασιλεῖ.
3193 5700 3256 5760 '0
3306 5695 3366 5757 δὶ
3409 5697 3766 5771 ἀποστείλας,
