4074 6192
315 352 437 412 £53

1799 356 2260 425 JANUAHIUS.

3619 366 3733 425 254

313 484 614 559 hpitnasv
673 485 866 556 αὐτὴν,
923 499 1010 544 καί
1070 486 1276 565 ἤγαγεν
1334 492 1565 548 ἐνώπιον
1643 493 1827 561 αὖτοῦ,
1885 494 1967 549 καῖ

2089 494 2348 563 ductam,
2384 495 2628 550 adorare
2655 496 2815 551 idola
2857 498 3274 569 compellebat.
3335 498 3548 553 Sancta
3590 512 3731 553 vero

318 576 722 650 κατηνάγκασεν
784 577 975 648 αὐτὴν,
1031 579 1289 635 εἶσελθεῖν
1354 584 1470 655 μετ’
1528 583 1697 638 αὐτοῦ
1755 583 1831 645 είς
1886 584 1976 638 τὸν

321 665 444 718 ναὸν
503 670 614 718 τῶν
672 663 945 739 εἰδώλων,
1004 669 1092 723 καὶ
1162 679 1556 745 προσκυνῆσαι.
1617 673 1679 729 Ἢ
1739 670 1797 727 δὲ
1856 674 1978 750 ἁγία

323 752 664 819 εἰσελθοῦσα,
699 752 789 809 διᾶι⁸
817 765 1129 833 προσευχῆς
1186 761 1469 834 συνέτριψε
1516 763 1584 816 re
1633 760 1856 829 εἴδωλα,
1887 761 1977 816 καὶ

324 842 397 902 εἰς
457 850 564 916 γῆν
622 842 858 918 ἔρῥιψεν.
920 848 1050 900 Εἶτα
1122 847 1375 903 τύπτεται
1455 851 1590 905 κατᾶ
1654 855 1751 904 τοῦ
1809 871 1980 920 προσ-

322 931 499 1001 ώπου,
534 931 786 993 καὶτοὺς
831 934 1149 1012 ὀφθαλμοὺς
1209 938 1573 1012 ἐξορύσσεταιο
1634 939 1724 993 καὶ
1772 960 1978 1015 κρεμα-

318 1024 501 1075 σθεῖσα
532 1022 727 1095 ξέεται,
760 1024 851 1078 καὶ
908 1027 1125 1100 ξι·ρᾶται
1181 1029 1280 1095 τῆν
1338 1027 1606 1106 κεφαλήν.
1656 1032 1790 1087 Εἶτα
1848 1030 1975 1103 πυρί

2091 602 2288 653 orans,
2345 586 2505 641 idola
2560 587 2632 641 ad
2691 593 2908 642 terram
2969 588 3186 660 dejecit
3242 589 3734 661 comminuitque.

2090 676 2482 741 Quamobrem
2516 676 2574 730 in
2608 677 2755 731 facie
2788 676 3054 745 caeditur,
3088 678 3396 749 oculisque
3420 680 3651 734 effossis
3674 680 3732 733 in

2090 766 2411 836 equuleum
2442 771 2573 820 acta
2597 765 2941 835 dilaniatur,
2974 774 3032 823 et
3062 768 3355 823 ad.‘cutem
3389 770 3577 840 capite
3604 776 3735 822 ton-

2088 854 2280 909 detur.
2304 857 2448 909 Tum
2474 855 2534 909 in
2554 856 2749 926 ignem
2774 857 3167 927 projecta,sed
3190 858 3339 912 nihil
3365 858 3734 923 lmsa,bestiis

2089 945 2437 1015 exponitur:
2470 961 2503 998 a
2533 946 2748 1015 quibus
2781 953 3002 1018 erepta,
3033 948 3225 1019 capite
3253 948 3515 1015 demum,
3549 949 3736 1019 impe-

2087 1034 2302 1088 ratoris
2325 1034 2523 1104 jussu,
2556 1034 2854 1105 plectitur.

320 1109 621 1181 παρεδόθη.
659 1113 755 1167 Καὶ
792 1114 952 1188 ὑγιὴς
974 1114 1281 1186 ἐξελθοῦσα,
1341 1119 1697 1194 θηριομαχεῖ·
1747 1118 1835 1172 καὶ
1883 1123 1991 1173 τῶν
2043 1120 2248 1196 θηρίων
2307 1118 2665 1194 λυτρωθεῖσα,
2707 1126 2776 1197 τῇ
2828 1124 3113 1197 προστάξει
3168 1128 3262 1179 τοῦ
3324 1124 3592 1199 βασιλέως
3634 1125 3734 1194 τὴν

314 1199 563 1278 κεφαλήν
589 1201 906 1276 ἀπετμήθη.

910 1335 988 1405 τῇ
1028 1331 1165 1407 αὐτῇ
1205 1333 1391 1409 ἡμέρᾳ

531 1417 806 1490 Ἀθλησις
835 1424 934 1475 τοῦ
965 1421 1121 1496 ἁγίου
1149 1423 1426 1500 μάρτυρος
1465 1425 1759 1501 Μεορτίου.

386 1579 565 1641 Οὗτος
614 1581 958 1655 στρατιώτης
985 1583 1052 1652 ἧν
1084 1582 1173 1638 ἐπὶ
1227 1590 1327 1653 τῆς
1388 1582 1668 1660 βασιλείας
1729 1582 1973 1656 Διοκλη-

315 1674 532 1738 τιανοῦ,
594 1667 946 1746 ἀνδραγαθῶν
1004 1673 1141 1727 κατά
1219 1676 1327 1728 τῶν
1389 1668 1686 1749 Βαρϐάρων
1746 1672 1797 1727 ἐν
1854 1678 1971 1735 τοῖς

319 1758 616 1831 πολέμοις,
650 1759 739 1814 καὶ
788 1759 1149 1835 ἀγαπώμενος
1201 1762 1292 1817 καὶ
1340 1762 1487 1837 παρὰ
1530 1766 1628 1817 τοῦ
1680 1761 1970 1838 βασιλέως,

2741 1340 2959 1397 Eodem
2989 1340 3084 1397 die

2314 1428 2415 1484 99
2448 1428 2733 1485 Certamen
2760 1433 2940 1486 sancti
2967 1434 3225 1501 martyris
3246 1434 3482 1488 Meortii.

2156 1576 2261 1632 Hic
2293 1576 2658 1633 Diocletiano
2690 1578 3048 1649 imperatore
3081 1578 3253 1633 miles
3277 1577 3409 1646 fuit,
3443 1583 3501 1634 et
3530 1579 3604 1635 ob
3626 1596 3733 1635 na-

2082 1673 2275 1722 vatam
2308 1668 2537 1741 egregie
2564 1667 2842 1724 adversus
2898 1668 3183 1725 barbaros
3232 1684 3496 1741 operam,
3541 1669 3732 1740 impe-

2079 1756 2262 1811 ratori
2293 1773 2461 1827 asque
2482 1773 2550 1812 ac
2571 1757 3077 1813 commilitonibus
3107 1758 3321 1813 charus
3347 1775 3361 1823 ;
3385 1758 3731 1813 Christianm

317 1850 403 1902 καὶ
463 1848 612 1922 παρᾶ
667 1853 774 1903 τῶν
835 1854 1272 1924 συστρατιῶτων.
1360 1851 1719 1925 Διαγνωσθεὶς
1779 1850 1835 1906 δὶ
1888 1850 1967 1907 ὅτι

2084 1848 2282 1898 tamen
2299 1843 2435 1899 ﬁdei
2452 1861 2630 1900 causa
2647 1845 3371 1915 comprehensus,vinctus
3388 1845 3733 1916 perducitur

316 1937 640 2009 Χριστιανός
697 1937 829 2006 ἐστι,
884 1938 973 1992 καὶ
1033 1940 1344 2015 κρατηθεὶς,
1403 1941 1491 1995 καὶ
1550 1937 1746 2005 δεθεὶς,
1818 1938 1969 2015 ἤχθη

318 2026 555 2082 ἐνώπιον
611 2029 712 2080 τοῦ
776 2024 1070 2101 βασιλέως.
1126 2028 1227 2084 Καὶ
1287 2033 1504 2103 πρῶτον
1567 2029 1661 2102 μὶν
1731 2028 1973 2085 ἐκδύεται

309 2118 409 2186 τήν
473 2118 872 2188 στρατιωτικὴν
931 2115 1258 2185 πανοπλίαν,
1314 2118 1403 2173 καὶ
1459 2119 1559 2188 τὴν
1645 2119 1820 2189 ζώνην
1876 2124 1974 2175 τοῦ

310 2205 647 2277 ἀξιώματος.
711 2206 840 2261 Εἶτα
895 2204 1051 2277 ἐδέθη
1112 2207 1171 2262 ὲκ
1221 2209 1516 2281 τεσσάρων,
1574 2208 1663 2262 καὶ
1719 2207 1973 2264 ἐτύπτετο

315 2293 587 2361 ἀνηλεῶς.
649 2295 769 2350 Ἐπὶ
830 2294 1064 2357 πολκαῖς
1126 2293 1183 2350 δὲ
1233 2302 1351 2357 ταῖς
1407 2296 1575 2371 ὥραις
1633 2300 1973 2369 τυπτομένου

316 2385 507 2449 αὐτοῦ,
564 2381 691 2438 οὐδὲ
749 2385 849 2456 μία
908 2383 1244 2457 ἀνεπέμπετο
1330 2384 1496 2440 αὐτοῦ
1562 2389 1738 2464 ῳωνή.
1803 2387 1861 2443 Ὀ
1916 2384 1973 2441 ὂὶ

320 2472 578 2549 βασιλεὺς
611 2476 829 2544 θεωρῶν
893 2474 1071 2543 αὐτὸν,
1129 2478 1247 2537 πῶς
1305 2475 1564 2547 ὑπομένει
1620 2476 1717 2538 τὰς
1778 2477 1970 2549 μάστι-

314 2585 440 2639 γας,
471 2564 562 2619 καὶ
586 2566 683 2627 τάς
738 2564 1001 2628 τοσαύτας
1052 2564 1289 2639 πληγὰς,
1340 2564 1629 2639 ἐθαύμαζε.
1685 2565 1781 2620 Καὶ
1833 2568 1968 2642 πρὸς

319 2654 444 2716 τοὺς
478 2653 829 2729 παρεστῶτας
885 2657 1217 2729 στρατιώτας
1277 2652 1448 2729 ἔλεγε,
1507 2656 1753 2717 Ποταπὸς
1809 2674 1970 2729 στρα-

316 2745 521 2813 τιώτης
582 2744 763 2805 κακῶς
821 2745 1197 2814 ἀποθνήσκειί
1255 2746 1345 2807 Ὠς
1397 2742 1454 2800 δὲ
1511 2743 1621 2820 οὐχ
1676 2745 1968 2820 ηὑρίσκετο

318 2832 482 2895 τόπος
515 2833 674 2908 ὑγιής
698 2833 777 2896 εἰς
808 2833 870 2888 τὸ
930 2838 1091 2907 σῶμα
1138 2834 1329 2904 αὐτοῦ,
1387 2833 1606 2911 ἀφείθη·
1660 2833 1749 2889 καὶ
1804 2834 1968 2910 ἀπερ-

321 2920 446 2999 ῥίφη
480 2922 532 2976 ἐν
563 2925 633 2995 τῇ
693 2920 933 3000 φυλακῇ·
990 2924 1081 2978 καὶ
1128 2922 1383 2997 ψάλλων,
1436 2922 1527 2978 καὶ
1584 2924 1968 2999 προσευχόμε-

316 3031 424 3081 νος,
459 3011 597 3084 μετά
626 3010 777 3067 ὀκτὼ
806 3013 1018 3086 ἡμέρας
1048 3009 1393 3083 ἐτελεύτησε.

902 3104 984 3175 Τῇ
1016 3101 1154 3175 αὖτῇ
1185 3100 1369 3178 ἡμέρᾳ

308 3196 573 3269 Ἀθλησις
630 3200 731 3253 τοῦ
809 3198 971 3274 ἁγίου
1024 3199 1346 3325 ’ἰῆανασίου
1419 3202 1518 3255 τοῦ
1584 3197 1959 3275 ὁμολογητοῦ.

1084 3292 1107 3325 ε
1133 3292 1243 3325 πει-

1035 3279 1243 3331 Λείπει.

869 3370 1051 3427 MHNI
1090 3376 1180 3450 τᾳ
1220 3372 1410 3448 me.

313 3564 572 3635 Ἀθλησις
657 3562 768 3620 τῶν
853 3564 1019 3640 ἁγίων
1107 3566 1393 3640 μαρτύρων

949 3637 1334 3712 Στρατονίκου.

384 3725 547 3783 Οὗτοι
610 3725 664 3779 οἱ
714 3725 862 3799 ἅγιοι
914 3726 1161 3801 ὑπῆρχον
1214 3726 1302 3781 ἐπὶ
1353 3728 1632 3782 Λικιννίου
1678 3730 1776 3781 τοῦ
1819 3726 1968 3802 βασι-

322 3811 475 3875 λέως.
533 3814 704 3870 Καὶὸ
739 3816 835 3887 μὲν
896 3817 1049 3891 ἅγιος
1106 3816 1382 3893 Ἑρμῦλος
1437 3817 1503 3886 ἦν
1564 3814 1816 3878 διάκονος
1864 3822 1964 3885 τῆς

314 3903 644 3974 Ἐκκλησίας
704 3907 961 3979 Χριστοῦ⁹
1008 3902 1300 3981 διατρίϐων
1354 3904 1410 3962 δὲ
1442 3909 1470 3963 ὁ
1504 3907 1774 3970 Λικίννιος
1804 3906 1855 3961 ἐν
1885 3911 1967 3979 τῷ

315 3998 546 4065 ποταμῷ
604 3989 856 4063 Δοῦναϐι,
931 3994 1021 4050 καὶ
1105 3994 1337 4058 ἀκοῦσας
1417 3997 1541 4069 περὶ
1625 3995 1722 4051 τοῦ
1807 3994 1964 4071 ἁγίου

312 4080 615 4155 Ἐρμόλου,
673 4082 888 4138 ἐπίασεν
952 4084 1136 4154 αὐτὸν,
1194 4085 1284 4139 καὶ
1346 4085 1483 4158 μετα
1567 4085 1808 4160 σιδηρῶν
1872 4085 1962 4160 ῥα-

313 4166 480 4226 ϐδίων
512 4171 895 4244 ὲτιμωστςσατο
919 4173 1102 4228 αὐτόν.
1139 4175 1263 4229 [εἶτα
1292 4170 1610 4230 ἀπέκλεισεν
1673 4175 1752 4236 εἰς
1801 4175 1968 4252 φυλα-

311 4263 435 4330 κῆν,
467 4262 846 4336 παραγγείλας
880 4262 1228 4337 Στρατονίκῳ
1257 4268 1336 4335 τῷ
1392 4263 1698 4339 στρατιώτῃ
1753 4262 1964 4342 φυλατ-

312 4370 418 4405 τειν
452 4352 641 4407 αὐτόν.
679 4350 969 4414 Ἑλθᾶντος
1035 4350 1093 4406 δὶ
1148 4352 1403 4427 ἀγγέλου,
1463 4353 1553 4407 καὶ
1611 4348 1964 4427 παραμυθου-

318 4449 480 4512 μένου
511 4442 604 4495 τὸν
635 4443 790 4515 ἅγιον
855 4441 1152 4516 Ἐρμῦλον,
1214 4443 1431 4518 ἐθεώρει
1484 4444 1543 4498 ἐκ
1600 4450 1701 4511 τῆς
1750 4440 1969 4518 θυρίδος

314 4537 411 4599 τῆς
471 4529 724 4603 φυλακῆς
781 4531 809 4585 ὁ
865 4531 1248 4606 Στρατόνικος,
1307 4531 1398 4585 καὶ
1485 4531 1765 4587 ἐπίστευοε
1846 4532 1968 4595 καθ’

1504 3564 1784 3642 Ἐρμῦλου
1876 3568 1962 3621 καὶ

2087 1932 2161 1987 ad
2184 1933 2624 2004 imperatorem.
2658 1936 2739 1989 Ac
2770 1933 3027 2004 primum
3050 1934 3284 2004 quidem
3312 1934 3492 1988 armis
3518 1933 3731 1987 milita-

2084 2021 2268 2087 ribus,
2304 2028 2364 2077 et
2392 2023 2628 2095 cingulo
2660 2022 2965 2095 dignitatis
2997 2023 3253 2077 exuitur.
3295 2024 3437 2077 Tum
3472 2038 3540 2075 ex
3580 2039 3727 2092 qua-

2086 2116 2219 2166 tuor
2248 2112 2515 2183 partibus
2546 2112 2840 2184 alligatus,
2873 2112 3214 2183 gravissime
3238 2110 3517 2166 caeditur:
3568 2128 3732 2166 cum-

2086 2217 2199 2271 que
2230 2218 2338 2272 per
2359 2202 2578 2256 multas
2601 2201 2777 2255 horas
2800 2200 3465 2259 verberaretur.nullam
3490 2216 3733 2271 prorsus

2081 2306 2283 2345 vocem
2309 2290 2727 2349 emittebat.ita
2748 2296 2811 2345 ut
2831 2291 3154 2362 imperator
3172 2290 3397 2351 videns,
3415 2306 3532 2359 quo
3556 2288 3730 2343 modo

2082 2379 2316 2451 ﬂagella
2347 2380 2669 2452 plagasque
2700 2379 3007 2451 perferret,
3040 2378 3432 2450 obstupuerit.
3458 2384 3514 2434 et
3534 2385 3730 2433 astan-

2083 2469 2239 2523 tibus
2265 2469 2558 2524 militibus
2614 2468 2866 2523 dixerit:
2928 2469 3009 2523 En
3068 2468 3262 2540 qualis
3320 2467 3492 2522 miles
3550 2484 3729 2538 quam

2082 2559 2299 2615 misere
2331 2557 2613 2613 moritur!
2644 2561 2783 2613 Cum
2818 2559 2996 2630 igitur
3033 2558 3236 2612 nullus
3285 2563 3443 2612 esset
3490 2557 3550 2611 in
3610 2563 3731 2611 toto

2080 2650 2211 2720 ejus
2243 2665 2488 2719 corpore
2521 2648 2649 2702 sine
2681 2648 2920 2704 vulnere
2954 2647 3137 2709 locus,
3158 2646 3441 2701 dimissus
3472 2651 3580 2707 est,
3601 2647 3730 2701 etin

2079 2754 2377 2795 carcerem
2409 2738 2719 2793 detrusus:
2754 2737 2851 2793 ubi
2886 2737 3167 2808 psallens,
3201 2742 3259 2792 et
3295 2752 3494 2802 orans,
3527 2742 3730 2791 octavo

2078 2835 2214 2902 post
2242 2828 2336 2884 die
2366 2828 2641 2884 decessit.

2723 3122 2942 3178 Eodem
2974 3122 3070 3177 die

2215 3212 2370 3270 100
2403 3211 2685 3269 Certamen
2713 3215 2892 3268 sancti
2919 3213 3216 3267 Athanasii
3239 3213 3575 3280 confessoris.

2800 3305 2991 3356 Deest.

2629 3390 2868 3445 EODEM
2909 3390 3160 3445 MENSE.

2608 3480 2711 3535 Die
2742 3479 2976 3537 decima
3005 3481 3180 3536 tertia

2074 3570 2221 3626 τοι
2288 3568 2571 3624 Certamen
2626 3575 2940 3696 sancSttorutm
2972 3576 3304 3654 .marlyrum
3372 3568 3613 3642 Hermyli
3669 3576 3720 3625 et

2799 3657 2864 3695 ra
2891 3656 3056 3696 omci.

2799 3656 3056 3696 ratomci.

2144 3730 2246 3785 Isti
2305 3729 2493 3784 sancti
2552 3728 2774 3785 Licinio
2828 3730 3184 3802 imperatore
3239 3729 3601 3785 claruerunt.
3653 3732 3723 3785 Et

2074 3824 2315 3874 sanctus
2346 3817 2587 3890 quidem
2619 3819 2930 3890 Hermylus
2959 3819 3245 3875 diaconus
3274 3824 3401 3874 erat
3444 3818 3719 3874 Ecclesim

2072 3908 2311 3974 Christi,
2344 3908 2514 3979 cujus
2541 3907 2761 3963 famam
2791 3924 2925 3963 cum
2960 3908 3238 3976 Licinius,
3271 3907 3372 3978 qui
3410 3908 3566 3979 apud
3599 3907 3719 3963 Da-

2073 3998 2324 4054 nubium
2355 3997 2597 4053 ﬂuvium
2630 3998 3718 4070 morabatur,audisset,comprebcndi

2066 4086 2269 4159 jussit,
2323 4086 2618 4159 virgisque
2675 4088 2883 4143 ferreis
2966 4094 3303 4153 contusum,
3363 4088 3424 4141 in
3482 4103 3717 4141 carcere

2073 4175 2405 4232 Stratonice
2437 4175 2611 4230 militi
2643 4176 3096 4231 custodiendum
3127 4175 3387 4230 tradidit.
3431 4175 3715 4229 Stratoni-

2073 4282 2178 4321 cus
2207 4282 2341 4320 vero
2368 4280 2503 4319 cum
2535 4281 2605 4319 ex
2630 4263 2890 4319 fenestra
2918 4265 3173 4319 carceris
3203 4264 3479 4334 angelum
3512 4268 3717 4317 sancto

2074 4355 2456 4419 assidentem,
2489 4370 2746 4423 eumque
2797 4354 3204 4409 consolantem
3252 4353 3513 4415 vidisset,
3559 4352 3715 4406 ultro

2075 4444 2289 4499 Christi
2322 4442 2500 4497 fidem
2533 4442 2811 4512 suscepit,
2847 4448 2905 4496 et
2934 4443 3208 4513 Hermylo
3241 4442 3499 4499 amicum
3531 4457 3593 4496 se
3612 4440 3715 4496 ad-

2068 4533 2290 4605 junxit.
2323 4530 2580 4585 Educlus
2609 4537 2806 4586 autem
2839 4547 2869 4586 e
2895 4533 3165 4587 custodia
3195 4532 3528 4603 Hermylus,
3578 4547 3714 4586 cum

314 4621 495 4676 ὶαυτὸν
532 4626 613 4692 τῷ
647 4622 865 4695 Χριστῷ
902 4602 991 4676 καὶ
1038 4620 1246 4697 ἐγένετο
1295 4621 1456 4701 φίλος
1513 4627 1611 4678 τοῦ
1660 4621 1960 4697 Ἑρμῦλου.

2084 4623 2145 4678 1d
2175 4620 2490 4678 colendum
2522 4618 2682 4675 idola
2710 4620 2932 4677 frustra
2962 4627 3220 4678 tentatus
3239 4602 3465 4691 fuisset,
3499 4622 3715 4678 iterum

314 4706 640 4780 Ἐκόληθεὶς
674 4707 730 4766 δέ
782 4717 885 4781 τῆς
944 4710 1242 4787 φυλακῆςὸ
1284 4710 1576 4785 ’Βρμῦλος,
1623 4711 1958 4785 ἠναγκάζετο

314 4807 684 4872 προσκυνῆσαι
740 4806 856 4863 τοῖς
909 4798 1186 4862 εἰδώλοις.
1248 4802 1350 4856 Καὶ
1408 4802 1482 4872 μὴ
1544 4802 1799 4863 πεισθεὶς,
1860 4800 1959 4854 τύ-

317 4909 496 4944 πτετοι
533 4890 671 4963 μετᾶ
698 4885 957 4965 ῥαεόίων,
1002 4891 1135 4945 Εἶτα
1193 4892 1327 4964 μετᾶ
1387 4889 1604 4965 ὀνῦχων
1659 4890 1818 4945 ἀεττῦ
1874 4888 1959 4944 δί-

320 4979 536 5054 ἰαχισαν
567 4980 670 5047 τήν
700 4977 914 5033 κοιλίαν
950 4978 1114 5034 αὐτοῦ
1144 4980 1233 5033 καὶ
1266 4980 1365 5047 τὴν
1397 4977 1643 5050 καρδίαν.
1695 4981 1872 5053 Ὀρῶν
1902 4975 1959 5034 δὲ

318 5068 345 5122 ὁ
402 5068 764 5142 Στρατόνικος
820 5065 1065 5123 ἔκλαυσε·
1120 5067 1212 5122 καὶ
1266 5069 1528 5142 γνωσθεὶς
1615 5067 1956 5144 ἐτιμωρήθη.

317 5157 418 5214 Καὶ
476 5156 779 5234 ἀμφότεροι
835 5155 1074 5234 ῥιφέντες
1134 5154 1187 5211 ἦν
1237 5161 1319 5229 τῷ
1386 5160 1621 5231 ποταμῷ
1705 5151 1958 5225 Δούναϐι,

316 5244 732 5316 ὶτελειώθησαν.

855 5334 1038 5393 MHNI
1080 5336 1174 5392 T0
1209 5337 1413 5393 ΑΥΤΩ.

1096 5433 1171 5490 ΙΔ⁹

312 5531 582 5603 Ἀθλησις
631 5534 742 5587 τῶν
804 5530 964 5604 ὁσίων
1024 5531 1280 5604 Πατᾉέρων
1320 5603 1323 5604 ν
1358 5532 1520 5603 ἡμῶν
1606 5535 1716 5589 τῶν
1773 5532 1825 5589 ἐν
1883 5536 1962 5604 τῷ

770 5606 903 5674 Σινᾷ
932 5597 1048 5677 ὄρει
1075 5597 1469 5659 τελειωθέντων
1485 5646 1500 5666 ,

384 5702 521 5762 Ἀπὸ
555 5699 830 5778 διαφόρων
860 5703 1042 5757 τόπων
1092 5702 1181 5757 καὶ
1230 5703 1454 5778 χωρίων
1509 5703 1558 5758 oi
1609 5702 1755 5780 ἆγίοι
1814 5704 1961 5759 οὗτοι

2068 4713 2246 4784 virgis
2270 4709 2536 4777 creditur,
2566 4716 2625 4765 et
2654 4712 2892 4784 ungulis
2944 4712 3229 4783 aquilinis
3275 4713 3338 4768 in
3383 4719 3607 4780 ventre,
3657 4719 3715 4770 et

2069 4800 2248 4858 corde
2306 4800 2698 4871 discerpitur:
2759 4802 2916 4872 quod
2972 4802 3175 4857 videns
3241 4802 3625 4870 Stratonicus,
3679 4820 3716 4858 a

2069 4890 2351 4963 lacrymis
2380 4889 2492 4943 sibi
2512 4894 2841 4961 temperare
2864 4908 2982 4946 non
3007 4892 3216 4964 potuit.
3234 4892 3423 4959 Quare
3445 4893 3714 4965 cognitus

2071 4988 2130 5039 et
2157 4982 2284 5052 ipse
2313 4979 2706 5036 excruciatur.
2739 4980 2926 5035 Ambo
2973 4980 3232 5054 denique
3261 4983 3324 5039 in
3378 4982 3713 5039 Danubium

2071 5072 2316 5130 ﬂuvium
2345 5068 2628 5136 demersi,
2660 5069 2842 5127 vitam
2873 5070 3179 5129 finierunt.

2617 5363 2859 5421 EODEM
2898 5361 3150 5419 MENSE.

2588 5453 2693 5509 Die
2722 5453 2954 5509 decima
2982 5457 3195 5525 quarta

2074 5542 2226 5599 ποτ
2255 5544 2536 5599 Certamen
2581 5550 2900 5599 sanctorum
2958 5547 3188 5597 Patrum
3233 5547 3565 5606 nostrorum,
3616 5543 3714 5610 qui

2495 5618 2556 5670 in
2586 5620 2766 5671 monte
2794 5614 2954 5670 Sinai
2982 5616 3108 5669 caesi
3130 5619 3275 5668 sunt.

2146 5705 2227 5760 Ex
2257 5702 2501 5759 diversis
2532 5703 2684 5759 lucis
2733 5702 3023 5773 terrisque
3073 5700 3164 5756 isti
3216 5699 3401 5758 sancti
3450 5698 3707 5755 fuerunt.
