4074 6192
319 380 437 439 259

1635 356 2064 427 MENOLOGll
2111 355 2308 416 PARS
2356 355 2435 417 ΙΙ.

3604 361 3721 422 260

320 516 436 570 vita
466 515 596 586 ejus
624 510 962 568 institutum
993 504 1064 560 ad
1097 504 1408 559 hominum
1437 499 1755 557 utilitatem
1795 505 1955 572 pate-

2075 488 2233 586 αὐτάο
2292 489 2384 546 καὶ
2422 489 2672 571 ἐτρέφετο
2731 493 2790 549 ἐκ
2839 499 2947 549 τῶν
2997 498 3220 570 καρπῶν
3273 491 3470 552 αὐτῶν.
3529 492 3716 550 Θέλων

321 606 536 664 facere.
570 604 712 658 illuc
743 597 984 654 adduxit
1014 594 1338 648 Antonium
1373 607 1675 664 magnum.
1707 589 1808 660 qui
1843 587 1964 644 exi-

322 693 620 756 stimabat,
650 688 950 744 neminem
986 685 1170 738 alium
1203 683 1490 737 interiora
1519 681 1727 748 eremi,
1750 683 1968 754 praeter

320 783 918 853 ipsum.penetrasse.
954 771 1061 827 Ubi
1093 771 1271 842 igitur
1300 771 1350 826 is
1382 771 1630 826 Paulum
1661 770 1826 834 vidit,
1860 768 1966 824 ob-

322 869 549 940 stupuit
598 884 610 919 :
653 879 910 934 cumque
964 861 1142 916 simul
1195 861 1559 932 colloquium
1621 861 1964 924 miscerent,

321 973 530 1012 corvus
586 969 799 1025 panem
855 952 1149 1024 integrum
1223 951 1308 1005 eis
1360 950 1592 1006 detulit.
1671 948 1964 1005 Antonius

318 1063 452 1102 vero
478 1049 837 1110 reversus,ut
870 1042 1115 1114 pallium
1153 1042 1204 1096 ei
1235 1041 1492 1110 afferret,
1513 1047 1811 1097 mortuum
1828 1055 1962 1095 eum

318 1134 560 1206 reperit,
592 1134 899 1204 Deumque
931 1131 1299 1201 gloriﬁcavit.

966 1309 1189 1366 Eodem
1221 1310 1317 1367 die

323 1405 472 1460 που
524 1402 978 1456 Commemoratio
1033 1400 1214 1456 sancti
1266 1401 1450 1456 Patris
1505 1402 1683 1456 nostri
1733 1402 1964 1456 Joannis

468 1473 751 1544 Calybitae,
785 1475 882 1544 qui
929 1489 1156 1528 aureum
1179 1472 1536 1542 Evangelium
1566 1472 1815 1527 habebat.

390 1605 645 1658 Joannes
677 1599 962 1672 Calybita,
992 1599 1508 1672 Constantinopoli
1539 1600 1818 1671 Eutropio
1858 1615 1960 1671 pa-

322 1692 492 1748 tricio
523 1706 590 1746 ac
619 1688 926 1744 Theodora
957 1695 1152 1752 natus,
1189 1707 1322 1745 cum
1353 1706 1501 1761 puer
1531 1693 1706 1753 esset,
1737 1689 1964 1762 rogavit

2071 576 2129 635 δὲ
2159 581 2188 636 ὁ
2219 581 2348 644 Θεὸς
2380 588 2682 659 φανερῶσαι
2728 585 2820 639 τὸν
2882 583 3000 660 βίον
3061 585 3229 640 αὗτοῦ
3287 585 3367 647 εἷς
3425 584 3713 661 ὠφέλειαν,

2069 671 2351 746 ἀπήγαγεν
2384 670 2497 726 ἐκεῖ
2551 674 2643 728 τὸν
2707 672 2874 749 μέγαν
2938 675 3255 744 Ἀντώνιον,
3317 676 3714 744 ὑπονοήσαντα,

2071 761 2156 814 δτι
2213 761 2506 835 βαθύτερον
2559 763 2728 817 αὐτοῦ
2787 762 2962 826 ἄλλος
3019 763 3120 818 οὐκ
3175 763 3425 833 εἰσῆλθεν
3481 764 3559 826 εἷς
3613 765 3712 833 τήν

2070 845 2298 926 ἔρημον.
2341 849 2526 908 Ἀλλὰ
2582 853 2758 927 εὑρὼν
2820 853 3007 920 αὐτὸν,
3067 851 3388 926 ἐθαύμασεν.
3447 853 3714 928 Ἀρξαμέ-

2069 963 2174 996 νων
2215 940 2272 997 δὲ
2332 944 2743 1018 συντυγχάνειν,
2799 944 2944 1014 ἦλθε
2993 945 3159 1020 κόραξ
3204 944 3495 1020 βαστάζων
3550 947 3709 1018 ἄρτον

2069 1029 2400 1106 ὁλόκληρον,
2433 1033 2520 1086 καὶ
2555 1030 2752 1088 ἔδωκεν
2776 1034 2982 1095 αὐτοῖς.
3010 1033 3275 1111 Στραφεὶς
3307 1031 3364 1088 δὶ
3394 1034 3710 1106 Ἀντώνιος,

2062 1116 2154 1174 ’ίνα
2186 1116 2322 1195 φέρῃ
2357 1120 2504 1194 αὐτῷ
2534 1123 2777 1195 ἱμάτιον,
2811 1121 2959 1198 εὗρεν
2993 1122 3153 1178 αὐτὸν
3211 1123 3589 1193 τελειωθέντα,
3621 1121 3714 1178 καὶ

2066 1206 2282 1282 ἐδόξασε
2307 1212 2400 1265 τὸν
2431 1211 2583 1268 Θεόν.

2669 1304 2754 1376 Τῇ
2769 1300 2904 1375 αὐτῇ
2927 1298 3110 1378 ἡμέρᾳ

2065 1407 2271 1479 Μνήμη
2300 1410 2403 1483 τοῦ
2429 1407 2593 1483 ὁσίου
2618 1408 2828 1483 [ἰατρὸς
2856 1409 3020 1481 ἡμῶν
3065 1409 3326 1483 γέιωάννου
3373 1411 3471 1463 τοῦ
3530 1407 3708 1464 Καλυ-

2349 1473 2506 1533 6ίτου
2531 1479 2595 1534 οὗ
2614 1479 2680 1548 ἧν
2713 1473 2774 1536 τὸ
2798 1473 3032 1555 χρυσοῦν
3061 1478 3421 1556 Εὖαγγελιον.

2136 1601 2820 1678 ἰωάννηςὸΚαλυϐίτης,
2878 1609 2947 1678 ἦν
3004 1607 3057 1663 έν
3115 1606 3703 1678 Κωνσταντινουπόλει,

2065 1695 2182 1756 υἱὸς
2213 1694 2530 1770 Εὖτροπίου
2557 1701 2656 1752 τοῦ
2687 1695 3078 1774 συγκλητικοῦ,
3137 1699 3226 1753 καὶ
3281 1693 3587 1773 Θεοδώρας.
3617 1697 3704 1754 Ἐν

315 1790 613 1853 parentes,
646 1790 730 1846 ut,
747 1780 982 1854 quando
1015 1781 1210 1835 caeteri
1241 1777 1632 1850 condiscipuli
1651 1777 1955 1851 Evangelia

2070 1783 2212 1859 ἀρχῇ
2263 1781 2322 1840 δὲ
2367 1792 2469 1855 τῆς
2523 1785 2770 1856 ἡλικίας,
2827 1786 3071 1862 ᾐτήσατο
3125 1785 3254 1850 τοὺς
3310 1791 3489 1863 γονεῖς
3517 1785 3704 1854 αὐτοῦ,

315 1871 625 1934 haberent,
659 1891 788 1945 qum
812 1873 1095 1943 legerent,
1152 1869 1382 1940 sibique
1431 1874 1602 1940 turpe
1651 1874 1808 1924 esset
1836 1884 1955 1923 non

2070 1858 2260 1948 λέγων,
2323 1869 2406 1928 ὅτι
2467 1873 2666 1936 Πάντες
2727 1875 2779 1929 οἱ
2837 1858 3190 1948 συμμαθηταί
3279 1858 3407 1948 μου,
3485 1869 3704 1950 ἔχοντες

316 1960 555 2022 habere,
589 1968 866 2017 curarent
891 1961 1070 2015 etiam
1093 1959 1203 2014 sibi
1237 1974 1372 2012 eum
1405 1957 1961 2029 librum.Compara-

315 2057 455 2105 runt
500 2051 700 2122 itaque
733 2051 786 2106 ei
829 2055 1107 2122 parentes
1154 2049 1480 2120 pretiosum
1511 2047 1958 2120 Evangeliorum

315 2137 602 2207 codicem,
637 2155 802 2206 auro,
842 2139 1111 2212 gemmis,
1147 2137 1598 2209 margaritisque
1655 2143 1954 2206 ornatum,

313 2228 772 2298 quingentorum
805 2243 1122 2282 aureorum
1152 2227 1359 2298 pretio.
1380 2225 1602 2282 Relicta
1632 2232 1828 2281 autem
1852 2226 1954 2281 do-

313 2317 635 2372 ctrinarum
660 2317 884 2379 schola,
915 2318 1174 2372 Joannes
1205 2331 1337 2370 cum
1371 2314 1628 2386 quodam
1661 2316 1954 2371 monacho

314 2407 742 2462 monasterium
763 2410 1192 2462 Accemetarum
1225 2405 1402 2471 adiit;
1427 2405 1631 2475 ibique
1665 2405 1952 2460 monasti-

312 2513 440 2552 cam
472 2495 649 2552 vitam
681 2496 1012 2567 amplexus,
1044 2501 1345 2551 certamen
1378 2511 1550 2550 suum
1585 2496 1806 2566 Optime
1829 2511 1954 2550 cer-

313 2587 496 2643 tabat.
534 2587 644 2642 Sed
674 2603 794 2642 non
829 2587 1053 2642 habens
1083 2585 1375 2646 diabolus,
1408 2585 1565 2640 unde
1598 2601 1731 2640 eum
1751 2603 1955 2660 aggre-

313 2677 573 2751 deretur,
607 2676 816 2748 injecit
841 2675 1054 2732 Joanni
1089 2691 1386 2730 summum
1417 2674 1652 2730 videndi
1677 2682 1954 2746 parentes

311 2765 828 2821 desiderium.Non
861 2772 1059 2820 tamen
1091 2765 1200 2819 hoc
1231 2765 1317 2818 illi
1350 2781 1381 2819 e
1413 2765 1709 2820 sententia
1729 2765 1910 2820 cessit
1937 2782 1951 2820 :

312 2855 454 2926 quin
485 2855 680 2925 potius
705 2871 738 2909 a
767 2855 990 2910 Joanne
1039 2853 1244 2912 victus.
1311 2859 1740 2924 superatusque
1794 2854 1906 2909 fuit
1937 2872 1950 2909 :

283 2960 448 2998 nam
462 2943 654 3009 ille,re
679 2960 813 2998 cum
827 2943 1078 2998 cmnobii
1105 2941 1382 3014 praefecto
1399 2943 1956 3000 communicata.in-

313 3032 445 3086 visit
470 3031 710 3102 quidem
726 3033 1056 3088 domumet
1075 3037 1384 3102 parentes;
1410 3030 1512 3086 sed
1535 3033 1952 3104 extrajanuam

313 3120 422 3175 sibi
449 3121 746 3193 tugurium
777 3126 1152 3184 construens,
1186 3120 1266 3175 ibi
1299 3127 1363 3174 ut
1391 3120 1700 3176 mendicus
1736 3122 1956 3177 mansit

2067 1959 2373 2037 Εὗαγγέλια
2448 1963 2904 2040 ἀναγινώσκουσιν
2936 1983 2950 1997 ·
3036 1961 3148 2039 ἐγὼ
3233 1960 3291 2019 δὲ
3369 1964 3444 2036 μή
3513 1961 3703 2039 ἔχων,

2067 2048 2418 2126 ἐντρέπομαι,
2443 2054 2542 2108 Διά
2569 2057 2732 2109 τοῦτο
2762 2053 3027 2124 ἐποίησαν
3089 2051 3236 2127 αὐτῷ
3294 2053 3346 2110 οἱ
3401 2059 3586 2130 γονεῖς
3615 2052 3704 2108 αὖ·

2062 2141 2159 2196 τοῦ
2195 2141 2526 2216 Εὖαγγέλιον
2585 2141 2895 2216 πολύτιμον
2947 2143 3053 2198 ἀπὸ
3110 2147 3339 2218 χρυσοῦ,
3394 2143 3484 2197 καί
3533 2140 3704 2206 λίθων

2064 2231 2286 2305 τιμίων,
2317 2231 2408 2286 καὶ
2468 2237 2836 2308 μαργαριτῶν,
2900 2231 3045 2305 ἄξιον
3098 2235 3449 2305 νομισμάτων
3515 2253 3704 2287 πεντα-

2063 2324 2288 2380 κοσίων.
2323 2322 2648 2379 Καταλιπὼν
2683 2321 2740 2378 δὲ
2767 2324 2867 2391 τήν
2899 2327 3006 2378 τῶν
3065 2324 3405 2396 μαθημάτων
3465 2321 3704 2398 σχολὴν,

2067 2413 2202 2484 μετᾶ
2231 2412 2480 2485 μοναχοῦ
2507 2433 2677 2480 τινος,
2722 2413 2820 2481 τὴν
2873 2416 2983 2468 τῶν
3030 2413 3378 2485 Ἀκοιμήτων
3423 2410 3706 2484 καταλαμ-

2064 2496 2216 2556 ϐάνει
2277 2503 2470 2574 μονήν.
2531 2501 2638 2558 Καὶ
2714 2499 2766 2556 ἐν
2831 2501 2968 2575 αὖτῃ
3025 2501 3228 2575 γίνεται
3288 2499 3555 2576 μοναχός·
3615 2501 3705 2555 καὶ

2063 2590 2371 2665 ἠγωνίσατο
2401 2588 2609 2651 καλῶς.
2644 2588 2823 2648 Ἀλλᾶ
2882 2591 2958 2662 μή
3017 2587 3162 2666 ἔχων
3193 2590 3222 2644 ὁ
3263 2585 3543 2652 διάϐολος,
3579 2587 3706 2645 ἄλλ’

2063 2680 2092 2735 ’ὀ
2123 2700 2171 2734 τι
2204 2681 2424 2750 ποιήσει
2457 2679 2626 2752 αὐτῷ,
2659 2673 2906 2734 ἐνέϐαλεν
2958 2679 3033 2742 εἰς
3091 2679 3252 2734 αὐτὸν
3281 2681 3380 2748 τήν
3415 2677 3704 2750 ἐπιθυμίαν

2060 2772 2158 2824 τοῦ
2185 2766 2318 2824 ἰδεῖν
2376 2767 2508 2831 τοὺς
2561 2773 2735 2843 γονεῖς
2795 2768 2979 2825 αὐτοῦ.
3031 2771 3226 2842 ’Ὁμως
3269 2769 3315 2824 εί
3346 2769 3435 2824 καὶ
3468 2771 3704 2840 ἡττήθη,

2061 2856 2192 2913 ἀλλ’
2231 2857 2447 2928 ἐνίκησε
2475 2859 2567 2913 τὸν
2624 2851 2908 2914 διάϐολον.
2968 2860 3116 2914 Μετᾶ
3167 2860 3268 2934 γὰρ
3325 2859 3556 2934 γνώμης
3609 2862 3707 2913 τοῦ

2061 2948 2368 3023 ἡγουμένου
2399 2945 2564 3014 ἦλθεν
2597 2947 2675 3009 εἷς
2730 2947 2824 3002 τὸν
2881 2947 3026 3002 οἷκον
3085 2946 3269 3002 αὐτοῦ·
3301 2947 3548 3008 καὶτοὺς
3610 2946 3702 3020 μὶν

2061 3042 2239 3112 γονεῖς
2287 3036 2454 3090 αὐτοῦ
2513 3035 2752 3112 ἐθεώρειο
2817 3035 2976 3098 αὐτὸς
3031 3033 3089 3091 δὲ
3170 3032 3416 3107 καλύϐην
3473 3038 3709 3107 ποιήσας

2063 3121 2164 3198 ἔξω
2191 3129 2290 3180 τοῦ
2319 3122 2594 3190 πυλῶνος,
2625 3123 2799 3179 ἔκειτο
2851 3124 2963 3180 ἐκεῖ
3017 3125 3095 3187 ὡς
3149 3126 3400 3201 πτωχὸς,
3447 3122 3550 3188 ἕως
3593 3124 3704 3181 ἐτε-

307 3225 497 3280 usque
523 3208 595 3264 ad
619 3208 1020 3266 obitum.Tum
1042 3226 1178 3264 vero
1203 3224 1273 3264 ex
1298 3225 1476 3264 aureo
1508 3210 1955 3282 Evangeliorum

2070 3213 2294 3284 λειώθη.
2355 3214 2459 3270 Καὶ
2531 3213 2658 3269 τότε
2737 3213 3110 3290 ἀνεγνωρίσθη
3192 3213 3252 3271 ὲκ
3325 3219 3423 3270 τοῦ
3496 3219 3705 3292 χρυσοῦ

307 3299 460 3356 libro
493 3300 762 3372 cognitus
789 3306 897 3355 est.

945 3388 1164 3446 Eodem
1217 3389 1312 3446 die

583 3479 736 3535 100
797 3479 1087 3534 Certamen
1111 3486 1311 3535 sanctae
1339 3477 1665 3536 Charitina.

376 3630 682 3686 Charitina
711 3636 938 3702 martyr
965 3630 1274 3686 Claudiani
1297 3631 1609 3702 cujusdam
1634 3632 1954 3688 Christiani

306 3719 507 3788 piique
538 3717 798 3772 hominis
820 3719 1382 3790 serva,temporibus
1405 3720 1955 3793 Diocletianiimpe-

305 3806 606 3869 ratoris,et
627 3806 945 3881 Domitiani
970 3808 1225 3877 comitis,
1241 3807 1455 3872 delata,
1477 3809 1634 3878 quod
1655 3810 1954 3866 Christum

306 3893 1378 3964 coleret,comprebenditur,etcomiti
1399 3897 1952 3954 sistitur.Christum

302 3987 502 4038 autem
549 3983 842 4051 confessa,
874 3999 1056 4055 seque
1084 3983 1481 4040 Christianam
1504 4002 1632 4041 esse
1665 3987 1952 4058 professa,

301 4071 645 4145 gravissime
677 4071 960 4128 caeditur:
988 4072 1204 4128 deinde
1236 4071 1444 4128 abraso
1469 4075 1646 4146 capiti
1661 4075 1952 4133 ferventes

301 4167 506 4235 guttm,
541 4162 1017 4234 acerrimumque
1076 4169 1309 4218 acetum
1358 4162 1771 4234 perfunditur:
1815 4181 1952 4223 mox

298 4251 489 4307 latera
518 4252 648 4324 ejus
677 4251 906 4307 facibus
941 4251 1314 4307 aduruntur:
1347 4251 1586 4308 demum
1643 4254 1838 4310 vincta
1889 4255 1951 4310 in

302 4359 468 4399 mare
499 4342 880 4416 demergitur.
914 4341 1026 4397 Sed
1063 4342 1346 4397 divinitus
1378 4349 1600 4415 erepta,
1633 4351 1692 4399 et
1746 4362 1891 4402 sana
1920 4363 1951 4402 e

301 4433 452 4487 mari
484 4431 758 4499 evadens,
809 4432 972 4487 stetit
1019 4447 1220 4487 coram
1277 4433 1512 4502 comite,
1574 4435 1674 4504 qui
1707 4450 1777 4490 ea
1830 4436 1954 4491 visa

302 4521 625 4592 obstupuit,
652 4522 1050 4593 praecepitque
1082 4528 1272 4577 rotam
1305 4522 1453 4590 fieri,
1489 4522 1661 4594 eique
1685 4531 1950 4581 sanctam

2059 3301 2418 3380 Εὖαγγελίου.
3514 3331 3518 3336 ·

2652 3396 2731 3467 Τῇ
2763 3393 2900 3468 αὐτῇ
2932 3395 3117 3468 ἡμέρᾳ

2415 3481 2688 3554 Ἀθλησις
2714 3489 2815 3553 τῆς
2845 3481 2998 3559 ἁγίας
3027 3482 3344 3558 Χαριτίνης.

2130 3626 2195 3682 Ἡ
2255 3624 2459 3699 μάρτυς
2518 3623 2785 3699 Χαριτίνη
2848 3625 3069 3700 ὑπῆρχε
3120 3622 3295 3697 δούλη
3354 3623 3701 3683 Κλαυδιανοῦ

2057 3734 2205 3776 τινος
2235 3716 2565 3786 Χριστιανοῦ
2619 3708 2792 3780 ὄντος,
2845 3713 2936 3769 καὶ
2994 3709 3282 3778 εὖλαϐοῦςο
3343 3713 3430 3770 ἐπὶ
3491 3712 3549 3771 δὶ
3601 3722 3701 3786 τῆς

2062 3801 2342 3880 βασιλείας
2409 3802 2808 3875 Διοκλητιανοῦ
2864 3805 2955 3860 καὶ
3038 3809 3372 3880 Δομετιανοῦ
3428 3807 3701 3880 κόμητος,

2059 3887 2438 3966 διαϐληθεῖσα,
2501 3894 2585 3949 δτι
2643 3894 2736 3949 τὸν
2790 3893 3019 3968 Χριστὸν
3102 3890 3340 3965 σέϐεται,
3402 3895 3699 3971 έκρατήθη,

2055 3983 2146 4038 καὶ
2176 3983 2417 4056 παρέστη
2449 3981 2685 4036 ἐνώπιον
2713 3985 2813 4038 τοῦ
2847 3981 3114 4056 κόμητος.
3151 3983 3256 4040 Καὶ
3309 3983 3702 4062 ὁμολογήσασα

2055 4072 2148 4127 τὸν
2220 4071 2477 4146 Χριστὸν,
2530 4070 2620 4125 καὶ
2687 4070 2771 4126 ὅτι
2855 4073 3152 4143 Χριστίανή
3227 4072 3363 4143 ἐστι,
3445 4074 3701 4131 τύπτεται

2059 4159 2324 4236 ΐσχυρῶς.
2383 4159 2514 4215 Εἶτα
2568 4160 2787 4233 ξυρᾶται
2847 4162 2945 4229 τήν
2995 4162 3263 4238 κεφαλήν,
3319 4164 3411 4219 καὶ
3467 4167 3698 4235 στακτὴν

2059 4249 2278 4320 ζέουσαν
2313 4247 2730 4304 καταπάσσεται.
2766 4249 2867 4306 Καὶ
2891 4248 3104 4326 δέχεται
3163 4251 3250 4308 ἐπὶ
3304 4255 3404 4323 τήν
3457 4255 3699 4334 κεφαλὴν

2058 4338 2225 4408 αὐτῆς
2294 4337 2415 4410 ὅξος
2470 4336 2820 4414 δριμ·5τατον’
2880 4340 2970 4395 καὶ
3033 4343 3166 4414 μετᾶ
3245 4342 3547 4417 λαμπάδων
3604 4346 3701 4408 τὰς

2055 4429 2295 4504 πλευρὰς
2355 4425 2774 4504 καταφλέγεται.
2837 4431 2969 4485 Εἶτα
3044 4429 3254 4496 δεθεῖσα
3313 4433 3584 4513 ἀπερῥίφη
3647 4435 3700 4491 ἐν

2056 4524 2126 4595 τῇ
2186 4519 2452 4594 θαλάσσῃ.
2516 4515 2841 4592 Παραδόξως
2915 4517 2972 4575 ὂὶ
3027 4517 3367 4593 διασωθεῖσα,
3412 4524 3502 4579 καὶ
3547 4527 3704 4599 ὑγιὴς

301 4585 915 4681 αἰὶίςαίαωβύῢάοοίὶε
936 4585 1294 4666 carbonibus
1323 4585 1785 4678 coniburi.Quod
1815 4631 1951 4671 cum

2070 4585 2156 4681 της
2189 4585 2476 4688 θαλάσσης,
2507 4585 2822 4679 ἐξελθοῦσα,
2879 4610 3117 4685 παρέστη
3171 4617 3253 4686 τῷ
3308 4585 3534 4688 κομητι.
3586 4585 3698 4674 ¹Καί

303 4696 524 4751 factum
553 4704 731 4765 esset,
763 4699 1024 4754 cruciata
1072 4705 1162 4754 est
1211 4701 1532 4757 Charitina.
1565 4703 1709 4758 Tum
1740 4702 1950 4761 dentes

305 4784 395 4839 illi
425 4785 607 4839 evulsi
634 4791 792 4853 sunt,
839 4804 970 4858 quas
1000 4789 1344 4859 gravissimo
1372 4789 1595 4856 dolore,
1655 4799 1715 4847 et
1735 4793 1952 4850 intole-

306 4873 481 4929 rabili
504 4873 705 4929 labore
737 4882 1027 4940 contecta,
1061 4877 1334 4946 spiritum
1367 4879 1483 4934 Deo
1517 4880 1776 4937 tradidit.

2061 4699 2192 4757 ἒδὼν
2226 4698 2391 4768 αὐτὴν
2424 4699 2452 4753 ὁ
2509 4696 2712 4772 κόμης,
2773 4696 3063 4774 ἑξεπλάγη’
3121 4701 3210 4756 καὶ
3271 4704 3565 4776 προσέταξε
3612 4726 3703 4780 γε·

2056 4793 2239 4853 νέσθαι
2286 4787 2516 4863 τροχὸν,
2573 4787 2661 4841 καὶ
2722 4783 2939 4856 δεθῆναι
2995 4791 3094 4859 τήν
3173 4791 3328 4866 ἁγίαν
3402 4792 3536 4860 ἐκεῖ,
3611 4795 3703 4850 καὶ

2060 4880 2164 4937 ὑπὸ
2193 4879 2285 4934 τὸν
2311 4876 2516 4951 τροχὸν
2547 4877 2767 4944 τεθῆναι
2800 4877 2968 4950 πυρὸς
2996 4876 3280 4952 ἄνθρακας.
3346 4883 3447 4938 Καὶ
3504 4883 3703 4940 τούτου

301 4959 618 5037 γενομένου,
652 4959 977 5048 έτιμωρεῖτο
1007 4963 1042 5030 ἡ
1076 4962 1218 5036 ἁγία.
1249 4962 1377 5018 Εἶτα
1407 4963 1732 5041 έξερριζώθη
1763 4968 1894 5034 τους
1943 4968 2194 5038 ὀδόντας,
2222 4965 2314 5022 καὶ
2349 4965 2410 5021 ἐκ
2454 4970 2556 5033 τῆς
2614 4962 2834 5033 πολλῆς
2888 4962 3085 5037 ὀδύνης
3134 4967 3224 5023 καἒ
3271 4975 3368 5026 τοῦ
3423 4971 3704 5048 ἀφορήτου

307 5051 480 5104 πόνου
511 5045 794 5122 παρέδωκε
817 5049 878 5103 τὸ
909 5054 1120 5121 πνεῦμα
1139 5053 1218 5120 τῷ
1267 5053 1403 5122 Θεῷ.

855 5165 1096 5221 EODEM
1127 5165 1380 5222 MENSE.

831 5255 934 5309 Die
967 5254 1198 5309 decima
1220 5259 1384 5310 sexta

300 5347 339 5400 1
359 5347 393 5399 1
415 5347 449 5399 Ι
487 5345 764 5401 Adoratio
794 5351 994 5417 sancte
1042 5351 1245 5417 catena
1299 5347 1475 5400 sancti
1513 5348 1749 5417 apostoli
1778 5352 1947 5415 Petri,

374 5432 488 5486 qua
534 5423 769 5486 propter
825 5415 1103 5489 (.‘_h_ristum
1149 5416 1227 5489 ab
1269 5417 1499 5472 Herode:
1546 5415 1683 5489 'rege
1737 5424 1948 5479 vinctus

369 5489 503 5556 fuit,
530 5495 582 5542 et
605 5489 663 5542 in
693 5487 998 5543 custodiam
1028 5487 1324 5556 conjectus.

370 5670 515 5724 Cum
537 5665 798 5724 Herodes
814 5682 920 5723 rex
935 5665 1432 5739 comprehensum
1451 5667 1731 5728 Iacobum
1755 5672 1942 5728 sancti

2611 5168 2788 5226 MHNI
2817 5175 2903 5224 ΤΩ
2934 5174 3137 5231 ΑΥΤΩ.

2854 5261 2926 5330 ιζ·

2056 5370 2115 5425 ἹΙ
2169 5365 2544 5442 προσκύνησις
2628 5372 2726 5434 τῆς
2802 5369 2834 5422 ἆ
2877 5367 2956 5432 ίας
3033 5369 3276 5436 ἁλύσεως
3353 5378 3450 5431 τοῦ
3539 5376 3700 5450 ἁγίου

2125 5437 2438 5493 ἀποστόλου
2519 5437 2745 5494 Πέτρου.
2958 5440 3206 5494 tactiosan
3261 5445 3364 5494 ὑπὸ
3448 5447 3700 5494 Ἣοώδηυ

2125 5437 2467 5534 ἀπρσῖὁλουι
2519 5437 2792 5534 [Περσων
2815 5437 2882 5510 ἤν
2925 5440 3206 5534 ⁵ἒιρόρεσξν
3253 5445 3419 5534 ,ὑπὸη
3448 5437 3700 5534 Ἡρώδου

2125 5515 2232 5638 toi;
2281 5511 2552 5600 βασιλέως
2604 5507 2694 5564 διὰ
2736 5507 3007 5588 Χριστὸν,
3058 5507 3164 5570 ’καὶ
3249 5515 3458 5590 ἑολήθη
3517 5507 3582 5575 ’ἐν
3627 5524 3698 5596 τῇ

2123 5604 2193 5659 φυ
2237 5603 2365 5658 ακῃ.

2125 5671 2256 5727 Κατ’
2317 5669 2517 5727 έκεῖνον
2575 5670 2667 5726 τὸν
2726 5675 2936 5749 καιρὸν,
2997 5675 3025 5730 ὁ
3105 5674 3362 5750 βασιλεὺς
3446 5678 3699 5755 Ἡρώδης
