4074 6192
259 370 375 427 265
1733 360 1868 420 JAN

2077 359 2192 421 US.
3564 373 3682 433 255

259 494 669 571 Ἀλεξάνδρου,
743 497 1105 569 ΙΙατριάρχης
1159 494 1374 569 γέγονεν
1456 487 1868 563 Ἀλεξανδρείας

2049 508 2142 561 pro
2175 490 2290 546 fide
2323 493 2648 549 orthodoxa
2680 496 2943 565 pertulit,
2976 499 3415 568 persecutiones
3449 517 3658 571 passus

265 587 355 644 Καί
391 584 485 640 ’ὁιὰ
514 587 617 654 τήν
675 583 968 658 ὀρθοδοξον
1035 583 1216 638 πίστιν
1277 579 1464 636 πολλὰ
1503 579 1805 654 πειραθεὶς,
1835 600 1874 633 κ

2076 582 2427 652 1giens,etin
2452 583 2725 638 exsilium
2753 585 2991 656 pulsus:
3019 604 3271 659 cumque
3297 591 3685 661 quadraginta

263 677 551 751 διωχθεὶς,
584 677 677 730 καὶ
727 676 939 749 φυγὼν,
999 672 1090 728 καί
1140 670 1456 745 ἐξορισθεῖς,
1514 669 1606 724 καὶ
1662 668 1749 723 ἐπὶ
1803 689 1872 722 τες

2065 671 2291 724 luorum
2316 688 2608 726 annorum
2643 674 2830 743 spatio
2863 693 2965 745 pro
3003 676 3233 730 Christo
3293 677 3674 747 decertasset,

260 768 561 840 σαράκοντα
589 766 677 819 καὶ
714 762 810 819 δύο
863 762 1103 839 χρόνους
1157 762 1291 835 ὑπὲρ
1350 763 1597 836 Χριστοῦ
1656 758 1869 833 ἀγωνισ‹

2076 761 2279 816 tndem
2300 761 2671 817 obdormivit.
2700 765 2944 821 Sanctus
2970 784 3100 822 vero
3124 769 3396 839 Cyrillus,
3420 772 3685 826 Theodo-

264 878 445 923 μενος,
497 854 793 927 κοιμηθεὶς
851 853 1170 922 ἐτελειώθη,
1203 854 1266 910 Ὀ
1324 848 1381 905 δὶ
1430 851 1588 924 ἅγιος
1646 847 1873 914 Κύριλλι

2074 852 2122 904 io
2147 852 2388 921 juniore
2424 852 2772 923 imperante.
2800 856 3105 926 Theophili
3131 859 3476 928 patriarcha)
3500 877 3683 930 nepos

262 947 510 1021 ὑπῆρχεν
542 943 633 1000 ἐπὶ
666 942 958 999 Θεοδοσίου
1002 948 1099 996 τοῦ
1152 945 1373 1017 μικροῦ,
1406 937 1624 1011 ἀνεψιὸς
1652 934 1871 1010 Θεοψίλι

2075 945 2094 991 t
2130 938 2190 991 in
2223 939 2426 993 eadem
2463 940 2860 995 Alexandrina
2878 942 3017 996 sede
3049 960 3375 1003 successor.
3400 946 3472 1000 ad
3507 962 3684 1016 syno-

262 1037 613 1109 πατριάρχου
670 1036 770 1101 τῆς
842 1032 1012 1101 αὐτῆς
1064 1029 1283 1088 πόλεως
1340 1024 1774 1102 Ἀλεξανδρείας
1830 1026 1871 1079 0i

2078 1045 2177 1082 um
2210 1029 2569 1099 Ephesinam
2603 1030 2882 1086 adversus
2914 1032 3159 1102 impium
3186 1036 3518 1089 Nestorium
3552 1052 3687 1090 con-

256 1145 394 1185 τινος
428 1124 654 1197 ἐγένετο
683 1121 775 1176 καὶ
811 1118 1097 1194 διάδοχοςο
1149 1118 1471 1195 παρεγένετο
1530 1113 1587 1170 δὲ
1638 1114 1728 1169 καὶ
1762 1113 1857 1168 αὐτ

2076 1123 2338 1189 regatam
2361 1118 2678 1188 profectus,
2706 1120 2926 1190 primas
2951 1121 3105 1175 inter
3127 1123 3434 1193 episcopos
3456 1124 3683 1178 tenuit:

257 1214 326 1275 εἷς
415 1214 524 1280 τὴν
586 1212 1048 1287 συγκροτηθεῖσαν
1132 1208 1186 1264 ἐν
1247 1208 1466 1284 Ἐςρὲσῳ
1524 1201 1772 1271 σύνοδον,
1837 1202 1861 1257 ἰ

2075 1205 2361 1276 mitisque
2394 1207 2527 1262 aliis
2574 1215 2730 1262 recte
2784 1208 2956 1263 factis
3014 1209 3230 1273 clarus,
3263 1212 3335 1266 ad
3369 1213 3684 1268 Dominum

255 1304 567 1377 καθαιρέσει
641 1302 735 1356 τοῦ
817 1294 1112 1362 δυσσεϐοῦς
1197 1295 1518 1371 Νεστορίου,
1603 1294 1670 1348 τὰ
1733 1296 1864 1367 πρῶ

1603 1294 1670 1348 τὰ
1733 1296 1927 1367 πρῶτα
2030 1297 2320 1369 migravit,
2354 1300 2536 1353 vitam
2568 1299 2865 1370 recipiens
2896 1306 3199 1356 aeternam.

258 1395 414 1468 φέρον
448 1391 507 1447 ἐν
539 1391 890 1453 ἐπισκόποις.
917 1391 1047 1446 Εἶτα
1079 1388 1131 1444 ἐν
1164 1385 1405 1450 πολλοῖς
1433 1384 1524 1441 καὶ
1556 1382 1751 1446 ἄλλοις
1781 1382 2168 1458 κατορθώμασι
2202 1383 2541 1460 διαλάμψας,
2574 1388 2709 1462 πρὸς
2763 1388 2955 1462 Κύριον
3007 1387 3360 1462 ἐξεδήμηστν,
3392 1387 3685 1447 ἀπολαϐὼν

257 1490 346 1551 τήν
382 1483 617 1537 αἱώνιον
648 1482 819 1551 ζωὴν.

834 1599 912 1671 Τῇ
963 1594 1101 1667 αὐτῇ
1158 1594 1347 1669 ἡμέρᾳ

2684 1597 2901 1653 Eodem
2954 1598 3047 1654 die

262 1689 474 1761 Μνημη
560 1688 664 1755 τῆς
723 1684 874 1747 ὁσίας
931 1677 1204 1746 Εὐσεϐίας
1260 1687 1360 1751 τῆς
1424 1678 1871 1753 μετονομασθείστ

2094 1684 2185 1737 17
2239 1682 2692 1739 Commemoralio
2748 1694 2951 1743 sanctae
3008 1689 3274 1755 Eusebiae,
3330 1696 3688 1758 cognomento

996 1772 1198 1842 Ξένης.
1959 1780 2006 1845 Β

1959 1780 2006 1845 Β
2767 1777 2951 1831 Xenm.

326 1892 390 1946 Ἥ
453 1890 586 1966 ἁγία
640 1883 875 1946 Εὑσεϐία
931 1891 966 1958 ἡ
1033 1886 1498 1961 μετονομασθεῖσα
1552 1885 1724 1954 Ξὲνη,
1780 1883 1932 1958 γέγο-

2112 1888 2323 1943 Sancta
2353 1889 2626 1956 Eusebia,
2674 1897 3065 1961 cognomento
3115 1893 3298 1957 Xena,
3338 1893 3398 1947 id
3430 1898 3539 1961 est,
3576 1894 3690 1950 Ho-

261 2002 342 2035 νεν
373 1982 435 2036 ἑκ
481 1988 589 2050 τῆς
645 1978 863 2040 πόλεως
915 1979 1165 2051 Ῥώμης,
1226 1975 1451 2051 εὖγενης
1508 1974 1600 2028 xui
1658 1969 1868 2049 εὕμορφ

2079 1978 2211 2049 pita,
2246 1993 2314 2032 ex
2342 1977 2487 2034 urbe
2511 1980 2695 2035 Roma
2725 1980 2855 2047 fuit,
2880 1996 3115 2051 genere,
3146 1980 3337 2036 forma
3358 1981 3688 2053 0pipusque

263 2072 346 2125 xui
403 2068 689 2125 πλουσία.
752 2070 877 2125 Τῶν
949 2064 1008 2121 δὲ
1063 2064 1261 2140 γονέων
1321 2063 1489 2133 αὐτῆς
1553 2059 1872 2138 βουληθέντι

2079 2067 2307 2139 isignis.
2343 2068 2486 2122 Cum
2520 2074 2718 2123 autem
2751 2078 3028 2139 parentes
3057 2069 3275 2124 vellent
3304 2087 3431 2125 eam
3468 2070 3528 2123 in
3562 2086 3688 2125 ma-

265 2162 401 2235 πρὸς
462 2160 648 2233 γάμον
704 2156 872 2224 αὐτὴν
929 2152 1178 2210 ἐκδοῦναι
1215 2198 1229 2223 ,
1297 2152 1387 2208 xui
1440 2155 1655 2207 πάντων
1714 2150 1874 2222 ἕτοιμ

2082 2156 2383 2210 -ἱωοηίυῐῐι
2425 2155 2739 2222 collocare,
2794 2158 3111 2228 omniaque
3171 2158 3245 2213 ad
3303 2158 3691 2214 celebrandas

267 2252 522 2317 σθέντων,
556 2247 609 2320 ἐξ
669 2246 835 2301 αὐτοῦ
890 2248 989 2300 τοῦ
1044 2245 1252 2299 παστοῦ
1312 2241 1445 2315 μετᾶ
1502 2237 1599 2296 δύο
1658 2236 1876 2294 δουλίδο

2081 2244 2274 2315 uptias
2308 2251 2512 2315 parata
2543 2250 2762 2313 essent,
2821 2251 3055 2316 arrepta
3101 2245 3328 2301 occulte
3360 2246 3496 2318 fuga
3552 2262 3687 2300 cum

266 2338 649 2415 ἀποφυγοῦσα,
692 2337 779 2391 καὶ
814 2334 893 2396 είς
949 2333 1149 2388 πλοῖον
1196 2331 1537 2400 εἰσελθοῦσα,
1597 2328 1875 2384 ἀπέπλευσ

2080 2332 2266 2388 uabus
2293 2332 2529 2388 ancillis
2586 2334 2781 2389 navim
2839 2335 3223 2389 conscendit:
3287 2352 3405 2405 qua
3431 2334 3687 2391 Alexan-

270 2429 341 2490 εἰς
392 2423 858 2500 Ἀλεξάνδρειαν.
911 2425 1007 2480 Ἐκ
1080 2425 1177 2476 τοῦ
1260 2419 1469 2475 πλοίου
1532 2417 1590 2474 Si
1646 2417 1879 2488 ἐξελθοῦι

2080 2422 2227 2476 riam
2259 2421 2475 2489 delata,
2500 2430 2808 2495 angustam
2846 2423 3086 2478 domum
3119 2424 3319 2491 subiit,
3352 2425 3579 2479 incerta
3609 2423 3681 2478 ob

264 2516 553 2589 κατέμενεν
617 2514 694 2577 είς
744 2513 959 2584 οἴκημα
1015 2529 1305 2586 πενιχρον,
1338 2507 1640 2582 διαπροῦσα
1699 2505 1788 2562 διὰ
1831 2527 1873 2560 τη

2071 2512 2447 2567 nﬁrmitatem
2472 2512 2846 2580 muliebrem,
2873 2530 3135 2583 quonam
3156 2531 3217 2568 se
3236 2514 3545 2585 reciperet.
3570 2511 3680 2568 Sed

266 2606 587 2681 γυπαικείαν
648 2604 922 2667 ἀσθένειαν
956 2645 969 2669 ,
1014 2604 1120 2655 ποῦ
1167 2598 1400 2662 ἀπελοοι
1434 2615 1448 2630 ⁶
1509 2594 1635 2652 ἀλλ’
1693 2594 1870 2668 ἔπεμψ

2076 2600 2200 2655 iisit
2221 2601 2295 2655 ad
2321 2601 2485 2656 illam
2512 2601 2665 2656 Deus
2686 2601 2930 2656 Paulum
2960 2602 3279 2672 quemdam
3306 2603 3685 2670 monachum,

268 2698 404 2766 αὐτῇ
446 2696 476 2749 ὁ
528 2693 660 2755 Θεὸς
710 2689 997 2765 ἄνθρωπον
1056 2688 1354 2762 μονάζοντα
1406 2685 1621 2741 ΙΙαῦλον
1677 2685 1877 2755 ὀνόματ

2078 2690 2136 2744 ui
2170 2707 2231 2744 se
2260 2691 2470 2745 salutis
2502 2690 2709 2745 ducem
2744 2691 3070 2762 etprazbuit
3094 2710 3106 2758 ;
3132 2699 3309 2762 atque
3341 2692 3401 2745 in
3433 2691 3685 2762 patriam

267 2784 365 2841 Καὶ
428 2782 640 2842 ἐκεῖνος
696 2777 987 2854 ὡδήγησεν
1033 2777 1201 2844 αὐτὴν
1255 2776 1393 2849 πρὸς
1453 2773 1747 2844 σωτηρίαν,
1779 2773 1873 2828 Ἀν

2076 2795 2203 2832 nam
2237 2779 2547 2850 Mylassam
2582 2780 2763 2834 Carire
2813 2782 3138 2851 proximam
3172 2781 3458 2836 adductas
3490 2781 3550 2834 in
3582 2798 3685 2835 ec-

268 2869 469 2928 λάὄετο
501 2874 607 2946 γαρ
643 2869 829 2935 αὑτὰς,
885 2867 978 2921 xui
1034 2863 1236 2942 ἤγαγεν
1292 2864 1368 2926 εἷς
1420 2864 1521 2931 τὴν
1572 2859 1712 2916 ἷδίαν
1767 2860 1875 2916 πόλ

2075 2867 2218 2922 lesia
2259 2868 2448 2923 sancti
2502 2869 2948 2939 protomartyris
3006 2870 3312 2940 Stephani,
3346 2886 3526 2941 quam
3561 2870 3684 2940 ipse

267 2964 336 3025 εἷς
369 2960 672 3019 Μῦλασσαν
730 2955 977 3027 πλησίον
1039 2955 1257 3028 Καρίας.
1322 2954 1419 3010 Καὶ
1477 2950 1682 3007 ἔκτισεν
1738 2947 1876 3005 ἐκκλί

2075 2962 2393 3022 xtruxerat,
2430 2956 2756 3012 collocavit.
2790 2957 2874 3012 lbi
2930 2959 3107 3031 igitur
3133 2959 3572 3014 sanctissimam
3605 2959 3684 3013 vi-

271 3054 382 3107 σίαν
443 3051 535 3107 ἰπὶ
585 3053 666 3120 τῷ
753 3046 979 3119 ὀνόματι
1063 3048 1161 3100 τοῦ
1246 3043 1406 3118 ἁγίου
1464 3040 1880 3114 πρωτομαρτυρι

2080 3061 2157 3099 ιω
2191 3045 2442 3101 Eusebia
2470 3044 2805 3113 traducens,
2850 3045 3073 3102 donum
3134 3049 3312 3104 etiam
3367 3047 3689 3105 miraculo-

274 3140 552 3218 Στεφάνου
587 3158 602 3172 ⁸
663 3138 753 3192 καὶ
837 3132 1269 3203 ἀποκατέστησεν
1369 3129 1532 3192 αὐτὰς
1615 3129 1725 3185 ἐκεῖ
1756 3174 1771 3187 .
1830 3134 1883 3182 Κι

2077 3150 2174 3188 um
2206 3135 2552 3206 promeruit.
2586 3136 2849 3206 Cumque
2882 3135 3041 3193 hunc
3063 3138 3123 3192 in
3156 3136 3400 3192 modum
3424 3138 3685 3206 vixisset,

270 3217 537 3285 τοσοῦτον
581 3226 893 3302 ἠγωνίσατο
945 3226 982 3293 ἠ
1036 3223 1185 3298 ἁγία,
1245 3221 1319 3282 ὡς
1375 3219 1463 3275 καὶ
1520 3217 1747 3274 πολλῶν
1802 3219 1931 3272 θαυ-
2041 3221 2316 3279 decessit.

274 3320 461 3393 μάτων
526 3318 872 3388 ἀξιωθῆναι·
934 3313 1023 3368 καὶ
1092 3311 1238 3367 οὕτω
1305 3309 1548 3386 βιώσασα
1601 3308 1747 3363 τὲλει
1809 3308 1932 3383 βίου

272 3408 579 3483 ἐχρήσατο.

844 3494 930 3566 Τῇ
988 3490 1128 3564 αὖτῇ
1182 3489 1367 3564 ἡμέρᾳ

2690 3499 2911 3556 Eodem
2942 3502 3038 3558 die

456 3593 732 3664 ’Ἃθλησις
757 3599 858 3661 τῆς
906 3589 1060 3666 ἁγίας
1097 3587 1368 3664 μάρτυρος
1421 3584 1754 3657 Θεοδούλης.

2186 3588 2339 3644 IIS
2374 3587 2656 3644 Certamen
2695 3597 2901 3646 sanctrr
2939 3592 3202 3660 martyris
3234 3590 3548 3647 Theodulw.

345 3710 632 3780 Θεοδοῦλη
678 3712 711 3781 ἡ
770 3712 977 3783 μάρτυς
1034 3707 1283 3781 ὑπῆρχεν
1345 3704 1404 3759 ἐκ
1450 3711 1552 3774 τῆς
1599 3698 1937 3779 Ἀναξάρῦου

2115 3705 2419 3761 Theodula
2457 3711 2701 3778 martyr,
2734 3707 3099 3763 Diocletiano
3130 3708 3512 3780 imperatore,
3542 3710 3692 3763 Ana~

282 3804 501 3865 πόλεως
532 3800 620 3856 ἐπὶ
660 3807 760 3868 τῆς
819 3795 1097 3873 βασιλείας
1157 3793 1576 3865 Διοκλητιανου·
1608 3792 1696 3848 διὰ
1752 3791 1809 3847 δὲ
1837 3794 1891 3847 τί

2087 3792 2203 3847 arbi
2229 3800 2388 3861 nata,
2422 3794 2495 3849 ob
2518 3794 2731 3850 Christi
2757 3794 2933 3851 fidem
2964 3795 3514 3868 professionemque
3537 3813 3569 3851 a
3592 3798 3696 3851 Pe-

286 3891 360 3946 εἷς
421 3888 656 3965 Χριστὸν
712 3888 935 3955 πίστιν,
995 3885 1083 3940 καὶ
1141 3885 1243 3953 τὴν
1301 3882 1605 3957 ὁμολογίαν
1665 3881 1895 3957 ἐκρατηθ

2089 3881 2202 3953 igio
2235 3882 2521 3938 Anazarbi
2564 3883 2838 3955 praefecto
2872 3886 3321 3957 comprehensa,
3354 3884 3698 3959 gravissime

284 3984 430 4056 παρᾶ
490 3977 767 4053 Πελαγίου
852 3976 1123 4051 ἄρχοντος
1210 3978 1310 4044 τῆς
1390 3968 1756 4047 Ἀναζάρϐου.
1834 3977 1893 4027 Κι

2095 3971 2333 4027 aeditur:
2365 3989 2622 4045 cumque
2655 3975 2811 4030 inter
2847 3977 3146 4032 cruciatus
3187 3976 3479 4032 miracula
3507 3982 3704 4048 patra-

286 4066 616 4139 ὶὸασανίσθη
676 4068 969 4143 ίσχυρῶς·
1044 4066 1135 4120 καὶ
1225 4063 1621 4138 βασανιζομένη
1707 4061 1895 4134 ἐθαυμε

2096 4068 2161 4126 3t,
2186 4062 2523 4135 complures
2556 4064 2628 4119 ad
2652 4065 2867 4120 Christi
2906 4067 3085 4122 fidem
3138 4068 3336 4137 traxit,
3388 4084 3459 4122 ex
3491 4065 3705 4137 quibus

284 4160 561 4236 τούργησε
590 4176 605 4192 ·
665 4158 753 4211 xui
809 4154 1337 4230 θαυματουργήσασα
1394 4150 1732 4207 ἐπεσπάσατο
1803 4149 1893 4205 πο]

2097 4154 2163 4208 iit
2208 4153 2797 4223 Commentariensis,
2833 4162 2891 4212 et
2943 4157 3251 4214 Helladius
3300 4156 3557 4229 adjutor,
3605 4158 3706 4228 qui

286 4251 419 4313 λοῦς
478 4249 571 4303 xui
630 4247 808 4303 ἔπεισε
867 4244 1190 4321 προσελθεῖν
1244 4248 1323 4315 τῷ
1370 4245 1606 4319 Χριστῷ,
1666 4242 1757 4297 xui
1790 4244 1895 4318 γενέ

2097 4242 2244 4314 spite
2274 4243 2431 4315 plexi
2467 4249 2623 4299 sunt.
2671 4248 2741 4299 At
2780 4245 3097 4300 Theodulaa
3158 4246 3418 4317 primum
3477 4243 3706 4300 subulis

288 4352 407 4404 σθαι
439 4337 825 4412 Χριστιανούς.
871 4336 962 4405 Ἐξ
1020 4332 1093 4387 ὧν
1138 4335 1273 4402 ἦσαν
1306 4332 1334 4386 ὁ
1368 4331 1815 4405 Κομενταρίσιος,
1855 4352 1897 4386 κε

2097 4332 2449 4388 audentibus
2470 4333 2757 4387 mamillae
2787 4334 3165 4405 perforantur
3190 4340 3249 4389 et
3269 4334 3668 4389 amburuntur
3694 4350 3706 4389 :

289 4432 316 4484 ὁ
377 4429 582 4503 βοηθὸς
631 4421 951 4491 Ἐλλάδιος,
1005 4422 1204 4485 οἳτινες
1249 4421 1339 4478 καὶ
1393 4421 1489 4485 τὰς
1545 4420 1782 4498 κεφαλὰς
1815 4421 1898 4475 ἀπε

2101 4438 2194 4477 iox
2221 4422 2453 4493 capillis
2476 4422 2535 4477 in
2571 4440 2848 4495 cypresso
2883 4440 3187 4496 suspensae
3210 4423 3395 4496 pedes
3425 4423 3710 4479 aculeatis

289 4522 619 4594 τμήθησαν.
677 4518 740 4574 Ἦ
800 4514 859 4571 δὲ
913 4514 1037 4589 ἁγία
1096 4515 1199 4569 ὑπὸ
1255 4509 1531 4568 σουὸλίων
1585 4514 1898 4587 πυρωθέντα

2105 4512 2306 4567 irculis
2338 4514 2751 4586 conﬁguntur:
2782 4520 2959 4585 atque
2990 4515 3072 4570 ita
3098 4532 3389 4587 suspensa
3420 4514 3519 4570 diu
3551 4532 3714 4571 man-

295 4609 628 4685 διετρυπηθη
688 4606 778 4662 καὶ
852 4603 1086 4675 κατεκάη
1153 4602 1281 4666 τοὺς
1346 4601 1604 4677 μαστούς.
1659 4604 1789 4658 Εἶτα
1841 4602 1904 4657 ἀπ

2108 4608 2147 4659 t.
2182 4604 2391 4658 Postea
2413 4604 2631 4670 soluta,
2665 4604 2728 4658 in
2756 4603 3056 4658 caminum
3110 4605 3266 4677 ignis
3324 4604 3713 4662 vehementer

293 4705 400 4755 τῶν
454 4702 667 4772 τριχῶν
743 4695 1052 4770 ἐκρεμάσθη
1142 4692 1192 4748 ἐν
1278 4693 1619 4767 κυπαρίσσῳ’
1672 4691 1762 4746 xui
1819 4691 1902 4746 τοί

2100 4708 2369 4748 ccensum
2421 4692 2764 4748 immittitur
2795 4710 2929 4748 cum
2963 4694 3097 4749 aliis
3121 4695 3381 4750 sanctis:
3444 4695 3548 4750 ubi
3608 4694 3709 4751 diu

298 4787 469 4849 πόδας
505 4787 641 4860 μετᾶ
686 4790 792 4840 τῶν
850 4784 1091 4860 καρφίων
1153 4780 1478 4852 καθηλώθη.
1543 4782 1637 4838 Kui
1688 4780 1907 4855 ἐκρὲματ

2103 4799 2253 4849 rans,
2288 4799 2621 4853 manusque
2654 4783 3003 4852 extendens,
3038 4789 3095 4839 et
3113 4786 3334 4858 gratias
3358 4801 3557 4858 agens,
3578 4803 3712 4841 san-

300 4879 383 4933 ἑπῖ
419 4877 584 4931 πολὺ·
621 4874 711 4930 xui
766 4874 900 4947 μετὰ
956 4876 1123 4927 ταῦτα
1180 4869 1404 4925 λυθεῖσα
1458 4869 1547 4924 xui
1598 4869 1672 4931 εἷς
1720 4871 1909 4941 κάμινε

1353 4892 1404 4925 τα
1458 4869 1547 4924 xui
1598 4869 1672 4931 εἷς
1720 4871 1952 4941 κάμινον
2055 4878 2209 4927 ctam
2238 4873 2503 4927 animam
2538 4873 2655 4928 Deo
2688 4873 2962 4929 reddidit.

297 4968 466 5041 πυρὸς
490 4964 739 5041 ἱσχυρῶς
766 4963 1065 5030 ὲκκαεῖσαν,
1104 4961 1239 5035 μετᾶ
1267 4961 1354 5015 καὶ
1390 4961 1583 5033 ἑτέρων
1617 4958 1783 5034 ἁγίων
1810 4954 2167 5031 ἐμϐληθεῖσα,
2203 4959 2288 5015 ἐπὶ
2322 4960 2465 5017 πολὺ
2488 4961 2921 5036 προσευξαμὲνη,
2952 4961 3041 5017 xui
3072 4963 3167 5026 τὰς
3199 4969 3393 5039 χεῖρας
3425 4962 3723 5032 ἂκτείνασα,

297 5057 384 5110 xui
412 5055 879 5130 εὐχαριστησασα,
910 5048 1193 5126 παρέδωκε
1220 5051 1319 5119 την
1348 5049 1504 5125 ἁγίαν
1536 5048 1703 5113 αὐτῆς
1732 5048 1916 5122 ψυχὴν
1946 5053 2026 5121 τῷ
2055 5052 2191 5122 Θεῷ,

834 5181 1011 5236 ΜΗΝΙ
1070 5180 1165 5235 ΤΩ
1220 5178 1421 5234 ΑΥΤΩ.

2620 5180 2860 5236 EODEM
2901 5181 3151 5236 MENSE.

1088 5268 1165 5322 ΙΘ¹
1234 5296 1237 5299 ·
2600 5270 2697 5324 Die

2600 5270 2704 5324 Die
2763 5269 2996 5325 decima
3037 5286 3196 5325 nona

298 5381 572 5452 ’Δθλησις
628 5380 729 5433 τοῦ
780 5375 935 5451 ἁγίου
1010 5375 1282 5449 μάρτυρος
1337 5370 1603 5428 Θεοδότου
1662 5370 1907 5427 ἐπισκὸπ‹

2124 5375 2225 5430 ιθ
2270 5374 2553 5431 Certamen
2610 5379 2785 5431 sancti
2842 5379 3105 5446 martyris
3168 5378 3428 5450 TheOpoti
3485 5379 3728 5449 episcopi

769 5463 1044 5538 Κυρηνίας
1093 5466 1194 5528 τῆς
1248 5461 1496 5537 Κύπρου.

2608 5466 2846 5535 Cyrinia:
2886 5468 2945 5520 in
2988 5468 3185 5537 Cypro.

368 5580 544 5641 Οὗτος
570 5576 625 5631 ἐν
694 5572 785 5628 ἐπὶ
817 5571 1094 5627 Λικιννίου
1122 5573 1219 5625 τοῦ
1254 5569 1523 5644 βασιλεως
1582 5568 1673 5623 καὶ
1730 5563 1963 5625 Σαϐίνου

2144 5574 2259 5627 Iste
2292 5573 2513 5628 Licinio
2538 5572 2920 5644 imperatore,
2953 5578 3008 5627 et
3040 5572 3257 5628 Sabino
3316 5574 3527 5629 insulas
3557 5569 3723 5639 Cypri

302 5668 575 5743 ἡγεμόνος
604 5671 711 5735 τῆς
772 5662 1024 5738 Κυπρίων
1082 5662 1275 5731 νήσου.
1322 5658 1420 5713 Διᾶ
1450 5655 1507 5713 δε
1562 5659 1662 5727 τὴν
1722 5657 1798 5721 εἰς
1826 5661 1906 5735 Χρ

2112 5662 2378 5729 ιι-ωῑεοιο,
2415 5664 2489 5717 ob
2522 5662 2738 5717 Christi
2772 5662 3208 5718 confessionem
3236 5661 3721 5743 comprehensus,

307 5758 428 5813 στὸν
482 5752 796 5829 ὁμολογίαν
870 5748 1181 5827 κρατηθείς,
1248 5747 1544 5823 προσήχθη
1603 5751 1681 5819 τῷ
1736 5748 1916 5824 ἠγεμόη

2117 5750 2221 5805 tad
2242 5751 2517 5806 eumdem
2539 5752 2817 5806 Sabinum
2840 5750 3180 5820 praefectum
3199 5749 3508 5811 adductus,
3534 5742 3725 5798 nervis

582 5878 851 5938 PATROL.
898 5874 1019 5933 Gn.
1062 5869 1305 5933 CXVII.

3406 5886 3441 5940 9
