4072 6194
342 389 484 478 ‘2'67

1689 407 2120 474 MENOLOGII
2163 409 2368 473 PARS
2413 409 2498 470 ΙΙ.

3666 411 3782 476 268

369 525 610 606 bubulis
637 549 954 606 durissime
985 546 1267 603 caeditur:
1301 546 1362 600 in
1395 543 1716 616 equuleum
1757 560 2000 617 suspen-

2112 534 2342 613 ’Σαϐἰνῳ
2376 582 2390 607 ,
2469 539 2559 594 καὶ
2638 539 2892 595 τύπτεται
2983 539 3117 613 μετᾶ
3204 540 3506 616 βουνεῦρων
3594 541 3776 617 ξηρῶν

373 657 492 703 sus,
529 640 998 694 excarnificatur.
1036 639 1161 691 Mox
1193 653 1372 708 super
1402 636 1660 690 ferreum
1709 635 2018 709 grabatum

374 729 640 799 subjecta
671 727 912 784 ﬂamma
941 726 1298 780 extenditur.
1334 725 1446 781 Sed
1493 725 1692 780 divino
1728 725 2018 779 beneficio

375 835 440 873 ex
473 819 604 889 igne
636 816 1069 872 admirabiliter
1105 822 1393 880 servatus,
1427 815 1636 870 ferreis
1667 814 1883 870 calceis
1916 815 2020 869 iis-

373 923 483 977 que
517 906 693 960 clavis
723 907 912 960 acutis
944 905 1191 961 confixis
1237 905 1554 970 calceatus,
1589 921 1825 959 currere
1854 921 2016 959 com-

367 995 629 1066 pellitur.
668 999 908 1050 llemum
933 997 1152 1051 carceri
1177 994 1462 1060 inclusus,
1494 994 1697 1048 tandiu
1722 995 1782 1047 in
1813 994 2016 1048 vincu-

336 1083 445 1151 ,lis
475 1085 607 1152 fuit,
643 1086 836 1157 quoad
866 1093 1158 1153 cessante,
1191 1085 1565 1140 Constantini
1588 1085 1780 1158 Magni
1814 1085 2017 1139 Roma-

338 1166 586 1230 'norum
617 1175 993 1247 imperatoris
1035 1176 1247 1244 edicto,
1281 1175 1715 1246 persecutione,
1763 1173 2016 1241 solutus,

369 1264 635 1320 ecclesiae
668 1282 788 1320 sum
819 1265 1092 1337 regimini
1145 1263 1435 1332 incubuit,
1485 1263 1732 1318 verbum
1780 1260 2016 1319 Domini

368 1354 555 1408 nostri
585 1354 720 1408 Jesu
752 1353 964 1409 Christi
1028 1353 1296 1426 deposito
1339 1353 1502 1407 omni
1561 1357 1745 1420 metu,
1775 1350 2013 1406 docens.

369 1442 634 1514 Cumque
678 1442 988 1498 biennium
1027 1443 1287 1509 vixisset,
1317 1441 1657 1512 multosque
1707 1440 1781 1496 ad
1827 1441 2015 1512 pieta-

369 1537 488 1587 tem
521 1533 930 1599 convertisset,
959 1533 1230 1606 migravit
1258 1532 1333 1588 ad
1361 1533 1703 1594 Dominum,
1731 1537 1788 1587 et
1817 1547 1852 1586 a
1881 1529 2018 1586 reli-

371 1621 553 1694 giosis
581 1621 891 1695 discipulis
923 1623 1046 1678 suis
1076 1622 1406 1679 honorifice
1439 1621 1707 1695 sepultus
1732 1620 1863 1676 fuit.

573 1992 578 1996 ἱ
831 1968 834 1970 ν
1013 1918 1234 1976 Eodem
1284 1917 1381 1974 die

518 2035 672 2092 120
705 2037 988 2092 Certamen
1016 2044 1215 2093 sanctae
1243 2036 1504 2106 martyris
1535 2033 1875 2105 Euphrasiw.

443 2179 656 2236 Sancta
680 2186 906 2252 martyr
925 2181 1269 2252 Euphrasia,
1288 2179 1638 2235 Maximiano
1660 2179 2018 2250 imperatore

373 2285 443 2324 ex
469 2273 614 2325 urbe
647 2271 986 2325 Nicomedia
1015 2271 1146 2336 fuit,
1180 2270 1306 2341 pari
1340 2275 1398 2323 et
1427 2268 1665 2342 generis
1696 2274 1755 2324 et
1783 2283 2017 2322 morum

369 2357 542 2414 laude
575 2358 1010 2415 commendata.
1047 2359 1487 2430 Comprehensa
1508 2364 1729 2423 autem,
1758 2362 1818 2412 et
1841 2356 2017 2412 idolis

368 2450 702 2505 sacriﬁcare
751 2449 1080 2521 compulsa,
1113 2465 1248 2504 cum
1289 2448 1348 2502 id
1395 2448 1589 2503 facere
1639 2447 2014 2515 detrectaret,

364 2538 617 2594 barbaro
649 2545 708 2595 et
737 2540 950 2611 agresti
984 2539 1210 2594 homini
1242 2537 1516 2593 violanda
1545 2537 1836 2592 traditur:
1883 2553 2014 2607 quas

366 2627 570 2691 verita,
603 2645 677 2682 ne
709 2627 819 2683 sibi
854 2627 939 2683 vis
981 2627 1321 2692 inferretur,
1379 2625 1793 2698 hujuscemodi
1825 2626 2008 2681 artifi-

366 2717 522 2772 cium
546 2717 894 2789 excogitavit
935 2717 990 2772 Si
1019 2733 1134 2782 me,
1157 2717 1355 2788 inquit
1374 2716 1446 2772 ad
1470 2716 1663 2783 illum,
1690 2715 2010 2782 dimiseris,

366 2805 516 2861 dabo
551 2806 650 2861 tibi
687 2808 1092 2879 pharmacum,
1113 2806 1270 2878 quod
1294 2806 1340 2860 si
1371 2805 1710 2878 gestaveris,
1744 2821 1855 2860 nec
1884 2804 2012 2876 gla-

361 2894 516 2962 dius,
550 2912 660 2951 nec
701 2896 861 2951 aliud
894 2896 1199 2968 quidpiam
1245 2896 1350 2950 tibi
1377 2894 1634 2961 nocebit,
1667 2899 1769 2949 aut
1799 2893 2012 2948 vulnus

362 2983 636 3054 inﬂigere
666 2984 921 3056 poterit;
956 2983 1062 3039 sed
1093 2984 1165 3040 ab
1197 2983 1404 3051 hastis,
1456 2982 1720 3049 ensibus,
1755 2982 2009 3054 telisque

359 3073 678 3129 incolumis
725 3080 784 3129 et
837 3074 1060 3130 illmsus
1121 3073 1466 3130 servaberis.
1528 3073 1630 3128 Cui
1689 3073 1828 3129 ille:
1893 3074 2009 3128 Hoc

357 3162 634 3234 equidem
667 3163 893 3219 discere
914 3163 1148 3227 vellem,
1177 3163 1443 3234 mihique
1467 3162 1830 3235 persuaderi.
1864 3163 2007 3216 Tum

355 3253 704 3324 Euphrasia,
737 3259 973 3308 extento
1025 3255 1224 3310 statim
1257 3252 1444 3308 collo:
1482 3254 1748 3318 Percute,
1789 3251 2002 3322 inquit,

2125 629 2390 703 ἱσχυρῶς.
2429 631 2556 684 Εἶτα
2612 636 2877 703 κρεμᾰται
2938 628 3026 685 ἐπὶ
3086 629 3275 700 ξύλου,
3334 631 3424 686 καὶ
3484 630 3780 702 ξὲεταιτάς

2128 719 2324 792 σάρκας
2362 761 2376 776 .
2435 716 2542 774 Kal?
2625 718 2712 774 ἐπὶ
2783 721 3122 795 πυρωθὲντος
3180 718 3408 792 σιδηροῦ
3465 715 3776 795 κραϐϐάτου

2127 805 2417 862 άπλοῦται.
2471 805 2796 883 Παραδόξως
2847 807 2903 863 δὲ
2949 813 3018 882 τῇ
3049 813 3146 864 τοῦ
3176 814 3309 866 Θεοῦ
3343 807 3526 885 χάριτι
3560 808 3779 883 λυτρω-

2127 897 2237 958 θεῖς
2271 896 2329 951 ἐκ
2359 901 2454 951 τοῦ
2497 898 2687 972 πυρὸς.
2734 896 2976 967 ὑπεδήθη
3040 895 3236 972 σιδηρᾶ
3289 897 3614 971 ὑποδήματα
3647 903 3784 972 μετὰ

2126 983 2320 1055 ἥλων,
2385 984 2572 1056 ὀξέων,
2631 986 2718 1041 καὶ
2764 988 3094 1062 ἠναγκάζετο
3151 989 3390 1063 τρέχειν.
3455 991 3584 1044 Εἶτα
3639 989 3776 1044 ἀπε-

2125 1071 2351 1144 κλείσθη
2412 1074 2465 1130 ἐν
2520 1080 2586 1150 τῇ
2636 1074 2853 1154 φυλακῇ
2889 1098 2902 1110 ο
2952 1078 3044 1132 καὶ
3102 1076 3212 1132 ἐπεὶ
3275 1077 3549 1134 ἐπαύσατο
3581 1082 3609 1134 ὸ
3640 1082 3778 1136 κατὰ

2125 1168 2233 1218 τῶν
2289 1166 2624 1241 Χριστιανῶν
2681 1165 2962 1244 διωγμὸς,
3021 1171 3310 1240 προστάξει
3363 1173 3462 1224 τοῦ
3517 1170 3777 1246 Μεγάλου

2127 1256 2539 1310 Κωνσταντίνου
2589 1255 2711 1311 τότε
2788 1263 2890 1326 τῆς
2972 1260 3081 1312 τῶν
3142 1258 3434 1331 Ῥωμαίων
3497 1259 3781 1335 βασιλείας

2126 1345 2496 1418 κρατήσαντοξ
2555 1343 2800 1416 ἀπελύθη
2830 1346 2920 1400 καὶ
2979 1345 3140 1408 αὐτὸς
3187 1354 3288 1417 τῆς
3344 1345 3612 1426 φυλακῆς.
3675 1349 3780 1406 Καὶ

2126 1433 2192 1500 ἦν
2225 1428 2520 1506 διατρίϐων
2573 1432 2624 1488 ἐν
2677 1433 2746 1510 τῇ
2792 1436 2984 1490 ὶαυτοῦ
3017 1434 3302 1507 ἐκκλησίᾳ,
3347 1432 3570 1500 ἀφόϐως
3626 1435 3784 1494 διδά-

2127 1540 2267 1576 σκων
2299 1525 2397 1577 τοῦ
2429 1522 2632 1598 Κυρίου
2690 1525 2851 1596 ἡμῶν
2894 1527 3078 1595 Ἰησοῦ
3137 1530 3376 1601 Χριστοῦ
3431 1527 3524 1582 τὸν
3585 1524 3774 1602 λόγον.

2126 1613 2226 1668 Καὶ
2260 1615 2424 1684 ζήσας
2446 1611 2538 1686 ἔτη
2572 1610 2692 1685 δύο,
2720 1613 2812 1670 καὶ
2859 1613 3109 1679 πολλοὺς
3165 1617 3300 1691 πρὸς
3357 1618 3456 1686 τήν
3502 1614 3777 1675 εὐσέϐειαν

2127 1701 2451 1778 επιστρὲψας
2485 1747 2498 1774 ,
2575 1701 2714 1780 πρὸς
2787 1703 2982 1780 Κύριον
3059 1703 3395 1779 ἔξεδήμησεο
3450 1707 3542 1763 καὶ
3601 1707 3772 1786 ἐτάφη

2127 1789 2356 1866 ἐντίμως
2387 1792 2490 1848 ὑπὸ
2517 1796 2624 1848 τῶν
2657 1792 2829 1849 αὐτοῦ
2851 1787 3098 1850 εὐλαϐὧν
3133 1797 3416 1868 μαθητῶν.

2051 1921 2097 1987 Β
2722 1911 2806 1975 Ti
2827 1910 2966 1984 αὐτῇ
2998 1912 3182 1985 ἡμέρᾳ

2317 2021 2590 2096 νΔθλησις
2615 2031 2717 2095 τῆς
2745 2025 2901 2101 ἁγίας
2934 2025 3210 2102 μάρτυρος
3239 2026 3570 2104 Εὖφρασίας.

2191 2158 2254 2214 Ἦ
2286 2156 2410 2234 άγία
2468 2157 2673 2234 μάρτυς
2732 2159 3007 2236 Εὐφρασία
3055 2159 3261 2237 ἐγένετο
3291 2161 3352 2218 ἑκ
3404 2170 3505 2234 τῆς
3551 2164 3773 2227 πόλεως

2122 2246 2515 2319 Νικομηδείας,
2568 2247 2656 2305 ἰπὶ
2691 2254 3028 2324 Μαξιμιανοῦ
3082 2255 3181 2306 τοῦ
3243 2252 3538 2329 βασιλέως,
3585 2256 3788 2329 γένους

2120 2335 2388 2393 πλουσίου
2460 2336 2550 2394 καὶ
2600 2338 2809 2412 τρόπου
2867 2340 3150 2417 σώφρονος
3214 2341 3302 2398 καὶ
3357 2343 3574 2416 ἀγαθοῦ.
3627 2346 3776 2418 Κραο

2120 2427 2272 2482 θεῖσα
2302 2423 2361 2482 δὲ
2414 2427 2504 2483 καὶ
2551 2427 2942 2504 άναγκασθείσα
2997 2431 3151 2486 θῦσαι
3204 2437 3324 2494 τοῖς
3372 2430 3650 2503 εἶδώλοις,
3681 2434 3774 2489 καὶ

2123 2519 2198 2588 μή
2258 2522 2557 2589 πεισθεῖσα,
2615 2516 2891 2593 παρεδόθη
2956 2520 3094 2592 πρὸς
3149 2521 3212 2576 τὸ
3263 2524 3555 2594 μιανθῆναι
3615 2520 3778 2597 ἀνδρὶ

2123 2599 2378 2680 βαρϐάρῳ
2447 2607 2537 2660 καὶ
2614 2605 2899 2682 ἀγροίκῳ.
2957 2607 3173 2666 ’ίδοῦσα
3221 2607 3278 2665 δὲ
3335 2612 3435 2679 τὴν
3492 2611 3773 2686 ἀνάγκην,

2117 2691 2510 2768 ἐμηχανήσατό
2567 2715 2620 2750 τι
2685 2701 2934 2752 τοιοῦτον
2969 2739 2982 2754 .
3050 2701 3186 2755 Εῖπε
3231 2699 3336 2776 γὰρ
3391 2701 3528 2776 πρὸς
3585 2701 3774 2772 αὐτὸν,

2117 2781 2201 2836 δτι
2229 2783 2299 2839 Εἴ
2325 2783 2550 2860 ἀφήσεις
2583 2804 2670 2857 με,
2720 2781 2836 2859 ἔχω
2890 2806 2974 2840 σοι
3033 2785 3220 2842 δοῦναι
3278 2809 3584 2864 φαρμακον,
3636 2788 3773 2866 ὅπερ

2115 2867 2202 2924 ἐάν
2239 2871 2526 2945 βαστάζῃς,
2551 2869 2676 2928 οὕτε
2704 2873 2874 2951 ξίφος,
2915 2874 3038 2930 οὔτε
3095 2875 3236 2932 ἀλλο
3290 2898 3344 2932 τι
3405 2873 3771 2952 καταϐλάψει,

2114 2959 2149 3028 ἢ
2206 2960 2402 3033 τρώσει
2462 2981 2540 3029 σε,
2597 2961 2726 3017 ἀλλ’
2783 2959 2930 3038 ἔχεις
2988 2961 3438 3042 διαφυλάττεσθαι
3498 2967 3603 3022 ἀπὸ
3658 2972 3771 3022 τῶν

2113 3048 2409 3125 κονταρίων
2467 3050 2557 3105 καὶ
2610 3055 2720 3106 τῶν
2808 3052 3091 3123 σπαθίων,
3149 3055 3240 3110 καὶ
3299 3057 3500 3119 παντὸς
3568 3055 3770 3133 βὲλους

2117 3137 2299 3212 ὑγιής.
2352 3141 2411 3196 '0
2462 3137 2519 3194 δε
2577 3140 2743 3208 εἶπεν,
2803 3141 2887 3197 ὅτι
2941 3143 3175 3208 ὐθελον
3232 3148 3394 3200 τοῦτο
3451 3151 3638 3219 μαθεῖν
3673 3146 3766 3202 καὶ

2114 3229 2633 3305 πληροφορηθῆναι·
2671 3229 2844 3302 ἐκείνη
2878 3229 2936 3288 δὲ
2964 3234 3056 3288 τὸν
3102 3231 3242 3290 ἴδιον
3297 3234 3587 3310 τράχηλον
3621 3256 3765 3309 προ-

355 3303 704 3324 --τ---ηηι
743 3303 969 3308 νων-η
1025 3303 1224 3310 --π--
1262 3303 1400 3308 nm
1436 3303 1443 3306 τ
1482 3303 1503 3306 -
1534 3303 1748 3318 --ν--ν,

354 3340 551 3414 gladio
577 3357 588 3395 :
617 3358 728 3397 nec
750 3343 911 3398 enim
934 3343 1155 3414 poteris
1177 3347 1355 3414 caput
1375 3341 1520 3396 mihi
1545 3346 1872 3413 amputare.
1895 3339 2000 3405 Qui

2113 3317 2350 3387 τείνασα,
2399 3320 2568 3373 εἶπεν
2617 3323 2860 3394 Κροῦσον
2923 3323 3059 3394 μετὰ
3113 3327 3209 3378 τοῦ
3269 3326 3518 3394 σπαθίου,
3575 3325 3666 3381 καὶ
3698 3325 3762 3381 οὗ

355 3429 621 3486 adhibita
649 3431 812 3486 illius
841 3431 1033 3487 verbis
1065 3431 1200 3497 ﬁde,
1230 3431 1425 3504 gladio
1456 3446 1587 3486 eam
1610 3429 1922 3502 percussit,
1948 3433 2008 3484 et

349 3526 527 3592 caput
555 3538 590 3576 a
617 3519 944 3577 cervicibus
975 3520 1246 3577 abscidit.
1282 3524 1473 3592 Atque
1500 3520 1584 3575 ita
1607 3518 1680 3575 ab
1704 3534 1772 3574 eo
1801 3524 2004 3590 erepta

350 3614 459 3664 est.

1001 3771 1220 3827 Eodem
1249 3765 1342 3827 die

349 3899 496 3954 εδει
533 3899 985 3957 Commemoratio
1041 3911 1354 3958 sanctorum
1406 3904 1640 3958 Patrum
1683 3908 1998 3958 nostrorum

453 3989 689 4044 Macarii
712 3990 963 4056 Romani,
995 3998 1047 4045 et
1083 3990 1313 4045 alterius
1359 3991 1593 4045 Macarii
1619 3990 1886 4060 Egyptii.

416 4132 664 4190 Sanctus
695 4137 984 4194 Macarius
1020 4139 1320 4192 Romanus
1347 4152 1381 4192 a
1410 4142 1575 4208 patre
1607 4135 1825 4192 invitus
1857 4154 1996 4194 uxo-

341 4239 468 4278 rem
501 4221 715 4280 ducere
746 4231 1008 4294 coactus,
1044 4241 1113 4282 ea
1170 4225 1400 4293 relicta,
1459 4225 1657 4300 fugam
1708 4225 1991 4297 arripere,

341 4329 582 4386 sumque
615 4315 787 4371 saluti
819 4316 1136 4371 consulere
1164 4315 1490 4371 constituit.
1525 4315 1713 4380 Quare
1745 4314 1992 4387 angelus

338 4403 442 4457 Dei
475 4404 674 4460 statim
709 4421 846 4460 eum
881 4421 1214 4470 assumens,
1250 4404 1459 4460 ducem
1492 4422 1552 4460 se
1586 4405 1674 4459 illi
1717 4402 1989 4476 prmbuit.

338 4496 396 4547 et
425 4492 499 4546 ad
531 4493 876 4549 Paradisum
916 4510 1103 4566 usque
1135 4495 1484 4567 perducens,
1520 4495 1582 4548 in
1626 4494 1755 4549 loco
1787 4492 1990 4566 viginti

335 4581 669 4637 miliaribus
699 4582 772 4638 ab
805 4599 872 4638 eo
903 4583 1110 4639 dissito
1147 4583 1497 4639 collocavit:
1532 4583 1633 4639 ubi
1668 4589 1786 4638 tres
1818 4583 1988 4638 illum

2113 3402 2318 3482 δυνήσῃ
2355 3427 2422 3480 με
2457 3405 2874 3482 ἀποκεφαλίσαι.
2937 3411 3176 3473 Ἐκεῖνος
3232 3409 3290 3467 δὲ
3337 3413 3651 3482 πιστεύσας,
3677 3413 3765 3474 ὅτι

2110 3494 2290 3567 ἀληθῆ
2350 3496 2520 3573 λεγει,
2572 3496 2798 3574 ’ἔκρουσε
2848 3499 2985 3572 μετὰ
3032 3504 3131 3556 τοῦ
3163 3501 3415 3576 σπαθίου,
3447 3503 3538 3558 καὶ
3571 3504 3765 3560 ἀπεκε-

2108 3584 2318 3664 pallor
2349 3586 2440 3643 καὶ
2471 3586 2643 3650 οὕτως
2673 3586 2904 3665 ἐρῤύσθη
2928 3588 2980 3660 ἐξ
3011 3589 3196 3648 αὐτοῦ.

2699 3760 2776 3832 Τῇ
2807 3757 2944 3833 αὐτῇ
2975 3757 3158 3835 ἡμέρᾳ

2105 3901 2314 3974 Μνήμη
2374 3906 2484 3958 τῶν
2542 3901 2705 3958 ὁσίων
2782 3905 3034 3980 Ηατέρων
3089 3904 3248 3976 ἡμῶν
3328 3905 3609 3981 Μακαρίου
3661 3905 3761 3963 τοῦ

2209 3992 2503 4066 Ῥωμαίου,
2534 3993 2622 4048 καὶ
2651 3994 2836 4070 ἐτέρου
2869 3994 3154 4068 Μακαρίου
3198 3999 3297 4051 τοῦ
3344 3995 3648 4072 Αἰγυπτίου

2173 4129 2230 4181 '0
2291 4129 2384 4201 μὲν
2461 4130 2614 4205 ἅγιος
2703 4133 2983 4205 Μακάριος
3041 4132 3070 4186 ὁ
3125 4131 3447 4204 Ῥωμαῖος,
3511 4135 3614 4189 ὑπὸ
3657 4117 3757 4190 τοῦ

2101 4216 2304 4290 πατρὸς
2336 4219 2552 4291 γυναικῖ
2585 4221 2921 4294 συζευχθεῖς,
2977 4221 3070 4274 καὶ
3129 4221 3204 4294 μὴ
3265 4219 3462 4292 θέλων,
3521 4221 3752 4278 καταλι-

2099 4307 2215 4362 πὼν
2276 4306 2467 4379 αὐτὴν,
2525 4308 2781 4382 ἠγάπησε
2865 4316 3056 4385 φυγεῖν
3141 4311 3230 4366 καὶ
3311 4320 3574 4383 σωθῆναι,
3649 4315 3747 4368 Καὶ

2099 4397 2298 4462 εὐθέως
2369 4394 2703 4468 παραλαϐὼν
2777 4399 2934 4455 αὐτὸν
2998 4400 3227 4475 ἅγγελος
3310 4406 3466 4474 Θεοῦ,
3550 4401 3757 4479 ὡδήγει

2099 4487 2281 4542 αὐτόν·
2338 4487 2414 4547 ὠς
2465 4489 2553 4542 καὶ
2615 4488 2691 4551 είς
2749 4489 2840 4543 τὸν
2903 4487 3227 4562 παράδεισον
3286 4491 3586 4568 ἀπαγαγεῖν
3646 4493 3756 4549 ἀπὸ

2101 4578 2302 4651 μιλίων
2336 4577 2531 4648 εἴκοσι,
2581 4579 2672 4634 καὶ
2725 4583 3049 4650 κατοικῆσαι
3100 4580 3231 4637 ἐκεῖ·
3290 4577 3416 4638 ἔνθα
3447 4583 3537 4638 καὶ
3596 4581 3754 4660 εῦρον

336 4671 615 4727 monachi
647 4671 1022 4741 invenerunt,
1055 4672 1440 4745 TheOphilus,
1475 4673 1730 4746 Sergius,
1764 4677 1823 4728 et
1867 4671 1980 4744 Hy-

2112 4667 2248 4724 ιῦτὸν
2279 4674 2426 4744 τρεῖς
2489 4669 2752 4744 μοναχοὶ,
2812 4668 3082 4744 Θεόφιλος
3144 4672 3389 4748 Σέργιος,
3434 4673 3523 4727 καὶ
3557 4674 3753 4748 ’Υγιει-

330 4759 526 4833 ginus,
550 4761 765 4833 quibus
799 4761 1068 4835 exposuit
1093 4778 1462 4834 quacunque
1484 4762 1710 4818 viderat
1729 4761 1981 4817 admira-

328 4849 475 4905 bilia
506 4857 564 4904 et
594 4852 900 4924 stupenda.
938 4851 1200 4906 Tandem
1229 4851 1530 4924 decrepita
1562 4858 1732 4908 astate
1764 4852 1976 4924 migra-

323 4938 404 4992 vit
434 4938 507 4993 ad
545 4941 878 4996 Hominum.
913 4940 1076 4995 Alter
1096 4957 1227 4995 vero
1261 4948 1501 4995 sanctus
1528 4941 1832 4999 Macarius.
1858 4947 1979 4996 sta-

325 5032 454 5081 tura
492 5031 764 5099 pusillus,
784 5045 850 5084 ex
877 5029 1235 5084 Alexandria
1259 5030 1482 5100 Egypti
1515 5031 1623 5083 l'uit
1648 5047 1660 5083 :
1687 5029 1784 5100 qui
1809 5029 1977 5083 abdi-

322 5122 452 5170 cato
485 5117 702 5173 sa'culo
738 5134 998 5172 eremum
1027 5125 1253 5188 petens,
1290 5119 1686 5173 monasticum
1736 5118 1976 5172 institu-

323 5207 513 5261 tuma
566 5207 821 5277 quodam
883 5213 1087 5262 sancto
1151 5223 1291 5262 sene
1352 5209 1618 5279 accepit:
1677 5212 1854 5277 atque
1913 5207 1973 5261 in

317 5294 653 5360 virtutibus,
687 5297 966 5352 mandata
1001 5295 1097 5350 Uei
1129 5296 1448 5369 diligenter
1476 5295 1863 5354 observando.
1888 5294 1972 5349 sic

317 5382 568 5450 refulsit,
594 5390 659 5440 ut
678 5385 739 5438 in
765 5385 1067 5441 dremones
1089 5391 1442 5457 potestatem
1467 5384 1732 5450 haberet,
1753 5399 1970 5454 eosque

317 5471 635 5529 oculariter
663 5473 907 5542 videret,
937 5481 996 5529 et
1025 5474 1380 5547 increparet.
1410 5475 1673 5544 Cumque
1697 5473 1814 5530 alia
1840 5473 1969 5545 plu-

312 5561 468 5618 rima
520 5562 808 5620 miracula
847 5563 922 5619 ad
951 5563 1169 5619 Christi
1226 5563 1476 5637 gloriam
1537 5563 1872 5630 edidissset,
1906 5561 1969 5616 in

320 5667 464 5725 pace
496 5652 760 5725 gaudens
789 5653 1102 5726 requievit.

2090 4757 2182 4820 νός
2219 4799 2234 4814 .
2294 4759 2391 4821 Οἷς
2470 4759 2560 4812 καὶ
2664 4756 2964 4834 διηγήσατο
3024 4759 3272 4832 θαόματα
3327 4758 3606 4836 παράδοξα
3656 4762 3748 4818 καὶ

2085 4845 2329 4920 τέρατα,
2388 4841 2522 4918 ὅπερ
2582 4845 2833 4909 ἐθεάσατο
2869 4890 2880 4903 .
2941 4848 3076 4903 Εἶτα
3133 4847 3184 4902 ἐν
3252 4849 3541 4922 βαθυτάτῳ
3599 4851 3746 4925 γήρᾳ

2086 4937 2220 5012 πρὸς
2254 4935 2450 5009 Κύριον
2497 4933 2846 5008 ἑξεδήμησεν·
2911 4938 2938 4991 ὁ
2997 4933 3054 4990 δὲ
3111 4934 3292 5012 ἔτερος
3354 4938 3503 5000 ὅσιος
3555 4941 3738 4994 Μακά-

2087 5047 2223 5102 ριος,
2253 5026 2392 5080 ὁκαὶ
2451 5019 2688 5080 κολοϐὸν
2718 5027 2818 5092 τήν
2859 5025 3108 5096 ἡλικίαν,
3171 5027 3374 5102 ἐγένετο
3434 5028 3538 5084 ἄπο
3584 5028 3740 5086 Ἀλεο

2083 5114 2358 5189 ξινδρείας
2389 5120 2488 5181 τῆς
2546 5111 2825 5186 Αίγόπτου
2877 5113 3211 5171 Καταλιπὼν
3247 5114 3304 5171 δὲ
3355 5118 3449 5172 τὸν
3503 5117 3736 5190 κόσμον,

2081 5206 2168 5261 καὶ
2208 5205 2306 5270 τὴν
2357 5201 2587 5277 ἔρημον,
2647 5198 2995 5272 καταλαϐὼν,
3047 5205 3261 5279 ἐγένετο
3324 5207 3569 5282 μοναχὸς
3631 5207 3738 5262 ὑπὸ

2083 5295 2240 5370 ἁγίου
2267 5292 2411 5353 τινὸς
2441 5290 2535 5365 γέρ
2551 5311 2716 5352 )ντος.
2751 5292 2850 5348 Καὶ
2883 5293 3028 5348 οὕτω
3052 5293 3350 5368 διέλαμψεν
3397 5297 3474 5359 εἱς
3508 5296 3730 5372 ἀρετὴν,

2079 5385 2252 5446 πάσας
2307 5381 2400 5442 τὰς
2462 5378 2686 5442 ἐντολὰς
2732 5385 2827 5435 τοῦ
2879 5387 3013 5438 Θεοῦ
3071 5385 3449 5459 κατορθώσας,
3509 5387 3586 5448 ὡς
3641 5385 3737 5442 καὶ

2079 5473 2214 5530 κατά
2246 5468 2520 5544 δαιμόνων
2550 5467 2791 5540 ἐξουσίαν
2851 5465 3064 5542 λαϐεῖν,
3113 5473 3204 5528 καὶ
3255 5475 3476 5549 θεωρεῖν
3537 5473 3738 5538 αὐτοὺς

2080 5560 2546 5642 ὀφθαλμοφανῶς,
2604 5561 2695 5613 καί
2752 5558 3026 5634 ἐπιτιμιᾳν
3076 5561 3286 5624 αὐτοῖς.
3346 5564 3440 5620 Καὶ
3469 5637 3474 5640 _
3504 5562 3648 5619 ἄλλα
3679 5560 3738 5618 δὶ

2076 5652 2324 5725 θαύματα
2382 5647 2480 5732 οὐκ
2541 5646 2704 5726 ὀλίγα
2761 5652 3017 5724 ποιήσας,
3077 5651 3154 5713 εἱς
3231 5649 3386 5727 δόξαν
3451 5655 3732 5730 Χριστοῦ,

2079 5741 2287 5818 χαίρων
2306 5758 2362 5793 εν
2393 5737 2586 5813 εἰρήνῃ
2614 5737 2972 5796 ἀνεπαύσατο.
