4072 6194
279 422 395 480 269
1756 411 2226 475 JANUARIUS.
3579 417 3695 475 “2'70

853 549 1028 607 MHR!
1051 549 1140 606 ΤΩ
1169 548 1365 606 Am.

1066 638 1140 695 ΚΧ

265 749 543 820 Ἀθλησις
575 768 688 803 των
720 746 887 823 ἁγίων
914 745 1200 820 μαρτύρων
1223 743 1616 821 Οὐαλεριανοῦ,
1640 739 1930 815 Κανδίδου,

779 835 985 892 ’Λκῦλα
1030 837 1119 890 καὶ
1150 835 1434 909 Εὖγενίου.

327 957 500 1011 Οὗτοι
556 956 812 1023 ἧθΑησαν
870 951 958 1006 ἐπὶ
1032 951 1428 1020 Διοκλητιανοῦ
1483 954 1580 1005 τοῦ
1638 948 1928 1025 βασιλέως·

261 1052 355 1101 τοῦ
416 1046 527 1120 γαρ
590 1043 870 1117 ἡγεμόνος
956 1040 1340 1116 Ἀγρικολαου,
1428 1040 1518 1093 καὶ
1580 1038 1777 1093 Λυσίου
1833 1042 1930 1092 τοῦ

260 1136 467 1195 Δουχος
524 1134 659 1197 τοὺς
715 1130 1074 1205 Χριστιανοὺς
1136 1133 1490 1208 φονευόντων,
1550 1129 1601 1183 ἐν
1644 1131 1711 1200 τῇ
1760 1122 1931 1181 Σεϐα-

258 1225 406 1295 στείᾳ
467 1223 570 1295 μὲν
624 1221 752 1283 τοῦς
811 1220 998 1294 ἁγίους
1047 1219 1461 1293 τεσσαράκοντα,
1493 1217 1543 1272 ἐν
1575 1220 1643 1289 τῇ
1676 1216 1927 1273 Νικοπό-

255 1313 335 1369 λει
400 1311 465 1366 δὲ
524 1310 660 1371 τοὺς
716 1309 899 1385 ἀγίους
952 1307 1527 1380 τεσσαρακονταπέντε·
1586 1304 1760 1374 ἦλθόν
1791 1325 1931 1366 τινες

255 1403 538 1477 λέγοντες,
573 1402 683 1467 δτι,
718 1398 769 1453 ἐν
818 1402 937 1459 τοῖς
994 1394 1139 1473 ὄρεσι
1196 1400 1627 1470 Τραπεζοῦντος,
1659 1394 1932 1471 κρύπτον-

254 1514 340 1547 ται
410 1490 561 1551 τινὲς
633 1486 964 1562 Χριστιανοί.
1056 1486 1152 1543 Καὶ
1232 1483 1560 1547 ἀποστείλας
1614 1486 1643 1539 ὁ
1704 1485 1928 1553 Λυσίας,

256 1580 564 1655 ὲκράτησεν
591 1577 812 1639 αὐτοός.
863 1575 967 1633 Καὶ
1016 1573 1186 1646 δήσας
1241 1574 1376 1648 μετά
1422 1572 1705 1648 σχοινίων,
1737 1570 1927 1646 ἔτυψεν

259 1666 527 1747 ἀφειδῶς
596 1666 691 1721 καὶ
763 1666 952 1741 βρέξας
1017 1663 1068 1719 ἐν
1136 1662 1305 1737 ἐλαίῳ
1366 1660 1771 1736 κανὸηλαῦρας,
1835 1660 1925 1715 καὶ

256 1759 495 1832 ἀναψας,
572 1754 746 1812 ἔκαιεν
825 1754 1038 1820 αῦτοῦς.
1113 1754 1252 1811 Τότε
1327 1755 1355 1809 ὁ
1431 1754 1581 1829 ἅγιος
1667 1750 1925 1827 Εὖγὲνιος

254 1847 546 1915 εἷσελθὼν,
609 1847 744 1920 μετά
814 1841 913 1899 τοῦ
987 1843 1280 1918 ⁴ἡγεμόνος,
1350 1842 1428 1905 εἷς
1484 1844 1576 1897 τὸν
1634 1842 1759 1896 ναὸν
1816 1845 1926 1895 τῶν

1968 552 2021 615 Α

2604 549 2844 606 EODEM
2893 549 3143 608 MENSE.

2662 649 2766 705 Die
2797 650 3075 706 vicesima

2040 755 2193 811 I22
2250 755 2533 812 Certamen
2607 764 2921 812 sanctorum
3010 764 3317 828 martyrum
3382 760 3694 829 Valeriani,

2432 846 2690 911 Candidi,
2722 849 2932 918 Aquilae
2963 854 3015 901 et
3044 850 3301 917 Eugenii.

2108 960 2206 1016 lsti
2240 962 2603 1019 Diocletiano
2636 964 2994 1036 imperatore
3018 971 3339 1020 certarunt.
3366 967 3507 1020 Cum
3532 968 3692 1024 enim

2039 1051 2382 1120 Agricolaus
2412 1054 2747 1123 prmfectus.
2769 1060 2823 1109 et
2860 1055 3060 1125 Lysias
3080 1056 3199 1109 dux
3221 1056 3588 1111 Christianos
3610 1056 3696 1110 in-

2039 1140 2397 1201 terﬁcerent,
2432 1141 2673 1197 Sebaste
2706 1143 2946 1213 quidem
3000 1150 3237 1198 sanctos
3279 1144 3691 1217 quadraginta,

2038 1228 2301 1299 Nicopoli
2329 1246 2464 1284 vero
2497 1237 2733 1285 sanctos
2757 1232 3150 1304 quadraginta
3170 1233 3435 1303 quinque
3460 1251 3472 1299 ;
3494 1249 3691 1288 acces-

2039 1324 2246 1372 serunt
2274 1318 2348 1373 ad
2380 1334 2479 1373 eos
2535 1321 2778 1391 quidam
2837 1321 3146 1377 dicentes:
3193 1323 3256 1376 ln
3314 1324 3693 1392 Trapezuntis

2037 1406 2341 1461 montibus
2372 1410 2646 1463 nonnulli
2686 1410 3004 1465 Christiani
3059 1411 3265 1464 latent.
3303 1410 3461 1465 Misit
3492 1412 3691 1481 itaque

2038 1494 2235 1564 Lysias
2267 1496 2366 1566 qui
2400 1512 2501 1552 eos
2535 1498 3149 1569 comprehenderent:
3197 1499 3543 1570 vinctosque
3591 1501 3692 1555 fu-

2037 1583 2236 1651 nibus,
2260 1585 2609 1657 gravissime
2635 1587 2780 1642 czedi
2805 1588 3005 1657 jussit.
3039 1590 3181 1643 Tum
3216 1588 3359 1643 sebo
3383 1587 3601 1644 oblitos
3635 1594 3696 1643 et

2035 1675 2326 1742 perfusos,
2350 1676 2661 1745 supposita
2692 1675 2935 1732 ﬂamma
2964 1678 3309 1733 combussit.
3336 1679 3493 1733 Tunc
3523 1694 3693 1733 sanc-

2035 1766 2129 1815 tus
2163 1762 2460 1834 Eugenius
2492 1781 2627 1819 cum
2674 1766 2951 1835 prmfecto
3009 1766 3215 1821 fanum
3269 1767 3563 1821 idolorum
3599 1768 3693 1822 in-

2035 1867 2291 1923 gressus.
2326 1858 2503 1924 atque
2540 1854 2600 1908 in
2642 1854 2937 1926 lacrymas
2987 1857 3231 1921 elTusus,
3292 1857 3628 1927 impetravit
3653 1873 3687 1912 a

252 1935 536 2005 εῗδώλων,
598 1935 689 1990 καὶ
747 1933 884 2010 μέγα
961 1934 1207 2004 στενάξας
1280 1933 1416 2008 πρὸς
1469 1932 1561 1987 τὸν
1620 1930 1773 1999 Θεὸν,
1831 1930 1919 1984 καὶ

2041 1940 2179 2007 Deo,
2198 1947 2265 1996 ut
2293 1940 2452 1996 idola
2474 1944 3043 1998 comminuerentur.
3070 1946 3193 2009 Quo
3217 1951 3490 2014 portento
3516 1945 3686 1999 multi

255 2028 583 2100 εὖξαμενος,
645 2024 925 2100 συνέτριψε
974 2024 1041 2078 τά
1094 2021 1324 2081 εἷ’δωλα.
1388 2021 1489 2079 Καὶ
1549 2020 1671 2076 τότε
1717 2019 1924 2075 πολλοὶ

256 2114 587 2170 ἐπίστευσαν
646 2112 722 2173 εἰς
780 2112 869 2166 τὸν
930 2111 1184 2185 Χριστόν.
1248 2112 1381 2167 Εἶτα
1411 2110 1438 2164 ὁ
1474 2109 1568 2182 μὶν
1602 2110 1757 2183 ἅγιος
1786 2106 1926 2163 Κάν-

254 2202 434 2271 διδος,
508 2202 600 2258 καὶ
680 2199 937 2266 Ἀκῦλας,
1006 2200 1092 2255 καὶ
1160 2198 1528 2273 Οὐαλεριανὸς
1596 2197 1923 2276 άπεκεφαλίο

254 2297 485 2365 σθησιν.
515 2292 582 2350 Ὀ
612 2288 669 2345 δὲ
700 2292 855 2366 ἅγιος
917 2288 1166 2366 Εὖγὲνιος
1220 2289 1315 2344 Exi
1371 2287 1537 2362 ξύλου
1573 2287 1923 2365 κρεμασθεῖς,

252 2386 310 2439 ὲν
368 2387 444 2457 τῇ
505 2380 749 2461 φυλακῇ,
806 2381 893 2435 καὶ
955 2373 1229 2458 διαφόρως
1281 2378 1641 2453 τιμωρηθεὶς,
1697 2377 1787 2432 καὶ
1846 2376 1922 2439 εἰς

252 2478 362 2549 πῦρ
480 2472 710 2549 βληθεὶς
782 2470 873 2526 καὶ
968 2466 1273 2543 διασωθεὶς,
1350 2467 1756 2544 ἀπεκεφαλίσθη
1832 2466 1922 2523 καὶ

256 2564 452 2626 αὐτός.

840 2652 926 2725 Tii
968 2649 1101 2723 αὐτῇ
1147 2650 1351 2724 ἠμὲρειο

249 2769 538 2842 Ἀθλησις
594 2768 926 2857 τῶνώὰγίωγ
987 2766 1273 2857 μαρτέρωγ
1324 2767 1571 2857 Ἰέάσσου,
1630 2758 1919 2833 Εὺσεϐίου,

696 2835 973 2916 Εὔτυχίου
988 2835 1085 2895 ’καὶ
1112 2835 1492 2901 Βασιλείδους.

328 2957 439 3017 Kal
471 2958 625 3012 οὗτοι
657 2958 709 3012 οἱ
766 2959 917 3032 ἅγιοι
974 2955 1062 3012 ἐπὶ
1116 2959 1213 3011 τοῦ
1265 2955 1587 3032 παρανόμου
1648 2951 1921 3030 βασιλέως

252 3047 666 3118 Διοκλητιανοῦ
724 3046 1121 3122 ἐμαρτύρησαν.
1182 3050 1402 3117 Πρῶτοι
1457 3047 1559 3120 γὰρ
1616 3040 1766 3106 ὅντες
1820 3050 1918 3100 τοῦ

251 3136 562 3201 παλατίου,
591 3134 680 3190 καὶ
728 3134 987 3190 πλούσιοι
1040 3134 1130 3189 καὶ
1187 3132 1413 3205 ἔνδοξοι,
1470 3133 1559 3188 καὶ
1592 3130 1797 3197 ἰδόντες
1822 3135 1915 3188 τὸν

252 3228 413 3301 ἅγιον
496 3225 849 3296 Θεόπεμπτον
950 3224 1040 3279 τὸν
1141 3222 1441 3279 ἐπίσκοπον
1524 3227 1915 3298 μαρτυροῦντα,

2034 2030 2097 2085 in
2126 2031 2423 2087 Christum
2447 2032 2771 2090 credidere.
2807 2035 3085 2089 Posthaec
3103 2042 3342 2090 sanctus
3365 2035 3680 2103 Candidus,

2035 2119 2267 2190 Aquila,
2302 2126 2359 2175 et
2393 2121 2737 2176 Valerianus
2798 2123 2989 2193 capite
3027 2122 3184 2193 plexi
3233 2129 3410 2178 sunt:
3445 2128 3685 2179 sanctus

2032 2225 2168 2263 vero
2194 2210 2492 2281 Eugenius
2525 2212 2584 2266 in
2633 2212 2954 2282 equuleum
3016 2218 3203 2278 actus,
3263 2213 3326 2267 in
3388 2229 3687 2268 carcerem

2033 2298 2363 2369 conjectus,
2384 2299 2560 2355 variis
2585 2302 2895 2357 tormentis
2919 2302 3311 2368 excruciatus,
3337 2303 3472 2357 etin
3502 2303 3690 2375 ignem

2032 2386 2337 2443 immissus
2368 2394 2546 2460 atque
2578 2389 2717 2445 inde
2753 2390 3073 2447 incolumis
3123 2390 3403 2461 evadens,
3444 2392 3690 2448 tandem

2032 2475 2362 2534 decollatus
2394 2485 2502 2535 est.

2671 2642 2895 2699 Eodem
2947 2643 3043 2700 die

2029 2752 2183 2809 I28
2211 2750 2492 2808 Certamen
2522 2758 2835 2809 sanctorum
2892 2761 3199 2824 martyrum
3228 2756 3405 2826 Bassi,
3462 2756 3683 2812 Eusebii

2490 2841 2761 2912 L‘utychii
2815 2849 2865 2897 et
2922 2843 3211 2900 Basilidis.

2098 2954 2201 3008 Isti
2233 2971 2469 3026 quoque
2503 2955 2689 3010 sancti
2725 2957 3088 3027 temporibus
3128 2957 3293 3029 impii
3328 2958 3677 3013 Diocletiani

2028 3042 2402 3115 imperatoris
2436 3045 2785 3116 martyrium
2809 3046 3137 3101 subierunt.
3163 3048 3302 3101 Cum
3325 3048 3483 3103 enim
3502 3047 3677 3119 primi

2027 3131 2087 3186 in
2122 3133 2337 3204 palatio
2371 3139 2589 3194 essent,
2616 3134 2952 3206 opibusque
2977 3140 3034 3189 et
3051 3134 3238 3208 gloria
3266 3136 3680 3207 praecellerent

2026 3221 2294 3278 videntes
2317 3224 2505 3278 sancti
2526 3223 2910 3295 Theopempti
2936 3224 2997 3279 in
3020 3225 3371 3295 perferendo
3396 3226 3677 3295 martyrio

244 3317 340 3371 καὶ
428 3313 881 3390 βασανιζόμενον,
957 3312 1266 3367 ἐπίστευσαν
1341 3316 1423 3385 τῷ
1508 3316 1736 3385 Κριστῷ.
1815 3312 1915 3368 Καὶ

2034 3316 2207 3382 atque
2230 3312 2590 3367 cruciatibus
2608 3314 3009 3367 constantiam
3041 3313 3423 3367 crediderunt
3440 3314 3502 3367 in
3516 3312 3682 3367 Chri-

248 3402 523 3464 λύσαντες
580 3403 677 3466 τάς
760 3403 930 3472 ζώνας
991 3402 1192 3471 αὐτῶν,
1250 3399 1471 3478 ἔρριψαν
1532 3401 1764 3457 ἐνώπιον
1820 3404 1916 3456 τοῦ

250 3492 563 3568 βασιλέως,
668 3491 1028 3564 Χριστιανοὺς
1133 3491 1356 3555 ἑαυτοὺς
1430 3490 1703 3566 λέγοντες.
1781 3491 1916 3547 Τότε

248 3582 587 3656 προσέταξεν
629 3582 659 3635 ὁ
711 3579 986 3656 βασιλεὺς,
1050 3580 1095 3635 εἰ
1156 3580 1337 3651 ἀληθῆ
1394 3578 1668 3655 λέγουσιν,
1701 3579 1916 3655 ἀγαγεῖν

242 3674 313 3727 ti
347 3674 627 3747 χρήματα
656 3671 860 3741 αὐτῶν,
907 3670 1000 3726 καὶ
1047 3668 1234 3727 δοῦναι
1282 3669 1505 3743 ἑτέροις,
1537 3672 1606 3728 Οἳ
1636 3667 1693 3724 δὲ
1725 3668 1914 3740 ἐποίη-

246 3781 345 3815 σαν
382 3765 555 3815 τοῦτο
615 3759 749 3831 μετά
805 3760 1131 3834 προθυμίας.
1193 3759 1395 3833 Βόθρου
1449 3756 1505 3813 δὲ
1567 3758 1914 3833 ὀρυχθὲντος,

245 3850 512 3913 εἰσῆλθεν
549 3850 576 3903 ὁ
607 3850 763 3922 ἅγιος
809 3848 1008 3909 Βάσσος
1067 3849 1231 3924 αὲχρι
1288 3852 1385 3902 τοῦ
1416 3849 1668 3917 στήθους,
1698 3846 1788 3901 καὶ
1818 3848 1914 3908 τὰς

249 3943 454 4012 χεῖρας
509 3936 788 4004 ἑκκοττελς,
843 3934 1124 4008 παρέδωκε
1180 3936 1242 3990 τὸ
1286 3940 1518 4007 πνεῦμα.
1551 3935 1611 3992 Ὁ
1652 3932 1707 3989 δὲ
1764 3934 1914 4008 ἅγιος

246 4020 552 4091 Εᾶσέϐιος,
588 4024 749 4098 μέσον
804 4024 902 4080 δύο
956 4024 1190 4095 στόλων,
1246 4025 1383 4079 κατά
1436 4022 1680 4101 κεφαλῆς
1711 4044 1918 4098 κρεμα-

245 4116 427 4182 σθεῖς,
497 4114 587 4168 καὶ
654 4115 789 4187 μετὰ
878 4112 1152 4169 πελέκεων
1218 4112 1539 4175 κατακοπεὶς
1599 4112 1913 4183 ἐτελειώθη.

242 4207 311 4261 ὐ
372 4202 435 4259 δὲ
492 4203 771 4279 Εὐτύχιος
830 4202 907 4265 εἷς
964 4203 1221 4276 τέσσαρας
1280 4200 1491 4266 πάλους
1537 4200 1707 4264 δεθεὶς
1747 4201 1918 4266 πόδας

246 4296 341 4349 καὶ
394 4299 617 4369 χεῖρας,
662 4292 887 4368 ἐσχίσθη
922 4293 997 4356 εἰς
1052 4292 1195 4364 τρία·
1251 4294 1339 4348 καὶ
1399 4292 1572 4354 οὕτως
1622 4291 1913 4365 ἐκοιμήθηο

250 4385 277 4437 ὁ
311 4382 374 4437 δὲ
408 4384 567 4456 ἅγιος
628 4378 950 4451 Βασιλείδης
1005 4388 1106 4450 τῆν
1163 4380 1400 4453 κοιλίαν,
1453 4380 1586 4453 μετά
1618 4379 1915 4456 μαχαίρας,

251 4474 423 4543 μέσον
456 4469 790 4546 διαῤῥαγείς,
812 4471 951 4546 πρὸς
981 4472 1173 4545 Κύριον
1204 4467 1524 4544 ἐξεδήμησε.

835 4608 921 4681 Τῇ
960 4604 1097 4680 uitii
1147 4606 1349 4682 ἡμέρᾳ·

248 4724 530 4795 Ἀθλησις
588 4726 694 4778 τῶν
760 4723 927 4798 ἁγίων
1006 4721 1292 4799 μαρτύρων
1371 4723 1530 4793 Ἰννᾶ,
1592 4721 1772 4795 Ῥημᾶ
1825 4720 1915 4776 καὶ

999 4800 1184 4853 Πιννᾶ.

325 4913 496 4968 Οὗτοι
537 4912 593 4966 οἱ
651 4910 795 4987 ἅγιοι
847 4908 1093 4988 ἐγένοντο
1149 4910 1256 4966 ἀπὸ
1315 4911 1573 4979 Σκυθίας,
1604 4908 1663 4965 ἐκ
1690 4912 1787 4964 τοῦ
1822 4909 1916 4985 βο-

250 5002 408 5077 ρείου
438 5001 641 5074 μέρους
674 5000 911 5073 μαθηταὶ
953 5004 1050 5056 τοῦ
1100 5001 1260 5075 ἁγίου
1299 4998 1608 5055 ἀποστόλου
1637 4996 1914 5075 Ἀνδρὲου.

252 5091 359 5148 Καὶ
394 5087 744 5151 διδάσκοντες
803 5087 891 5143 ἐπὶ
948 5093 1026 5160 τῷ
1084 5087 1308 5163 ὀνόματι
1368 5091 1463 5143 τοῦ
1496 5088 1754 5163 Χριστοῦ,
1785 5086 1920 5141 πολ-

249 5180 390 5241 λοῦς
451 5183 563 5233 τῶν
625 5173 913 5253 βαρϐάρων
984 5177 1396 5256 ἐπιστρὲφοντες
1451 5175 1537 5230 ἐπὶ
1595 5177 1695 5245 τήν
1751 5174 1915 5248 ὀρθὴν

249 5270 458 5334 πίστιν,
516 5261 827 5335 ἐϐάπτιζον.
891 5266 988 5321 Διά
1041 5270 1202 5321 τοῦτο
1252 5265 1309 5321 δὲ
1367 5266 1723 5341 κρατηθέντες
1773 5263 1920 5340 παρά

244 5363 353 5414 τοῦ
413 5361 526 5412 τῶν
571 5352 869 5432 Βαρϐάρων
925 5353 1216 5432 ἄρχοντος,
1274 5355 1365 5411 καὶ
1422 5353 1609 5410 πολλά
1686 5354 1918 5429 ἀναγκα-

249 5448 469 5512 σθέντες
527 5447 865 5519 ἀρνήσασφαι
930 5447 1023 5501 τὸν
1106 5446 1355 5520 Χριστὸν,
1414 5444 1504 5499 καὶ
1589 5445 1743 5498 θῦσαι
1800 5448 1917 5506 τοῖς

247 5534 534 5603 εἰδώλοις,
588 5535 687 5590 οὐκ
740 5533 1084 5606 ἐπείσθησαν.
1137 5536 1238 5593 Καὶ
1296 5537 1596 5609 γενομένου
1642 5536 1921 5607 χειμῶνος

252 5626 587 5702 βαρυτάτου,
648 5624 739 5680 καὶ
795 5628 906 5679 τῶν
973 5628 1235 5697 ποταμῶν
1295 5620 1572 5697 παγέντων
1660 5622 1766 5677 ἀπὸ
1820 5626 1919 5677 τοῦ

246 5717 476 5790 κρύους,
536 5715 613 5778 ὠς
668 5713 759 5770 καὶ
811 5712 994 5770 ἐπάνω
1050 5717 1144 5770 τοῦ
1195 5710 1546 5789 κρυστάλλου
1604 5717 1921 5787 περιπατεῖς

255 5809 334 5881 μή
414 5806 582 5881 μόνον
641 5803 987 5881 ἀνθρώπους,
1044 5801 1193 5862 ἀλλά
1270 5801 1584 5879 διέρχεσθαι
1640 5801 1730 5858 καὶ
1791 5801 1919 5859 τοὺς

2028 3406 2224 3456 stum:
2258 3402 2588 3473 solutisque
2610 3402 2885 3474 cingulis,
2948 3408 3007 3456 et
3062 3410 3199 3457 ante
3250 3403 3673 3473 imperatorem

2025 3489 2328 3561 projectis,
2363 3508 2424 3545 se
2456 3490 2824 3546 Christianos
2855 3490 3105 3563 professi
3138 3496 3295 3546 sunt.
3330 3492 3491 3547 Tunc
3522 3509 3675 3563 pras-

2025 3580 2181 3650 cepit
2206 3580 2547 3650 imperator,
2584 3586 2651 3635 ut
2682 3581 2729 3635 si
2758 3596 2827 3635 ex
2859 3579 3058 3635 animo
3082 3580 3141 3634 id
3174 3580 3464 3645 dicerent,
3496 3582 3676 3650 irent,

2024 3673 2083 3723 et
2112 3669 2425 3739 pecuniam
2484 3686 2652 3725 suam
2701 3686 2939 3725 omnem
2995 3668 3128 3724 aliis
3186 3669 3509 3736 traderent,
3569 3670 3671 3741 qui

2022 3758 2465 3830 promptissimo
2491 3759 2690 3815 animo
2715 3759 2773 3814 id
2795 3760 3054 3815 exsecuti
3083 3766 3239 3815 sunt.
3264 3761 3408 3815 Tum
3432 3765 3670 3816 sanctus

2023 3847 2236 3902 Bassus
2268 3848 2329 3902 in
2356 3847 2536 3903 altam
2563 3849 2786 3904 foveam
2819 3850 3133 3917 demissus,
3166 3856 3443 3921 terraque
3482 3865 3670 3921 usque

2023 3935 2096 3990 ad
2128 3942 2330 4007 pectus
2357 3938 2621 4002 obrutus,
2648 3940 2912 4010 prmcisis
2937 3940 3231 4006 manibus,
3252 3940 3525 4011 spiritum
3558 3940 3673 3994 Do-

2023 4027 2184 4081 mino
2211 4027 2485 4093 tradidit;
2516 4029 2802 4084 Eusebius
2829 4046 2962 4085 vero
2998 4030 3154 4084 inter
3183 4029 3330 4084 duas
3363 4030 3672 4084 columnas

2023 4116 2256 4171 inverso
2289 4116 2479 4187 capite
2529 4134 2874 4188 suspensus,
2909 4120 3101 4173 securi
3154 4118 3473 4172 intercisus
3505 4117 3675 4171 obiit.

2023 4206 2346 4278 Eutychius
2378 4212 2575 4261 autem
2605 4208 2879 4261 manibus
2912 4207 3281 4277 pedibusque
3314 4206 3387 4259 ad
3424 4212 3679 4274 quatuor

2024 4298 2192 4370 palos
2216 4298 2472 4369 alligatis
2492 4298 2550 4351 in
2570 4302 2690 4352 tres
2715 4304 2909 4368 partes
2938 4296 3270 4366 discerptus
3303 4294 3676 4349 obdormivit.

2025 4388 2277 4443 Demum
2310 4386 2593 4440 Basilides
2624 4386 2817 4458 gladio
2840 4385 3093 4440 dissecto
3112 4401 3219 4456 per
3250 4383 3512 4439 medium
3536 4399 3677 4439 ven-

2028 4481 2139 4543 tre,
2171 4474 2245 4530 ad
2280 4474 2595 4529 Dominum
2637 4474 2924 4546 migravit.

2666 4591 2887 4647 Eodem
2935 4591 3029 4647 die

2028 4713 2186 4769 ιη
2244 4711 2528 4769 Certamen
2587 4718 2901 4767 sanctorum
2933 4717 3239 4781 martyrum
3279 4713 3452 4781 lanae,
3500 4712 3679 4770 Rimas

2702 4807 2753 4856 et
2777 4802 2994 4857 Pinnae.

2097 4909 2198 4965 Isti
2232 4908 2419 4965 sancti
2452 4924 2521 4963 ex
2551 4908 2789 4981 Scythia
2816 4908 2981 4965 fuere
3032 4925 3101 4965 ex
3130 4908 3357 4965 boreali
3413 4908 3677 4982 regione,

2026 4997 2304 5070 discipuli
2336 4997 2523 5052 sancti
2556 4997 2805 5053 Andreas
2831 4998 3083 5069 apostoli
3108 5014 3121 5064 ;
3149 4998 3249 5069 qui
3276 5013 3413 5052 eum
3432 4998 3495 5053 in
3512 4995 3681 5052 Chri-

2029 5088 2101 5142 sti
2126 5088 2367 5143 nomine
2390 5086 2692 5155 docerent,
2710 5087 2928 5143 multos
2948 5086 3338 5142 Barbarorum
3360 5087 3435 5142 ad
3455 5091 3678 5142 rectam

2029 5177 2208 5233 fidem
2242 5194 2557 5232 conversos
2580 5176 2969 5248 baptizarunt.
2996 5176 3387 5242 Quamobrem
3411 5192 3679 5246 compre-

2029 5267 2201 5323 hensi
2235 5282 2269 5322 a
2302 5266 2693 5322 Barbararum
2726 5267 3018 5337 principe,
3051 5282 3183 5321 cum
3234 5265 3435 5320 induci
3468 5263 3681 5334 nequi-

2028 5362 2182 5425 rent,
2217 5362 2282 5412 ut
2313 5358 2543 5428 ejurato
2576 5357 2805 5412 Christo
2854 5356 3026 5412 idolis
3087 5356 3521 5422 sacrificarent;
3556 5361 3681 5409 tum

2029 5464 2166 5502 cum
2198 5445 2453 5500 brumali
2486 5452 2750 5516 tempore
2788 5446 3038 5499 horrent
3079 5444 3302 5509 omnia,
3344 5450 3403 5499 et
3431 5443 3682 5498 ﬂumina

2028 5535 2165 5610 gelu
2198 5540 2473 5590 concreta
2503 5534 2840 5589 consistunt
2868 5540 2931 5588 ut
2960 5551 3140 5606 super
3155 5534 3404 5607 glaciem
3428 5548 3549 5587 non
3580 5532 3681 5584 ho-

2030 5623 2292 5680 minibus
2320 5629 2571 5687 tantum,
2609 5622 2709 5678 sed
2744 5624 2911 5693 equis
2955 5623 3132 5677 etiam
3187 5628 3244 5677 et
3274 5622 3545 5677 curribus
3578 5635 3682 5691 pa-

2030 5720 2153 5770 teat
2182 5712 2303 5779 via;
2338 5713 2516 5785 tignis
2548 5712 2907 5785 ingentibus,
2942 5711 3188 5784 perinde
3219 5728 3285 5766 ac
3318 5710 3365 5764 si
3408 5709 3681 5763 radican-

2033 5808 2120 5862 tes
2148 5800 2392 5860 arbores
2425 5806 2642 5869 essent,
2676 5801 2741 5858 in
2778 5800 2915 5874 gelu
2973 5799 3223 5857 conﬁxis
3280 5802 3515 5855 sanctos
3546 5794 3681 5850 alli-

3878 6094 4036 6161 m4
