4072 6194
409 413 522 473 2⁵11

1734 405 1784 464 Μ
1793 404 2162 466 ENOLOGII
2209 403 2404 466 PARS
2452 405 2529 467 ll.

3694 405 3814 465 972

405 546 528 621 gari
567 545 768 620 jussit.
829 543 1175 599 Fluctuante
1227 540 1408 612 igitur
1454 539 1634 607 unda,
1693 545 1753 594 et
1797 538 2032 613 glaciem

2155 534 2364 598 ἳππους
2422 537 2510 592 καὶ
2566 537 2663 600 τὰς
2720 535 2948 610 ἀμάξας,
3003 538 3267 610 πήξαντες
3321 533 3500 592 ἐπάνω
3548 538 3647 591 τοῦ
3684 555 3820 609 κρυ-

405 637 692 709 paulatim
725 640 972 702 augente
1005 637 1062 684 et
1087 630 1158 684 ad
1190 631 1408 684 collum
1461 645 1648 699 usque
1707 635 2048 684 sanctorum

401 725 782 787 ascendente,
801 721 1091 776 acerrimo
1123 720 1356 790 frigoris
1387 719 1592 774 dolore
1616 718 1891 786 confecti,
1920 718 2052 772 bea-

399 821 486 869 tas
519 814 750 867 animas
776 811 1024 864 Domino
1062 808 1459 864 tradiderunt.

2148 625 2388 680 στάλλου
2419 625 2553 696 ξύλα
2584 627 2814 702 μεγάλα,
2871 627 2945 690 ὡς
2996 626 3286 701 αὖτὸρλὸιζα
3340 622 3558 700 δένδρα,
3617 625 3816 699 προσέ-

2155 713 2320 785 δησαν
2357 715 2467 770 ἐκεῖ
2493 716 2624 779 τοὺς
2655 718 2858 791 άγίους.
2894 717 2992 772 Καὶ
3040 717 3135 772 τοῦ
3165 715 3359 778 ὕδατος
3391 716 3816 788 κυματίζοντος,

2149 804 2586 874 καὶκρύσταλλα
2643 805 3033 880 ἐπαυξάνοντος
3097 809 3216 862 κατ’
3279 805 3498 880 ὀλίγον,
3553 804 3642 859 καί
3677 804 3816 882 ιρθά-

394 921 586 963 σαντος
613 895 717 960 ἕως
745 903 842 952 τοῦ
869 900 1160 973 τραχήλου
1191 903 1299 952 τῶν
1333 896 1526 970 ἁγίων,
1557 895 1664 951 ἀπο
1693 902 1793 965 τῆς
1827 893 2048 963 πολλῆς
2100 889 2435 967 δριμύτητος
2483 895 2574 950 καὶ
2631 903 2730 966 τῆς
2763 894 2960 964 ὀδύνης
2991 900 3085 952 τοῦ
3113 894 3333 970 κρύους,
3363 892 3682 964 παρέδωκαν
3713 893 3811 956 τάς

396 987 664 1061 μακαρίας
694 986 872 1041 αὐτῶν
906 987 1088 1061 ψυχὰς
1117 990 1198 1058 τῷ
1227 986 1438 1058 Κυρίῳ.

1042 1104 1262 1160 Eodem
1307 1103 1402 1159 die

394 1219 548 1277 I25
587 1221 1038 1276 Commemoratio
1095 1223 1274 1276 sancti
1307 1222 1490 1276 Patris
1541 1221 1715 1274 nostri
1760 1215 2048 1288 Euthymii

747 1294 1057 1366 presbyteri
1104 1300 1158 1348 et
1206 1295 1465 1362 magistri
1503 1293 1686 1346 eremi.

471 1479 818 1552 Euthymius
850 1495 1119 1552 magnus,
1153 1479 1428 1535 Gratiano
1471 1478 1849 1550 imperatore,
1883 1475 2048 1532 Meli-

397 1568 538 1623 tinae
569 1567 629 1623 in
661 1569 961 1636 Armenia,
997 1568 1180 1624 Paulo
1205 1574 1263 1623 et
1294 1567 1568 1638 Dionysia
1585 1573 1760 1622 natus
1792 1570 1882 1620 est
1905 1582 1916 1619 :
1943 1564 2043 1636 qui

396 1673 532 1714 cum
565 1657 796 1713 steriles
813 1663 1035 1727 essent,
1057 1659 1219 1712 aDeo
1235 1657 1577 1712 didicerunt
1594 1657 1738 1724 fore,
1761 1661 1828 1710 ut
1853 1654 2044 1709 tilium

393 1747 724 1820 gignerent,
753 1763 868 1818 quo
895 1751 1177 1802 nascente
1210 1751 1368 1802 totus
1409 1745 1691 1810 mundus,
1724 1745 2045 1800 universas-

387 1852 504 1907 que
549 1835 825 1891 l'lcclesiaa
882 1836 1037 1891 bono
1097 1835 1296 1891 animo
1359 1840 1588 1901 essent;
1651 1832 2042 1904 quamobrem
2076 1853 2123 1919 Β

388 1939 524 1980 cum
547 1941 696 1996 puer
725 1930 899 1979 natus
959 1929 1067 1991 est,
1124 1925 1504 1995 Euthymium
1562 1922 1756 1988 illum,
1790 1921 1901 1977 hoc
1932 1926 2044 1990 est,

388 2011 552 2068 bono
637 2012 932 2085 hilarique
989 2013 1188 2069 animo
1259 2013 1597 2084 praeditum,
1649 2011 2048 2084 appellarunt.

393 2105 658 2172 Cumque
738 2102 1111 2166 adolevisset,
1164 2102 1415 2158 clericus
1471 2101 1732 2174 primum
1787 2100 1860 2156 ab
1922 2102 2050 2172 ejus

398 2189 515 2245 loci
540 2191 816 2263 episcopo
850 2192 1158 2246 ordinatus
1190 2199 1312 2256 est;
1363 2191 1578 2246 deinde
1636 2189 1966 2262 presbyter,
1992 2194 2052 2244 et

400 2279 806 2334 coenobiorum
829 2283 1134 2336 exarchus.
1172 2283 1299 2335 Mox
1321 2279 1727 2350 Hierosolyma
1752 2281 2049 2350 profectus

401 2369 464 2422 in
515 2370 861 2440 speluncam
924 2370 1110 2424 sancti
1166 2369 1485 2424 Theoctisti
1547 2368 1812 2434 secessit,
1845 2367 2047 2438 ibique

399 2457 787 2526 tranquillam
820 2458 999 2511 vitam
1032 2459 1184 2530 egit:
1248 2473 1436 2528 eoque
1475 2458 1536 2511 in
1564 2457 1844 2511 virtutum
1877 2472 2046 2511 exer—

399 2545 782 2600 citationibus
809 2547 1117 2616 processit,
1152 2552 1216 2601 ut
1263 2563 1496 2601 summa
1554 2546 1886 2601 sanctitatis
1915 2545 2046 2616 opi-

397 2633 578 2688 nione
611 2633 941 2689 Saracenus
973 2635 1221 2707 singulis
1253 2634 1460 2690 diebus
1511 2635 1582 2690 ad
1616 2635 1830 2690 Christi
1866 2632 2044 2688 fidem

391 2721 674 2790 traheret,
726 2738 944 2793 eosque
1016 2740 1150 2778 cum
1199 2723 1444 2780 familiis
1507 2723 1630 2780 suis
1698 2723 2040 2809 baptizaret,

395 2810 675 2865 Plurimis
706 2812 885 2866 etiam
918 2813 1223 2868 miraculis
1254 2814 1450 2870 clarus
1481 2814 1629 2869 fuit:
1658 2829 1913 2883 cumque
1933 2811 2039 2866 ali-

387 2899 624 2970 quando
658 2900 955 2973 liturgiam
987 2902 1339 2971 celebraret,
1371 2903 1532 2958 visus
1583 2908 1674 2958 est
1722 2902 1908 2975 ignem
1938 2917 2039 2955 co-

387 2988 612 3045 lumnae
645 2991 902 3062 speciem
951 2991 1280 3048 induuisse.
1344 2994 1593 3049 Demum
1653 2989 2038 3064 nonagesimo

387 3080 641 3151 septimo
673 3080 864 3136 artatis
895 3097 1074 3150 anno,
1111 3082 1170 3137 id
1203 3082 1359 3138 bona
1389 3087 1694 3138 senectute
1721 3080 1795 3137 ad
1829 3080 2034 3135 Domi-

386 3183 531 3225 num
561 3169 851 3242 migravit,
883 3170 1076 3226 Leone
1106 3187 1318 3244 magno
1348 3173 1716 3244 imperatsre.

948 3289 1189 3347 EODEM
1229 3289 1480 3346 MENSE.

886 3406 992 3463 Die
1032 3408 1312 3464 vicesima
1350 3409 1545 3482 prima

566 3523 716 3581 I26
748 3524 1031 3581 Certamen
1069 3529 1249 3582 sancti
1279 3529 1542 3600 martyris
1561 3525 1857 3600 Neophyti.

456 3640 798 3710 Neophytus
827 3641 1043 3696 Christi
1076 3649 1320 3713 martyr,
1357 3643 1744 3708 Diocletiano,
1779 3644 2038 3715 impera-

384 3733 534 3791 tore,
566 3743 638 3781 ex
668 3728 860 3783 Nicaea
881 3729 1170 3802 Bithynia:
1190 3733 1336 3786 urbe
1367 3732 1500 3798 fuit,
1534 3732 1888 3788 Christianis
1921 3750 2032 3804 pa-

379 3817 652 3872 rentibus
682 3818 986 3874 Theodoro
1019 3827 1076 3874 et
1105 3821 1400 3876 Florentia
1421 3829 1614 3878 natus.
1650 3823 1857 3894 Adhuc
1889 3841 2036 3896 puer

379 3907 568 3978 gratia
603 3905 700 3961 Dei
737 3907 971 3976 plenus,
1022 3909 1311 3964 miracula
1345 3911 1636 3980 patrabat.
1695 3913 1837 3966 Cum
1872 3914 2033 3967 enim

377 3995 643 4050 scholam
675 3995 867 4051 adiret
890 4014 1024 4052 cum
1049 3997 1171 4051 suis
1190 3997 1633 4071 condiscipulis.
1661 4002 1884 4066 orabat,
1903 4018 2030 4057 eos-

377 4100 488 4158 gue
525 4084 844 4140 nutriebat.
880 4087 1243 4158 Quocunque
1275 4096 1472 4142 autem
1505 4105 1564 4143 se
1584 4090 1900 4144 conferret.
1935 4107 2026 4146 se-

378 4174 674 4246 quebatur
705 4192 838 4231 eum
866 4176 1162 4243 columba,
1197 4183 1254 4232 et
1283 4176 1545 4233 humana
1574 4194 1712 4233 voce
1743 4195 1876 4234 cum
1901 4179 2028 4250 ipso

376 4262 872 4334 colloquebatur:
917 4280 1095 4334 quam
1153 4282 1288 4320 cum
1345 4273 1536 4322 mater
1593 4266 1836 4321 vidisset
1891 4283 2026 4322 cum

374 4369 558 4425 puero
587 4353 1055 4426 colloquentem.
1088 4371 1208 4426 prae
1234 4355 1444 4411 timore
1462 4357 1797 4412 exanimata
1827 4356 2023 4412 conci-

374 4441 478 4496 dit.
515 4445 587 4497 At
617 4450 857 4499 sanctus
906 4445 1071 4498 illam
1125 4445 1403 4516 precibus
1459 4445 1530 4501 ad
1565 4447 1740 4502 vitam
1771 4463 1807 4502 a
1837 4452 2024 4503 morte

369 4533 680 4586 revocavit.
716 4534 968 4588 Montem
1003 4534 1315 4606 Olympum
1351 4535 1696 4606 frequenter
1737 4553 2020 4592 conscen-

368 4617 536 4685 dens,
570 4621 648 4673 ibi
682 4621 937 4676 orationi
971 4623 1231 4678 vacabat.
1278 4625 1467 4689 Quare
1525 4625 1756 4681 delatus
1786 4626 1858 4681 ad
1913 4627 2021 4681 De-

362 4707 520 4761 cium
561 4708 933 4778 prmfectum,
990 4713 1240 4782 ejusque
1291 4713 1466 4782 jussu
1527 4717 2016 4786 comprehensus,

359 4795 558 4869 ﬂagris
589 4797 1000 4854 crudelissime
1023 4800 1300 4868 caeditur;
1334 4803 1548 4858 moxin
1580 4805 1881 4860 fornacem
1913 4821 2005 4859 ar-

357 4884 597 4941 dentem
622 4887 925 4944 immissus
957 4889 1059 4943 sed
1091 4890 1230 4946 inde
1265 4891 1581 4947 incolumis
1627 4894 1901 4960 evadens,
1936 4893 2010 4950 ad

355 4974 575 5030 bestias
606 4975 959 5033 damnatur:
994 4993 1248 5049 cumque
1281 4978 1353 5034 ab
1400 4979 1472 5035 iis
1519 4981 1743 5038 illmsus
1773 4999 2008 5054 perma—

355 5071 544 5132 neret,
580 5065 775 5136 gladio
809 5066 1046 5123 tandem
1079 5067 1152 5123 ab
1185 5085 1304 5124 uno
1337 5085 1406 5123 ex
1440 5069 1538 5139 iis,
1575 5071 1677 5141 qui
1735 5073 2011 5142 praefecto

355 5154 738 5223 assistebant,
771 5172 960 5212 cassus
993 5163 1100 5214 est.

1002 5272 1220 5328 Eodem
1270 5273 1366 5328 die

348 5386 496 5442 121
562 5387 1011 5443 Commemoratio
1060 5391 1236 5444 sancti
1285 5388 1482 5444 Zosimi
1533 5389 1776 5462 episcopi
1836 5392 2010 5464 Syra-

1109 5477 1269 5518 οιιεω.

421 5565 675 5620 Sanctus
707 5567 880 5621 Pater
918 5573 1123 5622 noster
1153 5569 1419 5623 Zosimus
1473 5569 1530 5624 in
1589 5570 1788 5625 Sicilia
1819 5570 2010 5626 ﬁdeli-

344 5651 476 5720 bus,
511 5655 646 5726 piis,
683 5657 1080 5727 divitibusque
1129 5658 1474 5729 parentibus
1531 5668 1706 5715 natus
1766 5667 1876 5728 est,
1911 5659 2010 5731 qui

341 5743 500 5814 apud
521 5747 954 5802 monasterium
978 5755 1198 5801 sanctae
1216 5749 1402 5804 Lucius
1431 5750 1673 5823 virginis
1689 5750 2014 5824 possessio-

338 5846 478 5889 nem
527 5834 850 5893 habebant.
902 5835 1169 5907 Cumque
1203 5837 1263 5892 in
1296 5837 1498 5896 lucem
1529 5839 1722 5896 editus
1765 5841 2006 5906 fuisset,

2732 1103 2818 1175 τῇ
2857 1101 2995 1176 αὐτῇ
3050 1103 3234 1178 ἡμέρᾳ

2155 1215 2378 1294 Βιίνήμη⁴
2419 1219 2516 1270 τοῦ
2590 1214 2743 1294 ὁσίου
2820 1217 3036 1294 ΙΙατρὸς
3106 1219 3268 1288 ἡμῶν
3327 1214 3608 1294 Εὗθυμίου
3667 1234 3811 1294 πσε-

2227 1285 2488 1362 σὸυτέρου
2551 1288 2871 1362 γενομένου,
2937 1285 3041 1344 ’καὶ
3123 1285 3438 1365 καθηγητοῦ
3480 1285 3620 1358 ’τῆς
3679 1285 3819 1360 ἐρή-

2229 1379 2356 1431 μου.

2226 1475 2502 1548 Εὐθύμιος
2533 1477 2561 1531 6
2589 1474 2754 1553 μέγας
2796 1477 2864 1546 ἦν
2914 1476 3002 1532 ἐπὶ
3049 1483 3149 1546 τῆς
3185 1473 3461 1551 βασιλείας
3491 1477 3818 1550 Γρατιανοῦ,

2155 1562 2260 1619 ἀπὸ
2293 1563 2598 1636 Μελιτινῆς
2643 1564 2861 1628 πόλεως
2914 1566 3227 1642 Ἀρμενίας,
3281 1565 3396 1628 υἱὸς
3457 1562 3678 1619 Παύλου
3718 1562 3815 1617 καὶ

2155 1653 2451 1719 Διονυσίας·
2539 1655 2738 1717 οἳτινες
2821 1654 2913 1710 καὶ
2991 1651 3204 1710 ἄτεκνοι
3279 1648 3450 1724 ὅντες,
3513 1654 3617 1708 ὑπὸ
3674 1655 3815 1707 Θεοῦ

2152 1741 2415 1813 ἤκουσαν,
2473 1741 2556 1799 ὅτι
2612 1739 2830 1798 παιδίον
2897 1745 3244 1819 γεννήσουσι,
3303 1741 3396 1798 καὶ
3476 1741 3560 1797 ὅτι
3622 1740 3673 1795 έν
3737 1743 3814 1815 τῇ

2151 1834 2396 1908 γεννήσει
2447 1831 2617 1888 αὐτοῦ
2673 1831 3045 1906 εὖθυμήσουσι
3110 1836 3275 1887 πᾶσαι
3357 1831 3413 1886 αἱ
3497 1829 3815 1900 ἐκκλησίαι,

2160 1921 2250 1976 καὶ
2282 1921 2310 1976 6
2338 1921 2568 1994 κόσμος.
2627 1923 2726 1976 Διά
2771 1925 2934 1978 τοῦτο
2991 1920 3080 1977 καὶ
3137 1922 3227 1976 ὅτε
3265 1920 3523 1995 ἐγεννήθη
3575 1918 3639 1974 τὸ
3677 1939 3819 1973 παι-

2161 2007 2296 2078 δίον,
2329 2009 2617 2083 ὠνόμασαν
2653 2009 2782 2066 αὐτὸ
2839 2010 3142 2084 Εὐθύμιον.
3205 2009 3463 2083 Λόεηθεῖς
3491 2005 3569 2078 δὲ,
3597 2005 3817 2083 ἐγένετο

2157 2096 2427 2174 κληρικὸς
2482 2100 2629 2174 παρά
2707 2104 2809 2155 τοῦ
2895 2099 3069 2155 ἐκεῖσε
3149 2097 3469 2170 ἐπισκόπου,
3547 2099 3662 2152 εἶτα
3717 2097 3816 2151 καὶ

2157 2184 2541 2265 πρεσϐύτερος,
2599 2189 2690 2244 καὶ
2749 2185 2982 2264 ἔξαρχος
3045 2192 3152 2243 τῶν
3213 2186 3612 2263 μοναστηρίων.
3676 2187 3818 2243 Εἶτα

2156 2277 2398 2343 ἀπῆλθεν
2454 2278 2528 2340 είς
2583 2276 2963 2353 Ἱεροσόλυμα·
3024 2277 3115 2332 καὶ
3173 2276 3224 2332 ἐν
3277 2281 3358 2349 τῷ
3414 2275 3673 2349 σπηλαίῳ
3709 2279 3816 2330 τοῦ

2156 2368 2307 2423 ὁσίου
2337 2370 2660 2423 Θεοκτίστου
2709 2367 3005 2442 ἡσύχαζεν·
3062 2369 3321 2421 τοσοῦτον
3376 2363 3433 2420 δέ
3479 2365 3815 2441 ἠγωνίσατο,

2154 2455 2312 2527 ὥστε,
2374 2455 2462 2512 διὰ
2513 2458 2614 2526 τὴν
2668 2457 2863 2532 ἀρετὴν
2943 2457 3130 2524 αὐτοῦ,
3197 2457 3616 2531 παρασκευάζειν
3675 2454 3812 2517 τοὺς

2156 2547 2505 2623 Σαρακηνούς
2556 2547 2678 2611 καθ’
2734 2547 2962 2617 ἑκάστην
3017 2548 3227 2621 ἡμέραν
3284 2545 3680 2620 προσέρχεσθαι
3723 2549 3812 2618 τῷ

2154 2641 2378 2712 Χριστῷ
2434 2636 2524 2692 καὶ
2585 2636 2960 2711 βαπτίζεσθαι,
3043 2637 3179 2708 μετά
3251 2635 3448 2698 παντὸς
3499 2639 3596 2689 τοῦ
3652 2633 3812 2689 οἴκου

2151 2724 2349 2782 αὗτῶν.
2384 2721 2578 2779 Πολλά
2607 2721 2664 2779 δέ
2710 2725 2956 2797 θαύματα
3007 2723 3319 2798 εἰργάσατο·
3351 2723 3441 2778 καὶ
3471 2723 3811 2798 λειτουργῶν

2151 2813 2341 2889 ἐφάνη,
2384 2813 2458 2875 ὡς
2514 2811 2712 2875 στύλος
2745 2813 2936 2888 πυρός.
2995 2812 3284 2888 Ὑπάρχων
3341 2809 3398 2867 Si
3454 2811 3589 2868 ἐτῶν
3624 2811 3813 2883 ἐνενη-

2148 2905 2471 2970 κονταεπτά,
2504 2899 2556 2956 έν
2610 2901 2766 2974 καλῷ
2821 2903 2968 2978 γήρᾳ
3023 2900 3160 2977 πρὸς
3220 2899 3414 2975 Κύριον
3449 2899 3811 2975 έξεδήμησεν,

2149 2990 2234 3046 ἐπὶ
2264 2998 2366 3062 τῆς
2399 2990 2684 3068 βασιλείας
2717 2990 2949 3054 Λέοντος
2977 2993 3076 3046 τοῦ
3109 2987 3372 3064 μεγάλου.

2703 3296 2884 3353 MHNI
2931 3299 3024 3355 ΤΩ
3063 3301 3236 3352 ΔΥΤΩ

2917 3415 3023 3470 KA‘

2917 3419 2957 3470 Κ
3011 3419 3023 3434 ι

2357 3502 2626 3574 Ἀθλησις
2654 3499 2753 3559 τοῦ
2779 3502 2933 3577 ἁγίου
2962 3419 3242 3579 ἒάρτυρος
3275 3502 3578 3582 Νεοφύτου.

2210 3620 2488 3699 Νεόφυτος
2546 3621 2574 3676 6
2635 3619 2841 3694 μάρτυς
2921 3625 3016 3676 τοῦ
3075 3624 3320 3697 Χριστοῦ
3384 3621 3630 3696 ὑπῆρχεν
3686 3620 3801 3676 ἀπὸ

2137 3707 2356 3772 πόλεως
2410 3709 2634 3774 Νικαίας
2688 3717 2786 3778 τῆς
2857 3710 3128 3777 Βιθυνίας,
3189 3709 3278 3766 ἐπὶ
3353 3717 3452 3781 τῆς
3514 3709 3800 3785 βασιλείας

2139 3797 2557 3870 Διοκλητιανοῦ,
2615 3801 2731 3861 υἱὸς
2782 3801 2986 3875 γονέων
3063 3802 3429 3874 Χριστιανῶν,
3499 3795 3797 3872 Θεοδώρου

2135 3888 2224 3942 καὶ
2258 3887 2604 3964 Φλωρεντίας
2661 3886 2882 3944 Ηαιδίον
2938 3886 2996 3944 δὲ
3052 3886 3150 3958 ὣν,
3208 3889 3361 3963 ὅμως
3420 3889 3606 3964 χάριτι
3659 3891 3800 3944 Θεοῦ

2135 3975 2523 4050 έπεπλήρῳτο,
2556 3977 2645 4032 καὶ
2691 3977 3138 4054 ἐθαυματούργει.
3174 3978 3264 4040 Εἰς
3293 3979 3399 4054 γάρ
3427 3980 3490 4033 τὸ
3523 3977 3791 4052 σχολεῖον

2133 4065 2538 4141 ἀπερχόμενος,
2575 4066 2709 4139 μετά
2753 4071 2861 4121 τῶν
2910 4064 3281 4142 συσχολιτῶν,
3315 4067 3668 4142 προσηύχετο
3698 4067 3800 4121 καὶ

2135 4151 2402 4232 διέτρεφεν
2462 4154 2680 4218 αύτούς.
2743 4155 3067 4220 Ἠκολούθει
3128 4153 3186 4210 δὲ
3242 4157 3395 4229 αὐτῷ
3435 4159 3665 4212 πάντοτε
3695 4176 3797 4210 πε-

2134 4244 2370 4316 ριστερά,
2424 4244 2513 4298 καὶ
2574 4248 2725 4321 φωνῇ
2781 4244 3097 4320 ἀνθρωπίνῃ
3170 4245 3557 4322 συνετύγχανεν
3617 4246 3800 4317 αὐτῷ,

2133 4334 2220 4403 Ἐξ
2249 4333 2310 4388 οὗ
2339 4334 2430 4388 καὶ
2462 4333 2735 4388 ἀκούσασα
2791 4338 2825 4404 ὴ
2889 4337 3072 4408 μήτηρ
3130 4339 3227 4391 τοῦ
3286 4337 3447 4410 ἁγίου
3491 4343 3593 4406 τῆς
3635 4356 3796 4412 περι-

2131 4427 2319 4493 στερᾶς
2379 4423 2733 4497 ἀνθρωπίνως
2821 4421 3215 4499 διαλεγομένης
3296 4425 3464 4498 αὐτῷ,
3529 4426 3636 4480 ἀπὸ
3693 4429 3796 4480 τοῦ

2129 4509 2303 4592 φόϐου
2334 4513 2614 4568 ἀπέθανεν’
2647 4511 2776 4568 ἀλλ’
2833 4514 2860 4568 6
2922 4515 3072 4589 ἅγιος
3113 4513 3300 4584 αὐτὴν,
3332 4515 3794 4590 προσευξάμενος,

2057 4594 2101 4658 [)
2133 4602 2442 4672 ἀνέστησεν.
2503 4603 2812 4677 Ἀνήρχετο
2872 4599 2930 4657 δὲ
2984 4601 3060 4665 είς
3116 4604 3180 4658 τὸ
3236 4598 3364 4679 ὅρος
3419 4609 3634 4680 συχνῶς
3689 4608 3794 4659 τοῦ

2126 4690 2436 4765 Ὀλύμπου,
2495 4691 2585 4745 καὶ
2642 4690 2910 4766 ἡσύχαζε.
2973 4692 3077 4746 Καὶ
3141 4692 3326 4765 μαθὼν
3357 4693 3424 4748 τά
3469 4693 3591 4768 περὶ
3621 4691 3792 4748 αὐτοῦ

2120 4781 2403 4856 ὁὴγεμὼν
2467 4784 2676 4849 Δέκιος,
2734 4779 3082 4848 ἀποστείλας,
3140 4782 3230 4836 καὶ
3286 4784 3562 4858 κρατήσας
3591 4781 3789 4867 αὐτὸν,

2120 4869 2306 4944 ἔτυψεν
2369 4869 2634 4944 ἰσχυρῶς.
2694 4870 2825 4925 Εἶτα
2885 4867 2962 4930 είς
3001 4872 3230 4946 φοῦρνον
3292 4868 3606 4944 πυρωθέντα
3657 4867 3708 4923 ἐν
3735 4870 3793 4923 έ-

2121 4955 2308 5015 6αλεν.
2367 4958 2542 5015 Ἀλλά
2596 4959 2682 5012 καὶ
2745 4957 2804 5011 ἐκ
2857 4963 2959 5012 τοῦ
3019 4957 3256 5035 φούρνου
3305 4959 3522 5028 σωθεὶς,
3555 4957 3788 5032 ἐθηριο-

2124 5049 2363 5123 μάχησε·
2414 5045 2504 5100 καὶ
2551 5049 2659 5100 τῶν
2715 5047 2920 5120 θηρίων
2978 5045 3301 5122 λυτρωθεῖς,
3353 5047 3645 5124 ἀπεσφάγη
3682 5047 3790 5102 ὑπὸ

2122 5136 2237 5196 ένὸς
2265 5139 2371 5191 τῶν
2406 5133 2827 5209 παρεστηκότων
2857 5139 2936 5206 τῷ
2967 5131 3215 5212 ἄρχοντι.

2701 5256 2782 5327 Τῇ
2823 5253 2959 5327 αὐτῇ
3009 5249 3192 5331 ἡμέρᾳ

2435 5373 2534 5425 τοῦ
2608 5368 2760 5424 ὁσίου
2863 5371 3116 5444 Ζωσίμου
3219 5371 3520 5429 ἐπισκόπου
3605 5379 3787 5440 Συρα-

2835 5443 3059 5514 κούσης.

2122 5375 2245 5443 Μνή
2257 5393 2332 5445 μη

2193 5563 2446 5633 Ζὼσιμος
2504 5561 2532 5616 6
2591 5558 2642 5616 ἐν
2703 5560 2879 5635 ἁγίοις
2941 5562 3128 5636 Πατὴρ
3187 5565 3370 5635 ἡμῶν,
3433 5563 3642 5637 ἐγένετο
3673 5563 3787 5617 ἀπὸ

2127 5653 2407 5722 Σικελίας,
2471 5651 2587 5712 υίὸς
2641 5653 2846 5725 γονέων
2900 5657 3104 5707 πιστῶν
3152 5654 3242 5708 καὶ
3292 5649 3566 5722 εὖλαϐῶν,
3610 5651 3701 5708 καὶ
3735 5652 3790 5707 ἐν

2124 5742 2415 5818 αὐταρκείᾳ
2481 5741 2712 5810 ζώντων.
2801 5740 3013 5804 Οἳτινες
3091 5745 3248 5818 εἶχον
3307 5745 3493 5816 κτῆμα
3549 5739 3791 5812 πλησίον

2121 5835 2220 5901 τῆς
2256 5837 2432 5904 μονῆς
2477 5836 2578 5899 τῆς
2635 5829 2793 5905 ἁγίας
2853 5832 3088 5894 Δουκίας
3115 5835 3215 5898 τῆς
3246 5829 3537 5908 παρθένου.
3567 5832 3695 5889 Ὀτε
3727 5828 3792 5887 Si
