4074 6192
334 326 461 385 2‘73

1777 322 2241 386 JANUABIUS.

3631 326 3751 383 274

338 454 599 531 ἐγεννήθη
663 455 692 509 ὁ
748 454 1023 525 Ζώσιμος,
1083 451 1242 524 ἐδόθη
1305 452 1479 521 δῶρον
1514 452 1616 509 ὗπδ
1650 458 1757 508 τῶν
1787 451 1979 528 γονέωκ

2109 455 2181 510 ab
2212 456 2284 511 iis
2317 462 2534 512 sancta;
2566 457 2755 512 Lucim
2788 456 3043 523 oblatus,
3069 459 3209 512 etin
3230 457 3434 513 eodem
3457 465 3749 514 monaste-

332 549 402 618 τῇ
438 543 566 617 ἁγίᾳ
597 544 819 615 Λουκίᾳ.
877 544 977 598 Καὶ
1034 544 1355 619 ἀνατραφεές
1405 542 1455 597 ἐν
1488 543 1555 617 τῇ
1587 547 1752 616 μονῇ,
1784 544 1993 617 ἐγένετο

334 633 748 704 προσμονὰριος
776 636 877 697 τῆς
907 629 1094 700 τιμίας
1114 629 1280 696 αὐτῆς
1302 630 1495 699 θήκης.
1532 626 1637 683 Καί
1667 649 1800 682 ποτε
1826 627 1998 683 ἀπελ-

336 719 446 783 θὼν
480 718 619 790 πρὸς
650 716 780 778 τοὺς
809 723 1007 791 γονεῖς,
1040 716 1101 771 οὗ
1129 719 1489 792 συνεχωρήθη
1528 717 1720 791 μικρὸν
1758 718 1875 789 μετ’
1907 717 1997 771 αὐ-

332 811 440 862 τῶν
475 805 780 881 διατρίῲαγ
816 805 942 861 ἀλλ’
973 805 1125 870 εὐθὺς
1170 804 1542 873 ἀνταπεσταλη
1577 806 1710 878 πρὸς
1740 807 1831 860 τὸν
1865 808 1991 861 ναὸν

332 903 433 964 τῆς
464 896 643 969 ἁγίας,
672 895 935 950 εἰπόντων
996 900 1100 949 τῶν
1159 898 1357 969 γονέων
1420 896 1586 950 αὐτοῦ
1640 896 1774 967 πρὸς
1805 896 1991 961 αὐτὸν,

331 986 417 1040 ὅτι
477 986 627 1040 Ἐκεῖ
711 984 949 1061 ὀφείλεις
1032 984 1187 1053 εἶναι,
1276 986 1413 1038 ὅπου
1471 984 1557 1039 καὶ
1618 984 1986 1058 ὑπεσχόμεθα·

325 1074 623 1145 τριάκοντα
655 1072 710 1128 δὲ
759 1069 852 1141 ἔτη
911 1077 1147 1143 ποιήσας
1208 1074 1260 1127 ἐν
1441 1077 1604 1146 μονῆ,
1658 1072 1868 1147 ἐγένετο
1900 1074 1987 1128 καὶ

322 1162 639 1237 ἡγούμενος
697 1162 887 1232 αὐτῆς.
949 1165 1083 1220 Εἶτα
1147 1161 1332 1237 γὲγονε
1388 1161 1478 1216 καὶ
1538 1160 1832 1224 ἐπίσκοπος
1889 1170 1990 1230 τῆς

324 1254 548 1317 πόλεως
619 1255 972 1327 Συρακούσης
1028 1253 1131 1309 ὑπὸ
1184 1251 1471 1325 Θεοδώρου
1528 1254 1682 1308 πὰπα
1738 1255 1984 1326 Ῥώμης

324 1343 625 1417 γενόμενος
700 1340 758 1397 δὲ
833 1342 1148 1408 ἐπίσκοπος,
1205 1342 1303 1397 οὐκ
1357 1341 1609 1415 ἠμέλησε
1662 1347 1761 1397 τοῦ
1828 1340 1988 1398 λαοῖγ

324 1432 473 1489 ἀλλὰ
503 1432 755 1496 πολλοὺς
816 1430 1030 1502 διδάξας
1085 1431 1209 1503 περὶ
1265 1438 1365 1501 τῆς
1424 1432 1648 1487 αἰωνίου
1700 1438 1865 1502 ζωῆς,
1892 1435 1984 1488 καί

324 1522 452 1595 περὶ
509 1521 742 1597 κρίσεως
791 1522 882 1576 καὶ
944 1518 1379 1587 ἀνταποδόσεως,
1431 1522 1519 1576 καὶ
1578 1520 1762 1583 καλῶς
1795 1519 1981 1577 διακυε

326 1607 598 1686 ϐερνήσας
636 1611 737 1679 τὴν
798 1610 1239 1684 ἐμπιστευθεῖσαν
1301 1608 1449 1681 αὖτῷ
1506 1608 1822 1683 ἐκκλησίαν,
1854 1630 1985 1665 πεν-

323 1702 570 1772 τήκοντα
599 1700 817 1774 χρόνων
850 1695 945 1765 ὥν,
974 1697 1120 1754 τέλει
1155 1698 1279 1774 βίου
1310 1698 1607 1775 ἐχρήσατο.

893 1808 1076 1865 ΜΙίΝΙ
1103 1813 1188 1862 ΤΩ
1226 1809 1424 1864 ΑΥΤΩ.

1093 1916 1215 1971 KB'.

318 2006 596 2075 ’Δθλησις
653 2009 752 2059 τοῦ
809 2004 967 2079 ἁγίου
1004 2003 1350 2079 ἀποστόλου
1412 2006 1690 2079 Τιμοθέου
1756 2003 1977 2079 ἐπισκό-

389 2074 530 2155 πουΔ
574 2074 867 2155 Ἐφὲσου,’
919 2078 1165 2149 μαθητοῦ
1256 2074 1355 2130 τοῦ
1430 2077 1591 2151 ἁγίου
1666 2077 1978 2132 ἀποστόλου

392 2150 640 2206 Παύλου.

391 2256 690 2328 Τιμόθεος,
752 2257 781 2310 ὁ
838 2259 934 2309 τοῦ
992 2257 1225 2313 Χριστοῦ
1282 2252 1612 2324 ἀπόστολος,
1673 2254 1886 2330 ἰγὲνετο
1918 2254 1977 2311 ἐκ

318 2348 416 2415 τῆς
448 2343 666 2406 πόλεως
697 2345 957 2415 Λύστρας·
1017 2344 1084 2411 ἧν
1143 2341 1199 2397 δὲ
1256 2344 1369 2405 υἱὸς
1405 2344 1497 2416 μὲν
1531 2344 1829 2415 Ἕλληνος,
1867 2366 1978 2417 μη-

320 2433 477 2508 τέρος
538 2431 595 2488 δὲ
656 2430 946 2495 Ἰουδαίας·
1003 2432 1210 2508 ἐγένετο
1284 2430 1339 2486 δὲ

323 2523 480 2595 ἁγίου
513 2521 825 2577 ἀποστόλου
858 2519 1101 2592 Παύλου,
1153 2522 1242 2576 καί
1303 2523 1613 2592 περιπατῶν
1662 2524 1775 2594 μετ’
1810 2523 1975 2576 αὐτοῦ

322 2609 621 2668 ἐδίδασκεν.
684 2612 818 2667 Εἶτα
876 2610 1128 2679 ἐποίησεν
1188 2610 1346 2665 αὐτὸν
1406 2616 1621 2685 πρῶτον
1680 2611 1972 2665 ἐπίσκοπον

319 2701 549 2779 Ἐφέσου
581 2702 610 2755 ὁ
644 2700 797 2775 ἅγιος
832 2697 1065 2771 Παῦλος,
1104 2699 1192 2754 ἐπὶ
1238 2703 1339 2765 τῆς
1394 2701 1669 2776 βασιλείας
1702 2700 1975 2775 Νέρωνος,

320 2792 426 2864 πρὸ
455 2794 554 2843 τοῦ
612 2788 772 2862 ἁγίου
832 2790 1084 2845 Ἰωάννου
1138 2792 1235 2843 τοῦ
1287 2788 1580 2861 Θεολόγου.
1622 2790 1683 2845 Ὁ
1712 2789 1813 2865 γὰρ
1845 2797 1977 2845 Θεο-

320 2878 487 2954 λόγος
518 2879 739 2953 ὕστερον
769 2875 936 2946 ἦλθεν
998 2877 1074 2938 εἰς
1134 2883 1386 2954 Ἔφεσον,
1425 2878 1556 2950 μετὰ
1584 2880 1685 2945 τήν
1716 2879 1973 2947 κοίμησιν

318 2974 417 3034 τῆς
445 2969 605 3043 ἁγίας
654 2967 941 3023 Θεοτόκου·
1000 2969 1026 3021 ὁ
1087 2964 1143 3021 δὲ
1200 2970 1353 3043 ἅγιος
1412 2967 1681 3039 Τιμόθεος
1730 2965 1976 3022 ἐδίδασκε

313 3060 405 3113 τὸν
467 3056 600 3111 λαὸν
659 3058 759 3124 τὴν
820 3056 896 3118 εἷς
945 3057 1172 3125 Χριστὸν
1232 3056 1428 3113 πίστιν.
1485 3058 1570 3113 Ἐν
1636 3062 1734 3128 μιᾷ
1782 3056 1838 3112 δὲ
1866 3063 1973 3112 τῶν

1409 2432 1499 2487 καὶ
1580 2434 1823 2505 μαθητὴς
1880 2438 1976 2487 τοῦ

471 3151 496 3161 α
598 3144 680 3164 ’κε
852 3145 863 3161 \
967 3147 987 3164 ιι
1442 3147 1456 3165 \
1700 3148 1712 3163 ι

314 3150 565 3221 ἡμερων,
600 3164 728 3199 ιοων
786 3166 910 3206 τους
990 3147 1246 3215 Ελληνας
1302 3146 1494 3221 ἓορτην
1554 3167 1750 3219 μιαραν
1795 3146 1973 3202 ἐπιτε-

316 3237 550 3295 λοῦντας
603 3240 723 3295 τοῖς
800 3233 1077 3296 εἱδώλοις.
1140 3237 1252 3307 ἅμα
1316 3236 1522 3310 γυναιξὶ
1576 3236 1665 3291 καὶ
1724 3234 1970 3310 ἀνδράσι,

314 3325 400 3379 καὶ
463 3320 668 3395 ἄσεμνα
721 3323 1132 3397 ἐργαζομένους,
1198 3325 1476 3381 κατελθὼν
1557 3326 1693 3400 πρὸς
1751 3325 1967 3398 αὐτοὺς,

315 3414 402 3467 καὶ
438 3411 773 3487 παρακαλῶν
822 3413 1122 3477 ἀποστῆναι
1180 3417 1280 3478 τῆς
1334 3416 1548 3484 κακίας,
1608 3415 1709 3469 οὐκ
1762 3412 1969 3469 ἔπεισεν

319 3502 540 3566 αὐτοὺς,
603 3501 749 3557 ἀλλὰ
815 3500 1029 3575 μᾶλλον
1088 3502 1347 3581 ὲφονεόθη
1408 3506 1533 3580 παρ’
1590 3505 1794 3573 αὐτῶν,
1839 3504 1973 3576 μετὰ

313 3597 422 3647 τῶν
452 3587 714 3661 ῥαϐδίων,
765 3592 837 3646 ὧν
897 3590 1175 3663 ἐκράτουν,
1234 3592 1285 3648 ἂν
1344 3594 1528 3656 αὗτοῖς
1563 3599 1679 3656 τοῖς
1709 3588 1972 3668 ἐμϐόλοις

315 3686 414 3746 τῆς
466 3679 707 3751 πόλεως,
762 3681 814 3736 ἐν
878 3684 962 3745 οἷς
1042 3683 1135 3738 καὶ
1216 3683 1385 3762 ιταφη
1445 3683 1508 3739 τὸ
1564 3686 1749 3758 τίμιον
1808 3683 1971 3740 αὐτοῦ

316 3769 594 3845 λείψανον.

890 3864 970 3935 Τῆ
1030 3861 1166 3936 αὖτῇ
1223 3864 1406 3938 ἡμέρᾳ

460 3965 725 4037 Ἀθλησις
752 3971 850 4023 τοῖ’)
880 3970 1036 4044 ἁγίου
1089 3970 1364 4045 μάρτυρος
1399 3972 1680 4028 Βικεντίου
1712 3968 1831 4027 δια-

1051 4042 1236 4099 κόνου.

388 4145 524 4201 Ἀπὸ
582 4144 1084 4219 Αὖγουστοπόλεως
1142 4148 1207 4217 ἦν
1268 4149 1448 4213 οὗτος,
1507 4149 1594 4203 ἐπὶ
1658 4157 1757 4219 τῆς
1818 4151 1971 4226 βασι-

318 4233 465 4295 λείας
525 4235 869 4306 Μαξιμιανοῦ
925 4234 1014 4289 καὶ
1073 4242 1403 4307 Δομετιανοῦ
1460 4236 1754 4312 ἡγεμόνος·
1814 4240 1974 4313 ἐκρα-

317 4326 458 4393 τήθη
488 4321 548 4377 δὲ
581 4323 716 4395 μετὰ
742 4323 838 4378 τοῦ
870 4323 1171 4379 ἐπισκόπου
1224 4325 1551 4402 οὐαλερίου,
1592 4330 1677 4384 καὶ
1711 4326 1863 4403 ἤχθη
1901 4329 1973 4391 εἶς

320 4412 487 4467 πόλιν
522 4413 826 4487 Λεγομένην
859 4412 1177 4483 Βαλεντίαν,
1207 4417 1296 4470 καὶ
1324 4420 1393 4490 τῇ
1422 4415 1640 4495 φυλακῇ
1674 4416 1971 4492 παρεδόθη.

320 4502 454 4557 Εἶτα
485 4500 676 4574 ἀχθεὶς
718 4502 855 4575 πρὸς
910 4504 1261 4574 Δομετιανὸν,
1321 4506 1456 4578 μετὰ
1510 4502 1746 4580 ῥαϐδίων
1777 4507 1971 4562 τύπτε-

2108 547 2194 601 rio
2214 547 2517 603 educatus.
2543 548 2796 601 mdituus
2821 564 3000 601 sacrm
3023 548 3184 603 illius
3209 549 3391 603 thecm
3417 549 3603 604 factus
3623 556 3712 604 est
3738 569 3750 604 :

2105 636 2203 706 qui
2238 637 2285 690 si
2321 637 2555 707 quando
2590 643 2865 707 parentes
2896 636 3241 691 visitaturus
3266 638 3483 700 adibat,
3512 639 3747 711 longam

2104 742 2237 781 cum
2262 726 2346 780 eis
2370 742 2593 780 moram
2624 726 2857 780 trahere
2881 726 3342 797 haudquaquam
3367 728 3754 796 permitteba-

2104 820 2199 869 tur
2230 832 2241 869 :
2276 816 2377 870 sed
2410 817 2607 869 statim
2632 815 2703 869 ad
2738 816 3027 886 templum
3055 824 3272 869 sanctae
3317 816 3757 880 remittebatur,

2103 904 2399 959 aientibus
2431 904 2505 958 ad
2538 920 2670 958 eum
2712 904 3074 973 parentibus,
3110 904 3266 973 quod
3300 904 3378 957 ibi
3440 921 3573 958 eum
3625 923 3757 961 esse

2103 998 2426 1065 oporteret,
2459 992 2558 1046 ubi
2592 992 2663 1047 ab
2696 992 2841 1061 ipsis
2873 993 3101 1046 dicatus
3130 996 3335 1046 fuerat.
3371 994 3513 1047 Cum
3559 1001 3757 1048 autem

2103 1081 2345 1153 triginta
2375 1098 2567 1135 annos
2595 1081 2652 1134 in
2687 1081 3049 1135 monasterio
3080 1081 3315 1151 egisset,
3362 1082 3552 1135 eidem
3604 1099 3755 1153 prae-

2100 1170 2288 1225 fectus
2340 1171 2468 1224 fuit.
2537 1175 2746 1223 Postea
2804 1169 3104 1241 Syracusm
3160 1168 3327 1223 urbis
3382 1171 3759 1241 episcopusa

2099 1258 2404 1315 Theodoro
2440 1259 2701 1313 Romano
2760 1256 3040 1327 pontifice
3086 1257 3416 1325 ordinatus,
3472 1260 3757 1330 populum

2101 1363 2477 1419 nequaquam
2505 1347 2764 1418 neglexit
2792 1372 2804 1405 ι
2839 1346 2941 1399 sed
2975 1345 3193 1400 multos
3225 1346 3296 1400 de
3346 1348 3464 1401 vita
3512 1355 3757 1415 aeterna,

2099 1438 2291 1508 deque
2312 1436 2541 1507 judicio
2574 1453 2641 1491 ac
2668 1436 3059 1491 retributione
3087 1434 3325 1499 docens,
3350 1436 3754 1507 creditamque

2101 1529 2214 1584 sibi
2243 1527 2569 1583 Ecclesiam
2603 1527 2827 1598 optime
2855 1526 3211 1599 gubernans,
3230 1527 3347 1581 vita
3367 1527 3604 1581 functus
3636 1532 3750 1592 est,

2099 1633 2287 1673 annos
2322 1616 2754 1690 quinquaginta
2784 1620 2980 1671 natus.

2644 1822 2886 1879 EODEM
2926 1822 3071 1877 ΜΕΝ
3077 1821 3178 1877 SE.

2563 1929 2668 1985 Die
2698 1928 2979 1984 vicesima
3010 1928 3274 1984 secunda

2091 2036 2243 2093 I28
2303 2036 2594 2089 (‘ertamen
2647 2036 2828 2089 sancti
2883 2034 3121 2102 apostoli
3173 2032 3441 2086 Timothei
3498 2034 3743 2101 episcopi

2319 2108 2538 2178 Ephesi,
2572 2106 2833 2175 discipuli
2860 2107 3038 2160 sancti
3061 2105 3298 2175 apostoli
3326 2103 3509 2159 Pauli.

2159 2258 2499 2315 Timotheus
2522 2257 2735 2311 Christi
2770 2256 3095 2328 apostolus,
3130 2254 3352 2325 Lystris
3384 2257 3547 2324 patre
3581 2254 3737 2309 Grae-

2089 2365 2177 2415 co,
2212 2354 2398 2404 matre
2427 2348 2627 2402 Judaaa
2660 2354 2856 2405 natus.
2882 2347 3067 2400 sancti
3097 2344 3346 2417 apostoli
3377 2344 3539 2398 Pauli
3565 2344 3740 2398 disci-

2088 2438 2284 2510 pulus,
2320 2436 2877 2508 prardicationisque
2922 2436 3081 2489 illius
3139 2451 3358 2493 comes.
3409 2433 3481 2487 ab
3532 2433 3740 2487 eodem
3778 2418 3789 2426 ’

2088 2534 2292 2583 sancto
2352 2526 2554 2587 Paulo,
2616 2525 2982 2596 temporibus
3040 2524 3287 2577 Neronis
3343 2523 3740 2593 imperatoris,

2088 2618 2316 2689 primus
2348 2616 2561 2687 Ephesi
2594 2616 2910 2687 episcopus
2940 2620 3076 2669 ante
3130 2619 3401 2668 sanctum
3450 2613 3739 2668 Joannem

2087 2707 2448 2777 Theologum
2480 2705 2788 2759 ordinatus
2839 2709 2959 2757 est:
3012 2702 3342 2773 Theologus
3397 2702 3555 2755 enim
3601 2704 3741 2772 post

2090 2801 2309 2851 sanctas
2334 2795 2598 2865 Deiparae
2619 2793 3041 2848 dormitionem
3061 2790 3220 2846 venit
3240 2789 3559 2861 Ephesum.
3592 2790 3737 2843 San-

2089 2890 2218 2939 ctus
2246 2900 2381 2938 vero
2399 2883 2741 2937 Timotheus
2764 2898 2898 2935 cum
2921 2879 3133 2934 Christi
3162 2878 3276 2933 fide
3298 2878 3584 2949 populum
3626 2878 3743 2931 im-

2088 2973 2318 3037 bueret,
2360 2972 2567 3027 videns
2619 2970 2938 3041 aliquando
3000 2970 3231 3024 Graecos
3271 2966 3736 3022 abominabilem

2088 3063 2262 3118 idolis
2288 3062 2505 3117 festum
2538 3061 2696 3116 diem
2729 3060 3119 3125 celebrantes,
3154 3056 3490 3129 promiscue
3547 3071 3742 3109 mares

2088 3169 2157 3208 ac
2204 3152 2456 3207 feminas
2506 3151 2750 3223 indigna
2803 3158 3057 3219 patrare,
3103 3161 3421 3202 accurrens
3463 3143 3537 3199 ad
3578 3144 3737 3208 illos,

2086 3258 2477 3311 monensque,
2537 3246 2602 3295 ut
2657 3257 2692 3295 a
2734 3238 3020 3308 pravitate
3072 3235 3451 3299 desisterent,
3510 3237 3738 3285 tantum

2079 3330 2288 3395 abfuit,
2314 3336 2379 3385 ut
2409 3329 2732 3399 quidquam
2767 3325 3103 3397 profecerit,
3125 3329 3192 3378 ut
3221 3322 3417 3393 potius
3447 3319 3518 3375 ab
3552 3319 3623 3373 iis
3645 3320 3738 3373 in-

2079 3419 2361 3474 terfectus
2400 3418 2579 3473 fuerit
2630 3414 3018 3486 scipionibus,
3079 3429 3227 3482 quos
3283 3427 3405 3481 prae
3462 3408 3738 3463 manibus

2078 3508 2383 3571 tenebant,
2415 3509 2476 3562 in
2508 3508 2636 3578 ipso
2668 3504 2919 3560 civitatis
2978 3502 3164 3569 aditu,
3213 3500 3317 3556 ubi
3362 3504 3422 3554 et.
3463 3498 3735 3570 pretiosae

2078 3598 2265 3671 ipsius
2295 3597 2565 3670 reliquiis
2596 3594 2843 3668 sepultae
2872 3596 3031 3650 sunt.

2733 3860 2954 3918 Eodem
2984 3860 3079 3917 die

2114 3973 2266 4031 I29
2302 3971 2592 4028 Certamen
2618 3968 2802 4028 sancti
2832 3970 3096 4039 martyris
3136 3967 3417 4022 Vincentii
3459 3964 3699 4020 diaconi.

2154 4154 2234 4207 Ex
2266 4153 2527 4220 Augusta
2556 4149 2701 4203 urbe
2735 4148 2847 4203 fuit
2876 4149 3006 4212 iste,
3060 4145 3421 4200 Diocletiano
3464 4142 3732 4212 impera-

2083 4249 2228 4301 tore.
2264 4248 2321 4295 et
2353 4240 2685 4296 Domitiano
2718 4235 2989 4307 praeside.
3024 4232 3505 4302 Comprehensus
3534 4236 3732 4283 autem

2083 4348 2216 4388 cum
2242 4330 2473 4385 Valerio
2505 4328 2803 4399 episcopo,
2838 4331 2897 4378 et
2926 4324 2985 4377 in
3021 4321 3345 4376 Valentiam
3394 4319 3599 4372 urbem
3634 4317 3734 4372 ad-

2084 4416 2608 4481 ductus,custodiaa
2631 4411 3073 4468 traditurUnde
3099 4411 3366 4475 eductus,
3401 4406 3736 4460 Domitiano

2086 4509 2341 4573 sistitur;
2376 4502 2792 4561 etverberibus
2816 4518 3022 4563 cassus,
3047 4498 3256 4553 ferreis
3279 4494 3514 4563 ungulis
3536 4511 3740 4551 excar-

319 4609 429 4656 ται,
489 4590 583 4642 καὶ
643 4586 733 4643 διὰ
783 4588 1024 4664 σιδήρων
1084 4592 1276 4661 ξέεται.
1336 4594 1436 4651 Καὶ
1494 4572 1646 4657 αὖθις
1701 4595 1788 4651 ἐπὶ
1832 4597 1976 4652 πολὺ

2095 4597 2383 4654 niticatur,
2404 4594 2463 4648 in
2489 4592 2807 4663 equuleum
2834 4590 2933 4643 diu
2960 4603 3293 4659 suppensus
3316 4602 3330 4639 :
3357 4600 3491 4639 mox
3514 4584 3742 4638 facibus

322 4676 672 4752 κρεμασθεῖς,
725 4675 814 4732 διὰ
868 4678 1172 4751 λαμπάδων
1206 4684 1375 4755 πυρὸς
1405 4686 1499 4747 τὰς
1546 4685 1783 4759 πλευρὰς
1813 4708 1979 4741 κατα-

328 4765 579 4840 φλέγεται
630 4766 719 4820 καὶ
779 4765 1028 4843 σιδηραῖς
1082 4766 1366 4837 σούόλαις,
1426 4775 1784 4850 πυρωθείσαις
1815 4796 1978 4830 κατα-

323 4860 609 4911 κεντεῖται.
673 4856 1092 4931 Παραλυθέντων
1165 4857 1222 4915 δὲ
1273 4866 1380 4916 τῶν
1442 4859 1679 4935 δημίων,
1734 4865 1825 4918 καὶ
1882 4870 1979 4919 τοῦ

329 4942 482 5019 ἁγίου
542 4946 816 5020 μάρτυρος
904 4950 1086 5021 ὑγιοῦς
1165 4950 1522 5014 καταστάντος
1575 4958 1709 5007 Θεοῦ
1767 4955 1977 5027 χάριτι,

330 5029 693 5105 μετιδληθεὶς
753 5038 781 5090 ὁ
833 5037 1105 5110 τυραννος,
1164 5037 1366 5113 ἤρξατο
1424 5040 1737 5096 κολακεῦειν
1796 5041 1977 5111 αὐτὸν,

327 5122 414 5177 καὶ
473 5122 627 5198 ἔλεγε
678 5126 817 5200 πρὸς
872 5127 1052 5181 αὐτόν’
1111 5126 1257 5183 Ἰδοὺ
1316 5130 1426 5205 ἐγὼ
1484 5130 1747 5186 ἀπολύσω
1781 5153 1858 5203 σε,
1890 5131 1979 5185 καὶ

332 5211 395 5265 οὖ
454 5213 723 5287 φονεύσω.
784 5212 1026 5284 Θέλησον
1076 5218 1170 5271 οὖν
1222 5217 1548 5290 ἀρνήσασθαι
1602 5221 1694 5275 τὸν
1749 5222 1981 5294 Χριστόν

327 5303 565 5369 σου,καὶ
600 5311 976 5373 προσκυνῆσαι
1032 5312 1148 5367 τοῖς
1206 5314 1372 5371 θεοῖς.
1431 5310 1491 5366 ὐ
1548 5308 1605 5364 δὲ
1654 5311 1807 5386 ἅγιος
1841 5306 1981 5382 μηδὲ

332 5390 670 5465 ἀνεχόμενος
710 5392 922 5447 ἀκούειν
954 5392 1119 5449 αὐτοῦ
1172 5396 1654 5473 βλασφημοῦντος,
1687 5399 1980 5474 προσευξὰ-

336 5501 496 5553 μενος
550 5478 633 5551 τῷ
690 5485 828 5551 Θεῷ,
888 5482 1060 5559 ἀφῆκε
1133 5484 1196 5539 τὸ
1254 5492 1486 5561 πνεῦμα.
1546 5490 1624 5547 Τὸ
1682 5486 1739 5544 δὲ
1795 5491 1981 5562 τίμιον

332 5568 496 5624 αὖτοῦ
530 5569 788 5643 λείψανον
817 5570 984 5649 ἐτάφη
1036 5574 1088 5629 ἐν
1136 5574 1286 5647 αὐτῷ
1312 5581 1392 5650 τῷ
1418 5578 1574 5649 τόπῳ
1604 5577 1750 5653 παρά
1778 5584 1983 5636 πιστῶν

324 5659 413 5717 καὶ
441 5654 700 5721 εὖλαὸῶν
733 5658 959 5739 ἀνδρῶν.

2088 4685 2239 4758 ignis
2274 4684 2332 4738 in
2365 4681 2651 4737 lateribus
2683 4684 2944 4737 exustus,
2989 4675 3216 4730 subulis
3242 4674 3450 4728 ferreis
3481 4670 3741 4726 canden-

2090 4775 2245 4830 tibus
2280 4771 2628 4843 perfoditur.
2662 4769 2804 4822 Cum
2834 4772 3029 4821 autem
3080 4763 3391 4819 carniﬁces
3441 4760 3741 4831 defatigati

2092 4869 2309 4928 essent,
2343 4867 2401 4915 et
2430 4867 2671 4915 sanctus
2703 4864 2928 4928 martyr
2959 4855 3057 4910 Dei
3113 4852 3404 4908 beneﬁcio
3456 4867 3637 4905 sanus
3686 4854 3761 4902 et

2091 4951 2409 5007 incolumis
2439 4949 2812 5013 consisteret,
2876 4949 3099 4999 mutato
3149 4940 3401 4997 consilio
3453 4945 3741 5011 tyrannus

2092 5042 2268 5112 cmpit
2299 5040 2468 5094 illum
2515 5037 2825 5093 blanditiis
2885 5034 3159 5095 delinire,
3216 5030 3500 5101 inquiens
3524 5048 3541 5083 :
3572 5030 3739 5094 Ecce,

2094 5147 2199 5199 ego
2234 5137 2286 5183 te
2309 5128 2648 5183 absolutum
2670 5126 2988 5190 dimittam,
3013 5139 3121 5177 nec
3145 5120 3319 5175 morti
3345 5116 3741 5181 tradam,dum

2093 5220 2389 5274 Christum
2416 5223 2584 5271 tuum
2616 5231 2830 5285 negare
2853 5214 3017 5278 velis,
3051 5212 3309 5280 deosque
3332 5208 3597 5264 adorare.
3636 5203 3745 5259 Sed

2094 5314 2335 5363 sanctus
2352 5322 2426 5361 ne
2449 5306 2654 5361 audire
2670 5303 2911 5374 quidem
2934 5298 3512 5372 blasphemiasillius
3528 5295 3742 5359 ferens,

2093 5399 2155 5454 in
2188 5398 2455 5452 oratione
2487 5395 2764 5466 spiritum
2798 5394 2915 5448 Deo
2948 5390 3189 5446 tradidit
3217 5405 3229 5443 :
3263 5389 3432 5459 cujus
3474 5383 3743 5456 pretiosa

2095 5487 2364 5559 reliquias
2392 5486 2455 5541 in
2515 5484 2725 5540 eodem
2770 5482 2901 5537 loco
2935 5497 2969 5536 a
3001 5477 3277 5535 fidelibus
3327 5475 3558 5547 piisque
3605 5470 3745 5524 viris

2093 5578 2342 5650 sepulta
2369 5580 2527 5634 sunt.
