4074 6192
317 340 431 398 275

968 465 1186 524 Eodem
1220 463 1314 520 die

393 587 549 644 180
580 588 862 644 Certamen
886 583 1062 640 sancti
1090 581 1356 651 martyris
1388 578 1674 635 Anastasii
1697 577 1893 633 Persae.

393 805 497 858 Hic
525 820 592 858 ex
616 801 855 857 Perside
877 798 1297 856 fuit.Romanis
1319 796 1587 854 Heraclio
1611 795 1960 868 imperante,

321 893 516 950 Persis
564 897 760 947 autem
816 889 1071 945 Chosroe
1112 887 1432 962 Maguntini
1489 887 1658 941 tilio:
1710 901 1964 956 cumque

319 997 527 1053 magus
558 985 734 1042 esset,
768 986 828 1034 et
875 979 934 1034 in
994 985 1269 1051 tyronum
1326 992 1577 1032 numero
1634 975 1696 1029 in
1752 973 1966 1028 militia

317 1070 629 1141 ascriptus.
654 1086 770 1141 quo
797 1075 1060 1140 tempore
1107 1069 1300 1124 Persae
1341 1067 1686 1124 excursione
1716 1063 1874 1119 facta
1902 1062 1962 1117 in

317 1166 525 1216 sancta
555 1159 704 1226 loca,
737 1164 1156 1230 asportatoque
1188 1174 1308 1212 una
1337 1173 1471 1212 cum
1503 1155 1736 1226 reliqua
1764 1150 1966 1224 praeda

353 1249 574 1304 retioso
606 1247 929 1302 Dominicaa
951 1247 1144 1302 crucis
1165 1246 1345 1318 ligno,
1371 1245 1432 1300 in
1453 1243 1658 1312 vulgus
1689 1237 1962 1296 dissemi-

313 1338 560 1406 nabant,
583 1338 812 1394 venisse
844 1337 907 1392 in
938 1353 1144 1391 eorum
1177 1335 1462 1390 ditionem
1493 1331 1962 1388 Christianorum

315 1431 532 1482 Deum:
563 1425 982 1484 existimabant
1003 1425 1161 1480 enim
1185 1422 1504 1496 pretiosam
1526 1436 1763 1477 crucem
1777 1418 1962 1473 Deum

315 1531 445 1571 esse
485 1519 726 1587 propter
755 1530 845 1585 ea,
879 1531 1009 1585 quas
1041 1529 1148 1585 per
1176 1511 1343 1568 illam
1382 1509 1606 1568 fiebant
1653 1506 1958 1578 prodigia:

315 1611 648 1662 commotus
678 1604 840 1660 hisce
869 1602 1112 1658 vocibus
1143 1599 1515 1666 Anastasius,
1549 1614 1614 1654 re
1646 1596 1962 1670 diligenter

314 1711 628 1766 perpensa,
672 1693 882 1749 didicit
937 1697 1121 1747 totam
1181 1690 1397 1746 Christi
1455 1686 1962 1759 dispensationem

315 1785 564 1855 ejusque
579 1782 756 1838 fidem
778 1781 1088 1853 amplexus
1101 1779 1555 1850 est.Etprimum
1570 1775 1811 1846 quidem
1825 1791 1961 1830 cum

1596 320 2034 387 MENOLOGII
2079 319 2300 381 PARS.
2341 321 2413 381 ll.

1993 469 2050 536 Α

3609 313 3730 375 276

2649 453 2730 526 τῇ
2776 448 2911 520 αὖτῆ
2965 449 3150 524 ἡμέρᾳ

2176 568 2445 638 Ἀθλησις
2473 569 2571 622 τοῦ
2617 565 2775 642 ἁγίου
2789 567 3110 694 Ημάρτυρος
3141 564 3494 623 Ἀναστασίου
3521 567 3620 620 τοῦ

2841 658 3017 694 socco.

2841 658 3017 713 ερσου.

2143 773 2312 837 Οὗτος
2368 773 2436 843 ἦν
2497 772 2557 828 ἐκ
2612 769 2892 848 Περσίδος,
2951 770 3376 848 βασιλευόντων,
3428 772 3723 844 Ῥωμαίων

2075 863 2169 936 μὶν
2218 863 2570 940 Ἡρακλείου,
2631 867 2848 938 Περσῶν
2901 859 2956 918 δί
3011 861 3260 935 Χοσρόου
3312 863 3433 916 υἱοῦ
3464 867 3718 935 Μαγουν-

2068 956 2242 1010 τινοῦ.
2294 953 2582 1027 Ὑπάρχων
2639 948 2697 1007 δὶ
2751 951 2844 1006 καὶ
2901 951 3064 1014 αὐτὸς
3123 952 3295 1027 μάγος
3339 953 3714 1026 συνηριθμήθη

2068 1045 2136 1115 τῇ
2193 1046 2304 1097 τῶν
2357 1042 2614 1117 τυρώνων
2670 1040 2939 1116 στρατείᾳ.
2998 1037 3469 1114 Καταδραμόντων
3517 1038 3574 1096 δὲ
3613 1045 3722 1096 τῶν

2073 1135 2292 1204 Περσῶν
2351 1135 2459 1186 τῶν
2509 1130 2674 1206 ἁγίων
2731 1130 2940 1197 τόπων,
2989 1130 3076 1184 καὶ
3132 1123 3411 1184 λαϐόντων
3462 1127 3556 1184 σὺν
3603 1134 3720 1191 τοῖς

2070 1218 2459 1295 αἰχμαλώτοις
2512 1220 2604 1275 καὶ
2642 1220 2704 1275 τὸ
2759 1220 2946 1292 τίμιον
3008 1216 3195 1289 ξύλον,
3252 1217 3547 1297 ἑφημίζετο
3595 1220 3722 1293 παρ’

2068 1307 2267 1380 αὐτῶν,
2324 1308 2407 1364 ὅτι
2467 1309 2496 1364 ὁ
2545 1312 2656 1364 τῶν
2714 1311 3049 1384 Χριστιανῶν
3109 1305 3239 1370 Θεὸς
3296 1305 3463 1376 ἦλθεν
3517 1305 3592 1370 εἲς
3620 1309 3720 1378 τὴν

2071 1399 2255 1473 χώραν
2306 1398 2504 1454 αὐτῶν.
2559 1398 2689 1461 Θεὸς
2736 1397 2838 1474 γὰρ
2887 1395 3174 1470 ἐνομίζετο
3206 1395 3442 1470 ὁτίμιος
3471 1399 3718 1470 σταυρὸς,

2068 1485 2159 1544 διὰ
2187 1488 2254 1544 τὰ
2311 1488 2399 1544 ὑπ’
2450 1487 2616 1544 αὐτοῦ
2671 1487 2978 1561 τελούμενα
3033 1488 3300 1561 θαύματα.
3345 1489 3595 1559 Ζητήσας
3625 1491 3717 1543 οὖν

2070 1579 2098 1634 ὁ
2129 1579 2483 1642 ’Δναστάσιος
2510 1578 2636 1655 περὶ
2690 1579 2880 1649 αὐτοῦ,
2938 1575 3108 1651 ἔμαθε
3162 1583 3333 1633 πᾶσαν
3373 1578 3474 1646 τὴν
3498 1577 3718 1633 οἰκονο-

2071 1666 2220 1741 μίαν,
2251 1667 2340 1722 καὶ
2397 1666 2676 1723 ἐπίστευσε
2724 1671 2806 1740 τῷ
2860 1669 3096 1742 Χριστῷ.
3157 1666 3254 1722 Καὶ
3284 1664 3425 1736 ἦλθε
3471 1671 3716 1743 πρῶτον,

2071 1756 2206 1829 μετὰ
2233 1762 2341 1812 τῶν
2400 1760 2642 1831 Περσῶν,
2701 1758 2778 1820 εἷς
2836 1754 3180 1826 Χαλκηδόνα’
3214 1759 3303 1812 καὶ
3333 1758 3424 1813 τὸν
3455 1761 3552 1812 τοῦ
3583 1761 3716 1813 Θεοῦ

312 1840 509 1928 Persis
540 1840 972 1926 Chalcedonem
1003 1868 1196 1933 venit;
1225 1840 1425 1938 ibi-que
1458 1866 1560 1921 Dei
1589 1840 1802 1919 timore
1833 1863 1947 1936 ple-

2066 1840 2238 1923 φόϐον
2298 1845 2374 1908 εἰς
2429 1850 2554 1900 νοῦν
2615 1841 2822 1918 Λαϐὼν,
2881 1844 3138 1902 κατέλιπε
3165 1847 3265 1916 τήν
3318 1845 3592 1922 στρατείαν
3624 1848 3713 1902 καὶ

312 1961 452 2016 nius
481 1960 766 2025 imbutus,
799 1959 1070 2014 abdicata
1098 1957 1313 2012 militia
1365 1961 1426 2012 et
1467 1955 1711 2019 mundo,
1758 1954 1957 2009 Hiera-

312 2051 518 2122 polim,
551 2049 766 2104 deinde
799 2049 1207 2120 Hierosolyma
1235 2047 1562 2102 concessit:
1610 2044 1961 2116 baptizatus-

313 2155 448 2211 que,
477 2140 539 2194 in
570 2139 738 2194 laura
769 2138 954 2193 sancti
1016 2137 1182 2192 Sabze
1241 2136 1308 2191 {lt
1359 2136 1706 2192 monachus.
1755 2134 1962 2188 Postea

311 2229 606 2286 desiderio
637 2229 972 2301 perferendi
1005 2245 1110 2302 pro
1139 2227 1368 2282 Christo
1393 2225 1658 2298 martyrii
1681 2225 1958 2298 flagrans,

311 2321 374 2374 in
400 2319 650 2392 patriam
683 2318 894 2374 rediit:
929 2324 988 2373 et
1016 2317 1480 2388 comprehensus
1511 2314 1776 2379 aPersis,
1809 2313 1960 2368 mul-

310 2406 502 2480 tisque
535 2406 846 2462 tormentis
876 2405 1267 2472 excruciatus,
1300 2405 1490 2476 capite
1523 2401 1732 2475 plexus
1762 2407 1872 2459 est.

964 2520 1184 2577 Eodem
1213 2520 1308 2576 die

309 2640 456 2696 Ill
507 2638 816 2696 ’I‘ranslatio
868 2639 1239 2709 pretiosarum
1285 2638 1666 2708 Reliquiarum
1715 2637 1959 2706 ejusdem

622 2715 804 2767 sancti
825 2712 1088 2781 martyris
1119 2711 1404 2765 Anastasii
1430 2711 1637 2765 Persas.

375 2829 519 2884 Cum
553 2827 858 2884 Heraclius
888 2827 1214 2897 imperator
1237 2825 1298 2880 in
1322 2823 1626 2879 Persidem
1650 2823 1956 2892 movisset,

310 2921 370 2972 et
393 2917 681 2972 Cbosroes
702 2931 805 2970 rex
829 2931 1016 2970 cmsus
1039 2913 1604 2978 fuisset,monachus
1622 2912 1863 2984 quidam
1887 2929 1959 2968 ex

300 3005 664 3062 monasterio
709 3004 978 3076 Martyris
1038 3003 1240 3058 videns
1292 3001 1669 3073 imperatoris
1719 3017 1954 3075 agmen,

310 3087 544 3159 gavisus
575 3092 682 3154 est,
713 3101 931 3155 eosque
963 3089 1248 3154 tanquam
1275 3082 1644 3137 Christianos
1675 3088 1952 3138 secutus:

299 3175 374 3231 iis
402 3192 539 3231 vero
570 3174 959 3231 redeuntibus
990 3173 1169 3230 rediit
1199 3178 1257 3228 et
1288 3173 1413 3245 ipse
1445 3172 1518 3228 ad
1549 3189 1724 3228 suum
1753 3171 1951 3227 Abba-

2063 1935 2162 2003 τὴν
2196 1932 2348 2006 δόξαν
2403 1939 2499 1990 τοῦ
2553 1934 2788 2008 κόσμου,
2844 1934 2934 1990 καὶ
2993 1933 3234 2001 απῆλθεν
3283 1933 3713 2012 είςἹεράπολινο

2063 2023 2180 2079 εἶτα
2237 2025 2317 2087 είς
2371 2024 2750 2100 Ἱεροσόλυμα⁸
2805 2023 2898 2080 καὶ
2969 2024 3306 2098 βαπτίζεται,
3363 2026 3452 2081 καὶ
3509 2025 3717 2100 γίνεται

2068 2115 2313 2189 μοναχὸς
2353 2113 2406 2170 ἐν
2463 2117 2532 2188 τῇ
2592 2113 2768 2190 λαύρα
2822 2118 2918 2170 τοῦ
2978 2112 3137 2190 ἁγίου
3195 2109 3364 2173 Σάϐα.
3399 2115 3502 2172 Καὶ
3533 2115 3716 2171 ἐπιθυ-

2068 2205 2244 2275 μήσας
2267 2207 2364 2258 τοῦ
2419 2204 2550 2280 ὑπὲρ
2606 2208 2840 2279 Χριστοῦ
2898 2211 3262 2280 μαρτυρῆσαι,
3314 2205 3528 2275 ἀπῆλθε
3552 2203 3714 2261 πάλιν

2064 2291 2141 2355 εἰς
2170 2313 2271 2362 την
2327 2290 2468 2349 ἰδίαν
2517 2295 2728 2370 χώραν·
2789 2292 2880 2349 καὶ
2935 2294 3226 2367 κρατηθεὶς
3262 2296 3409 2372 παρὰ
3435 2300 3542 2352 τῶν
3577 2301 3715 2373 Περ-

2065 2385 2196 2452 σῶν,
2226 2383 2312 2438 καὶ
2341 2382 2702 2460 τιμωρηθεὶς,
2734 2381 3158 2461 ἁπεκεφαλίσθη.

2632 2502 2710 2573 τῇ
2755 2502 2893 2574 αὐτῇ
2941 2495 3142 2574 ἡμέρᾳ.

2061 2607 2126 2664 Ἡ
2159 2605 2493 2694 Ἀνακομιδὴ
2523 2611 2632 2662 τῶν
2677 2606 2878 2694 τιμίων
2927 2605 3327 2694 λειψάνων-τοῦ
3356 2609 3522 2667 αὐτοῦ
3550 2614 3712 2688 ἁγίου

2351 2678 2626 2754 μάρτυρος
2677 2678 3039 2736 Ἀναστασίου
3068 2684 3165 2736 τοῦ
3197 2681 3427 2757 Πέρσου.

2131 2794 2236 2846 Τοῦ
2295 2791 2566 2868 βασιλέως
2615 2792 2942 2864 Ἡρακλείου
2997 2793 3330 2859 ἀπελθόντος
3383 2797 3434 2852 ὲν
3473 2803 3542 2872 τῇ
3577 2805 3717 2874 Περ-

2062 2877 2193 2952 σίδι,
2224 2881 2315 2936 καί
2365 2885 2464 2938 τοῦ
2521 2881 2769 2956 Χοσρόου
2825 2883 3213 2955 ἀποθανόντος,
3274 2889 3523 2963 μοναχός
3546 2910 3628 2952 τις
3661 2889 3719 2945 ἐκ

2060 2974 2164 3039 τῆς
2197 2976 2372 3042 μονῆς
2426 2973 2522 3026 τοῦ
2576 2973 2888 3047 Μάρτυρος,
2951 2970 3082 3028 ἰδὼν
3109 2974 3201 3030 τὸν
3234 2977 3459 3050 στρατὸν
3490 2982 3586 3033 τοῦ
3620 2979 3717 3054 βα-

2064 3056 2283 3126 σιλέως,
2341 3060 2540 3135 ἐχάρη,
2599 3060 2690 3116 καὶ
2748 3062 2814 3130 ἦν
2880 3063 2994 3134 μετ’
3039 3063 3242 3136 αὐτῶν,
3275 3065 3352 3130 ὡς
3379 3066 3716 3140 Χριστιανῶν

2064 3147 2445 3223 ὑπαρχόντων.
2505 3150 2600 3205 Καὶ
2679 3151 3128 3230 ὖποστρεφόντων
3186 3152 3382 3224 αὐτῶν,
3434 3156 3572 3226 ἦλθε
3625 3159 3714 3213 καί

299 3219 373 3231 ..υ
412 3219 537 3231 ..ην
571 3219 959 3231 “una”---
990 3219 1168 3230 --_..-
1201 3219 1257 3228 ν-
1288 3219 1413 3245 ,τη
1445 3219 1518 3228 ....
1550 3219 1724 3228 -__...
1753 3219 1920 3227 -__-..

297 3272 436 3333 tem,
472 3267 645 3338 eique
705 3265 913 3321 retulit
960 3264 1256 3320 colobium
1305 3263 1583 3335 martyris
1633 3262 1943 3329 Anastasii,

2065 3236 2228 3338 (1:316;
2288 3237 2363 3298 εἰς
2410 3238 2502 3293 τὸν
2551 3219 2876 3338 ἱὴγρύμενον
2928 3219 3118 3298 αὐτοῦ.
3206 3242 3306 3299 Καὶ
3367 3219 3712 3319 -ἆπεκόμισεν

295 3357 525 3415 narravi
538 3363 672 3427 tque
691 3355 764 3418 ei,
793 3372 828 3410 a
848 3354 1118 3410 daemone
1149 3369 1498 3425 oppressum
1522 3353 1585 3408 in
1615 3352 1849 3408 Perside
1875 3368 1945 3408 eo

298 3447 529 3504 colobio
563 3445 835 3500 indutum
895 3444 1211 3500 liberatum
1269 3443 1471 3498 fuisse.
1525 3444 1595 3498 Et
1641 3441 1945 3498 Heraclius

297 3538 536 3611 quidem
559 3537 837 3592 vicesimo
863 3536 1094 3608 imperii
1120 3535 1209 3590 sui
1227 3550 1384 3590 anno
1408 3534 1730 3606 pretiosum
1747 3533 1945 3589 Crucis

296 3628 524 3700 lignum
547 3626 954 3698 Hierosolyma
984 3625 1204 3680 retulit.
1239 3626 1563 3696 Episcopus
1585 3630 1783 3679 autem
1814 3624 1944 3694 qui-

292 3717 429 3772 dam
451 3733 485 3771 a
506 3715 797 3771 catholico
811 3715 1256 3785 archiepiscopo
1272 3714 1332 3768 in
1349 3716 1744 3768 Romanorum
1761 3720 1944 3768 terras

292 3805 533 3869 missus,
557 3803 744 3858 sancti
777 3801 1059 3871 reliquias
1082 3802 1407 3856 Caesaream
1423 3801 1634 3856 detulit
1658 3820 1672 3868 ;
1705 3803 1944 3858 relicta-

293 3908 408 3964 que
440 3891 521 3945 ibi
552 3890 864 3962 particula,
897 3890 1194 3960 reliquum
1225 3890 1380 3960 apud
1415 3906 1475 3944 se
1525 3890 1752 3945 habuit.
1803 3893 1940 3945 Pre-

292 3980 509 4035 tiosum
541 3995 674 4034 vero
705 3979 984 4049 martyris
1015 3983 1210 4048 caput,
1244 3984 1302 4032 et
1349 3979 1566 4051 imago,
1599 3996 1634 4035 a
1664 3979 1941 4035 fidelibus

295 4071 358 4126 in
389 4085 605 4143 magna
636 4074 694 4125 et
722 4068 968 4140 antiqua
997 4070 1183 4124 Roma
1211 4066 1512 4125 coluntur.

942 4335 1160 4394 Eodem
1191 4335 1286 4396 die

290 4457 443 4512 18⁸2
472 4458 757 4513 Certamen
785 4462 1101 4512 sanctorum
1127 4456 1412 4522 Manuelis,
1457 4454 1692 4522 Georgii,
1723 4459 1938 4522 Leonis.

361 4536 413 4584 et
444 4532 734 4592 sociorum,
767 4530 866 4599 qui
893 4529 961 4581 ab
1017 4527 1204 4596 impiis
1257 4528 1515 4598 Bulgaris
1572 4530 1734 4584 occisi
1783 4535 1935 4597 sunt,

359 4602 668 4671 imperante
695 4602 888 4657 Leone.
904 4601 1162 4654 Armeno.

361 4770 551 4828 Leone
582 4771 839 4824 Armeno
863 4769 1220 4840 imperatore
1251 4768 1500 4826 Crumus
1551 4769 1938 4844 Bulgarorum

288 4868 566 4943 princeps
595 4882 730 4921 cum
760 4865 985 4938 ingenti
1017 4865 1218 4937 populi
1250 4866 1634 4924 multitudine
1656 4869 1940 4926 Adriano-

290 4957 475 5030 polim
497 4955 753 5012 Thraciae
783 4955 980 5010 venit:
1015 4970 1202 5026 eaque
1224 4955 1362 5023 jure
1394 4955 1536 5011 belli
1559 4958 1936 5030 capta,simul

294 5047 470 5102 etiam
490 5044 935 5102 sanctissimum
958 5042 1285 5098 Manuelem
1310 5045 1652 5116 episcopum
1670 5063 1934 5118 compre-

291 5136 522 5206 hendit,
555 5136 648 5192 cui
672 5135 931 5208 primum
954 5133 1026 5190 ab
1049 5134 1314 5190 humeris
1367 5152 1578 5192 manus
1623 5137 1931 5206 prmcidit:

291 5227 506 5282 deinde
529 5226 850 5282 dissectum
868 5225 1063 5299 gladio
1081 5225 1513 5293 medium,feris
1534 5225 1933 5283 devorandum

289 5315 552 5373 tradidit.
580 5317 769 5381 Quare
799 5314 873 5370 ob
905 5315 1058 5369 hanc
1107 5314 1475 5386 impietatem
1523 5321 1869 5383 excmcatus,
1901 5333 1936 5372 a

291 5407 530 5480 prOprio
555 5405 774 5477 populo
806 5405 940 5460 odio
963 5403 1200 5459 habitus
1225 5411 1334 5466 est.
1369 5412 1428 5461 et
1457 5403 1528 5460 ab
1551 5404 1761 5462 eodem
1786 5406 1936 5463 funi-

290 5495 402 5552 bus
433 5494 855 5566 strangulatus.
890 5493 1179 5549 Suil‘ectus
1204 5493 1266 5549 in
1301 5494 1678 5568 Bulgarorum
1712 5496 1932 5567 princi-

293 5592 498 5660 patum
543 5583 933 5656 impiissimus
961 5584 1196 5650 Tzocus,
1255 5585 1513 5657 captivos
1569 5584 1936 5646 Christianos

292 5691 522 5745 omnes,
557 5674 756 5744 duces,
787 5673 1187 5748 presbyteros,
1237 5674 1518 5734 diaconos
1547 5680 1604 5732 et
1633 5675 1837 5747 laicos,
1872 5677 1932 5736 in

2053 3323 2202 3398 αὖτῷ
2230 3324 2320 3380 καὶ
2363 3327 2425 3381 τὸ
2481 3321 2744 3382 κολόϐιον
2795 3331 2894 3384 τοῦ
2953 3329 3248 3404 μάρτυρος’
3280 3331 3370 3386 καὶ
3405 3329 3710 3410 διηγήσατο

2051 3414 2226 3486 αὐτῷ,
2256 3415 2340 3470 ὅτι
2372 3415 2424 3470 ὲν
2471 3413 2692 3491 Περσίδι
2748 3413 3118 3490 δαιμονιῶντα
3170 3415 3524 3495 περιϐαλλὼν
3554 3423 3707 3494 αὐτὸ,

2056 3502 2263 3562 ἰάσατο.
2328 3503 2481 3560 Καὶό
2540 3505 2633 3577 μὶν
2679 3505 3008 3577 Ἡράκλειος
3066 3505 3119 3563 ἐν
3175 3513 3254 3582 τῷ
3314 3508 3544 3584 εἰκοστῷ
3601 3509 3707 3569 ἔτει

2050 3598 2151 3660 τῆς
2180 3593 2348 3648 αὑτοῦ
2409 3592 2687 3668 βασιλείας
2745 3591 3060 3664 ἀνεκόμισεν
3121 3595 3197 3662 εἰς
3251 3598 3616 3673 Ἰερουσαλὴμ
3642 3604 3705 3658 τὸ

2049 3683 2240 3755 τίμιου
2294 3680 2477 3753 ξύλον.
2540 3683 2875 3746 ⁹Βπίσκοπος
2935 3682 2994 3740 δέ
3047 3707 3132 3749 τις
3187 3687 3514 3754 ἀποσταλεὶς
3561 3694 3707 3768 παρὰ

2049 3775 2147 3826 τοῦ
2219 3769 2518 3836 καθολικοῦ
2613 3772 3048 3848 ἁρχιεπισκόπου
3123 3774 3212 3831 ἐπὶ
3285 3779 3352 3832 τὰ
3423 3780 3706 3853 Ῥωμαῖκὰ

2055 3863 2216 3938 μέρη,
2250 3859 2542 3918 ἀνελάϐετο
2589 3867 2658 3919 τά
2711 3863 2938 3938 λείψανα
2983 3871 3080 3923 τοῦ
3130 3869 3287 3944 ἁγίου
3316 3870 3405 3924 καὶ
3435 3871 3706 3945 ἀπεκόμι-

2050 3974 2137 4008 σεν
2196 3953 2272 4015 εἰς
2331 3956 2669 4030 Καισάρειαν.
2755 3956 2854 4012 Καὶ
2941 3955 3051 4011 ἐκεῖ
3107 3955 3289 4014 δόντες
3345 3961 3444 4028 τὴν
3506 3963 3702 4037 μικρὰν

2054 4040 2267 4115 μερίδα,
2323 4044 2386 4097 τὸ
2446 4042 2641 4098 λοιπὸν
2704 4045 2992 4120 κατέσχον.
3051 4047 3113 4102 Ἦ
3171 4045 3230 4102 δὲ
3284 4049 3442 4121 τιμία
3491 4051 3702 4129 κεφαλὴ

2048 4135 2146 4186 τοῦ
2197 4133 2496 4207 μάρτυρος,
2544 4134 2638 4188 καὶ
2675 4135 2711 4203 ἡ
2764 4132 2924 4190 εἰκὼν
2978 4143 3354 4210 προσκυνεῖται
3402 4141 3548 4215 παρᾶ
3592 4143 3704 4198 τῶν

2049 4227 2254 4278 πιστῶν
2284 4221 2337 4279 ἑν
2364 4225 2433 4297 τῇ
2469 4222 2680 4299 μεγάλῃ
2707 4225 2799 4279 καὶ
2829 4223 3036 4297 παλαιᾷ
3063 4228 3273 4302 Ῥώμῃ.

2615 4340 2696 4411 Τῇ
2738 4337 2878 4413 αὐτῇ
2928 4340 3130 4415 ἡμέρᾳ.

2046 4448 2314 4521 Ἀθλησις
2366 4454 2506 4535 ιτῶὶ
2572 4451 2736 4535 ἁγίων
2809 4454 3105 4535 Μαγουῂλ,
3175 4459 3466 4535 Γεωργίου,
3535 4464 3699 4535 Δέον-

2117 4544 2234 4594 τος,
2293 4523 2383 4579 καὶ
2439 4527 2548 4580 τῶν
2609 4523 2701 4581 σὺν
2762 4526 2950 4590 αὐτοῖς
3007 4523 3110 4583 ὑπὸ
3161 4523 3490 4596 τῶν’ἆθὲων
3520 4534 3701 4591 Βουλ-

1969 4595 2015 4658 D
2117 4597 2300 4685 γάρων
2336 4596 2682 4685 μφαγὲντων,
2737 4596 2826 4652 ἐπὶ
2871 4605 2972 4668 τῆς
3025 4600 3300 4675 βασιλείας
3345 4595 3572 4668 Λέοντος
3599 4604 3698 4662 τοῦ

2123 4669 2217 4742 ’Δρ
2227 4689 2322 4740 μεν
2333 4669 2435 4724 ίου.

2119 4786 2242 4842 Ἐπί
2270 4792 2372 4854 τῆς
2418 4784 2696 4861 βασιλείας
2749 4787 2978 4848 Λὲοντος
3028 4789 3124 4846 τοῦ
3173 4793 3486 4866 Ἀρμενίου,
3517 4797 3696 4864 K905-

2049 4895 2148 4949 μος
2195 4875 2224 4930 ὁ
2273 4879 2379 4931 τῶν
2431 4874 2763 4952 Βουλγάρων
2820 4874 3033 4953 ἄρχων,
3089 4879 3224 4951 μετὰ
3269 4878 3406 4937 λαοῦ
3455 4883 3691 4954 πολλοῦ,

2045 4963 2294 5020 ἀπελθὼν
2341 4963 2417 5027 είς
2471 4962 2926 5040 ’Λδριανούπολιν
2980 4974 3082 5036 τῆς
3125 4969 3362 5042 Θρᾴκης,
3402 4972 3690 5046 ἐκράτησεν

2041 5055 2234 5124 αὐτῆς,
2264 5053 2416 5128 νόμῳ
2463 5053 2733 5127 πολέμου.
2781 5054 2880 5110 Καὶ
2931 5056 3068 5128 μετὰ
3113 5063 3214 5128 τῆς
3260 5058 3474 5125 πόλεως
3507 5062 3696 5122 ἐπίασε

2041 5144 2129 5198 καὶ
2198 5143 2291 5200 τὸν
2354 5144 2653 5221 ἁγιώτατον
2712 5143 3008 5200 ἐπίσκοπον
3078 5147 3369 5220 Μανουήλ.
3439 5151 3542 5210 Καὶ
3595 5155 3691 5217 τάς

2042 5237 2236 5307 χεῖρας
2291 5233 2458 5290 αὐτοῦ
2515 5231 2800 5308 ἀποκόψας
2877 5233 2984 5290 ἀπὸ
3057 5239 3166 5292 τῶν
3229 5236 3395 5312 ὣμων
3449 5243 3688 5317 πρώτον

2041 5318 2227 5379 ἔπειτα
2271 5321 2435 5396 μέσον
2488 5323 2623 5394 μετὰ
2667 5326 2769 5378 τοῦ
2817 5324 3049 5388 σπαθίου
3099 5326 3293 5399 κόψας,
3342 5323 3530 5405 ἔρῥιψε
3573 5337 3692 5396 τοῖς

2043 5410 2256 5480 θηρίοις
2308 5411 2528 5488 βρῶμα.
2577 5411 2678 5470 Καὶ
2728 5408 2819 5468 διὰ
2862 5413 2961 5482 τήν
3030 5415 3295 5489 ἁμαρτίαν
3357 5417 3684 5493 τυφλωθεὶς,

2044 5497 2283 5572 ὶμισήθη
2353 5501 2499 5571 παρᾶ
2559 5503 2658 5554 τοῦ
2719 5499 2921 5558 οἰκείου
2987 5500 3146 5569 λαοῦ,
3214 5504 3305 5559 καὶ
3361 5508 3489 5581 παρ’
3517 5509 3686 5566 αὐτοῦ

2046 5588 2493 5665 μετὰισχοινίων
2553 5588 2844 5665 ἀπεπνίγη.
2904 5588 3291 5667 Διαδεξάμενος
3349 5595 3451 5666 τήν
3501 5597 3684 5674 ἀρχὴν

2041 5683 2146 5734 τῶν
2184 5677 2516 5756 Βουλγάρων
2566 5678 2770 5749 Τζόκος
2819 5678 2848 5733 ὁ
2896 5678 3218 5757 destinatos,
3249 5686 3518 5764 συνήγαγε
3545 5685 3682 5743 πάν.
