4074 6192
358 347 478 406 979

1639 343 2068 405 MENOLOGII
2114 346 2321 406 PARS
2365 347 2440 406 ll.

3640 339 3758 400 290

361 498 503 551 pore
531 480 784 552 correpti
807 484 1194 542 sunt,annum
1217 479 1425 550 agebat
1442 477 1805 532 tricesimum
1821 477 2002 549 septi-

2140 478 2373 548 ήθησαν,
2407 477 2436 532 ὁ
2496 477 2590 550 μὲν
2646 476 2861 540 Παῦλος
2913 473 3359 553 τριακονταεπτά⁹
3392 470 3501 529 ὁδὶ
3547 474 3749 528 Παυσί-

358 586 523 625 mum
567 587 582 624 :
637 568 934 624 Pausirius
983 584 1118 621 vero
1180 567 1522 621 vicesimum
1583 566 1881 637 quintum.
1936 567 2012 620 At

355 659 742 726 Theodotion,
770 657 976 711 relicto
1010 656 1338 711 monastico
1367 655 1657 720 instituto,
1682 654 2012 710 latrociniis

359 765 486 804 sese
519 748 842 803 addixerat.
878 747 1022 800 Cum
1055 763 1191 801 vero
1213 746 1560 818 accepisset,
1585 746 1796 801 fratres
1815 751 2014 800 reten-

361 843 451 892 tos
483 837 683 902 fuisse,
718 835 956 890 videndi
1009 836 1145 891 illos
1204 835 1500 891 desiderio
1553 836 1758 891 venit:
1810 851 2014 890 verum

362 941 498 979 cum
529 925 748 978 videret
783 924 920 978 illos
953 926 1264 980 tormentis
1294 925 1613 996 subjectos,
1664 941 1785 980 non
1833 940 2015 979 ausus

364 1018 454 1068 est
475 1013 719 1084 propius
736 1013 1039 1081 accedere,
1075 1015 1180 1069 sed
1214 1014 1416 1085 procul
1453 1031 1522 1069 ex
1553 1014 1710 1069 edito
1733 1015 1862 1069 loco
1886 1029 2014 1085 pro-

364 1102 643 1173 spiciens.
679 1119 880 1158 secum
913 1103 1038 1174 ipse
1071 1103 1384 1174 reputabat
1412 1103 1648 1174 qualem
1683 1103 1895 1158 fratres
1927 1102 2016 1157 sui

362 1190 774 1247 hereditatem
809 1198 1008 1246 essent
1039 1194 1396 1264 percepturi.
1433 1196 1763 1248 Accurrens
1795 1193 2016 1264 itaque,

367 1297 549 1351 seque
581 1280 981 1337 Christianum
1013 1281 1333 1352 professus,
1355 1282 1699 1353 praefectum
1723 1298 1904 1337 manu
1926 1297 2019 1336 ar-

364 1376 600 1443 reptum
634 1371 703 1426 de
753 1371 1036 1426 tribunali
1091 1371 1325 1443 dejecit.
1383 1373 1777 1437 Quamobrem
1821 1373 2020 1428 statim

365 1459 692 1515 decollatus
715 1459 846 1514 fuit.
881 1460 1098 1517 Paulus
1127 1478 1264 1516 vero
1288 1466 1346 1516 et
1367 1461 1670 1518 Pausirius
1692 1462 1752 1518 in
1777 1461 2020 1517 fluvium

365 1551 496 1620 proj
506 1548 642 1614 ecti,
676 1548 1030 1606 occubuere.

925 1667 1166 1723 EODEM
1205 1668 1460 1723 MENSE.

867 1781 974 1837 Die
1003 1781 1287 1839 vicesima
1315 1783 1526 1856 quinta

369 1895 524 1952 180
565 1898 1022 1954 Commemoratio
1053 1901 1256 2024 Isznclti
1305 1901 1488 1984 Patris
1538 1900 1720 1958 nostri
1778 1900 2026 1974 Gregorii

1137 1985 1196 2024 eo
1223 1986 1336 2024 om.

1137 1985 1336 2041 εοιορι.

443 2084 758 2157 Gregorius
788 2101 1039 2158 magnus
1069 2087 1420 2160 Theologus,
1484 2090 1744 2145 Nazianzi
1776 2091 1839 2146 in
1869 2091 2025 2163 Cap-

371 2173 619 2246 padocia
650 2174 927 2247 Gregorio
951 2181 1010 2231 et
1037 2179 1244 2232 Nonna
1272 2183 1469 2244 natus,
1503 2178 1849 2235 Constantio
1876 2181 2025 2236 Con-

373 2263 618 2318 stantini
650 2264 836 2336 Magni
874 2264 998 2319 filio
1055 2265 1411 2336 imperatore
1471 2269 1710 2335 claruit,
1766 2270 2028 2341 vixitque

372 2367 561 2423 usque
587 2351 662 2407 ad
683 2353 992 2409 Theodosii
1025 2356 1213 2428 Magni
1246 2361 1528 2428 tempora.
1559 2359 1666 2422 Qui
1703 2375 1770 2414 ex
1803 2360 2028 2416 revela-

373 2441 534 2496 tione
565 2448 766 2503 natus.
796 2447 854 2497 et
883 2442 1188 2510 educatus,
1223 2445 1556 2500 studiorum
1589 2463 1788 2514 causa,
1838 2449 2025 2504 Cresa-

370 2546 534 2586 ream
585 2531 866 2602 primum,
926 2531 1140 2587 deinde
1225 2533 1669 2598 Alexandriam,
1728 2542 2028 2608 postremo

372 2621 635 2677 Athenas
667 2622 839 2694 petiit
866 2639 880 2678 :
908 2639 1164 2694 cumque
1197 2623 1462 2680 scientiis
1501 2626 1893 2693 incumberet,
1925 2626 2029 2682 ad-

377 2709 540 2764 venit
567 2714 626 2765 et
655 2726 903 2779 magnus
965 2711 1237 2780 Basilius,
1299 2718 1358 2767 et
1417 2713 1592 2769 ambo
1651 2713 1724 2769 ad
1785 2715 2031 2772 virtutes

378 2797 726 2871 litterasque
775 2800 1210 2872 comparandas
1261 2802 1440 2857 simul
1480 2803 1659 2871 enixi,
1715 2810 1920 2876 postea
1968 2805 2030 2860 in

377 2889 630 2962 patriam
663 2890 884 2947 reversi
919 2895 1076 2945 sunt.
1112 2891 1182 2944 Et
1219 2892 1532 2963 Gregorius
1579 2891 1823 2964 quidem
1869 2894 2029 2950 Sazi-

381 2994 617 3034 morum
649 2979 965 3050 episcOpus
995 2979 1188 3034 factus
1220 2986 1347 3034 est:
1389 2980 1607 3036 deinde
1645 2981 1908 3038 Nazianzi
1942 2984 2031 3040 in-

381 3068 776 3139 gravescentis
803 3069 928 3137 jam
957 3074 1262 3123 senectute
1292 3069 1477 3140 patris
1508 3086 1727 3126 munus
1773 3078 1895 3126 tum
1927 3073 2030 3128 do-

381 3156 576 3216 cendi.
603 3161 726 3211 tum
749 3157 1049 3229 liturgiam
1072 3157 1410 3212 celebrandi
1435 3159 1698 3214 studiose
1715 3160 2029 3233 supplevit.

380 3246 520 3300 Post
551 3245 676 3300 haec
706 3245 780 3300 ob
812 3247 1164 3301 Arianorum
1197 3247 1470 3302 haeresim
1506 3249 1843 3321 Byzantium
1894 3268 2029 3323 pro-

380 3337 590 3404 fectus,
624 3338 985 3394 orthodoxos
1026 3340 1402 3396 sermonibus
1432 3341 1824 3410 confirmavit,
1857 3349 2033 3415 atque

381 3427 559 3483 etiam
593 3428 1134 3499 Constantinopolis
1164 3430 1502 3501 patriarcha
1530 3433 1904 3488 renuntiatus
1922 3438 2030 3488 est.

381 3516 493 3572 Sed
524 3517 701 3588 paulo
732 3524 868 3590 post
914 3535 1050 3574 cum
1099 3519 1362 3590 seipsum
1415 3521 1815 3591 patriarchatu
1864 3523 2032 3577 abdi-

380 3611 590 3662 casset.
625 3606 688 3661 in
717 3606 918 3661 villam
949 3623 1118 3662 suam
1151 3623 1212 3663 se
1243 3609 1562 3682 recipiens,
1611 3610 2032 3668 honestissimo

379 3695 501 3752 otio
531 3694 713 3751 vitam
744 3695 957 3752 ﬁnivit.

940 3813 1181 3868 EODEM
1219 3814 1470 3871 MENSE.

905 3927 1009 3984 Die
1042 3928 1324 3985 vicesima
1355 3935 1519 3987 sexta

393 4040 544 4097 181
581 4037 1036 4099 Commemoratio
1062 4043 1351 4111 terribilis,
1380 4048 1590 4116 magni,
1621 4053 1673 4103 et
1728 4048 2031 4106 admirabi-

985 4116 1051 4172 lis
1081 4122 1438 4174 terrzrnotus.

455 4231 746 4288 Extremis
780 4233 1146 4305 temporibus
1176 4234 1554 4308 imperatoris
1583 4236 1896 4294 Theodosii
1930 4239 2034 4294 Mi-

384 4321 568 4388 noris,
602 4321 835 4377 Arcadii
870 4329 929 4377 et
957 4323 1234 4379 Eudoxiaa
1296 4323 1426 4390 ﬁlii,
1478 4341 1682 4382 mense
1731 4327 2029 4394 Januario,

383 4409 478 4466 die
509 4411 789 4468 vicesima
819 4419 982 4469 sexta
1012 4414 1260 4486 contigit
1287 4413 1798 4487 Constantinopoli
1841 4415 2032 4472 horri-

2058 1839 2108 1905 B

2113 583 2234 638 ριος
2271 563 2624 620 εἰκοσιπέντε.
2688 565 2750 622 Ὀ
2804 562 2861 620 δὲ
2919 562 3230 621 Θεοδοτίων
3285 559 3604 619 καταλιπὼν
3661 560 3761 629 τὴν

2117 655 2428 728 μοναχικήν
2505 652 2850 724 κατάστασιν,
2940 653 3148 730 ἑγένετο
3233 651 3463 727 λῃστής.
3524 649 3622 705 Καὶ
3679 648 3768 704 ὅτε

2113 742 2366 812 ἢκουσεν,
2399 741 2482 797 ὅτι
2519 743 2891 818 ἐκρατήθησαν
2952 743 3004 798 οἱ
3065 739 3296 820 ἀδελφοὶ
3357 739 3549 811 αὐτοῦ,
3601 737 3767 806 ἦλθεν

2116 828 2250 890 ἰδεῖν
2282 832 2500 894 αύτούς.
2535 833 2637 890 Καὶ
2671 831 2802 888 ἰδὼν
2853 832 3049 894 αὐτοὺς
3104 831 3578 906 βασανιζομένους,
3626 827 3773 899 πλη-

2118 921 2296 977 σιάσαι
2333 923 2426 995 μὶν
2459 923 2562 978 οὐκ
2591 922 2916 995 ἐτόλμησεν·
2953 921 3028 984 εἴς
3067 922 3237 976 τόπον
3272 917 3329 976 δὲ
3383 919 3594 994 ὑψηλὸν
3646 919 3773 973 ἀνα-

2119 1005 2241 1081 ϐὰς,
2272 1013 2361 1066 καὶ
2393 1013 2637 1086 θεωρῶν,
2670 1010 2948 1088 ἇλογίζετο
2978 1012 3100 1075 καθ’
3131 1010 3340 1075 ἑαυτὸν,
3371 1009 3455 1064 ὅτι
3512 1013 3774 1076 Ποταπῆς

2121 1098 2424 1175 ἐπιτύχωσι
2455 1099 2834 1175 κληρονομίας
2867 1101 2920 1156 οἱ
2951 1098 3181 1180 αδελφοί
3213 1119 3338 1172 μου·
3384 1097 3474 1152 καὶ
3527 1094 3774 1173 δραμὼν,

2122 1186 2481 1264 ὡμολόγησεν
2541 1189 2727 1244 ἑαυτὸν
2785 1188 3129 1266 Χριστιανόν,
3192 1188 3290 1246 Καὶ
3351 1187 3625 1261 κρατήσας
3685 1184 3777 1239 τὸν

2122 1274 2378 1353 ἄρχοντα,
2413 1271 2627 1354 ἕρῥιψεν
2659 1276 2764 1333 ἆπὸ
2806 1282 2902 1332 τοῦ
2961 1277 3176 1352 θρόνου⁶
3239 1276 3327 1331 καὶ
3388 1271 3585 1335 εὐθέως
3643 1273 3775 1327 ἀπε-

2121 1364 2444 1444 κεφαλίσθη.
2480 1366 2694 1430 Ηαῦλος
2729 1365 2786 1422 δὲ
2824 1367 2913 1422 καὶ
2972 1365 3263 1440 Ιιαυσίριος
3313 1363 3557 1442 ῥιφὲντες
3601 1362 3652 1417 ὲν
3697 1365 3779 1434 τῷ

2123 1459 2375 1528 ποταμῷ,
2409 1453 2824 1527 ἐτελειώθησαν.

2681 1669 2826 1720 ΜΕΝ
2833 1669 2855 1720 Ι
2893 1667 2982 1722 ΤΩ
3019 1665 3219 1722 ΔΥΤΩ.

2901 1778 3011 1836 KE'

2140 1906 2350 1978 Μνήμη
2402 1908 2500 1960 τοῦ
2585 1904 2638 1960 ἰν
2697 1901 2876 1979 ἁγίοις
2959 1905 3169 1980 ῌατρὸς
3237 1907 3396 1978 ἡμῶν
3477 1903 3784 1980 Γρηγορίου

2735 1973 2834 2032 τοῦ
2863 1973 3164 2052 Θεολόγου.

2207 2093 2512 2169 Γρηγόριος
2580 2093 2610 2148 6
2672 2092 2835 2169 μίγας
2895 2090 3188 2168 Θεολόγος,
3265 2090 3473 2168 ἐγένετο
3523 2089 3630 2146 ἀπὸ
3687 2095 3790 2157 τῆς

2138 2179 2326 2256 χώρας
2357 2177 2769 2249 Καππαδοκίας,
2825 2180 3042 2245 πόλεως
3099 2183 3421 2252 Ναζιανζοῦ,
3477 2181 3593 2243 υἱὸς
3650 2186 3790 2256 Γρῃ-

2136 2270 2328 2345 γορίου
2357 2271 2444 2325 καὶ
2489 2271 2718 2340 Νὸννας,
2775 2269 2860 2325 ἐπὶ
2928 2277 3028 2339 τῆς
3084 2269 3360 2346 βασιλείας
3413 2269 3792 2325 Κωνσταντίου

2138 2359 2259 2414 υἱοῦ
2290 2357 2700 2416 Κωνσταντίνου
2749 2362 2850 2413 τοῦ
2904 2357 3183 2434 Μεγάλουυ
3243 2360 3334 2414 καὶ
3393 2357 3645 2434 διήρκεσε
3697 2359 3793 2432 μὲ-

2139 2469 2237 2524 χρι
2262 2455 2362 2517 τῆς
2393 2445 2675 2524 βῆσιλείας
2705 2445 2998 2504 Θεοδοσίου
3027 2452 3129 2503 τοῦ
3170 2447 3454 2524 Μεγάλου.
3508 2447 3788 2518 Γεννηθεὶς

2139 2535 2195 2593 δὲ
2228 2535 2279 2608 ἐξ
2313 2535 2732 2611 ἀποκαλύψεως,
2762 2536 2852 2592 καὶ
2911 2537 3256 2614 ἀνατραφεὶς,
3315 2535 3404 2593 διὰ
3449 2539 3788 2612 μαθημάτων

2140 2625 2452 2701 ἐπιθυμίαν,
2536 2624 2862 2702 παρεγένετο
2931 2627 3009 2690 είς
3092 2628 3432 2704 Καισάρειαν·
3518 2627 3632 2682 εἶτα
3709 2626 3786 2689 εἷς

2141 2713 2575 2792 ’Λλεξάνδρειαψ
2639 2718 2754 2771 εἷτα
2805 2715 2886 2775 εἰς
2951 2718 3203 2787 Ἀθήνας·
3291 2715 3674 2780 Μανθάνοντος
3731 2713 3790 2771 δὶ

2140 2805 2324 2875 αὐτοῦ,
2383 2809 2707 2882 παρεγένετο
2761 2805 2851 2861 καὶ
2887 2806 2915 2860 6
2967 2803 3128 2882 μέγας
3185 2804 3496 2875 Βασίλειος,
3555 2806 3643 2861 καὶ
3697 2826 3787 2860 συ-

2140 2895 2514 2970 νηγωνίζοντο
2571 2894 2874 2972 ἀμφότεροι
2935 2894 3014 2957 εἷς
3067 2895 3260 2968 ἀρετὴν
3314 2893 3404 2948 καὶ
3463 2895 3784 2968 μαθήματα.

2140 2985 2274 3042 Εἶτα
2307 2984 2638 3060 ὑπέστρεψαν
2693 2985 2768 3047 εἰς
2825 2987 2922 3054 την
2978 2983 3181 3039 οἶκείαν
3236 2980 3490 3058 πατρίδα,
3549 2983 3636 3038 καὶ
3695 2985 3790 3058 γὲ-

2143 3096 2297 3151 γονεν
2343 3074 2638 3140 ἐπίσκοπος
2695 3073 2972 3148 Σαζίμων.
3035 3075 3163 3132 Εἶτα
3207 3077 3305 3128 τοῦ
3361 3072 3565 3150 πατρὸς
3624 3071 3787 3127 αὐτοῦ

2143 3165 2502 3241 γηράσαντος,
2535 3162 2809 3220 ἐδίδασκεν
2866 3164 2978 3218 ἀντ’
3035 3162 3262 3232 ἐκείνου,
3305 3161 3396 3217 καὶ
3453 3159 3788 3237 ἐλειτούργει

2144 3254 2221 3316 εἷς
2255 3253 2574 3324 Ναζιανζόν.
2607 3253 2713 3310 Καὶ
2745 3251 2835 3308 διὰ
2882 3254 2986 3324 τὴν
3045 3257 3153 3307 τῶν
3211 3253 3502 3325 ’Λρειανῶν
3561 3249 3788 3323 α’ίρεσιν,

2139 3343 2388 3414 εἰσῆλθεν
2422 3344 2497 3406 εἰς
2525 3345 2588 3399 τὸ
2645 3343 2953 3413 Βυζάντιον⁸
3014 3343 3104 3398 καὶ
3142 3341 3383 3417 ἐστήριξε
3429 3340 3561 3403 τοὺς
3619 3341 3786 3416 ὀρθο-

2139 3430 2327 3507 δόξους
2359 3430 2448 3488 διὰ
2475 3432 2675 3506 λόγων,
2714 3431 2806 3487 καὶ
2858 3432 3049 3507 γέγονε
3104 3433 3452 3506 πατριάρχης
3502 3433 3788 3488 Κωνσταν-

2135 3520 2524 3583 τινουπόλεως.
2561 3519 2688 3576 Εἶτα
2743 3519 3241 3596 παραιτησάμενος,
3301 3517 3575 3594 ἡσύχαζεν
3622 3516 3678 3573 ἒν
3713 3522 3789 3588 τῷ

2140 3609 2262 3684 ἰδίῳ
2291 3615 2553 3685 κτήματι,
2585 3613 2675 3666 καὶ
2707 3609 3020 3680 ἐτελειώθη.

2693 3801 2868 3856 ΜΠΝΙ
2906 3801 2993 3856 ΤΩ
3030 3799 3232 3856 ΑΥΤΩ.

2905 3920 3002 3985 KC‘

2136 4033 2202 4090 Ἦ
2253 4032 2551 4107 ἀνάμνησις
2605 4035 2713 4086 τῶν
2749 4031 2916 4107 Αιρόων
2993 4033 3096 4085 τοῦ
3137 4027 3399 4107 *μεγάλου
3457 4029 3548 4084 καὶ
3607 4049 3786 4106 παρα-

2745 4099 2906 4174 δόξου
2939 4099 3187 4174 σεισμοῦ.

2212 4221 2306 4286 Εἷς
2339 4223 2405 4278 τὰ
2434 4219 2720 4278 τελευταῖα
2772 4223 2872 4289 τῆς
2927 4218 3206 4296 βασιλείας
3249 4223 3346 4274 τοῦ
3395 4221 3612 4296 Μικροῦ
3669 4225 3802 4275 Θεο-

2141 4311 2329 4370 δοσίου
2360 4314 2480 4368 υἱοῦ
2523 4309 2813 4387 ’Λρκαδίου
2869 4311 2960 4366 καὶ
3019 4307 3302 4383 Εὓδοείας,
3359 4311 3493 4384 μηνὶ
3549 4312 3796 4366 Ἰανουα-

2140 4405 2266 4477 ρίῳ,
2326 4400 2498 4458 εἰκάδι
2577 4400 2727 4472 ἕκτη,
2788 4397 2993 4476 ἐγένετο
3079 4399 3130 4454 ἐν
3220 4398 3794 4457 Κωνσταντινουπόλει

379 4499 521 4556 bilis
552 4507 939 4568 terraamotus,
973 4484 1508 4575 qualis—nunquam
1539 4504 1614 4561 ah
1632 4484 1777 4560 urbe
1797 4506 2027 4561 condita

2142 4489 2366 4561 σεισμὸς
2397 4484 2654 4567 φοϐερὸς,
2707 4487 2820 4549 οἷος
2876 4487 2980 4542 οὐκ
3036 4485 3248 4560 ἐγένετο
3305 4485 3396 4564 ἀφ’
3455 4486 3518 4542 οὗ
3577 4485 3792 4557 ἰκτίσθη

384 4605 573 4659 usque
599 4589 674 4643 ad
703 4607 833 4646 eam
866 4565 1023 4645 diem
1055 4592 1244 4646 factus
1274 4565 1487 4659 fuerat,
1513 4596 1676 4648 itaut
1697 4601 1753 4650 et
1780 4596 1960 4661 muri,
1980 4601 2027 4650 el

2142 4581 2176 4649 ἡ
2212 4579 2374 4640 πόλις
2408 4565 2576 4654 μέχρι
2604 4577 2746 4648 τότε,
2789 4578 2927 4633 ὥστε
2982 4577 3070 4631 καὶ
3124 4577 3189 4631 τὰ
3233 4577 3396 4653 τείχη
3454 4583 3794 4645 καταπεσεῖν,

384 4677 645 4734 maxima
675 4678 837 4732 urbis
869 4695 1006 4749 pars
1065 4681 1377 4735 corruerit.
1429 4681 1646 4737 Eodem
1697 4689 2027 4739 terrwmotu

2138 4669 2226 4722 καὶ
2283 4669 2344 4722 τὸ
2399 4667 2654 4722 πλεῖστον
2719 4665 2881 4739 μὲρος
2933 4672 3034 4734 τῆς
3115 4664 3354 4727 πόλεως.
3411 4666 3470 4723 Ὀ
3518 4665 3676 4727 αὐτὸς
3735 4663 3795 4720 δὶ

384 4781 686 4821 concussa;
717 4772 856 4820 sunt
885 4772 944 4820 et
973 4767 1103 4822 alia:
1130 4769 1395 4824 civitates
1436 4770 1718 4837 Thracia),
1758 4778 1818 4826 et
1846 4774 2036 4828 Maceo

384 4853 600 4914 doniaa.
636 4858 694 4907 et
721 4853 1045 4925 Bithynia}:
1097 4855 1446 4928 duravitque
1491 4858 1565 4912 ad
1617 4865 1735 4914 tres
1778 4877 2033 4916 menses.

385 4943 574 5007 Quare
605 4942 971 5000 Theodosius
1024 4945 1351 5015 imperator
1395 4963 1529 5002 cum
1570 4949 1925 5020 patriarcha,
1980 4957 2038 5006 et

388 5031 568 5092 clero.
599 5032 934 5103 populoque
960 5033 1744 5102 universo,nudisincedens
1766 5039 2034 5109 pedibus,

389 5123 447 5173 et
475 5119 586 5173 vim
621 5118 1017 5190 lacrymarum
1050 5121 1442 5192 profundens,
1468 5124 1901 5195 supplicatione
1928 5144 2032 5198 pu«

387 5206 543 5262 blica
598 5207 888 5271 instituta,
945 5209 1020 5264 ad
1081 5210 1260 5265 Deum
1348 5211 1590 5266 aiebat:
1642 5212 1851 5268 Libera
1901 5231 2033 5281 nos,

388 5296 658 5362 Domine,
691 5297 905 5368 ajusta
935 5298 1023 5352 ira
1063 5304 1182 5364 tua,
1237 5304 1294 5352 et
1343 5298 1416 5352 ab
1467 5298 1744 5354 omnibus
1800 5299 2034 5357 delictis

387 5385 606 5440 nostris
653 5392 895 5457 propter
941 5388 1352 5459 pamitentiam
1391 5405 1404 5454 ;
1457 5388 1827 5443 commovisti
1874 5392 2032 5446 enim

388 5477 627 5539 terram,
663 5481 722 5530 et
741 5476 1106 5531 conturbasti
1129 5492 1258 5530 eam
1284 5481 1523 5549 propter
1548 5482 1789 5549 peccata
1811 5487 2036 5550 nostra,

388 5562 668 5636 injiciens
699 5565 975 5620 timorem
1005 5565 1068 5620 in
1099 5565 1375 5622 cordibus
1401 5566 1712 5635 nostris,ut
1738 5567 2034 5640 gloriﬁce-

389 5671 522 5712 mus
553 5659 630 5719 te,
660 5655 760 5727 qui
792 5655 954 5711 solus
985 5655 1276 5730 benignus
1312 5672 1373 5712 es
1413 5662 1471 5712 et
1519 5656 1804 5714 clemens.
1857 5660 2028 5716 Exin-

389 5745 462 5800 de
491 5745 669 5820 igitur
708 5751 1082 5802 terrmmotus
1126 5746 1303 5820 hujus
1347 5747 1634 5804 memoria
1680 5747 2032 5807 celebratur.

2144 4755 2366 4828 σεισμὸς
2396 4755 2486 4810 καὶ
2517 4753 2689 4817 ἄλλας
2715 4755 2905 4816 πόλεις
2953 4760 3053 4822 τῆς
3102 4753 3342 4829 Θρᾴκης,
3388 4755 3479 4808 καὶ
3532 4761 3634 4825 τῆς
3665 4761 3792 4810 Μα-

2142 4843 2408 4916 κεδονίας,
2466 4846 2557 4901 κάὶ
2609 4851 2711 4914 τῆς
2799 4843 3046 4905 Βιθυνίας
3120 4843 3465 4920 κατέστρεψε,
3524 4845 3612 4900 καὶ
3672 4845 3795 4900 ιπε-

2141 4935 2377 5010 κράτησε
2407 4942 2582 5008 μῆνας
2609 4939 2777 5010 τρεῖς.
2809 4934 2912 4988 Διά
2941 4936 3102 4987 τοῦτο
3134 4933 3162 4988 6
3197 4931 3451 5008 βασιλεὺς
3482 4931 3794 5002 Θεοδόσιος,

2146 5025 2282 5098 μετᾶ
2332 5028 2427 5080 τοῦ
2482 5026 2856 5099 ΙΙατριάρχου,
2913 5021 3002 5078 καὶ
3057 5026 3155 5076 τοῦ
3233 5021 3472 5096 κλήρου,
3529 5022 3620 5077 καὶ
3697 5021 3798 5078 τοῦ

2143 5111 2280 5168 λαοῦ
2325 5117 2544 5183 παντὸς,
2607 5109 2938 5172 ἀνυπὸδετυς
3001 5110 3136 5182 μετὰ
3193 5106 3440 5186 δακρύων
3500 5108 3798 5166 λιτανεύων

2141 5203 2277 5277 πρὸς
2333 5204 2426 5258 τὸν
2484 5204 2637 5273 Θεὸν,
2722 5199 2900 5277 ἔλεγεο
2959 5201 3148 5257 Ῥὖσαι
3207 5202 3380 5272 ἡμᾶς,
3440 5199 3623 5276 Κύριε,
3691 5207 3796 5270 τῆς

2144 5288 2355 5354 δικαίας
2386 5313 2482 5347 σου
2529 5293 2724 5367 ὀργῆς,
2782 5291 2874 5346 καὶ
2930 5293 3038 5345 τῶν
3098 5290 3554 5364 παραπτωμάτων
3609 5292 3794 5362 ἡμῶν,

2144 5377 2232 5435 διὰ
2286 5386 2388 5449 τῆς
2449 5380 2753 5453 μετανοίας·
2839 5377 3135 5441 ἐσάλευσας
3208 5378 3310 5451 γὰρ
3367 5379 3466 5446 τήν
3522 5382 3647 5452 γῆν,
3704 5378 3798 5433 καὶ

2144 5469 2503 5544 συνετάραξας
2561 5467 2649 5524 διὰ
2701 5469 2799 5531 τὰς
2884 5466 3152 5540 ἁμαρτίας
3229 5468 3416 5539 ἡμῶν·
3502 5462 3802 5540 ἐμϐάλλων

2144 5554 2310 5635 φόϐον
2345 5557 2423 5622 είς
2481 5559 2573 5620 τὰς
2626 5555 2850 5633 καρδίας
2907 5559 3089 5631 ἡμῶν,
3148 5559 3246 5610 τοῦ
3304 5551 3545 5626 δοξάζειν
3595 5577 3650 5610 σε
3707 5556 3801 5612 τὸν

2147 5648 2312 5723 μόνον
2345 5647 2545 5724 ἀγαθὸν
2605 5648 2693 5703 καὶ
2752 5645 3161 5726 φιλάνθρωπον·
3225 5665 3408 5701 εκτοτε
3465 5643 3557 5700 οὖν
3610 5646 3804 5720 ἑορτά-

2145 5741 2289 5806 ζεται
2315 5738 2350 5805 ἡ
2381 5735 2607 5806 τοιαύτη
2638 5735 2960 5809 ἀνάμνησις.
