4074 6192
327 337 442 398 281

906 478 985 548 Τῇ
1028 474 1164 548 «Mi
1211 476 1412 552 ἡμέρᾳ-

328 573 541 647 Μνήμη
610 572 927 647 105_6clou
991 578 1348 647 Ξενοφῶντος
1433 574 1523 631 καὶ
1589 567 1991 647 τῆςλσυμὸίου

404 640 595 721 αυτοῦ,
667 644 761 698 καὶ
834 650 942 699 τῶν
1016 640 1218 701 τέκνων
1291 648 1459 703 αὐτοῦ
1534 640 1838 721 Ἀρέιαδίονί
1900 644 1991 699 καὶ

406 716 686 775 Ἰωάννου,

403 835 671 906 Ξενοφῶν
703 832 731 886 ὁ
764 830 818 886 ἓν
852 832 1029 907 ἁγίοις
1062 836 1247 908 Πατήρ
1305 837 1466 908 ἡμῶν
1526 834 1593 901 ἦν
1625 832 1990 909 συγκλητικὸς

336 919 387 975 ἓν
468 918 1066 989 Κωνσταντινουπόλει,
1126 920 1386 993 θεοσεϐὴς
1442 924 1531 979 καὶ
1590 924 1845 996 ἐλεήμων
1900 924 1987 977 καὶ

333 1007 568 1079 δίκαιος,
598 1009 690 1064 καὶ
721 1016 894 1065 πᾶσαν
938 1012 1134 1086 ἀρετήν
1189 1010 1356 1088 ἔχων.
1407 1015 1507 1070 Ἦν
1555 1010 1612 1068 δὲ
1655 1013 1743 1067 καὶ
1776 1007 1990 1084 ἔνδοξος

326 1100 416 1153 καὶ
449 1099 718 1164 πλούσιος
774 1098 1003 1177 σφόδρα,
1058 1104 1315 1177 γεννήσας
1368 1100 1425 1157 δὲ
1474 1100 1570 1157 δύο
1626 1098 1822 1163 παῖδας
1858 1102 1987 1175 Ἀρ-

326 1186 513 1244 κάδιον
570 1190 661 1243 καὶ
722 1190 1001 1260 Ἰωάννην,
1059 1190 1148 1245 καὶ
1208 1194 1510 1265 ἀναθρέψας
1556 1189 1751 1251 αὐτοὺς
1779 1189 1830 1244 ἐν
1864 1210 1987 1244 παι-

325 1274 443 1349 δείᾳ
496 1277 590 1331 καὶ
649 1276 900 1349 νουθεσίᾳ
957 1279 1179 1353 Κυρίου,
1238 1279 1551 1335 ἀπέστειλεν
1612 1278 1691 1342 εἷς
1744 1277 1986 1351 Βηρυτὸν

322 1367 421 1435 τήν
481 1364 671 1437 πόλιν,
722 1364 812 1420 ’ίνα
872 1368 1081 1439 μάθωσι
1134 1366 1261 1430 τοὺς
1322 1369 1547 1435 νόμους.
1603 1368 1733 1442 Εἶχε
1763 1367 1863 1441 γὰρ
1893 1367 1989 1421 τό·

323 1475 380 1510 τε
408 1457 445 1523 ἡ
475 1454 706 1525 τοιαύτη
740 1455 905 1518 πόλις
960 1456 1233 1511 παντοίων
1298 1457 1636 1529 μαθημᾶτων
1696 1450 1987 1531 βιϐλιοθή-

326 1564 447 1606 κας.
508 1543 662 1602 Ἐπεὶ
721 1542 779 1599 δὲ
835 1544 971 1599 κατὰ
1041 1542 1313 1608 θάλασσαν
1374 1544 1707 1619 ἐναυάγησαν
1768 1544 1820 1598 οἱ
1878 1541 1988 1597 υἱοὶ

330 1632 517 1703 αὑτοῦ,
552 1633 740 1705 μαθὼν
794 1633 958 1689 τοῦτο
1007 1635 1156 1708 παρά
1208 1653 1356 1695 τινος
1409 1636 1517 1687 τῶν
1548 1629 1762 1687 δουλων
1794 1631 1987 1699 αὐτοῦ,

329 1718 522 1792 ἐξῆλθε
553 1720 691 1793 μετᾶ
715 1727 816 1790 τῆς
862 1720 1117 1797 γυναικὸς
1163 1719 1329 1775 αὐτοῦ
1382 1720 1458 1782 είς
1507 1720 1607 1788 τήν
1655 1718 1829 1774 αὐτῶν
1858 1719 1987 1773 ἀνα·

1809 339 2279 404 JANUARIUS.

2017 479 2073 546 Α

3630 350 3748 409 989

2740 474 2958 530 Eodem
3019 475 3113 532 die

2095 570 2248 627 138
2285 570 2733 652 Commemoratio
2778 576 2962 652 sancti
2988 575 3382 652 Xenophontis,
3415 586 3468 634 et
3495 581 3749 652 conjugis

2336 644 2474 712 ejus,
2528 660 2591 699 ac
2621 645 2862 712 ﬁliorum
2890 644 3203 702 Arcadii—et
3259 644 3509 705 Joannis.

2166 824 2413 878 Sanctus
2444 827 2612 893 pater
2657 828 2861 878 noster
2910 826 3259 897 Xenophon,
3320 827 3407 883 vir
3463 833 3745 888 senatorii

2094 911 2322 967 ordinis
2354 912 2887 983 Constantinopoli,
2941 915 3095 986 pius,
3128 915 3190 971 in
3245 933 3539 989 pauperes
3572 920 3747 975 beni-

2094 1016 2267 1072 gnus,
2298 1001 2521 1071 justus,
2578 1002 2973 1073 omnibusque
3031 1004 3344 1061 virtutibus
3402 1015 3744 1077 exornatus,

2093 1089 2401 1160 gloriaque
2435 1105 2501 1144 ac
2524 1089 2741 1144 divitiis
2768 1091 3086 1162 excellens,
3120 1092 3268 1149 duos
3302 1098 3563 1168 suscepit
3593 1099 3745 1154 ﬁlios

2093 1178 2411 1234 Arcadium
2444 1181 2826 1247 etJoannem,
2853 1198 3005 1251 quos
3034 1182 3206 1239 bonis
3236 1186 3498 1241 moribus
3529 1188 3745 1244 educa-

2095 1271 2206 1329 tos,
2242 1284 2309 1323 ac
2332 1268 2543 1322 timore
2578 1268 2809 1323 Domini
2838 1270 3117 1337 imbutos,
3143 1272 3202 1326 in
3232 1273 3438 1329 urbem
3469 1277 3743 1348 Berytum

2093 1358 2277 1425 misit,
2309 1362 2377 1413 ut
2398 1358 2521 1429 juri
2581 1376 2821 1431 operam
2883 1360 3133 1417 darent:
3188 1372 3359 1419 erant
3414 1368 3573 1423 enim
3607 1374 3744 1423 tunc

2094 1448 2378 1518 temporis
2409 1448 2470 1503 in
2504 1464 2573 1503 ea
2616 1449 2761 1505 urbe
2814 1451 3198 1506 scientiarum
3230 1454 3497 1510 omnium
3529 1456 3742 1511 biblio-

2092 1536 2298 1591 thecas.
2334 1538 2550 1593 Verum
2583 1554 2717 1593 cum
2750 1539 2856 1594 ﬁlii
2880 1540 3254 1614 naufragium
3274 1544 3431 1615 passi
3461 1544 3733 1613 fuissent,

2093 1624 2272 1695 idque
2303 1630 2472 1696 pater
2502 1642 2574 1682 ex
2604 1628 2863 1698 quodam
2920 1647 3086 1686 servo
3143 1632 3531 1704 cognovisset,
3563 1635 3741 1705 C(Bpit

2093 1730 2228 1770 cum
2262 1731 2443 1771 uxore
2476 1721 2662 1772 terras
2694 1736 2901 1775 omnes
2933 1720 3118 1789 obire,
3150 1727 3218 1777 ut
3247 1738 3346 1777 eos
3400 1723 3697 1779 inveniret
3731 1742 3744 1778 :

328 1812 576 1880 ζήτησιν.
610 1810 715 1868 Καὶ
763 1810 933 1885 εὑρὼν
992 1807 1190 1871 αὐτοὺς
1250 1809 1303 1865 ὲν
1352 1807 1762 1885 Ἰεροσολύμοις
1794 1808 1854 1863 ἐκ
1882 1814 1976 1877 τῆς

2094 1821 2244 1875 quos
2275 1820 2411 1859 cum
2443 1805 2867 1877 Hierosolymis
2898 1810 3219 1880 reperisset
3248 1828 3278 1866 e
3318 1813 3467 1866 mari
3499 1812 3743 1884 ejectos,

327 1898 604 1969 θαλάσσης
657 1895 1068 1975 ἐκϐρασθέντας,
1143 1898 1235 1953 καὶ
1299 1896 1579 1973 μοναχοὺς
1634 1895 1981 1973 γενομένους,

321 1989 410 2043 καὶ
470 1988 872 2065 ἁναγνωρίσας,
932 1985 1155 2058 ἐνεδόθη
1218 1988 1306 2043 καὶ
1380 1986 1562 2055 αὐτὸς,
1603 1986 1693 2042 uti
1752 1988 1787 2056 ἡ
1844 1986 1981 2061 γυνὴ

320 2076 484 2130 αὐτοῦ
542 2076 609 2130 τὸ
713 2075 1012 2151 μοναχικὸν
1089 2080 1304 2150 σχῆμα.
1382 2074 1485 2132 Καὶ
1562 2072 1650 2128 ἐπὶ
1723 2076 1979 2128 τοσοῦτον

319 2164 627 2240 προέκοψαν
691 2164 770 2227 είς
829 2165 1052 2239 ἀρετὴν,
1133 2163 1208 2225 ὡς
1291 2165 1382 2218 καὶ
1440 2164 1688 2237 θαύματα
1742 2161 1977 2217 ἐκτελεῖν

320 2254 741 2324 καταξιωθῆναι·
805 2253 895 2308 καὶ
953 2251 1129 2313 οὕτως
1202 2250 1596 2318 ἐτελειώθησαν
1657 2250 1712 2306 ἐν
1770 2250 1979 2324 Κυρίῳ,

328 2343 459 2414 μετᾶ
486 2347 598 2398 τῶν
630 2344 763 2398 υἱῶν
790 2341 988 2397 αὐτῶν.
1338 2412 1349 2423 ς

857 2442 1036 2498 ΜΗΝΙ
1093 2443 1186 2498 ΤΩ
1249 2441 1442 2496 ΑῙἽὩ.

1096 2556 1211 2613 ΚΖ’.

331 2644 597 2720 ’Δθλησις
692 2649 833 2720 τῶνῗ
906 2644 1071 2720 ἁγίων
1118 2644 1438 2720 Δμαρτύρων
1516 2645 1802 2720 Ἀνανίου-
1844 2649 1978 2720 Πρε-

397 2713 679 2793 σῦυτέρου,
769 2713 997 2792 Πέτρου,
1080 2713 1544 2788 κλειδοφόλακος,
1621 2715 1711 2770 καὶ
1786 2713 1981 2790 ἐτέρων

395 2790 529 2844 ἑπτα
559 2790 905 2865 στρατιωτῶν
921 2832 934 2848 .

392 2891 557 2949 Οὗτοι
630 2892 886 2965 ὑπῆρχον
945 2890 1032 2946 ἐπὶ
1092 2887 1493 2959 Διοκλητιανοῦ
1546 2886 1838 2964 βασιλέως,
1890 2886 1981 2941 καὶ

326 2980 583 3052 Μαξίμου
666 2981 965 3055 ἡγεμόνος.
1053 2982 1229 3035 Ὠτινι
1308 2977 1542 3051 Μαξίμῳ
1619 2976 1894 3051 παραστὰς
1952 2976 1979 3029 ὁ

325 3070 472 3144 ἅγιος
530 3071 800 3139 Ἀνανίας,
861 3067 1226 3143 ὡμολόγησεν
1285 3069 1472 3124 ἑαυτὸν
1524 3066 1848 3140 Χριστιανὸν
1906 3063 1978 3119 εί-

319 3180 427 3228 ναι,
466 3159 558 3213 καὶ
611 3159 969 3228 στηλιτεόσας
1024 3160 1089 3213 τὰ
1141 3156 1366 3227 εἴδωλα,
1424 3154 1665 3220 ἐκδυθεῖς
1720 3153 1974 3210 τύπτεται

329 3207 427 3228 ν-’ν
467 3207 558 3213 --ν-
614 3207 967 3228 "'a"""""
1036 3207 1089 3213 -ν-
1143 3207 1366 3227 *ον’-ἀτε
1426 3207 1664 3220 -ν--ννν-ν
1734 3207 1775 3210 τί
1818 3207 1879 3209 νη

321 3245 563 3322 ἰσχυρῶς
599 3248 733 3319 μετᾶ
790 3243 1046 3322 ῥαϐδίων·
1107 3246 1196 3302 καὶ
1251 3248 1317 3301 τὰ
1374 3245 1483 3318 ψῦα
1521 3245 1691 3315 ξὲεται
1721 3241 1811 3297 διὰ
1850 3265 1977 3298 σου·
2019 3207 2062 3273 C

323 3330 492 3391 ϐλίων
554 3337 936 3410 πυρωθέντων,
992 3338 1079 3391 καὶ
1136 3336 1271 3408 μετᾶ
1321 3330 1477 3404 ὄξους
1508 3335 1597 3388 καὶ
1629 3332 1852 3400 ἅλατος,
1884 3333 1973 3386 καὶ

321 3425 598 3500 τρυχίνων
678 3425 1003 3499 ὑφασμάτων
1077 3419 1478 3497 κατατρίῦεται.
1538 3422 1675 3480 Εἶτα
1730 3419 1978 3495 προσηύ-

326 3514 473 3585 ξατο,
503 3516 594 3570 καὶ
628 3511 811 3570 ἔπεσεν
846 3516 874 3570 ὁ
900 3516 1026 3579 ναὸς
1054 3514 1145 3569 καὶ
1175 3514 1241 3569 τὰ
1280 3512 1506 3571 εἴδωλα.
1540 3514 1672 3569 Εἶτα
1702 3506 1971 3581 ἐνεϐλήθη

328 3605 401 3666 εἰς
436 3604 711 3683 φυλακήν,
766 3606 855 3659 καὶ
914 3602 1179 3676 διέμεινεν
1234 3604 1468 3679 ἄτροφος
1526 3601 1613 3656 ἐπὶ
1670 3599 1805 3655 ἑπτὰ
1833 3601 1976 3672 ἡμὶ-

324 3713 461 3767 ραις·
523 3694 615 3749 καὶ
672 3692 922 3770 ἐτρέφετο
978 3694 1127 3768 παρὰ
1179 3696 1419 3765 Χριστοῦ
1470 3694 1652 3769 τροφῇ
1709 3688 1972 3762 οὐρανίῳ.

324 3780 420 3838 Καὶ
473 3783 639 3835 τοῦτο
697 3776 829 3833 ἰδὼν
884 3778 1084 3854 ῐιέτρος
1143 3778 1173 3833 ὁ
1228 3775 1593 3856 κλειδοφόλαξ
1650 3775 1975 3850 προσέπεσεν

323 3869 492 3939 αὐτῷ,
524 3869 614 3923 καὶ
645 3863 967 3938 ἐϐαπτισθη.
1019 3864 1408 3943 Δισδεχθέντος
1441 3863 1500 3921 δὲ
1546 3870 1642 3921 τοῦ
1672 3865 1972 3939 ἡγεμόνος,

317 3957 482 4028 ἦλθεν
557 3954 742 4032 ’ἔτερος
843 3958 1068 4031 ἡγεμὼν
1176 3959 1478 4029 Μαειμῖνος
1555 3953 1806 4027 ὀνόματι,
1881 3952 1971 4007 καὶ

319 4041 609 4117 ἒδὲσμησεν
669 4044 756 4098 ἐπὶ
811 4047 1023 4119 τροχοῦ
1103 4043 1231 4108 τοὺς
1314 4042 1527 4117 ἁγίους’
1589 4044 1707 4096 εἶτα
1781 4038 1968 4111 ἔθηκεν

317 4132 401 4188 ἐπὶ
456 4133 711 4209 ἐσχᾶραςο
772 4132 902 4188 ἀλλ’
960 4133 1273 4209 ἐψυχράνθη
1306 4134 1369 4188 τὸ
1399 4133 1527 4199 πῦρ·
1559 4133 1651 4187 καὶ
1684 4130 1889 4193 ΐδόντες
1919 4130 1971 4184 οἱ

316 4228 689 4297 τιμωροῦντες
743 4222 939 4285 αὐτοὺς
1010 4222 1146 4278 ἑπτὰ
1228 4226 1577 4298 στρατιῶται,
1633 4220 1968 4276 ἐπίστευσαν·

318 4312 404 4366 καὶ
438 4311 529 4366 σὺν
561 4314 749 4374 αὐτοῖς
807 4311 858 4367 ἐν
916 4316 985 4387 τῇ
1043 4310 1288 4385 θαλάσσῃ
1347 4312 1451 4367 ὑπὸ
1497 4315 1605 4366 τῶν
1636 4309 1856 4383 δημίων
1888 4313 1972 4385 ῥι-

321 4402 521 4477 φέντες,
553 4401 971 4472 ἐτελειώθησαν.

910 4512 988 4582 τῇ
1019 4508 1156 4582 αὐτῇ
1190 4508 1377 4581 ἡμέρᾳ

314 4627 373 4683 Ἡ
429 4623 739 4697 ἀνακομιδὴ
788 4630 886 4700 τοῦ
921 4624 1195 4700 -λειψάνου
1252 4628 1350 4679 τοῦ
1406 4623 1459 4679 ἐν
1518 4623 1699 4700 ᾁγίοις
1762 4625 1972 4700 Πατρὸς

597 4695 762 4771 ἡμῶν
810 4695 1060 4754 Ἰωάννου
1116 4700 1213 4751 τοῦ
1261 4695 1683 4769 Χρυσοστόμου.

385 4816 714 4891 Ἐξορισθεῖς
796 4817 824 4869 ὁ
908 4815 1059 4889 ἅγιος
1144 4812 1398 4884 Ἰωάννης
1484 4815 1512 4868 ὁ
1575 4808 1964 4886 Χρυσόστομος

320 4904 558 4974 ἀπῆλθεν
619 4905 697 4967 είς
757 4904 993 4976 Κώμανα
1067 4911 1166 4972 τῆς
1222 4902 1536 4977 Ἀρμενίας,
1614 4902 1752 4957 ὅπου
1804 4904 1967 4958 κατά-

317 5017 484 5051 κειται
515 4998 579 5052 τὸ
640 4995 895 5069 λειψανον
952 4999 1049 5049 τοῦ
1101 4994 1255 5071 ἁγίου
1316 4992 1666 5063 Βασιλίσκου,
1699 4993 1847 5055 ὅστις
1878 4992 1967 5048 καὶ

318 5086 480 5162 ipim
513 5088 665 5158 αὐτῷ
697 5086 899 5161 λάγωνσ
949 5086 1039 5153 Μὴ
1092 5080 1287 5162 φοϐοῦ,
1334 5081 1534 5162 ἀδελφὲ
1583 5083 1831 5153 Ἰωάννη·
1862 5082 1966 5139 αὕ-

315 5197 431 5250 ριον
460 5179 562 5251 γὶρ
595 5176 709 5248 ἅμα
739 5174 990 5248 ἐσόμεθα⁶
1034 5174 1198 5251 ἐφάνη
1262 5172 1319 5229 δὲ
1374 5172 1461 5228 καὶ
1521 5178 1599 5245 τῷ
1650 5193 1968 5248 προσμονα-

312 5269 413 5341 ρίῳ
469 5267 671 5342 λέγων.
736 5267 1067 5341 Εὖτρέπισον
1140 5265 1310 5320 τόπον
1380 5268 1461 5335 τῷ
1521 5263 1965 5337 μεγαλομᾶρτυρι

309 5359 553 5432 Ἰωάννῃ·
612 5354 835 5431 ἔρχεται
890 5356 1015 5429 γὰρ.
1076 5353 1343 5424 Ἀλλοὶξας
1402 5350 1493 5407 οὖν
1555 5352 1753 5423 λευκήν
1829 5373 1962 5406 στο-

307 5448 408 5518 λῆν
438 5448 529 5502 καὶ
592 5446 1011 5521 λειτουργήσας,
1070 5444 1160 5499 καὶ
1219 5443 1384 5498 εἰπὼν
1438 5442 1501 5497 τὸ
1560 5440 1965 5517 ῥῆμα,’ὀπάν-

306 5559 424 5594 τοτε
451 5536 631 5611 ἔΑεγε’
686 5536 821 5608 Δόξα
873 5538 954 5605 τῷ
1008 5538 1123 5605 Θεῷ
1180 5534 1394 5587 πάντων
1448 5529 1645 5600 ἕνεκεν,
1680 5528 1961 5606 παρέδωκε

308 5630 367 5683 τὸ
420 5630 660 5700 πνεῦμα,
711 5623 802 5678 καὶ
860 5623 1115 5691 κατετέθη
1186 5620 1425 5691 πλησίον
1484 5624 1581 5676 τοῦ
1632 5622 1807 5699 τάφου
1862 5625 1960 5676 τοῦ

313 5716 466 5792 ἁγίου
558 5712 838 5790 μάρτυρος
919 5711 1269 5768 Βασιλίσκου.
1347 5712 1498 5768 Μετὰ
1557 5707 1613 5765 δὶ
1668 5710 1958 5787 τριάκοντα

2002 4569 2049 4633 D

2093 1897 2152 1948 et
2181 1893 2579 1949 monasticam
2604 1894 2943 1951 institutum
2970 1898 3289 1968 professos,
3314 1915 3531 1970 eosque
3563 1917 3742 1974 agno-

2087 1981 2289 2046 visset,
2322 1981 2449 2051 ipse
2482 1981 2660 2037 etiam
2689 1983 2937 2055 ejusque
2978 2000 3125 2039 uxor
3170 1985 3375 2041 habitu
3406 1990 3741 2044 monacho-

2086 2087 2220 2125 rum
2250 2076 2507 2144 sumpto,
2539 2071 2622 2127 ita
2644 2088 2706 2127 se
2737 2073 2797 2127 in
2823 2088 2892 2128 ea
2920 2073 3152 2129 vivendi
3176 2075 3406 2130 ratione
3430 2077 3743 2133 virtutibus

2089 2159 2419 2223 excoluere,
2455 2164 2520 2214 ut
2550 2165 2608 2215 et
2639 2161 2925 2216 miracula
2954 2168 3188 2233 patrare
3245 2165 3609 2221 meruerint:
3643 2172 3740 2221 at-

2087 2264 2202 2317 que
2235 2248 2393 2303 hunc
2422 2248 2484 2304 in
2516 2248 2760 2305 modum
2822 2266 2945 2306 una
3003 2267 3136 2307 cum
3195 2250 3336 2308 ﬂliis
3397 2254 3458 2309 in
3490 2256 3739 2310 Domino

2087 2334 2491 2392 decesserunt.

2648 2436 2891 2493 EODEM
2923 2439 3176 2494 MENSE.

2536 2534 2640 2589 Die
2696 2534 2977 2589 vicesima
3033 2537 3288 2607 septima

2086 2642 2239 2697 139
2274 2642 2563 2698 Certamen
2589 2648 2902 2697 sanctorum
2924 2650 3229 2714 martyrum
3256 2646 3494 2701 Anam’m
3514 2647 3737 2717 presby-

2158 2724 2288 2847 teri.
2345 2723 2499 2776 Petri
2549 2722 2789 2777 clavtum
2847 2723 3103 2791 custodis,
3150 2731 3201 2778 et
3244 2725 3481 2780 aliorum
3534 2734 3739 2796 septem

2162 2798 2237 2847 mi
2267 2797 2426 2847 itum.

2162 2797 2426 2848 militum.

2157 2892 2258 2946 Isti
2275 2892 2997 2947 clarueruntDiocletiano
3016 2894 3397 2965 imperatore,
3412 2901 3471 2950 et
3488 2896 3736 2950 Maximo

2088 2980 2389 3051 praefecto,
2413 2996 2591 3051 quem
2624 2997 2755 3035 cum
2783 2986 3023 3036 sanctus
3056 2983 3319 3037 Ananias
3348 2983 3612 3045 adiisset,
3649 3001 3744 3039 se-

2088 3085 2202 3138 que
2220 3068 2616 3123 Christianum
2638 3069 2964 3139 professus,
2985 3070 3219 3140 probris
3244 3071 3403 3125 idola
3424 3073 3743 3140 affecisset,

2091 3160 2367 3215 nudatus.
2393 3159 2591 3231 ﬂagris
2612 3159 2953 3231 gravissime
2976 3160 3235 3214 caeditur.
3255 3162 3401 3216 Tum
3421 3162 3574 3217 circa
3590 3162 3738 3217 lum-

2089 3246 2196 3301 bos
2227 3246 2455 3301 subulis
2487 3246 2879 3301 candentibus
2911 3246 3273 3317 perfoditur;
3311 3255 3370 3303 et
3397 3256 3583 3315 aceto,
3613 3250 3735 3303 sale

2084 3351 2154 3391 ac
2184 3351 2380 3407 panno
2412 3336 2650 3391 cilicino
2673 3335 3027 3406 perfricatur
3057 3343 3116 3391 et
3144 3338 3438 3392 atteritur.
3468 3343 3732 3410 Cumque

2083 3430 2332 3485 orasset.
2366 3424 2649 3479 etfanum
2680 3441 2812 3479 cum
2847 3425 3023 3479 idolis
3056 3427 3397 3493 corruisset,
3436 3427 3497 3482 in
3538 3444 3736 3483 carce-

2082 3529 2208 3568 rem
2239 3512 2614 3568 detruditur:
2648 3513 2748 3568 ubi
2782 3518 3007 3585 septem
3032 3514 3242 3570 diebus
3260 3515 3386 3570 sine
3409 3516 3540 3572 cibo
3565 3533 3738 3572 man-

2087 3602 2183 3658 sit.
2218 3602 2330 3657 Sed
2360 3618 2495 3658 cum
2544 3602 2716 3657 illum
2760 3603 3003 3658 caadesti
3035 3603 3165 3658 cibo
3196 3620 3231 3659 a
3258 3600 3487 3661 Christo
3520 3606 3735 3662 nutriri

2081 3690 2327 3748 vidisset
2355 3693 2565 3747 Petrus
2592 3691 2843 3748 clavium
2887 3693 3146 3749 carceris
3177 3699 3398 3763 custos,
3441 3696 3735 3767 abjiciens

2082 3797 2146 3836 se
2176 3779 2250 3836 ad
2282 3780 2411 3852 ejus
2440 3779 2643 3851 pedes,
2675 3780 3002 3852 baptizatus
3025 3786 3134 3837 est.
3159 3782 3423 3853 Cumque
3452 3783 3730 3854 praafecto

2081 3870 2251 3938 alter,
2282 3869 2567 3925 Maximus
2605 3870 2867 3935 nomine,
2903 3872 3311 3936 successisset,
3343 3876 3488 3927 rota:
3519 3873 3732 3946 alliga-

2081 3965 2173 4015 tos
2204 3964 2461 4023 sanctos,
2481 3959 2781 4015 craticulaa
2803 3959 3036 4015 ardenti
3068 3961 3353 4033 imposuit
3399 3963 3610 4017 Verum
3639 3978 3727 4017 re-

2078 4048 2496 4120 frigescentem
2545 4049 2743 4121 ignem
2802 4049 3002 4103 intuiti
3063 4056 3291 4121 septem
3353 4049 3597 4117 milites,
3631 4051 3733 4121 qui

2082 4143 2320 4193 sanctos
2362 4137 2740 4208 torquebant,
2798 4137 3014 4193 Christi
3076 4139 3253 4193 (idem
3316 4154 3631 4209 suscepere
3661 4139 3733 4193 de

2079 4244 2201 4283 una
2230 4244 2365 4283 cum
2396 4227 2469 4283 iis
2493 4244 2527 4282 a
2568 4226 2878 4283 lictoribus
2928 4228 2989 4283 in
3038 4244 3200 4283 mare
3250 4229 3523 4300 projecti,
3552 4229 3731 4283 vitam

2080 4315 2385 4372 ﬁnierunt.

2722 4519 2941 4575 Eodem
2991 4519 3091 4575 die

2084 4628 2235 4684 140
2283 4627 2607 4683 Translatio
2664 4628 3032 4697 reliquiarum
3086 4634 3265 4685 sanctz
3325 4631 3509 4687 Patris
3559 4632 3733 4686 nostri

2591 4700 2823 4755 Joannis
2858 4701 3214 4773 Crysostomz’.

2150 4818 2397 4873 Sanctus
2418 4817 2673 4872 Joannes
2687 4817 3143 4888 Chrysostomus
3167 4818 3224 4871 in
3238 4818 3516 4875 exsilium
3536 4824 3725 4885 actus,

2078 4906 2398 4962 Comanam
2433 4905 2718 4960 Armeniae
2750 4906 3066 4973 concessit,
3101 4906 3201 4961 ubi
3235 4910 3426 4964 sancti
3462 4909 3727 4966 Basilisci

2078 4994 2346 5066 reliquias
2377 4994 2615 5065 jacent:
2650 4994 2748 5064 qui
2775 5011 3069 5066 apparens
3091 4995 3143 5050 ei
3175 4996 3349 5053 dixit:
3385 5000 3465 5054 Ne
3498 5000 3723 5067 timeas,

2077 5084 2259 5141 frater
2286 5086 2583 5140 Joannes:
2646 5100 2775 5139 cras
2814 5085 2979 5139 enim
3032 5085 3209 5140 simul
3261 5088 3506 5144 erimus.
3569 5088 3725 5143 Idem

2078 5181 2317 5230 sanctus
2346 5174 2563 5229 aedituo
2587 5190 2881 5245 apparens
2908 5190 2920 5227 :
2955 5176 3251 5246 Prwpara,
3284 5177 3498 5247 inquit,
3532 5176 3727 5231 locum

2077 5264 2414 5320 adventanti
2447 5280 2662 5335 magno
2720 5262 2965 5334 martyri
2995 5264 3230 5319 Joanni.
3264 5266 3445 5337 Igitur
3472 5266 3730 5322 Joannes

2076 5354 2227 5408 stola
2255 5352 2390 5408 alba
2421 5352 2686 5417 indutus,
2730 5368 2867 5407 cum
2905 5352 3211 5425 liturgiam
3256 5354 3634 5421 celebrasset,
3669 5353 3731 5408 in

2073 5443 2146 5498 iis
2177 5441 2389 5507 verbis,
2424 5458 2554 5513 quas
2582 5456 2817 5513 semper
2847 5440 3107 5498 habebat
3138 5443 3198 5498 in
3232 5460 3361 5498 ore:
3388 5443 3585 5500 Gloria
3608 5443 3729 5497 Deo

2070 5549 2177 5605 pro
2208 5530 2509 5597 omnibus,
2556 5529 2802 5586 tradidit
2833 5531 3130 5602 spiritum,
3165 5531 3585 5604 depositusque
3616 5529 3729 5584 fuit

2068 5638 2251 5694 prope
2282 5619 2623 5692 sepulcrum
2655 5619 2843 5675 sancti
2869 5620 3143 5691 martyris
3165 5620 3452 5676 Basilisci.
3478 5618 3721 5675 Tricesio

2068 5727 2166 5766 mo
2197 5715 2395 5765 autem
2411 5710 2585 5764 tertio
2603 5714 2737 5781 post
2769 5725 2948 5776 anno,
2978 5716 3218 5766 auctore
3242 5710 3449 5765 Proclo
3475 5705 3721 5779 patriar-
