4072 6194
294 295 412 390 ass

293 558 449 608 rent.
481 550 594 607 Sed
621 567 756 606 cum
786 565 937 604 urna
965 548 1218 603 reserari
1259 564 1379 602 non
1437 551 1656 619 posset,
1693 561 1943 602 maerore

295 643 540 698 affectus
570 641 910 711 imperator,
945 638 1184 709 scripsit
1205 636 1515 709 epistolam
1545 635 1618 690 ad
1649 642 1941 704 sanctum,

295 749 413 805 qua
441 731 611 786 illum
633 729 1006 800 precabatur,
1031 734 1095 782 ut
1113 728 1419 783 adveniret
1444 744 1456 781 :
1483 727 1683 782 statim
1702 728 1941 783 exaudi-

295 826 390 876 tus
421 824 527 874 est.
561 819 842 872 Pretiosae
870 817 1050 890 igitur
1078 817 1348 889 reliquiae
1367 816 1942 889 Constantinopolim

291 906 616 974 translatas,
648 907 710 960 in
739 905 960 978 templo
993 906 1340 962 Sanctorum
1371 905 1790 977 Apostolorum
1835 905 1942 961 ho-

289 997 539 1053 norifice
571 995 826 1051 conditaa
859 1001 1017 1052 sunt.

851 1104 940 1159 ΕΟ
953 1105 1093 1158 DEM
1125 1103 1376 1160 MENSE.

789 1210 892 1266 Die
923 1209 1203 1266 vicesima
1242 1214 1444 1266 octava

285 1311 434 1367 141
473 1309 925 1366 Commemoratio
981 1311 1160 1366 sancti
1205 1311 1391 1364 Patris
1448 1309 1624 1374 nostri
1685 1309 1939 1380 Ephraem

1031 1399 1184 1470 Syri

355 1510 472 1564 Iste
501 1506 614 1562 fuit
635 1523 704 1575 ex
726 1507 987 1574 Oriente,
1009 1523 1223 1581 genere
1246 1507 1445 1580 Syrus,
1481 1507 1672 1579 patria
1690 1506 1936 1562 Edesse-

284 1611 420 1664 nus,
449 1596 799 1664 Christianis
828 1595 1176 1667 parentibus
1207 1589 1382 1652 natus
1406 1615 1420 1663 ;
1452 1596 1712 1668 vixitque
1733 1613 1768 1651 a
1787 1595 1936 1666 Con-

287 1685 534 1739 stantini
565 1673 754 1758 Magni
786 1675 1151 1753 temporibus
1173 1677 1366 1758 usque
1391 1685 1462 1741 ad
1484 1673 1802 1758 imperium
1831 1685 1937 1740 Va-

282 1774 482 1830 lentis.
511 1775 655 1838 Cum
679 1779 875 1829 autem
900 1774 1096 1830 infans
1120 1781 1292 1838 esset,
1315 1775 1589 1830 viderunt
1614 1775 1674 1830 in
1707 1774 1930 1830 somnis

1616 283 2043 386 MENOLOGll
2086 321 2296 386 mas
2340 321 2417 383 lI.

294 462 426 530 cha,
455 461 620 517 misit
642 459 1005 517 Theodosius
1037 459 1136 528 qui
1166 457 1408 514 Joannis
1437 456 1724 527 reliquias
1755 455 1923 511 refer-

2050 459 2197 526 τρεῖς
2257 453 2513 530 χρόνους,

3593 327 3712 390 284

2602 451 2691 509 διὰ
2775 453 3135 524 ὑπομνήσεως
3216 459 3312 512 τοῦ
3365 457 3713 534 πατριάρχου

2056 540 2336 616 Πρόκλου,
2370 541 2695 603 ἀποστείλας
2725 539 3011 604 Θεοδόσιος
3063 544 3090 597 ὁ
3143 542 3423 618 βασιλεὺς,
3452 550 3552 600 τοῦ
3582 546 3716 622 ἁγα-

2053 637 2168 706 γεῖν
2218 631 2281 687 τὸ
2341 631 2622 706 λεῖψανον,
2691 633 2790 700 τῆς
2867 629 3134 705 λάρνακος
3190 635 3266 706 μή
3325 634 3712 708 ἀνοιγομένης,

2051 717 2327 791 ἐλυπήθη.
2379 720 2519 778 Τότε
2575 720 2771 799 γράφει
2831 719 3126 791 ἐπιστολὴν
3181 724 3545 798 περιέχουσαν
3577 723 3714 794 δὲη-

2051 831 2158 878 σιν,
2237 809 2661 885 παρακληθῆναι
2740 808 2938 883 ἐλθεῖν,
2997 810 3086 865 καὶ
3166 811 3516 884 εἴσηκούσθη.
3577 814 3706 870 Ἐλ-

2052 898 2141 962 θὸν
2197 897 2289 952 οὖν
2343 901 2406 953 τὸ
2455 897 2638 971 τίμιον
2699 896 2980 972 λείψανον,
3037 897 3190 971 ἐτέθη
3251 900 3482 975 ἐντίμως
3540 901 3592 958 ἐν
3625 908 3706 976 τῷ

2050 991 2160 1059 ναῷ
2185 991 2294 1043 τῶν
2328 988 2530 1063 Ἀγίων
2559 986 2936 1046 Ἀποστόλων.

2581 1096 2737 1154 MHN
2745 1098 2767 1154 Ι
2827 1100 2911 1175 T9
2964 1099 3168 1177 ΑΥΤῼ.

2819 1205 2928 1261 KH’

2191 1314 2402 1387 Μνήμη
2435 1317 2533 1370 τοῦ
2573 1313 2714 1370 ὁσίοι
2751 1313 2959 1392 [Ιατρὸς
3003 1315 3165 1389 ἡμῶν
3195 1312 3436 1392 Ἐφραίμ
3463 1321 3562 1372 τοῦ

2778 1387 2978 1456 Σύρου.

2116 1491 2290 1554 Οὗτος
2346 1493 2591 1566 ὑπῆρχεν
2651 1491 2757 1546 ἀπὸ
2808 1491 3143 1563 Ἀνατολῶν,
3206 1493 3379 1567 Σύρος
3431 1496 3496 1549 τὸ
3519 1493 3696 1570 γένος,

2044 1577 2152 1634 ἀπὸ
2181 1576 2399 1641 πόλεως
2431 1575 2713 1650 Ἐδέσσης,
2755 1578 2960 1654 γονὲων
3014 1581 3376 1655 Χριστιανῶν,
3408 1579 3695 1657 διαρκὲσας

2045 1667 2150 1722 ἀπὸ
2178 1673 2277 1736 τῆς
2311 1665 2590 1742 βασιλείας
2622 1666 3025 1724 Κωνσταντίνου
3066 1673 3164 1724 τοῦ
3215 1668 3468 1744 Μεγάλου
3501 1670 3704 1744 μέχρις

2041 1753 2372 1817 Οὐάλεντος.
2404 1758 2535 1814 "Ora
2563 1753 2624 1811 δὲ
2653 1757 2719 1826 ἧν
2752 1753 2991 1824 παιδίον,
3024 1754 3169 1812 εἶδον
3223 1759 3276 1812 οἱ
3321 1764 3501 1834 γονεῖς
3534 1759 3701 1835 αὐτοῦ

283 1835 560 1936 parentes
583 1864 710 1934 ejus
735 1863 970 1932 prodire
989 1880 1056 1918 ex
1077 1865 1205 1932 ejus
1236 1863 1439 1938 lingua
1458 1864 1656 1932 vitem,
1684 1881 1814 1936 quae
1843 1870 1923 1918 to-

2036 1845 2155 1900 κατ⁹
2185 1840 2313 1919 ὄναρ
2355 1841 2600 1917 ἄμπελον
2653 1844 2706 1900 ἐν
2744 1848 2813 1918 τῇ
2863 1844 3091 1920 γλώσσῃ
3119 1847 3289 1902 αὐτοῦ
3319 1833 3693 1925 φυτευθεῖσαν,

282 1957 406 2008 tam
437 1957 657 2006 terram
693 1951 992 2022 impleret,
1027 1957 1086 2006 et
1117 1941 1384 2007 volucres
1415 1953 1544 2008 εαξὶὶ
1595 1952 1932 2020 adventare,

283 2046 343 2096 et
369 2057 439 2095 ex
467 2032 594 2110 ejus
625 2040 914 2095 fructibus
946 2042 1283 2112 decerpere.
1311 2042 1453 2096 Vitis
1475 2031 1672 2112 autem
1704 2042 1935 2114 signiﬁ-

282 2129 456 2186 cabat
484 2129 816 2192 scientiam,
851 2146 1028 2200 quam
1061 2130 1373 2186 habiturus
1405 2137 1549 2186 erat.
1583 2130 1675 2187 Sic
1707 2149 1840 2187 vero
1873 2133 1933 2188 in

287 2222 602 2277 virtutibus
633 2221 932 2288 excelluit,
965 2227 1030 2276 ut
1073 2221 1275 2276 multis
1333 2221 1639 2293 profuerit.
1670 2222 1932 2294 Cumque

287 2310 361 2367 ad
381 2311 660 2366 Basilium
695 2327 977 2384 magnum
1002 2311 1060 2366 in
1079 2311 1287 2366 urbem
1311 2311 1635 2366 Cmsaream
1653 2312 1930 2382 venisset,

286 2400 358 2457 ab
391 2417 459 2456 eo
493 2400 801 2473 presbyter
829 2400 1136 2456 ordinatus
1160 2405 1268 2472 est,
1293 2399 1590 2472 simulque
1621 2393 1817 2457 Graice
1845 2402 1932 2457 lo-

286 2493 389 2564 qui
442 2492 636 2564 caapit,
697 2508 830 2547 cum
888 2481 1064 2547 antea
1121 2479 1772 2564 Syriace'loqueretur.
1823 2492 1931 2558 Qui

284 2587 490 2654 postea
535 2597 670 2637 cum
729 2580 915 2636 libros
972 2581 1188 2636 animm
1246 2571 1926 2653 utiles-composuisset,

283 2665 624 2742 multOsque
656 2669 976 2739 docuisset,
1010 2671 1070 2726 in
1098 2670 1394 2743 profunda
1441 2677 1763 2741 senectute,
1795 2687 1928 2745 gra-

284 2759 396 2816 tias
426 2776 628 2834 agens,
664 2759 738 2815 ad
795 2761 982 2816 Deum
1033 2755 1320 2833 migravit.

838 2937 1081 2995 EODEM
1125 2937 1378 2994 MENSE.

775 3045 882 3104 Die
938 3045 1218 3102 vicesima
1268 3061 1429 3102 nona

271 3155 425 3211 142
470 3155 798 3212 ‘Translatio
853 3153 1221 3227 reliquiarum
1267 3157 1603 3214 sacrosancti
1658 3156 1923 3227 martyris

615 3227 824 3297 Ignatii
843 3226 1182 3298 patriarcha
1213 3227 1576 3284 Antiocheni.

340 3334 555 3390 Beatus
574 3332 836 3407 Ignatius
859 3333 1223 3405 theophorus
1243 3350 1278 3389 a
1297 3333 1548 3404 Trajano
1563 3333 1920 3405 imperatore

268 3423 585 3480 Antiochia
622 3425 868 3480 Romam
910 3424 1130 3480 missus
1173 3430 1416 3496 propter
1443 3423 1660 3479 Christi
1689 3422 1919 3480 confes-

267 3515 520 3576 sionem.
551 3529 686 3571 cum
717 3514 922 3571 bestiis
949 3516 1249 3589 pugnavit,
1281 3529 1316 3570 a
1359 3515 1658 3582 leonibus,
1708 3519 1922 3571 senatu

267 3604 543 3660 universo
576 3605 639 3660 in
663 3605 893 3660 theatro
925 3606 1286 3660 consistente
1309 3609 1367 3659 et
1387 3609 1712 3674 spectante,
1737 3605 1921 3660 διιΠο-

267 3697 466 3747 catus:
495 3692 554 3747 id
588 3692 747 3762 quod
778 3697 1018 3748 sanctus
1047 3692 1324 3764 precibus
1355 3709 1390 3748 a
1419 3693 1536 3747 Deo
1569 3693 1921 3763 impetrave-

265 3785 400 3833 rat:
433 3779 668 3836 dicebat
707 3779 858 3834 enim
897 3797 910 3832 :
966 3781 1090 3835 Etsi
1147 3783 1446 3851 oporteret
1493 3795 1588 3834 me
1647 3795 1683 3836 a
1711 3779 1918 3835 bestiis

273 3867 569 3931 consumi,
619 3881 739 3922 non
772 3872 970 3922 tamen
1005 3867 1304 3924 Christum
1333 3883 1535 3926 meum
1567 3867 1914 3940 abnegabo;

268 3953 368 4009 sed
403 3954 575 4024 cupio
597 3954 879 4012 dentibus
905 3955 1229 4012 bestiarum
1254 3956 1416 4021 moli,
1445 3963 1510 4011 ut
1529 3957 1786 4012 mundus
1815 3972 1916 4027 pa-

265 4043 360 4100 nis
393 4044 510 4099 Deo
545 4059 674 4099 meo
697 4044 983 4100 inveniar.
1009 4045 1153 4100 Cum
1183 4045 1361 4117 igitur
1381 4044 1667 4101 immissis
1687 4045 1749 4099 in
1780 4061 1918 4100 eum

263 4131 538 4189 leonibus
569 4134 892 4189 sull'ocatus
923 4139 1032 4200 est,
1066 4133 1234 4191 elata:
1265 4149 1300 4190 a
1328 4133 1678 4190 Christianis
1728 4133 1915 4205 ipsius

264 4222 555 4294 reliquias,
581 4229 640 4280 et
661 4238 791 4280 cum
818 4240 1036 4296 pompa
1055 4229 1233 4296 atque
1254 4223 1483 4278 honore
1508 4225 1692 4280 Roma
1709 4223 1914 4279 Antio-

267 4312 463 4368 chiam
499 4312 820 4376 translatae,
843 4319 967 4368 tota
988 4313 1133 4368 urbe
1164 4311 1394 4367 obviam
1426 4311 1758 4384 prodeunte
1779 4327 1914 4368 cum

263 4402 472 4468 cereis,
506 4401 778 4473 psalmis,
812 4401 1072 4474 hymnis,
1107 4407 1165 4456 et
1193 4400 1440 4456 canticis
1463 4400 1910 4472 spiritualibus;

266 4488 329 4543 in
384 4489 590 4546 eadem
649 4491 793 4546 urbe
842 4491 1170 4560 honorifico
1216 4495 1275 4546 et
1321 4489 1911 4562 magnificentissimo

2038 1933 2128 1987 καὶ
2175 1932 2545 2008 πληρώσασαν
2589 1939 2759 1990 πᾶσαν
2815 1935 2917 2002 τήν
2977 1942 3104 2009 γῆν.
3167 1935 3266 1990 Καὶ
3325 1937 3570 2011 ἤρχοντο
3628 1938 3697 1991 τά

2037 2025 2254 2076 πετεινά
2307 2027 2404 2078 τοῦ
2461 2024 2717 2098 οὐρανοῦ,
2776 2023 2865 2078 καὶ
2920 2020 3162 2098 ἔτρωγον
3219 2023 3280 2078 ἐκ
3329 2030 3427 2080 τοῦ
3483 2031 3697 2100 καρποῦ

2037 2111 2224 2180 αὐτῆς,
2255 2113 2319 2169 Ἢ
2369 2111 2427 2168 δὲ
2483 2112 2729 2186 ἄμπελος
2786 2110 2989 2183 ἐδήλου
3045 2115 3146 2182 τὴν
3183 2113 3492 2186 μέλλουσαν
3527 2112 3699 2186 δοθή-

2037 2211 2220 2264 σεσθαι
2270 2204 2471 2275 γνῶσιν
2534 2201 2702 2273 αὐτῷ.
2765 2203 2858 2255 Καὶ
2920 2205 3178 2256 τοσοῦτον
3210 2203 3430 2276 γέγονεν
3463 2201 3540 2264 ε”ς
3572 2201 3697 2275 ἀρε-

2035 2289 2134 2358 τήν
2190 2286 2533 2363 περιεόντος,
2588 2288 2664 2354 ὡς
2718 2287 2967 2352 πολλοὺς
3022 2289 3325 2368 ὠφελῆσαι.
3383 2291 3592 2348 Ἐλθὼν
3641 2289 3703 2347 δὲ

2035 2379 2126 2434 καὶ
2179 2382 2316 2455 πρὸς
2368 2380 2460 2435 τὸν
2519 2381 2686 2455 μεγαν
2744 2379 3020 2435 Βασίλειον
3083 2379 3134 2435 ἐν
3192 2380 3509 2452 Καισαρείᾳ,
3553 2379 3699 2456 ἐχει-

2039 2470 2308 2544 ροτονήθη
2363 2468 2453 2523 ὑπ’
2536 2467 2744 2524 ἐκείνου
2825 2463 3212 2546 πρεσϐύτερος.
3282 2469 3383 2526 Καὶ
3454 2466 3566 2542 ἅμα
3613 2473 3695 2542 τῷ

2037 2561 2522 2634 χειροτονηθῆναι,
2577 2557 2843 2630 ἐλάλησεν
2908 2559 3218 2630 ἑλληνιστὶ,
3272 2560 3537 2632 πρότερον
3599 2581 3693 2615 συο

2037 2647 2179 2720 ριστὶ
2239 2645 2448 2704 λαλῶν.
2503 2650 2731 2704 Ἔπειτα
2789 2647 3099 2722 συγγράψας
3161 2642 3387 2722 βίϐλους
3427 2650 3691 2726 ψυχωφε-

2037 2733 2172 2802 λεῖς,
2226 2737 2313 2790 καὶ
2367 2735 2616 2799 πολλοὺς
2677 2733 2892 2810 διδάξας
2931 2736 3021 2791 καὶ
3079 2736 3389 2814 ὠφελήσας,
3432 2737 3483 2792 ἐν
3529 2737 3695 2814 βαθυ-

2031 2825 2179 2897 τάτῳ
2209 2827 2356 2900 γήρᾳ
2387 2825 2729 2901 εὐχαριστῶν
2761 2825 2900 2901 πρὸς
2929 2825 3058 2881 Θεὸν
3094 2823 3442 2899 ἐξεδήμησεν.

2569 2933 2754 2990 MHNI
2810 2937 2895 2987 ΤΩ
2950 2935 3154 2990 ΑΥΤΩ.

2793 3040 2900 3096 ΚΘ⁸

2029 3130 2092 3202 ἸΙ
2125 3141 2429 3223 ἀνακομιδή
2477 3147 2574 3223 τοῦ
2632 3141 2890 3223 λειψάνου
2944 3148 3048 3223 τοῖιν
3094 3145 3682 3223 ἁγίουιὶερομάρτυρος

2356 3216 3421 3292 ἸγνατίουπατριάρχουἈντιοχείας.⁷
3489 3216 3498 3220 ”
3588 3216 3598 3223 ’
3713 3290 3715 3292 η

2103 3305 2164 3363 Ὀ
2197 3307 2476 3378 Μακάριος
2530 3306 2796 3381 Ἰγνάτιος
2852 3307 2880 3361 ὁ
2937 3305 3210 3384 Θεοφόρος
3268 3305 3370 3360 ὑπὸ
3418 3310 3686 3373 Τραϊανοῦ

2030 3398 2126 3450 τοῦ
2189 3393 2482 3470 βασιλέως,
2547 3395 2653 3449 ἀπὸ
2721 3393 3062 3470 Ἀντιοχείας
3117 3395 3252 3470 πρὸς
3306 3395 3406 3463 τήν
3469 3395 3692 3467 Ῥώμην

2029 3475 2321 3562 πεμφθεῖς,
2376 3486 2476 3552 τῆς
2529 3483 2606 3546 εἷς
2663 3484 2892 3558 Χριστὸν
2946 3479 3097 3539 ’ἑνεκα
3177 3483 3494 3558 μαρτυρίας,
3554 3483 3683 3553 ἐθη-

2032 3576 2397 3651 ριομάχησεν,
2459 3573 2561 3628 ὑπὸ
2621 3571 2856 3628 λεόντων
2909 3573 3249 3647 ἀποπνιγεῖς,
3297 3580 3399 3642 τῆς
3438 3571 3689 3647 συγκλή-

2026 3685 2125 3718 του
2155 3664 2332 3734 πάσης
2391 3662 2633 3733 ἑστώσης
2693 3663 2744 3718 ἐν
2793 3661 2872 3736 τῷ
2924 3663 3155 3736 θεάτρῳ,
3209 3661 3299 3717 καὶ
3345 3661 3682 3740 βλεπούσης*

2029 3750 2161 3828 ὅπερ
2208 3753 2275 3821 ἦν
2324 3748 2412 3806 διὰ
2465 3755 2782 3828 προσευχῆς
2835 3755 2916 3824 τῷ
2967 3750 3124 3827 ἁγίῳ.
3184 3749 3382 3826 Ἔλεγε
3432 3751 3560 3826 γάρ,
3602 3751 3688 3806 ὅτι

2029 3839 2133 3896 Κᾶν
2190 3837 2284 3916 δέῃ
2347 3862 2414 3912 με
2475 3840 2580 3896 ὑπὸ
2647 3840 2852 3912 θηρίων
2929 3838 3296 3909 ἀναλωθῆναι,
3357 3839 3460 3896 οὐκ
3516 3838 3708 3910 ἀρνήσ-

2029 3949 2194 4002 σομαι
2223 3931 2314 3984 τὸν
2343 3932 2568 4004 Χριστὸν
2633 3951 2765 4002 μου,
2812 3927 2940 3984 ἀλλ’
2993 3927 3244 4000 ἐπιθυμῶ
3299 3928 3402 3982 ὑπὸ
3447 3925 3682 3983 ὀδόντων

2025 4021 2132 4074 τῶν
2167 4019 2372 4091 θηρίων
2402 4017 2686 4087 ἀλεθῆναι,
2717 4019 2806 4072 ἳνα
2835 4019 3069 4092 καθαρὸς
3101 4015 3260 4091 ἄρτος
3288 4022 3436 4091 φανῶ
3461 4021 3541 4089 τῷ
3568 4021 3685 4091 Θεῷ

2029 4128 2156 4179 μου.
2214 4109 2342 4163 "Ure
2399 4103 2458 4160 δὲ
2515 4105 2861 4175 ἀπελύθησαν
2907 4105 2991 4161 ἐπ’
3039 4106 3198 4161 αὐτὸν
3229 4106 3280 4161 οἱ
3332 4104 3549 4170 λέοντες
3593 4105 3682 4160 καὶ

2025 4196 2316 4269 ἀπέπνιξαν
2379 4197 2566 4264 αὐτὸν,
2633 4199 2777 4272 ἤρθη
2865 4197 2927 4250 τὸ
2994 4195 3249 4270 λείψανον
3310 4194 3474 4251 αὐτοῦ
3538 4196 3684 4272 παρᾶ

2021 4289 2128 4340 τῶν
2189 4287 2548 4356 Χριστιανῶν
2604 4286 2694 4339 καὶ
2747 4285 2882 4357 μετά
2928 4291 3097 4358 τιμῆς
3149 4285 3254 4340 ἀπὸ
3302 4290 3404 4354 τῆς
3453 4286 3683 4356 Ῥώμης

2023 4373 2356 4448 ἀνεκομίσθη
2415 4373 2490 4436 εἱς
2563 4375 2927 4448 Ἀντιόχειαν,
3003 4381 3104 4442 τῆς
3188 4374 3404 4438 πόλεως
3468 4373 3680 4444 ἀπάσης

2023 4465 2408 4532 ὑπαντησάσης
2458 4463 2592 4534 μετὰ
2637 4468 2821 4535 κηρῶν
2889 4461 2980 4517 καὶ
3031 4464 3412 4535 Θυμιαμάτων’
3476 4464 3562 4517 καὶ
3625 4463 3677 4518 ἐν

265 4575 538 4646 sepulcro
596 4577 848 4634 conditae
904 4547 1070 4635 fuere
1122 4578 1184 4634 in
1244 4547 1514 4650 ejusdem
1575 4576 1822 4632 tutelam
1853 4583 1913 4634 et

2036 4549 2262 4624 μαλμοῖς
2305 4549 2396 4604 καὶ
2444 4549 2634 4622 ὕμνοις
2695 4549 2784 4604 καὶ
2834 4547 3001 4622 ᾠδαῖς
3052 4556 3445 4622 πνευματικαῖς
3508 4571 3678 4606 κατα-

262 4664 630 4736 prmsidium.

909 4841 1130 4898 Eodem
1162 4842 1258 4898 die

257 4951 411 5006 143
439 4951 724 5006 Certamen
743 4957 1058 5007 sanctorum
1095 4955 1405 5020 martyrum
1436 4947 1677 5006 Sarbelli
1725 4963 1904 5004 sacer-

617 5022 783 5088 dotis,
815 5029 865 5077 et
894 5023 1114 5078 Βαὸεεκ
1160 5022 1365 5077 sororis
1409 5021 1548 5090 ejus.

330 5140 431 5195 Isti
466 5139 718 5210 Trajano
751 5139 1109 5210 imperatore
1168 5137 1534 5192 claruerunt.
1566 5137 1638 5192 Et
1667 5141 1908 5191 sanctus

258 5229 501 5301 quidem
533 5227 810 5285 Sarbelus
842 5227 1117 5283 sacerdos
1143 5226 1438 5282 idolorum
1461 5231 1620 5280 erat:
1652 5240 1907 5296 cumque

256 5319 444 5375 festus
476 5311 602 5375 dies
635 5313 945 5374 daemoniis
1001 5323 1296 5392 ageretur,
1347 5315 1610 5388 impuras
1640 5314 1907 5370 victimas

258 5407 330 5464 de
361 5423 526 5464 more
557 5405 924 5479 perﬁciebat.
988 5404 1099 5460 Sed
1155 5405 1500 5478 objurgatus
1529 5419 1564 5458 a
1588 5403 1906 5458 Barsimaeo

254 5499 490 5554 Edessa!
519 5498 820 5570 episcopo,
841 5497 1191 5569 probrisque
1208 5493 1717 5566 lacessitus,quod
1749 5494 1904 5549 mul-

259 5596 452 5646 torum
486 5595 644 5646 esset
672 5596 878 5646 auctor
907 5589 1258 5661 perditionis
1291 5595 1348 5644 et
1371 5586 1676 5650 interitus;
1709 5585 1907 5642 divino

256 5680 550 5738 beneﬁcio
583 5680 930 5754 pcnnitentia
951 5679 1185 5748 ductus,
1203 5677 1472 5735 adhibita
1494 5676 1755 5749 episcopi
1788 5693 1908 5732 ver-

2018 4639 2241 4712 θεμένης
2271 4637 2324 4694 ἂν
2374 4638 2513 4712 αὐτῇ
2559 4643 2630 4714 τῇ
2680 4635 2864 4708 πόλει,
2919 4638 3154 4712 ἐντίμως
3202 4640 3290 4694 καὶ
3337 4638 3680 4717 μεγαλοπρεο

2016 4731 2135 4790 πῶς
2167 4726 2242 4790 είς
2271 4727 2642 4805 φυλακτήριον
2670 4729 2842 4799 αὐτῆς
2873 4729 2964 4784 καὶ
2993 4729 3311 4807 ἀσφάλειαν.

2585 4849 2670 4921 Τῇ
2711 4848 2850 4921 αὐτῇ
2895 4847 3096 4922 ἡμέρᾳ-

2023 4951 2297 5024 ’Λθλησις
2322 4957 2431 5010 τῶν
2465 4953 2648 5029 ἁγίων-
2666 4954 2952 5029 μαρτύρων
2989 4948 3290 5029 Σαρξτςλου
3328 4955 3544 5029 ἱερέως,
3571 4953 3668 5011 καὶ

2400 5021 2780 5103 τῆξάδελφῆς
2811 5021 2980 5083 αιδτοῦ
3022 5021 3277 5090 Βαϐαίας.

2087 5139 2251 5200 Οὗτοι
2307 5142 2559 5218 ὑπῆρχον
2617 5141 2704 5196 ἐπὶ
2753 5144 3025 5218 Τραϊανοῦ
3080 5145 3177 5197 τοῦ
3247 5137 3541 5217 βασιλέως·
3595 5140 3666 5209 ἦν

2016 5227 2073 5286 δὲ
2107 5229 2134 5284 ό
2163 5231 2314 5308 ἅγιος
2346 5226 2635 5303 Σάρϐηλος
2665 5229 2841 5306 ἱερεὺς
2892 5236 2999 5286 τῶν
3051 5227 3320 5286 ετδώλων.
3353 5230 3582 5302 Ἐορτῆς
3617 5225 3674 5284 δὲ

2015 5321 2292 5396 ἀγομένης
2339 5325 2457 5382 τοῖς
2507 5317 2784 5392 δαίμοσιν,
2841 5320 3004 5384 αὐτὸς
3050 5320 3187 5376 κατὰ
3239 5319 3302 5374 τὸ
3342 5316 3463 5381 ἔθος
3497 5317 3675 5372 ἐπετέο

2015 5405 2101 5462 λει
2143 5409 2238 5472 τάς
2287 5409 2484 5482 μιαράς
2530 5408 2736 5472 θυσίας.
2792 5407 3114 5485 Ἐλεγχθεῖς
3172 5405 3230 5462 δὶ
3277 5408 3423 5481 παρά
3486 5413 3676 5481 Βαρσι-

2018 5496 2181 5571 μαίου
2233 5501 2329 5553 τοῦ
2377 5496 2678 5553 ἐπισκόπου
2726 5495 3003 5568 Ἐδέσσης,
3051 5497 3140 5552 καὶ
3197 5494 3536 5564 ὀνειδισθεὶς,
3588 5495 3663 5557 ὡς

2011 5587 2300 5661 γινόμενος
2341 5592 2458 5650 τοῖς
2503 5585 2738 5649 πολλοῖς
2787 5587 2962 5650 αἶ’τιος
3029 5585 3327 5650 ἀπωλείας,
3380 5583 3669 5664 μετενόησε

2013 5679 2082 5750 τῇ
2115 5680 2212 5731 τοῦ
2242 5681 2376 5733 Θεοῦ
2425 5679 2637 5752 χάριτι.
2690 5677 2787 5732 Καὶ
2829 5682 2948 5739 τοῖς
2996 5676 3186 5752 λόγοις
3231 5679 3328 5730 τοῦ
3367 5673 3667 5730 ἐπισκόπου
