4072 6194
232 329 345 389 285

1708 329 2170 393 JANUARIUS.

3535 342 3653 403 286

227 462 447 531 πισθεῖς
512 463 797 542 προσῆλθε
878 469 947 539 τῇ
1021 470 1118 522 τοῦ
1196 468 1432 541 Χριστοῦ
1476 466 1686 533 ’πίστει,
1751 463 1875 538 μετᾶ

1999 466 2090 523 bis
2121 468 2259 537 ﬁde,
2286 470 2681 528 Christianam
2712 472 3064 547 religionem
3103 477 3487 551 amplectitur
3529 496 3649 536 una

227 562 327 623 τῆς
391 551 534 616 ἱόἱας
586 552 828 631 ἀδελφῆς
894 551 1153 618 Βαόαίαςο
1214 556 1300 611 καὶ
1366 556 1723 626 βαπτίζονται
1787 553 1889 608 ὑπὸ

226 649 321 699 τοῦ
343 645 676 701 ἐπισκόπου.
707 643 856 701 Ἰδὼν
903 642 961 701 δὲ
1015 650 1182 701 ταῦτα
1242 646 1271 700 6
1323 644 1545 713 Λυσίας,
1604 642 1888 719 ὲκράτησιν

229 735 417 803 αὐτὸν,
450 733 544 787 καὶ
593 731 794 808 ἤρξατο
850 740 1136 809 τιμωρεῖν.
1198 736 1303 791 Καὶ
1355 740 1571 809 πρῶτον
1630 734 1725 807 μὶν
1754 731 1892 787 τόπ-

229 845 373 878 τεται
442 825 584 895 μετᾶ
666 820 903 900 ῥαϐδίων
938 844 951 857 °
1013 823 1198 880 ἔπειτα
1257 825 1567 894 σπαθίζεται
1604 868 1618 893 ,
1679 823 1769 877 καὶ
1825 820 1889 877 τὸ

227 914 531 985 πρόσωπον
566 914 758 983 ξέεται,
810 914 901 969 καὶ
960 912 1091 989 πυρί
1142 913 1555 991 καταφλέγεται.
1609 914 1740 968 Εἶτα
1773 909 1889 966 ἐνε-

230 999 415 1073 ϐλήθη
483 1004 567 1068 εἰς
612 1002 710 1059 δύο
768 1003 901 1074 ξύλα
947 1003 1133 1078 μέσον,
1178 1004 1267 1058 καὶ
1317 1002 1563 1074 ἐπρίζετο
1624 1001 1727 1056 ὑπὸ
1779 1004 1885 1054 τῶν

227 1091 446 1163 δημίων
483 1114 497 1127 ·
556 1094 647 1147 καὶ
724 1091 884 1154 τέλος
944 1092 1367 1170 ἆπεκεφαλίσθη.
1413 1091 1657 1164 Ὁμοίως
1706 1088 1797 1145 καὶ
1850 1090 1885 1158 ἠ

224 1179 437 1258 ἐδελφῆ
471 1181 642 1237 αὐτοῦ
672 1179 904 1236 πλεῖστα
958 1181 1223 1257 πρότερον
1284 1181 1688 1257 βασανισθεῖσα,
1732 1176 1887 1232 ὕστε-

224 1290 314 1345 ρον
340 1266 791 1347 ἀπεκεφαλίσθη.

824 1371 901 1442 τῇ
934 1367 1074 1441 αὖτῇ
1105 1368 1289 1444 ἡμέρᾳ

220 1480 494 1550 Ἀθλησις
537 1485 638 1537 τοῦ
694 1481 851 1556 ἁγίου
900 1482 1296 1556 ἱερομᾴρτυρος
1353 1479 1680 1536 Ἱππολύτου
1709 1479 1881 1547 πάπα,

766 1554 992 1609 καὶτῶν
1025 1553 1130 1609 σὺν
1182 1553 1350 1626 αὐτῷ.

286 1671 352 1725 Ἥ
431 1669 558 1745 ἱερὰ
614 1666 833 1725 συνοδία
912 1674 1010 1725 τοῦ
1084 1669 1495 1745 Ἰερομάρτυρος
1553 1665 1883 1724 Ἱππολύτου

225 1760 479 1834 ὑπῆρχεν
540 1760 629 1814 ἐπὶ
681 1766 778 1828 τῆς
839 1756 1117 1835 βασιλείας
1172 1755 1465 1827 Κλαυδίου,
1514 1756 1877 1832 ἡγεμονεύον-

1997 574 2131 614 cum
2165 576 2363 615 sorore
2393 561 2620 629 Babma,
2653 567 2711 617 et
2754 562 2826 617 ab
2886 563 3096 619 eodem
3140 567 3416 638 episcopo
3448 567 3641 640 bapti-

1998 654 2220 704 tantur.
2255 650 2417 715 Quod
2449 651 2549 706 ubi
2582 653 2781 724 Lysias
2826 654 3082 721 rescivit,
3142 659 3642 725 comprehensum

2000 754 2133 793 eum
2167 745 2442 810 torquere
2483 741 2687 812 cmpit:
2749 747 2807 797 et
2861 743 3120 814 primum
3171 745 3413 814 quidem
3472 749 3647 820 virgis

1998 829 2142 884 caedi
2176 829 2519 900 imperavit:
2554 831 2769 886 deinde
2821 832 3052 903 scalpro
3108 833 3344 901 laniari,
3378 835 3438 890 in
3497 838 3646 892 facie

1998 919 2428 984 excarniﬁcari,
2460 920 2594 992 igne
2624 920 2891 976 comburi
2918 940 2931 988 ;
2965 922 3313 994 duobusque
3348 924 3525 996 lignis
3550 926 3645 980 in-

1996 1008 2250 1076 clusum,
2282 1026 2316 1064 a
2348 1009 2654 1066 lictoribus
2691 1011 2955 1067 medium
3016 1013 3203 1069 secari
3230 1031 3243 1067 :
3277 1013 3516 1069 demum
3549 1033 3646 1072 ca-

1995 1098 2115 1170 pite
2147 1099 2345 1170 plecti.
2381 1099 2668 1155 Similiter
2697 1106 2751 1156 et
2801 1118 2970 1156 soror
3017 1102 3169 1173 ejus,
3202 1103 3408 1160 multis
3466 1110 3643 1160 antea

1995 1188 2305 1243 tormentis
2338 1190 2692 1254 excruciata,
2725 1189 2965 1246 tandem
2997 1189 3289 1248 decollata
3318 1191 3448 1249 fuit.

2638 1368 2859 1425 Eodem
2889 1369 2985 1425 die

1992 1487 2029 1540 ‘l
2045 1485 2147 1541 44
2181 1484 2466 1543 Certamen
2494 1486 2832 1562 sacrosancti
2857 1490 3122 1562 martyris
3146 1488 3437 1562 Hippolyti
3449 1506 3636 1561 papa,

2554 1564 2606 1614 et
2632 1561 2899 1615 sociorum
2920 1560 3061 1629 ejus.

2061 1674 2236 1729 Sacer
2256 1674 2554 1747 Hippolyti
2583 1677 3002 1748 sacromatyris
3026 1682 3210 1734 cretus
3232 1677 3445 1733 claruit
3468 1678 3633 1735 Clau-

1988 1762 2086 1818 dio
2118 1763 2496 1835 imperatore,
2527 1771 2587 1821 et
2621 1766 2844 1822 Vicario
2888 1766 3187 1836 praefecto.
3241 1768 3385 1823 Cum
3438 1774 3635 1825 autem

211 1868 305 1909 τος
353 1848 644 1920 Βικαρίου.
704 1847 807 1905 Καὶ
839 1848 868 1903 ὁ
902 1847 997 1920 μὲν
1056 1850 1398 1919 Κενσωρῖνος
1456 1848 1750 1920 μαγιστρος
1782 1840 1875 1916 ὥν,

1988 1853 2303 1909 Censorius
2340 1854 2597 1911 militum
2654 1856 2936 1927 magister
2966 1862 3141 1922 esset,
3176 1861 3233 1911 et
3290 1857 3632 1927 imperatori

212 1936 302 1992 καὶ
336 1941 421 2009 τῷ
446 1936 672 2013 βασιλεῖ
726 1936 1109 2010 ἀγαπώμενος,
1170 1935 1325 2009 ὅμως
1385 1930 1598 1989 ἐσεϐετο
1628 1935 1718 1988 τὸν
1749 1926 1881 2009 Χρι-

217 2028 363 2097 στὸν,
392 2026 490 2079 καὶ
551 2025 680 2087 τοὺς
727 2026 1084 2101 Χριστιανοὺς
1141 2022 1385 2095 ἑξεδίκειο
1443 2021 1587 2078 ἀλλὰ
1619 2020 1878 2098 λοιδορηε

214 2117 327 2182 θεὶς
390 2115 729 2187 ἀπεκλείσθη
790 2116 843 2172 ὲν
903 2120 971 2191 τῇ
1032 2115 1276 2190 ἤυλακῇ’
1352 2112 1477 2179 ἔνθα
1539 2116 1878 2190 θαυματουρ-

214 2210 418 2281 γησας,
476 2205 571 2260 καὶ
633 2207 817 2282 νεκρὸν
886 2206 1212 2276 ἀναστήσας,
1272 2203 1449 2260 ἔπεισε
1497 2204 1699 2267 πάντας
1754 2203 1879 2267 τοὺς

208 2298 561 2372 στρατιώτας
614 2301 893 2352 πιστεῦσαι
947 2300 1026 2368 τῷ
1080 2299 1320 2371 Χριστῷ.
1382 2294 1591 2358 Οἲτινες
1646 2293 1879 2370 προστά-

208 2389 285 2459 ξει
338 2391 445 2442 τοῦ
492 2385 761 2461 τυράννου
822 2385 1356 2462 ἀπεκεφκλίσθησαψ
1409 2385 1498 2440 καὶ
1556 2385 1648 2441 σὺν
1698 2385 1882 2449 αὐτοῖς

210 2478 533 2553 ἠμακαρία
572 2477 783 2553 Χρυσῆ,
814 2477 903 2531 καὶ
964 2478 991 2533 ὁ
1043 2475 1244 2547 ταύτης
1297 2476 1566 2551 ὑπουργὸς
1623 2472 1877 2539 Σαϐῖνος.

212 2571 402 2626 Ταῦτα
469 2566 653 2639 μαθὼν
689 2567 718 2621 ὁ
774 2568 957 2630 πὰπας
1005 2567 1356 2638 Ἱππόλυτος,
1402 2570 1493 2623 καὶ
1545 2567 1700 2641 ζήλῳ
1755 2568 1881 2642 θείῳ

210 2659 492 2728 κινηθεὶς,
524 2656 658 2726 ἦλθε
705 2658 841 2711 κατά
885 2655 1203 2731 πρόσωπον,
1249 2658 1338 2712 καὶ
1392 2656 1585 2734 ἤλεγξε
1640 2659 1732 2713 τὸν
1786 2659 1878 2715 τύ-

215 2768 441 2821 ραννον.
488 2748 553 2804 Ὀ
611 2744 668 2801 δὲ
728 2747 1019 2821 ὑπερζέσας
1068 2750 1149 2817 τῷ
1201 2748 1399 2821 θυμῷ,
1458 2746 1720 2823 πρότερον
1782 2749 1878 2821 μὶν

212 2836 473 2912 ἰσχυρῶς
505 2835 666 2892 αὐτὸν
695 2833 1035 2908 ἐδασάοισεν,
1085 2836 1217 2910 μετᾶ
1269 2842 1379 2893 τῶν
1434 2837 1879 2894 ἀκολουθούντων

212 2927 368 2999 αὐτῷ
430 2921 837 3001 πρεσϐυτέρων,
887 2925 976 2982 καί
1034 2923 1319 2994 διακόνων,
1367 2928 1457 2982 καὶ
1504 2932 1600 2983 τοῦ
1658 2926 1875 2984 ἐπισκόο

211 3038 347 3074 που.
382 3018 614 3071 Ἔπειτα
644 3014 816 3088 δήσας
873 3016 1049 3072 αὐτῶν
1076 3018 1171 3079 τὰς
1224 3021 1414 3093 χεῖρας
1470 3016 1561 3073 καὶ
1611 3017 1738 3081 τοὺς
1770 3019 1873 3073 πό·

211 3121 311 3186 δας
345 3124 427 3185 εἰς
460 3122 651 3187 λίθους
685 3123 888 3198 βαρεῖς,
943 3128 1024 3197 τῷ
1080 3124 1229 3199 βυθῷ
1272 3130 1373 3195 τῆς
1421 3122 1698 3195 θαλάσσης
1730 3123 1876 3201 ἐνέῥ-

213 3216 364 3292 ῥιψε·
400 3215 492 3270 καὶ
525 3215 698 3278 οὕτως
747 3214 1165 3286 ἐτελειώθησαν,

787 3342 966 3401 ΜΗΝΙ
995 3347 1080 3398 ra
1122 3342 1315 3429 Aria.

1021 3441 1079 3497 Α.

212 3539 493 3629 Ἀρλησις
577 3543 675 3594 τοῖ’)
746 3539 902 3629 ᾁγίομ
999 3558 1269 3629 (estprope;

281 3611 595 3687 ἐπισκόπου
678 3610 804 3665 τοίί
870 3610 1226 3687 βαπτίσὰντὸς

283 3679 470 3753 ϐηλον
482 3726 495 3737 .

288 3802 358 3858 Ὀ
416 3802 569 3873 ἅγιος
626 3800 952 3875 ἱερομᾶρτυς
998 3802 1357 3874 Βαρσιμαῖος,
1418 3801 1494 3862 ὦς
1535 3800 1876 3880 προεγράφη,

215 3887 519 3949 ἐπίσκοπος
548 3890 614 3957 ἦν
644 3895 742 3957 τῆς
774 3888 825 3943 ἐν
876 3887 1099 3961 Ἐδέσσῃ
1148 3880 1462 3965 ἐκκλησίας,
1487 3887 1753 3944 διδάσκων
1785 3891 1875 3945 τὸν

214 3974 358 4031 λαὸν
388 3981 501 4031 τῶν
552 3974 860 4048 Ἑλλήνων,
910 3977 999 4031 καὶ
1049 3976 1383 4057 ἐπιστρέφων
1443 3978 1548 4032 ἀπὸ
1604 3986 1703 4047 τῆς
1734 3980 1875 4034 πλά-

208 4087 314 4135 νης
375 4071 487 4120 τῶν
544 4063 815 4135 εἰδώλων,
866 4067 954 4121 καὶ
1012 4066 1288 4140 βαπτίζων
1336 4067 1411 4124 εἷς
1459 4067 1523 4121 τὸ
1551 4067 1725 4141 ’ὀνομα
1780 4073 1877 4122 τοῦ

204 4155 453 4229 Πατρός,
523 4154 614 4208 καὶ
668 4158 765 4209 τοῦ
817 4155 968 4223 Υἱοῦ,
1028 4154 1118 4208 καὶ
1164 4159 1262 4210 τοῦ
1320 4156 1478 4231 ἁγίου
1536 4157 1873 4230 Πνεῦματος.

206 4245 495 4304 Βαπτίσας
528 4241 586 4298 δὲ
621 4241 895 4312 πολλοὺς,
928 4240 1034 4299 εἶδε
1092 4245 1178 4299 καὶ
1243 4241 1534 4319 Σάρϐηλον
1588 4245 1679 4299 τὸν
1730 4247 1875 4323 ἱερέα

206 4340 322 4390 τῶν
360 4330 611 4389 εἰδώλων
630 4332 823 4387 θύοντα
849 4338 966 4395 τοῖς
1008 4330 1285 4405 εἰδώλοις,
1343 4335 1434 4389 καὶ
1488 4332 1752 4406 ὠνείδισε,
1781 4337 1871 4390 καὶ

211 4423 522 4495 ἐπεπληξεν
555 4420 739 4491 αυτὸν,
780 4422 970 4493 ἑίπὼν,
1030 4421 1116 4477 ὅτι
1174 4422 1251 4477 Συ
1314 4424 1480 4496 μόνος
1534 4421 1874 4502 διαστρέφεις

1364 3541 1703 3615 Βαρσιμαίου
1786 3545 1882 3615 τοῦ

1325 3612 1453 3667 τὸν⁷
1500 3612 1649 3686 ἅγιον
1740 3612 1883 3686 Σάρ-

1989 1943 2223 2009 charus,
2270 1943 2567 1998 Christum
2627 1944 2806 1999 simul
2854 1944 3103 2007 colebat,
3158 1949 3217 1999 et
3270 1945 3637 2001 Christianos

1987 2031 2340 2087 vindicabat.
2364 2033 2553 2097 Quare
2584 2039 2913 2100 accusatus,
2950 2033 3009 2087 in
3039 2049 3335 2087 carcerem
3367 2031 3632 2088 detrudi-

1988 2127 2117 2177 tur:
2147 2122 2245 2176 ubi
2279 2123 2561 2195 prodigiis
2593 2129 2650 2177 et
2678 2123 2879 2192 signis,
2915 2122 3211 2194 praecipue
3244 2129 3437 2177 autem
3473 2140 3632 2177 mor-

1989 2219 2088 2268 tuo
2111 2213 2185 2269 ad
2216 2215 2391 2269 vitam
2426 2221 2714 2279 revocato,
2774 2214 2996 2269 milites
3054 2230 3261 2269 omnes
3310 2214 3384 2268 ad
3414 2214 3630 2269 Christi

1988 2302 2165 2358 fidem
2198 2303 2501 2375 pertraxit.
2526 2303 2627 2374 qui
2660 2303 2895 2375 tyranni
2934 2302 3109 2375 jussu
3167 2302 3442 2358 decollati
3477 2310 3635 2369 sunt,

1987 2390 2048 2446 in
2080 2390 2295 2461 quibus
2328 2390 2439 2445 fuit
2480 2389 2656 2445 beata
2686 2391 2925 2461 Chryse,
2962 2391 3208 2462 ejusque
3242 2406 3442 2445 servus
3469 2390 3635 2447 Sabi-

1987 2498 2119 2537 nus.
2155 2480 2219 2536 Id
2249 2481 2348 2537 ubi
2380 2480 2618 2537 rescivit
2659 2480 3010 2552 Hippolytus
3052 2497 3225 2553 papa,
3284 2480 3479 2536 divino
3510 2482 3632 2537 zelo

1986 2572 2267 2627 incensus
2290 2577 2609 2643 tyrannum
2632 2570 2797 2637 adiit,
2818 2577 2875 2626 et
2904 2571 3191 2627 acerrime
3214 2571 3632 2643 reprehendit:

1986 2661 2087 2729 qui
2118 2660 2209 2716 ira
2228 2660 2684 2725 excandescens,
2710 2660 2969 2731 primum
2994 2659 3233 2733 quidem
3252 2660 3635 2715 acerbissime

1985 2750 2367 2822 Hippolytum
2401 2749 2661 2823 torqueri
2686 2749 2888 2821 jussit,
2922 2750 3170 2821 ejusque
3202 2750 3452 2805 comites
3474 2767 3633 2821 prae-

1985 2839 2274 2911 sbyteros,
2315 2838 2624 2907 diaconos,
2679 2844 2736 2894 et
2784 2840 3165 2912 episcopum:
3229 2838 3445 2894 deinde
3502 2838 3636 2893 alli-

1984 2929 2133 3001 gatis
2190 2929 2264 2985 ad
2322 2945 2536 2985 manus
2594 2927 2892 3000 pedesque
2949 2928 3315 3000 gravissimis
3365 2928 3541 2995 saxis,
3574 2926 3635 2982 in

1983 3018 2342 3091 profundum
2368 3034 2529 3075 mare
2550 3017 2686 3073 illos
2715 3017 2966 3091 projecit
2991 3034 3003 3072 :
3027 3023 3204 3090 atque
3225 3018 3385 3074 hunc
3415 3018 3475 3072 in
3506 3033 3635 3072 mo-

1984 3107 2126 3164 dum
2152 3109 2328 3164 vitam
2362 3108 2668 3164 ﬁnierunt.

2556 3314 2799 3371 EODEM
2828 3311 3060 3371 MENSE

2592 3415 2695 3471 Die
2728 3414 3031 3470 tricesima

1982 3516 2133 3572 145
2188 3515 2470 3570 Certamen
2520 3515 2701 3569 sancti
2740 3514 3002 3583 martyris
3040 3508 3328 3566 Barsimzi
3370 3509 3629 3580 episcopi,

2237 3604 2338 3673 qui
2390 3610 2643 3659 sanctum
2698 3602 2986 3660 Sarbelum
3045 3598 3367 3672 baptizavit.

2055 3814 2475 3869 Sacrosanctus
2490 3817 2716 3885 martyr
2729 3812 3101 3875 Barsimmus,
3122 3816 3266 3866 utsu
3272 3826 3378 3883 pra
3407 3809 3631 3866 dictum

1983 3908 2091 3969 est,
2123 3901 2436 3958 Edessena)
2460 3902 2725 3957 ecclesia:
2750 3905 3063 3975 episcopus
3087 3907 3233 3963 erat,
3269 3901 3633 3957 Grmcorum-

1982 4010 2096 4065 que
2127 3999 2364 4066 gentem
2396 3991 2638 4059 docens,
2663 3992 2735 4048 ab
2755 3993 3053 4051 idolorum
3085 4007 3285 4048 errore
3316 4006 3634 4047 conversos

1978 4084 2315 4157 baptizabat
2362 4086 2425 4140 in
2455 4085 2699 4141 nomine
2732 4085 2943 4152 Patris,
3001 4078 3059 4138 et
3106 4082 3259 4149 Filii,
3293 4088 3351 4136 et
3380 4081 3633 4152 Spiritus

1980 4175 2189 4231 sancti.
2228 4176 2492 4245 Cumque
2521 4173 2740 4228 multos
2772 4173 3114 4245 baptizaret,
3146 4170 3292 4224 vidit
3322 4168 3627 4224 Sarbelum

1978 4264 2273 4319 idolorum
2311 4263 2680 4318 sacerdotem
2711 4261 2889 4316 idolis
2941 4260 3413 4315 sacriﬁcantem:
3449 4272 3625 4328 quem

1976 4353 2312 4424 increpans,
2373 4350 2725 4421 probrisque
2756 4353 2815 4402 et
2842 4346 3099 4403 convicis
3129 4346 3418 4411 afficiens,
3468 4343 3627 4414 quod

1974 4458 2131 4497 unus
2160 4441 2501 4495 universum
2532 4435 2819 4510 populum
2849 4440 3197 4507 perveteret,
3229 4434 3304 4489 ad
3331 4433 3623 4505 paeniten-

205 4517 344 4569 ελον
375 4515 470 4567 τὸν
503 4512 656 4571 λαὸν.
713 4511 1110 4586 Κατανυγέντος
1144 4509 1201 4567 δὲ
1233 4511 1461 4581 ἐκείνου,
1518 4517 1607 4568 καί
1670 4514 1867 4590 βαπτι-

1988 4531 2122 4585 tiam
2173 4534 2230 4583 et
2287 4509 2807 4598 compunctionem
2859 4523 3127 4589 adduxit,
3187 4529 3246 4579 et
3291 4521 3621 4596 baptizavit.

206 4605 434 4663 σθέντος
491 4602 638 4675 παρίι
691 4605 788 4654 τοῦ
841 4599 1145 4656 ἐπισκόπου
1177 4648 1192 4672 ,
1268 4601 1361 4656 καὶ
1424 4603 1868 4678 μαρτυρήσαντος

209 4693 349 4767 ὅπερ
405 4692 667 4763 Χριστοῦ,
728 4689 863 4761 μετὰ
925 4696 1026 4758 τῆς
1084 4687 1326 4768 ἀδελφῆς
1382 4691 1549 4746 αὐτοῦ
1607 4687 1866 4760 Βαϐαίας,

209 4780 488 4855 διεγνώση
543 4781 573 4835 6
627 4778 920 4844 ὶπίσκοπος
953 4822 968 4849 ,
1045 4779 1133 4834 καὶ
1191 4778 1430 4856 παρέστη
1486 4784 1566 4851 τῷ
1631 4780 1865 4855 ἡγεμόνι

208 4871 409 4942 Λυσίᾳο
476 4869 567 4923 καί
615 4868 813 4948 ἐτύφθη
864 4866 1135 4947 σφοδρῶς.
1186 4868 1318 4926 Εἶτα
1369 4870 1712 4941 παυσαμένου
1772 4891 1868 4942 μι-

196 4963 334 5035 κρὸν
390 4963 491 5014 τοῦ
536 4954 809 5032 διωγμοῦ,
840 4958 1033 5031 ἐξῆλθε
1061 4965 1161 5027 τῆς
1219 4957 1491 5036 φυλακῆς*
1559 4959 1648 5012 καὶ
1712 4957 1763 5013 ἐν
1793 4962 1861 5023 τῇ

198 5048 317 5121 ἰδίᾳ
346 5048 639 5122 γενόμενος
670 5047 933 5121 ἐκκλησίᾳ
990 5046 1079 5102 καὶ
1137 5052 1218 5119 τῷ
1274 5050 1392 5120 Θεῷ
1446 5048 1717 5116 συνηθεως
1776 5045 1865 5102 διὰ

194 5142 383 5208 πάσης
453 5138 647 5210 ἀρετῆς
709 5137 1114 5210 εὐαρεστησας,
1176 5136 1516 5208 ἐτελειώθη,
1570 5136 1862 5212 ἀπολαρὼν

198 5230 306 5297 τήν
336 5226 568 5282 αίώνιον
601 5212 773 5296 ζωήν..
1338 5218 1339 5221 Ἴ

792 5318 868 5389 Τῇ
898 5315 1037 5389 αὖτῇ
1067 5317 1251 5389 ἡμέρᾳ

414 5412 678 5483 Ἀθλησις
703 5418 801 5469 τοῦ
844 5414 999 5489 ἁγίου
1028 5415 1301 5494 Θεοφίλου
1351 5418 1449 5471 τοῦ
1479 5415 1644 5474 Νέου.

265 5533 441 5593 οὗτος
465 5532 712 5607 ὑπῆρχεν
767 5533 873 5589 ἀπὸ
930 5533 1584 5601 Κωνσταντινουπόλεως,
1643 5534 1731 5589 ἐπὶ
1760 5541 1861 5605 τῆς

205 5621 491 5698 βασιλείας
523 5622 926 5680 Κωνσταντίνου
979 5624 1069 5678 καὶ
1118 5625 1359 5699 Εἰρήνης
1415 5629 1526 5679 τῶν
1556 5621 1857 5700 ὃρθοδόξων

200 5709 516 5787 βασιλέων,
569 5710 643 5773 εἷς
685 5717 787 5780 τῆς
847 5710 1201 5789 συγκλήτου,
1258 5712 1556 5791 στρατηγὸς
1612 5709 1672 5769 δὶ
1717 5713 1854 5769 ἀπο-

1970 4620 2217 4681 Sarbelo
2249 4624 2449 4673 autem
2469 4632 2603 4671 cum
2625 4631 2824 4669 sorore
2847 4613 3057 4669 Babma
3079 4630 3184 4686 pro
3208 4612 3439 4670 Christo
3470 4628 3626 4667 mar-

1974 4711 2195 4784 tyrium
2246 4722 2441 4781 passo,
2502 4704 2733 4760 delatus
2791 4703 3126 4776 episcopus,
3160 4708 3219 4757 et
3270 4702 3343 4758 ad
3397 4702 3627 4775 Lysiam

1973 4798 2291 4873 praasidem
2313 4794 2622 4861 adductus,
2642 4794 3002 4867 gravissimas
3019 4792 3332 4864 vapulavit.
3364 4792 3477 4848 Sed
3504 4808 3626 4847 ces-

1972 4894 2141 4944 sante
2167 4882 2517 4956 aliquandiu
2546 4878 2979 4954 persecutione,
3016 4880 3299 4937 dimissus
3330 4898 3360 4937 e
3389 4897 3626 4937 carcere

1972 4983 2030 5032 et
2058 4976 2130 5032 ad
2164 4974 2416 5047 prOpriae
2449 4972 2710 5028 ecclesiae
2740 4972 3007 5045 regimen
3038 4970 3352 5035 incubens,
3384 4987 3520 5027 cum
3552 4971 3623 5027 de

1968 5083 2134 5123 more
2165 5081 2271 5138 per
2300 5079 2508 5119 omnes
2540 5062 2785 5116 virtutes
2813 5063 2927 5117 Deo
2968 5076 3030 5116 se
3060 5065 3291 5131 gratum
3324 5059 3623 5116 exhibuis-

1974 5161 2084 5223 set,
2116 5155 2395 5220 decessit,
2422 5153 2603 5209 vitam
2635 5151 2931 5223 recipiens
2961 5158 3268 5207 aaternam.

2613 5330 2834 5386 Eodem
2885 5330 2979 5386 die

2110 5433 2263 5487 140
2311 5430 2594 5486 Certamen
2643 5429 2824 5485 sancti
2875 5428 3164 5501 Theophili
3208 5430 3473 5485 Junioris.

2038 5550 2174 5613 Iste,
2209 5545 2593 5602 Constantino
2623 5551 2682 5601 et
2711 5545 2876 5601 lrene
2908 5545 3250 5601 orthodoxis
3298 5544 3620 5615 imperato-

1962 5637 2152 5700 ribus,
2180 5634 2759 5708 Constantinopolim
2817 5635 3070 5706 patriam
3127 5632 3356 5701 nactus,
3388 5632 3616 5687 ordinis

1965 5720 2384 5796 senatoriivir,
2417 5723 2490 5780 ab
2533 5723 2993 5797 imperatoribus
3038 5720 3173 5781 dux
3216 5722 3508 5779 exercitus
3539 5720 3613 5776 ad
