4074 6192
353 349 470 412 287

1673 347 2098 410 MENOLOGII
2145 349 2346 410 PARS
2396 350 2467 410 ll.

3642 352 3760 412 288

353 491 504 548 ﬁnes
533 489 1022 561 Cibyra-motarum
1054 486 1294 551 missus,
1317 484 1418 538 ubi
1449 485 1705 556 primum
1737 484 1986 540 Sarace-

2109 482 2325 546 σταλεῖς
2357 483 2461 537 ὑπὸ
2489 486 2596 537 τῶν
2634 481 2904 557 βασιλέων
2945 481 3019 544 είς
3086 483 3149 539 τὸ
3207 481 3347 555 θὲμα
3390 486 3497 539 τῶν
3549 480 3754 561 Κιϐυρ-

350 596 564 636 norum
597 577 892 634 classisin
951 580 1275 644 conspectu
1331 573 1462 640 fuit,
1520 573 1804 628 instruxit
1831 589 1893 628 se
1924 573 1998 628 ad

351 685 630 742 pugnam.
665 665 1131 720 Habebatautem
1152 667 1270 718 tres
1301 663 1450 717 alios
1471 663 1664 718 socios
1692 663 1997 734 copiarum

354 760 552 815 duces.
578 757 842 824 Cumque
869 754 991 823 ipse
1013 753 1240 824 primus
1269 770 1403 807 cum
1427 770 1534 808 suo
1567 753 1872 820 dromone,
1906 752 1992 808 fa~

351 851 444 901 cto
477 845 536 898 in
571 842 856 896 Barbaros
887 841 1134 912 impetu,
1169 841 1490 896 fortissime
1521 847 1858 914 pugnasset,
1883 831 1996 896 cas-

346 933 456 987 teri
490 931 670 985 duces
727 930 928 1002 gloria)
988 930 1116 999 ejus
1166 930 1518 991 invidentes.
1553 937 1788 1003 arrepta
1838 931 1993 1003 fuga,

346 1020 540 1076 solum
563 1035 699 1073 eum
721 1019 1108 1089 reliquerunt.
1131 1019 1604 1074 Circumventum
1631 1020 1829 1090 itaque
1854 1021 1994 1074 Bar-

345 1109 473 1164 bari
532 1109 795 1178 capiunt,
856 1107 1220 1178 domumque
1277 1109 1516 1168 reversi.
1579 1109 1640 1163 in
1695 1125 1994 1165 carcerem

349 1197 698 1253 includunt:
733 1197 889 1251 unde
923 1203 1132 1267 quarto
1165 1204 1301 1269 post
1348 1215 1504 1253 anno
1557 1197 1825 1266 eductus,
1859 1215 1994 1254 cum

349 1287 791 1353 sollicitaretur,
825 1291 890 1340 ut
918 1286 1252 1342 Christiana
1282 1287 1396 1341 ﬁde
1419 1287 1649 1357 ejurata
1679 1289 1997 1361 Hagareni-

347 1392 477 1433 cam
508 1376 993 1448 superstitionem
1052 1377 1400 1448 susciperet,
1459 1393 1568 1432 nec
1599 1377 1668 1432 ad
1703 1377 1763 1432 id
1793 1378 1993 1434 induci

346 1473 570 1539 posset,
593 1467 784 1542 capite
807 1466 1013 1540 plexus
1041 1466 1272 1522 vivendi
1305 1466 1486 1523 ﬁnem
1515 1467 1672 1523 fecit.

912 1664 1154 1722 EODEM
1185 1664 1438 1721 MENSE.

833 1771 938 1826 Die
981 1771 1284 1826 tricesima
1311 1771 1508 1843 prima

2110 569 2340 646 ραιότων
2386 614 2401 635 ,
2461 569 2661 625 στόλου
2743 576 3062 647 Σαρακηνοῢ
3143 574 3395 649 φανέντος
3431 616 3445 639 ,
3502 575 3764 646 παρέταξε

2107 659 2244 731 πρὸς
2300 659 2363 714 τὸ
2420 655 2762 732 πολεμῆσαι.
2823 663 3014 735 "Ewa
3071 657 3128 714 δὲ
3187 661 3635 734 συμπολεμιστᾶς
3665 663 3756 718 καὶ

2107 745 2313 809 ἄλλους
2369 753 2516 822 τρεῖς
2577 747 2930 823 στρατηγοὺς,
2989 749 3142 823 ὅμως
3200 755 3415 822 πρῶτος
3473 750 3759 824 ἐξώρμησε

2110 837 2244 911 μετὰ
2297 843 2395 894 τοῦ
2447 837 2594 894 ἱδίου
2647 837 2956 915 δρόμωνος·
3015 842 3103 895 καὶ
3164 838 3382 908 εἰσῆλθε
3437 850 3598 914 μέσον
3646 849 3754 899 τῶν

2109 924 2418 1004 βαρϐαρων,
2473 931 2562 984 καὶ
2616 927 3039 1005 ἡνδραγάθησεν,
3099 930 3326 993 Ἰδόντες
3377 929 3434 986 δὲ
3492 934 3543 987 οἱ
3571 931 3754 1005 ἕτεροι

2106 1019 2423 1093 στρατηγοὶ,
2459 1017 2778 1093 ἐτξϐόνησαψ
2834 1020 2922 1074 καί
2977 1019 3214 1094 ἐνεργῶς
3273 1022 3556 1095 φυγόντες,
3612 1023 3753 1100 ἀφῆ-

2103 1128 2200 1164 καν
2229 1107 2386 1164 αὐτὸν
2424 1111 2611 1183 μόνον.
2641 1111 2776 1164 Τότε
2825 1109 3297 1181 περικυλώσαντες
3353 1111 3405 1165 οἱ
3468 1106 3755 1186 βάρϐαροι,

2105 1197 2403 1272 ἐκράτησαν
2455 1200 2642 1255 αὐτὸν·
2693 1201 2781 1254 καὶ
2842 1201 3291 1274 ὑποστρέψαντες,
3349 1195 3546 1255 ἔϐαλον
3599 1201 3757 1257 αὐτὸν

2105 1287 2182 1350 εἰς
2215 1285 2488 1365 φυλακήν.
2528 1288 2624 1345 Καὶ
2665 1289 2801 1362 μετά
2855 1309 3087 1364 τεσσαρα
3143 1287 3234 1360 ἐτη
3297 1284 3625 1351 ἐκϐαλόντες
3657 1290 3757 1346 αὐ-

2101 1379 2227 1448 τὸν,
2285 1379 2692 1453 κατηνάγκασαν
2753 1379 3085 1454 ἀρνήτασθαι
3141 1379 3234 1434 τὸν
3298 1378 3755 1453 Χριστιανισμὸν,

2102 1466 2194 1521 καὶ
2255 1467 2590 1542 μαγαρίσαι.
2649 1468 2738 1530 Ὠς
2789 1465 2847 1523 δὲ
2905 1467 3007 1524 οὐκ
3054 1464 3294 1536 ἔπεισαν,
3357 1467 3756 1546 ἀπεκεφάλισαν

2104 1553 2289 1610 αὐτόν’
2321 1555 2414 1610 καὶ
2446 1554 2618 1618 οὕτως
2647 1554 2961 1628 ἐτελειώθη.

2645 1666 2827 1722 ΜΗΝΙ
2873 1669 2962 1722 ΤΩ
3014 1667 3223 1724 ΔΥΤΩ.

2874 1773 2978 1828 ΛΑ’

343 1879 494 1934 141
556 1878 844 1936 Certamen
908 1883 1221 1954 sanctorum
1264 1877 1797 1954 thaumaturgorum
1857 1879 1986 1948 Cyri

2107 1874 2365 1946 Ἀθλησις
2402 1881 2510 1933 τῶν
2569 1874 2735 1951 ἁγίων
2779 1877 2899 1954 καὶ.
2956 1881 3385 1954 θαυματουργῶν
3418 1877 3604 1952 Κύρου
3659 1869 3751 1932 καὶ

999 1954 1052 2004 et
1071 1950 1320 2005 Joannis.

415 2059 514 2113 Isti
532 2056 896 2112 Diocletiano
910 2057 1266 2129 imperatore
1284 2057 1644 2113 claruerunt.
1661 2059 1730 2112 Et
1746 2063 1987 2113 sanctus

337 2147 576 2220 quidem
609 2147 792 2219 Cyrus
824 2147 1015 2216 patria
1045 2147 1500 2208 Alexandrinus.
1532 2154 1592 2202 et
1618 2148 1984 2220 professione

336 2237 776 2294 medicus.cum
791 2236 920 2290 sine
949 2236 1073 2291 ulla
1103 2236 1375 2291 mercede
1407 2243 1591 2292 artem
1627 2253 1792 2291 suam
1817 2253 1985 2292 exer-

336 2331 518 2392 ceret,
554 2325 733 2381 simul
763 2325 978 2380 Christi
1013 2325 1190 2380 tldem
1222 2325 1490 2380 docebat.
1523 2327 1713 2390 Quare
1753 2325 1984 2382 delatus

337 2415 412 2471 ad
445 2414 610 2470 urbis
641 2417 1006 2485 puelectum,
1042 2414 1253 2469 timore
1283 2414 1613 2485 perculsus,
1645 2415 1984 2487 profugitin

337 2504 616 2560 Arabiam
652 2521 665 2567 ;
694 2509 753 2558 et
781 2504 1171 2559 monasticam
1205 2503 1381 2558 vitam
1411 2503 1739 2574 amplexus.
1774 2503 1834 2558 in
1859 2504 1986 2559 loco

341 2593 492 2648 mari
523 2593 788 2663 proximo
829 2592 1118 2647 consedit.
1181 2593 1430 2648 Sanctus
1482 2599 1680 2647 autem
1732 2594 1988 2648 Joannes

345 2679 753 2750 Hierosolyma
784 2681 1101 2750 profectus.
1137 2696 1270 2736 cum
1311 2680 1382 2735 de
1437 2680 1742 2735 miraculis
1799 2681 1984 2736 sancti

341 2769 473 2840 Cyri
505 2769 722 2824 certior
749 2769 940 2825 factus
968 2769 1196 2830 fuisset.
1217 2785 1352 2824 eum
1385 2768 1549 2830 adiit.
1575 2774 1634 2824 et
1653 2769 1782 2823 vitai
1816 2771 1988 2824 ratio-

341 2875 478 2914 nem
509 2875 644 2914 cum
668 2875 736 2914 eo
759 2859 978 2932 junxit.
1011 2861 1155 2914 Cum
1186 2875 1322 2914 vero
1353 2859 1690 2914 Christiana
1715 2859 1986 2930 quaedam

341 2948 670 3004 Athanasia
705 2949 968 3012 nomine,
1028 2949 1276 3020 ejusque
1312 2953 1428 3002 tres
1480 2948 1636 3012 tilias,
1669 2948 1986 3015 Theodota,

339 3039 694 3106 Theoctista,
729 3045 787 3094 et
824 3037 1109 3096 Eudoxia.
1167 3039 1610 3102 comprehensas
1641 3055 1676 3093 a
1711 3039 1988 3108 praefecto

343 3128 688 3199 torquenda;
721 3134 953 3194 essent;
985 3128 1156 3183 veriti
1189 3144 1263 3182 ne
1311 3127 1436 3194 illa,
1471 3134 1535 3182 ut
1563 3127 1806 3188 femina.
1837 3128 1989 3184 deﬁ-

2779 1947 3034 2008 Ἰωάννου
3063 1947 3077 2006 ξ

2170 2055 2334 2112 Οὗτοι
2395 2055 2648 2131 ὑπῆρχον
2706 2053 2793 2110 ἐπὶ
2852 2060 3248 2127 Διοκλητιανοῦ
3297 2060 3396 2111 τοῦ
3459 2054 3754 2132 βασιλέως

2100 2144 2189 2198 καὶ
2221 2145 2249 2198 ὁ
2283 2145 2378 2216 μὲν
2430 2146 2581 2219 ἅγιος
2642 2146 2817 2220 Κῦρος
2865 2144 2934 2214 ἦν
2999 2145 3106 2200 ἀπὸ
3161 2152 3260 2214 τῆς
3323 2142 3754 2219 Ἀλεξανδρείας,

2103 2232 2285 2302 ίατρὸς
2311 2234 2410 2300 τὴν
2449 2232 2674 2309 τέχνην.
2732 2235 3012 2306 Ἰατρεύων
3075 2231 3132 2289 δὲ
3171 2231 3400 2310 δωρεὰν,
3460 2233 3511 2288 ἐν
3569 2233 3750 2306 ταῦτῷ

2099 2321 2346 2378 ἐδίδασκε
2375 2324 2464 2378 καὶ
2498 2325 2592 2391 τήν
2652 2323 2727 2386 εἰς
2787 2324 3018 2398 Χριστὸν
3076 2323 3278 2380 πίστιν.
3341 2318 3664 2393 Διαϐληθεῖς
3697 2321 3754 2378 δὲ

2098 2417 2176 2484 τῷ
2229 2419 2328 2480 τῆς
2383 2409 2601 2474 πόλεως
2660 2409 2911 2488 ἄρχοντι,
2973 2413 3062 2468 καὶ
3121 2408 3384 2492 φοϐηθεὶς
3442 2413 3621 2490 φεύγει
3675 2411 3755 2474 είς

2115 2497 2393 2577 Ἀραϐίαν,
2451 2503 2539 2556 καί
2597 2501 2798 2577 γίνεται
2865 2501 3133 2577 μοναχός,
3193 2502 3296 2559 Καὶ
3357 2501 3527 2576 εὑρὼν
3580 2501 3746 2556 τόπον

2100 2588 2334 2660 πλησίον
2392 2591 2670 2659 θαλάσσης
2710 2635 2724 2658 ,
2776 2591 3088 2663 κατῴκησεν
3145 2591 3300 2646 ἐκεῖ.
3367 2591 3430 2648 Ὀ
3489 2586 3546 2644 δὲ
3598 2592 3751 2665 ἅγιος

2099 2679 2357 2746 Ἰωαννης
2384 2677 2635 2732 ἀπελθὼν
2682 2677 2758 2742 εἰς
2811 2680 2877 2732 τὰ
2934 2676 3313 2751 Ἰεροσόλυμα,
3372 2678 3460 2732 καὶ
3518 2678 3750 2733 ἀγούσας

2098 2767 2224 2840 περὶ
2277 2772 2722 2842 θαυματουργιῶν
2774 2771 2872 2822 τοῦ
2925 2767 3078 2842 ἁγίου
3139 2767 3343 2837 Κόρου,
3399 2765 3630 2834 ἀπῆλθε,
3663 2766 3752 2820 καὶ

2098 2857 2184 2928 ἧμ
2216 2857 2332 2928 μετ’
2361 2855 2544 2912 αὐτοῦ.
2597 2856 2969 2930 Κρατηθείσης
3023 2853 3081 2911 δὶ
3136 2856 3394 2932 γυναικός
3448 2877 3594 2918 τινος
3618 2862 3750 2931 Χρι-

2100 2951 2340 3013 στιανῆς,
2403 2944 2624 3017 ὀνόματι
2686 2945 3026 3012 Ἀθανασίας,
3085 2946 3219 3019 μετὰ
3271 2949 3378 3000 τῶν
3424 2949 3591 3017 τριῶν
3642 2944 3744 2999 αὖ·

2097 3040 2197 3102 τῆς
2229 3034 2557 3108 θυγατέρων,
2615 3031 2912 3102 Θεοδότης,
2960 3033 3308 3104 Θεοκτίστης,
3339 3033 3429 3088 καὶ
3462 3031 3744 3105 Εὐδοξίας,

2099 3125 2244 3196 παρὰ
2291 3127 2388 3177 τοῦ
2444 3122 2714 3196 ἄρχοντος
2749 3169 2762 3191 ,
2819 3123 2909 3178 καὶ
2976 3122 3290 3195 μελλουσης
3355 3122 3747 3198 βασανίζεσθαι,

343 3224 506 3274 ceret
534 3218 594 3272 in
627 3219 959 3282 tormentis,
993 3217 1296 3274 accedunt.
1331 3233 1580 3288 eamque
1611 3218 1989 3276 conﬁrmant.

2107 3207 2428 3286 φοϐηθέντες
2459 3213 2510 3267 οἱ
2541 3214 2708 3288 ἅγιοι,
2737 3213 2829 3267 ἳνα
2855 3215 2956 3285 μή.
2986 3214 3061 3276 ὡς
3086 3213 3246 3287 γυνὴ,
3280 3210 3528 3286 δελιάσῃ,
3561 3211 3712 3279 ἀπῆλ
3732 3244 3744 3253 -

343 3311 533 3376 Quare
566 3309 1005 3382 comprehensi,
1059 3314 1195 3382 post
1225 3307 1444 3364 multos
1472 3307 1770 3364 cruciatus
1799 3310 1990 3382 capite

338 3399 496 3471 plexi
530 3403 687 3454 sunt.

987 3577 1207 3636 Eodem
1255 3579 1353 3638 die

347 3683 500 3740 148
537 3683 822 3740 Certamen
848 3685 1030 3742 sancti
1052 3690 1318 3771 martyris
1355 3688 1648 3761 Victorini,
1681 3699 1736 3748 et
1763 3708 1861 3749 sex
1890 3709 1987 3750 so-

1051 3774 1261 3814 ciorum
1278 3800 1289 3811 .

415 3859 594 3914 Decio
624 3859 980 3930 imperatore
1011 3860 1253 3916 fuerunt
1281 3863 1378 3918 isti
1410 3880 1478 3920 ex
1503 3866 1649 3921 urbe
1677 3868 1991 3926 Corintho:

345 3947 761 4019 comprehensi
793 3955 1012 4012 autem,
1049 3955 1106 4003 et
1133 3951 1331 4005 Tersio
1365 3955 1703 4023 proconsuli
1768 3957 1991 4028 traditi,

343 4037 686 4113 gravissime
719 4037 854 4091 torti
886 4043 1043 4098 sunt.
1075 4039 1407 4096 Victorinus
1432 4042 1591 4097 enim
1624 4049 1790 4099 eruto
1821 4047 1993 4103 oculo

348 4131 576 4192 dextro,
594 4127 988 4197 manibusque
1011 4132 1068 4182 et
1084 4128 1333 4200 pedibus
1353 4129 1652 4200 abscissis,
1677 4133 1737 4188 in
1769 4135 1995 4208 ingenti

345 4218 630 4277 mortario
662 4232 993 4273 marmoreo
1019 4217 1320 4282 confusus,
1350 4219 1593 4278 decesit.
1632 4223 1826 4278 Victor
1845 4241 1990 4296 pras-

346 4310 470 4366 cisa
500 4307 702 4380 lingua
731 4306 936 4362 eadem
998 4306 1227 4361 ratione
1272 4308 1334 4362 in
1365 4311 1646 4367 mortario
1678 4315 1996 4371 contundi-

347 4397 836 4469 tur.Nicephorus
869 4395 1074 4452 tandiu
1123 4398 1435 4468 premitur,
1473 4398 1663 4456 donec
1694 4405 1932 4476 sanguis
1963 4423 1994 4462 θ

346 4488 593 4543 naribus
615 4492 988 4557 erumperet:
1014 4486 1228 4542 deinde
1251 4504 1356 4559 per
1376 4489 1624 4560 capillos
1647 4508 1994 4563 suspensus,

2096 3301 2210 3371 θον,
2271 3301 2359 3357 καὶ
2418 3301 2806 3373 ἐθαρσοποίουν
2867 3301 3057 3372 αὐτην.
3118 3303 3216 3356 Διὰ
3263 3307 3422 3355 τοῦτο
3455 3299 3747 3374 κρατηθὲν-

2095 3409 2202 3458 τες,
2237 3389 2370 3462 μετᾶ
2398 3387 2614 3454 πολλὰς
2647 3391 2914 3465 βασάνους
2971 3389 3061 3444 καὶ
3117 3410 3412 3463 τιμωριας,
3464 3387 3555 3444 καί
3584 3389 3743 3444 αὐτοὶ

2096 3477 2370 3554 ἆπεκεφαλ
2381 3478 2499 3549 ίσθη
2507 3499 2624 3534 σαν.

2691 3571 2771 3643 Τῇ
2801 3569 2941 3644 αὐτῇ
2972 3569 3156 3641 ἡμέρᾳ

2097 3671 2366 3743 Ἄθλησις
2413 3678 2510 3729 τοῦ
2569 3673 2722 3750 ἁγίου
2779 3673 3048 3750 μάρτυρος
3093 3673 3472 3750 Ὀύικτωρίνου
3517 3675 3608 3730 καὶ
3638 3678 3748 3731 τῶν

2632 3745 2724 3800 συν
2757 3744 2902 3818 αὐτῷ
2929 3744 2986 3816 ἓξ
3015 3744 3206 3821 ἁγίων.

2171 3851 2291 3906 Ἐπῖ
2327 3851 2514 3906 Δεκίου
2567 3855 2670 3907 τοῦ
2739 3850 3008 3928 βασιλέως
3062 3853 3314 3928 ὑπῆργον
3375 3851 3527 3906 οὗτοι
3557 3849 3618 3906 ἐκ
3642 3851 3740 3906 πό-

2099 3940 2239 4003 λεως
2312 3943 2598 4016 Κορίνθου.
2657 3943 3023 4015 Κρατηθέντες
3077 3941 3135 3996 δὶ
3187 3940 3560 4015 παρεδόθησαν
3611 3948 3742 4018 Τερ-

2095 4030 2196 4104 τίῳ
2220 4035 2297 4100 νῷ
2357 4031 2566 4105 ὑπάτῳ,
2629 4034 2718 4087 καὶ
2779 4027 3202 4102 ἐϐασανίσθησαν
3260 4033 3617 4108 ἱσχυρῶς.⁶0
3650 4033 3746 4103 μὲν

2097 4120 2203 4194 γὰρ
2261 4120 2629 4192 Οὖικτωρῖνος
2699 4123 2790 4177 τὸν
2880 4119 3048 4192 δεξιὸν
3107 4119 3393 4199 ὀφθαλμὸν
3451 4119 3750 4196 ἐξορυγείς,

2097 4208 2186 4263 καί
2222 4214 2411 4284 χεῖρας
2469 4211 2559 4264 καὶ
2617 4209 2785 4272 πόδας
2843 4211 3162 4274 ἀποκοπεὶς,
3213 4210 3303 4264 καὶ
3353 4209 3429 4273 είς
3460 4207 3619 4284 ξ’γδην
3649 4209 3749 4282 ἐμ-

2099 4291 2328 4368 ϐληθεὶς
2385 4296 2598 4366 λιθίνην
2660 4299 2927 4373 μεγάλην,
2986 4300 3072 4354 καὶ
3116 4294 3434 4371 συντριϐεὶς,
3468 4297 3751 4364 ἐτελεῦτη-

2101 4407 2210 4443 σεν.
2242 4386 2493 4463 Οὖῗκτωρ
2526 4384 2584 4443 δὲ
2636 4389 2736 4457 τὴν
2792 4387 3046 4463 γλῶσσαν
3109 4386 3424 4460 ἐκτμηθείς,
3453 4388 3564 4443 εἶτα
3594 4387 3645 4440 ἐν
3677 4390 3747 4459 τῇ

2099 4472 2225 4552 ἵγδῃ
2281 4475 2631 4538 συνθλασθείς
2671 4520 2684 4545 ,
2740 4476 3033 4547 ἐτελειώθη
3068 4521 3080 4534 .
3140 4476 3458 4547 Νικησόπος
3504 4475 3561 4531 δὲ
3602 4475 3746 4530 ἀπο-

345 4575 585 4630 tandem
621 4576 680 4628 in
714 4575 918 4630 eodem
953 4575 1235 4630 mortario
1259 4577 1613 4646 conciditur,
1643 4561 1836 4650 quo-ad
1867 4583 1991 4637 ani-

2107 4565 2367 4630 πιασοεῖς,
2417 4562 2522 4627 ἓως
2571 4565 2634 4621 οὗ
2686 4561 2840 4636 ἐξέϐη
2900 4567 3033 4638 αἷμα
3091 4566 3150 4621 ἐκ
3205 4573 3304 4636 τῆς
3361 4564 3507 4639 ῥινὸς
3562 4563 3751 4633 αὐτοῦ,

351 4679 510 4720 mam
545 4662 796 4719 efﬂaret.
857 4663 1218 4720 Claudianus
1267 4666 1558 4722 mutilatis
1618 4669 1894 4725 manibus
1926 4688 1994 4728 ac

352 4751 624 4825 pedibus,
657 4757 712 4805 et
745 4768 1088 4822 suspensus,
1123 4769 1192 4808 ex
1223 4754 1332 4810 hac
1362 4756 1478 4810 vita
1515 4755 1807 4814 discessit.
1856 4760 1990 4817 Dio-

351 4841 530 4896 dorus
561 4841 691 4907 igne
732 4847 1121 4912 consumptus
1151 4849 1258 4896 est.
1315 4845 1596 4915 Sarapion
1630 4847 1859 4904 inverso
1899 4867 1992 4906 ca-

349 4932 471 5003 pite
503 4947 830 5001 suspensus
861 4930 1208 4985 decollatur.
1253 4933 1463 5003 Papias
1517 4935 1775 5008 denique
1804 4940 1994 4994 mani-

351 5019 463 5076 bus
493 5019 864 5090 pedibusque
893 5019 1234 5090 amputatis,
1267 5036 1405 5076 saxo
1436 5021 1733 5094 alligatus,
1765 5026 1827 5082 in
1858 5044 1992 5098 pro-

353 5109 606 5165 fundum
637 5107 934 5179 dejicitur.

994 5284 1214 5341 Eodem
1263 5285 1360 5340 die

462 5395 614 5452 149
649 5395 938 5450 Certamen
993 5402 1204 5449 sanetae
1249 5396 1510 5464 martyris
1552 5396 1890 5467 Tryphmnae.

426 5504 754 5574 Tryphaena
777 5501 993 5556 Christi
1053 5504 1279 5570 martyr
1309 5515 1377 5556 ex
1421 5501 1567 5557 urbe
1623 5502 1822 5574 Cyzico
1866 5503 1998 5573 fuit,

357 5591 652 5651 Anastasii
685 5589 937 5662 patricii,
969 5587 1073 5644 sed
1119 5588 1380 5661 gentilis.
1412 5595 1472 5646 et
1525 5591 1802 5648 Socratiaa
1834 5594 2002 5651 Chri-

357 5685 564 5744 stianas
594 5681 739 5750 filia,
772 5679 1108 5736 Christiana
1138 5683 1196 5734 et
1225 5678 1374 5751 ipsa.
1407 5680 1552 5738 Cum
1585 5687 1783 5740 autem
1812 5683 1999 5742 festus

2100 4655 2191 4708 καὶ
2249 4653 2308 4709 ἐκ
2357 4659 2568 4731 τριχῶν
2637 4655 2960 4730 κρεμασοεῖς
2993 4697 3008 4725 _.
3062 4655 3152 4709 καὶ
3201 4654 3252 4708 ἐν
3437 4655 3575 4727 αὐτῇ
3633 4652 3754 4730 ἴγδῃ

2102 4737 2401 4814 ἐμϐληθεῖς
2438 4789 2452 4811 ,
2511 4746 2600 4799 καὶ
2657 4744 2951 4814 τυπτηθεὶς
2985 4787 3000 4812 ,
3057 4743 3339 4819 παρέδωκε
3396 4745 3457 4798 τὸ
3510 4749 3747 4816 πνεῦμα.

2102 4831 2164 4889 Ὀ
2197 4829 2252 4886 δὲ
2279 4830 2618 4894 Κλαυδιανὸς
2647 4833 2836 4895 κοπεὶς
2884 4838 3078 4908 χτῖρας
3131 4831 3222 4888 καὶ
3282 4829 3476 4901 πόῗας,
3510 4831 3597 4886 καὶ
3629 4853 3751 4905 κρε-

2109 4921 2352 4994 μασθεῖς,
2383 4922 2585 4990 ἀπέστη
2630 4926 2726 4977 τοῦ
2789 4923 2936 4996 βίου.
2988 4922 3048 4979 Ὀ
3081 4918 3138 4976 δὲ
3197 4919 3471 4996 Διόδωρος
3503 4921 3632 4996 πυρῖ
3662 4943 3755 4976 τε-

2107 5009 2390 5068 λειοῦται.
2457 5009 2747 5085 Σαραπίων
2803 5007 2861 5065 δὲ
2917 5010 3051 5064 κατᾶ
3109 5009 3349 5086 κεφαλῆς
3407 5011 3754 5084 κρεμασθείς,

2105 5097 2541 5174 ἀπεκεφαλίσθη.
2605 5099 2816 5160 Παπίας
2876 5096 2933 5153 δὲ
2994 5098 3127 5171 μετὰ
3185 5099 3245 5152 τὸ
3300 5107 3532 5168 κοπῆναι
3570 5105 3758 5175 χεῖρας

2105 5187 2196 5242 καὶ
2236 5185 2431 5258 πόδας,
2463 5185 2603 5260 λίθῳ
2633 5185 2973 5263 προσδεθεὶς,
3005 5186 3081 5248 εἰς
3116 5187 3276 5261 βυθὸν
3311 5186 3575 5263 ρίπτεται.

2671 5292 2747 5366 Τῇ
2806 5294 2944 5366 αὖτῇ
3005 5293 3190 5367 ἡμέρᾳ

2288 5397 2562 5467 Ἀθλησις
2591 5404 2690 5467 τῆς
2742 5398 2892 5474 ἁγίας
2945 5401 3220 5474 μάρτυρος
3266 5397 3585 5476 τρυφαίνης.

2181 5504 2466 5582 Τρύφαινα
2505 5507 2540 5575 ἡ
2601 5509 2696 5560 τοῦ
2753 5506 2988 5580 Χριστοῦ
3051 5505 3254 5578 μάρτυς
3312 5509 3533 5582 ὑπῆρχε
3593 5508 3686 5580 μὲν
3711 5508 3772 5565 ἐκ

2106 5596 2208 5658 τῆς
2257 5593 2475 5655 πόλεως
2535 5593 2788 5662 Κυζίκου.
2847 5598 2946 5650 Ἦν
2999 5590 3057 5648 δὶ
3114 5595 3354 5671 θυγάτηρ
3412 5596 3770 5652 Ἀναστασίου

2109 5681 2481 5760 συγκλητικοῦ
2530 5680 2765 5758 ἕλληνος
2799 5729 2815 5760 ,
2871 5683 2958 5740 καὶ
3027 5684 3342 5762 Σωκρατίας
3393 5685 3770 5762 Χριστιανῆς,
