4074 6192
319 388 438 448 289

1748 367 2273 435 FEBRUAHIUS.

3609 372 3724 432 290

321 516 624 593 Χριστιανὴ
679 513 735 569 δὶ
784 512 944 579 οὖσα,
1000 511 1194 587 δορτῆς
1253 506 1681 579 ἐπιτελουμένης
1726 508 1844 566 τοῖς
1900 503 1976 558 εί-

2111 504 2217 561 lies
2246 503 2424 560 idolis
2455 504 2880 570 celebraretur,
2918 501 3114 559 divino
3166 502 3288 559 zelo
3318 511 3634 565 commota,
3668 505 3729 558 in

320 608 551 675 δώλοις,
587 606 741 677 ζήλῳ
771 604 897 676 θείῳ
927 607 1230 669 κινηθεῖσα,
1264 600 1352 654 καὶ
1388 597 1464 659 εἷς
1503 596 1663 669 μέσον
1712 598 1810 648 τοῦ
1833 593 1971 648 λαοῦ

327 698 667 761 εἰσελθοῦσα,
726 695 792 748 τὰ
850 693 1053 766 αἰσχρὰ
1104 694 1212 744 τῶν
1268 686 1519 758 έλλήνων
1578 683 1848 748 διέπτυσε,
1883 683 1975 737 καὶ

328 789 455 849 τοὺς
551 786 853 862 βλέποντας
904 784 1039 837 αυτά
1093 775 1436 854 καθύϐρισεν·
1503 775 1749 832 ἐδίδασκέ
1803 795 1861 829 τε
1912 775 1981 829 τὰ

332 880 423 952 μέν
468 874 679 931 εἶ’δωλα
736 874 1094 947 ἀρνήσασθαι,
1150 870 1471 944 προσελθεῖν
1527 863 1585 921 δέ
1640 865 1859 940 Χριστῷ
1892 863 1981 917 καὶ

330 968 719 1042 βαπτισθῆναι.
771 963 867 1017 Διά
921 964 1086 1015 τοῦτο
1144 963 1214 1032 τῇ
1262 958 1548 1029 προσταξει
1578 959 1675 1009 τοὺ
1706 954 1980 1027 ἡγεμόνος

332 1041 658 1128 Καισαρείου
714 1056 1062 1124 κρατηθεῖσα,
1117 1042 1385 1116 ἐνεϐλήθη
1458 1043 1533 1106 εἷς
1582 1041 1836 1115 κάμινον.
1880 1041 1982 1096 Καὶ

330 1151 430 1211 τῆς
460 1145 698 1213 καμίνου
758 1140 1030 1215 ῥυσθεῖσα,
1089 1136 1393 1210 ἐκρεμάσθη
1453 1132 1542 1188 ἐπὶ
1590 1131 1776 1201 ξύλου,
1834 1148 1983 1182 κατω

330 1236 602 1305 κειμένων
637 1227 873 1304 σιδηρῶν
906 1226 1061 1296 ἥλων
1092 1227 1278 1296 ὀξέων.
1340 1221 1443 1279 Καί
1500 1218 1833 1276 ἀπολυθεῖσα
1886 1219 1983 1271 τοῦ

336 1321 527 1392 ξύλου,
588 1316 770 1375 ἔπεσεν
810 1317 1013 1372 ἐπάνω
1060 1320 1165 1370 τῶν
1223 1313 1398 1383 ἥλων,
1456 1312 1545 1367 καὶ
1585 1308 1835 1379 ὠδυνήθη
1898 1305 1983 1360 ὑπ’

333 1412 510 1466 αὐτῶν
535 1410 799 1484 ἰσχυρῶς.
867 1408 1000 1463 Εἶτα
1048 1401 1431 1467 ἀπολυθέντων
1465 1401 1546 1455 ἐπ’
1582 1397 1747 1465 αὐτὴν
1777 1398 1983 1467 θηρίων

334 1483 635 1576 διαιρόρωνέ
697 1497 764 1552 τὰ
825 1496 919 1569 μὶν
964 1492 1110 1549 ἄλλα
1167 1492 1229 1546 οὑ
1284 1492 1648 1565 προσέγγισαν
1696 1484 1850 1553 αὐτῆ
1911 1483 1988 1545 εἷς

335 1588 392 1644 δέ
420 1572 622 1661 ταῦρος
658 1584 905 1661 δραμὼν,
934 1583 1024 1639 καὶ
1058 1580 1435 1655 διακερατίσας
1488 1576 1678 1644 αὐτὴν,
1713 1572 1984 1647 διέσχισεν

338 1678 413 1740 εἷς
451 1660 635 1750 μέσον·
668 1660 756 1731 καὶ
790 1675 990 1738 εὐθέως
1048 1673 1225 1749 ἀφῆκε
1278 1670 1379 1738 τὴν
1431 1668 1639 1741 ψυχήν·
1692 1662 1783 1718 καὶ
1816 1660 1989 1722 οὕτως

339 1767 509 1847 ἐτάφη
547 1768 652 1823 ὑπὸ
680 1770 788 1822 τῶν
818 1768 1053 1820 πιστῶν.

541 1925 865 2021 MHNI
948 1909 1789 2018 ΦΕΒΡΟΥΑΡΙΩ.

948 2087 1036 2143 Ἐν
1077 2088 1147 2159 τῇ
1190 2083 1384 2157 πρώτῃ

514 2228 789 2300 ’Ἀθλησις
836 2231 935 2283 τοῦ
967 2228 1127 2304 ἁγίου
1160 2227 1436 2300 μάρτυρος
1500 2218 1809 2296 Τρύφωνος.

409 2371 638 2450 Τρύφων
672 2372 701 2427 ὁ
760 2372 964 2445 μάρτυς
1021 2370 1269 2443 ὑπῆρχεν
1320 2365 1426 2420 ἀπὸ
1480 2369 1579 2433 τῆς
1619 2359 1813 2450 χώρας
1844 2362 1991 2431 Φρυ-

338 2442 464 2534 The
497 2442 585 2515 ἐπὶ
616 2464 716 2524 τῆς
753 2442 1036 2535 βασιλείας
1088 2442 1409 2531 Γορδιανοῦ.
1442 2451 1646 2525 Μικρὸς
1688 2448 1745 2503 δὲ
1776 2442 1848 2500 ὤν
1889 2446 1989 2513 τήν

340 2550 589 2619 ἡλικίαν,
636 2545 827 2604 ἔϐοσκε
874 2555 1072 2622 χῆνας·
1132 2544 1258 2601 ἀλλ’
1319 2545 1470 2617 ὅμως
1525 2552 1613 2594 καί
1673 2538 1765 2598 τάς
1816 2542 1991 2610 χῆνας

349 2641 588 2715 βόσκων,
618 2639 814 2713 ἀρετῆς
848 2635 1191 2708 ἐπεμελεῖτο’
1250 2634 1339 2688 καὶ
1390 2630 1478 2686 διὰ
1520 2636 1618 2699 τῆς
1677 2631 1782 2680 τῶν
1841 2625 1992 2678 ἐντο-

347 2712 461 2783 λῶν
520 2712 791 2800 ἐργασίας,
858 2724 1108 2799 μεγάλως
1167 2722 1454 2799 ἐθεράπευε
1533 2718 1625 2773 τὸν
1681 2715 1833 2770 Θεὸν.
1898 2712 1997 2766 Διά

346 2821 512 2872 τοῦτο
552 2814 764 2886 ἐδέξατο
814 2817 1132 2891 χαρίσματα
1210 2812 1476 2886 ἰαμάτων·
1563 2805 1652 2861 καὶ
1710 2804 1996 2875 ἐθεράπευε

346 2911 521 2960 πᾶσαν
581 2907 765 2971 νόσον,
817 2904 906 2959 καὶ
968 2907 1139 2958 πᾶσαν
1200 2899 1494 2975 μαλακίαν·
1549 2895 1734 2949 ῗάσατο
1796 2890 1853 2947 δέ
1904 2890 1995 2945 καὶ

347 2997 449 3063 τὴν
510 2997 773 3070 θυγατέρα
822 2997 923 3048 τοῦ
976 2991 1243 3069 βασιλέως
1305 2987 1540 3062 δαίμονα
1595 2981 1851 3059 ἔχουσαν*
1905 2980 1994 3034 καὶ

356 3069 603 3153 ὑπέδειξε
658 3088 775 3144 τοῖς
823 3085 1056 3155 παροῦσι
1110 3081 1202 3135 τὸν
1256 3077 1484 3150 δαίμονα
1526 3075 1742 3151 μορφήν
1799 3069 1996 3125 ἔχοντα

352 3172 572 3246 μαὺρου
644 3172 829 3241 κυνὸς,
917 3170 1009 3226 καὶ
1086 3165 1591 3243 ἐξομολογούμενον
1664 3162 1761 3223 τάς
1826 3158 1994 3219 κακὰς

2019 1878 2068 1943 Β

2082 596 2346 650 medium
2376 595 2660 666 pupulum
2680 595 3014 665 prosiliens,
3042 593 3728 665 exsecrandagentilium

2082 702 2249 740 sacra
2280 686 2999 755 consputavit.eorumque
3031 690 3392 752 spectatores
3424 691 3731 738 contume-

2085 774 2181 829 liis
2212 773 2426 830 alTecit.
2452 774 2695 839 docens,
2738 774 2912 827 idolis
2937 774 3180 842 ejuratis
3211 774 3283 826 ad
3316 773 3526 827 Christi
3550 773 3725 826 fidem

2086 864 2515 917 transeundum
2551 880 2679 917 esse
2746 870 2803 916 et
2850 863 3292 934 suscipiendum
3342 864 3725 933 baptismum.

2086 952 2275 1016 Quare
2306 952 2543 1005 Cmsarii
2569 951 2826 1023 praefecti
2851 952 3028 1020 jussu
3060 954 3509 1023 comprehensa.
3542 952 3602 1005 in
3633 968 3727 1005 ca-

2088 1041 2316 1094 minum
2352 1040 2637 1110 injicitur.
2673 1040 2781 1093 Sed
2816 1041 2953 1094 inde
2986 1040 3615 1111 erepta,inequuleum
3641 1056 3730 1092 ra-

2089 1128 2486 1199 pitur,deﬁxis
2517 1128 2680 1182 liumi
2707 1129 3068 1183 acutissimis
3090 1131 3267 1183 clavis
3294 1130 3501 1185 ferreis
3525 1148 3539 1194 ;
3563 1129 3731 1183 solu-

2091 1224 2266 1287 taque
2300 1224 2837 1288 repente,etsuper
2868 1220 3060 1273 clavos
3094 1218 3356 1290 delapsa.
3389 1219 3733 1290 gravissimo

2091 1305 2294 1361 dolore
2325 1307 2599 1367 afficitur.
2631 1306 2851 1360 Deinde
2884 1308 3164 1362 immissa:
3196 1309 3258 1362 in
3290 1325 3419 1362 eam
3445 1311 3615 1362 variae
3640 1308 3737 1361 be-

2093 1398 2254 1463 stiae;
2290 1413 2539 1467 quarum
2574 1397 2708 1452 aliis
2739 1397 2982 1468 propius
3013 1398 3292 1453 accedere
3324 1416 3443 1453 non
3466 1400 3736 1453 audenti-

2092 1486 2224 1551 bus,
2260 1492 2462 1541 taurus
2511 1486 2735 1541 adactis
2784 1486 2845 1540 in
2895 1488 3219 1557 praecordia
3252 1490 3402 1544 I50
3434 1490 3737 1555 cornibus,

2094 1574 2353 1629 mediam
2377 1575 2587 1630 scidit:
2624 1581 2683 1630 et
2712 1575 2911 1630 statim
2961 1576 3234 1646 spiritum
3266 1576 3541 1631 tradidit:
3569 1578 3743 1649 cujus

2094 1680 2309 1735 corpus
2334 1681 2368 1720 a
2400 1664 2678 1720 fidelibus
2709 1665 3007 1736 sepultum
3038 1664 3171 1719 fuit.

2317 1910 2584 2003 MEN
2594 1908 2741 2003 SE
2786 1907 3527 2002 FEBRUARIO.

2760 2072 2862 2127 Die
2896 2073 3091 2144 prima

2246 2201 2391 2257 15]
2432 2202 2715 2255 Certamen
2757 2200 2935 2255 sancti
2965 2201 3225 2270 martyris
3276 2198 3601 2271 Tryphonis.

2173 2352 2448 2424 Tryphon
2482 2358 2704 2421 martyr
2744 2351 2806 2404 in
2839 2350 3112 2423 Phrygia.
3147 2350 3443 2407 Gordiano
3476 2352 3742 2422 impera-

2106 2440 2655 2508 tore,natus,adhuc
2687 2457 2833 2511 puer
2853 2457 3095 2496 anseres
3128 2440 3551 2512 pascebat;sed
3570 2440 3748 2495 simul

2105 2532 2424 2587 virtutibus
2454 2529 2868 2601 comparandis
2888 2547 3126 2601 operam
3145 2530 3322 2585 dabat
3350 2531 3571 2600 Deique
3588 2545 3746 2584 man-

2106 2621 2243 2676 data
2263 2621 2579 2693 diligenter
2602 2618 3061 2688 exsequebatur:
3082 2618 3240 2673 unde
3255 2620 3478 2673 curatio
3494 2636 3637 2673 num
3656 2618 3754 2673 do-

2106 2728 2250 2766 num
2275 2709 2521 2781 accepit,
2554 2714 2617 2762 ut
2649 2708 2883 2762 nullum
2916 2714 3074 2764 esset
3107 2709 3295 2763 morbi
3347 2725 3553 2779 genus,
3592 2708 3749 2779 quod

2106 2816 2228 2853 non
2261 2803 2510 2854 curaret.
2534 2797 2769 2852 Sanavit
2802 2804 2999 2853 autem
3046 2804 3104 2852 et
3160 2799 3536 2870 imperatoris
3570 2800 3752 2853 tiliam

2107 2905 2141 2943 a
2170 2888 2437 2943 daemone
2468 2886 3164 2959 oppressam,ipsumque
3189 2887 3520 2943 daemonem
3543 2888 3602 2942 in
3627 2904 3755 2960 spe-

2107 2978 2196 3033 cie
2218 2977 2521 3049 nigerrimi
2554 2977 2719 3031 canis
2778 2983 3083 3031 ostensum
3136 2979 3441 3049 compulit,
3497 2984 3562 3033 ut
3617 2994 3752 3033 suas

2107 3066 2435 3138 praestigias
2458 3070 2516 3120 et
2536 3065 2705 3120 dolos
2727 3066 3086 3136 patefaceret
3112 3082 3124 3120 :
3161 3083 3291 3137 qum
3322 3084 3417 3122 res
3447 3064 3753 3122 multosad

2107 3154 2322 3210 Christi
2357 3154 2533 3209 ﬁdem
2570 3154 2847 3209 traduxit.
2877 3156 3018 3209 Post
3046 3154 3172 3209 haec
3204 3155 3378 3210 Decio
3402 3156 3759 3225 imperante,

343 3262 567 3335 πράξεις
622 3260 808 3315 αὗτοῦ·
871 3261 959 3315 ὅτε
1013 3257 1105 3314 καὶ
1180 3255 1429 3320 πολλοὺς
1474 3250 1653 3309 ἔπεισε
1708 3250 1987 3304 πιστεῦσαι

2111 3251 2309 3316 captus
2323 3244 2393 3298 ab
2408 3244 2688 3315 Aquilino
2708 3242 3269 3314 praefecto,Nica3am
3289 3244 3519 3297 vinctus
3538 3243 3756 3313 perdu-

343 3354 425 3421 τῷ
454 3351 695 3423 Χριστῴ’
750 3348 839 3404 ἐπὶ
898 3346 956 3403 δὶ
1012 3355 1113 3418 τῆς
1177 3345 1453 3423 βασιλείας
1503 3341 1693 3398 Δεκίου
1726 3338 1995 3413 ἐκρατήθη

346 3440 499 3513 παρὰ
528 3437 819 3496 Ἀκυλίνου
850 3442 947 3493 τοῦ
978 3436 1247 3512 ἐπάρχου,
1308 3434 1398 3490 καὶ
1431 3434 1581 3508 ἢχθη
1646 3428 1869 3502 δέσμιος
1926 3424 2001 3490 εἷς

346 3530 599 3584 Νίκαιαν.
636 3529 737 3583 Καὶ
763 3531 983 3601 πρῶτον
1036 3527 1131 3600 μὶν
1191 3521 1509 3597 προσδεθεὶς
1542 3520 1738 3581 ’ἰπποις
1791 3515 1999 3590 ἀγρίοις

344 3620 560 3693 σύρεται
645 3617 780 3671 κατᾶ
868 3612 1147 3670 δυσϐάτων
1231 3615 1439 3683 τόπων,
1521 3610 1637 3683 ὥρᾳ
1692 3609 1993 3680 χειμῶνος.

2101 3334 2292 3390 citur:
2316 3332 2413 3388 ubi
2448 3332 2522 3388 ad
2554 3348 2738 3403 equos
2770 3331 3092 3386 indomitos
3123 3332 3425 3403 alligatus,
3458 3348 3566 3402 per
3600 3332 3749 3387 152

2099 3417 2257 3478 invia
2288 3422 2537 3476 hiberno
2594 3426 2863 3490 tempore
2920 3425 3235 3491 raptatur:
3300 3419 3519 3474 deinde
3553 3418 3751 3473 nudus

2101 3526 2279 3581 super
2329 3516 2531 3565 acutos
2587 3508 2781 3564 clavos
2828 3509 3172 3564 volutatur:
3225 3508 3469 3563 demum
3512 3506 3751 3562 facibus

2108 3599 2265 3654 circa
2296 3597 2480 3652 latera
2508 3597 2825 3665 ustulatus,
2868 3598 3060 3669 capite
3092 3597 3393 3669 plectitur.

344 3681 575 3762 Ἔπειτα
606 3707 816 3779 γυμνὸς
848 3704 1033 3760 ἐπάνω
1064 3702 1305 3779 σιδηρῶν
1341 3681 1494 3772 ἥλων
1521 3681 1749 3756 τίθεται.
1780 3699 1919 3755 Εἶτα
1950 3692 2040 3748 διὰ
2067 3681 2376 3760 λαμπάδων
2406 3683 2577 3756 πυρὸς
2605 3685 2891 3745 κατακαεῖς
2940 3685 3035 3746 τὰς
3087 3684 3348 3759 πλευρὰς,
3377 3686 3477 3755 τήν
3509 3681 3761 3758 κεφαλὴν

347 3798 667 3869 ἀπετμήθη.

926 3868 1012 3938 Τῇ
1064 3866 1201 3933 αὐτῆ
1251 3860 1434 3939 ἡμέρᾳ

351 3978 560 4048 Μνήμη
594 3978 693 4029 τοῦ
725 3973 877 4028 ὁσίου
914 3973 1122 4048 Πατρός
1162 3974 1322 4048 ἡμῶν
1357 3966 1717 4048 Βενδιμιανοῦ
1754 3967 2003 4041 μαθητοῦ

862 4048 962 4099 τοῦ
997 4046 1149 4120 ἁγίου
1181 4043 1491 4117 Αυξεντίου.

425 4173 486 4230 Ὀ
568 4170 720 4232 ὅσιος
797 4171 890 4225 καὶ
954 4172 1118 4247 μέγας
1184 4170 1370 4243 Πατὴρ
1429 4170 1589 4240 ἡμῶν
1650 4162 2005 4236 Βενδιμιανὸς

354 4257 562 4333 ἐγένετο
600 4261 851 4331 μαθητὴς
905 4264 1003 4314 τοῦ
1064 4258 1214 4313 ὁσίου
1253 4258 1460 4332 Πατρὸς
1502 4258 1663 4327 ἡμῶν
1696 4252 2005 4324 Αὐξεντίου,

355 4353 451 4404 τοῦ
482 4348 534 4403 έν
587 4353 670 4420 τῷ
730 4344 843 4419 ὄρει
897 4348 1300 4423 ἡσυχάσαντος,
1358 4350 1455 4401 τοῦ
1506 4342 1849 4415 διακειμένου
1911 4341 2006 4413 μέν

356 4441 592 4510 πλησίον
630 4438 1005 4509 Χαλκηδόνος,
1039 4439 1452 4511 ὀνομαζομένου
1513 4434 1569 4491 δέ
1625 4441 1725 4505 τῆς
1782 4432 2007 4503 ὐξείας,

362 4528 660 4591 δουλεύσας
719 4530 866 4601 αὐτῷ
922 4527 1110 4584 πολλὰ
1162 4530 1247 4584 καὶ
1313 4525 1623 4601 ὑποταγεὶς,
1681 4525 1756 4586 ὡς
1813 4524 2006 4596 πρέπει

360 4620 559 4696 ἁγίοις,
592 4620 683 4672 καὶ
730 4618 1162 4693 κληρονομήσας
1220 4618 1317 4687 τήν
1370 4616 1519 4691 ἁγίαν
1572 4614 1742 4690 εὐχὴν
1774 4613 2009 4669 ἐκείνου.

357 4706 557 4764 Πολλὰ
636 4705 693 4762 δὲ
742 4708 1143 4784 ἀγωνιζόμενος
1198 4706 1273 4769 εἷς
1335 4707 1553 4782 ἁρετήν,
1633 4703 1732 4760 οὐκ
1770 4702 2009 4780 ἠρκέσθη
2044 4698 2089 4762 D

360 4797 603 4866 τούτοις,
638 4795 782 4852 ἀλλὰ
818 4800 952 4871 μετὰ
1004 4800 1105 4866 τήν
1152 4799 1416 4869 κοίμησιν
1474 4792 1571 4849 τοῖ’)
1631 4793 1804 4868 ἁγίου,
1840 4791 2011 4866 εὑρὼν

368 4884 664 4963 διακουφον
704 4888 927 4961 πέτραν,
959 4886 1195 4956 πλησίον
1225 4894 1324 4955 τῆς
1386 4883 1622 4959 μάνδρας
1682 4887 1779 4937 τοῦ
1837 4882 2013 4957 ἁγίου,

365 4976 455 5030 καὶ
488 4975 765 5037 ἐπικτίσας
827 4973 886 5030 ἐκ
940 4980 1049 5030 τῶν
1110 4973 1203 5030 δύο
1261 4980 1438 5049 μερῶν
1487 4982 1586 5043 τῆς
1647 4974 1868 5047 πέτρας,
1925 4971 2015 5024 καὶ

365 5068 604 5135 ποιήσας
637 5065 829 5140 μικρὸν
852 5064 1099 5133 κελλίον,
1151 5064 1463 5119 ἀπέκλεισεν
1496 5064 1681 5118 ἑαυτὸν
1738 5060 1867 5123 ἐκεῖ,
1925 5060 2015 5114 καὶ

367 5154 624 5223 ἐποίησεν
682 5155 1091 5229 ἀγωνιζόμενος
1150 5150 1242 5223 ἔτη
1302 5149 1821 5227 τεσσαρακονταδύο.
1875 5146 2020 5204 Ἐδέ-

365 5244 491 5315 ξατο
526 5243 583 5298 δέ
614 5244 706 5297 καὶ
739 5244 1056 5319 χαρίσματα
1084 5242 1350 5315 ἰαμάτων,
1383 5242 1472 5297 καὶ
1529 5241 1646 5296 ἰᾶτο
1676 5239 1804 5301 τοὺς
1852 5259 2015 5314 προσ·

361 5333 708 5408 ἐρχομένους
758 5333 912 5404 αὑτῷ
960 5331 1329 5399 ἀσθενοῦντας,
1389 5332 1478 5385 καὶ
1520 5330 1655 5385 κατὰ
1686 5328 1895 5403 ψυχὴν,
1927 5327 2014 5382 καὶ

364 5423 500 5477 κατά
529 5427 714 5493 σῶμα.
746 5423 1031 5495 ’Υπέμεινε
1054 5420 1111 5476 δὲ
1164 5422 1253 5476 καὶ
1299 5420 1546 5483 πολλοὺς
1576 5416 1911 5493 πειρασμοὺς
1960 5416 2020 5471 ἐκ

362 5518 471 5568 τῶν
499 5513 779 5585 δαιμόνων
826 5513 1104 5588 προγνοὺς
1136 5510 1193 5567 δὲ
1221 5512 1313 5567 τὸν
1347 5510 1511 5565 αὑτοῦ
1541 5512 1786 5578 Θάνατον,
1816 5505 2015 5581 διηγή-

369 5623 500 5657 σατο
527 5603 619 5657 τὸν
656 5602 779 5677 βίον
806 5608 904 5657 τοῦ
934 5603 1091 5678 ἁγίου
1123 5602 1409 5673 Αὑξεντίου
1437 5606 1518 5673 τῷ
1579 5598 1840 5671 μέλλοντι
1873 5597 2020 5670 αὑτῷ

366 5694 779 5769 συγγράψαι-ου
828 5699 1151 5771 συγγραφεῖ·
1187 5694 1276 5748 καῖ
1338 5691 1482 5746 οὕτω
1513 5690 1702 5753 κλίνας
1730 5692 1793 5744 τὶ
1824 5690 2020 5766 γόνατα

367 5781 654 5857 παρέδωκε
681 5784 745 5837 τὸ
776 5787 989 5856 πνεῦμα

2757 3847 2978 3903 Eodem
3024 3847 3118 3903 die

2187 3947 2342 4004 158
2375 3945 2823 4002 Commemoratio
2851 3948 3032 4001 sancti
3064 3950 3248 4003 Patris
3276 3950 3457 4004 nostri
3485 3949 3691 4005 Bendi-

2400 4019 2594 4086 miani,
2656 4020 2915 4089 discipuli
2968 4022 3145 4075 sancti
3182 4020 3476 4075 Auxentii.

2186 4199 2435 4254 Sanctus
2468 4203 2525 4254 et
2554 4214 2802 4271 magnus
2861 4199 3034 4254 Pater
3085 4205 3290 4254 noster
3339 4200 3760 4255 Bendimianus

2120 4289 2308 4343 sancti
2342 4288 2532 4343 Patris
2556 4288 2743 4341 nostri
2777 4288 3072 4353 Auxentii,
3107 4288 3207 4358 qui
3242 4289 3303 4341 in
3364 4296 3565 4343 monte
3592 4287 3764 4342 Chal-

2120 4378 2331 4433 cedoni
2366 4376 2656 4448 proximo,
2691 4376 2833 4430 Oxia
2861 4376 3178 4446 appellato,
3228 4377 3553 4430 solitariam
3587 4376 3763 4429 vitam

2121 4467 2349 4539 agebat,
2366 4464 2996 4535 discipulus,sedulum
3013 4466 3292 4537 magistro
3318 4482 3378 4520 se
3402 4466 3763 4529 ministrum,

2120 4564 2185 4609 ut
2210 4562 2446 4610 sanctos
2478 4552 2665 4621 decet,
2698 4569 2933 4623 semper
2964 4554 3266 4619 exhibuit;
3328 4556 3574 4626 ejusque
3627 4570 3769 4609 san-

2120 4648 2345 4697 ctarum
2380 4656 2624 4712 precum
2658 4640 2847 4695 haeres
2872 4640 3391 4714 factus.egregiam
3419 4658 3770 4711 comparan-

2125 4734 2214 4788 dis
2247 4732 2562 4787 virtutibus
2594 4748 2833 4803 operam
2861 4733 3096 4788 navavit
3129 4750 3141 4787 :
3177 4750 3369 4804 neque
3398 4733 3489 4788 his
3525 4740 3769 4789 conten-

2126 4828 2239 4881 tus.
2267 4828 2400 4892 ρςιεῐ
2430 4821 2619 4875 sancti
2654 4820 2903 4886 obitum,
2940 4822 3097 4893 apud
3157 4823 3466 4878 mandram
3500 4824 3769 4893 ejusdem

2126 4910 2281 4964 inter
2310 4910 2600 4964 montium
2624 4911 2925 4982 angustias
2946 4919 3171 4983 petram
3195 4918 3500 4968 nactusex
3521 4920 3773 4984 utroque

2128 4998 2394 5071 ejusdem
2433 4998 2613 5052 latere
2672 5000 2940 5070 exiguam
2998 5001 3278 5056 cellulam
3329 5002 3769 5073 superstruxit;

2126 5097 2303 5161 atque
2334 5090 2395 5143 in
2428 5104 2496 5141 ea
2517 5088 2773 5158 seipsum
2804 5090 3139 5158 includens,
3173 5108 3279 5163 per
3306 5110 3493 5148 annos
3518 5092 3775 5163 quadra-

2128 5180 2290 5251 ginta
2312 5178 2458 5231 duos
2480 5175 2739 5231 certavit.
2774 5180 3017 5249 Accepit
3073 5186 3270 5235 autem
3304 5188 3361 5235 et
3400 5183 3774 5236 curationum

2130 5267 2373 5327 donum.
2408 5270 2465 5319 et
2495 5263 2903 5320 accedentium
2927 5267 3001 5322 ad
3052 5285 3114 5323 se
3160 5275 3281 5324 tam
3331 5270 3538 5336 animi,
3596 5287 3776 5341 quam

2129 5355 2393 5426 corporis
2425 5352 2665 5407 morbos
2697 5355 2962 5411 sanabat.
2999 5357 3210 5413 Multas
3269 5366 3555 5429 praeterea
3596 5376 3627 5413 a
3661 5360 3782 5413 daa-

2134 5443 2415 5500 mouibus
2444 5443 2807 5502 tentationes
2834 5446 3100 5518 pertulit.
3135 5449 3401 5519 Cumque
3430 5449 3634 5503 mortis
3659 5463 3780 5501 suae

2129 5534 2715 5605 prmscius,scriptori
2749 5537 3005 5603 cuidam,
3030 5556 3208 5609 quam
3232 5539 3447 5593 litteris
3475 5551 3779 5593 commen-

2130 5623 2317 5689 daret,
2346 5623 2535 5677 sancti
2572 5626 2844 5679 Auxentii
2876 5627 3050 5682 vitam
3088 5634 3445 5691 enarrasset,
3479 5622 3778 5679 inclinatis

2130 5712 2377 5785 genibus
2414 5712 2657 5768 tradidit
2696 5715 2991 5785 spiritum.
