4074 6192
329 377 439 439 291

892 511 1133 572 EODEM
1173 513 1426 569 MENSI.

945 614 1049 668 Die
1080 611 1343 668 secunda

327 714 482 772 154
509 714 768 770 Occursus
799 713 1022 766 Domini
1062 715 1237 766 nostri
1262 713 1392 768 Iesu
1431 711 1659 772 Christi.
1692 727 1814 767 cum
1853 728 1974 768 eum

609 783 825 839 Simeon
841 798 1005 838 senem
1026 785 1084 838 in
1113 785 1274 839 ulnas
1301 801 1428 840 suas
1455 786 1688 856 accepit.

396 943 683 998 Dominus
729 950 935 999 noster
981 945 1151 1000 Jesus
1207 945 1478 1000 Christus
1529 961 1696 1000 suam
1737 959 1973 1000 moono-

325 1034 500 1087 miam
538 1033 865 1088 secundum
897 1050 1137 1089 carnem
1171 1035 1654 1100 conﬁrmaturus,
1689 1034 1847 1105 quod
1881 1033 1971 1087 ni-

324 1122 541 1176 mirum
573 1139 705 1178 vere
737 1124 926 1179 factus
958 1131 1115 1178 esset
1135 1124 1476 1186 homo,cum
1507 1130 1721 1178 cratera
1750 1122 1971 1190 omnia,

323 1227 454 1282 qua:
480 1212 608 1284 lege
637 1212 880 1268 Judaica
907 1214 1134 1268 sancita
1178 1218 1366 1281 erant,
1415 1213 1800 1284 implevisset,
1861 1212 1972 1266 hoc

325 1302 501 1356 etiam
521 1318 640 1357 non
673 1303 1153 1373 praetermittens,
1187 1317 1419 1357 servare
1466 1301 1654 1357 voluit
1700 1299 1858 1372 quod
1909 1301 1972 1355 in

323 1407 488 1448 more
510 1392 666 1463 apud
695 1391 927 1447 Judieos
985 1397 1129 1446 erat.
1165 1391 1627 1463 Quadragesimo
1661 1391 1824 1446 enim
1875 1389 1970 1446 die

323 1496 561 1537 omnem
593 1479 969 1536 Hebraeorum
994 1481 1328 1536 masculum
1350 1479 1726 1536 adducebant
1754 1493 1969 1551 paren-

317 1577 408 1626 tes
435 1571 497 1626 in
529 1570 814 1642 templum
850 1587 984 1626 cum
1004 1569 1234 1626 duabus
1266 1569 1972 1637 turturibus,autduobus

316 1659 497 1732 pullis
529 1660 962 1727 columbarum,
995 1664 1061 1714 ut
1109 1657 1590 1715 benedictionem
1651 1659 1970 1730 acciperet.

319 1749 437 1803 Hoc
461 1749 640 1820 igitur
660 1755 718 1802 et
749 1749 1036 1804 Dominus
1062 1755 1266 1804 noster
1296 1749 1464 1804 Jesus
1509 1748 1779 1804 Christus
1827 1765 1972 1820 prm-

315 1835 466 1890 stitit
500 1851 512 1889 :
539 1841 595 1890 et
627 1851 745 1889 una
772 1851 904 1890 cum
939 1851 1077 1889 vera
1107 1842 1295 1891 matre
1325 1851 1433 1890 sua
1464 1834 1717 1906 Deipara
1765 1835 1965 1904 Maria,

1648 376 2086 440 MENOLOGII
2131 379 2330 440 PARS
2373 379 2451 440 II.

1991 529 2048 597 Α

3617 385 3737 448 292

2647 510 2825 568 num
2841 505 2926 567 1‘0
2955 514 3152 573 arra.

2896 613 2935 670 Β

2078 699 2460 781 Ἥέξπαπαντῇ
2487 703 2586 781 τοῦ
2646 701 2858 781 ΚυρίουΔ
2899 707 3062 781 ημῶν
3086 775 3097 781 _
3119 705 3300 781 Ἰησοῦ
3357 712 3612 781 Χριστοῦ,
3645 710 3737 767 δτε

2152 769 2364 863 ἐδέξατο
2395 774 2560 829 αὐτὸν
2590 769 2816 847 Συμεὼν
2839 775 2866 830 ὁ
2890 769 3060 850 πρεσὸ
3073 769 3206 848 ύτης
3237 777 3290 834 ἐν
3319 769 3439 842 ταῖς
3463 769 3733 856 ἀγκάλαις

2150 863 2339 900 αυτου.

2148 951 2263 1008 Ἷνα
2296 945 2572 1026 βεϐαιώσῃ
2631 953 2732 1020 τήν
2792 950 3046 1029 ἔνσαρκον
3100 954 3417 1030 οἰκονομίαν
3459 959 3488 1015 ὁ
3531 960 3726 1034 Κόριος

2077 1039 2240 1111 ἡμῶν
2274 1041 2484 1107 Ἰησοῦς
2514 1042 2766 1116 Χριστὸς,
2819 1041 2904 1098 δτι
2962 1045 3100 1099 κατὰ
3148 1046 3248 1114 τήν
3308 1043 3572 1118 ἀλήθειαν
3630 1047 3727 1104 ἄν-

2079 1129 2300 1201 θρωπος
2340 1128 2569 1205 ἐγένετο,
2601 1132 2776 1186 πάντα
2802 1131 2870 1187 τα
2897 1137 2996 1186 τοῦ
3043 1132 3351 1190 Ἰουὂαῖκοῦ
3399 1137 3575 1210 νόμου
3605 1159 3734 1194 ποι-

2078 1221 2241 1289 ήσας.
2283 1217 2409 1275 οὐδὲ
2463 1225 2626 1276 τοῦτο
2683 1221 3003 1297 παρέλιπεν·
3066 1221 3194 1280 ἀλλ’
3249 1225 3494 1299 εποίησε,
3551 1231 3731 1294 καθὼς

2077 1310 2144 1378 ἦν
2178 1304 2300 1374 ἔθος
2355 1316 2472 1372 τοῖς
2518 1308 2833 1374 Ἰουδαίοις
2871 1312 3006 1384 μετᾶ
3030 1312 3136 1389 γὰρ
3163 1317 3564 1390 τεσσαράκοντα
3592 1319 3731 1392 ἡμὲο

2081 1419 2198 1474 ρας,
2257 1403 2358 1452 πᾶν
2407 1396 2628 1454 παιδίον
2686 1405 2794 1455 τῶν
2854 1395 3126 1475 Ἑϐραίων
3199 1397 3389 1480 ἔφερον
3448 1407 3501 1460 οἱ
3550 1412 3733 1483 γονεῖς

2079 1486 2156 1551 εἷς
2181 1487 2242 1542 τὸ
2271 1488 2441 1563 ἱερὸν,
2477 1488 2614 1562 μετὰ
2645 1486 2742 1544 δύο
2771 1490 3070 1564 τρυγόνων,
3105 1492 3140 1561 ἢ
3194 1489 3291 1548 δύο
3347 1499 3582 1551 νεοσσῶν
3636 1517 3733 1552 πει

2078 1580 2361 1653 ριστερῶν,
2416 1581 2516 1633 τοῦ
2575 1576 2935 1654 εὐλογεῖσθαι.
2992 1583 3162 1636 Τοῦτο
3223 1579 3282 1638 δὶ
3315 1584 3404 1638 καὶ
3459 1585 3730 1659 ὁΚῦριος

2076 1668 2237 1740 ἡμῶν
2271 1669 2487 1738 Ἰησοῦς
2534 1669 2768 1744 Χριστὸς
2822 1667 3068 1740 ἐποίησε.
3103 1673 3206 1728 Καὶ
3259 1673 3405 1748 παρὰ
3441 1681 3543 1744 τῆς
3593 1677 3730 1732 κατᾶ

2077 1753 2337 1827 ἀλήθειαν
2375 1758 2609 1832 μητὲρος
2660 1758 2832 1813 αὐτοῦ
2866 1759 3079 1832 Μαρίας
3131 1767 3235 1830 τῆς
3293 1764 3584 1836 Θεοτόκου,
3636 1766 3727 1820 xui

2075 1851 2172 1902 τοῦ
2201 1849 2568 1920 νομιζομένου
2600 1849 2804 1923 πατρὸς
2835 1849 3063 1924 Ἰωσήφ,
3121 1850 3286 1920 ἦλθεν
3347 1853 3422 1916 εἰς
3467 1854 3560 1910 τὸν
3603 1856 3728 1911 ναὸν

313 1928 372 1977 et
398 1923 651 1994 Josepho
669 1923 952 1993 opinione
969 1929 1194 1977 tantum
1217 1899 1652 1994 patre,venit‘in
1673 1923 1950 1995 templum

2091 1899 2164 1902 "’
2213 1899 2472 1920 "r“V'r"
2513 1899 2562 1902 "
2607 1899 2802 1923 ""r“
2855 1899 3063 1924 ’⁷““Ἱῖ1
3127 1899 3281 1920 Ἲ““⁹⁷
3347 1899 3420 1916 "‘
3479 1899 3556 1910 ’ν’
3612 1899 3724 1911 ’“⁷’

2069 1940 2166 1990 τοῦ
2216 1939 2370 1990 Θεοῦ’
2402 1936 2494 1992 καὶ
2557 1933 2832 2012 ὑπεδέχθη
2883 1939 3030 2012 παρᾶ
3085 1939 3312 2012 Συμεὼν
3346 1945 3442 1997 τοῦ
3491 1939 3724 2003 δικαίου.

315 2012 439 2079 Dei,
473 2019 532 2066 et
560 2029 592 2067 a
625 2013 896 2067 Simeone
948 2013 1112 2084 justo
1164 2018 1446 2084 exceptus
1504 2019 1639 2068 est:
1683 2013 1783 2084 qui
1824 2030 1959 2069 cum

313 2122 447 2162 eum
483 2105 543 2159 in
574 2105 749 2160 ulnas
781 2122 916 2160 suas
943 2099 1289 2176 accepisset.
1316 2105 1494 2160 dixit:
1517 2105 1682 2160 Nunc
1709 2105 1959 2161 dimittis

313 2211 545 2250 servum
577 2200 766 2260 tuum,
800 2195 1074 2258 Domine,
1117 2193 1446 2249 secundum
1481 2193 1720 2249 verbum
1767 2201 1956 2262 tuum,

312 2285 374 2339 in
405 2301 550 2356 pace
583 2301 596 2338 :
626 2284 765 2354 quia
785 2283 1061 2339 viderunt
1091 2283 1248 2338 oculi
1301 2283 1419 2338 mei
1478 2283 1736 2339 salutare
1767 2289 1956 2340 tuum.

312 2374 597 2429 Similiter
654 2376 714 2427 et
761 2375 925 2426 Anna
977 2361 1357 2444 Prophetissa
1405 2371 1679 2428 confessa
1734 2378 1842 2441 est,
1901 2378 1961 2429 et

311 2463 529 2533 gratias
561 2462 678 2516 Deo
713 2460 851 2533 egit,
883 2458 1042 2530 quod
1101 2459 1388 2532 populum
1419 2477 1594 2516 suum
1638 2461 1954 2524 visitasset.

310 2551 427 2606 Hac
458 2551 635 2622 igitur
663 2547 736 2604 de
795 2557 974 2604 Causa
1027 2549 1153 2606 haec
1211 2556 1416 2606 sancta
1462 2537 1751 2607 festivitas
1806 2551 1954 2607 cele-

306 2638 531 2694 bratur.

956 2728 1175 2785 Eodem
1210 2728 1302 2786 die

306 2835 450 2892 155
487 2834 767 2908 Certamen
824 2843 1132 2892 sanctorum
1189 2825 1493 2908 Perpetua,
1550 2837 1758 2908 Satyri,
1805 2838 1944 2892 Reu-

552 2909 683 2975 cati,
705 2905 1020 2974 Saturnini,
1038 2907 1276 2963 Secundi
1291 2905 1346 2963 et
1373 2905 1698 2964 Felicitatis.

373 3105 666 3176 Perpetua
695 3103 908 3160 Christi
934 3110 1160 3176 martyr
1189 3121 1259 3160 ex
1310 3105 1546 3178 regione
1589 3104 1820 3170 Africae,
1874 3104 1948 3160 ob

2067 2026 2165 2087 Ὄς
2193 2023 2408 2098 ἐδέξατο
2440 2025 2599 2081 αὐτὸν
2647 2027 2733 2092 ,εἰς
2790 2033 2884 2090 τὰς
2943 2028 3182 2103 ἀγκάλας
3215 2029 3401 2101 αὐτοῦ,
3457 2033 3546 2088 καὶ
3579 2036 3722 2089 εἴπεο

2068 2118 2177 2168 Νῦν
2211 2113 2473 2178 ἀπολύεις
2499 2115 2592 2169 τὸν
2624 2109 2822 2170 δοῦλόν
2851 2137 2969 2182 σου,
3007 2118 3270 2189 Δέσποτα,
3297 2121 3434 2176 κατᾶ
3464 2121 3528 2176 τὸ
3560 2121 3716 2196 ῥῆμά

2067 2224 2186 2272 σου,
2223 2202 2274 2258 ἐν
2309 2203 2522 2278 εἰρήνῃ·
2558 2205 2642 2259 ὅτι
2671 2201 2818 2260 εἶδον
2851 2205 2903 2260 οἱ
2961 2205 3242 2281 ὀφθαλμοὶ
3295 2229 3401 2282 μου
3437 2210 3501 2280 τρ
3531 2213 3714 2282 σωτή-

2065 2288 2181 2366 ριὸν
2216 2313 2334 2350 σου.
2367 2293 2608 2366 Ὁμοίως
2664 2291 2722 2348 δὲ
2767 2295 2858 2348 xui
2909 2297 2944 2362 ἡ
3005 2297 3198 2367 'Avvu,
3250 2306 3525 2377 προφῆτις
3556 2299 3711 2371 οὖσα,

2065 2380 2574 2458 ἀνθωμολογήσατο
2603 2382 2693 2437 xui
2754 2382 3122 2459 εὖχαρίστησε
3175 2389 3255 2460 τῷ
3297 2391 3436 2461 Θεῷ,
3484 2393 3564 2461 τῷ
3594 2388 3713 2445 ἐπι-

2064 2470 2393 2545 σκεψαμένῳ
2423 2471 2515 2526 τὸν
2549 2469 2680 2527 λαὸν
2715 2471 2901 2531 αὐτοῦ.
2959 2477 3188 2531 Ἔκτοτε
3246 2477 3337 2532 οὖν
3383 2475 3712 2535 ἐπιτελεῖται

2059 2564 2096 2632 ἡ
2127 2562 2356 2634 τοιαύτη
2394 2561 2520 2636 ἁγία
2547 2565 2734 2641 ἑορτή.

2647 2725 2724 2796 Τῇ
2764 2723 2904 2798 αὖτῇ
2945 2723 3129 2800 ἡμέρᾳ

2055 2825 2312 2911 Αίξλησις.
2401 2832 2509 2884 τῶν
2547 2905 2580 2911 __
2611 2829 2779 2911 ἁγίων
2880 2832 3272 2911 Περπετοῦαςλ,
3409 2836 3654 2911 Σατύρου
3692 2877 3707 2906 ,

2125 2900 2414 3026 ὶΡευκᾴτου
2449 2944 2463 2970 ,
2543 2900 2884 2979 Σατορνίλου
2918 2900 2962 2976 ,’
3014 2900 3322 2961 Σεκούνδου
3408 2907 3499 2962 καὶ
3556 2900 3709 2980 ’Φηίι

2170 2991 2438 3034 ικιτατης.

2260 3005 2438 3042 ιπιηξ.

2125 3098 2189 3153 Ἡ
2244 3101 2343 3153 τοῦ
2395 3101 2640 3171 Χριστοῦ
2714 3099 2918 3176 μάρτυς
2979 3103 3316 3178 Περπετοόα,
3374 3104 3442 3173 ἦν
3492 3103 3550 3160 ἐκ
3603 3111 3703 3175 τῆς

302 3193 517 3249 Christi
545 3193 981 3249 confessionem
1015 3193 1448 3266 comprehensa
1469 3192 1540 3248 ab
1573 3193 1848 3260 ethnicis,
1873 3193 1946 3249 ad

2068 3186 2246 3260 χώρας
2297 3187 2588 3266 Ἀφρικῆςο
2648 3185 2763 3244 ἐπεὶ
2843 3185 2900 3244 δὲ
2959 3190 3054 3246 τὸν
3102 3191 3336 3267 Χριστὸν
3394 3193 3700 3269 ὡμολόγει,

299 3283 615 3364 provinciae
649 3283 991 3354 praifectum
1023 3300 1143 3339 una
1163 3301 1300 3339 cum
1332 3283 1579 3355 reliquis
1606 3283 1946 3339 sanctisad-

2068 3262 2581 3351 κρατηθεῖσαπαρὰ
2627 3279 2737 3332 τῶν
2793 3275 3104 3350 Ἑλλήνων,
3147 3262 3551 3354 προσήχθη-τῷ
3596 3262 3698 3343 τῆς

300 3374 554 3429 ducitur.
588 3371 851 3428 Habebat
872 3378 1070 3428 autem
1111 3379 1315 3429 sancta
1344 3372 1634 3428 infantem
1653 3371 1948 3429 adhucla-

297 3468 576 3529 ctentem,
609 3467 669 3516 et
711 3461 955 3518 fratrem
1015 3463 1257 3518 nomine
1315 3463 1707 3519 Dinocratem.
1766 3463 1950 3536 Igitur

296 3559 609 3623 postquam
641 3567 676 3606 a
707 3551 985 3622 praefecto
1011 3553 1146 3607 torti
1179 3559 1337 3620 sunt,
1367 3553 1429 3608 in
1455 3552 1786 3610 custodiam
1805 3569 1944 3608 con-

289 3641 584 3712 jiciuntur
607 3640 1114 3696 :ubividitsancta
1137 3641 1200 3696 in
1235 3642 1460 3698 somnis
1483 3642 1703 3698 scalam
1719 3658 1946 3698 mneam

297 3733 468 3782 terras
499 3728 776 3792 defixam,
810 3728 1108 3798 cmlosque
1166 3731 1577 3802 attingentem,
1615 3736 1673 3785 et
1718 3731 1780 3785 in
1816 3731 1946 3802 ejus

298 3816 771 3870 extremitatibus
785 3816 1002 3871 infixas
1017 3834 1224 3874 omnes
1241 3825 1674 3874 tormentorum
1692 3821 1942 3890 species;

296 3902 368 3957 ad
401 3905 530 3975 ejus
560 3919 696 3959 vero
729 3903 954 3960 calcem
987 3903 1308 3962 draconem
1340 3906 1729 3962 ascendentes
1748 3908 1942 3964 detra-

295 3992 433 4047 here
452 3998 766 4048 conantem
787 4019 799 4056 ;
815 4000 1088 4049 sanctum
1102 4001 1299 4050 autem
1325 3995 1596 4067 Satyrum
1613 3996 1942 4051 ascenden-

292 4089 431 4149 tem,
467 4082 623 4137 etad
657 4099 720 4138 se
751 4099 1125 4149 conversum,
1183 4084 1310 4140 haec
1366 4084 1704 4140 dicentem:
1761 4087 1946 4142 Mater

292 4188 426 4228 mea
458 4173 768 4244 Perpetua.
803 4177 858 4227 te
893 4179 1188 4244 exspecto.
1237 4175 1441 4229 Frater
1497 4190 1631 4230 vero
1693 4175 1823 4246 ejus
1881 4176 1944 4230 in

294 4262 482 4318 altero
508 4278 744 4319 carcere
776 4262 1069 4330 inclusus,
1103 4263 1248 4318 vidit
1277 4263 1548 4336 Satyrum
1604 4263 1677 4320 ad
1726 4264 1944 4336 pelvim

293 4368 460 4423 aqum
493 4357 770 4420 stantem,
803 4357 863 4406 et
909 4369 980 4408 ex
1007 4367 1076 4408 ea
1105 4352 1479 4409 haurientem
1519 4358 1696 4424 atque
1728 4352 1940 4411 biben-

291 4448 408 4500 tem
443 4459 456 4497 :
489 4458 559 4498 ex
582 4459 699 4514 quo
744 4459 880 4498 eum
911 4448 1210 4498 mortuum
1250 4459 1380 4500 esse
1429 4443 1740 4499 intellexit.
1776 4446 1940 4501 Mane

291 4530 470 4602 igitur
491 4531 784 4602 Perpetua
839 4535 900 4586 et
955 4530 1228 4587 Felicitas
1258 4548 1292 4587 a
1338 4530 1635 4588 ferocibus
1666 4534 1940 4606 juvencis

2054 3364 2242 3439 χώρας
2276 3364 2526 3439 ἄρχοντι,
2563 3367 2698 3438 μετᾶ
2717 3370 2825 3422 τῶν
2855 3367 3066 3422 λοιπῶν
3122 3369 3312 3444 ἁγίων.
3367 3371 3466 3426 Ἦν
3518 3363 3575 3425 δὲ
3629 3373 3699 3444 τῇ

2055 3453 2186 3528 ἁγίᾳ
2219 3453 2418 3531 βρέφος
2467 3453 2795 3528 ὑπομάζιον,
2853 3455 2943 3511 καὶ
3003 3454 3240 3531 ἁδελφὸς
3289 3453 3464 3530 ὄνομα
3520 3467 3702 3514 Δεινο-

2053 3541 2278 3617 κράτης.
2311 3547 2691 3618 Τιμωροῦνται
2725 3541 2818 3597 οὗν
2870 3545 3017 3616 παρὰ
3065 3547 3164 3599 τοῦ
3224 3545 3515 3620 ἄρχοντος.
3569 3545 3700 3602 Εἶτα

2053 3625 2425 3704 ἐμϐάλλονται
2457 3629 2535 3694 εἷς
2577 3631 2848 3708 φυλακήν.
2911 3632 3013 3690 Καὶ
3071 3634 3266 3703 θεωρεῖ
3319 3636 3353 3703 ἡ
3406 3633 3532 3705 ἁγία
3578 3636 3693 3690 κατ’

2052 3716 2182 3798 ὄναρ
2212 3721 2414 3776 σκάλαν
2450 3721 2666 3797 χαλκῆν
2725 3721 3028 3798 φθάνουσαν
3091 3721 3199 3778 ἀπὸ
3254 3727 3361 3796 γῆς
3420 3722 3497 3784 είς
3531 3721 3697 3798 οὖρα·

2051 3809 2430 3885 νὸν,ἔχοδσαν
2487 3810 2562 3872 είς
2619 3810 2686 3865 τὰ
2745 3809 2842 3865 δύο
2905 3808 3040 3887 μέρη
3102 3810 3500 3886 ἐμπεπηγμένα
3530 3811 3701 3868 πάντα

2049 3900 2116 3954 τὰ
2170 3905 2278 3955 τῶν
2337 3899 2714 3976 κολαστηρίων
2775 3897 2919 3972 εἴδη,
2977 3901 3064 3956 καὶ
3122 3899 3385 3977 δράκοντα
3447 3901 3549 3956 ὑπὸ
3596 3903 3695 3971 τήν

2051 3987 2256 4043 σκάλαν
2303 3988 2588 4044 γωλῦοντα
2643 3989 2772 4054 τοὺς
2825 3985 3226 4060 ἀναϐαίνοντας,
3279 3991 3488 4045 καὶτὸν
3544 3992 3694 4064 ἅγιον

2053 4081 2296 4154 Σάτυρον
2357 4075 2647 4150 ἀναϐάντα,
2705 4080 2796 4135 καὶ
2846 4081 3142 4158 στραφέντα
3196 4081 3334 4155 πρὸς
3385 4080 3551 4150 αὐτὴν
3605 4081 3697 4136 καὶ

2051 4167 2294 4243 λέγοντο·
2332 4169 2522 4244 Μῆτὲρ
2559 4190 2663 4241 μου
2695 4169 3031 4244 Περπετούα,
3061 4169 3342 4244 περιμένω
3383 4190 3461 4226 σε.
3488 4174 3585 4225 Ἦν
3638 4165 3696 4224 Si

2047 4257 2138 4312 xui
2171 4258 2198 4312 ὁ
2228 4254 2462 4334 ἁδελφὸς
2505 4257 2673 4327 αὐτῆς
2725 4255 2777 4313 ὲν
2825 4258 2980 4334 ὲτὲρᾳ
3036 4258 3276 4336 φυλακῇ·
3331 4258 3420 4313 xui
3453 4261 3554 4332 ὁρᾷ
3603 4258 3694 4314 καὶ

2048 4347 2173 4420 περὶ
2223 4347 2407 4419 αὐτοῦ,
2468 4346 2548 4402 ὅτι
2607 4348 2906 4420 παρίστατο
2939 4347 3138 4424 λεκάνη
3171 4345 3392 4410 ὕδατος⁹
3452 4347 3541 4402 καὶ
3602 4349 3697 4402 ἃν-

2045 4435 2191 4494 τλῶν
2253 4434 2424 4492 ἔπινεν
2481 4435 2532 4507 ἐξ
2589 4437 2779 4507 αὐτῆς
2841 4437 2928 4492 καὶ
2986 4435 3149 4512 ἔγνω,
3209 4438 3293 4493 ’ὀτι
3351 4435 3691 4508 ἐτελεύτησεο

2047 4526 2136 4581 καὶ
2169 4525 2232 4580 τὸ
2264 4522 2410 4601 πρωΐ
2441 4524 2577 4596 αὐτὴ
2636 4525 2731 4598 μὲν
2764 4525 2900 4598 μετᾶ
2948 4523 3335 4597 Φηλικιτάτης
3380 4525 3485 4581 ὑπὸ
3515 4522 3695 4599 δαμά-

291 4633 478 4674 cornu
509 4618 997 4674 transverberatw
1056 4626 1309 4676 mortem
1369 4622 1710 4694 oppetiere:
1743 4622 1941 4680 cateri

2068 4629 2188 4669 tamv
2246 4611 2448 4689 ἀγρίων
2497 4617 2889 4691 κερατισθεῖσαι
2947 4611 3232 4673 ἀπέθανοντ
3275 4615 3329 4671 οἱ
3387 4612 3446 4671 δὶ
3502 4612 3694 4670 λοιποὶ

288 4722 423 4762 vero
447 4706 706 4778 jugulati
727 4713 885 4764 sunt.

841 4804 1081 4860 EODEM
1122 4807 1267 4862 MEN
1273 4807 1374 4863 SE.

961 4911 1065 4968 Die
1095 4913 1270 4969 tertia

289 5009 444 5089 I5}!
467 5009 919 5089 commemoratio
959 5013 1144 5066 sancti
1191 5020 1241 5067 et
1289 5012 1437 5089 justi
1490 5015 1775 5079 Simeonis,
1836 5020 1934 5086 qui

359 5082 648 5207 Dgnﬁnum
715 5083 774 5135 in
811 5082 971 5139 ulnas
1018 5099 1143 5139 suas
1198 5082 1429 5156 accepit,
1479 5093 1532 5140 et
1586 5089 1764 5142 Anne
1793 5082 1927 5157 p170-

354 5169 396 5223 p
440 5169 467 5207 e
496 5167 633 5208 isse.

357 5316 594 5372 Simeon
619 5334 820 5387 senex,
844 5318 1047 5390 justus
1077 5323 1136 5374 et
1187 5318 1345 5390 pius,
1386 5322 1447 5372 et
1477 5317 1550 5373 ab
1579 5320 1739 5374 omni
1769 5321 1928 5378 malo

283 5408 546 5479 seipsum
571 5407 1056 5476 abstinens,cum
1097 5407 1384 5479 templum
1412 5407 1693 5478 frequens
1715 5409 1926 5483 adiret,

282 5495 588 5568 Deumque
621 5502 838 5564 oraret,
869 5503 932 5550 ut
978 5495 1186 5550 mundi
1236 5495 1538 5562 misertus,
1588 5494 1862 5554 homines
1893 5516 1927 5555 a

281 5584 518 5642 diabolo
549 5586 833 5642 liberaret
864 5603 878 5652 ;
911 5583 1134 5640 audivit
1161 5583 1234 5638 ab
1261 5582 1491 5656 angelo,
1525 5601 1586 5640 se
1616 5602 1736 5642 non
1761 5589 1925 5661 prius

279 5675 657 5736 moriturum,
702 5689 880 5744 quam
913 5672 1140 5728 videret
1186 5671 1485 5730 Christum
1529 5675 1784 5745 Domini,
1820 5681 1922 5752 qui

278 5761 556 5817 universo
579 5760 707 5816 orbi
740 5759 994 5818 salutem
1019 5760 1310 5817 allaturus
1342 5768 1516 5818 esset.
1551 5763 1836 5826 Similiter
1866 5776 1924 5825 et

2043 4703 2378 4784 ἐσφάγησαν.

2576 4803 2759 4863 ΜΗΝΙ
2808 4805 2900 4862 ΤΩ
2958 4805 3154 4862 ΑΥΊὮ.

2853 4907 2892 4958 Γ

2041 5002 2252 5074 Μνήμη
2284 5003 2384 5054 τοῦ
2415 5000 2446 5055 ἆ
2489 4999 2571 5055 ίου
2593 5000 2682 5054 καὶ
2717 4995 2928 5055 δικαίου
2983 4999 3211 5074 Συμεὼν
3269 5005 3367 5056 τοῦ
3399 4997 3695 5075 δεξαμένου

2110 5071 2203 5127 τὸν
2235 5071 2430 5128 Κύριον
2449 5021 2515 5128 iv
2546 5077 2667 5128 ταῖς
2700 5071 2969 5128 ἄγκαλαις
2993 5073 3184 5128 αὐτοῦ.
3241 5073 3331 5127 καὶ
3363 5074 3564 5128 Ἀννης
3591 5079 3695 5128 τῆς

2110 5071 2203 5127 τὸν
2235 5071 2430 5146 Κύριον
2463 5071 2515 5128 ἐν
2546 5077 2667 5134 ταῖς
2700 5071 2969 5146 ἄγκαλαις
2993 5071 3184 5144 αὐτοῦ,
3241 5073 3331 5127 καὶ
3363 5071 3564 5145 Ἀννης
3591 5079 3696 5142 τῆς

2110 5141 2470 5220 προφήτιδος.

2107 5319 2168 5376 Ὁ
2201 5314 2508 5394 πρεσϐύτης
2567 5320 2818 5392 Συμεὼν,
2884 5321 2953 5390 ἦν
3016 5319 3225 5383 δίκαιος
3283 5319 3373 5376 καὶ
3431 5313 3696 5389 εὐλαϐὴς,

2036 5409 2391 5484 ἀπεχόμενος
2421 5409 2528 5465 ἀπὸ
2578 5410 2781 5472 παντὸς
2830 5414 3023 5479 κακοῦ,
3081 5407 3459 5485 προσεδρεύων
3517 5406 3576 5463 δὲ
3633 5406 3691 5463 ἂν

2035 5504 2117 5578 “cii;
2147 5501 2304 5573 ἱερῷ,
2353 5499 2445 5554 καὶ
2503 5497 2840 5575 παρακαλῶν
2895 5499 2986 5554 τὸν
3044 5500 3198 5569 Θεὸν,
3259 5497 3345 5554 ἴνα
3376 5498 3576 5572 ἐλεήσῃ
3604 5497 3698 5552 τὸν

2035 5586 2244 5662 κόσμον
2282 5588 2472 5659 αὐτοῦ,
2525 5588 2614 5642 xui
2672 5589 3026 5660 λυτρώσηται
3083 5588 3210 5650 τοὺς
3257 5589 3578 5665 ἀνθρώπου)
3632 5584 3696 5642 ἐκ

2032 5682 2129 5734 τοῦ
2163 5673 2452 5748 διαϐόλου,
2482 5676 2685 5747 ἢκουσε
2719 5678 2866 5754 παρά
2915 5681 3014 5734 τοῦ
3072 5675 3356 5755 Ἀγγὲλου,
3417 5678 3495 5750 μή
3552 5675 3696 5731 ἀπο-

2036 5773 2237 5838 θανεῖν,
2268 5763 2371 5830 ἵως
2411 5764 2475 5823 οὗ
2502 5763 2595 5841 ἴδῃ
2640 5767 2732 5822 τὸν
2765 5767 3002 5843 Χριστὸν
3034 5770 3255 5847 Κυριου,
3283 5767 3378 5824 τὸν
3413 5764 3693 5842 μέλλοντα
