4074 6192
295 379 425 439 293

1754 372 2064 435 FEBRUA
2075 371 2287 436 Πιυῖ.

3599 380 3714 439 294

298 516 471 569 σῶσαι
502 512 604 582 τὴν
654 510 1007 584 οἷκουμὲνην.
1066 511 1315 584 Ὁμοίως
1367 509 1462 566 καὶ
1510 510 1680 566 Ἀννα
1725 509 1761 578 ἡ
1820 524 1946 581 προ-

2075 506 2247 562 Anna
2286 508 2667 581 prophetissa
2722 526 2921 576 orans,
2952 510 3108 567 idem
3140 510 3456 567 oraculum
3494 513 3725 583 accepit

300 605 462 681 φῆτις
514 600 959 676 προσευχομένη,
1021 598 1298 671 ἐξεδέχετο
1355 601 1442 654 καί
1504 599 1642 666 αύτὴ
1699 596 1959 666 τοιαύτην

303 690 483 761 δόξαν·
548 690 946 765 πληρωθέντων
1009 688 1065 745 δὲ
1121 691 1516 761 τεσσαράκοντα
1570 690 1795 761 ἡμερῶν
1850 685 1956 740 ἀπὸ

300 788 401 849 τῆς
444 783 746 854 γεννήσεως
802 784 901 835 τοῦ
960 781 1217 851 Χριστοῦ,
1277 779 1487 854 ἤγαγον
1551 777 1602 832 οἱ
1658 781 1835 852 γονεῖς
1894 775 1956 829 τὸ

300 868 520 926 παιδίον
552 872 760 939 Ἰησοῦν
794 870 868 931 είς
926 870 989 923 τὸ
1048 870 1216 943 ἱερὸν,
1269 869 1405 923 κατᾶ
1435 870 1535 935 τήν
1565 864 1802 936 διάταξιν
1858 868 1957 919 τοῦ

300 962 476 1031 νόμου
534 960 636 1016 Καὶ
671 962 944 1033 κρατήσας
977 959 1137 1013 αὐτὸν
1163 960 1190 1011 ὁ
1222 957 1449 1030 Συμεὼν
1509 956 1584 1017 είς
1639 955 1735 1016 τας
1788 954 1949 1029 ἀγκαο

298 1047 397 1110 λας
432 1048 618 1111 αύτοῦ,
654 1050 789 1102 εἷπε’
828 1049 937 1103 Νῦν
969 1046 1232 1107 ἀπολύεις
1259 1050 1349 1100 τὸν
1412 1044 1608 1100 δοῦλόν
1644 1065 1762 1110 σου,
1824 1044 1956 1097 Aia-

299 1158 444 1192 ποτα
472 1136 609 1191 κατὰ
638 1137 700 1191 τὸ
732 1136 885 1211 ῥῆμα
915 1157 1009 1191 σου
1041 1133 1091 1190 ἐν
1126 1135 1341 1210 εἰρήνῃ,
1374 1134 1457 1190 ὅτι
1490 1131 1633 1189 εἶδον
1667 1133 1717 1187 οἱ
1751 1130 1957 1208 ὀφθαλ-

304 1225 398 1296 μοί
431 1246 542 1297 μου
597 1226 661 1279 τὸ
715 1224 986 1298 σωτήριόν
1048 1245 1164 1280 σου.
1248 1224 1345 1277 Καὶ
1405 1220 1787 1298 προφητεύσας
1831 1219 1955 1295 περὶ

299 1319 395 1370 τοῦ
429 1316 666 1368 θανάτου
693 1318 791 1369 τοῦ
825 1313 1086 1388 Χριστοῦ,
1117 1312 1208 1366 καὶ
1249 1312 1373 1387 περῖ
1422 1315 1519 1366 τοῦ
1551 1314 1807 1384 σταυροῦ,
1866 1310 1955 1363 καὶ

299 1411 399 1472 τῆς
432 1403 725 1468 Θεοτόκου,
760 1403 842 1457 ὅτι
888 1402 1265 1470 λυπηθήσεται
1298 1398 1487 1455 ἰδοῦσα
1533 1400 1623 1455 τὸν
1656 1401 1870 1469 Ἰησοῦν
1902 1396 1955 1453 ἐν

297 1498 377 1564 τῷ
411 1498 650 1566 σταυρῷ,
684 1491 979 1564 ἐκοιμήθη.
1010 1492 1254 1563 Ὁμοίως
1286 1490 1377 1545 καὶ
1403 1492 1437 1561 ἡ
1492 1490 1659 1545 Ἀννα
1696 1489 1958 1563 εὐχαρισ-

296 1586 512 1655 τήσασα
540 1583 699 1645 τέλος
735 1577 865 1659 ἔσχε
888 1584 986 1637 τοῦ
1016 1582 1159 1658 βίου.

895 1691 979 1763 Τῇ
1020 1688 1156 1762 αὖτῇ
1189 1687 1372 1762 ἡμέρᾳ

295 1796 569 1868 Ἀθλησις
595 1800 706 1852 τῶν
741 1794 904 1869 ἁγίων
942 1794 1232 1869 μαρτύρων
1259 1791 1541 1869 Ἀδριανοῦ
1558 1791 1647 1846 καὶ
1669 1786 1956 1848 Εῦὸόύλου

672 1863 1133 1941 μαρτυρησάντων
1174 1863 1226 1920 ὲν
1286 1863 1592 1936 Καισαρείᾳ.

367 1954 660 2031 Ἀδριανὸς
684 1958 773 2011 καὶ
814 1954 1094 2019 Εὔϐουλος
1129 1955 1181 2010 οἱ
1238 1958 1337 2009 τοῦ
1399 1955 1629 2025 Κριστοῦ
1662 1951 1951 2026 μάρτυρες,

300 2048 545 2123 ὖγένοντο
577 2048 683 2103 ἀπὸ
715 2048 903 2123 Χώρας
962 2046 1163 2107 Βανέας
1232 2044 1740 2116 ἐπονομαζομένης.
1784 2044 1954 2115 Εἶχον

302 2137 360 2194 δὲ
392 2140 587 2206 πόθον,
642 2138 720 2200 ὡς
780 2135 1098 2212 Χριστιανοὶ
1157 2134 1247 2189 καὶ
1310 2129 1579 2199 εὐλαϐεῖς,
1638 2133 1773 2206 πρὸς
1832 2130 1958 2195 τοὺς

306 2228 603 2301 μάρτυρας,
652 2227 741 2282 καὶ
794 2229 928 2288 τοὺς
989 2223 1338 2298 ὁμολογητᾶς
1391 2226 1486 2277 τοῦ
1544 2223 1791 2296 Χριστοῦ.
1854 2221 1954 2276 Καὶ

304 2315 395 2371 δια
422 2318 589 2372 τοῦτο
656 2314 903 2385 ἀπῆλθον
965 2314 1040 2376 εἰς
1104 2314 1449 2385 Καισάρειαν,
1474 2308 1565 2365 ’ίνα
1620 2309 1953 2383 ἐπισκέψων-

305 2428 392 2461 ται
414 2406 543 2468 τοῦς
576 2406 627 2460 ἐν
657 2410 779 2467 ταῖς
808 2403 1076 2482 φυλακαῖς
1108 2402 1519 2474 κολαζομένους
1577 2397 1787 2474 ἁγίους.
1852 2398 1953 2453 Καὶ

306 2496 635 2557 ἀπελθόντες
670 2494 1056 2550 ἑπεσκέπτοντο
1115 2490 1331 2559 αὐτοὺς,
1392 2490 1484 2544 καὶ
1541 2490 1955 2562 παρεμυθοῦντο

302 2586 391 2640 καὶ
425 2584 928 2661 προεθυμοποίουν.
987 2578 1167 2638 Ἀλλὰ
1222 2578 1311 2634 καὶ
1369 2577 1497 2640 τοὺς
1549 2574 1785 2648 ἕλληνας
1839 2574 1953 2631 ἐδί-

300 2673 499 2729 δασκον
531 2674 623 2728 τὸν
659 2673 825 2748 λόγον
854 2676 951 2728 τοῦ
982 2672 1241 2746 Χριστοῦ,
1296 2668 1385 2723 καὶ
1439 2666 1690 2728 πολλοῦς
1747 2665 1796 2739 ἐξ
1853 2667 1951 2721 αῦ-

303 2768 414 2817 τῶν
477 2759 787 2831 ἐϐάπτιζον.
850 2761 950 2818 Καὶ
1026 2757 1468 2835 διαγνωσθέντες,
1554 2755 1952 2830 ἐκρατήθησαν,

305 2853 394 2906 καὶ
426 2851 804 2926 παρεδόθησαν
838 2848 1195 2925 Φιρμιλιανῷ
1250 2852 1329 2919 τῷ
1379 2844 1627 2923 ἄρχοντι.
1664 2844 1759 2899 Καὶ
1793 2842 1951 2921 ἐτύφ-

305 2953 471 3011 θησαν
507 2941 774 3015 ἰσχυρῶς·
830 2940 920 2994 καὶ
976 2939 1070 3000 τὰς
1111 2936 1350 3010 πλευρὰς
1388 2938 1521 3009 μετά
1567 2934 1736 3009 πυρὸς
1791 2954 1951 2987 κατε-

303 3032 536 3100 κάησαν.
572 3032 700 3085 Εἶτα
722 3028 1070 3099 ἀπελύθησαν
1103 3026 1188 3081 ἐπ’
1238 3026 1432 3087 αὐτοὺς
1464 3024 1702 3093 λέοντες,
1735 3022 1824 3077 καὶ
1854 3022 1954 3078 οὐκ

298 3118 566 3190 ἠδίκησαν
600 3119 812 3181 αὐτούς’
848 3118 974 3172 ἀλλ’
1006 3114 1335 3179 ἀπελθόντες
1367 3115 1419 3168 οἱ
1447 3112 1679 3182 λεοντες,
1702 3113 1793 3167 καὶ
1816 3133 1951 3186 προ-

2071 598 2211 652 Cum
2248 598 2425 672 igitur
2478 600 2870 673 quadraginta
2921 602 3048 657 dies
3100 618 3133 656 a
3162 602 3467 657 nativitate
3497 602 3713 657 Christi

2068 684 2296 758 impleti
2347 690 2615 750 fuissent.
2677 708 3046 762 puerumque
3094 692 3292 746 Jesum
3346 699 3621 764 parentes
3653 693 3713 747 in

2068 778 2354 848 templum
2386 780 2793 848 adduxissent,
2826 781 3155 835 secundum
3198 783 3610 852 praescriptum
3636 782 3714 837 le—

2067 868 2174 938 gis,
2210 869 2509 938 accipiens
2542 886 2675 923 eum
2700 870 2935 925 Simeon
2992 871 3052 924 in
3096 870 3267 925 ulnas
3326 888 3485 931 suas,
3520 871 3664 925 dixit
3701 889 3712 925 :

2069 957 2236 1010 Nunc
2273 956 2522 1013 dimittis
2545 975 2776 1013 servum
2810 966 2995 1016 tuum.
3052 960 3322 1019 Domine,
3380 960 3711 1015 secundum

2067 1043 2309 1099 verbum
2347 1054 2531 1115 tuum,
2567 1048 2625 1101 in
2650 1063 2790 1118 pace
2826 1066 2837 1101 :
2886 1048 3026 1118 quia
3058 1048 3331 1102 viderunt
3386 1050 3540 1103 oculi
3599 1050 3712 1103 mei

2068 1133 2327 1188 salutare
2361 1141 2545 1190 tuum.
2605 1138 2868 1207 Cumque
2928 1138 3345 1208 prophetasset
3392 1138 3464 1192 de
3496 1138 3709 1193 Christi

2068 1228 2279 1285 morte,
2313 1223 2501 1295 deque
2533 1226 3213 1297 cruce,etDeipara,qum
3234 1228 3431 1282 Jesum
3464 1227 3522 1281 in
3538 1244 3711 1282 cruce

2068 1311 2427 1383 pendentem
2460 1313 2659 1369 visura
2691 1320 2848 1369 esset
2905 1322 2961 1370 et
3015 1332 3266 1371 muarore
3315 1316 3708 1385 conficienda,

2068 1400 2441 1459 obdormivit.
2495 1402 2780 1459 Similiter
2810 1410 2868 1459 et
2917 1407 3087 1460 Anna
3116 1405 3332 1477 gratias
3363 1406 3480 1460 Deo
3513 1422 3711 1479 agens,

2067 1488 2247 1547 ﬁnem
2279 1490 2505 1549 vivendi
2534 1492 2691 1549 fecit.

2703 1706 2922 1762 Eodem
2963 1705 3058 1762 die

2070 1794 2214 1851 I57
2278 1794 2560 1851 Certamen
2608 1804 2920 1853 sanctorum
2986 1803 3291 1866 martyrum
3370 1796 3609 1851 Adriani
3660 1804 3711 1852 et

2207 1868 2432 1931 Eubuli,
2458 1871 2556 1937 qui
2583 1869 2837 1925 Caesareae
2869 1871 3199 1938 martyrium
3223 1870 3375 1937 passi
3417 1875 3566 1923 sunt.

2138 1955 2434 2011 Adrianus
2468 1965 2525 2012 et
2550 1958 2834 2025 Eubulus,
2870 1958 3083 2012 Christi
3137 1965 3448 2029 martyres,
3501 1960 3561 2012 in
3622 1975 3711 2027 ea,

2064 2060 2242 2114 quam
2282 2046 2535 2101 Baneam
2569 2047 2795 2113 dicunt,
2856 2048 3098 2116 regione
3150 2046 3291 2103 nati.
3351 2062 3485 2101 cum
3545 2047 3711 2101 Chri-

2064 2133 2239 2188 stiani
2274 2135 2475 2206 piique
2508 2144 2725 2201 essent,
2760 2153 2994 2191 summo
3028 2151 3165 2207 erga
3219 2142 3508 2207 martyres
3543 2137 3711 2190 Chri-

2063 2222 2257 2293 stique
2289 2226 2662 2281 confessores
2687 2226 2879 2280 studio
2912 2226 3132 2288 allecti,
3177 2226 3509 2280 Cassaream
3534 2226 3713 2297 petie-

2061 2319 2221 2382 runt,
2244 2319 2311 2368 ut
2357 2320 2594 2369 sanctos
2651 2314 2986 2370 carceribus
3044 2312 3306 2369 inclusos
3354 2314 3713 2373 visitarent:

2065 2417 2179 2471 quo
2200 2418 2334 2457 cum
2358 2403 2898 2474 pervenissent,eos
2920 2403 3227 2458 visitantes
3251 2403 3713 2458 consolabantur

2062 2495 2121 2544 et
2145 2491 2592 2546 confortabant:
2624 2492 2727 2547 sed
2788 2499 2845 2546 et
2901 2493 3153 2565 gentiles
3202 2492 3419 2547 Christi
3469 2492 3712 2548 verbum

2064 2575 2365 2643 docentes,
2409 2580 2629 2635 multos
2661 2596 2729 2634 ex
2757 2579 2841 2634 eis
2892 2578 3286 2651 baptizabant.
3311 2580 3500 2645 Quare
3532 2580 3713 2635 delati

2062 2671 2121 2721 et
2142 2668 2582 2739 comprehensi,
2619 2668 2963 2724 Firmiliano
3014 2670 3290 2740 prmfecto
3346 2668 3708 2723 traduntur:

2060 2756 2425 2827 cujusjussu
2462 2759 2721 2829 primum
2747 2758 3092 2831 gravissime
3118 2758 3429 2813 caeduntur
3453 2778 3466 2811 :
3486 2764 3545 2813 et
3564 2757 3707 2812 faci-

2058 2841 2168 2898 bus
2200 2844 2261 2899 in
2297 2844 2581 2901 lateribus
2605 2848 2819 2914 exusti,
2844 2846 2917 2901 ad
2952 2847 3153 2901 leones
3186 2847 3564 2902 damnantur.
3596 2845 3709 2901 Sed

2062 2949 2194 2988 cum
2229 2934 2456 2990 nullam
2502 2936 2574 2990 iis
2608 2953 2821 2991 noxam
2846 2936 3713 3007 leonesintulissent,quinpo-

2058 3023 2175 3078 tius
2201 3041 2398 3080 coram
2428 3025 2513 3081 eis
2544 3025 2943 3097 procidentes,
2978 3026 3218 3081 illorum
3251 3024 3430 3096 pedes
3482 3024 3709 3081 lambe-

2060 3114 2873 3177 rent,vehementiincitatus
2916 3116 3002 3171 ira
3061 3115 3394 3187 praefectus,
3446 3130 3546 3169 eos
3605 3115 3706 3171 de-

299 3214 657 3280 σκυνήσαντες
690 3209 907 3276 αὐτοὺς,
936 3206 1156 3283 ἔλειχον
1203 3204 1330 3268 τοῦς
1374 3202 1544 3264 πόδας
1598 3202 1795 3258 αὐτῶν·
1828 3203 1946 3259 τότε

300 3298 313 3312 ο
461 3310 470 3312 μ
519 3298 531 3312 \
607 3299 618 3312 α
665 3296 687 3307 θ’
976 3295 990 3312 \
1058 3300 1080 3310 ς
1126 3296 1152 3312 Λ
1244 3297 1271 3308 ο
1327 3292 1340 3312 ε
1463 3293 1507 3312 νο
1679 3294 1688 3302 ‘
1735 3311 1741 3312 κ
1822 3311 1827 3312 ,
1888 3290 1909 3312 1.

2063 3204 2267 3259 collari
2301 3204 2621 3273 mandavit,
2654 3212 2832 3276 atque
2855 3207 2936 3260 ita
2965 3205 3143 3260 vitam
3180 3203 3488 3259 ﬁnierunt.

293 3298 566 3373 ὀργισθεὶς
599 3299 627 3352 ὁ
662 3296 873 3372 ἅρχων,
904 3295 992 3350 καὶ
1015 3300 1095 3367 τῷ
1126 3296 1285 3366 θυμῷ
1321 3292 1637 3365 tim-#71:.
1672 3290 1943 3367 dum?"

296 3385 443 3441 λισεν
476 3387 695 3449 αὐτούς’
728 3386 817 3440 καὶ
854 3384 1027 3447 οὕτως
1068 3381 1484 3452 ἐτελειώθησαν.

844 3493 1023 3551 MUNI
1056 3494 1144 3571 T9
1175 3493 1378 3569 ΑΥΤῼ.

1079 3614 1117 3661 Δ

286 3699 555 3771 Ἀθλησις
584 3702 693 3754 τῶν
722 3696 894 3774 ἁγίων
932 3694 1243 3774 μαρτᾳύρων,
1276 3691 1479 3764 Παπῖα,
1539 3691 1818 3768 Διοδώρου
1848 3691 1940 3746 καὶ

906 3766 1271 3824 Κλαυδιανοῦ.

362 3864 596 3929 Παπίας,
630 3858 927 3935 Διόδωρος,
960 3857 1049 3913 καὶ
1083 3852 1418 3916 Κλαυδιανὸς
1453 3854 1504 3908 οἱ
1558 3850 1746 3908 σεπτοί
1800 3855 1940 3930 μάρ-

289 3972 445 4025 τυρες
474 3956 569 4006 τοῦ
601 3952 837 4023 Χριστοῦ
904 3949 1158 4022 ὑπῆρχον
1218 3943 1307 3999 ἐπὶ
1367 3944 1562 3998 Δεκίου
1618 3946 1716 3997 τοῦ
1777 3943 1938 4018 βασι-

294 4039 453 4109 λέως,
516 4041 574 4096 ἐκ
645 4047 744 4109 τῆς
801 4035 1017 4100 πόλεως
1074 4032 1406 4099 Ἀτταλείας,
1464 4034 1562 4101 τῆς
1622 4031 1938 4109 Παμφύλων

296 4128 901 4205 ἐπαρχίας.Βόσκοντες
944 4124 1001 4180 δὲ
1032 4124 1108 4185 εἷς
1162 4124 1261 4191 τὴν
1320 4119 1459 4176 ἰδίαν
1517 4121 1705 4196 χώραν
1763 4122 1936 4192 κτήνη

297 4216 545 4295 διάφορα,
580 4218 733 4290 ὅμως
766 4214 1083 4290 Χριστιανοὶ
1140 4214 1299 4281 ἦσαν,
1359 4211 1450 4265 καὶ
1504 4209 1784 4265 ἐδίδασκον
1814 4210 1939 4283 περὶ

291 4313 389 4362 τοῦ
422 4311 660 4381 Χριστοῦ
717 4306 843 4369 τοὺς
897 4299 1158 4372 ἓλληνας,
1209 4299 1299 4354 καὶ
1349 4299 1635 4374 ἐπέστεφον
1692 4297 1939 4360 πολλοὺς

291 4398 425 4463 πρὸς
489 4395 675 4451 αὐτόν.
766 4388 1159 4462 Διαὸλῃθέντες
1228 4387 1309 4457 δὲ,
1397 4389 1772 4462 ἔκρατήθησαν
1838 4388 1940 4442 ὑπὸ

291 4486 573 4543 Πουπλίου
602 4489 699 4539 τοῦ
732 4485 1002 4549 ἄρχοντος
1032 4487 1129 4547 τῆς
1180 4478 1532 4551 Παμφυλίας.
1585 4476 1681 4531 Καὶ
1730 4475 1938 4552 ἐρωτηο

288 4576 476 4645 θέντες,
511 4573 884 4649 ὡμολόγησαν
916 4568 1197 4646 παρρησίᾳ
1225 4568 1288 4623 τὸ
1319 4564 1492 4639 ὄνομα
1550 4569 1646 4621 τοῦ
1676 4568 1931 4640 Χριστοῦ,

286 4668 377 4719 τοῦ
407 4665 671 4731 ἀληθινοῦ
717 4666 850 4718 Θεοῦ
913 4662 1094 4732 ἡμῶν,
1154 4658 1243 4713 καὶ
1300 4653 1571 4726 ἐδίδαξαν,
1632 4654 1713 4709 δτι
1769 4654 1930 4719 αὐτός

286 4754 422 4809 ίστιν
455 4756 484 4810 ὁ
516 4756 757 4825 ποιήσας
795 4754 888 4807 τὸν
918 4750 1165 4825 οὐρανὸν,
1196 4746 1288 4803 καὶ
1349 4746 1447 4814 τήν
1501 4751 1628 4820 γῆν,
1689 4744 1781 4799 καὶ
1838 4746 1939 4815 τὴν

290 4844 582 4909 θάλασσαν,
625 4845 714 4897 καὶ
745 4844 920 4897 πάντα
948 4841 1016 4895 τὰ
1074 4837 1126 4893 ὲν
1185 4835 1393 4898 αὐτοῖς,
1456 4835 1546 4889 καὶ
1595 4833 1742 4903 πλὴν
1773 4834 1941 4890 αὐτοῦ

287 4933 454 4995 ἄλλος
481 4935 612 4995 Θεὸς
641 4933 741 4987 οῦκ
792 4931 925 4990 ἔστι.
987 4932 1166 4987 Ταῦτα
1195 4925 1431 4985 ἀκούσας
1464 4925 1492 4979 ὁ
1542 4924 1792 4997 ἡγεμὼν,
1846 4924 1938 4979 καὶ

288 5023 570 5097 χολώσας,
607 5022 988 5095 ἐτιμωρήσατο
1040 5015 1237 5075 αὐτοὺς
1297 5015 1562 5089 ἰσχυρῶς.
1593 5013 1681 5074 Ὦς
1743 5011 1797 5067 δὲ
1839 5012 1939 5068 οὐκ

286 5110 487 5167 ἔπεισεν
521 5113 849 5187 ἀρνήσασθαι
880 5110 971 5164 τὸν
1030 5111 1293 5181 Χριστὸν,
1344 5104 1483 5180 ξίφει
1541 5104 1638 5164 τὰς
1696 5102 1934 5180 κεφαλὰς

286 5202 455 5256 αῦτῶν
480 5201 740 5271 απέτεμε’
773 5200 863 5253 καὶ
895 5196 1037 5252 οὕτω
1066 5190 1468 5263 τελειωθέντες,
1525 5192 1793 5261 ἐτάφησαν
1829 5193 1933 5247 ὑπὸ

282 5296 384 5345 τῶν
418 5291 765 5365 Χριστιανῶν
799 5288 1051 5361 ἐντίμως,
1083 5286 1158 5347 εἶς
1187 5282 1343 5358 δόξαν
1375 5285 1610 5360 Χριστοῦ
1641 5287 1739 5337 τοῦ
1797 5286 1932 5338 Θεοῦ

281 5382 315 5451 ἡ
325 5385 437 5452 μῶν
447 5426 462 5441 .

852 5472 930 5542 τῇ
990 5466 1126 5540 αὐτῇ
1180 5464 1363 5538 ἡμέρᾳ

378 5570 608 5643 Μμήμη
639 5570 739 5622 τοῦ
773 5565 926 5621 ὁσίου
959 5565 1187 5643 Πᾳατρὸς.
1218 5566 1379 5634 ἡμῶν
1415 5556 1697 5635 Ἰσιδώρου
1726 5563 1823 5615 τοῦ

904 5635 1320 5707 Πηλουσιώτου.

346 5741 516 5804 Οὗτος
547 5741 577 5795 ὁ
612 5741 773 5814 ἅγιος
806 5737 1105 5812 Αἰγύπτιος
1151 5735 1359 5810 ἐγένετο
1390 5733 1498 5788 ἀπὸ
1538 5731 1755 5794 πόλεως
1813 5738 1930 5805 11η-

2606 3480 2848 3536 ΕΟΠΕΜ
2889 3477 3140 3535 MENSE.

2712 3597 2811 3651 Die
2843 3602 3055 3668 quarta

2050 3684 2197 3741 158
2226 3684 2513 3740 Certamen
2540 3692 2859 3741 sanctorum
2890 3692 3197 3755 martyrum
3235 3684 3444 3755 Papiae,
3481 3682 3706 3738 Diodori

2673 3765 2727 3812 et
2767 3758 3086 3814 Claudiam.

2121 3865 2352 3937 Papias,
2413 3864 2705 3922 Diodorus
2753 3870 2813 3921 et
2886 3865 3271 3932 Claudianus,
3332 3862 3705 3919 venerabiles

2050 3955 2262 4009 Christi
2290 3961 2599 4027 martyres,
2624 3956 2796 4011 Decio
2828 3955 3209 4027 imperatore,
3234 3970 3302 4008 ex
3322 3954 3467 4009 urbe
3486 3953 3701 4008 Attalia

2050 4044 2112 4098 in
2144 4045 2381 4117 regione
2410 4044 2774 4116 Pamphyliae
2794 4044 3051 4100 fuerunt.
3089 4046 3407 4099 Pascentes
3422 4043 3703 4097 autemin

2051 4133 2291 4204 propria
2322 4133 2561 4205 regione
2583 4134 2813 4188 diversa
2827 4130 3318 4198 animalia,simul
3342 4130 3520 4186 etiam
3540 4130 3705 4183 Chri-

2052 4221 2234 4275 stiani
2268 4228 2458 4290 erant,
2484 4221 2847 4292 verbumque
2876 4221 3095 4277 Christi
3122 4219 3376 4289 gentiles
3390 4217 3708 4283 docebant,

2052 4326 2310 4379 quorum
2334 4309 2630 4379 plurimos
2662 4309 2735 4364 ad
2788 4311 2984 4379 ipsum
3039 4306 3480 4364 convertebant.
3516 4306 3706 4369 Quare

2051 4396 2254 4461 delati,
2290 4403 2348 4452 et
2376 4415 2410 4453 a
2440 4398 2649 4453 Publio
2682 4398 3045 4469 Pamphylia:
3102 4396 3382 4468 praefecto
3434 4408 3705 4465 compre-

2052 4485 2244 4552 hensi,
2278 4492 2457 4556 atque
2488 4486 2856 4558 interrogati,
2915 4501 3130 4558 magna
3178 4484 3454 4539 libertate
3484 4497 3705 4538 nomen

2052 4574 2267 4629 Christi
2300 4574 2419 4630 veri
2453 4574 2555 4631 Dei
2614 4576 2800 4631 nostri
2860 4574 3117 4631 confessi
3177 4580 3340 4643 sunt,
3395 4574 3701 4642 docentes,

2046 4667 2252 4737 ipsum
2284 4683 2412 4723 esse
2442 4666 2542 4738 qui
2574 4666 2712 4723 fecit
2737 4667 3042 4734 coalum,et
3072 4672 3312 4735 terram,
3347 4671 3405 4722 et
3428 4682 3614 4733 mare,
3648 4672 3704 4721 et

2053 4756 2257 4811 omnia
2310 4773 2441 4827 qua:
2474 4757 2536 4812 in
2590 4757 2675 4813 eis
2735 4763 2894 4823 sunt,
2944 4775 3056 4814 nec
3104 4773 3232 4813 esse
3282 4756 3467 4811 alium
3516 4755 3703 4810 Deum

2049 4852 2267 4917 praeter
2285 4847 2731 4918 ipsum.Quibus
2752 4847 2972 4904 auditis
2988 4846 3425 4904 excandescens
3448 4847 3486 4901 ‘l
3501 4846 3601 4901 59
3615 4844 3704 4900 ira

2049 4935 2367 5007 praefectus
2399 4937 2742 5010 gravissime
2776 4954 2877 4993 eos
2904 4938 3264 4994 excruciavit
3288 4956 3299 4992 :
3326 4952 3587 5005 cumque
3631 4934 3705 4989 ad

2049 5027 2467 5099 abnegandum
2521 5029 2821 5083 Christum
2858 5028 3138 5083 inducere
3170 5028 3467 5098 nequiret,
3501 5023 3698 5097 gladio

2048 5117 2241 5187 capita
2262 5117 2558 5187 amputari
2594 5117 2776 5187 jussit
2803 5134 2815 5170 :
2868 5133 3121 5188 quorum
3182 5132 3433 5187 corpora
3466 5130 3499 5168 a
3532 5112 3701 5167 Chri.

2046 5205 2255 5259 stianis
2279 5205 2608 5260 honorifice
2634 5205 2867 5277 sepulta
2899 5212 3041 5261 sunt
3068 5205 3142 5261 ad
3172 5206 3424 5279 gloriam
3482 5199 3702 5256 Christi

2044 5293 2145 5348 Dei
2190 5294 2402 5349 nostri.

2685 5474 2907 5531 Eodem
2948 5475 3043 5529 die

2108 5569 2264 5625 ιοο
2296 5570 3171 5698 CommemoratiopsanctitPatris
3204 5572 3385 5627 nostri
3413 5566 3629 5623 Isidori

2780 5662 2805 5698 e
2830 5660 2947 5698 usw
2976 5661 3041 5697 ιε.

2780 5660 3041 5699 ειιιειοεέε.

2106 5740 2222 5794 Iste
2254 5745 2494 5795 sanctus
2528 5742 2826 5815 Egyptius
2849 5756 2919 5796 ex
2951 5739 3098 5795 urbe
3131 5731 3697 5801 Pelusio,nobilibus
