4072 6194
330 369 446 428 295

1647 351 2074 416 MENOLOGlI
2121 354 2216 416 PA
2231 357 2319 416 BS
2363 355 2438 417 ll.

3627 355 3745 415 296

331 502 566 575 piisque
613 499 966 573 parentibus
1025 499 1221 561 natus,
1270 489 1604 562 Theophili,
1653 495 1715 545 et
1771 486 1976 560 Cyrilli

2095 486 2308 544 louaiou
2365 487 2696 565 λεγομένης,
2753 489 2869 552 υἱὸς
2926 487 3159 563 εὐγενῶν
3211 487 3299 544 καὶ
3349 481 3587 543 εὐσεϐῶν
3637 507 3740 562 γοε-

330 591 705 648 Alexandriw
738 589 1148 660 episc0porum
1183 583 1576 654 propinquus,
1637 577 1821 635 sacris
1843 593 1977 648 pro-

331 681 606 752 fanisque
662 678 876 734 litteris
937 675 1158 745 optime
1195 673 1524 727 instructus
1552 675 1682 735 est;
1716 667 1819 723 sed
1877 665 1982 720 Dei

335 786 596 828 amorem
631 766 846 822 saeculo
883 779 1257 836 pra'ponens.
1282 759 1648 833 parentibus,
1682 756 1894 829 opibus
1925 759 1986 810 et

333 860 522 932 gloria
551 856 859 912 abdicatis.
888 855 948 908 in
981 859 1243 908 montem
1273 868 1392 906 non
1425 849 1628 922 procul
1656 865 1692 902 δ,
1745 845 1982 900 Pelusio

331 948 578 1004 secessit
609 963 622 1000 :
655 946 756 1000 ubi
779 944 1112 1000 monachus
1142 943 1658 1010 factus,vitamque
1692 935 1981 1006 tranquil-

334 1037 451 1091 lam
485 1051 684 1107 agens,
709 1049 950 1089 omnem
981 1048 1218 1103 operam
1274 1045 1440 1085 suam
1496 1045 1654 1083 nunc
1685 1024 1980 1098 precibus,

331 1141 493 1180 nunc
516 1124 802 1178 librorum
827 1121 1310 1177 commentationi
1327 1115 1733 1184 dabat,orbem
1752 1114 1987 1168 univer-

336 1230 467 1268 sum
490 1212 760 1284 epistolis
829 1211 950 1266 suis
993 1209 1365 1274 illuminans,
1419 1220 1746 1275 omnesque
1787 1217 1986 1258 sacras

335 1304 670 1374 Scripturas
693 1301 765 1355 iis
787 1300 1387 1371 exponens.Cumque
1413 1295 1633 1350 multos
1651 1293 1984 1356 direxisset,

337 1397 394 1446 et
423 1390 740 1445 virtutibus
789 1389 982 1443 claros
1013 1387 1309 1443 effecisset
1341 1389 1484 1455 (non
1526 1384 1685 1438 enim
1730 1381 1988 1453 privatos

334 1486 564 1534 tantum
594 1477 981 1550 epistolarum
1014 1492 1256 1530 suarum
1285 1470 1850 1543 doctrinisjuvabat,
1884 1466 1988 1523 sed

335 1568 514 1623 etiam
537 1567 862 1639 principes,
886 1571 945 1621 et
973 1566 1390 1636 episcopos,'et
1419 1563 1811 1633 imperatores
1838 1574 1850 1612 :
1885 1556 1990 1612 de-

334 1658 455 1713 cies
485 1663 683 1712 autem
725 1655 891 1711 mille
952 1654 1237 1727 epistolas
1269 1651 1668 1724 conscripsit),
1699 1649 1817 1705 vita
1847 1663 1986 1704 san-

341 1747 605 1803 ctissime
635 1751 935 1802 transacta
967 1743 1345 1800 obdormivit.

975 2011 1200 2068 Eodem
1247 2011 1344 2067 die

447 2105 594 2162 ιοι
625 2104 908 2163 Certamen
936 2104 1272 2229 sacrgsancti
1317 2103 1580 2172 martyris
1625 2098 1882 2154 Abramii

1094 2190 1244 2229 ersz.

1094 2190 1244 2230 ετεω.

411 2356 726 2412 Abramius
760 2359 1178 2424 sacromartyr,
1207 2351 1518 2424 cujusdam
1550 2351 1716 2406 urbis
1747 2351 1808 2406 in
1837 2351 1980 2405 Per-

349 2446 476 2502 side
508 2447 844 2517 episcopus,
878 2445 1096 2515 Sapore
1126 2445 1439 2498 Persarum
1470 2441 1666 2513 potius
1707 2447 1983 2513 tyranno,

335 2552 514 2606 quam
545 2551 702 2606 rege,
737 2540 1047 2589 accusatus
1080 2549 1112 2586 a
1152 2532 1352 2604 Magis.
1387 2531 1486 2602 qui
1520 2547 1716 2602 ignem
1766 2530 1986 2584 solem-

335 2643 448 2696 que
480 2624 774 2690 colebant,
811 2621 969 2693 quod
998 2623 1058 2676 in
1098 2621 1395 2676 Christum
1429 2620 1700 2675 crederet
1729 2633 1984 2690 eumque

344 2717 662 2780 adoraret,
722 2713 1298 2785 comprehenditur,
1367 2712 1698 2783 ferreisque
1757 2711 1984 2768 catenis

334 2805 585 2864 vinctus.
621 2804 693 2859 ad
725 2803 1056 2874 principem
1085 2819 1391 2875 magorum
1423 2802 1741 2858 adducitur
1773 2819 1844 2869 ;a
1867 2817 1982 2873 quo

340 2894 684 2966 compulsus
707 2893 1002 2948 Christum
1037 2892 1290 2963 ejurare.
1317 2899 1375 2947 et
1413 2897 1737 2956 creaturas,
1797 2891 1984 2946 solem

335 2983 567 3039 scilicet
590 2982 908 3053 ignemque
941 2980 1188 3036 adorare
1222 2980 1354 3051 (hos
1384 2981 1542 3035 enim
1575 2980 1822 3036 deorum
1855 2979 1985 3035 loco

333 3071 562 3128 seducti
597 3075 785 3126 Persas
828 3069 1147 3140 habebant)
1182 3087 1194 3124 :
1224 3087 1356 3126 cum
1417 3069 1492 3126 ad
1523 3069 1581 3124 id
1631 3069 1832 3125 induci
1865 3085 1986 3125 non

331 3168 552 3236 posset,
586 3162 917 3218 innumeris
949 3161 1262 3216 tormentis
1295 3159 1708 3233 subjicitur,ad
1731 3175 1985 3231 quorum

341 3251 578 3325 singula
605 3250 903 3306 Christum
938 3249 1240 3317 invocans,
1293 3249 1524 3317 aiebat;
1558 3250 1804 3305 Domine
1846 3250 1983 3304 Jesu
2015 3219 2060 3284 Ο

330 3342 558 3398 Christe
594 3342 766 3408 Deus,
799 3341 1011 3412 adjuva
1041 3355 1135 3395 me
1157 3355 1389 3396 servum
1421 3345 1610 3406 tuum,
1643 3339 1784 3411 quia
1840 3339 1901 3394 in
1929 3344 1984 3394 te

334 3432 584 3488 conlidit
607 3431 809 3486 anima
837 3444 992 3486 mea.
1020 3431 1339 3502 Postquam
1387 3435 1586 3485 autem
1608 3445 1642 3485 a
1671 3427 1984 3484 tormentis

334 3526 573 3593 ereptus
605 3525 782 3588 esset,
805 3519 866 3575 in
890 3536 1189 3576 carcerem
1222 3518 1562 3575 detruditur
1598 3535 1611 3573 :
1646 3518 1802 3574 unde
1851 3535 1984 3574 rur-

327 3627 427 3666 sus
450 3609 720 3674 eductus,
753 3613 1084 3679 tortusque,
1117 3607 1359 3663 demum
1388 3608 1606 3680 gratias
1629 3608 1746 3663 Deo
1779 3624 1981 3680 agens,

331 3697 681 3753 decollatur.

895 3888 1137 3946 EODEM
1167 3890 1420 3947 MENSE.

1006 3996 1111 4052 Die
1143 3997 1352 4068 quinta

503 4123 658 4180 162
684 4121 968 4180 Certamen
1007 4127 1213 4179 sanctae
1247 4122 1482 4193 Agathe:
1515 4125 1798 4194 martyris.

395 4304 615 4376 Martyr
643 4301 856 4358 Christi
887 4301 1114 4375 Agatha
1136 4301 1414 4358 Panormi
1458 4302 1519 4357 in
1570 4302 1771 4358 Sicilia
1818 4308 1978 4371 nata,

323 4395 534 4461 forma,
569 4394 808 4466 pietate,
842 4393 1086 4461 divitiis,
1120 4393 1344 4464 Deique
1374 4393 1586 4448 timore
1623 4394 1803 4463 clara,
1839 4401 1982 4450 tem-

325 4484 572 4556 poribus
603 4483 770 4554 impii
798 4481 1176 4553 imperatoris
1197 4481 1357 4537 Decii
1379 4483 1981 4554 comprehensa,etad

2089 580 2222 634 νέων
2284 584 2556 653 συγγενεῖς
2613 576 2670 634 δὲ
2732 574 2880 654 ἔχων
2943 577 3234 654 Θεόφιλον,
3295 578 3384 631 καὶ
3472 573 3744 651 Κόριλλον

2087 669 2215 729 τοὺς
2245 671 2344 737 τῆς
2389 665 2800 742 Ἀλεξανδρείας
2861 666 3224 731 ἐπισκόπους,
3283 662 3475 740 ἔμαθεν
3537 665 3600 720 οῦ
3643 666 3746 739 μό-

2088 758 2278 812 νοντά
2316 758 2436 832 ἰερὰ
2485 759 2788 832 γράμματα
2837 764 2937 826 τῆς
2996 753 3102 812 ἔσω
3167 763 3401 835 γραφῆς,
3462 754 3609 811 ἀλλὰ
3657 754 3750 810 καὶ

2089 856 2188 918 τῆς
2220 844 2342 918 ἔξω,
2371 848 2460 903 καὶ
2493 848 2706 923 ἐγένετο
2740 847 2930 926 σοφός.
2993 847 3308 923 ’Δγαπησας
3367 843 3426 900 δὲ
3480 845 3574 900 τὸν
3607 845 3738 900 Θεὸν

2090 937 2280 993 πλεῖον
2307 942 2404 993 τοῦ
2435 938 2669 1012 κόσμου,
2700 937 2963 993 κατέλιπε
3018 937 3107 992 καὶ
3166 941 3362 1011 γονεῖς,
3419 933 3512 990 καὶ
3563 931 3743 989 πλοῦ-

2089 1049 2206 1098 τον,
2236 1025 2538 1099 καὶδόξαν.
2575 1029 2681 1084 Καὶ
2725 1023 2992 1084 κατέλαϐε
3048 1031 3110 1082 τὸ
3169 1023 3322 1101 ὅρος,
3378 1025 3440 1080 τὸ
3499 1023 3740 1095 πλησίον

2089 1119 2338 1190 κείμενον
2366 1122 2462 1173 τοῦ
2511 1117 2852 1188 Πηλουσίου,
2907 1116 2997 1171 καὶ
3052 1115 3256 1190 ἐγένετο
3321 1113 3590 1188 μοναχός.
3648 1115 3740 1170 Ἐν

2092 1207 2139 1278 ᾦ
2171 1206 2260 1260 καὶ
2301 1205 2622 1282 ἡσυχάζων,
2677 1207 2764 1260 καὶ
2814 1209 2896 1277 τῷ
2948 1209 3065 1277 Θεῷ
3126 1203 3593 1279 προσευχόμενος,
3650 1201 3749 1256 καὶ

2090 1296 2184 1357 τὰς
2218 1291 2447 1372 βίϐλους
2480 1294 2813 1369 ἐκμελετῶν,
2842 1307 2944 1363 τήν
3003 1288 3332 1367 οἰκουμένην
3381 1291 3592 1346 ἃπασαν
3655 1287 3747 1346 διὰ

2091 1391 2200 1443 τῶν
2260 1385 2560 1442 ἐπιστολῶν
2615 1388 2972 1464 κατεφώτισε,
3031 1391 3202 1440 πᾶσαν
3263 1384 3481 1461 Γραφήν
3538 1380 3609 1438 δι’
3646 1380 3747 1437 αὖ·

2094 1481 2202 1533 τῶν
2243 1475 2607 1552 ἑρμηνεύσας,
2637 1476 2724 1531 καὶ
2783 1474 3033 1537 πολλοὺς
3091 1471 3419 1550 διορθώσας,
3478 1471 3570 1527 καὶ
3626 1471 3746 1526 ἐνα-

2096 1567 2283 1641 ρέτους
2321 1565 2700 1640 ἐργασάμενος*
2762 1563 2828 1618 οὗ
2881 1563 3045 1637 μόνον
3089 1563 3194 1638 γὰρ
3253 1560 3479 1624 ῗδιώτας
3534 1558 3741 1637 ὠφέλει

2097 1648 2187 1707 διὰ
2205 1657 2304 1721 τῆς
2334 1648 2688 1713 διδασκαλίας
2715 1654 2824 1706 τῶν
2873 1647 3178 1705 ἐπιστολῶν
3205 1647 3394 1720 αὐτοῦ,
3453 1644 3600 1701 ἀλλὰ
3653 1644 3750 1700 καί

2095 1735 2387 1813 ἄρχοντας,
2444 1736 2533 1792 καὶ
2598 1735 2952 1804 ἐπισκόπους,
3004 1733 3094 1790 καὶ
3148 1730 3418 1811 βασιλεῖς.
3495 1725 3633 1786 Δίκα
3685 1727 3747 1786 δέ

2015 1852 2064 1918 Β
2094 1823 2354 1918 χιλιάδες
2410 1826 2624 1902 γράψας
2683 1823 2998 1896 ἐπιστολὰς,
3080 1823 3171 1880 καὶ
3252 1821 3440 1884 καλῶς
3515 1820 3745 1897 βιώσας,

2096 1914 2295 1990 ικοιμή
2305 1917 2398 1985 θη.

2680 2021 2764 2094 Τῇ
2796 2018 2932 2092 αὖτῇ
2963 2019 3147 2094 ἡμέρᾳ

2169 2108 2438 2181 ’Λθλησις
2465 2112 2562 2165 τοῦ
2590 2110 2748 2186 ἁγίου
2789 2109 3190 2236 ίῦεἱομάρτυρος
3239 2100 3546 2180 Ἀϐραμίου
3574 2109 3674 2162 τοῦ

2889 2200 3040 2236 οσου.

2888 2200 3040 2257 ρσου.

2169 2357 2468 2437 Ἀϐράμιος
2527 2363 2554 2417 ὁ
2607 2361 2934 2434 ἱερομάρτυς
2993 2359 3240 2432 ὑπῆργεν
3293 2355 3586 2419 ἐπίσκοπος
3621 2359 3754 2428 μιᾶς

2097 2451 2314 2514 πόλεως
2369 2456 2479 2507 τῶν
2531 2450 2581 2506 ἒν
2641 2446 2884 2524 Περσίδι,
2939 2447 3025 2503 ἐπὶ
3061 2442 3348 2520 Σαϐωρίου
3393 2451 3492 2501 τοῦ
3526 2448 3748 2521 Περσῶν

2097 2541 2360 2618 τυράννου
2395 2539 2632 2614 μᾶλλον,
2689 2539 2724 2608 ἢ
2791 2538 3082 2614 βασιλέως.
3135 2533 3491 2609 Λοιδορηθεὶς
3540 2533 3598 2590 δὲ
3652 2533 3750 2588 καὶ

2099 2627 2422 2700 διαϐληθεὶς
2452 2629 2596 2705 παρᾶ
2625 2633 2731 2683 τῶν
2763 2629 2825 2683 τὸ
2857 2632 2965 2703 πῦρ
3003 2627 3093 2682 καὶ
3151 2628 3242 2681 τὸν
3291 2623 3454 2696 ἤλιον
3512 2620 3746 2698 σεϐομέ-

2098 2743 2203 2776 νων
2265 2720 2491 2795 Μάγων,
2559 2718 2643 2773 ’ὁτι
2695 2722 2773 2790 τῷ
2831 2721 3052 2791 Χριστῷ
3107 2716 3370 2785 πιστεύει,
3431 2715 3522 2770 καὶ
3581 2715 3748 2772 αὐτὸν

2099 2805 2341 2876 σέϐεται,
2397 2806 2695 2882 ἐκρατήθη.
2757 2807 2856 2862 Καὶ
2932 2803 3105 2866 δεθεὶς
3183 2801 3411 2878 δεσμοῖς
3475 2801 3751 2880 σιδηροῖς,

2098 2899 2392 2975 προσήχθη
2425 2899 2502 2969 τῷ
2533 2895 2890 2972 Ἀρχιμάγῳ.
2940 2893 3038 2948 Καὶ
3072 2895 3159 2950 ὑπ’
3191 2892 3396 2949 ἐκείνου
3429 2893 3746 2968 ἠναγκάσθη

2098 2991 2430 3065 ἀρνήσασθαι
2512 2986 2606 3042 τὸν
2665 2985 2919 3061 Χριστὸν,
3001 2985 3091 3040 καὶ
3170 2990 3541 3060 προσκυνῆσαι
3619 2989 3746 3049 τοῖς

2095 3079 2376 3151 κτίσμασι,
2405 3081 2486 3148 τῷ
2516 3075 2683 3149 ἡλίῳ,
2715 3073 2806 3129 καὶ
2863 3078 2942 3146 τῷ
2991 3072 3142 3150 πυρί.
3200 3077 3378 3130 Ταῦτα
3431 3073 3534 3148 γὰρ
3587 3075 3748 3148 εἶχον

2097 3168 2172 3230 ὡς
2191 3165 2344 3229 θεοὺς
2374 3165 2425 3220 οἳ
2457 3161 2870 3236 πεπλανημένοι
2904 3164 3122 3237 Πέρσαι.
3159 3163 3248 3226 Ὠς
3278 3160 3336 3218 δὲ
3365 3163 3465 3219 οὐκ
3495 3162 3750 3235 ἐπείσθη,

2097 3255 2316 3330 μυρίαις
2347 3247 2630 3324 ὑπεϐλήθη
2657 3252 2976 3326 τιμωρίαις.
3012 3251 3111 3308 Καὶ
3142 3252 3278 3307 κατὰ
3338 3263 3464 3326 μίαν
3498 3253 3731 3327 βάσανον

2094 3342 2416 3400 ἐπεκαλεῖτο
2471 3341 2566 3397 τὸν
2645 3341 2907 3416 Χριστὸν,
2966 3339 3055 3395 καὶ
3115 3339 3318 3418 ἔλεγεν·
3371 3341 3532 3416 Κύριε
3563 3341 3748 3413 Ἰησοῦ

2092 3432 2310 3507 Χριστέ,
2341 3432 2371 3487 ὁ
2402 3431 2553 3499 Θεὸς,
2582 3429 2771 3504 βοήθει
2805 3450 2900 3502 μοι
2929 3433 3009 3500 τῷ
3033 3425 3219 3502 δούλῳ
3251 3449 3369 3498 σου,
3400 3429 3482 3485 ὅτι
3535 3429 3622 3485 ἐπὶ
3655 3429 3746 3486 σοὶ

2091 3518 2346 3578 πέποιθεν
2379 3522 2413 3590 ἡ
2441 3519 2595 3594 ψυχή
2633 3540 2759 3592 μου·
2801 3518 2892 3573 καὶ
2950 3517 3040 3573 ὅτε
3085 3516 3318 3594 ἐρῥόσθη
3349 3525 3449 3588 τῆς
3481 3519 3742 3594 βασάνου,

2090 3607 2410 3667 ἀπεκλείετο
2441 3606 2493 3663 ἐν
2510 3611 2580 3680 τῇ
2613 3605 2852 3682 φυλακῇ·
2881 3605 2972 3662 καὶ
3002 3605 3168 3662 πάλιν
3230 3606 3292 3662 ἐκ
3341 3609 3442 3676 τῆς
3490 3606 3746 3685 φυλακῆς

2091 3693 2528 3772 ἐκϐαλλόμενος,
2584 3690 2948 3765 ἐϐασανίζετο*
3002 3694 3092 3751 καὶ
3140 3693 3455 3752 τελευταῖον
3509 3700 3588 3770 τῷ
3616 3697 3738 3770 Θιῷ

2092 3788 2451 3866 εὐχαριστῶν,
2485 3784 2914 3864 ἀπεκεφαλίσθη.

2621 3886 2800 3943 MHNI
2854 3891 2938 3963 τᾳ
2998 3886 3196 3966 arm.

2888 4001 2940 4058 E'

2301 4118 2573 4191 ’Λθλησις
2602 4125 2702 4189 τῆς
2733 4117 2892 4194 ἁγίας
2936 4119 3213 4196 μάρτυρος
3262 4118 3518 4194 Ἀγᾶθης.

2157 4307 2220 4360 «η
2254 4285 2460 4380 μάρτυς
2516 4304 2616 4357 τοῦ
2675 4300 2912 4375 Χριστοῦ
2969 4300 3194 4376 Ἀγάθη,
3255 4297 3466 4375 ὶγὲνετο
3519 4297 3580 4354 ἐκ
3635 4306 3740 4370 τῆς

2088 4395 2307 4456 πόλεως
2361 4391 2651 4463 Πανόρμου
2697 4395 2798 4459 τῆς
2853 4388 2905 4444 ἰν
2968 4387 3209 4460 Σικελίᾳ·
3272 4387 3542 4466 εὔμορφος
3597 4388 3741 4445 πάνυ

2089 4485 2180 4541 καὶ
2242 4481 2434 4557 ὡραία·
2490 4482 2556 4549 ἧν
2617 4476 2676 4533 δὲ
2739 4478 2830 4534 καὶ
2890 4473 3151 4547 εὐλαϐής,
3210 4477 3301 4533 καὶ
3358 4477 3618 4548 πλουσία,
3645 4477 3741 4534 καὶ

328 4571 673 4643 praefectum
698 4572 1016 4642 provinciis
1047 4571 1322 4638 adducta,
1356 4571 1725 4642 Aphrodisia:
1744 4573 1982 4628 mulieri

2095 4574 2182 4630 τὸν
2230 4570 2360 4627 Θεὸν
2421 4563 2763 4648 φοϐουμένη.
2835 4565 2958 4623 Ἐπὶ
3018 4563 3076 4621 δὲ
3155 4569 3257 4636 τῆς
3337 4565 3587 4642 βασιλίας
3641 4571 3743 4624 τοῦ

328 4661 674 4720 traditur.ut
703 4660 1004 4716 illecebris
1026 4661 1276 4716 delinita
1300 4661 1684 4718 induceretur
1712 4663 1786 4718 ad
1816 4663 1980 4720 Chri-

328 4756 486 4805 stum
513 4747 891 4819 ejurandum,
929 4755 986 4802 et
1012 4750 1265 4804 colenda
1288 4751 1448 4806 idola
1483 4752 1620 4807 :sed
1651 4769 1785 4808 cum
1815 4753 1886 4809 ad
1919 4753 1978 4808 id

333 4836 569 4894 suaderi
599 4851 716 4890 non
750 4837 1124 4908 posset,quin
1142 4839 1339 4908 potius
1357 4857 1461 4910 pro
1475 4840 1706 4897 Christo
1730 4849 1978 4898 mortem

329 4930 580 4998 optaret,
625 4925 974 4995 gravissime
1029 4925 1295 4992 caeditur,
1353 4928 1526 4998 eique
1575 4930 1980 4987 mamillarxm

331 5031 454 5070 una
474 5013 865 5069 abscinditur.
910 5012 1023 5068 Sed
1052 5013 1112 5068 in
1144 5030 1442 5070 carcerem
1473 5019 1760 5090 conjecta;
1802 5025 1981 5075 noctu

333 5112 576 5164 sanctus
610 5107 819 5160 Petrus
878 5105 1182 5175 apostolus
1240 5123 1554 5178 apparens,
1614 5117 1981 5181 amputatam

324 5194 676 5262 mamillam,
706 5193 804 5248 Dei
826 5195 1033 5266 gratia,
1068 5211 1274 5250 sanam
1299 5197 1577 5254 restituit.
1611 5199 1754 5254 Tum
1787 5216 1817 5254 e
1849 5217 1982 5256 car-

326 5300 459 5340 cere
492 5282 724 5350 educta,
761 5300 939 5355 super
984 5283 1248 5340 minutas
1297 5286 1545 5341 testulas
1602 5293 1891 5358 raptatur,
1925 5294 1984 5344 et

325 5375 460 5446 igne
492 5371 830 5426 amburitur
863 5389 876 5427 :
917 5378 1096 5444 atque
1149 5373 1223 5429 ab
1286 5373 1377 5430 his
1435 5375 1732 5443 omnibus,
1766 5377 1984 5432 Christi

323 5463 561 5527 virtute,
595 5461 867 5526 liberata,
900 5461 1116 5517 iterum
1148 5463 1210 5518 in
1242 5464 1577 5519 custodiam
1611 5464 1981 5522 includitur:

323 5549 424 5604 ubi
453 5550 570 5604 Deo
601 5549 818 5621 gratias
847 5566 1050 5623 agens,
1083 5556 1142 5606 et
1173 5569 1372 5617 orans,
1403 5551 1676 5608 decessit.

2083 4660 2408 4738 παρανόμου
2468 4658 2658 4713 Δεκίου
2714 4657 3065 4731 κρατηθεῖσα,
3095 4660 3176 4728 τῷ
3215 4658 3314 4724 τῆς
3367 4657 3555 4732 χώρας
3606 4660 3746 4734 ἦγε.

2091 4751 2216 4828 μόνι
2295 4749 2644 4824 προσάγεται·
2723 4745 2813 4801 καὶ
2896 4742 3168 4820 παρεδόθη
3237 4743 3558 4824 Ἀφροδικίᾳ
3629 4747 3737 4802 τινὶ

2087 4836 2442 4918 γυναικὶ,’ίνα
2489 4837 2625 4910 μετὰ
2681 4834 2992 4910 πραότητος
3049 4834 3210 4910 πείσῃ
3261 4835 3430 4903 αὐτὴν
3499 4835 3742 4911 ἀρνήσα-

2092 4943 2213 4995 σθαι
2271 4929 2362 4983 τὸν
2417 4925 2670 5000 Χριστὸν,
2725 4925 2812 4979 καὶ
2871 4927 3242 4997 προσκυνῆσαι
3287 4929 3405 4987 τοῖς
3461 4923 3744 4988 malm.

2087 5028 2175 5080 Ὠς
2209 5017 2266 5073 δὲ
2297 5016 2395 5072 οὐκ
2423 5013 2667 5083 ἐπείσθη,
2713 5011 2861 5068 ἀλλᾶ
2922 5011 3137 5085 μᾶλλον
3195 5012 3390 5081 ἢθελεν
3451 5014 3585 5088 ὑπὲρ
3642 5018 3747 5069 τοῦ

2092 5111 2328 5184 Χριστοῦ
2360 5107 2672 5173 ἀποθανεῖν,
2717 5105 2974 5159 τύπτεται
3032 5103 3295 5178 ἰσχυρῶς,
3355 5103 3445 5159 καὶ
3499 5106 3594 5160 τὸν
3651 5102 3748 5161 ἕνα

2089 5203 2196 5254 τῶν
2256 5200 2472 5271 μαστῶν
2523 5194 2862 5251 ἐκκόπτεταιο
2916 5193 3045 5249 ἀλλ’
3076 5193 3248 5258 ἐλθὼν
3283 5193 3333 5249 ἐν
3392 5197 3460 5268 τῇ
3516 5193 3744 5270 φυλακῇ

2093 5286 2184 5344 διὰ
2209 5294 2310 5357 τῆς
2337 5285 2530 5347 νυκτὸς
2587 5287 2615 5340 ὁ
2677 5285 2828 5360 ἅγιος
2883 5285 3088 5359 Πέτρος
3137 5284 3165 5338 ὁ
3221 5283 3547 5356 ἀπόστολος,
3607 5289 3748 5340 Θεοῦ

2093 5377 2303 5453 χάριτι,
2334 5377 2428 5432 τὸν
2463 5374 2760 5432 ἐκκοπέντα
2797 5365 3023 5449 ’μαστὸν
3087 5375 3211 5450 ὑγιῆ
3273 5375 3550 5447 ἐποίησεν.
3608 5377 3748 5435 Εἶτα

2094 5467 2384 5538 ἐξελθοῦσα
2413 5472 2514 5536 τῆς
2571 5463 2843 5544 φυλακῆς,
2903 5463 3086 5520 ἐπάνω
3141 5466 3485 5537 κεκομμένου
3547 5464 3749 5540 ὀστρά-

2095 5577 2194 5612 κου
2225 5555 2463 5631 σόρεταιο
2514 5555 2602 5611 καὶ
2657 5555 2790 5630 μετᾶ
2842 5557 3012 5610 ταῦτα
3073 5549 3166 5608 διὰ
3219 5555 3390 5630 πυρὸς
3471 5554 3748 5633 καταφλέ-

323 5657 500 5713 γεται.
532 5637 621 5700 Ὡς
647 5633 705 5692 δὲ
736 5635 796 5692 ἐκ
823 5638 1030 5694 τούτων
1061 5640 1300 5709 πάντων,
1330 5643 1398 5713 τῇ
1431 5643 1526 5695 τοῦ
1558 5641 1800 5716 Χριστοῦ
1833 5639 2083 5717 δυνάμει,
2118 5645 2279 5720 ὑγιὴς
2311 5641 2682 5722 διεφυλαχθη,
2714 5643 2878 5700 πάλιν
2918 5639 3245 5712 ἀπεκλείσθη
3281 5642 3336 5698 ὲν
3393 5650 3462 5715 τῆ
3497 5642 3744 5723 φυλακῆ.

322 5727 412 5783 καὶ
442 5726 555 5783 ἐκεῖ
583 5725 980 5803 εὐχαριστοῦσα
1005 5733 1086 5801 τῷ
1115 5733 1254 5801 Θεῷ,
1286 5731 1371 5783 καὶ
1406 5733 1852 5806 προσευχομένη,
1882 5731 2202 5805 ἐτελειώθη.
