4072 6194
285 325 405 384 297

844 452 1029 506 manu
1055 451 1141 525 τᾳ
1180 444 1387 520 ΑΥἸᾮ.

1100 562 1162 631 ζ’.

285 679 561 748 ’Δθλησις
611 678 714 730 τοῦ
772 672 930 749 άγίοο
1003 671 1275 800 μὲἱρτυρος
1362 665 1670 723 Ἰουλιανοῦ
1730 669 1826 720 τοῦ
1902 665 1957 721 ἓν

1072 761 1238 816 μεσῃ.

363 869 545 928 Οὗτος
584 867 834 939 ὑπῆρχεν
864 862 969 917 ἀπὸ
1015 860 1250 932 Ἐμέσης
1294 863 1395 926 τῆς
1444 853 1682 939 πᾷλεῳς·
1734 856 1872 919 Νέας
1901 853 1960 939 δξ

293 948 362 1004 ὧν
426 946 603 1021 ἔμαθε
653 935 780 1014 τὴν*
815 942 1062 1015 ἰατρικὴν
1144 939 1370 1014 τέχνην,
1428 936 1517 992 καὶ
1604 936 1811 1011 ἷάτρευε
1870 935 1957 990 καὶ

299 1036 595 1113 ἐθεράπευε
650 1035 779 1096 τοὺς
838 1034 1207 1096 ἀσθενοῦντας.
1252 1026 1354 1085 Καὶ
1410 1030 1479 1100 τῇ
1546 1025 1811 1101 προφάσει
1864 1030 1960 1080 τοῦ

295 1126 593 1203 ἰατρεύειν,
626 1121 907 1179 ἐδίδασκεν
950 1118 1146 1181 αὑτοὺς
1197 1118 1296 1185 τήν
1346 1115 1423 1178 είς
1463 1116 1695 1190 Χριστὸν
1756 1115 1961 1208 πίστιν,

287 1218 373 1272 καὶ
406 1212 727 1283 ἐϐάπτιζεν,
763 1214 851 1269 Ἐν
879 1214 977 1283 μιᾷ
1026 1206 1084 1263 δὲ
1120 1211 1229 1263 τῶν
1285 1208 1533 1278 ἡμερῶν,
1582 1206 1959 1280 κρατηθέντωψ

286 1312 435 1379 παρα
462 1310 577 1360 τῶν
607 1301 914 1373 Ἑλλήνων,
965 1298 1040 1360 εἷς
1084 1301 1147 1352 τὸ
1210 1296 1622 1371 βασανισθῆναι,
1689 1290 1962 1350 Σιλόανοῦ

287 1401 381 1452 τοῦ
446 1394 771 1461 ἐπισκόπου,
833 1389 924 1444 καὶ
982 1392 1165 1443 Λουκᾶ
1219 1383 1496 1453 διακόνου,
1583 1384 1669 1438 καὶ
1735 1384 1962 1440 Μωκίου

286 1485 699 1560 Ἀναγνώπου,
748 1480 884 1534 κατά
957 1476 1085 1539 τοὺς
1145 1473 1369 1547 καιροὺς
1428 1474 1809 1548 Νουμεριανοῦ
1866 1478 1965 1529 τοῦ

292 1575 598 1651 βασιλέως,
675 1570 765 1625 καὶ
823 1567 899 1629 εἷς
991 1565 1237 1642 φυλακὴν
1319 1562 1807 1631 ἂποκλεισθέντων,
1875 1579 1966 1633 καὶ

286 1650 814 1724 καταδικασθέντων
871 1650 1292 1729 καταϐρωθῆναι
1369 1652 1472 1707 ὑπὸ
1550 1651 1776 1725 θηρίων·
1839 1650 1969 1707 ἰδὼν

298 1756 327 1810 6
359 1756 525 1828 ἅγιος
557 1749 862 1808 Ἰουλιανὸς
907 1747 971 1801 τὸ
1013 1745 1329 1820 γινόμενον,
1379 1741 1468 1797 καὶ
1526 1741 1781 1812 ζηλώσας
1830 1741 1967 1798 ἕλυ-

1697 307 2219 370 FEBllUARlUS.

3597 315 3715 375 298

2625 443 2867 500 EODEM
2903 444 3144 501 MENSE

2736 558 2838 615 Die
2870 565 3054 617 sexta.

2132 676 2285 731 108
2319 674 2603 731 Certamen
2632 678 2810 732 sancti
2838 678 3099 745 martyris
3127 677 3346 732 Διιιὶαηί
3384 682 3652 735 Emesem'.

2138 867 2253 920 Iste
2282 882 2350 921 ex
2373 866 2517 920 urbe
2546 869 2757 921 Emesa
2785 866 2898 921 fuit
2922 883 2934 920 :
2968 866 3258 921 medicam
3291 873 3488 922 autem
3530 874 3721 924 artem

2066 971 2099 1009 a
2131 972 2313 1025 puero
2346 956 2610 1021 edoctus,
2639 962 2889 1027 mgrotos
2916 957 3162 1012 curabat
3186 977 3200 1022 ;
3228 972 3416 1028 eaque
3439 958 3723 1014 medendi

2065 1046 2376 1100 occasione
2409 1062 2572 1113 usus,
2606 1046 2821 1100 Christi
2882 1046 3061 1100 ﬁdem
3117 1046 3252 1101 illos
3308 1046 3614 1114 edocebat,
3668 1054 3727 1104 et

2066 1133 2416 1205 baptizabat.
2438 1136 2584 1189 Cum
2605 1151 2736 1189 vero
2759 1134 3082 1205 aliquando
3099 1135 3368 1190 Silvanus
3383 1136 3699 1207 episcopus
3713 1188 3727 1212 ,

2070 1222 2253 1276 Lucas
2284 1222 2594 1285 diaconus,
2625 1227 2685 1278 et
2714 1224 2934 1277 Mocius
2966 1224 3171 1289 lector,
3223 1225 3582 1279 Numeriano
3615 1227 3726 1280 im-

2068 1317 2361 1383 peratore,
2394 1311 2466 1367 ab
2519 1313 2774 1368 ethnicis
2831 1312 3273 1383 comprehensi,
3336 1313 3493 1379 torti,
3551 1320 3611 1369 et
3666 1316 3727 1369 in

2069 1400 2303 1455 vincula
2333 1402 2613 1472 conjecti,
2646 1400 2784 1455 inde
2821 1401 3061 1456 demum
3112 1400 3331 1466 educti,
3388 1401 3461 1456 ad
3506 1402 3727 1459 bestias

2071 1491 2528 1556 damnarentur;
2555 1491 2756 1546 videns
2780 1492 2903 1545 hmc
2927 1498 3166 1546 sanctus
3184 1492 3728 1564 Julianus,zeloque

2072 1578 2373 1646 incensus,
2403 1596 2555 1651 aagre
2602 1579 2661 1633 id
2720 1580 2874 1647 tulit,
2924 1597 3178 1650 cumque
3234 1580 3273 1634 ii
3306 1598 3336 1635 e
3368 1596 3605 1636 carcere
3655 1582 3730 1636 ad

2073 1666 2291 1721 bestias
2320 1674 2689 1738 raperentur,
2724 1684 3065 1731 accurrens,
3095 1675 3330 1724 sanctos
3359 1670 3543 1725 libere
3565 1687 3731 1724 oscu-

2076 1755 2254 1820 latus,
2278 1756 2522 1826 rogavit,
2549 1762 2614 1810 ut
2635 1757 2862 1811 socium
2891 1774 2952 1811 se
2982 1757 3092 1812 sibi
3118 1756 3729 1828 adjungerent.Quare

293 1821 478 1899 πεῖτο.
513 1841 649 1898 Ὀτε
680 1836 736 1894 δι
766 1834 905 1893 εἶδεν
927 1833 1122 1896 αὑτοὺς
1169 1839 1271 1902 τῆς
1324 1828 1575 1908 φυλακῆς
1625 1828 1964 1902 ἐξελθόντας,

2088 1844 2555 1915 comprehensus
2586 1851 2645 1899 et
2676 1845 2820 1916 ipse,
2875 1851 2929 1900 et
2978 1861 3097 1900 una
3154 1862 3288 1899 cum
3348 1846 3421 1900 iis
3479 1847 3730 1916 vinctus,

289 1934 383 1989 καὶ
445 1927 793 2003 δεδεμένους,
855 1925 946 1981 καὶ
1004 1924 1339 1999 συρομένους
1423 1921 1562 1996 πρὸς
1650 1921 1717 1975 τὰ
1771 1922 1961 1997 θηρία,

292 2021 506 2099 ἔδραμε
559 2019 699 2093 πρὸς
758 2016 979 2081 αὐτοὺς,
1052 2011 1141 2069 καί
1225 2010 1509 2099 παῤῥησίᾳ
1594 2008 1960 2085 κατεφίλησεν

2074 1932 2254 1988 clavis
2286 1933 2489 2004 capiti,
2518 1933 2817 2000 manibus,
2842 1933 3211 2005 pedibusque
3234 1934 3573 2001 conflxis,in
3599 1950 3736 2005 spe-

2076 2020 2318 2078 luncam
2344 2023 2664 2093 quamdam
2694 2023 2996 2095 ingressus
3027 2023 3302 2078 decessit.

297 2098 529 2181 αὑτοὺς,
561 2108 656 2164 καὶ
687 2105 888 2179 ηὔξατο
928 2103 1130 2166 αὑτοῖς.
1165 2104 1305 2161 Τότε
1334 2106 1424 2157 καὶ
1456 2098 1616 2163 αὐτὸς
1647 2104 1957 2177 κρατηθεὶς,
1986 2107 2244 2182 συνεδέθη
2279 2111 2489 2175 αὐτοῖς’
2509 2111 2598 2167 καὶ
2622 2111 2967 2181 καοηλωθεὶς
2994 2110 3265 2191 κεφαλὴν,
3297 2115 3512 2187 χεῖρας,
3538 2105 3733 2181 πόδας,

297 2201 352 2260 ἓν
384 2198 656 2272 σπηλαίῳ
685 2196 791 2252 τινὶ
824 2193 1107 2261 εἰσελθὼν,
1139 2191 1504 2262 ἐτελεύτησεν.

910 2296 988 2367 τῇ
1021 2291 1155 2366 αὐτῇ
1187 2289 1371 2367 ἡμέρᾳ

302 2418 590 2488 Ἀθλησις
637 2417 738 2488 τῆς
796 2411 1275 2488 ᾁγίαςμιιάρτιυρος
1322 2480 1335 2488 ,
1367 2409 1641 2488 {betae-mc,
1712 2412 1802 2467 καὶ
1857 2413 1968 2465 τῶν

627 2486 721 2541 συν
750 2480 889 2558 αύτῇ
922 2480 1219 2540 Εύῒλάτίού
1250 2480 1340 2536 καὶ
1373 2480 1651 2554 Μαξίμου.

377 2610 633 2669 Φαῦστα,
694 2604 730 2671 ἡ
782 2605 880 2656 τοῦ
938 2601 1174 2674 Χριστοῦ
1262 2597 1468 2673 μάρτυς
1549 2599 1797 2675 ὑπῆρχεν
1881 2598 1971 2657 επὶ

306 2697 671 2767 Μαξιμιανοῦ
701 2695 799 2745 τοῦ
850 2688 1147 2765 βασίλίως,
1197 2688 1258 2743 ἐκ
1300 2694 1402 2757 τῆς
1447 2686 1666 2751 πόλεως
1715 2688 1962 2759 Κυζίκου

304 2785 554 2861 θυγάτηρ
623 2781 828 2857 γονίων
914 2778 1192 2833 πλουσίων
1277 2777 1366 2832 καὶ
1451 2773 1709 2836 εὐσεϐῶν.
1796 2778 1976 2836 Ἀλλὰ

298 2872 758 2943 τελευτησάντων
800 2867 1046 2933 ἐκείνων,
1104 2866 1273 2934 αὑτὴν
1324 2868 1399 2928 ὡς
1449 2870 1543 2922 νὲα
1588 2868 1677 2923 καὶ
1737 2867 1975 2924 πλουσία

302 2965 405 3020 οὑκ
435 2963 702 3036 ἠγάπησε
728 2959 825 3022 τὰς
853 2954 1053 3026 ἡδονᾶς
1080 2960 1179 3011 τοῦ
1215 2956 1450 3028 κόσμου,
1505 2954 1636 3012 ἀλλ’
1665 2956 1717 3011 ἐν
1770 2969 1974 3032 παρθε-

2732 2299 2952 2356 Eodem
2985 2299 3079 2356 die

2080 2417 2235 2474 164
2263 2420 2545 2475 Certamen
2573 2424 2778 2474 sanctae
2815 2418 3077 2488 martyris
3106 2420 3338 2487 Faustae,
3372 2424 3425 2473 et
3462 2418 3728 2473 sociorum

2535 2492 2650 2561 ejus
2679 2490 2913 2545 Evilasii
2940 2497 2991 2545 et
3022 2489 3274 2545 Maximi.

2155 2611 2367 2665 Fausta
2391 2610 2604 2665 Christi
2637 2611 3244 2681 martyr.Maximiano
3270 2610 3646 2681 imperatore,
3670 2626 3739 2665 ex

2084 2700 2288 2770 Cyzico
2302 2700 2445 2754 urbe
2466 2700 2871 2767 ﬁnit,divitum
2892 2700 3247 2771 piorumque
3262 2706 3574 2771 parentum
3597 2700 3739 2767 filia;

2085 2788 2159 2843 iis
2192 2789 2465 2854 mortuis,
2500 2806 2635 2845 cum
2695 2789 3065 2856 adolescens,
3127 2794 3186 2844 et
3232 2790 3515 2861 opulenta
3570 2793 3746 2857 esset,

2086 2876 2287 2932 seaculi
2324 2883 2522 2933 tamen
2550 2879 2880 2949 voluptates
2913 2895 3226 2950 spernens,
3270 2879 3331 2933 in
3382 2879 3740 2950 virginitate.

2081 2966 2337 3038 jejunio,
2372 2967 2605 3039 vigiliis,
2642 2973 2701 3022 et
2730 2968 3128 3040 eleemosynis
3177 2968 3302 3022 dies
3352 2968 3738 3040 transigebat,

305 3054 424 3125 νίᾳ,
458 3051 553 3107 καὶ
586 3049 831 3120 νηστείᾳ,
862 3046 954 3101 καὶ
986 3046 1258 3119 ἀγρυπνίᾳ
1296 3044 1385 3100 καὶ
1442 3044 1789 3122 ἐλεημοσύνη
1838 3047 1972 3121 πρὸς

2091 3056 2206 3110 Deo
2236 3056 2584 3121 inserviens,
2607 3073 3028 3127 sacrorumque
3053 3056 3343 3110 librorum
3368 3056 3607 3110 lectioni
3641 3058 3738 3111 in-

303 3146 441 3206 τοὺς
466 3140 703 3209 πένητας
750 3134 930 3209 διῆγε,
988 3133 1076 3189 καὶ
1124 3134 1217 3189 τὸν
1269 3135 1397 3189 Θεὸν
1451 3134 1784 3207 ἐθεράπευεν·
1840 3137 1974 3192 Ἀν-

308 3232 585 3306 εγίνωσκε
635 3225 693 3281 δὶ
746 3225 837 3281 καὶ
892 3225 994 3293 τὴν
1048 3222 1200 3298 ἁγίαν
1259 3226 1500 3299 Γραφήν.
1561 3225 1658 3279 Διά
1718 3229 1880 3280 τοῦτο
1937 3228 1972 3295 ἡ

303 3325 476 3396 φήμη
542 3316 711 3385 αὑτῆς
771 3315 941 3388 μέχρι
994 3315 1092 3366 τοῦ
1174 3310 1444 3385 βασιλέως
1525 3313 1801 3383 ἠκούσθηο
1882 3315 1971 3369 καὶ

304 3405 598 3477 ἀπεστάλη
631 3405 770 3479 πρὸς
814 3402 982 3469 αὐτὴν
1034 3398 1328 3462 Εὑϊλάσιος
1373 3402 1402 3455 6
1446 3398 1657 3476 ἅρχων,
1712 3407 1811 3457 τοῦ
1856 3408 1974 3458 πεῖ-

308 3522 401 3556 σαι
437 3496 609 3563 αὐτὴν
641 3498 796 3558 θῦσαι
849 3495 972 3552 τοῖς
1023 3487 1298 3551 εἰδώλοις.
1358 3490 1446 3553 Ὠς
1502 3488 1560 3546 δὲ
1617 3488 1752 3547 εἶδεν
1807 3491 1974 3561 αὐτὴν

310 3584 905 3659 θαυματουργήσασαν,
984 3578 1264 3634 ἐπίστευσε
1342 3583 1424 3651 τῷ
1514 3585 1751 3655 Χριστῷ.
1838 3581 1980 3638 Τότε

307 3674 599 3742 ἀπεστάλη
653 3672 904 3743 Μάξιμος
960 3670 989 3723 6
1038 3666 1308 3743 ὕπαρχος,
1392 3669 1677 3744 βασανίσαι
1727 3674 1976 3727 Φαῦσταν

309 3767 407 3823 καὶ
478 3761 795 3821 Εὑϊλάσιον·
853 3758 945 3814 καὶ
1003 3757 1229 3827 ἐποίησε
1281 3757 1545 3833 χαλκεῖον
1603 3760 1975 3835 καχλάζοντα,

310 3856 405 3913 καὶ
439 3847 695 3911 ἐνέϐαλεν
726 3851 838 3905 ἐκεῖ
890 3847 1017 3910 τοὺς
1071 3845 1280 3922 ἁγίους,
1330 3847 1419 3909 Ὡς
1472 3844 1530 3902 δὲ
1577 3844 1739 3915 εἶδεν,
1787 3847 1869 3904 ὅτι
1914 3847 1975 3904 ού

309 3944 585 4012 καίονται,
616 3938 908 4000 πιστεύσας
938 3937 1028 3992 καὶ
1082 3937 1248 3998 αὑτὸς
1298 3940 1381 4009 τῷ
1432 3939 1674 4013 Χριστῷ,
1725 3936 1974 4008 εἰσῆλθεν

316 4030 650 4107 αὐτομάτως
692 4028 770 4092 είς
829 4025 1119 4104 χαλκεῖον
1176 4025 1269 4081 καί
1320 4023 1493 4089 οὕτως
1550 4027 1604 4082 οὶ
1658 4032 1806 4103 τρεῖς
1863 4027 1975 4084 ἐτε-

320 4125 659 4194 λειώθησαν.

915 4234 999 4308 Τῇ
1032 4230 1169 4306 αὖτῇ
1203 4230 1390 4306 ἡμέρᾳ

319 4358 593 4428 Ἀθλησις
649 4356 755 4428 τῷν
815 4342 1342 4428 ἁγίων-ξιιλβανοῦῌ
1386 4347 1717 4428 ἐπισκόπου,
1795 4354 1978 4406 Δουκᾶ

568 4423 844 4492 διακόνου,
860 4419 963 4476 ’καὶ
994 4419 1221 4477 Μωκίου
1248 4423 1346 4475 τοῦ
1377 4420 1742 4497 ἀναγνώστου.

393 4549 566 4606 Οὗτοι
595 4544 653 4599 οἱ
684 4545 827 4618 ἅγιοι
858 4540 944 4596 ἐπὶ
974 4547 1075 4609 τῆς
1113 4538 1390 4614 βασιλείας
1451 4540 1701 4615 ὑπῆρχον
1750 4543 1977 4615 Νουμε-

322 4639 538 4712 ριανοῦ,
597 4632 658 4688 ἐκ
708 4639 808 4701 τῆς
866 4629 1054 4706 χώρας
1116 4632 1222 4684 τῶν
1281 4629 1617 4702 Ἐμεσηνῶν·
1677 4629 1766 4685 καὶ
1825 4631 1981 4705 ὁμὲν

320 4728 478 4804 ἅγιος
515 4716 781 4783 Σιλδανὸς
843 4718 1135 4780 ἐπίσκοπος
1185 4716 1253 4785 ἦν
1307 4724 1408 4785 τῆς
1467 4717 1639 4788 αὐτῆς
1682 4718 1920 4782 πόλεως·
1954 4721 1983 4775 6

321 4814 382 4872 δὶ
437 4811 651 4873 Δοῦκας
735 4807 1005 4870 διάκονος⁶
1064 4808 1092 4861 6
1165 4803 1224 4861 δὲ
1310 4806 1538 4870 Μὼκιος
1611 4806 1980 4883 ἀναγνώστης·

320 4906 523 4968 οἲτινες
578 4898 922 4962 διδάσκοντες
962 4899 1055 4953 τὸν
1114 4895 1283 4971 λόγον
1340 4899 1439 4949 τοῦ
1522 4902 1679 4968 Θεοῦ,
1737 4900 1827 4953 καὶ
1891 4902 1981 4956 τὸν

321 4993 554 5069 Χριστὸν
586 4992 710 5046 ῙἽὸν
759 4991 915 5055 Θεοῦ,
976 4986 1068 5042 καὶ
1127 4986 1256 5040 Θεὸν
1318 4984 1585 5054 ἀληθινὸν
1643 4987 1982 5065 ὁμολογοῦν.

318 5106 434 5151 τες,
467 5081 842 5153 ἰκρατήθησαν
881 5075 985 5132 ὑπὸ
1013 5079 1122 5130 τῶν
1168 5072 1482 5153 Ἑλλήνων,
1532 5076 1625 5130 καὶ
1676 5076 1981 5151 παρεδόθη-

328 5195 423 5230 σαν
484 5170 566 5244 τῷ
633 5169 885 5244 ἄρχοντι·
961 5163 1053 5219 καὶ
1129 5152 1513 5238 ἐρωτηθέντες,
1592 5165 1683 5219 καὶ
1754 5166 1985 5223 ἐνώπιον

326 5264 502 5319 αὑτοῦ
542 5257 987 5332 ὁμολογήσαντες
1039 5253 1105 5308 τὸ
1152 5250 1327 5327 ὄνομα
1368 5257 1465 5308 τοῦ
1505 5255 1778 5310 Δεσπότου
1821 5259 1981 5330 ἡμῶν

328 5355 516 5423 Ἰησοῦ
573 5349 832 5423 Χριστοῦ,
891 5336 1312 5411 ἐϐασάνίσθησαν
1394 5340 1657 5417 ίσχυρῶς’
1701 5345 1788 5400 καὶ
1857 5340 1985 5402 ἔλα-

331 5438 426 5497 εον
459 5440 754 5515 ἀπόφασιν,
803 5432 953 5494 ὅπως
1011 5430 1226 5507 θηρίοις
1274 5428 1655 5506 παραδοθῶσιν
1708 5433 1785 5495 εἰς
1839 5434 1985 5510 βρῶ-

326 5553 432 5587 σιν.
464 5532 597 5587 Ὅτε
624 5525 715 5582 καὶ
747 5521 1061 5596 συρομὲνων
1119 5518 1322 5587 αὐτῶν,
1362 5517 1732 5596 προσδραμὼν
1763 5521 1791 5576 6
1824 5523 1985 5598 ἅγιος

322 5618 650 5687 Ἰουλιανὸς,
703 5612 780 5677 ὡς
830 5611 920 5669 ὑπ’
976 5608 1151 5668 αὐτῶν
1215 5609 1552 5686 βαπτισθεὶς,
1620 5611 1982 5688 κατεφίλησεν

651 5742 918 5806 Panos.
962 5737 1075 5803 Gn.
1121 5736 1366 5804 CXVII.

2086 3148 2267 3199 tenta.
2294 3145 2688 3210 Quamobrem
2704 3163 2836 3200 cum
2864 3146 3024 3200 illius
3051 3146 3208 3200 fama
3230 3145 3737 3214 adimperatorem

2085 3235 2472 3305 pervenisset.
2506 3235 2668 3288 misit
2697 3234 2769 3289 ad
2815 3234 2979 3288 illam
3023 3234 3342 3288 Evilasium
3393 3237 3734 3303 praetorem,

2086 3324 2186 3394 qui
2208 3324 2260 3377 ei
2280 3322 2664 3394 persuaderet
2688 3322 2859 3376 idolis
2882 3322 3221 3387 immolare;
3237 3320 3341 3375 ubi
3360 3336 3492 3375 vero
3507 3326 3738 3391 patrata

2085 3412 2157 3467 ab
2186 3411 2289 3466 illa
2318 3410 2606 3465 miracula
2632 3410 2918 3465 Evilasius
2948 3409 3111 3475 vidit,
3146 3410 3206 3463 in
3259 3410 3557 3464 Christum
3603 3425 3733 3464 cre-

2085 3500 2253 3556 didit.
2286 3502 2448 3555 Tunc
2483 3500 2734 3553 mittitur
2760 3498 3042 3553 Maximus
3074 3504 3420 3570 prOpraator,
3474 3503 3540 3552 ut
3584 3500 3733 3554 Fau-

2086 3595 2260 3654 stam,
2292 3594 2352 3645 et
2379 3588 2698 3644 Evilasium
2743 3593 3067 3659 torqueret,
3130 3589 3229 3660 qui
3291 3589 3353 3643 in
3410 3588 3735 3644 ferventem

2084 3679 2340 3735 lebetem
2374 3695 2607 3733 mneum
2638 3683 2874 3734 sanctos
2904 3677 3200 3749 conjecit;
3230 3677 3333 3733 sed
3362 3693 3499 3733 cum
3533 3694 3632 3733 eos
3663 3677 3742 3732 il-

2086 3768 2260 3824 laasos
2290 3772 2581 3836 cerneret,
2616 3772 2891 3839 suscepta
2921 3773 2980 3823 et
3009 3767 3136 3840 ipse
3165 3768 3379 3823 Christi
3413 3767 3548 3835 ﬁde,
3582 3767 3738 3824 ultro

2086 3858 2347 3930 seipsum
2361 3858 2422 3914 in
2447 3858 2701 3914 lebetem
2722 3857 2990 3925 demisit;
3011 3863 3189 3930 atque
3201 3876 3308 3931 per
3318 3859 3476 3914 hunc
3494 3856 3737 3914 modum

2085 3964 2294 4004 omnes
2324 3948 2662 4021 consumpti
2692 3953 2851 4003 sunt.

2733 4242 2956 4299 Eodem
2988 4241 3086 4297 die

2087 4360 2236 4417 1Θῦ
2273 4359 2565 4416 Certamen
2611 4365 2927 4414 sanctorum
2984 4358 3202 4413 Silvani
3256 4356 3519 4426 episcopi,
3578 4356 3734 4409 Lucae

2509 4430 2749 4496 diaconi,
2780 4436 2833 4485 et
2863 4431 3029 4486 Mocii
3060 4427 3295 4483 lectoris.

2163 4547 2263 4602 Isti
2296 4546 2506 4609 sancti,
2542 4545 2899 4601 Numeriano
2957 4546 3339 4616 imperatore,
3386 4560 3455 4598 ex
3501 4542 3741 4613 regione

2091 4638 2515 4691 Emesenorum
2548 4635 2746 4690 fuere:
2782 4641 2841 4690 et
2895 4640 3135 4690 sanctus
3184 4633 3425 4705 quidem
3470 4632 3741 4687 Silvanus

2094 4725 2361 4796 ejusdem
2392 4723 2555 4779 urbis
2586 4724 2920 4797 episcopus,
2955 4725 3137 4780 Lucas
3167 4740 3301 4778 vero
3348 4722 3653 4786 diaconus,
3688 4725 3748 4776 et

2094 4815 2313 4869 Mocius
2342 4814 2564 4869 lector:
2616 4815 2715 4884 qui
2774 4831 2908 4869 cum
2965 4813 3209 4869 verbum
3276 4812 3379 4867 Dei
3436 4811 3745 4878 docerent,

2091 4904 2510 4974 Christumque
2541 4904 2641 4958 Dei
2674 4903 2885 4958 Filium
2916 4920 2983 4958 ac
3014 4919 3217 4957 verum
3261 4903 3444 4956 Deum
3495 4901 3742 4971 profite-

2092 4997 2319 5057 rentur,
2353 4992 2426 5047 ab
2458 4992 2710 5047 ethnicis
2741 4992 2917 5063 capti,
2943 4997 3001 5046 et
3022 4992 3297 5063 prmfecto
3325 4990 3745 5056 traditi,inter-

2092 5082 2399 5156 rogatique
2422 5080 2494 5136 ab
2527 5080 2651 5149 illo,
2704 5086 2761 5135 et
2809 5098 3028 5135 nomen
3081 5080 3315 5136 Domini
3368 5080 3556 5134 nostri
3604 5080 3741 5133 Jesu

2093 5171 2309 5227 Christi
2337 5187 2537 5225 coram
2581 5169 2787 5224 eodem
2837 5170 3109 5241 professi,
3159 5169 3540 5224 acerbissime
3600 5168 3737 5221 torti

2094 5266 2251 5316 sunt.
2285 5260 2413 5314 Mox
2442 5264 2684 5330 accepta
2732 5260 3048 5318 sententia,
3102 5264 3167 5312 ut
3213 5257 3355 5312 feris
3403 5256 3737 5312 dilaniandi

2096 5349 2491 5415 traderentur,
2524 5365 2659 5404 cum
2699 5349 2773 5403 ad
2822 5348 3180 5420 supplicium
3231 5353 3607 5419 raperentur,
3639 5363 3740 5400 ac-

2094 5455 2340 5493 currens
2371 5443 2611 5493 sanctus
2640 5438 2929 5503 Julianus,
2964 5439 3063 5509 qui
3099 5455 3303 5492 eorum
3335 5455 3515 5509 opera
3546 5436 3741 5508 bapti-

2092 5534 2253 5583 zatus
2274 5527 2716 5598 fuerat,eosque
2744 5527 3066 5593 osculatus,
3100 5528 3341 5599 rogavit,
3374 5534 3437 5582 ut
3466 5543 3584 5581 una
3610 5539 3743 5580 cum

2092 5616 2166 5672 iis
2188 5616 2473 5688 martyrio
2493 5615 2865 5687 fungeretur.
2895 5618 2968 5672 At
2990 5615 3177 5671 sancti
3202 5615 3264 5671 in
3288 5615 3585 5671 theatrum
3606 5628 3745 5683 pro-

3423 5740 3502 5801 10
