4074 6192
373 375 492 438 299

1657 369 2098 438 MENOLOGII
2139 367 2348 433 PARS
2393 369 2473 432 ΙΙ.

3666 383 3786 443 300

371 511 644 578 deuntes,
664 511 949 566 immissis
969 511 1030 566 in
1054 527 1154 566 eos
1173 509 1338 579 feris,
1362 511 1578 584 gratias
1599 512 1718 567 Deo
1751 511 1999 583 agentes1

2127 499 2347 569 αὐτοὺς,
2396 503 2485 557 καὶ
2541 502 2811 575 ἐπηύξατο
2865 503 3050 569 αὐτοῖς
3104 505 3393 566 τελειῶσαι
3453 512 3516 566 τὸ
3579 515 3790 589 μαρτύ-

369 601 550 657 vitam
579 602 885 657 ﬁnierunt.

1016 865 1365 939 Eodemjdie

501 983 656 1040 160
688 983 1142 1041 Commemoratio
1170 984 1352 1042 sancti
1377 987 1573 1042 Fausti
1601 987 1865 1058 episcopi.

1091 1101 1284 1157 Deest.
1389 1087 1392 1090 ’

1009 1215 1229 1272 Eodem
1256 1215 1350 1272 die

351 1335 499 1391 1Θῖ
561 1334 1014 1389 Commemoratio
1095 1334 1272 1388 sancti
1325 1334 1512 1387 Patris
1574 1334 1756 1387 nostri
1815 1327 2015 1390 Bucoli

489 1408 732 1476 episcopi
761 1405 1025 1474 Smyrna,
1055 1404 1317 1474 discipuli
1345 1406 1572 1460 Joannis
1605 1403 1882 1474 Theologi.

426 1568 675 1622 Sanctus
707 1568 880 1620 Pater
909 1570 1114 1620 noster
1145 1564 1396 1620 Bucolus
1427 1565 1500 1620 ab
1535 1565 1779 1620 ineunte
1838 1570 2011 1622 aetate

354 1672 594 1712 omnem
627 1670 795 1710 suam
825 1670 1070 1725 operam
1102 1654 1164 1709 in
1196 1653 1256 1707 id
1287 1653 1560 1722 contulit,
1587 1659 1653 1709 ut
1677 1653 1810 1726 pius
1831 1659 2010 1722 esset,

356 1748 665 1816 Deumque
697 1745 980 1799 timeret:
1027 1743 1198 1814 cujus
1257 1743 1519 1798 studium
1577 1743 1678 1798 ubi
1738 1744 2014 1816 cognovit

359 1839 600 1890 sanctus
621 1835 876 1888 Joannes
901 1830 1250 1903 Theologus,
1275 1832 1538 1904 suscepit
1561 1848 1718 1902 eum,
1750 1831 2008 1904 fecitque

361 1938 536 1979 suum
567 1921 966 1994 discipulum:
1003 1926 1061 1975 et
1088 1937 1208 1975 una
1237 1937 1372 1975 cum
1431 1921 1533 1975 illo
1583 1927 1848 1976 versatus
1901 1927 2010 1991 est,

361 2013 500 2068 dum
532 2011 743 2083 Ephesi
779 2010 909 2065 fuit.
947 2009 1163 2064 Videns
1193 2015 1392 2065 autem
1423 2010 1596 2065 illum
1629 2011 1839 2066 virtute
1865 2028 2012 2083 prm-

359 2102 573 2169 ditum,
607 2099 1008 2170 omnibusque
1039 2098 1447 2170 spiritualibus
1495 2099 1775 2172 operibus
1823 2101 2010 2156 reful-

357 2197 595 2264 gentem
626 2196 801 2260 atque
826 2189 1174 2260 perfectum,
1201 2189 1464 2260 Smyrnae
1489 2189 1831 2261 episcopum
1854 2207 2012 2245 crea-

356 2283 471 2335 vit:
502 2281 601 2348 qui
633 2284 838 2334 sancto
871 2277 1092 2348 Spiritu
1125 2277 1272 2333 duce
1319 2277 1537 2332 multos
1570 2278 1902 2334 inﬁdelium
1934 2279 2007 2335 ab

355 2385 556 2424 errore
579 2372 980 2430 conversos,et
999 2366 1072 2420 ad
1097 2383 1280 2420 unum
1311 2367 1494 2420 Deum
1509 2366 1795 2422 adductos
1812 2367 2006 2439 bapti-

353 2459 520 2514 zavit.
546 2458 641 2512 Sic
665 2463 860 2511 autem
895 2455 1194 2514 excelluit.
1236 2460 1300 2508 ut
1331 2460 1388 2508 et
1418 2455 1613 2510 futura
1643 2455 2002 2526 praedixerit.

355 2551 543 2614 Quare
577 2553 846 2602 sanctum
894 2544 1277 2614 Polycarpum
1300 2543 1410 2597 sibi
1435 2561 1849 2599 successurum
1873 2562 2006 2617 pro-

354 2639 588 2711 phetico
635 2636 846 2708 spiritu
899 2650 1300 2705 praenoscens,
1345 2633 1538 2688 adhuc
1586 2634 1784 2689 vivens
1831 2635 2003 2690 illum

357 2727 672 2792 ordinavit,
708 2732 764 2780 et
789 2725 1132 2796 episc0pum
1167 2723 1226 2777 in
1259 2739 1430 2777 suum
1461 2722 1654 2777 locum
1674 2731 2000 2794 pastorem-

356 2834 469 2889 que
504 2815 829 2871 constituit.
865 2815 1126 2867 Mortuus
1157 2828 1292 2865 vero
1325 2817 1384 2866 et
1413 2812 1703 2882 sepultus,
1737 2814 2002 2884 plantam

355 2923 383 2962 e
417 2905 646 2960 tumulo
678 2921 782 2958 suo
815 2902 1147 2976 germinare
1176 2900 1336 2969 fecit,
1379 2917 1510 2972 quas
1563 2901 1782 2958 multas
1831 2920 1998 2960 cura-

355 2997 546 3051 tiones
574 2993 778 3050 efﬁcit.

807 3174 850 3227 ’I
863 3170 962 3227 68
993 3171 1235 3226 EODEM
1269 3170 1520 3226 MENSE.

977 3260 1080 3316 Die
1113 3260 1368 3332 septima

343 3360 628 3413 Certamen
657 3359 973 3408 sanctorum
1004 3351 1171 3405 trium
1226 3349 1466 3403 millium
1504 3354 1844 3422 martyrum,
1903 3354 2002 3422 qui

654 3424 978 3480 Nicomedia
1002 3423 1334 3492 martyrium
1358 3419 1514 3490 passi
1541 3428 1687 3476 sunt.

411 3528 514 3582 Isti
549 3523 769 3581 subditi
801 3523 1043 3578 fuerunt
1073 3527 1328 3591 quatuor
1358 3520 1814 3590 protectoribus,
1839 3522 1998 3592 quia

343 3615 704 3672 Diocletiano
757 3613 1114 3682 imperatore
1173 3608 1361 3674 missi,
1424 3613 1696 3663 sanctum
1755 3611 1996 3665 Petrum

342 3702 712 3759 Alexandria:
736 3698 1244 3768 archiepiscopum
1279 3695 1774 3765 comprehensum
1797 3697 1992 3752 decol-

343 3793 575 3846 larunt:
614 3795 738 3842 tum
773 3787 846 3842 ad
877 3785 1093 3840 Christi
1144 3785 1322 3838 ﬁdem
1371 3785 1637 3839 conversi
1689 3801 1810 3840 una
1855 3802 1991 3842 cum

345 3878 622 3933 omnibus
654 3876 796 3938 suis,
833 3879 966 3944 post
993 3872 1180 3926 sancti
1213 3870 1366 3924 Petri
1387 3873 1778 3944 mortem,ipsi
1811 3875 1990 3929 etiam

345 3984 452 4039 pro
475 3963 704 4019 Christo
725 3962 860 4017 cwsi
892 3966 1048 4016 sunt.
1084 3958 1361 4013 Videntes
1391 3964 1588 4014 autem
1620 3977 1726 4032 pro
1758 3961 1988 4018 Christo

345 4072 484 4111 suos
507 4053 779 4108 dominos
806 4050 975 4116 mori,
1009 4048 1228 4114 tristes,
1260 4051 1318 4101 et
1341 4046 1462 4100 zelo
1481 4047 1732 4116 incensi,
1755 4065 1990 4106 assum-

339 4145 458 4217 ptis
489 4141 770 4198 uxoribus
801 4138 944 4203 suis,
974 4144 1031 4191 et
1057 4135 1283 4201 liberis,
1315 4135 1711 4207 omnibusque
1741 4139 1984 4210 propin-

337 4235 492 4306 quis,
525 4234 814 4286 venerunt
845 4224 1284 4282 Nicomediam:
1319 4229 1374 4278 et
1426 4223 1487 4278 in
1520 4232 1839 4296 conspectu
1871 4228 1984 4282 im-

331 4321 620 4395 peratoris
650 4319 1076 4383 exclamarunt,
1111 4314 1376 4368 dicentes
1403 4330 1415 4366 :
1449 4315 1562 4368 Nos
1603 4314 1780 4370 etiam
1811 4316 1979 4370 Chri-

328 4415 504 4469 stiani
563 4427 788 4466 sumus.
849 4407 1012 4473 Quod
1081 4404 1180 4458 ubi
1267 4403 1490 4458 audivit
1553 4405 1976 4475 Diocletianus,

328 4505 595 4559 turbatus
641 4509 700 4554 et
754 4501 843 4554 ira
900 4495 1356 4559 excandescens,
1418 4494 1676 4563 primum
1735 4496 1977 4566 quidem

2114 4494 2480 4568 ίικομήδειαν,
2557 4499 2870 4571 κράζοντες,
2949 4498 3040 4552 καὶ
3119 4497 3395 4573 λέγοντες,
3485 4500 3566 4555 ὅτι

2124 608 2264 663 ριον.
2297 591 2366 647 Οἱ
2399 587 2455 646 δὶ
2485 589 2638 668 ἅγιοι
2669 593 2994 659 ἀπελθόντες
3049 596 3125 660 εἷς
3172 598 3233 652 τὸ
3271 601 3522 675 θέατρον,
3571 587 3778 678 θηρίων

2123 678 2333 770 αὐτοῖς.
2378 679 2855 754 ἐπαπολυθέντων,
2944 685 3402 761 εὐχαριστοῦντες
3479 695 3561 764 τῷ
3643 699 3793 770 Θεῷ,

2122 764 2541 842 ἐτελειώθησαν.

2717 865 2798 936 Τῇ
2830 863 2980 938 αὐτῇ
3010 863 3198 940 ἡμέρᾳ

2357 979 2569 1053 Μνήμη
2601 984 2697 1036 τοῦ
2728 981 2888 1058 ἁγίου
2928 981 3194 1039 Φαύστου
3222 982 3548 1046 ἐπισκόπου,

2829 1072 3038 1128 Λείπει.

2708 1162 2794 1235 Τῇ
2826 1159 2962 1236 αὖτῇ
2994 1160 3180 1238 ἡμέρᾳ

2121 1247 2330 1327 Μνήμη
2367 1251 2486 1327 ,τοῦ
2555 1247 2606 1304 ἐν
2658 1247 2866 1327 ,ἁγίοις
2945 1253 3157 1327 Πατρὸς
3251 1255 3415 1327 ἡμῶν
3500 1257 3782 1315 Βουκόλου

2191 1317 2492 1396 ἐπισκόπου
2551 1317 2831 1395 Σμύρνης,
2892 1317 3138 1396 μαθητοῦ
3193 1317 3308 1380 τοῖῖ
3362 1327 3622 1385 Ἰωάννου
3680 1337 3780 1388 τοῦ

2193 1389 2489 1467 Θεολόγου,

2191 1546 2494 1622 Βουκόλος,
2544 1554 2573 1608 ὁ
2623 1554 2675 1610 ἐν
2735 1555 2914 1631 ἁγίοις
2976 1559 3166 1632 Πατὴρ
3223 1560 3413 1631 ἡμῶν,
3467 1559 3526 1618 ἐκ
3581 1571 3774 1639 νεαρᾶς

2119 1641 2342 1712 ἡλικίας
2375 1641 2671 1699 ἐσπούδασε
2713 1645 2960 1720 γενέσθαι
3021 1643 3284 1719 εὐλαϐής,
3344 1649 3434 1705 καὶ
3495 1647 3766 1728 φοϐούμε-

2118 1751 2210 1794 νος
2259 1732 2351 1787 τὸν
2412 1733 2564 1788 Θέόν.
2625 1734 2729 1792 Καὶ
2789 1734 3019 1799 ἀκούσας
3096 1737 3222 1811 περὶ
3309 1737 3474 1795 αὐτοῦ
3533 1743 3560 1796 ὁ
3615 1740 3772 1818 ἅγιος

2118 1822 2375 1894 Ἰωάννης
2406 1825 2435 1879 ὁ
2465 1822 2753 1900 Θεολόγος,
2781 1822 3155 1902 προσελάϐετο
3206 1827 3388 1901 αὐτὸν,
3441 1829 3530 1886 καί
3578 1831 3770 1906 ἐποίη-

2121 1931 2206 1967 σεν
2239 1913 2430 1968 ἑαυτοῦ
2490 1916 2762 1987 μαθητὴν,
2816 1916 2906 1971 καὶ
2964 1913 3200 1991 διέτριϐε
3262 1921 3378 1992 μετ’
3435 1921 3621 1993 αὐτοῦ,
3681 1925 3773 1980 ὅτε

2118 2001 2183 2069 ἦν
2245 1999 2296 2055 ἐν
2354 2001 2585 2081 Ἐφέσῳ.
2647 2005 2750 2061 Καὶ
2809 2002 2940 2060 ῗδὼν
2995 2006 3154 2061 αὐτὸν
3241 2007 3508 2083 ἐνάρετον,
3563 2013 3652 2067 καὶ
3713 2011 3768 2069 ἐν

2117 2095 2249 2145 πᾶσι
2305 2097 2422 2154 τοῖς
2474 2100 2862 2167 πνευματικοῖς
2935 2093 3114 2171 ἔργοις
3197 2094 3597 2172 διαλάμποντα,
3675 2104 3762 2158 καὶ

2114 2180 2556 2256 τετελειωμένον,
2619 2182 2871 2256 ἐποίησεν
2953 2183 3248 2242 ἐπίσκοπον
3303 2194 3404 2258 τῆς
3484 2190 3763 2266 Σμύρνης·

2117 2266 2205 2320 καὶ
2264 2268 2365 2322 ὑπὸ
2421 2273 2517 2323 τοῦ
2588 2271 2904 2343 ΙΙνεόματος
2968 2276 3066 2326 τοῦ
3141 2272 3298 2348 ἁγίου
3372 2271 3760 2350 ὁδηγούμενος,

2115 2357 2364 2422 πολλοὺς
2393 2365 2502 2416 τῶν
2533 2361 2771 2416 ἀπίστων
2821 2363 2927 2418 ἀπὸ
2983 2365 3082 2431 τῆς
3140 2365 3356 2434 πλάνης
3413 2366 3766 2442 ἐπιστρέψας,

2114 2447 2206 2503 καὶ
2243 2450 2525 2524 βαπτίσας,
2572 2455 2654 2525 τῷ
2713 2450 2956 2524 ἀληθίνῷ
3009 2457 3125 2525 Θεῷ
3177 2456 3544 2531 προσήγαγεν.
3600 2458 3759 2515 Οὕτω

2117 2536 2173 2622 δὲ
2204 2538 2415 2611 ἐγένετο
2449 2537 2637 2614 μέγας,
2671 2541 2744 2603 ὡς
2804 2543 2892 2596 καὶ
2945 2543 3012 2596 τὰ
3057 2541 3332 2615 μέλλοντα
3377 2545 3468 2599 καὶ
3517 2546 3768 2620 προελέ-

2113 2648 2232 2681 πειν
2265 2629 2354 2682 καὶ
2387 2629 2696 2704 προλέγειν.
2731 2632 2826 2684 Καὶ
2857 2631 2958 2706 γὰρ
2986 2636 3068 2703 τῷ
3091 2638 3421 2709 προφητικῷ
3461 2635 3764 2709 χαρίσματι

2111 2716 2380 2791 προγνοὺς
2409 2718 2500 2772 τὸν
2535 2719 2688 2793 ἅγιον
2720 2719 3079 2793 Πολύκαρπον
3130 2717 3392 2796 διάδοχον
3441 2722 3604 2779 αὐτοῦ
3650 2720 3766 2780 ἕσε-

2112 2817 2255 2874 σθαι,
2291 2805 2368 2862 ἔτι
2413 2813 2516 2876 ζῶν
2576 2809 2737 2870 αὐτὸς
2791 2809 3202 2884 ἐχειροτόνησεν
3254 2810 3436 2879 αὐτὸν,
3493 2813 3583 2868 καὶ
3639 2835 3772 2870 κατ-

2109 2897 2330 2966 έστησεν
2362 2897 2652 2953 ἐπίσκοπον
2713 2899 2824 2954 ἀντ’
2882 2899 3068 2966 αὐτοῦ,
3124 2901 3215 2955 καὶ
3263 2903 3519 2974 ποιμένα.
3583 2903 3765 2961 ’Λλλὰ

2109 2986 2198 3041 καὶ
2232 2987 2539 3058 ἄποθανὼν,
2566 2989 2653 3042 καὶ
2685 2988 2893 3059 ταφεὶς,
2928 2991 3092 3064 φυτὸν
3125 2989 3379 3061 ἐποίησεν
3411 2987 3764 3065 ἀναϐλαστῆ-
3843 3005 3846 3007 λ

2110 3096 2197 3130 σαι
2228 3075 2409 3132 ἐπᾶνω
2433 3081 2529 3132 τοῦ
2557 3081 2730 3147 τάφου
2760 3078 2944 3148 αὐτοῦ,
2971 3079 3212 3154 παρέχον
3244 3079 3410 3142 ἰάσεις
3440 3080 3678 3145 πολλάς.

2651 3168 2834 3226 MHNI
2874 3169 2964 3224 ΤΩ
3004 3171 3178 3224 ΛΥΤΩ
3191 3211 3202 3226 .

2889 3263 2959 3312 Z‘.

2104 3343 2378 3415 Ἀθλησις
2406 3343 2937 3436 τῶννὰγίωνῇχιλίων
2968 3350 3134 3418 τριῶν
3171 3347 3480 3436 μαρτύρων,
3525 3354 3633 3404 τῶν
3695 3349 3753 3405 ἐν

2495 3415 2838 3488 Νικομηδείᾳ
2871 3415 3354 3490 μαρτυρησάντων,

2171 3513 2335 3571 Οὗτοι
2360 3512 2550 3570 δοῦλοι
2585 3516 2841 3590 ὑπῆρχον
2871 3520 2978 3570 τῶν
3005 3519 3278 3593 τεσσάρων
3336 3519 3738 3595 προτικτόρων,

2097 3608 2204 3658 τῶν
2239 3603 2657 3659 ἀποσταλέντων
2689 3606 2834 3679 παρᾶ
2863 3610 2964 3660 τοῖ’)
2999 3607 3268 3681 βασιλέως
3323 3607 3746 3680 Διοκλητιανοῦ,

2097 3698 2188 3750 καί
2219 3697 2601 3770 κρατησάντων
2635 3697 2724 3751 τὸν
2781 3695 2931 3772 ἅγιον
2983 3698 3188 3772 Πέτρον
3235 3700 3325 3754 τὸν
3380 3701 3743 3776 ἀρχιεπίσκο-

2096 3804 2197 3838 πον
2251 3783 2678 3861 Ἀλεξανδρείας,
2735 3786 2824 3842 καὶ
2881 3784 3419 3864 ἁποκεφαλισάντων,
3483 3791 3598 3844 εἶτα
3653 3792 3750 3845 καὶ

2095 3881 2495 3929 πιστευσάντων
2555 3879 2636 3946 τῷ
2692 3879 2940 3948 Χριστῷ,
2997 3875 3090 3930 σὺν
3147 3881 3265 3939 τοῖς
3326 3875 3490 3942 ἰδίοις
3562 3879 3748 3935 αὐτῶν

2094 3969 2244 4034 πᾶσι,
2281 3965 2415 4036 μετά
2443 3963 2695 4034 τελευτὴν
2726 3969 2822 4019 τοῦ
2880 3965 3037 4039 ἁγίου
3097 3969 3324 4042 Πέτρου,
3382 3967 3472 4022 καὶ
3532 3968 3744 4032 ἀποθα-

2090 4048 2289 4102 νόντων
2345 4047 2436 4102 καὶ
2495 4047 2670 4102 αὐτῶν
2729 4048 2861 4120 ὑπὲρ
2920 4052 3180 4124 Χριστοῦο
3241 4051 3328 4104 καὶ
3391 4048 3595 4112 ἰδόντες
3651 4050 3740 4108 ὅτι

2089 4136 2352 4190 ἀπέθανον
2407 4137 2540 4210 ὑπὲρ
2596 4141 2694 4191 τοῦ
2753 4138 2988 4212 Χριστοῦ
3037 4139 3088 4192 οἱ
3146 4138 3323 4213 κύριοι
3381 4140 3585 4209 αὐτῶν,
3642 4141 3738 4196 καὶ

2089 4223 2441 4296 λυπηθέντες,
2494 4226 2584 4280 καὶ
2642 4225 3007 4295 ζηλώσαντες,
3091 4223 3421 4282 ἀνελάὸοντο
3479 4229 3578 4290 τὰς
3636 4251 3734 4305 γυ-

2084 4321 2272 4377 ναῖκας
2329 4315 2554 4384 ἑαυτῶν,
2609 4314 2701 4369 καὶ
2756 4315 2822 4370 τὰ
2895 4313 3107 4383 παιδία,
3167 4317 3256 4372 καὶ
3340 4319 3545 4383 πάντας
3596 4320 3728 4382 τοὺς

2085 4412 2382 4482 συγγενεῖς,
2428 4407 2518 4462 καὶ
2576 4405 2748 4476 ἦλθον
2810 4403 3112 4482 ἔμπροσθεν
3173 4414 3270 4464 τοῦ
3331 4411 3596 4484 βασιλέως
3655 4410 3734 4473 εἷς

3630 4501 3728 4555 Καὶ

325 4591 633 4647 blanditiis
655 4590 788 4643 illos
819 4586 1103 4640 inducere
1135 4589 1384 4637 conatus
1444 4589 1550 4649 est,
1585 4589 1649 4637 ut
1677 4584 1972 4641 Christum

2114 4592 2248 4658 ,μεῖς
2295 4584 2610 4659 Χριστιανιιί
2668 4585 2848 4658 ἐσμεν·
2905 4587 2992 4641 καὶ
3051 4587 3287 4651 ἀκούσας
3346 4590 3725 4644 ταῦταὸΔιο-

321 4682 702 4752 abnegarent.
730 4679 939 4730 Verum
957 4690 1091 4729 cum
1114 4672 1260 4726 nihil
1293 4671 1658 4742 profecisset,
1693 4677 1977 4746 przecepit

2114 4675 2398 4744 Λητιανὸς,
2456 4673 2756 4749 ἐταράχθη,
2827 4675 2916 4730 καὶ
2995 4675 3261 4747 ὠργίσθη·
3321 4680 3410 4733 καὶ
3457 4679 3724 4754 πρότερον

319 4769 631 4834 militibus,
666 4773 730 4820 ut
757 4763 970 4837 gladiis
1001 4762 1138 4816 illos
1168 4777 1366 4814 coram
1399 4776 1459 4814 se
1491 4761 1893 4818 conciderent.

2114 4764 2202 4834 μὲν,
2234 4762 2323 4818 διὰ
2376 4763 2667 4828 κολακείας
2712 4764 3032 4840 ἐπεχείρησε
3080 4771 3261 4821 πεῖσαι
3309 4767 3504 4830 αὐτοὺς
3551 4769 3721 4842 ἀρνή-

314 4860 503 4912 σασθαι
533 4856 624 4910 τὸν
655 4852 904 4929 Χριστόν·
953 4857 1038 4913 Ὡς
1067 4847 1124 4903 δὲ
1169 4847 1268 4903 οὐκ
1324 4845 1520 4919 ἔπεισε»
1575 4851 1863 4922 προσέταξε
1915 4858 2036 4918 τοῖς
2093 4854 2472 4931 στρατιώταις,
2527 4855 2618 4910 καὶ
2679 4855 2814 4928 μετὰ
2864 4865 3106 4919 σπαθιων
3167 4857 3466 4931 κατέκοψαν
3528 4856 3726 4920 αὐτοὺς

311 4943 610 5022 ἔμπροσθεν
644 4943 831 4999 αὐτοῦ.

961 5038 1181 5094 Eodem
1214 5035 1308 5092 die

2651 5044 2736 5117 Τῇ
2778 5043 2915 5114 αὐτῇ
2947 5042 3132 5118 ἡμέρᾳ

307 5134 459 5188 189
530 5132 1012 5256 CommemoratioL
1070 5128 1261 5210 sancti.
1330 5123 1628 5180 Parthenii
1713 5129 1957 5198 episcopi

1017 5215 1282 5270 ampsacz.

2114 5137 2272 5210 νήμη
2355 5142 2449 5193 τοῦ
2535 5136 2689 5214 ἁγίου
2775 5138 3075 5284 ῗαρθενίου
3157 5138 3459 5196 ἐπισκόπου
3559 5147 3716 5214 Λαμ-

2824 5231 2976 5267 ακου.

1271 5237 1282 5250 .
2780 5231 2976 5267 ψακου.

373 5305 622 5360 Sanctus
655 5305 826 5357 Pater
867 5305 1070 5355 noster
1125 5293 1499 5360 Parthenius,
1559 5294 1949 5352 Constantino

2133 5295 2486 5371 Παρθένιὸςὸ
2519 5297 2570 5353 ἐν
2627 5298 2801 5373 ἁγίοις
2853 5300 3042 5375 Πατὴρ
3101 5301 3288 5374 ἡμῶν,
3344 5302 3412 5371 ἦν
3469 5299 3556 5356 ἐπὶ
3611 5308 3714 5372 τῆς

296 5396 500 5466 Magno
517 5389 1066 5464 imperatore,ﬁlius
1087 5383 1497 5456 Christophori
1513 5381 1745 5436 diaconi
1765 5386 1943 5441 eccle-

2114 5385 2338 5449 ισιλείας
2395 5386 2811 5444 Κωνσταντίνου
2869 5391 2964 5443 τοῦ
3029 5388 3299 5464 μεγάλου,
3381 5391 3499 5454 υἱὸς
3573 5391 3710 5465 Χρι-

296 5485 394 5539 sise
431 5483 908 5554 Melitopolitanm
941 5479 1274 5534 litterarum
1299 5473 1538 5545 quidem
1573 5488 1781 5543 expers
1812 5475 1941 5546 fuit,

2114 5475 2325 5550 οφόρου
2373 5473 2629 5532 διακόνου
2684 5483 2785 5545 τῆς
2842 5475 2894 5531 ἐν
2957 5475 3329 5534 Μελιτοπόλει
3389 5477 3704 5550 ἐκκλησίας’

291 5574 393 5628 sed
427 5590 659 5629 summa
685 5579 883 5628 tamen
914 5569 1132 5643 pietate
1166 5572 1224 5623 et
1253 5566 1466 5620 virtute
1497 5563 1800 5635 praaditus.
1837 5566 1940 5620 Pi-

2114 5567 2390 5637 ιαμμάτων
2424 5566 2518 5639 μὲν
2572 5563 2816 5642 ἄπειρος,
2874 5561 3114 5636 εὐλαϐὴς
3175 5565 3231 5622 δὲ
3285 5568 3374 5623 καὶ
3428 5568 3698 5644 ἐνάρετος.

287 5665 600 5722 scatoriam
629 5669 827 5721 autem
857 5678 1037 5737 agens
1057 5661 1468 5733 vitam,captos
1488 5655 1683 5728 pisces
1707 5657 1939 5714 mendi-

2119 5653 2266 5711 λίευε
2316 5652 2376 5712 δὲ
2429 5656 2522 5711 καὶ
2577 5656 2706 5719 τοὺς
2779 5655 2994 5731 ἰχθύας,
3051 5657 3142 5713 καὶ
3193 5655 3431 5716 διεδίδου
3490 5659 3549 5715 ἐκ
3601 5663 3705 5726 τῆς
