4074 6192
169 454 287 517 861

1566 443 2081 510 FEBRUARIUS
2093 494 2106 509 .

3476 456 3591 517 302

174 583 342 661 ἄγρας
367 588 490 647 τοῖς
524 587 770 655 ζητοῦσι.
824 581 1076 653 Τοσαύτη
1129 580 1189 638 δέ
1234 602 1319 645 τις
1369 585 1439 653 ἦν
1478 578 1830 658 κρυπτομὲνη

1959 583 2034 640 cis
2062 584 2474 643 distribuebat.
2507 588 2643 642 Haec
2673 587 2735 642 in
2764 588 2891 660 ipso
2924 589 3116 645 latens
3145 590 3330 645 virtus
3350 594 3591 660 meruit,

172 676 222 731 ἐν
258 675 407 747 αύτῷ
438 676 627 751 ἀρετὴ,
661 673 736 736 ὡς
767 673 856 728 καὶ
891 673 1052 749 χάριν
1083 673 1232 747 παρὰ
1260 676 1395 728 Θεοῦ
1453 667 1664 737 λάϐεῖν,
1724 668 1835 725 δαί-

178 785 340 837 μονας
404 762 754 833 ἀπελαύνειν,
809 762 900 817 καὶ
958 762 1151 823 νόσους
1241 761 1443 826 ἰᾶσθαι.
1505 758 1839 817 Ἐσπούδασε

177 853 231 909 δὲ
288 855 378 908 καὶ
438 851 604 925 ἔμαθε
660 852 975 925 γράμματα·
1057 850 1147 905 καὶ
1227 855 1625 925 χειροτονεῖται
1704 868 1836 922 πρε-

184 939 441 1017 σϐύτερος
505 942 609 996 ὑπὸ
667 939 953 995 Φιλίππου
1009 938 1308 995 ἐπισκόπου
1392 937 1837 1005 Μελιτοπόλεως,

183 1034 292 1088 εἶτα
350 1031 655 1091 ἐπίσκοπος
716 1031 1023 1103 Λαμψάκου
1084 1028 1187 1083 ὑπὸ
1268 1027 1573 1104 ’Δσχολίου
1630 1047 1841 1100 μητρο-

183 1120 414 1176 πολίτου
456 1120 714 1188 Κυζίκου.
774 1118 967 1173 Πολλά
1021 1116 1078 1173 δὲ
1133 1118 1381 1190 θαύματα
1433 1116 1680 1186 ἐποίησε·
1749 1116 1837 1168 καὶ

180 1213 275 1288 γὰρ
313 1211 418 1265 ὑπὸ
474 1209 680 1283 ταύρου
734 1209 825 1263 τὸν
887 1206 1170 1279 ὀφθαλμὸν
1232 1205 1426 1281 ἀνδρός
1478 1227 1626 1268 τινος
1685 1204 1839 1260 ἐκκο-

182 1304 395 1369 πέντος,
434 1299 644 1367 ἰάσατο,
676 1298 766 1353 καὶ
817 1298 880 1353 τὸ
932 1296 1125 1365 πάθος,
1176 1297 1239 1351 τὸ
1293 1291 1589 1373 λεγόμενον
1646 1294 1839 1369 καρκί-

179 1412 289 1457 νον,
343 1389 694 1463 ἐθεράπευσε,
754 1386 842 1440 καὶ
894 1388 986 1441 τὸν
1047 1386 1152 1442 ὑπὸ
1208 1392 1307 1455 τῆς
1362 1385 1575 1458 ἁμάξης
1624 1405 1839 1457 συμπα-

184 1481 415 1548 τηθέντα
449 1478 735 1552 ἄνθρωπον
782 1475 1086 1544 άνεζώωσε·
1144 1475 1234 1529 καὶ
1293 1472 1441 1530 ἄλλα
1497 1473 1684 1529 πολλὰ
1739 1493 1841 1528 πα-

182 1566 379 1641 ράδοξα
409 1568 670 1635 ποιήσας,
728 1566 820 1619 καὶ
868 1564 997 1641 περὶ
1052 1562 1374 1637 μελλόντων
1435 1561 1737 1641 προειπὼν,
1787 1560 1840 1617 ἰν

180 1657 369 1733 εἰρήνῃ
403 1652 730 1726 ἐτελειώθη.

780 1757 863 1828 Τῇ
893 1752 1032 1828 αὖτῇ
1067 1753 1254 1826 ἡμέρᾳ

184 1857 390 1929 Μνήμη
450 1858 549 1910 τοῦ
621 1853 786 1930 ἁγίου
842 1853 1108 1979 ’Διρίιῖνος
1213 1850 1511 1908 ἐπισκόπου
1595 1856 1848 1931 Κυπρου-

946 1945 1107 1979 επιι.

896 1932 1107 1980 Λείπιιι.

751 2042 939 2098 ΜΗΝΙ
978 2046 1063 2095 ΤΩ
1102 2042 1282 2098 ΑΥΤΩ

975 2165 1041 2221 Π.

185 2266 383 2336 Μνήμη
420 2267 519 2318 τοῦ
578 2261 735 2340 ἁγίευ
790 2260 881 2340 καὶ
940 2260 1160 2340 ἐνδόξου
1220 2264 1510 2340 προφήτου
1569 2264 1848 2340 Ζαχαρίου

648 2334 769 2396 ἐνὸς
799 2338 907 2388 τῶν
943 2335 1009 2404 ιζ’
1040 2334 1365 2413 προφητῶν.

251 2478 425 2539 Οὗτος
454 2478 484 2531 6
516 2478 813 2553 προφήτης
843 2476 1105 2552 ἐγεννήθη
1160 2476 1255 2548 μὲν
1309 2476 1363 2531 ἐν
1412 2479 1482 2550 τῇ
1538 2478 1699 2550 χώρᾳ
1746 2483 1847 2544 τῆς

185 2563 474 2628 Ἰουδαίας.
503 2566 680 2629 Ἦλθε
741 2563 800 2619 δὲ
848 2564 925 2627 εἷς
978 2572 1083 2639 γῆν
1131 2563 1447 2632 Χαλδαίων,
1497 2566 1670 2642 γὲρων
1732 2565 1845 2640 ἤδη

184 2659 497 2733 γενόμενος·
535 2657 624 2712 καὶ
655 2657 768 2712 ἐκεῖ
824 2655 1017 2712 πολλά
1071 2662 1462 2735 προεφήτευσε,
1521 2658 1609 2713 καὶ
1653 2661 1848 2737 τὲρατα

183 2743 380 2803 ἔδωκεν
442 2747 524 2809 εἰς
583 2743 854 2817 ἀπόδειξιν
911 2745 1002 2801 καὶ
1062 2752 1286 2818 σημεῖα.
1345 2748 1513 2807 Οὗτος
1600 2748 1715 2804 εἶπε
1768 2753 1848 2822 τῷ

188 2836 406 2911 βασιλεῖ
438 2833 710 2903 Ἰωσεδὲκ,
746 2835 828 2890 ὅτι
880 2837 1158 2905 Γεννήσεις
1209 2836 1350 2907 υἱὸν,
1403 2837 1494 2890 καὶ
1551 2836 1604 2891 ἐν
1656 2838 1851 2911 Ἰερου-

185 2928 378 3002 σαλὴμ
407 2927 731 3003 ἱερατεύσει·
787 2926 998 2998 ὁμοίως
1050 2927 1139 2981 καὶ
1194 2928 1287 2982 τὸν
1345 2929 1633 2997 Σαλαθιήλ
1687 2928 1848 2983 εὐλόο

186 3039 346 3091 γησεν
378 3016 467 3072 ἐπὶ
502 3018 629 3088 υἱῷ,
660 3016 752 3071 καὶ
790 3014 853 3070 τὸ
910 3010 1086 3087 ὄνομα
1132 3015 1298 3070 αὐτοῦ
1349 3016 1567 3086 ἐξέθηκε
1605 3012 1849 3091 Ζοροϐά-

186 3101 302 3161 ϐελ·
337 3106 432 3160 καὶ
466 3105 556 3161 ἐπὶ
605 3104 782 3179 Κύρου
845 3108 944 3159 τοῦ
1006 3101 1278 3179 βασιλέως
1336 3109 1566 3177 σημεῖον
1629 3125 1845 3182 προφη-

178 3194 323 3264 τεέης
380 3188 583 3248 ἔδωκεν
642 3192 719 3255 εἷς
777 3198 948 3257 νῖκος·
1008 3191 1097 3247 καὶ
1152 3192 1276 3267 περὶ
1333 3200 1434 3262 τῆς
1503 3192 1847 3268 λειτουργίας

180 3284 343 3345 αὗτοῦ
374 3282 811 3358 προηγόρευσεν,
840 3278 909 3350 ἤν
934 3282 1152 3352 ποιήσει
1204 3279 1256 3335 ἐν
1309 3282 1698 3356 Ἰερουσαλήμ·
1744 3280 1833 3338 καὶ

181 3374 297 3447 περὶ
326 3371 537 3433 τέλους
569 3370 758 3438 ἐθνῶν,
791 3370 883 3425 καὶ
932 3371 1056 3446 περὶ
1105 3375 1485 3448 προφητειῶν,
1532 3378 1621 3426 καὶ
1670 3373 1831 3448 ἱερω-

186 3463 342 3532 σ-Ξνης
401 3466 515 3516 τῶν
574 3458 881 3528 Ἰουδαίων,
958 3459 1043 3515 ὅτι
1128 3462 1658 3536 καταργηθήσονται·
1746 3461 1837 3516 καὶ

187 3552 301 3627 περὶ
349 3556 454 3607 τοῦ
512 3556 665 3621 ναοῦ,
720 3550 805 3606 ὅτι
862 3548 1320 3623 καταλυθήσεται·
1399 3551 1490 3606 καὶ
1560 3552 1685 3625 περῖ
1738 3558 1839 3620 τῆς

190 3641 486 3715 παρουσίας
518 3644 617 3694 τοῦ
649 3642 910 3711 Χριστοῦ,
956 3642 1039 3695 ὅτι
1099 3639 1393 3695 καταλύσει
1455 3645 1630 3696 πᾶσαν
1682 3639 1845 3695 εἰδω-

198 3730 543 3801 Αολατρείαν,
573 3729 665 3782 καὶ
701 3728 1009 3803 βασιλεύσει
1061 3728 1141 3791 εἷς
1196 3728 1325 3791 τοὺς
1385 3729 1608 3792 αἰῶνας.
1670 3733 1845 3784 Ταῦτα

199 3817 253 3873 δὲ
306 3817 717 3896 προφητεύσας,
773 3817 864 3872 καὶ
921 3815 1069 3873 ἄλλᾶ
1117 3816 1324 3886 πολλὰ,
1377 3817 1429 3874 ἐν
1487 3821 1633 3896 γήρᾳ
1694 3820 1848 3895 βαθεῖ

192 3906 428 3963 ἀπέθανε·
487 3906 579 3962 καὶ
647 3905 815 3985 ἐτάφη
875 3906 1135 3980 ἐντίμως,
1191 3907 1447 3982 σύνεγγυς
1522 3911 1620 3963 τοῦ
1674 3911 1849 3986 τάφου

194 4000 280 4049 τοῦ
308 3993 583 4071 ’Δγγαίου
611 3999 710 4049 τοῦ
742 3996 1050 4072 προφήτου.

796 4123 881 4194 Τῇ
910 4120 1050 4192 αὖτῇ
1079 4121 1263 4195 ἡμέρᾳ

198 4218 452 4291 ’Δθλησις
497 4223 596 4274 τοῦ
654 4218 809 4295 ἁγίου
856 4218 1351 4297 μεγαλομάρτυρος
1406 4217 1702 4296 Θεοδώρου
1754 4226 1853 4278 τοῦ

549 4309 936 4386 στρατηλάτου
962 4315 1060 4366 τοῦ
1090 4310 1142 4366 ἐν
1175 4309 1495 4387 Εὗχαΐτοις.

258 4435 316 4489 Ὀ
373 4432 798 4510 μεγαλομάρτυς
881 4432 1164 4509 Θεόδωρος
1218 4436 1248 4489 6
1305 4434 1686 4508 στρατηλάτης
1761 4435 1852 4504 ἧν

204 4520 277 4576 ἐπὶ
309 4524 587 4578 Λικιννίου
616 4527 716 4578 τοῦ
753 4522 1046 4597 βασιλέως,
1074 4525 1174 4593 τήν
1211 4524 1305 4597 μὲν
1342 4522 1558 4593 οἴκησιν
1615 4518 1759 4579 ἔχων
1793 4522 1850 4579 ἐν

199 4616 300 4674 τοῖς
364 4610 687 4688 Εὖχαΐτοις,
750 4608 1052 4687 δεατρίόων
1113 4610 1172 4668 δὲ
1240 4612 1317 4677 είς
1372 4611 1697 4684 Ἡράκλειαν
1755 4633 1818 4668 το

1946 678 2012 729 ut
2041 675 2263 729 donum
2296 691 2331 730 a
2359 676 2461 731 Dei
2492 677 2788 748 acciperet
2833 677 3137 733 daemones
3183 680 3502 751 effugandi,
3536 688 3595 737 et

1946 764 2187 818 morbos
2209 766 2748 837 curandi.Cumque
2772 772 2976 837 postea
2998 770 3174 823 etiam
3197 769 3426 824 litteras
3449 770 3593 825 didi-

1946 853 2461 925 cisset.presbyter
2477 872 2510 910 a
2527 856 2798 927 Philippo
2824 857 3288 928 Melitopolitano
3313 860 3590 931 episcopo

1947 942 2275 1011 ordinatur,
2309 944 2524 999 deinde
2554 946 2866 1017 episcopus
2900 947 3197 1018 Lampzaci
3230 948 3301 1002 ab
3324 958 3354 998 Α
3369 949 3593 1004 scholio

1947 1032 2135 1103 Cyzici
2168 1034 2558 1104 Metropolita.
2583 1034 2761 1089 Multa
2780 1040 2977 1089 autem
2999 1036 3288 1091 miracula
3314 1040 3596 1108 patravit:

1948 1138 2085 1176 nam
2118 1122 2353 1176 oculum
2388 1122 2697 1191 cujusdam
2758 1142 2791 1177 a
2849 1130 3013 1179 tauro
3071 1142 3255 1179 cornu
3315 1129 3597 1183 effossum

1948 1212 2787 1283 restituit;etmorbum,quem
2809 1231 3088 1269 cancrum
3106 1221 3313 1269 vocant
3342 1220 3599 1285 curavit;

1950 1307 2007 1357 et
2032 1302 2337 1358 hominem
2369 1302 2478 1357 sub
2512 1303 2775 1374 plaustro
2825 1304 3256 1374 proculcatum,
3306 1306 3378 1360 ad
3424 1308 3601 1362 vitam

1948 1392 2257 1446 revocavit.
2280 1392 2542 1461 Cumque
2567 1391 2682 1446 alia
2706 1391 2960 1461 plurima
2984 1393 3249 1463 prodigia
3296 1394 3602 1473 edidisset,

1949 1480 2294 1553 prophetico
2326 1480 2503 1535 etiam
2536 1481 2752 1552 spiritu
2777 1480 2994 1549 clarus,
3029 1481 3089 1535 in
3122 1498 3265 1553 pace
3324 1482 3600 1538 decessit.

2600 1776 2819 1831 Eodem
2853 1776 2949 1831 die

1970 1892 2118 1947 I70
2146 1892 2595 1947 Commemoratio
2623 1895 2809 1948 sancti
2849 1894 3070 1949 Arionis
3116 1894 3361 1965 episcopi
3408 1895 3603 1965 Cypri.

2684 1983 2877 2038 Deest.

2507 2097 2748 2154 EODEM
2787 2099 3038 2154 MENSE.

2613 2214 2715 2269 Die
2750 2220 2952 2270 octava

1958 2304 2103 2358 171
2173 2305 2633 2358 (’ommemoratio
2679 2306 2858 2357 sancti
2912 2309 2964 2358 et
3017 2304 3245 2370 gloriosi
3319 2305 3604 2375 prophetae

2181 2375 2455 2430 Zachariae
2486 2377 2651 2430 unius
2681 2392 2749 2429 ex
2778 2375 3048 2430 sexdecim
3078 2376 3381 2445 pmphetis,

2029 2518 2144 2574 Iste
2166 2517 2453 2589 propheta
2477 2517 2536 2572 in
2564 2518 2803 2590 regione
2823 2517 3037 2573 Iudaeas
3068 2523 3264 2580 natus,
3299 2519 3357 2572 in
3391 2522 3607 2572 terram

1958 2608 2367 2664 Chaldaeorum
2392 2609 2681 2680 venitjam
2705 2615 2979 2680 provecta
3000 2608 3398 2679 aetate,ibique
3424 2609 3610 2663 multa

1958 2701 2250 2772 praadixit,
2285 2706 2343 2755 et
2372 2701 2538 2772 signa
2567 2705 2744 2771 atque
2777 2707 3050 2771 portenta
3096 2702 3158 2755 in
3207 2717 3433 2767 eorum,
3478 2717 3607 2771 qua)

1960 2791 2405 2857 vaticinabatur,
2439 2790 3011 2846 demonstrationem
3066 2791 3249 2846 dedit.
3314 2791 3418 2845 Hic
3462 2790 3610 2845 dixit

1957 2879 2280 2934 Josedecho
2312 2880 2589 2951 principi,
2614 2879 2771 2951 quod
2808 2880 2995 2935 {ilium
3022 2887 3406 2952 suscepturus
3430 2886 3607 2945 esset,

1958 2968 2060 3039 qui
2084 2968 2507 3040 Hierosolymis
2531 2969 2861 3024 sacerdotio
2890 2969 3253 3039 fungeretur.
3286 2971 3427 3023 Item
3457 2968 3608 3023 Sala-

1958 3057 2123 3112 thieli
2157 3057 2218 3111 in
2252 3058 2373 3112 ﬁlio
2404 3057 2732 3121 benedixit,
2766 3059 2859 3113 cui
2894 3064 2951 3113 et
2981 3058 3356 3113 Zorobabelis
3389 3075 3607 3113 nomen

1957 3147 2259 3218 imposuit.
2296 3148 2373 3202 De
2404 3148 2551 3219 Cyro
2582 3164 2818 3218 quoque
2849 3164 2984 3219 rege
3016 3149 3248 3219 signum
3280 3148 3604 3217 prophetico

1959 3236 2124 3291 dedit
2152 3237 2214 3291 in
2245 3236 2549 3292 victoriam
2575 3255 2589 3303 ;
2622 3236 2813 3307 deque
2840 3237 2929 3291 sui
2959 3237 3147 3307 ipsius
3180 3236 3415 3307 Iiturgia
3466 3252 3603 3305 pro-

1865 3322 1910 3390 C
1950 3326 2229 3398 phetavit,
2263 3343 2379 3397 qua
2406 3331 2563 3381 esset
2608 3325 3032 3397 Hierosolymis
3060 3326 3388 3380 functurus.
3427 3325 3603 3377 Deni-

1948 3432 2063 3487 que
2086 3416 2157 3469 de
2179 3416 2445 3488 gentium
2471 3415 2806 3485 ﬁne,deque
2834 3414 3163 3485 prophetiis
3192 3420 3250 3468 et
3271 3414 3602 3468 sacerdotio

1946 3506 2306 3570 Judaaorum,
2343 3504 2499 3575 quod
2534 3510 2734 3560 essent
2765 3506 2985 3559 exitum
3036 3504 3313 3559 habitura
3345 3521 3357 3558 :
3413 3504 3606 3574 deque

1951 3594 2148 3663 futuro
2181 3594 2387 3665 templi
2414 3594 2641 3650 excidio
2670 3611 2682 3648 :
2716 3600 2775 3649 et
2806 3594 2878 3649 de
2909 3593 3124 3649 Christi
3171 3593 3447 3661 adventu,
3504 3593 3605 3664 qui

1953 3688 2111 3738 esset
2139 3683 2431 3738 idolorum
2465 3682 2689 3737 cultum
2748 3684 2991 3739 omnino
3051 3683 3377 3748 deleturus,
3440 3689 3497 3737 et
3544 3683 3604 3738 in

1954 3780 2243 3831 aeternum
2268 3775 2779 3847 regnaturusllaac
2797 3780 2854 3828 et
2874 3775 3130 3846 plurima
3151 3774 3269 3829 alia
3290 3774 3562 3846 praadixit
3590 3790 3603 3830 :

1958 3869 2016 3920 et
2046 3863 2106 3918 in
2152 3870 2417 3919 extrema
2474 3870 2777 3920 senectute
2830 3864 2998 3931 obiit,
3058 3864 3445 3937 sepultusque
3495 3865 3607 3919 fuit

1956 3953 2283 4009 honorifice
2310 3970 2492 4026 prope
2523 3953 2865 4025 sepulcrum
2896 3954 3090 4027 Aggaai
3122 3954 3448 4027 prophetae.

2614 4133 2833 4190 Eodem
2860 4133 2955 4190 die

1960 4224 2114 4281 172
2175 4224 2459 4280 Certamen
2516 4225 2693 4278 sancti
2753 4226 2941 4292 magni
2996 4221 3260 4293 martyris
3340 4220 3614 4279 Theodori

2351 4293 2595 4348 militum
2625 4294 2778 4349 ducis
2808 4296 2865 4348 in
2896 4294 3205 4349 Euchaztis.

2034 4439 2275 4510 Magnus
2306 4441 2531 4509 martyr
2558 4435 2898 4491 Theodorus
2929 4436 3189 4491 militum
3216 4435 3353 4504 dux,
3388 4434 3611 4490 Licinio

1963 4528 2341 4599 imperatore,
2374 4526 2625 4581 claruit:
2657 4531 2716 4581 et
2746 4525 3113 4581 domicilium
3137 4525 3375 4597 quidem
3407 4526 3468 4580 in
3502 4526 3615 4580 Eu-

1965 4617 2178 4673 chaitis
2192 4615 2729 4677 nactus,Heraclew
2748 4621 2945 4670 tamen
2970 4616 3030 4670 in
3051 4617 3236 4669 Ponto
3249 4616 3612 4682 versabatur,

206 4702 424 4757 Πόντου·
464 4702 603 4778 ἀνὴρ
635 4700 829 4777 λόγιος
859 4702 948 4757 καὶ
980 4700 1276 4779 εὔμορφος,
1305 4702 1393 4757 καὶ
1445 4703 1660 4765 συνετὸς
1709 4724 1842 4758 τοσ-

1962 4708 2048 4762 vir
2074 4705 2436 4777 eloquentia,
2468 4705 2658 4761 forma
2683 4722 2750 4760 ac
2780 4705 3098 4777 prudentia
3146 4705 3291 4761 adeo
3342 4706 3615 4776 insignis,

205 4795 365 4861 οὖτον,
396 4792 475 4853 ὡς
501 4792 592 4847 καὶ
648 4791 739 4846 τὸν
808 4790 1037 4866 βασιλέα
1081 4792 1413 4865 ἐπιθυμῆσαι
1465 4790 1598 4847 ἰδεῖν
1659 4791 1842 4852 αὐτόν.

199 4881 391 4953 Ἐμαθε
411 4881 539 4956 γάρ,
576 4881 662 4936 ὃτι
695 4880 1032 4957 ὡραιότατός
1084 4881 1197 4936 ἐστι
1239 4882 1328 4935 καὶ
1377 4878 1644 4952 ἀνδρεῖος,
1694 4880 1841 4951 πλήν

206 4970 466 5045 ὁμολογεῖ
491 4971 588 5024 τὸν
632 4969 882 5043 Χριστόν.
946 4970 1046 5026 Καὶ
1104 4966 1391 5025 ἀπέστειλε
1441 4970 1625 5025 καλῶν
1685 4970 1845 5026 αὐτὸν

207 5059 273 5119 εἷς
301 5056 695 5131 Νικομήδειαν.
754 5060 818 5115 Ὀ
876 5057 932 5114 δὲ
976 5060 1088 5114 εἶπε
1145 5058 1281 5135 πρὸς
1330 5058 1461 5121 τοὺς
1516 5057 1847 5114 ἀποσταλὲνο

207 5168 310 5215 τας,
342 5151 426 5205 ὅτι
462 5148 690 5204 Μᾶλλον
718 5148 934 5222 πρέπει,
964 5148 1054 5204 ἳνα
1082 5147 1213 5222 ἔλθῃ
1243 5146 1352 5203 ὧδε
1384 5150 1412 5204 6
1450 5146 1728 5223 βασιλεὺς,
1759 5149 1849 5205 καὶ

210 5238 652 5314 ἀγάγηκαὶτοῦς
680 5243 918 5315 χρυσοῦς
970 5240 1055 5294 καὶ
1116 5236 1390 5315 ἀργυροῦς
1447 5239 1612 5295 αὐτοῦ
1672 5240 1849 5311 θεοὺς,

104 5370 109 5405 ,
211 5329 287 5390 οἷς
310 5327 521 5384 κελεύει
550 5335 914 5406 προσαγαγεῖν
946 5330 1154 5395 θυσίας.
1183 5334 1241 5383 Ὁ
1289 5326 1349 5384 δὲ
1394 5328 1663 5389 Λικίννιος
1690 5329 1855 5384 ἀκού-

212 5438 312 5484 σας,
375 5421 511 5492 μετᾶ
572 5424 750 5493 χαρᾶς
805 5423 971 5474 τοῦτο
1018 5419 1267 5490 ἐποίησε.
1329 5419 1424 5474 Καὶ
1503 5418 1711 5491 μαθὼν,
1770 5421 1853 5474 ὅτι

215 5502 415 5582 ἔσχεται
462 5509 489 5563 6
538 5508 836 5579 Λικίννιος,
896 5507 1266 5571 ἐπικαθεσθεὶς
1326 5505 1504 5581 ἵππῳ,
1552 5508 1852 5580 ὑπήντησεν

220 5594 487 5667 αὐτῷ,ηὲ
548 5596 872 5672 πρεπόντως
931 5596 1180 5671 ἰτίμησε,
1238 5597 1313 5660 ὡς
1373 5595 1620 5673 βασιλέα.
1680 5599 1739 5655 Ὀ
1798 5596 1855 5654 δὲ

222 5683 461 5757 βασιλεὺς
486 5686 751 5743 εἰσελθὼν
783 5685 837 5741 ἐν
875 5690 943 5760 τῇ
1000 5686 1183 5758 πόλει,
1233 5683 1530 5762 παρεκάλει
1578 5685 1670 5740 τὸν
1707 5687 1856 5763 ἅγιον

218 5774 356 5828 θῦσαι
412 5780 531 5841 τοῖς
589 5782 763 5842 θεοῖς·
798 5777 826 5831 6
859 5772 916 5831 δὶ
970 5776 1213 5847 ᾐτήσατο
1272 5769 1460 5831 λαϐεῖν
1518 5772 1715 5839 αὐτοὺς
1765 5779 1855 5834 καὶ

1955 4802 2023 4853 ut
2051 4796 2375 4867 imperator
2402 4793 2638 4848 videndi
2666 4793 2838 4848 illum
2898 4794 3194 4849 desiderio
3243 4793 3614 4866 ﬂagraverit:

1959 4890 2202 4943 noverat
2231 4885 2393 4939 enim
2427 4899 2561 4938 cum
2596 4882 2925 4938 formosum
2958 4900 3087 4939 esse
3118 4900 3186 4938 ac
3218 4882 3432 4937 fortem
3465 4899 3478 4949 ;
3514 4881 3615 4936 sed

1959 4980 2159 5030 tamen
2189 4972 2407 5027 Christi
2441 4972 2753 5029 cultorem.
2782 4973 2937 5027 Misit
2968 4974 3146 5045 igitur
3176 4972 3277 5042 qui
3331 4987 3467 5025 eum
3524 4969 3591 5024 Ni

1961 5062 2292 5119 comediam
2325 5068 2718 5118 accerserent.
2750 5065 2824 5118 At
2855 5062 2954 5117 ille
2986 5062 3060 5116 ad
3118 5061 3360 5116 nuntios
3397 5076 3412 5115 :
3465 5060 3619 5126 Quin

1962 5156 2160 5229 potius
2189 5154 2382 5222 docet,
2414 5154 2629 5224 inquit,
2666 5160 2731 5208 ut
2788 5155 2902 5209 huc
2953 5154 3276 5224 imperator
3323 5151 3618 5215 adveniat,

1963 5261 2286 5315 secumque
2317 5243 2568 5298 advehat
2624 5243 2766 5299 deos
2825 5260 2963 5297 suos
3026 5260 3237 5297 aureos
3292 5248 3350 5297 et
3407 5256 3619 5312 argen-

1964 5341 2113 5404 teos,
2135 5333 2353 5405 quibus
2384 5334 2654 5389 victimas
2689 5333 2984 5388 immolari
3021 5333 3309 5403 praecipit.
3336 5329 3502 5396 Quod
3523 5328 3621 5398 ubi

1964 5424 2200 5481 rescivit
2222 5424 2504 5492 Licinius,
2530 5424 2743 5497 gaudio
2765 5424 3011 5478 allectus
3036 5423 3093 5476 id
3116 5419 3624 5478 fecit.Theodorus

1964 5531 2121 5581 vero,
2156 5514 2392 5586 cognito
2424 5515 2631 5569 Licinii
2665 5512 2941 5579 adventu,
2976 5517 3176 5568 vectus
3208 5509 3624 5582 equo,obviam

1965 5604 2018 5661 ei
2050 5603 2360 5675 processit,
2394 5607 2454 5657 et
2484 5603 2583 5673 qui
2618 5601 2958 5673 imperatori
3017 5601 3285 5665 decebat,
3336 5615 3405 5653 eo
3456 5598 3623 5651 illum

1966 5695 2192 5749 honore
2235 5696 2587 5762 prosecutus
2646 5696 2751 5745 est.
2814 5692 3123 5761 Ingressus
3183 5690 3359 5759 igitur
3417 5684 3626 5738 urbem

1965 5784 2311 5854 imperator,
2345 5785 2618 5836 sanctum
2649 5776 3020 5847 hortabatur,
3042 5782 3109 5831 ut
3133 5789 3301 5831 sacra
3325 5771 3443 5826 diis
3466 5769 3628 5824 face-
