4072 6194
288 301 401 365 85

1722 294 2239 359 FEBRUARIUS.

3575 304 3695 363 306

293 450 475 503 μενον,
505 421 864 500 πρεσϐύτερον
898 430 999 493 τῆς
1052 426 1161 478 τῶν
1205 427 1549 497 Χριστιανῶν
1610 424 1926 495 ἐκκλησίας,

2054 429 2150 485 size
2175 432 2645 490 Christianorum
2670 435 3147 506 presbytero,qui
3164 440 3368 506 postea
3397 435 3692 491 diabolico

288 520 434 579 ὅστις
464 516 569 571 ἀπὸ
629 510 959 581 διαϐολικῆς
1021 511 1287 585 ἐνεργείας
1348 511 1574 585 ἐμίσησε
1630 513 1721 567 τὸν
1784 513 1940 587 ἅγιον

292 607 626 683 Νικηφόρον,
669 605 761 659 καὶ
820 603 1196 675 ἐμνησικάκει.
1257 604 1505 676 Ἐγένετο
1565 601 1621 657 δὲ
1679 600 1943 679 διωγμὸς,

293 698 388 751 καὶ
416 695 700 769 κρατηθεὶς
735 695 763 748 6
805 694 1105 767 Σαπρὶκιος
1161 694 1307 765 παρὰ
1361 697 1467 746 τῶν
1519 690 1941 768 εἲδωλολατρῶν

291 787 629 861 ἠναγκάζετο
679 785 836 837 θῦσαι
892 789 1008 844 τοῖς
1070 779 1346 842 εἰδώλοις.
1410 782 1633 854 Πέμψας
1694 779 1751 836 δὲ
1805 782 1944 855 πρὸς

292 877 454 931 αὐτὸν
502 872 724 946 μεσίτας
783 874 812 926 6
857 873 1011 945 ἅγιος
1066 869 1401 944 Νικηφόρος,
1459 870 1752 943 παρεκάλει
1812 892 1940 945 συγ-

290 966 545 1039 χωρῆσαι
575 964 749 1034 αὐτῷ,
780 961 889 1037 πρὸ
944 964 1042 1015 τοῦ
1092 960 1405 1013 ἀποθανεῖν.
1441 961 1503 1015 Ὀ
1537 956 1594 1013 δὲ
1644 959 1940 1031 Σαπρίκιος

287 1056 355 1109 ού
388 1054 760 1127 συνεχώρησε.
798 1051 898 1105 Καῗ
956 1051 1044 1103 ὅτε
1096 1046 1229 1103 εἶδεν
1276 1048 1435 1103 αὐτὸν
1489 1048 1787 1121 συρόμενον
1836 1049 1941 1103 ὑπὸ

284 1150 392 1199 τῶν
453 1142 694 1214 δημίων,
755 1140 891 1213 πρὸς
978 1141 1041 1193 τὸ
1127 1137 1654 1209 ἀποκεφαλισθῆναι,
1714 1137 1937 1213 δραμὼν

280 1232 469 1287 ἔπεσεν
502 1232 581 1292 εἰς
612 1230 740 1291 τοὺς
800 1226 971 1289 πόδας
1029 1229 1193 1282 αὐτοῦ
1252 1226 1584 1301 παρακαλῶν
1645 1248 1937 1303 συγχωρη-

282 1323 464 1391 θῆναι.
498 1320 593 1375 Καὶ
630 1317 756 1374 οὐδὲ
799 1320 977 1386 οῆτως
1034 1312 1212 1371 ἔπεισε
1257 1316 1351 1369 τὸν
1401 1315 1613 1379 ἄθλιον,
1658 1316 1789 1371 Τότε
1834 1316 1940 1371 ἀπ-

271 1411 516 1486 εστράφη
549 1409 710 1463 αὐτὸν
740 1410 767 1462 6
799 1407 950 1468 Θεός.
983 1405 1270 1466 Τανυσθεὶς
1326 1406 1428 1479 γάρ
1477 1405 1572 1459 τὸν
1622 1404 1936 1480 τράχηλον,

266 1500 359 1555 καὶ
423 1497 556 1555 ἰδὼν
615 1498 679 1552 τὸ
737 1497 891 1570 ξίφος
949 1496 1257 1570 γυμνωθὲν,
1316 1497 1435 1549 εἷπε
1485 1499 1606 1556 τοῖς
1684 1492 1933 1567 δημίοις’

265 1589 481 1666 Ἀφετὲ
540 1608 607 1660 με
661 1586 751 1641 καὶ
810 1585 923 1649 θύω
974 1589 1092 1646 τοῖς
1152 1580 1425 1646 εἰδώλοις*
1510 1582 1735 1656 δραμὼν
1792 1581 1851 1638 δὲ
1908 1586 1937 1639 6

272 1681 438 1755 ἅγιος
500 1677 821 1753 Νικηφόρος
879 1674 1119 1743 ὑπέθηκε
1199 1672 1291 1726 τὸν
1376 1673 1567 1727 ἑαυτοῦ
1647 1673 1934 1748 τράχηλον

2050 519 2335 577 instinctu
2360 531 2630 579 sanctum
2664 526 3059 595 Nicephorum
3083 526 3306 585 oderat.
3333 543 3441 581 nec
3460 526 3581 581 ulla
3604 543 3690 581 ra-

2048 611 2208 665 tione
2238 614 2612 668 reconciliari
2646 616 2697 668 ei
2728 616 2978 669 volebat.
3014 616 3320 670 Commota
3341 622 3540 670 autem
3564 633 3695 686 per-

2048 702 2373 768 secutione,
2409 720 2544 758 cum
2577 704 2876 775 Sapricius
2924 705 2996 758 ab
3046 703 3378 759 idololatris
3427 722 3695 776 compre-

2047 789 2271 845 hensus
2318 793 2778 863 compelleretur
2816 793 2991 847 idolis
3030 793 3362 862 immolare,
3412 794 3576 848 misit
3622 794 3697 849 ad

2046 894 2181 932 eum
2212 881 2574 937 mediatores
2624 889 2862 937 sanctus
2912 883 3296 953 Nicephorus,
3343 899 3576 954 rogans,
3630 889 3698 937 ut

2046 966 2156 1020 sibi
2191 975 2458 1038 parceret
2488 977 2808 1041 antequam
2867 973 3149 1042 martyrio
3206 971 3568 1041 fungeretur.
3625 976 3698 1025 At

2046 1055 2343 1127 Sapricius
2371 1059 2422 1112 ei
2455 1060 2685 1114 veniam
2717 1061 2855 1115 dare
2890 1062 3100 1115 noluit.
3161 1070 3423 1132 tumque
3476 1061 3699 1116 videret

2045 1160 2178 1199 eum
2212 1146 2283 1200 ad
2318 1149 2675 1219 supplicium
2708 1166 2740 1204 a
2772 1150 3079 1204 lictoribus
3128 1151 3302 1213 trahi,
3354 1167 3692 1218 accurrens,

2043 1235 2292 1306 pedibus
2354 1240 2599 1309 Sapricii
2661 1240 2993 1305 advolutus,
3055 1242 3229 1295 etiam
3288 1248 3463 1312 atque
3514 1243 3693 1296 etiam

2043 1327 2272 1391 orabat,
2299 1332 2364 1381 ut
2395 1328 2501 1382 sibi
2538 1337 2823 1399 parceret.
2871 1330 2982 1384 Sed
3035 1346 3226 1400 neque
3272 1330 3356 1384 sic
3403 1331 3690 1386 miserum

2042 1430 2279 1468 movere
2311 1416 2519 1486 potuit.
2550 1418 2739 1481 Quare
2771 1435 2803 1472 a
2831 1418 2946 1471 Deo
2981 1417 3347 1488 repudiatus,
3381 1434 3515 1471 cum
3566 1418 3695 1489 jam

2039 1510 2276 1559 extento
2307 1506 2460 1560 collo
2494 1506 2833 1562 districtum
2869 1508 3165 1563 carnificis
3196 1507 3460 1578 gladium
3512 1509 3693 1561 vidis-

2042 1599 2149 1659 set,
2183 1594 2256 1648 ad
2280 1594 2521 1650 lictores
2550 1613 2873 1651 conversus
2900 1615 2913 1650 :
2952 1598 3233 1652 Uimittite
3255 1614 3370 1659 me,
3396 1598 3611 1668 inquit,
3636 1603 3693 1651 et

2039 1683 2214 1739 idolis
2246 1684 2591 1741 immolabo.
2626 1690 2927 1743 Procurrit
2954 1706 3090 1761 ergo
3126 1696 3367 1745 sanctus
3398 1691 3686 1761 Nicepho-

267 1771 392 1825 ἀντὶ
460 1766 783 1841 Σαπρικίου,
836 1764 926 1819 καὶ
984 1760 1390 1840 ἀπεκεφαλίσθη
1459 1762 1593 1837 ὑπερ
1651 1766 1922 1839 Χριστοῦ.

2054 1790 2160 1839 rus,
2205 1780 2264 1828 et
2318 1775 2540 1831 collum
2600 1794 2771 1833 suum
2832 1778 2960 1833 loco
3018 1780 3263 1850 Sapricii
3321 1796 3689 1851 supponens,

863 1939 947 2010 Τῇ
988 1935 1125 2011 αὐτῇ
1165 1936 1347 2011 ἡμέρᾳ

258 2068 481 2139 Μνήμη
526 2067 850 2139 ΔΜιιρκιανοῦ
909 2060 1209 2139 ἐπισκόπου
1272 2059 1543 2139 Σικελίας,
1619 2061 1925 2139 φιλαγρίου

340 2132 662 2211 ἐπισκόπου-
706 2135 946 2210 Κύπρου,
1027 2135 1114 2189 καὶ
1203 2135 1545 2211 Παγκρατίου
1627 2132 1927 2189 ἐπισκόπου

342 2207 752 2286 Ταυρομενίου.

341 2351 506 2408 Οὗτοι
569 2352 803 2426 μαθηταὶ
863 2350 1112 2424 ἐγένοντο
1192 2353 1292 2404 τοῦ
1377 2347 1534 2422 ἁγίου
1615 2346 1928 2405 ἀποστόλου

260 2444 505 2515 Πὲτρου·
558 2441 586 2496 ό
647 2441 741 2513 μὲν
796 2439 898 2515 γὰρ
951 2441 1129 2512 πατὴρ
1186 2443 1284 2493 τοῦ
1339 2438 1497 2513 ἁγίου
1558 2438 1926 2514 Παγκρατίου,

258 2529 351 2588 ἔτι
380 2536 483 2587 τοῦ
531 2533 767 2606 Χριστοῦ
814 2532 1244 2603 περιπατοῦντος
1292 2533 1624 2601 σωματικῶς
1682 2527 1771 2584 ἐπὶ
1829 2535 1931 2598 τῆς

262 2627 404 2697 γῆς,
464 2622 554 2675 καὶ
612 2622 1173 2694 θαυματουργοῦντος,
1223 2617 1482 2687 ἀκούσας,
1533 2617 1777 2687 ἀπῆλθεν
1824 2618 1929 2673 ἀπὸ

267 2716 382 2775 τῆς
412 2709 749 2784 Ἀντιοχείας
782 2710 859 2770 εἷς
890 2708 1275 2783 Ἰερουσαλὴμ,
1341 2707 1473 2780 μετᾶ
1516 2710 1613 2761 τοῦ
1669 2713 1929 2783 Παγκρα-

259 2803 423 2868 τίου,
451 2797 585 2854 ἰδεῖν
624 2798 807 2854 αὐτόν.
853 2797 954 2854 Καὶ
999 2797 1290 2872 γενόμενος
1342 2798 1624 2871 γνώριμος
1668 2800 1748 2869 τῷ
1796 2797 1931 2871 ἁγίῳ

264 2890 492 2960 Ηέτρῳ,
530 2887 664 2959 μετά
700 2887 801 2955 τὴν
860 2885 1133 2958 ἀνάληψιν
1182 2888 1283 2939 τοῦ
1328 2888 1582 2961 Χριστοῦ,
1633 2883 1930 2954 ἠκολούθει

264 2977 451 3049 αὐτῷ.
540 2976 637 3031 Καὶ
728 2974 1133 3048 προχειρισθεὶς
1219 2974 1305 3027 ὑπ’
1391 2973 1555 3028 αὐτοῦ
1640 2972 1931 3035 ἐπίσκοπος

270 3063 693 3137 Ταυρομενίου,
718 3062 806 3116 καὶ
841 3059 1107 3117 διδάσκων
1137 3061 1224 3116 ἐπὶ
1253 3066 1333 3134 τῷ
1382 3062 1609 3134 ὀνόματι
1656 3066 1753 3117 τοῦ
1802 3063 1933 3137 Χριο

2038 1862 2227 1934 capite
2259 1880 2364 1935 pro
2396 1865 2626 1921 Christo
2652 1867 3042 1923 obtruncatus
3072 1874 3180 1924 est.

2687 1956 2907 2011 Eodem
2937 1956 3032 2013 die

2033 2043 2699 2118 l7_?_Com_memoratio
2758 2048 3050 2118 Marciani
3129 2049 3373 2118 episwpi
3452 2046 3681 2115 Sicilia,

2106 2114 2385 2184 Philargii
2437 2116 2682 2187 episcopi
2739 2117 2909 2187 Cypri
2963 2125 3017 2172 et
3073 2114 3359 2174 Pahcratii
3444 2114 3688 2190 episcopi

2111 2187 2488 2242 Tauromenii.

2106 2346 2207 2401 Isti
2235 2346 2511 2419 discipuli
2543 2348 2708 2404 fuere
2764 2352 2949 2405 sancti
2995 2351 3152 2405 Petri
3212 2350 3488 2423 apostoli.
3546 2351 3691 2404 Nam

2037 2437 2225 2490 sancti
2258 2438 2550 2492 Pancratii
2583 2444 2770 2509 pater,
2803 2457 2935 2495 cum
2969 2440 3160 2495 adhuc
3191 2441 3457 2495 Christus
3482 2440 3543 2494 in
3565 2457 3695 2495 cor-

2036 2541 2178 2597 pore
2210 2526 2270 2580 in
2304 2527 2476 2581 terris
2506 2534 2728 2599 ageret,
2786 2535 2844 2583 et
2893 2529 3177 2585 miracula
3216 2535 3497 2601 patraret,
3559 2529 3688 2600 ejus

2037 2612 2196 2670 fama
2225 2622 2578 2681 commotus,
2613 2635 2681 2671 ex
2714 2617 2859 2673 urbe
2918 2619 3235 2674 Antiochia
3289 2618 3696 2689 Hierosolyma

2039 2706 2200 2759 venit
2229 2720 2349 2759 una
2372 2722 2505 2760 cum
2529 2708 2862 2773 Pancratio,
2894 2712 2961 2762 ut
2990 2724 3125 2762 eum
3157 2709 3400 2763 videret.
3428 2708 3693 2779 Cumque

2041 2810 2103 2849 se
2129 2795 2189 2848 in
2213 2794 2537 2849 amicitiam
2558 2795 2746 2851 sancti
2763 2797 2917 2851 Petri
2938 2796 3692 2869 insinuasset,postChristi

2041 2885 2474 2948 ascensionem,
2502 2891 2738 2941 secutus
2766 2892 2855 2941 est
2876 2904 3033 2955 eum,
3059 2892 3119 2942 et
3137 2888 3210 2942 ab
3236 2888 3363 2959 ipso
3386 2886 3695 2942 ordinatus

2043 2980 2133 3029 est
2151 2974 2527 3029 Tauromenii
2554 2975 2898 3046 episcopus;
2917 2981 2975 3031 et
2996 2993 3128 3032 cum
3152 2977 3211 3031 in
3227 2976 3441 3031 Christi
3455 2976 3696 3031 nomine

2045 3062 2303 3129 doceret,
2339 3062 2491 3118 clam
2524 3063 2595 3118 ab
2628 3063 2974 3121 infidelibus
3013 3066 3358 3122 interfectus
3390 3071 3498 3121 est.
3548 3067 3697 3120 Item

265 3158 435 3223 στοῦ,
468 3152 731 3229 ἐφονεῦθη
759 3151 937 3227 κρύφα
969 3152 1071 3205 ὑπὸ
1100 3154 1206 3205 τῶν
1253 3149 1562 3221 Ἑλλήνων.
1593 3152 1655 3208 Ὁ
1688 3149 1745 3206 δὲ
1777 3158 1927 3228 Μαρ-

2054 3151 2378 3206 Marcianus
2436 3152 2749 3223 episcopus
2807 3154 3022 3209 Sicilia)
3088 3155 3300 3221 factus,
3383 3159 3697 3226 postquam

264 3243 467 3303 κιανὸς
501 3241 711 3313 ὁμοίως
743 3241 1158 3315 χειροτονηθεὶς
1191 3239 1482 3303 ἐπίσκοπος
1541 3241 1815 3309 Σικελίας,
1846 3241 1937 3296 καὶ

272 3330 537 3392 πολλοὺς
565 3335 674 3385 τῶν
736 3330 975 3385 ἀπίστων
1033 3326 1357 3403 ἐπιστρέψας
1417 3329 1504 3385 ἐπὶ
1560 3332 1653 3385 τὸν
1709 3330 1936 3407 Κύριον,

269 3419 607 3491 ἐτελειώθη⁸
665 3421 693 3474 6
750 3418 810 3474 δὲ
866 3418 1168 3496 Φιλάγριος
1224 3426 1323 3485 τῆς
1386 3420 1607 3496 Κύπρου
1672 3421 1937 3484 καταστὰς

274 3509 604 3586 ἀρχιερεὺς,
635 3508 727 3564 καὶ
784 3506 1049 3563 διδάσκων
1099 3510 1190 3563 καὶ
1234 3510 1397 3572 αὐτὸς
1445 3508 1534 3565 ἐπὶ
1582 3514 1662 3581 τῷ
1714 3509 1940 3582 ὀνόματι

272 3605 385 3656 τοῦ
412 3600 674 3675 Χριστοῦ,
705 3596 955 3660 πολλοὺς
984 3598 1320 3672 πειρασμοὺς
1356 3597 1460 3654 ὑπό
1488 3619 1548 3654 τε
1574 3600 1683 3654 τῶν
1734 3595 1939 3672 δαιμό-

268 3712 413 3758 νων,
446 3690 677 3744 καὶτῶν
730 3689 806 3761 μῆ
867 3682 1230 3764 φοϐουμένων
1280 3689 1373 3743 τὸν
1432 3692 1631 3765 Κυριον
1682 3693 1938 3764 πονηρῶν

272 3780 374 3835 καὶ
415 3778 656 3833 ἀπίστων
715 3777 1016 3850 ἀνθρώπων
1078 3777 1398 3851 ὑπομείνας,
1467 3778 1807 3854 εὐχαριστῶν
1862 3782 1943 3851 τῷ

272 3872 402 3940 Θεῷ
438 3869 603 3944 μέχρι
635 3873 735 3937 τῆς
765 3865 1004 3942 ἐσχάτης
1034 3866 1334 3940 ἀναπνοῆς,
1366 3865 1706 3938 ἐτελεύτησε.

831 3984 1014 4041 ΜΠΝΙ
1061 3986 1153 4041 ΤΩ
1192 3989 1392 4042 ΔΥΤΩ.

1098 4111 1135 4165 ι,

286 4235 572 4309 ’Δθλησις
642 4239 776 4310 τῶν.
831 4234 1005 4310 ἁγίων
1043 4308 1053 4310 _
1090 4234 1523 4310 Χαραλάμπους,

677 4307 938 4379 Δαύκτού,
969 4308 1060 4362 καὶ
1090 4307 1255 4385 τριῶν
1286 4307 1577 4384 γυναικῶν.

1610 4238 1943 4315 Πορφυρίου,

364 4448 750 4524 Χαραλάμπης
810 4452 966 4505 ὁτοῦ
1023 4450 1258 4527 Χριστνῦ
1320 4454 1527 4527 μάρτυρ
1586 4453 1832 4529 ὑπῆρχεν
1889 4453 1942 4508 ἐν

2048 3240 2266 3294 multos
2298 3239 2631 3295 infidelium
2663 3240 2734 3295 ad
2784 3242 3099 3297 Dominum
3148 3244 3555 3307 convertisset,
3588 3242 3699 3297 de-

2048 3331 2245 3386 cessit.
2272 3330 2604 3402 Philagrius
2635 3348 2768 3386 vero
2792 3332 2963 3404 Cypri
2984 3334 3296 3405 episcopus
3319 3332 3698 3397 constitutus,

2049 3436 2185 3474 cum
2212 3424 2271 3473 et
2302 3418 2427 3490 ipse
2472 3419 2533 3473 in
2592 3420 2833 3475 nomine
2890 3422 3103 3477 Christi
3162 3422 3420 3488 doceret,
3483 3420 3700 3475 multas

2049 3506 2354 3561 molestias
2384 3523 2417 3561 a
2448 3505 2816 3562 daemonibus
2849 3514 3025 3579 atque
3056 3509 3256 3581 impiis
3279 3517 3336 3565 et
3358 3508 3701 3565 inﬁdelibus

2050 3595 2392 3651 hominibus
2423 3612 2656 3668 passus,
2690 3598 2764 3653 ad
2804 3604 3134 3655 extremum
3185 3617 3372 3672 usque
3421 3600 3701 3673 spiritum

2050 3686 2271 3758 gratias
2298 3701 2499 3758 agens,
2534 3685 2699 3742 obiit.

2060 3940 2166 3967 ἕδη...

2623 3992 2863 4048 EODEM
2903 3994 3047 4048 ΜΕΝ
3056 3993 3136 4048 SE

2696 4108 2799 4162 Die
2831 4107 3064 4164 decima

2052 4221 2206 4279 178
2245 4223 2535 4279 Certamen
2572 4232 2893 4280 sanctorum
2953 4223 3327 4294 Charalampi,
3388 4221 3711 4292 Porphyrii,

2458 4296 2676 4363 Daucti,
2709 4302 2762 4350 et
2790 4298 2957 4350 trium
2986 4297 3299 4349 mulierum.

2127 4437 2553 4509 Charalampus
2584 4438 2801 4493 Christi
2834 4444 3060 4507 martyr
3114 4437 3174 4491 in
3220 4436 3367 4491 urbe
3418 4434 3713 4503 Magnesia

300 4539 596 4614 Μαγνησίᾳ
615 4543 683 4612 τῇ
724 4538 908 4608 πόλει,
965 4524 1137 4613 ἱερεῦε
1186 4545 1293 4595 τῶν
1354 4524 1711 4615 Χριστιανῶν.
1743 4524 1940 4596 ἾΔιδά-

2058 4527 2524 4582 Christianorum
2559 4528 2853 4583 sacerdos.
2890 4544 3024 4582 cum
3058 4527 3212 4581 viam
3244 4526 3510 4580 veritatis
3535 4524 3711 4578 doce-

296 4649 443 4683 σκων
478 4626 537 4681 δὲ
564 4629 663 4695 τὴν
693 4625 819 4682 ὁδὸν
844 4635 946 4697 τῆς
1001 4628 1288 4698 ἀληθείας,
1345 4630 1620 4701 ἐκρατήθη
1671 4634 1818 4705 παρᾶ
1854 4632 1952 4686 τοῦ

302 4716 579 4792 ἡγεμόνος
663 4721 985 4774 Λουκιανοῦ.
1072 4720 1176 4773 Καὶ
1262 4716 1480 4792 ἐξεδόθη
1569 4722 1668 4789 τήν
1752 4719 1953 4796 ἲερατι-

302 4808 409 4875 κήν
441 4807 664 4876 στολήν·
700 4805 813 4861 εἶτα
868 4804 1091 4882 ἕξεδάρη
1150 4806 1281 4863 ’ὀλον
1337 4809 1401 4862 τὸ
1459 4805 1632 4882 δέρμα
1687 4814 1788 4863 τοῦ
1846 4810 1957 4863 σώ-

307 4915 502 4968 ματος.
560 4896 711 4949 Ἐπεὶ
774 4891 831 4950 δὲ
885 4890 1111 4951 ἔϐλεπεν
1165 4897 1323 4952 αὐτὸν
1383 4897 1412 4951 6
1468 4899 1695 4972 ἡγεμὼν
1762 4919 1956 4973 καρτε-

304 4989 526 5057 ροῦντα,
559 4984 852 5055 θυμωθεὶς,
884 4986 1110 5047 οἰκείαις
1141 4988 1330 5061 χερσὶν
1382 4985 1652 5062 ἐπεχείρει
1702 4989 1834 5061 ξέειν
1865 4988 1957 5044 τὸν

303 5076 479 5149 ἅγιον.
539 5073 644 5128 Καὶ
704 5075 1006 5149 παραυτίκα
1063 5074 1337 5146 ἐκόπησαν
1397 5077 1453 5130 αἱ
1512 5083 1693 5152 χεῖρες
1768 5077 1953 5133 αὐτοῦ·

303 5163 391 5217 καὶ
452 5163 889 5236 προσευξάμενος
948 5165 977 5219 ὁ
1036 5165 1211 5238 ἅγιος,
1272 5165 1400 5240 ὑγιῆ
1487 5166 1647 5221 αὐτὸν
1708 5165 1954 5236 ἐποίησε.

302 5251 435 5306 Τότε
465 5248 677 5312 ἰδόντες
704 5253 1022 5327 Ηορφύριος
1079 5254 1108 5308 ὁ
1155 5251 1363 5326 δήμεος
1411 5253 1501 5309 καὶ
1551 5258 1807 5324 Δαῦκτος,
1855 5258 1960 5325 ἠρ-

301 5341 536 5409 νήσαντο
594 5341 661 5394 τὰ
732 5338 962 5407 εἴδωλα,
1046 5341 1135 5396 καὶ
1218 5341 1531 5397 ἐπίστευσαν
1585 5346 1664 5415 τῷ
1718 5345 1954 5417 Χριστῷ.

296 5428 542 5500 Ὁμοίως
599 5429 690 5484 καὶ
748 5435 1001 5505 γυναῖκες
1057 5436 1203 5504 τρεῖς
1259 5430 1321 5485 ἐκ
1373 5435 1482 5484 τῶν
1543 5432 1960 5506 παρισταμένων

303 5517 435 5586 ἐκεῖ,
474 5520 802 5592 θεασάμεναι
859 5522 922 5575 τὸ
981 5525 1181 5593 θαῦμα,
1240 5519 1612 5595 ὡμολόγησαν
1667 5524 1759 5576 τὸν
1823 5522 1956 5594 Χρι-

302 5610 452 5683 στὸν,
487 5608 581 5663 καὶ
630 5608 1027 5686 ἐκρατήθησαν,
1078 5610 1169 5665 καὶ
1218 5608 1461 5685 ἰσχυρῶς
1507 5606 1954 5682 ἐϐασανίσθησαν.

2062 4622 2171 4680 ret,
2197 4617 2501 4671 aLuciano
2533 4617 2808 4687 praefecto
2840 4617 3329 4687 comprehensus,
3364 4630 3532 4669 sacra
3563 4612 3715 4667 stola

2065 4706 2333 4762 exuitur:
2368 4706 2581 4761 deinde
2609 4706 2873 4761 detracta
2904 4712 3021 4760 toto
3054 4721 3300 4776 corpore
3349 4703 3526 4775 pelle,
3577 4718 3713 4757 cum

2064 4796 2289 4851 videret
2343 4812 2479 4851 eum
2526 4796 2839 4867 przefectus
2896 4794 3191 4850 constanti
3251 4793 3452 4848 animo
3512 4792 3716 4846 istlimc

2065 4886 2483 4957 perferentem.
2518 4889 2605 4943 ira
2631 4887 2933 4951 incensus,
2962 4882 3216 4955 propriis
3238 4882 3513 4937 manibus
3542 4897 3717 4935 cona-

2068 4988 2162 5035 tus
2187 4985 2278 5035 est
2298 4984 2568 5034 sanctum
2593 4976 2901 5032 dilaniare.
2927 4973 3040 5031 Sed
3059 4974 3256 5027 statim
3287 4972 3566 5027 manibus
3589 4972 3718 5042 ejus

2066 5070 2524 5131 avulsis,sanum
2547 5083 2682 5123 eum
2706 5072 2764 5122 et
2783 5064 3144 5120 incolumem
3170 5067 3410 5116 sanctus
3443 5059 3719 5131 precibus

2068 5163 2192 5217 suis
2208 5162 2406 5217 eil‘ecit
2453 5159 2619 5225 Quod
2640 5158 2741 5212 ubi
2765 5156 3039 5209 viderunt
3068 5152 3429 5223 Porphyrius
3460 5150 3632 5204 lictor
3669 5154 3727 5203 et

2069 5251 2345 5313 Dauctus,
2378 5253 2611 5321 eiurata
2642 5247 2936 5301 idolorum
2965 5241 3385 5312 superstitione
3439 5239 3499 5293 in
3552 5237 3721 5292 Chri-

2070 5346 2225 5395 stum
2255 5339 2562 5394 credidere
2593 5353 2605 5392 :
2639 5334 2914 5391 similiter
2945 5337 3002 5386 et
3026 5338 3144 5384 tres
3170 5329 3612 5398 mulieres,quaa
3638 5326 3720 5380 ibi

2069 5429 2361 5490 astabant.
2394 5426 2682 5482 miraculo
2714 5427 3047 5487 commotas,
3106 5419 3524 5488 Christumque
3576 5433 3712 5470 con-

2066 5519 2260 5586 fessae,
2277 5512 3156 5590 comprehenduntur,dirisque
3182 5507 3490 5563 tormentis
3513 5522 3721 5561 axcru-

2068 5610 2321 5665 ciantur.
2355 5609 2475 5665 Etsi
2508 5609 2667 5664 enim
2690 5606 3003 5679 praefectus
3027 5598 3266 5656 sanitati
3290 5598 3595 5655 restitutus
3610 5600 3720 5659 est,
