4074 6192
309 303 425 368 307

1611 295 2049 362 MENOLOGII
2094 294 2295 358 PARS
2336 297 2414 358 II.

3609 297 3737 358 308

315 434 377 488 in
409 451 516 492 sua
545 441 742 492 tamen
774 434 1124 489 inﬁdelitate
1158 431 1955 503 permanens,crudelissime

2089 425 2144 482 Ei
2167 427 2272 502 γὰρ
2303 425 2393 481 καὶ
2426 425 2550 497 ίάθη
2583 426 2612 480 ὁ
2641 427 2886 500 ἡγεμὼν,
2948 422 3074 480 ἀλλ’
3127 424 3281 498 ὅμως
3332 425 3600 498 ἐνέμεινεν
3649 427 3732 490 εἲς

317 539 528 579 omnes
562 523 894 580 decollavit.

882 700 1121 757 EODEM
1154 700 1413 757 MENSE.

914 818 1014 875 Die
1047 818 1370 875 undecima

323 935 474 990 179
509 936 796 991 Certamen
827 939 1160 991 sacrosancti
1192 937 1452 1006 martyris
1509 933 1708 1003 Blasii,
1753 941 1805 990 et
1849 950 1979 990 san-

719 1015 932 1062 ctarum
961 1011 1235 1064 sociarum
1265 1008 1580 1063 mulierum.

398 1095 512 1150 Iste
574 1095 782 1151 Licinii
843 1096 1220 1168 imperatoris
1283 1095 1650 1168 temporibus
1709 1094 1983 1150 Sebastes

330 1186 926 1257 episcopus,vitanda:
951 1188 1384 1259 persecutionis
1397 1204 1575 1242 causa
1592 1186 1652 1240 in
1675 1185 1985 1257 cujusdam

328 1276 550 1330 montis
583 1276 928 1347 speluncam
967 1295 1027 1331 se
1063 1275 1323 1331 abdidit:
1360 1281 1417 1331 et
1465 1275 1545 1330 ibi
1574 1276 1831 1331 ferocem
1862 1272 1984 1328 bel-

327 1365 563 1420 luarum
598 1372 871 1420 naturam
899 1364 1314 1420 benedictione
1345 1371 1713 1421 mansuetam
1770 1362 1986 1419 effecit-

329 1454 593 1524 Cumque
625 1460 782 1509 esset
811 1454 1059 1510 medica)
1091 1457 1234 1510 artis
1264 1456 1510 1527 peritus,
1545 1455 1763 1510 multas
1820 1469 1988 1510 cura-

334 1545 530 1600 tiones
563 1545 838 1614 faciebat,
875 1546 1300 1602 miraculorum
1335 1547 1582 1620 gratiam
1615 1563 1647 1601 a
1678 1547 1795 1601 Deo
1827 1543 1990 1600 acci-

344 1635 542 1705 piens.
576 1636 1053 1708 Comprehensus
1095 1643 1314 1703 autem,
1376 1641 1435 1692 et
1486 1636 1559 1691 ad
1620 1634 1994 1708 Agricolaum

340 1725 694 1794 pra-fectum
728 1726 960 1793 ductus,
1017 1727 1352 1798 Christique
1402 1743 1622 1781 nomen
1671 1725 1993 1798 professus,

329 1813 514 1885 virgis
543 1814 830 1869 caeditur:
865 1814 1081 1869 deinde
1115 1815 1175 1869 in
1227 1815 1548 1886 equuleum
1603 1820 1790 1881 actus,
1845 1813 1994 1869 dila-

344 1902 563 1956 niatur.
599 1905 810 1958 Postea
839 1920 974 1958 cum
1009 1904 1069 1958 in
1101 1921 1398 1959 carcerem
1440 1903 1856 1971 abduceretur,
1892 1920 1992 1959 se-

2077 516 2178 584 τήν
2232 514 2482 570 ἀπιστίαν
2542 515 2730 586 αὐτοῦ,
2788 515 2876 568 καὶ
2933 513 3066 588 μετά
3121 511 3340 578 πολλῆς
3392 515 3586 591 ὀργῆς,
3653 511 3744 571 καί

2081 603 2378 676 ὠμότητος
2408 602 2801 680 ἀπεκεφάλισεν
2826 603 3084 666 ἅπαντας.

2633 693 2812 752 MHNI
2853 695 2943 750 ΤΩ
2979 697 3174 750 ΑΥΤΩ.

2863 811 2952 866 IA‘

2086 933 2354 1006 ’Ἄθλησις
2384 939 2481 991 τοῦ
2519 931 2699 1010 ιίιγίου⁸
2737 933 3136 1010 ἱερομάρτυρος
3184 932 3448 1007 Βλασίου,
3498 935 3590 992 καὶ
3633 940 3746 992 τῶν

2513 1005 2607 1061 συν
2639 1005 2801 1078 αὐτῷ’
2819 1005 2987 1080 ἁγίων
3013 1005 3303 1080 γυναικῶν.

2160 1105 2332 1166 Οὗτος
2359 1103 2426 1174 ἦν
2457 1105 2596 1160 κατὰ
2623 1104 2756 1167 τοὺς
2811 1103 3034 1180 καιροὺς
3095 1103 3374 1160 Λικιννίου
3428 1109 3526 1161 τοῦ
3588 1107 3747 1182 βασι-

2091 1191 2232 1256 λέως
2295 1192 2592 1256 ἐπίσκοπος
2655 1190 2997 1258 Σεϐαστείας’
3058 1191 3148 1248 διὰ
3203 1191 3262 1248 δὲ
3316 1194 3407 1250 τὸν
3474 1190 3747 1271 διωγμὸν,

2092 1282 2386 1360 ἐκρύπτετο
2418 1283 2496 1346 εἰς
2537 1279 2591 1338 ἓν
2649 1287 2756 1338 τῶν
2817 1283 2868 1338 ἐν
2929 1283 3044 1358 ὄρει
3099 1283 3408 1355 σπηλαίων·
3460 1283 3603 1340 ὅπου
3655 1285 3748 1341 καὶ

2091 1372 2160 1426 τὰ
2200 1373 2365 1447 ἄγρια
2425 1376 2535 1441 ζῶα
2591 1371 2948 1446 ἡμερούμενοι
3003 1373 3274 1447 χειροήθη
3336 1370 3602 1446 ἐγίνοντο,
3663 1368 3756 1427 διὰ

2093 1467 2194 1530 τῆς
2227 1458 2478 1536 εὐλογίας
2508 1465 2605 1516 τοῦ
2637 1460 2814 1535 ἁγίου.
2844 1459 3133 1536 Ὑπάρχων
3177 1457 3233 1515 δὲ
3273 1460 3364 1514 καὶ
3416 1467 3516 1530 τῆς
3571 1459 3753 1537 ἰατρι-

2095 1551 2196 1613 κίς
2223 1549 2427 1624 τέχνης
2477 1547 2756 1624 ἔμπειρος,
2815 1547 3032 1611 ποὶλὰς
3097 1547 3266 1612 ἰάσεις
3328 1547 3593 1618 ἐπετέλει,
3648 1551 3753 1617 τήν

2097 1643 2206 1694 τῶν
2258 1639 2547 1712 θαυμάτων
2609 1637 2870 1712 ἐνέργειαν
2931 1638 3079 1714 παρᾶ
3127 1642 3224 1692 τοῦ
3285 1638 3481 1714 Κυρίου
3536 1634 3748 1696 λαϐών.

2102 1727 2276 1790 Οὗτος
2305 1726 2593 1803 κρατηθεὶς
2638 1725 2789 1803 ἤχθη
2843 1727 2980 1802 πρὸς
3033 1727 3126 1781 τὸν
3185 1729 3435 1801 ἡγεμονα
3491 1728 3753 1804 ’Δγρικό-

2105 1816 2256 1873 λαοψ
2311 1817 2401 1872 καὶ
2454 1816 2810 1892 ὁμολογήσας
2865 1816 2928 1870 τὸ
2977 1813 3152 1889 ὄνομα
3207 1820 3302 1871 τοῦ
3357 1819 3614 1892 Χριστοῦ,
3665 1816 3759 1871 τύ-

2101 1926 2289 1960 πτεται
2374 1905 2507 1978 μετὰ
2587 1901 2845 1981 ῥαϐδίων·
2937 1905 3260 1982 κρεμασθεὶς
3345 1907 3537 1976 ξέεται.
3621 1906 3756 1963 Εἶτα

338 1997 501 2060 ptem
533 1991 817 2046 mulieres
849 2009 984 2048 eum
1016 1997 1372 2058 consecuta},
1420 1993 1901 2063 Christianasque
1935 2011 1974 2048 ει

2102 1994 2448 2070 ἀπαγομένου
2507 1993 2672 2049 αὐτοῦ
2742 1993 2792 2048 ἐν
2875 1997 2943 2067 τῇ
3043 1993 3285 2068 φυλακῇ,
3364 1994 3751 2065 ἠκολούθησαν

342 2096 470 2135 esse
502 2081 806 2152 professae,
843 2083 1040 2138 statim
1074 2084 1265 2154 capite
1299 2083 1486 2155 plexai
1539 2089 1697 2138 sunt.
1751 2083 1974 2138 Sanctu:

2100 2083 2248 2156 αὐτῷ
2297 2090 2549 2160 γυναῖκες
2609 2083 2762 2152 ἐπτᾶ,
2831 2083 3158 2157 Χριπιανᾶς
3217 2083 3405 2145 ἑαυτὰς
3463 2083 3754 2158 ὁμολογή-

337 2187 471 2224 vero
509 2170 738 2225 Blasius
771 2171 963 2242 primo
997 2171 1240 2242 quidem
1274 2172 1332 2227 in
1391 2172 1752 2244 profundum
1799 2172 1994 2228 lacum

333 2261 657 2330 projectus,
693 2260 796 2314 sed
832 2261 973 2316 inde
1005 2261 1078 2316 ad
1110 2267 1329 2317 terram
1362 2261 1536 2317 siccis
1581 2262 1831 2334 pedibus
1865 2278 1994 2318 eva-

340 2348 510 2412 dens,
538 2349 729 2421 capite
753 2350 961 2422 plexus
989 2356 1079 2406 est
1098 2368 1217 2406 una
1233 2368 1369 2407 cum
1391 2351 1622 2406 duobus
1646 2351 1992 2421 infantibus,

335 2438 436 2508 qui
469 2437 648 2493 simul
678 2455 813 2494 cum
844 2439 972 2511 ipso
1003 2439 1064 2494 in
1093 2440 1345 2496 vinculis
1375 2445 1565 2496 erant.

981 2643 1204 2699 Eodem
1236 2643 1330 2699 die

330 2759 484 2815 180
513 2761 761 2815 Inventio
783 2761 1160 2832 pretiosarum
1189 2761 1557 2829 reliquiarum
1604 2761 1783 2815 sancti
1826 2775 1972 2832 pro-

883 2831 1076 2902 pheta:
1107 2833 1412 2887 Zachariae.

1057 2949 1254 3004 Deest.

985 3065 1202 3121 Eodem
1237 3063 1331 3120 die

2099 2193 2278 2244 σασαι,
2331 2173 2422 2229 καὶ
2479 2171 2676 2236 εὐθέως
2760 2172 3286 2250 ἀπεκεφαλίσθησαν.
3363 2173 3424 2232 Ὀ
3483 2171 3540 2229 δὲ
3594 2173 3753 2248 ἅγιος

2099 2260 2352 2333 Βλάσιος,
2384 2267 2603 2335 πρῶτον
2641 2263 2734 2336 μὲν
2767 2261 2820 2317 ἐν
2847 2267 2926 2335 τῷ
2961 2263 3108 2338 βυθῷ
3139 2265 3237 2331 τῆς
3268 2260 3473 2336 λίμνης
3524 2261 3754 2338 έρῥίῗνυΓ

2096 2352 2185 2408 καὶ
2220 2352 2297 2414 ὡς
2345 2349 2434 2406 διὰ
2491 2353 2655 2427 ξηρᾶς
2710 2355 2846 2427 πρὸς
2903 2352 3005 2420 τήν
3062 2357 3167 2426 γῆν
3225 2347 3404 2422 ἐξέϐη,
3463 2352 3553 2406 καὶ
3617 2354 3762 2425 μετὰ

2095 2446 2262 2498 ταῦτα
2290 2441 2580 2513 ἀπετμήθη
2612 2442 2710 2510 τὴν
2741 2441 3005 2515 κεφαλὴν,
3042 2439 3177 2514 μετὰ
3203 2445 3310 2495 τῶν
3345 2438 3445 2495 δύο
3509 2441 3758 2520 βρεφῶν,

2094 2535 2204 2587 τῶν
2235 2526 2407 2586 ὅντων
2434 2531 2550 2604 μετ’
2579 2530 2748 2586 αὐτοῦ
2778 2529 2830 2584 ἐν
2861 2533 2931 2604 τῇ
2962 2528 3204 2608 φυλακῇ.

2675 2651 2753 2722 Τῇ
2793 2645 2930 2721 αὐτῇ
2971 2647 3155 2723 ἡμέρᾳ

2091 2764 2154 2822 Ἦ
2215 2759 2424 2841 εὕρεσις
2480 2765 2579 2819 τοῦ
2634 2763 2825 2841 τιμίου
2878 2760 3138 2841 λειψάνρυ
3193 2765 3291 2818 τοῦ
3368 2762 3524 2840 ἁγίου
3609 2783 3758 2840 προ-

2666 2833 2844 2912 φ’ήτου
2875 2833 3172 2910 Ζαχαρίου.

2808 2950 3020 3008 Αείπει.

2683 3051 2768 3124 τῇ
2801 3048 2939 3124 αὐτῇ
2971 3050 3155 3124 ἡμέρᾳ

329 3185 483 3240 180
517 3184 970 3240 Commemoratio
1031 3182 1321 3238 Theodora:
1376 3184 1663 3252 Augustae,
1716 3198 1837 3253 quae
1885 3198 1974 3238 or-

2096 3167 2304 3242 Μνήμη
2365 3163 2647 3244 Θεοδώρας
2705 3171 2833 3253 τῆς,
2873 3162 3194 3253 βασιλίσσης
3276 3171 3379 3236 τῆς
3435 3165 3751 3238 ποιησάσης

813 3255 1133 3310 ιΙιοάοα-ἰαγη
1165 3256 1470 3310 constituit.

394 3375 571 3430 Beata
598 3373 905 3428 Theodora
935 3377 1197 3446 Augusta
1243 3371 1554 3444 Theophili
1599 3373 1976 3444 imperatoris

321 3465 696 3520 Iconomachi
728 3481 876 3519 uxor
904 3464 1018 3519 fuit
1049 3483 1062 3531 ;
1097 3481 1217 3519 non
1246 3470 1444 3518 tamen
1477 3463 1776 3532 hmretica,
1810 3463 1974 3518 utvir

321 3557 450 3627 ejus
483 3563 626 3611 erat.
662 3556 765 3610 Ille
801 3557 958 3611 enim
990 3563 1261 3611 sanctum
1313 3554 1673 3610 Methodium
1723 3555 1972 3625 patriar-

323 3645 493 3699 cham
553 3644 1276 3714 Constantinopolitanum
1361 3643 1741 3715 relegaverat,
1800 3643 1972 3712 eique

318 3737 608 3789 Joannem
641 3735 1136 3788 Leconomantem
1183 3733 1580 3803 patriarcham
1635 3733 1968 3798 suffecerat,

325 3823 507 3876 sacris
538 3821 894 3890 imaginibus
929 3822 1048 3892 igni
1084 3822 1494 3892 consumptis:
1529 3822 1657 3891 ipsa
1691 3837 1826 3876 vero
1859 3821 1968 3876 etsi

320 3915 522 3979 aperte
554 3925 672 3962 non
703 3907 948 3962 audcret
975 3925 1173 3962 sacras
1225 3909 1516 3980 imagines
1553 3908 1823 3972 adorare,
1872 3927 1968 3965 oc-

318 3998 475 4052 culte
507 4003 706 4051 tamen
726 3997 784 4050 in
809 3996 1082 4051 cubiculo
1103 4013 1208 4051 suo
1238 3997 1371 4051 illas
1389 3997 1967 4068 habebat,noctuque

318 4087 619 4152 orabat,ac
641 4086 822 4140 Deum
849 4084 1368 4156 deprecabatur,ut
1389 4085 1622 4140 tandem
1647 4085 1967 4156 aliquando

319 4174 783 4230 orthodoxorum
816 4173 1223 4228 misereretur.
1260 4174 1474 4228 Genuit
1505 4180 1705 4228 autem
1755 4172 1965 4242 ﬁlium,

319 4265 665 4320 Michaelem
715 4263 981 4330 nomine,
1037 4279 1292 4335 eumque
1346 4263 1732 4319 orthodoxam
1790 4263 1968 4318 ﬁdem

320 4359 577 4414 edocuit.
599 4359 784 4431 Igitur
804 4364 939 4429 post
958 4357 1062 4412 viri
1094 4357 1184 4412 sui
1203 4357 1453 4421 obitum,
1470 4357 1668 4412 statim
1700 4363 1967 4413 revocato

318 4458 522 4506 sancto
549 4449 866 4520 Methodio,
933 4454 991 4504 et
1047 4454 1248 4504 sancta
1308 4447 1538 4520 Synodo
1597 4454 1966 4520 congregata,

2674 3234 2774 3307 τήν
2809 3234 3148 3312 ὀρθοδοξίαν.

2155 3357 2220 3414 Ἦ
2256 3353 2491 3430 μακαρία
2540 3350 2818 3430 Θεοδώρα,
2867 3354 2902 3422 ἠ
2969 3351 3280 3428 βασίλισσα,
3339 3351 3549 3428 ἐγένετο
3604 3354 3748 3426 γυνὴ

2084 3445 2350 3524 Θεοφίλου
2386 3442 2655 3519 βασιλέως
2703 3446 2801 3497 τοῦ
2853 3441 3263 3518 Εἶκονομάχου’
3321 3442 3421 3497 οὐκ
3459 3443 3526 3512 ἧν
3559 3440 3615 3498 δὲ
3645 3444 3747 3497 αἱ·-

2085 3535 2294 3611 ρετική,
2355 3534 2535 3608 ὥσπερ
2565 3533 2593 3588 ὁ
2623 3532 2757 3607 ἀνὴρ
2819 3531 3004 3603 αὐτῆς.
3058 3533 3297 3594 Ἐκεῖνος
3351 3532 3446 3604 μὶν
3495 3533 3599 3607 γάρ
3644 3532 3737 3586 τὸν

2083 3626 2236 3700 ἅγιον
2270 3621 2536 3682 Μεθόδιον
2569 3622 2660 3677 τὸν
2702 3622 3050 3697 πατριάρχην
3101 3623 3735 3684 ΚωνσταντινουπόΑεως

2081 3713 2323 3790 ἐξώρισε,
2407 3710 2497 3767 καὶ
2579 3709 2691 3768 ἀντ’
2777 3710 2986 3766 ἐκείνου
3081 3710 3306 3780 ἐποίησε
3382 3710 3733 3786 πατριάρχην

2080 3805 2336 3874 Ἰωάννην
2367 3802 2459 3857 τὸν
2519 3799 2947 3874 Λεκανόμαντιν,
3005 3799 3096 3856 καὶ
3151 3800 3248 3862 τὰς
3307 3800 3464 3876 ἁγίας
3526 3797 3741 3861 εἰκόνας

2075 3891 2418 3948 κατέκαυσεν.
2451 3889 2661 3960 Ἐκείνη
2709 3886 2766 3944 δὲ
2825 3888 2871 3944 εί
2929 3888 3020 3944 καὶ
3069 3893 3310 3968 φανερῶς
3371 3888 3469 3944 οὐκ
3525 3887 3741 3961 ἐτόλμα

2076 3985 2397 4054 προσκυνεῖν
2422 3979 2517 4042 τᾶς
2551 3979 2708 4054 ἁγίας
2741 3977 2972 4048 εἲκόνας,
3020 3977 3176 4052 ὅμως
3229 3978 3376 4053 εἶχεν
3429 3978 3595 4039 αὐτὰς
3641 3997 3734 4032 κε-

2076 4069 2392 4143 κρυμμένας
2452 4066 2504 4123 ἐν
2577 4073 2658 4140 τῷ
2743 4072 2968 4122 κοιτῶνι
3055 4069 3248 4137 αὐτῆςο
3310 4066 3401 4122 καὶ
3457 4071 3526 4142 τῇ
3582 4066 3736 4122 νυκτὶ

2079 4156 2265 4212 ίστατο
2297 4175 2576 4232 προσευχο
2595 4157 2754 4228 μένη,
2785 4155 2874 4211 καὶ
2905 4154 3296 4231 παρακαλοῦσα
3325 4156 3416 4211 τὸν
3464 4157 3615 4227 Θεὸν,
3645 4155 3738 4232 ἳνα

2077 4247 2281 4319 ποιήσῃ
2310 4244 2462 4306 ἔλεος
2497 4247 2632 4318 μετά
2654 4249 2761 4300 τῶν
2797 4242 3124 4320 όρθοδόξων.
3188 4246 3464 4319 Ἐγεννησε
3513 4242 3571 4300 δὲ
3609 4245 3727 4299 υἱὸν

2077 4334 2304 4408 ὀνόματι
2339 4331 2597 4409 Μιχαὴλ,
2629 4332 2716 4389 καὶ
2751 4331 2997 4390 ἐδίδασκε
3027 4335 3117 4390 καὶ
3167 4335 3328 4390 αὐτὸν
3385 4332 3725 4410 ὀρθοδοξίαν.

2077 4426 2225 4483 Meri
2281 4423 2338 4482 δὲ
2389 4425 2648 4494 τελευτὴν
2707 4423 2804 4480 τοῦ
2860 4423 3056 4502 ἀνδρὸς
3114 4427 3308 4496 αὐτῆς,
3391 4425 3564 4501 ἤγαγε
3635 4425 3730 4481 τὸν

315 4543 743 4598 Iconomachos
761 4542 1662 4608 anathematizavit,etJoannem
1694 4557 1724 4595 e
1755 4541 1964 4597 threno

2089 4518 2228 4592 Ξίγιον
2283 4512 2566 4572 Μεθόδιον’
2626 4516 2716 4570 καὶ
2782 4517 3050 4592 συνήγαγε
3104 4517 3204 4585 τήν
3264 4515 3414 4592 ἱερὰν
3473 4511 3728 4584 σύνοδον,

315 4631 663 4696 exturbavit,
693 4637 871 4700 atque
903 4631 964 4685 in
997 4631 1249 4686 ecclesia
1278 4647 1475 4686 sacras
1534 4630 1822 4703 imagines
1870 4649 1960 4687 re-

314 4720 524 4774 stituit.
561 4719 806 4773 Demum
839 4719 1111 4785 decessit,
1142 4725 1457 4792 postquam
1489 4721 1808 4792 imperium
1842 4720 1963 4776 filio

315 4824 419 4863 suo
448 4807 716 4862 Michaeli
749 4807 1111 4878 reliquisset,

866 4986 1104 5041 EODEM
1143 4988 1395 5044 MENSE.

895 5074 1000 5129 Die
1032 5075 1387 5132 duodecima

313 5166 466 5222 182
526 5165 978 5220 Commemoratio
1032 5167 1210 5219 sancti
1258 5165 1443 5222 Patris
1501 5165 1679 5221 nostri
1731 5166 1958 5221 Antonii

605 5236 1010 5306 archiepiscopi
1039 5237 1664 5307 Constantinopolitani.

382 5326 677 5382 Antonius
708 5331 1102 5398 cognomento
1135 5325 1436 5388 Blacheas,
1464 5326 1599 5398 piis,
1658 5325 1958 5396 divitibus,

312 5415 728 5486 senatorioque
751 5415 958 5469 ordine
981 5413 1158 5468 claris
1181 5413 1526 5485 parentibus
1548 5415 1958 5484 natus,quinto

310 5509 499 5564 aetatis
531 5523 686 5562 anno
717 5506 923 5561 munia
954 5504 1302 5576 pontificum
1336 5521 1610 5561 exercere
1651 5504 1954 5562 tentabat:

309 5615 430 5655 non
466 5597 623 5653 enim
657 5597 846 5652 instar
877 5611 1197 5667 puerorum
1241 5594 1316 5652 ad
1362 5594 1594 5652 ludicra
1635 5594 1952 5666 currebat;

2073 4605 2163 4662 καὶ
2197 4607 2545 4678 ἀνεθεμάτισε
2572 4605 2701 4668 τοὺς
2758 4603 3200 4680 Εἷκονομάχους,
3251 4605 3340 4660 καὶ
3391 4606 3483 4660 τὸν
3534 4605 3724 4660 Ἰωάν-

2072 4718 2170 4767 νην
2201 4689 2523 4751 κατεϐίϐασε
2567 4697 2664 4748 τοῦ
2723 4692 2940 4766 θρόνου,
2998 4693 3088 4747 καὶ
3144 4694 3238 4755 τὰς
3299 4693 3457 4768 ἁγίας
3514 4691 3725 4754 εἰκόνας

2073 4787 2356 4864 εἰσήγαγεν
2413 4784 2490 4850 εἷς
2537 4785 2636 4854 τὴν
2689 4781 3002 4854 ἐκκλησίαν.
3062 4784 3198 4842 Εἶτα
3253 4782 3573 4856 ἐτελεύτησε
3623 4804 3723 4839 κα-

2071 4874 2377 4932 ταλιποῦσα
2400 4876 2499 4945 τήν
2537 4871 2814 4950 βασιλείαν
2839 4877 2918 4946 τῷ
2947 4871 3051 4946 υίῷ
3079 4874 3252 4943 αὐτῆς
3281 4870 3542 4949 Μιχαήλ.

2624 4969 2797 5020 ΜΠΝΙ
2835 4964 2927 5020 ΤΩ
2964 4966 3162 5021 ΑΥΤΩ.

2844 5063 2928 5120 IB‘

2071 5163 2280 5236 Μνήμη
2337 5165 2435 5218 τοῦ
2493 5160 2644 5236 ὀσί-ου
2703 5160 2914 5234 Πατρὸς
2971 5161 3132 5234 ἡμῶν
3193 5162 3485 5236 ξᾼντωνίου
3551 5160 3724 5236 ἁρχι-

2401 5233 2700 5289 επισκόπου
2727 5231 3379 5296 Κωνσταντίνουπόλεως.

2138 5325 2454 5389 Ἀντώνιος,
2497 5323 2526 5378 ὁ
2569 5319 2962 5397 ἐπιλεγόμενος
3025 5321 3303 5399 Βλαχέας,
3364 5323 3484 5398 εἶχε
3537 5341 3720 5398 γονεις

2069 5411 2306 5477 εὐσεϐεῖς
2337 5413 2427 5470 κιοὶ
2461 5409 2786 5481 πλουσίους,
2842 5411 2932 5468 καὶ
2985 5408 3350 5488 περιϐοήτους
3380 5412 3432 5467 ἐν
3463 5415 3532 5485 τῇ
3589 5431 3719 5487 συγ-

2063 5502 2278 5579 κλήτῳ’
2337 5505 2496 5560 πέντε
2553 5500 2610 5558 δὲ
2669 5501 2802 5558 ἐτῶν
2863 5503 3148 5580 ὑπάρχων,
3200 5503 3268 5559 τὰ
3339 5507 3450 5558 τῶν
3526 5502 3716 5578 ἱερέων

2062 5593 2314 5671 ἐπειρᾶτο
2341 5590 2635 5652 ἐπιτελεῖν.
2667 5591 2748 5652 Οὐ
2779 5593 2906 5669 γὰρ,
2953 5593 3027 5657 ὡς
3076 5593 3130 5649 οἱ
3178 5586 3312 5666 νέοι,
3345 5592 3424 5656 εἷς
3471 5593 3542 5648 τὰ
3589 5593 3720 5650 παί-
