4072 6194
290 342 427 429 3,,

1681 357 1938 419 FEBRU
1947 358 1987 418 A
2000 357 2183 420 RIUS
2192 403 2207 419 .

3570 366 3691 427 310

287 518 405 570 γνια
435 494 677 570 ἔτρεχενο
710 492 1030 569 ἐδυσχέρανε
1055 490 1114 548 δὲ
1171 494 1205 562 ἡ
1267 493 1451 565 μήτηρ
1506 488 1691 559 αὐτοῦ,
1738 489 1827 544 διὰ
1870 490 1922 545 τε

2051 493 2161 549 etsi
2194 509 2345 566 aegre
2376 493 2435 548 id
2456 494 2639 550 ferret
2664 496 2792 567 ejus
2823 500 3013 552 mater
3042 502 3283 569 propter
3311 498 3692 556 immaturam

290 582 403 639 νέον
434 587 533 653 τῆς
557 583 798 652 ἡλικίας.
852 584 999 638 Μετᾶ
1056 580 1114 636 δὶ
1167 580 1426 648 τελευτὴν
1486 578 1718 647 ἐκείνης,
1772 576 1931 648 ἐδόθη

294 676 391 729 ὑπὸ
421 679 523 729 τοῦ
550 676 750 746 πατρὸς
790 674 868 735 εἰς
931 674 1319 746 μοναστήριον,
1373 670 1461 725 καὶ
1502 667 1713 744 ἐγενετο
1768 689 1934 739 μονα-

289 765 404 839 χός.
440 765 545 822 Καὶ
576 765 858 839 προκόψας
909 764 984 826 εἷς
1044 760 1256 838 ἄνδρας.
1314 761 1523 835 ἐγένετο
1569 758 1658 814 καὶ
1707 752 1935 833 πρεσϐύ-

285 874 462 925 τερος,
496 854 585 909 καὶ
648 855 723 927 μή
789 852 1149 927 βουλόμενος,
1206 848 1296 905 διὰ
1345 851 1444 918 τήν
1498 846 1717 917 πολλὴν
1772 846 1936 900 αὐτοῦ

292 944 509 1017 ἀρετήν.
538 941 690 998 Ἰδὼν
725 941 784 998 δὲ
813 944 841 997 ὁ
872 944 1049 1010 πανὴρ
1081 942 1246 997 αὐτοῦ
1295 939 1469 1001 οὕτως
1523 937 1681 992 αὐτὸν
1732 934 1935 1011 προκό-

282 1032 744 1108 πτοντα,ἐγένετο
775 1054 866 1088 και
916 1031 1073 1094 αὐτὸς
1129 1031 1393 1105 μοναχὸς,
1451 1029 1540 1083 ὑπ’
1586 1025 1795 1081 ἐκείνου
1849 1024 1932 1080 ἐν·

284 1120 586 1195 ἓυσάμενος
624 1124 686 1177 τὸ
746 1122 895 1197 ἅγιον
967 1128 1180 1197 σχῆμα·
1240 1119 1331 1174 καὶ
1386 1115 1935 1193 γίνεταιὸσαρκικὸς

278 1216 482 1288 πατὴρ,
518 1214 884 1287 πνευματικὸς
917 1214 1051 1275 υἱός.
1085 1214 1359 1269 Τοσοῦτον
1410 1206 1467 1263 δὲ
1513 1206 1726 1284 ἐγένετο
1775 1204 1932 1276 ἐλεή-

279 1326 417 1376 μων,
451 1302 530 1367 ὣς
558 1324 691 1358 ποτε
731 1302 1144 1378 παρερχόμενος
1205 1297 1449 1370 δέξασθαι
1505 1297 1740 1373 χρυσίου
1793 1295 1928 1350 πολο

275 1392 378 1448 λοῦ
410 1392 749 1464 ἀπόδεσμον,
777 1393 865 1447 καὶ
900 1394 1145 1458 ἀκοῦσαι,
1182 1389 1263 1445 ὅτι
1296 1383 1438 1444 Λάϐε
1468 1385 1653 1454 τοῦτο,
1701 1386 1791 1440 καὶ
1842 1383 1932 1448 δὸς

272 1488 553 1558 πτωχοῖς
587 1485 677 1536 καὶ
735 1484 834 1550 τῆς
894 1483 990 1553 μὲν
1048 1486 1235 1558 φωνῆς
1282 1479 1529 1546 ἀκοῦσαι,
1573 1477 1664 1530 τὸν
1707 1472 1765 1529 δὲ
1812 1474 1933 1528 ἐπι-

272 1570 441 1626 δόντα
471 1572 535 1626 τὸ
568 1572 797 1646 χρυσίον
834 1572 909 1643 μή
943 1568 1099 1628 ἰδεῖν.
1130 1571 1390 1629 Τοιοῦτος
1425 1563 1482 1620 δὲ
1512 1565 1609 1636 ὥν,
1642 1566 1810 1641 ψήφῳ
1830 1567 1930 1617 τοῦ

272 1660 575 1735 βασιλέως,
607 1662 696 1715 καὶ
726 1667 825 1728 τῆς
858 1657 1108 1729 συνόδου,
1138 1657 1341 1732 γίνεται
1372 1655 1720 1730 πατριάρχης
1772 1656 1926 1711 Κων-

267 1748 805 1811 σταντινουπόλεωςι
838 1749 929 1804 καὶ
961 1747 1135 1810 οὕτως
1168 1744 1482 1817 ἐτελειώθη.

873 1911 958 1985 Τῇ
999 1909 1136 1983 αὖτῇ
1167 1909 1351 1981 ἡμέρᾳ

260 2028 484 2100 Μνήμη
546 2032 646 2096 τῆς
703 2022 855 2089 ὂσίας
931 2024 1144 2100 Μαρίας
1228 2027 1328 2090 τῆς

978 2024 1144 2097 [αρίας
1228 2027 1328 2090 τῆς
1438 2020 1936 2097 μετονομασθείσης

978 2096 1250 2154 Μαρίνου,

1038 2117 1102 2171 αρ
1114 2117 1250 2154 ινου.

326 2228 395 2283 ἸΙ
426 2225 555 2299 ἁγία
591 2225 773 2301 Μαρία
798 2224 1031 2289 θέλουσα
1061 2223 1246 2288 λαθεῖν
1277 2222 1404 2285 τοὺς
1448 2222 1791 2297 ἀνθρώπους,
1840 2224 1930 2278 καὶ

258 2320 440 2370 σῶσαι
468 2316 569 2383 τήν
605 2316 802 2383 ἑαυτῆς
834 2316 1044 2390 ψυχὴν,
1077 2312 1285 2383 ἢλλαξε
1312 2315 1411 2381 τὴν
1469 2313 1769 2387 γυναικείαν
1806 2335 1929 2368 στο-

254 2407 394 2473 λὴν,
428 2406 519 2458 καὶ
553 2403 889 2476 ἐνδυσαμένη
933 2402 1151 2478 ἀνδρεῖα
1209 2403 1426 2475 ἱμάτια,
1474 2402 1561 2456 καὶ
1620 2403 1927 2475 μετονομά-

251 2516 399 2550 σασα
432 2494 629 2562 ἑαυτήν
661 2496 905 2567 Μαρῖνον
937 2494 1052 2547 ἀντὶ
1086 2490 1315 2557 Μαρίας,
1353 2491 1487 2562 μετὰ
1511 2495 1610 2545 τοῦ
1643 2488 1787 2546 ἰδίου
1820 2513 1925 2546 παν

247 2587 389 2661 τρὸς
420 2585 703 2659 Εὐγενίου,
736 2583 984 2653 εἰσῆλθεν
1045 2582 1095 2637 ἐν
1143 2585 1507 2655 μοναστηρίῳ,
1563 2583 1650 2636 καὶ
1708 2581 1925 2637 ἀπεκεί-

248 2694 413 2751 pata
468 2674 559 2728 καὶ
613 2671 869 2729 ἐδούλευε
929 2672 1198 2746 μετὰτῶν
1255 2672 1627 2726 ὑποτακτιτῶν
1678 2668 1927 2748 ἀδελφῶν

241 2771 376 2825 τοῖς
413 2770 710 2839 μοναχοῖς,
766 2764 879 2837 ἅμα
934 2767 1014 2834 τῷ
1073 2763 1263 2836 πατὲρι
1326 2761 1519 2832 αὐτῆς,
1579 2761 1921 2837 ἀγνοουμένη

253 2853 414 2927 παρᾶ
444 2857 553 2907 τῶν
597 2857 876 2927 μοναχῶν,
908 2850 992 2907 ὅτι
1021 2854 1158 2926 γυνή
1191 2850 1280 2919 ἧν·
1313 2849 1365 2906 ἐν
1399 2855 1498 2923 μιᾷ
1555 2848 1645 2905 οὖν
1702 2851 1926 2924 μείνασα

246 2944 303 2998 ἐν
322 2944 411 3014 τῷ
430 2940 768 3017 πανδοχείῳ,
805 2936 1185 3009 διαϐάλλεται,
1212 2941 1288 3001 ὡς
1319 2936 1670 3017 διαφθείρασα
1698 2941 1799 3009 τὴν
1829 2945 1925 2995 τοῦ

241 3028 583 3106 πανδοχέως
627 3032 911 3106 θυγατέρα.
974 3030 1071 3086 Καὶ
1113 3024 1514 3101 καταδεξαμένη
1565 3031 1625 3083 τὸ
1677 3025 1911 3094 ὄνειδος,

240 3120 311 3191 ἥν
351 3121 456 3175 οὒκ
487 3120 790 3197 εἰργάσατο,
843 3119 1107 3193 ἁμαρτίαν
1168 3116 1441 3193 ὁμολογεῖ
1488 3121 1750 3188 ποιῆσαι.
1816 3106 1923 3175 Καἶ

239 3216 348 3268 τοῦ
383 3208 643 3270 πυλῶνος
673 3204 1023 3279 ἐκϐληθεῖσα,
1083 3214 1229 3283 τρεῖς
1277 3207 1519 3282 χρόνους
1568 3202 1669 3281 ἔξω
1715 3205 1910 3263 ταλαι-
1948 3245 1989 3310 C

244 3304 551 3374 πωρεῖται,
584 3296 912 3375 ἐκτρέφουσα
971 3298 1035 3352 τὸ
1092 3295 1330 3364 παιδίον,
1387 3297 1519 3372 ὅπερ
1578 3297 1676 3353 οὐκ
1734 3295 1914 3353 ἔσπει-

243 3412 363 3464 ρεν⁴
406 3385 645 3462 Ἐδέχθη
681 3384 737 3443 δὲ
768 3387 845 3450 εἰς
874 3389 972 3457 τὴν
1038 3389 1232 3461 μονὴν,
1289 3386 1378 3441 καὶ
1426 3386 1720 3457 ὴγολούθει
1775 3389 1912 3463 αὐτῇ

232 3488 298 3535 το
340 3475 573 3533 παιδίον
607 3476 762 3551 ἄρσεν
794 3478 1070 3553 ὑπάρχον.
1108 3477 1253 3534 Μετᾶ
1300 3475 1357 3532 δὲ
1410 3477 1671 3545 τελευτὴν
1721 3477 1912 3548 αὐτῆς,

240 3567 618 3642 ἀπεκαλύφθη
651 3568 718 3621 τὰ
773 3568 890 3621 κατ’
943 3566 1130 3635 αὑτήν.
1197 3568 1294 3621 Καὶ
1352 3569 1387 3636 ἠ
1445 3571 1541 3621 τοῦ
1598 3564 1915 3643 πανδοχὲως

233 3658 517 3732 θυγάτηρ,
552 3658 656 3713 ὑπὸ
688 3655 948 3730 δαίμονος
982 3655 1340 3728 ἐλαυνομένη,
1403 3650 1535 3711 ἐϐόα
1591 3657 1694 3711 ὑπὸ
1746 3677 1913 3731 στρα-

232 3750 453 3802 τιώτου
483 3748 629 3808 τινὸς
660 3743 1024 3821 διαφθαρῆναι
1054 3746 1145 3799 καὶ
1179 3744 1288 3820 οὐχ
1338 3745 1441 3800 ὑπὸ
1488 3750 1587 3801 τοῦ
1639 3745 1910 3815 Μαρίνου*

231 3837 331 3894 καὶ
368 3836 739 3909 θαυμάσαντες
771 3835 990 3904 πάντες,
1016 3832 1267 3905 ἐδόξασαν
1295 3835 1390 3889 τὸν
1422 3833 1575 3892 Θεόν.

820 3954 999 4010 ΜΗΝΙ
1037 3953 1127 4008 ΤΩ
1167 3953 1367 4008 ΛΥΤΩ.

1052 4087 1129 4143 Il"

382 4209 506 4277 Muri
517 4229 593 4280 μη
625 4209 721 4262 τοῦ
755 4204 906 4261 όσίου
942 4203 1151 4279 Ιίατρὸς
1185 4206 1346 4279 ἡμῶν
1380 4207 1766 4282 Μαρτινιανοῦ.

320 4363 388 4417 Ὀ
447 4360 600 4434 ἅγιος
663 4357 1021 4434 Μαρτινιανὸς
1075 4357 1142 4427 ἦν
1203 4357 1312 4412 ἀπὸ
1396 4357 1723 4431 Καισαρείας
1803 4363 1913 4426 τῆς

246 4446 647 4518 Παλαιστίνης·
728 4448 1019 4524 γενόμενος
1081 4444 1138 4501 δὲ
1200 4447 1463 4522 μοναχὸς,
1521 4445 1797 4521 ἡσύχαζεν
1859 4444 1911 4500 ἐν

244 4545 368 4600 τοῖς
399 4536 573 4610 ὄρεσι.
607 4538 709 4593 Καὶ
763 4536 1160 4611 πληρώσαντος
1208 4536 1374 4590 αὐτοῦ
1425 4536 1477 4590 ἐν
1528 4537 1597 4607 τῇ
1644 4535 1915 4607 ἀσκητικῇ

1963 1881 2014 1946 Β

2042 583 2209 653 pueri
2244 588 2499 640 aetatem.
2536 588 2759 641 Mortua
2790 593 2983 641 autem
3017 595 3225 651 matre,
3266 592 3626 645 monasterio
3659 608 3693 646 a

2042 679 2207 744 patre
2240 674 2512 741 traditus,
2544 679 2872 733 monachus
2901 680 2983 732 fit.
3019 680 3283 750 Cumque
3340 681 3411 735 ad
3456 682 3685 737 virilem

2039 769 2272 817 aatatem
2305 766 2711 834 processisset,
2745 767 2835 821 vel
2858 769 3093 833 invitus,
3115 770 3424 839 presbyter
3446 771 3687 826 ordina-

2040 856 2157 915 tur,
2190 852 2262 906 ob
2296 853 2589 925 insignem
2639 856 2826 927 ipsius
2875 858 3170 913 virtutem.
3226 858 3441 914 Videns
3486 866 3682 915 autem

2038 946 2206 1011 pater
2236 946 2431 997 tantos
2465 943 2570 997 filii
2604 962 2970 1017 progressus,
3006 947 3132 1017 ipse
3156 948 3333 1003 etiam
3359 950 3694 1004 monachus

2039 1028 2167 1083 fieri
2192 1030 2393 1099 valuit,
2429 1034 2824 1088 monasticum
2857 1052 2890 1089 a
2922 1035 3042 1089 filio
3067 1036 3332 1091 habitum
3355 1054 3691 1105 assumens,

2036 1123 2103 1171 ut
2125 1119 2294 1189 cujus
2316 1119 2379 1174 in
2400 1137 2576 1175 carne
2600 1127 2768 1192 pater
2790 1129 2932 1185 erat,
2966 1123 3125 1178 filius
3177 1125 3236 1177 in
3271 1124 3483 1195 spiritu
3515 1130 3692 1179 esset.

2035 1207 2219 1262 Tanta
2249 1224 2383 1263 vero
2427 1210 2491 1264 in
2549 1228 2840 1282 pauperes
2899 1212 3294 1268 beneﬁcentia
3347 1214 3580 1277 claruit,
3630 1220 3697 1269 ut

2036 1310 2168 1349 cum
2202 1296 2523 1367 aliquando
2556 1301 2966 1369 pertransiret,
3000 1316 3280 1371 magnum
3306 1303 3433 1356 auri
3460 1302 3698 1373 pondus

2035 1386 2352 1457 acceperit,
2385 1388 2759 1459 audieritque
2820 1391 3138 1461 quemdam
3191 1392 3301 1446 sibi
3358 1392 3697 1447 dicentem:

2034 1475 2250 1546 Accipe
2285 1477 2415 1543 hoc,
2452 1484 2509 1532 et
2539 1478 2613 1534 da
2644 1480 3040 1551 pauperibus:
3097 1487 3153 1535 et
3201 1498 3404 1536 vocem
3455 1483 3697 1551 quidem

2034 1563 2278 1627 audivit,
2310 1568 2711 1639 porrigentem
2737 1576 2935 1624 autem
2960 1586 3167 1624 aurum
3194 1587 3311 1624 non
3333 1570 3494 1624 vidit.
3521 1572 3698 1625 Cum-

2040 1668 2154 1722 que
2188 1654 2324 1708 talis
2356 1661 2675 1728 tantusque
2709 1665 2883 1723 esset,
2920 1660 3321 1730 imperatoris,
3375 1666 3434 1714 et
3483 1662 3694 1731 synodi

2033 1742 2313 1815 suffragio
2350 1752 2587 1801 creatur
2616 1748 2955 1817 patriarcha
2973 1749 3694 1821 Constantinopolitanns.

2040 1836 2233 1902 Atque
2267 1833 2426 1889 hunc
2458 1836 2519 1891 in
2552 1836 2793 1892 modum
2826 1839 2941 1892 vita
2970 1837 3208 1893 functus
3243 1844 3348 1893 est.

2698 1928 2918 1982 Eodem
2952 1926 3045 1983 die

2043 2028 2195 2085 183
2257 2031 2716 2088 Commemoratio
2772 2042 2975 2090 sanctae
3034 2037 3246 2095 Maria.
3308 2050 3428 2105 quae
3484 2042 3693 2092 mutato

2457 2108 2678 2160 nomine
2706 2108 2975 2161 Martinus
3006 2107 3154 2161 dicta
3184 2112 3279 2161 est.

2111 2216 2323 2274 Sancta
2341 2221 2519 2276 Maria
2539 2222 2743 2277 volens
2771 2222 2954 2277 latere
2970 2223 3401 2285 hominibus.et
3425 2225 3687 2279 animam

2038 2320 2205 2360 suam
2238 2324 2490 2375 servare,
2527 2316 2751 2365 mutata
2792 2311 3067 2365 muliebri
3101 2312 3271 2366 stola.
3306 2312 3535 2367 virilem
3582 2314 3689 2367 ha-

2036 2392 2225 2450 bitum
2259 2401 2531 2470 sumpsit,
2565 2418 2745 2471 seque
2778 2402 2967 2472 ipsam
3021 2420 3126 2472 pro
3174 2403 3353 2457 Maria
3401 2404 3688 2457 Marinum

2035 2486 2388 2555 appellavit;
2426 2506 2661 2560 unaque
2695 2508 2827 2545 cum
2869 2498 3034 2562 patre
3081 2493 3339 2564 Eugenio
3389 2498 3689 2547 monaste-

2036 2573 2190 2629 rium
2214 2576 2503 2648 ingressa.
2537 2584 2594 2633 et
2616 2585 2786 2635 tonsa
2813 2581 2953 2635 fuit:
2980 2581 3180 2651 ibique
3214 2581 3544 2647 monachis,
3573 2598 3691 2636 una

2033 2678 2156 2716 cum
2173 2664 2454 2735 subjectis
2471 2666 2750 2723 fratribus
2765 2675 2821 2723 et
2834 2675 3000 2739 patre
3016 2669 3369 2723 inserviebat
3384 2686 3511 2723 cum
3526 2669 3689 2722 illius

2033 2767 2236 2807 sexum
2269 2756 2547 2811 monachi
2578 2759 2938 2829 ignorarent.
2974 2761 3187 2813 Verum
3211 2776 3343 2813 cum
3368 2759 3688 2830 aliquando

2033 2839 2095 2893 in
2120 2841 2377 2913 hospitio
2398 2853 2752 2916 versaretur,
2777 2855 3091 2904 accusatur
3114 2849 3363 2919 perinde
3383 2866 3450 2903 ac
3482 2849 3529 2903 si
3563 2856 3684 2902 slu-

2033 2946 2205 2999 prum
2232 2932 2367 2987 filiai
2391 2935 2641 3006 hospitis
2674 2937 2993 2993 inlulisset.
3027 2939 3184 2992 Tulit
3214 2939 3316 2993 illa
3340 2939 3681 3009 aequissimo

2033 3020 2231 3075 animo
2264 3022 2592 3089 infamiam,
2628 3031 2687 3081 et
2717 3028 2874 3097 quod
2907 3044 3025 3082 non
3057 3035 3321 3098 patrarat
3352 3034 3683 3099 peccatum,

2033 3110 2303 3166 confessa
2326 3118 2415 3167 est
2431 3130 2491 3168 se
2516 3114 2747 3171 fecisse.
2766 3118 2957 3181 Quare
2981 3124 3145 3173 extra
3158 3119 3504 3173 monasterii
3526 3118 3684 3172 fores

2032 3198 2241 3268 ejecta,
2274 3206 2394 3257 tres
2424 3219 2615 3260 annos
2644 3204 2723 3259 ibi
2775 3206 2836 3260 in
2898 3208 3180 3262 aarumnis
3238 3208 3374 3279 egit,
3433 3223 3685 3277 puerum

2033 3291 2363 3360 enutriens,
2399 3292 2569 3361 quasi
2601 3293 2763 3348 illius
2796 3300 2964 3365 pater
2994 3302 3168 3350 esset.
3206 3295 3428 3350 Deinde
3460 3296 3522 3349 in
3553 3312 3683 3349 mo-

2028 3380 2358 3434 uasterium
2387 3398 2523 3435 cum
2555 3399 2739 3452 puero
2776 3384 3055 3451 admissa,
3099 3384 3277 3455 paulo
3309 3389 3442 3455 post
3472 3400 3541 3439 ex
3574 3385 3683 3439 hac

2026 3469 2144 3522 vita
2174 3467 2451 3537 decessit,
2487 3476 2544 3525 et
2574 3488 2693 3537 res,
2728 3473 2813 3527 uti
2845 3478 3011 3545 gesta
3038 3473 3249 3539 fuerat,
3283 3474 3509 3545 patuit:
3543 3490 3682 3528 nam

2025 3556 2277 3627 hospitis
2300 3558 2422 3613 {ilia
2444 3577 2477 3614 a
2494 3559 2789 3616 daemonio
2821 3562 3476 3633 correpta,clamabat,a
3491 3564 3681 3618 milite

2027 3647 2305 3718 quodam,
2339 3665 2461 3704 non
2488 3666 2522 3704 a
2550 3651 2773 3707 Marino
2820 3668 2882 3707 se
2928 3653 3186 3708 vitiatam
3238 3654 3443 3710 fuisse.
3492 3656 3682 3720 Quare

2026 3736 2418 3809 obstupefacti
2448 3756 2678 3810 omnes,
2712 3741 3193 3814 gloriﬁcaverunt
3228 3745 3428 3801 Deum.

2576 3945 2824 4002 EODEM
2873 3946 3128 4002 MENSE.

2571 4062 2673 4118 Die
2707 4062 2937 4121 decima
2964 4064 3139 4120 tertia

2124 4175 2279 4233 484
2312 4176 2782 4260 Commemoratio.
2801 4182 2978 4260 sancti
3007 4183 3189 4236 Patris
3217 4180 3396 4237 nostri
3431 4184 3581 4237 Mar-

2734 4254 2964 4306 tiniani.

2099 4362 2348 4419 Sanctus
2366 4365 2750 4421 Martinianus
2764 4368 3044 4421 Cassareaa
3060 4368 3121 4422 in
3138 4367 3451 4422 Palaestina
3480 4370 3679 4432 natus,

2026 4454 2419 4509 monasticam
2449 4455 2627 4509 vitam
2660 4456 3014 4526 suscipiens,
3047 4455 3107 4509 in
3132 4462 3363 4511 montes
3396 4456 3679 4511 secessit:

2026 4557 2283 4613 cumque
2316 4559 2504 4598 annos
2534 4544 2738 4613 viginti
2771 4544 3118 4614 quinquein
3150 4545 3429 4611 religiosa
3460 4545 3683 4599 exerci-

246 4627 512 4697 πολιτεία
542 4625 635 4693 ἔτη
671 4625 1024 4695 εἰκοσιπέντε,
1079 4625 1367 4699 ἐπειράσθη
1426 4626 1529 4679 ὑπὸ
1577 4628 1675 4679 τοῦ
1724 4619 1908 4679 διαδό-

2036 4629 2245 4685 ‘atione
2278 4632 2517 4703 egisset,
2550 4648 2583 4686 a
2615 4631 2851 4688 diabolo
2896 4639 3157 4689 tentatus
3201 4634 3331 4689 fuit.
3384 4636 3527 4690 Nam
3559 4650 3687 4688 me-

258 4719 392 4774 λου.
420 4711 829 4786 ’Υποϐληθεῖσα
860 4716 962 4790 γὰρ
998 4715 1101 4769 ὑπὸ
1144 4718 1401 4783 πονηρῶν
1456 4713 1752 4789 ἀνθρώπων
1785 4715 1924 4788 πόρ-

254 4831 325 4877 νη
358 4828 467 4872 τις,
500 4805 590 4860 καὶ
641 4806 881 4880 πενιχρᾶ
934 4805 1204 4881 φορέσασα
1257 4805 1472 4876 ἱμάτια,
1520 4803 1735 4872 ἀπῆλθε
1783 4803 1923 4879 πρὸς

255 4895 421 4949 αὖτὸν
474 4893 690 4961 νυκτὸς,
751 4892 825 4953 ὡς
885 4889 1042 4961 δῆθεν
1098 4890 1407 4945 ἁπυλέσασα
1462 4892 1563 4961 τήν
1624 4888 1771 4958 ὁδὸν,
1829 4889 1921 4948 καὶ

259 4980 393 5040 ἐϐόα
424 4983 637 5055 ἀνοῖξαι
669 4982 732 5037 τὸ
762 4979 987 5037 κελλίον
1017 4981 1108 5035 καὶ
1150 4978 1392 5053 δέξασθαι
1450 4982 1642 5050 αὐτὴν,
1698 4978 1789 5037 ’ίνα
1841 4984 1917 5055 μὴ

260 5074 457 5147 βρωθῇ
488 5072 592 5127 ὑπὸ
626 5070 852 5146 θηρίωνο
885 5071 975 5126 ὅτε
1006 5067 1064 5125 δὲ
1108 5069 1330 5139 εἰσῆλθε
1379 5068 1468 5126 διὰ
1516 5072 1709 5135 νυκτὸς
1758 5073 1919 5149 φορέ-

269 5184 406 5217 σασα
464 5163 565 5229 τὴν
623 5160 892 5236 πορνικὴν
950 5156 1177 5229 στολὴν,
1236 5158 1301 5228 ἢν
1369 5154 1649 5231 ἐϐάσταζε,
1734 5159 1923 5236 λόγοις

268 5256 557 5325 πορνικοῖς
639 5250 1100 5324 καταχαυνώσασα
1180 5249 1272 5303 τὸν
1359 5248 1537 5323 ἅγιον,
1614 5248 1918 5319 ἐξεκαλεῖτο

273 5343 408 5412 πρὸς
448 5342 616 5413 μίξιν.
677 5340 739 5395 Ὁ
796 5337 854 5394 δὲ
909 5339 1014 5413 πρὸ
1070 5342 1166 5392 τοῦ
1220 5335 1628 5412 διαπράξασθαί,
1685 5360 1760 5407 τι,
1823 5361 1921 5413 με-

271 5433 563 5500 τανοήσας,
653 5427 741 5483 καὶ
828 5427 1030 5499 ἀνάψας
1114 5425 1375 5505 φρύγανα,
1447 5426 1664 5495 εἰσῆλθε
1756 5432 1917 5501 μέσον

271 5528 368 5590 τῆς
399 5518 630 5598 φλογὸς,
671 5518 759 5572 καὶ
816 5514 973 5591 ἔλεγε
1028 5517 1165 5593 πρὸς
1222 5516 1429 5571 ἑαυτόν
1485 5517 1711 5572 Ταπεινὲ
1768 5522 1916 5592 Μαρ-

268 5609 486 5678 τινιανὲ,
520 5608 567 5662 εὶ
599 5605 823 5662 δύνασαι
852 5607 916 5661 τὸ
945 5613 1046 5674 τῆς
1105 5605 1385 5669 κολάσεως
1445 5609 1551 5681 πῦρ
1604 5606 1915 5679 ὑπομεῖναι,

274 5699 503 5772 ποίησον
562 5696 652 5754 καὶ
700 5697 800 5767 τὴν
859 5694 1149 5772 ἁμαρτίαν,
1234 5695 1331 5753 Καὶ
1418 5692 1561 5751 οὕτω
1630 5698 1916 5761 κατακαεὶς

2032 4718 2215 4773 retrix
2247 4720 2519 4789 quaedam
2550 4737 2584 4775 a
2614 4721 2859 4792 perditis
2886 4722 3232 4778 hominibus
3254 4724 3597 4783 subornata,
3621 4740 3687 4778 ac

2030 4807 2132 4862 vili
2164 4814 2321 4863 veste
2354 4809 2581 4877 induta,
2614 4816 2792 4865 noctu
2845 4812 2919 4867 ad
2976 4812 3171 4884 ipsum
3221 4814 3402 4878 venit,
3456 4815 3623 4884 quasi
3655 4829 3690 4867 a

2032 4896 2126 4952 via
2149 4897 2504 4965 aberrasset,
2537 4904 2595 4954 et
2620 4900 2879 4955 clamare
2911 4902 3105 4973 coepit,
3140 4909 3205 4957 ut
3236 4903 3447 4958 cellam
3489 4904 3688 4973 aperi-

2030 4990 2142 5051 ret,
2168 4986 2477 5058 ipsamque
2508 4988 2867 5051 admitteret.
2900 5007 2973 5045 ne
3001 5008 3035 5045 a
3063 4991 3205 5047 feris
3255 4992 3683 5047 dilaniaretur:

2031 5092 2284 5146 cumque
2305 5076 2571 5149 ingressa
2592 5077 2821 5143 fuisset,
2847 5080 3061 5134 stolam
3082 5082 3480 5136 meretriciam
3508 5086 3687 5136 noctu

2029 5181 2259 5237 gerens,
2294 5166 2499 5221 multis
2527 5168 2841 5223 verborum
2894 5168 3208 5225 lenociniis
3260 5170 3511 5225 delinire
3558 5171 3688 5225 ani-

2030 5270 2195 5308 mum
2227 5244 2416 5309 sancti
2467 5257 2569 5311 viri
2615 5257 2934 5329 satagebat,
2968 5264 3143 5329 atque
3169 5259 3242 5314 ad
3265 5258 3689 5314 faedamlibidi-

2030 5359 2167 5398 nem
2181 5344 2484 5414 pellicere.
2509 5348 2720 5400 Verum
2744 5347 2844 5401 ille
2864 5354 3185 5418 antequam
3211 5349 3536 5419 quidquam
3560 5365 3689 5419 per-

2034 5434 2277 5489 ficeret:
2312 5436 2669 5507 resipscens,
2705 5438 3007 5494 succensis
3068 5440 3409 5499 sarmentis.
3444 5440 3503 5493 in
3554 5456 3688 5494 me-

2028 5522 2185 5578 diam
2246 5540 2307 5579 se
2366 5524 2670 5580 ﬂammam
2729 5528 3005 5596 conjecit,
3090 5529 3199 5583 sibi
3256 5529 3381 5599 ipse
3436 5529 3679 5583 dicens:

2028 5613 2238 5668 Infelix
2269 5615 2639 5680 Martiniane,
2673 5616 2722 5670 si
2754 5624 2920 5687 potes
2952 5617 3104 5688 ignis
3135 5635 3367 5688 puenam
3394 5618 3678 5688 perferre,

2028 5703 2331 5760 committe
2364 5712 2693 5775 peccatum.
2728 5709 2917 5777 Atque
2949 5707 3031 5762 ita
3061 5707 3388 5774 ambustus,
3424 5707 3678 5778 impudi-
