4072 6194
366 332 480 394 3H

1673 323 1728 384 Μ
1735 321 2102 384 ENOLOGII
2143 320 2352 384 PARS
2394 320 2472 384 Π.

3659 317 3781 379 319

369 481 501 522 eam
522 463 806 520 feminam
828 460 1084 534 impulit,
1099 464 1165 515 ut
1183 457 1258 514 ad
1271 456 1699 513 continentiam
1715 471 2018 521 conversa,

2153 451 2309 508 ῗπεισε
2359 451 2450 507 καὶ
2500 452 2600 522 τήν
2652 453 2876 527 γυναῖκα
2925 455 3301 527 σωφρονῆσαι,
3360 447 3452 503 καὶ
3511 449 3783 516 σωθῆναι.

372 555 550 611 saluti
583 571 702 609 suae
734 551 1092 609 consuleret.
1117 551 1247 620 Ipse
1273 564 1408 602 vero
1431 545 1570 601 inde
1601 545 1855 618 fugiens,
1881 550 1938 600 et
1962 545 2024 599 in

374 645 686 716 scopulum
715 641 912 696 medio
945 639 1207 711 positum
1238 636 1388 692 mari
1419 635 1740 708 profectus,
1791 635 1872 689 ibi
1912 635 2012 689 ite-

373 751 507 790 rum
541 736 822 797 tentatus,
855 730 1194 800 iterumque
1219 727 1404 798 victor
1464 725 1775 794 exsistens,
1809 723 1883 780 ad
1914 728 2023 778 Do-

373 822 605 876 minum
631 818 920 891 migravit.

1025 933 1243 990 Eodem
1273 933 1368 988 die

448 1055 601 1112 185
637 1055 926 1110 Certamen
957 1059 1273 1108 sanctorum
1310 1050 1551 1120 Aquilae,
1584 1055 1634 1105 et
1661 1048 1952 1104 Priscillae.

447 1173 697 1228 Sanctus
715 1169 926 1242 Aquila
939 1167 1425 1226 scenofactoriam
1443 1166 1699 1238 primum
1719 1162 2032 1220 exercebat

376 1267 585 1330 artem,
611 1260 883 1314 ethnicus
906 1256 1279 1329 quidem,sed
1306 1255 1772 1327 prOpensissimo
1795 1267 2031 1324 semper

377 1351 440 1406 in
472 1365 763 1421 pauperes
795 1347 1018 1414 animo,
1076 1350 1142 1400 ut
1200 1344 1454 1408 lucrum,
1514 1341 1670 1412 quod
1724 1358 1792 1396 ex
1851 1356 2030 1412 opere

378 1454 662 1494 manuum
695 1435 1094 1507 comparabat,
1128 1433 1190 1488 in
1221 1448 1512 1504 pauperes
1532 1429 1837 1485 divideret.
1857 1430 2030 1483 Cum-

380 1543 492 1598 que
524 1526 743 1581 famam
795 1522 1048 1595 apostoli
1097 1521 1262 1576 Pauli
1311 1520 1608 1574 Christum
1651 1517 2032 1590 prazdicantis

382 1615 666 1684 audisset,
702 1631 837 1668 eum
869 1613 1012 1668 adiit
1041 1627 1164 1667 una
1193 1627 1324 1666 cum
1363 1625 1542 1664 uxore
1575 1624 1683 1664 sua
1739 1605 2030 1671 Priscilla,

383 1711 666 1776 tanquam
696 1703 965 1774 ejusdem
996 1703 1140 1758 artis
1171 1701 1567 1773 professorem
1593 1715 1605 1754 :
1643 1702 1769 1753 erat
1789 1697 1950 1753 enim
1975 1700 2034 1751 et

384 1796 511 1866 ipse
535 1793 976 1850 scenofactorim
1008 1792 1190 1847 artis:
1226 1789 1534 1860 edoctique
1566 1788 1639 1844 ab
1669 1804 1737 1842 eo
1786 1787 2028 1842 verbum
2062 1829 2106 1893 Β

381 1885 667 1949 veritatis,
699 1882 973 1954 baptizati
1007 1886 1162 1944 sunt,
1198 1896 1378 1950 seque
1409 1879 1496 1932 illi
1552 1877 1797 1933 comites
1828 1881 1887 1931 et
1917 1875 2028 1930 mi-

383 1973 992 2044 nistros,quocunque
1014 1974 1303 2042 pergeret,
1335 1967 1755 2040 adjunxerunt,
1790 1963 2028 2020 easdem

382 2079 518 2118 cum
550 2079 615 2119 eo
651 2061 954 2117 molestias
977 2066 1034 2116 et
1056 2057 1435 2114 incommoda
1456 2057 1796 2112 subeuntes.
1821 2055 2031 2120 Quam-

382 2152 585 2207 obrem
617 2152 1001 2206 vehementer
1029 2149 1236 2203 dilexit
1277 2163 1374 2203 eas
1420 2163 1670 2220 magnus
1715 2143 2033 2216 Apostolus

383 2241 455 2297 ob
488 2241 727 2295 illorum
757 2240 1056 2306 virtutem,
1088 2238 1386 2308 fidemque
1421 2236 1481 2290 in
1503 2235 1824 2302 Christum,
1856 2233 1939 2288 ita
1970 2236 2037 2287 ut

381 2348 589 2388 eorum
623 2331 986 2386 mentionem
1025 2328 1232 2382 fecerit
1279 2327 1339 2380 in
1390 2326 1512 2380 suis
1555 2324 1855 2397 Epistolis.
1901 2327 2039 2377 Post

383 2427 638 2476 mortem
670 2435 804 2474 vero
827 2417 1114 2490 Apostoli,
1145 2432 1279 2471 cum
1302 2415 1598 2469 Christum
1623 2413 1888 2485 profiteri
1913 2428 2035 2467 non

386 2509 764 2574 desisterent,
813 2507 1067 2578 correpti
1126 2505 1196 2560 ab
1253 2503 1610 2573 idololatris,
1667 2509 1801 2576 post
1850 2501 2041 2558 multa

386 2601 684 2652 tormenta
711 2595 989 2651 decollati
1021 2598 1178 2649 sunt.

1045 2860 1266 2916 Eodem
1297 2860 1392 2915 die

396 2980 552 3036 186
611 2977 1063 3034 Commemoratio
1113 2978 1292 3102 sandcti
1345 2972 1571 3044 Eulogii
1621 2973 1864 3046 episcopi
1916 2972 2042 3029 Ale-

1078 3065 1192 3102 amn
1237 3064 1355 3102 riae.

1078 3064 1335 3103 ωιιηανιω
1343 3090 1355 3104 .

2133 543 2232 600 Καὶ
2269 540 2474 619 φυγὼν,
2506 538 2746 596 ἀπελθὼν
2781 538 2856 603 εἷς
2909 539 3106 615 πέτραν
3159 537 3317 612 μέσον
3376 538 3476 606 της
3509 535 3785 608 θαλάσσης

2131 632 2298 688 πάλιν
2331 633 2645 708 έπειράσθη·
2679 632 2769 687 καὶ
2801 631 2944 687 οὕτω
3001 629 3391 706 πειραζόμενος
3444 629 3535 684 καὶ
3592 633 3780 699 νικῶν,

2131 724 2270 800 πρὸς
2298 723 2428 780 Θεὸν
2458 720 2607 794 έξεδή
2620 743 2809 796 μησεν.

2699 931 2781 1001 τῇ
2835 927 2974 1002 αὐτῇ
3030 924 3214 1000 ἡμέρᾳ

2277 1041 2547 1115 Ἀθλησις
2576 1048 2684 1099 τῶν
2718 1043 2883 1119 ἀγίων
2919 1041 3125 1100 Ἀκόλα
3157 1041 3246 1097 καὶ
3278 1039 3640 1117 Πρισκίλλης.

2207 1161 2430 1236 Οᾶγιος
2458 1158 2696 1221 Ἀκύλας
2756 1157 3095 1232 σκυτοτόμος
3159 1157 3252 1232 μὶν
3300 1159 3366 1227 ἦν
3423 1158 3523 1226 τήν
3580 1155 3785 1232 τέχνην

2135 1250 2417 1326 πρότερον*
2451 1249 2664 1320 Ἕλλην
2726 1246 2780 1303 δὲ
2839 1248 3124 1324 ὑπάρχων,
3184 1247 3338 1320 ὅμως
3396 1253 3495 1316 τῆς
3549 1243 3787 1318 ἐλεημοο

2137 1339 2301 1410 σόνης
2332 1339 2421 1394 καὶ
2470 1344 2571 1408 τῆς
2618 1338 2756 1411 πρὸς
2813 1336 2941 1402 τοὺς
2996 1337 3256 1412 πτωχοὺς
3318 1334 3651 1409 συμπαθείας
3685 1335 3792 1390 οὐκ

2137 1428 2496 1485 έπελαθάνετο
2521 1445 2536 1459 ⁸
2589 1425 2717 1483 ἀλλ’
2758 1425 2857 1482 εῗίτι
2890 1423 3172 1500 ἐκέρδησεν
3203 1427 3263 1480 ἐκ
3313 1429 3412 1480 τοῦ
3464 1424 3791 1502 έργοχείρου

2138 1520 2342 1588 αὐτοῦ,
2402 1517 2644 1592 ἐμέριζεν
2699 1516 2828 1571 αὐτὸ
2880 1516 3015 1590 μετά
3069 1520 3176 1570 τῶν
3236 1519 3499 1590 πτωχῶν·
3553 1513 3790 1576 ἀκούσας

2139 1605 2197 1662 δὲ
2251 1604 2374 1682 περὶ
2430 1609 2529 1661 τοῦ
2581 1604 2894 1660 ἀποστόλου
2969 1602 3190 1659 Παύλου
3272 1603 3638 1678 κηρύττοντος
3692 1603 3788 1658 τὸν

2137 1696 2376 1771 Χριστὸν
2409 1741 2426 1764 ,
2479 1695 2698 1765 ἀπῆλθε
2762 1696 2900 1769 πρὸς
2958 1695 3147 1764 αὐτὸν,
3201 1695 3336 1767 μετά
3383 1701 3484 1764 τῆς
3541 1693 3796 1768 γυναικὸς

2138 1785 2302 1841 αὐτοῦ
2357 1783 2697 1860 Πρισκίλλης
2729 1828 2748 1857 ,
2803 1785 2878 1848 ὡς
2934 1783 3010 1847 εἷς
3065 1783 3390 1859 ὁμότεχνονο
3452 1783 3794 1856 σκυτοτόμος

2137 1879 2240 1952 γὰρ
2271 1876 2339 1945 ἦν
2391 1876 2478 1930 καὶ
2539 1873 2721 1937 αὐτός·
2779 1873 2870 1930 καὶ
2931 1871 3276 1949 διδαχθέντες
3333 1874 3421 1929 ὑπ’
3471 1873 3638 1929 αὐτοῦ
3693 1873 3792 1928 τὸν

2139 1965 2302 2042 λόγον
2333 1972 2432 2034 τῆς
2462 1962 2724 2036 ἀληθείας
2754 2009 2768 2034 ,
2823 1958 3223 2039 ἐϐαπτίσθησαν
3251 2005 3264 2019 .
3319 1962 3418 2018 Καὶ
3475 1963 3612 2033 ἦσαν
3662 1959 3793 2019 δουο

2141 2054 2388 2116 λεόοντες
2445 2053 2592 2126 αὐτῷ
2623 2073 2636 2088 ·
2689 2054 2777 2109 καὶ
2829 2054 2966 2110 κατά
2995 2057 3167 2108 πᾶσαν
3225 2053 3392 2108 πόλιν
3450 2053 3542 2108 καὶ
3599 2051 3793 2128 χώραν

2142 2143 2592 2213 ἀκολουθοῦντες,
2635 2143 2724 2199 καὶ
2783 2139 3284 2218 συγκινδυνεύοντες
3341 2140 3394 2197 έν
3429 2145 3559 2197 πᾶσι
3596 2162 3796 2217 πειρα-

2145 2238 2328 2308 σμοῖς.
2385 2236 2654 2288 Τοσοῦτον
2709 2229 2766 2287 δὲ
2809 2233 3088 2309 ἠγάπησεν
3121 2231 3317 2294 αὐτοὺς
3347 2232 3376 2287 ὁ
3411 2233 3575 2309 μέγας
3617 2231 3796 2288 Ἀπό-

2143 2323 2339 2385 στολος
2373 2319 2462 2377 διὰ
2483 2323 2582 2391 τὴν
2617 2321 2811 2397 ἀρετὴν
2853 2322 3032 2377 αὐτῶν
3089 2321 3179 2377 καὶ
3235 2323 3334 2391 τὴν
3368 2321 3504 2397 πρὸς
3563 2321 3798 2397 Χριστὸν

2145 2412 2362 2483 πίστιν,
2421 2412 2495 2476 ὡς
2555 2411 2647 2467 καὶ
2695 2411 3060 2486 μνημονεύειν
3117 2411 3290 2467 αὐτῶν
3324 2409 3375 2466 έν
3430 2415 3548 2473 ταῖς
3604 2410 3802 2466 ἑαυτοῦ

2149 2503 2522 2565 Ἐπιστολαῖς·
2569 2504 2703 2576 μετά
2755 2499 2813 2557 δὲ
2870 2501 3096 2567 θάνατον
3155 2505 3253 2556 τοῦ
3314 2499 3675 2568 ’Δποστόλου,
3705 2501 3803 2555 τὸν

2148 2593 2377 2668 Χριστὸν
2455 2591 2752 2668 ὁμολογεῖν
2816 2592 2892 2666 μὴ
2950 2591 3332 2665 παυσάμενοι,
3420 2587 3799 2664 ἐκρατήθησαν

2154 2682 2260 2738 ὑπὸ
2313 2686 2422 2738 τῶν
2481 2679 2924 2759 είδωλολατρῶν,
2980 2681 3070 2737 καὶ
3127 2679 3314 2737 πολλά
3371 2678 3803 2757 βασανῖσθέντες,

2151 2771 2426 2851 ἀπεκεφαλ
2437 2771 2681 2845 ίσθησαν.

2721 2865 2806 2939 Τῇ
2859 2862 2996 2939 αὖτῇ
3053 2865 3237 2939 ἡμέρᾳ

2154 2980 2366 3054 Μνήμη
2423 2984 2520 3035 τοῦ
2597 2980 2756 3056 ἁγίου
2829 2977 3102 3127 Εὲόἐᾶγῑέου
3187 2979 3486 3035 ἐπισκόπου
3555 2977 3808 3052 Ἀλεξαν-

467 3211 888 3267 Sanctissimus
915 3217 973 3265 et
1001 3225 1252 3282 magnus
1305 3209 1478 3263 Pater
1524 3212 1728 3263 noster
1767 3206 2041 3280 Eulogius

2231 3206 2522 3281 Εὐλόγιος,
2583 3207 2612 3262 ὁ
2669 3207 2969 3283 ἀγιώτατος
3025 3209 3113 3264 καὶ
3150 3208 3318 3285 μέγας
3384 3213 3572 3287 Πατήρ
3615 3213 3806 3285 ἡμῶν,

394 3301 767 3357 Alexandria:
799 3300 1110 3372 episcopus
1167 3298 1297 3353 fuit.
1353 3297 1620 3353 Heraclio
1672 3297 2050 3368 imperatore,

397 3398 533 3446 ante
567 3396 838 3446 sanctum
868 3391 1156 3444 Joannem
1187 3386 1740 3458 Eleemosynarium
1766 3403 1778 3440 :
1817 3386 1890 3440 ob
1917 3402 2052 3441 suas

399 3487 596 3536 autem
629 3481 895 3545 virtutes,
928 3485 987 3533 et
1016 3495 1170 3546 eam,
1204 3494 1383 3548 quam
1415 3477 1570 3548 apud
1623 3477 1807 3531 Deum
1838 3475 2056 3530 inierat

400 3570 674 3640 gratiam,
707 3569 895 3623 multa
947 3567 1236 3623 miracula
1293 3566 1498 3634 edidit,
1557 3567 1619 3620 in
1674 3565 1888 3636 quibus
1942 3565 2054 3620 hoc

401 3657 992 3712 commemorandum
1022 3656 1271 3710 videtur.
1306 3657 1447 3710 Nam
1480 3671 1611 3709 cum
1643 3655 2055 3710 sanctissimus

403 3746 885 3816 archiepiscopus
917 3745 1028 3799 Leo
1060 3744 1374 3815 epistolam
1407 3743 1883 3814 conscripsisset,
1935 3759 2056 3814 qua

407 3839 627 3888 statuta
653 3833 858 3904 synodi
883 3832 1384 3887 Chalcedonensis
1399 3831 1872 3896 commendabat,
1893 3849 2057 3887 eam-

403 3937 519 3991 que
548 3928 788 3975 sanctus
815 3920 1094 3992 Eulogius
1116 3921 1376 3992 legisset,
1403 3937 1520 3974 non
1539 3920 1714 3975 modo
1741 3920 1906 3974 illam
1930 3921 2054 3975 lau-

404 4010 649 4075 davit,et
672 4010 962 4081 suscepit;
990 4009 1090 4064 sed
1113 4009 1456 4064 columnam
1487 4009 1666 4064 etiam
1692 4008 2056 4064 orthodoxiaa

404 4099 743 4171 appellavit,
776 4097 1176 4170 omnibusque
1209 4097 1569 4170 prazdicavit.
1616 4097 1829 4152 Volens
1859 4103 2056 4152 autem

398 4190 553 4244 Deus
585 4189 820 4259 utrique
853 4188 1122 4260 pontifici
1155 4188 1443 4243 honorem
1475 4187 1860 4254 facere,misit
1881 4203 2057 4260 ange-

399 4279 520 4333 lum
555 4278 794 4350 utrique
816 4277 1086 4350 pontiﬁci
1116 4278 1407 4332 honorem
1439 4277 1654 4344 facere,
1688 4276 1852 4331 misit
1880 4291 2057 4349 ange-

399 4368 522 4423 lum
557 4385 753 4436 suum,
787 4368 980 4439 quiin
1040 4367 1228 4440 ﬁgura
1285 4372 1344 4422 et
1401 4365 1597 4438 specie
1653 4365 2058 4422 archidiaconi

401 4458 591 4513 sancti
615 4458 848 4524 Leonis,
880 4457 1100 4530 gratias
1130 4461 1332 4529 ageret
1361 4461 1566 4512 sancto
1599 4455 1865 4528 Eulogio,
1899 4453 2058 4526 quod

2157 3295 2452 3359 ἐπίσκοπος
2507 3297 2574 3366 ἧν
2630 3303 2732 3366 τῆς
2786 3295 3004 3361 πόλεως
3059 3297 3462 3374 Ἀλεξανδρείας
3497 3347 3513 3372 ,
3571 3299 3656 3356 ἐπὶ
3703 3307 3808 3371 τῆς

2161 3385 2438 3464 βασιλείας
2472 3384 2822 3462 Ἡρακλείου,
2878 3387 2983 3463 πρὸ
3037 3391 3136 3443 τοῦ
3202 3387 3356 3465 ἁγίου
3417 3391 3672 3446 Ἰωάννου
3707 3395 3810 3445 τοῦ

2156 3475 2485 3548 έλεήμονος.
2533 3475 2792 3546 Ἐποίησε
2823 3473 2882 3531 δὲ
2933 3476 3023 3531 καὶ
3083 3474 3172 3532 διὰ
3199 3480 3300 3548 τήν
3358 3480 3553 3554 ἀρετὴ»
3613 3479 3813 3549 αὐτοῦ,

2157 3565 2247 3620 καὶ
2293 3566 2392 3634 τήν
2443 3563 2580 3639 πρὸς
2637 3565 2764 3620 Θεὸν
2825 3565 3117 3637 οἶκείωσιν,
3172 3567 3420 3641 θαύματα
3482 3567 3686 3626 πολλά.
3722 3569 3813 3641 Ἐξ

2160 3654 2231 3708 ὢν
2259 3649 2315 3708 ἓν
2348 3652 2458 3708 ἐστι
2501 3653 2590 3708 καὶ
2623 3657 2809 3708 τοῦτο·
2842 3656 2958 3711 Τοῦ
3015 3655 3318 3732 ἀγιωτάτου
3370 3657 3813 3734 ἀρχιεπισκόπου

2159 3743 2390 3806 Λέοντος
2462 3742 2875 3818 συγγράψαντας
2957 3742 3254 3814 έπιστολήν
3333 3750 3662 3802 συνιστῶσαν
3711 3747 3815 3815 τὴν

2161 3830 2213 3886 ἐν
2247 3829 2562 3903 Χαλκηδόνι
2619 3830 2867 3901 σύνοδον,
2925 3832 3186 3910 ἀναγνοὺς
3243 3833 3411 3904 αὐτὴν
3443 3836 3470 3890 ό
3503 3834 3657 3912 ’ὰγιος
3712 3836 3815 3892 Εὖ-

2161 3916 2368 3997 λόγιος,
2401 3921 2466 3976 οὐ
2502 3920 2665 3994 μόνον
2724 3920 2951 3996 ἐπῄνεσε
3001 3921 3091 3977 καὶ
3149 3920 3461 3994 ἀπεδέξατο,
3514 3923 3660 3981 ἀλλά
3712 3927 3807 3980 καί

2161 4008 2369 4080 στήλην
2427 4009 2592 4079 αὐτῆς
2656 4007 2972 4085 ὀρθοδοξίας
3019 4009 3296 4082 καλέσας,
3348 4019 3467 4078 τοῖς
3517 4018 3678 4070 πᾶσιν
3710 4013 3806 4070 ἀν-

2163 4097 2439 4171 εκόρηξεν.
2471 4099 2528 4152 Ὀ
2570 4096 2628 4153 δε
2682 4098 2812 4162 Θεὸς
2865 4097 3040 4164 θέλων
3089 4102 3412 4176 θεραπεῦσαι
3469 4103 3816 4181 ἀμφοτέρους

2161 4188 2290 4254 τοὺς
2346 4189 2624 4265 ἀρχιερεῖς
2659 4234 2673 4260 ,
2734 4188 2971 4266 ἔπεμψεν
3034 4188 3284 4270 ἄγγελον,
3345 4193 3420 4259 ὡς
3465 4193 3517 4249 ἐν
3567 4197 3820 4270 σχήματι

2159 4283 2258 4335 τοῦ
2289 4277 2680 4356 ἀρχιδιακόνου
2709 4284 2807 4336 τοῦ
2865 4280 3017 4356 ἁγίου
3077 4282 3332 4355 Λέοντος,
3389 4283 3820 4360 εὐχαριστοῦντα

2159 4383 2240 4451 τῷ
2293 4378 2434 4452 ἁγίῳ
2495 4376 2746 4453 Εὐλογίῳ
2804 4378 2937 4452 ὑπὲρ
3013 4380 3075 4436 οὗ
3123 4377 3413 4452 ἀπεδέξατο
3468 4383 3569 4450 τήν
3627 4379 3817 4453 δηλω-

2162 4473 2338 4532 θεῖσαν
2371 4467 2686 4540 ἐπιστολήν·
2717 4469 2746 4522 ὁ
2778 4465 2835 4524 δὲ
2864 4467 3019 4545 ἆγιος
3051 4466 3323 4546 διελέγετο
3379 4472 3550 4544 αὐτῷ,
3611 4471 3688 4533 ὡς
3721 4473 3818 4527 ἀν-

401 4554 792 4602 memoratam
809 4548 1120 4618 epistolam
1135 4547 1739 4619 excepisset.Sanctus
1750 4561 1883 4600 vero
1902 4551 2041 4617 post

2164 4557 2389 4632 θρώπῳ,
2449 4554 2553 4622 ἕως
2631 4555 2864 4636 ἄφαντος
2937 4558 3144 4633 ἐγένετο
3197 4557 3424 4635 ἅγγελος
3476 4561 3570 4616 ἀπ’
3617 4560 3808 4616 αὐτοῦ·

405 4653 582 4707 quam
615 4654 748 4692 cum
782 4638 906 4708 illo,
930 4644 1213 4709 tanquam
1239 4639 1500 4704 homine,
1529 4637 1892 4708 colloquium
1915 4636 2056 4690 mis-

403 4726 640 4794 cuisset,
675 4728 886 4800 angelo
917 4745 988 4783 ex
1017 4729 1204 4800 ipsius
1235 4729 1474 4800 aspeclu
1506 4743 1635 4783 sese
1666 4727 2055 4792 subducente,

402 4817 678 4889 cognovit
708 4833 845 4873 eum
877 4819 980 4874 Dei
1013 4818 1290 4891 angelum
1323 4835 1475 4886 esse,
1513 4819 1817 4890 Deumque
1837 4817 2055 4891 gloriﬁ-

403 4909 576 4964 cavit.
612 4909 872 4966 Tandem
905 4911 966 4965 in
997 4910 1202 4966 multis
1237 4914 1350 4966 Deo
1383 4909 1665 4981 serviens,
1698 4909 1972 4966 decessit.

865 5030 1091 5086 187-1
1106 5029 1206 5086 88
1242 5029 1462 5085 Eodem
1495 5029 1590 5084 die

399 5117 854 5175 Commemoratio
878 5119 1059 5175 sancti
1075 5120 1491 5246 galtrgstnostri
1537 5119 1763 5174 Joannis
1809 5116 2056 5189 episcopi

1121 5208 1152 5246 ο
1179 5209 1213 5246 υ
1254 5207 1282 5246 ο
1309 5208 1350 5246 ι.

1121 5207 1350 5264 οιῃοοιι.

1133 5280 1328 5335 Deest.

965 5369 1205 5425 EODEM
1246 5368 1499 5423 MENSE.

922 5467 1024 5523 Die
1056 5466 1289 5522 decima
1318 5471 1532 5537 quarta

471 5558 720 5614 Sanctus
732 5559 906 5614 Pater
916 5563 1120 5614 noster
1133 5558 1457 5613 Auxentius
1469 5555 1796 5612 Theodosio
1812 5555 2052 5612 luniore

399 5647 758 5724 imperante,
791 5649 853 5705 in
883 5650 1111 5706 oriente
1135 5655 1329 5720 natus,
1355 5665 1489 5706 cum
1515 5647 1843 5705 scholarius
1867 5647 2055 5720 digni-

2163 4646 2254 4700 καὶ
2309 4646 2469 4721 γνοὺς
2525 4646 2607 4702 ὅτι
2663 4647 2890 4724 ἄγγελος
2945 4653 3080 4704 Θεοῦ
3137 4650 3202 4719 ἦν
3241 4694 3254 4718 ,
3308 4647 3549 4723 ἐδόξασεν
3627 4651 3815 4706 αὐτόν·

2163 4735 2252 4791 καὶ
2281 4739 2378 4790 τοῦ
2445 4734 2644 4793 λοιποῦ
2699 4735 2750 4791 έν
2807 4737 3046 4802 πολλοῖς
3104 4739 3232 4794 Θεὸν
3291 4739 3644 4816 θεραπεύσας,
3705 4738 3821 4796 έτεο

2165 4823 2396 4897 λειώθη.

2731 4947 2811 5019 Τῇ
2869 4943 3005 5018 αὖτῇ
3063 4943 3248 5022 ἡμέρᾳ

2161 5033 2368 5106 Μνήμη
2399 5035 2496 5088 τοῦ
2527 5031 2578 5088 έν
2620 5032 2795 5111 ἀγίοις
2854 5037 3062 5164 Πατρός
3121 5039 3282 5110 ἡμῶν
3311 5036 3565 5094 Ἰωάννου
3594 5036 3816 5094 ἐπισκό-

2737 5126 2845 5162 που
2890 5113 2968 5162 Πο
3013 5103 3232 5164 υϐότου.

2737 5126 2845 5162 που
2890 5103 3232 5166 Πολυϐότόυ.

2878 5196 3090 5258 Λείπει.

2721 5287 2905 5345 MHNI
2934 5293 3018 5369 τᾳ
3049 5295 3249 5371 Ana.

2979 5385 3029 5433 Δ.

2337 5464 2542 5539 Μνήμη
2576 5469 2672 5521 τοῦ
2702 5464 2856 5522 όσίου
2890 5385 3098 5545 Hispo;
3139 5469 3300 5542 ἡμῶν
3335 5468 3631 5540 Λύξεντίου

2231 5550 2514 5624 Αὖξέντιος
2560 5555 2588 5610 ὁ
2620 5553 2670 5610 έν
2729 5555 2906 5632 ἁγίοις
2956 5559 3144 5634 Πατὴρ
3201 5560 3387 5632 ἡμῶν,
3443 5558 3511 5629 ἦν
3565 5557 3655 5614 ἐπὶ
3713 5565 3814 5629 τῆς

2165 5642 2444 5723 βασιλείας
2481 5644 2772 5704 Θεοδοσίου
2819 5651 2916 5704 τοῦ
2976 5649 3190 5726 Μικροῦ
3219 5647 3279 5705 ὲκ
3332 5655 3433 5720 τῆς
3489 5649 3817 5722 Ἀνατολῆςο
