4072 6194
358 312 485 373 313

1784 305 2301 369 FEBRUARIUS.

3654 309 3769 368 3M

364 442 641 514 ὑπάρχων
710 439 767 496 δὲ
823 440 1129 517 σχολάριος
1181 441 1284 509 τὴν
1355 440 1527 512 ἀξίαν,
1610 438 1870 495 κατέλιπε
1924 439 2015 494 τὸν

2138 446 2250 497 tate
2282 445 2459 508 esset,
2491 441 2760 498 abdicato
2804 441 3021 497 saeculo
3064 441 3393 497 monachus
3438 441 3648 509 factus,
3706 442 3769 495 in

361 534 599 605 κόσμον.
661 532 759 585 Καὶ
802 530 1090 604 γενόμενος
1172 530 1441 604 μοναχὸς,
1528 527 1760 599 ἀνῆλθεν
1822 528 1898 590 εἷς
1951 528 2014 583 τὸ

361 621 516 695 ὅρος,
548 622 611 675 τὸ
641 618 942 694 λεγόμενον
974 622 1069 688 τῆς
1102 619 1332 687 Ὁξείας,
1364 618 1601 688 πλησίον
1635 614 2012 689 Χαλκηδόνος,

361 711 457 764 καὶ
489 709 755 783 ἡσύχασε
798 708 889 763 καὶ
922 709 1017 763 ἀπ’
1045 707 1249 762 ἐκείνου
1281 708 1571 781 ὠνομάσθη
1630 708 1691 761 τὸ
1740 705 1887 781 ὅρος,
1918 709 2015 759 τοῦ

367 799 533 874 άγίου
587 797 900 870 Αύξεντίου.
933 803 1032 853 Ἠν
1067 795 1124 851 δὲ
1176 798 1278 865 τήν
1337 797 1564 866 ἄσκησιν
1616 794 2016 871 καρτερίκώτα-

365 910 485 958 τος,
506 891 607 959 τήν
640 889 818 943 πίστιν
858 888 1301 964 ὁρθοδοξότατος·
1362 886 1550 942 πολλᾶ
1611 884 2014 960 ἀγωνισάμενος

362 980 506 1033 κατά
535 985 637 1046 τῆς
662 978 921 1051 αἱρέσεως
949 981 1045 1032 τοῦ
1086 976 1365 1038 Εὐτυχοῦς
1423 976 1511 1031 καὶ
1570 979 1667 1030 τοῦ
1699 973 2016 1049 Νεστορίου,

366 1068 461 1122 καὶ
495 1064 899 1141 ἀποδεξάμενος
970 1067 1069 1134 τήν
1129 1066 1182 1121 ἐν
1243 1063 1555 1136 Χαλκηδόνι
1602 1068 1861 1139 τετάρτην
1896 1063 2017 1117 σύν-

367 1156 525 1216 οδον.
562 1157 806 1231 Ἐγένετο
838 1154 896 1211 δὲ
924 1156 1013 1211 καὶ
1045 1162 1163 1219 τοῖς
1221 1155 1533 1226 βασιλεῦσιν
1591 1152 1893 1226 αἰδέσιμος·
1926 1152 2017 1207 καὶ

364 1251 626 1323 ἠγαπᾶτο
656 1250 744 1302 καί
780 1248 1004 1320 ἐτιμᾶτο
1055 1248 1159 1302 ὑπὸ
1215 1247 1451 1314 πάντων,
1505 1244 1593 1301 διὰ
1640 1247 1739 1315 τήν
1798 1244 2016 1312 πολλὴν

366 1339 537 1393 αὐτοῦ
568 1339 787 1412 ἀρετήν.
824 1338 1059 1407 Ἠξιώθη
1094 1335 1151 1391 δὲ
1186 1338 1275 1391 καὶ
1315 1337 1603 1409 θαυμάτων
1644 1333 1897 1400 πολλῶν,
1930 1332 2018 1388 καὶ

370 1434 757 1501 προορατικῶν
790 1430 1169 1502 χαρισμάτων.
1231 1427 1328 1481 Καὶ
1374 1425 1647 1501 τιμωρίας
1705 1422 2019 1497 μελλούσης

364 1517 552 1573 ἐλθεῖν
578 1517 685 1572 ἀπὸ
746 1522 842 1571 τοῦ
900 1520 1033 1571 Θεοῦ
1092 1514 1180 1571 διὰ
1234 1517 1329 1579 τάς
1380 1515 1644 1591 ἁμαρτίας
1689 1515 1872 1587 ἡμῶν,
1931 1513 2021 1567 καὶ

369 1613 626 1681 προεῖπε,
650 1606 742 1661 καὶ
792 1604 882 1660 διὰ
936 1610 1253 1681 προσευχῆς
1308 1603 1548 1660 ἔπαυσεν.
1581 1603 1736 1662 Οὕτω
1770 1602 1827 1657 δὲ
1888 1604 2023 1677 βιώ-

374 1718 494 1766 σας,
527 1697 829 1769 ἐκοιμήθη·
861 1696 950 1751 καὶ
980 1696 1237 1765 κατετέθη
1269 1694 1323 1750 ἐν
1342 1699 1422 1767 τῷ
1453 1695 1540 1748 ὑπ’
1563 1693 1732 1749 αὐτοῦ
1758 1695 2020 1756 κτισθέντι

375 1786 755 1861 μοναστηρίῳ,
790 1784 924 1862 ὅπερ
954 1792 1056 1856 τῆς
1086 1783 1460 1861 Τριχηναρίας
1502 1782 1838 1856 ὠνομάζετο.

973 1904 1051 1975 τῇ
1090 1900 1228 1974 αὐτῇ
1288 1900 1471 1976 ἡμέρᾳ

441 2005 717 2080 Ἀθλησις
745 2012 843 2063 τοῦ
875 2008 1030 2084 ἁγίου
1062 2004 1386 2080 Φιλήμονος
1418 2005 1715 2061 ἐπισκόπου
1748 2007 1943 2074 Γάζης.

1098 2097 1307 2154 Λείπει.

918 2220 1097 2275 MHNI
1139 2218 1230 2295 Τῼ
1270 2219 1465 2294 ΑΥΊᾨ.

1145 2306 1228 2362 lE'

375 2406 652 2475 Ἀθλησις
682 2410 778 2462 τοῦ
811 2407 973 2481 ἁγίου
1002 2400 1739 2481 ἱερομάρτυρος-Ὀχησίμου
1773 2402 2023 2475 μαθητοῦ

742 2483 840 2533 τοῦ
858 2472 1030 2551 ’ἁγίου
1055 2472 1373 2530 ’ἀποστόλου
1396 2472 1641 2531 Ηαύλουξ

446 2575 507 2627 '0
548 2575 704 2647 ἅγιος
754 2569 1076 2640 Ὀνήσιμος,
1148 2564 1354 2639 ἐγένετο
1416 2564 1665 2637 μαθητής
1712 2566 1813 2617 τοῦ
1871 2560 2024 2637 ἁγίου

390 2662 702 2722 ἀποστόλου
777 2657 1020 2716 Παύλου⁶
1127 2653 1324 2716 δοῦλος
1388 2654 1491 2730 γὰρ
1572 2653 1834 2728 ὑπάρχων
1891 2652 2023 2706 Ῥω-

387 2756 554 2830 μαίου
583 2751 731 2814 τινὸς
777 2748 1004 2821 ὀνόματι
1063 2744 1409 2818 Φιλήμονος,
1461 2740 1722 2798 κατέλιπε
1747 2741 1840 2797 τὸν
1887 2738 2023 2796 ἴδιον

381 2847 596 2919 κύριον,
626 2840 715 2897 καὶ
763 2834 1110 2914 προσέδραμε
1160 2839 1241 2908 τῷ
1300 2832 1597 2905 ἀποστόλῳ
1656 2831 1879 2905 Παύλῳ,
1936 2832 2027 2885 καὶ

389 2934 598 3008 ἐγένετο
650 2929 815 2984 αὐτοῦ
879 2926 1146 3000 μαθητής·
1198 2921 1288 2978 καὶ
1349 2922 1659 2998 βαπτισθεὶς
1691 2921 1780 2976 ὑπ’
1838 2920 2029 2990 αὐτοῦ,

386 3006 676 3079 ἐδούλευεν
735 3018 908 3088 αύτῷ.
969 3014 1067 3068 Διά
1111 3016 1276 3068 τοῦτο
1327 3012 1419 3066 καὶ
1486 3006 1691 3086 ἔγραψε
1746 3009 1881 3085 πρὸς
1936 3008 2028 3063 τὸν

379 3111 680 3183 Φιλήμονα
733 3108 761 3161 ὁ
817 3106 967 3180 ἅγιος
1028 3101 1243 3165 Παῦλος
1322 3101 1642 3170 ἐπιστολὴν,
1698 3096 2029 3175 παρακαλῶν

376 3202 536 3256 αὐτὸν
570 3200 704 3273 ὑπὲρ
753 3198 851 3250 τοῦ
906 3191 1228 3265 Ὀνησίμου,
1278 3189 1381 3246 Καὶ
1442 3188 1576 3263 μετά
1620 3187 1877 3256 τελευτὴν
1931 3190 2027 3241 τοῦ

381 3291 541 3367 ἁγίου
600 3284 843 3353 Παύλου,
892 3282 1160 3354 ἐκρατήθη
1212 3279 1381 3354 παράί
1415 3276 1728 3367 Τερτύλλου
1777 3281 1872 3332 τοῦ

377 3363 604 3450 Ῥώμης
662 3374 939 3447 ὑπάρχου.
1024 3369 1123 3425 Καὶ
1181 3367 1370 3444 ἀχθεὶς
1423 3368 1474 3422 ἐν
1543 3366 1861 3435 Ποτιόλοις,
1939 3363 2028 3421 διὰ

385 3464 624 3544 ῥαϐδίων
681 3464 940 3521 τύπτεται
1026 3457 1296 3539 σφοδρῶς,
1352 3458 1445 3522 Ὧς
1528 3455 1585 3513 δε
1637 3457 1737 3512 οὐκ
1790 3457 2027 3512 ἐπείθετο

382 3559 714 3635 ἀρνήσασθαι
793 3555 887 3610 τὸν
967 3551 1223 3627 Χριστὸν,
1294 3551 1383 3605 καὶ
1467 3551 1832 3624 προσκυνῆσαι
1908 3553 2024 3611 τοῖς

384 3646 669 3713 εἰδώλοις,
702 3643 847 3701 ἀλλᾶ
901 3642 1034 3715 μετά
1064 3639 1368 3717 παρρησίας
1403 3636 1606 3713 ἔλεγεν,
1655 3640 1740 3694 δτι
1780 3638 2025 3693 Πιστεύω

378 3738 456 3801 εἷς
488 3737 758 3812 Χριστὸν,
809 3734 901 3789 τὸν
962 3733 1268 3802 ποιήσαντα
1322 3729 1413 3784 τὸν
1475 3728 1726 3804 οὐρανὸν,
1784 3728 1874 3783 καὶ
1928 3731 2026 3799 τὴν

2123 536 2389 586 montem
2413 531 2617 586 Oxiam
2653 531 3012 586 Chalcedoni
3035 533 3369 602 proximum
3396 531 3774 601 secessit,qui

2123 620 2195 674 de
2238 621 2365 691 ejus
2398 621 2640 675 nomine
2674 638 2843 675 mons
2874 620 3148 675 Auxentii
3185 627 3391 690 postea
3416 620 3609 675 dictus
3660 626 3770 686 est,

2124 708 2326 779 ibique
2358 710 2745 781 tranquillam
2781 710 3219 781 asceticamque
3246 711 3423 765 vitam
3455 725 3769 782 agens,pro

2126 799 2241 853 iide
2274 800 2810 870 orthodoxa,quam
2842 800 3181 854 firmissime
3212 800 3469 860 tenebat.
3491 799 3772 853 adversus

2118 887 2396 942 haeresim
2428 889 2728 959 Eutycbis,
2758 895 2815 942 et
2845 889 3094 943 Nestorii
3152 889 3477 960 plurimum
3500 886 3762 942 decerta-

2122 976 2223 1043 vit,
2248 982 2519 1047 quartam
2552 977 2843 1049 synodum
2865 977 3235 1032 Chalcedone
3267 984 3531 1033 coactam
3551 991 3771 1047 propu-

2126 1067 2549 1137 gnans.Magna
2575 1065 2688 1120 fuit
2726 1066 2970 1137 insuper
2990 1066 3147 1137 apud
3165 1067 3552 1137 imperatores
3571 1064 3770 1119 existi-

2128 1156 2387 1210 matione
2414 1172 2426 1221 ;
2462 1162 2520 1209 et
2549 1172 2758 1209 omnes
2790 1156 2957 1209 illum
2982 1155 3054 1209 ob
3080 1156 3369 1228 insignem
3392 1157 3771 1227 ipsiusvirtu-

2124 1249 2240 1299 tem
2284 1261 2484 1299 amore
2506 1262 2575 1300 ac
2603 1246 2827 1300 honore
2846 1246 3496 1317 prosequebantur.Sed
3518 1255 3575 1303 et
3592 1249 3770 1304 mira-

2126 1333 2394 1389 culorum
2428 1334 2671 1396 donum.
2709 1341 2768 1389 et
2832 1334 3156 1405 prophetiae
3210 1335 3459 1407 gratiam
3518 1338 3765 1408 accepit,

2126 1422 2516 1494 praedixitque
2546 1423 2799 1495 ﬂagella,
2832 1441 2962 1494 quae
2996 1425 3148 1479 Deus
3179 1423 3251 1477 ob
3284 1432 3524 1495 peccata
3574 1434 3777 1481 nostra

2127 1512 2505 1567 immissurus
2538 1519 2876 1584 erat,eaque
2904 1514 3179 1584 precibus
3210 1515 3333 1568 suis
3364 1516 3574 1568 avertit
3596 1522 3653 1569 et
3675 1532 3768 1570 se-

2126 1600 2579 1671 davit.Cumque
2612 1603 2694 1657 ita
2722 1602 3378 1669 vixisset,obdormivit.
3409 1608 3468 1657 et
3506 1604 3775 1674 sepultus

2125 1691 2239 1747 fuit
2266 1691 2327 1746 in
2350 1693 2710 1747 monasterio
2736 1692 3118 1747 Trichenaria
3141 1692 3627 1764 appellato,quod
3650 1693 3776 1764 ipse

2047 1812 2095 1878 B
2129 1786 2518 1837 exstruxerat.

2768 1870 2987 1926 Eodem
3022 1871 3117 1925 die

2125 1961 2278 2017 189
2338 1961 2623 2017 Certamen
2670 1963 2850 2016 sancti
2904 1960 3241 2016 Philemonis
3297 1963 3539 2032 episcopi
3598 1962 3775 2018 Gazae.

2959 2055 3066 2104 est.

2871 2051 3066 2105 Deest.

2693 2141 2933 2196 EODEM
2965 2141 3213 2196 MENSE.

2646 2230 2748 2285 Die
2790 2230 3020 2286 decima
3057 2231 3266 2302 quinta

2129 2409 2283 2464 190
2314 2410 2599 2464 Certamen
2650 2412 2984 2464 sacrosancti
3031 2412 3295 2478 martyris
3344 2410 3581 2465 Onesimi
3610 2410 3775 2465 disci-

2550 2482 2680 2550 puli
2709 2484 2885 2535 sancti
2930 2482 3166 2551 apostoli
3195 2481 3359 2535 Pauli

2204 2569 2453 2624 Sanctus
2489 2570 2803 2625 Onesimus
2818 2570 3005 2625 sancti
3026 2570 3278 2642 apostoli
3315 2570 3482 2625 Pauli
3514 2569 3783 2641 discipu-

2134 2659 2249 2726 lus,
2274 2659 2642 2715 Philemonis
2668 2660 2810 2715 civis
2840 2660 3088 2716 Romani
3124 2677 3348 2725 servus,
3383 2660 3589 2714 relicto
3614 2659 3783 2728 hero,

2136 2749 2387 2805 Paulum
2409 2750 2745 2822 apostolum
2771 2756 3009 2806 secutus
3032 2756 3143 2813 est,
3177 2750 3425 2822 ejusque
3457 2749 3783 2821 discipulus

2136 2838 2348 2906 factus,
2384 2844 2442 2895 et
2471 2839 2542 2894 ab
2579 2855 2646 2894 eo
2678 2840 3025 2911 baptizatus,
3061 2839 3437 2895 ministrabat
3496 2840 3567 2894 ei.
3595 2840 3785 2904 Quare

2138 2935 2379 2984 sanctus
2410 2929 2627 2984 Paulus
2644 2930 2719 2984 ad
2737 2929 3147 2985 Philemonem
3178 2929 3501 3001 Epistolam
3526 2928 3787 3000 scripsit,

2138 3034 2353 3090 rogans
2430 3035 2566 3074 eum
2625 3036 2731 3090 pro
2782 3019 3081 3075 Onesimo.
3148 3024 3283 3073 Post
3340 3024 3592 3074 mortem
3652 3034 3788 3072 vero

2143 3107 2330 3163 sancti
2363 3107 2553 3175 Pauli,
2584 3124 2618 3163 a
2646 3108 2905 3162 Tertullo
2939 3110 3136 3163 Romae
3194 3108 3471 3179 praefecto
3516 3123 3788 3178 compre-

2058 3174 2100 3242 (ἶ
2140 3197 2382 3263 hensus,
2442 3174 2773 3267 duetusque
2823 3197 3120 3263 Puteolos,
3171 3174 3371 3268 flagris
3443 3174 3786 3267 gravissime

2138 3287 2385 3343 caeditur
2418 3303 2431 3341 :
2464 3303 2720 3358 cumque
2746 3304 2781 3342 a
2810 3287 3041 3341 Christo
3085 3286 3159 3341 ad
3209 3286 3503 3341 idolorum
3558 3284 3785 3340 cultum

2139 3373 2467 3431 desciscere
2499 3376 2857 3446 nollet,quin
2888 3376 3084 3447 potius
3112 3375 3332 3429 ﬁdendi
3353 3375 3551 3431 animo
3568 3373 3791 3429 diceret

2139 3481 2200 3520 se
2228 3465 2470 3520 credere
2492 3466 2553 3519 in
2583 3466 2880 3520 Christum
2912 3466 3195 3520 factorem
3235 3465 3389 3532 caeli,
3424 3472 3483 3520 et
3513 3471 3707 3530 terrae,
3733 3469 3793 3518 et

2140 3553 2347 3618 maris,
2370 3559 2430 3609 et
2457 3555 2726 3609 omnium
2759 3571 2890 3624 qua;
2926 3555 2987 3608 in
3020 3553 3104 3609 eis
3136 3559 3293 3622 sunt,
3344 3554 3416 3609 ad
3466 3554 3618 3609 iram
3649 3554 3789 3608 Ter-

2135 3643 2350 3698 tullum
2382 3644 2719 3711 concitans,
2752 3644 3017 3699 contusis
3048 3643 3329 3699 minutim
3387 3643 3681 3711 cruribus,
3715 3642 3790 3698 ad

2140 3733 2480 3799 Dominum,
2513 3750 2689 3806 quem
2718 3734 3008 3789 dilexerat
3034 3734 3326 3806 migravit.

389 3831 513 3902 γῆν,
544 3825 636 3881 καὶ
667 3825 765 3894 τήν
809 3822 1099 3890 θάλασσαν,
1126 3818 1216 3875 καὶ
1249 3817 1420 3874 πάντα
1443 3818 1510 3874 τά
1540 3818 1592 3873 ἐν
1616 3817 1822 3890 αὐτοῖς,
1855 3818 1931 3883 εἷς
1961 3820 2130 3893 θυμὸν
2162 3818 2377 3892 ἐκίνησε
2404 3822 2499 3877 τὸν
2524 3820 2854 3896 Τὲρτυλλον,
2887 3823 2974 3878 καὶ
3011 3818 3313 3899 συντριϐεὶς
3340 3823 3408 3877 τὰ
3438 3820 3605 3892 σκέλη
3656 3821 3796 3876 κατᾶ

383 3917 603 3987 λεπτὸν,
637 3914 772 3990 πρὸς
806 3910 1024 3986 Κύριον,
1055 3909 1112 3964 ὅν
1146 3907 1351 3980 ἐπόθει,
1381 3904 1736 3980 ἐξεδήμησεν.

977 4027 1059 4093 Τῆ
1092 4024 1227 4093 αὐτῆ
1250 4024 1436 4096 ἡμέρᾳ

487 4120 695 4192 Μνήμη
726 4120 824 4171 τοῦ
854 4114 1005 4170 ὁσίου
1037 4112 1401 4187 Παφνουτίου.
1460 4114 1549 4167 καὶ
1591 4118 1690 4182 τῆς
1750 4112 1909 4188 ἁγίας

707 4185 1058 4247 Εὐφροσύνης
1085 4193 1183 4247 τῆς
1210 4182 1503 4247 θυγατέρος
1535 4184 1719 4241 αὐτοῦ.

789 4208 1058 4264 φροσυνης
1085 4208 1183 4255 της
1210 4205 1503 4261 υυγατερος
1535 4205 1719 4241 αυτου.

1099 4274 1312 4331 Λείπει.

963 4367 1047 4436 Τῆ
1080 4362 1216 4434 αὐτῆ
1248 4365 1431 4440 ἡμέρᾳ

600 4456 868 4527 Ἀθλησις
900 4459 996 4511 τοῦ
1027 4454 1188 4530 ἁγίου
1230 4454 1507 4529 μάρτυρος
1539 4451 1818 4530 Μαΐωρος.

454 4550 631 4611 Οὗτος
688 4544 1036 4622 ἐστρατεύετο
1086 4543 1175 4599 ἐπὶ
1248 4545 1349 4612 τῆς
1437 4542 1713 4619 βασιλείας
1795 4540 2109 4631 Διοκλη-ί)

385 4644 590 4708 τιανοῦ,
686 4636 778 4693 καὶ
861 4636 1228 4707 Μαξιμιανοῦ.
1316 4633 1417 4688 Καὶ
1504 4631 1878 4709 διαγνωσθεῖς,
1949 4632 2032 4686 δτι

386 4728 708 4805 Χριστιανός
742 4726 876 4794 ἐστι,
916 4725 1209 4801 κρατηθεὶς
1260 4721 1311 4776 ἐν
1364 4725 1507 4797 Γάζῃ
1564 4729 1634 4792 τῆ
1688 4720 1847 4777 πόλει
1901 4722 2035 4791 ηια-

381 4821 606 4896 γκάζετο
640 4816 786 4882 θύειν
843 4820 959 4876 τοῖς
1014 4810 1296 4874 εἰδώλοις.
1353 4812 1443 4873 Ὠς
1500 4808 1559 4866 δὲ
1617 4811 1718 4866 οὐκ
1768 4809 2033 4882 ἐπείθετο,

383 4910 527 4964 ἀλλὰ
570 4905 787 4982 μᾶλλον
825 4905 1036 4981 μεγάλῃ
1069 4923 1137 4978 τῃ
1170 4924 1326 4979 φωνῃ
1376 4898 1587 4977 ἔλεγεν,
1619 4901 1702 4956 ὅτι
1753 4902 1845 4971 Τῷ
1902 4901 2035 4975 Χρι-

386 5004 490 5071 στῷ
517 5019 624 5071 μου
653 4992 948 5063 πιστεύων,
984 4995 1309 5067 καταφρονῶ
1360 4991 1467 5046 τῶν
1499 4988 1727 5065 ἀψύχων
1762 4987 2032 5058 εἰδώλων,

393 5090 465 5152 εἷς
524 5088 697 5164 ὀργὴν
757 5084 990 5141 πλείονα
1044 5081 1176 5146 τοὺς
1225 5086 1557 5156 κρατοῦντας
1610 5079 1873 5151 ἐκίνησεν.
1936 5079 2033 5137 Καὶ

384 5177 658 5241 ἀπλωθεὶς
707 5174 796 5230 ἐπὶ
843 5175 944 5242 τήν
997 5178 1124 5249 γῆν,
1182 5170 1436 5226 τύπτεται
1486 5169 1729 5244 ἴσχυρῶς
1774 5171 1911 5225 ἅπαν
1970 5170 2033 5225 τὸ

380 5272 559 5343 σῶμα,
621 5264 713 5320 καὶ
785 5261 1179 5333 καταξαίνεται,
1256 5260 1603 5337 τριακονταὲξ
1686 5263 2030 5335 στρατιωτῶν

377 5354 730 5431 ἀλλαγέντων
793 5351 847 5407 ἐν
899 5354 978 5422 τῷ
1043 5348 1335 5413 τύπτεσθαι
1420 5347 1600 5404 αὐτόν’
1673 5348 1766 5403 καὶ
1849 5347 2033 5423 ἀρθεὶς

373 5445 683 5521 ἡμιθανὴς,
744 5441 819 5504 ὠς
877 5438 1019 5515 μηδέ
1078 5438 1351 5515 ἀνθρώπῳ
1409 5437 1686 5511 ὁμοιάζειν
1721 5436 1782 5493 ἐκ
1820 5441 1916 5493 τοῦ
1949 5437 2031 5493 αἳ-

377 5556 545 5610 ματος
604 5532 696 5589 καὶ
762 5535 870 5585 τῶν
934 5526 1189 5603 πληγῶν,
1238 5526 1431 5604 ἐρῥίφη
1494 5527 1547 5581 ἐν
1631 5533 1699 5596 τῆ
1782 5525 2027 5605 φυλαλῆ,

378 5626 543 5703 μόνον
596 5622 873 5699 ἐμπνέων.
906 5617 1017 5678 Καὶ
1080 5616 1217 5693 μετά
1287 5615 1423 5672 ἔπτὰ
1478 5615 1691 5694 ἡμέρας
1739 5612 2029 5689 ἐκϐληθεὶς

2783 4028 3004 4085 Eodem
3055 4029 3149 4085 die

2158 4117 2305 4173 191
2339 4119 2790 4173 Commemoratio
2814 4122 2991 4174 sancti
3024 4120 3346 4190 Paphnutii,
3378 4126 3430 4173 et
3459 4127 3659 4175 sanctae
3677 4121 3792 4173 Eu-

2632 4190 2924 4259 phrosyna:
2968 4192 3085 4259 ejus
3131 4192 3284 4259 ﬁliae.

2877 4278 3074 4332 Deest.

2816 4374 3033 4428 Eodem
3067 4373 3161 4429 die

2354 4463 2508 4520 192
2547 4464 2835 4517 Certamen
2854 4464 3031 4518 sancti
3056 4466 3316 4532 martyris
3349 4464 3577 4533 Majoris

2212 4554 2325 4607 Iste
2360 4552 2709 4607 Diocletiani
2735 4558 2793 4607 et
2818 4552 3152 4607 Maximiani
3186 4552 3611 4623 imperatorum
3636 4559 3789 4609 tem-

2143 4641 2388 4715 poribus
2416 4640 2727 4697 militabat.
2754 4641 2993 4695 Delatus
3022 4642 3407 4713 autem,quod
3424 4644 3793 4700 Christianus

2149 4732 2395 4795 esset,in
2417 4731 2563 4786 urbe
2582 4732 2727 4786 Gaza
2747 4731 3211 4802 comprehensus
3242 4732 3588 4804 adigebatur
3617 4734 3792 4789 idolis

2148 4820 2460 4875 immolare
2494 4836 2506 4873 :
2541 4819 2645 4875 sed
2668 4836 2803 4874 cum
2833 4819 2988 4875 adid
3018 4820 3217 4876 induci
3246 4838 3366 4876 non
3397 4828 3619 4893 posset,
3652 4823 3793 4893 quia

2148 4908 2342 4983 potius
2372 4924 2588 4981 magna
2618 4925 2756 4964 voce
2813 4908 3082 4964 diceret:
3140 4910 3324 4966 Credo
3384 4912 3445 4965 in
3493 4911 3791 4966 Christum

2146 5004 2433 5066 meum,et
2460 4997 2622 5053 idola
2651 4998 2853 5057 animo
2884 4999 3150 5054 carentia
3178 5001 3600 5063 contemno,ad
3616 5000 3790 5054 vehe-

2145 5087 2504 5143 mentiorem
2536 5088 2688 5143 iram
2722 5104 2820 5142 eos
2852 5087 2954 5158 qui
2986 5088 3181 5159 ipsum
3212 5089 3791 5161 comprehenderant

2146 5177 2464 5233 concitavit
2496 5194 2509 5233 :
2547 5183 2604 5232 et
2631 5177 2797 5232 humi
2828 5182 3128 5243 extensus,
3162 5195 3196 5233 a
3248 5179 3489 5251 triginta
3514 5196 3616 5233 sex
3633 5177 3791 5233 mili-

2145 5266 2303 5321 tibus
2334 5265 2445 5321 sibi
2479 5266 2735 5322 vicissim
2765 5266 3220 5323 succedentibus
3250 5269 3593 5341 gravissime
3617 5267 3798 5323 caedi-

2141 5360 2258 5421 tur,
2290 5361 2531 5427 totoque
2591 5372 2837 5427 corpore
2886 5355 3203 5411 laceratur.
3264 5358 3410 5413 Tum
3476 5357 3790 5413 semivivus

2146 5444 2435 5514 sublatus,
2470 5446 2552 5501 ita
2582 5450 2646 5500 ut
2664 5446 2911 5518 ﬁguram
2934 5445 3197 5501 hominis
3226 5464 3347 5518 prae
3372 5448 3677 5521 sanguine,
3733 5449 3791 5499 et

2140 5534 2329 5608 plagis
2360 5535 2454 5589 vix
2484 5534 2831 5601 haberet,in
2864 5550 3165 5591 carcerem
3194 5535 3531 5591 detruditur
3559 5534 3649 5588 vix
3669 5534 3785 5603 spi-

2144 5624 2327 5681 ritum
2360 5623 2585 5680 ducens
2608 5622 2794 5681 :unde
2824 5629 2960 5696 post
2989 5631 3216 5696 septem
3239 5625 3367 5681 dies
3397 5625 3795 5690 eductus,rur—
