4072 6194
248 349 367 412 815

1551 347 1985 414 MENOLOGII
2028 347 2232 410 PARS
2273 349 2354 410 II.

3545 351 3662 411 316

253 500 476 556 susque
507 489 833 550 tortus,nec
863 483 1066 539 volens
1096 484 1396 539 Christum
1430 484 1684 556 ejurare,
1715 482 1898 554 impio

2030 485 2113 547 τῆς
2165 477 2440 556 φυλακῆς,
2499 476 2666 533 πάλιν
2723 476 3073 551 ἐτιμωρεῖτο·
3131 477 3221 533 καὶ
3284 479 3360 551 μὴ
3422 481 3664 544 πεισθείς

254 575 646 644 tyrannorum
668 575 843 644 jussu
875 573 947 628 ad
979 574 1391 645 praascriptum
1423 573 1618 629 locum
1651 577 1898 638 tractus,

257 669 316 717 et
347 679 524 718 orans
553 662 880 717 decollatus
904 668 1010 716 est.

814 841 1054 896 EODEM
1086 843 1346 918 MENSE.

802 960 905 1017 Die
936 960 1168 1017 decima
1195 966 1361 1018 sexta

255 1077 408 1133 198
456 1077 736 1134 Certamen
763 1087 1078 1136 sanctorum
1112 1087 1423 1149 martyrum
1452 1079 1737 1150 Pamphii,
1796 1080 1910 1135 Va-

799 1151 981 1220 lentis,
1006 1159 1059 1206 et
1081 1155 1369 1208 sociorum.

329 1255 430 1309 Isti
463 1255 810 1312 Christianae
843 1257 980 1312 fidei
1014 1274 1211 1323 causa,
1259 1262 1422 1313 sexto
1477 1253 1910 1328 persecutionis

259 1345 428 1416 impii
462 1347 810 1402 Diocletiani
846 1347 1223 1418 imperatoris
1245 1363 1421 1410 anno,
1457 1362 1591 1402 cum
1623 1362 1691 1400 ex
1721 1344 1909 1399 diver-

263 1434 343 1487 sis
377 1434 733 1498 civitatibus.
794 1435 1086 1490 institutis
1135 1441 1193 1490 et
1251 1433 1636 1507 dignitatibus
1690 1437 1910 1498 essent,

263 1523 420 1578 hunc
454 1524 514 1578 in
547 1526 789 1579 modum
807 1525 1220 1596 comprehensi
1235 1531 1392 1580 sunt.
1423 1524 1564 1580 Cum
1588 1525 1913 1580 Caesaream

263 1614 844 1688 peterent,urbisque
869 1615 1435 1686 portamingressuri
1459 1618 1914 1684 essent,aporta3

263 1702 610 1757 custodibus
644 1704 1261 1775 interrogati,quinam
1291 1709 1511 1766 essent,
1539 1708 1597 1758 et
1627 1703 1798 1774 cujus
1829 1701 1914 1756 rei

260 1791 447 1862 gratia
475 1793 767 1859 venirent,
793 1794 1036 1848 mentiri
1071 1793 1425 1856 nescientes,
1451 1792 1818 1848 Christianos
1851 1807 1912 1846 se

261 1895 410 1946 esse,
446 1886 504 1934 et
548 1883 796 1952 patriam
836 1899 896 1937 se
928 1882 1147 1937 habere
1179 1898 1500 1954 supernam
1556 1880 1906 1949 Jerusalem,
1944 1851 1988 1915 Β

260 1969 716 2038 responderunt.
766 1971 972 2026 Statim
1031 1972 1230 2042 itaque
1279 1971 1531 2027 vinculis
1579 1969 1906 2036 constricti,

260 2059 605 2114 Firmiliano
637 2061 912 2130 praelecto
938 2061 1272 2116 traduntur.
1305 2063 1375 2116 Et
1405 2067 1644 2116 sanctus
1667 2059 1909 2131 quidem

261 2149 439 2210 Elias,
472 2150 778 2213 Jeremias,
813 2152 1018 2216 Isaias,
1076 2153 1333 2219 Samuel,
1392 2157 1451 2207 et
1508 2151 1736 2218 Daniel,
1779 2155 1913 2221 post

262 2239 481 2294 multos
501 2241 818 2303 cruciatus,
853 2242 1130 2297 decollati
1165 2246 1321 2297 sunt.
1355 2242 1908 2313 Pamphiusautem,

262 2334 318 2382 et
349 2329 674 2391 Seleucius,
709 2337 767 2385 et
799 2331 1034 2398 Valens,
1069 2337 1123 2386 et
1166 2331 1404 2395 Paulus,
1458 2329 1741 2386 custodite
1788 2329 1910 2401 pri-

260 2435 422 2474 mum
449 2420 669 2489 traditi,
702 2420 942 2476 demum
979 2427 1038 2476 et
1067 2421 1181 2492 ipsi
1203 2419 1394 2492 capite
1424 2419 1583 2492 plexi
1615 2424 1773 2476 sunt.

917 2689 1136 2745 Eodem
1163 2689 1260 2745 die

261 2782 417 2837 I94
470 2780 778 2836 Certamen
831 2787 1143 2835 sanctorum
1199 2783 1508 2847 martyrum
1587 2773 1908 2847 Porphyrii,

765 2852 1003 2910 Iuliani.
1028 2857 1079 2906 et
1112 2850 1402 2906 Theoduli.

331 2943 432 2997 Isti
463 2958 699 3014 quoque
733 2942 922 2997 sancti
957 2941 1102 2997 socii
1147 2940 1312 2994 fuere
1372 2943 1715 2994 sanctorum
1747 2937 1910 2991 Pam-

259 3030 406 3102 phii,
441 3037 498 3085 et
546 3031 831 3096 Valentis,
882 3036 940 3086 et
980 3029 1368 3100 reliquorum.
1421 3029 1493 3082 Et
1550 3026 1914 3098 Porphyrius

263 3121 502 3190 quidem
518 3121 702 3175 sancti
728 3119 998 3192 Pamphii
1023 3136 1224 3175 servus
1240 3134 1374 3174 cum
1391 3117 1616 3172 domini
1631 3115 1914 3184 reliquias

264 3218 556 3280 quaereret
606 3215 676 3264 ut
705 3227 804 3265 eas
827 3209 1127 3282 sepeliret,
1179 3206 1665 3279 comprehensus,
1696 3205 1756 3260 in
1789 3220 1916 3260 suc-
1945 3215 1988 3281 ο

263 3315 502 3355 censam
526 3300 826 3372 ingentem
859 3300 1158 3354 fornacem
1191 3298 1467 3368 injectus,
1499 3295 1674 3349 vitam
1701 3293 1909 3348 finivit.

261 3390 422 3444 Idem
455 3395 694 3445 sanctus
723 3389 992 3445 Julianus
1039 3388 1181 3444 dum
1240 3392 1584 3442 sanctorum
1628 3382 1913 3454 reliquias

260 3479 650 3549 oscularetur,
683 3486 1012 3551 correptus,
1042 3478 1413 3546 vinctusque,
1439 3475 1502 3530 in
1524 3473 1826 3530 fornacem
1858 3476 1916 3527 et

261 3569 388 3640 ipse
423 3569 728 3624 immissus
759 3574 873 3631 est,
905 3568 1106 3639 ibique
1129 3566 1348 3640 gratias
1401 3579 1582 3637 agens
1613 3563 1752 3631 Deo,
1785 3559 1914 3617 ani—

261 3675 420 3712 mam
453 3659 715 3715 tradidit.
750 3659 998 3713 Sanctus
1024 3673 1160 3712 vero
1191 3653 1530 3710 Theodulus
1560 3669 1694 3708 cum
1727 3652 1916 3708 socio-

264 3764 395 3800 rum
429 3747 723 3802 desiderio
757 3747 1327 3818 lugeret,oraretque
1359 3745 1638 3810 Deum,ut
1655 3740 1917 3797 acerbis-

269 3836 478 3890 simam
539 3835 1013 3906 persecutionem
1047 3835 1108 3889 in
1143 3850 1341 3889 servos
1382 3847 1520 3887 suos
1560 3835 1918 3886 commotam

267 3922 1382 3994 sedaret,deprehensus,retentusque,
1399 3920 1660 3992 primum
1675 3918 1919 3989 quidem

268 4011 670 4068 acerbissimis
727 4003 1043 4066 tormentis
1102 4009 1515 4065 excruciatur:
1575 4005 1792 4062 deinde
1855 4005 1918 4060 in

269 4117 505 4156 crucem
539 4101 736 4156 nudus
767 4098 1179 4173 agitur,longis
1211 4097 1390 4152 clavis
1417 4095 1708 4152 ferreisin
1725 4093 1917 4150 mani-

271 4191 380 4246 bus
422 4190 791 4262 pedibusque
844 4189 1092 4246 conﬁxis
1126 4205 1138 4244 :
1174 4192 1352 4259 atque
1405 4187 1489 4242 ita
1541 4201 1676 4241 cum
1732 4182 1922 4240 multa

271 4282 592 4357 gratiarum
623 4283 854 4337 actione
888 4280 1164 4353 spiritum
1193 4277 1455 4334 tradidit.

911 4464 1133 4522 Eodem
1190 4461 1288 4518 die

269 4647 420 4703 105
457 4647 722 4703 Collectio
779 4652 830 4702 et
887 4643 1336 4700 commemoratio
1392 4639 1758 4710 reliquiarum
1780 4649 1926 4710 ,δαη-

341 4725 551 4773 ctorum
580 4723 889 4786 martyrum
921 4716 981 4770 in
1006 4715 1140 4770 urbe
1186 4709 1576 4783 Martyropoli,
1636 4715 1687 4764 et
1735 4709 1927 4764 Maru-

344 4789 450 4844 tha:
478 4787 743 4858 episcopi.

342 4877 641 4932 Maruthas
659 4875 1070 4931 sanctissimus
1086 4873 1403 4946 episcopus
1415 4887 1450 4926 a
1466 4868 1797 4926 Theodosio
1811 4882 1931 4922 ma-

271 4984 386 5041 gno
411 4969 820 5022 Romanorum
844 4965 1203 5035 imperatore
1233 4962 1306 5018 ad
1359 4975 1558 5033 regem
1609 4959 1928 5013 Persarum

1955 4587 2003 4654 D

2003 569 2342 642 ἀρνήσασθαι
2367 567 2460 622 τὸν
2506 567 2762 640 Χριστὸν,
2812 571 2893 639 τῷ
2945 564 3088 639 ἀθέῳ
3139 570 3524 643 προστάγματι
3553 575 3662 626 τῶν

1999 658 2300 731 τυράννων,
2332 657 2525 733 ἀχθεὶς
2584 655 2661 718 είς
2710 658 2800 711 τὸν
2836 655 3124 720 ὁρισθέντα
3180 656 3372 726 τόπον,
3405 660 3494 714 καὶ
3526 680 3661 736 προ-

2011 748 2364 820 σευξάμενος,
2395 744 2829 824 άπεκεφαλίσθη.

2570 865 2751 921 mum
2789 866 2877 942 τᾳ
2916 867 3112 943 Αγτᾳ.

2815 980 2884 1049 Ιξ

2005 1097 2273 1170 Ἀθλησις
2301 1101 2410 1154 τῶν
2445 1099 2632 1189 ἁγίων*
2669 1097 2958 1189 μαρτύρων
3019 1098 3298 1189 Παμςίου,
3332 1100 3667 1176 Οὐάλεντος,

2445 1169 2679 1242 καὶτῆς
2728 1169 2982 1236 συνοδίας
3037 1169 3240 1232 αὐτῶν.

2087 1294 2254 1352 Οὗτοι
2289 1296 2608 1371 Χριστιανοὶ
2668 1292 2820 1360 ὅντες
2879 1296 3254 1373 ἐκρατήθησαν
3301 1297 3352 1353 έν
3413 1302 3492 1372 τῷ
3520 1295 3667 1372 ἕκτῳ

2018 1377 2123 1437 ἔτει
2154 1387 2255 1437 τοῦ
2286 1383 2422 1439 κατᾶ
2480 1383 2875 1453 Διοκλητιανὸν
2931 1385 3024 1441 τὸν
3083 1387 3398 1461 παράνομον
3438 1387 3666 1461 βασιλέα

2021 1468 2294 1546 διωγμοῦ,
2335 1471 2393 1528 ἐκ
2425 1470 2700 1551 διαφόρων
2735 1474 3075 1550 ὑπάρχοντες
3135 1473 3374 1545 πόλεων,
3406 1475 3496 1530 καὶ
3544 1475 3667 1531 ἔπι-

2016 1559 2400 1634 τηδευμάτων,
2432 1562 2521 1617 καὶ
2550 1561 2896 1637 ἀξιωμάτων·
2933 1562 3308 1640 ἐκρατήθησαν
3351 1562 3410 1620 δὲ
3467 1564 3663 1626 οὕτως·

2019 1652 2300 1727 Ἤρχοντο
2357 1652 2494 1728 πρὸς
2546 1652 2902 1728 Καισάρειαν,
2968 1654 3059 1709 καὶ
3125 1653 3215 1709 ὅτε
3273 1651 3512 1728 ἔμελλον
3571 1655 3670 1718 τὰς

2020 1741 2198 1804 πύλας
2237 1749 2337 1808 τῆς
2395 1740 2613 1804 πόλεως
2663 1740 2948 1814 είσελθεῖν,
2980 1744 3349 1818 ἡρωτήθησαν
3383 1742 3531 1819 παρὰ
3555 1747 3664 1798 τῶν

2022 1830 2404 1909 φυλαττόντων
2459 1833 2554 1895 τάς
2608 1829 2809 1896 πύλας,
2869 1833 2953 1887 ὅτι
3002 1833 3161 1896 Τίνες
3203 1831 3339 1898 ἐστὲ,
3400 1833 3667 1888 καὶκατὰ

2020 1919 2177 1976 ποίαν
2211 1921 2401 1996 χρείαν
2436 1919 2716 1990 είσήλθετε
2748 1917 2856 1975 ὦδε
2887 1941 2902 1990 ;
2933 1922 3002 1978 Ol
3033 1919 3091 1976 δὲ
3143 1919 3432 1995 ψεύδεσθαι
3478 1923 3552 1995 μὴ
3587 1920 3664 1976 εἰ·

2018 2007 2192 2078 δότες,
2227 2009 2585 2084 Χριστιανοὺς
2637 2009 2861 2072 ἑαυτοὺς
2921 2010 3280 2078 ἀπεκάλεσαν,
3310 2013 3401 2067 καὶ
3431 2008 3668 2084 πατρίδα

2017 2099 2167 2155 εἶπον
2199 2101 2298 2169 τὴν
2330 2097 2441 2154 ἅνω
2499 2097 2646 2174 ἔχειν
2701 2097 3086 2175 Ἰερουσαλήμ.
3139 2100 3242 2157 Καὶ
3303 2100 3500 2164 εὐθέως
3561 2097 3659 2155 δε-

2020 2189 2334 2263 σμευθέντες
2419 2188 2664 2260 ἁλύσεσι,
2743 2185 3121 2265 παρεδόθησαν
3178 2189 3532 2266 Φιρμιλιανῷ
3587 2193 3667 2261 τῷ

2019 2277 2268 2350 ἄρχοντι.
2304 2278 2400 2332 Καὶ
2435 2278 2463 2331 6
2497 2278 2593 2350 μὶν
2661 2277 2821 2351 ἅγιος
2862 2277 3053 2340 Ἠλίας
3105 2277 3197 2333 σὺν
3257 2278 3494 2351 Ἱερεμίᾳ
3573 2277 3664 2333 καὶ

2015 2365 2343 2439 Ἠσα“ίᾳ,γαὶ
2377 2366 2666 2441 Σαμουὴλ,
2695 2368 2782 2422 καὶ
2827 2365 3056 2437 Δανιὴλ,
3110 2367 3244 2440 μετᾶ
3300 2367 3516 2430 πολλάς
3572 2370 3668 2432 τὰς

2015 2455 2311 2532 τιμωρίας,
2393 2457 2922 2534 ἀπεκεφαλίσθησανο
2999 2458 3028 2512 6
3087 2455 3144 2513 δὶ
3227 2459 3502 2536 Πάμφιος,
3574 2457 3664 2513 καὶ

2020 2543 2290 2608 Σέλευκος
2313 2546 2401 2601 καὶ
2431 2544 2680 2616 Οὐάλης,
2713 2545 2804 2601 καὶ
2838 2544 3051 2611 Παῦλος
3085 2547 3162 2612 είς
3190 2541 3439 2622 φυλακὴν
3454 2542 3666 2620 ἐμϐλη-

2019 2636 2198 2701 θέντες
2229 2640 2471 2710 πρῶτον,
2497 2633 2717 2710 ὕστερον
2749 2635 2838 2689 καὶ
2869 2635 3026 2691 αὐτοὶ
3056 2634 3590 2716 ἀπεκεφαλίσθησαν.

2583 2725 2667 2798 Τῇ
2723 2722 2860 2798 αὖτῇ
2908 2725 3095 2800 ἡμέρᾳ

2019 2811 2292 2885 Ἀθλησις
2321 2817 2430 2868 τῶν
2465 2814 2632 2890 ἁγίων
2667 2812 3303 2892 μαρτύρωνλιιορφυρίου
3330 2815 3658 2884 Ἰουλιανοῦ,

2622 2884 2713 2940 καὶ
2748 2884 3084 2944 ’Θεοδούλουξ

2092 2983 2196 3042 Καὶ
2227 2984 2380 3039 οὗτοι
2411 2982 2462 3038 οἱ
2496 2984 2638 3059 ἅγιοι
2670 2982 2729 3039 έκ
2777 2991 2879 3054 τῆς
2933 2983 3192 3054 τοιαύτης
3247 2986 3382 3054 ἦσαν
3415 2983 3667 3051 συνοδίας

2019 3078 2129 3129 τῶν
2163 3073 2332 3150 ἁγίων
2366 3072 2644 3149 Παμφίου,
2677 3074 2765 3128 καὶ
2803 3073 3137 3141 Οὐάλεντος,
3168 3075 3256 3130 καὶ
3289 3079 3397 3130 τῶν
3431 3073 3666 3131 λοιπῶν⁹

2024 3163 2114 3218 καὶ
2175 3165 2202 3219 6
2266 3163 2360 3236 μὶν
2424 3163 2580 3238 ἅγιος
2642 3162 2951 3240 Πορφύριος
3012 3161 3208 3226 δοῦλος
3255 3164 3518 3240 ὑπάρχων
3571 3169 3668 3220 τοῦ

2027 3253 2184 3329 ἁγίου
2217 3252 2494 3327 Παμφίου,
2547 3253 2637 3308 καὶ
2668 3250 2943 3323 ἐπιζητῶν
2973 3253 3035 3308 τὸ
3072 3252 3326 3328 λείψανον
3353 3258 3451 3308 τοῦ
3481 3254 3668 3330 κυρίου

2021 3340 2206 3410 αὐτοῦ,
2238 3346 2344 3397 ποῦ
2403 3340 2620 3419 έρῥίφη,
2675 3339 2767 3398 ’ίνα
2821 3341 2963 3416 θάψῃ
3012 3343 3168 3408 αὐτὸ,
3228 3343 3520 3418 ἐκρατήθη,
3579 3343 3668 3398 καὶ

2021 3431 2347 3511 ἀναφθείσης
2403 3446 2639 3505 καμίνου
2691 3429 2957 3508 μεγάλης,
3019 3427 3288 3503 ἐνεϐλήθη
3349 3431 3426 3493 είς
3475 3432 3668 3502 αὐτὴν,

2021 3523 2112 3579 καὶ
2169 3521 2536 3593 ἐτελεύτησεν.
2590 3522 2832 3594 Ὁμοίως
2900 3523 2990 3577 καὶ
3043 3523 3072 3579 6
3154 3523 3307 3597 ἅγιος
3371 3523 3671 3584 Ἰουλιανὸς

2023 3612 2337 3688 καταφιλῶν
2419 3611 2488 3666 τὰ
2545 3609 2774 3684 λείψανα
2837 3615 2947 3666 τῶν
3017 3610 3208 3688 ἁγίων,
3274 3611 3528 3682 ἐπιάσθη,
3581 3612 3673 3667 καὶ

2027 3699 2200 3764 δεθεὶς
2234 3695 2504 3772 ἐνεϐλήθη
2535 3700 2623 3755 καί
2647 3697 2810 3762 αὐτὸς
2867 3699 2942 3766 εἷς
2996 3701 3096 3769 τὴν
3146 3700 3403 3774 κάμινον⁸
3438 3702 3526 3756 καὶ
3585 3701 3673 3758 εύ-

2025 3790 2300 3866 χαριστῶν
2333 3793 2411 3861 τῷ
2441 3793 2580 3862 Θεῷ,
2613 3786 2895 3864 παρέδωκε
2920 3790 3020 3860 τὴν
3052 3792 3260 3866 ψυχήν.
3287 3793 3346 3850 Ὀ
3404 3788 3462 3846 δὶ
3519 3792 3676 3866 ἅγιος

2027 3877 2329 3941 Θεόδουλος
2361 3880 2578 3955 θρηνῶν
2597 3879 2697 3947 τὴν
2729 3879 2978 3954 στέρησιν
3031 3886 3132 3949 τῆς
3187 3877 3438 3942 συνοδίας
3486 3879 3672 3952 αὐτοῦ,

2025 3969 2113 4024 καὶ
2145 3968 2237 4022 τὸν
2270 3968 2402 4023 Θεὸν
2431 3963 2784 4044 παρακαλῶν,
2831 3968 2925 4023 ἳνα
2962 3967 3142 4043 παύσῃ
3201 3969 3229 4024 6
3288 3968 3484 4042 πικρὸς
3541 3966 3674 4024 διω-

2026 4057 2190 4135 γμὸς,
2223 4058 2251 4113 6
2280 4055 2416 4112 κατὰ
2442 4060 2550 4112 τῶν
2581 4054 2794 4112 δούλων
2843 4056 3008 4113 αὐτοῦ
3049 4057 3312 4128 κινηθεὶς,
3349 4055 3675 4134 διεγνώσθη.

2032 4147 2144 4205 Καὶ
2202 4145 2512 4221 κρατηθεὶς,
2569 4150 2791 4220 πρῶτον
2871 4147 2969 4221 μὶν
3027 4146 3349 4222 ἐτιμωρήθη
3410 4147 3676 4224 taxum-‘3‘.

2029 4235 2214 4292 ἔπειτα
2241 4235 2328 4291 ἐπὶ
2375 4238 2608 4310 σταυροῦ
2637 4236 2860 4310 γυμνὸς,
2910 4237 3258 4311 κρεμασθεῖς,
3311 4239 3401 4293 καὶ
3447 4242 3678 4312 μακροῖς

2033 4323 2282 4401 σιδηροῖς
2311 4323 2475 4395 ἥλοις
2502 4325 2694 4400 χεῖρας
2752 4326 2844 4380 καὶ
2900 4322 3073 4391 πόδας
3122 4325 3488 4398 καθηλωθεὶς,
3545 4328 3680 4402 μετᾶ

2033 4415 2256 4486 πολλῆς
2287 4414 2641 4492 εὐχαριστίας
2669 4412 2956 4491 παρέδωκε
2978 4417 3041 4472 τὸ
3073 4420 3310 4491 πνεῦμα.

2613 4537 2695 4608 Τῇ
2740 4532 2878 4608 αὐτῇ
2928 4535 2963 4604 ἡ
2975 4554 3112 4610 μερᾳ

2697 4625 2845 4696 νήμη
2904 4627 3012 4701 τῶν
3091 4624 3144 4680 ἐν
3216 4625 3678 4701 ΔΜαρτυροπόλει

2107 4693 2400 4774 λειψάνων,
2432 4702 2540 4753 τῶν
2569 4693 2737 4773 άγίων
2770 4693 3086 4771 μαρτύρων,
3143 4697 3231 4752 καὶ
3293 4693 3553 4774 Μαρουθᾶ
3584 4703 3680 4754 τοῦ

2105 4767 2430 4826 ἐπισκόπου.

2111 4861 2405 4936 Μαρουθᾶς
2460 4859 2489 4913 6
2538 4857 2844 4932 άγιώτατος
2905 4856 3204 4920 ἐπίσκοπος
3253 4856 3348 4928 ὤν,
3403 4859 3682 4930 ἀπεστάλη

2039 4949 2186 5027 παρὰ
2239 4953 2338 5006 τοῦ
2402 4945 2646 5023 μεγάλου
2725 4944 3019 5002 Θεοδοσίου
3077 4945 3348 5024 βασιλέως
3400 4949 3688 5023 Ῥωμαίων

2035 4626 2393 4698 Συνάθροισις
2473 4625 2563 4680 καὶ

273 5034 524 5129 legatus,
562 5060 621 5111 et
642 5034 1062 5127 apocrisiarius
1074 5052 1313 5118 missus,
1337 5048 1664 5105 honoriﬁce
1683 5064 1717 5103 a
1734 5045 1916 5102 Persi:

2041 5034 2397 5117 πρεσϐευτὴς,
2472 5037 2559 5092 καὶ
2621 5036 3011 5112 άποκρισάριος
3066 5038 3202 5113 πρὸς
3284 5039 3376 5094 τὸν
3461 5039 3693 5116 βασιλέα

274 5148 350 5204 ob
385 5161 726 5217 eam,quam
759 5143 833 5200 de
859 5142 1021 5198 illius
1043 5143 1256 5197 virtute
1278 5138 1600 5205 habebant,
1629 5135 1929 5192 existima-

275 5238 502 5292 tionem
540 5240 822 5306 exceptus
876 5237 1003 5300 est;
1035 5230 1365 5303 praasertim
1402 5244 1537 5282 vero
1570 5225 1730 5298 quod
1777 5223 1934 5298 regis

277 5326 468 5382 filiam
520 5342 554 5382 a
609 5323 879 5378 daemone
927 5336 1274 5393 oppressam
1321 5316 1598 5390 precibus
1646 5317 1932 5371 curasset.

279 5419 550 5486 Cumque
573 5414 661 5468 illi
686 5413 988 5484 ingentem
1018 5414 1147 5465 auri
1181 5423 1473 5463 summam
1507 5407 1938 5461 oti'errent.non

276 5507 444 5564 aliud
475 5507 728 5561 Sanctus
761 5501 1160 5575 petiit,quam,
1201 5505 1268 5554 ut
1289 5497 1572 5569 reliquias
1587 5501 1937 5567 martyrum,

2042 5134 2283 5206 Περσῶν.
2344 5128 2444 5184 Διά
2503 5124 2561 5183 δὲ
2606 5128 2706 5195 τὴν
2758 5127 2953 5203 ἀρετὴν
2984 5128 3148 5184 αὐτοῦ
3207 5128 3470 5203 ἐτίμησαν
3529 5131 3690 5187 αὐτὸν

2047 5221 2100 5276 οἱ
2155 5221 2381 5294 Πέρσαι,
2437 5216 2526 5272 καὶ
2590 5213 2933 5288 ὑπεδέξαντο,
2990 5219 3080 5273 καὶ
3143 5219 3403 5292 μάλιστά,
3448 5221 3534 5276 δτι
3591 5223 3692 5292 τὴν

2045 5312 2142 5365 τοῦ
2177 5305 2446 5384 βασιλέως
2479 5306 2743 5380 θυγατέρα
2777 5302 3011 5378 δαίμονα
3062 5303 3316 5383 ἔχουσαν,
3342 5307 3430 5364 διὰ
3460 5329 3696 5382 προσευο

2049 5405 2158 5474 χῆς
2215 5396 2554 5472 ἱθεράπευσεσ
2615 5395 2706 5450 καὶ
2765 5392 2993 5450 πολλῶν
3055 5399 3361 5471 χρημάτων
3391 5395 3699 5471 διδομένων

2052 5488 2222 5560 αὐτῷ,
2277 5485 2437 5547 αὐτὸς
2467 5481 2608 5539 ἄλλο
2667 5479 2821 5538 οὐδὲν
2879 5481 3144 5559 ᾐτήσατο,
3179 5485 3223 5542 εἰ
3281 5489 3356 5561 μὴ
3392 5483 3582 5544 λαϐεῖν
3634 5489 3702 5544 τά

282 5598 383 5670 qui
414 5597 474 5653 in
507 5570 952 5665 Perside-passi
978 5570 1240 5656 Iuerant,
1272 5587 1528 5654 tolleret,
1565 5590 1623 5642 et
1656 5585 1719 5640 in
1751 5599 1916 5639 unun

2050 5575 2279 5652 λείψανα
2303 5578 2409 5631 τῶν
2444 5574 2494 5629 έν
2521 5576 2590 5649 τῇ
2623 5570 2847 5670 Περσίδι
2879 5573 3194 5649 μαρτύρων,
3253 5577 3344 5632 καὶ
3395 5579 3565 5634 θεῖναι
3625 5577 3704 5641 εἷς

277 5660 480 5749 locum
510 5660 1165 5760 colligeretAnnuente
1194 5686 1510 5739 Persarum
1540 5693 1699 5751 rege,
1729 5675 1916 5734 urben

2049 5664 2142 5724 Eva
2190 5665 2380 5723 τόπον.
2444 5662 2549 5723 Καὶ
2631 5660 2906 5720 ἐπένευσεν
2957 5663 2988 5718 6
3035 5666 3267 5742 Πέρσης.
3325 5667 3466 5724 Τότε
3525 5663 3704 5724 ἔκτισε
