4072 6194
330 321 455 383 317

1771 318 2305 386 FEBRUARIUS.

3629 335 3748 395 318

324 451 498 508 πόλιν
527 452 611 507 ἐπ’
642 452 868 525 ἀνόματι
899 455 1010 505 τῶν
1056 448 1368 524 μαρτύρων,
1400 438 1509 504 καί
1545 448 1822 523 ὠνόμασεν
1884 448 1963 504 αὖ·

2093 455 2322 513 nomini
2354 466 2680 534 martyrum
2705 466 3747 538 exstructam,Martyropolimappel-

322 548 432 614 τήν
465 543 922 620 Μαρτυρὸπολιν,
952 543 1072 612 ἥτις
1124 547 1217 595 νῦν
1276 540 1492 615 λέγεται
1534 548 1843 619 Μεφερκῆς·
1891 541 1981 596 καὶ

327 633 563 689 ἀπέθετο
620 634 673 688 ἐν
738 632 879 703 αὐτῆ
935 632 1001 687 τὰ
1056 629 1283 705 λείψανα
1306 635 1415 685 τῶν
1444 630 1612 705 ἆγίων
1672 631 1981 706 μαρτύρων.

327 721 567 797 Χρόνοις
614 720 672 777 δὲ
726 722 948 797 ὕστερον
1007 719 1100 775 καὶ
1165 720 1326 782 αὐτὸς
1388 720 1416 775 6
1466 721 1621 795 ἅγιος
1670 724 1981 795 Μαρουθᾶς,

327 814 681 888 συγχωρήσει
755 814 911 879 Θεοῦ,
965 811 1219 881 νοσήσας,
1293 806 1576 884 παρίδωκε
1629 810 1693 863 τὸ
1770 812 1984 881 πνεῦμα

322 904 445 957 κατ’
477 901 646 971 αὐτὴν
695 902 797 969 τὴν
827 900 1061 973 ἡμέραν,
1095 899 1215 963 καθ’
1270 896 1340 967 ἤν
1392 898 1494 967 τὴν
1538 902 1647 953 τῶν
1705 895 1978 971 λειψάνων

322 993 672 1057 συνάθροισιν
703 990 1023 1059 ἐποιήσατο·
1054 988 1168 1061 μεθ’
1198 986 1273 1042 ὧν
1304 987 1394 1042 καὶ
1421 985 1679 1057 κατιτὲοη
1709 985 1775 1041 τὸ
1793 985 1977 1059 τίμιον

320 1081 494 1135 αὐτοῦ
518 1079 803 1153 λεεψανον.

888 1198 1065 1253 ΜΗΝΙ
1100 1196 1191 1252 ΤΩ
1216 1196 1412 1252 ΑΥΤΩ.

1102 1285 1181 1340 IZ'

317 1385 595 1451 Ἀθλησις
631 1389 728 1440 τοῦ
778 1384 938 1461 ἁγίου
997 1381 1487 1478 μεγαλομάρτυρος
1544 1378 1829 1458 Θεοδώρου
1879 1384 1975 1436 τοῦ

1018 1476 1283 1527 τυρωνος.

388 1548 452 1604 Ὀ
478 1549 629 1621 ἅγιος
665 1544 1083 1623 μεγαλομάρτυς
1114 1542 1395 1618 Θεόδωρος
1429 1543 1457 1599 ὀ
1501 1543 1701 1619 τύρων,
1759 1544 1827 1613 ἦν
1884 1542 1973 1598 ἐπὶ

310 1644 415 1705 τῆς
467 1634 752 1711 βασιλείας
813 1636 1162 1708 Μαξιμιανοῦ
1216 1633 1307 1689 καὶ
1368 1633 1673 1706 Μαξιμίνου
1719 1636 1827 1687 τῶν
1881 1653 1971 1686 πι-

310 1731 462 1799 κρῶν
491 1724 767 1795 διωκτῶν,
824 1724 1019 1779 νεωστί
1077 1725 1417 1799 πρατευθεὶς
1448 1722 1523 1784 εἰς
1576 1724 1639 1778 τὸ
1677 1724 1877 1798 τάγμα,
1907 1722 1970 1777 τὸ

312 1813 621 1889 λεγόμενον
680 1816 1005 1889 Τυρωνᾶτον
1017 1857 1031 1882 ,
1098 1814 1187 1868 καὶ

316 1905 696 1976 πραιποσίτῳ.
757 1904 1046 1977 ’Υπαρχων
1108 1900 1164 1957 δὲ
1222 1902 1327 1957 ἀπὸ
1383 1908 1483 1971 τῆς
1544 1902 1749 1977 ἐνορίας
1798 1904 1974 1973 Ἀμα-

312 1993 488 2059 σείας,
520 1995 615 2048 καὶ
674 1991 886 2047 ἀκούων
946 1990 1195 2056 πολλοὺς
1255 1992 1707 2068 βασανιζομένους
1738 1989 1826 2046 διὰ
1879 1991 1973 2045 τὸν

313 2086 575 2161 Χριστὸν,
610 2085 878 2155 ἐζήλωσε,
909 2084 998 2138 καὶ
1032 2082 1197 2154 ἤθελε
1236 2086 1326 2139 καὶ
1380 2083 1541 2146 αὐτὸς
1604 2090 1967 2159 μαρτυρῆσαι.

315 2173 732 2247 Ἀπελθόμενος
791 2172 848 2229 δὲ
905 2174 1043 2250 πρὸς
1105 2174 1198 2228 τὸν
1258 2173 1495 2250 Κρίγγαν
1525 2172 1599 2235 εἷς
1652 2170 1969 2246 Ἀμᾶσειαν,

311 2266 531 2337 μαθὼν,
580 2265 665 2319 ’ὁτι
725 2261 937 2335 δράκων
994 2268 1356 2337 παμμεγέθης
1417 2262 1529 2318 ἐστὶ
1569 2260 1807 2333 πλησίον
1865 2261 1969 2317 Εὖ-

320 2354 562 2431 χαΐτων,
586 2353 874 2430 ἐλογίσατο
906 2355 1024 2408 καθ’
1053 2354 1264 2423 ἑαυτὸν,
1298 2354 1373 2415 ὡς
1433 2352 1496 2410 Εἰ
1553 2353 1644 2407 τὸν
1704 2349 1969 2427 δράκοντα

306 2442 584 2522 φονεύσω,
644 2441 843 2517 λέγων,
893 2444 1098 2512 νικήσω
1155 2441 1247 2497 καὶ
1300 2443 1392 2496 τὸν
1453 2435 1736 2497 διάϐολον.
1794 2440 1967 2516 Ὅπερ

306 2533 401 2589 καὶ
461 2532 710 2603 ἐποίησε.
767 2532 868 2588 Καὶ
926 2529 1180 2586 ἀπελθὼν
1239 2530 1315 2593 είς
1370 2530 1687 2604 ’Λμάσειαν,
1734 2530 1968 2585 ἐνώπιον

303 2627 405 2679 τοῦ
440 2621 650 2698 Κρίγγα
709 2619 1042 2695 ὡμολόγησε
1096 2620 1189 2675 τὸν
1250 2620 1505 2696 Χριστόν.
1537 2620 1599 2677 Ὀ
1648 2617 1706 2674 δὲ
1764 2619 1967 2675 ἐκπλα-

299 2714 444 2789 γεὶς,
478 2710 680 2765 ἔδωκεν
708 2709 856 2782 αὖτῷ
909 2709 1099 2785 καιρὸν
1125 2712 1223 2765 τοῦ
1273 2708 1589 2783 σκέψασθαι.
1621 2709 1683 2766 Ὀ
1725 2706 1782 2763 δὶ
1810 2710 1970 2784 ἄγίος

312 2800 406 2857 διὰ
435 2808 538 2871 τῆς
572 2802 764 2864 νυκτὸς
793 2800 1055 2875 ἐνέπρησε
1108 2801 1201 2855 τὸν
1257 2800 1383 2855 ναὸν
1429 2804 1539 2855 τῶν
1570 2796 1841 2854 εἷδωλων’
1874 2800 1967 2854 καὶ

311 2890 591 2967 ὀργισθεὶς
625 2891 652 2944 6
683 2889 921 2965 Κρίγγας
962 2886 1304 2944 κατεδίκασεν
1365 2889 1527 2944 αὐτὸν
1558 2888 1690 2964 πυρὶ
1746 2895 1965 2959 καῆναι,

305 2981 355 3052 ᾦ
388 2980 599 3043 ἐκεῖνος
627 2973 819 3033 ἔκαυσε
874 2979 965 3034 τὸν
1015 2978 1167 3037 ναόν.
1204 2974 1540 3052 Ἐμϐληθεὶς
1567 2975 1660 3033 οὖν
1689 2976 1765 3040 εἰς
1793 2982 1965 3051 καμι-

304 3090 428 3139 νον,
459 3068 786 3142 ἠγωνίζετο.
820 3066 922 3124 Καὶ
981 3065 1113 3122 ἱδὼν
1173 3067 1264 3122 τὸν
1327 3065 1619 3124 Κλεόνικον
1671 3067 1765 3122 τὸν
1826 3064 1963 3122 ἴδιον

305 3158 480 3213 αὐτοῦ
511 3156 747 3227 πλησίον
777 3156 1002 3227 ἑστῶτα,
1037 3157 1175 3212 εἷπε*
1230 3155 1514 3227 Κλεόνικε,
1574 3153 1852 3232 περιμένω
1884 3176 1963 3211 σε·

306 3248 401 3302 καὶ
434 3247 611 3310 οὕτως
644 3245 961 3318 ἐτελειώθη.

921 3366 1003 3438 Τῇ
1024 3363 1159 3438 αὖτῇ
1180 3365 1364 3442 ἡμέρᾳ

380 3455 595 3527 Μνήμη
627 3460 727 3525 τῆς
768 3453 927 3531 ἁγίας
960 3453 1286 3531 Μαριάμν-ης
1318 3450 1562 3531 ἀδελφῆς
1593 3456 1691 3509 τοῦ
1737 3451 1892 3530 ἁγίου

768 3475 817 3508 α·
844 3475 927 3515 ιας
960 3475 1286 3529 Μαριαμνης
1318 3475 1530 3531 αοεΑφη

741 3475 1026 3582 Φιλίππου
1057 3530 1154 3580 τοῦ
1202 3525 1535 3582 ἀποστόλου.

384 3644 537 3702 Μετά
564 3647 664 3714 τήν
694 3642 969 3716 ἀνάληψιν
1010 3647 1109 3699 τοῦ
1163 3646 1420 3716 Χριστοῦ,
1464 3642 1900 3717 παραγενόμενος
1934 3642 1962 3696 6

312 3737 472 3810 ἅγιος
506 3735 805 3801 Φίλιππος,
842 3735 977 3808 μετά
1032 3738 1131 3789 τοῦ
1184 3733 1342 3810 ἁγίου
1403 3732 1841 3807 Βαρθολομαίου,
1871 3731 1961 3785 καὶ

314 3825 652 3899 Μαριάμνης
680 3829 779 3893 τῆς
814 3824 1041 3898 γνησίας
1073 3821 1240 3877 αὐτοῦ
1297 3819 1539 3899 ἀδελφῆς
1594 3820 1669 3883 εἰς
1715 3821 1961 3893 Ἱεράπο-

308 3910 427 3981 λιν,
456 3912 546 3967 καί
580 3908 671 3966 διὰ
695 3913 758 3966 τὸ
788 3914 1015 3987 κηρῦξαι
1047 3911 1138 3965 τὸν
1172 3910 1335 3988 λόγον
1393 3916 1490 3966 τοῦ
1543 3912 1801 3988 Χριστοῦ,
1835 3931 1961 3986 κρε-

310 4001 539 4075 μσθεῖς
572 4001 663 4056 καὶ
693 4000 1024 4072 τελειωθεὶς,
1066 3999 1263 4072 ηὔξατο
1317 4000 1453 4076 πρὸς
1509 4000 1601 4055 τὸν
1661 4002 1812 4069 Θεὸν,
1868 4000 1958 4054 καὶ

302 4091 890 4161 κττεχώσθησαν,τῆς
929 4097 1030 4166 γῆς
1087 4089 1413 4166 χαινούση),
1470 4091 1559 4145 καὶ
1622 4086 1958 4164 ὑποδεξαμέ-

304 4207 411 4254 νης
443 4183 665 4252 αὐτοὺς,
694 4183 785 4239 τὸν
804 4183 1126 4257 ἀνθύπατον,
1161 4185 1247 4242 καί
1305 4188 1398 4244 τὸν
1461 4190 1550 4245 ὑπ’
1605 4190 1765 4247 αὐτὸν
1801 4192 1954 4249 λαόν.

305 4278 377 4333 Οἱ
410 4275 470 4331 δὲ
494 4276 682 4331 λοιποὶ
724 4271 1052 4352 φοϐηθέντες
1080 4279 1454 4354 παρεκάλεσαν
1503 4282 1593 4337 τὸν
1627 4284 1782 4361 ἃγιον
1817 4287 1956 4363 Βαρ-

300 4365 630 4439 θολομαῖον,
664 4365 753 4422 καὶ
803 4370 905 4436 τήν
958 4367 1111 4443 ἁγίαν
1172 4371 1522 4446 Μαριάμνην,
1578 4379 1958 4450 κρεμαμένους

296 4456 389 4511 καὶ
422 4454 618 4517 αὐτοὺς
649 4451 823 4522 ὄντας,
852 4455 941 4510 ἳνα
974 4458 1052 4529 μή
1111 4459 1197 4513 καὶ
1258 4458 1412 4517 αὐτοὶ
1460 4466 1953 4538 καταποντισθῶσι,

2104 541 2267 613 lavit,
2284 565 2417 618 quea
2440 568 2599 608 nunc
2622 556 2936 626 Mepherke
2963 556 3199 621 dicitur,
3232 557 3293 610 in
3317 573 3494 626 quam
3514 563 3746 611 sancto-

2101 650 2234 691 rum
2266 646 2596 711 martyrum
2620 645 2903 716 reliquias
2921 645 3328 701 intulit.Multo
3353 645 3594 700 demum
3621 653 3754 717 post

2099 726 2366 797 tempore
2421 736 2479 784 et
2529 733 2657 804 ipse
2713 740 2951 789 sanctus
2982 735 3299 798 Maruthas,
3332 735 3449 789 Deo
3489 736 3742 803 volente,

2096 815 2304 870 morbo
2325 827 2729 891 correptus,eo
2752 824 2880 895 ipso
2909 823 3004 879 die
3036 823 3310 894 Spiritum
3331 824 3594 889 tradidit,
3628 841 3744 894 quo

2095 910 2435 962 sanctorum
2467 910 2753 982 reliquias
2783 913 2845 967 in
2894 928 3028 968 eum
3088 913 3283 967 locum
3343 919 3738 983 congesserat,

2092 1007 2227 1047 cum
2258 995 2477 1065 quibus
2508 1003 2567 1054 et
2612 1002 2887 1071 pretiosae
2932 1002 3118 1073 ipsius
3157 1001 3425 1072 reliquias
3456 1001 3738 1073 depositas

2089 1078 2350 1140 fuerunt.

2621 1179 2860 1234 EODEM
2885 1181 3129 1235 EENSE.

2584 1268 2688 1323 Die
2718 1268 2949 1325 decima
2969 1270 3222 1341 septima

2159 1442 2313 1500 100
2334 1445 2620 1503 Certamen
2676 1453 2853 1531 sancti
2911 1452 3100 1531 magni
3148 1450 3409 1519 martyris
3469 1445 3734 1501 Theodori

2790 1529 3024 1591 tyronis.

2156 1602 2405 1661 Sanctus
2438 1624 2687 1680 magnus
2733 1618 2960 1682 martyr
2988 1610 3329 1665 Theodorus
3381 1616 3529 1680 tyro,
3564 1607 3735 1662 Maxi-

2084 1692 2285 1747 miano
2315 1700 2373 1749 et
2429 1698 2745 1753 Maximino
2802 1700 3203 1756 acerbissimis
3261 1700 3732 1755 Christianorum

1249 1812 1422 1868 τελῶν
1485 1813 1587 1867 ὑπό
1634 1788 1871 1888 κρῆ,
1895 1816 1974 1884 τῷ
2006 1823 2052 1887 Β
2085 1788 2588 1888 persecutoribus,
2641 1790 2989 1845 adolescens
3035 1791 3311 1888 militavit
3340 1790 3401 1844 in
3432 1806 3521 1856 ea,
3555 1804 3733 1888 quam

2081 1874 2377 1943 Tyronum
2428 1876 2654 1943 dicunt,
2705 1879 2958 1951 legione,
3020 1880 3324 1951 professus
3376 1885 3581 1949 postea
3622 1876 3730 1931 sub

2077 1960 2294 2034 Cringa
2332 1965 2671 2036 praaposito.
2704 1968 2847 2022 Cum
2898 1975 3096 2023 autem
3128 1970 3190 2022 in
3220 1972 3485 2023 Amaseae
3510 1969 3730 2024 ﬁnibus

2078 2056 2252 2115 esset,
2287 2052 2635 2125 audiretque
2664 2056 2884 2111 multos
2916 2074 3020 2127 pro
3054 2058 3284 2112 Christo
3317 2058 3458 2128 pati,
3492 2058 3613 2111 zelo
3638 2058 3733 2111 in-

2075 2154 2314 2202 census,
2348 2142 2533 2197 voluit
2563 2150 2620 2198 et
2643 2145 2769 2215 ipse
2800 2147 3153 2216 martyrium
3178 2147 3401 2203 subire.
3436 2146 3523 2201 Ad
3559 2147 3725 2201 Crine

2074 2243 2204 2300 gam
2236 2229 2438 2301 itaque
2471 2234 2784 2288 Amaseam
2818 2236 3137 2306 profectus,
3173 2252 3306 2290 cum
3364 2236 3737 2307 cognovisset

2075 2316 2395 2376 draconem
2427 2330 2789 2394 portentosas
2821 2326 3250 2398 magnitudinis
3272 2342 3400 2381 esse
3424 2325 3581 2397 apud
3611 2327 3731 2381 Eu-

2076 2405 2535 2472 chaitas,secum
2558 2411 2950 2481 reputabat,si
2976 2412 3295 2468 draconem
3316 2414 3732 2479 interfecisset,

2080 2494 2325 2550 omnino
2360 2511 2420 2550 se
2453 2503 2879 2567 superaturum
2912 2500 3090 2554 etiam
3123 2499 3456 2554 diabolum:
3484 2499 3643 2571 quod
3674 2505 3734 2553 et

2079 2585 2692 2659 prmstititlngressus
2705 2596 2904 2645 autem
2928 2592 3539 2664 Amaseam,Cringam
3563 2591 3729 2656 adiit,

2080 2671 2514 2747 Christumque
2578 2678 2906 2748 professus,
2968 2680 3172 2752 ﬂagris
3229 2679 3727 2736 ca-diturDeinde

2072 2767 2340 2836 tempore
2371 2765 2447 2822 ad
2498 2766 2955 2825 deliberandum
2985 2770 3037 2826 ei
3086 2771 3244 2834 dato,
3274 2778 3513 2828 sanctus
3544 2777 3724 2826 noctu

2072 2851 2379 2911 idolorum
2422 2855 2625 2912 fanum
2657 2858 2943 2915 incendit.
2977 2861 3167 2925 Quare
3199 2862 3541 2934 indignatus
3571 2861 3733 2915 Crin-

2071 2945 2582 3014 gas,Theodorum
2616 2947 2875 3005 ﬂammis
2901 2948 3507 3023 adjudicavit,quibus
3522 2952 3726 3007 fanum

2071 3033 2575 3092 combusserat.ln
2608 3039 2912 3097 fornacem
2938 3042 3136 3113 itaque
3159 3044 3437 3115 injectus,
3470 3060 3721 3117 agonem

2073 3138 2246 3178 suum
2277 3125 2674 3182 conﬁciebat:
2708 3135 2767 3184 et
2812 3130 3016 3186 videns
3072 3132 3415 3189 Cleonicum
3467 3134 3725 3188 amicum

1994 3203 2039 3269 C
2074 3227 2247 3268 suum
2277 3230 2460 3286 pr0pe
2483 3222 2799 3287 astantem,
2832 3220 2917 3275 ait
2948 3238 2960 3276 :
2993 3221 3289 3287 Cleonice,
3323 3228 3379 3277 te
3402 3229 3676 3297 ex_specto
3706 3239 3718 3275 :

2071 3305 2248 3371 atque
2273 3302 2354 3358 ita
2384 3312 2775 3377 consumptus
2806 3314 2915 3364 est.

2728 3414 2949 3470 Eodem
2982 3415 3076 3471 die

2069 3498 2217 3552 197
2295 3500 2750 3557 Commemoratio
2826 3512 3027 3559 sanctae
3112 3508 3437 3563 Mariamna:
3516 3511 3720 3564 sororis

2512 3577 2692 3628 sancti
2726 3575 2979 3647 Philippi
3008 3579 3269 3646 apostoli.

2140 3675 2281 3729 Post
2299 3675 2514 3732 Christi
2546 3680 2960 3736 ascensionem
2994 3689 3235 3739 sanctus
3267 3685 3578 3758 Philippus
3601 3703 3720 3742 una

2068 3780 2201 3819 cum
2235 3772 2438 3821 sancto
2472 3769 2993 3837 Bartholommo,et
3021 3775 3343 3831 Mariamna
3376 3794 3575 3832 sorore
3609 3795 3718 3833 sua

2066 3868 2369 3924 germana,
2405 3858 2765 3931 Hierapolim
2798 3861 2957 3916 venit
2990 3881 3002 3917 :
3036 3864 3234 3937 ibique
3291 3874 3532 3939 propter
3577 3869 3713 3923 ﬁdei

2064 3943 2552 4014 prasdicationem
2585 3965 2934 4021 suspensus,
2973 3953 3247 4023 decessit,
3299 3958 3627 4029 oravitque,
3661 3966 3719 4014 et

2065 4039 2271 4103 aperta
2301 4041 2459 4093 terra
2487 4038 2802 4111 absorptus
2831 4046 2921 4095 est
2942 4045 3414 4113 proconsulcum
3449 4047 3713 4117 subjecto

2065 4121 2177 4177 sibi
2209 4126 2449 4196 populo.
2482 4128 2626 4184 Tum
2655 4134 3019 4186 consternati
3051 4135 3247 4189 caeteri
3293 4153 3497 4207 rogare
3521 4155 3715 4207 caepe-

2062 4218 2204 4267 runt
2231 4222 2504 4271 sanctum
2554 4218 3073 4289 Bartholomaeum,
3105 4231 3163 4278 et
3219 4234 3483 4280 sanctam
3509 4228 3713 4281 Maria-

2061 4317 2286 4369 mnam,
2316 4306 2418 4376 qui
2449 4312 2507 4361 et
2540 4307 2653 4379 ipsi
2688 4310 3048 4380 pendebant,
3083 4329 3157 4367 ne
3217 4330 3336 4369 una
3394 4333 3527 4369 cum
3576 4316 3711 4370 aliis

2062 4390 2549 4466 demergerentur
2580 4414 2593 4452 :
2626 4414 2878 4467 quorum
2912 4401 3185 4471 precibus
3242 4410 3437 4459 motus
3470 4412 3711 4460 sanctus

2060 4481 2389 4555 Philippus,
2414 4501 2534 4541 non
2564 4487 2741 4542 modo
2773 4505 2874 4544 eos
2913 4490 3242 4547 incolumes
3275 4495 3546 4563 servavit,
3606 4496 3709 4552 sed

297 4546 391 4601 καὶ
426 4543 781 4613 ἐδυσώπησαν
830 4544 985 4601 αὐτοὶ
1032 4547 1123 4602 τὸν
1175 4550 1325 4623 ἅγιον
1384 4550 1687 4625 Φίλιππον,
1746 4558 1838 4612 καὶ
1889 4559 1951 4615 οὐ

378 4656 389 4657 κ
444 4636 501 4657 7!
606 4656 611 4657 γ
722 4634 903 4657 η’κΑΙν
950 4635 1119 4657 ,ΔΧῚκ
1257 4639 1271 4657 \
1394 4640 1405 4657 \
1884 4648 1893 4657 ι

2220 4543 2278 4555 ,.
2378 4543 2388 4549 .
2787 4543 2826 4544 η
2961 4543 3240 4547 --η-η---
3275 4543 3546 4563 --_._.--,
3606 4543 3707 4552 νη

2088 4570 2201 4627 llos
2236 4573 2592 4647 etiam,quos
2623 4582 2781 4633 terra
2809 4579 3109 4649 hauserat,
3141 4582 3564 4643 eduxit.solum
3580 4604 3707 4657 pro-

296 4636 681 4690 κατεπόντισεν
712 4634 1128 4697 αὐτούς.²Αλλά
1184 4639 1273 4694 καὶ
1326 4640 1453 4706 τοὺς
1507 4648 1954 4711 κατιποντισθὲν-

291 4745 388 4788 τας
446 4725 694 4802 ἐξήγαγε·
756 4725 848 4781 τὸν
905 4722 963 4780 δὲ
1049 4727 1374 4801 ἀνθ·3πατον,
1433 4732 1524 4787 καὶ
1580 4736 1681 4806 τήν
1735 4731 1956 4813 ἔχιδναν

297 4815 475 4892 ἀφῆκε
505 4817 673 4870 κάτω·
734 4814 857 4871 τότε
911 4814 1254 4875 ἀπελύθησαν
1305 4821 1333 4876 6
1396 4823 1813 4900 Βαρθολομαῖος
1862 4813 1957 4885 κιιιἰ

290 4905 327 4973 ἠ
354 4904 677 4978 Μαριάμνη.
712 4902 810 4958 Καὶ
842 4904 870 4959 6
901 4904 1322 4979 Βαρθολομαῖος
1351 4909 1606 4977 ἀπελθὼν
1639 4915 1716 4978 εἰς
1753 4911 1947 4974 Ἰνδίαν

290 4995 390 5063 τήν
424 4990 759 5082 Εὐδαίμονα,
794 4994 1123 5082 σταυρωθεὶς
1182 4994 1510 5059 τελειοῦται.
1573 5003 1639 5061 Ἡ
1700 5000 1759 5060 δὲ
1816 5007 1943 5082 ἁγία

291 5083 592 5157 Μαριάμνη
624 5081 938 5137 ἀπελθοῦσα
970 5081 1048 5146 εἷς
1079 5086 1403 5160 Λυκαονίαν,
1458 5090 1549 5147 καὶ
1606 5081 1949 5168 κηρύττουσα

284 5174 377 5228 τὸν
408 5172 670 5247 Χριστὸν,
703 5169 755 5226 ἐν
790 5170 983 5248 εἰρήνῃ
1015 5171 1301 5235 ἀπέθανεν.

862 5282 947 5353 τῇ
1006 5279 1144 5349 αὐτῆ
1185 5284 1368 5358 ἡμέρᾳ

280 5374 484 5445 Μνήμη
519 5375 618 5426 τοῦ
649 5370 701 5425 ἐν
737 5370 915 5450 ἁγίοις
950 5374 1159 5450 [Ἰατρὸς
1190 5376 1351 5450 ἡμῶν
1404 5374 1665 5450 Αὐξιϐίου
1713 5381 1940 5442 ἐπισχό-

714 5444 820 5497 nos
848 5449 948 5511 τῆς
978 5444 1195 5508 πόλεως
1237 5444 1505 5523 ⁷Κύπρου.

353 5535 528 5595 Οᾲτος
558 5530 772 5606 ἐγένετο
803 5532 911 5587 ἀπὸ
968 5540 1069 5603 τῆς
1121 5533 1359 5600 παλαιᾶς
1415 5540 1656 5617 Ῥώμης,
1692 5550 1770 5612 εἷς
1825 5555 1934 5613 τῶν

288 5623 599 5695 Ἑλλήνων.
682 5620 1092 5695 ’Λκολουθήσσις
1174 5624 1232 5682 δὶ
1306 5632 1388 5703 τῷ
1446 5632 1585 5709 ἁγίῳ
1642 5637 1934 5719 ἀποστόλῳ

2071 4662 2403 4731 consulem,
2436 4672 2496 4719 et
2545 4665 2805 4737 viperam
2828 4669 2935 4724 sub
2969 4676 3125 4727 terra
3154 4674 3521 4745 relinquens.
3554 4678 3715 4732 Tunc

2071 4750 2247 4806 soluti
2276 4760 2416 4808 sunt
2446 4755 2997 4825 Bartholomaaus,et
3016 4761 3340 4819 Mariamna
3364 4782 3377 4818 :
3397 4773 3456 4820 et
3476 4768 3716 4822 Bartho-

2068 4837 2318 4896 lomaaus
2344 4842 2586 4913 quidem
2617 4845 2680 4899 in
2712 4846 2943 4902 Indiam
2975 4849 3229 4905 Felicem
3253 4853 3571 4923 profectus
3596 4855 3709 4910 ibi-

2066 4942 2181 4996 que
2211 4930 2371 4984 cruci
2398 4930 2633 5000 afﬁxus,
2653 4933 2945 5003 decessit;
2989 4944 3193 4995 sancta
3221 4958 3356 4996 vero
3388 4944 3713 5000 Mariamna

2064 5014 2415 5106 Lycaoniam
2444 5023 3101 5098 petens,Christumque
3123 5031 3540 5101 pradicansdn
3562 5052 3707 5106 pace

2060 5105 2357 5164 occubuit.

2696 5319 2918 5377 Eodem
2969 5321 3065 5380 die

2052 5401 2205 5458 I98
2250 5404 2704 5463 Commemoratz’o
2762 5412 2948 5466 sancti
3001 5416 3186 5471 Patris
3240 5422 3423 5473 nostri
3475 5421 3705 5479 [ιιι-ιτίὸἰὶ

2626 5484 2875 5552 episc0pz'
2905 5484 3076 5553 Cypri

2120 5562 2231 5622 lste
2261 5564 2373 5621 fuit
2392 5583 2460 5622 ex
2484 5569 2730 5640 antiqua
2771 5572 2955 5626 Roma
2978 5574 3349 5633 ethnicorum
3377 5597 3530 5637 unus
3557 5602 3570 5638 :
3597 5601 3658 5638 se

2045 5661 2317 5713 sanctum
2347 5658 2684 5730 apostolum
2715 5666 2774 5717 et
2802 5664 3229 5736 evangelistam
3253 5670 3512 5727 Marcum
3536 5689 3702 5731 secu-
