4072 6194
309 309 428 368 319

1635 299 2060 363 MENOLOGII
2103 297 2307 360 PARS
2349 301 2432 360 II.

3610 295 3729 354 320

318 446 437 506 tus,
473 445 532 497 et
559 429 804 496 verbum
830 441 1089 496 veritatis
1107 439 1179 494 ab
1210 455 1279 494 eo
1313 437 1576 506 edoctus,
1609 441 1785 508 atque
1815 435 1960 506 bap-

2083 432 2284 506 Μάρκῳ
2312 431 2402 486 καὶ
2452 428 2839 503 εύαγγελιστῇ,
2893 427 2984 482 καὶ
3042 423 3324 502 διδαχθεὶς
3370 427 3502 502 παρ’
3559 425 3726 481 αὐτοῦ

321 535 548 600 tizatus,
584 534 868 590 diaconus
897 533 1176 603 primum,
1237 529 1452 586 deinde
1503 530 1830 602 presbyter,
1861 527 1960 582 de-

319 643 483 682 mum
519 625 811 680 Soliorum
844 625 902 678 in
935 624 1120 694 Cypro
1155 623 1466 694 episc0pus
1498 622 1807 678 ordinatus
1851 623 1958 674 est.

316 715 500 786 Igitur
529 714 670 767 illuc
700 712 1018 782 profectus,
1045 716 1102 766 et
1133 711 1445 766 ecclesiam
1477 711 1961 782 suscipiens.non

317 805 561 864 mensis,
589 806 648 856 et
677 801 1100 872 voluptatibus,
1138 807 1205 856 ut
1231 801 1508 856 nonnulli
1537 800 1784 860 faciunt,
1805 799 1964 869 seip-

319 909 448 948 sum
477 890 706 946 addixit
746 931 760 956 ,
791 890 896 946 sed
925 891 1166 963 vigiliis,
1218 891 1608 970 orationibus,
1643 889 1809 944 humi
1861 904 1963 943 cu-

318 979 682 1048 bationibus,
707 985 766 1035 et
787 981 1060 1052 jejuniis,
1094 982 1278 1036 Deum
1309 987 1482 1036 nocte
1507 980 1724 1050 dieque
1762 993 1962 1042 orans,

316 1075 382 1124 ut
411 1069 617 1140 populi
649 1070 738 1124 sui
773 1071 1074 1138 misertus,
1107 1071 1584 1142 persecutionem
1615 1085 1649 1123 a
1695 1067 1964 1138 tyrannis

321 1158 603 1213 adversus
659 1159 1030 1214 Christianos
1073 1161 1428 1214 concitatam
1488 1157 1740 1220 sedaret.
1782 1162 1965 1226 utque

323 1264 531 1302 omnes
561 1254 784 1302 rectam
818 1247 992 1302 ﬁdem
1027 1253 1474 1320 cognoscerent,
1510 1254 1569 1302 et
1598 1247 1964 1317 impietatem

322 1343 704 1410 abnegarent.
749 1341 881 1394 Haec
913 1340 1156 1404 faciens,
1192 1341 1532 1412 multosque
1563 1339 1635 1395 ad
1669 1341 1852 1394 Deum
1882 1337 1968 1392 vi-

317 1445 455 1484 vum
487 1433 863 1495 convertens,
897 1429 1230 1484 innumeris
1260 1429 1510 1500 patratis
1549 1425 1874 1490 miraculis,
1906 1426 1967 1480 in

318 1535 463 1590 pace
494 1519 566 1573 ad
600 1519 781 1572 Deum
815 1519 1104 1591 migravit,
1131 1519 1396 1592 gaudens
1429 1520 1491 1574 in
1521 1525 1811 1574 aeternum
1833 1531 1968 1572 cum

318 1607 549 1664 caateris
584 1607 823 1662 sanctis.

965 1851 1200 1934 Eodem,
1229 1879 1326 1934 die

327 1966 480 2023 199
523 1967 972 2023 Commemoratio
1027 1971 1204 2024 sancti
1255 1970 1441 2024 Patris
1495 1970 1672 2024 nostri
1713 1969 1966 2024 Flaviani

2083 1965 2278 2037 Μνήμη
2310 1965 2410 2018 τοῦ
2443 1960 2495 2016 ἐν
2529 1959 2706 2034 ἁγίοις
2739 1957 2950 2037 Ματρὸς

608 2039 1012 2110 archiepiscopi
1059 2039 1680 2110 Constantinopolitani.

392 2126 641 2182 Sanctus
673 2129 845 2183 Pater
873 2134 1077 2184 noster
1106 2130 1420 2186 Flavianus
1450 2137 1669 2187 sanctaa
1691 2131 1972 2188 Constan-

323 2217 731 2306 tinopolitanaa
764 2220 1028 2275 ecclesiae
1061 2220 1390 2292 presbyter,
1422 2221 1495 2276 ob
1527 2223 1823 2296 insignem
1841 2223 1970 2277 vitai

322 2305 745 2376 integritatem,
782 2307 900 2361 Deo
933 2307 1193 2373 volente,
1225 2307 1602 2380 imperatoris
1634 2317 1692 2365 et
1731 2315 1970 2366 senatus

327 2393 628 2465 suffragio,
661 2395 928 2465 ejusdem
961 2396 1225 2452 ecclesias
1257 2397 1594 2468 patriarcha
1639 2399 1970 2455 ordinatur.

327 2482 602 2546 Quicum
634 2485 927 2539 creditum
961 2486 1073 2541 sibi
1121 2503 1357 2559 gregem
1409 2489 1632 2560 Optime
1681 2495 1971 2561 pasceret,

330 2569 734 2641 populumque
767 2573 1083 2629 virtutibus
1114 2574 1470 2642 institueret,
1505 2577 1608 2631 Dei
1657 2578 1970 2649 permissu,

332 2655 404 2712 ab
440 2657 715 2714 haeretico
747 2661 1025 2717 Dioscoro
1063 2663 1312 2734 ejusque
1361 2665 1606 2720 asseclis
1636 2665 1974 2738 deponitur,

330 2762 464 2801 cum
485 2747 950 2817 patriarchatum
966 2751 1258 2806 tenuisset
1279 2769 1503 2809 annum
1522 2762 1795 2819 uuum.et
1815 2773 1978 2813 men-

1995 1790 2048 1856 B

2077 521 2168 576 τὸν
2203 519 2368 594 λόγον
2401 520 2500 587 τῆς
2527 517 2808 587 ἀληθείας,
2837 510 3135 584 ἐϐαπτίσθη
3177 516 3268 570 καὶ
3327 513 3724 589 ἐχειροτονήθη

2081 609 2348 671 διάκονος·
2383 612 2500 664 εἶτα
2528 604 2921 684 πρεσϐύτερος,
2982 605 3068 660 καὶ
3129 605 3262 677 μετὰ
3317 609 3480 659 τοῦτο
3508 603 3728 658 ἐπίσκο-

2083 721 2186 762 πος
2220 698 2433 754 Σολίων
2461 701 2562 763 τῆς
2591 696 2809 758 πόλεως
2842 696 3080 769 Κύπρου’
3131 693 3275 748 ὅπου
3329 692 3419 748 καὶ
3471 691 3727 756 ἀπελθὼν

2078 789 2169 844 καὶ
2218 789 2317 856 τήν
2377 785 2668 858 ἐκκλησίαν
2725 780 3087 860 παραλαϐὼν,
3147 782 3208 838 οὐ
3269 782 3405 855 πρὸς
3460 781 3730 858 τραπέζας

2081 875 2335 948 ἐξέδωκεν
2370 876 2561 931 ἑαυτὸν
2599 875 2689 930 καὶ
2719 877 2944 952 τρυφὰς,
2975 872 3159 944 ὥσπερ
3185 872 3350 941 τινὶς,
3411 869 3559 927 ἀλλὰ
3588 871 3726 945 πρὸς

2082 966 2402 1041 ἀγρυπνίας,
2487 964 2840 1040 προσευχὰς,
2923 962 3060 1035 πρὸς
3144 959 3508 1036 ξηροκοιτίας,
3593 959 3730 1034 πρὸς

2081 1057 2354 1129 νηστείας,
2395 1053 2726 1129 παρακαλῶν
2780 1055 2874 1110 τὸν
2925 1053 3053 1109 Θεὸν
3102 1053 3295 1114 νυκτὸς
3347 1050 3438 1106 καὶ
3493 1051 3726 1123 ἡμέρας,

2075 1147 2164 1203 ’ίνα
2194 1147 2396 1223 ἐλεήσῃ
2428 1148 2518 1202 τὸν
2549 1146 2680 1202 λαὸν
2705 1145 2892 1210 αὐτοῦ,
2925 1144 3013 1200 καὶ
3075 1145 3246 1218 στήσῃ
3303 1146 3412 1197 τῶν
3458 1143 3724 1216 τυράννων

2079 1239 2170 1292 τὸν
2203 1237 2338 1292 κατὰ
2391 1241 2500 1291 τῶν
2558 1237 2893 1309 Χριστιανῶν
2955 1229 3221 1307 διωγμόν·
3280 1231 3370 1285 καὶ
3426 1230 3514 1284 ἳνα
3558 1234 3724 1304 γνῶσι

2080 1329 2276 1388 πάντες
2305 1326 2369 1380 τὸ
2401 1327 2572 1399 ὀρθῶς
2605 1322 2896 1392 πιστεύειν,
2928 1322 3296 1396 ἀρνησαμενοι
3324 1321 3423 1389 τήν
3458 1314 3726 1374 ἂσὲῦειαν.

2082 1413 2242 1475 Οὕτω
2299 1419 2498 1482 ποιῶν,
2552 1412 2642 1468 καὶ
2700 1410 2947 1474 πολλοὺς
3007 1409 3328 1485 ἐπιστρέψας
3405 1408 3542 1484 πρὸς
3598 1410 3728 1463 Θεὸν

2085 1511 2280 1576 ζῶντα,
2329 1505 2420 1560 καὶ
2471 1502 2679 1576 μυρίων
2755 1501 3045 1575 θαυμάτων
3102 1498 3367 1572 ἀξιωθεὶς,
3427 1497 3479 1552 ἐν
3531 1497 3724 1574 είρήνῃ

2083 1596 2221 1672 πρὸς
2253 1594 2382 1650 Θεὸν
2425 1590 2780 1665 ἐξεδήμησεν,
2833 1588 3253 1668 εὐφραινόμενος
3308 1586 3568 1656 αἱωνίως,
3631 1585 3725 1640 σὺν

2081 1689 2202 1747 τοῖς
2233 1681 2455 1745 λοιποῖς
2488 1679 2686 1756 ἁγίοις.

2634 1872 2720 1945 Τῇ
2773 1869 2912 1944 αὑτῇ
2967 1863 3150 1942 ἡμέρᾳ

2987 1959 3149 2030 ἡμῶν
3175 2027 3190 2034 _
3207 1955 3300 2034 καὶ
3359 1956 3718 2034 ἀρχιεπισκό-

2320 2054 2426 2089 που
2459 2024 3086 2092 Κωνσταντινουπόλεῶς
3122 2024 3461 2086 Φλαῦιανοῦξ

2145 2118 2458 2186 Φλαϐιανὸς
2491 2123 2519 2178 ὁ
2551 2121 2602 2176 ἐν
2643 2119 2822 2196 ἁγίοις
2853 2119 3043 2193 Πατὴρ
3074 2121 3235 2191 ἡμῶν
3288 2119 3506 2194 ὑπῆρχε
3533 2121 3636 2183 τῆς
3659 2117 3714 2173 ἐν

2075 2208 2646 2273 Κωνσταντινουπόλει
2723 2210 2879 2286 ἁγίας
2964 2205 3264 2278 ἐκκλησίας
3325 2201 3712 2281 πρεσϐύτερος·

2074 2305 2165 2361 καὶ
2196 2301 2286 2359 διὰ
2311 2305 2410 2370 τήν
2443 2300 2689 2374 ἐνάρετον
2748 2301 2914 2354 αύτοῦ
2943 2295 3250 2366 πολιτείαν,
3306 2295 3525 2367 θελήσει
3556 2299 3718 2366 Θεδῦ,

2074 2395 2165 2452 καὶ
2189 2395 2358 2470 ψήφῳ
2388 2395 2484 2446 τοῦ
2520 2387 2814 2465 βασιλέως,
2845 2386 2936 2443 καὶ
2993 2393 3093 2456 τῆς
3153 2385 3494 2461 συγκλήτου,
3527 2405 3721 2461 χειρο-

2075 2488 2310 2540 τονεῖται
2341 2479 2690 2556 πατριάρχης
2717 2483 2819 2547 τῆς
2845 2475 3012 2546 αὐτῆς
3041 2473 3354 2546 ἐκκλησίας,
3385 2475 3476 2530 καὶ
3535 2472 3725 2537 καλῶς

2077 2574 2175 2643 τὴν
2233 2572 2741 2632 καταπιστευθεῖσαν
2805 2565 2954 2639 αὐτῷ
3008 2565 3252 2639 ποίμνην
3331 2563 3577 2635 διοικῶν,
3635 2565 3726 2620 καὶ

2077 2663 2168 2720 τὸν
2198 2661 2332 2718 λαὸν
2373 2658 2441 2715 τὰ
2496 2657 2632 2732 πρὸς
2690 2655 2883 2730 ἀρετὴν
2944 2653 3232 2722 διδάσκων,
3286 2654 3378 2710 καὶ
3440 2651 3726 2730 διεξάγων,

2082 2751 2434 2828 συγχωρήσει
2487 2750 2642 2818 Θεοῦ,
2694 2740 3020 2800 ἐκϐάλλεται
3078 2744 3226 2818 παρᾶ
3295 2748 3394 2800 τοῦ
3451 2743 3728 2819 αίρετικοῦ

331 2849 426 2888 ses
453 2832 699 2902 decem;
733 2843 911 2908 atque
945 2839 1006 2892 in
1037 2839 1310 2895 exsilium
1343 2842 1733 2912 ejiciturzuhi
1759 2845 1966 2902 multas

2083 2840 2404 2915 Διοσκόρου,
2433 2836 2524 2892 καὶ
2555 2840 2662 2891 τῶν
2697 2834 3022 2911 ὁμοφρόνων
3081 2835 3273 2904 αὐτοῦ,
3322 2835 3596 2908 κρατήσας
3625 2840 3728 2904 τῆς

329 2922 712 2995 diversasque
743 2943 1041 2984 aerumnas
1059 2946 1164 3000 pro
1181 2930 1506 2988 orthodoxa
1520 2933 1636 2989 fide
1649 2935 1966 3009 perferens1

2083 2927 2445 3008 πατριαρχίας
2493 2926 2695 3002 χρόνον
2743 2920 2862 2994 ἵνα,
2910 2924 3002 2979 καὶ
3059 2931 3235 2998 μῆνας
3284 2921 3432 2994 δέκα,
3491 2922 3586 2978 καὶ
3645 2921 3727 2986 εἲς

333 3017 391 3065 et
417 3011 594 3078 fame,
631 3014 748 3082 siti,
782 3015 1234 3088 innumerisque
1251 3017 1842 3086 malisvexatus,cum
1859 3040 1966 3079 non

2085 3022 2290 3099 ἐξορίαν
2351 3015 2790 3091 παραπέμπεται.
2841 3016 3022 3073 Ὅπου
3093 3013 3306 3088 θλίψεις
3364 3011 3580 3076 πολλὰς
3637 3015 3726 3070 καὶ

333 3111 594 3160 cessaret
623 3107 740 3161 Deo
761 3109 981 3178 gratias
1007 3126 1202 3183 agere,
1254 3111 1499 3184 diesque
1552 3131 1620 3171 ac
1673 3123 1846 3172 nocte
1911 3117 1966 3172 iu

2086 3111 2376 3182 διαφόρους
2454 3104 2770 3179 ὑπομείνας,
2827 3103 2917 3159 καὶ
2975 3104 3237 3166 κακώσεις
3296 3101 3492 3177 μυρίας
3537 3123 3732 3178 καρτε-

2140 3206 2150 3210 -
2379 3198 2392 3210 .
2427 3193 2448 3210 ς
2540 3195 2554 3210 .
2739 3194 2753 3210 ς
2818 3190 2894 3210 (υ.
3058 3191 3084 3210 ..
3301 3193 3360 3210 ,ν
3534 3197 3562 3208 ..
3691 3196 3719 3208 ..

331 3194 596 3249 oratione
620 3197 992 3266 transigeret,
1051 3201 1291 3257 tandem
1343 3203 1417 3258 ad
1466 3205 1648 3261 Deum
1705 3206 1966 3279 gaudens

2085 3206 2274 3279 ρήσας,
2305 3198 2396 3254 καὶ
2427 3193 2618 3270 λιμὸν,
2665 3194 2754 3249 καὶ
2815 3190 2995 3267 δίψαν,
3054 3191 3212 3279 ὅμως
3263 3193 3603 3268 εὐχαριστῶν
3651 3196 3732 3265 τῶ

334 3284 624 3356 migravit.
1715 3278 1726 3279 ί
2080 3297 2198 3366 Θεῷ
2248 3289 2348 3345 οὐκ
2393 3286 2646 3356 ἐπαύετο,
2701 3283 2893 3346 νυκτὸς
2953 3281 3046 3337 καὶ
3101 3278 3313 3360 ἡμέρας
3342 3283 3733 3360 προσευχόμε-

329 3393 446 3516 νές.
504 3373 606 3428 Καὶ
672 3373 816 3430 οὕτω
871 3378 1263 3452 πειραζόμενος
1338 3381 1471 3456 ὑπὲρ
1517 3389 1620 3453 τῆς
1676 3384 1975 3461 ὀρθοδόξου
2055 3383 2309 3450 πίστεως,
2369 3375 2685 3446 ἀσθενήσας,
2741 3373 2878 3448 πρὸς
2953 3371 3043 3427 τὸν
3097 3371 3228 3427 Θεὸν
3284 3371 3587 3446 προθύμως
3645 3371 3734 3446 ἐξ-

329 3481 352 3516 ε
391 3463 631 3516 ἤμεσεν.

329 3463 424 3532 εδή
438 3483 512 3532 μη
522 3482 631 3520 σεν.

875 3559 1116 3614 EODEM
1170 3563 1422 3618 MENSE.

2649 3551 2831 3610 MHNI
2859 3551 2950 3608 ΤΩ
2977 3553 3174 3608 ΑΥΤΩ.

864 3647 968 3703 Die
985 3648 1219 3706 decima
1238 3658 1444 3710 octava
2866 3670 2958 3726 IH‘

335 3733 489 3789 200
519 3735 972 3792 Commemoratio
1029 3743 1209 3794 sancti
1266 3743 1451 3794 Patris
1507 3747 1686 3794 nostri
1745 3750 1981 3794 Anamti
2091 3784 2142 3794 --
2197 3780 2210 3794 .
2390 3773 2470 3794 -ι
2544 3767 3142 3794 ,ηιμ,η,-,,,μ,ι,,ρ,,.
3323 3772 3384 3794 οη
3618 3793 3624 3794 ,
3707 3777 3734 3790 -

692 3743 972 3862 ξτλιαοῂαεὶο
1029 3743 1234 3825 sancti
1266 3743 1451 3827 Patris
1507 3747 1686 3831 nostri
1739 3750 1982 3820 Agapett'
2090 3780 2210 3850 Μνή
2223 3799 2299 3851 μη
2325 3777 2422 3831 τοῦ
2451 3773 2508 3828 ἐν
2535 3769 2714 3846 ἆγίοις
2746 3767 2956 3843 Πατρός
2984 3771 3143 3842 ἡμῶν
3201 3769 3291 3826 καὶ
3323 3772 3739 3851 θαυματουργοῦ

812 3814 1112 3879 αῖηαίανθῖν
1145 3828 1389 3884 εΡιεοοΡῑ
1429 3815 1622 3884 δυηαι·
2445 3845 2761 3920 Ἀγαπητοῦ
2799 3841 3098 3896 ἐπισκόπου
3148 3846 3380 3901 Συναοῦ.

412 3912 659 3969 Sanctus
709 3915 884 3971 Pater
940 3925 1144 3974 uoster
1172 3921 1490 3993 Agapetus,
1524 3924 1889 3982 Diocletiano
1929 3943 1966 3982 e‘

2165 3936 2226 3994 Ὁ
2257 3932 2410 4009 ἅγιος
2441 3912 2626 4005 Πατήρ
2647 3912 2819 4002 Ἵήμῶν
2851 3929 3166 4002 Ἀγαπητὸς
3221 3927 3469 4006 ὑπῆρχεν
3519 3929 3606 3986 ἐπὶ
3636 3939 3738 4002 τῆς

339 4002 692 4059 Μδῖίωίθηο
733 4005 1020 4061 Ηθτθυιθο
1077 4008 1556 4081 ίωΡθνδίοΓίῙΉιε,
1617 4029 1686 4069 ΘΧ
1743 4015 1987 4088 regione
2101 4002 2379 4102 βασιλείας
2412 4002 2829 4090 Διοκλητιανοῦ,
2861 4017 2952 4074 καὶ
2982 4002 3468 4090 Μαξιμιανοῦντοῦ
3515 4021 3739 4096 Ἑρκου-

338 4091 722 4164 Cappadocim
749 4093 1243 4158 fuit,Christianis
1273 4102 1622 4170 parentibus
1653 4109 1850 4160 natus.
1879 4105 1965 4170 Qu

2095 4091 2251 4187 λίου,
2325 4112 2430 4167 ἀπὸ
2515 4110 2701 4185 χώρας
2759 4114 2861 4178 τῆς
2939 4105 3345 4177 Καππαδοκίας,
3404 4091 3741 4186 Χριστίανῶν

341 4198 475 4238 cum
503 4182 564 4236 in
615 4184 1048 4241 monasterium
1094 4187 1360 4259 abiisset,
1402 4193 1734 4249 monachus
1775 4193 1966 4251 factus

2099 4182 2305 4280 γονέων
2363 4182 2806 4266 υἱόςξ-’Ᾰπῆλθε
2891 4193 2949 4252 δὲ
3060 4196 3137 4259 εἷς
3216 4182 3601 4274 μοναστήριον,
3652 4202 3744 4256 καὶ

345 4271 624 4344 praefecto
651 4275 1000 4330 monasterii
1023 4275 1096 4332 ob
1127 4278 1260 4334 vitm
1289 4279 1691 4354 integritatem
1722 4285 1966 4356 apprimi

2101 4271 2304 4369 ἐγένετο
2338 4287 2608 4363 μοναχός.
2663 4287 2951 4382 ’ίΙγαπήθη
3009 4282 3072 4382 δέ
3113 4285 3392 4382 «apd-toi):
3413 4271 3744 4382 ηγουμὲνου,

347 4363 584 4431 charus,
617 4379 816 4421 sacras
844 4364 1075 4422 litteras
1105 4367 1830 4429 edocetur.Miraculorum
1854 4391 1966 4430 veri

2103 4363 2192 4438 δίὰ
2219 4381 2320 4450 τὴν
2341 4378 2583 4454 ἐνάρετον
2634 4375 2800 4431 αὐτοῦ
2855 4371 3161 4445 πολιτείαν,
3193 4375 3284 4430 καὶ
3340 4373 3602 4454 ἐδιδάχθη
3655 4379 3746 4434 καὶ

347 4455 596 4524 gratiam
626 4471 661 4510 a
685 4456 800 4511 Deo
831 4457 1151 4528 accipiens,
1184 4459 1481 4532 ingentem
1522 4461 1843 4520 draconem
1873 4481 1966 4520 non

2098 4473 2165 4528 τὰ
2192 4469 2314 4544 ἱερᾶ
2340 4469 2658 4546 γράμματα⁶
2720 4459 2905 4521 λαϐὼν
2967 4461 3026 4520 δὲ
3081 4465 3227 4540 παρὰ
3282 4470 3418 4521 Θεοῦ
3472 4466 3564 4522 καὶ
3622 4479 3748 4532 θαυ.

349 4545 604 4614 procula
630 4546 991 4601 monasterio
1015 4548 1290 4604 homines
1308 4555 1366 4604 et
1379 4551 1655 4622 jumenta
1675 4553 1966 4610 conficieu

2105 4560 2287 4636 μάτων
2312 4545 2583 4634 χάρισμα,
2617 4552 2883 4631 δράκοντα
2915 4554 3078 4628 μέγαν
3130 4551 3367 4623 πλησίον
3419 4560 3516 4610 τοῦ
3569 4578 3746 4631 μονα-

347 4637 489 4688 tem.
522 4633 797 4702 precibus
827 4634 1062 4692 occidit.
1090 4637 1275 4708 Cujus
1295 4637 1452 4695 fama
1481 4649 1814 4698 commotus
1846 4642 1963 4697 Lici

2101 4633 2608 4725 crupiouitpavévta,
2630 4643 2722 4700 καὶ
2752 4643 3080 4721 ἀφανίζοντα
3140 4643 3230 4698 καὶ
3285 4645 3603 4720 ἀνθρώπους
3657 4648 3747 4703 καὶ

357 4722 681 4792 uius.quod
704 4724 931 4779 scilicet
962 4725 1243 4782 robustus
1275 4734 1334 4783 et
1361 4729 1530 4786 fortis
1557 4733 1966 4801 esset,iuvitun

2101 4722 2303 4808 κτήνη,
2337 4722 2426 4792 δίᾶ
2465 4741 2779 4811 προσευχῆς
2840 4733 3162 4798 ἐθανάτωσε.
3207 4735 3336 4810 Περὶ
3387 4734 3584 4792 τούτου
3644 4759 3749 4811 μα-

355 4817 415 4866 et
447 4811 838 4867 reluctantem
869 4814 1099 4870 militiai
1129 4817 1540 4888 ascripsit.Sed
1571 4837 1640 4876 eo
1662 4827 1920 4889 mortuo,
1943 4837 1966 4876 e

2107 4829 2212 4893 θὼν
2239 4827 2267 4881 ὁ
2299 4826 2592 4894 Λικίννιος,
2616 4823 2698 4879 ὅτι
2730 4819 2977 4896 ἀνδρεῖός
3008 4823 3172 4892 ἐστιν,
3231 4822 3558 4889 ἀποστείλας
3607 4824 3748 4902 ἢγα-

359 4905 690 4975 imperante
721 4905 1106 4962 Constantino
1139 4910 1366 4980 Magno,
1415 4910 1488 4966 ab
1519 4913 1794 4986 episcopo
1822 4915 1966 4986 Syna

2104 4937 2191 4992 γεν
2259 4913 2442 4983 αὐτὸν,
2499 4914 2588 4969 καὶ
2657 4913 2734 4986 μή
2794 4911 3133 4988 βουλόμενος
3203 4911 3566 4988 ἐστράτευσεν·
3623 4915 3754 4972 ἀλλ’

359 4994 691 5067 presbyter.
719 5010 906 5065 eoque
933 4995 1214 5052 defuncto
1247 4998 1966 5073 episcopusSyuaiordiua

2107 5005 2313 5063 ἐκείνου
2348 5005 2444 5078 μὶν
2483 5003 2935 5074 τελευτήσαντος,
2994 5001 3084 5058 ἐπὶ
3139 5006 3236 5058 τοῦ
3295 5001 3534 5078 μεγάλου
3595 5006 3756 5081 βασι-

360 5091 474 5141 tur.
507 5089 773 5158 Cumque
806 5086 1064 5158 plurima
1095 5087 1382 5145 miracula
1429 5089 1732 5160 edidisset,
1765 5093 1826 5148 in
1855 5109 1966 5165 poc

2110 5095 2251 5158 λὲως
2316 5093 2750 5163 Κωνσταντίνου,
2810 5091 2956 5167 παρὰ
3005 5095 3102 5147 τοῦ
3158 5090 3461 5147 ἐπισκόπου
3518 5099 3755 5169 Συναοῦ,

361 5173 540 5228 vitam
572 5173 780 5230 ﬁnivit.

2111 5187 2510 5262 χειροτονεῖται
2575 5176 2961 5256 πρεσϐύτερος
3040 5180 3133 5237 καὶ
3194 5181 3329 5254 μετᾶ
3380 5182 3605 5245 θάνατον
3660 5187 3759 5242 τοῦ

2111 5269 2440 5342 ἐπισκὸπου,
2497 5271 2702 5346 γίνεται
2788 5269 3084 5334 ἐπίσκοπος
3143 5270 3369 5328 Συναοῦ·
3427 5275 3516 5330 καὶ
3572 5262 3764 5332 πολλᾶ

2114 5363 2366 5438 θαύματα
2396 5363 2651 5433 ποιήσας,
2681 5360 2733 5416 ἐν
2759 5359 2946 5435 εἰρήνῃ
2976 5361 3065 5416 τὸν
3109 5361 3224 5434 βίον
3257 5359 3542 5423 ἀπέλιπεν.

1011 5443 1230 5500 Eodem
1255 5444 1348 5500 die

2681 5454 2758 5525 τῇ
2815 5449 2951 5524 αὐτῇ
3008 5451 3192 5526 ἡμέρᾳ

366 5534 511 5591 201
553 5535 998 5591 Commemoratio
1027 5537 1405 5618 scinctiliatris
1429 5540 1603 5594 nostri
1629 5541 1822 5596 Leonis
1842 5557 1966 5611 pap.

2116 5543 2328 5616 Μνήμη
2360 5544 2458 5596 τοῦ
2489 5538 2541 5597 ἐν
2573 5539 2748 5618 ἁγίοις
2773 5540 2991 5618 [ἰατρὸς
3011 5540 3171 5618 ημῶν
3205 5541 3438 5606 Λέοντος
3481 5542 3632 5601 πάπα
3660 5554 3764 5618 τῆς

983 5623 1200 5677 magna:
1232 5611 1438 5666 Roma}.
1842 5608 1863 5611 ’
1918 5608 1940 5610 “

2231 5608 2264 5616 η
2317 5608 2327 5613 ’
2619 5608 2632 5618 ’
2665 5608 2910 5688 μεγάλης
2939 5608 3187 5685 Ῥώμης.

434 5695 817 5755 Admirabilis
850 5696 962 5754 iste
990 5698 1166 5754 Pater
1193 5701 1398 5756 noster
1416 5699 1529 5756 Leo
1551 5699 1622 5756 ob
1653 5699 1872 5759 multas
1892 5700 1966 5758 vix

2189 5703 2251 5761 '0
2291 5697 2590 5778 θαυμᾷσιος
2621 5698 2781 5766 οὗτος
2835 5699 3022 5776 Πατὴρ
3086 5700 3249 5776 ἡμῶν
3306 5703 3483 5776 Δίων,
3515 5701 3607 5762 διὰ
3657 5709 3762 5782 τὴν
