4074 6192
346 341 469 400 321

1784 336 2322 403 FEBRUARIUS.

3648 357 3771 418 322

340 465 571 536 πολλὴν
612 467 780 525 αὐτοῦ
839 470 1035 547 ἀρετὴν
1096 469 1186 525 καὶ
1245 468 1603 548 σωφροσύνην
1631 470 1722 526 καὶ
1774 469 1998 545 καθαρό-

2126 475 2283 529 tutes
2314 490 2450 531 suas
2472 480 2528 531 et
2550 479 2981 535 continentiam
3002 485 3179 552 atque
3206 484 3526 555 puritatem
3546 490 3775 560 episco—

336 578 528 627 τητα,
584 558 882 615 ἐπίσκοπος
934 559 1343 637 προχειρίζεται
1403 566 1505 629 τῆς
1567 558 1817 635 μεγάλης
1874 560 2014 616 Ῥώ-

340 670 480 720 μης,
510 649 600 702 καὶ
644 646 968 722 διεπράξατο
1029 651 1125 723 μὶν
1185 650 1275 703 καὶ
1327 648 1475 706 ἄλλὰ
1530 647 1717 705 πολλὰ
1768 650 1887 723 ἄξια
1914 656 2015 720 τῆς

339 737 560 793 ἐκείνου
612 740 810 812 ἂρετῆς
842 782 856 807 ,
927 740 1213 815 ἐξαιρέτως
1289 737 1346 794 δὲ
1407 740 1470 795 τὸ
1519 741 1643 815 περὶ
1699 747 1799 809 τῆς
1848 741 2014 813 ὀρθῆς

338 826 588 889 πίστεως
622 847 636 861 ’
698 829 833 883 κατὰ
912 829 1017 903 γὰρ
1090 828 1180 884 τὸν
1257 828 1446 902 καιρόν
1523 826 1728 884 ἐκεῖνον
1788 826 2017 891 σύνοδος

339 918 721 988 ωνεκροτήθη
812 915 865 973 ἐν
938 915 1263 988 Χαλκηδόνι
1341 916 1633 987 ἑξακοσίων
1720 918 2015 993 τριάκοντα

336 1006 631 1077 Πατέρων,
689 1006 825 1063 κατᾶ
872 1011 981 1062 τῶν
1043 1008 1371 1080 αἱρετικῶν,
1436 1010 1544 1062 τῶν
1598 1006 1868 1082 λεγόντων
1921 1006 2011 1071 ἐπὶ

335 1098 584 1170 Χριστοῦ
646 1097 772 1169 μίαν
833 1096 1036 1175 φύσιν.
1099 1097 1205 1153 Καὶ
1288 1095 1404 1152 ἐπεὶ
1484 1092 1849 1170 ἐδογμάτισαν
1909 1098 2007 1165 τήν

334 1183 610 1254 ἀλήθειαν
647 1229 661 1255 ,
722 1188 777 1241 οἱ
834 1184 893 1241 δὲ
945 1187 1215 1262 αἱρετικοὶ
1299 1185 1399 1241 οὐκ
1455 1184 1736 1241 ἐπείθοντο
1776 1232 1790 1258 ,
1849 1191 2009 1241 πᾶσιν

337 1274 569 1350 ἤρεσεν,
621 1274 714 1331 ’ίνα
762 1277 790 1331 ὃ
847 1276 935 1332 εᾶν
996 1275 1123 1351 εἴπῃ
1179 1276 1328 1331 Λέων
1386 1277 1414 1331 ὁ
1472 1278 1772 1350 ἁγιώτατος
1830 1279 2008 1340 πάπας

329 1367 595 1438 Ῥώμης,
641 1365 935 1437 θελήσωσι.
1008 1366 1391 1441 Παρακληθείς
1447 1366 1540 1422 οὖν
1597 1367 1702 1422 ὑπὸ
1755 1372 1863 1422 τῶν
1898 1371 2011 1424 Πα-

323 1457 525 1529 τέρων,
563 1458 780 1511 καὶτὸν
820 1458 947 1512 Θεὸν
1010 1454 1362 1527 δυσωπήσας,
1422 1454 1654 1531 ἔγραψεν
1708 1455 2005 1527 ἐπιστολὴν

326 1546 748 1619 ἑρμηνεύουσαν
807 1554 908 1616 τήν
958 1546 1245 1618 ἀλήθειαν,
1304 1546 1371 1616 ἢν
1424 1544 1739 1620 ὁρθοδοξίας
1796 1548 2009 1617 στήλην

325 1633 630 1707 ὠνόμασαν
659 1680 674 1703 ,
720 1633 817 1690 δύο
859 1637 1043 1713 φύσεις
1101 1635 1188 1690 ἐπὶ
1244 1639 1484 1710 Χριστοῦ
1542 1635 1944 1707 κηρύττουσαν’
1979 1636 2007 1691 ὁ

325 1721 382 1779 δὲ
417 1726 602 1799 μέγας
642 1725 790 1781 Λέων
847 1724 941 1780 καὶ
985 1726 1047 1781 τὸ
1107 1728 1241 1800 μετὰ
1280 1729 1463 1805 ,ταῦτα
1519 1722 1708 1788 καλῶς
1772 1726 2002 1804 βιώσας⁹

328 1813 379 1867 ἐν
413 1813 540 1890 είρή
551 1837 620 1889 νῃ
651 1814 968 1885 ἐτελειώθη.

908 1931 1089 1988 ΜΗΝΙ
1114 1933 1202 1988 ΤΩ
1229 1932 1430 1987 ΑΥΤΩ.

1129 2048 1211 2104 ΙΘ⁸

329 2164 619 2236 Ι’Δθληι-ινις
721 2162 831 2220 τῶν
931 2165 1098 2242 ἁγίων
1206 2163 1496 2242 μαρτύρων
1582 2166 1837 2240 Μαξίμου
1911 2166 2002 2221 καὶ

1029 2251 1317 2315 Θεοδότου.

393 2377 660 2447 Μάξιμος
704 2374 794 2427 καὶ
852 2370 1137 2444 Θεόδοτος,
1167 2373 1220 2427 οἱ
1249 2377 1349 2427 τοῦ
1406 2376 1643 2447 Χριστοῦ
1704 2374 1993 2448 μάρτυρες,

323 2467 762 2537 περιπατοῦντες
809 2463 947 2518 κατᾶ
998 2467 1169 2517 πᾶσαν
1231 2462 1394 2518 πόλιν
1443 2462 1533 2517 καὶ
1597 2463 1807 2537 χώραν,
1862 2462 1996 2535 μετᾶ

322 2554 645 2629 παῤῥησίας
674 2552 967 2627 ἐκήρυττον
995 2553 1094 2622 τήν
1141 2550 1427 2622 ἀλήθειαν,
1460 2550 1550 2606 καὶ
1608 2552 1700 2605 τὸν
1752 2552 1987 2624 Χριστὸν

324 2642 664 2718 ὡμολόγουν
726 2641 853 2697 Θεὸν
942 2643 1077 2696 εἶναι
1134 2639 1418 2711 ἀληθινὸν,
1477 2640 1567 2695 καὶ
1628 2639 1829 2715 Κύριον
1888 2640 1990 2696 τοῦ

323 2733 553 2799 παντὸς,
588 2730 679 2785 καὶ
729 2728 1070 2805 δημιουργὸν
1122 2731 1219 2785 τοῦ
1276 2729 1511 2803 κόσμου’
1571 2729 1638 2784 τὰ
1695 2728 1753 2784 δὲ
1784 2727 1990 2785 εἷ’δωλα

323 2826 524 2897 χειρῶν
563 2814 717 2896 ἔργα,
762 2820 850 2875 καὶ
907 2819 1110 2895 τέχνης
1170 2817 1489 2892 πλάσματα,
1523 2816 1614 2873 διὰ
1670 2818 1839 2884 λίθων
1901 2820 1990 2874 καὶ

327 2910 501 2982 ξύλων
586 2908 1052 2981 κατεσκευασμένα
1086 2952 1101 2976 ,
1183 2910 1283 2963 Διά
1364 2912 1524 2963 τοῦτο
1614 2908 1990 2983 ἐκρατήθησαν

325 3002 470 3076 παρά
526 3004 647 3055 τῶν
698 2998 1144 3074 εἷδωλολατρῶν,
1205 3000 1294 3053 καὶ
1353 2995 1729 3072 παρεδόθησαν
1787 3004 1865 3071 τῷ
1896 2998 1992 3074 ἄρ-

332 3110 485 3167 χοντι
548 3092 655 3155 τῆς
712 3090 900 3164 χώρας
937 3133 950 3157 ,
1008 3088 1098 3143 καὶ
1168 3088 1255 3143 ὑπ’
1308 3085 1511 3142 ἐκείνου
1569 3082 1990 3159 ἐϐασανίσθησαν

2126 580 2237 634 pus
2270 581 2498 637 magnae
2531 570 2727 623 Romae
2784 569 3115 639 ordinatus,
3146 574 3334 627 multa
3383 577 3625 646 quidem
3656 581 3773 635 alia

2126 653 2439 710 virtutibus
2479 657 2603 711 suis
2634 657 2812 729 digna
2840 660 3060 731 gessit;
3097 662 3199 715 sed
3249 666 3547 736 prmcipue
3579 669 3641 724 in
3673 670 3768 737 iis,

2128 760 2259 814 qum
2289 744 2363 799 ad
2394 751 2616 801 rectam
2678 748 2855 802 fidem
2913 751 3236 820 pertinent,
3269 753 3524 811 refulsit.
3558 761 3772 815 Coacta

2128 832 2287 886 enim
2320 833 2787 890 Chalcedonensi
2820 838 3046 908 synodo
3085 847 3495 897 sexcentorum
3532 848 3772 918 triginta

2125 922 2366 976 Patrum
2428 922 2707 979 adversus
2764 942 2969 981 eorum
3028 928 3324 998 haeresim,
3358 934 3459 1002 qui
3498 952 3678 990 unam
3708 938 3770 991 in

2126 1009 2355 1065 Christo
2388 1018 2664 1068 naturam
2695 1014 2991 1083 dicebant,
3026 1034 3161 1072 cum
3193 1018 3231 1072 ii
3276 1022 3583 1078 veritatem
3615 1042 3765 1095 prai-

2124 1098 2413 1164 dicarent,
2444 1118 2555 1157 nec
2584 1108 2784 1158 tamen
2808 1105 3070 1159 haeretici
3100 1106 3220 1162 illis
3242 1111 3618 1179 acquiescere
3649 1114 3769 1169 vel-

2123 1186 2269 1253 lent,
2302 1189 2527 1260 placuit
2552 1192 2852 1257 omnibus,
2880 1200 2946 1248 ut
2976 1196 3268 1265 quidquid
3301 1199 3411 1253 Leo
3462 1204 3769 1258 sanctissi-

2122 1293 2256 1332 mus
2286 1282 2483 1334 [tomus
2508 1297 2659 1351 papa
2681 1281 2944 1348 dixisset,
2970 1283 3028 1337 id
3058 1290 3251 1339 ratum
3277 1287 3633 1361 ﬁrmumque
3664 1294 3765 1348 ha-

2121 1366 2381 1423 beretur.
2408 1374 2661 1441 Rogatus
2693 1370 2889 1441 itaque
2920 1388 2952 1426 a
2982 1374 3278 1442 Patribus,
3298 1376 3602 1449 Deumque
3634 1399 3766 1452 pre-

2122 1462 2308 1525 catus,
2342 1460 2696 1531 conscripsit
2723 1460 3058 1531 epistolam,
3092 1463 3153 1517 in
3186 1481 3303 1534 qua
3332 1468 3640 1523 veritatem
3673 1488 3763 1526 ex-

2122 1563 2371 1616 ponens.
2392 1548 2538 1603 duas
2560 1549 2621 1603 in
2641 1550 2868 1604 Christo
2902 1557 3142 1607 naturas
3180 1554 3559 1624 prmdicabat,
3592 1576 3769 1628 quam

2122 1636 2485 1693 orthodoxiaa
2515 1638 2856 1695 columnam
2887 1642 3284 1712 appellarunt.
3317 1647 3451 1701 Post
3488 1648 3613 1701 haac
3643 1665 3767 1704 ma-

2120 1741 2270 1797 gnus
2300 1726 2411 1781 Leo
2446 1733 2743 1784 transacta
2774 1731 3148 1786 sanctissime
3168 1733 3303 1802 vita,
3331 1734 3393 1789 in
3425 1753 3569 1807 pace
3597 1739 3767 1809 quie-

2024 1837 2073 1903 B
2117 1816 2217 1873 Vit.

2681 1936 2922 1992 EODEM
2946 1939 3193 1994 MENSE.

2643 2053 2746 2109 Die
2791 2053 3023 2110 decima
3072 2073 3232 2113 nona

2111 2171 2264 2228 202
2319 2172 2603 2228 Certamen
2659 2180 2975 2229 sanctorum
3042 2182 3371 2246 martyrum,
3418 2180 3656 2235 Maximi
3710 2186 3762 2237 et

2788 2263 3047 2318 Theodoti
3068 2305 3081 2317 .

2181 2376 2471 2432 Maximus
2528 2381 2586 2431 et
2612 2377 2946 2433 Theodotus
3002 2379 3218 2434 Christi
3271 2388 3561 2454 martyres
3619 2402 3754 2441 cum

2106 2468 2370 2523 civitates
2400 2483 2607 2522 omnes
2632 2468 3025 2539 regionesque
3055 2468 3309 2531 obirent,
3332 2472 3516 2527 libere
3538 2475 3753 2529 verita-

2103 2562 2223 2612 tem
2277 2556 2688 2628 praadicantes,
2744 2556 3040 2611 Christum
3099 2558 3287 2614 Deum
3346 2576 3547 2615 verum
3598 2579 3749 2629 esse,

2105 2646 2493 2716 omniumque
2526 2644 2864 2709 Dominum,
2890 2651 2949 2700 et
2968 2646 3174 2701 mundi
3199 2648 3485 2703 factorem
3515 2652 3757 2720 profite-

2101 2734 2359 2799 bantur;
2396 2734 2556 2788 idola
2586 2740 2784 2788 autem
2816 2751 2997 2805 opera
3052 2750 3360 2801 manuum,
3396 2739 3656 2809 artisque
3686 2740 3756 2793 fi-

2102 2830 2344 2897 gmenta
2375 2840 2443 2877 ex
2477 2822 2780 2894 lapidibus
2812 2828 2868 2877 et
2888 2823 3067 2896 lignis
3088 2825 3429 2881 fabrefacta.
3464 2830 3653 2893 Quare
3684 2829 3755 2884 ab

2102 2913 2371 2969 idolatris
2402 2912 2839 2984 comprehensi,
2876 2913 3153 2983 praafecto
3203 2916 3462 2987 regionis
3506 2918 3755 2972 tradun-

2106 3008 2203 3057 tur
2231 3020 2243 3058 :
2270 3019 2303 3057 a
2334 3018 2448 3072 quo
2480 3001 2821 3073 gravissime
2840 3002 3181 3069 excruciati,
3214 3020 3348 3057 cum
3380 3004 3759 3077 adigerentur
3805 3012 3811 3018 '

2104 3092 2400 3147 Christum
2433 3091 2730 3163 abnegare
2764 3097 2821 3144 et
2854 3090 3013 3145 idola
3045 3092 3260 3157 colere,
3294 3111 3404 3148 nec
3456 3096 3515 3150 id
3563 3096 3758 3151 facere

332 3181 589 3256 ἰσχυρῶς
624 3222 639 3245 ,
697 3180 1029 3253 ἀρνήσασθαι
1087 3178 1176 3232 τὸν
1236 3176 1466 3251 Χριστὸν
1518 3177 1992 3251 καταναγκαζόμε-

2115 3182 2350 3239 vellent,
2387 3181 2565 3235 vincti
2589 3180 2661 3235 ab
2692 3179 2838 3234 urbe
2883 3180 2943 3233 in
2997 3181 3175 3235 aliam
3224 3184 3670 3253 pertrahuntur,
3706 3192 3763 3239 et

331 3292 432 3338 νοι,
465 3267 569 3324 καί
598 3274 969 3343 προσκυνῆσαι
1026 3272 1143 3328 τοῖς
1200 3264 1478 3328 εἰδώλοις.
1519 3267 1607 3328 Ὦς
1640 3264 1697 3320 δὲ
1728 3267 1825 3321 οὒκ
1850 3266 1994 3322 ἐπεί-

330 3361 506 3425 θοντο,
548 3356 805 3432 ἐσύροντο
866 3353 1080 3429 δέσμιοι
1130 3355 1234 3409 ἀπὸ
1286 3355 1502 3418 πόλεως
1558 3355 1632 3416 εἷς
1683 3353 1868 3425 πόλιν,
1901 3355 1990 3411 καὶ

328 3447 773 3523 ἐθηριομάχουν.
838 3445 967 3501 Εἶτα
1032 3445 1316 3516 ἐξὲσθησαν
1380 3445 1514 3518 μετὰ
1564 3443 1802 3520 σιδηρῶν
1864 3445 1989 3500 ὀνῦο

328 3557 461 3613 χων,
489 3537 588 3591 καὶ
619 3533 779 3597 τέλος
809 3535 1045 3607 καμίνου
1106 3532 1355 3608 μεγάλης
1412 3532 1698 3608 ἀφθείσης,
1758 3528 1987 3604 ἐνεϐλή-

2104 3272 2246 3326 feris
2276 3275 2691 3341 exponuntur:
2717 3285 2850 3322 mox
2884 3269 3182 3339 unguibus
3214 3270 3421 3324 ferreis
3451 3271 3660 3341 depexi
3694 3290 3760 3327 ac

2105 3360 2353 3414 demum
2388 3358 2448 3411 in
2481 3358 2787 3412 ardentem
2822 3356 2975 3426 ignis
3032 3356 3336 3412 fornacem
3384 3360 3607 3429 injecti,
3639 3361 3759 3415 laeti

2102 3454 2161 3503 et
2190 3446 2411 3519 gratias
2443 3451 2703 3518 agentes,
2739 3451 2975 3500 sanctas
3008 3461 3075 3499 ac
3106 3445 3310 3500 beatas
3348 3448 3580 3503 animas
3620 3466 3756 3503 suas

2100 3536 2351 3591 Domino
2397 3534 2791 3589 tradiderunt.

328 3637 490 3696 θησαν
554 3623 842 3699 χαίροντες
888 3623 967 3686 εἷς
1021 3624 1194 3696 αὐτήν
1230 3643 1243 3655 ·
1292 3620 1384 3677 καί
1442 3623 1915 3699 εὐχαριστοῦντες,
1971 3621 2289 3701 παρέδωκαν
2373 3622 2467 3683 τὰς
2517 3622 2671 3697 ἁγίας
2728 3623 2817 3675 καὶ
2882 3618 3147 3694 μακαρίας
3211 3621 3385 3677 αὐτῶν
3445 3626 3628 3699 ψυχὰς
3675 3630 3756 3696 τῷ

326 3717 533 3791 Κυρίῳ.

898 3844 1076 3901 MHNI
1105 3848 1193 3898 ΤΩ
1225 3847 1419 3900 ΑΥΤΩ.

1138 3933 1191 3987 Κ,

334 4025 608 4096 Ἀθλησις
636 4028 734 4079 τοῦ
763 4022 927 4098 ἁγίου
988 4021 1262 4097 μάρτυρος
1313 4018 1519 4096 Σαδὼχ
1570 4020 1870 4076 ἐπισκόπου
1900 4019 1990 4076 καὶ

570 4118 679 4170 τῶν
710 4112 799 4167 σὺν
833 4113 982 4185 αὐτῷ
1012 4111 1199 4167 ἐκατὸν
1232 4110 1533 4167 εἷποσιπτὼ
1559 4110 1749 4185 ἁγίων.

407 4235 470 4291 Ὀ
522 4234 684 4307 ἅγιος
746 4227 947 4305 Σαδὼχ
1000 4229 1068 4298 ἧν
1133 4228 1429 4290 ἐπίσκοπος
1484 4225 1537 4281 ἐν
1592 4224 1848 4303 Περσίὸιο
1907 4224 1991 4281 δι-

345 4320 550 4377 δάσκων
607 4319 666 4375 δὶ
716 4320 807 4374 τὸν
864 4319 996 4373 λαὸν
1054 4319 1153 4387 τὴν
1213 4318 1288 4379 είς
1337 4318 1567 4393 Χριστὸν
1626 4316 1804 4372 πίστιν
1838 4359 1852 4383 ,
1902 4316 1988 4371 καὶ

342 4409 583 4473 πολλοςς
618 4408 817 4463 πείθων
849 4409 1249 4482 προσέρχεσθαι
1297 4410 1377 4479 τῷ
1409 4411 1568 4475 ζῶντι
1598 4406 1688 4460 καὶ
1747 4404 1994 4475 ἀληθινῷ

344 4506 475 4573 Θεῷ,
532 4499 610 4561 εἷς
667 4500 837 4571 θυμὸν
887 4498 977 4552 καὶ
1027 4495 1276 4572 μεγάλην
1339 4495 1560 4570 πικρίαν
1619 4494 1834 4565 ἐκίνησε
1863 4494 1990 4554 τοὺς

344 4591 691 4664 πυρολάτρας
776 4585 995 4661 Μάγους
1034 4630 1046 4641 .
1130 4586 1232 4643 Καὶ
1308 4584 1663 4661 βουλομένων

348 4677 684 4744 ἀποστεῖλαι,
714 4678 803 4733 καὶ
843 4682 1110 4750 κρατῆσαι
1152 4676 1244 4730 τὸν
1307 4674 1483 4748 ἅγιον,
1516 4674 1617 4748 ὁρᾷ
1645 4674 1762 4727 καθ’
1792 4671 1992 4733 ὕπνους

348 4768 433 4821 τὸν
456 4768 563 4840 πρὸ
620 4766 786 4822 αὐτοῦ
842 4765 1135 4820 ἐπίσκοπον
1192 4766 1283 4818 τὸν
1341 4763 1710 4838 ἱερομάρτυρα
1744 4760 1995 4834 Συμεὼν,

352 4855 635 4927 ἱστάμενον
693 4854 770 4918 είς
834 4854 1040 4929 μακρὰν
1096 4852 1322 4920 σκάλαν,
1381 4851 1470 4907 καὶ
1513 4852 1786 4907 καλοῦντα
1838 4849 1996 4904 αὐτὸν

358 4943 588 5000 ἀνελθεῖν
621 4954 759 5021 προς
810 4944 993 5013 αὐτὸν,
1038 4943 1293 5016 λέγοντα,
1344 4940 1427 4996 ὅτι
1485 4939 1660 4997 Καλεῖ
1688 4960 1746 4993 σε
1777 4940 1805 4993 ὁ
1832 4945 1993 4994 Bam-

363 5034 479 5095 λεῦς
505 5040 613 5090 τῶν
649 5033 1063 5111 βασιῖευόντων·
1094 5036 1256 5088 τοῦτο
1315 5029 1372 5087 δὶ
1425 5028 1628 5101 ἐδήλου
1656 5030 1754 5096 τὴν
1776 5025 1865 5083 διὰ
1901 5031 1997 5081 τοῦ

366 5124 655 5198 μαρτυρίου
714 5117 968 5177 ἀνάϐασιν
1007 5165 1018 5176 .
1106 5124 1251 5182 Ἕως
1309 5118 1367 5174 δὲ
1428 5122 1599 5173 ταῦτα
1655 5114 1898 5191 διηγεῖτο
1969 5112 1999 5169 ὅ

366 5210 514 5284 ἅγιος
551 5254 566 5281 ,
643 5209 1058 5272 ἀποστείλαντες
1114 5211 1166 5264 οἱ
1224 5210 1405 5284 Μάγοι
1481 5206 1779 5281 ἐκράτησαν
1838 5204 1996 5260 αὑτὸν

363 5301 599 5365 καὶτοὺς
647 5302 739 5357 σὺν
795 5303 947 5373 αὐτῷ
1000 5296 1153 5362 ὄντας
1214 5296 1593 5374 Χριστιανοὺς,
1650 5295 1738 5352 καὶ
1799 5290 1995 5352 ἔϐαλον

364 5388 433 5451 ιίς
488 5391 752 5468 φυλακήν·
832 5390 924 5445 καὶ
975 5386 1391 5463 ἀναγγείλαντες
1470 5387 1593 5460 περὶ
1664 5384 1841 5441 αὐτῶν
1892 5391 1999 5440 Σα-

367 5473 543 5553 ϐωρίῳ
596 5486 675 5553 τῷ
739 5478 954 5556 βασιλεῖ
1010 5482 1228 5553 ΙΙερσῶν
1268 5522 1283 5548 ,
1344 5472 1597 5548 ἐξέϐαλον
1657 5475 1850 5539 αὐτοὺς
1897 5482 1999 5547 τῆς

370 5566 623 5642 φυλακῆς,
651 5572 739 5625 καὶ
776 5568 1191 5642 ἐτιμωρήσαντο
1232 5566 1501 5644 ἰσχυρῶς,
1551 5565 1641 5621 καὶ
1686 5567 1998 5622 τελευταῖον

376 5654 753 5736 ἆπεκεφάλισαν
777 5658 1039 5721 ἅπαντας.

2668 3843 2908 3898 EODEM
2954 3844 3186 3900 MENSE

2715 3931 2817 3986 Die
2848 3932 3130 3988 vicesima

2099 4022 2261 4079 208
2294 4022 2581 4079 Certamen
2635 4023 2814 4077 sancti
2841 4024 3104 4093 martyris
3144 4021 3359 4077 Sadoch
3399 4025 3659 4093 episcopi,
3701 4029 3756 4077 et

2276 4113 2547 4167 sociorum
2604 4116 2820 4165 centum
2847 4112 3051 4179 viginti
3107 4116 3226 4165 octo
3282 4113 3575 4167 sociorum.

2177 4233 2429 4284 Sanctus
2470 4227 2698 4282 Sadoch
2730 4226 2791 4281 in
2822 4226 3064 4281 Perside
3096 4227 3428 4299 episcopus,
3464 4228 3622 4297 quod
3653 4245 3759 4299 po-

2102 4318 2310 4390 pulum
2337 4315 2553 4373 Christi
2585 4315 2762 4370 ﬁdem
2791 4314 3047 4378 doceret,
3084 4315 3420 4385 multosque
3456 4316 3530 4370 ad
3563 4316 3756 4370 vivum

2102 4422 2425 4477 verumque
2446 4406 2630 4460 Deum
2653 4404 2994 4469 adduceret,
3018 4402 3093 4458 ad
3124 4404 3274 4457 iram
3306 4410 3364 4457 et
3393 4405 3757 4477 indignatio-

2102 4514 2262 4563 nem,
2280 4498 2472 4567 Magos
2490 4494 2643 4566 ignis
2665 4493 2922 4548 cultores
2937 4494 3286 4547 commovit:
3311 4494 3526 4564 quibus
3557 4495 3757 4551 volen-

1770 4583 1988 4639 ἐκείνων
2027 4570 2070 4634 D
2106 4586 2260 4640 tibus
2292 4583 2581 4639 satellites
2596 4582 2669 4637 ad
2684 4581 3038 4653 capiendum
3054 4588 3323 4636 sanctum
3342 4583 3761 4650 mittere,vidit

2104 4674 2263 4729 idem
2286 4679 2527 4729 sanctus
2550 4673 2611 4727 in
2644 4672 2869 4727 somnis
2897 4676 3167 4726 sanctum
3194 4678 3511 4745 martyrem
3532 4675 3760 4730 Simeo-

2106 4781 2265 4829 nem,
2291 4779 2467 4818 suum
2498 4762 2559 4816 in
2592 4761 2935 4833 episcopatu
2966 4761 3361 4830 decessorem,
3399 4764 3760 4820 insidentem

2107 4853 2295 4926 longas
2329 4851 2525 4919 scala,
2559 4851 2895 4922 ipsumque,
2923 4857 2989 4905 ut
3018 4850 3091 4906 ad
3123 4868 3184 4906 se
3212 4852 3458 4919 veniret,
3500 4855 3757 4925 compel-

2106 4943 2351 5008 lantem,
2381 4947 2560 5011 atque
2614 4939 2959 4995 dicentem:
3012 4944 3132 4996 Rex
3180 4957 3385 5011 regum
3436 4949 3603 4997 vocat
3661 4949 3795 5010 te;‘

2109 5030 2267 5103 quod
2298 5029 2670 5100 signiﬁcabat
2690 5029 2877 5100 ipsius
2903 5046 3217 5085 ascensum
3249 5047 3355 5102 per
3384 5032 3758 5103 martyrium.

2108 5122 2373 5191 Cumque
2404 5119 2518 5173 ista
2547 5124 2819 5174 narraret
2864 5120 3132 5183 Sanctus,
3168 5120 3267 5190 qui
3302 5120 3468 5175 missi
3527 5120 3765 5176 fuerant

2108 5210 2278 5282 Magi,
2339 5208 2921 5280 comprehenderunt
2978 5209 3174 5280 ipsum
3213 5226 3333 5265 una
3391 5227 3525 5266 cum
3587 5212 3763 5267 sociis

2109 5299 2481 5365 Christianis,
2518 5303 2575 5354 et
2603 5298 2665 5352 in
2720 5298 2960 5355 vincula
3007 5300 3357 5372 conjiciunt,
3390 5319 3630 5358 causam
3664 5321 3764 5358 eo-

2109 5407 2242 5446 rum
2273 5389 2347 5446 ad
2380 5389 2658 5461 Saporem
2687 5389 3003 5444 Persarum
3035 5407 3233 5463 regem
3264 5390 3625 5446 referentes:
3659 5391 3759 5461 qui

2111 5480 2246 5536 illos
2276 5496 2348 5535 ex
2378 5494 2612 5534 carcere
2640 5477 2905 5546 eductos,
2929 5495 2996 5534 ac
3018 5480 3361 5551 gravissime
3393 5485 3597 5546 tortos,
3622 5496 3760 5549 pos-

2112 5576 2307 5627 tremo,
2334 5567 2667 5625 decollavit.
