4072 6194
276 363 394 424 323

941 495 1158 552 Eodem
1191 493 1287 550 die

287 587 442 645 204
474 587 926 646 Commemoratio
989 587 1167 640 sancti
1208 586 1391 641 Patris
1424 583 1603 640 nostri
1631 583 1931 655 Sophronii

974 677 1235 746 episwpi.

1015 769 1206 823 Deest.

919 856 1138 912 Eodem
1171 855 1288 911 die.

281 949 431 1006 205
497 948 955 1001 Commemoratio
1035 948 1216 1001 sancti
1269 943 1457 1001 Patris
1507 947 1686 1001 nostri
1737 945 1930 1000 Leonis

671 1038 917 1106 episcopi
949 1035 1179 1092 Catanae
1217 1037 1276 1090 in
1320 1035 1537 1091 Sicilia.

347 1152 596 1207 Sanctus
618 1153 792 1207 Pater
819 1155 1024 1206 noster
1046 1152 1157 1206 Leo
1185 1151 1656 1222 thaumaturgus,
1690 1165 1760 1204 ex
1779 1148 1928 1204 urbe

273 1245 549 1298 Ravenna
569 1241 998 1296 fuitnobilium
1022 1256 1089 1295 ac
1121 1240 1368 1294 divitum
1391 1245 1704 1311 parentum
1735 1238 1924 1293 ﬁlius:

272 1333 454 1387 sacris
487 1337 682 1387 autem
715 1330 930 1384 litteris
952 1330 1166 1401 oppido
1187 1329 1532 1391 instructus,
1558 1345 1625 1384 ac
1640 1328 1926 1400 singulari

270 1423 486 1476 virtute
519 1420 823 1492 praeditus.
856 1425 922 1474 ut
943 1425 1002 1474 et
1031 1419 1322 1474 miracula
1343 1424 1626 1490 patraret,
1660 1417 1926 1473 ecclesias

277 1510 634 1567 Ravennatis
684 1509 994 1580 presbyter
1023 1508 1370 1563 ordinatur:
1427 1507 1642 1564 deinde
1689 1507 1925 1562 Catanm

272 1598 671 1670 metropoleos
694 1597 1023 1668 episcopus.
1051 1597 1144 1652 Sic
1166 1613 1303 1651 vero
1319 1597 1599 1652 adversus
1615 1595 1926 1652 haereticos

264 1689 566 1762 pugnavit,
600 1693 666 1741 ut
696 1703 904 1742 omnes
949 1686 1272 1741 convicerit
1301 1691 1360 1742 et
1411 1685 1770 1752 confuderit,
1803 1701 1924 1742 non

263 1778 594 1834 ratiociniis
622 1775 982 1840 tantum,sed
1004 1775 1613 1832 demonstrationibus
1643 1775 1823 1830 etiam
1853 1791 1925 1830 ex

1614 356 2034 430 MENOLOG“
2077 357 2283 420 PARS
2325 359 2410 422 II.

1962 497 2022 562 Α
2633 493 2718 566 Ti
2759 489 2896 567 αὐτῇ
2926 489 3109 565 ἡμέρᾳ

3576 361 3701 422 324

2035 577 2284 652 Μνήμλη
2342 583 2439 636 τοῦ
2511 578 2565 636 ἐν
2632 580 2809 652 ἁγίοις
2887 578 3094 656 Πατρὸς
3151 580 3309 654 ἡμῶν
3371 579 3699 659 Σωφρονίου

2689 669 3019 727 ἐπισκόπου.

2763 759 2971 816 Λείπει.

2607 851 2693 925 Τῇ
2751 847 2887 924 αὗτῇ
2935 849 3120 924 ἡμέρᾳ

2030 942 2237 1014 Μνήμη
2267 945 2365 996 τοῦ
2395 938 2448 996 ἐν
2476 940 2653 1017 ἁγίοις
2691 941 2898 1015 Πατρός
2927 943 3092 1014 ἡμῶν
3125 944 3357 1002 Λέοντος
3389 939 3687 998 ἐπισκόπου

2451 1030 2694 1102 Κατάνης
2751 1038 2851 1102 τῆς
2907 1030 2960 1087 ἐν
3020 1029 3270 1104 Σικελίᾳ.

2097 1149 2160 1207 Ὀ
2184 1149 2336 1224 ἅγιος
2389 1151 2574 1224 Πατὴρ
2632 1151 2795 1221 ἡμῶν
2852 1151 3003 1206 Λέων
3037 1151 3066 1204 ὁ
3097 1151 3513 1226 Θαυματουργὸς
3569 1151 3686 1226 ἐγέο

2028 1257 2148 1292 νετο
2175 1237 2281 1293 ἀπὸ
2309 1245 2410 1308 τῆς
2467 1237 2686 1302 πόλεως
2733 1233 3046 1310 Ῥαϐέννης,
3105 1237 3335 1313 εὐγενῶν
3398 1245 3491 1295 καὶ
3531 1241 3684 1297 εὗσε-

2029 1319 2140 1380 6ῶν
2166 1323 2369 1402 γονέων
2428 1326 2566 1388 υἱός·
2625 1328 2716 1381 καὶ
2770 1326 2954 1400 μαθὼν
3015 1328 3115 1396 τὴν
3150 1328 3299 1403 ἱερᾶν
3331 1332 3502 1383 πᾶσαν
3546 1336 3682 1406 Γρα-

2027 1415 2158 1490 φήν,
2188 1415 2278 1470 καὶ
2308 1417 2600 1490 γενόμενος
2646 1414 2914 1488 ἐνάρετος,
2975 1416 3051 1480 ὡς
3079 1415 3170 1472 καὶ
3201 1416 3450 1490 θαύματα
3478 1424 3681 1492 ποιεῖν,

2025 1510 2422 1580 χειροτονεῖται
2489 1500 2857 1580 πρεσϐύτερος
2904 1511 3006 1576 τῆς
3066 1505 3118 1560 ἐν
3169 1500 3426 1581 Ῥαϐέννῃ
3474 1506 3684 1578 ἐκκλη-

2026 1595 2168 1655 σίας.
2201 1595 2337 1650 Εἶτα
2363 1613 2570 1670 γινεται
2616 1593 2708 1648 καὶ
2762 1593 3062 1658 ἐπίσκοπος
3117 1600 3218 1663 τῆς
3279 1596 3682 1669 μητροπόλεως

2025 1684 2299 1753 Κατάνης.
2353 1687 2619 1740 Τοσοῦτον
2669 1681 2729 1739 δὶ
2773 1682 3082 1760 ἠγωνίσατο
3128 1684 3267 1740 κατὰ
3318 1689 3428 1741 τῶν
3473 1687 3679 1761 αἱρετι-

2023 1775 2158 1842 κῶν,
2189 1772 2265 1836 ὡς
2318 1780 2538 1843 νικῆσαι
2576 1772 2795 1844 πάντας,
2854 1774 2946 1842 καὶ
3001 1777 3385 1849 καταισχῦναι,
3411 1777 3476 1831 οὐ
3511 1776 3684 1850 μόνον

264 1870 565 1940 Scriptura
595 1865 816 1937 petitis.
851 1865 1322 1938 Thaumaturgus
1351 1871 1552 1922 autem
1587 1865 1737 1920 fuit:
1769 1881 1905 1920 nam

2018 1860 2254 1938 λόγοις,
2308 1861 2456 1920 ἀλλὰ
2517 1863 2608 1918 καὶ
2679 1868 2973 1941 Γραφικαῖς
3033 1860 3280 1935 δείξεσιν.
3318 1867 3414 1923 Ἦν
3477 1862 3536 1922 δὶ
3586 1878 3680 1932 καὶ

260 1958 638 2013 Heliodoram
669 1954 914 2028 magicis
944 1954 1172 2010 artibus
1227 1955 1450 2010 multos
1483 1955 1910 2026 decipientem,

262 2063 444 2118 seque
468 2046 670 2100 omnia
689 2060 863 2116 posse
889 2043 1264 2112 gloriantem,
1289 2049 1355 2098 ut
1371 2043 1464 2098 vel
1487 2045 1682 2116 ipsum
1714 2043 1913 2116 ignem

258 2142 716 2199 contemneret,
775 2134 1052 2206 precibus
1111 2135 1246 2206 igne
1305 2133 1664 2188 combussit.
1727 2133 1913 2204 Hujus

259 2227 449 2281 sancti
471 2226 629 2280 fama
659 2224 912 2296 permoti
938 2226 1342 2279 Romanorum
1366 2223 1778 2294 imperatores,
1813 2237 1910 2276 ac-

259 2317 443 2371 citum
497 2320 798 2383 rogarunt,
859 2319 926 2368 ut
953 2330 1058 2384 pro
1098 2329 1160 2368 se
1211 2329 1418 2384 preces
1475 2313 1592 2366 Deo
1623 2312 1906 2378 oﬂ'erret;

259 2420 515 2476 cumque
565 2404 624 2458 id
656 2404 728 2459 ab
761 2420 828 2458 eo
862 2403 1302 2472 impetrassent,
1355 2401 1684 2456 honoriﬁce
1716 2400 1913 2472 ipsum

263 2492 565 2547 dimisere.
602 2495 747 2546 Cum
774 2506 908 2544 vero
941 2489 1043 2544 ille
1074 2489 1149 2544 ad
1181 2505 1348 2545 suam
1383 2487 1695 2544 ecclesiam
1753 2487 1915 2542 redi-

265 2585 374 2649 ret,
409 2581 679 2654 migravit
707 2579 781 2634 ad
813 2579 1148 2635 Dominum.

833 2784 1067 2841 EODEM
1091 2784 1343 2840 MENSE.

740 2877 843 2932 Die
901 2877 1183 2931 vicesima
1241 2875 1436 2946 prima

259 2969 412 3028 200
461 2967 910 3023 Commemoratio
951 2967 1130 3020 sancti
1159 2963 1346 3019 Patris
1386 2964 1564 3019 nostri
1612 2963 1912 3034 Agathonis

843 3057 1086 3126 episcopi
1115 3057 1319 3110 Romae.

329 3179 444 3233 Iste
504 3179 745 3232 sanctus
830 3175 1005 3227 Pater
1060 3176 1266 3226 noster
1329 3187 1398 3226 ac
1455 3169 1905 3242 thaumaturgus

253 3269 476 3340 Agatho
495 3283 564 3321 ex
586 3265 755 3320 Italia
775 3263 908 3330 fuit,
937 3261 1279 3316 christianis
1300 3260 1532 3332 piisque
1554 3259 1902 3330 parentibus

249 3366 424 3414 natus
454 3364 634 3427 atque
664 3354 736 3410 ab
791 3354 866 3408 iis
899 3369 1131 3408 summo
1164 3349 1359 3406 studio
1417 3349 1696 3406 omnibus
1717 3366 1751 3406 a
1781 3351 1899 3406 Deo

246 3447 552 3519 inspiratis
583 3443 899 3513 Scripturis
949 3441 1237 3507 eruditus,
1300 3456 1369 3495 ex
1400 3439 1616 3512 quibus
1667 3444 1899 3495 tantum

243 3538 541 3601 utilitatis,
604 3531 1204 3603 compunctionisque
1263 3529 1458 3585 cordis
1515 3529 1801 3601 percepit.
1835 3534 1901 3584 ut

243 3627 493 3682 mortuis
506 3623 853 3696 parentibus
870 3628 1180 3695 congestas
1201 3621 1512 3676 facultates
1530 3637 1668 3676 suas
1690 3636 1898 3675 omnes

244 3718 340 3772 die
371 3734 490 3772 uno
519 3713 856 3770 convocatis
887 3712 1248 3783 pauperibus
1280 3711 1566 3774 diviserit,
1600 3711 1728 3782 ipse
1760 3727 1894 3766 vero

241 3808 304 3861 in
338 3805 769 3861 monasterium
801 3801 1108 3864 secedens,
1132 3806 1191 3856 et
1220 3801 1546 3856 monastico
1569 3800 1774 3856 habitu
1799 3801 1894 3856 in-

244 3897 444 3962 dutus,
480 3901 667 3950 totum
700 3910 762 3948 se
812 3892 1008 3946 divino
1067 3891 1252 3946 cultui
1313 3891 1760 3962 mancipaverit,
1797 3891 1892 3948 die

239 3991 534 4055 nocteque
565 3999 670 4054 pro
709 3981 916 4036 mundi
969 3979 1160 4035 salute
1192 3995 1388 4033 orans.
1453 3979 1544 4034 Sic
1603 3985 1800 4035 autem
1830 3981 1892 4036 in

236 4075 551 4130 virtutibus
585 4070 854 4144 profecit,
885 4076 952 4126 ut
982 4076 1040 4125 et
1067 4069 1291 4124 donum
1337 4068 1762 4125 miraculorum
1793 4087 1893 4126 ac-

233 4166 475 4238 ceperit.
509 4162 804 4230 Quoniam
847 4176 980 4215 vero
1010 4159 1196 4214 virtus
1253 4158 1440 4214 latere
1489 4175 1612 4214 non
1670 4164 1889 4231 potest,

230 4272 384 4328 papa
409 4254 589 4310 etiam
647 4253 848 4308 Romae
875 4251 1065 4306 factus
1097 4253 1219 4306 est:
1252 4263 1508 4320 cumque
1565 4249 1628 4304 in
1658 4249 1886 4320 episco-

230 4345 350 4418 pali
385 4343 670 4417 dignitate
698 4341 921 4412 Optime
965 4355 1026 4395 se
1077 4338 1380 4412 gessisset,
1440 4338 1761 4411 multisque
1795 4340 1884 4395 sui

229 4437 418 4508 ipsius
449 4437 627 4490 vitam
657 4439 942 4504 tanquam
976 4430 1314 4503 exemplum
1354 4429 1715 4487 imitandum
1745 4431 1882 4486 reli-

232 4526 479 4598 quisset,
513 4523 870 4580 obdornivit.

789 4727 1030 4784 EODEM
1071 4726 1317 4782 MENSE.

689 4818 794 4872 Die
832 4817 1117 4873 vicesima
1156 4814 1419 4871 secunda

295 4910 443 4968 207
480 4910 939 4965 Commemoratio
967 4907 1146 4962 sancti
1173 4904 1426 4960 Atanasii
1447 4903 1803 4974 Confessoris.

952 4997 1144 5050 Deest.

789 5113 1028 5170 EODEM
1057 5111 1312 5168 MENSE.

720 5205 824 5261 Die
872 5202 1156 5260 vicesima
1203 5200 1377 5257 tertia

293 5297 446 5356 208
479 5297 764 5356 Certamen
810 5293 1145 5352 sacrosancti
1198 5293 1466 5363 martyris
1507 5290 1805 5364 Polycarpi

772 5384 1012 5457 episcopi
1051 5383 1324 5454 Smyrna.

292 5477 652 5550 Polycarpus
683 5473 1094 5531 sanctissimus
1121 5469 1366 5527 Joannis
1396 5468 1696 5545 Theologi,
1729 5488 1874 5546 apo-

221 5568 378 5629 stoli.
405 5573 464 5622 et
485 5565 860 5639 evangelista;
893 5561 1240 5633 discipulus,
1268 5561 1532 5634 Smyrna)
1557 5563 1872 5635 episcOpus

217 5659 281 5716 in
338 5655 634 5714 demortui
691 5651 1076 5712 sacratissimi
1127 5649 1329 5708 Bucoli
1381 5650 1640 5725 episcopi
1672 5651 1869 5710 locum

2020 1953 2493 2028 θαυματουργός·
2569 1953 2663 2008 καὶ
2747 1952 2852 2029 γὰρ
2934 1953 3026 2008 τὸν
3109 1955 3279 2030 μάγον
3337 1952 3677 2029 Ἦλιόδωρον

2014 2050 2264 2106 πολλους
2333 2047 2452 2106 ταῖς
2518 2041 2762 2118 μαγείαις
2825 2038 3152 2110 πλανῶντα,
3217 2040 3307 2097 διὰ
3359 2047 3678 2119 προσευχῆς

2014 2129 2146 2205 πυρὶ
2173 2129 2517 2200 κατέκαυσεν,
2567 2131 2985 2206 καυχησάμενον
3049 2132 3224 2186 πάντα
3277 2128 3555 2196 δύνασθαι,
3598 2134 3674 2196 ὡς

2021 2215 2161 2292 μηδὲ
2189 2223 2296 2296 πῦρ
2328 2215 2632 2296 φοϐεῖσθαι.
2693 2218 2822 2295 Περὶ
2873 2219 3072 2275 τούτου
3131 2224 3232 2275 τοῦ
3290 2219 3451 2295 ἁγίου
3501 2222 3594 2276 καὶ
3624 2239 3683 2302 οε

2025 2308 2270 2384 βασιλεῖς
2330 2310 2621 2382 Ῥωμαίων
2707 2309 3032 2371 ἀκούσαντες
3068 2353 3083 2378 ,
3164 2308 3471 2382 ἐθαύμασαν
3504 2353 3517 2367 .
3579 2317 3683 2374 Καὶ

2015 2398 2522 2473 προσκαλεσάμενοι
2627 2399 2788 2454 αὐτὸν
2824 2442 2840 2467 ,
2929 2399 3112 2471 ἠξίουν
3203 2394 3448 2472 εὔξασθαι
3537 2401 3672 2475 ὑπὲρ

2019 2488 2198 2544 αὐτῶν
2230 2508 2244 2522 ⁸
2304 2490 2395 2544 καὶ
2448 2489 2712 2551 τυχόντες
2778 2493 2886 2544 τῶν
2965 2489 3171 2544 ἐκείνου
3249 2487 3426 2564 εὐχῶν
3463 2534 3477 2557 ,
3545 2493 3678 2564 μετᾶ

2015 2585 2186 2650 τιμῆς
2216 2577 2508 2633 ἀπέλυσαν·
2563 2577 2874 2635 ἀπελθόντα
2929 2576 2988 2635 δὶ
3035 2578 3110 2642 εἴς
3137 2580 3238 2647 τὴν
3297 2577 3437 2634 ἰδίαν
3470 2578 3674 2652 ἐκκλη-

2017 2665 2136 2723 σίαν
2167 2661 2542 2744 προσελάϐετο
2574 2668 2602 2724 ὁ
2634 2667 2851 2744 Κύριος.

2591 2785 2771 2842 ΜΠΝῙ
2799 2789 2882 2839 ἰὩ
2915 2787 3105 2844 ΑΥΤΩ.

2018 2964 2228 3038 Μνήμη
2259 2967 2358 3019 τοῦ
2388 2963 2443 3020 ἐν
2473 2961 2646 3038 ἁγίοις
2677 2875 2892 3034 Ungi:
2921 2965 3084 3036 ἡμῶν
3123 2963 3423 3039 Ἀγάθωνος
3455 2964 3677 3021 ἐπισκό-

2654 3073 2761 3108 που
2781 3051 3025 3127 Ῥώμης.

2087 3169 2186 3224 Καὶ
2218 3168 2376 3233 οὗτος
2409 3169 2436 3224 ὁ
2467 3167 2616 3231 ὅσιος
2664 3169 2853 3244 Ηατὴρ
2886 3171 3047 3242 ἡμῶν
3102 3171 3189 3225 καὶ
3253 3171 3669 3246 θαυματουργὸς

2010 3260 2264 3335 ’Δγάθων
2313 3257 2374 3316 ἐκ
2423 3265 2524 3329 τῆς
2573 3257 2808 3321 Ἰταλίας
2865 3257 3095 3334 ἐγένετο,
3154 3260 3270 3321 υίὸς
3327 3261 3663 3333 Χριστιανῶν

2011 3349 2234 3424 γονέων,
2295 3342 2543 3404 εὐλαϐῶν
2601 3349 2692 3403 καὶ
2749 3343 3003 3404 εὖτεόῶν.
3037 3348 3105 3406 Οἳ
3154 3345 3210 3404 δὲ
3265 3354 3444 3424 γονεῖς
3502 3349 3666 3404 αὐτοῦ

2011 3445 2478 3525 φιλοπονήσαντες
2574 3444 2815 3518 ἐδίδαξαν
2919 3446 3077 3502 αὐτὸν
3178 3452 3349 3502 πᾶσαν
3437 3450 3656 3528 Γραφήν

2011 3538 2360 3602 θεόπνευστον
2398 3537 2484 3591 καὶ
2547 3535 2850 3614 ὠφέλιμον.
2906 3539 3171 3592 Τοσοῦτον
3233 3535 3336 3612 γάρ
3389 3536 3655 3615 ὠφελήθη

2008 3626 2154 3701 παρὰ
2181 3627 2279 3695 τῆς
2311 3625 2456 3690 θείας
2511 3631 2750 3703 Γραφῆς,
2801 3625 2887 3680 καὶ
2947 3625 3240 3700 κατενύγη,
3301 3625 3376 3689 ὡς
3432 3627 3567 3699 μετὰ
3595 3627 3658 3683 τὸ

1951 3725 1958 3732 ’
2013 3715 2305 3778 ἀποθανεῖν
2354 3714 2480 3777 τοὺς
2508 3718 2687 3790 γονεῖς
2746 3713 2932 3783 αὐτοῦ,
2988 3719 3305 3791 συναγαγεῖν
3357 3714 3530 3770 πάντᾶ
3565 3717 3656 3771 τὸν

2005 3801 2247 3858 πλοῦτον
2276 3803 2466 3873 αὐτοῦ,
2490 3803 2581 3858 καὶ
2629 3802 3099 3878 προσκαλέσασθαι
3141 3805 3422 3880 πτωχοὸς,
3471 3805 3560 3859 καὶ
3605 3804 3656 3861 ἐν

2007 3896 2108 3965 μιᾷ
2161 3891 2343 3968 ἡμέρᾳ
2395 3889 2772 3968 διασκορπίσαι
2827 3890 3009 3950 αὐτόν.
3060 3891 3236 3956 Αὐτὸς
3293 3888 3350 3947 δὲ
3380 3890 3656 3964 ἀπελθὼν,

2001 3981 2090 4036 καὶ
2141 3979 2433 4056 γενόμενος
2487 3977 2538 4035 έν
2590 3979 2798 4056 ἡσυχίᾳ
2853 3979 2931 4044 εἰς
3000 3982 3388 4057 μοναστήριον,
3448 3981 3538 4036 καὶ
3587 3981 3651 4037 τὸ

2005 4069 2307 4146 μοναχικὸν
2347 4076 2542 4145 σχῆμα
2574 4074 2828 4144 φορέσας,
2870 4066 3127 4126 ἐδούλευε
3177 4073 3248 4145 τῇ
3302 4073 3432 4146 Θεῇ,
3461 4072 3656 4134 νυκτὸς

1999 4161 2090 4216 καὶ
2137 4160 2350 4236 ἡμέρας
2405 4160 2536 4232 ὑπὲρ
2593 4163 2691 4215 τοῦ
2738 4159 2952 4232 κόσμου
3002 4160 3471 4237 προσευχόμενος.
3506 4164 3650 4219 Τοσ-

1999 4253 2155 4305 οῦτον
2185 4246 2244 4305 δὶ
2305 4247 2608 4324 ἠγωνίσατο
2667 4247 2742 4311 εἰς
2797 4249 3014 4320 ἀρετὴν,
3071 4248 3147 4312 ὡς
3185 4249 3369 4304 καὶτὸ
3398 4250 3648 4326 χάρισμα

1998 4331 2185 4394 λαϐεῖν
2240 4339 2338 4392 τοῦ
2387 4340 2819 4412 θαυματουργεῖν
2851 4378 2866 4393 .
2938 4334 3089 4394 Ἐπεὶ
3155 4333 3212 4392 δὲ
3262 4339 3298 4407 ἡ
3355 4336 3528 4406 ἁπετὴ
3585 4336 3648 4392 οὐ

1997 4427 2249 4493 λανθάνει
2281 4471 2296 4498 ,
2353 4427 2538 4504 γέγονε
2591 4427 2685 4483 καὶ
2739 4427 2922 4492 πάπας
3003 4429 3230 4502 Ῥώμης
3262 4449 3275 4462 ’
3319 4427 3408 4484 καὶ
3459 4426 3642 4491 καλῶς

1997 4515 2296 4593 διαπρέψας
2328 4517 2381 4573 ἐν
2411 4520 2492 4590 τῷ
2542 4515 2884 4591 ἐπισκοπικῷ
2939 4517 3232 4592 ἀξιώματι,
3287 4518 3376 4574 καὶ
3407 4517 3643 4580 πολλοῖς

1916 4570 1964 4636 Ι)
1994 4570 2892 4685 assyriawim.‘"ea;
2927 4570 3636 4682 az;“1;.‘s.;'1..;;;ia:

2551 4726 2733 4783 MHNI
2761 4727 2853 4782 ΤΩ
2880 4728 3081 4784 ΑΥἹὮ.

2087 4904 2300 4977 Μνήμη
2333 4907 2430 4959 τοῦ
2457 4902 2619 4978 ἁγίου
2649 4815 2978 4961 Ἀθοὶῗισίου
3004 4908 3102 4960 τοῦ
3131 4903 3536 4980 Ὀμολογητοῦ.

2697 4992 2885 5048 Λείπει
2906 5036 2920 5049 .

2544 5111 2722 5167 MHNI
2760 5115 2844 5165 ΤΩ
2877 5113 3073 5168 ΑΥΤΩ.

2757 5200 2862 5256 Kl"

1980 5285 2249 5361 Ἀθλησις
2274 5292 2372 5344 τοῦ
2403 5288 2556 5365 ἁγίου
2587 5289 2986 5366 ἱερομάρτυρος
3022 5287 3388 5367 Πολυκάρπου
3409 5293 3630 5349 ἐπισκό-

2583 5399 2690 5434 που
2748 5378 3028 5456 Σμύρνηςο

2053 5465 2415 5545 Πολόκαρπος
2465 5467 2493 5524 ὁ
2560 5468 2866 5544 ἁγιώτατος
2920 5470 3170 5543 μαθητὴς
3223 5471 3292 5540 ἦν
3338 5475 3436 5527 τοῦ
3477 5471 3633 5548 ἁγίου

1981 5555 2294 5614 ἀποστόλου
2322 5558 2410 5613 καὶ
2447 5554 2834 5634 εὐαγγελιστοῦ
2873 5560 3130 5616 ’ῐωάννοῦ
3183 5564 3282 5615 τοῦ
3333 5556 3630 5636 Θεολόγου·

1983 5653 2383 5727 χειροτονεῖται
2416 5645 2474 5704 δὲ
2507 5646 2802 5712 ἐπίσκοπος
2849 5646 2924 5712 εῗς
2985 5649 3237 5724 Σμύρναν
3299 5651 3432 5724 μετᾶ
3459 5651 3523 5706 τὸ
3541 5671 3632 5707 τε·
