4074 6192
261 320 368 381 325

1652 315 2195 381 FEBRUARIUS.

3542 325 3660 383 396

251 450 503 518 λευτῆσαι
558 446 841 506 Βουκόλον
901 445 997 503 τὸν
1052 446 1347 523 ἱερώτατον
1418 445 1736 502 ἐπίσκοπον*
1796 445 1888 501 καὶ

2022 448 2315 507 >rdinatus
2345 457 2471 508 est:
2502 451 2722 507 etenim
2754 452 3005 508 Bucolus
3032 453 3175 508 dum
3204 453 3397 510 adhuc
3418 456 3657 525 viveret,

252 539 346 616 γὰρ
396 534 474 593 ἔτι
537 541 643 608 ζῶν
698 538 727 592 ὁ
782 536 1063 598 Βουκόλος
1112 537 1473 614 προεφὲτευσε
1528 538 1651 612 περὶ
1713 534 1901 606 αὐτοῦ,

250 629 328 684 δτι
411 626 586 691 Αὐτὸς
669 624 868 699 μέΛλει
949 627 1191 701 γενέσθαι
1279 623 1527 702 δεύτερος
1607 625 1901 687 ἐπίσκοπος

252 718 524 791 Σμύρνης.
583 718 953 793 Ὑπάρχοντος
1005 713 1063 771 δὲ
1123 712 1372 791 διωγμοῦ
1428 717 1563 772 κατὰ
1615 721 1723 771 τῶν
1767 717 1905 792 Χρι-

254 811 476 863 στιανῶν
532 806 682 880 παρὰ
730 806 923 861 Δεκίου
978 808 1076 859 τοῦ
1138 803 1431 882 βασιλέως,
1486 804 1782 880 ἐκρατήθη,
1812 817 1902 873 καὶ

251 898 543 973 προσήχθη
575 899 656 969 τῷ
687 892 997 968 ἀνθυπάτῳ,
1038 895 1128 950 καὶ
1190 895 1327 968 μετὰ
1381 891 1596 957 πολλὰς
1639 894 1904 969 βασάνους

252 985 567 1056 ἐτελειώθη·
601 983 826 1055 ἐποίησε
872 981 930 1039 δὲ
981 984 1229 1058 θαύματα
1285 981 1491 1039 πολλὰ·
1548 982 1639 1040 καὶ
1670 983 1772 1060 γὰρ
1798 984 1905 1058 πρὸ

251 1076 343 1131 τοῦ
416 1080 897 1151 χειροτονηθῆναι,
955 1080 1055 1143 τῆς
1135 1073 1512 1150 ἀναθρεψασης
1591 1072 1750 1128 αὐτὸν
1807 1093 1905 1148 γυ-

253 1165 431 1226 ναικὸς
461 1163 559 1224 τὰς
616 1163 893 1233 ἀποθήκας
950 1161 1389 1237 προσευξάμενος
1447 1161 1660 1238 ἐγέμισε
1706 1161 1905 1224 παντὸς

260 1256 479 1330 ἀγαθοῦ,
537 1253 635 1315 τὰς
691 1251 956 1327 πρότερον
1015 1252 1334 1313 κενωθείσας
1392 1251 1468 1314 είς
1518 1252 1756 1320 τὴντῶν
1789 1248 1906 1306 δεο-

265 1343 435 1416 μένων
480 1342 689 1417 χρείαν’
745 1341 836 1396 καὶ
895 1342 1031 1415 μετὰ
1085 1342 1147 1396 τὸ
1203 1348 1684 1417 χειροτονηθῆναι,
1746 1342 1909 1415 μεγαν

255 1434 581 1507 ἐμπρησμὸν
638 1429 726 1486 διὰ
803 1438 1122 1507 προσευχῆς
1207 1428 1423 1502 ἔστησεο
1492 1430 1582 1485 καὶ
1639 1424 1912 1507 ἀϐροχίας

255 1524 574 1598 γενομένης,
611 1521 760 1577 ὑετὸν
817 1523 1111 1597 κατήγαγε,
1172 1521 1264 1575 καὶ
1323 1518 1468 1576 ἄλλα
1498 1518 1685 1576 πολλὰ
1736 1519 1910 1596 παρά·

262 1611 381 1683 ὃοξα
413 1617 551 1668 Θεοῦ
583 1612 772 1688 χάριτι
830 1614 1097 1683 ποιήσας,
1158 1610 1431 1686 ἐκοιμήθη
1487 1611 1914 1687 θαυματουργιῖη

257 1702 353 1765 ’ἕως
376 1707 479 1759 τοῦ
508 1708 625 1761 νῦν.

801 1804 985 1861 ΜΗΝΙ
1024 1807 1109 1857 ΤΩ
1148 1807 1340 1860 ΑΥΤΩ.

1034 1894 1135 1949 ΚΔ⁹

239 1985 308 2041 Ἠ
344 1984 652 2056 ἀνάμνησις
684 1989 791 2052 τῆς
843 1981 1100 2057 εὑρέσεως
1158 1982 1260 2051 τῆς
1302 1980 1488 2055 τιμίας
1534 1977 1779 2050 κεφαλῆς
1808 1984 1905 2035 τοῦ

898 2070 1225 2147 Προδρόμου
1244 2114 1256 2127 .

316 2164 443 2219 Ὀτε
479 2160 886 2239 άπεκεφαλίσθη
939 2162 1043 2217 ὑπὸ
1096 2158 1342 2236 Ἡρώδου
1377 2161 1405 2215 ὁ
1435 2160 1585 2235 ἅγιος
1645 2160 1903 2229 Ἰωάννης

255 2250 655 2326 ὁΠρόδρομος,
716 2250 1006 2321 ἐναπετέθη
1042 2253 1076 2320 ἡ
1109 2248 1319 2326 κεφαλὴ
1372 2247 1534 2304 αὐτοῦ
1567 2248 1641 2311 εἷς
1693 2248 1902 2323 ἀγγεῖον

255 2344 595 2417 ὀστράκινον,
650 2340 740 2395 καὶ
798 2335 999 2414 ἐκρύϐη
1059 2338 1111 2394 ἐν
1167 2328 1251 2414 τῇ
1294 2338 1442 2409 οἰκίᾳ
1492 2343 1590 2393 τοῦ
1632 2334 1902 2412 Ἡρώδου⁸

255 2433 380 2503 μετᾶ
409 2430 471 2487 δὲ
508 2430 744 2506 χρόνους
775 2429 1049 2499 πολλοὺς,
1084 2427 1202 2484 δυσῖ
1256 2433 1533 2504 μοναχοῖς
1574 2426 1901 2491 ἀπελθοῦσιν

252 2520 319 2582 εἷς
361 2519 753 2596 Ἰεροσόλυμα,
812 2523 910 2575 τοῦ
970 2526 1342 2595 προσκυνῆσαι
1399 2519 1491 2572 τὸν
1550 2522 1647 2572 τοῦ
1707 2516 1903 2592 Κυρίου

248 2612 429 2686 τάφον,
495 2608 666 2687 ἐφᾶνη
709 2610 825 2664 κατ’
882 2605 1010 2684 ὄναρ
1068 2609 1096 2663 ὁ
1154 2608 1308 2683 ἅγιος
1369 2607 1627 2677 Ἰωάννης
1687 2606 1904 2678 μηνύων

254 2698 448 2769 αὐτοῖς,
516 2702 624 2753 ποῦ
679 2704 853 2753 κεῖται
884 2697 1107 2770 ἡτιμία
1161 2696 1373 2774 κεφαλή
1428 2696 1612 2753 αὐτοῦ.
1667 2696 1768 2752 Καὶ
1818 2695 1902 2750 εύ-

249 2789 417 2863 ρόντες
450 2788 656 2859 αὐτὴν,
686 2792 838 2865 εἶχον
868 2787 920 2843 ἐν
952 2792 1110 2861 τιμῇ·
1146 2786 1196 2858 ἐξ
1257 2788 1433 2842 αὐτῶν
1496 2784 1553 2842 δὲ
1609 2780 1904 2841 ἀνελάϐετο

252 2879 406 2948 αὐτὴν
439 2877 719 2952 κεραμεὺς
747 2898 852 2948 τις,
910 2878 1001 2932 καὶ
1058 2876 1264 2952 ἤγαγεν
1321 2876 1400 2938 εἰς
1453 2877 1554 2946 τήν
1587 2879 1906 2950 Ἐμεσηνῶν

253 2967 423 3028 πόλιν.
454 2971 599 3025 ”Οτε
657 2964 715 3022 δὲ
772 2965 1108 3036 ἐτελεύτησε,
1166 2964 1454 3021 κατέλιπεν
1512 2966 1681 3036 αὐτὴν
1714 2970 1782 3040 τῇ
1816 2964 1908 3039 δίᾳ

253 3054 450 3135 ἀδελφῇ
487 3079 504 3092 ·
561 3056 651 3112 καὶ
710 3055 894 3111 ἔκτοτε
949 3058 1088 3111 κατὰ
1141 3053 1413 3131 διαδοχὴν
1471 3055 1767 3126 περιῆλθεν
1828 3057 1902 3120 είς

1932 1813 1981 1879 Β

2008 539 2082 595 de
2116 557 2181 596 eo
2214 542 2569 613 prmdixerat
2592 542 2718 598 fore
2748 548 2815 597 ut
2844 548 3003 597 esset
3031 543 3181 598 alter
3212 546 3475 616 Smyrnae
3531 548 3657 618 epi-

2007 646 2240 701 SCOpllS.
2264 636 2568 687 Commota
2594 638 2792 686 autem
2816 648 2849 686 a
2880 632 3053 686 Decio
3075 632 3433 703 imperatore
3456 635 3659 690 adver-

2009 735 2109 774 sus
2127 720 2497 775 Christianos
2527 722 2963 792 persecutione,
2992 723 3479 793 comprehensus,
3507 732 3565 779 et
3586 726 3660 780 ad

2009 810 2428 880 proconsulem
2459 809 2769 874 adductus,
2799 816 2933 881 post
2962 811 3182 865 multos
3222 813 3519 867 cruciatus
3560 832 3661 870 oc-

2009 898 2232 952 cubuit.
2293 899 2558 954 Plurima
2616 916 2748 953 vero
2803 899 3093 954 miracula
3150 900 3372 955 edidit:
3435 903 3659 957 etenim

2010 985 2359 1057 priusquam
2392 986 2787 1055 ordinaretur,
2844 987 3195 1041 exhaustum
3253 990 3504 1044 nutricis
3537 1007 3660 1045 suae

2009 1090 2168 1145 penu
2190 1074 2483 1131 bonorum
2515 1076 2783 1130 omnium
2814 1076 2985 1147 copia
3014 1077 3087 1131 ad
3119 1078 3421 1147 egentium
3445 1079 3669 1134 utilita—

2012 1171 2152 1232 tem,
2205 1166 2355 1221 fusis
2385 1166 2459 1221 ad
2489 1166 2674 1221 Deum
2706 1165 2982 1237 precibus
3042 1167 3305 1237 replevit.
3345 1170 3664 1240 Postquam

2013 1260 2212 1310 autem
2244 1255 2552 1310 ordinatus
2577 1260 2685 1315 est.
2718 1271 2996 1325 magnum
3022 1255 3367 1310 incendium
3399 1259 3665 1313 oratione

2015 1345 2296 1399 exstinxit
2320 1362 2331 1399 :
2357 1350 2416 1399 et
2438 1345 2721 1399 siccitatis
2744 1350 3007 1415 tempore
3036 1345 3287 1399 imbrem
3311 1347 3665 1417 impetravit.

2015 1434 2279 1505 Cumque
2301 1434 2419 1489 alia
2440 1434 2698 1505 plurima
2720 1439 3014 1504 portenta,
3038 1435 3136 1487 Dei
3169 1436 3378 1506 gratia,
3405 1435 3663 1503 fecisset,

2015 1524 2391 1592 obdormivit,
2423 1524 2849 1579 miraculorum
2880 1521 3035 1578 dono
3062 1523 3135 1579 ad
3158 1524 3315 1579 hunc
3347 1524 3505 1579 diem
3528 1525 3664 1579 illu-

2017 1619 2257 1669 stratus.

2587 1793 2825 1849 EODEM
2869 1793 3099 1848 MENSE

2514 1881 2615 1937 Die
2647 1882 2926 1937 vicesima
2957 1888 3167 1953 quarta

2013 1976 2165 2032 209
2225 1973 2677 2031 Commemoratio
2752 1973 3085 2026 inventionis
3161 1973 3396 2041 pretiosi
3456 1969 3662 2042 capitis

2647 2061 3027 2117 Praecursoris.

2087 2178 2230 2230 Cum
2265 2178 2504 2230 sanctus
2542 2174 2798 2228 Joannes
2830 2174 3166 2227 Praecursor
3194 2170 3264 2226 ab
3297 2172 3525 2226 Herode
3559 2171 3662 2225 de-

2014 2265 2264 2320 collatus
2296 2269 2407 2329 est,
2430 2262 2727 2317 inclusum
2761 2261 2889 2331 ejus
2920 2268 3097 2331 caput
3127 2262 3187 2315 in
3222 2278 3355 2315 vase
3380 2261 3567 2327 fictili,
3602 2261 3662 2316 in

2015 2354 2283 2425 ejusdem
2318 2352 2562 2407 Herodis
2593 2351 2767 2405 domo
2802 2351 2991 2405 latuit.
3028 2353 3166 2404 Post
3213 2351 3434 2405 multos
3464 2358 3663 2405 autem

2015 2460 2206 2499 annos
2237 2441 2547 2497 monachis
2562 2440 2792 2495 duobus
2811 2440 3220 2511 Hierosolyma
3234 2439 3308 2495 ad
3324 2440 3663 2510 sepulcrum

2015 2532 2250 2588 Domini
2285 2531 2653 2586 adorandum
2701 2529 2981 2599 profectis
3040 2530 3316 2600 apparuit
3346 2530 3407 2583 in
3440 2530 3665 2583 somnis

2015 2627 2255 2676 sanctus
2283 2617 2845 2677 Joannes.indicans
2861 2619 2965 2679 eis,
2990 2619 3090 2671 ubi
3118 2619 3445 2688 pretiosum
3478 2619 3665 2687 ipsius

2012 2710 2433 2781 caputjaceret
2456 2725 2469 2762 :
2494 2707 2652 2778 quod
2684 2724 2817 2762 cum
2844 2707 3225 2778 reperissent,
3244 2708 3305 2761 in
3332 2724 3544 2778 magno
3558 2708 3667 2762 ho-

2013 2817 2157 2856 nore
2184 2800 2462 2855 habuere.
2494 2800 2569 2852 Ex
2593 2798 2664 2852 iis
2697 2798 2754 2851 id
2779 2804 3083 2868 receptum
3098 2798 3313 2869 ﬁgulus
3338 2797 3581 2868 quidam
3605 2799 3666 2853 in

2015 2895 2445 2946 Emesenorum
2462 2888 2757 2942 civitatem
2776 2886 2991 2941 detulit
3039 2886 3124 2940 Ab
3142 2887 3251 2941 hoc
3283 2893 3507 2957 postea.
3528 2904 3662 2942 cum

2013 2978 2560 3034 moreretur.sorori
2579 2978 2764 3048 ipsius
2777 2976 3049 3031 relictum
3066 2981 3183 3040 est;
3200 2982 3255 3030 et
3270 2975 3549 3047 deinceps
3564 2993 3667 3047 per

2013 3086 2226 3125 manus
2256 3068 2652 3139 plurimorum
2684 3066 2989 3131 traditum,
3024 3065 3086 3119 in
3120 3081 3189 3119 ea
3219 3064 3363 3119 urbe
3396 3082 3668 3135 perman-

250 3145 507 3210 πολλούς.
568 3146 690 3201 Ἐπὶ
722 3142 780 3201 δὲ
834 3147 933 3214 τῆς
986 3144 1262 3221 βασιλείας
1322 3145 1576 3219 Μιχαὴλ,
1607 3149 1705 3199 τοῦ
1734 3148 1900 3216 ποιή-

2022 3160 2112 3223 sit,
2144 3159 2339 3230 quoad
2372 3158 2736 3229 temporibus
2781 3155 3085 3211 Michaelis
3136 3156 3511 3226 imperatoris
3564 3155 3665 3225 qui

254 3256 427 3298 σαντος
518 3237 624 3305 τὴν
686 3231 1021 3310 ὁρθοδοξίαν,
1070 3234 1159 3289 καὶ
1219 3233 1479 3309 Ἰγνατίου
1531 3234 1898 3311 πατριάρχου,

257 3326 597 3399 ἀπεκομίσθη
631 3330 763 3380 Θεοῦ
823 3328 1007 3401 χάριτι
1070 3324 1146 3388 εἷς
1185 3325 1781 3380 Κωνσταντινούπολιν’
1815 3324 1905 3379 καὶ

256 3414 539 3486 ἐναπετέοη
580 3414 716 3487 μετὰ
771 3414 1015 3490 μεγάλης
1067 3420 1237 3485 τιμῆς
1290 3413 1342 3467 ἐν
1400 3412 1561 3487 αὐτῇ,
1625 3412 1698 3475 ὠς
1729 3414 1817 3469 καὶ
1844 3413 1909 3469 τὰ

259 3502 412 3560 λοιπὰ
440 3506 623 3561 πάντα
680 3505 829 3576 ἅγια,
885 3504 977 3557 καὶ
1032 3502 1100 3557 τὰ
1152 3507 1259 3557 τῶν
1314 3502 1482 3578 ἁγίων
1544 3502 1794 3577 λείψανα,
1830 3503 1907 3566 είς

259 3596 440 3668 σκέπην
473 3597 573 3652 καὶ
608 3594 904 3673 ἀσφάλειαν
941 3594 1133 3663 αὐτῆς.

829 3687 915 3757 Τῇ
972 3682 1109 3758 αὐτῇ
1164 3684 1350 3757 ἡμέρᾳ

256 3773 509 3844 ’Δθλησις
601 3771 699 3828 τοῦ
788 3772 940 3847 ἁγίου
1022 3772 1281 3848 Ῥηγίνου
1377 3771 1682 3827 ἐπισκόπου
1763 3780 1909 3830 Σκο-

979 3859 1163 3916 πέλων
1191 3906 1205 3919 .

315 3954 373 4010 Ὁ
428 3955 597 4028 ἅγιος
643 3950 992 4025 Ἱερομάρτυς
1049 3950 1322 4025 Ῥηγῖνος,
1378 3948 1585 4025 ἐγένετο
1644 3950 1754 4006 ἀπὸ
1812 3959 1915 4022 τῆς

278 4043 455 4116 χώρας
488 4038 791 4108 Ἑλλάδος,
852 4038 1052 4114 γονέων
1110 4042 1451 4112 Χριστιανῶν
1507 4039 1644 4100 υἱός.
1686 4041 1780 4095 Καὶ
1816 4062 1918 4113 μα-

278 4134 373 4193 θὼν
431 4134 521 4187 ὑπ’
582 4131 762 4185 αὐτῶν
814 4132 914 4198 τὴν
968 4122 1263 4195 εὐσέϐειαν,
1319 4129 1410 4181 καὶ
1465 4128 1534 4183 τὰ
1588 4129 1708 4202 ἱερᾶ
1737 4132 1917 4205 Γράμ-

282 4241 426 4289 ματα,
483 4220 704 4294 ἐγένετο
764 4218 1011 4291 ἐνάρετος
1067 4217 1156 4272 καὶ
1214 4211 1559 4294 φοϐούμενος
1615 4220 1708 4273 τὸν
1763 4220 1890 4276 Θεόν

276 4310 350 4361 καὶ
377 4308 467 4365 διὰ
494 4313 605 4380 τὴν
636 4309 831 4383 ἀρετὴν
863 4309 1053 4371 αὐτοῦ,
1085 4307 1174 4361 καὶ
1232 4308 1332 4374 τήν
1367 4306 1588 4375 πολλὴν
1648 4304 1917 4365 εὐσέϐειαν

279 4399 408 4471 παρὰ
432 4404 532 4454 τοῦ
583 4398 723 4452 κατὰ
768 4398 858 4451 τὸν
915 4396 1083 4451 τόπον
1116 4394 1417 4449 ἐπισκόπου
1473 4396 1681 4470 γίνεται
1734 4396 1921 4454 διάκο-

280 4507 357 4549 νος
384 4495 482 4557 τῆς
510 4489 566 4544 ἐν
595 4492 664 4561 τῇ
689 4484 915 4543 Ἐλλάδι
979 4484 1324 4555 Ἐκκλησίάς’
1386 4487 1501 4540 εἶτα
1530 4481 1916 4563 πρεσϐύτερος·

282 4576 379 4631 εἶτα
406 4580 493 4633 καὶ
553 4577 853 4637 ἐπίσκοπος
915 4573 1231 4630 Σκοπὲλων.
1286 4577 1553 4630 Τοσοῦτον
1614 4573 1670 4630 δὲ
1706 4578 1919 4653 γέγονεν

284 4666 346 4728 εἷς
366 4669 559 4743 ἀρετὴν
623 4662 977 4741 περιϐόητος,
1026 4666 1101 4728 ὡς
1154 4665 1246 4719 καὶ
1296 4664 1371 4726 εἷς
1425 4666 1525 4735 τὴν
1583 4665 1635 4721 ἐν
1671 4665 1912 4743 Σαρδικῇ

282 4756 484 4812 σύνοδον
530 4755 972 4829 προσκληθῆναι,
1027 4753 1116 4809 καὶ
1164 4754 1574 4828 παραγενέσθαι,
1623 4756 1711 4811 καὶ
1743 4758 1915 4820 πάσας

279 4846 360 4909 τὰς
384 4849 623 4923 πὶρέσεις
663 4844 755 4901 δια
798 4849 896 4901 τοῦ
954 4844 1122 4918 λόγου
1178 4843 1367 4912 αὐτοῦ,
1400 4845 1489 4899 καὶ
1546 4851 1647 4915 τῆς
1701 4847 1915 4922 παρρη-

280 4934 379 4997 σίας
434 4937 710 5015 ἀφανίσειν
763 4937 879 4990 εἶτα
939 4934 1275 5007 ὑποστρέψαι
1331 4932 1409 4995 εἷς
1462 4935 1562 5003 τήν
1625 4932 1762 4990 ῗδίαν
1796 4937 1913 4992 ἐπι-

282 5028 490 5093 σκοπήν.
548 5026 654 5083 Καὶ
717 5023 852 5098 μετᾶ
904 5027 1065 5078 τοῦτο
1113 5019 1361 5096 διωγμοῦ
1419 5024 1734 5092 κινηθέντος
1778 5028 1917 5083 κατᾶ

2015 3249 2429 3303 orthodoxiam
2462 3247 2740 3309 restituit,
2774 3252 2832 3300 et
2866 3246 3070 3316 lgnatii
3107 3244 3479 3315 patriarchas,
3512 3248 3668 3297 Con-

2017 3337 2488 3408 stantinopolim.
2526 3336 2621 3390 Dei
2649 3334 2856 3406 gratia,
2892 3333 3249 3388 translatum
3282 3333 3409 3397 fuit,
3470 3331 3670 3401 ibique

2016 3426 2519 3483 honorificentissi
2550 3441 2643 3479 me
2675 3424 3031 3495 depositum.
3058 3422 3211 3475 sicut
3231 3428 3289 3475 et
3311 3427 3523 3475 cmtera
3544 3437 3673 3475 om-

2018 3518 2120 3572 nia
2150 3521 2493 3570 sanctorum
2524 3514 2777 3584 lipsana,
2810 3513 2871 3566 in
2921 3514 3189 3583 ejusdem
3244 3510 3407 3565 urbis
3468 3511 3673 3581 praesi—

2022 3606 2187 3661 dium
2218 3611 2277 3660 et
2307 3603 2671 3659 firmitatem.

2668 3691 2888 3747 Eodem
2922 3689 3015 3744 die

2026 3788 2180 3845 210
2211 3787 2496 3843 Certamen
2541 3785 2717 3838 sancti
2745 3782 2983 3852 Rhegini
3014 3780 3257 3852 episcopi
3288 3782 3672 3852 Sc0pulorum.

2098 3958 2519 4013 Sacrosanctus
2563 3958 2788 4023 martyr
2817 3952 3119 4025 Rheginus
3154 3969 3222 4007 ex
3252 3953 3493 4025 regione
3525 3954 3679 4007 Grae-

2028 4048 2133 4102 ciaa
2167 4045 2299 4113 fuit,
2329 4044 2803 4101 Christianorum
2834 4049 3149 4113 parentum
3185 4042 3365 4101 ﬁlius.
3402 4058 3435 4095 a
3467 4042 3682 4111 quibus

2028 4137 2309 4209 pietatem
2340 4141 2399 4189 et
2427 4150 2625 4189 sacras
2656 4132 2883 4186 litteras
2915 4132 3181 4197 edoctus,
3223 4130 3557 4193 virtutibus,
3610 4146 3678 4185 ac

2026 4226 2242 4280 timore
2277 4223 2375 4279 Dei
2418 4222 2699 4294 praaditus
2757 4219 2957 4274 evasit.
3014 4221 3201 4283 Quare
3265 4218 3337 4272 ob
3382 4218 3675 4288 insignem

2028 4315 2218 4386 ipsius
2246 4314 2528 4385 pietatem
2556 4311 2629 4366 ab
2681 4311 2811 4380 ejus
2843 4309 2956 4363 loci
2999 4308 3269 4379 episcopo
3300 4306 3584 4361 diaconus
3616 4306 3676 4359 in

2029 4404 2283 4461 ecclesia
2310 4403 2545 4458 Graaciae
2576 4401 2883 4456 ordinatus
2915 4404 3005 4452 est
3038 4415 3051 4463 ;
3085 4395 3301 4451 deinde
3345 4395 3674 4466 presbyter,

2032 4493 2271 4549 demum
2304 4490 2692 4560 Sc0pulorum
2726 4487 3055 4557 episcopus.
3099 4484 3239 4538 Eam
3270 4489 3467 4537 autem
3498 4482 3678 4536 virtu-

2030 4590 2155 4639 tum
2185 4582 2405 4637 famam
2437 4579 2549 4633 sibi
2594 4576 2973 4648 comparavit,
3027 4579 3093 4628 ut
3139 4572 3211 4627 ad
3268 4572 3679 4627 Sardicensem

2027 4673 2320 4747 synodum
2350 4675 2610 4733 vocatus,
2644 4668 2706 4721 in
2746 4682 2815 4720 ea
2848 4666 3106 4720 haareses
3159 4679 3367 4718 omnes
3426 4662 3678 4717 dicendo

2024 4760 2331 4820 retuderit.
2366 4761 2577 4813 Postea
2605 4756 2680 4811 ad
2711 4772 2883 4810 suum
2912 4755 3319 4825 episcopatum
3346 4769 3675 4822 regressus,

2026 4853 2278 4909 excitata
2306 4849 2585 4905 adversus
2615 4844 2979 4901 Christianos
3001 4843 3433 4915 persecutione,
3469 4858 3502 4897 a
3522 4844 3675 4897 Grai-

2024 4943 2131 4999 ciaa
2162 4940 2440 5013 prmfecto
2488 4936 2975 5002 comprehensus,
3006 4939 3139 5005 post
3192 4933 3413 4988 multos
3444 4933 3675 4989 crucia—

2025 5038 2144 5100 tus,
2173 5030 2363 5103 capite
2394 5029 2602 5101 plexus
2633 5031 2742 5081 est.

286 5114 379 5196 τῶν
407 5118 771 5187 Χριστιανῶν,
802 5112 1076 5186 ἐκρατήθη
1109 5110 1254 5183 παρὰ
1276 5114 1377 5165 τοῦ
1405 5116 1506 5179 τῆς
1537 5109 1831 5188 Ἑλλάδος,
1854 5119 2125 5196 ἄρχοντος
2144 5118 2236 5175 καὶ
2268 5115 2403 5190 μετὰ
2419 5115 2482 5172 τὸ
2503 5111 2689 5170 πολλὰ
2723 5111 3133 5186 βασανισθῆναι,
3164 5108 3254 5165 καὶ
3275 5111 3684 5185 τιμωρηθῆναι,

286 5193 360 5253 διὰ
386 5201 567 5279 ξίφους
597 5204 699 5273 τὴν
728 5204 876 5277 ἱερὰν
906 5201 1075 5257 αὐτοῦ
1104 5198 1346 5275 κεφαλὴν
1376 5199 1694 5273 ἀπετμήθη.

793 5328 980 5384 MUNI
1030 5331 1118 5380 ΤΩ
1172 5327 1376 5383 ΑΥΤΩ.

942 5404 945 5405 ί
1028 5415 1141 5471 KE’

291 5511 531 5585 ’Λθλησις
556 5519 655 5570 τοῦ
705 5512 857 5590 ἆγίου
916 5515 1187 5588 μᾶρτυρος
1241 5509 1601 5589 Ἀλεξάνδρου
1635 5519 1917 5594 μαρτυρή-

799 5623 989 5665 σαντος
1020 5601 1071 5658 ἐν
1102 5605 1171 5676 τῇ
1203 5600 1386 5676 Θρᾴκῃ

351 5692 507 5758 Οὗτος
537 5695 608 5766 ἦν
639 5692 697 5749 ἐκ
724 5693 1037 5767 ΠοτιόΛων,
1085 5696 1213 5767 μιᾶς
1269 5693 1378 5745 τῶν
1438 5689 1516 5755 είς
1566 5692 1790 5771 Ῥώμην
1816 5696 1916 5753 πό-

2593 5330 2835 5387 EODEM
2879 5328 3112 5384 MENSE

2525 5421 2625 5477 Die
2656 5419 2937 5476 vicesima
2967 5420 3179 5489 quinta

2027 5516 2174 5573 211
2235 5514 2519 5570 Certamen
2549 5514 2727 5567 sancti
2775 5511 3038 5579 martyris
3084 5508 3417 5575 Alexandri,
3478 5509 3577 5578 qui
3622 5509 3681 5559 in

2420 5603 2656 5658 Thracia
2702 5597 3039 5670 martyrium
3095 5599 3281 5652 subiit.

2098 5695 2215 5750 Iste
2246 5710 2316 5750 ex
2346 5692 2610 5749 Puteolis
2634 5689 2766 5761 fuit,
2790 5705 2921 5760 qum
2951 5687 3093 5742 urbs
3116 5691 3206 5743 est
3223 5685 3381 5757 apud
3409 5686 3688 5760 Romam,
