4074 6192
337 352 456 414 327

1617 343 2057 406 MENOLOGII
2097 343 2305 408 PARS
2349 345 2428 408 II.

3632 352 3751 412 328

338 486 708 562 temporibus
755 483 1090 541 Maximiani
1148 480 1546 552 imperatoris,
1583 484 1640 534 et
1689 477 1976 534 Tiberiani

2100 475 2264 551 λεῳς,
2291 477 2379 535 ἐπὶ
2405 481 2752 554 Μαξιμιανοῦ
2781 487 2878 538 τοῦ
2940 481 3232 558 βασιλέως,
3288 482 3382 539 καὶ
3438 477 3755 559 Τιϐεριανοῦ

335 578 619 650 praefecti.
646 575 1123 646 Comprehensus
1144 576 1341 626 autem
1363 587 1397 625 a
1413 569 1710 640 prasfecto,
1744 574 1803 624 et
1827 569 1986 624 idola

337 668 584 723 adorare
617 663 980 734 compulsus,
1039 666 1267 716 tantum
1300 659 1513 722 abfuit,
1544 663 1612 714 ut
1642 674 1711 714 ea
1741 657 1984 724 coleret,

335 763 402 812 ut
433 757 625 827 potius
657 751 1032 808 contumeliis
1065 757 1184 806 tam
1217 751 1392 810 idola.
1429 766 1609 820 quam
1640 749 1988 822 praafectum

337 849 632 910 oneraret,
664 841 943 912 inquiens
971 859 984 896 :
1016 841 1082 896 Et
1111 857 1259 896 vana
1289 841 1394 895 illa
1426 845 1584 909 sunt,
1621 845 1680 895 et
1706 856 1895 895 vanus
1925 855 1990 894 es

336 935 483 1004 ipse,
518 931 699 986 miser
720 937 778 986 et
799 931 1026 998 infelix,
1052 931 1152 1002 qui
1175 931 1237 986 in
1260 947 1330 986 ea
1350 930 1565 986 credis.
1593 929 1990 996 Quamobrem

337 1024 550 1077 vinctis
581 1021 849 1093 pendens
900 1022 1195 1086 manibus,
1230 1021 1628 1093 appensisque
1677 1019 1752 1076 ad
1807 1019 1992 1092 pedes

335 1113 511 1174 saxis.
547 1119 859 1184 torquetur
890 1129 903 1167 :
939 1113 1154 1168 deinde
1186 1112 1436 1174 solutus.
1491 1117 1547 1166 et
1577 1111 1990 1182 Carthaginem

335 1203 569 1267 ductus,
601 1220 811 1257 rursus
839 1204 901 1258 in
947 1203 1268 1275 equuleum
1321 1202 1514 1274 agitur
1545 1208 1604 1257 et
1630 1201 1989 1274 depectitur.

331 1291 475 1346 Inde
513 1291 996 1363 Marcianopolim
1030 1297 1272 1354 tractus.
1305 1290 1535 1346 facibus
1592 1291 1654 1345 in
1707 1289 1857 1345 facie
1889 1289 1994 1344 ad-

331 1380 546 1436 uritur.
593 1381 842 1434 Demum
866 1397 1000 1435 cum
1029 1381 1246 1436 multos
1268 1379 1416 1435 alios
1439 1379 1734 1433 cruciatus
1765 1379 1996 1432 fortiter

338 1478 403 1526 ut
439 1469 655 1524 Christi
688 1476 933 1541 martyr.
967 1470 1328 1541 pertulisset,
1363 1470 1425 1524 in
1446 1468 1692 1524 Thracia
1733 1467 1992 1523 decolla-

338 1569 454 1628 tur,
489 1576 774 1616 coronam
809 1559 1326 1631 incorruptibilem
1355 1559 1657 1628 vitamque
1709 1563 1997 1612 (sternam

333 1667 368 1707 a
388 1651 617 1707 Christo
650 1650 765 1704 Deo
799 1653 1001 1703 nostro
1032 1649 1349 1720 recipiens.

986 1918 1206 1973 Eodem
1237 1917 1332 1974 die

333 2062 486 2120 202
542 2059 994 2117 Commemoratio
1050 2062 1236 2116 'sancti
1299 2061 1485 2116 Patris
1537 2061 1714 2116 nostri
1769 2059 1985 2114 Tarasii

620 2150 1020 2220 archiepiscopi
1075 2149 1692 2220 Constantinopolitani.

403 2297 652 2352 Sanctus
682 2297 859 2350 Pater
895 2298 1100 2350 noster
1145 2294 1419 2350 Tarasius
1463 2292 1980 2364 ConstantinOpoli

325 2393 504 2442 natus
534 2392 592 2441 et
643 2385 947 2446 educatus.
999 2385 1286 2458 dignitate
1317 2400 1352 2440 a
1383 2383 1635 2439 Secretis
1681 2388 1842 2438 erat:
1876 2381 1980 2438 sed

327 2476 400 2530 ob
423 2491 622 2530 rerum
663 2475 1085 2546 cognitionem,
1138 2473 1506 2544 multamque
1563 2472 1838 2526 virtutem
1870 2488 1976 2543 pa-

325 2565 585 2619 triarcha
600 2563 1299 2635 Constantinopolitanus
1317 2562 1626 2618 ordinatus
1647 2566 1739 2617 est
1763 2578 1776 2615 :
1801 2561 1902 2632 qui
1922 2566 1981 2616 et

325 2659 666 2708 sanctarum
689 2653 1017 2724 imaginum
1042 2653 1264 2708 cultum
1291 2652 1699 2724 propugnavit.
1721 2655 1778 2706 et
1797 2667 1977 2722 opera

323 2759 432 2798 sua
461 2741 521 2796 id
548 2743 765 2808 effecit,
800 2748 866 2796 ut
895 2744 1228 2796 Romanum
1261 2741 1579 2812 imperium
1626 2739 1700 2795 ad
1731 2746 1974 2795 sancto-

321 2847 456 2886 rum
489 2831 894 2901 apostolorum
944 2829 1313 2895 traditiones,
1345 2835 1403 2884 et
1449 2829 1524 2885 ad
1555 2835 1780 2895 septem
1811 2823 1973 2886 mcu-

321 2921 690 2975 menicarum
727 2919 1088 2991 synodorum
1137 2919 1374 2974 decreta
1403 2918 1730 2984 accederet,
1759 2925 1818 2973 et
1847 2937 1975 2974 om-

320 3027 428 3065 nes
453 3009 718 3065 ecclesiaa
741 3025 875 3064 cum
897 3008 1240 3064 orthodoxis
1259 3010 1778 3081 conjungerentur.
1807 3009 1973 3064 Hunc

319 3099 522 3169 itaque
549 3099 609 3152 in
645 3098 889 3153 modum
918 3099 1194 3171 religiose
1221 3098 1383 3160 vixit,
1419 3097 1491 3152 ab
1510 3097 1973 3170 imperatoribus

319 3188 382 3243 in
417 3189 641 3243 honore
661 3187 896 3242 habitus
929 3187 1378 3258 ;sediﬁcatoque
1402 3187 1561 3243 ultra
1589 3187 1723 3243 freti
1755 3204 1974 3261 angus-

323 3279 433 3333 tias
459 3277 846 3344 monasterio,
879 3293 946 3332 ac
977 3278 1182 3332 multis
1210 3277 1518 3332 monachis
1547 3277 1608 3332 in
1640 3278 1768 3349 ipso
1798 3295 1975 3333 cons-

321 3368 536 3432 titutis,
570 3366 931 3422 liberalitate
963 3367 1025 3421 in
1056 3383 1349 3438 pauperes
1397 3367 1670 3439 insignis,
1703 3382 1840 3422 cum
1873 3383 1973 3422 ec-

319 3456 566 3511 clesiam
603 3456 778 3511 annis
807 3456 1010 3529 viginti
1043 3455 1275 3510 duobus
1309 3463 1366 3510 et
1395 3455 1701 3511 mensibus
1741 3455 1973 3510 duobus

320 3546 545 3616 Optime
575 3545 846 3609 rexisset,
881 3547 942 3600 in
974 3562 1116 3617 pace
1140 3545 1381 3617 quievit,
1411 3551 1470 3600 et
1499 3545 1562 3601 in
1596 3561 1703 3600 suo
1730 3560 1972 3600 monas-

319 3635 470 3690 terio
502 3633 772 3705 sepultus
809 3635 940 3690 fuit.
1315 3623 1320 3628 ’

878 3776 1120 3830 EODEM
1159 3778 1408 3833 MENSB.

816 3889 920 3944 Die
971 3890 1254 3947 vicesima
1311 3897 1476 3948 sexta

317 4008 470 4064 τοι
561 4005 1012 4062 Commemoratio
1094 4006 1274 4063 sancti
1345 4007 1645 4080 Porphyrii
1730 4010 1972 4081 episcOpi

1059 4098 1238 4156 Gazae.

383 4244 636 4300 Sanctus
667 4241 1030 4314 Porphyrius
1060 4243 1493 4300 Thessalonica
1541 4243 1822 4301 divitibus
1861 4262 1966 4318 pa-

310 4333 584 4390 rentibus
615 4338 812 4392 natus,
845 4332 918 4387 iis
949 4349 1016 4388 ac
1045 4333 1259 4403 opibus
1290 4333 1533 4400 relictis,
1565 4335 1628 4389 in
1659 4336 1968 4406 Egyptum

317 4424 626 4489 secedens,
659 4419 952 4477 Archadio
976 4427 1033 4475 et
1055 4422 1312 4477 Honorio
1334 4422 1814 4494 imperatoribus,
1841 4441 1968 4480 mo-

313 4514 540 4567 nachus
572 4510 762 4566 factus
821 4516 928 4566 est.
963 4510 1186 4567 Deinde
1219 4512 1688 4584 Hierosolymam
1733 4519 1962 4585 petens,

2091 567 2386 644 ἡγεμόνος.
2422 572 2727 645 Κρατηθεὶς
2785 568 2843 627 δὲ
2898 572 3044 647 παρᾶ
3097 576 3202 627 τοῦ
3252 574 3548 649 ἡγεμόνος,
3580 575 3754 649 ἡναγ-

2091 662 2285 730 κάζετο
2342 671 2716 737 προσκυνῆσαι
2799 671 2918 728 τοῖς
3001 663 3282 730 εἰδώλοις.
3341 667 3402 724 Ὀ
3458 663 3518 721 δὲ
3574 667 3750 743 ἅγιος,

2093 750 2209 806 ἀντὶ
2239 756 2338 807 τοῦ
2377 757 2746 828 προσκυνῆσαι
2803 761 2920 818 τοῖς
2976 754 3252 827 εἰδώλοις,
3315 755 3530 829 μᾶλλον
3563 751 3751 831 ὕϐρισε

2092 845 2182 899 καὶ
2221 845 2376 920 αὐτὰ,
2407 847 2498 902 καὶ
2549 849 2641 904 τὸν
2701 849 2966 924 ἡγεμόνα,
3027 849 3194 905 εἰπὼν
3251 850 3390 924 πρὸς
3449 847 3632 918 αὺτὸν,
3665 848 3750 904 ὅτι

2093 937 2183 992 καὶ
2215 938 2350 995 αὖτᾶ
2397 941 2595 1012 μάταιά
2654 941 2780 1013 είσι,
2836 943 2927 998 καὶ
2975 943 3039 998 σὺ
3099 944 3128 998 ὁ
3184 941 3450 998 πιστεύων
3509 943 3587 1005 είς
3616 942 3752 999 αὐτᾶ

2095 1023 2286 1090 ἄθλιος
2331 1029 2422 1084 καὶ
2475 1030 2851 1106 ταλαίπωρος.
2909 1031 3007 1086 Διά
3060 1033 3222 1084 τοῦτο
3279 1026 3431 1099 ἐδέθη
3490 1029 3542 1100 ἐξ
3568 1030 3747 1104 ἄκρων

2098 1116 2324 1186 χειρῶν,
2354 1113 2444 1169 καὶ
2500 1115 2830 1190 ἐκρεμάσθη.
2895 1114 2995 1172 Καὶ
3040 1113 3116 1176 εἷς
3164 1113 3296 1178 τοὺς
3353 1111 3521 1176 πόδας
3580 1113 3750 1170 αὐτοῦ

2095 1199 2395 1272 προσεδὲθη
2427 1203 2578 1268 λίθος
2622 1203 2811 1280 βαρύς·
2867 1203 2958 1258 καὶ
3016 1204 3152 1278 μετᾶ
3206 1206 3367 1258 τοῦτο
3424 1200 3626 1270 λυθεὶς,
3659 1201 3750 1258 καὶ

2097 1287 2366 1364 ἀπαχθεὶς
2428 1292 2479 1348 ἐν
2539 1296 2905 1370 Καρθαγέννῃ,
2963 1292 3128 1347 πάλιν
3185 1292 3509 1367 κρεμασθεὶς
3542 1291 3752 1366 ἐξέσθη.

2100 1384 2202 1437 Καὶ
2236 1383 2400 1440 πάλιν
2434 1385 2624 1462 ἀχθεὶς
2668 1386 2745 1450 εἷς
2803 1385 3307 1460 Μαρκιανούπολιν,
3363 1385 3498 1458 μετᾶ
3528 1384 3754 1458 λαμπά-

2102 1469 2207 1527 δων
2241 1474 2410 1550 πυρὸς
2440 1475 2504 1530 τὸ
2545 1477 2864 1551 πρόσωπιον
2923 1474 3152 1529 καίεται·
3209 1473 3300 1528 καὶ
3331 1471 3507 1536 ἄλλας
3538 1471 3758 1537 πολλᾶς

2106 1566 2371 1639 βασάνους
2397 1568 2484 1622 καὶ
2547 1567 2817 1642 τιμωρίας
2869 1565 3149 1642 ἀνδρείως,
3207 1566 3283 1628 ὡς
3337 1567 3576 1638 Χριστοῦ
3611 1565 3749 1639 μάρ-

2101 1675 2195 1717 τυς
2228 1699 2242 1726 ,
2305 1657 2621 1729 ὑπομείνας,
2681 1655 2732 1712 ἐν
2790 1660 2860 1731 τῇ
2917 1655 3100 1731 Θρᾴκῃ
3158 1654 3432 1722 ἀπελθὼν,
3487 1655 3760 1730 ἀπεκεφά-

2104 1742 2291 1816 λίσθη,
2337 1741 2631 1800 ἀπολαϐὼν
2687 1745 2942 1822 στέφανον
2999 1742 3290 1820 ἄφθαρτον,
3321 1742 3411 1798 καὶ
3445 1743 3590 1812 ζωὴν
3617 1740 3753 1796 αίώ·

2011 1842 2060 1908 Β
2095 1855 2208 1889 νιον
2240 1835 2388 1910 παρὰ
2417 1837 2651 1912 Χριστοῦ
2678 1839 2774 1891 τοῦ
2801 1837 2936 1891 Θεοῦ
2964 1837 3149 1908 ἡμῶν.

2664 1952 2742 2030 Τιῖ
2793 1954 2934 2028 αὐτῇ
2990 1953 3174 2029 ἡμέρᾳ

2091 2073 2301 2146 Μνήμη
2341 2075 2438 2128 τοῦ
2468 2071 2520 2127 ἐν
2553 2072 2728 2149 ἁγίοις
2777 2073 2984 2148 Πάτρὸς
3036 2075 3199 2147 ἡμῶν
3240 2071 3514 2148 Ταρασίου
3551 2072 3745 2146 ἀρχιε-

2437 2160 2708 2218 πισκόπου
2756 2159 3390 2226 Κωνιταντινουπὸλεως.

2157 2305 2420 2383 Ταράσιος
2486 2307 2516 2362 ὁ
2571 2306 2624 2362 ἐν
2683 2306 2858 2384 ἁγίοις
2917 2307 3104 2382 Πατὴρ
3162 2307 3325 2380 ἡμῶν
3372 2303 3580 2382 ἐγένετο
3634 2310 3738 2375 τῆς

2092 2394 2725 2460 Κωνσταντινουπόλεως
2777 2396 2867 2452 καὶ
2898 2397 3144 2472 γέννημα
3198 2394 3288 2452 καί
3343 2397 3584 2472 θρέμμα,
3631 2395 3736 2464 τήν

2091 2486 2238 2558 ἀξίαν
2272 2487 2590 2562 ἆσηκρῆτιςο
2635 2485 2781 2542 ἀλλᾶ
2811 2483 2899 2542 διὰ
2927 2488 3025 2556 τὴν
3057 2490 3253 2563 γνῶσιν
3307 2484 3396 2541 καὶ
3451 2485 3551 2554 τὴν
3603 2485 3738 2559 ἄρε-

2089 2579 2190 2648 τὴν
2247 2575 2412 2632 αὐτοῦ
2469 2582 2868 2652 χειροτονεῖται
2905 2575 3252 2652 πατριάρχης
3286 2578 3734 2632 Κωνσταντινου-

2091 2667 2330 2732 πόλεως.
2364 2671 2550 2732 Ὅστις
2578 2670 2669 2724 καὶ
2699 2671 2795 2740 τήν
2837 2673 2944 2724 τῶν
3003 2673 3211 2724 σεπτῶν
3244 2667 3466 2723 εἰκόνων
3499 2665 3742 2742 προσκό-

2088 2784 2244 2833 νησιν
2295 2761 2638 2839 ἐδογμάτισε’
2697 2763 2786 2818 καὶ
2838 2760 2910 2817 δι’
2961 2762 3125 2818 αὑτοῦ
3155 2764 3191 2833 ἡ
3228 2760 3505 2838 βασίλειος
3562 2760 3742 2835 ἀρχὴ,

2087 2852 2177 2908 καὶ
2237 2854 2274 2922 ἡ
2332 2852 2617 2924 Ῥωμαϊκὴ
2675 2849 2888 2922 ἐξουσία
2934 2853 3070 2925 πρὸς
3124 2853 3220 2913 τὰς
3277 2847 3600 2926 παραδόσεις
3626 2853 3742 2904 τῶν

2087 2943 2256 3019 ἁγίων
2315 2940 2637 2997 ἀποστόλων
2675 2983 2689 3009 ,
2750 2941 2840 2996 καὶ
2920 2945 3031 2997 τῶν
3114 2941 3250 2996 ἐπτά
3337 2939 3742 3013 οῗκουμενικῶν

2088 3029 2328 3087 συνόδων
2387 3029 2698 3103 ἐπανῆλθε,
2779 3031 2870 3086 καὶ
2920 3036 3086 3086 πᾶσαι
3145 3030 3200 3085 αἱ
3276 3028 3561 3100 ἐκκλησίαι
3615 3033 3744 3092 τοῖς

2090 3119 2404 3198 όρθοδόξοις
2461 3122 2870 3192 συνηνώθησαν.
2927 3123 3104 3192 Ζήσας
3167 3117 3225 3176 δὲ
3256 3119 3427 3182 οὕτως
3479 3113 3740 3190 εὐσεϐῶς,

2003 3215 2047 3283 C
2083 3212 2172 3268 καὶ
2218 3217 2337 3275 τοῖς
2395 3209 2677 3288 βασιλεῦσι
2733 3209 2916 3283 τίμιος
2963 3211 3276 3284 γενόμενος,
3307 3207 3396 3264 καὶ
3462 3210 3740 3282 μοναστή-

2079 3323 2198 3378 ριον
2278 3300 2328 3355 ἐν
2405 3304 2484 3372 τῷ
2542 3298 2706 3375 πέραν
2760 3302 2857 3354 τοῦ
2915 3303 3100 3355 στενοῦ
3151 3295 3528 3371 οίκοδομήσάς
3563 3339 3576 3362 ,
3634 3296 3733 3350 καὶ

2077 3389 2291 3458 πλῆθος
2355 3392 2633 3462 μοναστῶν
2689 3387 3108 3460 συστησάμενος,
3140 3385 3229 3441 καὶ
3286 3384 3413 3448 τοὺς
3463 3382 3736 3459 πτωχοὺς

2077 3477 2328 3550 ἐλεήσας,
2370 3477 2462 3532 καὶ
2520 3476 2704 3538 καλῶς
2764 3470 3102 3550 κυϐερνήσας
3156 3476 3256 3544 τήν
3315 3471 3608 3542 ἐκκλησίαν
3640 3463 3732 3527 ἐπὶ

2075 3562 2167 3639 ἔτη
2201 3565 2371 3622 εἴκοσι
2402 3563 2522 3635 δύο,
2550 3565 2641 3620 καὶ
2678 3571 2854 3638 μῆνας
2887 3562 3006 3634 δύο,
3056 3563 3107 3619 ἐν
3158 3563 3351 3639 εῗρήνη
3408 3559 3734 3630 ἐτελειώθη,

2073 3658 2163 3713 καὶ
2185 3657 2446 3726 κατετέθη
2481 3653 2532 3710 ἐν
2562 3658 2642 3727 τῷ
2671 3653 2819 3727 αὐτῷ
2851 3651 3228 3730 μοναστηρίῳ.

2626 3798 2782 3856 ΜΗΝ
2792 3797 2813 3854 Ι
2851 3799 2945 3855 ΤΩ
2982 3798 3188 3854 ΑΥΤΩ.

2862 3916 2951 3986 KC

2182 4045 2395 4118 Μνήμη
2425 4047 2524 4100 τοῦ
2555 4041 2720 4118 ἁγίου
2747 4041 3064 4120 Πορφυρίου
3097 4039 3400 4097 ἐπισκόπου
3421 4043 3620 4112 Γάζης.

2141 4241 2206 4298 ⁸0
2236 4241 2392 4315 ἅγιος
2448 4236 2758 4316 Πορφόριος
2794 4235 3008 4313 ἐγένετο
3063 4237 3170 4293 ἀπὸ
3224 4239 3324 4306 τῆς
3352 4234 3568 4298 πόλεως
3597 4240 3735 4291 Θεσ-

2073 4328 2548 4400 σαλονίκης,-υἱὸς
2573 4328 2780 4404 γονέων
2835 4326 3138 4383 πλουσίων·
3199 4325 3514 4382 καταλιπὼν
3545 4321 3601 4380 δὶ
3629 4343 3731 4378 κα-

2071 4424 2276 4497 γονεῖς,
2326 4419 2417 4474 καὶ
2469 4417 2710 4473 πλοῦτον
2744 4460 2759 4486 ,
2814 4415 2904 4472 ἐπὶ
2957 4413 3236 4492 βασιλείας
3295 4411 3602 4491 ’Λρκαδίου,
3633 4413 3730 4468 καὶ

2071 4508 2334 4581 Ὀνωρίου
2369 4551 2384 4578 ,
2417 4505 2659 4572 ἀπῆλθεν
2713 4505 2788 4568 εἰς
2841 4504 3137 4582 Αἴγυπτον,
3185 4505 3274 4560 καὶ
3306 4502 3522 4578 ἐγένετο
3557 4521 3732 4574 μονα-

312 4600 530 4656 Judaais
549 4600 884 4670 Graecisque
907 4605 1116 4656 auctor
1138 4606 1282 4666 erat,
1311 4607 1378 4656 ut
1402 4601 1633 4658 Christo
1665 4619 1728 4658 se
1757 4603 1964 4674 adjun-

2088 4601 2192 4662 ίός.
2224 4599 2352 4656 Εἶτα
2381 4595 2555 4652 ἐλθὼν
2616 4595 2693 4659 εἷς
2720 4592 3100 4668 Ἱεροσόλυμα,
3155 4588 3362 4648 ἔπειθεν
3424 4588 3726 4654 Ἰουδαίους

313 4693 540 4759 gerent.
575 4703 708 4741 cum
752 4688 968 4742 iterum
1024 4690 1322 4761 scalprum
1376 4697 1627 4764 gereret,
1685 4699 1742 4748 et
1772 4693 1960 4764 pelles

315 4782 650 4840 consueret.
685 4793 871 4848 eaque
902 4785 1028 4834 arte
1077 4781 1363 4851 seipsum,
1399 4788 1457 4836 et
1485 4799 1777 4855 pauperes
1829 4800 1959 4838 sus-

311 4869 588 4922 tentaret.
620 4866 764 4920 Tum
783 4883 816 4922 a
838 4868 1048 4939 Praylo
1065 4870 1404 4940 patriarcha
1424 4871 1962 4944 Hierosolymitano

313 4954 622 5028 presbyter
647 4954 994 5012 ordinatur:
1029 4957 1270 5013 demum
1303 4960 1647 5016 Gazensium
1687 4962 1963 5032 precibus

314 5047 582 5101 aJoanne
594 5049 870 5100 Cassareas
903 5047 1157 5118 Philippi
1181 5048 1626 5121 archiepiscopo
1652 5051 1963 5122 episcOpus

317 5136 478 5190 Gazae
501 5139 922 5188 consecratur:
957 5135 1056 5205 qui
1081 5152 1213 5190 cum
1246 5137 1504 5208 plurima
1534 5137 1824 5193 miracula
1846 5138 1963 5193 edi-

316 5223 522 5287 disset,
551 5223 773 5277 multos
800 5225 1133 5280 Graacorum
1154 5226 1610 5297 Judmorumque
1633 5226 1963 5298 baptizavit,

315 5312 713 5382 omnibusque
745 5312 1043 5368 idolorum
1066 5313 1221 5369 fanis
1253 5316 1492 5382 eversis,
1522 5316 1802 5372 ecclesias
1829 5333 1966 5372 san-

316 5406 547 5456 ctorum
577 5401 873 5468 excitavit,
906 5408 1083 5472 atque
1109 5403 1269 5458 hunc
1300 5405 1360 5458 in
1393 5405 1634 5460 modum
1668 5411 1967 5464 transacta

316 5490 690 5545 sanctissime
712 5492 848 5557 vita,
871 5490 944 5546 ad
967 5491 1153 5547 Deum
1183 5493 1655 5566 migravit,vitam
1684 5501 1967 5553 aeternam

319 5576 665 5634 haereditate
691 5579 952 5652 capiens.

2071 4688 2160 4744 καὶ
2215 4685 2495 4756 Ἓλληνας
2553 4684 2950 4761 προσέρχεσθαι
3029 4687 3110 4754 τῷ
3199 4678 3456 4756 Χριστῷ,
3516 4677 3726 4752 σμίλην

2075 4769 2594 4851 μεταχειριζόμενος
2627 4817 2641 4843 ,
2699 4771 2789 4827 καὶ
2847 4769 3092 4845 δέρματα
3148 4771 3409 4847 ῥάπτων,
3453 4767 3544 4823 καὶ
3599 4767 3732 4842 τρὲ-

2071 4887 2185 4937 φων
2239 4862 2330 4918 καὶ
2385 4862 2573 4917 ἐαυτὸν
2660 4861 2751 4915 καὶ
2821 4857 2948 4921 τοὺς
3006 4857 3242 4928 πένητας
3277 4903 3290 4916 .
3347 4858 3478 4914 Εἶτα
3534 4875 3731 4932 χειρο-

2085 4961 2320 5014 τονεῖται
2396 4949 2758 5028 πρεσϐύτερος
2859 4951 2962 5006 ὑπὸ
3047 4948 3304 5027 Πραΰλου
3377 4950 3732 5025 πατριάρχου

2086 5044 2491 5123 Ιεροσολύμων.
2527 5043 2626 5097 Καὶ
2684 5046 2792 5096 τῶν
2856 5039 3100 5110 Γαζαίων
3155 5038 3506 5110 ζητησάντων
3539 5037 3731 5110 αὐτὸν,

2073 5141 2465 5215 χειροτονεῖται
2500 5133 2796 5195 ἐπίσκοπος
2842 5133 2946 5188 ὑπὸ
2977 5132 3236 5189 Ἰωάννου
3289 5129 3736 5206 ἄρχιεπισκόπου

2074 5225 2392 5301 Καισαρείας
2467 5231 2570 5294 τῆς
2639 5221 2926 5279 Φιλίππου
2963 5265 2976 5279 .
3036 5221 3135 5277 Καὶ
3191 5219 3426 5286 πλεῖσθα
3482 5219 3740 5292 θαύματα

2073 5319 2336 5386 ποιήσας,
2366 5312 2620 5374 πολλοὺς
2647 5317 2758 5368 τῶν
2805 5309 3086 5382 Ἑλλήνων
3146 5309 3236 5365 καὶ
3286 5314 3394 5365 τῶν
3448 5305 3738 5368 Ἰουδαίων

2075 5402 2348 5461 ἐϐάπτισεο
2381 5402 2471 5457 καὶ
2529 5401 2733 5464 πάντᾶς
2788 5400 2916 5462 τοὺς
2974 5400 3136 5463 ναοὺς
3179 5403 3290 5454 τῶν
3347 5396 3593 5454 εἷ’δώλων
3623 5418 3736 5452 κα-

2073 5493 2411 5568 ταστρέψας,
2468 5489 2761 5560 ἐκκλησιας
2820 5489 2989 5564 ἁγίων
3046 5482 3242 5554 ἔκτισε,
3299 5487 3391 5542 καὶ
3450 5485 3593 5542 οὕτω
3623 5507 3728 5541 καο

2077 5583 2191 5645 λῶς
2260 5580 2465 5657 βιώσας
2514 5581 2650 5654 πρὸς
2707 5581 2834 5636 Θεὸν
2893 5576 3239 5652 ἐξεδήμησα,
3292 5575 3727 5650 κληρονομήσας

2075 5674 2177 5744 τὴν
2207 5671 2340 5729 αῗών
2350 5690 2428 5728 ιον
2449 5671 2618 5743 ξωήν.
