4072 6194
245 332 356 391 339

1705 324 2218 388 FEBRUAltlUS-

843 461 926 533 Τῇ
961 459 1100 533 αὐτῇ
1129 459 1314 533 ἡμέρᾳ
1936 462 1989 526 Α

3549 326 3665 384 330

2658 457 2878 514 Eodem
2928 457 3023 513 die

252 552 465 623 Μνήμη
518 552 617 603 τοῦ
676 549 830 603 ὁσίου
895 548 1330 626 Στεφάνου-τοῦ
1388 546 1797 626 συστησαμένου
1848 546 1909 601 τὸ

2053 548 2172 602 ιη
2206 546 2885 626 Commemorationsancti
2940 547 3228 626 Stephani,
3259 550 3357 617 qui
3412 545 3661 603 condidit

648 617 1022 697 γηροκομεῖοό
1061 624 1160 674 τοῦ
1194 621 1289 693 ’Δρ
1299 617 1515 691 ματίου.

976 710 1188 766 Λείπει.

801 826 985 884 nam
1026 828 1119 904 T9
1160 826 1359 904 ΛΥΤῼ.

1034 942 1129 998 KZ’

250 1063 463 1135 Μνήμη
498 1057 857 1135 Προκοπίουη
884 1057 975 1135 καὶ
1025 1056 1341 1135 Βασιλείου,
1386 1055 1914 1135 τῶνῌὸμολογητῶν,

576 1136 685 1187 τῶν
732 1128 1036 1197 συνάθλων,
1066 1128 1157 1184 καὶ
1197 1128 1592 1202 συμμαθητῶν.

321 1309 496 1367 Οὗτοι
544 1308 800 1383 ὖπῆρχον
844 1306 933 1362 ἐπὶ
971 1314 1071 1378 τῆς
1126 1306 1407 1383 βασιλείας
1437 1306 1668 1370 Λέοντος
1694 1309 1793 1361 τοῦ
1820 1303 1917 1361 Ei-

248 1396 594 1474 κονομέχου.
650 1396 1053 1459 Καταλιπόντες
1102 1394 1161 1451 δὲ
1204 1395 1296 1451 τὸν
1351 1395 1580 1468 κόσμον,
1628 1393 1719 1449 καὶ
1768 1395 1836 1448 τὰ
1866 1392 1918 1449 ἐν

248 1488 477 1561 κόσμῳ,
538 1484 780 1560 ἐγένοντο
842 1486 1105 1560 μοναχοί“
1182 1484 1272 1539 καὶ
1348 1482 1536 1545 καλῶς
1587 1482 1918 1553 ἀσκήσαντες

249 1577 548 1653 πρότερον,
597 1576 819 1651 ὕστερον
873 1583 975 1646 τῆς
1033 1575 1291 1649 αἱρέσεως
1320 1575 1419 1642 τῆς
1448 1575 1585 1628 κατὰ
1611 1578 1721 1628 τῶν
1750 1574 1917 1649 ἁγίων

254 1664 483 1720 εἰκόνων
539 1663 880 1735 κινηθείσης,
939 1661 1250 1725 σπουδαίως
1309 1663 1636 1733 ἀντέστησαν
1684 1667 1802 1725 τοῖς
1843 1659 1922 1716 εί·-

252 1753 628 1828 κονομάχοις.
686 1756 836 1809 Ὅθεν
899 1753 988 1808 καὶ
1046 1755 1422 1828 κρατηθέντες,
1479 1753 1568 1806 καὶ
1622 1750 1809 1807 πολλὰ
1836 1772 1918 1805 τι-

2442 619 2917 675 valetudinarium
2963 618 3235 675 Armatii.

2746 710 2937 764 Deest.

2566 826 2807 880 EODEM
2855 826 2999 879 ΜΕΝ
3005 826 3105 879 SE.

2494 944 2597 1000 Die
2645 944 2924 999 vicesima
2963 944 3215 1016 septima

2020 1059 2170 1116 215
2228 1059 2680 1118 Commemoratio
2727 1061 2988 1132 Procopii
3044 1068 3093 1117 et
3140 1058 3341 1115 Basilii
3396 1060 3672 1126 confesso-

2091 1147 2235 1205 rugn,
2296 1140 2349 1187 et
2401 1131 2927 1205 condiscipulorum,
2984 1136 3080 1205 qui
3147 1148 3261 1187 una
3338 1131 3670 1200 martyrium

2092 1203 2393 1260 subiciunt.

2096 1309 2200 1365 Isti
2233 1311 2423 1368 Leone
2457 1313 2846 1369 Iconomacho
2894 1312 3252 1382 imperatore
3295 1310 3677 1364 claruerunt:

2024 1397 2145 1467 qui,
2181 1400 2402 1456 mundo
2433 1402 2872 1473 mundanisque
2904 1400 3080 1455 rebus
3110 1398 3683 1463 valedicentes,mo-

2025 1488 2201 1543 nachi
2231 1490 2371 1546 facti
2399 1498 2575 1547 sunt:
2631 1509 2886 1563 cumque
2935 1490 3099 1563 prius
3150 1490 3465 1545 asceticam
3499 1490 3679 1544 vitam

2025 1574 2343 1649 diligenter
2366 1582 2784 1648 excoluissent,
2845 1581 3097 1636 excitata
3153 1584 3359 1650 postea
3399 1578 3681 1634 adversus

2028 1679 2225 1720 sacras
2256 1667 2543 1740 imagines
2574 1669 2811 1735 hmresi,
2842 1666 3253 1723 Iconomachis
3293 1666 3526 1720 fortiter
3553 1682 3683 1721 sese

2027 1763 2452 1825 apposuerunt.
2488 1759 2676 1822 Quare
2718 1758 3157 1828 comprehensi,
3190 1755 3515 1826 multisque
3547 1771 3681 1810 cru-

260 1826 637 1915 μωρηθὲντες,
668 1842 770 1896 οὐκ
826 1826 1111 1896 ἐνέδωκαν·
1172 1838 1321 1895 ἀλλὰ
1360 1841 1459 1908 τὴν
1493 1836 1754 1910 ἀλήθειαν
1788 1838 1917 1909 ἐκή-

2053 1844 2285 1900 :iatibus
2314 1847 2525 1913 vexati,
2558 1863 2691 1901 cum
2743 1847 2893 1901 nihil
2939 1846 3011 1900 de
3062 1844 3299 1916 pristini
3331 1844 3516 1898 animi
3548 1860 3684 1899 sen-

258 1951 460 2005 ρυττον
495 1930 664 2005 μέχρι
714 1931 964 1989 θανάτου.
1015 1931 1109 1985 Διὸ
1155 1929 1248 1984 καὶ
1294 1926 1476 2002 ἐξέσθη
1513 1928 1541 1983 ὁ
1573 1930 1728 2003 ἅγιος
1758 1925 1921 1983 Βασί-

257 2018 415 2081 λειος
440 2021 504 2075 τὸ
537 2024 697 2093 σῶμα
725 2016 831 2074 πᾶν
858 2021 946 2074 καὶ
993 2021 1084 2075 τὸν
1131 2018 1445 2095 τράχηλον,
1477 2018 1565 2071 καὶ
1599 2020 1665 2091 τῇ
1698 2015 1918 2091 φυλακῇ

255 2105 564 2182 παρεδόθη.
614 2107 979 2179 ’Δπεκλείσθη
1040 2106 1097 2162 δὲ
1151 2106 1241 2163 καὶ
1298 2109 1326 2162 ὁ
1381 2109 1532 2181 ἅγιος
1590 2106 1920 2180 Προκόπιος

256 2202 357 2253 τοῦ
415 2196 476 2252 δὲ
550 2199 815 2273 τυράννου
887 2197 1338 2269 τελευτήσαντος,
1407 2198 1772 2267 ἀπελύθησαν·
1829 2194 1923 2252 γαὶ

258 2289 319 2343 ἐκ
346 2295 451 2358 τῆς
485 2286 735 2365 φυλακῆς
791 2287 1120 2359 ἐξελθόντες,
1175 2296 1275 2358 τῆς
1331 2288 1528 2361 ὁμοίας
1558 2286 1925 2360 ἐπεμελοῦντο

260 2375 567 2454 διαγωγῆς,
624 2378 713 2432 καὶ
772 2376 1020 2441 πολλοὺς
1076 2379 1214 2451 πρὸς
1273 2378 1466 2450 ἀρετὴν
1521 2375 1927 2454 ἐπαλείφοντες,

260 2466 526 2541 καὶπρὸς
555 2467 656 2535 τὴν
712 2464 999 2541 όρθόδοξον
1059 2465 1236 2521 πίστιν
1296 2464 1672 2541 ἐπανάγοντες,
1708 2465 1761 2519 ἓν
1803 2462 1922 2519 δια-

263 2554 460 2630 φόροις
491 2558 727 2625 καιροῖς,
777 2552 999 2616 ἕκαστος
1059 2554 1196 2630 πρὸς
1232 2552 1322 2608 τὸν
1382 2553 1535 2619 Θεὸν,
1595 2551 1653 2606 ὅν
1707 2550 1765 2607 ἐκ
1800 2548 1927 2628 βρέ-

264 2665 401 2721 φους
436 2643 731 2714 ἐπόθησαν,
789 2640 1150 2716 ἐξεδήμησαψ
1211 2643 1412 2718 άγαθὸν
1473 2639 1780 2718 ὑπόδειγμα
1832 2663 1933 2697 κα-

259 2733 590 2796 ταλιπόντες
618 2731 855 2796 πολλοῖς
887 2734 977 2788 τὸν
1010 2731 1256 2808 ἐνάρετον
1294 2731 1413 2808 βίον
1453 2730 1650 2789 αὐτῶν.

828 2853 1014 2909 ΜΗΝῙ
1048 2851 1140 2907 TD
1187 2855 1383 2907 ΔΥΤΩ.

1042 2939 1174 2996 ΚΗ’.

494 3029 762 3102 Ἀθλησις
786 3032 885 3085 τοῦ
926 3028 1081 3105 ἁγίου
1126 3030 1399 3105 μάρτυρος
1432 3029 1720 3103 Νέστορος.

344 3147 411 3247 ’.Ο
447 3145 603 3247 ἅγιος
656 3144 861 3220 μάρτυς
919 3142 1141 3247 Νέστωρ
1203 3145 1458 3247 ὑπῆρχεν
1508 3143 1595 3199 ἐπὶ
1649 3150 1750 3215 τῆς
1777 3145 1935 3221 βασι·
1965 3182 2012 3247 C

279 3234 436 3294 λείας
470 3235 662 3289 Δεκίου
715 3240 812 3290 τοῦ
868 3234 1189 3308 παρανόμου
1244 3235 1334 3289 καὶ
1394 3232 1730 3289 ἀδικωτάτου
1782 3235 1937 3308 βασι-

276 3323 452 3394 λέως,
480 3323 570 3379 καὶ
602 3324 855 3380 Ποπλίου
898 3324 1171 3399 ἡγεμόνος
1227 3323 1287 3380 ἐκ
1331 3327 1430 3394 τῆς
1476 3324 1690 3387 πόλεως
1720 3324 1936 3399 Πὲργης

271 3416 374 3482 τῆς
428 3411 786 3489 Παμφυλίας·
848 3413 1192 3488 Χριστιανῶν
1277 3410 1334 3467 δὲ
1410 3412 1612 3489 γονέων
1675 3413 1937 3489 ὑπάρχων

275 3505 422 3572 υἱὸν,
455 3504 550 3558 καὶ
599 3503 689 3557 ὑπ’
743 3501 919 3556 αὐτῶν
972 3501 1039 3555 τά
1102 3501 1223 3575 ἱερὰ
1270 3503 1567 3579 γράμματα
1600 3502 1808 3575 μαθὼν,
1842 3502 1937 3557 ἐπ-

282 3594 541 3665 εστόμιζε
585 3590 718 3653 τοὺς
762 3590 1035 3657 Ἕλληνας
1083 3588 1144 3646 ἐκ
1189 3594 1297 3646 τῶν
1347 3590 1507 3646 θείων
1559 3590 1805 3667 Γράφῶν,
1845 3591 1936 3647 καὶ

285 3680 539 3744 πολλους
598 3680 687 3736 ἐπὶ
738 3680 832 3735 τὸν
887 3680 1015 3737 Θεὸν
1074 3678 1407 3759 ἐπιστρέφων
1465 3676 1770 3751 ἐϐάπτιζεν.
1821 3689 1941 3736 Δια-

285 3766 519 3841 ϐληθεῖς
548 3767 608 3825 δὲ
639 3769 910 3844 ἐκρατήθη
946 3769 1093 3846 παρὰ
1128 3774 1225 3825 τοῦ
1271 3767 1536 3846 ἄρχοντος
1568 3770 1937 3847 Εῗρηνάρχου,

283 3862 380 3916 καὶ
409 3862 567 3936 ἢχθη
597 3861 737 3937 πρὸς
765 3860 857 3915 τὸν
915 3859 1180 3936 ἡγεμόνα·
1211 3858 1301 3915 καὶ
1332 3857 1685 3935 ὁμολογήσας
1714 3860 1939 3916 ἐνώπιον

290 3950 466 4005 αὐτοῦ
520 3950 613 4005 τὸν
671 3947 908 4024 Χριστὸν
965 3948 1095 4003 Θεὸν
1151 3947 1410 4019 ἀληθινὸν
1464 3949 1555 4004 καὶ
1607 3947 1946 4026 δημιουργὸν

285 4043 386 4093 τοῦ
414 4038 653 4112 κόσμου,
710 4042 928 4113 πρῶτον
993 4037 1091 4109 μὶν
1146 4036 1403 4092 τύπτεται
1464 4038 1730 4115 ἰσχυρῶς·
1764 4039 1948 4095 ἔπειτα

287 4129 482 4200 εὲεται·
515 4126 610 4181 καὶ
662 4125 1001 4196 τελευταῖον,
1060 4125 1134 4188 ὡς
1193 4125 1294 4180 οὐκ
1343 4125 1586 4183 ἐπείθετο
1614 4128 1947 4204 ἀρνήσασθαι

286 4218 383 4272 τὸν
416 4218 674 4292 Χριστὸν,
732 4214 1111 4291 προσηλοῦται
1167 4220 1401 4293 σταυρῷ.
1436 4216 1534 4271 Καὶ
1591 4218 1947 4293 κρεμώμενος

2029 1935 2215 1990 tentia
2244 1936 2637 2003 remitterent,
2671 1936 2774 1991 sed
2805 1952 2992 2005 usque
3036 1934 3111 1990 ad
3147 1938 3478 1988 extremum
3510 1931 3693 2002 spiri-

2030 2027 2154 2078 tum
2186 2026 2493 2080 veritatem
2520 2026 2952 2096 praadicarent;
3006 2022 3257 2078 Basilius
3288 2021 3529 2091 quidem
3563 2025 3683 2077 toto

2029 2129 2275 2184 corpore
2307 2118 2366 2168 et
2394 2114 2547 2169 collo
2582 2114 3057 2180 excarnificatus,
3085 2110 3369 2167 custodia:
3410 2109 3691 2187 traditur.

2030 2201 2092 2257 in
2124 2220 2302 2273 quam
2361 2210 2419 2259 et
2474 2210 2714 2260 sanctus
2766 2204 3089 2275 Procopius
3129 2202 3405 2256 detrusus
3432 2205 3540 2254 est.
3575 2198 3689 2253 Sed

2029 2299 2264 2347 mortuo
2287 2299 2536 2365 tyranno
2560 2311 2591 2349 e
2612 2293 2863 2349 vinculis
2882 2292 3099 2358 educti,
3124 2290 3198 2346 ad
3221 2290 3471 2362 pristina
3493 2287 3691 2344 studia

2031 2380 2281 2444 rediere,
2314 2382 2653 2453 multosque
2711 2382 2787 2437 ad
2831 2383 3106 2436 virtutem
3154 2380 3481 2434 excitantes
3530 2383 3588 2432 et
3617 2377 3691 2433 ad

2033 2471 2421 2527 orthodoxam
2442 2471 2620 2526 ﬁdem
2639 2470 3253 2533 revocantes.tandem
3275 2468 3523 2523 diversis
3541 2472 3688 2520 tem-

2032 2560 2275 2631 poribus
2306 2560 2380 2615 ad
2410 2560 2618 2625 Deum,
2654 2577 2830 2631 quem
2873 2560 2944 2614 ab
2978 2559 3223 2613 ineunte
3255 2562 3426 2611 aetate
3453 2571 3695 2611 amave—

2032 2656 2188 2720 rant,
2221 2651 2572 2723 migrarunt,
2597 2650 2772 2705 vitam
2804 2667 2972 2706 suam
2994 2649 3286 2721 optimum
3317 2647 3550 2703 ceteris
3578 2645 3693 2702 vir-

2037 2745 2232 2800 tutum
2260 2738 2600 2812 exemplum
2631 2739 3065 2811 relinquentes.

2598 2857 2841 2913 EODEM
2881 2857 3132 2912 MENSE.

2539 2947 2641 3003 Die
2680 2947 2960 3003 vicesima
2996 2951 3202 3001 octava

2365 3036 2520 3092 210
2553 3038 2841 3092 Certamen
2883 3037 3065 3092 sancti
3107 3035 3369 3091 Nestoris.

2122 3153 2370 3209 Sanctus
2400 3157 2626 3223 martyr
2682 3154 2907 3219 Nestor,
2958 3150 3133 3205 Decio
3191 3149 3373 3221 impio
3404 3151 3462 3202 et
3490 3146 3697 3217 iniquo

2052 3243 2429 3314 imperatore,
2464 3247 2522 3295 et
2544 3239 2748 3295 Publio
2775 3240 3074 3311 praefecto,
3098 3240 3280 3309 Perge
3310 3237 3372 3291 in
3403 3233 3700 3305 Pamphy-

2048 3331 2130 3387 lia
2181 3329 2532 3386 Christianis
2589 3328 2935 3400 parentibus
2994 3330 3189 3392 natus,
3249 3324 3321 3379 ab
3380 3323 3453 3377 iis
3505 3336 3703 3376 sacras

2048 3422 2278 3477 litteras
2310 3420 2575 3482 edoctus.
2626 3421 2962 3475 Graacorum
3021 3433 3085 3470 os
3142 3431 3323 3470 sacras
3383 3412 3699 3483 Scriptura

2049 3510 2405 3567 testimoniis
2454 3508 2789 3575 obstruens,
2837 3505 3173 3577 complures
3224 3503 3298 3559 ad
3342 3504 3526 3557 Deum
3557 3516 3704 3556 con-

2045 3617 2245 3656 versos
2276 3599 2611 3671 baptizavit.
2653 3599 2843 3663 Quare
2889 3595 3146 3661 delatus,
3179 3599 3237 3648 et
3279 3592 3352 3648 ab
3384 3589 3700 3647 Irenarcho

2048 3694 2301 3763 praatore
2328 3688 2817 3760 comprehensus,
2840 3685 3117 3759 praefecto
3147 3682 3379 3739 sistitur
3403 3698 3416 3736 :
3446 3695 3701 3750 cumque

2051 3795 2249 3836 coram
2281 3795 2349 3834 eo
2377 3778 2677 3833 Christum
2718 3793 2922 3832 verum
2970 3777 3176 3840 Deum,
3211 3771 3538 3842 mundique
3568 3768 3705 3840 opi-

2052 3870 2225 3925 ficem
2257 3868 2563 3925 confessus
2596 3871 2773 3935 esset,
2801 3866 3061 3938 primum
3097 3863 3297 3937 flagris
3325 3859 3711 3919 acerbissime

2055 3956 2320 4024 caeditur,
2356 3954 2570 4011 deinde
2602 3954 3091 4020 excarnificatur;
3122 3951 3363 4006 demum
3385 3965 3520 4004 cum
3548 3946 3712 4002 Chri-

2057 4053 2213 4104 stum
2245 4047 2479 4118 ejurare
2538 4045 2745 4112 nollet,
2800 4044 2863 4099 in
2920 4056 3159 4099 crucem
3216 4040 3450 4112 agitur:
3508 4036 3715 4105 ibique

2057 4136 2348 4209 pendens,
2382 4140 2440 4191 et
2465 4139 2727 4190 astantes
2775 4134 2929 4187 viam
2974 4131 3236 4186 veritatis
3268 4129 3517 4198 vitaeque
3548 4140 3707 4195 pra)-

2060 4225 2245 4281 sentis
2275 4228 2685 4296 contemptum
2717 4222 2959 4287 docens,
2992 4217 3369 4274 obdormivit.

292 4305 548 4363 ἱδίδασκε
574 4306 699 4369 τοὺς
729 4309 1080 4381 παρεστῶσας
1109 4306 1209 4375 τήν
1239 4302 1365 4361 ὁδὸν
1396 4312 1497 4375 τῆς
1528 4304 1806 4378 ἀληθείας’
1852 4311 1942 4367 καὶ
1990 4312 2133 4368 οὕτω
2184 4309 2451 4367 διδάσκων
2501 4311 2633 4370 τοὺς
2682 4311 3029 4383 παρεστῶτας
3077 4306 3435 4381 καταφρονεῖν
3472 4307 3572 4370 τῆς
3603 4321 3708 4355 πα-

303 4395 533 4472 ρούσης,
570 4401 716 4466 ζωῆς
743 4394 1073 4466 ἐξέπνευσεν.

884 4523 962 4595 Τῇ
1004 4520 1139 4595 αὐτῇ
1183 4519 1366 4596 ἡμέρᾳ

443 4613 649 4684 Μνήμη
695 4614 793 4665 τοῦ
838 4610 996 4665 ὁσίου
1044 4610 1256 4686 Πατρὸς
1287 4613 1449 4684 ἡμῶν
1482 4611 1808 4684 Θαλελαίου,

373 4701 552 4764 Οὗτος
609 4701 821 4776 ἐγένετο
881 4704 977 4773 μὲν
1035 4699 1143 4755 ἀπὸ
1200 4699 1473 4762 Κιλικίας
1522 4703 1623 4771 τὴν
1656 4703 1955 4775 άσκητικὴν

299 4789 357 4845 δὲ
396 4791 681 4846 πολιτείαν
732 4789 1040 4865 ἀγαπήσας,
1097 4789 1197 4858 τήν
1252 4788 1417 4844 πόλιν
1467 4785 1732 4845 κατέλαϐε
1787 4789 1958 4846 Γαόἄο

298 4878 434 4935 λων·
467 4879 558 4935 καὶ
591 4878 766 4956 εὑρὼν
798 4879 965 4935 τόπον
996 4879 1120 4933 τινὰ
1147 4877 1385 4949 πλησίον
1415 4884 1515 4948 τῆς
1546 4877 1784 4951 πόλεως,
1809 4880 1959 4943 ὅστις

296 4971 389 5025 καὶ
422 4970 746 5047 οίκητήριον
796 4970 865 5039 ἦν
916 4966 1213 5042 δαίμόνωδ,
1270 4966 1322 5022 ἐν
1378 4968 1524 5040 αὐτῷ
1554 4966 1728 5025 ἔκτισε
1762 4970 1959 5046 μικρὰν

300 5061 498 5115 οἰκίαν
562 5061 650 5116 καί
708 5059 834 5121 τοὺς
892 5056 1150 5132 δαίμονας
1208 5056 1538 5129 ἀποδιώξας,
1588 5057 1638 5114 ἐν
1688 5064 1755 5135 τῇ
1819 5061 1973 5135 αὐτῇ

302 5151 451 5222 οἰκίᾳ
503 5151 596 5205 τὸν
656 5150 785 5205 Θεὸν
844 5149 1077 5218 ἱπὲτευε,
1134 5147 1428 5219 νηστείαις,
1476 5147 1565 5202 καὶ
1614 5149 1957 5225 ἀγρυπνίαις,

303 5240 392 5295 καὶ
452 5239 843 5313 ξηροκοιτίαις,
928 5237 1017 5292 καὶ
1103 5237 1426 5301 κακουχίαις
1502 5239 1697 5313 σαρκὸς
1776 5240 1959 5295 ἑαυτὸν

302 5326 718 5387 καταδαπανῶν.
773 5325 1022 5387 Ἰδόντες’
1080 5323 1138 5381 δὲ
1191 5327 1249 5380 οἱ
1307 5324 1555 5399 δαίμονες
1610 5329 1711 5396 τήν
1765 5328 1961 5403 ἀρετήν

306 5420 499 5488 αὐτοῦ,
558 5416 915 5493 ἐπειράθησαν
994 5409 1295 5493 ἐκφοϐῆσαι
1364 5414 1547 5469 αὐτόθ’
1610 5415 1708 5470 οὐκ
1758 5414 1960 5487 ἠδυνή-

307 5517 474 5576 θησαν
532 5502 607 5561 δὶ’
669 5503 761 5560 διὰ
812 5506 914 5581 γάρ
980 5511 1295 5579 προσευχῆς
1356 5502 1526 5559 ἐποίει
1575 5504 1771 5567 αὐτοὺς
1803 5504 1964 5581 ἀφάν-

304 5616 456 5669 τους,
513 5597 603 5651 καὶ
662 5594 788 5651 τότε
843 5593 1141 5667 ἰμάνησαν·
1199 5592 1290 5649 καὶ
1347 5590 1580 5670 ⁴ἤρξαντο
1628 5595 1866 5666 ἀνασπᾷν
1896 5594 1965 5651 τὰ

307 5681 529 5761 δένδρα,
583 5685 678 5747 τὰς
725 5681 937 5754 ὶλαίας,
983 5682 1074 5738 καὶ
1118 5682 1215 5746 τὰς
1263 5686 1448 5753 συκᾶς,
1482 5681 1597 5739 ἐπεὶ
1642 5680 1699 5739 δὶ
1728 5681 1854 5740 οΰδὶ
1884 5683 1962 5747 είς

597 5814 863 5876 Panos.
913 5814 1029 5874 Gl.
1076 5812 1314 5876 CXVII.

2710 4524 2932 4580 Eodem
2971 4522 3068 4578 die

2065 4620 2211 4675 217
2252 4618 2705 4673 Commemoratio
2752 4615 2932 4670 sancti
2975 4613 3160 4668 Patris
3205 4611 3381 4665 nostri
3434 4604 3720 4664 Thalelwi.

2137 4709 2254 4762 Iste
2285 4722 2356 4761 ex
2387 4704 2591 4759 Cilicia
2619 4703 2768 4758 fuit:
2804 4702 2928 4774 qui,
2972 4700 3240 4756 asceticaa
3271 4699 3402 4753 vitae
3436 4696 3631 4753 studio
3662 4696 3727 4751 in

2068 4795 2278 4851 urbem
2312 4794 2665 4850 Gabalorum
2699 4792 2999 4865 profectus
3030 4791 3091 4844 in
3138 4789 3270 4844 loco
3303 4787 3561 4859 quodam
3591 4784 3725 4840 urbi

2067 4884 2359 4956 proximo,
2395 4882 2555 4954 quod
2587 4882 2927 4937 dmmonum
2974 4878 3381 4935 habitaculum
3413 4880 3557 4939 erat,
3594 4873 3723 4930 cel-

2068 4973 2255 5029 lulam
2279 4973 2591 5028 aedificavit
2616 4988 2627 5024 :
2655 4971 2987 5044 fugatisque
3014 4967 3410 5029 daemonibus,
3436 4967 3621 5020 Deum
3646 4962 3728 5018 ibi

2024 5074 2027 5075 '
2071 5061 2621 5133 colebat,jejuniis,
2680 5060 2917 5131 vigiliis,
2976 5058 3141 5113 humi
3201 5054 3639 5117 cubationibus,
3670 5057 3729 5107 et

2070 5150 2269 5205 carnis
2329 5148 2727 5203 maceratione
2777 5146 3041 5217 seipsum
3098 5144 3409 5199 afflictans.
3450 5142 3726 5195 Videntes

2071 5244 2269 5293 autem
2304 5237 2606 5291 dmmones
2633 5240 2827 5290 tantos
2850 5234 3013 5288 illius
3038 5234 3097 5287 in
3122 5234 3334 5287 virtute
3360 5244 3727 5303 progressus,

2072 5328 2267 5383 conati
2302 5333 2444 5382 sunt
2476 5328 2749 5381 timorem
2778 5325 2828 5379 ei
2862 5324 3107 5395 injicere
3134 5340 3146 5377 :
3185 5323 3289 5377 sed
3322 5338 3455 5376 cum
3487 5330 3728 5389 Operam

2072 5417 2410 5489 perderent,
2445 5432 2583 5470 nam
2625 5414 2892 5469 oratione
2943 5411 3220 5467 Thalelazi
3253 5423 3601 5465 evanescere
3634 5421 3731 5458 co-

2071 5507 2382 5581 gebantur,
2436 5505 2633 5561 furore
2694 5504 2921 5576 perciti,
2982 5502 3244 5565 arbores,
3280 5500 3460 5561 oleas,
3496 5503 3554 5551 et
3585 5496 3730 5549 ﬁcus

2073 5614 2312 5654 sursum
2343 5597 2577 5651 trahere
2608 5596 2938 5665 cmperunt.
2998 5592 3261 5663 Cumque
3311 5593 3550 5645 sanctus
3578 5581 3735 5639 nihit

2072 5687 2235 5743 hisce
2263 5690 2620 5752 moveretur,
2650 5688 2944 5738 nocturno
2977 5686 3244 5751 tempore
3290 5694 3426 5733 cum
3469 5674 3731 5730 clamore

3368 5803 3440 5858 11
