4074 6192
409 322 516 382 331

1688 319 2114 384 MENOLOGII
2161 320 2362 384 PARS
2405 324 2515 386 III.

3687 327 3809 388 33!

406 473 476 514 ac
525 458 782 514 tumultu
842 458 1037 528 ipsum
1091 453 1630 526 aggrediebantur:
1672 469 1872 508 verum
1909 471 2042 510 cum

2158 458 2316 509 τοῦτο
2346 454 2712 532 παρεκίνησαν
2761 456 2857 511 τὸν
2906 456 3082 531 ἅγιον,
3133 452 3222 511 διὰ
3261 458 3363 526 τῆς
3411 457 3624 521 νυκτὸς,
3677 460 3814 531 μετὰ

404 547 560 603 nihil
577 549 901 613 efﬁcerent,
915 544 1049 598 victi
1067 543 1412 598 discessere.
1439 543 1570 613 Ipse
1589 549 2052 607 vero,exstructa

405 637 517 692 sibi
548 635 886 708 angustiore
909 631 1145 699 cellula,
1175 631 1236 687 in
1261 649 1392 688 eam
1422 648 1485 688 se
1517 631 2048 700 includens,totum

402 727 537 782 vita:
569 743 690 781 sua)
723 729 956 794 tempus
987 721 1269 780 traduxit.

1045 901 1265 956 Eodem
1300 900 1398 956 die

400 989 554 1048 218
589 992 1042 1046 Commemoratio
1092 998 1406 1046 sanctorum
1461 991 1755 1045 mulierum
1803 991 2048 1046 Mardum

1079 1069 1132 1118 et
1179 1063 1359 1132 Cyrae.

468 1170 602 1226 Istaa
633 1175 851 1225 sanctas
882 1168 943 1224 in
964 1168 1110 1225 urbe
1130 1169 1349 1225 Ciliciae
1375 1169 1577 1224 Beroea
1605 1174 1782 1235 natas,
1807 1184 2047 1242 genere,

396 1260 606 1332 patria,
629 1259 962 1332 opibusque
993 1259 1240 1328 relictis,
1263 1275 1382 1314 non
1413 1259 1620 1330 procul
1653 1275 1688 1314 a
1716 1259 1917 1314 Berma
1937 1257 2052 1313 cel-

399 1351 584 1408 lulam
628 1357 1046 1406 construxere:
1099 1367 1350 1422 eamque
1409 1350 1712 1424 ingressas,
1745 1350 2049 1405 obstructa

397 1458 562 1497 cmno
593 1440 1012 1512 lapidibusque
1035 1442 1242 1513 janua,
1262 1457 1368 1512 per
1396 1440 1723 1496 fenestellaa
1744 1438 2047 1512 angustias

395 1539 724 1604 porrectum
743 1533 1090 1604 parcissime
1105 1533 1302 1588 cibum
1317 1549 1450 1587 cum
1464 1549 1620 1603 aqua
1633 1531 2046 1588 admittebant.

396 1621 797 1677 Adventantes
855 1627 1053 1676 autem
1102 1621 1175 1676 ad
1226 1621 1360 1676 illas
1391 1621 1666 1688 feminas,
1699 1621 1773 1676 ad
1803 1622 2046 1676 virtutes

395 1709 964 1780 excitabant.Magno
984 1709 1161 1765 etiam
1181 1709 1320 1763 ferri
1341 1708 1603 1780 pondere
1628 1715 1815 1764 totum
1834 1727 2048 1784 corpus

397 1799 726 1854 onerabant
749 1818 763 1865 ;
791 1805 850 1852 et
868 1798 995 1854 solo
1017 1800 1397 1854 Pentecostes
1419 1797 1515 1854 die
1537 1815 1670 1853 cum
1694 1799 2048 1856 mulieribus

393 1888 815 1959 loquebantur.
850 1893 1038 1942 totum
1096 1888 1396 1958 reliquum
1453 1904 1678 1944 annum
1716 1887 1778 1943 in
1810 1890 2049 1946 silentio

397 1976 811 2047 transigentes.
845 1977 1038 2032 Semel
1075 1982 1305 2032 tantum
1351 1994 1457 2049 per
1503 1979 1893 2051 quadraginta
1923 1979 2049 2036 dies

395 2066 791 2122 comedebant
848 2071 907 2122 et
959 2065 1262 2122 bibebant.
1322 2065 1586 2138 Cumque
1616 2067 1774 2122 hunc
1805 2067 2047 2124 modum

393 2155 490 2228 pie
522 2155 916 2229 religioseque
947 2156 1247 2222 vixissent,
1278 2155 1700 2211 miraculorum
1733 2157 1912 2212 etiam
1943 2157 2049 2213 do-

393 2260 540 2301 num
599 2261 910 2301 meruere:
962 2262 1102 2300 nam
1161 2244 1332 2300 caecis
1387 2245 1576 2300 visum
1635 2245 2046 2314 restituerunt,

393 2333 791 2391 dmmoniacos
821 2340 1122 2401 curarunt,
1150 2333 1376 2390 claudis
1406 2333 1678 2389 incessus
1705 2334 2047 2392 facultatem

393 2423 691 2480 dederunt
717 2430 894 2496 atque
925 2423 1006 2479 ita
1035 2429 1283 2479 mortua:
1325 2429 1482 2478 sunt.

1040 2689 1262 2746 Eodem
1300 2689 1396 2745 die

605 2780 757 2838 219
791 2779 1241 2835 Commemoratio
1289 2785 1490 2835 sancta
1519 2779 1829 2836 Domninae.

464 2869 677 2926 Sancta
709 2870 1000 2925 Domnina
1032 2869 1094 2924 in
1124 2870 1273 2940 Cyro
1323 2867 1469 2924 urbe
1499 2868 1613 2940 piis
1643 2868 2043 2941 divitibusque

388 2959 741 3032 parentibus
774 2964 930 3025 nata,
967 2958 1042 3015 ab
1091 2959 1335 3013 incunte
1368 2963 1540 3014 aetate
1573 2957 1673 3012 Dei
1705 2973 1906 3014 amore
1935 2957 2045 3014 ﬂa-

387 3065 586 3122 grans,
621 3053 805 3104 totam
837 3065 900 3104 se
921 3047 1215 3122 religiosis
1233 3047 1756 3103 exercitationibus
1773 3047 2004 3103 addixit
2025 3063 2038 3105 :

2159 547 2354 621 φωνῶν
2427 544 2519 600 καὶ
2593 540 2841 621 θορύϐων
2919 543 3160 615 ἰπῆλθον
3227 551 3395 619 αυτῷ.
3463 547 3570 604 Καὶ
3641 545 3813 622 μηδὶν

2159 631 2468 700 ἀνύσαντες,
2504 634 2896 710 ὑπεχώρησαν
2952 633 3111 698 αὐτὸς
3154 633 3213 691 δὶ
3241 629 3590 710 ἕγκλιιστρον
3623 638 3808 694 στενὸν

2157 723 2416 792 ποιήσας,
2448 721 2538 778 καὶ
2569 723 2828 789 εἰσελθὼν
2888 723 2943 780 ἄν
2998 725 3172 798 αὖτῷ,
3203 725 3294 781 τὸν
3325 723 3459 782 ὅλον
3492 726 3609 801 βίον
3640 727 3811 784 αὐτοῦ

2159 806 2477 871 διετέλεσεν.
3154 814 3170 836 ’

2721 903 2808 978 Τῇ
2849 903 2991 977 αὖτῆ
3035 903 3239 978 ἡμέρᾳ-

2228 989 2349 1060 Μνή
2361 1010 2436 1063 μη
2467 994 2576 1046 τῶν
2606 989 2770 1067 ἁγίων
2808 995 3078 1068 γυναικῶν
3109 993 3369 1068 Μαράνας
3393 993 3483 1049 καὶ
3515 993 3733 1074 Κίρρας.

2225 1168 2296 1225 Αἱ
2343 1169 2490 1244 ἅγιαι
2549 1169 2703 1225 αὗται
2761 1169 3008 1247 ἐγένοντο
3062 1171 3122 1226 ἐκ
3173 1177 3275 1242 τῆς
3331 1172 3549 1236 πόλεως
3577 1173 3806 1250 Βεροίας

2149 1262 2251 1325 τῆς
2312 1255 2586 1321 Κιλικίας.
2643 1259 3044 1316 Καταλιποῦσαι
3103 1259 3160 1316 δὲ
3213 1261 3305 1316 καὶ
3360 1261 3510 1338 γένος
3562 1263 3652 1319 καὶ
3697 1284 3804 1319 πα-

2147 1343 2330 1422 τρίδα,
2389 1346 2478 1402 καὶ
2534 1346 2796 1421 πλοῦτον,
2850 1348 3098 1419 ἀπῆλθον
3158 1348 3397 1420 πλησίον
3439 1351 3681 1427 Βεροίαςο
3711 1351 3805 1410 καὶ

2152 1432 2356 1492 ἔκτισεν
2395 1435 2619 1493 κελλίον
2665 1438 2880 1512 μικρὸν,
2933 1440 3020 1494 καὶ
3081 1437 3418 1504 εἰσελθοῦσαι
3474 1437 3602 1509 ἔσω,
3644 1441 3808 1499 ἆνὲκο

2149 1542 2300 1580 τισαν
2330 1524 2430 1594 τὴν
2464 1524 2627 1601 Θῦραν
2686 1525 2821 1599 μετὰ
2871 1524 3055 1598 πηλοῦ
3085 1526 3175 1582 καὶ
3233 1527 3426 1586 λίθων.
3465 1530 3564 1585 Καὶ
3595 1526 3805 1607 ἀφῆκαν

2153 1609 2346 1687 θυρίδα
2405 1613 2621 1690 μικρὰν,
2681 1614 2772 1692 ἀφ’
2835 1615 2902 1686 ἧς
2977 1616 3190 1692 τροφὴν
3253 1618 3449 1690 μικρὰν
3507 1616 3599 1673 καὶ
3657 1615 3804 1688 ὕδωρ

2156 1699 2348 1770 ὀλίγον
2381 1697 2714 1776 ἐλάμϐανον.
2775 1702 2880 1759 Καὶ
2937 1709 3056 1767 ταῖς
3114 1704 3588 1782 προσερχομέναις
3618 1707 3806 1773 αὐταῖς

2080 1791 2390 1896 Βγυναιξὶν
2442 1790 2855 1867 συνετύγχανον,
2909 1789 3255 1848 διδάσκουσαι
3326 1794 3491 1858 αὐτὰς
3545 1798 3614 1852 τὰ
3668 1796 3804 1872 πρὸς

2151 1881 2250 1950 τήν
2284 1881 2502 1954 ἀρετήν.
2536 1881 2798 1959 Ἐφόρουν
2850 1879 2908 1937 δὶ
2957 1883 3044 1938 καὶ
3104 1880 3303 1959 σίδηρα
3337 1883 3503 1961 βαρέα
3529 1887 3647 1941 καθ’
3667 1883 3805 1942 ὅλου

2150 1972 2249 2024 τοῦ
2291 1970 2568 2042 σώματος.
2633 1970 2730 2025 Καὶ
2789 1967 3098 2045 ὃιελὲγοντο
3144 1976 3265 2034 ταῖς
3317 1973 3562 2046 γυναιξὶν
3619 1974 3672 2030 ἐν
3731 1978 3804 2050 τῇ

2151 2055 2334 2133 ἡμέρᾳ
2367 2061 2502 2135 μόνῃ
2557 2067 2664 2130 τῆς·
2713 2067 3110 2133 Πεντηκοστῆς.
3167 2063 3266 2118 Τὸν
3298 2060 3356 2119 δὲ
3388 2064 3518 2120 ὅλον
3559 2063 3802 2124 ἑνιαυτὸν

2152 2145 2206 2203 ἐν
2235 2148 2442 2224 ἡσυχίᾳ
2497 2147 2704 2225 διῆγον.
2763 2150 2986 2206 Ἤσθιον
3048 2148 3106 2206 δὶ
3155 2151 3247 2207 καὶ
3299 2148 3479 2209 ἔπινον
3515 2155 3650 2212 κατὰ
3679 2177 3802 2212 τεσ-

2150 2237 2450 2311 σαράκοντα
2504 2240 2714 2314 ἡμέρας
2773 2237 2922 2312 μίαν.
2981 2239 3139 2298 Οὕτω
3195 2239 3253 2296 δὲ
3307 2240 3490 2306 καλῶς
3537 2244 3628 2300 καὶ
3676 2256 3803 2310 θεα-

2151 2324 2355 2400 pia-ru);
2413 2325 2698 2403 βιώσασαι,
2757 2327 3068 2401 ἠξιώθησαν
3127 2329 3216 2385 καὶ
3273 2333 3628 2406 χαρισμάτων
3680 2345 3807 2400 θαυ-

2153 2415 2510 2492 ματουργίας⁶
2563 2417 2651 2472 καὶ
2710 2418 2812 2494 γὰρ
2867 2417 3108 2496 τυφλοὺς
3161 2414 3462 2495 ἀναϐλέψαι
3515 2422 3799 2498 ἐποίησαν,

2149 2507 2240 2561 καὶ
2275 2504 2673 2580 δαιμονιῶντας
2713 2505 3089 2581 ἐθεράπευσαν,
3144 2508 3235 2564 καὶ
3293 2515 3507 2586 χωλοῖς
3561 2510 3799 2590 βαδίζειν

2150 2595 2328 2672 ὀρθῶς
2356 2595 2702 2674 ἐχαρίσαντο·
2739 2597 2825 2652 καὶ
2859 2597 3033 2660 οὕτως
3064 2597 3479 2674 ἐτελειώθησαν.

2744 2688 2830 2761 Τῇ
2857 2687 2994 2762 αὐτῇ
3025 2685 3207 2762 ἡμέρᾳ

2537 2776 2744 2849 Μνήμη
2785 2783 2888 2846 τῆς
2921 2776 3070 2840 ὁσίας
3115 2777 3408 2852 Δομνίνης,

2217 2864 2283 2921 Ἦ
2314 2862 2439 2940 ἁγία
2483 2866 2714 2939 Δομνίνα
2769 2865 2980 2943 ἐγίνετο
3038 2867 3099 2924 ὲκ
3157 2869 3259 2939 τῆς
3315 2869 3534 2934 πόλεως
3590 2871 3798 2949 Κύρου,
3827 2887 3840 2896 ’

2143 2958 2345 3028 γονέων
2403 2949 2640 3010 εὐσεϐῶν
2726 2956 2817 3011 καὶ
2897 2955 3174 3013 πλουσίων
3233 2959 3491 3036 θυγάτηρ·
3548 2961 3798 3036 ἠγάπησε

2147 3039 2205 3098 δὲ
2231 3042 2324 3098 τὸν
2369 3044 2498 3100 Θεὸν
2555 3043 2615 3098 ἐκ
2673 3045 2929 3122 βρέφους,
2985 3044 3073 3101 καὶ
3132 3043 3386 3118 ἐξέδωκεν
3436 3048 3628 3119 ἑαυτὴν
3660 3051 3797 3126 πρὸς

388 3145 447 3196 et
474 3139 537 3195 in
554 3140 810 3212 tugurio,
833 3139 991 3212 quod
1013 3155 1084 3195 ex
1102 3137 1496 3195 arundinibus
1517 3137 1676 3193 domi
1698 3137 2038 3210 contiguum

2158 3131 2272 3196 τοὺς
2299 3140 2399 3204 τῆς
2453 3134 2730 3205 ἀσκήσεως
2789 3135 3018 3210 ἀγῶνας.
3078 3137 3177 3191 Καὶ
3233 3135 3468 3208 πλησίον
3493 3144 3592 3208 τῆς
3619 3138 3792 3204 οἰκίας

386 3234 776 3299 exstruxerat,
800 3247 861 3286 se
893 3229 1170 3286 inclusit:
1196 3228 1294 3284 ubi
1319 3228 1421 3283 diu
1450 3232 1748 3299 noctuque
1777 3245 1881 3300 pro
1915 3233 2036 3284 toto

2158 3221 2316 3293 ιιῦτῆς
2355 3201 2538 3299 ⁷μέρος
2577 3201 2641 3278 ⁷τι
2681 3201 3036 3296 ἐκλεξαμένη,
3097 3201 3348 3296 ἐποίησε,
3375 3201 3621 3299 καλύῦην
3685 3201 3792 3286 dub

385 3320 547 3388 orbe,
581 3338 686 3393 pro
719 3320 1008 3389 ecclesiis,
1041 3337 1144 3392 pro
1181 3319 1524 3375 orthodoxis
1555 3320 2033 3393 imperatoribus,

2141 3310 2428 3386 καλάμων·
2460 3311 2550 3368 καὶ
2579 3311 2631 3367 ἰν
2681 3311 2859 3388 ἐκείνῃ
2917 3314 3314 3387 καταμένουσα,
3356 3317 3493 3388 μετᾶ
3521 3315 3793 3394 δακρύων,

383 3427 490 3482 pro
522 3412 804 3476 exercitu,
825 3429 930 3484 pro
955 3410 1279 3483 republica.
1305 3409 1560 3480 denique
1586 3427 1692 3483 pro
1725 3427 1832 3466 sua
1852 3410 2036 3482 ipsius

2158 3401 2336 3463 νυκτὸς
2367 3401 2455 3455 καὶ
2494 3402 2726 3473 ἡμέρας,
2783 3401 2876 3456 τὸν
2935 3399 3065 3456 Θεὸν
3126 3402 3258 3476 ὑπὲρ
3309 3410 3411 3472 τῆς
3453 3405 3795 3480 ὀἰκουμένης

387 3499 578 3554 salute
611 3501 793 3555 Deum
825 3501 1051 3556 orabat.
1087 3501 1280 3554 Vitam
1312 3499 1471 3554 lente
1499 3505 1798 3556 macerata
1826 3506 1885 3556 et
1911 3517 2038 3555 mo-

2158 3488 2431 3561 ὲδυσώπει,
2465 3491 2598 3566 ὑπὲρ
2625 3495 2732 3546 τῶν
2789 3489 3121 3562 ἐκκλησιῶν,
3181 3492 3313 3568 ὑπὲρ
3356 3498 3463 3548 τῶν
3488 3493 3792 3570 ὀρθοόοξων

386 3586 520 3642 dica
549 3605 704 3659 aqua
729 3589 1118 3645 sustentabat.
1151 3589 1414 3660 Cumque
1458 3590 1542 3644 ita
1582 3589 1773 3644 instar
1799 3589 2037 3662 angelo-

2158 3579 2442 3656 βασιλέων,
2505 3580 2636 3657 ὑπὲρ
2687 3583 2784 3635 τοῦ
2839 3583 3092 3657 στρατοῦ,
3152 3580 3284 3656 ὑπὲρ
3340 3587 3438 3638 τοῦ
3466 3589 3670 3656 κοινοῦ,
3701 3586 3792 3644 καὶ

387 3692 522 3732 rum
585 3677 827 3730 vixisset
901 3683 1216 3733 extenuato
1276 3677 1579 3732 laboribus
1637 3695 1905 3750 corpore,
1965 3676 2038 3734 ad

2158 3670 2455 3740 τελευταίαν
2483 3671 2656 3748 εὐχὴν
2688 3669 2922 3727 ἐποιεῖτο
2983 3671 3116 3746 ὑπὲρ
3174 3678 3276 3742 τῆς
3317 3670 3459 3732 ἰδίας
3487 3677 3699 3752 ψυχῆς.
3727 3678 3790 3736 Ἦ

389 3767 596 3825 Deum,
630 3781 804 3833 quem
841 3771 1156 3824 amaverat.
1187 3765 1322 3820 lwta
1362 3765 1651 3838 migravit,
1681 3773 2038 3822 aeternorum

2158 3760 2207 3818 5‘s
2259 3763 2437 3842 τροφή
2495 3763 2666 3832 αὐτῆς
2718 3762 2787 3832 ἧν
2846 3762 2988 3840 φακή
3053 3757 3400 3839 βεϐραγμὲνη
3453 3768 3643 3843 μικρὰ,
3700 3767 3795 3826 καὶ

390 3853 688 3908 bonorum
719 3853 1062 3906 fruitionem
1097 3854 1413 3924 recipiens.

2158 3850 2336 3928 ὃλίγον
2395 3849 2564 3928 ὕδωρ.
2635 3849 2824 3916 Οὕτως
2893 3848 3196 3928 ἁγγελικῶς
3258 3853 3526 3928 βιώσασα,
3580 3856 3667 3911 καὶ
3728 3859 3796 3914 τὸ

391 3944 552 4011 σῶμα
579 3945 698 4001 τοῖς
726 3939 915 4001 πόνοις
946 3941 1276 4015 νεκρώσασα,
1307 3939 1396 3994 καὶ
1426 3945 1543 4003 τοῖς
1576 3939 1831 4016 ἀγγέλοις
1863 3939 2318 4016 συνδιαιτωμένηο
2362 3943 2453 4000 καὶ
2500 3940 2606 4019 πρὸ
2655 3941 3025 4017 μεταστάσεως
3059 3941 3348 4018 χαίρουσα,
3379 3943 3516 4016 πρὸς
3541 3945 3696 4015 Θεὸν,
3730 3945 3795 4002 δν

385 4027 672 4100 ἐπόθησεν,
706 4025 1057 4103 ὲξεδήμησεν,
1091 4023 1444 4084 ἀπολαϐοῦσα
1471 4032 1580 4085 τῶν
1609 4028 1810 4085 αίωίων
1843 4030 2054 4107 ἀγαθῶν
2085 4031 2186 4102 τὴν
2217 4030 2542 4093 ἀπόλαυσιν.

561 4219 3680 4556 ΜΜξὸῇἶῇ

1629 4673 1964 4771 PARS
2027 4672 2510 4772 TERTIA

1389 4870 1441 4929 Α
1483 4869 1752 4932 MENSE
1796 4865 2104 4931 MARTIO
2146 4869 2256 4931 AD
2296 4868 2753 4934 AUGUSTUM.

383 4213 2390 4246 ω

682 5202 1108 5298 MENSE
1185 5203 1680 5299 MARTIO.
2039 5207 2085 5273 Ι)

1005 5365 1107 5420 Die
1147 5365 1360 5437 prima.

2457 5229 2791 5325 ΜΗΝΙ
2883 5229 3396 5334 ΜΑΡΤΙΩ.

2737 5394 2828 5450 Ἐν
2857 5397 2926 5470 τῇ
2958 5397 3149 5473 πρώτῃ

2214 5499 2488 5572 Ἅθλησις
2529 5506 2628 5572 τῆς
2659 5503 3065 5581 ὁσιομάρτυρος
3098 5503 3366 5574 Εῦδοκίας
3390 5515 3491 5581 τῆς
3521 5510 3626 5567 ἀπο

2751 5579 3130 5651 Σαμαρειτῶν.

2175 5661 2244 5722 Ἠ
2289 5661 2621 5740 δσιομάρτυς
2678 5667 2782 5722 τοῦ
2840 5671 3082 5743 Χριστοῦ
3131 5666 3374 5728 Εὸδοκία
3402 5669 3624 5748 ὑπῆρχε
3667 5670 3781 5746 μὶν

353 5483 392 5539 1
433 5481 718 5538 Certamen
765 5488 967 5537 sancta
1016 5485 1279 5554 martyris
1326 5485 1580 5540 Eudociae
1609 5483 1997 5542 Samaritana.

421 5659 636 5718 Sancta
682 5659 898 5720 Christi
941 5667 1168 5734 martyr
1208 5661 1470 5724 Eudocia
1520 5680 1592 5722 ex
1633 5662 1866 5729 civitate
1896 5641 1997 5724 Sa-
