4072 6194
237 342 348 417 3'33

1769 353 2133 416 MARTIUS.

3537 361 3653 419 334

240 488 348 542 ἀπὸ
371 486 675 562 Σαμαρείας
704 496 807 557 τῆς
838 483 1078 559 πόλεως,
1109 488 1177 558 ἦν
1237 485 1296 543 δὶ
1353 486 1438 545 ἐπὶ
1472 494 1571 556 τῆς
1605 484 1884 561 βασιλείας

2008 488 2184 542 maris
2215 487 2486 554 oriunda,
2521 488 2852 559 imperante
2882 490 3154 561 Trajano,
3188 493 3380 562 primo
3411 493 3656 564 quidem

243 580 534 650 Τραῖανοῦ,
564 575 613 632 ὲν
646 575 919 649 ἀκολασίᾳ
973 578 1035 631 τὸ
1092 581 1309 651 πρῶτον
1374 577 1587 652 βιοῦσα,
1631 576 1722 630 καὶ
1752 573 1895 630 πολ-

242 664 378 729 λοῦς
422 665 639 742 ἐραστὰς
693 670 764 739 τῇ
825 665 1104 742 εὐμορφίᾳ
1157 670 1255 720 τοῦ
1310 669 1615 741 προσώπου
1667 662 1892 739 ἔχουσα,

243 753 291 826 ἐξ
322 756 396 809 ὧν
450 754 537 809 καὶ
591 758 839 809 πλοῦτον
871 756 1220 828 συνήθροισεν
1272 752 1513 825 ἄπειρον.
1550 751 1708 810 Ἀλλ’
1739 753 1896 807 ὕστε-

242 865 331 919 ρον
364 846 470 899 ὑπὸ
499 849 779 918 Γερμανοῦ
820 865 968 908 τινος
1026 848 1275 919 μοναχοῦ
1310 844 1403 899 τὸν
1454 843 1579 918 περὶ
1613 842 1897 916 μετανοίας

241 932 400 1007 λόγον
467 932 813 1009 διδαχθεῖσα,
898 932 1184 1008 κατενύγη,
1267 934 1395 990 Εἶτα
1458 933 1548 987 καὶ
1633 931 1893 986 ὀπτασίαν

245 1020 455 1093 ἰδοῦσα,
512 1023 797 1097 προσῆλθε
853 1019 1102 1095 Θεοδότῳ
1156 1026 1237 1095 τῷ
1292 1020 1592 1093 ἐπισκόπῳ,
1644 1021 1734 1075 καὶ
1776 1014 1895 1075 ἐὸάο

242 1111 460 1181 πτίσθη.
492 1112 560 1167 Ἦ
614 1109 673 1167 δὲ
702 1110 933 1167 ὀπτασία
974 1112 1041 1181 ἦν
1099 1110 1347 1182 τοιαύτηο
1377 1112 1629 1185 Ἐθεώρει
1659 1108 1887 1186 ἄγγελον

242 1206 369 1258 Θεοῦ
431 1206 879 1278 χειραγωγοῦντα
933 1201 1100 1270 αὐτὴν
1158 1202 1287 1276 τρὸς
1339 1202 1432 1256 τὸν
1494 1200 1748 1276 οὐρανὸν,
1805 1199 1896 1254 καὶ

1394 1288 1604 1363 μέλανα
1669 1286 1726 1343 δὲ
1779 1308 1898 1343 τινα

242 1292 459 1366 ὶτέρους
545 1290 807 1368 ἀγγέλους
894 1289 1305 1367 συγχαίροντας·

244 1380 520 1455 βρὺχοντα
576 1381 665 1436 καὶ
725 1381 976 1457 λέγοντα,
1031 1376 1331 1434 ἀδικεῖσθαι
1388 1378 1621 1454 μεγάλα,
1679 1376 1762 1432 ὅτι
1813 1376 1898 1453 γὲ-

240 1490 392 1544 γονεν
420 1472 459 1538 ἡ
496 1466 736 1525 Βῦδοκία
773 1470 1092 1545 Χριστιανή.
1146 1470 1246 1524 Διά
1294 1472 1457 1523 τοῦτο
1513 1464 1772 1540 διένειμεν
1800 1466 1894 1522 τὸν

239 1556 479 1613 πλοῦτον
516 1558 689 1628 αὐτῆς
745 1564 865 1620 τοῖς
924 1563 1193 1633 πτωχοῖς,
1250 1558 1338 1614 καὶ
1395 1556 1606 1631 ἐγένετο
1649 1557 1894 1630 μοναχή.

246 1646 348 1705 Καὶ
370 1642 736 1717 διαϐληθεῖσα
779 1647 927 1720 παρά
978 1651 1086 1702 τῶν
1147 1646 1314 1716 αὐτῆς
1346 1645 1607 1721 ἰραστῶν,
1647 1644 1892 1719 παρέστη

239 1736 584 1811 Δόρηλιανῷ
637 1743 718 1810 τῷ
778 1735 1012 1813 βασιλεῖ,
1066 1736 1157 1793 καὶ
1215 1737 1560 1810 ἐτιμωρήθη.
1595 1734 1769 1792 Ἀλλά
1797 1734 1889 1791 τὸν

2007 577 2371 632 luxuriosam
2428 578 2607 633 vitam
2668 579 2945 646 traduxit,
3006 596 3073 635 ac
3105 587 3346 651 propter
3377 583 3655 639 eximiam

2006 667 2211 722 formas
2234 674 2601 723 venustatem
2635 666 2854 724 multos
2886 668 3093 724 habuit
3121 677 3436 737 amatores,
3466 688 3501 727 a
3522 674 3658 744 qui-

2006 756 2118 812 bus
2150 758 2475 813 immensas
2505 774 2646 829 opes
2689 758 2946 829 collegit.
2992 763 3065 814 At
3112 766 3317 831 postea
3362 779 3495 816 cum
3527 779 3660 817 mo-

2005 846 2181 900 nachi
2233 845 2545 923 cujusdam
2604 847 2847 901 nomine
2903 848 3177 903 Germani
3210 848 3284 903 de
3314 850 3662 919 poenitentia

2007 950 2346 990 sermonem
2370 934 2662 999 audisset,
2686 935 2863 991 corde
2895 943 3254 1008 compuncta
3283 944 3410 1005 est;
3443 938 3662 994 deinde

2006 1038 2113 1093 per
2145 1023 2434 1078 visionem
2483 1024 2661 1078 etiam
2716 1024 2992 1095 impulsa,
3026 1026 3101 1080 ad
3139 1026 3505 1081 Theodotum
3537 1028 3663 1098 epi-

2008 1129 2252 1184 scopum
2311 1112 2580 1178 accessit,
2640 1117 2697 1167 et
2752 1112 2824 1167 ab
2884 1130 2951 1168 eo
3010 1114 3299 1185 baptizata
3354 1116 3485 1172 fuit.
3528 1117 3666 1173 Erat

2008 1208 2209 1257 autem
2239 1202 2383 1256 visio
2436 1200 2750 1273 ejusmodi.
2804 1202 3052 1258 Videbat
3098 1204 3375 1276 angelum
3401 1205 3527 1273 Dei,
3561 1207 3662 1277 qui

2008 1308 2140 1347 eam
2169 1307 2349 1349 manu
2409 1291 2483 1346 ad
2538 1290 2748 1346 omium
2804 1290 3076 1356 ducebat,
3126 1292 3393 1365 aliosque
3424 1295 3664 1367 angelos

2009 1381 2415 1456 gratulantes:
2449 1380 2628 1436 simul
2678 1398 2817 1436 vero
2866 1382 3101 1454 nigrum
3162 1383 3480 1454 quemdam
3538 1385 3663 1440 fre-

2009 1476 2297 1538 mentem,
2322 1470 2761 1542 dicentemque,
2788 1471 2903 1526 sibi
2929 1488 3205 1544 magnam
3237 1472 3466 1528 illatam
3485 1472 3666 1530 fuisse

2008 1561 2317 1632 injuriam,
2348 1576 2417 1615 eo
2467 1559 2624 1632 quod
2684 1559 2945 1616 Eudocia
3000 1561 3336 1618 Christiana
3360 1564 3665 1620 evasisset.

2007 1651 2381 1721 Quapropter
2410 1649 2457 1705 2
2489 1648 2596 1704 illa
2625 1648 2858 1704 divitias
2905 1666 3041 1705 suas
3073 1651 3436 1722 pauperibus
3466 1651 3668 1707 distri-

2007 1739 2153 1805 buit,
2188 1756 2255 1794 ac
2290 1740 2683 1794 monasticam
2714 1740 2891 1794 vitam
2922 1740 3197 1811 amplexa
3222 1747 3330 1797 est.
3358 1744 3573 1798 Verum
3595 1742 3668 1799 ab

244 1826 359 1881 υἱὸν
414 1828 581 1882 αὐτὸν
636 1828 937 1898 τεθνηκότα
1010 1824 1100 1882 διὰ
1154 1833 1470 1902 προσευχῆς
1529 1825 1891 1896 ἀταστησασα,

2008 1830 2154 1902 ipsis
2176 1829 2299 1885 suis
2317 1830 2685 1885 amatoribus
2709 1830 2927 1899 delata,
2953 1832 3117 1885 stetit
3132 1850 3332 1888 coram
3348 1834 3667 1890 Aureliano

243 1912 453 1971 ἔπεισεν
510 1916 673 1972 αὐτὸν
730 1920 1011 1972 πιστεῦσαι
1066 1920 1147 1989 τῷ
1203 1919 1441 1991 Χριστῷ.
1500 1914 1604 1972 Καὶ
1643 1915 1767 1969 τότε
1801 1915 1896 1985 μὶν

927 2004 984 2062 δὲ
1045 2011 1374 2081 κρατηθεῖςα
1447 2006 1594 2080 παρὰ
1647 2007 1746 2059 τοῦ
1800 2009 1901 2074 τῆς

246 2004 519 2075 ἀπελύθη.
598 2012 849 2083 Ὕστερον

244 2098 439 2173 χώρας
471 2095 765 2174 ἄρχοντος,
804 2098 1233 2173 ἀπεκεφαλίσθη.

2012 1920 2392 1990 imperatore,
2422 1936 2491 1975 ac
2541 1918 2903 1975 cruciatibus
2934 1921 3204 1992 subjecta
3231 1922 3359 1976 fuit.
3390 1923 3501 1977 Sed
3532 1940 3669 1978 cum

2013 2009 2142 2081 ejus
2176 2008 2365 2063 filium
2398 2008 2743 2063 defunctum
2802 2011 3071 2066 oratione
3112 2010 3187 2065 ad
3220 2011 3401 2066 Deum
3433 2011 3563 2066 fusa
3592 2009 3667 2066 ad

2011 2097 2190 2153 vitam
2239 2103 2588 2167 revocasset,
2620 2098 2792 2152 illum
2850 2097 3086 2153 induxit
3134 2104 3199 2154 ut
3252 2100 3312 2154 in
3369 2099 3669 2173 Christum,

249 2189 547 2246 crederet.
605 2198 689 2246 Ac
744 2196 888 2247 tunc
943 2189 1186 2262 quidem
1242 2188 1517 2246 absoluta
1565 2188 1701 2257 fuit,
1753 2192 1962 2259 postea
2011 2202 2146 2243 vero
2205 2202 2241 2242 a
2292 2187 2553 2260 regionis
2627 2186 2879 2260 praside
2954 2188 3408 2261 comprehensa,
3479 2190 3670 2262 capite

248 2280 430 2352 plexa
485 2284 596 2337 est.

356 2402 468 2461 Καὶ
497 2401 728 2475 ἄθλησις
755 2407 864 2459 τῶν
896 2402 1381 2552 μιέοὲρζύρων
1414 2401 1686 2479 Νέστορος
1716 2399 1807 2457 καὶ

308 2564 439 2622 Ἐπὶ
495 2571 596 2634 τῆς
642 2563 924 2640 βασιλείας
977 2565 1165 2621 Δεκίου
1218 2569 1318 2620 τοῦ
1372 2559 1667 2626 δυσσεϐοῦς
1727 2562 1907 2638 ὑπῆρ-

236 2678 340 2734 χον
374 2659 531 2715 οὗτοι
583 2660 637 2714 οἱ
689 2660 839 2735 ἄγιοὶ
903 2661 1170 2737 μάρτυρες
1200 2658 1420 2732 Νέστωρ
1451 2658 1542 2713 καὶ
1571 2651 1906 2730 Τριϐίμαιος

233 2747 426 2817 ὶκτῆς
479 2749 708 2811 πόλεως
768 2750 1003 2826 Πέργης,
1059 2749 1249 2825 χώρας
1292 2753 1401 2804 τῶν
1455 2743 1904 2824 Κιϐυρῥαιωτῶν.

1318 2836 1550 2911 Χριστὸν
1607 2834 1904 2909 ἐκήρυττον

234 2923 541 3000 παρρησίᾳ,
594 2927 1045 2998 κατεμηνὸθησαν
1101 2931 1182 2999 τῷ
1240 2932 1342 2996 τῆς
1398 2925 1597 3001 χώρας
1650 2927 1898 2999 ἄρχοντι.

236 3014 300 3071 Ὀ
334 3011 394 3067 δὲ
426 3014 590 3078 εὐθὺς
641 3013 968 3078 ἀποστείλας
1025 3014 1240 3085 πλῆθος
1298 3018 1668 3090 στρατιωτῶν,
1696 3012 1901 3087 ἢγαγεν

230 2834 390 2891 Ἐπεὶ
454 2832 511 2889 δὲ
571 2836 880 2911 χριστιανοὶ
947 2857 1092 2899 οντες
1145 2836 1238 2892 τὸν

2026 2401 2096 2459 Bt
2141 2402 2427 2458 Certamen
2470 2406 2803 2529 sanctor-una.
2841 2408 3147 2488 martyrum
3174 2402 3417 2460 Nestoris
3445 2409 3500 2460 et
3552 2406 3675 2462 Tri-

2784 2490 2951 2529 ιηιεει.

2784 2490 2951 2531 imm.

2098 2564 2435 2635 lmperante
2466 2561 2650 2634 impio
2684 2563 2880 2633 Decio,
2915 2563 3103 2619 sancti
3149 2570 3441 2638 martyres
3472 2567 3681 2623 Nestor

2023 2657 2082 2708 et
2109 2652 2458 2708 Tribimaaus
2490 2668 2559 2707 ex
2589 2652 2735 2707 urbe
2765 2654 2946 2726 Perge
2996 2652 3253 2724 regionis
3285 2654 3676 2727 Cibyrraaota-

2018 2756 2175 2806 rum,
2210 2757 2277 2796 eo
2308 2740 2466 2813 quod
2497 2741 2815 2796 Christiani
2839 2747 3056 2810 essent,
3083 2748 3141 2798 et
3166 2744 3461 2800 Christum
3487 2744 3673 2801 libere

2017 2829 2419 2901 audacterque
2448 2830 2862 2902 praadicarent,
2886 2832 3043 2904 apud
3070 2834 3384 2905 praesidem
3414 2834 3672 2907 regionis

2016 2919 2197 2975 delati
2227 2920 2489 2977 fuerunt.
2524 2920 2628 2976 Hic
2658 2938 2794 2978 vero
2855 2923 3168 2978 confestim
3198 2924 3383 2980 missa
3408 2925 3668 2982 militum

2013 3009 2418 3077 multitudine,
2447 3010 2674 3066 vinctos
2732 3028 2833 3067 eos
2886 3011 3100 3068 adduci
3140 3013 3343 3084 jussit,
3378 3019 3437 3070 et
3466 3032 3667 3071 coram

238 3101 438 3166 αὐτοὺς
526 3100 866 3175 δεδεμένους,
948 3103 1037 3159 καὶ
1120 3103 1428 3179 παρέστησε
1497 3107 1577 3175 τῷ
1630 3100 1891 3178 κριτηρίῳ

2011 3096 2298 3153 tribunali
2332 3113 2437 3153 suo
2467 3097 2619 3167 sisti,
2644 3099 2964 3170 omniaque
2988 3105 3418 3156 tormentorum
3441 3102 3668 3157 instru-

238 3192 462 3262 ἑαυτοῦ,
492 3192 715 3267 προθεὶς
772 3192 1002 3248 ἐνώπιον
1052 3193 1231 3247 αὐτῶν
1286 3192 1461 3247 πάντα
1487 3192 1559 3246 τά
1590 3194 1698 3246 τῶν
1732 3191 1891 3266 βασα-

2009 3193 2213 3244 menta
2242 3188 2303 3243 in
2335 3204 2541 3242 eorum
2574 3194 2894 3259 conspectu
2925 3188 3328 3245 exhiberi.Sed
3360 3207 3493 3246 cum
3524 3191 3663 3246 illos

235 3280 537 3357 νιστηρίων
606 3275 827 3358 ὄργανα.
887 3281 1067 3340 Ἀλλά
1137 3286 1353 3358 θεωρῶν
1431 3284 1891 3358 καταφρονοῦντας

2010 3277 2383 3348 conspiceret
2434 3281 2493 3332 et
2549 3293 2684 3332 suas
2737 3278 2935 3332 minas
2988 3284 3366 3335 contemnere
3407 3284 3467 3333 et
3495 3279 3664 3334 Chri-

241 3372 338 3443 μὶν
370 3374 483 3426 τῶν
535 3370 802 3441 ἀπειλῶν,
853 3370 1261 3446 ὁμολὲγοῦντας
1291 3369 1348 3426 δὲ
1381 3371 1596 3447 μεγάλῃ
1625 3373 1780 3448 φωνῇ
1810 3368 1891 3424 τὸι

2012 3370 2168 3419 stum
2190 3382 2404 3437 magna
2423 3382 2565 3420 voce
2588 3366 2880 3430 confiteri,
2906 3366 3187 3437 praecepit
3216 3383 3318 3423 eos
3348 3367 3660 3438 denudari,

244 3460 506 3534 Χριστὸν,
562 3459 853 3534 γυμνώσας
907 3456 1095 3533 ἔτυψεν
1154 3455 1389 3536 ἀφειδῶς
1453 3458 1768 3533 βουνεύροις
1808 3460 1903 3529 ξη-

2010 3453 2318 3509 exsiccatis
2343 3453 2524 3508 boum
2556 3454 2752 3508 nervis
2799 3454 3121 3510 crudeliter
3145 3456 3313 3521 caedi,
3347 3474 3414 3512 ac
3444 3457 3660 3512 deinde

238 3555 380 3623 ροῖς.
416 3551 551 3605 Εἶτα
605 3549 878 3624 κρεμάσας
924 3544 1081 3620 ἔξεεν,
1136 3545 1239 3612 ἕως
1296 3547 1563 3621 ἐφάνησαν
1622 3549 1690 3602 τὰ
1719 3545 1891 3621 ἔντερα

2009 3559 2329 3614 suspensos
2360 3543 2627 3610 lacerari,
2659 3559 2967 3613 quousque
2993 3560 3199 3599 eorum
3228 3546 3453 3602 viscera
3476 3563 3658 3618 appa-

238 3638 447 3695 αὐτῶν.
507 3635 660 3695 Ἰδὼν
720 3637 777 3693 δὲ
833 3637 1029 3700 αὐτοὺς
1074 3632 1211 3707 ”τὴν
1288 3638 1512 3715 γνώμην
1574 3637 1900 3710 ἀμετάθετον

230 3724 467 3803 ἔχοντας
497 3728 576 3790 εἰς
625 3728 718 3783 τὸν
776 3728 975 3804 Κύριον
1035 3730 1197 3801 ἡμῶν
1254 3729 1466 3798 Ἰησοῦν
1510 3726 1766 3802 Χριστὸν,
1799 3747 1890 3782 κα·

229 3811 538 3887 ταειόάσας
569 3815 676 3872 ἀπὸ
731 3821 842 3872 τῶν
898 3815 1102 3889 ξύλων,
1158 3815 1453 3891 προσέταξε
1491 3821 1607 3891 τοῖς
1641 3813 1894 3888 δημίοις,

236 3905 545 3981 μαχαίραις
600 3906 695 3968 τὰς
749 3906 937 3980 τιμίας
995 3905 1173 3963 αὐτῶν
1246 3906 1486 3984 κεφαλὰς
1543 3905 1895 3979 ἀποστεμεῖν.

2005 3638 2226 3687 rerent.
2259 3636 2549 3687 Caeterum
2582 3631 2941 3688 vidensillos
2973 3650 3145 3688 suum
3178 3651 3315 3706 erga
3343 3636 3659 3691 Dominum

2006 3728 2277 3777 nostrum
2307 3723 2506 3777 Jesum
2534 3721 2833 3779 Christum
2884 3722 3149 3779 animum
3189 3723 3408 3780 habere
3439 3724 3658 3780 immu-

2004 3812 2271 3879 tabilem,
2324 3829 2354 3867 e
2410 3812 2571 3885 ligno
2626 3812 2929 3885 depositos
2985 3813 3295 3871 lictoribus
3327 3815 3592 3883 tradidit,
3624 3832 3660 3873 a

2003 3901 2222 3973 quibus
2248 3900 2585 3957 veneranda
2615 3902 2857 3958 illorum
2888 3903 3082 3975 capita
3127 3905 3342 3977 gladiis
3395 3904 3658 3962 abscissa

232 3998 341 4054 Καὶ
406 3994 584 4059 οὕτως
642 3995 985 4073 εὐχαρίστως
1039 3995 1424 4061 τελειωθέντας
1464 3990 1891 4071 προσελάϐετοὸ

2008 3990 2279 4046 fuerunt:
2306 3996 2484 4063 atque
2506 3990 2590 4046 ita
2610 3992 2893 4064 martyrio
2917 4009 3053 4049 cum
3074 3994 3398 4065 gratiarum
3420 3996 3656 4053 actione

233 4083 468 4161 Κῦριος.
1556 4109 1561 4114 “

800 4206 985 4265 ΜΗΝΙ
1021 4210 1111 4261 ΤΩ
1148 4207 1338 4266 ΔΥΤΩ.

997 4323 1110 4381 IA'.

412 4434 687 4507 ’Ἄθλησις
732 4442 833 4507 τῆς
879 4435 1031 4502 ὁσίας
1064 4439 1337 4514 μάρτυρος
1365 4437 1714 4507 Ἀντωνίνης.

300 4552 627 4625 Ἀντωνίνα,
659 4555 694 4624 ἡ
725 4557 822 4609 τοῦ
881 4558 1118 4631 Χριστοῦ
1173 4556 1402 4632 μάρτυς,
1459 4554 1526 4625 ἧν
1576 4555 1635 4611 ἐκ
1662 4561 1761 4626 τῆς
1792 4553 1893 4609 πό-

1998 4086 2383 4154 consumptos
2414 4081 2700 4137 Dominus
2730 4082 3008 4153 suscepit.

2556 4197 2799 4253 EODEM
2836 4197 3088 4253 MENSE.

2602 4313 2706 4368 Die
2765 4312 3048 4369 secunda.

2247 4433 2537 4489 Certamen
2565 4435 2767 4486 sancta:
2790 4431 3094 4489 Antoninz
3119 4431 3401 4501 martyris.

2072 4547 2373 4604 Antonina
2402 4545 2617 4600 Christi
2649 4550 2877 4617 martyr
2924 4544 3037 4601 fuit
3084 4564 3154 4602 ex
3199 4547 3430 4605 civitate
3460 4550 3654 4608 Nicaaa

220 4640 371 4705 λιως
404 4641 653 4713 Νικαίας,
712 4641 799 4698 ἐπὶ
856 4647 956 4709 τῆς
1010 4643 1289 4718 βασιλείας
1320 4644 1691 4718 Μαξιμιανου’
1744 4650 1877 4720 Χρι-

2008 4637 2095 4693 sub
2128 4636 2379 4709 imperio
2430 4634 2790 4691 Maximiani.
2849 4636 2994 4691 Cum
3052 4641 3252 4692 autem
3309 4636 3652 4698 Christiana

222 4733 420 4802 στιανῆ
454 4730 513 4787 δὲ
548 4731 888 4809 ὑπάρχουσα,
918 4733 1120 4812 φανερὰ
1173 4730 1379 4809 ἐγένετο
1425 4738 1506 4807 τῷ
1564 4733 1887 4808 Μαξιμιανῷ

219 4821 529 4886 ἀπελθόντι
587 4820 666 4885 εἴς
722 4821 971 4880 Νίκαιαν.
1035 4822 1132 4880 Καὶ
1191 4825 1505 4899 παραστάσα
1534 4825 1707 4898 αὐτῷ,
1740 4824 1890 4898 ὡμο-

218 4907 445 4987 λόγησε
491 4910 767 4988 παρρησίᾳ
819 4913 912 4967 τὸν
971 4911 1221 4988 Χριστόν.
1280 4913 1378 4969 Διά
1432 4918 1596 4969 τοῦτο
1646 4911 1889 4969 ἐϐασανί-

222 5002 354 5070 σθη,
416 5001 508 5054 καὶ
565 5001 978 5074 κατηναγκάσθη
1057 5002 1388 5076 ἀρνήσασθαι
1455 5004 1549 5076 μὲν
1607 5003 1699 5058 τὸν
1756 5004 1884 5079 Χρι·

220 5090 375 5161 στὸν,
412 5099 568 5153 θυσαι
602 5086 658 5144 δὲ
711 5096 829 5151 τοῖς
884 5086 1163 5152 εἰδώλοις.
1196 5093 1281 5155 Ὠς
1322 5088 1378 5146 δὲ
1409 5094 1509 5148 οὐκ
1540 5091 1782 5162 ἐπείσθη,
1812 5095 1882 5167 τῇ

211 5177 446 5253 φυλακῇ
534 5179 892 5253 παριπὲμφθη
980 5178 1110 5236 Εἶτα
1199 5187 1299 5250 τῆς
1376 5180 1624 5257 φυλακῆς
1686 5176 1884 5251 ἐκϐλη-

208 5269 397 5340 θεῖσα,
455 5268 549 5322 καὶ
613 5270 1112 5344 καταναγκασθεῖσα
1187 5270 1279 5324 τὸν
1361 5270 1591 5343 Χριστὸν
1653 5270 1884 5347 ἀρνήσα-

210 5369 369 5425 σθαι,
432 5359 524 5412 καὶ
579 5359 659 5432 μὴ
714 5356 1138 5432 καταδεξαμὲνη,
1200 5357 1534 5436 ἐκρεμάσθη,
1574 5360 1664 5415 καί
1696 5358 1877 5433 ἐξεσθη

199 5445 308 5507 τὰς
342 5445 609 5521 πλευράς.
663 5447 838 5522 Ὁρῶν
896 5444 953 5501 δὲ
1011 5448 1179 5517 αὐτὴν
1236 5449 1263 5504 ὁ
1319 5450 1657 5522 Μαξιμιανὸς
1688 5450 1882 5521 στηλι-

204 5536 481 5590 σείουσαν
533 5537 629 5608 μὲν
678 5537 778 5605 τὴν
828 5535 1064 5607 πλάνην,
1116 5537 1489 5614 κηρύττουσαν
1523 5536 1578 5593 δὲ
1617 5540 1716 5607 τὴν
1749 5539 1880 5611 ἀλή·

197 5624 381 5697 θειαν,
438 5625 734 5701 προσέταξε
794 5630 914 5687 τοῖς
1004 5622 1229 5702 δημίοις
1287 5625 1503 5684 ἐκδύσαι
1563 5627 1729 5697 αὐτὴν
1788 5630 1877 5685 καὶ

198 5712 387 5791 κῦψαι
418 5717 654 5792 γυμνήν.
716 5714 1047 5771 Μελλόντων
1108 5713 1166 5771 δὲ
1213 5722 1319 5773 τῶν
1364 5716 1583 5792 δημίων
1614 5717 1871 5775 ἅπτεσθαι

2001 4732 2176 4791 esset.
2210 4725 2388 4780 talem
2413 4740 2475 4779 se
2499 4723 2895 4780 manifestavit
2914 4724 3107 4781 eidem
3130 4727 3649 4798 Maximiano,cum

1998 4818 2048 4873 is
2076 4818 2333 4872 Nicaeam
2360 4814 2619 4869 venisset
2642 4831 2655 4868 :
2680 4814 2754 4869 ad
2775 4815 2905 4886 ejus
2936 4815 3230 4887 siquidem
3261 4825 3647 4890 conspectum

1997 4906 2268 4972 adducta,
2302 4904 2487 4959 libere
2518 4903 2788 4959 confessa
2819 4908 2908 4959 est
2952 4904 3271 4961 Christum.
3308 4909 3497 4972 Quare
3524 4915 3648 4965 tor-

1996 4995 2213 5053 mentis
2241 4992 2574 5049 excruciata
2604 4992 2734 5059 fuit,
2767 4998 2832 5047 ut
2878 4993 2961 5048 ita
3002 5000 3312 5067 cogeretur
3348 4997 3646 5055 Christum

1995 5086 2287 5157 abnegare
2318 5099 2386 5138 ac
2417 5081 2592 5137 idolis
2615 5083 2969 5139 sacrificare.
2995 5084 3138 5138 Cum
3165 5091 3361 5140 autem
3392 5087 3646 5142 nullate-

1993 5193 2106 5231 nus
2137 5174 2211 5230 ad
2241 5173 2300 5227 id
2332 5171 2531 5226 induci
2572 5172 2881 5242 potuisset,
2933 5173 2995 5227 in
3046 5190 3346 5229 carcerem
3379 5179 3649 5247 conjecta

1992 5267 2122 5322 fuit.
2157 5260 2381 5319 Deinde
2413 5278 2442 5315 e
2474 5277 2709 5317 carcere
2758 5261 2987 5327 educta,
3021 5263 3437 5336 Christumque
3467 5267 3652 5322 abne-

1992 5372 2127 5429 gare
2147 5354 2368 5408 iterum
2393 5350 2720 5422 compulsa,
2746 5368 2879 5405 cum
2902 5353 3253 5423 neutiquam
3275 5357 3648 5427 assensisset,

1992 5465 2062 5504 ex
2093 5444 2212 5501 alto
2244 5440 2528 5513 suspendi
2570 5442 2741 5512 jussa
2796 5446 2904 5507 est,
2966 5457 3033 5497 ac
3081 5444 3141 5497 in
3182 5443 3468 5500 lateribus
3500 5446 3648 5501 dila-

1989 5536 2162 5594 niari.
2198 5534 2414 5588 Verum
2441 5547 2577 5585 cum
2610 5532 3003 5586 Maximianus
3041 5531 3267 5588 videret
3298 5551 3424 5589 eam
3458 5535 3643 5589 errori

1990 5626 2232 5702 quidem
2262 5620 2639 5687 irridentem,
2673 5621 2720 5676 8
2752 5620 2983 5676 veritati
3032 5627 3230 5676 autem
3276 5624 3642 5694 praeconium

1988 5713 2426 5794 perhibentem,
2449 5709 2734 5782 pracepit
2752 5708 3084 5775 lictoribus,
3112 5716 3179 5765 ut
3196 5710 3363 5767 illam
3379 5710 3638 5765 vestibus
