4074 6192
381 414 496 474 335

1669 406 2106 470 MENOLOGII
2153 408 2352 470 PARS
2398 408 2507 469 III.

3561 6 3580 10 ’
3671 0 4044 140 -Ῑ

3670 407 3787 470 336

381 549 730 622 spoliarent,
763 552 821 601 et
849 544 1068 600 nudam
1103 538 1418 595 caaderent.
1452 538 1564 594 Sed
1594 555 1730 595 cum
1758 539 1818 594 in
1842 540 2004 611 ipsau

2141 539 2333 610 αὐτῆς,
2377 538 2549 609 ἦλθον
2607 537 2831 618 ἄγγελοι
2893 541 3259 620 φυλάττοντες
3301 541 3397 616 μὶν
3453 539 3647 613 αὐτὴν,
3707 561 3794 596 κο-

383 639 624 696 lictores
652 651 862 693 manus
887 633 1132 704 injicere
1159 629 1400 695 vellent,
1423 629 1794 685 advenerunt
1813 629 2031 702 angeli,

379 747 511 787 eam
545 727 784 799 quidem
819 723 1245 789 custodientes,
1297 721 1432 776 illos
1483 738 1622 776 vero
1653 721 2032 794 castigantes.

380 817 604 873 Deinde
623 814 820 887 ignitae
838 812 1138 868 craticulae
1162 811 1459 884 imposita,
1483 810 1803 866 incolumis
1825 810 2028 866 evasit.

378 908 682 960 Postremo
715 920 884 959 sacco
932 903 1182 972 inclusa,
1217 903 1276 957 in
1309 903 1516 958 Nicann
1561 901 1842 973 paludem
1891 918 2030 973 pro-

369 994 533 1067 jecta
559 993 690 1062 fuit,
723 999 900 1065 atque
926 993 1011 1048 ita
1034 993 1385 1066 martyrium
1434 991 1884 1049 consummavit.

1026 1137 1246 1193 Eodem
1281 1137 1376 1192 die

765 1256 1034 1314 Dormitio
1064 1259 1346 1313 Parmenz
1376 1255 1632 1328 apostoli.

443 1379 693 1436 Sanctus
721 1377 816 1432 hic
839 1377 1140 1449 apostolus
1162 1379 1485 1432 Parmenas
1516 1391 1650 1431 cum
1683 1382 2024 1432 sanctorum

371 1471 774 1542 apostolorum
834 1469 1162 1541 discipulus
1221 1474 1398 1537 esset,
1458 1468 1616 1522 inter
1644 1466 2025 1538 Septuaginta

368 1565 799 1614 annumeratus
830 1564 940 1621 est,
975 1564 1152 1629 atque
1185 1575 1305 1613 una
1342 1574 1476 1612 cum
1526 1556 1660 1612 aliis
1691 1572 1792 1611 sex
1825 1555 2021 1611 diaco-

367 1648 462 1704 nis
493 1649 717 1704 electus
748 1665 816 1704 ac
841 1647 1187 1721 designatus
1209 1646 1282 1702 ad
1305 1644 1768 1702 ministrandum
1799 1643 2022 1700 mensis

370 1755 596 1807 eorum,
631 1739 731 1809 qui
791 1738 866 1794 ad
923 1738 1222 1793 Christum
1281 1736 1644 1793 accedebant
1676 1740 1735 1791 et
1763 1734 2023 1806 baptiza-

365 1829 1115 1900 bantur,quemadmodum
1136 1829 1199 1883 in
1219 1829 1379 1884 Actis
1393 1828 1797 1900 apostolorum
1815 1827 2022 1884 scribit

368 1924 608 1974 sanctus
659 1919 862 1988 Lucas,
922 1917 1178 1973 dicens:

2141 627 2394 699 λάζὸντες
2427 627 2486 685 δὶ
2514 628 2770 696 ἐκείνους.
2820 634 2953 691 Εἶτα
2996 631 3150 704 ἐτίθη
3202 632 3290 688 ἐπὶ
3321 630 3559 708 ἐσχάρας
3587 650 3790 708 πυρακ-

2137 718 2426 790 τωθείσηε,
2481 717 2745 795 διέμεινεν
2802 717 3077 793 ἀϐιαϐής.
3135 722 3268 780 Εἶτα
3326 715 3670 795 ἐμϐληθεῖσα
3716 717 3790 782 είς

2139 807 2357 876 σάκκον,
2391 806 2587 886 ἐρῥίφη
2637 808 2688 864 ἐν
2745 807 2814 885 τῇ
2871 808 3046 886 λίμνῃ
3085 816 3187 882 τῆς
3219 808 3468 874 Νικαίαςο
3493 807 3584 864 καὶ
3615 806 3786 872 οὕτως

2137 892 2454 968 ἐτελειώθη.

2720 1134 2798 1206 τῇ
2823 1131 2964 1206 αὑτῇ
2998 1131 3200 1209 teips-

2371 1253 2434 1306 Ἦ
2465 1247 2731 1324 χοίμησις
2779 1255 3037 1325 Παρμενᾶ
3077 1252 3180 1306 τοῦ
3207 1247 3544 1306 ἀποστόλου.

2201 1365 2375 1429 Οὗτος
2427 1367 2457 1422 ὁ
2513 1369 2663 1443 ἅγιος
2719 1365 3028 1431 ἀπόστολος
3079 1373 3385 1442 Παρμενᾶς,
3429 1365 3680 1442 μαθητὴς
3712 1361 3786 1419 ὥν

2127 1457 2235 1509 τῶν
2295 1455 2460 1531 ἁγίων
2519 1455 2863 1528 ἀποστόλων,
2912 1461 3030 1520 τοῖς
3089 1452 3506 1531 Ἐϐδομήκὸντα
3535 1454 3786 1530 συνηρίο-

2133 1564 2299 1617 μητο.
2335 1543 2588 1622 Ἐξελὲγη
2623 1542 2681 1601 δὶ
2710 1544 2803 1601 σὺν
2835 1551 2953 1609 τοῖς
3009 1545 3205 1611 ἄλλοις
3259 1543 3312 1616 ἔξ
3365 1543 3660 1615 διακόνοις,
3691 1541 3782 1600 καὶ

2126 1633 2517 1709 προεχειρίσθη
2579 1633 2656 1697 εἰς
2709 1635 2773 1690 τὸ
2830 1631 3095 1692 διακονεῖν
3155 1640 3274 1698 ταῖς
3329 1636 3622 1706 τραπέζαις
3666 1639 3775 1690 τῶν

2125 1724 2594 1799 προσερχομένων
2647 1727 2727 1796 τῷ
2793 1726 3036 1800 Χριστῷ,
3141 1724 3233 1780 καὶ
3338 1723 3776 1800 βαπτιζομένων,

2122 1811 2302 1875 καθὼς
2333 1810 2384 1867 ἐν
2415 1817 2535 1876 ταῖς
2563 1812 2789 1889 Πράξεσι
2828 1817 2935 1868 τῶν
2986 1813 3150 1888 ἁγίων
3207 1811 3531 1870 ἀποστόλων
3567 1815 3597 1870 ὁ
3625 1814 3776 1888 ἅγὶος

1238 1920 1304 1973 Et
1372 1899 1655 1988 elegerunt
1723 1917 2004 1986 (videlice1

2123 1899 2317 1978 γράφει
2376 1905 2610 1971 Λουκᾶς,
2671 1899 2864 1977 λέγων’
2924 1901 3026 1959 Kal
3085 1901 3391 1974 ἐξελέξαντο
3446 1900 3641 1977 (δῆλον
3693 1901 3778 1958 ὅτι

369 2007 556 2062 sancti
589 2007 863 2079 apostoli)
924 2008 1284 2078 Stephanum,
1336 2009 1516 2062 virum
1564 2007 1790 2078 plenum
1828 2007 1936 2076 ﬁde
1964 2017 2004 2062 ει

2124 1989 2180 2043 οἱ
2238 1991 2386 2065 ἅγιοι
2434 1989 2756 2064 ἀπόστολοι)
2820 1991 3117 2070 Στέφανον,
3192 1989 3360 2063 ἄνδρα
3398 1991 3620 2079 γπλήρη
3677 1993 3776 2047 πί-

365 2097 580 2167 Spiritu
608 2103 814 2156 sancto.
847 2103 899 2151 et
943 2097 1284 2168 Philippum,
1344 2103 1395 2152 et
1444 2096 1800 2162 Prochorum,
1832 2102 1883 2151 et
1915 2098 2014 2152 Ni-

363 2203 634 2252 canorem,
667 2193 722 2241 et
751 2188 1046 2255 Timonem,
1080 2193 1132 2240 et
1180 2186 1466 2242 Nicolaum
1515 2188 1781 2241 advenam
1811 2187 2012 2240 Antio-

366 2276 614 2344 chenam,
646 2282 700 2331 et
729 2278 1074 2331 Parmenam.
1128 2276 1220 2330 Sic
1265 2275 1443 2348 igitur
1491 2276 1841 2332 ministrans
1871 2277 2012 2330 Par-

361 2381 590 2432 menas,
631 2371 691 2420 et
745 2381 986 2436 operam
1048 2381 1217 2420 suam
1277 2370 1617 2420 sanctorum
1667 2364 2013 2437 indigentiis

361 2455 620 2510 fideliter
641 2453 1030 2526 religioseque
1055 2470 1297 2523 navans,
1317 2470 1383 2509 ac
1407 2453 1522 2508 Deo
1556 2454 1804 2526 ejusque
1835 2454 2013 2509 disci-

359 2543 518 2614 pulis
548 2549 606 2598 et
634 2544 918 2614 apostolis
951 2543 1212 2616 placens,
1246 2543 1450 2598 morbo
1481 2549 1876 2615 correptus,et
1901 2543 2012 2598 sub

364 2631 552 2688 oculis
609 2635 1016 2704 apostolorum
1074 2634 1191 2688 vita
1245 2633 1504 2700 functus,
1568 2632 1642 2687 ad
1689 2633 2010 2701 Christum,

291 2747 296 2753 -
365 2738 542 2792 quem
601 2723 1038 2794 concupiverat,
1093 2723 1382 2795 migravit,
1437 2738 1718 2777 coronam
1767 2721 2010 2777 immar-

363 2813 705 2870 cescibilem
731 2830 798 2870 ac
828 2830 1077 2886 regnum
1109 2813 1445 2869 immortale
1476 2818 1850 2869 consecutus.

432 2995 502 3050 Et
556 2999 858 3050 certamen
915 2993 1103 3050 sancti
1161 2994 1360 3060 Quinti
1418 2994 1884 3063 Thaumaturgi:
1943 3011 2012 3050 ac

361 3082 638 3138 dormitio
695 3089 1037 3138 sanctorum
1124 3083 1448 3138 Andronici
1505 3088 1566 3137 et
1626 3083 2009 3138 Athanasius:

357 3188 593 3228 necnon
623 3173 914 3227 memoria
964 3172 1152 3228 sancti
1200 3171 1457 3239 Troadii,
1488 3178 1546 3226 et
1591 3172 1780 3227 sancti
1812 3189 2009 3228 sacro-

352 3263 630 3334 martyris
661 3262 974 3334 Porphyrii
1007 3263 1188 3332 Gazaa,
1213 3267 1269 3318 et
1293 3261 1644 3317 Theodoreti
1677 3260 2006 3332 presbyteri
2035 3290 2080 3358 c

348 3351 703 3407 Antiocheni
727 3368 740 3406 :
763 3367 831 3408 ac
851 3351 1096 3408 demum
1117 3357 1418 3408 certamen
1449 3351 1637 3408 sancti
1668 3367 2004 3408 sacromar-

349 3441 495 3513 tyris
524 3441 810 3498 Theodoti
841 3443 1093 3515 Cyriniaa
1124 3441 1408 3516 episcopi.

905 3651 1146 3707 EODEM
1194 3650 1447 3708 MENSE.

1010 3791 1116 3845 Die
1171 3792 1348 3846 tertia

352 3904 403 3959 Δ
437 3903 724 3958 Certamen
753 3909 1067 4029 sanctorurtn
1082 3912 1409 4030 gnaritme
1433 3909 1706 3979 Eutrapii,
1736 3909 1997 3980 Cleonici,

989 3992 1018 4030 e
1131 3991 1210 4030 asc
1239 3992 1356 4030 iscz.

989 3991 1042 4030 ετ
1082 3991 1356 4031 ϋαειιιεσι.

422 4121 602 4175 Erant
629 4120 691 4176 hi
735 4121 1101 4193 temporibus
1149 4122 1510 4194 Maximiani,
1555 4125 1996 4184 commilitones

349 4217 408 4267 et
435 4211 667 4285 cognati
692 4211 879 4267 sancti
901 4211 1211 4268 Theodori.
1233 4212 1484 4269 Adducti
1507 4219 1706 4270 autem
1736 4215 1810 4272 ad
1838 4234 1991 4288 prai-

347 4303 536 4359 sidem
559 4309 845 4376 tanquam
867 4303 1207 4374 Christiani,
1232 4303 1376 4360 diris
1400 4305 1739 4362 verberibus
1764 4309 1991 4380 excepti

341 4393 602 4460 fuerunt,
636 4393 783 4450 adeo
833 4398 899 4448 ut
944 4398 1198 4450 tortores
1255 4394 1369 4467 ipsi
1427 4394 1500 4450 ob
1559 4401 1988 4454 tormentorum

341 4483 774 4540 vehementiam
805 4483 946 4539 lassi
978 4483 1318 4540 deﬁcerent.
1351 4485 1635 4556 Martyres
1662 4502 1818 4553 vero,
1851 4503 1988 4543 cum

343 4571 630 4626 Dominus
655 4588 774 4627 una
804 4587 938 4627 cum
995 4578 1199 4628 sancto
1253 4589 1464 4645 magno
1514 4579 1772 4646 martyre
1801 4577 1984 4632 Theo—

2119 2099 2285 2142 στεως
2343 2079 2434 2134 καὶ
2494 2079 2808 2154 Πνεύματος
2890 2081 3070 2155 ἁγίου,
3155 2081 3246 2136 καὶ
3317 2078 3624 2152 Φίλιππον,
3681 2083 3777 2137 καὶ

2120 2167 2427 2245 Πρόχορον,
2482 2169 2572 2224 καὶ
2639 2170 2933 2244 Νικάνορα,
2982 2171 3072 2225 καὶ
3149 2169 3400 2245 Τίμωνα,
3457 2171 3547 2227 καὶ
3603 2170 3776 2229 Νικόο

2120 2267 2252 2311 Ααον
2310 2253 2683 2329 προσήλυθον,
2764 2256 2854 2312 καὶ
2941 2263 3247 2334 Παρμενᾶν.
3332 2263 3607 2315 Διακονῶν
3677 2257 3781 2316 οὗνε

2119 2345 2274 2407 οὗτος
2329 2346 2359 2401 ὁ
2418 2351 2722 2418 Παρμενᾶς,
2777 2345 2867 2401 καὶ
2919 2351 3038 2408 ταῖς
3097 2346 3312 2423 χρείαις
3360 2348 3774 2422 καθυπηρετού..

2121 2455 2280 2507 μενος
2327 2439 2432 2490 τῶν
2486 2435 2654 2509 ἁγίων
2705 2439 2912 2498 πιστῶς
2952 2455 3010 2491 τε
3051 2435 3141 2490 καὶ
3185 2433 3479 2513 θεοφιλῶς,
3515 2437 3605 2491 καὶ
3634 2436 3767 2511 ἀρὲ-

2118 2546 2258 2580 σκων
2289 2524 2378 2581 καὶ
2405 2529 2482 2597 τῷ
2513 2530 2629 2598 Θεῷ
2657 2526 2747 2580 καὶ
2803 2531 2918 2589 τόῖς
2975 2524 3140 2580 αὐτοῦ
3199 2527 3470 2598 μαθηταῖς
3513 2526 3603 2581 καὶ
3633 2527 3771 2581 ἀπο·

2118 2613 2360 2685 στόλοις,
2419 2614 2526 2669 εἶτα
2587 2616 2842 2684 νοσήσας,
2912 2613 2994 2668 ἐπ’
3053 2609 3210 2688 ὄψεσι
3277 2618 3387 2669 τῶν
3445 2613 3772 2670 ἀποστόλων

2114 2701 2466 2774 τελευτήσας,
2524 2703 2660 2778 πρὸς
2717 2702 2970 2777 Χριστὸν,
3030 2702 3088 2757 ’ὀν
3141 2702 3429 2774 ἐπόθησεν,
3500 2700 3776 2777 ἐξεδήμη-

2116 2812 2224 2862 σιν,
2275 2786 2570 2848 ἀπολαϐὼν
2658 2789 2918 2870 στέφανον
3001 2789 3266 2870 ἄφθαρτον
3319 2791 3410 2847 καὶ
3489 2791 3767 2869 βασιλείαν

2119 2883 2405 2947 ἀθάνατον.

2187 2972 2290 3030 Καὶ
2322 2969 2554 3050 ἄθλησις
2609 2976 2706 3028 τοῦ
2749 2972 2908 3048 ἁγίου
2966 2971 3200 3030 Κοΐντου
3254 2977 3352 3028 τοῦ
3411 2977 3769 3048 Θαυματουρ-

2116 3066 2239 3138 γοῦ.
2299 3063 2402 3118 Καὶ
2462 3064 2498 3131 ἡ
2555 3061 2817 3136 κοίμησις
2869 3067 2978 3118 τῶν
3047 3063 3210 3139 ἁγίων
3269 3059 3621 3137 Ἀνδρονίκου
3674 3061 3766 3117 καὶ

2115 3151 2450 3216 Ἀθανασίας.
2510 3151 2608 3206 Καὶ
2669 3153 2863 3226 μνήμη
2944 3156 3041 3208 τοῦ
3111 3151 3262 3226 ἁγίου
3313 3148 3613 3227 Τρωαδίου,
3672 3150 3766 3206 καὶ

2115 3245 2212 3296 τοῦ
2286 3239 2440 3316 ἁγίου
2513 3242 2906 3318 ἱερομάρτυρος
3004 3242 3316 3317 Πορφυρίου
3402 3240 3598 3311 Γάζης,
3671 3239 3765 3295 καὶ

2118 3327 2474 3408 Θεοδωρήτου
2519 3325 2890 3408 πρεσϐυτέρου
2948 3331 3310 3408 Ἀντιοχείας.
3367 3331 3474 3388 Καὶ
3532 3328 3770 3401 ἄθλησις

2113 3424 2212 3476 τοῦ
2267 3421 2424 3495 ἁγίου
2501 3419 2900 3496 ἱερομάρτυρος
2980 3418 3245 3478 Θεοδότου
3302 3418 3600 3477 ἐπισκόπου
3659 3425 3764 3474 Ku-

2117 3510 2310 3586 ρινίας.

2652 3635 2838 3694 nam
2875 3637 2970 3716 T9
3007 3639 3205 3716 Ann.

2908 3794 2962 3845 l“

2111 3901 2380 3977 Ἅθλησις
2434 3909 2543 3961 τῶν
2599 3902 2768 3982 ἁγίων
2829 3904 3119 3982 μαρτύρων
3182 3905 3517 3981 Εὐτροπίου,
3584 3902 3760 3964 Κλεο-

2591 3975 2768 4050 νίκου,
2796 3975 2887 4033 καὶ
2908 3975 3267 4035 ’Βασιλίσκοω

2179 4120 2350 4178 Οὗτοι
2380 4120 2632 4198 ὑπῆρχον
2663 4121 2751 4178 ἐπὶ
2780 4127 2888 4179 τῶν
2921 4123 3133 4199 χρόνων
3186 4125 3558 4199 Μαξιμιανοῦ,
3593 4144 3756 4196 στρα-

2104 4213 2297 4264 τιῶται
2327 4210 2714 4286 τυγχάνοντες,
2772 4220 3048 4290 συγγενεῖς
3098 4211 3195 4270 τοῦ
3253 4215 3416 4290 ἁγίου
3445 4210 3754 4290 Θεοδώρου,

2104 4295 2472 4374 προσάγονται
2500 4299 2575 4364 ὡς
2605 4302 2918 4376 Χριστιανοὶ
2966 4307 3046 4376 τῷ
3101 4303 3352 4380 ἡγεμόνιο
3401 4307 3488 4360 καὶ
3519 4305 3760 4359 τύπτον-

2101 4407 2190 4443 ται
2249 4385 2514 4463 ἰσχυρῶς.
2570 4390 2730 4454 ’Ὀθεν
2799 4391 2852 4445 οἱ
2933 4391 3028 4464 μὶν
3083 4391 3376 4454 τύπτοντες
3429 4390 3756 4463 ἐξελύθησαν

2105 4473 2195 4531 διὰ
2221 4475 2282 4530 τὸ
2314 4475 2568 4532 σύντονον
2623 4484 2726 4548 τῆς
2785 4479 3038 4554 βασάνου.
3087 4481 3155 4538 Οἱ
3213 4477 3270 4536 δὲ
3313 4480 3600 4557 μάρτυρες,
3629 4479 3756 4537 ἐπι-

2102 4568 2356 4640 φανέντος
2408 4566 2594 4630 αὐτοῖς
2640 4571 2736 4622 τοῦ
2795 4570 3016 4643 Κυρίου,
3078 4569 3168 4624 καὶ
3223 4574 3322 4625 τοῦ
3375 4569 3530 4647 ἁγίου
3581 4590 3754 4646 μεγα-

341 4655 486 4712 doro
510 4658 630 4714 illis
651 4661 1043 4730 apparuisset,
1067 4662 1397 4718 incolumes
1420 4663 1611 4719 effecti
1644 4669 1802 4721 sunt.
1828 4665 1993 4722 Unde

2118 4657 2450 4732 tondprupoc
2498 4653 2807 4732 Θεοδώρου,
2862 4658 3141 4734 γεγόνασιν
3203 4660 3394 4736 ὑγιεῖς.
3433 4659 3495 4716 '0
3528 4655 3586 4714 δέ
3614 4661 3752 4734 ἡγε-

339 4763 581 4818 praases.
640 4755 865 4804 mutato
918 4751 1191 4819 consilio,
1249 4759 1499 4808 conatus
1557 4758 1647 4810 est
1684 4755 1994 4813 blanditiis

2118 4745 2222 4801 ubv
2289 4745 2756 4820 μεταμελόμενος,
2812 4745 3131 4804 ἐκολάκευεν
3195 4749 3290 4805 τὸν
3356 4748 3507 4824 ἅγιον
3579 4747 3755 4804 Κλεό-

339 4841 608 4890 sanctum
643 4838 984 4894 Cleonicum
1026 4855 1060 4894 a
1105 4841 1323 4896 Christi
1373 4841 1487 4898 tlde
1518 4850 1803 4912 avertere,
1836 4846 1993 4902 dona

2118 4856 2270 4908 uxov,
2333 4835 2651 4908 μεταθέσθαι
2708 4835 2814 4891 ἀπὸ
2869 4843 2970 4906 τῆς
3025 4842 3124 4893 τοῦ
3197 4839 3436 4914 Χριστοῦ
3491 4837 3751 4910 πίστεως,

339 4931 398 4981 et
453 4927 708 4983 honores
766 4929 819 4983 ei
883 4931 1258 5000 promittens.
1317 4934 1423 4986 Ast
1499 4935 1601 4989 ille
1653 4923 1986 5004 subridens,

337 5013 634 5070 idolorum
659 5017 1067 5088 impotentiam
1085 5018 1340 5073 ludibrio
1359 5023 1649 5090 exposuit.
1671 5029 1814 5078 Dum
1837 5027 1990 5080 enim

336 5101 410 5157 iis
436 5104 798 5160 sacrificium
843 5106 1032 5168 ﬁeret.
1093 5107 1218 5178 ipse
1275 5107 1553 5179 precibus
1585 5111 1708 5165 suis
1741 5111 1985 5168 simula-

335 5209 498 5246 crum
523 5194 718 5249 Dianm
742 5195 976 5265 dejecit.
999 5197 1187 5260 Quare
1210 5197 1401 5268 picem
1427 5202 1486 5251 et
1503 5197 1771 5254 bitumen
1795 5200 1986 5257 tribus

333 5281 394 5335 in
425 5281 719 5339 lebetibus
743 5285 1147 5344 fervefactum.
1173 5286 1510 5341 effuderunt
1539 5305 1715 5358 super
1747 5297 1984 5347 sanctos

331 5385 662 5442 martyres:
696 5375 798 5445 qui
831 5380 1028 5429 tamen
1062 5375 1204 5430 salvi
1253 5383 1310 5431 et
1356 5376 1526 5432 illaesi
1560 5380 1771 5434 servati
1805 5388 1979 5451 sunt;

331 5464 582 5516 tortores
615 5479 747 5517 vero
808 5463 1268 5536 conflagrarunt.
1321 5465 1546 5521 Deinde
1581 5467 1894 5526 Cleonicus
1926 5478 1984 5528 et

325 5551 663 5622 Eutropius,
698 5552 758 5607 in
785 5569 1022 5608 crucem
1052 5554 1187 5622 acti,
1223 5555 1572 5626 martyrium
1604 5574 1982 5617 consumma-

323 5645 503 5707 runt;
537 5641 856 5698 Basiliscus
913 5647 1112 5699 autem
1171 5645 1234 5700 in
1291 5662 1592 5702 carcerem
1649 5651 1974 5724 conjectus,

325 5735 459 5803 post
485 5731 727 5804 aliquod
759 5737 991 5807 tempus
1024 5738 1081 5790 et
1109 5733 1236 5808 ipse
1267 5736 1385 5792 vita
1417 5734 1656 5795 functus
1685 5745 1795 5797 est.

2100 4921 2250 5001 δῶρα
2275 4926 2365 4979 καὶ
2423 4925 2590 4997 τιμὰς
2648 4925 3107 5000 ὑπισχνούμενος.
3139 4928 3202 4984 Ὀ
3234 4923 3292 4982 δι
3333 4926 3565 5002 γελάσας
3623 4946 3751 4981 κατ-

2097 5011 2363 5087 εχλεύασε
2417 5013 2518 5083 τὴν
2593 5017 2702 5068 τῶν
2778 5011 3023 5070 εἰδώλων
3084 5014 3380 5080 ἀσθένειαν.
3437 5015 3632 5079 Θυσίας
3689 5011 3749 5070 δὶ

2097 5101 2544 5175 ἐπιτελουμένης,
2602 5101 2690 5158 διὰ
2746 5112 3063 5180 προσευχῆς
3113 5106 3177 5161 τὸ
3234 5106 3419 5177 ξόανον
3478 5099 3749 5161 κατέϐαλε

2091 5197 2192 5261 τῆς
2252 5189 2595 5267 Ἀρτέμιδος.
2656 5194 2966 5250 Ἐκκαεῖσαν
3027 5195 3118 5250 οὗν
3177 5197 3370 5251 πίσσαν
3411 5194 3500 5250 καὶ
3533 5191 3750 5269 ἄσφαλ-

2089 5301 2186 5335 τον
2217 5277 2292 5334 είς
2322 5284 2469 5352 τρεῖς
2499 5275 2732 5350 λέϐητας
2789 5281 3018 5358 ἐπὲχεον
3076 5283 3163 5340 ἐπὶ
3220 5285 3350 5348 τοὺς
3394 5287 3605 5361 ἁγίους.
3643 5289 3742 5345 Καὶ

2091 5367 2252 5423 αὐτοὶ
2282 5366 2377 5440 μὶν
2410 5371 2544 5422 σῶοι
2591 5365 3057 5446 διεφυλάχθησαν.
3116 5374 3184 5432 Οἱ
3217 5371 3275 5429 δὲ
3333 5371 3527 5448 δήμιοι
3585 5397 3748 5432 κατε-

2088 5461 2312 5528 κάησαν,
2369 5457 2495 5513 Εἶτα
2542 5463 2890 5532 σταυροῦνται
2941 5460 3232 5525 Κλεόνικος
3279 5464 3367 5519 καὶ
3417 5463 3743 5536 Εὗτρὸπιος,

2085 5546 2176 5605 καὶ
2236 5545 2629 5617 ἐτελεώθησαν.
2684 5548 2748 5607 Ὀ
2807 5546 2864 5604 δὲ
2919 5548 3250 5616 Βασιλίσκος
3303 5550 3355 5607 ἐν
3412 5555 3481 5627 τῇ
3523 5553 3744 5627 φυλακῇ

2092 5633 2344 5714 βληθεὶς,
2371 5635 2507 5710 μετὰ
2539 5636 2738 5713 χρόνον
2768 5639 2893 5695 τινὰ
2921 5638 3012 5694 καὶ
3049 5639 3210 5703 αὐτὸς
3241 5637 3613 5714 ἐτελεύτησεν.
