4074 6192
298 414 422 474 337

856 549 1039 609 ΜΗΝΙ
1068 548 1162 604 ’ῙὮ
1192 546 1390 604 ΑΥΤΩ.

1109 652 1148 702 Δ

451 737 656 809 κνήμη
689 739 794 790 τοῦ
823 734 975 791 όσίου
1014 735 1230 811 Πατρὸς
1278 737 1441 809 ἡμῶν
1480 732 1806 811 Γερασίμου.

380 826 685 900 Γεράσιμος
752 826 782 880 ὁ
841 824 1264 901 Θαυματουργὸς
1308 824 1400 879 τὸν
1459 824 1670 898 κόσμον
1726 821 1955 879 καταλι-

304 916 447 985 πὼν,
479 914 674 989 γέγονε
714 914 981 991 μοναχός.
1026 914 1130 971 Καὶ
1175 911 1430 978 ἀπελθὼν
1483 912 1559 976 εἲς
1608 913 1710 983 τὴν
1740 909 1954 968 ἰνδοτί·

305 1024 405 1081 ραν
436 1001 647 1077 ἔρημον
678 1010 778 1072 τῆς
820 1002 1009 1078 χώρας
1045 997 1339 1074 Θηϐαίδος,
1393 999 1686 1075 ἡσύχαζεν,
1720 998 1955 1056 ἱκτελῶν

302 1092 372 1148 τὰ
420 1096 523 1148 τοῦ
568 1096 704 1147 Θεοῦ
760 1092 1177 1167 προστάγματα.
1235 1094 1505 1147 Τοσοῦτον
1555 1086 1613 1145 δὶ
1660 1090 1761 1159 τὴν
1816 1087 1953 1164 πρὸς

301 1183 435 1239 Θεὸν
523 1179 794 1237 οἱκείωσιν
871 1178 1153 1252 ἐκτήσατο,
1240 1181 1315 1243 ὡς
1392 1176 1633 1258 φυλάξας
1709 1179 1773 1234 τὸ
1838 1177 1954 1232 κατ’

302 1270 513 1341 εἰκόνα,
570 1270 661 1326 καὶ
710 1270 1081 1345 καθομοίωσιν
1124 1274 1232 1325 τῶν
1298 1269 1494 1344 ἁγίων,
1550 1267 1634 1324 ὅτι
1690 1266 1782 1323 καὶ
1837 1271 1946 1323 τῶν

297 1360 514 1436 ἀγρίων
540 1359 749 1434 Θηρίων
777 1361 1042 1437 κατῆρχε,
1074 1359 1163 1415 καὶ
1217 1357 1465 1431 θαύματα
1522 1357 1708 1414 πολλά
1759 1356 1954 1415 ἐποίει.

302 1452 608 1521 Ἐκτήσατο
642 1446 701 1504 δὲ
727 1448 816 1505 καὶ
853 1449 1127 1525 ὑπουργὸν
1185 1449 1276 1503 καὶ
1328 1444 1450 1503 ὄνον
1505 1447 1582 1510 είς
1608 1447 1672 1502 τὸ
1722 1443 1956 1524 ὑδροφο-

301 1545 445 1615 ρεῖν,
477 1538 570 1595 διὰ
596 1540 659 1595 τὸ
694 1537 904 1612 μακρὰν
954 1537 1119 1593 αὐτοῦ
1171 1539 1236 1593 τὸ
1292 1535 1437 1610 ὕδωρ
1495 1536 1743 1613 ἀπέχειν.
1778 1535 1957 1594 Ἀλλὰ

301 1630 394 1684 καὶ
428 1627 610 1684 λᾶοντι
642 1626 701 1682 ἐκ
726 1632 825 1682 τοῦ
856 1623 1019 1704 ὄρους
1072 1627 1391 1690 κατελθόντι
1424 1627 1574 1699 αὐτῷ
1627 1624 1716 1681 ἐπὶ
1764 1627 1828 1680 τὸ
1858 1627 1952 1680 θε-

307 1718 646 1793 ραπευθῆναι
702 1718 797 1772 τὸν
855 1716 1143 1791 ὀφθαλμὸν
1192 1715 1356 1771 αὐτοῦ
1407 1715 1510 1770 ὑπὸ
1585 1712 1751 1785 ξύλου
1805 1712 1951 1784 πλη-

302 1806 488 1884 γέντα,
524 1806 661 1878 μετὰ
713 1806 776 1860 τὸ
830 1807 1249 1880 θεραπευθῆναι,
1288 1803 1632 1878 προσέταξεν,
1687 1805 1781 1858 τὸν
1829 1798 1952 1857 ὄνον

303 1895 394 1951 ἰπὶ
426 1895 602 1967 νομᾶς
652 1892 796 1972 ἄγειν
853 1896 943 1949 καὶ
997 1895 1233 1970 βόσκειν.
1293 1894 1491 1951 Εἷλκεν
1550 1893 1616 1947 οὗ
1677 1891 1835 1948 αὐτὸν
1895 1891 1955 1948 ἐκ
1984 1919 2030 1985 Β

300 1990 401 2041 τοῦ
438 1985 716 2061 σχοινίου,
765 1983 854 2038 καὶ
888 1978 1094 2040 ἔϐοσκε.
1131 1983 1233 2041 Καί
1262 2002 1396 2038 ποτε
1448 1981 1801 2055 κοιμωμίνου
1856 1985 1953 2036 τοῦ

300 2074 550 2141 λέοντος,
614 2070 970 2149 διερχόμενοι
1030 2067 1265 2147 ἔμποροι
1318 2066 1647 2128 ἆνελάϐοντο
1670 2071 1763 2126 τὸν
1808 2066 1950 2127 ὄνον.

298 2164 403 2220 Καὶ
439 2163 797 2226 ὑποπτευθεὶς
831 2164 858 2218 ὸ
913 2162 1052 2218 λὲων
1102 2167 1286 2241 φαγεῖν
1345 2161 1529 2232 αὐτὸν,
1590 2158 1949 2231 κατεδικάσθη

299 2254 411 2310 ἀντ’
444 2253 656 2309 ἐκείνου
686 2250 1034 2328 ὑδροφορεῖν.
1089 2251 1189 2306 Καὶ
1239 2250 1415 2306 ἐποίει
1445 2249 1623 2313 οὕτως
1657 2249 1826 2325 μέχρι
1855 2255 1952 2319 τῆς

298 2344 564 2413 τελευτῆς
591 2346 689 2398 τοῦ
720 2343 997 2415 γέροντος.
1029 2339 1467 2411 Τελευτήσαντος
1525 2338 1583 2395 δὶ
1639 2339 1802 2395 αὐτοῦ
1858 2336 1953 2395 ἰπ-

301 2435 536 2490 απὲθανε
564 2431 654 2488 καὶ
684 2431 845 2495 αὐτὸς
874 2437 954 2505 τῷ
983 2434 1140 2509 τάφῳ
1158 2430 1346 2489 αὐτοῦ.

453 2611 553 2667 Καὶ
588 2611 782 2685 μνήμη
813 2613 911 2666 τοῦ
940 2607 1094 2665 όσίου
1132 2608 1342 2686 Ῑῐατρὸε
1370 2610 1531 2681 ἡμῶν
1562 2605 1808 2684 Μάρκου.

376 2726 604 2801 Μάρκος
634 2727 664 2781 ὁ
694 2725 845 2789 ὅσιος
872 2724 1174 2804 φιλόπονος
1233 2723 1285 2781 ἓν
1343 2730 1471 2780 πᾶσι
1500 2725 1817 2801 γενόμενος,
1881 2728 1951 2799 τῇ

307 2813 513 2890 μελέτῃ
568 2820 676 2870 τῶν
736 2816 895 2870 θείων
964 2819 1190 2892 Γραφῶν
1252 2811 1520 2870 ἐπέδωκεν
1576 2814 1787 2882 ἑαυτὸν,
1860 2816 1949 2870 καὶ

300 2908 391 2965 ἰπὶ
435 2906 501 2961 τὸ
558 2903 717 2981 ἄκρον
776 2904 1052 2979 προῆλθεν
1083 2909 1182 2974 τῆς
1227 2903 1441 2977 ἀρετῆς.
1479 2908 1696 2975 Σημεῖα
1734 2900 1793 2959 δὶ
1846 2926 1951 2979 φα-

297 2999 431 3074 νερᾶ
461 2997 515 3053 οἳ
543 3017 605 3052 τε
659 2997 787 3070 παρ’
836 2994 998 3050 αὐτοῦ
1030 2993 1423 3072 συγγραφὲντες
1469 2991 1735 3071 ὠφελείας
1768 2994 1950 3072 λόγοι,

294 3087 388 3145 καὶ
450 3089 486 3157 ἡ
546 3090 657 3143 τῶν
717 3084 1009 3157 θαυμάτων
1092 3083 1352 3159 ἐνέργεια.
1439 3085 1799 3159 Ἠσυχάζοντι
1852 3086 1947 3161 γάρ

292 3199 431 3235 ποτε
456 3175 771 3253 προσῆλθεν
806 3174 953 3245 αύτῷ
982 3172 1160 3235 ὖαινα,
1191 3174 1253 3229 τὸ
1303 3174 1494 3241 ἑαυτῆς
1519 3172 1704 3229 τὲκνον
1738 3168 1943 3249 ἔχουσα

1818 412 1919 471 MA
1933 408 2187 473 RTIUS.

1982 545 2035 611 Α

3592 412 3709 471 338

2625 543 2863 600 EODEM
2894 543 3144 599 MENSE.

2711 633 2812 686 Die
2855 638 3066 703 quarta

2232 724 2498 779 Memoria
2534 724 2711 777 sancti
2751 723 2936 777 Patris
2979 724 3158 776 nostri
3213 724 3516 781 Gerasimi.

2130 811 2463 867 Gerasimus
2486 812 2957 883 Thaumaturgus
2980 812 3196 867 saculo
3215 814 3489 869 abdicato
3511 815 3700 874 factus

2058 905 2149 956 est
2180 902 2508 955 monachus
2534 917 2546 954 :
2572 917 2825 971 cumque
2857 901 2919 955 in
2951 918 3215 956 eremum
3237 904 3582 959 interiorem
3606 923 3702 961 re-

2058 991 2252 1064 gionis
2281 991 2596 1047 Thebaidis
2627 991 2990 1057 secessisset,
3024 992 3287 1062 quietam
3344 996 3520 1050 vitam
3575 1014 3703 1053 am-

2060 1079 2270 1152 plexus
2300 1086 2409 1144 est,
2442 1081 2685 1152 explens
2718 1080 2995 1135 mandata
3052 1082 3173 1135 Dei.
3206 1084 3448 1139 Tantam
3499 1096 3699 1142 autem

2061 1170 2217 1243 apud
2250 1172 2431 1226 Deum
2465 1170 2929 1226 familiaritatem
2962 1178 3315 1227 consecutus
3347 1176 3704 1241 est,ut,ima—

2058 1262 2257 1334 ginem
2290 1259 2815 1316 etsimilitudinem
2838 1265 3175 1314 sanctorum
3191 1262 3250 1315 in
3267 1264 3458 1334 seipso
3484 1282 3699 1337 repra-

2061 1360 2325 1423 sentans,
2361 1360 2419 1409 et
2473 1354 2616 1408 feris
2674 1352 3015 1423 imperaret,
3076 1359 3133 1408 et
3186 1356 3359 1427 plura
3415 1358 3705 1416 miracula

2060 1448 2341 1517 patraret.
2378 1441 2593 1497 Habuit
2622 1446 2818 1496 autem
2854 1446 2912 1495 et
2957 1442 3191 1497 asinum
3224 1444 3297 1497 ad
3350 1447 3702 1515 portandam

2058 1550 2275 1604 aquam
2302 1533 2413 1588 sibi
2446 1531 3098 1602 subservientem,quod
3124 1532 3229 1587 illa
3258 1548 3293 1587 a
3320 1533 3449 1587 loco
3471 1534 3704 1607 longius

2059 1623 2312 1678 abesset.
2345 1621 2495 1686 Quin
2527 1626 2586 1675 et
2609 1619 2790 1683 leoni,
2825 1620 2925 1690 qui
2968 1636 3038 1675 ex
3060 1626 3260 1676 monte
3289 1621 3694 1694 descenderat,

2058 1712 2375 1783 ipsumque
2408 1708 2825 1776 adierat,oculi
2859 1710 2948 1764 sui
2976 1710 3134 1782 ligno
3166 1714 3433 1782 percussi
3451 1715 3703 1770 curatio-

2058 1818 2197 1857 nem
2229 1800 2856 1871 petiturus,postquam
2889 1799 3058 1854 illum
3091 1808 3375 1868 curasset,
3398 1805 3700 1876 praecepit,

2058 1893 2378 1950 utasinum
2411 1891 2484 1945 ad
2518 1906 2733 1961 pascua
2762 1891 3021 1945 duceret.
3047 1892 3236 1956 Quare
3258 1893 3513 1965 capistro
3532 1895 3702 1949 illum

2060 1983 2324 2044 trahens,
2349 1979 2649 2051 pascebat.
2681 1980 2825 2033 Cum
2851 1996 2985 2033 vero
3013 1980 3333 2051 aliquando
3357 1982 3528 2037 leone
3560 1984 3701 2037 dor-

2058 2072 2277 2128 miente
2309 2068 2445 2123 illac
2495 2073 2979 2138 pertranseuntes
3010 2070 3406 2140 negotiatores
3462 2072 3698 2126 asinum

2059 2157 2808 2227 abstulissentsuspicatus
2839 2157 3177 2212 Gerasimus
3190 2160 3232 2214 5
3269 2159 3504 2214 leonem
3527 2160 3699 2215 illum

2059 2250 2394 2312 devorasse,
2430 2246 2501 2301 ad
2534 2262 2749 2316 aquam
2776 2262 2881 2316 pro
2932 2263 3000 2301 eo
3055 2249 3499 2305 convehendam
3531 2250 3696 2306 dam-

2058 2338 2250 2394 navit:
2269 2335 2498 2408 quodet
2525 2335 2627 2389 ille
2658 2333 2851 2389 facere
2882 2336 3142 2406 perrexit
3170 2353 3355 2408 usque
3378 2338 3451 2392 ad
3474 2337 3701 2393 obitum

2060 2430 2239 2487 senis.
2272 2429 2419 2483 Cum
2450 2432 2651 2482 autem
2711 2426 2762 2479 is
2816 2426 2934 2479 vita
2987 2425 3224 2481 functus
3280 2428 3509 2498 fuisset,
3570 2430 3697 2502 ipse

2059 2523 2239 2580 etiam
2271 2535 2449 2591 super
2479 2518 2609 2591 ejus
2635 2516 2929 2573 tumulum
2951 2518 3321 2573 exanimatus
3348 2521 3627 2576 concidit.

2275 2612 2347 2664 Et
2375 2610 2639 2663 memoria
2666 2608 2845 2664 sancti
2877 2608 3060 2661 Patris
3087 2609 3262 2663 nostri
3291 2609 3486 2665 Marci.

2132 2728 2379 2782 Sanctus
2392 2726 2618 2779 Marcus
2640 2723 2859 2779 laboris
2873 2723 2935 2779 in
2956 2724 3235 2779 omnibus
3255 2728 3702 2786 amantissimus

2061 2822 2208 2881 erat,
2241 2814 2538 2886 simulque
2572 2818 2759 2868 totum
2791 2830 2853 2868 se
2902 2813 3231 2869 divinarum
3265 2816 3701 2888 Scripturarum

2061 2908 2433 2966 meditationi
2463 2906 2676 2971 dabat;
2701 2905 2857 2960 unde
2890 2905 2964 2961 ad
2996 2923 3295 2962 summum
3319 2909 3551 2965 virtutis
3573 2912 3702 2967 cul-

2061 3017 2199 3057 men
2230 2999 2517 3071 pervenit.
2539 2998 2705 3053 Clara
2736 2998 2913 3068 hujus
2943 2999 3027 3053 rei
3050 2998 3218 3070 signa
3249 3007 3387 3055 sunt
3420 3007 3543 3056 tum
3566 3003 3703 3058 libri

2060 3091 2335 3149 utilitatis
2366 3090 2527 3162 pleni
2558 3090 2630 3145 ab
2662 3091 2789 3161 ipso
2838 3089 2911 3145 de
2969 3091 3180 3145 virtute
3210 3093 3552 3164 conscripti.
3579 3100 3706 3150 tum

2062 3182 2487 3238 miraculorum
2517 3180 2589 3235 ab
2630 3181 2837 3235 eodem
2897 3186 3261 3251 patratorum
3319 3185 3524 3253 gratia.
3558 3186 3706 3241 Cum

294 3265 532 3345 τυφλὸν,
559 3264 648 3320 καὶ
686 3267 936 3339 σχήματι
964 3267 1205 3335 ταπεινῷ
1261 3264 1453 3317 ὡσανεὶ
1508 3260 1685 3318 ἐδέετο
1728 3261 1949 3328 ἐλεῆσαι

2066 3272 2223 3327 enim
2253 3270 2577 3340 aliquando
2606 3271 2865 3340 quietam
2889 3270 2951 3324 in
3006 3287 3243 3325 secessu
3272 3271 3449 3327 vitam
3480 3281 3699 3345 ageret,

297 3359 400 3425 τήν
436 3354 716 3432 τύφλωσιν
746 3357 845 3409 τυῦ
873 3353 1064 3408 τέκνου
1095 3351 1285 3421 αὐτῆς.
1342 3352 1404 3410 Ὀ
1464 3349 1520 3406 δὶ
1570 3352 1731 3426 γνοὺς
1784 3347 1947 3409 ἔπτυ-

303 3466 389 3500 σεν
410 3444 491 3505 εἱς
520 3443 648 3507 τοὺς
678 3439 997 3514 ὀφθαλμοὺς
1058 3440 1240 3510 αὐτοῦ,
1297 3439 1386 3496 καὶ
1444 3439 1698 3511 ἐποίησεν
1756 3441 1951 3505 αὐτοὺς

303 3536 497 3608 ὸγιεῖς.
554 3532 705 3588 Πετᾶ
750 3533 962 3606 ἡμέρας
1018 3528 1077 3585 δὲ
1159 3528 1325 3585 πάλιν
1382 3529 1611 3586 ἐλθοῦσα
1667 3532 1703 3600 ἡ
1773 3530 1946 3604 ὕαινα,

300 3624 625 3696 προσήγαγε
708 3617 882 3693 δέρμα
937 3624 1096 3694 κριοῦ
1155 3618 1397 3694 μεγάλου
1464 3624 1545 3691 τῷ
1596 3618 1740 3693 ἁγίῳ
1774 3663 1789 3689 ,
1844 3628 1948 3689 τῆς

296 3710 543 3784 ἰατρείας
574 3708 937 3783 ἀντιμισθίαν.
971 3709 1033 3765 Ὀ
1065 3706 1122 3762 δὲ
1176 3705 1238 3761 οὖ
1287 3707 1546 3781 πρότερον
1577 3702 1763 3762 λαϐεῖν
1816 3730 1946 3764 κατ-

291 3798 541 3875 εδὶξατο,
596 3795 701 3861 ἓως
754 3800 816 3853 τὸ
886 3796 1073 3869 θηρίον
1137 3796 1400 3871 ὑπέσχετο
1463 3799 1656 3868 μηκέτι
1697 3793 1945 3873 πρόϐατα

288 3892 547 3961 πενήτων
612 3888 894 3964 βλάπτειν.
940 3887 1003 3944 ’0
1060 3883 1118 3941 δὶ
1173 3884 1393 3961 περὶτὰ
1452 3884 1628 3961 ἄλογα
1663 3892 1942 3954 τοιοῦτος,

288 3980 545 4041 ποταπὸς
574 3976 634 4032 ἃν
666 3977 731 4047 ἦν
790 3976 927 4051 πρὸς
984 3973 1303 4047 ἀνθρώπους
1337 3992 1351 4044 ;
1409 3973 1552 4029 οὕτω
1588 3977 1690 4051 γὰρ
1747 3976 1815 4045 ἦν
1846 3998 1944 4031 κα..

290 4070 486 4141 δαρὸς,
518 4068 594 4128 ὡς
619 4066 713 4122 τὸν
741 4061 1105 4140 πρεσϐύτερον
1153 4070 1254 4132 τῆς
1289 4069 1464 4136 μονῆς
1514 4062 1718 4140 λέγειν,
1780 4063 1945 4139 μηδὲ-

288 4179 432 4214 ποτε
462 4157 628 4212 αὐτὸν
660 4151 983 4228 μεταδοῦναι
1032 4153 1318 4215 κοινωνίας
1375 4157 1456 4225 τῷ
1507 4154 1739 4227 Μάρκῳ,
1798 4154 1945 4210 ἀλλὰ

284 4247 462 4320 χεῖρα
512 4243 750 4321 ἀγγέλου
796 4242 1054 4318 παρεχειν
1112 4242 1257 4315 αὐτῷ
1323 4240 1551 4313 ταύτην.
1609 4243 1834 4300 Ἑκατὸν
1884 4242 1943 4300 δὲ

287 4336 518 4411 χρόνων
546 4334 810 4409 γεγονὼς,
842 4331 1161 4403 ἰτελειώθη.

2064 3361 2314 3417 accessit
2341 3360 2415 3414 ad
2446 3358 2614 3413 illum
2641 3359 2871 3430 hyaena,
2908 3366 3228 3429 apportans
3250 3361 3509 3416 catulum
3530 3380 3703 3419 suum

2064 3467 2308 3516 caecum,
2342 3449 2715 3519 supplicique
2745 3454 2911 3519 gestu
2942 3449 3137 3519 ipsum
3183 3451 3408 3522 rogavit
3437 3458 3501 3506 ut
3530 3454 3701 3509 caaci-

2062 3540 2199 3595 tatis
2230 3544 2434 3611 partus
2461 3538 2549 3593 sui
2572 3538 2975 3593 misereretur.
3000 3540 3163 3602 Quod
3198 3540 3297 3596 ille
3328 3541 3703 3600 animadver-

2060 3636 2216 3697 tens,
2245 3646 2379 3685 cum
2402 3629 2463 3684 in
2497 3632 2626 3699 ejus
2651 3629 2852 3684 oculos
2883 3631 3458 3700 conspuisset,sanos
3488 3638 3702 3692 effecit.

2064 3721 2278 3790 Hyena
2300 3719 2583 3789 postridie
2616 3724 2937 3786 revertens,
2971 3719 3229 3791 ingentis
3248 3723 3452 3777 arietis
3480 3726 3698 3794 pellem

2061 3808 2123 3861 in
2157 3807 2427 3861 sanitatis
2444 3807 2674 3861 collatas
2689 3808 3234 3862 remunerationem
3250 3817 3452 3865 sancto
3466 3814 3663 3868 attulit
3687 3831 3700 3868 :

2061 3914 2241 3968 quam
2272 3898 2322 3952 is
2353 3914 2472 3952 non
2505 3898 2668 3968 prius
2699 3897 2968 3968 accipere
2998 3898 3202 3963 voluit,
3224 3917 3400 3970 quam
3429 3904 3545 3958 fera
3571 3922 3703 3975 pro-

2061 3987 2345 4051 mitteret,
2378 4002 2439 4040 se
2470 4002 2779 4058 nunquam
2800 4003 3129 4058 pauperum
3161 3988 3366 4044 ovibus
3398 3991 3707 4048 insidiatu-

2058 4092 2204 4131 ram.
2241 4075 2409 4140 Quod
2466 4076 2513 4130 si
2571 4093 2708 4148 erga
2764 4076 3134 4132 irrationalia
3196 4080 3479 4135 animalia
3525 4082 3703 4137 talem

2060 4164 2323 4220 ostendit
2352 4166 2651 4227 affectum,
2677 4165 2915 4235 qualem
2946 4166 3280 4221 censendus
3299 4174 3388 4221 est
3419 4168 3699 4226 habuisse

2062 4269 2198 4326 erga
2228 4254 2739 4309 homines?Tanta
2764 4261 2961 4309 autem
2984 4256 3177 4308 inerat
3207 4256 3257 4308 ei
3282 4256 3701 4315 munditiesut

2060 4342 2369 4414 presbyter
2395 4342 2510 4397 loci
2540 4342 2884 4405 afﬁrmaret,
2921 4357 2983 4396 se
3007 4359 3311 4412 nunquam
3334 4347 3523 4400 Marco
3546 4363 3705 4401 com-

289 4426 648 4483 munionem
679 4423 1027 4497 praebuisse,
1059 4423 1163 4480 sed
1193 4422 1390 4496 angeli
1439 4439 1620 4480 manu
1668 4431 2001 4497 porrectam
2067 4431 2120 4485 ei
2146 4430 2350 4486 fuisse.
2385 4432 2631 4486 Demum
2663 4432 2988 4487 centesimo
3020 4433 3211 4487 aetatis
3236 4449 3393 4488 anno
3423 4436 3539 4490 vita
3568 4436 3705 4491 fun-

285 4520 429 4575 ctus
452 4520 562 4570 est.

370 4603 478 4660 Καὶ
504 4600 783 4672 ’Δθλησις
810 4604 925 4659 τῶν
983 4600 1153 4678 ἆγίων
1217 4598 1504 4677 μαρτύρων
1561 4599 1803 4671 Παύλου,
1861 4604 1949 4659 καὶ

2126 4610 2197 4664 Et
2223 4614 2523 4665 certamen
2556 4613 2899 4666 sanctorum
2948 4615 3278 4681 martyrum
3311 4612 3499 4678 Pauli,
3531 4631 3703 4670 soro-

286 4694 610 4761 Ἰουλιανῆς
651 4697 756 4761 τῆς
812 4687 1057 4770 ἀδελφῆς
1101 4689 1296 4759 αὐτοῦ,
1352 4690 1445 4745 καί
1505 4691 1872 4765 Στρατονίκου
1903 4692 1956 4748 ἐν

288 4776 662 4854 Πτολεμαΐδι.

846 4869 1023 4924 ιωΝι
1059 4871 1158 5011 τὲ
1184 4867 1388 4948 me.

517 5045 795 5118 ’Δθλησις
820 5046 920 5101 τοῦ
950 5042 1109 5121 ἁγίου
1142 5043 1418 5122 μάρτυρος
1442 5042 1746 5122 Εύλογίου.

370 5162 666 5241 comm.
699 5164 730 5221 ὸ
770 5165 869 5221 τοῦ
897 5164 1155 5235 Χριστοῦ,
1191 5161 1421 5237 μάρτυς,
1451 5160 1520 5232 ἧν
1582 5164 1678 5237 μὶν
1738 5160 1800 5219 ἐκ
1852 5170 1955 5234 τῆς

293 5256 497 5332 χώρας
524 5250 914 5322 Παλαιστίνης,
945 5250 1061 5313 υίὸς
1092 5247 1373 5305 πλουσίων
1402 5248 1954 5325 γονὲων,εἰδωλολα-

289 5348 442 5419 τρῶν
478 5339 556 5400 δὲ.
593 5340 765 5406 Αὖτὸς
793 5338 871 5410 at,
915 5338 1202 5401 πιστεύσας
1256 5343 1336 5412 τῷ
1392 5344 1643 5414 Χριστῷ,
1702 5341 1791 5395 καὶ
1845 5342 1952 5417 βα..

299 5433 574 5502 ⁴κτισθεὶς,
616 5431 754 5505 μετὰ
801 5431 1028 5496 θάνατον
1082 5432 1190 5484 τῶν
1242 5428 1449 5504 γονὲων
1477 5428 1665 5497 αὐτοῦ,
1698 5428 1951 5505 διασκορ-

300 5524 471 5585 πίσας
498 5523 590 5579 τὸν
620 5521 862 5578 πλοῦτον
910 5517 1074 5575 αὐτοῦ
1103 5516 1280 5574 πολὺν
1313 5512 1438 5574 ὄντα
1495 5519 1572 5582 εἰς
1628 5519 1755 5583 τοὺς
1782 5520 1955 5591 πένη-

303 5632 421 5679 τας,
481 5611 572 5667 καὶ
630 5608 767 5667 Ξκῶν
828 5606 919 5666 διὰ
975 5609 1178 5681 Κύριον
1237 5607 1586 5685 πτωχεύσας,
1618 5610 1952 5686 περιήρχετο

300 5700 442 5757 κατᾶ
472 5703 642 5756 πᾶσαν
674 5697 838 5755 πόλιν
874 5697 966 5753 καί
992 5696 1202 5773 χώραν,
1234 5692 1504 5753 διδάσκων
1534 5696 1661 5761 τοὺς
1688 5696 1951 5761 ἀπίστους

2067 4697 2270 4770 risque
2296 4699 2426 4772 ejus
2454 4700 2701 4756 Julianus
2736 4716 2749 4755 :
2783 4705 2842 4755 et
2871 4700 3187 4756 Stratonici
3244 4701 3308 4757 in
3346 4701 3492 4759 urbe
3523 4704 3711 4761 Ptole-

2066 4785 2285 4844 maide.

2624 4878 2864 4934 EODEM
2894 4879 3145 4934 MENSE.

2725 4967 2828 5023 Die
2860 4969 3069 5041 quinta

2352 5056 2635 5113 Certamen
2689 5059 2866 5112 sancti
2918 5059 3178 5129 martyris
3214 5059 3458 5131 Eulogii.

2138 5163 2417 5239 Eulogius
2475 5164 2693 5221 Christi
2742 5170 2967 5236 martyr
3024 5170 3152 5222 erat
3208 5182 3279 5222 ex
3335 5167 3576 5241 regione
3607 5167 3710 5224 Pa-

2065 5254 2336 5320 laestina,
2365 5258 2681 5325 parentum
2705 5253 2945 5324 quidem
2979 5254 3246 5319 divitum,
3298 5256 3401 5311 sed
3455 5256 3709 5313 idolola-

2066 5348 2287 5398 trarum
2327 5342 2485 5397 ﬁlius
2521 5359 2533 5397 :
2569 5342 2695 5414 ipse
2724 5358 2885 5407 vero,
2919 5342 3134 5398 Christi
3169 5344 3347 5399 ﬁdem
3378 5346 3709 5416 amplexus,

2063 5430 2527 5503 baptizatusque.
2563 5436 2698 5503 post
2726 5435 3042 5503 parentum
3067 5430 3294 5486 obitum
3337 5432 3570 5488 divitias
3597 5433 3710 5487 sibi

2064 5518 2536 5591 quamplurimas
2568 5519 2805 5574 relictas
2858 5519 2917 5573 in
2950 5535 3241 5591 pauperes
3298 5520 3622 5583 distribuit,
3656 5526 3714 5575 et

2065 5607 2319 5663 libenter
2343 5614 2587 5679 propter
2617 5610 2930 5663 Dominum
2992 5606 3384 5663 mendicando
3416 5608 3707 5671 victitans,

2063 5713 2171 5771 per
2197 5712 2438 5755 omnem
2467 5698 2763 5756 civitatem
2783 5697 3205 5772 regionemque
3222 5694 3593 5762 circumibat,
3622 5695 3708 5748 in-
