4074 6192
373 422 494 482 339

1661 399 2091 462 MENOLOGI‘I
2138 401 2339 464 PARS
2386 404 2489 464 Ill.

3663 399 3788 461 3ιο

382 554 591 614 fideles
630 551 871 606 verbum
913 542 1130 599 Christi
1185 539 1424 606 docens,
1455 536 1770 608 mulosque
1828 553 1898 592 ex
1946 537 2020 592 iis

2162 535 2227 590 ὸν
2260 533 2429 610 λόγον
2453 539 2552 592 τοῦ
2587 536 2847 610 Χριστοῦ,
2904 533 2995 590 καὶ
3052 530 3304 594 πολλοὺς
3363 529 3416 602 έξ
3452 529 3637 584 αὐτῶν
3666 529 3788 588 έπι-

385 643 821 702 convertens,et
851 633 1156 704 baptizans
1187 630 1249 684 in
1271 628 1514 683 nomine
1545 627 1759 690 Patris,
1791 633 1851 682 et
1879 626 2032 692 Filii,

2143 625 2408 702 στρέφων,
2459 625 2551 681 καὶ
2586 624 2858 701 βαπτίζων
2911 623 2989 686 εἷς
3047 623 3108 678 τὸ
3165 623 3341 694 ὄνομα
3393 623 3494 675 τοῦ
3551 621 3793 694 Πατρὸς,

387 741 447 791 et
471 732 723 804 Spiritus
746 723 956 780 sancti.
999 719 1166 786 Quod
1213 735 1348 774 cum
1397 718 1639 785 faceret,
1689 718 1762 773 ab
1785 717 2037 773 idolola-

2162 714 2232 769 ιαὶ
2287 719 2384 770 τοῦ
2442 715 2591 780 Υἱοῦ,
2642 713 2733 770 καὶ
2783 717 2882 768 τοῦ
2937 711 3093 786 ἁγίου
3139 711 3482 783 Ηνεύματος.
3524 708 3683 766 Οὕτω
3728 707 3788 766 δὲ

387 822 495 879 tris
525 817 682 890 apud
713 812 1045 886 principem
1077 807 1337 882 regionis
1359 807 1627 878 proditus
1655 813 2038 880 est,compre-

386 911 752 976 hensusque,
786 901 982 957 eidem
1015 900 1064 954 ϐ
1124 899 1388 953 sistitur:
1449 897 1847 971 interrogatus
1879 915 2038 965 vero,

385 997 574 1054 libere
623 993 924 1048 Christum
984 988 1296 1044 confessus
1358 993 1467 1043 est.
1527 989 1719 1054 Quare
1778 989 2039 1063 vestibus

389 1091 696 1149 exutus,ac
715 1081 887 1138 siccis
906 1080 1086 1135 boum
1116 1079 1312 1134 nervis
1333 1078 1656 1134 crudeliter
1676 1079 2038 1149 verberatus,

391 1173 856 1246 compulsusque
887 1170 1186 1224 Christum
1217 1167 1531 1239 abnegare,
1563 1172 1623 1222 et
1651 1167 1826 1223 idolis
1857 1169 2041 1224 sacri-

393 1266 595 1332 ﬁcare,
645 1278 782 1318 cum
819 1259 1068 1330 obsequi
1124 1257 1436 1324 noluisset,
1507 1257 1794 1329 principis
1842 1259 2040 1331 jussu,

395 1370 564 1410 sacro
596 1350 790 1423 capite
825 1348 1112 1418 abscisso,
1139 1346 1200 1402 in
1234 1345 1446 1400 eodem
1477 1344 1607 1400 loco
1639 1345 1907 1419 sepultus
1927 1353 2037 1404 est.

466 1537 539 1591 Et
561 1531 853 1590 memoria
878 1529 1067 1586 sancti
1087 1527 1279 1584 Patris
1292 1527 1479 1582 nostri
1497 1527 1758 1600 Gregorii
1783 1527 2045 1601 episcopi

397 1622 759 1682 Constantia;
791 1621 852 1678 in
882 1623 1111 1692 Cypro:
1136 1635 1247 1674 nec
1299 1634 1421 1673 non
1452 1617 1741 1674 memoria
1770 1618 2046 1692 IIesychii

403 1719 641 1773 ascette.

963 1797 1202 1855 EODEM
1239 1795 1494 1852 MENSE.

1086 1887 1188 1942 Die
1225 1891 1391 1942 sexta

519 1981 802 2037 Certamen
849 1979 1029 2034 sancti
1059 1978 1320 2046 martyris
1352 1974 1586 2032 Cononis
1621 1977 1681 2031 in
1726 1977 1948 2038 Isauria

474 2145 723 2201 Sanctus
751 2143 862 2199 iste
893 2143 1098 2198 Conon
1123 2141 1490 2214 temporibus
1529 2147 1871 2201 sanctorum
1901 2144 2047 2219 apo-

395 2233 708 2295 stolorum.
742 2237 869 2288 erat
894 2248 963 2287 ex
993 2232 1232 2300 regione
1262 2231 1502 2286 Isauria:
1549 2232 1860 2289 oriundus.
1894 2236 2039 2292 Cum

391 2332 592 2382 autem
621 2325 995 2382 Christianus
1027 2327 1203 2392 esset,
1253 2323 1492 2378 femina)
1551 2341 1729 2395 quam
1773 2325 2048 2397 duxerat,

395 2422 718 2488 antequam
749 2414 1158 2478 convenirent,
1193 2412 1490 2484 persuasit
1543 2420 1610 2469 ut
1664 2414 1839 2471 ambo
1880 2417 2048 2491 virgi-

396 2508 645 2562 nitatem
677 2508 1017 2561 servarent:
1053 2519 1237 2574 quare
1259 2519 1397 2559 cum
1437 2503 1542 2559 illa
1570 2505 1820 2575 perinde
1852 2523 1920 2562 ac
1960 2525 2050 2564 so-

395 2610 528 2650 rore
595 2598 860 2648 versatus
905 2597 1014 2648 est.
1072 2593 1286 2646 Ducem
1335 2609 1510 2662 porro
1572 2592 1782 2648 salutis
1844 2593 2052 2650 habuit

395 2683 885 2756 archistratogam
919 2680 1286 2747 Michaelem,
1308 2681 1407 2751 qui
1429 2687 1486 2735 et
1511 2681 1682 2736 illum
1710 2682 2049 2754 baptizavit,

397 2778 455 2829 et
484 2777 706 2828 sanctze
763 2771 1069 2826 Trinitatis
1127 2787 1348 2824 nomen
1411 2770 1668 2838 edocuit,
1728 2771 2045 2845 divinaque

398 2864 592 2920 eidem
627 2862 907 2934 mysteria
938 2859 1200 2926 tradidit,
1235 2866 1294 2916 et
1324 2860 1396 2914 ad
1449 2861 1630 2916 ﬁnem
1685 2879 1875 2933 usque
1935 2864 2046 2936 ipsi

397 2953 586 3010 adfuit
615 2970 628 3019 ;
661 2951 954 3023 stupenda
984 2950 1230 3021 insuper
1249 2948 1538 3006 miracula
1568 2953 1842 3023 patrandi
1861 2953 2048 3009 virtu-

397 3049 517 3098 tem
547 3042 636 3097 illi
667 3041 937 3097 contulit.
971 3040 1172 3094 Conon
1195 3040 1392 3110 itaque
1415 3045 1690 3110 parentes
1710 3041 2048 3115 suosbapti-

399 3134 563 3200 zavit,
599 3148 664 3186 ex
698 3131 914 3202 quibus
945 3131 1154 3184 Nestor
1183 3128 1372 3200 ipsius
1423 3136 1593 3200 pater
1649 3148 1756 3202 pro
1815 3132 2046 3187 Christo

398 3222 750 3293 martyrium
784 3219 984 3274 subiit.
1012 3217 1120 3272 Sed
1151 3224 1210 3272 et
1234 3218 1603 3274 adversarios
1629 3238 1768 3276 suos
1791 3221 2044 3289 Grmcos,

2079 1901 2130 1967 B

2143 812 2316 863 ποιῶν
2347 807 2692 881 κατεμηνύθη
2741 807 2889 882 παρὰ
2936 809 3043 860 τῶν
3076 801 3496 877 εἶδωλολατρῶν
3552 807 3634 875 τῷ
3687 801 3788 866 τὰς

2145 896 2332 973 χώρας
2365 895 2615 973 ἄρχοντι.
2675 895 2778 954 Καὶ
2835 893 3124 971 κρατηθεὶς
3182 891 3424 967 παρέστη
3457 891 3628 963 αύτῷ.
3679 890 3789 948 Καὶ

2145 985 2440 1062 ἐρωτηθεὶς
2522 983 2864 1060 ὡμολογησε
2960 981 3268 1059 παρῥησιᾳ.
3345 981 3446 1038 Καὶ
3549 977 3790 1045 Ξκόυθεῖς

2146 1075 2348 1154 έτύφθη
2409 1074 2660 1154 σφοδρῶς
2725 1073 3041 1151 βουνεύροις
3097 1073 3304 1147 ξηροῖς.
3362 1070 3462 1128 Καὶ
3509 1087 3792 1146 κατηναγ-

2145 1167 2319 1237 κάσθη
2372 1167 2702 1242 ἀρνήσασθαι
2759 1165 2855 1238 μὶν
2903 1164 2996 1219 τὸν
3050 1163 3310 1238 Χριστὸν,
3363 1163 3517 1216 θῦσαι
3567 1157 3628 1216 δὲ.
3673 1163 3797 1223 τοῖς

2147 1253 2422 1319 εἰδώλοις.
2450 1255 2541 1319 Ὠς
2597 1252 2655 1310 δὲ
2684 1253 2784 1310 οὐκ
2839 1251 3085 1323 ἐπείσθη,
3143 1252 3432 1326 προστάξει
3459 1253 3557 1308 τοῦ
3585 1247 3797 1326 ἄρχον-

2145 1366 2261 1416 τος,
2293 1347 2393 1416 τὴν
2421 1346 2571 1422 ἱερὰν
2626 1343 2790 1401 αύτοῦ
2844 1342 3090 1421 κεφαλὴν
3145 1342 3462 1417 ἀπετμήθη,
3492 1339 3681 1417 ταφεὶς
3733 1337 3798 1394 ἐν

2147 1436 2300 1509 αὐτῷ
2327 1440 2406 1508 τῷ
2433 1435 2616 1508 τόπῳ.

2222 1526 2323 1580 Καὶ
2383 1525 2578 1599 μνήμη
2634 1527 2731 1579 τοῦ
2787 1521 2939 1578 ὁσίου
2996 1527 3209 1594 Πατρος
3263 1522 3424 1595 ἡμῶν
3486 1516 3802 1595 Γρηγορίου

2155 1613 2455 1670 ἐπισκόπου
2507 1610 2884 1676 Κωνσταντίας
2964 1617 3066 1682 τῆς
3129 1609 3379 1685 Κύπρου.
3438 1607 3538 1664 Καὶ
3595 1607 3794 1681 μνήμη

2149 1702 2417 1780 Ἦσυχίου
2442 1704 2702 1774 ἅσκητοΰ.

2707 1799 2885 1858 ΜΗΝΙ
2912 1801 3005 1858 ΤΩ
3039 1800 3236 1858 ΑΥΊὪ.

2270 1987 2545 2060 ’Δθλησις
2573 1992 2672 2044 τοῦ
2702 1987 2865 2063 ἁγίου
2900 1903 3172 2063 μέρτυρος
3218 1954 3474 2048 Κόνωνος
3516 1987 3615 2040 τοῦ
3643 1983 3699 2038 έν

2853 2059 3112 2134 Ἰσαυρίᾴ.

2233 2147 2358 2206 Ἐπὶ
2386 2153 2495 2204 τῶν
2525 2149 2740 2224 χρόνων
2781 2153 2888 2204 τῶν
2931 2146 3104 2224 ,ἁγίων
3159 2139 3481 2202 ἀποστόλων
3538 2145 3606 2214 ἦν
3650 2140 3814 2206 οὗτος

2159 2238 2188 2294 ὁ
2247 2238 2398 2314 ἅγιος
2453 2239 2659 2307 Κόνων,
2717 2238 2777 2294 ἐκ
2831 2244 2931 2308 τῆς
2960 2237 3152 2308 χώρας
3209 2234 3499 2310 Ἰσαυρίας·
3543 2236 3811 2308 Χριστια-

2158 2326 2252 2387 νὸς
2287 2323 2346 2381 δὲ
2375 2323 2450 2380 ὢν
2476 2325 2806 2397 συνεζεύχθη
2865 2323 3103 2400 γυναικί·
3165 2322 3312 2380 ἀλλὰ
3363 2322 3489 2398 πρὶν
3547 2319 3584 2392 ἤ
3618 2327 3808 2376 συνελ-

2159 2421 2272 2480 θεῖν
2336 2415 2500 2489 αύτῇ,
2567 2414 2757 2478 πείσας
2831 2412 3178 2489 παρθενεύειν
3261 2419 3426 2482 συνῆν
3508 2411 3648 2484 αὐτῇ
3733 2409 3813 2474 ὡς

2156 2502 2390 2581 ἀδελφῇ.
2425 2501 2707 2580 Ὠδηγεῖτο
2737 2501 2795 2558 δὲ
2825 2504 2928 2559 ὑπὸ
2953 2508 3052 2559 τοῦ
3082 2503 3529 2578 ἀρχιστρατήγου
3569 2496 3809 2575 Μιχαὴλ

2154 2598 2253 2648 τοῦ
2281 2594 2370 2648 καὶ
2401 2594 2761 2672 βαπτίσαντος
2809 2593 3000 2660 αὐτὸν,
3045 2591 3136 2647 καὶ
3190 2592 3255 2648 τὸ
3285 2598 3386 2660 τῆς
3448 2588 3598 2664 ἁγίας
3627 2586 3806 2662 Τριά-

2157 2679 2248 2744 δος
2296 2679 2471 2755 ὄνομα
2529 2680 2862 2756 διδάξαντος,
2932 2681 3022 2737 καὶ
3078 2685 3185 2737 τῶν
3273 2679 3430 2744 θείων
3489 2676 3806 2753 μυστηρίων

2155 2771 2302 2844 αύτῷ
2355 2769 2702 2845 μεταδόντος,
2756 2773 2846 2826 καὶ
2904 2771 3072 2846 μέχρι
3132 2769 3326 2834 τέλους
3371 2769 3650 2838 συνόντος,
3717 2765 3811 2822 καὶ

2153 2865 2260 2917 τῶν
2294 2859 2611 2936 παραδόξων
2651 2861 2944 2936 θαυμάτων
2999 2862 3100 2931 τήν
3152 2861 3424 2936 ἐνέργειαν
3487 2863 3810 2936 χορηγοῦν-

2151 2971 2267 3012 τος.
2296 2946 2586 3008 Ἐϐάπτισε
2620 2948 2678 3006 δὲ
2708 2951 2798 3006 καὶ
2852 2951 2981 3015 τοὺς
3033 2956 3214 3026 γονεῖς
3275 2949 3461 3019 αὐτοῦ,
3493 2949 3546 3020 ἐξ
3603 2950 3665 3005 οὗ
3715 2947 3811 3003 καὶ

2153 3040 2182 3096 ὁ
2213 3041 2393 3118 πατὴρ
2427 3041 2591 3097 αὐτοῦ
2644 3042 2863 3117 Νέστωρ
2927 3042 3061 3115 ὑπὲρ
3113 3044 3348 3115 Χριστοῦ
3406 3037 3806 3114 ἰμαρτύρησεν.

2155 3121 2333 3188 Ἀλλὰ
2383 3131 2473 3187 καὶ
2529 3129 2659 3196 τοὺς
2715 3131 3138 3204 ἀνθισταμένους
3169 3129 3316 3202 αὐτῷ
3358 3126 3664 3198 ”Ελληνας,
3709 3125 3804 3183 καὶ

2155 3215 2421 3294 λέγοντας
2484 3221 2559 3294 μή
2624 3223 2762 3274 εἶναι
2820 3218 3002 3296 ἓτερον
3033 3220 3160 3275 Θεὸν
3221 3217 3369 3288 πλὴν
3399 3223 3506 3273 τῶν
3537 3215 3812 3288 εἰδώλων,

400 3317 458 3367 et
486 3289 857 3366 affirmantes
889 3313 1104 3380 praater
1146 3307 1304 3363 idola
1361 3309 1594 3364 nullum
1653 3327 1782 3366 esse
1840 3312 2048 3380 Deum,

2165 3289 2343 3366 ἔπεισε
2399 3289 2494 3367 καί
2537 3289 2930 3386 παρεσκεύασεν
2987 3308 3331 3384 ὁμολογῆσαι
3394 3306 3609 3384 μεγάλῃ
3659 3308 3822 3387 φωνῇ

401 3402 658 3457 convicit
688 3399 1103 3472 persuasitque
1135 3404 1200 3452 ut
1229 3398 1350 3454 alta
1380 3416 1518 3454 voce
1563 3400 1860 3456 Christum
1910 3419 2054 3456 con-

401 3492 918 3560 ﬁterentur,atque
949 3489 1255 3544 dicerent:
1281 3489 1446 3544 Unus
1473 3495 1564 3544 est
1592 3490 1849 3545 Cononis
1874 3491 2053 3545 Deus.

401 3583 712 3637 Daamonas
745 3597 980 3651 quoque
1017 3579 1247 3650 subegit
1277 3596 1289 3634 :
1325 3585 1382 3633 et
1411 3579 1512 3633 alii
1572 3581 1810 3650 quidem
1837 3581 1907 3636 ab
1949 3580 2053 3636 illo

403 3670 735 3744 agrestibus
754 3669 972 3723 addicti
997 3674 1138 3722 sunt
1168 3667 1443 3732 locis,alii
1469 3685 1603 3722 vero
1625 3669 2052 3726 doliisinclusi.

402 3762 707 3816 Postremo
739 3773 773 3811 a
825 3757 1077 3827 praeside
1127 3757 1607 3827 comprehensus,
1641 3762 1701 3812 et
1740 3759 2056 3828 qumstioni

407 3847 730 3916 subjectus,
766 3843 868 3898 sed
899 3859 933 3896 a
959 3843 1178 3913 populo
1210 3849 1556 3898 accurrente
1589 3843 1896 3912 liberatus,
1921 3863 2057 3902 cum

407 3932 720 3988 biennium
753 3930 1188 4002 supervixisset,
1228 3931 1404 3986 vitam
1437 3934 1893 3989 consummavit.

471 4049 540 4104 Et
570 4052 846 4102 certamen
874 4048 1054 4101 sancti
1091 4048 1349 4116 martyris
1382 4046 1618 4104 Cononis
1673 4047 1983 4106 hortulani.

475 4207 578 4264 Hic
610 4205 785 4262 Decio
818 4206 1154 4278 imperante
1177 4221 1246 4260 ex
1273 4206 1554 4261 Nazareth
1576 4207 1831 4263 Galilasaa
1854 4210 2059 4266 oriun-

408 4298 519 4354 dus
551 4303 695 4353 erat.
729 4297 792 4350 In
820 4295 1111 4369 regionem
1143 4312 1278 4350 vero
1329 4296 1692 4368 Pamphyliae
1735 4298 2056 4371 profectus,

408 4389 683 4462 exiguum
717 4393 887 4442 terrm
921 4386 1118 4442 locum
1151 4386 1449 4451 excoleris,
1477 4392 1534 4441 et
1559 4387 1620 4441 in
1651 4387 1889 4444 hortum
1915 4406 2059 4445 con-

409 4487 666 4546 vertens,
697 4495 764 4532 ex
796 4477 1079 4550 plantatis
1110 4476 1190 4531 ibi
1242 4476 1506 4532 oleribus
1561 4478 1778 4534 victum
1832 4479 1965 4547 sibi,
1992 4498 2061 4536 ac

2155 3399 2248 3455 τὸν
2297 3401 2554 3475 Χριστὸν,
2610 3399 2700 3455 καὶ
2761 3399 2953 3454 εἰπεῖν·
2989 3400 3085 3461 Εἷς
3135 3399 3263 3460 Θεὸς
3297 3399 3324 3454 ὁ
3379 3397 3655 3459 Κόνωνος.
3689 3397 3816 3451 Ὑπ-

2161 3489 2307 3561 έταξε
2338 3487 2396 3545 δὲ
2449 3490 2541 3544 καὶ
2590 3488 2716 3550 τοὺς
2774 3486 3056 3562 δαίμονας
3115 3487 3205 3542 καῖ
3255 3487 3308 3542 οἳ
3369 3487 3466 3562 μὶν
3511 3483 3811 3563 ἐφύλαττον

2159 3578 2291 3643 τοὺς
2347 3577 2570 3654 ἀγρούςο
2634 3579 2685 3632 οἱ
2735 3575 2792 3633 δὲ
2845 3575 3256 3647 ἐνεκλείσθησαν
3311 3576 3387 3638 εὶς
3428 3575 3641 3640 πίθους.
3673 3577 3812 3630 Εἶτα

2161 3667 2451 3744 κρατηθεὶς
2482 3666 2629 3740 παρὰ
2660 3670 2757 3722 τοῦ
2808 3665 3079 3742 ’ἄρχοντος
3136 3663 3480 3740 ἐτιμωρεῖτο,
3514 3662 3616 3722 Καὶ
3673 3659 3809 3736 δρα-

2166 3758 2284 3830 μὼν
2312 3758 2340 3812 ὁ
2373 3755 2528 3830 λαὸς,
2554 3755 2899 3831 ὲλυτρώσατο
2927 3755 3116 3812 αὐτόν.
3151 3754 3253 3812 Καὶ
3307 3755 3472 3826 ζήσας
3527 3750 3622 3824 ἔτη
3681 3748 3802 3824 δύο,

2162 3843 2458 3917 ἐτελειώθη
2473 3889 2485 3902 .

2269 4043 2373 4102 Καὶ
2405 4041 2636 4116 ἄθλησις
2660 4048 2758 4100 τοῦ
2789 4043 2946 4120 ἁγίου
2997 4044 3274 4126 μάρτυρος
3315 4042 3572 4104 Κόνωνος
3603 4045 3701 4098 τοῦ

2832 4135 3144 4190 κηπουρου.

2236 4206 2407 4267 Οὗτος
2435 4207 2502 4276 ἦν
2535 4204 2622 4261 ἐπὶ
2653 4213 2752 4276 τῆς
2786 4205 3062 4282 βασιλείας
3093 4205 3284 4261 Δεκίου
3315 4202 3376 4260 ἐκ
3419 4203 3664 4278 Ναζαρὲτ
3709 4205 3811 4273 τῆς

2165 4291 2482 4357 Γαλιλαίας.
2513 4293 2722 4358 Ἐλθὼν
2780 4292 2838 4350 δὲ
2893 4293 2972 4359 εἷς
3025 4293 3125 4362 τὴν
3188 4291 3378 4369 χώραν
3433 4299 3533 4362 τῆς
3578 4298 3810 4370 Παμφυ-

2167 4382 2306 4454 λίας,
2337 4383 2426 4438 καὶ
2483 4383 2651 4440 τόπον
2713 4383 2906 4460 μικρὸν
2969 4378 3364 4456 ἐκλαϐόμενος,
3431 4381 3811 4455 μετεσκεύασεν

2145 4472 2244 4535 ἐίς
2273 4479 2474 4543 κῆπον,
2503 4474 2593 4529 καὶ
2639 4494 2880 4551 φυτευων
2938 4472 3177 4548 λάχανα,
3240 4470 3291 4542 ἐξ
3321 4470 3498 4526 αὐτῶν
3530 4470 3812 4551 ἑπορίζετο

409 4533 744 4639 hospitibus
758 4533 1118 4638 pauperibus
1132 4566 1540 4638 parabat.Erat
1564 4533 1771 4623 autem

2167 4533 2256 4616 καὶ
2314 4533 2488 4634 iuncti:
2541 4533 2661 4617 καὶ.
2688 4567 2811 4624 τοῖς
2855 4533 3053 4632 ξένοιςν
3084 4533 3291 4632 πένησι.
3335 4562 3534 4638 τροφή.
3596 4533 3720 4617 'I'Iv'
3749 4533 3814 4616 ⁴δὶ

415 4656 670 4727 simplex
699 4654 868 4721 adeo,
893 4660 960 4710 ut
987 4672 1121 4710 cum
1149 4655 1446 4730 adessent,
1481 4657 1581 4728 qui
1612 4657 1806 4728 ipsum
1833 4659 1871 4713 7
1899 4675 2048 4716 com-

2167 4649 2258 4706 τὸν
2289 4651 2490 4727 τρόπον
2549 4647 2780 4722 ἀπλοῦς,
2834 4650 2909 4713 ὡς
2966 4647 3058 4703 καὶ
3104 4648 3233 4711 τοὺς
3284 4648 3589 4722 μέλλοντας
3649 4645 3808 4704 αὐτὸν

415 4741 878 4813 prehenderent,
903 4747 960 4796 et
985 4742 1058 4797 ad
1089 4743 1404 4813 praesidem
1435 4745 1817 4812 adducerent,
1850 4753 1915 4803 ut
1935 4753 2056 4806 tor-

416 4831 634 4886 mentis
667 4829 1081 4900 subjiceretur,
1115 4831 1274 4902 quod
1304 4832 1676 4889 Christianus
1707 4831 2057 4903 ess’et,eum-

414 4937 529 4994 que
559 4935 695 4976 cum
733 4918 992 4975 ludibrio
1053 4919 1402 4987 salutarent,
1459 4921 1585 4994 ipse
1641 4924 2059 4984 salutationem

410 5009 790 5083 rependerit:
824 5025 1076 5081 cumque
1133 5010 1419 5075 dicerent,
1463 5012 1622 5083 quod
1653 5031 1916 5086 praesens
1958 5034 2057 5072 vo-

410 5107 603 5160 casset
630 5117 790 5176 eum,
824 5099 1238 5171 responderit:
1271 5101 1420 5166 Quid
1447 5103 1607 5158 enim
1640 5119 1787 5175 Opus
1835 5111 1925 5161 est
1967 5107 2057 5162 illi

410 5208 590 5266 Opera
619 5207 773 5253 mea,
807 5189 1135 5262 praesertim
1169 5206 1305 5245 cum
1336 5190 1706 5245 Christianus
1739 5193 1849 5246 sim
1871 5191 1898 5246 ‘2
1919 5194 2058 5250 Vin-

410 5286 540 5338 ctus
569 5288 790 5336 autem.
823 5283 883 5335 et
919 5278 992 5334 ad
1048 5277 1361 5349 praesidem
1395 5277 1706 5345 adductus,
1731 5297 1866 5335 cum
1888 5299 2054 5338 com-

409 5371 735 5446 pelleretur
763 5375 828 5424 ut
853 5367 1029 5424 idolis
1083 5367 1467 5434 sacrificaret,
1526 5367 1711 5424 altum
1744 5369 2052 5441 ingemuit,

417 5462 476 5513 et
503 5455 740 5530 praesidi
763 5455 847 5511 ait
875 5471 888 5510 :
948 5453 1203 5518 Utinam,
1237 5470 1270 5508 o
1302 5470 1540 5524 praeses.
1577 5460 1635 5508 et
1672 5460 1734 5510 tu
1766 5455 1927 5512 idola
1952 5457 2056 5514 ab-

417 5562 683 5619 negares,
718 5549 778 5600 et
806 5543 879 5599 ad
909 5541 1204 5598 Christum
1229 5541 1716 5617 accederes.Ergo
1749 5546 2055 5619 spondylis

408 5635 747 5710 perforatis,
781 5633 1079 5706 clavisque
1109 5631 1317 5688 ferreis
1347 5632 1780 5701 conﬂxus,ante
1815 5653 2053 5694 currum

410 5723 752 5798 compulsus
783 5735 1041 5796 currere,
1069 5721 1247 5780 vitam
1289 5725 1740 5784 consummavit.
2009 5715 2018 5720 ’

2167 4746 2455 4816 κρατῆσαι,
2487 4739 2576 4794 καὶ
2608 4740 2820 4816 ἀγαγεῖν
2857 4737 2932 4802 είς
2959 4739 3052 4794 τὸν
3082 4735 3324 4814 ἄρχοντα
3374 4737 3460 4796 ἐπὶ
3519 4742 3600 4813 τῷ
3626 4759 3808 4813 τιμωο

2167 4830 2402 4903 ρηθῆναι
2461 4827 2551 4884 διὰ
2596 4829 2658 4884 τὸ
2718 4830 2854 4886 εἶναι
2931 4827 3279 4903 Χριστιανὸν,
3331 4826 3404 4890 ὠς
3463 4827 3517 4883 ἐν
3571 4829 3812 4904 παιγνίῳ

2167 4918 2576 4991 ἀσπαζομένους
2659 4907 3126 4988 ἀντασπάζεσθαι,
3208 4915 3298 4972 καὶ
3369 4916 3624 4979 εἰπόντας
3705 4916 3817 4989 δτι,

2169 5006 2340 5065 Καλεῖ
2368 5027 2426 5064 σε
2456 5008 2485 5064 ὁ
2511 5005 2764 5082 ἡγεμὼν,
2815 5005 3229 5078 ἀποκρίνασθαι,
3285 5004 3452 5066 Ποίαν
3510 5006 3612 5084 γᾶρ
3671 5003 3816 5062 ἰκεῖ·

2165 5119 2259 5160 νος
2289 5096 2425 5172 ἐμοῦ
2455 5098 2643 5174 χρείαν
2680 5094 2820 5174 ἔχει,
2857 5095 3094 5171 μάλιστα
3154 5085 3499 5173 ὑπάρλοντος
3551 5099 3815 5174 Χριστια-

2163 5192 2309 5258 νοῦ;
2353 5185 2532 5249 Δεθεὶς
2566 5187 2660 5242 οὗν
2713 5186 2805 5242 καὶ
2862 5183 3075 5262 ἀχθεὶς,
3123 5185 3363 5262 παρέστη
3422 5190 3505 5259 τῷ
3557 5189 3812 5263 ἡγεμόνιο

2162 5277 2256 5331 καὶ
2283 5277 2617 5352 προτραπεὶς
2648 5280 2804 5342 θῦσαι
2833 5280 2952 5340 τοῖς
3010 5271 3290 5346 εἰδώλοις,
3353 5275 3487 5351 βαθῦ
3539 5279 3816 5350 στενάξας,

2165 5367 2284 5420 εἷπε
2333 5366 2471 5439 πρὸς
2521 5363 2616 5420 τὸν
2676 5363 2943 5439 ἡγεμόνα·
3004 5365 3153 5432 Εἴθε,
3208 5365 3254 5420 ὧ
3302 5365 3552 5439 ἡγεμὼν,
3611 5365 3700 5420 καὶ
3751 5365 3816 5422 σὺ

2165 5455 2311 5531 εἶχες
2397 5453 2725 5530 ἀρνήσασθαι
2773 5453 2842 5508 τὰ
2899 5449 3104 5508 εἷ’δωλα
3158 5452 3250 5508 καὶ
3330 5451 3650 5528 προσελθεῖν
3732 5459 3817 5528 τῷ

2163 5547 2404 5619 Χριστῷ.
2428 5543 2563 5600 Τότε
2591 5542 2885 5619 τρυπηθεῖς
2906 5540 3036 5603 τοὺς
3067 5541 3438 5619 ἀστραγάλους
3455 5543 3546 5598 καὶ
3564 5540 3818 5620 σιδηροῖς

2164 5631 2325 5703 ἥλοις
2356 5631 2729 5703 καθηλωθεὶς,
2785 5630 2874 5686 καὶ
2932 5629 3152 5706 τρέχειν
3199 5628 3504 5708 ἔμπροσθεν
3562 5629 3810 5710 ἅρματος

2139 5719 2344 5777 ’ἵππων
2373 5717 2748 5799 ἀναγκασθείς,
2780 5713 3148 5791 ἐτελεύτησεν.
