4072 6194
263 461 387 522 εει

274 593 378 649 Καὶ
436 590 819 666 ἄθλησις-τῶν
888 590 1056 666 ἁγίων
1122 591 1214 666 μβ’
1290 588 1595 666 -μαρτύρων
1658 592 1796 666 -τῶν
1868 586 1922 643 ἐν
1959 592 2014 658 Α

348 660 741 739 τῷίΔμωρίῳ
798 660 1178 737 κρατηθίντων
1211 706 1226 734 ,
1285 660 1337 720 ἐν
1385 660 1575 739 ’Συρίᾳ
1655 660 1714 717 δὶ
1772 660 1923 717 ἀναι-

350 736 632 814 ρεθὲντων.

353 853 477 911 Ἐπί
521 859 625 922 τῆς
685 851 967 929 βασιλείας
1022 850 1296 928 Θεοφίλου
1351 853 1455 907 τοῦ
1510 848 1924 925 Είκονομάχου,

271 946 370 999 τοῦ
400 944 609 1017 πατρὸς
666 941 906 1018 Μιχαὴλ
962 941 1084 998 υἱοῦ
1132 938 1423 1017 Θεοδώρας
1473 947 1573 1010 τῆς
1615 940 1925 1009 ποιησάσης

269 1033 371 1103 τήν
406 1029 754 1105 ὀρθοδοείαν,
783 1030 923 1101 ἦσαν
960 1030 1109 1086 οὗτοι
1142 1031 1194 1086 οὶ
1245 1029 1417 1105 ἃγιοι,
1476 1028 1776 1103 στρατηγοὶ
1832 1026 1924 1083 καὶ

268 1121 563 1199 ταξιάρχαι
595 1118 772 1193 ὄντες,
802 1118 1063 1176 πλούσιοι
1119 1120 1209 1175 καὶ
1271 1119 1521 1196 εὐγενεῖς.
1555 1120 1684 1177 Κατ’
1715 1119 1921 1174 δκεῖνον

269 1210 449 1269 δὶτὸν
487 1211 681 1287 καιρὸν
740 1208 973 1282 ἐξελθών
1024 1216 1126 1280 τῆς
1175 1211 1380 1284 Συρίας
1436 1211 1466 1264 ὁ
1513 1209 1733 1283 ἀμηρᾶς
1792 1208 1926 1283 μετὰ

269 1299 407 1358 λαοῦ
437 1301 819 1375 ἀναριθμήτου
861 1298 1002 1356 κατά
1047 1303 1158 1355 τῶν
1212 1298 1554 1355 ἀνατολικῶν
1589 1303 1766 1374 μερῶν
1823 1304 1925 1367 τῆς

262 1390 562 1465 Ῥωμαίων
649 1391 995 1464 ἐπικρατείας
1025 1435 1039 1459 ,
1134 1391 1515 1461 ἀπεστάλησαν
1592 1390 1741 1464 παρὰ
1824 1395 1923 1446 τοῦ

270 1480 546 1559 βασιλεως
580 1480 810 1558 φυλάξαι
864 1480 964 1549 τήν
998 1480 1160 1536 πόλιν
1212 1479 1501 1556 Ἀμορίου.
1561 1480 1659 1535 Καὶ
1714 1478 1920 1543 ῗδόντες

264 1574 327 1627 τὸ
356 1570 578 1635 πλῆθος
632 1575 741 1627 τῶν
803 1575 1136 1644 Σαρακηνῶν
1197 1571 1449 1645 ἄπειρον,
1505 1569 1759 1639 εῗσῆλθον
1812 1568 1918 1626 ἔσω

266 1667 366 1718 τοῦ
393 1663 633 1733 κάστρου
666 1660 1065 1736 ἀγωνιζόμενοι
1123 1665 1420 1735 καρτερῶς.
1470 1658 1649 1717 Ἀλλὰ
1696 1680 1918 1736 συγχωο

1779 458 2165 521 MARTIUS.

3566 474 3685 535 342

2150 591 2221 646 Et
2235 596 2510 647 certamen
2528 599 2843 670 sanctorum
2871 598 3015 670 LXII
3046 606 3347 670 martyrum
3378 603 3586 660 Amorii

2354 670 2663 736 captorum,
2692 673 2742 721 et
2772 669 2829 721 in
2867 669 3033 738 Syria
3060 669 3374 728 occisorum.

2106 842 2443 914 Imperante
2510 842 2835 916 Theophila
2899 847 3290 905 Iconomacho
3375 857 3542 922 patre
3591 856 3688 910 Mi-

2037 930 2262 987 chaelis
2284 932 2393 987 filii
2424 933 2769 1002 Theodoras,
2796 954 2950 1008 quas,
2982 940 3274 994 restitutis
3322 942 3683 1015 imaginibus

2036 1021 2449 1077 orthodoxiam
2476 1023 2820 1091 celebravit,
2854 1027 3097 1082 fuerunt
3153 1030 3214 1083 hi
3254 1033 3441 1086 sancti
3501 1033 3681 1089 duces

2036 1115 2095 1164 et
2124 1110 2369 1178 tribuni,
2396 1112 2504 1166 viri
2535 1113 2803 1185 opulenti
2836 1120 2895 1170 et
2915 1116 3184 1172 nobiles:
3220 1120 3343 1189 qui,
3366 1120 3470 1175 illo
3519 1126 3681 1176 tem-

2032 1215 2177 1270 pore
2209 1216 2326 1271 quo
2355 1200 2517 1255 venit
2546 1217 2617 1256 ex
2658 1203 2825 1274 Syria
2880 1221 3112 1261 ameras
3172 1222 3305 1262 cum
3364 1209 3680 1265 innumero

2032 1289 2252 1360 populo
2283 1290 2347 1343 in
2378 1295 2579 1361 partes
2606 1292 2930 1348 orientales
2961 1296 3207 1350 Romani
3230 1297 3491 1369 imperii,
3515 1301 3681 1357 missi

2034 1384 2174 1432 sunt
2202 1378 2276 1433 ab
2298 1378 2660 1450 imperatore
2690 1381 2764 1436 ad
2786 1382 2951 1437 urbis
2982 1385 3205 1439 Amorii
3256 1392 3683 1460 propugnatio—

2030 1482 2167 1522 nem
2196 1485 2210 1522 :
2241 1468 2513 1524 videntes
2537 1474 2735 1525 autem
2759 1470 3056 1528 inﬁnitam
3084 1475 3512 1532 Saracenorum
3528 1480 3681 1534 mul-

2030 1554 2371 1621 titudinem,
2401 1565 2661 1615 castrum
2710 1561 2983 1629 ingressi,
3044 1563 3191 1618 illud
3221 1565 3453 1621 fortiter
3477 1568 3683 1624 defen-

2027 1645 2265 1702 derunt.
2301 1647 2412 1702 Sed
2452 1649 2839 1719 permittente
2900 1652 3041 1722 Deo,
3099 1653 3201 1724 qui
3259 1654 3681 1728 delinquentes

269 1754 429 1823 ρήσει
490 1753 624 1806 Θεοῦ
678 1754 777 1806 τοῦ
833 1748 1182 1812 παιδεύοντος
1236 1748 1365 1812 τοὺς
1422 1750 1738 1819 πταίοντας,
1819 1753 1910 1805 τοῦ

2026 1736 2292 1808 corripit,
2328 1742 2522 1793 castro
2580 1739 2634 1793 vi
2689 1738 3047 1812 intercepto,
3100 1742 3420 1801 multitudo
3460 1747 3677 1803 civium

263 1845 505 1917 κάστρου
548 1843 1034 1917 πολιορκηθὲντος,
1091 1842 1154 1897 τὸ
1215 1843 1309 1915 μὲν
1344 1839 1484 1897 ἃλλο
1540 1838 1755 1910 πλῆθος
1812 1841 1910 1896 διπ-

2026 1830 2282 1882 mactata
2304 1831 2431 1881 est:
2482 1826 2597 1898 ipsi
2656 1845 2791 1884 vero
2841 1831 3276 1903 comprehensi,
3324 1835 3385 1889 in
3444 1837 3673 1908 Syriam

264 1914 504 2011 εσφάγη.
535 1914 805 1990 Αύτοίῇδὲ
862 1929 1142 2007 δεχθὲντες
1176 1914 1504 2001 ἀπήχθησαν
1554 1931 1630 1993 εἷς
1686 1932 1910 2005 Συρίαν,

2024 1914 2283 1984 abducti,
2309 1921 2369 1971 et
2392 1916 2453 1970 in
2472 1933 2769 1972 carcerem
2784 1919 3052 1974 conclusi
3076 1927 3216 1976 sunt
3233 1939 3246 1975 :
3262 1921 3671 1997 plurimasque

2026 2022 2316 2032 ..ι-...νημαι-
2349 2006 2612 2032 ...ιη-Α..ηέ
2677 2022 2701 2032 Α
2739 2024 2966 2032 -.ι-λη..-
3006 2009 3194 2032 -.1---ιξ
3260 2017 3308 2032 Αι
3343 2013 3390 2032 __:
3422 2019 3481 2032 ηι

262 2006 354 2079 καί
385 2006 818 2091 ἀπεκλείσθησαν
872 2006 960 2083 είς
1005 2020 1278 2096 φυλακήν.
1337 2020 1434 2075 Καὶ
1470 2021 1605 2094 μετὰ
1631 2021 1695 2076 τὸ
1723 2020 1910 2077 πολλᾶ

2023 2022 2319 2061 (erumnas
2349 2006 2638 2077 perpessi.
2673 2022 2703 2061 e
2735 2024 2970 2063 carcere
3000 2009 3219 2073 educti,
3255 2017 3313 2065 et
3343 2013 3488 2077 vi,ut
3507 2032 3666 2086 prte-

260 2113 781 2187 ταλαιπωρηθῆναι,
832 2094 1186 2183 ἐκϐληὸὲντες
1242 2118 1344 2181 τῆς
1422 2110 1693 2189 φυλακῆς,
1741 2112 1910 2185 ἠναγ-

2023 2094 2220 2166 stigias
2249 2110 2453 2149 eorum
2484 2095 3005 2166 amplecterentur,
3039 2100 3247 2155 coacti.
3284 2102 3496 2157 Verum
3520 2121 3667 2159 con-

260 2184 540 2273 κάσθησαν
605 2202 918 2277 μεγαρίσαι.
978 2202 1077 2257 Καὶ
1160 2203 1237 2274 μὴ
1321 2184 1641 2271 πεισθέντες,
1714 2184 1910 2256 ἔλαϐον

2023 2187 2246 2237 stanter
2274 2184 2334 2238 id
2358 2189 3100 2257 recusantes,acceperunt
3130 2190 3509 2259 sententiam,
3542 2208 3661 2264 qua

260 2291 533 2368 ἀπόφασιν
582 2295 681 2347 τοῦ
739 2290 1260 2365 ἀποκεφαλισθῆναι.
1322 2291 1425 2347 Καὶ
1489 2291 1914 2365 προθυμοποιή-

260 2401 359 2443 σας
418 2380 617 2443 αὐτοὺς
686 2386 1112 2454 Κωνσταντῖνος,
1194 2379 1288 2435 σὺν
1374 2379 1562 2444 αὐτοῖς
1640 2380 1910 2458 ἀπεκεφαο

257 2468 456 2543 λίσθη.

829 2571 1012 2628 MHNI
1045 2572 1138 2650 T9
1176 2573 1372 2650 ΑΥΤῼ.

1068 2666 1119 2716 Ζ.

372 2754 486 2809 Τοῦ
516 2750 674 2830 ἀγίου
702 2749 930 2808 Παύλου
958 2748 1065 2877 τοῦί
1104 2751 1462 2826 ὁμολογητοῦ
1495 2748 1592 2819 τῆς
1627 2751 1805 2823 Πρου-

1012 2844 1044 2877 σ
1070 2843 1150 2877 ας.

1012 2843 1150 2886 σιας.

335 2920 514 2985 Οὗτος
545 2922 843 2984 ἐπίσκοπος
896 2922 964 2992 ἦν
1020 2928 1120 2991 τῆς
1176 2920 1230 2976 ἐν
1280 2917 1575 2998 Προυσιάδι
1605 2919 1761 2995 ἁγίας
1785 2920 1912 2976 Ἐκ-

258 3012 501 3085 κλησίας
549 3015 686 3069 κατὰ
739 3012 869 3077 τοὺς
923 3013 1158 3089 χρόνους
1208 3017 1317 3067 τῶν
1366 3006 1638 3067 δυσσεὸὢν
1682 3010 1909 3065 Είκονο·

262 3104 484 3180 μάχων.
521 3104 625 3162 Καὶ
658 3100 789 3159 ἰδὼν
807 3102 938 3166 τοὺς
972 3102 1206 3181 ἄφρονας
1234 3102 1373 3157 κατὰ
1399 3107 1499 3171 τῆς
1530 3105 1627 3156 τοῦ
1660 3101 1903 3175 Χριστοῦ

271 3192 594 3266 Βκκλησίας
656 3194 1042 3267 μαινομένους,
1100 3192 1191 3247 καὶ
1274 3197 1446 3246 πᾶσαν
1506 3188 1904 3265 ἀνατρέποντας

260 3290 481 3360 θεσμῶν
513 3278 793 3359 ἀκρίϐειαν
829 3282 1039 3344 καὶτὰς
1104 3282 1339 3360 μορφὰς,
1396 3281 1487 3335 καὶ
1539 3279 1609 3335 τὰ
1665 3278 1905 3335 ἐκτυπώ-

260 3397 401 3449 μττα
455 3378 569 3429 τῶν
629 3377 837 3428 σεπτῶν
882 3371 1107 3426 εῗκόνων
1155 3369 1528 3447 ἀφανίζοντας,
1612 3368 1702 3424 καὶ
1761 3369 1902 3423 ἀπα-

255 3466 551 3542 λείφοντας
602 3463 697 3535 μὶν
748 3461 912 3525 αὐτᾶς
965 3460 1024 3517 ἐκ
1077 3464 1185 3515 τῶν
1244 3460 1408 3536 ἁγίων
1469 3463 1633 3528 ναῶν,
1695 3462 1905 3535 ζωγρα-

258 3560 491 3633 γοῦντας
518 3551 578 3608 δὶ
607 3553 720 3607 ἀντ’
760 3552 935 3607 αὐτῶν
970 3548 1088 3620 εἷ’δη
1149 3550 1378 3623 θηρίων,
1424 3550 1513 3604 καὶ
1546 3548 1767 3624 ὀρνέων,
1816 3548 1907 3603 καὶ

258 3643 527 3719 ιρι-τετῶν·
586 3640 678 3697 καὶ
738 3640 896 3696 θείων
964 3640 1218 3716 Πατὲρων
1303 3636 1628 3710 παραδόσεις
1687 3634 1909 3712 ἀνατρέ-

252 3755 482 3802 κοντας,
508 3732 674 3794 θείοις
707 3731 965 3807 ῥήμασιν,
1006 3730 1081 3794 ὡς
1144 3728 1325 3805 βέλεσι
1374 3728 1783 3799 κατηκόντισεν,
1834 3728 1907 3790 ὼς

253 3828 392 3882 θεοῦ
429 3823 713 3898 μαχητὴς,
765 3817 1062 3896 διωγμοὺς,
1116 3819 1207 3875 καὶ
1258 3818 1491 3895 ἐξορίας,
1523 3818 1613 3873 καὶ
1662 3818 1903 3893 σκληραο

246 3914 462 3989 γωγίας
549 3908 953 3986 αἰρετισᾶμενος
1014 3908 1147 3984 ὖπὶρ
1219 3912 1328 3964 τῶν
1410 3908 1571 3985 ἁγίων
1655 3907 1904 3975 εἰκόνων,

247 4003 420 4060 αὐτοῦ
452 4023 515 4059 τε
540 4005 639 4058 τοῦ
685 4003 932 4076 Χριστοῦ
962 3999 1053 4055 καὶ
1082 4003 1218 4057 Θεοῦ
1248 4001 1434 4072 ⁴ἡμῶν,
1482 3996 1576 4054 καὶ
1612 3999 1711 4066 τῆς
1769 4018 1906 4053 παν-

249 4093 407 4170 αγίας
438 4090 718 4167 ἀχράντου
745 4088 913 4145 αὐτοῦ
946 4090 1226 4163 Μητέροςξ
1248 4097 1349 4159 τῆς
1408 4087 1626 4162 ἐνδόξου
1678 4092 1903 4147 Δεσποί-

247 4204 354 4254 νης
383 4184 551 4253 ἡμῶν
609 4178 877 4236 θεοτόκου
924 4180 1012 4235 καὶ
1065 4180 1442 4255 Ἀειπαρθὲνου
1500 4178 1733 4254 Μάριας,
1794 4185 1902 4236 τῶν

247 4268 509 4337 θεοειδῶν
566 4267 838 4344 ἀγγέλων,
896 4269 987 4324 καὶ
1041 4270 1259 4324 πάντων
1315 4273 1422 4324 τῶν
1483 4268 1668 4345 ἀγίων,
1744 4272 1902 4328 Ὅθεν

247 4359 508 4421 πολλοὺς
539 4357 878 4434 πειρασμοὺς
909 4357 963 4415 ἕν
994 4356 1236 4421 πολλοῖς
1297 4356 1590 4431 ὑπομείνας
1650 4359 1900 4436 χρόνοις,

246 4451 338 4506 καὶ
374 4450 545 4524 μέχρι
602 4449 797 4511 τὲλους
822 4448 1007 4512 καλῶς
1038 4446 1453 4523 ἀνδρισάμενος,
1503 4448 1642 4522 πρὸς
1700 4449 1900 4523 Κύριον

249 4539 407 4617 ίεεεή
417 4560 614 4614 μησεν.

2017 2273 2209 2344 capite
2240 2272 2529 2329 deberent
2548 2273 2746 2346 plecti.
2780 2276 3043 2348 Cumque
3088 2279 3508 2337 Constantinus
3542 2299 3662 2338 ma-

2018 2378 2275 2434 gnOpere
2308 2364 2502 2419 socios
2533 2362 2880 2432 animasset,
2914 2384 3046 2422 cum
3105 2368 3178 2424 iis
3235 2371 3425 2443 capite
3451 2372 3659 2444 plexus

2020 2457 2129 2506 est.

2565 2563 2806 2620 EODEM
2852 2563 3112 2622 MENSE.

2657 2653 2762 2709 Die
2788 2656 3043 2725 septima

2266 2739 2316 2796 8
2346 2741 2537 2798 Sancti
2555 2743 2721 2798 Pauli
2764 2747 3085 2814 confessoris
3104 2746 3164 2801 in
3195 2746 3413 2804 Prusia.

2088 2919 2192 2975 Hic
2214 2936 2349 2975 cum
2377 2922 2692 2995 episcopus
2723 2928 2882 2979 esset
2912 2924 3201 2996 ejus,quae
3229 2925 3290 2981 in
3322 2925 3529 2982 Prusia
3547 2931 3656 2994 est,

2016 3015 2236 3064 sanctaa
2267 3010 2566 3078 Ecclesia),
2603 3013 2965 3083 temporibus
2997 3014 3317 3084 impiorum
3358 3016 3664 3071 Iconoma-

2015 3098 2285 3163 chorum,
2302 3100 2644 3172 videretque
2668 3102 2912 3157 insanos
2924 3102 3205 3158 adversus
3230 3104 3446 3158 Christi
3463 3105 3662 3160 Eccle-

2016 3187 2134 3243 sias
2165 3188 2541 3256 debacchari,
2575 3206 2933 3262 omnemque
2964 3191 3161 3263 legum
3187 3191 3662 3249 observationem

2016 3283 2298 3344 evertere,
2326 3279 2668 3350 formasque
2702 3285 2760 3333 et
2788 3281 3347 3351 repraesentationes
3378 3298 3659 3337 veneran-

2015 3366 2224 3422 darum
2256 3368 2583 3439 imaginum
2615 3368 2836 3433 delere,
2871 3369 3030 3439 ipsas
3051 3369 3290 3438 quidem
3326 3386 3395 3425 ex
3441 3370 3659 3426 aedium

2014 3472 2316 3512 sacrarum
2365 3456 2559 3527 adytis
2606 3457 2842 3528 penitus
2898 3459 3393 3526 exterminando;
3447 3476 3653 3515 earum

2011 3562 2148 3601 vero
2182 3546 2310 3600 loco
2344 3545 2757 3602 substituendo
2778 3546 3040 3618 depictas
3063 3549 3657 3607 terarum.volucrum

2013 3636 2500 3707 serpentiumque
2524 3635 2770 3708 efﬁgies,
2806 3636 3159 3707 posthabitis
3190 3638 3525 3694 divinorum
3550 3641 3659 3695 Pa-

2012 3729 2167 3780 trum
2202 3724 2656 3793 traditionibus;
2689 3726 2903 3780 divinis
2956 3742 3056 3780 eos
3110 3729 3319 3792 verbis,
3370 3735 3653 3800 tanquam

2002 3813 2242 3885 jaculis,
2274 3813 2562 3886 impetere
2611 3831 2732 3871 non
2789 3814 2967 3869 desiit
3025 3816 3124 3869 Dei
3157 3818 3315 3890 pugil
3376 3820 3649 3887 invictus,

2009 3902 2475 3974 persecutiones,
2503 3903 2730 3969 exsilia,
2762 3919 3061 3959 (erumnas
3087 3905 3463 3976 gravissimas
3479 3908 3657 3963 susti-

2010 4008 2152 4047 nere
2181 3991 2445 4064 gaudens
2476 3998 2720 4064 pr0pter
2748 3998 2985 4047 sanctas
3006 3990 3295 4066 imagines
3316 3996 3531 4051 Christi
3554 3998 3655 4052 Dei

2008 4078 2220 4145 nostri,
2252 4084 2430 4150 atque
2476 4080 2868 4136 sanctissimae
2933 4085 2991 4135 et
3028 4080 3397 4137 intemeratae
3457 4085 3656 4139 Matris

2010 4170 2139 4240 ejus
2170 4168 2440 4239 gloriosas
2472 4168 2734 4223 Dominae
2768 4174 2986 4224 nostrae
3018 4170 3283 4241 Deiparaa
3306 4187 3659 4242 semperque

2010 4258 2262 4330 Virginis
2292 4257 2510 4323 Marias,
2534 4274 2643 4312 nec
2690 4273 2810 4312 non
2864 4257 3241 4313 deiformium
3284 4260 3653 4329 angelorum,

2008 4352 2188 4418 atque
2220 4353 2561 4401 sanctorum
2592 4347 2883 4403 omnium.
2918 4346 3243 4402 Plurimam
3274 4348 3454 4419 igitur
3481 4364 3655 4403 vexa-

2010 4437 2231 4493 tionem
2264 4437 2587 4492 multorum
2602 4454 2896 4492 annorum
2911 4437 3165 4492 decursu
3190 4438 3656 4509 tolerans,atque

2009 4527 2083 4583 ad
2118 4531 2449 4583 extremum
2468 4527 2600 4583 vita;
2631 4527 2906 4598 spiritum
2935 4542 3221 4599 generose
3244 4524 3659 4596 decertans,ad

2009 4616 2329 4673 Dominum
2360 4615 2647 4688 migravit.

323 4718 437 4777 Kal
479 4722 675 4794 μνήμη
731 4723 841 4776 τῶν
875 4717 926 4773 ἰν
985 4717 1159 4792 ἁγίοις
1217 4714 1505 4794 Ἀρκαδίου
1555 4718 1645 4774 καὶ
1698 4717 1901 4775 Νέστο-

2023 4664 2329 4673 ”⁷-“’“’“’”““
2360 4664 2647 4688 ’“”Ο’“⁷”““
3474 4670 3487 4683 ο

2077 4706 2148 4760 Ει
2176 4704 2466 4760 memoria
2486 4709 2824 4760 sanctorum
2845 4705 3077 4761 Arcadii
3110 4710 3168 4761 et
3210 4707 3493 4773 Nestoris,
3526 4708 3654 4780 epi-

252 4831 352 4888 ρος
432 4808 743 4869 ἀπισκόπων
784 4832 795 4869 1
835 4811 1249 4883 Τριμηθοῦντος
1323 4814 1424 4877 τῆς
1501 4807 1738 4885 Κύπρου·
1812 4808 1904 4865 καὶ

252 4904 491 4974 ἄθλησις
546 4905 656 4958 τῶν
715 4900 881 4976 ἁγίων
965 4892 1253 4954 Εὐϐούλου
1296 4898 1397 4954 καὶ
1456 4895 1761 4956 Ἰουλιανοῦ
1809 4902 1906 4954 τοῦ

255 4995 475 5071 ἰατροῦ,
506 4990 597 5049 καὶ
648 4994 750 5048 τοῦ
783 4988 935 5045 ὀσίου
990 4989 1275 5063 Δομετίου·
1307 4987 1399 5043 καὶ
1426 4991 1534 5045 τῶν
1566 4988 1732 5065 ἁγίων
1766 5008 1905 5066 μαρ-

256 5089 439 5165 τύρων
471 5083 610 5145 δτιτᾶ
635 5082 810 5142 τῶνᾶν
843 5083 1115 5157 Χιρσῶνι.

813 5200 998 5258 ΜΗΝΙ
1027 5201 1122 5259 ΤΩ
1148 5199 1349 5259 ΑΥΤΩ.

1050 5307 1110 5365 Π.

322 5433 536 5506 κνήμη
571 5430 669 5486 τοῦ
714 5427 870 5506 δσίου
897 5424 989 5506 καὶ
1021 5422 1376 5506 ὁ-ιξολογηξοῦ
1425 5428 1829 5506 Θεοφυλάκτου,

722 5499 1024 5555 ἀπισκόπου
1044 5495 1443 5571 Νικοιὶηδείας.

327 5593 736 5674 Θεοφύλακτος,
776 5591 807 5646 ό
861 5590 1013 5653 θεῖος
1073 5588 1366 5665 ίεράρχης,
1423 5591 1644 5669 ὑπῆρχε
1696 5594 1791 5667 μὶν
1848 5592 1900 5650 ἐν

256 5691 369 5746 τῶν
401 5682 746 5743 ἀνατολικῶν
810 5682 1015 5755 μερῶν
1091 5677 1171 5740 είς
1212 5681 1785 5740 Κωνσταντινούπολιν
1845 5681 1903 5740 δὶ

252 5778 460 5852 ἀλοῶν,
490 5770 746 5830 ἐδούλευε
772 5768 1028 5845 Ταρασίῳ
1055 5772 1136 5842 τῷ
1186 5766 1471 5846 ἁγιωτάτῳ
1505 5770 1630 5829 τότε
1685 5793 1901 5851 πρωτο-

2015 4810 2329 4866 scoparum
2344 4794 2981 4866 TrimethuntisCypri:
3020 4801 3389 4879 etcertamen
3422 4805 3659 4855 sancto-

2012 4900 2146 4940 rum
2182 4882 2394 4939 Eubuli
2426 4888 2485 4939 et
2506 4882 2723 4940 Juliani
2752 4883 2990 4950 medici,
3025 4889 3085 4941 et
3122 4886 3310 4942 sancti
3350 4887 3604 4944 Dometii
3639 4906 3654 4946 :

2013 4990 2256 5031 necnon
2282 4978 2623 5031 sanctorum
2656 4978 2884 5045 septem
2906 4980 3237 5049 martyrum
3257 4976 3317 5034 in
3331 4978 3655 5038 Chersone.

2574 5154 2814 5211 EODEM
2830 5155 3085 5212 MENSE.

2679 5243 2783 5300 Die
2814 5248 3019 5301 octava

2012 5355 2277 5410 Memoria
2347 5354 2537 5410 sancti
2581 5354 2942 5429 confessoris__
2970 5353 3365 5426 TheOphylacti
3420 5359 3660 5429 episcopi

2660 5425 3009 5482 Nicomedia.

2082 5601 2819 5675 Theophylactus,divinus
2834 5603 3116 5674 pontifex,
3152 5604 3215 5660 in
3233 5606 3503 5677 partibus
3524 5608 3657 5663 Ori-

2013 5692 2167 5748 entis
2184 5692 2963 5764 natus,Constantinopolim
2987 5694 3249 5764 veniens,
3276 5696 3652 5752 sanctissimo

2009 5781 2245 5840 Tarasio
2265 5781 2644 5851 ministravit,
2674 5797 2809 5839 cum
2866 5781 2966 5840 ille
3014 5782 3208 5840 adhuc
3226 5786 3454 5857 primus
3498 5801 3533 5840 a
3562 5800 3656 5840 ae-
