4072 6194
327 435 445 497 343

1615 425 2048 488 MENOLOGII
2096 425 2296 486 PARS
2350 427 2447 500 Ill,

3615 433 3734 493 344

326 571 505 628 cretis
535 573 728 626 esset:
786 573 992 641 postea
1045 582 1180 622 vero
1238 564 1575 639 patriarcha
1631 560 2002 629 ordinatus“

2112 555 2316 632 ηκρίτῃ
2371 557 2697 634 ὑπάρχοντι.
2758 559 2914 616 Ἐπεὶ
2972 557 3030 616 δὶ
3087 560 3436 639 πατριάρχης
3483 582 3740 640 προεχει-

331 660 690 717 monachum
722 658 916 728 ipsum
964 655 1104 710 fecit
1151 671 1270 710 una
1323 671 1458 710 cum
1507 651 1812 719 Michaele,
1871 648 1972 720 qui

2117 648 2262 718 ίσθη,
2321 646 2572 716 ἐποίησεν
2629 647 2790 703 αὐτὸν
2851 650 3120 724 μοναχὸν,
3182 651 3319 724 μετᾶ
3375 652 3605 729 Μιχαὴλ
3635 658 3733 711 τοῦ

335 748 703 820 Synadorum
722 745 1035 816 episcopus
1054 750 1350 815 postremo
1373 747 1607 798 creatus
1629 746 1740 808 est,
1756 753 1972 810 eosque

2114 757 2298 810 στερον
2356 736 2647 811 γεγονότος
2706 737 3003 794 ἐπισκόπου
3062 738 3342 810 Συνάδων,
3390 743 3481 798 καὶ
3528 749 3648 807 τοῖς
3677 743 3731 800 iv

337 837 399 892 in
451 833 808 907 patriarchio
870 834 1053 904 probe
1112 833 1382 888 educavit
1423 829 1972 902 :Theophylactum

2113 830 2158 899 ᾦ
2226 826 2612 902 Πατριαρχείῳ
2665 827 2981 901 εὐκτηρίοις
3033 827 3292 901 ἐνέταξενο
3361 832 3473 888 εἶτα
3527 830 3587 890 δὶ
3640 835 3733 891 καὶ

333 923 532 974 autem
560 917 905 987 episcopum
957 915 1312 971 Nicomediae
1353 914 1665 970 ordinavit.
1702 912 1810 968 Ubi
1841 928 1976 967 vero

333 1006 606 1064 Tarasius
655 1006 718 1060 in
766 1005 1043 1060 humanis
1095 1022 1223 1060 esse
1277 1004 1472 1070 desiit,
1534 1004 1706 1075 eique
1738 1008 1979 1057 sanctus

334 1097 699 1168 Nicephorus
729 1095 792 1149 in
839 1095 1243 1167 patriarchatu
1301 1093 1606 1158 successit,
1653 1094 1844 1148 Leone
1879 1094 1979 1146 Ar-

338 1203 514 1242 meno
554 1185 874 1256 imperium
933 1189 1303 1256 capessente,
1360 1188 1537 1254 atque
1594 1181 1875 1238 adversus
1929 1181 1978 1236 9

339 1291 538 1332 sacras
568 1275 856 1347 imagines
882 1290 1011 1328 sese
1042 1275 1713 1340 instruente,accersens
1743 1277 1983 1328 sanctus

341 1365 707 1436 Nicephorus
735 1381 855 1419 una
877 1381 1010 1419 cum
1041 1363 1292 1434 reliquis
1311 1362 1604 1434 episc0pis
1635 1363 1815 1418 etiam
1846 1378 1986 1417 san-

341 1460 502 1510 ctum
573 1453 1098 1526 Theophylactum,
1160 1459 1218 1508 et
1272 1452 1558 1524 palatium
1621 1451 1982 1525 ingrediens,

343 1543 560 1599 acriter
583 1542 968 1614 reprehendit
988 1542 1236 1615 impium
1258 1543 1596 1613 sanctisque
1625 1542 1986 1614 imaginibus

345 1632 758 1689 adversantem
790 1634 1229 1705 imperatorem.
1273 1638 1434 1691 Tunc
1490 1633 1827 1706 patriarcha
1856 1631 1990 1704 qui-

349 1722 485 1778 dem
516 1723 578 1778 in
599 1723 859 1777 Thusum
891 1723 1148 1779 insulam
1181 1725 1475 1797 relegatus
1507 1728 1628 1789 est;
1652 1722 1753 1778 alii
1773 1738 1909 1777 vero
1927 1721 1989 1776 in

352 1812 471 1868 alia
501 1811 630 1867 loca
651 1812 940 1884 deportati
968 1830 981 1880 ;
1005 1814 1478 1886 Theopbylactus
1517 1817 1716 1868 autem
1746 1811 1810 1866 in
1831 1811 1989 1866 Stro-

350 1901 561 1970 bilum,
594 1901 695 1955 ubi
725 1901 902 1956 vitam
935 1905 1386 1959 consummavit.

351 1993 413 2046 Et
440 1993 702 2048 memoria
729 1994 906 2048 sancti
935 1993 1161 2047 Arcadii
1192 1993 1401 2064 Cyprii,
1434 2009 1498 2048 ac
1545 1997 1821 2048 certamen
1878 1993 1993 2046 Eu-

952 2065 1069 2119 buli
1093 2071 1145 2119 et
1163 2065 1397 2120 Iuliani.

423 2181 672 2238 Sanctus
695 2181 980 2236 Arcadius
1013 2188 1140 2237 erat
1170 2199 1236 2238 ex
1255 2182 1452 2238 insula
1481 2183 1666 2255 Cypro
1684 2179 1993 2248 oriundus,

357 2271 748 2328 monasticam
777 2272 954 2327 vitam
989 2289 1022 2327 a
1052 2289 1236 2344 puero
1262 2273 1660 2344 amplexus,et
1687 2271 1996 2327 obrectam

351 2362 584 2417 vivendi
616 2361 965 2416 methodum
997 2362 1114 2416 Deo
1172 2361 1566 2429 gratissimus,
1606 2361 1996 2417 Constantino

356 2454 563 2524 Magno
602 2450 993 2521 imperatores
1041 2450 1380 2521 palaestram
1410 2451 1769 2522 auspicatus.
1803 2450 2000 2506 Multis

355 2539 579 2612 profuit
601 2555 721 2594 non
752 2537 947 2594 solum
979 2539 1250 2611 exemplo
1277 2541 1413 2595 vitm
1444 2545 1637 2595 sumet
1664 2539 1998 2607 virtutibus,

359 2628 463 2684 sed
495 2627 673 2682 etiam
706 2627 975 2682 doctrina
996 2634 1054 2683 et
1081 2627 1703 2684 adhortationibus.Ex
1723 2629 1814 2684 his
1831 2633 2003 2684 erant

357 2716 624 2773 Eubulus
645 2720 705 2772 et
730 2716 1020 2781 Julianus,
1055 2718 1156 2788 qui
1187 2717 1556 2788 frequentius
1569 2717 1642 2774 ad
1657 2734 1790 2773 eum
1804 2719 2004 2773 venie-

361 2807 524 2870 bant,
542 2805 1042 2878 sermonibusque
1073 2806 1202 2876 ejus
1221 2806 1558 2875 confortati,
1588 2807 1649 2862 in
1670 2805 2002 2864 viavirtutis

357 2893 760 2968 procedebant
783 2911 795 2949 :
828 2899 1033 2965 postea
1055 2911 1188 2950 vero
1212 2895 1541 2967 imperante
1564 2895 1748 2966 impio
1768 2894 2002 2950 Juliano

358 2984 738 3058 Apostata.ab
771 2984 1232 3056 idololatris,qui
1255 2987 1325 3040 ab
1357 2986 1712 3057 imperatore
1736 2989 2004 3056 potesta-

357 3081 479 3130 tem
509 3079 861 3146 acceperant
891 3081 1097 3130 contra
1117 3075 1481 3130 Christianos
1502 3075 2008 3147 libereinsurgen-

359 3164 439 3233 di,
464 3165 617 3236 capti
648 3164 911 3230 fuerunt,
945 3169 1003 3220 et
1032 3164 1270 3220 tandem
1304 3169 1438 3236 post
1491 3164 1842 3219 durissimos
1873 3180 2004 3219 cru-

2021 1919 2071 1985 B

2082 914 2374 971 ἐπίσκοπον
2474 913 2846 988 Νικομηδείας
2950 916 3382 994 ἐχειροτόνησεν.
3460 921 3738 995 Τελευτή-

2082 1025 2277 1067 σαντος
2342 1000 2400 1059 δὶ
2465 1005 2761 1078 Ταρασίου,
2817 1002 3008 1081 γέγονε
3079 1009 3429 1084 πατριάρχης
3491 1011 3522 1066 6
3587 1013 3743 1086 ἅγιος

2084 1093 2425 1172 Νικηφόρος.
2457 1095 2839 1168 Κρατήσαντος
2900 1093 2959 1152 δὲ
3013 1103 3113 1166 τῆς
3173 1097 3452 1173 βασιλείας
3506 1099 3744 1165 Λέοντος

2083 1185 2183 1238 τοῦ
2213 1180 2528 1258 ’Δρμενίου,
2586 1182 2677 1238 καὶ
2736 1185 2873 1239 κατὰ
2923 1189 3032 1241 τῶν
3092 1186 3258 1263 ἁγίων
3299 1185 3524 1244 εἰκόνων
3557 1192 3752 1265 χωρή-

2088 1292 2303 1342 σαντος,
2365 1267 2699 1346 παραλαϐὼν
2757 1275 2786 1328 ὁ
2843 1273 2996 1349 ἃγιος
3056 1276 3377 1353 Νικηφόρος
3434 1278 3534 1348 τὴν
3593 1280 3746 1334 ὅσιον

2089 1359 2490 1440 Θεοφόλακτον,
2547 1360 2638 1416 καὶ
2691 1361 2819 1426 τοὺς
2879 1361 3109 1428 λοιποὺς
3168 1363 3526 1437 ἐπισκόπους,
3571 1366 3751 1438 ἀνῆλ-

2093 1460 2176 1515 θεν
2237 1449 2290 1506 ἐν
2346 1454 2428 1522 τῷ
2481 1449 2753 1524 παλατίῳ,
2824 1452 2912 1508 καὶ
2971 1451 3170 1528 ἤλεγξε
3223 1459 3406 1518 κακῶς
3462 1461 3748 1532 ποιοῦντα,

2090 1538 2306 1602 καὶτὰς
2360 1539 2513 1614 ἁγίας
2566 1539 2778 1604 εῗκόνας
2839 1543 3194 1618 ἀρνούμενον.
3253 1543 3390 1602 Τότε
3438 1546 3467 1601 6
3517 1547 3615 1620 μὲν
3647 1567 3751 1602 πα-

2092 1628 2366 1706 τριάρχης
2419 1628 2683 1704 ἐξωρίσθη
2747 1631 2824 1696 εἷς
2880 1631 3054 1688 Θάσον
3097 1634 3198 1703 τὴν
3230 1641 3421 1704 νῆσον.
3448 1636 3511 1690 Οἱ
3543 1633 3602 1692 δὶ
3632 1633 3754 1694 λοι-

2093 1718 2212 1787 ποὶ,
2246 1717 2416 1780 ἄλλος
2464 1716 2739 1795 άλλαχοῦο
2789 1719 3168 1800 Θεοφύλακτος
3199 1721 3258 1779 δὶ
3288 1723 3364 1788 εἰς
3416 1721 3751 1802 Στρόϐιλον,

2098 1807 2151 1865 iv
2179 1807 2215 1884 ᾖ
2243 1806 2334 1862 καὶ
2364 1805 2732 1880 ἐτελεύτησεν.

2173 1987 2277 2045 Καὶ
2312 1987 2506 2116 μνέμη
2537 1992 2635 2042 τοῦ
2665 1987 3134 2082 ὁσίουΙἊρκαδίου
3171 1996 3268 2047 τοῦ
3299 1991 3564 2081 Κυπρίου,
3592 1993 3685 2049 καὶ

2421 2058 2616 2130 θλησις
2666 2055 2974 2130 Ευϐουλου,
3005 2063 3098 2118 καὶ
3144 2063 3466 2122 Ἰουλιανου.

2959 2108 2974 2134 ,
3005 2088 3098 2118 και
3147 2088 3466 2122 ·ιουΑιανου.

2167 2176 2225 2226 '0
2281 2173 2431 2234 ὅσιος
2487 2170 2782 2248 Ἀρχάδιος
2854 2175 3097 2251 ὑπῆρχεν
3159 2175 3220 2234 in
3274 2181 3377 2244 τῆς
3431 2180 3601 2250 νήσου
3651 2186 3757 2250 τῆς

2101 2259 2343 2336 Κύπρου,
2405 2259 2652 2336 μοναχὸς
2725 2261 2785 2318 ἐκ
2871 2262 3102 2342 βρέφους
3156 2266 3467 2343 γενόμενος,
3525 2267 3614 2324 καὶ
3670 2273 3754 2341 τῷ

2103 2355 2219 2423 Θεῷ
2266 2348 2354 2406 διὰ
2407 2349 2688 2414 πολιτείας
2747 2350 3124 2428 εὖαρεστήσας.
3184 2355 3620 2432 Ἀγωνιζόμενος
3662 2355 3758 2414 ἐπὶ

2099 2446 2202 2510 τῆς
2254 2439 2530 2516 βασιλείας
2585 2440 2985 2498 Κωνσταντίνου
3041 2447 3139 2498 τοῦ
3190 2443 3470 2521 Μεγάλου,
3500 2446 3591 2503 καὶ
3621 2446 3760 2504 πολ-

2104 2527 2236 2590 λοὺς
2269 2527 2517 2607 ὠφελῶν,
2580 2529 2644 2584 οὐ
2703 2528 2869 2604 μόνον
2928 2529 3018 2587 διὰ
3077 2533 3203 2608 βίου
3238 2534 3328 2589 καὶ
3360 2534 3579 2606 ἀρετῆς,
3610 2534 3762 2592 ἀλλὰ

2103 2616 2194 2672 καὶ
2253 2614 2603 2682 διδασκαλίας
2663 2619 2753 2674 καὶ
2810 2622 3202 2696 παραινέσεωςο
3262 2623 3315 2695 ἐξ
3371 2625 3447 2680 ὧν
3504 2625 3639 2695 ἦσαν
3667 2626 3762 2681 καὶ

2105 2700 2408 2776 Εὔϐουλος,
2465 2706 2554 2762 καὶ
2611 2706 2928 2772 Ἰουλιανός.
2989 2709 3196 2774 θ’ίτινες
3255 2712 3584 2791 συχνότερον
3624 2716 3764 2791 πρὸς

2106 2795 2264 2850 αὐτὸν
2319 2796 2712 2872 ἀπερχόμενοι,
2775 2801 2866 2854 καὶ
2945 2802 3332 2876 στηριζόμενοι
3388 2808 3505 2864 τοῖς
3565 2801 3762 2879 λόγοις

2107 2883 2272 2940 αὐτοῦ
2303 2883 2606 2958 ἐπεμέλουν
2665 2894 2766 2957 τῆς
2815 2887 3034 2962 ἀρετῆς.
3087 2891 3209 2947 Ἐπὶ
3267 2889 3324 2947 δὶ
3348 2899 3448 2962 τῆς
3480 2890 3762 2970 βασιλείας

2105 2979 2203 3032 τοῦ
2253 2971 2542 3038 δυσσεϐοὖς
2588 2978 2677 3032 καὶ
2725 2975 3047 3054 Ηαραϐάτου
3094 2981 3416 3053 Ἰουλιανοῦ,
3471 2984 3764 3056 κρατηθὲν.

2105 3086 2192 3127 τες
2254 3065 2356 3120 ὑπὸ
2411 3069 2515 3121 τῶν
2594 3063 3036 3143 είδωλολατρῶν,
3109 3070 3413 3148 παῤῥησίαν
3479 3067 3761 3130 λαϐόντων

2109 3154 2216 3210 ἀπὸ
2272 3161 2372 3224 τῆς
2425 3159 2524 3210 τοῦ
2580 3155 2849 3232 βασιλέως
2908 3158 3150 3230 ἐξουσίας
3201 3162 3336 3216 κατὰ
3373 3166 3480 3216 τῶν
3512 3164 3766 3236 Χριστια-

355 3256 546 3310 ciatus
575 3254 764 3326 capite
795 3254 950 3325 plexi
984 3258 1141 3308 sunt.
1173 3255 1311 3320 Quae
1326 3253 1425 3308 ubi
1457 3259 1696 3308 sanctus
1717 3253 2000 3310 Arcadius

2112 3247 2240 3314 νῶν,
2290 3243 2380 3298 καὶ
2443 3244 2849 3318 βασανισθέντες
2911 3246 3174 3324 ἰσχυρῶς,
3233 3251 3759 3330 ἆπεκεφαλίσθησαν.

358 3344 672 3411 intellexit,
732 3344 1117 3399 contristatus
1148 3342 1389 3415 quidem
1421 3347 1511 3398 est
1544 3359 1556 3398 :
1592 3341 1694 3399 sed
1729 3344 1866 3414 Deo,
1900 3345 2002 3415 qui

371 3433 572 3490 omnia
602 3433 683 3487 ita
713 3432 1040 3495 ordinarat.
1071 3433 1290 3506 gratias
1323 3433 1459 3506 egit.
1487 3434 1880 3488 Perseverans
1908 3449 2011 3489 au-

364 3529 483 3581 tem
514 3525 576 3579 in
600 3522 810 3579 eodem
840 3523 970 3579 loco
1003 3523 1104 3578 ubi
1136 3523 1424 3579 hactenus
1453 3523 1824 3591 consederat,
1857 3524 2014 3580 inter

363 3613 665 3670 orationes
694 3612 974 3684 lacrymis
1004 3611 1278 3684 plurimis
1309 3611 1605 3683 perfusus,
1661 3612 1838 3668 vitam
1874 3612 2012 3670 fini-

367 3703 473 3758 vit.

369 3794 438 3847 Et
492 3795 765 3863 certamen
827 3796 1139 3863 sanctorum
1195 3793 1257 3863 in
1281 3860 1296 3863 _
1317 3789 1589 3863 Chersone
1639 3796 2016 3863 episc0porum

511 3860 739 3927 Basilei,
761 3861 1019 3928 Eugenii,
1043 3860 1404 3929 Agathodori,
1427 3868 1480 3915 et
1508 3860 1868 3932 reliquorum.

440 3979 779 4050 Imperante
796 3977 1449 4038 Diocletianoﬁermon
1473 3979 2016 4052 Hierosolymorum

371 4067 690 4138 episcopus
722 4065 996 4138 allegavit
1027 4065 1355 4138 episcopos,
1378 4067 1650 4138 Ephrem
1682 4069 1923 4140 quidem
1954 4071 2016 4127 in

369 4157 662 4222 Turciam,
694 4155 990 4210 Basileum
1021 4171 1160 4210 vero
1218 4155 1280 4209 in
1328 4155 1684 4212 Chersonem
1713 4159 1850 4229 :qui
1882 4176 2016 4217 cum

377 4246 458 4306 ibi
490 4245 789 4302 Christum
815 4244 1186 4316 praedicaret,
1227 4245 1566 4301 verberibus
1596 4254 1877 4319 exceptus
1907 4256 2014 4318 est,

372 4341 551 4408 atque
583 4334 728 4390 urbe
761 4335 1004 4405 ejectus.
1039 4335 1184 4390 Cum
1241 4351 1377 4391 vero
1426 4336 1715 4407 principis
1738 4337 1928 4395 illium
1983 4357 2019 4397 a

371 4431 562 4481 morte
587 4425 662 4480 ad
692 4425 867 4480 vitam
908 4430 1474 4492 revocasset,rursus
1495 4427 1838 4494 accersitus,
1862 4430 2022 4500 prin-

373 4515 564 4586 cipem
599 4514 794 4586 ipsum
825 4514 1094 4584 aliosque
1120 4513 1408 4586 plurimos
1429 4514 1756 4586 baptizavit.
1773 4517 1884 4573 Sed
1916 4519 2017 4591 qui

2115 3332 2210 3386 Καὶ
2271 3331 2457 3405 μαθὼν
2489 3337 2657 3388 ταῦτα
2714 3335 2742 3388 6
2798 3333 2945 3398 ὅσιος
3005 3335 3318 3412 ’Δρκάδιος,
3364 3339 3452 3395 καὶ
3494 3337 3764 3412 λυπηθεῗς

2119 3419 2237 3493 μὶν,
2271 3419 2668 3496 εὐχαριστήσας
2725 3419 2782 3478 δὲ
2833 3427 2912 3496 τῷ
2965 3429 3102 3497 Θεῷ,
3159 3429 3239 3498 τῷ
3269 3425 3441 3489 οὕτως
3474 3427 3770 3502 οἷκονομή-

2116 3529 2289 3582 σαντι,
2337 3510 2782 3586 προσευχόμενος
2837 3511 2891 3568 iv
2944 3518 3026 3587 τῷ
3077 3513 3231 3588 τόπῳ
3275 3513 3328 3570 iv
3377 3517 3424 3588 ᾧ
3454 3518 3771 3591 προσεκαθίο

2119 3608 2261 3674 ζετο,
2294 3603 2380 3657 καὶ
2413 3599 2634 3676 δάκρυσι
2690 3600 2934 3668 πολλοῖς
2985 3603 3408 3681 περιχεόμενος,
3446 3606 3767 3681 ἐτελειώθη.

2117 3780 2217 3838 Καὶ
2249 3780 2481 3860 ἄθλησις
2535 3783 2644 3860 ¹τῶν
2698 3777 2750 3860 iv
2811 3781 3052 3860 Χερσῶνι
3107 3781 3416 3860 ἐπισκόπων
3466 3785 3769 3860 Βασιλὲως,

2369 3849 2652 3929 Εὗγενίου,
2703 3849 3115 3928 Ἀγάθοδώρου,
3159 3856 3250 3910 καὶ
3294 3855 3528 3915 λοιπῶν.

2190 3967 2312 4026 Ἐπὶ
2343 3974 2445 4038 τῆς
2496 3966 2772 4044 βασιλείας
2831 3967 3244 4040 Διοκλητιανοῦ,
3294 3972 3520 4048 Ἕρμων
3552 3974 3581 4030 6
3609 3975 3808 4050 Ἰεροο.

2119 4057 2376 4130 σολύμων
2463 4057 2755 4120 ἐπίσκοπος
2839 4057 3148 4115 ἀπέστειλεν
3253 4059 3604 4131 ἐπισκόπους,
3689 4065 3769 4129 είς

2123 4148 2218 4221 μὶν
2273 4146 2543 4222 Τουρκίαν
2602 4145 2863 4225 Ἐφραίμ,
2941 4147 3017 4210 είς
3083 4145 3141 4204 δὲ
3196 4151 3455 4225 Χερσῶνα
3511 4152 3766 4212 Βασιλὲαο

2119 4235 2243 4292 ἔνθα
2326 4238 2418 4291 τὸν
2508 4237 2739 4312 Χριστὸν
2798 4236 3104 4314 κηρύττων,
3200 4241 3416 4318 τυφθεὶς
3485 4241 3768 4316 ἀπηλάθη.

2121 4326 2364 4403 Ἐγείρας
2422 4324 2479 4382 δὶ
2528 4328 2621 4384 τὸν
2677 4328 2792 4383 υἱὸν
2845 4332 2947 4384 τοῦ
3002 4325 3270 4405 ἄρχοντος
3303 4328 3364 4387 ἐκ
3389 4336 3499 4388 τῶν
3543 4338 3772 4409 νεκρῶν,

2121 4415 2286 4474 πάλιν
2342 4415 2718 4491 προσεκλήθη,
2778 4417 3042 4494 βαπτίσας
3093 4419 3185 4473 καὶ
3235 4419 3328 4476 τὸν
3368 4417 3632 4496 ἄρχοντα,
3680 4424 3776 4479 καὶ

2122 4504 2339 4582 ἐτέρους
2367 4504 2634 4570 πολλοὺς.
2689 4507 2756 4564 Oi
2806 4503 2864 4562 δὲ
2911 4504 3129 4562 ἄπιστοι
3180 4509 3432 4582 μανέντες
3464 4508 3655 4585 ἔσυραν
3683 4512 3777 4568 αὖ·

373 4604 433 4658 in
467 4619 576 4658 sua
603 4603 959 4659 infidelitate
1013 4608 1378 4668 manserant,
1436 4603 1678 4660 funibus
1703 4605 2002 4679 alligatum

2120 4598 2213 4656 τὸν
2256 4596 2524 4673 σχοινίοις
2579 4595 2686 4650 ἀπὸ
2739 4599 2848 4650 τῶν
2906 4592 3112 4652 ποδῶν.
3172 4597 3267 4652 Καὶ
3323 4591 3622 4672 συρόμενος
3665 4599 3778 4657 in.

2124 4690 2145 4710 ς
2201 4689 2215 4710 Ι
2338 4709 2343 4710 ,
2465 4686 2613 4710 ‘l_,1
2693 4685 2743 4710 Ὦὶ
2814 4687 2911 4710 ,λη
2999 4687 3152 4710 η)ᾲμ9
3250 4686 3294 4710 ,\
3413 4691 3428 4707 ι
3527 4690 3650 4710 "Al

371 4690 578 4746 tandiu
606 4707 641 4746 a
671 4691 922 4762 pedibus
980 4697 1314 4764 raptarunt,
1348 4693 1539 4750 donec
1584 4695 1763 4752 vitam
1799 4697 2008 4753 finivit.

369 4780 652 4850 Postejus
677 4785 930 4834 mortem
947 4787 1236 4837 venerunt
1255 4783 2007 4856 Eugenius.Agathodorus,

369 4868 652 4940 Capeton,
685 4873 744 4922 et
771 4868 1058 4940 Elpidius,
1085 4869 1207 4941 qui,
1241 4886 1376 4925 cum
1407 4870 1704 4928 Christum
1727 4874 2011 4946 praadica-

374 4962 526 5018 rent.
550 4956 622 5013 ab
659 4957 1101 5030 insurgentibus
1137 4958 1196 5012 in
1231 4958 1367 5014 illos
1393 4960 1609 5017 Grecis
1639 4963 1820 5018 occisi
1851 4970 2008 5022 sunt.

373 5049 514 5103 Post
542 5047 664 5102 haec
694 5047 913 5102 missus
942 5045 1055 5102 fuit
1084 5047 1508 5121 Hierosolymis
1537 5051 1852 5121 Etherius,
1886 5055 2010 5126 qui,

372 5153 504 5194 cum
540 5137 834 5193 feritatem
866 5137 1068 5210 populi
1098 5141 1664 5213 cerneret.Magnum
1683 5141 2013 5198 Constanti-

372 5241 516 5281 num
537 5226 632 5280 I0
653 5225 854 5285 adivit.
891 5225 1149 5297 Byzantii
1180 5231 1304 5282 tum
1335 5227 2012 5302 imperantem,cumque

369 5316 594 5390 rogavit
625 5320 689 5370 ut
744 5314 1073 5372 idololatria
1105 5332 1176 5372 ex
1206 5315 1350 5371 urbe
1381 5317 1680 5373 Chersone
1720 5319 2014 5392 ejiceren—

369 5410 466 5460 tur
497 5422 510 5461 :
546 5404 704 5476 quod
735 5411 794 5460 et
816 5421 885 5460 ex
915 5405 1098 5461 animi
1132 5406 1430 5462 sententia
1459 5407 1722 5480 contigit.
1747 5409 2011 5481 Cumque

368 5495 651 5551 ecclesias
677 5493 1059 5559 condidisset,
1084 5495 1423 5566 iterumque
1481 5496 1925 5568 imperatorem,
1946 5505 2012 5556 ut

371 5585 588 5658 gratias
619 5583 1178 5657 ageret.adiisset,in
1209 5585 1570 5642 Chersonem
1603 5604 1926 5658 regressus,
1959 5595 2017 5646 et

376 5690 544 5730 sacra
573 5689 774 5729 secum
805 5672 1102 5743 deferens,
1134 5674 1197 5730 in
1227 5675 1421 5731 reditu
1450 5674 1512 5732 in
1541 5674 1786 5734 ﬂuvium
1821 5676 2015 5734 Dana-

375 5764 511 5838 prin
530 5765 853 5838 projectus,
886 5764 1064 5823 vitam
1084 5765 1169 5822 ibi
1201 5765 1409 5824 ﬁnivit.

2124 4689 2405 4760 λεότησεν.
2465 4686 2616 4748 Μετᾶ
2691 4685 2748 4743 δὲ
2813 4687 2914 4756 τὴν
2990 4687 3156 4744 αὐτοῦ
3209 4686 3469 4760 τελευτὴν
3524 4690 3775 4758 ἰλθόντες

2119 4779 2399 4856 Εὐγὲνιος,
2458 4774 2858 4852 Ἀγαθόδωρος,
2933 4778 3234 4850 Καπήτων,
3310 4778 3404 4836 καὶ
3462 4779 3771 4858 Ἐλπίδιος⁹

2121 4869 2414 4945 ὶκήρυττον
2464 4866 2558 4922 τὸν
2609 4866 2863 4941 Χριστόν.
2913 4864 3017 4923 Καὶ
3063 4868 3350 4931 συστάντες
3406 4869 3459 4924 οἱ
3488 4868 3766 4942 Ἕλληνες

2120 4959 2433 5014 ἀπέκτειναν
2501 4955 2725 5018 αὐτοὺς.
2802 4954 2950 5014 Μετᾶ
3011 4952 3070 5011 δὲ
3137 4959 3304 5012 ταῦτα
3367 4957 3646 5032 ἀπεστάλη
3713 4963 3766 5037 ιε

2119 5042 2517 5118 Ἱεροσολύμων
2581 5041 2854 5117 Αἷθὲριος·
2939 5041 3027 5096 καὶ
3124 5040 3256 5100 ίδὼν
3340 5047 3436 5102 τοῦ
3501 5042 3638 5102 λαοῦ
3703 5049 3769 5106 τὸ

2121 5130 2326 5208 ἄγριον,
2384 5128 2696 5207 προσῆλθεν
2739 5134 2820 5202 τῷ
2872 5129 3113 5206 Μεγάλῳ
3169 5121 3557 5208 Κωνσταντίνῳ
3605 5135 3658 5191 iv
3689 5141 3769 5210 τῷ

2121 5223 2400 5296 Βυζαντίῳ
2467 5221 2594 5277 τότέ
2673 5219 3040 5297 βασιλεύοντι,
3121 5222 3212 5278 καὶ
3285 5222 3529 5300 ᾐτήσατο
3583 5226 3770 5300 αὐτὸν,

2120 5311 2210 5368 καὶ
2243 5309 2590 5386 ἐδιώχθησαν
2651 5308 2710 5365 ἐκ
2765 5317 2863 5380 τῆς
2923 5311 3211 5386 Χερσῶνος
3244 5312 3297 5368 οἱ
3350 5310 3771 5389 είδωλοκατραι.

2124 5399 2320 5462 Κτίσας
2379 5397 2437 5456 δὲ
2497 5395 2815 5469 ἐκκλησίας,
2865 5394 3028 5454 πάλιν
3086 5399 3397 5475 προσῆλθεν
3444 5406 3526 5475 τῷ
3558 5403 3776 5478 βασιλεῖ

2124 5488 2482 5566 εὐχαριστῶν.
2546 5487 2650 5545 Καὶ
2706 5485 2828 5561 ἱερά
2886 5480 3071 5542 λαϐὼν
3126 5488 3254 5563 παρ’
3309 5488 3498 5561 αὑτοῦ,
3547 5489 3780 5566 ἐπανήρ-

2125 5599 2258 5656 χετο
2287 5579 2425 5654 πρὸς
2483 5580 2760 5652 Χερσῶνα.
2816 5576 2912 5631 Καὶ
2947 5575 3001 5631 iv
3031 5581 3112 5648 τῷ
3162 5575 3577 5655 ίπανίρχεσθαι,
3607 5580 3775 5658 ἀπερ-

2125 5668 2255 5746 ρίφη
2316 5667 2394 5732 είς
2447 5667 2540 5724 τὸν
2600 5666 2868 5741 Δανάπριν
2925 5664 3191 5739 ποταμόν,
3246 5665 3338 5722 καί
3385 5666 3498 5724 ἐκεῖ
3523 5666 3772 5742 τελευτᾷ.
