4074 6192
349 437 479 496 345

906 569 1086 623 MHNI
1123 572 1211 622 ΤΩ
1248 567 1468 624 ἈΥΤΩ.

433 743 704 816 ’Δθλησις
732 749 839 800 τῶν
869 746 1040 820 ἁγίων
1077 661 1364 820 μαέεὗρων
1395 747 1502 798 τῶν
1536 743 1586 796 ἐν
1622 737 1936 813 Σεϐαστείᾳ.

436 866 495 918 Oi
526 868 623 920 τοῦ
672 867 913 939 Χριστοῦ
969 861 1366 938 τεσσαράκοντα
1425 863 1716 937 μάρτυρες,
1777 859 1836 914 ἐκ
1891 855 2014 913 δια-

357 955 542 1032 φόρων
571 955 753 1008 τόπων
814 952 1176 1029 ὑπάρχοντες,
1234 952 1285 1006 ἐν
1349 951 1670 1024 ἐπιτάγματι
1731 947 2016 1025 ἐστρατεῦ-

357 1066 485 1099 οντο
518 1043 606 1099 ἐπὶ
638 1051 737 1113 τῆς
798 1042 1074 1118 βασιλείας
1133 1042 1431 1098 Λικιννίου.
1493 1043 1590 1096 Διά
1649 1039 1706 1096 δὲ
1763 1042 1824 1096 τὸ
1884 1041 2014 1097 εἶναι

359 1133 710 1208 Χριστιανοὶ,
740 1135 1092 1206 κρατηθέντες
1135 1131 1238 1188 ὑπὸ
1295 1130 1662 1207 Ἀγρικολάου
1716 1131 2016 1206 ἡγεμόνος,

356 1223 633 1297 παρόντος
687 1224 775 1277 καὶ
832 1226 932 1278 τοῦ
988 1220 1202 1288 δουκὸς,
1260 1221 1628 1296 ἠναγκάζοντο
1688 1225 1840 1285 θῦσαι
1899 1226 2015 1284 τοῖς

362 1311 645 1374 εἰδώλοις.
680 1312 784 1368 Καὶ
819 1313 895 1385 μὴ
929 1313 1266 1386 πειθόμενοι,
1298 1311 1477 1375 λίθοις
1511 1313 1578 1364 τά
1609 1312 1851 1384 στόματα
1883 1331 2016 1364 συν-

366 1397 686 1474 ετρίϐησαν.
720 1402 849 1458 Εἶτα
889 1399 941 1456 ἐν
1003 1396 1118 1474 ὥρᾳ
1174 1404 1468 1475 χειμερινῇ
1526 1399 1724 1475 γυμνοὶ
1773 1399 1858 1454 ἐπὶ
1919 1406 2019 1469 τῆς

370 1491 584 1565 λίμνης
614 1496 692 1563 τῷ
722 1490 872 1565 κρύει
930 1489 1299 1565 παγωθείσης,
1358 1489 1446 1544 καὶ
1506 1488 2021 1565 κρυσταλλωθείσης

363 1579 828 1650 κατεδικάσθησαν
864 1578 1101 1635 ἵστασθαι
1137 1578 1207 1634 δι’
1241 1578 1380 1648 ὅλης
1435 1585 1538 1648 τῆς
1592 1580 1806 1640 νυκτός.
1860 1580 2024 1636 Ἔνθα

369 1673 492 1732 ἐνὸς
532 1670 1045 1745 λιποψυχήσαντος,
1095 1668 1183 1723 καί
1214 1669 1350 1743 πρὸς
1404 1669 1466 1723 τὸ
1516 1667 1751 1738 πλησίον
1788 1668 2020 1743 λουτρὸν

375 1759 709 1834 δραμόντος,
764 1759 852 1814 καὶ
905 1763 974 1833 τῇ
1034 1761 1209 1832 θερμῇ
1269 1757 1638 1827 διαλυθέντος,
1673 1759 1700 1812 6
1741 1758 2023 1837 φυλάττων

372 1852 572 1914 αὐτοὺς
608 1850 994 1926 καπικλάριος,
1032 1848 1159 1905 ῗδὼν
1194 1849 1246 1920 ἐξ
1285 1850 1520 1925 οὐρανοῦ
1569 1847 1861 1926 στεφάνους
1889 1871 2020 1905 κατ-

1876 430 1939 490 Μ
1949 428 2259 490 ARTIUS.

2046 563 2102 631 Α

3653 421 3775 482 346

2696 563 2936 618 EODEM
2979 561 3208 616 MENSE

2798 654 2901 708 Die
2934 669 3095 707 nona

2303 730 2585 783 Certamen
2613 733 2928 782 sanctorum
2976 731 3284 796 martyrum
3331 724 3596 778 Sebastes.

2195 847 2595 919 Quadraginta
2616 845 2830 900 Christi
2856 850 3146 916 martyres
3173 859 3242 896 ex
3265 841 3512 895 diversis
3543 833 3778 892 oriundi

2125 937 2272 992 locis
2304 935 2525 990 Licinio
2585 935 2919 1005 imperante
2979 933 3037 986 in
3098 930 3357 985 exercitu
3418 926 3775 983 militabant.

2122 1024 2289 1091 Quod
2319 1029 2516 1079 autem
2547 1022 2860 1077 Christiani
2888 1026 3108 1082 essent,
3142 1019 3248 1072 sub
3286 1016 3593 1089 Agricolae
3627 1032 3777 1085 pree-

2125 1114 2273 1181 side,
2308 1119 2599 1185 praesente
2631 1112 2809 1166 etiam
2841 1110 3011 1176 duce,
3044 1107 3484 1178 comprehensi,
3520 1109 3577 1159 et
3607 1103 3780 1158 idolis

2127 1211 2460 1269 sacrificare
2492 1210 2701 1272 coacti,
2728 1225 2862 1264 cum
2898 1208 2957 1262 id
2997 1208 3188 1262 facere
3217 1207 3584 1267 recusarent,
3617 1202 3779 1272 ipso-

2127 1318 2257 1357 rum
2292 1316 2395 1354 ora
2425 1297 2723 1370 lapidibus
2773 1303 3022 1353 contusa
3065 1296 3249 1350 fuere.
3285 1290 3506 1347 Deinde
3565 1289 3775 1344 hiemis

2130 1398 2395 1462 tempore
2429 1389 2488 1442 in
2521 1387 2736 1460 rigenti
2770 1385 3196 1458 congelatoque
3230 1388 3433 1454 stagno
3467 1379 3610 1434 nudi
3642 1395 3782 1450 per—

2131 1485 2372 1536 noctare
2394 1476 2549 1548 jussi
2578 1481 2734 1530 sunt.
2796 1475 2881 1529 Ibi
2931 1490 3064 1528 cum
3097 1488 3273 1537 unus,
3314 1469 3408 1524 cui
3438 1469 3672 1523 animus
3703 1467 3776 1522 ad

2131 1579 2313 1650 frigus
2342 1573 2654 1630 ferendum
2688 1572 2999 1638 defecerat,
3024 1571 3085 1625 in
3118 1569 3453 1641 proximum
3496 1565 3779 1620 balneum

2132 1667 2437 1731 desiliens,
2471 1664 2664 1718 calore
2710 1667 2954 1717 necatus
2999 1659 3227 1727 fuisset,
3259 1657 3484 1729 janitor
3517 1653 3616 1725 qui
3650 1653 3783 1707 illos

2133 1755 2523 1821 custodiebat,
2547 1754 2752 1808 videns
2765 1767 3012 1807 coronas
3037 1767 3213 1821 super
3233 1764 3441 1803 novem
3461 1762 3526 1801 ac
3544 1744 3784 1818 triginta

2133 1851 2424 1916 martyres
2457 1843 2912 1907 descendentes,
2935 1855 3238 1909 unamque
3270 1852 3551 1892 coronam
3583 1850 3785 1904 super-

376 1940 721 2016 ερχομὲνους
751 1925 994 2000 ἐπὶίτοὺς
1038 1940 1330 2014 τριάκοντα
1387 1938 1538 1994 ἐννέα
1597 1925 1892 2014 μάρτυρας,
1939 1937 2024 1993 καί

2140 1957 2286 1999 esse.
2321 1955 2451 2010 qua)
2485 1936 2758 1992 exstincti
2792 1933 3002 1989 militis
3027 1933 3244 1994 fuerat,
3303 1927 3582 1984 detractis
3611 1925 3784 1980 vesti-

367 2029 466 2086 ἕνα
513 2030 771 2108 στέφανον
825 2028 1196 2104 περιτεύοντα,
1257 2030 1314 2090 ὅς
1377 2027 1440 2094 ἦν
1494 2031 1590 2083 τοῦ
1649 2025 2016 2096 διαλθυὲντος,

373 2117 744 2191 ἐκδυσάμενος
777 2115 1124 2193 προσεδραμε
1178 2122 1295 2179 τοῖς
1352 2117 1547 2191 ἁγίοις,
1605 2117 1695 2171 καὶ
1753 2116 2025 2172 ἐπίστευσε

368 2214 456 2280 τῷ
488 2213 732 2280 Χριστῷ.
763 2210 858 2280 Τῷ
889 2204 948 2262 δὲ
980 2206 1146 2280 πρωΐ,
1181 2208 1256 2268 ὡς
1288 2206 1558 2284 ἐφάνησκν
1609 2207 1660 2260 oi
1695 2207 1788 2280 μὶν
1840 2209 2021 2270 θανέν-

369 2319 484 2366 τες,
521 2299 574 2352 οἱ
608 2296 666 2352 δὲ
697 2294 776 2352 ἔτι
808 2295 1153 2370 ἒμπνέοντες,
1187 2295 1270 2351 ἐπὶ
1318 2297 1409 2351 τὸν
1460 2294 1706 2371 αἰγιαλὸν
1749 2296 2024 2371 ἀχθέντες,

373 2387 470 2442 καὶ
525 2387 594 2441 τά
651 2384 821 2456 σκὲλη
879 2386 1220 2459 θλασθὲντες,
1272 2384 1355 2440 ἐπὶ
1445 2386 1662 2460 ἁμαξῶν
1751 2384 2024 2455 ἐτέθησαν,

368 2477 464 2533 καὶ
494 2475 790 2554 ἐρρίφησαν
833 2475 884 2531 ἐν
945 2479 1025 2548 τῷ
1080 2478 1336 2548 ποταμῷ·
1397 2475 1485 2530 καὶ
1546 2472 1718 2531 οὕτως
1774 2472 2027 2530 ἐτελειώ-

369 2577 564 2636 θησαν.

936 2673 1114 2729 ΜΗΝΙ
1151 2676 1237 2726 ’ῙὩ
1276 2675 1469 2728 ΑΥΤΩ.

1180 2761 1218 2816 1.

363 2851 640 2922 Ἀθλησις
695 2855 807 2905 τῶν
893 2847 1062 2937 ἁγίων
1121 2867 1487 2938 ,μαρτυρωνν
1532 2846 1830 2936 Κ-οδράτου,
1921 2850 2025 2905 Κυ-

763 2917 1016 2995 πριανοῦ,
1047 2921 1138 2976 καὶ
1157 2917 1276 2976 ’τῶν
1307 2917 1399 2976 σ’ὺν
1431 2917 1634 2982 αὐτοῖς.

381 3041 389 3046 ’
449 3042 573 3097 Ἐπὶ
616 3044 719 3106 τῆς
788 3037 1065 3114 βασιλείας
1122 3040 1334 3108 Δεκίου,
1387 3036 1636 3114 διωγμοῦ
1692 3035 2024 3108 κινηθέντος,

369 3133 569 3192 πάντες
600 3131 654 3184 oi
715 3130 1053 3204 Χριστιανοὶ,
1108 3130 1160 3183 oi
1221 3131 1313 3201 μὶν
1373 3128 1736 3202 κρατούμενοι
1796 3128 2030 3204 ἀπεσφά-

370 3227 550 3290 ζοντο,
587 3221 636 3273 οἱ
674 3216 730 3273 δὲ
758 3218 1039 3296 φεύγοντες
1069 3217 1121 3272 ἐν
1169 3224 1286 3279 τοῖς
1343 3214 1520 3290 ὄρεσιν
1570 3217 2024 3291 κατεκρύπτοντο,

2133 2030 2244 2084 bus
2276 2028 2350 2083 ad
2376 2032 2610 2082 sanctos
2652 2039 3030 2096 procurrens,
3086 2021 3147 2074 in
3180 2018 3476 2073 Christum
3510 2014 3780 2071 credidit.

2135 2125 2208 2178 Ut
2237 2122 2362 2177 dies
2388 2120 2604 2183 illuxit,
2629 2135 2760 2174 cum
2791 2118 2849 2171 hi
2875 2114 3116 2187 quidem
3146 2111 3491 2176 exanimati,
3526 2109 3611 2162 illi
3644 2124 3782 2160 vero

2134 2214 2327 2270 adhuc
2359 2213 2652 2284 spirantes
2683 2209 3118 2281 apparuissent,
3155 2205 3228 2260 ad
3262 2204 3452 2275 ripam
3494 2197 3781 2272 perducti,

2133 2306 2335 2362 fractis
2367 2305 2631 2377 ipsorum
2654 2302 2946 2368 cruribus,
2971 2304 3270 2372 postremo
3293 2292 3574 2367 plaustris
3598 2292 3784 2362 impo-

2135 2398 2254 2464 siti,
2288 2396 2347 2451 in
2379 2393 2773 2467 proﬂuentem
2804 2388 3055 2461 projecti
3105 2391 3264 2454 sunt,
3297 2389 3474 2454 atque
3514 2381 3597 2436 ita
3625 2395 3784 2436 mar-

2143 2485 2364 2558 tyrium
2395 2484 2906 2539 cousummarunt.

2704 2659 2942 2717 EODEM
2984 2656 3214 2714 MENSE

2139 2831 2231 2885 II
2293 2831 2576 2885 Certamen
2630 2748 3316 2888 εαησιιότῖῗυὲϐῗίιῗτῇψντη
3385 2814 3630 2880 Codrati,
3685 2811 3782 2882 Cy-

2631 2910 2845 2986 priani,
2903 2916 2956 2966 et
3004 2910 3289 2965 sociorum.

2208 3030 2540 3099 Imperante
2575 3023 2747 3078 Decio
2779 3036 2912 3075 cum
2967 3015 3299 3090 persecutio
3354 3016 3517 3069 mota
3557 3010 3786 3074 fuisset,

2136 3115 2453 3176 Christiani
2485 3129 2692 3169 omnes
2732 3116 2834 3167 aut
2862 3109 3018 3180 capti
3076 3104 3514 3167 mactabantur,
3567 3104 3668 3155 aut
3697 3099 3785 3153 fu-

2137 3210 2364 3283 gientes
2390 3207 2451 3260 in
2500 3202 2803 3259 montibus
2834 3199 2908 3254 ad
2966 3204 3200 3268 tempus
3245 3190 3784 3248 abscondebantur.

365 3307 469 3372 ἓως
501 3312 722 3382 καιροῦ.
760 3279 1012 3384 ᾧυγοῦσα
1044 3305 1102 3362 δὲ
1134 3307 1221 3361 καὶ
1254 3309 1288 3376 ἡ
1328 3279 1511 3380 μητηρ
1540 3279 1906 3380 Κοδράτου,ἐκ
1924 3279 2024 3375 τῆς

2142 3279 2306 3354 ἷΓιιιιο
2338 3296 2519 3351 etiam
2549 3298 2739 3348 mater
2789 3288 3023 3344 Codrati
3074 3303 3143 3341 ex
3174 3283 3318 3339 urbe
3350 3279 3787 3336 Corinthiorum

367 3397 591 3458 πόλεως
634 3396 963 3472 ὑπάπχουσα
999 3396 1325 3470 Κορινθίων,
1359 3395 1601 3464 ἀπῆλθεν
1635 3395 1710 3458 εἰς
1763 3397 1826 3450 τὸ
1873 3393 2018 3466 ὅρος,

369 3488 460 3543 καὶ
488 3488 914 3562 κατεκρόπτετο.
949 3485 1100 3543 Ἐπεὶ
1137 3481 1194 3539 δὲ
1223 3488 1287 3554 ἦν
1322 3483 1538 3562 ἔφκυος,
1573 3484 1850 3561 ἐγέννησεν
1882 3485 2020 3555 υίὸν,

371 3577 692 3648 ὀνομάσασα
721 3575 881 3630 αὐτὸν
917 3573 1218 3650 Κοδράτον.
1252 3575 1387 3631 Εἶτα
1416 3574 1602 3649 ὀλίγον
1665 3570 2020 3645 ἐπιϐιώσασα,

371 3665 716 3736 ἐτελεύτησε,
776 3662 1152 3719 καταλιποῦσα
1198 3665 1288 3718 τὸν
1346 3665 1459 3718 υἱὸν
1554 3665 1767 3740 βρέφος.
1841 3665 2023 3724 Ὅστις

372 3755 626 3832 ἰτρὲκρετο
656 3755 760 3809 ὕπὸ
789 3758 895 3809 τῶν
931 3755 1527 3829 νεφῶΨσυνισταμένων
1562 3753 1645 3808 ἐπ’
1703 3753 1885 3824 αὐτὸν,
1931 3753 2021 3809 καὶ

370 3845 712 3914 ποτιζόντων
742 3843 922 3899 αὐτόν.
957 3844 1251 3918 Προϊόντος
1277 3840 1334 3898 δὲ
1361 3847 1462 3897 τοῦ
1520 3843 1746 3918 χρόνου,
1788 3843 2020 3920 ἐγνώρι-

369 3955 464 3989 σαν
485 3933 650 3988 αὖτόν
683 3953 826 3994 τινες
857 3930 964 4002 ἤδη
1024 3930 1295 3986 νεανίσκον
1352 3932 1664 4007 γενόμενον·
1712 3932 1802 3987 καὶ
1851 3933 2023 4008 ἀπήρ-

374 4034 547 4090 χοντο
581 4015 720 4088 πρὸς
759 4012 938 4067 αὐτόν⁸
1000 4013 1075 4066 ὧν
1133 4013 1267 4083 ᾖσαν
1323 4013 1653 4085 Κυπριανὸς,
1721 4014 2020 4085 Διονύσιος,

370 4106 659 4170 Ἀνεκτος,
697 4099 914 4162 Παῦλος
969 4100 1058 4156 καὶ
1108 4102 1359 4175 Κρίσκης.
1423 4103 1601 4175 Ἥρχε
1648 4098 1705 4154 δὲ
1747 4102 1960 4157 πάντων
1994 4103 2022 4157 6

373 4195 532 4267 ἅγιος
568 4189 868 4264 Κοδράτος,
901 4189 990 4244 καὶ
1023 4186 1294 4245 ἐδίδασκεν
1352 4188 1546 4251 αὐτοὺς
1592 4191 1692 4257 τήν
1739 4189 2021 4260 ἀληθειαν.

375 4282 527 4337 Μετὰ
561 4278 619 4334 δὲ.
646 4301 768 4335 τινα
803 4285 1004 4354 χρόνον
1036 4279 1138 4333 ὑπὸ
1167 4283 1274 4332 τῶν
1314 4275 1733 4352 εἰδωλολατρῶν
1790 4275 2025 4350 διαϐλη-

377 4369 558 4434 θέντες
605 4374 686 4442 τῷ
743 4366 993 4443 ἄρχοντι,
1053 4367 1143 4422 καὶ
1203 4368 1576 4440 κρατηθέντες,
1637 4366 1884 4442 ἤχθησαν
1946 4369 2022 4431 είς

380 4460 664 4530 Κόρινθον·
735 4458 825 4512 καὶ
909 4457 1334 4531 βασανισθέντες,
1419 4456 1509 4510 καὶ
1589 4456 1754 4532 μέχρι
1831 4457 2023 4520 τέλους

374 4548 470 4603 τὸν
531 4547 766 4621 Χριστὸν
837 4544 1319 4620 ἁνακηρύττοντες,
1402 4545 1497 4606 τὰς
1579 4545 1816 4623 κεφαλὰς
1890 4547 2026 4601 ἁπε-

374 4638 490 4709 τμή
498 4647 688 4704 θησαν.

541 4751 641 4807 Καὶ
673 4749 905 4821 ἄθλησις
935 4755 1034 4806 τοῦ
1065 4751 1220 4827 ἁγίου
1256 4750 1530 4827 μάρτυρος
1564 4753 1868 4810 Διονυσίου.

380 4870 687 4940 Διονύσιος,
721 4870 749 4924 6
782 4872 881 4924 τοὺ
933 4870 1168 4942 Χριστοῦ
1228 4869 1454 4942 μάρτυς,
1517 4868 1764 4943 ὑπῆρχεν
1813 4869 1910 4942 μὶν
1959 4869 2030 4930 εἷς

381 4963 494 5013 τῶν
549 4959 932 5032 γνωρισάντων
988 4958 1081 5013 τὸν
1139 4958 1295 5032 ἅγιον
1377 4953 1672 5032 Κοδράτον,
1731 4959 1820 5013 καὶ
1897 4957 2034 5032 πρὸς

383 5047 548 5102 αὐτὸν
584 5048 1001 5122 ἀπερχομένων.
1036 5047 1396 5119 Κατεμηνῦθη
1431 5043 1488 5101 δὲ
1525 5047 1604 5119 τῷ
1651 5044 1879 5122 ἃρχοντι
1931 5053 2031 5115 τῆς

381 5136 607 5200 πόλεως
641 5136 926 5211 Κορίνθου,
973 5136 1151 5191 ὅτιτὸ
1206 5136 1300 5208 μὶν
1351 5137 1675 5213 πρόσταγμα
1719 5143 1824 5191 τῶν
1878 5138 2034 5212 βασι-

381 5225 531 5281 λέων
567 5226 630 5281 οὗ
661 5231 974 5302 πειθαρχεῖ,
1034 5227 1125 5280 καὶ
1181 5229 1289 5280 τῶν
1353 5225 1622 5301 μεγίστων
1683 5231 1817 5290 θεῶν
1875 5246 2036 5280 κατα-

380 5320 598 5393 ῳρονεῖ·
650 5311 832 5390 ἓτερον
895 5312 952 5370 δὲ
1001 5335 1122 5371 τινα
1190 5314 1443 5390 κηρύττει
1520 5315 1648 5370 θεὸν
1703 5314 2040 5386 ἐσταυρωμέ-

377 5426 502 5476 νον,
540 5404 716 5477 λὲγων
747 5405 830 5458 δτι
879 5402 1038 5466 αὐτός
1098 5403 1237 5458 ἐστιν
1290 5405 1316 5456 6
1371 5405 1606 5473 ποιήσας
1653 5404 1744 5458 τὸν
1791 5402 2036 5478 οὐρανὸν,

377 5494 469 5550 καὶ
501 5495 602 5562 τήν
657 5500 785 5567 γῆν,
842 5490 936 5547 καί
991 5493 1088 5560 τήν
1149 5490 1440 5562 θάλασσαν,
1495 5492 1585 5546 καὶ
1636 5490 1810 5546 πάντα
1862 5493 1929 5546 τὰ
1984 5491 2036 5546 ἐν

384 5585 606 5648 αὐτοῖς,
638 5583 666 5636 6
697 5581 787 5636 καὶ
823 5579 1045 5654 μέλλων
1077 5578 1254 5634 ἐλθεῖν
1311 5579 1362 5651 ἐξ
1412 5581 1646 5654 οὐρανοῦ
1708 5581 1843 5654 μετὰ
1882 5577 2039 5651 δόξης

386 5677 499 5745 κρῖ·
534 5692 591 5725 αι
624 5675 826 5740 ζῶντας
881 5668 970 5724 καὶ
1026 5667 1272 5744 νεκροὺς,
1327 5669 1419 5724 καὶ
1475 5665 1772 5724 ἀποδοῦναι
1831 5668 2040 5742 ἑκάστῳ

376 5763 528 5819 κατὰ
585 5763 666 5827 τὰ,
709 5756 837 5841 ἔργα
891 5760 1077 5821 αὐτοῦ.
1133 5763 1296 5827 Ὅθεν
1353 5762 1640 5839 κρατηθείς
1716 5760 1805 5817 καὶ
1865 5760 2040 5825 δεθεὶς

2137 3386 2412 3453 oriunda,
2440 3385 2575 3454 fuga
2591 3382 2812 3452 elapsa,
2838 3377 2997 3433 venit
3020 3378 3079 3430 in
3105 3379 3389 3435 montem,
3415 3373 3472 3423 et
3493 3369 3554 3422 in
3586 3366 3790 3420 lateris

2136 3475 2324 3547 degit:
2361 3479 2418 3527 et
2438 3475 2578 3545 quia
2597 3486 2908 3543 praegnans
2932 3474 3076 3531 erat,
3101 3462 3330 3536 peperit
3362 3459 3572 3523 ﬁlium,
3609 3471 3784 3526 quem

2136 3544 2836 3626 Codratuminominavit,
2870 3573 2978 3611 nec
3019 3555 3119 3610 diu
3150 3556 3355 3623 postea
3381 3547 3542 3612 vixit,
3574 3544 3785 3600 relicto

2138 3659 2260 3715 ﬁlio
2292 3656 2483 3712 adhuc
2506 3651 2730 3708 infante
2763 3651 3015 3702 mortua.
3050 3641 3432 3697 Nutriebatur
3453 3641 3650 3692 autem
3683 3632 3784 3686 ille

2137 3765 2170 3804 a
2201 3745 2457 3802 nubibus
2489 3757 2666 3814 supra
2697 3739 2891 3810 ipsum
2919 3731 3288 3796 coeuntibus,
3315 3734 3373 3783 et
3401 3741 3615 3796 aquam
3640 3723 3783 3777 atTe-

2136 3839 2426 3904 rentibus,
2471 3841 2793 3909 potumque
2827 3831 2878 3884 ei
2936 3824 3363 3900 prmbentibus.
3423 3817 3786 3874 Procedente

2136 3947 2273 3986 vero
2301 3907 2566 4000 tempore
2624 3940 2760 3980 cum
2809 3926 3045 3975 aetatem
3095 3912 3423 3987 juvenilem
3471 3907 3783 3978 attigisset,

2138 4024 2540 4094 cognoverunt
2560 4031 2696 4071 eum
2720 4011 2927 4082 aliqui,
2961 4014 3018 4062 et
3037 4005 3108 4061 ad
3133 4020 3268 4059 eum
3295 4001 3694 4061 accesserunt,
3719 4010 3788 4048 ex

2140 4087 2353 4185 quibus
2385 4112 2555 4163 erant
2582 4103 2929 4174 Cyprianus,
2955 4095 3290 4167 Dyonisius,
3323 4094 3600 4153 Anectus,
3634 4087 3788 4139 Pau-

2139 4202 2248 4266 las,
2309 4205 2366 4252 et
2413 4199 2733 4250 Crescens:
2796 4205 2946 4260 quos
2996 4200 3202 4240 omnes
3254 4178 3493 4250 regebat
3538 4179 3780 4228 sanctus

2138 4260 2443 4352 Codratus,
2479 4290 2535 4338 et
2568 4282 2870 4336 veritatem
2903 4273 3168 4329 docebat.
3201 4272 3338 4322 Post
3368 4261 3610 4333 aliquod
3640 4260 3777 4352 dein

2139 4385 2373 4448 tempus
2385 4347 2458 4428 ab
2481 4371 2776 4426 idolorum
2795 4361 3119 4421 cultoribus
3134 4355 3332 4414 traditi
3356 4359 3494 4408 sunt
3515 4347 3775 4421 praasidi,

2141 4476 2198 4526 et
2225 4440 2403 4522 vincti
2460 4463 2805 4519 Corinthum
2864 4452 3236 4517 adducti;ac
3285 4447 3422 4502 dein
3471 4440 3783 4498 tormentis

2143 4560 2413 4632 subjecti,
2447 4573 2580 4613 cum
2614 4568 2801 4623 usque
2832 4549 2906 4606 ad
2939 4548 3118 4603 ﬁnem
3161 4541 3461 4597 Christum
3501 4532 3790 4608 praedica-

2060 4666 2104 4731 ι)
2136 4658 2289 4719 rent,
2334 4649 2524 4721 capite
2555 4644 2712 4718 plexi
2739 4647 2897 4698 sunt.

2141 4919 2412 5002 sanctum
2441 4940 2756 4995 Codratum
2789 4929 3204 5005 cognoverunt,
3230 4927 3289 4977 et
3315 4919 3388 4976 ad
3420 4933 3555 4974 eum
3591 4928 3795 4968 acces-

2143 5042 2366 5095 serunt.
2401 5031 2675 5089 Proditus
2695 5003 2952 5094 vero,_ad
2981 5021 3294 5095 praesidem
3324 5012 3490 5069 urbis
3519 5003 3783 5064 Corinthi

2144 5131 2434 5188 adductus
2484 5130 2593 5191 est,
2645 5120 2806 5193 quod
2860 5117 3140 5175 mandato
3195 5111 3621 5181 imperatorum
3669 5113 3789 5154 non

2145 5223 2432 5285 obediret,
2465 5237 2534 5275 ac
2561 5232 2807 5288 magnos
2837 5213 2979 5268 deos
3010 5206 3452 5266 contemneret;
3487 5197 3671 5254 alium
3693 5208 3791 5245 ve—

2146 5332 2212 5371 ro
2243 5315 2419 5370 deum
2451 5310 2796 5367 crucifixum
2821 5303 3188 5377 praedicaret.
3215 5293 3616 5352 dicens.hunc
3639 5302 3790 5348 esse,

2149 5409 2248 5480 qui
2282 5407 2422 5462 fecit
2451 5404 2661 5460 cmlum
2696 5407 2754 5456 et
2782 5406 3021 5456 terram.
3056 5400 3114 5448 et
3135 5407 3318 5448 mare.
3349 5394 3406 5442 et
3435 5383 3636 5439 omnia
3659 5394 3789 5450 quae

2149 5498 2210 5552 in
2242 5497 2326 5551 eis
2349 5499 2505 5561 sunt,
2565 5491 2785 5562 quique
2819 5505 2849 5543 e
2906 5486 3052 5542 ccelo
3109 5486 3389 5536 venturus
3447 5476 3602 5529 esset
3654 5481 3788 5523 cum

2149 5585 2355 5658 gloria,
2388 5589 2453 5638 ut
2474 5557 2772 5653 iudicaret
2801 5576 2956 5630 vivos
3001 5579 3060 5628 et
3101 5576 3384 5630 mortuos,
3417 5567 3476 5617 et
3517 5557 3791 5658 redderet

2149 5673 2474 5744 unicuique
2497 5667 2823 5724 secundum
2842 5679 3022 5736 opera
3046 5676 3169 5714 sua.
3193 5659 3378 5721 Quare
3401 5644 3788 5744 comprehen-

2153 5726 2356 5831 is},
2377 5726 2634 5816 vinculis
2664 5726 3042 5816 constrictus,
3075 5747 3239 5803 stetit
3268 5754 3464 5799 coram
3512 5726 3783 5804 praeside.
