4104 6196
332 398 448 461 347

1610 401 2050 462 MENOLOGII
2087 405 2298 468 PARS
2343 406 2448 469 Ill.

3617 412 3747 474 348

329 541 387 591 et
416 536 737 609 urgebatur
782 534 957 592 modo
989 532 1293 593 blanditis.
1327 533 1503 589 modo
1538 534 1717 590 minis
1777 536 1976 591 Chris-

2093 537 2336 612 ἁλύσεσι,
2376 544 2616 617 παρὲστη
2677 548 2756 616 τῷ
2812 545 3064 620 ἄρχοντι,
3126 542 3216 602 καὶ
3279 546 3748 622 κατηναγκάζετο¹

331 633 458 685 tum
515 647 729 703 negare
766 673 779 695 ,
841 634 898 683 et
957 626 1131 681 idolis
1200 628 1574 683 sacrificare:
1639 628 1743 683 sed
1802 629 1985 699 priori

332 723 636 795 proposito
669 722 999 786 adhaerens,
1026 725 1084 774 et
1112 720 1411 775 Christum
1430 736 1645 794 magna
1673 738 1811 776 voce
1842 738 1983 776 con-

335 815 532 881 ﬂtens,
590 812 785 886 gladio
835 812 1254 884 interemptus,
1295 812 1648 885 martyrium
1704 829 1986 870 consum-

332 902 535 958 mavit.

894 1084 1136 1141 EODEM
1164 1085 1415 1142 MENSE.

938 1178 1041 1234 Die
1062 1176 1381 1234 undecima

505 1271 544 1325 ‘l
561 1271 607 1327 2
639 1271 924 1325 Certamen
952 1271 1132 1325 sancti
1158 1270 1577 1339 sacromartyris
1605 1270 1814 1328 Pionii.

403 1358 654 1412 Sanctus
694 1356 805 1411 iste
841 1354 1173 1426 imperante
1206 1354 1383 1410 Decio
1414 1354 1724 1427 presbyter
1752 1359 1881 1411 erat
1921 1355 1984 1410 in

334 1455 541 1507 sancta
568 1449 836 1520 Smyrnae
866 1447 1148 1504 Ecclesia.
1172 1452 1313 1503 Cum
1346 1452 1545 1504 autem
1565 1447 1797 1503 Judaaos
1829 1449 1982 1505 Gras-

331 1558 550 1614 cosque
572 1539 1055 1614 reprehenderet,
1084 1541 1275 1612 iisque
1301 1556 1370 1596 ex
1391 1540 1712 1611 Scripturis
1737 1540 1983 1596 demon-

330 1636 546 1688 straret
570 1646 758 1687 unum
782 1646 912 1686 esse
944 1645 1147 1686 verum
1171 1630 1356 1686 Deum
1376 1630 1645 1686 omnium
1671 1629 1982 1697 factorem,

333 1726 393 1775 et
435 1720 811 1793 unigenitum
863 1719 995 1791 ejus
1048 1718 1263 1774 Filium
1318 1720 1518 1775 Jesum
1573 1719 1895 1787 Christum,
1928 1723 1987 1774 et

333 1810 616 1883 Spiritum
646 1816 918 1867 sanctum
943 1827 957 1866 :
990 1810 1415 1882 adjiceretque,
1438 1810 1511 1865 ab
1543 1809 1751 1866 eodem
1772 1827 1984 1883 pecca-

2096 630 2227 683 ποτε
2255 631 2350 703 μὲν
2382 634 2716 701 κολακείαις,
2750 635 2881 690 ποτὶ
2912 633 2970 691 δὶ
3001 634 3255 699 ἀπειλαῖς
3289 636 3742 712 άρνήσασθαιεμὶν

2094 720 2348 793 Χριστὸν,
2374 723 2461 777 καὶ
2494 725 2649 778 Θῦσαι
2677 729 2796 789 τοῖς
2834 722 3110 788 εῗδώλοις.
3166 726 3266 782 Καὶ
3320 732 3420 794 τῆς
3473 726 3742 800 προτερας

2094 806 2386 872 ἐνστάσεως
2441 811 2737 889 ἐχόμενος,
2794 814 2883 868 καὶ
2966 813 3197 888 Χριστὸν
3284 813 3577 891 ὁμολογῶν
3638 834 3743 888 με·

2091 894 2235 973 γάλη
2297 898 2473 977 φωνῇ,
2527 902 2809 979 ἀπεσφάγη
2898 902 3167 980 μαχαίρᾳ,
3219 902 3310 960 καὶ
3395 902 3571 967 οὕτως
3626 901 3744 960 ἑτε-

2093 983 2325 1057 λειώθη.

2642 1082 2824 1141 MUNI
2860 1082 2952 1139 ΤΩ
2990 1085 3185 1141 ΑΠὨ.

2875 1182 2953 1237 ΙΔ

2269 1262 2541 1336 Ἀθλησις
2569 1270 2667 1323 τοῦ
2696 1266 2851 1341 ἁγίου
2881 1268 3278 1345 ίερομάρτυρος
3316 1269 3563 1329 Πιονίου.

2164 1364 2264 1421 Καὶ
2300 1361 2700 1439 οῦτοςὸἅγιος
2758 1364 2846 1421 ἰπὶ
2906 1373 3006 1435 τῆς
3067 1366 3349 1443 βασιλείας
3403 1369 3471 1438 ἦν
3531 1367 3745 1437 Δεκίου,

2093 1448 2459 1529 πρεσϐύτερος
2486 1461 2587 1524 τῆς
2621 1454 2673 1510 ἰν
2708 1455 2934 1531 Σμύρνῃ
2964 1455 3118 1533 ἁγίας
3148 1455 3503 1529 Ἐκκλησίας.
3550 1457 3744 1533 Ἐλέγ-

2094 1561 2211 1618 χων
2245 1540 2303 1597 δὲ
2331 1542 2631 1606 Ἰουδαίους
2660 1545 2753 1600 καὶ
2810 1543 3106 1616 Ἓλληνας,
3155 1547 3247 1602 καὶ
3290 1547 3489 1603 πείθων
3544 1547 3743 1612 αὐτοὺς

2093 1632 2198 1688 ὰπὸ
2227 1637 2335 1689 τῶν
2368 1638 2619 1713 Γραφῶν,
2649 1635 2734 1691 ὅτι
2767 1636 2841 1697 εἷς
2900 1636 3068 1709 μόνος
3126 1636 3238 1693 ἰστὶ
3294 1639 3425 1700 Θεὸς
3479 1636 3742 1709 ἀληθινὸς

2092 1722 2121 1779 ὁ
2149 1720 2217 1777 τὰ
2244 1721 2415 1777 πάντα
2470 1724 2728 1794 ποιήσας,
2782 1725 2874 1779 καὶ
2931 1726 2961 1780 ὁ
3022 1727 3330 1802 μονογενὴς
3383 1727 3548 1782 αὐτοῦ
3611 1728 3741 1792 Υἱὸς

2091 1812 2305 1879 Ἰησοῦς
2336 1812 2588 1886 Χριστὸς,
2617 1814 2707 1869 καί
2738 1814 2801 1868 τὸ
2830 1817 3051 1887 Πνεῦμα
3078 1815 3141 1870 τὸ
3197 1817 3371 1891 ἅγιον,
3423 1817 3514 1872 καὶ
3563 1838 3738 1892 προσ-

331 1909 490 1960 tores
519 1921 728 1960 omnes
759 1908 819 1960 et
846 1903 1121 1960 infideles
1166 1903 1529 1960 cruciatibus
1576 1903 1982 1975 subjiciendos

2093 1901 2255 1963 τιθεὶς
2285 1900 2371 1956 ἀτι
2430 1902 2625 1965 πάντες
2692 1904 2745 1958 οἱ
2802 1902 3126 1978 ἁμαρτωλοὶ
3182 1905 3275 1961 καὶ
3334 1906 3550 1963 ἄπιστοι
3606 1908 3739 1984 παρ’

328 1994 476 2058 fore,
501 1994 743 2065 ignique
772 1994 1136 2065 sempiterno
1156 1994 1540 2060 addicendos,
1574 1993 1753 2065 idque
1784 2009 1979 2049 exem-

329 2083 427 2157 plo
460 2083 614 2155 ignis
647 2083 1012 2150 Sodomitici,
1046 2084 1293 2155 ejusque
1325 2084 1425 2156 qui
1458 2084 1520 2139 in
1551 2083 1751 2139 Sicilia
1782 2099 1982 2138 erum-

326 2176 436 2251 pit,
467 2176 808 2233 ostenderet
831 2194 844 2245 ;
867 2193 989 2233 una
1009 2193 1146 2234 cum
1167 2176 1302 2233 aliis
1327 2177 1679 2233 Christianis
1709 2192 1982 2248 compre-

328 2269 551 2324 hensus
582 2268 654 2323 ab
686 2268 981 2324 idolarum
1037 2267 1388 2335 cultoribus,
1448 2268 1707 2340 primum
1740 2266 1982 2338 quidem

328 2358 580 2414 vinculis
612 2358 987 2426 constrictus,
1021 2357 1328 2414 Polemoni
1359 2358 1655 2413 idolorum
1688 2355 1983 2412 sacerdoti

330 2451 612 2522 urbisque
643 2452 906 2522 Smyrna;
928 2450 1183 2522 principi
1210 2451 1460 2507 traditus
1488 2450 1634 2507 fuit:
1662 2448 1878 2506 deinde
1907 2447 1981 2503 ab

333 2544 406 2599 iis
436 2544 511 2599 ad
541 2544 802 2617 regionis
858 2544 1175 2615 praesidem
1230 2543 1543 2610 adductus,
1600 2543 1782 2614 hujus
1804 2542 1982 2613 jussu

333 2633 668 2690 durissimis
689 2634 1035 2689 verberibus
1053 2634 1319 2700 aﬂ‘ectus,
1338 2639 1399 2688 et
1426 2633 1487 2687 in
1510 2632 1834 2704 equuleum
1852 2646 1981 2685 sus-

333 2741 554 2797 pensus
585 2729 694 2785 est.
730 2724 1103 2796 lampadibus
1135 2724 1290 2797 ignis
1318 2724 1503 2779 latera
1518 2723 1838 2779 ustulatus.
1868 2723 1979 2777 Po-

335 2820 555 2871 stremo
588 2832 656 2871 ex
684 2814 939 2887 equuleo
971 2814 1298 2886 depositus,
1331 2820 1390 2868 et
1419 2815 1481 2869 in
1511 2813 1821 2869 ardentem
1851 2811 1981 2866 for-

334 2922 543 2961 nacem
575 2905 851 2977 injectus,
882 2905 945 2961 in
994 2906 1261 2961 oratione
1321 2903 1673 2975 martyrium
1703 2917 1981 2958 consum-

334 2999 532 3056 mavit.

332 3111 400 3167 Et
428 3111 690 3165 memoria
707 3112 885 3165 sancti
915 3110 1098 3165 Patris
1127 3108 1308 3165 nostri
1332 3109 1652 3179 Sophronii,
1701 3107 1983 3179 archiepi-

807 3201 958 3269 scopi
985 3197 1504 3269 Hierosolymorum.

2090 1991 2253 2046 αὐτοῦ
2282 1994 2787 2065 τιμωρηθήεονται,
2836 1993 2927 2049 καὶ
2986 1994 3118 2068 πυρὶ
3175 1995 3384 2069 αἶ’ωνίῳ
3429 1993 3742 2070 παραδοθή-

2088 2099 2294 2147 σονται,
2325 2080 2413 2135 καὶ
2443 2084 2604 2136 τοῦτο
2638 2077 2807 2150 δῆλον
2853 2080 2913 2136 ἐκ
2957 2086 3054 2137 τοῦ
3100 2080 3497 2157 Σοδομητιλοῦ
3543 2084 3740 2160 πυρὸς,

2088 2168 2178 2224 καὶ
2231 2173 2328 2224 τοῦ
2384 2166 2438 2225 ἂν
2499 2168 2728 2242 Σικελίᾳ
2810 2169 3207 2247 ἄνερχομὲνουυ
3291 2172 3564 2249 ἐκρατήθη
3637 2174 3740 2230 ὑπὸ

2086 2262 2196 2313 τῶν
2255 2255 2675 2331 εἷδωλολατρὼν
2736 2260 2872 2332 μετὰ
2926 2260 3017 2316 καί
3099 2260 3293 2336 ἑτέρων
3379 2264 3741 2337 Χριστιανῶν.

2090 2348 2192 2405 Καὶ
2224 2352 2441 2422 πρῶτον
2475 2348 2573 2421 μὶν
2626 2345 2904 2424 παρεδόθη
2958 2347 3243 2425 δεδεμένος
3292 2351 3514 2407 ἁλύσεσι
3561 2350 3739 2408 Πολὲ-

2092 2457 2235 2509 μωνι
2265 2440 2345 2508 τῷ
2367 2440 2475 2491 τῶν
2511 2434 2747 2493 είδαλων
2782 2438 2937 2509 ἱερεῖ,
2967 2439 3058 2495 καὶ
3086 2444 3166 2512 τῷ
3191 2447 3291 2510 τῆς
3311 2439 3527 2504 πόλεως
3552 2443 3738 2517 Σμύρ-

2089 2547 2187 2596 νης
2216 2526 2468 2600 ἄρχοντι.
2501 2529 2731 2583 Ἔπειτα
2760 2528 2887 2604 παρ’
2919 2526 3141 2584 ἐκτίνων
3182 2532 3479 2606 προσήχθη
3526 2535 3607 2603 τῷ
3636 2538 3737 2601 πῆς

2087 2614 2278 2688 χώρας
2304 2615 2561 2689 ἡγεμόνι.
2592 2616 2655 2673 Ὀ
2687 2614 2747 2672 δὲ
2776 2618 3004 2692 ἡγεμών
3037 2612 3224 2694 ἔτυψεν
3259 2618 3419 2675 αὐτὸν
3464 2618 3735 2697 σφοδρῶς’

2086 2706 2176 2759 καί
2211 2702 2298 2759 ἐπὶ
2330 2703 2495 2774 ξύλου
2528 2703 2821 2778 κρεμάσας,
2855 2708 3105 2780 Ααμπάσι
3146 2709 3317 2783 πυρὸς
3361 2709 3459 2772 τὰς
3496 2708 3737 2783 πλευρὰς

2088 2794 2257 2849 αὐτοῦ
2285 2792 2631 2870 κατέφλεξεν.
2662 2794 2794 2851 Εἶτα
2822 2794 2930 2851 ἀπὸ
2984 2802 3084 2853 τοῦ
3132 2796 3299 2870 ξύλου
3346 2794 3737 2871 καταϐιϐάσας,

2087 2881 2177 2938 καὶ
2235 2882 2464 2954 κάμινον
2520 2882 2727 2957 ἀνάψεις
2783 2883 3054 2961 μεγάλην,
3112 2881 3363 2944 ὶνέϐαλεν
3446 2888 3609 2946 αὐτὸν
3651 2889 3734 2953 εἷς

2087 2970 2277 3043 αὐτήν.
2308 2971 2372 3028 ’0
2404 2968 2461 3027 δὲ
2489 2968 2647 3048 ἅγιος
2676 2973 2730 3029 ἐν
2762 2973 2900 3048 αύτῇ
2930 2978 3377 3053 προσευχόμενος
3417 2975 3738 3050 ἐτελειώθη.

2088 3104 2293 3177 Μνήμη
2352 3107 2467 3186 τοῦ.
2508 3101 2561 3159 ἐν
2620 3104 2796 3186 ἁγίοις
2850 3106 3059 3186 Πατρὸς
3118 3107 3316 3186 κῇμῶν
3414 3106 3739 3186 Σωφρονίου

2443 3176 2879 3250 ἇρχιεπισκόπου
2910 3176 3336 3251 Ἰεροσολύμων.

403 3290 651 3345 Sanctus
677 3291 852 3344 Pater
880 3294 1085 3344 noster
1114 3287 1480 3360 Saphronius
1502 3302 1571 3341 ex
1594 3285 1741 3340 urbe
1763 3285 1975 3340 Dama-

2162 3274 2614 3352 Σωφρόνιοςὸὶν
2670 3275 2845 3351 ἁγίοις
2906 3278 3091 3350 Ηατήρ
3144 3280 3329 3350 ⁴ἡμῶν,
3388 3277 3576 3355 γέγονε
3640 3280 3738 3355 μὶν

332 3395 429 3434 sco
462 3376 522 3431 in
547 3376 850 3448 provincia
870 3375 1188 3431 Phoenicia;
1211 3374 1501 3447 originem
1521 3370 1719 3439 traxit,
1743 3372 1977 3443 piorum

330 3480 400 3519 ac
429 3462 891 3535 temperantiam
931 3466 1243 3534 parentum
1276 3461 1456 3515 ﬁlius.
1490 3459 1634 3513 Cum
1665 3473 1801 3512 vero
1830 3474 1980 3529 pras-

329 3549 508 3605 stanti
532 3549 814 3620 praeditus
850 3553 1007 3604 esset
1020 3548 1282 3621 ingenio,
1296 3547 1631 3601 universam
1646 3544 1983 3599 Graecorum

332 3640 389 3688 et
414 3634 887 3688 Christianorum
915 3634 1195 3704 scriptam
1239 3632 1570 3688 doctrinam
1604 3629 1829 3685 didicit.
1863 3628 1984 3684 Ma-

329 3718 428 3790 gni
471 3718 689 3772 deinde
745 3717 1059 3773 Theodosii
1115 3716 1428 3773 mandram
1485 3715 1727 3787 delegit,
1781 3714 1985 3783 inqua

329 3803 667 3858 universam
707 3801 923 3856 evolvit
969 3802 1353 3872 Scripturam.
1408 3800 1676 3856 Posthac
1726 3800 1984 3855 Alexan-

330 3889 523 3945 driam
554 3887 857 3961 profectus
887 3892 996 3952 est,
1030 3886 1337 3957 amplioris
1369 3886 1723 3941 eruditionis
1750 3902 1984 3958 compa-

332 3980 536 4038 randas
559 3978 755 4035 studio
785 3978 1020 4033 ductus.
1055 3980 1304 4049 Propter
1330 3978 1662 4033 doctrinam
1686 3978 1907 4049 itaque,
1928 3982 1988 4033 et

332 4075 613 4132 eximiam
627 4072 813 4145 ipsius
825 4070 1101 4126 virtutem
1114 4072 1429 4143 episcopus
1446 4070 1983 4142 Hierosolymorum

329 4168 521 4226 factus
557 4171 664 4222 est.
723 4164 939 4220 Sancta
994 4164 1215 4220 deinde
1268 4164 1499 4220 civitate
1557 4171 1748 4236 capta,
1778 4182 1987 4222 rursus

332 4260 794 4318 Alexandrinam
824 4258 898 4314 ad
926 4266 1199 4314 sanctum
1228 4260 1513 4314 Joannem
1561 4257 1986 4331 Eleemosyna-

332 4352 488 4408 rium
520 4350 686 4418 abiit,
711 4364 899 4421 eoque
929 4349 1046 4403 vita
1074 4349 1297 4411 functo,
1331 4348 1546 4404 iterum
1579 4348 1988 4420 Hierosolyma

332 4457 638 4514 regressus
660 4445 768 4495 est.
795 4440 939 4494 Cum
970 4445 1168 4495 autem
1196 4438 1599 4509 plureslibros
1621 4439 1985 4510 composuiso

334 4536 443 4599 set,
475 4531 960 4599 diversorumque
992 4532 1335 4584 sanctorum
1383 4528 1658 4583 encomia
1705 4543 1983 4600 persecu-

335 4625 429 4673 tus
460 4618 687 4684 fuisset,
708 4623 768 4672 et
788 4618 964 4672 vitam
988 4622 1209 4673 sanctas
1231 4617 1424 4671 Marias
1444 4617 1726 4673 humanm
1754 4623 1981 4673 natura;

333 4706 556 4761 viribus
587 4706 876 4775 majorem
916 4705 1391 4776 conscripsisset,
1448 4721 1685 4778 gregem
1744 4722 1979 4779 quoque

335 4797 611 4856 Ecclesiae
645 4797 745 4853 Dei
779 4798 1001 4869 optime
1060 4797 1326 4853 duxisset
1376 4803 1436 4853 et
1464 4798 1873 4871 gubernasset,
1905 4800 1981 4857 ad

335 4894 687 4959 Domenum,
722 4906 899 4964 quem
929 4896 1251 4962 optaverat,
1288 4891 1350 4947 in
1380 4907 1522 4965 pace
1547 4891 1838 4966 migravit.

901 5010 1143 5067 EODEM
1163 5010 1415 5067 MENSE.

912 5101 1016 5159 Die
1053 5102 1409 5162 duodecima

336 5195 438 5253 18
469 5194 733 5252 Memoria
761 5197 942 5251 sancti
989 5195 1171 5250 Patris
1223 5198 1398 5251 nostri
1455 5194 1816 5267 Theophanis,
1843 5212 1982 5253 con-

794 5288 1016 5356 fessoris
1044 5288 1101 5341 in
1128 5302 1331 5356 magno
1356 5286 1520 5356 Agre.

408 5376 659 5432 Sanctus
708 5376 883 5431 Pater
932 5381 1139 5431 noster
1211 5374 1621 5446 Theophanes,
1680 5373 1982 5432 nobilibus

337 5470 515 5539 atque
545 5465 941 5537 locupletibus
984 5464 1327 5537 parentibus
1357 5470 1532 5520 natus
1574 5469 1740 5537 patre
1770 5464 1981 5521 defun-

338 5561 453 5621 cto,
487 5572 520 5610 a
547 5561 738 5611 matre
780 5554 1063 5611 educatus
1110 5554 1241 5610 fuit.
1303 5560 1610 5610 Annorum
1669 5553 1981 5611 duodecim

334 5647 547 5717 factus,
608 5649 823 5721 puellm
876 5648 1208 5721 desponsus
1251 5652 1361 5711 est.
1427 5664 1605 5719 quam
1664 5665 1799 5705 cum
1857 5648 1981 5704 suis

337 5737 855 5798 adhortationibus
884 5737 959 5796 ad
1000 5736 1349 5796 servandam
1376 5736 1772 5811 virginitatem
1801 5739 1979 5799 indu-

2088 3363 2195 3421 άπὸ
2226 3371 2326 3434 τῆς
2356 3363 2547 3441 χώρας
2579 3365 2869 3437 Φοινίκης,
2908 3365 3127 3432 πόλεως
3176 3363 3236 3422 δὶ
3283 3373 3596 3440 Δαμασκοῦ,
3644 3370 3736 3425 εύ-

2087 3449 2260 3511 σεϐὥν
2290 3454 2382 3509 καὶ
2430 3453 2727 3532 σωφρόνων
2785 3453 2989 3529 γονέων
3041 3455 3181 3519 υἱός.
3239 3455 3460 3535 Εύφυής
3515 3454 3575 3514 δὲ
3636 3456 3735 3531 ὢν,

2088 3539 2285 3616 ἔμαθεν
2335 3550 2506 3599 πᾶσαν
2558 3541 2873 3613 Ελληνικήν
2922 3543 3012 3599 καὶ
3062 3547 3451 3620 Χριστιανικήν
3494 3549 3732 3625 γραφήν.

2090 3633 2221 3689 Εἶτα
2246 3632 2346 3699 τὴν
2403 3628 2640 3706 μάνδραν
2694 3635 2792 3686 τοῦ
2852 3630 3095 3705 μεγάλου
3148 3630 3442 3689 Θεοδοσίου
3496 3634 3735 3692 κατελα-

2090 3716 2204 3793 ϐεν,
2237 3721 2289 3778 ἰν
2426 3726 2598 3777 πᾶσαν
2660 3718 2854 3791 διῆλθε
2904 3725 3147 3801 Γραφήν.
3197 3724 3429 3781 Ἔπειτα
3488 3724 3578 3780 ἰπὶ
3633 3727 3737 3796 τὴν

2089 3809 2496 3887 Ἀλεξάνδρειαν
2528 3807 2768 3881 ἀπῆλθε,
2822 3807 3080 3875 πλείονος
3131 3814 3385 3889 γνώσεως
3432 3812 3737 3893 ἱερώμενος

2091 3898 2183 3956 διὰ
2211 3897 2271 3957 δὶ
2318 3902 2418 3969 τήν
2477 3905 2699 3977 γνῶσιν,
2764 3898 2854 3955 καὶ
2910 3902 3011 3971 τὴν
3075 3897 3526 3976 ὑπερϐάλλουσαν
3575 3904 3742 3962 αὐτοῦ

2088 3990 2286 4065 ἀρετὴν
2363 3989 2657 4051 ἆπίσκοπος
2736 3990 3139 4066 Ἰεροσολύμων
3222 3991 3449 4067 γίνεται.
3508 3997 3628 4064 Τῆς
3684 3992 3742 4051 δδ

2091 4080 2248 4155 ἁγίας
2302 4080 2520 4143 πόλεως
2605 4080 3098 4155 πολιορκηθείσης,
3182 4080 3348 4139 πάλιν
3408 4083 3488 4148 είς
3546 4084 3738 4157 Ἀλεξ-

2091 4165 2339 4243 άνδρειαν
2397 4169 2535 4239 πρὸς
2590 4168 2682 4224 τὸν
2741 4169 2894 4245 ἅγιον
2954 4170 3215 4241 Ἰωάννην
3264 4171 3358 4228 τὸν
3427 4172 3740 4247 Ἐλεήμονα

2090 4255 2410 4332 ἀπέρχεται,
2469 4256 2560 4312 καὶ
2621 4258 2755 4330 μετὰ
2807 4256 3070 4327 τελευτήν
3130 4258 3340 4316 {niveo
3416 4261 3582 4318 πάλιν
3660 4261 3737 4325 εἲς

2089 4344 2444 4420 Ἱεροσόλυμα
2474 4345 2819 4424 {mon-piget,
2851 4344 3083 4411 Πολλὰς
3114 4345 3171 4404 δὲ
3224 4345 3454 4423 βίϐλους
3503 4371 3741 4427 συγγρα-

2090 4436 2355 4509 ψάμενος,
2430 4436 2518 4491 καὶ
2577 4432 2873 4509 διαφόρους
2964 4438 3160 4511 ἁγίους
3244 4437 3592 4513 ἐγκωμιάσας
3647 4439 3739 4497 καί

2091 4524 2300 4588 συνθείς
2351 4524 2416 4581 τὸ
2474 4524 2605 4599 ύπὶρ
2664 4524 2950 4598 ἄνθρωπον
3013 4522 3264 4602 διήγημα
3310 4533 3409 4584 τοῦ
3468 4529 3591 4605 βίου
3639 4537 3743 4601 τῆς

2091 4615 2243 4677 ὁσίας
2275 4615 2505 4690 Μαρίας,
2535 4614 2625 4669 καὶ
2685 4613 2868 4677 καλῶς
2913 4615 2977 4671 τὸ
3025 4618 3284 4690 ποίμνιον
3321 4622 3424 4683 τῆς
3469 4622 3569 4675 τοῦ
3606 4624 3741 4676 Θεοῦ

2092 4702 2421 4775 Ἐκκλησίας
2455 4706 2874 4779 χειραγωγησας
2907 4704 2996 4759 καὶ
3029 4703 3235 4777 ἷθύνας,
3272 4705 3325 4763 ἑν
3361 4706 3551 4785 εἰρήνῃ
3603 4711 3740 4783 πρὸς

2090 4793 2313 4869 Κύριον,
2344 4794 2402 4850 δν
2435 4791 2722 4866 ἰπόθησεν,
2754 4790 3108 4868 ἰξεδήμησεν.

2647 5000 2826 5059 Ilan
2861 5004 2950 5056 ΤΩ
2984 5002 3185 5061 ΑΥΤΩ.

2875 5092 2943 5150 ῙΒ

2093 5192 2306 5265 Μνήμη
2341 5192 2466 5270 ,τοῦ
2517 5189 2685 5270 ὁσίου
2726 5191 2937 5270 Harpe:
2965 5258 2994 5270 _
3018 5192 3193 5270 ἡμῶν⁵
3264 5191 3586 5270 Θεοφάνους,
3644 5200 3742 5255 τοῦ

2334 5261 2688 5339 ὁμολογητοῦ
2712 5262 2808 5317 τοῦ
2838 5258 2890 5318 iv
2919 5258 2999 5336 τῷ
3033 5258 3260 5340 μεγάλῳ
3289 5258 3489 5343 Ἀγρῷ.

2164 5378 2443 5456 Θεοφάνης
2475 5378 2503 5434 ὁ
2534 5375 2683 5440 ὅσιος
2713 5377 2899 5453 Πατὴρ
2931 5380 3119 5452 ἡμῶν,
3174 5379 3421 5457 ὑπῆρχεν
3474 5382 3591 5447 υίὸς
3639 5405 3739 5460 γο..

2089 5468 2226 5525 νέων
2260 5466 2492 5544 εὐγενῶν
2549 5468 2640 5524 καὶ
2692 5465 2991 5526 πλουσίων.
3048 5466 3488 5541 Τελευτήσαντος
3536 5469 3595 5529 δὶ
3641 5478 3743 5531 τοῦ

2090 5558 2316 5634 πατρὸς,
2383 5556 2446 5626 ἦν
2508 5557 2940 5637 ἁνατρεφόμενος
2997 5558 3146 5631 παρὰ
3197 5565 3301 5628 τῆς
3358 5562 3591 5637 μητρός.
3642 5569 3741 5620 Γε-

2089 5647 2321 5720 νόμενος
2352 5642 2411 5702 δὲ
2440 5643 2803 5717 δωδεκαετής,
2835 5647 3168 5723 συνεζεύχθη
3208 5650 3446 5725 γυναικῒ,
3480 5651 3573 5707 καὶ
3616 5652 3740 5709 πεί-

2092 5754 2188 5801 σας
2215 5734 2385 5806 αὐτὴν
2440 5733 2529 5793 διὰ
2581 5744 2683 5811 τῆς
2741 5734 3093 5803 διδασκαλίας
3146 5735 3333 5825 αὐτοῦ,
3370 5739 3739 5823 παρθενεύειν,
