  <div class='ocr_page' id='page_1' title='image "/cluster/home/n/w/nwhite01/storage/ocr_20150623/117/hvd.32044073502239/180.png"; bbox 0 0 4074 6192; ppageno 0'>
   <div class='ocr_carea' id='block_1_1' title="bbox 374 448 499 509">
    <p class='ocr_par' dir='ltr' id='par_1_1' title="bbox 374 448 499 509">
     <span class='ocr_line' id='line_1_1' title="bbox 374 448 499 509; baseline 0.016 -2"><span class='ocrx_word' id='word_1_1' title='bbox 374 448 499 509; x_wconf 64' lang='grc'>349</span> 
     </span>
    </p>
   </div>
   <div class='ocr_carea' id='block_1_2' title="bbox 1897 446 2273 509">
    <p class='ocr_par' dir='ltr' id='par_1_2' title="bbox 1897 446 2273 509">
     <span class='ocr_line' id='line_1_2' title="bbox 1897 446 2273 509; baseline 0.003 -3"><span class='ocrx_word' id='word_1_2' title='bbox 1897 446 2273 509; x_wconf 72' lang='lat' dir='ltr'>MAlt&#39;l‘lUS.</span> 
     </span>
    </p>
   </div>
   <div class='ocr_carea' id='block_1_3' title="bbox 3667 456 3787 518">
    <p class='ocr_par' dir='ltr' id='par_1_3' title="bbox 3667 456 3787 518">
     <span class='ocr_line' id='line_1_3' title="bbox 3667 456 3787 518; baseline -0.008 0"><span class='ocrx_word' id='word_1_3' title='bbox 3667 456 3787 518; x_wconf 77' lang='lat'>350</span> 
     </span>
    </p>
   </div>
   <div class='ocr_carea' id='block_1_4' title="bbox 374 576 2027 660">
    <p class='ocr_par' dir='ltr' id='par_1_4' title="bbox 374 576 2027 653">
     <span class='ocr_line' id='line_1_4' title="bbox 374 576 2027 653; baseline -0.001 -19"><span class='ocrx_word' id='word_1_4' title='bbox 374 577 651 653; x_wconf 72' lang='grc' dir='ltr'><strong>ἆπέκηρεν</strong></span> <span class='ocrx_word' id='word_1_5' title='bbox 682 578 849 646; x_wconf 73' lang='grc' dir='ltr'><strong>αὐτὴν</strong></span> <span class='ocrx_word' id='word_1_6' title='bbox 885 576 936 634; x_wconf 66' lang='grc' dir='ltr'><strong>ἓν</strong></span> <span class='ocrx_word' id='word_1_7' title='bbox 977 581 1047 652; x_wconf 77' lang='grc' dir='ltr'><strong>τῇ</strong></span> <span class='ocrx_word' id='word_1_8' title='bbox 1101 580 1201 643; x_wconf 79' lang='grc' dir='ltr'><strong>τῆς</strong></span> <span class='ocrx_word' id='word_1_9' title='bbox 1252 577 1598 653; x_wconf 81' lang='grc' dir='ltr'><strong>Πριγκίππου</strong></span> <span class='ocrx_word' id='word_1_10' title='bbox 1659 576 1822 653; x_wconf 71' lang='grc' dir='ltr'><strong>μονῇ.</strong></span> <span class='ocrx_word' id='word_1_11' title='bbox 1855 577 2027 640; x_wconf 79' lang='grc' dir='ltr'><strong>Αὐτὸς</strong></span> 
     </span>
    </p>
   </div>
   <div class='ocr_carea' id='block_1_5' title="bbox 2140 576 3793 660">
    <p class='ocr_par' dir='ltr' id='par_1_5' title="bbox 2143 580 3793 660">
     <span class='ocr_line' id='line_1_5' title="bbox 2143 580 3793 660; baseline 0.006 -26"><span class='ocrx_word' id='word_1_12' title='bbox 2143 580 2349 644; x_wconf 84' lang='lat' dir='ltr'>xisset,</span> <span class='ocrx_word' id='word_1_13' title='bbox 2368 581 2429 636; x_wconf 90' lang='lat' dir='ltr'>in</span> <span class='ocrx_word' id='word_1_14' title='bbox 2455 581 2816 637; x_wconf 88' lang='lat' dir='ltr'>monasterio</span> <span class='ocrx_word' id='word_1_15' title='bbox 2844 582 3139 654; x_wconf 81' lang='lat' dir='ltr'>Principis</span> <span class='ocrx_word' id='word_1_16' title='bbox 3168 584 3448 642; x_wconf 82' lang='lat' dir='ltr'>totondit.</span> <span class='ocrx_word' id='word_1_17' title='bbox 3480 589 3611 660; x_wconf 87' lang='lat' dir='ltr'>Ipse</span> <span class='ocrx_word' id='word_1_18' title='bbox 3634 606 3793 657; x_wconf 87' lang='lat' dir='ltr'>vero,</span> 
     </span>
    </p>
   </div>
   <div class='ocr_carea' id='block_1_6' title="bbox 376 664 2036 743">
    <p class='ocr_par' dir='ltr' id='par_1_6' title="bbox 376 664 2036 743">
     <span class='ocr_line' id='line_1_6' title="bbox 376 664 2036 743; baseline 0 -21"><span class='ocrx_word' id='word_1_19' title='bbox 376 665 437 723; x_wconf 68' lang='grc' dir='ltr'>δὶ</span> <span class='ocrx_word' id='word_1_20' title='bbox 469 665 753 741; x_wconf 71' lang='grc' dir='ltr'>διανείμας</span> <span class='ocrx_word' id='word_1_21' title='bbox 781 668 876 722; x_wconf 84' lang='grc' dir='ltr'><strong>τὸν</strong></span> <span class='ocrx_word' id='word_1_22' title='bbox 908 667 1145 723; x_wconf 77' lang='grc' dir='ltr'><strong>πλοῦτον</strong></span> <span class='ocrx_word' id='word_1_23' title='bbox 1175 671 1293 729; x_wconf 81' lang='grc' dir='ltr'><strong>τοῖς</strong></span> <span class='ocrx_word' id='word_1_24' title='bbox 1350 668 1600 737; x_wconf 80' lang='grc' dir='ltr'><strong>πένησιν,</strong></span> <span class='ocrx_word' id='word_1_25' title='bbox 1631 664 1885 731; x_wconf 79' lang='grc' dir='ltr'><strong>ἀπελθὼν</strong></span> <span class='ocrx_word' id='word_1_26' title='bbox 1919 665 2036 743; x_wconf 70' lang='grc' dir='ltr'><strong>ἐγε-</strong></span> 
     </span>
    </p>
   </div>
   <div class='ocr_carea' id='block_1_7' title="bbox 373 753 2034 835">
    <p class='ocr_par' dir='ltr' id='par_1_7' title="bbox 373 753 2034 835">
     <span class='ocr_line' id='line_1_7' title="bbox 373 753 2034 835; baseline -0.001 -22"><span class='ocrx_word' id='word_1_27' title='bbox 373 780 498 814; x_wconf 83' lang='grc' dir='ltr'><strong>νετο</strong></span> <span class='ocrx_word' id='word_1_28' title='bbox 532 758 777 835; x_wconf 77' lang='grc' dir='ltr'><strong>μοναχὸς</strong></span> <span class='ocrx_word' id='word_1_29' title='bbox 808 758 861 812; x_wconf 71' lang='grc' dir='ltr'><strong>ὲν</strong></span> <span class='ocrx_word' id='word_1_30' title='bbox 891 761 973 831; x_wconf 76' lang='grc' dir='ltr'><strong>τῷ</strong></span> <span class='ocrx_word' id='word_1_31' title='bbox 1025 764 1127 828; x_wconf 84' lang='grc' dir='ltr'>τῆς</span> <span class='ocrx_word' id='word_1_32' title='bbox 1179 764 1474 833; x_wconf 82' lang='grc' dir='ltr'><strong>Σιγριανῆς</strong></span> <span class='ocrx_word' id='word_1_33' title='bbox 1529 753 1643 832; x_wconf 79' lang='grc' dir='ltr'><strong>ὄρει</strong></span> <span class='ocrx_word' id='word_1_34' title='bbox 1703 754 2034 830; x_wconf 70' lang='grc' dir='ltr'>διακειμένῳ</span> 
     </span>
    </p>
   </div>
   <div class='ocr_carea' id='block_1_8' title="bbox 378 843 2035 923">
    <p class='ocr_par' dir='ltr' id='par_1_8' title="bbox 378 843 2035 923">
     <span class='ocr_line' id='line_1_8' title="bbox 378 843 2035 923; baseline -0.002 -20"><span class='ocrx_word' id='word_1_35' title='bbox 378 846 756 922; x_wconf 77' lang='grc' dir='ltr'><strong>μοναστηρῖῳ.</strong></span> <span class='ocrx_word' id='word_1_36' title='bbox 789 848 1077 922; x_wconf 76' lang='grc' dir='ltr'>Κρατήσας</span> <span class='ocrx_word' id='word_1_37' title='bbox 1140 843 1197 902; x_wconf 78' lang='grc' dir='ltr'>δὶ</span> <span class='ocrx_word' id='word_1_38' title='bbox 1256 845 1538 923; x_wconf 71' lang='grc' dir='ltr'>βασιλείας</span> <span class='ocrx_word' id='word_1_39' title='bbox 1586 846 1736 902; x_wconf 70' lang='grc' dir='ltr'><strong>Λέων</strong></span> <span class='ocrx_word' id='word_1_40' title='bbox 1770 847 1798 902; x_wconf 99' lang='lat'>6</span> <span class='ocrx_word' id='word_1_41' title='bbox 1833 846 2035 921; x_wconf 70' lang='grc' dir='ltr'><strong>Ἀρμέ-</strong></span> 
     </span>
    </p>
   </div>
   <div class='ocr_carea' id='block_1_9' title="bbox 373 928 2034 1010">
    <p class='ocr_par' dir='ltr' id='par_1_9' title="bbox 373 928 2034 1010">
     <span class='ocr_line' id='line_1_9' title="bbox 373 928 2034 1010; baseline -0.002 -20"><span class='ocrx_word' id='word_1_42' title='bbox 373 956 517 994; x_wconf 80' lang='grc' dir='ltr'><strong>νιος.</strong></span> <span class='ocrx_word' id='word_1_43' title='bbox 546 933 928 1010; x_wconf 80' lang='grc' dir='ltr'><strong>Εἷκονομάχος</strong></span> <span class='ocrx_word' id='word_1_44' title='bbox 978 928 1076 1004; x_wconf 79' lang='grc' dir='ltr'>ὥν,</span> <span class='ocrx_word' id='word_1_45' title='bbox 1136 931 1339 1003; x_wconf 74' lang='grc' dir='ltr'><strong>ἤκουσε</strong></span> <span class='ocrx_word' id='word_1_46' title='bbox 1387 934 1512 1009; x_wconf 82' lang='grc' dir='ltr'><strong>περὶ</strong></span> <span class='ocrx_word' id='word_1_47' title='bbox 1557 940 1658 1003; x_wconf 84' lang='grc' dir='ltr'><strong>τῆς</strong></span> <span class='ocrx_word' id='word_1_48' title='bbox 1714 933 1909 1008; x_wconf 82' lang='grc' dir='ltr'><strong>ἀρετῆς</strong></span> <span class='ocrx_word' id='word_1_49' title='bbox 1936 932 2034 987; x_wconf 73' lang='grc' dir='ltr'><strong>τοῦ</strong></span> 
     </span>
    </p>
   </div>
   <div class='ocr_carea' id='block_1_10' title="bbox 373 1022 2034 1102">
    <p class='ocr_par' dir='ltr' id='par_1_10' title="bbox 373 1022 2034 1102">
     <span class='ocr_line' id='line_1_10' title="bbox 373 1022 2034 1102; baseline 0 -23"><span class='ocrx_word' id='word_1_50' title='bbox 373 1025 540 1101; x_wconf 73' lang='grc' dir='ltr'><strong>ἁγίου</strong></span> <span class='ocrx_word' id='word_1_51' title='bbox 603 1025 929 1099; x_wconf 79' lang='grc' dir='ltr'>Θεοφάνους,</span> <span class='ocrx_word' id='word_1_52' title='bbox 964 1024 1052 1080; x_wconf 82' lang='grc' dir='ltr'><strong>καὶ</strong></span> <span class='ocrx_word' id='word_1_53' title='bbox 1092 1023 1421 1102; x_wconf 87' lang='grc' dir='ltr'><strong>προστείλας</strong></span> <span class='ocrx_word' id='word_1_54' title='bbox 1448 1023 1643 1101; x_wconf 70' lang='grc' dir='ltr'><strong>ἤγαγεν</strong></span> <span class='ocrx_word' id='word_1_55' title='bbox 1675 1022 1835 1079; x_wconf 74' lang='grc' dir='ltr'><strong>αὐτὸν</strong></span> <span class='ocrx_word' id='word_1_56' title='bbox 1867 1022 1918 1077; x_wconf 68' lang='grc' dir='ltr'>ἐν</span> <span class='ocrx_word' id='word_1_57' title='bbox 1963 1026 2034 1098; x_wconf 80' lang='grc' dir='ltr'><strong>τῇ</strong></span> 
     </span>
    </p>
   </div>
   <div class='ocr_carea' id='block_1_11' title="bbox 375 1109 2036 1191">
    <p class='ocr_par' dir='ltr' id='par_1_11' title="bbox 375 1109 2036 1191">
     <span class='ocr_line' id='line_1_11' title="bbox 375 1109 2036 1191; baseline -0.002 -23"><span class='ocrx_word' id='word_1_58' title='bbox 375 1113 746 1191; x_wconf 75' lang='grc' dir='ltr'>βασιλευούσῃ</span> <span class='ocrx_word' id='word_1_59' title='bbox 783 1157 797 1185; x_wconf 87' lang='grc'>,</span> <span class='ocrx_word' id='word_1_60' title='bbox 854 1115 1270 1191; x_wconf 75' lang='grc' dir='ltr'><strong>καταναγκάζων</strong></span> <span class='ocrx_word' id='word_1_61' title='bbox 1356 1112 1633 1169; x_wconf 78' lang='grc' dir='ltr'>συνελθεῖν</span> <span class='ocrx_word' id='word_1_62' title='bbox 1706 1115 1776 1186; x_wconf 70' lang='grc' dir='ltr'><strong>τῇ</strong></span> <span class='ocrx_word' id='word_1_63' title='bbox 1832 1109 2036 1186; x_wconf 73' lang='grc' dir='ltr'><strong>αἱρέσει</strong></span> 
     </span>
    </p>
   </div>
   <div class='ocr_carea' id='block_1_12' title="bbox 374 1199 2035 1280">
    <p class='ocr_par' dir='ltr' id='par_1_12' title="bbox 374 1199 2035 1280">
     <span class='ocr_line' id='line_1_12' title="bbox 374 1199 2035 1280; baseline -0.002 -21"><span class='ocrx_word' id='word_1_64' title='bbox 374 1203 565 1261; x_wconf 72' lang='grc' dir='ltr'><strong>αὐτοῦ.</strong></span> <span class='ocrx_word' id='word_1_65' title='bbox 625 1205 716 1274; x_wconf 74' lang='grc' dir='ltr'>Μὴ</span> <span class='ocrx_word' id='word_1_66' title='bbox 770 1203 959 1266; x_wconf 87' lang='grc' dir='ltr'><strong>πείσας</strong></span> <span class='ocrx_word' id='word_1_67' title='bbox 1017 1201 1096 1274; x_wconf 72' lang='grc' dir='ltr'>δὲ,</span> <span class='ocrx_word' id='word_1_68' title='bbox 1156 1207 1374 1280; x_wconf 82' lang='grc' dir='ltr'><strong>πρῶτον</strong></span> <span class='ocrx_word' id='word_1_69' title='bbox 1431 1204 1525 1277; x_wconf 70' lang='grc' dir='ltr'>μὶν</span> <span class='ocrx_word' id='word_1_70' title='bbox 1581 1201 1896 1259; x_wconf 72' lang='grc' dir='ltr'>ἀπέκλεισεν</span> <span class='ocrx_word' id='word_1_71' title='bbox 1958 1199 2035 1264; x_wconf 73' lang='grc' dir='ltr'>εἲς</span> 
     </span>
    </p>
   </div>
   <div class='ocr_carea' id='block_1_13' title="bbox 372 1288 2034 1373">
    <p class='ocr_par' dir='ltr' id='par_1_13' title="bbox 372 1288 2034 1373">
     <span class='ocr_line' id='line_1_13' title="bbox 372 1288 2034 1373; baseline -0.001 -26"><span class='ocrx_word' id='word_1_72' title='bbox 372 1293 651 1373; x_wconf 69' lang='grc' dir='ltr'><strong>φυλακήν.</strong></span> <span class='ocrx_word' id='word_1_73' title='bbox 679 1295 907 1351; x_wconf 78' lang='grc' dir='ltr'><strong>Ἔπειτα</strong></span> <span class='ocrx_word' id='word_1_74' title='bbox 953 1301 1057 1365; x_wconf 82' lang='grc' dir='ltr'><strong>τῆς</strong></span> <span class='ocrx_word' id='word_1_75' title='bbox 1088 1291 1336 1372; x_wconf 75' lang='grc' dir='ltr'>φυλακῆς</span> <span class='ocrx_word' id='word_1_76' title='bbox 1397 1288 1645 1349; x_wconf 72' lang='grc' dir='ltr'><strong>ἐκϐαλὼν</strong></span> <span class='ocrx_word' id='word_1_77' title='bbox 1676 1335 1691 1361; x_wconf 88' lang='grc'>,</span> <span class='ocrx_word' id='word_1_78' title='bbox 1746 1291 1839 1347; x_wconf 82' lang='grc' dir='ltr'>καὶ</span> <span class='ocrx_word' id='word_1_79' title='bbox 1869 1290 2034 1346; x_wconf 78' lang='grc' dir='ltr'><strong>πάλιν</strong></span> 
     </span>
    </p>
   </div>
   <div class='ocr_carea' id='block_1_14' title="bbox 370 1379 2033 1463">
    <p class='ocr_par' dir='ltr' id='par_1_14' title="bbox 370 1379 2033 1463">
     <span class='ocr_line' id='line_1_14' title="bbox 370 1379 2033 1463; baseline -0.005 -19"><span class='ocrx_word' id='word_1_80' title='bbox 370 1385 779 1462; x_wconf 77' lang='grc' dir='ltr'>καταναγκάσας</span> <span class='ocrx_word' id='word_1_81' title='bbox 836 1386 1172 1463; x_wconf 68' lang='grc' dir='ltr'><strong>ἀρνήσασθαι</strong></span> <span class='ocrx_word' id='word_1_82' title='bbox 1227 1386 1329 1455; x_wconf 74' lang='grc' dir='ltr'><strong>τὴν</strong></span> <span class='ocrx_word' id='word_1_83' title='bbox 1373 1388 1483 1440; x_wconf 82' lang='grc' dir='ltr'><strong>τῶν</strong></span> <span class='ocrx_word' id='word_1_84' title='bbox 1541 1386 1750 1439; x_wconf 82' lang='grc' dir='ltr'><strong>σεπτῶν</strong></span> <span class='ocrx_word' id='word_1_85' title='bbox 1811 1379 2033 1437; x_wconf 71' lang='grc' dir='ltr'><strong>εἰκόνων</strong></span> 
     </span>
    </p>
   </div>
   <div class='ocr_carea' id='block_1_15' title="bbox 369 1471 2033 1553">
    <p class='ocr_par' dir='ltr' id='par_1_15' title="bbox 369 1471 2033 1553">
     <span class='ocr_line' id='line_1_15' title="bbox 369 1471 2033 1553; baseline -0.004 -22"><span class='ocrx_word' id='word_1_86' title='bbox 369 1474 742 1553; x_wconf 74' lang='grc' dir='ltr'><strong>προσκύνησιν</strong></span> <span class='ocrx_word' id='word_1_87' title='bbox 779 1519 794 1545; x_wconf 94' lang='grc'>,</span> <span class='ocrx_word' id='word_1_88' title='bbox 856 1474 972 1532; x_wconf 75' lang='grc' dir='ltr'><strong>ὶπεὶ</strong></span> <span class='ocrx_word' id='word_1_89' title='bbox 1058 1475 1205 1552; x_wconf 73' lang='grc' dir='ltr'><strong>ὶώρα</strong></span> <span class='ocrx_word' id='word_1_90' title='bbox 1284 1471 1425 1549; x_wconf 68' lang='grc' dir='ltr'><strong>μηδὲ</strong></span> <span class='ocrx_word' id='word_1_91' title='bbox 1502 1471 1647 1535; x_wconf 71' lang='grc' dir='ltr'><strong>ὅλως</strong></span> <span class='ocrx_word' id='word_1_92' title='bbox 1703 1472 2033 1548; x_wconf 87' lang='grc' dir='ltr'><strong>ἀνεχόμενον</strong></span> 
     </span>
    </p>
   </div>
   <div class='ocr_carea' id='block_1_16' title="bbox 368 1558 2035 1641">
    <p class='ocr_par' dir='ltr' id='par_1_16' title="bbox 368 1558 2035 1641">
     <span class='ocr_line' id='line_1_16' title="bbox 368 1558 2035 1641; baseline -0.004 -20"><span class='ocrx_word' id='word_1_93' title='bbox 368 1570 540 1621; x_wconf 73' lang='grc' dir='ltr'><strong>τοῦτο</strong></span> <span class='ocrx_word' id='word_1_94' title='bbox 564 1566 811 1635; x_wconf 78' lang='grc' dir='ltr'><strong>ἀκοῦσαι,</strong></span> <span class='ocrx_word' id='word_1_95' title='bbox 872 1563 1124 1641; x_wconf 69' lang='grc' dir='ltr'><strong>ἰξώρισεν</strong></span> <span class='ocrx_word' id='word_1_96' title='bbox 1182 1563 1261 1627; x_wconf 78' lang='grc' dir='ltr'>εἷς</span> <span class='ocrx_word' id='word_1_97' title='bbox 1319 1562 1710 1639; x_wconf 62' lang='grc' dir='ltr'><strong>Σαμοθρᾴκην</strong></span> <span class='ocrx_word' id='word_1_98' title='bbox 1767 1558 1892 1626; x_wconf 78' lang='grc' dir='ltr'><strong>ἔνθα</strong></span> <span class='ocrx_word' id='word_1_99' title='bbox 1942 1560 2035 1616; x_wconf 82' lang='grc' dir='ltr'>καὶ</span> 
     </span>
    </p>
   </div>
   <div class='ocr_carea' id='block_1_17' title="bbox 371 1648 2033 1731">
    <p class='ocr_par' dir='ltr' id='par_1_17' title="bbox 371 1648 2033 1731">
     <span class='ocr_line' id='line_1_17' title="bbox 371 1648 2033 1731; baseline -0.002 -20"><span class='ocrx_word' id='word_1_100' title='bbox 371 1654 685 1712; x_wconf 76' lang='grc' dir='ltr'><strong>ἀπελθοντα</strong></span> <span class='ocrx_word' id='word_1_101' title='bbox 713 1656 807 1710; x_wconf 83' lang='grc' dir='ltr'><strong>τὸν</strong></span> <span class='ocrx_word' id='word_1_102' title='bbox 835 1655 1012 1731; x_wconf 74' lang='grc' dir='ltr'><strong>ἅγιον,</strong></span> <span class='ocrx_word' id='word_1_103' title='bbox 1043 1655 1132 1710; x_wconf 76' lang='grc' dir='ltr'><strong>καὶ</strong></span> <span class='ocrx_word' id='word_1_104' title='bbox 1195 1652 1386 1730; x_wconf 80' lang='grc' dir='ltr'><strong>ὀλίγον</strong></span> <span class='ocrx_word' id='word_1_105' title='bbox 1442 1648 1831 1723; x_wconf 77' lang='grc' dir='ltr'><strong>ἰπιϐιώσαντα,</strong></span> <span class='ocrx_word' id='word_1_106' title='bbox 1864 1670 2033 1728; x_wconf 87' lang='grc' dir='ltr'><strong>προσ-</strong></span> 
     </span>
    </p>
   </div>
   <div class='ocr_carea' id='block_1_18' title="bbox 373 1739 916 1819">
    <p class='ocr_par' dir='ltr' id='par_1_18' title="bbox 373 1739 916 1819">
     <span class='ocr_line' id='line_1_18' title="bbox 373 1739 916 1819; baseline -0.004 -17"><span class='ocrx_word' id='word_1_107' title='bbox 373 1739 607 1802; x_wconf 77' lang='grc' dir='ltr'><strong>ελάϐετο</strong></span> <span class='ocrx_word' id='word_1_108' title='bbox 640 1745 668 1800; x_wconf 90' lang='lat'>6</span> <span class='ocrx_word' id='word_1_109' title='bbox 696 1744 916 1819; x_wconf 78' lang='grc' dir='ltr'><strong>Κύριος.</strong></span> 
     </span>
    </p>
   </div>
   <div class='ocr_carea' id='block_1_19' title="bbox 2140 667 3793 743">
    <p class='ocr_par' dir='ltr' id='par_1_19' title="bbox 2140 667 3793 743">
     <span class='ocr_line' id='line_1_19' title="bbox 2140 667 3793 743; baseline 0.007 -20"><span class='ocrx_word' id='word_1_110' title='bbox 2140 667 2529 725; x_wconf 87' lang='lat' dir='ltr'>distributoin</span> <span class='ocrx_word' id='word_1_111' title='bbox 2543 687 2833 743; x_wconf 85' lang='lat' dir='ltr'>pauperes</span> <span class='ocrx_word' id='word_1_112' title='bbox 2854 673 3231 743; x_wconf 87' lang='lat' dir='ltr'>patrimonio,</span> <span class='ocrx_word' id='word_1_113' title='bbox 3259 674 3334 729; x_wconf 89' lang='lat' dir='ltr'>ad</span> <span class='ocrx_word' id='word_1_114' title='bbox 3360 677 3793 734; x_wconf 85' lang='lat' dir='ltr'>monasterium</span> 
     </span>
    </p>
   </div>
   <div class='ocr_carea' id='block_1_20' title="bbox 2136 758 3793 835">
    <p class='ocr_par' dir='ltr' id='par_1_20' title="bbox 2136 758 3793 835">
     <span class='ocr_line' id='line_1_20' title="bbox 2136 758 3793 835; baseline 0.005 -20"><span class='ocrx_word' id='word_1_115' title='bbox 2136 758 2201 815; x_wconf 90' lang='lat' dir='ltr'>in</span> <span class='ocrx_word' id='word_1_116' title='bbox 2233 764 2436 816; x_wconf 90' lang='lat' dir='ltr'>monte</span> <span class='ocrx_word' id='word_1_117' title='bbox 2457 761 2739 833; x_wconf 68' lang='lat' dir='ltr'>Sigrianaa</span> <span class='ocrx_word' id='word_1_118' title='bbox 2771 762 3029 833; x_wconf 87' lang='lat' dir='ltr'>positum</span> <span class='ocrx_word' id='word_1_119' title='bbox 3053 763 3372 835; x_wconf 82' lang='lat' dir='ltr'>profectus,</span> <span class='ocrx_word' id='word_1_120' title='bbox 3407 766 3626 823; x_wconf 85' lang='lat' dir='ltr'>ibidem</span> <span class='ocrx_word' id='word_1_121' title='bbox 3661 785 3793 824; x_wconf 91' lang='lat' dir='ltr'>mo-</span> 
     </span>
    </p>
   </div>
   <div class='ocr_carea' id='block_1_21' title="bbox 2138 850 3791 913">
    <p class='ocr_par' dir='ltr' id='par_1_21' title="bbox 2138 850 3791 913">
     <span class='ocr_line' id='line_1_21' title="bbox 2138 850 3791 913; baseline 0.005 -8"><span class='ocrx_word' id='word_1_122' title='bbox 2138 850 2393 905; x_wconf 90' lang='lat' dir='ltr'>nachum</span> <span class='ocrx_word' id='word_1_123' title='bbox 2424 850 2637 905; x_wconf 88' lang='lat' dir='ltr'>induit.</span> <span class='ocrx_word' id='word_1_124' title='bbox 2672 851 2817 907; x_wconf 90' lang='lat' dir='ltr'>Cum</span> <span class='ocrx_word' id='word_1_125' title='bbox 2858 858 3056 908; x_wconf 87' lang='lat' dir='ltr'>autem</span> <span class='ocrx_word' id='word_1_126' title='bbox 3084 854 3196 909; x_wconf 86' lang='lat' dir='ltr'>Leo</span> <span class='ocrx_word' id='word_1_127' title='bbox 3248 857 3537 911; x_wconf 79' lang='lat' dir='ltr'>Armenus</span> <span class='ocrx_word' id='word_1_128' title='bbox 3586 857 3791 913; x_wconf 65' lang='lat' dir='ltr'>Iconoo</span> 
     </span>
    </p>
   </div>
   <div class='ocr_carea' id='block_1_22' title="bbox 2139 938 3794 1018">
    <p class='ocr_par' dir='ltr' id='par_1_22' title="bbox 2139 938 3794 1018">
     <span class='ocr_line' id='line_1_22' title="bbox 2139 938 3794 1018; baseline 0.004 -24"><span class='ocrx_word' id='word_1_129' title='bbox 2139 939 2386 994; x_wconf 90' lang='lat' dir='ltr'>machus</span> <span class='ocrx_word' id='word_1_130' title='bbox 2426 938 2742 1010; x_wconf 89' lang='lat' dir='ltr'>imperium</span> <span class='ocrx_word' id='word_1_131' title='bbox 2802 942 3112 1013; x_wconf 84' lang='lat' dir='ltr'>tenuisset,</span> <span class='ocrx_word' id='word_1_132' title='bbox 3170 944 3359 999; x_wconf 80' lang='lat' dir='ltr'>sancti</span> <span class='ocrx_word' id='word_1_133' title='bbox 3417 945 3794 1018; x_wconf 84' lang='lat' dir='ltr'>Theophanis</span> 
     </span>
    </p>
   </div>
   <div class='ocr_carea' id='block_1_23' title="bbox 2138 1029 3791 1107">
    <p class='ocr_par' dir='ltr' id='par_1_23' title="bbox 2138 1029 3791 1107">
     <span class='ocr_line' id='line_1_23' title="bbox 2138 1029 3791 1107; baseline 0.006 -24"><span class='ocrx_word' id='word_1_134' title='bbox 2138 1029 2415 1085; x_wconf 82' lang='lat' dir='ltr'>virtutem</span> <span class='ocrx_word' id='word_1_135' title='bbox 2436 1029 2797 1103; x_wconf 81' lang='lat' dir='ltr'>intelligens,</span> <span class='ocrx_word' id='word_1_136' title='bbox 2830 1030 2902 1086; x_wconf 93' lang='lat' dir='ltr'>ad</span> <span class='ocrx_word' id='word_1_137' title='bbox 2916 1031 3125 1087; x_wconf 86' lang='lat' dir='ltr'>urbem</span> <span class='ocrx_word' id='word_1_138' title='bbox 3146 1033 3368 1107; x_wconf 82' lang='lat' dir='ltr'>regiam</span> <span class='ocrx_word' id='word_1_139' title='bbox 3390 1033 3562 1090; x_wconf 90' lang='lat' dir='ltr'>illum</span> <span class='ocrx_word' id='word_1_140' title='bbox 3590 1036 3791 1093; x_wconf 89' lang='lat' dir='ltr'>venire</span> 
     </span>
    </p>
   </div>
   <div class='ocr_carea' id='block_1_24' title="bbox 2132 1119 3793 1194">
    <p class='ocr_par' dir='ltr' id='par_1_24' title="bbox 2132 1119 3793 1194">
     <span class='ocr_line' id='line_1_24' title="bbox 2132 1119 3793 1194; baseline 0.005 -21"><span class='ocrx_word' id='word_1_141' title='bbox 2132 1119 2316 1192; x_wconf 89' lang='lat' dir='ltr'>jussit</span> <span class='ocrx_word' id='word_1_142' title='bbox 2369 1119 2706 1190; x_wconf 89' lang='lat' dir='ltr'>instititque</span> <span class='ocrx_word' id='word_1_143' title='bbox 2753 1125 2819 1175; x_wconf 91' lang='lat' dir='ltr'>ut</span> <span class='ocrx_word' id='word_1_144' title='bbox 2865 1120 3077 1177; x_wconf 61' lang='lat' dir='ltr'>haeresi</span> <span class='ocrx_word' id='word_1_145' title='bbox 3130 1122 3319 1194; x_wconf 90' lang='lat' dir='ltr'>ipsius</span> <span class='ocrx_word' id='word_1_146' title='bbox 3380 1126 3793 1181; x_wconf 88' lang='lat' dir='ltr'>assentiretur.</span> 
     </span>
    </p>
   </div>
   <div class='ocr_carea' id='block_1_25' title="bbox 2141 1207 3794 1285">
    <p class='ocr_par' dir='ltr' id='par_1_25' title="bbox 2141 1207 3794 1285">
     <span class='ocr_line' id='line_1_25' title="bbox 2141 1207 3794 1285; baseline 0.004 -22"><span class='ocrx_word' id='word_1_147' title='bbox 2141 1207 2308 1275; x_wconf 90' lang='lat' dir='ltr'>Quod</span> <span class='ocrx_word' id='word_1_148' title='bbox 2343 1225 2482 1264; x_wconf 89' lang='lat' dir='ltr'>cum</span> <span class='ocrx_word' id='word_1_149' title='bbox 2542 1209 3004 1282; x_wconf 79' lang='lat' dir='ltr'>haudquaquam</span> <span class='ocrx_word' id='word_1_150' title='bbox 3061 1212 3479 1283; x_wconf 88' lang='lat' dir='ltr'>persuasisset,</span> <span class='ocrx_word' id='word_1_151' title='bbox 3533 1215 3794 1285; x_wconf 87' lang='lat' dir='ltr'>primum</span> 
     </span>
    </p>
   </div>
   <div class='ocr_carea' id='block_1_26' title="bbox 2142 1297 3792 1375">
    <p class='ocr_par' dir='ltr' id='par_1_26' title="bbox 2142 1297 3792 1375">
     <span class='ocr_line' id='line_1_26' title="bbox 2142 1297 3792 1375; baseline 0.004 -23"><span class='ocrx_word' id='word_1_152' title='bbox 2142 1297 2383 1370; x_wconf 86' lang='lat' dir='ltr'>quidem</span> <span class='ocrx_word' id='word_1_153' title='bbox 2413 1298 2696 1354; x_wconf 61' lang='lat' dir='ltr'>custodias</span> <span class='ocrx_word' id='word_1_154' title='bbox 2726 1298 2896 1354; x_wconf 86' lang='lat' dir='ltr'>illum</span> <span class='ocrx_word' id='word_1_155' title='bbox 2941 1299 3170 1355; x_wconf 88' lang='lat' dir='ltr'>includi</span> <span class='ocrx_word' id='word_1_156' title='bbox 3228 1300 3566 1357; x_wconf 86' lang='lat' dir='ltr'>mandavit:</span> <span class='ocrx_word' id='word_1_157' title='bbox 3598 1308 3733 1375; x_wconf 89' lang='lat' dir='ltr'>post</span> <span class='ocrx_word' id='word_1_158' title='bbox 3761 1320 3792 1359; x_wconf 83' lang='grc' dir='ltr'>θ</span> 
     </span>
    </p>
   </div>
   <div class='ocr_carea' id='block_1_27' title="bbox 2142 1386 3794 1461">
    <p class='ocr_par' dir='ltr' id='par_1_27' title="bbox 2142 1386 3794 1461">
     <span class='ocr_line' id='line_1_27' title="bbox 2142 1386 3794 1461; baseline 0.003 -18"><span class='ocrx_word' id='word_1_159' title='bbox 2142 1402 2378 1443; x_wconf 87' lang='lat' dir='ltr'>carcere</span> <span class='ocrx_word' id='word_1_160' title='bbox 2410 1386 2687 1443; x_wconf 89' lang='lat' dir='ltr'>eductum</span> <span class='ocrx_word' id='word_1_161' title='bbox 2719 1404 2929 1443; x_wconf 86' lang='lat' dir='ltr'>rursus</span> <span class='ocrx_word' id='word_1_162' title='bbox 2950 1388 3199 1461; x_wconf 80' lang='lat' dir='ltr'>urgebat</span> <span class='ocrx_word' id='word_1_163' title='bbox 3226 1394 3294 1444; x_wconf 91' lang='lat' dir='ltr'>ut</span> <span class='ocrx_word' id='word_1_164' title='bbox 3320 1390 3794 1448; x_wconf 80' lang='lat' dir='ltr'>venerandamm</span> 
     </span>
    </p>
   </div>
   <div class='ocr_carea' id='block_1_28' title="bbox 2139 1476 3791 1551">
    <p class='ocr_par' dir='ltr' id='par_1_28' title="bbox 2139 1476 3791 1551">
     <span class='ocr_line' id='line_1_28' title="bbox 2139 1476 3791 1551; baseline 0.002 -20"><span class='ocrx_word' id='word_1_165' title='bbox 2139 1477 2464 1548; x_wconf 82' lang='lat' dir='ltr'>imaginum</span> <span class='ocrx_word' id='word_1_166' title='bbox 2526 1476 2752 1532; x_wconf 91' lang='lat' dir='ltr'>cultum</span> <span class='ocrx_word' id='word_1_167' title='bbox 2810 1478 3112 1548; x_wconf 87' lang='lat' dir='ltr'>ejuraret:</span> <span class='ocrx_word' id='word_1_168' title='bbox 3174 1477 3791 1551; x_wconf 84' lang='lat' dir='ltr'>animadvertensque,</span> 
     </span>
    </p>
   </div>
   <div class='ocr_carea' id='block_1_29' title="bbox 2140 1565 3801 1639">
    <p class='ocr_par' dir='ltr' id='par_1_29' title="bbox 2140 1565 3801 1639">
     <span class='ocr_line' id='line_1_29' title="bbox 2140 1565 3801 1639; baseline 0.002 -19"><span class='ocrx_word' id='word_1_169' title='bbox 2140 1565 2313 1621; x_wconf 91' lang='lat' dir='ltr'>illum</span> <span class='ocrx_word' id='word_1_170' title='bbox 2340 1582 2450 1621; x_wconf 92' lang='lat' dir='ltr'>nec</span> <span class='ocrx_word' id='word_1_171' title='bbox 2487 1566 2743 1621; x_wconf 89' lang='lat' dir='ltr'>tolerare</span> <span class='ocrx_word' id='word_1_172' title='bbox 2794 1566 2944 1622; x_wconf 84' lang='lat' dir='ltr'>velle</span> <span class='ocrx_word' id='word_1_173' title='bbox 2999 1584 3130 1639; x_wconf 71' lang='lat' dir='ltr'>quas</span> <span class='ocrx_word' id='word_1_174' title='bbox 3191 1567 3563 1633; x_wconf 90' lang='lat' dir='ltr'>dicebantur,</span> <span class='ocrx_word' id='word_1_175' title='bbox 3598 1568 3660 1623; x_wconf 89' lang='lat' dir='ltr'>in</span> <span class='ocrx_word' id='word_1_176' title='bbox 3694 1568 3801 1623; x_wconf 87' lang='lat' dir='ltr'>Sa-</span> 
     </span>
    </p>
   </div>
   <div class='ocr_carea' id='block_1_30' title="bbox 2140 1656 3795 1731">
    <p class='ocr_par' dir='ltr' id='par_1_30' title="bbox 2140 1656 3795 1731">
     <span class='ocr_line' id='line_1_30' title="bbox 2140 1656 3795 1731; baseline 0.001 -19"><span class='ocrx_word' id='word_1_177' title='bbox 2140 1656 2531 1712; x_wconf 89' lang='lat' dir='ltr'>mothraciam</span> <span class='ocrx_word' id='word_1_178' title='bbox 2588 1656 2889 1731; x_wconf 81' lang='lat' dir='ltr'>relegavit.</span> <span class='ocrx_word' id='word_1_179' title='bbox 2975 1658 3099 1723; x_wconf 88' lang='lat' dir='ltr'>Quo</span> <span class='ocrx_word' id='word_1_180' title='bbox 3166 1656 3470 1729; x_wconf 82' lang='lat' dir='ltr'>profectus</span> <span class='ocrx_word' id='word_1_181' title='bbox 3532 1662 3795 1724; x_wconf 89' lang='lat' dir='ltr'>sanctus,</span> 
     </span>
    </p>
   </div>
   <div class='ocr_carea' id='block_1_31' title="bbox 2143 1745 3796 1820">
    <p class='ocr_par' dir='ltr' id='par_1_31' title="bbox 2143 1745 3796 1820">
     <span class='ocr_line' id='line_1_31' title="bbox 2143 1745 3796 1820; baseline 0.001 -20"><span class='ocrx_word' id='word_1_182' title='bbox 2143 1761 2278 1801; x_wconf 87' lang='lat' dir='ltr'>cum</span> <span class='ocrx_word' id='word_1_183' title='bbox 2334 1761 2546 1818; x_wconf 91' lang='lat' dir='ltr'>parum</span> <span class='ocrx_word' id='word_1_184' title='bbox 2603 1745 3042 1819; x_wconf 83' lang='lat' dir='ltr'>supervixisset,</span> <span class='ocrx_word' id='word_1_185' title='bbox 3074 1763 3109 1802; x_wconf 90' lang='lat' dir='ltr'>a</span> <span class='ocrx_word' id='word_1_186' title='bbox 3139 1746 3394 1803; x_wconf 89' lang='lat' dir='ltr'>Domino</span> <span class='ocrx_word' id='word_1_187' title='bbox 3455 1750 3796 1820; x_wconf 87' lang='lat' dir='ltr'>assumptus</span> 
     </span>
    </p>
   </div>
   <div class='ocr_carea' id='block_1_32' title="bbox 2146 1840 2254 1891">
    <p class='ocr_par' dir='ltr' id='par_1_32' title="bbox 2146 1840 2254 1891">
     <span class='ocr_line' id='line_1_32' title="bbox 2146 1840 2254 1891; baseline -0.019 0"><span class='ocrx_word' id='word_1_188' title='bbox 2146 1840 2254 1891; x_wconf 89' lang='lat' dir='ltr'>est.</span> 
     </span>
    </p>
   </div>
   <div class='ocr_carea' id='block_1_33' title="bbox 374 1917 2027 2018">
    <p class='ocr_par' dir='ltr' id='par_1_33' title="bbox 374 1917 2027 1999">
     <span class='ocr_line' id='line_1_33' title="bbox 374 1917 2027 1999; baseline -0.003 -19"><span class='ocrx_word' id='word_1_189' title='bbox 374 1924 480 1980; x_wconf 75' lang='grc' dir='ltr'>Καῖ</span> <span class='ocrx_word' id='word_1_190' title='bbox 515 1925 711 1998; x_wconf 78' lang='grc' dir='ltr'><strong>μνήμη</strong></span> <span class='ocrx_word' id='word_1_191' title='bbox 744 1926 841 1979; x_wconf 77' lang='grc' dir='ltr'>τοῦ</span> <span class='ocrx_word' id='word_1_192' title='bbox 880 1919 935 1978; x_wconf 66' lang='grc' dir='ltr'><strong>ἂν</strong></span> <span class='ocrx_word' id='word_1_193' title='bbox 992 1921 1165 1999; x_wconf 76' lang='grc' dir='ltr'><strong>ἁγίοις</strong></span> <span class='ocrx_word' id='word_1_194' title='bbox 1221 1921 1433 1995; x_wconf 78' lang='grc' dir='ltr'><strong>Ηατρός</strong></span> <span class='ocrx_word' id='word_1_195' title='bbox 1483 1922 1644 1995; x_wconf 77' lang='grc' dir='ltr'><strong>ἡμῶν</strong></span> <span class='ocrx_word' id='word_1_196' title='bbox 1704 1917 2027 1996; x_wconf 77' lang='grc' dir='ltr'><strong>Γρηγορίου,</strong></span> 
     </span>
    </p>
   </div>
   <div class='ocr_carea' id='block_1_34' title="bbox 2140 1917 3798 2018">
    <p class='ocr_par' dir='ltr' id='par_1_34' title="bbox 2146 1925 3798 1996">
     <span class='ocr_line' id='line_1_34' title="bbox 2146 1925 3798 1996; baseline 0 -16"><span class='ocrx_word' id='word_1_197' title='bbox 2146 1926 2215 1980; x_wconf 83' lang='lat' dir='ltr'>Et</span> <span class='ocrx_word' id='word_1_198' title='bbox 2240 1925 2673 1980; x_wconf 78' lang='lat' dir='ltr'>commemoratio</span> <span class='ocrx_word' id='word_1_199' title='bbox 2702 1925 2881 1979; x_wconf 86' lang='lat' dir='ltr'>sancti</span> <span class='ocrx_word' id='word_1_200' title='bbox 2915 1925 3100 1981; x_wconf 84' lang='lat' dir='ltr'>Patris</span> <span class='ocrx_word' id='word_1_201' title='bbox 3154 1927 3335 1980; x_wconf 79' lang='lat' dir='ltr'>nostri</span> <span class='ocrx_word' id='word_1_202' title='bbox 3391 1925 3661 1996; x_wconf 73' lang='lat' dir='ltr'>Gregorii,</span> <span class='ocrx_word' id='word_1_203' title='bbox 3681 1941 3798 1996; x_wconf 86' lang='lat' dir='ltr'>pa-</span> 
     </span>
    </p>
   </div>
   <div class='ocr_carea' id='block_1_35' title="bbox 992 2011 1424 2085">
    <p class='ocr_par' dir='ltr' id='par_1_35' title="bbox 992 2011 1424 2085">
     <span class='ocr_line' id='line_1_35' title="bbox 992 2011 1424 2085; baseline -0.005 -18"><span class='ocrx_word' id='word_1_204' title='bbox 992 2011 1144 2068; x_wconf 79' lang='grc' dir='ltr'><strong>πάπα</strong></span> <span class='ocrx_word' id='word_1_205' title='bbox 1178 2013 1424 2085; x_wconf 51' lang='grc' dir='ltr'><strong>Ῥώμης</strong></span> 
     </span>
    </p>
   </div>
   <div class='ocr_carea' id='block_1_36' title="bbox 456 2125 2026 2203">
    <p class='ocr_par' dir='ltr' id='par_1_36' title="bbox 456 2125 2026 2203">
     <span class='ocr_line' id='line_1_36' title="bbox 456 2125 2026 2203; baseline -0.003 -16"><span class='ocrx_word' id='word_1_206' title='bbox 456 2129 580 2187; x_wconf 82' lang='grc' dir='ltr'>Ἐπὶ</span> <span class='ocrx_word' id='word_1_207' title='bbox 635 2132 738 2195; x_wconf 77' lang='grc' dir='ltr'><strong>τῆς</strong></span> <span class='ocrx_word' id='word_1_208' title='bbox 791 2130 1179 2187; x_wconf 84' lang='grc' dir='ltr'><strong>’Ῑουστινιανοῦ</strong></span> <span class='ocrx_word' id='word_1_209' title='bbox 1232 2125 1512 2203; x_wconf 85' lang='grc' dir='ltr'><strong>βασιλείας</strong></span> <span class='ocrx_word' id='word_1_210' title='bbox 1568 2128 1817 2202; x_wconf 77' lang='grc' dir='ltr'><strong>ὑπῆρχεν</strong></span> <span class='ocrx_word' id='word_1_211' title='bbox 1867 2126 2026 2189; x_wconf 77' lang='grc' dir='ltr'><strong>οὗτος</strong></span> 
     </span>
    </p>
   </div>
   <div class='ocr_carea' id='block_1_37' title="bbox 376 2214 2024 2294">
    <p class='ocr_par' dir='ltr' id='par_1_37' title="bbox 376 2214 2024 2294">
     <span class='ocr_line' id='line_1_37' title="bbox 376 2214 2024 2294; baseline -0.002 -20"><span class='ocrx_word' id='word_1_212' title='bbox 376 2220 407 2274; x_wconf 91' lang='lat'>6</span> <span class='ocrx_word' id='word_1_213' title='bbox 460 2220 614 2293; x_wconf 79' lang='grc' dir='ltr'><strong>ἅγιος</strong></span> <span class='ocrx_word' id='word_1_214' title='bbox 670 2218 999 2294; x_wconf 84' lang='grc' dir='ltr'><strong>Γρηγόριος,</strong></span> <span class='ocrx_word' id='word_1_215' title='bbox 1050 2219 1292 2293; x_wconf 82' lang='grc' dir='ltr'><strong>μοναχὸς</strong></span> <span class='ocrx_word' id='word_1_216' title='bbox 1325 2215 1378 2273; x_wconf 72' lang='grc' dir='ltr'><strong>ἐν</strong></span> <span class='ocrx_word' id='word_1_217' title='bbox 1412 2215 1759 2291; x_wconf 83' lang='grc' dir='ltr'><strong>μοναστηρίῳ</strong></span> <span class='ocrx_word' id='word_1_218' title='bbox 1789 2214 2024 2287; x_wconf 86' lang='grc' dir='ltr'><strong>πλησίον</strong></span> 
     </span>
    </p>
   </div>
   <div class='ocr_carea' id='block_1_38' title="bbox 371 2302 2028 2383">
    <p class='ocr_par' dir='ltr' id='par_1_38' title="bbox 371 2302 2028 2383">
     <span class='ocr_line' id='line_1_38' title="bbox 371 2302 2028 2383; baseline -0.002 -20"><span class='ocrx_word' id='word_1_219' title='bbox 371 2308 642 2381; x_wconf 80' lang='grc' dir='ltr'><strong>Ῥώμης’</strong></span> <span class='ocrx_word' id='word_1_220' title='bbox 702 2310 768 2378; x_wconf 71' lang='grc' dir='ltr'><strong>ἦν</strong></span> <span class='ocrx_word' id='word_1_221' title='bbox 826 2306 884 2363; x_wconf 69' lang='grc' dir='ltr'>δὲ</span> <span class='ocrx_word' id='word_1_222' title='bbox 933 2308 1072 2362; x_wconf 74' lang='grc' dir='ltr'><strong>πάνυ</strong></span> <span class='ocrx_word' id='word_1_223' title='bbox 1158 2306 1402 2383; x_wconf 73' lang='grc' dir='ltr'><strong>ἆνάρετος</strong></span> <span class='ocrx_word' id='word_1_224' title='bbox 1437 2326 1451 2339; x_wconf 74' lang='grc' dir='ltr'>ο</span> <span class='ocrx_word' id='word_1_225' title='bbox 1534 2305 1909 2379; x_wconf 82' lang='grc' dir='ltr'><strong>καταξαίρετον</strong></span> <span class='ocrx_word' id='word_1_226' title='bbox 1970 2302 2028 2360; x_wconf 74' lang='grc' dir='ltr'>δὲ</span> 
     </span>
    </p>
   </div>
   <div class='ocr_carea' id='block_1_39' title="bbox 368 2390 2024 2471">
    <p class='ocr_par' dir='ltr' id='par_1_39' title="bbox 368 2390 2024 2471">
     <span class='ocr_line' id='line_1_39' title="bbox 368 2390 2024 2471; baseline -0.002 -18"><span class='ocrx_word' id='word_1_227' title='bbox 368 2396 655 2468; x_wconf 70' lang='grc' dir='ltr'><strong>ἐλεήμων.</strong></span> <span class='ocrx_word' id='word_1_228' title='bbox 715 2399 1037 2471; x_wconf 80' lang='grc' dir='ltr'><strong>Δοκιμάζων</strong></span> <span class='ocrx_word' id='word_1_229' title='bbox 1096 2394 1154 2452; x_wconf 70' lang='grc' dir='ltr'><strong>δὲ</strong></span> <span class='ocrx_word' id='word_1_230' title='bbox 1207 2396 1367 2452; x_wconf 74' lang='grc' dir='ltr'><strong>αὐτὸν</strong></span> <span class='ocrx_word' id='word_1_231' title='bbox 1424 2396 1454 2451; x_wconf 89' lang='lat'>6</span> <span class='ocrx_word' id='word_1_232' title='bbox 1506 2395 1661 2466; x_wconf 85' lang='grc' dir='ltr'><strong>Θεὸς,</strong></span> <span class='ocrx_word' id='word_1_233' title='bbox 1712 2390 2024 2451; x_wconf 78' lang='grc' dir='ltr'><strong>ἀπέστειλεν</strong></span> 
     </span>
    </p>
   </div>
   <div class='ocr_carea' id='block_1_40' title="bbox 372 2483 2024 2563">
    <p class='ocr_par' dir='ltr' id='par_1_40' title="bbox 372 2483 2024 2563">
     <span class='ocr_line' id='line_1_40' title="bbox 372 2483 2024 2563; baseline -0.001 -21"><span class='ocrx_word' id='word_1_234' title='bbox 372 2483 605 2563; x_wconf 81' lang='grc' dir='ltr'><strong>ἄγγελδν</strong></span> <span class='ocrx_word' id='word_1_235' title='bbox 665 2487 800 2563; x_wconf 86' lang='grc' dir='ltr'><strong>πρὸς</strong></span> <span class='ocrx_word' id='word_1_236' title='bbox 887 2486 1048 2542; x_wconf 79' lang='grc' dir='ltr'><strong>αὐτὸν</strong></span> <span class='ocrx_word' id='word_1_237' title='bbox 1134 2485 1190 2542; x_wconf 82' lang='grc' dir='ltr'><strong>ὲν</strong></span> <span class='ocrx_word' id='word_1_238' title='bbox 1256 2487 1505 2561; x_wconf 74' lang='grc' dir='ltr'><strong>σχήματι</strong></span> <span class='ocrx_word' id='word_1_239' title='bbox 1592 2486 2024 2560; x_wconf 74' lang='grc' dir='ltr'><strong>ναυαγήσαντοςο</strong></span> 
     </span>
    </p>
   </div>
   <div class='ocr_carea' id='block_1_41' title="bbox 372 2571 2030 2652">
    <p class='ocr_par' dir='ltr' id='par_1_41' title="bbox 372 2571 2030 2652">
     <span class='ocr_line' id='line_1_41' title="bbox 372 2571 2030 2652; baseline -0.001 -21"><span class='ocrx_word' id='word_1_240' title='bbox 372 2576 471 2632; x_wconf 77' lang='grc' dir='ltr'><strong>καὶ</strong></span> <span class='ocrx_word' id='word_1_241' title='bbox 529 2574 679 2652; x_wconf 74' lang='grc' dir='ltr'><strong>εὗρεν</strong></span> <span class='ocrx_word' id='word_1_242' title='bbox 732 2575 894 2631; x_wconf 83' lang='grc' dir='ltr'><strong>αύτὸν</strong></span> <span class='ocrx_word' id='word_1_243' title='bbox 951 2574 1236 2650; x_wconf 78' lang='grc' dir='ltr'><strong>πρόθυμον</strong></span> <span class='ocrx_word' id='word_1_244' title='bbox 1291 2574 1428 2649; x_wconf 85' lang='grc' dir='ltr'><strong>πρὸς</strong></span> <span class='ocrx_word' id='word_1_245' title='bbox 1481 2575 1544 2630; x_wconf 85' lang='grc' dir='ltr'><strong>τὸ</strong></span> <span class='ocrx_word' id='word_1_246' title='bbox 1604 2571 1789 2630; x_wconf 78' lang='grc' dir='ltr'><strong>δοῦναι</strong></span> <span class='ocrx_word' id='word_1_247' title='bbox 1824 2594 1838 2609; x_wconf 87' lang='grc'>·</span> <span class='ocrx_word' id='word_1_248' title='bbox 1904 2595 2030 2629; x_wconf 86' lang='grc' dir='ltr'><strong>πεν-</strong></span> 
     </span>
    </p>
   </div>
   <div class='ocr_carea' id='block_1_42' title="bbox 373 2661 2028 2741">
    <p class='ocr_par' dir='ltr' id='par_1_42' title="bbox 373 2661 2028 2741">
     <span class='ocr_line' id='line_1_42' title="bbox 373 2661 2028 2741; baseline 0 -22"><span class='ocrx_word' id='word_1_249' title='bbox 373 2667 617 2735; x_wconf 77' lang='grc' dir='ltr'><strong>τήκοντα</strong></span> <span class='ocrx_word' id='word_1_250' title='bbox 647 2666 752 2741; x_wconf 82' lang='grc' dir='ltr'>γὰρ</span> <span class='ocrx_word' id='word_1_251' title='bbox 798 2664 1112 2737; x_wconf 86' lang='grc' dir='ltr'><strong>νομίσματα</strong></span> <span class='ocrx_word' id='word_1_252' title='bbox 1164 2661 1367 2719; x_wconf 66' lang='grc' dir='ltr'><strong>δέδωκε</strong></span> <span class='ocrx_word' id='word_1_253' title='bbox 1420 2668 1501 2736; x_wconf 77' lang='grc' dir='ltr'><strong>τῷ</strong></span> <span class='ocrx_word' id='word_1_254' title='bbox 1551 2663 1856 2734; x_wconf 73' lang='grc' dir='ltr'><strong>αἲτήσαντι,</strong></span> <span class='ocrx_word' id='word_1_255' title='bbox 1917 2665 2028 2719; x_wconf 76' lang='grc' dir='ltr'><strong>εἶτα</strong></span> 
     </span>
    </p>
   </div>
   <div class='ocr_carea' id='block_1_43' title="bbox 371 2751 2021 2830">
    <p class='ocr_par' dir='ltr' id='par_1_43' title="bbox 371 2751 2021 2830">
     <span class='ocr_line' id='line_1_43' title="bbox 371 2751 2021 2830; baseline -0.001 -20"><span class='ocrx_word' id='word_1_256' title='bbox 371 2752 454 2827; x_wconf 72' lang='grc' dir='ltr'>ἓξ,</span> <span class='ocrx_word' id='word_1_257' title='bbox 484 2755 578 2810; x_wconf 79' lang='grc' dir='ltr'>καὶ</span> <span class='ocrx_word' id='word_1_258' title='bbox 617 2760 800 2830; x_wconf 79' lang='grc' dir='ltr'><strong>τρίτον</strong></span> <span class='ocrx_word' id='word_1_259' title='bbox 846 2751 1023 2828; x_wconf 71' lang='grc' dir='ltr'><strong>ἔτερα,</strong></span> <span class='ocrx_word' id='word_1_260' title='bbox 1076 2752 1182 2817; x_wconf 80' lang='grc' dir='ltr'><strong>ἓως</strong></span> <span class='ocrx_word' id='word_1_261' title='bbox 1239 2752 1466 2809; x_wconf 72' lang='grc' dir='ltr'><strong>ἐκένωσε</strong></span> <span class='ocrx_word' id='word_1_262' title='bbox 1495 2753 1558 2807; x_wconf 88' lang='grc' dir='ltr'><strong>τὸ</strong></span> <span class='ocrx_word' id='word_1_263' title='bbox 1590 2753 1641 2809; x_wconf 72' lang='grc' dir='ltr'><strong>ἰν</strong></span> <span class='ocrx_word' id='word_1_264' title='bbox 1664 2757 1733 2827; x_wconf 75' lang='grc' dir='ltr'><strong>τῇ</strong></span> <span class='ocrx_word' id='word_1_265' title='bbox 1768 2757 1911 2828; x_wconf 75' lang='grc' dir='ltr'><strong>μονῇ</strong></span> <span class='ocrx_word' id='word_1_266' title='bbox 1938 2774 2021 2808; x_wconf 84' lang='grc' dir='ltr'><strong>σι-</strong></span> 
     </span>
    </p>
   </div>
   <div class='ocr_carea' id='block_1_44' title="bbox 375 2841 2027 2919">
    <p class='ocr_par' dir='ltr' id='par_1_44' title="bbox 375 2841 2027 2919">
     <span class='ocr_line' id='line_1_44' title="bbox 375 2841 2027 2919; baseline -0.002 -19"><span class='ocrx_word' id='word_1_267' title='bbox 375 2844 597 2919; x_wconf 81' lang='grc' dir='ltr'><strong>τάρκιον</strong></span> <span class='ocrx_word' id='word_1_268' title='bbox 628 2848 726 2899; x_wconf 83' lang='grc' dir='ltr'>τοῦ</span> <span class='ocrx_word' id='word_1_269' title='bbox 757 2843 1008 2919; x_wconf 83' lang='grc' dir='ltr'><strong>χρυσίου.</strong></span> <span class='ocrx_word' id='word_1_270' title='bbox 1069 2843 1175 2899; x_wconf 86' lang='grc' dir='ltr'>Καὶ</span> <span class='ocrx_word' id='word_1_271' title='bbox 1232 2843 1522 2918; x_wconf 83' lang='grc' dir='ltr'><strong>γενόμενος</strong></span> <span class='ocrx_word' id='word_1_272' title='bbox 1570 2841 1855 2918; x_wconf 76' lang='grc' dir='ltr'><strong>ἀρχιερεὺς</strong></span> <span class='ocrx_word' id='word_1_273' title='bbox 1883 2843 2027 2898; x_wconf 78' lang='grc' dir='ltr'>Ῥώ-</span> 
     </span>
    </p>
   </div>
   <div class='ocr_carea' id='block_1_45' title="bbox 378 2929 2027 3009">
    <p class='ocr_par' dir='ltr' id='par_1_45' title="bbox 378 2929 2027 3009">
     <span class='ocr_line' id='line_1_45' title="bbox 378 2929 2027 3009; baseline -0.001 -21"><span class='ocrx_word' id='word_1_274' title='bbox 378 2956 509 3005; x_wconf 82' lang='grc' dir='ltr'><strong>μης,</strong></span> <span class='ocrx_word' id='word_1_275' title='bbox 558 2934 841 2989; x_wconf 77' lang='grc' dir='ltr'><strong>συνεκάλει</strong></span> <span class='ocrx_word' id='word_1_276' title='bbox 892 2935 1012 2998; x_wconf 82' lang='grc' dir='ltr'><strong>καθ’</strong></span> <span class='ocrx_word' id='word_1_277' title='bbox 1067 2933 1278 3009; x_wconf 64' lang='grc' dir='ltr'>⁴ἡμέραν</span> <span class='ocrx_word' id='word_1_278' title='bbox 1334 2929 1547 2987; x_wconf 82' lang='grc' dir='ltr'><strong>δώδεκα</strong></span> <span class='ocrx_word' id='word_1_279' title='bbox 1600 2931 1892 3009; x_wconf 78' lang='grc' dir='ltr'><strong>πτωχοὺςο</strong></span> <span class='ocrx_word' id='word_1_280' title='bbox 1938 2932 2027 2989; x_wconf 86' lang='grc' dir='ltr'>καὶ</span> 
     </span>
    </p>
   </div>
   <div class='ocr_carea' id='block_1_46' title="bbox 369 3014 2025 3102">
    <p class='ocr_par' dir='ltr' id='par_1_46' title="bbox 369 3014 2025 3102">
     <span class='ocr_line' id='line_1_46' title="bbox 369 3014 2025 3102; baseline -0.001 -23"><span class='ocrx_word' id='word_1_281' title='bbox 369 3022 621 3102; x_wconf 72' lang='grc' dir='ltr'><strong>ὶφαίνετο</strong></span> <span class='ocrx_word' id='word_1_282' title='bbox 648 3022 796 3095; x_wconf 75' lang='grc' dir='ltr'>αὐτῷ</span> <span class='ocrx_word' id='word_1_283' title='bbox 826 3023 979 3097; x_wconf 85' lang='grc' dir='ltr'><strong>μόνῳ</strong></span> <span class='ocrx_word' id='word_1_284' title='bbox 1029 3024 1116 3078; x_wconf 80' lang='grc' dir='ltr'>καὶ</span> <span class='ocrx_word' id='word_1_285' title='bbox 1174 3014 1639 3097; x_wconf 65' lang='grc' dir='ltr'><strong>τρισκαιδέκατος,</strong></span> <span class='ocrx_word' id='word_1_286' title='bbox 1695 3022 1786 3076; x_wconf 88' lang='grc' dir='ltr'>καὶ</span> <span class='ocrx_word' id='word_1_287' title='bbox 1817 3021 2025 3097; x_wconf 75' lang='grc' dir='ltr'><strong>ἐρωτή-</strong></span> 
     </span>
    </p>
   </div>
   <div class='ocr_carea' id='block_1_47' title="bbox 370 3104 2028 3183">
    <p class='ocr_par' dir='ltr' id='par_1_47' title="bbox 370 3104 2028 3183">
     <span class='ocr_line' id='line_1_47' title="bbox 370 3104 2028 3183; baseline -0.001 -17"><span class='ocrx_word' id='word_1_288' title='bbox 370 3132 565 3173; x_wconf 83' lang='grc' dir='ltr'><strong>σαντος</strong></span> <span class='ocrx_word' id='word_1_289' title='bbox 620 3110 781 3166; x_wconf 78' lang='grc' dir='ltr'><strong>αὐτὸν</strong></span> <span class='ocrx_word' id='word_1_290' title='bbox 840 3109 1009 3166; x_wconf 75' lang='grc' dir='ltr'><strong>εἰπεῖν</strong></span> <span class='ocrx_word' id='word_1_291' title='bbox 1062 3111 1126 3166; x_wconf 85' lang='grc' dir='ltr'><strong>τὸ</strong></span> <span class='ocrx_word' id='word_1_292' title='bbox 1179 3110 1344 3165; x_wconf 78' lang='grc' dir='ltr'><strong>αὐτοῦ</strong></span> <span class='ocrx_word' id='word_1_293' title='bbox 1400 3104 1598 3183; x_wconf 71' lang='grc' dir='ltr'><strong>ὄνομα,</strong></span> <span class='ocrx_word' id='word_1_294' title='bbox 1656 3106 1911 3180; x_wconf 81' lang='grc' dir='ltr'><strong>ἤκουσεν,</strong></span> <span class='ocrx_word' id='word_1_295' title='bbox 1944 3110 2028 3165; x_wconf 79' lang='grc' dir='ltr'>ὅτι</span> 
     </span>
    </p>
   </div>
   <div class='ocr_carea' id='block_1_48' title="bbox 368 3199 2022 3275">
    <p class='ocr_par' dir='ltr' id='par_1_48' title="bbox 368 3199 2022 3275">
     <span class='ocr_line' id='line_1_48' title="bbox 368 3199 2022 3275; baseline -0.001 -19"><span class='ocrx_word' id='word_1_296' title='bbox 368 3201 705 3275; x_wconf 83' lang='grc' dir='ltr'><strong>θαυμαστόν·</strong></span> <span class='ocrx_word' id='word_1_297' title='bbox 777 3200 866 3256; x_wconf 82' lang='grc' dir='ltr'>καὶ</span> <span class='ocrx_word' id='word_1_298' title='bbox 917 3199 1090 3263; x_wconf 67' lang='grc' dir='ltr'><strong>οὕτως</strong></span> <span class='ocrx_word' id='word_1_299' title='bbox 1138 3200 1443 3270; x_wconf 72' lang='grc' dir='ltr'><strong>ἐσιώπησεν</strong></span> <span class='ocrx_word' id='word_1_300' title='bbox 1531 3200 1830 3269; x_wconf 78' lang='grc' dir='ltr'><strong>συννοήσας</strong></span> <span class='ocrx_word' id='word_1_301' title='bbox 1865 3242 1880 3265; x_wconf 86' lang='grc'>,</span> <span class='ocrx_word' id='word_1_302' title='bbox 1938 3199 2022 3255; x_wconf 75' lang='grc' dir='ltr'><strong>ὅτι</strong></span> 
     </span>
    </p>
   </div>
   <div class='ocr_carea' id='block_1_49' title="bbox 2803 2016 3130 2085">
    <p class='ocr_par' dir='ltr' id='par_1_49' title="bbox 2803 2016 3130 2085">
     <span class='ocr_line' id='line_1_49' title="bbox 2803 2016 3130 2085; baseline -0.009 -14"><span class='ocrx_word' id='word_1_303' title='bbox 2803 2028 2901 2085; x_wconf 61' lang='grc' dir='ltr'><strong>ρκ</strong></span> <span class='ocrx_word' id='word_1_304' title='bbox 2924 2016 3130 2071; x_wconf 54' lang='lat' dir='ltr'>Romae.</span> 
     </span>
    </p>
   </div>
   <div class='ocr_carea' id='block_1_50' title="bbox 2206 2130 3792 2204">
    <p class='ocr_par' dir='ltr' id='par_1_50' title="bbox 2206 2130 3792 2204">
     <span class='ocr_line' id='line_1_50' title="bbox 2206 2130 3792 2204; baseline 0.001 -16"><span class='ocrx_word' id='word_1_305' title='bbox 2206 2130 2538 2188; x_wconf 73' lang='lat' dir='ltr'>Iustiniano</span> <span class='ocrx_word' id='word_1_306' title='bbox 2570 2132 2904 2204; x_wconf 87' lang='lat' dir='ltr'>imperante</span> <span class='ocrx_word' id='word_1_307' title='bbox 2950 2130 3061 2187; x_wconf 89' lang='lat' dir='ltr'>iste</span> <span class='ocrx_word' id='word_1_308' title='bbox 3094 2136 3335 2188; x_wconf 89' lang='lat' dir='ltr'>sanctus</span> <span class='ocrx_word' id='word_1_309' title='bbox 3384 2132 3699 2204; x_wconf 84' lang='lat' dir='ltr'>Gregorius</span> <span class='ocrx_word' id='word_1_310' title='bbox 3728 2132 3792 2189; x_wconf 89' lang='lat' dir='ltr'>in</span> 
     </span>
    </p>
   </div>
   <div class='ocr_carea' id='block_1_51' title="bbox 2134 2220 3793 2293">
    <p class='ocr_par' dir='ltr' id='par_1_51' title="bbox 2134 2220 3793 2293">
     <span class='ocr_line' id='line_1_51' title="bbox 2134 2220 3793 2293; baseline -0.001 -16"><span class='ocrx_word' id='word_1_311' title='bbox 2134 2221 2503 2277; x_wconf 89' lang='lat' dir='ltr'>monasterio</span> <span class='ocrx_word' id='word_1_312' title='bbox 2546 2238 2729 2293; x_wconf 90' lang='lat' dir='ltr'>prope</span> <span class='ocrx_word' id='word_1_313' title='bbox 2779 2223 3024 2277; x_wconf 80' lang='lat' dir='ltr'>Romam</span> <span class='ocrx_word' id='word_1_314' title='bbox 3074 2220 3432 2276; x_wconf 89' lang='lat' dir='ltr'>monachum</span> <span class='ocrx_word' id='word_1_315' title='bbox 3467 2220 3603 2293; x_wconf 89' lang='lat' dir='ltr'>egit.</span> <span class='ocrx_word' id='word_1_316' title='bbox 3648 2224 3793 2276; x_wconf 90' lang='lat' dir='ltr'>Cum</span> 
     </span>
    </p>
   </div>
   <div class='ocr_carea' id='block_1_52' title="bbox 2135 2309 3793 2382">
    <p class='ocr_par' dir='ltr' id='par_1_52' title="bbox 2135 2309 3793 2382">
     <span class='ocr_line' id='line_1_52' title="bbox 2135 2309 3793 2382; baseline -0.001 -16"><span class='ocrx_word' id='word_1_317' title='bbox 2135 2316 2334 2366; x_wconf 88' lang='lat' dir='ltr'>autem</span> <span class='ocrx_word' id='word_1_318' title='bbox 2382 2309 2696 2365; x_wconf 86' lang='lat' dir='ltr'>virtutibus</span> <span class='ocrx_word' id='word_1_319' title='bbox 2755 2310 3053 2377; x_wconf 89' lang='lat' dir='ltr'>omnibus,</span> <span class='ocrx_word' id='word_1_320' title='bbox 3114 2326 3182 2365; x_wconf 91' lang='lat' dir='ltr'>ac</span> <span class='ocrx_word' id='word_1_321' title='bbox 3222 2310 3521 2382; x_wconf 70' lang='lat' dir='ltr'>prmcipue</span> <span class='ocrx_word' id='word_1_322' title='bbox 3554 2310 3793 2366; x_wconf 87' lang='lat' dir='ltr'>miseri-</span> 
     </span>
    </p>
   </div>
   <div class='ocr_carea' id='block_1_53' title="bbox 2135 2398 3793 2471">
    <p class='ocr_par' dir='ltr' id='par_1_53' title="bbox 2135 2398 3793 2471">
     <span class='ocr_line' id='line_1_53' title="bbox 2135 2398 3793 2471; baseline -0.001 -15"><span class='ocrx_word' id='word_1_323' title='bbox 2135 2399 2337 2456; x_wconf 88' lang='lat' dir='ltr'>cordia</span> <span class='ocrx_word' id='word_1_324' title='bbox 2358 2399 2419 2454; x_wconf 93' lang='lat' dir='ltr'>in</span> <span class='ocrx_word' id='word_1_325' title='bbox 2441 2415 2733 2470; x_wconf 87' lang='lat' dir='ltr'>pauperes</span> <span class='ocrx_word' id='word_1_326' title='bbox 2745 2398 3030 2470; x_wconf 67' lang='lat' dir='ltr'>praiditus</span> <span class='ocrx_word' id='word_1_327' title='bbox 3047 2404 3223 2464; x_wconf 87' lang='lat' dir='ltr'>esset,</span> <span class='ocrx_word' id='word_1_328' title='bbox 3239 2399 3411 2455; x_wconf 91' lang='lat' dir='ltr'>illum</span> <span class='ocrx_word' id='word_1_329' title='bbox 3428 2399 3793 2471; x_wconf 87' lang='lat' dir='ltr'>probaturus</span> 
     </span>
    </p>
   </div>
   <div class='ocr_carea' id='block_1_54' title="bbox 2134 2488 3796 2561">
    <p class='ocr_par' dir='ltr' id='par_1_54' title="bbox 2134 2488 3796 2561">
     <span class='ocr_line' id='line_1_54' title="bbox 2134 2488 3796 2561; baseline -0.001 -16"><span class='ocrx_word' id='word_1_330' title='bbox 2134 2491 2311 2560; x_wconf 88' lang='lat' dir='ltr'>Deus,</span> <span class='ocrx_word' id='word_1_331' title='bbox 2343 2488 2619 2561; x_wconf 86' lang='lat' dir='ltr'>angelum</span> <span class='ocrx_word' id='word_1_332' title='bbox 2651 2488 2759 2544; x_wconf 91' lang='lat' dir='ltr'>sub</span> <span class='ocrx_word' id='word_1_333' title='bbox 2790 2488 3059 2561; x_wconf 85' lang='lat' dir='ltr'>naufragi</span> <span class='ocrx_word' id='word_1_334' title='bbox 3107 2489 3303 2560; x_wconf 89' lang='lat' dir='ltr'>specie</span> <span class='ocrx_word' id='word_1_335' title='bbox 3346 2489 3419 2544; x_wconf 89' lang='lat' dir='ltr'>ad</span> <span class='ocrx_word' id='word_1_336' title='bbox 3442 2506 3577 2544; x_wconf 88' lang='lat' dir='ltr'>eum</span> <span class='ocrx_word' id='word_1_337' title='bbox 3609 2489 3796 2557; x_wconf 85' lang='lat' dir='ltr'>misit,</span> 
     </span>
    </p>
   </div>
   <div class='ocr_carea' id='block_1_55' title="bbox 2134 2578 3799 2652">
    <p class='ocr_par' dir='ltr' id='par_1_55' title="bbox 2134 2578 3799 2652">
     <span class='ocr_line' id='line_1_55' title="bbox 2134 2578 3799 2652; baseline -0.002 -17"><span class='ocrx_word' id='word_1_338' title='bbox 2134 2580 2449 2652; x_wconf 89' lang='lat' dir='ltr'>ipsumque</span> <span class='ocrx_word' id='word_1_339' title='bbox 2472 2578 2547 2634; x_wconf 90' lang='lat' dir='ltr'>ad</span> <span class='ocrx_word' id='word_1_340' title='bbox 2568 2578 2830 2634; x_wconf 87' lang='lat' dir='ltr'>dandum</span> <span class='ocrx_word' id='word_1_341' title='bbox 2850 2579 3319 2650; x_wconf 89' lang='lat' dir='ltr'>paratissimum,</span> <span class='ocrx_word' id='word_1_342' title='bbox 3345 2578 3568 2651; x_wconf 89' lang='lat' dir='ltr'>reperit</span> <span class='ocrx_word' id='word_1_343' title='bbox 3594 2595 3606 2633; x_wconf 91' lang='lat'>:</span> <span class='ocrx_word' id='word_1_344' title='bbox 3629 2578 3799 2649; x_wconf 89' lang='lat' dir='ltr'>quin-</span> 
     </span>
    </p>
   </div>
   <div class='ocr_carea' id='block_1_56' title="bbox 2135 2668 3795 2740">
    <p class='ocr_par' dir='ltr' id='par_1_56' title="bbox 2135 2668 3795 2740">
     <span class='ocr_line' id='line_1_56' title="bbox 2135 2668 3795 2740; baseline -0.001 -18"><span class='ocrx_word' id='word_1_345' title='bbox 2135 2668 2418 2740; x_wconf 87' lang='lat' dir='ltr'>quaginta</span> <span class='ocrx_word' id='word_1_346' title='bbox 2439 2683 2698 2739; x_wconf 88' lang='lat' dir='ltr'>namque</span> <span class='ocrx_word' id='word_1_347' title='bbox 2724 2683 3001 2722; x_wconf 88' lang='lat' dir='ltr'>nummos</span> <span class='ocrx_word' id='word_1_348' title='bbox 3020 2668 3245 2739; x_wconf 87' lang='lat' dir='ltr'>petenti</span> <span class='ocrx_word' id='word_1_349' title='bbox 3272 2668 3557 2723; x_wconf 90' lang='lat' dir='ltr'>continuo</span> <span class='ocrx_word' id='word_1_350' title='bbox 3581 2683 3795 2722; x_wconf 85' lang='lat' dir='ltr'>nume-</span> 
     </span>
    </p>
   </div>
   <div class='ocr_carea' id='block_1_57' title="bbox 2134 2756 3794 2828">
    <p class='ocr_par' dir='ltr' id='par_1_57' title="bbox 2134 2756 3794 2828">
     <span class='ocr_line' id='line_1_57' title="bbox 2134 2756 3794 2828; baseline -0.001 -15"><span class='ocrx_word' id='word_1_351' title='bbox 2134 2758 2305 2823; x_wconf 85' lang='lat' dir='ltr'>ravit,</span> <span class='ocrx_word' id='word_1_352' title='bbox 2336 2756 2552 2814; x_wconf 88' lang='lat' dir='ltr'>deinde</span> <span class='ocrx_word' id='word_1_353' title='bbox 2583 2773 2706 2823; x_wconf 85' lang='lat' dir='ltr'>sex,</span> <span class='ocrx_word' id='word_1_354' title='bbox 2738 2762 3040 2828; x_wconf 88' lang='lat' dir='ltr'>postremo</span> <span class='ocrx_word' id='word_1_355' title='bbox 3066 2763 3185 2812; x_wconf 90' lang='lat' dir='ltr'>tres</span> <span class='ocrx_word' id='word_1_356' title='bbox 3217 2757 3389 2822; x_wconf 89' lang='lat' dir='ltr'>alios,</span> <span class='ocrx_word' id='word_1_357' title='bbox 3422 2756 3609 2812; x_wconf 89' lang='lat' dir='ltr'>donec</span> <span class='ocrx_word' id='word_1_358' title='bbox 3644 2756 3794 2826; x_wconf 85' lang='lat' dir='ltr'>auri,</span> 
     </span>
    </p>
   </div>
   <div class='ocr_carea' id='block_1_58' title="bbox 2136 2844 3793 2919">
    <p class='ocr_par' dir='ltr' id='par_1_58' title="bbox 2136 2844 3793 2919">
     <span class='ocr_line' id='line_1_58' title="bbox 2136 2844 3793 2919; baseline -0.002 -17"><span class='ocrx_word' id='word_1_359' title='bbox 2136 2846 2297 2919; x_wconf 92' lang='lat' dir='ltr'>quod</span> <span class='ocrx_word' id='word_1_360' title='bbox 2326 2847 2389 2903; x_wconf 89' lang='lat' dir='ltr'>in</span> <span class='ocrx_word' id='word_1_361' title='bbox 2420 2846 2785 2902; x_wconf 88' lang='lat' dir='ltr'>monasterio</span> <span class='ocrx_word' id='word_1_362' title='bbox 2816 2844 3092 2911; x_wconf 88' lang='lat' dir='ltr'>habebat,</span> <span class='ocrx_word' id='word_1_363' title='bbox 3129 2862 3474 2902; x_wconf 88' lang='lat' dir='ltr'>crumenam</span> <span class='ocrx_word' id='word_1_364' title='bbox 3500 2844 3793 2900; x_wconf 85' lang='lat' dir='ltr'>exhausit.</span> 
     </span>
    </p>
   </div>
   <div class='ocr_carea' id='block_1_59' title="bbox 2135 2934 3795 3007">
    <p class='ocr_par' dir='ltr' id='par_1_59' title="bbox 2135 2934 3795 3007">
     <span class='ocr_line' id='line_1_59' title="bbox 2135 2934 3795 3007; baseline -0.002 -15"><span class='ocrx_word' id='word_1_365' title='bbox 2135 2938 2346 2993; x_wconf 86' lang='lat' dir='ltr'>Factus</span> <span class='ocrx_word' id='word_1_366' title='bbox 2385 2942 2584 2992; x_wconf 90' lang='lat' dir='ltr'>autem</span> <span class='ocrx_word' id='word_1_367' title='bbox 2616 2934 2883 3007; x_wconf 84' lang='lat' dir='ltr'>pontifex</span> <span class='ocrx_word' id='word_1_368' title='bbox 2931 2936 3257 3004; x_wconf 83' lang='lat' dir='ltr'>Romanus,</span> <span class='ocrx_word' id='word_1_369' title='bbox 3287 2951 3423 2991; x_wconf 91' lang='lat' dir='ltr'>cum</span> <span class='ocrx_word' id='word_1_370' title='bbox 3481 2934 3795 2990; x_wconf 91' lang='lat' dir='ltr'>duodecim</span> 
     </span>
    </p>
   </div>
   <div class='ocr_carea' id='block_1_60' title="bbox 2137 3022 3791 3100">
    <p class='ocr_par' dir='ltr' id='par_1_60' title="bbox 2137 3022 3791 3100">
     <span class='ocr_line' id='line_1_60' title="bbox 2137 3022 3791 3100; baseline -0.004 -17"><span class='ocrx_word' id='word_1_371' title='bbox 2137 3026 2403 3100; x_wconf 85' lang='lat' dir='ltr'>quotidie</span> <span class='ocrx_word' id='word_1_372' title='bbox 2434 3041 2726 3097; x_wconf 87' lang='lat' dir='ltr'>pauperes</span> <span class='ocrx_word' id='word_1_373' title='bbox 2756 3040 3081 3080; x_wconf 88' lang='lat' dir='ltr'>convocare</span> <span class='ocrx_word' id='word_1_374' title='bbox 3135 3024 3372 3091; x_wconf 89' lang='lat' dir='ltr'>soleret,</span> <span class='ocrx_word' id='word_1_375' title='bbox 3407 3023 3663 3096; x_wconf 88' lang='lat' dir='ltr'>quadam</span> <span class='ocrx_word' id='word_1_376' title='bbox 3696 3022 3791 3078; x_wconf 88' lang='lat' dir='ltr'>die</span> 
     </span>
    </p>
   </div>
   <div class='ocr_carea' id='block_1_61' title="bbox 2136 3113 3798 3189">
    <p class='ocr_par' dir='ltr' id='par_1_61' title="bbox 2136 3113 3798 3189">
     <span class='ocr_line' id='line_1_61' title="bbox 2136 3113 3798 3189; baseline -0.002 -17"><span class='ocrx_word' id='word_1_377' title='bbox 2136 3116 2249 3189; x_wconf 86' lang='lat' dir='ltr'>ipsi</span> <span class='ocrx_word' id='word_1_378' title='bbox 2277 3114 2389 3170; x_wconf 91' lang='lat' dir='ltr'>soli</span> <span class='ocrx_word' id='word_1_379' title='bbox 2420 3114 2630 3169; x_wconf 89' lang='lat' dir='ltr'>tertius</span> <span class='ocrx_word' id='word_1_380' title='bbox 2657 3113 2922 3169; x_wconf 88' lang='lat' dir='ltr'>decimus</span> <span class='ocrx_word' id='word_1_381' title='bbox 2975 3113 3251 3185; x_wconf 90' lang='lat' dir='ltr'>apparuit</span> <span class='ocrx_word' id='word_1_382' title='bbox 3280 3113 3380 3184; x_wconf 90' lang='lat' dir='ltr'>qui</span> <span class='ocrx_word' id='word_1_383' title='bbox 3437 3118 3698 3185; x_wconf 90' lang='lat' dir='ltr'>rogatus,</span> <span class='ocrx_word' id='word_1_384' title='bbox 3730 3116 3798 3168; x_wconf 86' lang='lat' dir='ltr'>ut</span> 
     </span>
    </p>
   </div>
   <div class='ocr_carea' id='block_1_62' title="bbox 2140 3200 3799 3275">
    <p class='ocr_par' dir='ltr' id='par_1_62' title="bbox 2140 3200 3799 3275">
     <span class='ocr_line' id='line_1_62' title="bbox 2140 3200 3799 3275; baseline -0.003 -15"><span class='ocrx_word' id='word_1_385' title='bbox 2140 3220 2313 3260; x_wconf 90' lang='lat' dir='ltr'>suum</span> <span class='ocrx_word' id='word_1_386' title='bbox 2338 3202 2615 3275; x_wconf 88' lang='lat' dir='ltr'>proderet</span> <span class='ocrx_word' id='word_1_387' title='bbox 2634 3201 3224 3274; x_wconf 89' lang='lat' dir='ltr'>nomen,respondit,</span> <span class='ocrx_word' id='word_1_388' title='bbox 3246 3201 3357 3256; x_wconf 91' lang='lat' dir='ltr'>hoc</span> <span class='ocrx_word' id='word_1_389' title='bbox 3389 3217 3517 3255; x_wconf 90' lang='lat' dir='ltr'>esse</span> <span class='ocrx_word' id='word_1_390' title='bbox 3540 3200 3799 3255; x_wconf 88' lang='lat' dir='ltr'>admira-</span> 
     </span>
    </p>
   </div>
   <div class='ocr_carea' id='block_1_63' title="bbox 370 3285 2027 3378">
    <p class='ocr_par' dir='ltr' id='par_1_63' title="bbox 370 3285 2024 3367">
     <span class='ocr_line' id='line_1_63' title="bbox 370 3285 2024 3367; baseline -0.001 -21"><span class='ocrx_word' id='word_1_391' title='bbox 370 3290 613 3367; x_wconf 72' lang='grc' dir='ltr'><strong>ἄγγελος</strong></span> <span class='ocrx_word' id='word_1_392' title='bbox 660 3291 793 3345; x_wconf 76' lang='grc' dir='ltr'><strong>Θεοῦ</strong></span> <span class='ocrx_word' id='word_1_393' title='bbox 850 3288 1014 3348; x_wconf 76' lang='grc' dir='ltr'><strong>ἐστιν.</strong></span> <span class='ocrx_word' id='word_1_394' title='bbox 1077 3289 1368 3363; x_wconf 85' lang='grc' dir='ltr'><strong>Γενόμενος</strong></span> <span class='ocrx_word' id='word_1_395' title='bbox 1428 3285 1485 3343; x_wconf 65' lang='lat' dir='ltr'>Si</span> <span class='ocrx_word' id='word_1_396' title='bbox 1540 3289 1721 3359; x_wconf 82' lang='grc' dir='ltr'><strong>πάσης</strong></span> <span class='ocrx_word' id='word_1_397' title='bbox 1777 3286 2024 3353; x_wconf 72' lang='grc' dir='ltr'><strong>παιδείας</strong></span> 
     </span>
    </p>
   </div>
   <div class='ocr_carea' id='block_1_64' title="bbox 2140 3285 3791 3378">
    <p class='ocr_par' dir='ltr' id='par_1_64' title="bbox 2140 3289 3791 3361">
     <span class='ocr_line' id='line_1_64' title="bbox 2140 3289 3791 3361; baseline -0.003 -12"><span class='ocrx_word' id='word_1_398' title='bbox 2140 3293 2279 3349; x_wconf 93' lang='lat' dir='ltr'>bile.</span> <span class='ocrx_word' id='word_1_399' title='bbox 2303 3293 2492 3359; x_wconf 87' lang='lat' dir='ltr'>Quare</span> <span class='ocrx_word' id='word_1_400' title='bbox 2523 3290 2624 3346; x_wconf 91' lang='lat' dir='ltr'>ille</span> <span class='ocrx_word' id='word_1_401' title='bbox 2655 3290 2959 3356; x_wconf 80' lang='lat' dir='ltr'>conticuit,</span> <span class='ocrx_word' id='word_1_402' title='bbox 2992 3290 3334 3361; x_wconf 86' lang='lat' dir='ltr'>intelligens</span> <span class='ocrx_word' id='word_1_403' title='bbox 3384 3289 3487 3345; x_wconf 88' lang='lat' dir='ltr'>Dei</span> <span class='ocrx_word' id='word_1_404' title='bbox 3513 3289 3791 3359; x_wconf 88' lang='lat' dir='ltr'>angelum</span> 
     </span>
    </p>
   </div>
   <div class='ocr_carea' id='block_1_65' title="bbox 364 3376 2027 3458">
    <p class='ocr_par' dir='ltr' id='par_1_65' title="bbox 364 3376 2027 3458">
     <span class='ocr_line' id='line_1_65' title="bbox 364 3376 2027 3458; baseline -0.002 -21"><span class='ocrx_word' id='word_1_405' title='bbox 364 3381 455 3437; x_wconf 82' lang='grc' dir='ltr'><strong>καὶ</strong></span> <span class='ocrx_word' id='word_1_406' title='bbox 511 3386 736 3458; x_wconf 73' lang='grc' dir='ltr'>Γραφῆς</span> <span class='ocrx_word' id='word_1_407' title='bbox 821 3377 1117 3457; x_wconf 76' lang='grc' dir='ltr'><strong>ἔμπειρος,</strong></span> <span class='ocrx_word' id='word_1_408' title='bbox 1173 3376 1362 3434; x_wconf 86' lang='grc' dir='ltr'><strong>πολλά</strong></span> <span class='ocrx_word' id='word_1_409' title='bbox 1408 3380 1807 3454; x_wconf 80' lang='grc' dir='ltr'><strong>συγγράμματα</strong></span> <span class='ocrx_word' id='word_1_410' title='bbox 1860 3399 2027 3434; x_wconf 86' lang='grc' dir='ltr'><strong>κατα-</strong></span> 
     </span>
    </p>
   </div>
   <div class='ocr_carea' id='block_1_66' title="bbox 365 3469 2026 3547">
    <p class='ocr_par' dir='ltr' id='par_1_66' title="bbox 365 3469 2026 3547">
     <span class='ocr_line' id='line_1_66' title="bbox 365 3469 2026 3547; baseline -0.002 -18"><span class='ocrx_word' id='word_1_411' title='bbox 365 3470 628 3529; x_wconf 80' lang='grc' dir='ltr'><strong>λέλοιπεν</strong></span> <span class='ocrx_word' id='word_1_412' title='bbox 692 3472 1124 3547; x_wconf 81' lang='grc' dir='ltr'><strong>ὑπαγορευθὲντα</strong></span> <span class='ocrx_word' id='word_1_413' title='bbox 1214 3472 1307 3544; x_wconf 80' lang='grc' dir='ltr'>μὲν</span> <span class='ocrx_word' id='word_1_414' title='bbox 1363 3469 1698 3541; x_wconf 83' lang='grc' dir='ltr'><strong>Ῥωμαϊστὶ,</strong></span> <span class='ocrx_word' id='word_1_415' title='bbox 1759 3469 2026 3543; x_wconf 65' lang='grc' dir='ltr'><strong>ἑρμηνευ-</strong></span> 
     </span>
    </p>
   </div>
   <div class='ocr_carea' id='block_1_67' title="bbox 364 3556 2027 3632">
    <p class='ocr_par' dir='ltr' id='par_1_67' title="bbox 364 3556 2027 3632">
     <span class='ocr_line' id='line_1_67' title="bbox 364 3556 2027 3632; baseline -0.004 -16"><span class='ocrx_word' id='word_1_416' title='bbox 364 3563 517 3617; x_wconf 82' lang='grc' dir='ltr'><strong>θὲντα</strong></span> <span class='ocrx_word' id='word_1_417' title='bbox 549 3560 977 3631; x_wconf 76' lang='grc' dir='ltr'><strong>δεἙλληνιστί.</strong></span> <span class='ocrx_word' id='word_1_418' title='bbox 1036 3563 1212 3632; x_wconf 68' lang='grc' dir='ltr'><strong>Ζήσας</strong></span> <span class='ocrx_word' id='word_1_419' title='bbox 1268 3556 1326 3614; x_wconf 78' lang='grc' dir='ltr'><strong>δὲ</strong></span> <span class='ocrx_word' id='word_1_420' title='bbox 1381 3558 1574 3627; x_wconf 78' lang='grc' dir='ltr'><strong>οὕτως,</strong></span> <span class='ocrx_word' id='word_1_421' title='bbox 1632 3557 1724 3612; x_wconf 86' lang='grc' dir='ltr'>καὶ</span> <span class='ocrx_word' id='word_1_422' title='bbox 1782 3560 2027 3630; x_wconf 83' lang='grc' dir='ltr'><strong>θαύματα</strong></span> 
     </span>
    </p>
   </div>
   <div class='ocr_carea' id='block_1_68' title="bbox 367 3643 2023 3729">
    <p class='ocr_par' dir='ltr' id='par_1_68' title="bbox 367 3643 2023 3729">
     <span class='ocr_line' id='line_1_68' title="bbox 367 3643 2023 3729; baseline -0.001 -24"><span class='ocrx_word' id='word_1_423' title='bbox 367 3648 603 3729; x_wconf 71' lang='grc' dir='ltr'><strong>διάφορα</strong></span> <span class='ocrx_word' id='word_1_424' title='bbox 632 3649 1025 3727; x_wconf 77' lang='grc' dir='ltr'><strong>ἔργασάμενος,</strong></span> <span class='ocrx_word' id='word_1_425' title='bbox 1083 3648 1136 3704; x_wconf 80' lang='grc' dir='ltr'>ἐν</span> <span class='ocrx_word' id='word_1_426' title='bbox 1192 3648 1383 3724; x_wconf 72' lang='grc' dir='ltr'><strong>εἰρήνῃ</strong></span> <span class='ocrx_word' id='word_1_427' title='bbox 1415 3648 1552 3722; x_wconf 84' lang='grc' dir='ltr'><strong>πρὸς</strong></span> <span class='ocrx_word' id='word_1_428' title='bbox 1607 3646 1810 3720; x_wconf 83' lang='grc' dir='ltr'><strong>Κύριον</strong></span> <span class='ocrx_word' id='word_1_429' title='bbox 1842 3643 2023 3719; x_wconf 75' lang='grc' dir='ltr'><strong>ἐξεδή-</strong></span> 
     </span>
    </p>
   </div>
   <div class='ocr_carea' id='block_1_69' title="bbox 370 3762 572 3814">
    <p class='ocr_par' dir='ltr' id='par_1_69' title="bbox 370 3762 572 3814">
     <span class='ocr_line' id='line_1_69' title="bbox 370 3762 572 3814; baseline 0.005 -18"><span class='ocrx_word' id='word_1_430' title='bbox 370 3762 544 3814; x_wconf 87' lang='grc' dir='ltr'><strong>μησεν</strong></span> <span class='ocrx_word' id='word_1_431' title='bbox 555 3782 572 3798; x_wconf 93' lang='grc'><strong>.</strong></span> 
     </span>
    </p>
   </div>
   <div class='ocr_carea' id='block_1_70' title="bbox 926 3926 1467 3985">
    <p class='ocr_par' dir='ltr' id='par_1_70' title="bbox 926 3926 1467 3985">
     <span class='ocr_line' id='line_1_70' title="bbox 926 3926 1467 3985; baseline -0.002 0"><span class='ocrx_word' id='word_1_432' title='bbox 926 3931 1104 3985; x_wconf 71' lang='grc' dir='ltr'>ΠΗΝΙ</span> <span class='ocrx_word' id='word_1_433' title='bbox 1136 3927 1229 3984; x_wconf 77' lang='lat' dir='ltr'>TD</span> <span class='ocrx_word' id='word_1_434' title='bbox 1259 3926 1467 3984; x_wconf 80' lang='grc' dir='ltr'>ΑΥΤΩ.</span> 
     </span>
    </p>
   </div>
   <div class='ocr_carea' id='block_1_71' title="bbox 543 4018 1855 4184">
    <p class='ocr_par' dir='ltr' id='par_1_71' title="bbox 543 4018 1855 4184">
     <span class='ocr_line' id='line_1_71' title="bbox 543 4018 1855 4184; baseline -0.004 -18"><span class='ocrx_word' id='word_1_435' title='bbox 543 4109 816 4180; x_wconf 81' lang='grc' dir='ltr'><strong>Ἀθλησις</strong></span> <span class='ocrx_word' id='word_1_436' title='bbox 855 4112 954 4165; x_wconf 79' lang='grc' dir='ltr'>τοῦ</span> <span class='ocrx_word' id='word_1_437' title='bbox 984 4018 1449 4184; x_wconf 59' lang='grc' dir='ltr'><strong>ἁγίουῐιῗαρτυρος</strong></span> <span class='ocrx_word' id='word_1_438' title='bbox 1479 4102 1855 4181; x_wconf 79' lang='grc' dir='ltr'><strong>Ἀλεξάνδρου.</strong></span> 
     </span>
    </p>
   </div>
   <div class='ocr_carea' id='block_1_72' title="bbox 444 4219 2027 4301">
    <p class='ocr_par' dir='ltr' id='par_1_72' title="bbox 444 4219 2027 4301">
     <span class='ocr_line' id='line_1_72' title="bbox 444 4219 2027 4301; baseline -0.006 -17"><span class='ocrx_word' id='word_1_439' title='bbox 444 4222 860 4301; x_wconf 78' lang='grc' dir='ltr'><strong>Ἀλεξανδροςὸ</strong></span> <span class='ocrx_word' id='word_1_440' title='bbox 890 4226 1044 4301; x_wconf 74' lang='grc' dir='ltr'><strong>ἅγιος</strong></span> <span class='ocrx_word' id='word_1_441' title='bbox 1086 4222 1178 4277; x_wconf 88' lang='grc' dir='ltr'>καὶ</span> <span class='ocrx_word' id='word_1_442' title='bbox 1228 4219 1439 4293; x_wconf 76' lang='grc' dir='ltr'><strong>ἔνδοξος</strong></span> <span class='ocrx_word' id='word_1_443' title='bbox 1494 4221 1698 4296; x_wconf 83' lang='grc' dir='ltr'><strong>μάρτυς</strong></span> <span class='ocrx_word' id='word_1_444' title='bbox 1750 4222 1847 4275; x_wconf 74' lang='grc' dir='ltr'>τοῦ⁹</span> <span class='ocrx_word' id='word_1_445' title='bbox 1898 4220 2027 4293; x_wconf 89' lang='grc' dir='ltr'><strong>Χρι-</strong></span> 
     </span>
    </p>
   </div>
   <div class='ocr_carea' id='block_1_73' title="bbox 379 4308 2027 4390">
    <p class='ocr_par' dir='ltr' id='par_1_73' title="bbox 379 4308 2027 4390">
     <span class='ocr_line' id='line_1_73' title="bbox 379 4308 2027 4390; baseline -0.004 -19"><span class='ocrx_word' id='word_1_446' title='bbox 379 4321 533 4386; x_wconf 75' lang='grc' dir='ltr'><strong>στοῦ,</strong></span> <span class='ocrx_word' id='word_1_447' title='bbox 566 4316 621 4370; x_wconf 79' lang='grc' dir='ltr'><strong>ἐν</strong></span> <span class='ocrx_word' id='word_1_448' title='bbox 651 4320 771 4377; x_wconf 84' lang='grc' dir='ltr'><strong>τοῖς</strong></span> <span class='ocrx_word' id='word_1_449' title='bbox 801 4319 1017 4390; x_wconf 84' lang='grc' dir='ltr'><strong>καιροῖς</strong></span> <span class='ocrx_word' id='word_1_450' title='bbox 1048 4317 1147 4368; x_wconf 79' lang='grc' dir='ltr'><strong>τοῦ</strong></span> <span class='ocrx_word' id='word_1_451' title='bbox 1189 4309 1457 4387; x_wconf 79' lang='grc' dir='ltr'><strong>διωγμοῦ,</strong></span> <span class='ocrx_word' id='word_1_452' title='bbox 1488 4310 1577 4365; x_wconf 84' lang='grc' dir='ltr'><strong>καὶ</strong></span> <span class='ocrx_word' id='word_1_453' title='bbox 1632 4308 1684 4365; x_wconf 78' lang='grc' dir='ltr'>ἐν</span> <span class='ocrx_word' id='word_1_454' title='bbox 1735 4314 1818 4383; x_wconf 78' lang='grc' dir='ltr'><strong>τῷ</strong></span> <span class='ocrx_word' id='word_1_455' title='bbox 1848 4310 2027 4365; x_wconf 85' lang='grc' dir='ltr'><strong>σκότει</strong></span> 
     </span>
    </p>
   </div>
   <div class='ocr_carea' id='block_1_74' title="bbox 377 4398 2029 4477">
    <p class='ocr_par' dir='ltr' id='par_1_74' title="bbox 377 4398 2029 4477">
     <span class='ocr_line' id='line_1_74' title="bbox 377 4398 2029 4477; baseline -0.003 -17"><span class='ocrx_word' id='word_1_456' title='bbox 377 4414 479 4477; x_wconf 81' lang='grc' dir='ltr'>τῆς</span> <span class='ocrx_word' id='word_1_457' title='bbox 512 4404 726 4475; x_wconf 80' lang='grc' dir='ltr'><strong>πλάνης</strong></span> <span class='ocrx_word' id='word_1_458' title='bbox 782 4409 888 4459; x_wconf 84' lang='grc' dir='ltr'><strong>τῶν</strong></span> <span class='ocrx_word' id='word_1_459' title='bbox 949 4400 1397 4476; x_wconf 76' lang='grc' dir='ltr'><strong>εἷδωλολατρῶν,</strong></span> <span class='ocrx_word' id='word_1_460' title='bbox 1457 4399 1639 4475; x_wconf 85' lang='grc' dir='ltr'><strong>ὣσπερ</strong></span> <span class='ocrx_word' id='word_1_461' title='bbox 1703 4398 2029 4477; x_wconf 76' lang='grc' dir='ltr'><strong>πολύφωτος</strong></span> 
     </span>
    </p>
   </div>
   <div class='ocr_carea' id='block_1_75' title="bbox 370 4487 2029 4571">
    <p class='ocr_par' dir='ltr' id='par_1_75' title="bbox 370 4487 2029 4571">
     <span class='ocr_line' id='line_1_75' title="bbox 370 4487 2029 4571; baseline -0.005 -21"><span class='ocrx_word' id='word_1_462' title='bbox 370 4496 555 4571; x_wconf 73' lang='grc' dir='ltr'><strong>ἄστήρ</strong></span> <span class='ocrx_word' id='word_1_463' title='bbox 609 4494 662 4548; x_wconf 65' lang='grc' dir='ltr'><strong>ἐν</strong></span> <span class='ocrx_word' id='word_1_464' title='bbox 710 4488 959 4565; x_wconf 76' lang='grc' dir='ltr'><strong>ἐύσεῦείᾳ</strong></span> <span class='ocrx_word' id='word_1_465' title='bbox 1005 4489 1303 4564; x_wconf 71' lang='grc' dir='ltr'><strong>διέλαμπεν</strong></span> <span class='ocrx_word' id='word_1_466' title='bbox 1354 4489 1405 4544; x_wconf 81' lang='grc' dir='ltr'>ἐν</span> <span class='ocrx_word' id='word_1_467' title='bbox 1465 4487 1646 4564; x_wconf 77' lang='grc' dir='ltr'><strong>Πύδνῃ</strong></span> <span class='ocrx_word' id='word_1_468' title='bbox 1698 4491 1767 4562; x_wconf 76' lang='grc' dir='ltr'><strong>τῇ</strong></span> <span class='ocrx_word' id='word_1_469' title='bbox 1826 4487 2029 4559; x_wconf 88' lang='grc' dir='ltr'><strong>πόλει,</strong></span> 
     </span>
    </p>
   </div>
   <div class='ocr_carea' id='block_1_76' title="bbox 373 4575 2034 4656">
    <p class='ocr_par' dir='ltr' id='par_1_76' title="bbox 373 4575 2034 4656">
     <span class='ocr_line' id='line_1_76' title="bbox 373 4575 2034 4656; baseline -0.005 -17"><span class='ocrx_word' id='word_1_470' title='bbox 373 4585 477 4653; x_wconf 79' lang='grc' dir='ltr'><strong>τήν</strong></span> <span class='ocrx_word' id='word_1_471' title='bbox 538 4582 728 4656; x_wconf 77' lang='grc' dir='ltr'><strong>μανίαν</strong></span> <span class='ocrx_word' id='word_1_472' title='bbox 784 4585 890 4637; x_wconf 81' lang='grc' dir='ltr'>τῶν</span> <span class='ocrx_word' id='word_1_473' title='bbox 948 4575 1220 4635; x_wconf 76' lang='grc' dir='ltr'><strong>δυσσεϐῶν</strong></span> <span class='ocrx_word' id='word_1_474' title='bbox 1268 4575 1595 4653; x_wconf 66' lang='grc' dir='ltr'><strong>διελέγχων,</strong></span> <span class='ocrx_word' id='word_1_475' title='bbox 1624 4577 1715 4632; x_wconf 82' lang='grc' dir='ltr'>καὶ</span> <span class='ocrx_word' id='word_1_476' title='bbox 1752 4578 1845 4633; x_wconf 86' lang='grc' dir='ltr'><strong>τὸν</strong></span> <span class='ocrx_word' id='word_1_477' title='bbox 1904 4583 2034 4650; x_wconf 84' lang='grc' dir='ltr'><strong>Χρι-</strong></span> 
     </span>
    </p>
   </div>
   <div class='ocr_carea' id='block_1_77' title="bbox 2137 3378 3791 3449">
    <p class='ocr_par' dir='ltr' id='par_1_77' title="bbox 2137 3378 3791 3449">
     <span class='ocr_line' id='line_1_77' title="bbox 2137 3378 3791 3449; baseline -0.004 -9"><span class='ocrx_word' id='word_1_478' title='bbox 2137 3400 2288 3442; x_wconf 90' lang='lat' dir='ltr'>esse.</span> <span class='ocrx_word' id='word_1_479' title='bbox 2307 3386 2452 3438; x_wconf 90' lang='lat' dir='ltr'>Cum</span> <span class='ocrx_word' id='word_1_480' title='bbox 2475 3386 2673 3436; x_wconf 88' lang='lat' dir='ltr'>autem</span> <span class='ocrx_word' id='word_1_481' title='bbox 2698 3380 2758 3434; x_wconf 91' lang='lat' dir='ltr'>in</span> <span class='ocrx_word' id='word_1_482' title='bbox 2780 3379 3059 3435; x_wconf 90' lang='lat' dir='ltr'>omnibus</span> <span class='ocrx_word' id='word_1_483' title='bbox 3077 3378 3363 3435; x_wconf 88' lang='lat' dir='ltr'>doctrinis</span> <span class='ocrx_word' id='word_1_484' title='bbox 3388 3385 3446 3433; x_wconf 92' lang='lat' dir='ltr'>et</span> <span class='ocrx_word' id='word_1_485' title='bbox 3468 3378 3791 3449; x_wconf 89' lang='lat' dir='ltr'>Scripturis</span> 
     </span>
    </p>
   </div>
   <div class='ocr_carea' id='block_1_78' title="bbox 2136 3467 3794 3540">
    <p class='ocr_par' dir='ltr' id='par_1_78' title="bbox 2136 3467 3794 3540">
     <span class='ocr_line' id='line_1_78' title="bbox 2136 3467 3794 3540; baseline -0.005 -10"><span class='ocrx_word' id='word_1_486' title='bbox 2136 3478 2294 3530; x_wconf 86' lang='lat' dir='ltr'>esset</span> <span class='ocrx_word' id='word_1_487' title='bbox 2340 3477 2625 3537; x_wconf 89' lang='lat' dir='ltr'>versatus,</span> <span class='ocrx_word' id='word_1_488' title='bbox 2688 3470 3027 3540; x_wconf 88' lang='lat' dir='ltr'>complures</span> <span class='ocrx_word' id='word_1_489' title='bbox 3069 3468 3516 3525; x_wconf 85' lang='lat' dir='ltr'>lucubrationes</span> <span class='ocrx_word' id='word_1_490' title='bbox 3546 3467 3794 3538; x_wconf 88' lang='lat' dir='ltr'>reliquit</span> 
     </span>
    </p>
   </div>
   <div class='ocr_carea' id='block_1_79' title="bbox 2137 3559 3797 3632">
    <p class='ocr_par' dir='ltr' id='par_1_79' title="bbox 2137 3559 3797 3632">
     <span class='ocr_line' id='line_1_79' title="bbox 2137 3559 3797 3632; baseline -0.005 -11"><span class='ocrx_word' id='word_1_491' title='bbox 2137 3564 2341 3621; x_wconf 85' lang='lat' dir='ltr'>Latino</span> <span class='ocrx_word' id='word_1_492' title='bbox 2373 3578 2649 3618; x_wconf 88' lang='lat' dir='ltr'>sermone</span> <span class='ocrx_word' id='word_1_493' title='bbox 2679 3561 3060 3632; x_wconf 90' lang='lat' dir='ltr'>compositas,</span> <span class='ocrx_word' id='word_1_494' title='bbox 3110 3561 3172 3615; x_wconf 92' lang='lat' dir='ltr'>in</span> <span class='ocrx_word' id='word_1_495' title='bbox 3227 3561 3498 3616; x_wconf 63' lang='lat' dir='ltr'>Graecum</span> <span class='ocrx_word' id='word_1_496' title='bbox 3529 3564 3664 3631; x_wconf 90' lang='lat' dir='ltr'>post</span> <span class='ocrx_word' id='word_1_497' title='bbox 3692 3559 3797 3614; x_wconf 75' lang='grc'>14</span> 
     </span>
    </p>
   </div>
   <div class='ocr_carea' id='block_1_80' title="bbox 2136 3646 3792 3721">
    <p class='ocr_par' dir='ltr' id='par_1_80' title="bbox 2136 3646 3792 3721">
     <span class='ocr_line' id='line_1_80' title="bbox 2136 3646 3792 3721; baseline -0.004 -11"><span class='ocrx_word' id='word_1_498' title='bbox 2136 3668 2474 3710; x_wconf 88' lang='lat' dir='ltr'>conversas.</span> <span class='ocrx_word' id='word_1_499' title='bbox 2510 3651 2641 3706; x_wconf 84' lang='lat' dir='ltr'>Vita</span> <span class='ocrx_word' id='word_1_500' title='bbox 2667 3650 2867 3721; x_wconf 87' lang='lat' dir='ltr'>itaque</span> <span class='ocrx_word' id='word_1_501' title='bbox 2919 3649 3077 3705; x_wconf 88' lang='lat' dir='ltr'>hunc</span> <span class='ocrx_word' id='word_1_502' title='bbox 3109 3650 3169 3705; x_wconf 91' lang='lat' dir='ltr'>in</span> <span class='ocrx_word' id='word_1_503' title='bbox 3204 3649 3449 3706; x_wconf 92' lang='lat' dir='ltr'>modum</span> <span class='ocrx_word' id='word_1_504' title='bbox 3498 3646 3792 3715; x_wconf 88' lang='lat' dir='ltr'>traducta,</span> 
     </span>
    </p>
   </div>
   <div class='ocr_carea' id='block_1_81' title="bbox 2137 3742 3799 3818">
    <p class='ocr_par' dir='ltr' id='par_1_81' title="bbox 2137 3742 3799 3818">
     <span class='ocr_line' id='line_1_81' title="bbox 2137 3742 3799 3818; baseline -0.004 -15"><span class='ocrx_word' id='word_1_505' title='bbox 2137 3752 2198 3803; x_wconf 90' lang='lat' dir='ltr'>et</span> <span class='ocrx_word' id='word_1_506' title='bbox 2223 3746 2400 3802; x_wconf 88' lang='lat' dir='ltr'>variis</span> <span class='ocrx_word' id='word_1_507' title='bbox 2431 3745 2678 3818; x_wconf 87' lang='lat' dir='ltr'>patratis</span> <span class='ocrx_word' id='word_1_508' title='bbox 2723 3743 3056 3811; x_wconf 89' lang='lat' dir='ltr'>miraculis,</span> <span class='ocrx_word' id='word_1_509' title='bbox 3087 3744 3152 3800; x_wconf 92' lang='lat' dir='ltr'>in</span> <span class='ocrx_word' id='word_1_510' title='bbox 3181 3760 3325 3817; x_wconf 91' lang='lat' dir='ltr'>pace</span> <span class='ocrx_word' id='word_1_511' title='bbox 3357 3742 3432 3799; x_wconf 90' lang='lat' dir='ltr'>ad</span> <span class='ocrx_word' id='word_1_512' title='bbox 3481 3742 3799 3799; x_wconf 88' lang='lat' dir='ltr'>Dominum</span> 
     </span>
    </p>
   </div>
   <div class='ocr_carea' id='block_1_82' title="bbox 2139 3835 2433 3910">
    <p class='ocr_par' dir='ltr' id='par_1_82' title="bbox 2139 3835 2433 3910">
     <span class='ocr_line' id='line_1_82' title="bbox 2139 3835 2433 3910; baseline -0.01 -17"><span class='ocrx_word' id='word_1_513' title='bbox 2139 3835 2433 3910; x_wconf 86' lang='lat' dir='ltr'>migravit.</span> 
     </span>
    </p>
   </div>
   <div class='ocr_carea' id='block_1_83' title="bbox 2708 3922 3226 3980">
    <p class='ocr_par' dir='ltr' id='par_1_83' title="bbox 2708 3922 3226 3980">
     <span class='ocr_line' id='line_1_83' title="bbox 2708 3922 3226 3980; baseline 0 -3"><span class='ocrx_word' id='word_1_514' title='bbox 2708 3922 2951 3980; x_wconf 84' lang='lat' dir='ltr'><strong>EODEM</strong></span> <span class='ocrx_word' id='word_1_515' title='bbox 2974 3922 3226 3978; x_wconf 83' lang='lat' dir='ltr'>MENSE.</span> 
     </span>
    </p>
   </div>
   <div class='ocr_carea' id='block_1_84' title="bbox 2675 4010 3263 4069">
    <p class='ocr_par' dir='ltr' id='par_1_84' title="bbox 2675 4010 3263 4069">
     <span class='ocr_line' id='line_1_84' title="bbox 2675 4010 3263 4069; baseline -0.005 0"><span class='ocrx_word' id='word_1_516' title='bbox 2675 4012 2777 4069; x_wconf 90' lang='lat' dir='ltr'>Die</span> <span class='ocrx_word' id='word_1_517' title='bbox 2811 4010 3042 4067; x_wconf 89' lang='lat' dir='ltr'>decima</span> <span class='ocrx_word' id='word_1_518' title='bbox 3087 4011 3263 4067; x_wconf 90' lang='lat' dir='ltr'>tertia</span> 
     </span>
    </p>
   </div>
   <div class='ocr_carea' id='block_1_85' title="bbox 2384 4099 3550 4171">
    <p class='ocr_par' dir='ltr' id='par_1_85' title="bbox 2384 4099 3550 4171">
     <span class='ocr_line' id='line_1_85' title="bbox 2384 4099 3550 4171; baseline -0.003 -13"><span class='ocrx_word' id='word_1_519' title='bbox 2384 4101 2667 4158; x_wconf 79' lang='lat' dir='ltr'>Certamen</span> <span class='ocrx_word' id='word_1_520' title='bbox 2694 4103 2872 4157; x_wconf 81' lang='lat' dir='ltr'>sancti</span> <span class='ocrx_word' id='word_1_521' title='bbox 2905 4100 3170 4171; x_wconf 79' lang='lat' dir='ltr'>martyris</span> <span class='ocrx_word' id='word_1_522' title='bbox 3208 4099 3550 4155; x_wconf 70' lang='lat' dir='ltr'>Alexandri.</span> 
     </span>
    </p>
   </div>
   <div class='ocr_carea' id='block_1_86' title="bbox 2210 4214 3801 4289">
    <p class='ocr_par' dir='ltr' id='par_1_86' title="bbox 2210 4214 3801 4289">
     <span class='ocr_line' id='line_1_86' title="bbox 2210 4214 3801 4289; baseline -0.004 -15"><span class='ocrx_word' id='word_1_523' title='bbox 2210 4219 2461 4275; x_wconf 89' lang='lat' dir='ltr'>Sanctus</span> <span class='ocrx_word' id='word_1_524' title='bbox 2491 4223 2550 4273; x_wconf 89' lang='lat' dir='ltr'>et</span> <span class='ocrx_word' id='word_1_525' title='bbox 2596 4217 2891 4289; x_wconf 88' lang='lat' dir='ltr'>gloriosus</span> <span class='ocrx_word' id='word_1_526' title='bbox 2922 4216 3137 4271; x_wconf 88' lang='lat' dir='ltr'>Christi</span> <span class='ocrx_word' id='word_1_527' title='bbox 3193 4220 3419 4286; x_wconf 86' lang='lat' dir='ltr'>martyr</span> <span class='ocrx_word' id='word_1_528' title='bbox 3465 4214 3801 4269; x_wconf 87' lang='lat' dir='ltr'>Alexander</span> 
     </span>
    </p>
   </div>
   <div class='ocr_carea' id='block_1_87' title="bbox 2138 4303 3793 4379">
    <p class='ocr_par' dir='ltr' id='par_1_87' title="bbox 2138 4303 3793 4379">
     <span class='ocr_line' id='line_1_87' title="bbox 2138 4303 3793 4379; baseline -0.005 -14"><span class='ocrx_word' id='word_1_529' title='bbox 2138 4307 2506 4379; x_wconf 88' lang='lat' dir='ltr'>temporibus</span> <span class='ocrx_word' id='word_1_530' title='bbox 2537 4306 2992 4378; x_wconf 87' lang='lat' dir='ltr'>persecutionis,</span> <span class='ocrx_word' id='word_1_531' title='bbox 3019 4311 3078 4359; x_wconf 92' lang='lat' dir='ltr'>et</span> <span class='ocrx_word' id='word_1_532' title='bbox 3097 4305 3253 4360; x_wconf 90' lang='lat' dir='ltr'>inter</span> <span class='ocrx_word' id='word_1_533' title='bbox 3276 4304 3551 4360; x_wconf 88' lang='lat' dir='ltr'>tenebras</span> <span class='ocrx_word' id='word_1_534' title='bbox 3574 4303 3793 4358; x_wconf 89' lang='lat' dir='ltr'>erroris</span> 
     </span>
    </p>
   </div>
   <div class='ocr_carea' id='block_1_88' title="bbox 2138 4393 3791 4466">
    <p class='ocr_par' dir='ltr' id='par_1_88' title="bbox 2138 4393 3791 4466">
     <span class='ocr_line' id='line_1_88' title="bbox 2138 4393 3791 4466; baseline -0.004 -13"><span class='ocrx_word' id='word_1_535' title='bbox 2138 4398 2552 4460; x_wconf 88' lang='lat' dir='ltr'>idolatrarum,</span> <span class='ocrx_word' id='word_1_536' title='bbox 2584 4396 2744 4450; x_wconf 88' lang='lat' dir='ltr'>velut</span> <span class='ocrx_word' id='word_1_537' title='bbox 2789 4394 3343 4466; x_wconf 88' lang='lat' dir='ltr'>splendidissimum</span> <span class='ocrx_word' id='word_1_538' title='bbox 3377 4393 3541 4449; x_wconf 88' lang='lat' dir='ltr'>sidus</span> <span class='ocrx_word' id='word_1_539' title='bbox 3572 4393 3791 4463; x_wconf 87' lang='lat' dir='ltr'>pietate</span> 
     </span>
    </p>
   </div>
   <div class='ocr_carea' id='block_1_89' title="bbox 2138 4481 3795 4556">
    <p class='ocr_par' dir='ltr' id='par_1_89' title="bbox 2138 4481 3795 4556">
     <span class='ocr_line' id='line_1_89' title="bbox 2138 4481 3795 4556; baseline -0.005 -12"><span class='ocrx_word' id='word_1_540' title='bbox 2138 4486 2374 4544; x_wconf 83' lang='lat' dir='ltr'>refulsit</span> <span class='ocrx_word' id='word_1_541' title='bbox 2402 4486 2463 4540; x_wconf 94' lang='lat' dir='ltr'>in</span> <span class='ocrx_word' id='word_1_542' title='bbox 2493 4484 2642 4540; x_wconf 91' lang='lat' dir='ltr'>urbe</span> <span class='ocrx_word' id='word_1_543' title='bbox 2674 4484 2895 4556; x_wconf 88' lang='lat' dir='ltr'>Pydna.</span> <span class='ocrx_word' id='word_1_544' title='bbox 2943 4484 3088 4539; x_wconf 90' lang='lat' dir='ltr'>Cum</span> <span class='ocrx_word' id='word_1_545' title='bbox 3119 4488 3316 4537; x_wconf 88' lang='lat' dir='ltr'>autem</span> <span class='ocrx_word' id='word_1_546' title='bbox 3349 4482 3672 4554; x_wconf 90' lang='lat' dir='ltr'>impiorum</span> <span class='ocrx_word' id='word_1_547' title='bbox 3703 4481 3795 4536; x_wconf 87' lang='lat' dir='ltr'>in-</span> 
     </span>
    </p>
   </div>
   <div class='ocr_carea' id='block_1_90' title="bbox 2142 4574 3798 4648">
    <p class='ocr_par' dir='ltr' id='par_1_90' title="bbox 2142 4574 3798 4648">
     <span class='ocr_line' id='line_1_90' title="bbox 2142 4574 3798 4648; baseline -0.001 -14"><span class='ocrx_word' id='word_1_548' title='bbox 2142 4578 2374 4634; x_wconf 87' lang='lat' dir='ltr'>saniam</span> <span class='ocrx_word' id='word_1_549' title='bbox 2406 4576 2805 4648; x_wconf 85' lang='lat' dir='ltr'>redargueret,</span> <span class='ocrx_word' id='word_1_550' title='bbox 2834 4575 3255 4646; x_wconf 88' lang='lat' dir='ltr'>Christumque</span> <span class='ocrx_word' id='word_1_551' title='bbox 3285 4574 3479 4647; x_wconf 91' lang='lat' dir='ltr'>palam</span> <span class='ocrx_word' id='word_1_552' title='bbox 3502 4576 3798 4647; x_wconf 74' lang='lat' dir='ltr'>praedica-</span> 
     </span>
    </p>
   </div>
   <div class='ocr_carea' id='block_1_91' title="bbox 374 4651 2027 4746">
    <p class='ocr_par' dir='ltr' id='par_1_91' title="bbox 374 4651 2027 4746">
     <span class='ocr_line' id='line_1_91' title="bbox 374 4651 2027 4746; baseline -0.004 -19"><span class='ocrx_word' id='word_1_553' title='bbox 374 4651 501 4727; x_wconf 81' lang='grc' dir='ltr'><strong>στὸν</strong></span> <span class='ocrx_word' id='word_1_554' title='bbox 526 4651 771 4746; x_wconf 60' lang='grc' dir='ltr'><strong>ιρανερῶς</strong></span> <span class='ocrx_word' id='word_1_555' title='bbox 804 4669 1111 4742; x_wconf 78' lang='grc' dir='ltr'><strong>κηρύττων,</strong></span> <span class='ocrx_word' id='word_1_556' title='bbox 1142 4666 1233 4723; x_wconf 72' lang='grc' dir='ltr'>καὶ</span> <span class='ocrx_word' id='word_1_557' title='bbox 1282 4651 1529 4729; x_wconf 64' lang='grc' dir='ltr'><strong>πολλοές</strong></span> <span class='ocrx_word' id='word_1_558' title='bbox 1581 4670 1691 4721; x_wconf 80' lang='grc' dir='ltr'><strong>τῶν</strong></span> <span class='ocrx_word' id='word_1_559' title='bbox 1749 4665 2027 4736; x_wconf 60' lang='grc' dir='ltr'><strong>Ἑλλήνων</strong></span> 
     </span>
    </p>
   </div>
   <div class='ocr_carea' id='block_1_92' title="bbox 2140 4651 3799 4746">
    <p class='ocr_par' dir='ltr' id='par_1_92' title="bbox 2147 4664 3799 4736">
     <span class='ocr_line' id='line_1_92' title="bbox 2147 4664 3799 4736; baseline -0.001 -12"><span class='ocrx_word' id='word_1_560' title='bbox 2147 4673 2258 4734; x_wconf 90' lang='lat' dir='ltr'>ret,</span> <span class='ocrx_word' id='word_1_561' title='bbox 2291 4673 2352 4723; x_wconf 90' lang='lat' dir='ltr'>et</span> <span class='ocrx_word' id='word_1_562' title='bbox 2375 4683 2446 4722; x_wconf 90' lang='lat' dir='ltr'>ex</span> <span class='ocrx_word' id='word_1_563' title='bbox 2468 4665 2684 4722; x_wconf 65' lang='lat' dir='ltr'>Graecis</span> <span class='ocrx_word' id='word_1_564' title='bbox 2708 4664 3044 4736; x_wconf 87' lang='lat' dir='ltr'>complures</span> <span class='ocrx_word' id='word_1_565' title='bbox 3066 4665 3140 4720; x_wconf 90' lang='lat' dir='ltr'>ad</span> <span class='ocrx_word' id='word_1_566' title='bbox 3172 4664 3344 4721; x_wconf 88' lang='lat' dir='ltr'>illum</span> <span class='ocrx_word' id='word_1_567' title='bbox 3366 4666 3668 4722; x_wconf 86' lang='lat' dir='ltr'>traductos</span> <span class='ocrx_word' id='word_1_568' title='bbox 3698 4666 3799 4722; x_wconf 86' lang='lat' dir='ltr'>ba-</span> 
     </span>
    </p>
   </div>
   <div class='ocr_carea' id='block_1_93' title="bbox 374 4752 2032 4837">
    <p class='ocr_par' dir='ltr' id='par_1_93' title="bbox 374 4752 2032 4837">
     <span class='ocr_line' id='line_1_93' title="bbox 374 4752 2032 4837; baseline -0.004 -20"><span class='ocrx_word' id='word_1_569' title='bbox 374 4761 717 4837; x_wconf 72' lang='grc' dir='ltr'><strong>ἒπιστρὲφων</strong></span> <span class='ocrx_word' id='word_1_570' title='bbox 803 4759 938 4834; x_wconf 85' lang='grc' dir='ltr'><strong>πρὸς</strong></span> <span class='ocrx_word' id='word_1_571' title='bbox 1022 4756 1179 4812; x_wconf 74' lang='grc' dir='ltr'><strong>αὐτὸν</strong></span> <span class='ocrx_word' id='word_1_572' title='bbox 1225 4757 1315 4812; x_wconf 79' lang='grc' dir='ltr'>καὶ</span> <span class='ocrx_word' id='word_1_573' title='bbox 1395 4754 1696 4833; x_wconf 83' lang='grc' dir='ltr'><strong>βαπτίζων.</strong></span> <span class='ocrx_word' id='word_1_574' title='bbox 1754 4754 1918 4810; x_wconf 73' lang='grc' dir='ltr'><strong>Οὕτω</strong></span> <span class='ocrx_word' id='word_1_575' title='bbox 1974 4752 2032 4810; x_wconf 77' lang='grc' dir='ltr'><strong>δὶ</strong></span> 
     </span>
    </p>
   </div>
   <div class='ocr_carea' id='block_1_94' title="bbox 364 4840 2029 4924">
    <p class='ocr_par' dir='ltr' id='par_1_94' title="bbox 364 4840 2029 4924">
     <span class='ocr_line' id='line_1_94' title="bbox 364 4840 2029 4924; baseline -0.004 -18"><span class='ocrx_word' id='word_1_576' title='bbox 364 4855 567 4918; x_wconf 79' lang='grc' dir='ltr'><strong>ποιῶν,</strong></span> <span class='ocrx_word' id='word_1_577' title='bbox 602 4849 678 4911; x_wconf 80' lang='grc' dir='ltr'>εἷς</span> <span class='ocrx_word' id='word_1_578' title='bbox 734 4847 902 4924; x_wconf 80' lang='grc' dir='ltr'><strong>ὀργὴν</strong></span> <span class='ocrx_word' id='word_1_579' title='bbox 956 4846 1196 4917; x_wconf 75' lang='grc' dir='ltr'><strong>ἐκίνησε.</strong></span> <span class='ocrx_word' id='word_1_580' title='bbox 1252 4845 1373 4901; x_wconf 70' lang='grc' dir='ltr'>καθ’</span> <span class='ocrx_word' id='word_1_581' title='bbox 1430 4844 1624 4900; x_wconf 62' lang='grc' dir='ltr'><strong>ἑαυτοῦ</strong></span> <span class='ocrx_word' id='word_1_582' title='bbox 1678 4843 1806 4900; x_wconf 77' lang='grc' dir='ltr'><strong>τοὺς</strong></span> <span class='ocrx_word' id='word_1_583' title='bbox 1866 4840 2029 4899; x_wconf 78' lang='grc' dir='ltr'><strong>εἰδω-</strong></span> 
     </span>
    </p>
   </div>
   <div class='ocr_carea' id='block_1_95' title="bbox 366 4931 2029 5013">
    <p class='ocr_par' dir='ltr' id='par_1_95' title="bbox 366 4931 2029 5013">
     <span class='ocr_line' id='line_1_95' title="bbox 366 4931 2029 5013; baseline -0.005 -18"><span class='ocrx_word' id='word_1_584' title='bbox 366 4938 648 5013; x_wconf 76' lang='grc' dir='ltr'><strong>λολάτρας</strong></span> <span class='ocrx_word' id='word_1_585' title='bbox 704 4938 802 5005; x_wconf 78' lang='grc' dir='ltr'><strong>τήν</strong></span> <span class='ocrx_word' id='word_1_586' title='bbox 861 4934 1171 5012; x_wconf 74' lang='grc' dir='ltr'><strong>παῤῥησίαν</strong></span> <span class='ocrx_word' id='word_1_587' title='bbox 1241 4934 1405 4991; x_wconf 77' lang='grc' dir='ltr'><strong>αὐτοῦ</strong></span> <span class='ocrx_word' id='word_1_588' title='bbox 1476 4934 1566 4989; x_wconf 81' lang='grc' dir='ltr'><strong>καὶ</strong></span> <span class='ocrx_word' id='word_1_589' title='bbox 1646 4931 1711 4989; x_wconf 77' lang='grc' dir='ltr'><strong>τὸ</strong></span> <span class='ocrx_word' id='word_1_590' title='bbox 1788 4931 2029 5009; x_wconf 71' lang='grc' dir='ltr'><strong>ἰσχυρὸν</strong></span> 
     </span>
    </p>
   </div>
   <div class='ocr_carea' id='block_1_96' title="bbox 358 5020 2021 5101">
    <p class='ocr_par' dir='ltr' id='par_1_96' title="bbox 358 5020 2021 5101">
     <span class='ocr_line' id='line_1_96' title="bbox 358 5020 2021 5101; baseline -0.003 -19"><span class='ocrx_word' id='word_1_591' title='bbox 358 5031 458 5083; x_wconf 71' lang='grc' dir='ltr'><strong>τοῦ</strong></span> <span class='ocrx_word' id='word_1_592' title='bbox 512 5024 689 5101; x_wconf 73' lang='grc' dir='ltr'>λόγου</span> <span class='ocrx_word' id='word_1_593' title='bbox 743 5026 821 5099; x_wconf 77' lang='grc' dir='ltr'><strong>μὴ</strong></span> <span class='ocrx_word' id='word_1_594' title='bbox 879 5023 1297 5096; x_wconf 78' lang='grc' dir='ltr'><strong>ὑπομείναντας.</strong></span> <span class='ocrx_word' id='word_1_595' title='bbox 1353 5024 1514 5082; x_wconf 71' lang='grc' dir='ltr'><strong>Ὅθεν</strong></span> <span class='ocrx_word' id='word_1_596' title='bbox 1571 5020 2021 5098; x_wconf 75' lang='grc' dir='ltr'><strong>ἐπισυναχθέντες</strong></span> 
     </span>
    </p>
   </div>
   <div class='ocr_carea' id='block_1_97' title="bbox 361 5109 2027 5187">
    <p class='ocr_par' dir='ltr' id='par_1_97' title="bbox 361 5109 2027 5187">
     <span class='ocr_line' id='line_1_97' title="bbox 361 5109 2027 5187; baseline -0.003 -16"><span class='ocrx_word' id='word_1_597' title='bbox 361 5116 483 5171; x_wconf 84' lang='grc' dir='ltr'><strong>κατ’</strong></span> <span class='ocrx_word' id='word_1_598' title='bbox 538 5116 732 5183; x_wconf 81' lang='grc' dir='ltr'><strong>αύτοῦ,</strong></span> <span class='ocrx_word' id='word_1_599' title='bbox 790 5112 881 5168; x_wconf 83' lang='grc' dir='ltr'>καὶ</span> <span class='ocrx_word' id='word_1_600' title='bbox 938 5113 1305 5187; x_wconf 71' lang='grc' dir='ltr'><strong>κρατήσαντες</strong></span> <span class='ocrx_word' id='word_1_601' title='bbox 1364 5109 1549 5179; x_wconf 73' lang='grc' dir='ltr'><strong>αὐτὸν,</strong></span> <span class='ocrx_word' id='word_1_602' title='bbox 1604 5109 2027 5185; x_wconf 68' lang='grc' dir='ltr'><strong>ἆτιμωρήσαντο</strong></span> 
     </span>
    </p>
   </div>
   <div class='ocr_carea' id='block_1_98' title="bbox 362 5197 2023 5280">
    <p class='ocr_par' dir='ltr' id='par_1_98' title="bbox 362 5197 2023 5280">
     <span class='ocr_line' id='line_1_98' title="bbox 362 5197 2023 5280; baseline -0.004 -20"><span class='ocrx_word' id='word_1_603' title='bbox 362 5206 633 5280; x_wconf 72' lang='grc' dir='ltr'><strong>ἰσχυρῶς,</strong></span> <span class='ocrx_word' id='word_1_604' title='bbox 658 5202 750 5257; x_wconf 78' lang='grc' dir='ltr'><strong>καὶ</strong></span> <span class='ocrx_word' id='word_1_605' title='bbox 806 5198 1001 5275; x_wconf 76' lang='grc' dir='ltr'><strong>ἔτυψαν</strong></span> <span class='ocrx_word' id='word_1_606' title='bbox 1049 5201 1215 5257; x_wconf 75' lang='grc' dir='ltr'><strong>αὐτὸν</strong></span> <span class='ocrx_word' id='word_1_607' title='bbox 1273 5197 1532 5278; x_wconf 79' lang='grc' dir='ltr'><strong>ἀφειδῶς,</strong></span> <span class='ocrx_word' id='word_1_608' title='bbox 1585 5198 2023 5274; x_wconf 79' lang='grc' dir='ltr'><strong>καταναγκάσαν-</strong></span> 
     </span>
    </p>
   </div>
   <div class='ocr_carea' id='block_1_99' title="bbox 354 5283 2020 5361">
    <p class='ocr_par' dir='ltr' id='par_1_99' title="bbox 354 5283 2020 5361">
     <span class='ocr_line' id='line_1_99' title="bbox 354 5283 2020 5361; baseline -0.004 -12"><span class='ocrx_word' id='word_1_609' title='bbox 354 5315 444 5356; x_wconf 88' lang='grc' dir='ltr'>τες</span> <span class='ocrx_word' id='word_1_610' title='bbox 476 5292 637 5348; x_wconf 80' lang='grc' dir='ltr'><strong>αὐτὸν</strong></span> <span class='ocrx_word' id='word_1_611' title='bbox 669 5293 826 5345; x_wconf 82' lang='grc' dir='ltr'><strong>θῦσαι</strong></span> <span class='ocrx_word' id='word_1_612' title='bbox 856 5294 975 5353; x_wconf 84' lang='grc' dir='ltr'><strong>τοῖς</strong></span> <span class='ocrx_word' id='word_1_613' title='bbox 1005 5289 1263 5361; x_wconf 73' lang='grc' dir='ltr'><strong>ἀνοήτοις</strong></span> <span class='ocrx_word' id='word_1_614' title='bbox 1322 5294 1489 5353; x_wconf 80' lang='grc' dir='ltr'><strong>θεοῖς.</strong></span> <span class='ocrx_word' id='word_1_615' title='bbox 1520 5289 1609 5351; x_wconf 77' lang='grc' dir='ltr'><strong>Ὠς</strong></span> <span class='ocrx_word' id='word_1_616' title='bbox 1639 5286 1698 5343; x_wconf 76' lang='grc' dir='ltr'>δὲ</span> <span class='ocrx_word' id='word_1_617' title='bbox 1753 5288 1853 5344; x_wconf 83' lang='grc' dir='ltr'><strong>οὐκ</strong></span> <span class='ocrx_word' id='word_1_618' title='bbox 1880 5283 2020 5343; x_wconf 77' lang='grc' dir='ltr'><strong>ἔπει·</strong></span> 
     </span>
    </p>
   </div>
   <div class='ocr_carea' id='block_1_100' title="bbox 357 5375 2014 5456">
    <p class='ocr_par' dir='ltr' id='par_1_100' title="bbox 357 5375 2014 5456">
     <span class='ocr_line' id='line_1_100' title="bbox 357 5375 2014 5456; baseline -0.005 -17"><span class='ocrx_word' id='word_1_619' title='bbox 357 5402 453 5439; x_wconf 89' lang='grc' dir='ltr'>σαν</span> <span class='ocrx_word' id='word_1_620' title='bbox 489 5428 506 5454; x_wconf 89' lang='grc'>,</span> <span class='ocrx_word' id='word_1_621' title='bbox 577 5376 935 5436; x_wconf 80' lang='grc' dir='ltr'><strong>κατεδίκασαν</strong></span> <span class='ocrx_word' id='word_1_622' title='bbox 1023 5379 1188 5435; x_wconf 80' lang='grc' dir='ltr'><strong>αὐτὸν</strong></span> <span class='ocrx_word' id='word_1_623' title='bbox 1274 5375 1779 5456; x_wconf 76' lang='grc' dir='ltr'><strong>ἁποκεφαλισθῆναι</strong></span> <span class='ocrx_word' id='word_1_624' title='bbox 1810 5420 1825 5434; x_wconf 92' lang='grc'><strong>.</strong></span> <span class='ocrx_word' id='word_1_625' title='bbox 1911 5377 2014 5435; x_wconf 80' lang='grc' dir='ltr'>Καὶ</span> 
     </span>
    </p>
   </div>
   <div class='ocr_carea' id='block_1_101' title="bbox 353 5465 2019 5547">
    <p class='ocr_par' dir='ltr' id='par_1_101' title="bbox 353 5465 2019 5547">
     <span class='ocr_line' id='line_1_101' title="bbox 353 5465 2019 5547; baseline -0.004 -20"><span class='ocrx_word' id='word_1_626' title='bbox 353 5470 533 5533; x_wconf 69' lang='grc' dir='ltr'><strong>οὕτως</strong></span> <span class='ocrx_word' id='word_1_627' title='bbox 563 5470 909 5547; x_wconf 79' lang='grc' dir='ltr'><strong>εὐχαριστῶν</strong></span> <span class='ocrx_word' id='word_1_628' title='bbox 942 5472 1023 5540; x_wconf 78' lang='grc' dir='ltr'><strong>τῷ</strong></span> <span class='ocrx_word' id='word_1_629' title='bbox 1072 5471 1208 5541; x_wconf 75' lang='grc' dir='ltr'><strong>Θεῷ,</strong></span> <span class='ocrx_word' id='word_1_630' title='bbox 1266 5469 1366 5538; x_wconf 83' lang='grc' dir='ltr'><strong>τήν</strong></span> <span class='ocrx_word' id='word_1_631' title='bbox 1433 5466 1674 5545; x_wconf 72' lang='grc' dir='ltr'><strong>κεφαλὴν</strong></span> <span class='ocrx_word' id='word_1_632' title='bbox 1704 5465 2019 5540; x_wconf 73' lang='grc' dir='ltr'><strong>ἆκτμηθεῑς,</strong></span> 
     </span>
    </p>
   </div>
   <div class='ocr_carea' id='block_1_102' title="bbox 366 5555 2021 5635">
    <p class='ocr_par' dir='ltr' id='par_1_102' title="bbox 366 5555 2021 5635">
     <span class='ocr_line' id='line_1_102' title="bbox 366 5555 2021 5635; baseline -0.002 -18"><span class='ocrx_word' id='word_1_633' title='bbox 366 5560 653 5634; x_wconf 72' lang='grc' dir='ltr'><strong>παρέδωκε</strong></span> <span class='ocrx_word' id='word_1_634' title='bbox 680 5562 779 5629; x_wconf 73' lang='grc' dir='ltr'><strong>τὴν</strong></span> <span class='ocrx_word' id='word_1_635' title='bbox 842 5559 1109 5635; x_wconf 87' lang='grc' dir='ltr'><strong>μακαρίαν</strong></span> <span class='ocrx_word' id='word_1_636' title='bbox 1164 5558 1327 5615; x_wconf 77' lang='grc' dir='ltr'><strong>αὐτοῦ</strong></span> <span class='ocrx_word' id='word_1_637' title='bbox 1384 5560 1571 5634; x_wconf 77' lang='grc' dir='ltr'><strong>ψυχὴν</strong></span> <span class='ocrx_word' id='word_1_638' title='bbox 1616 5556 1697 5632; x_wconf 82' lang='grc' dir='ltr'><strong>τῷ</strong></span> <span class='ocrx_word' id='word_1_639' title='bbox 1753 5555 1890 5630; x_wconf 83' lang='grc' dir='ltr'><strong>Θεῷ.</strong></span> <span class='ocrx_word' id='word_1_640' title='bbox 1943 5559 2021 5614; x_wconf 82' lang='grc' dir='ltr'>Τὸ</span> 
     </span>
    </p>
   </div>
   <div class='ocr_carea' id='block_1_103' title="bbox 361 5642 2016 5723">
    <p class='ocr_par' dir='ltr' id='par_1_103' title="bbox 361 5642 2016 5723">
     <span class='ocr_line' id='line_1_103' title="bbox 361 5642 2016 5723; baseline -0.005 -14"><span class='ocrx_word' id='word_1_641' title='bbox 361 5652 417 5709; x_wconf 71' lang='grc' dir='ltr'><strong>δι</strong></span> <span class='ocrx_word' id='word_1_642' title='bbox 443 5652 633 5723; x_wconf 85' lang='grc' dir='ltr'><strong>τίμιον</strong></span> <span class='ocrx_word' id='word_1_643' title='bbox 661 5650 829 5705; x_wconf 76' lang='grc' dir='ltr'><strong>αὐτοῦ</strong></span> <span class='ocrx_word' id='word_1_644' title='bbox 859 5648 1114 5723; x_wconf 81' lang='grc' dir='ltr'><strong>λείψανον</strong></span> <span class='ocrx_word' id='word_1_645' title='bbox 1146 5644 1404 5722; x_wconf 69' lang='grc' dir='ltr'><strong>δλόμενοί</strong></span> <span class='ocrx_word' id='word_1_646' title='bbox 1430 5666 1573 5711; x_wconf 85' lang='grc' dir='ltr'><strong>τινες</strong></span> <span class='ocrx_word' id='word_1_647' title='bbox 1614 5652 1723 5703; x_wconf 81' lang='grc' dir='ltr'><strong>τῶν</strong></span> <span class='ocrx_word' id='word_1_648' title='bbox 1768 5642 2016 5703; x_wconf 72' lang='grc' dir='ltr'><strong>εὖλαϐῶν</strong></span> 
     </span>
    </p>
   </div>
   <div class='ocr_carea' id='block_1_104' title="bbox 364 5731 1534 5819">
    <p class='ocr_par' dir='ltr' id='par_1_104' title="bbox 364 5731 1534 5819">
     <span class='ocr_line' id='line_1_104' title="bbox 364 5731 1534 5819; baseline -0.005 -20"><span class='ocrx_word' id='word_1_649' title='bbox 364 5744 705 5819; x_wconf 65' lang='grc' dir='ltr'><strong>Χριστιανῶν</strong></span> <span class='ocrx_word' id='word_1_650' title='bbox 729 5738 819 5795; x_wconf 70' lang='grc' dir='ltr'><strong>καὶ</strong></span> <span class='ocrx_word' id='word_1_651' title='bbox 850 5734 1288 5817; x_wconf 70' lang='grc' dir='ltr'><strong>περιστείλαντας</strong></span> <span class='ocrx_word' id='word_1_652' title='bbox 1310 5731 1534 5815; x_wconf 55' lang='lat' dir='ltr'>Ralm.</span> 
     </span>
    </p>
   </div>
   <div class='ocr_carea' id='block_1_105' title="bbox 2140 4754 3801 4828">
    <p class='ocr_par' dir='ltr' id='par_1_105' title="bbox 2140 4754 3801 4828">
     <span class='ocr_line' id='line_1_105' title="bbox 2140 4754 3801 4828; baseline 0.001 -17"><span class='ocrx_word' id='word_1_653' title='bbox 2140 4757 2408 4828; x_wconf 87' lang='lat' dir='ltr'>ptizaret,</span> <span class='ocrx_word' id='word_1_654' title='bbox 2439 4771 2805 4827; x_wconf 85' lang='lat' dir='ltr'>paganorum</span> <span class='ocrx_word' id='word_1_655' title='bbox 2836 4754 2985 4810; x_wconf 91' lang='lat' dir='ltr'>iram</span> <span class='ocrx_word' id='word_1_656' title='bbox 3015 4755 3076 4809; x_wconf 89' lang='lat' dir='ltr'>iu</span> <span class='ocrx_word' id='word_1_657' title='bbox 3097 4771 3158 4809; x_wconf 91' lang='lat' dir='ltr'>se</span> <span class='ocrx_word' id='word_1_658' title='bbox 3181 4756 3519 4823; x_wconf 87' lang='lat' dir='ltr'>commovit,</span> <span class='ocrx_word' id='word_1_659' title='bbox 3544 4757 3647 4828; x_wconf 88' lang='lat' dir='ltr'>qui</span> <span class='ocrx_word' id='word_1_660' title='bbox 3669 4757 3801 4827; x_wconf 85' lang='lat' dir='ltr'>ejus</span> 
     </span>
    </p>
   </div>
   <div class='ocr_carea' id='block_1_106' title="bbox 2142 4842 3794 4917">
    <p class='ocr_par' dir='ltr' id='par_1_106' title="bbox 2142 4842 3794 4917">
     <span class='ocr_line' id='line_1_106' title="bbox 2142 4842 3794 4917; baseline -0.001 -14"><span class='ocrx_word' id='word_1_661' title='bbox 2142 4842 2501 4913; x_wconf 87' lang='lat' dir='ltr'>libertatem,</span> <span class='ocrx_word' id='word_1_662' title='bbox 2526 4850 2705 4917; x_wconf 84' lang='lat' dir='ltr'>atque</span> <span class='ocrx_word' id='word_1_663' title='bbox 2723 4844 2784 4900; x_wconf 90' lang='lat' dir='ltr'>in</span> <span class='ocrx_word' id='word_1_664' title='bbox 2808 4843 3059 4900; x_wconf 91' lang='lat' dir='ltr'>dicendo</span> <span class='ocrx_word' id='word_1_665' title='bbox 3080 4845 3199 4900; x_wconf 91' lang='lat' dir='ltr'>vim</span> <span class='ocrx_word' id='word_1_666' title='bbox 3223 4862 3376 4917; x_wconf 62' lang='lat' dir='ltr'>aegre</span> <span class='ocrx_word' id='word_1_667' title='bbox 3399 4846 3794 4902; x_wconf 89' lang='lat' dir='ltr'>sustinebant.</span> 
     </span>
    </p>
   </div>
   <div class='ocr_carea' id='block_1_107' title="bbox 2137 4934 3798 5008">
    <p class='ocr_par' dir='ltr' id='par_1_107' title="bbox 2137 4934 3798 5008">
     <span class='ocr_line' id='line_1_107' title="bbox 2137 4934 3798 5008; baseline -0.001 -16"><span class='ocrx_word' id='word_1_668' title='bbox 2137 4937 2315 4993; x_wconf 85' lang='lat' dir='ltr'>Facta</span> <span class='ocrx_word' id='word_1_669' title='bbox 2362 4934 2563 5008; x_wconf 87' lang='lat' dir='ltr'>itaque</span> <span class='ocrx_word' id='word_1_670' title='bbox 2617 4934 3085 5007; x_wconf 88' lang='lat' dir='ltr'>conspiratione,</span> <span class='ocrx_word' id='word_1_671' title='bbox 3118 4934 3291 4991; x_wconf 88' lang='lat' dir='ltr'>illum</span> <span class='ocrx_word' id='word_1_672' title='bbox 3323 4935 3798 5007; x_wconf 87' lang='lat' dir='ltr'>comprehende-</span> 
     </span>
    </p>
   </div>
   <div class='ocr_carea' id='block_1_108' title="bbox 2134 5024 3796 5099">
    <p class='ocr_par' dir='ltr' id='par_1_108' title="bbox 2134 5024 3796 5099">
     <span class='ocr_line' id='line_1_108' title="bbox 2134 5024 3796 5099; baseline -0.002 -16"><span class='ocrx_word' id='word_1_673' title='bbox 2134 5030 2301 5094; x_wconf 85' lang='lat' dir='ltr'>runt,</span> <span class='ocrx_word' id='word_1_674' title='bbox 2327 5040 2613 5099; x_wconf 68' lang='lat' dir='ltr'>smvmque</span> <span class='ocrx_word' id='word_1_675' title='bbox 2637 5024 2970 5095; x_wconf 73' lang='lat' dir='ltr'>subjectum</span> <span class='ocrx_word' id='word_1_676' title='bbox 2994 5025 3333 5097; x_wconf 64' lang='lat' dir='ltr'>quaestioni,</span> <span class='ocrx_word' id='word_1_677' title='bbox 3352 5030 3529 5097; x_wconf 88' lang='lat' dir='ltr'>atque</span> <span class='ocrx_word' id='word_1_678' title='bbox 3551 5024 3796 5081; x_wconf 83' lang='lat' dir='ltr'>durissi-</span> 
     </span>
    </p>
   </div>
   <div class='ocr_carea' id='block_1_109' title="bbox 2136 5113 3793 5187">
    <p class='ocr_par' dir='ltr' id='par_1_109' title="bbox 2136 5113 3793 5187">
     <span class='ocr_line' id='line_1_109' title="bbox 2136 5113 3793 5187; baseline -0.001 -15"><span class='ocrx_word' id='word_1_679' title='bbox 2136 5132 2233 5173; x_wconf 92' lang='lat' dir='ltr'>me</span> <span class='ocrx_word' id='word_1_680' title='bbox 2290 5132 2532 5182; x_wconf 69' lang='lat' dir='ltr'>cassum,</span> <span class='ocrx_word' id='word_1_681' title='bbox 2562 5113 2854 5187; x_wconf 85' lang='lat' dir='ltr'>urgebant</span> <span class='ocrx_word' id='word_1_682' title='bbox 2904 5119 2971 5169; x_wconf 91' lang='lat' dir='ltr'>ut</span> <span class='ocrx_word' id='word_1_683' title='bbox 3024 5115 3138 5172; x_wconf 88' lang='lat' dir='ltr'>diis</span> <span class='ocrx_word' id='word_1_684' title='bbox 3197 5120 3396 5171; x_wconf 90' lang='lat' dir='ltr'>mente</span> <span class='ocrx_word' id='word_1_685' title='bbox 3452 5114 3793 5171; x_wconf 84' lang='lat' dir='ltr'>carentibus</span> 
     </span>
    </p>
   </div>
   <div class='ocr_carea' id='block_1_110' title="bbox 2135 5202 3792 5275">
    <p class='ocr_par' dir='ltr' id='par_1_110' title="bbox 2135 5202 3792 5275">
     <span class='ocr_line' id='line_1_110' title="bbox 2135 5202 3792 5275; baseline -0.001 -13"><span class='ocrx_word' id='word_1_686' title='bbox 2135 5205 2494 5262; x_wconf 85' lang='lat' dir='ltr'>immolaret.</span> <span class='ocrx_word' id='word_1_687' title='bbox 2518 5204 2664 5259; x_wconf 86' lang='lat' dir='ltr'>Cum</span> <span class='ocrx_word' id='word_1_688' title='bbox 2685 5209 2883 5260; x_wconf 90' lang='lat' dir='ltr'>autem</span> <span class='ocrx_word' id='word_1_689' title='bbox 2900 5203 3051 5259; x_wconf 87' lang='lat' dir='ltr'>nihil</span> <span class='ocrx_word' id='word_1_690' title='bbox 3074 5202 3483 5275; x_wconf 78' lang='lat' dir='ltr'>profecissent.</span> <span class='ocrx_word' id='word_1_691' title='bbox 3508 5203 3792 5260; x_wconf 87' lang='lat' dir='ltr'>decollari</span> 
     </span>
    </p>
   </div>
   <div class='ocr_carea' id='block_1_111' title="bbox 2135 5293 3793 5367">
    <p class='ocr_par' dir='ltr' id='par_1_111' title="bbox 2135 5293 3793 5367">
     <span class='ocr_line' id='line_1_111' title="bbox 2135 5293 3793 5367; baseline -0.001 -16"><span class='ocrx_word' id='word_1_692' title='bbox 2135 5295 2308 5352; x_wconf 85' lang='lat' dir='ltr'>illum</span> <span class='ocrx_word' id='word_1_693' title='bbox 2329 5294 2566 5366; x_wconf 87' lang='lat' dir='ltr'>jubent.</span> <span class='ocrx_word' id='word_1_694' title='bbox 2602 5295 2786 5365; x_wconf 77' lang='lat' dir='ltr'>Atque</span> <span class='ocrx_word' id='word_1_695' title='bbox 2829 5294 2988 5349; x_wconf 90' lang='lat' dir='ltr'>hunc</span> <span class='ocrx_word' id='word_1_696' title='bbox 3043 5293 3104 5348; x_wconf 90' lang='lat' dir='ltr'>in</span> <span class='ocrx_word' id='word_1_697' title='bbox 3147 5294 3393 5349; x_wconf 90' lang='lat' dir='ltr'>modum</span> <span class='ocrx_word' id='word_1_698' title='bbox 3424 5295 3543 5350; x_wconf 88' lang='lat' dir='ltr'>Deo</span> <span class='ocrx_word' id='word_1_699' title='bbox 3574 5295 3793 5367; x_wconf 86' lang='lat' dir='ltr'>gratias</span> 
     </span>
    </p>
   </div>
   <div class='ocr_carea' id='block_1_112' title="bbox 2133 5382 3791 5457">
    <p class='ocr_par' dir='ltr' id='par_1_112' title="bbox 2133 5382 3791 5457">
     <span class='ocr_line' id='line_1_112' title="bbox 2133 5382 3791 5457; baseline -0.001 -18"><span class='ocrx_word' id='word_1_700' title='bbox 2133 5399 2336 5457; x_wconf 89' lang='lat' dir='ltr'>agens.</span> <span class='ocrx_word' id='word_1_701' title='bbox 2386 5383 2581 5456; x_wconf 82' lang='lat' dir='ltr'>capite</span> <span class='ocrx_word' id='word_1_702' title='bbox 2639 5382 2871 5455; x_wconf 84' lang='lat' dir='ltr'>plexus.</span> <span class='ocrx_word' id='word_1_703' title='bbox 2904 5382 3144 5438; x_wconf 87' lang='lat' dir='ltr'>beatum</span> <span class='ocrx_word' id='word_1_704' title='bbox 3202 5384 3482 5455; x_wconf 87' lang='lat' dir='ltr'>spiritum</span> <span class='ocrx_word' id='word_1_705' title='bbox 3540 5384 3791 5438; x_wconf 90' lang='lat' dir='ltr'>Domino</span> 
     </span>
    </p>
   </div>
   <div class='ocr_carea' id='block_1_113' title="bbox 2132 5469 3793 5545">
    <p class='ocr_par' dir='ltr' id='par_1_113' title="bbox 2132 5469 3793 5545">
     <span class='ocr_line' id='line_1_113' title="bbox 2132 5469 3793 5545; baseline -0.003 -17"><span class='ocrx_word' id='word_1_706' title='bbox 2132 5472 2733 5545; x_wconf 84' lang='lat' dir='ltr'>tradidit:pretiosas</span> <span class='ocrx_word' id='word_1_707' title='bbox 2772 5476 2977 5527; x_wconf 90' lang='lat' dir='ltr'>autem</span> <span class='ocrx_word' id='word_1_708' title='bbox 3025 5472 3155 5541; x_wconf 86' lang='lat' dir='ltr'>ejus</span> <span class='ocrx_word' id='word_1_709' title='bbox 3210 5470 3498 5542; x_wconf 90' lang='lat' dir='ltr'>reliquias</span> <span class='ocrx_word' id='word_1_710' title='bbox 3528 5469 3793 5541; x_wconf 87' lang='lat' dir='ltr'>religiosi</span> 
     </span>
    </p>
   </div>
   <div class='ocr_carea' id='block_1_114' title="bbox 2131 5560 3804 5635">
    <p class='ocr_par' dir='ltr' id='par_1_114' title="bbox 2131 5560 3804 5635">
     <span class='ocr_line' id='line_1_114' title="bbox 2131 5560 3804 5635; baseline 0 -17"><span class='ocrx_word' id='word_1_711' title='bbox 2131 5562 2376 5635; x_wconf 89' lang='lat' dir='ltr'>quidam</span> <span class='ocrx_word' id='word_1_712' title='bbox 2401 5561 2720 5619; x_wconf 89' lang='lat' dir='ltr'>Christiani</span> <span class='ocrx_word' id='word_1_713' title='bbox 2752 5560 3100 5635; x_wconf 86' lang='lat' dir='ltr'>colligentes</span> <span class='ocrx_word' id='word_1_714' title='bbox 3133 5565 3192 5616; x_wconf 91' lang='lat' dir='ltr'>et</span> <span class='ocrx_word' id='word_1_715' title='bbox 3220 5565 3676 5635; x_wconf 88' lang='lat' dir='ltr'>componentes,</span> <span class='ocrx_word' id='word_1_716' title='bbox 3700 5573 3763 5618; x_wconf 81' lang='lat' dir='ltr'>se</span> <span class='ocrx_word' id='word_1_717' title='bbox 3781 5585 3804 5598; x_wconf 90' lang='lat'><strong>-</strong></span> 
     </span>
    </p>
   </div>
   <div class='ocr_carea' id='block_1_115' title="bbox 2127 5652 2453 5724">
    <p class='ocr_par' dir='ltr' id='par_1_115' title="bbox 2127 5652 2453 5724">
     <span class='ocr_line' id='line_1_115' title="bbox 2127 5652 2453 5724; baseline 0.006 -17"><span class='ocrx_word' id='word_1_718' title='bbox 2127 5652 2453 5724; x_wconf 83' lang='lat' dir='ltr'>pelierunt.</span> 
     </span>
    </p>
   </div>
  </div>
