4086 6204
366 403 483 463 351

619 538 687 592 Et
716 539 985 592 certamen
1013 530 1191 586 sancti
1217 529 1478 600 martyris
1507 525 1719 582 Sabini.

423 627 694 692 Sabinus,
716 623 933 681 Christi
957 625 1202 690 martyr,
1227 634 1293 672 ex
1317 617 1555 690 regione
1578 615 1827 689 Egyptii
1851 615 1993 672 fuit:

349 723 592 792 propter
619 711 1062 769 incumbentem
1085 725 1218 764 vero
1251 707 1681 780 persecutionis
1711 707 1995 761 saavitiam

353 806 636 861 saeculum
667 803 969 858 deserens.
1000 800 1262 855 secessit.
1297 803 1356 853 et
1387 803 1552 853 extra
1609 797 1904 852 civitatem
1935 812 1996 850 se

349 895 579 953 abdidit
607 895 668 948 in
698 893 967 964 exiguam
997 889 1441 946 domunculam.
1475 889 1621 944 Cum
1648 893 1848 944 autem
1871 903 1999 943 ma-

352 1000 470 1058 gna
497 982 968 1038 Christianorum
999 979 1318 1035 multitudo
1343 979 1414 1034 ab
1440 977 1735 1034 idolorum
1766 977 2000 1034 cultori-

349 1074 463 1130 bus
479 1070 1105 1144 comprehenderetur,
1125 1068 1377 1124 Sabinus
1394 1068 1571 1124 etiam
1591 1068 1875 1139 quaesitus
1887 1075 1998 1137 est,

358 1179 469 1218 nec
505 1162 802 1229 inventus,
835 1159 994 1215 haud
1024 1159 1136 1214 levi
1196 1157 1470 1214 inﬁdeles
1527 1156 1729 1212 dolore
1780 1159 1997 1214 affecit.

353 1253 513 1307 Tunc
542 1249 854 1306 mendicus
884 1247 1126 1319 quidam
1156 1245 1365 1302 solitus
1395 1245 1471 1302 ad
1518 1245 1800 1301 Sabinum
1831 1263 2001 1302 acce-

356 1340 520 1404 dere,
551 1339 624 1394 ab
658 1355 845 1409 eoque
877 1337 1148 1408 aecipere
1185 1336 1363 1391 victui
1420 1334 1780 1403 necessaria,
1810 1336 2000 1392 idola-

353 1430 463 1486 tris
493 1429 677 1484 dixit:
710 1426 860 1492 Quid
887 1425 1106 1482 dabitis
1166 1425 1334 1493 mihi,
1369 1429 1428 1480 et
1479 1423 1789 1480 ostendam
1839 1424 2002 1480 vobis

358 1535 535 1592 quem
559 1517 826 1589 quaeritis
853 1515 1135 1571 Sabinum
1156 1515 1184 1570 ‘2
1204 1513 1505 1570 Dederunt
1524 1519 1723 1568 autem
1749 1514 1801 1568 ei
1833 1531 2002 1569 num-

355 1625 484 1666 mos
514 1607 685 1674 duos,
718 1622 974 1678 eumque
1006 1605 1214 1672 secuti,
1247 1605 1550 1660 irruerunt
1579 1604 1640 1658 in
1671 1603 2004 1660 domuncu-

351 1697 494 1765 lam,
526 1703 702 1768 atque
735 1696 1234 1768 comprehensum
1285 1695 1567 1750 Sabinum
1623 1695 2002 1766 vinctumque

353 1787 728 1843 adduxerunt
756 1785 831 1840 ad
853 1785 1187 1856 praesidem.
1221 1783 1376 1839 Dixit
1405 1800 1579 1854 porro
1601 1782 1673 1838 ad
1697 1800 1832 1838 eum
1857 1801 2002 1856 pra:-

1644 393 2085 456 MENOLOGII
2127 394 2328 457 PARS
2371 396 2478 456 Ill.

2017 527 2077 594 Α

3639 388 3754 448 358

2283 526 2382 580 Καὶ
2423 523 2652 596 ἄθλησις
2681 527 2778 580 τοῦ
2809 519 2962 599 ἅγίου
2993 523 3268 598 μάρτυρος
3314 513 3569 576 Σαϐίνου.

2175 611 2430 685 Σαϐῖνος,
2460 618 2616 672 ὀτοῦ
2645 616 2882 691 Χριστοῦ
2937 615 3164 688 μάρτυς,
3223 612 3469 686 ὑπῆρχεν
3529 608 3590 666 ἐκ
3643 615 3754 680 τῆς

2100 705 2289 780 χώρας
2335 705 2632 782 Αἰγύπτου·
2695 703 2784 759 διὰ
2841 701 2898 759 δὶ
2954 704 3052 773 τὴν
3109 700 3458 774 ἐπικειμένην
3519 698 3756 776 ἀνάγκην

2101 800 2197 849 τοῦ
2256 791 2506 868 διωγμοῦ
2561 793 2880 850 καταλιπὼν
2929 792 3020 847 τὸν
3083 792 3314 864 κόσμον,
3379 790 3754 865 ἀνεχώρησεν,

2101 882 2190 938 καὶ
2239 881 2470 954 ἐξελθὼν
2547 877 2648 954 ἔξω
2699 889 2800 952 τῆς
2854 881 3070 944 πόλεως
3118 878 3478 936 κατεκύπτετο
3509 878 3562 934 ὲν
3590 876 3752 949 οἰκή-

2105 993 2232 1046 ματι
2288 977 2490 1047 μικρῷ.
2559 971 2794 1029 Πολλῶν
2855 969 2911 1027 δὶ
2965 971 3350 1046 κρατουμένων
3414 971 3751 1045 Χριστιανῶν

2105 1059 2208 1115 ὑπὸ
2236 1065 2348 1117 τῶν
2379 1058 2823 1136 είδωλολατρῶν,
2881 1059 3125 1131 ὶζητεῖτο
3156 1059 3248 1114 καὶ
3304 1059 3332 1114 6
3383 1051 3635 1125 Σαϐῖνος,
3659 1055 3752 1111 καὶ

2106 1149 2184 1222 μή
2219 1149 2626 1223 εὑρισκόμενος,
2658 1147 2846 1205 ἐλύπει
2895 1146 3024 1212 τοὺς
3077 1145 3358 1211 ἀπίστους.
3417 1145 3558 1204 Τότε
3587 1163 3757 1220 προσ-

2103 1237 2278 1294 ελθὼν
2327 1240 2404 1300 εἷς
2460 1237 2706 1314 πτωχὸς,
2739 1239 2768 1292 6
2803 1237 2939 1314 πρὸς
2983 1235 3142 1292 αὑτὸν
3199 1234 3602 1312 ἀπερχόμενος,
3661 1231 3752 1288 καὶ

2105 1321 2402 1399 λαμϐάνων
2443 1328 2675 1406 τροφὴν,
2734 1329 2854 1382 εἷπε
2900 1333 3018 1389 τοῖς
3077 1323 3536 1401 εἰδωλολάτραις·
3573 1323 3635 1378 Τί
3664 1342 3761 1396 μοι

2107 1410 2308 1482 δίδοτε,
2337 1414 2488 1489 κάγὼ
2525 1411 2792 1486 ὑποδείξω
2827 1415 2953 1487 ὑμῖν
3014 1414 3074 1469 ὅν
3134 1418 3344 1484 ζητεῖτε
3401 1406 3655 1469 Σαϐῖνον.
3688 1411 3758 1469 Οἱ

2107 1499 2164 1558 δὲ
2193 1499 2396 1558 ἔδωκαν
2428 1503 2576 1576 αύτῷ
2633 1503 2948 1577 νομίσματα
3007 1501 3130 1558 δύο.
3189 1502 3291 1560 Καὶ
3349 1499 3752 1573 ἀκολουθήσαν-

2103 1613 2191 1657 τες
2240 1591 2388 1665 αὑτῷ
2435 1592 2523 1647 καὶ
2581 1592 2890 1655 ἐπιστάντες
2960 1597 3040 1664 τῷ
3089 1591 3382 1665 οῗκήματι,
3440 1589 3743 1667 ἐκράτησαν

2103 1681 2196 1736 τὸν
2232 1676 2477 1752 Σαϐῖνονς
2509 1681 2598 1736 καί
2631 1679 2890 1753 δήσαντες
2945 1678 3147 1757 ἤγαγον
3202 1683 3338 1755 πρὸς
3366 1682 3456 1736 τὸν
3488 1677 3754 1756 ἄρχοντα.

2109 1772 2206 1826 Καὶ
2239 1772 2352 1827 εἶπε
2381 1773 2517 1835 πσὸς
2547 1771 2709 1828 αὑτὸν
2767 1773 2796 1828 6
2853 1773 3064 1849 ἄρχωνο
3125 1771 3222 1826 Διὰ
3275 1771 3350 1840 τί,
3402 1773 3753 1849 καταφρονῶν

351 1891 492 1932 ses:
546 1875 735 1940 Quare
789 1879 1178 1929 contemnens
1237 1871 1494 1928 edictum
1552 1873 1996 1944 imperatorum.

2109 1865 2205 1916 τοῦ
2235 1863 2659 1939 προστάγματος
2707 1866 2816 1918 τῶν
2870 1861 3159 1938 βασιλέων,
3190 1861 3280 1916 καὶ
3327 1865 3438 1916 τῶν
3489 1859 3753 1935 μεγίστων

352 1978 720 2036 magnosque
765 1962 927 2029 deos,
988 1963 1253 2034 ignotum
1287 1961 1605 2032 quemdam
1637 1961 1813 2016 deum
1847 1979 2001 2033 prte-

353 2052 517 2110 dicas
542 2052 570 2106 ?
598 2054 696 2108 Ib
733 2052 1057 2124 Respondit
1092 2050 1381 2108 Sabinus:
1429 2050 1578 2117 Quia
1606 2051 1768 2108 hunc
1824 2067 2002 2123 quem

351 2141 608 2216 praedico
641 2143 846 2206 Deum,
881 2158 1001 2212 pra:
1031 2140 1310 2196 omnibus
1341 2140 1632 2207 conﬁteri,
1667 2141 1840 2212 eique
1872 2157 2002 2196 cre-

354 2230 494 2287 dere
526 2237 580 2286 te
612 2236 863 2303 oportet.
897 2230 1099 2302 Itaque
1131 2235 1265 2302 post
1319 2234 1616 2285 tormenta
1645 2230 1707 2284 in
1757 2229 2002 2285 ﬂuvium

353 2321 674 2396 projectus,
706 2321 886 2377 vitam
920 2319 1129 2376 finivit.

918 2410 1157 2465 EODEM
1189 2407 1441 2465 MENSE.

883 2498 987 2555 Die
1009 2497 1241 2554 decima
1262 2503 1474 2570 quarta

357 2587 810 2645 Commemoratio
837 2589 1018 2645 sancti
1038 2589 1226 2643 Patris
1243 2589 1416 2642 nostri
1444 2586 1828 2643 Euschemonis
1855 2588 2003 2658 epis-

941 2676 1068 2748 copi
1095 2679 1400 2748 Lampsaci,

423 2767 672 2824 Sanctus
703 2769 876 2824 Pater
927 2773 1131 2824 noster
1160 2767 1497 2838 Christique
1555 2764 1861 2821 confessor
1885 2765 1999 2820 Eu-

350 2857 653 2922 schemon,
703 2875 736 2914 a
791 2874 974 2931 puero
1033 2855 1215 2929 probe
1273 2855 1642 2928 honesteque
1693 2854 1999 2921 educatus,

339 2945 530 3002 factus
563 2952 653 3002 est
681 2948 798 3002 Deo
829 2947 1057 3003 amicus
1085 2963 1100 3013 ;
1159 2950 1337 3017 atque
1369 2944 1432 3000 in
1462 2945 1658 3000 virum
1719 2943 1997 3013 evadens,

344 3035 669 3091 sacrarium
721 3035 835 3091 fuit
891 3033 1252 3090 sanctissimi
1321 3033 1596 3104 Spiritus.
1653 3032 1997 3105 Angelicam

245 3187 250 3194 ,
344 3123 560 3180 deinde
592 3125 902 3197 amplexus
931 3123 1130 3184 vitam,
1181 3122 1570 3178 orthodoxam
1603 3122 1866 3178 studiose
1907 3139 1996 3178 se-

2109 1955 2270 2020 θεῶν,
2297 1948 2483 2028 ἓτερον
2541 1953 2659 2016 θεὸν
2720 1950 3006 2028 κηρύττεις
3062 1950 3436 2026 ἀγνώριστον;
3494 1950 3552 2004 Ὀ
3601 1947 3756 2004 δὶείο

2107 2041 2248 2110 πὼν,
2280 2039 2364 2095 δτι
2410 2039 2644 2098 Μᾶλλον
2686 2041 2745 2096 ’ὸν
2778 2039 2886 2116 ἐγὼ
2916 2039 3170 2116 κηρύττω
3203 2041 3356 2112 Θεὸν,
3390 2038 3627 2106 ὀφείλεις
3666 2035 3761 2093 καί

2110 2126 2173 2183 σὺ
2221 2128 2484 2203 γνωρίσαι
2518 2172 2534 2200 ,
2617 2128 2707 2184 καὶ
2791 2133 3070 2184 πιστεῦσαι
3169 2128 3337 2201 αὑτῷο
3415 2129 3754 2204 τιμωρηθεὶς

2109 2216 2306 2297 ἐῤῥίφη
2339 2216 2392 2273 ἐν
2415 2223 2497 2292 τῷ
2525 2223 2782 2293 ποταμῷ,
2811 2219 2904 2274 καὶ
2934 2217 3252 2289 ἐτελειώθη.

2640 2398 2820 2456 ΜΗΝῙ
2867 2401 2953 2454 ΤΩ
3005 2399 3224 2456 ΑΥΤΩ.

2107 2574 2312 2648 κνήμη
2345 2577 2444 2629 τοῦ
2472 2571 2624 2630 ὁσίου
2656 2574 2868 2647 Πατρὸς
2891 2490 3078 2646 Ῑ’ἒμων
3112 2573 3506 2649 Εύσχήμονος,
3535 2569 3758 2629 δπισκό·

2693 2684 2800 2719 που
2849 2663 3175 2737 Λαμψάκου.

2173 2762 2368 2840 Βὺσχή
2379 2783 2496 2836 μων
2525 2764 2553 2820 6
2585 2763 2637 2819 ὲν
2668 2761 2848 2838 ἁγίοις
2904 2764 3090 2836 Πατήρ
3137 2765 3300 2836 ἡμῶν
3351 2760 3443 2818 καὶ
3474 2759 3756 2838 ὁμολογη-

2101 2855 2204 2924 τής
2232 2857 2330 2910 τοῦ
2375 2857 2631 2929 Χριστοῦ,
2690 2852 2751 2909 ἐκ
2809 2852 3042 2933 βρέφους
3095 2851 3283 2915 καλῶς
3340 2853 3427 2908 καὶ
3490 2851 3754 2928 ὶναρὲτως

2104 2942 2378 3016 αὐξηθεὶς,
2438 2941 2598 3021 φίλος
2648 2943 2836 3021 γίγονε
2889 2946 2985 2998 τοῦ
3041 2943 3298 3020 Χριστοῦ·
3331 2942 3420 2998 καὶ
3453 2941 3529 3008 είς
3592 2939 3761 3015 ἄνδρα

2102 3034 2312 3089 τὲΛειον
2344 3033 2570 3111 φθάσας,
2602 3033 2729 3096 ναὸς
2791 3034 2995 3104 ὑπῆρξε
3047 3037 3146 3088 τοῦ
3200 3033 3466 3109 παναγίου
3507 3029 3759 3106 Πνεύμα-

2101 3142 2220 3190 τος,
2274 3125 2366 3177 τὸν
2426 3121 2716 3198 ἆγγελικὸν
2780 3120 2897 3197 βίον
2945 3119 3225 3195 ἐλόμενοςο
3269 3121 3360 3177 καὶ
3409 3123 3508 3192 τὴν
3539 3119 3762 3198 690660-

364 3218 656 3270 ctatusest
677 3213 874 3270 fidem:
901 3230 969 3269 ac
990 3211 1232 3269 demum
1265 3212 1338 3268 ad
1365 3211 1716 3268 hierarchici
1749 3211 1991 3268 culmen

2109 3213 2194 3284 ξον
2231 3211 2411 3266 πίστιν
2457 3209 2864 3285 ἑρατισάμενος.
2923 3209 3103 3267 ’Δλλᾶ
3154 3231 3244 3267 και
3293 3210 3371 3276 εἲς
3422 3213 3486 3266 τὸ
3533 3217 3635 3280 τῆς
3664 3209 3764 3287 ἆρ-

340 3309 575 3360 evectus
606 3304 870 3369 honoris,
905 3302 1199 3374 spirituali
1232 3301 1512 3373 impletus
1541 3307 1632 3356 est
1677 3303 1902 3374 gratia:
1936 3307 1996 3356 et

2109 3255 2454 3378 ιἑιιιιρωσύνῆς
2487 3255 2623 3375 Ιίίψος
2676 3255 2942 3370 ἕνελθὼν,
2983 3319 3211 3376 χαριτος
3269 3255 3568 3375 ἐπληρώθη
3590 3255 3763 3355 ,πνεῦ-

341 3391 540 3448 divino
572 3410 892 3449 succensus
932 3392 1075 3454 zelo,
1136 3391 1665 3447 Iconomachorum
1720 3390 1996 3446 bseresim

336 3482 624 3553 repressit
653 3499 721 3538 ac
751 3483 943 3556 fregit.
979 3480 1261 3537 Miracula
1291 3498 1530 3553 quoque
1563 3480 1751 3536 multa
1775 3497 1841 3536 ac
1872 3497 1998 3536 ma-

337 3587 454 3644 gna
485 3573 768 3642 patravit:
804 3577 981 3643 atque
1015 3571 1171 3625 inter
1197 3570 1316 3626 alia
1347 3570 1638 3624 infantem
1673 3576 1995 3639 mortuum,

343 3659 455 3714 sibi
480 3676 514 3714 a
541 3667 730 3714 matre
761 3659 1227 3730 lacrymabunda
1265 3659 1662 3730 deportatum,
1695 3659 1767 3713 ad
1799 3659 1996 3726 vitam,

339 3748 474 3802 fusa
495 3747 568 3801 ad
591 3749 777 3802 Deum
803 3748 1095 3814 oratione,
1121 3747 1429 3802 revocavit.
1456 3747 1616 3801 Feris
1639 3747 1998 3802 animalibus

349 3834 630 3890 terribilis
659 3835 867 3890 factus.
894 3834 1020 3888 solo
1045 3835 1218 3904 jussu
1245 3834 1316 3888 ab
1335 3834 1510 3906 agris,
1535 3833 1751 3904 quibus
1782 3852 1995 3890 noxam

349 3920 704 3988 inferebant,
740 3938 809 3976 ea
853 3921 1092 3993 repulit.
1133 3921 1423 3976 Custodim
1455 3921 1714 3993 denique
1746 3923 1998 3979 traditus

348 4009 421 4065 ab
446 4025 534 4070 eo.
567 4009 666 4082 qui
701 4015 840 4065 tunc
868 4009 1186 4082 imperium
1216 4010 1545 4078 obtinebat,
1574 4011 1854 4067 haeretica
1886 4015 1995 4068 im-

346 4103 642 4172 peratore,
673 4099 834 4155 velut
864 4116 1165 4154 sacrarum
1209 4100 1533 4172 imaginum
1591 4100 1802 4159 cultor.
1835 4101 1998 4172 ipsos

345 4188 622 4244 custodes
647 4205 786 4244 suos
815 4188 957 4244 fecit
979 4205 1036 4244 οι
1049 4187 1319 4244 thodoxaa
1366 4187 1501 4244 fldei
1555 4205 1684 4244 esse
1714 4190 1993 4258 cultores,

345 4293 454 4334 sua
484 4277 754 4334 doctrina
783 4295 1118 4350 persuasos.
1146 4279 1336 4345 Quare
1354 4279 1415 4334 in
1444 4279 1720 4335 exsilium
1747 4280 1992 4352 ejectus,

341 4367 523 4422 vitam
558 4368 765 4424 finivit.

416 4460 456 4511 Ε
486 4464 788 4514 certamen
818 4463 1161 4514 sanctorum
1185 4463 1518 4530 martyrum
1549 4459 1760 4531 Satyri,
1793 4459 1995 4515 Satur-

344 4545 477 4606 nili.
511 4547 778 4612 Reucati,
812 4548 1117 4618 Perpetua
1150 4552 1209 4601 et
1238 4547 1582 4614 Felicitatis,
1616 4565 1747 4619 qua
1797 4548 1996 4604 Roma

2107 3394 2366 3464 ματικῆς.
2424 3386 2528 3446 Καὶ
2571 3385 2728 3462 ζήλῳ
2775 3387 2904 3461 θείῳ
2949 3387 3239 3464 πυρωθεῖς,
3270 3389 3370 3458 τὴν
3425 3393 3536 3444 τῶν
3597 3388 3757 3446 Εἰκο-

2099 3487 2368 3552 νομαχων
2411 3473 2701 3532 κατὲλυσεν
2759 3473 2986 3551 αἵρεσιν.
3043 3476 3308 3547 Ἐποίησε
3364 3475 3422 3532 δὶ
3479 3476 3570 3532 καὶ
3622 3476 3756 3531 θαύ-

2107 3586 2250 3640 ματα
2298 3563 2486 3621 πολλᾶ
2541 3564 2632 3620 καὶ
2692 3562 2987 3640 παράδοξα.
3045 3565 3318 3635 Τεθνηκὸς
3372 3565 3474 3642 γὰρ
3536 3565 3752 3644 βρὲφος,
3833 3599 3838 3604 -

2107 3655 2514 3731 βασταζόμενον
2581 3655 2682 3710 ὑπὸ
2737 3657 2836 3720 τῆς
2901 3654 3108 3728 μητρὸς
3163 3655 3251 3710 καὶ
3310 3653 3632 3726 κλαιούσης,
3666 3653 3758 3711 εὑ-

2102 3743 2327 3816 ξάμενος
2379 3748 2458 3816 τῷ
2509 3748 2649 3816 Θεῷ,
2707 3744 2845 3818 πρὸς
2905 3744 3050 3813 ζωὴν
3109 3743 3438 3819 ἐπανήγαγεο
3506 3743 3597 3799 καὶ
3653 3755 3758 3816 θη-

2103 3831 2244 3906 ρίοις
2283 3833 2492 3909 ἀγρίοις
2552 3827 2786 3910 φοϐερός
2836 3832 3046 3908 γέγονε.
3107 3835 3400 3908 Προσταξει
3455 3834 3556 3907 γὰρ
3617 3853 3754 3905 μονη

2101 3920 2236 3976 αὑτᾶ
2264 3919 2535 3977 ἀπεδιώκε
2570 3920 2698 3984 τοὺς
2753 3919 2951 3998 ἀγροὺς
3009 3915 3482 3977 καταϐλάπτοντα.
3539 3925 3616 3996 Τῇ
3649 3943 3750 4000 φυ-

2103 4007 2245 4080 λακῇ
2293 4007 2350 4064 δὶ
2375 4007 2701 4085 παραδοθεὶς
2755 4010 2900 4084 παρὰ
2945 4012 3044 4066 τοῦ
3094 4013 3424 4082 κρατοῦντος
3480 4011 3754 4084 αἱρετικοῦ

2106 4094 2400 4173 βασιλέως,
2432 4097 2510 4160 ὡς
2545 4099 2934 4173 προσκυνητής
2972 4102 3084 4154 τῶν
3117 4099 3282 4174 ἁγίων
3313 4097 3560 4170 εἰκόνων,
3580 4120 3756 4174 προσ-

2099 4187 2336 4256 κυνητὰς
2365 4189 2466 4252 τῆς
2523 4186 2818 4262 όρθοδόξου
2868 4187 3102 4267 πίστεως
3157 4187 3284 4267 τοὺς
3331 4187 3490 4245 αὑτὸν
3549 4187 3758 4267 φυλάτ-

2097 4287 2293 4330 τοντας
2343 4269 2414 4341 τῇ
2471 4268 2598 4343 παρ’
2684 4267 2848 4323 αὑνοῦ
2935 4265 3260 4342 διδασκαλίᾳ
3334 4265 3628 4342 πεποίηκεν
3677 4269 3757 4335 είς

2099 4354 2310 4432 ὲξορίαν
2349 4355 2407 4412 δὲ
2436 4356 2762 4420 ἀποσταλεὶς
2793 4356 3111 4428 ἰτελειώθη.

2174 4445 2272 4502 Καὶ
2302 4443 2531 4516 ἄθλησις
2585 4449 2694 4501 τῶν
2748 4446 2912 4523 ἁγίων
2965 4445 3256 4523 μαρτύρων
3315 4446 3586 4524 Σατύρου,
3644 4454 3754 4504 Σα-

2096 4534 2383 4610 τουρίλου,
2433 4534 2746 4606 Ῥευκάτου,
2804 4535 3168 4612 Περπετούας,
3223 4535 3316 4592 καὶ
3371 4535 3751 4609 Φιληκιτάτης

343 4634 697 4704 martyrium
736 4635 1086 4692 subierunt:
1137 4651 1374 4692 necnon
1429 4635 1752 4693 Alexandri
1783 4636 1846 4693 in
1878 4639 1993 4710 Py-

2109 4623 2154 4680 ίν
2182 4627 2252 4698 τῇ
2278 4709 2281 4710 ν
2309 4624 2500 4700 Ῥώμη
2563 4624 3045 4702 μαρτυρησάντων.
3100 4625 3202 4683 Καὶ
3262 4623 3623 4703 Ἀλεξάνδρου
3651 4631 3750 4684 τοῦ

341 4720 480 4778 dna.

909 4811 1154 4869 EODEM
1189 4813 1335 4869 ΜΕΝ
1341 4813 1421 4870 SE

841 4900 946 4956 Die
997 4899 1230 4957 decima
1283 4901 1495 4973 quinta

341 4991 446 5047 ιο
477 4989 762 5046 Certamen
785 4995 1097 5046 sanctorum
1124 4995 1430 5058 martyrum
1473 4987 1729 5060 Timolai,
1759 4993 1989 5066 Agapti,

979 5085 1032 5134 et
1058 5079 1350 5134 sociorum.

405 5168 602 5224 Sancti
637 5167 760 5235 isti,
783 5165 1228 5238 multorumque
1271 5168 1666 5224 certaminum
1698 5175 1990 5241 martyres

338 5257 576 5324 Christi,
613 5255 976 5312 Diocletiano
1007 5256 1387 5327 imperatore,
1418 5257 1706 5313 vixerunt.
1735 5260 1992 5332 Agapius

343 5346 588 5419 quidem
637 5361 708 5401 ex
755 5343 904 5399 urbe
934 5344 1100 5410 Gaza,
1132 5342 1431 5400 Timolaus
1487 5360 1624 5400 vero
1681 5362 1751 5402 ex
1805 5348 1989 5404 Ponto

346 5434 595 5504 Euxino,
653 5433 991 5505 Dionysius,
1041 5437 1100 5488 et
1145 5431 1296 5487 alter
1353 5433 1670 5505 Dionysius
1717 5451 1788 5490 ex
1843 5436 1991 5493 urbe

343 5524 561 5597 Tripoli
615 5523 955 5587 thniciaa,
1016 5520 1302 5578 Romulus
1358 5523 1859 5595 Dispolitanorum
1888 5527 1993 5582 Ec-

345 5613 542 5671 clesiaa
574 5613 992 5670 subdiaconus.
1032 5611 1134 5667 llic
1165 5627 1467 5669 accessere
1497 5612 1613 5668 duo
1672 5614 1992 5673 Alexandri

346 5723 418 5764 ex
445 5706 708 5779 Egypto.
745 5703 811 5761 Hi
841 5703 1101 5761 fervente
1131 5702 1568 5776 persecutione,
1585 5703 1801 5762 Christi
1833 5723 1988 5766 amo-

2098 4712 2151 4770 δν
2183 4709 2385 4788 Πύδνῃ.

2641 4805 2825 4865 ΠΠΝΙ
2860 4810 2951 4863 ΤΩ
2986 4805 3189 4864 ΑΥΤΩ.

2877 4895 2965 4953 Ικ

2098 4989 2369 5062 Ἀθλησις
2386 4993 2494 5048 τῶν
2522 4990 2689 5066 ἁγίων
2743 4995 3033 5069 μαρτυρῶν
3087 4990 3400 5066 Τιμολάου,
3453 4992 3750 5070 Ἃγάπίου.

2594 5081 2685 5137 καὶ
2737 5085 2848 5138 τῶν
2905 5079 3002 5138 σὺν
3034 5079 3248 5144 αὑτοῖς.

2172 5167 2338 5226 Οὗτοι
2370 5169 2425 5225 οἱ
2462 5169 2611 5244 ἅγιοι
2666 5169 2757 5224 καὶ
2799 5168 3110 5234 πολύαθλον.
3157 5173 3256 5227 τοῦ
3316 5172 3553 5245 Χριστοῦ
3610 5175 3751 5248 μάρ-

2099 5276 2255 5332 τυρες
2298 5257 2553 5333 ὑπῆρχον
2632 5258 2722 5315 ἰπὶ
2779 5255 3177 5329 Διοκλητιανοῦ
3227 5263 3326 5316 τοῦ
3377 5260 3666 5337 βασιλὲως’
3719 5263 3752 5320 6

2104 5345 2199 5420 μὶν
2259 5347 2524 5421 ’Δγάπιος
2572 5347 2679 5404 ἀπὸ
2730 5349 2905 5418 Γάζης
2957 5355 3058 5418 τῆς
3115 5347 3354 5412 πόλεως’
3399 5351 3430 5406 6
3486 5347 3544 5406 δε
3570 5352 3754 5426 Τιμό-

2101 5433 2235 5498 λαος
2318 5433 2380 5491 ἐκ
2447 5439 2546 5492 τοῦ
2630 5435 2856 5508 Εὑξίνου
2913 5435 3143 5493 Πόντου”
3203 5435 3480 5501 Διονύσιος
3539 5437 3617 5506 δὶ,
3660 5441 3755 5496 καὶ

2098 5520 2276 5590 ἓτεςος
2337 5524 2616 5588 Διονύσιος
2675 5523 2735 5581 ἐκ
2781 5523 3103 5600 Τριπόλεως
3158 5531 3258 5596 τῆς
3301 5523 3586 5598 Φοινίκηςο
3618 5527 3756 5583 Ῥώ-

2103 5613 2280 5689 μυλος
2302 5611 2361 5671 δὶ
2388 5615 2454 5686 ἧν
2476 5612 2839 5678 ὑποδιάκονος
2861 5620 2962 5679 τῆς
2989 5613 3374 5670 Διοσπολιπῶν
3397 5614 3753 5688 Ἐκκλησίας.

2102 5703 2346 5779 Πλησίον
2389 5702 2447 5762 δὶ
2500 5707 2588 5765 καὶ
2623 5706 2680 5764 οἱ
2728 5702 2826 5764 δύὸ
2880 5701 3228 5785 Ἀλεεανδροι
3283 5705 3394 5764 ἀπὸ
3445 5706 3750 5786 Αἰγύπτου.
