4086 6204
363 376 491 436 353

1912 354 2238 419 MARIUS.

3660 362 3787 425 354

367 506 608 571 Οἳτινες,
645 501 891 581 διωγμοῦ
940 499 1117 571 ὄντος,
1178 500 1265 557 διὰ
1322 501 1413 556 τὸν
1464 498 1601 575 πρὸς
1658 493 1888 571 Χριστὸν
1928 486 2027 543 πό-

2143 501 2206 541 re
2238 486 2532 553 succensi,
2563 488 2834 559 proprias
2866 488 3190 546 vincientes
3238 506 3473 560 manus,
3504 492 3790 551 Cursarem

369 608 466 660 θον
527 595 786 665 δήσαντες
836 593 931 656 τὰς
990 593 1193 648 ἑαυτῶν
1251 592 1477 667 Χεῖρας,
1524 586 1824 659 αὐτόματοι
1860 596 2029 667 προσ-

366 683 544 754 ῆλθον
606 687 687 754 τῷ
751 683 875 737 τότε
964 680 1307 757 βασανίζοντι
1363 665 1738 754 ⁷Χριστιανοὺς
1796 665 2028 746 ἡγεμόνι

366 780 472 843 τῆς
534 770 842 847 Καισαρέων
900 770 1136 833 πόλεως.
1204 769 1306 828 Καὶ
1384 769 1663 831 σταθέντες
1722 761 2026 847 ἔμπροσθεν

371 841 563 931 αύτοῦ,
638 841 995 938 Χριστιανοὺς
1075 859 1297 922 ἑαυτοὺς
1381 857 1777 931 ὡμολόγησαν.
1831 849 1893 906 Ὀ
1970 841 2030 903 δὶ

375 952 635 1028 ἡγεμὼν,
691 947 923 1006 πλεῖστα
975 948 1202 1012 τούτους
1257 946 1663 1023 παρακαλέσας,
1716 939 1808 997 καὶ
1849 938 2030 1028 ⁸ἀνοιγ-

371 1025 546 1104 κὰσας
601 1043 777 1111 θῦσαι,
834 1038 923 1095 καὶ
980 1036 1131 1113 δῶρα
1200 1038 1288 1094 καὶ
1365 1036 1529 1110 τιμὰς
1601 1032 1788 1091 αὐτοῖς
1845 1025 2031 1082 δοῦναι

372 1130 763 1206 ὑποσχόμενος
797 1128 1157 1199 ὑπακούσασι,
1207 1127 1298 1182 καὶ
1327 1127 1466 1201 πρὸς
1498 1126 1562 1180 τὸ
1591 1124 1784 1179 ἑαυτοῦ
1813 1118 2032 1188 θέλημα

373 1222 562 1288 ἐλθεῖν
618 1228 801 1277 πείσαι
860 1220 938 1294 μὴ
993 1216 1264 1291 δυνηθεὶς,
1326 1217 1707 1291 έτιμωρήσατο
1766 1208 2033 1281 ἰσχυρῶς.

368 1310 479 1369 Καὶ
514 1312 654 1384 μετᾶ
677 1309 773 1372 τὰς
798 1306 1097 1383 τιμωρίας,
1153 1306 1294 1382 ξίφει
1348 1304 1557 1362 τούτων
1612 1300 1903 1373 ἀποτέμνει
1932 1295 2029 1359 τάς

361 1399 636 1479 κεφαλὰς,
681 1398 775 1454 καὶ
807 1397 949 1454 οὕτω
999 1394 1319 1474 παρέδωκαν
1374 1394 1469 1457 τᾶς
1516 1393 1671 1468 ἁγίας
1720 1388 1902 1465 ψυχὰς
1942 1384 2033 1441 αύ-

377 1493 491 1545 τῶν
514 1494 596 1545 τῶ
624 1487 823 1565 Κυρίῳ.

514 1633 621 1691 Καὶ
652 1630 882 1705 ἄθλησις
909 1637 1008 1689 τοῦ
1056 1629 1218 1707 ἁγίου
1252 1631 1529 1707 μάρτυρος
1556 1623 1861 1702 Νικάνδρου

438 1775 763 1855 Νίκανδρος,
811 1780 841 1834 ὁ
895 1782 995 1833 τοῖ’»
1052 1780 1287 1851 Χριστοῦ
1348 1774 1645 1851 μάρτυς,ἦν
1692 1772 1787 1845 μὶν
1817 1768 1909 1825 καὶ
1939 1767 2031 1823 αύ-

2140 575 2400 645 praasidi,
2462 576 2826 632 Christianos
2883 578 3092 634 eodem
3149 585 3415 652 tempore
3466 585 3787 654 torquenti,

2142 671 2351 734 sponte
2374 682 2503 720 sese
2527 665 2889 731 obtulerunt,
2914 674 2972 722 et
2992 684 3192 723 coram
3212 670 3340 741 ipso
3364 677 3608 739 stantes,
3632 673 3793 728 Chri-

2143 753 2368 809 stianos
2399 772 2461 809 se
2493 771 2623 811 esse
2672 757 2927 811 confessi
2989 764 3145 813 sunt.
3207 761 3433 814 Prmses
3479 777 3618 817 vero
3651 779 3787 818 cum

2141 842 2411 912 pluribus
2442 860 2543 898 eos
2573 845 3007 913 adhortaretur,
3058 848 3560 919 compelleretque
3600 857 3666 905 ut
3695 869 3792 907 sa-

2140 934 2500 999 criﬂcarent,
2520 952 2771 992 munera
2790 938 3184 1009 honoresque,
3210 940 3257 993 si
3282 940 3790 1013 paruissent,ipsis

2142 1039 2203 1079 se
2235 1024 2509 1080 daturum
2542 1026 2881 1097 spondens;
2913 1045 3167 1099 cumque
3198 1029 3272 1084 ad
3304 1046 3471 1085 suam
3518 1031 3790 1087 volunta-

2142 1117 2261 1168 tem
2292 1130 2394 1169 eos
2428 1115 2658 1171 trahere
2707 1133 2828 1171 non
2876 1122 3097 1189 posset,
3147 1118 3446 1173 atrocibus
3477 1120 3790 1176 tormentis

2142 1201 2432 1274 subjecit:
2467 1210 2716 1276 postque
2747 1206 3063 1274 cruciatus,
3105 1206 3289 1277 jussit
3324 1208 3566 1263 illorum
3596 1210 3790 1281 capita

2140 1291 2336 1363 gladio
2366 1292 2671 1349 abscindi:
2733 1298 2910 1365 atque
2969 1295 3051 1350 ita
3107 1302 3340 1352 sanctas
3394 1314 3531 1353 suas
3561 1298 3789 1354 animas

2141 1381 2391 1437 Domino
2422 1382 2740 1438 tradidere.

2353 1613 2422 1668 Et
2453 1619 2724 1669 certamen
2764 1617 2943 1670 sancti
2986 1616 3250 1685 martyris
3279 1613 3569 1673 Nicandri.

2211 1755 2525 1824 Nicander,
2558 1756 2773 1813 Christi
2806 1763 3050 1830 martyr,
3084 1758 3287 1813 ﬂoruit
3316 1764 3373 1814 et
3402 1759 3529 1832 ipse
3561 1760 3790 1817 Diocle-

359 1867 461 1931 τὸς
490 1867 581 1922 ἰπὶ
634 1844 760 1938 τῆς,
792 1865 1071 1943 βασιλείας
1101 1844 1543 1935 ’Διοκλητιανοῖη
1596 1844 1729 1936 Εἶχε
1779 1858 1836 1914 δὲ
1867 1856 2025 1934 ἔργον

2142 1845 2301 1900 tiano
2332 1844 2715 1916 imperatore.
2742 1846 3078 1902 Adhibebat
3107 1854 3305 1903 autem
3334 1850 3616 1906 continuo
3647 1867 3791 1923 ope-

362 1955 658 2019 διαπαντὸς
686 1957 752 2011 τὸ
781 1952 1192 2020 ἐπισκέπτεσθαι
1234 1953 1359 2016 τοὺς
1408 1951 1461 2008 ἐν
1515 1951 1783 2011 φυλακαῖς
1813 1948 2023 2025 ἁγίους,

362 2048 460 2103 καὶ
517 2045 851 2122 θεραπεύειν,
907 2046 997 2100 καὶ
1058 2044 1410 2121 ἐπιχορηγεῖν
1473 2040 1661 2101 αὐτοῖς
1716 2040 1816 2107 τὴν
1871 2038 2025 2112 ἀναγ-

365 2136 529 2193 καίαν
586 2139 813 2212 τροφήν
874 2130 955 2190 ἔτι
1007 2132 1064 2190 δὶ
1120 2134 1209 2189 καὶ
1263 2135 1481 2198 θάπτειν
1532 2131 1602 2185 τὰ
1658 2128 1889 2201 λείψανα
1934 2126 2026 2181 αύ-

370 2232 508 2285 τῶν.
540 2225 694 2282 Ἰδὼν
731 2227 822 2281 οὗν
875 2225 965 2280 καὶ
1020 2224 1227 2281 τούτων
1283 2228 1392 2278 τῶν
1445 2219 1616 2297 ἁγίων
1674 2220 1740 2273 τὰ
1795 2216 2025 2291 λείψανα

365 2315 676 2393 ἒρῥιμμὲνα
733 2313 876 2370 οὕτω
942 2314 1034 2369 καὶ
1107 2307 1503 2386 ἁνεπιμέλητα,
1561 2308 1678 2364 ἐπεὶ
1739 2307 1789 2362 έν
1843 2306 2026 2381 ἡμέρᾳ

367 2407 470 2462 οὐκ
527 2404 737 2479 ἐτόλμα
787 2403 1138 2481 προσεγγίσαι
1197 2402 1403 2471 αὐτοῖς,
1455 2400 1546 2455 ἳνα
1604 2400 1680 2472 μή
1739 2399 1826 2453 καὶ
1866 2396 2027 2460 αὐτὸς

364 2499 643 2571 κρατηθῇ,
702 2494 754 2549 έν
812 2494 958 2549 νυκτὶ
1015 2493 1288 2562 ἀπελθὼν,
1346 2490 1555 2545 ἀνεῖλεν
1606 2488 1741 2543 αύτὰ
1791 2485 1847 2542 ’ἐν
1905 2485 2023 2540 καθ’

361 2584 446 2639 ἓν·
476 2585 565 2639 καὶ
598 2584 855 2647 κατέθετο
904 2581 956 2636 ἐν
1006 2581 1082 2637 ἑνὶ
1134 2577 1306 2653 τόπῳ.
1370 2577 1587 2641 Θεαθεὶς
1629 2575 1721 2630 οὖν
1781 2575 1885 2630 ὑπὸ
1938 2594 2026 2630 τι-

366 2694 465 2737 νος
545 2676 655 2728 τῶν
738 2668 1184 2746 είδωλολατρῶν,
1269 2664 1537 2738 διεϐλήθη
1625 2670 1707 2737 τῷ
1771 2662 2022 2739 ἄρχοντι.

370 2765 479 2823 Καὶ
552 2762 842 2837 κρατηθεὶς
944 2760 1121 2826 εὐθὺς,
1198 2759 1547 2833 ἐτιμωρεῖτο,
1622 2759 1714 2810 καὶ
1798 2753 2025 2830 Χριστὸν

363 2855 646 2928 ἀρνεῖσθαι
703 2852 1053 2927 ἠναγκάζετο.
1112 2851 1176 2906 Ὁ
1234 2846 1292 2902 δὶ
1349 2848 1488 2922 πρὸς
1539 2848 1601 2901 τὸ
1659 2846 1735 2919 μή
1784 2845 2025 2920 ἀρνήσα-

364 2944 492 2998 σθαι
522 2941 707 3011 αὐτὸν,
739 2941 827 2995 καὶ
860 2940 988 2995 θεὸν
1034 2936 1250 3012 μᾶλλον
1294 2935 1581 3010 ἐκήρυττεν
1610 2933 1900 3003 ἀληθινὸν,
1931 2938 2025 2992 καὶ

368 3030 712 3105 δημιουργὸν
762 3034 862 3086 τοῦ
915 3031 1135 3091 παντός.
1219 3029 1376 3084 Ὅθεν
1434 3025 1512 3088 εἷς
1572 3023 1742 3099 ὀργήν
1798 3022 2026 3092 κινήσας

365 3123 464 3177 τὸν
492 3120 759 3197 ἄρχοντα,
813 3120 915 3188 την
975 3115 1065 3172 διὰ
1121 3117 1309 3193 ξίφους
1365 3112 1582 3190 δέχεται
1624 3110 2025 3181 τελευτὴν,καῖ

2134 1951 2261 1990 ram
2291 1934 2586 1990 invisendi
2619 1942 2857 1991 sanctos
2886 1937 3105 1991 carceri
3135 1937 3417 2006 inclusos,
3451 1938 3645 2009 iisque
3675 1939 3791 1995 mi-

2132 2024 2423 2079 nistrandi
2457 2029 2517 2080 et
2545 2025 2951 2080 necessarium
2982 2026 3198 2080 victum
3230 2027 3611 2096 procurandi,
3646 2044 3788 2083 nec-

2132 2129 2254 2168 non
2285 2129 2493 2168 eorum
2524 2113 2809 2185 reliquias
2867 2114 3217 2186 sepeliendi.
3265 2114 3481 2170 Videns
3508 2133 3645 2188 ergo
3676 2117 3788 2173 hu-

2124 2202 2391 2274 jusmodi
2414 2209 2755 2258 sanctorum
2778 2203 3062 2274 reliquias
3083 2204 3166 2260 ita
3189 2203 3489 2275 dispersas
3512 2210 3573 2260 et
3599 2206 3783 2278 negle

2132 2297 2276 2357 ctas,
2312 2308 2447 2346 eum
2479 2308 2599 2347 non
2631 2292 2876 2347 auderet
2907 2292 2980 2347 ad
3012 2310 3113 2348 eas
3145 2292 3239 2347 die
3270 2294 3574 2363 accedere,
3619 2311 3695 2349 ne
3727 2300 3787 2349 et

2131 2381 2259 2452 ipse
2288 2381 2913 2452 comprehenderetur,
2958 2388 3137 2437 noctu
3175 2382 3516 2451 adveniens,
3549 2400 3648 2439 eas
3679 2400 3783 2439 au-

2130 2471 2359 2532 ferebat
2407 2470 2555 2525 alias
2607 2476 2742 2542 post
2793 2471 2961 2539 alias,
3022 2476 3081 2527 et
3134 2489 3251 2527 uno
3298 2472 3624 2543 eodemque
3655 2473 3784 2528 loco

2130 2559 2477 2614 collocabat.
2499 2560 2915 2630 Deprehensus
2937 2560 3115 2633 igitur
3136 2560 3209 2615 ab
3231 2561 3430 2632 aliquo
3453 2578 3523 2616 ex
3544 2560 3789 2616 idolola-

2132 2648 2258 2711 tris,
2283 2648 2674 2719 proditusque
2696 2648 2957 2720 praesidi,
2982 2666 3048 2704 ac
3071 2650 3271 2704 statim
3295 2650 3784 2720 comprehensus,

2130 2739 2445 2795 tormentis
2494 2738 2797 2810 subjectus
2855 2739 2988 2807 fuit,
3050 2745 3109 2795 et
3162 2740 3460 2795 Christum
3493 2739 3785 2812 abnegare

2130 2830 2493 2901 compulsus.
2522 2832 2652 2900 Ipse
2676 2846 2814 2885 vero
2835 2830 3031 2886 noluit
3054 2847 3190 2885 eum
3213 2830 3529 2902 abnegare,
3554 2830 3658 2885 sed
3680 2848 3783 2902 po-

2130 2920 2249 2974 tius
2279 2919 2466 2974 Deum
2489 2935 2695 2974 verum
2726 2935 2857 2974 esse
2888 2926 2947 2975 et
2975 2920 3387 2976 universorum
3415 2919 3785 2975 conditorem

2130 3007 2507 3079 prmdicabat.
2533 3009 2905 3080 Quapropter
2933 3026 3068 3064 cum
3098 3008 3414 3080 praesidem
3444 3008 3520 3063 ad
3550 3008 3786 3065 iracun-

2130 3096 2291 3152 diam
2323 3098 2758 3163 commovisset,
2791 3096 2988 3170 gladio
3038 3114 3275 3153 cursum
3315 3098 3445 3151 vitae
3477 3097 3699 3152 finivit:
3728 3103 3787 3154 et

364 3209 513 3266 οὕτω
568 3185 901 3274 τελειωθεὶς,
987 3200 1228 3261 ἀπέλαϐε
1311 3205 1562 3282 στέφανον
1634 3201 1879 3271 αἰώνιον,
1936 3197 2026 3254 καὶ

2142 3187 2218 3241 sic
2239 3186 2575 3248 defunctus,
2597 3186 2825 3257 accepit
2845 3192 3129 3241 aeternam
3150 3202 3451 3253 coronam,
3474 3189 3531 3239 et
3550 3185 3784 3243 beatam

374 3303 526 3368 ζωήν
559 3296 826 3373 μακαρίαν
856 3294 945 3351 καὶ
975 3293 1357 3365 ἀτελεύτητον.

437 3389 539 3444 Καὶ
583 3385 812 3458 ἄθλησις
853 3389 950 3442 τοῦ
1006 3384 1165 3460 ἁγίου
1222 3382 1535 3440 ἀποστόλου
1564 3377 1893 3455 Νικάνδρου.
1928 3377 2026 3433 Καὶ

364 3478 569 3553 μνήμη
598 3480 700 3533 τοῦ
730 3476 882 3531 ὁσίου
931 3476 1183 3532 Ἰωάννου
1226 3476 1325 3528 τοῦ
1370 3471 1422 3528 ἐν
1472 3473 1883 3548 Ῥουφινιαναῖς.

903 3621 1089 3679 Mum
1139 3621 1233 3697 T9
1283 3618 1487 3697 arm.

1154 3735 1244 3806 IC’.

472 3853 753 3925 ’Δθλησις
781 3856 880 3908 τοῦ
929 3851 1084 3928 ἁγίου
1129 3849 1436 3906 Ἰουλιανοῦ
1465 3852 1561 3903 τοῦ
1591 3845 1644 3903 έν
1677 3844 1920 3906 Κιλικία.

430 3970 760 4041 Ἰουλιανὸς,
793 3970 822 4025 ὁ
850 3972 947 4024 τοῦ
995 3969 1230 4041 Χριστοῦ
1281 3967 1507 4042 μάρτυς,
1559 3964 1807 4041 ὑπῆρχεν
1834 3963 1895 4019 έκ
1922 3968 2023 4031 τῆς

371 4055 709 4135 ’Δναζάρόου
735 4059 976 4127 πόλεως,
1035 4058 1151 4119 υἱὸς
1209 4054 1517 4129 βουλευτοῦ
1555 4075 1703 4116 τινος
1727 4052 2027 4121 Ἕλληνος,

374 4151 594 4224 μητέρα
646 4147 791 4224 ἔχων
841 4149 1193 4224 Χριστιανήν·
1253 4145 1373 4215 ἣτις
1426 4145 1514 4200 καὶ
1576 4140 1809 4214 ἐδίδαξεν
1868 4142 2028 4197 αὐτὸν

359 4239 434 4293 τά
464 4238 586 4314 ἱερᾶ
634 4238 956 4312 Γράμματα.
1012 4235 1116 4293 Καὶ
1178 4237 1312 4307 μετὰ
1366 4234 1428 4289 τὸ
1485 4233 1729 4308 γενέσθαι
1785 4228 2031 4286 δέκακαὶ

376 4328 525 4383 ὀκτὼ
558 4326 717 4396 έτῶν,
748 4328 1042 4403 προσήχθη
1097 4323 1148 4379 έν
1196 4323 1386 4399 Δί’γαῖς
1434 4326 1503 4396 τῇ
1534 4320 1693 4377 πόλει
1734 4323 2033 4395 Μαρκιανῷ

367 4423 452 4489 τῷ
499 4418 735 4494 ⁴ἡγεμόνι
787 4419 934 4489 παρὰ
979 4421 1090 4471 τῶν
1147 4412 1588 4489 εἷδωλολατρῶν.
1649 4412 1753 4467 Καὶ
1811 4412 2037 4487 ἀναγκα-

375 4509 526 4569 σθεὶς
558 4508 713 4561 θῦσαι
758 4511 876 4568 τοῖς
936 4503 1213 4574 εἰδώλοις,
1269 4502 1368 4559 ούκ
1404 4502 1645 4572 ἐπείσθη.
1679 4500 1772 4555 Διὸ
1800 4500 2037 4571 ἀνοίξαν-

2133 3292 2201 3331 ac
2231 3276 2349 3330 ﬁne
2381 3280 2682 3330 carentem
2711 3275 2909 3332 vitam.

2201 3367 2271 3419 Et
2300 3370 2602 3419 certamen
2633 3365 2824 3419 sancti
2871 3364 3137 3436 Apostoli
3183 3364 3459 3420 Nicandri
3486 3380 3499 3418 :
3532 3369 3592 3420 et
3620 3379 3782 3419 com-

2130 3453 2476 3509 memoratio
2509 3453 2699 3508 sancti
2720 3453 2920 3508 Joanis
2952 3452 3013 3508 in
3036 3453 3386 3508 Rufinianis.

2680 3595 2920 3651 EODEM
2976 3597 3121 3651 MEN
3126 3595 3225 3651 SE.

2656 3712 2760 3768 Die
2791 3711 3023 3769 decima
3060 3717 3243 3769 sexta.

2344 3834 2439 3887 17
2479 3832 2764 3890 Certamen
2792 3834 2970 3889 sancti
2996 3833 3213 3887 Iuliani
3247 3833 3308 3886 in
3340 3830 3559 3887 Cilicia.

2203 3947 2495 4016 Julianus,
2518 3948 2734 4005 Christi
2756 3954 3000 4019 martyr,
3026 3953 3153 4004 erat
3178 3965 3249 4003 ex
3279 3948 3424 4003 urbe
3456 3947 3785 4016 Anazarbo,

2135 4038 2295 4093 ﬁlius
2327 4037 2638 4109 cujusdam
2698 4038 2987 4093 senatoris
3042 4038 3249 4101 Graeci,
3282 4043 3531 4093 matrem
3562 4038 3789 4093 habens

2135 4129 2553 4189 Christianam,
2587 4144 2719 4198 quae
2745 4133 2802 4182 et
2832 4128 3023 4198 ipsum
3059 4145 3256 4183 sacras
3290 4129 3536 4182 Litteras
3565 4127 3785 4183 docuit.

2135 4219 2280 4273 Cum
2314 4223 2512 4273 autem
2554 4233 2777 4271 annum
2832 4215 3135 4269 decimum
3179 4223 3447 4270 octavum
3479 4222 3695 4287 ageret,
3731 4216 3791 4270 in

2135 4309 2345 4364 urbem
2369 4310 2534 4380 digas
2550 4306 2619 4361 ad
2647 4305 3006 4361 Marcianum
3030 4306 3343 4377 prmsidem
3366 4306 3438 4359 ab
3460 4305 3792 4359 idololatris

2138 4397 2451 4459 adductus,
2482 4401 2541 4450 et
2588 4395 2661 4449 ad
2694 4394 3149 4449 sacrificandum
3197 4392 3561 4464 compulsus,
3596 4391 3793 4446 noluit

2138 4486 2398 4540 obedire.
2424 4486 2790 4554 Quapropter
2812 4483 3071 4547 lictores,
3096 4482 3385 4537 violenter
3410 4498 3475 4536 os
3500 4482 3631 4553 ejus
3654 4497 3792 4552 ape-

362 4616 452 4656 τες
497 4596 549 4649 οἱ
605 4591 802 4668 δήμιοι
851 4594 985 4668 μετὰ
1036 4592 1159 4669 βίας
1202 4569 1268 4646 τὸ
1312 4592 1488 4663 στόμα
1524 4569 1712 4653 αὐτοῦ,
1742 4569 2028 4664 ἐγχέουσιν

2142 4576 2379 4639 rientes,
2403 4573 2604 4627 vinum
2636 4578 2693 4626 et
2722 4588 2959 4625 carnem
2992 4571 3169 4625 idolis
3200 4571 3399 4625 oblata
3421 4569 3790 4626 infuderunt.

370 4684 527 4738 οἶνον
557 4681 649 4737 καὶ
681 4683 841 4757 κρέας
893 4686 999 4737 τῶν
1059 4679 1461 4745 εἰδωλοθύτων.
1520 4678 1647 4735 Εἶτα
1694 4672 2028 4749 ἐμϐάλλεται

373 4770 455 4833 εἷς
487 4769 763 4847 φυλακὴν,
794 4770 881 4826 καὶ
936 4771 1120 4845 ἄγεται
1168 4772 1204 4839 ἡ
1259 4770 1443 4843 μήτηρ
1477 4767 1663 4824 αὐτοῦ.
1696 4767 1793 4822 Καὶ
1825 4766 2029 4841 ἐρωτη-

373 4865 529 4924 θεῖσα
587 4858 711 4935 περὶ
770 4858 957 4931 αὐτοῦ,
1013 4859 1257 4933 ᾐτήσατο
1302 4858 1394 4911 τὸν
1448 4857 1561 4910 υἱὸν
1604 4855 1770 4920 αὐτῆς
1804 4852 2030 4925 δοθῆναι

374 4949 515 5023 αὐτῇ
546 4949 636 5004 έπί
671 4955 820 5023 τρεῖς
878 4946 1112 5024 ἡμέρας,
1171 4947 1306 5023 πρὸς
1364 4947 1427 5000 τὸ
1487 4944 1878 5021 βουλεύσασθαι
1915 4945 2031 5016 μετ’

375 5038 571 5096 αὐτοῦ.
636 5038 740 5095 Καὶ
794 5037 989 5093 τούτου
1067 5037 1387 5111 γενομένου,
1452 5034 1618 5090 πάλιν
1678 5034 1895 5108 ἄγονται
1954 5030 2032 5094 εἷς

372 5126 633 5198 ἐξέτασιν,
688 5128 777 5183 καὶ
836 5130 987 5182 εἷπον
1072 5127 1149 5200 μή
1231 5126 1562 5199 ἀρνήσασθαι
1637 5123 1726 5177 τὸν
1778 5121 2027 5193 Χριστόν.

366 5217 530 5274 Ὀθεν
586 5217 687 5285 τὴν
745 5217 841 5289 μὲν
903 5214 1112 5289 μητέρα
1160 5213 1326 5269 αὐτοῦ
1376 5211 1645 5267 ἀπέλυσαν
1679 5208 2024 5282 διατεμόντες

361 5305 462 5367 τάς
512 5308 749 5375 πτέρνας
796 5304 986 5373 αὐτῆς·
1037 5305 1127 5358 τὸν
1181 5300 1239 5357 δὲ
1294 5302 1443 5378 ἅγιον
1498 5299 1789 5358 Ἰουλιανὸν
1822 5294 2031 5372 ἐμϐάλ-

362 5393 558 5457 λοντες
615 5393 696 5454 εἰς
753 5394 949 5448 σάκκον
1004 5392 1245 5467 γέμοντα
1301 5390 1538 5463 ἑρπετῶν
1604 5383 1867 5454 ἱοὸόλων,
1943 5387 2032 5442 καὶ

366 5482 631 5557 ψάμμου,
701 5480 930 5558 ἔῤῥιψαν
994 5481 1046 5536 ἐν
1111 5503 1178 5556 τῃ
1248 5477 1507 5553 θαλάσσῃ.
1560 5476 1843 5555 Ἐξερῥίφη
1879 5474 1936 5531 δὶ
1971 5477 2035 5532 τὸ

364 5572 627 5648 λείψανον
696 5572 866 5629 αὐτοῦ
936 5572 988 5627 ἐν
1052 5567 1452 5646 ’Δλεξανδρείασ
1520 5567 1611 5623 καὶ
1670 5565 1840 5644 ἐτάφη
1891 5565 2037 5641 παρὰ

365 5664 642 5742 γυναικὸς
677 5664 863 5739 χήρας
886 5662 1031 5725 τινὸς
1055 5654 1343 5724 εὐλαὸοὖς.

2144 4662 2365 4718 Deinde
2406 4662 2467 4717 in
2516 4676 2813 4716 carcerem
2864 4661 3168 4725 coniectus
3213 4666 3321 4722 est,
3356 4664 3414 4714 et
3441 4666 3634 4715 mater
3665 4658 3794 4731 ejus

2143 4751 2432 4807 adducta:
2467 4767 2597 4821 quae
2630 4750 2700 4804 de
2734 4749 2836 4803 illo
2859 4748 3239 4822 interrogata,
3264 4749 3434 4821 petiit
3457 4749 3568 4803 sibi
3604 4749 3795 4803 tilium

2145 4858 2317 4896 suum
2365 4839 2607 4894 concedi
2639 4855 2745 4911 per
2802 4844 2920 4893 tres
2977 4838 3126 4903 dies,
3160 4838 3376 4909 quibus
3424 4844 3623 4909 posset
3660 4854 3796 4893 cum

2145 4930 2247 4984 illo
2280 4928 2626 4985 deliberare.
2662 4930 2784 4993 Quo
2817 4927 2990 4995 facto,
3024 4944 3262 4983 rursum
3296 4928 3357 4982 in
3402 4928 3795 4999 quaastionem

2145 5018 2552 5075 adducuntur:
2606 5024 2663 5073 et
2718 5034 2852 5073 cum
2915 5017 3205 5073 dixissent
3275 5034 3336 5072 se
3416 5032 3795 5088 nequaquam

2145 5112 2444 5166 Christum
2474 5110 2867 5181 abnegaturos
2905 5126 3057 5172 esse,
3109 5115 3357 5164 matrem
3398 5108 3637 5179 quidem
3668 5107 3797 5163 cal-

2145 5200 2344 5255 caneis
2368 5197 2678 5269 perforatis
2733 5197 3107 5254 dimiserunt.
3143 5204 3415 5253 sanctum
3447 5214 3580 5252 vero
3611 5196 3797 5251 Julia-

2145 5304 2286 5342 num
2312 5286 2372 5340 in
2398 5303 2629 5341 saccum
2656 5286 2992 5356 injicientes
3017 5286 3393 5357 serpentibus
3414 5284 3720 5339 venenatis
3743 5289 3803 5340 et

2146 5392 2324 5431 arena
2356 5375 2617 5445 plenum.
2654 5374 2714 5427 in
2758 5391 2918 5429 mare
2972 5376 3384 5445 projecerunt:
3422 5391 3488 5429 ex
3521 5391 3636 5444 quo
3671 5376 3799 5442 ejus

2145 5465 2412 5535 reliquias
2456 5461 2863 5518 Alexandriam
2915 5464 3139 5535 ejecta),
3174 5480 3208 5519 a
3238 5463 3511 5536 religiosa
3540 5461 3796 5533 quadam

2144 5554 2319 5610 vidua
2348 5552 2592 5625 sepultas
2633 5558 2789 5608 sunt.
