4086 6204
232 344 350 403 355

1527 330 1949 395 MENOLOGII
1996 330 2194 394 PARS
2231 330 2338 393 Ill.

3511 325 3651 386 356-

301 480 375 535 Et
397 477 838 535 commemoratio
888 474 1067 530 sancti
1108 469 1342 539 apostoli
1393 466 1704 525 Aristobuli
1735 484 1803 523 ex

2003 463 2085 519 {ai
2147 465 2338 537 μνήμη
2394 467 2490 518 τοῦ
2565 463 2723 539 ἁγίου
2796 459 3111 539 ἀποστόλου
3176 452 3637 535 Ἀριστοϐούλου,

871 544 1248 614 septuaginta.

305 667 698 725 Aristobulus.
733 662 965 717 divinus
1022 658 1238 715 Christi
1296 655 1621 729 apostolus,
1672 654 1789 709 fuit
1817 670 1887 710 ex

229 759 604 831 septuaginta
651 752 981 823 discipulis.
1036 752 1175 805 Post
1220 749 1541 822 gloriosam
1594 752 1791 803 autem
1828 749 1891 800 et

232 849 597 905 salutiferam
629 843 1040 899 ascensionem
1071 841 1267 910 magni
1315 840 1415 895 Dei
1467 844 1525 893 et
1568 837 1888 894 Salvatoris

229 937 419 993 nostri
449 937 585 990 Jesu
607 933 844 1000 Christi,
874 937 1114 987 secutus
1136 936 1225 985 est
1242 937 1519 985 sanctum
1549 927 1888 999 apostolum

230 1024 496 1092 Paulum,
530 1038 810 1096 magnum
840 1021 1000 1076 orbis
1031 1020 1353 1089 doctorem,
1386 1020 1448 1073 in
1482 1032 1721 1073 omnem
1752 1015 1885 1071 civi-

230 1120 412 1170 tatem
442 1119 502 1169 et
524 1114 852 1185 regionem,
886 1110 1233 1166 ministrans
1278 1114 1337 1164 et
1384 1106 1650 1163 serviens
1684 1105 1796 1172 illi,
1824 1107 1892 1160 ut

228 1205 524 1278 genuinus
555 1208 614 1259 et
636 1202 790 1257 ﬁdus
814 1200 1163 1272 discipulus.
1183 1199 1327 1255 Cum
1356 1213 1495 1254 vero
1524 1197 1629 1253 ille
1659 1196 1889 1267 episco-

231 1312 339 1367 pos
370 1294 693 1360 ordinaret,
727 1298 786 1347 et
813 1291 887 1346 ad
943 1290 1273 1346 docendam
1329 1303 1528 1344 veram
1587 1285 1787 1352 fidem,
1833 1288 1893 1339 et

232 1385 533 1440 Christum
564 1380 1010 1454 praedicandum
1054 1380 1116 1435 in
1147 1394 1387 1435 omnem
1417 1376 1721 1449 regionem
1751 1374 1893 1429 mit-

228 1480 401 1541 teret,
436 1472 729 1528 ordinavit
784 1475 845 1526 et
895 1470 1113 1541 ipsum,
1174 1467 1467 1537 misitque
1497 1465 1560 1519 in
1589 1465 1892 1536 regionem

232 1564 674 1627 Britannorum,
708 1560 809 1631 qui
864 1565 1004 1614 tunc
1061 1562 1230 1613 erant
1286 1555 1563 1612 homines
1597 1552 1890 1622 infideles,

231 1652 483 1717 feroces,
517 1656 575 1705 et
602 1648 892 1706 crudeles.
921 1647 1008 1703 Ad
1033 1663 1182 1719 quos
1205 1645 1305 1701 ubi
1330 1645 1592 1716 primum
1621 1641 1891 1706 accessit,

235 1747 295 1798 et
348 1740 648 1796 Christum
723 1737 1085 1810 praedicavit,
1148 1733 1491 1792 verberibus
1567 1730 1891 1803 aliquando

2637 534 2754 596 ἑνὸς
2783 538 2888 589 τῶν
2921 534 3000 592 Ο’.

2069 661 2521 741 Ἀριστόϐουλος,
2572 667 2601 722 ὁ
2658 667 2806 730 θεῖος
2862 664 3168 729 ἀπόστολος
3224 670 3321 721 τοῦ
3379 665 3641 741 Χριστου,

1999 755 2218 831 ὑπῆρχε
2268 757 2363 829 μὶν
2416 754 2475 810 ἐκ
2518 759 2626 811 τῶν
2677 750 3059 829 ἑϐδομήκοντα
3100 758 3378 829 μαθητῶν.
3412 754 3557 808 Μετὰ
3589 749 3646 807 δὶ

1995 844 2094 913 τήν
2154 842 2367 916 ἔνδοξον
2422 845 2511 901 καὶ
2583 846 2855 919 σωτήριον
2914 843 3188 918 ἀνάληψιν
3242 848 3341 899 τοῦ
3401 842 3645 917 μεγάλου

1998 937 2132 989 Θεοῦ
2161 934 2251 989 καὶ
2284 940 2545 1009 Σωτῆρος
2605 936 2768 1007 ⁴ἡμῶν
2822 937 3005 1006 Ἰησοῦ⁹
3062 936 3314 1010 Χριστοῦ,
3345 928 3644 1002 ἠκολούθει

1997 1027 2077 1095 τῷ
2108 1022 2251 1098 ἁγίῳ
2274 1022 2568 1098 ἆποστόλῳ
2588 1021 2813 1097 Παύλῳ,
2837 1028 2919 1097 τῷ
2950 1021 3178 1099 μεγάλῳ
3204 1019 3519 1094 διδασκάλῳ
3545 1026 3649 1090 τῆς

1999 1111 2350 1185 οίκουμένης,
2423 1111 2500 1175 είς
2573 1117 2745 1169 πᾶσαν
2825 1112 2989 1170 πόλιν
3053 1111 3502 1185 διακονούμενος,
3556 1109 3651 1164 καὶ

2000 1198 2274 1256 δουλεύων
2334 1201 2504 1274 αύτῷ,
2562 1201 2639 1266 ὡς
2693 1202 2921 1276 γνήσιος
2975 1200 3065 1256 καὶ
3123 1200 3315 1262 πιστὸς
3376 1198 3649 1273 μαθητὴς.

1997 1290 2151 1347 Ἐπεὶ
2210 1287 2270 1344 δέ
2321 1289 2397 1351 είς
2455 1296 2626 1345 πᾶσαν
2684 1291 2876 1366 χώραν
2935 1294 3275 1366 χειροτονῶν
3322 1285 3652 1343 ἆπεστελλεν

1999 1377 2350 1449 ἐπισκόπους,
2382 1377 2471 1434 ἐπὶ
2526 1384 2606 1452 τῷ
2662 1376 2934 1435 διδάσκειν
2987 1380 3090 1448 τὴν
3143 1379 3411 1450 ἀληθινὴν
3452 1377 3655 1446 πίστιν,

2000 1467 2088 1523 καὶ
2118 1468 2404 1544 κηρύττειν
2451 1468 2543 1524 τὸν
2599 1469 2865 1543 Χριστὸν,
2925 1472 3317 1545 χειροτονήσας
3347 1468 3436 1524 καὶ
3466 1468 3651 1537 αὐτὸν,

2001 1556 2236 1633 ἔπεμψεν
2299 1558 2375 1621 είς
2432 1559 2532 1629 τὴν
2600 1559 2787 1635 χώραν
2846 1563 2954 1614 τῶν
3014 1562 3348 1635 Βρεττανῶν,
3405 1555 3643 1613 ἀπίστων

2006 1648 2383 1723 ὑπαρχόντων,
2467 1646 2557 1703 καὶ
2633 1647 2858 1722 ἀγρίων,
2943 1648 3036 1702 καί
3092 1646 3262 1722 ώμῶν
3321 1647 3645 1721 ἀνθρώπων.

2002 1735 2165 1795 ’Δλλ’
2212 1738 2366 1811 ὅμως
2423 1734 2699 1809 ἀπελθὼν,
2753 1736 2844 1792 καὶ
2899 1736 2992 1791 τὸν
3049 1737 3281 1812 Χριστὸν
3337 1734 3645 1812 κηρύττων,

235 1838 536 1903 exceptus,
554 1829 876 1900 aliquando
900 1827 1227 1883 secundum
1252 1825 1647 1898 proﬂuentem
1664 1827 1886 1878 tractus

2003 1826 2078 1881 εαὶ
2111 1827 2243 1881 ποτε
2295 1826 2391 1899 μὲν
2431 1826 2793 1899 τυπτόμενος,
2850 1826 2984 1881 ποτὶ
3042 1823 3099 1881 δὶ
3153 1827 3290 1881 κατὰ
3334 1826 3428 1888 τὰς
3470 1824 3646 1900 ῥύμας

233 1921 483 1977 subinde
505 1918 764 1974 ludibrio
792 1917 1094 1989 expositus
1115 1921 1223 1972 est.
1250 1915 1496 1971 Interim
1528 1913 1733 1970 multis
1754 1928 1887 1984 per-

232 2011 419 2066 suasit
447 2013 512 2064 ut
559 2008 635 2063 ad
683 2008 983 2063 Christum
1031 2005 1404 2073 accederent,
1439 2009 1500 2062 et
1528 2003 1892 2075 baptizaren-

232 2104 348 2154 tur.
382 2098 547 2155 Unde
578 2096 676 2152 18
710 2113 847 2152 cum
880 2096 1193 2153 ecclesiam
1234 2094 1663 2160 constituisset,
1699 2092 1760 2147 in
1792 2107 1891 2148 ea-

234 2205 350 2260 que
406 2186 785 2259 presbyteros
843 2191 904 2241 et
957 2185 1240 2242 diaconos
1298 2183 1656 2251 ordinasset,
1714 2180 1893 2236 vitam

236 2276 688 2334 consummavit.

233 2368 303 2423 Et
333 2373 609 2423 certamen
660 2370 976 2422 sanctorum
1026 2370 1335 2434 martyrum
1390 2362 1640 2431 Menigni
1688 2365 1742 2415 et
1785 2361 1893 2415 Ro-

978 2456 1150 2509 mani.

310 2547 559 2602 Sanctus
590 2544 898 2616 Menignus
929 2543 1073 2598 vixit
1100 2543 1432 2614 imperante
1462 2539 1660 2606 Decio,
1692 2538 1893 2594 oriun-

237 2636 348 2692 dus
375 2652 444 2690 ex
474 2635 710 2690 civitate
736 2636 906 2699 Paro,
938 2637 1064 2687 arte
1092 2632 1260 2695 fullo,
1294 2636 1353 2686 et
1374 2630 1575 2686 labore
1606 2643 1892 2683 manuum

236 2725 349 2780 sibi
381 2725 601 2780 victum
632 2738 1008 2794 comparans,
1037 2719 1415 2776 ministrabat
1437 2717 1787 2774 Christianis
1817 2714 1891 2771 ob

234 2816 716 2888 persecutionem
746 2814 809 2868 in
848 2828 1115 2868 carceres
1159 2809 1465 2882 conjectis.
1501 2806 1890 2865 Desiderabat

236 2911 437 2962 autem
462 2911 521 2960 et
540 2905 666 2976 ipse
689 2920 795 2975 pro
816 2902 1048 2957 Christo
1075 2899 1426 2972 martyrium
1459 2897 1681 2959 subire,
1714 2895 1893 2967 idque

236 2994 516 3068 precibus
548 2992 928 3065 efﬂagitabat.
961 2994 1151 3055 Quare
1177 2988 1400 3045 audivit
1423 3003 1625 3044 vocem
1656 2985 1770 3041 sibi
1801 2984 1893 3039 di-

237 3088 470 3139 centem
495 3099 509 3138 :
543 3082 833 3154 Menigne,
864 3080 1001 3135 veni
1023 3080 1098 3135 ad
1127 3096 1246 3145 me,
1267 3084 1327 3134 et
1354 3076 1622 3133 invenies
1642 3074 1891 3148 gratiam

236 3191 435 3231 coram
467 3189 582 3230 me.
616 3172 883 3228 Accessit
920 3187 1056 3244 ergo
1100 3169 1174 3226 ad
1197 3168 1486 3276 judiclem,
1518 3172 1577 3221 et
1604 3164 1890 3276 Christia-
1920 3208 1965 3276 C

235 3281 380 3319 num
412 3280 473 3319 se
507 3279 636 3318 esse
669 3261 978 3317 confessus
1001 3264 1109 3316 est.
1133 3257 1527 3325 Quamobrem
1549 3253 1891 3311 verberibus

237 3358 537 3426 exceptus,
597 3352 914 3426 gladioque
967 3349 1165 3423 digitis
1218 3364 1504 3406 manuum
1565 3352 1624 3401 et
1677 3343 1896 3417 pedum

232 3444 536 3514 abscissis,
556 3445 749 3516 capite
771 3444 978 3516 plexus
1001 3441 1132 3497 fuit.
1156 3440 1522 3497 Veneranda:
1544 3442 1744 3494 autem
1767 3437 1896 3508 ejus

231 3536 501 3607 reliquias
526 3535 584 3589 in
609 3535 756 3592 urbe
780 3534 1049 3607 sepultae,
1075 3533 1345 3606 praebent
1366 3532 1680 3588 sanitatem
1704 3529 1894 3585 omni-

232 3624 344 3681 bus
376 3624 653 3680 fidelibus
683 3641 872 3696 usque
906 3626 967 3679 in
999 3624 1355 3678 hodiernum
1387 3622 1567 3678 diem.
1597 3624 1895 3676 Romanus

233 3721 431 3769 autem
464 3730 600 3769 cum
632 3714 912 3768 Ecclesiae
937 3714 1218 3768 Caesarem
1247 3711 1581 3767 Palaestinas
1608 3710 1895 3765 diaconus

234 3807 411 3869 esset,
443 3802 780 3872 Christique
814 3800 994 3856 fidem
1026 3800 1315 3871 populum
1339 3799 1597 3863 doceret,
1622 3815 1890 3869 compre-

230 3890 477 3955 hensus,
508 3888 832 3959 multisque
877 3888 1190 3942 tormentis
1250 3887 1647 3951 excruciatus,
1682 3885 1891 3941 eodem

226 3978 322 4033 die
355 3976 551 4051 gladio
586 3992 775 4032 caesus
807 3976 990 4031 tinem
1022 3976 1270 4047 accepit.

296 4069 367 4123 Et
396 4072 700 4123 certamen
750 4066 939 4122 sancti
990 4064 1267 4137 martyris
1318 4065 1531 4135 Papae:
1585 4067 1643 4119 et
1671 4065 1889 4117 sanctaa

222 4156 501 4229 martyris
523 4156 867 4229 Euphrasiaa
889 4173 901 4210 :
927 4171 1164 4212 necnon
1180 4151 1668 4211 commemoratio
1694 4150 1884 4207 sancti

224 4245 545 4304 Alexandri
576 4264 744 4321 papas
775 4248 975 4303 Roma)
1005 4262 1020 4314 ;
1053 4250 1112 4301 et
1141 4249 1485 4301 sanctorum
1507 4241 1808 4315 Trophimi
1830 4247 1890 4298 et

230 4335 447 4406 Thalli,

792 4425 1034 4482 EODEM
1074 4424 1326 4480 MENSE.

708 4516 810 4572 Die
852 4515 1085 4571 decima
1124 4514 1397 4586 septima.

448 4607 901 4662 Commemoratio
930 4608 1110 4662 sancti
1158 4604 1368 4673 Alexii,
1407 4601 1519 4660 viri
1548 4602 1661 4658 Dei.

290 4765 426 4820 Fuit
464 4764 561 4820 hic
615 4783 686 4821 ex
741 4766 888 4821 urbe
937 4772 1147 4834 Roma,
1208 4765 1605 4837 Euphemiani
1658 4765 1889 4837 patricii

229 4853 414 4918 ﬁlius,
446 4869 481 4908 a
510 4869 627 4924 quo
658 4870 901 4909 uxorem
926 4855 1143 4909 ducere
1175 4854 1541 4926 compulsus,
1570 4870 1705 4909 cum
1727 4853 1881 4909 cele-

220 4941 409 4998 bratis
440 4944 667 5014 nuptiis
698 4944 1033 4999 conversari
1062 4960 1200 4998 eum
1232 4959 1367 4997 cum
1394 4959 1615 5015 sponsa
1644 4949 1883 5015 oporte-

220 5037 332 5099 ret,
364 5031 580 5086 tradito
608 5032 802 5087 eidem
824 5032 1077 5103 nuptiali
1101 5031 1350 5098 annulo,
1377 5031 1550 5087 domo
1578 5031 1885 5087 discessit:

224 5126 283 5174 et
313 5120 595 5176 Edessam
626 5121 837 5176 urbem
890 5121 1211 5192 profectus,
1273 5137 1379 5191 per
1434 5120 1636 5175 decem
1671 5126 1728 5174 et
1756 5127 1885 5175 octo

222 5225 414 5264 annos
446 5210 604 5281 apud
662 5209 977 5265 ecclesiam
1036 5209 1279 5264 mansit.
1336 5211 1414 5264 Ex
1464 5210 1652 5281 ipsius
1684 5215 1883 5265 autem

219 5299 434 5355 virtute
466 5300 720 5368 agnitus,
746 5316 809 5354 se
839 5298 1153 5353 subduxit:
1192 5300 1554 5369 Romamque
1586 5304 1881 5370 repetens,

222 5388 497 5461 proprias
530 5389 686 5444 aedes
718 5389 981 5451 intravit,
1013 5387 1113 5443 ubi
1162 5388 1418 5460 ignotus,
1451 5387 1607 5459 apud
1632 5390 1882 5460 januam

224 5495 285 5533 se
319 5478 636 5544 continuit,
667 5485 898 5551 patrem
923 5484 1294 5547 matremque
1326 5482 1623 5549 spectans,
1649 5483 1707 5532 et
1735 5494 1769 5532 a
1798 5479 1881 5534 fa-

221 5567 403 5626 mulis
429 5569 553 5625 suis
583 5568 841 5625 ludibrio
875 5566 1145 5623 habitus:
1194 5567 1293 5622 19
1338 5566 1683 5639 parentibus
1713 5568 1883 5624 insu-

217 5676 347 5732 per,
373 5664 433 5718 et
458 5664 623 5721 casta
649 5660 837 5733 ipsius
866 5674 1052 5717 uxore
1080 5657 1441 5729 dolentibus,
1469 5663 1879 5733 perpetuoque

1907 4578 1955 4645 D

1996 1915 2316 1989 συρόμενος,
2347 1911 2551 1970 ἄλλοτε
2599 1912 2656 1969 δὲ
2707 1914 3136 1990 χλευαζόμενος,
3177 1911 3427 1978 πολλοὺς
3472 1911 3650 1969 ἔπεισε

1993 2001 2316 2078 προσελθεῖν
2364 2007 2445 2075 τῷ
2497 2007 2741 2079 Χριστῷ,
2799 2004 2888 2059 καὶ
2954 2004 3340 2073 Βαπτισθῆναι.
3369 2005 3529 2068 Ὅθεν
3558 2002 3650 2057 καὶ

1995 2090 2291 2163 ὶκκλησίαν
2381 2094 2806 2165 συστησάμενος,
2904 2091 2995 2147 καὶ
3067 2086 3490 2169 πρεσϐυτέρους,
3564 2090 3654 2147 καὶ

1997 2178 2280 2244 διακόνους
2312 2180 2367 2237 ὲν
2399 2180 2535 2256 αὐτῇ
2560 2182 2920 2254 καταστήσας,
2950 2180 3266 2253 ἐτελειώθη.

2070 2359 2170 2417 Καὶ
2221 2358 2453 2432 ἄθλησις
2493 2364 2599 2418 τῶν
2648 2360 2813 2436 ἁγίων
2861 2359 3152 2436 μαρτύρων
3183 2358 3469 2435 Μενίγνου,
3499 2357 3590 2414 καὶ

2680 2450 2986 2523 ⁸Ρωμανοῦ.

2066 2540 2131 2598 Ὀ
2162 2540 2258 2612 μὲν
2309 2540 2461 2614 ἅγιος
2511 2540 2775 2614 Μενιγνος
2821 2539 3044 2615 ὑπῆρχε
3094 2539 3191 2611 μέν
3243 2538 3333 2595 ἐπὶ
3369 2545 3468 2609 τῆς
3503 2539 3660 2614 βασι-

2000 2628 2167 2691 λείας
2203 2629 2417 2699 Δεκίου,
2448 2627 2507 2684 ἐκ
2548 2632 2650 2695 τῆς
2681 2627 2901 2691 πόλεως
2955 2628 3178 2704 Παρίου.
3215 2629 3457 2707 Κναφεὺς
3488 2626 3546 2682 δέ
3582 2624 3655 2683 ὣν

1993 2719 2085 2776 καὶ
2108 2723 2205 2774 τοῦ
2236 2717 2562 2793 ἐργοχείρου
2588 2718 2753 2774 αὑτοῦ
2773 2719 2981 2797 τροφάς
3007 2719 3399 2793 ποριζόμενος,
3421 2723 3659 2794 παρεῖχε

1994 2815 2112 2868 τοῖς
2142 2807 2231 2865 διὰ
2258 2809 2349 2865 τὸν
2398 2807 2644 2886 διωγμὸν
2704 2810 2781 2873 είς
2841 2809 3088 2884 φυλακὰς
3142 2809 3658 2883 ἀποκεκλεισμένοις

1996 2899 2367 2972 Χριστιανοῖς.
2401 2895 2693 2970 Ἐπεθύμει
2726 2893 2784 2952 δε
2831 2898 2922 2952 καὶ
2951 2895 3115 2961 αὐτὸς
3147 2903 3489 2971 μαρτυρῆσαι
3522 2896 3655 2969 ὑπὶρ

1997 2991 2263 3063 Χρίστοῦ,
2308 2985 2396 3042 καὶ
2450 2984 2746 3061 παρεκάλει
2805 2987 2937 3063 ὑπὲρ
2990 2986 3208 3044 τούτου.
3242 2987 3335 3042 Διὸ
3365 2987 3454 3042 καὶ
3488 2986 3654 3057 ἦλθεν

1998 3076 2144 3149 αύτῷ
2202 3077 2356 3155 φωνὴ
2414 3076 2666 3153 λέγουσαι
2726 3076 2980 3152 Μένιγνε,
3039 3075 3164 3141 ἐλθέ
3221 3077 3359 3150 πρὸς
3419 3096 3507 3151 με,
3566 3074 3657 3133 καὶ

1997 3167 2249 3241 εὑρήσεις
2279 3163 2441 3241 χάριν
2487 3164 2715 3221 ἐνώπιόν
2774 3187 2900 3238 μου.
2949 3164 3234 3239 Παραστᾶς
3264 3163 3360 3221 οὖν
3389 3169 3471 3238 τῷ
3501 3162 3655 3220 δικά-

2006 3260 2172 3325 ζοντι,
2232 3253 2319 3308 καὶ
2372 3254 2693 3329 Χριστιανὸν
2753 3254 2938 3310 ἑαυτὸν
2993 3254 3371 3329 ὁμολογήσας,
3427 3253 3652 3328 έτύφθη.

2003 3344 2107 3401 Καὶ
2132 3342 2378 3419 μαχαίρᾳ
2404 3344 2595 3405 κοπεὶς
2650 3342 2776 3407 τοὺς
2837 3341 3141 3407 δακτύλους
3192 3349 3299 3400 τῶν
3332 3348 3537 3419 χειρῶν
3564 3339 3657 3398 καί

2001 3438 2108 3489 τῶν
2139 3430 2350 3502 ποδῶν,
2408 3432 2836 3511 ἀπεκεφαλίσθη.
2893 3433 2964 3489 Τὸ
3021 3430 3079 3489 δὲ
3120 3433 3305 3507 τίμιον
3338 3433 3503 3489 αὑτοῦ
3532 3431 3654 3489 λεί-

2002 3526 2169 3597 ψανον
2200 3522 2362 3599 ταφὶν
2392 3521 2443 3577 ἐν
2492 3526 2561 3597 τῇ
2613 3522 2794 3593 πόλει,
2844 3525 3075 3599 παρέχει
3125 3524 3328 3596 ἱάματα
3378 3527 3508 3578 πᾶσι
3535 3527 3649 3585 τοῖς

2002 3617 2219 3676 πιστοῖς
2252 3613 2417 3687 μέχρι
2466 3618 2566 3681 τῆς
2603 3614 2870 3689 σήμερον.
2914 3614 2978 3671 Ὀ
3025 3610 3083 3667 δὲ
3130 3613 3429 3687 Ῥωμανὸς,
3463 3610 3651 3668 διάκο-

2002 3722 2095 3764 νος
2126 3699 2199 3756 ὢν
2231 3704 2329 3771 τῆς
2359 3701 2411 3755 ὲν
2446 3700 2741 3777 Καισαρείᾳ
2766 3709 2869 3771 τῆς
2898 3700 3271 3772 Παλαιστίνης
3299 3702 3651 3773 Ἐκκλησίας,

2002 3790 2091 3845 καὶ
2114 3791 2206 3846 τὸν
2241 3789 2371 3846 λαὸν
2406 3788 2672 3847 διδάσκων
2723 3794 2822 3859 τήν
2881 3790 2957 3853 είς
2995 3792 3224 3864 Χριστὸν
3258 3792 3459 3863 πίστιν,
3490 3790 3650 3859 ἐκρα-

1998 3883 2163 3952 τήθη,
2195 3882 2283 3936 καὶ
2317 3879 2509 3936 πολλὰ
2555 3881 2907 3956 βασανισθεὶς,
2956 3884 3074 3937 κατ’
3119 3883 3289 3953 αὐτὴν
3314 3883 3413 3953 τὴν
3446 3881 3653 3957 ἡμέραν

1998 3971 2060 4025 τὸ
2092 3968 2181 4025 διὰ
2210 3969 2394 4048 ξίφους
2425 3967 2637 4044 ἐδέξατο
2666 3969 2848 4035 τέλος.

2071 4059 2173 4116 Καὶ
2203 4057 2432 4130 ἄθλησις
2487 4064 2585 4116 τοῦ
2638 4060 2793 4137 ἁγίου
2854 4058 3125 4137 μάρτυρος
3176 4062 3359 4131 Πάπα,
3414 4060 3505 4116 καὶ
3546 4066 3648 4132 τῆς

2000 4144 2157 4221 ἁγίας
2218 4148 2490 4223 μάρτυρος
2550 4145 2875 4225 Εὑφρασίας.
2933 4147 3035 4205 Καὶ
3095 4150 3287 4222 μνήμη
3345 4152 3443 4204 τοῦ
3490 4145 3649 4224 ἁγίου

2000 4231 2383 4309 Ἀλεξάνδρου,
2426 4232 2579 4289 πάπα
2633 4235 2880 4309 Ῥώμης·
2938 4236 3029 4292 καὶ
3077 4240 3189 4293 τῶν
3246 4238 3415 4314 άγίων
3444 4236 3649 4315 Tampi-

2003 4342 2108 4396 μου
2136 4322 2227 4377 καὶ
2259 4324 2367 4378 eda
2377 4321 2478 4379 λου
2492 4364 2505 4384 .

2564 4413 2743 4470 ΜΗΝΙ
2763 4417 2849 4469 ΤΩ
2879 4418 3077 4473 ΛΥΤΩ.

2789 4506 2866 4559 IZ'

2128 4590 2247 4662 Μνή
2258 4612 2333 4664 μη
2361 4593 2461 4647 τοῦ
2492 4589 2653 4667 ἁγίου
2682 4588 2934 4719 ’Δὲεξίου
2962 4596 3061 4649 τοῦ
3090 4592 3383 4669 ἀνθρώπου
3407 4596 3504 4649 τοῦ

2791 4684 2901 4719 εου.

2791 4684 2901 4721 εου.

2068 4769 2240 4831 Οὗτος
2293 4768 2361 4838 ἦν
2418 4767 2525 4823 άπὸ
2580 4774 2681 4839 τῆς
2760 4768 3000 4843 Ῥώμής,
3083 4771 3202 4835 υἱὸς
3286 4770 3650 4849 Εὖφημιανοῦ

1996 4856 2305 4934 πατρικίου,
2352 4857 2413 4919 δς
2465 4856 2553 4913 καὶ
2614 4858 2751 4934 πρὸς
2804 4859 2985 4934 γάμον
3038 4856 3291 4931 ἐξέδωκεν
3323 4859 3508 4919 αύτόν,
3539 4863 3650 4918 τοῦ

1994 4946 2173 5022 γάμου
2205 4944 2262 5002 δὲ
2290 4945 2612 5022 γενομένου,
2670 4948 2807 5002 κατὰ
2860 4949 2956 5004 τὸν
3008 4951 3222 5025 καιρὸν,
3281 4950 3399 5005 καθ’
3430 4948 3488 5005 ὅν
3541 4946 3647 5006 ἔδει

1992 5039 2062 5109 τῇ
2091 5034 2279 5114 νύμφῃ
2311 5033 2744 5109 προσομιλῆσαι,
2805 5034 2934 5099 δοὺς
2991 5036 3127 5113 αὐτῇ
3180 5038 3273 5094 τὸν
3324 5034 3646 5113 ἀραϐονικὸν

1996 5121 2312 5193 δακτύλιον,
2345 5122 2537 5197 ἐξῆλθε
2583 5128 2681 5179 τοῦ
2734 5124 2911 5195 οἴκου,
2940 5128 3028 5181 καὶ
3060 5131 3161 5196 τήν
3188 5125 3355 5183 πόλιν
3386 5124 3648 5184 Ἔδεσσαν

1992 5208 2338 5282 καταλαϐὼν,
2393 5212 2718 5287 προσέμεινε
2772 5214 2844 5285 τῇ
2898 5212 3163 5289 ἐκκλησίᾳ
3218 5214 3311 5287 ἔτη
3377 5213 3503 5271 δέκα
3558 5214 3648 5269 καί

1996 5300 2161 5356 ὀκτώ.
2196 5300 2462 5365 Γνωσθεὶς
2491 5297 2548 5354 δὶ
2578 5298 2666 5355 διὰ
2693 5302 2793 5371 τὴν
2842 5302 3037 5378 άρετὴν
3074 5304 3259 5373 αὑτοῦ,
3296 5304 3647 5379 ὑπεχώρησε,

1991 5389 2081 5445 καὶ
2140 5388 2308 5445 πάλιν
2366 5390 2609 5458 ἀπῆλθεν
2670 5389 2747 5453 εἷς
2800 5391 3023 5465 Ῥώμην
3080 5394 3173 5448 καὶ
3228 5387 3500 5449 κατέλαϐε
3552 5392 3645 5447 τὸν

1992 5476 2130 5533 ἴδιον
2170 5479 2340 5548 οἶκον,
2397 5476 2489 5533 καὶ
2549 5477 2840 5554 ἀγνοηθεὶς
2887 5484 2967 5552 τῷ
3022 5480 3235 5537 πυλῶνι
3285 5479 3647 5557 προσεκαρτέ-

1992 5586 2095 5644 ρει,
2127 5567 2346 5644 βλέπων
2401 5566 2492 5621 τὸν
2550 5567 2758 5644 πατέρα
2810 5567 2901 5624 καί
2956 5571 3056 5640 τήν
3119 5570 3349 5647 μητέρα,
3381 5569 3647 5645 ἑμπαιζό-

1995 5678 2152 5734 μενος
2188 5657 2294 5712 ὑπὸ
2322 5658 2434 5711 τῶν
2471 5651 2685 5713 δούλων
2727 5655 2911 5730 αὑτοῦ,
2959 5657 3137 5715 καίτοι
3162 5663 3275 5716 τῶν
3299 5661 3521 5737 γονέων,
3554 5655 3643 5714 καί
