4104 6196
334 354 467 415 εστ

1882 358 2258 423 MARTIUS.

3648 377 3766 441 358

348 489 451 551 τῆς
524 482 803 556 σώφρονος
903 481 1072 539 αὖτοῠ
1144 484 1398 559 γυναικὸς
1474 484 1831 558 λυπουμένων
1908 487 1988 542 καῖ

2115 491 2277 548 illius
2316 510 2494 551 causa
2545 496 2938 569 plorantibus.
2998 502 3260 560 Instante
3317 512 3515 564 autem
3574 511 3757 579 obitu,

350 569 650 628 κλαιόντων
710 570 1003 636 διαπαντὸς
1056 573 1181 650 περὶ
1232 574 1420 633 αὐτοῦ.
1474 577 1582 644 Τῆς
1640 572 1698 631 δὶ
1740 574 1998 646 τελευτῆς

350 661 526 717 αὐτοῦ
553 664 1014 737 προσεγγισάσης,
1050 665 1292 734 ζητήσας
1370 665 1607 740 χάρτην,
1678 661 1877 741 ἔγραψε
1931 666 1999 721 τὰ

346 751 478 824 περὶ
532 749 690 806 αὐτοῦ
745 753 943 818 πάντα,
996 752 1088 807 καὶ
1147 758 1397 827 κατεῖχεν
1448 752 1503 810 ἂν
1559 756 1629 827 τῇ
1681 752 1831 829 χειρὶ
1864 754 2000 826 μετὰ

344 838 627 911 τελευτήν·
659 840 727 911 ἥν
759 842 788 896 6
822 839 1078 918 βασιλεὺς
1131 842 1392 915 Ὀνώριος
1436 837 1648 913 λαϐὼν,
1677 842 1886 918 ἀνὲγνω
1918 842 1998 905 εἲς

338 928 579 1000 ἇπήκοον
636 932 879 989 πάντων.
937 930 1070 990 Τότε
1118 932 1360 1008 ἐγνώσθη
1408 933 1473 987 τὸ
1520 933 1639 988 κατ’
1677 931 1860 990 αὐτόν.
1894 932 1998 990 Καὶ

338 1018 514 1082 οὕτως
545 1018 715 1099 ἕτάφη
757 1021 822 1078 τὸ
868 1021 1020 1097 ἅγιον
1080 1021 1246 1079 αὐτοῦ
1275 1020 1535 1098 λείψανον
1565 1020 1621 1079 ἐν
1648 1027 1731 1096 τῷ
1758 1027 1873 1096 ναῷ
1899 1026 1997 1080 τοῦ

336 1106 534 1181 ’Δγίου
560 1106 876 1165 ἀποστόλου
913 1110 1141 1185 Πέτρου.

518 1227 625 1283 Καὶ
660 1224 893 1299 ἄθλησις
918 1231 1019 1284 τοῦ
1063 1227 1218 1303 ἁγίου
1250 1229 1523 1306 μᾶρτυρος
1551 1228 1816 1303 Μαρίνου.

407 1345 677 1420 Βαρῖνος,
739 1346 767 1402 6
822 1350 920 1401 τοῦ
977 1347 1212 1421 Χριστοῦ
1270 1346 1497 1422 μάρτυς,
1547 1344 1867 1421 Χριστιανὸς
1898 1343 1995 1417 ὣν,

332 1434 428 1488 καὶ
458 1435 603 1508 ὁρῶν
633 1434 762 1499 τοὺς
797 1433 1205 1511 εἰδωλολάτραις
1253 1433 1497 1504 θύοντας,
1530 1433 1592 1490 ού
1627 1434 1792 1508 μόνον
1821 1434 1997 1511 ἄλογα

339 1528 480 1594 ζῶα,
508 1522 833 1598 τετράποδα,
891 1525 982 1581 καὶ
1040 1525 1274 1596 πετείνὰ,
1333 1524 1477 1581 ἀλλᾶ
1535 1527 1624 1581 καὶ
1656 1526 1995 1599 ἀνθρώπους,

336 1610 610 1682 ὶζὴλωσε’
642 1614 734 1670 καὶ
783 1616 979 1690 ὶορτῆς
1036 1617 1340 1692 γενομένης
1392 1620 1510 1678 τοῖς
1570 1615 1807 1691 ἀψύχοις
1838 1614 1997 1671 εἰδώ-

340 1704 484 1769 λοις,
516 1700 743 1778 δραμὼν
773 1704 1099 1780 κατέστρεψε
1150 1706 1244 1760 τὸν
1308 1705 1522 1781 βωμὸν,
1567 1706 1659 1759 καὶ
1689 1704 1755 1759 τὰ
1785 1704 1998 1778 θύματα

337 1792 730 1865 κατεπάτησεν,
786 1794 916 1857 τοὺς
963 1815 1021 1850 τε
1081 1788 1325 1857 δυσεϐεἶς
1379 1794 1546 1869 ἱερεῖς
1598 1794 1706 1849 τῶν
1747 1792 1993 1850 εἰδώλων

2107 581 2373 636 chartam
2405 581 2753 656 deposcens,
2797 588 3070 645 universa
3118 609 3248 663 quae
3297 595 3494 666 ipsum
3524 606 3761 669 specta-

2105 670 2274 739 bant,
2293 675 2665 747 conscripsit,
2686 678 2848 734 illam
2874 687 3007 751 post
3030 684 3257 739 obitum
3291 703 3471 743 manu
3507 696 3717 747 tenens
3743 709 3758 748 :

2108 776 2287 830 quam
2320 779 2453 818 cum
2484 766 2778 824 Honorius
2808 769 3131 841 imperator
3159 777 3504 848 accepisset,
3529 782 3759 838 cunctis

2107 850 2489 910 audientibus
2518 854 2673 928 legit.
2712 859 2855 914 Tum
2914 878 3045 917 vero
3104 864 3233 936 ejus
3266 874 3395 923 acta
3421 878 3759 940 patuerunt.

2106 936 2274 994 Illius
2302 939 2502 1012 itaque
2562 950 2780 1001 sanctae
2837 947 3107 1020 reliquiae
3164 951 3226 1008 in
3280 936 3500 1027 templo
3567 958 3763 1014 Sancti

2105 1026 2264 1082 Petri
2292 1032 2546 1101 apostoli
2575 1033 2830 1090 condita:
2856 1035 3117 1095 fuerunt.

2355 1237 2428 1292 Et
2456 1244 2728 1295 certamen
2757 1244 2939 1299 sancti
2982 1246 3194 1302 Marini
3230 1255 3508 1321 martyris.

2108 1524 2549 1597 quadrupedes,
2571 1534 2629 1584 et
2649 1546 2804 1599 aves,
2822 1550 3023 1589 verum
3048 1537 3223 1593 etiam
3252 1541 3525 1601 homines
3548 1524 3763 1606 immo;

2106 1608 2215 1665 lari
2240 1612 2487 1677 videret,
2509 1616 2631 1670 zelo
2654 1618 2958 1688 incensus,
2977 1629 3036 1676 et
3056 1623 3116 1678 in
3141 1628 3400 1684 medium
3418 1635 3760 1706 prosiliens,

2106 1716 2241 1755 cum
2295 1701 2511 1758 festum
2543 1705 2827 1763 inanimis
2860 1710 3037 1767 idolis
3077 1724 3368 1787 ageretur.
3404 1701 3589 1779 altare
3621 1701 3759 1781 sub;

2104 1786 2297 1854 vertit,
2329 1788 2602 1847 victimas
2650 1796 3037 1862 conculcavit,
3083 1786 3419 1876 impiosque
3460 1808 3756 1869 idolorum

336 1876 657 1955 καθύϐρισε,
742 1883 833 1939 καὶ
918 1883 1104 1939 ἑαυτὸν
1203 1884 1521 1959 Χριστιανὸν
1608 1882 1988 1958 ὡμολόγησεν1

2108 1874 2475 1932 sacrificulos
2502 1882 2866 1937 contumelia
2885 1885 3083 1941 aﬂ‘ecit
3106 1903 3119 1942 :
3153 1874 3337 1961 seque
3358 1893 3758 1955 Christianum

338 1969 509 2025 εἰπὼν
543 1971 650 2043 ὅτι,
693 1971 939 2028 Πιστεύω
996 1972 1075 2037 εἷς
1132 1974 1364 2049 Χριστὸν
1417 1973 1512 2029 τὸν
1565 1974 1687 2028 Υἱὸν
1736 1977 1835 2029 τοῦ
1866 1978 2000 2029 Θεοῦ

337 2058 435 2114 τὸν
492 2064 787 2136 μονογενῆ,
837 2063 932 2118 τὸν
992 2064 1298 2134 ποιήσαντα
1352 2064 1447 2118 τὸν
1498 2061 1870 2138 ούρανὸν,καὶ
1898 2063 1996 2132 τήν

336 2154 468 2224 γῆν,
522 2151 625 2219 τήν
679 2149 978 2225 θάλασσαν,
1035 2151 1122 2207 καὶ
1180 2153 1353 2208 πάντα
1407 2154 1476 2207 τὰ
1528 2151 1581 2207 ἐν
1632 2154 1836 2215 αὐτοῖς.
1868 2153 2001 2208 Τότε

340 2236 685 2311 ὀργισθέντες
742 2239 792 2293 οἱ
852 2237 1276 2316 εἰδωλολάτραι,
1333 2239 1631 2314 ἐκράτησαν
1690 2240 1873 2312 αὐτὸν,
1905 2240 1996 2297 καὶ

340 2328 563 2397 πρῶτον
618 2325 716 2397 μὲν
776 2325 1212 2402 ἐτιμωρήσαντο,
1269 2328 1298 2384 6
1359 2327 1455 2403 μὶν
1497 2327 1728 2405 ῥοπάλῳ
1754 2329 1994 2401 τύπτων,

341 2410 370 2466 6
402 2409 460 2467 δὶ
492 2412 637 2486 λίθῳ
667 2409 966 2488 συντρίϐων
1019 2416 1085 2471 τὸ
1136 2414 1311 2490 στόμα
1367 2416 1529 2472 αὐτοῦ
1561 2417 1650 2473 καὶ
1676 2418 1806 2480 τοὺς
1836 2416 1995 2473 ὀδόν-

336 2522 456 2570 τας,
489 2500 663 2565 ἄλλος
695 2502 873 2577 σύρων
928 2504 988 2561 ἐκ
1040 2510 1152 2562 τῶν
1205 2510 1440 2582 τριχῶν.
1475 2509 1702 2563 Ἔπειτα
1734 2504 1992 2578 δήσαντες

333 2590 526 2662 αὑτὸν,
583 2591 903 2669 παρὲδωκαν
960 2599 1040 2667 τῷ
1096 2603 1197 2667 τῆς
1252 2597 1445 2671 χώρας
1502 2594 1707 2667 ἱκείνης
1741 2596 1991 2673 ἄρχοντι·

332 2681 428 2736 καὶ
454 2682 545 2737 ὑπ’
589 2681 798 2738 ἐκείνου
845 2684 1064 2763 τυφθεὶς
1122 2684 1372 2756 ἀνηλεῶς
1435 2684 1750 2761 βουνεύροις
1778 2688 1992 2763 ξηροῖς,

332 2770 451 2826 εἶτα
478 2773 802 2845 φεμασθεές
833 2771 925 2828 καὶ
964 2773 1166 2847 ξεσθεῖς
1219 2772 1316 2838 τὰς
1371 2772 1635 2852 πλευρὰς,
1663 2774 1821 2839 τέλος
1854 2775 1990 2853 ξίφει

328 2861 436 2930 τὴν
454 2859 698 2939 κεφαλὴν
727 2862 1032 2935 ἆπετυήθη.

899 2979 1055 3037 ΜΗΝ
1060 2981 1081 3036 Ι
1110 2981 1203 3037 ΤΩ
1238 2982 1435 3038 ΑΥΤΩ.

1121 3069 1209 3126 ΙΗ“

448 3156 656 3230 Μνήμη
704 3160 802 3211 τοῦ
848 3155 903 3212 ἐν
954 3157 1128 3233 ᾁγίοις
1160 3158 1381 3233 ΔΙῘ-ασιτρὸς
1409 3160 1571 3232 ἡμῶν
1604 3156 1883 3233 Κυρίλλου

953 3228 1373 3305 Ἱεροσολύμων.

408 3342 581 3407 Οὗτος
641 3347 888 3421 ὑπῆρχεν
944 3348 1062 3409 υίὸς
1120 3348 1318 3424 γονέων
1367 3343 1600 3404 εὐσεϐῶν
1640 3347 1729 3403 ἐπὶ
1759 3353 1857 3414 τῆς
1889 3351 1987 3426 βα-

332 3431 549 3495 σιλείας
582 3435 973 3494 Κωνσταντίου.
1036 3438 1186 3493 Ἐπεὶ
1245 3435 1303 3493 δὶ
1360 3439 1389 3492 6
1444 3442 1551 3493 τῶν
1584 3439 1984 3514 Ἰεροσολύμων

332 3522 633 3588 ἐπίσκοπος
660 3526 909 3599 Μάξιμος
959 3525 1105 3581 τὲλει
1169 3527 1291 3603 βίου
1347 3526 1648 3604 ἐχρήσατο,
1688 3530 1846 3593 οὗτος
1875 3530 1990 3584 ἀντ’

334 3610 549 3668 ἰκείνου
600 3617 697 3683 τῆς
747 3614 1110 3686 ἐπισκοπικῆς
1170 3615 1397 3692 χάριτος
1451 3620 1683 3690 ἠξιώθη,
1714 3624 1823 3674 τῶν
1850 3619 1988 3676 ἀπο-

334 3700 612 3757 στόλικῶν
667 3700 953 3780 δογμάτων
1041 3706 1341 3780 προθύμως
1415 3706 1774 3783 ὑπερμαχῶν.
1833 3708 1987 3765 Ἀκά-

329 3812 451 3854 κιος
512 3788 571 3847 δὶ
643 3793 917 3868 Ἀρειανὸς
974 3791 1072 3862 ὢν,
1130 3795 1221 3850 καὶ
1285 3796 1376 3852 τὸν
1434 3794 1488 3851 ἐν
1546 3797 1836 3873 Καισαρείᾳ
1889 3805 1987 3868 τῆς

334 3880 702 3953 Παλαιστίνης
751 3883 942 3957 θρόνον
987 3882 1224 3960 ἐπέχων,
1255 3887 1344 3941 καὶ
1396 3886 1499 3941 ὑπὸ
1527 3894 1627 3957 τῆς
1660 3887 1714 3943 ἐν
1744 3886 1985 3964 Σαρδικῇ

332 3970 563 4027 συνόδου
619 3974 976 4050 καθαιρεθείς,
1035 3974 1149 4032 ἐπεὶ
1205 3977 1491 4053 γνώριμος
1519 3978 1587 4047 ἦν
1624 3983 1705 4052 τῷ
1748 3977 1987 4055 βασιλεῖ,

332 4059 534 4118 ἐκεῖθεν
565 4058 711 4137 ἔχων
740 4063 844 4132 τήν
882 4062 1149 4137 ἐξουσίαν,
1206 4065 1296 4122 τὸν
1356 4065 1640 4142 Κύριλλον
1662 4072 1759 4124 τοῦ
1791 4070 1986 4145 θρόνου

326 4156 604 4215 meum.
660 4153 722 4210 Ὁ
780 4149 837 4208 δὲ
894 4152 972 4217 εἷς
1024 4153 1231 4231 Ταρσὸν
1289 4153 1542 4221 ἀπελθὼν
1593 4160 1673 4230 τῷ
1699 4157 1985 4233 θαυμασίῳ

330 4248 496 4310 συνῆν
546 4234 820 4313 Σιλῦανῷ.
876 4241 977 4297 Καὶ
1037 4240 1114 4306 είς
1171 4242 1489 4299 Σελεύκειαν
1521 4246 1984 4320 συγκροτηθείσης

329 4327 583 4400 συνόδου,
636 4332 775 4405 πρὸς
818 4333 918 4401 τὴν
979 4333 1556 4389 Κωνσταντινούπολιν
1612 4333 1898 4411 ἐξέδραμεν
1957 4338 1986 4393 6

329 4420 610 4487 Ἀκάκιος,
668 4419 757 4474 καὶ
817 4414 988 4475 ἔκεισε
1042 4423 1135 4477 τὸν
1196 4421 1420 4496 βασιλέα
1477 4424 1737 4501 ὑπερορίᾳ
1765 4424 1985 4482 καταδι-

321 4510 483 4564 κάσαι
517 4507 817 4581 Κύριλλον.
868 4511 1017 4566 Μετᾶ
1047 4507 1105 4565 δὲ
1141 4508 1402 4581 τελευτήν
1459 4513 1858 4584 Κωνσταντίου,
1888 4523 1987 4587 τῆς

2017 3229 2064 3295 C

2105 1960 2441 2018 confessus:
2501 1966 2708 2035 Credo,
2760 1969 2861 2037 ait,
2922 1971 2984 2025 in
3039 1960 3339 2032 Christum
3396 1981 3605 2038 Filium
3653 1986 3757 2042 Dei

2107 2050 2507 2124 Unigenitum.
2538 2054 2822 2112 factorem
2854 2059 2985 2115 C(eli
3018 2067 3076 2116 et
3105 2066 3297 2129 terras,
3322 2070 3525 2141 maris,
3552 2078 3608 2127 et
3637 2090 3757 2129 omo

2103 2137 2273 2193 nium
2305 2157 2435 2211 quas
2466 2143 2528 2198 in
2560 2144 2645 2199 eis
2693 2151 2849 2203 sunt.
2900 2148 3297 2213 Quamobrem
3328 2155 3403 2210 ad
3431 2137 3582 2215 iram
3616 2178 3760 2218 con-

2103 2227 2265 2284 citati
2298 2229 2649 2301 idololatras,
2686 2234 2881 2306 ipsum
2899 2241 3516 2312 comprehenderunt:
3550 2256 3607 2305 et
3631 2252 3756 2324 pri-

2102 2334 2266 2373 mum
2295 2320 2534 2390 quidem
2592 2323 2704 2394 ipsi
2752 2342 2859 2397 per
2917 2345 2979 2384 se
3037 2330 3208 2386 illum
3248 2320 3755 2407 cruciarunt;_hic

2101 2402 2343 2474 quidem
2371 2406 2528 2463 fuste
2558 2409 2815 2477 credens,
2873 2412 2975 2469 ille
3034 2433 3171 2473 vero
3214 2419 3411 2491 lapide
3442 2441 3506 2480 os
3539 2402 3668 2498 ejus
3699 2434 3757 2484 et

2103 2488 2309 2547 dentes
2336 2495 2729 2566 contundens,
2753 2498 2905 2555 alius
2923 2503 3169 2575 capillos
3190 2488 3474 2566 vel—licans
3498 2529 3511 2567 :
3537 2488 3753 2570 deinde

2099 2596 2235 2635 vero
2267 2583 2519 2641 vinculis
2552 2588 2965 2658 constrictum,
2997 2594 3237 2663 praasidi
3284 2598 3443 2655 illius
3493 2603 3754 2675 regionis

2098 2671 2417 2743 tradidere,
2443 2678 2610 2748 cujus
2634 2677 2810 2748 jussu
2841 2680 3023 2736 aridis
3046 2683 3285 2741 bubulis
3317 2691 3513 2746 nervis
3544 2671 3756 2750 miser-

2096 2759 2245 2816 rime
2278 2779 2486 2832 cassus,
2526 2782 2663 2821 mox
2710 2784 3054 2841 suspensus,
3109 2778 3167 2828 et
3213 2774 3401 2836 latera
3429 2782 3751 2854 ustulatus,

2095 2856 2397 2921 postremo
2429 2853 2755 2912 decollatus
2787 2864 2894 2914 est.

2655 2976 2897 3033 EODEM
2936 2980 3080 3036 ΜΕΝ
3085 2982 3188 3040 SE.

2589 3063 2695 3119 Die
2745 3063 2979 3125 decima
3024 3076 3245 3132 octava.

2168 3147 2270 3204 20
2302 3149 2755 3239 Commemorath
2809 3160 2992 3239 sancti
3027 3160 3223 3239 Patris
3268 3170 3444 3222 nostri
3482 3169 3678 3239 Cyrilli

2672 3227 3180 3297 Hierosolymitani.

2168 3338 2283 3392 Iste
2313 3338 2427 3409 piis
2455 3340 2805 3411 parentibus
2860 3349 3037 3400 natus
3091 3354 3181 3402 est
3236 3350 3563 3423 imperante
3594 3357 3745 3413 Con-

2097 3426 2335 3480 stantio.
2372 3429 2621 3483 Maximo
2652 3435 2849 3486 autem
2881 3433 3424 3508 Hierosolymorum
3466 3445 3745 3518 episcopo

2095 3515 2213 3570 vita
2262 3516 2488 3582 functo.
2545 3518 2921 3591 episcopatus
2978 3526 3165 3595 gratia
3219 3528 3433 3602 dignus
3472 3515 3742 3609 eﬂectus,

2094 3604 2303 3675 illique
2361 3606 2735 3676 substitutus,
2796 3627 2901 3681 pro
2957 3612 3332 3686 dogmatibus
3397 3604 3740 3694 apostolicis

2094 3693 2371 3750 alacriter
2398 3696 2736 3753 decertavit.
2768 3700 2879 3755 Sed
2910 3704 3157 3760 Acacius
3188 3693 3462 3779 Arianus,
3486 3715 3587 3784 qui
3619 3717 3741 3772 Cae-

2096 3800 2277 3838 sarem
2296 3784 2626 3841 Palaastinaa
2646 3788 2926 3845 thronum
2943 3793 3451 3871 oblinebat,atque
3468 3819 3503 3858 a
3521 3806 3745 3876 synodo

2094 3873 2428 3929 Sardicensi
2460 3883 2798 3950 segregatus
2820 3879 3032 3949 fuerat,
3055 3900 3190 3941 cum
3222 3873 3567 3960 imperatori
3592 3902 3750 3953 esset

2094 3968 2291 4030 notus,
2327 3969 2615 4034 potestate
2647 3966 2718 4021 ab
2749 3968 2957 4025 eodem
2988 3979 3247 4046 accepta.
3282 3978 3566 4051 Cyrillum
3590 4001 3620 4040 e
3641 4004 3751 4042 sua

2095 4051 2234 4107 sede
2265 4051 2501 4123 dejecit.
2536 4054 2588 4109 Is
2618 4071 2754 4111 vero
2784 4059 3028 4115 Tarsum
3069 4066 3424 4136 concedens,
3459 4087 3579 4129 una
3612 4091 3747 4132 cum

2093 4140 2432 4197 admirabili
2486 4144 2717 4201 Silvano
2770 4158 3171 4208 commoratus
3219 4163 3325 4213 est.
3372 4160 3583 4218 Coacta
3612 4170 3747 4235 post

2092 4230 2374 4285 Seleuciae
2406 4232 2654 4303 synodo,
2676 4235 3252 4311 Constantinopolim
3284 4247 3535 4304 Aeacius
3564 4230 3743 4307 advo-

2091 4318 2245 4386 lans,
2268 4319 2611 4391 imperatori
2634 4326 2930 4393 persuasit
2956 4333 3022 4381 ut
3049 4329 3333 4400 Cyrillum
3356 4338 3563 4393 exsilio
3584 4341 3743 4397 mul-

2092 4412 2262 4463 taret.
2322 4410 2546 4464 Mortuo
2595 4411 2958 4483 Constantio,
3020 4433 3154 4472 cum
3212 4420 3527 4493 imperium
3587 4429 3743 4486 obti-

2092 4498 2324 4552 nuisset
2342 4499 2631 4567 Julianus,
2656 4500 2946 4574 velletque
2968 4506 3273 4565 universos
3297 4511 3408 4567 sibi
3426 4512 3744 4577 benevolos

326 4578 613 4672 βασιλείας
661 4600 936 4675 κρατήσας
990 4598 1312 4673 Ἰουλιανὸς,
1360 4578 1552 4677 *θέλων
1586 4578 1984 4661 ἐπισπάσασθαι

2100 4585 2370 4656 reddere,
2398 4604 2517 4643 una
2548 4605 2681 4644 cum
2714 4592 2942 4647 caeteris
2992 4595 3168 4651 etiam
3219 4600 3504 4672 Cyrillum
3537 4608 3744 4666 exsilio

321 4685 530 4751 πάντας
563 4686 643 4751 εἷς
675 4682 910 4760 εὔνοιαν,
967 4686 1229 4765 ἰῤῥύσατο
1292 4690 1426 4763 μετὰ
1480 4692 1700 4748 πάντων
1746 4694 1838 4749 καὶ
1886 4695 1978 4752 τὸν

320 4775 633 4855 Κύριλλον,
697 4777 784 4834 καὶ
840 4782 921 4852 τῷ
992 4776 1118 4853 ίδίῳ
1191 4780 1368 4856 θρόνῳ
1444 4782 1794 4854 κατέστησεν.
1856 4790 1977 4841 Κα-

320 4864 439 4931 λῶς
499 4867 592 4922 οὖν
644 4867 707 4923 τὸ
763 4867 1016 4943 ποίμνιον
1076 4867 1284 4941 ἰθύνας,
1340 4870 1479 4947 πρὸς
1540 4874 1737 4947 Κύριον
1795 4870 1980 4946 ἐξεδή-

326 4976 567 5101 μησιέσὶ
598 5042 832 5117 ἄθλησις
857 5050 967 5103 τῶν
989 5046 1158 5178 ἆγὲων
1179 5047 1315 5136 ἔπτᾶ
1342 5053 1612 5125 γυναικῶν
1639 5054 1749 5107 τῶν
1782 5050 1834 5107 ἐν

1106 5141 1272 5178 ιιισω.

1106 5141 1272 5195 μισφ-

392 5206 518 5265 Ἐπὶ
577 5214 678 5278 τῆς
739 5207 1017 5285 βασιλείας
1087 5214 1184 5267 τοῦ
1258 5205 1548 5275 δυσσεϐοῦς
1606 5212 1973 5289 Μαξιμιανοῦ,

322 5293 576 5375 διωγμοῦ
658 5302 968 5369 κινηθέντος
1054 5298 1318 5376 μεγάλου,
1400 5306 1541 5357 πᾶσα
1615 5301 1807 5372 ἡλικία
1863 5309 1969 5359 τῶν

319 5387 620 5462 ἀνθρώπων
677 5394 783 5444 τῶν
840 5388 1268 5464 ὁμολογούντων
1320 5390 1413 5446 τὸν
1473 5392 1726 5465 Χριστὸν,
1756 5391 1846 5448 διὰ
1875 5395 1970 5469 βα-

316 5478 487 5534 σάνων
521 5476 798 5558 διαφόρων
859 5479 949 5533 καὶ
1007 5478 1273 5535 ποικίλων
1337 5480 1573 5546 θανάτων
1633 5480 1967 5552 ἐξεκόπτετο.

310 5567 466 5625 Ἐπεὶ
497 5571 594 5623 οὖν
622 5569 715 5623 καὶ
738 5567 791 5625 ἂν
823 5569 1039 5642 Ἀμισῷ
1090 5572 1160 5643 τῇ
1218 5568 1379 5626 πόλει
1409 5576 1515 5635 πᾶς
1547 5572 1576 5626 6
1605 5572 1697 5627 τὸν
1731 5573 1965 5645 Χριστὸν

313 5658 441 5714 θεὸν
472 5657 761 5735 κηρύττων
812 5658 917 5715 ὑπὸ
945 5660 1045 5714 τοῦ
1090 5655 1357 5734 ἄρχοντος
1401 5667 1500 5730 τῆς
1524 5658 1692 5733 αὐτῆς
1723 5661 1962 5736 πόλεως,

2089 4675 2406 4731 liberatum
2430 4679 2683 4749 proprim
2712 4679 2835 4735 sedi
2859 4683 3136 4740 restituit.
3160 4691 3301 4744 Cum
3334 4708 3470 4766 ergo
3501 4712 3740 4772 gregem

2087 4764 2239 4823 bene
2270 4766 2679 4840 gubernasset,
2714 4770 2789 4826 ad
2817 4772 3135 4832 Dominum
3163 4764 3453 4854 migravit.

2154 5034 2223 5090 Et
2247 5042 2523 5091 certamen
2551 5044 2867 5095 sanctorum
2893 5050 3095 5114 septem
3132 5049 3426 5108 mulierum
3466 5056 3665 5112 Amisi.

2158 5217 2492 5289 Imperante
2523 5217 2704 5290 impio
2736 5221 3088 5281 Maximiano
3121 5245 3256 5286 cum
3289 5249 3502 5307 magna
3530 5253 3734 5307 perse-

2084 5310 2239 5363 cutio
2272 5316 2568 5364 commota
2616 5311 2846 5379 fuisset,
2897 5333 3104 5372 omnes
3155 5319 3427 5380 homines
3475 5328 3735 5399 cujusvis

2082 5398 2289 5465 aetatis,
2325 5400 2423 5469 qui
2447 5399 2743 5454 Christum
2767 5403 3213 5476 confiterentur,
3237 5410 3482 5470 diversis
3506 5398 3735 5474 crucia-

2081 5486 2239 5541 tibus
2270 5491 2328 5541 et
2355 5487 2533 5542 variis
2564 5489 2771 5543 mortis
2804 5493 3120 5562 generibus
3143 5500 3732 5562 ooridebantur.(lum

2080 5591 2214 5649 ergo
2248 5576 2427 5632 etiam
2461 5576 2522 5631 in
2555 5577 2701 5633 urbe
2735 5581 2938 5637 Amiso
2963 5583 3234 5655 quisquis
3260 5590 3557 5657 Christum
3586 5612 3735 5667 pra)-

2078 5663 2313 5724 dicabat
2331 5666 2539 5735 Deum,
2564 5666 2637 5724 ab
2660 5668 2933 5739 ejusdem
2958 5672 3125 5731 urbis
3146 5680 3399 5747 preside
3422 5663 3735 5755 idololatra
