4104 6196
345 365 466 427 359

1634 348 2067 412 MENOLOGII
2116 350 2208 409 PA
2224 347 2316 409 HS
2363 348 2464 409 ΙΙΙ.

3637 341 3757 403 360

341 503 801 565 interﬁceretur,
851 502 1076 570 septem
1134 490 1417 547 mulieres
1464 487 1811 543 Christiana:
1868 484 1990 540 zelo

2109 482 2515 559 εἷ’δωλολάτρου
2563 480 2742 552 ὄντος,
2783 478 3107 570 ἐφονεύετο,
3157 476 3291 535 έπτά
3335 481 3576 552 γυναῖκει
3618 481 3761 550 Χρι-

350 596 630 662 ἱῐιοοηεω,
659 606 856 648 coram
888 588 1015 657 ipso
1050 586 1333 648 astantes,
1381 577 1747 633 Christianas
1777 591 1840 630 se
1869 589 1999 629 esse

350 685 629 757 professas
660 684 817 740 sunt.
851 688 1106 744 eumque
1154 670 1339 725 libere
1385 665 1910 739 reprehendentes,
1944 667 2003 718 et

351 753 649 829 crudelem
701 774 877 837 atque
930 763 1242 835 injustum,
1274 758 1656 828 veritatisque
1688 753 1999 809 inimicum

347 861 738 933 appellantes,
765 856 839 911 ad
870 855 1018 909 iram
1070 851 1463 907 concitarunt.
1510 848 1699 913 Quare
1738 844 2000 915 primum

344 930 621 1012 eitensaa,
654 944 831 1016 virgis
861 958 1030 998 caesa)
1081 945 1255 995 sunt:
1306 935 1519 992 deinde
1568 931 1849 990 mamilla:
1878 930 2001 985 illis

341 1042 497 1097 ferro
530 1037 843 1094 abscissae:
878 1050 1015 1088 mox
1057 1045 1383 1101 suspensa),
1427 1023 1634 1080 tandiu
1663 1022 1999 1078 dilacerata:

348 1135 507 1197 sunt,
565 1124 904 1199 usquedum
973 1137 1177 1177 earum
1245 1116 1530 1172 intestina
1603 1115 1997 1185 apparerent:

350 1226 648 1293 postremo
682 1217 744 1272 in
768 1215 1072 1285 ingentem
1100 1210 1404 1264 fornacem
1434 1204 1588 1276 ignis
1619 1202 2003 1257 vehementer

346 1292 655 1366 accensam
678 1305 760 1376 inj
771 1308 937 1370 ectaa,
959 1302 1050 1357 2|
1085 1299 1147 1353 in
1170 1296 1378 1353 eadem
1400 1292 1723 1367 psallentes
1746 1296 1805 1347 et
1824 1306 1998 1347 oran-

345 1402 457 1465 tes,
491 1398 609 1452 Deo
641 1393 871 1451 animas
900 1386 1292 1447 tradiderunt.

902 1593 1145 1650 EODEM
1184 1589 1437 1647 MENSE.

880 1713 982 1768 Die
1015 1711 1245 1767 decima
1280 1722 1463 1764 nona.

2107 574 2316 628 στιαναὶ
2377 572 2717 644 ζηλώσασαι,
2776 569 3005 641 ὲστησαν
3059 563 3364 644 ἔμπροσθεν
3424 563 3613 633 αὖτοῦ,
3664 564 3754 619 καὶ

2104 662 2430 736 Χριπιανάς
2485 661 2675 724 ἒαυτάς
2742 658 3130 736 ὡμολόγησαν,
3192 655 3353 712 αὐτὸν
3403 676 3463 710 τε
3517 652 3760 729 ἤλεγξαν

2104 750 2381 827 παῤῥησίᾳ
2409 749 2560 824 ὠμὸν
2592 750 2681 805 καὶ
2731 746 2918 804 ἄδικον
2973 744 3403 812 ἀποκαλέσασαι,
3432 744 3521 799 καὶ
3557 742 3756 818 ἐχθρὸν

2101 846 2203 909 τῆς
2232 838 2512 911 ἀληθείας.
2571 842 2748 895 Ταῦτα
2803 838 3073 910 εἰποῦσαι,
3124 835 3215 891 καὶ
3273 834 3349 897 εἷς
3398 835 3567 910 ὀργὴν
3597 834 3762 904 κινή-

2104 949 2259 985 σασαι
2326 928 2509 1000 αὐτὸν,
2593 933 2813 1004 πρῶτον
2901 928 2995 995 μὲν
3081 926 3399 992 ἐκτεθεῖσαι,
3452 923 3758 1001 ἐτυφθησαν

2108 1021 2245 1094 μετὰ
2274 1014 2534 1096 ῥαϐδίων.
2591 1020 2821 1076 Ἔπειτα
2870 1016 3002 1079 τοὺς
3059 1012 3296 1089 μαστοὺς
3329 1012 3467 1091 ξίφει
3498 1011 3762 1085 ἐξεκόπη-

2104 1130 2221 1166 σαν.
2282 1109 2381 1165 Καὶ
2438 1109 2619 1184 τρίτον
2687 1107 3071 1185 κρεμασθεῑσαι
3131 1104 3418 1175 ἰξέσθησαν
3473 1099 3761 1173 τοσοῦτον,

2100 1196 2207 1262 ἕως
2236 1197 2506 1278 ἐφάνησαν
2551 1198 2620 1254 τὰ
2675 1194 2860 1273 ἔντερα
2916 1195 3115 1252 αὐτῶν.
3176 1194 3272 1249 Καὶ
3329 1190 3647 1249 τελευταῖον
3682 1190 3760 1254 εἲς

2102 1274 2333 1362 κάμινον
2380 1289 2552 1365 πυρὸς
2608 1284 2849 1363 μεγάλην
2908 1283 3155 1361 ῒσχυρῶς
3209 1281 3510 1338 έκκαιεῖσαν
3544 1274 3767 1354 ἐμϐλη-

2104 1380 2298 1449 θεῖσαι,
2358 1376 2410 1434 έν
2467 1376 2605 1449 αὐτῇ
2658 1375 2967 1451 ψάλλουσαι
3024 1373 3115 1429 καὶ
3181 1374 3621 1449 προσευχόμεναι
3681 1372 3765 1442 τῷ

2103 1466 2239 1541 Θεῷ,
2272 1464 2591 1544 παρέδωκαν
2622 1469 2718 1528 τὰς
2747 1465 2952 1521 ἑαυτῶν
2984 1465 3186 1540 ψυχάς.

2656 1582 2840 1640 ΜΗΝΙ
2876 1587 2962 1636 ΤΩ
2999 1584 3195 1637 ΔῙἿὩ.

2884 1700 2966 1757 ΙΘ¹

358 1837 640 1893 Certamen
670 1837 981 1920 sanctoruln
1020 1832 1273 1920 Patr‘wp,
1323 1825 1421 1920 qui
1466 1824 1533 1920 arb
1563 1820 1910 1920 ἒέζζίΙιίοΞιήὸιιε
1938 1820 1997 1874 in

2109 1816 2818 1920 'A9§¥°“_.._.T“"’..§L‘f’l.
2868 1816 3122 1920 Iliaeae:
3178 1833 3319 1920 1'23.
3374 1810 3762 1920 sentire:

559 1905 889 1962 monasterio
916 1901 1106 1958 Sancti
1134 1900 1291 1955 Saba
1330 1896 1610 1964 interfecti
1637 1898 1785 1949 sunt.

417 2084 616 2140 Sancti
648 2080 745 2137 isti
774 2084 977 2136 Patres
1009 2094 1079 2133 ex
1100 2075 1346 2132 diversis
1374 2073 1519 2129 locis
1552 2069 1911 2143 congregati,
1942 2072 2002 2123 et

350 2176 412 2229 in
446 2172 808 2229 monasterio
842 2168 1037 2225 Sancti
1068 2166 1257 2221 Patris
1303 2162 1492 2219 nostri
1540 2161 1704 2216 Sabaa
1737 2174 2001 2215 commo-

344 2270 567 2331 rantes,
601 2263 662 2317 in
694 2257 1114 2317 exercitatione
1146 2260 1203 2310 et
1252 2252 1504 2325 pulchro
1561 2250 1851 2323 regimine
1880 2248 1999 2303 Deo

349 2354 701 2411 serviebant.
756 2353 829 2406 At
896 2346 1130 2422 generis
1199 2342 1446 2399 humani
1520 2339 1753 2395 invidus
1812 2336 1998 2393 hostis

349 2443 644 2507 diabolus,
670 2448 796 2497 tum
825 2438 1081 2495 maxime
1107 2432 1453 2490 hominibus
1472 2430 1686 2485 virtute
1709 2433 2000 2500 praestan-

348 2535 508 2589 tibus
558 2533 832 2595 infestus,
893 2528 1172 2585 adversus
1245 2524 1382 2579 illos
1465 2519 1738 2577 excitavit
1792 2519 1997 2574 atheos

348 2622 672 2694 EthiOpas,
703 2626 770 2675 ut
798 2619 899 2691 qui
927 2616 1197 2688 c0piosas
1227 2630 1369 2685 opes
1400 2628 1461 2666 se
1506 2610 1629 2665 illic
1659 2613 1999 2679 reperturas

349 2716 676 2784 sperarent.
713 2711 925 2764 Verum
955 2721 1088 2762 cum
1122 2702 1450 2774 irruptione
1472 2699 1625 2756 facta
1650 2697 1801 2754 nihil
1832 2698 1998 2752 inve-

350 2802 606 2867 nissent,
652 2800 802 2855 iram
859 2797 920 2851 in
979 2811 1079 2852 eos
1137 2790 1530 2856 effundentes,
1576 2788 1725 2844 alios
1756 2785 1996 2859 quidem

344 2890 797 2955 obtruncarunt,
855 2885 1004 2941 alios
1059 2899 1198 2938 vero
1258 2880 1708 2936 dissecuerunt:
1744 2875 1997 2931 aliorum

345 2997 559 3036 manus
587 2977 1006 3051 praeciderunt,
1056 2978 1232 3044 atque
1280 2969 1536 3025 aliorum
1577 2965 1797 3039 pedes:
1848 2964 1997 3019 alios

344 3069 760 3134 confoderunt,
814 3079 1019 3120 eorum
1070 3060 1353 3117 intestina
1405 3056 1815 3112 eﬂ‘undentes:
1849 3052 1999 3108 alios

349 3158 608 3230 denique
634 3156 809 3213 variis
839 3153 1034 3210 modis
1056 3149 1502 3207 interfecerunt.
1530 3148 1605 3200 At
1624 3144 1713 3199 illi
1737 3142 1809 3198 de
1831 3157 1996 3197 more

355 3210 602 3230 ᾐών-

341 3246 560 3319 gratias
588 3249 830 3317 agentes
862 3246 920 3297 et
948 3244 1213 3303 orantes,
1235 3236 1439 3291 beatas
1463 3233 1693 3289 animas
1725 3246 1863 3286 suas
1896 3246 2002 3301 per
2032 3210 2076 3278 Ο

345 3334 503 3390 hunc
560 3333 804 3389 modum
861 3332 978 3386 Deo
1041 3325 1357 3391 tradidere,
1419 3321 1781 3393 accipientes
1820 3319 1998 3373 vitam

342 3430 627 3480 aeternam
654 3422 821 3495 regni
852 3419 1159 3485 caelorum,
1194 3419 1436 3488 propter
1476 3426 1657 3483 quam
1686 3408 1998 3464 diuturnas

341 3513 474 3570 vitae
495 3513 763 3570 asceticaa
785 3525 1033 3583 pugnas,
1056 3513 1117 3563 et
1137 3503 1489 3578 martyrium
1510 3498 1792 3556 laboriosi
1815 3502 1999 3553 certa-

346 3602 526 3662 minis
558 3600 986 3659 sustinuerant.

901 3714 1144 3772 EODEM
1181 3711 1435 3768 MENSE.

946 3832 1051 3888 Die
1089 3830 1391 3886 vicesima.

345 3929 627 3986 Certamen
657 3930 866 3983 sancte
896 3920 1146 3977 Photinae
1174 3916 1561 3979 Samaritana,
1607 3918 1661 3966 et
1692 3911 1995 3966 Sociorum.

413 4110 629 4165 Sancta
656 4103 929 4169 Photina,
962 4117 1093 4172 quae
1125 4103 1184 4152 et
1214 4093 1602 4158 Samaritana,
1627 4106 1761 4145 cum
1793 4104 1910 4159 qua
1941 4092 2000 4143 et

341 4198 628 4253 Dominus
657 4193 731 4249 ad
762 4197 1005 4264 puteum
1046 4191 1137 4241 est
1183 4183 1535 4247 collocutus,
1568 4178 1814 4234 Neronis
1848 4182 1999 4231 tem-

339 4286 587 4360 poribus
644 4282 805 4337 vixit.
885 4281 1026 4333 Post
1098 4274 1325 4329 obitum
1396 4275 1596 4326 autem
1656 4272 1997 4323 sanctorum

338 4356 745 4449 apostolorum
770 4368 926 4425 Petri
960 4370 1019 4421 et
1048 4362 1239 4429 Pauli,
1261 4377 1383 4416 una
1408 4376 1543 4415 cum
1575 4357 1699 4414 ﬂlio
1732 4372 1836 4412 suo
1862 4356 1994 4411 lose

339 4447 404 4519 in
436 4464 582 4520 urbe
613 4460 801 4517 Aricaa
848 4453 1197 4525 Carthagine
1247 4449 1488 4515 mansit,
1516 4447 1814 4502 Christum
1845 4461 1994 4517 prai-

338 4552 563 4608 dicans.
614 4553 689 4605 At
737 4546 897 4603 illius
955 4543 1084 4615 ejus
1145 4539 1342 4594 Victor
1379 4536 1660 4593 adversus
1689 4537 1901 4591 Avares
1932 4548 1995 4588 re
2027 4576 2074 4643 Β

336 4640 491 4695 bene
521 4644 705 4712 gesta,
734 4636 924 4691 factus
956 4638 1046 4687 est
1074 4630 1379 4703 copiarum
1415 4626 1645 4694 ductor,
1673 4625 1996 4697 jussusque

339 4730 441 4786 22
471 4711 839 4783 Christianos
886 4721 1139 4779 Galilaam
1197 4734 1432 4774 necare.
1490 4716 1635 4771 Cum
1691 4730 1832 4768 vero
1862 4711 1999 4767 illos

342 4836 464 4876 non
494 4816 811 4885 occideret,
844 4814 948 4869 sed
996 4812 1195 4884 potius
1244 4809 1486 4864 doceret
1513 4820 1721 4860 omnes
1753 4820 1885 4874 quae
1924 4800 1999 4857 ad

342 4910 640 4965 Christum
673 4909 962 4977 spectant,
1005 4908 1183 4973 atque
1225 4897 1571 4953 Sebastiano
1605 4893 1999 4957 Christianam

344 4998 523 5055 ﬁdem
558 4994 970 5069 persuasisset,
1004 4988 1471 5062 comprehensus
1502 4988 1612 5047 est,
1644 4988 1703 5039 et
1744 4982 1996 5051 vinctus,

345 5107 465 5147 una
494 5105 630 5145 cum
660 5086 908 5157 reliquis
937 5083 1248 5141 adductus.
1283 5083 1343 5133 et
1389 5074 1733 5148 imperatori
1764 5073 1997 5129 oblatus

348 5185 455 5234 est.
492 5179 595 5234 llic
652 5177 991 5247 aliquorum
1050 5169 1253 5227 oculos
1313 5165 1537 5232 eﬂ‘odit,
1594 5164 1743 5219 alios
1772 5161 1995 5218 carceri

344 5268 610 5335 inclusit,
634 5266 782 5323 alios
807 5280 943 5319 vero
966 5265 1027 5316 in
1051 5261 1209 5333 ligno
1235 5255 1547 5328 suspendit
1571 5271 1583 5308 :
1606 5254 1741 5309 aliis
1771 5252 1997 5308 corium

347 5358 624 5421 detraxit,
655 5356 791 5412 aliis
820 5353 1012 5408 virilia
1041 5349 1312 5407 abscidit.
1344 5344 1655 5402 Photidem
1685 5360 1820 5399 vero
1852 5341 1996 5397 dua-

345 5447 456 5503 bus
488 5446 797 5503 arboribus
830 5458 1065 5499 summa
1086 5440 1139 5494 vi
1163 5436 1466 5493 inclinatis
1488 5433 1997 5506 alligavit,easque

346 5537 696 5601 dissolvens,
724 5536 915 5606 ipsam
975 5532 1037 5586 in
1095 5529 1241 5584 duas
1298 5530 1495 5598 partes
1537 5522 1729 5578 scidit.
1764 5520 1997 5591 Reliqui

346 5626 538 5702 capite
568 5624 728 5702 plexi
776 5626 936 5680 sunt.
995 5623 1071 5678 At
1120 5616 1375 5676 Photina
1427 5613 1491 5671 in
1548 5627 1784 5670 carcere
1815 5611 1997 5668 finem

343 5716 574 5777 vivendi
604 5715 765 5774 fecit.

2181 1890 2293 1962 tua
2358 1894 2465 1945 τῶν
2541 1885 2819 1954 Αἰθιόπων
2895 1887 2949 1944 έν
3181 1887 3324 1961 μονῇ
3396 1885 3510 1940 του
3572 1885 3765 1961 Ἀγίου

2182 1958 2352 2021 Σάόα.
2432 1971 2439 1977 “

2178 2077 2343 2135 Οὗτοι
2395 2078 2449 2131 οἱ
2505 2077 2646 2151 ἅγιοι
2706 2074 2937 2151 Πατέρες
2994 2075 3056 2131 ἐκ
3112 2072 3388 2151 διαφόρων
3424 2072 3608 2129 τόπων
3636 2091 3765 2127 συν-

2108 2166 2385 2241 αχθέντες,
2441 2166 2529 2221 καὶ
2585 2170 2655 2241 τῇ
2718 2168 2858 2240 μονῇ
2916 2168 3013 2220 τοῦ
3069 2163 3263 2241 Ἀγίου
3312 2158 3462 2218 Σάϐα
3491 2162 3765 2237 προσκαθ·

2108 2256 2383 2329 εζόμενοι,
2434 2254 2484 2310 ἐν
2548 2256 2770 2326 ἀσκήσει
2823 2254 2914 2310 καὶ
2969 2254 3115 2329 καλῇ
3174 2253 3431 2324 πολιτείᾳ
3483 2252 3577 2307 τὸν
3629 2252 3760 2307 Θεὸν

2106 2345 2448 2422 ἐθεράπευον.
2496 2344 2659 2401 Ἀλλ’
2707 2345 2735 2400 ὁ
2796 2344 3123 2421 βασκαίνων,
3154 2343 3243 2399 καὶ
3276 2346 3489 2417 φθονῶν
3514 2345 3596 2414 τῷ
3619 2341 3762 2417 γένει

2103 2440 2210 2492 τῶν
2244 2436 2543 2511 ἀνθρώπων
2578 2429 2861 2504 διάϐολος,
2908 2433 2999 2489 καὶ
3051 2432 3292 2507 μάλιστα
3318 2438 3437 2495 τοῖς
3467 2430 3761 2507 ἐναρέτοις,

2105 2524 2372 2601 ἐξήγειρεν
2407 2522 2492 2578 ἐπ’
2520 2521 2714 2585 αὐτοὺς
2757 2522 2886 2585 τοὺς
2935 2523 3124 2587 ἀθέους
3178 2521 3466 2583 Αἰθίοπας.
3499 2518 3760 2575 ἐλπίσαν-

2103 2635 2199 2676 τας
2256 2611 2501 2668 πλούτου
2552 2612 2862 2687 περιουσίαν
2919 2609 3113 2687 εύρεῖν,
3172 2617 3259 2672 Ὠς
3308 2606 3366 2664 δὲ
3423 2606 3755 2672 ἀπελθόντες

2106 2698 2258 2756 οὐδὲν
2292 2702 2471 2777 εὗρον,
2529 2702 2622 2756 τὸν
2684 2701 2853 2774 θυμὸν
2914 2699 3090 2756 αὐτῶν
3144 2699 3356 2775 ἰξέχεον
3416 2697 3503 2753 ἐπ’
3533 2696 3754 2767 αὐτοὺς,

2102 2792 2231 2854 τοὺς
2265 2792 2360 2865 μὲν
2409 2790 2924 2868 ἀποκεφαλίσαντες,
2977 2790 3104 2853 τοὺς
3155 2787 3212 2845 δέ
3262 2788 3757 2865 διχοτομήσαντες,

2102 2884 2209 2937 τῶν
2243 2878 2301 2935 δὲ
2331 2884 2545 2955 χεῖρας,
2599 2884 2708 2935 τῶν
2768 2876 2827 2934 δὲ
2877 2877 3050 2941 πόδας
3107 2877 3498 2952 ἀποκόψαντες,
3529 2876 3661 2937 τοὺς
3694 2872 3756 2930 δὲ

2103 2972 2612 3041 κατακεντήσαντες,
2668 2975 2759 3025 καί
2826 2967 2895 3024 τὰ
2968 2965 3153 3041 ἔντερα
3216 2968 3393 3023 αὐτῶν
3451 2964 3759 3041 ἐκχέοντες,

2102 3059 2192 3115 καὶ
2238 3057 2511 3138 διαφόρως
2569 3058 2875 3120 ἀνελόντες.
2934 3058 3028 3115 Καὶ
3090 3053 3233 3113 οὕτω
3291 3057 3535 3126 συνήθως
3584 3053 3763 3128 εὐχα-

2103 3153 2434 3224 ριστοῦντες,
2478 3148 2569 3204 καὶ
2620 3146 3083 3224 προσευχόμενοι,
3130 3142 3447 3221 παρέδωκαν
3505 3144 3603 3205 τὰς
3656 3163 3765 3216 μα-

2103 3236 2293 3315 καρίας
2350 3239 2530 3294 αὑτῶν
2585 3236 2767 3314 ψυχᾶς
2819 3241 2899 3307 τῷ
2965 3234 3167 3312 Κυρίῳ,
3224 3228 3595 3295 ἀπολαϐόντες
3646 3233 3753 3302 τὴν

2106 3329 2328 3384 αἰώνιον
2389 3329 2533 3399 ζωήν
2592 3334 2695 3397 τῆς
2745 3331 2853 3383 τῶν
2905 3326 3145 3402 οὐρανῶν
3210 3322 3509 3401 βασιλείας,
3564 3320 3636 3378 δι’
3690 3322 3759 3393 ἦς

2104 3417 2231 3482 τοὺς
2298 3439 2357 3474 τε
2434 3416 2675 3495 μακροὺς
2744 3423 2846 3487 τῆς
2922 3417 3201 3487 ἀσκήσεως
3255 3415 3496 3490 ἀγῶνας,
3551 3411 3643 3469 καὶ
3696 3411 3760 3468 τὸ

2110 3509 2405 3586 μαρτύριον
2455 3514 2557 3578 τῆς
2615 3505 2878 3563 ἐπιπόνου
2954 3503 3238 3577 ἀθλήσεως
3294 3502 3596 3579 προθύμως
3654 3501 3758 3558 ύπ-

2107 3601 2348 3674 έμειναν.

2666 3713 2817 3771 “HN
2824 3713 2846 3769 Ι
2874 3717 2960 3766 ΤΩ
2994 3711 3195 3769 ΑΥΤΩ.

2907 3829 2967 3886 Κ.

2105 3919 2374 3991 Ἀθλησις
2428 3926 2528 3991 τῆς
2589 3918 2739 3996 ἀγίας
2813 3924 3117 3996 φωτεινῆς,
3172 3923 3303 3996 τῇςῌ
3325 3917 3417 3973 καὶ
3484 3913 3763 3989 Σαμαρεί-

2528 3988 2703 4059 τιδος,
2745 3991 2838 4046 καὶ
2883 3995 2992 4046 τῶν
3046 3988 3139 4045 σὺν
3170 3990 3331 4065 αὐτῇ.

2174 4082 2237 4137 Ἥ
2259 4080 2385 4155 ἀγία
2415 4081 2687 4148 Φωτεινή,
2718 4082 2754 4149 ἡ
2785 4078 2875 4134 καὶ
2907 4085 3258 4153 Σαμαρεῖτις,
3299 4077 3444 4155 ᾗτινι
3468 4078 3558 4134 καὶ
3590 4079 3618 4133 ὁ
3651 4075 3761 4134 Κύ-

2107 4189 2223 4245 ριος
2252 4169 2339 4223 ἐπὶ
2368 4173 2437 4243 τῇ
2457 4172 2605 4242 πηγῇ
2634 4166 2949 4244 συνέτυχεν,
2979 4169 3047 4238 ἦν
3081 4168 3133 4225 ἐν
3162 4174 3281 4233 τοῖς
3310 4168 3536 4244 χρόνοις
3567 4166 3764 4242 Νέρω-

2103 4278 2213 4320 νος.
2249 4256 2399 4314 Μετὰ
2428 4254 2486 4311 δὲ
2534 4256 2598 4311 τὸ
2650 4254 2815 4321 τέλος
2863 4261 2969 4312 τῶν
3002 4258 3166 4333 ἁγίων
3198 4257 3520 4314 ἀποστόλων
3553 4258 3762 4333 Πέτρου

2103 4348 2193 4402 καὶ
2254 4345 2494 4415 Παύλου,
2549 4346 2766 4421 ὑπῆρχε
2842 4344 2934 4401 σὺν
2983 4350 3063 4419 τῷ
3137 4348 3240 4419 υἱῷ
3290 4347 3459 4417 αὐτῆς
3515 4344 3764 4415 Ἰωσήέν

2105 4434 2419 4512 Καρθαγένῃ
2476 4433 2634 4491 πόλει
2717 4438 2818 4500 τῆς
2904 4436 3194 4511 Ἀφρικῆς,
3271 4436 3613 4512 κηρύττουσα
3668 4433 3762 4489 τὸν

2103 4524 2361 4598 Χριστόν.
2394 4525 2455 4582 Ὁ
2514 4520 2576 4580 δὲ
2633 4523 2751 4587 υἱὸς
2807 4524 2978 4595 αὐτῆς
3033 4524 3246 4599 Βίκτωρ
3305 4524 3441 4581 κατὰ
3466 4529 3575 4579 τῶν
3603 4517 3767 4580 ’Λεάὲ

2109 4635 2216 4691 ρων
2278 4611 2710 4689 ἀνδραγαθήσας,
2766 4613 2950 4690 γέγονε
3006 4613 3392 4692 στρατηλάτης
3444 4613 3538 4670 καὶ
3594 4632 3765 4688 προσ-

2108 4704 2273 4779 ετάγη
2303 4701 2430 4765 τοὺς
2481 4703 2534 4757 έν
2588 4700 2858 4775 Γαλιλαίᾳ
2913 4703 3277 4780 Χριστιανοὺς
3307 4703 3571 4782 φονεύειν.
3606 4700 3761 4757 Ἐπεὶ

2108 4790 2166 4848 δὲ
2195 4791 2295 4847 οὐκ
2323 4790 2594 4865 ἐφόνευεν,
2624 4788 2753 4847 ἀλλ’
2800 4789 3043 4850 ἔδίδασκε
3093 4792 3307 4868 μᾶλλον
3336 4794 3509 4849 πάντα
3533 4794 3602 4848 ea
3630 4790 3759 4867 περὶ

2107 4882 2373 4955 Χριστοῦ,
2405 4881 2494 4935 καὶ
2545 4875 2901 4935 Σεϐαστιανὸν
2947 4881 3133 4945 πείσας
3184 4886 3468 4938 πιστεῦσαι
3514 4884 3764 4956 Χριστῷ,

2106 4970 2471 5043 παραπαλεὶς
2524 4971 2677 5044 ἢχθη
2741 4966 2963 5043 δέσμιος
3027 4972 3160 5042 μετᾶ
3212 4976 3320 5027 τῶν
3376 4970 3613 5039 λοιπῶν,
3667 4970 3762 5025 καὶ

2106 5060 2345 5135 παρέστη
2374 5062 2455 5131 τῷ
2491 5056 2728 5135 βασιλεῖ.
2776 5059 2841 5116 Ὀ
2900 5056 2958 5114 δὲ
3008 5063 3116 5115 τῶν
3151 5061 3246 5134 μὶν
3274 5060 3402 5123 τοὺς
3435 5056 3760 5135 ὀφθαλμοὺς

2106 5149 2355 5225 ἐξώρυξε,
2411 5147 2536 5209 τοὺς
2591 5144 2647 5202 δὲ
2704 5147 2780 5210 εἰς
2827 5147 3075 5225 φυλακὴν
3124 5144 3398 5216 ἐνέϐαλεν,
3432 5148 3636 5209 ἄλλους
3672 5148 3762 5203 ἐπὶ

2105 5239 2282 5314 ξύλων
2329 5234 2609 5313 ἐκρέμασε·
2662 5242 2771 5292 τῶν
2832 5236 2891 5294 δὲ
2943 5240 3007 5295 τὸ
3060 5236 3233 5316 δέρμα
3279 5237 3526 5314 ἐξέδειρε,
3558 5244 3668 5293 τῶν
3704 5236 3763 5295 δὶ

2103 5331 2171 5384 τὰ
2216 5325 2398 5383 αἷδοῖα
2448 5326 2705 5401 ἀπέκοψε’
2765 5328 2864 5397 τὴν
2928 5327 3149 5385 Φωτίδα
3180 5328 3259 5397 δὶ,
3291 5327 3386 5384 δύο
3418 5325 3608 5402 δένδρα
3636 5326 3762 5381 κλί-

2104 5439 2221 5488 νας,
2266 5413 2585 5489 προσέδησε,
2634 5415 2723 5471 καὶ
2782 5416 3061 5482 ἀπολύσας
3113 5418 3249 5474 αύτά
3299 5416 3540 5493 διέσχισε
3573 5411 3759 5489 μέσον.

2107 5507 2174 5565 Οἱ
2207 5504 2265 5561 δὶ
2294 5505 2482 5562 λοιποὶ
2538 5504 3067 5584 ἀπεκεφαλίσθησαν.
3125 5508 3188 5563 ’Π
3236 5504 3293 5563 δὲ
3323 5506 3571 5574 Φωτεινὴ
3605 5503 3658 5561 έν
3688 5506 3763 5581 τῇ

2106 5594 2328 5674 φυλακῇ
2358 5591 2652 5666 ἆτελειώθη
2664 5638 2678 5654 .
