4086 6204
308 355 428 418 361

1811 371 2182 439 MARTIUS.

3612 404 3731 467 362

306 495 419 550 κά
483 497 966 612 μνέετιτξθέηηὶτ.
1000 498 1711 612 έῖἓ⁵ὶξηυῖῗῗξξῗῗὲιρῖλὲξῶν
1800 515 1958 583 θωμε

2082 513 2151 569 Et
2180 523 2638 612 commemoratio‘
2667 526 2845 612 sancti
2892 528 3082 612 .Pafris
3137 535 3579 612 nostri‘Thomz
3624 558 3734 612 pa-

616 571 966 647 πατριάρχου
998 571 1650 639 Κώνσταντινουπόλεως.

385 701 731 772 Θωμᾶςὸἐν
789 704 963 777 ἁγίοις
1021 707 1205 781 Πατὴρ
1263 710 1447 779 ἡμῶν,
1505 708 1595 766 διὰ
1649 713 1749 782 τήθ
1806 714 1972 786 ὑπερ-

312 784 635 844 ϐάλλουσαν
668 791 830 846 αὐτοῦ
863 793 1076 864 ἀρετὴν,
1109 795 1199 849 καί
1258 798 1356 865 τήν
1407 796 1572 872 ἃκραν
1624 800 1828 856 σύνεσιν
1878 804 1965 857 καὶ

308 874 627 947 εὐλάϐειαν,
712 878 961 945 διάκονος
1048 887 1455 960 προχειρίζεται
1540 896 1638 958 τῆς
1726 890 1971 966 μεγάλης

306 966 631 1035 ἐκκλησίας,
666 971 753 1023 καὶ
813 970 1197 1040 σακελλάριος,
1259 975 1362 1030 ὑπὸ
1416 981 1514 1031 τοῦ
1558 977 1708 1032 ὁσίου
1763 981 1971 1052 Πατρὸς

308 1058 479 1129 ἡμῶν
506 1059 600 1112 καῖ
630 1057 682 1112 ἐν
718 1059 955 1132 θαύμασι
1011 1060 1267 1137 μεγίστου
1324 1064 1580 1121 Ἰωάννου
1630 1071 1725 1121 τοῦ
1779 1068 1970 1122 ἐπικα-

304 1141 587 1216 λουμένου
620 1146 955 1216 Νῃστευτοῦ,
990 1147 1078 1203 ἐπὶ
1137 1157 1237 1219 τῆς
1297 1152 1575 1226 βασιλείας
1628 1159 1725 1210 τοῦ
1781 1153 1966 1210 ἀοιδί-

310 1254 420 1304 μου
480 1232 571 1288 καὶ
634 1236 904 1310 μακαρίου
954 1239 1276 1313 Μαυρικίου.
1331 1243 1431 1297 Καὶ
1494 1244 1629 1314 μετὰ
1705 1244 1964 1316 τελευτὴν

303 1324 478 1377 αὐτοῦ
509 1344 567 1378 τε
596 1328 695 1379 τοῦ
726 1326 994 1399 Ἰωάννου,
1027 1328 1117 1382 καὶ
1147 1333 1243 1383 τοῦ
1303 1333 1419 1403 μετ’
1470 1332 1629 1387 αὐτὸν
1683 1333 1968 1389 ἐπισκοπί-

309 1434 505 1474 σαντος
568 1416 863 1487 Κειριακοῦ,
923 1418 1329 1493 προχειρίζεται
1414 1421 1763 1497 πατριάρχης
1823 1430 1965 1480 Κων-

307 1502 829 1573 σταντινουπὸλεας,
862 1506 952 1559 καὶ
1010 1506 1377 1577 ἐπεσκᾶπησεν
1439 1508 1530 1581 ἔτη
1591 1512 1736 1585 τρία,
1787 1521 1965 1587 μῆνας

302 1588 424 1645 ὃῦο’
458 1591 651 1646 ποι.λά
706 1595 841 1648 κατὰ
896 1598 1007 1650 τῶν
1067 1597 1322 1669 αἱρέσεων
1383 1599 1808 1675 ἀγωνισάμενος,
1870 1604 1957 1657 καὶ

302 1680 436 1742 τοὺς
470 1681 780 1755 αἱρετικοὺς
830 1684 1219 1759 καταισχύνας,
1274 1688 1363 1742 καὶ
1411 1689 1480 1743 τὰ
1526 1688 1787 1764 ὀρθόδοξα
1836 1689 1961 1767 δόγ-

307 1790 453 1841 ματα
489 1770 780 1844 κρατύνας,
839 1770 927 1826 καὶ
983 1774 1047 1828 τὸ
1104 1775 1360 1847 ποίμνιον
1419 1780 1693 1851 ποιμάνας
1752 1779 1958 1848 καλῶς,

2442 592 2705 649 triarcha:
2740 596 3367 671 Constantinopolitani.

2154 710 2403 767 Sanctus
2438 714 2611 770 Pater
2640 724 2844 775 noster
2872 723 3144 793 Thomas,
3173 735 3417 800 propter
3441 734 3736 794 excellen-

2084 804 2198 853 tem
2233 818 2401 857 suam
2435 804 2708 862 virtutem
2765 816 2824 864 et
2879 829 3173 870 summam
3232 820 3604 889 prudentiam
3667 844 3735 884 ac

2081 886 2456 959 religionem,
2483 892 2768 951 diaconus
2789 914 3017 972 magna;
3046 904 3311 961 ecclesias
3339 909 3737 980 ordinatur,et

2084 976 2431 1033 sacellarius
2462 997 2495 1035 a
2526 990 2730 1038 sancto
2763 987 2931 1043 Patre
2966 998 3167 1047 nostro
3218 1000 3276 1049 et
3322 996 3383 1051 in
3428 1000 3735 1058 miraculis

2081 1064 2391 1132 patrandis
2414 1070 2671 1124 maximo
2686 1072 2909 1129 Joanne
2933 1088 3322 1149 cognomento
3369 1085 3732 1159 Jejunatore,

2080 1150 2413 1223 imperante
2446 1157 2664 1213 celebri
2696 1167 2750 1215 et
2784 1161 2955 1219 beato
2983 1168 3282 1225 Mauricio.
3319 1150 3455 1229 Post
3502 1150 3733 1235 obitum

2078 1246 2275 1295 autem
2309 1240 2488 1314 hujus
2517 1245 2781 1317 Joannis,
2815 1251 3062 1323 ejusque
3094 1255 3154 1309 in
3208 1259 3549 1333 episcopatu
3599 1282 3733 1322 suc-

2080 1329 2332 1383 cessoris
2363 1332 2609 1401 (Syriaci,
2651 1336 2960 1394 ordinatus
3012 1344 3348 1412 patriarcha
3393 1355 3731 1410 Constanti-

2080 1414 2485 1487 nopolitanus,
2520 1435 2656 1476 eum
2688 1424 3091 1497 episcOpatum
3122 1433 3305 1503 gessit
3351 1452 3538 1494 annos
3587 1448 3727 1513 tres,

2079 1516 2315 1558 menses
2345 1504 2509 1561 duos.
2545 1510 2687 1564 Cum
2721 1528 2859 1567 vero
2892 1514 3214 1585 plurimum
3247 1529 3451 1579 contra
3472 1526 3729 1585 haereses

2079 1588 2749 1670 decertasset,ipsosque
2772 1601 3083 1661 haereticos
3106 1609 3332 1678 pudore
3350 1615 3726 1688 perfudisset,

2080 1679 2463 1736 orthodoxam
2488 1702 2723 1757 quoque
2747 1689 3074 1748 doctrinam
3110 1679 3477 1768 stabiliisset,
3511 1708 3569 1757 et
3597 1679 3730 1777 gre;

2077 1782 2207 1838 gem
2240 1786 2412 1825 suum
2447 1771 2596 1828 bene
2630 1782 2686 1830 et
2714 1777 2786 1832 ad
2821 1779 2920 1834 Dei
2980 1781 3420 1855 beneplacitum
3453 1771 3724 1862 rexisset,

306 1858 400 1913 καὶ
443 1860 773 1935 θεαρέστως,
828 1860 917 1916 καὶ
974 1868 1088 1924 τοῖς
1147 1862 1386 1920 εὐσεϐέσι
1449 1867 1726 1941 βασιλεῦσι
1778 1867 1964 1931 καλῶς
1996 1876 2044 1941 Β
2077 1873 2310 1951 necnon
2346 1861 2472 1930 pios
2504 1862 2891 1935 imperatores
2922 1872 3206 1941 praeclare
3238 1876 3634 1951 instruxisset,
3659 1898 3727 1938 ac

307 1945 459 1971 331?

304 1949 551 2017 διδάξας,
583 1950 674 2003 καὶ
704 1953 772 2023 τῇ
804 1949 1149 2026 ξσυγκλήτῳ,
1207 1954 1296 2007 καὶ
1356 1957 1512 2011 παντὶ
1573 1961 1650 2027 τῷ
1706 1959 1961 2032 ἱερατικῷ

301 2036 547 2111 τάγματι
606 2039 948 2116 καταφανεὶς,
1005 2038 1305 2115 αἰδέσιμος,
1368 2045 1502 2116 μετᾶ
1558 2049 1725 2100 ταῦτα
1780 2046 1961 2123 ἇρῥω-

296 2129 524 2196 στήσας,
552 2130 691 2201 πρὸς
726 2128 995 2201 οὐρανοὺς
1051 2128 1319 2205 ἀνέδραμε
1375 2133 1609 2209 χαίρων,
1670 2135 1745 2198 ὡς
1795 2137 1957 2208 εῗκὸς,

290 2216 384 2270 κάὶ
419 2213 867 2291 ἀγαλλιώμενος.

836 2338 1040 2396 ΜΗΝΙ’
1078 2341 1170 2395 ἸὮ
1213 2342 1418 2398 ΑΥΤΩ.

1077 2448 1192 2505 KA‘

296 2542 509 2613 Μνήμη
567 2545 668 2596 τοῦ
725 2540 878 2597 ὁσίου
932 2544 1145 2617 Πατρός
1212 2547 1374 2617 ἡμῶν

1464 2544 1776 2604 Βενεδίκτου
1859 2549 1959 2623 ἀρ-

798 2613 1039 2689 χιμανδρ
1051 2613 1164 2674 ίτου
1194 2613 1442 2690 Ῥώμης.

367 2728 546 2789 Οὗτος
579 2729 826 2805 ὑπῆρχεν
859 2731 918 2785 ἐκ
974 2739 1077 2801 τῆς
1132 2734 1426 2806 Ῥωμαίων
1484 2732 1723 2802 πόλεως,
1787 2736 1958 2793 Εὐλο-

291 2815 542 2889 γημένος
600 2816 1036 2893 ὄνομτζόμενος.
1093 2822 1303 2894 Μικρες
1364 2820 1420 2877 δὲ
1478 2818 1574 2891 ὤν,
1632 2822 1949 2879 καταλιπὼν

291 2908 383 2961 καὶ
448 2907 648 2981 οἰκίαν,
706 2910 796 2963 καὶ
854 2916 1060 2984 γονεῖς,
1110 2910 1332 2981 ἐξῆλθεν
1393 2913 1468 2975 είς
1521 2906 1730 2987 ἔρημον
1787 2913 1954 2970 τόπον

297 2995 436 3066 μετᾶ
462 3002 567 3064 τῆς
626 2996 1031 3073 ανατρεφοῦσης
1089 2999 1250 3055 αὐτὸν
1289 3002 1477 3077 γραὸς,
1536 3002 1625 3056 καὶ
1684 3001 1951 3077 ἡσύχασε,

294 3085 387 3139 καὶ
441 3084 749 3159 εὐχόμενος
806 3082 968 3143 ἔλαϐε
1027 3087 1339 3165 χαρίσματα
1391 3089 1635 3163 ἰαμάτων
1693 3092 1799 3147 ἀπὸ
1855 3095 1953 3147 τοῦ

298 3179 460 3231 Θεοῦ.
525 3182 747 3250 Πρῶτον
812 3179 906 3251 μὲν
964 3180 1065 3254 γὰρ
1149 3180 1455 3254 ἡγούμενος
1540 3181 1831 3256 γενόμενος
1880 3184 1950 3255 τῇ

2074 1949 2327 2016 senatui,
2390 1951 2614 2023 totique
2676 1956 3029 2014 sacerdotali
3100 1963 3297 2018 ordini
3353 1970 3724 2026 venerandus

2073 2038 2469 2108 apparuisset,
2503 2042 2749 2099 adversa
2779 2047 3117 2105 valetudine
3150 2061 3476 2126 correptus,
3509 2059 3585 2114 ad
3614 2076 3727 2116 cm-

2069 2125 2159 2182 los
2189 2130 2455 2201 gaudens
2486 2138 2545 2187 et
2573 2134 2900 2206 exsultans,
2933 2140 3018 2194 uti
3052 2158 3289 2213 aequum
3324 2125 3482 2214 erat,
3534 2148 3721 2205 advo-

2066 2218 2223 2274 lavit.

2618 2344 2858 2401 EODEM
2896 2349 3147 2405 MENSE.

2573 2447 2673 2504 Die
2704 2451 2984 2510 vicesima
3014 2456 3208 2527 prima

2065 2539 2167 2595 28
2226 2540 2674 2601 Commemoratio
2717 2552 2898 2606 sancti
2957 2555 3137 2611 Patris
3194 2562 3373 2615 nostri
3429 2563 3718 2619 Benedicti

2542 2619 2997 2679 archimandritas
3028 2628 3231 2684 Romae.

2064 2977 2387 3049 ingressus,
2423 2983 2688 3052 quietam
2721 2988 2897 3044 vitam
2929 2993 3237 3063 amplexus
3269 3004 3376 3065 est,
3427 3006 3487 3054 et
3516 3017 3714 3074 orans,

2062 3070 2309 3136 gratiam
2342 3072 2718 3128 curationum
2750 3092 2783 3130 a
2815 3077 2929 3133 Deo
2960 3084 3208 3153 accepit.
3244 3085 3508 3143 Primum
3554 3091 3715 3146 enim

2062 3154 2372 3211 monachis
2405 3166 2615 3229 sponte
2648 3162 3035 3222 invitantibus
3065 3169 3246 3226 abbas
3278 3181 3533 3243 creatus,
3578 3194 3717 3233 mox

297 3264 647 3338 παρακλήσει
704 3272 811 3322 τῶν
869 3273 1149 3343 μοναχῶν,
1208 3269 1299 3324 καὶ
1353 3267 1442 3325 διὰ
1498 3271 1597 3339 τήν
1670 3267 1946 3344 ἀκρίϐειαν

2072 3241 2287 3298 eisdem
2317 3244 2390 3299 ob
2425 3256 2690 3305 exactam
2747 3252 3171 3313 abstinentiam
3231 3276 3445 3317 exosus
3500 3263 3713 3337 factus,

294 3361 400 3421 τῆς
452 3353 768 3429 ἐγκρατείας
831 3358 1077 3428 μισηθεὶς
1136 3359 1262 3426 παρ’
1319 3358 1519 3427 αὐτῶν,
1577 3356 1948 3431 ἐπεϐουλεύθη

299 3440 638 3516 δῃλητηρίῳ
670 3446 967 3522 φαρμάκῳ.
1007 3448 1101 3501 Καὶ
1140 3441 1324 3502 λαϐὼν
1351 3448 1413 3502 τὸ
1444 3450 1710 3520 ποτήριον
1755 3447 1950 3526 ἓσφρά-

296 3534 590 3605 γισεν,καὶ
646 3530 869 3603 διελύθη
931 3534 1004 3595 ὠς
1068 3532 1206 3596 ἅλας
1264 3536 1292 3589 ὁ
1350 3534 1530 3598 ὕελος.
1592 3538 1817 3592 Ἔπειτα
1861 3535 1951 3591 καί

302 3617 452 3674 ἄλλα
483 3621 730 3693 θαύματα
755 3621 986 3677 πλεῖστα
1043 3621 1285 3693 ἐποίησε.
1343 3623 1656 3687 Μέλλοντος
1717 3622 1773 3680 δὶ
1814 3625 1951 3697 πρὸς

300 3708 505 3780 Κ·3ριον
545 3706 829 3783 ἐκδημεῖν,
864 3712 1101 3785 μοναχοί
1132 3732 1272 3773 τινες
1313 3709 1407 3766 δύο
1467 3708 1717 3775 εὐλαϐεῖς
1766 3710 1951 3783 ἔδοξαν

302 3798 424 3851 καθ’
456 3797 658 3859 ὕπνους
692 3797 824 3853 ἰδεῖν
855 3798 979 3855 ὁδὸν
1026 3802 1161 3874 πρὸς
1217 3800 1438 3875 οὐρανὸν
1499 3802 1604 3857 ἀπὸ
1660 3806 1763 3876 γῆς
1824 3804 1954 3858 ἀνα·

303 3892 596 3963 φὲρουσαν,
657 3891 1077 3963 ὑπεστρωμένῃ
1155 3891 1400 3963 ἱματίοις
1456 3892 1805 3961 πολυτελέσι,
1863 3893 1953 3949 καὶ

302 3977 600 4049 λαμπάδας
662 3979 1032 4052 ἀναπτομένας
1088 3980 1415 4051 ἑκατέρωθεν
1488 3989 1589 4051 τῆς
1644 3980 1793 4040 ὁδοῦ.
1856 3984 1952 4039 Καὶ

297 4067 695 4141 ἐρωτήσαντες,
781 4068 929 4131 τίνος
1014 4067 1153 4124 ἐστὶν
1213 4071 1249 4138 ἡ
1310 4067 1463 4135 ὁδὸς,
1518 4070 1755 4140 ἥκουσαν
1809 4076 1955 4146 παρὰ

296 4156 640 4235 λευκοφόρου
670 4155 885 4231 ἀνδρὸς,
914 4157 996 4213 ὅτι
1056 4157 1216 4229 αὕτη.
1251 4158 1391 4214 ἐστὶν
1451 4162 1486 4230 ἡ
1537 4158 1660 4223 ὁδὸς
1712 4159 1956 4218 Βενεὸίκ-

292 4265 392 4300 του
424 4250 522 4301 τοῦ
550 4245 949 4321 εὐλογημένοι).
1012 4246 1116 4303 Καὶ
1175 4245 1319 4301 οὕτω
1365 4247 1676 4314 τελειωθεὶς
1720 4248 1951 4320 ἀνῆλθεν

296 4334 374 4397 εἰς
408 4334 701 4411 οὐρανούς.

296 4451 402 4509 Καὶ
448 4454 644 4525 μνήμη
702 4456 799 4507 τοῦ
859 4451 1013 4508 ὁσίου
1072 4447 1334 4510 Ἰακώϐου
1390 4457 1487 4509 τοῦ
1544 4452 1682 4509 Νὲου
1744 4454 1957 4510 ἐπισκό-

900 4546 1005 4579 που
1034 4525 1351 4600 γεγονότος.

370 4634 694 4703 Ἰάκωϐοςό
736 4641 905 4713 ὅσιος,
962 4641 1013 4715 ἐξ
1072 4642 1298 4699 ἁπαλῶν
1356 4642 1571 4718 ὀνύχων
1628 4644 1720 4699 τὸν
1781 4644 1949 4715 ἀσκη-
1983 4626 2025 4691 Ῑ)

290 4730 449 4783 τικὸν
511 4728 775 4801 ἑλόμενος
840 4732 981 4807 βίον,
1038 4733 1127 4786 καὶ
1191 4734 1435 4807 μοναχὸς
1491 4733 1807 4808 γενόμενος,
1862 4736 1951 4789 καὶ

292 4819 521 4889 νηστείᾳ
577 4821 665 4875 καὶ
727 4820 1020 4894 ἀγρυπνίᾳ,
1068 4822 1155 4876 καὶ
1213 4826 1282 4895 τῇ
1344 4822 1513 4894 λοιπῇ
1595 4823 1950 4894 κακοπαθείᾳ,

290 4912 363 4980 τῇ
396 4928 457 4962 τε
492 4910 693 4983 μελέτῃ
731 4916 838 4963 τῶν
882 4911 1038 4965 θείων
1096 4915 1341 4988 Γραφῶν,
1400 4913 1490 4966 καὶ
1544 4917 1664 4975 ταῖς
1720 4919 1950 4988 συχναῖς

290 4998 437 5069 πρὸς
463 4998 591 5052 Θεὸν
628 4999 818 5074 εὐχαῖς
876 4996 1138 5074 πρότερον
1201 5001 1387 5055 ἑαυτὸν
1438 5000 1756 5074 ἐκκαθάρας.
1810 5004 1954 5058 Med

290 5092 467 5140 ταῦτα
532 5092 630 5141 τοῦ
706 5089 1062 5143 ἐπισκοπικοῦ
1139 5089 1450 5161 ἀξιώματος
1501 5089 1763 5160 ἀξιοῦται.
1825 5092 1955 5147 Ἐπῒ

292 5181 404 5231 τῶν
437 5177 662 5251 χρόνων
704 5175 763 5231 δὲ
816 5183 923 5231 τῶν
983 5173 1257 5232 δυασῖϐὦν
1319 5177 1739 5254 Ε’κονομάχων,
1788 5202 1955 5236 κατα-

291 5267 620 5341 ναγκασθείς
678 5268 767 5321 ὑπ’
816 5266 1030 5321 ἐκείνων
1086 5269 1337 5336 πλεῖστα,
1410 5268 1511 5334 τὴν
1586 5273 1693 5322 τῶν
1781 5268 1950 5344 ἁγίων

291 5356 385 5410 καὶ
449 5362 657 5410 eam?»
719 5357 942 5412 εἰκόνων
1001 5357 1337 5431 ἀρνήσασθαι
1410 5357 1803 5432 προσκύνησιν,
1863 5360 1951 5415 καὶ

297 5447 377 5517 μή
434 5448 692 5513 πεισθεὶς,
740 5447 988 5511 πολλοὺς
1082 5451 1420 5523 πειρασμους
1505 5452 1777 5523 ὑπέμεινε,
1864 5454 1953 5509 καὶ

289 5533 506 5606 ίξορίας
541 5534 891 5600 ἀνεικάστους
943 5538 1172 5606 ὑπέστη,
1231 5538 1322 5592 καὶ
1380 5536 1569 5610 λιμὸν,
1621 5540 1709 5595 καὶ
1770 5539 1951 5616 δίψαν,

282 5622 377 5676 καὶ
407 5623 569 5697 ’ἔτερα
598 5622 846 5692 πλείονα,
882 5627 1019 5693 ἅπερ
1075 5625 1151 5687 εἷς
1190 5625 1350 5681 αὐτὸν
1404 5627 1456 5681 οῖ
1508 5624 1785 5691 δυσσεϐεῖς
1830 5630 1956 5687 ἕπε-

286 5707 479 5781 νόουν,
512 5709 887 5786 ἐκαρτέρησεν.
941 5712 1074 5768 Εἶτα
1133 5709 1186 5766 ἐν
1246 5711 1433 5774 αὐταῖς
1488 5710 1726 5778 πολλαῖς
1784 5715 1952 5790 βασά-

573 5830 840 5892 Panos.
903 5831 1014 5891 Gn.
1062 5829 1296 5893 CXVII.

2060 3334 2294 3390 insidiis
2324 3344 2414 3393 est
2444 3343 2773 3411 appetitus:
2804 3347 2907 3400 sed
2933 3348 3130 3405 oblata
3153 3354 3419 3410 veneﬁca
3448 3334 3714 3427 potione,

2061 3443 2196 3482 curn
2229 3436 2536 3500 acceptum
2573 3436 2853 3504 poculum
2913 3440 3222 3511 signasset,
3282 3446 3519 3519 vitrum,
3571 3450 3714 3507 salis

2061 3519 2347 3587 adinstar,
2382 3522 2642 3579 solutum
2670 3526 2801 3584 fuit.
2836 3531 2974 3585 Post
3006 3540 3065 3588 et
3095 3534 3353 3605 plurima
3382 3540 3498 3596 alia
3527 3544 3711 3598 mira-

2062 3611 2195 3666 cula
2220 3615 2490 3682 patravit.
2525 3616 2669 3673 Cum
2698 3628 2895 3678 autem
2928 3635 3084 3681 esset
3108 3627 3182 3682 ad
3238 3629 3554 3691 Dominum
3602 3637 3714 3692 mi-

2062 3711 2355 3775 graturus,
2393 3706 2509 3763 duo
2541 3710 2801 3783 religiosi
2835 3719 3113 3775 monachi
3145 3722 3253 3776 visi
3312 3730 3451 3780 sunt
3499 3728 3610 3783 sibi
3650 3731 3713 3786 in

2066 3795 2315 3861 somnis,
2340 3797 2491 3853 viam
2513 3800 2585 3855 ad
2609 3803 2819 3859 caelum
2846 3823 2879 3862 a
2903 3814 3056 3865 terra
3074 3813 3415 3871 tendentem
3438 3821 3716 3889 pretiosis

2066 3883 2425 3940 substratam
2449 3889 2734 3958 palliis,et
2754 3899 3020 3953 accensis
3043 3902 3322 3975 utrinque
3343 3883 3718 3980 lampadibus

2066 3972 2486 4042 splendentem
2519 3994 2800 4036 cernere:
2852 3986 3296 4049 sciscitantibus
3344 4004 3565 4063 autem,
3616 4016 3715 4055 cu-

2053 4060 2298 4132 jusnam
2332 4071 2490 4119 esset
2519 4083 2587 4122 ea
2612 4069 2723 4136 via,
2757 4072 2913 4128 visus
2944 4082 3035 4130 est
3063 4078 3147 4133 vir
3189 4084 3441 4139 candido
3495 4089 3715 4144 amictu

2062 4161 2307 4210 ornatus
2338 4159 2751 4228 respondisse:
2790 4165 2922 4221 Haec
2970 4173 3060 4223 est
3106 4171 3196 4226 via
3250 4174 3572 4232 Benedicti.
3619 4182 3716 4235 At-

2063 4262 2176 4316 que
2195 4263 2303 4318 per
2326 4248 2483 4305 hunc
2516 4252 2757 4309 modum
2782 4257 2897 4313 vita
2918 4259 3175 4330 functus,
3205 4262 3353 4321 abiit
3381 4268 3443 4322 in
3474 4269 3711 4327 caelum.

2114 4441 2183 4494 Et
2208 4443 2652 4500 commemoralio
2680 4449 2872 4505 sancti
2894 4452 3092 4509 Jacobi
3118 4456 3367 4515 Junioris
3397 4461 3660 4535 episcopi.

2125 4637 2376 4695 Iacobus
2409 4656 2477 4695 ex
2508 4644 2729 4699 teneris
2780 4648 3115 4720 unguiculis
3164 4656 3481 4714 asceticam
3536 4660 3716 4720 vitam

2061 4727 2237 4800 elegit
2265 4746 2277 4783 :
2311 4747 2379 4786 ac
2403 4735 2730 4791 monachus
2762 4737 2973 4809 factus,
3007 4743 3265 4813 primum
3291 4749 3532 4820 quidem
3557 4756 3718 4826 Jeju-

2060 4818 2197 4885 niis,
2233 4820 2465 4892 vigiliis,
2496 4830 2673 4895 atque
2704 4827 2837 4883 aliis
2870 4818 3382 4900 afﬂictationibus.
3415 4858 3483 4897 ac
3533 4818 3716 4914 potis-

2063 4909 2281 4965 simum
2315 4929 2617 4970 sacrarum
2651 4918 3089 4991 Scriptirarum
3119 4930 3631 5002 meditationibus,
3664 4942 3723 4992 et

2063 5003 2364 5059 continuis
2395 5006 2467 5061 ad
2502 5009 2683 5064 Deum
2718 5015 2990 5083 precibus
3033 5022 3295 5092 seipsum
3333 5031 3721 5102 expurgavit:

2061 5106 2200 5145 mox
2230 5108 2362 5147 vero
2396 5094 2469 5149 ad
2502 5096 2849 5169 dignitatem
2884 5105 3285 5179 epiSCOpalem
3314 5094 3720 5176 est—elevatus.

2063 5182 2175 5238 Sed
2221 5201 2355 5239 cum
2406 5187 2724 5260 impiorum
2778 5195 3307 5258 Iconomachorum
3356 5210 3721 5279 temporibus

2066 5274 2419 5333 sollicitatus
2452 5282 2773 5350 plurimum
2809 5286 2882 5340 ab
2915 5288 2987 5344 iis
3018 5290 3249 5361 fuisset,
3282 5303 3348 5350 ut
3378 5274 3602 5355 cultum
3628 5318 3724 5358 sa-

2064 5382 2301 5423 crarum
2360 5375 2418 5423 et
2472 5376 2945 5433 venerandarum
3006 5382 3332 5456 imaginum
3374 5388 3718 5465 abnegaret,

2066 5456 2245 5528 idque
2277 5459 2470 5516 facere
2502 5462 2907 5536 detrectasset,
2946 5472 3162 5529 multas
3189 5477 3405 5535 subivit
3445 5456 3723 5539 tenvtatio-L-

2066 5549 2603 5615 nes,intolerabilia
2625 5574 2833 5627 passus
2856 5563 3083 5627 exsilia.
3108 5566 3418 5636 etfamem.
3454 5580 3512 5630 et
3541 5576 3721 5645 sitim,

2065 5641 2124 5691 et
2151 5637 2269 5693 alia
2299 5639 2582 5711 plurima,
2616 5662 2746 5715 quae
2777 5648 3060 5707 adversus
3113 5669 3249 5710 eum
3296 5659 3462 5732 impii
3521 5664 3719 5718 animo

2064 5727 2504 5800 concipiebant.
2538 5730 2844 5794 Postremo
2879 5737 2972 5795 his
3004 5739 3258 5816 aliisque
3283 5727 3513 5820 multis,
3541 5755 3600 5805 et
3626 5764 3726 5805 va-

3292 5864 3435 5949 qu
