4086 6204
351 393 470 454 363

1671 376 2094 442 MENOLOGll
2139 379 2344 440 PARS
2388 379 2494 440 ΙΙΙ.

3645 377 3769 445 864

354 530 462 584 riis
495 526 828 587 tormentis,
861 527 919 578 et
947 519 1430 576 afﬂictationibus
1473 517 1728 583 attritus,
1762 515 1996 570 beatam

2125 531 2247 581 νοις,
2279 510 2370 564 καὶ
2416 515 2536 572 τοῖς
2594 507 2877 585 διαφόροις
2935 515 3285 585 πειρασμοῖς,
3337 512 3439 581 τὴν
3495 511 3767 588 μακαρίαν

360 623 622 677 animam
654 632 818 672 suam
852 614 911 667 in
943 628 1154 666 manus
1190 610 1286 664 Dei
1319 610 1419 665 24
1457 608 1719 664 tradidit.
1747 626 1852 680 pro
1885 625 2000 678 quo

361 727 496 766 cum
527 723 714 778 usque
743 704 815 759 ad
843 709 1093 758 mortem
1148 717 1433 774 generose
1479 700 1862 766 decertasset,
1912 716 2004 754 re-

357 814 538 872 gnum
571 796 806 851 cmleste
849 799 1178 862 assecutus,
1237 808 1372 848 cum
1427 791 1532 846 illo
1599 790 1662 845 in
1715 795 2006 845 aeternum

358 885 635 941 exsultat.

419 1040 492 1094 Et
521 1039 960 1094 commemoratio
990 1037 1164 1092 sancti
1193 1035 1401 1105 Berylli
1429 1033 1675 1106 episc0pi
1700 1033 1944 1091 Catane.

430 1199 678 1253 Sanctus
709 1199 883 1253 Pater
912 1201 1116 1251 noster
1147 1194 1412 1265 Beryllus
1444 1210 1514 1249 ex
1543 1192 1859 1248 Antiochia
1905 1189 2009 1263 Sy-

358 1289 463 1344 rias
521 1287 830 1354 oriundus,
890 1286 1081 1341 sancti
1137 1285 1295 1340 Petri
1351 1283 1604 1355 apostoli
1681 1280 2012 1353 discipulus

355 1378 646 1442 factus,ab
671 1395 738 1432 eo
761 1377 1075 1449 episcopus
1097 1377 1330 1432 Catanaa
1363 1376 1424 1429 in
1456 1374 1656 1430 Sicilia
1701 1373 2012 1428 ordinatus

358 1469 581 1533 est.Qui
605 1484 741 1523 cum
763 1467 1046 1540 prmclare
1068 1483 1302 1540 gregem
1331 1465 1598 1524 rexisset.
1624 1469 1682 1518 et
1703 1464 1762 1518 in
1793 1477 2013 1534 pascua

357 1558 643 1614 salutaria
673 1555 1038 1618 deduxisset,
1072 1555 1412 1624 multosque
1444 1570 1514 1608 ex
1565 1551 1906 1607 inﬁdelibus
1938 1548 2011 1604 ad

357 1645 572 1701 Christi
609 1645 787 1700 ﬁdem
819 1645 1186 1709 adduxisset,
1222 1645 1377 1699 dono
1405 1642 1801 1714 plurimorum
1829 1639 2009 1694 mira-

361 1736 634 1791 culorum
667 1736 878 1808 dignus
906 1737 1150 1790 elTectus
1183 1741 1290 1796 est,
1325 1750 1395 1788 ex
1436 1732 1652 1804 quibus
1700 1746 1886 1785 unum
1918 1728 2013 1783 hic

361 1826 819 1882 commemorari
838 1830 1087 1896 oportet.
1123 1825 1277 1878 Fons
1299 1822 1598 1877 eratcirca
1617 1819 1789 1874 illum
1817 1818 2013 1874 locum

362 1916 797 1972 amarissimam
825 1915 1051 1970 habens
1080 1931 1316 1985 aquam,
1353 1929 1530 1984 quam
1559 1911 1707 1967 fusis
1729 1911 1802 1966 ad
1829 1911 2012 1965 Deum

357 2005 634 2077 precibus
657 2005 716 2059 in
737 2004 970 2059 dulcem
996 2011 1198 2076 potum
1222 2002 1655 2058 transmutavit.
1684 1999 1849 2066 Quod
1876 2017 2011 2056 cum

355 2093 601 2149 vidisset
631 2092 874 2164 quidam
907 2094 1141 2148 Graecus
1192 2091 1544 2147 idololatrim
1591 2089 1879 2145 acerrime
1906 2088 2013 2144 ad-

353 2183 568 2250 dictus,
603 2183 836 2238 Christo
855 2181 1128 2246 credidit,
1157 2187 1214 2236 et
1238 2199 1373 2237 cum
1396 2197 1464 2236 eo
1487 2180 1690 2252 plures
1711 2179 1832 2236 alii.
1867 2182 2010 2234 Cum

354 2290 490 2328 vero
524 2272 661 2336 alia,
698 2289 885 2344 eaque
919 2289 1039 2327 non
1071 2289 1259 2344 pauca
1279 2270 1566 2326 miracula
1587 2273 2008 2342 perpetrasset,

357 2367 415 2418 et
444 2361 518 2417 ad
551 2362 907 2434 profundam
937 2366 1303 2416 senectutem
1359 2359 1745 2431 pervenisset,
1793 2357 1866 2412 ad
1898 2358 2012 2412 Do-

355 2453 584 2508 minum
617 2451 904 2524 migravit,
939 2458 1222 2506 aeternam
1245 2450 1316 2505 ab
1341 2465 1409 2505 eo
1434 2450 1612 2504 vitam
1635 2453 2008 2504 consecutus.

359 2544 432 2596 At
460 2541 827 2596 venerabiles
857 2541 986 2612 ejus
1014 2541 1282 2610 reliquiae
1314 2543 1376 2594 in
1427 2538 1530 2593 illa
1579 2536 1778 2592 insula
1822 2537 2009 2591 hono-

359 2631 523 2685 riﬁce
556 2631 832 2698 condita),
866 2631 1164 2695 omnibus,
1222 2629 1322 2700 qui
1377 2645 1511 2684 cum
1565 2626 1679 2682 fide
1731 2626 1805 2682 ad
1852 2625 2011 2698 ipsas

354 2719 664 2786 accedunt,
697 2721 1014 2776 sanitatem
1077 2735 1267 2790 usque
1326 2719 1387 2774 in
1441 2716 1804 2772 hodiernum
1853 2714 2012 2770 diem

357 2809 697 2866 conferunt.

911 2889 1151 2945 EODEM
1195 2887 1446 2942 MENSE.

831 2989 930 3045 Die
963 2988 1245 3044 vicesima
1276 2985 1540 3042 secunda

366 3107 824 3164 Commemoratz'o
853 3107 1028 3163 sancti
1073 3107 1376 3162 Artemonis
1432 3103 1677 3174 episcopi
1731 3100 2009 3159 Seleucia.

431 3270 644 3324 Beatus
675 3269 958 3324 Artemon
1011 3267 1339 3322 Seleuciam
1393 3264 1646 3338 patriam
1695 3261 1903 3318 habuit
1955 3265 2015 3317 et

355 3357 681 3421 civitatem,
711 3364 917 3430 utpote
949 3358 1048 3429 qui
1081 3355 1143 3411 in
1172 3373 1242 3412 ea
1272 3361 1448 3411 natus
1507 3360 1684 3424 atque
1733 3351 2019 3408 educatus

354 3448 555 3504 fuerit.
593 3447 737 3503 Cum
767 3454 967 3504 autem
1016 3446 1225 3502 beatus
1273 3445 1492 3501 Paulus
1544 3442 1688 3498 illuc
1737 3441 2018 3508 venisset,

357 3536 550 3592 factus
586 3543 676 3592 est
704 3537 832 3607 ejus
865 3537 1230 3608 discipulus:
1267 3532 1645 3606 postmodum
1705 3530 2018 3604 episcopus

361 3625 633 3695 ejusdem
667 3625 832 3680 urbis
866 3626 1171 3685 Seleuciae,
1205 3630 1264 3678 et
1321 3623 1522 3694 pOpuli
1573 3621 1796 3682 doctor,
1839 3625 2016 3689 atque

360 3713 624 3767 veritatis
657 3729 870 3782 praeco.
906 3714 1096 3776 Quare
1145 3711 1319 3766 editis
1366 3709 1640 3780 plurimis
1687 3708 2012 3771 miraculis,

360 3816 482 3853 non
514 3817 732 3870 paucos
765 3817 834 3854 ex
865 3800 1160 3854 idolorum
1194 3797 1526 3854 cultoribus
1562 3797 1634 3852 ab
1689 3813 1890 3851 errore
1940 3795 2015 3850 ad

357 3886 677 3940 Dominum
711 3902 1051 3952 conversos,
1084 3902 1191 3956 per
1221 3885 1508 3949 divinum,
1568 3889 1627 3938 et
1671 3881 2016 3953 augustissi-

357 3992 542 4043 mum,
562 3982 738 4047 atque
771 3974 1104 4031 salutarem
1136 3974 1499 4046 baptismum
1529 3972 1900 4028 Christianos
1928 3971 2014 4027 fe-

359 4063 458 4118 cit.
494 4066 635 4120 Post
663 4066 788 4120 hinc
820 4065 938 4137 pie.
990 4071 1168 4136 atque
1222 4069 1288 4118 ut
1334 4064 1452 4118 Deo
1503 4060 1794 4133 placebat,
1851 4077 2012 4115 com-

351 4154 602 4210 missum
635 4155 748 4210 sibi
780 4171 1020 4227 gregem
1053 4171 1282 4225 regens,
1317 4158 1374 4207 et
1427 4151 1753 4206 Ecclesiam
1799 4149 2015 4223 guber-

354 4261 527 4311 nans,
557 4245 835 4301 omnibus
867 4244 1177 4318 egentibus
1195 4243 1388 4299 factus
1411 4247 1502 4297 est
1526 4241 1735 4297 salutis
1753 4241 1848 4298 25
1875 4255 2010 4312 por-

352 4339 470 4398 tus,
504 4334 814 4392 viduarum
872 4334 1173 4399 defensor,
1234 4332 1637 4404 orphanorum
1691 4334 2009 4402 protector,

352 4425 767 4482 mendicorum
791 4429 1193 4497 etpauperum
1222 4423 1358 4478 dux.
1388 4422 1488 4477 His
1519 4421 1720 4492 itaque
1751 4435 1813 4476 se
1845 4435 2007 4476 exer-

351 4531 495 4568 cens
526 4515 828 4586 operibus,
861 4520 921 4570 et
960 4515 1074 4568 Deo
1127 4530 1234 4584 per
1281 4511 1483 4567 omnia
1527 4509 1886 4576 deserviens,
1932 4507 2007 4564 ad

346 4618 484 4656 eum
518 4603 686 4659 laetus
713 4605 774 4659 in
806 4603 1097 4674 profunda
1129 4606 1436 4658 senectute
1457 4600 1751 4673 migravit,
1783 4599 2001 4670 sempi-

349 4697 581 4748 ternam
614 4696 790 4749 vitam
821 4699 1198 4749 consecutus.

422 4781 492 4834 Et
521 4788 822 4836 certamen
845 4781 1202 4837 sacrosancti
1227 4780 1502 4852 martyris
1524 4779 1728 4837 Basilii
1759 4778 2004 4852 presby-

353 4869 464 4924 teri
495 4872 946 4942 Ancyranorum
979 4869 1278 4925 Ecclesia).

913 4987 1155 5044 EODEM
1195 4985 1448 5041 MENSE.

865 5103 968 5157 Die
998 5101 1282 5156 vicesima
1311 5099 1488 5156 tertia

353 5221 635 5276 Certamen
677 5217 1012 5272 sacrosanrti
1067 5215 1328 5283 martyris
1385 5214 1620 5274 Niconis,
1682 5223 1733 5268 et
1788 5219 2006 5268 centum

579 5291 887 5358 nonaginta
917 5303 1108 5342 novem
1136 5288 1407 5340 sociorum
1437 5289 1760 5354 martyrum.

423 5461 526 5516 Hic
555 5458 918 5531 temporibus
945 5455 1245 5522 Quintiani
1277 5453 1538 5526 praefecti
1572 5453 1700 5518 fuit,
1735 5456 2002 5526 Neapoli-

347 5557 488 5607 tana
518 5568 583 5606 ex
619 5551 857 5622 regione
889 5547 1199 5604 oriundus.
1233 5551 1420 5600 matre
1448 5543 1803 5609 Christiana,
1838 5553 2002 5617 patre

344 5660 480 5698 vero
509 5644 707 5698 Graeco
738 5647 933 5696 natus.
969 5648 1108 5693 cum
1142 5644 1342 5692 autem
1382 5634 1689 5704 militaret,
1741 5641 1800 5692 et
1843 5637 1999 5708 peri-

347 5733 621 5790 culosum
652 5739 955 5789 certamen
982 5728 1250 5796 instaret,
1299 5725 1552 5799 graviter
1579 5725 2000 5799 ingemiscens,

2039 3259 2086 3328 C

2112 601 2279 655 αὐτοῦ
2310 600 2499 674 ψυχήν
2536 597 2614 661 εἷς
2673 605 2866 674 χεῖρας
2924 601 3186 674 παρέθετο
3233 604 3331 656 τοῦ
3381 605 3536 670 Θεοῦ,
3592 599 3663 656 δι’
3703 604 3763 658 δν

2117 688 2282 762 μέχρι
2365 687 2600 741 θανάτου
2687 685 2989 760 προθύμως
3089 687 3520 763 ἀγωνισάμενος,
3603 690 3764 764 βασι-

2115 770 2262 827 λείαν
2295 768 2489 830 ἔλαϐεν
2538 772 2784 848 οὐρανῶν
2844 774 2936 828 σὺν
3000 774 3149 847 αὐτῷ
3208 773 3631 850 άγαλλιώμενος
3687 776 3766 838 είς

2113 860 2338 925 αἰῶνας.

2115 1035 2213 1089 Καὶ
2297 1036 2492 1108 μνήμη
2576 1039 2675 1091 τοῦ
2765 1034 2944 1112 ἁγίου-
3040 1034 3337 1112 Βηρῦλλου
3457 1035 3761 1094 ιπισκόπου

2801 1109 3018 1178 Κατάνῃ
3027 1128 3052 1170 ς
3062 1151 3076 1166 .

2188 1194 2542 1272 Βήρυλλοςὸ
2583 1194 2636 1252 ἐν
2694 1197 2877 1271 ἁγίοις
2943 1198 3125 1271 Πατὴρ
3181 1199 3344 1272 ἡμῶν
3405 1199 3650 1272 ὑπῆρχεν
3710 1199 3765 1270 ἑξ

2117 1283 2464 1359 ’Δντιοχείας
2507 1292 2609 1355 τῆς
2670 1286 2887 1361 Συρίας.
2939 1288 3184 1356 Γεγονὼς
3241 1285 3300 1342 δὶ
3359 1288 3611 1361 μαθητής
3665 1290 3766 1342 τοῦ

2118 1373 2276 1449 ἁγίου
2307 1377 2513 1450 Πέτρου
2562 1373 2896 1442 ἀποστόλου,
2954 1379 3083 1448 παρ’
3136 1377 3305 1432 αὐτοῦ
3362 1381 3759 1452 χὰιροτονεῖται

2119 1461 2416 1528 ἐπίσκοπος
2467 1465 2716 1536 Κατάνης
2769 1473 2870 1536 τῆς
2925 1465 2977 1522 ἐν
3042 1465 3286 1539 Σικελίᾳ.
3340 1468 3526 1529 Ὅστις
3581 1465 3768 1529 καλῶς

2118 1553 2386 1627 ποιμάνας
2417 1557 2479 1610 τὸ
2509 1555 2786 1628 ποίμνιον,
2836 1557 2926 1612 καὶ
2973 1556 3059 1612 ἐπὶ
3105 1556 3278 1630 νομάς
3328 1554 3603 1632 ὁδηγήσρς
3653 1579 3767 1611 σω-

2116 1642 2333 1716 τηρίας,
2388 1644 2475 1698 καὶ
2532 1642 2779 1706 πολλοὺς
2834 1648 2939 1698 τῶν
3001 1644 3240 1699 ἀπίστων
3297 1645 3435 1717 πρὸς
3490 1645 3592 1714 τὴν
3666 1647 3767 1699 τοῦ

2119 1729 2357 1803 Χριστοῦ
2387 1729 2560 1785 πίστιν
2619 1730 2856 1804 ἀγαγὼν,
2915 1732 3124 1801 ἠξιώθη
3179 1729 3268 1786 καὶ
3330 1731 3618 1802 θαυμάτων
3671 1751 3769 1803 με-

2118 1838 2335 1892 γιστων’
2386 1819 2437 1891 ἐξ
2483 1821 2558 1874 ὢν
2612 1819 2730 1883 ἐνὸς
2787 1821 3076 1896 ἀναγκαῖον
3135 1819 3554 1895 ἐπιμνησθῆναι.
3606 1823 3766 1896 [ιηγὴ

2043 1880 2186 1978 Βῆν
2219 1909 2354 1964 κατὰ
2409 1910 2502 1966 τὸν
2565 1908 2731 1965 τόπον
2787 1909 3016 1980 ἐκεῖνον,
3076 1912 3270 1985 πικρὸν
3327 1905 3532 1986 ἔχουσα
3589 1908 3766 1985 ὕδωρ,

2121 1997 2268 2054 ἀλλά
2322 2000 2755 2074 προσευξάμενος
2803 2005 2882 2072 τῷ
2939 2003 3078 2074 Θεῷ,
3129 1999 3204 2062 είς
3259 1997 3514 2077 γλυκεῖαν
3601 1999 3765 2073 μετὲ-

2121 2081 2257 2144 Gala
2287 2089 2576 2160 ποιότητα.
2620 2089 2720 2144 Καὶ
2779 2087 2910 2144 ἰδὼν
2965 2094 3127 2145 τοῦτο
3186 2086 3406 2161 Ἕλλην
3457 2110 3541 2152 τις
3595 2086 3767 2164 ἄκρος

2120 2175 2558 2254 εἰδωλολάτρης,
2595 2177 2872 2235 ἐπίστευσε
2901 2183 2980 2251 τῷ
3009 2179 3250 2253 Χριστῷ,
3281 2177 3372 2234 καὶ
3431 2177 3522 2233 σὺν
3575 2178 3769 2252 ἐκείνῳ

2117 2267 2292 2345 ἕτεροι
2317 2267 2548 2328 πολλοί,
2580 2269 2675 2324 Καὶ
2708 2265 2864 2343 ἕτερα
2895 2265 2954 2324 δὲ
2983 2266 3082 2323 οὐκ
3113 2266 3282 2343 ὀλίγα
3310 2267 3559 2340 θαύματα
3615 2266 3768 2322 ἰκτε-

2121 2361 2302 2430 Λέσας,
2333 2359 2412 2424 εἷς
2467 2359 2600 2436 βαθὺ
2651 2365 2829 2436 γῆρας
2877 2357 3076 2427 ἐλθὼν,
3135 2358 3274 2434 πρὸς
3322 2358 3523 2428 Κύριον
3578 2355 3770 2428 ἰξιόή-

2123 2471 2317 2524 μησεν,
2350 2444 2645 2504 ἀπολαϐὼν
2680 2449 2766 2502 ὑπ’
2825 2448 2993 2503 αὐτοῦ
3048 2449 3148 2516 τήν
3195 2445 3414 2501 αἰώνιον
3469 2448 3635 2517 ζωήν.
3688 2446 3768 2504 Τὸ

2121 2536 2180 2595 δὶ
2205 2539 2393 2613 τίμιον
2423 2537 2588 2593 αὐτοῦ
2617 2535 2875 2610 λείψανον
2905 2537 3162 2608 κατετὲοη
3204 2533 3260 2591 ἂν
3297 2539 3367 2610 τῇ
3417 2537 3569 2608 νήσῳ
3617 2533 3770 2591 ἐντί-

2124 2650 2263 2702 μως,
2298 2627 2499 2701 ἰάματα
2524 2626 2783 2702 παρέχων
2835 2630 2963 2682 πᾶσι
3019 2631 3138 2688 τοῖς
3187 2629 3395 2688 πιστῶς
3451 2643 3774 2701 προσερχο-

2124 2719 2308 2792 μὲνοις
2341 2717 2486 2790 αὐτῷ
2519 2718 2686 2794 μέχρι
2715 2723 2816 2788 τῆς
2857 2718 3123 2792 σήμερον.

2671 2878 2854 2936 MHNI
2897 2882 2981 2958 τᾳ
3019 2881 3209 2958 Ana.

2884 2978 2992 3036 KB’

2850 3093 2912 3149 Ἀ
2920 3090 3199 3168 ρτὲμωνος
3285 3087 3582 3148 ιπισκὸπου
3667 3095 3775 3146 Σε-

2120 3094 2330 3166 Μνήμη
2413 3096 2515 3148 τοῦ
2597 3092 2759 3168 ἁγίου

2808 3163 3075 3226 λευλείας.

2193 3264 2477 3338 Ἀρτέμων
2517 3264 2546 3318 ὁ
2610 3263 2877 3339 μακάριος
2931 3264 3033 3333 τὴν
3089 3260 3410 3318 Σελεύκειαν
3464 3257 3623 3337 ἔσχεν
3673 3261 3777 3318 καὶ

2124 3349 2357 3426 πατρίδα
2384 3351 2474 3408 καὶ
2505 3351 2693 3417 πόλιν,
2735 3352 2812 3415 ὡς
2862 3351 2917 3408 ἐν
2975 3351 3113 3426 αὐτῇ
3167 3351 3259 3407 καὶ
3316 3351 3616 3427 γεννηθεὶς,
3674 3353 3773 3408 καὶ

2121 3439 2460 3516 ἆνατραφείς.
2519 3443 2634 3498 Τοῦ
2689 3438 2748 3496 δὲ
2808 3441 3075 3517 μακαρίου
3141 3438 3364 3496 Παύλου
3442 3439 3510 3496 τὰ
3593 3438 3776 3498 ἐκεῖσε

2119 3525 2542 3600 καταλαϐόντος,
2599 3528 2810 3606 ἐγένετο
2896 3529 3104 3586 ἐκείνου
3164 3531 3438 3604 μαθητὴς,
3507 3531 3623 3585 εἶτα
3672 3531 3776 3585 καὶ

2119 3616 2414 3682 ἰπίσκοπος
2461 3626 2562 3689 τῆς
2613 3620 2782 3682 αὐτῆς
2837 3617 3054 3682 πόλεως
3116 3617 3457 3687 Σελευκείας,
3487 3615 3780 3697 ,διδάσκα-

2121 3708 2218 3770 λός
2246 3731 2304 3765 τε
2331 3714 2430 3765 τοῦ
2461 3709 2621 3778 λαοῦ,
2672 3709 2761 3765 καὶ
2803 3712 2972 3786 κήρυξ
3019 3716 3118 3780 τῆς
3176 3709 3461 3781 ἀληθείας.
3508 3710 3776 3781 Θαύματα

2119 3795 2177 3853 δὲ
2201 3797 2390 3854 πολλὰ
2426 3803 2685 3870 ποιήσας,
2746 3797 2844 3854 οὐκ
2900 3797 3126 3875 ὀλίγους
3185 3803 3292 3854 τῶν
3344 3796 3769 3872 εἰδωλολατρῶν

2116 3888 2224 3944 ἀπὸ
2252 3897 2352 3958 τῆς
2381 3887 2596 3960 πλάνης
2643 3887 2964 3966 ἐπιστρέψας
3022 3891 3159 3966 πρὸς
3215 3889 3307 3946 τὸν
3359 3890 3582 3965 Κύριον,
3631 3891 3771 3964 Χρι-

2117 3977 2366 4041 στιανοὺς
2399 3976 2488 4034 διὰ
2525 3983 2623 4034 τοῦ
2683 3979 2853 4046 θείου,
2911 3979 3002 4034 καὶ
3051 3976 3376 4050 πανσέπτου,
3433 3978 3526 4034 καὶ
3581 3999 3766 4050 σωτη-

2117 4064 2352 4142 ρεώδους
2435 4069 2812 4144 βαπτίσματος
2901 4067 3147 4140 ἑποίησε.
3235 4070 3338 4126 Καὶ
3409 4069 3544 4143 μετὰ
3595 4073 3770 4125 ταῦτα

2117 4151 2354 4220 εὐσεϐῶς
2411 4157 2499 4212 καὶ
2556 4159 2856 4234 θεαρὲστως
2917 4160 3016 4228 τήν
3103 4157 3532 4234 ἑγχειρισθεῖσαν
3615 4157 3771 4231 αὐτῷ

2113 4246 2361 4320 ποίμνην
2395 4244 2612 4316 tecm»,
2641 4247 2730 4302 καὶ
2763 4247 2860 4315 τήν
2893 4247 3224 4318 Ἐκκλησίαν
3269 4241 3660 4322 διακυϐερνῶν,
3692 4247 3768 4317 ἦν

2111 4341 2242 4392 πᾶσι
2299 4343 2417 4400 τοῖς
2475 4337 2664 4413 χρείαν
2721 4331 2912 4412 ἔχουσι
2971 4336 3142 4411 λιμήν
3210 4339 3503 4414 σωτήριος,
3563 4341 3768 4413 χηρῶν

2111 4428 2446 4500 προστάτης,
2491 4427 2737 4504 ὀρφανῶν
2804 4425 3185 4503 ἀντιλήπτιυρ,
3247 4433 3492 4504 πτωχῶν
3524 4427 3614 4483 καὶ
3664 4449 3772 4483 πει-

2112 4517 2291 4586 νήτων
2325 4515 2588 4592 χορηγός.
2623 4518 2710 4573 Ἑν
2740 4517 2957 4580 τούτοις
2990 4515 3050 4572 δὲ
3079 4514 3442 4586 πολιτευθείς,
3483 4515 3574 4572 καί
3622 4519 3766 4573 κατὰ

2033 4605 2283 4694 Βπάντα
2311 4605 2438 4661 Θεὸν
2472 4604 2820 4694 Θεραπεῦσας,
2880 4605 2934 4694 iv
2987 4607 3134 4680 γήρᾳ
3189 4607 3349 4682 βαθεῖ
3402 4606 3539 4684 πρὸς
3588 4605 3758 4662 αὐτὸν

2115 4691 2416 4768 ἐξεδήμησε
2447 4694 2658 4770 χαίρων
2688 4690 2984 4750 ἀπολαϐὼν
3016 4695 3163 4765 ζωὴν
3195 4691 3436 4755 αἰώνιον.

2185 4783 2283 4840 Καὶ
2341 4781 2570 4854 ἄθλησις
2628 4788 2726 4840 τοῦ
2782 4785 2939 4859 ἁγίου
3006 4785 3408 4861 ἱερομάρτυρος
3472 4781 3766 4844 Βασιλείου

2111 4866 2478 4948 πρεσϐυτέρου
2505 4880 2607 4944 τῆς
2637 4874 2978 4949 Ἀγκυρανῶν
3021 4872 3371 4946 Ἐκκλησίας.

2663 4983 2844 5041 MHNI
2881 4988 2970 5040 ΤΩ
3006 4983 3205 5042 ΑΥΤΩ.

2877 5102 2976 5158 Kl“

2113 5217 2382 5310 ’Ἃίὶλησις
2412 5219 2535 5310 γτοῦ
2607 5215 2766 5310 ἁγίου
2836 5217 3244 5310 ’ἱερομάρτυρος
3297 5216 3585 5310 ,Νίκωνοῃ
3611 5290 3627 5310 ἱ
3664 5216 3764 5310 καὶ

2184 5293 2292 5343 τῶν
2343 5359 2356 5379 ,
2401 5287 2493 5342 σὺν
2602 5287 2752 5360 αὖτῷ
2833 5287 3019 5346 ἐκατὸν
3051 5287 3062 5294 ’
3129 5287 3484 5363 ἐννενήκοντα
3608 5290 3768 5348 ἰννὲα

2187 5381 2260 5432 μα
2267 5379 2493 5434 ρτυρων.

2184 5458 2358 5520 Οὗτος
2420 5459 2665 5534 ὑπῆρχεν
2719 5459 2855 5514 κατὰ
2925 5459 3056 5523 τοὺς
3111 5457 3334 5532 καιροὺς
3408 5463 3772 5519 Κουϊντιανοῦ

2110 5547 2407 5623 ἡγεμόνος,
2441 5547 2499 5602 ἐκ
2543 5554 2644 5616 τῆς
2693 5548 2883 5622 χώρας
2939 5552 3048 5602 τῶν
3108 5549 3490 5619 Νεαπολιτῶν,
3549 5550 3772 5624 μητρὸς

2115 5637 2210 5709 μὶν
2267 5641 2618 5710 Χοειστιανῆς,
2677 5637 2880 5713 πατρὸς
2939 5633 2997 5691 δὲ
3050 5636 3350 5707 Ἕλληνος.
3403 5637 3769 5712 Στρατευῡεές

2111 5721 2190 5794 δὶ,
2248 5724 2336 5780 καὶ
2403 5723 2481 5787 εἷς
2541 5725 2776 5804 ανάγκην
2833 5723 3084 5798 πολέμου
3143 5725 3404 5802 εὑρεθεὶς,
3471 5725 3562 5783 καὶ
3619 5725 3768 5804 βαθὺ
