4104 6196
274 416 383 475 368

1755 414 2125 480 MARTIUS.

3557 416 3679 477 306

272 547 527 621 στενάξας,
576 550 666 604 καί
723 549 916 604 εἰπών·
979 548 1139 623 Κοᾶριε
1196 553 1376 619 Ἰησοῦ
1433 550 1652 625 Χριστὶ,
1702 549 1730 604 ὀ
1779 549 1910 611 Θεὸς

2038 551 2158 606 ait:
2192 551 2443 606 Domine
2468 552 2603 605 Jesu
2634 548 2884 613 Christe,
2919 548 3071 603 Deus
3101 550 3309 607 matris
3366 566 3533 609 meas.
3577 550 3686 608 ad-

268 646 365 706 τῆς
396 640 598 710 μητ;ός
632 661 763 712 μου,
801 641 993 714 βοήθει
1041 662 1158 713 μοι,
1208 639 1619 715 ἠιοδραγαθησεν
1652 640 1916 716 ἰσχυρῶς.

267 730 395 784 Εῗτα
454 730 808 803 ὑποστρέψας.
871 731 956 784 καὶ
1019 731 1410 803 συνταξάμενος
1454 732 1522 801 τῇ
1571 730 1765 801 μητρὶ,
1816 750 1921 782 κα-

262 812 484 872 τέλαϐεν
520 818 625 872 ὑπὸ
667 818 908 892 ἀγγέλου
940 818 1249 895 ἐπιφανείας
1294 820 1355 872 τὸ
1409 814 1539 893 ὄρος
1594 821 1691 872 τοῦ
1728 817 1921 871 Γάνου·

260 907 345 959 καὶ
401 905 575 980 εὑρὼν
634 905 929 962 ἐπίσκοπον
958 906 1010 962 ἐν
1051 912 1130 979 τῷ
1160 905 1443 980 σπηλαίῳ,
1502 902 1797 976 ἐϐαπτισθη
1833 906 1920 960 ὑπ’

258 994 446 1055 αὐτοῦ,
479 997 567 1050 καὶ
628 992 838 1067 ἔμεινεν
890 996 1001 1051 ἐκεῖ
1051 993 1178 1051 δέκα
1228 994 1348 1065 ἔτη,
1396 994 1485 1050 καὶ
1523 998 1919 1070 χειροτονεῖται

255 1083 345 1137 ὑπ’
404 1084 576 1137 αὐτοῦ
630 1083 949 1147 ἐπίσκοπος.
1042 1086 1170 1141 Εἶτα
1252 1081 1566 1159 παρέδωκεν
1625 1082 1773 1155 αὐτῷ
1828 1082 1916 1137 καὶ

252 1172 541 1247 μοναχοὺς
617 1173 710 1228 τὸν
790 1175 1023 1247 ἀριθμὸν
1102 1173 1292 1229 ἑκατὸν
1352 1170 1673 1243 ἐνενήκοντα
1746 1169 1917 1226 ἐννέα’

248 1262 344 1316 καὶ
376 1258 557 1323 οὕτως
613 1261 932 1333 ἐτελειώθη.
987 1262 1163 1326 Αὐτὸς
1220 1260 1277 1318 δὲ
1328 1261 1489 1339 γνοὺς
1519 1259 1587 1316 δι’
1636 1259 1917 1315 ἀποκαλύο

244 1353 419 1423 ψεως,
474 1350 559 1404 ὅτι
622 1350 815 1423 μέλλει
878 1352 982 1406 ὑπὸ
1037 1355 1146 1405 τῶν
1218 1349 1385 1405 ἐθνῶν
1442 1352 1801 1428 ἀφανισθῆναι
1855 1349 1917 1405 τὸ

242 1436 400 1514 ὄρη,
436 1436 771 1514 παραλαϐὼν
824 1440 949 1501 τοὺς
999 1440 1303 1514 μοναγοὺς,
1355 1440 1597 1509 ἀπῆλθεν
1640 1438 1716 1501 εἷς
1751 1442 1917 1496 Μυτι-

242 1528 460 1599 λήνην,
520 1529 634 1583 εἶτα
689 1537 766 1591 εἰς
826 1529 1081 1585 Ἰταλίαν.
1144 1531 1306 1587 Ἐνθα
1358 1529 1445 1583 καὶ
1506 1528 1737 1602 εὑροῦσα
1793 1529 1919 1583 ἑαυ-

241 1619 346 1672 τὸν
405 1620 443 1687 ἡ
508 1619 692 1691 μήτηρ
752 1618 941 1688 αὐτοῦ,
1016 1617 1109 1672 καὶ
1177 1617 1529 1689 ἀσπασαμένη
1610 1615 1916 1692 παραυτίκα

238 1704 627 1777 ἐτελεύτησεν.
678 1706 962 1763 Ἀπελθὼν
1026 1704 1083 1761 δὲ
1132 1706 1207 1768 εἰς
1257 1706 1320 1761 τὸ
1359 1705 1728 1781 Ταυρομενίου
1759 1702 1913 1781 ὅρος,

233 1796 483 1868 κατῴκει
521 1797 656 1869 μετά
693 1800 801 1850 τῶν
865 1798 1124 1869 μαθητῶν
1181 1795 1368 1853 αὐτοῦ.
1424 1797 1529 1852 Καὶ
1587 1793 1917 1857 ἀποστείλας

235 1886 270 1939 ὁ
308 1884 525 1960 ἄρχων,
558 1885 649 1941 καὶ
678 1887 953 1962 κρατήσας
984 1884 1203 1957 αὐτοὺς,
1233 1884 1644 1962 ἀπεκεφάλισεν.

324 2064 428 2119 Καὶ
461 2063 696 2136 ἄθλησις
726 2069 824 2120 τοῦ
855 2064 1017 2141 ἁγίου
1054 2066 1326 2141 μάρτυρος
1356 2061 1648 2134 Δομετίου.

326 2242 593 2314 Δομέτιος
656 2243 684 2296 ὁ
746 2246 846 2297 τοῦ
899 2245 1138 2315 Χριστοῦ
1195 2240 1404 2316 μάρτυρ
1460 2241 1527 2310 ἦν
1583 2242 1676 2315 μὲν
1709 2239 1917 2296 ἐπὶτο-

249 2332 513 2404 ραννίὸος
570 2330 875 2386 Ἰουλιανοῦ
928 2334 1022 2397 τοῦ
1080 2326 1423 2405 Παραὸἅτου,
1484 2328 1544 2384 ἐκ
1596 2333 1695 2395 τῆς
1730 2330 1915 2405 χώρας

251 2419 521 2493 Φρυγίας.
581 2420 754 2496 Ὁρῶν
815 2417 873 2474 δὲ
926 2418 1054 2481 τους
1111 2417 1503 2492 προκειμένους
1552 2422 1631 2490 τῷ
1671 2420 1917 2494 τυράννῳ

250 2508 508 2570 πολλοὺς
540 2504 716 2577 ὄντας,
748 2509 839 2563 καὶ
886 2510 1003 2563 καθ’
1034 2508 1261 2577 ἑκάστην
1313 2509 1793 2583 προστιθεμένους,
1825 2507 1916 2563 καὶ

252 2598 632 2671 ἀρνουμένους
690 2598 785 2670 μὲν
861 2598 954 2652 τὸν
1036 2598 1294 2673 Χριστὸν,
1363 2600 1797 2671 προσκυνοῦντας
1860 2594 1917 2651 δὲ

245 2692 372 2748 τοῖς
436 2683 714 2754 εἰδώλοις,
775 2683 1083 2764 ἐδυσφόρει,
1142 2686 1232 2741 καὶ
1284 2686 1602 2759 ἠγανάκτει,
1643 2686 1734 2740 καὶ
1766 2684 1914 2760 Λύπῃ

246 2774 447 2851 πολλῇ
478 2798 777 2852 συνειχετο.
838 2778 926 2833 Ἐν
994 2781 1093 2850 μιᾷ
1150 2774 1239 2831 οὖν
1301 2782 1406 2831 τῶν
1461 2779 1708 2852 ἡμερῶν,
1746 2778 1914 2831 ἱππο-

252 2866 494 2941 δρομίας
556 2867 1008 2941 ἐπιτελουμένης,
1060 2866 1150 2922 καὶ
1222 2868 1405 2931 θυσίας
1465 2874 1915 2945 προσφερομένης

246 2965 371 3021 τοῖς
437 2961 762 3034 ἀκαθάρτοις
823 2957 1068 3033 δαίμοσι,
1127 2958 1234 3033 οὐχ
1294 2958 1594 3031 ὖπέμεινεν”
1643 2957 1789 3013 ἀλλά
1821 2964 1915 3029 ζη-

255 3048 450 3111 λώσας
512 3047 666 3121 ζήλῳ
723 3051 906 3120 θεϊκῷ,
969 3046 1096 3118 ἔστη
1159 3048 1319 3120 μέσον
1377 3052 1474 3103 τοῦ
1533 3050 1779 3121 θεάτρου,
1826 3050 1916 3102 καὶ

253 3138 473 3213 μεγάλῃ
509 3141 660 3216 φωνῇ
702 3137 793 3193 τόν
844 3159 902 3192 τε
958 3136 1261 3203 ἀποστάτην
1322 3136 1617 3193 Ἰουλιανὸν
1650 3138 1915 3210 ἀνεθεμά-

249 3248 396 3293 τισε,
456 3226 553 3281 καὶ
605 3225 733 3288 τοὺς
791 3224 1331 3299 εἷδωλολατροῦντας
1373 3223 1643 3298 διέπτυσε,
1672 3225 1919 3290 καὶτοὺς

2024 640 2166 711 juva
2195 656 2289 694 me
2314 656 2327 694 :
2357 630 2533 709 atque
2563 639 2647 693 ita
2668 639 2788 692 viro
2813 638 2946 692 forti
2980 637 3159 710 digna
3191 639 3452 695 facinora
3473 640 3680 696 edidit.

2032 729 2241 783 Postea
2264 744 2553 785 reversus.
2575 743 2707 782 cum
2732 726 2804 782 de
2832 729 3132 798 proposito
3154 744 3262 782 suo
3284 735 3536 783 matrem
3561 745 3687 784 cer-

2032 816 2241 871 tiorem
2274 816 2535 882 fecisset,
2567 813 2639 870 ab
2670 815 2878 887 angelo
2912 816 3020 869 sibi
3051 822 3375 887 apparente
3412 815 3684 885 edoctus,

2029 905 2104 961 ad
2132 905 2277 961 Gani
2326 910 2591 960 montem
2644 904 2941 974 profectus
2997 910 3106 959 est.
3152 904 3236 959 lbi
3287 905 3347 959 in
3398 906 3685 977 spelunca

2030 994 2372 1065 episcopum
2397 993 2707 1060 nactus,ab
2732 1009 2919 1064 eoque
2944 993 3286 1065 baptizatus,
3320 994 3681 1050 decennium

2027 1085 2250 1139 mansit
2301 1100 2370 1143 ac
2400 1082 2640 1139 demum
2668 1083 2980 1153 episcopus
3011 1082 3083 1138 ab
3117 1082 3325 1139 eodem
3370 1083 3681 1139 ordinatus

2025 1171 2156 1228 fuit.
2182 1172 2449 1227 Posthmc
2476 1171 2787 1227 monachis
2810 1188 3059 1227 numero
3082 1178 3320 1228 centum
3351 1174 3677 1244 nonaginta

2026 1278 2235 1319 novem
2268 1262 2583 1333 praefectus
2612 1260 2686 1317 ab
2718 1262 2928 1317 eodem
2960 1261 3087 1317 fuit.
3124 1262 3217 1317 Sic
3247 1269 3444 1318 autem
3494 1263 3676 1337 finem

2026 1351 2257 1407 vivendi
2282 1352 2441 1407 fecit.
2473 1352 2619 1406 Cum
2652 1350 2809 1406 enim
2841 1351 3041 1406 divina
3068 1350 3428 1406 revelatione
3459 1368 3679 1423 cogno-

2026 1441 2228 1509 visset,
2260 1441 2640 1505 agentilibus
2659 1446 2921 1495 montem
2946 1456 3074 1495 esse
3105 1440 3479 1508 vastandum,
3510 1456 3681 1497 acce-

2026 1530 2143 1602 ptis
2169 1530 2830 1601 monachis,Mitylenen
2852 1528 3294 1595 discessit,inde
3317 1530 3377 1585 in
3408 1529 3640 1586 Italiam
3665 1544 3680 1585 :

2025 1618 2126 1674 ubi
2156 1634 2293 1674 cum
2314 1624 2569 1674 matrem
2601 1619 2924 1685 invisisset,
2948 1625 3127 1690 atque
3153 1618 3478 1675 demortua:
3499 1618 3681 1674 funus

2026 1712 2313 1771 curasset,
2344 1706 2405 1761 in
2436 1707 2812 1762 Tauromenii
2843 1712 3109 1765 montem
3160 1706 3415 1776 transiit,
3473 1706 3676 1779 ibique

2025 1810 2163 1850 cum
2192 1794 2504 1866 discipulis
2534 1795 2658 1850 suis
2688 1795 2991 1851 habitavit.
3025 1796 3262 1851 Mittens
3292 1800 3494 1852 autem
3525 1812 3677 1869 prm-

2026 1899 2141 1952 ses,
2176 1900 2398 1955 eosque
2428 1883 2963 1955 comprehendens,
2995 1883 3327 1941 decollavit.

2210 2079 2318 2137 ’θ
2344 2080 2409 2137 Et
2436 2084 2713 2136 certamen
2739 2082 2918 2136 sancti
2943 2082 3201 2149 martyris
3227 2081 3483 2139 Dometii.

2098 2249 2402 2304 Dometius
2424 2249 2649 2305 Christi
2680 2255 2924 2321 martyr,
2958 2249 3336 2321 tyrannidem
3360 2254 3674 2315 exercente

2023 2337 2257 2393 Iuliano
2288 2344 2591 2409 Apostata,
2622 2339 2736 2395 fuit
2764 2354 2832 2395 ex
2878 2340 3136 2411 Phrygia
3183 2338 3472 2396 oriundus
3506 2355 3519 2393 :
3574 2339 3676 2410 qui

2024 2444 2160 2483 cum
2190 2428 2411 2483 viderel
2436 2428 2658 2484 multos
2680 2445 2811 2485 esse
2856 2429 2957 2501 qui
2985 2434 3236 2501 tyranno
3283 2428 3677 2497 adhaarerent,

2024 2523 2083 2573 et
2110 2518 2373 2589 quotidie
2404 2519 2635 2573 Christo
2665 2519 3101 2582 renuntiantes,
3132 2518 3292 2573 idola
3339 2516 3679 2575 adorarent.

2023 2608 2407 2663 vehementer
2435 2608 2712 2673 indoluit,
2746 2613 2806 2663 et
2834 2608 3107 2665 anxiatus
3139 2614 3228 2664 est
3264 2608 3489 2675 animo,
3542 2623 3679 2680 gra-

2023 2698 2195 2768 vique
2227 2714 2476 2753 mmrore
2508 2699 2911 2753 contristatus.
2942 2699 3123 2769 Igitur
3147 2697 3403 2768 quadam
3427 2696 3519 2753 die
3543 2714 3678 2753 cum

2025 2792 2332 2857 equestres
2362 2786 2487 2840 ludi
2529 2793 2865 2859 agerentur,
2900 2792 2957 2841 et
3004 2787 3254 2858 impuris
3302 2786 3677 2841 daemonibus

2024 2876 2382 2929 offerrentur
2394 2874 2837 2938 sacrificia,non
2859 2876 3051 2946 potuit
3067 2876 3328 2946 seipsum
3345 2876 3676 2943 continere,

2025 2963 2169 3033 quin
2191 2963 2389 3018 divino
2410 2963 2531 3019 zelo
2560 2963 2984 3019 inﬂammatus.
3011 2964 3070 3018 in
3095 2963 3357 3019 medium
3380 2964 3679 3019 theatrum

2025 3053 2313 3125 prodiret,
2347 3060 2404 3108 et
2434 3070 2647 3125 magna
2670 3071 2810 3109 voce
2838 3054 3138 3109 lulianum
3170 3054 3411 3123 quidem
3442 3059 3682 3124 aposta-

2008 3148 2145 3198 ‘tam
2177 3142 2321 3197 diris
2353 3141 2684 3209 devoveret,
2744 3143 3039 3198 idolorum
3082 3158 3217 3197 vero
3270 3142 3529 3196 cultores
3579 3141 3681 3196 de-

2027 3248 2271 3304 spuens,
2301 3231 2449 3286 falso
2483 3232 2671 3286 dictos
2702 3230 2845 3286 deos
2876 3230 3290 3285 subsannaret.
3314 3230 3684 3301 Quapropter

256 3314 657 3391 ψευδωνύμους
710 3314 864 3378 θεοὺς
918 3313 1250 3390 ἐχληύασεν.
1313 3314 1609 3389 Κρατηθεὶς
1667 3315 1778 3383 οὖν,
1826 3316 1916 3370 καὶ

2034 3320 2516 3392 comprehensus,
2544 3319 2827 3390 durisque
2845 3319 3097 3374 vinculis
3128 3318 3508 3381 constrictus,
3535 3333 3683 3389 prai-

252 3405 433 3470 δεθεὶς
490 3402 771 3483 ἀσφαλῶς,
825 3403 1098 3479 παρεδόθη
1156 3410 1234 3475 τῷ
1291 3406 1543 3480 ἄρχοντι,
1582 3403 1671 3459 καὶ
1703 3403 1916 3466 πολλάς

261 3496 538 3572 βασάνους
608 3493 867 3565 ὑποστάς,
944 3492 1273 3563 ἀπεκλείσθη
1342 3492 1418 3554 εἰς
1478 3491 1751 3571 φυλακήν.
1816 3493 1917 3549 Καὶ

256 3585 399 3658 μετᾶ
434 3582 627 3656 ὀλίγας
658 3582 866 3657 ⁹ἡμέρας
914 3588 1013 3651 τῆς
1070 3580 1321 3659 φυλακῆς
1352 3577 1666 3651 ἐκϐληθείς,
1697 3582 1787 3636 καὶ
1818 3603 1914 3637 κα-

250 3672 640 3747 ταναγκασθεὲς
700 3671 1032 3745 ἀρνήσασθαι
1086 3672 1177 3726 τὸν
1226 3671 1481 3745 Χριστὸν,
1540 3672 1630 3725 καὶ
1683 3671 1757 3745 μὴ
1789 3692 1910 3726 πει-

256 3766 429 3831 σθεὶς,
460 3762 597 3839 ξίςρει
624 3762 723 3830 τήν
755 3760 901 3836 ἱεράν
927 3759 1089 3815 αὐτοῦ
1119 3759 1363 3840 κεφαλὴν
1396 3761 1700 3832 ἀπετυήθη.

728 3869 733 3874 ’
796 3899 967 3950 nam
1026 3897 1119 3973 Τῼ
1174 3895 1380 3972 arm.

1043 4018 1146 4069 ΚΔ¹

264 4136 538 4205 ’Δθλησις
564 4137 673 4189 τῶν
704 4131 870 4211 ἁγίων
905 4132 1195 4221 τριάκοντα
1224 4129 1382 4186 πέντε
1415 4132 1703 4205 μαρτύρων
1728 4135 1837 4187 τῶν
1865 4131 1916 4187 ἐν

944 4210 1251 4279 Καισαρείᾳ.

338 4357 434 4410 Καὶ
498 4357 648 4411 οὗτοι
706 4356 759 4409 οἳ
810 4355 955 4432 ἅγιοι
1010 4355 1303 4429 τριάκοντα
1345 4352 1503 4408 πέντε
1531 4354 1797 4430 μάρτυρες
1825 4360 1921 4411 τοῦ

268 4450 508 4519 Χριστοῦ
544 4443 598 4499 ἐν
656 4444 947 4519 Καισαρείᾳ
1001 4444 1098 4510 τῆς
1161 4439 1528 4510 Παλαιστίνης
1560 4442 1920 4519 ὑπάρχοντες,

248 4532 454 4604 ’ἐπειδὴ
517 4531 695 4608 δόγια
769 4532 1125 4609 κατεπέμφθη
1208 4532 1355 4602 παρὰ
1410 4535 1507 4585 τοῦ
1564 4530 1794 4597 ἀσεϐοῦς
1831 4536 1920 4589 καὶ

263 4626 589 4698 παρανόμου
620 4622 944 4691 ἰουλιανοῦ,
1001 4619 1322 4684 κελεῦοντος
1374 4622 1465 4674 τὸν
1530 4621 1624 4693 μὶν
1680 4624 1921 4696 Χριστὸν

266 4714 594 4783 ἀθετεῖσθαι,
654 4711 782 4775 τοὺς
842 4710 900 4767 δέ
957 4708 1248 4781 Ἐλλήνων
1304 4709 1459 4773 θεοὺς
1488 4714 1923 4785 προσκυνεῖσθαι,

268 4805 332 4858 οὗ
380 4824 546 4876 μονον
604 4804 707 4858 οὐκ
763 4801 1087 4869 ἐπείσθησαν
1154 4804 1318 4855 τοῦτο
1377 4802 1626 4867 ποιῆσαι,
1661 4801 1806 4857 ἀλλά
1835 4802 1924 4857 καὶ

269 4892 781 4969 παρῥησιασάμένοι
822 4888 1033 4965 μεγάλῃ
1085 4892 1239 4966 φωνῇ
1287 4888 1383 4942 ἀνά
1429 4892 1603 4943 πᾶσαν
1632 4890 1729 4957 τήν
1762 4890 1925 4946 πόλιν

269 4982 576 5056 περιιόντες
637 4981 843 5056 ελεγον·
903 4979 1133 5054 Χριστὸς
1191 4981 1283 5051 μὲν
1330 4977 1493 5051 μόνος
1527 4978 1600 5041 ὡς
1633 4981 1759 5041 Θεὸς
1791 4981 1929 5052 ἀλη.

273 5075 420 5137 θινὸς
480 5072 732 5145 τιμάσθω
790 5092 847 5126 τε
898 5070 985 5125 καὶ
1049 5064 1303 5124 σεϐέσθω*
1362 5068 1472 5122 θεοὶ
1528 5066 1586 5123 δὲ
1635 5071 1685 5124 οἱ
1714 5074 1804 5127 τὸν
1835 5074 1933 5129 οὐ-

270 5166 436 5239 ρανὸν
468 5164 561 5217 καὶ
590 5165 689 5232 τήν
744 5169 847 5237 γῆν
904 5160 1008 5215 οὐκ
1052 5159 1335 5230 ἐποίησαν,
1380 5159 1768 5218 ἀπολέσθωσαν
1802 5168 1935 5238 μετά

268 5258 377 5308 τῶν
442 5247 754 5324 σεϐομένων
812 5250 1027 5311 αὐτούς.
1089 5248 1459 5326 Κρατηθέντες
1521 5248 1612 5304 οὖν
1673 5251 1775 5306 ὑπὸ
1827 5259 1933 5309 τῶν

269 5332 723 5405 είδωλολατρῶν,
783 5329 1163 5406 παρεδόθησαν
1220 5327 1463 5406 φυλακῇ.
1542 5332 1633 5385 καὶ
1685 5352 1939 5407 καταμη-

265 5425 517 5485 νυθέντες
543 5425 627 5493 τῷ
666 5420 941 5494 ἀποστάτῃ
992 5421 1089 5472 τοῦ
1145 5421 1385 5491 Χριστοῦ
1417 5416 1727 5491 Ἰουλιανῷ,
1761 5442 1939 5495 παρα-

268 5510 427 5582 νσέμῳ
516 5509 802 5581 προστάξει
883 5507 1089 5562 ἐκείνου
1149 5506 1244 5567 τάς
1329 5505 1573 5580 κεφαλάς
1638 5510 1940 5583 προθῦμως

269 5598 692 5671 ἀπετμήθησαν,
759 5594 1156 5671 ἀναδραμόντες
1246 5596 1385 5671 πρὸς
1444 5596 1696 5668 Χριστὸν,
1760 5597 1817 5652 ὅν
1885 5599 1944 5656 ἐκ

276 5689 510 5767 βρένρους
570 5688 1001 5758 ἐπιποθήσαντες
1057 5685 1160 5739 οὐκ
1213 5686 1549 5758 ἠρνήσαντο,
1602 5686 1693 5741 καὶ
1742 5683 1941 5747 ἕλαόον

266 5780 424 5854 γέρας
457 5776 767 5843 ἀθανασίας.

2025 3409 2137 3465 sidi
2186 3409 2482 3464 traditur:
2543 3409 2865 3479 multisque
2918 3407 3232 3463 tormentis
3282 3407 3570 3472 toleratis,
3617 3406 3681 3462 in

2024 3514 2324 3553 carcerem
2348 3495 2705 3551 detruditur.
2732 3496 2895 3553 Unde
2919 3497 3124 3568 paucis
3146 3502 3279 3568 post
3308 3495 3519 3551 diebus
3541 3494 3684 3550 edu-

2026 3592 2175 3647 ctus.
2211 3586 2686 3657 sollicitatusque
2719 3585 3018 3641 Christum
3072 3588 3386 3659 abnegare,
3438 3600 3572 3641 cum
3623 3582 3684 3639 id

2024 3676 2217 3731 facere
2256 3674 2663 3743 detrectasset,
2698 3691 2932 3731 sacrum
2965 3675 3017 3731 ei
3049 3680 3226 3748 caput
3253 3673 3449 3748 gladio
3471 3688 3683 3746 ampu-

2024 3771 2216 3823 tatum
2247 3771 2353 3823 est.

2570 3902 2822 3957 EODEM
2860 3901 3109 3958 MENSE.

2490 4018 2608 4074 Die
2639 4019 2923 4075 vicesima
2954 4022 3183 4090 quarta.

2030 4162 2322 4218 Certamen
2378 4165 2696 4216 sanctorum
2711 4159 2986 4285 Ctriginta
3065 4159 3309 4230 quinque
3364 4163 3679 4227 martyrum

2750 4245 2997 4285 aesarex.

2750 4245 2978 4287 δεδανεάε
2987 4272 2997 4285 ι

2102 4366 2170 4420 Hi
2227 4379 2464 4435 quoque
2524 4362 2710 4417 sancti
2771 4360 3016 4434 triginta
3070 4360 3337 4431 quinque
3394 4363 3687 4430 martyres

2031 4454 2245 4509 Christi
2269 4454 2549 4509 Cassareaa
2578 4452 2639 4506 in
2663 4451 2979 4507 Palmstina
2994 4451 3374 4507 claruerunt:
3400 4449 3499 4520 qui
3525 4453 3689 4520 post-

2032 4561 2214 4616 quam
2247 4543 2576 4607 decretum,
2610 4558 2725 4611 quo
2758 4557 2965 4595 omnes
2998 4538 3363 4609 jubebantur
3390 4538 3689 4593 Christum

2033 4634 2347 4705 abnegare.
2385 4638 2442 4685 et
2470 4630 2610 4685 deos
2641 4630 2953 4703 gentilium
2985 4630 3253 4693 adorare.
3287 4628 3359 4685 ab
3418 4626 3600 4698 impio
3628 4630 3692 4682 et

1959 4695 2003 4759 D
2037 4723 2326 4779 scelerato
2352 4720 2584 4774 Juliano
2609 4719 3046 4791 promulgatum
3078 4725 3186 4784 est,
3213 4734 3330 4773 non
3355 4718 3546 4772 solum
3566 4731 3690 4771 non

2037 4816 2360 4885 potuerunt
2388 4808 2600 4865 adduci
2632 4815 2696 4863 ut
2726 4809 2783 4863 id
2816 4809 3097 4869 facerent.
3151 4806 3255 4863 sed
3302 4806 3480 4861 etiam
3528 4806 3691 4877 inge-

2040 4918 2159 4956 nua
2190 4900 2464 4954 libertate
2498 4904 2824 4969 assumpta,
2857 4916 2963 4969 per
2991 4897 3327 4953 universam
3349 4895 3559 4951 urbem
3584 4893 3695 4948 cir-

2041 4995 2413 5049 cumeuntes,
2447 5004 2663 5060 magna
2694 5004 2831 5043 voce
2866 4987 3180 5043 dicebant:
3214 4985 3481 5040 Christus
3514 4989 3580 5038 ut
3609 4997 3697 5036 ve-

2044 5096 2147 5135 rus
2181 5079 2351 5145 Deus,
2386 5077 2547 5132 solus
2580 5077 2904 5132 honoretur
2936 5084 2992 5132 et
3032 5076 3353 5131 adoretur:
3406 5073 3487 5129 dii
3536 5088 3696 5138 vero,

2044 5170 2147 5242 qui
2179 5168 2393 5224 cmlum
2427 5173 2485 5223 et
2527 5174 2742 5223 terram
2776 5184 2898 5222 non
2928 5167 3218 5234 fecerunt,
3272 5168 3520 5236 pereant
3562 5177 3699 5217 cum

2048 5258 2328 5313 omnibus
2362 5257 2462 5328 qui
2490 5256 2626 5312 illos
2657 5263 3031 5311 venerantur.
3064 5252 3488 5327 Comprehensi
3522 5250 3702 5324 igitur

2048 5348 2121 5404 ab
2155 5346 2508 5408 idololatris.
2545 5352 2603 5401 et
2634 5346 2855 5401 carceri
2899 5345 3134 5408 inclusi,
3188 5360 3255 5398 ac
3314 5341 3494 5398 delati
3545 5337 3702 5411 apud

2052 5443 2381 5511 apostatam
2412 5437 2747 5509 Christique
2780 5437 3198 5507 abnegatorem
3232 5436 3483 5507 impium
3514 5433 3703 5488 Julia-

2052 5544 2216 5582 num.
2253 5526 2433 5597 hujus
2466 5526 2743 5581 mandato
2775 5526 3067 5598 capitibus
3093 5525 3374 5580 abscissis
3431 5520 3707 5577 alacriter

2053 5615 2126 5670 ad
2160 5615 2457 5669 Christum
2488 5615 2818 5678 avolarunt,
2851 5631 3026 5685 quem
3059 5613 3130 5668 ab
3162 5613 3411 5668 infantia
3469 5607 3706 5664 deride-

2053 5707 2277 5773 rarant,
2312 5719 2380 5758 ac
2410 5718 2723 5776 nunquam
2756 5707 3151 5776 negaverant:
3203 5708 3378 5773 atque
3424 5698 3508 5752 ita
3559 5708 3709 5767 pra!-

2058 5792 2242 5847 mium
2278 5790 2742 5847 immortalitatis
2773 5795 2913 5846 sunt
2942 5789 3265 5845 consecuti.
