4104 6196
1004 580 1246 640 EODEM
1285 573 1537 631 MENSE.

943 684 1048 741 Die
1082 679 1363 736 vicesima
1394 673 1605 745 quinta

682 791 777 847 27
813 783 1178 844 Annuntiatio
1207 776 1564 836 sanctissima:
1595 770 1868 838 Deiparae.

525 913 846 970 Hominum
879 909 1110 962 amator
1156 917 1224 954 ac
1276 893 1618 952 misericors
1665 889 1819 942 Deus
1876 885 2101 947 noster,

1784 426 2180 495 MENOLOG!
2197 429 2214 488 ι
2261 426 2456 486 PARS
2507 422 2615 486 Ill.

2122 572 2173 633 Α

3742 413 3863 476 368

2755 551 2939 609 nam
2977 553 3066 628 τᾳ
3106 548 3295 626 Am}.

2981 649 3090 706 KE'

2385 761 2449 819 '0
2477 757 2869 836 εύαγγελισμὸς
2915 763 3017 826 τῆς
3066 753 3355 832 ὑπεραγίας
3394 751 3689 810 Θεοτόκου.

2279 879 2341 936 Ὀ
2372 877 2761 956 φιλάνθρωπος
2817 874 2906 931 καὶ
2965 875 3220 947 ἐλεήμων
3279 872 3410 934 Θεὸς
3449 874 3636 944 ἡμῶν,
3670 869 3698 924 ὁ
3730 867 3879 924 πάν-

459 1006 559 1077 qui
584 1016 820 1072 semper
842 994 1158 1052 sollicitam
1181 984 1429 1043 humani
1451 978 1688 1054 generis
1709 990 1912 1031 curam
1932 971 2103 1042 gerit,

2245 988 2333 1077 οτε
2389 967 2690 1044 φροντίζων
2745 969 2844 1021 τοῦ
2894 964 3080 1041 γὲνους
3133 968 3242 1018 τῶν
3291 961 3616 1037 ἀνθρώπων,
3647 961 3872 1034 θεωρῶν

2343 1061 2369 1073 ς-
2471 1076 2476 1077 ,
2575 1060 2632 1077 ,ο
2737 1053 2891 1077 ,,9_,_~
2959 1052 3017 1077 _\
3038 1052 3394 1077 ____-_I,---_.-_..
3449 1050 3542 1077 ,λη
3580 1047 3872 1077 ΣΞ-.Α------.

460 1047 559 1077 ‘1‘“
585 1047 808 1072 *δν-’Τν-
843 1047 1006 1052 --νυ-
1454 1047 1484 1054 -,

454 1111 588 1152 cum
622 1087 1128 1159 contemplaretur
1159 1077 1484 1136 hominem,
1517 1083 1804 1126 manuum
1865 1076 2107 1118 suarum

2247 1058 2411 1112 ὁτῶν
2469 1060 2673 1131 χειρῶν
2729 1053 2896 1110 αὐτοῦ
2952 1052 3396 1126 πλαστούργημα
3448 1050 3542 1105 τὸν
3578 1047 3874 1123 ἄνθρωπον

2454 1152 2551 1159 -.
2793 1151 2878 1159 ..
3018 1143 3282 1159 ---η
3433 1141 3808 1159 ...μη

463 1185 834 1257 ﬁgmentum,
869 1193 903 1230 a
934 1170 1167 1228 diabolo
1199 1169 1261 1222 in
1289 1162 1632 1220 servitutem
1662 1154 1992 1219 redactum,
2019 1164 2110 1203 vo-

2243 1150 2744 1257 .ataaoploﬁuevo:
2787 1151 2892 1206 ὑπὸ
2943 1151 3041 1206 τοῦ
3099 1143 3387 1215 διαϐόλου,
3419 1141 3713 1216 ἠϐουλήθη
3753 1143 3880 1214 ἑξα-

454 1274 569 1330 luit
596 1270 812 1327 Filium
847 1278 1020 1318 suum
1051 1256 1445 1326 unigenitum,
1481 1247 1798 1304 Dominum
1836 1246 2108 1296 nostrum

2243 1242 2500 1298 ιοστεῖλαι
2548 1242 2640 1296 τὸν
2690 1240 2812 1295 Υίὸν
2846 1239 3013 1295 αὑτοῦ
3067 1238 3159 1294 τὸν
3219 1242 3488 1312 μονογενῆ
3540 1235 3635 1290 τὸν
3669 1231 3880 1308 Κύριον

452 1364 648 1419 Jesum
668 1357 990 1416 Christum,
1014 1349 1270 1412 mittere,
1291 1343 1390 1414 qui
1416 1339 1586 1395 illum
1617 1353 1690 1392 ex
1731 1330 1952 1388 diaboli
1985 1343 2109 1384 ma-

2216 1336 2377 1406 ὴμῶν
2412 1333 2620 1401 Ἰησοῦν
2671 1328 2926 1406 Χριστὸν,
2975 1325 3417 1401 ἔκλυτρώσασθαι
3466 1323 3625 1379 αὑτὸν
3675 1321 3738 1377 lx
3763 1324 3885 1376 τῶν

458 1451 635 1508 nibus
666 1445 942 1516 eriperet.
976 1413 1120 1494 Cum
1151 1413 1351 1491 autem
1383 1430 1442 1484 id
1472 1427 1648 1483 vellet
1677 1419 1935 1496 ignorari
1989 1431 2111 1472 non

2243 1427 2314 1516 τοῦ
2346 1416 2610 1516 διαϐόλου
2639 1424 2866 1516 χειρῶν.
2927 1419 3108 1516 Ἐπεί.
3137 1415 3195 1473 δὲ
3246 1414 3520 1486 ἠθελησεν
3567 1413 3630 1469 οὐ
3667 1414 3892 1486 μαθεῖν,

467 1540 661 1596 solum
685 1553 720 1591 a
739 1507 976 1595 Satano,
1002 1526 1105 1584 sed
1132 1525 1310 1580 etiam
1341 1521 1414 1576 ab
1445 1517 1592 1589 ipsis
1631 1510 1969 1569 coelestibus
1997 1507 2110 1560 vir-

2220 1512 2285 1567 ού
2320 1512 2486 1584 μόνον
2543 1510 2635 1565 τὸν
2693 1513 2958 1578 Σατανᾶν,
3016 1505 3162 1562 διλλᾶ
3213 1505 3307 1561 καὶ
3365 1504 3529 1566 αὐτὰς
3560 1503 3658 1566 τὰς
3709 1503 3892 1576 οὖρα-

459 1629 708 1693 tutibus,
739 1623 842 1679 uni
875 1587 1369 1689 archangelorum
1399 1587 1655 1682 glorioso
1697 1598 1952 1657 Gabrieli
2001 1596 2115 1650 hoc

2432 1597 2713 1693 δυνάμεις,
2772 1597 2852 1693 ivi
2905 1594 3012 1651 τῶν
3071 1593 3455 1671 ἀρχαγγὲλων,
3505 1587 3754 1664 Γαϐριὴλ
3796 1594 3891 1663 τῷ

463 1731 746 1776 arcanum
780 1708 1100 1768 commisit.
1132 1703 1343 1759 Eﬂ‘ecit
1371 1709 1569 1754 autem
1601 1709 1706 1765 per
1737 1704 1904 1746 suam
1923 1684 2115 1758 pravi.

465 1807 753 1869 dentiam,
790 1808 858 1856 ut
887 1803 1092 1854 sancta
1120 1795 1292 1862 Virgo
1324 1803 1473 1860 pura
1501 1791 1561 1840 et
1589 1777 1970 1838 immaculata
2009 1791 2117 1830 na-

469 1865 757 1958 sceretur,
790 1906 920 1960 qua:
953 1885 1099 1941 tanti
1130 1881 1272 1937 boni
1303 1878 1484 1949 digna
1511 1873 1683 1928 foret.
1717 1865 1955 1925 Gabriel
1979 1879 2116 1936 ergo

2221 1686 2444 1762 ἐνδόξῳ,
2502 1686 2688 1764 θαῤῥεῖ
2737 1686 2799 1742 τὸ
2863 1687 3182 1758 μυστήριον.
3219 1686 3620 1759 Προοῐκονομεῖ
3663 1677 3720 1735 δι
3751 1699 3890 1754 γεν-

2221 1780 2452 1848 νηθῆναι
2510 1775 2600 1831 καὶ
2655 1776 2755 1844 τὴν
2816 1775 2972 1849 ἁγίαν
3032 1771 3302 1848 Ηαρθὲνον
3361 1773 3532 1846 ἁγνήν
3591 1767 3680 1824 καὶ
3710 1779 3891 1832 καθα·

2229 1867 2347 1944 ραν,
2382 1866 2457 1927 ὡς
2484 1865 2632 1934 ἀξίαν
2689 1862 2850 1919 οὖσαν
2906 1861 3162 1918 τοιούτου
3216 1859 3410 1917 καλοῦ.
3464 1858 3568 1916 Καὶ
3604 1857 3671 1927 δὴ
3705 1856 3896 1912 ἰλθὼν

466 1985 628 2040 venit
659 1983 718 2035 in
744 1940 961 2034 ,urbem
995 1975 1238 2029 Nazaret
1266 1940 1648 2040 appvellatam,
1681 1959 1894 2029 illique
1927 1953 2077 2010 dixit
2105 1969 2117 2006 :

2243 1960 2257 2012 '>
2286 1949 2530 2030 Γαϐριὴλ
2558 1953 2633 2015 εἰς
2675 1951 2838 2008 πόλιν
2892 1951 3194 2028 λεγομένην
3246 1951 3505 2024 Ναζαρὲτ,
3541 1946 3690 2022 λέγει
3720 1947 3897 2019 αὐτῇο

467 2077 606 2137 Ave,
638 2071 826 2141 gratia
862 2067 1054 2138 plena,
1109 2061 1365 2115 Dominus
1414 2061 1606 2110 tecum.
1654 2049 1765 2104 Illa
1812 2061 1948 2101 vere
1997 2043 2118 2099 ait:

470 2137 748 2230 Quomodo
777 2137 879 2226 ﬂeti
921 2153 1060 2209 mihi
1106 2147 1305 2205 istud?
1365 2143 1470 2200 Cui
1523 2141 1664 2196 ille:
1715 2137 1956 2207 Spiritus
2002 2148 2118 2188 san-

472 2221 612 2318 ctus,
646 2221 859 2318 inquit,
893 2240 1235 2312 superveniet
1283 2237 1342 2290 in
1391 2241 1462 2297 te,
1513 2237 1564 2286 et
1619 2231 1793 2284 virtus
1851 2221 2125 2280 Altisstmi

479 2309 846 2398 obumbrabit.
883 2309 1003 2388 tibi.
1044 2331 1189 2386 Tum
1237 2325 1388 2380 illa:
1438 2323 1572 2377 Ecce
1627 2315 1830 2373 ancilla
1876 2309 2120 2376 Domini,

477 2435 575 2502 ﬁat
604 2427 745 2484 mihi
771 2423 1067 2480 secundum
1121 2417 1344 2474 verbum
1405 2419 1579 2467 tuum.
1638 2409 1762 2472 Quo
1819 2403 1976 2460 dicto
2033 2399 2123 2456 Fi-

472 2489 622 2577 lium
651 2524 711 2574 et
743 2514 993 2570 Verbum
1027 2509 1128 2565 Dei
1154 2499 1590 2577 supernaturali
1609 2495 1785 2553 modo
1813 2489 2122 2562 concepit:

473 2615 533 2666 et
563 2615 701 2664 tunc
730 2603 929 2660 omnia
959 2597 1243 2672 mysteria
1291 2592 1391 2647 Uei
1446 2587 1640 2652 Verbi,
1699 2589 1766 2641 ut
1819 2579 2123 2638 hominem

469 2700 660 2766 decet,
684 2706 791 2769 pro
824 2698 1029 2748 nostra
1053 2687 1242 2743 salute
1273 2680 1520 2754 impleta
1554 2679 1712 2733 sunt.

1033 2801 1268 2860 EODEM
1308 2795 1558 2853 MENSE.

997 2901 1100 2958 Die
1129 2897 1409 2955 vicesima
1438 2896 1604 2950 sexta

481 3013 765 3068 Certamen
818 3009 1157 3067 sanctorum,
1205 2997 1304 3068 qui
1357 2996 1418 3049 in
1490 2988 1718 3048 Gotthia
1794 2980 2126 3052 martyrium

1143 3071 1448 3126 subierunt.

546 3197 616 3253 Hi
672 3195 932 3255 fuerunt,
992 3183 1349 3259 Vinguricbo
1411 3179 1760 3235 Gotthorum
1817 3169 2122 3243 principe:

477 3285 913 3348 Valentiniano,
944 3278 1188 3333 Valente
1219 3291 1286 3329 ac
1317 3269 1592 3328 Gratiano
1623 3260 1906 3320 Romanis
1937 3259 2128 3327 impe-

476 3375 794 3434 ratoribus.
827 3375 970 3428 Cum
1001 3375 1198 3424 autem
1230 3377 1440 3418 omnes
1470 3359 1533 3413 in
1563 3353 1816 3412 ecclesia
1842 3345 2126 3405 Christia-

478 3564 612 3612 tens
637 3551 1048 3625 Vingurichus,
1079 3542 1391 3601 ecclesiam
1413 3528 2003 3601 incendit,simulque
2026 3539 2128 3579 eos

483 3590 612 3612 unua
649 3590 665 3608 ν
685 3590 844 3625 ιιιδυιι
861 3590 1048 3614 ινμυυ,
1080 3590 1391 3601 ννν--υ-.ν-..
1413 3590 1502 3593 ____
1527 3590 1536 3592 _
1687 3590 1699 3601 ,
1909 3590 1925 3599 _

477 3642 821 3702 combussit.
841 3641 1002 3694 Tunc
1023 3636 1200 3691 etiam
1223 3629 1468 3700 contigit
1486 3623 1786 3680 hominem
1811 3613 2128 3689 quemdam
2233 3590 2304 3702 ’Σῆ

478 3725 1011 3796 Christianum.qui
1038 3723 1111 3778 ad
1134 3719 1402 3776 eamdem
1426 3713 1739 3770 ecclesiam
1764 3706 2131 3764 oblationem

479 3821 725 3877 ferebat.
760 3811 1185 3886 comprehendi
1219 3826 1231 3862 :
1267 3807 1688 3872 Christumque
1720 3797 2126 3857 conﬁtentem,

481 3911 542 3964 in
577 3909 779 3979 ignem
815 3882 1049 3976 projici.
1084 3895 1520 3963 oblationisque
1573 3890 1672 3946 28
1723 3888 1851 3942 loco
1899 3882 2129 3938 Christo

485 3998 634 4053 ﬁeri.
671 3998 886 4052 Horum
921 3999 1118 4046 autem
1151 3983 1434 4055 reliquias
1458 3977 1859 4048 collegituxor
1887 3970 2132 4028 alterius

483 4085 792 4158 cujusdam
827 4080 1116 4156 principis
1146 4075 1338 4150 gentis
1371 4071 1740 4128 Cotthorum,
1800 4061 2134 4116 Christiana

482 4155 658 4248 atque
679 4173 1165 4230 orthodoxacum
1191 4159 1551 4238 presbyteris
1579 4155 1893 4224 laicisque:
1917 4156 1976 4205 et
1996 4164 2133 4202 suas

482 4267 792 4323 facultates
820 4262 942 4319 filio
974 4248 1513 4325 derelinquens,de
1547 4246 1674 4301 loco
1705 4244 1764 4298 in
1797 4241 1994 4296 locum
2026 4236 2134 4292 cir-

484 4357 684 4418 cuivit,
716 4354 905 4409 donec
936 4351 996 4406 in
1031 4356 1249 4404 terram
1281 4345 1682 4397 Romanorum
1713 4331 1891 4395 venit,
1917 4334 1977 4382 et
1999 4340 2133 4381 cum

483 4465 554 4506 ea
571 4447 696 4505 lilia
716 4447 868 4517 ejus.
897 4441 1117 4498 Deinde
1140 4439 1201 4492 in
1223 4432 1524 4508 propriam
1553 4427 1854 4500 regionem
1869 4431 2137 4493 regressa

486 4543 596 4602 est,
629 4509 978 4606 relinquens
1008 4529 1146 4587 filias
1179 4541 1300 4583 suae
1333 4519 1621 4593 reliquias
1648 4531 1661 4572 :
1693 4530 1825 4588 qua:
1868 4509 2137 4581 Cyzicum

485 4595 714 4689 abiens,
737 4595 966 4694 partem
987 4619 1253 4692 ipsarum
1298 4608 1516 4668 civitati
1549 4603 1814 4670 tradidit,
1847 4605 2024 4670 atque
2056 4595 2139 4650 ita

486 4709 669 4767 ﬁnem
697 4709 928 4768 vivendi
955 4707 1114 4764 fecit.

490 4929 564 4984 Et
609 4932 886 4983 certamen
941 4929 1254 4978 sanctorum
1310 4924 1620 4986 martyrum
1690 4905 2026 4968 Philemonis
2083 4907 2137 4957 et

1202 4990 1424 5046 Domni.

561 5113 871 5170 Philemon
898 5116 957 5165 et
977 5111 1257 5168 Domnus,
1282 5103 1497 5161 Christi
1522 5104 1830 5168 martyres.
1865 5094 2035 5146 erant
2065 5104 2137 5143 ex

490 5205 635 5260 urbe
668 5207 850 5259 Roma
881 5199 1138 5256 oriundi.
1171 5199 1456 5265 Tempore
1488 5196 1687 5246 autem
1709 5176 2137 5256 persecutionis

487 5295 782 5350 abeuntes
805 5293 862 5346 in
894 5287 1255 5361 provinciam
1286 5283 1484 5348 ltalim,
1519 5273 1923 5350 praedicabant
1979 5265 2140 5320 Chri-

489 5353 997 5445 stum,etmultos
1056 5395 1124 5432 ex
1183 5370 1526 5428 inﬁdelibus
1577 5361 1850 5419 doctrina
1907 5373 2014 5412 sua
2065 5353 2137 5409 ab

487 5476 782 5531 idolorum
815 5489 1014 5528 errore
1061 5471 1469 5526 convertentes
1526 5459 1598 5516 ad
1652 5451 1884 5512 Domini
1951 5446 2138 5504 nostri

487 5567 621 5621 Jesu
654 5564 867 5619 Christi
903 5562 1098 5622 tidem.
1127 5549 1890 5628 baptizabantQuapropter
1920 5555 2052 5594 cum
2079 5537 2140 5590 in

489 5655 639 5711 iram
659 5629 2138 5711 idololatrasconcitassent,comprehensietvincu-

563 5799 589 5836 ²
615 5799 752 5858 Luc.
786 5816 830 5873 ι,
857 5797 1041 5856 28-38.

2229 2048 2418 2120 Χαῖρε,
2476 2049 2922 2118 κεχαριτωμὲνη,
2981 2042 3008 2095 ὁ
3073 2040 3272 2114 Κύριος
3332 2039 3466 2111 μετὰ
3523 2040 3641 2094 σοῦ.
3696 2037 3763 2093 ἹΙ
3837 2031 3900 2090 δι

2231 2136 2364 2190 εἶπε·
2399 2132 2501 2192 Καὶ
2532 2137 2649 2194 πῶς
2707 2128 2852 2186 ἔσται
2909 2150 3003 2203 μοι
3059 2133 3260 2197 τοῦτο;
3322 2129 3351 2182 ὁ
3411 2125 3468 2182 δὲ
3507 2125 3632 2203 ἔφη’
3669 2127 3904 2197 Πνεῦμα

2230 2224 2380 2300 ἅγιον
2437 2219 2781 2276 ἐπελεύσεται
2856 2219 2944 2274 ἐπὶ
3022 2219 3098 2286 σε,
3185 2217 3276 2272 καὶ
3353 2214 3580 2288 δύναμις
3637 2213 3906 2288 Ὑψίστου

2230 2309 2526 2368 ἐπισκιάσει
2586 2331 2694 2370 σοι.
2746 2309 2849 2367 Καὶ
2907 2309 3073 2364 εἶπενο
3135 2303 3274 2365 Ἰδοὺ
3331 2308 3368 2376 ἡ
3429 2302 3607 2374 δούλη
3663 2303 3905 2375 Κυρίου,

2229 2400 2439 2478 γένοιτό
2493 2421 2586 2474 μοι
2643 2397 2781 2455 κατᾶ
2836 2397 2899 2453 τὸ
2956 2399 3110 2474 sapa
3160 2415 3278 2452 σου.
3339 2394 3443 2452 Καὶ
3482 2395 3596 2468 ἅμα
3621 2397 3702 2464 τῷ
3730 2389 3901 2468 λόγῳ

2232 2484 2493 2547 συνέλαϐε
2541 2489 2634 2545 τὸν
2692 2488 2815 2543 Υἱὸν
2875 2487 2964 2542 καὶ
3026 2487 3202 2561 Λόγον
3256 2488 3354 2540 τοῦ
3412 2487 3548 2539 Θεοῦ
3580 2483 3907 2558 ὑπερφυῶς,

2229 2580 2319 2636 καὶ
2376 2573 2562 2635 ἴκτοτε
2600 2577 2853 2647 ἐτελέσθη
2918 2577 3090 2631 πάντα
3143 2575 3211 2630 τὰ
3270 2575 3544 2648 μυστήρια
3598 2575 3698 2628 τοῦ
3755 2574 3909 2626 Θεοῦ

2231 2669 2414 2744 Λόγου
2453 2667 2935 2744 ἀνθρωποπρεπῶς
2967 2664 3045 2729 εἰς
3072 2665 3346 2739 σωτηρίαν
3377 2664 3564 2736 ἡμῶν.

2782 2773 2966 2831 MHNl
3008 2775 3100 2829 ΤΩ
3138 2773 3342 2828 ΑΥΤΩ.

2341 2962 2617 3035 νΔθλησις
2641 2966 2748 3018 τῶν
2787 2960 2838 3017 ἰν
2882 2871 3570 3037 Γοτθὶςμαρτυρησάντων
3594 2955 3786 3032 ἁγίων.

2309 3141 2474 3202 Οὗτοι
2525 3143 2779 3218 ὑπῆρχον
2835 3140 2923 3196 ἐπὶ
2984 3137 3392 3215 Ούῖγγουρίχου
3463 3134 3733 3213 ἄρχοντος
3780 3139 3905 3190 τῶν

2236 3233 2475 3301 Γότθων,
2529 3227 3006 3296 Οὑαλεντινιανοῦ,
3066 3229 3158 3285 καὶ
3215 3225 3543 3293 Οὐάλεντος,
3602 3225 3693 3282 καὶ
3754 3230 3909 3301 Γρα-

2158 3315 2200 3380 C
2235 3325 2422 3377 τιανοῦ
2485 3317 2752 3396 βασιλέων
2807 3318 3116 3394 Ῥωμαίων.
3179 3316 3518 3374 Ψαλλόντων
3571 3313 3630 3371 δὲ
3676 3313 3908 3371 πάντων

2233 3425 2286 3481 εν
2317 3414 2385 3484 τῇ
2441 3411 2548 3465 τῶν
2607 3413 2941 3483 Χριστιανῶν
2997 3405 3282 3479 ἰκκλησίᾳ.
3341 3407 3432 3462 καὶ
3477 3406 3568 3460 τὸν
3629 3404 3760 3460 Θεὸν
3796 3401 3912 3460 δο-

2235 3498 2627 3573 ξολογούντων,
2705 3495 3034 3558 ἀποστείλας
3120 3495 3548 3570 Ούϊγγουρϊχος,
3631 3491 3914 3566 ἐνέπρησε

2307 3612 2334 3643 ν
2393 3587 2712 3659 ἐκκλησίαν,
2771 3588 2861 3642 καὶ
2918 3588 3238 3643 κατέκαυσεν
3299 3584 3517 3646 αὐτούς.
3567 3584 3700 3640 Ὅτε
3743 3584 3916 3636 συνὲ-

2238 3671 2309 3746 6η
2367 3674 2456 3730 καὶ
2507 3675 2599 3730 τὸν
2651 3672 2937 3749 ἄνθρωπὸν
2993 3694 3114 3728 τινα
3179 3672 3501 3748 Χριστιανὸν
3574 3670 3908 3746 προσφορὰν

2238 3764 2538 3837 κομίζοντα
2565 3767 2633 3838 τῇ
2666 3761 2932 3834 ἐκκλησίᾳ
2988 3769 3347 3837 κρατηθῆναι,
3405 3761 3496 3816 καὶ
3535 3761 3627 3815 τὸν
3655 3759 3910 3834 Χριστὸν

2241 3853 2670 3928 ὁμολογήσαντα
2700 3847 3042 3925 ἐμϐληθῆναι
3092 3851 3168 3913 εἰς
3196 3851 3260 3906 τὸ
3299 3854 3428 3920 πῦρ,
3459 3849 3548 3904 καὶ
3581 3849 3699 3904 ἀντὶ
3729 3867 3908 3920 προσ-

2242 3948 2412 4019 φορᾶς
2468 3942 2713 4016 γενέσθαι
2794 3945 2874 4012 τῷ
2963 3944 3200 4014 Χριστῷ.
3261 3936 3482 3995 Τούτων
3540 3937 3610 3992 τὰ
3669 3935 3911 4008 λείψανα

2241 4033 2538 4106 συνήγαγεν
2599 4033 2631 4098 ἡ
2693 4025 2926 4102 σύμϐιος
2980 4031 3078 4084 τοῦ
3136 4027 3322 4100 ἕτερου
3379 4024 3649 4102 ἄρχοντος
3694 4029 3791 4079 τοῦ
3825 4021 3917 4079 ἔθ-

2241 4141 2367 4184 νους
2413 4124 2520 4174 τῶν
2571 4119 2806 4189 Γὸτθων,
2872 4119 3171 4193 Χριστιανὴ
3231 4115 3366 4172 οὖσα
3421 4115 3512 4170 καὶ
3581 4111 3906 4189 ὀρθόδοιξος,

2247 4209 2380 4283 μετᾶ
2436 4203 2816 4284 πρεσϐυτέρων
2867 4208 2958 4262 καὶ
3045 4205 3253 4262 λαϊκῶν
3344 4203 3440 4260 Καὶ
3525 4200 3915 4259 καταλιποῦσα

2240 4299 2340 4368 τήν
2401 4297 2640 4368 ἐξουσίαν
2697 4301 2777 4366 τῷ
2833 4297 2936 4367 υἱῷ
2982 4295 3168 4364 αὐτῆς,
3199 4296 3368 4350 τόπον
3398 4292 3457 4349 ἐκ
3485 4292 3657 4348 τόπου
3686 4311 3910 4363 περιερ-

2244 4387 2484 4464 χομὲνη,
2531 4386 2700 4456 ἦλθεν
2743 4381 2850 4449 ἶως
2899 4393 3000 4456 τῆς
3047 4391 3153 4460 γῆς
3201 4383 3516 4457 Ῥωμαίων,
3547 4383 3643 4438 καὶ
3676 4383 3712 4451 ἡ
3739 4383 3916 4456 θυγά-

2240 4497 2346 4553 τηρ
2403 4475 2570 4548 αύτῆς
2632 4475 2944 4550 μετάύτῆς.
3006 4477 3141 4532 Εἶτα
3197 4472 3362 4530 πάλιν
3414 4471 3659 4542 ἀπῆλθεν
3692 4470 3770 4533 είς
3801 4471 3910 4541 τήν

2246 4566 2387 4625 ἰδίαν
2439 4568 2652 4645 χώραν,
2709 4565 3087 4622 καταλιποῦσα
3139 4567 3210 4640 τῇ
3270 4562 3494 4640 θυγατρὶ
3533 4562 3602 4619 τὰ
3650 4560 3909 4635 λείψανα·

2161 4674 2212 4739 υ
2247 4653 2369 4729 ἥτις
2419 4657 2497 4721 είς
2549 4656 2784 4728 Κύζικον
2832 4655 3162 4726 ἀπελθοῦσα,
3222 4651 3450 4711 δίδωκεν
3483 4650 3535 4725 ἔξ
3579 4652 3760 4709 αὐτῶν
3813 4670 3918 4724 με·

2248 4745 2371 4824 ρίδα
2396 4751 2466 4822 τῇ
2496 4747 2685 4819 πόλει,
2709 4745 2802 4802 καὶ
2834 4745 3010 4808 οὕτως
3041 4743 3360 4816 ἰτελειώθη.

2244 4891 2342 4946 Καὶ
2387 4886 2621 4961 ἄθλησις
2667 4891 2778 4944 τῶν
2831 4885 3024 4963 ἁγίων-
3063 4885 3350 4963 μαρτύρων
3401 4883 3757 4959 Φιλήμονος,
3805 4884 3903 4938 xal

2956 4959 3166 5035 Δόμνου
3177 5003 3188 5014 .

2317 5076 2614 5149 Φιλήμων,
2645 5075 2733 5130 καὶ
2791 5073 3026 5146 Δόμνος,
3085 5074 3136 5129 οἱ
3191 5076 3288 5129 τοῦ
3344 5072 3584 5146 Χριστοῦ
3613 5068 3901 5143 Μάρτυρες

2247 5167 2497 5241 ὑπῆρχον
2549 5161 2608 5218 ἐκ
2669 5169 2770 5232 τῆς
2839 5162 3080 5236 Ῥώμης·
3132 5161 3220 5218 ἐπὶ
3275 5159 3332 5217 δὲ
3379 5165 3486 5217 τῶν
3544 5163 3748 5234 καιρῶν
3801 5161 3904 5213 τοῦ

2249 5255 2499 5330 διωγμοῦ
2548 5250 2868 5316 ἀπελθόντες
2921 5252 2970 5308 ἐν
3021 5256 3090 5326 τῇ
3143 5253 3304 5327 χώρᾳ
3348 5258 3449 5320 τῆς
3495 5249 3750 5314 Ἰταλίας.
3781 5245 3912 5318 ἐκή-

2249 5366 2438 5423 ρυττον
2477 5345 2568 5399 τὸν
2617 5344 2874 5416 Χριστὸν,
2923 5344 3012 5397 καὶ
3062 5341 3308 5406 πολλοὺς
3355 5345 3461 5396 τῶν
3511 5339 3755 5395 ἀπίστων
3787 5343 3912 5402 ταῖς

2248 5434 2504 5512 διδαχαῖς
2551 5431 2725 5488 αὑτῶν
2775 5431 2882 5489 ἀπὸ
2929 5440 3032 5502 τῆς
3069 5431 3280 5503 πλάνης
3326 5435 3432 5486 τῶν
3495 5427 3743 5486 εἰδώλων
3795 5427 3914 5483 ἐπι-

2247 5528 2564 5604 στρὲφοντες
2597 5522 2685 5579 ἐπὶ
2713 5525 2813 5594 τὴν
2859 5528 2958 5580 τοῦ
3005 5523 3202 5596 Κυρίου
3250 5525 3408 5596 ἡμῶν
3459 5523 3640 5592 Ἰησοῦ
3671 5522 3907 5595 Χριστοῦ

2247 5617 2449 5685 πίστιν,
2493 5610 2805 5684 ἃῦαπτιζον.
2879 5613 2980 5669 Διά
3021 5616 3183 5670 τοῦτο
3230 5612 3308 5675 εἰς
3366 5611 3532 5686 ὀργήν
3587 5613 3912 5672 κινίσαντες
