4104 6196
338 285 446 347 ΜΘ

1814 283 2185 347 MARTIUS.

3617 300 3736 357 370

338 414 466 477 τοῖις
542 409 995 485 εἰδωλολάτρας,
1056 409 1430 483 ἔκραττςθησαν
1468 455 1483 481 ,
1567 410 1658 467 καὶ
1738 409 1945 469 δεθέντε

2085 418 2161 474 lis
2192 418 2496 475 constricti
2526 420 3308 493 praesidiprovinciaatraditi
3333 434 3474 483 sunt
3502 431 3726 486 Prasses

339 503 574 570 ἁλύσεσι,
607 499 988 576 παρεδόθησαν
1019 506 1097 573 τῷ
1127 508 1229 570 τῆς
1261 503 1449 577 χώρας
1505 503 1755 577 ἄρχοντι.
1810 508 1865 558 '0
1923 503 1948 558 δ

2084 515 2282 563 autem
2317 526 2450 563 cum
2480 510 2615 564 illos
2642 512 2901 567 vidisset.
2925 513 3179 582 primum
3207 518 3446 586 quidem
3464 528 3733 576 assenta-

335 592 518 668 ἄρχων
553 590 684 647 ἰδὼν
715 591 932 652 αὐτοὺς,
965 596 1182 665 πρῶτον
1242 592 1337 662 μὶν
1394 587 1484 645 διά
1513 588 1802 654 κολακείας
1832 591 1977 647 ἐπει-

335 688 463 756 ρᾶτο
504 680 813 753 μεθιστάναι
876 678 1072 740 αὐτοὺς
1118 679 1225 734 ἀπὸ
1280 686 1379 748 τῆς
1437 683 1535 734 τοῦ
1596 685 1829 754 Χριστοῦ
1885 680 1974 736 πί-

333 792 515 837 στεως,
546 770 710 843 τιμὶς
737 770 1180 845 ὑπισχνούμενος
1242 769 1449 835 αὐτοῖς,
1505 769 1594 824 καὶ
1646 768 1791 844 δῶρα
1836 768 1974 826 πολ-

328 860 425 919 λοῦ
449 865 589 935 ἄξια.
633 861 884 928 Ἔπειτα,
934 860 1008 921 ὡς
1068 856 1207 914 εἶδεν
1269 858 1463 919 αὐτοὺς
1510 863 1684 914 πάντα
1744 861 1837 933 μὶν
1897 861 1974 924 εἱς

324 949 478 1005 οὐδὲν
538 949 956 1025 λογιζομένους,
1016 947 1181 1021 μόνον
1241 946 1299 1002 δὲ
1356 949 1579 1023 Χριστὸν
1607 948 1971 1022 ἐπικαλουμέ-

317 1062 464 1105 νους,
497 1040 798 1114 γυμνώσας
842 1038 932 1092 καὶ
962 1035 1224 1098 ἀπλώσας
1271 1038 1357 1092 ἐπὶ
1416 1038 1516 1105 τὴν
1565 1045 1668 1113 γῆν
1737 1037 1796 1094 ἐκ
1851 1059 1970 1094 τεσ-

317 1130 520 1195 σάρων,
553 1126 778 1184 ἷτυπτεν
833 1124 1091 1204 ἀφειδῶς,
1153 1127 1465 1201 ἀναγκάζων
1522 1131 1677 1191 θῦσαι
1730 1134 1846 1190 τοῖς
1894 1128 1967 1183 εἷς

308 1216 541 1280 δώλοις.
574 1220 666 1281 Ὠς
696 1214 753 1272 δὶ
787 1216 892 1272 οὐκ
923 1214 1152 1284 ἔπεισεν,
1186 1216 1502 1272 ἀπέκλεισεν
1562 1216 1638 1279 είς
1697 1217 1968 1296 φυλακην,

304 1311 389 1364 καί
417 1315 532 1379 τῆς
566 1306 821 1383 φυλακῆς
854 1300 1129 1374 ἐκϐαλὼν,
1158 1306 1248 1360 καὶ
1292 1304 1460 1361 πάλιν
1508 1311 1968 1383 τιμωρησάμενος

304 1397 509 1460 αὐτοὺς
540 1396 936 1471 ἀπανθρώπως,
980 1393 1372 1469 ἀπεκεφάλισεν
1384 1438 1397 1452 .

301 1496 400 1555 Καὶ
448 1491 688 1565 ἄθλησις
716 1497 821 1548 τῶν
889 1493 1058 1567 ἁγίων
1110 1492 1409 1567 μαρτύρων
1471 1490 1830 1567 Καλλινίκου,
1871 1494 1960 1549 καὶ

974 1564 1325 1634 Βασιλίσσης.

378 1662 746 1734 Καλλίνικος,
779 1663 872 1717 καὶ
919 1661 1235 1731 Βασίλισσα,
1294 1662 1347 1716 οἱ
1402 1665 1499 1717 τοῦ
1546 1667 1780 1737 Χριστοῦ
1824 1663 1960 1739 μάρο

2081 599 2344 653 tionibus
2375 601 2705 655 conabatur
2745 618 2843 655 eos
2876 620 2910 657 a
2970 604 3082 657 fide
3140 606 3353 660 Christi
3411 609 3732 677 abducere,

2081 689 2339 743 honores
2370 696 2429 743 et
2462 692 2719 760 pretiosa
2741 691 2895 746 dona
2927 695 3279 763 promittens
3309 706 3539 767 :postea
3574 717 3733 769 vero,

2080 794 2213 833 cum
2248 778 2469 833 videret
2499 796 2598 833 eos
2621 782 2821 835 omnia
2853 782 3024 835 nihili
3060 782 3339 839 facereet
3361 787 3553 840 solum
3575 789 3731 842 (.hri-

2081 873 2239 921 stum
2272 868 2543 923 invocare
2600 870 2859 923 vestibus
2891 872 3022 925 exui
3049 874 3366 940 mandavit,
3403 882 3461 928 et
3490 878 3729 932 extendi

2078 971 2147 1009 ex
2172 964 2427 1026 quatuor
2458 957 2722 1028 partibus
2753 958 2811 1012 in
2838 965 3073 1025 terram,
3109 978 3175 1015 ac
3217 963 3537 1018 crudeliter
3556 968 3724 1031 caedi,

2075 1050 2142 1100 ut
2169 1053 2523 1117 cogerentur
2548 1047 2726 1101 idolis
2759 1048 3115 1103 sacrificare.
3142 1050 3251 1103 Sed
3280 1068 3411 1105 cum
3448 1069 3641 1123 neque
3666 1056 3724 1110 id

2074 1133 2161 1188 eis
2193 1136 2605 1205 persuasisset,
2640 1136 2699 1189 in
2724 1152 3019 1191 carcerem
3066 1139 3201 1193 illos
3251 1141 3503 1196 detrusit
3535 1159 3547 1195 :
3583 1145 3720 1200 inde

2072 1240 2208 1279 vero
2233 1225 2499 1292 eductos,
2531 1231 2708 1297 atque
2766 1226 2981 1281 iterum
3015 1229 3356 1285 suavissimis
3408 1235 3717 1288 tormentis

2072 1315 2385 1383 cruciatos,
2422 1316 2716 1386 capitibus
2747 1316 3028 1372 abscissis
3060 1319 3376 1374 interemit.

2141 1502 2241 1559 20
2273 1504 2341 1559 Et
2368 1510 2641 1559 certamen
2670 1510 2988 1559 sanrtorum
3031 1513 3341 1575 martyrum
3389 1506 3651 1564 Callinici

2715 1583 2767 1630 et
2790 1577 3081 1632 Basilissae.

2136 1662 2462 1719 Callinicus
2493 1669 2551 1717 et
2582 1664 2889 1728 Basilissa,
2921 1667 3136 1721 Christi
3168 1672 3481 1739 martyres,
3530 1669 3719 1741 impe-

295 1776 493 1833 τυρες,
549 1756 805 1830 ὑπῆρχον
870 1755 963 1825 μὶν
1040 1752 1127 1807 ἐπὶ
1181 1759 1282 1822 τῆς
1338 1752 1614 1827 βασιλείας
1671 1752 1860 1809 Δεκίου
1905 1755 1948 1809 ἆ)

2068 1759 2237 1809 rante
2269 1753 2469 1818 Decio,
2497 1753 2772 1808 vivebant
2826 1754 2888 1808 in
2947 1757 3248 1825 provincia
3279 1757 3537 1813 Galatiaa.
3571 1760 3717 1815 Cum

296 1853 395 1915 τῆς
434 1846 631 1920 χώρας
666 1842 953 1904 Γαλατίας
984 1840 1223 1897 πλουσία
1280 1839 1338 1896 δὶ
1370 1840 1501 1896 οὖσα
1547 1843 1583 1912 ἡ
1643 1841 1961 1914 Βασίλισσα,

297 1932 491 1991 ιδίδου
521 1934 787 2008 χρήματα
833 1936 913 2004 τῷ
972 1928 1305 2003 Καλλινίκῳ,
1363 1931 1692 2005 ἀπέρχεσθαι
1743 1931 1821 1994 είς
1867 1934 1964 1997 τὰς

295 2021 582 2103 φυλακὰς,
638 2021 729 2076 καὶ
787 2025 1048 2096 παρέχειν
1106 2024 1221 2081 τοῖς
1269 2019 1652 2082 ἀποκλείστοις
1696 2022 1960 2096 Χριστια-

291 2119 410 2176 νοῖς
478 2113 617 2187 πρὸς
679 2109 998 2187 διατροφήν,
1060 2111 1209 2174 ὅπως
1269 2110 1537 2187 εῧχωνται
1600 2111 1732 2187 ὖπὶρ
1762 2112 1956 2183 αὐτῆς,

291 2206 740 2280 προθυμοποιεῖν
771 2224 831 2258 τε
870 2202 1066 2265 αὐτοὺς
1106 2203 1182 2264 εἷς
1232 2202 1296 2258 τὸ
1355 2201 1676 2276 μαρτύριον,
1726 2202 1816 2256 καὶ
1877 2205 1953 2275 μή

288 2293 544 2350 έκκακεῖν
579 2292 631 2348 ἰν
660 2297 782 2355 ταῖς
840 2291 1111 2366 θλίψεσιν.
1146 2293 1238 2350 Ἐν
1270 2295 1368 2364 μιᾷ
1427 2291 1517 2345 οὗν
1566 2295 1674 2345 τῶν
1726 2293 1951 2367 ἡμερῶν

286 2384 650 2460 κρατηθεῖςὸ
711 2381 1074 2451 Καλλίνικος,
1131 2383 1219 2437 καὶ
1280 2381 1593 2457 ἐρωτηθεὶς,
1649 2380 1794 2444 τίνος
1842 2380 1952 2453 εἷἠ,

291 2475 645 2551 [θρησκείας]
678 2474 756 2545 μὴ
808 2469 966 2533 εἰδὼς
994 2468 1300 2545 ψεύδεσθαι,
1346 2468 1732 2545 ὡμολόγησεν.
1792 2472 1950 2529 Ὀθεν

292 2561 496 2626 δεθεὶς.
532 2560 808 2637 παρεδόθη
853 2566 934 2633 τῷ
966 2562 1213 2636 ἄρχοντι.
1276 2561 1616 2633 Κρατηθεῖσα
1664 2558 1721 2615 εὶ
1766 2561 1857 2616 καὶ
1912 2564 1946 2632 ἡ

286 2654 422 2729 ἁγία
486 2651 805 2719 Βασίλισσα,
859 2652 1096 2726 παρέστη
1149 2654 1228 2723 τῷ
1266 2649 1555 2724 κριτηρίῳ.
1611 2650 1706 2705 Καὶ
1762 2650 1946 2725 ἀμφό-

282 2762 441 2818 τεροι
473 2743 568 2796 τὸν
598 2740 830 2813 Χριστὸν
894 2739 1173 2816 παρρησίᾳ
1234 2737 1704 2813 ὁμολογήσαντες,
1754 2738 1943 2817 διαφόο

288 2852 419 2905 ροις
456 2829 709 2906 βασάνοις
762 2829 1032 2901 πρότερον
1091 2822 1601 2897 καθυϐεϐληθησαν,
1647 2827 1945 2904 ἀναγκαζό-

286 2941 454 2995 μενοι
485 2921 823 2993 ἀρνήσασθαι
887 2918 980 2992 μὶν
1042 2918 1133 2972 τὸν
1194 2918 1449 2990 Χριστὸν,
1507 2915 1661 2982 θῦσαι
1715 2917 1772 2973 δε
1825 2925 1942 2979 τοῖς

274 3008 568 3071 εἰδώλοις.
599 3010 691 3077 Μὴ
729 3008 1033 3072 πεισθέντες
1091 3004 1169 3078 δὲ,
1229 3006 1364 3085 ξίφει
1421 3006 1518 3072 τὰς
1557 3007 1705 3082 ὶεράς
1764 3008 1937 3064 αὐτῶν

273 3099 523 3178 κεφαλὰς
552 3098 968 3172 ἀπετμήθησαν,
986 3094 1173 3158 καλῶς
1198 3098 1514 3166 νικήσαντες
1532 3097 1624 3152 τὸν
1650 3093 1932 3173 διάϐολον,

347 3191 363 3211 \
410 3188 424 3205 ν
515 3186 549 3243 λ
591 3183 657 3243 βό
758 3207 779 3223 ι
1164 3185 1185 3223 ,ν
1310 3190 1333 3202 ο

271 3210 365 3245 και
399 3209 509 3243 απο
556 3209 623 3242 αο
661 3208 778 3249 ντε,
816 3185 1093 3262 βασιλείαν
1129 3207 1398 3261 οδρανων.

855 3289 1031 3345 MBNI
1052 3289 1143 3345 ΤΩ
1171 3289 1369 3347 ΑΥἸὬ.

1073 3389 1185 3446 KZ‘.

280 3491 561 3563 ’Λθλησις
643 3495 754 3567 τῶν
812 3490 982 3567 ἀγίων
1035 3488 1324 3567 μαρτςόρων
1389 3488 1641 3567 Φιλητοῦ
1692 3489 1937 3567 συγκλη-

362 3560 522 3619 τικοῦ
577 3563 668 3617 καὶ
726 3560 924 3625 Λυδίας
971 3560 1073 3633 τῆς
1116 3560 1294 3617 ἀὐτοῦ
1348 3564 1626 3639 γυναικὸς,
1681 3560 1782 3618 καῖ’
1828 3568 1939 3619 τῶν

366 3656 593 3692 τεκνων.

366 3733 491 3790 Ἐπὶ
517 3730 805 3808 Ἀδριανοῦ
857 3730 1128 3808 βασιλέως
1186 3732 1439 3806 ὑπῆρχον
1498 3732 1668 3788 οὗτοι.
1726 3739 1936 3806 Κρατη-

297 3823 404 3888 θεὶς
434 3822 587 3877 οὗνὸ
619 3823 883 3896 μακάριος
935 3819 1200 3891 Φιλητὸς,
1260 3823 1499 3895 παρέστη
1561 3825 1642 3894 τῷ
1704 3821 1937 3896 βασιλεῖ.

290 3913 353 3971 Ὀ
383 3910 440 3969 δὲ
475 3910 735 3988 βασιλεὺς
768 3913 844 3985 μή
878 3908 1125 3981 δυνηθεὶς
1165 3910 1479 3980 ἀντιστῆναι
1510 3914 1579 3985 τῇ
1632 3916 1731 3966 τοῦ
1797 3911 1939 3986 μάρ-

293 4024 453 4078 τυρος
544 4001 705 4079 σοφίᾳ
736 4044 752 4071 ,
836 3998 1146 4073 παρέδωκεν
1204 4000 1360 4056 αὐτὸν
1448 4000 1808 4080 Ἀμφιλοχίῳ
1861 4006 1941 4073 τῷ

298 4090 470 4148 δουκίο
501 4090 561 4153 ὅς
612 4089 913 4165 παραυτίκα
970 4090 1312 4168 ἀμφοτέρους
1371 4090 1645 4167 κρεμάσας
1704 4090 1788 4147 ἐπὶ
1851 4090 1941 4162 ξύ-

295 4182 404 4239 λων
437 4181 602 4254 ἰξεεν.
634 4185 769 4239 Εἶτα
800 4181 876 4243 είς
914 4180 1161 4259 φυλακην
1222 4177 1489 4253 ἐμϐάλλει
1530 4182 1643 4254 ἅμα
1702 4180 1938 4258 Κρονίδῃ

298 4272 724 4346 Κομενταρησίῳ
763 4270 1128 4328 πιστεύσαντι.
1162 4275 1242 4345 Τῇ
1296 4270 1353 4326 δί
1409 4272 1558 4326 νυκτῖ
1589 4269 1940 4346 ψαλλόντων,

294 4364 380 4416 καὶ
424 4358 765 4437 εὐχομένων,
868 4359 1044 4429 ἦλθον
1127 4358 1353 4436 ἄγγελοι
1434 4360 1941 4436 παραθαρῥῦνοντες

293 4452 487 4512 αὐτοὺς
513 4451 651 4522 πρὸς
679 4448 806 4510 τοὺς
834 4449 1068 4524 ἀγῶνας.
1117 4449 1219 4505 Καὶ
1273 4449 1361 4505 ἐπὶ
1415 4451 1517 4519 τὴν
1585 4449 1771 4521 αὔριον
1825 4472 1939 4506 πα-

2070 1848 2267 1898 autem
2292 1841 2570 1897 Basilissa
2600 1842 2818 1897 divitiis
2839 1842 3371 1907 abundaret,dabat
3399 1849 3712 1915 pecuniam

2066 1931 2379 1993 Callinico,
2406 1936 2465 1985 ut
2501 1931 2692 1985 abiret
2722 1931 2794 1985 ad
2825 1933 3590 2004 carceres,Christianisque
3620 1937 3710 1991 in~

2064 2020 2247 2075 clusis
2280 2020 2492 2074 victum
2527 2019 3100 2086 subministraret,ut
3129 2038 3233 2092 pro
3266 2038 3327 2076 se
3349 2030 3623 2078 orarent:
3648 2031 3712 2081 ut

2065 2109 2294 2165 scilicet
2321 2115 2379 2165 et
2408 2109 2447 2163 ii
2471 2115 2742 2181 prompto
2767 2109 2966 2163 animo
2984 2109 3056 2163 ad
3076 2110 3421 2181 martyrium
3448 2111 3706 2168 subeun-

2061 2198 2203 2254 dum
2236 2204 2455 2263 essent,
2490 2204 2549 2253 et
2578 2198 2640 2252 in
2670 2198 3153 2253 tribulationibus
3183 2215 3301 2253 non
3358 2199 3702 2256 deficerent.

2061 2287 2325 2355 Quadam
2354 2289 2533 2361 igitur
2577 2288 2671 2342 die
2729 2288 3199 2359 comprehensus
3247 2289 3588 2356 Callinicus,
3648 2297 3705 2345 et

2058 2377 3389 2450 cujusessetreligionisinterrogatus,mentiri
3406 2381 3701 2448 nesciens,

2058 2468 2365 2525 confessus
2414 2470 2673 2524 est.Tum
2723 2485 2859 2523 vero
2893 2469 3139 2533 vinctus,
3174 2469 3410 2540 prmsidi
3453 2471 3701 2525 traditus

2054 2558 2186 2614 fuit.
2219 2558 2662 2629 Comprehensa
2692 2563 2890 2612 autem
2924 2565 2981 2612 et
3012 2564 3212 2612 sancta
3242 2559 3700 2624 Basilissu,sisti-

2054 2652 2151 2702 tur
2182 2662 2383 2702 coram
2443 2646 2761 2701 tribunali:
2799 2652 2856 2700 et
2904 2645 3075 2700 ambo
3135 2647 3433 2700 Christum
3516 2647 3700 2703 libere

2053 2735 2697 2806 conﬂtentes,primum
2735 2735 2907 2790 variis
2931 2735 3242 2790 tormentis
3272 2735 3518 2790 cruciati
3541 2743 3697 2791 sunt.

2051 2830 2117 2881 ut
2144 2826 2441 2881 Christum
2472 2841 2709 2897 negare,
2744 2830 2802 2879 et
2832 2825 3004 2880 idolis
3037 2825 3369 2880 sacrificare
3418 2843 3702 2898 cogeren-

2051 2920 2149 2971 tur
2179 2933 2193 2983 ;
2229 2915 2443 2971 deinde
2472 2932 2606 2970 cum
2639 2915 2712 2970 ad
2745 2914 2802 2969 id
2836 2915 3035 2970 induci
3082 2931 3202 2969 non
3233 2922 3496 2986 possent,
3529 2932 3696 2971 sacra

2050 3022 2255 3061 eorum
2282 3006 2476 3076 capita
2504 3004 2698 3077 gladio
2733 3004 2997 3059 abscissa
3027 3010 3165 3059 sunt
3190 3021 3202 3058 ;
3227 3011 3404 3075 atque
3436 3005 3697 3077 itaegre-

1974 3143 2017 3211 Ο
2045 3094 2136 3168 gie
2163 3094 2466 3149 diabolum
2496 3094 2821 3161 vincentes,
2845 3093 3127 3149 caelorum
3159 3110 3409 3166 regnum
3439 3110 3688 3165 recepe-

2043 3188 2182 3211 ...ε-ιι

2043 3188 2204 3240 runt.

2601 3282 2840 3337 EODEM
2864 3281 3115 3336 MENSE.

2505 3383 2609 3440 Die
2631 3383 2909 3438 vicesima
2937 3382 3191 3453 septima

2046 3482 2332 3539 Certamen
2382 3488 2698 3537 sanctorum
2752 3486 3057 3547 martyrum
3114 3478 3319 3534 Phileti
3389 3482 3680 3549 senatoris,

2365 3560 2417 3609 et
2445 3555 2635 3608 uxoris
2665 3552 2783 3621 ejus
2812 3554 2997 3623 Lydia:
3027 3567 3091 3605 ac
3110 3551 3371 3620 ﬁliorum.

2117 3744 2376 3800 Fuerunt
2406 3741 2467 3797 hi
2497 3741 2754 3796 Adriano
2797 3741 3174 3812 imperatore.
3208 3742 3689 3813 Comprehensus

2044 3839 2244 3890 autem
2275 3832 2484 3888 beatus
2503 3831 3137 3902 Philetus,imperatori
3173 3831 3694 3903 sistitur.lmpera-

2045 3929 2139 3979 tor
2169 3939 2303 3978 vero
2337 3923 2614 3994 martyris
2655 3922 2961 4000 sapientia;
3012 3922 3289 3977 resistere
3321 3939 3441 3977 non
3470 3922 3693 3990 valens,

2045 4012 2460 4084 Amphilochio
2491 4013 2624 4068 duci
2660 4029 2795 4067 eum
2829 4011 3103 4066 tradidit:
3139 4012 3239 4081 qui
3275 4013 3553 4066 continuo
3569 4030 3693 4067 am-

2045 4102 2151 4157 bos
2184 4102 2359 4175 lignis
2390 4118 2713 4173 suspensos
2760 4101 3086 4155 dilaniavit.
3123 4101 3247 4154 Mox
3282 4102 3342 4154 in
3394 4118 3694 4156 carcerem

2046 4191 2300 4247 detrusit
2327 4207 2448 4245 una
2490 4207 2625 4245 cum
2685 4190 2939 4244 Cronide
2997 4190 3555 4254 Commentariensi,
3591 4190 3692 4258 qui

2039 4282 2165 4352 jam
2180 4279 2525 4335 crediderat.
2542 4281 2723 4334 Noctu
2745 4295 2875 4333 vero
2892 4277 3283 4348 psallentibus
3306 4285 3364 4331 et
3385 4277 3692 4331 orantibus

2047 4370 2287 4425 astitere
2321 4368 2534 4441 angeli.
2572 4383 2792 4437 eosque
2825 4366 2897 4420 ad
2929 4382 3183 4435 pugnam
3210 4365 3567 4418 animarunt.
3591 4365 3689 4419 Se-

2051 4457 2365 4531 quentidie
2382 4457 2602 4511 sanctis
2634 4472 2832 4511 coram
2859 4454 3190 4509 astantibus
3213 4453 3361 4507 dixit
3383 4459 3690 4524 tyrannus:

291 4520 603 4616 ραστάντων
628 4544 735 4593 τῶν
768 4520 963 4612 ἁγίων,
1012 4534 1113 4615 ἔφη
1148 4540 1176 4593 ὁ
1221 4537 1505 4612 τύραννος.
1539 4520 1752 4594 Πολλαὶ
1809 4541 1936 4613 ὑμῖν

2061 4520 2228 4604 θυιιιι
2257 4547 2419 4602 vobis
2452 4552 2748 4601 tormenta
2807 4550 3107 4616 parantur.
3143 4546 3269 4597 Mox
3328 4543 3385 4597 in
3409 4520 3692 4599 ilebetem

292 4631 605 4687 ἀπόκεινται
636 4628 921 4702 τιμωρίαι.
956 4629 1085 4685 Εἶτα
1155 4623 1425 4700 ἐμϐάλλει
1459 4628 1510 4683 ὲν
1545 4623 1738 4698 λέϐητι
1799 4630 1940 4704 χαλ-

288 4725 370 4793 κῷ
426 4720 818 4794 ἱκπυρωθέντι,
879 4716 1100 4792 γέμοντι
1156 4716 1325 4790 ἐλαίῳ
1379 4717 1469 4773 καὶ
1526 4717 1771 4795 ῥητίνης.
1835 4719 1938 4777 Καὶ

288 4812 622 4876 ποιήσαντες
650 4829 714 4863 το
742 4811 841 4863 τοῦ
872 4810 1104 4879 σταυροῦ
1165 4812 1417 4877 σημεῖον,
1475 4806 1785 4883 ἐψύχραναν
1842 4809 1936 4864 τὸν

289 4894 522 4967 λέϐητα.
588 4898 684 4952 Καὶ
744 4894 873 4952 ἰδὼν
935 4898 964 4951 δ
1024 4894 1168 4966 δοὺξ.
1230 4891 1503 4951 ἕπίστευσε
1554 4902 1634 4969 τῷ
1693 4901 1936 4973 Χριστῷ,

285 4988 375 5042 καὶ
404 4982 658 5043 ἐνέϐαλεν
691 4986 879 5041 ἑαυτὸν
909 4984 962 5039 ἰν
995 4984 1074 5056 τῷ
1105 4978 1295 5055 λέϐητι
1328 4984 1515 5039 ε’πών·
1573 4986 1757 5061 Κᾶριε,
1796 4987 1934 5062 βοή-

288 5089 366 5142 θει
398 5097 522 5148 μοι.
554 5077 689 5133 Τότε
717 5073 856 5144 ἦλθε
912 5075 1067 5152 ιρωνή
1118 5073 1179 5129 ἐκ
1234 5078 1329 5129 τοῦ
1388 5072 1640 5148 οὐρανοῦ.
1694 5076 1935 5130 Ἤκουσα

283 5176 385 5236 τῆς
419 5165 660 5237 δεήσεώς
691 5186 809 5228 σου,
836 5161 1029 5227 ἄνελθε
1058 5164 1192 5238 πρὸς
1254 5164 1322 5236 μὶ
1379 5167 1614 5240 χαίρων.
1666 5164 1818 5221 Ἰδὼν
1878 5163 1935 5221 δί

286 5258 316 5311 δ
348 5257 609 5333 βασιλεὺς
634 5252 1102 5329 διαφυλαχθέντας
1134 5252 1329 5316 αὐτοὺς
1356 5256 1545 5328 ὑγιεῖς,
1562 5254 1931 5331 ἀνεχώρησεν·

286 5347 443 5403 αὐτοὶ
474 5343 533 5401 δὶ
560 5345 844 5418 εὖξὶμενοι
874 5340 1292 5413 ἕτελειώθησαν.

357 5454 454 5511 Καὶ
495 5451 728 5525 ἄθλησις
758 5453 868 5508 τῶν
915 5449 1080 5528 ἀγέων
1113 5451 1401 5528 μαρτύρων
1452 5449 1738 5521 Μανουηλ,
1770 5451 1860 5506 καὶ

944 5520 1255 5580 Θεοδοσῖου.

358 5623 624 5695 Πανουήλ
646 5623 737 5681 καὶ
766 5619 1056 5683 Θεοδόσιος
1084 5622 1137 5679 οἱ
1190 5624 1289 5678 τοῦ
1347 5621 1582 5698 Χριστοῦ
1640 5623 1931 5699 μάρτυρες,

2047 4654 2279 4694 aeneum
2307 4636 2681 4695 candentem.
2716 4634 2845 4689 oleo
2878 4634 3192 4703 resinaque
3234 4632 3558 4704 cppletum,
3596 4650 3696 4688 eos

2048 4728 2324 4799 conjecit.
2362 4729 2435 4782 At
2460 4726 2546 4781 illi
2589 4726 2841 4780 formato
2874 4724 3064 4778 crucis
3092 4724 3277 4795 signo,
3312 4722 3525 4778 lebetis
3572 4723 3692 4779 fer-

2046 4834 2242 4874 vorem
2275 4816 2623 4871 restinxere.
2657 4813 2823 4879 Quod
2854 4829 3105 4868 cernens
3133 4812 3271 4875 dux,
3298 4813 3360 4867 in
3392 4812 3688 4868 Christum

2046 4904 2318 4964 credidit.
2358 4919 2539 4974 seque
2571 4904 2631 4958 in
2663 4902 2918 4957 lebetem
2977 4900 3246 4966 immisit,
3280 4900 3487 4961 dicens
3521 4918 3533 4955 :
3570 4902 3690 4957 Do-

2042 4995 2219 5059 mine,
2251 4993 2465 5062 adjuva
2500 5009 2610 5047 me.
2653 4994 2812 5045 Tunc
2839 5008 2945 5045 vox
3008 5007 3039 5045 e
3099 4989 3245 5044 caelo
3277 4989 3520 5061 delapsa
3551 4996 3641 5045 est
3673 5007 3686 5044 :

2045 5084 2387 5139 Orationem
2421 5088 2581 5137 tuam
2612 5080 2805 5134 audivi
2834 5097 2846 5133 :
2877 5079 3046 5133 laetus
3069 5078 3140 5132 ad
3176 5093 3267 5131 me
3294 5078 3569 5136 ascende.
3589 5079 3692 5134 δυ

2043 5170 2183 5226 Illos
2214 5178 2414 5226 autem
2446 5173 2770 5241 imperator
2809 5168 3027 5222 illmsos
3067 5165 3358 5237 prodiisse
3413 5168 3687 5229 intuitus,

2044 5260 2321 5316 discessit
2355 5277 2368 5313 :
2402 5259 2515 5333 ipsi
2546 5276 2679 5313 vero
2728 5265 2983 5325 orantes,
3024 5257 3204 5312 tinem
3255 5256 3485 5312 vivendi
3533 5256 3694 5311 fece-

2042 5356 2202 5407 runt.

2113 5459 2182 5513 Et
2213 5464 2485 5514 certamen
2514 5462 2827 5582 εσηοιονᾶξᾶη
2865 5460 3191 5580 :iartyrum
3246 5453 3535 5520 Manuelis,
3564 5460 3617 5508 et

2802 5543 2861 5581 eo
2904 5542 3024 5581 osu.

2802 5542 3024 5581 εοαοειι.

2114 5627 2343 5688 Manuel
2396 5645 2463 5685 ac
2520 5625 2903 5693 Theodosius,
2972 5624 3186 5681 Christi
3247 5629 3553 5696 martyres,
3616 5638 3681 5678 ex
