4104 6196
358 285 466 349 871

1674 290 2103 354 MENOLOGII
2144 291 2352 355 PARS
2399 289 2504 353 Ill.

3647 291 3834 354 372K

360 423 754 482 Orientalium
779 426 1018 499 regione
1050 425 1450 492 oriundi,cum
1472 426 1837 483 Christianos
1851 443 2002 500 quo-

2126 423 2374 500 ἀπῆρχον
2407 423 2592 496 ἐκτῆς
2631 425 2821 502 χώρας
2846 430 2955 482 τῶν
2986 424 3376 499 Ἀνατολικῶν,
3406 430 3496 484 καί
3529 428 3764 504 ὁρῶντες

362 513 508 570 tidie
537 514 610 570 ab
643 513 973 570 idololatris
1001 514 1282 569 trucidari
1315 521 1650 582 cernerent,
1683 515 2009 572 deliberato

363 603 526 659 inter
555 620 618 659 se
648 603 895 658 consilio
941 607 1276 658 statuerunt
1325 603 1507 660 libere
1566 621 1762 678 agere,
1793 611 1852 660 et
1903 623 2010 677 pro

367 693 598 748 Christo
632 691 804 747 mori.
830 691 1224 755 Quamobrem
1255 691 1330 747 ad
1365 692 1478 748 loci
1508 694 1846 766 praesidem.
1871 701 2012 750 tunc

368 781 588 836 multos
617 779 984 836 Christianos
1013 779 1088 834 ad
1135 781 1528 852 quastionem
1583 789 1890 839 vocantem
1923 789 2014 840 at-

367 886 483 942 que
513 869 1214 941 interticientem,sponte
1245 888 1352 927 sua
1380 888 1684 928 accessere
1703 891 1717 927 :
1736 879 1796 928 et
1812 889 2012 928 coram

365 965 658 1026 astantes,
716 958 902 1014 libere
961 959 1260 1016 Christum
1319 961 1768 1032 prmdicarunt,
1828 979 2013 1034 seque

367 1047 732 1103 Christianos
765 1047 1013 1119 professi
1072 1055 1230 1104 sunt.
1303 1051 1424 1115 Quo
1469 1051 1622 1107 facto
1684 1069 1805 1108 non
1836 1052 2012 1108 modo

368 1143 659 1209 quotquot
685 1137 936 1193 aderant
960 1140 1415 1209 prmsentes.sed
1447 1141 1642 1212 ipsum
1664 1143 1845 1198 etiam
1870 1160 2013 1214 pras-

370 1227 554 1282 sidem
577 1243 647 1282 ea
675 1226 1021 1282 fortitudine
1036 1228 1219 1283 animi
1235 1234 1412 1300 atque
1445 1229 1719 1286 libertate
1732 1231 2013 1304 obstupe-

366 1315 582 1372 fecere.
616 1317 760 1372 Tum
791 1332 927 1372 vero
959 1317 1395 1388 comprehensi,
1430 1318 1492 1372 in
1541 1336 1837 1375 carcerem
1869 1337 2013 1376 con-

365 1405 512 1479 jecti
542 1411 720 1461 sunt:
754 1406 892 1461 inde
925 1406 1174 1461 evolutis
1205 1407 1437 1478 aliquot
1465 1407 1675 1462 diebus
1697 1425 1730 1463 a
1761 1409 2013 1480 praeside

373 1495 590 1562 educti,
622 1511 758 1550 cum
785 1495 1287 1567 compellerentur
1315 1497 1612 1554 Christum
1663 1515 1900 1569 negare,
1960 1504 2018 1554 et

371 1580 550 1636 idolis
591 1583 945 1651 sacriﬁcare,
980 1599 1092 1639 nec
1122 1584 1195 1638 ad
1225 1584 1284 1638 id
1301 1584 1514 1639 adduci
1547 1591 1814 1656 possent,
1837 1571 2018 1657 pluri-

371 1669 486 1726 bus
515 1670 875 1728 cruciatibus
907 1671 1365 1745 subjecti,lignis
1397 1674 1692 1744 suspensi,
1725 1673 1918 1730 latera
1937 1674 2020 1728 di-

2113 511 2242 575 τοὺς
2298 511 2660 587 Χριστιανοὺς
2715 515 2832 569 καθ’
2891 515 3122 586 εκάστην
3176 518 3387 590 ἡμέραν
3465 515 3772 593 φονευομέ-

2115 613 2238 654 νους
2303 593 2406 648 ὑπὸ
2463 597 2570 648 τῶν
2627 591 3077 671 εἷδωλολατρῶν,
3147 597 3426 650 συνέθεντο
3480 591 3767 665 ἀλλήλοις

2115 680 2609 758 παῤῥησιάσασθαι,
2667 682 2758 738 καὶ
2825 681 3113 748 ἀποθανεῖν
3169 685 3302 759 ὑπὲρ
3349 688 3448 740 τοῦ
3506 687 3762 758 Χριστοῦ,

2118 769 2220 828 Καὶ
2253 767 2654 833 διαπελθόντες.
2689 775 2883 843 (Forte
2918 791 2930 830 :
2963 770 3030 842 δὴ
3090 771 3433 844 ἀπελθόντες)
3463 771 3764 844 αὐτόματοι

2118 881 2256 933 προς
2285 859 2378 915 τὸν
2400 867 2500 930 τῆς
2534 861 2718 933 χώρας
2749 859 3015 937 ἄρχοντα,
3045 857 3355 932 ἐξετάζοντα
3375 862 3499 916 τότε
3518 859 3766 922 πολλοὺς

2117 954 2224 1005 τῶν
2259 953 2622 1024 Χριστιανῶν,
2679 946 2771 1006 καί
2820 949 3138 1026 φονεύοντα,
3197 949 3494 1022 ἐστάθησαν
3553 945 3789 1024 ἔμπρο-’

2121 1039 2242 1094 σθεν
2269 1039 2457 1096 αὐτοῦ’
2515 1039 2606 1093 καί
2663 1037 2941 1114 παρῥησίᾳ
2995 1039 3088 1094 τὸν
3147 1040 3382 1115 Χριστὸν
3428 1037 3794 1113 ἀνακηρύξαν¹

2119 1149 2229 1197 τες,
2273 1127 2364 1183 καὶ
2396 1128 2619 1190 ἑαυτοὺς
2653 1128 3008 1202 Χριστιανοὺς
3038 1128 3506 1202 ὁμολογήσαντες,
3536 1127 3771 1199 ἐξεπλη-

2121 1220 2212 1291 ξαν
2245 1216 2308 1272 οὐ
2341 1216 2508 1290 μόνον
2541 1216 2669 1278 τοὺς
2699 1221 3071 1291 παρεττῶτας,
3105 1216 3252 1272 ἀλλά
3278 1215 3368 1271 καὶ
3407 1217 3498 1272 τὸν
3528 1213 3774 1292 ἄρχοντα

2121 1309 2190 1379 τῇ
2222 1303 2440 1380 ἀνδρείᾳ
2488 1306 2666 1360 αὐτῶν
2729 1305 2819 1360 καὶ
2877 1304 3178 1382 παρῥησίᾳ,
3229 1306 3369 1362 Τότε
3421 1307 3776 1378 κρατηθέντες

2122 1395 2554 1466 ἀπεκλείσθησαν
2600 1395 2679 1457 εἷς
2738 1394 3006 1472 φυλακήν
3041 1395 3130 1450 καὶ
3185 1394 3337 1468 μετά.
3367 1416 3518 1460 τινας
3563 1395 3778 1471 ἡμέρας

2124 1479 2375 1540 ἐκϐαλὼν
2406 1482 2602 1545 αὐτοὺς
2635 1484 2664 1538 ὁ
2718 1484 2908 1558 ἄρχων
2960 1490 3060 1552 τῆς
3120 1483 3397 1560 φυλακῆς,
3426 1495 3778 1562 κατηναγκατ-

2127 1578 2210 1643 ζεν
2242 1573 2574 1647 ἀρνήσασθαι
2604 1571 2696 1628 τὸν
2729 1573 2983 1645 Χριστὸν,
3023 1573 3113 1628 καὶ
3161 1575 3314 1628 θῦσαι
3344 1579 3460 1634 τοῖς
3493 1571 3796 1635 εἰδώλοις.’

2121 1662 2182 1717 Ὠ
2214 1659 2270 1717 δὲ
2297 1661 2395 1717 οὐκ
2419 1660 2650 1735 ἔπεισεν,
2707 1660 2937 1717 πλεῖστα
2999 1663 3309 1738 βασανίσας,
3339 1661 3428 1716 καὶ
3460 1661 3547 1716 ἐπὶ
3597 1662 3774 1733 ξύλων

370 1758 636 1824 lacerati,
668 1761 1045 1832 postmodum
1073 1777 1102 1816 e
1132 1761 1310 1834 lignis
1339 1762 1810 1836 depositi,acutis
1842 1780 2014 1836 super

2126 1750 2399 1826 κρεμάσας
2437 1750 2656 1821 αὐτοὺς,
2687 1751 2902 1814 καὶτὰς
2959 1751 3199 1822 πλευρὰς
3257 1750 3429 1823 ξὲσας,
3489 1751 3607 1807 εἶτα
3659 1757 3772 1807 τῶν

371 1847 610 1906 tribulis
641 1848 926 1921 impositi,
958 1849 1200 1906 demum
1229 1849 1506 1907 decollati
1532 1857 1690 1908 sunt.

525 2083 595 2158 Et
623 2108 900 2158 certamen
929 2107 1265 2160 sacrosancti
1316 2107 1580 2176 martyris
1628 2105 1870 2162 Codrati.

441 2263 865 2319 Sacrosanctus
893 2269 1119 2337 martyr
1139 2264 1424 2320 Codratus
1447 2282 1582 2322 cum
1609 2271 1767 2322 esset
1786 2267 1984 2340 episco
2001 2296 2016 2309 -

371 2369 506 2427 pus,
537 2359 597 2409 et
625 2352 699 2408 ab
731 2352 1026 2408 idolorum
1084 2354 1412 2410 cultoribus
1461 2356 1533 2410 ab
1593 2355 1761 2422 urbe,
1808 2356 1870 2411 in
1901 2373 2018 2427 qua

370 2441 566 2497 fuerat
593 2440 922 2504 ordinatus,
957 2443 1238 2515 expulsus
1271 2443 1501 2509 fuisset,
1543 2444 1776 2515 ipsique
1830 2431 2014 2500 inter?

372 2529 688 2597 dictum,in
721 2531 964 2586 nomine
995 2531 1209 2586 Christi
1243 2531 1478 2598 docere,
1502 2533 1548 2588 si
1571 2533 1812 2604 quidem
1845 2534 2020 2590 vellet

371 2623 583 2684 vivere.
615 2619 735 2678 non
771 2623 944 2679 modo
977 2625 1134 2680 istud
1173 2627 1365 2682 facere
1415 2643 1537 2681 non
1592 2627 1860 2694 cessavit,
1915 2645 2014 2683 ve-

369 2729 502 2768 rum
535 2713 712 2768 etiam
746 2719 926 2768 totam
959 2714 1166 2769 urbem
1197 2715 1576 2777 circumiens,
1600 2721 1892 2786 quotquot
1921 2733 2014 2772 ca-

369 2807 759 2862 techumenos
791 2807 1032 2878 reperit,
1085 2807 1435 2880 baptizavit:
1479 2824 1588 2864 nec
1646 2808 2016 2864 Christianos

368 2893 655 2951 duntaxat
681 2895 744 2949 in
775 2895 1045 2951 custodia
1073 2896 1366 2963 detentos,
1403 2897 1506 2952 sed
1537 2897 1715 2952 etiam
1740 2895 2015 2953 infideles

363 2984 641 3040 visitabat
667 3001 680 3038 :
715 2989 773 3038 et
801 2983 937 3039 illos
960 2985 1202 3058 quidem
1229 2985 1517 3042 reddebat
1537 2986 1611 3042 ad
1641 3003 2018 3058 perseveran-

367 3073 511 3129 dum
568 3073 632 3128 in
687 3072 904 3128 Christi
965 3072 1082 3129 fide
1127 3075 1522 3146 promptiores
1556 3094 1570 3143 ;
1603 3075 1711 3130 hos
1742 3091 1876 3130 vero
1911 3073 2015 3130 do-

2049 1802 2104 1867 B‘
2126 1802 3334 1916 signasaginas"sese?
3348 1802 3786 1914 sarisas;-

2123 1928 2342 1998 αὐτοὺς,
2375 1928 2532 1994 τέλος
2565 1929 2981 2008 ἀπεκεφάλισεν.

2233 2091 2328 2148 Καὶ
2363 2089 2593 2162 ἄθλησις
2622 2095 2720 2146 τοῦ
2751 2089 2906 2166 ἁγίου
2933 2089 3332 2167 ἱερομάρτυρος
3365 2087 3665 2168 Κοδράτου.

2196 2265 2471 2343 Κοδρᾶτος
2505 2269 2534 2323 ὁ
2591 2268 2951 2344 ἱερομάρτυρ,
3011 2267 3306 2344 ἐπίσκοπος
3361 2267 3459 2338 ὣν,
3495 2268 3586 2325 καὶ
3642 2267 3774 2325 διω-

2128 2355 2281 2433 χθεῖς
2312 2339 2440 2412 ⁷ὑπὸ
2484 2362 2590 2412 τῶν
2644 2339 3071 2431 ἰείδωλολατρῶν
3120 2356 3180 2414 ἐκ
3225 2339 3328 2424 τῆς
3355 2357 3592 2426 πόλεως.
3627 2358 3678 2414 ἒν
3735 2359 3776 2434 ᾖ

2127 2445 2548 2522 ἐχειροτονήθη,
2607 2446 2696 2501 καὶ
2763 2446 3132 2524 παραγγελίαν
3166 2445 3474 2520 δεξάμενος,
3511 2449 3586 2521 μή
3621 2445 3775 2504 διδά-

2125 2557 2269 2591 σκειν
2302 2537 2386 2590 ἐπὶ
2419 2540 2498 2606 τῷ
2530 2535 2757 2607 ὀνόματι
2814 2539 2912 2590 τοῦ
2969 2537 3225 2610 Χριστοῦ,
3276 2535 3327 2590 εἴ
3357 2535 3616 2611 βούλοιτο
3650 2540 3772 2609 ζῇν,

2136 2623 2198 2680 οὐ
2235 2625 2395 2697 μόνον
2431 2624 2526 2679 οὐκ
2559 2623 2825 2679 ἐπαύσατο
2851 2629 3012 2679 τοῦτο
3051 2629 3252 2695 ποιεῖν,
3281 2622 3428 2680 ἀλλά
3453 2627 3542 2680 καί
3600 2631 3777 2680 πᾶσαν

2125 2712 2288 2768 πόλιν
2330 2715 2783 2790 περιερχόμενος,
2841 2715 3006 2778 ὅσους
3061 2713 3273 2790 εὕρισκε
3322 2715 3776 2790 κατηχουαένους

2125 2799 2398 2872 ἒὸαἱπτιζε⁸
2449 2803 2537 2857 καὶ
2593 2801 2723 2865 τοὺς
2777 2802 2830 2858 ἐν
2886 2801 3156 2878 φυλακαῖς
3211 2808 3644 2876 κρατουμένους,
3702 2805 3773 2860 οὗ

2125 2891 2475 2964 Χριστιανοὺς
2511 2891 2700 2965 μόνον,
2752 2891 2896 2947 ἀλλά
2952 2893 3040 2946 καὶ
3093 2891 3348 2955 ἀπίστους
3395 2891 3793 2966 ἐπεσκέπτετο,

2123 2981 2371 3043 καὶτοὺς
2434 2981 2529 3053 μὲν
2590 2981 3022 3054 προεθυμοποίει
3084 2981 3335 3054 ἐμμένειν
3375 2985 3444 3056 τῇ
3505 2982 3582 3044 είς
3649 2988 3780 3059 Χρι-

2126 3069 2252 3124 στὸν
2309 3070 2513 3138 πίστει,
2565 3069 2695 3132 τοὺς
2746 3067 2805 3125 δὲ
2853 3066 2944 3125 διὰ
3002 3067 3355 3134 διδασκαλίας
3401 3068 3607 3127 ἔπεισεν
3649 3071 3776 3150 ἀφί-

365 3166 552 3222 cendo
583 3166 953 3232 hortabatur,
985 3173 1048 3222 ut
1078 3165 1240 3222 idola
1271 3167 1637 3232 desererent,
1662 3167 1868 3224 dicens
1885 3168 1970 3224 eis
2002 3185 2014 3222 :

2128 3159 2347 3214 στασθαι
2373 3163 2482 3213 τῶν
2515 3155 2787 3227 εἰδώλων,
2817 3157 2992 3235 λέγων
3024 3159 3236 3222 αὐτοῖς·
3286 3157 3506 3230 Ἐπειδή
3543 3159 3778 3233 μέλλετε

365 3258 858 3330 Quandoquidem
889 3259 1164 3314 morituri
1213 3261 1386 3326 estis,
1411 3262 1700 3332 perempti
1747 3260 1820 3317 ab
1870 3259 2016 3327 illis,

371 3348 472 3420 qui
498 3364 596 3402 vos
627 3347 688 3402 in
719 3348 878 3402 hunc
926 3363 1226 3404 carcerem
1279 3348 1684 3416 detruserunt,
1724 3351 1816 3405 8|
1859 3355 2016 3404 sata-

370 3437 508 3512 gite,
546 3440 612 3491 ut
641 3453 744 3508 pro
774 3435 1006 3493 Christo
1039 3437 1571 3500 moriamini,bon‘a
1602 3455 1732 3511 qum
1765 3438 1888 3493 illic
1925 3454 2016 3494 re-

370 3531 566 3604 posita
596 3527 1416 3605 sunt,con$ecuturi.Agnitus
1444 3531 1642 3604 itaque
1666 3531 1736 3588 ab
1768 3530 2017 3587 idolola-

370 3625 683 3694 tris,atque
697 3630 1064 3695 captus,post
1079 3625 1298 3680 multos
1319 3626 1615 3680 cruciatus
1628 3632 2016 3692 etwrumnas,

369 3716 565 3790 gladio
597 3723 938 3788 peremptus
970 3721 1098 3772 est:
1129 3723 1306 3790 atque
1351 3717 1434 3772 ita
1465 3717 1642 3772 vitam
1674 3715 1911 3782 ﬁniens,
1943 3716 2017 3774 ad

367 3803 668 3862 Christum
690 3803 979 3876 migravit.

545 3949 614 4005 Et
644 3953 919 4002 certamen
969 3948 1150 4003 sancti
1184 3945 1454 4017 Stephani
1491 3945 1836 4013 confessoris.

440 4113 776 4186 Stephanus
804 4110 1020 4168 Christi
1053 4108 1378 4175 confessor,
1405 4109 1600 4164 Leone
1633 4107 2016 4164 Armenoim-

368 4201 974 4279 perante,monachus
1006 4200 1214 4260 factus.
1239 4214 1374 4254 cum
1403 4197 1718 4253 virtutibus
1741 4196 2018 4254 omnibus

371 4301 529 4353 esset
547 4292 998 4350 ornatusetiam
1033 4289 1348 4361 priefectus
1378 4287 1726 4344 monasterii
1760 4287 2015 4361 Triglite,

370 4383 673 4444 monachis
695 4379 1062 4454 rogantibus,
1105 4383 1338 4433 creatus
1391 4375 1524 4444 fuit,
1576 4376 1678 4433 ubi
1729 4377 2018 4450 plurimos

369 4476 494 4532 suis
521 4469 997 4530 institutionibus
1041 4467 1214 4537 juvit,
1269 4483 1570 4539 purosque
1629 4467 1746 4524 Deo
1779 4467 2011 4523 obtulit.

369 4562 482 4620 Sed
513 4569 718 4634 postea.
746 4575 882 4614 cum
916 4532 1441 4628 prmiatusimpius
1473 4532 1797 4629 imperator
1826 4557 2017 4614 huere-
2049 4532 2091 4596 ί)

371 4653 483 4708 sim
516 4650 794 4707 adversus
825 4664 1023 4704 sacras
1052 4648 1537 4720 venerandasque
1578 4648 1866 4720 imagines
1891 4664 2010 4704 mo-

368 4749 908 4816 visset.saavamque
921 4743 1396 4816 persecutionem
1420 4749 1627 4798 contra
1655 4741 2014 4799 orthodoxos

371 4839 706 4903 excitasset,
736 4835 1060 4892 accersitus
1091 4839 1150 4888 et
1177 4835 1302 4906 ipse
1341 4833 1689 4906 adigebatur
1716 4833 2010 4890 adoratio-

370 4943 506 4988 nem
541 4931 877 4984 sanctarum
909 4923 1236 4997 imaginum
1269 4924 1704 4995 ejurare,atque
1732 4923 2012 4980 adversus

371 5017 757 5077 orthodoxam
781 5014 961 5071 ﬁdem
1011 5029 1074 5069 se
1115 5012 1506 5069 subscribere.
1561 5012 1726 5078 Quod
1758 5029 1892 5069 cum
1949 5029 2013 5068 se

367 5108 661 5166 facturum
695 5108 988 5177 negasset.
1015 5102 1118 5158 sed
1138 5107 1198 5158 et
1225 5102 1440 5172 impios
1460 5101 1916 5173 appellaret,qui
1937 5101 2012 5157 ad

369 5197 528 5255 istud
555 5191 1018 5268 perpetrandum
1078 5189 1536 5261 compellebant.
1569 5189 1842 5260 pluribus
1891 5189 2010 5260 pri-

367 5306 532 5347 mum
553 5283 914 5342 cruciatibus
938 5288 1198 5345 vexatus,
1233 5286 1291 5336 et
1319 5281 1379 5336 in
1413 5281 1683 5336 custodia
1712 5279 2008 5348 detentus,

367 5381 428 5437 in
462 5376 736 5435 exsilium
763 5373 1000 5428 tandem
1015 5371 1357 5443 deportatus
1379 5376 1692 5442 estzatque
1717 5371 1775 5426 in
1803 5371 2008 5427 exsilio

367 5468 575 5529 morbo
606 5469 934 5534 correptus.
966 5461 1040 5517 ad
1074 5461 1409 5521 Dominum.
1472 5478 1578 5533 pro
1629 5478 1745 5534 quo
1790 5461 2010 5518 multos

367 5559 805 5630 diuturnosque
859 5552 1095 5611 labores
1140 5553 1524 5620 exhauserat,
1584 5550 1756 5610 laetus
1799 5553 2011 5625 migra-

370 5651 470 5706 vlt.

2131 3247 2414 3303 ἀποθανεῖν
2472 3247 2616 3321 παρά
2673 3251 2782 3303 τῶν
2841 3247 3284 3303 ἀποκλεισάντων
3343 3249 3482 3321 ὑμᾶς
3567 3248 3618 3305 ἰν
3703 3254 3773 3325 τῇ

2129 3335 2348 3410 φυλακῇ
2377 3336 2566 3410 ταύτῃ,
2592 3333 2689 3392 κέίν
2725 3334 2813 3392 διὰ
2865 3337 2962 3392 τὸν
3019 3337 3250 3411 Χριστὸν
3307 3337 3629 3406 ἀποθανετε,
3677 3335 3774 3394 ἵνα

2127 3426 2334 3502 τύχητε
2389 3431 2496 3482 τῶν
2556 3426 2757 3490 ἐκεῖθεν
2827 3427 3063 3501 ἀγαθῶν.
3152 3427 3416 3490 Γνωσθείς
3475 3427 3570 3482 οὗν
3626 3430 3773 3499 παρά

2125 3519 2232 3570 τῶν
2291 3512 2733 3590 είόιυλολατρῶν,
2807 3515 2897 3572 καὶ
2955 3517 3266 3590 κρατηθείς,
3343 3517 3478 3588 μετά
3553 3515 3806 3588 πολλάςφ

2125 3605 2394 3681 τιμωρίας
2423 3606 2512 3660 καὶ
2551 3606 2839 3673 κακώσεις,
2892 3608 2961 3679 τῇ
3015 3608 3264 3680 μαχαίρᾳ
3319 3605 3623 3685 ἀπεσφάγη,
3681 3607 3775 3662 καὶ

2127 3694 2269 3750 οὕτω
2296 3694 2606 3760 τελειωθεὶς
2637 3695 2772 3771 πρὸς
2803 3695 3030 3771 Χριστὸν
3063 3693 3416 3770 ἐξεδήμησεν.

2268 3934 2372 3996 Καὶ
2403 3933 2635 4006 ἄθλησις
2654 3940 2754 3992 τοῦ
2801 3935 2954 3994 ὁσίου
2993 3935 3266 4018 Στεφάνου
3292 3941 3392 3993 τοῦ
3421 3935 3632 4011 ὁμολο-

2890 4029 3084 4083 γητου.

2206 4123 2476 4198 Στέφανος
2505 4123 2534 4178 ὁ
2585 4122 2952 4199 ὁμολογητης
2979 4128 3078 4180 τοῦ
3135 4125 3391 4198 Χριστοῦ,
3429 4125 3497 4195 ἦν
3531 4125 3618 4182 ἐπὶ
3674 4133 3780 4196 τῆς

2131 4209 2412 4289 βασιλείας
2471 4213 2706 4274 Λέοντος
2763 4217 2860 4268 τοῦ
2916 4213 3237 4289 Ἀρμενίου,
3325 4216 3571 4292 μοναχὸς
3622 4217 3780 4291 γενό-

2130 4321 2312 4375 μενος,
2373 4301 2464 4356 καὶ
2524 4308 2696 4356 πᾶσαν
2758 4301 2954 4377 ἀρετήν
3009 4302 3385 4374 κατορθώσας,
3438 4301 3509 4360 δι’
3562 4306 3630 4374 ἧς
3681 4305 3778 4361 καὶ

2124 4391 2460 4466 Ἥγούμενος
2509 4393 2748 4469 γεγονὼς
2804 4400 2902 4463 τῆς
2964 4397 3162 4466 μονῆς.
3225 4395 3542 4470 Τριγλείας,
3599 4417 3779 4470 παρα-

2126 4481 2320 4552 κλήσει
2350 4486 2456 4536 τῶν
2493 4486 2778 4558 μοναχῶν,
2833 4480 3082 4544 πολλοὺς
3123 4480 3212 4538 διὰ
3267 4491 3368 4553 τῆς
3426 4482 3779 4549 διδασκαλίας

2124 4570 2286 4625 αὐτοῦ
2362 4569 2638 4647 ὠφέλησε,
2695 4571 2786 4626 καὶ
2843 4571 3116 4645 καθαροὺς
3168 4577 3249 4644 τῷ
3316 4578 3433 4643 Θεῷ
3497 4577 3772 4648 παρεστη-

2123 4681 2232 4718 σεν.
2264 4659 2443 4718 Ἀλλά
2475 4661 2613 4732 μετά
2641 4663 2806 4715 ταῦτα
2849 4663 2946 4715 τοῦ
3005 4659 3263 4736 ῥηθέντος
3321 4657 3614 4725 δυσσεϐοῦς
3674 4665 3775 4740 βα-

2123 4747 2321 4811 σιλέως
2379 4747 2582 4822 α’ίρεσιν
2639 4751 2963 4820 κινήσαντος
3045 4751 3182 4805 κατά
3231 4755 3341 4807 τῶν
3404 4753 3596 4828 ἁγίων,
3680 4757 3776 4813 καὶ

2122 4842 2332 4894 σεπτῶν
2365 4837 2610 4907 εἰκόνων,
2641 4838 2732 4894 καὶ
2792 4835 3038 4914 διωγμὸν
3103 4840 3240 4896 κατά
3293 4846 3400 4896 τῶν
3459 4840 3770 4918 ὀρθοδόξων

2120 4927 2394 5000 ἀραμένου
2425 4927 2640 5002 πικρὸν,
2673 4925 3044 5002 προσκληθεὶς
3103 4930 3194 4984 καὶ
3253 4929 3442 4997 αὐτὸς,
3496 4944 3786 5006 κατηναγο’

2119 5016 2310 5085 καζετο
2342 5015 2674 5091 ἀρνήσασθαι
2713 5017 2816 5085 τήν
2870 5017 3244 5091 προσκύνησιν
3293 5023 3402 5074 τῶν
3463 5020 3632 5094 ἀγιων
3689 5020 3770 5076 εἷ’-

2119 5104 2314 5173 κόνων,
2355 5104 2446 5160 καὶ
2477 5105 2792 5180 ὑπογράψαι
2814 5105 2950 5162 κατὰ
3003 5109 3104 5172 τῆς
3165 5104 3464 5183 ὁρθοδόξου
3507 5109 3767 5172 πίστεως.

2122 5194 2219 5250 Καὶ
2255 5194 2331 5266 μὴ
2381 5193 2622 5257 πεισθεὶς
2674 5198 2838 5250 τοῦτο
2887 5201 3138 5266 ποιῆσαι,
3198 5195 3346 5254 ἀλλά
3377 5196 3591 5270 μᾶλλον
3640 5196 3772 5254 δυσ-

2119 5277 2294 5344 σεϐεἶς
2353 5282 2698 5344 ἀποκαλέσας
2759 5283 2890 5348 τοὺς
2939 5284 3017 5348 είς
3069 5290 3235 5342 τοῦτο
3283 5285 3440 5344 αὐτὸν
3497 5309 3772 5366 καταναγ-

2117 5370 2400 5442 κάζοντας,
2441 5377 2669 5426 πλεῖστα
2719 5374 3060 5447 τιμωρηθεὶς
3117 5376 3406 5451 πρότερον,
3456 5377 3546 5434 καὶ
3585 5377 3765 5456 eola-

2117 5467 2240 5522 καῖς
2269 5460 2712 5534 προσομιλήσας,
2762 5461 3050 5538 ἐξωρίσθη.
3113 5465 3207 5520 Καὶ
3240 5463 3294 5520 ἂν
3351 5469 3421 5540 τῇ
3460 5465 3642 5544 ἇξορίᾳ
3669 5489 3764 5525 νο·

2118 5555 2306 5624 σήσας,
2338 5553 2472 5625 πρὸς
2504 5552 2728 5628 Κύριον,
2751 5549 2822 5610 δι’
2848 5552 2907 5608 δν
2933 5555 3061 5617 τοὺς
3085 5554 3350 5627 πολλοὺς,
3389 5557 3478 5615 καὶ
3513 5559 3758 5632 μακροὺς

2117 5642 2330 5708 πόνους.
2347 5640 2570 5714 ὑπέστη,
2604 5642 2816 5719 χαίρων
2841 5639 3194 5716 “samum.

3707 5713 3733 5728 ς
