4086 6204
314 359 437 422 378
1811 365 2184 429 MARTIUS.
3619 376 3692 430 ΣΠ
3708 378 3737 431 li

852 498 1037 557 HHNI
1095 502 1181 556 ΥΩ
1237 501 1445 561 ΑΤἸὪ.

2480 524 2481 529 η
2638 504 2879 559 EODEM
2909 505 3161 560 MENSE.

1078 591 1184 647 KH‘
2583 594 2684 649 Die
2716 594 2997 651 vicesima
3029 603 3232 653 octava

386 692 663 763 Ἀθλησις
696 700 797 764 τῆς
827 694 979 769 ἁγίας
1007 696 1340 824 λΜητρώνης
1392 704 1494 767 τῆς
1549 697 1657 753 ἀπὸ
1710 703 1905 753 Θεσσα-

1047 789 1104 823 ον
1131 789 1254 824 κης.

2154 701 2254 757 82
2288 703 2567 757 Certamen
2595 709 2797 759 sancta:
2824 706 3093 760 Matrona
3140 722 3207 761 ea:
3249 707 3652 765 Thessalonica.

1047 789 1254 839 ονικης.

390 891 662 968 Ματρώνα
691 894 728 962 ἡ
772 896 869 948 τοῦ
892 898 1130 968 Χριστοῦ
1179 895 1384 969 μάρτυς
1428 896 1497 965 ἦν
1532 894 1591 951 ὲκ
1616 901 1718 965 τῆς
1753 893 1973 957 πόλεως

315 982 767 1052 Θεσσαλονίκης,
857 980 1031 1053 δοόλη
1104 986 1355 1059 γυναικὸς
1438 982 1721 1054 Ἰουδαίας,
1806 982 1974 1056 ἄνδρα

317 1075 563 1145 ἑκούσης
631 1072 1114 1149 στρατοπεδάρχην
1200 1073 1624 1145 Θεσσαλονίκης.
1703 1074 1971 1130 Ἀκολου-

320 1166 495 1219 θοῦσα
528 1162 587 1219 δὶ
613 1168 682 1239 τῇ
714 1165 877 1237 κυρίᾳ
905 1164 1074 1234 αὐτῆς
1130 1167 1296 1240 μέχρι
1353 1172 1456 1234 τῆς
1496 1172 1812 1240 συναγωγῆς
1862 1165 1970 1219 τῶν

311 1251 640 1325 Ἰουδαίων,
689 1253 802 1309 ἐκεῖ
859 1254 953 1326 μὶν
1014 1254 1113 1309 οὐκ
1171 1254 1504 1329 εἰσήρχετο,
1564 1253 1972 1330 ὖποστρέφουσα

320 1341 382 1399 δὶ
440 1345 730 1418 ἀπήρχετο
791 1343 869 1406 είς
939 1344 1041 1413 τήν
1097 1348 1202 1398 τῶν
1261 1348 1605 1423 Χριστιανῶν
1660 1342 1969 1415 ἐκκλησίαν,

313 1432 484 1488 κάκεῖ
534 1431 905 1506 προσηύχετο.
963 1434 1358 1505 Διαγνωσθεῖσα
1418 1431 1476 1488 δὶ
1531 1432 1678 1507 παρὰ
1729 1435 1832 1497 τῆς
1876 1453 1970 1486 κυ-

316 1521 442 1599 ρίας
488 1520 676 1589 αὐτῆς,
732 1520 989 1576 τύπτεται
1045 1520 1311 1596 ἱσχυρῶς,
1368 1521 1457 1577 καὶ
1516 1519 1862 1576 ἀποκλείεται
1917 1519 1968 1575 έν

311 1616 388 1686 τῇ
422 1611 663 1689 φυλακῇ.
698 1609 803 1666 Καὶ
833 1608 923 1665 έπὶ
979 1608 1124 1665 πολὺ
1191 1612 1376 1673 ἁσιτος
1428 1608 1766 1684 διαμείνασα,
1807 1607 1973 1664 πάλιν

317 1698 590 1776 ὶξάγεται,
657 1699 745 1754 καὶ
803 1698 1113 1772 μαστίζεται
1172 1696 1427 1776 ἀφειδῶς,
1486 1700 1576 1755 καὶ
1632 1699 1969 1775 κακαναγκάο

319 1796 471 1860 ζεται
514 1788 842 1862 ἀρνήσασθαι
900 1788 992 1844 τὸν
1051 1789 1310 1863 Χριστόν.
1336 1789 1427 1851 Ὠς
1460 1787 1516 1845 δὶ
1573 1787 1673 1845 οὐκ
1723 1787 1968 1858 ἰπείσθη,

2152 891 2417 945 Matrona
2441 891 2655 946 Christi
2694 897 2919 963 martyr
2975 910 3045 948 ex
3102 893 3247 949 urbe
3301 896 3724 952 Thessalonica

2081 983 2275 1034 ortum
2309 978 2551 1043 ducens,
2585 980 2800 1034 Judmm
2853 982 3163 1052 cujusdam
3223 984 3493 1039 mulieris
3536 1001 3724 1053 serva,

2080 1067 2276 1121 virum
2334 1068 2608 1123 habentis
2666 1069 3214 1140 stratopedarcham
3267 1073 3726 1142 Thessalonicae,

2082 1172 2341 1227 sequens
2400 1155 2705 1212 dominam
2756 1174 2923 1212 suam
2973 1176 3159 1229 usque
3218 1161 3292 1215 ad
3367 1179 3727 1235 synagogam

2080 1244 2438 1301 Judazorum.
2472 1245 2616 1300 illuc
2649 1252 2847 1301 tamen
2874 1263 2994 1301 non
3027 1248 3493 1319 ingrediebatur,
3514 1252 3616 1305 sed
3640 1268 3728 1307 re-

2080 1350 2301 1405 gressa,
2335 1334 2536 1389 abibat
2563 1335 2636 1390 ad
2666 1336 3136 1391 Christianorum
3161 1338 3493 1408 ecclesiam,
3527 1341 3729 1412 ibique

2080 1423 2696 1495 orabat.Deprehensa
2722 1425 2902 1497 igitur
2931 1442 2964 1481 a
2984 1425 3228 1481 domina
3257 1444 3382 1493 sua,
3408 1430 3730 1485 crudeliter

2078 1514 2626 1586 verberatur,atque
2658 1516 2720 1570 in
2756 1516 3084 1572 custodiam
3118 1517 3549 1587 detruditur,et
3575 1520 3726 1574 mul-

2080 1608 2277 1658 torum
2323 1603 2552 1659 dierum
2608 1604 2808 1660 inedia
2864 1609 3217 1660 maceratur.
3269 1607 3414 1660 Tum
3492 1606 3723 1677 educta,

2080 1692 2281 1765 ﬂagris
2310 1693 2632 1748 suavissime
2688 1695 2953 1760 caeditur,
3013 1701 3080 1749 ut
3137 1694 3221 1750 sic
3265 1696 3725 1766 compelleretur

2081 1782 2379 1837 Christum
2412 1782 2725 1855 abnegare.
2759 1783 2923 1848 Quod
2952 1800 3087 1839 cum
3120 1801 3179 1839 se
3201 1784 3491 1840 facturam
3517 1802 3718 1859 negas-

318 1876 767 1950 πάλινρίπτεται
814 1878 892 1940 είς
952 1877 1221 1952 φυλακην,
1280 1876 1333 1934 ἕν
1482 1878 1572 1934 καὶ
1625 1879 1725 1947 τήν
1784 1879 1954 1953 ψυχήι

2080 1877 2190 1939 set,
2212 1888 2419 1927 rursus
2439 1872 2497 1927 in
2530 1872 2860 1927 custodiam
2898 1873 3237 1943 conjicitur.
3268 1874 3329 1928 in
3362 1891 3479 1945 qua
3510 1882 3567 1930 et
3597 1876 3720 1947 spi-

319 1966 574 2024 ἀπέδωκε
602 1965 681 2039 τῷ
719 1970 852 2038 Θεῷο
916 1969 980 2036 ἧς
1032 1968 1097 2022 τὸ
1156 1966 1412 2042 λείψανον
1465 1968 1569 2023 ἀπὸ
1620 1971 1717 2023 τοῦ
1743 1968 1968 2042 τείχους

308 2053 536 2133 ῐρῥιῲεν
566 2058 602 2125 ὴ
635 2057 799 2129 κυρία
844 2053 1031 2125 αὐτῆς.
1085 2055 1260 2113 Ἀλλά
1318 2058 1370 2112 οἱ
1400 2057 1717 2133 Χριστιανοὶ
1774 2056 1964 2112 ἀνελό-

317 2167 475 2219 μενοι
509 2145 701 2207 νυκτὸς
730 2142 949 2217 ἔθαψαν.
1011 2146 1261 2220 Ὕστερον
1321 2142 1378 2200 δὶ
1406 2142 1758 2218 Ἀλέξανδρος
1787 2146 1816 2200 ὁ
1847 2145 1962 2200 ἐπί-

306 2255 518 2296 σκοπος
567 2230 724 2289 ἔνδον
768 2239 870 2302 τῆς
929 2232 1145 2295 πόλεως
1202 2232 1603 2305 Θεσσαλονίκης
1672 2232 1963 2305 ἆκκλησίαν

304 2324 496 2386 κτίσας
528 2322 611 2378 ἐπ’
644 2324 873 2395 ὀνόματι
903 2329 1003 2393 τῆς
1036 2323 1215 2398 ἁγίας,
1248 2321 1359 2378 ἐκεῖ
1396 2325 1672 2382 κατέθετο.

301 2432 411 2489 Καὶ
443 2432 678 2500 ἄθλησις
707 2433 805 2485 τοῦ
864 2428 1020 2505 ἁγίου
1078 2429 1389 2485 ἀποστόλου
1440 2428 1810 2506 ἸῙρωδίωνος,
1843 2432 1960 2495 ἑνὸς

1014 2506 1125 2557 τῶν
1167 2508 1243 2560 U'.

368 2606 656 2682 Ἥρωδίων
689 2609 717 2663 ὁ
759 2612 857 2662 τοῦ
913 2610 1157 2684 Χριστοῦ
1201 2604 1530 2675 ἀπόστολος,
1581 2608 1829 2685 ὑπῆρχεν
1881 2610 1955 2671 εἷς

297 2706 414 2757 τῶν
445 2695 830 2772 ἑϐδομήκοντα
855 2700 1135 2771 μαθητῶν.
1169 2698 1524 2761 Ἀκολουθῶν
1551 2696 1608 2753 δὲ
1637 2704 1751 2761 τοῖς
1780 2699 1954 2774 ἁγίοις

300 2788 664 2853 ἀποστόλοις,
720 2790 974 2863 συνήργει
1038 2788 1221 2851 αὐτοῖς
1308 2788 1386 2849 εἷς
1438 2789 1500 2843 τὸ
1566 2793 1663 2843 τοῦ
1716 2792 1952 2864 Χριστοῦ

301 2881 591 2952 κήρυγμα,
651 2875 926 2932 δουλεύων
985 2878 1172 2940 αὐτοῖς
1205 2875 1257 2933 ἐν
1316 2878 1503 2943 ἅπασι,
1534 2879 1621 2932 καὶ
1657 2877 1952 2933 ὑποταττόο

306 2988 465 3042 μενος
501 2968 575 3027 ὡς
604 2971 850 3043 Χριστοῦ
904 2969 1154 3039 μαθητὴς
1211 2971 1307 3022 τοῦ
1356 2967 1623 3029 εἲπόντος⁶
1661 2968 1723 3025 ’0
1779 2968 1951 3023 θέλων

302 3060 443 3113 εἶναι
503 3057 721 3111 παντωθ
797 3060 1037 3131 πρῶτος,
1110 3055 1247 3111 ἔστω
1294 3056 1510 3111 πάντων
1580 3054 1802 3124 δοῦλος,
1862 3060 1950 3113 καὶ

298 3148 519 3202 πάντων
551 3143 823 3208 διάκονος.
856 3145 1003 3200 Μετά
1048 3150 1213 3200 ταῦτα
1270 3143 1327 3201 δὲ
1382 3147 1471 3201 ὑπ’
1521 3147 1698 3202 αὑτῶν
1730 3144 1948 3223 ἐχειρο-

2079 1962 2258 2016 ritum
2281 1962 2400 2017 Deo
2429 1961 2854 2032 reddidit.Ejus
2884 1963 3168 2032 reliquias
3200 1979 3231 2016 e
3249 1980 3417 2017 muro
3437 1964 3726 2020 adomina

2078 2052 2266 2123 ipsius
2298 2052 2937 2123 projectas,Christiani
2971 2052 3442 2113 sublatas,noctu
3468 2054 3717 2123 sepelie-

2074 2147 2233 2197 runt.
2269 2143 2478 2196 Postea
2507 2156 2641 2195 vero
2672 2141 3008 2196 Alexander
3059 2142 3370 2213 episcopus
3400 2157 3535 2195 cum
3568 2142 3724 2197 intra

2071 2230 2280 2285 urbem
2311 2230 2896 2286 Thessalonicensem
2919 2236 3136 2285 sancta:
3149 2231 3393 2284 nomine
3406 2230 3718 2285 ecclesiam

2071 2319 2455 2384 condidisset,
2489 2319 2567 2373 ibi
2600 2336 2699 2375 eas
2729 2320 3022 2391 deposuit.

2066 2431 2138 2485 Et
2182 2434 2454 2483 certamen
2511 2429 2689 2483 sancti
2744 2429 2978 2496 apostoli
3024 2426 3372 2494 Herodionis,
3429 2430 3591 2483 unius
3643 2444 3712 2483 ea:

2694 2500 3079 2569 Septuaginta.

2136 2605 2432 2661 Herodion
2464 2606 2679 2661 Christi
2711 2607 3210 2678 apostolus,unus
3243 2624 3311 2662 ex
3334 2607 3709 2679 septuaginta

2063 2696 2396 2767 discipulis,
2423 2702 2657 2750 sanctos
2693 2696 2993 2767 apostolos
3026 2703 3282 2761 secutus,
3316 2697 3708 2767 illosadjuva-

2062 2786 2163 2841 bat
2193 2786 2479 2841 inChristi
2515 2786 2954 2856 prmdicatione,
2976 2787 3035 2841 in
3062 2786 3339 2842 omnibus
3364 2787 3709 2841 ministrans

2063 2877 2167 2940 eis,
2203 2875 2625 2946 subjectusque
2647 2883 2931 2946 tanquam
2958 2877 3171 2931 Christi
3196 2878 3710 2949 discipulus.aien-

2062 2966 2177 3021 tis:
2211 2966 2318 3030 Qui
2342 2964 2469 3019 vult
2500 2965 2731 3036 primus
2772 2966 3040 3020 omnium
3098 2984 3250 3033 esse,
3288 2968 3391 3022 ﬁat
3437 2967 3707 3022 omnium

2064 3070 2287 3121 servus,
2335 3070 2723 3124 omniumque
2754 3054 3047 3109 minister.
3084 3057 3297 3110 Postea
3347 3073 3483 3111 vero
3515 3057 3586 3111 ab
3637 3056 3709 3111 iis

2064 3144 2378 3216 episcopus
2426 3143 2590 3198 urbis
2649 3146 2939 3199 Novarum
3000 3146 3305 3199 Patrarum
3378 3146 3705 3212 ordinatus,

296 3238 509 3305 τονηθη
543 3234 839 3295 ἐπίσκοπος
872 3232 1087 3296 πόλεως
1120 3235 1266 3289 Νέων
1301 3239 1548 3304 Πατρῶν,
1581 3236 1669 3290 καὶ
1700 3235 1949 3299 πολλοὺς

2070 3233 2283 3289 multos
2316 3235 2653 3289 Graecorum
2685 3232 2758 3287 ad
2782 3234 3097 3287 Dominum
3130 3234 3398 3288 doctrina
3426 3252 3532 3288 sua
3560 3252 3702 3289 con-

299 3323 359 3381 ὶκ
385 3330 498 3379 τῶν
523 3323 813 3392 Ἑλλήνων
852 3320 1117 3377 διδάσκων
1177 3319 1493 3401 ἐπέστρεφεν
1552 3322 1638 3379 ἐπὶ
1693 3327 1783 3379 τὸν
1845 3328 1948 3380 Κύ-

298 3435 439 3490 ριον.
473 3416 854 3484 Φθονησαντες
883 3411 939 3468 ὂὶ
979 3414 1032 3468 οἱ
1090 3411 1368 3483 Ἰουδαῖοι,
1425 3414 1513 3469 καὶ
1574 3414 1949 3478 ἐπισυστάντες

298 3502 380 3557 έπ⁹
407 3502 572 3556 αὐτὸν
608 3502 742 3573 μετά
778 3506 885 3557 τῶν
920 3499 1363 3575 εῗδωλολατρῶν,
1426 3500 1726 3574 ἰκράτησας
1783 3504 1945 3559 αὐτὸν

297 3590 392 3645 καὶ
449 3583 768 3644 ἐϐασάνισαν
844 3587 1108 3663 ἴσχυρῶς,
1167 3589 1220 3643 οἱ
1281 3589 1374 3662 μὶν
1438 3589 1720 3660 τόπτοτες,
1782 3592 1835 3645 οἱ
1892 3590 1950 3646 δὲ

298 3678 485 3743 λίθοις
541 3679 604 3733 τὸ
664 3677 838 3751 στόμα
892 3672 1289 3753 συντρίϐοντες,
1349 3678 1513 3735 ἄλλοι
1572 3678 1758 3750 ξύλοις
1814 3682 1951 3736 κατά

294 3767 549 3846 κεῳαλὴν
617 3767 921 3830 πταίοντες.
995 3769 1123 3824 Εἶτα
1194 3768 1440 3843 μαχαίρᾳ
1516 3768 1818 3844 ἀπέσφαξαν
1898 3770 1950 3823 οἳ

300 3858 526 3931 Ενομοι,
584 3856 674 3912 καὶ
733 3853 936 3931 ἄγριοι,
991 3858 1082 3912 καί
1159 3852 1454 3932 αἱμοϐόροι
1527 3866 1709 3932 θῆρες,
1766 3857 1949 3933 ὥσπερ

297 3948 451 4021 κριὸν
485 3946 786 4019 ἐπίσημον·
845 3946 936 4001 καὶ
991 3945 1135 4001 οὕτω
1186 3944 1467 4020 παρέδωκε
1521 3948 1621 4016 τὴν
1683 3948 1947 4025 μακαρίαν

299 4036 470 4092 αὖτιοὸ
497 4036 688 4110 ψυχήν
740 4039 822 4107 τῷ
879 4034 1081 4109 Κυρίῳ,
1140 4032 1210 4090 δι’
1266 4036 1325 4091 ὃν
1381 4035 1474 4091 τὸν
1536 4035 1710 4111 βίαιον
1745 4036 1946 4107 ὑπέστη

300 4126 529 4190 θάνατον
539 4168 555 4181 .

398 4232 505 4289 Καὶ
542 4232 736 4305 μνήμη
794 4234 893 4285 τοῦ
924 4228 1077 4285 ὁσίου
1111 4231 1324 4307 Πατρὸς
1353 4232 1519 4305 ἡμῶν
1554 4231 1842 4308 Ἡσυχίου.

365 4353 695 4432 Ἦσῦχιοςδ
737 4349 789 4412 ἔν
846 4353 1023 4430 ἁγίοις
1080 4356 1265 4430 Πατὴρ
1321 4358 1509 4428 ἡμῶν,
1576 4357 1796 4434 ὑπῆρχε
1852 4358 1947 4432 μὶν

284 4446 830 4520 τῶνῚεροσολόμων
890 4446 978 4501 καὶ
1040 4447 1289 4520 γέννημα
1337 4447 1426 4501 καὶ
1478 4442 1714 4520 θρέμμον
1777 4454 1948 4504 πᾶσαν

293 4535 353 4592 δί
384 4537 608 4614 Γραφὴν
641 4534 718 4600 εἷς
748 4535 912 4611 ἄκρον
943 4534 1336 4607 ἐκμελετήσας,
1385 4535 1691 4607 ἐπλούτησε
1747 4543 1947 4613 γνῶσιν

2054 3324 2246 3377 vertit.
2280 3322 2616 3377 Invidentes
2635 3328 2833 3376 autem
2855 3321 3060 3386 Judaei,
3094 3322 3247 3376 facta
3276 3322 3335 3376 in
3362 3323 3556 3393 ipsum
3584 3340 3703 3377 una

2055 3428 2188 3468 cum
2223 3411 2551 3465 idololatris
2574 3410 3169 3481 conspiratione,com
3182 3411 3542 3480 prehensum
3565 3427 3697 3483 gra-

2054 3502 2311 3557 vissimis
2337 3502 2696 3555 cruciatibus
2715 3501 3123 3568 vexarunt,alii
3148 3502 3386 3571 quidem
3412 3519 3544 3557 eum
3571 3520 3696 3557 ver-

2054 3593 2352 3657 berantes,
2386 3591 2486 3645 alii
2511 3591 2667 3645 saxis
2698 3607 2762 3645 os
2794 3591 2924 3660 ejus
2956 3598 3353 3657 conterentes,
3387 3591 3487 3647 alii
3522 3594 3695 3665 lignis

2055 3688 2233 3752 caput
2287 3680 2705 3752 percutientes.
2742 3682 3061 3739 Postremo.
3090 3688 3368 3751 tanquam
3404 3683 3696 3739 illustrem

2056 3770 2323 3833 arietem,
2358 3768 2527 3823 illum
2552 3768 3501 3843 crudeles,impim,sanguinisque
3533 3789 3700 3827 vora-

2055 3875 2153 3914 ces
2180 3858 2318 3914 ferae
2348 3858 2543 3931 gladio
2576 3859 2955 3927 caeciderunt,
2988 3868 3165 3931 atque
3195 3861 3278 3917 ita
3306 3862 3540 3917 beatam
3562 3863 3699 3918 ani-

2056 3966 2216 4005 mam
2269 3965 2439 4004 suam
2495 3950 2745 4005 Domino
2813 3950 3188 4024 tradidit,pro
3221 3969 3337 4024 quo
3377 3953 3697 4010 violentam

2058 4043 2311 4093 mortem
2334 4037 2641 4095 sustinuit.

2055 4235 2157 4293 88
2180 4238 2253 4291 Et
2282 4239 2720 4292 commemoratio
2748 4239 2927 4293 sancti
2973 4239 3157 4292 Patris
3217 4238 3398 4293 nostri
3426 4240 3700 4309 Hesychii.

2126 4359 2377 4415 Sanctus
2410 4362 2583 4415 Pater
2610 4367 2814 4416 noster
2870 4362 3216 4432 Hesychius,
3281 4363 3703 4436 Hierosolymis

2057 4449 2300 4521 quidem
2328 4456 2387 4504 et
2438 4456 2613 4505 natus
2662 4450 2773 4505 fuit
2822 4455 2879 4505 et
2936 4451 3258 4519 educatus;
3302 4468 3538 4506 omnem
3567 4469 3703 4506 vero

2059 4538 2423 4609 Scripturam
2453 4539 2514 4593 in
2546 4556 2777 4594 summo
2809 4540 3070 4595 culmine
3098 4540 3433 4606 meditatus,
3460 4542 3709 4596 scientia

292 4626 376 4688 εἷς
409 4597 565 4682 Θεόν.
601 4624 692 4680 Διὸ
722 4624 812 4679 καὶ
861 4625 1247 4701 ἀναχωρήσας,
1307 4624 1396 4681 καὶ
1456 4626 1746 4700 γενόμενος
1781 4649 1952 4700 μονα-

2070 4597 2203 4699 qua;
2224 4628 2296 4683 ad
2332 4629 2512 4682 Deum
2548 4597 3633 4701 spectat,cumulatusest.Quap'ropter
3655 4636 3713 4685 et

292 4715 423 4791 χὸς,
458 4709 725 4787 διέτριϐεν
785 4713 837 4769 ἰν
895 4720 1013 4776 ταῖς
1068 4713 1325 4790 ἐρήμοις.
1372 4715 1752 4790 ἀπερχόμενος
1810 4718 1948 4790 πρὸς

291 4802 424 4867 τοὺς
453 4801 567 4857 ἐκεῖ
596 4800 780 4866 ὁσίους
827 4803 1083 4875 πατέρας,
1140 4800 1232 4856 καὶ
1290 4806 1419 4876 παρ’
1474 4802 1701 4859 ἑκάστου
1751 4804 1951 4860 συλλέ-

286 4914 403 4968 γων
465 4890 535 4946 τὰ
586 4891 716 4962 ἄνθη
778 4892 880 4959 τῆς
938 4892 1155 4965 ἀρετῆς,
1216 4890 1291 4952 ὡς
1330 4890 1630 4965 φιλόπονος
1692 4892 1944 4964 μέλισσα.

287 4977 449 5035 Ἐπεὶ
481 4976 582 5034 οὐκ
627 4977 695 5047 ἧν
749 4973 974 5032 δυνατὸν
1006 4977 1275 5048 τοσαύτην
1336 4974 1522 5041 λαθεῖν
1570 4979 1791 5055 ἀρετήν,
1828 4979 1946 5054 βια-

290 5069 442 5132 σθεὶς
481 5067 628 5142 παρὰ
679 5071 776 5123 τοῦ
825 5067 949 5122 τότε
998 5066 1302 5142 ἀρχιερέως
1363 5070 1469 5123 τῶν
1523 5065 1945 5144 Ἰεροσολύμων,

284 5154 692 5234 δχειοοτονήθη
720 5151 1106 5232 πρεσϐύτερος.
1166 5154 1274 5220 Καὶ
1330 5155 1659 5225 προσμένων
1709 5161 1792 5231 τῷ
1846 5162 1947 5213 τοῦ

287 5246 493 5319 Κυρίου
515 5245 693 5324 ταφῳ,
721 5246 812 5300 καὶ
842 5250 959 5305 τοῖς
986 5242 1180 5305 ἃλλοις
1211 5243 1428 5309 τόποις,
1489 5243 1542 5298 ἰν
1600 5247 1683 5307 οῖς
1712 5248 1779 5301 τὰ
1813 5248 1946 5323 ὑπὲρ

284 5339 452 5409 ἡμῶν
480 5334 610 5409 ἆγια
640 5335 786 5406 πάθη
853 5332 1134 5407 ὑπέμεινεν
1197 5333 1226 5387 ὁ
1280 5334 1484 5407 Κύριος
1517 5335 1676 5406 ἡμῶν
1732 5336 1944 5405 ἰησοῦς

285 5422 762 5499 Χριστὸς,ἤντλει
818 5423 995 5498 πηγᾶς
1057 5424 1310 5499 γνώσεως
1361 5424 1451 5478 καὶ
1511 5425 1723 5501 σοφίας.
1784 5428 1941 5486 Ὅθεν

286 5518 377 5572 καὶ
412 5521 590 5570 πᾶσαν
626 5515 839 5593 Γραφην
869 5514 1179 5589 ἡρμήνευσέ
1238 5534 1297 5568 τε
1348 5512 1436 5567 καὶ
1489 5510 1795 5592 διεσάφησε.
1852 5517 1943 5573 καὶ

290 5606 366 5668 εἷς
400 5604 633 5663 πολλῶν
668 5606 966 5679 προέθηκεν
1008 5602 1297 5682 ὠφέλειαν.
1344 5604 1617 5669 Ἐντεῦθεν
1649 5608 1944 5683 γενόμενος

285 5702 404 5761 ,οξ
434 5702 565 5751 πᾶσι
609 5689 966 5773 περιϐόητος,
999 5693 1084 5748 ra?
1146 5693 1477 5768 Θαυμαστὸς,
1539 5695 1627 5752 καῖ
1684 5696 1773 5753 τὸν
1814 5698 1944 5755 Θεὸν

2063 4717 2487 4789 Hierosolymis
2520 4718 2899 4781 secedens.et
2930 4720 3257 4774 monachus
3288 4720 3501 4779 factus.
3528 4721 3709 4776 vitam

2062 4810 2124 4864 in
2151 4826 2350 4865 eremo
2392 4809 2577 4871 duxit.
2607 4811 2895 4866 accedens
2926 4812 2997 4865 ad
3057 4818 3313 4877 sanctos,
3351 4814 3449 4884 qui
3484 4814 3707 4869 ibidem

2061 4900 2584 4955 commorabantur
2619 4903 2842 4969 Patres,
2878 4908 2935 4956 et
2972 4901 3043 4956 ab
3078 4920 3441 4976 unoquoque
3474 4922 3699 4960 eorum.

2059 4988 2251 5045 instar
2280 4990 2592 5046 laboriosas
2639 4992 2790 5063 apis,
2824 4992 3001 5048 ﬂores
3061 4994 3341 5050 virtutum
3391 4995 3698 5068 colligens.

2058 5079 2202 5135 Cum
2232 5096 2368 5135 vero
2403 5080 2532 5135 ﬁeri
2565 5098 2683 5135 non
2714 5087 2934 5152 posset,
2967 5087 3033 5136 ut
3072 5089 3235 5138 tanta
3266 5083 3447 5140 virtus
3470 5084 3704 5148 lateret.

2059 5168 2112 5223 vi
2145 5168 2391 5225 adactus
2417 5168 2489 5224 ab
2513 5185 2603 5233 eo,
2642 5170 2742 5239 qui
2778 5176 2900 5225 tum
2937 5171 3476 5242 Hierosolymorum
3509 5172 3707 5229 archi-

2057 5256 2372 5328 episcopus
2403 5262 2546 5315 erat.
2569 5258 2878 5330 presbyter
2907 5259 3215 5314 ordinatus
3239 5267 3348 5325 est,
3380 5261 3438 5314 in
3475 5262 3710 5317 Domini

2058 5352 2255 5400 autem
2290 5347 2844 5419 sepulcro.aliisque
2880 5347 3047 5409 locis,
3070 5349 3129 5403 in
3163 5349 3382 5421 quibus
3406 5367 3513 5421 pro
3538 5351 3713 5406 nobis

2058 5435 2335 5489 Dominus
2367 5442 2569 5491 noster
2592 5437 2759 5491 Jesus
2792 5438 3058 5493 Christus
3080 5446 3343 5493 sanctam
3373 5440 3712 5510 passionem

2059 5524 2361 5579 sustinuit.
2396 5542 2776 5596 permanens,
2811 5527 3077 5581 exhausit
3131 5530 3322 5583 fontes
3357 5528 3619 5583 scientia:
3653 5535 3711 5581 et

2060 5614 2365 5684 sapientiae
2390 5615 2576 5670 :unde
2609 5621 2668 5669 et
2697 5632 2934 5670 omnem
2954 5616 3313 5686 Scripturam
3346 5618 3703 5686 interpreta-

2064 5707 2157 5760 tus
2186 5710 2295 5777 est,
2325 5722 2394 5760 ac
2424 5704 2683 5764 dilucide
2708 5706 3002 5779 exposuit,
3034 5711 3210 5778 atque
3242 5707 3316 5762 ad
3371 5707 3695 5762 multorum
