4086 6204
355 347 472 408 275

1673 355 2116 420 MENOLOQII
2161 359 2369 424 PARS
2410 361 2520 424 lli.

3645 365 3764 426 876

355 481 674 540 utilitatem
699 486 1165 557 proposuit.Qua
1193 487 1265 542 de
1297 503 1475 544 causa
1503 489 1695 547 factus
1717 492 1979 548 omnibu:

2109 491 2380 556 παντοίως
2451 495 2804 569 θεραπεύσας,
2879 497 3017 571 πρὸς
3097 495 3258 552 αὐτὸν
3308 493 3578 571 ἀνέδραμε
3630 495 3758 572 χαί-

357 573 787 630 celeberrimus
845 581 903 628 et
945 575 1335 644 admirabilis,
1395 595 1531 636 cum
1572 581 2002 652 perfectissime

358 666 476 720 Deo
510 663 826 729 serviisset,
852 663 1026 718 laetus
1058 665 1131 720 ad
1165 682 1298 722 eum
1332 671 1610 726 accurrit.

426 753 497 806 Et
525 754 1012 807 commemoratio
1044 757 1232 810 sancti
1249 759 1639 814 Patrisnostri
1661 761 2003 829 Hilarionis,

354 839 586 894 abbatis
617 842 963 896 monasterii
997 844 1330 901 Pelecetes:
1363 864 1596 904 necnon
1628 850 1862 906 Martini
1877 851 1999 921 epi~

354 928 516 999 scopi
548 930 1001 986 Arethusiorum
1030 950 1043 988 :
1069 939 1128 989 et
1155 935 1355 1008 Cyrilli
1381 939 1641 996 Diaconi.

921 1023 1162 1078 EODEM
1185 1026 1436 1082 MENSE.

887 1111 990 1166 Die
1025 1113 1304 1169 vicesima
1333 1132 1493 1172 nona

533 1197 820 1254 Certamen
874 1209 1186 1259 sanctorum
1219 1207 1380 1264 Jonas
1409 1213 1461 1262 et
1491 1208 1819 1266 Barachisii.

420 1377 759 1450 Imperante
785 1380 1172 1438 Constantino
1191 1387 1396 1459 Magno
1409 1389 1707 1444 erantisti.
1730 1391 1998 1447 Monachi

349 1470 549 1520 autem
580 1483 715 1522 cum
749 1475 965 1536 essent,
999 1471 1277 1528 abierunt
1303 1474 1364 1530 in
1395 1476 1695 1532 Persidem
1731 1494 1743 1531 :
1773 1485 1832 1534 et
1861 1496 1996 1535 cum

349 1553 572 1610 ibidem
601 1559 935 1628 reperirent
963 1578 1172 1618 novem
1204 1571 1439 1622 sanctos
1471 1570 1997 1639 martyrescarceri

345 1641 632 1712 inclusos,
689 1663 791 1703 eos
849 1650 923 1705 ad
979 1651 1212 1708 fortiter
1239 1655 1584 1711 certandum
1631 1659 1994 1716 animarunt.

345 1733 536 1798 Quare
568 1739 1009 1808 comprehensi,
1031 1748 1090 1797 et
1117 1743 1192 1797 ad
1215 1745 1514 1817 principes
1547 1749 1862 1803 Persarum
1890 1748 1994 1803 ad-

349 1819 510 1878 ducti
542 1830 701 1890 sunt,
733 1843 769 1882 a
799 1829 1014 1898 quibus
1041 1830 1434 1904 adigebantur
1479 1835 1780 1892 Christum
1810 1837 1979 1893 abne-

2105 1835 2344 1906 υερσῶν,
2403 1827 2456 1885 ο⁶ί
2511 1831 2601 1885 καὶ
2657 1828 3064 1903 κατηνάγκασαν

343 1925 504 1982 gare.
539 1913 650 1968 Sed
681 1931 815 1971 cum
839 1916 912 1972 ad
937 1919 996 1974 id
1017 1919 1358 1978 faciendum
1377 1940 1756 1997 nequaquam
1779 1925 1992 1982 adduci

346 2004 848 2074 possent,primus
869 2008 1047 2064 Jonas
1069 2010 1321 2067 vinculis
1339 2015 1767 2089 constringitur
1778 2032 1993 2072 secun-

345 2085 489 2144 dum
519 2089 711 2163 legem
746 2095 1060 2153 Persarum
1088 2117 1100 2154 :
1137 2099 1332 2156 solent
1361 2103 1518 2158 enim
1553 2085 1768 2170 Persas,
1803 2105 1850 2160 si
1881 2105 1989 2160 ali-

343 2192 522 2247 quem
552 2181 898 2240 verberibus
929 2191 1232 2260 excepturi
1283 2197 1443 2254 sunt,
1475 2193 1646 2248 illum
1677 2195 1738 2249 in
1771 2201 1989 2250 terram

341 2266 664 2340 deponere.
698 2273 946 2346 ejusque
981 2293 1190 2334 manus
1220 2296 1287 2336 ac
1319 2280 1498 2352 pedes
1530 2283 1779 2338 vinculis
1809 2283 1987 2339 alicui

338 2355 501 2430 ligno
523 2361 869 2434 astringere.
901 2365 1009 2421 Ille
1037 2383 1192 2434 vero,
1254 2376 1541 2442 tanquam
1572 2373 1722 2445 lapis
1771 2376 1988 2431 immo-

339 2449 455 2510 tus,
488 2448 690 2522 plagas
721 2455 968 2525 accepit,
993 2456 1132 2511 dum
1164 2461 1391 2530 asperis
1417 2462 1590 2533 virgis
1618 2463 1945 2519 caederetur
1969 2481 1982 2518 :

342 2551 520 2607 quem
582 2555 792 2596 sanum
853 2543 1245 2614 invenientes,
1283 2550 1660 2621 projecerunt
1713 2554 1893 2620 foras,
1927 2559 1986 2608 et

335 2624 849 2697 glacieiconcretaa
867 2634 968 2689 84
988 2651 1090 2705 per
1107 2643 1288 2694 totam
1308 2647 1540 2696 noctem
1559 2651 1980 2714 exposuerunt.

337 2716 561 2787 Digitos
619 2719 836 2776 deinde
892 2740 1176 2780 manuum
1237 2743 1305 2784 ac
1365 2731 1581 2801 pedum
1625 2731 1985 2788 abscindunt

335 2803 652 2878 ipsumque
684 2809 746 2863 in
780 2811 1023 2869 cochlea
1071 2831 1501 2888 compressum,
1531 2837 1695 2876 serra
1714 2821 1980 2877 medium

336 2899 559 2963 secant,
595 2902 652 2951 et
705 2898 765 2952 in
826 2900 1017 2956 lacum
1078 2906 1434 2976 projiciunt:
1467 2915 1646 2980 atque
1686 2910 1768 2965 ita
1800 2912 1978 2966 linem

332 2981 564 3039 vivendi
585 2985 744 3041 fecit.
779 2990 1151 3048 Barachisius
1176 3001 1374 3050 autem
1426 2998 1620 3054 nudus
1645 3017 1750 3071 per
1775 3001 1977 3072 spinas

2108 602 2238 658 ρων.

2178 745 2280 802 Καὶ
2329 747 2525 819 μνήμη
2575 751 2671 802 τοῦ
2731 746 2885 802 ὁσίου
2945 747 3156 823 Πατρὸς
3212 749 3375 820 ἡμῶν
3437 747 3754 820 Ἰλαρίωνος

2104 836 2417 910 ἡγουμένου
2497 843 2669 908 μονῆς
2761 843 2863 904 τῆς
2925 835 3260 906 [Ιελεκητῆς.
3326 838 3416 891 καὶ
3474 837 3747 913 Μαρτίνου

2105 920 2403 980 ἐπισκόπου
2434 924 2818 1000 Ἀρεθουσίων,
2849 927 2936 981 καὶ
2999 924 3288 1001 Κυρίλλου
3329 925 3610 983 Διακόνου.

2645 1035 2826 1092 ΜΗΝΙ
2871 1040 2959 1090 ΤΩ
3012 1037 3218 1093 ΔΥἸὬ.

2874 1143 2972 1199 Κθ’

2244 1232 2510 1302 Ἀθλησις
2543 1236 2650 1286 τῶν
2683 1231 2846 1307 ἁγίων
2899 1233 3076 1303 Ἰωνᾶ,
3100 1232 3190 1287 καὶ
3221 1230 3604 1306 Βαραχησίου.

2169 1380 2296 1436 Ἐπὶ
2326 1386 2422 1449 τῆς
2453 1377 2603 1456 βασι)
2619 1381 2732 1442 είας
2754 1379 2850 1435 τοῦ
2871 1380 3116 1453 μεγάλου
3148 1375 3552 1433 Κωνσταντίνου
3575 1378 3750 1451 ὓπῆρο

2099 1491 2206 1548 χον
2237 1473 2415 1528 οὗτοι’
2469 1471 2708 1547 μοναχοί
2762 1468 2819 1526 δὲ
2875 1471 3026 1533 ὅντες
3076 1468 3324 1538 ἀπῆλθον
3359 1467 3434 1529 εἷς
3493 1464 3746 1544 Ηερσίδα,

2098 1562 2189 1617 καὶ
2220 1561 2272 1617 ὲν
2301 1561 2436 1635 αὐτῇ
2466 1559 2887 1623 κατακλείστους
2916 1559 3160 1633 εὑρόντες
3188 1557 3314 1620 τοὺς
3353 1555 3546 1631 ἁγίους
3603 1556 3748 1612 ὶννέα

2103 1654 2401 1726 μάρτυρας,
2459 1649 2864 1726 παρεθάρρυνον
2924 1648 3120 1710 αὐτοὺς
3154 1648 3290 1721 πρὸς
3346 1646 3472 1708 τοὺς
3504 1646 3746 1721 ἀγῶνας,

2102 1742 2463 1816 Κρατηθέντες
2521 1737 2579 1795 δὲ
2632 1739 2889 1815 ἤχθησαν
2943 1738 3083 1812 πρὸς
3126 1736 3254 1798 τοὺς
3312 1737 3581 1812 ἄρχοντας
3635 1739 3742 1790 τῶν

3164 1826 3358 1890 αὐτοὺς
3417 1827 3745 1901 ἀρνήσασθαι

2099 1921 2191 1976 τὸν
2223 1921 2477 1996 Χριστόν.
2511 1921 2610 1978 Καὶ
2675 1919 2752 1992 μή
2810 1918 3138 1987 πεισθέντες,
3195 1914 3472 1990 δεσμεῖται
3527 1921 3748 1993 πρῶτος

2101 2013 2347 2075 ἑἸωνᾶς
2374 2009 2528 2082 νόμῳ
2575 2013 2834 2082 περσικῷ.
2896 2009 2959 2062 Ol
3013 2009 3118 2084 γὰρ
3179 2006 3396 2081 Πέρσαι,
3465 2004 3523 2061 ὃν
3581 2010 3746 2080 τῦψαι

2103 2098 2526 2174 μὲλλουσιν,εἶ“ς
2578 2105 2682 2173 γῆν
2735 2096 3067 2166 καθίσαντες,
3125 2095 3178 2152 ἦν
3212 2097 3291 2152 ἑνὶ
3346 2096 3494 2170 ξύλῳ
3554 2096 3746 2172 Λεῖρας

2099 2190 2189 2247 καὶ
2220 2187 2392 2252 πόδας
2437 2185 2836 2261 ἀποδεσμοῦσιν
2906 2185 3088 2242 αὖτοῦ·
3148 2187 3176 2241 ὁ
3237 2183 3294 2240 δὲ
3349 2184 3529 2260 ὣσπερ
3589 2183 3744 2248 λίθος

2097 2278 2349 2348 ἀκίνητος
2383 2274 2594 2353 δέχεται
2640 2277 2738 2339 τὰς
2783 2275 3026 2350 πληγάς.
3083 2279 3286 2331 Τοῦτον
3315 2273 3411 2329 οὖν
3453 2275 3740 2349 τραχείαις

2095 2362 2322 2445 ῥάϐδοις
2360 2366 2620 2440 τύψαντες
2671 2363 2911 2440 ἕσουρον,
2970 2365 3060 2420 καὶ
3110 2362 3336 2441 ἔῤῥιψαν
3392 2359 3494 2434 ἔξω
3555 2363 3606 2418 ἂν
3658 2367 3738 2435 τῷ

2093 2459 2250 2532 πάγῳ
2281 2453 2352 2510 δι’
2382 2456 2521 2526 ὅλης
2547 2463 2648 2524 τῆς
2686 2455 2898 2517 νυκτός.
2959 2456 3096 2511 bitu
3151 2454 3402 2527 τέμνεται
3458 2451 3585 2515 τοὺς
3641 2449 3737 2507 δα-

2090 2546 2323 2608 κτύλους
2351 2551 2458 2600 τῶν
2493 2549 2716 2620 χειρῶν,
2767 2545 2857 2599 καὶ
2886 2549 2992 2598 τῶν
3053 2541 3261 2608 ποδῶν,
3291 2542 3381 2597 καὶ
3439 2541 3734 2619 κατασφίγ-

2090 2657 2278 2711 γουσιν
2309 2633 2465 2690 αὐτὸν
2501 2634 2551 2690 ἐν
2586 2633 2878 2709 στυρακίῳο
2940 2634 3049 2688 εἶτα
3106 2632 3355 2705 πρίζουσι
3405 2630 3590 2704 μέσον,
3639 2629 3731 2684 καὶ

2091 2727 2376 2804 ῥίπτουσιν
2447 2725 2522 2787 εἷς
2574 2723 2798 2794 λάκκον,
2838 2722 2962 2788 ἔνθα
3018 2723 3108 2779 καὶ
3153 2721 3464 2793 ἐτελειώθη.
3532 2723 3593 2778 Ὀ
3672 2719 3733 2775 δὲ

2090 2818 2435 2893 Βαραχήσιος
2489 2817 2668 2889 συρεὶς
2696 2814 2902 2890 γυμνὸς
2957 2815 3010 2869 ὲν
3069 2813 3340 2882 ἀκάνθαις,
3397 2811 3488 2867 καὶ
3545 2811 3597 2865 ἐν
3650 2815 3733 2882 τῷ

2089 2905 2362 2978 στυρακίῳ
2424 2903 2669 2979 βληθεῖς,
2717 2903 2807 2958 καὶ
2866 2903 3001 2958 κατᾶ
3055 2907 3153 2958 τοῦ
3206 2903 3480 2980 φάρυγγος
3533 2901 3731 2956 πίσσαν

2093 2997 2394 3072 βράζουσαν
2436 2993 2739 3069 ἐπιχυθεὶς,
2773 2992 3089 3063 ἐτελειώθη,

331 3075 718 3140 tractus,etin
736 3079 1039 3136 cochleam
1053 3084 1598 3155 conjectus,cumin
1612 3090 1741 3160 ejus
1757 3096 1958 3162 guttur
1988 3089 2090 3164 pix
2120 3087 2416 3144 ebulliens
2446 3085 2644 3142 infusa
2674 3091 2844 3153 esset,
2877 3085 3054 3141 vitam
3087 3082 3538 3140 consummavit.

435 3235 520 3292 Et
549 3245 993 3298 commemoratio
1035 3249 1212 3300 sancti
1269 3251 1464 3305 Acacii
1517 3253 1863 3321 confessoris.

399 3376 648 3436 Sanctus
680 3383 853 3439 Pater
899 3393 1104 3443 noster
1132 3391 1380 3448 Aeacius
1412 3394 1718 3452 confessor
1763 3396 1976 3452 Christi

323 3465 463 3522 vixit
494 3469 702 3542 iniquo
731 3473 906 3531 Decio
931 3477 1434 3549 imperante.(2um
1461 3491 1661 3541 autem
1680 3486 1974 3542 Christum

324 3557 695 3627 prmdicaret.
717 3562 788 3617 ab
822 3564 1152 3624 idololatris
1181 3576 1272 3626 est
1301 3575 1768 3645 comprehensus
1803 3593 1816 3631 :
1849 3577 1977 3631 vin-

326 3651 575 3720 ctusque
607 3650 680 3705 ad
703 3653 1060 3713 Marcianum
1096 3660 1354 3732 regionis
1396 3664 1738 3732 praefectum
1756 3665 1974 3736 adduc-

325 3740 422 3791 tus
454 3738 688 3806 fuit,cui
716 3750 937 3810 astans,
972 3764 1193 3805 nomen
1225 3751 1460 3806 Domini
1493 3753 1803 3810 confessus
1837 3759 1926 3810 est
1960 3771 1972 3807 :

327 3825 723 3902 disseruitque
755 3834 828 3890 de
861 3835 1187 3904 divinitate,
1209 3839 1399 3910 deque
1426 3839 1642 3896 Christi
1666 3843 1976 3914 dispensa-

325 3915 575 3984 tione,et
603 3921 675 3977 de
707 3924 1027 3982 Cherubim
1056 3932 1232 3996 atque
1265 3929 1571 3998 Seraphim
1599 3946 1611 3983 :
1637 3931 1973 3985 Crassorum

326 4011 523 4062 autem
556 4011 688 4066 risit
717 4012 880 4078 deos,
901 4031 1227 4084 eorumque
1251 4031 1511 4071 errorem
1537 4019 1746 4090 arguit.
1783 4020 1973 4084 Quare

324 4097 670 4166 gravissime
697 4101 971 4156 tortus.in
996 4117 1294 4157 carcerem
1323 4109 1412 4157 est
1431 4112 1757 4173 conjectus.
1789 4108 1970 4162 Com-

323 4189 617 4244 mentaria
647 4188 884 4241 interim
919 4187 992 4241 de
1024 4203 1091 4244 eo
1147 4189 1222 4244 ad
1277 4191 1516 4248 Decium
1549 4195 1972 4266 imperatorem

322 4274 656 4330 Marcianus
689 4274 1039 4342 transmisit,
1095 4279 1198 4348 qui
1257 4282 1577 4347 mandavit,
1609 4291 1677 4340 ut
1730 4293 1971 4343 sanctus

323 4363 545 4432 absque
576 4361 800 4431 injuria
848 4369 907 4418 et
935 4367 1200 4424 cruciatu
1238 4370 1654 4431 dimitteretur.
1682 4377 1850 4432 Hunc
1906 4377 1969 4432 in

322 4449 565 4505 modum
616 4448 918 4520 dimissus,
952 4455 1167 4512 Christi
1217 4461 1491 4534 stigmata
1537 4463 1597 4518 in
1629 4481 1805 4520 carne
1864 4483 1971 4524 sua

323 4536 769 4608 circumferens,
805 4543 1124 4617 pluresque
1158 4547 1527 4618 illuminans,
1560 4560 1618 4608 et
1647 4554 1719 4610 ad
1750 4555 1964 4612 Christi

2161 3234 2258 3290 Καὶ
2285 3234 2476 3306 μνήμη
2516 3235 2612 3287 τοῦ
2652 3231 2812 3306 ἁγίου
2842 3232 3096 3288 Ἀκακίου
3153 3235 3250 3286 τοῦ
3284 3228 3656 3305 ὁμολογητοῦ.

2160 3382 2412 3444 Ἀκάκιος
2444 3384 2472 3438 ὁ
2503 3381 2553 3437 ἐν
2587 3382 2759 3458 ἁγίοις
2791 3384 2977 3456 Πατὴρ
3013 3384 3196 3454 ἡμῶν,
3229 3382 3318 3437 καὶ
3365 3380 3728 3457 ὁμολοῃτής

2084 3477 2182 3530 τοῦ
2230 3476 2488 3549 Χριστοῦ,
2541 3472 2606 3542 ἧν
2665 3471 2750 3526 ἐπὶ
2813 3472 3004 3527 Δεκίου
3059 3477 3157 3527 τοῦ
3197 3473 3515 3547 παρανᾶμου
3567 3473 3727 3547 βασι-

2087 3561 2249 3625 λέως·
2299 3561 2579 3638 κηρύττων
2643 3558 2700 3616 δὲ
2779 3562 2874 3616 τὸν
2958 3561 3187 3635 Χριστὸν
3249 3561 3520 3638 ἐκρατήθη
3576 3563 3726 3637 παρᾶ

2083 3657 2191 3708 τῶν
2225 3649 2667 3724 εἷδωλολατρῶν,
2722 3649 2813 3706 καὶ
2871 3649 3042 3714 δεθεὶς
3099 3654 3394 3728 προσήχθη
3427 3656 3728 3727 Μαρκιανῷ

2083 3745 2162 3812 τῷ
2213 3749 2313 3812 τῆς
2371 3742 2560 3817 χώρας
2613 3741 2823 3812 ὑπάτῳ·
2882 3740 2972 3795 καὶ
3055 3742 3330 3816 παραστὰς
3389 3739 3724 3818 ὡμολόγησε

2083 3831 2146 3885 τὸ
2176 3826 2350 3902 ὄνομα
2376 3835 2474 3886 τοῦ
2505 3829 2726 3906 Κυρίου,
2756 3830 2846 3885 καὶ
2878 3827 3128 3900 διεξῆλθε
3183 3831 3309 3906 περὶ
3363 3833 3464 3900 τῆς
3519 3833 3720 3902 θεότη-

2081 3919 2314 3985 τος,καὶ
2346 3919 2592 3990 περὶτῆς
2624 3918 2940 3990 οἰκονομίας
2985 3923 3083 3974 τοῦ
3134 3921 3392 3994 Χριστοῦ,
3447 3921 3539 3976 καὶ
3597 3921 3723 3996 περὶ

2079 4011 2188 4060 τῶν
2244 4002 2543 4080 Χερουϐὶμ,
2601 4006 2690 4061 καὶ
2754 4011 2863 4062 τῶν
2933 4008 3196 4086 Σεραφίμ·
3265 4008 3611 4080 ἐστηλίτευσε
3666 4007 3724 4065 δί

2080 4095 2170 4150 καὶ
2203 4093 2466 4170 ἐχλεύασε
2495 4097 2581 4150 καὶ
2614 4096 2741 4158 τοὺς
2773 4096 2927 4160 θεοὺς
2957 4101 3064 4152 τῶν
3106 4097 3414 4169 Ἑλλήνων,
3467 4099 3558 4156 καὶ
3621 4102 3720 4168 τήν

2080 4181 2292 4254 πλάνην
2311 4183 2524 4264 αὐτῶν.
2575 4186 2732 4250 ’Ὅθεν
2795 4186 3133 4262 βασανισθεὶς
3186 4187 3447 4264 ἰσχυρῶς,
3507 4188 3562 4245 ἓν
3617 4211 3724 4268 φυ-

2081 4270 2221 4346 λακῇ
2274 4257 2650 4344 κατεκλείσθη.
2709 4257 2805 4330 Τὰ*
2845 4272 2902 4330 δὲ
2959 4277 3081 4350 περὶ
3138 4257 3725 4352 αὐτοῦ-ὑπομνήματα

2079 4361 2388 4436 Μαρκιανὸς
2422 4362 2665 4438 ἀνήγαγε
2696 4364 2867 4437 Δεκίῳ
2920 4369 2997 4437 τῷ
3031 4365 3266 4441 βασιλεῖ·
3326 4367 3471 4428 ὅστις
3505 4366 3721 4423 ἒγὲλευ-

2078 4468 2162 4503 σεν
2196 4445 2537 4517 ἀπολυθῆναι
2569 4452 2660 4506 τὸν
2712 4451 2861 4526 ἅγιον
2894 4447 3234 4524 ἀνύϐριστον,
3287 4455 3373 4509 καὶ
3431 4455 3717 4529 ἀτιμώρηο

2073 4558 2188 4594 τον.
2224 4537 2330 4593 Καὶ
2380 4537 2557 4601 οὕτως
2618 4539 2934 4610 ἀπολυθεὶς,
2987 4541 3052 4596 τὰ
3107 4541 3377 4616 στίγματα
3428 4548 3524 4599 τοῦ
3582 4548 3717 4620 Χριι

321 4639 556 4696 gregem
588 4626 904 4694 deducens,
941 4615 1246 4693 miraculis
1321 4646 1378 4695 et
1429 4615 1717 4697 doctrinis
1748 4645 1964 4716 oppido

2096 4629 2199 4681 ττοῢ
2256 4624 2561 4706 περιφέρων
2621 4627 2672 4684 ἐν
2731 4633 2798 4703 τῇ
2859 4630 3015 4704 σαρκῖ
3065 4630 3253 4703 αὑτοῦ,
3313 4632 3400 4687 καὶ
3461 4633 3712 4696 πολλοὺς

321 4711 538 4784 clarus,
573 4716 634 4772 in
665 4734 811 4790 pace
832 4723 1140 4795 requievit.

388 4958 458 5013 Et
479 4961 772 5018 memoria
799 4965 988 5020 sancti
1029 4967 1217 5023 Patris
1249 4971 1435 5026 nostri
1487 4974 1778 5032 Eustathii
1811 4979 1961 5050 epis-

317 5048 447 5122 copi
482 5048 788 5122 Bithynis.

864 5142 1104 5202 EODEM
1145 5145 1400 5206 MENSE.

916 5232 1018 5288 Die
1059 5235 1360 5293 tricesima

310 5332 408 5390 85
444 5333 727 5392 Certamen
782 5342 961 5394 sancti
1008 5341 1187 5397 Marci
1224 5343 1468 5418 episcopi
1515 5348 1952 5410 Arethusiornm.

385 5510 528 5566 Cum
561 5513 892 5572 Christiana
907 5517 1110 5590 religio
1133 5521 1518 5581 Constantino
1533 5527 1740 5600 Magno
1763 5532 1951 5607 impe-

313 5605 484 5654 rante
518 5616 646 5658 sese
671 5602 790 5660 late
827 5604 1209 5679 diffunderet,
1239 5613 1467 5670 Marcus
1501 5602 1951 5680 Arethusiorum

317 5689 630 5762 episcopus
661 5709 860 5749 everso
893 5696 1182 5756 idolorum
1200 5701 1335 5759 fano
1359 5707 1669 5766 ecclesiam
1683 5718 1950 5769 constru-

2064 5628 2513 5700 Χριστιανισμοῦ,
2572 5629 2792 5703 Μάρκος
2853 5629 2882 5683 ὁ
2961 5629 3252 5694 ἐπίσκοπος

2061 5712 2350 5770 εἱδωὶικὸν
2380 5715 2504 5770 ναὸν
2537 5711 2881 5790 καταϐαλὼν,
2914 5718 3203 5792 δκκλησίαν
3262 5711 3488 5782 ἴκτεαεν.
3549 5723 3702 5784 Ἐπεί

2073 4718 2479 4792 φωταγωγγςσας
2511 4718 2599 4772 καὶ
2639 4717 2855 4795 ἀγαγὼν
2911 4717 2988 4782 εἷς
3017 4719 3115 4787 τήν
3164 4721 3398 4794 ποίμνην
3428 4725 3524 4776 τοῦ
3579 4725 3718 4799 Χρι-

2071 4808 2198 4859 στοῦ
2228 4805 2279 4859 ὲν
2318 4806 2553 4878 θαύμασι
2609 4807 2699 4862 καὶ
2779 4805 3071 4883 διδάγμασι
3129 4808 3316 4873 καλῶς
3373 4806 3702 4886 διαπρέψας,

2071 4893 2122 4950 ἔν
2153 4893 2340 4968 εἷ’ρήνῃ
2372 4893 2732 4955 ἀνεπαύσατο.

2141 4982 2245 5039 Καὶ
2301 4985 2492 5055 μνήμη
2549 4983 2646 5040 τοῦ
2697 4984 2845 5040 ὁσίου
2900 4988 3110 5062 Πατρὸς
3155 4987 3314 5060 ἡμῶν
3403 4989 3706 5047 Εὖσταθίου

2067 5068 2366 5127 ἐπισκόπου
2395 5073 2664 5137 Βιθυνίας.

2621 5164 2798 5222 ΜΗΝΙ
2828 5169 2912 5221 ΤΩ
2945 5168 3148 5224 ΑΥΤΩ.

2865 5255 2928 5312 Α.

2135 5354 2402 5429 Ἀθλησις
2429 5361 2526 5413 τοῦ
2557 5358 2717 5434 ἁγίου
2766 5361 2997 5486 M‘a'pxou
3049 5361 3351 5420 ὶπισκὸπου
3381 5367 3634 5442 Ἀρεθου-

2773 5451 2804 5485 σ
2829 5455 2924 5486 ων.

2773 5451 2924 5489 σιων.

2138 5535 2262 5593 Ἐπὶ
2295 5537 2696 5594 Κωνσταντίνου
2752 5543 2849 5595 τοῦ
2907 5541 3146 5617 μεγάλου
3177 5543 3553 5612 πλατῦναντος
3605 5551 3706 5603 τοῦ

3341 5633 3700 5712 Ἀρεθουσίων
