4104 6196
341 366 464 427 εττ

1846 361 2228 427 MARTIUS.

3646 375 3763 436 378

344 496 405 555 δὶ
437 500 466 555 ὃ
498 500 664 573 μέγας
723 496 1046 569 ἐτελεῦτησε
1103 504 1532 571 Κωνσταντῖνος,
1588 498 1894 562 Ἰουλιανὸς
1942 495 1980 553 δῖ

2110 499 2211 554 xit.
2248 498 2564 573 Postquam
2595 515 2730 555 vero
2759 501 3000 573 Magnus
3033 500 3179 557 obiit
3218 501 3669 571 Constantinus,
3703 514 3761 565 et

340 590 371 646 ὁ
427 589 795 660 Ἀποστάτης,
856 591 1210 665 συγχωρήσει
1298 595 1453 659 Θεοῦ,
1540 597 1641 660 τῆς
1721 589 2002 667 βασιλείας

751 679 1219 756 ἀναθαρρήσαντες
1299 681 1351 734 οἱ
1431 677 1854 755 εἰδωλολάτραι,
1912 678 2001 733 καὶ

1703 768 1999 844 ἐκράτησαν

344 679 439 754 ἰκρ
448 685 669 749 άτησεν,

347 768 422 825 δι’
484 768 653 843 ὀργῆς
712 767 934 844 ἔχοντες
987 770 1078 823 τὸν
1136 771 1291 844 ἅγιον
1378 770 1625 844 Μάρκον,

349 859 533 926 αὑτὸν,
589 857 679 912 καὶ
739 858 1011 933 σχοινίοις
1060 857 1187 922 τοὺς
1236 856 1406 921 πόδας
1476 857 1753 929 δήσαντες,
1814 856 1998 933 ἔσυρον

347 949 666 1016 τύπτοντες,
725 948 814 1001 καὶ
871 944 995 1002 τὸτε
1055 947 1237 1020 μέλιτι
1293 948 1384 1003 καὶ
1454 950 1605 1024 γάρῳ
1689 948 1998 1025 χρίσαντες,

349 1035 651 1111 ἒκρέμασαν
683 1036 736 1091 ὲν
772 1039 1039 1112 σχοινίοις
1072 1037 1154 1111 ἐφ’
1210 1037 1399 1111 ὕψους,
1460 1039 1648 1112 θέρους
1703 1034 1854 1100 ὄντος
1908 1038 1998 1092 καὶ

344 1126 649 1200 καύματος,
679 1130 814 1201 πρὸς
880 1128 944 1183 τὸ
1001 1123 1416 1202 καταϐρωθῆναι
1480 1130 1583 1184 ὑπὸ
1638 1134 1743 1183 τῶν
1807 1126 1999 1203 μελισ-

345 1216 600 1277 σῶν,⁶Ως
636 1214 693 1270 δί
749 1214 895 1271 εἶδον
956 1216 1116 1272 αὑτὸν
1169 1214 1450 1272 άνένδοτον
1510 1216 1658 1286 ὅντα,
1718 1212 1996 1287 μεταϐληο

341 1304 522 1368 θέντες
552 1304 825 1359 ἀπέλυσαν
865 1312 965 1374 τῆς
1020 1305 1290 1381 τιμωρίας
1347 1306 1528 1377 αὑτὸν,
1583 1307 1673 1362 καὶ
1721 1311 1818 1362 τοῦ
1878 1306 1999 1362 λοι-

340 1398 455 1449 ποῦ
488 1397 641 1469 εἶχον
676 1394 750 1457 ὡς
780 1392 1131 1463 διδάσκαλον,
1167 1395 1241 1457 εἷς
1288 1400 1468 1468 θαῦμα
1522 1396 1698 1459 θέντες
1747 1397 1845 1466 τήν
1902 1395 1996 1451 οὐ·

335 1488 440 1538 τοῦ
472 1484 783 1556 καρτερίαν,
850 1484 939 1537 καὶ
998 1484 1325 1559 συγγνώμην
1380 1485 1809 1559 ἐξαιτησάμενοι.
1862 1488 1997 1543 Εἶτα

339 1568 737 1632 ὶπιόιοὺς.καὶ
768 1573 830 1627 τὸ
862 1573 1123 1647 ποίμνιον
1181 1575 1273 1629 τὸν
1332 1573 1634 1629 ὑπόλοιπον
1692 1582 1793 1643 τῆς
1851 1581 1995 1645 ζωῆς

335 1663 492 1733 αὑτῷ
543 1660 729 1724 καλῶς
816 1660 1020 1734 tam“,
1078 1663 1128 1718 ἐν
1194 1664 1478 1739 βαθυτάτῳ
1533 1666 1677 1740 γήρᾳ
1762 1663 1992 1720 ἀνεπαύ-

335 1771 491 1807 σατο.

2107 589 2376 645 Julianus
2402 593 2700 662 Apostata.
2722 591 2821 645 Dei
2846 593 3163 663 permissu,
3198 594 3509 666 imperium
3549 600 3760 667 tenuit,

2109 679 2569 734 confidentiores
2590 682 2781 736 effecti
2799 681 3352 750 idololatrim,antea
3376 686 3551 741 etiam
3569 689 3758 743 Marco

2107 768 3191 842 infensi.ipsumvcomprehenderunt:
3216 773 3589 845 alligatisque
3610 785 3762 834 reste

2106 858 2355 928 pedibus
2383 860 2683 913 trahentes
2706 859 3129 915 verberabant:
3162 878 3299 916 mox
3332 862 3509 917 melle
3542 871 3600 919 et
3622 884 3760 938 garo

2105 947 2795 1019 unctum,funibusquee
2821 950 3058 1004 sublimi
3089 968 3466 1023 suspensum,
3501 953 3759 1010 fervente

2106 1042 2308 1090 aestate
2339 1044 2399 1091 et
2427 1044 2592 1100 wstu.
2629 1038 2839 1109 apibus
2880 1038 3281 1095 devorandum
3336 1051 3754 1114 exposuerunt.

2104 1126 2178 1179 At
2206 1141 2341 1181 cum
2387 1125 2903 1198 inexpugnabilem
2964 1134 3021 1183 et
3073 1129 3353 1184 invictum
3414 1139 3751 1199 cernerent,

2104 1220 2330 1270 mutato
2360 1216 2633 1278 consilio,
2681 1217 2993 1272 tormentis
3046 1218 3433 1286 Subtractum,
3498 1220 3749 1279 liberum

2103 1302 2490 1358 dimiserunt:
2524 1310 2583 1359 et
2611 1304 2892 1378 deinceps
2922 1306 3178 1361 doctoris
3216 1308 3341 1363 loco
3391 1309 3749 1381 habuerunt,

2100 1395 2455 1450 miraculum
2480 1396 2608 1466 ejus
2631 1396 2975 1467 patientiam
3004 1397 3294 1463 arbitrati,
3318 1398 3549 1453 veniam
3573 1401 3751 1457 etiam

2099 1482 2235 1538 facti
2271 1492 2602 1556 poscentes.
2634 1494 2777 1540 Cum
2820 1503 2924 1557 per
2984 1486 3141 1541 hunc
3199 1486 3441 1542 modum
3502 1496 3753 1544 mortem

2100 1574 2400 1637 evasisset,
2434 1580 2492 1628 et
2537 1591 2771 1648 gregem
2826 1576 3055 1647 reliquo
3110 1576 3238 1629 vitm
3298 1593 3417 1631 sum
3478 1583 3747 1650 tempore

2099 1662 2252 1718 bene
2284 1662 2694 1735 gubernasset,
2728 1664 2789 1719 in
2821 1664 3289 1737 profundissima
3320 1672 3623 1722 senectute
3654 1685 3741 1724 re.

2098 1753 2339 1825 quievit.

334 1869 443 1926 Καὶ
501 1869 732 1942 ἄθλησις
786 1873 1123 1949 τῶν-ἁγίων
1208 1871 1483 1949 Ιςυρίλλου
1542 1873 1817 1949 διακόνου,
1898 1876 1980 1932 καῖ

2097 1873 2161 1927 Et
2208 1879 2481 1928 certamen
2526 1880 2840 1949 sanctorum
2887 1876 3086 1945 Cyrillt'
3132 1877 3355 1932 diaconi
3398 1884 3450 1934 et
3505 1879 3748 1934 aliorum

924 1943 1118 2021 ἑτέρων
1145 1943 1398 2003 πολλῶν.

403 2065 683 2132 Κῦριλλος
715 2069 744 2122 ὁ
777 2065 1029 2133 διάκονος
1059 2069 1127 2139 ἦν
1158 2070 1208 2125 ὲν
1244 2071 1475 2147 Φοινίκῃ
1504 2076 1572 2146 τῇ
1632 2072 1813 2129 πόλει·
1867 2072 1983 2129 ἐπεὶ

330 2151 388 2208 εἰ
417 2154 510 2208 καὶ
542 2154 705 2217 αὑτὸς
727 2158 861 2211 κατά
889 2159 982 2212 τὸν
1013 2160 1203 2232 καιρὸν
1262 2164 1358 2214 τοῦ
1402 2159 1645 2234 μεγάλου
1697 2168 1985 2217 Κωνσταν-

331 2244 487 2297 τίνου
518 2242 707 2299 πολλᾶ
734 2250 841 2300 τῶν
892 2244 1138 2301 εἰδώλων
1202 2247 1502 2323 συνέτριψε,
1553 2250 1842 2324 κρατηθεὶς
1895 2251 1982 2305 ἐπὶ

329 2330 642 2388 Ἰουλιανοῦ
675 2335 822 2408 παρα
871 2340 979 2389 τῶν
1039 2333 1480 2410 εἶδωλολατρῶν,
1544 2338 1720 2413 βίαιον
1776 2340 1978 2408 ὑπέστη

334 2422 587 2477 θάνατον.
648 2425 754 2491 Τήν
814 2426 919 2498 γάρ
974 2423 1208 2499 γαστέρα
1258 2425 1422 2479 αὑτοῦ
1464 2424 1866 2503 διαρρηξαντες,
1919 2428 1982 2483 τὸ

336 2513 487 2581 ἧπαρ
520 2510 685 2565 αὑτοῦ
710 2513 1034 2589 κατέτραγον,
1077 2513 1165 2568 καὶ
1213 2519 1309 2569 τοῦ
1367 2515 1619 2587 αἳματος,
1679 2517 1751 2578 ὡς
1803 2517 1981 2589 κύνες,

334 2599 746 2677 ἆπεριὲόνρτβαν,
805 2602 893 2657 καὶ
952 2603 1255 2678 παραυτίκα
1304 2601 1492 2660 ἔπεσον
1532 2607 1582 2659 οἳ
1614 2602 1832 2669 ὀδόντες
1885 2606 1980 2661 αὑ-

327 2690 462 2756 τῶν,
522 2692 613 2743 καὶ
671 2691 726 2745 αἱ
785 2691 1032 2765 γλῶσσαι
1093 2692 1385 2763 ἐσάπησαν,
1446 2694 1535 2749 καὶ
1592 2695 1643 2748 οἱ
1702 2694 1980 2772 ὀφθαλμοὶ

326 2777 740 2852 ἰτυιρλώθησαν.
775 2780 837 2837 Ὁ
865 2778 923 2835 δὲ
974 2778 1182 2854 μάρτυρ
1233 2781 1544 2845 τελειωθεὶς
1598 2782 1799 2852 ἀνῆλθε
1854 2783 1983 2859 χαί-

330 2886 439 2940 ρων
473 2866 529 2921 ἑν
561 2874 679 2929 τοῖς
719 2868 993 2942 οὐρανοῖς.
1052 2870 1182 2928 Κατ’
1240 2870 1448 2940 ἐκείνην
1506 2870 1563 2926 δὲ
1616 2874 1714 2939 τήν
1772 2872 1982 2948 ἡμέραν

330 2957 423 3011 καὶ
458 2956 512 3011 ἰν
541 2956 850 3013 Ἀσκάλωνι
881 2962 949 3031 τῇ
990 2960 1175 3027 πόλει,
1228 2962 1314 3015 καὶ
1365 2959 1416 3016 ἐν
1478 2962 1618 3037 Γάζῃ
1666 2963 1723 3016 οἱ
1751 2960 1979 3019 εἰδωλο-

328 3044 529 3119 λάτραι
566 3049 935 3119 κρατήσαντες
992 3048 1208 3118 πλῆθος
1266 3051 1623 3126 Χριστιανῶν,
1675 3050 1979 3125 παρθένων,

318 3139 618 3209 γυναικῶν,
651 3135 740 3191 καὶ
792 3142 1164 3208 μοναζουσῶν,
1224 3138 1314 3194 καὶ
1377 3140 1691 3212 ἱερωμένων
1744 3138 1979 3213 ἀνδρῶν,

2773 1946 3024 2019 plurium
3035 1987 3048 2000 .

2163 2065 2420 2138 Cyrillus
2449 2065 2736 2120 diaconus
2796 2066 2858 2119 in
2919 2066 3176 2136 quadam
3229 2066 3544 2122 Phoenicim
3600 2068 3749 2123 urbe

2090 2155 2239 2209 fuit:
2274 2161 2332 2209 et
2361 2155 2641 2227 quoniam
2675 2154 2849 2208 etiam
2880 2154 3008 2226 ipse
3059 2162 3323 2226 tempore
3371 2150 3746 2212 Constantini

2092 2245 2280 2317 Magni
2314 2245 2501 2298 multa
2530 2242 2689 2297 idola
2719 2243 3095 2309 contriverat,
3129 2251 3333 2314 captus
3363 2244 3597 2300 Juliano
3631 2246 3744 2300 im-

2091 2338 2335 2406 perante
2359 2333 2431 2387 ab
2454 2332 3133 2393 idololatris.violentam
3162 2333 3447 2388 sustinuit
3467 2340 3740 2389 mortem.

2091 2425 2258 2479 Secto
2282 2437 2538 2492 namque
2573 2421 2703 2491 ejus
2734 2427 2955 2483 ventre.
2987 2422 3172 2492 hepar
3211 2428 3508 2489 vorarunt,
3561 2439 3740 2478 cruo-

2088 2529 2354 2583 remque,
2389 2527 2601 2567 canum
2637 2509 2923 2573 adinstar,
2956 2511 3282 2565 hauserunt
3304 2529 3316 2566 :
3341 2513 3743 2582 continuoque

2088 2618 2292 2657 eorum
2317 2601 2526 2655 dentes
2547 2598 3024 2664 conciderunt,et
3046 2600 3260 2672 lingum
3282 2600 3740 2664 contabuerunt,

2088 2690 2365 2760 oculique
2396 2688 2596 2743 caacati
2626 2693 2783 2741 sunt.
2840 2688 3056 2759 Martyr
3105 2704 3264 2749 vero,
3324 2694 3741 2743 consummato

2086 2778 2502 2844 certamine,in
2519 2777 2732 2833 caelum
2758 2777 2928 2832 laetus
2950 2778 3236 2832 ascendit.
3273 2776 3382 2833 Per
3405 2794 3503 2832 eos
3535 2778 3742 2833 itidem

2086 2870 2213 2925 dies
2227 2871 2285 2924 in
2303 2868 2546 2924 urbibus
2561 2867 2848 2923 Ascalone
2870 2873 2927 2921 et
2941 2868 3088 2922 Gaza
3102 2867 3743 2939 idololatraaingentem

2084 2956 3741 3028 Christianorum,virginum.feminarum,monachorum,

2086 3049 2325 3119 Deoque
2349 3051 2713 3101 sacratorum
2736 3045 2993 3099 virorum
3020 3044 3253 3099 turbam
3286 3052 3600 3117 ceperunt:
3624 3046 3740 3100 fer-

2086 3154 2271 3209 roque
2304 3135 2578 3191 dissectis
2608 3133 2960 3189 eorumdem
3020 3132 3343 3200 ventribus,
3396 3134 3741 3205 hordeoque

321 3224 541 3285 καὶτὰς
573 3225 789 3288 κοιλίας
818 3225 994 3281 αὐτῶν
1042 3227 1339 3304 μαχαίραις
1387 3226 1790 3305 διασχίσαντες,
1846 3225 1971 3286 ἔϐα-

2094 3227 2365 3300 oppletis,
2399 3223 2593 3296 porcis
2624 3222 2914 3277 vorandos
2945 3222 3345 3293 praebuerunt.
3382 3224 3451 3276 Et
3493 3239 3743 3293 corpora

323 3312 418 3368 λον
448 3315 661 3387 κριθὰς,
691 3314 782 3369 καὶ
808 3318 1118 3391 προέθηκαν
1170 3323 1287 3380 τοῖς
1337 3318 1552 3393 χοίροις
1600 3319 1678 3382 εἷς
1740 3321 1963 3395 βρῶσιν.

320 3404 421 3460 Καὶ
477 3405 547 3459 τὶ
607 3405 702 3477 μὲν
750 3406 978 3478 σώματα
1029 3408 1281 3469 τοιαύτας
1338 3409 1605 3482 ὑπέμενον
1672 3411 1966 3485 τιμωρίας,

2082 3317 2324 3391 quidem
2355 3314 2462 3369 hos
2495 3312 2681 3368 tulere
2715 3312 3014 3366 cruciatus
3042 3328 3054 3375 ;
3090 3316 3308 3365 sanctas
3354 3328 3490 3366 vero
3525 3311 3738 3366 animos

2079 3407 2153 3464 ad
2187 3419 2397 3460 manus
2428 3401 2531 3458 Dei
2562 3400 2810 3456 viventis
2842 3398 3169 3454 evolarunt.

321 3493 376 3545 αἱ
405 3490 464 3548 δὲ
496 3492 643 3568 ἅγιαι
676 3493 849 3549 αὑτῶν
880 3496 1055 3571 ψυχαὶ
1087 3496 1476 3571 ἐναπετέθησαν
1508 3497 1583 3559 είς
1616 3505 1805 3574 χεῖρας
1833 3503 1966 3554 θεοῦ
2000 3500 2219 3568 ζῶντος.

329 3616 422 3670 Καὶ
461 3619 657 3692 μνήμη
716 3618 813 3673 τοῦ
866 3620 1015 3675 ὁσίου
1078 3622 1286 3695 Π-ατρὸς
1340 3623 1499 3695 ἡμῶν
1562 3623 1817 3678 Ἰωάννου
1877 3626 1973 3678 τοῦ

934 3699 1037 3761 τῆς
1071 3691 1369 3766 Κλίμακος.

397 3818 459 3874 Ὀ
513 3817 567 3873 ἐν
633 3820 806 3895 ἁγίοις
863 3822 1046 3894 Πατὴρ
1105 3823 1267 3895 ἡμῶν
1329 3821 1584 3892 Ἰωάννης
1618 3823 1647 3877 ὁ
1685 3828 1786 3891 τῆς
1846 3821 1973 3882 Κλί,

331 3928 525 3980 μακος,
557 3905 687 3964 δέκα
716 3908 768 3980 ἔξ
799 3912 1018 3985 χρόνων
1067 3912 1356 3987 ὑπάρχων,
1406 3913 1733 3987 προσέφερεν
1787 3912 1972 3968 ἑαυτὸν

324 4002 401 4068 τῷ
434 4003 554 4070 Θεῷ
585 4003 730 4069 θῦμα
757 4000 1072 4074 ἱερώτατον,
1105 4000 1155 4055 ἐν
1182 4006 1262 4072 τῷ
1313 4001 1513 4073 Σιναίῳ
1543 3997 1655 4075 ὄρει
1709 4002 1971 4070 ἀνελθὼν,

324 4089 413 4143 καὶ
447 4090 589 4160 μετὰ
618 4087 746 4145 δέκα
775 4089 925 4145 ἐννέα
957 4092 1192 4166 χρόνους
1224 4090 1475 4162 ἐξέδωκεν
1509 4093 1692 4148 ἑαυτὸν
1752 4092 1807 4148 ἐν
1840 4096 1976 4163 ἡσυ-

324 4176 426 4251 χίᾳ
452 4178 565 4233 άπὸ
595 4178 833 4250 σημείων
868 4181 1020 4235 πέντε
1047 4184 1146 4236 τοῦ
1202 4185 1480 4255 Κυριακοῦ
1528 4181 1892 4257 μοναστηρίοὺ
1919 4181 1972 4236 ἐν

326 4267 481 4338 τόπῳ
513 4266 677 4338 Θολῷ
719 4266 1025 4342 λεγομένῳο
1076 4273 1474 4341 τεσσαράκοντα
1530 4266 1622 4338 ἔτη
1672 4268 1973 4340 πληρώσας

328 4354 380 4410 ἕν
420 4360 500 4426 τῷ
530 4356 685 4428 πόθῳ
722 4361 818 4411 τοῦ
879 4361 1034 4426 Θεοῦ,
1094 4358 1390 4428 νηστεύων,
1447 4357 1536 4411 καὶ
1592 4355 1823 4427 κλαίων,
1880 4360 1968 4413 καὶ

327 4446 797 4519 προσευχόμενος
869 4446 1038 4501 ὕπνου
1089 4444 1146 4501 δὶ
1208 4441 1634 4520 μετελάμϐανεν,
1693 4446 1817 4501 ὅσον
1873 4448 1974 4514 τὴν

327 4538 422 4587 τοῦ
451 4538 552 4587 νοῦ
584 4533 768 4588 οὐσίαν
799 4538 866 4607 τῇ
920 4536 1188 4609 ἀγρυπνίᾳ
1243 4536 1317 4607 μὴ
1371 4532 1735 4605 λυμήνασθαι.
1787 4535 1972 4597 Οὕτως

329 4624 512 4678 τοίνυν
576 4628 746 4677 πᾶσαν
805 4623 1000 4699 ἀρετήν
1061 4623 1375 4696 ἑξασκήσας,
1429 4622 1519 4678 καὶ
1577 4622 1761 4685 καλῶς
1820 4622 1977 4677 πολι·
2006 4657 2050 4720 D

327 4714 681 4784 τευσάμενος,
710 4714 799 4767 καὶ
834 4714 1035 4774 πάντας
1062 4712 1190 4775 τοὺς
1220 4712 1272 4767 ἐν
1310 4711 1496 4784 ἐκείνῳ
1542 4717 1619 4783 τῷ
1664 4709 1775 4787 ὄρει
1826 4713 1975 4788 ἀγω-

324 4803 641 4874 νιζομένους
671 4800 760 4857 διὰ
785 4803 878 4857 τὸν
927 4803 1062 4857 Θοὸν
1117 4804 1393 4880 μοναχοὺς
1450 4804 1675 4873 νικήσας
1722 4803 1796 4865 εἷς
1857 4804 1974 4877 ἀρε-

319 4895 442 4963 τήν,
498 4896 591 4946 καὶ
653 4892 920 4969 μεγίστων
974 4898 1192 4968 ο’ωρεῶν
1248 4892 1339 4948 καὶ
1400 4898 1643 4969 θεωριῶν
1726 4893 1975 4963 ἀξιωθεὶς

320 4983 465 5051 παρα
491 4986 588 5035 τοῦ
610 4985 764 5043 Θεοῦ,
797 4980 1043 5044 πολλούς
1091 5003 1150 5037 τε
1204 4980 1405 5057 λόγους
1448 4980 1801 5060 ψυχωφελεῖς
1858 5004 1979 5058 συγο

317 5072 547 5145 γεάψας.
606 5072 694 5125 καὶ
758 5066 955 5145 βίϐλου
1003 5072 1237 5140 συνθεὶς,
1319 5074 1417 5141 τήν
1507 5072 1973 5143 ὑπονομασθεῖσαν

324 5160 597 5231 Κλίμακα,
658 5157 748 5214 διὰ
795 5159 933 5214 κατᾶ
981 5160 1128 5231 τάξιν
1210 5164 1318 5216 τῶν
1405 5161 1607 5238 ἀρετῶν
1694 5155 1973 5231 ἀνάϐασιν,

327 5249 697 5319 ἆτιλεῦτησεν.

384 5480 486 5536 Καὶ
519 5477 748 5549 ἄθλησις
774 5481 882 5533 τῶν
913 5477 1083 5552 ἁγίων
1112 5475 1400 5552 τριάκοντα
1430 5476 1895 5552 ὀκτὼμαρτύρων.

383 5620 502 5676 Ἐπὶ
553 5622 652 5690 τῆς
739 5619 1015 5694 βασιλείας
1076 5624 1172 5675 τοῦ
1266 5617 1589 5695 παρανόμου
1650 5617 1958 5676 Ἰουλιανοῦ

291 5707 635 5789 inpatva
692 5711 844 5766 οὗτοι
923 5711 975 5765 οὶ
1056 5710 1201 5787 ἅγιὸι
1287 5709 1571 5787 τριάκοντα
1646 5710 1735 5765 καὶ
1817 5710 1962 5767 ὀκτὼ

2090 3622 2187 3679 86
2220 3622 2289 3676 Et
2328 3618 2763 3675 commemoratio
2788 3617 3017 3741 Cspncti.
3049 3616 3227 3672 Patris
3283 3616 3459 3671 nostri
3512 3616 3742 3670 Joannis

2851 3703 3034 3741 unam.

2851 3703 3013 3743 unact
3023 3727 3034 3739 .

2160 3810 2413 3865 Sanctus
2453 3806 2624 3862 Pater
2678 3810 2882 3861 noster
2938 3806 3193 3861 Joannes
3246 3804 3541 3861 Climacus
3600 3821 3735 3860 cum

2087 3907 2318 3955 sextum
2346 3896 2641 3952 decimum
2665 3911 2890 3951 annum
2917 3901 3137 3969 ageret,
3167 3895 3437 3951 ascendit
3465 3897 3525 3950 in
3569 3911 3740 3950 mon~~

2086 3992 2203 4043 tem
2230 3987 2456 4053 Sina,et
2480 3986 2742 4056 seipsum
2772 3986 2883 4039 Deo
2910 3985 3356 4040 sanctissimum
3378 3985 3736 4039 sacriﬁcium

2084 4076 2339 4131 obtulit:
2374 4081 2431 4130 et
2462 4081 2592 4147 post
2617 4073 2913 4129 decimum
2936 4090 3158 4129 nonum
3184 4090 3405 4128 annum
3430 4072 3737 4128 solitudini

2085 4183 2147 4221 se
2181 4165 2442 4232 tradidit,
2478 4166 2687 4235 quinto
2723 4163 2916 4235 lapide
2939 4180 2972 4217 a
3000 4163 3249 4218 basilica
3273 4163 3643 4227 monasterii,
3677 4162 3734 4215 in

2082 4254 2232 4319 loco,
2269 4254 2362 4308 cui
2395 4252 2606 4307 Tholas
2657 4267 2876 4305 nomen
2920 4250 3050 4304 fuit.
3102 4250 3499 4321 Quadraginta
3545 4264 3732 4303 annos

2085 4343 2278 4415 exegit
2342 4343 2402 4395 in
2462 4356 2662 4395 amore
2739 4338 3153 4409 desiderioque
3238 4338 3527 4393 serviendi
3614 4337 3731 4389 Deo

2075 4431 2348 4502 jojuniis,
2384 4428 2622 4484 ﬂetibus
2653 4432 2711 4481 et
2740 4426 3109 4481 orationibus
3162 4426 3470 4492 addictus;
3522 4440 3729 4479 somno

2082 4537 2220 4576 vero
2253 4524 2479 4575 tantum
2500 4517 2770 4583 indulsit,
2794 4532 2867 4571 ne
2892 4516 3195 4587 pervigilio
3222 4516 3553 4570 substantia
3566 4530 3731 4569 men-

2089 4610 2162 4663 tis
2182 4611 2681 4677 corrumperetur.
2714 4606 2879 4660 Hunc
2900 4604 2961 4658 in
2989 4604 3229 4659 modum
3253 4620 3387 4659 cum
3412 4603 3547 4659 sein
3571 4602 3732 4657 omni

2084 4697 2365 4751 virtutum
2395 4710 2610 4767 genere
2643 4692 3024 4755 exercuisset,
3069 4693 3362 4764 vitamque
3411 4707 3579 4747 suam
3627 4707 3734 4762 op-

2083 4785 2227 4840 time
2286 4784 2664 4850 traduxisset,
2723 4788 2780 4837 et
2833 4798 3042 4837 omnes
3110 4783 3453 4849 monachos,
3513 4781 3613 4853 qui
3672 4780 3732 4835 in

2084 4880 2284 4930 monte
2316 4874 2420 4928 illo
2452 4875 2568 4929 Deo
2598 4871 2957 4939 militabant,
2990 4872 3164 4944 longe
3193 4872 3252 4927 in
3286 4873 3499 4927 virtute
3558 4887 3733 4943 supe-

2082 4969 2292 5028 rasset,
2315 4962 2590 5019 maximis
2613 4961 2875 5026 donis,et
2896 4967 3129 5017 contem
3141 4960 3500 5032 plationibus
3533 4976 3731 5016 rerum

2082 5052 2414 5107 divinarum
2445 5068 2480 5105 a
2511 5052 2626 5107 Deo
2659 5051 2991 5105 illustratus
3023 5056 3130 5105 est.
3161 5050 3373 5105 Multos
3426 5065 3732 5105 sermones

2082 5141 2156 5196 ad
2186 5142 2521 5197 animarum
2577 5139 2899 5194 utilitatem
2960 5140 3335 5210 conscripsit,
3396 5145 3455 5192 et
3511 5138 3730 5193 librum

2081 5231 2434 5302 composuit.
2468 5229 2697 5285 Scalam
2727 5229 3232 5299 cognominatum,
3261 5228 3419 5300 quod
3450 5228 3731 5282 virtutum

2081 5336 2393 5377 ascensum
2416 5335 2487 5375 ex
2511 5318 2717 5375 ordine
2740 5318 2954 5385 tradat,
2969 5334 3037 5374 ac
3061 5317 3301 5374 tandem
3320 5318 3498 5374 vitam
3519 5316 3726 5373 finivit.

2158 5482 2224 5537 Et
2251 5486 2522 5536 certamen
2548 5486 2863 5537 sanctorum
2894 5479 3131 5552 triginta
3160 5485 3278 5536 octo
3308 5485 3635 5549 martyrum.

2146 5623 2480 5695 Imperante
2510 5621 2693 5694 impio
2743 5622 3105 5679 Diocletiano
3152 5621 3488 5678 militabant
3537 5617 3726 5674 sancti

2075 5712 2171 5769 isti
2202 5712 2442 5786 triginta
2472 5717 2532 5767 et
2559 5716 2689 5767 octo
2723 5718 3011 5785 martyres
3043 5714 3102 5768 in
3136 5712 3373 5786 regione
3431 5706 3724 5782 Cappado-
