4104 6196
298 286 416 346 379

301 515 518 571 Christi
553 523 876 587 martyrum
912 531 1166 585 pugnam
1191 513 1948 586 intellexissent,quomodo

303 605 530 661 devicto
557 605 792 661 diabolo
852 604 925 658 ob
983 604 1333 675 praeclarum
1393 611 1693 660 certamen
1750 609 1952 658 essent

303 695 590 759 coronati,
625 695 799 749 etiam
832 693 943 764 ipsi
971 693 1092 748 zelo
1127 694 1379 762 incensi,
1411 694 1691 767 projectis
1749 709 1949 750 coram

303 783 556 856 prmside
581 783 783 849 armis,
805 798 1017 852 magna
1037 799 1174 838 voce
1193 783 1491 838 Christum
1514 799 1718 838 verum
1742 783 1950 850 Deum,

306 878 364 926 et
394 889 455 927 se
487 873 648 943 ipsos
676 888 842 926 veros
869 871 998 941 ejus
1053 889 1251 927 servos
1299 873 1552 928 confessi
1598 879 1756 928 sunt.
1807 874 1953 927 Tum

301 978 439 1016 vero
473 961 887 1032 comprehensi
921 961 1297 1033 vestibusque
1328 962 1556 1030 nudati,
1588 962 1736 1018 adeo
1767 961 1954 1017 carni-

304 1051 414 1106 bus
446 1051 829 1122 percussione
859 1051 1150 1123 virgarum
1203 1058 1344 1107 sunt
1390 1052 1691 1118 excoriali,
1740 1056 1807 1106 ut
1859 1050 1956 1106 vix

305 1145 662 1210 apparerent
716 1141 1036 1196 humanam
1128 1141 1320 1196 adhuc
1404 1141 1661 1212 speciem
1714 1139 1953 1196 habere.

306 1231 528 1286 Deinde
560 1231 784 1302 absque
815 1231 940 1287 ulla
969 1231 1040 1287 de
1072 1232 1194 1286 illis
1225 1248 1366 1287 cura
1392 1233 1452 1287 in
1486 1247 1785 1287 carcerem
1815 1247 1958 1286 con-

295 1322 464 1395 jecti,
494 1322 791 1393 pauloque
823 1327 955 1392 post
985 1321 1124 1377 inde
1155 1322 1312 1376 foras
1371 1321 1637 1384 extracti,
1682 1320 1959 1376 manibus

306 1417 442 1484 post
463 1417 691 1483 tergum
721 1411 1016 1474 revinctis,
1041 1428 1108 1466 ac
1140 1409 1432 1482 capitibus
1464 1410 1536 1464 ob
1569 1409 1809 1482 alligata
1837 1408 1961 1464 col-

308 1500 460 1556 laria
490 1501 838 1572 aggravatis,
872 1500 944 1554 ad
1001 1500 1316 1570 prmsidem
1371 1499 1606 1555 adducti
1659 1506 1842 1555 sunt:
1905 1504 1965 1555 et

315 1588 475 1660 quod
507 1595 711 1644 sancto
745 1589 1047 1660 proposito
1081 1605 1185 1644 suo
1245 1604 1529 1660 generose
1577 1588 1962 1657 inhmrerent,

312 1683 490 1748 atque
519 1677 594 1732 ad
625 1676 944 1749 gloriosam
1004 1693 1108 1748 pro
1150 1678 1379 1732 (Zhristo
1421 1682 1674 1732 mortem
1719 1674 1965 1731 anhela-

313 1772 468 1835 rent,
502 1767 782 1822 mandato
814 1765 1086 1838 praasidis
1117 1772 1258 1822 sunt
1286 1766 1475 1839 capite
1498 1765 1675 1838 plexi.

433 1937 529 1991 81
568 1941 634 1992 Et
660 1939 1101 1992 commemoratio
1129 1937 1308 1992 sancti
1334 1937 1516 1992 Jodad
1535 1934 1843 2007 prophetae.

385 2088 529 2143 Cum
558 2087 894 2154 Jeroboam,
929 2104 1122 2144 servus
1156 2087 1416 2146 Roboam
1448 2088 1554 2144 filii
1607 2085 1964 2154 Salomonis,

314 2193 434 2232 una
456 2193 590 2232 cum
613 2177 819 2233 decem
846 2177 1118 2233 tribubus
1139 2177 1501 2234 defecisseta
1521 2175 1794 2232 tribubus
1811 2175 1966 2230 Juda

317 2272 376 2322 et
403 2267 736 2337 Benjamin.
767 2283 835 2322 ac
866 2268 1087 2338 rejecto
1119 2268 1236 2322 Deo
1277 2284 1412 2322 vero
1464 2265 1704 2322 fecisset
1750 2264 1964 2320 vitulos

315 2371 549 2428 aureos,
575 2371 794 2425 eosque
817 2371 953 2411 cum
984 2356 1260 2411 universo
1283 2355 1502 2428 populo
1525 2371 1632 2410 suo
1655 2355 1963 2419 adoraret;

310 2445 530 2500 missus
553 2449 642 2498 est
663 2444 757 2498 hic
780 2445 1091 2516 propheta,
1117 2451 1184 2499 ut
1204 2460 1340 2499 cum
1362 2461 1432 2499 ex
1451 2449 1615 2514 parte
1651 2443 1748 2497 Uei
1772 2459 1965 2514 repre-

310 2531 798 2587 henderet.Venit
814 2531 992 2602 igitur
1003 2538 1062 2586 et
1084 2529 1485 2603 reprehendit.
1502 2529 1815 2585 Jeroboam
1829 2546 1964 2584 vero

313 2621 581 2678 extendit
603 2637 868 2689 manum,
893 2626 957 2676 ut
983 2638 1118 2676 eum
1138 2620 1505 2688 verberaret;
1528 2619 1632 2676 sed
1659 2619 1968 2691 conspexit

315 2728 444 2768 eam
469 2699 720 2768 aridam.
744 2713 872 2766 Mox
894 2710 1242 2783 pmnitentia
1264 2710 1498 2772 ductus.
1519 2709 1737 2764 meruit
1757 2715 1959 2780 utpro-

312 2802 492 2875 pheta
521 2818 652 2856 eam
685 2805 943 2857 sanaret.
977 2799 1142 2866 Quod
1171 2816 1306 2855 cum
1339 2798 1598 2866 fecisset,
1618 2797 1968 2853 adhortatus

314 2896 423 2953 est,
447 2895 512 2946 ut
532 2906 744 2961 panem
779 2889 1147 2945 comederet:
1182 2888 1286 2944 sed
1309 2905 1428 2944 non
1445 2886 1640 2960 potuit
1656 2887 1730 2942 ad
1753 2885 1810 2942 id
1829 2902 1962 2942 eum

315 2981 598 3038 inducere
629 2998 643 3037 :
677 2982 817 3054 quia
847 2986 975 3037 erat
1002 2980 1153 3036 illud
1183 2997 1218 3036 a
1248 2981 1364 3035 Deo
1396 2978 1739 3034 inhibitum.
1763 2979 1968 3034 Rever-

318 3071 467 3127 tenti
498 3086 632 3126 vero
663 3071 923 3126 occurrit
951 3071 1005 3126 ei
1036 3069 1279 3142 quidam
1323 3067 1861 3141 pseudopropheta,
1913 3071 1972 3121 et

1619 281 2058 346 MENOLOGII
2099 285 2302 352 PARS
2349 287 2456 350 III.

297 439 433 480 cum
461 440 474 479 :
507 423 610 497 qui
641 439 777 481 cum
809 422 1124 497 gloriosam
1157 427 1498 480 sanctorum
1551 422 1943 495 quadraginta

2080 423 2327 500 ιάρτυρες
2387 422 2438 480 ἑν
2498 427 2567 498 τῇ
2627 427 2787 500 χῶρᾳ
2874 420 3273 482 Καππαδόκων.

3580 287 3701 351 880

3358 424 3459 484 Καὶ
3539 423 3705 479 ἀκού.

2055 532 2241 574 σαντες
2269 512 2368 582 τὴν
2401 511 2577 584 καλὴν
2621 511 2859 570 ἔνστασιν
2916 519 3025 570 τῶν
3087 513 3253 589 ἁγίων
3309 511 3705 588 τεσσαράκοντα

2053 604 2150 655 τοῦ
2182 602 2415 676 Χριστοῦ
2449 604 2754 680 μαρτύρων,
2811 603 2900 659 καὶ
2959 601 3109 666 ὅπως
3158 603 3498 679 ἠγωνίσαντο
3544 603 3704 672 νική-

2057 711 2240 752 σαντες
2271 691 2362 746 τὸν
2423 686 2702 759 διάϐολον,
2761 693 2851 748 καὶ
2907 695 3358 771 στεφανωθέντες,
3417 690 3702 762 ἱζήλωσαν

2129 780 2144 799 ς
2247 778 2262 800 ν
2341 779 2354 796 ι
2509 780 2524 799 ε
2597 781 2636 802 υ
3039 781 3046 797 ι
3251 774 3278 801 »θ
3503 801 3518 810 ,
3673 783 3701 796 ~

2056 799 2145 834 και
2204 801 2380 852 αυτοι,
2436 801 2526 836 και
2585 785 2834 857 ριψαντες
2892 784 2960 837 τὰ
3016 779 3164 837 ὅπλα
3251 782 3551 855 εμπροσθιν
3606 801 3704 836 του

2057 867 2354 944 ἡγεμόνος,
2389 869 2598 946 μεγάλῃ
2621 876 2776 949 φωνῇ
2815 872 2907 927 τὸν
2962 872 3056 945 μὲν
3108 870 3340 946 Χριστὸν
3385 871 3512 925 Θεὸν
3562 868 3702 941 ἀλη-

2058 957 2203 1016 θινὸν
2239 958 2633 1035 ὡμολόγησαν,
2665 959 2886 1023 ἑαυτοὺς
2921 957 2978 1016 δὲ
2999 959 3228 1030 ἀληθεῖς
3250 957 3482 1021 δούλους
3513 960 3702 1014 αὐτοῦ.

2061 1050 2196 1105 Τότε
2245 1051 2622 1126 κρατηθέντες,
2674 1049 2765 1106 καὶ
2821 1051 3220 1126 γυμνωθὲντες,
3295 1053 3552 1105 τοσοῦτον
3610 1047 3706 1111 τὰς

2065 1138 2262 1214 σάρκας
2315 1139 2709 1211 κατεξάνθησαν
2767 1144 2886 1204 ταῖς
2943 1138 3232 1218 ἐπιφοραῖς
3288 1141 3397 1194 τῶν
3467 1131 3709 1213 ῥάϐδων,

2064 1227 2138 1291 ὠς
2201 1227 2364 1302 μόλις
2420 1228 2917 1304 χαρακτηρίζεσθαι
2983 1228 3285 1304 ἀνθρώπων
3335 1224 3482 1304 ἔχειν
3537 1223 3708 1290 ίδὲας.

2063 1319 2199 1373 Εἶτα
2273 1316 2490 1396 φυλακῇ
2577 1316 3038 1396 ἑναπερῥίφθησαν
3122 1315 3536 1391 ἀνεπιμέλητοι·
3619 1314 3712 1370 καὶ

2070 1407 2204 1480 μετᾶ
2237 1428 2432 1482 μικρον
2492 1404 2832 1472 ἱλκυσθέντες
2887 1404 2989 1478 ἔξω
3049 1403 3323 1479 δεδεμένοι
3383 1411 3572 1482 χεῖρας
3633 1403 3714 1466 εἷς

2065 1497 2134 1551 τὰ
2190 1496 2389 1567 ὀπίσω,
2447 1497 2536 1552 καὶ
2591 1497 2686 1560 τὰς
2752 1497 2994 1574 κεφαλὰς
3051 1495 3266 1558 κλοιοῖς
3329 1495 3715 1572 βαρυνόμενοι,

2066 1587 2406 1661 παρέστησαν
2436 1591 2516 1660 τῷ
2574 1585 2826 1663 ἡγεμόνΓ
2887 1586 2978 1642 καὶ
3033 1593 3132 1655 τῆς
3187 1581 3362 1653 καλῆς
3421 1583 3720 1648 ἰνστάσεως

2070 1674 2150 1732 ἔτι
2177 1675 2460 1750 ἐχόμενοι,
2491 1677 2701 1731 καὶτὸν
2768 1676 2900 1752 ὑπὲρ
2950 1678 3194 1749 Χριστοῦ
3243 1672 3506 1748 διψῶντες
3554 1673 3720 1729 θάνα-

1999 1786 2046 1852 Β,
2068 1787 2187 1836 τον,
2217 1766 2502 1842 προστάξει
2538 1769 2636 1821 τοῦ
2665 1767 2936 1841 ἡγεμόνος
2964 1763 3492 1842 ἀπεκεφαλίσθησαν.

2283 1925 2389 1982 Καὶ
2426 1928 2619 2000 μνήμη
2651 1929 2748 1982 τοῦ
2777 1927 2937 2002 ἁγίου
2967 1927 3253 2005 προφήτου
3285 1921 3500 1982 ’Ῑωδάδ.

2144 2087 2274 2145 "Ou
2324 2086 2688 2156 ἆπεστάτησεν
2773 2081 3063 2162 Ἰεροϐοᾶμ
3121 2087 3150 2142 ὁ
3210 2083 3407 2147 δοῦλος
3481 2079 3726 2156 Ῥοϐοᾶμ

2071 2173 2169 2231 τοῦ
2198 2177 2320 2230 υἱοῦ
2353 2175 2730 2248 Σολομῶντος
2761 2175 3021 2248 μετὰτῶν
3074 2172 3201 2231 δὲκα
3245 2171 3457 2252 φυλῶν,
3503 2177 3612 2228 τῶν
3663 2172 3728 2228 ἐκ

2139 2270 2166 2282 ν
2201 2267 2213 2286 ν
2288 2263 2338 2283 ’ἢ
2592 2269 2612 2280 ς
2857 2264 2870 2282 ε
3050 2264 3064 2282 \
3130 2266 3142 2276 ⁵
3466 2265 3479 2282 \

2071 2287 2169 2322 του
2217 2271 2376 2320 Ιουοα
2404 2263 2494 2320 καὶ
2523 2285 2621 2320 του
2651 2271 2928 2338 Βενιαμιν,
2977 2285 3068 2320 και
3118 2265 3380 2334 αθετήσας
3427 2283 3517 2319 τον
3574 2261 3746 2332 ἄλην

2075 2355 2221 2420 θινὸν
2254 2356 2408 2423 Θεὸν,
2440 2354 2666 2426 ἐποίησε
2697 2353 2792 2416 τὰς
2823 2358 3030 2430 χρυσᾶς
3061 2351 3351 2426 δαμάλεις,
3400 2353 3492 2408 καὶ
3541 2372 3720 2424 προσ-

2075 2445 2329 2514 εκύνησεν
2363 2443 2525 2506 αὐτας
2565 2445 2638 2507 ὡς
2671 2444 2828 2508 θεοὺς
2877 2446 3012 2517 μετᾶ
3053 2447 3150 2500 τοῦ
3203 2443 3292 2498 ὑπ’
3344 2442 3510 2498 αὐτοῦ
3559 2441 3722 2512 λαοῦ,

2075 2533 2350 2604 ἀπεστάλη
2409 2534 2566 2595 οὗτος
2613 2533 2641 2588 ὁ
2695 2537 2986 2610 προφήτης
3045 2532 3106 2589 ἐκ
3159 2536 3256 2588 τοῦ
3312 2536 3446 2588 Θεοῦ
3505 2529 3722 2606 ὲλὲγξαι

2074 2625 2256 2681 αὐτόν.
2342 2623 2625 2683 Ἃπελθὼν
2707 2625 2797 2681 οῦν
2881 2624 3123 2700 ἤλεγξεν.
3178 2625 3240 2683 Ὀ
3299 2621 3358 2678 δὶ
3428 2619 3728 2699 Ἰεροόοὰμ

2075 2715 2335 2778 διπλώσας
2390 2717 2490 2786 τήν
2550 2720 2714 2790 χεῖρα
2767 2718 2930 2788 τῦψαι
2989 2713 3173 2781 αὐτὸν,
3241 2709 3482 2768 κατεῖδεν
3549 2712 3722 2781 αὐτὴν

2076 2802 2265 2878 ξηρὰν,
2295 2805 2387 2858 καὶ
2419 2803 2818 2877 μεταμεληθεὶς
2849 2803 3050 2875 ἠξίωσε
3077 2801 3169 2858 τὸν
3220 2803 3514 2878 προφήτην
3565 2811 3728 2875 θερα-

2075 2896 2269 2947 πεῦοαι
2297 2891 2490 2962 αὐτὴν,
2539 2891 2630 2948 καὶ
2681 2895 2844 2947 τοῦτο
2894 2893 3197 2962 ποιήσαντα
3245 2887 3580 2966 παρεκάλεσε
3624 2910 3730 2968 φα-

2076 2987 2193 3058 γεῖν
2223 2979 2408 3058 ἄρτον.
2442 2983 2537 3051 Μὴ
2566 2983 2849 3047 πεισθέντα
2898 2978 2976 3049 δὲ,
3024 2984 3186 3035 τοῦτο
3232 2979 3335 3054 γὰρ
3389 2978 3508 3056 εἶχε
3553 2979 3726 3052 πρόσο

2075 3073 2224 3145 ταειν
2255 3071 2404 3146 παρᾶ
2450 3075 2548 3126 τοῦ
2604 3075 2761 3141 Θεοῦ,
2827 3071 3175 3147 ὑπέστρεφεν.
3231 3069 3331 3125 Καὶ
3394 3069 3726 3139 συναντήσας

319 3160 512 3234 coegit
528 3176 662 3216 eum
689 3159 915 3232 ingredi
940 3159 1002 3214 in
1026 3159 1267 3214 domum
1281 3175 1470 3224 suam,
1491 3163 1550 3212 et
1565 3173 1781 3230 panem
1797 3171 1960 3211 man-

2080 3157 2225 3232 αὐτῷ
2252 3156 2711 3236 ψευδοπροφήτης
2740 3181 2850 3224 τις,
2901 3160 3200 3236 ἠνάγκασεν
3250 3157 3410 3214 αὐτὸν
3461 3156 3727 3220 εἰσελθεῖν

319 3250 815 3321 ducare.Propter
835 3265 1014 3320 quam
1038 3248 1542 3321 trangressionem
1571 3262 1887 3303 occurrens
1921 3245 1973 3300 ei

319 3339 413 3397 leo
436 3340 498 3394 in
520 3339 631 3402 via.
664 3338 882 3394 occidit
910 3354 1066 3394 eum.
1104 3337 1269 3404 Quod
1299 3337 1400 3392 ubi
1427 3335 1971 3410 scivitpseudopro-

315 3430 516 3504 pheta,
549 3428 716 3495 abiit,
750 3434 809 3483 et
835 3433 1106 3498 acceptas
1137 3427 1265 3498 ejus
1295 3426 1580 3497 reiiquias
1611 3425 1899 3497 sepelivit.

391 3521 460 3573 Et
509 3517 993 3575 commemoratio
1027 3515 1214 3571 sancti
1265 3516 1448 3572 Patris
1496 3515 1686 3571 nostri
1731 3514 1975 3570 Joannis

320 3607 673 3683 patriarchas
707 3607 1273 3679 Hierosolymorum.

875 3890 1116 3949 EODEM
1156 3889 1408 3946 πίνεις,

815 4001 918 4058 Die
951 3999 1253 4056 tricesima
1280 3996 1492 4070 prima.

329 4146 616 4204 Certamen
666 4152 985 4203 sanctorum
1029 4145 1339 4210 martyrum
1387 4136 1562 4194 Abdae
1608 4137 1875 4208 episcopi,
1929 4142 1982 4192 et

853 4214 1029 4284 Benja
1037 4213 1176 4266 mini
1203 4211 1442 4266 diaconi.

398 4392 503 4449 Hic
530 4386 859 4445 Theodosio
883 4381 1124 4440 Juniore
1143 4380 1474 4452 imperante
1503 4379 1831 4438 florebatin
1849 4380 1984 4436 Per-

328 4482 474 4537 side.
512 4481 832 4548 Postquam
852 4478 1051 4528 autem
1073 4471 1362 4542 templum
1402 4469 1556 4544 Ignis
1573 4469 1799 4538 evertit,
1819 4486 1979 4526 com-

329 4569 662 4642 prehensus
692 4570 802 4629 est,
837 4569 895 4618 et
923 4561 999 4618 ad
1030 4576 1225 4632 regem
1255 4559 1584 4616 adductus:
1633 4559 1733 4631 qui
1785 4559 1978 4632 primo

329 4660 571 4734 quidem
602 4673 816 4728 magna
844 4672 980 4711 cum
1013 4653 1256 4710 lenitate
1288 4652 1459 4710 illum
1481 4651 1829 4708 adhortatus
1859 4656 1972 4718 est,

329 4754 398 4806 ut
428 4747 716 4820 templum
747 4745 1156 4803 rewdiﬂcaret.
1190 4742 1302 4799 Sed
1340 4759 1474 4798 cum
1509 4741 1560 4796 is
1594 4742 1718 4798 Iieri
1767 4740 1828 4798 id
1857 4757 1978 4798 non

328 4853 504 4913 posse
534 4835 800 4895 dixisset.
835 4835 1016 4892 misso
1043 4831 1322 4889 mandato
1364 4847 1572 4887 omnes
1613 4831 1979 4888 Christiano-

328 4945 463 4986 rum
495 4926 778 4982 ecclesias
809 4923 1113 4981 destruvit.
1134 4922 1280 4978 Hinc
1311 4937 1447 4978 vero
1481 4920 1718 4977 initium
1751 4921 1980 4994 accepit

329 5017 664 5092 persecutio
695 5015 974 5072 adversus
1004 5012 1390 5074 Christianos.
1433 5027 1552 5083 qua
1601 5011 1797 5068 omnis
1826 5010 1976 5068 iide-

329 5107 474 5167 lium
500 5113 644 5164 mtas
663 5107 839 5166 variis
863 5102 1174 5162 tormentis
1191 5101 1424 5158 sublata
1443 5107 1536 5157 est
1557 5117 1846 5172 :quorum
1867 5101 1982 5172 pri-

329 5215 465 5257 mus
495 5197 909 5255 sanctissimus
931 5193 1126 5251 Abdas
1141 5191 1336 5265 gladio
1359 5191 1541 5249 vitam
1565 5190 1775 5246 finivit.
1806 5189 1978 5247 Dein-

329 5289 403 5346 de
435 5307 540 5362 per
562 5304 752 5345 annos
773 5288 1033 5356 integros
1056 5283 1296 5356 trignta
1321 5281 1488 5337 multi
1519 5281 1787 5338 claruere
1825 5296 1980 5336 uiar-

326 5385 508 5454 tyres.
535 5396 604 5434 ex
630 5377 847 5450 quibus
869 5373 968 5431 88
1001 5378 1171 5428 erant
1200 5371 1304 5426 viri
1339 5370 1684 5441 locupletes.
1717 5370 1816 5441 qui
1849 5373 1982 5441 post

324 5471 518 5525 varios
549 5469 842 5524 cruciatus
864 5465 1053 5537 capite
1085 5462 1242 5534 plexi
1276 5467 1433 5516 sunt.
1456 5460 1620 5516 Tunc
1643 5461 1820 5516 etiam
1839 5461 1982 5515 Ben-

317 5560 511 5633 jamin
530 5559 835 5615 diaconus.
870 5560 1181 5627 postquam
1211 5550 1410 5624 viginti
1433 5557 1635 5606 acutas
1656 5549 1980 5609 arundines

320 5651 480 5710 inter
497 5665 724 5725 ungues
755 5645 968 5708 inﬁxae
995 5641 1346 5719 accepisset,
1373 5639 1679 5718 auauique
1696 5638 1759 5702 in
1787 5656 1977 5700 mem-

2082 3247 2158 3311 είς
2189 3248 2281 3305 τὸν
2314 3251 2465 3304 οἴιον
2497 3247 2684 3318 αὐτοῦ,
2714 3250 2804 3304 καὶ
2847 3254 3036 3327 φαγεῖν
3095 3251 3278 3322 άρτον.
3334 3246 3439 3305 Καὶ
3489 3245 3582 3302 διὰ
3625 3248 3728 3316 τὴν

2080 3338 2337 3408 τοιαύτην
2415 3333 2718 3414 παράϐασιν
2804 3339 3136 3409 συναντήσας
3193 3336 3341 3409 αῦτῷ
3417 3336 3560 3394 λάων
3609 3337 3732 3402 καθ’

2083 3421 2231 3494 ὁδὸν,
2265 3424 2591 3480 ἐθανάτωσεν
2641 3425 2824 3482 αὐτόν.
2883 3426 2988 3482 Καὶ
3044 3429 3206 3481 τοῦτο
3255 3426 3436 3498 μαθὼν
3470 3425 3498 3480 ὁ
3527 3421 3728 3499 ψευδο-

2082 3517 2397 3592 προφήτης,
2428 3513 2676 3572 άπελθὼν
2707 3516 2796 3570 καὶ
2858 3511 3043 3571 λαϐὼν
3101 3516 3164 3572 τὸ
3223 3514 3478 3589 λείψανον
3537 3513 3727 3586 αὐτοῦ,

2082 3600 2297 3680 ἔθαψεν.

2157 3697 2256 3752 Καὶ
2291 3697 2485 3769 μνήμη
2517 3699 2615 3750 τοῦ
2645 3693 2796 3750 ὁσίου
2841 3693 3054 3772 Ηατρὸς
3103 3697 3268 3768 ἡμῶν
3325 3693 3578 3752 Ἰωάννου
3626 3713 3732 3749 πα-

2080 3787 2352 3862 τριάρχου
2373 3780 2800 3859 Ἱεροσολυμων.

2636 3892 2814 3948 MBNI
2851 3893 2945 3949 T0
2985 3892 3178 3950 ΑΥΤΩ.

2840 3999 2968 4056 AA'.

2086 4141 2355 4216 Ἀθλησις
2408 4147 2516 4200 τῶν
2571 4142 2740 4217 ἁγίων
2812 4143 3127 4217 μαρτιξρων-
3186 4137 3359 4200 ’Δϐδᾶ
3410 4139 3734 4212 ιπισκόπου,

2567 4211 2658 4271 κάὶ
2688 4211 2946 4288 Βενιαμὶν
2973 4211 3252 4271 διακόνου.

2163 4384 2335 4448 οὗτος
2367 4385 2432 4455 ἦν
2465 4385 2552 4440 ἐπὶ
2582 4391 2683 4449 τίς
2715 4385 2996 4460 βασιλείας
3047 4380 3340 4440 Θεοδοσίου
3385 4387 3484 4440 τοῦ
3535 4388 3736 4460 μικροῦ

2091 4475 2143 4532 ἒν
2176 4473 2414 4551 Περσίδα
2445 4474 2535 4530 καὶ
2563 4473 2678 4530 ἐπεὶ
2728 4472 2990 4530 κατέλυσε
3045 4473 3138 4529 τὸν
3197 4474 3322 4529 ναὸν
3378 4477 3476 4528 τοῦ
3535 4474 3734 4549 Πυρὸς,

2085 4564 2380 4640 ὶκρατήθη,
2420 4562 2511 4618 καὶ
2570 4565 2866 4638 προσήχθη
2927 4567 3006 4636 τῷ
3065 4563 3302 4640 βασιλεῖ.
3363 4563 3461 4620 Καὶ
3517 4568 3738 4637 πρῶτον

2089 4656 2186 4729 μὶν
2221 4653 2354 4727 μετᾶ
2380 4653 2690 4727 πρᾳότητος
2740 4651 3035 4728 παρεκάλει
3095 4650 3256 4706 αὐτὸν
3303 4649 3734 4725 ἀνοικοδομῆσαι

2083 4743 2176 4800 τὸν
2203 4742 2351 4797 ναόν⁹
2382 4745 2478 4798 τοῦ
2505 4739 2564 4798 δι
2593 4738 2855 4798 ἀδύνατον
2889 4739 3024 4797 εἶναι
3075 4739 3358 4816 λεγοντος,
3412 4743 3588 4804 πάσας
3635 4741 3732 4804 τὰς

2085 4830 2380 4904 ὶκκλησίας
2436 4834 2542 4887 τῶν
2626 4833 2963 4906 Χριστιανῶν
3043 4829 3368 4894 ἀποστείλας
3450 4829 3732 4891 κατελυσε.

2087 4923 2190 4980 Καὶ
2251 4915 2514 4984 λαϐόντος
2567 4921 2744 4996 ἀρχὴν
2804 4923 2900 4976 τοῦ
2986 4919 3124 4976 κατὰ
3197 4924 3307 4976 τῶν
3392 4921 3734 4997 Χριστιανῶν

2087 5009 2354 5086 διωγμοῦ,
2391 5016 2533 5068 πᾶσα
2570 5009 2767 5082 ἡλικία
2821 5007 3105 5088 διαφόροις
3161 5010 3456 5084 τιμωρίαις
3505 5009 3733 5085 ἰξεθερί-

2089 5107 2231 5173 ζετο,
2265 5102 2340 5157 ὧν
2363 5106 2582 5176 πρῶτος
2609 5102 2750 5178 ξίφει
2781 5096 3077 5170 ἰτελειώθη
3112 5099 3142 5155 ὁ
3171 5098 3465 5174 ἱερώτατος
3509 5095 3732 5163 ἈϐδΕς.

2086 5194 2314 5246 Ἔπειτα
2345 5187 2397 5245 ἐν
2443 5189 2600 5253 ’ὀλοις
2662 5189 2955 5263 τριάκοντα
3009 5183 3148 5244 ἴτεσι
3202 5185 3406 5243 πολλοί
3469 5188 3736 5264 μάρτυρες

2086 5276 2592 5354 ἁπεδείχθησαν,ἰξ
2626 5277 2698 5334 ῶν
2755 5277 2891 5346 ἦσαν
2955 5273 3142 5352 ἄνδρες
3193 5275 3474 5344 πλούσιοι,
3533 5279 3586 5333 οὶ
3642 5279 3731 5334 καὶ

2091 5370 2226 5442 μετὰ
2279 5367 2494 5430 πολλὰς
2548 5369 2644 5429 τὰς
2707 5367 2970 5436 βασάνους
3031 5365 3557 5444 ἀπεκεφαλίσθησαν.
3627 5369 3735 5426 Καὶ

2088 5458 2344 5524 Βενιαμὶν
2375 5458 2402 5514 ὁ
2435 5455 2707 5526 διάκονος,
2740 5456 2801 5520 ὃς
2847 5455 3132 5528 καλάμους
3185 5455 3326 5528 ὀξεῖς
3375 5456 3546 5512 εἴκοσι
3595 5458 3736 5514 κατᾶ

2085 5553 2198 5606 τῶν
2228 5546 2444 5624 ὀνύχων
2473 5544 2788 5620 δεξάμενος,
2813 5546 2902 5601 καί
2935 5543 3108 5601 ἄλλον
3155 5544 3404 5621 κάλαμον
3455 5545 3590 5602 κατᾶ
3633 5551 3733 5602 τοῦ

2088 5635 2415 5716 παιδογόνον
2439 5635 2664 5714 μορίου,
2695 5635 2784 5692 καὶ
2805 5629 3015 5716 ῥάϐδον
3043 5640 3277 5715 παχεῖαν
3331 5635 3418 5694 καὶ
3469 5640 3728 5716 τραχεῖαν
