4086 6204
342 317 460 380 883

1663 314 2092 378 MENOLUGII
2134 317 2345 379 PARS
2392 317 2497 378 lll.

3621 324 3735 384 384

342 453 423 518 di,
458 459 517 510 et
544 451 977 525 multiplicibus
1008 450 1319 507 tormentis
1350 448 1552 525 affligi.
1578 465 1697 506 non
1722 449 1911 523 potuit
1932 449 1975 506 ic‘

2100 450 2193 505 τὸν
2248 449 2477 526 Χριστὸν
2537 449 2946 526 ὁμολογοῦντας
3002 454 3421 527 κρατουμένους,
3473 453 3563 509 καὶ
3631 451 3748 509 δια-

342 545 597 615 ειῐηριὶιις
631 545 911 616 perferre.
957 542 1118 596 Unde
1177 541 1481 595 sedentem
1540 558 1646 613 pro
1706 540 1988 595 tribunali

2102 540 2294 615 φόροις
2379 539 2632 614 βασάνοις
2716 538 3151 614 ἐξεταζομένους,
3257 541 3365 618 οὐχ
3445 542 3743 615 ὑπέμεινενο

340 634 655 707 prmsidem
714 647 985 697 cernens,
1047 630 1355 685 hominum
1412 630 1763 703 sanguinem
1834 630 1975 684 velu‘

2101 626 2248 682 ἀλλὰ
2280 631 2698 702 προκαθήμενον
2733 630 2821 684 τὸν
2854 630 3096 706 ἄρχοντα
3155 629 3311 701 ἰδὼν,
3369 632 3458 686 καὶ
3515 634 3581 687 τά
3635 638 3742 688 τῶν

341 739 526 792 aquas
550 721 976 775 eﬂ'undentem.
1002 735 1201 773 coram
1234 720 1361 790 ipso
1385 720 1737 783 consistens,
1786 720 1989 775 redar-

339 812 642 883 guitenm,
680 809 921 862 dicens:
966 808 1116 873 Quid
1151 809 1228 863 ita
1278 810 1552 864 humana)
1584 816 1810 864 natura:
1842 809 1990 864 obli-

338 899 599 957 visceris.
636 898 800 952 canis
833 898 1235 955 insatiabilis?
1265 899 1402 954 dum
1436 900 1727 967 homines,
1762 903 1853 956 4|
1888 901 1988 972 qui

339 993 535 1042 tecum
565 986 831 1057 ejusdem
858 993 996 1041 sunt
1017 994 1552 1060 naturas,tanquam
1583 990 1763 1063 ligna,
1778 990 1989 1061 gladiis

341 1076 621 1139 dissecas,
648 1093 715 1130 eo
739 1077 895 1147 quod
914 1093 1116 1131 verum
1142 1078 1325 1132 Deum
1342 1078 1684 1149 praedicant,
1712 1085 1768 1133 et
1795 1078 1987 1133 idolo-

338 1182 471 1220 rum
505 1181 767 1220 errorem
822 1165 1231 1222 detestantur:
1281 1173 1348 1221 ut
1391 1173 1449 1222 et
1494 1184 1599 1239 ego
1655 1167 1825 1235 facio,
1888 1166 1987 1239 qui

340 1271 542 1310 servus
572 1255 785 1310 Christi
819 1272 970 1310 sum.
1005 1257 1372 1327 Quapropter
1392 1273 1523 1311 cum
1557 1256 1617 1311 in
1652 1257 1799 1311 iram
1833 1258 1989 1311 exci-

338 1348 521 1399 tasset
554 1344 889 1415 praesidem,
922 1346 1409 1416 comprehensus,
1443 1345 1765 1401 crudeliter
1786 1363 1988 1402 excru-

339 1434 527 1489 ciatus
558 1438 681 1488 est:
716 1434 1132 1505 Christumque
1163 1451 1351 1506 usque
1410 1435 1482 1491 ad
1531 1436 1664 1490 vita:
1715 1436 1894 1491 finem
1923 1435 1985 1492 in

340 1538 441 1576 ore
469 1522 688 1589 ferens,
724 1523 913 1595 capite
945 1523 1333 1579 obtruncatus
1364 1523 1495 1579 fuit.

894 1638 1133 1695 EODEM
1174 1639 1424 1695 MENSE.

1004 1736 1107 1791 Die
1141 1737 1316 1793 tertia

2101 716 2402 791 ἀνθρώπων
2463 718 2665 791 αἳματα
2722 720 2902 794 ὥσπερ
2959 718 3128 775 ὕδατα
3185 720 3465 797 ἐκχέοντα,
3534 724 3743 785 σταθεὶς

2102 805 2180 870 εἷς
2210 807 2501 882 πρόσωπον
2547 807 2710 863 αὖτοὸ
2765 808 2992 883 ἤλεγξεν
3051 810 3213 865 αὐτὸν
3273 810 3461 869 εἰπών.
3522 813 3636 869 Ἰνα
3689 812 3744 868 τί

2096 899 2355 950 τοσοῦτον
2413 894 2680 960 ἐπελάθου
2734 905 2836 967 τῆς
2896 899 3241 971 ἀνθρωπίνης
3304 899 3535 977 φύσεως,
3594 901 3740 955 κύων

2100 983 2372 1056 ἆκόρεστε,
2408 987 2489 1040 ὅτι
2519 986 2647 1050 τοὺς
2694 988 2974 1066 ὁμογενεῖς
3022 988 3110 1042 καὶ
3167 987 3485 1066 ὁμοφύλους
3532 988 3744 1066 ἀνθρώ-

2099 1084 2234 1126 πους
2287 1066 2653 1128 κπτακόπτεις
2711 1065 2784 1129 ὠς
2840 1068 2973 1141 ξύλα
3027 1073 3143 1129 τοῖς
3204 1068 3399 1146 ξίφεσι,
3454 1065 3591 1123 διότι
3634 1065 3742 1124 τὸν

2098 1154 2361 1226 ἀληθινὸν
2392 1157 2519 1213 Θεὸν
2550 1156 2903 1231 κηρύττουσι,
2942 1159 3032 1213 καὶ
3087 1160 3186 1225 τήι
3248 1158 3465 1229 πλάνην
3517 1164 3625 1215 τῶν
3673 1160 3745 1215 εί-

2099 1242 2293 1301 δώλων
2329 1245 2641 1322 ἐλέγχουσι,
2700 1248 2877 1309 καθὼς
2934 1247 3025 1301 καὶ
3083 1247 3193 1323 ἐγὼ
3253 1244 3453 1309 δοῦλος
3508 1250 3743 1321 Χριστοῦ

2100 1334 2399 1411 ὑπάρχωνς
2460 1337 2617 1399 Ὅθεν
2679 1336 2758 1400 εἷς
2813 1336 2985 1411 ὀργὴν
3041 1339 3268 1407 κινήσας
3318 1337 3410 1393 τὸν
3481 1338 3742 1414 ἄρχοντα,

2096 1426 2384 1500 κρατηθεὶς
2418 1424 2735 1501 ἐτιμωρήθη
2770 1425 3036 1500 ἰσχυρῶς·
3089 1426 3179 1481 καὶ
3220 1427 3314 1482 τὸν
3374 1429 3602 1501 Χριστὸν
3653 1426 3744 1484 διὰ

2099 1514 2370 1588 πόματος
2402 1516 2577 1590 φέρων
2615 1514 2780 1591 μέχρι
2816 1514 3039 1586 τὲλους,
3061 1515 3487 1595 ἀπεκεφαλίσθη.

2645 1633 2823 1691 MHNI
2862 1635 2955 1690 ΤΩ
2992 1635 3191 1691 ΑΥΤΩ.

2893 1734 2945 1787 Γ.

391 1849 675 1907 Certamen
704 1858 906 1908 sancta:
941 1852 1250 1910 Theodosia:
1284 1855 1530 1925 Virginis
1558 1862 1612 1912 et
1635 1858 1919 1929 martyris.

2094 1848 2367 1921 ’Ἀθλησις
2447 1852 2548 1919 τῆς
2629 1850 2783 1925 ἁγίας
2867 1849 3142 1939 μάρτυρος
3249 1846 3545 1913 θεοδοσίας
3637 1857 3744 1920 τῆς

404 2046 735 2102 Theodosia
764 2048 980 2104 Christi
1012 2054 1239 2121 martyr
1267 2049 1379 2105 fuit
1431 2067 1500 2107 ex
1547 2052 1780 2108 civitate
1827 2054 1981 2125 Tyri.

333 2134 477 2190 Cum
503 2142 701 2191 autem
733 2136 1031 2193 decimum
1063 2145 1335 2194 octavum
1367 2157 1488 2196 sum
1521 2141 1711 2196 aetatis
1754 2158 1981 2198 annum

332 2233 551 2298 ageret,
586 2228 744 2298 quod
792 2228 1129 2285 Christiana
1176 2236 1353 2298 esset,
1408 2233 1855 2303 comprehensa.
1909 2233 1983 2289 ad

330 2314 646 2386 prmsidem
694 2316 1026 2372 Palestina:
1057 2318 1311 2374 adducta
1336 2319 1478 2375 fuit:
1512 2327 1569 2374 et
1598 2321 1979 2395 interrogata,

329 2403 625 2460 Christum
652 2406 924 2463 confessa
955 2414 1061 2463 est.
1088 2410 1455 2481 Quapropter
1483 2411 1543 2465 in
1579 2412 1865 2468 lateribus
1923 2419 1983 2469 et

327 2492 610 2549 uberibus
626 2512 906 2565 percussa
921 2497 1048 2551 fuit.
1080 2498 1255 2553 Jussa
1272 2500 1715 2555 veruChristum
1740 2518 1977 2574 negare,

329 2586 387 2635 et
417 2580 592 2636 idolis
625 2584 979 2652 sacriﬁcare,
1013 2603 1148 2642 cum
1170 2587 1244 2641 ad
1276 2588 1332 2642 id
1356 2589 1588 2643 suaderi
1616 2606 1734 2644 non
1759 2597 1975 2661 posset,

327 2666 570 2724 detrusa
600 2677 690 2725 est
719 2671 779 2727 in
806 2690 1104 2729 carcerem
1135 2692 1148 2729 :
1182 2676 1645 2748 mandatumque
1686 2678 1798 2733 fuit
1847 2696 1973 2734 car-

330 2757 482 2812 ceris
504 2760 753 2817 custodi.
779 2769 843 2816 ut
865 2779 983 2817 non
1008 2764 1183 2819 modo
1213 2766 1397 2835 ipsam
1423 2765 1740 2838 diligenter
1768 2774 1972 2823 custo-

330 2845 525 2912 diret;
559 2849 661 2904 sed
694 2851 868 2906 etiam
894 2868 967 2906 ne
996 2854 1334 2924 quempiam
1352 2854 1425 2909 ad
1449 2871 1578 2909 eam
1598 2856 1970 2925 visitandam,

322 2940 425 2990 aut
480 2936 681 2992 cibum
742 2939 793 2992 ei
851 2940 1222 2995 atTerendum
1282 2943 1512 3013 ingredi
1580 2946 1968 3015 permitteret,

322 3040 633 3097 quousque
655 3027 952 3082 Christum
978 3036 1239 3102 negaret,
1264 3033 1626 3104 assertisque
1652 3033 1768 3088 diis
1789 3036 1972 3090 sacri-

320 3112 542 3170 ﬁcaret.
578 3122 651 3170 At
679 3117 882 3172 multis
933 3119 1061 3189 jam
1119 3119 1329 3176 diebus
1389 3123 1627 3195 elapsis.
1673 3141 1702 3179 e
1733 3141 1969 3181 carcere

2774 1923 3067 1997 παρθένου.

2168 2044 2488 2118 θεοδοσίαὴ
2518 2050 2614 2102 τοῦ
2643 2052 2887 2121 Χριστοῦ
2938 2046 3162 2122 μάρτυς,
3216 2048 3282 2117 ἧν
3339 2047 3436 2120 μὶν
3486 2046 3593 2102 ἀπὸ
3639 2054 3740 2116 τῆς

2096 2135 2313 2199 πόλεως
2367 2136 2571 2211 Τύρου,
2631 2137 2774 2192 ὀκτὼ
2832 2135 2889 2192 δὲ
2947 2138 3035 2191 καὶ
3097 2135 3319 2192 δέκατον
3372 2136 3577 2212 ἄγουσα
3633 2144 3733 2206 τῆς

2095 2225 2318 2297 ἡλικίας
2348 2227 2572 2302 χρόνονο
2608 2225 2721 2282 ἐπεὶ
2781 2228 3085 2302 Χριστιανὴ
3143 2228 3210 2296 ἦν
3257 2228 3584 2299 κρατηθεῖσα
3632 2246 3737 2281 πα-

2096 2318 2253 2392 ρίστη
2308 2321 2387 2388 τῷ
2444 2322 2543 2383 τῆς
2605 2317 2794 2391 χώρας
2869 2315 3235 2386 Παλαιστίνης
3316 2312 3564 2391 ἄρχοντι,
3648 2315 3740 2370 καὶ

2094 2404 2429 2479 ἔρωτηθεῖσα
2467 2403 2798 2478 ὡμολόγησε
2851 2405 2943 2459 τὸν
3002 2405 3261 2481 Χριστόν.
3320 2406 3478 2468 Ὅθεν
3534 2403 3736 2481 ἐτύφθη

2092 2495 2227 2550 κατά
2291 2499 2398 2549 τῶν
2453 2493 2727 2564 πλευρῶν,
2785 2493 2874 2547 καὶ
2928 2498 3036 2548 τῶν
3108 2498 3317 2566 μαζῶν,
3400 2491 3489 2548 καί
3561 2513 3735 2563 κατη-

2091 2584 2367 2658 ναγκάσθη
2418 2583 2750 2656 ἀρνήσασθαι
2799 2581 2890 2636 τὸν
2946 2582 3201 2656 Χριστὸν,
3259 2580 3347 2636 καὶ
3407 2585 3560 2644 θῦσαι
3616 2586 3739 2643 τοῖς

2091 2670 2371 2733 εἰδώλοις.
2405 2673 2492 2741 Μὴ
2554 2672 2833 2727 πεισθεῖσα
2888 2667 2968 2737 δὶ,
3007 2667 3339 2741 ἀπεκλείσθη
3393 2670 3446 2724 ὲν
3502 2674 3572 2744 τῇ
3631 2691 3736 2745 φυ-

2090 2760 2255 2836 λακῇ,
2285 2760 2650 2835 παραγγελίαν
2685 2756 2976 2832 δεξαμένου
3013 2763 3112 2814 τοῦ
3160 2756 3599 2837 δεσμοφύλακος,
3653 2761 3730 2831 μὴ

2092 2853 2255 2925 μόνον
2343 2849 2603 2927 ἀσφαλῶς
2690 2849 3048 2926 φυλάττεσθαι
3130 2847 3320 2920 αὐτὴν,
3389 2846 3535 2904 ἀλλά
3590 2845 3731 2920 μηδὶ

2086 2942 2222 3016 πρὸς
2282 2938 2561 3013 ἐπίσκεψιν
2617 2939 2784 3008 αὐτῆς
2844 2938 3179 3013 είσὲρχεσθαί
3232 2936 3442 3009 τινα,ἤ
3480 2939 3728 3010 κομίζειν

2085 3030 2222 3104 αὐτῇ
2251 3030 2319 3085 τὰ
2348 3029 2484 3105 πρὸς
2545 3028 2771 3104 βρῶσιν,
2814 3027 2921 3092 ’ἕως
2977 3028 3039 3081 οὗ
3096 3026 3398 3103 ἀρνήσηται
3449 3026 3541 3081 τὸν
3597 3031 3733 3098 Χρι-

2086 3121 2235 3189 στὸν,
2294 3120 2383 3174 καὶ
2441 3118 2574 3194 θύσῃ
2645 3123 2763 3179 τοῖς
2836 3115 3155 3193 λεγομένοις
3231 3118 3398 3179 θεοῖς.
3457 3117 3605 3171 Μετά
3675 3113 3734 3170 δὶ

319 3202 551 3267 educta,
576 3222 708 3260 cum
735 3206 930 3262 denuo
950 3208 1198 3280 impuris
1229 3210 1600 3268 daemonibus
1633 3215 1966 3270 sacriﬁcare

2090 3206 2314 3264 πολλῶν
2345 3192 2569 3281 ⁴ἡμερῶν
2627 3192 3011 3281 παύαδρομήν,
3070 3205 3233 3260 πάλιν
3291 3203 3580 3277 ἐξελθοῦσα
3631 3211 3734 3274 τῆς

318 3300 645 3366 cogeretur,
679 3295 856 3367 idque
882 3313 992 3353 nec
1017 3298 1222 3354 audire
1254 3301 1712 3373 vellet,primum
1730 3304 1967 3374 quidem

316 3383 535 3439 acriter
562 3386 824 3442 cruciata
846 3395 937 3442 est
960 3405 973 3442 :
999 3388 1213 3446 deinde
1240 3391 1301 3446 in
1324 3408 1487 3448 mare
1505 3394 1630 3465 proj
1642 3399 1969 3463 ecta,suum

316 3471 567 3528 Domino
598 3475 857 3533 reddidit
889 3478 1185 3551 spiritum.

310 3704 384 3758 Et
410 3710 687 3760 certamen
717 3714 1037 3763 sanctarum
1065 3710 1357 3766 mulierum
1408 3713 1612 3778 Irenes,
1660 3714 1873 3786 Agapes
1919 3722 1973 3773 et

1005 3795 1275 3853 Chionia.

388 3964 583 4029 Irene,
612 3973 831 4038 Agape,
866 3975 924 4025 et
970 3970 1218 4028 Chionia
1259 3974 1477 4030 Christi
1524 3982 1816 4050 martyres
1846 3980 1971 4036 fue-

325 4061 489 4119 runt,
522 4055 882 4127 imperatore
905 4060 1278 4128 Maximiano,
1303 4080 1372 4118 ex
1402 4066 1635 4122 civitate
1664 4068 1973 4123 Thessalo-

329 4144 484 4200 nica.
508 4147 650 4201 Cum
671 4153 869 4203 autem
888 4149 961 4204 ob
981 4152 1452 4222 persecutionem
1467 4156 1669 4212 omnia
1700 4158 1973 4227 reliquis-

327 4240 479 4299 sent,
515 4236 575 4291 in
609 4244 872 4295 montem
906 4240 1226 4311 quemdam
1246 4251 1643 4308 recesserunt,
1669 4253 1728 4301 et
1752 4246 1973 4305 ibidem

326 4325 588 4394 quietam
619 4327 796 4383 vitam
828 4329 1097 4401 agebant.
1122 4331 1489 4403 jejunantes,
1523 4351 1592 4391 ac
1623 4337 1739 4392 Deo
1770 4353 1975 4408 preces

324 4415 562 4472 assidue
619 4418 955 4476 oll‘erentes.
1008 4423 1222 4478 Verum
1280 4425 1525 4482 detectaa
1583 4443 1651 4483 ac
1706 4444 1974 4500 compre-

327 4504 552 4574 hensm,
612 4508 685 4563 ad
744 4512 1059 4579 prmsidem
1116 4512 1385 4569 adducta)
1450 4515 1736 4573 fuerunt:
1794 4535 1975 4589 aquo

2077 3297 2347 3373 φυλακῆς,
2402 3297 2491 3353 καὶ
2550 3296 2937 3370 ἀναγκασθεῖσα
3015 3298 3173 3359 θῦσαι
3228 3299 3346 3357 τοῖς
3400 3294 3728 3370 ἀκαθάρτοις

2077 3385 2323 3462 δαίμοσι,
2350 3389 2437 3443 καὶ
2476 3387 2553 3461 μὴ
2607 3386 2953 3462 ἀνασχομὲνη
3005 3386 3230 3440 ἀκοῦσαι
3275 3390 3459 3454 τοῦτο,
3517 3384 3720 3457 ἐτιμω-

2078 3479 2220 3554 ρήθη
2254 3474 2487 3554 ἀφειδῶς
2515 3476 2802 3551 πρότερον,
2836 3475 2950 3529 εἶτα
3000 3474 3214 3552 ῥιφεῖσα
3244 3474 3297 3530 ἰν
3325 3478 3394 3548 τῇ
3446 3473 3713 3548 θαλάσσῃ,

2077 3564 2360 3643 παρεδωκε
2386 3570 2466 3638 τῷ
2498 3566 2681 3642 Κυρίῳ
2707 3563 2770 3620 τὰ
2801 3567 3015 3637 πνεῦμα
3044 3562 3231 3630 αὖτῆς.

2082 3710 2180 3768 Καὶ
2220 3707 2451 3781 ἄθλησις
2480 3713 2589 3764 τῶν
2619 3708 3103 3838 ἁγίωνςθὲναιγῶν,
3136 3705 3403 3782 Εῗρήνης,
3452 3706 3713 3779 ’Δγάπης,

2716 3800 2807 3835 και
2891 3779 3081 3838 ιονίας.

2716 3779 2807 3835 καὶ
2831 3779 3081 3843 Χιονίας.

2151 3966 2387 4039 Εἰρήνη,
2446 3964 2684 4041 Ἀγάπη,
2742 3967 2830 4021 καὶ
2918 3967 3132 4036 Χιονια,
3192 3965 3246 4019 αι
3302 3967 3399 4019 τοῦ
3486 3962 3723 4038 Χριστὸῦ

2083 4058 2375 4132 μάρτυρες,
2435 4057 2684 4133 ὑπῆρχον
2751 4057 2846 4129 μὶν
2904 4055 2993 4112 ini
3048 4058 3147 4124 τῆς
3209 4052 3486 4131 βασιλείας
3548 4056 3723 4127 Μαξι-

2083 4149 2300 4220 μιανοῦ,
2357 4144 2415 4201 ἐκ
2469 4153 2571 4215 τῆς
2629 4144 2846 4208 πόλεως
2905 4143 3321 4214 Θεσσαλονίκης
3382 4141 3469 4199 διὰ
3521 4140 3579 4198 δὶ
3632 4142 3725 4198 τὸν

2081 4233 2324 4310 διωγμὸν
2356 4234 2651 4291 κατέλιπον
2682 4236 2874 4302 πάντα,
2915 4235 3004 4289 καὶ
3067 4233 3304 4302 ἀνῆλθον
3351 4230 3401 4287 ἐν
3436 4228 3547 4308 ὄρει
3593 4232 3724 4307 τινὶ,

2080 4326 2171 4381 καὶ
2211 4324 2489 4400 ἡσύχάζον
2547 4323 2918 4395 νηστεύουσαι,
2970 4324 3059 4379 καὶ
3114 4328 3194 4395 τῷ
3250 4326 3369 4394 Θεῷ
3426 4321 3728 4396 προσευχό-

2085 4436 2262 4487 μεναι.
2342 4412 2517 4472 Ἀλλά
2595 4415 3076 4487 καταμηνυθεῖσαι,
3158 4412 3555 4486 ἐκρατήθησαν,
3634 4409 3725 4464 καὶ

2082 4504 2421 4580 παρέστησαν
2477 4504 2556 4576 τῷ
2614 4502 2843 4579 ἄρχοντι
2894 4502 2983 4557 καὶ
3063 4501 3151 4556 ὑπ’
3220 4501 3427 4556 ἐκείνου
3502 4499 3727 4573 ἀναγκα-

540 4569 548 4574 .
747 4569 757 4579 .
1797 4569 1968 4589 -ηη

324 4591 621 4649 Christum
654 4613 869 4669 negare
890 4600 1097 4669 jussus,
1133 4602 1377 4658 minime
1403 4608 1970 4673 assenseruntQua-

2090 4600 2288 4659 σθεῖσαι
2346 4594 2671 4669 ἀρνήσασθαι
2751 4594 2842 4649 τὸν
2916 4591 3170 4666 Χριστὸν,
3224 4590 3322 4645 οὐκ
3376 4588 3723 4659 ἐπείσθησαν.

321 4688 564 4753 propter
586 4686 821 4755 Agapen
843 4688 1084 4758 quidem
1116 4696 1174 4745 et
1200 4691 1509 4751 Chioniam
1542 4693 1675 4767 igne
1706 4698 1968 4755 sustulit.

318 4771 663 4827 A2lrenem
694 4776 1157 4834 veroinveniens
1185 4796 1385 4837 sacros
1416 4782 1601 4839 libros
1628 4784 1970 4844 habentem.

319 4875 469 4931 quos
501 4865 721 4914 sanctaa
753 4863 1032 4921 mulieres
1081 4866 1275 4939 legere
1322 4881 1777 4939 consueverant,
1829 4875 1966 4932 illos

321 4946 562 5018 quidem
595 4947 727 5018 igne
759 4951 1106 5018 combussit,
1140 4955 1329 5025 ipsam
1361 4975 1497 5014 vero
1527 4960 1739 5017 deferri
1784 4964 1971 5034 jussit

319 5036 382 5091 in
417 5035 684 5106 lupanar,
719 5045 785 5093 ut
811 5039 883 5094 ab
917 5042 1235 5113 impudicis
1266 5047 1653 5118 pollueretur.
1705 5051 1816 5106 Sed
1868 5052 1967 5107 Dei

319 5126 507 5198 gratia
534 5134 816 5197 protecta,
863 5140 1092 5189 servata
1145 5141 1236 5190 est
1283 5137 1530 5201 illibata.
1586 5141 1827 5196 nemine
1886 5140 1962 5197 ad

320 5230 449 5271 eam
481 5216 763 5274 accedere
796 5221 1071 5277 audente.
1102 5224 1267 5288 Quod
1298 5243 1429 5281 cum
1464 5243 1685 5299 prmses
1729 5228 1965 5285 intelle-

314 5304 520 5368 xisset,
552 5305 746 5361 denuo
779 5307 944 5364 illam
975 5328 1174 5368 coram
1206 5331 1267 5369 se
1293 5314 1967 5386 adducijussit,urgens,

318 5397 384 5447 ut
409 5392 705 5448 Christum
738 5395 1056 5453 desereret.
1092 5403 1164 5456 At
1193 5418 1327 5457 cum
1360 5401 1418 5457 id
1443 5402 1633 5458 facere
1651 5404 1966 5470 renuisset,

317 5481 497 5535 etiam
530 5482 719 5553 ipsam
751 5484 870 5557 igni
903 5487 1164 5546 tradidit.
1200 5495 1391 5562 Atque
1419 5492 1500 5547 ita
1538 5500 1967 5550 consummata;

315 5574 435 5625 tres
465 5572 680 5630 Christi
719 5581 1032 5650 martyres,
1092 5594 1340 5655 regnum
1397 5581 1679 5643 cwlorum
1740 5583 1967 5659 adeptas

315 5664 474 5719 sunt.

2078 4686 2233 4741 Ὅθεν
2290 4684 2390 4752 τὴν
2454 4684 2547 4757 μὶν
2602 4681 2867 4760 ’Λγᾶπην,
2944 4681 3035 4736 καὶ
3118 4683 3218 4748 τήν
3298 4680 3520 4739 Χιονίαν
3589 4678 3719 4752 πυρῖ

2079 4770 2311 4829 ἀνεῖλενο
2344 4773 2443 4842 τήν
2478 4769 2533 4827 ὂὶ
2563 4771 2805 4846 Εἰρήνην
2841 4770 3011 4843 εὑρὼν
3056 4768 3287 4845 ἔχουσαν
3338 4769 3457 4843 ίερά
3507 4762 3725 4844 βιϐλία,

2080 4862 2133 4918 ἐν
2166 4865 2248 4925 οἷς
2287 4861 2645 4936 ἀνεγίνωσκον
2705 4861 2761 4914 αἱ
2818 4858 2986 4935 ἀγιαι,
3045 4857 3219 4913 ἐκεῖνα
3280 4858 3374 4930 μὶν
3429 4868 3725 4911 κατεκαυσε

2077 4954 2233 5027 πυρὶ,
2266 4951 2432 5022 αὒτὴν
2495 4949 2553 5006 δὲ
2608 4949 2930 5023 προσέταξεν
2974 4948 3338 5024 ἀπενεχθῆναι
3391 4946 3441 5001 ἐν
3488 4944 3727 5020 πορνείῳ

2077 5042 2214 5117 πρὸς
2245 5043 2307 5097 τὸ
2341 5043 2632 5113 μιανθῆναι
2667 5040 2769 5095 ὑπὸ
2818 5044 2925 5095 τῶν
2981 5036 3323 5093 ἀκολάστων.
3376 5035 3553 5090 Ἀλλά
3606 5056 3724 5089 σκε-

2077 5136 2340 5194 πεισθεῖσα
2398 5130 2503 5203 ὑπὸ
2549 5136 2650 5199 τῆς
2699 5134 2797 5185 τοῦ
2853 5132 2987 5185 Θεοῦ
3045 5128 3295 5203 χάριτος,
3377 5122 3721 5200 διεφυλάχθη

2077 5220 2305 5293 καθαρὰ,
2367 5215 2598 5291 μηδενὸς
2657 5217 2793 5283 αύτῆ
2876 5216 3262 5291 τολμήσαντος
3344 5213 3719 5289 προσεγγίσαι.

2078 5312 2255 5366 Τοῦτο
2310 5305 2369 5364 δὶ
2430 5310 2612 5381 μαθὼν
2665 5310 2693 5364 ὁ
2752 5306 2962 5383 ἔργων,
3040 5307 3206 5362 πάλιν
3278 5302 3483 5382 ἤγαγεν
3557 5302 3724 5372 αὐτὴν

2078 5398 2311 5453 ἐνώπιον
2341 5397 2527 5466 αὐτοῦ,
2578 5397 2891 5473 ἀναγκάζων
2943 5398 3272 5472 ἀρνήσασθαι
3314 5395 3406 5450 τὸν
3463 5391 3721 5467 Χριστόν.

2075 5488 2163 5550 Ὠς
2205 5484 2263 5543 δὶ
2305 5486 2405 5542 οὐκ
2457 5485 2655 5557 ἔπεισε,
2711 5487 2802 5541 καὶ
2853 5487 3021 5555 αὐτὴν
3076 5486 3207 5560 πυρὶ
3262 5481 3564 5559 παρέδωκε.
3626 5482 3725 5537 Καὶ

2077 5576 2219 5633 οὕτω
2251 5575 2622 5634 τελειωθεῖσαι
2650 5577 2707 5631 αἱ
2755 5576 2904 5653 τρεῖς
2958 5571 3234 5631 ἀπέλαϐον
3287 5572 3565 5650 βασιλείαν
3615 5571 3722 5628 οὗ·

2077 5668 2277 5747 pavi”.
