4104 6196
431 377 562 439 385

1946 372 2283 436 APRILIS.

3732 390 3849 452 386

431 513 536 570 Kai
578 512 775 585 μνήμη
807 514 905 566 τοῦ
930 509 1084 566 ὁσίου
1114 509 1323 593 Hormo:
1365 510 1552 583 ἡμῶν,
1583 508 1672 564 καὶ
1724 507 2079 583 ὁμολογητοῦ

2199 511 2270 567 Et
2297 513 2560 571 memoria
2604 518 2781 572 sancti
2807 516 2993 574 Patris
3046 517 3224 575 nostri
3270 522 3470 578 Niceta
3526 524 3848 593 confessoris

1145 584 1380 652 Νικήτα.

509 718 770 786 Νικήτας,
831 717 859 771 ὁ
918 715 975 773 ἐν
1030 715 1208 791 ἁγίοις
1296 716 1483 786 Πατὴρ
1571 716 1734 786 ἡμῶν
1810 715 1899 769 καὶ
1950 716 2087 786 ὁμο-

432 804 684 881 λογητής
766 810 864 860 τοῦ
954 808 1218 881 Χριστοῦ,
1282 806 1531 880 ὑπῆρχεν
1605 807 1674 869 τῆ
1729 806 2082 879 συγχωρήσει

430 899 533 949 τοῦ
590 899 727 949 Θεοῦ
795 893 883 949 ἐπὶ
948 892 1223 969 βασιλείας
1278 898 1387 948 τῶν
1465 892 1885 967 Εἰκονομάχων·
1945 893 2083 967 πρό-

430 1006 594 1061 τερον
649 986 711 1041 ὲκ
779 986 1014 1061 βρίθους
1063 986 1201 1040 κατά
1255 986 1356 1054 τήν
1418 982 1648 1053 ἐντολὴν
1704 987 1803 1038 τοῦ
1850 984 2086 1057 Χριστοῦ

433 1072 754 1128 καταλιπὼν
829 1075 1036 1149 πατίρα
1072 1115 1086 1139 ,
1147 1073 1359 1148 μητᾶρα
1386 1117 1401 1140 ,
1448 1068 1723 1150 ἀδελφοὺς
1758 1113 1773 1137 ,
1825 1068 2083 1149 ἀδελφάς,

428 1168 735 1237 συγγενεῖς,
788 1161 983 1232 οἰκίαν,
1040 1158 1277 1237 πατρίδα
1331 1158 1596 1228 πλοῦτον,
1651 1160 1741 1214 καὶ
1773 1157 1938 1235 αἴρων
1992 1161 2082 1215 τὸν

432 1253 666 1327 σταυρὸν
720 1249 884 1307 αὑτοῦ
961 1250 1262 1326 προθύμως
1295 1292 1310 1317 ,
1369 1248 1459 1304 καὶ
1541 1247 1923 1319 ἀκολουθήσας
2007 1252 2086 1321 τῷ

430 1344 681 1413 Χριστῷ,
730 1341 817 1396 καὶ
865 1340 1102 1416 γεγονὼς
1152 1339 1306 1409 ἄξιος
1364 1338 1534 1393 αὑτοῦ
1576 1339 1846 1412 μαθητής.
1880 1336 2086 1394 ’Λπελ-

422 1430 535 1483 θὼν
566 1430 669 1504 γάρ
702 1428 752 1483 ἐν
803 1433 870 1503 τῇ
927 1432 1069 1502 μονῇ
1119 1433 1217 1482 τοῦ
1268 1424 1569 1495 Μηδικίου,
1619 1430 1877 1481 τοσοῦτον
1928 1428 2082 1501 ἠγω-

425 1518 620 1573 νίσατὸ
678 1519 813 1591 πρὸς
891 1518 1109 1592 ἀρετήν,
1172 1516 1249 1579 ὡς
1311 1512 1638 1589 ὑπερϐαλεῖν
1696 1515 1897 1579 πάντας
1955 1515 2083 1577 τοὺς

433 1608 547 1663 εκεῖ
600 1606 899 1682 μοναχούς.
938 1604 1116 1663 Ἀλλά
1172 1605 1264 1661 καὶ
1318 1609 1417 1660 τοῦ
1474 1604 1814 1680 χαρίσματος
1872 1605 2082 1676 ἠξιώθη

439 1702 548 1751 τῶν
596 1698 909 1769 θαυμάτων·
971 1695 1062 1750 καὶ
1093 1692 1182 1749 διὰ
1236 1696 1333 1763 τήν
1396 1694 1588 1769 ἀρετὴν
1639 1692 1803 1749 αὐτοῦ
1857 1692 1925 1766 τῇ
1980 1713 2083 1747 πα-

433 1784 702 1861 ρακλήσει
785 1789 894 1839 τῶν
984 1788 1245 1858 μοναχῶν
1327 1782 1539 1858 ἐγένετο
1606 1782 1695 1836 καί
1753 1781 2083 1857 ἡγούμενος,

2265 739 2515 795 Sanctus
2547 740 2717 797 Pater
2746 748 2949 797 noster
2977 744 3312 816 Christique
3343 746 3649 802 confessor
3680 750 3847 806 Nice-

2192 832 2283 883 tas
2315 829 2445 894 fuit,
2480 831 2595 885 Deo
2619 831 2702 886 sic
2738 833 3140 903 permittente,
3183 836 3632 891 Ichonomachis
3657 839 3845 910 impe-

2193 918 2347 971 rium
2382 919 2742 974 tenentibus.
2778 922 2845 974 Et
2896 922 3154 992 primum
3206 923 3449 993 quidem
3481 924 3674 980 adhuc
3700 943 3849 997 puer

2185 1007 2357 1077 juxta
2385 1008 2599 1062 Christi
2632 1017 2994 1081 praeceptum
3039 1012 3386 1082 relinquens
3443 1019 3694 1084 patrem,
3721 1033 3845 1071 ma-

2193 1100 2368 1160 trem,
2398 1096 2630 1155 fratres.
2668 1114 2920 1157 sorores.
2956 1106 3258 1172 cognatos,
3280 1100 3542 1165 domum,
3564 1105 3839 1173 patriam,

2192 1182 2449 1248 divitias,
2482 1200 2550 1239 ac
2574 1183 2791 1239 tollens
2822 1184 3099 1240 alacriter
3121 1203 3357 1242 crucem
3390 1204 3581 1255 suam,
3607 1196 3845 1245 secutus

2194 1278 2283 1326 est
2302 1273 2621 1339 Christum,
2646 1273 2860 1346 dignus
2878 1274 3040 1329 illius
3063 1275 3391 1347 discipulus
3409 1278 3676 1333 effectus.
3699 1280 3848 1335 Cum

2193 1361 2351 1415 enim
2384 1362 2443 1415 in
2476 1363 2906 1417 monasterium
2948 1364 3177 1419 Medicii
3239 1381 3300 1419 se
3358 1367 3704 1437 recepisset,
3732 1367 3847 1422 ibi-

2194 1450 2326 1504 dem
2355 1449 2429 1505 ad
2460 1451 2734 1506 virtutem
2755 1453 2924 1507 enixe
2946 1452 3092 1508 adeo
3123 1453 3451 1513 contendit.
3477 1461 3543 1508 ut
3561 1457 3844 1512 omnibus

2193 1540 2292 1610 qui
2324 1539 2402 1593 ibi
2435 1546 2625 1605 erant,
2660 1542 2970 1597 monachis
2993 1543 3398 1598 antecelleret.
3422 1544 3845 1601 Miraculorum

2194 1629 2370 1683 etiam
2402 1629 2557 1684 dono
2591 1629 2803 1702 dignus
2836 1636 2924 1684 est
2974 1631 3230 1688 habitus.
3291 1632 3374 1687 0b
3419 1649 3586 1688 suam
3646 1633 3846 1705 itaque

2193 1720 2493 1788 virtutem,
2525 1727 2731 1792 rogatu
2774 1724 3226 1790 monachorum,
3260 1723 3448 1779 factus
3480 1730 3572 1779 est
3608 1725 3849 1780 illorum

2194 1809 2584 1877 hegumenus,
2619 1827 2685 1865 ac
2719 1818 2876 1865 recte
2909 1812 3145 1882 prwfuit
3188 1829 3293 1867 suo
3351 1815 3531 1885 gregi.
3567 1813 3679 1868 Sed
3704 1832 3850 1885 quo-

432 1876 525 1929 καὶ
568 1872 759 1937 καλῶς
815 1870 1132 1947 δὶεκυϐἑρνα
1167 1872 1231 1927 τὸ
1263 1874 1542 1944 ποίμνιον.
1576 1871 1723 1927 Ἐπεὶ
1785 1868 1842 1926 δὲ
1896 1870 2079 1946 καιρὸς

2195 1868 2355 1953 niam
2388 1905 2618 1970 tempus
2652 1868 2925 1970 martyrii
2952 1901 3080 1971 ejus
3132 1868 3849 1975 ingruebat.uablegantur

431 1962 617 2018 ἐκάλει
679 1963 843 2017 αὑτὸν
887 1962 1025 2035 πρὸς
1073 1961 1136 2017 τὸ
1171 1959 1497 2036 μαρτύριον,
1553 1959 1972 2021 ἀποστείλαντες
2033 1960 2084 2014 οἱ

431 2053 817 2126 Εἰκονομάχοι
881 2049 1352 2125 προσεκαλὶσαντο
1436 2049 1596 2104 αὐτὸν
1627 2092 1642 2119 ,
1736 2049 1827 2104 καὶ
1918 2070 2085 2119 κατη-

433 2144 707 2215 νάγκαζον
787 2142 1118 2215 ἀρνήσασθαι
1218 2141 1320 2209 τήν
1401 2142 1510 2193 τῶν
1575 2159 1784 2194 σεπτων
1864 2137 2087 2192 εἰκόνων

427 2230 827 2307 προσκύνησιν,
860 2228 1133 2285 συνελθεῖν
1164 2225 1223 2284 δὶ
1263 2232 1333 2301 τῇ
1390 2228 1594 2302 αἱρεσει
1654 2227 1856 2283 αὐτῶν.
1909 2228 1999 2291 Ὠς
2029 2222 2087 2282 δὶ

430 2320 530 2375 οὑκ
559 2318 801 2389 ἔπεισαν,
850 2317 1110 2392 ἕξορίαις,
1139 2317 1230 2373 καὶ
1281 2314 1492 2389 λιμοῖς,
1537 2315 1630 2372 καὶ
1682 2313 2087 2389 ταλαιπωρίαις

431 2404 832 2480 ὑποϐαλόντες,
865 2406 1104 2463 ἀνεῖλον.

501 2525 602 2579 Καὶ
635 2526 830 2598 μνήμη
855 2526 951 2577 τοῦ
1002 2521 1160 2577 όσίου
1212 2522 1421 2599 ’ίωσήφ
1479 2525 1578 2577 τοῦ
1634 2526 1871 2593 ποιητοῦ
1899 2526 2010 2577 τῶν

1126 2593 1389 2652 κανόνων.

497 2714 561 2769 Ὀ
645 2710 795 2775 ὅσιος
881 2712 1108 2788 Ἰωσὴφ·
1197 2712 1227 2765 ὁ
1309 2712 1547 2780 ποιητής
1627 2714 1736 2765 τῶν
1816 2709 2081 2779 κανόνων,

433 2800 683 2877 ὑπῆρχεν
716 2802 777 2856 ὲκ
803 2808 904 2871 τῆς
940 2799 1212 2869 Σικελίας,
1275 2800 1392 2863 υίὸς
1441 2800 1770 2868 Πλουτίνου,
1802 2801 1891 2853 καὶ
1923 2800 2086 2875 Ἀγά-

433 2892 559 2961 θης.
597 2888 870 2961 ’Λλούσης
900 2888 957 2945 ὂὶ
1012 2892 1111 2958 τῆς
1141 2888 1345 2944 τούτου
1382 2886 1645 2962 πατρίδος
1700 2888 1802 2942 ὑπὸ
1840 2885 1937 2941 τοῦ
1974 2892 2084 2942 τῶν

429 2981 653 3057 Ἄφρων
686 2976 891 3050 ἔθνους,
948 2977 1119 3047 ἦλθεν
1187 2976 1265 3041 εἰς
1312 2975 1731 3047 Θεσσαλονίκην,
1789 2977 1877 3031 καὶ
1912 2974 2084 3031 ἀπελ-

430 3068 538 3132 θὼν
623 3063 676 3123 ἕν
740 3089 845 3123 τινι
903 3067 1259 3142 μοναστηρίῳ
1295 3110 1309 3132 ,
1392 3065 1479 3120 καὶ
1540 3065 1775 3141 γεγονὼς
1834 3063 2081 3139 μοναχὸς

425 3158 748 3235 ἠγωνίζετο,
808 3157 1052 3231 μελετῶν
1112 3156 1201 3212 καὶ
1258 3155 1357 3215 τὰς
1413 3155 1557 3220 θείας
1619 3154 1831 3231 Γραφᾶς
1889 3154 2084 3227 ἐπιμε-

432 3246 564 3309 λῶς·
659 3244 730 3302 δι’

441 3337 754 3412 Γρηγορίου
807 3339 903 3391 τοῦ
937 3333 1315 3390 Δεκαπολίτου
1366 3331 1442 3395 είς
1500 3330 2079 3390 Κωνσταντινούπολιν

437 3426 625 3494 ἦλθεν.
710 3424 1067 3485 Ἀποσταλεὶς
1142 3420 1200 3477 Si
1256 3421 1333 3485 είς
1383 3422 1606 3495 Ῥώμην
1667 3418 1757 3476 διὰ
1831 3422 1931 3489 τήν
1972 3424 2078 3475 τῶν

434 3513 835 3590 Εἷκονομάχων
897 3513 1098 3589 α’ίρεσιν
1137 3558 1150 3583 ,
1205 3511 1476 3584 ἐκρατήθη
1536 3510 1682 3586 παρὰ
1734 3513 1841 3565 τῶν
1903 3516 2084 3582 Σαρα-

437 3611 638 3675 κηνῶν,
686 3605 773 3659 καὶ
831 3604 1017 3678 alea;
1051 3602 1119 3669 εἰ,
1176 3603 1277 3669 τήν
1339 3603 1584 3676 Κρήτην,
1643 3599 1970 3671 ἀπεκλείσθη
2004 3599 2082 3661 εἷς

438 3693 711 3772 φυλακήν.
771 3693 871 3750 Καὶ
908 3693 1043 3764 μετᾶ
1100 3691 1330 3755 θάνατον
1390 3690 1661 3768 Θεοφίλου
1714 3693 1811 3745 τοῦ
1866 3689 2082 3744 εἶκονο-

437 3783 623 3855 μάχου
652 3779 942 3841 ἀπολυθεὶς
984 3785 1085 3847 τῆς
1143 3778 1410 3855 φυλακῆς,
1443 3781 1512 3850 τῇ
1544 3777 1769 3852 βοηθείᾳ
1794 3780 1890 3831 τοῦ
1922 3776 2081 3851 ἁγίου

437 3868 740 3937 Νικολάου,
799 3871 965 3937 ἦλθεν
1021 3868 1096 3929 εἰς
1159 3865 1753 3922 Κωνσταντινούπολιν·
1811 3867 1898 3921 καὶ
1947 3864 2078 3920 λοι-

431 3960 685 4037 δορηθεὶς
743 3960 1005 4034 ἒξωρίσθη
1057 3958 1133 4020 εἰς
1193 3960 1473 4034 Χερσῶνα.
1545 3961 1781 4021 Ἐκεῖθεν
1844 3955 1901 4012 δὲ
1950 3957 2080 4013 ἀνα-

433 4050 678 4116 κληθεθς,
713 4049 878 4105 πάλιν
924 4048 1091 4118 ἦλθεν
1151 4048 1225 4110 εἱς
1280 4050 1343 4103 τὸ
1402 4049 1712 4117 Βυζάντιον,
1769 4046 2079 4121 καὶγεγονε

428 4142 601 4220 φύλαξ
630 4147 740 4197 τῶν
797 4143 958 4215 ἰερῶν
1020 4145 1221 4195 σκευῶν
1277 4146 1376 4209 τῆς
1438 4138 1701 4213 Μεγάλης
1759 4136 2074 4209 ἐκκλησίας.

430 4230 757 4306 Χαρίσματα
788 4228 845 4286 δὲ
886 4225 1028 4305 ἔχων
1063 4228 1123 4284 ὲκ
1152 4233 1307 4298 Θεοῦ,
1365 4225 1616 4287 πολλοὺς
1672 4226 1855 4304 ἁγίους
1886 4228 2074 4283 κανόσι

426 4319 688 4390 τιμήσας,
722 4315 1018 4390 ἐκοιμήθη.

978 4434 1154 4488 HHNI
1193 4433 1279 4487 ΤΩ
1318 4432 1520 4489 ΑΥΤΩ.

1229 4520 1281 4574 Δ.

2190 1987 2263 2041 ab
2287 1987 2694 2041 lconomachis
2727 1988 2827 2058 qui
2860 2005 2993 2043 cum
3034 1996 3409 2043 accerserent
3457 2006 3525 2044 ac
3573 1992 3847 2062 compel-

2190 2072 2403 2137 lerent,
2435 2089 2470 2127 a
2500 2072 2930 2128 venerabilium
2972 2074 3297 2146 imaginum
3346 2074 3511 2129 cultu
3544 2077 3843 2144 recedere,

2191 2166 2250 2215 et
2277 2178 2411 2217 cum
2445 2162 2706 2232 ipsorum
2741 2162 2953 2217 heresi
2977 2179 3312 2217 convenire.
3346 2164 3490 2217 Cum
3522 2180 3656 2219 vero
3686 2164 3761 2218 ad
3784 2163 3848 2218 id

2190 2251 2362 2305 illum
2395 2251 2646 2306 suadere
2676 2267 2796 2305 non
2830 2258 3091 2322 possent,
3126 2251 3356 2317 exsilio,
3385 2251 3562 2319 fame,
3593 2252 3848 2323 aliisque

2189 2340 2474 2395 arumnis
2502 2340 2695 2411 ipsum
2726 2339 3136 2411 subjicientes,
3170 2341 3559 2396 sustulerunt.

2294 2548 2363 2601 Et
2392 2548 2653 2602 memoria
2681 2549 2860 2603 sancti
2888 2546 3116 2618 Iosephi
3144 2563 3413 2602 canonum
3443 2548 3737 2616 scriptoris

2259 2707 2464 2762 Sactus
2493 2709 2709 2779 Joseph
2736 2725 3034 2765 canonum
3068 2709 3340 2780 scriptor.
3373 2708 3486 2763 fuit
3517 2724 3584 2763 ex
3618 2707 3840 2775 Sicilia,

2190 2796 2351 2852 ﬁlius
2382 2798 2604 2853 Plutini
2637 2806 2695 2853 et
2725 2801 2985 2871 Agathaa.
3037 2800 3219 2870 Capta
3265 2804 3465 2854 autem
3492 2799 3622 2869 ejus
3652 2798 3846 2869 patria

2188 2885 2260 2939 ab
2292 2885 2567 2941 Afrorum
2600 2895 2792 2960 gente.
2818 2888 3300 2944 Thessalonicam
3324 2888 3570 2952 venit,et
3607 2888 3845 2960 ingres-

2190 2991 2291 3029 sus
2312 2975 2613 3046 quoddam
2629 2978 3221 3043 monasterium,cum
3241 2978 3318 3031 ibi
3343 2977 3687 3032 monasticaa
3713 2977 3845 3031 vita)

2191 3081 2251 3119 se
2280 3065 2625 3130 addixisset,
2660 3084 2833 3122 suum
2866 3074 3165 3122 certamen
3200 3068 3461 3123 certavit.
3501 3069 3561 3122 in
3594 3067 3843 3123 medita-

2189 3154 2351 3209 tione
2381 3155 2713 3211 divinarum
2754 3157 3191 3228 Scripturarum
3220 3172 3349 3211 sese
3382 3156 3643 3211 studiose
3675 3173 3844 3212 exer-

786 3247 816 3302 ’ὁ
875 3244 1285 3322 χειροτονηθεὶς
1367 3245 1457 3299 καὶ
1511 3238 1891 3318 πρεσϐύτερος,
1951 3242 2079 3315 μετᾶ

2197 3259 2357 3298 cens.
2394 3245 2707 3315 Presbyter
2736 3246 2984 3316 proinde
3018 3245 3350 3309 ordinatus,
3398 3262 3531 3300 cum
3564 3246 3841 3316 Gregorio

2194 3333 2534 3404 Decapolita
2563 3334 3137 3404 ConstantinOpolim
3171 3334 3345 3387 venit.
3377 3329 3588 3388 Missus
3628 3333 3844 3388 deinde

2194 3423 2440 3476 Romam
2496 3428 2738 3493 propter
2795 3423 3062 3476 haeresim
3116 3422 3684 3485 Iconomachorum,
3746 3421 3846 3476 43

2194 3512 2661 3582 comprehensus
2683 3528 2717 3566 a
2746 3512 3073 3576 Saracenis,
3108 3512 3373 3582 captivus
3403 3512 3463 3565 in
3489 3513 3720 3565 Cretam
3742 3510 3847 3565 ab-

2194 3600 2406 3654 ductus
2436 3600 2569 3667 fuit,
2602 3608 2658 3655 et
2684 3602 2743 3655 in
2771 3617 3070 3655 carcerem
3095 3600 3392 3656 detrusus.
3427 3602 3565 3655 Post
3593 3607 3847 3655 mortem

2192 3705 2327 3744 vero
2358 3689 2666 3761 Theophili
2705 3690 3077 3745 Iconomachi
3106 3706 3137 3744 e
3168 3705 3405 3744 carcere
3462 3695 3701 3760 ereptus
3731 3706 3841 3760 ope

2195 3779 2380 3833 sancti
2428 3779 2669 3843 Nicolai,
2731 3778 2924 3833 denuo
2983 3778 3562 3849 Constantinopolim
3616 3777 3843 3832 rediit:

2193 3868 2291 3921 ubi
2325 3867 2645 3922 calumniis
2668 3874 2726 3922 et
2756 3868 3035 3923 conviciis
3057 3870 3328 3929 affectus,
3360 3868 3652 3939 relegatus
3671 3873 3762 3922 est
3782 3867 3843 3920 in

2192 3956 2574 4011 Chersonem.
2609 3957 2749 4011 Inde
2780 3964 2977 4012 autem
3040 3962 3371 4024 revocatus,
3406 3973 3609 4011 rursus
3641 3956 3841 4010 Bizan-

2192 4046 2336 4100 tium
2373 4046 2669 4117 profectus
2695 4052 2806 4107 est,
2839 4053 2898 4101 et
2926 4046 3112 4101 factus
3146 4046 3257 4099 fuit
3304 4053 3504 4100 custos
3535 4061 3840 4099 sacrorum

2191 4152 2463 4191 vasorum
2500 4137 2716 4207 Magnae
2741 4136 3027 4190 ecclesias.
3063 4136 3244 4189 Donis
3271 4152 3405 4189 vero
3440 4134 3539 4188 Dei
3572 4134 3840 4189 illustra-

2191 4230 2306 4289 tus,
2331 4241 2464 4278 cum
2494 4224 2693 4294 plures
2723 4231 2959 4278 sanctos
3009 4224 3358 4292 canonibus,
3420 4238 3524 4276 seu
3582 4222 3843 4292 hymnis,

2188 4312 2560 4377 honorasset,
2592 4328 2664 4367 ex
2694 4312 2803 4367 hac
2833 4313 2950 4367 vita
2990 4311 3264 4366 decessit.

2740 4437 2981 4493 EODEM
3029 4434 3280 4491 MENSE.

2836 4527 2938 4583 Die
2971 4530 3181 4598 quarta

418 4628 690 4699 Ἀθλησις
736 4631 846 4684 τῶν
902 4626 1072 4703 ἁγίων
1126 4626 1418 4704 μαρτύρων
1488 4625 1865 4703 ’Δγαθόποδος
1899 4671 1915 4698 ,
1972 4626 2065 4683 καὶ

2252 4634 2535 4692 Certamen
2563 4639 2881 4690 sanctorum
2934 4639 3249 4704 martyrum
3296 4628 3685 4701 Agathopodis
3718 4635 3772 4684 et

1073 4696 1408 4755 Θεοδούλου.

491 4819 822 4892 Ἀγαθόπους
884 4819 913 4872 ὁ
944 4816 1238 4891 ἱερώτατος
1296 4813 1569 4879 διάκονος,
1614 4816 1704 4872 καὶ
1764 4813 2067 4879 Θεόδουλος

416 4908 447 4962 ὁ
506 4903 900 4969 εὐλαϐὲστατος
1000 4906 1378 4980 ἀναγνώστης,
1483 4904 1535 4959 οἱ
1634 4908 1733 4960 τοῦ
1834 4906 2069 4980 Χριστοῦ

421 4999 712 5071 μάρτυρες,
776 4998 1026 5071 ὑπῆρχον
1090 4996 1183 5067 μὶν
1246 4994 1305 5050 ἑκ
1356 5001 1457 5065 τῆς
1530 4992 1747 5057 πόλεως
1799 4995 2072 5051 Θεσσαλο-

414 5086 592 5157 νίκης*
644 5084 735 5141 διά
792 5084 850 5140 δὲ
896 5088 994 5153 τὴν
1054 5084 1129 5146 εἷς
1188 5085 1420 5156 Χριστὸν
1477 5083 1654 5138 πίστιν
1713 5083 2070 5158 κρατηθέντες

418 5178 566 5249 παρὰ
621 5181 726 5231 τῶν
785 5173 1229 5248 είδωλολατρῶν,
1289 5175 1629 5246 παρὲστησαν
1677 5180 1757 5247 τῷ
1806 5183 1905 5245 τῆς
1966 5176 2069 5232 πό-

416 5265 566 5330 λεως
649 5263 926 5341 ἄρχοντι,
1002 5265 1093 5319 καὶ
1172 5264 1646 5339 κατηναγκάζοντο
1729 5269 1882 5329 θῦσαι
1949 5271 2071 5329 τοῖς

412 5350 700 5414 εἰδώλοις.
739 5353 828 5420 Μὴ
887 5352 1190 5416 πεισθεντες
1241 5347 1321 5411 δὲ.
1372 5349 1803 5422 ἀπεκλείσθησαν
1838 5352 1914 5416 εἷς
1970 5376 2071 5428 φυ-

418 5443 615 5514 λακήν,
645 5443 735 5497 καὶ
769 5446 833 5514 τῇ
864 5442 1014 5497 νυκτὶ
1058 5441 1235 5516 εκείνη
1266 5438 1411 5497 εἶδον
1448 5442 1749 5519 ἀμφότεροι
1810 5443 2068 5513 τοιαύτην

413 5532 700 5589 ὀπτασίαν.
760 5531 989 5603 ’Έδοξαν
1048 5530 1225 5587 πλοῦν
1286 5526 1565 5601 ἐπιϐῆναι,
1623 5532 1713 5586 καὶ
1771 5530 2066 5603 πλὲειν,ἐν

410 5625 484 5697 τῇ
516 5624 783 5697 θαλάσσῃ·
843 5618 1124 5684 κλύδωνος
1156 5618 1214 5676 δὶ
1272 5618 1512 5699 σφοδροῦ
1566 5620 1880 5698 γεγονότος,
1934 5620 2066 5680 ἰδεῖν

410 5713 477 5768 τὸ
531 5710 737 5767 πλοῖον
786 5704 1069 5787 συντριϐὶν
1098 5754 1114 5784 ,
1170 5710 1258 5766 καὶ
1318 5709 1448 5772 τοὺς
1504 5708 1845 5784 ἰμπλίοντας
1899 5733 2066 5770 κατα.

2867 4704 3163 4761 Theoduli.

2252 4822 2647 4895 Agathopoles
2679 4821 3117 4877 sacratissimus
3150 4818 3457 4883 diaconus,
3488 4823 3547 4872 et
3570 4816 3839 4872 Theodu-

2180 4915 2273 4969 lus
2306 4912 2792 4984 religiosissimus
2841 4910 3049 4974 lector.
3106 4908 3320 4964 Christi
3369 4914 3682 4978 martyres,
3716 4906 3843 4961 fue-

2180 5007 2319 5056 runt
2349 5018 2419 5056 ex
2448 5002 2682 5056 civitate
2704 4999 3143 5055 Thessalonica.
3165 4996 3588 5069 (Zomprehensi
3613 5012 3748 5050 vero
3770 4994 3843 5048 ob

2180 5093 2394 5148 Christi
2413 5093 2589 5148 [idem
2612 5092 2683 5148 ab
2701 5090 3245 5151 idolatris.adducti
3267 5087 3491 5143 suntad
3527 5085 3841 5158 praesidem

2182 5182 2453 5239 civitatis.
2487 5188 2546 5236 et
2574 5181 2864 5252 compulsi
2899 5180 3076 5235 idolis
3106 5179 3463 5234 sacriﬁcare.
3497 5174 3664 5242 Quod
3708 5191 3843 5230 cum

2178 5272 2371 5327 facere
2405 5277 2800 5333 recusassent,
2853 5271 2914 5324 in
2948 5285 3249 5325 carcerem
3304 5266 3529 5321 detrusi
3589 5271 3749 5331 sunt,
3782 5264 3845 5319 in

2180 5378 2297 5432 quo
2325 5360 2532 5416 eadem
2556 5366 2728 5415 nocte
2760 5361 2914 5415 hanc
2944 5358 3120 5414 ambo
3154 5357 3448 5412 visionem
3480 5354 3839 5410 habuerunt.

2180 5449 2544 5505 Videbantur
2574 5450 2684 5504 sibi
2725 5464 2935 5504 navem
2998 5445 3422 5504 conscendere.
3483 5450 3540 5499 et
3572 5443 3633 5497 in
3692 5438 3843 5496 mari

2178 5540 2454 5613 navigare
2480 5539 2736 5607 :ingenti
2755 5545 2953 5595 autem
2971 5538 3221 5591 excitata
3243 5534 3533 5589 ﬂuctuum
3556 5529 3843 5603 procella,

2179 5631 2501 5685 contritum
2524 5629 2821 5701 navigium
2843 5642 3108 5692 cernere,
3140 5631 3199 5680 et
3222 5625 3562 5695 navigantes
3594 5622 3653 5675 in
3678 5632 3838 5674 mare

2178 5719 2520 5785 demersos;
2553 5735 2615 5774 se
2647 5734 2782 5775 vero
2805 5718 3097 5775 duntaxat
3126 5714 3379 5785 sospites
3405 5711 3670 5776 evadere,
3696 5713 3753 5763 et
3774 5706 3836 5761 in
