4086 6204
329 402 461 466 -387

1664 393 2098 466 MENOLOG‘H
2145 401 2341 469 PARS
2389 405 2491 468 ll'l.

321 545 332 577 ‘-‘
343 539 640 599 excelsum
655 535 867 596 collem
879 535 1115 594 deferri.
1136 532 1533 592 Portendebat
1543 529 1823 594 autenm
1841 537 1973 595 visit

2101 541 2510 611 ποντισθὲντας,
2551 541 2782 606 ἑαυτοὺς
2838 539 2896 600 ει
2949 541 3152 617 μόνους
3208 547 3626 620 περισωθέντας,
3657 567 3748 620 καὶ

343 633 470 688 fore
499 640 562 686 ut
592 633 702 702 ipsi
735 631 796 684 in
835 628 980 682 mari
1034 633 1283 681 mortem
1333 633 1706 698 oppeterent,
1737 628 1997 700 indeque

348 721 526 776 caalos
552 715 1033 774 conscenderent.
1072 716 1237 769 Mane
1270 730 1528 786 namque
1559 730 1693 769 cum
1723 731 1823 770 eos
1854 731 1995 786 prta-

346 825 440 862 ses
471 823 500 861 e
531 821 764 861 carcere
796 803 968 858 simul
1031 803 1350 870 eduxisset,
1402 801 1586 874 jussit
1633 804 1790 875 ipsos
1823 803 1997 859 idolis

343 895 694 950 sacrificare.
722 893 867 948 Cum
893 908 1029 946 vero
1053 892 1127 947 ad
1153 891 1212 946 id
1235 891 1435 947 induci
1461 892 1706 947 minime
1729 898 1992 964 possent,

341 983 401 1036 in
433 980 796 1053 profundum
829 980 1011 1036 maris
1043 980 1179 1035 illos
1239 979 1499 1052 demergi
1532 980 1869 1037 mandavit:
1904 986 1993 1036 at-

339 1087 454 1142 que
478 1071 558 1126 ita
585 1069 940 1144 martyrium
967 1075 1483 1126 consummarunt.

906 1169 1150 1225 EODEM
1173 1169 1422 1226 MENSE.

999 1259 1102 1314 Die
1130 1257 1339 1331 quinta

339 1362 444 1416 ΔΛ
473 1359 760 1416 Certamen
786 1364 997 1416 sanctae
1049 1359 1314 1430 martyris
1367 1356 1703 1415 Pherbuthae
1730 1363 1783 1412 et
1810 1358 1992 1413 socia-

1015 1446 1140 1484 rum
1169 1430 1308 1499 ejus.

410 1537 708 1595 Pherbuta
731 1537 948 1593 Christi
982 1541 1226 1608 martyr,
1259 1541 1395 1607 post
1423 1541 1724 1592 certamen
1757 1540 1814 1591 et
1842 1551 1993 1590 mor-

335 1633 453 1684 tem
483 1629 680 1684 fratris
711 1628 806 1682 sui
852 1627 1146 1683 Simeonis
1206 1625 1492 1698 episcopi,
1532 1625 1731 1697 quiete
1763 1625 1982 1699 degens

331 1719 395 1774 in
426 1735 530 1775 suo
562 1717 900 1774 habitacula
954 1733 1070 1771 una
1101 1731 1235 1772 cum
1285 1731 1486 1772 sorore
1519 1720 1577 1770 et
1605 1714 1847 1781 ancilla,
1883 1730 1984 1770 eos

331 1803 434 1881 qui
466 1808 539 1864 ad
566 1809 756 1880 ipsam
787 1805 1165 1871 accedebant,
1198 1803 1413 1860 Christi
1467 1803 1646 1859 ﬁdem
1677 1803 1982 1861 edocebat.

2108 629 2185 693 είς
2213 625 2340 704 ὅρος
2373 631 2584 706 ὑψηλὸν
2640 631 2984 697 ἀνελθόντας.
3041 632 3276 706 Ἐδήλου
3336 633 3394 691 δὲ
3447 639 3509 693 τὸ
3568 640 3752 714 ὅραμα

2105 720 2203 787 τήν
2265 719 2356 776 διὰ
2414 719 2689 790 θαλάσσης
2744 722 2920 780 αὐτῶν
2990 725 3271 780 τελείωσιν
3306 773 3322 798 ,
3375 727 3464 782 καὶ
3511 730 3610 798 τὴν
3674 730 3749 793 εἷς

2107 807 2337 882 οὐρανὸν
2384 805 2662 867 ἀναϐασιν.
2700 814 2802 870 Καὶ
2857 814 2961 888 γὰρ
2993 815 3106 886 ἁμα
3134 813 3282 890 πρωΐ
3345 822 3446 885 τῆς
3500 815 3751 895 φυλακῆς

2105 896 2300 960 αὐτοὺς
2359 898 2626 973 ἐξαγαγὼν
2687 902 2716 956 ὁ
2774 903 2960 978 ἅρχων
2997 946 3012 973 ,
3069 903 3338 978 ἠνάγκαζε
3421 909 3575 970 θῦσαι
3631 913 3752 970 τοῖς

2105 983 2380 1050 εῗδώλοις·
2417 990 2494 1060 μὴ
2544 991 2858 1054 πεισθέντας
2917 990 2995 1056 δὲ,
3052 996 3131 1064 τῷ
3189 992 3339 1067 βυθῷ
3388 1001 3487 1065 τῆς
3543 995 3754 1060 θαλάσ-

2104 1097 2203 1148 σης
2232 1075 2498 1155 ἐνέῥριψεθ
2531 1080 2620 1135 καί
2651 1078 2825 1144 οὕτως
2853 1079 3267 1151 ἐτελειώθησαν.

2652 1186 2796 1237 ΜΒΝ
2805 1188 2825 1238 ι
2865 1185 2952 1238 ΤΩ
2989 1185 3188 1242 ΑΥΤΩ.

2100 1354 2370 1428 ’Δθλησις
2425 1360 2527 1424 τῆς
2586 1357 2741 1433 ἁγίας
2802 1358 3099 1451 εεὰρτυρρς.
3131 1355 3471 1436 Φερϐούθης,
3529 1361 3745 1432 καὶτῆς

2688 1439 2935 1493 συνοδίας
2962 1439 3153 1502 αὐτῆς.

2168 1537 2230 1592 Ἡ
2293 1541 2391 1593 τοῦ
2476 1540 2706 1613 Χριστοῦ
2801 1538 3008 1615 μὰρτυρ
3094 1535 3383 1614 Φερϐοὗθη
3443 1542 3582 1614 μετά
3636 1544 3738 1612 τὴν

2097 1623 2328 1696 ἄθλησιν
2360 1627 2451 1682 καὶ
2497 1627 2776 1684 τελείωσιν
2832 1633 2930 1684 τοῦ
2988 1626 3226 1707 ἀδελφοῦ
3283 1629 3452 1700 αὐτῆς
3511 1631 3740 1703 Συμεὼν

2097 1718 2192 1768 τοῦ
2251 1713 2574 1786 ἐπισκόπου,
2632 1718 2684 1772 ἑν
2743 1715 3007 1790 οἰκήματι
3061 1720 3419 1793 ἡσυχάζουσα
3471 1719 3607 1792 μετά
3633 1721 3733 1788 τῆς

2096 1799 2359 1881 ἀδελφῆς,
2389 1806 2477 1861 καὶ
2509 1812 2608 1875 τῆς
2639 1803 2846 1877 δούλης
2878 1805 3067 1875 αὐτῆς,
3114 1803 3360 1864 ἐδίδασκε
3385 1809 3512 1869 τοὺς
3555 1829 3736 1883 προσ-

331 1897 683 1954 lnvidebant
711 1902 909 1953 autem
931 1894 1139 1964 Iudaei,
1163 1893 1222 1948 id
1245 1910 1398 1966 aegre
1419 1893 1679 1950 ferentes
1705 1911 1717 1949 :
1742 1899 1802 1950 et
1819 1910 1973 1950 occa-

2098 1893 2433 1968 ερχομὲνους
2487 1893 2625 1968 αὐτῇ
2681 1895 2782 1964 τὴν
2857 1894 2936 1960 είς
2989 1896 3216 1969 Χριστὸν
3275 1896 3479 1954 πίστιν.
3542 1897 3736 1975 Ἐφθόο

331 1988 560 2043 sionem
592 1986 772 2055 nacti,
823 1986 1089 2057 ipsarum
1138 1984 1360 2039 caedem
1392 1982 1501 2038 hac
1533 1984 1762 2040 ratione
1792 1984 1983 2040 moliti

330 2082 488 2133 sunt.
525 2077 680 2132 Uxor
708 2074 942 2146 Saporis
973 2075 1290 2129 Persarum
1333 2072 1488 2145 regis
1516 2072 1749 2128 Iudaeos
1782 2079 1986 2144 prote—
2090 2073 2359 2152 πρόφασιν
2395 2116 2410 2141 ,

326 2165 536 2239 gebat:
569 2181 638 2220 eo
669 2170 868 2220 autem
898 2169 1165 2234 tempore
1213 2162 1455 2218 infirma
1489 2161 1827 2218 valetudine
1858 2168 1983 2218 ute-

327 2253 519 2310 batur.
553 2258 946 2309 Accesserunt
977 2251 1225 2324 proinde
1252 2251 1440 2306 Iudaei
1467 2251 1542 2306 ad
1565 2251 1777 2322 ipsam,
1797 2256 1855 2306 et
1883 2267 1983 2308 ca-

330 2342 610 2400 lumniati
667 2348 810 2399 sunt
839 2348 1095 2409 sanctas,
1129 2341 1257 2396 haec
1303 2340 1572 2396 aientes:
1604 2340 1752 2406 Quia
1779 2356 1814 2396 a
1861 2339 1983 2395 viro

334 2438 435 2489 tuo
472 2434 702 2490 occisus
734 2431 844 2487 fuit
892 2432 1128 2486 Simeon
1189 2431 1524 2502 episcopus,
1583 2429 1716 2484 ideo
1748 2446 1982 2484 sorores

327 2523 516 2594 ipsius
549 2523 792 2594 magicis
812 2522 1038 2577 artibus
1060 2527 1352 2576 conantur
1373 2527 1428 2574 te
1451 2518 1764 2591 perimere.
1801 2520 1855 2574 Si
1877 2535 1979 2573 au-

327 2617 448 2668 tem
480 2613 647 2684 cupis
671 2612 981 2683 pristinam
1015 2627 1365 2682 recuperare
1387 2609 1806 2672 valetudinem,
1831 2609 1978 2680 jube

328 2718 428 2757 eas
461 2718 564 2773 per
615 2700 880 2756 medium
931 2699 1238 2768 dissecari,
1286 2705 1345 2755 et
1401 2699 1666 2770 ipsarum
1722 2698 1980 2754 dissecta

325 2789 596 2847 membra
623 2789 908 2862 suspendi
936 2807 950 2846 :
979 2796 1040 2844 tu
1073 2806 1206 2844 vero
1234 2788 1419 2844 transi
1443 2804 1548 2859 per
1568 2787 1830 2842 medium
1853 2787 1979 2842 illo-

321 2896 482 2943 rum,
514 2886 691 2951 atque
723 2879 808 2936 ita
837 2895 1044 2951 sospes
1102 2885 1161 2934 et
1203 2878 1566 2934 incolumnis
1592 2877 1821 2934 evades.
1859 2878 1976 2932 Hoc

321 2967 501 3040 igitur
530 2973 788 3040 peracto,
823 2974 1041 3024 sanctas
1075 2967 1288 3022 Christi
1349 2972 1640 3036 martyres
1692 2965 1975 3022 caelorum

321 3073 568 3130 regnum
602 3057 831 3130 adeptaa
856 3062 1033 3113 sunt:
1067 3056 1292 3128 Regina
1311 3072 1452 3110 vero
1473 3072 1595 3110 non
1617 3055 1794 3112 modo
1821 3055 1975 3112 sani-

318 3152 500 3204 tatem
531 3165 652 3206 non
681 3147 1087 3220 recuperavit;
1121 3146 1225 3202 sed
1256 3146 1433 3201 etiam
1481 3145 1816 3220 gehennam
1848 3163 1973 3204 sor-

315 3236 424 3293 tita
453 3242 561 3294 est.

881 3307 1120 3364 EODEM
1143 3305 1390 3362 MENSE.

981 3396 1084 3453 Die
1128 3402 1294 3452 sexta

312 3505 586 3564 Memoria
616 3505 793 3562 sancti
814 3506 995 3561 Patris
1024 3507 1202 3560 nostri
1247 3503 1504 3574 Eutychii
1561 3503 1964 3576 archiepiscopi

828 3578 1150 3633 Constantin
1159 3576 1448 3647 opolitani.

386 3683 634 3740 Sanctus
665 3684 838 3738 Pater
869 3690 1072 3739 noster
1101 3683 1426 3753 Eutychius
1465 3681 1597 3742 fuit.
1631 3682 1962 3753 imperante

308 3772 641 3826 Iustiniano
693 3772 921 3842 Magno,
964 3788 1032 3826 ex
1076 3771 1316 3842 regione
1376 3770 1641 3842 Phrygias
1701 3777 1960 3826 exortus.

309 3860 597 3914 Praeclare
629 3864 827 3912 autem
853 3858 1139 3913 educatus
1170 3859 1242 3914 ab
1297 3858 1588 3928 Hesychia
1619 3858 1962 3930 presbytero

309 3947 749 4018 thaumaturgo,
781 3946 969 4018 ipsius
992 3963 1118 4013 avo,
1153 3953 1211 4001 et
1241 3947 1302 4000 in
1333 3947 1518 4001 sacris
1548 3947 1763 4001 litteris
1805 3948 1964 4002 assi-

313 4035 431 4093 dua
461 4035 848 4092 meditatione
889 4053 958 4092 ac
1008 4035 1204 4092 studio
1234 4041 1522 4104 versatus,
1553 4035 1626 4091 ab
1685 4036 1962 4108 episcopo

312 4131 582 4184 Δωδεοω
641 4132 952 4199 susceptus
1009 4132 1134 4183 est:
1186 4143 1255 4182 ac
1308 4126 1567 4198 primum
1611 4127 1964 4196 monachus,

312 4215 530 4274 deinde
563 4216 873 4290 presbyter
896 4217 1190 4284 initiatus,
1223 4215 1610 4288 tranquillam
1641 4216 1760 4289 egit
1789 4218 1965 4272 vitam

307 4307 374 4364 in
405 4307 766 4364 monasterio
800 4307 988 4363 sancti
1010 4307 1224 4362 Meleti.
1249 4306 1464 4374 Quinto
1489 4312 1688 4363 autem
1711 4306 1965 4362 concilio

307 4403 660 4471 congregato
693 4415 728 4454 a
755 4397 1114 4463 Iustiniano,
1147 4414 1282 4454 cum
1334 4396 1648 4470 episcopus
1699 4399 1965 4452 Amaseaa

306 4489 548 4545 infirma
577 4489 914 4545 valetudine
967 4489 1352 4552 detineretur.
1410 4489 1629 4545 missus
1686 4488 1798 4543 fuit
1844 4489 1967 4543 vice

306 4575 469 4631 illius
502 4578 844 4648 Eutychius.
879 4578 979 4648 qui
1013 4578 1075 4632 in
1129 4577 1382 4632 concilio
1444 4577 1524 4631 ita
1571 4575 1870 4642 excelluit,
1904 4581 1969 4630 ut

1992 3278 2042 3345 ο

2090 2004 2217 2038 νουν
2251 1981 2310 2038 δὶ
2357 1985 2411 2039 οἱ
2469 1982 2746 2053 Ἰουδαῖοι,
2802 1985 2892 2041 καὶ
2951 1982 3287 2062 διεπρίοντο,
3340 1987 3430 2043 καὶ
3489 1985 3735 2060 εὑρόντες

2468 2073 2756 2152 ἐφόνευσαν
2847 2073 3013 2138 αὖτάς
3094 2076 3284 2152 τρόπῳ
3351 2075 3608 2150 τοιούτῳ.
3666 2078 3733 2134 Ἦ

2085 2166 2184 2218 τοῦ
2244 2159 2514 2239 βασιλέως
2569 2168 2680 2219 τῶν
2735 2168 2950 2240 Περσῶν
3023 2158 3315 2241 Σαϐωρίου
3369 2176 3506 2242 γυνη
3545 2185 3732 2240 περιε-

2088 2258 2300 2307 ποιεῖτο
2325 2251 2460 2317 τοὺς
2489 2250 2813 2316 Ἰουδαίους.
2872 2252 3026 2310 Ἐπεὶ
3082 2251 3142 2309 δὲ
3198 2255 3335 2311 κατὰ
3389 2255 3482 2310 τὸν
3539 2255 3728 2332 καιρὸν

2087 2339 2294 2396 ἐκεῖνον
2329 2339 2613 2414 ἠσθένησε,
2645 2341 2960 2416 προσῆλθον
2991 2341 3149 2415 αὐτῇ,
3206 2343 3296 2400 καὶ
3346 2337 3602 2399 διιϐαλον
3629 2346 3728 2406 τὰς

2088 2431 2241 2504 ἁγίας
2275 2475 2289 2501 ,
2350 2430 2590 2494 εἰπόντες
2648 2430 2843 2495 οὕτως’
2922 2433 3050 2490 ’Ὁτι
3131 2430 3220 2488 διὰ
3275 2433 3339 2490 τὸ
3398 2435 3726 2511 φονευθῆναι

2087 2520 2232 2592 παρά
2269 2524 2366 2576 τοῦ
2431 2517 2627 2593 ἀνδρός
2687 2541 2782 2575 σου
2836 2523 2930 2576 τὸν
2992 2519 3284 2576 ἐπίσκοπον
3335 2526 3624 2596 Συμεῶνα,
3671 2521 3728 2575 αἱ

2084 2605 2317 2682 ἀδελφαὶ
2347 2609 2514 2664 αὐτοῦ
2543 2609 2960 2687 κατειργάσαντό
2997 2631 3060 2665 ’σε
3121 2607 3209 2666 διά
3267 2611 3516 2686 μαγείας,
3576 2611 3726 2672 ὅπως

2084 2697 2380 2774 ἀποθάνῃς.
2413 2698 2593 2755 Ἀλλά
2645 2697 2691 2753 εἴ
2752 2698 2940 2775 βούλει
2991 2699 3226 2775 ὑγιᾶναι,
3284 2700 3726 2775 πρόσταξον,καὶ

2083 2789 2465 2862 σχισθήτωσαν
2521 2786 2708 2862 μέσον,
2765 2787 2855 2843 καὶ
2912 2791 3374 2864 κρεμασθήτωσαν
3407 2789 3472 2844 τὰ
3502 2787 3724 2865 διχοτο-

2083 2879 2310 2950 μήματα
2339 2875 2540 2944 αὐτῶν,
2569 2877 2658 2933 καὶ
2707 2874 2886 2932 δίελθε
2943 2879 3130 2951 μέσον,
3185 2877 3274 2933 καὶ
3334 2879 3586 2955 ὑγιανεῖς.
3622 2880 3720 2936 Καὶ

2078 2964 2274 3020 τούτου
2302 2967 2621 3041 γενομένου,
2654 2966 2710 3021 αἱ
2754 2965 2848 3040 μὲν
2911 2965 3060 3041 ἅγιαι
3111 2961 3386 3039 ἀπέλαϐον
3437 2968 3536 3036 τήν
3573 2967 3724 3042 βασι-

2079 3052 2230 3110 λείαν
2287 3059 2392 3110 τῶν
2455 3055 2720 3131 οὐρανῶν
2767 3058 2801 3126 ἡ
2858 3053 2916 3111 δὶ
2979 3055 3270 3130 βασίλισσα
3326 3056 3462 3132 πρὸς
3519 3055 3584 3111 τὸ
3646 3057 3724 3130 μὴ

2083 3146 2317 3222 ὑγιᾶναι,
2348 3142 2766 3221 ἐκληρονόμησε
2790 3145 2881 3202 καὶ
2909 3145 3009 3216 τήν
3036 3147 3274 3223 γέενναν.

2637 3324 2788 3381 ΜΒΝ
2796 3328 2818 3380 Ι
2865 3327 2957 3382 ΤΩ
2998 3330 3169 3380 ΔΥΤΩ

2081 3503 2288 3576 Μνήμη
2341 3505 2472 3580 *τοῦ
2551 3500 2610 3558 ἰν
2646 3574 2657 3580 _
2688 3414 2919 3579 ἀγίοιςζ
2958 3504 3170 3579 ΙῙατρὸς
3227 3506 3390 3580 ὴμῷν
3444 3503 3720 3580 Εὐτυχίου

2331 3573 2770 3650 ἀρχιεπισκόπου
2831 3573 3471 3635 Κωνσταντινουπόλεως.

2148 3679 2562 3756 Εὐτύχιοςὸἐν
2619 3680 2793 3757 ἁγίοις
2849 3681 3030 3757 πατὴρ
3089 3684 3273 3754 ἡμῶν,
3333 3682 3580 3756 ὑπῆρχεν
3631 3679 3720 3735 ἐπὶ

2074 3775 2175 3838 τῆς
2226 3768 2502 3846 βασιλείας
2562 3770 2944 3826 Ἰουστινιανοῦ
3001 3774 3097 3824 τοῦ
3149 3769 3413 3846 μεγάλου·
3469 3769 3534 3839 ἧν
3569 3767 3627 3824 δὶ
3663 3769 3722 3824 ἐκ

2077 3866 2176 3926 τῆς
2234 3860 2420 3934 χώρας
2506 3861 2752 3935 Φρυγίας
2786 3902 2798 3916 .
2862 3858 3062 3923 Καλῶς
3151 3858 3208 3914 δὲ
3254 3859 3574 3936 ἀνατραφεὶς
3617 3859 3720 3915 ὑπὸ

2075 3949 2341 4024 ’Πσυχίου
2371 3947 2468 4004 τοῦ
2507 3943 2874 4025 πρεσϐυτέρου
2930 3948 3019 4004 καὶ
3079 3947 3518 4024 θαυματουργοῦ,
3576 3949 3720 4005 πάπ-

2077 4057 2182 4092 που
2212 4035 2375 4092 αὐτοῦ
2424 4033 2601 4106 ὄντος,
2658 4037 2747 4094 καὶ
2803 4037 2871 4094 τά
2923 4037 3043 4113 ἰερά
3097 4039 3394 4116 γράμματα
3423 4037 3500 4103 είς
3557 4036 3719 4114 ἄκρον

2079 4124 2446 4200 ἐκμελετήσας
2479 4169 2494 4199 ,
2578 4125 2938 4206 προσελήφθη
3022 4128 3169 4204 παρὰ
3239 4131 3337 4183 τοῦ
3416 4126 3718 4184 ἐπισκόπου

2077 4215 2375 4289 Ἀμασείας
2410 4259 2422 4271 .
2506 4215 2611 4272 Καὶ
2670 4217 2910 4292 γεγονὼς
2985 4217 3228 4291 μοναχὸς
3314 4219 3431 4273 εἶτα
3482 4212 3717 4290 πρεσϐὖο

2075 4325 2256 4380 τερος,
2287 4303 2559 4381 ἡσύχαζεν
2617 4303 2670 4360 ἐν
2729 4309 2796 4379 τῇ
2859 4309 3000 4379 μονῇ
3055 4309 3153 4362 τοῦ
3210 4303 3364 4381 ἁγίου
3424 4304 3716 4364 Μελετίου.

2077 4398 2192 4464 Τῆς
2227 4391 2283 4449 δὲ
2304 4396 2558 4468 πέμπτης
2594 4392 2834 4449 Συνόδου
2865 4395 3010 4472 παρά
3051 4391 3432 4452 Ἰουστινιανοῦ
3488 4415 3718 4470 συγκρο-

2076 4484 2331 4555 τηθείσης
2364 4529 2378 4554 ,
2463 4487 2560 4539 τοῦ
2616 4483 2910 4556 Ἀμασείας
2996 4483 3294 4539 ἐπισκόπου
3349 4485 3718 4553 ἀσθενοῦντος,

2079 4572 2356 4645 ἀπεστάλη
2390 4572 2753 4642 ἀντ’ἐκείνου,
2786 4573 2875 4626 καὶ
2922 4569 3202 4647 διέπρεψεν
3260 4571 3312 4628 ἐν
3369 4577 3438 4646 τῇ
3487 4570 3716 4644 συνόδῳ.

304 4665 644 4736 patriarcha
666 4667 862 4721 Menas
885 4665 1102 4722 dixerit
1126 4683 1138 4721 :
1167 4666 1270 4721 Hic
1298 4665 1412 4721 erit
1433 4680 1600 4720 meus
1633 4681 1962 4733 successor,

2088 4664 2149 4725 bc
2199 4663 2286 4717 καὶ
2351 4661 2441 4716 τὸν
2502 4661 2848 4736 πατριάρχην
2913 4662 3100 4731 Μηνᾶν
3153 4660 3344 4726 εἰπεῖν,
3404 4661 3489 4717 ὅτι
3545 4661 3719 4724 Οὗτός

308 4753 499 4821 Atque
532 4751 614 4806 ita
637 4753 830 4824 reipsa
855 4760 988 4824 post
1016 4760 1268 4809 mortem
1302 4754 1466 4808 illius
1492 4753 1714 4809 electus
1743 4759 1833 4810 est
1860 4770 1964 4826 pa-

308 4839 586 4896 triarcha.
621 4842 767 4897 Cum
797 4859 932 4898 Vt‘l‘O
965 4845 1026 4898 in
1067 4843 1272 4898 odium
1315 4843 1691 4914 imperatoris
1721 4842 1965 4898 incidis.

309 4934 419 4995 set,
455 4929 515 4984 in
547 4931 823 4987 exsilium
855 4933 1063 5003 pulsus
1094 4933 1190 4988 45
1253 4932 1384 4988 fuit.
1420 4936 1492 4987 At
1523 4938 1656 5002 post
1710 4939 1964 4988 mortem

304 5021 624 5077 Iustiniani
659 5040 826 5079 suam
883 5023 1109 5094 recepit
1157 5022 1358 5077 sedem
1391 5039 1425 5077 a
1449 5023 1679 5078 Iustino
1710 5031 1768 5078 et
1795 5024 1962 5079 Tibe-

299 5109 412 5166 rio.
445 5116 591 5168 Cum
624 5111 968 5183 autemjam
995 5109 1180 5166 multa
1199 5117 1494 5182 patrasset
1519 5111 1826 5177 miracula,
1852 5113 1961 5168 im-

301 5205 632 5272 petumque
664 5200 904 5256 lethalis
935 5216 1002 5254 ac
1041 5214 1268 5271 magna:
1301 5199 1656 5271 pestilentias
1687 5200 1962 5270 precibus

303 5288 694 5354 cohibuisset,
740 5305 974 5343 necnon
1005 5287 1223 5342 Tiberii
1271 5295 1524 5344 mortem
1569 5289 1960 5359 prmdixisset,

302 5377 460 5432 sicut
488 5378 667 5433 etiam
709 5385 883 5432 antea
913 5379 1042 5447 ejus
1101 5376 1418 5448 imperium
1477 5378 1853 5450 praedixerat.
1888 5397 1960 5435 ex

303 5465 416 5520 hac
446 5467 562 5522 vita
591 5467 867 5535 decessit,
901 5467 962 5521 in
994 5465 1246 5522 ecclesia
1284 5472 1627 5524 sanctorum
1659 5468 1958 5540 apostolo-

303 5571 441 5610 rum
475 5556 764 5628 sepultus.

303 5645 366 5701 Et
389 5653 664 5703 certamen
694 5652 1012 5702 sanctorum
1039 5652 1255 5701 centum
1287 5652 1338 5702 ct
1364 5644 1783 5717 quinquaginta
1815 5664 1956 5705 mar-

619 5726 808 5791 tyrum
845 5721 905 5774 in
955 5717 1174 5774 Perside
1219 5725 1628 5775 coronatorum.

373 5807 620 5879 Saporec
650 5808 871 5880 impius
925 5809 1238 5863 Persarum
1296 5823 1400 5863 rex
1457 5809 1519 5864 in
1551 5809 1955 5868 Romanorum

2077 4751 2216 4807 ἐστιν
2273 4752 2300 4805 ὁ
2355 4746 2618 4812 διαδοχάς
2676 4770 2805 4823 μου.
2861 4751 2948 4823 Ἐξ
3008 4748 3069 4804 οὗ
3127 4751 3216 4806 καί
3274 4751 3409 4824 μετά
3457 4748 3716 4821 τελευτήν

2075 4839 2281 4896 ἐκείτου
2324 4839 2528 4914 γίνεται
2610 4839 2982 4914 πατριάρχης,
3049 4838 3140 4894 καὶ
3199 4839 3578 4915 προσκρούσας
3625 4841 3717 4896 τὸν

2079 4928 2326 5006 βασιλέα,
2359 4928 2670 5003 ἐξορίζεται.
2733 4929 2883 4986 Μετὰ
2939 4928 3163 4993 θάνατον
3225 4927 3715 4999 δὶίουστινιανοῦ,

2074 5013 2343 5075 ἀπέλαϐεν
2397 5018 2487 5072 τὸν
2545 5017 2736 5083 θρόνον
2807 5019 2975 5073 αὐτοῦ
3029 5020 3180 5095 παρά
3236 5018 3569 5090 ’1ουστίνου,
3627 5019 3717 5075 καὶ

2072 5104 2350 5184 Τιϐερίου·
2409 5106 2500 5162 καὶ
2556 5105 2745 5162 πολλᾶ
2798 5106 3050 5181 θαύματα
3099 5110 3357 5180 ποιήσας,
3413 5108 3503 5165 καὶ
3556 5110 3716 5184 μεγὰ⁹

2074 5196 2177 5253 λου
2207 5199 2494 5262 θανατικοῦ
2552 5192 2622 5250 δι’
2673 5193 2841 5266 εὐχῆς
2893 5197 3210 5261 ἀναστείλας
3266 5199 3469 5273 ὁρμὴν,
3500 5197 3588 5253 καὶ
3619 5199 3714 5255 Tt-

2059 5283 2263 5364 έϐερίου
2324 5287 2490 5342 είπὼν
2543 5286 2634 5342 τὸν
2693 5287 2918 5342 θάνατον
2950 5332 2964 5358 ,
3019 5288 3094 5351 ὡς
3155 5289 3245 5344 καὶ
3303 5289 3567 5363 πρότερον
3613 5289 3713 5358 τήν

2075 5376 2397 5451 βασιλείαν,
2452 5375 2748 5450 ἐκοιμήθη,
2807 5376 2993 5456 ταφεὶς
3050 5376 3104 5434 ἰν
3160 5383 3280 5441 τοῖς
3340 5377 3512 5454 ἁγίοις
3569 5377 3714 5433 ἀπο-

2069 5466 2310 5530 στόλοις.

2063 5647 2168 5705 ιΚαὶ
2225 5645 2456 5718 ἄθλησις
2535 5649 2642 5700 τῶν
2706 5645 2905 5722 -ᾁγίιιξν
2993 5646 3072 5722 ρν’
3150 5646 3438 5722 μαρτύρων
3490 5650 3599 5702 τῶν
3657 5644 3711 5701 ἐν

2555 5715 2789 5793 “speriat.
2802 5715 3221 5782 τελειωθὶντών.

2141 5801 2422 5880 Σαϐώριος
2453 5807 2483 5861 ὁ
2510 5800 2774 5876 δυσσεϐὴς
2823 5805 3077 5881 βασιλεὺς
3129 5810 3372 5881 Περσῶν,
3429 5806 3567 5862 κατά
3610 5811 3715 5875 τῆς
