4086 6204
291 389 410 450 38°
1799 382 2128 447 ΑΡιιιιιε.
3585 393 3704 454 ,ρο

282 520 638 595 τξπικρατείας
694 525 802 576 τῶν
862 520 1157 595 Ῥωμαίων
1211 520 1580 598 κουρσεύσας,
1640 518 1726 575 ἰπὶ
1786 525 1936 575 Κων-

2070 515 2339 572 litionem
2370 519 2637 587 tempore
2660 514 2988 572 Constantii
3020 518 3418 578 Romanorum
3444 524 3704 597 impera-

293 611 544 666 σταντίου
631 610 902 687 βασιλεως
982 612 1271 685 Ῥωμαίων
1347 615 1479 686 (τοῦ
1565 614 1698 666 Θεοῦ
1784 612 1945 665 τοῦτο

293 703 796 775 συγγωρήσαντος,
857 699 946 757 διὰ
1008 702 1131 771 τήν,
1192 701 1314 757 τότε
1370 705 1679 771 κινηθεῖσαν
1738 699 1943 771 αἳρεσιν

290 793 390 844 τοῦ
423 790 824 867 ματαιόφρονος
855 791 1095 866 Ἀρείου,
1141 795 1238 845 τοῦ
1269 790 1358 845 καὶ
1399 789 1558 845 αὐτὸν
1586 790 1676 843 τὸν
1722 785 1947 864 βασιλέα

292 879 581 941 πείσαντος
636 880 704 935 τά
788 879 958 953 ὅμοια
1015 886 1231 958 φρονεῖν
1267 924 1283 948 ,
1345 878 1447 934 ὑπὸ
1532 871 1798 935 Εὐσεϐίου
1844 878 1942 929 τοῦ

292 969 661 1042 πραιποσίτου
715 971 997 1044 Ἀρειανοῦ
1072 965 1279 1037 ὄντος)
1330 967 1519 1023 πολλὰ
1575 966 1799 1041 κάστρα,
1856 963 1947 1019 καὶ

294 1060 487 1134 χώρας
532 1057 817 1135 ἀφανίσας,
869 1057 1089 1128 πολλὴν
1123 1052 1416 1113 ἀνελάϐετο
1457 1054 1846 1132 αἰχμαλωσίαν
1888 1053 1950 1108 ἐκ

290 1152 403 1202 τῶν
437 1149 806 1219 Χριιττιανιῖῐιν⁸
851 1148 925 1202 ὢν
986 1148 1038 1202 οἱ
1096 1148 1191 1221 μὶν
1244 1146 1577 1225 ἐσφάγησαν,
1612 1146 1663 1200 οἱ
1725 1141 1782 1199 δὲ
1812 1144 1951 1199 κατὰ

287 1238 392 1305 τὴν
456 1232 582 1291 ὁδὸν
643 1236 1017 1307 ἐτελεύτησαν.
1077 1236 1299 1292 Ἑκατὸν
1358 1233 1415 1291 δὲ
1470 1235 1559 1290 καὶ
1608 1235 1952 1304 πεντήκοντα

295 1325 459 1398 μόνοι
519 1322 1004 1403 περιλειφθέντες,
1089 1326 1419 1401 ἀπήχθησαν
1506 1323 1581 1386 εἷς
1667 1319 1945 1399 Περσίδα,

294 1412 578 1487 δεδεμένοι
608 1419 727 1476 ταῖς
772 1413 1018 1483 ἁλύσεσι,
1068 1414 1157 1471 καὶ
1218 1410 1593 1489 παρεδόθησαν
1647 1416 1715 1478 τῆ
1775 1409 1950 1488 φυλα-

292 1507 392 1577 κῇ,
420 1503 510 1558 καὶ
542 1503 1018 1573 ἰταλαιπωροῦντο
1064 1504 1115 1558 ἐν
1177 1504 1314 1577 αὑτῇ
1368 1502 1457 1559 ἰπὶ
1515 1501 1750 1575 ἡμέραις
1807 1499 1954 1556 πολ-

296 1590 829 1667 λαῖς.Εὐκαιρήσας
871 1590 928 1649 δέ
984 1613 1115 1648 ποτε
1170 1588 1457 1667 Σαϐώριος
1514 1592 1621 1647 ἀπὸ
1676 1595 1783 1645 τῶν
1848 1611 1953 1663 μα-

294 1682 461 1737 ταίων
527 1684 904 1758 πραγμάτων,
953 1683 1042 1737 καὶ
1127 1681 1333 1756 ἀνάψας
1418 1682 1591 1754 πυράν
1681 1679 1949 1756 μεγάλην,

298 1772 538 1845 ἐξήγαγε
583 1772 713 1835 τοὺς
772 1772 960 1847 άγιους
1017 1778 1116 1841 τῆς
1179 1770 1448 1848 φυλακῆς,
1506 1771 1593 1825 καὶ
1655 1772 1953 1846 ἠναγκασεν

298 1862 636 1936 ἀρνήσασθαι
678 1861 770 1915 τὸν
826 1862 1072 1936 Χριστὸν,
1105 1860 1195 1916 καὶ
1229 1862 1382 1915 θῦσαι
1438 1864 1518 1933 τῷ
1577 1859 1730 1933 πυρί.
1791 1866 1862 1919 Ως
1895 1854 1952 1911 δὲ

300 1951 407 2006 οὐκ
434 1948 663 2018 ἔπεισεν,
693 1944 941 2007 ἐνέϐαλεν
984 1949 1181 2013 αὐτοὺς
1245 1949 1319 2012 εἷς
1374 1948 1436 2005 τὸ
1493 1952 1621 2025 πῦρ,
1653 1948 1744 2004 καὶ
1777 1944 1949 2009 οὕτως

297 2038 721 2110 ἰτελειώθησαν.

869 2130 1051 2186 ΜΜΝΙ
1078 2134 1163 2183 ΤΩ
1195 2131 1392 2185 ΑΥΤΩ.

1108 2224 1158 2273 Ζ.

297 2312 509 2383 Πνήμη
542 2312 639 2365 τοῦ
671 2306 723 2363 ἂν
756 2307 933 2385 ἀγίοις
982 2308 1194 2385 Πατρὸς
1226 2309 1386 2385 ᾖμῶν
1421 2305 1697 2382 Γεωργίου
1731 2303 1955 2361 ἓπισκο-

889 2400 996 2435 που
1027 2379 1371 2449 Μιτυλήνης.

370 2495 773 2574 Γεώργιοςὸἰν
832 2496 1006 2572 ἆγίοις
1060 2496 1149 2552 καὶ
1197 2495 1471 2575 Θεοφόρος
1525 2496 1709 2570 Πατὴρ
1769 2496 1955 2567 ἡμῶν,

300 2590 330 2644 ὃ
387 2588 722 2661 θερμότατος
813 2586 1174 2661 ὁμολογητὴς
1247 2590 1345 2641 τοῦ
1405 2587 1662 2659 Χριστοῦ,
1712 2587 1776 2653 ἧν
1838 2584 1954 2645 υίὸς

300 2677 560 2751 εὐγενῶν,
616 2676 704 2731 καὶ
773 2674 1077 2744 πλουσίων,
1138 2676 1226 2730 καὶ
1291 2669 1530 2730 εὐσεϐῶν
1588 2673 1809 2749 γονέων·
1880 2669 1952 2727 ὧν

297 2768 391 2821 τὸν
426 2770 520 2840 μὲν
579 2768 819 2820 πλοῦτον
882 2768 1136 2840 μισήσας,
1168 2765 1267 2834 την
1325 2761 1382 2819 δὲ
1440 2758 1710 2819 εὐσέϐειαν
1744 2763 1959 2837 ἀγαπή-

301 2877 420 2924 σας,
453 2854 544 2909 καὶ
593 2854 857 2930 εὐγενείας
916 2854 1005 2909 καὶ
1061 2852 1223 2925 δόξης
1279 2854 1698 2928 καταφρονήσας
1747 2849 1835 2905 διὰ
1864 2853 1955 2906 τὸν

298 2946 441 3021 πρὸς
474 2945 708 3015 Χριστὸν
761 2945 950 3011 πόθον,
1000 2943 1254 3007 ἀπελθὼν
1291 2943 1342 2998 ἐν
1411 2941 1792 3018 μοναστηρίῳ,
1849 2939 1957 3017 ἆγὲ-

294 3055 421 3089 νετο
454 3033 714 3109 μοναχὸς,
748 3031 801 3088 ἰν
830 3033 875 3105 ᾧ
904 3034 995 3087 καὶ
1028 3030 1202 3095 ἄλλας
1258 3052 1354 3106 μεν
1384 3031 1600 3094 πολλάς
1656 3032 1957 3104 κατώρθω-

297 3145 386 3179 σεν
447 3122 680 3198 ἀρετάς,
740 3120 1023 3197 ἐξαιρέτως
1077 3118 1134 3176 δὲ
1183 3123 1283 3192 τήν
1347 3119 1749 3194 ἐλεημοσύνην
1815 3118 1957 3190 ὅλην

295 3213 400 3290 γάρ
443 3212 549 3279 τὴν
595 3211 831 3286 ἡμέραν,
898 3210 1036 3265 κατά
1086 3209 1179 3265 τὸν
1241 3204 1431 3281 Δαϐὶδ,
1493 3209 1659 3266 ἐλεῶν
1713 3210 1800 3265 καὶ
1865 3206 1956 3263 δα-

296 3302 492 3370 νείζων
525 3300 628 3355 οὐκ
670 3299 921 3356 ἐπαύετο.
981 3299 1081 3355 Διά
1131 3302 1294 3354 τοῦτο
1334 3297 1453 3367 οὖν,
1485 3297 1831 3372 παρακλήσει
1859 3297 1957 3353 τοῦ

296 3392 541 3465 κλήρου,
581 3391 680 3459 τῆς
736 3388 791 3445 ἐν
853 3386 1146 3464 Μιτυλήνῃ
1206 3387 1502 3459 ἐκκλησίας
1560 3392 1956 3464 χειροτονεῖται

296 3478 625 3546 ἐπίσκοπος,
654 3484 755 3548 τῆς
789 3476 910 3548 ἴσης
941 3476 1323 3551 ἐλεημοσύνης
1355 3478 1645 3553 ἐχόμενοςο
1698 3476 1814 3532 ἐπεὶ
1868 3476 1959 3532 καὶ

301 3570 338 3636 ἡ
366 3573 479 3622 τῶν
514 3567 912 3643 Εἷκονομάχων
943 3566 1147 3641 αἵρεσις
1179 3566 1438 3644 ἀνεφάνη,
1494 3566 1705 3635 ἐκείνης
1738 3568 1833 3639 μὶν
1867 3587 1961 3621 κα-

303 3658 465 3726 τὲστη
502 3655 830 3731 ἀντίμαχος,
861 3663 961 3725 τῆς
992 3653 1049 3710 δὲ
1097 3653 1410 3728 ὀρθοδοξίας
1472 3655 1815 3730 ὐπὲρμαχος.
1849 3654 1958 3711 Αὐ-

302 3746 397 3809 τὸς
456 3743 514 3800 δὲ
571 3746 666 3806 τάς
750 3744 946 3806 σεπτάς
1006 3743 1217 3807 εῗκόνας
1261 3748 1438 3815 τιμῶν
1493 3745 1580 3799 καὶ
1642 3748 1958 3819 προσκυνῶν

299 3835 391 3889 καὶ
421 3834 554 3896 τοῦς
587 3832 791 3895 ἄλλους
837 3832 1129 3903 διδάσκων,
1162 3832 1350 3888 πολλά
1380 3832 1436 3889 δὲ
1495 3833 1745 3907 θαύματα
1802 3833 1961 3907 ἐργα-

300 3925 556 3996 ζόμενος,
616 3923 866 3998 προέγνω
925 3923 988 3977 ει’
1044 3922 1442 3997 ἀποκαλύψεως
1473 3922 1563 3977 καὶ
1617 3925 1716 3990 τὴν
1764 3923 1957 3978 ἑαυτοῦ

296 4012 561 4081 τελευτὴν
598 4056 614 4082 ,
673 4013 896 4087 ἀστέρος
950 4010 1098 4067 θείου
1152 4012 1354 4082 ταύτην
1432 4009 1806 4083 δηλώσαντος·
1866 4011 1957 4068 καὶ

302 4102 448 4157 οὕτω
482 4103 619 4175 πρὸς
653 4101 853 4175 Κύριον
886 4098 1242 4173 ἐξεδήμησεν.

2054 610 2198 663 toris
2230 608 2633 663 incursionem
2666 609 2889 664 faciens
2920 611 3059 679 (Deo
3092 612 3175 667 sic
3207 615 3607 684 permittente.
3636 618 3709 674 ob

2053 700 2366 753 excitatam
2398 698 2672 752 haeresim
2699 698 3037 769 insipientis
3071 701 3211 765 Arii,
3239 704 3337 773 qui
3365 711 3423 758 et
3454 706 3565 776 ipsi
3597 708 3706 762 im-

2052 788 2308 861 peratori
2328 804 2433 859 per
2446 787 2763 842 Eusebium
2784 790 3165 861 prmpositum
3186 793 3468 849 Arianum
3495 796 3703 852 eadem

2055 895 2254 934 secum
2289 879 2509 934 sentire
2543 881 2957 949 persuaserat),
3010 880 3316 952 multaque
3356 883 3704 941 subvertens

2054 974 2248 1023 castra
2265 974 2323 1021 et
2350 967 2642 1039 regiones.
2667 966 2868 1036 plures
2896 983 2925 1020 e
2948 966 3297 1024 Christianis
3323 972 3581 1041 captivos
3599 972 3703 1027 ab-

2055 1056 2524 1126 duxitzquorum
2538 1054 2719 1125 aliqui
2739 1056 2995 1127 jugulati
3019 1055 3258 1113 fuerunt
3279 1059 3379 1114 alii
3411 1061 3471 1114 in
3496 1061 3708 1116 itinere

2053 1146 2393 1218 perierunt.
2440 1145 2691 1200 Centum
2729 1161 2863 1200 vero
2902 1150 2959 1200 et
2999 1146 3434 1220 quinquaginta
3478 1151 3700 1205 solum-

2056 1234 2233 1291 modo
2261 1235 2630 1306 superstites,
2664 1234 2723 1289 in
2758 1234 3059 1289 Persidem
3102 1235 3343 1292 fuerunt
3390 1237 3711 1311 deportati,

2056 1324 2284 1380 catenis
2315 1324 2643 1391 constricti,
2677 1330 2734 1378 et
2763 1325 2826 1379 in
2857 1341 3157 1381 carcerem
3197 1329 3473 1398 conjecti,
3507 1330 3709 1399 ibique

2058 1414 2318 1470 assiduis
2352 1414 2637 1469 aerumnis
2668 1430 2773 1485 per
2829 1414 3119 1485 plurimos
3151 1415 3277 1471 dies
3308 1417 3537 1472 afflicti.
3568 1419 3713 1473 Cum

2058 1513 2256 1562 autem
2290 1504 2610 1576 aliquando
2646 1504 2894 1575 Sapores
2922 1521 2955 1559 a
2984 1505 3148 1560 vanis
3173 1507 3426 1575 negotiis
3458 1513 3709 1575 vacaret,

2059 1596 2283 1669 ingenti
2342 1595 2638 1668 lignorum
2696 1601 2855 1650 strue
2906 1611 3176 1659 accensa,
3227 1603 3462 1652 sanctos
3494 1598 3648 1653 viros
3681 1615 3711 1653 e

2060 1700 2294 1739 carcere
2326 1683 2763 1754 eductosjussit
2782 1683 3079 1739 Christum
3101 1684 3416 1758 abnegare,
3442 1692 3500 1742 et
3522 1687 3711 1757 ignem

2060 1771 2326 1829 adorare.
2376 1769 2542 1837 Quod
2565 1787 2701 1826 cum
2758 1771 2953 1827 facere
3008 1780 3407 1842 recusassent,
3457 1774 3618 1847 ipsos
3649 1775 3710 1830 in

1980 1888 2028 1954 Β
2062 1863 2259 1935 ignem
2312 1861 2521 1933 projici
2592 1860 2935 1917 mandavit:
2996 1868 3173 1934 atque
3232 1862 3313 1919 ita
3364 1864 3713 1936 martyrium

2060 1954 2572 2008 consummarunt.

2628 2128 2867 2186 EODEM
2910 2128 3139 2184 MENSE

2694 2219 2796 2273 Die
2828 2218 3081 2290 septima

2060 2308 2331 2368 Memoria
2357 2311 2535 2365 sancti
2585 2311 2765 2365 Patris
2822 2311 3005 2363 nostri
3061 2309 3285 2378 Georgii
3338 2310 3583 2380 episcopi
3612 2311 3714 2366 Mi-

2780 2380 2999 2451 tylenze.

2136 2501 2383 2555 Sanctus
2406 2499 2608 2554 Paster
2627 2503 2831 2553 noster
2847 2498 3149 2571 Georgius,
3170 2499 3369 2554 divino
3382 2499 3626 2554 numine
3649 2514 3717 2553 ac

2067 2589 2279 2660 spiritu
2304 2588 2559 2652 afﬂatus,
2593 2593 2653 2642 et
2708 2588 3068 2642 fortissimus
3122 2588 3338 2644 Christi
3382 2588 3709 2653 confessor,

2068 2679 2228 2733 filius
2257 2679 2369 2733 fuit
2397 2677 2711 2742 nobilium,
2734 2677 2979 2732 divitum
3001 2694 3069 2733 ac
3095 2678 3328 2749 piorum
3360 2683 3674 2748 parentum
3701 2690 3716 2729 :

2065 2784 2320 2839 quorum
2377 2766 2610 2823 divitias
2666 2766 2908 2838 quidem
2966 2766 3101 2821 odio
3160 2766 3407 2827 habens,
3435 2766 3715 2837 pietatem

2064 2873 2201 2912 vero
2232 2857 2622 2928 amplectens,
2673 2863 2850 2927 atque
2890 2856 2963 2911 ob
3013 2856 3229 2911 Christi
3263 2855 3625 2911 desiderium
3658 2859 3718 2910 et

2066 2963 2330 3002 amorem
2365 2946 2734 3001 nobilitatem
2792 2952 2851 3001 et
2904 2946 3154 3019 gloriam
3213 2952 3622 3006 contemnens.
3656 2944 3719 2998 in

2068 3036 2367 3106 quoddam
2393 3036 2816 3091 monasterium
2844 3036 3159 3108 profectus,
3184 3035 3573 3091 monasticam
3590 3034 3723 3089 iniit

2068 3126 2169 3180 46
2203 3126 2379 3181 vitam
2408 3142 2420 3180 :
2464 3126 2563 3181 ubi
2596 3132 2654 3181 et
2680 3126 2829 3180 alias
2861 3124 3101 3195 quidem
3136 3124 3339 3195 plures
3370 3125 3615 3178 virtutes
3637 3124 3720 3177 fe-

2069 3214 2263 3270 liciter
2294 3216 2592 3281 exercuit;
2628 3215 2731 3270 sed
2759 3215 3054 3285 praecipue
3086 3214 3548 3284 eleemosynam.
3581 3213 3723 3266 Tota

2069 3305 2228 3360 enim
2258 3305 2354 3359 die
2376 3306 2549 3374 juxta
2578 3303 2726 3358 illud
2752 3303 3114 3369 Davidicum,
3149 3302 3439 3367 misereri,
3472 3306 3531 3356 et
3555 3317 3717 3355 com-

2071 3393 2312 3448 modare
2353 3410 2473 3448 non
2522 3392 2789 3448 cessavit.
2842 3392 3211 3462 Quapropter
3244 3390 3515 3445 unanimi
3575 3388 3719 3443 cleri

2070 3483 2347 3554 suffragio
2380 3481 2782 3553 Mitylenensis
2813 3480 3078 3537 ecclesiae
3112 3480 3427 3551 episcopus
3450 3479 3719 3533 initiatus

2066 3571 2181 3626 fuit
2210 3571 2479 3626 eamdem
2503 3587 2680 3641 quam
2703 3576 2877 3625 antea
2898 3568 3269 3627 exhibuerat.
3302 3569 3362 3622 in
3394 3568 3721 3639 eleemosy-

2068 3661 2162 3715 nis
2183 3660 2394 3715 dandis
2410 3659 2878 3715 misericordiam
2900 3659 3180 3713 retinens.
3204 3660 3347 3712 Cum
3365 3674 3498 3712 vero
3519 3662 3725 3727 postea

2066 3750 2595 3806 Iconomacborum
2620 3748 2860 3803 hieresis
2879 3754 3081 3803 exorta
3099 3747 3325 3811 fuisset,
3345 3748 3476 3816 ejus
3490 3745 3726 3816 quidem

2068 3840 2195 3911 ipse
2228 3839 2649 3894 infestissimus
2681 3838 2868 3893 hostis
2894 3837 3037 3903 fuit;
3088 3836 3429 3892 orthodoxae
3460 3852 3593 3891 vero
3626 3850 3722 3889 re-

2066 3929 2305 4002 ligionis
2340 3935 2740 4001 pr0pugnator
2771 3928 3116 3983 acerrimus.
3153 3928 3283 3998 Ipse
3332 3927 3493 3981 enim
3523 3940 3721 3981 sacras

2066 4018 2356 4091 imagines
2401 4019 2602 4075 colens
2653 4025 2710 4073 et
2734 4018 3010 4082 adorans,
3045 4034 3249 4073 earum
3282 4017 3509 4071 cultum
3541 4016 3718 4070 etiam

2065 4108 2213 4164 alios
2244 4108 2495 4164 edocuit.
2530 4109 2675 4163 Cum
2706 4114 2903 4162 autem
2927 4106 3113 4161 multa
3134 4107 3262 4177 jam
3286 4110 3581 4176 patrasset
3610 4103 3719 4157 mi-

306 4193 535 4251 racula.
568 4209 690 4248 sure
721 4192 934 4248 futurae
968 4193 1176 4248 mortis
1206 4209 1277 4248 ex
1307 4192 1687 4261 revelatione,
1715 4197 1776 4248 et
1803 4192 2002 4251 divino
2057 4196 2251 4254 sidere
2307 4197 2474 4253 illam
2523 4202 3041 4268 prmmonstrante,
3096 4195 3315 4249 certior
3334 4194 3533 4249 factus
3583 4191 3717 4246 fuit.

308 4286 503 4356 Atque
535 4283 621 4339 ita
653 4282 727 4337 ad
758 4282 1079 4338 Dominum
1121 4282 1414 4355 migravit.

447 4421 554 4479 Καὶ
588 4419 818 4488 ἄθλησις
849 4424 947 4476 τοῦ
971 4421 1132 4497 ἁγίου
1167 4419 1436 4496 μάρτυρος
1468 4418 1832 4479 Καλλιοπίου.

380 4565 727 4628 Καλλιόπιος
760 4567 788 4620 ὁ
824 4566 1032 4639 μάρτυρ
1070 4569 1168 4620 τοῦ
1224 4568 1479 4639 Χριστοῦ,
1542 4566 1631 4620 ἐπὶ
1688 4573 1788 4635 τῆς
1822 4566 1971 4642 βασι-

312 4656 464 4721 λείας
518 4656 740 4731 ὑπῆρχε
784 4659 885 4710 τοῦ
949 4652 1313 4727 Μιξιμιανοῦ,
1374 4654 1433 4710 ὲκ
1464 4661 1561 4725 τῆς
1623 4659 1810 4729 χώρας
1872 4657 1965 4728 μὶν

311 4742 649 4823 Παμφυλίας
686 4788 699 4811 ,
756 4742 875 4807 υἱὸς
926 4740 984 4797 δὲ
1041 4742 1331 4806 Θεοκλείας
1387 4745 1573 4813 τινὸς,
1634 4749 1971 4817 Χριπιανῆς

309 4836 609 4897 πλουσίας.
643 4834 882 4911 Τραφεῖς
911 4831 969 4889 δὲ
998 4833 1144 4909 παρά
1188 4838 1260 4909 τῇ
1322 4836 1518 4909 μητὲρι
1573 4832 1827 4905 εὐσεϐῶς,
1878 4837 1967 4890 καὶ

315 4932 439 4987 ταῖς
497 4924 668 4987 θείαις
745 4922 1112 4996 ἐκμελετήσας
1198 4929 1458 5001 Γραφαῖς,
1546 4922 1796 4999 διωγμοῦ
1852 4924 1969 4980 ἐπι-

311 5015 597 5090 κειμένου,
625 5012 871 5084 ἀπῆλθεν
929 5013 1007 5075 εἰς
1066 5010 1560 5085 ΙΙομπηϊούπολιν,
1616 5014 1704 5068 καὶ
1763 5014 1972 5077 σταθεὶς

313 5103 632 5180 ἔμπροσθεν
693 5106 791 5157 τοῦ
847 5099 1117 5177 ἡγεμόνος
1174 5100 1427 5175 Μαξίμου
1487 5100 1826 5179 ὡμολόγησέ
1877 5105 1970 5160 τὸν

311 5194 575 5270 Χριστόν.
610 5192 785 5247 Δεθεῖε
818 5191 1030 5252 οὖντὰς
1090 5195 1280 5267 χεῖρας
1350 5191 1550 5259 ὀπίσω,
1607 5191 1698 5247 καὶ
1754 5195 1973 5273 τυφθεὶς

315 5280 583 5363 ἀφειδῶς,
616 5277 828 5351 ἐϐλήθη
878 5278 930 5335 ἰν
960 5282 1029 5353 τῇ
1089 5280 1327 5358 φυλακῇ·
1384 5279 1705 5349 συνεισῆλθε
1735 5279 1787 5337 δί
1816 5283 1903 5337 καὶ
1936 5285 1971 5353 ἡ

322 5377 512 5447 μήτηρ
577 5370 778 5439 αὐτοῦ,
837 5371 925 5424 καὶ
989 5370 1356 5446 ἀπεσπόγγιζε
1401 5372 1469 5425 τά
1523 5370 1729 5442 αἳματα
1787 5371 1970 5429 αὐτοῦ.

317 5468 500 5519 Δοῦσα
538 5464 647 5537 γάρ
679 5465 849 5514 πάντα
886 5461 976 5514 τὸν
1010 5459 1250 5515 πλοῦτον
1288 5458 1459 5528 αὐτῆς
1511 5464 1627 5521 τοῖς
1697 5467 1972 5535 πτωχοῖς,

317 5551 620 5624 ἠκολούθει
652 5552 733 5621 τῷ
764 5549 888 5620 υίῷ.
948 5544 1256 5619 Εκϐληθείς
1288 5546 1346 5603 δὶ
1398 5551 1498 5617 τῆς
1556 5547 1831 5625 φυλακῆς,
1877 5572 1977 5607 κα-

307 5641 610 5711 τεδικάσθη
671 5640 1046 5714 σταυρωθῆναι
1085 5683 1099 5707 ,
1163 5639 1262 5695 οὐκ
1318 5638 1372 5694 ἓν
1452 5643 1533 5713 τῷ
1588 5639 1745 5704 πάθει
1808 5642 1975 5715 μόνον

315 5737 597 5790 κοινωνῶν
644 5736 728 5804 τῷ
785 5729 1027 5807 Χριστῷ,
1086 5729 1232 5786 ἀλλά
1270 5730 1375 5786 καὶ
1432 5728 1483 5786 ἄν
1544 5735 1663 5793 ταῖς
1717 5734 1971 5810 ἡμέραις·

1998 4398 2046 4464 D

2290 4428 2356 4482 Et
2393 4431 2665 4483 certamen
2708 4427 2886 4481 sancti
2924 4425 3186 4495 martyris
3226 4421 3506 4491 Calliopii.

2146 4574 2471 4645 Calliopius
2527 4573 2744 4629 Christi
2792 4577 3017 4644 martyr
3047 4571 3159 4625 fuit
3189 4570 3518 4641 imperante
3550 4565 3724 4620 Maxi-

2077 4664 2278 4719 miano
2302 4679 2368 4718 ex
2385 4663 2622 4735 regione
2643 4660 3029 4733 Pamphyliae,
3045 4658 3203 4714 filius
3221 4656 3532 4729 cujusdam
3545 4657 3729 4709 Theo-

2078 4754 2206 4809 cliaa
2228 4752 2575 4808 Christianas
2608 4768 2673 4806 ac
2704 4750 2919 4806 divitis.
2954 4749 3053 4804 Pie
3086 4754 3137 4803 et
3174 4747 3445 4819 religiose
3477 4762 3511 4800 a
3543 4749 3727 4799 matre

2079 4841 2387 4906 educatus,
2406 4842 2465 4895 in
2480 4839 2719 4895 assidua
2735 4839 3069 4893 divinarum
3089 4837 3321 4909 Scriptu
3332 4851 3527 4890 rarum
3554 4831 3732 4888 medi-

2077 4932 2302 4988 tatione
2327 4938 2594 4986 versatus
2628 4934 2734 4984 est.
2772 4928 3036 4983 Excitata
3065 4933 3263 4983 autem
3294 4923 3738 4998 persecutione,

2081 5021 2513 5093 Pompeipolim
2545 5025 2755 5091 sponte
2780 5035 2887 5073 sua
2907 5017 3218 5073 discessit:
3249 5014 3350 5071 ubi
3383 5030 3581 5069 coram
3614 5012 3735 5066 Ma-

2080 5111 2239 5167 ximo
2270 5109 2522 5183 praeside
2550 5109 2734 5164 libere
2765 5107 3067 5180 professus
3092 5105 3517 5161 estCliristum.
3552 5100 3733 5155 Mani-

2081 5200 2192 5257 bus
2224 5200 2473 5272 proinde
2499 5205 2632 5272 post
2658 5204 2883 5271 tergum
2917 5196 3216 5255 revinctis.
3252 5193 3575 5249 crudeliter
3606 5206 3738 5245 ver-

2083 5290 2345 5357 beratus,
2378 5290 2439 5344 in
2470 5304 2771 5344 carcerem
2809 5287 3117 5357 conjectus
3176 5285 3307 5352 fuit,
3340 5284 3399 5337 in
3433 5298 3610 5354 quem
3645 5280 3740 5334 in-

2083 5396 2286 5452 gressa
2313 5378 2492 5433 etiam
2525 5377 2713 5449 ipsius
2751 5382 2961 5437 mater,
3015 5374 3366 5447 sanguinem
3399 5372 3530 5443 ejus
3560 5385 3741 5441 spon-

2084 5469 2176 5542 gia
2206 5467 2608 5539 abstergebst:
2642 5465 2973 5521 distributis
3005 5466 3164 5519 enim
3198 5464 3253 5518 in
3291 5476 3580 5534 pauperes
3613 5473 3740 5512 om-

2086 5557 2262 5613 nibus
2294 5558 2418 5611 snis
2446 5555 2687 5623 divitiis,
2721 5560 2924 5610 secuta
2962 5553 3155 5608 fuerat
3210 5552 3417 5606 tilium.
3472 5549 3576 5602 Hic
3604 5559 3740 5599 vero

2086 5665 2117 5702 e
2150 5662 2385 5701 carcere
2412 5644 2679 5711 eductus,
2704 5643 3133 5699 condemnatus
3157 5647 3266 5705 est,
3292 5645 3355 5693 ut
3374 5635 3743 5705 crucifigere-

2088 5742 2223 5793 tur:
2257 5750 2367 5791 nec
2409 5734 2586 5792 modo
2619 5735 2680 5790 in
2711 5733 2989 5805 passione
3020 5737 3079 5787 et
3107 5726 3465 5786 cruciatibus
3496 5736 3742 5777 consors

4066 27 4069 133 ι

4067 250 4069 363 ι
