4104 6196
341 354 454 419 391

1656 335 2091 400 MENOIDGII
2135 338 2345 399 PARS
2390 336 2498 397 Ill.

3628 327 3748 387 392

336 492 450 549 fuit
479 487 714 556 Christi,
737 483 840 542 sed
867 482 1043 540 etiam
1061 479 1124 534 in
1141 477 1370 546 diebus,
1398 475 1617 546 quibus
1637 490 1848 547 passus
1869 478 1978 529 est.
2011 531 2015 540 ι

2132 467 2185 524 al
2243 468 2346 556 γάρ
2404 470 2439 538 ἡ
2501 465 2732 556 μεγάλη,
2796 466 3020 540 πεμπτη
3073 463 3194 556 -ἧη
3251 460 3341 518 ὅτε
3399 459 3744 556 ἐσταυρώθη.

349 580 654 653 Siquidem
687 548 895 648 quinta
941 571 1088 627 feria
1135 567 1379 638 majoris
1429 564 1814 621 hebdomadas
1869 567 1996 653 erat

2130 563 2274 613 .0501
2305 555 2362 613 δὲ
2389 559 2425 628 ἠ
2460 559 2646 633 μήτηρ
2678 554 2842 611 αὐτοῦ
2897 560 3012 617 τοῖς
3069 551 3296 627 δημίοις
3353 552 3510 606 πέντε
3541 548 3739 625 χρυσία

345 641 493 737 dies,
526 670 587 723 in
618 683 733 738 qua
765 661 1080 719 crucifixus
1100 664 1204 714 est.
1243 659 1400 712 Dans
1421 661 1619 711 autem
1654 660 1843 709 mater
1865 652 1995 723 ejus

2133 668 2246 716 ους,
2305 645 2666 720 παρεκάλεσεν
2724 643 2938 711 αὐτοὺς,
2998 646 3076 718 μή
3135 641 3344 715 ὁμοίως
3393 645 3473 712 τῷ
3527 641 3746 713 Χριστῷ

341 758 652 816 lictoribus
685 753 950 824 quinque
983 765 1262 803 nummos
1291 761 1527 807 aureos,
1562 742 1786 816 rogavit
1836 741 1992 808 illos,

2100 739 2406 808 σταυρῶσαι
2436 737 2525 791 τὸν
2561 735 2675 789 υἱὸν
2708 732 2896 804 αὐτῆς,
2935 731 3080 788 ἀλλά
3135 732 3271 786 κατά
3327 735 3590 806 κεφαλῆς.
3646 726 3746 783 Καὶ

346 865 421 904 ne
472 861 639 916 aeque
672 860 737 898 ac
767 839 1034 896 Christus
1075 837 1390 892 crucifixus
1420 835 1551 899 fuit,
1587 833 1776 888 filium
1822 847 1997 887 suum

2130 825 2433 894 ’ταυρωθεὶι-
2489 823 2605 900 ὥρᾳ
2658 821 2816 898 τρίτῃ
2879 829 2978 892 τῆς
3033 826 3407 895 Παρασκευῆς,
3468 815 3758 894 παρέδωκε

342 906 758 1008 cruciﬁgerent
786 931 924 998 ;sed
956 947 1122 985 verso
1150 928 1428 984 deorsum
1462 925 1674 996 capite.
1708 922 2000 994 Atqueita

2138 915 2166 969 ὸ
2219 919 2451 988 πνεῦμα.
2503 915 2599 969 Καὶ
2660 911 2990 970 ἐπιπεσοῦσα
3051 910 3198 982 αὐτῷ
3240 911 3276 979 ἡ
3321 909 3504 983 μήτηρ
3562 906 3760 976 αὐτοῦ,

345 1025 660 1083 cruciﬁxus
691 1023 838 1077 hora
865 1020 1038 1075 tertia
1068 1017 1184 1073 diei
1209 1020 1580 1082 Parasceves,
1613 1012 1856 1069 tradidit
1884 1010 1998 1083 spi-

346 1117 566 1171 ritum:
601 1118 660 1168 et
689 1112 750 1166 in
783 1127 918 1166 eum
959 1109 1194 1164 irruens
1251 1107 1440 1178 ipsius
1495 1110 1706 1172 mater,
1738 1101 2000 1158 animam

350 1205 629 1262 similiter
650 1200 872 1258 emisit.

356 1352 452 1407 47
479 1351 551 1404 Et
583 1352 856 1403 certamen
880 1349 1193 1398 sanctorum
1217 1345 1522 1409 martyrum
1541 1339 1730 1407 Ruﬁni
1755 1332 2000 1401 diaconi,

913 1421 966 1469 et
1002 1416 1277 1468 sociorum
1327 1414 1444 1483 ejus

426 1537 761 1607 Imperante
783 1529 966 1601 impio
999 1527 1321 1582 Maximino
1356 1542 1488 1581 cum
1514 1525 1703 1596 gravis
1725 1523 2006 1579 adversus

354 1623 720 1679 Christianos
741 1618 1074 1691 persecutio
1098 1621 1393 1672 commota
1411 1615 1636 1674 fuisset.
1665 1612 2006 1683 quicunque

353 1712 651 1768 Christum
679 1707 1088 1781 profitebatur,
1114 1705 1582 1776 comprehensus
1609 1702 1682 1758 ab
1705 1701 2004 1756 idolorum

352 1798 699 1860 cultoribus.
717 1801 775 1850 et
800 1794 1002 1850 multis
1026 1793 1338 1848 tormentis
1355 1790 1748 1850 excruciatus.
1766 1788 2006 1844 demum

352 1889 530 1944 morti
561 1885 922 1941 tradebatur.
958 1887 1033 1937 Eo
1060 1888 1323 1954 tempore
1347 1882 1460 1936 fuit
1490 1885 1730 1936 sanctus
1763 1879 2013 1934 Ruﬁnus

352 1976 638 2031 diaconus
689 1973 964 2027 Ecclesia:
1022 1971 1261 2036 Christi,
1328 1971 1428 2040 qui
1487 1986 1619 2024 cum
1675 1968 1896 2023 multos
1951 1967 2012 2022 in

352 2064 566 2119 Christi
593 2078 836 2117 nomine
859 2060 1154 2125 edoceret,
1192 2060 1254 2113 in
1289 2059 1527 2114 vincula
1554 2057 1859 2128 conjectus
1881 2055 2012 2121 fuit,

353 2159 411 2209 et
440 2154 502 2208 in
535 2167 834 2208 carcerem
878 2150 1176 2204 detrusus.
1241 2148 1520 2213 Quasdam
1565 2154 1768 2202 autem
1801 2145 2016 2201 mulier

354 2242 709 2304 Christiana,
745 2239 986 2294 nomine
1019 2238 1301 2309 Aquilina
1323 2254 1457 2293 cum
1481 2238 1674 2308 ipsum
1708 2235 2010 2302 inviseret,

360 2330 642 2386 similiter
669 2327 1102 2398 comprehensa
1133 2326 1279 2380 fuit:
1315 2332 1374 2381 et
1389 2325 1564 2380 ambo
1593 2323 1666 2379 ad
1697 2321 2012 2396 praasidem

349 2419 614 2484 adducti,
647 2417 826 2473 variis
859 2415 1112 2487 subjecti
1145 2421 1285 2469 sunt
1317 2413 1649 2470 tormentis.
1683 2413 1826 2468 Cum
1876 2427 2011 2467 vero

352 2509 528 2580 plura
558 2512 867 2579 patrarent
894 2505 1182 2578 prodigia,
1215 2504 1274 2558 id
1305 2506 1650 2570 effecerunt,
1677 2509 1743 2558 ut
1772 2501 2013 2558 ducenti

357 2596 460 2666 qui
493 2595 743 2650 aderant
772 2594 1014 2660 milites,
1038 2593 1253 2647 Christi
1279 2592 1457 2647 fidem
1487 2592 2010 2662 amplecterentur.

358 2686 728 2756 Quapropter
757 2683 818 2738 in
845 2683 993 2738 iram
1024 2683 1223 2738 statim
1281 2681 1719 2738 excandescens
1771 2695 2013 2752 praeses,

347 2774 536 2845 jussit
553 2778 796 2828 cunctos
817 2772 1013 2844 gladio
1031 2772 1240 2828 occidi.
1276 2771 1438 2826 Unde
1455 2771 1695 2826 lictores
1721 2769 1794 2824 ad
1815 2769 2014 2824 locum

357 2862 635 2935 supplicii
679 2878 778 2917 eos
811 2862 1036 2916 vinctos
1069 2861 1466 2926 adduxerunt,
1491 2865 1548 2915 et
1567 2864 1744 2932 caput
1763 2858 2016 2930 singulis

356 2957 763 3024 amputarnnt,
789 2951 906 3006 Deo
929 2967 1118 3022 usque
1139 2950 1213 3005 ad
1237 2951 1417 3005 flnem
1438 2949 1658 3022 gratias
1681 2946 2012 3021 agentibus.

913 3147 1154 3204 EODEM
1199 3145 1451 3202 MENSE.

1013 3254 1117 3310 Die
1148 3261 1352 3310 octava

605 3374 890 3430 Certamen
934 3372 1113 3427 sancti
1141 3372 1401 3440 martyris
1451 3368 1764 3439 Pausitypi.

428 3491 781 3562 Pansilypus
811 3488 1028 3543 Christi
1073 3491 1296 3557 martyr
1328 3485 1438 3540 fuit
1467 3485 1800 3556 imperante
1831 3483 2013 3555 impio

357 3587 416 3636 et
443 3581 648 3650 iniquo
683 3577 962 3632 Adriano.
1001 3576 1239 3632 Delatus
1273 3583 1493 3638 autem.
1528 3573 1687 3645 quod
1719 3573 2016 3627 Christum

357 3668 598 3734 coleret,
629 3673 687 3721 et
717 3667 776 3720 in
802 3667 990 3736 ipsius
1019 3665 1264 3720 nomine
1297 3664 1588 3727 edoceret,
1623 3663 2015 3733 comprehen-

359 3773 478 3816 sus.
515 3763 572 3809 et
603 3756 664 3809 in
699 3753 930 3809 vincula
963 3755 1289 3822 con-iectus.
1329 3753 1402 3806 ad
1455 3752 1874 3821 imperatorem
1909 3749 2016 3806 ad-

360 3845 573 3898 ductus
599 3848 690 3897 est
717 3859 729 3896 :
764 3848 823 3896 et
854 3847 988 3895 ante
1021 3841 1191 3894 illum
1241 3847 1424 3898 stans.
1458 3839 1856 3910 interrogatus
1885 3839 2014 3905 fuit,

358 3950 432 3987 an
457 3930 755 3985 Christum
787 3931 968 3984 Deum
993 3929 1396 3984 confiteretur.
1425 3927 1629 3982 Libera
1660 3943 1798 3982 vero
1835 3927 2015 3981 animi

361 4018 788 4089 ﬁduciaipsum
809 4015 1139 4088 praadicans
1163 4031 1363 4069 verum
1391 4016 1598 4080 Deum,
1620 4020 2018 4069 etcreatorem

360 4107 641 4174 universi,
675 4106 930 4161 traditur
969 4103 1230 4176 regionis
1289 4105 1534 4176 Europa)
1565 4104 1867 4174 prmfecto,
1900 4103 2016 4156 vir-

356 4197 564 4271 gisque
586 4195 734 4252 adeo
761 4193 1028 4261 caaditur,
1060 4199 1126 4247 ut
1167 4199 1445 4248 trecentaa
1477 4192 1665 4264 plagas
1696 4191 2022 4248 crudeliter

364 4287 414 4341 ei
436 4285 868 4357 inﬂigerentur.
886 4283 1004 4337 Hoc
1017 4287 1214 4337 autem
1232 4287 1528 4336 tormento
1551 4288 1808 4352 ereptus,
1824 4281 2019 4336 denuo

347 4375 562 4446 jussus
595 4377 685 4428 est
713 4371 1014 4427 Christum
1048 4385 1291 4441 negare,
1342 4375 1401 4424 et
1430 4369 1608 4424 idolis
1659 4369 2016 4424 sacrificare.

359 4459 525 4526 Quod
555 4476 692 4516 cum
723 4459 916 4514 facere
960 4457 1168 4519 nollet,
1228 4455 1480 4511 vinculis
1533 4455 1911 4520 constrictus,
1944 4454 2018 4511 ad

2106 1003 2280 1081 ἀφῆκε
2309 1005 2406 1074 τήν
2439 1005 2647 1079 ψυχήν.

2111 1342 2211 1398 Καὶ
2241 1343 2474 1414 ἄθλησις
2503 1347 2610 1400 τῶν
2636 1341 2804 1419 ᾁγίων
2841 1340 3127 1419 μαρτύρων
3142 1338 3447 1419 ⁸Ῥουτί>ίνου
3473 1335 3762 1410 διακόνου,

2571 1415 2662 1470 καὶ
2683 1411 2794 1485 ’τῆς
2827 1411 3077 1476 συνοδίας
3101 1411 3285 1469 αὐτοῦ.

2185 1533 2290 1589 Επὶ
2351 1533 2447 1600 τῆς
2513 1530 2787 1607 βασιλείας
2841 1535 2939 1587 τοῦ
3009 1531 3331 1606 παρανόμου
3404 1527 3762 1600 Μαξιμίνου,

2114 1617 2366 1694 διωγμοῦ
2393 1618 2631 1696 μεγάλου
2686 1621 2823 1674 κατὰ
2859 1624 2968 1675 τῶν
3027 1620 3362 1695 Χριστιανῶν
3424 1613 3763 1685 κινηθέντος,

2113 1716 2216 1773 πᾶς
2247 1708 2392 1772 ὅστις
2419 1710 2508 1764 τὸν
2550 1706 2778 1783 Χριστὸν
2821 1707 3128 1783 ὡμολόγει,
3180 1706 3285 1763 ὑπό
3341 1710 3450 1761 τῶν
3511 1701 3769 1760 εἶδωλω-

2115 1797 2329 1871 λατρῶν
2381 1798 2781 1871 κρατούμενος,
2840 1797 2928 1853 καὶ
2983 1795 3225 1858 πολλαῖς
3285 1795 3541 1871 βασάνοις
3599 1803 3768 1857 καθυ-

2122 1882 2562 1961 ποϐαλλόμενος,
2589 1885 2899 1942 τελευταῖον
2951 1885 3160 1958 θανάτῳ
3193 1880 3540 1960 παρεδίδοτο.
3570 1881 3775 1956 Ὑπάρ-

2123 1994 2238 2050 χων
2298 1972 2355 2030 δὲ
2437 1975 2553 2030 κατ’
2633 1972 2837 2030 ἐκεῖνον
2919 1974 3014 2030 τὸν
3100 1974 3289 2049 καιρὸν
3373 1971 3462 2027 καὶ
3521 1972 3550 2026 ὁ
3607 1971 3768 2046 ἅγιος

2121 2065 2407 2140 Ῥουφῖνος
2440 2061 2688 2126 διάκονος
2719 2067 2819 2130 τῆς
2847 2063 2943 2119 τοῦ
2992 2065 3236 2139 Χριστοῦ
3286 2058 3637 2132 Ἐκκλησίας,
3670 2059 3764 2114 καὶ

2121 2152 2369 2216 πολλοὺς
2429 2149 2697 2208 διδάσκων
2756 2151 2844 2208 ἐπὶ
2907 2157 2988 2224 τῷ
3070 2151 3300 2225 ὀνόματι
3371 2153 3468 2205 τοῦ
3520 2150 3768 2223 Χριστοῦ

2121 2240 2391 2316 ἐκρατήθη
2435 2287 2450 2315 ,
2503 2241 2594 2296 καὶ
2652 2240 2980 2312 ἀπεκλείσθη
3039 2239 3116 2304 είς
3175 2237 3448 2318 φυλακήν.
3509 2234 3778 2295 Ἀκυλίνα

2123 2328 2180 2386 δέ
2232 2351 2317 2392 τις
2375 2331 2697 2405 Χριπιανὴ,
2758 2328 3187 2404 ἐπιαεπτομένη
3247 2326 3430 2396 αὐτὸν,
3491 2325 3767 2399 ἐκρατήθη

2118 2420 2207 2476 καὶ
2239 2420 2402 2491 αὐτή.
2443 2419 2546 2476 Καὶ
2601 2420 2902 2497 ἀμφότεροι
2961 2423 3330 2494 παραστάντες
3379 2420 3461 2490 τῷ
3519 2412 3775 2490 ἄρχοντι,

2122 2508 2211 2565 καὶ
2293 2509 2722 2584 τιμωρηθὲντες,
2810 2509 2926 2564 εἶτα
3002 2508 3608 2582 θαυματουργήσαντες,
3668 2524 3780 2558 πα-

2125 2599 2446 2674 ρεσκεύασαν
2475 2598 2602 2661 τοὺς
2661 2602 3008 2672 παρεστῶτας
3069 2594 3383 2657 διαλοσίους
3441 2593 3780 2669 στρατιώτας

2123 2691 2404 2743 πιστεῦσαι
2459 2691 2541 2760 τῷ
2596 2689 2827 2763 Χριστῷ.
2895 2689 3000 2743 Καὶ
3059 2683 3362 2761 παραυτίκα
3419 2682 3685 2758 ὀργισθεῖς
3743 2681 3773 2735 ὁ

2125 2777 2335 2852 ἄρχων,
2419 2777 2745 2852 προσέταξεν
2855 2777 3087 2837 ἅπαντας
3179 2773 3425 2850 μαχαίρᾳ
3526 2782 3773 2835 θανατω-

2125 2868 2306 2936 θῆναι.
2368 2865 2470 2922 Kal
2528 2863 2786 2937 δήσαντες
2838 2864 3034 2928 αὐτούς
3065 2863 3118 2919 οἳ
3150 2861 3369 2936 δήμιοι,
3419 2860 3627 2936 ἤγαγον
3681 2858 3774 2914 ἐπὶ

2126 2954 2216 3011 τόν
2245 2955 2413 3011 τόπον
2439 2961 2540 3024 τῆς
2600 2954 2960 3017 τελειώσεως·
3011 2951 3100 3008 καὶ
3157 2949 3557 3008 ἀπεκειβαλισαν
3589 2950 3766 3004 ἄπαν-

2122 3065 2237 3114 τας,
2271 3043 2728 3121 εὐχαριστοῦντας
2760 3047 2836 3116 τῷ
2867 3047 2984 3116 Θεῷ
3019 3041 3184 3118 μέχρι
3209 3039 3422 3106 τέλους.

2677 3163 2858 3220 nam
2896 3163 2988 3239 Τᾳ
3025 3163 3224 3240 Αγτᾳ.

2904 3268 2964 3325 Η,

2264 3375 2533 3446 ’Λθλησις
2571 3379 2669 3431 τοῦ
2715 3374 2876 3450 ἁγίου
2921 3373 3199 3449 μάρτυρος
3247 3371 3627 3429 Παυσιλύπου.

2197 3466 2543 3527 Παυσίλυπος
2591 3465 2620 3519 ὁ
2667 3468 2764 3519 τοῦ
2813 3467 3057 3538 Χριστοῦ
3107 3463 3338 3537 μάρτυρ,
3394 3462 3636 3535 ὑπῆρχεν
3685 3458 3775 3514 ἐπὶ

2119 3563 2220 3625 τῆς
2257 3553 2538 3630 βασιλείας
2566 3558 2664 3608 τοῦ
2695 3553 3018 3626 παρανόμου
3057 3551 3148 3607 καὶ
3209 3545 3503 3611 δυσσεϐοῦς
3557 3545 3780 3622 Ἀδρια-

2120 3649 2237 3699 νοῦ·
2292 3642 2640 3717 διαγνωσθεῖς
2705 3639 2762 3696 δὲ
2811 3643 2894 3696 δτι
2951 3641 3044 3695 τὸν
3106 3641 3344 3708 Χριστὸν
3397 3634 3634 3708 σέϐεται,
3687 3636 3780 3692 καὶ

2125 3732 2366 3790 διδάσκει
2460 3733 2548 3789 ἐπὶ
2597 3737 2678 3804 τῷ
2753 3733 2982 3804 ὀνόματι
3039 3731 3231 3801 αὐτοῦ,
3288 3731 3582 3805 κρατηθεὶς
3640 3748 3785 3803 προ-

2125 3826 2309 3898 σήχθη
2350 3821 2432 3894 τῷ
2487 3821 2720 3898 βασιλεῖ.
2785 3822 2882 3878 Καὶ
2943 3839 3219 3894 παραστάς
3267 3819 3436 3890 αὐτῷ,
3491 3819 3784 3892 ἠρωτήθη,

2125 3913 2174 3967 εἲ
2221 3914 2314 3967 τὸν
2403 3912 2635 3968 Χοιστὸν
2707 3909 2976 3984 ὁμολογεῖ
3056 3911 3185 3964 Θεόν
3226 3953 3238 3965 .
3324 3909 3426 3965 Καὶ
3503 3907 3783 3983 παρῥησίᾳ

2123 4000 2358 4072 κηρύξας
2389 3998 2549 4054 αὐτὸν
2580 3999 2710 4054 Θεὸν
2758 3997 2967 4067 ἀληθῆ,
3001 3998 3090 4052 καὶ
3149 3998 3387 4068 ποιητήν
3420 3996 3520 4050 τοῦ
3551 3996 3780 4065 παντὸς,

2126 4087 2400 4162 παρεδόθη
2458 4092 2538 4158 τῷ
2595 4094 2695 4156 τῆς
2759 4087 2947 4161 χώρας
3010 4085 3288 4160 Εὐρώπης
3345 4085 3575 4161 ἐπάρχῳ
3609 4129 3622 4152 ,
3682 4084 3776 4140 καὶ

2124 4178 2380 4234 τύπτεται
2422 4171 2646 4252 ραϐδοις
2669 4163 2680 4170 ⁵
2702 4172 2940 4248 ἀφειδῶς
2995 4175 3330 4249 τριακοσίαις
3377 4180 3590 4253 φοραῖς.
3618 4175 3779 4232 Ἀνε-

2129 4265 2240 4327 θεὶς
2273 4263 2331 4320 δὶ
2372 4272 2474 4334 τῆς
2533 4265 2794 4340 βασάνου,
2850 4263 3020 4319 πάλιν
3072 4264 3385 4339 ἠναγκάσθη
3445 4264 3778 4339 ἀρνήσασθαι

2125 4358 2218 4412 τὸν
2273 4354 2502 4429 Χριστὸν
2539 4396 2553 4422 ,
2619 4353 2711 4408 καὶ
2771 4358 2927 4418 θῦσαι
2979 4359 3098 4416 τοῖς
3155 4352 3410 4415 εἰδώλοις
3445 4395 3458 4410 .
3537 4352 3639 4411 Καὶ
3703 4353 3783 4424 μὴ

2127 4444 2386 4510 πεισθεῗς,
2444 4440 2620 4512 ἐδέθη,
2685 4442 2774 4498 καὶ
2825 4442 3066 4518 ἀπήγετο
3123 4442 3202 4504 είς
3230 4443 3293 4497 τὸ
3325 4437 3784 4519 ἆποκεφαλισθῆ-

360 4547 561 4603 locum
594 4546 868 4618 supplicii
900 4543 1191 4600 adductus
1221 4549 1332 4610 est,
1363 4548 1428 4598 ut
1458 4543 1540 4598 ibi
1572 4543 1764 4614 capite
1794 4543 2015 4614 plecte-

2130 4555 2239 4591 ναι.
2277 4531 2373 4588 Καὶ
2403 4533 2455 4587 ἐν
2483 4536 2552 4605 τῇ
2582 4530 2697 4604 ὁδῷ
2723 4536 2830 4587 τῶν
2887 4529 3102 4604 δεσμῶν
3153 4528 3622 4607 διαῤῥηχθίντων,
3653 4529 3783 4584 ιπε-

361 4642 545 4691 retur.
584 4638 648 4690 At
680 4634 933 4689 vinculis
964 4634 1027 4689 in
1076 4633 1288 4688 itinere
1339 4632 1614 4704 diruptis,
1639 4632 1836 4701 fugam
1869 4632 2020 4688 arri-

363 4725 513 4796 puit,
546 4729 605 4777 et
633 4738 708 4778 ne
738 4723 934 4795 gladio
964 4723 1208 4794 periret,
1256 4722 1542 4777 liberatus
1573 4727 1680 4778 est.
1710 4725 1852 4777 Cum
1885 4738 2019 4777 vero

365 4813 428 4868 in
461 4812 660 4867 locum
689 4811 1008 4883 quemdam
1031 4812 1336 4878 evasisset,
1361 4811 1440 4865 ibi
1470 4827 1848 4882 permanens,
1881 4811 2026 4866 assi-

368 4902 634 4972 duasque
658 4901 774 4955 Deo
795 4917 1000 4972 preces
1024 4902 1299 4966 otlerens,
1323 4900 1506 4956 alacri
1526 4901 1727 4956 animo
1758 4900 2024 4956 functam

371 4992 655 5064 martyrio
689 4993 951 5047 animam
984 4993 1104 5047 Deo
1137 4991 1414 5060 reddidit,
1463 5009 1744 5048 coronam
1775 4993 2026 5066 adeptus

370 5084 934 5141 immarcescibilem
965 5089 1024 5139 et
1052 5083 1231 5139 vitam
1261 5083 1676 5140 immortalem.

379 5218 478 5276 48
512 5220 578 5274 Et
608 5218 873 5274 memoria
919 5218 1096 5272 sancti
1105 5215 1309 5342 lintris
1337 5217 1511 5272 nostri
1541 5215 1818 5274 Caelestim’
1861 5232 2028 5288 papa

1153 5304 1304 5342 0mm.

1153 5304 1284 5343 omz
1292 5329 1304 5342 ο

451 5409 701 5465 Sanctus
762 5409 936 5463 Pater
991 5410 1197 5461 noster
1263 5404 1636 5472 leestinus,
1698 5405 2033 5477 imperante

383 5497 710 5554 Theodosio
747 5495 1010 5563 Juniore,
1043 5494 1104 5550 in
1135 5496 1401 5552 Romana
1433 5493 1685 5551 ecclesia
1717 5493 1940 5559 ﬂoruit,
1972 5495 2035 5552 in

384 5587 657 5644 omnium
717 5587 1001 5642 virtutum
1062 5585 1482 5641 exercitatione
1519 5624 1533 5651 ,
1580 5582 2035 5657 divinarumque

381 5679 819 5754 Scripturarum
853 5677 1239 5735 meditatione
1271 5683 1558 5734 versatus.
1612 5676 1749 5733 Post
1781 5684 2034 5738 mortem

2128 4645 2295 4680 τεινεν
2329 4623 2516 4679 ἑαυτὸν
2548 4623 2686 4698 πρὸς
2733 4623 2797 4677 τὸ
2853 4627 3062 4700 φυγεῖν.
3125 4621 3225 4675 Καὶ
3278 4624 3378 4676 τοῦ
3439 4621 3535 4694 μὶν
3593 4619 3786 4698 ξίφους

2128 4711 2430 4786 ἐλυτρώθη·
2466 4709 2542 4773 εἷς
2572 4709 2740 4765 τόπον
2773 4707 2832 4765 δὲ
2875 4730 2999 4765 τινα
3055 4707 3365 4778 διασωθεὶς,
3422 4709 3511 4763 καὶ
3546 4707 3787 4776 σθαθεὶς,

2127 4802 2317 4874 καὶτῷ
2372 4800 2489 4872 Θεῷ
2543 4798 3004 4875 προσευξάμενος,
3063 4795 3311 4853 ἆπὲδωκε
3358 4798 3459 4865 τήν
3512 4815 3780 4870 μαρτυρι-

2131 4893 2232 4960 κήν
2266 4890 2430 4945 αύτοῦ
2460 4889 2644 4964 ψυχὴν
2677 4887 2984 4960 προθύμως
3023 4891 3103 4958 τῷ
3133 4891 3271 4959 Θεῷ,
3331 4881 3630 4942 ἀπολαϐὼν
3661 4883 3786 4940 στι-

2133 5000 2299 5058 φανον
2334 4977 2666 5053 ἀμάραντον,
2696 4977 2786 5032 καὶ
2819 4977 2964 5046 ζωὴν
2994 4975 3320 5053 ἁχώρητον.

2140 5221 2245 5280 Καὶ
2279 5220 2474 5295 μνήμη
2513 5222 2612 5275 τοῦ
2661 5218 2712 5274 ἐν
2745 5218 2952 5295 ἁγίοιςΔ
2980 5221 3192 5295 Πατρὸς
3250 5221 3414 5293 ἡμῶν
3473 5217 3793 5276 Κελεστίνου

2752 5290 2904 5346 Rana
2938 5290 3126 5365 Ῥώμη
3137 5313 3183 5355 ς,

2219 5409 2543 5472 Κελεστῖνος
2581 5411 2609 5466 ὁ
2639 5407 2692 5466 ἕν
2725 5410 2899 5484 ἁγίοις
2940 5411 3128 5483 Πατὴρ
3163 5413 3348 5484 ἡμῶν,
3407 5411 3654 5485 ὑπῆρχεν
3705 5407 3797 5465 ἐπὶ

2143 5503 2244 5569 τῆς
2280 5499 2563 5576 βασιλείας
2594 5497 2883 5556 Θεοδοσίου
2910 5503 3008 5556 τοῦ
3069 5504 3291 5577 μικροῦ,
3348 5499 3401 5556 ἐν
3459 5503 3529 5572 τῇ
3561 5497 3801 5568 Ἐκκλη-

2147 5589 2236 5661 σία
2290 5588 2622 5662 Ῥωμαίων,
2680 5593 2852 5644 πᾶσαν
2941 5588 3134 5664 ἆρενήν
3217 5587 3623 5661 κατωρθώσας,
3707 5581 3802 5641 καὶ

2148 5684 2323 5737 πᾶσαν
2357 5679 2500 5735 θείαν
2534 5682 2753 5754 Γραφὴν
2787 5678 3183 5754 ἰκμελετήσας.
3233 5681 3386 5738 Μετὰ
3424 5677 3484 5734 Si
3535 5676 3801 5746 τελευτὴν
