  <div class='ocr_page' id='page_1' title='image "/cluster/home/n/w/nwhite01/storage/ocr_20150623/117/hvd.32044073502239/202.png"; bbox 0 0 4086 6204; ppageno 0'>
   <div class='ocr_carea' id='block_1_1' title="bbox 357 293 481 353">
    <p class='ocr_par' dir='ltr' id='par_1_1' title="bbox 357 293 481 353">
     <span class='ocr_line' id='line_1_1' title="bbox 357 293 481 353; baseline 0.016 -2"><span class='ocrx_word' id='word_1_1' title='bbox 357 293 481 353; x_wconf 89' lang='lat'><strong>393</strong></span> 
     </span>
    </p>
   </div>
   <div class='ocr_carea' id='block_1_2' title="bbox 1894 288 2223 352">
    <p class='ocr_par' dir='ltr' id='par_1_2' title="bbox 1894 288 2223 352">
     <span class='ocr_line' id='line_1_2' title="bbox 1894 288 2223 352; baseline -0.006 -2"><span class='ocrx_word' id='word_1_2' title='bbox 1894 288 2223 352; x_wconf 78' lang='lat' dir='ltr'>APRILIS.</span> 
     </span>
    </p>
   </div>
   <div class='ocr_carea' id='block_1_3' title="bbox 3653 307 3769 368">
    <p class='ocr_par' dir='ltr' id='par_1_3' title="bbox 3653 307 3769 368">
     <span class='ocr_line' id='line_1_3' title="bbox 3653 307 3769 368; baseline 0 -1"><span class='ocrx_word' id='word_1_3' title='bbox 3653 307 3769 368; x_wconf 74' lang='grc'>394</span> 
     </span>
    </p>
   </div>
   <div class='ocr_carea' id='block_1_4' title="bbox 351 422 1992 506">
    <p class='ocr_par' dir='ltr' id='par_1_4' title="bbox 351 422 1992 502">
     <span class='ocr_line' id='line_1_4' title="bbox 351 422 1992 502; baseline -0.002 -23"><span class='ocrx_word' id='word_1_4' title='bbox 351 428 462 479; x_wconf 77' lang='grc' dir='ltr'>τῶν</span> <span class='ocrx_word' id='word_1_5' title='bbox 553 423 717 500; x_wconf 81' lang='grc' dir='ltr'>ἁγίων</span> <span class='ocrx_word' id='word_1_6' title='bbox 809 423 1119 481; x_wconf 84' lang='grc' dir='ltr'>ἐπισκόπων</span> <span class='ocrx_word' id='word_1_7' title='bbox 1208 426 1583 496; x_wconf 88' lang='grc' dir='ltr'>Ἰννοκεντίου,</span> <span class='ocrx_word' id='word_1_8' title='bbox 1660 422 1992 502; x_wconf 84' lang='grc' dir='ltr'>Βονιφατίου</span> 
     </span>
    </p>
   </div>
   <div class='ocr_carea' id='block_1_5' title="bbox 2106 422 3770 506">
    <p class='ocr_par' dir='ltr' id='par_1_5' title="bbox 2120 425 3770 506">
     <span class='ocr_line' id='line_1_5' title="bbox 2120 425 3770 506; baseline 0.013 -30"><span class='ocrx_word' id='word_1_9' title='bbox 2120 426 2318 477; x_wconf 87' lang='lat' dir='ltr'>autem</span> <span class='ocrx_word' id='word_1_10' title='bbox 2345 427 2685 479; x_wconf 89' lang='lat' dir='ltr'>sanctorum</span> <span class='ocrx_word' id='word_1_11' title='bbox 2708 425 3122 499; x_wconf 87' lang='lat' dir='ltr'>episcoporum</span> <span class='ocrx_word' id='word_1_12' title='bbox 3151 430 3507 506; x_wconf 84' lang='lat' dir='ltr'>Innocentii,</span> <span class='ocrx_word' id='word_1_13' title='bbox 3531 437 3770 499; x_wconf 83' lang='lat' dir='ltr'>Bonifa-</span> 
     </span>
    </p>
   </div>
   <div class='ocr_carea' id='block_1_6' title="bbox 349 513 2015 591">
    <p class='ocr_par' dir='ltr' id='par_1_6' title="bbox 349 513 2015 591">
     <span class='ocr_line' id='line_1_6' title="bbox 349 513 2015 591; baseline 0 -22"><span class='ocrx_word' id='word_1_14' title='bbox 349 513 441 569; x_wconf 79' lang='grc' dir='ltr'>καὶ</span> <span class='ocrx_word' id='word_1_15' title='bbox 520 515 798 588; x_wconf 77' lang='grc' dir='ltr'>Ζωσίμου,</span> <span class='ocrx_word' id='word_1_16' title='bbox 869 516 1279 591; x_wconf 83' lang='grc' dir='ltr'>προχειρίζεται</span> <span class='ocrx_word' id='word_1_17' title='bbox 1360 515 1542 578; x_wconf 84' lang='grc' dir='ltr'>πάπας</span> <span class='ocrx_word' id='word_1_18' title='bbox 1607 523 1706 585; x_wconf 80' lang='grc' dir='ltr'>τῆς</span> <span class='ocrx_word' id='word_1_19' title='bbox 1768 513 2015 590; x_wconf 73' lang='grc' dir='ltr'>μεγάλης</span> 
     </span>
    </p>
   </div>
   <div class='ocr_carea' id='block_1_7' title="bbox 347 602 2009 680">
    <p class='ocr_par' dir='ltr' id='par_1_7' title="bbox 347 602 2009 680">
     <span class='ocr_line' id='line_1_7' title="bbox 347 602 2009 680; baseline -0.002 -19"><span class='ocrx_word' id='word_1_20' title='bbox 347 604 602 676; x_wconf 73' lang='grc' dir='ltr'>Ῥώμηςο</span> <span class='ocrx_word' id='word_1_21' title='bbox 640 607 950 680; x_wconf 74' lang='grc' dir='ltr'>συντρέχων</span> <span class='ocrx_word' id='word_1_22' title='bbox 1017 602 1074 659; x_wconf 71' lang='grc' dir='ltr'>δὲ</span> <span class='ocrx_word' id='word_1_23' title='bbox 1128 610 1207 678; x_wconf 81' lang='grc' dir='ltr'>τῷ</span> <span class='ocrx_word' id='word_1_24' title='bbox 1270 606 1375 680; x_wconf 84' lang='grc' dir='ltr'>βίῳ</span> <span class='ocrx_word' id='word_1_25' title='bbox 1428 606 1456 660; x_wconf 99' lang='lat'>6</span> <span class='ocrx_word' id='word_1_26' title='bbox 1506 603 1699 680; x_wconf 88' lang='grc' dir='ltr'>λόγος,</span> <span class='ocrx_word' id='word_1_27' title='bbox 1730 602 2009 678; x_wconf 71' lang='grc' dir='ltr'>αἰδέσιμον</span> 
     </span>
    </p>
   </div>
   <div class='ocr_carea' id='block_1_8' title="bbox 348 694 2008 774">
    <p class='ocr_par' dir='ltr' id='par_1_8' title="bbox 348 694 2008 774">
     <span class='ocr_line' id='line_1_8' title="bbox 348 694 2008 774; baseline 0 -25"><span class='ocrx_word' id='word_1_28' title='bbox 348 694 539 749; x_wconf 76' lang='grc' dir='ltr'>ἑαυτὸν</span> <span class='ocrx_word' id='word_1_29' title='bbox 596 700 713 758; x_wconf 85' lang='grc' dir='ltr'>τοῖς</span> <span class='ocrx_word' id='word_1_30' title='bbox 772 700 932 750; x_wconf 81' lang='grc' dir='ltr'>πᾶσιν</span> <span class='ocrx_word' id='word_1_31' title='bbox 980 695 1240 774; x_wconf 74' lang='grc' dir='ltr'>ἀπέφαινε</span> <span class='ocrx_word' id='word_1_32' title='bbox 1288 698 1379 751; x_wconf 82' lang='grc' dir='ltr'>καὶ</span> <span class='ocrx_word' id='word_1_33' title='bbox 1441 696 1768 770; x_wconf 82' lang='grc' dir='ltr'>Θαυμαστὸν·</span> <span class='ocrx_word' id='word_1_34' title='bbox 1827 694 2008 751; x_wconf 83' lang='grc' dir='ltr'>καὶέν</span> 
     </span>
    </p>
   </div>
   <div class='ocr_carea' id='block_1_9' title="bbox 346 781 2008 861">
    <p class='ocr_par' dir='ltr' id='par_1_9' title="bbox 346 781 2008 861">
     <span class='ocr_line' id='line_1_9' title="bbox 346 781 2008 861; baseline 0 -23"><span class='ocrx_word' id='word_1_35' title='bbox 346 781 548 846; x_wconf 80' lang='grc' dir='ltr'>ἄλλοις</span> <span class='ocrx_word' id='word_1_36' title='bbox 583 785 681 858; x_wconf 80' lang='grc' dir='ltr'>μὶν</span> <span class='ocrx_word' id='word_1_37' title='bbox 707 784 969 852; x_wconf 85' lang='grc' dir='ltr'>πολλοῖς,</span> <span class='ocrx_word' id='word_1_38' title='bbox 1037 785 1323 861; x_wconf 73' lang='grc' dir='ltr'>ἐξαιρέτως</span> <span class='ocrx_word' id='word_1_39' title='bbox 1380 783 1439 840; x_wconf 79' lang='grc' dir='ltr'>δὶ</span> <span class='ocrx_word' id='word_1_40' title='bbox 1488 785 1539 841; x_wconf 75' lang='grc' dir='ltr'>ἰν</span> <span class='ocrx_word' id='word_1_41' title='bbox 1583 790 1650 859; x_wconf 79' lang='grc' dir='ltr'>τῇ</span> <span class='ocrx_word' id='word_1_42' title='bbox 1690 790 1798 840; x_wconf 83' lang='grc' dir='ltr'>τῶν</span> <span class='ocrx_word' id='word_1_43' title='bbox 1833 784 2008 860; x_wconf 82' lang='grc' dir='ltr'>όρθῶν</span> 
     </span>
    </p>
   </div>
   <div class='ocr_carea' id='block_1_10' title="bbox 345 869 2007 947">
    <p class='ocr_par' dir='ltr' id='par_1_10' title="bbox 345 869 2007 947">
     <span class='ocr_line' id='line_1_10' title="bbox 345 869 2007 947; baseline 0 -21"><span class='ocrx_word' id='word_1_44' title='bbox 345 869 642 947; x_wconf 70' lang='grc' dir='ltr'>δογμάτων</span> <span class='ocrx_word' id='word_1_45' title='bbox 703 875 1071 943; x_wconf 82' lang='grc' dir='ltr'>ὑποτυπώσει,</span> <span class='ocrx_word' id='word_1_46' title='bbox 1136 876 1224 929; x_wconf 82' lang='grc' dir='ltr'>καὶ</span> <span class='ocrx_word' id='word_1_47' title='bbox 1284 871 1535 947; x_wconf 76' lang='grc' dir='ltr'>διαλέξει.</span> <span class='ocrx_word' id='word_1_48' title='bbox 1598 874 1695 928; x_wconf 81' lang='grc' dir='ltr'>Καὶ</span> <span class='ocrx_word' id='word_1_49' title='bbox 1751 873 1853 947; x_wconf 72' lang='grc' dir='ltr'>γὰρ</span> <span class='ocrx_word' id='word_1_50' title='bbox 1916 871 2007 926; x_wconf 82' lang='grc' dir='ltr'>σὺν</span> 
     </span>
    </p>
   </div>
   <div class='ocr_carea' id='block_1_11' title="bbox 341 960 2051 1038">
    <p class='ocr_par' dir='ltr' id='par_1_11' title="bbox 341 960 2051 1038">
     <span class='ocr_line' id='line_1_11' title="bbox 341 960 2051 1038; baseline -0.001 -22"><span class='ocrx_word' id='word_1_51' title='bbox 341 966 422 1034; x_wconf 74' lang='grc' dir='ltr'>τῷ</span> <span class='ocrx_word' id='word_1_52' title='bbox 452 962 590 1038; x_wconf 83' lang='grc' dir='ltr'>ἁγίῳ</span> <span class='ocrx_word' id='word_1_53' title='bbox 622 961 888 1037; x_wconf 85' lang='grc' dir='ltr'>Κυρίλλῳ</span> <span class='ocrx_word' id='word_1_54' title='bbox 937 960 1007 1017; x_wconf 85' lang='grc' dir='ltr'>δι’</span> <span class='ocrx_word' id='word_1_55' title='bbox 1061 961 1358 1033; x_wconf 79' lang='grc' dir='ltr'>ἐπιστολῆς</span> <span class='ocrx_word' id='word_1_56' title='bbox 1392 961 1729 1035; x_wconf 82' lang='grc' dir='ltr'>δογματικῆς</span> <span class='ocrx_word' id='word_1_57' title='bbox 1758 960 2011 1037; x_wconf 77' lang='grc' dir='ltr'>πλήρους</span> <span class='ocrx_word' id='word_1_58' title='bbox 2050 986 2051 991; x_wconf 50' lang='grc' dir='ltr'><strong>η</strong></span> 
     </span>
    </p>
   </div>
   <div class='ocr_carea' id='block_1_12' title="bbox 343 1046 2009 1124">
    <p class='ocr_par' dir='ltr' id='par_1_12' title="bbox 343 1046 2009 1124">
     <span class='ocr_line' id='line_1_12' title="bbox 343 1046 2009 1124; baseline 0.001 -21"><span class='ocrx_word' id='word_1_59' title='bbox 343 1047 685 1123; x_wconf 78' lang='grc' dir='ltr'>όρθοδοξίας,</span> <span class='ocrx_word' id='word_1_60' title='bbox 741 1052 802 1119; x_wconf 80' lang='grc' dir='ltr'>ἣν</span> <span class='ocrx_word' id='word_1_61' title='bbox 861 1050 1174 1106; x_wconf 73' lang='grc' dir='ltr'>ἀπέστειλεν</span> <span class='ocrx_word' id='word_1_62' title='bbox 1236 1050 1296 1106; x_wconf 84' lang='grc' dir='ltr'>ἐκ</span> <span class='ocrx_word' id='word_1_63' title='bbox 1354 1052 1583 1124; x_wconf 81' lang='grc' dir='ltr'>Ῥώμης</span> <span class='ocrx_word' id='word_1_64' title='bbox 1616 1049 1669 1105; x_wconf 85' lang='grc' dir='ltr'>ἐν</span> <span class='ocrx_word' id='word_1_65' title='bbox 1698 1054 1767 1124; x_wconf 80' lang='grc' dir='ltr'>τῇ</span> <span class='ocrx_word' id='word_1_66' title='bbox 1801 1046 2009 1121; x_wconf 81' lang='grc' dir='ltr'>συνόδῳ</span> 
     </span>
    </p>
   </div>
   <div class='ocr_carea' id='block_1_13' title="bbox 336 1134 2005 1217">
    <p class='ocr_par' dir='ltr' id='par_1_13' title="bbox 336 1134 2005 1217">
     <span class='ocr_line' id='line_1_13' title="bbox 336 1134 2005 1217; baseline -0.001 -25"><span class='ocrx_word' id='word_1_67' title='bbox 336 1142 404 1211; x_wconf 79' lang='grc' dir='ltr'>τῇ</span> <span class='ocrx_word' id='word_1_68' title='bbox 460 1138 515 1193; x_wconf 79' lang='grc' dir='ltr'>ἐν</span> <span class='ocrx_word' id='word_1_69' title='bbox 573 1139 803 1217; x_wconf 71' lang='grc' dir='ltr'>Ἐφέσῳ,</span> <span class='ocrx_word' id='word_1_70' title='bbox 858 1140 951 1195; x_wconf 87' lang='grc' dir='ltr'>τὸν</span> <span class='ocrx_word' id='word_1_71' title='bbox 1010 1134 1242 1209; x_wconf 71' lang='grc' dir='ltr'>δυσσεϐῆ</span> <span class='ocrx_word' id='word_1_72' title='bbox 1304 1139 1592 1215; x_wconf 79' lang='grc' dir='ltr'>Νεστόριον</span> <span class='ocrx_word' id='word_1_73' title='bbox 1641 1137 1883 1208; x_wconf 83' lang='grc' dir='ltr'>καθεῖλε,</span> <span class='ocrx_word' id='word_1_74' title='bbox 1914 1136 2005 1193; x_wconf 78' lang='grc' dir='ltr'>καὶ</span> 
     </span>
    </p>
   </div>
   <div class='ocr_carea' id='block_1_14' title="bbox 333 1226 2005 1305">
    <p class='ocr_par' dir='ltr' id='par_1_14' title="bbox 333 1226 2005 1305">
     <span class='ocr_line' id='line_1_14' title="bbox 333 1226 2005 1305; baseline -0.01 -7"><span class='ocrx_word' id='word_1_75' title='bbox 333 1234 437 1297; x_wconf 66' lang='grc' dir='ltr'>τῆς</span> <span class='ocrx_word' id='word_1_76' title='bbox 511 1232 623 1284; x_wconf 73' lang='grc' dir='ltr'>τῶν</span> <span class='ocrx_word' id='word_1_77' title='bbox 696 1226 1000 1303; x_wconf 74' lang='grc' dir='ltr'>ὀρθοδοξων</span> <span class='ocrx_word' id='word_1_78' title='bbox 1061 1228 1319 1299; x_wconf 74' lang='grc' dir='ltr'>ἐξήλασεν</span> <span class='ocrx_word' id='word_1_79' title='bbox 1376 1228 1688 1301; x_wconf 73' lang='grc' dir='ltr'>ἐκκλησίας,</span> <span class='ocrx_word' id='word_1_80' title='bbox 1753 1227 2005 1305; x_wconf 85' lang='grc' dir='ltr'>βλασφη-</span> 
     </span>
    </p>
   </div>
   <div class='ocr_carea' id='block_1_15' title="bbox 337 1316 1998 1391">
    <p class='ocr_par' dir='ltr' id='par_1_15' title="bbox 337 1316 1998 1391">
     <span class='ocr_line' id='line_1_15' title="bbox 337 1316 1998 1391; baseline -0.001 -20"><span class='ocrx_word' id='word_1_81' title='bbox 337 1321 548 1390; x_wconf 77' lang='grc' dir='ltr'>μοῦντα</span> <span class='ocrx_word' id='word_1_82' title='bbox 606 1316 683 1381; x_wconf 82' lang='grc' dir='ltr'>εἷς</span> <span class='ocrx_word' id='word_1_83' title='bbox 729 1318 820 1373; x_wconf 85' lang='grc' dir='ltr'>τὸν</span> <span class='ocrx_word' id='word_1_84' title='bbox 881 1318 1003 1373; x_wconf 73' lang='grc' dir='ltr'>Υἱὸν</span> <span class='ocrx_word' id='word_1_85' title='bbox 1054 1322 1152 1373; x_wconf 73' lang='grc' dir='ltr'>τοῦ</span> <span class='ocrx_word' id='word_1_86' title='bbox 1211 1322 1373 1388; x_wconf 79' lang='grc' dir='ltr'>Θεοῦ,</span> <span class='ocrx_word' id='word_1_87' title='bbox 1430 1317 1521 1373; x_wconf 86' lang='grc' dir='ltr'>καὶ</span> <span class='ocrx_word' id='word_1_88' title='bbox 1579 1318 1657 1381; x_wconf 72' lang='grc' dir='ltr'>εἱς</span> <span class='ocrx_word' id='word_1_89' title='bbox 1711 1318 1810 1386; x_wconf 73' lang='grc' dir='ltr'>τὴν</span> <span class='ocrx_word' id='word_1_90' title='bbox 1844 1316 1998 1391; x_wconf 81' lang='grc' dir='ltr'>ἁγίαν</span> 
     </span>
    </p>
   </div>
   <div class='ocr_carea' id='block_1_16' title="bbox 333 1402 1996 1484">
    <p class='ocr_par' dir='ltr' id='par_1_16' title="bbox 333 1402 1996 1484">
     <span class='ocr_line' id='line_1_16' title="bbox 333 1402 1996 1484; baseline 0.001 -23"><span class='ocrx_word' id='word_1_91' title='bbox 333 1402 627 1462; x_wconf 83' lang='grc' dir='ltr'>Θεοτόκον.</span> <span class='ocrx_word' id='word_1_92' title='bbox 658 1408 776 1463; x_wconf 83' lang='grc' dir='ltr'>Ἔτι</span> <span class='ocrx_word' id='word_1_93' title='bbox 810 1405 867 1462; x_wconf 77' lang='grc' dir='ltr'>δὲ</span> <span class='ocrx_word' id='word_1_94' title='bbox 923 1409 1014 1463; x_wconf 88' lang='grc' dir='ltr'>καὶ</span> <span class='ocrx_word' id='word_1_95' title='bbox 1071 1405 1142 1463; x_wconf 86' lang='grc' dir='ltr'>δι’</span> <span class='ocrx_word' id='word_1_96' title='bbox 1196 1406 1384 1463; x_wconf 80' lang='grc' dir='ltr'>ἄλλων</span> <span class='ocrx_word' id='word_1_97' title='bbox 1438 1404 1724 1484; x_wconf 78' lang='grc' dir='ltr'>δογμάτων</span> <span class='ocrx_word' id='word_1_98' title='bbox 1773 1405 1867 1468; x_wconf 80' lang='grc' dir='ltr'>τὰς</span> <span class='ocrx_word' id='word_1_99' title='bbox 1895 1412 1996 1476; x_wconf 80' lang='grc' dir='ltr'>τῆς</span> 
     </span>
    </p>
   </div>
   <div class='ocr_carea' id='block_1_17' title="bbox 331 1494 1993 1568">
    <p class='ocr_par' dir='ltr' id='par_1_17' title="bbox 331 1494 1993 1568">
     <span class='ocr_line' id='line_1_17' title="bbox 331 1494 1993 1568; baseline -0.002 -16"><span class='ocrx_word' id='word_1_100' title='bbox 331 1495 643 1567; x_wconf 80' lang='grc' dir='ltr'>’Δνατολῆς</span> <span class='ocrx_word' id='word_1_101' title='bbox 701 1495 1033 1567; x_wconf 82' lang='grc' dir='ltr'>Ἐκκλησίας</span> <span class='ocrx_word' id='word_1_102' title='bbox 1109 1500 1207 1561; x_wconf 68' lang='grc' dir='ltr'>τῆς</span> <span class='ocrx_word' id='word_1_103' title='bbox 1264 1501 1461 1552; x_wconf 78' lang='grc' dir='ltr'>τοῦτου</span> <span class='ocrx_word' id='word_1_104' title='bbox 1532 1494 1715 1568; x_wconf 79' lang='grc' dir='ltr'>λύμης</span> <span class='ocrx_word' id='word_1_105' title='bbox 1764 1494 1993 1565; x_wconf 77' lang='grc' dir='ltr'>ἡλευθέ·⁵</span> 
     </span>
    </p>
   </div>
   <div class='ocr_carea' id='block_1_18' title="bbox 331 1582 1867 1660">
    <p class='ocr_par' dir='ltr' id='par_1_18' title="bbox 331 1582 1867 1660">
     <span class='ocr_line' id='line_1_18' title="bbox 331 1582 1867 1660; baseline 0.001 -21"><span class='ocrx_word' id='word_1_106' title='bbox 331 1603 528 1659; x_wconf 81' lang='grc' dir='ltr'>ρωσεν,</span> <span class='ocrx_word' id='word_1_107' title='bbox 559 1585 652 1640; x_wconf 83' lang='grc' dir='ltr'>καὶ</span> <span class='ocrx_word' id='word_1_108' title='bbox 684 1583 932 1647; x_wconf 79' lang='grc' dir='ltr'>πολλοὺς</span> <span class='ocrx_word' id='word_1_109' title='bbox 963 1584 1206 1660; x_wconf 83' lang='grc' dir='ltr'>φωτίσας</span> <span class='ocrx_word' id='word_1_110' title='bbox 1239 1583 1535 1656; x_wconf 78' lang='grc' dir='ltr'>ἐτελειώθη</span> <span class='ocrx_word' id='word_1_111' title='bbox 1569 1582 1621 1639; x_wconf 75' lang='grc' dir='ltr'>ἐν</span> <span class='ocrx_word' id='word_1_112' title='bbox 1657 1583 1867 1660; x_wconf 75' lang='grc' dir='ltr'>εἰρήνῃ.</span> 
     </span>
    </p>
   </div>
   <div class='ocr_carea' id='block_1_19' title="bbox 889 1714 1435 1789">
    <p class='ocr_par' dir='ltr' id='par_1_19' title="bbox 889 1714 1435 1789">
     <span class='ocr_line' id='line_1_19' title="bbox 889 1714 1435 1789; baseline 0 -21"><span class='ocrx_word' id='word_1_113' title='bbox 889 1714 1072 1769; x_wconf 77' lang='lat' dir='ltr'>MHNI</span> <span class='ocrx_word' id='word_1_114' title='bbox 1108 1715 1195 1789; x_wconf 78' lang='grc' dir='ltr'>Τῼ</span> <span class='ocrx_word' id='word_1_115' title='bbox 1236 1718 1435 1789; x_wconf 59' lang='lat' dir='ltr'>arra.</span> 
     </span>
    </p>
   </div>
   <div class='ocr_carea' id='block_1_20' title="bbox 1135 1807 1188 1856">
    <p class='ocr_par' dir='ltr' id='par_1_20' title="bbox 1135 1807 1188 1856">
     <span class='ocr_line' id='line_1_20' title="bbox 1135 1807 1188 1856; baseline 0 -32"><span class='ocrx_word' id='word_1_116' title='bbox 1135 1807 1188 1856; x_wconf 70' lang='grc' dir='ltr'>Θ.</span> 
     </span>
    </p>
   </div>
   <div class='ocr_carea' id='block_1_21' title="bbox 476 1904 1848 1982">
    <p class='ocr_par' dir='ltr' id='par_1_21' title="bbox 476 1904 1848 1982">
     <span class='ocr_line' id='line_1_21' title="bbox 476 1904 1848 1982; baseline -0.004 -17"><span class='ocrx_word' id='word_1_117' title='bbox 476 1906 746 1979; x_wconf 78' lang='grc' dir='ltr'>”Αθλησις</span> <span class='ocrx_word' id='word_1_118' title='bbox 791 1908 1092 1982; x_wconf 17' lang='grc' dir='ltr'>τοῦμάγίου</span> <span class='ocrx_word' id='word_1_119' title='bbox 1145 1908 1419 1982; x_wconf 66' lang='grc' dir='ltr'>μᾴρτυρος</span> <span class='ocrx_word' id='word_1_120' title='bbox 1465 1904 1709 1980; x_wconf 85' lang='grc' dir='ltr'>Βαὸίμου</span> <span class='ocrx_word' id='word_1_121' title='bbox 1751 1909 1848 1960; x_wconf 78' lang='grc' dir='ltr'>τοῦ</span> 
     </span>
    </p>
   </div>
   <div class='ocr_carea' id='block_1_22' title="bbox 902 1976 1408 2054">
    <p class='ocr_par' dir='ltr' id='par_1_22' title="bbox 902 1976 1408 2054">
     <span class='ocr_line' id='line_1_22' title="bbox 902 1976 1408 2054; baseline 0.004 -20"><span class='ocrx_word' id='word_1_122' title='bbox 902 1976 1408 2054; x_wconf 61' lang='grc' dir='ltr'>ἀρχιμμανδρίτου.</span> 
     </span>
    </p>
   </div>
   <div class='ocr_carea' id='block_1_23' title="bbox 403 2098 1989 2176">
    <p class='ocr_par' dir='ltr' id='par_1_23' title="bbox 403 2098 1989 2176">
     <span class='ocr_line' id='line_1_23' title="bbox 403 2098 1989 2176; baseline -0.003 -18"><span class='ocrx_word' id='word_1_123' title='bbox 403 2098 650 2174; x_wconf 81' lang='grc' dir='ltr'>Βᾶδιμος</span> <span class='ocrx_word' id='word_1_124' title='bbox 707 2102 735 2156; x_wconf 88' lang='lat'>6</span> <span class='ocrx_word' id='word_1_125' title='bbox 791 2103 942 2164; x_wconf 79' lang='grc' dir='ltr'>ὅσιος</span> <span class='ocrx_word' id='word_1_126' title='bbox 1029 2102 1247 2176; x_wconf 80' lang='grc' dir='ltr'>ὑπῆρχε</span> <span class='ocrx_word' id='word_1_127' title='bbox 1330 2101 1423 2173; x_wconf 74' lang='grc' dir='ltr'>μὶν</span> <span class='ocrx_word' id='word_1_128' title='bbox 1508 2099 1567 2155; x_wconf 77' lang='grc' dir='ltr'>ἐκ</span> <span class='ocrx_word' id='word_1_129' title='bbox 1643 2106 1745 2169; x_wconf 87' lang='grc' dir='ltr'>τῆς</span> <span class='ocrx_word' id='word_1_130' title='bbox 1803 2098 1989 2174; x_wconf 80' lang='grc' dir='ltr'>χώρας</span> 
     </span>
    </p>
   </div>
   <div class='ocr_carea' id='block_1_24' title="bbox 330 2187 2029 2265">
    <p class='ocr_par' dir='ltr' id='par_1_24' title="bbox 330 2187 2029 2265">
     <span class='ocr_line' id='line_1_24' title="bbox 330 2187 2029 2265; baseline -0.001 -22"><span class='ocrx_word' id='word_1_131' title='bbox 330 2193 575 2262; x_wconf 69' lang='grc' dir='ltr'>Περσῶν,</span> <span class='ocrx_word' id='word_1_132' title='bbox 638 2188 918 2245; x_wconf 88' lang='grc' dir='ltr'>πλουσίων</span> <span class='ocrx_word' id='word_1_133' title='bbox 974 2188 1032 2245; x_wconf 72' lang='grc' dir='ltr'>δὲ</span> <span class='ocrx_word' id='word_1_134' title='bbox 1083 2192 1288 2265; x_wconf 73' lang='grc' dir='ltr'>γονέων</span> <span class='ocrx_word' id='word_1_135' title='bbox 1320 2190 1457 2244; x_wconf 70' lang='grc' dir='ltr'>υἱὸνο</span> <span class='ocrx_word' id='word_1_136' title='bbox 1511 2190 1583 2243; x_wconf 84' lang='grc' dir='ltr'>ὧν</span> <span class='ocrx_word' id='word_1_137' title='bbox 1628 2187 2029 2259; x_wconf 45' lang='grc' dir='ltr'>τελευτησάνν</span> 
     </span>
    </p>
   </div>
   <div class='ocr_carea' id='block_1_25' title="bbox 329 2275 1989 2355">
    <p class='ocr_par' dir='ltr' id='par_1_25' title="bbox 329 2275 1989 2355">
     <span class='ocr_line' id='line_1_25' title="bbox 329 2275 1989 2355; baseline -0.001 -22"><span class='ocrx_word' id='word_1_138' title='bbox 329 2299 465 2349; x_wconf 84' lang='grc' dir='ltr'>των,</span> <span class='ocrx_word' id='word_1_139' title='bbox 526 2281 732 2334; x_wconf 77' lang='grc' dir='ltr'>ἅπαντα</span> <span class='ocrx_word' id='word_1_140' title='bbox 788 2280 882 2334; x_wconf 83' lang='grc' dir='ltr'>τὸν</span> <span class='ocrx_word' id='word_1_141' title='bbox 940 2280 1180 2335; x_wconf 79' lang='grc' dir='ltr'>πλοῦτον</span> <span class='ocrx_word' id='word_1_142' title='bbox 1240 2277 1544 2355; x_wconf 86' lang='grc' dir='ltr'>σχορπίσας</span> <span class='ocrx_word' id='word_1_143' title='bbox 1600 2279 1675 2340; x_wconf 77' lang='grc' dir='ltr'>εἱς</span> <span class='ocrx_word' id='word_1_144' title='bbox 1732 2276 1859 2339; x_wconf 75' lang='grc' dir='ltr'>τοὺς</span> <span class='ocrx_word' id='word_1_145' title='bbox 1890 2275 1989 2332; x_wconf 80' lang='grc' dir='ltr'>πέ-</span> 
     </span>
    </p>
   </div>
   <div class='ocr_carea' id='block_1_26' title="bbox 329 2366 1983 2443">
    <p class='ocr_par' dir='ltr' id='par_1_26' title="bbox 329 2366 1983 2443">
     <span class='ocr_line' id='line_1_26' title="bbox 329 2366 1983 2443; baseline -0.001 -22"><span class='ocrx_word' id='word_1_146' title='bbox 329 2388 522 2436; x_wconf 84' lang='grc' dir='ltr'>νητας,</span> <span class='ocrx_word' id='word_1_147' title='bbox 555 2366 807 2422; x_wconf 82' lang='grc' dir='ltr'>ἀπελθὼν</span> <span class='ocrx_word' id='word_1_148' title='bbox 869 2367 945 2430; x_wconf 65' lang='grc' dir='ltr'>εἷς</span> <span class='ocrx_word' id='word_1_149' title='bbox 1005 2370 1386 2442; x_wconf 71' lang='grc' dir='ltr'>μοναστήριον,</span> <span class='ocrx_word' id='word_1_150' title='bbox 1455 2367 1662 2443; x_wconf 70' lang='grc' dir='ltr'>ἐγένετο</span> <span class='ocrx_word' id='word_1_151' title='bbox 1722 2367 1983 2441; x_wconf 80' lang='grc' dir='ltr'>μοναχὸς,</span> 
     </span>
    </p>
   </div>
   <div class='ocr_carea' id='block_1_27' title="bbox 330 2454 1984 2533">
    <p class='ocr_par' dir='ltr' id='par_1_27' title="bbox 330 2454 1984 2533">
     <span class='ocr_line' id='line_1_27' title="bbox 330 2454 1984 2533; baseline -0.002 -22"><span class='ocrx_word' id='word_1_152' title='bbox 330 2458 448 2511; x_wconf 78' lang='grc' dir='ltr'>εἶτα</span> <span class='ocrx_word' id='word_1_153' title='bbox 507 2456 598 2512; x_wconf 82' lang='grc' dir='ltr'>καὶ</span> <span class='ocrx_word' id='word_1_154' title='bbox 657 2454 1113 2533; x_wconf 77' lang='grc' dir='ltr'>ἀρχιμανδρίτης.</span> <span class='ocrx_word' id='word_1_155' title='bbox 1170 2457 1480 2529; x_wconf 75' lang='grc' dir='ltr'>Κημόττων</span> <span class='ocrx_word' id='word_1_156' title='bbox 1511 2454 1569 2511; x_wconf 70' lang='grc' dir='ltr'>δὲ</span> <span class='ocrx_word' id='word_1_157' title='bbox 1608 2456 1702 2511; x_wconf 88' lang='grc' dir='ltr'>τὸν</span> <span class='ocrx_word' id='word_1_158' title='bbox 1733 2454 1984 2529; x_wconf 78' lang='grc' dir='ltr'>Χριστὸν,</span> 
     </span>
    </p>
   </div>
   <div class='ocr_carea' id='block_1_28' title="bbox 328 2540 1987 2623">
    <p class='ocr_par' dir='ltr' id='par_1_28' title="bbox 328 2540 1987 2623">
     <span class='ocr_line' id='line_1_28' title="bbox 328 2540 1987 2623; baseline -0.002 -23"><span class='ocrx_word' id='word_1_159' title='bbox 328 2543 585 2607; x_wconf 78' lang='grc' dir='ltr'>πολλοὺς</span> <span class='ocrx_word' id='word_1_160' title='bbox 636 2544 720 2600; x_wconf 77' lang='grc' dir='ltr'>ἐπ’</span> <span class='ocrx_word' id='word_1_161' title='bbox 767 2546 926 2601; x_wconf 81' lang='grc' dir='ltr'>αὐτὸν</span> <span class='ocrx_word' id='word_1_162' title='bbox 970 2545 1304 2623; x_wconf 71' lang='grc' dir='ltr'>ἐπιπρᾶφων</span> <span class='ocrx_word' id='word_1_163' title='bbox 1352 2540 1624 2614; x_wconf 72' lang='grc' dir='ltr'>ἰϐάπτιζε.</span> <span class='ocrx_word' id='word_1_164' title='bbox 1669 2544 1765 2599; x_wconf 81' lang='grc' dir='ltr'>Καὶ</span> <span class='ocrx_word' id='word_1_165' title='bbox 1801 2543 1987 2617; x_wconf 84' lang='grc' dir='ltr'>μαθὼν</span> 
     </span>
    </p>
   </div>
   <div class='ocr_carea' id='block_1_29' title="bbox 324 2629 1988 2711">
    <p class='ocr_par' dir='ltr' id='par_1_29' title="bbox 324 2629 1988 2711">
     <span class='ocr_line' id='line_1_29' title="bbox 324 2629 1988 2711; baseline -0.001 -23"><span class='ocrx_word' id='word_1_166' title='bbox 324 2639 492 2689; x_wconf 82' lang='grc' dir='ltr'>τοῦτο</span> <span class='ocrx_word' id='word_1_167' title='bbox 553 2629 857 2711; x_wconf 75' lang='grc' dir='ltr'>Σαῦώριος,</span> <span class='ocrx_word' id='word_1_168' title='bbox 906 2633 1240 2698; x_wconf 74' lang='grc' dir='ltr'>ὰποστείλας</span> <span class='ocrx_word' id='word_1_169' title='bbox 1307 2635 1596 2708; x_wconf 82' lang='grc' dir='ltr'>ἐκράτησεν</span> <span class='ocrx_word' id='word_1_170' title='bbox 1654 2632 1835 2700; x_wconf 73' lang='grc' dir='ltr'>αὐτὸν,</span> <span class='ocrx_word' id='word_1_171' title='bbox 1896 2630 1988 2686; x_wconf 78' lang='grc' dir='ltr'>σὺν</span> 
     </span>
    </p>
   </div>
   <div class='ocr_carea' id='block_1_30' title="bbox 323 2722 1985 2798">
    <p class='ocr_par' dir='ltr' id='par_1_30' title="bbox 323 2722 1985 2798">
     <span class='ocr_line' id='line_1_30' title="bbox 323 2722 1985 2798; baseline -0.002 -19"><span class='ocrx_word' id='word_1_172' title='bbox 323 2724 461 2781; x_wconf 73' lang='grc' dir='ltr'>ἑπτὰ</span> <span class='ocrx_word' id='word_1_173' title='bbox 530 2730 800 2798; x_wconf 78' lang='grc' dir='ltr'>μαθηταῖς</span> <span class='ocrx_word' id='word_1_174' title='bbox 855 2725 1038 2795; x_wconf 72' lang='grc' dir='ltr'>αὐτοῦ,</span> <span class='ocrx_word' id='word_1_175' title='bbox 1115 2724 1206 2781; x_wconf 84' lang='grc' dir='ltr'>καὶ</span> <span class='ocrx_word' id='word_1_176' title='bbox 1291 2723 1605 2781; x_wconf 71' lang='grc' dir='ltr'>ἀπέκλεισεν</span> <span class='ocrx_word' id='word_1_177' title='bbox 1691 2723 1852 2778; x_wconf 67' lang='grc' dir='ltr'>αὐτὸν</span> <span class='ocrx_word' id='word_1_178' title='bbox 1908 2722 1985 2785; x_wconf 79' lang='grc' dir='ltr'>εἷς</span> 
     </span>
    </p>
   </div>
   <div class='ocr_carea' id='block_1_31' title="bbox 324 2811 1986 2892">
    <p class='ocr_par' dir='ltr' id='par_1_31' title="bbox 324 2811 1986 2892">
     <span class='ocr_line' id='line_1_31' title="bbox 324 2811 1986 2892; baseline -0.001 -24"><span class='ocrx_word' id='word_1_179' title='bbox 324 2812 606 2892; x_wconf 74' lang='grc' dir='ltr'>φυλακήν.</span> <span class='ocrx_word' id='word_1_180' title='bbox 669 2814 763 2871; x_wconf 73' lang='grc' dir='ltr'>Καὶ</span> <span class='ocrx_word' id='word_1_181' title='bbox 828 2815 963 2888; x_wconf 86' lang='grc' dir='ltr'>μετᾶ</span> <span class='ocrx_word' id='word_1_182' title='bbox 1015 2816 1275 2889; x_wconf 71' lang='grc' dir='ltr'>τέσσαρας</span> <span class='ocrx_word' id='word_1_183' title='bbox 1331 2811 1541 2888; x_wconf 77' lang='grc' dir='ltr'>ἡμέρας</span> <span class='ocrx_word' id='word_1_184' title='bbox 1596 2812 1916 2889; x_wconf 71' lang='grc' dir='ltr'>προσέταξεν</span> <span class='ocrx_word' id='word_1_185' title='bbox 1958 2813 1986 2866; x_wconf 90' lang='lat'>6</span> 
     </span>
    </p>
   </div>
   <div class='ocr_carea' id='block_1_32' title="bbox 326 2897 1986 2979">
    <p class='ocr_par' dir='ltr' id='par_1_32' title="bbox 326 2897 1986 2979">
     <span class='ocr_line' id='line_1_32' title="bbox 326 2897 1986 2979; baseline -0.001 -22"><span class='ocrx_word' id='word_1_186' title='bbox 326 2899 625 2978; x_wconf 77' lang='grc' dir='ltr'>Σαϐώριος</span> <span class='ocrx_word' id='word_1_187' title='bbox 652 2909 771 2965; x_wconf 86' lang='grc' dir='ltr'>τοῖς</span> <span class='ocrx_word' id='word_1_188' title='bbox 818 2901 1048 2977; x_wconf 77' lang='grc' dir='ltr'>δημίοις</span> <span class='ocrx_word' id='word_1_189' title='bbox 1078 2897 1329 2959; x_wconf 78' lang='grc' dir='ltr'>ἐκϐαλεῖν</span> <span class='ocrx_word' id='word_1_190' title='bbox 1362 2901 1557 2964; x_wconf 80' lang='grc' dir='ltr'>αὐτοὺς</span> <span class='ocrx_word' id='word_1_191' title='bbox 1583 2909 1682 2972; x_wconf 84' lang='grc' dir='ltr'>τῆς</span> <span class='ocrx_word' id='word_1_192' title='bbox 1716 2898 1986 2979; x_wconf 83' lang='grc' dir='ltr'>φυλακῆς,</span> 
     </span>
    </p>
   </div>
   <div class='ocr_carea' id='block_1_33' title="bbox 322 2988 1985 3071">
    <p class='ocr_par' dir='ltr' id='par_1_33' title="bbox 322 2988 1985 3071">
     <span class='ocr_line' id='line_1_33' title="bbox 322 2988 1985 3071; baseline -0.003 -23"><span class='ocrx_word' id='word_1_193' title='bbox 322 2993 415 3048; x_wconf 81' lang='grc' dir='ltr'>καὶ</span> <span class='ocrx_word' id='word_1_194' title='bbox 478 2992 899 3071; x_wconf 83' lang='grc' dir='ltr'>ἀποκεφαλίσαι.</span> <span class='ocrx_word' id='word_1_195' title='bbox 957 2994 1092 3049; x_wconf 71' lang='lat' dir='ltr'>&quot;Eva</span> <span class='ocrx_word' id='word_1_196' title='bbox 1150 2989 1208 3047; x_wconf 72' lang='grc' dir='ltr'>δὲ</span> <span class='ocrx_word' id='word_1_197' title='bbox 1288 2996 1396 3047; x_wconf 83' lang='grc' dir='ltr'>τῶν</span> <span class='ocrx_word' id='word_1_198' title='bbox 1472 2988 1711 3065; x_wconf 88' lang='grc' dir='ltr'>δημίων,</span> <span class='ocrx_word' id='word_1_199' title='bbox 1767 2994 1985 3066; x_wconf 82' lang='grc' dir='ltr'>Νηρσᾶν</span> 
     </span>
    </p>
   </div>
   <div class='ocr_carea' id='block_1_34' title="bbox 328 3075 1989 3157">
    <p class='ocr_par' dir='ltr' id='par_1_34' title="bbox 328 3075 1989 3157">
     <span class='ocr_line' id='line_1_34' title="bbox 328 3075 1989 3157; baseline -0.002 -20"><span class='ocrx_word' id='word_1_200' title='bbox 328 3082 588 3157; x_wconf 81' lang='grc' dir='ltr'>ὀνόματι,</span> <span class='ocrx_word' id='word_1_201' title='bbox 643 3081 904 3156; x_wconf 69' lang='grc' dir='ltr'>πρότερον</span> <span class='ocrx_word' id='word_1_202' title='bbox 965 3078 1093 3137; x_wconf 76' lang='grc' dir='ltr'>ὄντα</span> <span class='ocrx_word' id='word_1_203' title='bbox 1150 3082 1497 3157; x_wconf 83' lang='grc' dir='ltr'>Χριστιανὸν,</span> <span class='ocrx_word' id='word_1_204' title='bbox 1528 3078 1903 3156; x_wconf 76' lang='grc' dir='ltr'>ἀρνησάμενον</span> <span class='ocrx_word' id='word_1_205' title='bbox 1931 3075 1989 3133; x_wconf 74' lang='grc' dir='ltr'>δὲ</span> 
     </span>
    </p>
   </div>
   <div class='ocr_carea' id='block_1_35' title="bbox 2019 1790 2066 1852">
    <p class='ocr_par' dir='ltr' id='par_1_35' title="bbox 2019 1790 2066 1852">
     <span class='ocr_line' id='line_1_35' title="bbox 2019 1790 2066 1852; baseline 0 0"><span class='ocrx_word' id='word_1_206' title='bbox 2019 1790 2066 1852; x_wconf 90' lang='grc' dir='ltr'>Β</span> 
     </span>
    </p>
   </div>
   <div class='ocr_carea' id='block_1_36' title="bbox 2118 517 3770 592">
    <p class='ocr_par' dir='ltr' id='par_1_36' title="bbox 2118 517 3770 592">
     <span class='ocr_line' id='line_1_36' title="bbox 2118 517 3770 592; baseline 0.012 -23"><span class='ocrx_word' id='word_1_207' title='bbox 2118 517 2193 570; x_wconf 91' lang='lat' dir='ltr'>cii</span> <span class='ocrx_word' id='word_1_208' title='bbox 2218 517 2533 584; x_wconf 89' lang='lat' dir='ltr'>etZosimi,</span> <span class='ocrx_word' id='word_1_209' title='bbox 2558 535 2709 590; x_wconf 86' lang='lat' dir='ltr'>papa</span> <span class='ocrx_word' id='word_1_210' title='bbox 2733 535 2959 592; x_wconf 70' lang='lat' dir='ltr'>magnae</span> <span class='ocrx_word' id='word_1_211' title='bbox 2992 523 3191 579; x_wconf 68' lang='lat' dir='ltr'>Romae</span> <span class='ocrx_word' id='word_1_212' title='bbox 3240 528 3568 585; x_wconf 81' lang='lat' dir='ltr'>ordinatur.</span> <span class='ocrx_word' id='word_1_213' title='bbox 3625 533 3770 589; x_wconf 90' lang='lat' dir='ltr'>Cum</span> 
     </span>
    </p>
   </div>
   <div class='ocr_carea' id='block_1_37' title="bbox 2116 606 3768 692">
    <p class='ocr_par' dir='ltr' id='par_1_37' title="bbox 2116 606 3768 692">
     <span class='ocr_line' id='line_1_37' title="bbox 2116 606 3768 692; baseline 0.012 -33"><span class='ocrx_word' id='word_1_214' title='bbox 2116 622 2251 660; x_wconf 85' lang='lat' dir='ltr'>vero</span> <span class='ocrx_word' id='word_1_215' title='bbox 2277 606 2438 661; x_wconf 89' lang='lat' dir='ltr'>illius</span> <span class='ocrx_word' id='word_1_216' title='bbox 2460 607 2591 662; x_wconf 66' lang='lat' dir='ltr'>vita:</span> <span class='ocrx_word' id='word_1_217' title='bbox 2623 608 2799 662; x_wconf 90' lang='lat' dir='ltr'>etiam</span> <span class='ocrx_word' id='word_1_218' title='bbox 2832 610 3103 667; x_wconf 78' lang='lat' dir='ltr'>doctrina</span> <span class='ocrx_word' id='word_1_219' title='bbox 3132 624 3501 687; x_wconf 77' lang='lat' dir='ltr'>congrueret,</span> <span class='ocrx_word' id='word_1_220' title='bbox 3537 629 3768 692; x_wconf 89' lang='lat' dir='ltr'>specta-</span> 
     </span>
    </p>
   </div>
   <div class='ocr_carea' id='block_1_38' title="bbox 2116 694 3764 767">
    <p class='ocr_par' dir='ltr' id='par_1_38' title="bbox 2116 694 3764 767">
     <span class='ocr_line' id='line_1_38' title="bbox 2116 694 3764 767; baseline 0.012 -19"><span class='ocrx_word' id='word_1_221' title='bbox 2116 694 2287 750; x_wconf 88' lang='lat' dir='ltr'>bilem</span> <span class='ocrx_word' id='word_1_222' title='bbox 2318 712 2378 750; x_wconf 89' lang='lat' dir='ltr'>se</span> <span class='ocrx_word' id='word_1_223' title='bbox 2410 695 2669 751; x_wconf 83' lang='lat' dir='ltr'>reddidit</span> <span class='ocrx_word' id='word_1_224' title='bbox 2697 700 2949 764; x_wconf 90' lang='lat' dir='ltr'>cunctis,</span> <span class='ocrx_word' id='word_1_225' title='bbox 2984 717 3052 755; x_wconf 90' lang='lat' dir='ltr'>ac</span> <span class='ocrx_word' id='word_1_226' title='bbox 3084 702 3418 760; x_wconf 84' lang='lat' dir='ltr'>mirabilem</span> <span class='ocrx_word' id='word_1_227' title='bbox 3449 707 3511 762; x_wconf 90' lang='lat' dir='ltr'>in</span> <span class='ocrx_word' id='word_1_228' title='bbox 3561 710 3764 767; x_wconf 89' lang='lat' dir='ltr'>multis</span> 
     </span>
    </p>
   </div>
   <div class='ocr_carea' id='block_1_39' title="bbox 2115 783 3768 867">
    <p class='ocr_par' dir='ltr' id='par_1_39' title="bbox 2115 783 3768 867">
     <span class='ocr_line' id='line_1_39' title="bbox 2115 783 3768 867; baseline 0.012 -31"><span class='ocrx_word' id='word_1_229' title='bbox 2115 783 2380 855; x_wconf 88' lang='lat' dir='ltr'>quidem,</span> <span class='ocrx_word' id='word_1_230' title='bbox 2415 784 2518 839; x_wconf 92' lang='lat' dir='ltr'>sed</span> <span class='ocrx_word' id='word_1_231' title='bbox 2549 787 2847 858; x_wconf 65' lang='lat' dir='ltr'>praecipue</span> <span class='ocrx_word' id='word_1_232' title='bbox 2879 789 2939 841; x_wconf 88' lang='lat' dir='ltr'>in</span> <span class='ocrx_word' id='word_1_233' title='bbox 2972 796 3269 848; x_wconf 89' lang='lat' dir='ltr'>rectorum</span> <span class='ocrx_word' id='word_1_234' title='bbox 3301 794 3640 867; x_wconf 87' lang='lat' dir='ltr'>dogmatum</span> <span class='ocrx_word' id='word_1_235' title='bbox 3676 817 3768 856; x_wconf 85' lang='lat' dir='ltr'>ex-</span> 
     </span>
    </p>
   </div>
   <div class='ocr_carea' id='block_1_40' title="bbox 2114 872 3762 958">
    <p class='ocr_par' dir='ltr' id='par_1_40' title="bbox 2114 872 3762 958">
     <span class='ocr_line' id='line_1_40' title="bbox 2114 872 3762 958; baseline 0.011 -32"><span class='ocrx_word' id='word_1_236' title='bbox 2114 872 2429 942; x_wconf 85' lang='lat' dir='ltr'>positione,</span> <span class='ocrx_word' id='word_1_237' title='bbox 2463 890 2531 929; x_wconf 90' lang='lat' dir='ltr'>ac</span> <span class='ocrx_word' id='word_1_238' title='bbox 2562 874 2995 932; x_wconf 88' lang='lat' dir='ltr'>dissertatione.</span> <span class='ocrx_word' id='word_1_239' title='bbox 3032 880 3258 952; x_wconf 85' lang='lat' dir='ltr'>Quippe</span> <span class='ocrx_word' id='word_1_240' title='bbox 3290 890 3493 940; x_wconf 89' lang='lat' dir='ltr'>sancto</span> <span class='ocrx_word' id='word_1_241' title='bbox 3544 887 3762 958; x_wconf 90' lang='lat' dir='ltr'>Cyrillo</span> 
     </span>
    </p>
   </div>
   <div class='ocr_carea' id='block_1_41' title="bbox 2112 962 3765 1041">
    <p class='ocr_par' dir='ltr' id='par_1_41' title="bbox 2112 962 3765 1041">
     <span class='ocr_line' id='line_1_41' title="bbox 2112 962 3765 1041; baseline 0.011 -26"><span class='ocrx_word' id='word_1_242' title='bbox 2112 962 2475 1030; x_wconf 88' lang='lat' dir='ltr'>connitente,</span> <span class='ocrx_word' id='word_1_243' title='bbox 2509 980 2617 1034; x_wconf 92' lang='lat' dir='ltr'>per</span> <span class='ocrx_word' id='word_1_244' title='bbox 2645 964 2957 1035; x_wconf 86' lang='lat' dir='ltr'>epistolam</span> <span class='ocrx_word' id='word_1_245' title='bbox 2991 968 3384 1041; x_wconf 88' lang='lat' dir='ltr'>dogmaticam</span> <span class='ocrx_word' id='word_1_246' title='bbox 3434 975 3765 1033; x_wconf 85' lang='lat' dir='ltr'>orthodoxa</span> 
     </span>
    </p>
   </div>
   <div class='ocr_carea' id='block_1_42' title="bbox 2108 1050 3762 1135">
    <p class='ocr_par' dir='ltr' id='par_1_42' title="bbox 2108 1050 3762 1135">
     <span class='ocr_line' id='line_1_42' title="bbox 2108 1050 3762 1135; baseline 0.011 -31"><span class='ocrx_word' id='word_1_247' title='bbox 2108 1050 2353 1105; x_wconf 86' lang='lat' dir='ltr'>veritate</span> <span class='ocrx_word' id='word_1_248' title='bbox 2385 1051 2645 1123; x_wconf 89' lang='lat' dir='ltr'>plenam,</span> <span class='ocrx_word' id='word_1_249' title='bbox 2680 1070 2857 1123; x_wconf 88' lang='lat' dir='ltr'>quam</span> <span class='ocrx_word' id='word_1_250' title='bbox 2890 1073 2960 1111; x_wconf 89' lang='lat' dir='ltr'>ex</span> <span class='ocrx_word' id='word_1_251' title='bbox 2990 1057 3135 1113; x_wconf 88' lang='lat' dir='ltr'>urbe</span> <span class='ocrx_word' id='word_1_252' title='bbox 3168 1061 3351 1116; x_wconf 80' lang='lat' dir='ltr'>Roma</span> <span class='ocrx_word' id='word_1_253' title='bbox 3372 1062 3443 1117; x_wconf 81' lang='lat' dir='ltr'>ad</span> <span class='ocrx_word' id='word_1_254' title='bbox 3468 1066 3762 1135; x_wconf 88' lang='lat' dir='ltr'>synodum</span> 
     </span>
    </p>
   </div>
   <div class='ocr_carea' id='block_1_43' title="bbox 2110 1138 3766 1224">
    <p class='ocr_par' dir='ltr' id='par_1_43' title="bbox 2110 1138 3766 1224">
     <span class='ocr_line' id='line_1_43' title="bbox 2110 1138 3766 1224; baseline 0.013 -33"><span class='ocrx_word' id='word_1_255' title='bbox 2110 1138 2469 1210; x_wconf 87' lang='lat' dir='ltr'>Ephesinam</span> <span class='ocrx_word' id='word_1_256' title='bbox 2494 1141 2676 1211; x_wconf 84' lang='lat' dir='ltr'>misit,</span> <span class='ocrx_word' id='word_1_257' title='bbox 2701 1142 2948 1214; x_wconf 90' lang='lat' dir='ltr'>impium</span> <span class='ocrx_word' id='word_1_258' title='bbox 2972 1147 3304 1203; x_wconf 87' lang='lat' dir='ltr'>Nestorium</span> <span class='ocrx_word' id='word_1_259' title='bbox 3328 1155 3663 1224; x_wconf 83' lang='lat' dir='ltr'>prostravit,</span> <span class='ocrx_word' id='word_1_260' title='bbox 3697 1173 3766 1212; x_wconf 91' lang='lat' dir='ltr'>ac</span> 
     </span>
    </p>
   </div>
   <div class='ocr_carea' id='block_1_44' title="bbox 2109 1227 3761 1300">
    <p class='ocr_par' dir='ltr' id='par_1_44' title="bbox 2109 1227 3761 1300">
     <span class='ocr_line' id='line_1_44' title="bbox 2109 1227 3761 1300; baseline 0.011 -18"><span class='ocrx_word' id='word_1_261' title='bbox 2109 1227 2622 1300; x_wconf 90' lang='lat' dir='ltr'>blasphemantem</span> <span class='ocrx_word' id='word_1_262' title='bbox 2657 1231 2717 1286; x_wconf 90' lang='lat' dir='ltr'>in</span> <span class='ocrx_word' id='word_1_263' title='bbox 2751 1233 2852 1287; x_wconf 89' lang='lat' dir='ltr'>Dei</span> <span class='ocrx_word' id='word_1_264' title='bbox 2887 1233 3099 1290; x_wconf 87' lang='lat' dir='ltr'>Filium</span> <span class='ocrx_word' id='word_1_265' title='bbox 3131 1243 3189 1291; x_wconf 91' lang='lat' dir='ltr'>et</span> <span class='ocrx_word' id='word_1_266' title='bbox 3220 1238 3279 1292; x_wconf 94' lang='lat' dir='ltr'>in</span> <span class='ocrx_word' id='word_1_267' title='bbox 3312 1246 3578 1297; x_wconf 88' lang='lat' dir='ltr'>sanctam</span> <span class='ocrx_word' id='word_1_268' title='bbox 3629 1245 3761 1299; x_wconf 87' lang='lat' dir='ltr'>Dei-</span> 
     </span>
    </p>
   </div>
   <div class='ocr_carea' id='block_1_45' title="bbox 2106 1319 3761 1399">
    <p class='ocr_par' dir='ltr' id='par_1_45' title="bbox 2106 1319 3761 1399">
     <span class='ocr_line' id='line_1_45' title="bbox 2106 1319 3761 1399; baseline 0.01 -28"><span class='ocrx_word' id='word_1_269' title='bbox 2106 1335 2332 1390; x_wconf 87' lang='lat' dir='ltr'>param,</span> <span class='ocrx_word' id='word_1_270' title='bbox 2368 1336 2439 1373; x_wconf 84' lang='lat' dir='ltr'>ex</span> <span class='ocrx_word' id='word_1_271' title='bbox 2470 1319 2933 1376; x_wconf 86' lang='lat' dir='ltr'>orthodoxorum</span> <span class='ocrx_word' id='word_1_272' title='bbox 2994 1324 3243 1381; x_wconf 87' lang='lat' dir='ltr'>ecclesia</span> <span class='ocrx_word' id='word_1_273' title='bbox 3291 1328 3484 1399; x_wconf 90' lang='lat' dir='ltr'>ejecit.</span> <span class='ocrx_word' id='word_1_274' title='bbox 3536 1332 3761 1388; x_wconf 90' lang='lat' dir='ltr'>Deinde</span> 
     </span>
    </p>
   </div>
   <div class='ocr_carea' id='block_1_46' title="bbox 2103 1408 3757 1492">
    <p class='ocr_par' dir='ltr' id='par_1_46' title="bbox 2103 1408 3757 1492">
     <span class='ocr_line' id='line_1_46' title="bbox 2103 1408 3757 1492; baseline 0.01 -32"><span class='ocrx_word' id='word_1_275' title='bbox 2103 1424 2239 1463; x_wconf 88' lang='lat' dir='ltr'>vero</span> <span class='ocrx_word' id='word_1_276' title='bbox 2270 1413 2327 1463; x_wconf 91' lang='lat' dir='ltr'>et</span> <span class='ocrx_word' id='word_1_277' title='bbox 2356 1408 2487 1465; x_wconf 90' lang='lat' dir='ltr'>aliis</span> <span class='ocrx_word' id='word_1_278' title='bbox 2520 1409 2772 1465; x_wconf 89' lang='lat' dir='ltr'>decretis</span> <span class='ocrx_word' id='word_1_279' title='bbox 2805 1412 3134 1468; x_wconf 89' lang='lat' dir='ltr'>Orientales</span> <span class='ocrx_word' id='word_1_280' title='bbox 3164 1416 3458 1472; x_wconf 89' lang='lat' dir='ltr'>Ecclesias</span> <span class='ocrx_word' id='word_1_281' title='bbox 3487 1419 3597 1475; x_wconf 87' lang='lat' dir='ltr'>hac</span> <span class='ocrx_word' id='word_1_282' title='bbox 3652 1439 3757 1492; x_wconf 83' lang='lat' dir='ltr'>pe-</span> 
     </span>
    </p>
   </div>
   <div class='ocr_carea' id='block_1_47' title="bbox 2104 1498 3754 1576">
    <p class='ocr_par' dir='ltr' id='par_1_47' title="bbox 2104 1498 3754 1576">
     <span class='ocr_line' id='line_1_47' title="bbox 2104 1498 3754 1576; baseline 0.007 -22"><span class='ocrx_word' id='word_1_283' title='bbox 2104 1498 2520 1554; x_wconf 87' lang='lat' dir='ltr'>stilentissima</span> <span class='ocrx_word' id='word_1_284' title='bbox 2552 1498 2646 1554; x_wconf 92' lang='lat' dir='ltr'>lue</span> <span class='ocrx_word' id='word_1_285' title='bbox 2680 1500 2969 1556; x_wconf 86' lang='lat' dir='ltr'>liberavit.</span> <span class='ocrx_word' id='word_1_286' title='bbox 3004 1502 3267 1576; x_wconf 87' lang='lat' dir='ltr'>Cumque</span> <span class='ocrx_word' id='word_1_287' title='bbox 3298 1506 3563 1563; x_wconf 81' lang='lat' dir='ltr'>veritatis</span> <span class='ocrx_word' id='word_1_288' title='bbox 3620 1508 3754 1567; x_wconf 90' lang='lat' dir='ltr'>luce</span> 
     </span>
    </p>
   </div>
   <div class='ocr_carea' id='block_1_48' title="bbox 2100 1587 3297 1663">
    <p class='ocr_par' dir='ltr' id='par_1_48' title="bbox 2100 1587 3297 1663">
     <span class='ocr_line' id='line_1_48' title="bbox 2100 1587 3297 1663; baseline 0.008 -22"><span class='ocrx_word' id='word_1_289' title='bbox 2100 1587 2303 1659; x_wconf 87' lang='lat' dir='ltr'>plures</span> <span class='ocrx_word' id='word_1_290' title='bbox 2334 1588 2709 1661; x_wconf 88' lang='lat' dir='ltr'>illustrasset,</span> <span class='ocrx_word' id='word_1_291' title='bbox 2746 1591 2805 1646; x_wconf 91' lang='lat' dir='ltr'>in</span> <span class='ocrx_word' id='word_1_292' title='bbox 2839 1608 2983 1663; x_wconf 87' lang='lat' dir='ltr'>pace</span> <span class='ocrx_word' id='word_1_293' title='bbox 3023 1593 3297 1651; x_wconf 87' lang='lat' dir='ltr'>decessit.</span> 
     </span>
    </p>
   </div>
   <div class='ocr_carea' id='block_1_49' title="bbox 2658 1716 3183 1775">
    <p class='ocr_par' dir='ltr' id='par_1_49' title="bbox 2658 1716 3183 1775">
     <span class='ocr_line' id='line_1_49' title="bbox 2658 1716 3183 1775; baseline 0.01 -5"><span class='ocrx_word' id='word_1_294' title='bbox 2658 1716 2895 1772; x_wconf 85' lang='lat' dir='ltr'><strong>EODEM</strong></span> <span class='ocrx_word' id='word_1_295' title='bbox 2936 1719 3076 1775; x_wconf 78' lang='grc' dir='ltr'>ΜΕΝ</span> <span class='ocrx_word' id='word_1_296' title='bbox 3084 1719 3183 1774; x_wconf 91' lang='lat' dir='ltr'>SE.</span> 
     </span>
    </p>
   </div>
   <div class='ocr_carea' id='block_1_50' title="bbox 2777 1806 3079 1863">
    <p class='ocr_par' dir='ltr' id='par_1_50' title="bbox 2777 1806 3079 1863">
     <span class='ocr_line' id='line_1_50' title="bbox 2777 1806 3079 1863; baseline 0.013 -4"><span class='ocrx_word' id='word_1_297' title='bbox 2777 1806 2881 1861; x_wconf 89' lang='lat' dir='ltr'>Die</span> <span class='ocrx_word' id='word_1_298' title='bbox 2920 1823 3079 1863; x_wconf 90' lang='lat' dir='ltr'>nona</span> 
     </span>
    </p>
   </div>
   <div class='ocr_carea' id='block_1_51' title="bbox 2151 1911 3694 1985">
    <p class='ocr_par' dir='ltr' id='par_1_51' title="bbox 2151 1911 3694 1985">
     <span class='ocr_line' id='line_1_51' title="bbox 2151 1911 3694 1985; baseline 0.007 -21"><span class='ocrx_word' id='word_1_299' title='bbox 2151 1911 2440 1966; x_wconf 80' lang='lat' dir='ltr'>Certamen</span> <span class='ocrx_word' id='word_1_300' title='bbox 2470 1915 2648 1967; x_wconf 81' lang='lat' dir='ltr'>sancti</span> <span class='ocrx_word' id='word_1_301' title='bbox 2678 1916 2942 1985; x_wconf 75' lang='lat' dir='ltr'>martyris</span> <span class='ocrx_word' id='word_1_302' title='bbox 2971 1914 3195 1970; x_wconf 74' lang='lat' dir='ltr'>Badimt&#39;</span> <span class='ocrx_word' id='word_1_303' title='bbox 3221 1916 3694 1976; x_wconf 59' lang='lat' dir='ltr'>archimandritas.</span> 
     </span>
    </p>
   </div>
   <div class='ocr_carea' id='block_1_52' title="bbox 2164 2098 3738 2175">
    <p class='ocr_par' dir='ltr' id='par_1_52' title="bbox 2164 2098 3738 2175">
     <span class='ocr_line' id='line_1_52' title="bbox 2164 2098 3738 2175; baseline 0.007 -24"><span class='ocrx_word' id='word_1_304' title='bbox 2164 2098 2413 2153; x_wconf 88' lang='lat' dir='ltr'>Sanctus</span> <span class='ocrx_word' id='word_1_305' title='bbox 2431 2099 2708 2154; x_wconf 88' lang='lat' dir='ltr'>Badimus</span> <span class='ocrx_word' id='word_1_306' title='bbox 2725 2100 2838 2155; x_wconf 89' lang='lat' dir='ltr'>fuit</span> <span class='ocrx_word' id='word_1_307' title='bbox 2863 2118 2932 2156; x_wconf 88' lang='lat' dir='ltr'>ex</span> <span class='ocrx_word' id='word_1_308' title='bbox 2957 2102 3195 2175; x_wconf 83' lang='lat' dir='ltr'>regione</span> <span class='ocrx_word' id='word_1_309' title='bbox 3222 2106 3554 2173; x_wconf 82' lang='lat' dir='ltr'>Persarum,</span> <span class='ocrx_word' id='word_1_310' title='bbox 3589 2107 3738 2162; x_wconf 87' lang='lat' dir='ltr'>divi-</span> 
     </span>
    </p>
   </div>
   <div class='ocr_carea' id='block_1_53' title="bbox 2092 2189 3736 2269">
    <p class='ocr_par' dir='ltr' id='par_1_53' title="bbox 2092 2189 3736 2269">
     <span class='ocr_line' id='line_1_53' title="bbox 2092 2189 3736 2269; baseline 0.008 -30"><span class='ocrx_word' id='word_1_311' title='bbox 2092 2190 2215 2240; x_wconf 90' lang='lat' dir='ltr'>tum</span> <span class='ocrx_word' id='word_1_312' title='bbox 2246 2193 2565 2259; x_wconf 89' lang='lat' dir='ltr'>parentum</span> <span class='ocrx_word' id='word_1_313' title='bbox 2597 2189 2775 2256; x_wconf 77' lang='lat' dir='ltr'>illius,</span> <span class='ocrx_word' id='word_1_314' title='bbox 2800 2190 3017 2260; x_wconf 88' lang='lat' dir='ltr'>quibus</span> <span class='ocrx_word' id='word_1_315' title='bbox 3040 2192 3156 2248; x_wconf 88' lang='lat' dir='ltr'>vita</span> <span class='ocrx_word' id='word_1_316' title='bbox 3176 2194 3415 2260; x_wconf 85' lang='lat' dir='ltr'>functis,</span> <span class='ocrx_word' id='word_1_317' title='bbox 3450 2212 3584 2251; x_wconf 87' lang='lat' dir='ltr'>cum</span> <span class='ocrx_word' id='word_1_318' title='bbox 3608 2198 3736 2269; x_wconf 87' lang='lat' dir='ltr'>jam</span> 
     </span>
    </p>
   </div>
   <div class='ocr_carea' id='block_1_54' title="bbox 2091 2275 3735 2354">
    <p class='ocr_par' dir='ltr' id='par_1_54' title="bbox 2091 2275 3735 2354">
     <span class='ocr_line' id='line_1_54' title="bbox 2091 2275 3735 2354; baseline 0.007 -25"><span class='ocrx_word' id='word_1_319' title='bbox 2091 2275 2323 2331; x_wconf 87' lang='lat' dir='ltr'>divitias</span> <span class='ocrx_word' id='word_1_320' title='bbox 2352 2294 2559 2332; x_wconf 90' lang='lat' dir='ltr'>omnes</span> <span class='ocrx_word' id='word_1_321' title='bbox 2580 2278 2642 2332; x_wconf 89' lang='lat' dir='ltr'>in</span> <span class='ocrx_word' id='word_1_322' title='bbox 2673 2295 2966 2349; x_wconf 88' lang='lat' dir='ltr'>pauperes</span> <span class='ocrx_word' id='word_1_323' title='bbox 2994 2288 3309 2354; x_wconf 85' lang='lat' dir='ltr'>erogasset,</span> <span class='ocrx_word' id='word_1_324' title='bbox 3342 2284 3403 2339; x_wconf 91' lang='lat' dir='ltr'>in</span> <span class='ocrx_word' id='word_1_325' title='bbox 3437 2291 3735 2340; x_wconf 88' lang='lat' dir='ltr'>monaste-</span> 
     </span>
    </p>
   </div>
   <div class='ocr_carea' id='block_1_55' title="bbox 2088 2365 3742 2440">
    <p class='ocr_par' dir='ltr' id='par_1_55' title="bbox 2088 2365 3742 2440">
     <span class='ocr_line' id='line_1_55' title="bbox 2088 2365 3742 2440; baseline 0.005 -19"><span class='ocrx_word' id='word_1_326' title='bbox 2088 2365 2245 2421; x_wconf 90' lang='lat' dir='ltr'>rium</span> <span class='ocrx_word' id='word_1_327' title='bbox 2275 2366 2440 2432; x_wconf 89' lang='lat' dir='ltr'>abiit,</span> <span class='ocrx_word' id='word_1_328' title='bbox 2473 2366 2671 2437; x_wconf 87' lang='lat' dir='ltr'>ibique</span> <span class='ocrx_word' id='word_1_329' title='bbox 2705 2369 3031 2424; x_wconf 88' lang='lat' dir='ltr'>monachus</span> <span class='ocrx_word' id='word_1_330' title='bbox 3061 2370 3249 2426; x_wconf 87' lang='lat' dir='ltr'>factus</span> <span class='ocrx_word' id='word_1_331' title='bbox 3281 2378 3390 2440; x_wconf 89' lang='lat' dir='ltr'>est,</span> <span class='ocrx_word' id='word_1_332' title='bbox 3431 2373 3646 2429; x_wconf 90' lang='lat' dir='ltr'>deinde</span> <span class='ocrx_word' id='word_1_333' title='bbox 3679 2380 3742 2429; x_wconf 89' lang='lat' dir='ltr'>et</span> 
     </span>
    </p>
   </div>
   <div class='ocr_carea' id='block_1_56' title="bbox 2089 2456 3737 2534">
    <p class='ocr_par' dir='ltr' id='par_1_56' title="bbox 2089 2456 3737 2534">
     <span class='ocr_line' id='line_1_56' title="bbox 2089 2456 3737 2534; baseline 0.004 -21"><span class='ocrx_word' id='word_1_334' title='bbox 2089 2456 2575 2513; x_wconf 87' lang='lat' dir='ltr'>archimandrita.</span> <span class='ocrx_word' id='word_1_335' title='bbox 2622 2459 2959 2516; x_wconf 72' lang='lat' dir='ltr'>Praedicans</span> <span class='ocrx_word' id='word_1_336' title='bbox 3016 2466 3210 2517; x_wconf 90' lang='lat' dir='ltr'>autem</span> <span class='ocrx_word' id='word_1_337' title='bbox 3264 2462 3477 2519; x_wconf 84' lang='lat' dir='ltr'>Christi</span> <span class='ocrx_word' id='word_1_338' title='bbox 3537 2464 3737 2534; x_wconf 82' lang='lat' dir='ltr'>fidem,</span> 
     </span>
    </p>
   </div>
   <div class='ocr_carea' id='block_1_57' title="bbox 2089 2546 3741 2623">
    <p class='ocr_par' dir='ltr' id='par_1_57' title="bbox 2089 2546 3741 2623">
     <span class='ocr_line' id='line_1_57' title="bbox 2089 2546 3741 2623; baseline 0.004 -22"><span class='ocrx_word' id='word_1_339' title='bbox 2089 2546 2309 2601; x_wconf 86' lang='lat' dir='ltr'>multos</span> <span class='ocrx_word' id='word_1_340' title='bbox 2340 2546 2413 2602; x_wconf 91' lang='lat' dir='ltr'>ad</span> <span class='ocrx_word' id='word_1_341' title='bbox 2444 2563 2573 2602; x_wconf 90' lang='lat' dir='ltr'>eam</span> <span class='ocrx_word' id='word_1_342' title='bbox 2599 2547 2863 2617; x_wconf 80' lang='lat' dir='ltr'>adduxit,</span> <span class='ocrx_word' id='word_1_343' title='bbox 2911 2554 2970 2604; x_wconf 90' lang='lat' dir='ltr'>et</span> <span class='ocrx_word' id='word_1_344' title='bbox 3014 2549 3343 2623; x_wconf 83' lang='lat' dir='ltr'>baptizavit.</span> <span class='ocrx_word' id='word_1_345' title='bbox 3390 2553 3557 2617; x_wconf 87' lang='lat' dir='ltr'>Quod</span> <span class='ocrx_word' id='word_1_346' title='bbox 3605 2569 3741 2608; x_wconf 90' lang='lat' dir='ltr'>cum</span> 
     </span>
    </p>
   </div>
   <div class='ocr_carea' id='block_1_58' title="bbox 2092 2636 3743 2708">
    <p class='ocr_par' dir='ltr' id='par_1_58' title="bbox 2092 2636 3743 2708">
     <span class='ocr_line' id='line_1_58' title="bbox 2092 2636 3743 2708; baseline 0.004 -18"><span class='ocrx_word' id='word_1_347' title='bbox 2092 2636 2341 2708; x_wconf 89' lang='lat' dir='ltr'>Sapores</span> <span class='ocrx_word' id='word_1_348' title='bbox 2373 2638 2687 2691; x_wconf 88' lang='lat' dir='ltr'>Persarum</span> <span class='ocrx_word' id='word_1_349' title='bbox 2714 2653 2816 2692; x_wconf 87' lang='lat' dir='ltr'>rex</span> <span class='ocrx_word' id='word_1_350' title='bbox 2847 2638 3264 2708; x_wconf 84' lang='lat' dir='ltr'>intellexisset,</span> <span class='ocrx_word' id='word_1_351' title='bbox 3298 2657 3433 2696; x_wconf 90' lang='lat' dir='ltr'>eum</span> <span class='ocrx_word' id='word_1_352' title='bbox 3458 2657 3579 2697; x_wconf 92' lang='lat' dir='ltr'>una</span> <span class='ocrx_word' id='word_1_353' title='bbox 3608 2658 3743 2696; x_wconf 91' lang='lat' dir='ltr'>cum</span> 
     </span>
    </p>
   </div>
   <div class='ocr_carea' id='block_1_59' title="bbox 2094 2725 3745 2801">
    <p class='ocr_par' dir='ltr' id='par_1_59' title="bbox 2094 2725 3745 2801">
     <span class='ocr_line' id='line_1_59' title="bbox 2094 2725 3745 2801; baseline 0.004 -22"><span class='ocrx_word' id='word_1_354' title='bbox 2094 2730 2320 2796; x_wconf 88' lang='lat' dir='ltr'>septem</span> <span class='ocrx_word' id='word_1_355' title='bbox 2348 2725 2534 2796; x_wconf 90' lang='lat' dir='ltr'>ipsius</span> <span class='ocrx_word' id='word_1_356' title='bbox 2559 2726 2867 2797; x_wconf 90' lang='lat' dir='ltr'>discipulis</span> <span class='ocrx_word' id='word_1_357' title='bbox 2899 2728 3325 2800; x_wconf 90' lang='lat' dir='ltr'>comprehendi</span> <span class='ocrx_word' id='word_1_358' title='bbox 3349 2730 3551 2801; x_wconf 88' lang='lat' dir='ltr'>jussit,</span> <span class='ocrx_word' id='word_1_359' title='bbox 3600 2735 3660 2786; x_wconf 89' lang='lat' dir='ltr'>et</span> <span class='ocrx_word' id='word_1_360' title='bbox 3684 2732 3745 2785; x_wconf 91' lang='lat' dir='ltr'>in</span> 
     </span>
    </p>
   </div>
   <div class='ocr_carea' id='block_1_60' title="bbox 2092 2814 3746 2889">
    <p class='ocr_par' dir='ltr' id='par_1_60' title="bbox 2092 2814 3746 2889">
     <span class='ocr_line' id='line_1_60' title="bbox 2092 2814 3746 2889; baseline 0.004 -22"><span class='ocrx_word' id='word_1_361' title='bbox 2092 2829 2393 2868; x_wconf 90' lang='lat' dir='ltr'>carcerem</span> <span class='ocrx_word' id='word_1_362' title='bbox 2421 2814 2676 2869; x_wconf 90' lang='lat' dir='ltr'>detrudi.</span> <span class='ocrx_word' id='word_1_363' title='bbox 2705 2820 2783 2870; x_wconf 83' lang='lat' dir='ltr'>Ac</span> <span class='ocrx_word' id='word_1_364' title='bbox 2807 2814 3020 2870; x_wconf 90' lang='lat' dir='ltr'>deinde</span> <span class='ocrx_word' id='word_1_365' title='bbox 3042 2822 3177 2887; x_wconf 89' lang='lat' dir='ltr'>post</span> <span class='ocrx_word' id='word_1_366' title='bbox 3199 2824 3454 2889; x_wconf 87' lang='lat' dir='ltr'>quatuor</span> <span class='ocrx_word' id='word_1_367' title='bbox 3474 2818 3602 2873; x_wconf 92' lang='lat' dir='ltr'>dies</span> <span class='ocrx_word' id='word_1_368' title='bbox 3626 2822 3746 2874; x_wconf 91' lang='lat' dir='ltr'>tor-</span> 
     </span>
    </p>
   </div>
   <div class='ocr_carea' id='block_1_61' title="bbox 2093 2902 3747 2976">
    <p class='ocr_par' dir='ltr' id='par_1_61' title="bbox 2093 2902 3747 2976">
     <span class='ocr_line' id='line_1_61' title="bbox 2093 2902 3747 2976; baseline 0.003 -19"><span class='ocrx_word' id='word_1_369' title='bbox 2093 2902 2321 2957; x_wconf 87' lang='lat' dir='ltr'>toribus</span> <span class='ocrx_word' id='word_1_370' title='bbox 2344 2902 2662 2971; x_wconf 73' lang='lat' dir='ltr'>mandavit,</span> <span class='ocrx_word' id='word_1_371' title='bbox 2689 2908 2754 2957; x_wconf 89' lang='lat' dir='ltr'>ut</span> <span class='ocrx_word' id='word_1_372' title='bbox 2792 2904 2953 2975; x_wconf 90' lang='lat' dir='ltr'>ipsos</span> <span class='ocrx_word' id='word_1_373' title='bbox 2984 2922 3013 2960; x_wconf 91' lang='lat' dir='ltr'>e</span> <span class='ocrx_word' id='word_1_374' title='bbox 3045 2922 3280 2961; x_wconf 89' lang='lat' dir='ltr'>carcere</span> <span class='ocrx_word' id='word_1_375' title='bbox 3313 2907 3654 2976; x_wconf 87' lang='lat' dir='ltr'>educerent,</span> <span class='ocrx_word' id='word_1_376' title='bbox 3687 2913 3747 2961; x_wconf 90' lang='lat' dir='ltr'>et</span> 
     </span>
    </p>
   </div>
   <div class='ocr_carea' id='block_1_62' title="bbox 2093 2993 3745 3065">
    <p class='ocr_par' dir='ltr' id='par_1_62' title="bbox 2093 2993 3745 3065">
     <span class='ocr_line' id='line_1_62' title="bbox 2093 2993 3745 3065; baseline 0.002 -17"><span class='ocrx_word' id='word_1_377' title='bbox 2093 2998 2271 3065; x_wconf 88' lang='lat' dir='ltr'>caput</span> <span class='ocrx_word' id='word_1_378' title='bbox 2302 2993 2386 3047; x_wconf 90' lang='lat' dir='ltr'>eis</span> <span class='ocrx_word' id='word_1_379' title='bbox 2418 2998 2816 3064; x_wconf 84' lang='lat' dir='ltr'>amputarent.</span> <span class='ocrx_word' id='word_1_380' title='bbox 2852 2994 3069 3050; x_wconf 85' lang='lat' dir='ltr'>Videns</span> <span class='ocrx_word' id='word_1_381' title='bbox 3127 3002 3324 3051; x_wconf 88' lang='lat' dir='ltr'>autem</span> <span class='ocrx_word' id='word_1_382' title='bbox 3370 3002 3612 3053; x_wconf 89' lang='lat' dir='ltr'>sanctus</span> <span class='ocrx_word' id='word_1_383' title='bbox 3657 2998 3745 3051; x_wconf 91' lang='lat' dir='ltr'>vir</span> 
     </span>
    </p>
   </div>
   <div class='ocr_carea' id='block_1_63' title="bbox 2093 3081 3745 3155">
    <p class='ocr_par' dir='ltr' id='par_1_63' title="bbox 2093 3081 3745 3155">
     <span class='ocr_line' id='line_1_63' title="bbox 2093 3081 3745 3155; baseline 0.002 -18"><span class='ocrx_word' id='word_1_384' title='bbox 2093 3098 2278 3137; x_wconf 89' lang='lat' dir='ltr'>unum</span> <span class='ocrx_word' id='word_1_385' title='bbox 2312 3099 2382 3136; x_wconf 83' lang='lat' dir='ltr'>ex</span> <span class='ocrx_word' id='word_1_386' title='bbox 2412 3081 2753 3148; x_wconf 88' lang='lat' dir='ltr'>tortoribus,</span> <span class='ocrx_word' id='word_1_387' title='bbox 2808 3084 3048 3137; x_wconf 85' lang='lat' dir='ltr'>Nersam</span> <span class='ocrx_word' id='word_1_388' title='bbox 3102 3085 3365 3151; x_wconf 89' lang='lat' dir='ltr'>nomine,</span> <span class='ocrx_word' id='word_1_389' title='bbox 3417 3085 3517 3155; x_wconf 89' lang='lat' dir='ltr'>qui</span> <span class='ocrx_word' id='word_1_390' title='bbox 3566 3090 3745 3140; x_wconf 87' lang='lat' dir='ltr'>antea</span> 
     </span>
    </p>
   </div>
   <div class='ocr_carea' id='block_1_64' title="bbox 322 3156 1992 3249">
    <p class='ocr_par' dir='ltr' id='par_1_64' title="bbox 322 3156 1982 3249">
     <span class='ocr_line' id='line_1_64' title="bbox 322 3156 1982 3249; baseline -0.003 -22"><span class='ocrx_word' id='word_1_391' title='bbox 322 3174 416 3227; x_wconf 82' lang='grc' dir='ltr'>τὸν</span> <span class='ocrx_word' id='word_1_392' title='bbox 450 3171 687 3246; x_wconf 85' lang='grc' dir='ltr'>Χριστὸν</span> <span class='ocrx_word' id='word_1_393' title='bbox 740 3169 831 3226; x_wconf 69' lang='grc' dir='ltr'>διὰ</span> <span class='ocrx_word' id='word_1_394' title='bbox 874 3172 965 3226; x_wconf 86' lang='grc' dir='ltr'>τὸν</span> <span class='ocrx_word' id='word_1_395' title='bbox 1015 3156 1208 3249; x_wconf 74' lang='grc' dir='ltr'>φόϐον,</span> <span class='ocrx_word' id='word_1_396' title='bbox 1252 3174 1556 3246; x_wconf 73' lang='grc' dir='ltr'>γυμνοῦντα</span> <span class='ocrx_word' id='word_1_397' title='bbox 1582 3171 1644 3225; x_wconf 87' lang='grc' dir='ltr'>τὸ</span> <span class='ocrx_word' id='word_1_398' title='bbox 1676 3168 1847 3247; x_wconf 78' lang='grc' dir='ltr'>ξίφος,</span> <span class='ocrx_word' id='word_1_399' title='bbox 1886 3171 1982 3223; x_wconf 76' lang='grc' dir='ltr'>τοῦ</span> 
     </span>
    </p>
   </div>
   <div class='ocr_carea' id='block_1_65' title="bbox 2106 3156 3743 3249">
    <p class='ocr_par' dir='ltr' id='par_1_65' title="bbox 2106 3170 3743 3236">
     <span class='ocr_line' id='line_1_65' title="bbox 2106 3170 3743 3236; baseline 0.002 -13"><span class='ocrx_word' id='word_1_400' title='bbox 2106 3170 2461 3225; x_wconf 80' lang='lat' dir='ltr'>Christianus</span> <span class='ocrx_word' id='word_1_401' title='bbox 2519 3170 2730 3236; x_wconf 84' lang='lat' dir='ltr'>fuerat,</span> <span class='ocrx_word' id='word_1_402' title='bbox 2790 3170 3007 3225; x_wconf 90' lang='lat' dir='ltr'>deinde</span> <span class='ocrx_word' id='word_1_403' title='bbox 3059 3177 3222 3227; x_wconf 90' lang='lat' dir='ltr'>metu</span> <span class='ocrx_word' id='word_1_404' title='bbox 3308 3178 3743 3229; x_wconf 85' lang='lat' dir='ltr'>tormentorum</span> 
     </span>
    </p>
   </div>
   <div class='ocr_carea' id='block_1_66' title="bbox 328 3255 1988 3337">
    <p class='ocr_par' dir='ltr' id='par_1_66' title="bbox 328 3255 1988 3337">
     <span class='ocr_line' id='line_1_66' title="bbox 328 3255 1988 3337; baseline -0.004 -23"><span class='ocrx_word' id='word_1_405' title='bbox 328 3258 735 3337; x_wconf 73' lang='grc' dir='ltr'>ἂποκεφαλίσαι</span> <span class='ocrx_word' id='word_1_406' title='bbox 816 3257 1031 3327; x_wconf 77' lang='grc' dir='ltr'>αὐτοὺς,</span> <span class='ocrx_word' id='word_1_407' title='bbox 1116 3256 1245 3312; x_wconf 74' lang='grc' dir='ltr'>ῗδὼν</span> <span class='ocrx_word' id='word_1_408' title='bbox 1301 3258 1328 3312; x_wconf 87' lang='grc' dir='ltr'>ὁ</span> <span class='ocrx_word' id='word_1_409' title='bbox 1387 3258 1536 3333; x_wconf 79' lang='grc' dir='ltr'>ἅγιος</span> <span class='ocrx_word' id='word_1_410' title='bbox 1592 3255 1682 3310; x_wconf 86' lang='grc' dir='ltr'>καὶ</span> <span class='ocrx_word' id='word_1_411' title='bbox 1739 3255 1988 3325; x_wconf 80' lang='grc' dir='ltr'>στενάξας</span> 
     </span>
    </p>
   </div>
   <div class='ocr_carea' id='block_1_67' title="bbox 326 3342 1990 3420">
    <p class='ocr_par' dir='ltr' id='par_1_67' title="bbox 326 3342 1990 3420">
     <span class='ocr_line' id='line_1_67' title="bbox 326 3342 1990 3420; baseline -0.004 -17"><span class='ocrx_word' id='word_1_412' title='bbox 326 3348 634 3404; x_wconf 77' lang='grc' dir='ltr'>ἐταλάνισε⁶</span> <span class='ocrx_word' id='word_1_413' title='bbox 723 3349 813 3403; x_wconf 86' lang='grc' dir='ltr'>καὶ</span> <span class='ocrx_word' id='word_1_414' title='bbox 895 3348 1201 3420; x_wconf 71' lang='grc' dir='ltr'>ὑπέμνησεν</span> <span class='ocrx_word' id='word_1_415' title='bbox 1283 3346 1441 3401; x_wconf 71' lang='grc' dir='ltr'>αὐτὸν</span> <span class='ocrx_word' id='word_1_416' title='bbox 1518 3352 1618 3415; x_wconf 85' lang='grc' dir='ltr'>τῆς</span> <span class='ocrx_word' id='word_1_417' title='bbox 1676 3342 1990 3417; x_wconf 68' lang='grc' dir='ltr'>μελλούσης</span> 
     </span>
    </p>
   </div>
   <div class='ocr_carea' id='block_1_68' title="bbox 327 3433 1990 3514">
    <p class='ocr_par' dir='ltr' id='par_1_68' title="bbox 327 3433 1990 3514">
     <span class='ocr_line' id='line_1_68' title="bbox 327 3433 1990 3514; baseline -0.005 -20"><span class='ocrx_word' id='word_1_418' title='bbox 327 3440 544 3514; x_wconf 68' lang='grc' dir='ltr'>ἡμέρας</span> <span class='ocrx_word' id='word_1_419' title='bbox 596 3440 697 3507; x_wconf 80' lang='grc' dir='ltr'>τήν</span> <span class='ocrx_word' id='word_1_420' title='bbox 751 3435 1133 3493; x_wconf 79' lang='grc' dir='ltr'>ἀνταπόδοσιν.</span> <span class='ocrx_word' id='word_1_421' title='bbox 1191 3437 1254 3493; x_wconf 79' lang='grc' dir='ltr'>Ὀ</span> <span class='ocrx_word' id='word_1_422' title='bbox 1312 3435 1369 3490; x_wconf 78' lang='grc' dir='ltr'>δὲ</span> <span class='ocrx_word' id='word_1_423' title='bbox 1419 3438 1635 3509; x_wconf 86' lang='grc' dir='ltr'>Νηρσᾶς</span> <span class='ocrx_word' id='word_1_424' title='bbox 1694 3433 1990 3507; x_wconf 74' lang='grc' dir='ltr'>ἀρξάμενος</span> 
     </span>
    </p>
   </div>
   <div class='ocr_carea' id='block_1_69' title="bbox 229 3521 1987 3605">
    <p class='ocr_par' dir='ltr' id='par_1_69' title="bbox 229 3521 1987 3605">
     <span class='ocr_line' id='line_1_69' title="bbox 229 3521 1987 3605; baseline -0.005 -21"><span class='ocrx_word' id='word_1_425' title='bbox 229 3521 233 3525; x_wconf 40' lang='grc'><strong>’</strong></span> <span class='ocrx_word' id='word_1_426' title='bbox 328 3528 548 3603; x_wconf 73' lang='grc' dir='ltr'>τρέμειν</span> <span class='ocrx_word' id='word_1_427' title='bbox 613 3528 720 3583; x_wconf 83' lang='grc' dir='ltr'>ἀπὸ</span> <span class='ocrx_word' id='word_1_428' title='bbox 773 3531 869 3583; x_wconf 81' lang='grc' dir='ltr'>τοῦ</span> <span class='ocrx_word' id='word_1_429' title='bbox 918 3522 1114 3605; x_wconf 76' lang='grc' dir='ltr'>φόϐου,</span> <span class='ocrx_word' id='word_1_430' title='bbox 1176 3524 1378 3581; x_wconf 68' lang='grc' dir='ltr'>δέδωκε</span> <span class='ocrx_word' id='word_1_431' title='bbox 1431 3529 1511 3597; x_wconf 80' lang='grc' dir='ltr'>τῷ</span> <span class='ocrx_word' id='word_1_432' title='bbox 1574 3525 1713 3599; x_wconf 68' lang='grc' dir='ltr'>ἁγίῳ</span> <span class='ocrx_word' id='word_1_433' title='bbox 1768 3521 1987 3596; x_wconf 77' lang='grc' dir='ltr'>πληγὰς</span> 
     </span>
    </p>
   </div>
   <div class='ocr_carea' id='block_1_70' title="bbox 327 3608 1989 3693">
    <p class='ocr_par' dir='ltr' id='par_1_70' title="bbox 327 3608 1989 3693">
     <span class='ocr_line' id='line_1_70' title="bbox 327 3608 1989 3693; baseline -0.005 -20"><span class='ocrx_word' id='word_1_434' title='bbox 327 3617 613 3693; x_wconf 67' lang='grc' dir='ltr'>τέσσαρας⁵</span> <span class='ocrx_word' id='word_1_435' title='bbox 691 3617 782 3672; x_wconf 81' lang='grc' dir='ltr'>καὶ</span> <span class='ocrx_word' id='word_1_436' title='bbox 861 3616 1005 3672; x_wconf 78' lang='grc' dir='ltr'>οὕτω</span> <span class='ocrx_word' id='word_1_437' title='bbox 1086 3616 1179 3691; x_wconf 79' lang='grc' dir='ltr'>βίᾳ</span> <span class='ocrx_word' id='word_1_438' title='bbox 1251 3613 1441 3688; x_wconf 80' lang='grc' dir='ltr'>πολλῃ</span> <span class='ocrx_word' id='word_1_439' title='bbox 1546 3609 1830 3688; x_wconf 75' lang='grc' dir='ltr'>παρέδωκε</span> <span class='ocrx_word' id='word_1_440' title='bbox 1925 3608 1989 3665; x_wconf 81' lang='grc' dir='ltr'>τό</span> 
     </span>
    </p>
   </div>
   <div class='ocr_carea' id='block_1_71' title="bbox 327 3709 568 3780">
    <p class='ocr_par' dir='ltr' id='par_1_71' title="bbox 327 3709 568 3780">
     <span class='ocr_line' id='line_1_71' title="bbox 327 3709 568 3780; baseline 0.012 -19"><span class='ocrx_word' id='word_1_441' title='bbox 327 3709 568 3780; x_wconf 74' lang='grc' dir='ltr'>πνεῦμα.</span> 
     </span>
    </p>
   </div>
   <div class='ocr_carea' id='block_1_72' title="bbox 407 3911 1917 3994">
    <p class='ocr_par' dir='ltr' id='par_1_72' title="bbox 407 3911 1917 3994">
     <span class='ocr_line' id='line_1_72' title="bbox 407 3911 1917 3994; baseline -0.007 -16"><span class='ocrx_word' id='word_1_442' title='bbox 407 3921 511 3978; x_wconf 82' lang='grc' dir='ltr'>Καὶ</span> <span class='ocrx_word' id='word_1_443' title='bbox 535 3919 771 3992; x_wconf 76' lang='grc' dir='ltr'>ἄθλησις</span> <span class='ocrx_word' id='word_1_444' title='bbox 799 3924 905 3974; x_wconf 80' lang='grc' dir='ltr'>τῶν</span> <span class='ocrx_word' id='word_1_445' title='bbox 939 3918 1104 3994; x_wconf 67' lang='grc' dir='ltr'>ἁγίων</span> <span class='ocrx_word' id='word_1_446' title='bbox 1151 3915 1438 3994; x_wconf 77' lang='grc' dir='ltr'>μαρτύρων</span> <span class='ocrx_word' id='word_1_447' title='bbox 1468 3919 1574 3971; x_wconf 81' lang='grc' dir='ltr'>τῶν</span> <span class='ocrx_word' id='word_1_448' title='bbox 1610 3914 1662 3970; x_wconf 79' lang='grc' dir='ltr'>ἐν</span> <span class='ocrx_word' id='word_1_449' title='bbox 1697 3911 1917 3990; x_wconf 76' lang='grc' dir='ltr'>Περσίδι</span> 
     </span>
    </p>
   </div>
   <div class='ocr_carea' id='block_1_73' title="bbox 950 3989 1373 4053">
    <p class='ocr_par' dir='ltr' id='par_1_73' title="bbox 950 3989 1373 4053">
     <span class='ocr_line' id='line_1_73' title="bbox 950 3989 1373 4053; baseline -0.005 -8"><span class='ocrx_word' id='word_1_450' title='bbox 950 3989 1373 4053; x_wconf 69' lang='grc' dir='ltr'>τελειωθέντων.</span> 
     </span>
    </p>
   </div>
   <div class='ocr_carea' id='block_1_74' title="bbox 410 4112 1991 4194">
    <p class='ocr_par' dir='ltr' id='par_1_74' title="bbox 410 4112 1991 4194">
     <span class='ocr_line' id='line_1_74' title="bbox 410 4112 1991 4194; baseline -0.007 -17"><span class='ocrx_word' id='word_1_451' title='bbox 410 4116 700 4194; x_wconf 76' lang='grc' dir='ltr'>Σαϐώριος</span> <span class='ocrx_word' id='word_1_452' title='bbox 755 4119 784 4173; x_wconf 89' lang='lat'>6</span> <span class='ocrx_word' id='word_1_453' title='bbox 838 4123 946 4173; x_wconf 83' lang='grc' dir='ltr'>τῶν</span> <span class='ocrx_word' id='word_1_454' title='bbox 1000 4121 1221 4192; x_wconf 82' lang='grc' dir='ltr'>Περσῶν</span> <span class='ocrx_word' id='word_1_455' title='bbox 1285 4113 1562 4192; x_wconf 83' lang='grc' dir='ltr'>βασιλεὺς,</span> <span class='ocrx_word' id='word_1_456' title='bbox 1605 4112 1991 4186; x_wconf 74' lang='grc' dir='ltr'>ἐκστρατεύσας</span> 
     </span>
    </p>
   </div>
   <div class='ocr_carea' id='block_1_75' title="bbox 334 4203 1991 4279">
    <p class='ocr_par' dir='ltr' id='par_1_75' title="bbox 334 4203 1991 4279">
     <span class='ocr_line' id='line_1_75' title="bbox 334 4203 1991 4279; baseline -0.006 -13"><span class='ocrx_word' id='word_1_457' title='bbox 334 4211 470 4265; x_wconf 78' lang='grc' dir='ltr'>κατὰ</span> <span class='ocrx_word' id='word_1_458' title='bbox 522 4216 625 4279; x_wconf 81' lang='grc' dir='ltr'>τῆς</span> <span class='ocrx_word' id='word_1_459' title='bbox 680 4213 789 4264; x_wconf 82' lang='grc' dir='ltr'>τῶν</span> <span class='ocrx_word' id='word_1_460' title='bbox 842 4205 1125 4279; x_wconf 79' lang='grc' dir='ltr'>Ῥωμαίων</span> <span class='ocrx_word' id='word_1_461' title='bbox 1180 4210 1309 4278; x_wconf 85' lang='grc' dir='ltr'>γῆς,</span> <span class='ocrx_word' id='word_1_462' title='bbox 1366 4203 1589 4259; x_wconf 72' lang='grc' dir='ltr'>κατὰτὸ</span> <span class='ocrx_word' id='word_1_463' title='bbox 1628 4203 1991 4272; x_wconf 86' lang='grc' dir='ltr'>πεντηκοστὸν</span> 
     </span>
    </p>
   </div>
   <div class='ocr_carea' id='block_1_76' title="bbox 332 4289 1990 4371">
    <p class='ocr_par' dir='ltr' id='par_1_76' title="bbox 332 4289 1990 4371">
     <span class='ocr_line' id='line_1_76' title="bbox 332 4289 1990 4371; baseline -0.005 -18"><span class='ocrx_word' id='word_1_464' title='bbox 332 4300 517 4371; x_wconf 65' lang='grc' dir='ltr'>τρίτοι</span> <span class='ocrx_word' id='word_1_465' title='bbox 548 4296 669 4359; x_wconf 80' lang='grc' dir='ltr'>ἔτος</span> <span class='ocrx_word' id='word_1_466' title='bbox 710 4304 811 4367; x_wconf 80' lang='grc' dir='ltr'>τῆς</span> <span class='ocrx_word' id='word_1_467' title='bbox 857 4296 1022 4351; x_wconf 75' lang='grc' dir='ltr'>αὐτοῦ</span> <span class='ocrx_word' id='word_1_468' title='bbox 1074 4292 1377 4369; x_wconf 84' lang='grc' dir='ltr'>βασιλείας,</span> <span class='ocrx_word' id='word_1_469' title='bbox 1428 4301 1516 4346; x_wconf 84' lang='grc' dir='ltr'>και</span> <span class='ocrx_word' id='word_1_470' title='bbox 1548 4292 1706 4363; x_wconf 86' lang='grc' dir='ltr'>νόμῳ</span> <span class='ocrx_word' id='word_1_471' title='bbox 1739 4289 1990 4363; x_wconf 74' lang='grc' dir='ltr'>πολέμου</span> 
     </span>
    </p>
   </div>
   <div class='ocr_carea' id='block_1_77' title="bbox 336 4380 1988 4456">
    <p class='ocr_par' dir='ltr' id='par_1_77' title="bbox 336 4380 1988 4456">
     <span class='ocr_line' id='line_1_77' title="bbox 336 4380 1988 4456; baseline -0.006 -12"><span class='ocrx_word' id='word_1_472' title='bbox 336 4390 771 4456; x_wconf 72' lang='grc' dir='ltr'>πολυάνθρωπον</span> <span class='ocrx_word' id='word_1_473' title='bbox 799 4386 961 4440; x_wconf 90' lang='grc' dir='ltr'>πόλιν</span> <span class='ocrx_word' id='word_1_474' title='bbox 1020 4384 1183 4451; x_wconf 72' lang='grc' dir='ltr'>ἐλὼν,</span> <span class='ocrx_word' id='word_1_475' title='bbox 1235 4381 1363 4445; x_wconf 80' lang='grc' dir='ltr'>τοὺς</span> <span class='ocrx_word' id='word_1_476' title='bbox 1414 4380 1462 4436; x_wconf 83' lang='grc' dir='ltr'>ἐν</span> <span class='ocrx_word' id='word_1_477' title='bbox 1514 4381 1651 4455; x_wconf 79' lang='grc' dir='ltr'>αὐτῇ</span> <span class='ocrx_word' id='word_1_478' title='bbox 1696 4380 1789 4453; x_wconf 77' lang='grc' dir='ltr'>μὶν</span> <span class='ocrx_word' id='word_1_479' title='bbox 1824 4400 1988 4453; x_wconf 83' lang='grc' dir='ltr'>στρα-</span> 
     </span>
    </p>
   </div>
   <div class='ocr_carea' id='block_1_78' title="bbox 333 4467 1986 4551">
    <p class='ocr_par' dir='ltr' id='par_1_78' title="bbox 333 4467 1986 4551">
     <span class='ocr_line' id='line_1_78' title="bbox 333 4467 1986 4551; baseline -0.006 -19"><span class='ocrx_word' id='word_1_480' title='bbox 333 4478 538 4541; x_wconf 87' lang='grc' dir='ltr'>τιώτας</span> <span class='ocrx_word' id='word_1_481' title='bbox 594 4475 792 4536; x_wconf 80' lang='grc' dir='ltr'>πάντας</span> <span class='ocrx_word' id='word_1_482' title='bbox 851 4474 1124 4551; x_wconf 77' lang='grc' dir='ltr'>ἐφόνευσε,</span> <span class='ocrx_word' id='word_1_483' title='bbox 1183 4472 1276 4527; x_wconf 89' lang='grc' dir='ltr'>τὸν</span> <span class='ocrx_word' id='word_1_484' title='bbox 1338 4468 1396 4525; x_wconf 77' lang='grc' dir='ltr'>δὲ</span> <span class='ocrx_word' id='word_1_485' title='bbox 1452 4469 1733 4542; x_wconf 80' lang='grc' dir='ltr'>ἀπόλεμον</span> <span class='ocrx_word' id='word_1_486' title='bbox 1788 4467 1986 4543; x_wconf 75' lang='grc' dir='ltr'>ὃχλον,</span> 
     </span>
    </p>
   </div>
   <div class='ocr_carea' id='block_1_79' title="bbox 339 4555 1993 4640">
    <p class='ocr_par' dir='ltr' id='par_1_79' title="bbox 339 4555 1993 4640">
     <span class='ocr_line' id='line_1_79' title="bbox 339 4555 1993 4640; baseline -0.007 -18"><span class='ocrx_word' id='word_1_487' title='bbox 339 4568 454 4622; x_wconf 84' lang='grc' dir='ltr'>οἷον</span> <span class='ocrx_word' id='word_1_488' title='bbox 512 4559 796 4640; x_wconf 72' lang='grc' dir='ltr'>γέροντας,</span> <span class='ocrx_word' id='word_1_489' title='bbox 869 4566 1144 4638; x_wconf 85' lang='grc' dir='ltr'>γυναῖκας,</span> <span class='ocrx_word' id='word_1_490' title='bbox 1202 4555 1410 4625; x_wconf 88' lang='grc' dir='ltr'>παιδία,</span> <span class='ocrx_word' id='word_1_491' title='bbox 1476 4558 1564 4612; x_wconf 83' lang='grc' dir='ltr'>καὶ</span> <span class='ocrx_word' id='word_1_492' title='bbox 1619 4558 1712 4613; x_wconf 89' lang='grc' dir='ltr'>τὸν</span> <span class='ocrx_word' id='word_1_493' title='bbox 1771 4555 1993 4611; x_wconf 81' lang='grc' dir='ltr'>ἐπίσκο-</span> 
     </span>
    </p>
   </div>
   <div class='ocr_carea' id='block_1_80' title="bbox 340 4642 1996 4726">
    <p class='ocr_par' dir='ltr' id='par_1_80' title="bbox 340 4642 1996 4726">
     <span class='ocr_line' id='line_1_80' title="bbox 340 4642 1996 4726; baseline -0.005 -17"><span class='ocrx_word' id='word_1_494' title='bbox 340 4675 442 4709; x_wconf 85' lang='grc' dir='ltr'>πον</span> <span class='ocrx_word' id='word_1_495' title='bbox 496 4649 862 4726; x_wconf 77' lang='grc' dir='ltr'>Ἠλιόδωρον,</span> <span class='ocrx_word' id='word_1_496' title='bbox 914 4650 1006 4705; x_wconf 85' lang='grc' dir='ltr'>καὶ</span> <span class='ocrx_word' id='word_1_497' title='bbox 1061 4648 1190 4712; x_wconf 79' lang='grc' dir='ltr'>τοὺς</span> <span class='ocrx_word' id='word_1_498' title='bbox 1246 4642 1664 4722; x_wconf 61' lang='grc' dir='ltr'>πρεσϐυτέρους,</span> <span class='ocrx_word' id='word_1_499' title='bbox 1724 4645 1814 4702; x_wconf 86' lang='grc' dir='ltr'>καὶ</span> <span class='ocrx_word' id='word_1_500' title='bbox 1871 4645 1996 4708; x_wconf 83' lang='grc' dir='ltr'>τοὺς</span> 
     </span>
    </p>
   </div>
   <div class='ocr_carea' id='block_1_81' title="bbox 342 4735 1997 4810">
    <p class='ocr_par' dir='ltr' id='par_1_81' title="bbox 342 4735 1997 4810">
     <span class='ocr_line' id='line_1_81' title="bbox 342 4735 1997 4810; baseline -0.004 -12"><span class='ocrx_word' id='word_1_501' title='bbox 342 4740 655 4810; x_wconf 83' lang='grc' dir='ltr'>διακόνους,</span> <span class='ocrx_word' id='word_1_502' title='bbox 713 4740 804 4795; x_wconf 84' lang='grc' dir='ltr'>καὶ</span> <span class='ocrx_word' id='word_1_503' title='bbox 862 4740 1063 4800; x_wconf 77' lang='grc' dir='ltr'>πάντας</span> <span class='ocrx_word' id='word_1_504' title='bbox 1119 4735 1247 4799; x_wconf 74' lang='grc' dir='ltr'>τοὺς</span> <span class='ocrx_word' id='word_1_505' title='bbox 1319 4736 1371 4791; x_wconf 85' lang='grc' dir='ltr'>ἐν</span> <span class='ocrx_word' id='word_1_506' title='bbox 1424 4740 1507 4808; x_wconf 80' lang='grc' dir='ltr'>τῷ</span> <span class='ocrx_word' id='word_1_507' title='bbox 1561 4735 1759 4810; x_wconf 78' lang='grc' dir='ltr'>κλήρῳ</span> <span class='ocrx_word' id='word_1_508' title='bbox 1816 4755 1997 4810; x_wconf 81' lang='grc' dir='ltr'>περιε-</span> 
     </span>
    </p>
   </div>
   <div class='ocr_carea' id='block_1_82' title="bbox 342 4823 1997 4900">
    <p class='ocr_par' dir='ltr' id='par_1_82' title="bbox 342 4823 1997 4900">
     <span class='ocr_line' id='line_1_82' title="bbox 342 4823 1997 4900; baseline -0.005 -13"><span class='ocrx_word' id='word_1_509' title='bbox 342 4834 645 4900; x_wconf 71' lang='grc' dir='ltr'>ποιήσατο.</span> <span class='ocrx_word' id='word_1_510' title='bbox 690 4827 925 4886; x_wconf 74' lang='grc' dir='ltr'>Μέλλων</span> <span class='ocrx_word' id='word_1_511' title='bbox 984 4828 1074 4882; x_wconf 82' lang='grc' dir='ltr'>οὖν</span> <span class='ocrx_word' id='word_1_512' title='bbox 1132 4824 1385 4897; x_wconf 79' lang='grc' dir='ltr'>τελευτᾷν</span> <span class='ocrx_word' id='word_1_513' title='bbox 1419 4826 1446 4880; x_wconf 89' lang='lat'>6</span> <span class='ocrx_word' id='word_1_514' title='bbox 1478 4824 1773 4887; x_wconf 73' lang='grc' dir='ltr'>ἐπίσκοπος</span> <span class='ocrx_word' id='word_1_515' title='bbox 1808 4823 1997 4880; x_wconf 79' lang='grc' dir='ltr'>Ἡλιό-</span> 
     </span>
    </p>
   </div>
   <div class='ocr_carea' id='block_1_83' title="bbox 345 4913 1997 4998">
    <p class='ocr_par' dir='ltr' id='par_1_83' title="bbox 345 4913 1997 4998">
     <span class='ocr_line' id='line_1_83' title="bbox 345 4913 1997 4998; baseline -0.007 -20"><span class='ocrx_word' id='word_1_516' title='bbox 345 4920 550 4998; x_wconf 82' lang='grc' dir='ltr'>δωρος,</span> <span class='ocrx_word' id='word_1_517' title='bbox 653 4918 1063 4995; x_wconf 86' lang='grc' dir='ltr'>ἐχειροτόνησεν</span> <span class='ocrx_word' id='word_1_518' title='bbox 1192 4916 1304 4970; x_wconf 79' lang='grc' dir='ltr'>ἀντ’</span> <span class='ocrx_word' id='word_1_519' title='bbox 1432 4913 1594 4969; x_wconf 72' lang='grc' dir='ltr'>αὐτοῦ</span> <span class='ocrx_word' id='word_1_520' title='bbox 1704 4913 1997 4970; x_wconf 86' lang='grc' dir='ltr'>ἐπίσκοπον</span> 
     </span>
    </p>
   </div>
   <div class='ocr_carea' id='block_1_84' title="bbox 344 4999 1998 5084">
    <p class='ocr_par' dir='ltr' id='par_1_84' title="bbox 344 4999 1998 5084">
     <span class='ocr_line' id='line_1_84' title="bbox 344 4999 1998 5084; baseline -0.006 -17"><span class='ocrx_word' id='word_1_521' title='bbox 344 5011 406 5067; x_wconf 76' lang='grc' dir='ltr'>ἐκ</span> <span class='ocrx_word' id='word_1_522' title='bbox 458 5015 572 5066; x_wconf 80' lang='grc' dir='ltr'>τῶν</span> <span class='ocrx_word' id='word_1_523' title='bbox 634 5004 1016 5084; x_wconf 70' lang='grc' dir='ltr'>πρεσϐυτέρων</span> <span class='ocrx_word' id='word_1_524' title='bbox 1069 5002 1183 5063; x_wconf 68' lang='grc' dir='ltr'>ἕνα.</span> <span class='ocrx_word' id='word_1_525' title='bbox 1259 5005 1365 5059; x_wconf 82' lang='grc' dir='ltr'>Καὶ</span> <span class='ocrx_word' id='word_1_526' title='bbox 1421 5010 1519 5073; x_wconf 82' lang='grc' dir='ltr'>τῆς</span> <span class='ocrx_word' id='word_1_527' title='bbox 1588 5002 1640 5073; x_wconf 82' lang='grc' dir='ltr'>ἐξ</span> <span class='ocrx_word' id='word_1_528' title='bbox 1694 4999 1847 5068; x_wconf 79' lang='grc' dir='ltr'>ἔθους</span> <span class='ocrx_word' id='word_1_529' title='bbox 1904 5000 1998 5057; x_wconf 76' lang='lat'>80-</span> 
     </span>
    </p>
   </div>
   <div class='ocr_carea' id='block_1_85' title="bbox 344 5092 1999 5177">
    <p class='ocr_par' dir='ltr' id='par_1_85' title="bbox 344 5092 1999 5177">
     <span class='ocr_line' id='line_1_85' title="bbox 344 5092 1999 5177; baseline -0.007 -21"><span class='ocrx_word' id='word_1_530' title='bbox 344 5102 600 5177; x_wconf 74' lang='grc' dir='ltr'>ξολογίας</span> <span class='ocrx_word' id='word_1_531' title='bbox 661 5097 712 5153; x_wconf 81' lang='grc' dir='ltr'>ἐν</span> <span class='ocrx_word' id='word_1_532' title='bbox 776 5100 848 5170; x_wconf 79' lang='grc' dir='ltr'>τῇ</span> <span class='ocrx_word' id='word_1_533' title='bbox 907 5094 1172 5166; x_wconf 77' lang='grc' dir='ltr'>ἐκκλησίᾳ</span> <span class='ocrx_word' id='word_1_534' title='bbox 1252 5092 1660 5167; x_wconf 72' lang='grc' dir='ltr'>ἀναφερομένης</span> <span class='ocrx_word' id='word_1_535' title='bbox 1724 5097 1805 5165; x_wconf 76' lang='grc' dir='ltr'>τῷ</span> <span class='ocrx_word' id='word_1_536' title='bbox 1862 5096 1999 5164; x_wconf 78' lang='grc' dir='ltr'>Θεῷ,</span> 
     </span>
    </p>
   </div>
   <div class='ocr_carea' id='block_1_86' title="bbox 344 5177 2002 5259">
    <p class='ocr_par' dir='ltr' id='par_1_86' title="bbox 344 5177 2002 5259">
     <span class='ocr_line' id='line_1_86' title="bbox 344 5177 2002 5259; baseline -0.007 -13"><span class='ocrx_word' id='word_1_537' title='bbox 344 5190 601 5246; x_wconf 65' lang='grc' dir='ltr'>ἀπελθών</span> <span class='ocrx_word' id='word_1_538' title='bbox 632 5209 717 5249; x_wconf 89' lang='grc' dir='ltr'>τις</span> <span class='ocrx_word' id='word_1_539' title='bbox 745 5191 853 5243; x_wconf 83' lang='grc' dir='ltr'>τῶν</span> <span class='ocrx_word' id='word_1_540' title='bbox 908 5189 1147 5259; x_wconf 80' lang='grc' dir='ltr'>Περσῶν,</span> <span class='ocrx_word' id='word_1_541' title='bbox 1198 5185 1316 5238; x_wconf 82' lang='grc' dir='ltr'>εἷπε</span> <span class='ocrx_word' id='word_1_542' title='bbox 1366 5187 1445 5254; x_wconf 77' lang='grc' dir='ltr'>τῷ</span> <span class='ocrx_word' id='word_1_543' title='bbox 1495 5177 1788 5257; x_wconf 77' lang='grc' dir='ltr'>Σαϐωρίῳ,</span> <span class='ocrx_word' id='word_1_544' title='bbox 1816 5180 1900 5236; x_wconf 80' lang='grc' dir='ltr'>ὅτι</span> <span class='ocrx_word' id='word_1_545' title='bbox 1935 5180 2002 5239; x_wconf 72' lang='grc' dir='ltr'><strong>Οἱ</strong></span> 
     </span>
    </p>
   </div>
   <div class='ocr_carea' id='block_1_87' title="bbox 340 5267 2003 5354">
    <p class='ocr_par' dir='ltr' id='par_1_87' title="bbox 340 5267 2003 5354">
     <span class='ocr_line' id='line_1_87' title="bbox 340 5267 2003 5354; baseline -0.007 -18"><span class='ocrx_word' id='word_1_546' title='bbox 340 5280 490 5354; x_wconf 72' lang='grc' dir='ltr'>παρὰ</span> <span class='ocrx_word' id='word_1_547' title='bbox 549 5281 646 5332; x_wconf 72' lang='grc' dir='ltr'>σοῦ</span> <span class='ocrx_word' id='word_1_548' title='bbox 705 5275 1150 5351; x_wconf 77' lang='grc' dir='ltr'>συγχωρηθὲντες</span> <span class='ocrx_word' id='word_1_549' title='bbox 1232 5275 1325 5345; x_wconf 76' lang='grc' dir='ltr'>ζῇν</span> <span class='ocrx_word' id='word_1_550' title='bbox 1404 5270 1744 5345; x_wconf 86' lang='grc' dir='ltr'>Χριστιανοὶ,</span> <span class='ocrx_word' id='word_1_551' title='bbox 1800 5267 1894 5326; x_wconf 65' lang='grc' dir='ltr'>ἕνα</span> <span class='ocrx_word' id='word_1_552' title='bbox 1951 5271 2003 5343; x_wconf 77' lang='grc' dir='ltr'>ἐξ</span> 
     </span>
    </p>
   </div>
   <div class='ocr_carea' id='block_1_88' title="bbox 341 5360 2002 5442">
    <p class='ocr_par' dir='ltr' id='par_1_88' title="bbox 341 5360 2002 5442">
     <span class='ocr_line' id='line_1_88' title="bbox 341 5360 2002 5442; baseline -0.005 -18"><span class='ocrx_word' id='word_1_553' title='bbox 341 5370 521 5424; x_wconf 73' lang='grc' dir='ltr'>αὐτῶν</span> <span class='ocrx_word' id='word_1_554' title='bbox 553 5371 772 5442; x_wconf 82' lang='grc' dir='ltr'>πρῶτον</span> <span class='ocrx_word' id='word_1_555' title='bbox 821 5366 1163 5435; x_wconf 79' lang='grc' dir='ltr'>ποιήσαντες,</span> <span class='ocrx_word' id='word_1_556' title='bbox 1220 5363 1319 5426; x_wconf 75' lang='grc' dir='ltr'>τῆς</span> <span class='ocrx_word' id='word_1_557' title='bbox 1379 5361 1471 5433; x_wconf 76' lang='grc' dir='ltr'>μὲν</span> <span class='ocrx_word' id='word_1_558' title='bbox 1524 5360 1810 5436; x_wconf 83' lang='grc' dir='ltr'>θρησκείας</span> <span class='ocrx_word' id='word_1_559' title='bbox 1842 5362 2002 5434; x_wconf 76' lang='grc' dir='ltr'>ἡμῶν</span> 
     </span>
    </p>
   </div>
   <div class='ocr_carea' id='block_1_89' title="bbox 338 5448 2004 5533">
    <p class='ocr_par' dir='ltr' id='par_1_89' title="bbox 338 5448 2004 5533">
     <span class='ocr_line' id='line_1_89' title="bbox 338 5448 2004 5533; baseline -0.009 -19"><span class='ocrx_word' id='word_1_560' title='bbox 338 5452 937 5533; x_wconf 75' lang='grc' dir='ltr'>καταϐλασφημοῦσιν,</span> <span class='ocrx_word' id='word_1_561' title='bbox 992 5458 1094 5522; x_wconf 83' lang='grc' dir='ltr'>τῆς</span> <span class='ocrx_word' id='word_1_562' title='bbox 1151 5448 1208 5505; x_wconf 71' lang='grc' dir='ltr'>δὲ</span> <span class='ocrx_word' id='word_1_563' title='bbox 1266 5455 1363 5519; x_wconf 81' lang='grc' dir='ltr'>σῆς</span> <span class='ocrx_word' id='word_1_564' title='bbox 1424 5448 1668 5519; x_wconf 78' lang='grc' dir='ltr'>ἐξουσίας</span> <span class='ocrx_word' id='word_1_565' title='bbox 1724 5469 2004 5526; x_wconf 74' lang='grc' dir='ltr'>καταφρο-</span> 
     </span>
    </p>
   </div>
   <div class='ocr_carea' id='block_1_90' title="bbox 341 5539 2009 5618">
    <p class='ocr_par' dir='ltr' id='par_1_90' title="bbox 341 5539 2009 5618">
     <span class='ocr_line' id='line_1_90' title="bbox 341 5539 2009 5618; baseline -0.007 -15"><span class='ocrx_word' id='word_1_566' title='bbox 341 5552 519 5607; x_wconf 81' lang='grc' dir='ltr'>νοῦσι.</span> <span class='ocrx_word' id='word_1_567' title='bbox 575 5546 718 5603; x_wconf 80' lang='grc' dir='ltr'>Τότε</span> <span class='ocrx_word' id='word_1_568' title='bbox 774 5541 1031 5618; x_wconf 65' lang='grc' dir='ltr'>ἀχθέντες</span> <span class='ocrx_word' id='word_1_569' title='bbox 1071 5539 1490 5615; x_wconf 80' lang='grc' dir='ltr'>ἠναγκάσθησαν</span> <span class='ocrx_word' id='word_1_570' title='bbox 1528 5545 1899 5614; x_wconf 78' lang='grc' dir='ltr'>προσκυνῆσαι</span> <span class='ocrx_word' id='word_1_571' title='bbox 1927 5543 2009 5611; x_wconf 78' lang='grc' dir='ltr'>τῷ</span> 
     </span>
    </p>
   </div>
   <div class='ocr_carea' id='block_1_91' title="bbox 342 5624 2008 5710">
    <p class='ocr_par' dir='ltr' id='par_1_91' title="bbox 342 5624 2008 5710">
     <span class='ocr_line' id='line_1_91' title="bbox 342 5624 2008 5710; baseline -0.005 -18"><span class='ocrx_word' id='word_1_572' title='bbox 342 5636 539 5710; x_wconf 51' lang='grc' dir='ltr'>ἡλίῳν</span> <span class='ocrx_word' id='word_1_573' title='bbox 583 5637 664 5709; x_wconf 75' lang='grc' dir='ltr'>μὴ</span> <span class='ocrx_word' id='word_1_574' title='bbox 721 5634 1025 5694; x_wconf 69' lang='grc' dir='ltr'>πεισθέντες</span> <span class='ocrx_word' id='word_1_575' title='bbox 1070 5627 1432 5700; x_wconf 62' lang='grc' dir='ltr'>δὶ,,’ὰπαντ,ες</span> <span class='ocrx_word' id='word_1_576' title='bbox 1482 5624 2008 5705; x_wconf 82' lang='grc' dir='ltr'>ἀπεκεφαλίσθησαν.</span> 
     </span>
    </p>
   </div>
   <div class='ocr_carea' id='block_1_92' title="bbox 636 5749 1351 5817">
    <p class='ocr_par' dir='ltr' id='par_1_92' title="bbox 636 5749 1351 5817">
     <span class='ocr_line' id='line_1_92' title="bbox 636 5749 1351 5817; baseline -0.013 -2"><span class='ocrx_word' id='word_1_577' title='bbox 636 5756 898 5817; x_wconf 76' lang='lat' dir='ltr'>PATROL.</span> <span class='ocrx_word' id='word_1_578' title='bbox 943 5755 1034 5813; x_wconf 74' lang='lat' dir='ltr'>Gn</span> <span class='ocrx_word' id='word_1_579' title='bbox 1051 5795 1065 5811; x_wconf 93' lang='lat'>.</span> <span class='ocrx_word' id='word_1_580' title='bbox 1109 5749 1351 5810; x_wconf 85' lang='lat' dir='ltr'>CXVII.</span> 
     </span>
    </p>
   </div>
   <div class='ocr_carea' id='block_1_93' title="bbox 2093 3259 3740 3331">
    <p class='ocr_par' dir='ltr' id='par_1_93' title="bbox 2093 3259 3740 3331">
     <span class='ocr_line' id='line_1_93' title="bbox 2093 3259 3740 3331; baseline 0.002 -18"><span class='ocrx_word' id='word_1_581' title='bbox 2093 3260 2389 3314; x_wconf 88' lang='lat' dir='ltr'>Christum</span> <span class='ocrx_word' id='word_1_582' title='bbox 2407 3259 2822 3331; x_wconf 83' lang='lat' dir='ltr'>abnegaverat;</span> <span class='ocrx_word' id='word_1_583' title='bbox 2845 3260 3513 3331; x_wconf 82' lang='lat' dir='ltr'>hunc,inquam,videns</span> <span class='ocrx_word' id='word_1_584' title='bbox 3537 3277 3740 3317; x_wconf 90' lang='lat' dir='ltr'>ensem</span> 
     </span>
    </p>
   </div>
   <div class='ocr_carea' id='block_1_94' title="bbox 2094 3346 3743 3419">
    <p class='ocr_par' dir='ltr' id='par_1_94' title="bbox 2094 3346 3743 3419">
     <span class='ocr_line' id='line_1_94' title="bbox 2094 3346 3743 3419; baseline 0.002 -17"><span class='ocrx_word' id='word_1_585' title='bbox 2094 3346 2514 3412; x_wconf 89' lang='lat' dir='ltr'>denudantem,</span> <span class='ocrx_word' id='word_1_586' title='bbox 2548 3354 2613 3402; x_wconf 90' lang='lat' dir='ltr'>ut</span> <span class='ocrx_word' id='word_1_587' title='bbox 2670 3353 2848 3418; x_wconf 87' lang='lat' dir='ltr'>caput</span> <span class='ocrx_word' id='word_1_588' title='bbox 2903 3349 3049 3419; x_wconf 89' lang='lat' dir='ltr'>ipsis</span> <span class='ocrx_word' id='word_1_589' title='bbox 3105 3349 3501 3418; x_wconf 89' lang='lat' dir='ltr'>abscinderet,</span> <span class='ocrx_word' id='word_1_590' title='bbox 3560 3350 3743 3405; x_wconf 88' lang='lat' dir='ltr'>colla-</span> 
     </span>
    </p>
   </div>
   <div class='ocr_carea' id='block_1_95' title="bbox 2092 3437 3745 3508">
    <p class='ocr_par' dir='ltr' id='par_1_95' title="bbox 2092 3437 3745 3508">
     <span class='ocr_line' id='line_1_95' title="bbox 2092 3437 3745 3508; baseline 0.001 -16"><span class='ocrx_word' id='word_1_591' title='bbox 2092 3442 2392 3508; x_wconf 88' lang='lat' dir='ltr'>crymatus</span> <span class='ocrx_word' id='word_1_592' title='bbox 2422 3438 2521 3491; x_wconf 73' lang='lat'>49</span> <span class='ocrx_word' id='word_1_593' title='bbox 2574 3442 2681 3503; x_wconf 90' lang='lat' dir='ltr'>est,</span> <span class='ocrx_word' id='word_1_594' title='bbox 2738 3443 2795 3491; x_wconf 91' lang='lat' dir='ltr'>et</span> <span class='ocrx_word' id='word_1_595' title='bbox 2842 3437 3030 3508; x_wconf 87' lang='lat' dir='ltr'>ipsius</span> <span class='ocrx_word' id='word_1_596' title='bbox 3082 3438 3480 3494; x_wconf 88' lang='lat' dir='ltr'>calamitatem</span> <span class='ocrx_word' id='word_1_597' title='bbox 3533 3439 3745 3506; x_wconf 88' lang='lat' dir='ltr'>doluit,</span> 
     </span>
    </p>
   </div>
   <div class='ocr_carea' id='block_1_96' title="bbox 2093 3525 3746 3597">
    <p class='ocr_par' dir='ltr' id='par_1_96' title="bbox 2093 3525 3746 3597">
     <span class='ocr_line' id='line_1_96' title="bbox 2093 3525 3746 3597; baseline 0.002 -16"><span class='ocrx_word' id='word_1_598' title='bbox 2093 3526 2265 3597; x_wconf 90' lang='lat' dir='ltr'>eique</span> <span class='ocrx_word' id='word_1_599' title='bbox 2298 3531 2573 3581; x_wconf 66' lang='lat' dir='ltr'>extremas</span> <span class='ocrx_word' id='word_1_600' title='bbox 2603 3525 2718 3579; x_wconf 89' lang='lat' dir='ltr'>diei</span> <span class='ocrx_word' id='word_1_601' title='bbox 2774 3525 3229 3582; x_wconf 87' lang='lat' dir='ltr'>retributionem</span> <span class='ocrx_word' id='word_1_602' title='bbox 3278 3527 3339 3582; x_wconf 88' lang='lat' dir='ltr'>in</span> <span class='ocrx_word' id='word_1_603' title='bbox 3397 3530 3746 3584; x_wconf 87' lang='lat' dir='ltr'>memoriam</span> 
     </span>
    </p>
   </div>
   <div class='ocr_carea' id='block_1_97' title="bbox 2094 3615 3749 3688">
    <p class='ocr_par' dir='ltr' id='par_1_97' title="bbox 2094 3615 3749 3688">
     <span class='ocr_line' id='line_1_97' title="bbox 2094 3615 3749 3688; baseline 0.001 -18"><span class='ocrx_word' id='word_1_604' title='bbox 2094 3615 2402 3670; x_wconf 87' lang='lat' dir='ltr'>revocavit.</span> <span class='ocrx_word' id='word_1_605' title='bbox 2438 3617 2649 3670; x_wconf 86' lang='lat' dir='ltr'>Nersas</span> <span class='ocrx_word' id='word_1_606' title='bbox 2680 3631 2813 3669; x_wconf 89' lang='lat' dir='ltr'>vero</span> <span class='ocrx_word' id='word_1_607' title='bbox 2847 3632 2966 3686; x_wconf 63' lang='lat' dir='ltr'>pra:</span> <span class='ocrx_word' id='word_1_608' title='bbox 2998 3616 3210 3671; x_wconf 87' lang='lat' dir='ltr'>timore</span> <span class='ocrx_word' id='word_1_609' title='bbox 3243 3616 3540 3688; x_wconf 88' lang='lat' dir='ltr'>trepidare</span> <span class='ocrx_word' id='word_1_610' title='bbox 3600 3617 3749 3672; x_wconf 87' lang='lat' dir='ltr'>inci-</span> 
     </span>
    </p>
   </div>
   <div class='ocr_carea' id='block_1_98' title="bbox 2094 3704 3749 3778">
    <p class='ocr_par' dir='ltr' id='par_1_98' title="bbox 2094 3704 3749 3778">
     <span class='ocr_line' id='line_1_98' title="bbox 2094 3704 3749 3778; baseline 0.003 -20"><span class='ocrx_word' id='word_1_611' title='bbox 2094 3704 2286 3776; x_wconf 86' lang='lat' dir='ltr'>piens,</span> <span class='ocrx_word' id='word_1_612' title='bbox 2321 3709 2575 3776; x_wconf 87' lang='lat' dir='ltr'>quatuor</span> <span class='ocrx_word' id='word_1_613' title='bbox 2603 3704 2849 3760; x_wconf 89' lang='lat' dir='ltr'>vulnera</span> <span class='ocrx_word' id='word_1_614' title='bbox 2879 3711 3084 3761; x_wconf 86' lang='lat' dir='ltr'>sancto</span> <span class='ocrx_word' id='word_1_615' title='bbox 3109 3706 3233 3761; x_wconf 83' lang='lat' dir='ltr'>viro</span> <span class='ocrx_word' id='word_1_616' title='bbox 3279 3706 3536 3762; x_wconf 85' lang='lat' dir='ltr'>inﬂixit:</span> <span class='ocrx_word' id='word_1_617' title='bbox 3569 3712 3749 3778; x_wconf 88' lang='lat' dir='ltr'>atque</span> 
     </span>
    </p>
   </div>
   <div class='ocr_carea' id='block_1_99' title="bbox 2093 3794 3032 3867">
    <p class='ocr_par' dir='ltr' id='par_1_99' title="bbox 2093 3794 3032 3867">
     <span class='ocr_line' id='line_1_99' title="bbox 2093 3794 3032 3867; baseline 0 -17"><span class='ocrx_word' id='word_1_618' title='bbox 2093 3796 2177 3851; x_wconf 89' lang='lat' dir='ltr'>ita</span> <span class='ocrx_word' id='word_1_619' title='bbox 2206 3796 2258 3849; x_wconf 89' lang='lat' dir='ltr'>vi</span> <span class='ocrx_word' id='word_1_620' title='bbox 2290 3794 2478 3851; x_wconf 91' lang='lat' dir='ltr'>multa</span> <span class='ocrx_word' id='word_1_621' title='bbox 2509 3795 2782 3867; x_wconf 87' lang='lat' dir='ltr'>spiritum</span> <span class='ocrx_word' id='word_1_622' title='bbox 2815 3795 3032 3851; x_wconf 89' lang='lat' dir='ltr'>emisit.</span> 
     </span>
    </p>
   </div>
   <div class='ocr_carea' id='block_1_100' title="bbox 2095 3923 3752 3996">
    <p class='ocr_par' dir='ltr' id='par_1_100' title="bbox 2095 3923 3752 3996">
     <span class='ocr_line' id='line_1_100' title="bbox 2095 3923 3752 3996; baseline 0.001 -17"><span class='ocrx_word' id='word_1_623' title='bbox 2095 3926 2164 3979; x_wconf 84' lang='lat' dir='ltr'>Et</span> <span class='ocrx_word' id='word_1_624' title='bbox 2192 3930 2473 3979; x_wconf 81' lang='lat' dir='ltr'>certamen</span> <span class='ocrx_word' id='word_1_625' title='bbox 2517 3930 2829 3979; x_wconf 77' lang='lat' dir='ltr'>sanctorum</span> <span class='ocrx_word' id='word_1_626' title='bbox 2877 3930 3205 3996; x_wconf 84' lang='lat' dir='ltr'>martyrum,</span> <span class='ocrx_word' id='word_1_627' title='bbox 3265 3923 3365 3994; x_wconf 83' lang='lat' dir='ltr'>qui</span> <span class='ocrx_word' id='word_1_628' title='bbox 3416 3926 3474 3979; x_wconf 79' lang='lat' dir='ltr'>in</span> <span class='ocrx_word' id='word_1_629' title='bbox 3529 3926 3752 3981; x_wconf 80' lang='lat' dir='ltr'>Perside</span> 
     </span>
    </p>
   </div>
   <div class='ocr_carea' id='block_1_101' title="bbox 2495 3997 3332 4066">
    <p class='ocr_par' dir='ltr' id='par_1_101' title="bbox 2495 3997 3332 4066">
     <span class='ocr_line' id='line_1_101' title="bbox 2495 3997 3332 4066; baseline 0.002 -17"><span class='ocrx_word' id='word_1_630' title='bbox 2495 3997 2831 4066; x_wconf 80' lang='lat' dir='ltr'>martyrium</span> <span class='ocrx_word' id='word_1_631' title='bbox 2862 4006 3332 4052; x_wconf 78' lang='lat' dir='ltr'>consummarunt.</span> 
     </span>
    </p>
   </div>
   <div class='ocr_carea' id='block_1_102' title="bbox 2169 4119 3750 4190">
    <p class='ocr_par' dir='ltr' id='par_1_102' title="bbox 2169 4119 3750 4190">
     <span class='ocr_line' id='line_1_102' title="bbox 2169 4119 3750 4190; baseline 0 -17"><span class='ocrx_word' id='word_1_632' title='bbox 2169 4119 2419 4190; x_wconf 89' lang='lat' dir='ltr'>Sapores</span> <span class='ocrx_word' id='word_1_633' title='bbox 2450 4120 2765 4173; x_wconf 90' lang='lat' dir='ltr'>Persarum</span> <span class='ocrx_word' id='word_1_634' title='bbox 2797 4135 2901 4173; x_wconf 82' lang='lat' dir='ltr'>rex</span> <span class='ocrx_word' id='word_1_635' title='bbox 2931 4135 3088 4174; x_wconf 90' lang='lat' dir='ltr'>anno</span> <span class='ocrx_word' id='word_1_636' title='bbox 3120 4119 3285 4189; x_wconf 80' lang='lat' dir='ltr'>regni</span> <span class='ocrx_word' id='word_1_637' title='bbox 3314 4119 3403 4173; x_wconf 87' lang='lat' dir='ltr'>sui</span> <span class='ocrx_word' id='word_1_638' title='bbox 3453 4120 3750 4190; x_wconf 86' lang='lat' dir='ltr'>quinqua-</span> 
     </span>
    </p>
   </div>
   <div class='ocr_carea' id='block_1_103' title="bbox 2096 4206 3748 4281">
    <p class='ocr_par' dir='ltr' id='par_1_103' title="bbox 2096 4206 3748 4281">
     <span class='ocr_line' id='line_1_103' title="bbox 2096 4206 3748 4281; baseline -0.001 -19"><span class='ocrx_word' id='word_1_639' title='bbox 2096 4209 2317 4281; x_wconf 88' lang='lat' dir='ltr'>gesimo</span> <span class='ocrx_word' id='word_1_640' title='bbox 2348 4206 2523 4261; x_wconf 91' lang='lat' dir='ltr'>tertio</span> <span class='ocrx_word' id='word_1_641' title='bbox 2553 4206 2928 4277; x_wconf 87' lang='lat' dir='ltr'>expeditione</span> <span class='ocrx_word' id='word_1_642' title='bbox 2950 4208 3011 4261; x_wconf 89' lang='lat' dir='ltr'>in</span> <span class='ocrx_word' id='word_1_643' title='bbox 3035 4209 3434 4262; x_wconf 82' lang='lat' dir='ltr'>Romanorum</span> <span class='ocrx_word' id='word_1_644' title='bbox 3459 4207 3748 4262; x_wconf 89' lang='lat' dir='ltr'>ditionem</span> 
     </span>
    </p>
   </div>
   <div class='ocr_carea' id='block_1_104' title="bbox 2099 4295 3752 4367">
    <p class='ocr_par' dir='ltr' id='par_1_104' title="bbox 2099 4295 3752 4367">
     <span class='ocr_line' id='line_1_104' title="bbox 2099 4295 3752 4367; baseline -0.002 -16"><span class='ocrx_word' id='word_1_645' title='bbox 2099 4302 2393 4367; x_wconf 88' lang='lat' dir='ltr'>suscepta,</span> <span class='ocrx_word' id='word_1_646' title='bbox 2429 4312 2564 4350; x_wconf 92' lang='lat' dir='ltr'>cum</span> <span class='ocrx_word' id='word_1_647' title='bbox 2596 4295 3146 4365; x_wconf 88' lang='lat' dir='ltr'>frequentissimam</span> <span class='ocrx_word' id='word_1_648' title='bbox 3178 4295 3385 4349; x_wconf 88' lang='lat' dir='ltr'>urbem</span> <span class='ocrx_word' id='word_1_649' title='bbox 3419 4297 3556 4366; x_wconf 89' lang='lat' dir='ltr'>jure</span> <span class='ocrx_word' id='word_1_650' title='bbox 3609 4295 3752 4349; x_wconf 90' lang='lat' dir='ltr'>belli</span> 
     </span>
    </p>
   </div>
   <div class='ocr_carea' id='block_1_105' title="bbox 2097 4384 3755 4458">
    <p class='ocr_par' dir='ltr' id='par_1_105' title="bbox 2097 4384 3755 4458">
     <span class='ocr_line' id='line_1_105' title="bbox 2097 4384 3755 4458; baseline -0.001 -16"><span class='ocrx_word' id='word_1_651' title='bbox 2097 4384 2601 4458; x_wconf 85' lang='lat' dir='ltr'>cepisset,milites</span> <span class='ocrx_word' id='word_1_652' title='bbox 2624 4401 2834 4440; x_wconf 92' lang='lat' dir='ltr'>omnes</span> <span class='ocrx_word' id='word_1_653' title='bbox 2853 4385 3034 4456; x_wconf 89' lang='lat' dir='ltr'>quiin</span> <span class='ocrx_word' id='word_1_654' title='bbox 3050 4401 3119 4440; x_wconf 90' lang='lat' dir='ltr'>ea</span> <span class='ocrx_word' id='word_1_655' title='bbox 3139 4384 3522 4453; x_wconf 90' lang='lat' dir='ltr'>erant,occidi</span> <span class='ocrx_word' id='word_1_656' title='bbox 3537 4385 3755 4457; x_wconf 85' lang='lat' dir='ltr'>jussit;</span> 
     </span>
    </p>
   </div>
   <div class='ocr_carea' id='block_1_106' title="bbox 2101 4473 3759 4548">
    <p class='ocr_par' dir='ltr' id='par_1_106' title="bbox 2101 4473 3759 4548">
     <span class='ocr_line' id='line_1_106' title="bbox 2101 4473 3759 4548; baseline -0.001 -18"><span class='ocrx_word' id='word_1_657' title='bbox 2101 4480 2339 4548; x_wconf 77' lang='lat' dir='ltr'>gentem</span> <span class='ocrx_word' id='word_1_658' title='bbox 2370 4490 2504 4529; x_wconf 85' lang='lat' dir='ltr'>vero</span> <span class='ocrx_word' id='word_1_659' title='bbox 2540 4473 2613 4528; x_wconf 90' lang='lat' dir='ltr'>ad</span> <span class='ocrx_word' id='word_1_660' title='bbox 2644 4473 2868 4529; x_wconf 90' lang='lat' dir='ltr'>bellum</span> <span class='ocrx_word' id='word_1_661' title='bbox 2902 4474 3148 4528; x_wconf 90' lang='lat' dir='ltr'>minime</span> <span class='ocrx_word' id='word_1_662' title='bbox 3170 4473 3759 4540; x_wconf 88' lang='lat' dir='ltr'>idoneam,nimirum</span> 
     </span>
    </p>
   </div>
   <div class='ocr_carea' id='block_1_107' title="bbox 2106 4562 3759 4635">
    <p class='ocr_par' dir='ltr' id='par_1_107' title="bbox 2106 4562 3759 4635">
     <span class='ocr_line' id='line_1_107' title="bbox 2106 4562 3759 4635; baseline -0.001 -16"><span class='ocrx_word' id='word_1_663' title='bbox 2106 4580 2302 4627; x_wconf 84' lang='lat' dir='ltr'>senes,</span> <span class='ocrx_word' id='word_1_664' title='bbox 2334 4562 2637 4630; x_wconf 88' lang='lat' dir='ltr'>mulieres,</span> <span class='ocrx_word' id='word_1_665' title='bbox 2672 4578 2909 4634; x_wconf 89' lang='lat' dir='ltr'>pueros,</span> <span class='ocrx_word' id='word_1_666' title='bbox 2960 4562 3344 4618; x_wconf 88' lang='lat' dir='ltr'>Heliodorum</span> <span class='ocrx_word' id='word_1_667' title='bbox 3394 4563 3759 4635; x_wconf 88' lang='lat' dir='ltr'>episcopum,</span> 
     </span>
    </p>
   </div>
   <div class='ocr_carea' id='block_1_108' title="bbox 2106 4652 3765 4726">
    <p class='ocr_par' dir='ltr' id='par_1_108' title="bbox 2106 4652 3765 4726">
     <span class='ocr_line' id='line_1_108' title="bbox 2106 4652 3765 4726; baseline 0 -18"><span class='ocrx_word' id='word_1_668' title='bbox 2106 4652 2505 4726; x_wconf 86' lang='lat' dir='ltr'>presbyteros,</span> <span class='ocrx_word' id='word_1_669' title='bbox 2537 4652 2842 4722; x_wconf 88' lang='lat' dir='ltr'>diaconos,</span> <span class='ocrx_word' id='word_1_670' title='bbox 2877 4657 2935 4707; x_wconf 90' lang='lat' dir='ltr'>et</span> <span class='ocrx_word' id='word_1_671' title='bbox 2964 4668 3172 4708; x_wconf 91' lang='lat' dir='ltr'>omnes</span> <span class='ocrx_word' id='word_1_672' title='bbox 3230 4652 3479 4708; x_wconf 89' lang='lat' dir='ltr'>clericos</span> <span class='ocrx_word' id='word_1_673' title='bbox 3531 4653 3765 4709; x_wconf 89' lang='lat' dir='ltr'>incolu-</span> 
     </span>
    </p>
   </div>
   <div class='ocr_carea' id='block_1_109' title="bbox 2107 4741 3765 4815">
    <p class='ocr_par' dir='ltr' id='par_1_109' title="bbox 2107 4741 3765 4815">
     <span class='ocr_line' id='line_1_109' title="bbox 2107 4741 3765 4815; baseline 0 -16"><span class='ocrx_word' id='word_1_674' title='bbox 2107 4760 2233 4799; x_wconf 90' lang='lat' dir='ltr'>mes</span> <span class='ocrx_word' id='word_1_675' title='bbox 2267 4743 2486 4798; x_wconf 88' lang='lat' dir='ltr'>servari</span> <span class='ocrx_word' id='word_1_676' title='bbox 2515 4742 2832 4798; x_wconf 88' lang='lat' dir='ltr'>mandavit.</span> <span class='ocrx_word' id='word_1_677' title='bbox 2868 4741 3220 4798; x_wconf 83' lang='lat' dir='ltr'>Heliodorus</span> <span class='ocrx_word' id='word_1_678' title='bbox 3276 4747 3475 4798; x_wconf 89' lang='lat' dir='ltr'>autem</span> <span class='ocrx_word' id='word_1_679' title='bbox 3533 4744 3765 4815; x_wconf 88' lang='lat' dir='ltr'>episco-</span> 
     </span>
    </p>
   </div>
   <div class='ocr_carea' id='block_1_110' title="bbox 2107 4832 3759 4904">
    <p class='ocr_par' dir='ltr' id='par_1_110' title="bbox 2107 4832 3759 4904">
     <span class='ocr_line' id='line_1_110' title="bbox 2107 4832 3759 4904; baseline 0 -17"><span class='ocrx_word' id='word_1_680' title='bbox 2107 4848 2216 4904; x_wconf 87' lang='lat' dir='ltr'>pus</span> <span class='ocrx_word' id='word_1_681' title='bbox 2244 4849 2377 4887; x_wconf 87' lang='lat' dir='ltr'>cum</span> <span class='ocrx_word' id='word_1_682' title='bbox 2412 4848 2473 4887; x_wconf 90' lang='lat' dir='ltr'>se</span> <span class='ocrx_word' id='word_1_683' title='bbox 2502 4833 2683 4887; x_wconf 91' lang='lat' dir='ltr'>mortI</span> <span class='ocrx_word' id='word_1_684' title='bbox 2722 4833 3060 4903; x_wconf 89' lang='lat' dir='ltr'>proximum</span> <span class='ocrx_word' id='word_1_685' title='bbox 3114 4832 3511 4904; x_wconf 70' lang='lat' dir='ltr'>praesentiret,</span> <span class='ocrx_word' id='word_1_686' title='bbox 3556 4834 3618 4888; x_wconf 93' lang='lat' dir='ltr'>in</span> <span class='ocrx_word' id='word_1_687' title='bbox 3668 4833 3759 4888; x_wconf 90' lang='lat' dir='ltr'>sui</span> 
     </span>
    </p>
   </div>
   <div class='ocr_carea' id='block_1_111' title="bbox 2107 4922 3759 4994">
    <p class='ocr_par' dir='ltr' id='par_1_111' title="bbox 2107 4922 3759 4994">
     <span class='ocr_line' id='line_1_111' title="bbox 2107 4922 3759 4994; baseline 0.001 -18"><span class='ocrx_word' id='word_1_688' title='bbox 2107 4922 2305 4976; x_wconf 91' lang='lat' dir='ltr'>locum</span> <span class='ocrx_word' id='word_1_689' title='bbox 2336 4938 2523 4976; x_wconf 89' lang='lat' dir='ltr'>unum</span> <span class='ocrx_word' id='word_1_690' title='bbox 2556 4939 2625 4976; x_wconf 85' lang='lat' dir='ltr'>ex</span> <span class='ocrx_word' id='word_1_691' title='bbox 2658 4922 3023 4993; x_wconf 85' lang='lat' dir='ltr'>presbyteris</span> <span class='ocrx_word' id='word_1_692' title='bbox 3056 4922 3402 4994; x_wconf 89' lang='lat' dir='ltr'>episcopum</span> <span class='ocrx_word' id='word_1_693' title='bbox 3444 4922 3759 4978; x_wconf 87' lang='lat' dir='ltr'>ordinavit.</span> 
     </span>
    </p>
   </div>
   <div class='ocr_carea' id='block_1_112' title="bbox 2111 5010 3762 5084">
    <p class='ocr_par' dir='ltr' id='par_1_112' title="bbox 2111 5010 3762 5084">
     <span class='ocr_line' id='line_1_112' title="bbox 2111 5010 3762 5084; baseline 0 -19"><span class='ocrx_word' id='word_1_694' title='bbox 2111 5010 2221 5066; x_wconf 90' lang='lat' dir='ltr'>Sed</span> <span class='ocrx_word' id='word_1_695' title='bbox 2252 5027 2387 5066; x_wconf 91' lang='lat' dir='ltr'>cum</span> <span class='ocrx_word' id='word_1_696' title='bbox 2420 5011 2491 5065; x_wconf 92' lang='lat' dir='ltr'>de</span> <span class='ocrx_word' id='word_1_697' title='bbox 2523 5011 2763 5066; x_wconf 90' lang='lat' dir='ltr'>morein</span> <span class='ocrx_word' id='word_1_698' title='bbox 2787 5011 3036 5066; x_wconf 83' lang='lat' dir='ltr'>ecclesia</span> <span class='ocrx_word' id='word_1_699' title='bbox 3058 5013 3371 5067; x_wconf 81' lang='lat' dir='ltr'>offerretur</span> <span class='ocrx_word' id='word_1_700' title='bbox 3389 5013 3506 5067; x_wconf 89' lang='lat' dir='ltr'>Deo</span> <span class='ocrx_word' id='word_1_701' title='bbox 3536 5012 3762 5084; x_wconf 81' lang='lat' dir='ltr'>gloriﬁ-</span> 
     </span>
    </p>
   </div>
   <div class='ocr_carea' id='block_1_113' title="bbox 2110 5100 3762 5172">
    <p class='ocr_par' dir='ltr' id='par_1_113' title="bbox 2110 5100 3762 5172">
     <span class='ocr_line' id='line_1_113' title="bbox 2110 5100 3762 5172; baseline -0.001 -16"><span class='ocrx_word' id='word_1_702' title='bbox 2110 5101 2285 5165; x_wconf 88' lang='lat' dir='ltr'>catio,</span> <span class='ocrx_word' id='word_1_703' title='bbox 2320 5100 2526 5155; x_wconf 87' lang='lat' dir='ltr'>abiens</span> <span class='ocrx_word' id='word_1_704' title='bbox 2560 5100 2801 5170; x_wconf 88' lang='lat' dir='ltr'>quidam</span> <span class='ocrx_word' id='word_1_705' title='bbox 2834 5116 2902 5154; x_wconf 84' lang='lat' dir='ltr'>ex</span> <span class='ocrx_word' id='word_1_706' title='bbox 2922 5100 3138 5168; x_wconf 90' lang='lat' dir='ltr'>Persis,</span> <span class='ocrx_word' id='word_1_707' title='bbox 3169 5101 3370 5172; x_wconf 88' lang='lat' dir='ltr'>Sapori</span> <span class='ocrx_word' id='word_1_708' title='bbox 3400 5100 3525 5156; x_wconf 74' lang='lat' dir='ltr'>haec</span> <span class='ocrx_word' id='word_1_709' title='bbox 3546 5117 3762 5156; x_wconf 85' lang='lat' dir='ltr'>renun-</span> 
     </span>
    </p>
   </div>
   <div class='ocr_carea' id='block_1_114' title="bbox 2112 5189 3765 5260">
    <p class='ocr_par' dir='ltr' id='par_1_114' title="bbox 2112 5189 3765 5260">
     <span class='ocr_line' id='line_1_114' title="bbox 2112 5189 3765 5260; baseline -0.001 -15"><span class='ocrx_word' id='word_1_710' title='bbox 2112 5189 2279 5245; x_wconf 88' lang='lat' dir='ltr'>tiavit</span> <span class='ocrx_word' id='word_1_711' title='bbox 2311 5206 2324 5244; x_wconf 90' lang='lat'>:</span> <span class='ocrx_word' id='word_1_712' title='bbox 2379 5190 2698 5244; x_wconf 89' lang='lat' dir='ltr'>Christiani</span> <span class='ocrx_word' id='word_1_713' title='bbox 2750 5189 2858 5253; x_wconf 88' lang='lat' dir='ltr'>illi,</span> <span class='ocrx_word' id='word_1_714' title='bbox 2894 5206 2927 5244; x_wconf 92' lang='grc' dir='ltr'>ο</span> <span class='ocrx_word' id='word_1_715' title='bbox 2960 5191 3101 5253; x_wconf 81' lang='lat' dir='ltr'>Rex,</span> <span class='ocrx_word' id='word_1_716' title='bbox 3154 5190 3372 5260; x_wconf 86' lang='lat' dir='ltr'>quibus</span> <span class='ocrx_word' id='word_1_717' title='bbox 3402 5207 3437 5245; x_wconf 89' lang='lat' dir='ltr'>a</span> <span class='ocrx_word' id='word_1_718' title='bbox 3467 5196 3522 5245; x_wconf 88' lang='lat' dir='ltr'>te</span> <span class='ocrx_word' id='word_1_719' title='bbox 3572 5190 3765 5244; x_wconf 87' lang='lat' dir='ltr'>vivere</span> 
     </span>
    </p>
   </div>
   <div class='ocr_carea' id='block_1_115' title="bbox 2112 5274 3765 5348">
    <p class='ocr_par' dir='ltr' id='par_1_115' title="bbox 2112 5274 3765 5348">
     <span class='ocr_line' id='line_1_115' title="bbox 2112 5274 3765 5348; baseline -0.001 -18"><span class='ocrx_word' id='word_1_720' title='bbox 2112 5275 2471 5347; x_wconf 90' lang='lat' dir='ltr'>permissum</span> <span class='ocrx_word' id='word_1_721' title='bbox 2495 5274 2953 5345; x_wconf 86' lang='lat' dir='ltr'>fuit,quemdam</span> <span class='ocrx_word' id='word_1_722' title='bbox 2976 5275 3085 5329; x_wconf 88' lang='lat' dir='ltr'>sibi</span> <span class='ocrx_word' id='word_1_723' title='bbox 3108 5276 3437 5347; x_wconf 87' lang='lat' dir='ltr'>principem</span> <span class='ocrx_word' id='word_1_724' title='bbox 3456 5276 3765 5348; x_wconf 75' lang='lat' dir='ltr'>eligentes,</span> 
     </span>
    </p>
   </div>
   <div class='ocr_carea' id='block_1_116' title="bbox 2113 5363 3767 5435">
    <p class='ocr_par' dir='ltr' id='par_1_116' title="bbox 2113 5363 3767 5435">
     <span class='ocr_line' id='line_1_116' title="bbox 2113 5363 3767 5435; baseline -0.002 -17"><span class='ocrx_word' id='word_1_725' title='bbox 2113 5368 2378 5419; x_wconf 89' lang='lat' dir='ltr'>nostram</span> <span class='ocrx_word' id='word_1_726' title='bbox 2411 5363 2652 5434; x_wconf 90' lang='lat' dir='ltr'>quidem</span> <span class='ocrx_word' id='word_1_727' title='bbox 2684 5363 3036 5434; x_wconf 76' lang='lat' dir='ltr'>religionem</span> <span class='ocrx_word' id='word_1_728' title='bbox 3068 5364 3423 5435; x_wconf 88' lang='lat' dir='ltr'>reprobant;</span> <span class='ocrx_word' id='word_1_729' title='bbox 3471 5368 3627 5418; x_wconf 90' lang='lat' dir='ltr'>tuam</span> <span class='ocrx_word' id='word_1_730' title='bbox 3660 5377 3767 5416; x_wconf 88' lang='lat' dir='ltr'>au-</span> 
     </span>
    </p>
   </div>
   <div class='ocr_carea' id='block_1_117' title="bbox 2114 5452 3771 5524">
    <p class='ocr_par' dir='ltr' id='par_1_117' title="bbox 2114 5452 3771 5524">
     <span class='ocr_line' id='line_1_117' title="bbox 2114 5452 3771 5524; baseline -0.002 -16"><span class='ocrx_word' id='word_1_731' title='bbox 2114 5457 2235 5508; x_wconf 90' lang='lat' dir='ltr'>tem</span> <span class='ocrx_word' id='word_1_732' title='bbox 2266 5457 2621 5524; x_wconf 89' lang='lat' dir='ltr'>potestatem</span> <span class='ocrx_word' id='word_1_733' title='bbox 2664 5458 3077 5509; x_wconf 87' lang='lat' dir='ltr'>contemnunt.</span> <span class='ocrx_word' id='word_1_734' title='bbox 3130 5455 3501 5524; x_wconf 88' lang='lat' dir='ltr'>Quapropter</span> <span class='ocrx_word' id='word_1_735' title='bbox 3549 5452 3621 5507; x_wconf 89' lang='lat' dir='ltr'>ad</span> <span class='ocrx_word' id='word_1_736' title='bbox 3675 5467 3771 5505; x_wconf 83' lang='lat' dir='ltr'>re-</span> 
     </span>
    </p>
   </div>
   <div class='ocr_carea' id='block_1_118' title="bbox 2113 5540 3772 5615">
    <p class='ocr_par' dir='ltr' id='par_1_118' title="bbox 2113 5540 3772 5615">
     <span class='ocr_line' id='line_1_118' title="bbox 2113 5540 3772 5615; baseline -0.002 -18"><span class='ocrx_word' id='word_1_737' title='bbox 2113 5558 2244 5615; x_wconf 88' lang='lat' dir='ltr'>gem</span> <span class='ocrx_word' id='word_1_738' title='bbox 2273 5541 2535 5608; x_wconf 89' lang='lat' dir='ltr'>adducti,</span> <span class='ocrx_word' id='word_1_739' title='bbox 2560 5542 2715 5613; x_wconf 88' lang='lat' dir='ltr'>jussi</span> <span class='ocrx_word' id='word_1_740' title='bbox 2747 5547 2887 5597; x_wconf 89' lang='lat' dir='ltr'>sunt</span> <span class='ocrx_word' id='word_1_741' title='bbox 2915 5541 3101 5596; x_wconf 89' lang='lat' dir='ltr'>solem</span> <span class='ocrx_word' id='word_1_742' title='bbox 3131 5541 3400 5597; x_wconf 90' lang='lat' dir='ltr'>adorare.</span> <span class='ocrx_word' id='word_1_743' title='bbox 3440 5540 3604 5607; x_wconf 92' lang='lat' dir='ltr'>Quod</span> <span class='ocrx_word' id='word_1_744' title='bbox 3635 5556 3772 5595; x_wconf 89' lang='lat' dir='ltr'>cum</span> 
     </span>
    </p>
   </div>
   <div class='ocr_carea' id='block_1_119' title="bbox 2114 5630 3774 5701">
    <p class='ocr_par' dir='ltr' id='par_1_119' title="bbox 2114 5630 3774 5701">
     <span class='ocr_line' id='line_1_119' title="bbox 2114 5630 3774 5701; baseline -0.002 -17"><span class='ocrx_word' id='word_1_745' title='bbox 2114 5631 2307 5687; x_wconf 90' lang='lat' dir='ltr'>facere</span> <span class='ocrx_word' id='word_1_746' title='bbox 2322 5637 2936 5699; x_wconf 82' lang='lat' dir='ltr'>recusassent,omnes</span> <span class='ocrx_word' id='word_1_747' title='bbox 2951 5632 3140 5701; x_wconf 88' lang='lat' dir='ltr'>capite</span> <span class='ocrx_word' id='word_1_748' title='bbox 3159 5630 3497 5686; x_wconf 88' lang='lat' dir='ltr'>obtruncati</span> <span class='ocrx_word' id='word_1_749' title='bbox 3510 5630 3774 5698; x_wconf 84' lang='lat' dir='ltr'>fuerunt,</span> 
     </span>
    </p>
   </div>
   <div class='ocr_carea' id='block_1_120' title="bbox 3408 5744 3482 5803">
    <p class='ocr_par' dir='ltr' id='par_1_120' title="bbox 3408 5744 3482 5803">
     <span class='ocr_line' id='line_1_120' title="bbox 3408 5744 3482 5803; baseline -0.014 0"><span class='ocrx_word' id='word_1_750' title='bbox 3408 5744 3482 5803; x_wconf 87' lang='grc'>13</span> 
     </span>
    </p>
   </div>
  </div>
