4086 6204
407 323 524 383 395
1687 319 1848 380 ΜΕΝ
1857 318 2020 380 οιοι

2207 315 2372 380 ’ARS
2415 318 2492 379 ll.
3695 321 3820 386 396

407 459 477 514 Et
508 465 786 515 certamen
815 457 994 514 sancti
1030 456 1294 524 martyris
1340 452 1638 523 Eupsychii
1689 451 2020 510 Caesariensi:

2200 447 2266 506 ἰαὶ
2297 447 2532 519 ἄθλησις
2587 450 2684 503 τοῦ
2739 443 2893 526 άγίου
2955 447 3226 526 μάρτυρος
3282 448 3566 530 Εύψυχίον
3627 457 3723 511 τοῦ
3759 455 3813 513 ἒν

2830 521 3144 597 Καισαρείᾳ.

478 621 844 693 Eupsychius
875 615 1088 672 Christi
1140 619 1385 688 martyr,
1436 614 1766 686 imperante
1823 614 2054 670 Iuliano

2230 607 2516 684 Εύψύχιος
2571 610 2598 664 6
2655 612 2752 664 τοῦ
2809 612 3055 684 Χριστοῦ
3122 612 3348 686 μάρτυς,
3415 615 3665 692 ὑπῆρχεν
3723 615 3811 672 ἔπῖ

408 717 697 782 apostata,
729 708 841 763 fuit
871 724 939 762 ex
968 707 1208 780 regione
1240 707 1642 778 Cappadociae.
1685 706 2021 778 Inculpatac

2199 703 2437 767 ασιλεῖας
2481 708 2578 760 τοῦ
2634 697 2952 780 παραϐάτου
3005 703 3312 762 Ἰουλιανοῦ
3358 706 3464 763 ἀπὸ
3493 716 3592 779 τῆς
3622 711 3811 786 χώρας

402 803 602 852 autem
624 795 1284 868 vitam,simplicemque
1305 797 1512 869 agendi
1530 797 1815 852 rationem
1829 810 2015 851 assecx

2193 797 2268 848 ῶν
2310 791 2704 851 Καππαδοκῶν.
2763 793 3164 864 Ἀνεπίληπτον
3196 792 3252 850 δέ
3281 795 3424 871 βίον,
3457 799 3548 853 καὶ
3577 799 3805 874 γνώμην

401 886 1015 948 tus,maximo(;hristi
1048 886 1343 942 desiderio
1391 893 1448 943 et
1494 904 1696 943 amore
1745 884 2014 958 ﬂagrabat

2194 884 2491 956 εκτημένος
2523 881 2754 956 ἁπλοῦν,
2813 885 2934 959 εἶχε
2989 883 3078 938 καὶ
3131 883 3299 949 πόθον
3356 884 3533 942 πολὺν
3573 886 3651 952 εἷς
3676 889 3807 962 Χρι-

397 977 544 1030 Cum
576 981 773 1029 autem
806 974 1052 1030 vidisset
1106 975 1405 1032 idolorum
1453 977 1713 1032 cultores
1765 974 2010 1047 templu!

2195 973 2302 1030 τόν.
2334 973 2508 1041 Ὁρῶν
2543 969 2600 1028 δὲ
2645 971 2772 1034 τοὺς
2821 970 3230 1047 εἰδωλολάτρας
3281 972 3694 1050 ἀπερχομένους
3727 975 3808 1040 εἰς

394 1063 665 1120 Fortunae
689 1083 922 1124 sacrum
950 1067 1258 1132 adeuntes,
1292 1075 1350 1123 et
1376 1067 1596 1123 ibidem
1621 1068 2007 1124 sacrificante:

2188 1061 2244 1116 ὸν
2271 1061 2394 1116 ναὸν
2441 1068 2540 1131 τῆς
2587 1059 2892 1136 λεγομένης
2944 1060 3156 1136 Τύχης,
3197 1062 3286 1117 καὶ
3343 1062 3586 1133 θύοντας,
3632 1064 3707 1128 εἷς
3735 1065 3801 1135 ἢν

393 1155 455 1209 in
489 1172 666 1226 quam
699 1155 948 1211 credens
976 1162 1246 1228 apostata
1275 1157 1564 1222 Julianus,
1597 1157 1867 1213 victimas
1899 1171 2006 1227 quo

2197 1149 2417 1206 ιστεύων
2479 1151 2506 1206 ὁ
2561 1145 2880 1225 παραϐάτης
2935 1151 3252 1219 Ἰουλιανὸς,
3312 1153 3496 1216 θυσίας
3527 1155 3647 1219 καθ’
3678 1153 3804 1210 ἐκά-

393 1243 538 1299 tidie
569 1247 782 1300 oﬂ‘erre
813 1252 1239 1302 consueverat:
1299 1247 1421 1302 zelo
1482 1247 1677 1302 divino
1736 1261 2006 1302 accensus

2189 1259 2282 1308 την
2331 1238 2678 1316 προσέφερεν,
2726 1237 2878 1312 ζήλῳ
2927 1239 3052 1312 θείῳ
3098 1241 3360 1311 κινηθεὶς,
3403 1242 3492 1296 καὶ
3535 1244 3802 1317 Χριστια-

392 1333 539 1390 alias
567 1351 768 1390 secum
802 1336 1391 1403 Christianos,socios
1413 1335 2005 1406 assumens,templut

2184 1331 2254 1382 ῶν
2338 1349 2500 1382 τινων
2584 1323 3060 1404 προσλαϐόμενος,
3139 1328 3389 1385 ἀπελθὼν
3444 1332 3797 1409 κατέστρεψεν

391 1425 861 1481 afundamentis
909 1426 1212 1494 subvertit,
1267 1432 1324 1482 et
1371 1427 1550 1493 idola,
1607 1443 1738 1498 qua:
1797 1425 1855 1480 in
1914 1425 2004 1497 ips

2184 1416 2307 1472 ύτὸν
2342 1415 2402 1472 ἐκ
2434 1418 2673 1493 βαθρῶν,
2703 1419 2791 1473 καὶ
2819 1419 2886 1474 τὰ
2935 1417 2986 1473 έν
3037 1417 3184 1492 αύτῳ
3228 1421 3536 1496 συνέτριψεν
3569 1419 3796 1482 εἴδωλα.

391 1521 579 1580 erant,
600 1515 896 1570 contrivit.
917 1515 1060 1571 Cum
1082 1522 1279 1571 autem
1304 1517 1431 1572 baac
1455 1515 1722 1571 scivisset
1747 1515 2004 1570 Julianus

2184 1507 2343 1562 [αθὼν
2379 1504 2437 1562 δὲ
2467 1511 2635 1563 ταῦτα
2683 1508 2711 1562 6
2760 1503 3081 1584 παραϐάτης
3137 1507 3378 1583 ὠργίσθη
3431 1508 3656 1589 σφόδρα,
3703 1511 3797 1566 καὶ

389 1603 991 1672 vehementeriratus,
1015 1605 1150 1661 illos
1177 1623 1384 1661 omnes
1397 1603 2002 1678 comprehendijussit

2186 1595 2468 1658 ποστείλας
2523 1595 2812 1672 ἐκράτησεν
2883 1596 3138 1660 ἅπαντας
3215 1598 3306 1653 καὶ
3357 1598 3485 1662 τοὺς
3544 1600 3638 1673 μὲν
3695 1598 3799 1655 ἂλ-

392 1699 453 1750 et
481 1695 630 1750 alios
660 1695 902 1766 quidem
934 1713 1003 1750 ex
1035 1696 1181 1767 ipsis
1211 1697 1454 1751 fortuna:
1487 1695 1660 1750 bonis
1691 1694 1950 1760 orbatos,
1983 1710 2005 1748 ε

2183 1707 2277 1749 ους
2323 1690 2428 1740 τῶν
2487 1682 2639 1740 ἰδίων
2688 1688 2974 1761 στερήσας,
3021 1688 3288 1742 κακώσεσι
3338 1686 3621 1752 ποικίλαις
3661 1691 3794 1745 ὑπο-

383 1783 560 1839 variis
577 1783 858 1838 mrumnis
873 1783 1126 1840 afﬂictos
1139 1784 1199 1838 in
1221 1785 1496 1840 exsilium
1516 1784 1996 1854 ejecit;martyrei

2180 1773 2349 1846 αλὼν,
2385 1774 2626 1850 ἐξώρισε·
2681 1776 2773 1832 τὸν
2834 1774 2890 1832 δὲ
2951 1777 3195 1853 μάρτυρα
3245 1778 3552 1856 Εὐψύχιον,
3599 1780 3673 1843 ὡς
3705 1779 3793 1836 αἲ-

383 1890 520 1928 vero
575 1871 1000 1944 Eupsychium,
1062 1880 1265 1947 utpote
1350 1875 1672 1947 perpetrati
1755 1871 1996 1928 facinori

2177 1886 2256 1920 ιον
2306 1865 2596 1941 γενόμενον
2645 1870 2742 1922 τοῦ
2789 1866 3048 1922 τοιούτου
3093 1865 3391 1942 δράματος,
3441 1873 3658 1941 πρῶτον
3694 1870 3789 1944 μὶν

385 1969 710 2033 auctorem,
744 1966 936 2037 primo
968 1965 1210 2038 quidem
1241 1965 1303 2020 in
1333 1981 1632 2020 carcerem
1663 1963 1772 2020 50
1802 1960 1998 2017 detruc'

2177 1955 2458 2011 πέκλεισεν
2509 1955 2585 2018 είς
2637 1954 2912 2035 φυλακήν·
2959 1952 3146 2012 ἔπειτα
3185 1965 3286 2028 τῆς
3334 1957 3584 2036 φυλακῆς
3628 1956 3790 2016 ἐκϐα-

377 2051 600 2123 jussit;
627 2060 834 2126 postea
859 2072 994 2110 vero
1025 2072 1055 2110 e
1087 2071 1321 2110 carcere
1354 2053 1656 2117 eductum,
1687 2049 1990 2122 multiplic:

2180 2045 2279 2112 ὼν,
2308 2045 2398 2100 καὶ
2441 2043 2627 2101 πολλά
2673 2045 2984 2122 βασανίσας,
3040 2047 3131 2102 καὶ
3181 2048 3585 2124 καταναγκάσας
3615 2049 3786 2124 ἀρνή-

382 2139 497 2197 bus
545 2145 857 2200 tormentis
905 2144 1178 2200 cruciari.
1239 2145 1486 2199 Demum
1548 2157 1683 2198 cum
1735 2140 1995 2196 Christui

2169 2136 2329 2190 ἀσθαι
2378 2134 2471 2190 τὸν
2525 2135 2778 2212 Χριστὸν,
2827 2137 2920 2191 καὶ
2985 2137 3062 2210 μὴ
3115 2137 3328 2205 πείσας,
3383 2137 3782 2219 ἀπεκεφάλισεν

385 2246 603 2304 negare
624 2233 831 2305 jussus
861 2235 1206 2307 respuisset,
1237 2234 1427 2305 capite
1459 2235 1767 2288 truncatus
1795 2229 1927 2286 fuit.

941 2343 1180 2399 EODEM
1222 2342 1471 2397 MENSE.

2692 2317 2877 2375 ΜΠΝΙ
2914 2321 2998 2372 ΤΩ
3034 2320 3237 2376 ΑΥΤΩ.

1019 2432 1123 2486 Die
1156 2430 1388 2486 decima
2943 2409 2965 2465 Ῑ

382 2535 666 2592 Certamen
695 2543 1013 2610 sanctorum
1043 2539 1418 2610 quadraginta
1441 2543 1780 2608 martyrum,
1834 2537 1995 2589 Teren

2180 2529 2409 2603 λθλησις
2433 2535 2542 2610 τῶν
2593 2532 2761 2610 ᾁγίων
2810 2533 3210 2610 τεσσαράκοντα
3261 2532 3570 2610 μαρτύρων,
3603 2537 3793 2610 Τερεν-

803 2609 892 2675 tii,
925 2603 1209 2678 Africani,
1248 2603 1300 2664 et
1328 2603 1619 2664 aliorumf

2421 2603 2566 2671 τίου,
2600 2603 2954 2680 Ἀφρικανοῦ,
2979 2603 3075 2659 καὶ
3124 2609 3232 2659 τῶν
3264 2603 3510 2662 λοιπῶν.

441 2749 750 2805 Terentius
786 2751 1004 2807 Christi
1030 2757 1256 2824 martyr
1286 2768 1420 2807 cum
1451 2750 1574 2806 suis
1608 2749 1807 2816 sociis,
1840 2749 2031 2819 impe-

2203 2745 2506 2822 Τερέντίου,
2565 2747 2593 2801 6
2644 2743 2741 2801 τοῦ
2799 2749 3038 2820 Χριστοῦ
3102 2747 3308 2819 μάρτυς
3362 2746 3494 2819 μετά
3530 2745 3635 2815 τῆς
3666 2769 3791 2802 συν-

373 2843 542 2892 rante
576 2839 772 2909 Decio,
807 2858 879 2896 ex
928 2842 1124 2898 Africa
1167 2842 1297 2897 fuit.
1349 2840 1770 2896 Persecutione
1827 2843 1986 2893 ante!

2177 2831 2285 2897 Βίας
2335 2834 2526 2908 αὐτοῦ,
2577 2836 2822 2912 ὑπῆρχεν
2873 2833 2962 2890 ἐπῖ
3012 2842 3112 2905 τῆς
3164 2833 3441 2911 βασιλείας
3489 2837 3698 2906 Δεκίου,
3731 2836 3790 2893 ἐκ

374 2926 647 2990 excitata,
681 2945 816 2986 cum
843 2931 1162 2987 Christiani
1213 2931 1648 2994 occiderentur,
1703 2927 1875 2983 multi
1925 2942 1987 2998 qt

2171 2929 2230 2993 ἧς
2277 2923 2464 2998 χώρας
2515 2925 2804 3002 ’Δφρικῆςο
2884 2923 3135 2999 διωγμοῦ
3185 2923 3242 2980 δὲ
3310 2927 3646 2996 κινηθέντος,
3693 2926 3784 2981 καί

373 3025 574 3096 fugam
591 3030 765 3081 antea
795 3040 913 3096 prae
946 3023 1158 3077 timore
1181 3017 1986 3093 arripuerant,comprehensi

2167 3017 2238 3067 ῶν
2299 3017 2634 3089 Χριστιανῶν
2721 3015 3100 3091 φονευομένων
3165 3011 3369 3069 πολλοὶ
3430 3010 3780 3092 φοϐηθέντες,

359 3113 514 3186 jussi
549 3119 688 3170 sunt
708 3113 1040 3169 sacrificare
1065 3111 1239 3166 idolis
1265 3126 1549 3181 :cumque
1568 3125 1691 3163 non
1717 3106 1972 3177 obtemp<

2167 3101 2218 3154 αἱ
2323 3100 2737 3176 ἀναγκασθέντες
2821 3104 2995 3172 θῦσαι,
3074 3103 3166 3157 καὶ
3274 3104 3348 3174 μή
3458 3103 3780 3175 πεισθέντες,

364 3209 588 3270 rarent,
613 3205 675 3258 in
698 3202 1193 3274 carcerem,jussu
1215 3198 1485 3272 praesidis
1503 3197 1733 3266 Africm,
1763 3196 1977 3268 conject

2166 3191 2557 3261 πεκ).είσθήσαν
2639 3189 2715 3253 είς
2801 3190 3048 3268 φυλακὴν
3119 3192 3266 3267 παρᾶ
3332 3196 3430 3247 τοῦ
3513 3194 3779 3270 ἡγεμόνος

361 3289 623 3349 fuerunt.
659 3292 880 3348 Deinde
910 3308 940 3346 e
973 3305 1206 3346 carcere
1237 3287 1454 3354 educti,
1491 3287 1685 3342 denuo
1719 3285 1974 3340 Christui

2167 3286 2417 3356 ιφρικῆς.
2451 3281 2581 3337 Εἶτα
2609 3287 2708 3350 τῆς
2755 3280 3003 3357 φυλακῆς
3054 3281 3381 3352 ἐξελθόντες,
3422 3281 3587 3338 πάλιν
3614 3283 3780 3360 ἠναγ-

362 3380 638 3439 deserere
667 3381 956 3454 compulsi
982 3385 1140 3448 sunt,
1159 3366 1550 3451 pluribusque
1574 3373 1890 3431 tormentis
1917 3389 1975 3428 ex

2162 3366 2348 3438 άζοντο
2401 3369 2730 3444 ἀρνήσασθαι
2805 3371 2897 3424 τὸν
2977 3370 3234 3444 Χριστὸν,
3317 3371 3571 3446 βασάνοις
3629 3373 3775 3428 πολ-

361 3472 898 3528 cruciati.Primum
922 3472 1083 3527 enim
1105 3470 1238 3526 caesi
1256 3465 1974 3538 sunt,quousqueipsorur

2164 3465 2249 3523 αῖς
2306 3458 2699 3533 ἐξεταζόμενοι.
2759 3459 3027 3538 Πρότερον
3091 3462 3196 3537 γὰρ
3269 3461 3592 3538 ἐτύφθησαν,
3663 3459 3774 3526 ἕως

355 3561 583 3618 viscera
631 3563 1138 3635 conspicerentur.
1193 3561 1405 3614 Postea
1433 3556 1634 3629 ignitis
1673 3553 1902 3611 subulis
1948 3553 1964 3606 i

2161 3548 2389 3622 ράνησαν
2472 3550 2541 3605 τὰ
2621 3549 2915 3625 σπλάγχνα
2992 3549 3184 3605 αὐτῶν
3265 3547 3449 3606 ἔπειτα
3489 3545 3774 3615 σου6λίοις

357 3647 579 3704 lumbis
601 3650 971 3720 perforati,et
983 3650 1043 3704 in
1057 3664 1258 3703 eorum
1270 3647 1516 3701 vulnera
1527 3649 1759 3700 acetum
1774 3659 1906 3698 cum
1923 3657 1970 3697 se

2155 3640 2415 3713 τυρωθεῖσι
2447 3640 2514 3693 τὰ
2570 3638 2678 3712 qm
2735 3636 3167 3714 διετρυπήθησαν
3227 3640 3316 3695 καὶ
3358 3637 3478 3711 ὅξος
3511 3645 3598 3696 καὶ
3633 3639 3768 3703 ἅλας

355 3734 411 3789 le
443 3737 740 3792 infusum.
774 3739 1063 3802 Quoniam
1089 3752 1224 3791 vero
1255 3734 1530 3807 precibus
1561 3733 1634 3788 ad
1658 3735 1839 3788 Deum
1860 3731 1968 3786 fusi

2156 3727 2484 3802 πεγύθησαν.
2545 3727 2694 3786 Ἐπεὶ
2752 3725 2809 3783 δὲ
2853 3728 3301 3802 προσευξάμενοι,
3332 3730 3399 3784 τὰ
3440 3729 3618 3802 ξόανα,
3677 3730 3769 3785 καὶ

354 3822 534 3888 idola,
593 3841 727 3879 aras
787 3831 844 3879 et
893 3825 1113 3896 templa
1197 3824 1656 3888 subverterunt;
1715 3839 1817 3877 sex
1873 3821 1967 3891 qui

2155 3816 2240 3878 οὺς
2273 3816 2519 3893 βωμοὺς,
2577 3818 2666 3872 καὶ
2721 3816 2850 3879 τοὺς
2905 3816 3067 3880 ναοὺς
3119 3818 3500 3895 κατέστρεψαν,
3557 3821 3608 3876 οἱ
3669 3821 3768 3892 μὶν

357 3909 494 3966 dem
527 3918 586 3966 et
617 3913 858 3985 triginta
887 3931 958 3968 ex
989 3913 1110 3968 illis
1140 3913 1330 3982 capite
1361 3911 1614 3966 truncati
1647 3917 1818 3976 sunt;
1863 3910 1970 3964 reli

2154 3907 2404 3978 ριάκοντα
2457 3905 2512 3977 ἓξ
2567 3907 2704 3985 ξίφει
2774 3906 2868 3970 τὰς
2943 3905 3184 3986 κεφαλὰς
3239 3907 3648 3983 ἀπετμήθησαν,
3713 3911 3767 3966 οἱ

351 4000 452 4070 qui
490 4017 627 4056 vero
688 4008 964 4072 quatuor,
1023 4000 1302 4056 manibus
1355 3999 1726 4072 pedibusque
1782 3998 1964 4069 ligatis

2157 3994 2469 4068 ιτέσσαρες,
2527 3999 2721 4071 χεῖρας
2777 3995 2868 4050 καὶ
2922 3993 3095 4058 πόδας
3149 3993 3408 4066 δεθέντες,
3456 3992 3770 4069 ἐνεϐλήθη-

348 4089 602 4160 conjecti
637 4097 775 4146 sunt
803 4092 866 4146 in
899 4107 1222 4156 carcerem,
1256 4106 1326 4145 ex
1357 4105 1473 4160 quo
1525 4093 1730 4160 postea
1778 4085 1961 4141 educti

2152 4102 2202 4136 ιν
2255 4082 2329 4144 εἰς
2411 4079 2684 4159 φυλακήν,
2766 4083 2855 4138 καὶ
2943 4085 3076 4157 μετὰ
3131 4088 3294 4140 τοῦτα
3347 4089 3448 4153 τῆς
3510 4093 3765 4164 φυλακῆς

347 4179 526 4235 etiam
562 4179 675 4252 ipsi
706 4179 984 4236 decollati
1013 4179 1272 4235 fuerunt.

2105 4169 2432 4243 ἐξελθόντες,
2463 4171 2966 4248 ἆπεκεφαλίσθησαν
2997 4173 3088 4228 καὶ
3118 4173 3292 4231 αὐτοί.

639 4307 704 4359 Et
734 4307 1000 4361 memoria
1027 4306 1206 4361 sancti
1229 4304 1404 4374 Agabi
1432 4302 1688 4374 apostoli.

2280 4299 2384 4356 Καὶ
2423 4300 2615 4374 μνήμη
2647 4302 2743 4354 τοῦ
2773 4297 2926 4374 ἁγίου
2966 4298 3276 4357 ἀποστόλου
3309 4297 3573 4378 ’Λγάόου.

409 4430 647 4501 Agabus
679 4430 893 4486 Christi
925 4430 1228 4502 apostolus
1265 4429 1470 4485 multis
1518 4427 1760 4500 quidem
1813 4423 1988 4482 coale-

2171 4421 2418 4501 Ἄγαϐος
2475 4425 2502 4480 6
2556 4429 2653 4480 τοῦ
2711 4425 2946 4499 Χριστοῦ
3000 4424 3328 4496 ἀπόστολος,
3385 4427 3614 4485 πολλῶν
3662 4430 3759 4485 καὶ

337 4519 526 4574 stibus
556 4521 905 4576 muneribus
935 4520 1008 4576 ob
1040 4519 1226 4591 ipsius
1248 4519 1525 4574 virtutem
1556 4535 1623 4573 ac
1653 4516 1934 4572 meritum

2138 4514 2288 4572 λλων
2339 4515 2556 4589 ἀγαθῶν
2615 4511 2705 4570 διὰ
2758 4516 2858 4584 τήν
2917 4515 3084 4572 αὐτοῦ
3152 4517 3347 4591 ἀρετὴν
3409 4519 3554 4590 παρά
3611 4523 3751 4574 Θεοῦ

334 4609 453 4660 Deo
485 4607 702 4663 ditatus
731 4609 844 4664 fuit
870 4625 883 4676 ;
920 4609 1024 4664 sed
1056 4609 1351 4680 praecipue
1382 4607 1709 4679 prophetici
1742 4605 1947 4676 spiritu

2140 4603 2365 4676 Ξιωθεὶς,
2396 4601 2609 4674 ἐδέξατο
2665 4603 2754 4659 καὶ
2813 4607 3152 4679 προψητικὸν
3208 4609 3478 4682 χάρισμα.
3513 4607 3612 4663 Καὶ
3646 4608 3753 4687 γὰρ

334 4693 555 4749 donum
589 4695 864 4752 obtinuit.
909 4698 1226 4770 Cingulum
1271 4698 1432 4754 enim
1485 4697 1681 4770 magni
1733 4696 1947 4768 apostol

2139 4695 2195 4762 ὴν
2225 4695 2398 4764 ζώνην
2447 4697 2545 4748 τοῦ
2598 4691 2845 4767 μεγάλου
2903 4692 3214 4750 ἀποστόλου
3273 4694 3495 4752 Παύλου
3537 4683 3752 4770 λαϐὼν,

331 4781 499 4836 Pauli
530 4784 850 4854 accipiens,
875 4786 1101 4858 illoque
1128 4786 1238 4842 sibi
1263 4803 1474 4842 manus
1497 4791 1556 4841 et
1581 4785 1760 4857 pedes
1782 4786 1944 4841 devin

2136 4783 2182 4838 αὶ
2236 4783 2434 4839 έαυτοῦ
2489 4783 2583 4844 τὰς
2635 4787 2824 4858 χεῖρας
2882 4782 2973 4838 καὶ
3027 4783 3157 4849 τοὺς
3217 4783 3388 4848 πόδας
3448 4782 3749 4858 δεσμήσας,

331 4869 518 4934 ciens.
551 4873 842 4942 praedixit,
879 4874 1080 4930 dicent
1111 4891 1122 4928 :
1158 4876 1291 4929 Haec
1344 4875 1488 4930 dicit
1543 4875 1794 4946 Spiritus
1843 4891 1944 4930 san

2133 4875 2488 4950 ροεφήτευσεν
2548 4871 2731 4926 εἰπών’
2792 4871 2876 4927 ὅτι
2936 4871 3094 4948 Λέγει
3127 4875 3188 4929 τὸ
3232 4879 3450 4948 Πνεῦμα
3495 4879 3592 4930 τοῦ
3640 4878 3745 4932 Κυ-

327 4964 496 5013 ctus:
534 4961 733 5015 Virum
765 4962 959 5030 illum,
1005 4964 1176 5034 cujus
1230 4969 1320 5018 est
1364 4965 1473 5019 hoc
1523 4965 1847 5034 cingulum,
1898 4964 1940 5018 it

2131 4961 2232 5018 iou'
2260 4963 2361 5016 Τὸν
2394 4957 2582 5034 ἄνδρα,
2625 4960 2686 5015 οὗ
2734 4958 2876 5016 ἐστιν
2927 4964 2960 5031 ἡ
3017 4962 3160 5032 ζώνη
3212 4964 3370 5036 αὕτη,
3405 4963 3577 5028 οὕτως
3630 4961 3744 5035 δή-

323 5047 596 5119 ligabunt
623 5051 807 5106 Judzei
841 5052 1286 5122 Hierosolymis,
1312 5068 1565 5124 eumque
1599 5052 1849 5125 ﬂagellis
1872 5071 1936 5108 ca

2132 5072 2270 5107 >υσιν
2329 5049 2405 5112 εἷς
2461 5047 2826 5124 Ἰερουσαλὴμ
2909 5051 2965 5105 οἱ
3053 5049 3332 5122 Ἰουδαῖοι,
3400 5053 3489 5109 καὶ
3547 5075 3745 5128 μαστι-

323 5136 484 5190 dent.
523 5145 711 5208 Atque
741 5140 844 5204 ita,
876 5145 941 5194 ut
970 5140 1346 5211 praedixerat.
1392 5141 1604 5194 evenit.
1639 5145 1781 5196 Cum
1813 5143 1936 5196 enir

2128 5143 2370 5196 ὤσουσιν.
2462 5137 2557 5193 Καὶ
2667 5139 3050 5217 προφητεύσας
3151 5143 3477 5213 ἠλήθευσεψ
3566 5142 3741 5199 ἀπελ-

322 5231 560 5281 sanctus
593 5228 808 5283 Paulus
851 5228 1256 5299 Hierosolyma
1308 5228 1573 5293 abiisset,
1625 5245 1742 5284 non
1793 5228 1930 5283 mod

2126 5232 2243 5286 όντα
2315 5227 2415 5303 γάρ
2499 5225 2593 5282 τὸν
2681 5228 2830 5303 ἅγιον
2921 5228 3134 5286 Παῦλον
3199 5231 3277 5296 εἷς
3350 5231 3739 5307 Ἰερουσαλὴμ,

319 5315 514 5387 ipsum
546 5317 732 5371 Judaei
765 5317 826 5370 in
860 5316 1093 5372 vincula
1119 5319 1528 5390 conjecerunt,
1581 5317 1682 5372 sed
1731 5322 1790 5372 et
1832 5333 1932 5372 eu:

2122 5319 2141 5374 ὃ
2203 5320 2366 5392 μόνον
2423 5314 2725 5390 ἐδέσμησαν
2785 5319 2838 5372 οἱ
2894 5317 3176 5389 Ἰουδαῖοι,
3236 5319 3383 5376 ἀλλά
3423 5321 3513 5376 καὶ
3546 5326 3735 5399 φονεῦ-

314 5405 584 5460 occidere
609 5405 805 5460 conati
838 5411 994 5460 sunt.
1029 5407 1099 5460 Et
1127 5406 1254 5461 haec
1285 5407 1524 5476 quidem
1546 5406 1802 5476 primum
1823 5406 1927 5462 vati

2124 5407 2574 5483 ιιέπεχείρησαν.
2636 5407 2739 5462 Καὶ
2795 5412 2966 5463 ταῦτα
3021 5408 3118 5480 μὲν
3177 5408 3458 5484 πρότερον·
3514 5409 3737 5486 ὕστερον

312 5496 544 5552 cinatus
575 5504 683 5555 est.
718 5501 927 5554 Postea
970 5515 1110 5554 vero
1165 5506 1223 5554 et
1271 5499 1388 5554 alia
1437 5499 1622 5554 multa
1670 5498 1925 5570 prmdixi:

2112 5500 2130 5553 ἱ
2159 5498 2248 5552 καὶ
2277 5495 2423 5552 ἄλλα
2453 5494 2684 5552 πλεῖστα
2713 5497 3116 5575 προφητεύσας,
3147 5500 3238 5554 καὶ
3277 5499 3340 5554 τὸ
3373 5497 3546 5576 λαχὸν
3575 5501 3725 5569 αὖτῷ

309 5585 456 5642 Cum
483 5603 620 5644 vero
650 5593 878 5661 partem
909 5587 1069 5643 orbis
1104 5594 1416 5656 terrarum,
1452 5605 1582 5660 qua;
1599 5588 1713 5660 ipsi
1743 5587 1922 5662 obtige

2118 5589 2238 5663 έρος
2267 5595 2366 5658 τῆς
2397 5585 2728 5661 οἷκουμένης
2775 5592 2843 5662 τῇ
2894 5586 3222 5662 διδασκαλίᾳ
3267 5589 3456 5664 αὐτοῦ,
3487 5590 3576 5646 καὶ
3606 5595 3731 5654 ταῖς

307 5681 422 5746 rat,
452 5677 550 5736 Μ
587 5677 857 5736 doctrina
886 5682 945 5734 et
974 5677 1305 5736 innumeris
1330 5677 1637 5736 miraculis
1669 5678 1920 5737 illustre:

2114 5677 2316 5753 πείροις
2375 5677 2834 5756 θαυματουργίαις
2890 5677 3156 5759 φωσίσας,
3185 5680 3277 5738 καὶ
3325 5680 3403 5744 εἷς
3433 5679 3727 5761 ἐπίγνωσιν
