4086 6204
299 421 411 484 391
1847 412 2183 479 APRILIS.
3587 418 3713 483 398

293 562 391 613 τοῦ
433 554 567 611 Θεοῦ
621 556 685 610 τὸ
739 554 1161 618 καταπιστευθὶν
1203 551 1351 624 αὑτῷ
1397 550 1654 625 ποίμνιον
1701 549 1910 625 ἀγαγὼν

2023 555 2173 619 ,δεμ
2233 555 2411 622 atque
2465 550 2540 607 ad
2576 551 2702 606 Dei
2762 551 3163 625 cognitionem
3248 553 3545 611 creditum
3601 540 3715 612 sibi

294 648 383 701 καὶ
439 649 548 700 τῶν
611 641 857 700 εἰδώλων
914 645 1018 712 τήν
1079 642 1366 716 θρησκείαν
1444 635 1769 697 καταϐαλὼν
1854 659 1910 694 κο

2055 657 2290 713 gregem
2324 640 2721 713 perduxisset,
2755 641 3051 698 idolorum
3101 643 3265 699 cultu
3314 645 3596 703 subverso
3646 662 3717 703 ac

295 735 629 808 κιταλὺσας,
664 733 714 789 ἐν
749 733 938 809 εἰρήνῃ
967 730 1284 803 ἐτελειώθη.

2055 730 2390 799 deturbato,
2425 731 2485 785 in
2524 747 2669 803 pace
2699 731 2974 787 decessit.

830 848 988 905 ΜῘΙΝ
995 848 1015 905 Ι
1056 850 1148 905 ΤΩ
1189 848 1394 905 ΑΥΤΩ.

2615 848 2855 904 EODEM
2896 849 3147 904 MENSE.

1070 936 1157 993 IA‘
2650 938 2752 993 Die
2784 939 3101 996 undecima

295 1039 563 1110 *Δθλησις
618 1042 714 1093 τοῦ
801 1035 958 1121 ἁγίου
1041 1035 1435 1121 ἱερομάρτυρος
1516 1034 1741 1090 ’Λντίπα
1824 1029 1910 1085 ὲπι

2051 1046 2336 1102 Certamen
2394 1050 2763 1121 sacrosancti:
2813 1050 3073 1121 martyris
3154 1049 3381 1120 Antipae
3463 1051 3707 1121 episcOpi

828 1108 1035 1164 σκόπου
1070 1108 1386 1183 Περγάμων.

2738 1108 3013 1188 Pergami.

363 1253 621 1318 Ἀντίπας
658 1254 686 1309 6
715 1257 823 1308 τῶν
876 1249 1151 1324 δαιμόνων
1210 1246 1529 1318 ἀντίπαλος,
1576 1248 1643 1317 ἦν
1694 1245 1779 1302 ἐπὶ
1828 1248 1939 1300 τῶν

291 1345 512 1420 χρόνων
565 1339 902 1416 Δομετιανοῦ
960 1345 1058 1397 τοῦ
1110 1338 1379 1416 βασιλέως
1426 1337 1564 1394 κατά
1606 1337 1701 1391 τὸν
1748 1335 1937 1410 καιρὸν

286 1437 394 1489 τῶν
423 1433 597 1508 ἁγίων
648 1429 995 1499 ἀποστόλων,
1038 1431 1127 1485 ὅτε
1172 1429 1263 1484 καὶ
1296 1428 1324 1482 6
1360 1425 1627 1502 Θεολόγος
1679 1423 1935 1505 Ἰωάννης

2123 1262 2369 1333 Antipas
2388 1261 2735 1317 dwmonum
2757 1260 3490 1333 adversarius,imperante
3511 1264 3707 1319 Domi-

2047 1349 2610 1423 tiano,temporibus
2641 1357 2981 1407 sanctorum
3012 1352 3417 1423 apostolorum
3466 1354 3698 1411 claruit.

2046 1440 2286 1512 quando
2319 1446 2377 1495 et
2427 1441 2684 1496 Joannes
2735 1441 3064 1514 Theologus
3122 1441 3184 1495 in
3241 1443 3459 1498 Patmo
3503 1443 3703 1501 insula

286 1521 576 1597 ἐξώριστος
608 1520 854 1596 ὑπῆρχεν
884 1518 961 1580 εἰς
1007 1520 1226 1592 Πάτμον
1275 1517 1375 1586 τήν
1406 1521 1595 1586 νῆσον.
1644 1512 1935 1588 Ὑπάρχων

286 1609 341 1666 δὲ
399 1610 697 1673 ἐπίσκοπος
754 1612 1066 1685 Περγάμου,
1099 1611 1235 1664 πάνυ
1280 1609 1457 1683 γέρων
1503 1600 1613 1676 ὤν,
1660 1603 1933 1677 ἐκρατήθη

284 1700 428 1776 παρά
455 1704 564 1754 τῶν
627 1696 1077 1775 εἰδωλολατρῶν,
1118 1703 1227 1753 τῶν
1286 1694 1558 1769 δαιμόνων
1608 1690 1934 1769 ἐμφανισάν-

282 1811 388 1845 των
420 1789 636 1861 αὑτοῖς,
693 1790 784 1843 καὶ
845 1788 1130 1859 εἰπόντων,
1189 1783 1559 1860 μὴδύνασθαι
1614 1784 1706 1837 τὸν
1764 1782 1931 1837 τόπον

2043 1528 2375 1585 exsulabat.
2417 1530 2561 1585 Cum
2589 1534 2787 1586 autem
2806 1530 3073 1603 Pergami
3096 1530 3411 1602 episcopus
3440 1537 3701 1603 essetpet

2040 1617 2212 1674 valde
2243 1635 2447 1686 senex,
2480 1619 2949 1691 comprehensus
2977 1618 3093 1674 fuit
3119 1618 3191 1674 ab
3222 1618 3525 1675 idolorum
3568 1620 3697 1676 cul-

2044 1706 2519 1777 toribus,quibus
2542 1707 2845 1763 daemones
2867 1713 3288 1779 apparuerant,
3310 1724 3379 1763 ac
3400 1707 3695 1777 dixerant,

2040 1796 2235 1851 locum
2260 1796 2423 1851 dium
2448 1796 2769 1851 inhabitari
2795 1813 2912 1851 non
2934 1813 3109 1868 posse
3132 1802 3374 1868 propter
3393 1799 3692 1871 Antipam.

285 1877 454 1933 οῗκεῖν
489 1876 578 1933 διὰ
607 1878 696 1933 τὸν
734 1878 1013 1933 Ἀντίπαν.
1067 1878 1164 1931 Διᾶ
1211 1879 1371 1930 τοῦτο
1421 1872 1612 1948 ἀχθεὶς
1661 1871 1796 1946 πρὸς
1839 1868 1910 1925 τὸι

292 1971 306 1985 ο
452 1969 465 1985 Ι
671 1969 685 1985 1
1086 1967 1110 1985 Λ
1147 1965 1161 1983 \
1262 1964 1277 1983 Ί
1373 1966 1386 1985 Ι
1501 1974 1579 1985 ΛΠ.
1643 1961 1731 1985 -Ξ-.
1792 1965 1887 1985 ν-.

2039 1885 2264 1941 Idcirco
2287 1885 2579 1941 adductus
2602 1884 2674 1941 ad
2702 1885 3037 1957 prmsidem,
3060 1887 3265 1957 jussus
3288 1891 3378 1941 est
3396 1868 3692 1944 Christum

283 1969 555 2043 ἡγεμόνα,
596 1969 687 2023 καὶ
745 1965 1196 2041 καταναγκασθεὶς
1252 1964 1585 2040 ἀρνήσασθαι
1640 1961 1732 2015 τὸν
1792 1965 1910 2035 Χρι-

2041 1991 2279 2048 negare,
2310 1981 2369 2031 et
2398 1975 2573 2031 idolis
2606 1976 2960 2030 sacriﬁcare.
2996 1976 3211 2030 Verum
3252 1992 3385 2031 cum
3432 1992 3553 2031 non
3597 1994 3688 2032 as-

283 2060 431 2127 στὸν,
464 2059 553 2114 καὶ
586 2059 740 2112 θῦσαι
770 2062 888 2119 τοῖς
920 2053 1196 2122 εἰδώλοις,
1224 2055 1317 2110 καὶ
1352 2055 1429 2127 μή
1482 2051 1740 2118 πεισθεὶς,
1788 2047 1910 2104 ἀλλι

2037 2047 2342 2134 sensisset,
2377 2067 2480 2123 sed
2512 2066 2709 2138 potius
2742 2065 3011 2136 exemplo
3038 2064 3323 2121 refutaret
3351 2066 3686 2123 Graacorum

283 2147 499 2220 μᾶλλον
524 2147 585 2202 ἐκ
628 2143 1065 2222 πάραδείγματος
1124 2144 1342 2218 ἐλέγξας
1392 2143 1493 2211 τήν
1552 2138 1767 2209 πλάνην
1821 2142 1910 2192 τῶι

2035 2172 2317 2223 errorem,
2351 2160 2609 2211 veterem
2636 2154 2879 2225 quidem
2909 2154 3081 2209 illum
3112 2169 3242 2209 esse
3299 2154 3525 2219 dicens,
3581 2157 3685 2212 sed

282 2235 553 2307 εἰδώλων,
588 2236 765 2312 φήσας
793 2234 1024 2312 ἀρχαίαν
1087 2233 1182 2307 μὶν
1223 2232 1391 2300 αὐτὴν
1443 2233 1603 2298 εἷναι,
1652 2229 1821 2297 κακὴν
1874 2225 1910 2315 δῖ

2034 2243 2258 2299 malum
2288 2260 2302 2313 ;
2334 2244 2578 2315 (praeses
2609 2259 2869 2313 namque
2901 2242 2955 2298 ei
2985 2242 3305 2313 objecerat,
3347 2243 3682 2301 Graacorum

277 2327 389 2399 (καὶ
446 2324 549 2401 γὰρ
592 2325 620 2379 6
672 2324 894 2397 ἡγεμὼν
953 2327 1114 2378 τοῦτο
1169 2315 1530 2396 προεϐάλετο,
1588 2317 1681 2405 ὅτι,
1726 2314 1910 2391 ἀρχαίι

2032 2314 2382 2405 religionem
2408 2331 2715 2403 antiquam
2747 2347 2897 2395 esse,
2930 2330 3095 2387 illam
3134 2348 3270 2387 vero
3313 2332 3681 2390 Christiano-

280 2416 376 2487 μὲν
433 2410 779 2483 ἔστινὴτῶν
838 2411 1122 2483 Ἑλλήνων
1179 2409 1459 2486 Θρησκεία,
1517 2406 1609 2463 νέα
1667 2404 1910 2475 δὶήτῶε

2031 2404 2167 2478 rum
2199 2438 2410 2478 novam
2442 2439 2455 2477 :
2489 2427 2548 2476 et
2578 2426 2820 2476 sanctus
2848 2421 2935 2475 vir
2965 2420 3381 2492 responderat,
3430 2422 3679 2479 Cainum

272 2505 643 2577 Χριστιανῶνο
704 2501 793 2557 καὶ
855 2502 882 2555 6
942 2501 1117 2576 ἅγιος,
1178 2500 1261 2555 ὅτι
1324 2499 1452 2553 Κάϊν
1532 2494 1765 2555 παλαιὸς
1835 2492 1910 2566 μέε

2032 2528 2269 2584 quoque
2299 2512 2611 2582 antiquum
2644 2527 2797 2575 esse,
2850 2509 2955 2565 sed
3002 2514 3201 2566 tamen
3249 2511 3616 2568 fratricidam
3644 2512 3682 2583 :)

266 2593 518 2667 γέγονεν,
578 2588 724 2646 ἀλλὰ
781 2589 968 2666 φονεὺς
1022 2593 1121 2645 τοῦ
1178 2585 1463 2665 ἀδελφοῦ),
1549 2579 1817 2655 ἐνεϐλήθη
1874 2579 1910 2637 ὲκ

2029 2579 2335 2673 conjectus
2362 2579 2476 2655 fuit
2531 2600 2594 2654 in
2651 2599 2858 2655 bovem
2917 2615 3151 2655 aeneum
3206 2599 3584 2664 candentem,
3628 2579 3689 2655 et

263 2681 464 2757 χαλκῷ
499 2678 591 2756 βοΐ
619 2679 943 2755 πυρωθέντι,
968 2678 1062 2734 καὶ
1095 2676 1411 2750 ἐτελειώθη.

2029 2688 2256 2745 ibidem
2286 2689 2638 2761 martyrium
2670 2688 3129 2747 consummavit.

815 2798 995 2853 MHNI
1036 2801 1124 2851 ΤΩ
1163 2799 1365 2852 ΔΥΤΩ.
2586 2797 2827 2853 EODEM
2867 2796 3118 2852 MENSE.

1053 2885 1126 2941 ιε’

2612 2886 2715 2942 Die
2748 2886 3101 2942 duodecima

445 2985 720 3057 ’Δθλησις
748 2988 847 3041 τοῦ
878 2985 1036 3061 ἁγίου
1075 2985 1349 3062 μάρτυρος
1369 2983 1739 3058 Ἀρτέμωνος.

2193 2985 2293 3042 5‘2
2326 2984 2614 3041 Certamen
2642 2987 2819 3040 sancti
2844 2987 3110 3054 martyris
3151 2985 3494 3043 Artemom's.

332 3112 624 3189 ’Δρτὲμων
656 3109 805 3167 ότοῦ
851 3115 1087 3188 Χριστοῦ
1139 3110 1367 3186 μάρτυς,
1412 3109 1477 3178 ἧν
1531 3107 1618 3162 ἐπὶ
1661 3112 1763 3176 τῆς
1820 3105 1910 3180 βα-

2094 3104 2373 3159 Artemon
2400 3101 2612 3155 Christi
2637 3105 2881 3173 martyr,
2906 3099 3271 3157 Diocletiano
3288 3102 3667 3175 imperatore,

260 3188 477 3265 σιλείας
512 3200 932 3272 Διοκλητιανοῦ,
983 3194 1351 3276 πρεσϐύτερος
1413 3197 1673 3272 ὑπάρχων
1721 3201 1819 3263 τῆς
1862 3192 1910 3248 ὲν

2023 3188 2329 3262 presbyter
2373 3190 2484 3244 fuit
2532 3195 2750 3245 sanctas
2800 3189 3100 3244 Laodiceae
3149 3189 3436 3247 ecclesias.
3492 3195 3664 3248 Anno

252 3291 554 3364 Λαοδικείᾳ
608 3291 765 3366 ἁγίας
823 3289 1136 3362 ἐκκλησίας’
1204 3290 1310 3365 πρὸ
1368 3288 1485 3350 ἑνὸς
1544 3285 1603 3341 δὲ
1660 3286 1906 3340 ἐνιαυτοῦ

2023 3283 2220 3333 autem
2252 3284 2389 3334 ante
2421 3296 2594 3335 suum
2625 3278 2874 3345 obitum,
2908 3278 3241 3334 Graacorum
3296 3279 3501 3334 fanum
3545 3298 3666 3338 una

2018 3382 2151 3421 cum
2166 3368 2441 3439 episcoPO
2456 3384 2561 3422 suo
2578 3367 2835 3421 Sisinnio
2858 3366 3346 3438 ingressus,idola
3358 3367 3661 3425 subvertit.

2014 3455 2281 3526 Cumque
2312 3455 2373 3512 id
2402 3456 2474 3511 ab
2506 3455 2835 3511 idololatris
2867 3472 3085 3527 praises
3106 3456 3365 3527 regionis
3396 3458 3664 3513 rescivis-

2017 3554 2126 3616 set,
2159 3547 2306 3603 abiit
2360 3545 2434 3601 ad
2492 3545 2837 3617 episcopum
2895 3545 3546 3617 comprehendendum.
3599 3548 3667 3621 At

2015 3637 2223 3693 morbo
2253 3639 2580 3707 correptus,
2614 3634 2674 3689 in
2706 3651 2876 3707 grave
2926 3634 3056 3688 vitas
3106 3634 3428 3691 discrimen
3474 3635 3665 3692 addu-

2014 3732 2143 3782 ctus
2170 3730 2280 3782 est.
2310 3724 2556 3798 Rogavit
2581 3724 2832 3795 proinde
2864 3724 3229 3795 episcopum,
3272 3730 3338 3780 ut
3383 3742 3489 3797 pro
3533 3727 3662 3798 ipso

2014 3832 2220 3888 preces
2252 3816 2511 3870 oilerret.
2544 3813 2708 3878 Quod
2739 3813 2787 3869 si
2815 3814 3187 3885 contingeret
3214 3815 3409 3886 ipsum
3439 3817 3666 3872 incolu'

2024 3920 2181 3960 mem
2199 3903 2651 3973 reddi,aureum
2685 3901 3067 3957 simulacrum
3094 3920 3155 3958 se
3185 3904 3236 3958 ei
3269 3905 3663 3963 excitaturum

2018 3993 2357 4066 spopondit.
2391 3994 2573 4047 Porro
2631 3991 2945 4046 sanitatem
3004 3992 3275 4064 adeptus,
3336 3993 3662 4051 Caesaream

2010 4083 2198 4154 petiit.
2233 4084 2498 4152 Cumque
2519 4081 2581 4135 in
2604 4079 2816 4136 itinere
2837 4084 3214 4137 Artemonem
3245 4083 3660 4155 presbyterum

2011 4171 2355 4238 invenisset,
2388 4187 2521 4225 eum
2554 4170 3025 4239 comprehendit,
3060 4176 3118 4224 et
3144 4171 3405 4226 vinctum
3458 4174 3656 4240 traxit,

2010 4259 2374 4328 adduxitque
2406 4258 2479 4312 ad
2511 4258 2827 4321 civitatem,
2849 4263 3025 4327 atque
3051 4258 3110 4311 in
3134 4275 3431 4314 carcerem
3454 4260 3657 4315 detru-

2012 4348 2107 4401 sit.
2140 4345 2361 4401 Deinde
2388 4348 2635 4398 conatus
2658 4350 2747 4397 est
2768 4344 2820 4397 ei
2850 4344 3231 4414 persuadere,
3266 4352 3331 4400 ut
3359 4346 3657 4401 Christum

2010 4438 2348 4510 abnegaret.
2379 4433 2492 4490 Sed
2525 4449 2661 4488 cum
2688 4432 2761 4487 ad
2784 4433 2844 4487 id
2866 4433 3036 4487 illum
3059 4433 3342 4490 inducere
3368 4436 3661 4506 nequivis-

2010 4532 2118 4593 set,
2149 4524 2417 4580 membra
2443 4523 2669 4592 aliquot
2700 4538 2771 4576 ex
2827 4522 2955 4593 ejus
3004 4538 3249 4594 corpore
3290 4523 3570 4593 exsecuit,
3603 4529 3662 4597 et

2008 4617 2069 4670 in
2100 4612 2383 4670 craticula
2440 4610 2677 4665 assavit.
2734 4611 2945 4665 Postea
2987 4610 3345 4666 inﬂammari
3402 4611 3658 4668 lebetem

2002 4703 2205 4777 jussit,
2236 4702 2298 4757 in
2330 4716 2507 4772 quem
2537 4699 2639 4753 ille
2685 4699 3107 4754 immitteretur
3154 4717 3221 4756 ac
3271 4700 3656 4759 ustularetur.

2010 4796 2077 4848 At
2107 4791 2236 4847 dum
2271 4788 2487 4861 aquilae
2519 4788 2715 4858 ipsum
2746 4787 3064 4859 praesidem
3096 4794 3340 4861 repente
3380 4790 3659 4847 attollen-

2008 4887 2119 4949 tes,
2166 4881 2228 4934 in
2285 4877 2544 4933 lebetem
2604 4875 2958 4947 injecerunt.
3026 4878 3274 4934 Sanctus
3328 4896 3463 4935 vero
3521 4896 3657 4937 cum

2008 4977 2219 5035 parum
2252 4957 2693 5031 supervixisset,
2728 4957 2790 5012 in
2827 4974 2971 5029 pace
3000 4958 3276 5017 decessit.

796 5078 979 5135 MHNI
1019 5079 1108 5134 ΤΩ
1145 5077 1347 5134 ΑΥΤΩ.

2566 5063 2806 5118 EODEM
2845 5063 2993 5119 MEN
3001 5062 3100 5118 SE.

1034 5166 1113 5223 ll"
2542 5161 2643 5217 Die
2677 5161 2909 5218 decima
2941 5162 3117 5218 tertia

2277 5265 2560 5323 Certamen
2588 5268 2765 5321 sancti
2793 5265 3093 5323 Crescentis
3120 5265 3404 5338 martyris,

249 3390 355 3451 τῆς
411 3380 754 3444 τελειώσεως
814 3380 1002 3448 αὑτοῦ,
1062 3378 1320 3443 εἰσελθὼν
1381 3376 1432 3432 ἐν
1486 3380 1565 3447 τῷ
1628 3378 1744 3447 ναῷ
1797 3376 1907 3428 τῶν

249 3469 546 3542 Ἑλλήνων
584 3470 722 3543 μετὰ
754 3468 1023 3525 Σισιννίου
1050 3473 1148 3524 τοῦ
1198 3462 1495 3523 ἐπισκόπου
1535 3463 1701 3519 αὑτοῦ
1751 3464 1911 3517 κατε-

250 3565 448 3637 στρεψε
478 3560 548 3614 τά
578 3557 805 3619 εἰδωλα,
844 3559 944 3613 Καὶ
980 3559 1167 3631 μαθὼν
1197 3561 1361 3612 τοῦτο
1400 3554 1547 3630 παρᾶ
1587 3557 1696 3608 τῶν
1748 3548 1908 3605 εἰδω-

247 3646 546 3725 λολατρῶν
578 3650 608 3703 6
639 3655 739 3718 τῆς
771 3649 963 3724 χώρας
995 3645 1208 3724 ἅρχων,
1241 3645 1457 3716 ἀπῆλθε
1499 3650 1765 3720 κρατῆσαι
1812 3640 1905 3695 τὸν

242 3736 693 3805 ἐπίσκοπον,Μὶ
745 3739 979 3807 νοσήσας
1038 3732 1423 3791 ἐκινδύνευσεν.
1483 3732 1616 3790 Εἶτα
1672 3731 1909 3805 ἐμήνυσε

249 3832 328 3899 τῷ
392 3826 681 3899 ἐπισκόπῳ
735 3824 982 3897 εὔξασθαι
1033 3826 1164 3899 ὑπὲρ
1223 3826 1414 3897 αὑτοῦ,
1490 3823 1580 3878 καὶ
1662 3822 1706 3877 εἰ
1757 3820 1904 3895 τύχῃ

250 3915 494 3989 ὑγιείας,
553 3922 768 3990 χρυσῆν
819 3914 999 3970 εἰκόνα
1056 3916 1372 3985 ἀναστήσειν
1431 3913 1600 3985 αὐτῷ.
1659 3911 1907 3986 Τγιάνας

244 4005 364 4076 οὖν,
402 4006 694 4081 ἆπήρχετο
724 4005 860 4079 πρὸς
890 4005 1239 4079 Καισάρειαν,
1299 4004 1390 4058 καὶ
1444 4001 1581 4057 κατᾶ
1626 4003 1725 4070 τήν
1779 3997 1904 4055 ὁδὸν

244 4095 423 4170 εὑρὼν
509 4095 816 4169 Ἀρτέμονα
898 4090 1265 4170 πρεσϐύτερον
1347 4092 1636 4168 ἐκράτησεν
1718 4090 1900 4144 αὐτόν’

237 4185 330 4238 καὶ
365 4181 545 4254 δήσας
578 4180 755 4259 ἔσυρε,
782 4183 873 4237 καὶ
912 4182 1202 4258 ἀπαγαγὼν
1264 4181 1340 4244 εἰς
1386 4184 1484 4251 τήν
1530 4179 1717 4247 πόλιν,
1770 4179 1903 4233 ἀπέ-

232 4271 458 4328 κλεισεν
526 4270 605 4333 εἰς
664 4272 937 4350 φυλακήν.
995 4273 1130 4327 Εἶτα
1211 4269 1507 4346 ἠνάγκασεν
1573 4270 1902 4343 ἀρνήσασθαι

232 4363 329 4415 τὸν
362 4361 630 4435 Χριστόνο
663 4360 755 4414 καὶ
792 4361 867 4432 μὴ
918 4359 1125 4431 πείσας,
1178 4358 1320 4432 μέλη
1368 4359 1487 4413 τινὰ
1533 4358 1639 4411 τῶν
1691 4360 1900 4430 σαρκῶν

232 4451 417 4505 αὐτοῦ
447 4448 720 4521 ἐκτεμὼν,
773 4445 1024 4518 ὣπτησεν
1082 4447 1135 4502 ἐν
1194 4447 1419 4523 ἐσχάρᾳ.
1484 4445 1579 4501 Καὶ
1636 4446 1758 4500 τότε
1815 4443 1901 4499 ἐκ·

230 4544 468 4601 καὲντος
532 4533 772 4609 λέϐητος
839 4536 928 4592 ἐπὶ
995 4541 1073 4609 τῷ
1146 4532 1492 4610 ἐμϐληθῆναι
1570 4534 1753 4604 αὑτὸν,
1811 4531 1900 4588 καὶ

224 4638 466 4701 καῆναι,
501 4631 642 4705 ᾕραν
672 4630 817 4685 ἀετοὶ
853 4627 948 4685 δύο
978 4630 1069 4683 τὸν
1103 4626 1346 4704 ἄρχοντα
1400 4626 1489 4682 καὶ
1538 4621 1792 4681 ἐνέϐαλον
1824 4623 1899 4687 εἰς
1933 4642 1978 4706 D

224 4718 424 4775 αὐτόν·
462 4719 492 4773 6
537 4716 595 4774 δὶ
637 4719 789 4796 ἅγιος
847 4718 1041 4793 ὀλίγον
1101 4712 1372 4787 ἐπιϐιοὺς,
1432 4716 1483 4771 ἐν
1544 4715 1731 4791 εἰρήνῃ
1788 4713 1896 4770 ἐτε-

221 4807 476 4879 λειώθη.

430 5263 709 5334 ’Δθλησις
740 5268 837 5319 τοῦ
867 5264 1025 5340 ἁγίου
1058 5265 1330 5340 μάρτυρος
1361 5263 1704 5333 Κρίσκεντος.

2078 5384 2366 5439 Crescens
2395 5383 2613 5439 Christi
2643 5389 2867 5455 martyr
2907 5383 3020 5439 fuit
3066 5399 3136 5439 ex
3185 5383 3417 5440 civitate
3464 5385 3662 5457 Myrm,

1986 5473 2209 5531 minus
2239 5474 2482 5545 pietate,
2516 5490 2692 5544 quam
2736 5478 3040 5529 senectute
3095 5474 3472 5532 venerabilis.
3519 5476 3664 5529 Cum

2007 5568 2209 5618 autem
2240 5561 2465 5618 multos
2496 5562 2655 5617 idola
2685 5561 2951 5617 colentes
2983 5568 3274 5632 cerneret,
3310 5564 3371 5618 in
3396 5561 3662 5618 medium

2007 5651 2248 5708 illorum
2279 5651 2579 5724 prosiluit,
2611 5650 2935 5709 adhortans
2960 5652 3117 5721 illos,
3145 5658 3217 5713 ut,
3235 5667 3500 5709 errorem
3557 5650 3664 5707 de-

2009 5744 2393 5809 testarentur,
2429 5743 2485 5793 et
2516 5739 2588 5793 ad
2623 5737 2921 5795 Christum
2952 5739 3319 5807 accederent,
3376 5744 3554 5809 atque
3586 5738 3668 5791 ita

304 5379 563 5455 Κρίσκης
597 5383 627 5436 ὁ
657 5385 754 5435 τνῦ
793 5383 1028 5458 Χριστοῦ
1089 5383 1317 5456 μάρτυς,
1379 5380 1625 5455 ὑπῆρχεν
1685 5376 1746 5435 ἐκ
1794 5384 1896 5447 τῆς

221 5469 462 5535 πόλεως
492 5470 715 5546 Μύρων,
750 5466 987 5540 εὐλαϐὴς
1039 5468 1110 5526 ὢν
1166 5470 1257 5526 καὶ
1313 5469 1563 5545 γηραιός.
1614 5468 1789 5545 Ὁρῶν
1838 5466 1898 5525 δὲ

216 5559 495 5625 πολλοὺς
554 5566 995 5639 προσκυνοῦντας
1047 5561 1114 5617 τὰ
1168 5558 1395 5633 εἴδωλα,
1482 5557 1741 5625 εἰσελθὼν
1803 5558 1896 5633 μὲ-

218 5672 323 5707 σον
384 5651 572 5709 αὐτῶν
641 5650 876 5727 παρῄνει
960 5650 1168 5721 αὐτοῖς,
1258 5648 1562 5721 ἀποστῆναι
1642 5651 1736 5723 μὶν
1792 5656 1894 5720 τῆς

212 5742 477 5815 πλάνης,
511 5740 845 5821 προσελθεῖν
878 5737 937 5797 δὶ
964 5745 1044 5813 τῷ
1099 5744 1348 5817 Χριστῷ,
1398 5739 1489 5796 καὶ
1536 5741 1802 5811 σωθῆναι.
1834 5740 1897 5798 Ὀ
