4086 6204
448 386 568 450 399

1771 385 2199 450 MENOLOGII
2241 386 2450 451 PARS
2492 388 2570 452 ll.

3743 405 3866 466 400

415 495 706 598 “propriis
733 522 910 580 saluti
971 520 1372 578 consulerent.
1423 523 1546 588 Quo
1601 521 1836 592 cognito
1885 540 2093 594 praases

2222 517 2280 574 δὲ
2337 518 2566 595 ἡγεμὼν
2625 523 2811 596 μαθὼν
2860 526 3044 595 τοῦτο,
3128 522 3420 603 ἐκράτησεν
3505 528 3692 587 αὐτόν·
3775 536 3870 591 καὶ

457 615 628 671 illum
659 611 1106 685 comprehendi,
1152 616 1212 666 et
1265 627 1465 667 coram
1511 629 1572 668 se
1622 612 1836 668 adduci
1885 613 2106 686 jussit;

455 707 955 778 percontatusque
977 705 1068 755 est
1091 699 1164 755 ab
1191 717 1258 756 eo
1275 717 1482 774 genus,
1500 702 1776 774 patriam,
1809 708 1869 758 et
1888 719 2108 758 nomen

451 789 778 863 ipsius.llle
799 805 935 844 vero
959 789 1110 845 nihil
1131 790 1294 845 aliud
1317 791 1736 864 respondebat,
1769 792 1908 860 nisi,
1941 791 2108 846 Chri-

447 879 681 954 stianus
708 895 860 934 sum.
896 879 1122 934 Praeses
1152 886 1351 936 autem
1383 881 1532 936 dixit
1561 897 1574 936 :
1609 883 1865 938 Externa
1895 881 2106 937 saltem

451 966 648 1039 specie
680 966 792 1021 diis
825 967 1092 1023 sacriﬁca
1115 1011 1128 1036 ,
1163 968 1338 1025 corde
1375 987 1509 1026 vero
1563 975 1623 1026 et
1668 972 1870 1027 animo
1921 971 2105 1026 Deum

447 1061 618 1112 tuum
652 1056 855 1112 adora.
884 1050 957 1112 'At
984 1056 1086 1113 ille
1118 1057 1179 1112 id
1223 1074 1532 1130 respuens,
1584 1077 1916 1133 magnaque
1965 1075 2104 1116 voce

447 1145 746 1201 Christum
769 1145 1099 1216 confessus,
1132 1163 1200 1202 ac
1230 1147 1390 1203 idola
1420 1149 1702 1220 rejiciens
1749 1156 1809 1206 et
1837 1155 2103 1206 contem-

445 1250 620 1302 nens,
649 1235 908 1306 primum
970 1235 1212 1306 quidem
1261 1236 1322 1292 in
1371 1236 1533 1306 ligno
1591 1254 1937 1310 suspensus,
2001 1237 2103 1293 diu

443 1323 820 1396 multumque
851 1325 1113 1397 depexus
1154 1331 1264 1394 est,
1317 1332 1376 1381 et
1419 1326 1648 1383 facibus
1702 1329 1764 1384 in
1816 1327 2102 1383 lateribus

443 1415 763 1472 ustulatus.
798 1415 896 1472 58
956 1415 1180 1472 Deinde
1209 1415 1350 1472 vdro
1384 1433 1414 1472 e
1445 1417 1606 1490 ligno
1637 1417 1965 1489 depositus,
1995 1417 2100 1473 de-

447 1521 569 1561 nuo
617 1503 796 1560 idolis
854 1505 1190 1561 sacriticare
1247 1506 1686 1578 impellebatur.
1745 1507 1910 1573 Quod
1967 1525 2102 1564 cum

445 1593 642 1650 facere
672 1593 1082 1663 detrectasset,
1112 1595 1174 1650 in
1231 1595 1536 1669 ingentem
1598 1595 1752 1670 ignis
1796 1595 2100 1653 fornacem

447 1683 728 1756 injectus,
761 1683 1040 1757 spiritum
1069 1691 1189 1742 Deo
1219 1685 1501 1743 reddidit.

448 1828 512 1884 Et
538 1830 804 1885 memoria
831 1830 1024 1885 Sancti
1052 1831 1235 1885 Patris
1281 1833 1460 1885 nostri
1490 1829 1696 1886 Basilii
1737 1831 2096 1901 Confessam.

516 2047 766 2106 Sanctus
795 2052 971 2106 Pater
998 2055 1202 2106 noster
1230 2050 1483 2106 Basilius
1515 2051 1587 2107 ab
1637 2051 1883 2108 ineunte
1932 2057 2104 2110 astate

447 2141 635 2197 Deum
693 2140 947 2197 dilexit:
1010 2157 1369 2213 omnemque
1425 2142 1702 2197 virtutem
1772 2148 2101 2212 assecutus,

449 2231 584 2287 Pari
615 2230 930 2303 episcopus
962 2237 1197 2287 creatus
1247 2231 1379 2300 fuit,
1429 2231 1750 2304 impiorum
1803 2233 2102 2288 iconoma-

447 2321 698 2378 chorum
731 2322 1100 2395 temporibus
1156 2322 1322 2388 Quod
1353 2331 1551 2378 autem
1593 2324 1862 2396 exemplo
1912 2325 2102 2380 sancti

445 2411 613 2468 Pauli
645 2410 828 2467 divini
857 2429 923 2468 ac
955 2412 1150 2484 magni
1184 2412 1436 2484 apostoli
1495 2413 1734 2480 Christi,
1786 2415 2102 2470 convenire

445 2501 742 2558 noluisset
763 2519 899 2557 cum
921 2501 1105 2574 impia
1127 2518 1331 2556 eorum
1356 2502 1590 2571 haeresi,
1610 2503 1712 2574 qui
1737 2504 2102 2560 venerandas

449 2592 686 2648 Domini
710 2592 898 2648 nostri
919 2593 1054 2647 Jesu
1079 2592 1315 2656 Christi,
1332 2608 1564 2648 necnon
1579 2592 1946 2648 intemerata:
1974 2594 2102 2665 ejus

450 2681 770 2738 Genitricis
801 2681 1073 2754 gloriosas
1108 2681 1370 2736 Dominus
1402 2686 1622 2736 nostrae
1654 2683 1921 2754 Deiparw
1955 2699 2103 2738 sem-

444 2787 671 2844 perque
727 2770 972 2840 virginis
1027 2770 1244 2839 Μαι-ἰῶ,
1313 2776 1772 2842 sanctorumque
1829 2771 2101 2828 omnium

447 2860 740 2934 imagines
798 2859 1302 2928 contemnebant;
1355 2865 1414 2914 et
1470 2859 1628 2931 quod
1677 2860 1884 2932 iniquo
1935 2861 2101 2916 volu-

442 2949 590 3006 mini
647 2951 709 3005 in
763 2949 1104 3006 orthodoxae
1160 2949 1299 3005 ﬁdei
1360 2949 1803 3005 subversionem
1860 2951 2099 3006 condito

445 3039 821 3096 subscribere
852 3044 1205 3107 recusasset,
1240 3044 1424 3094 totam
1455 3039 1633 3094 vitam
1667 3056 1835 3095 suam
1875 3041 1937 3095 in
1968 3057 2100 3112 per-

445 3128 873 3202 secutionibus,
933 3127 1385 3196 tentationibus,
1431 3129 1716 3184 (erumnis
1767 3136 1945 3201 atque
1993 3147 2101 3186 an-

445 3218 658 3290 gustiis
692 3217 972 3283 traduxit,
1007 3231 1038 3272 e
1071 3217 1200 3273 loco
1233 3217 1296 3272 in
1326 3217 1524 3273 locum
1555 3235 1792 3290 semper
1817 3219 2097 3274 transmi-

2127 1909 2176 1974 Β

2213 609 2432 700 ἀγαγὼν
2466 607 2770 688 ἔμπροσθεν
2822 613 3008 685 αὐτοῦ,
3061 616 3314 691 ⁴ἠρώτησε
3359 617 3562 696 τύχην,
3608 621 3864 700 πατρίδα,

2213 699 2302 755 κκὶ
2333 697 2528 775 ὄνομα.
2585 703 2647 760 Ὁ
2693 701 2751 759 δὶ
2801 702 2958 761 οὐδὲν
3005 703 3188 783 ἕτερον
3239 706 3449 784 ἔλεγεν,
3495 710 3556 782 ἢ,
3599 712 3683 768 ὅτι
3718 697 3870 790 ἽΧρι-

2213 791 2428 852 στιανός
2476 790 2612 865 εἰμι.
2672 794 2734 850 Ὁ
2802 791 2860 850 δὲ
2915 797 3143 871 ἡγεμὼν
3202 793 3328 876 ἔφη·
3387 803 3556 856 Θῦσον
3609 806 3860 878 σχήματι

2217 879 2370 954 μόνῳ
2397 887 2514 945 τοῖς
2549 888 2713 955 θεοῖς,
2743 885 2834 940 καὶ
2883 886 3170 960 προσκύνει
3217 889 3353 944 κατά
3406 893 3591 967 ψυχὴν
3638 898 3718 967 τῷ
3746 901 3864 970 Θεῷ

2214 989 2331 1028 σου.
2371 971 2433 1028 Ὀ
2473 968 2531 1027 δε
2588 969 2740 1048 ἅγιος
2800 976 2878 1046 μή
2933 973 3383 1052 καταδεξάμενος,
3439 979 3584 1037 ἀλλά
3641 968 3856 1061 μεγάλη

2206 1061 2276 1133 τῇ
2335 1063 2492 1138 φωνῇ
2550 1062 2642 1117 τὸν
2721 1064 2953 1138 Χριστὸν
3035 1066 3361 1144 ὁμολογῶν,
3417 1068 3483 1124 τὰ
3538 1066 3595 1126 δὲ
3652 1069 3861 1130 εἴδωλα

2209 1143 2512 1225 διελέγχων
2569 1151 2660 1206 καὶ
2719 1153 3022 1226 ἀτιμάζων,
3076 1159 3300 1231 πρῶτον
3381 1159 3476 1232 μὶν
3542 1159 3628 1215 έπί
3689 1160 3857 1232 ξὺλου

2206 1238 2535 1326 κρεμασθείς
2565 1237 2746 1311 ἐξέσθη
2779 1239 2868 1296 ἐπὶ
2926 1240 3096 1314 πολὺ,
3150 1243 3240 1299 κεῖ
3287 1245 3536 1319 λαμπάσι
3592 1247 3865 1326 κατεφλέ-

2210 1326 2319 1402 χθη
2352 1326 2451 1389 τάς
2481 1324 2745 1403 πλευράςο
2778 1330 3008 1387 Ἔπειτα
3061 1335 3160 1386 τοῦ
3207 1333 3373 1404 ξύλου
3419 1324 3862 1410 κπαϐιὸασθεὶς,

2204 1412 2369 1470 πάλιν
2401 1415 2734 1490 ἠναγκάζετο
2783 1419 2938 1474 θῦσαι
2986 1425 3104 1483 τοῖς
3162 1419 3439 1488 εἰδώλοις.
3499 1425 3586 1488 Ὠς
3647 1423 3704 1482 δὲ
3761 1427 3866 1484 οὐκ

2207 1499 2453 1575 ἆπεῖσθη,
2485 1503 2561 1567 εἷς
2592 1507 2822 1580 κάμινον
2880 1507 3129 1584 μεγάλην
3184 1511 3353 1588 πυρὸς
3403 1507 3730 1587 ἐμϐληθεὶς,
3777 1521 3866 1590 τῷ

2203 1597 2320 1666 Θεῷ
2348 1595 2412 1650 τὸ
2442 1599 2655 1671 πνεῦμα
2686 1595 2989 1674 παρέδωκε.

2205 1826 2304 1881 Καὶ
2340 1828 2534 1901 μνήμη
2565 1832 2663 1884 τοῦ
2721 1827 3046 1923 έκιᾼῃὰγίίοιςἼ
3073 1831 3285 1919 Πατρός
3342 1833 3504 1906 ἡμῶν
3564 1834 3862 1894 Βασιλείου

2751 1904 2849 1956 τοῦ
2882 1899 3286 1977 Ὀμολογητοῦ.

2281 2041 2342 2098 Ὁ
2375 2039 2428 2096 έν
2458 2039 2633 2116 ἁγίοις
2689 2043 2875 2119 Πατὴρ
2932 2045 3096 2117 ἡμῶν
3149 2045 3459 2120 Βασίλειος,
3508 2047 3568 2104 ἐκ
3619 2049 3861 2129 βρὲφους

2208 2129 2300 2184 τὸν
2334 2129 2461 2185 Θεὸν
2512 2130 2822 2206 ἀγαπήσας,
2867 2131 2955 2188 καὶ
3010 2137 3182 2189 πᾶσαν
3242 2135 3438 2211 άρετήν
3483 2141 3862 2214 κατορθώσας,

2208 2225 2604 2294 χειροτονεῖται
2635 2219 2842 2297 Παρίου
2871 2220 3168 2288 ἐπίσκοπος
3199 2224 3288 2280 ἐπὶ
3313 2226 3422 2281 τῶν
3480 2228 3691 2302 χρόνων
3741 2235 3858 2286 τῶν

2211 2303 2484 2364 δυσσεϐὦν
2561 2308 2967 2386 εἷκονομάγων.
3051 2313 3240 2375 ’Όστις
3293 2315 3431 2370 κατά
3485 2316 3701 2373 Παῦλον
3761 2319 3865 2376 τὸν

2211 2398 2380 2462 θεῖον,
2411 2398 2503 2453 καὶ
2534 2399 2696 2474 μέγαν
2745 2399 3052 2457 ἀπόστολον
3100 2405 3198 2456 τοῦ
3249 2404 3506 2480 Χριστοῦ,
3556 2403 3647 2462 διὰ
3675 2407 3740 2462 τὸ
3771 2411 3857 2481 μὴ

2208 2489 2494 2557 πεισθῆναι
2555 2487 2828 2554 συνελθεῖν
2882 2493 2950 2564 τῇ
3011 2486 3260 2546 δυσσεϐεῖ
3315 2493 3513 2568 αἱρέσει
3570 2499 3680 2551 τῶν
3732 2498 3866 2552 ἀθε-

2204 2576 2446 2632 τοόντων
2499 2577 2601 2646 τὴν
2658 2579 2962 2634 πάνσεπτον
3045 2578 3226 2636 εῗκόνα
3280 2586 3379 2637 τοῦ
3438 2583 3635 2659 Κυρίου
3689 2587 3860 2660 ἡμιῖιν

2208 2665 2388 2736 Ἰησοῦ
2434 2667 2698 2742 Χριστοῦ,
2755 2666 2846 2722 καὶ
2901 2673 3000 2738 τῆς
3055 2668 3434 2744 παναχράντου
3492 2673 3658 2728 αὐτοῦ
3717 2675 3860 2746 Μη-

2203 2754 2333 2827 τρὸς
2366 2756 2599 2828 Μαρίας,
2629 2761 2728 2825 τῆς
2759 2753 2972 2827 ἐνδόξου
3003 2758 3304 2830 Δεσποίνης
3353 2761 3514 2832 ἡμῶν
3564 2763 3860 2838 Θεοτόκου,

2205 2843 2294 2898 καὶ
2357 2843 2730 2916 ἁειπαρθένου,
2811 2845 2899 2900 καὶ
2958 2847 3168 2902 πάντων
3229 2848 3417 2925 ἁγίων
3477 2851 3566 2905 καὶ
3625 2852 3701 2926 μὴ
3763 2864 3864 2917 θε-

2208 2931 2371 3001 λῆσαι
2407 2933 2712 3008 ὑπογράψαι
2773 2934 2849 2998 εἷς
2903 2936 2996 2991 τὸν
3054 2934 3238 2992 ἄδικον
3293 2938 3485 3012 τόμον,
3544 2939 3631 2995 ἐπὶ
3686 2962 3859 2997 κατα-

2209 3017 2362 3076 λύσει
2419 3029 2521 3093 τῆς
2579 3021 2872 3098 ὄρθοδόξου
2929 3024 3184 3096 πίστεως,
3267 3029 3367 3098 τὴν
3452 3030 3595 3099 ζωήν
3687 3029 3864 3087 αὑτοῦ

2207 3111 2414 3166 ἅπασαν
2457 3109 2508 3166 ἐν
2563 3109 2853 3188 διωγμοῖς,
2911 3115 3002 3170 καὶ
3059 3121 3404 3190 πειρασμοῖς,
3463 3118 3552 3173 καὶ
3611 3119 3860 3196 θλίψεσι,

2205 3199 2297 3256 καὶ
2330 3202 2720 3277 στενοχωρίαις
2755 3201 3024 3275 διήνυσεν,
3055 3204 3162 3260 ἀπὸ
3189 3205 3361 3262 τόπου
3417 3205 3494 3270 εἷς
3543 3207 3710 3265 τόπον
3755 3211 3866 3275 τὰς

442 3285 620 3379 graus
668 3310 727 3360 et
776 3305 1027 3380 fugiens.
1091 3308 1281 3378 Atque
1340 3306 1424 3363 ita
1497 3285 1739 3363 Patrum
1813 3307 2093 3364 institutis

2214 3285 2558 3362 μεταϐάσεις,
2612 3293 2702 3347 καὶ
2761 3293 2930 3372 φυγάς
2986 3293 3068 3350 ἀεὶ
3142 3295 3487 3369 ποιούμενος·
3563 3298 3654 3354 καὶ
3713 3299 3868 3356 οὕτω

445 3395 776 3466 adhaerens,
811 3401 871 3452 et
899 3413 1004 3469 pro
1037 3396 1122 3452 eis
1153 3395 1485 3465 decertans,
1519 3401 1696 3468 atque
1735 3397 1807 3452 ab
1861 3397 2099 3453 haereti-

444 3501 649 3541 corum
684 3486 1076 3542 conventibus
1133 3503 1320 3558 usque
1380 3485 1455 3541 ad
1508 3485 1690 3542 finem
1743 3486 2094 3558 abhorrens,

440 3575 714 3648 migravit
741 3575 816 3632 ad
848 3576 1190 3632 Dominum.

549 3735 626 3788 'Et
651 3739 928 3790 certamen
957 3733 1137 3790 sancti
1163 3736 1423 3804 martyris
1449 3734 1749 3790 Eleutherii
1777 3737 1974 3791 Persae.

507 3941 886 3998 Eleutherius
969 3941 1185 3997 Christi
1274 3947 1500 4014 martyr
1581 3943 1696 3998 fuit
1761 3961 1791 3999 e
1849 3945 2090 4016 regione

437 4031 696 4089 Persidis
729 4031 1038 4087 oriundus.
1091 4032 1236 4087 Cum
1293 4049 1428 4087 vero
1483 4032 1852 4088 Christianus
1909 4039 2085 4102 esset,

438 4127 498 4178 et
553 4122 850 4178 Christum
919 4121 1212 4194 diligeret,
1299 4121 1448 4176 adiit
1525 4127 1796 4176 sanctum
1854 4121 2087 4177 Simeo-

436 4229 576 4270 nem
634 4213 999 4286 episcopum,
1061 4218 1119 4267 et
1173 4211 1246 4268 ab
1305 4211 1408 4266 illo
1465 4212 1784 4284 perfectius
1844 4212 2087 4268 edoctus

437 4309 529 4361 est
565 4303 812 4359 verbum
872 4303 1153 4358 veritatis.
1213 4301 1437 4357 Deinde
1494 4301 1558 4357 in
1617 4301 1858 4357 domum
1917 4319 2086 4358 suam

433 4393 949 4469 regressus.etiam
967 4394 1093 4465 ipse
1119 4392 1268 4448 alios
1290 4390 1363 4447 ad
1387 4408 1448 4447 se
1470 4391 1820 4448 accedentes
1851 4391 2088 4448 edocuit

433 4499 565 4555 qua
578 4483 652 4540 ad
664 4484 879 4540 Christi
894 4481 1402 4555 dispensationem
1420 4481 1748 4553 pertinent:
1773 4498 1888 4553 quo
1913 4487 2084 4554 pacto

429 4573 718 4628 nimirum
748 4590 883 4629 cum
914 4573 1069 4628 Deus
1099 4577 1257 4628 esset
1286 4571 1512 4626 nullius
1558 4571 1848 4644 indigens,
1901 4571 2085 4628 voluit

2205 3385 2314 3435 τῶν
2378 3383 2664 3456 Ιιατρικῶν
2727 3379 3018 3458 δογμάτων
3088 3385 3507 3460 προϊστάμενος,
3581 3389 3672 3444 καὶ
3744 3395 3866 3446 τῶν

2204 3465 2513 3542 κακοδόξων
2544 3473 2640 3534 τὰς
2685 3471 2927 3543 συνάξεις
2975 3477 3150 3547 μισῶν
3213 3475 3382 3550 μέχρι
3437 3476 3653 3548 τέλους,
3710 3480 3862 3554 πρὸς

2203 3559 2333 3614 Θεὸν
2375 3557 2524 3633 έξεδή
2535 3581 2724 3633 μησεν.

2201 3713 2305 3771 Καὶ
2362 3713 2592 3785 ἄθλησις
2645 3719 2743 3771 τοῦ
2801 3715 3283 3864 άγίἩὲρὲὲίρτυρος
3351 3717 3697 3797 Ἐλευθερίου
3751 3727 3862 3779 τοῦ

2273 3935 2614 4015 Ἐλευθέριος
2657 3939 2684 3994 ὁ
2714 3943 2811 3994 τοῦ
2840 3941 3075 4013 Χριστοῦ
3105 3939 3310 4015 μάρτυς
3341 3941 3586 4018 ὑπῆρχεν
3632 3942 3692 3999 ὲκ
3741 3953 3850 4017 τῆς

2199 4027 2388 4104 χώρας
2422 4025 2682 4101 Περσίδος
2719 4030 3038 4104 Χριστιανὸς
3085 4025 3142 4084 δὲ
3191 4030 3287 4100 ὥν,
3338 4032 3426 4086 καὶ
3475 4034 3566 4087 τὸν
3614 4036 3854 4109 Χριστὸν

2197 4117 2446 4192 ἀγαπῶν,
2478 4115 2764 4193 ἀπήρχετο
2794 4120 2929 4192 πρὸς
2967 4121 3059 4174 τὸν
3105 4119 3254 4194 ἅγιον
3304 4122 3528 4194 Συμεὼν
3576 4127 3667 4178 τὸν
3719 4124 3855 4181 έπί-

2196 4227 2419 4274 σκοπον,
2453 4207 2542 4261 καὶ
2597 4208 2724 4280 παρ’
2778 4207 2940 4262 αὐτοῦ
2996 4207 3326 4285 τελεώτερον
3387 4207 3694 4268 ἐδιδάσκετο
3747 4215 3855 4271 λύ-

2191 4317 2286 4372 γον
2343 4299 2442 4366 τῆς
2503 4296 2782 4367 ἀληθείας·
2841 4298 2932 4352 καὶ
2987 4298 3339 4376 ὑποστρέφων
3394 4300 3471 4364 εἷς
3538 4303 3629 4358 τὸν
3689 4307 3853 4362 οἷκον

2193 4386 2379 4456 αὑτοῦ,
2410 4383 2657 4441 ἐδίδασκε
2687 4387 2776 4441 καὶ
2810 4386 2968 4450 αὐτὸς
3001 4386 3127 4450 τοὺς
3159 4391 3647 4466 προσερχομένους
3697 4393 3856 4468 αὑτῷ

2191 4475 2260 4529 τὰ
2289 4475 2544 4551 περὶτῆς
2579 4473 2904 4550 οἰκονομίας
2941 4481 3039 4531 τοῦ
3090 4481 3350 4547 Χριστοῦ’
3401 4479 3552 4544 ὅπως
3595 4481 3728 4543 Θεὸς
3770 4480 3851 4539 ὢν

2191 4560 2520 4638 ἀπροσδεὴς,
2570 4563 2812 4634 ἠθέλησε
2881 4564 3125 4641 γενέσθαι
3182 4564 3488 4641 ἄνθρωπος,
3553 4569 3642 4624 ἳνα
3689 4571 3850 4647 σώσῃ

429 4659 608 4715 homo
637 4662 787 4729 ﬁeri,
819 4667 887 4716 ut
937 4661 1240 4716 hominem
1295 4661 1565 4729 salvaret,
1615 4677 1726 4716 nec
1783 4661 2087 4732 prOpriam

2204 4654 2284 4708 τὸν
2309 4651 2616 4728 ἄνθρωπον,
2653 4654 2727 4727 μή
2760 4653 2985 4730 τραπεὶς
3034 4655 3133 4724 τήν
3183 4655 3366 4711 οὑσίαν
3419 4659 3553 4730 μετά
3591 4660 3693 4728 τήν
3740 4668 3851 4731 τῆς

429 4749 752 4804 essentiam
777 4751 1023 4805 mutavit
1043 4751 1580 4821 propterunionem
1603 4766 1737 4805 cum
1751 4751 2084 4806 humanita-

428 4841 524 4904 te;
559 4836 663 4892 sed
697 4844 852 4894 totus
900 4855 1263 4910 permanens
1317 4840 1492 4905 Deus,
1545 4845 1700 4894 totus
1741 4839 1932 4896 factus
1992 4847 2082 4896 est

431 4924 628 4981 homo.
658 4929 802 4982 Cum
832 4928 1011 4999 igitur
1031 4928 1111 4982 ita
1128 4927 1369 4983 doceret
1408 4934 1648 4983 sanctus
1679 4928 2075 4995 Eleutherius,

429 5019 488 5070 et
520 5015 740 5071 multos
785 5033 856 5071 ex
915 5015 1258 5071 infidelibus
1315 5023 1705 5079 converteret,
1763 5033 1832 5072 ac
1883 5017 2078 5090 bapti-

428 5109 604 5171 zaret,
639 5105 833 5160 Persis
863 5104 1144 5168 innotuit,
1196 5104 1295 5174 qui
1345 5105 1542 5177 ignem
1590 5105 1936 5174 adorabant,
1985 5113 2075 5162 at-

431 5208 545 5262 que
567 5191 640 5246 ab
664 5193 757 5248 his
779 5193 1164 5248 denuntiatus
1190 5193 1658 5264 estregi.Captus
1679 5191 2072 5263 proindefuit,

425 5286 486 5335 et
511 5280 586 5335 ad
612 5297 809 5353 regem
839 5280 1177 5336 adductus:
1229 5281 1332 5337 54
1384 5280 1485 5351 qui
1529 5297 1663 5334 cum
1714 5296 1848 5335 eum
1900 5281 2076 5337 inter-

418 5375 703 5442 rogaSset.
737 5375 915 5441 atque
939 5369 1066 5441 ejus
1097 5370 1491 5424 constantiam
1519 5370 1904 5440 cognovisset,
1953 5376 2069 5426 tra-

417 5457 569 5513 didit
597 5459 794 5530 ipsum
825 5458 1126 5532 Magorum
1157 5455 1548 5529 principibus,
1584 5457 1876 5512 mandans
1923 5458 2064 5520 illis,

413 5552 480 5602 ut
518 5547 571 5602 ei
616 5547 1046 5620 persuaderent
1088 5545 1320 5602 Christo
1370 5546 1734 5602 renuntiare.
1788 5547 1880 5601 Illi
1929 5565 2064 5603 vero

2187 4741 2612 4818 ἀνθρωπὸτητος
2665 4738 2882 4811 ἕνωσιν,
2969 4741 3118 4798 ἀλλὰ
3180 4742 3314 4806 ’ὀλος
3362 4747 3491 4808 Θεὸς
3550 4744 3645 4817 ὢν,
3708 4747 3850 4813 δλος

2187 4832 2482 4906 γενόμενος
2541 4829 2850 4907 ἅνθρωπος.
2911 4829 3186 4888 Διδάσκων
3247 4831 3306 4888 δὲ
3358 4835 3386 4889 ὁ
3445 4835 3597 4910 ἅγιος
3657 4837 3853 4895 Ἐλευ-

2189 4919 2365 4994 θέριος
2397 4918 2590 4986 οὕτως,
2621 4919 2710 4975 καὶ
2742 4919 2989 4983 πολλοὺς
3037 4925 3146 4976 τῶν
3193 4921 3435 4978 ἀπίστων
3485 4922 3851 5004 ἐπιστρέφων,

2185 5011 2275 5066 καὶ
2359 5008 2658 5083 βαπτίζων,
2743 5008 2986 5084 ἐγνώσθη
3071 5013 3219 5086 παρὰ
3273 5017 3381 5067 τῶν
3476 5013 3851 5089 πυρολατρῶν

2185 5103 2426 5174 Περσῶν.
2483 5099 2585 5154 Καὶ
2650 5099 3048 5171 καταμηνυθεῖς
3106 5104 3186 5172 τῷ
3249 5100 3484 5176 βασιλεῖ.
3542 5101 3850 5178 ἐκρατήθη,

2183 5191 2274 5244 καὶ
2304 5189 2542 5262 παρέστη
2576 5188 2746 5260 αὐτῷ.
2789 5188 2846 5241 '0
2898 5185 2955 5243 δὶ
3016 5187 3272 5263 βασιλεὺς
3321 5188 3600 5264 ἐρωτήσας
3649 5192 3846 5262 αὐτὸν,

2181 5283 2268 5336 καὶ
2332 5279 2463 5336 ἰδὼν
2521 5279 2684 5334 αὐτοῦ
2737 5279 2800 5334 τὸ
2859 5279 3211 5352 ἀμετάθετον,
3293 5282 3603 5358 παρέδωκεν
3673 5283 3846 5340 αὐτὸν

2180 5377 2296 5433 τοῖς
2321 5370 2679 5446 ἀρχιμάγοις,
2741 5368 3113 5445 παραγγείλας
3159 5370 3372 5439 αὐτοῖς,
3439 5376 3621 5426 πεῖσαι
3672 5371 3845 5430 αὑτὸν

2181 5458 2513 5535 ἀρνήσασθαι
2541 5457 2633 5512 τὸν
2678 5455 2931 5530 Χριστόνο
2986 5457 3039 5510 oi
3091 5454 3148 5512 δὲ
3191 5455 3381 5513 πολλά
3425 5458 3845 5535 βασανίσαντες,

2177 5548 2266 5602 καὶ
2301 5548 2376 5620 μή
2409 5545 2712 5614 πείσαντες,
2744 5544 3141 5622 ἀπεκεφάλισαν
3173 5545 3360 5603 αὑτόν.

405 5636 682 5710 plurimis
752 5639 948 5712 ipsum
988 5636 1300 5694 tormentis
1349 5637 1776 5706 excruciantes,
1826 5653 1962 5694 cum
2013 5655 2048 5694 a
2097 5639 2328 5695 Christo
2378 5643 2640 5695 avertere
2696 5653 2820 5694 non
2876 5636 3160 5709 valerent,
3218 5642 3398 5711 caput
3453 5638 3505 5694 ei
3566 5645 3849 5713 amputa-

410 5732 572 5786 runt.
