4104 6196
233 358 345 421 101

793 493 981 552 nam
1020 495 1113 633 ’ξφ
1152 498 1345 574 me.

1062 576 1134 632 A'.

312 681 590 753 Ἀθλησις
618 686 716 737 τοῦ
770 681 929 757 ἁγίου
984 682 1389 759 ἱερομάρτυρος
1450 685 1703 759 Συμεὼν,
1744 685 1836 740 καὶ

779 754 882 825 τῆς
909 754 1161 817 συνοδίας
1186 754 1371 812 αὐτοῦ.

319 862 556 935 Συμεὼν
611 863 640 918 ὁ
700 867 800 917 τοῦ
853 864 1089 934 Χριστοῦ
1147 865 1479 940 ἱερομάρτυρ
1539 864 1787 941 ὑπῆρχεν
1819 862 1910 918 ἐπὶ

242 955 348 1017 τῆς
384 950 668 1022 βασιλείας
705 946 995 1028 Σαϐωρίου
1025 951 1123 1007 τοῦ
1154 959 1371 1028 Περσῶν
1432 951 1725 1029 βασιλέως’
1761 955 1907 1029 ὁρῶν

247 1039 308 1096 δὶ
334 1042 403 1095 re
442 1042 741 1116 παράνομα
801 1040 928 1119 ἔργα
984 1046 1093 1097 τῶν
1155 1047 1401 1117 Περσῶν,
1459 1042 1549 1097 καὶ
1612 1044 1689 1115 μή
1732 1040 1909 1119 φέρων

248 1130 433 1185 αὐτῶν
466 1130 565 1191 τάς
591 1128 876 1205 ἐπιταγὰς,
934 1126 1133 1206 ἔγραψε
1193 1136 1272 1203 τῷ
1332 1130 1571 1207 βασιλεῖ,
1601 1130 1684 1186 ὅτι
1716 1132 1913 1204 Ἡμεῖς

246 1217 445 1275 δοῦλοι
482 1221 666 1290 Ἰησοῦ
698 1222 932 1291 Χριστοῦ
991 1225 1086 1275 τοῦ
1144 1224 1277 1276 Θεοῦ
1331 1222 1492 1294 ἡμῶν
1553 1220 1913 1297 ὑπάρχοντες,

247 1310 531 1387 ὑπόφοροι
592 1310 748 1383 ὑμῶν
804 1311 937 1365 εἶναι
996 1309 1096 1366 οὐκ
1152 1310 1481 1386 ἀνεχόμεθα.
1543 1309 1694 1366 Ιιοίει
1732 1309 1823 1365 οὗν
1883 1308 1913 1364 6'

252 1398 476 1473 βούλει.
566 1397 1025 1461 Ἀποστείλαντος
1082 1400 1172 1455 οὖν
1230 1404 1326 1454 τοῦ
1411 1399 1702 1476 βασιλέως,
1756 1396 1909 1474 ἤχθη

242 1486 478 1563 δέσμιος
515 1489 649 1562 μετά
676 1493 785 1545 τῶν
813 1488 908 1544 σὺν
941 1488 1108 1561 αὐτῷ.
1144 1488 1248 1546 Καὶ
1280 1488 1557 1560 εἰσελθὼν,
1618 1490 1679 1543 οὺ
1737 1508 1910 1561 προσ-

248 1578 540 1649 εκύνησεν,
590 1580 666 1640 ὡς
721 1579 1008 1655 πρότερον,
1068 1578 1251 1634 αὐτόν·
1311 1578 1400 1633 καὶ
1452 1578 1765 1653 ἐρωτηθεὶς,
1825 1576 1915 1633 διά

238 1666 297 1722 τί
358 1667 428 1722 οὐ
476 1667 906 1742 προσεκύνησεν,
969 1670 1138 1724 εἶπεν
1213 1670 1343 1725 ’Ότε
1429 1671 1583 1743 εἶχον
1669 1667 1910 1742 εἰρήνην,

244 1757 481 1815 ἰποίουν
540 1761 721 1812 τοῦτο’
782 1757 872 1812 ὅτε
939 1755 997 1813 δὲ
1104 1755 1325 1830 δέσμιος
1388 1758 1791 1833 παρεγενόμην,
1849 1756 1912 1811 οὖ

1789 364 2132 429 APRILIS.

1934 499 1990 568 Α

3538 376 3664 440 402

2569 505 2810 563 EODEM
2841 508 3093 566 MENSE.

2528 595 2632 652 Die
2671 597 2906 654 decima
2934 604 3149 670 quarta

2019 702 2305 759 Certamen
2334 710 2670 762 sacrosancti
2697 709 2959 789 martyris
2996 709 3284 775 Simeom's,
3312 716 3365 765 et
3393 711 3664 767 sociorum

2771 796 2910 848 ejus.

2092 883 2330 939 Simeon
2388 892 2799 942 sacrosanctus
2856 887 3073 944 Christi
3140 894 3384 961 martyr,
3443 890 3663 961 Sapore

2019 974 2332 1029 Persarum
2363 991 2610 1047 regnum
2645 979 3296 1045 tenente,claruit.Cum
3319 984 3517 1035 autem
3548 981 3661 1035 im-

2019 1063 2118 1134 pia
2147 1065 2463 1120 Persarum
2493 1065 3242 1135 facinoraintueretur,nec
3273 1068 3514 1124 illorum
3529 1086 3666 1125 one-

2020 1154 2375 1226 raperferre
2405 1156 2663 1227 amplius
2720 1162 2943 1228 posset,
3006 1159 3125 1231 regi
3183 1158 3267 1213 ita
3320 1159 3662 1232 rescripsit:

2022 1247 2135 1300 Nos
2168 1245 2316 1300 servi
2351 1262 2555 1300 sumus
2583 1247 2719 1301 Jesu
2750 1246 2965 1302 Christi
2999 1247 3101 1302 Dei
3158 1249 3370 1316 nostri,
3421 1265 3539 1304 non
3571 1265 3666 1303 su-

2021 1335 2312 1390 stinemus
2360 1335 2534 1390 vestri
2567 1351 2697 1390 esse
2747 1335 3080 1407 vectigales.
3142 1337 3253 1392 Fac
3311 1352 3445 1409 ergo
3506 1338 3663 1409 quod

2018 1423 2122 1479 vis.
2157 1425 2407 1480 iubente
2453 1426 2651 1495 itaque
2711 1440 2866 1496 rege,
2926 1426 3154 1480 vinctus
3216 1426 3507 1482 adductus
3555 1426 3669 1482 fuit

2022 1531 2217 1573 coram
2276 1517 2405 1587 ipso
2462 1530 2583 1569 una
2638 1531 2772 1568 cum
2832 1515 3007 1569 sociis
3060 1516 3201 1571 suis.
3257 1516 3523 1587 Cumque
3582 1517 3669 1572 in-

2021 1623 2258 1680 gressus
2289 1605 2518 1670 fuisset,
2548 1604 2624 1663 ei.
2658 1609 2831 1674 prout
2861 1610 3037 1660 antea
3062 1611 3467 1670 consueverat,
3491 1623 3665 1662 vene-

2020 1696 2270 1756 rationis
2301 1695 2535 1766 signum
2564 1709 2944 1764 nequaquam
3011 1694 3298 1750 exhibuit.
3331 1698 3664 1769 Interroga-

2025 1796 2119 1846 tus
2167 1790 2386 1849 autem,
2446 1801 2551 1839 cur
2606 1784 2664 1839 id
2721 1784 3041 1850 omisisset,
3090 1786 3401 1857 respondit
3432 1803 3445 1840 :
3475 1802 3487 1840 :
3521 1787 3668 1843 Cum

248 1850 568 1923 προσκυνῶ.
605 1848 998 1921 Ἐξερχόμενον
1052 1844 1109 1901 δὲ
1156 1844 1315 1902 αὐτὸν
1374 1847 1513 1923 πρὸς
1563 1846 1626 1902 τὸ
1650 1844 1913 1901 ἀποκλει-

2034 1894 2224 1951 pacem
2256 1873 2568 1934 habebam.
2614 1889 2812 1943 regem
2871 1874 3141 1927 venerari
3191 1890 3664 1943 consueveram;

246 1944 457 2006 σθῆναι
484 1934 563 1997 εἷς
592 1935 866 2011 φυλακην,
900 1934 1034 1991 tam
1082 1957 1165 1998 τις
1223 1935 1619 2011 πραιπώσιτος,
1654 1937 1683 1990 ὁ
1714 1936 1909 2011 πρότε-

246 2046 351 2100 ρον
444 2020 521 2080 ὥν
604 2025 960 2096 Χριστιανὸς,
1072 2024 1291 2100 ὕστερον
1379 2023 1436 2079 δὶ
1519 2023 1910 2100 ἀρνησάμενος,

244 2111 556 2186 ἠϐουλήθη
587 2114 937 2183 ἀσπάζεσθαι’
970 2116 1057 2168 καὶ
1093 2116 1171 2187 μή
1239 2112 1623 2190 προσδεχθεὶς,
1673 2112 1797 2192 ἔφη·
1847 2114 1913 2170 Εἰ

248 2205 513 2277 Συμεὼν,
552 2202 837 2279 ἅνθρωπος
870 2200 969 2272 ὢν,
1017 2203 1334 2278 ἀπεστράφη
1397 2225 1484 2277 με,
1518 2208 1636 2265 πῶς
1695 2206 1724 2258 6
1779 2207 1911 2277 Χρι-

244 2294 383 2356 στὸς
418 2294 694 2368 ἀγαπήσει
731 2314 821 2365 με,
853 2292 911 2347 δν
941 2294 1269 2368 ἠρνησάμην
1301 2310 1315 2361 ;
1378 2293 1475 2347 Καὶ
1535 2291 1698 2368 γνοὺς
1752 2296 1914 2348 τοῦτο

247 2387 279 2441 δ
317 2385 606 2461 βασιλεὺς,
641 2384 1031 2462 ἀπεκεφάλισεν
1077 2384 1236 2439 αὐτόν
1289 2405 1349 2439 τε
1394 2384 1482 2438 καὶ
1542 2385 1633 2439 τὸν
1689 2383 1914 2439 ἐπίσκο-

242 2499 350 2532 πον
388 2476 485 2530 σὺν
517 2481 636 2537 τοῖς
664 2469 1072 2551 πρεσϐυτέροις,
1105 2474 1195 2529 καὶ
1226 2472 1524 2546 διακόνοις,
1588 2473 1679 2529 καὶ
1709 2474 1912 2549 ἑτέροις

244 2565 442 2621 tunc»
467 2565 825 2634 πεντήκοντα.

324 2896 430 2954 Καὶ
462 2893 696 2966 ἄθλησις
726 2897 825 2948 τοῦ
852 2890 1309 2966 ἁγίουᾼμάρτυρος
1346 2892 1546 2963 Φασὶκ,
1600 2894 1688 2948 καὶ
1742 2899 1844 2962 τῆς

673 2964 936 3042 θυγατρὸς
969 2964 1134 3020 αὐτοῦ
1183 2964 1504 3039 ἀσκητρίας.

323 3092 504 3154 Οἷτος
535 3090 563 3144 6
598 3090 826 3164 μάρτυς,
883 3087 973 3143 ὅτε
1030 3088 1491 3166 ἀπεκεφαλίζοντο
1550 3088 1602 3143 οἱ
1640 3088 1764 3164 περὶ
1821 3088 1913 3142 τὸν

258 3181 421 3257 ’ἅγιον
485 3178 714 3251 Συμεὼν
769 3177 919 3252 ’ἀγιοι
976 3180 1267 3253 μάρτυρες,
1324 3176 1605 3252 παρεστὼς
1637 3178 1723 3232 καὶ
1779 3179 1912 3232 Θεω-

256 3274 399 3345 ρῶν,
432 3265 568 3322 ἰδὼν
600 3263 692 3321 ἕνα
721 3260 1085 3339 πρεσϐύτερον
1120 3264 1393 3338 μέλλοντα
1434 3264 1780 3338 ἐκτέμνεσθαι
1810 3266 1909 3333 τὴν

253 3358 536 3435 κεφαλήν,
567 3350 896 3431 φοϐηθέντα,
928 3355 1015 3409 καὶ
1047 3355 1419 3426 τρομάσαντα,
1447 3348 1548 3431 ἔφη
1594 3354 1761 3426 αὐτῷ’
1821 3354 1914 3421 Μὴ

259 3442 462 3526 σοϐοῦ,
494 3446 787 3518 κάμμυσον
821 3440 951 3507 τοὺς
1008 3442 1328 3520 ὀφθαλμούς
1386 3463 1504 3511 σου,
1563 3444 1651 3498 καὶ
1698 3443 1728 3497 ὁ
1779 3445 1918 3518 Χρι-

264 3539 401 3597 στὸς
457 3534 682 3613 φωτίσει
743 3553 822 3589 σε.
878 3534 1035 3590 ’Όθεν
1096 3529 1436 3607 διαγνωθεὶς,
1494 3534 1576 3588 ὃτι
1658 3534 1726 3587 τὰ
1778 3538 1918 3607 Χρι-

266 3628 507 3681 στιανῶν
539 3628 747 3701 φρονεῖ,
807 3623 1047 3694 παρέστη
1104 3626 1182 3692 τῷ
1242 3618 1475 3697 βασιλεῖ·
1536 3621 1623 3676 καὶ
1707 3620 1918 3694 ἕρωτη-

263 3717 410 3780 θεὶς,
431 3712 525 3769 καὶ
556 3710 913 3786 ὁμολογήσας
947 3712 1008 3765 τὸ
1037 3707 1214 3782 ὄνομα
1261 3714 1359 3765 τοῦ
1389 3714 1646 3786 Χριστοῦ,
1700 3715 1918 3787 πρῶτον

269 3805 371 3877 μὲν
428 3802 643 3874 ἐτμήθη
703 3800 803 3869 τήν
864 3798 1137 3873 γλῶσσαν·
1200 3801 1317 3854 εἶτα
1373 3796 1616 3873 ἐκδαρεὶς
1673 3798 1923 3869 ἀνηλεῶς

265 3895 414 3948 δλου
440 3895 540 3946 τοῦ
573 3890 828 3962 σώματος
881 3889 945 3943 τὸ
1005 3885 1201 3961 δέρμα,
1258 3885 1505 3943 ἀπέδωκε
1558 3888 1658 3957 τήν
1716 3889 1920 3963 ψυχήν.

265 3984 411 4056 Εἶχε
468 3978 527 4035 δὶ
579 3980 667 4034 καὶ
720 3979 985 4054 θυγατέρα
1045 3979 1397 4051 Χριπιανήν,
1454 3977 1773 4049 ἀσκήτριαν,
1832 3976 1922 4031 καὶ

268 4070 493 4146 ἀγαγὼν
550 4067 719 4135 αὐτὴν
804 4068 832 4122 6
893 4065 1172 4142 βασιλεὺς,
1229 4066 1632 4141 κατηνάγκαζεν
1682 4066 1922 4140 ἀρνήσα-

274 4172 401 4225 σθαι
433 4160 532 4233 μὲν
561 4157 655 4212 τὸν
687 4157 941 4231 Χριστὸν,
1002 4157 1159 4210 θῦσαι
1216 4152 1273 4211 δὲ
1328 4159 1411 4227 τῷ
1468 4153 1642 4227 ἡλίῳ,
1699 4156 1787 4209 καὶ
1845 4159 1925 4226 τῷ

274 4250 430 4325 πυρί.
488 4250 578 4310 Ὠς
637 4244 697 4302 δὶ
769 4246 870 4302 οὐκ
944 4243 1148 4314 ἔπεισε,
1208 4245 1426 4320 πρῶτον
1489 4244 1584 4318 μὶν
1638 4243 1928 4318 γυμνώσας

277 4341 474 4409 αὐτὴν,
527 4333 715 4409 ἔτυψεν
801 4332 1064 4408 ἀφειδῶς,
1142 4333 1232 4389 καὶ
1292 4331 1543 4407 λαμπάσι
1608 4331 1923 4410 κατέφλεξεν

2022 1965 2260 2040 quando
2292 1970 2490 2020 autem
2523 1963 2732 2018 vinctis
2763 1962 2997 2027 accedo,
3032 1963 3228 2034 ipsum
3260 1963 3515 2034 amplius
3546 1980 3668 2019 non

2023 2055 2486 2112 veneror.Porro
2514 2069 2647 2108 cum
2680 2069 2816 2108 eum
2848 2051 2986 2106 inde
3016 2053 3415 2124 egredientem
3446 2052 3663 2109 vidisse

2024 2145 2267 2218 quidam
2306 2144 2680 2215 prmpositus,
2715 2142 2814 2212 qui
2848 2147 3023 2197 antea
3052 2142 3424 2198 Christianus
3454 2142 3667 2208 fuerat,

2026 2237 2127 2293 sed
2158 2241 2363 2307 postea
2392 2252 2427 2290 a
2455 2235 2686 2289 Christo
2717 2233 3048 2299 defecerat;
3081 2239 3328 2289 conatus
3354 2240 3445 2288 est
3471 2234 3669 2303 ipsum

2023 2326 2322 2397 amplecti.
2357 2324 2467 2380 Sed
2501 2341 2535 2379 a
2565 2324 2839 2378 Simeone
2870 2322 3302 2394 repulsus,ait:
3338 2323 3393 2377 Si
3428 2322 3668 2377 Simeon

2023 2419 2202 2473 homo
2236 2432 2371 2471 cum
2399 2415 2493 2479 sit,
2556 2430 2647 2468 me
2708 2413 2977 2484 despicit,
3038 2412 3334 2483 quomodo
3373 2411 3668 2477 Christus,

2024 2522 2203 2579 quem
2227 2505 2554 2577 negavi,me
2586 2502 2835 2574 recipiet
2858 2518 2927 2557 ac
2957 2500 3161 2574 diliget
3180 2500 3337 2556 ‘Ilioc
3358 2505 3661 2571 comperto

2021 2613 2126 2651 rex
2156 2595 2350 2667 ipsum
2382 2592 3093 2666 praepositum,simulque
3123 2592 3669 2664 episcopum,pres-

2021 2686 2285 2759 byteros,
2318 2684 2619 2748 diaconos,
2647 2683 2915 2754 aliosque
2962 2687 3202 2738 centum
3260 2687 3319 2737 et
3370 2681 3668 2753 quinqua-

2023 2776 2187 2848 ginta
2216 2774 2407 2846 capite
2445 2773 2788 2829 obtruncari
2822 2771 3139 2829 mandavit.

2023 2911 2121 2968 55
2184 2913 2254 2965 Et
2311 2916 2586 2966 certamen
2641 2908 2824 2965 sancti
2880 2911 3142 2979 martyris
3193 2908 3411 2975 Phasis,
3444 2907 3671 2979 ejusque

2533 2982 2661 3052 ﬁlia:
2690 2979 3152 3036 sanctimonialis.

2098 3098 2201 3153 Hic
2232 3102 2479 3169 martyr,
2517 3114 2647 3152 cum
2707 3097 2892 3152 sancti
2953 3103 3243 3168 martyres
3275 3096 3420 3151 socii
3480 3094 3671 3151 sancti

2029 3186 2321 3243 Simeonis
2351 3185 2810 3247 decollarentur.
2837 3203 3042 3241 eorum
3078 3186 3360 3257 martyrio
3382 3202 3667 3256 praesens,

2028 3276 2346 3347 quemdam
2379 3292 2448 3330 ex
2479 3274 2563 3329 eis
2596 3274 3026 3346 presbyterum,
3062 3275 3203 3329 dum
3248 3278 3426 3345 caput
3480 3273 3533 3327 ei
3566 3272 3670 3327 ob-

2024 3364 2424 3420 truncandum
2457 3365 2949 3433 esset,timentem
2963 3380 3031 3418 ac
3054 3362 3449 3433 trepidantem
3462 3361 3668 3416 adver-

2024 3461 2177 3519 tens,
2212 3454 2322 3526 ipsi
2357 3454 2479 3508 ait:
2512 3455 2591 3508 Ne
2628 3454 2857 3519 timeas,
2890 3451 3098 3507 claude
3140 3451 3342 3506 oculos
3395 3456 3550 3516 tuos,
3608 3454 3669 3505 et

2024 3545 2290 3601 Christus
2320 3549 2376 3599 te
2397 3542 2951 3597 illuminabit.Unde
2978 3543 3327 3597 Christiana:
3359 3540 3669 3615 religionis

2025 3634 2254 3691 assecla
2282 3632 2572 3705 cognitus,
2606 3631 2894 3687 adductus
2926 3637 3015 3686 est
3044 3648 3245 3687 coram
3300 3648 3433 3705 rege
3459 3648 3471 3686 :
3507 3635 3566 3686 et
3595 3629 3668 3685 ab

2026 3726 2156 3796 ipso
2188 3724 2746 3795 interrogatus,cum
2779 3720 2992 3775 Christi
3025 3737 3245 3776 nomen
3262 3720 3569 3777 confessus
3589 3737 3675 3775 es-

2030 3812 2404 3885 set,primum
2420 3811 2657 3882 quidem
2674 3810 2726 3865 ei
2758 3809 3020 3865 abscissa
3051 3810 3163 3865 fuit
3192 3811 3396 3881 lingua
3421 3829 3432 3867 :
3459 3810 3676 3866 deinde

2030 3903 2209 3959 totius
2264 3900 2528 3972 corporis
2555 3899 2709 3972 pelle
2759 3899 3080 3955 crudeliter
3099 3901 3381 3966 delracta,
3414 3901 3678 3957 animam

2031 3992 2251 4048 emisit.
2283 3989 2490 4045 Filiam
2523 3994 2720 4045 autem
2754 3988 3009 4045 habebat
3037 3988 3433 4046 Christianam
3456 3990 3678 4046 sancti-

2031 4082 2377 4148 monialem,
2411 4097 2589 4153 quam
2621 4096 2820 4135 coram
2866 4096 2929 4134 se
2978 4080 3294 4135 adductam
3337 4080 3521 4150 jussit
3578 4096 3681 4136 rex

2032 4174 2262 4230 Christo
2290 4172 2657 4233 renuntiare,
2688 4170 2928 4241 Solique
2959 4174 3138 4239 atque
3171 4168 3294 4240 lgni
3319 4169 3676 4223 sacrificare.

2034 4263 2177 4319 Cum
2194 4279 2326 4318 vero
2358 4262 2461 4316 illa
2491 4261 2563 4316 ad
2594 4259 2653 4314 id
2686 4260 2921 4314 suaderi
2947 4276 3066 4314 non
3088 4259 3679 4331 pateretur,primum

2035 4354 2277 4424 quidem
2310 4367 2438 4405 eam
2452 4348 2740 4405 denudari
2758 4348 3406 4414 mandavit,crudeliter
3430 4346 3685 4419 flagellis

276 4429 370 4485 καὶ
427 4428 705 4505 κρεμάσας
762 4421 906 4496 ἔξεσε
964 4423 1099 4497 μετά
1155 4420 1396 4498 σιδηρῶν
1451 4421 1692 4497 ὀνύχων·
1746 4420 1920 4479 ἔπειτα

2037 4420 2206 4501 caedi.
2236 4440 2583 4510 facibusque
2620 4438 2788 4494 aduri
2825 4456 2837 4493 :
2873 4436 3088 4492 deinde
3121 4435 3427 4508 suspendi,
3460 4452 3528 4491 ac
3560 4434 3680 4490 fer-

280 4520 422 4594 ξίᾳει
449 4518 551 4586 τήν
579 4516 726 4592 ἱερὰν
758 4514 927 4584 αὐτῆς
953 4512 1195 4591 κεφαλὴν
1214 4512 1499 4586 ἀπέτεμεν.

351 4732 450 4789 Καὶ
483 4732 715 4802 ἄθλησις
768 4733 877 4784 τῶν
927 4725 1096 4813 ἁγίαίν
1151 4724 1352 4853 ξιλίων
1402 4724 1711 4803 μάρτύρων,
1769 4722 1860 4780 καὶ

784 4800 944 4853 Ἀζᾶτ
985 4818 1081 4853 του
1139 4818 1163 4853 ε
1203 4797 1429 4853 νούγου.

784 4802 944 4870 Ἀζᾶτ
985 4802 1081 4853 τοῦ
1139 4802 1429 4873 εὐνούχου.

356 4932 474 4999 Τῆς
503 4922 895 5001 σωτηριώδους
925 4924 1120 4998 ὶορτῆς
1153 4920 1445 4992 ἐπιστάσης
1472 4927 1574 4991 τῆς
1630 4918 1788 4997 ἁγίας
1841 4919 1934 4976 καὶ

292 5017 537 5096 μεγάλης
623 5019 1000 5090 Παρασκευῆς,
1081 5012 1351 5085 ἑώρταζον
1418 5012 1504 5067 καὶ
1587 5010 1639 5065 έν
1713 5007 1934 5087 Ηερσίδι

287 5105 648 5183 Χριστιανοὶ,
728 5104 819 5159 καὶ
896 5100 1258 5177 ὶδοξολόγουν
1332 5099 1781 5177 εὐχαριστοῦντες
1858 5105 1938 5173 τῷ

286 5199 535 5273 Χριστῷ,
566 5200 645 5267 τῷ
673 5192 743 5250 δι’
776 5195 924 5267 ἡμᾶς
964 5191 1321 5265 ὑπομείναντι
1353 5190 1419 5245 τὰ
1465 5192 1712 5264 σωτήρια
1767 5188 1934 5261 πάθη.

290 5286 663 5364 Κρατηθέντος
692 5283 786 5339 οῦν
814 5286 911 5339 τοῦ
963 5282 1125 5357 ἁγίου
1184 5280 1412 5351 Συμεὼν
1471 5283 1569 5335 τοῦ
1614 5278 1937 5348 ἰπισκὸπου,

286 5378 371 5434 καὶ
404 5370 794 5446 ἀναιρεθέντος,
853 5369 942 5427 καὶ
1006 5370 1120 5443 μετ’
1178 5367 1385 5423 ἐκείνου
1428 5369 1793 5445 φονευθέντων
1848 5368 1940 5423 καὶ

289 5466 475 5522 ἄλλων
521 5462 752 5519 πολλῶν
811 5459 921 5533 (καὶ
976 5459 1078 5534 γὰρ
1136 5457 1243 5512 ἀπὸ
1297 5463 1399 5527 τῆς
1462 5454 1702 5531 μεγάλης
1760 5461 1941 5532 ηαρα.

292 5563 485 5625 σκευῆς
521 5555 690 5629 μέχρι
724 5549 955 5621 δεκάτης
984 5547 1220 5621 ἡμέρας,
1273 5549 1378 5608 πᾶς
1434 5546 1756 5621 Χριστιανὸς
1811 5566 1942 5621 κρα.

293 5645 553 5715 τοῦμενος
587 5638 908 5719 ἐφονεύετο),
940 5637 1315 5710 ἐκρατήθησαν
1343 5634 1434 5688 καὶ
1480 5633 1630 5689 οὗτοι
1665 5634 1716 5687 οἱ
1776 5635 1942 5707 ἅγιοι,

295 5734 381 5790 καὶ
416 5733 533 5808 μετ’
566 5732 740 5790 αὐτῶν
774 5728 933 5801 Ἀζάτ
965 5728 994 5783 6
1018 5725 1308 5803 εὐνοῦχος,
1368 5720 1630 5788 πλούσιος
1687 5723 1783 5800 μὲν
1840 5720 1939 5798 ὤν,

2037 4533 2157 4591 reis
2183 4529 2519 4603 unguiculis
2550 4528 2825 4583 dilaniari
2878 4544 2891 4583 :
2945 4542 3174 4582 sacram
3201 4524 3442 4580 demum
3492 4524 3689 4596 ipsius

1961 4610 2006 4675 Ῑ)
2040 4624 2327 4682 cervicem
2350 4637 2490 4677 ense
2520 4618 2811 4676 abscindi.

2042 4741 2112 4793 Et
2168 4738 2441 4788 certamen
2505 4734 2819 4783 sanctorum
2873 4725 3023 4781 mille
3078 4733 3389 4796 martyrum
3446 4732 3500 4779 et
3556 4725 3690 4781 Azat

2753 4798 3007 4853 eunuchi.

2117 4916 2541 4971 Recurrentem
2573 4913 2793 4965 sanctaa
2824 4910 2884 4963 et
2906 4922 3135 4980 magnaa
3164 4906 3514 4961 Parasceves
3530 4903 3691 4960 salu-

2047 5010 2235 5061 tarem
2265 5001 2642 5057 festivitatem
2675 4998 2852 5053 etiam
2885 4997 2924 5051 ii
2957 4994 3297 5061 Christiani,
3330 4993 3432 5066 qui
3462 4994 3525 5051 in
3557 4995 3692 5050 Per-

2049 5095 2174 5152 side
2206 5096 2394 5158 erant,
2428 5086 2830 5155 celebrabant,
2878 5091 3055 5157 atque
3102 5084 3359 5158 gloriosa
3413 5083 3695 5141 recorda-

2050 5186 2213 5243 tione
2245 5179 2591 5238 recolebant
2623 5196 2637 5246 ;
2669 5177 2902 5233 Christo
2959 5175 3178 5248 gratias
3237 5179 3498 5248 agentes,
3533 5174 3694 5246 quod

2049 5278 2295 5348 propter
2344 5276 2611 5325 nostram
2666 5266 2919 5322 salutem
2979 5265 3101 5335 pati
3158 5262 3439 5336 dignatus
3496 5262 3695 5318 fuerit.

2050 5362 2492 5436 Comprehensa
2542 5363 2741 5414 autem
2799 5361 2859 5411 et
2906 5356 3102 5411 occiso
3160 5360 3366 5410 sancto
3424 5355 3702 5411 Simeone

2053 5454 2352 5527 episcopo,
2388 5457 2447 5505 et
2477 5449 2611 5505 aliis
2671 5448 2849 5502 etiam
2896 5443 3174 5517 plurimis
3230 5461 3365 5500 cum
3425 5461 3493 5499 eo
3545 5444 3672 5499 inte

2053 5543 2300 5614 remptis
2346 5539 2442 5611 (ab
2487 5539 2615 5611 ipso
2675 5534 2971 5607 siquidem
3046 5550 3272 5606 magna:
3352 5540 3703 5589 Parasceves

2055 5635 2150 5689 die
2186 5648 2292 5704 per
2323 5630 2529 5685 decem
2560 5643 2750 5697 usque
2808 5630 3129 5695 sequentes
3175 5623 3303 5678 dies
3357 5622 3701 5694 quicunque

2054 5718 2718 5797 comprehendebantur
2773 5713 3112 5785 Christiani,
3142 5711 3604 5786 occidebantur),
3637 5710 3698 5769 hi
