4104 6196
318 384 445 444 405

1865 383 2201 447 APRILIS.

3629 394 3749 453 406

322 513 543 573 ἰκείνου
575 514 823 587 θάνατον,
865 514 953 570 καὶ
985 516 1087 585 τήν
1142 514 1280 589 πρὸς
1338 513 1532 591 Κύριον
1576 515 1738 588 ἡμῶν
1769 515 1959 584 Ἰησοῦε

2099 524 2156 575 et
2177 520 2250 577 ad
2278 523 2478 581 Jesum
2510 523 2807 581 Christum
2868 524 3187 581 Deminum
3235 528 3506 581 nostrum
3541 542 3609 581 ex
3632 525 3745 581 hac

322 606 565 682 Χριστὸν
618 602 912 677 ἐκδημίαν,
962 603 1055 660 καὶ
1115 604 1267 660 αὐτοὶ
1319 605 1416 668 τὰς
1470 605 1615 679 ἱερὰς
1674 603 1848 660 αὐτῶν
1892 626 1980 660 κε-

320 694 503 771 φαλὰς
539 695 643 749 ὑπὸ
691 694 947 770 Νέρωνος
1003 698 1100 749 τοῦ
1156 695 1506 772 παράφρονος
1563 694 1979 766 ἀπετμήθησαν.

316 789 501 841 Ταῦτα
532 785 633 859 γὰρ
686 784 1143 858 ὁτρισμακάριος
1196 784 1287 838 καὶ
1341 778 1642 844 πανόλϐιος
1699 783 1977 859 Δωρόθεος

315 875 372 931 ἑν
425 875 618 947 Ῥώμῃ
679 874 959 948 γεγονὼς,
1019 870 1109 928 διὰ
1181 874 1499 946 Ῥωμαϊκῆς
1579 869 1865 928 διαλέκτου
1923 872 1974 928 έν

314 964 691 1035 Ὑπομνήσεσι
723 961 1116 1018 καταλέλοιπε⁸
1149 960 1238 1017 καὶ
1272 962 1334 1017 οὐ
1370 963 1533 1035 μόνον
1568 961 1690 1037 περῖ
1744 962 1975 1033 τούτων,

312 1051 584 1109 ἀλλὰκαὶ
617 1051 746 1123 περὶ
792 1056 902 1107 τῶν
965 1050 1175 1106 λοιπῶν
1240 1051 1582 1120 ἀποστόλων,
1635 1052 1722 1106 καὶ
1784 1050 1971 1106 ἄλλων

309 1142 549 1199 πολλῶν
582 1145 777 1218 άγίων,
812 1143 959 1199 ἀλλὰ
987 1142 1075 1198 καὶ
1108 1142 1231 1215 περὶ
1283 1149 1391 1198 τῶν
1451 1144 1616 1218 ἰερῶν
1678 1148 1973 1221 προφητῶν

308 1233 629 1308 ἱστόρησεν·
658 1231 865 1306 ἐγένετο
898 1234 1002 1309 γὰρ
1058 1234 1085 1287 ὁ
1142 1233 1295 1309 ἅγιος
1356 1230 1425 1287 δι’
1484 1233 1705 1312 εὖφυῒαν
1750 1232 1971 1303 πολλὴν

304 1322 673 1398 πολυμαθής,
702 1325 789 1379 καὶ
817 1322 1159 1393 πολυῖστωρ,
1193 1323 1267 1386 ὠς
1299 1322 1472 1386 ἄλλος
1504 1345 1611 1386 τις.

380 1513 485 1571 Καὶ
522 1511 891 1609 ἄθλησιςκτιῶν
920 1511 1087 1588 ἁγίων
1126 1512 1412 1609 μαρτύρων
1445 1514 1744 1609 γύναικῶν,
1777 1514 1892 1571 Βα-

710 1584 982 1656 σιλίσσης,
1055 1584 1143 1640 καὶ
1201 1584 1573 1649 Ἀναστασίας.

382 1705 691 1762 Βασξλισσα
748 1703 835 1759 καὶ
889 1703 1228 1776 Ἀναστασία,
1287 1705 1340 1761 αἱ
1398 1707 1495 1760 τοῦ
1552 1705 1794 1779 Χριστοῦ
1829 1706 1970 1781 μάρ-

305 1815 496 1868 τυρες,
530 1795 784 1870 ὑπῆρχον
822 1794 918 1867 μὲν
976 1795 1082 1849 ἀπὸ
1138 1797 1235 1865 τῆς
1297 1793 1543 1871 μεγάλης
1571 1794 1788 1859 πόλεως
1817 1795 1965 1853 Ῥώ-

2097 611 2215 667 vita
2246 615 2584 682 transitum,
2613 616 2790 670 etiam
2831 615 3141 687 ipsi,jussu
3174 614 3468 671 dementis
3500 616 3746 671 Neronis

2096 702 2280 757 sacris
2338 705 2633 775 capitibus
2690 705 3027 760 obtruncati
3082 705 3343 759 fuerunt.
3382 705 3513 759 Haac
3544 711 3744 760 autem

2094 792 2298 847 omnia
2319 794 2753 859 sanctissimus,
2782 810 2848 848 ac
2880 794 3259 849 beatissimus
3291 794 3377 847 vir
3410 794 3742 850 Dorotheus

2091 881 2290 936 Romae
2320 885 2786 947 natus,Romano
2815 884 3096 939 idiomate
3131 884 3189 937 in
3216 883 3338 938 suis
3371 891 3739 939 commenta-

2090 971 2197 1027 riis
2230 973 2704 1047 scriptareliquit
2728 992 2740 1029 :
2766 992 2875 1030 nec
2905 975 3079 1030 modo
3105 975 3175 1028 de
3209 974 3432 1044 his,sed
3467 976 3644 1031 etiam
3665 975 3735 1030 de

2089 1063 2336 1136 reliquis
2367 1066 2671 1136 apostolis,
2707 1072 2765 1119 et
2791 1066 2925 1120 aliis
2956 1065 3225 1137 pluribus
3259 1066 3502 1133 sanctis,
3526 1066 3736 1121 simul-

2089 1171 2204 1225 que
2226 1155 2298 1209 de
2330 1156 2514 1210 sacris
2544 1157 2851 1228 prophetis
2882 1156 3192 1211 historiam
3225 1157 3596 1229 conscripsit.
3632 1157 3736 1211 Hic

2088 1244 2383 1316 siquidem
2402 1252 2641 1301 sanctus
2666 1246 2738 1300 ob
2752 1245 3233 1319 multamingenii
3267 1246 3357 1301 sui
3386 1246 3733 1302 felicitatem

2084 1334 2403 1407 multiplici
2435 1336 2707 1392 doctrina
2738 1342 2795 1391 et
2843 1336 3175 1391 eruditione
3220 1336 3525 1407 quibusvis
3556 1336 3732 1410 longe

2082 1425 2379 1495 praestitit.

2081 1541 2151 1598 Et
2206 1547 2480 1598 certamen
2525 1549 2839 1599 sanctarum
2895 1549 3204 1613 martyrum
3260 1543 3551 1599 mulierum
3609 1544 3722 1599 Ba-

2579 1616 2789 1684 silissav,
2820 1620 2872 1669 et
2900 1617 3228 1672 Anastasiz.

2151 1730 2451 1801 Basilissa,
2484 1736 2544 1786 et
2570 1732 2883 1787 Anastasia
2912 1732 3127 1787 Christi
3159 1739 3451 1806 martyres
3479 1732 3723 1792 fuerunt

2081 1836 2150 1876 ex
2183 1836 2399 1893 magna
2429 1819 2574 1876 urbe
2604 1821 3050 1887 Roma,nobiles
3080 1821 3154 1877 ad
3184 1823 3480 1888 divites,et
3501 1830 3729 1881 sancto-

318 1905 460 1958 μης,
490 1884 753 1959 εὐγενεῖς,
776 1884 864 1939 καὶ
895 1883 1178 1955 πλούσιαι,
1215 1886 1510 1959 μαθήτριαι
1545 1882 1602 1940 δὲ
1630 1888 1737 1940 τῶν
1791 1886 1959 1961 ἁγίων

2077 1926 2206 1966 rum
2236 1909 2640 1981 apostolorum
2672 1910 3149 1982 discipulaaPost
3168 1912 3383 1967 horum
3408 1929 3542 1967 vero
3563 1931 3721 1969 mor-

307 1971 665 2030 ἀποστόλων.
698 1975 847 2029 Μετὰ
877 1971 935 2028 δὲ
963 1971 1225 2043 τελευτὴν
1276 1973 1509 2044 τούτων,
1539 1973 1607 2029 τὰ
1658 1974 1817 2047 τίμια
1869 1974 1966 2030 αὖ·

301 2067 418 2117 τῶν
480 2060 715 2135 λείψανα
793 2061 1120 2136 ἀνελόμεναι
1188 2064 1379 2125 νυκτὸς
1460 2063 1549 2118 καὶ
1612 2061 1963 2137 κηδεύσασαι,

303 2149 750 2225 διεγνώσθησαν,
809 2152 897 2207 καὶ
962 2153 1412 2226 κατεμηνύθησαν
1496 2152 1588 2208 καὶ
1647 2151 1801 2208 αὗται
1886 2159 1964 2227 τῷ

304 2236 581 2310 δυσσεϐεῖ,
669 2242 758 2296 καὶ
814 2243 1121 2319 παράφρονι
1200 2242 1436 2318 Νέρωνι,
1496 2243 1571 2303 ὡς
1625 2242 1959 2317 Χριστιαναί.

302 2330 368 2389 Ὀ
433 2327 491 2385 δε
541 2331 846 2407 παραυτίκα
902 2331 1227 2394 ἀποστείλας
1283 2331 1573 2407 ἐκράτησεν
1632 2333 1820 2405 αὐτὰς,
1872 2335 1959 2389 καὶ

2075 2005 2359 2063 tem,cum
2388 1998 2755 2054 venerandas
2786 2016 2991 2054 eorum
3017 2000 3305 2071 reliquias
3325 2006 3499 2056 nocte
3525 2006 3720 2056 sustu-

2072 2089 2304 2159 lissent,
2332 2094 2509 2160 atque
2542 2094 2873 2156 curassent,
2906 2088 3153 2144 detectas
3190 2090 3448 2158 fuerunt,
3502 2094 3560 2145 et
3600 2096 3723 2146 tan-

2074 2195 2253 2251 quam
2294 2178 2644 2233 Christianae
2704 2176 3067 2233 denuntiatae
3120 2179 3302 2251 impio
3354 2185 3412 2234 et
3450 2179 3716 2236 dementi

2074 2267 2291 2324 Neroni
2325 2268 2466 2338 :qui
2498 2267 2659 2322 illico
2719 2284 2817 2322 eas
2876 2268 3323 2339 comprehendi,
3381 2274 3440 2322 et
3495 2271 3721 2325 catenis

2072 2357 2297 2412 vinctas
2331 2373 2532 2411 coram
2566 2374 2628 2412 se
2660 2356 2873 2412 adduci
2905 2357 3449 2428 mandavit,easque
3483 2358 3725 2430 impulit

302 2420 508 2497 ἤγαγεν
560 2422 796 2477 ἐνώτιον
854 2422 1017 2478 αὐτοῦ
1075 2421 1363 2497 δεδεμένας
1418 2423 1662 2497 ἁλύσεσι,
1718 2425 1809 2480 καὶ
1866 2446 1959 2480 κα-

2077 2447 2371 2502 Christum
2405 2446 2798 2520 abnegare.At
2823 2464 2957 2502 cum
2975 2447 3031 2501 id
3056 2447 3198 2517 ipsis
3216 2448 3572 2517 persuadere
3598 2466 3718 2504 non

301 2513 643 2587 τηνάγκασεν
678 2514 1011 2589 ἀρνήσασθαι
1043 2514 1133 2569 τὸν
1194 2515 1448 2590 Χριστόν.
1509 2517 1602 2584 Μή
1659 2515 1845 2579 πείσας
1905 2514 1961 2571 δὲ

305 2602 495 2673 αὐτας,
556 2604 680 2658 τότε
740 2604 834 2675 μὲν
894 2603 1207 2659 ἀπέκλεισεν
1268 2604 1343 2666 εἷς
1396 2602 1667 2678 φυλακήν
1741 2604 1958 2676 ὕστερον

305 2692 364 2749 δὲ
398 2694 651 2771 φυλακῆς
685 2690 957 2765 ἐκϐαλὼν,
1005 2693 1387 2771 ἐτιμωρήσατο
1445 2696 1607 2759 αὐτὰς
1663 2694 1957 2776 διαφόρως.

304 2784 413 2842 Καὶ
473 2784 574 2860 γὰρ
659 2784 786 2847 τοὺς
847 2784 1083 2859 μαστοὺς
1169 2786 1344 2841 αὑτῶν
1405 2786 1636 2859 ἐξέτεμε,
1701 2787 1790 2841 καὶ
1862 2788 1958 2850 τὰς

302 2872 568 2949 γλώσσας
602 2872 868 2948 ἀπέκοψε,
898 2876 989 2929 καὶ
1029 2876 1307 2949 κρεμάσας
1364 2872 1529 2947 ἔξεσε,
1587 2875 1678 2930 καὶ
1712 2873 1960 2949 λαμπάσι

298 2962 623 3035 κατέφλεξε,
679 2964 770 3019 καὶ
819 2962 981 3027 τέλος
1041 2964 1337 3041 μαχαίραις
1384 2965 1479 3028 τὰς
1533 2965 1722 3039 τιμίας
1778 2966 1957 3023 αὐτῶν

297 3053 542 3128 ἀπέτεμε
571 3052 833 3132 κεφαλάς.

834 3182 1015 3240 ΜΗΝΙ
1072 3184 1163 3239 ἸὬ
1202 3214 1205 3217 ι
1227 3183 1419 3238 ΑΥΤΩ.

371 3366 648 3438 Ἀθλησις
678 3372 777 3423 τοῦ
810 3367 969 3443 ἁγίου
1006 3370 1288 3443 μάρτυρος
1321 3367 1635 3439 Λεονίδους,
1666 3371 1756 3425 καί
1786 3374 1888 3437 τῆς

900 3439 1152 3505 συνοδίας
1177 3439 1364 3496 αὐτοῦ.

377 3548 545 3604 Οὗτοι
578 3548 631 3602 οἳ
688 3548 836 3620 ἅγιοι
892 3548 1143 3623 ὑπῆρχον
1188 3547 1247 3603 ἐκ
1276 3554 1375 3618 τῆς
1415 3548 1608 3624 χώρας
1663 3546 1957 3612 Ἑλλάδος’

305 3637 399 3692 καὶ
430 3637 459 3691 ὁ
496 3638 590 3709 μὲν
623 3634 885 3707 Λεονίδης
914 3635 967 3691 ὲν
992 3641 1061 3710 τῇ
1108 3638 1272 3711 ἑορτῇ
1324 3644 1427 3706 τῆς
1458 3637 1833 3700 Ἀναστάσεως
1859 3642 1959 3694 τοῦ

310 3724 515 3797 Κυρίου
562 3728 726 3795 ἡμῶν
786 3725 968 3792 Ἰησοῦ
1026 3730 1291 3799 Χριστοῦ,
1353 3726 1486 3799 μετὰ
1542 3725 1762 3782 πολλοῦ
1823 3725 1959 3783 λαοῦ

307 3814 542 3889 ψάλλων
591 3814 644 3869 έν
702 3819 773 3888 τῇ
829 3813 1117 3887 ἐκκλησίᾳ,
1173 3816 1261 3870 καὶ
1322 3816 1614 3888 ἑορτάζων,
1683 3816 1952 3892 ἐκρατήθη

308 3908 414 3963 ὑπὸ
439 3911 551 3961 τῶν
581 3904 1023 3982 είδωλολατρῶν,
1064 3906 1156 3961 καὶ
1216 3904 1389 3971 δεθεὶς
1438 3904 1592 3982 ἤχθη
1651 3908 1728 3970 εἰς
1758 3909 1959 3980 Κόριν-

307 3997 519 4061 071.01
570 3994 629 4050 δὲ
686 3994 878 4051 λοιποὶ
933 3994 1120 4067 ἄνδρες
1171 4016 1230 4051 τε
1313 3996 1403 4051 καὶ
1461 4002 1728 4072 γυναῖκες,
1787 3996 1958 4060 ἄλλος

306 4083 620 4160 ἀλλαχόθεν
675 4080 850 4152 ὅντες,
905 4086 1251 4160 παρέστησαν
1307 4089 1388 4157 τῷ
1452 4092 1555 4155 τῆς
1614 4087 1805 4161 χώρας
1861 4085 1958 4161 ἃρ-

304 4175 485 4231 χοντι·
521 4172 924 4251 συλληφθέντες
952 4173 1045 4229 καὶ
1106 4174 1259 4228 αὐτοὶ
1322 4171 1560 4245 δέσμιοι,
1621 4171 1955 4238 συνδεθέντες

302 4269 386 4335 τῷ
470 4262 611 4338 ἁγίῳ
695 4260 949 4336 Λεονίδῃ,
1035 4261 1468 4332 ἀπεκλείσθησαν
1553 4262 1631 4324 εἰς
1684 4262 1952 4337 φυλακήν.

306 4352 435 4408 Εἶτα
481 4359 583 4421 τῆς
643 4351 893 4428 φυλακῆς
947 4346 1327 4421 ἐκϐληθέντες,
1378 4352 1722 4426 παρέστησαν
1789 4352 1953 4407 πάλιν

300 4446 382 4512 τῷ
424 4449 526 4511 τῆς
577 4441 838 4507 Κορίνθου
894 4439 1148 4516 ἄρχοντι,
1205 4441 1293 4495 καὶ
1354 4444 1827 4517 κατηναγκάζοντο
1858 4442 1953 4515 ἀρ-

300 4535 568 4601 νήσασθαι
602 4531 697 4604 μὶν
725 4530 817 4585 τὸν
875 4531 1134 4605 Χριστὸν,
1174 4532 1328 4585 θῦσαι
1389 4527 1448 4585 δὲ
1502 4535 1621 4591 τοῖς
1676 4528 1952 4593 εῗὸώλοις.

2071 2535 2371 2603 valuisset,
2397 2537 2697 2608 praecepit,
2722 2542 2786 2591 ut
2815 2537 2876 2591 in
2910 2553 3207 2591 carcerem
3241 2536 3716 2594 detruderentur.

2070 2627 2280 2681 Postea
2311 2643 2444 2682 vero
2479 2642 2509 2679 e
2540 2642 2777 2681 carcere
2838 2626 3100 2687 eductas,
3136 2625 3565 2697 multiplicibus
3598 2632 3716 2681 tor-

2068 2714 2286 2769 mentis
2318 2714 2694 2770 excruciavit.
2722 2716 2864 2769 Nam
2898 2714 3155 2785 primum
3188 2730 3394 2769 earum
3414 2714 3597 2770 ubera
3619 2731 3716 2770 ex-

2070 2805 2259 2861 scindi
2293 2812 2351 2862 et
2378 2806 2609 2879 linguas
2639 2806 2932 2878 amputari
2960 2822 2973 2859 :
3010 2804 3224 2860 deinde
3277 2822 3598 2877 suspensas
3625 2806 3714 2861 di-

2068 2897 2303 2967 laniari,
2359 2905 2417 2953 et
2466 2898 2693 2953 facibus
2750 2897 2920 2952 aduri
2956 2914 2969 2951 :
3002 2913 3069 2952 ac
3099 2896 3341 2952 demum
3380 2898 3718 2954 veneranda

2070 3003 2274 3044 earum
2304 2988 2497 3059 capita
2526 2970 2769 3045 ensibus
2800 2987 3144 3043 obtruncari
3167 2987 3372 3057 jussit.

2628 3194 2871 3251 EODEM
2909 3193 3160 3249 MENSE.

2603 3300 2705 3355 Die
2736 3299 2968 3355 decima
2989 3304 3172 3354 sexta.

2068 3390 2168 3447 58
2202 3392 2492 3445 Certamen
2520 3393 2699 3445 sancti
2742 3392 3000 3471 martyris
3056 3390 3327 3457 Leonidis,
3361 3396 3410 3443 et
3438 3390 3712 3445 sociorum

2824 3477 2959 3527 eius.

2139 3569 2207 3625 Hi
2239 3569 2426 3623 sancti
2457 3573 2746 3639 martyres
2787 3585 2855 3623 ex
2886 3568 3122 3624 Graeciaa
3178 3568 3417 3641 regione
3446 3568 3709 3626 fuerunt.

2068 3661 2149 3714 Ac
2181 3658 2470 3715 Leonides
2501 3659 2743 3729 quidem
2776 3676 2909 3714 cum
2943 3660 3004 3714 in
3034 3659 3183 3713 festo
3235 3659 3710 3716 Resurrectionis

2066 3748 2302 3803 Domini
2334 3750 2520 3803 nostri
2552 3750 2913 3804 JesuChristi
2937 3766 3135 3805 coram
3164 3748 3461 3821 frequenti
3494 3751 3714 3822 populo

2067 3838 2128 3893 in
2160 3838 2411 3893 ecclesia
2442 3838 2744 3909 psalleret,
2776 3838 3113 3910 festumque
3164 3844 3381 3910 ageret,
3436 3856 3706 3912 compre-

2068 3927 2289 3982 hensus
2319 3926 2430 3981 fuit
2459 3928 2529 3982 ab
2563 3926 2915 3992 idololatris,
2949 3933 3009 3982 et
3063 3928 3297 3983 vinctus
3356 3926 3706 3987 Corinthum

2067 4016 2376 4071 adductus.
2409 4016 2645 4087 Reliqui
2675 4033 2811 4071 vero
2843 4016 2949 4071 viri
2984 4034 3049 4072 ac
3084 4017 3497 4088 mulieres,qui
3530 4037 3599 4075 ex
3617 4020 3707 4074 di-

2064 4107 2249 4162 versis
2281 4106 2427 4161 locis
2455 4107 2967 4176 erant,provinciaa
2990 4106 3227 4176 praesidi
3254 4105 3433 4161 oblati
3448 4108 3709 4162 fuerunt.

2066 4196 2173 4262 Qui
2205 4195 2384 4250 simul
2416 4195 2668 4250 vinculis
2699 4196 3029 4261 constricti,
3090 4201 3147 4249 et
3206 4201 3409 4249 sancto
3471 4197 3710 4250 Leonidi

2066 4285 2355 4356 adjuncti,
2386 4284 2446 4338 in
2482 4300 2780 4339 carcerem
2814 4283 3039 4338 detrusi
3072 4289 3228 4339 sunt.
3263 4284 3489 4338 Deinde
3520 4301 3550 4337 e
3582 4301 3711 4339 car-

2066 4391 2197 4430 cere
2229 4373 2446 4437 educti,
2507 4373 2723 4427 iterum
2773 4372 3038 4427 Corinthi
3098 4372 3333 4443 praasidi
3397 4373 3709 4427 sistuntur.

2065 4464 2330 4534 Cumque
2357 4462 2428 4516 ab
2457 4478 2524 4516 eo
2556 4460 3010 4532 impellerentur
3039 4462 3337 4516 Christum
3387 4478 3623 4534 negare,
3656 4467 3715 4518 et

2065 4552 2241 4608 idolis
2274 4551 2630 4614 sacrificare,
2653 4567 2762 4605 nec
2788 4550 2861 4604 ad
2894 4550 2951 4604 id
2975 4550 3174 4605 induci
3206 4557 3467 4621 possent,
3504 4552 3712 4606 Leoni—

300 4622 453 4681 Ἐπεὶ
488 4619 545 4676 δὶ
574 4620 676 4675 οὐκ
704 4619 1053 4689 ἐπείσθησαν,
1114 4622 1142 4675 ὁ
1195 4620 1290 4693 μὶν
1336 4617 1600 4691 Λεονίδης
1629 4620 1952 4694 κρεμασθεὶς

2077 4642 2166 4699 les
2190 4641 2432 4713 quidem
2456 4642 2614 4713 ligno
2629 4617 3576 4711 suspensus,crudeliterdepexus
3600 4647 3708 4709 est,

298 4711 389 4767 ἰπὶ
420 4708 611 4783 ξύλου,
645 4707 828 4780 έξέσθη
874 4706 1129 4785 ἀφειδῶς,
1187 4709 1278 4763 καὶ
1337 4707 1587 4782 λαμπάσι
1645 4709 1741 4773 τὰς
1770 4710 1947 4765 πλευ-

298 4800 398 4877 ρὰς
451 4795 825 4877 κατεφλέχθη.
914 4801 1048 4854 Εἶτα
1102 4801 1199 4853 τοῦ
1278 4797 1445 4871 ξύλου
1503 4793 1949 4868 καταϐιϐασοεὶς,

300 4888 576 4964 μετὰτῶν
610 4887 702 4942 σὺν
733 4887 883 4959 αὐτῷ
938 4886 1103 4963 ἁγίων
1160 4891 1241 4960 τῷ
1304 4887 1459 4962 βυθῷ
1515 4886 1619 4953 τῆς
1673 4886 1949 4959 θαλάσσης

297 4977 603 5058 mea.

482 5083 590 5142 Καὶ
616 5082 852 5155 ’ἄθλησις
881 5089 982 5154 τῆς
1014 5082 1168 5161 ἁγίας
1204 5082 1480 5158 μάρτυρος
1510 5081 1770 5157 Εῒρήνης.

374 5195 476 5253 Καὶ
524 5196 562 5264 ὴ
620 5192 744 5270 ἆγία
818 5194 1023 5267 μάρτυς
1079 5190 1316 5269 Εἰρήνη,
1362 5190 1500 5245 κατὰ
1554 5192 1647 5247 τὸν
1703 5194 1954 5247 τοιοῦτον

293 5286 488 5360 καιρὸν
510 5287 608 5339 τοῦ
640 5283 793 5357 ἁγίου
823 5281 1039 5357 Πάσχα,
1073 5279 1125 5336 έν
1184 5284 1253 5355 τῇ
1313 5280 1454 5355 αὐτῇ
1503 5278 1685 5357 χώρᾳ,
1717 5279 1769 5335 έν
1830 5278 1954 5353 ἰδίῳ

296 5373 601 5447 εὒκτηρίῳ,
686 5371 823 5445 μετὰ
875 5375 982 5425 τῶν
1052 5369 1177 5425 τότε
1260 5373 1602 5445 Χριστιανῶν
1661 5368 1752 5425 τὸν
1818 5370 1952 5426 Θεὸν

296 5461 721 5537 δοξοΛογοῦσα,
787 5458 1135 5533 κατεμηνύθη
1197 5462 1278 5531 τῷ
1334 5457 1562 5534 ἃρχοντι
1619 5460 1765 5531 παρὰ
1843 5463 1952 5514 τῶν

302 5546 580 5607 δυσσεὸῶν
655 5548 1077 5622 εἰδωλολατρῶν
1107 5567 1119 5581 ’
1211 5547 1301 5603 καὶ
1385 5548 1716 5623 κρατηθεῖσα
1797 5547 1948 5623 ἢχθη

299 5638 703 5713 δεδεμένη,καὶ
760 5637 1002 5711 παρέστη
1066 5636 1232 5709 αὐτῷ.
1277 5636 1372 5691 Καὶ
1416 5635 1767 5712 ἐρωτηθεῖσα,
1805 5637 1953 5711 ὡμο-

296 5729 505 5809 λόγησε
531 5731 627 5788 τὸν
658 5729 887 5806 Χριστὸν
916 5724 1216 5804 παρρησίᾳ,
1273 5727 1402 5782 Θεὸν
1472 5726 1633 5782 αὐτὸν
1686 5725 1949 5798 ἀληθινὸν

2062 4730 2409 4802 facibusque
2458 4730 2519 4783 in
2552 4729 2837 4785 lateribus
2871 4729 3190 4791 ustulatus,
3224 4729 3438 4785 deinde
3470 4748 3500 4785 e
3550 4731 3711 4802 ligno

2062 4819 2386 4891 depositus,
2416 4835 2539 4873 una
2564 4835 2699 4873 cum
2732 4818 2953 4873 sanctis
2985 4819 3162 4874 sociis
3195 4819 3318 4875 suis
3348 4820 3409 4873 in
3462 4819 3708 4891 profun-

2062 4908 2204 4964 dum
2235 4908 2418 4964 maris
2459 4907 2768 4963 demersus
2797 4906 2929 4963 fuit.

2300 5088 2369 5143 Et
2396 5093 2672 5143 certamen
2699 5092 2909 5144 sancta?
2957 5088 3219 5158 martyris
3266 5088 3464 5144 Irenes.

2135 5192 2348 5250 Sancta
2374 5210 2610 5265 quoque
2642 5198 2867 5267 martyr
2906 5196 3073 5249 Irene
3127 5195 3334 5250 eodem
3390 5197 3577 5251 sancti
3608 5199 3712 5253 Pa-

2064 5282 2284 5339 schatis
2316 5287 2603 5354 tempore,
2630 5288 2689 5337 et
2719 5283 2779 5337 in
2808 5283 3014 5337 eadem
3038 5284 3442 5356 regione,cum
3478 5286 3537 5340 in
3570 5304 3709 5358 pro-

2063 5373 2209 5444 pria:
2241 5372 2452 5427 domus
2484 5372 2742 5428 oratorio
2766 5388 2885 5427 una
2908 5389 3041 5427 cum
3075 5373 3179 5441 eis,
3213 5374 3314 5444 qui
3339 5379 3477 5428 tunc
3510 5392 3711 5430 secum

2066 5461 2611 5528 erant,Christianis
2628 5463 2813 5517 Deum
2836 5462 3508 5535 glorificaret,abimpiis
3530 5464 3715 5520 idolo-

2063 5550 2232 5605 latris
2262 5551 2333 5605 ad
2363 5551 2680 5621 praesidem
2704 5552 2901 5606 delata
2931 5552 3707 5625 est.Comprehensaigitur,

2062 5640 2432 5711 vinculisque
2462 5642 2804 5705 constricta,
2838 5658 3036 5695 coram
3068 5641 3195 5711 ipso
3227 5641 3495 5696 sistitur:
3530 5648 3708 5712 atque

2061 5729 2440 5803 interrogata,
2476 5729 2800 5786 confidenti
2832 5731 3030 5785 animo
3090 5730 3386 5784 Christum
3437 5733 3709 5789 confessa
