4086 6204
299 371 418 433 407

1582 373 2021 437 MENOLOGII
2064 373 2286 438 PARS.
2320 375 2422 438 Ill.

3593 377 3714 437 408

303 508 413 572 est,
448 518 652 564 verum
695 509 880 565 Deum
936 507 1131 580 ipsum
1189 507 1596 581 promulgans,
1648 507 1949 580 totiusque

2079 506 2462 585 ινακηρόξασα,
2511 509 2601 565 καὶ
2654 509 2858 585 Κύριον
2916 513 3014 565 τοῦ
3072 509 3270 570 παντὸς
3328 509 3564 583 κόσμου,
3624 507 3715 564 καὶ

305 603 597 654 terrarum
629 599 788 654 orbis
812 599 1225 667 Dominum,et
1254 615 1454 654 rerum
1487 598 1757 654 omnium
1788 599 1952 671 opiﬁ-

304 694 820 756 cem,servatorem
851 704 919 742 ac
947 687 1384 760 redemptorem
1419 688 1752 756 hominum,
1776 694 1953 760 atque

304 777 600 832 idolorum
632 776 1217 832 eversorem.ldcirco
1249 777 1501 850 ﬂagellis
1533 794 1706 846 cassa,
1739 778 1801 833 in
1823 793 1952 833 car-

305 881 500 921 cerem
533 865 1133 937 conjicitur.praaside
1165 866 1226 920 in
1258 866 1681 938 publicmcurm
1705 867 1956 940 negotiis

304 956 763 1027 occupato.Cum
780 961 978 1011 autem
1006 956 1060 1012 ei
1093 963 1297 1028 postea
1320 957 1393 1012 ad
1425 957 1484 1011 id
1513 959 1699 1013 otium
1721 957 1952 1022 fuisset,

305 1061 337 1100 e
368 1059 606 1100 carcere
626 1045 843 1100 iterum
875 1045 1110 1111 educta,
1142 1063 1342 1102 coram
1376 1047 1585 1102 eodem
1617 1046 1952 1105 adducitur.

305 1134 376 1189 Et
399 1133 670 1207 pluribus
700 1134 941 1206 quidem
973 1141 1197 1202 vexata,
1235 1135 1557 1192 crudeliter
1605 1141 1953 1208 torquetur:

307 1239 444 1279 nam
477 1223 679 1296 lingua
710 1224 764 1278 ei
792 1224 1257 1293 exscinditur,et
1287 1224 1496 1282 dentes
1518 1225 1872 1294 evelluntur,
1900 1229 1960 1280 et

306 1317 485 1387 caput
513 1313 756 1368 demum
786 1314 979 1386 gladio
1015 1319 1381 1386 amputatur.

484 1429 584 1486 59
615 1431 687 1486 Et
715 1437 986 1486 certamen
1013 1432 1194 1486 sancti
1217 1432 1486 1501 martyris
1514 1430 1776 1487 Adriani.

380 1607 676 1666 Adrianus
706 1623 944 1680 quoque
973 1608 1186 1664 Christi
1218 1613 1444 1680 martyr
1475 1624 1544 1663 ex
1575 1607 1696 1664 illis
1716 1607 1959 1682 fuit,qui

311 1715 381 1754 eo
410 1703 676 1769 tempore
703 1697 1140 1768 comprehensi,
1171 1697 1232 1752 in
1272 1697 1534 1753 diversos
1555 1713 1825 1753 carceres
1855 1697 1958 1753 de.

313 1787 462 1842 trusi
483 1785 748 1842 fuerunt.
776 1786 1034 1842 Eductus
1067 1792 1265 1843 autem
1288 1803 1317 1841 e
1341 1802 1597 1854 carcere,
1621 1803 1756 1842 cum
1778 1789 1962 1842 sacri-

2061 596 2403 675 δημιουργὸν
2481 604 2591 655 τῶν
2645 598 2895 655 ἁπάντων
2985 605 3224 674 σωτῆρα,
3280 597 3370 654 καὶ
3425 598 3714 673 λυτρωτὴν

2060 694 2168 745 τῶν
2199 688 2528 766 ἀνθρώπων,
2585 690 2676 745 καὶ
2735 686 3049 759 καταλῦτην
3079 693 3186 744 τῶν
3246 686 3516 746 εἰδώλων.
3545 691 3708 754 ’Όθεν

2060 784 2322 857 τυφθεῖσα
2352 776 2682 849 ἀπεκλείσθη
2714 778 2792 842 είς
2840 779 3116 854 φυλακὴν,
3165 775 3586 850 ἀσχολουμένου
3614 783 3712 836 τοῦ

2063 868 2332 943 ἄρχοντος
2366 867 2444 925 εἷς
2477 865 2744 940 δημοσίας
2788 864 3098 944 φροντίδας.
3159 867 3602 942 Εὗκαιρτςσαντος
3654 865 3713 924 δὶ

2063 957 2248 1027 αὐτοῦ,
2331 957 2498 1012 πάλιν
2577 952 2904 1026 ἐκϐληθεῖσα
2960 960 3060 1022 τῆς
3120 954 3390 1034 φυλακῆς,
3468 958 3708 1032 παρέστη

2063 1047 2232 1120 αὐτῷ.
2286 1047 2388 1105 Καὶ
2443 1047 2860 1123 ἀναγκασθεῖσα,
2922 1041 3243 1116 ἐϐασανίσθη
3298 1046 3560 1122 ἰσχυρῶς·
3619 1047 3710 1101 καὶ

2066 1137 2166 1213 γὰρ
2199 1139 2298 1206 την
2326 1135 2576 1213 γλῶτταν
2631 1136 2883 1210 ἐξεκόπη,
2937 1135 3028 1191 καὶ
3081 1134 3209 1198 τοὺς
3248 1133 3474 1199 ἆδὸντας
3505 1135 3710 1212 ἐξερριο

2065 1228 2242 1298 ζώθη,
2263 1226 2353 1282 καὶ
2381 1225 2539 1281 τέλον
2566 1226 2704 1304 ξίφει
2737 1227 2837 1296 τήν
2878 1222 3122 1302 κεφαλὴν
3156 1225 3470 1298 ἀπετμήθη.

2208 1423 2311 1478 Καὶ
2342 1420 2574 1494 ἄθλησις
2615 1424 2712 1476 τοῦ
2742 1422 2904 1496 ἁγίου
2937 1422 3211 1499 μάρτυρος
3266 1419 3569 1497 Ἀδριανοῦ.

2142 1584 2240 1643 Καὶ
2285 1585 2313 1640 6
2344 1585 2550 1660 μάρτυς
2579 1589 2677 1640 τοῦ
2711 1588 2950 1660 Χριστοῦ
2997 1579 3283 1658 ’Δδριανὸς
3341 1583 3418 1644 εἷς
3479 1582 3546 1652 ἦν
3605 1581 3716 1638 τῶν

2065 1675 2190 1732 τότε
2241 1676 2642 1747 κρατηθέντων,
2701 1674 2791 1730 καὶ
2875 1671 3160 1752 διαφόροις
3217 1669 3486 1751 φυλακαῖς
3537 1692 3711 1747 παρα-

2067 1766 2448 1845 πεμφθέντων*
2507 1767 2596 1821 καὶ
2659 1759 2950 1835 ἐκϐληθεὶς
3008 1770 3109 1832 τῆς
3166 1760 3437 1840 φυλακῆς,
3524 1762 3712 1827 Θυσίας

317 1876 520 1931 ﬁcium
545 1875 713 1930 falsis
745 1874 860 1930 diis
888 1875 1391 1948 ﬁeret,Greecique
1406 1891 1614 1931 omnes
1637 1891 1838 1931 errore
1861 1875 1965 1932 ab-

2079 1855 2494 1930 ἑπιτελουμένης
2533 1859 2652 1918 τοῖς
2703 1850 3084 1928 ψευδωνύμοις
3141 1853 3308 1923 Θεοῖς,
3361 1850 3450 1906 καὶ
3499 1854 3712 1906 πάντων

315 1964 478 2019 ducti
512 1964 940 2032 sacrificarent,
974 1965 1152 2020 etiam
1185 1965 1312 2036 ipse
1345 1964 1418 2020 ad
1463 1981 1626 2021 aram
1684 1965 1965 2021 accedere

2079 1952 2182 2004 τῶν
2237 1945 2673 2018 πεπλανημένων
2733 1941 3021 2012 Ἑλλήνων
3081 1941 3343 2036 θυόντωνέ
3383 1941 3718 2016 ἠναγκάζετο

318 2053 568 2126 cogitur,
600 2070 668 2109 ac
701 2054 876 2108 thura
907 2053 1166 2109 adolere.
1220 2055 1432 2109 Verum
1491 2071 1612 2110 non
1671 2053 1846 2110 modo
1904 2054 1966 2109 id

316 2143 512 2200 facere
544 2142 873 2210 recusavit;
907 2141 1010 2198 sed
1042 2159 1176 2198 cum
1209 2149 1487 2199 strenuus
1519 2149 1674 2200 esset
1704 2160 1771 2200 ac
1788 2160 1964 2217 gene-

317 2235 582 2302 rosus,in
605 2251 770 2290 aram
800 2234 1055 2301 insiluit,
1089 2251 1338 2306 eamque
1372 2237 1597 2305 evertit,
1632 2242 1691 2291 et
1720 2237 1967 2309 imposi-

319 2328 410 2379 tas
441 2324 741 2396 superilla
767 2325 1039 2379 victimas
1061 2323 1638 2396 disjecit,ignemque
1661 2325 1962 2398 dispersit.

318 2413 461 2468 Cum
493 2412 1070 2484 proindepraasidem
1094 2413 1155 2467 in
1186 2413 1335 2467 iram
1367 2414 1969 2478 excitasset,etidolo-

318 2502 627 2570 latrarum,
661 2502 762 2573 qui
791 2501 872 2556 ibi
917 2502 1184 2567 aderant,
1243 2503 1512 2558 animum
1573 2504 1963 2578 accendisset,

317 2591 808 2660 comprehensus,
841 2590 1164 2646 crudeliter
1193 2608 1382 2646 cassus
1410 2592 1559 2647 fuit:
1593 2593 1746 2648 alius
1773 2595 1963 2666 siqui—

318 2676 454 2731 dem
475 2677 635 2750 virga
665 2678 863 2748 ipsum
920 2679 1236 2749 percussit,
1289 2679 1442 2735 alius
1476 2680 1674 2752 lapide
1705 2698 1771 2737 os
1831 2683 1963 2754 ejus

317 2765 609 2832 contrivit,
629 2764 782 2822 alius
813 2767 1008 2838 ipsum
1031 2768 1093 2822 in
1125 2769 1319 2839 capite
1353 2769 1584 2824 cecidit.
1625 2771 1872 2828 Demum
1899 2772 1962 2828 in

315 2870 664 2910 succensam
721 2855 1030 2911 ardentem
1061 2856 1364 2912 fornacem
1420 2875 1555 2915 eum
1603 2859 1958 2931 injecerunt.

312 2944 504 3014 Atque
535 2943 618 2999 ita
646 2960 815 2999 suam
843 2949 1111 3001 sanctam
1162 2946 1425 3002 animam
1457 2948 1707 3004 Domino
1775 2949 1957 3006 tradi-

313 3031 419 3087 dit.

861 3134 1102 3191 EODEM
1139 3136 1391 3192 MENSE.

811 3221 915 3280 Die
945 3223 1176 3281 decima
1206 3225 1460 3297 septima

563 3331 848 3388 Certamen
875 3335 1053 3388 sancti
1080 3333 1344 3404 martyris
1375 3336 1710 3392 Ardalionis.

383 3475 517 3532 Fuit
535 3475 652 3545 hic,
677 3477 1012 3550 imperante
1043 3478 1418 3548 Maximiano,
1452 3480 1757 3537 mimicam
1775 3486 1963 3538 artem

313 3583 618 3623 exercens.
677 3568 910 3625 Placuit
961 3576 1161 3626 autem
1193 3571 1268 3638 ei,
1304 3572 1461 3626 inter
1517 3571 1667 3627 alios
1700 3572 1966 3627 scenicos

318 3655 678 3724 ludos,hunc
710 3659 889 3713 etiam
905 3659 1406 3715 exhibere.Finxit
1423 3677 1483 3715 se
1503 3667 1825 3733 martyrem
1839 3676 1968 3717 esse

322 3761 430 3815 pro
461 3746 692 3800 Christo
713 3746 1139 3802 decertantem.
1174 3747 1437 3820 Cumque
1471 3750 1532 3803 in
1565 3765 1742 3804 scena
1765 3751 1838 3806 ab
1872 3768 1966 3816 eo,

325 3834 425 3904 qui
457 3850 775 3904 personam
807 3835 1041 3904 tyranni
1077 3837 1603 3905 repraesentabant,
1638 3839 1969 3910 suspende-

324 3929 490 3976 retur
518 3938 586 3976 ac
615 3921 1289 3994 depecteretur,ipsique
1323 3942 1356 3980 a
1380 3928 1971 3999 spectatoribus,ejus

326 4011 722 4067 constantiam
754 4011 1815 4084 collaudantibus,plauderetur,voce
1845 4033 1971 4072 ma-

325 4115 441 4173 gna
471 4099 839 4168 exclamavit,
890 4106 946 4155 et
1001 4100 1240 4155 silentio
1275 4101 1496 4158 indicto
1550 4119 1869 4160 conversus
1897 4105 1972 4161 ad

326 4189 614 4264 populum
647 4189 830 4246 dixit:
866 4191 945 4246 Ne
975 4189 1351 4247 arbitremini
1381 4208 1476 4248 me
1520 4192 1749 4250 ludicra
1776 4211 1972 4267 agere,

328 4280 433 4336 sed
455 4281 515 4336 in
541 4280 783 4336 veritate
809 4297 916 4352 pro
946 4280 1278 4336 Christiano
1307 4298 1400 4337 me
1415 4282 1624 4339 habete
1653 4300 1667 4338 :
1696 4300 1800 4356 ego
1816 4285 1976 4340 enim

327 4371 1032 4427 Christianussum.Tunc
1057 4387 1274 4442 prmses
1305 4370 1453 4428 facie
1484 4373 1975 4448 immutatus,pri-

325 4478 493 4518 mum
525 4461 766 4534 quidem
797 4461 995 4532 ipsum
1028 4460 1301 4517 hortatus
1334 4467 1445 4530 est,
1496 4467 1562 4517 ut
1617 4465 1974 4519 sententiam

327 4556 604 4615 mutaret,
637 4566 712 4605 ne
737 4556 970 4621 turpem
1001 4555 1256 4605 mortem
1287 4549 1497 4606 obiret.
1532 4553 1676 4608 Cum
1707 4569 1840 4608 vero
1871 4553 1975 4609 ille

2072 2037 2162 2094 καὶ
2194 2035 2353 2098 αὐτὸς
2382 2041 2462 2107 τῷ
2497 2035 2674 2109 βωμῷ
2700 2030 3042 2108 προσελθεῖν,
3100 2029 3190 2085 καὶ
3241 2025 3544 2086 λιϐανωτὸν
3595 2028 3720 2085 ἐπι-

2073 2130 2250 2192 θῦσαι.
2284 2123 2460 2186 Αὐτὸς
2490 2120 2548 2178 δὲ
2579 2121 2640 2178 οὐ
2678 2122 2842 2195 μόνον
2873 2119 2972 2176 οὐκ
3001 2119 3223 2191 έπείσθη
3276 2124 3436 2174 τοῦτο
3468 2125 3720 2190 ποιῆσαι,

2072 2213 2200 2272 ἀλλ’
2231 2211 2478 2289 ἀνδρεῖος
2511 2210 2610 2280 ὢν,
2641 2210 2730 2266 καὶ
2787 2215 3054 2287 γενναῖος,
3113 2207 3338 2284 δραμὼν
3396 2210 3724 2284 κατέστρεψε

2069 2307 2161 2361 τὸν
2201 2304 2410 2380 βωμὸν,
2444 2303 2535 2357 καὶ
2564 2301 2658 2362 τὰς
2685 2296 3028 2373 ἐπικειμένας
3081 2297 3166 2354 ἐπ’
3222 2297 3370 2370 αὐτῷ
3403 2297 3586 2362 θυσίας
3618 2297 3723 2372 ἐξέο

2073 2415 2188 2472 χεε,
2219 2395 2307 2450 καὶ
2340 2397 2405 2448 τὸ
2443 2396 2550 2468 πῦρ
2581 2388 2977 2466 διεσκόρπισεν
3040 2388 3117 2451 είς
3151 2388 3320 2466 ὀργὴν
3349 2389 3439 2443 οῦν
3494 2389 3723 2459 κινήσας

2069 2488 2162 2542 τὸν
2221 2486 2486 2559 ἄρχοντα,
2546 2481 2634 2537 καὶ
2687 2485 2796 2535 τῶν
2883 2478 3247 2555 παρεστώτων
3299 2475 3721 2550 εἴδωλολατρῶν

2070 2573 2273 2649 ἀνάψας
2309 2573 2372 2628 τὸ
2427 2575 2556 2645 πῦρ,
2611 2570 2900 2643 κρατηθεὶς
2974 2567 3288 2640 ἐμαστίζετο
3341 2563 3597 2642 ἀφειδῶς.
3659 2566 3724 2623 Ὁ

2073 2665 2170 2738 μὶν
2201 2665 2304 2739 γὰρ
2339 2656 2525 2739 ῥάϐδῳ
2556 2658 2820 2729 ἔπληττεν
2845 2657 3026 2726 αὐτὸν,
3056 2657 3084 2711 6
3141 2653 3199 2711 δέ
3255 2656 3396 2728 λίθῳ
3448 2654 3512 2710 τὸ
3543 2654 3722 2726 στόμα

2069 2753 2402 2826 συνέτριψεν,
2435 2749 2606 2810 ἄλλος
2665 2747 2804 2802 κατὰ
2857 2744 3102 2824 κεφαλῆς
3160 2739 3372 2800 ἔτυπτε.
3406 2741 3506 2801 Καὶ
3557 2741 3720 2804 τέλος

2067 2841 2362 2917 ἀνάψαντές
2418 2840 2645 2913 κάμινον
2736 2834 3005 2911 μεγάλην,
3064 2829 3319 2890 ἐνέϐαλον
3379 2831 3537 2888 αὐτὸν
3587 2832 3720 2887 ἐκεῖ·

2065 2933 2156 2989 καὶ
2215 2930 2363 2986 οὕτω
2429 2924 2712 3005 παρέδωκέ
2769 2926 2869 2994 τήν
2925 2923 3077 3000 ἁγίαν
3147 2924 3315 2980 αὐτοῦ
3372 2922 3559 2999 ψυχὴν
3636 2925 3722 2994 τῷ

2065 3022 2278 3100 Κυρίῳ.

2619 3107 2801 3164 MHNI
2838 3109 2928 3182 'ro
2967 3105 3170 3182 ΑΥΤῼ.

2180 3308 2445 3378 ἈθΛησις
2502 3306 2600 3359 τοῦ
2630 3301 2817 3376 ,ἁγίου
2877 3302 3152 3377 μάρτυρος
3211 3296 3608 3375 ’Δρδαλίωνος.

2144 3473 2316 3534 Οὗτος
2337 3469 2425 3525 ἐπὶ
2455 3475 2555 3538 τῆς
2617 3464 2894 3543 βασιλείας
2951 3465 3018 3534 ἧν
3073 3466 3439 3538 Μαειμιανοῦ,
3494 3464 3561 3518 τὰ
3620 3484 3720 3536 μι-

2077 3562 2337 3638 μολόγων
2385 3563 2580 3615 ποιῶνο
2613 3553 2792 3630 ἔδοξεν
2853 3555 2945 3610 οῦν
3001 3555 3172 3626 αὐτῷ,
3223 3555 3495 3628 μετὰτῶν
3524 3550 3714 3608 ἄλλων

2073 3651 2387 3728 παιγνίων,
2471 3648 2562 3704 καὶ
2644 3650 2810 3702 τοῦτο
2891 3651 3141 3714 ποιῆσαι.
3201 3645 3426 3703 Ἑαυτὸν
3492 3642 3724 3713 ἐποίησε

2077 3743 2344 3818 μάρτυρα,
2429 3736 2830 3814 ἀγωνιζόμενον
2907 3735 3039 3810 ὑπὲρ
3095 3738 3193 3790 τοῦ
3278 3732 3536 3792 Χοιστοῦ·
3606 3752 3729 3807 κρε.

2080 3830 2302 3905 μασθεὶς
2336 3827 2394 3884 δὶ
2444 3826 2592 3902 παρὰ
2642 3829 2740 3880 τοῦ
2797 3822 2958 3893 δῆθεν
3042 3823 3334 3900 τυράννου,
3386 3821 3583 3896 έξέετο.
3639 3822 3730 3885 Ὠς

2077 3920 2168 3974 οῦν
2203 3919 2286 3975 ἐπ’
2329 3917 2488 3972 αὐτὸν
2545 3914 2740 3991 κρότος
2801 3913 2948 3988 παρὰ
3002 3917 3109 3967 τῶν
3167 3915 3372 3968 θεατῶν
3425 3912 3516 3983 ἦν,
3575 3911 3728 3967 ἐπαι-

2076 4007 2312 4064 νούντων
2381 4005 2546 4061 αὐτοῦ
2603 4006 2701 4074 τήν
2761 4001 3078 4077 καρτερίαν,
3129 4001 3383 4078 ἀνέκραξε
3427 4000 3584 4076 μέγα,
3639 4001 3731 4057 καὶ

2081 4099 2235 4174 σιγὴν
2269 4097 2516 4172 γενέσθαι
2545 4093 2980 4168 παρασκευάσας,
3044 4091 3159 4146 εἶπε
3187 4091 3324 4165 πρὸς
3381 4091 3472 4146 τὸν
3527 4087 3730 4164 δῆμον,

2081 4187 2165 4242 δτι
2227 4187 2304 4260 μὴ
2357 4183 2608 4258 νομίζετέ
2668 4203 2735 4255 με
2801 4181 3050 4258 παίγνιον
3123 4184 3404 4236 ποιοῦντα*
3490 4178 3619 4236 ἀλλ’
3673 4178 3731 4235 ἐν

2083 4275 2317 4347 ἀληθείᾳ
2373 4272 2696 4349 Χριστιανὸν
2758 4266 3188 4344 ὑπολαμϐάνετε,
3251 4271 3392 4347 Ἐγὼ
3455 4271 3558 4346 γὰρ
3605 4271 3732 4345 Χρι-

2084 4363 2294 4426 στιανός
2327 4363 2462 4436 εἶμι.
2495 4360 2631 4420 Τότε
2660 4361 2688 4415 6
2719 4358 2907 4435 ἄρχων
2941 4357 3273 4422 ἀλλοιωθεὶς
3314 4358 3378 4414 τὸ
3408 4359 3728 4434 πρόσωπον,

2085 4459 2301 4528 πρῶτον
2330 4452 2426 4526 μὶν
2456 4451 2750 4526 παρῄνεσεν
2805 4448 2949 4521 αὖτῷ
3010 4450 3315 4521 μεταθεῖναι
3344 4450 3443 4517 τήν
3473 4449 3728 4526 γνώμην,

2087 4543 2175 4599 καὶ
2211 4543 2287 4615 μή
2337 4545 2519 4602 κακῶς
2575 4539 2886 4595 ἀποθανεῖν’
2949 4538 2977 4593 6
3039 4534 3095 4592 δὲ
3142 4538 3218 4610 μή
3277 4536 3544 4604 πεισθεὶς,
3601 4535 3729 4594 ἀλλ’

328 4655 450 4696 non
479 4640 889 4708 assentiretur,
906 4638 1010 4694 sed
1040 4639 1100 4693 in
1132 4639 1348 4695 Christi
1383 4639 1500 4696 ilde
1531 4657 1720 4712 usque
1751 4643 1824 4698 ad
1845 4642 1965 4698 obi-

2081 4631 2342 4706 ἐμμείνας
2369 4633 2440 4703 τῇ
2495 4628 2570 4691 εἷς
2629 4627 2863 4704 Χριστὸν
2897 4626 3072 4682 πίστει
3122 4626 3290 4702 μέχρι
3322 4629 3574 4696 θανάτου,
3625 4649 3732 4683 πυ-

329 4733 455 4783 tum
487 4728 802 4800 persistere
829 4744 892 4783 se
909 4727 1061 4782 velle
1079 4728 1656 4800 aiﬁrmaretdngenti
1675 4730 1973 4802 lignorum

328 4822 490 4874 strue
521 4832 791 4884 accensa,
824 4816 887 4871 in
919 4816 1079 4872 illius
1111 4817 1374 4874 medium
1406 4819 1685 4890 injectus,
1726 4819 1973 4892 hujusce

327 4908 462 4963 vita
493 4906 675 4962 finem
702 4904 872 4961 laatus
894 4905 1566 4979 accepit,tempestivum
1599 4909 1812 4966 vulnus
1842 4910 1972 4968 dia-

326 4995 464 5052 bolo
495 4993 790 5068 inﬂigens.

329 5085 429 5142 ου
457 5087 530 5141 Et
562 5085 823 5140 memoria
850 5085 1027 5139 sancti
1075 5085 1257 5210 ιῖἰαενίε
1303 5087 1484 5142 nostri
1541 5087 1778 5159 Agapeti
1806 5105 1974 5162 papa

1137 5171 1293 5210 amas.

1137 5171 1273 5212 amas
1281 5197 1293 5210 .

400 5274 647 5331 Sanctus
672 5275 844 5330 Pater
863 5277 1069 5329 noster
1097 5274 1754 5346 Agapetus,1ustiniano
1773 5275 1970 5348 impe-

328 5370 520 5429 rante,
572 5365 634 5418 in
666 5369 858 5420 vetere
903 5365 1089 5418 Roma
1138 5367 1338 5428 natus,
1393 5369 1634 5436 propter
1679 5364 1972 5438 religiosas

326 5456 460 5511 vitm
492 5453 946 5510 exercitationes
976 5456 1035 5507 et
1087 5451 1348 5522 reliquas
1378 5452 1622 5509 virtutes
1647 5454 1721 5510 ad
1755 5455 1972 5511 summi

327 5543 708 5618 pontificatus
756 5541 1102 5614 dignitatem
1161 5541 1450 5597 ascendit.
1511 5544 1642 5598 Fuit
1683 5550 1883 5600 autem
1916 5550 1975 5600 et

327 5631 504 5688 editis
534 5631 840 5688 miraculis
869 5631 1083 5686 clarus.
1120 5631 1265 5686 Cum
1326 5632 1487 5687 enim
1546 5632 1870 5706 aliquando
1903 5651 1972 5691 ex

328 5722 472 5780 urbe
500 5725 683 5780 Roma
712 5738 1005 5796 egressus,
1037 5722 1608 5796 Constantinopolim
1642 5724 1966 5800 navigaret,

2084 4727 2181 4796 ρᾶς
2201 4717 2530 4797 ἀναφθείσης
2566 4715 2836 4792 μεγάλης,
2868 4714 2920 4770 ἐν
2982 4717 3131 4789 μέσῳ
3192 4717 3439 4791 βληθεὶς,
3468 4717 3530 4772 τὸ
3571 4715 3736 4782 τέλος

2081 4813 2180 4879 τῆς
2212 4808 2496 4884 παρούσης
2529 4811 2674 4877 ζωῆς
2699 4806 2909 4882 χαίρων
2942 4801 3179 4876 ἐδέξατο,
3210 4806 3423 4884 καιρίαν
3475 4803 3601 4872 δοὺς
3651 4812 3733 4880 τῷ

2083 4893 2330 4972 διαϐόλῳ
2355 4896 2604 4972 πληγήν,

2085 5078 2184 5136 Καὶ
2248 5078 2441 5152 μνήμη
2499 5081 2600 5132 τοῦ
2656 5073 2710 5132 ἐν
2744 5077 3184 5154 ,ἁγίοις-[ἰατρὸς
3213 5080 3374 5152 ἡμῶν
3408 5077 3731 5154 Ἀγαπητοῦ

2686 5146 2838 5203 πάπα
2866 5146 3058 5221 Ῥώμη
3068 5146 3113 5211 ς’.

2157 5275 2467 5351 Ἀγαπητὸς
2497 5274 2526 5328 6
2558 5272 2610 5329 ἐν
2659 5272 2830 5348 ἁγίοις
2892 5273 3077 5346 Πατὴρ
3131 5274 3318 5348 ἡμῶν,
3365 5276 3434 5344 ἦν
3488 5277 3586 5349 μὶν
3640 5275 3734 5333 ἐπὶ

2083 5371 2184 5434 τῆς
2249 5363 2525 5441 βασιλείας
2581 5361 2999 5434 Ἰουστινιανοῦ,
3055 5363 3114 5420 ἐκ
3168 5372 3269 5434 τῆς
3327 5363 3566 5430 παλαιᾶς
3603 5371 3738 5426 Ῥώ-

2083 5474 2216 5527 μηςο
2253 5451 2323 5509 δι’
2365 5455 2645 5524 ἀῖκήσεως
2673 5450 2729 5508 δὶ
2759 5454 2850 5508 καί
2895 5451 3100 5523 λοιπῆς
3131 5453 3330 5530 ἀρετῆς
3379 5455 3459 5519 εἷς
3512 5457 3576 5512 τὸ
3630 5464 3735 5528 τῆς

2081 5542 2502 5620 ἀρχιερωσύνης
2561 5543 2838 5616 προῆλθεν
2891 5540 3125 5616 ἀξίωμα.
3203 5545 3446 5619 Ὑπῆρχε
3526 5543 3582 5601 δὶ
3639 5549 3732 5602 καί

2082 5632 2516 5708 θαυματουργός.
2548 5632 2810 5706 Ἐξελθὼν
2861 5633 2965 5708 γάρ
3022 5652 3158 5688 ποτε
3215 5631 3272 5688 ἐκ
3323 5640 3424 5703 τῆς
3479 5635 3731 5708 Ῥώμης,

2080 5723 2167 5777 καὶ
2222 5723 2356 5796 πρὸς
2439 5724 2538 5792 τήν
2595 5717 3161 5778 Κωνσταντινούπολιν
3249 5721 3456 5798 πλέων,
3516 5724 3605 5781 ἐπὶ
3661 5730 3726 5786 τὸ
