4086 6204
368 370 486 432 409

1895 373 2232 436 APRILIS.

3661 380 3784 442 MO

371 501 502 558 ἰδεῖν
535 505 628 558 τὸν
665 504 910 578 βασιλέα,
942 506 1078 562 κατὰ
1126 507 1226 576 τὴν
1277 505 1521 565 Ἐλλάδα
1563 508 1876 583 γενόμενος,
1927 505 2017 561 καὶ

2132 524 2198 564 ac
2227 508 2286 564 in
2305 510 2585 566 Grmciam
2607 512 2882 574 venisset,
2904 511 3102 583 ibique
3131 513 3433 569 hominem
3455 515 3774 586 quemdam

369 593 543 667 εὑρὼν
604 592 912 669 ἄνθρωπον,
968 593 1174 650 ἄλαλον
1225 592 1351 651 ὅντα
1406 597 1496 651 καὶ
1553 597 1830 667 ἀκίνητον,
1889 616 2022 670 κρα-

363 685 540 751 τήσας
570 687 670 747 τῆς
713 687 925 758 χειρὸς,
987 684 1111 756 ὑγιῆ
1162 683 1434 754 ἐποίησεν.
1488 684 1664 740 Ἀλλὰ
1708 685 1798 740 καὶ
1848 684 1898 738 ἐν
1953 687 2021 758 τῇ

366 772 574 846 Χρυσίς
605 773 899 846 γενόμενος
925 774 1123 847 πόρτῃ,
1195 776 1285 828 καὶ
1335 774 1577 848 ἐντυχὼν
1625 773 1818 851 τυφλῷ
1866 775 2026 828 καθε-

377 864 618 934 ζομένῳ,
679 857 956 916 ἐπιϐαλὼν
1018 862 1165 933 αύτῷ
1213 864 1313 931 τήν
1391 869 1574 939 χεῖρα,
1619 867 1718 918 τοῦ
1803 861 2022 938 βλέπειν

371 951 690 1026 ἐχαρίσατο.
726 952 882 1010 Οὕτω
942 949 997 1006 δὲ
1048 951 1263 1028 γέγονεν
1320 950 1601 1025 αἰδέσιμος
1653 957 1734 1024 τῷ
1787 951 2022 1027 βασιλεῖ,

373 1038 464 1092 καὶ
496 1044 564 1112 τῇ
599 1037 918 1113 συγκλήτῳ,
947 1039 1019 1100 ὡς
1055 1039 1144 1093 καὶ
1177 1042 1436 1112 Ἀνθιμον
1467 1042 1560 1094 τὸν
1616 1042 2026 1113 Τραπεζοῦντος

373 1128 704 1197 ἐπίσκοπον,
765 1134 945 1191 κακῶς
1003 1123 1264 1184 ἐπιϐάντα
1318 1134 1399 1201 τῷ
1458 1129 1635 1204 θρόνῳ
1693 1136 2023 1182 Κωνσταντι-

370 1217 713 1286 νουπόλεως,
750 1219 837 1273 καὶ
895 1219 992 1287 τήν
1052 1216 1253 1290 αἵρεσιν
1315 1216 1512 1294 ἔχοντα
1566 1223 1663 1274 τοῦ
1719 1217 2023 1292 Εύτυχοῦς,

365 1305 644 1379 ἐκδιῶξαι,
677 1308 767 1362 καὶ
826 1305 932 1362 ἀντ’
992 1306 1198 1362 ἐκείνου
1257 1309 1646 1383 χειροτονῆσαι
1701 1306 1790 1361 τὸν
1851 1307 2024 1380 ἀγιώο

359 1417 522 1451 τατον
558 1398 772 1466 Μηνᾶν.
830 1398 961 1452 Εἶτα
1004 1397 1241 1466 νοσήσας
1291 1394 1655 1466 ἐτελεύτησεν,
1712 1395 1800 1449 καὶ
1863 1394 2016 1465 ἐτέθη

361 1485 412 1541 ἐν
442 1488 524 1559 τῷ
555 1492 672 1561 ναῷ
699 1492 806 1542 τῶν
838 1487 1006 1562 ἁγίων
1034 1486 1388 1543 ἀποστόλων.

694 1683 796 1741 Καὶ
833 1705 1028 1755 μνημη
1056 1686 1154 1752 τῆς
1185 1681 1340 1758 ἁγίας
1372 1681 1688 1752 Ἀνθούσης.

437 1800 496 1854 ’Β
535 1799 656 1854 ὁσία
700 1801 968 1862 Ἀνθοῦσα
1026 1800 1211 1873 γέγονε
1273 1798 1367 1870 μὶν
1429 1799 1671 1873 θυγάτηρ
1735 1804 2024 1854 Κωνσταν-

2131 605 2361 653 mutum
2395 605 2454 655 et
2482 618 2602 672 pra)
2635 601 2982 656 inﬁrmitate
3019 602 3385 657 immobilem
3439 604 3785 672 invenisset,

2130 706 2313 744 manu
2342 691 2802 762 apprehensum,
2852 691 3216 746 incolumem
3249 692 3526 747 reddidit.
3562 694 3785 748 Deinde

2133 796 2267 834 cum
2301 787 2555 834 Auream
2588 786 2819 851 portam
2863 781 3109 845 subiret,
3143 787 3200 835 et
3231 782 3292 836 in
3327 799 3546 837 caecum
3576 799 3788 852 quem-

2133 868 2269 923 dam
2302 869 2381 922 ibi
2436 870 2741 924 sedentem
2795 871 3120 935 incidisset,
3157 887 3336 925 manu
3378 872 3429 925 ei
3485 872 3786 942 imposita,

2135 958 2321 1011 visum
2354 959 2466 1028 ipsi
2493 959 2768 1012 restituit.
2798 957 2960 1013 Unde
2983 959 3138 1029 apud
3171 960 3588 1030 imperatorem
3622 966 3679 1013 et
3705 977 3792 1014 se-

2134 1053 2338 1101 natum
2371 1048 2516 1101 adeo
2550 1047 2904 1102 venerabilis
2935 1048 3066 1113 fuit,
3099 1053 3163 1101 ut
3194 1055 3248 1102 et
3279 1050 3622 1103 Anthimum
3655 1051 3786 1104 Tra-

2133 1135 2400 1206 pezuntis
2451 1137 2817 1207 episc0pum.
2864 1137 3516 1208 Constantinopolitano
3572 1138 3786 1194 throno

2135 1225 2537 1292 incubantem,
2567 1243 2634 1280 ac
2663 1227 3026 1297 Eutychiana
3047 1227 3255 1281 haaresi
3281 1227 3574 1282 imbutum
3600 1229 3790 1299 ejece-

2135 1315 2231 1380 rit,
2266 1321 2324 1369 et
2356 1315 2517 1371 illius
2549 1316 2678 1370 loco
2714 1317 3156 1372 sanctissimum
3215 1319 3441 1372 Menam
3476 1318 3789 1373 ordinave-

2135 1405 2231 1458 rit.
2277 1405 2546 1460 Posthaec
2585 1406 2932 1462 inﬁrmitate
2966 1414 3294 1479 correptus,
3325 1425 3395 1463 ex
3425 1426 3492 1464 ac
3542 1411 3656 1464 vita
3683 1412 3788 1465 de—

2135 1494 2334 1563 cessit,
2369 1500 2426 1548 et
2459 1495 2519 1548 in
2565 1495 2783 1566 templo
2836 1501 3177 1550 sanctorum
3234 1498 3652 1568 Apostolorum
3692 1516 3784 1553 se-

2135 1583 2336 1654 pultus
2362 1584 2493 1640 fuit.

2494 1695 2560 1746 Et
2599 1697 2863 1748 memoria
2891 1701 3095 1748 sancta:
3143 1693 3428 1750 Anlhusee.

2208 1800 2418 1855 Sancta
2447 1801 2714 1854 Anthusa
2738 1801 2859 1855 ﬁlia
2882 1801 2992 1854 fuit
3018 1801 3392 1856 Constantini
3425 1800 3732 1866 (.‘aballini,
3758 1818 3791 1857 δ.

363 1887 519 1941 τίνου
548 1892 646 1941 τοῦ
677 1883 1044 1942 Καϐαλλίνουο
1105 1888 1194 1942 ὑπ’
1251 1887 1460 1942 ἐκείνου
1520 1885 1576 1942 δὶ
1635 1888 2017 1962 ἆναγκασθεῖσα

2134 1905 2250 1960 quo
2275 1890 2445 1961 jussa
2474 1890 2707 1944 cuidam
2723 1890 2842 1944 viro
2858 1890 3102 1955 nubere,
3127 1906 3245 1943 non
3269 1890 3542 1944 assensit.
3571 1891 3784 1944 Verum

368 1979 730 2050 συζευχθῆναι
769 1973 944 2050 ἀνδρὶ,
1006 1977 1108 2030 οὐκ
1162 1975 1407 2044 ἐπείσθη·
1464 1975 1609 2031 ἀλλά
1669 1978 1804 2048 μετά
1846 1975 2028 2032 τελευο

366 2067 464 2134 τήν
525 2067 700 2120 αὐτοῦ
779 2067 1006 2136 εὑροῦσα
1091 2062 1292 2134 ἄδειαν,
1379 2066 1553 2119 πάντα
1623 2067 1714 2119 τὸν
1784 2064 2020 2120 πλοῦτον

369 2156 539 2223 αὐτῆς
591 2152 985 2226 διεσκόρπισεν,
1042 2156 1134 2209 τὸν
1199 2155 1294 2227 μὲν
1355 2152 1522 2209 δοῦσα
1586 2161 1702 2217 τοῖς
1753 2161 2023 2230 πτωχοῖς,

367 2246 458 2299 τὸν
496 2241 554 2298 δῖε
586 2249 945 2320 παρασχοῦσα
1000 2243 1076 2305 εἷς
1133 2243 1440 2314 ἐκκλησιῶν
1498 2243 1587 2297 καὶ
1640 2245 2022 2318 μοναστηρίων

372 2332 818 2405 οἰκοδομὰς,τὸν
871 2331 929 2388 δὲ
988 2333 1064 2395 είς
1128 2333 1328 2409 ἀγορὰν
1385 2333 1786 2408 αἰχμαλώτων,
1843 2335 1910 2387 τὰ
1966 2332 2023 2388 δὲ

379 2428 560 2498 χρυσᾶ
593 2425 784 2495 ἱμάτια
840 2423 1010 2490 αὐτῆς
1067 2421 1143 2484 εἷς
1200 2420 1599 2494 καλλωπισμὸν
1657 2426 1760 2477 τῶν
1820 2420 2022 2492 ἐκκλη-

368 2517 524 2567 σιῶν.
562 2513 758 2586 Γέγονε
810 2508 869 2566 δε
918 2511 1006 2565 καὶ
1066 2509 1293 2565 πολλῶν
1355 2511 1603 2588 ὀρφανῶν
1666 2513 1872 2585 μήτηρ·
1931 2511 2021 2566 καὶ

363 2603 468 2674 γὰρ
500 2602 567 2655 τὰ
625 2599 960 2676 ῥιπτούμενα
1015 2597 1211 2655 παιδία
1267 2602 1595 2675 συνάγουσα,
1644 2601 1896 2678 ἀνέτρεφε
1928 2601 2017 2654 καὶ

368 2687 638 2745 ἐπαίδευε·
694 2690 783 2743 γαὶ
839 2689 905 2744 τὰ
969 2690 1064 2762 μὲν
1122 2694 1202 2761 τῷ
1258 2694 1376 2761 Θεῷ
1431 2691 1778 2762 παρέπεμπεν
1835 2690 2019 2744 τελευ-

361 2780 625 2848 τήσαντα,
684 2778 751 2832 τὰ
809 2776 866 2832 δὶ
926 2779 1101 2847 ζῶντα
1160 2777 1234 2839 είς
1290 2785 1634 2852 γηροκομεῖα
1711 2780 2018 2834 κατὲταττε.

367 2867 652 2929 Πολλάκις
683 2865 738 2922 δὲ
769 2867 1234 2941 παρακαλουμένη
1293 2867 1438 2943 παρὰ
1482 2875 1583 2936 τῆς
1635 2863 2018 2936 εύσεόεστάτης

364 2957 639 3033 Εῗρήνης,
670 2957 758 3012 καὶ
815 2962 917 3013 τοῦ
976 2959 1098 3012 υἱοῦ
1158 2957 1327 3026 αὐτῆς
1387 2959 1814 3027 Κωνσταντίνου,
1877 2978 2022 3029 συμ-

368 3041 681 3100 ϐασιλεύειν
745 3046 954 3116 αὐτοῖς,
1010 3045 1110 3100 ούκ
1193 3045 1436 3116 ἐπείσθη·
1525 3043 1672 3101 ἀλλὰ
1748 3046 2015 3121 γενομένη

370 3137 598 3210 μοναχή
632 3135 778 3209 παρὰ
804 3139 901 3189 τοῦ
933 3134 1090 3208 ἁγίου
1143 3134 1438 3208 Ταρασίου,
1493 3133 1546 3190 ἐν
1593 3137 1663 3206 τῇ
1725 3138 1866 3208 μονῇ
1913 3142 2014 3205 τῆς

364 3223 664 3296 Εύμενίας,
696 3225 833 3297 πρὸς
865 3223 1056 3298 Κύριον
1087 3221 1444 3297 ἐξεδήμησεν.

905 3334 1085 3389 MHNI
1124 3337 1208 3410 τᾳ
1253 3334 1455 3410 ΑΥΤῼ.

1147 3433 1234 3487 IH'

487 3533 606 3601 Μνή
621 3553 695 3604 μη
727 3535 825 3585 τοῦ
856 3529 907 3586 ἰν
941 3529 1115 3605 ἁγίοις
1150 3532 1346 3603 Κοσμᾶ
1381 3533 1480 3584 τοῦ
1513 3527 1894 3605 ὁμολογητοῦ.

443 3650 661 3720 Κοσμᾶς
722 3648 749 3700 ὁ
809 3647 1112 3721 ἁγιώτατος
1169 3647 1438 3721 ἱεράρχης
1515 3646 1604 3700 καὶ
1663 3646 2016 3722 ὁμολογητής

361 3742 464 3790 τοῦ
524 3739 776 3811 Χριστοῦ,
836 3737 1024 3810 γέγονε
1084 3735 1177 3806 μὶν
1238 3734 1297 3789 ἐκ
1366 3734 2014 3797 Κωνσταντινουπόλεως·

360 3826 426 3882 ἐκ
484 3828 718 3902 βρέτιους
775 3824 830 3881 δὲ
886 3827 975 3880 τὸν
1067 3826 1193 3881 Θεὸν
1277 3825 1582 3900 ἀγαπήσας,
1677 3826 1853 3902 ἀφῆκε
1922 3826 2016 3880 τὸν

359 3920 597 3990 κόσμον,
652 3917 741 3970 καὶ
811 3915 1056 3970 ἀπελθὼν
1118 3914 1324 3991 ἐγένετο
1411 3916 1676 3989 μοναχός.
1761 3916 1861 3972 Καὶ
1947 3914 2018 3970 δι’

363 4009 649 4075 ἀσκήσεως
681 4005 773 4059 καὶ
807 4004 1008 4073 λοιπῆς
1064 4004 1260 4076 ἀρετῆς
1319 4004 1504 4058 ἑαυτὸν
1560 4003 1875 4078 ἐκκαθάρας,
1925 4003 2015 4060 καὶ

361 4101 502 4152 Θεοῦ
533 4095 825 4170 γενόμενος
856 4095 1305 4165 κατοικητήριον,
1338 4091 1731 4167 ἐχειροτονήθη
1781 4091 2013 4164 Χαλκη-

362 4185 527 4246 δόνος
585 4183 904 4254 ἐπίσκοπος,
957 4182 1091 4236 κατὰ
1145 4183 1236 4236 τὸν
1296 4183 1483 4255 καιρὸν
1552 4186 1659 4236 τῶν
1742 4177 2010 4237 δυσσεϐῶν

360 4275 775 4348 εἰκονομάχων,
837 4272 955 4327 ὅθεν
1016 4272 1105 4326 καὶ
1163 4269 1409 4333 πολλοὺς
1467 4271 1676 4347 ἀγῶνας
1725 4268 2012 4342 ἐνεδείξατο

363 4365 504 4437 ὑπὲρ
562 4370 661 4431 τῆς
720 4358 1014 4435 ὀρθοδόξου
1076 4360 1330 4420 πίστεως.
1394 4359 1851 4433 Ἀναγκαζόμενος
1907 4361 2010 4436 γὰρ

361 4454 472 4509 ὑπὸ
531 4457 636 4506 τῶν
695 4450 1037 4526 κρατούντων
1095 4449 1436 4518 ἀρνήσασθαι
1488 4450 1587 4517 τὴν
1647 4450 2009 4523 προσκύνησιν

354 4548 470 4598 τῶν
506 4541 676 4615 ἁγίων
704 4541 792 4594 καὶ
826 4543 1058 4607 σεπτῶν,
1110 4537 1354 4605 εἰκόνων,
1404 4538 1493 4592 καὶ
1544 4539 1620 4609 μὴ
1670 4537 2009 4610 πειθόμενος,
2048 4600 2059 4616 ι

931 4625 1222 4688 πλείστους
1311 4626 1566 4698 ὑπέμεινε
1655 4600 2088 4703 πειρασμούς.¹)

358 4631 670 4704 ὲξωρίζετο,
757 4627 845 4682 καὶ

359 4722 462 4775 Καὶ
547 4717 711 4773 πάλιν
803 4715 1268 4789 ἀνακαλούμενος,
1341 4716 1432 4769 καὶ
1513 4716 1836 4791 βιαζόμενος
1887 4739 2013 4771 συν-

357 4813 546 4877 θέσθαι
578 4814 646 4882 τῇ
677 4809 876 4883 αἱρὲσει
929 4805 1126 4875 αὐτῶν,
1177 4806 1267 4861 καὶ
1327 4803 1467 4879 μηδὶ
1525 4805 1859 4880 ἀνεχόμενος
1909 4808 2010 4863 αύ-

354 4906 470 4956 τῶν
534 4901 774 4966 ἀκοῦσαι,
838 4898 1056 4970 μυρίαις
1111 4900 1418 4970 συμφοραῖς
1475 4893 1839 4970 περιέπιπτεν,
1899 4897 2012 4968 ἅμα

354 4991 441 5064 τῷ
495 4989 630 5063 ὁσίῳ
684 4988 971 5062 Αὖξεντίῳ,
1036 4988 1154 5060 μεθ’
1212 4987 1272 5040 οὗ
1358 4986 1444 5040 καὶ
1533 4985 1844 5059 ἠγωνίζετο·
1921 4986 2008 5041 καὶ

359 5080 509 5135 οὕτω
554 5076 965 5151 πειραζόμενος,
1029 5073 1118 5127 καὶ
1173 5077 1338 5128 νικῶν
1393 5071 1530 5148 πρὸς
1585 5072 1780 5149 Κύριον
1838 5070 2011 5144 ἐξεδή-

362 5189 560 5244 μησεν.

361 5377 462 5433 Καὶ
499 5377 692 5447 μνήμη
742 5374 840 5425 τοῦ
897 5369 1048 5447 ὁσίου
1105 5368 1360 5447 Ἰωάννου
1423 5368 1665 5447 μαθητοῦ
1711 5367 1807 5419 τοῦ
1854 5364 2009 5440 ἁγίου

761 5441 1072 5518 Γρηγορίου
1095 5443 1191 5495 τοῦ
1223 5438 1617 5495 Δεκαπολίτου.

435 5545 695 5614 Ἰωάννης
756 5543 783 5597 ὁ
843 5540 893 5596 ἐν
955 5540 1130 5613 ἁγίοις
1189 5538 1373 5610 Πατήρ
1432 5539 1616 5610 ἡμῶν,
1677 5533 1727 5606 ἐξ
1782 5532 2007 5590 ἁπαλῶν

361 5638 578 5712 ὀνύχων
636 5633 727 5688 τὸν
786 5632 992 5702 κόσμον
1072 5628 1326 5700 μισήσας,
1406 5626 1493 5681 καὶ
1571 5624 1800 5699 Χριστὸν
1880 5627 2007 5700 ἁγα-

361 5727 560 5797 πήσας,
590 5716 844 5784 ἀπελθὼν
875 5715 1008 5792 πρὸς
1057 5716 1147 5770 τὸν
1201 5714 1367 5791 μέγαν
1418 5715 1720 5790 Γρηγόριον
1776 5714 1867 5769 τὸν
1912 5721 2008 5769 Δε-

2136 1984 2271 2049 post
2302 1979 2464 2034 illius
2495 1979 2720 2033 obitum
2756 1979 3089 2034 libertatem
3133 1978 3365 2048 adepta,
3410 1995 3546 2032 suas
3578 1994 3787 2031 omnes

2137 2068 2368 2123 divitias
2400 2068 2739 2122 distribuit:
2773 2068 2920 2122 alias
2969 2067 3264 2137 siquidem
3290 2065 3650 2137 pauperibus
3699 2066 3787 2120 di-

2139 2157 2377 2229 spersit,
2409 2158 2556 2212 alias
2590 2158 2648 2212 in
2677 2157 3063 2212 ecclesiarum
3097 2156 3625 2224 cmnobiorumque
3652 2171 3787 2208 con-

2138 2246 2528 2302 structionem
2552 2244 2860 2316 impendit.
2887 2244 3035 2299 alias
3069 2244 3129 2297 in
3163 2243 3526 2314 captivorum
3558 2241 3786 2296 redem-

2136 2336 2358 2390 tionem
2416 2334 2697 2406 erogavit,
2756 2339 2949 2388 vestes
3003 2349 3137 2386 vero
3191 2347 3420 2397 aureas,
3456 2348 3602 2402 quas
3658 2331 3788 2401 ipsa

2132 2425 2408 2491 habebat,
2440 2425 2501 2478 in
2561 2424 2945 2479 ecclesiarum
2999 2427 3420 2478 ornamentum
3474 2421 3778 2476 convertit.

2132 2517 2264 2572 Fuit
2290 2516 2536 2586 insuper
2564 2514 2825 2585 plurium
2871 2515 3274 2586 orphanorum
3306 2516 3531 2566 mater:
3586 2511 3784 2581 proje-

2130 2610 2254 2659 ctos
2286 2604 2446 2658 enim
2496 2602 2753 2656 infantes
2784 2601 3092 2673 colligens,
3127 2617 3227 2655 eos
3285 2598 3574 2654 educabat
3605 2603 3663 2651 et
3691 2597 3775 2650 in-

2131 2693 2431 2759 struebat;
2465 2706 2530 2746 ac
2557 2691 2693 2745 illos
2741 2690 3002 2761 quidem,
3056 2690 3154 2761 qui
3202 2688 3630 2753 moriebantur,
3659 2687 3774 2741 Deo

2129 2781 2623 2846 commendabat;
2683 2797 2782 2834 eos
2812 2796 2967 2848 vero,
3020 2780 3118 2850 qui
3152 2778 3439 2844 vivebant,
3472 2777 3534 2831 in
3564 2792 3775 2831 senum

2128 2874 2394 2945 hospicio
2417 2872 2762 2928 collocabat.
2786 2871 3010 2942 Saepius
3037 2876 3235 2925 autem
3253 2875 3455 2924 vocata
3484 2885 3517 2922 a
3547 2867 3777 2940 religio-

2131 2965 2366 3019 sissima
2405 2965 2572 3019 Irene
2607 3005 2622 3032 ,
2655 2964 2901 3034 ejusque
2961 2962 3084 3017 ﬁlio
3125 2961 3531 3026 Constantino,
3564 2964 3630 3013 ut
3658 2974 3777 3013 una

2127 3070 2262 3110 cum
2286 3055 2431 3126 ipsis
2451 3055 2790 3125 imperaret,
2825 3057 3166 3107 constanter
3193 3050 3500 3105 recusavit.
3528 3049 3775 3103 Demum

2128 3143 2598 3199 sanctimonialis
2629 3143 2780 3198 facta
2811 3160 2844 3197 a
2872 3147 3076 3197 sancto
3098 3141 3354 3209 Tarasio,
3384 3139 3444 3193 in
3476 3141 3774 3194 monaste-

2049 3241 2092 3308 ς,
2133 3232 2219 3287 rio
2254 3232 2552 3288 Eumenius
2585 3231 2855 3302 migravit
2876 3231 2945 3285 ad
2971 3231 3307 3292 Dominum,

2685 3336 2925 3391 EODEM
2968 3336 3218 3391 MENSE.

2642 3436 2743 3488 Die
2783 3433 3013 3488 decima
3052 3439 3253 3488 octava

2340 3536 2428 3588 6|
2471 3532 2733 3587 Memoria
2761 3531 2942 3586 sancti
2966 3532 3167 3587 Cosmw
3211 3529 3552 3603 confessoris.

2195 3654 2436 3707 Cosmas
2469 3651 2878 3706 sanctissimus
2917 3649 3179 3722 pontifex
3207 3655 3264 3704 et
3293 3649 3507 3703 Christi
3540 3647 3770 3702 confes-

2125 3759 2224 3797 sor
2255 3757 2323 3794 ex
2356 3740 2498 3795 urbe
2532 3739 3187 3810 Constantmopolitana
3218 3744 3413 3792 ortum
3445 3736 3630 3791 duxit.
3684 3735 3768 3789 Ab

2125 3831 2368 3886 ineunte
2390 3846 2523 3884 vero
2555 3835 2724 3883 nitate
2757 3830 2940 3884 Deum
2959 3844 3159 3882 amore
3192 3831 3560 3898 prosecutus,
3593 3841 3769 3880 mun-

2123 3919 2264 3975 dum
2297 3921 2556 3990 reliquit,
2577 3925 2635 3974 et
2655 3918 2858 3974 abiens
2889 3919 3217 3973 monachus
3237 3918 3424 3972 factus
3456 3922 3562 3971 est.
3595 3919 3768 3970 Cum-

2123 4026 2236 4080 qu_e
2270 4011 2532 4081 seipsum
2563 4009 2855 4081 religiosis
2879 4008 3398 4063 exercitationibus
3429 4023 3496 4061 ac
3519 4005 3767 4076 reliquis

2122 4100 2434 4155 virtutibus
2493 4104 2892 4170 expurgasset,
2943 4099 3164 4168 Deique
3217 4097 3586 4152 domicilium
3641 4111 3767 4150 eva-

2123 4190 2328 4256 sisset,
2369 4187 2844 4243 Chacedonensis
2907 4188 3218 4256 episcopus
3268 4186 3575 4240 ordinatus
3630 4185 3764 4252 fuit,

2121 4277 2443 4348 impiorum
2476 4276 2997 4330 iconomachorum
3033 4281 3294 4346 tempore
3330 4317 3342 4329 .
3379 4275 3598 4328 Idcirco
3630 4291 3763 4345 pro-

2120 4374 2251 4439 pter
2280 4365 2669 4421 orthodoxam
2701 4363 2877 4419 ﬁdem
2908 4364 3081 4435 plura
3111 4365 3392 4418 sustinuit
3419 4363 3765 4419 certamina.

2118 4455 2414 4527 Impulsus
2439 4454 2598 4509 enim
2621 4453 2691 4508 ab
2717 4454 2808 4517 iis,
2837 4453 2936 4524 qui
2971 4459 3109 4508 tunc
3136 4470 3335 4508 rerum
3369 4452 3764 4524 potiebantur,

2120 4546 2409 4618 abnegare
2440 4543 2663 4598 cultum
2695 4559 2993 4598 sacrarum
3025 4549 3083 4597 et
3113 4542 3537 4597 venerabilium
3569 4542 3770 4613 imagi-

2123 4653 2287 4703 num,
2330 4653 2463 4691 cum
2523 4636 2597 4690 ad
2656 4635 2715 4690 id
2762 4634 2961 4689 induci
3021 4636 3314 4705 nequiret,
3378 4634 3438 4688 in
3493 4634 3765 4689 exsilium

2123 4728 2345 4798 ejectus
2378 4725 2507 4791 fuit,
2541 4731 2598 4779 et
2623 4725 2913 4796 plurimas
2944 4724 3188 4796 pertulit
3234 4724 3620 4779 calamitates.
3655 4724 3767 4779 Sed

2121 4817 2192 4872 ab
2218 4815 2426 4870 exsilio
2464 4820 2790 4882 revocatus,
2842 4820 2899 4870 et
2946 4813 3286 4886 compulsus
3319 4830 3523 4868 eorum
3556 4814 3768 4869 limresi

2121 4906 2482 4972 consentire,
2510 4921 2645 4960 cum
2677 4905 2836 4976 ipsos
2884 4921 3078 4975 neque
3108 4904 3313 4958 audire
3337 4903 3532 4970 vellet,
3566 4903 3768 4958 multi-

2123 4994 2378 5068 plicibus
2411 4994 2694 5050 aerumnis
2736 4994 3037 5065 subjectus
3072 4993 3182 5047 fuit
3226 5010 3346 5048 una
3398 5009 3528 5048 cum
3564 4999 3767 5049 sancto

2121 5085 2436 5150 Auxentio,
2471 5100 2606 5140 cum
2640 5100 2757 5156 quo
2784 5083 2989 5139 eadem
3023 5083 3239 5139 subivit
3285 5083 3632 5139 certamina.
3667 5089 3766 5139 At-

2122 5189 2235 5244 que
2269 5172 2352 5228 ita
2380 5178 2638 5229 tentatus
2659 5188 2726 5228 ac
2759 5173 3154 5246 triumphans,
3186 5173 3456 5245 migravit
3477 5173 3549 5228 ad
3577 5173 3768 5228 Domi-

2120 5260 2286 5320 num:

2119 5381 2186 5435 Ει
2215 5382 2478 5435 memoria
2504 5381 2686 5435 sancti
2713 5381 2943 5433 Joannis
3001 5379 3262 5450 discipuli
3306 5381 3485 5436 sancti
3515 5379 3768 5447 Gregorii

2760 5451 3093 5521 Decapolitw
3111 5492 3125 5507 .

2194 5540 2441 5596 Sanctus
2472 5542 2645 5595 Pater
2673 5546 2878 5594 noster
2896 5541 3114 5595 Jannes
3138 5540 3404 5594 ateneris
3428 5539 3765 5608 unguiculis

2122 5629 2407 5684 mundum
2441 5628 2576 5682 odio
2611 5627 2854 5682 habuit:
2890 5634 2947 5682 et
3002 5628 3296 5682 Christum
3355 5642 3557 5681 amore
3606 5641 3764 5678 com-

2117 5718 2346 5791 plexus,
2377 5717 2450 5772 ad
2471 5733 2753 5790 magnum
2777 5717 3118 5788 Gregorium
3152 5715 3551 5786 Decapolitam
3573 5726 3764 5768 acces-
