4104 6196
250 432 364 491 411

1573 419 2002 484 MENOLOGII
2047 421 2251 483 PARS
2296 423 2402 484 Ill.

3543 426 3663 488 412

252 565 350 631 sit,
387 566 444 619 et
473 561 645 620 abeo
704 558 1031 616 monachus
1088 555 1300 625 factus,
1357 553 1571 611 exinde
1624 568 1743 609 una
1771 568 1907 609 cum

2033 550 2341 623 ιαπολίτην,
2372 553 2463 609 καὶ
2490 553 2783 631 γενόμενος
2845 557 2934 611 ὑπ’
2983 555 3192 613 ἐκείνου
3243 558 3514 634 μοναχὸς,
3564 563 3664 615 τοῦ

253 656 380 728 ipso
410 655 540 709 vitai
601 649 927 706 certamina
985 645 1288 712 sustinuit,
1352 645 1413 700 in
1475 643 1753 700 omnibus
1786 645 1903 699 Deo

252 744 601 801 inserviens.
635 741 830 808 Usquo
862 735 1009 791 adeo
1054 740 1252 790 autem
1274 736 1335 790 in
1368 734 1707 790 obedientia
1738 733 1903 788 cele-

251 833 395 897 bris,
430 831 491 884 in
522 827 889 899 subjectione
939 824 1295 896 obsequens,
1349 829 1407 879 et
1444 823 1516 878 ad
1570 821 1908 877 ministeria

253 933 622 993 quaecunque
654 914 1065 987 paratissimus
1082 914 1212 981 fuit,
1241 920 1307 969 ut
1327 929 1577 986 magnus
1596 912 1907 984 Gregorius

253 1010 324 1066 de
356 1009 483 1079 ipso
515 1005 772 1061 maxime
816 1004 1119 1071 gauderet,
1174 1006 1478 1074 Deumque
1526 1001 1903 1075 glorificaret.

251 1101 390 1154 Post
419 1101 672 1151 mortem
705 1110 838 1148 vero
898 1094 1085 1148 sancti
1146 1093 1406 1165 Gregorii
1469 1091 1776 1162 ipsiusque
1834 1089 1906 1144 ad

252 1187 437 1241 Deum
469 1183 805 1248 transitum,
836 1180 983 1235 abiit
1012 1181 1073 1234 in
1098 1180 1401 1252 regionem
1432 1177 1820 1250 longinquam
1852 1181 1911 1231 et

252 1271 638 1344 incognitam,
673 1270 774 1340 qui
818 1274 877 1324 et
936 1267 1221 1323 Dominus
1277 1267 1656 1340 peregrinum
1690 1269 1908 1337 egerat,

251 1367 427 1433 atque
460 1359 618 1432 apud
651 1364 968 1414 extraneos
998 1357 1157 1412 furat
1186 1362 1385 1423 natus,
1421 1360 1479 1410 et
1507 1355 1697 1410 multa
1728 1355 1906 1410 susti-

252 1452 403 1507 nuit.
438 1448 658 1504 Eeinde
683 1464 851 1504 sacra
880 1448 1011 1502 loca
1034 1452 1264 1519 petens,
1299 1446 1360 1500 in
1390 1445 1546 1500 beati
1574 1444 1910 1499 Charitonis

252 1540 485 1596 lauram
517 1556 579 1594 se
596 1538 840 1609 recepit,
864 1537 1065 1607 ibique
1092 1536 1353 1607 seipsum
1383 1534 1656 1606 pluribus
1678 1533 1909 1588 virtutis

258 1627 781 1685 exercitationibus
804 1626 1047 1682 addixit.
1070 1627 1259 1697 Atque
1282 1626 1365 1680 ita
1394 1640 1530 1679 cum
1553 1627 1711 1679 recte
1742 1622 1916 1677 vixis-

260 1723 370 1787 set,
403 1719 464 1773 in
488 1734 633 1789 pace
667 1716 740 1772 ad
774 1718 957 1772 Deum
988 1715 1171 1787 pacis,
1228 1731 1405 1786 quem
1448 1713 1719 1785 impense
1750 1727 1912 1766 ama-

150 1808 151 1811 “
256 1813 440 1874 verat,
475 1806 799 1879 emigravit.

264 1918 364 1973 62
396 1918 469 1971 Et
500 1920 770 1970 certamen
826 1914 1005 1968 sancti
1058 1913 1322 1994 martyris
1366 1908 1626 1978 Victoris,
1659 1914 1711 1965 et
1737 1910 1911 1965 socio-

2033 1913 2127 1970 Καὶ
2158 1912 2386 1985 ἄθλησις
2412 1920 2509 1971 τοῦ
2539 1917 2696 1994 ἁγίου

932 2000 1061 2038 rum
1094 1984 1234 2054 ejus.

329 2094 408 2149 Eo
443 2098 731 2165 tempore,
764 2108 880 2163 quo
912 2090 1133 2163 impius
1156 2090 1481 2162 imperator
1510 2087 1918 2144 Diocletianus

260 2184 580 2243 maximam
611 2182 778 2238 illam
810 2186 869 2236 et
898 2181 1250 2237 honribilem
1294 2179 1774 2253 persecutionem
1813 2177 1921 2233 ad-

258 2290 461 2330 versus
483 2272 851 2328 Christianos
881 2270 1175 2333 excitavit,
1208 2275 1266 2325 et
1295 2269 1764 2340 comprehensus
1788 2282 1918 2321 san-

260 2369 391 2420 ctus
449 2361 893 2431 multorumque
956 2359 1353 2415 certaminum
1406 2356 1622 2412 Christi
1697 2361 1922 2427 martyr

262 2451 542 2524 Georgius
571 2448 1006 2521 multiplicibus
1070 2447 1376 2518 subjectus
1424 2445 1537 2499 fuit
1584 2445 1916 2513 tormentis,

261 2542 540 2612 ipsosque
571 2540 728 2593 inter
757 2536 1056 2592 cruciatus
1089 2534 1263 2606 longe
1291 2532 1668 2588 admirabilia
1708 2532 1919 2588 huma-

261 2629 474 2699 nisque
500 2626 723 2681 viribus
753 2625 984 2696 majora
1008 2623 1193 2678 edidit
1218 2621 1485 2693 prodigia
1508 2638 1521 2688 ;
1543 2620 1705 2676 mulli
1731 2637 1799 2675 ea
1816 2620 1922 2675 mi.

260 2717 465 2773 racula
483 2714 770 2779 videntes,
789 2714 852 2769 in
875 2714 1195 2769 Dominum
1218 2710 1631 2767 crediderunt:
1660 2715 1719 2765 et
1740 2725 1809 2765 ex
1829 2709 1922 2764 his

260 2807 363 2863 alii
394 2804 637 2877 quidem
666 2802 827 2859 illico
861 2803 1051 2874 capite
1084 2800 1418 2856 obtruncati
1473 2805 1636 2864 sunt,
1668 2798 1759 2854 vel
1787 2800 1919 2871 igne

261 2894 505 2953 cremati
535 2912 557 2959 ;
588 2892 689 2949 alii
720 2908 854 2947 vero
902 2892 966 2946 in
1023 2905 1292 2945 carceres
1350 2888 1597 2957 detrusi,
1631 2893 1698 2944 ut
1718 2891 1923 2959 postea

259 2988 700 3056 torquerentur.
733 2983 894 3036 Inter
934 2980 1043 3035 hos
1084 2978 1327 3034 fuerunt
1356 2977 1546 3033 sancti
1580 2977 1677 3033 isti
1707 2976 1920 3032 Christi

258 3078 551 3147 martyres
601 3073 817 3137 Victor,
878 3068 1243 3140 Acindynus,
1305 3067 1560 3135 Zoticus,
1625 3067 1825 3121 Zenon
1865 3070 1926 3122 et

262 3162 609 3217 Severianus
639 3176 651 3214 :
687 3159 788 3230 qui
811 3174 946 3215 cum
979 3162 1250 3213 sanctum
1275 3156 1589 3228 Georgium
1622 3158 1761 3210 rotae
1783 3152 1919 3210 alli-

258 3257 481 3325 gatum,
514 3266 624 3305 nec
653 3248 780 3304 ullo
840 3247 1016 3305 modo
1066 3247 1276 3302 lmsum
1334 3245 1641 3313 vidissent,
1702 3242 1916 3298 Christi

257 3340 436 3398 ﬁdem
468 3339 726 3411 amplexi
758 3343 915 3393 sunt.
952 3335 1403 3392 Excandescens
1451 3334 1653 3404 itaque
1686 3332 1914 3387 Diocle-

254 3432 451 3486 tianus
479 3429 743 3501 primum
768 3428 904 3484 illos
935 3426 1183 3483 diversis
1214 3423 1522 3497 suppliciis
1546 3421 1807 3494 torqueri
1823 3421 1917 3493 ju-

256 3520 392 3576 bet:
428 3535 683 3592 cumque
716 3517 894 3575 idolis
926 3516 1261 3573 sacrificare
1286 3517 1683 3583 recusassent,
1717 3510 1915 3568 decol-

260 3609 366 3666 lati
400 3614 559 3665 sunt.

482 3700 549 3753 Et
595 3698 859 3753 memoria
886 3696 1065 3753 sancti
1095 3693 1313 3764 Georgii
1358 3694 1703 3763 confessoris.

337 3887 584 3942 Sanctus
615 3899 853 3956 quoque
885 3882 1190 3938 confessor
1220 3880 1439 3936 Christi
1473 3880 1754 3952 Georgius
1772 3884 1923 3933 tem—

270 3974 513 4049 poribus
528 3972 1051 4030 iconomachorum
1069 3970 1302 4027 claruit.
1319 3972 1385 4024 Et
1401 3970 1660 4049 primum
1684 3968 1926 4038 quidem

272 4065 345 4121 ab
379 4064 631 4120 infantia
661 4065 846 4119 Deum
877 4077 1077 4117 amore
1111 4046 1484 4133 prosecutus,
1512 4063 1571 4113 et
1598 4056 1927 4112 monachus

276 4154 469 4210 factus
498 4158 741 4226 pr0pter
762 4151 981 4207 multos
1011 4149 1270 4217 labores,
1305 4152 1364 4203 et
1416 4146 1763 4213 certamina,
1796 4161 1927 4216 qua;

278 4244 581 4314 sustinuit,
614 4243 865 4314 Spiritus
914 4240 1101 4296 sancti
1152 4237 1439 4311 templum
1471 4236 1671 4293 evasit.
1706 4233 1929 4289 Deinde

280 4334 594 4406 episcopus
626 4331 951 4387 Antiochiae
974 4330 1303 4397 ordinatus,
1337 4327 1629 4384 creditum
1660 4323 1773 4378 sibi
1806 4340 1932 4395 gre-

277 4440 409 4497 gem
438 4428 598 4477 recte
628 4421 1267 4495 gubernavitposthaac
1300 4415 1452 4472 malo
1482 4414 1705 4469 diaboli
1735 4412 1932 4469 consi-

278 4513 356 4567 lio
395 4512 640 4567 haeresis
696 4509 1222 4566 iconomachorum
1284 4505 1545 4573 emersit,
1609 4510 1667 4559 et
1723 4518 1931 4558 omnes

282 4601 541 4672 episcopi
576 4616 681 4671 per
738 4598 1020 4670 epistolas
1078 4596 1150 4651 ab
1210 4595 1570 4667 imperatore
1627 4596 1932 4652 convocati

2022 639 2222 697 λοιποῦ
2246 649 2409 712 συνῆν
2455 642 2602 716 αὐτῷ
2660 646 3081 720 ἀγωνιζόμενος,
3139 646 3230 702 καὶ
3289 645 3339 702 έν
3391 652 3521 703 πᾶσι
3572 650 3668 705 τὸν

2019 730 2149 786 Θεὸν
2180 732 2511 806 θεραπεύων.
2544 733 2698 789 Οὕτω
2757 733 2813 790 δὲ
2868 736 3079 811 γέγονεν
3139 736 3215 801 είς
3276 739 3519 807 ὑπακοὴν
3569 760 3672 796 πε-

2021 815 2425 896 ριϐόητος,καῖ
2468 823 2545 888 εἷς
2601 825 2877 901 ὑποταγὴν
2935 829 3239 899 πειθήνιος,
3295 830 3382 882 καὶ
3444 829 3671 904 ἑτοιμό-

2016 929 2178 972 τατος
2211 912 2567 983 θεραπευτὴς,
2602 912 2677 976 ὡς
2708 935 2798 968 και
2849 915 2939 969 τὸν
3005 915 3170 990 μέγαν
3230 916 3529 992 Γρηγόριον
3584 918 3673 973 ἐπ’

2021 997 2166 1071 αὐτῷ
2197 998 2433 1075 χαίρειν,
2485 1003 2573 1056 καὶ
2622 1003 2715 1058 τὸν
2769 1004 2897 1059 Θεὸν
2938 1001 3198 1075 δοξάζειν.
3260 1006 3407 1063 Μετὰ
3464 1003 3521 1061 δὲ
3566 1009 3669 1076 τήν

2017 1086 2301 1143 τελείωσιν
2330 1095 2428 1145 τοῦ
2460 1091 2619 1162 ἁηίου
2678 1093 3001 1168 Γρηγορίου,
3052 1093 3141 1149 καὶ
3198 1096 3296 1164 τήν
3354 1094 3492 1169 πρὸς
3538 1097 3671 1152 Θεὸν

2020 1178 2189 1232 αὐτοῦ
2250 1175 2540 1252 ἐκδημίαν,
2601 1180 2844 1251 ἀπῆλθεν
2923 1181 3001 1246 εἷς
3081 1185 3269 1259 χώραν
3348 1183 3500 1256 ξένην
3581 1186 3678 1241 καὶ

2021 1264 2317 1342 ἄγνωστον,
2379 1266 2469 1324 διὰ
2522 1271 2613 1325 τὸν
2674 1270 3045 1341 ξενιτεύσαντα
3130 1271 3349 1349 Κύριον,
3410 1274 3500 1328 καὶ
3583 1272 3675 1330 ἐπὶ

2021 1356 2193 1427 ξένοις
2248 1359 2527 1434 τεχθέντα,
2580 1360 2667 1415 καὶ
2744 1361 3065 1435 ἠγωνίζετο.
3136 1365 3271 1418 Εἶτα
3343 1359 3667 1419 καταλαϐὼν

2018 1444 2146 1508 τοὺς
2178 1446 2372 1521 ἁγίους
2400 1447 2624 1523 τόπους,
2677 1449 2917 1519 ἀπῆλθεν
2976 1450 3053 1513 εἴς
3109 1452 3207 1521 τὴν
3262 1455 3359 1507 τοῦ
3400 1452 3672 1528 μακαρίου

2021 1535 2339 1611 Χαρίτωνος
2371 1537 2596 1613 λαῦραν,
2630 1539 2722 1594 καὶ
2753 1536 3020 1595 ἐπέδωκεν
3079 1541 3265 1596 ἑαυτὸν
3316 1543 3393 1606 εἷς
3439 1541 3670 1608 πλείους

2022 1625 2235 1702 ἀγῶνας
2267 1627 2479 1703 ἀρετῆς.
2513 1628 2618 1684 Καὶ
2652 1628 2793 1684 οὕτω
2850 1630 3035 1693 καλῶς
3100 1632 3320 1706 βιώσας,
3377 1631 3427 1687 ἐν
3480 1632 3673 1710 εἰρήνῃ
3751 1656 3761 1663 ί

2021 1715 2156 1859 πρὲς
2182 1715 2273 1770 τὸν
2303 1723 2404 1785 τῆς
2432 1716 2677 1792 εἰρήνης,
2724 1719 2783 1773 ὃν
2833 1717 3039 1782 ὁλικῶς
3096 1721 3402 1795 ἠγάπησεν,
3448 1720 3673 1778 ἀναλύει

2022 1809 2089 1858 Θε
2126 1826 2174 1859 ν.

2022 1809 2174 1861 Θεόν.

2788 1916 3374 2009 αρτυροςυΒίκτωρος,
3425 1918 3515 1976 καί
3565 1927 3672 1992 τῆς

2615 1938 2696 1971 ιου
2791 1938 3021 1991 αρτυρος
3076 1938 3084 1976 J

2615 1938 2863 2052 ouvogiac
2897 1990 3084 2047 αὐτοῦ.

2093 2086 2246 2142 Κατὰ
2296 2086 2388 2142 τὸν
2446 2089 2655 2164 καιρὸν,
2713 2088 2804 2145 ὅτε
2879 2089 3271 2160 Διοκλητιανὸς
3319 2092 3348 2146 ὁ
3408 2087 3695 2162 δυσσεϐὴςΔ

2028 2171 2284 2251 βασιλεὺς
2336 2177 2427 2231 τὸν
2518 2178 2687 2253 μεγαν
2770 2176 2974 2234 ἐκεῖνον
3067 2179 3157 2235 καὶ
3236 2178 3676 2259 φρικωδέστατον

2027 2261 2275 2339 διωγμὸν
2304 2264 2440 2320 κατά
2480 2270 2588 2320 τῶν
2644 2268 2977 2342 Χριστιανῶν
3036 2267 3273 2340 ἐκίνησε,
3332 2273 3421 2326 καὶ
3476 2290 3682 2345 κρατη-

2026 2354 2137 2416 θεὶς
2195 2354 2223 2409 ὁ
2283 2355 2435 2430 ἅγιος
2491 2356 2581 2410 καὶ
2642 2354 2953 2421 πολύαθλος
3017 2356 3226 2432 μάρτυς
3284 2362 3382 2412 τοῦ
3439 2360 3680 2434 Χριστοῦ

2024 2443 2297 2517 Γεώργιος
2352 2439 2717 2514 ἐϐασανίζετο,
2776 2445 2867 2500 καὶ
2933 2447 3356 2521 βασανιζόμενος
3438 2446 3679 2521 ἐθαυμα-

2025 2531 2364 2607 τούργειτας
2413 2531 2751 2608 παραδόξους
2804 2534 3006 2599 ἐκείνας
3059 2537 3147 2591 καὶ
3202 2536 3333 2611 ὑπὲρ
3387 2534 3673 2614 ἄνθρωπον

2026 2620 2482 2697 θαυματουργίας,
2536 2622 2742 2679 πολλοὶ
2799 2622 3079 2679 ἐπίστευον
3138 2624 3226 2680 ἐπὶ
3296 2626 3388 2680 τὸν
3448 2627 3677 2702 Κύριον,

2023 2708 2092 2765 τὰ
2121 2709 2370 2781 θαύματα
2420 2710 2732 2787 βλέποντες.
2783 2713 2882 2770 Καὶ
2934 2714 2986 2769 οἱ
3032 2713 3126 2787 μὲν
3184 2715 3487 2790 παραυτίκα
3544 2717 3679 2772 ἀπε-

2024 2798 2403 2875 κεφαλίζοντο,
2444 2802 2478 2870 ἢ
2521 2799 2793 2869 ἐκαίοντο,
2852 2804 2903 2858 οἱ
2962 2801 3019 2857 δὲ
3071 2801 3338 2878 φυλακαῖς
3394 2805 3681 2882 παρεπέμ-

2024 2909 2195 2944 ποντο
2227 2889 2314 2945 ἐπὶ
2344 2890 2408 2945 τὸ
2454 2893 2843 2966 τιμωρηθῆναι
2898 2892 3139 2969 ὕστερον·
3180 2892 3232 2963 ἐξ
3280 2895 3354 2949 ὧν
3397 2895 3533 2965 ἦσαν
3581 2895 3677 2951 καὶ

2027 2979 2176 3033 οὗτοι
2208 2980 2259 3034 οἱ
2293 2980 2439 3051 ἅγιοι
2469 2985 2566 3034 τοῦ
2598 2985 2838 3055 Χριστοῦ
2871 2983 3164 3057 μάρτυρες,
3193 2982 3431 3061 Σίκτωρ,
3490 2985 3677 3042 Ἀκίν-

2027 3066 2208 3139 δυνος,
2275 3070 2535 3140 Ζωτικὸς,
2597 3072 2811 3140 Ζήνων,
2884 3070 2974 3126 καὶ
3052 3068 3406 3149 Σεϐηριανός’
3475 3075 3677 3138 οἳτινες

2029 3154 2231 3218 nam:
2258 3157 2349 3211 τὸν
2383 3157 2536 3232 ἅγιον
2589 3159 2858 3235 Γεώργιον
2913 3157 3277 3235 προσδεθέντα
3328 3166 3410 3235 τῷ
3455 3168 3675 3239 τραχῷ,

2024 3244 2115 3302 καὶ
2152 3244 2322 3319 μηδὲν
2362 3244 2705 3317 ἀδικηθέντα,
2766 3247 3078 3305 ἐπίστευσαν
3125 3253 3205 3322 τῷ
3263 3252 3512 3326 Χριστῷ.
3572 3252 3675 3308 Καὶ

2030 3334 2377 3410 ὀργισθέντος
2426 3334 2841 3407 Διοκλητιανοῦ,
2907 3336 3325 3416 έτιμωρήθησαν
3399 3337 3678 3419 διαφόρως

2024 3425 2306 3497 πρότερον.
2349 3426 2435 3480 καὶ
2502 3426 2578 3499 μὴ
2638 3426 2943 3491 πεισθέντες
3002 3429 3158 3484 θῦσαι
3215 3434 3332 3493 τοῖς
3391 3426 3671 3501 εἰδώλοις,

2026 3512 2302 3593 ἀπεκεφαλ
2313 3513 2554 3585 ίσθησαν.

2030 3701 2133 3760 Καὶ
2221 3702 2415 3776 μνήμη
2499 3705 2595 3756 τοῦ
2680 3701 2831 3757 ὁσίου
2894 3703 3192 3790 ..Γεωργίου
3273 3709 3371 3761 ¹τοῦ
3462 3705 3678 3781 ὁμολο-

2753 3796 2945 3849 γητου.

2104 3890 2201 3944 Καὶ
2234 3891 2262 3946 ὁ
2293 3888 2443 3952 ὅσιος
2492 3890 2766 3967 Γεώργιος
2795 3891 2823 3946 ὁ
2853 3889 3209 3967 ὁμολογητής
3259 3897 3357 3949 τοῦ
3406 3898 3676 3967 Χριστοῦ,

2034 3980 2122 4036 ἐπὶ
2174 3983 2254 4052 τῷ
2313 3980 2500 4056 χρόνῳ
2546 3983 2611 4050 ἧν
2667 3986 2777 4036 τῶν
2835 3982 3240 4058 εἰκονομάχων,
3294 3984 3557 4061 πρότερον
3620 3985 3683 4043 ἐκ

2038 4067 2269 4148 βρέφους
2302 4071 2391 4126 τὸν
2420 4072 2547 4126 Θεὸν
2580 4070 2888 4147 ἀγαπήσας,
2927 4072 3016 4128 καὶ
3075 4075 3318 4151 μοναχὸς
3364 4075 3680 4150 γενόμενος,

2034 4160 2125 4214 καὶ
2155 4156 2243 4214 διὰ
2270 4160 2474 4229 πόνων,
2500 4159 2590 4215 καὶ
2621 4160 2844 4236 ἀγώνων
2896 4161 3147 4233 πολλῶν,
3206 4164 3333 4228 ναὸς
3378 4168 3478 4219 τοῦ
3525 4164 3684 4239 ἁγίου

2037 4246 2349 4321 Πνεόματος
2376 4248 2690 4325 γενόμενος.
2743 4252 2881 4307 Εἶτα
2936 4250 3024 4306 καὶ
3086 4249 3385 4314 ἐπίσκοπος
3442 4272 3693 4328 χειροτο⁹

2036 4335 2218 4407 νηθεῖς
2248 4337 2605 4412 Ἀντιοχείας,
2638 4337 2726 4394 καί
2756 4339 2942 4404 καλῶς
2992 4339 3175 4403 ἷθῦνας
3223 4341 3287 4397 τὸ
3336 4340 3685 4415 ἐμπιπευθέν

2040 4427 2190 4500 αὐτῷ
2247 4428 2530 4500 ποίμνιον,
2589 4428 2705 4484 ἐπεὶ
2766 4426 2825 4484 δὲ
2873 4433 2943 4504 τῇ
3001 4434 3097 4486 τοῦ
3157 4426 3421 4488 διαϐόλου
3474 4438 3689 4509 πονηρᾷ

2042 4512 2354 4591 συμϐουλῇ,
2386 4520 2421 4589 ἡ
2451 4521 2557 4573 τῶν
2592 4518 2992 4595 Εἶκονομάχων
3039 4518 3242 4595 α’ίρεσις
3298 4520 3546 4593 ἐκινήθη,
3596 4523 3690 4579 καὶ

2041 4606 2235 4668 πάντες
2268 4607 2319 4662 οἱ
2351 4606 2635 4663 ἐπίσκοποι
2673 4608 2776 4663 ὑπὸ
2823 4608 2920 4663 τοῦ
2970 4609 3241 4685 βασιλέως
3292 4607 3380 4666 διὰ
3426 4614 3689 4687 γραμμά-

281 4691 540 4757 fuerunt,
560 4694 625 4742 ut
645 4687 1086 4758 quamprimum
1108 4682 1683 4754 Constantinopolim
1700 4681 1919 4737 advenif

2040 4718 2148 4752 των
2202 4695 2629 4771 παρεκελεύοντο
2680 4693 2769 4752 διὰ
2822 4699 3027 4774 τάχους
3082 4700 3182 4769 τήν
3243 4701 3688 4756 Κωνσταντινού-

281 4784 434 4834 rent.
466 4778 729 4832 Accessit
757 4775 1005 4848 proinde
1029 4781 1081 4831 et
1101 4775 1248 4846 ipse,
1279 4774 1514 4847 regibus
1540 4772 1780 4827 obedire
1805 4776 1929 4825 stu-

281 4870 448 4937 dens,
496 4868 668 4940 juxta
723 4867 912 4923 sancti
972 4866 1137 4922 Pauli
1194 4870 1575 4938 prseceptum.
1610 4862 1684 4917 At
1721 4862 1928 4935 jussus

280 4975 581 5015 sacrarum
636 4957 959 5032 imaginum
997 4958 1225 5014 cultum
1256 4956 1557 5028 abjurare,
1614 4970 1748 5010 cum
1807 4967 1928 5008 non

277 5048 653 5114 assensisset,
687 5048 749 5103 in
782 5048 1057 5103 exsilium
1109 5046 1319 5120 pulsus
1353 5049 1462 5115 est,
1497 5045 1559 5100 in
1593 5059 1710 5117 quo
1742 5041 1929 5115 pluri-

276 5138 391 5192 mis
421 5154 527 5210 pro
546 5137 876 5193 orthodoxa
905 5136 1020 5194 fide
1052 5135 1360 5193 mruminis
1390 5134 1680 5201 toleratis,
1705 5132 1767 5188 in
1788 5145 1933 5204 pace

280 5228 520 5299 quievit.

843 5387 1084 5443 EODEM
1112 5386 1365 5442 MENSE.

812 5476 917 5531 Die
966 5475 1197 5530 decima
1245 5489 1406 5530 nona

276 5585 378 5641 68
408 5586 693 5641 Certamen
722 5584 903 5639 sancti
930 5583 1190 5652 mrrtyris
1237 5579 1642 5650 Christophcri,
1680 5584 1731 5635 et
1758 5577 1935 5635 socio-

958 5670 1088 5709 rum
1115 5653 1256 5723 ejus.
1362 5670 1365 5673 ‘

354 5783 421 5841 Hi
455 5798 703 5859 quoque
724 5789 840 5842 tres
873 5781 1081 5842 eadem
1114 5781 1231 5855 die,
1260 5796 1379 5858 qua
1407 5779 1584 5839 variis
1615 5777 1931 5839 tormentis

2037 4784 2199 4841 πολιν
2285 4779 2633 4855 καταλαϐεῖν,
2720 4787 3037 4862 παρεγένετο
3123 4788 3211 4843 καὶ
3277 4790 3464 4856 αὐτὸς,
3523 4787 3686 4854 εἰδὼς

2043 4874 2348 4951 βασιλεῦσιν
2384 4874 2792 4947 ὑποτάσσεσθαι,
2846 4875 2982 4931 κατᾶ
3037 4877 3136 4946 τὴν
3181 4880 3276 4932 τοῦ
3323 4877 3480 4954 ἁγίου
3533 4879 3685 4937 Παῦ-

2040 4962 2143 5019 λου
2175 4962 2420 5035 ἐντολήν·
2482 4964 2572 5019 καὶ
2627 4963 2979 5041 ἀναγκασθεὶς
3032 4964 3360 5043 ἀρνήσασθαι
3417 4967 3515 5036 τὴν
3574 4972 3683 5024 τῶν

2043 5056 2208 5131 ἁγίων
2291 5054 2513 5111 εἰκόνων
2598 5054 2984 5131 προσκύνησιν,
3062 5055 3152 5112 καὶ
3237 5058 3317 5131 μὴ
3427 5059 3687 5131 πεισθεὶς,

2041 5145 2326 5219 ἰξωρίσθη·
2374 5147 2462 5201 καὶ
2525 5144 2578 5201 ἐν
2635 5148 2704 5219 τῇ
2764 5146 2941 5219 έξερίᾳ
3012 5142 3263 5211 πολλοὺς
3308 5132 3309 5135 Ἴ
3348 5146 3690 5223 πειρασμοὺς

2045 5234 2341 5309 ὑπομείνας
2380 5236 2512 5310 ὑπὲρ
2567 5242 2671 5305 τῆς
2726 5232 3023 5309 ὀρθοδόξου
3080 5235 3335 5309 πίστεως,
3393 5234 3447 5292 ἰν
3499 5237 3691 5315 εἰρήνῃ

2043 5322 2399 5384 ἀνεπαύσατο.

2594 5395 2777 5453 MHNI
2816 5401 2906 5476 τᾳ
2948 5398 3132 5477 Αττᾳ.

2825 5486 2907 5542 Ιθ“

2038 5583 2310 5657 νΔθλησις
2340 5587 2438 5641 τοῦ
2469 5585 2624 5661 ἁγίου
2658 5582 3384 5677 μάρτυρος-Χριστοφόρου,
3435 5586 3524 5641 καὶ
3578 5590 3688 5643 τῶν

2717 5676 2809 5711 συν
2840 5676 3008 5729 αυτῳ.

2113 5771 2219 5835 Καὶ
2250 5771 2403 5832 οὗτοι
2445 5771 2681 5850 οἱ-τρεῖς
2725 5771 2843 5828 κατ’
2890 5769 3098 5847 ἑκείνην
3149 5771 3249 5846 τὴν
3304 5766 3544 5854 ἠμᾶραν,
3591 5770 3686 5833 ὅτε
