4086 6204
409 348 534 411 M3

1934 354 2274 419 APRILIB.

3714 366 3838 427 414

414 485 442 539 ὁ
497 480 930 573 μεγαλομάρᾲτυρ
986 484 1262 561 Γεώργιος
1324 480 1689 557 ἐϐασανίζετο,
1747 487 2037 563 παρίσταντ

2150 489 2481 559 _cruciatus
2510 490 2624 548 fuit
2664 508 2910 567 magnus
2969 494 3186 551 Christi
3244 500 3471 570 martyr
3526 493 3808 573 Georgius

405 578 487 645 τῷ
516 572 758 648 βασιλεῖ,
819 571 1114 652 δορυφόροι
1175 573 1339 640 ὅντεςο
1400 576 1491 632 καὶ
1551 574 1754 640 ἰδόντες
1810 580 1877 633 τὰ
1934 577 2068 643 θαύ-

417 683 581 735 ματα,
639 660 888 738 ῥίψαντες
949 662 1010 718 οὗ
1073 664 1240 735 μόνον
1289 664 1356 720 τὰ
1412 663 1579 734 ὅπλα,
1633 664 1779 721 ἀλλᾶ
1829 667 1916 721 καὶ
1970 667 2065 728 τὰς

412 750 585 820 ζώνας
664 752 871 821 αὐτῶν,
959 751 1257 824 ἐστάθησαν
1342 749 1648 829 ἔμπροσθεν
1731 755 1919 825 αὐτοῦ,
1974 757 2065 811 καὶ

407 838 783 915 ὡμολόγησαν
840 841 932 896 τὸν
992 844 1251 916 Χριστόν.
1332 843 1432 900 Καὶ
1518 844 1890 919 κρατηθέντες,
1974 844 2064 899 καὶ

408 927 634 984 ἁλύσεσι
697 926 959 1001 δεθέντες,
1019 930 1445 1002 ἀπεκλείσθησαν
1506 932 1583 996 εἷς
1648 929 1918 1012 φυλακήν·
1972 933 2061 988 καὶ

404 1018 495 1101 ἐπὶ
553 1025 623 1096 τῇ
684 1021 868 1097 αὔριον
944 1030 1045 1093 τῆς
1127 1030 1376 1101 φυλακῆς
1427 1022 1751 1095 ἐξελθόντες,
1809 1022 2060 1099 ἤχθησαν

398 1095 643 1172 δέσμιοι,
700 1095 790 1156 καὶ
848 1095 1189 1176 παρέστησαν
1245 1101 1475 1159 ἐνώπιον
1533 1104 1720 1159 αὐτοῦ’
1770 1105 2060 1174 καίκατη-

397 1188 780 1265 ναγκάσθησαν
836 1197 1057 1268 πρῶτον
1129 1192 1224 1266 μὶν
1286 1190 1376 1248 διὰ
1428 1198 1536 1250 τῶν
1594 1192 1832 1249 ἀπειλῶν
1893 1193 2060 1268 ἀρνή-

397 1281 596 1334 σασθαι
652 1281 744 1336 τὸν
804 1283 1057 1357 Χριστὸνο
1094 1282 1280 1339 ἔπειτα
1312 1281 1369 1338 δὲ
1396 1280 1483 1339 διὰ
1518 1283 1750 1359 μετρίων
1789 1284 2056 1360 βασάνων.

395 1376 470 1430 Ως
504 1366 566 1423 δὲ
592 1370 693 1439 τήν
748 1372 977 1446 γνώμην
1040 1374 1193 1448 εἶχον
1253 1372 1581 1445 ἀμετάθετον
1631 1373 1767 1449 πρὸς
1807 1374 2054 1447 Χριστὸν,

395 1459 791 1534 κρεμασθέντες
850 1460 1163 1532 ὲξὲσθησαν,
1217 1464 1306 1518 καὶ
1364 1463 1459 1525 τὰς
1518 1462 1756 1538 πλευράς
1806 1461 2053 1536 λαμπάσι

395 1547 874 1625 κατεφλέχθησαν·
936 1551 1050 1605 εἶτα
1106 1553 1184 1615 εἱς
1260 1551 1507 1630 φυλακὴν
1575 1549 2049 1621 κατεκλείσθησαν.

396 1635 503 1694 Καὶ
566 1639 702 1710 μετὰ
756 1642 925 1694 ταῦτα
993 1646 1094 1710 τῆς
1151 1638 1400 1717 φυλακῆς
1451 1636 1828 1710 ἐκϐληθέντες,
1885 1638 2050 1695 πάλιν

395 1726 816 1801 ἠναγκάσθησαν
874 1729 1205 1803 ἂρνήσασθαι
1265 1731 1361 1802 μὲν
1433 1730 1523 1785 τὸν
1583 1729 1836 1804 Χριστὸν,
1895 1731 2049 1784 θῦσαι

2179 582 2453 637 astabant
2482 581 2845 654 imperatori,
2879 584 3079 640 hastas
3112 584 3389 641 ferentes.
3426 592 3501 641 At
3525 605 3659 643 cum
3684 606 3827 661 pro-

2179 670 2335 745 digia
2365 671 2469 752 illa
2496 670 2802 738 vidissent,
2826 690 2946 728 non
2980 674 3151 729 modo
3184 676 3386 740 armis,
3409 677 3513 733 sed
3544 683 3601 733 et
3630 679 3832 752 cingu-

2178 759 2252 815 lis
2285 750 2557 833 suisiproj
2571 762 2735 828 ectis,
2756 768 2893 817 ante
2914 764 3108 835 ipsum
3140 765 3560 836 imperatorem
3585 750 3823 835 stetere,

2177 849 2474 904 Christum
2502 851 2865 921 profitentes.
2900 851 3325 923 Comprehensi
3348 854 3616 926 proinde,
3652 862 3709 910 et
3730 872 3825 912 ca-

2176 938 2330 991 tenis
2374 939 2697 1005 constricti,
2726 939 2785 993 in
2819 956 3115 995 carcerem
3144 941 3366 996 detrusi
3423 942 3681 997 fuerunt.
3717 944 3823 999 Se-

2177 1026 2381 1097 quenti
2414 1043 2548 1082 vero
2574 1026 2667 1082 die
2693 1043 2723 1082 e
2746 1044 2981 1084 carcere
3013 1029 3229 1094 educti,
3256 1037 3314 1086 et
3343 1031 3592 1087 vinculis
3623 1034 3823 1089 onusti

2175 1130 2373 1169 coram
2406 1114 2611 1169 eodem
2656 1116 3013 1188 imperatore
3064 1120 3367 1174 constituti
3399 1127 3571 1177 sunt:
3605 1137 3671 1177 ac
3703 1123 3823 1193 pri-

2171 1221 2333 1260 mum
2369 1205 2607 1276 quidem
2643 1207 2842 1275 minis,
2879 1208 3096 1264 deinde
3128 1210 3305 1264 etiam
3336 1210 3674 1266 mitioribus
3697 1218 3821 1267 tor-

2170 1294 2389 1349 mentis
2421 1294 2717 1349 Christum
2741 1294 3015 1353 deserere
3046 1298 3337 1369 compulsi
3362 1305 3517 1356 sunt.
3544 1300 3655 1356 Sed
3684 1318 3819 1356 cum

2170 1383 2530 1439 immutabili
2562 1383 2622 1439 in
2658 1384 2955 1441 Christum
2998 1387 3195 1441 animo
3238 1389 3644 1459 persisterent,
3689 1406 3817 1445 sus-

2168 1473 2334 1544 pensi
2360 1472 2687 1546 depexique
2719 1475 2979 1544 fuerunt,
3038 1476 3383 1546 facibusque
3437 1478 3497 1533 in
3528 1478 3817 1535 lateribus

2168 1564 2526 1631 ustulati,ac
2556 1563 2770 1619 deinde
2803 1565 2864 1620 in
2913 1582 3208 1622 carcerem
3268 1567 3483 1622 iterum
3540 1567 3815 1639 conjecti.

2166 1652 2433 1707 Posthmc
2461 1670 2490 1708 e
2514 1670 2749 1709 carcere
2778 1654 2995 1725 educti,
3018 1655 3212 1710 denuo
3238 1655 3535 1712 Christum
3562 1655 3821 1729 abnega-

2164 1757 2249 1811 re,
2277 1747 2335 1795 et
2364 1741 2538 1796 idolis
2571 1743 2901 1798 sacrificare
2927 1743 3083 1815 jussi
3114 1750 3270 1799 sunt.
3305 1744 3581 1800 Nolentes
3614 1752 3814 1801 autem

394 1812 455 1869 δὲ
499 1819 617 1877 τοῖς
676 1812 952 1879 εἰδώλοις.
1012 1816 1109 1872 Καὶ
1174 1818 1250 1891 μὴ
1307 1820 1610 1882 πεισθὲντες
1638 1818 1769 1893 πυρὶ
1799 1816 2037 1875 ἐτελειώ-

2162 1830 2593 1902 obtemperare,
2619 1830 2679 1887 in
2712 1831 2907 1905 ignem
2935 1833 3161 1905 injecti,
3187 1832 3366 1889 ﬁnem
3397 1834 3626 1890 vivendi
3656 1834 3815 1891 face-

394 1915 587 1973 θησαν.

941 1994 1120 2052 ΜῙῘΝΙ
1159 1996 1251 2052 ἹὮ
1292 1998 1495 2054 ΑΥΤΩ.

494 2171 706 2243 Μνήμη
745 2176 844 2226 τοῦ
893 2170 1044 2227 ὁσίου
1093 2086 1301 2247 licio:
1336 2175 1496 2247 ἡμῶν
1530 2170 1816 2250 Θεοδώρου
1843 2177 1941 2229 τοῦ

1089 2248 1345 2320 Τριχινᾶ.

456 2360 737 2436 Θεόδωρος
794 2363 823 2417 ὁ
881 2363 933 2419 ἐν
969 2363 1144 2439 ἁγίοις
1199 2354 1390 2441 ῐΙατήρ
1450 2368 1631 2441 ἡμῶν,
1666 2365 2045 2438 όέπικληθεῖς

380 2451 793 2526 Τριχινᾶς,’ἧν
852 2454 1484 2520 Κωνσταντινουπόλεως
1539 2457 1629 2510 καί
1686 2457 1927 2532 γέννημα
1957 2458 2045 2512 καὶ

379 2540 624 2614 θρέμμα.
692 2539 978 2597 Πλουσίων
1042 2540 1099 2597 δὲ
1150 2544 1356 2618 γονέων
1421 2544 1685 2619 ὑπάρχων
1719 2544 1855 2612 υἱὸς,
1888 2543 2044 2600 κατέ-

380 2626 512 2684 λιπε
541 2630 634 2684 καὶ
664 2636 843 2705 γονεῖς
886 2631 975 2686 καὶ
1023 2631 1285 2687 πλοῦτον
1314 2633 1404 2688 καὶ
1456 2632 1635 2707 δόξαν,
1667 2635 1757 2689 καὶ
1790 2633 2041 2698 ἀπελθὼν

380 2716 431 2773 ἓν
462 2722 534 2793 τῇ
569 2722 710 2792 μονῇ
738 2723 808 2793 τῇ
867 2717 940 2774 δι’
996 2719 1154 2777 αὐτὸν
1205 2720 1521 2797 καλουμένῃ
1550 2727 1801 2798 Τριχινᾶ,
1836 2721 2042 2799 ἐγένετο

381 2808 653 2883 μοναχός·
707 2808 800 2864 καὶ
852 2809 1091 2885 τοσαύτῃ
1152 2810 1544 2888 σκληραγωγίᾳ
1595 2811 1784 2867 ὶαυτὸν
1840 2806 2044 2867 ὑπέϐα-

374 2896 491 2966 λεν,
524 2896 664 2953 ὣστε
693 2898 881 2974 νεκρὸς
937 2899 1215 2976 φαίνεσθαι
1265 2906 1385 2963 τοῖς
1443 2906 1595 2956 πᾶσισ
1657 2898 1726 2956 δι’
1772 2900 1911 2972 ὅλης
1937 2902 2039 2977 γάρ

369 2986 565 3048 νυκτὸς
621 2988 709 3042 καὶ
771 2988 985 3065 ἡμέρας
1024 2992 1117 3061 τῷ
1165 2987 1340 3066 κρύει,
1371 2988 1460 3045 καί
1505 2994 1586 3063 τῷ
1616 2994 1837 3065 παγετῷ
1865 3010 2036 3065 προσ-

372 3073 654 3147 παλαίων,
740 3078 930 3133 ἳστατο
1018 3078 1489 3154 προσευχόμενος,
1548 3075 1604 3135 ἓν
1650 3075 1837 3153 μόνον
1909 3080 2041 3153 ἱμά-

366 3185 492 3219 τιον
536 3160 1032 3240 περιϐεϐλημένος,
1089 3173 1307 3223 κακεῖνο
1362 3166 1640 3245 τρίχινον,
1698 3168 1789 3224 καὶ
1848 3166 2031 3242 άδρόν³

365 3251 457 3308 διά
485 3258 648 3309 τοῦτο
676 3256 782 3330 γὰρ
830 3255 919 3310 καὶ
975 3261 1235 3332 Τριχινᾶς
1293 3256 1682 3331 ἐπωνομάσθη.
1716 3259 1818 3315 Ἦν
1850 3255 1909 3312 δὲ
1939 3258 2031 3312 καί

362 3340 719 3409 ἆνυπόδετος,
769 3345 858 3399 καὶ
905 3346 1007 3413 τήν
1065 3345 1310 3424 κεφαλὴν
1360 3348 1505 3422 εἶχεν
1566 3346 2028 3421 άπερικάλυπτον,

2156 1925 2315 1976 runt.

2707 2010 2961 2066 EODEM
3000 2012 3251 2067 MENSE.

2761 2100 2863 2155 Die
2896 2098 3176 2157 vicesima

2155 2187 2419 2245 Memoria
2446 2191 2624 2244 sancti
2656 2189 2841 2245 Patris
2870 2195 3054 2270 nostri,
3079 2191 3365 2270 Theodori,
3394 2193 3492 2263 qui
3526 2192 3810 2250 Trichinas

2702 2269 3120 2330 cognominatus
3141 2269 3238 2318 est.

2154 2352 2401 2414 Sanctus
2481 2362 2653 2415 Pater
2727 2365 2930 2415 noster
2985 2360 3347 2431 Theodorus,
3415 2369 3807 2436 cognomento

2155 2447 2487 2517 Trichinas,
2516 2449 2628 2503 hoc
2658 2452 2763 2517 est,
2796 2442 3052 2516 PilOsus,
3084 2450 3595 2524 Constantinopoli
3630 2456 3805 2509 natus

2155 2543 2214 2591 et
2235 2537 2517 2593 educatus
2559 2535 2687 2592 fuit.
2745 2542 2885 2593 Cum
2944 2544 3142 2593 autem
3192 2539 3436 2594 divitum
3491 2547 3803 2612 parentum

2156 2625 2315 2681 illius
2360 2633 2536 2696 esset,
2568 2622 2705 2681 illos
2736 2644 2857 2683 una
2886 2645 3020 2683 cum
3052 2628 3272 2683 divitiis
3303 2633 3360 2683 et
3410 2629 3598 2701 gloria
3626 2630 3807 2684 relin-

2153 2732 2365 2787 quens,
2411 2716 2474 2772 in
2500 2718 2928 2773 monasterium
2981 2734 3045 2772 se
3107 2719 3351 2790 recepit,
3385 2718 3544 2789 quod
3573 2718 3644 2775 ab
3676 2720 3805 2791 ipso

2151 2804 2444 2860 Trichinaa
2476 2821 2695 2862 nomen
2728 2805 2955 2874 habuit,
2986 2806 3187 2878 ibique
3213 2808 3604 2864 monasticam
3623 2809 3804 2865 vitam

2150 2894 2430 2965 suscepit.
2464 2895 2803 2950 Austeritati
2837 2911 2971 2950 vero
2985 2911 3173 2967 usque
3204 2895 3351 2952 adeo
3378 2912 3441 2951 se
3474 2897 3669 2968 ipsum
3701 2897 3804 2953 ad-

2148 2981 2314 3048 dixit,
2344 2988 2410 3039 ut
2445 3000 2627 3056 prOpe
2660 2989 2929 3041 mortuus
2950 2985 3179 3041 cunctis
3210 2985 3525 3042 videretur.
3550 2987 3804 3043 Cunctas

2154 3072 2315 3128 enim
2338 3077 2545 3129 noctes
2577 3073 2825 3145 diesque
2856 3073 3058 3146 frigori
3089 3079 3147 3130 et
3165 3074 3375 3146 glaciei
3408 3074 3791 3143 obluctando,

2154 3162 2483 3233 standoque
2506 3163 2664 3218 inter
2692 3179 2897 3234 preces
2920 3163 3304 3235 transigebat,
3325 3164 3502 3219 unica
3522 3170 3682 3220 veste
3713 3166 3805 3220 in-

2071 3213 2113 3280 c
2144 3250 2346 3316 dutus,
2375 3213 2595 3321 jeaque
2652 3213 2896 3319 rustica,
2935 3253 3039 3307 64
3069 3213 3140 3306 ei)
3182 3268 3254 3307 ex
3290 3213 3441 3323 'pilis
3471 3258 3748 3308 contexta
3784 3270 3798 3308 :

2141 3345 2319 3411 atque
2350 3339 2573 3395 idcirco
2629 3342 2956 3406 Trichinas,
3012 3341 3072 3395 id
3127 3346 3216 3395 est
3273 3340 3526 3407 Pilosus,
3557 3347 3796 3397 vocatus

358 3431 447 3486 καὶ
485 3430 744 3488 ἔσκεπον
808 3432 926 3488 ὅθεν
982 3434 1073 3489 καὶ
1133 3435 1269 3490 κατὰ
1329 3432 1606 3508 δαιμόνων
1660 3428 1845 3490 λαϐών
1878 3433 2031 3505 ἐξου-

2150 3428 2270 3485 fuit.
2302 3429 2484 3484 Nudis
2506 3429 2752 3500 insuper
2774 3428 3027 3501 pedibus
3056 3429 3282 3500 absque
3312 3430 3527 3486 calceis
3558 3431 3796 3487 incede-

361 3520 725 3587 σίαν,πολλᾶ
784 3520 1035 3596 θαύματα
1086 3521 1336 3593 εποίησε,
1395 3524 1486 3580 καὶ
1542 3523 1690 3579 τέλει
1726 3524 1850 3599 βίου
1882 3541 2030 3599 χρη-

2150 3517 2263 3582 bat,
2295 3533 2489 3588 neque
2521 3523 2699 3589 caput
2749 3518 2871 3573 ullo
2927 3523 3266 3589 tegumento
3307 3524 3580 3591 opertum
3610 3519 3797 3576 habe-

362 3610 602 3682 σάμενος
673 3616 771 3668 τοῦ
858 3614 1290 3688 θαυματουργεῖν
1377 3614 1480 3669 οὐκ
1535 3612 1826 3681 ἐπαύσατο,
1884 3610 2031 3668 ἀλλᾶ

2150 3606 2261 3663 bat.
2295 3607 2663 3678 Quapropter
2719 3606 2897 3661 etiam
2954 3606 3016 3662 in
3073 3606 3377 3663 daamones
3435 3612 3794 3680 potestatem

362 3700 599 3774 παρέχει
631 3698 837 3772 ἰάματα
864 3704 995 3755 πᾶσι
1025 3706 1144 3764 τοῖς
1174 3702 1647 3779 προσερχομένοις
1678 3702 1845 3775 αὐτῷ.

2150 3698 2387 3771 accepit,
2422 3703 2480 3753 et
2500 3697 2758 3769 plurima
2786 3698 3037 3769 patravit
3091 3698 3409 3766 miracula;
3462 3700 3581 3755 imo
3614 3702 3791 3758 etiam

358 3797 497 3862 post
524 3808 650 3847 sum
678 3792 815 3847 vitas
846 3792 1029 3848 finem
1059 3793 1328 3867 prodigia
1360 3795 1536 3851 edere
1565 3811 1686 3852 non
1712 3793 1982 3860 cessavit,
2007 3789 2112 3848 sed
2142 3788 2336 3846 adhuc
2364 3788 2705 3844 curationes
2736 3787 2960 3859 prabet
2986 3788 3265 3845 omnibus
3286 3788 3359 3845 ad
3391 3790 3587 3862 ipsum
3618 3806 3791 3847 acce-

363 3878 685 3935 dentibus.

357 4013 458 4069 Καὶ
499 4014 697 4086 μνίμη
731 4017 830 4069 τοῦ
872 4014 1023 4071 ὁσίου
1074 4017 1283 4093 Πατρὸς
1338 4021 1498 4093 ἡμῶν
1545 4016 1898 4077 ’Δναστασίου
1928 4020 2026 4073 τοῦ

2150 4014 2491 4069 Ειηιενηονὶα
2523 4012 2710 4068 sancti
2758 4012 2941 4068 Patris
2991 4014 3170 4069 nostri
3217 4013 3504 4071 Anastasii
3531 4013 3788 4073 Sz’naita’.

1031 4095 1164 4145 Σινᾶ
1182 4088 1366 4166 ὃρους.

435 4211 813 4283 ’Δναστάσιος,
848 4214 876 4269 ὁ
928 4217 1201 4288 Θεοφόρος
1255 4217 1442 4290 Πατὴρ
1490 4218 1674 4288 ἡμῶν,
1705 4216 2025 4271 καταλιπὼν

359 4299 595 4372 κόσμον,
647 4302 739 4356 καὶ
797 4301 865 4355 τὰ
921 4302 975 4356 ἐν
1032 4304 1247 4376 κόσμῳ,
1305 4305 1391 4359 καὶ
1451 4304 1544 4359 τὸν
1604 4306 1829 4380 σταυρὸν
1861 4304 2026 4360 αὐτοῦ

2208 4220 2381 4274 Pater
2409 4223 2609 4274 noster
2640 4217 2992 4274 Anastasius
3022 4218 3239 4273 divino
3274 4219 3491 4291 Spiritu
3526 4219 3784 4287 afﬂatus,

2138 4307 2428 4363 mundum
2452 4312 2509 4361 et
2537 4306 2739 4361 omnia
2795 4324 2927 4377 quas
2985 4307 3046 4360 in
3105 4323 3171 4360 eo
3231 4313 3388 4375 sunt,
3437 4308 3786 4379 relinquens

359 4385 677 4455 ἀναλαϐὼν,
708 4391 845 4444 κατὰ
874 4392 974 4460 τὴν
1006 4391 1234 4461 ἐντολὴν
1283 4394 1383 4462 τήν
1430 4392 1482 4448 ἐν
1512 4398 1592 4467 τῷ
1622 4393 1753 4467 ἱερῷ
1789 4393 2028 4469 Εὐάγγε-

2150 4412 2424 4466 Iuamque
2453 4411 2690 4449 crucem
2719 4394 3143 4465 tollens,juxta
3155 4396 3307 4450 sacri
3323 4396 3614 4468 Evangelii
3631 4415 3785 4469 pras-

352 4474 461 4549 λίῳ
493 4476 851 4548 ἠκολούθησε
880 4479 1179 4552 προθῦμως
1224 4485 1303 4553 τῷ
1355 4484 1590 4556 Χριστῷ,
1635 4482 1724 4536 καὶ
1768 4480 2018 4546 ἀπελθὼν

348 4569 570 4643 ὶγὲνετο
638 4567 884 4642 μοναχὸς
942 4567 994 4623 ἐν
1058 4569 1434 4644 μοναστηρίῳ.
1478 4572 1790 4644 Ἐπιθυμῶν
1842 4569 1899 4626 δὲ
1933 4592 2020 4644 μει

354 4657 529 4727 ζόνων
562 4657 812 4729 ἀγώνων,
842 4656 934 4710 καὶ
990 4656 1250 4719 πΛείονος
1306 4659 1525 4734 ἀρετῆς,
1589 4661 1911 4735 παρεγένετο
1943 4660 2021 4723 εἷς

353 4744 747 4820 Ἱεροσόλυμα,
788 4744 879 4799 καὶ
930 4748 1313 4818 προσκυνήσας
1374 4746 1451 4809 εἷς
1503 4746 1632 4811 τοὺς
1685 4746 1897 4822 ἁγίους,
1927 4748 2018 4803 καὶ

350 4829 695 4906 σεϐασμίους
721 4834 949 4899 τόπους,
999 4834 1245 4903 ἀπῆλθεν
1306 4836 1382 4898 εἰς
1438 4836 1502 4891 τὸ
1556 4841 1689 4891 Σινᾶ
1746 4834 1894 4911 ὅρος’
1927 4839 2014 4893 καὶ

349 4923 528 4998 εόρὼν
574 4921 692 4977 ἐκεῖ
741 4923 1077 4995 μονάζοντας
1120 4925 1326 5001 ἁγίους,
1374 4923 1553 4999 ἔμεινε
1602 4928 1729 5001 παρ’
1772 4927 2016 4999 ἐκείνοις,

356 5011 808 5084 ὑποταττόμενος
890 5011 1101 5082 αὐτοῖς,
1181 5013 1270 5070 καὶ
1344 5012 1618 5071 δουλεύων
1695 5016 2014 5093 προθύμως.

357 5102 461 5158 Διὰ
517 5098 577 5155 δὶ
652 5101 753 5169 τὴν
830 5100 1328 5179 ταπεινοφροσύνην
1413 5102 1579 5159 αὐτοῦ
1634 5103 1865 5176 ἐδέξατο,
1924 5106 2012 5161 καὶ

358 5192 617 5266 χάρισμα
668 5191 950 5264 γνώσεως,
1006 5190 1095 5245 καὶ
1153 5193 1350 5269 σοφίας
1402 5193 1646 5264 πολλῆς.
1698 5196 1786 5268 Ἐξ
1833 5195 1896 5250 οὗ
1926 5196 2014 5250 καὶ

358 5280 519 5357 βίους
568 5276 824 5349 Πατάρων
881 5279 1252 5355 συνεγράψατο
1306 5282 1496 5359 ἁγίων,
1528 5285 1618 5339 καὶ
1661 5284 2013 5362 ψυχωφελεῖς

350 5369 556 5444 λόγους
588 5366 840 5429 πολλοὺς
868 5369 1181 5438 συνέθηκεν,
1212 5370 1263 5445 ἐξ
1295 5372 1371 5426 ὧν
1421 5374 1473 5427 οἱ
1519 5371 1741 5435 πλείους
1767 5373 2039 5445 εὑρισκό-’

351 5479 528 5532 μενοι,
586 5457 903 5530 πρόκεινται
981 5463 1103 5519 τοῖς
1180 5458 1543 5536 φιλομαθέσιν
1604 5460 1680 5524 εἷς
1735 5464 2009 5535 σωτηρίαν

342 5552 538 5623 ψυχῶν
599 5546 689 5601 καὶ
764 5543 1058 5623 ὠφέλειανο
1140 5549 1231 5602 καὶ
1317 5569 1450 5622 μετα
1530 5554 1702 5607 ταῦτα
1758 5556 1840 5625 τῷ
1893 5554 2010 5625 Θεῷ

344 5635 741 5708 «inpuniae,-
754 5631 833 5688 ἐν
850 5633 1063 5710 εὲρήνη
1076 5632 1397 5708 ἕτελειώθη.

2133 4488 2389 4555 ceptum,
2443 4482 2621 4537 alacri
2683 4482 2883 4538 animo
2946 4489 3184 4539 secutus
3242 4489 3331 4539 est
3377 4485 3698 4553 Christum,
3724 4494 3783 4541 et

2131 4572 2337 4627 abiens
2351 4570 2422 4626 ad
2450 4570 2746 4641 quoddam
2767 4570 3219 4637 monasterium,
3244 4571 3463 4627 ibidem
3486 4572 3675 4629 factus
3694 4580 3783 4629 est

2130 4661 2474 4716 monachus.
2496 4659 2753 4729 Cupiens
2784 4666 2981 4714 autem
2998 4660 3230 4731 majora
3244 4660 3443 4716 subire
3458 4664 3785 4719 certamina

2130 4754 2189 4803 et
2246 4748 2657 4821 perfectiorem
2720 4748 2970 4820 adipisci
3015 4751 3317 4817 virtutem,
3380 4751 3789 4825 Hierosolyma

2127 4838 2316 4911 petiit.
2340 4839 2602 4909 Cumque
2620 4845 2826 4894 sancta
2849 4855 2915 4893 ac
2945 4840 3282 4896 veneranda
3302 4839 3432 4895 loca
3457 4840 3782 4911 adorasset,

2126 4927 2275 4985 abiit
2322 4928 2385 4983 in
2429 4932 2695 4984 montem
2762 4927 2922 4982 Sinai
2959 4945 2972 4982 :
3026 4928 3126 4984 ubi
3172 4942 3306 4985 cum
3362 4937 3597 4987 sanctos
3627 4934 3781 4989 viros

2126 5016 2853 5074 invenissetmonasticam
2870 5017 3046 5073 vitam
3061 5025 3425 5089 exercentes,
3440 5020 3596 5091 apud
3617 5021 3778 5094 ipsos

2125 5106 2475 5179 permansit,
2508 5104 2795 5161 obe‘diens
2828 5106 2932 5163 eis.
2962 5111 3020 5161 et
3049 5113 3322 5179 prompto
3354 5109 3554 5166 animo
3586 5110 3777 5167 inser-

2123 5194 2308 5250 viens.
2362 5193 2444 5250 Ob
2478 5194 2568 5249 sui
2599 5208 2735 5249 vero
2786 5194 2969 5249 animi
3028 5194 3454 5253 demissionem
3489 5199 3717 5270 accepit
3744 5214 3779 5254 a

2126 5285 2245 5341 Deo
2277 5283 2788 5339 donumfscientiaa
2809 5286 2866 5339 et
2888 5283 3237 5356 multiplicis
3260 5287 3587 5359 sapientius.
3610 5288 3773 5344 Unde

2124 5380 2183 5430 et
2206 5378 2546 5430 sanctorum
2578 5375 2818 5430 Patrum
2850 5373 2999 5429 vitas
3058 5376 3433 5448 conscripsit,
3468 5383 3527 5433 et
3556 5377 3774 5433 multos

2121 5463 2197 5521 ad
2209 5480 2543 5520 animarum
2562 5454 2893 5535 profestum
2918 5480 3228 5521 sermones
3249 5467 3609 5538 composuit:
3634 5483 3775 5537 quo-

2118 5570 2252 5609 rum
2272 5553 2476 5626 plures
2507 5552 2723 5608 deinde
2756 5553 2999 5623 reperti,
3024 5553 3297 5610 discendi
3327 5555 3608 5611 studiosis
3638 5573 3772 5627 pro-

2117 5641 2309 5713 positi
2347 5646 2486 5697 sunt
2516 5641 2576 5696 in
2609 5642 2946 5696 animarum
3006 5642 3258 5697 salutem
3317 5649 3375 5697 et
3422 5643 3764 5698 utilitatem.

2115 5729 2254 5785 Post
2284 5730 2408 5785 hac
2440 5731 2558 5785 Deo
2589 5729 2841 5801 placens
2863 5734 2922 5786 et
2950 5734 3171 5804 gratus,
3205 5729 3265 5785 in
3309 5732 3452 5803 paea
3510 5730 3766 5787 decessit
