4086 6204
191 397 306 457 415

751 528 991 586 EODEM
1030 529 1280 584 MENSE.

692 619 796 675 Die
825 618 1111 673 vicesima
1154 618 1350 689 prima

195 729 479 786 Certamen
506 733 707 783 sanctae
754 727 1014 795 martyris
1064 724 1409 782 Alexandra:
1453 725 1844 780 imheratricis.

264 921 600 977 Alexandra
626 921 841 976 Christi
876 925 1120 991 martyr,
1151 937 1302 974 uxor
1348 920 1463 974 fuit
1500 918 1848 975 Diocletiani

197 1011 591 1081 imperatoris.
615 1011 878 1081 Cumque
892 1011 1070 1064 etiam
1095 1010 1221 1079 ipsa
1235 1014 1505 1063 sanctum
1537 1008 1850 1079 Georgium

195 1100 441 1154 vidisset
481 1100 795 1153 tormentis
855 1099 1199 1165 excruciari,
1254 1097 1452 1151 hastili
1504 1098 1732 1152 scilicet
1787 1096 1849 1150 in

197 1195 400 1244 ventre
432 1205 799 1261 percussum,
833 1206 944 1242 nec
988 1194 1185 1243 tamen
1228 1187 1351 1242 ullo
1392 1186 1566 1241 modo
1599 1186 1849 1251 laesum;

202 1278 417 1333 deinde
444 1283 587 1332 rotae
619 1294 688 1331 ex
719 1278 906 1331 acutis
936 1277 1111 1331 ferris
1142 1276 1485 1347 composita)
1518 1274 1848 1345 alligatum,

202 1372 261 1423 et
288 1368 509 1422 auxilio
543 1366 799 1436 desuper
842 1366 1110 1420 immisso
1169 1365 1418 1420 vinculis
1472 1363 1805 1419 exsolutum
1837 1378 1849 1416 :

204 1472 451 1526 corpore
473 1455 724 1526 insuper
746 1455 804 1507 in
836 1454 1025 1508 frusta
1047 1453 1327 1519 dissecto,
1362 1452 1558 1507 denuo
1573 1451 1858 1522 sospitem

1511 394 1941 460 MENOLOGII
1983 396 2189 459 PARS
2236 396 2345 457 ΙΙΙ.

1876 535 1927 601 Α

3490 388 3603 451 416

2508 525 2689 583 ΜΗΝι
2720 529 2808 579 To
2840 526 3037 580 ΑΥΤΩ.
3546 500 3555 507 ’

2727 613 2835 670 ΚΑ¹

2064 723 2334 794 νΛθλησις
2383 710 2495 793 τῆς
2529 720 2686 797 ἁγίας
2719 722 2989 797 μάρτυρος
3015 715 3371 792 ’Δλεξάνδρας
3402 723 3502 786 τῆς

2610 793 2955 869 βασιλίσσης.

2032 914 2428 993 Ἀλεξάνδραή
2488 921 2585 971 τοῦ
2638 913 2879 991 Χριστοῦ
2941 915 3168 988 μάρτυς,
3223 913 3441 989 ὑπῆρχε
3471 912 3606 987 γυνή

1959 1007 2355 1077 Διοκλητιανοῦ
2406 1011 2504 1063 τοῦ
2558 1005 2855 1075 Βασιλέως,
2896 1005 2980 1060 καὶ
3016 1003 3205 1060 ἰδοῦσα
3233 1002 3483 1070 καὶαύτή
3513 1003 3606 1057 τὸν

1960 1096 2110 1171 ἅγιον
2159 1097 2425 1172 Γεώργιον
2482 1095 2923 1169 τιμωρούμενον,
2986 1093 3119 1167 μετᾶ
3172 1096 3268 1147 τοῦ
3323 1090 3610 1165 κονταρίου

1960 1185 2096 1238 κατά
2122 1191 2221 1254 τῆς
2251 1184 2479 1261 γαστρὸς
2526 1183 2825 1260 πληγέντα,
2884 1183 2971 1238 καὶ
3035 1184 3112 1255 μὴ
3176 1176 3465 1257 βλαϐέντα,
3498 1180 3614 1235 εἶτα

1962 1271 2014 1327 ἐν
2059 1274 2251 1349 τροχῷ
2308 1271 2450 1344 ὀξέσι
2509 1269 2763 1345 σιδήροις
2813 1270 3173 1345 διημοσμένῳ
3229 1267 3612 1344 προσδεθέντα,

1961 1362 2053 1417 καὶ
2109 1363 2248 1418 κατὰ
2296 1367 2393 1417 τοῦ
2449 1366 2799 1438 κατῶφεροῦς
2854 1359 3212 1429 ἀπολυθέντα,
3242 1358 3424 1413 καὶτὸ
3456 1361 3614 1429 σῶμα

1964 1452 2039 1515 εἷς
2068 1450 2256 1507 πολλὰ
2284 1451 2716 1525 κατατμηθέντα,
2766 1450 2856 1505 καὶ
2906 1449 3069 1504 πάλιν
3104 1449 3229 1523 ὑγιῆ
3261 1448 3613 1518 καταστάντα,

201 1545 525 1611 redditum,
560 1548 618 1598 et
652 1559 849 1597 coram
877 1544 1259 1615 imperatore,
1293 1542 1394 1613 qui
1424 1541 1600 1596 idolis
1632 1539 1860 1595 sacrifi—

1974 1542 2053 1596 καὶ
2086 1541 2477 1617 ἑμφανισθέντα
2526 1545 2605 1612 τῷ
2668 1538 2883 1615 βασιλεῖ
2939 1538 3117 1593 θύοντι
3166 1545 3289 1599 τοῖς
3333 1534 3609 1605 εἰδώλοις,

205 1631 709 1703 cabat,intrepide
737 1632 1186 1698 consistentem,
1208 1636 1449 1702 tamque
1473 1627 1733 1684 mirabili
1755 1627 1852 1683 65

206 1721 543 1793 spectaculo
565 1720 767 1791 plures
789 1719 864 1775 ad
889 1721 1107 1775 Christi
1131 1719 1307 1775 fidem
1332 1724 1693 1784 evocantem,
1714 1732 1858 1787 quo-

1966 1632 2167 1703 καὶτῷ
2204 1628 2492 1705 παραδόξῳ
2550 1631 2779 1703 θεάματι
2836 1628 3084 1691 πολλοὺς
3139 1627 3618 1702 παρασκευάσαντα

1970 1725 2192 1793 Χριστῷ
2220 1724 2523 1788 πιστεῦσαι,
2579 1720 2777 1780 οἳτινες
2831 1720 2919 1773 καὶ
2982 1716 3486 1790 ἀπεκεφαλίσθησαν
3515 1713 3617 1786 ἔξω

206 1826 339 1865 rum
365 1808 549 1879 aliqui
577 1814 741 1864 extra
768 1808 1066 1864 civitatem
1095 1808 1371 1863 decollati
1403 1812 1560 1873 sunt,
1594 1805 1695 1861 alii
1724 1820 1859 1858 vero

1974 1812 2065 1878 τῆς
2115 1807 2353 1877 πόλεως,
2414 1810 2466 1863 οἱ
2525 1805 2584 1863 δὲ
2640 1808 2727 1863 καὶ
2784 1806 3213 1876 ἀπεκλείσθησαν
3245 1804 3295 1859 ἐν
3325 1803 3616 1883 φυλακαῖς·

205 1900 267 1953 in
301 1914 598 1953 carcerem
623 1897 867 1953 detrusi.
893 1898 1037 1952 Cum
1060 1898 1208 1965 haec,
1234 1898 1499 1968 inquam,
1525 1893 1860 1950 Alexandra

1974 1898 2339 1954 καταλιποῦσα
2380 1900 2479 1965 τὴν
2537 1894 2694 1968 δόξαν
2739 1898 2836 1968 τῆς
2892 1896 3190 1972 βασιλείας,
3220 1894 3498 1950 ἐπίστευσε
3529 1894 3620 1949 καὶ

202 1990 464 2056 vidisset,
499 1987 732 2057 imperii
764 1987 1015 2058 gloriam
1052 1987 1362 2056 abjiciens,
1398 1985 1573 2041 etiam
1608 1984 1738 2055 ipsa
1796 1983 1859 2036 in

204 2080 502 2135 Christum
525 2076 796 2141 credidit,
824 2082 882 2132 et
897 2094 1096 2133 coram
1121 2077 1479 2148 imperatore
1503 2091 1564 2129 se
1586 2072 1858 2128 Christia-

204 2184 341 2223 nam
376 2182 505 2221 esse
536 2165 809 2221 confessa
847 2170 956 2220 est.
1001 2164 1251 2220 Jubente
1287 2164 1465 2237 igitur
1494 2160 1858 2217 Diocletiano

206 2256 268 2311 in
300 2271 598 2312 carcerem
619 2254 891 2325 conjecta
918 2254 1048 2309 fuit.
1076 2254 1302 2309 Deinde
1324 2270 1459 2309 vero
1482 2252 1601 2307 lata
1622 2254 1860 2305 senten-

207 2346 309 2413 tia,
341 2350 407 2399 ut
432 2343 611 2400 simul
642 2343 923 2415 Georgius
968 2348 1027 2398 et
1057 2343 1394 2397 Alexandra
1434 2339 1725 2412 capitibus
1756 2337 1861 2393 ob-

205 2439 646 2500 truncarentur,
682 2449 817 2487 cum
868 2431 928 2487 id
986 2432 1114 2503 ipsa
1166 2431 1494 2497 didicisset,
1528 2431 1593 2487 in
1622 2446 1861 2487 carcere

202 2540 408 2595 preces
438 2523 514 2577 ad
542 2524 725 2577 Deum
752 2520 1030 2591 fundens,
1062 2521 1325 2576 animam
1358 2518 1620 2574 tradidit.

413 2640 480 2693 Et
525 2639 787 2693 memoria
824 2639 1001 2692 sancti
1041 2636 1329 2707 prophetae
1372 2635 1638 2691 Michaez.

279 2745 581 2802 Gloriosus
612 2761 679 2800 ac
709 2760 959 2816 magnus
977 2743 1268 2816 propheta
1286 2744 1579 2810 Michmas,
1611 2758 1767 2799 unus
1790 2758 1863 2797 ex

207 2835 507 2894 sexdecim
567 2834 895 2906 prophetis,
953 2833 1066 2889 fuit
1097 2850 1167 2889 ex
1191 2832 1349 2888 tribu
1381 2832 1682 2904 Ephraim.
1716 2832 1862 2887 Cum

206 2930 405 2982 autem
435 2939 634 2997 regem
665 2922 865 2979 Achab
896 2921 1280 2995 redargueret
1308 2922 1381 2977 ob
1412 2922 1587 2994 plura
1607 2938 1674 2977 ac
1707 2919 1863 2976 mul-

205 3013 431 3086 tiplicia
458 3014 589 3083 ejus
621 3012 866 3081 scelera,
900 3010 1036 3067 odio
1068 3010 1310 3083 quidem
1362 3010 1433 3066 ab
1468 3027 1536 3067 eo
1590 3010 1853 3081 habitus,

209 3104 311 3160 sed
343 3104 592 3159 minime
624 3102 970 3158 interfectus
1006 3107 1114 3167 est,
1149 3118 1217 3157 eo
1250 3100 1408 3173 quod
1438 3118 1542 3158 rex
1573 3103 1757 3157 Deum
1788 3101 1865 3157 ti-

1962 1989 2099 2057 αὗτή
2148 1992 2228 2059 τῷ
2279 1992 2518 2062 Χριστῷ,
2576 1986 2666 2041 καὶ
2726 1985 3092 2060 ὡμολόγησεν
3132 1982 3359 2039 ἐνώπιον
3390 1987 3487 2039 τοῦ
3521 1984 3622 2059 βα-

1965 2078 2160 2141 σιλέως
2216 2078 2413 2146 ἑαυτὴν
2463 2078 2811 2150 Χριστιανήν.
2866 2074 3157 2146 Προστάξει
3211 2076 3299 2130 οὗν
3352 2078 3449 2129 τοῦ
3494 2081 3616 2128 Διο-

1962 2166 2262 2239 κλητιανοῦ
2318 2163 2591 2241 παρεδόθη
2663 2170 2730 2237 τῇ
2809 2164 3049 2241 φυλακῇ
3111 2167 3199 2219 καὶ
3264 2165 3399 2237 μετὰ
3451 2167 3620 2218 ταῦτα

1963 2277 2263 2333 γενομενης
2321 2253 2644 2332 ἀποφάσεως
2704 2259 2803 2309 τοῦ
2876 2251 3381 2328 ἀποκεφαλισθῆναι
3441 2253 3621 2323 Γεώρ-

1963 2367 2082 2422 γιον
2114 2346 2204 2401 καὶ
2248 2342 2633 2419 Ἀλεξάνδραν,
2689 2348 2850 2400 τοῦτο
2913 2348 3178 2417 μαθοῦσα,
3213 2342 3264 2398 έν
3296 2347 3364 2417 τῇ
3398 2340 3619 2417 φυλακῇ

1962 2435 2053 2491 καὶ
2081 2439 2160 2507 τῷ
2192 2438 2309 2507 Θεῷ
2340 2429 2627 2507 εὐξαμένη,
2656 2433 2939 2509 παρέδωκε
2966 2433 3065 2501 τήν
3098 2432 3306 2508 ψυχὴν.

2144 2639 2243 2694 Καὶ
2278 2640 2474 2712 μνήμη
2504 2642 2602 2693 τοῦ
2643 2636 2799 2713 ἁγίου
2847 2638 3136 2713 προφήτου
3170 2637 3442 2713 Μιχαίου.

2035 2751 2091 2804 '0
2123 2744 2335 2820 ἔνδοξος
2380 2747 2470 2801 καὶ
2531 2746 2699 2821 μέγας
2755 2745 3045 2819 προφήτης
3098 2742 3344 2817 Μιχαίας
3401 2742 3621 2818 ὑπῆρχε

1969 2839 2065 2913 μὶν
2102 2839 2178 2899 εἷς
2204 2841 2313 2892 τῶν
2373 2832 2500 2890 δέκα
2554 2830 2609 2907 ἓξ
2668 2838 2996 2913 Προφητῶν,
3026 2834 3093 2903 ἦν
3128 2829 3184 2888 δὲ
3213 2831 3274 2887 ἐκ
3301 2838 3403 2901 τῆς
3430 2836 3619 2907 γενεᾶς

1965 2924 2224 3006 Ἐφραίμο
2307 2922 2611 3001 διελέγχων
2671 2921 2729 2978 δὲ
2808 2925 2899 2979 τὸν
2976 2920 3202 2998 βασιλέα
3254 2916 3468 2998 ’Δχαᾶὅ
3527 2919 3613 2976 ἰπὶ

1964 3015 2229 3084 πολλαῖς,
2285 3012 2376 3069 καὶ
2436 3011 2721 3091 διαφόροις
2777 3012 3165 3087 παρανομίαις,
3220 3010 3459 3083 ἐμισεῖτο
3521 3010 3616 3083 μὶν

1964 3105 2093 3181 παρ’
2125 3104 2316 3159 αὐτοῦ·
2349 3102 2453 3157 οὐκ
2501 3099 2785 3175 ἐφονεύετο
2833 3097 2912 3170 δὶ,
2962 3094 3308 3177 φοϐουμένου
3335 3099 3430 3153 τὸν
3463 3097 3617 3168 Θεὸν,

208 3198 418 3258 meret,
468 3209 536 3248 ac
588 3192 894 3265 prophetas
942 3191 1218 3247 virtutem
1272 3197 1594 3247 reveretur.
1651 3190 1859 3248 Adhuc

1974 3194 2057 3251 καὶ
2112 3190 2437 3266 αἰδουμένου
2494 3192 2593 3260 τήν
2651 3192 2847 3263 ἀρετὴν
2902 3211 2999 3245 του
3057 3192 3363 3267 προφήτου.
3421 3190 3618 3262 Ὅμως

209 3241 418 3258 ...----,
469 3241 534 3248 π
590 3241 893 3265 παπ---η
955 3241 1218 3247 ._--_--_-
1272 3241 1594 3247 --.-_--__-
1652 3241 1856 3248 _____-

209 3289 409 3340 tamen
441 3288 605 3338 metu
626 3281 958 3355 perculsus,
976 3297 1039 3337 se
1062 3280 1343 3344 subdixit,
1374 3297 1443 3336 ac
1464 3280 1563 3336 diu
1590 3281 1654 3336 in
1685 3296 1855 3335 mon-

1974 3241 2034 3340 Ξξ
2044 3241 2399 3359 '.;e*;;.;:;.;;
2416 3241 2875 3357 'tn;{apli,"lgz
2915 3241 3196 3356 ’ὲζέτρϊεὲῦ
3216 3241 3438 3340 ἑζρὲὲεῖς
3455 3241 3618 3352 sit;

205 3373 364 3429 tibus
389 3376 790 3428 commoratus
813 3375 927 3435 est,
959 3385 1034 3426 ne
1065 3369 1273 3425 crebro
1296 3368 1569 3442 praebens
1591 3385 1721 3424 sese
1740 3366 1863 3440 regi

210 3461 718 3534 conspiciendum,
752 3476 1009 3532 eumque
1044 3458 1429 3533 redarguens,
1463 3459 1538 3515 ad
1569 3474 1736 3514 suam
1758 3475 1866 3514 cae-

213 3550 348 3607 dem
377 3549 838 3623 perpetrandam
895 3548 1057 3604 illius
1095 3549 1363 3604 animum
1390 3548 1691 3604 excitaret.
1726 3549 1866 3602 Post

215 3646 468 3696 mortem
523 3656 661 3695 vero
691 3637 915 3706 Achab,
943 3654 1078 3693 cum
1111 3638 1298 3709 ipsius
1330 3637 1521 3693 tilium
1562 3638 1758 3693 Joram
1789 3636 1863 3692 ob

217 3728 444 3784 similes
465 3727 816 3798 iniquitates
849 3742 1016 3796 asque
1050 3725 1405 3797 increparet,
1439 3742 1551 3781 nec
1596 3726 1698 3780 ille
1729 3741 1867 3796 pro-

216 3818 410 3889 phetas
444 3814 917 3887 objurgationem
947 3829 1120 3883 mquo
1152 3814 1352 3868 animo
1384 3813 1673 3883 perferret
1702 3830 1863 3868 com-

216 3906 545 3978 prehensus
576 3904 707 3963 fuit.
740 3903 878 3957 etin
910 3918 1210 3957 carcerem
1244 3902 1555 3958 detrusus:
1588 3902 1687 3957 ubi
1730 3920 1863 3958 cum

216 3997 390 4062 longo
424 3993 707 4065 temporis
746 3991 1054 4048 intervallo
1086 3992 1534 4061 permansisset,
1568 4008 1865 4048 (erumnas

216 4100 283 4140 ac
316 4082 620 4137 molestias
651 4081 938 4152 plurimas
969 4084 1311 4135 constanter
1348 4080 1613 4153 pertulit.
1640 4081 1862 4137 Deinde

219 4190 249 4229 e
280 4188 514 4228 carcere
546 4170 816 4236 eductus,
847 4169 919 4224 de
959 4174 1260 4242 praerupta
1286 4186 1431 4242 rupe
1480 4186 1743 4243 praeceps
1768 4187 1867 4226 ac-

217 4269 312 4318 tus
337 4268 426 4318 est
444 4279 479 4319 a
508 4260 815 4318 lictoribus
850 4277 864 4316 :
899 4265 956 4315 et
985 4276 1121 4315 cum
1149 4259 1413 4316 animam
1445 4261 1562 4317 Deo
1586 4260 1867 4317 tradidis-

220 4358 329 4418 set,
362 4351 632 4426 sepultus
664 4349 793 4406 fuit.

220 4466 287 4521 Et
310 4467 574 4523 memoria
611 4464 788 4521 sancti
837 4460 1174 4518 Maximiani
1221 4462 1567 4532 patriarcha
1596 4464 1866 4520 Constan-

856 4534 1232 4605 tinopolztani'

293 4654 680 4708 Maximianus
710 4651 926 4708 Christi
966 4652 1230 4723 pontifex
1277 4668 1347 4707 ex
1393 4652 1640 4723 antiqua
1686 4654 1871 4708 Roma

223 4761 424 4799 orsum
456 4744 642 4806 duxit,
665 4743 912 4798 divitum
933 4760 1000 4799 ac
1030 4744 1319 4799 nobilium
1348 4752 1663 4816 parentum
1686 4744 1863 4813 ﬁlius,

223 4835 368 4891 Cum
397 4839 595 4890 autem
624 4833 696 4889 ob
718 4834 1020 4906 negotium
1042 4834 1340 4906 quoddam
1363 4838 1548 4893 Roma
1567 4836 1870 4892 discessis-

222 4929 329 4989 set,
382 4923 953 4994 Constantinopolim
1011 4925 1205 4979 venit:
1247 4924 1347 4980 ubi
1402 4932 1644 4999 propter
1699 4942 1867 4981 suam

219 5012 436 5068 bonam
468 5011 751 5069 indolem.
768 5011 1227 5082 etmultipiicem
1241 5012 1592 5084 doctrinam,
1616 5032 1726 5071 nec
1746 5031 1866 5071 non

223 5107 485 5159 exactam
516 5101 647 5156 vitas
679 5100 1069 5166 rectudinem,
1108 5107 1327 5157 sanctas
1370 5104 1868 5177 Constantinopo-

219 5192 422 5248 litanae
454 5190 719 5247 ecclesia)
749 5189 1057 5263 presbyter
1081 5189 1349 5245 initiatus
1404 5190 1519 5247 fuit
1541 5207 1576 5246 a
1606 5190 1864 5248 Sisinnio

219 5282 605 5340 celeberrimo
628 5280 965 5352 patriarcha
988 5298 1000 5334 :
1026 5281 1196 5351 cujus
1218 5280 1574 5352 probitatem
1592 5281 1654 5335 in
1672 5298 1766 5337 om
1778 5282 1866 5337 ni-

220 5374 331 5430 bus
363 5372 538 5444 plane
566 5369 878 5424 virtutibus
931 5370 1292 5440 exprimens,
1351 5369 1412 5424 in
1470 5385 1538 5424 eo
1591 5370 1865 5425 instituto

221 5460 580 5535 perduravit,
612 5459 800 5514 donec
821 5457 1136 5513 damnatus
1156 5457 1270 5513 fuit
1291 5459 1393 5514 60
1415 5458 1718 5514 Nestorius
1747 5458 1865 5515 has-

221 5552 461 5613 reticus,
496 5549 597 5619 qui
630 5545 1005 5601 sanctissimo
1062 5545 1321 5602 Sisinnio
1370 5554 1755 5605 successerat.
1799 5551 1872 5604 Αι

222 5646 356 5713 post
376 5638 563 5711 ipsius
579 5635 839 5691 haeretici
855 5634 1103 5690 Nestorii
1123 5634 1557 5707 depositionem
1572 5637 1869 5694 Maximia-

225 5748 336 5787 nus
368 5736 650 5802 tauquam
679 5725 871 5784 ﬁdelis
912 5730 969 5782 et
998 5724 1381 5803 orthodoxus,
1422 5729 1726 5790 communi
1758 5730 1872 5787 im-

1966 3375 2030 3429 τὸ
2060 3372 2316 3430 πλεῖστον
2351 3378 2449 3429 τοῦ
2492 3372 2720 3448 χρόνου,
2765 3371 2858 3425 ἳνα
2912 3370 2987 3443 μὴ
3046 3373 3262 3445 συχνῶς
3288 3373 3366 3441 τῷ
3403 3367 3622 3443 βασιλεῖ

1972 3463 2421 3542 ξμφανιζόμενος,
2452 3463 2540 3517 καὶ
2594 3458 2922 3535 διελέγχων,
2967 3458 3103 3533 πρὸς
3134 3458 3296 3535 φόνον
3328 3456 3493 3512 αὐτοῦ
3520 3456 3615 3511 τὸν

1973 3554 2144 3627 θυμὸς
2172 3550 2502 3628 καθοπλίσῃ.
2536 3550 2686 3607 Μετὰ
2734 3547 2791 3605 δὲ
2841 3546 3105 3616 τελευτὴν
3136 3542 3364 3623 Ἀχαὰϐ,
3398 3545 3614 3621 ἐλέγξας

1970 3644 2065 3699 τὸν
2094 3643 2211 3697 υἱὸν
2241 3640 2405 3697 αὐτοῦ
2436 3641 2642 3717 Ἰωρὰμ
2673 3639 2761 3695 ἐπὶ
2806 3644 2923 3701 ταῖς
2977 3639 3199 3710 ὁμοίαις
3230 3636 3618 3713 παρανομίαις,

1977 3732 2053 3806 μή
2112 3729 2475 3803 ὑπομείναντα
2528 3729 2621 3783 τὸν
2680 3725 2940 3802 ἔλεγχον,
3004 3725 3299 3800 ἐκρατήθη.
3355 3724 3452 3779 Καὶ
3481 3724 3621 3779 ἀπο-

1971 3818 2240 3883 κλεισθεὶς
2296 3818 2373 3883 εἷς
2426 3817 2699 3894 φυλακὴν,
2752 3816 2839 3871 καὶ
2902 3813 3180 3888 διαμείνας
3229 3814 3453 3869 ἐνταῦθα
3482 3813 3621 3887 χρό-

1972 3929 2064 3963 νον
2123 3906 2209 3963 έπὶ
2264 3907 2485 3983 συχνὸν,
2546 3903 2971 3980 ἰταλαιπωρήθη
3039 3903 3258 3964 ἱκανῶς.
3335 3903 3467 3959 Εἶτα
3521 3907 3623 3970 τῆς

1974 3994 2222 4074 φυλακῆς
2272 3991 2582 4066 ἐκϐληθεὶς,
2635 3992 2828 4071 ἒῤῥίφη
2889 3994 3026 4049 κατὰ
3078 3996 3174 4047 τοῦ
3231 3994 3481 4065 κρημνοῦ
3515 3990 3621 4045 ὑπὸ

1972 4090 2081 4142 τῶν
2138 4083 2377 4158 δημίων,
2432 4083 2523 4139 καὶ
2598 4080 2872 4159 παραδοὺς
2943 4082 3042 4152 τὴν
3104 4081 3290 4156 ψυχὴν
3349 4083 3427 4151 τῷ
3483 4082 3621 4150 Θεῷ,

1973 4173 2139 4250 ἐτάφη
2150 4218 2163 4232 .

2082 4462 2188 4521 Καὶ
2221 4463 2409 4537 μνήμη
2462 4465 2559 4517 τοῦ
2602 4458 2754 4535 ἁγίου
2804 4458 3149 4537 Μαξιμιανοῢ
3176 4457 3518 4535 πατριάρχου

2470 4532 2756 4588 Κωνσταντ
2767 4532 3094 4593 ινουπόλεως
3109 4574 3121 4587 .

2047 4659 2384 4733 Μαειμιανὸς
2427 4638 2461 4712 δ
2504 4660 2601 4711 τοῦ
2657 4657 2893 4730 Χριστοῦ
2949 4656 3238 4731 ἱεράρχης,
3296 4650 3500 4730 έγένετο
3532 4654 3628 4726 μὶν

1977 4748 2036 4805 ἐκ
2058 4754 2159 4818 τῆς
2192 4746 2428 4808 παλαιᾶς
2487 4745 2727 4818 Ῥώμης,
2784 4745 2898 4808 υἱὸς
2952 4745 3233 4800 πλουσίων
3274 4743 3364 4799 καὶ
3395 4745 3625 4819 εὐγενῶν

1974 4836 2200 4915 γονέων*
2278 4837 2415 4891 κατὰ
2467 4856 2590 4891 τινα
2639 4831 2697 4890 δὲ
2772 4832 2962 4910 χρείαν
3016 4840 3115 4903 τῆν
3172 4834 3392 4907 Ῥώμην
3452 4833 3628 4911 ἀφεὶς,

1977 4926 2053 4989 εἷς
2103 4921 2678 4983 Κωνσταντινούπολιν
2730 4921 3076 4998 παρεγένετο,
3124 4922 3214 4978 καὶ
3264 4919 3335 4976 δι’
3381 4919 3629 5000 εὐφυΐαν,

1973 5017 2061 5071 καὶ
2095 5013 2495 5088 πολυμάθειαν,
2552 5012 2643 5068 καὶ
2694 5013 2793 5082 τὴν
2850 5015 2951 5066 τοῦ
3006 5010 3128 5088 βίου
3169 5010 3505 5081 κατάστασιν,
3536 5012 3626 5067 καὶ

1974 5100 2277 5180 ἀκρίϐειαν,
2336 5097 2703 5177 πρεσϐύτερος
2756 5100 3147 5177 ἐχειροτονήθη
3204 5107 3304 5169 τῆς
3356 5099 3408 5156 ἰν
3469 5107 3630 5156 Κων-

1974 5190 2418 5249 σταντινουπόλει
2470 5189 2765 5259 ἐκκλησίας
2821 5189 2978 5265 ἁγίας
3033 5190 3180 5264 παρᾶ
3232 5190 3506 5245 Σισιννίου
3535 5194 3631 5246 τοῦ

1976 5280 2233 5357 ἀοιδίμου
2290 5281 2654 5358 πατριάρχου.
2737 5278 2835 5334 Καὶ
2903 5280 3003 5348 τὴν
3064 5276 3298 5352 δοκιμὴν
3355 5280 3520 5336 αὐτοῦ
3578 5279 3630 5337 ἰν

1976 5376 2175 5437 πάσαις
2229 5371 2445 5445 ἀρεταῖς
2523 5366 2928 5441 ἐπιδειξάμενος
2999 5365 3253 5441 διήρκεσε
3310 5369 3477 5445 μέχρι
3532 5376 3635 5441 τῆς

1976 5473 2341 5535 καθαιρεσεως
2390 5458 2687 5533 Νεστορίου
2731 5462 2828 5513 τοῦ
2874 5457 3154 5532 αἱρετικοῦ
3200 5463 3297 5514 τοῦ
3338 5460 3430 5515 τὸν
3461 5458 3634 5535 ἁγιώ-

1977 5572 2137 5609 τατον
2172 5552 2443 5607 Σισίννιον
2504 5546 2908 5621 διαδεξαμένου.
2968 5548 3072 5604 Καὶ
3132 5548 3266 5623 μετὰ
3314 5550 3414 5619 τήν
3444 5547 3648 5615 καθαί-,

1982 5662 2125 5717 ρεσιν
2183 5638 2349 5696 αὐτοῦ
2406 5643 2504 5695 τοῦ
2584 5637 2859 5713 αἱρετικοιῖ
2936 5637 3255 5711 Νεστορίου,
3535 5642 3635 5694 τοῦ

1983 5727 2274 5812 βασιλέως,
2331 5728 2422 5785 καὶ
2479 5731 2577 5786 τοῦ
2635 5725 2868 5805 κλήρου,
2921 5725 3012 5783 καὶ
3067 5731 3165 5784 τοῦ
3221 5724 3361 5787 λαοῦ
3406 5727 3635 5804 παντὸς,
