4086 6204
436 360 559 424 417

2001 357 2332 422 APRILIB.

3731 359 3851 420 418

439 492 520 554 ὡς
547 491 740 554 πιστὸς
797 489 886 548 καὶ
933 489 1261 582 Δόρθόδοξος,
1320 493 1669 571 πατριάρχης
1697 491 2089 582 προεχειρίσθη

2215 489 2770 563 peratoris,cleri.ac
2802 488 2981 546 totius
3002 488 3206 561 populi
3231 488 3530 564 suﬁ‘ragio,
3563 491 3848 549 Constan-

436 579 1106 647 Κωνσταντινουπόλεως⁸
1167 584 1257 638 καὶ
1307 583 1493 639 καλῶν
1548 583 1639 639 καὶ
1723 576 1959 638 θύσεϐῶν
2026 579 2089 635 τὰ

434 676 539 727 τοῦ
561 673 801 748 Χριστοῦ
858 671 1116 746 ποίμνιον
1172 672 1589 745 ποιμάνας,καὶ
1646 673 1749 742 τὴν
1796 668 2087 742 ἐκκλησίαν

435 759 589 824 ἐκτὸς
667 758 984 818 σκανδάλων
1070 759 1407 837 διατηρήσας
1442 807 1457 834 ,
1509 764 1602 818 καὶ
1658 763 1935 837 κρατήσας
1994 757 2087 830 ἔτη

436 846 555 923 δύο,
580 850 668 906 καὶ
697 857 874 924 μῆνας
893 846 1070 921 πέντε,
1103 850 1159 907 ἐν
1199 853 1396 928 εἰρήνῃ
1425 850 1783 910 ἀνεπαύσατο.

432 1054 541 1112 Καὶ
571 1057 804 1129 ἄθλησις
832 1060 929 1112 τοῦ
976 1054 1161 1148 άγίουὶ
1195 1056 1473 1151 μάρτυρος
1524 1057 1793 1113 Ἰσαακίου
1851 1058 1941 1114 καὶ
1975 1066 2085 1116 τῶν

1113 1149 1208 1184 συν
1245 1149 1413 1202 αυτῳ.

506 1233 576 1291 Οἱ
604 1238 753 1308 τρεῖς
786 1230 939 1289 οῦτοι
970 1234 1114 1309 ἅγιοι
1148 1233 1417 1310 μάρτυρες
1444 1233 1731 1306 Ὶσαάκιος,
1766 1233 2086 1305 Ἀπολλὼν,

431 1322 525 1376 καὶ
582 1318 880 1397 Κοδρᾶτος,
941 1323 1265 1398 θεράποντες
1320 1324 1573 1398 ὑπῆρχον
1630 1329 1733 1393 τῆς
1767 1322 2088 1399 βασιλίσσης

434 1408 816 1486 Ἀλεξάνδρας
902 1412 993 1466 καὶ
1059 1408 1266 1475 ἰδόντες
1348 1411 1522 1481 αὐτὴν
1605 1416 2087 1489 καταφρονήσασαν

435 1497 598 1571 δόξης
674 1500 1037 1577 προσκαίρου,
1112 1501 1203 1557 καὶ
1288 1500 1567 1578 βασιλείας
1651 1509 1915 1579 φθαρτῆς,
1998 1504 2086 1558 καὶ

439 1587 710 1664 βασιλέως
763 1591 987 1661 θνητοῦ,
1046 1590 1142 1646 καὶ
1195 1588 1657 1665 προσδραμοῦσαν
1712 1596 1791 1663 τῷ
1846 1592 2088 1665 Χριστῷ,

433 1679 523 1734 καὶ
580 1679 939 1734 πιστεύσασαν
1001 1679 1077 1744 ὡς
1128 1679 1376 1753 ἀθανάτῳ
1424 1679 1517 1735 καὶ
1576 1678 1785 1753 αἰωνίῳ
1851 1678 2087 1756 βασιλεῖ,

428 1768 522 1823 καὶ
581 1766 652 1823 δι’
711 1766 872 1823 αὐτὸν
932 1770 1219 1837 θανοῦσαν,
1266 1767 1611 1839 ἐπίστευσαν,
1643 1769 1735 1824 καὶ
1796 1769 1948 1825 αὐτοὶ
2009 1775 2089 1844 τῷ

433 1859 677 1931 Χριστῷ,
710 1859 797 1914 καὶ
833 1857 1339 1936 παῤῥησιασάμενοι
1394 1856 1631 1935 ἤλεγξαν
1700 1860 1791 1915 τὸν
1840 1862 2089 1936 βασιλέα,

434 1949 755 2025 παράνομον
787 1948 952 2005 αὐτὸν
1003 1949 1396 2019 εἷποντες,καὶ
1458 1948 1609 2023 ὠμὸν
1669 1950 1760 2005 καὶ
1818 1949 2093 2028 θηριώδη,

436 2037 514 2101 ὡς
575 2036 718 2110 μηδὲ
767 2039 867 2107 τήν
925 2037 1127 2094 οἰκείαν
1174 2044 1425 2114 γυναῖκα,
1494 2040 1610 2111 μεθ’
1650 2038 1720 2107 ἧς
1780 2038 2093 2112 ἐτέκνωσεν,

437 2123 759 2196 ἐλεήσαντα.
814 2127 952 2183 Τότε
1009 2127 1288 2203 ὀργισθεὶς
1337 2128 1365 2182 6
1452 2124 1738 2203 βασιλεὺς,
1801 2129 2097 2205 προσέταξε

432 2220 553 2277 τοῖς
583 2213 811 2289 δημίοις
836 2224 1103 2293 κρατῆσαι
1164 2216 1387 2289 αὐτοὺς,
1419 2216 1510 2272 καὶ
1562 2219 1631 2289 τῇ
1664 2216 1881 2293 φυλακῇ
1917 2238 2095 2293 παρα-

439 2300 646 2360 δοῦναι.
682 2305 784 2362 Καὶ
839 2304 1037 2361 τούτου
1095 2307 1411 2382 γενομένου,
1472 2305 1641 2371 αὐτὸς
1695 2304 1766 2361 δι’
1818 2307 1957 2377 ὅλης
1996 2315 2099 2377 τῆς

434 2392 632 2454 νυκτὸς
660 2390 1021 2468 διελογίξετο,
1053 2399 1172 2457 πῶς
1228 2393 1292 2449 ἄν
1357 2392 1604 2461 διάθοιτο
1657 2398 1725 2453 τὰ
1773 2398 1889 2451 κατ’
1921 2397 2097 2452 αὐτῶν

437 2478 712 2556 (ὠργίσθη
770 2481 871 2556 γάρ
928 2482 1231 2559 μεγάλως),
1300 2484 1393 2539 καὶ
1444 2487 1515 2559 τῇ
1557 2483 1818 2561 ἐπαύριον
1878 2485 2099 2560 ἀγαγὼν

446 2570 643 2633 αὐτοὺς
672 2571 905 2627 ἐνώπιον
936 2572 1128 2643 αὐτοῦ,
1181 2575 1269 2630 καὶ
1330 2575 1734 2651 καταναγκάσας
1767 2576 2100 2651 ἀρνήσασθαι

434 2659 531 2715 τὸν
565 2660 819 2735 Χριστὸν,
848 2662 940 2716 καὶ
975 2664 1052 2735 μὴ
1077 2662 1286 2733 πείσας,
1316 2664 1738 2743 ἀπεκεφάλισεν.

983 2887 1162 2944 MHNI
1216 2892 1301 2965 rp
1360 2890 1561 2968 ΔΥΤῼ.

1218 2977 1343 3032 ΚΒ“.

519 3083 742 3155 Μμήμη
775 3086 874 3137 τοῦ
905 3080 959 3138 ἐν
992 3084 1173 3160 ἁγίοις
1197 3084 1586 3161 Πατᾼρὸςήμῶν
1619 3082 1904 3161 Θεοδώρου
1934 3090 2032 3141 τοῦ

1122 3162 1161 3209 Σ
1172 3157 1451 3215 ικαιώτου.

530 3256 815 3335 Θεόδωρος
879 3262 908 3315 6
994 3265 1093 3316 τοῦ
1154 3267 1396 3338 Χριστοῦ
1456 3263 1750 3340 ἱεράρχλης,
1805 3262 1902 3318 καί
1960 3265 2125 3340 μέγας

452 3349 896 3425 θαυματουργὸς,
934 3350 1152 3426 ὑπῆρχε
1184 3353 1279 3424 μὶν
1337 3351 1398 3407 ἐκ
1454 3359 1556 3422 τῆς
1606 3352 1860 3408 Γαλατῶν
1892 3352 2102 3426 χώρας,

453 3437 561 3492 ἀπὸ
617 3438 835 3513 χωρίου
895 3436 952 3494 δὶ
1008 3445 1284 3508 Σικαιοῦς,
1339 3439 1427 3496 ἐπὶ
1484 3447 1584 3511 τῆς
1644 3440 1925 3517 βασιλείας
1967 3443 2104 3498 Ἰου-

453 3531 729 3582 στινιανοῦ
781 3532 878 3582 τοῦ
928 3526 1190 3584 παλαιοῦ⁶
1245 3527 1500 3607 ἐγεννήθη
1562 3528 1620 3585 δὶ
1678 3529 1728 3585 ἐν
1770 3528 2104 3606 πανδοχείῳ,

450 3620 555 3683 τῆς
591 3616 804 3691 μητρὸς
856 3616 1025 3672 αὐτοῦ
1083 3618 1313 3693 Μαρίας,
1372 3615 1461 3674 διὰ
1515 3616 1757 3681 κάλλους
1815 3622 1912 3673 τοῦ
1967 3639 2110 3694 προ-

456 3704 645 3758 σώπου
746 3703 937 3772 αὐτῆς,
1030 3705 1472 3780 ἐπισπασαμένης
1556 3708 1693 3783 πρὸς
1767 3709 1865 3777 τὴν
1944 3706 2108 3763 αὐτοῦ

454 3792 713 3868 γέννησιν
748 3800 964 3867 Κοσμᾶν
1024 3817 1147 3851 τινα
1197 3801 1306 3852 τῶν
1370 3797 1667 3873 βασιλικῶν
1713 3795 2104 3872 ταχυδρόμων’

452 3880 580 3951 ἥτις
611 3884 702 3938 καὶ
737 3882 876 3940 εἱδεν
925 3885 977 3940 ἐν
1040 3886 1259 3959 ὀνείρῳ,
1318 3886 1514 3963 ἀστέρα
1568 3886 1847 3943 κατελθεῖν
1900 3887 1960 3941 ἐκ
2011 3890 2110 3941 τοῦ

458 3972 716 4047 οὐρανοῦ,
750 3974 839 4029 καὶ
890 3981 1071 4032 πεσεῖν
1131 3974 1219 4030 ἐπὶ
1277 3977 1375 4045 τήν
1413 3976 1626 4032 κοιλίαν
1661 3976 1846 4045 αὐτῆς·
1906 3973 2109 4046 ἐδήλου

459 4059 520 4117 δὲ
578 4063 607 4117 6
667 4063 842 4136 ἀστὴρ
899 4063 999 4132 τὴν
1063 4063 1139 4125 είς
1196 4062 1417 4138 ὕστερον
1472 4066 1669 4139 ἀρετὴν
1738 4068 1836 4119 τοῦ
1895 4061 2107 4126 παιδός·

454 4155 722 4205 τοσοῦτον
756 4151 855 4227 γὰρ
889 4151 948 4207 ἐκ
1005 4152 1238 4231 βρέφους
1300 4152 1510 4228 ἐγένετο
1566 4153 1831 4225 ἐνάρετος,
1890 4153 1966 4216 ὡς
2019 4152 2109 4207 καὶ

455 4237 548 4291 τὸν
585 4238 738 4313 ἅγιον
777 4239 1046 4313 Γιώργιον
1100 4237 1261 4317 φίλον
1320 4242 1642 4310 κτήσασθαι,
1698 4243 1940 4317 φανερῶς
1981 4237 2112 4293 συλ-

460 4324 740 4381 λαλοῦντα
787 4325 935 4399 αὐτῷ
1006 4329 1097 4382 καὶ
1151 4323 1595 4401 συμϐαδίζοντα,
1664 4329 1754 4384 καὶ
1808 4326 2114 4403 ὁδηγοῦντα

456 4413 621 4470 αὐτὸν
684 4416 822 4489 πρὸς
881 4422 984 4472 πᾶν
1043 4417 1260 4491 ἀγαθόν’
1295 4417 1345 4491 ἐξ
1405 4419 1467 4473 οὗ
1497 4418 1585 4473 καὶ
1625 4419 1692 4473 τὰ
1753 4419 1921 4491 μυρία
1950 4416 2113 4485 ἐκτή-

461 4525 591 4560 σατο
623 4506 891 4577 θαύματα.
954 4507 1251 4579 Γενόμενος
1309 4505 1366 4562 δὲ
1400 4509 1665 4583 μοναχὸς,
1714 4505 2109 4583 ἐχειροτονήθη

2204 581 2631 653 tinOpolitanus
2652 580 2987 652 patriarcha
3010 578 3232 635 electus
3248 580 3526 637 fuit.Cum
3544 597 3678 635 vero
3693 588 3850 637 recte

2203 686 2270 726 ac
2298 670 2574 743 religiose
2595 686 2831 743 gregem
2864 668 3079 723 Christi
3125 668 3533 741 gubernasset,
3568 676 3625 725 et
3647 670 3845 726 Eccle-

2204 759 2352 814 siam
2383 775 2418 814 a
2444 758 2741 815 scandalis
2773 762 2961 813 tutam
2994 763 3304 824 servasset,
3340 758 3511 829 eique
3534 775 3641 830 per
3660 775 3849 814 annos

2203 848 2373 916 duos,
2407 854 2466 904 et
2514 864 2752 904 menses
2783 847 3047 919 quinque
3097 847 3455 919 praefuisset,
3487 848 3549 902 in
3582 864 3725 919 pace
3756 865 3848 903 re-

2203 937 2443 1009 quievit.

2273 1066 2343 1119 Et
2373 1070 2647 1119 certamen
2676 1065 2853 1119 sancti
2880 1061 3146 1146 martyris
3174 1064 3395 1130 Isaacii,
3427 1069 3480 1117 et
3508 1062 3778 1118 sociorum

2957 1150 3093 1205 ejus.

2274 1234 2341 1289 Hi
2382 1241 2500 1289 tres
2531 1236 2721 1289 sancti
2753 1239 3043 1304 martyres
3074 1234 3355 1304 Isaacius,
3380 1232 3614 1305 Apollo,
3647 1240 3705 1289 et
3733 1234 3849 1288 Co-

2201 1323 2406 1379 dratus
2453 1323 2661 1379 famuli
2720 1323 2962 1378 fuerunt
3011 1322 3355 1378 Alexandraa
3406 1323 3849 1394 imperatricis:

2202 1429 2377 1485 quam
2411 1430 2545 1469 cum
2573 1412 2860 1468 vidissent
2898 1411 3122 1468 caduca
3152 1412 3331 1484 hujus
3362 1412 3465 1467 aevi
3488 1412 3694 1484 gloria,
3718 1430 3851 1469 cor-

2199 1502 2465 1575 ruptibili
2488 1502 2828 1575 imperio,et
2846 1501 3083 1557 mortali
3107 1502 3465 1572 imperatore
3489 1501 3851 1573 contemptis,

2201 1592 2275 1648 ad
2288 1593 2585 1648 Christum
2604 1592 3117 1663 accurrere,eique
3138 1598 3420 1663 tanquam
3433 1591 3754 1646 immortali
3774 1596 3854 1645 at-

2202 1698 2315 1753 que
2339 1686 2561 1737 aeterno
2588 1680 2727 1754 Regi
2758 1680 3092 1745 credere,et
3121 1698 3226 1752 pro
3260 1697 3327 1736 eo
3350 1686 3604 1736 mortem
3628 1679 3849 1747 subire;

2200 1772 2382 1827 etiam
2412 1771 2527 1843 ipsi
2558 1771 2774 1826 Christi
2799 1770 2977 1825 fidem
3000 1770 3258 1842 amplexi
3292 1776 3462 1825 sunt:
3498 1775 3557 1825 et
3596 1769 3854 1824 maxima

2202 1861 2479 1918 libertate
2511 1860 2847 1931 loquentes,
2864 1860 3286 1931 imperatorem
3310 1860 3715 1930 increparunt,
3743 1859 3855 1912 im-

2203 1951 2703 2025 pium.crudelem
2735 1968 2804 2007 ac
2833 1951 3025 2006 ferum
3054 1952 3251 2022 ipsum
3274 1950 3665 2022 appellantes,
3695 1948 3855 2020 quod

2202 2042 2480 2114 conjugio
2514 2041 2625 2097 sibi
2651 2041 2877 2112 junctaa
2910 2040 3204 2107 mulieris,
3235 2057 3305 2094 ex
3337 2056 3454 2110 qua
3487 2038 3665 2094 etiam
3700 2038 3854 2093 libe-

2203 2149 2303 2187 ros
2334 2137 2699 2203 susceperat,
2730 2130 3011 2185 misertus
3059 2146 3180 2184 non
3211 2135 3387 2185 esset.
3422 2127 3585 2184 Unde
3617 2128 3678 2183 in
3705 2127 3856 2183 iram

2204 2221 2493 2277 excitatus
2541 2220 2866 2291 imperator
2918 2218 3229 2273 lictoribus
3282 2218 3583 2289 praecepit,
3638 2223 3707 2271 ut
3753 2233 3855 2272 eos

2204 2308 2877 2381 comprehenderent,ac
2909 2309 2971 2362 in
2994 2323 3293 2363 carcerem
3320 2307 3707 2379 conjicerent.
3732 2307 3856 2371 Quo

2204 2404 2467 2471 peracto,
2504 2403 2627 2453 tota
2651 2402 2823 2451 nocte
2847 2398 2973 2467 ipse
2996 2396 3323 2468 imperator
3352 2395 3668 2465 cogitabat,
3703 2411 3855 2465 quo-

2204 2489 2383 2545 modo
2407 2504 2509 2543 eos
2539 2487 2911 2542 interimeret
2935 2503 2947 2540 :
2972 2486 3221 2557 (ingenti
3242 2485 3404 2541 enim
3435 2484 3635 2539 furore
3657 2483 3861 2539 adver-

2209 2595 2309 2634 sus
2342 2577 2477 2632 illos
2495 2593 2785 2632 accensus
2803 2580 2927 2631 erat
2954 2575 2993 2645 :)
3022 2574 3275 2647 ideoque
3311 2573 3585 2645 sequenti
3617 2572 3713 2627 die
3758 2588 3859 2627 eos

2207 2683 2408 2723 coram
2441 2683 2502 2721 se
2534 2665 2747 2721 adduci
2770 2665 3040 2736 jussit,et
3054 2669 3122 2719 ut
3148 2663 3449 2719 Christum
3472 2662 3856 2735 abnegarent,

2208 2756 2567 2828 compellere
2612 2760 2861 2812 conatus
2893 2758 3001 2810 est.
3035 2753 3147 2809 Sed
3182 2770 3317 2809 cum
3348 2752 3409 2808 id
3441 2752 3586 2824 ipsis
3608 2750 3857 2807 suadere

2208 2862 2331 2903 non
2360 2844 2665 2911 valuisset,
2691 2844 2881 2915 capite
2904 2859 3005 2898 eos
3035 2842 3216 2913 plecti
3246 2842 3566 2898 mandavit.

2772 2931 3015 2988 EODEM
3040 2932 3294 2987 MENSE.

2690 3022 2795 3078 Die
2824 3022 3108 3077 vicesima
3153 3020 3415 3077 secunda

2209 3115 2305 3171 01
2343 3114 2609 3171 Memoria
2632 3114 2811 3168 sancti
2848 3114 3034 3168 Patris
3063 3110 3243 3167 nostri
3285 3110 3559 3166 Theodori
3583 3109 3855 3165 Sicwotaz.

2271 3266 2615 3321 Theodorus
2646 3262 2863 3319 Christi
2898 3261 3188 3335 pontifex,
3216 3277 3282 3315 ac
3305 3275 3553 3331 magnus
3584 3258 3855 3311 thauma-

2214 3359 2619 3427 turgus,natus
2642 3356 2728 3407 est
2760 3352 2820 3406 in
2843 3351 3080 3421 regione
3106 3348 3343 3405 Galatia:
3376 3347 3437 3401 in
3468 3344 3683 3417 Oppido
3700 3341 3860 3415 quod

2215 3445 2441 3499 Sicaaon
2471 3442 2826 3514 appellatur,
2856 3438 3187 3494 Justiniano
3220 3437 3457 3492 seniore
3506 3436 3857 3505 imperante.

2216 3533 2459 3589 Genitus
2489 3548 2624 3587 vero
2656 3531 2768 3585 fuit
2798 3531 2859 3585 in
2884 3529 3130 3584 taberna
3158 3526 3504 3593 diversoria,
3536 3524 3637 3580 ubi
3672 3529 3864 3579 mater

2215 3623 2402 3695 ipsius
2432 3621 2611 3676 Maria
2640 3618 2855 3676 eximia
2884 3618 3003 3673 oris
3035 3618 3124 3672 sui
3148 3615 3591 3689 pulchritudine
3632 3612 3703 3668 ad
3728 3628 3862 3667 eum

2216 3710 2688 3784 progignendum
2714 3712 3035 3764 attraxerat
3056 3707 3245 3761 virum
3269 3704 3587 3776 quemdam
3620 3701 3862 3757 nomine

2217 3804 2511 3868 Cosmam,
2545 3801 2645 3873 qui
2678 3801 2835 3856 inter
2865 3798 3243 3871 imperatoris
3275 3813 3547 3852 cursores
3599 3793 3863 3863 adscrip-

2218 3899 2312 3949 tus
2347 3898 2490 3949 erat.
2528 3891 2741 3947 Eadem
2766 3906 2941 3962 porro
2974 3890 3104 3961 ejus
3136 3894 3327 3944 mater
3353 3886 3498 3941 vidit
3528 3885 3589 3939 in
3639 3882 3866 3939 somnis

2217 3982 2381 4038 sidus
2412 3999 2443 4037 e
2474 3980 2621 4037 c0310
2653 3979 2869 4045 delabi,
2918 3984 3096 4049 atque
3130 3977 3191 4032 in
3255 3993 3427 4032 suum
3461 3975 3658 4030 sinum
3707 3970 3865 4026 deci-

2218 4072 2359 4128 dere
2385 4088 2398 4125 :
2419 4070 2576 4142 quod
2600 4086 2741 4125 sane
2774 4068 2939 4124 sidus
2953 4068 3212 4123 futuram
3233 4067 3399 4138 pueri
3424 4064 3697 4118 virtutem
3716 4076 3868 4133 prm-

2217 4160 2716 4217 nuntiabat.Adeo
2740 4159 2900 4213 enim
2931 4157 3055 4227 ipse
3069 4158 3140 4210 ab
3164 4157 3410 4210 ineunte
3442 4158 3612 4208 aetate
3639 4151 3868 4206 virtutis

2219 4253 2517 4309 stodiosus
2548 4256 2723 4321 atque
2750 4265 2958 4304 amans
2990 4247 3121 4315 fuit,
3153 4254 3219 4301 ut
3250 4250 3522 4301 sanctum
3555 4243 3868 4314 Georgium

2220 4343 2479 4398 amicum
2528 4339 2641 4394 sibi
2674 4337 3123 4409 comparaverit,
3159 4337 3257 4406 qui
3315 4341 3375 4389 et
3403 4333 3601 4405 palam
3633 4347 3765 4387 cum
3799 4345 3868 4385 eo

2219 4430 2500 4501 colloqui,
2535 4433 2593 4483 et
2635 4427 2981 4498 frequenter
3006 4425 3347 4487 convenire,
3383 4428 3562 4493 atque
3592 4420 3667 4476 ad
3694 4434 3869 4474 omne

2219 4536 2368 4592 opus
2398 4518 2626 4573 bonum
2665 4517 2861 4589 ipsum
2893 4513 3218 4587 perducere
3259 4515 3668 4568 consueverat.
3704 4506 3871 4563 Unde

458 4592 551 4647 καὶ
634 4592 936 4657 ἐπίσκοπος
1025 4595 1625 4663 ’Δναστασιουπόλεως,
1708 4595 1799 4650 καὶ
1881 4591 1971 4649 διὰ
2044 4593 2100 4649 τὰ

552 4679 639 4699 ιὶὶ
678 4684 704 4699 Α
759 4683 772 4699 Ι
1113 4678 1173 4699 ⁸1
1504 4685 1516 4699 I
1702 4684 1716 4699 \
1806 4685 1833 4699 Λ
1936 4682 1955 4699 \
1998 4687 2025 4697 a-

2218 4591 2535 4667 innumera
2566 4605 2751 4661 edidit
2780 4604 3088 4661 miracula.
3115 4604 3260 4659 Cum
3308 4619 3444 4658 vero
3478 4598 3873 4675 monasticam

458 4679 650 4736 πολλά
678 4683 926 4757 θαύματα
980 4678 1309 4759 περιϐόητος
1368 4685 1571 4763 φανεὶς,
1628 4684 1718 4739 καὶ
1805 4682 2109 4759 βασιλεῦσι,

458 4770 552 4912 iacui
580 4775 662 4843 τῷ
708 4772 901 4846 κόσμῳ
956 4772 1139 4843 παντὶ,
1201 4772 1252 4827 ἐν
1315 4773 1503 4849 εἰρήνῃ
1553 4773 1692 4848 πρὸς
1745 4771 1942 4848 Κύριον
1997 4766 2110 4845 ἔξε-

497 4860 732 4929 ήμησεν.

542 4880 732 4931 μησεν.

569 5075 670 5133 Καὶ
724 5078 918 5149 μνήμη
951 5072 1049 5131 τοῦ
1099 5075 1255 5153 ἁγίου
1314 5074 1623 5132 ἀποστόλου
1677 5074 1995 5147 Ναθαναήλ.

532 5191 831 5261 Ναθαναὴλ
863 5194 891 5249 6
918 5198 1016 5249 τοῦ
1040 5197 1273 5266 Χριστοῦ
1304 5193 1464 5270 φίλος
1496 5194 1586 5249 καὶ
1644 5192 1977 5263 ἀπόστολος,
2039 5194 2107 5264 ἦν

461 5280 557 5353 μὲν
590 5281 698 5335 ἀπὸ
736 5282 894 5338 Κανὰ
914 5281 1129 5345 πόλεως
1174 5289 1274 5351 τῆς
1308 5283 1626 5353 Γαλιλαίας,
1659 5279 1782 5347 ἔνθα
1822 5283 1849 5337 6
1881 5284 2112 5354 Χριστὸς

452 5368 544 5424 καὶ
575 5372 708 5433 Θεὸς
739 5373 900 5443 ἡμῶν
961 5372 1186 5442 κληθεὶς
1243 5374 1321 5434 εἷς
1378 5378 1559 5447 γάμον
1614 5373 1749 5444 μετά
1798 5378 1897 5439 τῆς
1939 5392 2107 5427 πανα-

456 5460 702 5534 χράντου
732 5458 898 5515 αὐτοῦ
932 5462 1178 5536 Μητρὸς,
1208 5461 1298 5516 καὶ
1328 5465 1438 5516 τῶν
1474 5462 1636 5535 ἱερῶν
1701 5462 1983 5533 μαθητῶν,
2046 5462 2110 5517 τὸ

454 5553 675 5621 πρῶτον
708 5551 889 5624 θαῦμα
915 5549 1164 5621 ἐποίησε,
1194 5552 1258 5606 τὸ
1304 5548 1451 5624 ὕδωρ
1483 5551 1560 5611 είς
1591 5552 1737 5606 οἶνον
1761 5545 2108 5623 μεταϐαλών,

457 5634 839 5713 Προσεδέχετο
898 5635 955 5693 ὃὶ
1011 5638 1101 5693 γαί
1158 5636 1318 5703 αὐτὸς
1372 5640 1472 5707 τήν
1528 5638 1825 5713 παρουσίαν
1854 5641 1952 5693 τοῦ
1977 5639 2108 5713 Χρι-

457 5729 606 5800 στοῦ,
656 5727 736 5791 ὡς
789 5728 1141 5802 νομομαθὴς,
1188 5731 1287 5784 τοῦ
1343 5728 1469 5804 παρ’
1518 5726 1737 5785 ἐκείνων
1809 5726 2109 5805 λεγομένου

2218 4701 2397 4755 vitam
2423 4694 3128 4767 suscepisset,episcopus
3158 4686 3877 4762 Anastasiopolisordina-

2220 4794 2315 4844 tus
2343 4786 2711 4842 estDemum
2742 4799 2877 4839 cum
2903 4782 3061 4854 apud
3093 4783 3503 4853 imperatores,
3540 4795 3606 4834 ac
3633 4777 3872 4833 univer-

2221 4894 2353 4935 sum
2404 4882 2698 4932 terrarum
2745 4872 2950 4929 orbem
2996 4871 3270 4943 plurimis
3321 4869 3497 4924 editis
3564 4866 3872 4923 miraculis

2219 4966 2471 5024 celebris
2502 4963 2804 5026 evasisset,
2838 4962 2900 5016 in
2927 4977 3071 5033 pace
3102 4959 3177 5014 ad
3204 4958 3523 5013 Dominum
3574 4956 3866 5029 migravit.

2398 5075 2463 5129 Et
2492 5072 2760 5126 memoria
2786 5068 2965 5125 sancti
3020 5066 3258 5138 apostoli
3307 5066 3689 5120 Nathanaelis.

2292 5178 2619 5237 Nathanael
2642 5177 2855 5232 Christi
2886 5176 3114 5231 amicus
3141 5180 3199 5229 et
3218 5172 3525 5245 apostolus
3548 5172 3659 5227 fuit
3679 5189 3749 5227 ex
3762 5174 3868 5227 Ca«

2221 5292 2298 5331 na
2327 5274 2560 5329 civitate
2610 5269 2887 5336 Galilaaae,
2920 5267 3021 5322 ubi
3052 5267 3320 5321 Christus
3353 5266 3508 5320 Deus
3567 5271 3769 5319 noster
3799 5261 3873 5317 ad

2221 5368 2462 5436 nuptias
2484 5365 2723 5415 vocatus
2745 5374 2865 5414 una
2882 5374 3013 5412 cum
3035 5358 3387 5411 intemerata
3414 5356 3543 5426 ejus
3556 5354 3871 5418 Genitrice,

2222 5460 2282 5509 et
2311 5451 2495 5508 sacris
2553 5447 2885 5519 discipulis,
2936 5446 3195 5517 primum
3249 5444 3439 5499 edidit
3491 5441 3869 5508 miraculum,

2220 5558 2439 5615 aquam
2468 5540 2531 5594 in
2562 5538 2764 5592 vinum
2789 5534 3556 5607 convertens.Exspectabat
3586 5537 3784 5586 autem
3816 5533 3875 5582 et

2219 5637 2371 5709 ipse,
2405 5627 2563 5702 quod
2593 5627 2740 5699 legis
2770 5625 2998 5698 peritus
3058 5629 3235 5688 esset,
3292 5621 3615 5677 adventum
3643 5616 3858 5673 Christi

2222 5725 2325 5798 qui
2383 5718 2541 5793 apud
2593 5717 2756 5790 ipsos
2806 5716 3048 5772 Messias
3108 5711 3436 5768 dicebatur.
3487 5711 3675 5775 Quare
3738 5720 3873 5760 eum

4052 86 4057 215 ι

4046 280 4057 529 j

4048 550 4057 737 ι

4050 696 4057 877 κ

4046 1064 4057 1395 3

4052 1600 4057 1777 ι

4052 1894 4057 2005 ι

4054 2056 4057 2149 ί
