4104 6196
282 383 405 444 419
1618 378 1917 442 MENOLG

2040 377 2050 439 ί
2095 377 2290 440 PARS
2335 378 2445 441 Ill.
3585 385 3704 447 420

286 518 350 574 in
382 534 519 575 eum
550 517 859 574 incidisset
908 514 1221 587 Philippus
1274 515 1601 587 apostolus,
1658 516 1760 587 qui
1816 529 1917 570 era

2054 512 2279 569 Μεσσία.
2312 511 2502 588 Εὖρὼν
2546 512 2636 568 οὗν
2696 511 2854 568 αὐτὸν
2911 511 3193 578 Φίλιππος
3224 515 3253 570 6
3309 515 3619 580 ἀπόστολος
3674 521 3703 575 6

287 625 323 665 a
336 608 651 665 Bethsaida
664 608 894 662 civitate
914 610 1253 660 sanctorum
1266 605 1673 677 apostolorum
1686 603 1917 663 Audrea

2047 601 2155 655 ἀπὸ
2178 600 2480 672 Βηθσαῖδᾶ,
2538 602 2599 658 ἐκ
2650 609 2752 673 τῆς
2796 602 3015 667 πόλεως
3071 609 3179 659 τῶν
3239 604 3411 681 ἁγίων
3456 606 3701 664 ἀποστό-

286 704 347 754 et
375 698 855 768 Petri,sciretque
881 694 1099 750 Christi
1120 694 1437 750 adventum
1459 695 1531 751 ab
1548 695 1679 767 ipso
1693 710 1917 766 exspec-

2048 688 2160 746 λων
2197 688 2457 768 Ἀνδρέου
2477 691 2570 747 καὶ
2625 693 2853 769 Πέτρου,
2909 694 2984 756 ὡς
3048 695 3329 771 γινώσκων
3388 695 3471 751 ὅτι
3524 718 3696 773 προσ-

287 788 424 855 tari,
481 802 714 842 summa
744 800 880 840 cum
938 783 1146 839 laetitia
1202 784 1286 840 ait
1337 784 1424 839 illi
1457 784 1546 840 :0
1586 784 1934 851 Nathanael,

285 891 464 947 quem
493 874 732 947 scripsit
762 875 987 945 Moyses
1018 874 1079 928 in
1120 873 1272 946 lege,
1328 879 1387 929 et
1415 875 1741 947 prophetae,
1773 875 1934 929 inve-

284 965 487 1019 nimus
505 965 705 1019 Jesum
723 962 912 1018 ﬁlium
934 964 1188 1035 Josepha
1209 963 1932 1035 Nazaret.Abiensitaque,

2050 777 2267 855 δέχεται
2297 781 2398 850 τήν
2448 781 2747 858 παρουσίαν
2798 786 2897 838 τοῦ
2945 786 3207 857 Χριστοῦ,
3268 784 3403 857 μετὰ
3457 805 3697 862 περιχα-

2046 869 2194 943 ρείας
2226 872 2375 926 εἶπεν
2403 870 2574 944 αὐτῷ⁹
2607 873 2675 926 Ὠ
2704 870 3052 943 ,Ναθαναήλ,
3112 871 3169 928 6'v
3231 870 3431 950 ἔγραψε
3482 877 3700 947 Μωσῆς

2041 957 2093 1013 ἐν
2143 964 2225 1033 τῷ
2254 961 2427 1035 νόμῳ,
2485 960 2575 1017 καὶ
2634 961 2683 1016 οἷ
2747 965 3050 1040 προφῆται,
3110 962 3416 1039 εὑρήκαμεν
3482 966 3695 1037 Ἰησοῦν

283 1068 418 1107 cum
452 1051 752 1127 Christum
784 1050 1265 1123 vidisset,illique
1296 1050 1668 1123 credidisset,
1696 1057 1917 1129 secutus

2040 1046 2128 1101 τὸν
2179 1046 2294 1103 υἱὸν
2352 1049 2560 1127 Ἰωσὴφ
2615 1049 2731 1111 τὸν
2769 1048 2874 1105 ἀπὸ
2932 1050 3197 1126 Ναξαρὲτ.
3252 1050 3533 1108 Ἀπελθὼν
3590 1050 3689 1117 ,οῦν

285 1147 375 1197 est
405 1157 563 1197 eum.
592 1143 734 1196 Post
762 1140 923 1195 illius
945 1157 1080 1195 vero
1140 1141 1479 1212 passionem
1511 1147 1688 1213 atque
1718 1157 1928 1197 ascen-

285 1231 534 1300 sionem,
586 1228 918 1301 praedicans
967 1229 1165 1302 ipsum
1226 1231 1413 1287 Deum
1457 1246 1607 1299 esse,
1666 1230 1726 1285 in
1782 1246 1929 1302 pace

284 1320 558 1378 decessit.

836 1410 1078 1466 EODEM
1108 1411 1157 1464 Μ
1163 1410 1360 1465 ENSE.

791 1500 895 1555 Die
921 1500 1202 1567 vicesima
1220 1562 1225 1567 ι
1244 1500 1418 1556 tertia

348 1608 447 1664 68
482 1608 764 1663 Certamen
818 1610 994 1663 sancti
1048 1610 1244 1677 magni
1291 1610 1556 1677 martyris
1606 1609 1852 1678 Georgii.

355 1715 637 1786 Georgius
659 1712 875 1768 Christi
919 1718 1146 1785 martyr
1174 1713 1287 1767 fuit
1341 1698 1672 1784 imperante
1705 1714 1928 1769 Diocle-

2036 1134 2126 1189 καὶ
2159 1133 2289 1191 ἰδὼν
2334 1138 2425 1193 τὸν
2485 1139 2737 1212 Χριστὸν,
2794 1140 2886 1195 καὶ
2925 1139 3215 1202 πιστεύσας
3245 1138 3413 1213 αὐτῷ,
3444 1140 3693 1211 ἠκολού-

2038 1234 2116 1287 θει
2158 1224 2329 1299 αὐτῷ.
2363 1226 2465 1284 Καὶ
2499 1227 2634 1301 μετᾶ
2662 1228 2725 1282 τὸ
2741 1229 2913 1293 πάθος
2942 1227 3106 1283 αὐτοῦ
3136 1226 3227 1284 καὶ
3250 1228 3356 1298 ,τήν
3382 1227 3687 1306 ἀνάληψιν,

2035 1313 2321 1391 κηρύττων
2347 1314 2508 1373 αὐτὸν
2540 1316 2614 1381 ὡς
2647 1317 2799 1387 Θεὸν,
2829 1317 2881 1373 ἐν
2910 1317 3102 1395 εἰρήνη
3134 1316 3451 1391 ἐτελειώθη.

2586 1426 2767 1483 nam
2807 1429 2894 1504 To
2929 1427 3128 1502 Αγτᾳ.

2106 1602 2378 1672 ’Δθλησις
2413 1606 2511 1658 τοῦ
2565 1601 2725 1679 ἁγίου
2787 1517 3281 1680 ἓξάλομάρτυρος
3310 1604 3608 1681 Γεωργίου.

2107 1709 2403 1784 Γεώργιος-
2445 1710 2474 1764 6
2544 1713 2641 1764 τοῦ
2695 1711 2930 1784 Χριστοῦ
2992 1705 3218 1783 μᾶρτυς,
3273 1711 3492 1787 ὑπῆρχε
3581 1712 3682 1785 μὶν

279 1803 443 1858 tiano
474 1817 545 1856 ex
585 1802 823 1873 regione
854 1801 1259 1872 Cappadociae,
1291 1800 1509 1855 illustri
1558 1818 1797 1872 genere,
1857 1818 1917 1858 ac

2040 1796 2124 1853 ini
2157 1798 2548 1868 Διοκλητιανοῦ
2604 1802 2701 1853 τοῦ
2755 1797 3045 1872 βασιλέως,
3105 1798 3164 1853 ἐκ
3212 1805 3314 1869 τῆς
3373 1800 3565 1875 χώρας
3627 1797 3687 1856 δὶ

278 1891 563 1963 dignitate
608 1905 827 1944 comes.
883 1890 1304 1945 Persecutione
1374 1895 1573 1945 autem
1642 1890 1917 1947 adversus

2041 1884 2460 1953 Καππαδοκίας,
2517 1882 2708 1961 γένους
2785 1884 3023 1957 ἂνδόξου,
3080 1886 3262 1957 κότὶης
3335 1888 3438 1956 τήν
3511 1888 3686 1959 ἀξίαν.

282 1979 650 2035 Christianos
664 1977 1079 2048 excitata,cum
1112 1977 1199 2031 illi
1215 1976 1424 2033 diebus
1441 1979 1691 2051 singulis
1710 1986 1917 2035 macta-

2040 1979 2300 2050 Διωγμοῦ
2331 1972 2389 2030 δὲ
2417 1969 2597 2045 ἔντος,
2628 1974 2718 2030 καὶ
2771 1980 2883 2031 τῶν
2936 1977 3275 2050 Χριστιανῶν
3305 1977 3427 2040 καθ’
3454 1974 3688 2047 ἑκάστην

279 2066 643 2138 rentur,ipse
661 2082 862 2121 coram
886 2072 1137 2137 tyranno
1161 2065 1456 2138 intrepide
1482 2083 1545 2122 se
1561 2067 1917 2135 sistens,eun

2040 2064 2250 2140 ἡμέραν
2338 2064 2740 2142 φονευομένων,
2807 2063 2968 2127 αὐτὸς
3045 2065 3254 2127 σταθεὶς
3311 2064 3542 2120 ἐνώπιον
3588 2068 3689 2119 τοῦ

276 2158 595 2232 redarguit.
660 2157 884 2213 Idcirco
917 2157 1118 2212 hastili
1151 2158 1213 2212 in
1270 2165 1472 2214 ventre
1504 2175 1841 2230 percussus,
1873 2166 1917 2214 e1

2040 2155 2318 2227 τυράννου,
2349 2151 2575 2229 ἤλεγξεν
2609 2153 2789 2210 αὐτόν.
2823 2153 2922 2208 Διὰ
2940 2157 3109 2210 τοῦτο
3145 2153 3279 2227 μετᾶ
3333 2158 3431 2210 τοῦ
3486 2174 3689 2209 κοντα-

273 2254 419 2303 rotm
442 2248 631 2304 acutis
647 2246 913 2317 undique
934 2246 1143 2301 ferreis
1158 2246 1567 2319 circumseptus
1584 2247 1930 2320 cuspidibus

276 2338 576 2411 alligatus,
608 2352 863 2409 superne
895 2336 1200 2391 exsolutus
1230 2336 1362 2391 fuit.
1411 2337 1633 2392 Deinde
1656 2337 1717 2392 in
1738 2338 1929 2393 frusta

274 2426 813 2492 dissectus,iterum
845 2425 1166 2480 incolumis
1189 2425 1398 2479 evasit:
1424 2431 1602 2496 atque
1626 2427 1927 2498 insperato

276 2517 701 2589 imperatorem
735 2516 1118 2581 conveniens,
1151 2515 1373 2570 multos
1403 2515 1479 2570 ad
1506 2517 1721 2571 Christi
1746 2518 1925 2573 fidem

277 2605 753 2676 amplectendam
794 2604 1048 2660 induxit.
1082 2604 1349 2659 Posthayc
1388 2604 1563 2660 variis
1614 2607 1925 2661 tormentis

272 2695 491 2751 iterum
524 2694 916 2760 excruciatus,
940 2694 1275 2765 Magnentio
1298 2694 1531 2765 signum
1564 2694 1805 2766 aliquod
1824 2712 1920 2751 ex-

2037 2243 2155 2318 ρίου
2182 2242 2282 2312 τὴν
2309 2244 2541 2319 γαστὲρα
2592 2240 2955 2317 διατέμνεται,
3012 2242 3103 2298 καὶ
3159 2242 3212 2299 ἐν
3268 2247 3461 2320 τροχῷ
3486 2236 3491 2267 ί
3517 2240 3693 2307 δεθείς

2032 2334 2293 2396 πάντοθεν
2352 2329 2539 2407 ἔχοντι
2595 2330 2795 2408 σιδηρᾶ
2839 2331 3159 2405 ἠκονημένα
3212 2333 3684 2408 προσηρμοσμένα

2031 2422 2168 2476 κατᾶ
2229 2425 2328 2476 τοῦ
2401 2425 2755 2497 κατωφεροῦς
2837 2420 3107 2491 ἀπελύθη,
3180 2421 3274 2476 καὶ
3356 2423 3689 2486 κατακοπεὶς

2032 2508 2199 2564 πάλιν
2236 2510 2438 2586 ὑγίανε,
2470 2508 2561 2564 καὶ
2586 2508 2953 2585 ἐμφανισθεὶς
3006 2508 3349 2572 ἀνελπίστως
3404 2509 3485 2582 τῷ
3527 2510 3681 2586 βασι-

2032 2596 2141 2668 λεῖ,
2170 2597 2422 2660 πολλοὺς
2451 2596 2632 2655 ἔπεισε
2685 2602 2967 2654 πιστεῦσαι
3013 2603 3095 2671 τῷ
3141 2603 3379 2673 Χριστῷ.
3414 2602 3518 2655 Καὶ
3579 2600 3686 2654 πά-

2030 2686 2117 2744 λιν
2146 2688 2480 2764 τιμωρηθεὶς
2538 2684 2838 2765 διαφόρως,
2894 2692 2994 2743 τοῦ
3048 2688 3392 2765 Μαγνεντίου
3450 2693 3681 2763 σημεῖον

270 2788 576 2857 poscente,
610 2784 801 2838 virum
824 2782 1164 2853 quemdam,
1199 2783 1299 2853 qui
1332 2783 1503 2856 longe
1544 2791 1721 2841 antea
1748 2802 1917 2841 mor-

2040 2774 2457 2847 ἒπιζητήσαντος
2493 2819 2508 2845 ,
2565 2772 2828 2847 ἀνέστησε
2882 2778 3069 2852 νεκρὸν
3130 2777 3239 2853 πρὸ
3320 2774 3539 2833 πολλοῦ
3592 2799 3687 2833 τε-

270 2878 408 2928 tuus
465 2872 679 2940 fuerat,
730 2870 805 2927 ad
850 2870 1029 2925 vitam
1078 2872 1386 2927 revocavit.
1451 2873 1617 2927 Unde
1640 2874 1917 2928 similiter

2040 2865 2284 2936 ὶνηκότα,
2316 2868 2407 2921 καὶ
2432 2863 2598 2921 πάλιν
2657 2866 2977 2923 ἐπίστευσαν
3024 2865 3253 2937 πολλοὶ,
3286 2865 3339 2922 ἐν
3371 2869 3455 2929 οἷς
3480 2866 3547 2935 ἦν
3585 2866 3676 2922 καὶ

265 2962 470 3033 plures
493 2961 724 3015 Christo
769 2975 989 3015 nomen
1030 2958 1343 3031 dederunt,
1399 2961 1557 3017 inter
1601 2979 1752 3033 quos
1805 2963 1917 3019 fuit

2040 2954 2341 3030 Γλυκέριος,
2375 2955 2437 3010 οὗ
2465 2956 2558 3011 τὸν
2588 2956 2716 3031 βοῦν
2763 2955 2992 3012 θανόντα
3051 2957 3079 3011 6
3131 2957 3282 3031 ἅγιος
3310 2956 3553 3032 ἤγειρεν,
3613 2955 3675 3018 ὅς

264 3049 507 3121 quidam
538 3050 779 3105 nomine
806 3048 1132 3121 Glycerius,
1165 3050 1339 3121 cujus
1370 3056 1673 3106 mortuum
1703 3051 1915 3108 bovem

2040 3044 2110 3099 ιαὶ
2139 3044 2568 3116 ἆπεκεφαλίσθη’
2593 3044 2964 3122 καταστρέψας
2995 3044 3053 3102 δὲ
3120 3043 3211 3101 διὰ
3241 3045 3554 3122 πρόσευχῆς
3613 3044 3682 3102 τὰ

260 3144 501 3195 sanctus
527 3138 807 3209 Georgius
835 3138 967 3192 vita:
992 3138 1335 3193 restituerat
1376 3138 1478 3208 qui
1515 3140 1694 3195 etiam
1723 3143 1914 3213 capite

2040 3130 2243 3206 ίδωλα,
2278 3133 2416 3211 ξίφει
2445 3135 2546 3203 τὴν
2576 3133 2820 3212 κεφαλὴν
2852 3135 3163 3209 ἀπετμήθη.

256 3232 467 3303 plexus
501 3236 610 3288 est.
635 3231 753 3303 Ipsi
786 3247 921 3285 vero
950 3236 1153 3286 sancto
1178 3232 1585 3304 Georgio,cum
1609 3232 1767 3289 idola
1778 3252 1915 3306 pre-
1941 3258 1988 3324 ο

251 3324 419 3381 cibus
452 3324 856 3390 subvertisset,
893 3321 1089 3394 gladio
1147 3329 1326 3395 caput
1355 3329 1727 3395 amputatum
1769 3326 1902 3382 fuit.

820 3434 1063 3489 EODEM
1086 3433 1339 3489 MENSE.

2565 3460 2748 3517 MHNI
2779 3461 2865 3516 ΤΩ
2896 3461 3097 3517 ΑΥΊὮ.

751 3522 855 3578 Die
884 3521 1171 3578 vicesima
1192 3526 1405 3593 quarta
2771 3547 2886 3604 ΚΔ..

245 3631 529 3687 Certamen
568 3635 883 3686 sanctorum
910 3635 1221 3755 marttyram
1268 3630 1654 3689 Pasieratiset
1697 3632 1901 3689 Valen-

1058 3717 1157 3755 zni.

2078 3645 2343 3715 Ἀθλησις
2373 3648 2482 3700 τῶν
2542 3643 2735 3774 ἁγὲυνλ
2758 3644 3046 3771 μαρτύρων
3077 3643 3449 3719 Πασικράτους
3496 3646 3588 3700 καὶ

2665 3738 2698 3771 α
2740 3736 2829 3771 εντ
2854 3736 2971 3773 νου.

1144 3741 1157 3754 ⁶
2620 3737 2971 3773 ῠαΛεντινου.

290 3811 595 3880 Martyres
627 3806 841 3863 Christi
873 3806 1205 3863 Pasicrates
1221 3811 1280 3860 et
1294 3805 1641 3862 Valentinus
1656 3808 1900 3869 fuerunt

240 3917 313 3957 ex
343 3900 575 3955 civitate
600 3896 912 3953 Dorostolo
934 3896 996 3951 in
1019 3896 1610 3964 Macedonia,milites
1630 3900 1894 3970 quidem,

242 3991 348 4047 sed
367 3995 567 4047 tamen
588 3987 1103 4045 Christiani.Unde
1118 4004 1249 4077 cum
1273 3987 1544 4044 viderent
1559 3989 1630 4045 ab
1645 3989 1893 4048 idolola-

2040 3987 2821 4077 ζαππαδοκίαςί-στρατιῶται
2883 4001 2979 4075 μὲν
3067 3987 3255 4070 ὄντες,
3340 4000 3657 4075 Χριστιανοί

240 4081 348 4137 tris
377 4080 610 4154 lapides
641 4078 842 4136 animo
875 4083 1147 4135 carentes
1180 4076 1438 4145 adorari,
1469 4078 1593 4133 zelo
1616 4082 1893 4136 commoti

2040 4092 2082 4148 ἐ.
2115 4093 2455 4165 Θεωροῦντες
2483 4076 2575 4145 οῦν
2630 4089 2759 4154 τοὺς
2812 4088 3220 4166 είδωλολάτρας
3282 4088 3461 4153 λίθοις
3491 4110 3662 4165 προσ-

239 4171 435 4245 palam
468 4188 537 4227 ac
568 4170 753 4226 libere
775 4169 1069 4224 Christum
1096 4166 1290 4223 solum
1334 4167 1517 4223 Deum
1548 4183 1700 4235 esse,
1735 4168 1896 4226 idola

2040 4182 2295 4241 υνοῦντας
2346 4178 2618 4255 ἀψύχοις,
2677 4178 2961 4250 ἐζήλωσαν
2993 4222 3009 4247 ,
3080 4178 3171 4234 καὶ
3229 4176 3508 4255 παρῤησίᾳ
3561 4180 3656 4234 τὸν

237 4278 374 4317 vero
398 4277 494 4317 res
529 4277 657 4317 esse
690 4257 887 4315 omnis
910 4272 1122 4314 sensus
1146 4256 1700 4328 expertes,professi
1732 4266 1889 4317 sunt.

2040 4270 2229 4340 ἶριστὸν
2262 4268 2394 4324 Θεὸν
2428 4270 2561 4323 εἶναι
2597 4268 2975 4345 ὡμαλόγησαν
3036 4268 3223 4342 μόνον,
3279 4268 3348 4323 τὰ
3405 4264 3464 4322 δὲ
3493 4265 3658 4322 εἴδω-

238 4355 667 4427 Comprehensi
698 4351 970 4426 proinde,
994 4366 1194 4405 coram
1224 4349 1477 4421 praeside
1499 4350 1738 4407 adducti
1761 4351 1889 4408 fue-

2040 4380 2069 4413 α
2117 4360 2334 4433 ἄψυχον
2388 4357 2551 4429 ὕλην.
2615 4359 2991 4434 Κρατηθὲντες
3050 4355 3142 4413 οῦν
3196 4354 3451 4432 ἤχθησαν
3511 4358 3654 4433 πρὸς

236 4449 414 4499 runt:
450 4443 727 4515 idoloque
760 4439 1054 4512 Apollinis
1080 4440 1166 4494 eis
1198 4438 1564 4502 exhibito,ut
1592 4438 1679 4495 illi
1706 4442 1885 4496 sacri-

2040 4449 2085 4503 ὃν
2144 4448 2431 4522 ἡγεμόνα,
2485 4447 2575 4503 καὶ
2637 4444 3059 4523 ὑποδειχθέντος
3109 4450 3206 4501 τοῦ
3265 4443 3499 4501 είδώλου
3555 4450 3654 4501 τοῦ

237 4531 509 4598 ficarent,
570 4546 817 4587 currens
852 4528 1182 4584 Pasicrates
1227 4528 1290 4582 in
1322 4527 1471 4582 illud
1502 4530 1754 4599 exspuit.
1794 4534 1885 4585 At

2040 4536 2376 4608 Ἀπόλλωνος,
2431 4534 2525 4592 ’ίνα
2609 4537 2834 4607 θύσωσι,
2918 4534 3144 4610 δραμὼν
3214 4536 3241 4590 ὁ
3300 4535 3651 4610 Πασικράτης

238 4621 661 4678 ἃοοθάοῐιεθθ
685 4620 758 4675 ad
789 4618 1445 4675 eumdemPasicratem
1476 4618 1666 4689 ipsius
1684 4619 1895 4692 frater,-

2040 4627 2278 4681 νέπτυσεν
2312 4626 2389 4687 είς
2441 4620 2624 4683 αὐτόν.
2660 4627 2760 4683 Καὶ
2816 4624 3135 4699 προσελθὼν
3192 4624 3343 4697 αὐτῷ
3398 4628 3478 4697 τῷ
3533 4629 3650 4679 Πα-

236 4714 337 4786 qui
351 4713 528 4786 paulo
559 4718 697 4769 ante
722 4717 1156 4777 tormentorum
1174 4716 1334 4766 metu
1359 4727 1394 4766 a
1414 4711 1645 4767 Christo
1667 4711 1891 4769 defece-

2040 4717 2241 4795 ικράτει
2272 4718 2299 4773 6
2333 4714 2566 4796 ἀδελφὸς
2623 4716 2809 4788 αὐτοῦ,
2869 4718 2897 4772 ὁ
2954 4717 3060 4790 πρὸ
3121 4719 3320 4793 μικροῦ
3362 4712 3451 4770 διὰ
3482 4709 3654 4794 φόϐον

233 4812 347 4877 rat,
379 4806 432 4862 ei
465 4806 715 4863 suadere
746 4805 1097 4872 conabatur,
1130 4810 1197 4860 ut
1251 4803 1548 4874 adoraret,
1584 4809 1762 4877 atque
1805 4806 1889 4863 ita

2040 4807 2089 4863 ὃν
2146 4806 2379 4881 Χριστὸν
2436 4804 2838 4881 ἀρνησάμενος,
2900 4803 3257 4861 συνεϐούλευε
3314 4808 3495 4876 θῦσαι,
3558 4803 3651 4859 καὶ

237 4905 539 4957 tormenta
571 4901 835 4956 evitaret.
879 4900 985 4954 Ille
1035 4914 1171 4954 vero
1229 4896 1473 4953 fratrem
1505 4898 1747 4969 repulit,
1778 4916 1887 4955 sua

2040 4894 2391 4971 παλλαγῆναι
2449 4899 2560 4951 τῶν
2626 4896 2895 4972 βασανων.
2925 4896 2987 4952 Ὀ
3017 4892 3074 4949 δὲ
3099 4893 3356 4949 ἀπώσατο
3387 4891 3651 4971 ἀδελφὸν,

1997 4985 2213 5056 ἀνάξιον
2250 4984 2406 5040 αὐτὸν
2441 4985 2610 5040 εἰπὼν
2634 4991 2737 5055 τῆς
2759 4984 2924 5040 αὐτοῦ
2956 4983 3279 5060 συγγενείας.
3308 4983 3651 5060 Ἑρωτηθὲν-

2078 3824 2146 3881 Οἱ
2197 3828 2296 3879 τοῦ
2354 3827 2590 3900 Χριστοῦ
2651 3825 2919 3901 μάρτυρες
2973 3822 3317 3898 Πασικράτης
3395 3822 3487 3878 καὶ
3545 3825 3657 3881 Βα-

2005 3912 2248 3975 λεντῖνος
2282 3914 2535 3990 ὑπῆρχον
2591 3912 2650 3968 ἐκ
2701 3919 2803 3983 τῆς
2858 3911 3079 3976 πόλεως
3134 3910 3495 3988 Δωροστόλου
3550 3919 3653 3983 τῆς

234 4988 590 5062 cognatione
617 5004 753 5044 eum
786 4986 1097 5061 indignum
1128 4985 1460 5057 appellans.
1490 4986 1885 5059 Interrogatus

232 5078 448 5135 deinde
472 5084 714 5135 sanctus
739 5077 1111 5146 Valentinus,
1145 5073 1354 5131 eadem
1406 5091 1542 5131 cum
1584 5076 1883 5133 Pasicrate

2040 5096 2087 5137 ις
2120 5072 2177 5130 δὲ
2205 5077 2301 5130 τοῦ
2333 5072 2495 5148 ἁγίου
2528 5072 2882 5145 Βαλεντίνου,
2906 5072 2994 5129 καὶ
3022 5073 3091 5128 τά
3119 5070 3288 5146 ὅμοια
3316 5077 3535 5150 φρονεῖν
3565 5077 3646 5145 τῷ

232 5168 453 5225 sentire
485 5185 547 5224 se
579 5167 921 5240 respondit:
948 5183 1015 5221 ac
1032 5162 1283 5237 proinde
1303 5163 1479 5220 ambo
1503 5180 1737 5223 summa
1749 5183 1881 5222 cum

2042 5165 2316 5237 ασικράτει
2373 5161 2644 5232 εἰπόντος,
2721 5163 3026 5242 ἀμφότεροι
3083 5162 3178 5226 τὰς
3234 5162 3421 5235 τιμίας
3474 5161 3651 5218 αὐτῶν

227 5258 435 5314 laetitia
462 5257 743 5331 pretiosis
774 5255 1065 5328 capitibus
1124 5254 1280 5327 plexi
1305 5260 1466 5319 sunt,
1500 5272 1634 5310 cum
1668 5261 1725 5310 et
1754 5256 1885 5327 ipsa

2040 5253 2228 5333 ιφαλὰς
2257 5254 2547 5331 χαίροντες
2607 5256 3020 5330 ἀπετμήθησαν,
3077 5260 3180 5323 τῆς
3236 5254 3446 5331 μητρὸς
3479 5256 3651 5313 Πασι-

225 5346 541 5402 Pasicratis
573 5351 765 5401 mater
794 5359 1058 5415 praesens
1091 5346 1267 5405 esset,
1300 5341 1610 5411 liliumque
1633 5341 1707 5397 ad
1731 5359 1881 5398 mar-

2040 5345 2219 5407 ›άτους
2252 5343 2541 5420 παρούσης
2590 5346 2683 5401 καὶ
2742 5346 3270 5423 προθυμοποιούσης
3327 5344 3487 5401 αὐτὸν
3510 5344 3649 5421 πρὸς

226 5436 448 5507 tyrium
472 5434 761 5501 alacriter
788 5429 1165 5487 subeundum
1192 5430 1631 5489 adhortaretur.

2040 5455 2048 5485 ι
2084 5432 2405 5509 μαρτύριον.

290 5543 358 5598 Ει
385 5548 657 5601 certamen
683 5540 863 5598 sancti
893 5539 1162 5621 martyris
1182 5538 1430 5606 Eusebii,
1464 5544 1515 5603 et
1535 5540 1806 5599 sociorum

971 5627 1112 5681 ejus.

289 5714 432 5772 Post
483 5716 739 5793 mortem
789 5710 979 5768 sancti
1037 5709 1238 5784 magni
1297 5708 1578 5783 martyris
1620 5711 1874 5789 Georgii,

2057 5550 2160 5605 Καὶ
2191 5550 2424 5624 ἄθλησις
2480 5557 2578 5610 τοῦ
2622 5553 3110 5630 ἁγίουμμάρτ-υρος
3158 5546 3450 5624 Εὗσεῦίου,
3482 5551 3572 5608 καὶ

2506 5632 2607 5697 τῆς
2650 5623 2897 5691 συνοδίας
2915 5623 3113 5687 ἀύτοῦ.

2056 5719 2215 5781 Μετᾶ
2242 5719 2507 5795 τελευτὴν
2548 5728 2665 5787 τοῦ
2722 5724 2881 5803 ἁγίου
2923 5723 3412 5803 μεγαλομάρτυρος
3463 5728 3647 5800 Γεωρ-
