4086 6204
368 304 483 363 421

1935 302 2275 389 APRILIS.

3664 320 3784 379 422

375 439 502 515 γίου
593 436 913 514 προσέταξεν
1009 438 1037 494 ὃ
1095 435 1487 510 Διοκλητιανὸς
1567 442 1665 494 τοῦ
1743 437 2015 495 πανταχοῖ

2138 442 2421 515 praecepit
2452 443 2953 513 Diocletianus,ut
2983 448 3320 520 omnes,qui
3351 448 3574 522 ubique
3600 454 3788 508 terra-

376 524 800 600 εὖρισκομένους
881 526 1257 602 Χριστιανοὺς,
1316 527 1405 582 καὶ
1476 525 1714 600 μάλιστα
1766 527 1892 589 τοὺς
1952 523 2020 580 δι’

372 613 533 669 αὐτὸν
596 618 671 677 είς
727 615 970 689 φυλακὰς
1030 613 1575 685 ἆποκλεισθέντας,ἤ
1634 615 1857 677 θύοντας
1908 620 2023 677 τοῖς

368 700 753 777 ψευδωνύμως
786 709 929 768 θεοῖς
961 704 1327 775 ἀπολυθῆναι,
1372 705 1462 759 καὶ
1495 700 1790 778 διατρίϐειν
1827 704 1879 760 ἐν
1906 711 2024 769 τοῖς

369 799 558 865 ζῶσιν,
591 793 628 865 ἢ
663 796 740 869 μὴ
770 799 934 850 τοῦτο
978 798 1271 859 ποιοῦντας
1333 794 1577 872 ἰσχυρῶς
1614 793 2021 870 βασανίζεσθαι,

366 884 460 940 καὶ
542 883 855 940 τελευταῖον
914 888 983 959 τῇ
1065 889 1161 939 τοῦ
1247 886 1478 950 θανάτου
1562 886 2020 960 παραπέμπεσθαι

368 975 565 1051 ψήφῳ.
600 973 749 1029 Ἐπεὶ
781 971 839 1029 δὲ
893 974 983 1030 καὶ
1042 973 1191 1029 οὗτοι
1253 975 1305 1029 οἱ
1384 976 1531 1050 ἅγιοι
1609 975 1676 1029 τὰ
1727 973 1873 1050 παρὰ
1927 977 2025 1029 τοῦ

372 1062 868 1138 μεγαλομᾶρτυρος
925 1063 1195 1141 Γεωργίου
1254 1064 1520 1140 γεγονότα
1588 1062 1837 1136 θαύματα
1899 1073 2021 1127 θεα-

332 1153 616 1225 σάμενοι,
691 1151 781 1207 καὶ
866 1154 1085 1227 Χριστῴ
1182 1153 1583 1221 πιστεύσαντες,
1646 1151 1722 1217 εἰς
1772 1150 2022 1229 φυλακὴν

358 1242 820 1313 ἀπεκλείσθησαν⁹
866 1244 955 1296 καί
1008 1249 1107 1312 τῆς
1155 1241 1401 1321 φυλακῆς
1434 1241 1767 1316 ἐξελθόντες,
1797 1243 1886 1297 καὶ
1945 1247 2025 1315 τῷ

355 1332 612 1407 τυράννῳ
641 1333 1028 1407 παραστάντες,
1086 1332 1455 1407 ἠναγκᾶίζοντο
1515 1332 1846 1407 ἀρνήσασθαι
1919 1331 2018 1404 μὶν

361 1421 459 1476 τὸν
486 1420 749 1495 Χριστὸν,
781 1422 935 1475 θῦσαι
970 1417 1027 1475 δὶ
1072 1426 1194 1482 τοῖς
1242 1418 1518 1483 εἰδώλοιςο
1569 1419 1659 1475 καὶ
1721 1419 1819 1475 οὐκ
1875 1419 2022 1476 ἐπεί-

368 1512 602 1581 σθησανο
662 1514 879 1585 πρῶτον
959 1511 1060 1583 μὲν
1110 1511 1486 1587 γυμνωθέντες
1552 1509 1861 1583 ἒξὲσθησαν,
1917 1506 2024 1574 ἕως

364 1600 427 1653 αἱ
457 1600 652 1674 σάρκες
683 1598 860 1654 αὐτῶν
905 1598 992 1654 ἐπὶ
1048 1600 1149 1669 τήν
1205 1604 1309 1676 γῆν
1357 1596 1734 1676 κατέρῤευσαν.
1795 1599 2024 1654 Ἔπειτα

362 1690 763 1764 κρεμασθέντες
848 1690 1151 1767 ἔτύφθησαν
1233 1686 1488 1767 ἀφειδῶς,
1551 1687 1748 1763 μέχρις
1812 1687 1874 1743 οὗ
1954 1688 2023 1744 τὰ

2134 549 2261 587 rum
2293 534 2610 591 Christiani
2655 536 3098 603 invenirentur,
3133 554 3200 593 ac
3230 539 3648 610 praesertimii,
3684 543 3785 613 qui

2133 631 2378 697 propter
2406 629 2601 699 ipsum
2633 635 2909 685 sanctum
2942 630 3256 703 Georgium
3296 632 3356 686 in
3387 650 3654 689 carceres
3685 634 3785 689 de-

2134 722 2283 775 trusi
2322 720 2577 787 fuerant,
2611 722 2701 777 vel
2731 723 2902 778 falsis
2928 723 3043 778 diis
3077 724 3501 791 sacriﬁcantes,
3531 743 3561 781 e
3590 728 3789 783 vincu-

2134 808 2209 863 lis
2240 810 2730 876 liberarentur,et
2760 812 3090 867 incolumes
3114 812 3558 869 dimitterentur
3580 817 3787 882 ;aut,si

2135 898 2195 952 id
2209 905 2492 969 prmstare
2511 900 3205 966 recusarent,crudeliter
3216 902 3472 972 primum
3494 905 3788 960 excrucia-

2136 993 2438 1056 rentur,ac
2461 988 2701 1044 demum
2723 990 2932 1045 mortis
2945 1006 3119 1062 paena
3140 990 3788 1063 damnarenturJdcir—

2138 1094 2204 1133 co
2237 1078 2298 1133 hi
2330 1078 2519 1135 sancti
2551 1080 2680 1148 viri,
2714 1080 2813 1151 qui
2846 1097 2980 1135 cum
3013 1079 3169 1135 edita
3199 1098 3232 1136 a
3290 1098 3497 1154 magno
3528 1088 3787 1154 martyre

2139 1170 2382 1243 Georgio
2399 1170 2688 1227 miracula
2704 1171 3075 1240 vidissent,et
3098 1171 3160 1226 in
3182 1171 3476 1228 Christum
3498 1173 3785 1229 credidis-
3844 1198 3849 1203 λ

2136 1264 2288 1325 sent,
2317 1260 2379 1314 in
2411 1276 2710 1315 carcerem
2743 1260 2998 1331 conjecti
3054 1261 3312 1327 fuerant,
3368 1261 3505 1317 inde
3540 1264 3781 1334 egressi,

2136 1352 2192 1403 et
2221 1364 2421 1404 coram
2455 1354 2705 1422 tyranno
2732 1349 2993 1417 adducti,
3020 1349 3175 1420 jussi
3193 1355 3333 1403 sunt
3355 1350 3651 1407 Christum
3675 1353 3779 1408 ab-

2132 1453 2372 1512 negare,
2405 1444 2463 1494 et
2494 1438 2669 1494 idolis
2702 1439 3058 1494 sacrificare.
3092 1438 3237 1493 Cum
3268 1454 3405 1493 vero
3430 1456 3549 1495 non
3572 1458 3781 1497 assen-

2135 1517 2373 1595 sissent,
2426 1529 2685 1601 primum
2718 1528 2957 1601 quidem
3010 1527 3315 1595 denudati,
3350 1527 3560 1600 depexi
3623 1536 3782 1600 sunt,

2133 1634 2323 1688 usque
2355 1617 2495 1673 dum
2528 1634 2733 1674 eorum
2767 1634 2974 1674 carnes
3006 1618 3067 1672 in
3100 1618 3349 1673 humum
3393 1618 3736 1674 diffluerent
3770 1636 3783 1674 :

2135 1708 2350 1764 deinde
2385 1711 2970 1782 suspensi,atrociter
2992 1710 3280 1766 verberati
3306 1716 3783 1782 sunt,quousque

362 1779 666 1857 σπλάγχνα
695 1779 870 1836 αὐτῶν
906 1778 1098 1853 ἔξωθεν
1154 1779 1514 1857 ἀνεφάνησαν
1564 1779 1652 1832 καὶ
1716 1776 1873 1840 τέλος
1924 1778 2015 1840 τὰς

366 1870 522 1895 ε--λ-
558 1870 729 1895 ..1-9..
769 1870 1011 1895 ---μμῒιζ
1048 1870 1327 1895 2.-Α-.--1Αμ
1347 1890 1438 1895 -..η

2136 1814 2340 1853 eorum
2372 1798 2657 1855 intestina
2683 1804 3077 1872 apparerent:
3107 1816 3175 1855 ac
3206 1800 3449 1855 demum
3484 1801 3780 1879 sacrisca-

366 1870 523 1945 ἱερᾶς
556 1870 730 1925 αὐτῶν
768 1870 1011 1947 κεφαλὰς
1043 1870 1457 1943 ἀπετμήθησαν.

480 1994 580 2052 Καὶ
650 1997 846 2069 μνήμη
892 2000 991 2065 τῆς
1045 1992 1198 2057 ὁσίας
1254 1990 1537 2080 ’βλισάὅετ
1565 1999 1666 2063 τῆς
1699 2003 1913 2067 θαυμα-

1063 2086 1317 2143 τουργου.

434 2206 498 2261 Ἦ
556 2205 678 2261 ὁσία
730 2204 823 2260 καὶ
907 2205 1324 2280 θαυματουργὸς
1385 2198 1691 2273 Ἐλισάϐετ,
1774 2202 1836 2258 ἐκ
1892 2202 2020 2279 βρέ-

363 2315 506 2357 οους
532 2300 644 2351 τῶν
676 2294 842 2370 ἁγίων
886 2294 1140 2370 Πατὲρων
1192 2298 1312 2355 ταῖς
1361 2290 1739 2355 διδασκαλίαις
1783 2313 2017 2348 κατακο-

361 2383 707 2454 λουθήσασα,
769 2389 889 2448 τοῖς
946 2381 1006 2438 δὲ
1051 2387 1155 2449 τῆς
1213 2384 1493 2453 ἀσκήσεως
1567 2378 1757 2444 πόνοις
1822 2383 2017 2451 ἑαυτὴν

360 2469 643 2541 ἐξὲδωκενσ
698 2470 751 2541 ἐξ
813 2471 876 2525 οὗ
924 2472 1015 2525 καὶ
1083 2470 1247 2546 χάριν
1309 2464 1551 2526 λαϐοῦσα
1604 2474 1715 2525 τῶν
1748 2468 2015 2542 ἰαμάτων,

360 2566 599 2616 παντοῖα
639 2559 920 2635 θεραπεύει
978 2562 1289 2632 νοσήματα.
1330 2560 1465 2634 Εἶχε
1533 2557 1590 2615 δὲ
1620 2561 2020 2633 κατορθώματα

361 2648 577 2705 πολλά·
608 2654 849 2725 πτωχῶν
877 2652 978 2725 γὰρ
1010 2647 1337 2724 προίπατο,
1371 2651 1573 2725 χήραις
1635 2645 1863 2720 ἐϐοήθη,
1924 2650 2016 2722 ὀρ-

364 2745 559 2815 φανοῖς
616 2738 951 2813 ἐπεχορήγει
1006 2739 1235 2817 τροφὰς,
1322 2735 1717 2811 ἀδικουμένους
1777 2738 1836 2793 ἐκ
1905 2743 2013 2793 τῶν

360 2825 700 2883 ἀδικούντων
730 2826 925 2889 αὐτοὺς
955 2826 1193 2903 ἐρῥύετο.
1228 2829 1327 2884 Ἠν
1388 2825 1446 2881 δὲ
1501 2827 1673 2882 πάντα
1726 2828 1820 2882 τὸν
1877 2828 2018 2902 χρό-

360 2938 452 2972 νον
490 2918 827 2991 μονοχίτων,
856 2915 1358 2993 ταλαιπωρουμένη
1392 2916 1497 2971 ὑπὸ
1525 2920 1623 2971 τοῦ
1684 2916 1906 2991 κρύους,
1970 2915 2020 2970 εἷ’

354 3005 447 3061 καὶ
497 3011 579 3077 τῷ
635 3006 763 3079 θείῳ
817 3005 1083 3061 ἐθάλπετο
1144 3005 1439 3079 ῐινεύματι·
1492 3006 1555 3060 τὸ
1610 3003 1669 3060 δὲ
1723 3010 1884 3078 σῶμα
1927 3002 2018 3060 διὰ

354 3095 561 3157 παντὸς
587 3095 686 3151 τοῦ
722 3095 845 3170 βίου
878 3094 1048 3165 αὐτῆς
1075 3092 1228 3150 ὕδατι
1262 3094 1360 3150 οὐκ
1389 3090 1636 3150 ἔπλυνεψ
1692 3093 1841 3150 ἀλλά
1898 3096 2009 3165 καὶ,

356 3185 432 3246 ὡς
466 3186 496 3239 ὁ
530 3186 702 3259 μέγας
722 3157 961 3255 Μωσῆς,
994 3157 1397 3260 τεσσαράκοντα
1441 3181 1651 3259 ἡμέρας
1706 3157 2009 3255 ἐνήστευσε,
2050 3157 2093 3226 C

356 3274 436 3345 μὴ
494 3272 801 3348 γευσαμένη
854 3273 919 3327 τὸ
1003 3270 1256 3327 σύνολον·
1314 3271 1403 3327 καὶ
1464 3271 1552 3327 ἐπὶ
1617 3271 1792 3342 τρισὶν
1846 3270 2011 3343 ἓτεσι,

348 3366 472 3423 τοῖς
516 3361 614 3434 μὲν
664 3366 889 3431 νοητοῖς
949 3359 1262 3439 ὀφθαλμοῖς
1317 3361 1409 3415 τὸν
1472 3360 1524 3416 ἐν
1569 3361 1826 3435 οὐρανοῖς
1881 3361 2009 3415 Θεὸν

347 3445 570 3519 ἕϐλεπε,
601 3456 722 3512 τοῖς
752 3447 810 3505 δὲ
865 3455 1208 3523 σωματικοῖς
1265 3451 1356 3505 τὸν
1418 3449 1645 3520 οὐρανὸν
1702 3450 1802 3505 οὐκ
1856 3448 1998 3505 ἐθεᾶι

350 3561 505 3597 σατο.
540 3540 744 3614 Ἀρτου
780 3538 840 3593 οὗ
907 3533 1222 3611 μετέλαϐεν·
1285 3536 1481 3593 ἐλαίου·
1522 3538 1657 3593 ποτὶ
1706 3537 1805 3593 οὐκ
1860 3536 2009 3612 ἐγεύ-

353 3648 508 3684 σατο.
540 3626 697 3682 Οὕτω
738 3624 797 3681 δὲ
832 3628 1077 3702 βιώσασα
1102 3626 1194 3682 καὶ
1238 3628 1408 3701 μυρία
1461 3629 2011 3702 θαυματουργήσασα,

340 3715 647 3787 ἐτελείωθη
684 3715 739 3771 ἰν
773 3715 981 3792 Κυρίῳ.
1424 3720 1427 3721 ⁷

933 3946 1113 3999 MHNI
1139 3945 1223 3997 ΤΩ
1246 3942 1443 4001 ΛΥΤΩ.

1120 4053 1216 4109 ΚΕ

424 4164 708 4239 νΔθλησις
726 4169 827 4224 τοῦ
886 4164 1049 4241 ἁγίου
1066 4164 1392 4297 ὅποστόλου
1435 4163 1526 4221 καῖ
1559 4161 1945 4241 εὖαγγελιστου

1123 4257 1316 4297 αρκου.

1123 4257 1316 4311 αρκου.

431 4377 661 4453 Μάρκος
727 4377 756 4433 ὁ
812 4380 911 4433 τοῦ
966 4377 1205 4451 Χριστοῦ
1264 4378 1410 4438 θεῖος
1491 4371 1818 4442 ἀποστολος,
1882 4374 2019 4449 μετὰ

350 4468 457 4536 τὴν
492 4466 769 4540 ἀνάληψιν
793 4470 894 4522 τοῦ
948 4463 1146 4541 Κυρίου
1180 4467 1344 4537 ἡμῶν
1404 4465 1586 4532 Ἰησοῦ
1643 4466 1905 4539 Χριστοῦ,
1964 4463 2018 4519 ἐν

2131 1887 2352 1959 pitibus
2380 1887 2716 1945 obtruncati
2740 1887 2999 1943 fuerunt.

2205 2011 2303 2066 70
2332 2013 2403 2066 Et
2433 2012 2699 2066 memoria
2722 2016 2929 2066 sanctae
2966 2009 3207 2066 Elisabet
3259 2008 3702 2081 Thaumaturgae.

2202 2223 2414 2279 Sancta
2445 2227 2503 2278 et
2524 2223 2942 2296 thaumaturga
2970 2222 3233 2279 Elisabet
3262 2223 3334 2278 ab
3364 2223 3494 2295 ipsa
3522 2224 3777 2280 infantia

2129 2319 2470 2369 sanctorum
2528 2314 2770 2369 Patrum
2829 2311 3117 2367 doctrinis
3175 2312 3477 2380 obsecuta,
3515 2313 3774 2384 seipsam

2126 2403 2421 2476 religiosas
2453 2402 2896 2458 exercitationis
2935 2401 3240 2457 laboribus
3302 2401 3548 2459 addixit.
3611 2403 3773 2458 Unde

2128 2492 2376 2565 gratiam
2406 2490 2780 2547 curationum
2833 2490 3066 2562 adepta,
3100 2492 3512 2563 cujuscunque
3538 2492 3775 2563 generis

2126 2585 2363 2637 morbos
2394 2580 2844 2636 sanabat.Plura
2874 2586 3072 2636 autem
3099 2581 3215 2635 alia
3246 2574 3734 2652 prmclaregessit
3760 2596 3775 2635 :

2126 2672 2486 2746 pauperibus
2518 2673 2680 2728 enim
2709 2676 2925 2745 praesto
2954 2672 3066 2726 fuit
3094 2688 3107 2725 ε
3139 2672 3345 2726 viduas
3383 2671 3643 2741 adjuvit:
3678 2688 3776 2725 or-

2124 2765 2339 2835 phanis
2370 2764 2656 2818 alimenta
2686 2760 3198 2818 subministravit:
3232 2778 3333 2815 eos
3372 2760 3472 2832 qui
3522 2761 3776 2832 injurias

2124 2852 2523 2924 patiebantur,
2573 2852 2643 2907 ab
2689 2868 2896 2908 eorum
2952 2848 3408 2922 oppressoribus
3478 2849 3772 2905 liberavit.

2124 2943 2338 3008 Quovis
2368 2942 2547 2999 etiam
2577 2943 2719 2998 anni
2778 2947 3043 3013 tempore
3101 2956 3221 2996 una
3279 2940 3568 2995 duntaxat
3612 2945 3775 2994 veste

2124 3032 2353 3099 induta,
2376 3033 2613 3105 frigoris
2643 3032 2898 3104 rigorem
2921 3030 3226 3097 sustinuit,
3279 3028 3387 3084 etsi
3421 3028 3618 3083 divino
3642 3028 3773 3099 Spi-

2123 3121 2241 3175 ritu
2298 3121 2580 3176 fervebat.
2640 3123 2781 3175 Toto
2838 3120 2972 3174 vitae
3050 3118 3239 3189 spatio
3304 3134 3519 3188 corpus
3597 3134 3771 3172 suum

2125 3225 2282 3281 aqua
2301 3226 2609 3280 nunquam
2628 3208 2852 3264 abluit:
2885 3212 3053 3274 ac,ut
3084 3206 3227 3260 olim
3258 3221 3508 3276 magnus
3539 3206 3768 3275 Moyses

2120 3298 2760 3371 fecerat,quadraginta
2788 3296 2995 3351 diebus
3019 3296 3305 3367 jejunans
3325 3293 3397 3349 ab
3421 3293 3772 3364 omnipror-

2121 3405 2223 3443 sus
2243 3390 2372 3443 cibo
2401 3388 2707 3443 abstinuit.
2741 3386 2940 3441 Trium
2990 3400 3287 3439 annorum
3304 3383 3559 3438 decursu
3584 3383 3771 3438 Deum

2122 3477 2361 3548 quidem
2395 3477 2616 3532 mentis
2636 3476 2762 3531 acie
2790 3476 2850 3529 in
2874 3474 3021 3529 coelo
3080 3472 3297 3527 intuita
3327 3476 3433 3539 est,
3495 3473 3765 3543 corporis

2120 3583 2259 3621 vero
2292 3566 2482 3621 oculis
2513 3565 2721 3621 coelum
2750 3580 2872 3619 non
2894 3562 3139 3634 aspexit.
3167 3564 3325 3617 Pane
3353 3577 3473 3616 non
3492 3560 3767 3616 vesceba-

2122 3661 2217 3711 tur
2242 3655 2593 3726 :aliquando
2608 3654 2787 3709 etiam
2818 3668 2892 3708 ne
2919 3652 3118 3708 oleum
3142 3651 3382 3723 quidem
3396 3649 3765 3724 degustabat.

2119 3747 2265 3803 Cum
2296 3751 2493 3801 autem
2526 3745 2610 3800 sic
2638 3744 2973 3807 vixisset,ac
3002 3743 3320 3797 innumera
3339 3739 3630 3796 miracula
3648 3738 3773 3795 edi.

2119 3834 2323 3905 disset,
2358 3833 2720 3890 obdormivit
2754 3832 2816 3887 in
2852 3832 3120 3887 Domino.

2678 3957 2918 4014 EODEM
2959 3956 3209 4010 MENSE.

2628 4067 2729 4123 Die
2752 4066 3033 4122 vicesima
3063 4064 3273 4135 quinta

2227 4263 2508 4319 Ccrtamen
2531 4264 2707 4319 sancti
2735 4262 2970 4333 apostoli
3001 4267 3052 4315 et
3081 4257 3423 4330 evangelista
3464 4256 3657 4312 Marci.

2190 4382 2677 4449 Marcus,divinus
2711 4382 2921 4436 Christi
2954 4379 3282 4452 apostolus,
3312 4381 3447 4449 post
3467 4374 3767 4431 ascensio-

2120 4487 2259 4527 nem
2289 4472 2525 4528 Domini
2556 4470 2743 4527 nostri
2772 4471 2907 4525 Jesu
2962 4467 3203 4533 Christi,
3262 4467 3322 4520 in
3354 4470 3476 4520 tota
3505 4466 3768 4536 Egypto,

351 4558 599 4631 πάσῃτῇ
639 4555 918 4632 Αἰγύπτῳ,
973 4553 1067 4610 καὶ
1126 4549 1331 4627 Λιϐύῃ,
1383 4552 1472 4606 καὶ
1506 4552 1858 4624 Πενταπόλει,
1919 4552 2006 4609 ἐπὶ

2128 4560 2319 4632 Libya,
2355 4566 2413 4616 et
2452 4559 2785 4632 Pentapoli,
2839 4559 3174 4630 imperante
3225 4554 3455 4609 Tiberio
3516 4553 3769 4618 Caesare,

350 4653 455 4715 τῆς
492 4643 774 4721 βασιλείας
828 4639 1085 4719 Τιϐερίου
1119 4641 1409 4717 Καίσαρος,
1465 4641 1556 4696 τὸν
1616 4646 1713 4697 τοῦ
1771 4645 2011 4717 Χριστοῦ

353 4733 586 4809 ἐκήρυξε
618 4733 803 4808 λόγον.
855 4732 1235 4807 Συνεγράψατο
1294 4727 1354 4785 δὲ
1406 4729 1499 4785 καὶ
1552 4730 1616 4785 τὸ
1671 4732 1789 4787 κατ’
1847 4732 2007 4788 αὐτὸν

354 4825 516 4900 ἅγιον
542 4823 904 4900 Εὗαγγὲλιον,
966 4823 1171 4895 Πέτρου
1225 4823 1323 4875 τοῦ
1379 4819 1675 4897 κορυφαίου
1703 4826 1811 4877 τῶν
1871 4824 2011 4879 ἀπο-

353 4909 572 4968 στόλων
621 4911 1024 4989 ἐξηγησαμένου
1080 4908 1249 4980 αύτῷ.
1308 4908 1727 4984 Χειροτονηθεὶς
1780 4907 1837 4965 δὲ
1889 4910 2011 4966 ἐπί-

351 5023 560 5065 σκοπος
647 4997 1073 5075 ’Δλεξανδρείας,
1131 4997 1350 5072 ἐκόσμει
1437 4997 1533 5059 τὰς
1618 5003 1715 5054 τοῦ
1769 5003 2009 5076 Χριστοῦ

342 5091 707 5163 Ἐκκλησίας,
794 5093 1131 5167 χειροτονῶν
1208 5087 1543 5143 ἐπισκόπους
1631 5090 1767 5144 κατᾶ
1833 5096 2007 5145 πᾶσαν

347 5180 621 5257 ἐπαρχίαν
702 5178 1006 5256 Αἰγύπτου,
1067 5178 1155 5232 καὶ
1216 5176 1454 5250 αὐξάνων
1512 5176 1606 5231 τὸν
1668 5174 1834 5252 λόγον
1905 5186 2008 5249 τῆς

346 5271 610 5327 πίστεως,
672 5270 761 5326 Ἑν
834 5272 933 5341 μ.ιᾷ
990 5263 1048 5321 δὲ
1091 5270 1199 5321 τῶν
1258 5267 1483 5341 ἡμερῶν
1536 5261 1803 5321 διδάσκων
1864 5272 2009 5344 παρὰ

341 5363 445 5430 τήν
536 5357 833 5426 θάλασσαν’,
907 5352 1275 5426 ἐπεϐουλεύθη
1363 5355 1511 5429 παρᾶ
1566 5360 1678 5409 τῶν
1764 5354 2003 5414 εἴδωλο-

349 5447 595 5519 λατρῶν,
653 5448 743 5503 καὶ
802 5445 1075 5521 σχοινίοις
1136 5442 1306 5508 δεθεὶς
1367 5443 1606 5516 ἐσύρετο.
1662 5445 1763 5501 Καὶ
1797 5447 1851 5500 αἱ
1914 5449 2009 5520 μὲν

346 5544 540 5614 σάρκες
606 5537 770 5592 αὐτοῦ
828 5534 1033 5612 [λίθοις
1107 5533 1555 5611 κατεῤῥάγησαν]·
1612 5534 1674 5589 τὸ
1756 5532 1814 5590 δὲ
1870 5536 2010 5611 αἷμα

344 5628 510 5685 αὐτοῦ
539 5622 840 5703 κατέδρεχε
878 5627 977 5696 τήν
1028 5631 1153 5701 γῆν,
1212 5627 1343 5681 Εἶτα
1382 5622 1574 5702 ὲρῥίφῃ
1637 5624 1691 5679 ἐν
1754 5624 1998 5703 φυλακῇ·

2120 4650 2365 4706 verbum
2388 4650 2600 4706 Christi
2631 4646 3247 4721 praedicavit.Scripsit
3267 4644 3445 4701 etiam
3468 4647 3768 4709 sanctum,

2121 4739 2280 4812 quod
2306 4740 2433 4811 ejus
2454 4755 2675 4794 nomen
2699 4735 3367 4810 praefert,Evangelium,
3390 4734 3563 4788 Petro
3597 4747 3772 4802 apos-

2120 4828 2376 4885 tolorum
2407 4829 2675 4900 principe
2706 4826 2856 4883 illud
2896 4828 2948 4883 ei
2982 4826 3260 4881 dictante.
3288 4821 3607 4879 Ordinatus
3631 4836 3767 4874 vero

2118 4918 2492 4976 Alexandria;
2525 4919 2857 4991 episcopus,
2901 4916 3118 4973 Christi
3176 4913 3468 4970 Ecclesias
3517 4912 3776 4979 ornavit,

2120 5009 2491 5064 constituens
2530 5025 2635 5080 per
2654 5008 2991 5063 universam
3014 5005 3241 5079 Egypti
3268 5002 3631 5076 provinciam
3655 5002 3773 5073 epi-

2121 5114 2353 5169 scopos,
2414 5103 2473 5153 et
2513 5097 2651 5153 fidei
2701 5096 2945 5153 verbum
3004 5111 3357 5168 propagans.
3391 5096 3538 5148 Cum
3574 5097 3772 5146 autem

2121 5186 2376 5259 quadam
2405 5186 2498 5242 die
2520 5187 2691 5259 juxta
2717 5204 2877 5242 mare
2909 5185 3161 5259 populos
3186 5180 3775 5239 edoceret.insidiose

2121 5275 2191 5331 ab
2220 5276 2516 5331 idolorum
2539 5276 2868 5332 cultoribus
2902 5276 3199 5339 detentus,
3253 5279 3309 5328 et
3340 5269 3583 5326 funibus
3629 5286 3772 5324 con—

2121 5365 2382 5433 strictus,
2418 5371 2682 5436 raptatus
2714 5365 2860 5420 adeo
2885 5365 3016 5431 fuit,
3069 5368 3135 5418 ut
3181 5377 3389 5418 carnes
3449 5358 3578 5429 ejus
3613 5358 3768 5412 saxis

2118 5454 2291 5510 illisae
2312 5455 2809 5522 lacerarentur,et
2823 5455 3062 5527 sanguis
3078 5454 3207 5524 ejus
3224 5456 3460 5505 terrarm
3478 5447 3769 5519 irrigaret;

2118 5544 2422 5615 conjectus
2444 5543 2656 5599 deinde
2679 5544 2791 5599 fuit
2812 5544 2871 5598 in
2895 5558 3215 5610 carcerem,
3239 5541 3327 5594 71
3360 5534 3464 5593 ubi
3486 5534 3771 5589 Dominus

2117 5631 2203 5686 illi
2219 5632 2826 5705 apparens,ccelorum
2852 5647 3098 5705 regnum
3115 5629 3167 5685 ei
3187 5620 3770 5701 promisit.Sequenti
