4104 6196
349 302 353 309 ’
367 310 487 372 423

1687 301 2115 369 MENOLOGII
2161 306 2361 372 PARS
2403 310 2509 374 111.

3648 319 3771 380 424

370 447 465 503 die
498 462 528 502 e
560 460 797 502 carcere
830 442 1283 513 eductu9,atque
1312 439 1529 496 iterum
1550 441 1986 513 raptatus,spiri

2137 440 2258 501 ἔνθα
2334 446 2518 524 φανεὶς
2582 445 2728 520 αύτῷ
2786 447 2814 503 6
2875 448 3099 526 Κύριος,
3162 448 3438 526 βασιλείαν
3501 451 3774 529 ὑπέσχετο

366 543 492 593 tum
527 539 643 593 Deo
674 534 953 591 reddidit.

540 753 614 806 Et
636 755 911 805 certamen
942 749 1121 804 sancti
1172 748 1434 817 martyris
1473 746 1630 803 Saba?
1660 744 1835 801 ducis.

433 926 613 984 Sabas
645 927 859 983 Christi
891 926 1473 997 martyrjmperante
1499 923 1823 980 Aureliano
1845 922 2013 979 ducis

362 1018 624 1074 militum
653 1033 900 1073 munere
931 1017 992 1071 in
1022 1016 1169 1071 urbe
1200 1018 1385 1071 Roma
1439 1014 1819 1087 fungebatur.
1866 1014 2012 1070 Cum

357 1114 556 1164 autem
586 1124 803 1180 genere
836 1106 1077 1179 quidem
1110 1104 1844 1177 Gotthusesset,religione
1870 1120 2009 1161 vero

358 1196 751 1265 Christianus,
772 1201 1009 1251 sanctos
1039 1196 1262 1251 carceri
1286 1194 1551 1251 inclusos
1581 1193 1860 1259 invisere,
1894 1191 2010 1246 eis-

359 1303 474 1358 que
495 1286 775 1343 famulari
806 1283 1303 1341 consueverat.0b
1336 1282 1581 1338 illibatae
1607 1282 1852 1353 insuper
1876 1280 2008 1335 vitae

354 1380 650 1438 tenorem,
681 1390 749 1429 ac
772 1371 1079 1445 religiosas
1111 1371 1588 1438 exercitationes,
1620 1385 1690 1424 ex
1748 1366 2008 1423 obsessis

353 1463 667 1518 hominum
697 1460 1045 1533 corporibus
1065 1460 1255 1515 malos
1274 1459 1517 1531 spiritus
1534 1456 2007 1530 ejiciebat.Dela-

354 1556 446 1606 tus
478 1557 675 1606 autem
709 1555 767 1605 et
796 1549 1471 1621 comprehensus,atque
1494 1546 2006 1618 adimperatorem

349 1639 662 1710 adductus,
715 1638 982 1694 balteum
1051 1637 1397 1705 militarem,
1461 1653 1577 1707 quo
1635 1634 2005 1707 cingebatur,

348 1746 550 1785 coram
581 1745 648 1784 eo
681 1727 1022 1799 projecit,et
1054 1726 1357 1782 Christum
1387 1724 1698 1780 confessus
1731 1727 1837 1778 est.
1864 1723 2000 1777 Sus-

2131 535 2397 611 ούρανῶν’
2431 536 2521 591 καὶ
2553 535 2638 591 ἐπὶ
2670 539 2739 612 τῇ
2792 536 2977 613 αὔριον
3010 536 3259 618 φυλακῆς
3316 536 3626 617 ἐκϐληθεὶς,
3684 544 3773 598 καὶ

2128 625 2451 701 συρόμενος,
2472 630 2553 699 τῷ
2592 631 2707 700 Θεῷ
2734 626 2797 683 τὸ
2836 631 3049 701 πνεῦμα
3079 627 3411 706 παρέδωκεν.

2229 733 2338 791 Καὶ
2406 730 2637 807 ἄθλησις
2691 739 2788 791 τοῦ
2841 735 3013 812 ἁγίουΔ
3055 735 3327 812 μάρτυρος
3387 733 3538 793 Σάϐα
3564 742 3663 794 τοῦ

2739 804 3137 883 στρατηλάτουξ

2192 908 2372 977 Σάϐας
2406 915 2435 970 6
2465 918 2562 971 τοῦ
2593 916 2823 991 Χριστοῦ
2855 917 3060 994 μάρτυς
3088 918 3155 988 ἦν
3189 916 3276 972 ἐπὶ
3322 924 3421 988 τῆς
3489 916 3771 994 βασιλείας

2117 1001 2498 1079 Δύρηλιανοῦ,
2552 1006 2654 1073 τήν
2703 1008 2799 1060 τοῦ
2856 1005 3234 1080 στρατηλάτου
3290 1005 3505 1083 ἐπέχων
3561 1007 3765 1082 ἀρχὴν,

2116 1091 2173 1149 ἐν
2197 1098 2382 1169 Ῥώμῃ
2410 1097 2477 1169 τῇ
2522 1094 2705 1152 πόλει.
2766 1096 3011 1172 Ὑπῆρχε
3061 1097 3156 1171 μὶν
3207 1097 3271 1153 τὸ
3326 1099 3480 1175 γένος
3535 1097 3765 1162 Γύτθος.

2116 1186 2439 1260 Χριστιανὸς
2496 1182 2555 1241 δὶ
2615 1183 2714 1258 ὢν,
2780 1186 3134 1244 ἐπεσκέπτετο
3190 1188 3320 1251 τοὺς
3369 1188 3421 1244 ἐν
3496 1186 3769 1268 φυλακαῖς

2117 1274 2326 1351 ἁγίους,
2358 1274 2448 1332 καὶ
2475 1275 2815 1353 ἐθεράπευεν·
2878 1275 3026 1334 ἀλλά
3078 1277 3169 1333 καὶ
3230 1277 3357 1355 βίου
3409 1277 3765 1353 καθαρότητι,

2112 1364 2203 1421 καὶ
2234 1364 2459 1436 ἀσκήσει
2505 1364 2573 1421 τά
2634 1367 2849 1440 πονηρά
2904 1366 3010 1422 ἀπὸ
3064 1371 3173 1423 τῶν
3229 1368 3529 1443 ἀνθρώπων
3564 1364 3766 1442 ἐφυγά-

2115 1453 2233 1512 δευε
2278 1455 2580 1531 πνεύματα.
2640 1451 2969 1529 Διαϐληθεὶς
3029 1455 3087 1514 δὲ
3143 1458 3415 1534 ἐκρατήθη
3456 1460 3546 1513 καὶ
3602 1455 3759 1534 ἤχθη

2113 1546 2252 1622 πρὸς
2300 1548 2391 1602 τὸν
2424 1544 2697 1623 βασιλέα.
2756 1547 2856 1601 Καὶ
2904 1545 3206 1621 ἔμπροσθεν
3242 1547 3407 1604 αὐτοῦ
3439 1546 3602 1624 ῥίψας
3657 1549 3762 1617 τὴν

2114 1634 2498 1713 περικειμένην
2556 1634 2704 1707 αὐτῷ
2764 1637 2965 1709 ζωνὴν,
3023 1636 3359 1710 ὡμολόγησε
3384 1637 3477 1693 τὸν
3505 1636 3762 1713 Χριστόν.

2116 1724 2448 1802 Κρεμασθεὶς
2507 1723 2597 1780 οῦν
2658 1723 2870 1797 ἐξέσθη,
2916 1724 3007 1781 καὶ
3068 1725 3344 1801 λαμπάσιν
3395 1726 3548 1799 ἐκᾲηο
3578 1725 3629 1800 ἐξ
3679 1726 3755 1781 ὧν

349 1834 572 1890 pensus
602 1816 781 1889 igitur
803 1816 936 1882 fuit,
969 1820 1028 1870 et
1058 1815 1404 1883 dilaniatus,
1430 1818 1490 1869 et
1512 1812 1743 1869 facibus
1775 1812 1993 1868 ustula-

2111 1799 2433 1892 παραδόξως
2491 1813 2703 1883 σωθεὶς,
2763 1812 2963 1889 ἄνδρας
3015 1799 3396 1889 ἐϐδομήκοντα
3464 1799 3623 1890 πρὸς
3657 1817 3759 1886 τήν

347 1910 464 1960 tus.
498 1906 580 1959 Ex
609 1904 826 1975 quibus
858 1904 1174 1959 tormentis
1205 1919 1342 1958 cum
1377 1902 1733 1959 miraculose
1792 1917 1999 1973 sospes

347 2000 524 2064 atque
550 1992 870 2048 incolumis
910 1992 1213 2059 evasisset,
1276 1992 1436 2047 viros
1497 1990 1873 2064 septuaginta
1924 1989 1997 2045 ad

347 2083 564 2138 Christi
596 2082 771 2137 fidem
802 2081 1077 2147 evocavit,
1123 2081 1222 2153 qui
1256 2098 1465 2136 omnes
1497 2081 1656 2136 illico
1680 2080 1871 2151 capite
1892 2079 1995 2135 ob-

349 2170 607 2227 truncati
639 2171 900 2226 fuerunt.
932 2171 1203 2225 Posthaac
1252 2169 1314 2225 in
1366 2186 1665 2227 carcerem
1688 2170 1995 2240 conjectus

348 2266 456 2327 est,
488 2261 589 2317 ubi
619 2277 755 2316 cum
786 2260 1054 2315 Christus
1106 2260 1194 2314 illi
1237 2260 1632 2331 apparuisset,
1665 2259 1838 2332 longe
1859 2259 1995 2331 plus

342 2352 575 2408 roboris
597 2351 650 2406 ei
681 2349 1261 2406 concessit.Eductus
1291 2349 1529 2405 daamon
1551 2366 1581 2404 e
1605 2349 1996 2421 carcere,jus-

344 2456 563 2511 susque
594 2440 889 2495 Christum
918 2438 1211 2511 abnegare
1263 2454 1330 2492 ac
1396 2438 1573 2494 idolis
1631 2438 1991 2506 sacrificare,

346 2548 484 2588 cum
514 2532 575 2586 id
605 2531 798 2587 facere
858 2530 1068 2597 nollet,
1119 2546 1354 2586 sacrum
1403 2528 1536 2600 ejus
1591 2534 1769 2601 caput
1795 2528 1991 2601 gladio

350 2620 679 2676 abscissum
710 2619 841 2675 fuit.

894 2709 1135 2765 EODEM
1184 2708 1327 2764 ΜΕΝ
1334 2708 1434 2763 SE.

875 2798 977 2854 Die
1004 2797 1283 2854 vicesima
1318 2801 1483 2852 sexta

348 2910 388 2963 ’1
401 2909 446 2965 2
476 2906 758 2964 Certamen
795 2907 1129 3031 sacrosanzti
1184 2905 1451 2974 martyris
1509 2904 1717 2960 Basitei
1746 2902 1991 2976 episcopi

1084 2992 1277 3031 masece

1084 2992 1277 3033 masece

410 3087 836 3143 Sacrosanctus
872 3090 1098 3157 martyr
1156 3084 1444 3155 Basileus,
1476 3084 1808 3156 imperante
1840 3084 1985 3141 Lici-

2110 1902 2186 1967 εἷς
2245 1904 2474 1979 Χριστὸν
2532 1903 2712 1959 πίστιν
2770 1902 3151 1977 ἐξεκαλέσατο,
3183 1903 3382 1967 οῚτινες
3446 1903 3757 1981 παραυτίκα

2105 1995 2201 2057 τὰς
2283 1992 2522 2072 κεφαλὰς
2596 1992 3027 2065 ἀπετμήθησαν.
3106 1993 3240 2052 Εἶτα
3315 1992 3592 2071 παρεδόθη
3679 1998 3752 2068 τῇ

2108 2082 2351 2161 φυλακῇ,
2398 2079 2522 2147 ἔνθα
2569 2083 2656 2137 καὶ
2711 2081 2988 2159 ἐπιφανεὶς
3043 2083 3189 2156 αὐτῷ
3238 2084 3266 2138 6
3322 2085 3553 2159 Χριστὸς
3586 2082 3748 2158 ἰσχὺν

2107 2172 2401 2250 ἐχαρίσατο
2424 2170 2672 2228 πλείονα·
2703 2173 2791 2228 καὶ
2843 2179 2944 2243 τῆς
3005 2170 3254 2251 φυλακῆς
3284 2168 3593 2245 ἐκϐληθεὶς,
3659 2172 3753 2228 καὶ

2105 2264 2253 2326 αὖθις
2307 2260 2761 2337 καταναγκασθεὶς
2819 2263 3149 2337 ἀρνήσασθαι
3205 2263 3298 2319 τὸν
3357 2263 3613 2339 Χριστὸν,
3655 2261 3747 2317 καὶ

2105 2357 2267 2435 θῦσαι
2286 2360 2405 2419 τοῖς
2433 2350 2712 2421 εἰδώλοις,
2742 2351 2835 2408 καὶ
2866 2352 2944 2425 μή
3002 2352 3260 2426 πεισθεὶς,
3302 2352 3437 2431 ξίφει
3466 2354 3568 2421 τὴν
3598 2351 3748 2429 ἱερὰν

2102 2445 2268 2501 αὐτοῦ
2296 2442 2537 2516 κεφαλὴν
2566 2443 2880 2517 ἀπετμήθη.
3441 2450 3448 2456 ’

2659 2726 2843 2784 ΜΗΝΙ
2872 2728 2958 2782 ΤΩ
2989 2728 3185 2783 ΑΥἸῺ.
3234 2758 3247 2765 ι

2847 2814 2962 2883 KC’.

2099 2906 2370 2978 ’Δθλησις
2395 2909 2492 2961 τοῦ
2522 2904 2677 2979 ἁγίου
2706 2904 3102 3033 ἱερὲμάρτφρος
3132 2899 3411 2965 Βασιλέως
3446 2901 3746 2958 ἐπισκόπου

2840 2995 2976 3033 μασε
3001 2995 3084 3033 ας.

2838 2995 3084 3049 μασειας.

2172 3085 2439 3148 Βασιλεὺς
2470 3085 2497 3139 6
2556 3084 2912 3159 ἱερομάρτυρ,
2948 3083 3193 3158 ὑπῆρχεν
3218 3080 3306 3138 ἐπὶ
3336 3089 3436 3153 τῆς
3470 3082 3750 3157 βασιλείας

342 3177 466 3245 nio,
526 3177 839 3249 episcopus
896 3173 1010 3228 fuit
1058 3176 1344 3230 Amasem.
1392 3174 1735 3245 Martyrium
1787 3178 1985 3229 autem

2106 3175 2404 3234 Λικιννίου,
2455 3172 2783 3235 Ἐπίσκοπος
2839 3169 2896 3228 δὲ
2942 3173 3011 3241 ἦν
3069 3171 3387 3245 Ἀμασείας,
3420 3172 3746 3249 ἐμαρτύρη-

342 3266 524 3321 subiit
551 3266 710 3321 hunc
742 3265 803 3319 in
836 3262 1094 3319 modum.
1116 3263 1350 3318 Ancilla
1376 3261 1648 3334 quaedam
1679 3262 1879 3317 uxoris
1898 3262 1991 3317 Li-

338 3357 502 3426 cinii,
535 3372 666 3428 qua:
694 3355 989 3427 Glaphyra
1019 3353 1348 3415 dicebatur,
1411 3358 1476 3408 ut
1525 3351 1830 3425 pudicitiae
1861 3356 1990 3408 stu-

336 3446 433 3502 dio
466 3445 850 3503 concubitum
884 3444 1075 3516 ipsius
1101 3441 1631 3509 evitaret,dominaa
1663 3459 1785 3498 sum
1806 3440 1994 3497 consi-

336 3536 418 3591 lio
472 3552 609 3591 cum
667 3534 893 3607 ingenti
970 3543 1365 3587 nummorum’
1405 3532 1576 3603 copia
1644 3531 1872 3587 occulte
1929 3530 1992 3586 in

336 3622 666 3678 Orientales
698 3622 901 3693 plagas
922 3618 1182 3690 aufugit:
1219 3624 1279 3672 et
1307 3635 1442 3674 cum
1467 3622 1778 3675 Amaseam
1801 3618 1992 3675 venis-

338 3710 529 3778 set,ab
553 3710 832 3781 episcopo
854 3707 1081 3762 Basileo
1098 3713 1379 3776 tanquam
1394 3707 1730 3762 Christiana
1750 3713 1993 3779 excepta

335 3798 469 3854 fuit.
504 3798 649 3853 Cum
674 3802 873 3851 autem
896 3794 953 3848 id
982 3795 1316 3849 rescivisset
1349 3794 1629 3863 Licinius,
1655 3796 1863 3851 ambos
1894 3813 1992 3851 co-

339 3902 469 3941 ram
501 3903 563 3941 se
587 3885 800 3941 adduci
834 3882 1151 3939 mandavit.
1207 3882 1319 3936 Sed
1355 3882 1671 3953 Glaphyra,
1706 3901 1837 3954 quae
1862 3886 1990 3956 jam

341 3977 461 4033 fato
494 3974 973 4040 concesserat,ab
996 3973 1182 4045 ipsius
1198 3973 1472 4028 manibus
1495 3974 1991 4045 eﬂugitBasileus

334 4082 474 4121 vero
506 4064 818 4138 episcopus
876 4062 1108 4116 vinctus
1170 4060 1580 4116 Nicomediam
1626 4060 1988 4117 adducitur:

344 4170 598 4226 cumque
629 4154 1049 4225 imperatorem
1083 4150 1503 4223 redarguisset,
1531 4150 1723 4222 capite
1754 4149 1993 4207 obtrun-

338 4251 507 4301 catus
532 4248 643 4311 est,
673 4243 811 4299 etin
867 4257 1031 4297 mare
1087 4240 1410 4313 projectus,
1470 4241 1717 4296 seorsim
1749 4240 1991 4312 quidem

336 4351 551 4407 corpus
580 4332 988 4405 ejus,seorsim
1014 4333 1293 4403 caput.At
1306 4330 1993 4403 Deiprovidentiaipsius

337 4441 554 4496 corpus
581 4423 759 4496 capiti
811 4423 1199 4495 conjunctum
1233 4426 1344 4485 est,
1379 4420 1674 4492 undisque
1708 4437 1992 4492 superna-

2101 3289 2159 3324 σε
2206 3265 2264 3323 δὲ
2313 3265 2503 3341 τρόπῳ
2557 3262 2811 3337 τοιούτῳ.
2841 3260 3024 3335 Δούλη
3074 3283 3160 3325 τις
3202 3270 3306 3333 τῆς
3363 3264 3617 3338 γυναικὸς
3650 3272 3746 3319 Λι-

2098 3358 2327 3427 κιννίου,
2359 3353 2619 3433 Γλαφύρα
2647 3354 2990 3427 καλουμένη,
3051 3352 3323 3431 φεύγουσα
3377 3354 3479 3420 τὴν
3538 3352 3747 3410 ἐκείνου

2102 3449 2243 3522 μίξιν
2272 3444 2361 3502 διὰ
2391 3443 2770 3523 σωφροσύνην,
2801 3448 2869 3518 τῇ
2923 3440 3102 3520 βουλῇ
3148 3450 3248 3513 τῆς
3300 3444 3489 3511 κυρίας
3549 3444 3745 3514 αὐτῆς,

2103 3538 2237 3612 μετά
2267 3533 2572 3612 χρημάτων
2601 3531 2854 3603 πολλῶν,
2886 3532 3064 3609 κρύφα
3118 3534 3255 3606 πρὸς
3310 3532 3376 3588 τὰ
3423 3539 3523 3603 τῆς
3580 3534 3746 3589 Ἀνα-

2096 3625 2271 3691 τολῆς
2306 3625 2445 3699 μέρη
2492 3622 2733 3698 ἐξέφυγε,
2796 3616 3179 3677 καταλαϐοῦσα
3206 3621 3307 3690 τήν
3363 3620 3526 3677 πόλιν
3574 3621 3749 3694 ’Δμά-

2098 3736 2267 3786 σειαν,
2326 3712 2420 3768 καὶ
2481 3707 2848 3786 ὑποδεχθεῖσα
2931 3710 3007 3773 ὡς
3087 3711 3378 3783 Χριστιανὴ
3449 3711 3597 3785 παρά
3649 3714 3748 3765 τοῦ

2096 3802 2395 3859 ἐπισκόπου
2448 3799 2751 3862 Βασιλέως.
2814 3801 3012 3864 Μαθὼν
3068 3800 3129 3856 τὶ
3198 3804 3361 3856 τοῦτο
3447 3800 3747 3872 Λικίννιος,

2095 3893 2184 3947 καὶ
2262 3889 2612 3959 ἀποστείλας,
2698 3890 3039 3966 ἀμφοτέρους
3126 3884 3401 3944 ἐκέλευσεν
3481 3890 3741 3964 ἀχθῆναι.

2096 3979 2253 4039 Ἀλλ’
2281 3983 2316 4051 ὴ
2353 3981 2447 4054 μὲν
2480 3977 2739 4054 Γλαφύρα
2794 3976 2902 4049 ἤδη
2951 3975 3340 4049 τελευτήσασα,
3372 3976 3595 4052 ἐξέφυγε
3648 3978 3744 4039 τὰς

2095 4075 2286 4146 χεῖρας
2369 4068 2551 4123 αὐτοῦ·
2612 4068 2640 4122 6
2696 4064 2754 4122 δὲ
2834 4065 3126 4129 ἐπίσκοπος
3200 4064 3462 4129 Βασιλεὺς
3520 4066 3745 4139 δέσμιος

2094 4158 2286 4235 ἀχθεὶς
2334 4157 2411 4220 εὶς
2469 4154 2873 4229 Νικομήδειαν,
2932 4157 3020 4211 καὶ
3065 4156 3159 4211 τὸν
3213 4156 3441 4231 βασιλέα
3496 4154 3743 4230 ἐλέγξας,

2096 4245 2529 4323 ἀπεκεφαλίσθη,
2585 4245 2676 4299 καὶ
2736 4243 2931 4322 ἐρρίφη
2993 4243 3045 4300 ἐν
3103 4247 3172 4318 τῇ
3249 4242 3516 4319 θαλάσσῃ,
3566 4242 3743 4319 χωρὶς

2099 4340 2193 4412 μὲν
2224 4337 2287 4392 τὸ
2311 4341 2472 4408 σῶμα
2501 4334 2716 4405 αὐτοῦς,
2751 4336 2928 4410 χωρὶς
2953 4332 3010 4390 δὶ
3057 4337 3092 4403 ἡ
3123 4333 3358 4412 κεφαλή.
3393 4334 3628 4411 Προνοίᾳ
3687 4330 3746 4388 δὲ

2096 4431 2229 4484 Θεοῦ
2259 4424 2685 4501 προσεκοιιλήθη
2745 4426 2809 4480 τὸ
2855 4428 3015 4497 σῶμα
3060 4427 3131 4497 τῇ
3190 4421 3428 4500 κεφαλῇ,
3459 4423 3551 4479 καὶ
3610 4422 3743 4477 ἀνα-

336 4515 565 4583 tans,in
606 4514 821 4585 Sinope
874 4512 1020 4568 urbe
1072 4512 1378 4567 inventum
1434 4511 1565 4580 fuit,
1624 4527 1691 4566 ac
1772 4510 1986 4567 deinde

2106 4516 2330 4573 πλεῦσαν
2355 4514 2418 4570 τὸ
2450 4512 2645 4591 ῥεῦμα,
2678 4511 2869 4588 εύρέθη
2903 4510 2955 4566 ἐν
3002 4511 3243 4585 Σινώπῃ,
3303 4512 3416 4567 εἶτα
3471 4510 3626 4577 ἐτέθη
3686 4509 3740 4566 ἐν

330 4608 599 4661 Amaseaa
631 4602 986 4675 depositum.

617 4712 684 4766 Et
705 4715 980 4765 certamen
1010 4710 1187 4764 sancti
1206 4710 1468 4777 martyris
1490 4707 1695 4764 Publii.

408 4835 656 4890 Sanctus
686 4833 782 4889 hic
831 4833 1048 4890 Christi
1080 4837 1308 4904 martyr
1336 4831 1582 4887 Publius
1617 4832 1789 4888 miles
1845 4832 1981 4906 fuit,

336 4923 545 4979 Licinii
577 4923 952 4994 imperatoris
985 4921 1171 4992 copiis
1229 4919 1585 4991 adscriptus,
1619 4927 1677 4975 et
1718 4921 1790 4977 ab
1853 4922 1982 4993 ipso

332 5014 661 5086 plurimum
682 5013 935 5068 dilectus
966 5010 1125 5082 quod
1156 5011 1216 5065 in
1245 5009 1451 5065 multis
1481 5010 1623 5064 belli
1654 5013 1982 5067 occasioni-

331 5102 444 5157 bus
478 5119 538 5158 se
571 5108 811 5157 strenue
842 5118 909 5156 ac
940 5100 1173 5155 fortiter
1201 5098 1484 5172 gessisset
1509 5099 1753 5163 Quando
1784 5108 1981 5157 autem

334 5205 746 5255 sacrosanctus
778 5203 1000 5269 martyr
1016 5196 1281 5252 Basileus
1300 5212 1369 5250 ex
1383 5194 1526 5248 urbe
1556 5198 1806 5251 Amasea
1820 5198 1985 5254 vinc-

333 5296 427 5345 tus
457 5306 657 5345 coram
691 5288 912 5344 Licinio
945 5286 1233 5342 adductus
1265 5291 1374 5351 est,
1409 5300 1667 5355 eumque
1696 5302 1981 5358 generose

329 5379 652 5452 redarguit,
684 5394 752 5433 ac
787 5377 1160 5448 impurorum
1191 5375 1530 5429 daamonum
1564 5374 1980 5447 deceptionem

330 5468 680 5534 detestatus,
713 5483 845 5539 qua:
877 5471 1147 5537 spectant
1193 5463 1266 5519 ad
1324 5464 1831 5536 dispensationem
1863 5472 1980 5526 veri

327 5558 432 5613 Dei
455 5563 513 5613 et
552 5554 867 5612 Salvatoris
898 5554 1087 5610 nostri
1151 5554 1288 5609 Jesu
1337 5553 1575 5620 Christi,
1635 5559 1978 5629 enarravit;

326 5646 574 5706 militari
604 5645 823 5715 balteo,
858 5662 975 5717 quo
1023 5648 1151 5699 erat
1181 5642 1557 5715 prmcinctus,
1591 5646 1767 5715 atque
1798 5648 1981 5706 armis

322 5733 630 5808 projectis,
664 5749 726 5789 se
757 5731 1158 5790 Christianum
1216 5747 1346 5788 esse
1380 5730 1685 5803 professus
1742 5740 1853 5805 est,
1912 5755 1981 5797 ac

2088 4611 2148 4664 ’A
2160 4604 2377 4679 μασείᾳ.

2252 4711 2359 4768 Καὶ
2387 4708 2613 4782 ἄθλησις
2643 4709 2741 4765 τοῦ
2787 4709 2946 4785 άγίου
2990 4709 3260 4784 μάρτυρος
3291 4708 3596 4767 Ηουπλίου.

2167 4846 2516 4923 Στρατιώτης
2545 4845 2611 4915 ἦν
2645 4845 2802 4909 οὗτος
2830 4844 2857 4901 6
2910 4845 3061 4919 ἅγιος
3122 4842 3327 4920 μάρτυς
3384 4848 3479 4900 τοῦ
3500 4846 3739 4919 Χριστοῦ

2092 4936 2396 5007 Πούπλιος,
2429 4935 2855 5012 στρατευόμενος
2906 4935 3009 4990 ὑπὸ
3055 4940 3138 5009 τῷ
3180 4935 3396 5011 βασιλεῖ
3450 4934 3736 5008 Λικιννίῳ,

2090 5027 2179 5082 καὶ
2245 5026 2607 5102 ἀγαπώμενος
2663 5026 2751 5081 ὑπ’
2810 5024 3041 5096 ἐκείνου,
3121 5023 3211 5080 διὰ
3250 5026 3313 5081 τὸ
3368 5023 3640 5087 πολλάκις
3681 5024 3734 5079 ἐν

2090 5114 2327 5179 πολλοῖς
2373 5112 2779 5190 ἀνδραγαθῆσαι
2864 5112 3157 5189 πολέμοις.
3214 5116 3342 5172 Ὀτε
3399 5112 3456 5170 δὲ
3512 5112 3737 5187 δέσμιος

2090 5203 2242 5276 ἤχθη
2299 5204 2349 5276 ἐξ
2414 5203 2679 5278 Ἀμασίας
2739 5205 2767 5258 ὁ
2826 5205 2987 5279 ἅγιος
3055 5203 3388 5280 ἱερομαὶρτυρ
3447 5202 3737 5275 Βασιλεδεν

2088 5297 2179 5351 καὶ
2228 5297 2437 5359 σταθεὶς
2496 5294 2800 5371 ἔμπροσθεν
2859 5300 2957 5352 τοῦ
3018 5295 3320 5365 Λικιννίου,
3374 5290 3584 5372 ἔλεγξεν
3646 5293 3741 5351 ἀν-

2092 5383 2284 5462 δρείως
2341 5384 2503 5441 αὐτόν
2555 5405 2614 5440 τε
2669 5386 2761 5440 καὶ
2816 5387 2917 5455 τὴν
2977 5386 3194 5456 πλάνην
3249 5390 3357 5442 τῶν
3416 5382 3737 5459 ἀκαθάρτων

2090 5472 2387 5549 δαιμόνων,
2460 5475 2551 5530 καὶ
2635 5471 2887 5546 διεξῆλθε
2940 5476 3008 5531 τά
3062 5477 3188 5551 περὶ
3258 5482 3359 5545 τῆς
3417 5474 3739 5548 οὶκονομίας

2086 5568 2184 5620 τοῦ
2216 5563 2480 5635 ἀληθινοῦ
2528 5569 2662 5620 Θεοῦ
2712 5564 2803 5621 καὶ
2857 5572 3116 5641 Σωτῆρος
3173 5568 3336 5640 ἡμῶν
3370 5567 3551 5637 Ἰησοῦ
3610 5566 3741 5638 Χρι-

2086 5652 2235 5724 στοῦ,
2282 5652 2442 5731 ῥίψας
2497 5653 2564 5709 τὰ
2617 5651 2761 5710 ὅπλα
2817 5654 2907 5710 καὶ
2963 5656 3063 5727 τῆν
3122 5656 3317 5725 ζώνην,
3363 5653 3430 5724 ἧν
3489 5648 3740 5730 περιεϐέ-

2086 5737 2289 5814 ϐλητο,
2364 5739 2724 5817 ὡμολόγησεν
2783 5743 2969 5799 ἐαυτὸν
3053 5744 3413 5819 Χριστιανὸν,
3472 5741 3563 5799 καὶ
3640 5744 3743 5798 τοῦ
