4104 6196
342 339 465 400 425

1833 327 2169 391 APRILIS.

3630 345 3759 405 4‘26

340 467 671 547 ἐπουρανίου
702 472 836 545 Θεοῦ
892 466 1088 524 δοῦλον
1145 467 1235 523 καὶ
1291 464 1651 541 στρατιώτην.
1694 461 1995 538 Ὀργισθεὶς

2122 460 2373 518 caelestis
2405 461 2667 520 numinis
2703 481 2934 522 servum
2963 473 3022 524 et
3049 470 3320 529 militem.
3354 474 3419 530 In
3442 473 3591 533 iram
3622 494 3764 549 pro-

341 562 438 617 οὖν
486 560 523 617 δ’
551 558 826 635 βασιλεὺς.
875 558 967 614 καὶ
1024 556 1339 619 ἀλλοιώσας
1394 556 1457 612 τὸ
1510 553 1801 629 πρόσωπον
1835 551 2000 608 αὐτοῦ

339 657 423 724 τῷ
450 649 651 723 πολλῷ
686 653 864 721 θυμῷ,
907 653 1123 723 πρῶτον
1187 648 1279 719 μὶν
1340 644 1430 701 διὰ
1483 642 1773 705 κολακείας
1804 641 1996 697 ἰσπούο

339 740 499 811 δαζεν
550 742 846 813 μεταθῆναι
901 738 1059 793 αὑτὸν
1109 741 1208 811 τῇς
1264 734 1521 806 τοιαύτης
1552 734 1802 809 γνώμης
1837 732 1909 794 ὡς
1944 728 2001 786 δὲ

339 834 445 888 οὐκ
477 828 704 900 ἔπεισεν,
757 828 1000 905 ἰσχυρῶς
1055 826 1364 903 βασανίσας,
1420 824 1668 901 μαχαίρᾳ
1712 823 1811 893 τήν
1839 841 2000 899 κεφαο

338 919 448 992 λὴν
483 920 649 977 αὐτοῦ
678 919 969 994 ἀπέτεμεν.

898 1026 1053 1085 MHN
1059 1026 1079 1084 Ι
1118 1026 1208 1083 ΤΩ
1244 1025 1451 1084 ΔΥἸὬ.

1133 1121 1226 1173 KZ'

449 1220 572 1290 Mani
584 1240 661 1293 μη
692 1221 801 1274 τῶν
841 1216 1012 1294 ἁγίων
1056 1213 1379 1345 ῗποστόλων
1413 1212 1774 1289 Σωσιπάτρου
1804 1209 1896 1265 καὶ

1048 1290 1065 1315 ’
1096 1292 1304 1345 άσωνος

1096 1307 1271 1343 ασωνο
1278 1307 1304 1350 ς

413 1406 624 1472 Ἰάσων,
678 1405 766 1459 καὶ
850 1402 1209 1479 Σωσίπατρος
1285 1396 1539 1478 γεγόνασι
1607 1401 1703 1473 μὲν
1764 1395 2004 1473 μαθηταὶ

337 1494 488 1551 Παύῖ
506 1515 568 1550 ου
622 1497 722 1549 τοῦ
781 1491 1114 1548 ἀποστόλουο
1168 1494 1236 1562 ῆν
1297 1491 1419 1565 μὶν,
1467 1490 1497 1545 6
1552 1491 1646 1561 μὶν
1680 1486 1865 1542 Ἰάσων
1897 1485 2004 1541 ἀπὸ

339 1588 564 1655 Ταρσοῦ
601 1589 704 1652 τῆς
762 1580 1035 1651 Κιλικίας,
1086 1584 1155 1650 ῆς
1203 1580 1294 1636 καὶ
1351 1576 1647 1639 ἐπίσκοπος
1704 1576 1938 1653 ἐγένετο·
1976 1575 2005 1628 6

342 1673 408 1730 δὶ
434 1674 792 1746 Σωσίπατρος
847 1670 909 1727 ἑκ
972 1675 1196 1743 Νατρῶν
1254 1676 1355 1740 τῆς
1412 1668 1666 1744 Ἀχαῒας,
1711 1665 2003 1743 γενόμενος

338 1763 436 1819 καὶ
496 1761 657 1824 αὐτὸς
708 1759 1002 1823 ἐπίσκοπος
1058 1759 1309 1816 Ἰκονίου.
1364 1758 1487 1816 Ἐπὶ
1545 1756 1770 1833 χρόνοις
1812 1752 1869 1812 δὲ
1896 1776 2005 1811 τισι

2108 549 2247 606 inde
2265 551 2469 607 excital
2483 570 2552 607 us
2566 553 2985 626 imperator,ac
3001 558 3150 615 facie
3166 565 3459 637 extemplo
3473 572 3762 635 mutatus,

2108 641 2368 714 primum
2401 642 2642 714 quidem
2681 644 2851 700 illum
2918 647 3224 706 blanditiis
3281 653 3352 708 ab
3413 654 3758 726 hujusmodi

2114 731 2332 787 mentis
2364 733 2661 788 sententia
2693 750 2964 791 amovere
2994 746 3243 797 conatus
3274 747 3399 797 est:
3434 749 3493 798 at
3531 762 3667 800 cum
3700 747 3760 802 id

2108 821 2343 892 assequi
2375 823 2668 893 nequiret;
2707 825 2803 879 73
2840 827 3178 897 Lcrudeliter
3225 848 3359 888 eum
3412 836 3758 906 excruciari,

2109 915 2286 982 atque
2318 906 2461 966 ense
2492 911 2733 969 demum
2764 924 2943 987 caput
2969 919 3018 972 ei
3045 922 3340 992 amputari
3374 924 3691 982 mandavit.

2668 1022 2909 1079 EODEM
2946 1026 3200 1083 MENSE.

2590 1109 2695 1165 Die
2725 1110 3006 1170 vicesima
3032 1118 3285 1189 septima

2109 1207 2377 1262 Memoria
2421 1213 2736 1265 sanctorum
2778 1215 3151 1298 apostolorum
3220 1219 3496 1290 Sosipatri
3561 1228 3615 1278 et
3666 1226 3765 1278 Ja-

2846 1300 3010 1341 soms.

2180 1397 2378 1464 Iason;
2413 1401 2473 1452 et
2520 1397 2821 1470 Sosipater
2877 1401 3154 1475 discipuli
3210 1406 3455 1463 fuerunt
3510 1412 3765 1483 apostoli

2110 1485 2374 1541 Pauli.Et
2399 1488 2575 1542 Jason
2625 1490 2868 1560 quidem
2910 1498 3086 1549 natus
3114 1500 3203 1550 est
3232 1497 3393 1552 Tarsi
3446 1499 3509 1553 in
3536 1500 3763 1567 Cilicia,

2112 1576 2281 1647 cujus
2312 1576 2493 1631 etiam
2511 1578 2769 1634 civitatis
2803 1581 3121 1655 episcopus
3142 1584 3282 1639 fuit:
3308 1586 3609 1659 Sosipater
3628 1607 3763 1646 vero

2111 1664 2301 1719 Patris
2332 1665 2393 1720 in
2427 1666 2647 1722 Achaia
2676 1674 2872 1737 natus,
2906 1672 3223 1745 episcopus
3248 1674 3361 1731 fuit
3384 1677 3569 1732 Iconii
3618 1679 3763 1735 Cum

2112 1759 2309 1809 autem
2340 1770 2447 1825 per
2472 1754 2701 1828 aliquot
2729 1774 2919 1814 annos
2951 1760 3235 1818 ecclesias
3267 1780 3403 1819 suas
3443 1765 3771 1837 gubernas-

337 1852 441 1914 τὰς
500 1851 705 1907 ἑαυτῶν
759 1848 1054 1921 ἐκκλησίας
1109 1843 1559 1925 κυϐερνήσαντες,
1622 1844 1867 1921 ἀπῆλθον
1928 1844 2003 1907 εἰς

2122 1849 2267 1911 sent,
2290 1843 2351 1898 in
2375 1844 2757 1901 Occidentem
2784 1847 3081 1917 abierunt,
3114 1856 3180 1906 ut
3207 1852 3441 1924 aliquos
3464 1855 3765 1926 juvarent.

338 1942 443 2011 τὴν
504 1940 666 1998 Δύσιν
722 1940 1006 2017 ὠφελῆσαι
1063 1940 1229 2002 τινάς.
1290 1938 1388 1995 Καὶ
1448 1933 1843 1998 καταλαϐόντες
1900 1935 1999 2004 τήν

339 2038 508 2101 νῆσον
560 2028 850 2105 Κερκύρων
893 2028 1172 2099 κτίζουσιν
1228 2025 1520 2098 ἰκκλησίαν
1573 2024 1651 2089 εἰς
1694 2020 1870 2098 ὄνομα
1904 2027 2001 2079 τοῦ

341 2122 508 2197 ἁγίου
560 2121 1030 2197 πρωτομάρτυρος
1094 2118 1387 2189 Στεφάνου.
1448 2116 1548 2173 Καὶ
1606 2116 1791 2190 μαθὼν
1839 2118 2002 2170 τοῦτο

342 2210 703 2283 Κερκυλῖνος,
747 2211 909 2278 ὁτῆς
967 2211 1138 2279 νήσου
1202 2204 1479 2283 βασιλεὺς,
1537 2205 1853 2262 ἀπέκλεισεν
1908 2204 2004 2259 αὖ·

340 2300 472 2362 τοὺς
506 2299 584 2366 είς
630 2298 901 2378 φυλακήν·
962 2292 1088 2353 ἔνθα
1142 2294 1348 2358 ἰδόντες
1386 2294 1583 2358 αὐτοὺς
1640 2294 1776 2352 ἱπτᾶ
1805 2292 2003 2368 λῃσταὶ

345 2387 835 2461 ἀποκεκλεισμένοι
920 2383 1094 2455 ὄντες,
1197 2385 1511 2442 ἐπίστευσαν
1596 2390 1676 2459 τῷ
1760 2385 2005 2459 Χριστῷ,

350 2478 562 2551 ὁμοίως
618 2475 676 2534 δὶ
730 2476 821 2533 καὶ
879 2478 909 2532 6
966 2474 1313 2554 δεσμοφύλαξ
1368 2476 1688 2538 ’Λντώνιος.
1740 2472 1887 2535 ὅστις
1916 2471 2006 2527 καὶ

344 2568 772 2645 ἀπεκεφαλίστη.
833 2566 932 2623 Καὶ
989 2563 1350 2628 κατελθόντος
1409 2565 1578 2637 πυρὸς
1628 2562 1689 2620 in
1715 2567 1811 2619 τοῦ
1843 2562 2007 2633 ούρα-

343 2663 462 2727 νοῦ,
495 2658 582 2713 καὶ
616 2657 1046 2719 κατακαύσαντος
1086 2654 1215 2720 τοὺς
1244 2653 1341 2710 δύο
1398 2654 1551 2716 υἱοὺς
1580 2658 1677 2711 τοῦ
1711 2652 2006 2730 βασιλὲως,

343 2748 435 2801 καί
461 2750 563 2814 τήν
592 2750 822 2821 γυναῖκα
851 2744 1038 2811 αύτοῦ,
1070 2742 1420 2815 ἀπελύθησαν
1455 2744 1513 2798 οἱ
1542 2744 1710 2818 ἅγιοι,
1741 2742 1832 2798 καὶ
1863 2743 2008 2799 πολ-

345 2834 485 2900 λοὺς
516 2836 895 2913 ὠφελήσαντες
948 2834 1167 2907 ὕστερον
1230 2832 1282 2889 ἓν
1338 2832 1531 2909 εἲρήνῃ
1591 2829 2011 2904 ἑτελειώθησαν.

492 2944 596 3002 Καὶ
627 2940 858 3014 ἄθλησις
906 2949 1007 3013 τῆς
1054 2941 1210 3019 ἁγίας
1260 2938 1534 3017 μα’ρτυρος
1575 2940 1867 3017 Κερκύρας.

421 3049 576 3107 Μετᾶ
624 3050 689 3105 τὸ
773 3047 1101 3117 τελευτῆσαι
1192 3046 1297 3103 ὖπὸ
1372 3051 1468 3103 τοῦ
1529 3048 1789 3123 οὐρανίου
1844 3047 2018 3124 πυρὸς

1754 3137 1843 3192 καὶ
1915 3137 2025 3205 τήν
2120 3131 2230 3187 ﬁlii
2255 3138 2316 3188 et
2335 3133 2549 3204 conjux
2571 3134 2910 3206 periissent,
2944 3152 3012 3192 ac
3030 3138 3258 3208 praefati
3283 3139 3471 3195 sancti
3506 3140 3611 3195 viri
3643 3141 3772 3197 vin-

1800 3226 2006 3302 ἁγίους,
2047 3214 2090 3281 C
2120 3220 2272 3277 cnlis
2303 3221 2481 3277 soluti
2509 3221 2785 3290 fuissent,
2819 3241 2921 3279 eos
2963 3227 3418 3297 comprehendit
3446 3228 3772 3299 Carpianus

343 3139 475 3201 τοὺς
537 3137 687 3200 υἱοὺς
770 3136 1103 3212 Κερκυλίνου
1187 3141 1284 3191 τοῦ
1372 3135 1665 3212 βασιλέως,

346 3232 583 3303 γυναῖκα
655 3227 845 3297 αὐτοῦ,
923 3227 1011 3282 καὶ
1116 3225 1459 3297 ἀπολυθῆναι
1561 3225 1688 3289 τοὺς

347 3317 646 3390 ἰκράτησεν
704 3315 898 3377 αότοὺς
959 3317 1262 3391 Καρπιανὸς
1348 3317 1377 3371 6
1458 3323 1559 3386 τῆς
1622 3317 1789 3387 νήσου
1845 3313 2010 3392 ἔπαρ-

347 3428 474 3483 χος,
533 3406 627 3461 καὶ
682 3404 941 3479 ὶτιμώρει
1001 3404 1293 3479 προστάξει
1351 3409 1448 3461 τοῦ
1509 3403 1800 3480 βασιλέως.
1867 3411 2009 3480 Προ-

347 3493 630 3549 κόπτουσα
688 3492 747 3549 ὂὶ
796 3493 902 3549 ὰπὸ
984 3498 1084 3562 τῆς
1168 3489 1389 3566 θυρίδος
1450 3492 1693 3566 Κερκύρα
1751 3495 1787 3563 ἡ
1847 3492 2012 3549 αὐτοῦ

349 3583 618 3658 θυγὲτηρ,
648 3583 740 3637 καὶ
771 3585 1050 3655 θεωροῦσα
1094 3580 1229 3645 τοὺς
1292 3580 1483 3656 ἁγίους
1528 3582 2010 3656 βασανιζομένους,

350 3671 652 3729 ἆπίστευσε.
738 3672 837 3728 Καὶ
912 3673 1243 3747 Χριπιανήν
1328 3671 1521 3740 ὶαυτὴν
1599 3673 2011 3748 ὁμολογήσασα,

349 3764 596 3835 παρίστη
657 3758 895 3816 ἐνώπιον
947 3764 1044 3816 τοῦ
1099 3761 1306 3833 πατρὸς
1363 3761 1554 3829 αὐτῆς,
1618 3760 1719 3817 Καὶ
1777 3761 2011 3835 ἀναγκα-

353 3854 542 3909 σθεῖσα
569 3852 902 3926 ἀρνήσασθαι
958 3851 1053 3907 τὸν
1116 3852 1371 3926 Χριστὸν,
1429 3855 1520 3907 καὶ
1590 3853 1668 3925 μὴ
1712 3858 2012 3925 πεισθεῖσα,

353 3939 629 3998 ἰκδίδοται
661 3941 751 3996 καὶ
783 3941 918 4009 αὐτή
949 3944 1028 4013 τῷ
1077 3940 1330 4017 ἐπάρχῳ.
1390 3942 1447 3997 Ὀ
1491 3939 1550 3997 δὶ
1579 3939 1819 4018 ἔπαρχος
1848 3941 2017 4018 παρὲ-

355 4028 527 4086 δωκεν
559 4030 731 4099 αὐτὴν
761 4029 985 4095 Αἰθίοπι
1018 4052 1150 4099 τινι,
1181 4030 1260 4093 είς
1308 4032 1373 4087 τὸ
1430 4028 1789 4110 διαφθαρῆναι
1820 4031 2011 4102 αὐτήν.

354 4120 653 4196 Προστάξει
712 4117 770 4178 δὶ
824 4123 959 4177 Θεοῦ
1016 4118 1215 4196 ἄρκτος
1269 4121 1436 4185 ποθὲν
1493 4120 1746 4187 ἐλθοῦσα,
1775 4120 2017 4178 ἐκώλυσε

351 4212 443 4267 τὸν
504 4209 740 4267 Αῗθίοπα
792 4215 891 4267 τοῦ
969 4210 1430 4287 ἰπιχειρήματος,
1484 4213 1572 4267 καὶ
1634 4210 1865 4290 ἐφύλαξε
1916 4212 2016 4282 τήν

353 4300 621 4371 παρθένον
653 4297 1003 4375 ἀδιάφθορονο
1066 4298 1194 4357 ίδὼν
1255 4301 1348 4358 οὖν
1402 4301 1466 4358 τὸ
1523 4300 2012 4376 θαῦμαόΛῗθίοψ,

351 4389 443 4443 καὶ
500 4387 813 4457 πιστεύσας,
901 4389 1201 4466 μαχαίραις
1281 4388 1581 4461 κατεκόπη.
1648 4391 1710 4447 Ἥ
1772 4388 1830 4445 δὶ
1886 4390 2015 4466 ἁγία

352 4477 602 4550 Κερκύρα
683 4480 1071 4553 κρεμασθεῖσα,
1166 4478 1256 4535 καὶ
1357 4479 1836 4549 ὗποκαπνισθεῒσα,
1922 4479 2012 4535 καὶ

346 4566 681 4639 τοξωθεῖσα,
710 4569 801 4621 καὶ
835 4564 1289 4638 λιθοϐοληθεῖσα,
1321 4567 1639 4639 ἐτελειώθη.

349 4690 452 4745 Καὶ
485 4690 719 4760 ἄθλησις
745 4694 844 4746 τοῦ
887 4690 1045 4767 ἁγίου
1081 4692 1387 4784 θμάρτυρος.
1422 4689 1769 4767 Σατορνίνου,
1798 4694 2012 4762 καὶτῆς

949 4760 1195 4826 συνοδίας
1225 4760 1412 4821 αὗτοῦ.

421 4867 589 4924 Οὗτοι
646 4869 698 4924 οἱ
759 4870 904 4945 ἅγιοι
965 4870 1220 4947 ὑπῆρχον
1294 4872 1346 4927 οἱ
1401 4869 1777 4935 πιστεύσαντες
1835 4872 1887 4928 ἐν
1942 4876 2012 4948 τῇ

348 4956 579 5031 φυλακῇ
608 4962 691 5030 τῷ
721 4959 939 5031 Χριστῷ
998 4957 1086 5015 διὰ
1140 4967 1240 5030 τῆς
1302 4957 1653 5024 διδασκαλίας
1710 4965 1818 5016 τῶν
1846 4962 2012 5038 ἁγίων

348 5044 700 5099 ἀποστόλων
743 5046 1003 5108 Ἰάσωνος
1031 5047 1123 5102 καὶ
1178 5049 1559 5118 Σωσιπάτρου,
1609 5049 1741 5103 ἓπτα
1772 5047 2012 5123 λῄσταρ-

348 5152 475 5210 χοι,
538 5134 676 5206 μετᾶ
725 5134 816 5189 καὶ
872 5139 981 5190 τῶν
1039 5136 1437 5192 πιστευσάντων
1487 5132 1704 5207 ὕστερον
1765 5138 1867 5193 ὑπὸ
1913 5144 2015 5207 τῆς

352 5222 512 5299 ἁγίας
570 5222 863 5298 Κερκύραςο
922 5224 1013 5279 καὶ
1074 5225 1208 5297 μετᾶ
1260 5225 1520 5297 τελευτὴν
1580 5225 1746 5296 αὐτῆς
1798 5221 2010 5298 ἐκϐλη-

352 5312 532 5375 θὲντες
561 5318 663 5381 τῆς
725 5312 973 5391 φυλακῆς
1032 5315 1085 5369 οἱ
1140 5315 1293 5380 ἑπτὰ,
1352 5317 1442 5371 καὶ
1499 5314 1754 5391 ἀχθέντες
1782 5314 1883 5387 ἔξω
1913 5324 2013 5388 τῆς

350 5400 594 5469 πόλεως,
629 5396 1004 5474 ἐνεϐλήθησαν
1061 5403 1140 5467 εἰς
1200 5399 1435 5474 λέϐητας
1494 5406 1762 5482 γέμοντας
1792 5406 2010 5479 πίσσης,

352 5490 444 5545 καὶ
500 5495 701 5565 κηροῦ,
754 5491 843 5548 καί
902 5491 1114 5564 ἐλαίου,
1169 5492 1259 5549 καὶ
1324 5494 1615 5570 βράζοντες
1687 5492 2013 5567 ἐτελειώθη-

357 5600 476 5640 σαν.
508 5581 579 5639 Οἱ
626 5578 687 5638 δί
743 5582 1191 5659 καταλειφθέντες
1246 5580 1500 5662 ἀδελφοὶ,
1555 5583 1633 5647 εἰς
1684 5582 1928 5656 νησίδιόν
1960 5607 2012 5643 τι

359 5667 716 5749 ἀπελθόντες,
743 5671 1130 5750 προσηύχοντο
1185 5677 1267 5746 τῷ
1323 5679 1459 5747 Θεῷ.
1492 5674 1595 5745 Καὶ
1641 5673 1824 5748 μαθὼν
1851 5680 2013 5733 τοῦτο

693 5790 953 5855 Panos.
1000 5792 1115 5855 Gn.
1160 5792 1400 5860 CXVII.

2041 4595 2089 4659 D

2110 1934 2375 2004 Cumque
2416 1934 2477 1989 in
2526 1935 2839 2007 Corcyram
2888 1938 3148 1995 insulam
3205 1942 3526 2007 venissent.
3577 1946 3767 2001 sancti

2110 2022 2393 2094 Stephani
2452 2026 2902 2097 protomartyris
2955 2028 3201 2086 nomine
3254 2031 3567 2088 ecclesiam
3630 2050 3770 2089 con-

2110 2116 2471 2167 struxerunt.
2506 2113 2639 2169 Haec
2679 2130 2813 2170 cum
2866 2116 3213 2189 Cercylinus
3262 2119 3473 2175 insulae
3526 2123 3767 2195 regulus

2111 2200 2525 2270 intellexisset,
2555 2204 2770 2277 conjici
2803 2205 2965 2280 ipsos
2987 2208 3171 2279 jussit
3204 2209 3264 2265 in
3299 2226 3596 2267 carcerem
3623 2228 3637 2268 :
3670 2212 3773 2272 ubi

2111 2306 2246 2347 cum
2280 2308 2380 2347 eos
2409 2292 2698 2348 vidissent
2727 2300 2954 2367 septem
2986 2296 3270 2365 latrones,
3294 2300 3395 2371 qui
3426 2299 3649 2357 ibidem
3682 2302 3775 2358 in-

2111 2380 2261 2436 clusi
2296 2387 2484 2449 erant,
2518 2382 2577 2437 in
2611 2383 2909 2441 Christum
2940 2386 3360 2444 crediderunt:
3406 2390 3684 2447 similiter
3716 2395 3776 2447 et

2113 2470 2368 2526 carceris
2400 2476 2598 2527 custos
2629 2474 2945 2541 Antonius,
2979 2476 3082 2547 qui
3131 2476 3380 2547 proinde
3426 2480 3617 2550 capite
3667 2478 3774 2535 ob-

2118 2564 2425 2615 truncatus
2458 2560 2587 2616 fuit.
2621 2562 2889 2619 Posthaec
2919 2580 3053 2619 cum
3084 2564 3239 2637 ignis
3268 2583 3298 2621 e
3321 2566 3468 2622 coelo
3491 2567 3770 2639 delapsus

2115 2648 2263 2705 duos
2294 2648 2480 2723 reguli
2517 2650 2672 2705 filios
2720 2651 2970 2724 ejusque
3018 2670 3265 2711 uxorem
3316 2656 3765 2725 combussisset,

2114 2738 2367 2795 vinculis
2394 2738 2573 2796 soluti
2594 2738 2839 2797 fuerunt
2868 2743 3056 2799 sancti
3086 2744 3193 2801 viri
3221 2760 3234 2799 :
3267 2746 3370 2816 qui
3401 2762 3537 2811 cum
3568 2746 3773 2803 multis

2117 2828 2501 2901 profuissent,
2543 2830 2785 2888 demum
2816 2832 2879 2889 in
2910 2849 3056 2906 pace
3085 2833 3493 2893 decesserunt.

2349 2936 2416 2992 Et
2445 2942 2717 2993 certamen
2740 2944 2940 2994 sanctae
2969 2943 3229 3011 martyris
3261 2941 3532 3014 Cercyrae.

2190 3045 2511 3115 Postquam
2543 3044 2785 3117 delapso
2817 3061 2847 3101 e
2879 3046 3025 3103 cmlo
3056 3048 3191 3121 igne
3241 3048 3537 3123 Cercylini
3580 3051 3787 3124 reguli

2122 3310 2334 3366 insula)
2366 3327 2606 3383 praeses,
2636 3328 2703 3367 ac
2733 3313 2921 3385 reguli
2943 3314 3120 3385 jussu
3150 3317 3465 3371 tormentis
3498 3317 3768 3388 subjecit.

2122 3400 2265 3455 Cum
2294 3407 2493 3456 autem
2524 3416 2593 3455 ex
2623 3400 2885 3457 fenestra
2915 3403 3280 3474 prospiceret
3308 3405 3557 3477 Cercyra
3586 3406 3775 3477 ipsius

2122 3490 2266 3555 ﬁlia,
2300 3495 2654 3561 sanctosque
2687 3492 3047 3548 cruciatibus
3070 3495 3263 3549 vexari
3290 3494 3535 3561 videret,
3560 3495 3776 3551 Christi

2124 3580 2302 3636 ﬁdem
2324 3578 2598 3651 amplexa
2618 3586 2725 3644 est,
2752 3597 2934 3652 seque
2961 3582 3359 3639 Christianam
3376 3584 3662 3656 professa,
3678 3602 3777 3641 co-

2123 3685 2250 3725 ram
2282 3675 2451 3742 patre
2480 3685 2586 3725 suo
2617 3668 2841 3725 astitit:
2873 3687 2909 3727 a
2934 3688 3050 3743 quo
3077 3672 3249 3743 jussa
3273 3674 3575 3729 Christum
3598 3674 3773 3730 abne-

2122 3775 2282 3833 gare,
2315 3774 2451 3816 cum
2483 3775 2603 3814 non
2634 3760 3013 3827 assensiseet,
3046 3761 3264 3818 tradita
3292 3764 3471 3818 etiam
3504 3764 3633 3835 ipsa
3662 3763 3777 3820 fuit

2122 3848 2383 3923 praesidi.
2417 3855 2493 3904 At
2521 3865 2742 3922 prmees
2774 3866 2906 3907 eam
2940 3851 3105 3907 dedit
3135 3853 3369 3908 cuidam
3398 3854 3679 3928 Ethiopi,
3712 3859 3779 3911 ut

2124 3939 2317 4011 ipsam
2349 3943 2777 4011 corrumperet.
2812 3940 2916 3995 Dei
2947 3946 3146 3997 autem
3179 3947 3326 3997 nutu
3367 3959 3507 3998 ursa
3538 3943 3778 4000 aliunde

2126 4029 2575 4100 superveniens,
2602 4028 2675 4084 ab
2706 4034 2997 4086 attentato
3025 4030 3250 4087 scelere
3276 4032 3607 4104 EthiOpem
3636 4051 3778 4105 pro-

2124 4118 2337 4186 hibuit,
2372 4124 2431 4174 et
2470 4119 2757 4189 virginem
2799 4118 3206 4191 incorruptam
3259 4121 3592 4175 custodivit.
3653 4123 3776 4186 Quo

2124 4209 2249 4264 viso
2282 4207 2571 4279 prodigio,
2610 4208 2709 4262 74
2738 4223 2873 4261 cum
2906 4208 3174 4279 Ethiops
3205 4208 3308 4263 ille
3339 4208 3555 4263 Christi
3598 4210 3778 4266 fidem

2126 4297 2505 4369 suscepisset,
2529 4312 2671 4351 ense
2698 4294 3085 4352 obtruncatus
3114 4296 3243 4353 fuit.
3277 4302 3353 4351 At
3381 4303 3583 4353 sancta
3637 4302 3776 4354 Cer-

2124 4405 2263 4461 cyra
2292 4387 2553 4459 primum
2580 4401 2890 4456 suspensa,
2923 4391 2981 4440 et
3012 4385 3228 4441 emisso
3260 4386 3420 4442 fumo
3458 4405 3527 4442 ex
3558 4404 3778 4459 suppo-

2124 4479 2236 4534 sito
2260 4478 2397 4550 igne
2418 4474 2846 4539 cruciata,dein
2870 4475 3097 4548 sagittis
3122 4476 3425 4546 transfixa,
3443 4492 3509 4531 ac
3536 4476 3776 4532 demum

2122 4566 2420 4641 lapidibus
2452 4565 2686 4634 obruta,
2717 4565 3071 4637 martyrium
3094 4567 3542 4622 consummavit.

2123 4697 2187 4751 Et
2215 4700 2487 4751 certamen
2544 4696 2720 4749 sancti
2762 4694 3024 4776 martyris
3073 4694 3366 4749 Saturnini
3412 4700 3461 4750 et
3505 4693 3776 4751 sociorum

2874 4780 3010 4835 ejus.

2196 4872 2266 4930 Hi
2295 4872 2485 4928 sancti
2508 4875 2735 4943 septem
2753 4870 3056 4927 latronum
3079 4870 3384 4944 principes
3404 4872 3795 4946 fuerunt,qui.

2125 4964 2187 5019 in
2234 4977 2469 5018 carcere
2500 4961 2574 5016 ob
2605 4960 2941 5016 doctrinam
2985 4966 3325 5017 sanctorum
3375 4963 3777 5034 apostolorum

2123 5051 2357 5107 Iasonis
2388 5055 2447 5106 et
2475 5050 2759 5123 Sosipatri
2792 5050 3021 5105 Christo
3082 5067 3300 5106 nomen
3351 5051 3661 5117 dederunt,
3709 5069 3777 5108 ac

2124 5157 2245 5199 una
2264 5157 2400 5197 cum
2422 5140 2517 5206 iis,
2543 5140 2644 5211 qui
2668 5144 2873 5211 postea
2889 5139 3283 5196 Christianam
3306 5141 3654 5213 religionem
3672 5159 3779 5213 per

2125 5235 2392 5289 sanctam
2421 5231 2731 5302 Cercyram
2764 5228 3019 5301 amplexi
3053 5235 3210 5295 sunt,
3242 5236 3376 5301 post
3414 5231 3592 5301 hujus
3645 5231 3774 5285 ohi-

2125 5327 2249 5377 tum
2284 5338 2314 5376 e
2346 5336 2581 5376 carcere
2632 5319 2852 5385 educti,
2900 5318 3014 5391 ipsi
3048 5319 3291 5390 quidem
3341 5326 3567 5393 septem
3613 5326 3778 5376 extra

2123 5412 2419 5467 civitatem
2450 5408 2713 5477 abducti,
2740 5408 2803 5465 in
2860 5408 3086 5465 lebetes
3139 5410 3291 5482 pice,
3346 5426 3482 5465 cera
3524 5410 3775 5481 oleoque

2124 5502 2385 5574 repletos
2407 5504 2584 5573 atque
2612 5497 3018 5557 eﬁ‘ervefactos
3035 5498 3116 5571 inj
3128 5499 3618 5572 ecti,martyrium
3641 5515 3777 5554 con-

2125 5595 2520 5648 summarunt.
2554 5590 2787 5662 Reliqui
2814 5606 2951 5647 vero
2981 5589 3193 5645 fratres
3224 5589 3284 5643 in
3316 5589 3635 5660 quamdam
3648 5605 3777 5661 par-

2126 5699 2263 5741 vam
2284 5681 2545 5739 insulam
2577 5680 2892 5753 deportati,
2925 5679 3137 5736 divinis
3168 5679 3444 5750 precibus
3492 5677 3776 5734 vacabant

3458 5792 3534 5853 14
