4086 6204
315 389 432 448 427

1552 372 1993 435 MENOLOGII
2040 368 2236 430 PARS
2282 367 2393 428 III.

3610 365 3727 427 428

318 523 460 576 Cum
490 534 627 575 vero
661 517 721 573 id
752 516 991 590 regulus
1020 512 1302 577 scivisset,
1340 523 1664 566 conscenso
1716 505 1967 578 navigio,

2084 497 2422 576 ὑβασιλεὺς,
2452 495 2545 552 καὶ
2592 491 2767 570 ἐμϐάς
2815 492 2894 558 εἲς
2949 491 3170 566 πλοῖον,
3200 496 3291 551 καὶ
3349 493 3731 590 ἀπερχόμενος

318 611 391 667 ad
414 610 549 666 illos
574 605 1004 664 interimendos
1031 618 1378 675 properans,
1398 600 1458 655 in
1478 614 1639 655 mare
1663 597 1969 671 demersus

315 700 447 755 fuit.
482 699 649 753 Alius
681 702 878 751 autem
911 692 1172 759 regulus,
1217 691 1317 761 qui
1349 694 1483 762 post
1513 690 1707 761 ipsum
1757 684 1970 740 insula

318 788 649 843 dominium
672 783 1019 850 obtinuit,in
1042 779 1394 837 candentem
1414 779 1716 833 fornacem
1737 780 1972 831 sanctos

317 877 483 948 injici
514 874 837 930 mandavit.
870 879 943 927 At
976 888 1109 926 cum
1134 887 1234 925 eos
1252 869 1389 924 inde
1414 867 1746 923 incolumes
1776 880 1969 938 egres-

319 983 416 1023 sos
446 964 709 1030 vidisset,
739 962 968 1018 Christo
1002 959 1274 1027 credidit,
1307 963 1534 1013 mutato
1584 955 1827 1011 nomine
1868 953 1969 1008 Se-

318 1053 631 1110 bastianus
664 1054 1041 1121 nuncupatus
1068 1066 1080 1102 :
1116 1052 1174 1103 et
1199 1046 1410 1101 exinde
1434 1044 1736 1101 Christum
1753 1041 1971 1115 pradi-

321 1144 473 1199 cavit
497 1158 617 1197 una
644 1156 779 1196 cum
813 1138 1031 1195 sanctis
1062 1135 1386 1209 apostolis:
1420 1150 1556 1189 cum
1589 1132 1803 1203 quibus
1859 1130 1973 1185 vita

320 1236 480 1286 recte
510 1232 827 1297 transacta,
856 1226 917 1281 in
947 1240 1093 1297 pace
1125 1222 1400 1279 decessit.

876 1332 1118 1388 EODEM
1157 1328 1410 1385 MENSE.

816 1421 920 1477 Die
950 1418 1229 1475 vicesima
1258 1422 1459 1473 octava

323 1531 416 1589 75
458 1529 739 1585 Certamen
794 1530 970 1583 sancti
1025 1523 1288 1607 martyris
1344 1523 1537 1588 Dacia,
1598 1530 1649 1577 ct
1703 1524 1971 1578 sociorum

1072 1613 1211 1667 ejus.

390 1710 671 1778 Martyres
692 1705 907 1761 Christi
923 1704 1136 1773 Dadas,
1158 1702 1464 1769 Maximus,
1489 1705 1548 1756 et
1569 1699 1972 1766 Quintilianus

322 1815 392 1853 ex
422 1796 566 1852 urbe
626 1793 935 1851 Dorostolo
992 1794 1053 1847 in
1104 1791 1444 1848 Macedonia
1489 1790 1750 1858 fuerunt,
1798 1788 1973 1843 Maxi-

2083 592 2335 667 φονεῦσαι
2391 584 2606 653 αὐτοὺς,
2665 584 3078 655 κατεποντίσθη·
3137 584 3229 640 καὶ
3291 587 3561 659 κρατήσας
3617 582 3731 641 ἔτε-

2082 699 2174 753 ρος
2204 673 2459 752 βασιλεὺς
2515 678 2617 741 τῆς
2679 676 2868 745 νήσου,
2923 670 3169 730 ἐνέϐαλεν
3225 673 3352 737 τοὺς
3410 674 3599 750 ἁγίους
3654 674 3731 738 εἷς

2082 767 2334 840 κάμινον,
2392 765 2480 819 καὶ
2543 761 2675 818 ἰδὼν
2730 763 2923 825 αὐτοὺς
2998 764 3165 840 ὑγιεῖς
3225 762 3562 836 ἐξελθόντας,
3616 762 3737 819 ἐπί-

2083 875 2267 911 στευσε
2314 858 2394 926 τῷ
2449 854 2688 928 Χριστῷ,
2752 853 3178 925 μετονομασθεὶς
3231 848 3614 919 Σεϐαστιανὸς,
3644 854 3737 908 καὶ

2081 939 2142 999 ἔκ
2192 962 2319 998 τοτε
2367 942 2458 996 τὸν
2536 941 2771 1015 Χριστὸν
2851 939 3141 1016 ἐκήρυττεν
3218 941 3331 1014 ἅμα
3389 946 3507 1005 τοῖς
3560 940 3740 1017 ἁγίοις

2081 1030 2437 1093 ἀποστόλοις·
2468 1032 2585 1103 μεθ’
2634 1031 2707 1085 ὧν
2757 1027 2944 1091 καλῶς
3006 1030 3209 1104 βιώσας
3271 1030 3324 1086 ἐν
3383 1029 3594 1105 εἰρήνῃ,
3625 1029 3741 1086 ἐτε-

2081 1116 2312 1189 λειώθη.

2629 1317 2782 1375 ΜΠΝ
2791 1318 2811 1375 Ι
2857 1318 2951 1375 ΤΩ
2988 1321 3185 1375 ΔΥΤΩ.

2853 1406 2960 1462 KH’

2837 1510 3053 1603 ἱρτυρος
3113 1509 3275 1583 Δάδα,
3310 1513 3400 1568 καὶ
3430 1518 3530 1583 τῆς
3563 1534 3734 1569 συνο-

2083 1511 2356 1582 ’Δθλησις
2402 1516 2504 1567 τοῦ
2562 1514 2719 1587 ἁγίου

2739 1581 2868 1648 δίας
2887 1581 3076 1640 αὐτοῦ.

2153 1693 2217 1746 Οἱ
2271 1696 2369 1748 τοῦ
2422 1695 2664 1768 Χριστοῦ
2731 1694 2998 1769 μάρτυρες
3056 1689 3251 1761 Δάδας,
3310 1691 3587 1767 Μάξιμος,
3644 1694 3738 1749 καὶ

2083 1778 2448 1849 Κιντιλιανὸς,
2487 1781 2738 1855 ὑπῆρχον
2804 1782 2897 1855 μὲν
2952 1782 3041 1836 ἐπὶ
3096 1788 3196 1851 τῆς
3253 1780 3530 1854 βασιλείας
3564 1786 3734 1855 Μάξι-

320 1887 521 1943 miano
553 1884 932 1956 imperatore,
967 1886 1024 1937 et
1052 1881 1371 1952 Tarquinio
1404 1878 1674 1935 consule.
1706 1880 1776 1933 Et
1803 1878 1971 1933 Maxi-

2085 1874 2299 1943 μιανοῦ,
2346 1871 2438 1925 καὶ
2494 1868 2793 1945 Ταρκυΐνου
2852 1870 3078 1939 ὑπάτου,
3141 1870 3202 1925 ἐκ
3254 1878 3355 1941 τῆς
3405 1870 3621 1933 πόλεως
3678 1870 3739 1926 δὲ

321 1992 456 2032 mus
486 1972 728 2045 quidem
763 1971 1158 2027 sanctissima
1190 1969 1294 2025 Dei
1332 1968 1599 2025 ecclesia
1625 1967 1813 2023 lector
1839 1966 1972 2032 fuit,

327 2064 660 2119 divinarum
719 2061 1157 2133 Scripturarum
1217 2059 1476 2131 optimus
1544 2056 1857 2129 interpres,
1918 2061 1978 2111 et

324 2154 386 2210 in
412 2151 630 2208 Christi
652 2150 896 2205 nomine
920 2145 1365 2204 docens.Dadas
1387 2162 1542 2213 vero,
1577 2151 1634 2201 et
1660 2144 1973 2211 Quintilia-

321 2259 437 2299 nus
468 2246 638 2297 erant
668 2240 797 2311 ejus
823 2237 1121 2311 discipuli,
1156 2242 1213 2292 et
1242 2236 1439 2293 amici.
1472 2235 1817 2292 Denuntiati
1840 2251 1975 2307 pro-

322 2331 464 2387 inde
494 2330 747 2388 civitatis
779 2328 1043 2400 prasidi,
1075 2332 1133 2383 et
1161 2325 1599 2397 comprehensi,
1631 2326 1974 2397 coramipso

323 2419 564 2476 adducti
605 2418 889 2475 fuerunt:
923 2422 1101 2488 atque
1158 2414 1231 2470 ab
1290 2430 1359 2469 eo
1418 2414 1785 2485 interrogati,
1840 2430 1975 2470 cum

322 2511 620 2565 Christum
651 2508 837 2563 libere
868 2505 1123 2563 confessi
1150 2504 1423 2572 fuissent,
1455 2505 1517 2559 in
1548 2520 1847 2560 carcerem
1868 2504 1975 2560 de-

320 2598 469 2652 trusi
504 2603 679 2652 sunt:
732 2613 802 2652 ex
860 2611 977 2667 quo
1025 2592 1243 2649 deinde
1290 2592 1508 2661 educti,
1563 2599 1741 2665 atque
1798 2592 1975 2649 idolis

326 2684 663 2741 sacriﬁcare
683 2684 1003 2755 jussi,cum
1028 2687 1373 2737 constanter
1392 2679 1974 2754 respuissent,denu-

328 2773 449 2828 dati
482 2773 763 2846 primum,
798 2777 857 2826 et
884 2788 1064 2843 super
1095 2771 1343 2827 humum
1373 2770 1700 2836 extensi,ex
1723 2776 1978 2843 quatuor

326 2862 597 2936 partibus
627 2861 815 2935 ligati,
845 2861 979 2917 casi
1013 2866 1189 2915 sunt:
1223 2876 1290 2917 ac
1344 2859 1583 2916 demum
1632 2860 1822 2933 capite
1872 2859 1975 2915 ob-

332 2951 614 3007 truncati.
647 2952 865 3007 Eorum
893 2948 1165 3021 reliquia
1192 2948 1332 3006 inde
1354 2949 1656 3006 translata
1686 2948 1974 3005 Constan-

320 3040 573 3113 tinOpoli
601 3040 884 3112 deposita
914 3038 1177 3096 fuerunt.

2081 1960 2439 2035 Δωροστόλου
2494 1963 2596 2031 τῆς
2653 1958 3009 2025 Μακεδονίας.
3083 1962 3189 2018 Καὶ
3243 1963 3269 2017 ὁ
3330 1962 3424 2034 μὶν
3488 1962 3737 2036 Μάξιμος

2080 2050 2431 2126 άναγνώστης
2487 2051 2556 2119 ἦν
2615 2056 2716 2120 τῆς
2776 2052 3086 2125 ἁγιωτάτης
3132 2054 3230 2105 τοῦ
3279 2055 3413 2107 Θεοῦ
3445 2050 3739 2121 ἐκκλησίας

2078 2138 2262 2202 καλῶς
2318 2139 2633 2213 ἑρμηνεύων
2690 2139 2787 2202 τὰς
2851 2140 2999 2202 θείας
3055 2141 3290 2217 Γραφᾶς,
3347 2142 3437 2195 καὶ
3471 2139 3741 2196 διδάσκων

2082 2225 2167 2283 ἰπὶ
2198 2233 2277 2302 τῷ
2308 2227 2535 2302 ὀνόματι
2576 2232 2673 2284 τοῦ
2730 2232 2995 2304 Χριστοῦ
3056 2230 3085 2284 ὁ
3144 2228 3201 2284 δὲ
3258 2226 3453 2298 Δαδας,
3484 2231 3570 2284 καὶ
3607 2232 3736 2287 Κιν-

2078 2314 2325 2379 τιλιανὸς
2356 2318 2492 2387 ἦσαν
2524 2318 2691 2373 αὑτοῦ
2734 2317 2974 2391 μαθηταὶ
3031 2319 3123 2373 καὶ
3180 2318 3364 2395 φίλοι.
3404 2321 3737 2392 Καταμηνυ-

2081 2404 2260 2469 θέντες
2317 2403 2375 2462 δὲ
2428 2411 2507 2479 τῷ
2557 2413 2658 2476 τῆς
2717 2406 2935 2472 πόλεως
2990 2405 3243 2482 ἄρχοντι,
3298 2407 3389 2462 καὶ
3437 2406 3741 2483 κρατηθέν-

2078 2515 2189 2562 τες,
2286 2496 2628 2571 παρέστησαν
2734 2495 2902 2568 αὑτῷ·
2990 2496 3081 2550 καὶ
3181 2494 3567 2570 ἐρωτηθέντες,
3643 2498 3733 2551 καὶ

2078 2585 2172 2640 τὸν
2250 2586 2481 2660 Χριστὸν
2553 2582 2836 2662 παρρησίᾳ
2920 2582 3391 2660 ὁμολογήσαντες,
3468 2587 3737 2640 ἀπεκλεί-

2081 2674 2280 2743 σθησαν
2318 2672 2397 2736 είς
2426 2671 2700 2752 φυλακήν.
2745 2673 2882 2730 Εἶτα
2928 2680 3028 2742 τῆς
3077 2673 3327 2751 φυλακῆς
3358 2669 3736 2748 ἐκϐληθέντες,

2080 2763 2166 2816 καὶ
2226 2764 2747 2839 καταναγκασθὲντες
2802 2764 2954 2818 θῦσαι
3011 2769 3130 2827 τοῖς
3187 2761 3465 2833 εἰδώλοις,
3505 2765 3598 2819 καῖ
3654 2767 3734 2839 μή

2080 2852 2403 2920 πεισθέντες,
2459 2850 2859 2926 γυμνωθέντες,
2930 2850 3019 2906 καὶ
3099 2848 3435 2915 ἁπλωθὲντες
3489 2852 3576 2907 ἐπὶ
3631 2855 3736 2922 τήν

2078 2946 2204 3015 γῆν,
2304 2938 2365 2995 ἐκ
2456 2942 2732 3015 τεσσάρων
2833 2937 3133 3014 δεδεμένοι,
3225 2939 3546 3019 ἐτυφθησανο
3624 2945 3743 2998 εἶτα

2080 3027 2607 3105 ἀπεκεφαλίσθησανο
2692 3029 2766 3085 ὧν
2850 3030 2919 3085 τὰ
2984 3028 3211 3104 λείψανα
3277 3027 3739 3105 ἁποκομισθέντα,

2080 3114 2336 3188 ἐτέθησαν
2368 3118 2421 3173 ἐν
2458 3118 3051 3175 Κωνσταντινουπόλει.

318 3226 389 3280 Ει
416 3200 691 3280 certamen
733 3225 913 3280 sancti
966 3222 1231 3296 martyris
1286 3224 1537 3289 Zenonis,
1597 3228 1649 3277 et
1702 3223 1971 3280 sociorum

2086 3223 2191 3281 Καὶ
2222 3222 2455 3296 ἄθλησις
2509 3224 2606 3280 τοῦ
2658 3224 3149 3312 ἁγίουῃμάρτυρος
3198 3227 3472 3296 Ζήνωνος,
3520 3225 3742 3291 καὶτῆς

1076 3309 1213 3363 ejus.

390 3405 587 3459 Zenon
609 3401 827 3458 Christi
857 3406 1103 3474 martyr,
1126 3416 1248 3457 una
1272 3416 1408 3457 cum
1449 3400 1671 3458 sanctis
1699 3402 1973 3471 Eusebio,

320 3494 541 3559 Neone,
573 3496 632 3547 et
654 3491 886 3559 Vitalio,
918 3492 1032 3547 iuit
1056 3508 1128 3546 ex
1152 3491 1420 3563 Corcyra
1445 3490 1662 3547 insula.
1696 3492 1977 3548 Instructi

321 3587 522 3637 autem
550 3597 585 3635 a
628 3581 849 3636 sanctis
896 3579 1194 3651 Apostolis
1249 3581 1482 3647 Jasone,
1544 3586 1603 3637 et
1651 3580 1972 3652 Sosipatro,

322 3669 551 3726 Christo
579 3667 981 3723 crediderunt.
1010 3667 1198 3722 Delati
1221 3667 1400 3739 igitur
1420 3668 1577 3739 apud
1599 3669 1974 3740 Cercylinum

322 3757 536 3811 insula
568 3756 866 3827 regulum,
901 3760 959 3809 et
988 3756 1427 3826 comprehensi,
1451 3756 1844 3829 gravibusque
1867 3774 1971 3814 ca-

320 3844 475 3898 tenis
508 3843 581 3898 ab
616 3842 950 3897 idololatris
984 3845 1311 3908 constricti,
1344 3860 1545 3900 coram
1573 3845 1701 3917 ipso
1735 3846 1972 3902 adducti

320 3937 478 3987 sunt.
507 3932 647 3985 Cum
680 3947 816 3985 vero
847 3930 919 3985 ab
949 3947 1015 3985 eo
1065 3931 1434 4005 interrogati,
1494 3934 1792 3988 Christum
1832 3952 1973 4007 pro-

316 4020 460 4076 fessi
489 4024 706 4087 essent,
741 4018 1002 4075 vestibus
1034 4019 1294 4091 primum
1321 4019 1627 4085 denudati,
1682 4037 1749 4076 ac
1797 4039 1975 4094 super

318 4109 568 4165 humum
599 4109 848 4175 extensi,
873 4107 1235 4179 funibusque
1280 4109 1557 4165 manibus
1606 4126 1674 4165 ac
1722 4110 1973 4181 pedibus

318 4197 568 4272 alligati,
599 4214 705 4270 per
735 4198 938 4271 plures
966 4197 1141 4253 horas
1161 4197 1338 4271 virgis
1369 4199 1505 4254 casi
1537 4204 1699 4264 sunt,
1723 4205 1789 4254 ut
1811 4216 1974 4273 coge-

320 4294 533 4345 rentur
558 4287 857 4343 Christum
908 4286 1220 4360 abnegare,
1266 4292 1326 4342 et
1379 4287 1556 4343 idolis
1615 4288 1967 4345 sacriﬁcare.

320 4378 430 4434 Sed
461 4394 596 4433 cum
627 4377 687 4433 id
712 4382 1057 4433 constanter
1104 4382 1506 4443 recusassent,
1563 4393 1630 4433 ac
1678 4393 1753 4433 ne
1798 4378 1971 4433 verbo

317 4467 559 4539 quidem
583 4467 903 4522 damoniis
928 4466 1265 4522 sacrificare
1287 4466 1821 4535 consensissent,in
1841 4484 1969 4523 car-

317 4573 515 4612 cerem
530 4573 714 4628 prope
729 4557 945 4611 mortui
965 4556 1190 4612 detrusi
1214 4555 1726 4611 fuerunt.Demum
1749 4557 1971 4631 ingenti

319 4645 472 4716 ignis
484 4645 723 4701 fornace
740 4652 1077 4713 accensa,et
1096 4662 1330 4703 carcere
1354 4646 1570 4714 educti,
1587 4647 1647 4702 in
1674 4649 1711 4703 7
1723 4649 1770 4703 ϐ
1804 4648 1970 4705 illam

317 4733 523 4804 injecti
554 4739 729 4789 sunt:
763 4740 940 4806 atque
971 4736 1055 4791 ita
1082 4735 1313 4792 vivendi
1343 4734 1525 4791 finem
1553 4736 1844 4793 fecerunt.

314 4948 380 5004 Et
406 4951 673 5006 memoria
707 4951 886 5005 sancti
936 4952 1124 5006 Patris
1174 4952 1353 5008 nostri
1407 4954 1715 5010 Memnonis
1774 4956 1968 5013 Thau-

1005 5024 1268 5093 maturgi.

387 5129 637 5185 Sanctus
667 5131 840 5186 Pater
891 5135 1094 5187 noster
1157 5133 1434 5189 Memnon
1490 5133 1963 5208 Thaumaturgus

318 5234 452 5274 cum
475 5218 601 5275 hac
623 5220 811 5275 sancti
830 5221 1124 5295 Evangelii
1153 5222 1333 5279 verba
1363 5222 1629 5279 audisset
1653 5238 1667 5276 :
1703 5223 1814 5286 Qui
1845 5240 1967 5279 non

314 5307 626 5379 reliquerit
652 5314 903 5380 patrem,
937 5310 1030 5365 vel
1061 5317 1331 5376 matrem,
1364 5310 1454 5365 vel
1483 5309 1716 5376 fratres,
1750 5310 1840 5365 vel
1873 5328 1964 5367 so-

314 5412 501 5461 rores,
532 5397 622 5453 vel
652 5398 880 5467 domos,
913 5399 1004 5455 vel
1032 5415 1223 5472 agros,
1256 5415 1377 5455 non
1409 5403 1606 5471 potest
1635 5415 1803 5455 meus
1836 5417 1965 5456 esse

314 5486 643 5559 discipulus
676 5504 689 5542 :
722 5487 900 5544 corde
930 5493 1346 5561 compunctus,
1395 5486 1618 5544 relictis
1662 5489 1963 5557 omnibus,

314 5584 552 5633 secutus
582 5582 674 5632 est
723 5578 1043 5635 Christum.
1094 5581 1285 5650 Atque
1337 5578 1419 5634 ita
1469 5577 1752 5645 virtutum
1804 5595 1965 5635 exer-

311 5666 697 5725 citationibus
726 5669 1054 5735 contendit,
1088 5674 1156 5725 ut
1184 5668 1567 5743 purissimum
1586 5667 1762 5743 plane
1780 5668 1965 5725 domi-

311 5757 537 5826 cilium,
570 5774 636 5815 ac
669 5757 1085 5831 dignissimum
1115 5760 1364 5831 Spiritus
1419 5759 1604 5815 sancti
1655 5759 1960 5814 habitacu-

2677 3293 2927 3358 obvodiac
2956 3293 3146 3353 αὐτοῦ.

2156 3406 2363 3478 Ζήνων,
2421 3407 2450 3462 ὁ
2504 3404 2601 3461 τοῦ
2658 3407 2891 3481 Χριστοῦ
2972 3404 3322 3480 μάρτυς,ἁμα
3385 3410 3504 3471 τοῖς
3556 3407 3741 3483 ἁγίοις

2083 3489 2381 3566 Εὐσεὸείῳ,
2412 3495 2613 3562 Νέωνι,
2669 3494 2760 3549 καὶ
2812 3492 3074 3567 Βιταλίῳ,
3135 3495 3389 3571 ὑπῆρχον
3425 3496 3515 3569 μὲν
3549 3495 3608 3550 ἐκ
3632 3503 3740 3565 τῆς

2081 3584 2252 3652 νήσου
2308 3582 2605 3659 Κερκύραςσ
2667 3583 3089 3658 κατηχισθέντες
3148 3581 3205 3639 δί
3269 3585 3373 3640 ὑπὸ
3429 3588 3533 3639 τῶν
3565 3585 3734 3659 ἁγίων

2084 3669 2404 3726 ἀποστόλων
2469 3670 2742 3743 ἰάσωνος,
2821 3672 2908 3727 καὶ
2985 3673 3366 3746 Σωσιπάτρου,
3423 3672 3736 3729 ἰπίστευσαν

2081 3766 2161 3834 τῷ
2220 3765 2459 3839 Χριστῷ’
2514 3764 2604 3818 καὶ
2686 3758 3075 3835 διαϐληθέντες
3130 3763 3449 3840 Κερκυλίνῳ
3505 3770 3584 3833 τῷ
3636 3772 3739 3834 τῆς

2081 3853 2253 3921 νήσου
2314 3852 2550 3928 βασιλεῖ,
2609 3852 3003 3926 ἐκρατήθησαν⁹
3066 3853 3156 3908 καὶ
3214 3850 3450 3917 δεθέντες
3495 3855 3597 3909 ὑπὸ
3624 3858 3736 3909 τῶν

2084 3938 2503 4017 εἷδωλολατρῶν
2563 3943 2785 3998 ἁλύσεσι
2869 3941 3133 4019 βαρείαις,
3203 3945 3544 4019 παρέστησαν
3604 3943 3745 3998 ἰνώ-

2083 4050 2205 4085 πιον
2267 4028 2454 4087 αὑτοῦ.
2514 4032 2621 4087 Καὶ
2705 4030 3087 4107 ἐρωτηθέντες,
3141 4030 3231 4086 καὶ
3298 4033 3745 4109 ὁμολογήσαντες

2080 4120 2172 4173 τὸν
2228 4120 2484 4193 Χριστὸν,
2545 4122 2921 4196 γυμνωθέντες
2979 4126 3087 4176 τῶν
3142 4122 3373 4195 ἱματίων
3417 4122 3617 4194 αὐτῶν,
3648 4122 3745 4178 καὶ

2090 4207 2178 4263 ὲπὶ
2235 4210 2335 4279 τήν
2392 4216 2492 4284 γῆν
2553 4209 2918 4281 ἁπλωθὲντες,
2978 4212 3069 4265 καὶ
3126 4208 3357 4273 δεθέντες
3408 4211 3598 4287 χείρας
3649 4211 3745 4267 καὶ

2083 4293 2254 4362 πόδας
2310 4296 2603 4373 σχοινίοις,
2660 4298 2961 4377 ἐτὺφθησαν
3021 4294 3261 4375 ῥάϐδοις.
3321 4301 3446 4357 Ἐπὶ
3499 4298 3740 4365 πολλαῖς

2081 4406 2139 4441 τε
2213 4385 2382 4461 ὥραις
2456 4392 2976 4465 καταναγκασθέντες
3050 4389 3379 4460 ἀρνήσασθαι
3477 4391 3571 4463 μὶν
3647 4393 3745 4445 τὸν

2082 4477 2334 4550 Χριστὸν,
2369 4478 2524 4532 θῦσαι
2583 4475 2641 4533 δὲ
2695 4484 2813 4541 τοῖς
2870 4476 3148 4547 εἰδώλοις,
3210 4480 3287 4552 μή
3346 4480 3651 4543 πεισθέντες
3682 4477 3751 4555 δί¹

2004 4608 2050 4673 D
2087 4564 2228 4639 μηδέ
2262 4568 2429 4643 μέχρι
2461 4565 2633 4643 λόγου
2683 4572 2838 4632 θῦσαι
2893 4572 3012 4630 τοῖς
3067 4565 3342 4641 δαίμοσιν,
3374 4566 3741 4639 ἀπεκλείσθη-

2081 4676 2173 4710 σαν
2234 4656 2311 4721 εἰς
2358 4655 2633 4735 φυλακὴν,
2715 4656 2843 4713 ὡσεὶ
2926 4655 3132 4733 νεκροί.
3221 4658 3318 4713 Καὶ
3375 4659 3509 4732 μετᾶ
3562 4662 3733 4713 ταῦτα

2080 4744 2314 4818 καμίνου
2349 4745 2593 4821 μεγάλης
2651 4745 2999 4823 ἀναφθείσης,
3064 4752 3165 4816 τῆς
3224 4745 3473 4823 φυλακῆς
3524 4740 3743 4818 ἐκϐλη-

2078 4834 2278 4903 θέντες,
2309 4834 2395 4889 καὶ
2431 4833 2483 4889 ἐν
2517 4835 2655 4910 αὐτῇ
2681 4832 3070 4908 ἐμϐληθέντες,
3102 4834 3521 4904 ἐτελειώθησαν.

2079 4943 2177 4997 Καὶ
2240 4943 2434 5015 μνήμη
2483 4946 2584 4997 τοῦ
2641 4942 2795 4998 ὁσίου
2853 4942 3065 5015 Πατρὸς
3108 4943 3270 5015 ἡμῶν
3323 4939 3605 5013 Μέμνονος
3638 4945 3742 4997 τοῦ

2678 5018 3122 5091 Θαυματουργοῦ.

2147 5119 2404 5195 Μέμνων,
2437 5124 2465 5178 ὁ
2494 5120 2549 5178 ἐν
2592 5121 2769 5197 ἁγίοις
2824 5123 3011 5198 Πατὴρ
3059 5124 3245 5194 ἡμῶν,
3295 5122 3324 5177 ὁ
3374 5126 3739 5196 Θαυματουρ-

2075 5211 2194 5285 γὸς,
2223 5210 2459 5275 ἀκούσας
2502 5216 2603 5268 τοῦ
2660 5212 2814 5287 ἁγίου
2852 5212 3193 5288 Εὐαγγελίου
3225 5211 3506 5287 λὲγοντοςο
3543 5214 3739 5276 ’Όστις

2080 5308 2178 5364 οὐκ
2206 5308 2384 5383 ἀφῆκε
2411 5312 2641 5386 πατέρα,
2698 5310 2733 5380 ἢ
2799 5308 3031 5385 μητέρα,
3086 5309 3123 5379 ἢ
3185 5308 3477 5385 ἀδελφοὺς,
3512 5312 3548 5379 ἢ
3579 5307 3747 5366 ἁδελ-

2075 5399 2201 5471 φὰς,
2235 5399 2270 5467 ἧ
2304 5400 2505 5469 οἰκίας,
2537 5402 2571 5471 ἢ
2602 5400 2823 5476 ἀγροὺς,
2882 5399 2944 5456 οὐ
2999 5398 3222 5455 δύναταί
3257 5420 3361 5473 μου
3393 5401 3520 5455 εἶναι
3556 5411 3740 5472 μαθη-

2071 5488 2192 5557 τής⁶
2251 5488 2343 5543 καὶ
2401 5490 2716 5565 κατανυγεὶς
2765 5491 2865 5558 τήν
2923 5491 3131 5566 ψυχὴν,
3190 5487 3508 5544 καταλιπὼν
3536 5492 3737 5557 πάντα,

2072 5576 2429 5648 ἠκολούθησε
2458 5585 2537 5653 τῷ
2567 5584 2805 5657 Χριστῷ·
2863 5581 2953 5637 καὶ
3014 5581 3190 5643 οὕτως
3245 5582 3560 5656 ἠγωνίσατο
3595 5583 3737 5653 πρὸς

2071 5667 2286 5739 ἀρετὴν,
2347 5669 2422 5731 ὡς
2488 5668 2708 5745 δοχεῖυν
2787 5671 3049 5747 καθαρὸν,
3129 5670 3218 5725 καὶ
3301 5668 3731 5745 κατοικητήρίον

2071 5758 2215 5827 ἄξιον
2300 5754 2539 5834 γενέσθαι
2626 5763 2723 5814 τοῦ
2807 5760 2963 5836 ἁγίου
3022 5758 3355 5831 Ηνεόματος.
3436 5759 3734 5829 Ὑποταξας
