4086 6204
235 488 364 549 εει)
1786 480 1904 542 AP]

2021 481 2116 544 ,lS.
3545 499 3664 558 430

236 619 343 695 γάρ
373 618 475 685 τήν
500 616 672 692 σάρκα
721 618 800 688 τῷ
856 615 1122 688 πνεύματι
1177 612 1269 671 διὰ
1323 612 1544 683 πολλῆς
1590 612 1903 689 ἐγκρατείας

2021 618 2139 677 lum
2163 625 2431 680 evaserit.
2455 626 2599 681 Cum
2619 625 2839 682 etenim
2863 642 3101 684 carnem
3116 644 3223 700 per
3238 631 3671 690 continentiam

238 709 335 764 καὶ
392 706 796 775 ταπεινώσεως,
854 710 947 760 καί
1023 706 1209 759 παθῶν
1280 704 1569 779 κυριεύσας
1640 706 1748 758 τῶν
1805 708 1905 771 τῆς

242 790 445 862 σαρκὸς
475 789 623 861 ὁμοῦ
651 786 742 842 καὶ
787 792 889 855 τῆς
945 788 1156 862 ψυχῆς,
1214 783 1428 860 ἐγένετο
1482 784 1571 841 καὶ
1641 783 1904 857 μοναζὸν-

238 901 356 935 των
406 878 673 954 ἀρχηγὸς,
728 878 816 932 καὶ
883 878 1002 953 βίον
1057 878 1223 947 ζήσας
1275 875 1592 952 ἰσάγγελον,
1639 875 1906 950 καὶπαρά

242 974 384 1028 Θεοῦ
413 970 508 1038 τήν
553 972 662 1023 τῶν
723 969 1013 1040 θαυμάτων
1070 966 1360 1022 ὶπλούτισε
1406 966 1592 1042 χάριν.
1643 965 1746 1023 Καὶ
1801 964 1903 1040 γάρ

243 1064 392 1132 πάθη
454 1061 648 1116 ἀνίατα
731 1058 1073 1135 ἆθεράπευσε,
1161 1056 1252 1113 καὶ
1339 1057 1577 1133 ῥείθροις
1656 1053 1901 1131 δακρύων

241 1153 347 1220 τὴν
399 1153 588 1226 ψυχήν
639 1148 1012 1224 ἀποκαθάρας,
1072 1143 1241 1202 ὕδατα
1295 1145 1349 1203 ἰν
1408 1146 1558 1222 ξηρῷ
1600 1145 1756 1218 τόπῳ
1812 1142 1902 1200 διὰ

239 1246 563 1315 προσευχῆς
591 1231 893 1293 ἀναϐλύσαι
936 1236 1324 1311 παρεσκεύασε,
1377 1237 1468 1291 καὶ
1520 1234 1667 1292 ἄλλα
1715 1233 1902 1291 πολλά

243 1327 497 1402 θαύματα
524 1327 776 1397 τελέσας,
808 1324 860 1381 ἑν
889 1325 1083 1401 εἰρήνῃ
1116 1323 1441 1395 ὶτελειώθη.

800 1517 986 1575 MHNI
1040 1520 1125 1571 ΤΩ
1164 1516 1363 1575 ΑΥΤΩ.

1020 1606 1126 1664 ΚΘ⁹

242 1699 463 1771 Μνήμη
522 1700 620 1752 τοῦ
676 1694 835 1772 ἆγίου
880 1693 1218 1772 ⁸(Ξιξιιτοστόλοιι
1293 1694 1567 1768 Σίμωνος,
1642 1692 1702 1755 ’ὀς
1780 1690 1903 1747 ἕπε·

845 1768 1029 1838 κλήθη
1063 1763 1295 1824 Ἰούδας.

319 1885 511 1957 Σίμων
545 1884 575 1938 6
625 1886 723 1939 τοῦ
780 1884 1018 1959 Χριστοῦ
1076 1882 1245 1956 μέγας
1297 1880 1629 1950 ἀπόστολος,
1686 1880 1904 1955 ὑπῆρχε

2014 711 2320 785 animique
2351 713 2778 772 demissionem
2810 716 3045 789 spiritui
3076 718 3454 790 subjecisset,
3504 727 3563 777 et
3605 722 3669 778 in

2014 820 2223 861 omnes
2245 807 2442 862 carnis
2463 808 2767 879 animique
2781 810 3027 866 atl‘ectus
3041 811 3356 883 imperium
3374 813 3671 871 obtinuis-

2014 899 2125 960 set,
2150 896 2579 953 monachorum
2602 914 2822 968 praeses
2844 900 3033 956 factus
3057 907 3146 957 est
3166 902 3493 973 :vitamque
3511 920 3664 975 pene

2012 982 2338 1054 angelicam
2358 987 2671 1043 traducens
2693 989 2871 1045 etiam
2892 991 3315 1047 miraculorum
3330 992 3483 1048 dono
3499 1010 3532 1049 a
3545 994 3662 1049 Deo

2011 1070 2232 1127 ditatus
2262 1072 2392 1130 fuit.
2427 1075 2657 1132 Morbos
2688 1078 2844 1133 enim
2899 1096 3143 1151 prorsus
3190 1081 3662 1138 immedicabiles

2012 1163 2270 1230 curavit;
2295 1163 2535 1221 demum
2557 1183 2691 1222 cum
2713 1169 2976 1225 animam
2999 1170 3394 1242 lacrymarum
3417 1171 3660 1227 fluentis

2012 1252 2329 1323 expiasset,
2361 1271 2432 1310 ex
2461 1255 2625 1311 arido
2676 1261 2735 1312 et
2777 1259 2932 1314 sicco
2980 1260 3109 1314 loco
3151 1276 3335 1330 aquas
3384 1260 3659 1331 precibus

2012 1341 2309 1414 proﬂuere
2339 1341 2516 1400 fecit:
2549 1345 2801 1417 aliisque
2835 1348 3108 1418 plurimis
3139 1348 3442 1405 miraculis
3464 1354 3659 1421 patra-

2012 1430 2110 1498 tis,
2143 1431 2206 1488 in
2236 1448 2381 1504 pace
2420 1434 2797 1491 obdormivit.

2569 1537 2809 1592 EODEM
2852 1537 3101 1594 MENSE.

2539 1625 2645 1681 Die
2674 1626 2954 1683 vicesima
2980 1643 3141 1684 nona

2013 1713 2282 1768 Memoria
2361 1714 2537 1769 sancti
2618 1716 2855 1842 apostoli
2933 1717 3190 1785 Simonis,
3283 1718 3661 1786 cognominati

2779 1804 2813 1841 u
2856 1804 2921 1842 aa.

2779 1804 2921 1844 uaaa.

2087 1891 2289 1948 Simon
2319 1909 2569 1966 magnus
2625 1894 2839 1951 Christi
2878 1896 3181 1967 apostolus
3227 1896 3340 1950 fuit
3388 1913 3457 1952 ex
3506 1898 3662 1951 Cana

249 1976 350 2048 μὶν
384 1973 492 2030 ἀπὸ
520 1974 670 2030 Κανᾶ
714 1979 815 2041 τῆς
869 1970 1187 2042 Γαλιλαίας,
1235 1967 1362 2036 ἔνθα
1401 1971 1429 2026 6
1482 1968 1684 2043 Κύριος
1739 1972 1901 2043 ἡμῶν

2021 1981 2291 2047 Galilmaa,
2324 1983 2424 2038 ubi
2453 1984 2737 2039 Dominus
2768 2001 2834 2040 ac
2867 1987 3021 2042 Deus
3050 1992 3255 2042 noster
3302 1986 3375 2042 ad
3423 1987 3661 2058 nuptias

244 2065 339 2121 καὶ
398 2065 527 2126 Θεὸς
586 2061 812 2133 κληθεὶς
870 2062 946 2127 εἰς
1001 2063 1202 2138 γάμον,
1273 2062 1410 2134 μετά
1464 2067 1562 2130 τῆς
1628 2059 1903 2137 ἀχράντου

247 2155 480 2229 Μητρὸς
530 2151 696 2208 αὐτοῦ
752 2152 840 2207 καὶ
899 2155 1010 2206 τῶν
1055 2151 1335 2222 μαθητῶν,
1388 2148 1674 2223 λείψαντος
1722 2148 1902 2218 οἷ’νου,

243 2247 345 2300 τοῦ
414 2246 846 2316 θαυμτουργεῖν
931 2239 1252 2315 ἀρξάμενος,
1340 2234 1430 2293 διὰ
1506 2237 1902 2314 παρακλήσεως

239 2340 346 2402 τῆς
380 2332 629 2406 Μητρὸς,
654 2330 717 2385 τὸ
749 2328 897 2405 ὕδωρ
950 2328 1029 2390 είς
1078 2329 1226 2383 οἶνον
1282 2320 1600 2400 μετέϐαλεν.
1659 2327 1903 2402 Ἐγένετο

242 2420 303 2479 δὲ
335 2423 504 2478 αὐτοῦ
565 2420 835 2495 μαθητὴς,
885 2418 977 2475 καὶ
1032 2423 1129 2474 τοῦ
1184 2419 1541 2493 κηρύγματος
1602 2415 1900 2492 ὑπηρέτης’

237 2510 333 2568 καὶ
364 2512 434 2581 ἦν
466 2511 605 2584 μετά
630 2514 736 2566 τῶν
789 2507 1002 2564 λοιπῶν
1054 2507 1404 2572 ἀποστόλων,
1455 2507 1775 2573 ἀκολουθῶν
1825 2512 1904 2581 τῷ

240 2605 487 2678 Χριστῷ,
519 2599 738 2668 καὶτῆς
790 2600 911 2673 ππιρ⁷
970 2596 1135 2653 αὐτοῦ
1185 2594 1537 2659 διδασκαλίας
1587 2596 1903 2657 ἀπολαύων.

240 2692 401 2750 Μετᾶ
431 2686 491 2746 δὶ
531 2690 632 2758 τὴν
694 2686 969 2762 ἀνάληψιν
1030 2686 1192 2742 αὐτοῦ
1247 2686 1335 2741 καὶ
1388 2687 1487 2756 τήν
1547 2685 1621 2749 εἷς
1679 2686 1905 2763 οὐρανὸν

240 2774 533 2848 ἀνάϐασιν,
585 2776 835 2841 ἀπελθὼν
897 2776 973 2839 εἲς
1029 2777 1128 2844 τήν
1207 2774 1372 2831 πόλιν
1454 2773 1738 2844 Ἔδεσσαν,
1813 2775 1905 2832 καὶ

240 2868 498 2930 πολλοὺς
542 2864 758 2941 διδάξας
816 2870 923 2921 τῶν
985 2862 1411 2939 εἷδωλολατρῶν
1458 2864 1548 2919 τὸν
1599 2864 1760 2940 λόγον
1807 2871 1907 2934 τῆς

244 2958 538 3030 ἀληθείας,
566 2956 890 3030 ἐπέστρεψεν
947 2953 1035 3010 ἐπὶ
1095 2954 1187 3009 τὸν
1251 2955 1469 3029 Κύριονο
1532 2955 1686 3011 Μετὰ
1739 2957 1908 3009 ταῦτα

243 3047 301 3106 δὶ
340 3047 807 3124 παραγενόμενος,
865 3046 957 3102 καὶ
1013 3045 1088 3109 είς
1150 3043 1596 3119 Μεσοποταμίαν,
1645 3044 1907 3119 ἐκήρυττε

241 3138 529 3214 παῤῥησίᾳ
555 3136 617 3192 τό
649 3132 825 3210 ὄνομα
868 3140 964 3191 τοῦ
1017 3134 1239 3211 Κυρίου·
1289 3135 1380 3189 καὶ
1436 3133 1601 3190 πάλιν
1650 3131 1903 3190 ἀπελθῶν

242 3228 318 3287 εἰς
358 3224 644 3296 Ἔδεσσαν,
701 3225 790 3280 καὶ
850 3222 1038 3280 πολλά
1095 3223 1345 3297 θαύματα
1399 3221 1768 3299 ἐργασάμενος
1828 3224 1903 3287 είς

243 3314 402 3387 δόξαν
434 3318 590 3384 Θεοῦ,
619 3314 669 3369 ἐν
706 3313 903 3390 εῗρήνῃ
934 3311 1255 3383 ἐτελειώθη.

242 3433 343 3493 Καὶ
376 3432 613 3507 ἄθλησις
656 3436 765 3489 τῶν
821 3431 998 3507 ’ἀγίων
1054 3432 1098 3507 θ’
1150 3430 1447 3507 ,μαρτύριον
1505 3434 1614 3507 τῶν
1658 3429 1729 3507 ,ἐν
1787 3432 1899 3489 Κυ-

457 3501 610 3577 ζίκῳ,
644 3501 955 3578 Θεογνίδόυ,
984 3504 1072 3558 καὶ
1104 3501 1204 3573 τῆς
1232 3501 1486 3565 συνοδίας
1517 3503 1705 3559 αὐτοῦ.

319 3605 389 3664 Οἱ
424 3604 576 3679 ἅγιοι
612 3604 880 3676 μάρτυρες
927 3607 1025 3657 τοῦ
1074 3603 1311 3677 Χριστοῦ
1359 3602 1602 3679 Θεόγνις,
1652 3603 1903 3680 Ῥοῦφος,

243 3693 628 3767 Ἀντίπατρος,
682 3691 959 3767 Εὐτυχὴς,
1019 3691 1311 3765 Ἀρτεμᾶς,
1379 3693 1618 3767 Μάγνος,
1702 3689 1902 3747 Θεόδο-

244 3804 361 3851 τος,
395 3779 731 3853 Θαυμάσιος,
761 3782 849 3835 καὶ
884 3778 1185 3853 Φιλήμων,
1219 3781 1474 3857 ὑπῆρχον
1528 3781 1624 3854 μὲν
1677 3780 1739 3836 ἐκ
1783 3778 1893 3835 διαο

246 3871 432 3950 φόρων
491 3868 697 3938 τόπων,
790 3870 1258 3944 συναθροισθέντες
1326 3866 1384 3925 δὲ
1440 3868 1492 3925 ἐν
1558 3869 1779 3943 Κυζίκῳ
1833 3872 1903 3943 τῇ

240 3958 405 4015 πόλει
432 3959 572 4013 κατά
598 3959 689 4014 τὸν
721 3958 910 4033 καιρὸν
944 3962 1038 4012 τοῦ
1065 3955 1341 4034 διωγμοῦ,
1392 3957 1480 4014 καί
1528 3958 1619 4013 τὸν
1674 3958 1905 4034 Χριστὸν

239 4049 626 4123 κηρόττοντες,
659 4046 1038 4122 ἰκρατήθησαν
1089 4047 1237 4123 παρά
1290 4052 1398 4103 τῶν
1455 4045 1903 4122 εἷδωλολατρῶν,

236 4138 329 4192 καὶ
358 4134 739 4212 παρεδόθησαν
770 4140 852 4209 τῷ
879 4142 979 4206 τῆς
1033 4137 1249 4199 πόλεως
1305 4134 1555 4214 τΞὶρχοντι⁸
1607 4136 1697 4191 καὶ
1749 4134 1903 4208 δεξά-

242 4247 398 4301 μενοι
461 4226 688 4302 πρώτην
764 4224 1056 4302 ἐρωτησιν,
1136 4227 1227 4282 καὶ
1310 4226 1597 4305 τυφθέντες
1680 4226 1903 4296 ἱκανῶς,

239 4317 711 4391 παρεπέμφθησαν
798 4315 1039 4393 φυλακῇ.
1119 4317 1215 4372 Καὶ
1309 4317 1443 4390 μετά
1548 4320 1715 4371 ταῦνα
1809 4322 1908 4386 τῆς

242 4405 499 4483 φυλακῆς
560 4400 943 4475 ἐκϐληθέντες,
1003 4407 1378 4481 ἠναγκάζοντο
1429 4404 1761 4479 ἀρνήσασθαι
1808 4408 1902 4478 μὲν

241 4497 335 4551 τὸν
368 4493 628 4570 Χριστὸν,
658 4499 811 4558 θῦσαι
863 4492 921 4549 δὶ
977 4499 1094 4558 τοῖς
1143 4491 1421 4556 εἰδώλοις.
1454 4495 1521 4553 Οἱ
1554 4492 1611 4550 δὶ
1662 4496 1738 4568 μή
1785 4515 1906 4550 πει-

246 4586 485 4652 σθέντες,
513 4581 662 4638 ἀλλά
686 4590 785 4653 τῆς
835 4583 1051 4654 πλάνης
1106 4584 1194 4638 καὶ
1252 4578 1617 4655 ματαιότητος
1668 4587 1775 4639 τῶν
1828 4583 1906 4639 εί-

246 4671 447 4728 δὼλων
490 4673 945 4739 καταπτύσαντες,
1003 4672 1093 4727 καὶ
1151 4675 1246 4727 τοῦ
1306 4672 1578 4748 ἃρχοντος
1629 4693 1904 4750 καταφρο-

2013 2077 2251 2127 vocatus
2271 2088 2391 2127 una
2419 2090 2553 2128 cum
2582 2074 2933 2129 intemerata
2964 2075 3091 2145 ejus
3123 2076 3438 2143 Genitrice,
3472 2092 3539 2130 ac
3571 2074 3661 2130 di-

2015 2161 2600 2233 scipulis,deﬁciente
2623 2164 2780 2227 vino,
2806 2165 3110 2221 miraculis
3133 2165 3368 2219 initium
3392 2164 3659 2228 daturus,

2015 2251 2283 2324 ejusdem
2316 2268 2436 2308 suae
2465 2253 2779 2308 Genitricis
2809 2259 3039 2327 rogatu,
3084 2271 3301 2326 aquam
3356 2255 3416 2308 in
3459 2254 3660 2309 vinum

2014 2342 2536 2398 convertit.Factus
2558 2348 2648 2398 est
2668 2343 2865 2415 itaque
2885 2344 3085 2400 Simon
3109 2345 3296 2416 ipsius
3313 2344 3661 2417 discipulus,

2014 2448 2082 2487 ac
2108 2432 2550 2504 praedicationis
2594 2433 2905 2488 minister:
2957 2438 3014 2488 et
3059 2450 3180 2489 una
3226 2450 3359 2490 cum
3418 2434 3666 2506 reliquis

2013 2522 2299 2593 apostolis
2316 2521 2615 2578 Christum
2640 2538 2917 2593 sequens,
2952 2523 3115 2579 illius
3136 2524 3420 2579 doctrinas
3447 2523 3664 2596 pabulo

2012 2610 2444 2684 perfruebatur.
2477 2615 2554 2668 At
2581 2618 2715 2684 post
2735 2612 2866 2684 ejus
2886 2614 3356 2684 assumptionem
3381 2619 3439 2668 et
3457 2631 3668 2671 ascen-

2013 2700 2241 2757 sionem
2273 2702 2335 2757 in
2365 2701 2601 2767 coelum,
2634 2702 2911 2757 Edessam
2946 2702 3135 2773 petiit.
3169 2702 3267 2758 ubi
3291 2720 3425 2759 cum
3447 2704 3667 2761 multos

2015 2807 2085 2846 ex
2114 2790 2448 2847 idololatris
2477 2791 2722 2847 verbum
2753 2792 3015 2847 veritatis
3048 2792 3403 2858 edocuisset;
3436 2793 3571 2849 illos
3588 2794 3663 2849 ad

2015 2880 2329 2936 Dominum
2353 2881 2806 2936 convertit.Post
2825 2881 2951 2935 haec
2968 2886 3166 2936 autem
3182 2883 3662 2953 Mesopotamiam

2013 2985 2356 3043 peragrans,
2391 2969 2575 3025 libere
2606 2969 2821 3025 Christi
2852 2986 3069 3026 nomen
3098 2971 3475 3027 annuntiavit
3508 2989 3521 3026 :
3554 2973 3664 3028 ite-

2014 3075 2266 3131 rumque
2301 3060 2389 3115 77
2429 3057 2710 3114 Edessam
2767 3075 3091 3130 regressus,
3148 3076 3283 3115 cum
3341 3061 3529 3117 multa
3586 3061 3661 3117 ad

2015 3152 2118 3207 Dei
2148 3150 2399 3223 gloriam
2428 3148 2718 3207 miracula
2748 3148 3051 3218 edidisset,
3075 3150 3140 3206 in
3168 3166 3313 3221 pace
3344 3150 3623 3209 decessit.

2012 3449 2080 3506 Et
2134 3453 2405 3504 certamen
2453 3452 2772 3521 sanctorum
2820 3464 3010 3504 nouem
3078 3454 3385 3521 martyrum
3463 3450 3666 3521 Cyzici,

2400 3519 2730 3588 Theognidis
2758 3525 2810 3575 et
2837 3522 3107 3576 sociorum
3135 3519 3271 3590 ejus.

2089 3620 2286 3677 Sancti
2333 3619 2549 3675 Christi
2609 3625 2897 3691 martyres
2942 3622 3253 3694 Theognis,
3299 3620 3505 3688 Rufus,
3554 3624 3665 3679 An-

2012 3712 2247 3782 tipater,
2297 3709 2610 3781 Eutyches,
2659 3710 2950 3777 Artemas,
2996 3712 3258 3783 Magnus,
3305 3711 3662 3778 Theodotus,

2013 3800 2421 3866 Thaumasius,
2454 3803 2513 3854 et
2540 3798 2877 3866 Philemon,
2922 3816 2991 3855 ex
3023 3799 3269 3855 diversis
3321 3802 3661 3873 regionibus

2017 3895 2211 3945 ortum
2241 3888 2497 3943 duxere:
2532 3888 2712 3943 simul
2742 3892 2940 3944 autem
2973 3905 3042 3944 eo
3073 3893 3362 3961 tempore,
3388 3907 3502 3960 quo
3526 3907 3665 3963 per-

2016 3977 2239 4033 secutio
2256 3976 2508 4032 excitata
2528 3974 2809 4043 fuerat,in
2832 3976 2978 4032 urbe
3000 3977 3204 4049 Cyzico
3223 3983 3666 4034 convenerunt:

2015 4066 2116 4121 ubi
2148 4066 2444 4121 Christum
2476 4065 2894 4137 prmdicantes,
2936 4066 3351 4137 comprehensi
3403 4074 3542 4122 sunt
3594 4069 3665 4123 ab

2016 4155 2435 4216 idololatris.et
2456 4154 2529 4210 ad
2557 4155 2812 4209 civitatis
2832 4155 3146 4226 praesidem
3165 4155 3424 4211 adducti.
3452 4162 3533 4211 Ac
3554 4157 3670 4228 pri-

2015 4258 2173 4297 mam
2197 4241 2591 4311 quaestionem
2615 4241 2960 4309 subeuntes,
2988 4241 3311 4296 crudeliter
3343 4243 3502 4307 carsi,
3529 4248 3587 4297 et
3608 4243 3670 4305 in

2015 4346 2314 4388 carcerem
2344 4329 2573 4385 detrusi
2604 4329 2863 4385 fuerunt.
2896 4332 3110 4386 Postea
3139 4346 3169 4385 e
3192 4345 3427 4386 carcere
3452 4331 3669 4401 educti,

2016 4420 2313 4476 Christum
2345 4418 2635 4492 abnegare
2659 4419 2815 4490 jussi
2844 4424 3002 4485 sunt,
3029 4425 3088 4474 et
3114 4418 3290 4475 idolis
3312 4420 3668 4476 sacrificare.

2015 4510 2159 4565 Cum
2190 4524 2325 4564 vero
2368 4524 2489 4562 non
2550 4506 2924 4575 assensisset,
2981 4507 3084 4563 sed
3134 4508 3331 4581 potius
3374 4508 3670 4565 idolorum

2014 4597 2425 4670 deceptionem
2455 4612 2791 4669 vanumque
2822 4596 3047 4652 cultum
3091 4597 3520 4670 despexissent,
3572 4598 3669 4671 ip-

2018 4703 2267 4759 sumque
2289 4685 2605 4759 praasidem
2630 4686 3149 4759 contempsissent,
3172 4688 3355 4743 sacris
3376 4688 3672 4759 capitibus

241 4765 528 4833 νήσαντες,
588 4760 686 4823 τὰς
744 4761 893 4837 ἱερὰς
954 4760 1129 4816 αὐτῶν
1188 4739 1429 4838 κεφαλάς
1486 4739 1899 4835 ἀπετμήθησαν

2021 4739 2263 4759 πηῖᾑ-
2289 4739 2436 4759 ,m,
2483 4739 2603 4741 ν
2638 4739 2651 4741 -
3174 4739 3349 4743 ημη
3384 4739 3589 4759 mf---"
3609 4739 3669 4745 π-

2021 4776 2296 4832 abscissis
2327 4775 2676 4847 martyrium
2707 4781 3220 4832 consummarunt.
3255 4776 3499 4834 Illorum
3532 4778 3672 4833 reli-

240 4852 312 4908 τά
341 4848 402 4907 δὶ
433 4849 666 4925 λείψανα
704 4849 878 4907 αὐτῶν
944 4847 1298 4923 μετατεθέντα
1356 4848 1407 4905 ἐν
1468 4851 1709 4924 Κυζίκῳ,
1765 4849 1906 4906 πολ-

242 4940 348 5002 λὰς
381 4940 555 5001 ἰάσεις
582 4937 893 4995 ἐπιτελοῦσι
923 4939 1002 5003 εἷς
1038 4936 1192 5014 δόξαν
1226 4942 1488 5014 Χριστοῦ.

811 5040 993 5098 ΜΗΝῙ
1033 5044 1115 5095 ΥΩ
1152 5041 1350 5097 ΑΥΤΩ.

243 5216 523 5289 Ἀθλησις
575 5222 674 5274 τοῦ
734 5217 889 5294 ἁγίου
947 5137 1258 5299 ἀποέτόλου
1332 5213 1598 5278 Ἰακώϐου
1671 5216 1911 5299 ἀδελφοῦ

912 5294 1010 5345 τοῦ
1042 5291 1261 5366 Κυρίου.

319 5384 613 5458 Ἰάκωϐος,
669 5392 698 5446 6
760 5394 925 5467 μιγας
982 5389 1308 5461 ἀπόστολος,
1368 5391 1485 5453 υἱὸς
1555 5392 1761 5469 Ἰωσὴφ
1814 5396 1911 5445 τοῦ

249 5485 603 5554 Μνήστορος,
638 5479 873 5559 ἀδελφὸς
919 5478 976 5537 δὶ
1026 5482 1161 5537 κατά
1216 5483 1385 5555 σάρκα
1426 5485 1524 5538 τοῦ
1573 5483 1791 5559 Κυρίου,
1827 5483 1915 5560 ὑφ’

251 5572 318 5627 ού
377 5573 467 5627 καί
527 5570 927 5648 ἱχειροτονήθη
988 5575 1201 5645 πρῶνος
1254 5570 1550 5634 ἐπίσκοπος
1606 5570 1912 5646 Ἰεροσολύ-

254 5681 395 5734 μων·
432 5660 704 5736 ύπάρχων
758 5657 817 5715 δὲ
866 5655 1104 5728 εὐλαϐὴς
1162 5660 1253 5715 καὶ
1307 5659 1601 5737 ἐγκρατὴς,
1660 5661 1914 5735 ἐλεήμων

249 5751 342 5806 καὶ
404 5750 722 5823 συμπαθὴς,
781 5746 1062 5817 ἆπεκλήθη
1150 5748 1387 5811 Δίκαιος.
1443 5747 1603 5811 Τίνες
1661 5750 1774 5818 οὗν,
1832 5752 1906 5805 ὢν

250 5842 431 5921 ἦρχεν
488 5840 717 5902 ’Δνανὸς
776 5840 806 5895 6
860 5836 1034 5915 ἱερεὺς
1088 5843 1198 5894 τῶν
1253 5836 1553 5915 Ἰουδαίων,
1607 5847 1709 5915 τῆς
1773 5842 1908 5899 κατά

2018 4865 2173 4937 quise
2204 4865 2265 4919 in
2296 4863 2441 4919 urbe
2472 4863 2674 4935 Cyzico
2706 4864 3010 4937 depositae,
3062 4864 3281 4922 multas
3334 4866 3673 4923 curationes

2021 4953 2096 5011 ad
2122 4953 2336 5009 Christi
2367 4953 2618 5027 gloriam
2650 4953 2940 5010 tribuunt.

2582 5051 2823 5108 EODEM
2867 5053 3119 5109 MENSE.

2628 5140 2733 5197 Die
2767 5140 3072 5198 tricesima

2122 5241 2413 5298 Certamen
2441 5239 2624 5298 sancti
2656 5241 2892 5312 apostoli
2915 5243 3105 5298 Jacobi
3132 5244 3330 5310 fratris
3358 5244 3595 5300 Domini.

2093 5394 2345 5451 Iacobus
2396 5410 2648 5469 magnus
2696 5394 3022 5468 apostolus,
3077 5395 3237 5451 filius
3285 5395 3399 5450 fuit
3438 5397 3678 5468 Iosephi

2026 5484 2258 5556 Sponsi,
2292 5484 2475 5540 frater
2500 5488 2699 5539 autcm
2734 5484 2965 5540 Domini
2997 5485 3325 5540 secundum
3358 5502 3620 5548 carnem,
3649 5500 3683 5539 a

2027 5591 2143 5646 quo
2178 5579 2235 5629 et
2263 5574 2490 5645 primus
2523 5573 3067 5645 Hierosolymorum
3100 5574 3412 5646 episcopus
3443 5572 3682 5627 ordina-

2034 5669 2132 5719 tus
2161 5668 2267 5718 est.
2302 5663 2445 5716 Cum
2477 5678 2612 5717 vero
2644 5662 2777 5733 pius
2806 5667 3049 5729 esset,et
3070 5663 3403 5725 continens,
3428 5676 3537 5714 nec
3560 5676 3679 5714 non

2030 5752 2392 5819 misericors,
2426 5756 2484 5807 et
2513 5751 2847 5816 miserator,
2878 5751 3331 5821 cognominatus
3353 5753 3443 5801 est
3460 5747 3678 5799 Justus.

2032 5844 2179 5901 Hinc
2199 5841 2497 5914 nonnulli,
2522 5855 2776 5916 quorum
2794 5845 3035 5895 Ananus
3053 5836 3387 5894 Judmorum
3407 5831 3681 5885 sacerdos
