4086 6204
396 404 509 466 431

1672 381 2103 447 MENOLOGII
2144 381 2352 447 PARS
2396 383 2502 446 III.

3687 384 3806 447 432

407 536 526 591 dux
556 535 702 598 erat,
722 529 994 597 consilio,
1020 526 1178 599 quod
1191 525 1471 581 adversus
1492 520 1743 579 Paulum
1770 518 2042 583 inierant,

2168 513 2389 573 Παύλου
2418 511 2719 586 ἐπιϐουλῆς
2773 513 3169 592 ἀποτυχόντες,
3227 513 3431 573 ἐκείνου
3475 515 3611 592 πρὸς
3670 516 3809 574 Ῥώ-

392 621 665 680 frustrati
718 619 961 693 (quippe
992 618 1093 689 qui
1153 618 1399 672 Romam
1457 609 1757 685 profectus
1813 607 2051 677 fuerat),

397 718 637 786 paratas
667 709 918 765 insidias
947 707 1231 762 adversus
1275 702 1556 760 Iacobum
1604 701 1641 754 7
1653 699 1700 754 8
1744 701 2055 754 converte-

400 807 565 857 runt.
627 801 769 854 Cum
828 796 1009 869 igitur
1065 795 1260 867 ipsum
1343 787 1961 862 comprehendissent,
2019 800 2054 839 a

400 890 634 945 Christo
665 902 801 943 eum
834 891 1097 940 avertere
1148 882 1343 939 conati
1395 885 1552 936 sunt.
1601 875 1825 933 Deinde
1876 889 2054 946 supra

397 978 608 1050 templi
642 975 1029 1050 pinnaculum
1059 974 1255 1045 ipsum
1290 970 1660 1027 deterentes:
1708 965 1806 1021 llic
1856 962 2053 1030 nobis,

395 1068 697 1140 inquiunt,
734 1066 889 1120 elata
920 1080 1077 1125 voce.
1112 1080 1145 1119 ο
1166 1064 1350 1134 juste,
1380 1059 1681 1131 quodnam
1714 1060 1805 1111 est
1832 1053 2053 1109 ostium

394 1160 574 1214 Jesu‘:
602 1155 708 1211 llle
741 1170 876 1210 vero
909 1154 1027 1208 ait:
1063 1151 1211 1219 Quid
1246 1166 1338 1207 me
1369 1150 1441 1205 de
1469 1150 1606 1204 Jesu
1627 1142 2004 1215 interrogatis
2027 1141 2058 1197 τ

397 1251 529 1320 Ipse
570 1246 729 1301 enim
757 1250 865 1312 est,
899 1244 1001 1315 qui
1029 1243 1088 1297 in
1121 1241 1285 1298 caelis
1316 1239 1482 1295 sedet
1506 1238 1579 1294 ad
1610 1236 1912 1292 dexteram
1944 1234 2056 1288 Pa-

400 1345 526 1410 tris,
552 1349 612 1398 et
636 1343 851 1397 iterum
873 1345 1155 1395 venturus
1187 1343 1277 1392 est
1294 1336 1564 1409 judicare
1597 1331 1887 1389 mundum
1918 1327 2057 1384 uni-

395 1448 631 1487 versum
661 1431 721 1484 in
746 1429 1002 1501 justitia.
1036 1430 1218 1482 Porro
1250 1426 1335 1481 illi
1370 1441 1504 1480 cum
1554 1423 1681 1478 hazc
1724 1419 2053 1477 audissent,

396 1520 844 1576 exclamarunt:
877 1517 1014 1584 heu,
1049 1516 1187 1583 heu,
1220 1515 1396 1571 etiam
1446 1515 1645 1569 Justus
1694 1508 1949 1566 erravit:
1981 1504 2052 1560 il-

2168 626 2273 678 μην
2334 605 2688 677 ἀπελθόντος,
2768 606 3056 682 τρέπονται
3132 606 3267 661 κατά
3339 609 3438 661 τοῦ
3516 601 3806 664 Ἰακώϐου.

2162 694 2259 751 Καὶ
2340 697 2701 770 κρατήσαντες
2774 695 2959 764 αὐτὸν,
3070 696 3374 771 ἠνάγκαζον
3479 696 3807 770 ἀρνήσασθαι

2160 785 2253 840 τὸν
2285 785 2537 859 Χριστόν·
2601 784 2691 839 καὶ
2757 784 3047 861 ἀγαγόντες
3106 784 3194 839 επὶ
3245 785 3308 839 τὸ
3363 785 3663 861 πτερύγιον
3713 790 3809 841 τοῦ

2162 875 2335 951 ἱεροῦ,
2366 873 2552 949 ελεγον
2584 874 2752 946 αύτῷ.
2786 874 2920 932 Elite
2968 876 3129 947 ἡμῖν,
3183 870 3379 944 δίκαιε,
3432 876 3641 950 μεγάλῃ
3693 897 3812 953 φω-

2160 965 2248 1035 νῆ·
2284 964 2370 1024 τίς
2419 963 2559 1018 ἐστιν
2591 964 2626 1033 ἡ
2658 962 2794 1040 θύρα
2842 968 2940 1018 τοῦ
2998 965 3216 1033 Ἰησοῦς
3272 963 3334 1021 Ὀ
3392 959 3451 1018 δὲ
3508 964 3676 1018 εἶπεν·
3738 963 3810 1023 Τί

2166 1073 2233 1125 με
2266 1051 2499 1125 ἐρωτᾶτε
2529 1052 2651 1125 περὶ
2682 1057 2778 1107 τοῦ
2819 1053 3042 1121 Ἰησοῦς
3097 1050 3276 1112 Αὐτός
3325 1050 3467 1106 ἔστιν
3502 1052 3530 1106 ὁ
3560 1050 3611 1106 ἐν
3643 1052 3807 1125 ούρα-

2162 1147 2277 1206 νοῖς
2305 1143 2616 1214 καθήμενος
2647 1141 2708 1196 ἐκ
2752 1138 2935 1212 δεξιῶν
2989 1145 3085 1196 τοῦ
3143 1141 3376 1215 Πατρὸς,
3432 1141 3521 1195 καὶ
3582 1140 3807 1213 μέλλων

2163 1226 2417 1306 ἔρχεσθαι
2470 1235 2652 1304 κρῖναι
2680 1231 2780 1300 τήν
2831 1225 3158 1303 οἰκουμένην
3208 1228 3260 1284 ἐν
3309 1227 3645 1305 δικαιοσύνῃ.
3704 1232 3808 1289 Καὶ
3856 1290 3859 1291 ν

2164 1320 2423 1390 εἰπόντες,
2484 1321 2571 1386 Ὠ,
2630 1319 2720 1375 καὶ
2778 1320 2807 1374 ὁ
2866 1317 3077 1381 δίκαιος
3133 1315 3499 1392 πεπλάνηται,
3559 1316 3810 1396 ἔῤῥιψαν,

2165 1409 2322 1465 αὐτὸν
2379 1408 2486 1463 ἀπὸ
2542 1412 2638 1462 τοῦ
2696 1410 2847 1485 ἱεροῦ
2924 1414 3093 1465 κατω.
3173 1408 3277 1464 Καὶ
3349 1402 3427 1463 ἔτι
3482 1408 3810 1482 ἐμπνέοντα,

2163 1499 2375 1571 πλήξας
2406 1497 2488 1559 τίς
2516 1496 2750 1576 κναφεὺς
2779 1496 2947 1570 ξύλῳ,
2977 1496 3272 1553 ἀπέκτεινε.

392 1610 638 1682 lumque
672 1625 744 1664 ex
772 1606 981 1679 templi
1011 1605 1274 1661 culmine
1313 1604 1594 1660 deorsum
1646 1598 2013 1673 praecipitem
2070 1596 2354 1667 egerunt:
2404 1606 2659 1663 cumque
2717 1590 2979 1645 animam
3031 1587 3225 1644 adhuc
3282 1592 3500 1662 ageret,
3562 1589 3812 1663 quidam

388 1698 538 1755 fullo
567 1697 729 1771 ligno
760 1712 898 1754 eum
926 1696 1267 1768 percutiens
1293 1692 1615 1749 interemit.

790 1831 1054 1926 MEN
1064 1829 1214 1924 SE
1292 1826 1637 1922 ΜΑΙΟ.

1050 2002 1155 2058 Die
1192 2001 1385 2074 prima

659 2104 931 2158 Dormitio
960 2103 1136 2158 sancti
1160 2100 1448 2156 Hieremia:
1472 2097 1789 2170 prophetae.

474 2246 570 2301 79
594 2244 1173 2313 Hieremias,electus
1189 2244 1288 2299 Dei
1301 2241 1612 2315 propheta,
1626 2241 1739 2296 fuit
1760 2256 1831 2296 ex
1850 2238 2050 2295 Judaaa

398 2336 675 2410 regione:
709 2340 769 2391 et
796 2334 985 2392 multa
1011 2334 1253 2406 quidem
1282 2333 1635 2389 vaticinatus
1666 2335 1774 2396 est,
1807 2347 2051 2404 praeser-

396 2426 505 2481 tim
553 2442 691 2481 vero
748 2424 1293 2496 Hierosolymorum
1337 2421 1851 2494 expugnationem.
1886 2421 2047 2486 Qua-

395 2518 639 2585 propter
669 2517 881 2569 Arcam
911 2512 1080 2585 legis,
1112 2517 1171 2567 et
1210 2527 1377 2567 sacra
1429 2510 1650 2577 omnia,
1693 2525 1825 2581 quae
1873 2508 1936 2565 in
1980 2524 2049 2565 ea

396 2606 584 2669 erant,
618 2600 936 2672 accipiens,
973 2600 1034 2655 in
1064 2605 1232 2673 petra
1261 2598 1593 2669 abscondit,
1626 2598 1763 2654 illos
1794 2598 1894 2670 qui
1916 2597 2049 2654 ade-

393 2693 545 2756 rant,
581 2689 665 2744 sic
696 2688 1029 2744 allocutus:
1062 2689 1325 2762 Migravit
1353 2689 1639 2745 Dominus
1681 2704 1751 2743 ex
1799 2687 1938 2742 Sina
1985 2687 2046 2742 in

399 2777 634 2845 cmlum,
660 2794 726 2834 ac
746 2794 955 2834 rursus
976 2777 1170 2833 veniet
1199 2778 1262 2833 in
1294 2778 1432 2833 Sina
1460 2795 1595 2833 cum
1616 2780 1934 2850 potestate;
1968 2776 2047 2832 si-

394 2883 688 2939 gnumque
710 2866 873 2923 vobis
894 2867 1006 2923 erit
1026 2868 1313 2924 adventus
1344 2869 1552 2939 ipsius,
1576 2867 1813 2939 quando
1843 2871 2048 2939 gentes

396 2972 607 3011 omnes
637 2955 866 3030 lignum
896 2955 1248 3013 adorabunt.
1275 2958 1414 3023 Qum
1437 2974 1573 3013 cum
1591 2957 1858 3024 dixisset,
1886 2955 2047 3012 illico

397 3062 577 3118 super
606 3062 737 3103 eam
770 3053 1022 3119 petram,
1072 3048 1134 3103 in
1192 3063 1310 3120 qua
1366 3054 1580 3103 Arcam
1635 3045 2045 3115 absconderat,

2075 1782 2126 1850 B

2588 1846 2913 1943 MHNI
3009 1844 3378 1954 ΜΑΙΩ.

2755 1991 2846 2048 Ἐν
2879 1993 2949 2057 τῆ
2978 1991 3195 2077 πρώτῃ.

2320 2092 2385 2151 ἸΙ
2413 2087 2674 2166 κοίμησις
2695 2093 2793 2145 τοῦ
2825 2088 2981 2165 ἁγίου
3009 2090 3295 2169 προφήτου
3325 2091 3621 2167 Ἰερεμίου.

2223 2248 2514 2324 Ἱερεμίας,
2546 2248 2573 2303 ὁ
2606 2244 2861 2312 ἐκλεκτὸς
2889 2248 3182 2324 προφήτης
3207 2250 3307 2303 τοῦ
3357 2251 3514 2319 Θεοῦ,
3551 2248 3804 2325 ὑπῆρχεν

2153 2338 2213 2394 ἐκ
2266 2344 2367 2409 τῆς
2424 2335 2685 2400 Ἰουδαίας
2743 2338 2955 2414 χώρας*
3009 2339 3381 2413 προεφήτευσε
3434 2336 3493 2395 δὶ
3536 2339 3624 2395 καὶ
3685 2334 3809 2395 ἓτε-

2153 2450 2222 2505 ρα
2255 2430 2351 2502 μὶν
2384 2427 2591 2496 πολλὰ,
2624 2426 2702 2484 ἔτι
2736 2425 2793 2483 δὲ
2839 2429 2927 2483 καὶ
2976 2429 3097 2503 περὶ
3147 2435 3247 2499 τῆς
3294 2429 3552 2492 ἁλώσεως
3598 2432 3810 2504 Ἰερου-

2154 2518 2346 2592 σαλήμ
2395 2517 2491 2573 Διὸ
2518 2516 2609 2572 καὶ
2650 2511 2814 2574 ἔλαϐε
2862 2517 2964 2586 τήν
3010 2510 3246 2574 κιϐὡτὸν
3304 2522 3399 2573 τοῦ
3455 2520 3653 2592 νόμου,
3708 2521 3809 2575 καὶ

2152 2608 2217 2661 τά
2272 2606 2325 2662 έν
2387 2606 2522 2681 αὐτῇ
2578 2607 2701 2681 ἆγιιο
2750 2606 2948 2674 πάντα,
3000 2605 3091 2661 καὶ
3174 2606 3384 2682 κρύψας
3441 2607 3517 2671 είς
3575 2610 3807 2684 πέτραν,

2152 2698 2272 2754 εἶπε
2305 2701 2422 2759 τοῖς
2475 2699 2835 2772 παρεστῶσιν,
2894 2693 3248 2769 Ἀπεδήμησε
3306 2697 3506 2772 Κύριος
3560 2697 3617 2753 έκ
3668 2700 3811 2755 Σινά

2152 2778 2230 2848 εἷς
2268 2787 2360 2841 τὸν
2426 2785 2676 2862 οὐρανὸν,
2734 2786 2828 2841 καὶ
2886 2783 3053 2841 πάλιν
3108 2786 3382 2843 ἐλεύσεται
3438 2787 3489 2842 ἐν
3556 2788 3685 2843 Σινά
3745 2788 3810 2845 ἒν

2153 2873 2399 2950 δυνάμει⁹
2461 2875 2550 2931 καὶ
2606 2881 2834 2949 σημεῖον
2896 2876 3020 2949 ὑμῖν
3108 2875 3253 2932 ἔσται
3328 2884 3428 2947 τῆς
3503 2878 3813 2952 παρουσίας

2152 2964 2339 3030 αὐτοῦ,
2398 2963 2523 3019 ὅταν
2580 2962 2738 3035 ξύλον
2817 2966 3235 3037 προσκυνήσωσι
3289 2964 3462 3021 πάντα
3524 2967 3591 3021 τά
3645 2960 3811 3037 ἔθνη,

2150 3052 2399 3130 Ἐγένετο
2431 3050 2491 3110 δὲ
2519 3053 2571 3110 ὲν
2622 3056 2692 3127 τῇ
2744 3052 2934 3128 πέτρᾳ,
2986 3054 3037 3109 ἐν
3070 3056 3107 3126 ᾗ
3136 3051 3336 3129 ἔκρυψε
3372 3052 3486 3125 τήν
3540 3051 3811 3131 κιϐωτὸν,

394 3135 586 3191 nubes
617 3137 913 3208 apparuit,
946 3137 1142 3193 locum
1176 3138 1347 3193 illum
1377 3154 1567 3210 usque
1596 3137 1658 3192 in
1690 3141 2042 3210 praesentem

2156 3140 2230 3203 ὡς
2261 3140 2460 3220 νεφέλη
2505 3141 2796 3212 σκιάζουσα
2843 3141 2934 3196 τὸν
2997 3141 3164 3197 τόπον
3222 3139 3328 3204 ἕως
3382 3145 3481 3212 τῆς
3534 3147 3808 3219 σήμερον·

395 3222 554 3279 diem
576 3223 961 3282 obumbrans.
993 3226 1201 3283 Plures
1222 3227 1436 3284 deinde
1458 3245 1755 3284 aarumnas
1776 3245 1810 3283 a
1827 3227 2047 3284 Judazis

396 3314 665 3384 sustulit,
692 3316 851 3387 quod
875 3333 1078 3373 eorum
1098 3318 1442 3391 iniquitates
1472 3319 1871 3392 redargueret.
1903 3319 2048 3374 Cum

395 3420 534 3458 vero
569 3403 631 3459 in
660 3406 971 3478 Egyptum
1002 3407 1268 3475 abiisset,
1300 3408 1576 3481 praedixit
1595 3408 1816 3475 fore,ut
1843 3424 2048 3464 eorum

395 3490 715 3548 simulacra
744 3500 1225 3562 concuterentur,
1284 3501 1344 3551 et
1381 3497 1765 3553 conciderent
1806 3501 2049 3569 propter

394 3579 751 3635 Salvatorem
785 3599 1037 3653 puerum
1069 3602 1139 3639 ex
1173 3585 1404 3658 Virgine
1435 3585 1497 3641 in
1528 3586 1759 3643 stabulo
1808 3587 1910 3643 80
1939 3601 2048 3642 na-

392 3667 701 3723 sciturum.
738 3675 821 3724 Ac
852 3670 1092 3728 demum
1123 3687 1256 3728 cum
1280 3674 1341 3729 in
1369 3674 1515 3729 urbe
1535 3676 1763 3749 Egypti
1787 3674 2046 3748 Taphnis

391 3754 650 3824 degeret,
674 3756 975 3827 lapidibus
1001 3775 1037 3813 a
1056 3761 1275 3831 populo
1297 3761 1566 3830 obrutus,
1589 3781 1619 3819 e
1641 3765 1756 3820 vita
1768 3758 2044 3834 decessit,

389 3856 571 3916 prope
606 3846 852 3902 domum
882 3848 1209 3906 Pharaonis
1242 3852 1532 3921 sepultus.

677 4006 748 4061 Et
778 4011 1051 4061 certamen
1080 4009 1258 4062 sancti
1285 4013 1547 4083 martyris
1585 4013 1757 4069 Batas.

463 4148 711 4205 Sanctus
731 4154 958 4223 martyr
986 4151 1157 4207 Batas
1190 4168 1258 4207 ex
1289 4154 1529 4226 regione
1560 4155 1812 4213 Persidis
1839 4157 2038 4213 oriun-

393 4238 527 4309 dus,
554 4240 733 4297 fidem
764 4241 979 4298 Christi
1010 4259 1044 4299 a
1072 4244 1420 4316 parentibus
1451 4246 1693 4303 edoctus
1731 4254 1841 4306 est.
1896 4232 2039 4307 Cum

390 4348 525 4387 vero
548 4331 921 4405 trigesimum
944 4333 1134 4390 (etatis
1162 4352 1281 4391 sum
1307 4351 1533 4393 annum
1563 4344 1781 4409 ageret,
1815 4340 2041 4396 relictis

381 4426 568 4492 patre,
602 4428 1049 4492 matre,'uxore,
1083 4424 1310 4491 liberis,
1344 4427 1694 4483 etomnibus
1718 4430 1934 4500 quibus
1955 4430 2037 4486 af-

2156 3226 2516 3301 Ἐὄασανίσθη
2574 3227 2632 3285 δὶ
2688 3228 2878 3286 πολλά
2937 3230 3041 3287 ὑπὸ
3099 3235 3205 3287 τῶν
3284 3229 3583 3305 Ἰουδαίων,
3658 3230 3812 3289 διότι

2149 3317 2389 3395 ἤλεγχεν
2424 3319 2619 3382 αὐτοὺς
2648 3319 2738 3375 ἐπὶ
2792 3325 2910 3381 ταῖς
2962 3319 3216 3393 ἀνομίαις
3272 3321 3470 3377 αύτῶν.
3518 3321 3810 3386 Ἀπελθὼν

2151 3409 2228 3471 εἰς
2277 3410 2579 3483 Αἴγυπτον,
2638 3410 3039 3481 προεφήτευσεν
3101 3409 3185 3465 δτι
3247 3405 3331 3465 δεῖ
3401 3416 3671 3479 σεισθῆναι
3732 3415 3812 3468 τὰ

2151 3494 2357 3553 εἴδωλα
2385 3496 2563 3553 αὐτῶν
2615 3496 2703 3552 καὶ
2758 3501 3054 3568 σομπεσεῖν
3116 3495 3205 3553 διδ.
3258 3492 3518 3575 Σωτεῖρος
3572 3496 3807 3556 παιδίου

2150 3583 2210 3641 ἐκ
2265 3585 2539 3657 Παρθένου
2600 3583 3074 3660 γεννηθησομένου
3133 3584 3184 3640 ἐν
3236 3586 3427 3664 φάτνῃ·
3501 3580 3809 3658 Γενόμενος

2150 3671 2208 3731 δὶ
2237 3672 2290 3730 ἐν
2318 3675 2561 3750 Τάφναις
2589 3671 2749 3729 πόλει
2778 3680 2880 3742 τῆς
2929 3671 3237 3749 Αῗγύπτου,
3282 3674 3373 3730 καὶ
3422 3673 3602 3739 λίθοις
3656 3674 3808 3752 βληο

2149 3763 2259 3828 θεὶς
2318 3763 2423 3818 ὑπὸ
2459 3767 2559 3819 τοῦ
2591 3761 2750 3836 λαοῦ,
2794 3762 3046 3833 ἀπέθανε,
3104 3762 3194 3819 καὶ
3252 3762 3422 3839 ὶτάφη
3484 3763 3644 3841 ἐγγὺς
3697 3769 3808 3819 τοῦ

2148 3851 2301 3908 οἷ’κου
2332 3851 2559 3927 Φαραώ.

2408 4004 2512 4063 Καὶ
2542 4002 2773 4076 ἄθλησις
2803 4008 2901 4061 τοῦ
2934 4002 3340 4082 ὄσιομάρτυρος
3370 4007 3536 4065 Bari.

2214 4148 2277 4205 Ὀ
2306 4148 2462 4223 ἅγιος
2493 4152 2668 4210 Βατᾶς
2716 4149 2783 4218 ἧν
2833 4149 2926 4221 μὶν
2989 4146 3048 4203 ἐκ
3102 4155 3204 4218 τῆς
3264 4150 3453 4224 χώρας
3507 4146 3803 4227 Περσίδος,

2144 4234 2202 4291 ἐκ
2234 4236 2521 4312 προγόνων
2553 4238 2652 4306 τήν
2702 4236 2777 4300 εἰς
2835 4237 3064 4314 Χριστὸν
3122 4236 3302 4293 πίστιν
3366 4239 3580 4312 μαθών.
3633 4244 3809 4316 Τρια-

2140 4325 2433 4394 κονταετής
2464 4321 2522 4381 δὶ
2581 4325 2893 4403 γενόμενος,
2952 4326 3268 4381 καταλιπὼν
3326 4330 3550 4403 πατέρα,
3605 4336 3808 4404 γυναῖ-

2140 4436 2231 4485 κα,
2263 4414 2443 4483 τέκνα,
2486 4415 2577 4469 καὶ
2634 4416 2804 4470 πάντα
2855 4416 2945 4471 τὸν
3003 4412 3243 4471 πλοῦτον
3295 4417 3481 4484 αὐτοῦ,
3537 4417 3801 4476 ἀπελθὼν

387 4510 611 4579 ﬂuebat
635 4511 879 4581 divitiis,
921 4510 1086 4579 abiit,
1148 4520 1207 4570 et
1251 4515 1647 4572 monasticum
1696 4517 2033 4575 institutum

2152 4502 2347 4578 ἐγένετο
2409 4505 2676 4581 μοναχός.
2736 4505 2837 4563 Καὲ
2896 4506 3135 4575 ἀσκήσας
3189 4509 3397 4571 καΑῶς,
3476 4504 3802 4579 έπεθύμησε

384 4599 678 4669 suscepit:
712 4601 773 4655 in
819 4618 935 4672 quo
990 4620 1124 4658 cum
1184 4605 1405 4676 optime
1466 4621 1594 4662 sese
1652 4610 2031 4678 exercuisset,

382 4688 666 4758 martyrio
688 4690 866 4745 vitam
889 4691 1059 4747 finire
1092 4695 1404 4766 exOptavit.
1439 4697 1592 4751 Mota
1620 4697 1799 4770 igitur
1828 4699 2036 4755 adver-

383 4791 484 4829 sus
505 4774 868 4833 Christianos
891 4783 1322 4851 persecutione,
1349 4801 1484 4839 cum
1513 4786 1747 4857 reliqui,
1772 4788 1871 4859 qui
1899 4805 2033 4844 cum

381 4863 509 4937 ipso
544 4872 713 4919 erant
741 4870 1034 4928 monachi.
1098 4888 1168 4926 ex
1223 4875 1584 4929 monasterio
1643 4876 2030 4951 aufugissent,

382 4952 508 5022 ipse
542 4953 702 5007 solus
734 4958 1101 5026 permansit:
1136 4961 1234 5015 ubi
1266 4963 1753 5034 comprehensus,
1794 4966 2031 5037 praesidi

382 5040 598 5095 Nisibis
627 5043 896 5107 traditur,
938 5046 1010 5100 ab
1056 5064 1242 5119 eoque
1296 5052 1675 5121 compellitur
1730 5052 2028 5112 Christum

380 5128 693 5203 abnegare,
728 5132 1032 5205 solemque
1066 5142 1123 5189 et
1152 5138 1348 5210 ignem
1382 5139 1646 5195 adorare.
1694 5142 1859 5206 Quod
1891 5160 2026 5200 cum

376 5217 479 5273 ille
507 5217 698 5275 facere
731 5220 1107 5283 detractaret.
1169 5243 1521 5299 summaque
1566 5230 1751 5284 animi
1811 5230 2028 5290 fiducia

373 5304 670 5360 Christum
704 5309 1099 5379 profiteretur.
1134 5328 1169 5367 a
1202 5312 1408 5368 decem
1441 5314 1799 5371 satellitibus
1833 5319 2023 5376 ambae

372 5395 501 5467 ejus
531 5412 745 5453 manus
788 5406 1044 5456 extensae
1095 5409 1256 5473 sunt,
1308 5404 1660 5477 humeriqne
1710 5422 1781 5462 ex
1836 5408 2024 5468 nimia

368 5484 653 5542 violentia
676 5486 947 5562 disrupti.
985 5489 1205 5548 Deinde
1236 5509 1369 5549 cum
1396 5501 1592 5567 partes
1614 5495 1900 5568 genitales
1932 5499 2019 5557 fu-

366 5572 542 5631 nibus
569 5584 948 5637 essentarcte
982 5582 1339 5649 constrictae,
1372 5591 1638 5657 raptatus
1679 5592 1787 5655 est,
1821 5588 2023 5666 virgis-

369 5681 483 5736 que
513 5682 849 5738 percussus.
886 5676 1129 5727 Demum
1153 5673 1214 5728 in
1237 5674 1513 5729 omnibus
1536 5678 1800 5751 corporis
1831 5695 2017 5736 mem-

368 5754 499 5837 bris.
524 5759 740 5837 acriter
769 5778 979 5821 caesus.
1012 5764 1205 5836 gladio
1238 5766 1412 5825 vitam
1452 5752 1658 5825 finivit.

2142 4593 2232 4647 καὶ
2287 4596 2384 4649 τοῦ
2454 4590 2543 4648 διὰ
2623 4593 2923 4669 μαρτυρίου
3008 4594 3390 4664 τελειωθῆναι.
3470 4598 3807 4666 Κινηθέντος

2143 4682 2235 4738 οὖν
2293 4679 2540 4759 διωγμοῦ
2596 4683 2733 4738 κατά
2787 4688 2897 4738 τῶν
2955 4686 3314 4758 Χριστιανῶν,
3397 4685 3487 4739 καὶ
3572 4686 3802 4743 πάντων

2141 4776 2248 4827 τῶν
2282 4770 2373 4826 σὺν
2408 4770 2552 4840 αὐτῷ
2587 4776 2843 4848 μοναχῶν
2877 4771 2935 4827 ἐκ
2971 4779 3070 4841 τῆς
3121 4780 3293 4847 μονῆς
3345 4774 3645 4851 φυγόντων,
3693 4775 3804 4831 αὗ-

2141 4862 2234 4921 τός
2293 4856 2456 4932 μόνος
2513 4859 2814 4931 ὑπέμεινεν.
2874 4862 3043 4924 Ἔνθα
3116 4864 3428 4939 κρατηθεὶς,
3508 4861 3801 4938 παρεδόθη

2137 4953 2217 5020 τῷ
2272 4947 2495 5023 ἄρχοντι
2553 4944 2843 5012 Νισίϐεως.
2915 4949 3011 5004 Καὶ
3081 4955 3207 5025 παρ’
3284 4950 3489 5008 ἐκείνου
3555 4954 3800 5027 ἀναγκα-

2140 5038 2285 5104 σθεὶς
2316 5039 2643 5109 ἀρνήσασθαι
2705 5041 2801 5113 μὶν
2857 5040 2947 5094 τὸν
2990 5043 3248 5115 Χριστὸν,
3307 5049 3677 5115 προσκυνῆσαι
3730 5042 3806 5100 δὲ

2134 5133 2215 5201 τῷ
2244 5126 2412 5197 ἡλίῳ,
2444 5125 2533 5182 καὶ
2562 5131 2642 5200 τῷ
2672 5128 2823 5200 πυρὶ,
2869 5127 2969 5183 οὐκ
3016 5129 3265 5199 ἐπείσθη,
3316 5128 3459 5186 ἀλλὰ
3508 5130 3803 5209 παῤῥησίᾳ

2133 5219 2226 5272 τὸν
2260 5218 2484 5293 Χριστὸν
2517 5213 2817 5290 ὡμολόγει.
2881 5218 3141 5283 Εκταθεῖς
3167 5216 3258 5274 οὖν
3303 5219 3404 5275 ὑπὸ
3452 5216 3578 5275 δέκα
3615 5241 3797 5293 στρα-

2131 5311 2342 5361 τιωτῶν
2374 5305 2424 5377 ἐξ
2466 5305 2732 5379 ἑκατέρων
2780 5300 2887 5361 τῶν
2952 5312 3181 5384 χειρῶν,
3237 5308 3343 5363 ἀπὸ
3408 5315 3507 5378 τῆς
3562 5308 3800 5379 πολλῆς

2136 5395 2257 5470 βίας
2288 5393 2601 5470 ἐξηρθρώθη
2652 5394 2781 5456 τοὺς
2830 5389 3041 5469 ὤμους.
3098 5396 3224 5453 Εἶτα
3280 5393 3449 5461 δεθεὶς
3508 5396 3613 5452 ἀπὸ
3671 5403 3796 5455 τῶν

2131 5484 2519 5561 σπερμογόνων
2592 5482 2798 5559 μορίων
2855 5485 3126 5561 σχοινίοις
3195 5486 3436 5560 ἐσύρετο,
3515 5486 3804 5563 ῥοπάλοις

2125 5574 2486 5647 τυπτόμενος,
2519 5572 2609 5628 καὶ
2648 5573 2781 5646 μετά
2807 5577 2976 5628 ταῦτα
3022 5576 3242 5655 τυφθεὶς
3292 5576 3464 5633 πάντυ
3508 5576 3576 5633 τά
3624 5575 3787 5649 μέλη

2126 5667 2531 5738 τοῦσώματος,
2567 5664 2804 5741 μαγαίρᾳ
2833 5662 3149 5743 ἐτελειώθη.
3178 5660 3179 5663 “
