4086 6204
329 355 453 417 433
1898 357 1942 418 Μ

2139 395 2163 416 η.
3636 367 3752 426 434

892 489 1075 546 nam
1112 492 1195 545 ro
1234 490 1438 546 arra.
2027 497 2079 561 Α
2668 493 2910 550 EODEM
2940 494 3193 550 MENSE.

1134 580 1186 635 Β·
2728 582 2829 638 Die
2862 583 3126 639 secunda

331 690 611 764 ’Δθλησις
638 696 747 748 τῶν
776 692 942 769 ἁγίων
996 695 1303 769 μαρτύρων-
1335 694 1619 769 Ἑσπέρου,
1670 694 1849 764 Ζωῆς,
1898 714 1944 749 κε

2142 686 2392 739 ‘ertamen
2445 696 2754 742 sanctorum
2837 696 3147 760 martyrum
3222 689 3467 760 Hesperi,
3524 693 3648 749 Zoes
3704 701 3755 749 et

879 766 1215 822 τῶντέκνων
1248 766 1444 822 αὐτῶν.
1502 766 1511 769 ⁷

1438 807 1444 822 .
1502 766 1511 769 ⁷
2788 778 3051 849 filiorum.

410 884 702 957 Ἕσπερος,
733 884 823 939 καὶ
880 885 1003 954 Ζωή
1070 887 1204 959 μετᾶ
1250 889 1364 940 ετῶν
1418 883 1616 939 τέκνων
1677 881 1878 949 αὐτῶν,
1937 883 1990 937 οἱ

2168 882 2365 939 Sancti
2396 890 2687 958 martyres
2719 887 3034 959 Hesperus,
3068 893 3128 943 et
3146 889 3255 943 Zoe
3287 904 3423 944 cum
3455 888 3615 957 illiis,
3640 888 3746 947 im-

334 969 486 1048 ἅγιοι
546 972 835 1049 μάρτυρες,
896 974 1147 1050 ὑπῆρχον
1209 974 1304 1047 μὶν
1371 971 1458 1029 έπί
1534 970 1635 1047 τῆς
1710 969 1947 1041 βασιλεία

2139 978 2341 1029 erante
2372 974 2653 1042 Adriano,
2674 982 2843 1031 erant
2871 994 2941 1032 ex
2970 976 3210 1049 regione
3232 977 3436 1042 Italiae,
3470 978 3620 1033 servi
3643 995 3750 1036 cu-

335 1059 654 1137 Ἀδριανοῦ,
687 1061 747 1118 ἐκ
775 1069 874 1133 τῆς
920 1062 1111 1140 χώρας
1157 1061 1419 1130 Ἰταλίας,
1472 1058 1663 1117 δοῦλοι
1715 1057 1773 1115 δὲ
1813 1059 1948 1116 πλοιέ

2133 1060 2329 1117 usdam
2360 1062 2581 1118 divitis.
2614 1064 2757 1119 Cum
2788 1071 2987 1121 autem
3010 1066 3306 1138 Cyriacus,
3332 1073 3389 1123 et
3409 1068 3746 1124 Theodulus

331 1150 458 1206 σίου
487 1172 659 1213 τινος.
719 1152 1136 1231 ’Δνατραφέντες
1192 1150 1286 1208 οῦν
1344 1154 1741 1226 Χριστιανικῶς
1787 1155 1944 1225 Κυριο

2121 1152 2504 1221 Lparentibus
2556 1153 2679 1207 suis
2732 1154 3063 1210 Christiane
3091 1155 3323 1211 educati
3355 1163 3575 1225 essent,
3639 1158 3734 1214 die

326 1240 431 1302 κὸς
466 1239 556 1295 καὶ
589 1237 893 1305 Θεόδουλος
940 1241 1045 1296 ὑπο
1099 1246 1209 1296 τῶν
1265 1238 1465 1317 γονέων
1521 1237 1716 1306 αὐτῶν,
1777 1235 1829 1292 ἐν
1888 1260 1939 1311 μι

2123 1239 2352 1311 [uadam
2386 1242 2661 1297 dixerunt
2684 1244 2769 1298 eis
2794 1260 2806 1297 :
2832 1244 3021 1310 Quare
3044 1247 3332 1302 servimus
3362 1246 3562 1317 impiis
3586 1248 3736 1315 istis,

327 1331 493 1385 εἷπον
528 1331 738 1394 αὐτοῖς·
772 1330 869 1385 Διὰ
920 1331 974 1387 τί
1028 1329 1359 1405 δουλεύομεν
1420 1335 1537 1393 τοῖς
1590 1323 1805 1384 ἀσεϐέσι
1856 1332 1940 1384 τοι

2133 1333 2154 1382 t
2184 1345 2303 1383 non
2328 1329 2524 1400 potius
2550 1331 2805 1398 Christo,
2832 1348 2906 1386 ne
2937 1349 3251 1403 pereamus
3272 1350 3406 1390 cum
3436 1335 3556 1390 illis
3578 1336 3605 1391 ?
3633 1338 3746 1391 Au-

322 1440 469 1490 τοις,
530 1420 622 1475 καί
677 1420 739 1475 οὗ
793 1424 872 1492 τῷ
928 1422 1182 1495 Χριστῷ;
1255 1421 1472 1494 μήποτε
1549 1417 1935 1491 συναπολώμεε

2137 1417 2265 1473 iens
2295 1417 2421 1474 hinc
2458 1424 2650 1475 mater
2680 1420 2970 1492 ipsorum,
3005 1422 3191 1478 dixit:
3226 1422 3500 1480 Resistite
3533 1425 3608 1489 ei,
3641 1427 3742 1497 qui

327 1508 545 1571 αὐτοῖς.
603 1508 823 1567 Τούτων
884 1508 1155 1565 ἀκούσασα
1206 1511 1242 1580 ἡ
1301 1512 1508 1584 μήτηρ,
1570 1508 1733 1564 εἶπεν·
1803 1507 1940 1565 Ἀντι

2134 1507 2240 1562 mit
2268 1525 2517 1580 corpora
2544 1516 2771 1577 nostra,
2830 1517 2889 1567 et
2936 1512 3287 1584 martyrium
3347 1529 3453 1584 pro
3512 1512 3741 1570 Christo

327 1616 501 1667 στητε
528 1602 608 1672 τῷ
637 1597 966 1675 ἆγοράσαντι
1026 1600 1187 1672 ἡμῶν
1228 1599 1297 1653 τὰ
1339 1597 1586 1670 σώματα,
1634 1596 1723 1652 καὶ
1777 1616 1940 1673 μαρτιέ

2130 1596 2538 1657 ustiuebimus.
2572 1600 2733 1657 Tunc
2789 1601 3075 1658 abeuntes
3126 1602 3317 1674 pueri,
3365 1600 3606 1658 domino
3640 1619 3743 1659 suo

326 1688 580 1761 ρήσομεν
615 1688 746 1762 ὑπὲρ
802 1688 1059 1763 Χριστοῦ.
1109 1687 1250 1746 Τότε
1292 1684 1617 1749 ἀπελθόντες
1668 1686 1720 1741 οἱ
1769 1682 1939 1741 παῖδες

2135 1686 2404 1743 ixerunt:
2427 1690 2686 1761 Corpora
2713 1690 2954 1761 quidem
2977 1697 3181 1747 nostra
3204 1698 3316 1747 tuae
3340 1691 3744 1764 subjiciuntur

328 1774 487 1832 εἶπον
536 1798 616 1850 τῳ
671 1777 844 1852 κυρίῳ
898 1778 1126 1834 ἑαυτῶν·
1185 1777 1335 1833 Ἐπεὶ
1390 1780 1497 1831 τῶν
1559 1776 1652 1850 μὶν
1714 1776 1941 1849 σωμάτα

2132 1778 2404 1847 otestati;
2436 1778 2773 1836 animarum
2799 1797 2935 1837 vero
2969 1787 3306 1837 nostrarum
3341 1781 3622 1837 dominus
3655 1789 3743 1838 est

326 1868 498 1938 ἡμῶν
557 1866 748 1942 κύριος
808 1868 1099 1943 ὑπάρχεις,
1152 1870 1260 1922 τῶν
1306 1862 1363 1922 δὶ
1418 1868 1613 1941 ψυχῶν
1647 1866 1674 1920 6
1707 1863 1939 1930 Δεσπότη

2123 1880 2253 1921 esus
2280 1866 2573 1935 Christus,
2632 1870 2733 1940 qui
2788 1870 3056 1925 omnium
3115 1870 3474 1927 dominatur.
3508 1872 3736 1928 Amodo

322 1954 549 2023 Ἰησοῦς
596 1955 854 2031 Χριστὸς,
882 1956 910 2010 6
938 1957 1154 2011 πάντων
1204 1954 1426 2032 Κύριος·
1471 1955 1577 2010 ἀπὸ
1622 1957 1719 2010 τοῦ
1769 1957 1862 2008 νῦν
1917 1975 1935 2008 c

2125 1971 2211 2010 on
2242 1953 2368 2021 tibi,
2393 1957 2497 2012 sed
2527 1958 2616 2011 illi
2647 1959 2990 2015 serviemus.
3038 1958 3476 2031 Obstupeseens
3507 1960 3581 2016 ad
3611 1961 3738 2017 hinc

318 2044 434 2113 σοὶ,
485 2042 611 2100 ἀλλ’
668 2043 861 2119 ἐκείνῳ
920 2042 1306 2119 δουλεύσομεν.
1388 2042 1716 2119 Ἐκπλαγεῖς
1800 2040 1891 2098 οῦν

2117 2045 2370 2103 lominus
2400 2047 2661 2113 illorum,
2691 2054 2829 2104 tunc
2861 2048 3103 2121 quidem
3143 2049 3280 2105 illos
3310 2048 3384 2105 ad
3406 2051 3730 2123 Hesperum

316 2133 516 2210 κύριος
546 2132 748 2204 αὐτῶν,
781 2134 904 2190 τότε
936 2135 1033 2208 μὶν
1080 2128 1318 2210 ἔπεμψεν
1357 2132 1552 2196 αὐτοὺς
1598 2132 1735 2209 πρὸς
1781 2134 1929 2190 "Ean:

2119 2140 2318 2191 latrem
2371 2135 2536 2191 misit
2569 2179 2583 2204 ,
2625 2137 2719 2192 81
2758 2137 2820 2192 in
2868 2138 3130 2193 Tritonio
3172 2138 3317 2193 urbe
3356 2145 3732 2195 versantem:

317 2242 419 2298 ρον
449 2224 541 2278 τὸν
576 2223 780 2298 πατέρα
809 2222 1009 2295 αὐτῶν,
1041 2220 1169 2280 ὅντα
1220 2222 1272 2279 ἄν
1322 2226 1391 2299 τῇ
1441 2222 1600 2279 πόλει
1650 2221 1930 2295 Τριτωνίοκ

2129 2230 2295 2280 ostea
2308 2240 2446 2280 vero
2470 2231 2699 2297 patrem
2721 2232 3093 2299 matremque
3116 2243 3449 2296 accersens,
3474 2230 3736 2300 torqueri

319 2308 553 2387 ὕστερον
586 2308 645 2367 δε
675 2312 887 2389 ἀγαγὼν
917 2313 1012 2368 τόν
1050 2332 1109 2368 τε
1175 2313 1403 2388 πατέρα,
1452 2310 1541 2367 καὶ
1588 2312 1690 2380 τήν
1748 2312 1932 2387 μητέρι

2124 2312 2221 2369 .los
2234 2313 2450 2385 jussit:
2477 2313 2719 2371 demum
2749 2315 2811 2370 in
2836 2315 3141 2372 fornacem
3171 2332 3485 2387 accensam
3510 2317 3737 2390 injecit,

316 2402 414 2457 καὶ
451 2401 763 2477 βασανίσας,
793 2400 954 2465 τέλος
980 2405 1212 2482 φοῦρνον
1242 2399 1524 2474 ἐκκαύσας,
1577 2399 1667 2457 καὶ
1718 2394 1929 2476 ἔμϐαλὰ

1242 2399 1524 2474 ἐκκαύσας,
1577 2399 1667 2457 καὶ
1718 2394 1975 2476 ἔμϐαλὼν
2085 2401 2465 2476 ﬂammisque
2495 2403 2841 2461 combussit.

314 2491 539 2562 αὐτοὺς,
571 2491 625 2548 ἐν
656 2491 806 2565 αὖτῷ
836 2488 1082 2552 ἔκαυσεν.

312 2620 418 2676 Καὶ
474 2620 907 2696 ιιοίμησις-τοῦ⁸
945 2621 999 2677 έν
1058 2619 1236 2696 ᾁγίοις
1285 2620 1500 2696 ματρρς
1551 2622 1718 2696 ᾑμῶν
1806 2620 1925 2677 Ἀθο

2125 2624 2154 2677 ἰ
2183 2622 2447 2678 dormitio
2474 2624 2656 2679 sancti
2677 2623 2860 2696 Patris
2912 2626 3089 2696 nostri
3145 2624 3460 2692 Athanasii,
3493 2625 3738 2695 episcopi

649 2693 859 2765 νασίου,
892 2689 1193 2749 ἐπισκόπου
1217 2689 1645 2766 Ἀλεξανδρείας.

1487 2689 1645 2766 ρείας.
2712 2695 3063 2751 Alexandriae
3086 2736 3100 2751 .

388 2801 789 2870 ’Λθανάσιος,ὁ
820 2802 872 2859 ἂν
903 2801 1078 2879 ἁγίοις
1133 2802 1319 2878 Πατήρ
1372 2802 1555 2876 ἡμῶν,
1614 2800 1680 2871 ἦν
1730 2798 1818 2856 ἰπὶ
1873 2806 1973 2871 τῆς

2152 2801 2400 2859 Sanctus
2430 2801 2604 2859 Pater
2623 2807 2828 2858 noster
2848 2802 3211 2859 Athanasius
3237 2818 3307 2859 ex
3319 2801 3465 2859 urbe
3477 2800 3730 2859 Alexan-

318 2889 615 2967 βασθλείας
648 2892 1056 2948 Κωνσταντίνου
1086 2895 1183 2947 τοῦ
1235 2888 1503 2967 μεγάλου,
1551 2887 1644 2945 καῖ
1687 2890 1931 2946 Κωνστανι

2122 2889 2210 2944 ria
2241 2890 2551 2960 oriundus,
2597 2891 3031 2964 imperantibus
3083 2893 3471 2949 Constantino
3502 2894 3733 2966 Magno,

313 2982 441 3036 τίου
472 2981 597 3037 υἱοῦ
629 2981 817 3052 αὐτοῦ,
867 2980 926 3038 ἐκ
961 2988 1064 3045 τοῖς
1111 2980 1331 3044 πόλεως
1366 2976 1797 3055 Ἀλεξανδρείας,
1844 2999 1926 3034 πας

2117 2978 2329 3051 jusque
2355 2980 2478 3036 ﬁlio
2509 2983 2856 3039 Constantio
2888 2981 3102 3039 florait.
3132 2986 3177 3039 A
3207 3000 3391 3055 puero
3424 2985 3609 3039 Deum
3643 2983 3730 3039 di-

313 3069 469 3135 δόθεν
519 3071 613 3126 τὸν
671 3073 802 3129 Θεὸν
857 3073 1105 3147 ἀγαπῶν,
1172 3071 1261 3127 καὶ
1335 3076 1437 3140 τῆς
1515 3068 1926 3140 έκκλησιαστικῦ

2115 3068 2243 3136 exit,
2294 3069 2685 3142 ordinemque
2727 3070 3196 3129 ecclesiasticum
3228 3072 3449 3128 imitari
3482 3073 3728 3128 studuit.

311 3162 522 3230 τάξεως
551 3160 1026 3234 ἀντιποιούμενος.
1058 3160 1163 3218 Καὶ
1215 3158 1318 3236 γὰρ
1375 3157 1591 3215 παιδίον
1647 3153 1746 3225 ὥν,
1798 3178 1924 3233 παρα

2117 3158 2227 3213 lam
2240 3174 2390 3230 puer
2418 3175 2554 3216 cum
2567 3164 2744 3227 esset,
2775 3167 3108 3217 comtaneos
3130 3176 3465 3228 assumens,
3495 3160 3730 3218 additus

327 3213 1026 3234 ri‘irv‘vri—iVV'V'VI'_—V"'
1058 3213 1160 3218 —'V7
1228 3213 1310 3236 ΙΠΓ
1385 3213 1446 3215 ⁷”
1493 3213 1496 3214 ⁷
1545 3213 1550 3214 ⁷
1732 3213 1746 3225 '
1877 3213 1887 3233 |

316 3243 508 3303 λαϐὼν
566 3247 697 3313 τοὺς
753 3249 1174 3319 συνηλικιώτας,
1234 3246 1324 3304 έπὶ
1404 3247 1495 3303 τὸν
1572 3245 1819 3324 αἲγιαλὸν
1873 3253 1929 3303 τῦ

2117 3247 2264 3303 :iaris
2281 3248 2551 3317 accessit,
2574 3265 2643 3305 ac
2660 3248 2839 3304 veluti
2871 3250 3182 3321 pueriliter
3212 3249 3475 3322 seipsum
3506 3249 3730 3321 episco-

314 3335 602 3408 θαλάσσης
631 3338 976 3414 παρεγένετο.
1021 3339 1119 3394 Καὶ
1170 3337 1245 3398 ὡς
1290 3336 1343 3392 έν
1390 3334 1584 3408 παιδιᾷ
1630 3335 1927 3412 σχηματίσε

2122 3352 2224 3392 um
2285 3336 2600 3405 simulans,
2646 3354 2718 3393 ex
2747 3336 2820 3392 iis
2853 3338 2954 3408 qui
3012 3353 3147 3392 cum
3197 3337 3326 3409 ipso
3358 3342 3547 3402 erant,
3580 3337 3730 3393 alios

314 3425 507 3482 ὶαυτὸν
544 3427 862 3499 ἐπίσκοπον,
913 3427 1004 3483 καὶ
1050 3427 1110 3483 ἐκ
1163 3431 1272 3483 τῶν
1333 3426 1424 3482 σὺν
1482 3425 1629 3499 αὐτῷ
1685 3444 1919 3503 προχειρ

2124 3422 2320 3479 uidem
2346 3425 2723 3501 presbyteros
2748 3429 2804 3480 et
2822 3425 3105 3481 diaconos
3118 3424 3413 3481 ordinavit
3435 3442 3450 3493 ;
3471 3425 3733 3497 reliquos

316 3520 554 3590 σαμενος
615 3510 1016 3593 πρεσϐυτέρους
1069 3516 1160 3573 καὶ
1219 3513 1520 3586 διακόνους,
1596 3509 1850 3570 tam"
1907 3536 1929 3569 τ

2119 3529 2219 3568 ero
2251 3513 2587 3569 Graecorum
2618 3514 3078 3586 Judaeorumque
3118 3503 3337 3586 pueros
3368 3531 3523 3587 aqua
3551 3516 3732 3571 maris

316 3604 495 3661 λοιπὰ
520 3603 715 3662 παιδία
760 3611 869 3662 τῶν
930 3603 1214 3677 Ἑλλήνων
1263 3604 1354 3661 καὶ
1405 3609 1515 3660 τῶν
1561 3600 1841 3661 Ἰουδαίων
1892 3602 1929 3659 τι

2121 3601 2412 3674 aptizavit.
2446 3601 2581 3658 Haec
2612 3602 2948 3659 Alexander
2987 3602 3356 3660 Alexandria;
3416 3602 3729 3676 episcopus

310 3701 415 3765 τῆς
444 3696 725 3768 θαλάσσης
756 3694 929 3752 ὕδατι.
978 3699 1210 3771 Θεωρῶν
1266 3691 1324 3751 δὶ
1366 3698 1533 3751 ταῦτα
1584 3693 1785 3759 ἄνωθεν
1819 3694 1847 3749 6
1873 3699 1923 3748 τί

2118 3690 2313 3746 minus
2336 3690 2791 3763 contemplatus,
2814 3692 3122 3765 obstupuit
3144 3692 3384 3765 :spiritu
3408 3699 3607 3749 autem
3633 3711 3729 3750 co-

310 3783 733 3861 ’Δλεξανδρείας
815 3784 1107 3848 ἰπίσκοπος
1191 3781 1566 3859 ’Λλέξανδρος,
1650 3781 1923 3856 ἐθαύμαζε

2118 3798 2391 3848 nescens,
2424 3798 2493 3838 ea
2523 3800 2654 3857 quae
2676 3782 2831 3839 facta
2849 3790 3037 3852 erant,
3062 3782 3396 3839 futurorum
3421 3799 3549 3839 esse
3580 3800 3730 3857 prte-

310 3873 403 3928 καὶ
437 3873 597 3951 γνοὺς
624 3878 704 3948 τῷ
729 3874 996 3947 πνεύματι
1039 3873 1114 3936 ὡς
1168 3872 1485 3947 μελλόντων
1535 3870 1638 3927 εἶσὶ
1685 3872 1753 3927 τὰ
1801 3891 1923 3946 πρα·

2115 3871 2260 3945 agia,
2294 3889 2509 3944 pueros
2552 3872 2793 3944 quidem
2851 3870 3047 3928 divino
3096 3871 3426 3929 Chrismate
3474 3862 3728 3945 ungens,

312 3963 522 4035 τόμενα
581 3964 1013 4040 προμηνύματα,
1071 3961 1197 4025 τοῦς
1274 3965 1367 4037 μὶν
1443 3958 1642 4024 παῖδας
1711 3965 1791 4033 τῷ
1845 3961 1924 4015 θεί

2123 3961 2345 4016 eri‘ecit.
2382 3960 2732 4017 Athanasius
2754 3966 2951 4017 autem
2978 3960 3195 4017 litteris
3225 3960 3484 4034 primum
3506 3962 3578 4017 ab
3601 3962 3730 4035 ipso

317 4053 478 4126 μύρῳ
545 4052 833 4129 ἐπίχρίσας
905 4052 1241 4109 ἐτελείωσεν·
1318 4053 1637 4116 Ἀθανάσιος
1712 4048 1770 4106 δὶ
1846 4071 1930 4126 παι

2121 4056 2404 4107 istructus
2435 4057 2561 4107 est:
2595 4068 2729 4107 mox
2760 4050 2945 4108 lector
2973 4048 3200 4107 factus:
3235 4050 3477 4107 demum
3510 4050 3734 4123 episco-

315 4143 485 4198 αὐτοῦ
541 4144 970 4219 γραμματισθιὶς
1019 4145 1302 4220 πρότερον,
1360 4141 1450 4198 καὶ
1501 4142 1791 4217 γενόμενος
1844 4142 1928 4197 ἆνο

2122 4157 2190 4196 us
2216 4140 2545 4197 ordinatus.
2579 4144 2720 4196 Cum
2762 4146 2959 4196 autem
3018 4141 3208 4197 multa
3238 4139 3566 4197 certamina
3596 4159 3730 4213 pro-

315 4238 597 4311 γνώστης,
643 4234 862 4309 ὕστερον
914 4231 1306 4309 προεχειρίσθη
1364 4231 1453 4288 καὶ
1512 4231 1832 4296 ἐπίσκοπος·
1880 4254 1928 4289 κε

1512 4231 1832 4296 έπίσκοπος·
1880 4238 1972 4290 καὶ
2080 4226 2300 4302 pietate
2331 4226 2629 4299 subiisset,
2664 4230 2839 4284 vitam
2880 4230 3084 4287 ﬁnivit.

314 4323 505 4381 πολλᾶ
535 4323 667 4399 ὑπὲρ
705 4330 807 4395 τῆς
856 4317 1129 4385 εὐσεϐείας
1176 4320 1603 4398 ἀγωνισάμενος,
1653 4319 1969 4396 έτελειώθη.

876 4436 1061 4492 mum
1098 4438 1183 4489 ro
1219 4438 1414 4492 Arro.
2647 4406 2887 4481 EODEM
2927 4425 3157 4480 MENSE

1118 4541 1169 4591 Γ·
1926 4584 1929 4589 ⁴
2004 4589 2023 4591 ᾼ
2512 4588 2515 4589 ν
2755 4522 2857 4578 Die
2882 4522 3055 4579 tertia

313 4637 587 4710 Ἀθλησις
672 4640 782 4693 τῶν
863 4636 1072 4763 ἁγίωνΜ
1122 4635 1428 4726 ’μαρτύρων
1533 4636 1801 4711 Τιμοθέου
1881 4657 1926 4693 κε

1077 4727 1264 4763 ausae.

2109 4621 2363 4678 .‘erlamen
2387 4627 2705 4678 sanctorum
2760 4628 3068 4691 martyrum
3100 4618 3372 4677 Timothei
3413 4627 3465 4677 et
3488 4623 3722 4681 Maurae.

1077 4727 1264 4783 αυρας.

387 4819 678 4891 Τιμόθεος,
712 4817 741 4872 6
768 4817 865 4872 τοῦ
923 4818 1162 4891 Χριστοῦ
1190 4816 1414 4890 μάρτυς,
1468 4818 1535 4886 ἦν
1580 4814 1675 4889 μὶν
1731 4816 1968 4892 ἀναγνῶ·

2150 4820 2491 4877 Timotheus
2524 4821 2738 4877 Christi
2770 4826 3016 4894 martyr,
3051 4821 3441 4878 sanctissimas
3483 4824 3584 4879 Dei
3619 4841 3720 4881 ec-

315 4928 450 4977 στης
483 4913 586 4976 τῆς
628 4903 935 4980 ἁγιωτάτης
988 4908 1085 4960 τοῦ
1138 4908 1273 4959 Θεοῦ
1324 4902 1639 4975 ἐκκλησίας·
1697 4905 1855 4979 νόμῳ
1913 4903 1928 4961 ἓ

2114 4909 2276 4965 lesite
2304 4910 2489 4966 lector
2516 4910 2645 4965 fuit.
2680 4914 2820 4965 Cum
2855 4917 3052 4965 autem
3111 4911 3370 4983 conjugii
3403 4911 3530 4984 lege
3562 4915 3724 4969 Mau-

312 4996 497 5071 γίμου
564 4997 666 5065 τήν
726 4997 951 5069 Μαῦραν
1006 4993 1083 5057 είς
1162 4998 1390 5069 γυναῖκα
1464 4988 1675 5065 λαϐὼν,
1746 4997 1925 5069 ἡμερᾶ

2113 5017 2206 5056 am
2238 4998 2565 5067 accepisset
2619 5001 2681 5056 in
2714 5018 2977 5060 uxorem.
3012 5002 3106 5056 vix
3140 5002 3359 5072 elapsis
3408 5003 3616 5060 diebus
3650 5006 3726 5060 vi-

317 5087 491 5143 ε”κοσι
529 5089 605 5160 μὴ
640 5084 1054 5161 παρελθουσῶν,
1091 5085 1361 5161 ἐκρατήθη
1396 5086 1541 5157 παρὰ
1578 5090 1683 5140 τῶν
1738 5085 1930 5141 είδωλο

2115 5090 2247 5157 inti,
2281 5090 2746 5162 comprehensus
2779 5096 2868 5147 est
2897 5091 2969 5147 ab
3011 5090 3363 5157 idololatris,
3388 5098 3442 5147 et
3475 5094 3728 5159 vinctus,

312 5175 558 5252 λατρῶν·
605 5178 695 5231 καὶ
737 5174 929 5242 δεθεὶς,
977 5175 1129 5251 ἢχθη
1175 5174 1315 5249 πρὸς
1362 5173 1641 5252 ’Λρριανὸν
1698 5174 1791 5231 τὸν
1838 5175 1925 5248 ἥγε

2108 5177 2149 5234 ,(1
2183 5178 2493 5235 Arrianum
2517 5180 2834 5236 Thebaidis
2863 5180 3176 5253 praesidem
3205 5179 3514 5246 adductus,
3548 5185 3721 5257 eique

318 5266 461 5340 μόνα
517 5259 812 5336 Θηϐαΐδος,
869 5265 959 5319 καὶ
1014 5260 1290 5337 παρεδόθη
1371 5263 1536 5335 αύτῷ.
1616 5260 1749 5319 Τότε
1819 5261 1931 5339 λέγι

2107 5268 2368 5323 raditus:
2404 5270 2501 5341 qui
2534 5270 2618 5325 ait
2650 5271 2733 5325 ei:
2766 5271 2927 5325 Αἰγει-
2971 5270 3153 5325 libros
3186 5276 3333 5325 tuos.
3371 5286 3588 5344 eosque
3621 5291 3717 5329 co-

311 5354 482 5426 αὗτῷ·
545 5355 684 5427 Φέρε
738 5354 833 5415 τὰς
893 5346 1123 5429 βίϐλους
1184 5372 1303 5421 σου,
1360 5350 1451 5405 καὶ
1522 5355 1723 5425 καῦσον
1802 5352 1924 5408 αὐτὶ

2109 5376 2201 5415 am
2237 5376 2331 5414 me
2363 5358 2665 5415 combure.
2702 5362 2846 5417 Cum
2884 5358 3355 5416 autem‘sanctus
3412 5361 3469 5416 id
3526 5363 3721 5420 facere

313 5442 787 5519 ἔμπροσθένμου.
831 5444 936 5497 Τοῦ
985 5438 1043 5496 δὶ
1103 5439 1275 5521 ἁγίου,
1310 5441 1384 5512 μή
1446 5439 1754 5505 πεισθέντος
1805 5445 1926 5519 τοῦτ

2113 5454 2376 5519 enueret,
2411 5448 2803 5504 candentibus
2825 5448 3065 5504 laminis
3088 5448 3295 5505 ferreis
3317 5449 3378 5504 in
3399 5451 3528 5521 ejus
3550 5470 3722 5509 aures

312 5540 567 5604 ποιῆσαι,
614 5524 819 5606 σίδηρα
875 5528 1240 5605 πεπυρωμένα
1288 5524 1537 5585 ἐνέϐαλεν
1590 5530 1664 5595 εἲς
1728 5532 1795 5588 τὰ
1852 5527 1925 5588 ὧτ

2103 5536 2381 5603 mmissis,
2406 5539 2602 5593 statim
2629 5537 2975 5593 exciderunt
2992 5537 3233 5610 pupilla)
3248 5538 3553 5593 oculorum
3570 5543 3716 5612 ejus.

315 5623 501 5679 αὐτοῦ·
536 5623 651 5699 ζκαὶ
724 5620 1027 5695 παραυτίκα
1101 5622 1156 5675 αἱ
1229 5624 1375 5699 τῶνἿ
1416 5618 1712 5698 ὀφθαλμῶν
1801 5620 1928 5678 αύτο

2102 5624 2298 5703 )einde
2331 5624 2473 5681 rotae
2508 5644 2613 5701 per
2671 5626 2819 5682 talos
2882 5626 3178 5700 alligatur,
3237 5627 3337 5682 82
3372 5628 3715 5700 lignumque

315 5702 805 5787 κόραι’ἶεέπεσον.
862 5704 989 5768 Εἶτα
1042 5702 1329 5782 ’δεσμεῖται
1387 5708 1474 5763 επὶ
1550 5712 1758 5786 τροχοῦ
1833 5708 1928 5768 τοῦ

2098 5704 2169 5772 iri
2193 5715 2322 5788 ejus
2354 5713 2712 5789 imponitur:
2768 5721 2827 5773 et
2855 5732 2995 5773 saxo
3045 5714 3119 5771 ad
3160 5712 3397 5771 ‘collum
3454 5715 3711 5787 alligato,
