4104 6196
365 286 484 347 435

1647 283 2082 348 MENOLOGII
2121 285 2329 348 PARS
2373 285 2480 347 III.

3655 285 3777 348 436

371 418 605 475 inverso
633 417 824 491 capite
854 417 1255 491 suspenditur.
1290 419 1554 488 Cumque
1583 417 1737 473 nihil
1769 419 1821 472 ei
1864 436 2013 490 prae-

2142 415 2506 493 ἱστραγάλους
2539 416 2728 487 αὐτοῦ,
2759 416 2848 472 καὶ
2878 415 3038 491 εὔλον
3071 411 3340 491 ἐμϐάλλει
3375 415 3451 479 εἰς
3480 415 3544 472 τὸ
3599 417 3778 488 στόμα

377 525 472 564 ses
499 508 856 582 persuadere
885 508 1196 579 potuisset,
1228 507 1510 578 praecepit
1527 508 1765 580 conjugi
1798 508 1926 580 ejus
1955 513 2022 562 ut

378 597 718 654 hortaretur
764 612 898 651 eum
957 595 1211 651 deﬁcere
1238 612 1270 650 a
1298 596 1550 651 Christo.
1585 600 1658 650 At
1709 595 1813 651 illa
1844 596 2023 668 elegit

373 689 572 759 potius
606 686 955 757 martyrium
991 685 1132 756 pati.
1167 685 1357 750 Quare
1399 685 1569 741 evelli
1592 686 1776 758 jussit
1824 687 2020 742 crines

374 776 584 846 capitis
615 775 764 845 ejus,
798 790 864 828 ac
885 773 1128 829 demum
1152 780 1470 846 utrumque
1491 774 1565 830 ad
1591 776 1878 846 parietem
1901 776 2024 832 cla-

375 865 460 918 vis
481 863 695 934 conﬁgi
731 879 744 917 :
777 862 878 916 ubi
909 879 1120 918 novem
1153 863 1385 919 dierum
1418 865 1608 934 spatio
1637 880 2024 935 perseveran-

372 958 461 1008 tes
486 951 666 1007 vitam
699 958 1212 1008 consummarunt.

371 1252 437 1306 Et
465 1252 726 1307 memoria
763 1253 938 1307 sancti
966 1252 1149 1307 Patris
1178 1253 1350 1308 nostri
1406 1254 1556 1309 Petri
1603 1253 2019 1324 Thaumaturgi.

446 1431 694 1486 Sanctus
725 1434 899 1487 Pater
927 1437 1131 1488 noster
1187 1437 1390 1488 Petrus
1449 1432 2024 1505 Constantinopolim

374 1520 627 1589 patriam
659 1521 886 1586 habuit,
919 1522 1153 1593 piorum
1185 1529 1504 1594 parentum
1538 1523 1721 1588 ﬁlius,
1755 1523 1856 1595 qui
1891 1528 2023 1578 tan-

379 1606 512 1662 dem
544 1611 820 1665 monachi
853 1610 990 1666 facti
1024 1616 1179 1666 sunt.
1213 1612 1306 1666 Sic
1337 1617 1536 1668 autem
1576 1613 1638 1666 in
1679 1613 1892 1667 virtute
1923 1611 2025 1666 de-

378 1698 640 1765 certavit,
671 1703 736 1754 ut
761 1716 882 1754 non
928 1701 1003 1754 sit
1029 1699 1203 1755 facile
1233 1701 1548 1772 explicatu.
1583 1703 1706 1756 Non
1738 1701 1899 1756 enim
1931 1717 2025 1756 so-

2123 507 2306 562 αὐτοῦο
2359 507 2450 562 καὶ
2508 504 2660 562 λίθον
2718 511 2796 578 τῷ
2853 505 3126 582 τραχήλῳ
3192 505 3357 562 αὐτοῦ
3430 501 3774 582 προσδήσας,

2127 594 2392 669 ἐκρέμασε
2420 597 2557 652 κατᾶ
2608 595 2877 676 κεφαλῆς.
2936 597 3023 659 Ὠς
3073 593 3131 651 δὶ
3179 594 3277 651 οὐκ
3323 595 3531 661 ἔπειθεν
3588 595 3780 664 αὐτὸν,

2129 681 2274 758 λέγει
2301 687 2370 758 τῇ
2414 679 2630 759 συμϐίῳ
2671 684 2860 755 αὐτοῦ,
2916 683 3232 758 παραίνεσαι
3280 683 3431 756 αὐτῷ
3475 683 3780 753 ἀποστῆναι

2125 776 2222 828 τοῦ
2280 775 2531 849 Χριστοῦ.
2587 776 2650 831 Ἦ
2711 771 2768 829 δί
2827 772 3041 847 μᾶλλον
3099 773 3190 828 καὶ
3277 773 3415 844 αὐτή
3491 771 3780 848 ᾑρετίσατο

2132 872 2495 940 μαρτυρῆσαι.
2540 866 2700 922 Ὅθεν
2747 864 3026 920 ἆνασπῶσι
3071 865 3167 926 τὰς
3225 863 3421 939 τρίχας
3469 870 3572 934 τῆς
3607 884 3780 942 διεφα-

2129 951 2235 1024 λῆς
2266 953 2455 1020 αὐτῆς.
2483 955 2591 1011 Καὶ
2643 955 2778 1029 μετὰ
2821 958 2991 1010 ταῦτα
3036 951 3489 1030 προσηλωθέντες
3533 953 3782 1028 ἀμφότε-

2130 1063 2216 1117 ροι
2243 1043 2449 1119 τοίχῳ,
2509 1043 2597 1100 ἐπὶ
2655 1042 2806 1100 ἐννέα
2861 1045 3099 1120 ἡμέραις
3154 1045 3604 1120 καρτερήσαντες,
3663 1041 3780 1098 ἐτε-

2129 1131 2335 1204 λειώθη
2344 1154 2461 1192 σαν.

2131 1259 2233 1315 Καὶ
2293 1259 2484 1332 μνήμη
2541 1263 2638 1314 τοῦ
2696 1259 2850 1314 ὁσίου
2909 1260 3120 1335 Πατρὸς
3178 1261 3338 1333 ἡμῶν
3399 1257 3604 1332 Ῑῐέτρου
3679 1261 3780 1313 τοῦ

2723 1335 3148 1406 Θαυματουργοῦ
3164 1374 3177 1388 .

2209 1447 2432 1525 Πέτρος,
2465 1447 2494 1502 ὁ
2526 1447 2578 1502 ἐν
2608 1446 2783 1525 ἁγίοις
2831 1448 3022 1525 Πατὴρ
3070 1451 3256 1522 ἡμῶν,
3307 1449 3526 1526 ὑπῆρχε
3576 1448 3670 1522 μὲν
3725 1446 3787 1502 ἐκ

2131 1537 2783 1608 Κωνσταντινουπόλεως,
2866 1538 3070 1612 γονὲων
3157 1532 3402 1593 εύλαϐῶν
3471 1537 3613 1605 υἱὸς,
3669 1541 3781 1593 τῶν

2131 1623 2353 1703 ὕστερον
2430 1627 2732 1702 γεγονότων
2810 1626 2900 1681 καὶ
2981 1626 3266 1703 μοναχῶνξ
3343 1627 3446 1684 Καὶ
3521 1630 3785 1682 τοσοῦτον

2131 1715 2441 1792 ἠγωνίσατο
2495 1714 2570 1778 εἰς
2625 1715 2847 1788 ἀρετὴν,
2905 1716 3031 1770 ὅσον
3091 1711 3191 1770 οὔκ
3249 1713 3392 1771 ἐστιν
3452 1714 3644 1773 εἰπεῖν.
3705 1715 3787 1774 Ού

381 1789 507 1845 lum
538 1791 598 1844 in
617 1790 828 1862 vigiliis
851 1796 906 1845 et
933 1790 1418 1847 meditationibus
1442 1808 1743 1848 sacrarum
1767 1791 2024 1863 Scriptu-

2142 1789 2302 1877 μόνον
2334 1803 2438 1880 γάρ
2469 1803 2734 1881 ἀγρυπνίᾳ
2784 1804 2874 1859 καὶ
2929 1802 3132 1879 μελέτῃ
3181 1809 3292 1860 τῶν
3351 1803 3506 1860 θείων
3558 1809 3790 1883 Γραφῶν

379 1894 579 1934 rarum
615 1879 932 1951 superabat
960 1897 1187 1948 omnes,
1220 1880 1323 1936 sed
1371 1887 1429 1936 et
1466 1881 1846 1952 eleemosyna
1877 1886 1934 1936 et
1963 1880 2025 1935 in

380 1983 672 2038 pauperes
698 1969 1232 2026 commiseratione.
1263 1971 1409 2026 Hinc
1427 1975 1663 2026 coactus
1681 1969 1811 2026 fieri
1829 1970 2028 2026 Corin-

379 2055 465 2110 thi
499 2057 1001 2130 archiepiscopus,
1025 2065 1266 2131 propter
1286 2059 1470 2115 animi
1501 2059 2027 2126 demissionem,ac

380 2145 735 2202 modestiam
770 2147 983 2203 adduci
1013 2165 1133 2204 non
1164 2151 1373 2222 potuit,
1408 2155 1472 2204 ut
1502 2150 1884 2206 consentiret.
1921 2149 2028 2206 Or-

378 2233 580 2290 dinato
606 2235 785 2308 igitur
813 2237 993 2293 fratre
1037 2239 1164 2309 ejus
1221 2227 1454 2306 Paulo,
1479 2245 1716 2295 secutus
1747 2255 1883 2294 eum
1917 2242 2025 2294 est.

375 2324 656 2381 Precibus
711 2333 910 2382 autem
968 2328 1312 2396 Argivorum
1345 2371 1360 2396 ,
1417 2334 1798 2385 consecratus
1859 2329 2028 2400 Argis

382 2414 715 2486 episcopus,
749 2415 896 2472 adeo
930 2417 1325 2490 eleemosynis
1365 2417 1655 2486 incubuit,
1682 2424 1748 2472 ut
1778 2417 2028 2490 singulis

373 2503 586 2560 diebus
632 2505 786 2560 nihil
843 2506 905 2561 in
937 2523 1096 2579 penu
1127 2509 1256 2579 ejus
1289 2507 1549 2579 reperire
1606 2513 1781 2576 esset,
1813 2514 2030 2579 praeter

379 2593 664 2662 tunicam,
697 2612 876 2666 quam
907 2596 1150 2670 gerebat
1182 2613 1194 2651 :
1229 2613 1339 2653 nec
1368 2595 1559 2652 ullum
1588 2594 1662 2653 ad
1695 2611 1756 2652 se
1786 2597 2026 2653 venien-

375 2687 495 2737 tem
549 2699 870 2755 pauperem
922 2685 1267 2758 repellebat.
1303 2685 1466 2742 Unde
1525 2686 1730 2742 multis
1782 2687 2028 2758 patratis

375 2772 708 2844 miraculis,
736 2790 872 2831 cum
903 2775 1021 2831 Deo
1047 2776 1366 2844 serviisset,
1399 2777 1460 2832 in
1477 2793 1620 2849 pace
1655 2775 1928 2832 decessit.

940 2974 1182 3030 EODEM
1219 2974 1474 3032 MENSE.

1030 3063 1134 3118 Die
1166 3069 1378 3135 quarta

591 3152 694 3208 88
725 3151 1006 3208 Certamen
1035 3155 1212 3209 sancti
1244 3154 1460 3210 Silvani
1501 3153 1808 3225 martyris.,

452 3267 699 3324 Sanctus
740 3267 957 3324 Christi
1015 3274 1242 3342 martyr
1271 3269 1560 3339 Silvanus,
1618 3269 1732 3325 fuit
1787 3285 1858 3326 ex
1915 3270 2024 3326 Ga-

377 3374 631 3413 zaeorum
661 3357 924 3430 regione,
959 3359 1218 3430 primum
1277 3358 1516 3432 quidem
1573 3359 1768 3424 miles,
1821 3365 2028 3432 postea

379 3464 516 3502 vero
540 3447 830 3503 abdicatis
887 3464 993 3520 pro
1051 3448 1282 3505 Christ‘b
1340 3450 1564 3505 terreni
1608 3451 1762 3523 regis
1794 3449 2026 3518 castris,

379 3536 654 3592 militiam
687 3537 944 3592 caelestis
1002 3539 1157 3611 regis
1187 3538 1403 3594 Christi
1437 3539 1697 3612 suscepit
1751 3539 1941 3605 Quare
1973 3543 2031 3593 et

382 3627 712 3681 sacerdotio
729 3625 940 3699 dignus
962 3627 1221 3695 habitus,
1244 3628 1504 3700 primum
1527 3628 1858 3701 presbyter,
1891 3627 2030 3684 dein

383 3715 694 3786 episcopus
727 3714 1034 3771 ordinatus
1064 3721 1174 3770 est.
1203 3717 1347 3770 Cum
1379 3733 1513 3772 vero
1555 3717 1886 3773 commissas
1920 3716 2030 3773 sibi

383 3803 650 3856 ecclesias
679 3803 951 3874 regimini
969 3803 1608 3872 assidueincumberet,
1637 3812 1694 3860 et
1723 3806 1942 3862 multos
1965 3822 2034 3862 ea

387 3890 603 3946 Graecis
661 3907 768 3945 sua
818 3891 1087 3946 doctrina
1142 3891 1217 3946 ad
1269 3893 1585 3948 Dominum
1643 3901 2031 3964 converteret,

387 3978 850 4050 comprehensus
891 3979 964 4034 ab
995 3979 1284 4048 idolatris,
1339 3986 1400 4035 et
1443 3997 1643 4036 coram
1673 3983 2033 4039 Cmsareensi

384 4069 604 4140 populo
623 4068 684 4124 in
701 4068 964 4124 medium
981 4067 1323 4141 productus,
1349 4069 1671 4127 crudeliter
1700 4088 1888 4126 caesus
1910 4077 2032 4128 est:

386 4156 599 4215 deinde
631 4174 978 4230 suspensus,
1006 4159 1376 4232 graviterque
1403 4159 1746 4229 dilaniatus,
1779 4160 1854 4217 ad
1899 4161 2035 4217 aeris

387 4248 632 4305 metalla
661 4247 995 4304 effodienda
1038 4248 1385 4305 damnatur:
1420 4249 1523 4305 ubi
1555 4267 1692 4306 cum
1723 4251 1923 4323 plures
1956 4269 2031 4307 aa-

386 4355 634 4395 rumnas
680 4337 1082 4408 sustinuisset,
1114 4355 1182 4394 ac
1211 4339 1508 4395 Christum
1539 4356 1662 4396 non
1690 4340 1867 4396 modo
1899 4357 2036 4412 pro-

388 4429 542 4484 ﬁteri
575 4445 695 4484 non
727 4434 1006 4496 cessaret,
1041 4445 1242 4484 verum
1273 4430 1454 4485 etiam
1489 4430 1644 4498 aliis,
1698 4436 1756 4486 et
1778 4431 2036 4487 maxime

2136 1894 2338 1952 πάντας
2369 1893 2632 1964 ἐνίκησεν,
2665 1891 2810 1948 ἀλλὰ
2839 1890 2930 1948 καί
2971 1891 3336 1966 ἐλεημοσύνᾳ,
3389 1893 3479 1949 καὶ
3525 1897 3596 1969 τῇ
3646 1893 3787 1969 πρὸς

2129 1982 2256 2048 τοὺς
2311 1981 2546 2054 πὲνητας
2603 1983 2929 2057 συμπαθείᾳ.
2991 1984 3076 2056 Ἐξ
3139 1980 3202 2038 οῦ
3277 1982 3367 2039 καὶ
3438 2003 3782 2059 καταναγκα-

2132 2073 2277 2137 σθεῖς
2391 2074 2628 2150 γενέσθαι
2735 2071 3004 2148 Κορίνθου
3118 2072 3570 2150 ἀρχιεπίσκοπος,
3683 2071 3784 2128 οὐκ

2131 2159 2372 2232 ἐπείσθη,
2406 2157 2496 2216 διὰ
2538 2159 2865 2217 ταπείνωσιν
2907 2161 2997 2217 καὶ
3055 2157 3362 2219 εὐλάϐειαν.
3423 2161 3528 2220 Καὶ
3589 2179 3782 2237 χειρο-

2129 2249 2412 2322 τονηθέντι
2469 2249 2674 2324 Παύλῳ
2729 2255 2812 2325 τῷ
2868 2249 3090 2330 ἀδελφῷ
3151 2252 3341 2323 αὐτοῦ,
3417 2249 3784 2327 συγκατῆλθε·

2129 2339 2220 2396 καὶ
2251 2339 2597 2416 παρακλήσει
2635 2344 2743 2396 τῶν
2773 2343 2788 2366 ’
2809 2343 3059 2416 Αργείων
3111 2340 3505 2416 ἐχειροτονήθη
3552 2342 3789 2417 Ἄργους

2131 2427 2446 2491 ἐπίσκοπος.
2483 2430 2584 2488 Καὶ
2642 2428 2816 2492 οὕτως
2876 2427 3202 2486 ἐσπούδασεν
3259 2429 3335 2492 εἰς
3382 2427 3787 2503 ἐλεημοσύνην,

2133 2518 2208 2581 ῶς
2269 2515 2442 2593 μηδὲν
2501 2519 2620 2574 καθ’
2681 2517 2909 2591 ἐκάστην
2965 2525 3273 2597 συγχωρεῖν
3337 2517 3675 2594 εύρίσκεσθαι
3732 2517 3786 2574 ἐν

2127 2611 2210 2680 τῷ
2241 2605 2449 2681 κελλίῳ
2478 2607 2664 2680 αὐτοῦ,
2696 2609 2845 2678 πΛὴν
2871 2613 2970 2664 τοῦ
3019 2613 3275 2685 χιτῶνος,
3326 2609 3386 2664 δν
3438 2608 3643 2687 ἐφόρει,
3691 2607 3786 2664 καὶ

2135 2693 2276 2771 μηδέ
2308 2695 2516 2752 ἐκείνου
2547 2694 2852 2776 φείδεσθαι,
2884 2702 3118 2776 πτωχοῦ
3158 2697 3574 2773 προσελθόντος.
3625 2703 3788 2763 Ὅθεν

2131 2785 2319 2844 πολλᾶ
2350 2788 2600 2860 θαύματα
2629 2789 2886 2860 ποιήσας,
2942 2789 3035 2844 καὶ
3093 2789 3185 2844 τὸν
3245 2789 3375 2845 Θεὸν
3436 2786 3789 2864 θεραπεύσας,

2131 2875 2188 2932 ἐτ
2214 2874 2408 2954 εἰρήνῃ
2440 2874 2758 2948 ἐτελειώθη.

2685 2969 2864 3026 MHNI
2901 2972 2987 3024 ΤΩ
3025 2971 3228 3028 ΔΥΤΩ.

2923 3059 2976 3114 Δ,

2348 3158 2620 3230 Ἀθλησις
2649 3163 2748 3216 τοῦ
2775 3159 2937 3236 ἁγίου
2972 3161 3247 3236 μάρτυρος
3278 3152 3572 3218 Σιλῦανοῦ.

2207 3269 2502 3348 Σιλϐανὸς,
2537 3278 2566 3333 ὁ
2605 3282 2704 3334 τοῦ
2752 3281 2994 3354 Χριστοῦ
3048 3277 3401 3353 ἱερομάρτυς,
3455 3277 3522 3348 ἦν
3578 3278 3675 3350 μὲν
3725 3275 3787 3332 ἐκ

2133 3370 2234 3434 τῆς
2264 3369 2371 3421 τῶν
2432 3366 2676 3436 Γαζαίων
2737 3369 2948 3444 χώρας,
3009 3367 3348 3444 στρατιώτης
3409 3363 3467 3423 δὶ
3523 3367 3788 3442 πρότερον

2138 3452 2424 3532 ὑπάρχων,
2456 3454 2677 3529 ὕστερον
2711 3453 2803 3513 διὰ
2833 3457 3062 3533 Χριστὸν
3107 3456 3425 3513 καταλιπὼν
3476 3457 3566 3512 τὸν
3614 3475 3791 3532 στρα-

2135 3545 2379 3610 τεύεσθαι
2409 3549 2490 3619 τῷ
2518 3543 2703 3619 Τηίνῳ
2758 3546 2998 3622 βασιλεῖ,
3052 3545 3379 3621 ἐστρατεύθη
3427 3548 3506 3618 τίν
3555 3542 3797 3619 ἐπουραο

2138 3633 2240 3698 νίῳ
2275 3635 2494 3710 βασιλεῖ
2521 3637 2772 3711 Χριστῷ.
2815 3635 2910 3690 Διὸ
2941 3634 3030 3690 καὶ
3065 3634 3369 3710 ἱερωσύνης
3420 3637 3799 3704 καταζιοῦται,

2138 3725 2429 3799 γενόμενος
2463 3719 2848 3800 πρεσϐύτερος,
2899 3727 3014 3780 εἶτα
3073 3722 3390 3787 ἐπίσκοπος.
3439 3726 3527 3782 Ἐν
3575 3725 3646 3796 τῇ
3696 3728 3798 3779 τοῦ

2139 3813 2376 3888 Χριστοῦ
2433 3810 2493 3869 δὲ
2543 3813 2958 3890 προσκαρτερῶν
3021 3812 3305 3885 ἐκκλησίᾳ,
3365 3811 3456 3868 καὶ
3541 3812 3794 3875 πολλοὺς

2138 3906 2248 3957 τῶν
2277 3899 2564 3972 Ἐλλήνων
2618 3899 2708 3958 διά
2751 3909 2851 3972 τῆς
2891 3899 3251 3965 διδασκαλίας
3313 3901 3479 3957 αὐτοῦ
3534 3901 3792 3974 ἐπιστρέ-

2143 4012 2256 4068 φων
2281 3989 2369 4045 ἐπὶ
2415 3991 2506 4046 τὸν
2558 3990 2781 4066 Κύριον,
2842 3991 3115 4066 ἐκρατήθη
3180 3990 3285 4047 ὑπὸ
3327 3994 3434 4046 τῶν
3489 3988 3796 4046 εἰδωλολα-

2140 4083 2306 4154 τρῶν.
2342 4079 2438 4135 Καὶ
2468 4079 2657 4156 ἀχθεὶς
2709 4080 2785 4143 εἰς
2837 4083 2998 4154 μέσον
3048 4084 3145 4135 τοῦ
3203 4077 3385 4153 δήμου
3432 4083 3541 4136 τῶν
3600 4085 3800 4135 Καισα-

2145 4169 2306 4246 ρὲων,
2359 4166 2561 4247 ἐτύφθη
2621 4166 2881 4244 ἀφειδῶς.
2964 4169 3098 4227 Εἶτα
3179 4170 3526 4246 κρεμασθεὶς,
3614 4168 3799 4242 ἐξὲσθη

2145 4256 2406 4333 ἰσχυρῶς·
2439 4258 2529 4314 καὶ
2575 4258 2708 4332 μετὰ
2751 4263 2922 4314 ταῦτα
2979 4258 3033 4314 ἐν
3093 4263 3212 4321 τοῖς
3265 4263 3364 4314 τοῦ
3424 4257 3641 4335 χαλκοῦ
3704 4279 3801 4332 μεε-

2143 4345 2374 4408 τάλλοις
2436 4345 2726 4421 χαλκεύειν
2784 4343 3164 4419 κατεδικάσθη.
3236 4348 3324 4406 Ἐν
3405 4349 3489 4412 οἷς
3566 4347 3800 4404 πλεῖστα

2142 4438 2504 4511 τιμωρηθεὶς,
2535 4438 2626 4494 καὶ
2655 4439 2746 4493 τὸν
2776 4439 3014 4514 Χριστὸν
3059 4437 3121 4495 ού
3177 4438 3339 4512 μόνον
3386 4438 3681 4514 ὁμολογεῖν
3717 4442 3798 4512 μή

385 4519 479 4586 iis,
516 4519 616 4591 qui
649 4535 782 4574 cum
809 4519 938 4590 ipso
969 4525 1155 4585 erant,
1187 4535 1391 4574 verum
1415 4520 1598 4574 Deum
1628 4521 2028 4589 annuntiaret,

2143 4531 2510 4602 παυσάμενος,
2568 4526 2717 4585 ἀλλὰ
2772 4530 2860 4586 καὶ
2922 4527 3147 4601 ἄλλοις,
3205 4529 3296 4584 καὶ
3380 4530 3623 4605 μάλιστα
3676 4536 3798 4593 τοῖς

387 4625 508 4664 una
537 4625 674 4664 cum
705 4609 839 4664 aliis
869 4607 1261 4681 quadraginta
1284 4609 1662 4682 martyribus,
1685 4611 1786 4681 qui
1803 4611 1876 4666 ab
1907 4611 2036 4683 ipso

391 4697 581 4752 edocti
609 4697 866 4764 fuerant,
901 4697 1090 4768 capite
1119 4697 1507 4754 obtruncatus
1535 4697 1666 4754 fuit.

392 4920 459 4975 Et
488 4925 758 4977 ccrtamen
785 4920 1126 5044 sacrosanlcti
1152 4923 1410 5004 martyris
1441 4921 1680 4991 Olbiam',
1715 4929 1768 4978 et
1795 4923 2038 4994 discipu-

1069 5007 1224 5044 orum
1252 5008 1388 5044 επις.

1069 5007 1224 5046 orum
1252 5008 1388 5062 ejus.

462 5107 769 5176 Olbianus,
816 5107 1049 5164 divinus
1089 5116 1506 5183 sacromartyr,
1556 5112 1869 5184 episcopus
1907 5113 2038 5182 fuit,

391 5198 745 5254 Maximiano
768 5199 1120 5270 imperante,
1145 5204 1321 5270 atque
1343 5200 1569 5256 .‘Eliano
1591 5201 1744 5256 Asiae
1766 5202 2040 5273 praeside.

393 5289 537 5343 Cum
563 5294 758 5344 autem
790 5286 1033 5358 quidam
1092 5287 1388 5345 idolorum
1449 5289 1748 5358 sacerdos,
1798 5293 2042 5348 nomine

393 5375 776 5448 Agrippinus,
810 5375 1166 5431 sacrificium
1198 5376 1413 5432 Junoni
1463 5378 1723 5445 offerret,
1773 5393 2043 5450 compre-

397 5465 622 5520 hensus
645 5471 700 5520 et
732 5465 879 5536 ipse,
931 5463 1278 5537 adigebatur
1321 5466 1657 5522 sacrificare
1701 5471 1878 5538 atque
1927 5482 2044 5525 area

400 5554 538 5608 thus
556 5552 816 5609 adolere.
845 5554 1060 5608 Verum
1086 5553 1186 5610 ille
1209 5555 1412 5614 multis
1427 5557 1795 5630 argumentis
1814 5556 2044 5628 piisque

405 5645 781 5704 sermonibus
812 5646 1208 5704 Christianam
1239 5647 1480 5720 quidem
1512 5647 1692 5705 iidem
1724 5647 1998 5706 exaltavit
2032 5694 2045 5721 ,

2151 4619 2288 4692 μετᾶ
2315 4617 2480 4674 αὐτοῦ
2510 4619 2628 4674 οὗσι
2667 4620 2796 4676 Θεὸν
2847 4619 3132 4695 κηρύττων
3183 4617 3476 4690 ἀληθινὸν,
3526 4622 3662 4695 μετὰ
3708 4619 3806 4676 καὶ

2146 4706 2335 4765 ἄλλων
2383 4709 2780 4783 τεσσαράκοντα
2839 4710 3130 4784 μαρτύρων
3186 4713 3298 4764 τῶν
3342 4710 3431 4764 ὑπ’
3491 4709 3658 4765 αὐτοῦ
3715 4707 3806 4764 δι-

2149 4793 2483 4873 δαχθέντων,
2515 4796 2653 4878 ξίφει
2683 4799 2782 4868 τὴν
2815 4796 3058 4873 κεφαλὴν
3090 4797 3408 4872 ἁπέτμήθη.

2148 4923 2247 4977 Καὶ
2277 4919 2511 4995 ἄθλησις
2551 4926 2648 4978 τοῦ
2698 4921 2854 5000 ᾁγίου
2882 4923 3302 5000 Δἰερομιὶρςιυρος
3351 4919 3664 4997 Ὀλϐιανοῦ,
3714 4927 3800 4981 καὶ

2659 4995 2770 5050 τῶν
2802 4995 3059 5068 μαθητῶν
3091 4995 3275 5054 αὐτοῦ.

2224 5108 2530 5184 Ὀλῦιανὸς,
2578 5116 2606 5170 ὁ
2660 5119 2802 5180 θεῖος
2855 5115 3206 5192 ἰερομάρτυς,
3258 5115 3550 5180 ἐπίσκοπος
3595 5117 3664 5188 ἦν
3713 5116 3804 5174 ἐπὶ

2150 5203 2490 5275 Μαξιμιανοῦ
2520 5206 2616 5257 τοῦ
2650 5200 2949 5278 βασιλέως,
2989 5202 3424 5279 ἡγεμονεύοντος
3468 5207 3564 5275 τῆς
3618 5205 3804 5269 Ἀσίας

2151 5291 2438 5348 Λῖλιανοῦ.
2492 5293 2858 5366 Ἀγριππίνου
2917 5289 2974 5348 δέ
3025 5314 3171 5357 τινος
3230 5292 3419 5372 ἱερέως
3478 5293 3636 5359 ὄντος
3688 5300 3797 5352 τῶν

2157 5377 2429 5450 εἰδώλων,
2489 5379 2672 5436 θυσίαν
2731 5379 3114 5446 ἐπιτελοῦντος
3167 5385 3237 5458 τῇ
3295 5385 3459 5459 Ἥρᾳ,
3518 5385 3811 5459 κρατηθεὶς

2151 5467 2482 5544 ἠναγκάζετο
2541 5471 2721 5540 θῦσαι,
2805 5468 2895 5525 καὶ
2974 5465 3276 5526 λιϐκνωτὸν
3362 5465 3641 5528 ἐπιϐαλεῖν
3725 5476 3806 5546 τῷ

2159 5559 2355 5636 βωμῷ.
2387 5559 2448 5616 Ὀ
2481 5555 2538 5614 δέ
2566 5557 2803 5622 πολλαῖς
2837 5560 3127 5625 ἀντιθέσεσι
3180 5559 3271 5616 καὶ
3321 5560 3512 5638 λόγοις
3561 5556 3797 5618 εὐσεϐέσι

2155 5649 2254 5718 τὴν
2289 5648 2384 5722 μὶν
2415 5649 2551 5705 κατὰ
2597 5648 2831 5725 Χριστὸν
2878 5647 3060 5706 πίστιν
3107 5647 3348 5726 ἐξυμνῶν
3395 5649 3483 5707 καὶ
3544 5649 3804 5723 ἐπαινῶν,
