4086 6204
361 362 490 422 437
1943 362 1988 422 Μ

2103 362 2212 424 US.
3665 366 3784 425 438

365 487 468 555 τὴν
502 484 560 543 δὲ
586 492 695 543 τῶν
724 486 969 544 εἰδώλων
1002 492 1290 564 θρησκείαν
1337 491 1599 561 κακίζων,
1646 494 1733 547 καὶ
1787 486 1984 547 διαϐάλ

2103 498 2192 559 ,ει
2242 493 2633 564 collaudavit;
2697 495 3180 566 superstitionem
3231 498 3428 549 autem
3485 494 3781 552 idolorum

367 573 510 646 λων,
545 582 763 652 πρῶτον
797 580 890 652 μὶν
923 574 1202 641 σουϐλίοις
1250 582 1664 654 πεπυρωμένοις
1707 583 1774 636 τὰ
1822 579 2021 658 σπλάγ-

2130 582 2354 638 cultum
2388 584 2702 657 depressit,
2736 591 2794 639 et
2822 583 3144 640 damnavit.
3180 585 3548 656 Quapropter
3581 584 3781 657 ignitis

368 686 479 741 χνα
519 667 609 721 καὶ
666 670 733 723 τά
790 669 898 743 ψύα
951 667 1263 727 διακαίεται.
1323 671 1452 727 Εἶτα
1506 666 1728 746 ῥάϐδοις
1785 669 1988 745 ἀφειδῶ

2128 674 2385 742 primum
2419 674 2649 729 subulis
2672 674 2893 728 viscera
2922 674 3073 745 ejus.
3099 680 3156 728 et
3187 673 3376 728 lumbi
3408 674 3777 730 aduruntur:

366 756 648 827 τύπτεται,
706 757 797 812 καὶ
853 762 921 829 τῇ
969 756 1184 835 φυλακῇ
1262 756 1639 834 παραδίδοται.
1700 755 1988 831 Ἐκϐληθεὲ

2126 761 2300 834 virgis
2358 762 2574 817 deinde
2624 762 2945 817 crudeliter
2992 763 3356 828 verberatus,
3387 763 3447 817 in
3481 779 3779 819 carcerem

369 841 427 899 δὲ
466 846 599 917 μετά
626 850 789 901 τοῦτο
839 848 937 914 τῆς
984 846 1257 923 φυλακῆς,
1311 848 1402 903 καί
1448 848 1613 903 πάλιν
1663 847 1983 922 ἀναγκασθεὶ

2124 849 2497 905 detruditur:
2536 857 2741 923 postea
2788 868 2922 906 vero
2982 869 3051 906 ex
3110 869 3348 907 carcere
3408 853 3678 917 eductus,
3711 870 3778 908 ac

367 934 699 1010 ἀρνήσασθαι
732 937 828 1008 μὲν
859 936 951 991 τὸν
979 937 1231 1011 Χριστὸν,
1265 941 1418 1002 θῦσαι
1450 935 1507 993 δε
1564 944 1681 1000 τοῖς
1735 935 2014 1008 εἰδώλοις,

2124 939 2317 994 denuo
2350 940 2694 1011 compulsus
2724 940 3019 995 Christum
3046 940 3360 1014 abnegare,
3394 946 3453 997 et
3482 941 3659 996 idolis
3692 958 3778 996 sa-

366 1025 458 1079 καὶ
496 1028 571 1097 μή
618 1024 877 1097 πεισθεὶς,
932 1025 1064 1099 μετᾶ
1108 1031 1216 1081 τῶν
1270 1032 1527 1099 μαθητῶν
1573 1025 1736 1081 αὐτοῦ
1776 1028 1874 1095 τήν
1928 1024 1988 1081 δικ

2120 1029 2410 1098 criﬁcare,
2444 1046 2578 1085 cum
2612 1029 2671 1085 id
2696 1029 2888 1086 facere
2918 1038 3273 1099 recusasset,
3299 1049 3419 1088 una
3439 1049 3572 1089 cum
3605 1032 3777 1087 disci-

359 1114 535 1189 πυρὸς
596 1113 867 1183 ἀπόφασιν
927 1112 1163 1192 δέχεται.
1227 1118 1320 1171 Καὶ
1383 1114 1710 1194 ἀναφθείσης
1780 1114 1988 1188 καμίνοι

2119 1118 2277 1190 pulis
2309 1119 2433 1174 suis
2473 1119 2546 1175 ad
2606 1120 2802 1193 ignem
2856 1120 3172 1177 damnatus
3222 1127 3347 1176 est:
3407 1139 3475 1177 ac
3521 1121 3771 1193 proinde

355 1207 664 1276 καιομένης
719 1204 963 1280 μεγάλης
1016 1202 1245 1281 σφόδρα,
1302 1207 1435 1279 μετᾶ
1486 1205 1662 1261 αὐτῶν
1709 1201 1988 1280 ἐμϐληθεὶς

2118 1208 2339 1281 ingenti
2364 1207 2603 1265 fornace
2635 1225 2904 1279 accensa,
2939 1226 3059 1266 una
3091 1227 3226 1268 cum
3248 1210 3369 1267 illis
3391 1212 3451 1267 in
3475 1227 3604 1267 eam
3632 1228 3767 1284 pro-

351 1291 407 1347 ἐν
441 1292 578 1366 αὐτῇ
590 1337 604 1362 ,
637 1292 929 1365 ἐτελειώθη
940 1338 953 1350 .

352 1412 455 1467 Καὶ
505 1410 735 1481 ἄθλησις
789 1416 887 1467 τοῦ
926 1411 1113 1503 fallo:
1154 1413 1493 1503 Ιδξικηφόρου,
1542 1413 1857 1489 ἡγουμένου
1905 1421 2005 1485 τῆς

860 1487 958 1539 τοῦ
986 1481 1262 1555 Μηδικίου
1282 1481 1493 1557 μονῆς.

424 1597 488 1655 Ὁ
518 1595 668 1659 ὅσιος
693 1596 1012 1673 Νικηφόρος
1046 1596 1290 1671 ὑπῆρχεν
1342 1596 1436 1668 μὶν
1492 1597 1580 1652 ἐπὶ
1631 1602 1740 1653 τῶν
1791 1599 2004 1674 χρόνων

346 1687 461 1741 τῶν
526 1685 944 1763 Εἷκονομάχωψ
1009 1685 1068 1742 ἐκ
1152 1685 1384 1763 βρέφους
1464 1684 1521 1741 δὲ
1593 1690 1841 1759 ποθήσας
1909 1692 1999 1744 τὸν

344 1778 724 1838 Χοιστὸν,καῖ
779 1779 920 1849 ὀρῶν
979 1778 1077 1846 τὴν
1134 1776 1336 1851 αἳρεσιν
1395 1776 1787 1850 αὐξανομένην,
1844 1799 2003 1835 κατα-

2107 1297 2326 1368 jectus,
2347 1298 2528 1354 vitam
2561 1298 2769 1355 ﬁnivit.

2116 1413 2217 1469 84
2244 1417 2317 1469 Et
2345 1416 2612 1470 memoria
2640 1417 2816 1470 sancti
2868 1416 3186 1486 Nicephori,
3249 1416 3539 1486 hegumem’
3572 1433 3766 1473 mona-

2726 1490 2882 1543 sterii
2914 1488 3156 1544 Medicii.

2184 1594 2433 1649 Sanctus
2464 1595 2828 1667 Nicephorus
2859 1595 3000 1651 vixit
3048 1594 3413 1667 temporibus
3457 1596 3761 1652 lconoma-

2110 1681 2378 1736 chorum.
2411 1684 2458 1736 A
2488 1682 2744 1753 pueritia
2775 1699 2910 1737 cum
2961 1683 3176 1737 Christi
3230 1698 3431 1738 amore
3463 1681 3759 1755 ﬂagraret,

2108 1769 2504 1841 hmresimque
2533 1770 2703 1827 valde
2717 1770 3029 1827 adauctam
3046 1771 3292 1839 videret,
3307 1771 3516 1827 relicto
3532 1770 3754 1827 mundo

345 1866 535 1923 λιπὼν
566 1868 659 1922 τὸν
690 1870 918 1939 κόσμον,
949 1868 1040 1923 καί
1088 1866 1154 1922 τὰ
1204 1866 1256 1921 ἓν
1304 1867 1519 1939 κόσμῳ,
1563 1868 1654 1922 καὶ
1698 1869 1988 1943 γενόμενος

2107 1864 2167 1914 et
2204 1859 2479 1915 omnibus
2512 1877 2642 1932 qum
2666 1861 2727 1916 in
2757 1877 2826 1916 eo
2859 1867 3017 1925 sunt,
3050 1861 3383 1916 monachus
3408 1860 3620 1924 factus,
3653 1877 3755 1917 se-

350 1959 620 2032 μοναχὸς.
653 1955 899 2026 ἀπῆλθεν
929 1955 984 2013 ἐν
1014 1961 1131 2018 τοῖς
1162 1950 1327 2029 ὄρεσι,
1370 1958 1461 2011 καί
1512 1955 1778 2032 ἡσύχαζε,
1826 1979 1996 2033 προσ-

346 2052 545 2122 ευχαῖς
575 2047 667 2102 καὶ
714 2047 984 2119 νηστείαις
1038 2046 1354 2121 σχολάζων,
1410 2045 1501 2100 καὶ
1553 2050 1671 2117 Θεῷ
1721 2045 1853 2121 ὑπὶρ
1900 2050 2000 2117 τῆς

346 2135 743 2209 οἰκουμενικῆς
798 2134 1171 2199 καταστάσεως
1217 2133 1690 2210 προσευχόμενος.
1741 2133 1999 2208 Γαληνη-

342 2225 517 2295 σάσης
575 2221 632 2280 δὲ
684 2226 879 2300 μικρὸν
932 2231 1033 2293 τῆς
1094 2224 1374 2298 αἱρισεως,
1428 2220 1619 2296 πολλῇ
1652 2222 1994 2298 παρακλήσει

341 2312 454 2361 τῶν
519 2313 780 2383 μοναχῶν
834 2309 1072 2382 προέστη
1130 2315 1231 2377 τῆς
1276 2313 1373 2364 τοῦ
1449 2306 1722 2379 Μηδικίου
1802 2319 1994 2383 μονῆς.

341 2395 511 2457 Αὖθις
544 2395 603 2452 δὶ
652 2401 821 2453 κακοῦ
879 2396 1384 2473 ἀναῤῥιπισθὲντος,
1440 2397 1529 2453 καὶ
1584 2401 1686 2463 τῆς
1739 2399 1996 2468 αἱρέσεως

337 2485 447 2540 ὑπὸ
501 2485 736 2549 Λέοντος
791 2490 890 2542 τοῦ
948 2481 1236 2548 δυσσεϐοῦς
1300 2486 1572 2562 βασιλέως
1649 2487 1996 2560 αὐξηθείσης,

334 2575 597 2645 ἐξωσθεὶς
628 2583 730 2645 τῆς
777 2575 1019 2649 ποίμνης
1067 2576 1141 2638 ὡς
1199 2577 1583 2651 προσκυνητὴς
1636 2579 1742 2630 τῶν
1798 2577 1993 2632 πανσέ-

338 2686 493 2721 πτων
549 2665 795 2733 εἰκόνων,
852 2666 941 2721 καὶ
996 2670 1116 2728 ταῖς
1200 2669 1307 2720 τῶν
1385 2666 1553 2740 ἁγίων
1629 2671 1990 2741 πατριαρχῶν

340 2754 594 2817 ἐντολαῖς
637 2754 922 2828 ὶπόμενος,
980 2758 1203 2829 πικραῖς
1255 2753 1486 2829 ἰξορίαις
1532 2749 1994 2827 καθυποϐληθεὶς,

337 2846 393 2901 ἐν
448 2848 830 2920 σκοτεινοτάτῃ
878 2844 1097 2924 φυλακῇ
1158 2843 1512 2916 ἀπεκλείσθη.
1565 2846 1736 2902 Ἔνθα
1780 2845 1871 2902 καὶ
1920 2846 1995 2908 ὡς

336 2939 557 3012 στερεὸς
590 2936 832 3008 ἃθλητὴς
865 2938 966 3008 τὴν
997 2936 1347 3013 ψυχόλεθρον
1380 2935 1592 3007 ἀπάτην
1641 2931 1991 3009 καταϐαλὼν,

336 3027 475 3099 πρὸς
503 3026 761 3101 Χριστὸν,
794 3023 851 3080 δν
876 3023 1162 3097 ἰπόθησεν,
1187 3021 1337 3098 ἑεεδή
1350 3044 1542 3098 μησεν.

329 3145 436 3201 Καὶ
480 3153 679 3218 μνήμη
735 3147 836 3199 τοῦ
891 3143 1047 3199 ὁσίου
1108 3142 1544 3218 ηατρὸςηήμῶν
1596 3138 1839 3216 Ὶλαρίου
1892 3144 1991 3196 τοῦ

935 3216 1389 3289 Θαυματουργοῦ.

393 3329 634 3401 Ἱλάριος
667 3330 695 3385 δ
739 3328 1189 3403 Θαυματουργὸς,
1240 3326 1300 3382 ἐκ
1352 3330 1547 3402 νεαρᾶς
1604 3325 1828 3396 ἡΛικίας
1880 3348 1988 3400 μο-

321 3420 497 3495 ναχὸς
529 3420 855 3494 γενόμενος,
905 3419 995 3473 καὶ
1051 3419 1146 3473 τὸν
1206 3417 1433 3491 σταυρὸν
1479 3416 1649 3472 αὐτοῦ
1693 3414 1777 3471 ἔπ’
1821 3413 1989 3490 ὢμων

324 3511 627 3581 ἀράμενος,
660 3513 740 3581 τῷ
772 3506 1135 3583 σταυρωθέντι
1193 3502 1263 3561 δι’
1310 3508 1460 3579 ἡμᾶς
1517 3504 1760 3580 Δεσπότῃ
1818 3526 1985 3576 κατη-

319 3598 687 3669 κολούθησεν·
721 3597 810 3653 καὶ
864 3598 934 3652 τά
984 3595 1130 3667 πάθη
1184 3601 1285 3666 τῆς
1333 3594 1533 3669 σαρκὸς
1594 3595 1860 3666 ὑποτάξας
1918 3591 1986 3649 δι’

2105 1949 2284 2004 cessit
2312 1949 2374 2005 in
2405 1954 2658 2013 montes,
2703 1950 2939 2022 egitque
2967 1950 3149 2005 vitam
3182 1950 3587 2021 tranquillam,
3621 1966 3755 2005 ora-

2107 2039 2369 2095 tionibus
2397 2055 2465 2095 ac
2496 2040 2750 2112 jejuniis
2807 2057 3038 2105 vacans,
3100 2057 3135 2095 a
3193 2042 3311 2097 Deo
3360 2057 3465 2111 pro
3518 2038 3757 2111 publica

2105 2129 2313 2185 mundi
2331 2130 2527 2200 quiete
2551 2146 2755 2201 preces
2773 2132 3049 2186 offerens.
3076 2131 3298 2186 Deinde
3317 2130 3521 2185 sedata
3549 2128 3756 2201 paulu-

2105 2218 2231 2275 lum
2247 2219 2478 2286 haeresi,
2494 2220 2804 2276 monachis
2820 2221 2989 2276 enixe
3005 2220 3369 2293 rogantibus,
3392 2219 3751 2276 monasterio

2106 2307 2334 2364 Medicii
2368 2308 2623 2379 praefuit.
2659 2310 2873 2365 Verum
2906 2326 2976 2366 ea
3006 2309 3100 2365 lue
3131 2310 3348 2366 iterum
3400 2307 3755 2365 recurudes-

2105 2403 2297 2458 cente.
2322 2404 2500 2469 atque
2522 2398 2759 2464 haeresi,
2789 2399 2998 2454 Leonis
3020 2398 3188 2470 impii
3218 2399 3595 2471 imperatoris
3615 2403 3759 2453 tem-

2104 2484 2372 2557 poribus,
2401 2486 2554 2541 vires
2583 2493 2944 2553 resumente,
2969 2504 3003 2542 a
3031 2503 3205 2559 grege
3229 2504 3333 2543 suo
3363 2486 3643 2558 expulsus
3668 2491 3759 2541 est

2104 2581 2386 2646 tanquam
2419 2574 2893 2631 venerandarum
2924 2576 3248 2647 imaginum
3281 2575 3493 2641 cultor,
3527 2580 3587 2630 et
3616 2590 3754 2629 san-

2103 2669 2335 2720 ctorum
2365 2663 2837 2736 patriarcharum
2863 2665 3174 2736 prmeeptis
3205 2664 3507 2720 inhaerens
3532 2680 3546 2718 :
3579 2680 3752 2719 acer-

2102 2752 2312 2825 bisque
2352 2754 2635 2810 aerumnis
2666 2754 2991 2826 subjectus,
3022 2754 3085 2809 in
3135 2753 3517 2810 tenebrosum
3548 2769 3751 2810 carce-

2101 2859 2228 2898 rem
2261 2841 2634 2899 detruditur:
2667 2842 2767 2899 ubi
2800 2848 3082 2915 tanquam
3124 2842 3486 2899 fortissimus
3525 2841 3750 2899 athleta

2101 2947 2235 2988 cum
2276 2932 2681 3003 perniciosum
2737 2932 2954 2989 animas
2984 2932 3217 2989 illatum
3254 2949 3517 2989 errorem
3546 2932 3749 2988 detur—

2099 3021 2319 3089 basset,
2352 3020 2426 3078 ad
2455 3022 2774 3094 Christum,
2799 3039 2977 3094 quem
3004 3028 3322 3096 optaverat,
3349 3021 3674 3094 emigravit.

2099 3139 2171 3194 Et
2215 3139 2483 3196 memoria
2535 3140 2715 3196 sancti
2766 3142 2953 3195 Patris
3007 3142 3182 3197 nostri
3228 3139 3439 3196 Hilarii
3469 3137 3746 3195 Thauma-

2838 3212 3009 3281 turgi.

2170 3316 2427 3373 Hilarius
2484 3317 2974 3388 Thaumaturgus,
3036 3317 3097 3372 in
3128 3316 3319 3388 primo
3374 3315 3564 3371 astatis
3597 3318 3743 3371 tlore

2095 3405 2426 3461 monachus
2454 3406 2666 3473 factus,
2699 3420 3054 3477 crucemque
3078 3420 3246 3461 suam
3264 3419 3442 3476 super
3460 3404 3745 3459 humeros

2094 3494 2390 3567 bajulans,
2422 3493 2772 3550 cruciﬁxum
2813 3510 2920 3566 pro
2951 3492 3123 3549 nobis
3153 3493 3471 3549 Dominum
3505 3498 3742 3549 secutus

2094 3589 2202 3642 est.
2235 3586 2379 3639 Cum
2412 3589 2611 3639 autem
2643 3584 2838 3639 carnis
2854 3582 3198 3639 atTectiones
3216 3581 3586 3638 continentia
3612 3580 3745 3637 sub-

324 3686 671 3761 ἆγκρατείας,
705 3686 758 3741 ἐν
790 3687 987 3747 πάσαις
1021 3687 1235 3761 ἀρεταῖς
1264 3684 1391 3745 τοὺς
1448 3683 1726 3758 μοναχοὺς
1785 3686 1988 3747 πάντας

2103 3674 2352 3743 iecisset,
2386 3673 2448 3728 in
2500 3672 2779 3727 omnibus
2808 3671 3120 3727 virtutibus
3172 3671 3496 3726 monachos
3528 3687 3741 3726 omnes

322 3774 597 3846 ἐνίκησεν.
662 3777 749 3831 Ἐν
828 3773 1221 3846 σκοτεινοτάτῳ
1302 3772 1404 3847 γὰρ
1488 3771 1718 3845 οἰκίσκῳ
1797 3772 1983 3828 ἑαυτὸν

322 3865 691 3933 ἀποκλείσας,
747 3865 837 3919 καὶ
894 3861 996 3937 ἔξω
1071 3856 1309 3938 θορύϐου
1392 3862 1589 3923 παντὸς
1672 3862 1982 3937 γενόμενος,

324 3954 695 4028 ἑλαμπρύνθη
753 3958 823 4027 τῇ
879 3953 1124 4025 ἀπαθείᾳ.
1192 3953 1286 4007 Διὸ
1340 3952 1432 4007 καὶ
1509 3958 1609 4020 τῆς
1690 3953 1987 4025 ἱερωσύνης

321 4043 793 4116 κατηξιώθη,καί
842 4048 942 4098 τοῦ
1001 4042 1253 4115 θαύματα
1309 4038 1603 4097 ίπιτελεῖψ
1665 4043 1826 4110 ζώοις
1882 4043 1983 4118 γάρ

319 4131 558 4206 ἕπετίμα
614 4128 1057 4188 καταϐλάπτουσι
1114 4133 1181 4186 τά
1237 4132 1488 4206 φυόμενα
1535 4130 1835 4203 σπέρματα,
1893 4132 1984 4186 καὶ

321 4221 626 4278 ἀπεδίωκεν
660 4221 793 4277 αὐτά
824 4221 884 4277 ἐκ
928 4224 1026 4277 τοῦ
1083 4221 1278 4295 ἀγροῦ,
1335 4218 1426 4275 καὶ
1483 4221 1670 4294 πηγήν
1730 4219 1984 4294 χαλάζης

323 4311 392 4368 δι’
427 4315 602 4388 εύχῆς
636 4310 934 4381 άνὲστειλε,
966 4313 1058 4367 καὶ
1114 4318 1219 4387 γῆν
1271 4309 1514 4385 διψῶσαν
1574 4306 1806 4384 ὄμϐροις
1856 4309 1984 4366 ἐπό-

318 4421 455 4456 τισε’
488 4402 584 4457 καὶ
632 4401 759 4477 de?"
812 4403 1104 4474 ποτάμιον,
1149 4401 1223 4462 ὡς
1254 4402 1282 4455 ὁ
1312 4402 1602 4476 προφήτης
1650 4399 1982 4467 Ἐλισσαῖος,

321 4486 632 4565 διέρρηξεν,
688 4489 780 4543 καὶ
833 4489 998 4563 ξηρὰν
1054 4493 1217 4563 χεῖρα
1273 4487 1570 4562 ἀνθρώπου
1628 4487 1835 4558 ἰάσατο,
1891 4487 1981 4544 καὶ

319 4576 518 4655 τυφλῴ
571 4577 637 4633 τὸ
701 4576 919 4652 βλέπειν
981 4576 1298 4653 ἐχαρίσατο,
1351 4576 1440 4631 καὶ
1495 4574 1651 4653 ἕτερα
1729 4578 1975 4651 θαύματα

324 4668 563 4725 πλεῖστα
593 4670 853 4740 ποιήσας,
884 4666 937 4722 ἐν
972 4666 1164 4745 εἰρήνῃ
1196 4667 1332 4742 πρὸς
1364 4664 1558 4742 Κύριον
1588 4663 1736 4740 Εεὸή
1749 4689 1937 4741 μησεν.

874 4857 1021 4914 ΜΗΝ
1030 4858 1050 4914 Ι
1086 4862 1176 4914 ΤΩ
1215 4859 1407 4913 ΔΠὩ.

1125 4949 1180 5000 ε.

558 5036 836 5110 ’Ἃθλησις
865 5045 967 5109 τῆς
994 5036 1147 5113 ἁγίας
1182 5036 1452 5113 μάρτυρος
1483 5037 1746 5113 Εἰρήνης.

394 5165 634 5239 Εἰρήνη,
666 5167 701 5233 ἠ
733 5168 830 5219 τοῦ
878 5165 1117 5237 Χριστοῦ
1179 5164 1404 5238 μάρτυς,
1459 5162 1530 5231 ἦν
1588 5161 1828 5237 θυγάτηρ
1880 5171 1977 5220 Αι-

311 5256 529 5310 κιννίου
583 5252 930 5329 βασιλίσκου·
994 5247 1268 5327 εὔμορφος
1325 5249 1382 5305 δὲ
1440 5249 1789 5325 ὑπάρχουσα,
1850 5249 1979 5305 ἁπε-

309 5344 548 5412 κλείσθη
581 5343 730 5413 παρά
776 5343 873 5395 τοῦ
922 5340 1129 5415 πατρὸς
1183 5339 1352 5404 αὐτῆς
1410 5338 1463 5394 ἐν
1516 5338 1706 5414 πύργῳ
1758 5337 1975 5413 ὑψηλῷ,

315 5430 370 5504 ἔξ
402 5433 538 5488 ἐτῶν
568 5430 722 5498 οὖσα,
780 5429 914 5502 μετὰ
971 5425 1237 5484 δοτΛίδων
1298 5424 1425 5483 Sila
1477 5428 1566 5483 καὶ
1615 5432 1804 5503 τριῶν
1850 5428 1901 5482 ἐν
1933 5426 1979 5502 ᾧ

318 5522 590 5599 ἰόιδάχθη
626 5522 729 5577 ὑπὸ
788 5524 884 5576 οοῦ
942 5518 1090 5575 θείου
1143 5517 1385 5594 ἀγγέλου
1436 5519 1501 5573 τά
1562 5520 1833 5593 μυστήρια
1884 5523 1978 5573 τοῦ

323 5618 480 5672 Θεοῦ.
513 5614 618 5670 Καὶ
654 5611 791 5681 μετά
847 5610 1063 5685 μικρὸν,
1114 5608 1368 5673 ἐλθόντος
1415 5608 1687 5681 Τιμοθέου
1736 5610 1977 5680 μαθητοῦ

322 5703 519 5779 τοῦγίο
545 5703 613 5758 ἆυ
641 5697 958 5757 ἀποστόλου
987 5696 1233 5767 Παύλου,
1265 5691 1556 5768 ἆϐαπτίσθη
1613 5697 1702 5753 ὑπ’
1753 5696 1978 5753 ὖκείνού.

2092 3762 2409 3835 superavit.
2449 3763 2596 3817 Nam
2647 3762 2711 3816 in
2769 3761 3022 3817 obscura
3076 3759 3439 3817 domuncula
3477 3760 3741 3832 seipsum

2092 3852 2425 3919 includens,
2458 3856 2516 3907 et
2544 3851 2754 3924 procul
2789 3850 2861 3907 ab
2893 3850 3057 3907 omni
3090 3850 3340 3921 strepitu
3387 3849 3600 3919 factus,
3628 3850 3740 3906 im-

2090 3940 2481 4015 perturbabili
2499 3940 2698 3996 animo
2715 3939 2945 3996 claruit.
2970 3938 3366 4005 Quamobrem
3389 3943 3448 3994 et
3467 3937 3736 3996 sacerdo-

2090 4032 2171 4086 tio
2220 4031 2431 4104 dignus
2471 4029 2603 4098 fuit,
2664 4036 2721 4085 et
2774 4029 3062 4085 miracula
3114 4028 3382 4099 patravit.
3436 4028 3739 4084 Animalia

2091 4121 2272 4187 enim,
2296 4137 2428 4191 quae
2458 4119 2841 4177 nascentibus
2863 4117 3191 4173 seminibus
3220 4116 3536 4183 nocebant,
3560 4118 3743 4172 incre-

2089 4211 2266 4280 pavit,
2297 4223 2485 4278 eaque
2516 4224 2584 4262 ex
2616 4223 2752 4279 agro
2784 4207 3039 4277 repulit:
3074 4212 3133 4260 et
3162 4205 3384 4261 fontem
3428 4206 3735 4277 grandinis

2089 4298 2239 4354 fusis
2269 4296 2544 4368 precibus
2574 4296 2895 4366 repressit:
2952 4294 3253 4349 sitientem
3281 4301 3499 4348 terram
3531 4292 3739 4347 imbri-

2090 4386 2202 4442 bus
2230 4385 2534 4457 irrigavit:
2568 4383 2813 4447 fluenta,
2846 4384 3037 4438 instar
3062 4382 3257 4437 Elismi
3289 4382 3612 4454 prophetae.
3648 4382 3737 4435 di-

2091 4476 2289 4546 rupit:
2334 4473 2558 4529 aridam
2615 4472 2926 4544 cujusdam
2979 4487 3228 4527 manuni
3287 4470 3551 4526 curavit:
3585 4487 3739 4526 caeco

2092 4564 2282 4619 visum
2313 4561 2609 4617 restituit:
2643 4561 2887 4618 claudos
2926 4559 3230 4615 ambulare
3284 4559 3458 4615 fecit:
3486 4576 3739 4631 cumque

2092 4653 2351 4726 plurima
2379 4650 2497 4707 alia
2544 4650 2831 4706 miracula
2886 4655 3305 4722 perpetrasset,
3367 4649 3431 4703 in
3487 4665 3630 4720 pace
3663 4649 3737 4705 ad

2087 4742 2404 4798 Dominum
2434 4740 2725 4810 migravit.

2643 4848 2881 4903 EODEM
2920 4847 3172 4903 MENSE.

2746 4938 2848 4992 Die
2875 4938 3086 5009 quinta

2303 5029 2400 5086 85
2461 5030 2747 5083 Certamen
2775 5035 2978 5083 sanctae
3007 5029 3190 5083 [renes
3235 5027 3519 5097 martyris.

2161 5147 2326 5200 Irene
2378 5144 2593 5200 Christi
2647 5150 2887 5216 martyr,
2950 5144 3073 5199 lilia
3125 5144 3237 5198 fuit
3292 5143 3497 5199 Licinii
3530 5144 3740 5217 reguli.

2090 5234 2234 5289 Cum
2265 5240 2463 5288 autem
2496 5239 2653 5289 esset
2673 5233 2952 5292 formosa.
2978 5250 3011 5288 a
3041 5239 3206 5305 patre
3238 5249 3344 5287 suo
3373 5232 3603 5289 inclusa
3627 5233 3738 5287 fuit

2090 5348 2223 5387 cum
2270 5332 2555 5388 tredecim
2614 5332 2849 5388 ancillis
2902 5332 2963 5385 in
3023 5332 3257 5386 excelsa
3290 5331 3456 5395 turri,
3511 5337 3741 5386 sextum

2090 5431 2280 5486 calatis
2312 5447 2533 5486 annum
2565 5446 2763 5501 agens.
2794 5428 2878 5483 lbi
2909 5445 2943 5483 a
2973 5428 3169 5484 divino
3213 5428 3423 5501 angelo
3454 5428 3736 5499 mysteria

2088 5519 2190 5575 Dei
2224 5519 2451 5578 edocta.
2479 5536 2599 5574 non
2648 5518 2748 5573 diu
2781 5526 2967 5591 posta
2991 5518 3317 5573 Timothaao
3348 5517 3533 5571 sancti
3570 5515 3734 5570 Pauli

2087 5611 2343 5682 apostoli
2375 5610 2686 5681 discipulo,
2720 5608 2820 5680 qui
2852 5609 2995 5664 illuc
3024 5608 3362 5667 advenerat,
3393 5604 3505 5659 fuit
3544 5603 3734 5673 bapti-

2090 5705 2235 5757 zata.
2268 5698 2434 5755 ldola
2472 5714 2627 5768 vero,
2662 5713 2795 5771 quae
2851 5704 3019 5769 pater
3065 5696 3176 5752 sibi
3227 5693 3490 5759 dederat,
3522 5695 3588 5745 ut
3634 5690 3737 5746 illa
