4104 6196
372 380 490 442 4-39

1693 382 2117 444 MENOLOGII
2164 386 2366 448 PARS
2410 390 2519 451 III.

3652 394 3770 453 MO

384 515 679 581 adoraret,
712 517 1003 579 contrivit,
1036 532 1103 572 ac
1135 516 1413 571 deorsum
1444 516 1713 589 projecit.
1749 515 2034 581 Quocirca

2173 519 2234 574 ,αἱ
2288 521 2618 599 συντρίψασα
2673 522 2738 579 τὰ
2785 520 2991 579 εἴδωλα
3020 524 3054 579 ἅ
3090 520 3287 580 ἔδωκεν
3344 523 3479 599 αὐτῇ
3530 524 3558 579 6
3608 524 3790 599 πατὴρ

386 613 554 680 pater
584 609 789 679 iratus,
824 624 953 663 eam
994 606 1174 662 feroci
1220 622 1369 679 equo
1398 606 1683 680 alligavit,
1710 612 1775 662 ut
1813 606 1894 661 ita
1939 606 2033 660 in-

385 698 771 752 terﬁceretur.
791 698 863 751 At
883 696 987 750 illa
1000 695 1232 751 nullum
1256 696 1392 752 inde
1421 696 1847 752 detrimentum
1861 711 2036 767 passa

382 792 538 840 esset
561 803 575 851 ;
595 791 764 855 pater
783 801 918 840 vero
949 784 1200 853 interiit,
1232 801 1383 857 equo
1418 802 1657 841 manum
1683 786 1810 857 ejus
1833 799 2035 839 morsu

387 873 693 928 avellente.
747 876 891 929 Tum
925 878 1095 930 Irene
1152 874 1300 929 fusis
1356 874 1429 930 ad
1494 876 1678 930 Deum
1739 872 2037 946 precibus,

381 962 577 1035 ipsum
622 962 695 1018 ad
756 964 935 1019 vitam
989 965 1312 1020 revocavit:
1374 981 1555 1035 quare
1612 963 1865 1019 credidit
1921 963 2037 1016 Deo

384 1067 519 1106 cum
544 1068 747 1120 uxore,
775 1058 833 1108 et
860 1052 995 1108 aliis
1027 1053 1264 1108 circiter
1286 1053 1472 1107 tribus
1496 1052 1779 1107 millibus.
1817 1053 2037 1106 Rursus

383 1148 580 1198 autem
629 1145 1059 1215 comprehensa
1087 1144 1262 1216 jussu
1293 1143 1627 1216 Ampeliani
1662 1140 1953 1215 praesidis,
1985 1144 2043 1194 et

390 1233 821 1304 multiplicibus
856 1234 1165 1289 tormentis
1192 1234 1544 1301 excruciata,
1578 1249 1712 1288 cum
1744 1231 2042 1287 Christum

390 1322 681 1395 abuegare
714 1328 1069 1390 recusasset,
1102 1322 1297 1395 gladio
1330 1308 1700 1390 obtrunCata,
1729 1326 1787 1376 et
1812 1320 2044 1393 sepulta

387 1410 518 1466 fuit.

962 1616 1203 1673 EODEM
1234 1619 1378 1673 ΜΕΝ
1385 1617 1485 1674 SE.

1071 1708 1174 1764 Die
1210 1714 1375 1763 sexta

402 1815 666 1872 Memoria
694 1815 795 1870 Job
825 1817 991 1883 Justi,
1014 1822 1071 1870 et
1100 1815 1395 1871 multorum
1429 1813 1789 1870 certaminum
1805 1811 2047 1867 victoris.

478 1942 688 1998 Beatus
718 1941 823 1997 Job
861 1946 988 1997 erat
1018 1957 1087 1995 ex
1136 1941 1374 2013 regione
1426 1937 1732 2003 Ausitidis,
1758 1952 1890 2008 qua:
1947 1936 2060 1990 sita

416 2039 504 2087 est
532 2031 593 2086 in
650 2031 868 2086 finibus
908 2030 1146 2098 Judaate,
1206 2036 1265 2084 et
1317 2028 1571 2098 Arabire,
1607 2026 1765 2082 ﬁlius
1801 2026 2061 2081 ﬁliorum

414 2121 585 2188 Esau,
618 2121 701 2175 ita
730 2127 796 2174 ut
816 2119 892 2174 sit
920 2120 1163 2190 quintus
1185 2118 1257 2174 ab
1290 2118 1609 2173 Abraham.
1633 2119 1823 2172 Antea
1844 2129 2062 2170 nomen

415 2211 467 2266 ei
500 2210 896 2265 fueratJoam.
931 2208 1307 2281 Prophetavit
1335 2214 1534 2263 autem
1580 2222 1770 2262 annos
1824 2204 2066 2277 triginta

415 2299 701 2371 quinque,
722 2299 1057 2369 Christique
1072 2298 1545 2353 incarnationem
1565 2294 1871 2367 praecessit
1889 2292 2064 2349 annis

412 2389 578 2444 mille
597 2389 914 2461 nongentis
937 2386 1141 2460 viginti
1160 2388 1443 2459 quinque.
1480 2387 1646 2441 Hunc
1668 2386 1770 2441 Dei
1803 2384 2065 2439 testimo-

411 2477 512 2531 nio
534 2478 764 2547 justum
786 2475 1172 2548 appellatum,
1209 2474 1487 2545 expetivit
1512 2473 1886 2541 diabolus,ut
1919 2472 2067 2531 al'ili-

417 2570 597 2636 geret.
632 2566 775 2619 Cum
806 2571 1006 2619 autem
1036 2565 1191 2619 Deus
1221 2564 1398 2618 vellet
1427 2562 1596 2617 illum
1626 2561 1814 2634 magis
1843 2560 2063 2633 glorio-

414 2670 544 2709 sum
577 2654 845 2721 reddere,
875 2654 1275 2713 tradiditeum
1296 2652 1533 2708 diabolo
1560 2667 1574 2706 :
1599 2650 1701 2723 qui
1732 2666 1855 2706 non
1886 2649 2063 2705 modo

415 2758 550 2799 eum
581 2743 961 2799 facultatibus
982 2760 1049 2799 ac
1080 2743 1181 2798 86
1213 2742 1419 2797 liberis
1441 2741 1743 2813 spoliavit;
1764 2738 1868 2796 sed
1899 2738 2064 2809 etip-

417 2848 550 2888 sum
581 2833 805 2888 morbis
835 2834 1207 2905 aggrediens,
1236 2830 1581 2886 vulneribus
1609 2845 1677 2885 ac
1716 2828 1904 2901 plagis
1952 2842 2065 2882 un-

419 2921 597 2994 dique
618 2923 1099 2993 circumseptum,
1126 2921 1187 2975 in
1220 2920 1661 2991 sterquilinium
1683 2918 1920 2990 deJecit.
1954 2917 2065 2971 Ve-

418 3029 550 3068 rum
582 3018 823 3069 sanctus
851 3027 988 3067 cum
1035 3026 1244 3066 omnes
1273 3010 1633 3066 tentationes
1665 3007 2065 3077 sustinuisset,

422 3110 482 3158 et
508 3103 570 3158 in
598 3103 874 3159 omnibus
908 3103 1021 3157 Deo
1050 3101 1269 3174 gratias
1299 3098 1871 3172 egisset,.diabolum
1902 3112 2067 3165 sum-

418 3211 514 3250 mo
548 3192 760 3248 decore
793 3193 1009 3247 aﬂ'ecit.
1052 3193 1275 3247 Rursus
1334 3190 1512 3262 igitur
1564 3188 1745 3259 duplo
1805 3190 2065 3258 majores

411 3374 604 3446 piens,
636 3389 703 3429 ac
733 3373 953 3428 liberos
982 3386 1324 3444 procreans,
1366 3384 1502 3423 cum
1532 3366 1604 3424 de
1633 3382 1798 3424 more
1830 3372 2062 3440 gratum

412 3480 475 3520 se
506 3465 625 3520 Deo
657 3448 1043 3531 exhibuisset,
1075 3459 1310 3516 vivendi
1343 3459 1522 3514 finem
1554 3458 1717 3516 fecit.

587 3609 654 3664 Et
682 3610 944 3664 memoria
974 3609 1152 3663 sancti
1181 3606 1365 3661 Patris
1394 3605 1573 3660 nostri
1594 3602 1883 3659 Pachonii.

488 3755 739 3810 Sanctus
768 3756 942 3807 Pater
969 3755 1172 3807 noster
1217 3749 1573 3815 Pachonius,
1632 3744 2067 3820 persecutionis

421 3851 686 3915 tempore
715 3840 1203 3911 comprehensus,
1226 3838 1288 3893 in
1311 3852 1610 3892 carcerem
1633 3836 1910 3892 detrusus
1933 3835 2066 3892 fuit.

421 3933 567 3986 Cum
598 3936 795 3985 autem
826 3928 1095 3983 nondum
1126 3926 1396 3980 initiatus
1429 3931 1607 3991 esset,
1630 3940 1740 3979 nec
1759 3924 1911 3978 bene
1934 3923 2070 3995 dog-

420 4038 518 4077 ma
549 4020 687 4075 ﬁdei
718 4022 1117 4093 cognosceret,
1150 4016 1372 4088 rogavit
1396 4016 1604 4081 Deum,
1626 4021 1691 4069 ut
1716 4030 1777 4070 se
1809 4014 2067 4070 doceret.

421 4111 724 4170 Accedens
754 4110 934 4183 igitur
964 4107 1210 4180 angelus
1264 4105 1392 4171 Dei,
1423 4104 1588 4161 omni
1625 4105 1796 4160 illum
1826 4104 2069 4159 veritate

416 4201 716 4258 instruxii.
741 4202 885 4256 Cum
903 4215 1036 4254 vero
1056 4196 1391 4269 persecutio
1405 4201 1720 4264 cessasset,
1740 4194 2071 4251 solitariam

414 4293 594 4349 vitam
625 4291 933 4364 amplexus
960 4306 973 4344 :
1006 4296 1181 4359 atque
1210 4288 1269 4342 in
1308 4287 1522 4341 virtute
1566 4285 1836 4358 profecit,
1870 4292 1935 4339 ut
1963 4301 2070 4341 an-

415 4386 530 4458 geli
563 4382 860 4453 colloquio
890 4380 1105 4453 dignus
1126 4377 1324 4445 fuerit,
1358 4383 1417 4431 et
1446 4377 1518 4431 ab
1544 4377 1647 4431 illo
1669 4375 1942 4431 ordinem
1974 4376 2071 4431 ha-

413 4476 722 4544 bitumque
755 4471 1186 4527 monachorum
1212 4466 1507 4543 didicerit.
1533 4467 1614 4521 Ex
1633 4465 1737 4521 illo
1771 4466 1932 4521 enim
1960 4466 2073 4520 for-

416 4573 643 4621 matum
684 4570 773 4617 est
821 4560 1154 4633 angelicum
1189 4557 1470 4612 solitariaa
1528 4556 1660 4611 vitae
1705 4555 2066 4610 institutum.

421 4656 559 4710 Post
588 4654 713 4707 ὴωο
744 4651 918 4722 plura
946 4649 1020 4704 ad
1056 4648 1153 4703 Dei
1186 4648 1424 4703 laudem
1456 4646 1819 4703 monasteria
1850 4645 2071 4700 excita-

421 4744 535 4798 vit:
568 4756 823 4811 cumque
856 4738 1143 4795 miracula
1174 4742 1485 4809 patrasset,
1519 4738 1757 4808 Deoque
1779 4750 1967 4806 usque
1997 4732 2072 4789 ad

427 4839 793 4890 senectutem
831 4830 892 4884 in
924 4828 1202 4884 omnibus
1228 4827 1547 4896 serviisset,
1578 4826 1843 4900 gaudens
1874 4825 1947 4880 ad
1978 4824 2073 4896 ip-

427 4939 559 4980 sum
592 4919 881 4993 migravit,
915 4925 1203 4973 aeternum
1233 4917 1297 4971 in
1347 4916 1510 4973 caelis
1565 4932 1836 4986 regnum,
1861 4916 2071 4969 vitam-

424 5029 539 5087 que
573 5011 998 5083 sempiternam
1020 5024 1089 5063 ac
1120 5008 1239 5062 ﬁne
1271 5014 1574 5063 carentem
1603 5010 1979 5062 consecutus.

986 5164 1227 5236 EODEM
1257 5177 1507 5255 MENSE.

1056 5271 1160 5326 Die
1194 5269 1446 5341 septima

423 5388 516 5445 81
555 5384 817 5442 Memoria
862 5377 1013 5450 signi
1044 5376 1242 5446 crucis,
1301 5375 1451 5448 quod
1506 5377 1565 5430 in
1606 5374 1731 5431 coelo
1786 5376 2069 5445 apparuit.

498 5562 841 5622 Constantio
872 5557 1242 5615 Constantini
1268 5538 1456 5631 Magni
1482 5541 1607 5612 filio
1630 5555 1981 5632 imperante,
2005 5571 2074 5611 ac

434 5651 651 5728 Cyrillo
679 5646 1225 5729 Hierosolymorum
1265 5642 1732 5725 archiepiscopo,
1766 5643 1828 5700 in
1860 5642 2072 5721 diebus

435 5748 651 5800 sanctae
692 5742 1094 5807 Pentecostes,
1126 5734 1274 5790 hora
1329 5732 1445 5792 diei
1500 5733 1671 5792 tertia
1728 5734 1962 5809 aparuit
1991 5735 2073 5792 si-

2086 1892 2134 1959 B

2147 607 2316 679 αὐτῆς
2367 617 2708 687 προσκυνεῖν,
2768 608 2955 689 ἔρριψε
3011 611 3180 671 κάτω.
3239 613 3371 671 Τότε
3444 613 3793 690 ὀργισθέντος

2148 701 2244 753 τοῦ
2275 702 2479 777 πατρὸς
2538 701 2728 775 αὐτῆς,
2790 700 3090 779 προσεδέθη
3141 704 3299 777 ἳππῳ
3358 702 3527 779 ἀγρίῳ
3584 702 3671 759 ἐπὶ
3726 705 3790 760 τὸ

2151 797 2495 865 φονευθῆναι.
2558 793 2661 848 Καὶ
2721 792 2856 862 αὐτὴ
2919 794 3013 867 μὶν
3092 790 3244 848 οὐδὲν
3320 790 3586 865 ἠδικήθη·
3646 792 3675 847 6
3736 790 3793 849 δὶ

2150 880 2331 955 πατὴρ
2391 880 2557 951 αὐτῆς
2613 883 2865 951 ἀπέθανε,
2937 886 3034 938 τοῦ
3107 879 3284 938 ἵππου
3360 879 3616 945 δακόντος
3689 884 3790 951 τήν

2153 974 2315 1045 χεῖρα
2358 968 2520 1025 αὐτοῦ
2568 970 2659 1026 καὶ
2717 973 3118 1046 ἀποκόψαντος·
3177 974 3212 1042 ἡ
3274 969 3331 1027 δὲ
3386 974 3791 1046 προσευξαμένη

2152 1058 2437 1131 ἀνέστησεν
2472 1060 2657 1116 αὐτόν.
2691 1062 2832 1118 Τότε
2862 1060 3137 1117 ἐπίστευσε
3185 1061 3273 1116 καὶ
3324 1060 3483 1125 αὐτὸς
3531 1066 3609 1134 τῷ
3655 1066 3794 1133 Θεῷ,

2152 1149 2243 1204 καὶ
2274 1152 2309 1220 ἡ
2343 1151 2480 1224 γυνὴ
2535 1151 2727 1223 αὐτοῦ,
2778 1152 2869 1207 καὶ
2932 1150 3097 1208 ἄλλοι
3146 1152 3272 1207 ὡσεὶ
3331 1148 3581 1227 χιλιάδες
3628 1155 3796 1225 τρεῖς.

2156 1240 2256 1293 Καὶ
2312 1239 2477 1295 πάλιν
2532 1243 2862 1316 κρατηθεῖσα
2918 1243 2952 1311 ἡ
3011 1242 3138 1316 ἁγία
3211 1240 3357 1318 παρά
3432 1237 3803 1314 Ἀμπελιανοῦ

2152 1332 2252 1384 τοῦ
2309 1325 2603 1405 ἡγεμὸνος,
2660 1330 2749 1385 καὶ
2816 1330 3003 1387 πολλὰ
3061 1331 3476 1405 ’τιμωρηθεῖσα,
3553 1327 3643 1383 καὶ
3725 1330 3802 1402 μὴ

2158 1423 2435 1483 πεισθεῖσα
2465 1420 2795 1495 ἀρνήσασθαι
2824 1420 2915 1476 τὸν
2948 1420 3204 1497 Χριστὸν,
3248 1418 3383 1499 ξίφει
3432 1416 3803 1489 τελειωθεῖσα,

2159 1506 2352 1584 ἐτάφη.

2706 1626 2858 1684 MHN
2865 1629 2887 1684 Ι
2925 1629 3010 1683 ΤΩ
3048 1627 3246 1686 ΔΥΤΩ.

2367 1823 2578 1897 Μνήμη
2608 1827 2704 1879 τοῦ
2732 1820 2942 1880 δικαίου
2972 1823 3062 1879 καὶ
3092 1819 3408 1878 πολυάθλου
3438 1806 3589 1879 Ἰὼϐ.

2244 1952 2367 2015 Ἰὼϐ
2398 1958 2427 2013 6
2459 1956 2724 2034 μακάριος
2753 1940 2997 2036 ὑπῆρχεν
3028 1956 3089 2013 ἐκ
3124 1942 3224 2029 τῆς
3276 1939 3566 2039 Αῦσίτιδος
3618 1954 3810 2039 χώρας

2165 2050 2271 2102 τῶν
2332 2046 2497 2122 ὁρίων
2563 2045 2849 2119 Ἰουδαίας,
2925 2048 3016 2104 καὶ
3088 2042 3372 2125 Ἀραϐίας,
3455 2036 3564 2101 τῶν
3638 2036 3815 2102 Ἦσαῦ

2170 2137 2299 2192 υἱῶν
2333 2137 2472 2208 υίὸς,
2504 2137 2579 2200 ὡς
2599 2138 2731 2194 εἶναι
2764 2140 3014 2213 πέμπτον
3048 2139 3153 2195 ἀπὸ
3176 2134 3448 2215 Ἀϐραάμ.
3475 2141 3816 2214 Προΰπῆρχε

2169 2223 2226 2281 δὲ
2257 2226 2403 2299 αὐτῷ
2451 2222 2626 2302 ὄνομα
2672 2228 2862 2297 Ἰωάμ’
2911 2230 3000 2285 καὶ
3060 2236 3458 2306 προεφήτευσεν
3511 2224 3603 2297 ἔτη
3659 2230 3815 2299 τριά-

2167 2336 2328 2371 κοντα
2382 2317 2471 2371 καὶ
2530 2318 2709 2388 πέντε,
2784 2311 3083 2392 προλαϐὼν
3167 2317 3433 2393 σάρκωσιν
3519 2318 3617 2371 τοῦ
3674 2317 3813 2390 Χρι-

2170 2410 2318 2476 στοῦ,
2379 2403 2469 2477 ἔτη
2533 2406 2693 2483 χίλια
2758 2406 3033 2463 ἐννακόσια
3112 2406 3280 2463 εἴκοσι
3354 2408 3529 2463 πέντε.
3607 2408 3812 2462 Τοῦτον

2174 2495 2583 2573 μαρτυρηθέντα
2616 2497 2720 2553 ὑπὸ
2770 2501 2902 2553 Θεοῦ
2955 2495 3183 2566 δίκαιον,
3236 2497 3533 2572 ἐξῃτήσατο
3565 2496 3592 2551 ὁ
3624 2489 3817 2550 διάϐο-

2170 2585 2269 2650 λος
2299 2593 2683 2661 τιμωρεῖσθαι.
2718 2584 2821 2645 Καί
2854 2587 3027 2652 θέλων
3060 2588 3088 2643 6
3118 2588 3245 2649 Θεὸς
3281 2587 3369 2642 ἐπὶ
3416 2585 3610 2642 πλεῖον
3656 2582 3817 2657 δοξά-

2170 2696 2279 2748 σαι,
2311 2673 2622 2751 παρέδωκεν
2683 2676 2841 2731 αὐτὸν
2901 2682 2984 2750 τῷ
3042 2671 3315 2749 διαϐόλῳ.
3354 2676 3415 2734 Ὁ
3446 2673 3504 2731 δὲ
3552 2668 3816 2735 διάϐολος

2174 2766 2235 2821 οὔ
2270 2765 2431 2841 μόνον
2465 2765 2744 2841 ἐγύμνωσε
2773 2774 2871 2837 τῆς
2912 2766 3249 2841 περιουσίας,
3299 2765 3385 2822 καῖ
3431 2770 3537 2821 τῶν
3585 2768 3812 2821 τέκνων

2172 2855 2316 2910 ἀλλὰ
2348 2858 2434 2911 καί
2471 2855 2631 2911 αὐτὸν
2663 2852 2899 2927 πλήξας,
2930 2853 3017 2911 ἐπὶ
3046 2863 3146 2927 τῆς
3176 2858 3405 2931 κοπρίας
3462 2854 3819 2928 ἡλκωμένου,

2170 2948 2260 3003 καὶ
2311 2946 2643 3023 τραυματίαν
2708 2941 2947 3025 ἔρριψεν.
2995 2943 3152 3004 Ἀλλ’
3184 2946 3410 3021 ὁᾶγιος,
3468 2947 3640 3015 πάντα
3694 2963 3822 2999 πειο

2175 3038 2381 3114 ρασμὸν
2432 3035 2749 3110 ὑπομείνας,
2799 3037 2891 3092 καὶ
2933 3036 3012 3099 είς
3065 3039 3237 3093 πάντα
3289 3034 3685 3111 εὐχαριστήσας
3741 3037 3825 3107 τῷ

2172 3129 2310 3198 Θεῷ,
2342 3125 2656 3202 κατῄσχυνε
2682 3126 2774 3187 τὸν
2828 3120 3111 3183 διάϐολον.
3160 3125 3259 3181 Καὶ
3305 3124 3471 3182 πάλιν
3521 3122 3822 3184 ἀπολαϐὼν

460 3212 514 3248 ιο
548 3212 760 3248 decore
793 3212 1009 3247 auecu.
1052 3212 1275 3247 nursus
1334 3212 1512 3262 igitur
1564 3212 1745 3259 uupiu
1805 3212 2143 3293 maiores.“
2176 3215 2262 3271 επὶ
2293 3222 2392 3279 τῆς
2420 3222 2521 3292 γῆς
2553 3212 2783 3271 διπλοῦν
2831 3216 2925 3271 τὸν
2969 3213 3233 3284 πλοῦτον,
3294 3215 3383 3272 καὶ
3440 3222 3669 3292 γυναῖκα
3717 3218 3822 3274 λα-

414 3282 648 3339 divitias
680 3298 859 3354 super
884 3288 1101 3337 terram
1150 3286 1476 3349 assecutus,
1510 3283 1569 3339 et
1612 3293 1858 3349 uxorem
1907 3275 2063 3351 acci-
2100 3268 2145 3333 C
2176 3268 2314 3373 ἐὼν,

2343 3305 2432 3361 καὶ
2458 3302 2884 3377 παιδοποιήσας,
2914 3304 3112 3379 καὶτῷ
3168 3309 3287 3380 Θεῷ
3338 3309 3587 3378 συνήθως
3631 3307 3824 3386 εὐαρε-

2168 3397 2392 3467 στήσας,
2422 3391 2742 3466 ἰτελειώθη.

2276 3603 2374 3659 Καὶ
2409 3580 2602 3677 μνήμη
2634 3604 2731 3657 τοῦ
2762 3599 2913 3657 ὁσίου
2941 3601 3150 3678 Πατρὸς
3181 3603 3344 3676 ἡμῶν
3372 3601 3708 3679 Παχωμίου.

2241 3754 2569 3829 Παχώμιος,
2602 3752 2631 3808 6
2662 3749 2713 3807 ἐν
2748 3748 2920 3826 ἁγίοις
2953 3750 3144 3825 Πατὴρ
3176 3752 3358 3825 ἡμῶν,
3409 3755 3708 3828 κρατηθεὶς
3763 3751 3818 3809 ἐν

2169 3845 2249 3914 τῷ
2306 3845 2480 3917 καιρῷ
2528 3844 2627 3899 τοῦ
2684 3838 2959 3917 διωγμοῦ,
3018 3838 3350 3912 ἀπεκλείσθη
3411 3842 3490 3907 είς
3544 3840 3822 3922 φυλακήν·

2171 3930 2373 4000 ἀτελὴς
2402 3928 2458 3987 δὶ
2493 3928 2591 4003 ὢν,
2620 3929 2713 3986 καὶ
2745 3931 2823 4004 μὴ
2863 3931 3148 4006 γινώσκων
3176 3929 3360 3995 καλῶς
3385 3933 3448 3988 τὸ
3476 3940 3579 4003 τῆς
3595 3932 3829 3997 πίστεως

2174 4016 2378 4094 δόγμα,
2410 4018 2705 4088 παρεκάλει
2734 4020 2828 4075 τὸν
2859 4020 2987 4074 Θεὸν
3021 4016 3228 4092 διδάξαι
3284 4019 3465 4075 αὐτόν’
3514 4021 3602 4077 καὶ
3653 4018 3826 4077 ἐλθὼν

2176 4107 2405 4185 ἅγγελος
2436 4112 2594 4175 Θεοῦ,
2644 4104 2882 4179 ἰδίδαξεν
2946 4106 3109 4163 αὐτὸν
3159 4113 3333 4165 πᾶσαν
3381 4110 3481 4178 τήν
3539 4109 3826 4182 ἀλήθειαν.

2174 4199 2527 4272 Παυσαμένου
2561 4195 2618 4253 δὲ
2664 4199 2762 4253 τοῦ
2817 4193 3087 4273 διωγμοῦ,
3146 4204 3247 4268 τῆς
3306 4197 3553 4275 φυλακῆς
3612 4196 3827 4255 ἀπολυο

2177 4288 2308 4357 θεὶς,
2363 4286 2602 4356 ἀπῆλθεν
2661 4286 2714 4343 ἂν
2762 4292 2891 4350 ταῖς
2952 4286 3211 4362 ἐρήμοις,
3268 4287 3361 4344 καὶ
3418 4286 3682 4364 ἠσύχαξε,
3738 4287 3830 4343 καὶ

2172 4378 2434 4433 τοσοῦτον
2470 4376 2662 4451 ὑψώθη
2694 4377 2832 4448 πρὸς
2885 4375 3106 4452 ἀρετήν,
3159 4377 3237 4439 ὡς
3295 4377 3534 4453 ἀγγέλου
3588 4377 3828 4448 ἀξιωθῆ-

2172 4488 2259 4524 ναι
2293 4467 2541 4542 ὁμιλίας,
2589 4468 2680 4524 καὶ
2738 4469 2867 4544 παρ’
2926 4467 3133 4524 ἑκείνου
3195 4469 3381 4542 μαθεῖν
3438 4467 3568 4532 τοὺς
3624 4469 3834 4531 τύπους

2171 4558 2263 4614 καὶ
2294 4558 2357 4613 τὸ
2385 4565 2582 4635 σχῆμα
2631 4561 2744 4613 τῶν
2806 4562 3087 4633 μοναχῶν.
3148 4560 3238 4627 Ἐξ
3294 4556 3501 4613 ἐκείνου
3550 4556 3651 4634 γάρ
3712 4557 3832 4613 ltu-

2100 4634 2154 4702 Ῐ)
2183 4634 2756 4723 πώθη-τὸίάγγελικὸν
2784 4642 3109 4721 ἐπάγγελμα
3159 4652 3260 4716 τῆς
3316 4643 3614 4719 μοναδικῆς
3662 4644 3834 4702 πολι-

2180 4738 2349 4799 τείας.
2380 4738 2530 4793 Μετὰ
2573 4739 2739 4791 ταῦτα
2797 4732 2855 4790 δὲ
2920 4733 3107 4791 πολλά
3162 4738 3498 4809 μοναστήρια
3548 4735 3830 4812 ἀνεγείρας

2182 4828 2257 4890 είς
2290 4829 2425 4882 Θεοῦ
2455 4823 2800 4900 δοξολογίαν,
2839 4822 2929 4881 καὶ
2968 4822 3230 4897 θαύματα
3282 4828 3541 4896 ποιήσας.
3592 4825 3681 4880 καὶ
3733 4826 3829 4880 τὸν

2179 4916 2306 4971 Θεὸν
2342 4914 2508 4989 μέχρι
2537 4916 2723 4989 γήρως
2776 4911 3108 4988 θεραπεύσας
3137 4911 3188 4968 ὲν
3222 4919 3376 4984 πᾶσι,
3430 4914 3640 4990 χαίρων
3690 4915 3831 4987 πρὸς

2179 5004 2341 5059 αὐτὸν
2375 5000 2728 5077 ὖεεδήμτβεν,
2784 4997 3085 5057 ἀπολαϐὼν
3133 5000 3500 5083 ἐγηοῦρανοῖς
3551 5001 3832 5078 βασιλείαν

2182 5091 2405 5149 αἰώνιον
2430 5092 2521 5147 καὶ
2555 5092 2698 5162 ζωὴν
2726 5088 2902 5145 ἀΐδιον
2931 5091 3020 5145 καὶ
3053 5089 3435 5163 ἀτελεύτητου.

2725 5189 2908 5247 ΜΗΝΙ
2949 5197 3037 5247 ΤΩ
3077 5195 3278 5252 ΑΥΤΩ.

2246 5348 2251 5359 .
2452 5354 2455 5355 ν
2608 5346 2609 5349 η
2983 5283 3031 5334 τ
3498 5352 3503 5355 ,

2184 5364 2409 5457 Μμήδμη
2458 5362 2565 5435 ¹’τοῦ
2610 5364 2696 5434 κᾶν
2774 5375 2994 5453 οὐρανῷ
3075 5362 3331 5465 Ῡανέντος
3417 5362 3649 5452 σημείου
3733 5364 3831 5436 τοῦ

2877 5469 3129 5525 σταυρου.

2254 5553 2378 5612 Ἐπὶ
2453 5549 2833 5631 Κωνσταντίου
2888 5552 2988 5606 τοῦ
3050 5549 3339 5627 βασιλέως,
3396 5553 3493 5606 τοῦ
3548 5549 3669 5606 υἱοῦ
3725 5554 3828 5607 τοῦ

2185 5644 2446 5722 Μεγάλου
2509 5643 2928 5714 Κωνσταντίνου,
2986 5643 3075 5697 καὶ
3134 5640 3416 5721 Κυρίλλου
3466 5643 3824 5723 ἀρχιεπισκό-

2180 5720 2292 5790 του
2329 5731 2748 5810 Ἱεροσολύμων,
2780 5730 2832 5787 ἰν
2864 5736 2984 5794 ταῖς
3042 5728 3278 5810 ἡμέραις
3331 5724 3431 5799 τῆς
3466 5720 3640 5811 τάγίας
3691 5737 3826 5791 Πεν-
