4086 6204
354 312 489 387 τω

1955 318 2213 396 MAIUS.

3658 332 3776 407 us

370 461 664 527 τηκοστῆς,
723 452 1048 546 ὣρᾳῗτρίτη
1097 460 1198 524 τῆς
1254 455 1486 529 ἡμέρας,
1537 453 1708 530 ὶφάνη
1770 457 1799 511 6
1844 458 2003 546 τόποι

2137 482 2318 540 gnum
2349 472 2702 529 veneranda;
2731 475 3089 546 viriﬂcseque
3148 474 3361 541 crucis,
3396 491 3467 531 ex
3533 476 3663 533 luce
3712 476 3775 536 in

366 549 467 601 τοῦ
521 546 710 619 τιμίου
791 545 884 600 καὶ
960 548 1234 614 ζωοποιοῦ
1316 548 1571 620 σταυροῦ,
1640 545 1903 610 συνεστὼς
1966 549 2025 605 ἔκ

370 636 555 714 eiuro:
614 635 668 690 ἐν
726 638 808 707 τῷ
861 635 1101 708 οὐρανῷ,
1161 635 1399 706 ὁρῶντος
1446 634 1648 697 παντὸς
1703 638 1801 691 τοῦ
1860 633 2019 707 λαοῦ,

378 726 511 799 ὖπὶρ
574 724 685 779 ἂνω
730 728 833 779 τοῦ
854 724 1010 797 άγίου
1058 723 1308 799 Γολγοθά
1374 724 1751 797 ἐκτεταμένος,
1811 722 1935 781 ἔνθα
1990 727 2019 781 6

368 814 578 888 Κύριος
651 816 813 886 ἡμῶν
894 816 1112 884 Ἰησοῦς
1191 814 1424 887 Χριστὸς
1503 814 1843 889 ἐσταυρώθη,
1926 815 2018 872 καὶ

374 898 585 972 διήκων
620 906 787 978 μέχρι
816 907 914 957 τοῦ
945 901 1101 978 ἁγίου
1133 901 1291 976 ὅρους
1336 907 1447 958 τῶν
1480 902 1733 969 Ἐλαιῶν,
1768 903 1918 966 ὅστις
1947 908 2015 978 τῇ

368 993 862 1067 λαμπρότητιτῶν
926 997 1299 1068 μαρμαρυγῶν
1347 994 1443 1055 τὰς
1500 993 1735 1062 ἡλιακὰς
1795 994 2014 1057 ἀκτῖνας

368 1082 702 1157 ἀπέκρυψεν.
762 1084 921 1146 Ὅθεν
980 1088 1124 1136 πᾶσα
1197 1081 1394 1152 ἡλικία
1477 1087 1585 1136 τῶν
1661 1085 2012 1159 Χριστιανῶν,

359 1171 498 1225 νέων
529 1191 591 1226 τε
621 1171 712 1226 καὶ
740 1171 1037 1246 γερόντων,
1083 1171 1174 1226 σὺν
1234 1170 1456 1241 νηπίοις
1510 1172 1598 1226 καὶ
1657 1172 2015 1244 θηλάζουσιν,

358 1261 438 1324 εἰς
463 1263 565 1332 τήν
600 1263 753 1338 άγίαν
803 1266 900 1317 τοῦ
950 1266 1085 1319 Θεοῦ
1125 1261 1416 1332 ἐκκλησίαν
1466 1257 1753 1318 κατὲΑα6ε⁶
1805 1261 1895 1317 καὶ
1963 1261 2016 1317 ἐν

367 1352 594 1426 ἀμέτρῳ
623 1357 770 1428 χαρᾷ
821 1350 975 1426 δόξαν
1035 1352 1126 1407 καὶ
1185 1351 1560 1428 εὖχαριστείαν
1614 1340 1749 1426 μετὰ
1805 1358 2013 1426 θερμῆς

360 1444 703 1513 κατανύξεως
754 1446 835 1515 τῷ
891 1448 1009 1516 Θεῷ
1067 1443 1367 1516 ἁνὲπεμψεν
1428 1442 1515 1499 ἰπὶ
1568 1446 1648 1514 τῷ
1722 1438 2013 1518 παραδόξῳ

361 1531 625 1604 θαύματι.
657 1532 788 1604 Περὶ
808 1530 1005 1587 τούτου
1036 1528 1094 1587 δὶ
1146 1532 1237 1587 καὶ
1295 1533 1325 1587 ὁ
1356 1531 1507 1608 ἅγιος
1539 1528 1819 1605 Κύριλλος
1875 1531 2012 1608 πρὸς

365 1621 744 1679 Κωνστάντιον
794 1619 1049 1698 ἔγραψεν,
1131 1620 1498 1699 ὶπιστηρίζων
1572 1620 1733 1678 αὐτὸν
1816 1621 1870 1677 ιν
1941 1623 2013 1695 τῇ

357 1706 643 1785 ὀρθοδόεῳ
672 1713 872 1771 πίστει.

506 1827 607 1886 Καὶ
638 1830 641 1833 ⁷
667 1812 901 1900 ἄθλησις
946 1806 1055 1885 ’τοῦ
1086 1810 1245 1905 ἁγίου
1280 1810 1550 1906 μάρτυρος
1578 1808 1860 1886 Ἀκακίου.

423 2035 687 2099 Ἀκάκιος
720 2036 748 2091 ὁ
801 2040 903 2091 τοῦ
952 2038 1190 2110 Χριστοῦ
1255 2036 1486 2113 μάρτυς,
1510 2036 1575 2106 ἦν
1611 2033 1698 2090 ἐπὶ
1732 2034 2009 2107 Μαξιμια-

350 2128 453 2179 νοῦ
482 2122 584 2180 τοῦ
620 2125 888 2200 βασιλέως
920 2124 981 2181 ix
1008 2133 1109 2196 τῆς
1153 2127 1344 2202 χώρας
1405 2122 1815 2200 Καππαδοκίας,
1845 2144 2011 2195 στρα-

336 2215 469 2270 τευό
483 2235 643 2286 μενος
675 2214 726 2269 ἐν
752 2214 833 2288 τῷ
876 2218 1112 2293 τάγματι
1167 2221 1276 2271 τῶν
1329 2214 1578 2291 σχολῶν.
1621 2202 2008 2293 Διαγνωσθειθς

350 2302 435 2370 δὶ.
487 2306 570 2360 ὅτι
630 2305 953 2380 Χριστιανός
1011 2304 1175 2375 ἔστιν,
1234 2304 1506 2385 ἐκρατήθη
1566 2306 1654 2361 καὶ
1709 2305 2005 2380 προσήχθη

348 2398 435 2466 τῷ
453 2402 555 2464 τῆς
588 2397 776 2472 χώρας
809 2394 1063 2473 ἄρχοντι,
1093 2396 1181 2452 καὶ
1217 2394 1570 2473 ὁμολογήσας
1602 2396 1691 2450 τὸν
1749 2395 2007 2471 Χριστὸν,

352 2482 562 2562 ἐτῦφθη
597 2483 865 2562 σφοδρῶς.
900 2485 1032 2542 Εἶτα
1062 2484 1475 2564 παραπεμφθεὶς
1532 2483 1698 2560 ἓτέρῳ
1755 2482 2004 2560 ἄρχοντι,

349 2574 445 2629 καὶ
484 2570 753 2640 συνδεθεὶς
781 2575 874 2631 καὶ
926 2575 1123 2639 ἄλλοις
1180 2574 1418 2639 πολλοῖς
1462 2572 1793 2650 δεσμώταις,
1849 2571 2005 2649 ἤχθη

348 2662 431 2725 εἷς
457 2665 522 2719 τὸ
554 2666 868 2735 Βυζάντιον·
926 2666 1015 2722 καὶ
1071 2663 1271 2728 δειναῖς
1330 2666 1545 2739 μάστιξι
1607 2666 1695 2720 καὶ
1730 2659 2006 2741 στρεϐλώ-

348 2772 468 2808 σεσι
540 2755 886 2826 καταξανθεὶς
970 2755 1100 2811 ὅλον
1159 2757 1220 2811 τὸ
1299 2763 1477 2829 σῶμα,
1538 2753 1864 2826 ἀπεκλείσθη
1928 2752 2004 2818 εἷς

353 2845 632 2921 φυλακήν⁹
695 2844 820 2902 ἔνθα
880 2845 1189 2911 ἐπιστάντες
1251 2848 1387 2902 θεῖοι
1448 2842 1676 2922 ἂγγελοι
1736 2844 2004 2901 ἀπεκατέ-

349 2956 560 3006 στησαν
593 2935 750 2992 αὐτὸν
787 2936 934 3015 ὑγιῆ*
966 2934 1058 2991 καὶ
1090 2933 1292 2998 ἰδόντες
1351 2928 1508 2991 αὐτὸν
1570 2936 1625 2990 οὶ
1675 2933 1729 2990 ἰν
1785 2937 1854 3009 τῇ
1904 2957 2005 3010 φυ-

353 3021 505 3099 λακῇ
592 3026 786 3088 πάντες
845 3025 987 3082 οὕτω
1043 3027 1259 3102 ταχέως
1307 3026 1633 3101 ὑγιάναντα,
1690 3024 2004 3097 ἐπίστευσαν

348 3116 445 3169 καὶ
476 3113 627 3170 αὐτοὶ
687 3104 769 3188 τῷ
828 3113 1071 3190 Χριστῷ,
1129 3104 1219 3171 καὶ
1281 3108 1810 3191 ἁπεκεφαλίσθησαν.
1876 3113 2005 3172 Εἶτα

2138 556 2283 614 οωιο
2306 569 2701 634 compactum.
2732 563 2965 620 vidente
2996 565 3268 620 universo
3316 563 3557 637 populo,
3602 582 3780 638 super

2136 656 2405 705 sanctum
2432 659 2692 709 montem
2715 653 3339 727 Golgothaextensum.
3369 654 3467 709 ubi
3494 655 3778 711 Dominus

2134 744 2339 794 noster
2366 741 2534 798 Jesus
2564 743 2830 800 Christus
2861 743 2922 800 in
2944 761 3178 801 crucem
3211 751 3377 801 actus
3407 746 3605 803 fuit.et
3631 765 3774 819 pro-

2131 827 2348 885 cedens
2370 849 2557 904 usque
2598 833 2669 888 ad
2702 842 2973 890 sanctum
3029 842 3292 891 montem
3327 836 3555 901 Oliveti,
3597 838 3679 892 ita
3708 845 3775 893 ut

2131 916 2467 988 splendoris
2498 922 2588 977 sui
2617 921 2884 979 claritate
2916 924 3113 979 radios
3145 924 3289 979 solis
3322 930 3560 997 tegeret.
3623 926 3775 991 Qua-

2139 1005 2402 1063 mobrem
2432 1011 2627 1065 omnis
2659 1013 2850 1067 astatis
2872 1013 3188 1067 Christiani
3219 1015 3470 1083 juvenes
3502 1021 3559 1069 et
3582 1031 3776 1083 senes,

2140 1096 2308 1167 pueri
2341 1105 2399 1152 et
2428 1098 2736 1168 lactentes,
2769 1103 2830 1156 in
2862 1109 3124 1157 sanctam
3161 1102 3262 1157 Dei
3295 1103 3604 1158 ecclesiam
3641 1122 3774 1159 con-

2137 1193 2463 1242 venerunt:
2495 1195 2554 1243 et
2578 1189 2913 1245 incredibili
2946 1190 3157 1264 gaudio
3215 1192 3457 1264 perfusi,
3517 1194 3769 1265 gloriam

2131 1275 2575 1348 gratiarumque
2606 1279 2902 1335 actionem
2947 1296 3080 1336 cum
3131 1281 3565 1338 ferventissima
3608 1298 3771 1338 com-

2130 1364 2452 1435 punctione
2482 1366 2601 1423 Deo
2636 1366 2974 1424 extulerunt
3006 1385 3107 1439 pro
3131 1369 3422 1441 stupendo
3441 1371 3728 1427 miraculo
3756 1382 3767 1419 ε

2125 1451 2327 1525 dequo
2351 1460 2408 1511 et
2439 1462 2679 1511 sanctus
2696 1457 2948 1529 Cyrillus
2969 1456 3041 1512 ad
3073 1457 3485 1515 Constantium
3509 1459 3768 1532 scripsit,

2125 1539 2189 1596 in
2224 1540 2339 1600 ﬂde
2372 1544 2703 1602 orthodoxa
2730 1546 2902 1602 illum
2926 1547 3311 1605 conﬁrmans.

2370 1853 2442 1910 Et
2470 1861 2740 1911 certamen
2770 1858 2948 1913 sancti
2974 1857 3232 1927 martyri:
3261 1857 3477 1914 Acadi.

2191 2040 2442 2098 Aeacius
2471 2041 2685 2100 Christi
2710 2048 2935 2118 martyr
2960 2045 3092 2111 fuit,
3125 2044 3477 2117 Maximiano
3499 2045 3755 2118 impera-

2123 2134 2273 2194 tore.
2306 2146 2375 2185 ex
2406 2130 2646 2205 regione
2676 2132 3362 2206 Cappadocim,mililiam
3389 2150 3671 2191 exercens
3698 2133 3761 2191 in

2120 2218 2467 2277 Scholarum
2500 2223 3048 2297 cohorteCognitus
3074 2231 3273 2281 autem
3292 2224 3764 2293 utChristianus,

2123 2308 2593 2381 comprehensus
2623 2311 2754 2373 fuit,
2772 2317 2830 2367 et
2856 2311 3146 2368 adductus
3176 2311 3253 2368 ad
3278 2311 3535 2384 regionis
3560 2312 3765 2384 praesi—

2118 2395 2253 2453 dem
2291 2413 2305 2452 :
2337 2414 2404 2455 ac
2444 2399 2744 2455 Christum
2797 2402 3122 2469 confessus,
3180 2401 3432 2475 graviter
3495 2399 3761 2457 caeditur.

2122 2486 2347 2542 Deinde
2371 2486 2446 2544 ad
2464 2478 2653 2544 alium
2678 2490 2992 2561 praesidem
3016 2490 3254 2558 missus,
3288 2507 3356 2546 ac
3384 2491 3614 2546 vinctus
3644 2505 3765 2545 una

2118 2592 2252 2633 cum
2283 2577 2418 2635 aliis
2450 2580 2693 2652 captivis
2725 2580 3060 2652 Byzantium
3074 2578 3389 2637 adducitur
3409 2597 3422 2635 :
3445 2580 3765 2653 ﬂagrisque

2121 2668 2465 2725 crudelibus
2495 2676 2553 2725 et
2583 2671 2867 2727 tortuosis
2897 2671 3076 2743 lignis
3122 2676 3243 2726 toto
3276 2686 3521 2743 corpore
3548 2685 3759 2735 caesus,

2118 2755 2180 2811 in
2212 2773 2509 2815 carcerem
2543 2758 2898 2815 detruditur.
2922 2748 3029 2816 Ubi
3057 2754 3437 2816 accurrentes
3466 2757 3765 2814 divinian-

2126 2846 2265 2919 geli,
2297 2848 2658 2905 incolumem
2691 2850 2885 2922 ipsum
2916 2849 3328 2907 reddiderunt.
3387 2851 3532 2906 Cum
3561 2856 3763 2905 autem

2114 2951 2345 3005 omnes,
2378 2939 2479 3011 qui
2529 2940 2590 2995 in
2642 2956 2875 2997 carcere
2935 2947 3123 3008 erant,
3176 2955 3311 2997 eum
3346 2945 3465 2995 tam
3513 2945 3761 3011 repente

2116 3028 2357 3085 sanitati
2390 3030 2729 3087 restitutum
2759 3032 3193 3103 conspicerent,
3253 3033 3314 3087 in
3371 3030 3666 3086 Christum
3706 3036 3764 3085 et

2119 3115 2231 3190 ipsi
2290 3118 2691 3179 crediderunt.
2753 3137 2821 3177 ac
2867 3119 3116 3193 proinde
3175 3121 3367 3192 capite
3420 3119 3761 3175 obtruncati

342 3211 450 3274 τῆς
512 3204 762 3281 φυλακῆς
822 3199 1133 3275 ἐκϐληθεὶς,
1216 3204 1307 3260 καὶ
1364 3205 1777 3283 παραπεμφθείς
1833 3204 2002 3281 ὶτὲρῳ

2122 3214 2277 3264 sunt.
2304 3208 2528 3265 Deinde
2558 3210 2805 3266 Acacius
2831 3226 2861 3265 e
2892 3227 3128 3266 carcere
3176 3210 3442 3271 eductus.
3476 3215 3652 3279 atque
3683 3208 3757 3263 ad

345 3292 603 3371 ἃρχοντι,
637 3296 728 3359 καὶ
790 3294 954 3350 πάλιν
1001 3293 1364 3373 τιμωρηθεὶς,
1414 3290 1846 3373 ἀπεκεφαλίσθηο
1907 3294 1999 3349 καὶ

342 3372 705 3463 κατετέθηὶτὸ
762 3372 1020 3461 λείψανον
1082 3383 1246 3439 αὐτοῦ
1304 3383 1357 3440 ἄν
1414 3372 1999 3462 τόπῳνίπιλεγομὲνῳ

342 3474 623 3549 Σταυρίῳ.

902 3574 1084 3635 MHNI
1124 3576 1214 3633 ΤΩ
1249 3577 1444 3635 ΑΥΤΩ.

415 3764 542 3836 Μνή
552 3786 628 3838 μη
659 3770 758 3821 τοῦ
790 3764 943 3842 ἁγίου
968 3764 1230 3842 ΑἸῳάννου
1263 3766 1361 3820 τοῦ
1402 3763 1679 3841 Θεολόγου
1709 3764 1795 3821 ιπὶ
1825 3771 1926 3837 τῆς

955 3836 1113 3912 ἁγίας
1163 3836 1390 3899 κόνεως.

415 3949 479 4007 '0
539 3936 922 4026 φιλάνθρωπος
975 3944 1066 4000 καὶ
1141 3945 1449 4019 πανάγαθος
1502 3945 1630 4009 Θεὸς
1695 3946 1881 4019 ἡμῶνν
1932 3947 1996 4004 οὗ

342 4037 511 4111 μόνον
542 4037 669 4100 τοὺς
735 4036 867 4111 ὑπὲρ
918 4034 1079 4090 αὐτὸν
1110 4035 1556 4110 ἀγωνισαμένους
1592 4036 1778 4110 ἁγίους
1834 4034 1999 4092 αὐτοῦ

340 4129 596 4203 μαθητάς
625 4125 716 4182 καὶ
762 4124 1133 4205 αποστόλους,
1192 4128 1478 4203 προφήτας
1530 4145 1599 4189 τε,
1642 4124 1733 4180 καὶ
1794 4124 1995 4201 μάρτυ-

338 4239 461 4294 ρας,
493 4217 584 4272 καὶ
640 4219 842 4279 πάντας
904 4217 1031 4277 τοὺς
1091 4213 1546 4286 εὖαρεστήσαντας
1602 4215 1767 4288 αὐτῷ,
1832 4216 1996 4290 βασι-

342 4306 500 4369 λείας
535 4307 800 4383 οὐρανῶν,
857 4305 946 4360 καὶ
1005 4309 1112 4361 τῶν
1171 4302 1405 4359 αἰωνίων
1461 4305 1693 4376 ἠξίωσεν
1752 4304 1987 4380 ἀγαθῶν·

340 4390 609 4449 ἀλλὰκαὶ
640 4392 767 4456 τοὺς
800 4391 1026 4462 τόπους,
1068 4391 1121 4447 ἐν
1178 4390 1261 4454 οἷς
1312 4391 1421 4463 ἤδη
1482 4389 1727 4468 ἔτριψαν,
1782 4392 1817 4463 ἢ
1875 4392 1997 4449 ἑτά.

338 4505 546 4563 φησαν,
578 4481 813 4559 πλήρεις
849 4482 1093 4559 χαρίτων
1151 4479 1469 4553 ἀποδείξας,
1526 4481 1763 4545 πολλοῖς
1825 4480 1996 4557 ἐλάμ-

2112 3296 2297 3354 alium
2328 3297 2643 3371 praesidem
2665 3298 3337 3371 remissus,rursumque
3360 3298 3758 3366 excruciatus,

2111 3388 2303 3459 capite
2333 3388 2720 3445 obtruncatus
2745 3388 2857 3444 fuit
2888 3405 2901 3443 :
2932 3396 2990 3444 et
3046 3388 3289 3460 reliquas
3349 3387 3537 3460 ipsius
3564 3386 3760 3459 depo-

2111 3476 2238 3534 sita
2268 3476 2510 3534 fuerunt
2539 3476 2602 3534 in
2633 3477 2761 3533 loco
2790 3477 2890 3549 qui
2914 3476 3209 3533 Staurium
3238 3466 3473 3533 dicitur.

2659 3574 2900 3633 EODEM
2922 3574 3176 3632 MENSE.

2741 3665 2846 3721 Die
2872 3671 3073 3721 octava

2179 3760 2279 3820 88
2303 3752 2566 3821 Memoria
2582 3766 2760 3820 sancti
2776 3763 3011 3849 Joannis
3049 3761 3309 3834 Theologi
3340 3762 3405 3820 ob
3436 3767 3686 3819 sanctum

2782 3852 3039 3894 cinerem.

2177 3942 2691 3999 Clementissimus
2743 3947 2802 3999 et
2857 3944 3117 4015 optimus
3174 3943 3330 3999 Deus
3370 3947 3575 3999 noster
3631 3958 3752 4001 non

2106 4030 2283 4089 modo
2305 4049 2429 4100 eos,
2456 4032 2557 4106 qui
2588 4049 2694 4106 pro
2726 4031 2855 4105 ipso
2885 4032 3288 4102 decertarunt,
3335 4038 3574 4090 sanctos
3607 4049 3746 4090 suos

2106 4121 2430 4195 discipulos
2462 4128 2520 4178 et
2548 4122 2871 4195 apostolos,
2905 4122 3224 4194 prophetas
3245 4138 3483 4194 quoque
3505 4138 3572 4177 ac
3595 4139 3754 4177 mar-

2106 4216 2288 4282 tyres,
2320 4211 2770 4281 universosque.
2800 4211 2900 4281 qui
2932 4211 3043 4265 sibi
3092 4210 3391 4283 placuere,
3425 4227 3606 4283 regno
3638 4227 3756 4265 coe-

2105 4298 2241 4355 lesti
2264 4298 2555 4369 bonisque
2582 4298 2963 4370 sempiternis
2981 4298 3189 4371 dignos
3204 4299 3427 4366 effecit;
3448 4298 3551 4354 sed
3573 4300 3751 4354 etiam

2106 4387 2256 4455 loca,
2290 4388 2352 4443 in
2373 4387 2591 4459 quibus
2619 4388 2832 4443 versati
2864 4394 3130 4454 sunt,aut
3158 4387 3396 4459 sepulti.
3427 4387 3751 4460 gratiarum

2106 4477 2285 4550 plena
2314 4478 2658 4546 ostendens,
2686 4478 2891 4533 multis
2937 4493 3006 4533 ea
3051 4476 3357 4533 miraculis
3404 4476 3743 4533 illustravit.

337 4594 513 4650 πρυνε
554 4574 813 4647 θαύμασι.
872 4572 978 4629 Καὶ
1032 4576 1133 4649 γαρ
1199 4573 1228 4626 ὁ
1278 4573 1471 4649 τάφος,
1530 4570 1581 4627 ἓν
1638 4570 1683 4646 ᾧ
1740 4573 1767 4627 6
1828 4573 1995 4649 μέγας

2122 4567 2341 4623 Etenim
2373 4567 2736 4640 sepulcrum,
2765 4568 2828 4623 in
2878 4583 2997 4639 quo
3055 4583 3307 4641 magnus
3360 4566 3664 4639 apostolus
3695 4572 3753 4620 et

340 4661 689 4724 Ἀπόστολος
754 4662 863 4738 ,καὶ
953 4661 1343 4738 εὖαγγελιστής
1432 4662 1688 4733 Ἰωάννης
1770 4660 1994 4735 μέλλων

344 4759 705 4827 μετατεθῆναι
754 4736 965 4829 άτάφη,
1017 4736 1166 4806 κόνιν
1247 4748 1422 4825 ἁγίαν,
1479 4748 1546 4819 ἤν
1620 4750 1672 4805 οὶ
1732 4749 1997 4828 ἔγχώριοι

340 4843 534 4898 Μάννα
564 4841 1085 4917 προσαγορεύουσιν,
1118 4837 1382 4894 ἰπινεῦσει
1444 4840 1762 4913 ῐῐνεῦματος
1810 4842 1993 4916 ἁγίου,

337 4932 479 4987 κατά
508 4932 606 4998 τήν
633 4929 836 5005 ὀγδόην
868 4931 1079 5004 ἡμέραν
1138 4933 1235 4984 τοῦ
1301 4929 1479 4985 Μαῒου
1534 4930 1707 5002 μηνὸς
1763 4927 1993 5001 ἕτησίως

337 5019 598 5094 ἰξαίερνης
629 5016 876 5093 άναὸρύει
924 5021 1011 5074 καὶ
1070 5006 1412 5074 ἀναδίδωσιν·
1448 5015 1513 5087 ἤν
1575 5018 1627 5073 οἱ
1684 5021 1991 5095 προσερχό-

344 5129 501 5181 μενοι
568 5103 959 5181 λαμϐάνοντες,
1027 5107 1272 5182 χρῶνται
1359 5107 1498 5181 αὐτῇ
1572 5106 1648 5171 είς
1721 5109 1989 5164 παντοίων

337 5199 530 5253 παθῶν
561 5196 967 5275 ἀπολύτρωσιν,
1027 5194 1104 5262 είς
1149 5201 1434 5272 θεραπείαν
1466 5199 1685 5272 ψυχῶν,
1717 5196 1793 5259 εἷς
1823 5192 1988 5272 ρῶσιν

336 5288 639 5359 σωμάτων,
671 5286 801 5341 Θεὸν
830 5282 1275 5362 δοξολογοῦντες,
1336 5285 1424 5341 καὶ
1481 5285 1574 5341 τὸν
1601 5283 1774 5341 αὖτοῦ
1831 5287 1988 5363 θερά-

334 5397 513 5434 ποντα
543 5375 814 5451 Θεολὸγον
840 5373 1204 5450 γεραίροντες.

410 5493 512 5548 Καὶ
548 5494 743 5567 μνήμη
800 5493 897 5547 τοῦ
954 5487 1119 5569 ὁσίου.
1151 5490 1363 5569 Πατρὸς
1418 5492 1581 5566 ἡμῶν
1632 5492 1916 5569 Ἀρσενίου

947 5567 1048 5617 τοῦ
1071 5564 1343 5639 Μεγάλου.

414 5681 716 5755 Ἀρσένιος,
750 5678 779 5733 ὁ
826 5674 879 5733 ἂν
937 5676 1113 5754 ἁγίοις
1172 5680 1361 5753 Πατὴρ
1417 5681 1600 5756 ⁴ἡμῶν,
1645 5680 1709 5751 ἦν
1774 5682 1868 5754 μὶν
1925 5680 1985 5738 ix

2110 4657 2467 4731 evangelista
2485 4657 2763 4721 Joannes.
2798 4658 2975 4728 paulo
3007 4664 3139 4729 post
3168 4654 3744 4718 transferendus.de-

2105 4748 2335 4820 positus
2365 4746 2774 4805 fuit.sanctum
2796 4747 3265 4819 cinerem,quem
3301 4745 3510 4803 incolas
3534 4746 3748 4801 Manna

2106 4837 2431 4908 appellant,
2462 4836 2681 4908 Spiritu
2713 4843 2915 4892 sancto
2946 4843 3266 4898 annuente.
3292 4842 3491 4892 octavo
3522 4834 3747 4891 mensis

2106 4926 2237 4981 Maii
2269 4925 2367 4981 die
2397 4926 2717 4997 quotannis
2747 4926 3044 4998 extemplo
3078 4926 3315 4985 emittit.
3349 4932 3744 4997 emanatque:

2105 5030 2281 5085 quem
2305 5013 2405 5085 qui
2427 5002 3122 5087 aocedunt.accipientes.
3144 5013 3205 5068 in
3227 5014 3594 5069 curationem
3619 5012 3749 5067 uni-

2101 5120 2405 5159 versorum
2437 5103 2798 5173 morborum,
2832 5106 2894 5160 in
2950 5105 3287 5161 animarum
3321 5104 3656 5164 sanitatem.
3692 5109 3751 5157 et

2100 5197 2163 5252 in
2194 5210 2508 5267 corporum
2540 5193 2832 5249 medelam
2866 5210 2934 5249 eo
2972 5201 3243 5255 utuntur.
3276 5194 3461 5249 Deum
3503 5192 3745 5249 laudan-

2100 5288 2211 5355 tes,
2241 5270 2488 5358 ejusque
2517 5300 2751 5340 servum
2781 5274 3142 5359 Theologum
3164 5289 3537 5341 venerantes.

2175 5499 2238 5554 Et
2266 5501 2530 5555 memoria
2559 5499 2740 5555 sancti
2769 5499 2952 5556 Patris
2996 5502 3177 5558 nostri
3204 5503 3429 5559 Arsenii
3456 5501 3667 5571 Magni.

2172 5687 2419 5745 Sanctus
2448 5687 2622 5746 Pater
2669 5693 2874 5747 noster
2915 5662 3224 5760 Arsenius,
3254 5690 3368 5747 fuit
3420 5705 3492 5747 ex
3543 5693 3737 5747 vetere
