4104 6196
370 318 490 401 443

1649 312 2081 378 MENOLOGII
2124 314 2327 380 PARS
2370 320 2503 383 IIII.

3665 331 3791 394 ut

371 453 577 518 Roma,
594 449 1004 507 sanctissimas
1034 446 1135 503 Dei
1167 446 1433 501 ecclesias
1454 445 2014 520 diaconus.Propter

2127 453 2223 520 τῆς
2250 450 2487 514 παλαιᾶς
2545 452 2789 525 Ῥώμης,
2849 451 3099 518 διάκονος
3155 461 3258 525 τῆς
3315 456 3627 531 ἁγιωτάτης
3678 466 3775 518 τοῦ

376 559 545 599 suam
578 548 772 597 autem
799 540 1107 595 scientiam
1131 543 1308 608 atque
1335 536 1577 592 virtutes
1600 535 1866 593 delectus
1889 544 2023 593 esta

377 632 704 687 Theodosio
730 631 930 700 Magno
952 627 1416 698 imperatore,ut
1446 626 1600 681 filios
1631 627 1817 697 ipsius
1839 629 2021 682 Arca-

378 722 540 777 dium
575 728 631 775 et
663 719 981 774 Honorium
1005 734 1124 771 non
1154 717 1639 778 litteristantum,
1674 715 1779 772 sed
1810 722 1869 770 et
1899 716 2012 770 vir-

377 810 604 865 tutibus
627 808 938 862 imbueret.
974 806 1067 862 Sic
1098 823 1232 862 vero
1265 806 1335 861 ab
1381 806 1737 877 imperatore
1758 805 2015 861 honora-

376 898 642 959 hatur,ut
670 899 844 952 Pater
873 897 1297 968 imperatorum
1331 896 1646 952 diceretur.
1681 896 1895 950 Verum
1918 896 2019 950 ille

372 987 578 1041 turbas
605 986 739 1041 odio
772 985 1437 1055 habens,terrarumque
1470 986 1887 1056 imperatorem
1920 984 2009 1038 fu-

369 1076 740 1149 giens.vitam
774 1075 1099 1131 solitariam
1127 1072 2016 1147 amavit,Regemquecoelestem

372 1166 631 1236 Optavit;
667 1181 840 1236 quem
874 1164 1136 1235 rogabat,
1171 1170 1234 1218 ut
1264 1180 1325 1219 se
1385 1163 1445 1217 in
1495 1164 1647 1218 viam
1705 1162 2007 1232 dirigeret,

369 1255 665 1325 quomodo
698 1254 908 1309 salvari
939 1254 1200 1309 deberet.
1235 1255 1449 1308 Vocem
1508 1251 1687 1325 igitur
1735 1251 1957 1306 audivit
1987 1266 2017 1305 e

366 1344 513 1399 caelo
547 1344 659 1399 sibi
692 1350 781 1399 ter
807 1344 1101 1399 dicentem
1137 1359 1150 1397 :
1183 1343 1415 1407 Arseni,
1450 1342 1582 1415 fuge
1621 1342 1917 1404 homines.
1952 1345 2009 1395 et

368 1433 688 1488 salvaberis
743 1434 813 1487 Et
844 1433 1044 1488 statim
1094 1432 1335 1487 mutatis
1383 1430 1663 1492 vestibus,
1705 1435 2011 1501 assumpto

364 1524 642 1593 pauperis
675 1522 899 1586 habitu,
934 1522 994 1576 in
1016 1523 1323 1595 Egyptum
1348 1519 2007 1593 profectus,solitariam

363 1612 541 1667 vitam
576 1612 837 1684 suscepit
865 1628 877 1665 :
910 1627 1163 1683 cumque
1196 1618 1500 1677 certasset,
1532 1617 1598 1665 ut
1627 1626 1802 1665 nemo
1833 1609 2008 1678 alius,

361 1703 425 1759 in
453 1702 750 1774 profunda
780 1708 1092 1758 senectute
1123 1702 1194 1757 ad
1228 1702 1414 1757 Deum
1446 1701 1735 1775 migravit.

922 1919 1163 1977 EODEM
1208 1917 1459 1974 MENSE.

1051 2009 1154 2065 Die
1189 2023 1351 2064 nona

582 2098 682 2156 ΒΘ
730 2100 1022 2156 Certamen
1070 2100 1247 2156 sancti
1295 2099 1453 2154 Isaiae
1491 2094 1803 2169 prophetae.

438 2208 621 2264 Isaias
654 2223 903 2281 magnus
936 2207 1037 2262 Dei
1065 2207 1355 2280 propheta
1410 2203 1736 2261 Jerusalem
1767 2203 2020 2275 patriam

367 2299 574 2355 habuit
608 2317 622 2367 ;
655 2298 981 2355 avunculus
1011 2305 1210 2354 autem
1266 2297 1379 2352 fuit
1414 2298 1679 2352 Manasse
1729 2294 1884 2369 regis
1916 2292 2021 2347 filii

364 2389 623 2445 Ezechias
658 2406 671 2442 :
710 2404 888 2460 quem
922 2404 1057 2443 cum
1084 2393 1327 2459 propter
1376 2386 1727 2456 iniquitates
1758 2400 1895 2439 suas
1925 2398 2023 2437 re-

369 2477 727 2551 darguisset,
762 2494 927 2534 serra
974 2478 1036 2532 in
1085 2476 1233 2532 duas
1284 2483 1481 2548 partes
1540 2479 1757 2542 sectus,
1790 2472 2021 2529 vivendi

371 2570 552 2624 finem
585 2568 744 2636 fecit,
777 2567 1166 2640 sepultusque
1222 2566 1335 2622 fuit
1381 2566 1555 2638 juxta
1610 2580 1818 2635 aquas.
1874 2579 2021 2636 quas

367 2658 644 2714 Ezechias
700 2673 803 2714 rex
853 2656 1215 2730 perdiderat,
1277 2663 1513 2729 aggesta
1566 2659 1723 2710 terra
1779 2661 2023 2726 propter

368 2748 664 2803 inimicos.
703 2748 856 2803 Deus
906 2753 1105 2802 autem
1140 2746 1371 2818 signum
1406 2744 1578 2801 Siloa;
1609 2742 1751 2799 fecit
1778 2749 2023 2814 propter

366 2837 717 2911 prophetam
745 2837 890 2892 Cum
916 2840 1074 2892 enim
1098 2840 1417 2907 antequam
1448 2839 1800 2897 moreretur,
1836 2832 2017 2888 sitiis-

367 2934 476 2994 set,
510 2927 718 2990 oravit,
754 2933 820 2981 ut
849 2943 1004 2997 aqua
1036 2926 1353 2981 scaturiret
1387 2940 1400 2979 :
1433 2930 1493 2980 et
1519 2923 1719 2979 statim
1752 2922 1934 2978 missa
1963 2922 2017 2978 ei

365 3015 480 3072 fuit
506 3033 576 3072 ex
608 3033 676 3072 eo
733 3030 925 3086 aqua:
987 3031 1056 3071 ac
1114 3020 1429 3086 propterea
1480 3013 1635 3068 Siloe
1691 3027 2018 3086 cognomen

372 3105 596 3172 habuit,
633 3106 744 3161 hoc
771 3110 883 3173 est,
931 3106 1170 3160 missus.
1221 3105 1290 3159 Et
1335 3104 1477 3159 olim
1532 3101 1776 3174 quidem
1836 3118 2016 3158 sacra:

2126 543 2260 595 Θεοῦ
2306 539 2619 611 ἐκκλησίας·
2676 539 2767 597 διά
2828 540 2885 598 δὲ
2931 545 3030 612 τήν
3084 549 3285 620 γνῶσιν
3335 547 3503 603 αὐτοῦ
3533 547 3622 603 καὶ
3673 551 3771 619 τήν

2126 630 2345 706 ἀρετὴν,
2403 632 2623 708 ἐξελέγη
2676 635 2823 710 παρά
2869 639 2965 690 τοῦ
3024 635 3282 712 Μεγάλου
3327 635 3621 695 Θεοδοσίου
3676 645 3773 696 τοῦ

2132 718 2403 796 βασιλέως
2452 720 2539 777 ἐπὶ
2598 723 2659 779 τὸ
2692 720 2961 780 διδάσκειν
3008 726 3074 781 τά
3131 724 3324 782 παιδία
3380 728 3569 798 αὐτοῦ,
3624 730 3779 786 τόντε

2128 808 2414 885 Ἀρκάδιον
2472 811 2562 868 καὶ
2616 814 2709 868 τὸν
2759 814 3053 889 Ὀνώριον,
3120 817 3181 871 οὐ
3244 816 3408 890 μόνον
3454 838 3776 894 γραμματα,

2126 898 2271 955 ἀλλὰ
2298 902 2387 956 καὶ
2420 902 2638 977 ἀρετήν.
2668 902 2827 961 Οὕτω
2888 902 2946 959 δὲ
3002 903 3225 978 ἐτιμᾶτο
3285 906 3431 982 παρᾶ
3489 911 3585 962 105
3622 908 3779 983 βασι-

2126 988 2289 1059 λέως,
2322 994 2397 1055 ὡς
2450 994 2542 1049 καὶ
2601 991 3027 1071 Βασιλεοπάτωρ
3084 995 3387 1053 καλεῖσθαι.
3422 998 3580 1054 Ἀλλ’
3631 998 3776 1055 ἐκεῖ-

2123 1102 2237 1151 νος,
2268 1082 2397 1145 τοὺς
2455 1077 2722 1157 θορύϐους
2782 1088 2981 1157 μισῶν,
3038 1085 3129 1140 καὶ
3187 1087 3277 1141 τὸν
3335 1087 3482 1142 κάτω
3522 1086 3777 1164 βασιλέα

2123 1171 2625 1249 ἀποστρεφόμενος,
2655 1174 2754 1243 τὴν
2817 1171 2876 1228 δὲ
2935 1175 3170 1251 ἡσυχίαν
3229 1176 3472 1252 ἀγαπῶν,
3531 1176 3620 1232 καὶ
3676 1178 3773 1234 τὸν

2124 1258 2237 1315 am
2266 1259 2499 1316 Βασιλέα
2549 1267 2755 1332 ποθῶν,
2815 1262 3111 1337 παρεκάλει
3161 1265 3323 1321 αὑτὸν
3380 1264 3655 1342 ὁδηγῆσαι
3688 1269 3767 1333 είς

2124 1348 2273 1422 ὁδὸν,
2305 1351 2455 1413 ὅπως
2488 1349 2572 1408 δεῖ
2617 1354 2879 1423 σωθῆναι*
2938 1354 3106 1424 ἦλθεν
3166 1356 3257 1411 οὖν
3297 1355 3444 1430 αὐτῷ
3497 1360 3653 1433 φωνή
3713 1361 3777 1417 ἐκ

2122 1444 2217 1495 105
2275 1442 2531 1516 οὐρανοῦ,
2592 1444 2825 1520 λέγουσα
2882 1441 2942 1499 ἐκ
3004 1444 3211 1519 τρίτου*
3293 1447 3552 1521 Ἀρσένιε,
3612 1454 3775 1526 φεῦγε

2122 1529 2251 1594 τοὺς
2307 1530 2653 1604 ἀνθρώπους,
2738 1535 2830 1589 καὶ
2913 1533 3111 1605 σώζου.
3202 1537 3299 1591 Καὶ
3354 1537 3659 1611 παραυτίκα
3706 1540 3775 1595 τὰ

2124 1619 2318 1692 ἱμάτια
2358 1618 2622 1691 ἀλλάξας,
2667 1622 2758 1677 καὶ
2790 1643 3029 1698 στορεσας
3086 1625 3342 1701 πενιχρὰ,
3392 1624 3635 1695 ἀπῆλθεν
3697 1628 3777 1693 εἷς

2124 1708 2431 1784 Αἴγυπτον,
2461 1711 2552 1765 καί
2579 1710 2843 1787 ἡσύχαζε.
2884 1714 2987 1771 Καὶ
3048 1713 3448 1790 ἀγωνισάμενος
3477 1716 3552 1779 ὡς
3584 1714 3769 1781 οὐδεὶς

2041 1827 2090 1895 Β
2126 1795 2323 1869 ἄλλος,
2355 1797 2407 1855 ἰν
2438 1799 2594 1877 βαθεῖ
2619 1803 2765 1878 γήρᾳ
2796 1804 2933 1878 πρὸς
2966 1802 3095 1859 Θεὸν
3129 1800 3279 1876 ἆξεδή
3291 1825 3486 1879 μησεν.

2678 1918 2828 1975 ΜΗΝ
2833 1925 2855 1974 ι
2892 1920 2983 1976 ΤΩ
3018 1921 3218 1979 ΑΥΤΩ.

2304 2094 2581 2167 νΔθλησις
2638 2093 2737 2153 105
2793 2015 2969 2172 dyloue
3005 2102 3293 2178 προφήτου
3350 2098 3596 2159 Ἡσαΐου.

2198 2201 2440 2272 Ἡσαΐας,
2476 2203 2504 2259 ό
2533 2210 2631 2261 105
2662 2210 2795 2263 Θεοῦ
2856 2207 3023 2283 μέγας
3080 2211 3396 2288 προφήτης,
3458 2209 3525 2279 ἦν
3561 2212 3657 2285 μὶν
3718 2210 3771 2285 ἐξ

2128 2291 2516 2369 Ἰερουσαλήμ,
2573 2300 2718 2359 θεῖος
2777 2293 2834 2351 δὲ
2886 2297 3101 2374 ὑπῆρχε
3151 2302 3250 2355 τοῦ
3310 2298 3577 2375 βασιλέως
3636 2302 3768 2359 Μα-

2127 2386 2295 2449 νασσῆ
2356 2383 2477 2439 υἱοῦ
2533 2384 2794 2454 Ἐζεκίου.
2844 2385 3131 2464 Ἐλὲγχων
3182 2386 3239 2444 δί
3293 2389 3453 2445 αὐτὸν
3512 2389 3600 2445 ἐπὶ
3654 2397 3776 2454 ταῖς

2128 2472 2383 2546 ἀνομίαις
2416 2473 2601 2542 αὐτοῦ,
2636 2473 2863 2550 ἐσχίσθη
2922 2476 2997 2538 εἷς
3052 2474 3148 2532 δύο
3206 2478 3340 2550 μετὰ
3395 2478 3643 2552 πρίονος·
3674 2480 3767 2535 καὶ

2124 2559 2474 2632 τελευτήσας,
2532 2560 2700 2641 ἐτάφη
2760 2560 2995 2635 πλησίον
3050 2569 3157 2620 τῶν
3201 2563 3432 2637 ὑδάτων,
3459 2568 3592 2642 ἅπερ
3624 2568 3775 2623 ἀπώ-

2127 2648 2279 2705 λεσεν
2336 2650 2587 2721 Ἐζεκίας
2647 2653 2675 2707 ὁ
2738 2652 3013 2726 βασιλεὺς,
3097 2656 3424 2731 καταχώσας
3485 2656 3619 2712 αὐτὶ
3677 2654 3771 2712 διά

2127 2738 2255 2802 τοὺς
2287 2737 2621 2814 πολεμίους·
2653 2761 2742 2795 και
2776 2743 2804 2797 ὁ
2836 2743 2965 2805 Θεὸς
3007 2742 3071 2798 τὸ
3129 2750 3358 2817 σημεῖον
3406 2749 3507 2800 105
3539 2746 3777 2820 Σιλωάμ

2128 2827 2354 2900 ἐποίησε
2386 2827 2477 2886 διὰ
2502 2830 2593 2886 τὸν
2626 2833 2945 2910 προφήτην·
2984 2829 3052 2888 δι’
3086 2833 3168 2889 δτι
3198 2834 3306 2908 πρὸ
3355 2838 3450 2890 105
3482 2833 3767 2890 ἀποθανεῖν

2127 2916 2361 2993 διψήσας
2411 2915 2612 2991 ηὔξατο
2671 2926 2845 2976 ποιεῖν
2921 2922 3133 2996 [πιεῖν.]
3182 2920 3350 2999 ὕδωρ,
3398 2923 3487 2979 καὶ
3572 2922 3772 2987 εὖθὲως

2124 3006 2405 3081 ἀπεστάλη
2436 3008 2585 3083 αὐτῷ
2613 3008 2663 3084 ἐξ
2694 3009 2860 3065 αὐτοῦ
2890 3008 3058 3087 ὕδωρ·
3094 3012 3190 3067 Διᾶ
3231 3016 3393 3069 τοῦτο
3426 3011 3632 3084 ἐκλήθη
3670 3018 3767 3068 Σι-

2127 3094 2315 3170 λωάμ,
2350 3096 2380 3153 6'
2436 3098 2790 3173 δρμηνεύεται
2848 3098 3279 3174 ἀπεσταλμένος.
3332 3099 3437 3156 Καὶ
3485 3101 3608 3155 τότε
3671 3102 3766 3174 μὶν

368 3196 674 3267 prophetae
721 3194 993 3265 reliquiaa
1018 3194 1358 3265 jacuerunt,
1390 3198 1457 3248 ut
1487 3191 1823 3265 perhibent,
1848 3194 2014 3264 juxta

2127 3183 2299 3242 ἔκειτο
2328 3188 2391 3243 τὸ
2422 3187 2569 3257 ἱερὸν
2610 3186 2863 3263 λείψανον
2899 3192 2997 3244 τοῦ
3054 3191 3342 3264 προφήτου
3399 3189 3659 3260 πλησίον,
3692 3190 3772 3253 ὡς

370 3300 556 3355 aquas
587 3282 763 3345 Siloe,
800 3289 858 3339 et
886 3283 1044 3355 apud
1073 3283 1414 3355 sepulcrum
1446 3279 1629 3336 David
1667 3286 1725 3335 et
1754 3279 2020 3335 Salomo-

368 3374 462 3429 nis
494 3390 720 3447 regum.
755 3373 1018 3429 Tandem
1061 3389 1197 3429 vero
1251 3368 1829 3444 Constantinopolim
1856 3375 2018 3426 tran-

366 3462 552 3529 slatze,
578 3464 753 3534 juxta
786 3463 1145 3527 Blachernas
1195 3461 1476 3535 deposita
1536 3465 1676 3517 sunt
1704 3459 1766 3515 in
1798 3460 2021 3534 templo

368 3553 556 3609 sancti
598 3554 875 3627 martyris
907 3552 1228 3610 Laurentii.

506 3740 573 3795 Et
603 3745 877 3795 certamen
920 3742 1099 3795 sancti
1145 3741 1409 3809 martyris
1469 3737 1873 3810 Christophori,

446 3845 524 3900 De
555 3846 666 3899 hoc
698 3851 903 3900 sancto
938 3845 1210 3915 quasdam
1251 3845 1552 3900 mirabilia
1609 3862 1675 3901 ac
1727 3845 2020 3917 stupenda

370 3932 527 4003 apud
560 3932 883 3988 nonnullos
915 3933 1325 4003 perhibentur.
1358 3932 1515 4004 quod
1550 3934 1778 3989 scilicet
1806 3934 2019 3990 faciem

369 4020 533 4076 canis
561 4021 817 4091 primum
858 4020 1156 4087 habuerit,
1210 4021 1599 4092 hominesque
1631 4021 2015 4091 devoraverit,

367 4126 435 4165 ac
464 4109 704 4165 tandem
737 4127 873 4166 cum
906 4111 967 4166 in
1000 4110 1301 4165 Christum
1333 4110 1706 4175 credidisset,
1757 4110 2013 4167 formam

360 4200 695 4255 mutaverit.
735 4200 945 4255 Verum
975 4213 1101 4255 non
1144 4200 1227 4254 ita
1255 4215 1351 4255 res
1409 4215 1470 4254 se
1504 4198 1713 4254 habuit
1744 4216 1757 4254 :
1785 4198 1888 4254 sed
1935 4199 2017 4255 sic

362 4290 533 4347 illum
566 4290 751 4361 aliqui
781 4290 966 4348 fuisse
1003 4291 1285 4363 suspicati
1318 4296 1479 4351 sunt.
1511 4290 1670 4363 quod
1701 4291 2012 4347 ethenicus

362 4388 539 4450 esset,
574 4388 633 4437 et
660 4382 845 4445 ferox,
880 4400 948 4438 ac
981 4382 1285 4437 terribilis.
1320 4382 1451 4436 Fuit
1484 4387 1681 4437 tamen
1716 4381 2016 4437 Decioim-

366 4476 632 4542 perante,
667 4476 725 4526 et
746 4488 780 4526 a
810 4472 1025 4526 comite
1051 4472 1111 4525 in
1138 4470 1342 4542 praalio
1364 4470 1851 4541 comprehensus,
1874 4485 2007 4525 cum

2127 3274 2363 3348 εἴρηται,
2421 3281 2530 3332 τῶν
2574 3274 2782 3333 ὑδάτων
2827 3282 2925 3333 105
2984 3275 3242 3353 Σιλωάμ,
3300 3278 3389 3335 καὶ
3444 3283 3541 3335 105
3595 3281 3771 3359 τάφου

2126 3369 2234 3421 τῶν
2290 3366 2556 3442 βασιλέων
2612 3364 2773 3423 Δαυῖδ
2826 3368 2919 3423 καὶ
2980 3366 3370 3442 Σολομῶντος,
3427 3368 3649 3447 ὕστερον
3710 3367 3774 3426 δὲ

2132 3457 2529 3531 μετακομισθὲν
2560 3454 2612 3510 ἐν
2644 3456 3245 3529 Κωνσταντινουπόλει,
3304 3458 3555 3526 κατετέθη
3612 3456 3766 3530 πλη-

2128 3544 2243 3621 σίον
2295 3544 2646 3621 Βλαχερνῶν,
2704 3543 2756 3600 ἂν
2810 3550 2889 3618 τῷ
2943 3546 3057 3619 ναῷ
3113 3544 3210 3602 105
3279 3547 3431 3623 ἁγίου
3490 3550 3771 3625 μάρτυρος

2129 3634 2478 3712 Λαυρεντίου.
2746 3638 2749 3641 ’

2232 3735 2329 3790 Καὶ
2360 3732 2590 3806 ἂθλησις
2615 3738 2712 3790 105
2742 3735 2901 3810 ἁγίου
2945 3736 3221 3812 μάρτυρος
3254 3735 3657 3814 Χριστοφόρου.

2196 3842 2325 3916 Περὶ
2381 3842 2577 3899 τούτου
2628 3847 2728 3898 105
2786 3843 2943 3917 ἁγίου
2994 3841 3247 3918 λέγονταί
3278 3865 3399 3899 τινα
3428 3845 3574 3920 παρά
3600 3866 3768 3901 τινων

2121 3929 2401 4006 τερατώδη
2459 3931 2549 3988 καὶ
2598 3931 2899 4009 παράῗοξα,
2958 3933 3046 3995 ὅτι
3104 3954 3164 3989 τε
3219 3936 3650 4009 κυνοπρόσωπος
3698 3938 3766 4005 ἦν

2120 4020 2409 4096 πρότερον,
2457 4021 2547 4076 καὶ
2608 4022 2926 4099 ἀνθρώπους
2974 4018 3184 4091 ἤσθιεν,
3244 4021 3463 4095 ὕστερον
3523 4019 3580 4077 δὲ
3633 4022 3772 4095 μετὰ

2120 4109 2182 4164 τὸ
2241 4112 2522 4165 πιστεῦσαι
2570 4115 2649 4183 τῷ
2730 4113 2952 4186 Χριστῷ
3010 4112 3436 4188 μετεμορφώθη.
3486 4111 3602 4170 Οὐκ
3651 4109 3765 4167 ἔστι

2121 4195 2177 4253 δὲ
2217 4201 2399 4253 τοῦτο·
2456 4195 2602 4253 ἀλλά
2651 4218 2798 4261 τινες
2843 4197 3007 4253 αὐτὸν
3067 4197 3241 4263 οὕτως
3290 4199 3618 4271 ὑπενόησαν,
3676 4197 3771 4255 διά

2118 4288 2180 4343 τὸ
2207 4286 2414 4351 ἐθνικὸν
2471 4289 2606 4343 εἶναι
2660 4287 2749 4343 καὶ
2827 4287 3013 4364 ἃγριον
3063 4287 3152 4343 καὶ
3212 4283 3467 4367 φοϐερόν·
3498 4291 3654 4362 ὅμως
3708 4286 3767 4344 δὲ

2118 4377 2184 4446 ἦν
2216 4375 2304 4431 ἐπὶ
2332 4382 2434 4445 τῆς
2469 4374 2746 4451 βασιλείας
2806 4376 3018 4445 Δεκίου,
3056 4376 3145 4432 καὶ
3199 4376 3488 4453 κρατηθεὶς
3555 4377 3606 4432 ἐν
3662 4399 3769 4433 που

2118 4465 2275 4539 λὲμῳ
2332 4465 2481 4542 παρᾶ
2533 4470 2631 4521 τοῦ
2682 4464 2951 4540 κόμητος,
3031 4467 3108 4540 μὴ
3169 4463 3464 4539 δυνάμενος
3519 4464 3763 4530 λαλῆσαι

362 4563 560 4619 Grzece
592 4562 758 4634 loqui
792 4563 1298 4634 nequiret,Deum
1322 4561 1581 4633 rogavit:
1617 4567 1677 4617 et
1710 4561 1927 4617 missus
1958 4562 2010 4617 ei

2127 4556 2420 4630 Γραικιστί,
2467 4551 2669 4628 ηὔξατο
2739 4559 2820 4626 τῷ
2907 4559 3045 4629 Θεῷ,
3126 4555 3217 4611 καὶ
3279 4555 3556 4627 ἀπεστάλη
3617 4554 3769 4629 αὐτῷ

358 4651 472 4706 fuit
501 4652 769 4723 angelus,
803 4652 1083 4722 inquiens
1113 4668 1126 4706 :
1186 4650 1531 4707 Confortare
1568 4667 1580 4704 :
1643 4656 2011 4721 tangensque

358 4738 517 4794 labia
570 4740 719 4811 ejus,
780 4740 937 4805 fecit,
992 4745 1060 4794 ut
1115 4740 1311 4795 Graace
1373 4740 1734 4811 loqueretur.
1792 4739 2007 4795 Urbem

359 4828 558 4898 itaque
641 4828 969 4901 ingressus,
1020 4828 1318 4885 Christum
1407 4827 1787 4900 pradicabat.
1849 4827 2008 4883 Missi

358 4925 559 4973 autem
591 4918 901 4986 satellites,
936 4918 1518 4990 comprehenderunt
1539 4936 1694 4975 eum.
1719 4919 1832 4974 Sed
1871 4935 2007 4975 cum

361 5008 521 5081 virga
551 5007 739 5079 ipsius
764 5007 1568 5080 germinasset.crediderunt
1596 5008 1658 5063 in
1688 5008 2007 5075 Christum,

359 5104 419 5152 et
448 5114 568 5153 una
596 5112 731 5153 cum
764 5098 892 5168 ipso
924 5097 1196 5168 baptizati
1230 5104 1369 5153 sunt
1398 5098 1732 5153 Antiochia:
1756 5103 2007 5153 asancto

359 5186 705 5258 Babyla,ubi
738 5194 797 5241 et
814 5186 1272 5257 ChriS'Ophorus
1291 5186 1624 5257 appellatus
1648 5185 2008 5242 fuit.Postea

361 5276 436 5331 ad
470 5276 887 5346 imperatorem
916 5274 1226 5338 adductus,
1261 5276 1521 5346 primum
1548 5274 1788 5346 quidem
1820 5273 2004 5347 pluri-

357 5366 472 5421 mis
503 5365 864 5422 cruciatibus
906 5363 1239 5436 subjicitur,
1293 5380 1360 5420 ac
1393 5363 1633 5420 tandem
1671 5364 1864 5436 capite
1899 5362 2007 5419 ob-

359 5459 690 5512 truncatur.

352 5564 458 5621 90
487 5565 556 5621 Et
585 5571 859 5622 certamen
889 5570 1210 5693 sanctgrugt
1258 5570 1566 5648 martyrum
1613 5561 1926 5635 Epimachi,
1951 5569 2005 5619 et

1086 5651 1148 5690 or
1192 5650 1326 5689 tam.

1086 5650 1185 5690 ora
1192 5650 1307 5689 tam
1316 5677 1326 5689 .

432 5746 809 5821 Epimachus,
842 5750 901 5802 et
932 5744 1262 5802 Gordianus
1284 5721 1497 5803 Christi
1524 5749 1816 5816 martyres
1838 5748 2008 5801 erant

2122 4642 2375 4719 ἂγγελος.
2408 4642 2607 4720 λέγων·
2639 4640 2948 4720 Ἀνδρίζουσ
3008 4643 3098 4699 καὶ
3153 4644 3428 4718 ἁψάμενος
3475 4648 3585 4699 τῶν
3646 4663 3770 4720 χει-

2116 4730 2257 4788 λὲων
2317 4732 2503 4800 αὐτοῦ,
2585 4732 2837 4804 ἐποίησεν
2911 4734 3075 4789 αὐτὸν
3138 4730 3379 4803 λαλῆσαι
3460 4734 3762 4808 Γραικισ-τί.

2115 4820 2393 4879 Εἰσελθὼν
2442 4821 2532 4877 οὗν
2587 4821 2639 4877 ἐν
2695 4826 2765 4897 τῇ
2822 4820 3005 4893 πόλει,
3063 4821 3324 4897 ἐκήρυττε
3382 4822 3474 4877 τὸν
3503 4823 3764 4896 Χριστόν.

2116 4910 2579 4968 Ἀποστὲλλονται
2613 4909 2708 4966 05v
2767 4912 3092 4985 στρατιώται
3152 4919 3418 4985 κρατῆσαι
3448 4912 3629 4967 αὐτόν.
3664 4916 3767 4967 Καὶ

2115 5008 2216 5071 τῆς
2288 4995 2494 5077 ῥάϐδου
2576 5001 2747 5057 αὐτοῦ
2832 4999 3234 5076 βλαστησάσης,
3321 5000 3634 5057 ἐπίστευσαν
3686 5006 3767 5074 τῷ

2118 5091 2358 5166 Χριστῷ,
2389 5090 2479 5145 καὶ
2512 5089 2604 5145 σὺν
2635 5090 2784 5162 αὐτῷ
2843 5087 3193 5165 βαπτίζονται
3228 5088 3281 5145 ἐν
3312 5090 3626 5166 Ἀντιοχείᾳ
3658 5090 3764 5146 ὑπὸ

2114 5183 2213 5234 105
2242 5178 2401 5255 ἁγίου
2433 5173 2676 5249 Βαϐύλα,
2708 5176 2829 5234 ἔνθα
2886 5178 2975 5233 καὶ
3031 5179 3413 5256 Χριστοφόρος
3443 5179 3765 5253 ὠνομάσθη.

2116 5271 2249 5326 Εἶτα
2278 5267 2613 5345 προσαχθεὶς
2650 5272 2729 5341 τῷ
2792 5265 3028 5344 βασιλεῖ,
3076 5267 3164 5324 καὶ
3193 5268 3381 5325 πολλά
3413 5268 3760 5347 βασανισθεὶς

2115 5358 2405 5436 πρότερον,
2434 5356 2655 5434 ὕστερον
2678 5356 3110 5437 ἀπεκεφαΛίσθη.

2185 5553 2291 5611 Καὶ
2319 5551 2550 5625 ἄθλησις
2577 5556 2683 5608 τῶν
2719 5549 3210 5700 ἁγῐίωέδιέἒαὲἓύρων
3243 5552 3560 5628 Ἐπιμάχου
3592 5552 3683 5610 καὶ

2187 5733 2497 5807 Ἐπίμαχος
2554 5732 2643 5789 καὶ
2697 5727 3019 5807 Γορδιανὸς,
3078 5731 3129 5787 οἱ
3185 5733 3281 5787 τοῦ
3333 5733 3569 5807 Χριστοῦ
3621 5733 3760 5808 μάρ-
