4086 6204
36 10 569 149 πε

346 295 470 369 με

348 444 530 500 τυρες,
566 422 817 501 ὑπηρχον
861 424 920 481 ἑκ
948 431 1050 495 τῆς
1112 425 1361 499 μεγάλης
1421 424 1510 480 καὶ
1569 423 1808 487 παλαιᾶς
1865 426 1999 480 Ῥώ-

2120 443 2187 483 ex
2208 443 2421 500 magna
2478 432 2537 482 et
2590 430 2834 499 antiqua
2866 430 3068 485 Roma.
3102 429 3248 485 Cum
3283 447 3415 487 vero
3455 432 3753 490 Christum

355 531 488 585 μης⁶
524 510 615 568 διὰ
644 510 702 570 δὶ
739 514 803 570 τὸ
843 516 935 570 τὸν
998 516 1228 587 Χριστὸν
1281 514 1599 589 ὁμολογεῖν,
1651 515 2004 589 κρατηθέντες

357 602 463 657 ὑπὸ
492 608 598 659 τῶν
633 602 1073 681 εἰδωλολατρῶν,
1123 602 1503 675 παρεδόθησαν
1542 604 1622 679 τῷ
1667 613 1766 676 τῆς
1818 609 2007 682 χώρας

348 693 605 769 ἰπάρχῳ·
663 695 752 749 καὶ
797 695 1325 770 καταναγκασθέντες
1383 696 1710 770 ἀρνήσασθαι
1771 696 1864 769 μὲν
1913 696 2002 750 τὸν

354 786 622 858 Χριστὸν,
654 786 808 838 θῦσαι
860 781 917 839 δὲ
969 789 1087 846 τοῖς
1140 782 1419 854 ε’δώλοις,
1472 784 1562 839 καὶ
1626 786 1702 859 μή
1760 781 2002 840 πεισθέν-

346 893 460 942 τες,
545 871 848 951 ἒτῦφθησαν
929 871 1199 951 σφοδρῶς·
1258 874 1348 928 καὶ
1420 876 1837 948 κρεμασθέντες,
1895 873 2006 947 ἒξε-

354 964 559 1033 σθησαν
623 964 759 1035 μετὰ
818 960 1059 1038 σιδηρῶν
1112 962 1346 1039 ὀνύχων.
1415 963 1549 1020 Εἶτα
1602 963 1708 1019 ἀπὸ
1758 967 1865 1019 τῶν
1914 962 2004 1033 ξύ-

349 1050 466 1107 λων
541 1047 1056 1125 ηταϐιϐασθέντες,
1113 1052 1552 1123 ἀπεκλείσθησαν
1610 1052 1685 1115 εἴς
1738 1051 2003 1129 φυλακὴν,

350 1136 617 1205 λαϐόντες
676 1144 865 1212 καιρὸν
913 1142 1270 1217 προθεσμίαςο
1330 1142 1481 1205 ὅπως
1543 1138 2005 1216 μεταμεληθέντες

350 1233 617 1301 ζήσωσιν.
679 1233 746 1290 Οἱ
806 1229 863 1287 δὲ
918 1232 1007 1287 καὶ
1092 1229 1144 1287 ἒν
1219 1235 1289 1306 τῇ
1348 1229 1565 1307 φυλακῇ
1649 1227 1820 1300 ὄντες,
1908 1230 2009 1287 οὐκ

345 1319 618 1377 ἐπάυοντο
648 1324 745 1376 τοῦ
776 1320 1197 1398 προσεύχεσθαι,
1230 1321 1318 1376 καὶ
1354 1321 1696 1397 εὐχαριστεῖν
1730 1324 1809 1393 τῷ
1866 1324 2005 1393 Θεῷ,

344 1408 435 1463 δτι
499 1410 910 1480 κατηξιώθησαν
976 1410 1109 1483 ὑπὲρ
1167 1410 1337 1464 αὐτοῦ
1398 1410 1780 1482 ἀγωνίζεσθαι.
1859 1408 2008 1465 Μετᾶ

347 1496 411 1553 δὲ
466 1520 619 1561 τινας
668 1501 881 1573 ἡμέρας
939 1501 1109 1555 πάλιν
1165 1495 1523 1569 ἐκϐληθέντες
1575 1505 1675 1567 τῆς
1731 1496 2002 1572 φυλακῆς,

346 1587 713 1650 καὶπολλαῑς
771 1590 861 1644 καὶ
921 1586 1206 1665 διαφόροις
1269 1588 1525 1664 βασάνοις
1574 1584 2005 1659 ὑποϐληθέντες,

350 1678 496 1755 ξίφει
519 1680 614 1740 τὰς
645 1678 794 1751 ἱερὰς
826 1678 1001 1734 αὐτῶν
1031 1677 1270 1757 κεφαλὰς
1303 1678 1718 1751 ἀπετμήθησαν.

349 1799 453 1855 Καὶ
487 1799 717 1870 ἄθλησις
738 1803 835 1854 τοῦ
885 1799 1046 1873 ἁγίου

936 1868 1198 1934 συνοδίας
1220 1868 1406 1926 αὐτοῦ·

417 1984 717 2062 Κοδρᾶτος,
778 1990 807 2043 6
883 1992 985 2043 τοῦ
1042 1990 1278 2065 Χριστοῦ
1337 1988 1564 2064 μάρτυς,
1620 1987 1866 2065 ὑπῆρχεν
1912 1986 2000 2043 ἰπὶ

339 2082 447 2143 τῆς
494 2076 772 2151 βασιλείας
825 2077 1014 2132 Δεκίου
1071 2078 1161 2132 καὶ
1207 2074 1609 2150 Οὐαλεριανοῦ,
1638 2074 1692 2131 ἂν
1748 2083 2005 2151 Νικομη-

342 2162 463 2237 δείᾳ
490 2170 558 2240 τῇ
609 2165 791 2222 πόλιν
854 2163 942 2221 διὰ
1001 2163 1058 2222 δὶ
1108 2167 1207 2235 τήν
1269 2165 1344 2228 εἷς
1402 2166 1637 2241 Χριστὸν
1694 2162 2001 2241 ὁμολογίαν

342 2257 638 2327 κρατηθεὶς
699 2256 804 2312 ὑπὸ
859 2260 966 2311 τῶν
1045 2253 1356 2327 Ἑλλήνων,
1414 2256 1547 2329 μετὰ
1598 2262 1697 2326 τῆς
1759 2253 2005 2318 συνοδίας

311 2348 538 2417 ,αὐτοῦ,
598 2347 754 2419 ἤχθη
811 2346 1036 2422 δὲσμιος
1089 2349 1181 2404 καὶ
1264 2345 1540 2424 παρεδόθη
1595 2352 1675 2420 τῷ
1745 2354 1849 2417 τῆς
1902 2347 2004 2403 πό-

345 2434 494 2499 λεως
564 2437 877 2511 ἆνθυπάτῳσ
940 2437 1032 2494 καὶ
1102 2436 1422 2513 ἰρωτηθεῖς,
1481 2434 1821 2512 ὡμολόγησε
1866 2435 2004 2512 παῤ-

342 2526 511 2603 ῥησίᾳ
539 2528 631 2581 τὸν
664 2528 921 2602 Χριστόν.
983 2526 1291 2589 ’Δπλωθείς
1348 2527 1439 2581 οὗν
1498 2530 1635 2582 κατὰ
1691 2534 1821 2602 γῆν⁹
1879 2524 1997 2581 ἐτό-

345 2618 456 2687 φθη
530 2616 844 2690 βουνεῦροις
906 2617 1122 2692 ξηροῖς
1203 2616 1292 2673 καὶ
1375 2616 1622 2689 αἱμάτων
1702 2613 2005 2691 πληρώσας

345 2707 453 2773 την
482 2712 609 2781 γῆν,
642 2710 722 2773 τῷ
772 2703 1139 2779 δεσμωτηρίῳ
1172 2702 1467 2778 παρεδόθη.
1508 2707 1640 2763 Εἶτα
1664 2704 1740 2767 εἷς
1773 2705 2001 2763 Νίκαιαν

354 2793 551 2869 ἀχθεὶς
604 2795 750 2869 παρὰ
804 2798 902 2851 τοῦ
958 2795 1284 2863 ἀνθυπάτου,
1345 2794 1691 2869 ἐτιμωρήθη.
1725 2795 1891 2858 Τινᾶς
1949 2791 2006 2850 δὲ

349 2878 689 2962 φοϐηθέντας
745 2886 840 2947 τὰς
898 2883 1178 2955 κολάσεις,
1251 2883 1625 2961 βουλομένους
1684 2888 1858 2955 θῦσαι,
1915 2885 2007 2940 τὸν

344 2968 522 3051 φόϐον
583 2977 718 3029 Θεοῦ
779 2974 1122 3047 ὑπομνήσας,
1152 2972 1450 3051 ἐστήριξεν·
1516 2972 1609 3037 οὕς
1644 2972 1719 3036 είς
1772 2977 1877 3047 πῦρ
1909 2971 2005 3047 ἰμ-

345 3059 539 3119 ϐαλὼν
585 3065 615 3120 6
673 3064 976 3129 ἀνθύπατος
1034 3060 1276 3122 ἔκαυσεν.
1336 3066 1399 3122 Ὀ
1458 3060 1516 3120 δὶ
1572 3061 1850 3140 Κοδρᾶτος
1902 3063 2007 3120 ἀπὸ

1928 295 2193 358 MAIUS.

3639 301 3761 366 446

2116 519 2558 589 profiterentur.
2587 518 3001 591 comprehensi
3033 520 3104 575 ab
3138 521 3467 577 idololatris
3499 531 3658 581 sunt.
3700 531 3759 579 et

2117 609 2374 681 regionis
2407 608 2642 681 praesidi
2674 608 2896 675 traditi,
2930 609 3000 663 ab
3053 625 3240 681 eoque
3272 613 3563 683 compulsi
3596 624 3607 662 ι
3637 612 3762 668 hri-

2117 704 2271 753 stum
2303 699 2683 772 abnegare.et
2712 698 2887 753 idolis
2920 699 3273 755 sacriﬁcare.
3297 702 3510 756 Verum
3533 718 3667 757 cum
3702 701 3761 756 id

2120 804 2179 843 se
2214 789 2472 844 facturos
2503 796 2806 861 negarent.
2854 789 3133 843 atrociter
3163 797 3302 845 sunt
3332 791 3463 845 cassi
3502 808 3513 843 :
3545 791 3761 846 deinde

2120 880 2182 934 in
2213 877 2535 950 equuleum
2567 878 2837 948 suspensi
2871 884 2929 932 et
2961 877 3165 932 ferreis
3197 879 3434 950 ungulis
3465 878 3757 935 dilaniati.

2116 969 2244 1022 Mox
2277 983 2307 1022 e
2339 967 2515 1039 lignis
2576 965 2849 1037 depositi,
2890 967 2952 1019 in
2998 982 3295 1022 carcerem
3338 967 3760 1035 detruduntur,

2116 1063 2335 1112 statuto
2367 1057 2453 1111 eis
2482 1062 2770 1127 tempore,
2830 1072 2946 1127 quo
3000 1056 3047 1111 si
3100 1056 3539 1127 resipiscerent,
3571 1057 3761 1112 vivere

2116 1154 2379 1221 possent.
2417 1147 2502 1202 Illi
2537 1162 2671 1203 vero
2705 1147 2766 1201 in
2790 1163 3023 1202 carcere
3055 1147 3620 1219 detenti,nunquam
3643 1148 3759 1204 Deo

2116 1253 2323 1309 preces
2355 1238 2588 1299 offerre.
2613 1237 2788 1308 eique
2818 1237 3035 1308 gratias
3066 1252 3237 1309 agere
3268 1238 3758 1302 cessarunt.Quo-

2118 1326 2273 1382 circa
2302 1326 2463 1396 digni
2521 1325 2709 1382 habiti
2762 1331 2904 1381 sunt
2955 1332 3254 1381 certamen
3296 1334 3535 1398 propter
3564 1326 3759 1397 ipsum

2117 1414 2337 1470 subire.
2373 1417 2512 1471 Post
2542 1415 2771 1486 aliquot
2801 1421 2999 1471 autem
3035 1414 3161 1469 dies
3215 1414 3408 1469 denuo
3441 1430 3470 1469 e
3524 1430 3757 1469 carcere

2117 1504 2334 1567 educti.
2366 1511 2425 1560 et
2480 1505 2755 1577 plurimis
2803 1504 3167 1575 diversisque
3198 1503 3448 1575 subjecti
3480 1502 3758 1558 cruciati-

2115 1592 2247 1662 bus,
2269 1592 2463 1669 gladio
2495 1593 2854 1652 obtruncati.

1151 1797 1380 1875 άρτυρος
1417 1794 1724 1875 Κοδράτου,
1753 1797 1843 1852 καὶ
1899 1800 2001 1864 τῆς

2120 1803 2181 1859 Et
2210 1809 2483 1861 certamen
2540 1805 2719 1860 sancti
2760 1804 3026 1874 martyris
3083 1801 3332 1870 Codrati,
3391 1807 3442 1856 et
3484 1801 3756 1857 sociarum

2874 1876 3010 1944 ejus.

2181 1994 2468 2051 Codratus
2498 1994 2714 2051 Christi
2748 2001 2973 2066 martyr
2998 1990 3567 2065 fuit.imperantibus
3583 1991 3758 2046 Decio

2112 2089 2173 2140 et
2203 2084 2530 2154 Valeriano,
2566 2085 2627 2140 in
2668 2084 2814 2140 urbe
2845 2082 3205 2140 Nicomedia.
3239 2083 3487 2154 Pr0pter
3541 2079 3758 2135 Christi

2113 2182 2311 2231 autem
2342 2174 2776 2230 confessionem
2834 2173 2905 2229 ab
2965 2172 3218 2229 ethnicis
3267 2168 3757 2242 comprehensus.

2112 2282 2232 2325 una
2255 2282 2388 2322 cum
2422 2266 2599 2321 sociis
2628 2265 2860 2320 vinctus
2906 2261 3245 2328 adducitur,
3276 2266 3335 2316 et
3364 2258 3596 2315 sistitur
3625 2256 3760 2312 civi-

2114 2357 2251 2414 tatis
2282 2355 2639 2428 proconsuli
2668 2360 2929 2424 Cumqne
2960 2352 3358 2424 interrogatus
3386 2347 3755 2413 esset,libere

2112 2446 2412 2502 Christum
2444 2444 2747 2517 professus
2776 2448 2865 2498 est
2891 2444 3079 2507 Quare
3111 2441 3173 2496 in
3205 2446 3421 2496 terram
3454 2444 3754 2497 extensus.

2114 2536 2299 2594 aridis
2356 2535 2535 2592 boum
2587 2535 2782 2591 nervis
2839 2533 3087 2590 caeditur
3147 2548 3160 2588 :
3212 2546 3465 2602 cumque
3507 2528 3756 2583 humum

2114 2627 2401 2699 sanguine
2451 2643 2558 2681 suo
2607 2626 2929 2693 irrigasset,
2989 2623 3052 2678 in
3089 2637 3386 2678 carcerem
3419 2616 3757 2689 conjicitur.

2114 2716 2337 2773 Deinde
2395 2718 2646 2772 Nicaeam
2703 2732 2737 2771 a
2790 2711 3147 2786 proconsule
3204 2710 3514 2775 abductus,
3568 2706 3761 2761 denuo

2115 2806 2429 2863 tormentis
2457 2805 2747 2877 sujicitur.
2797 2804 2941 2858 Cum
2972 2818 3107 2857 vero
3157 2798 3431 2855 nonnulli
3464 2800 3763 2851 tormenta

2115 2897 2603 2957 extimescerent.
2655 2899 2833 2965 atque
2891 2891 3070 2948 idolis
3126 2888 3462 2946 sacrificare
3518 2885 3758 2953 vellent,

2114 2986 2390 3043 timorem
2420 2986 2522 3042 Dei
2554 2986 2616 3039 in
2642 2990 2899 3040 mentem
2932 2983 3007 3038 iis
3062 2996 3364 3043 revocans,
3395 2975 3766 3033 conﬁrmavit

2117 3087 2219 3129 eos
2244 3091 2257 3129 :
2290 3090 2439 3146 quos
2468 3066 3232 3144 proconsulﬂammistradi
3251 3064 3452 3137 jussit.
3474 3062 3761 3119 Codratus

344 3151 570 3216 πόλεως
631 3152 709 3215 είς
759 3153 923 3209 πόλιν
986 3154 1383 3231 περιαγόμενος
1414 3152 1502 3208 καὶ
1542 3152 1715 3215 πάσας
1742 3157 1861 3215 τοῖς
1919 3150 2003 3207 α’ί-

2122 3169 2319 3217 autem
2355 3180 2424 3218 ex
2456 3160 2605 3217 urbe
2638 3160 2699 3216 in
2730 3159 2941 3216 urbem
2973 3155 3436 3214 circumductus.
3498 3168 3633 3207 cum
3662 3166 3760 3205 eas

351 3263 484 3317 μασι
514 3245 888 3319 καθαγιάζων,
940 3245 1040 3314 τὴν
1097 3243 1473 3320 Ἐρμοόπολιν
1504 3237 1848 3316 καταλαϐὼν,
1903 3244 2004 3313 τήν

349 3333 603 3413 κεφαλήν
639 3335 855 3409 ἀπετμῆ
864 3346 954 3404 θη.

907 3435 1060 3493 ΜΒΝ
1067 3439 1088 3491 ι
1125 3435 1216 3492 ΤΩ
1254 3434 1456 3491 ΛΥΤΩ.

560 3631 830 3705 Ἀθλησις
856 3635 955 3687 τοῦ
986 3543 1457 3707 ἁγίουιμάρτυρος
1488 3627 1779 3706 ἸΙσυχίου.

419 3794 707 3871 ’11σ·5χιος,
738 3794 767 3848 6
798 3796 894 3847 τοῦ
950 3795 1196 3867 Χριστοῦ
1251 3792 1477 3867 μάρτυς,
1504 3790 1571 3860 ἧν
1611 3788 1705 3863 μὲν
1740 3789 1829 3845 ἐπὶ
1881 3792 1998 3846 Μα-

344 3888 602 3958 ξιμιανοῦ
631 3888 727 3941 τοῦ
762 3882 1051 3961 βασιλέως·
1087 3886 1304 3958 πρῶτος
1355 3885 1453 3935 τοῦ
1508 3878 1778 3936 παλατίου
1837 3878 1999 3956 ὑπάρ-

350 3995 501 4050 χων,
535 3974 626 4029 καὶ
657 3975 757 4042 τήν
790 3973 935 4043 ἀξίαν
974 3972 1290 4047 μάγιστρος·
1325 3970 1378 4025 ἐν
1422 3970 1734 4046 Ἀντιοχείᾳ
1791 3966 1848 4024 δὲ
1878 3966 1996 4024 δια-

345 4061 556 4139 τρίϐων
616 4065 646 4118 6
717 4062 1073 4136 Μαξιμιανὸς,
1160 4059 1453 4135 προσὲταξε
1537 4059 1859 4136 Χριστιανὸν
1920 4059 1997 4132 μὴ

350 4153 757 4223 στρατεύεσθαι·
808 4151 867 4206 ἀ)
884 4149 954 4206 λὰ
997 4150 1126 4215 τοὺς
1186 4148 1556 4227 βουλομένους
1590 4148 1827 4225 Χριστὸν
1862 4149 2000 4221 ὁμο-

350 4243 565 4317 λογεῖν,
600 4239 758 4296 λῦσαι
801 4242 896 4302 τὰς
951 4241 1142 4310 ζώνας,
1174 4241 1259 4295 καὶ
1324 4238 1643 4295 ἰδιωτεύειν.
1704 4237 1802 4293 Καὶ
1853 4236 1998 4294 πολ-

2119 3270 2328 3309 omnes
2359 3252 2646 3326 sanguine
2678 3267 2785 3306 suo
2817 3243 3491 3309 consecrasset,tandem
3524 3242 3762 3296 Hermo-

2112 3341 2298 3415 polim
2330 3341 2510 3409 venit,
2542 3339 2746 3411 ibique
2778 3338 2971 3410 capite
3002 3335 3389 3391 obtruncatus
3416 3329 3544 3386 fuit.

2670 3444 2909 3502 EODEM
2937 3439 3188 3496 MENSE.

2760 3533 2861 3589 Die
2893 3530 3127 3587 decima

2242 3679 2257 3693 ,
2322 3625 2418 3683 0|
2460 3623 2748 3681 Certamen
2770 3622 2948 3680 sancti
2977 3617 3233 3690 Hesychii
3266 3614 3546 3685 martyris.

2181 3790 2507 3865 Hesychius
2536 3788 2752 3847 Christi
2783 3794 3009 3861 martyr
3038 3786 3171 3850 fuit.
3195 3784 3751 3856 Maximianoimpe-

2113 3891 2329 3950 ratore,
2364 3884 2591 3956 primus
2622 3883 2683 3937 in
2733 3880 2972 3953 palatio,
3014 3895 3083 3937 ac
3113 3879 3398 3952 dignitate
3452 3877 3754 3949 magister.

2106 3977 2251 4033 Cum
2285 3980 2485 4030 autem
2518 3972 2906 4028 Maximianus
2936 3970 3264 4025 Antiochia,
3315 3968 3574 4040 degeret,
3604 3982 3755 4037 pran-

2111 4069 2287 4141 cepit.
2320 4084 2397 4124 ne
2424 4064 2747 4121 Christiani
2778 4063 3125 4126 militarent,
3162 4060 3273 4116 sed
3325 4060 3425 4131 qui
3457 4057 3752 4113 Christum

2113 4157 2379 4229 profiteri
2444 4156 2684 4222 vellent,
2735 4152 3036 4225 cingulum
3094 4150 3409 4213 solverent,
3466 4148 3763 4215 vitamque

2109 4248 2396 4319 privatam
2431 4241 2864 4317 agerent.Multi
2899 4240 3079 4312 igitur
3098 4238 3410 4310 ingloriam
3434 4234 3614 4289 vitam
3648 4231 3759 4288 sibi

349 4331 468 4386 λῶν
499 4332 784 4403 ἑλομένων
841 4330 934 4385 τὸν
992 4326 1181 4399 ἄδοξον
1237 4327 1449 4402 μᾶλλον
1504 4328 1644 4404 βίον,
1700 4329 1736 4396 ἢ
1795 4327 1896 4396 τὴν
1945 4325 2000 4382 ἐν

2120 4341 2308 4412 potius
2331 4339 2656 4411 elegerunt,
2709 4351 2889 4406 quam
2947 4335 3008 4389 in
3063 4331 3393 4405 perditione
3448 4329 3760 4382 honorem.

349 4420 593 4493 ἆπολείᾳ
614 4423 805 4493 τιμήν,
837 4422 913 4482 εἷς
943 4418 1152 4474 το·5των
1184 4418 1374 4495 γὲγονε
1421 4417 1512 4472 καὶ
1549 4418 1578 4471 6
1638 4418 1807 4492 μέγας
1838 4415 1998 4473 Ἦσύ-

298 4566 303 4569 μ
357 4529 511 4586 χιος.
547 4510 649 4566 Καὶ
700 4514 863 4564 τοῦτο
904 4507 1069 4584 γνοὺς
1127 4508 1155 4561 6
1209 4504 1488 4583 βασιλεὺς,
1546 4502 1781 4578 ἐξέδυσεν
1840 4503 1997 4560 αὐτὸν

347 4601 420 4655 τὰ
443 4597 723 4668 πολυτελῆ
757 4599 970 4673 ἱμάτια,
1023 4596 1113 4652 καὶ
1171 4593 1392 4658 ἐνδῦσας
1421 4589 1683 4650 κολόϐιον
1732 4594 2002 4670 τρίχινον,

357 4690 635 4762 μετὰτῶν
665 4692 935 4763 γυναικῶν
989 4685 1269 4760 κατέκρινε
1325 4682 1649 4762 συνδιάγειν.
1711 4683 1814 4739 Καὶ
1873 4681 2005 4757 μετά

350 4800 509 4841 τινας
586 4773 799 4853 ἡμέρας
855 4775 1370 4851 προσκαλεσάμενος
1443 4775 1629 4844 αὐτὸν,
1689 4770 1813 4851 ἔφη·
1873 4771 2007 4829 Είπὲ

372 4890 493 4943 μοι.
547 4867 799 4941 Ἡσόχιε,
857 4866 900 4921 εἷ
961 4866 1058 4921 οὐκ
1111 4864 1349 4941 αἰσχύνῃ
1406 4862 1459 4919 ἐν
1541 4862 1734 4936 ἀτιμίᾳ
1787 4860 2011 4937 τοιαύτῃ

356 4957 567 5032 διάγειν
603 4975 617 5013 :
648 4957 710 5014 Ὀ
742 4954 800 5010 δὲ
830 4954 996 5011 εἶπενο
1055 4956 1120 5012 Ἥ
1178 4955 1323 5027 παρᾶ
1375 4956 1472 5007 σοῦ
1507 4953 1645 5025 τιμή
1677 4950 2008 5028 πρόσκαιρός

358 5047 496 5103 ὶστι.
531 5046 673 5103 Τότε
704 5046 853 5099 λίθον
919 5043 1149 5117 μυλικὸν
1209 5039 1524 5116 προσδήσας
1580 5040 1744 5097 αὐτοῦ
1774 5045 1853 5113 τῷ
1881 5060 2008 5116 τρα-

362 5135 534 5212 χήλῳ
565 5137 593 5191 ὁ
628 5133 903 5211 βασιλεὺς,
937 5132 1151 5208 ἔρριψεν
1212 5131 1264 5187 ἐν
1320 5135 1401 5202 τῷ
1455 5131 1701 5208 Ὀρώντῃ
1749 5133 2007 5205 ποταμῷ,

356 5225 484 5290 ἔνθα
510 5225 691 5280 καὶτὸ
728 5221 989 5297 μακάριον
1050 5220 1263 5295 ὶόἑξατο
1318 5218 1503 5295 τέλος,
1563 5216 1858 5279 ἀπολαϐὼν
1915 5221 2008 5298 βα-

349 5315 562 5372 σιλείαν
601 5313 863 5390 οὐρανῶν,

352 5463 459 5523 Καὶ
510 5464 706 5537 μνήμη
763 5463 861 5516 τοῦ
914 5459 1065 5537 ὁσίου
1118 5459 1357 5537 ξιειτξεὸς⁸
1396 5461 1556 5534 ἡμῶν
1585 5458 1854 5516 Ἡσυχίου
1909 5461 2008 5513 τοῦ

1005 5531 1383 5606 ὁμολογητοῦ.

431 5651 609 5713 Οὗτος
649 5651 873 5726 ὑπῆρχε
931 5649 1026 5722 μὶν
1080 5647 1139 5704 in
1194 5655 1295 5719 τῆς
1340 5647 1531 5727 χώρας
1582 5652 1693 5705 τῶν
1726 5649 2008 5727 Ἀρμενια-

2114 4429 2197 4483 Ex
2227 4443 2480 4499 quorum
2533 4440 2781 4480 numero
2838 4423 2951 4477 fuit
3007 4426 3067 4476 et
3122 4434 3372 4491 magnus
3404 4413 3754 4487 Hesychius.

2034 4552 2080 4617 Β
2111 4515 2277 4582 Quod
2308 4515 2406 4571 ubi
2439 4516 2765 4586 imperator
2794 4509 3279 4617 intellexit,e:jtuit
3307 4521 3441 4605 eum
3476 4503 3749 4617 pretiosis

2118 4605 2401 4673 vestibus,
2434 4612 2492 4660 et
2521 4603 2752 4659 colohio
2785 4601 3022 4658 ciliciuo
3084 4599 3357 4653 indutum
3406 4594 3592 4666 jussit
3639 4608 3761 4648 una

2120 4714 2253 4753 cum
2286 4694 2639 4751 mulieribus
2668 4693 2899 4767 degere.
2934 4694 3074 4748 Post
3122 4689 3352 4759 aliquot
3407 4692 3605 4741 autem
3636 4683 3762 4739 dies

2120 4786 2289 4842 illum
2324 4800 2675 4841 accersens:
2709 4786 2934 4849 Nonne,
2970 4779 3184 4852 inquit,
3216 4777 3400 4850 pudet
3454 4782 3531 4842 te,
3582 4774 3762 4845 Hesy-

2123 4874 2238 4942 chi,
2298 4873 2362 4929 in
2411 4873 2512 4929 tali
2572 4871 2898 4945 ignominia
2953 4868 3173 4925 versari
3223 4866 3251 4921 ?
3316 4869 3388 4920 At
3444 4864 3567 4931 ille,
3615 4868 3751 4917 tuus

2122 4966 2333 5033 honor,
2362 4964 2648 5035 reposuit,
2680 4963 2754 5019 ad
2780 4968 3012 5034 tempus
3061 4959 3253 5015 durat.
3278 4958 3423 5012 Tum
3454 4970 3590 5010 vero
3649 4953 3761 5007 ims

2120 5061 2358 5126 perator
2386 5053 2674 5110 molarem
2705 5052 2964 5124 lapidem
2995 5049 3069 5106 ad
3098 5048 3320 5105 collum
3354 5047 3482 5117 ejus
3512 5041 3763 5114 alligari,

2120 5144 2437 5216 ipsumque
2469 5144 2531 5199 in
2561 5144 2842 5199 Orontem
2892 5139 3136 5196 ﬂuvium
3193 5136 3403 5210 projici
3428 5133 3631 5207 jussit,
3664 5130 3766 5187 ubi

2122 5239 2182 5289 et
2209 5232 2449 5290 beatum
2482 5233 2664 5289 tinem
2690 5230 2940 5303 accepit,
2990 5244 3241 5302 regnum
3297 5225 3582 5282 caelorum
3628 5220 3767 5277 ade-

2120 5329 2276 5397 ptus.

2190 5473 2263 5526 Et
2288 5472 2554 5527 memoria
2583 5471 2759 5525 sancti
2794 5466 2979 5551 Patris
2994 5468 3171 5522 nostri
3196 5460 3458 5534 Hesychii
3486 5460 3694 5526 confes-

2868 5553 3023 5595 307⁸18.

2196 5647 2299 5706 Hic
2329 5648 2441 5706 fuit
2472 5664 2542 5705 ex
2571 5648 2812 5722 regione
2844 5644 3359 5703 Armeniacorum.
3391 5638 3647 5711 Cupiens
3664 5648 3771 5690 au-
