4086 6204
363 363 487 428 εεθ
1921 374 2019 435 MA

2134 377 2167 433 S
2180 419 2192 433 .
3664 389 3789 450 450

942 498 1118 559 ΜΗΝῙ
1149 503 1238 560 ΤΩ
1270 503 1461 562 ΑΥΤΩ.

2698 514 2937 570 EODEM
2978 515 3228 573 MENSE.

1163 596 1247 652 ΑΓ

439 678 502 736 Ἦ
536 677 836 750 ἀνάμνησις
893 685 993 736 τοῦ
1047 682 1322 754 γενεθλίου
1367 690 1467 752 τῆς
1501 690 1949 743 Κωνσταντινου-

2729 606 2830 660 Die
2862 605 3196 660 undecima.

2243 696 2345 753 93
2378 697 2837 754 Commemoratio
2866 695 3078 749 natalis
3111 696 3396 752 Constanti

640 699 836 750 μνησις
893 695 993 736 του
1047 695 1322 809 γειζὲῗέἐρρ
1367 695 1467 752 τῆς
1501 695 1949 743 Κωνσταντινου-
2243 696 2345 753 93
2378 697 2837 754 Commemoratt'o
2866 695 3078 749 natalis
3111 696 3682 771 Constantinopoleos.

1279 795 1323 816 η.

443 878 573 932 ’Ὀτε
600 878 700 946 τὴν
731 881 829 932 τοῦ
876 878 1138 948 Βύζαντος
1190 879 1353 936 πόλιν
1389 882 1416 937 6
1447 884 1628 959 Μέγας
1659 881 1711 937 ὲν
1749 881 2025 957 βασιλεῦσι

374 965 469 1018 καὶ
548 966 1078 1037 Χριστιανικώτατος
1165 975 1564 1032 Κωνσταντῖνος
1644 967 1853 1042 λαϐὼν,
1939 972 2026 1026 καὶ

369 1054 562 1116 κτίσας
594 1054 791 1127 πολλῷ
827 1056 1062 1128 μείζονα,
1121 1058 1209 1113 καὶ
1261 1058 1339 1121 sic
1393 1060 1455 1114 τὸ
1512 1060 1679 1115 αὐτοῦ
1727 1056 1898 1132 ὄνομα
1927 1061 2025 1128 τήν

369 1142 572 1212 κλῆσιν
602 1145 770 1213 αὐτῆς
823 1146 1181 1219 μεταμείψας,
1238 1147 1354 1203 ἀντὶ
1414 1149 1707 1218 Βυζαντίου
1739 1153 2025 1206 Κωνσταν-

365 1231 688 1286 τινούπολιν
747 1232 1014 1306 ὠνόμασε,
1060 1237 1195 1307 μετά
1244 1237 1307 1291 τὸ
1359 1237 1765 1310 συμπληρῶσαι
1807 1239 1870 1293 τὸ
1917 1244 2028 1292 τεῖ-

365 1342 498 1397 χος,
529 1321 615 1376 καὶ
648 1322 740 1383 τάς
775 1323 826 1377 έν
861 1323 1010 1395 αῦτῷ
1067 1324 1333 1394 οἰκήσεις,
1391 1327 1482 1381 καὶ
1513 1328 1608 1387 τάς
1640 1328 1789 1402 ἱεράς
1823 1326 2026 1398 ἐκκλη-

365 1410 510 1476 σίας,
586 1411 795 1474 άναθεῖς
871 1411 1071 1481 ταύτην
1147 1418 1215 1486 τῇ
1323 1413 1661 1488 ὑπερενδόξῳ
1766 1416 2028 1488 Δεσποίνῃ

368 1503 536 1571 ἡμῶν
597 1499 844 1572 Θεοτὸκῳ
902 1501 991 1554 καὶ
1051 1503 1415 1577 Ἀειπαρθένῳ
1473 1504 1672 1580 Μαρίᾳ,
1723 1504 2026 1580 κατεξαίρε-

367 1609 466 1642 τον
521 1590 859 1663 εὐχαριστῶν
916 1591 1032 1662 ἅμα
1087 1596 1164 1663 τῷ
1223 1594 1512 1667 ἁγιωτάτῳ
1553 1594 1894 1669 πατριάρχῃ,
1938 1594 2026 1648 καὶ

365 1681 450 1747 τῷ
506 1675 720 1750 κλήρῳ,
777 1676 866 1732 καὶ
923 1683 1002 1750 τῷ
1051 1684 1188 1751 λαῷ,
1242 1678 1558 1745 λιτανεύσας
1604 1682 1832 1751 ἀνῆλθεν
1867 1681 1918 1737 ἐν
1950 1686 2029 1754 τῷ

370 1767 552 1844 φόρῳ,
584 1765 634 1820 ἰν
668 1765 713 1838 ᾦ
744 1767 843 1835 τήν
878 1767 1042 1822 αὑτοῦ
1089 1769 1298 1840 στήλην
1351 1770 1403 1824 οἱ
1453 1769 1676 1826 πολῖται
1708 1771 2026 1843 ἀνέστησαν,

2207 875 2351 929 Cum
2384 873 2677 928 maximus
2710 873 3132 944 imperatorum
3167 880 3224 930 et
3248 876 3788 936 Christianissimus

2138 965 2565 1020 Constantinus
2596 965 2802 1019 urbem
2855 965 3112 1037 Byzantii
3163 969 3504 1038 accepisset,
3543 986 3792 1040 eamque

2137 1053 2324 1111 multo
2359 1055 2668 1124 majorem,
2703 1070 2879 1124 quam
2912 1061 3056 1116 erat,
3083 1055 3457 1123 aediﬁcasset,
3492 1059 3794 1127 imposito-

2139 1164 2253 1220 que
2287 1145 2523 1218 proprio
2557 1144 2796 1198 nomine
2840 1159 2944 1214 pro
2993 1143 3263 1214 Byzantio
3297 1146 3792 1216 Constantinopo-

2137 1237 2242 1290 lim
2274 1233 2652 1306 appellasset,
2674 1237 2987 1302 postquam
3024 1233 3237 1285 mtenia
3269 1231 3533 1296 absolvit,
3564 1241 3792 1288 exstru-

2139 1332 2348 1397 ctaque
2406 1324 2468 1378 in
2527 1322 2598 1376 iis
2657 1319 2927 1385 aediﬁcia,
2989 1326 3046 1373 et
3097 1336 3292 1374 sacras
3325 1322 3622 1382 ecclesias.
3657 1339 3787 1378 eam

2139 1414 2430 1470 dedicavit
2480 1409 2924 1485 gloriosissima:
2975 1409 3237 1463 Domina:
3279 1418 3494 1464 nostrm
3528 1413 3790 1482 Deiparaa

2139 1519 2490 1576 semperque
2523 1500 2728 1569 virgini
2775 1498 2987 1559 Marias,
3040 1498 3255 1570 gratias
3317 1515 3494 1569 supra
3550 1501 3791 1556 modum

2139 1599 2438 1664 agens:et
2501 1607 2622 1646 una
2683 1605 2819 1644 cum
2880 1587 3259 1642 sanctissimo
3320 1588 3678 1657 patriarcha,
3738 1593 3794 1642 et

2138 1685 2391 1748 clero,ac
2414 1680 2630 1753 populo
2651 1677 3081 1749 supplicatione
3105 1674 3484 1736 facta,reddit
3504 1677 3575 1731 ad
3599 1676 3792 1731 forum

2138 1775 2199 1829 in
2232 1789 2348 1845 quo
2373 1771 2528 1826 cives
2551 1768 2890 1823 columnam
2917 1766 3103 1837 ipsius
3138 1771 3474 1826 erexerunt,
3505 1766 3565 1821 in
3599 1767 3792 1838 capite

368 1853 639 1944 Ῡέρουσαν
693 1854 821 1917 τοὺς
879 1855 1070 1922 ἁγίους
1127 1860 1223 1912 τοῦ
1281 1858 1520 1932 Χριστοῦ
1568 1857 1657 1912 καὶ
1694 1862 1832 1913 Θεοῦ
1865 1861 2019 1931 ἡμῶν

2144 1866 2380 1918 sanctos
2411 1857 2624 1914 Christi
2658 1856 2758 1911 Dei
2792 1855 2980 1910 nostri
3012 1853 3205 1908 clavos
3236 1853 3568 1920 ferentem;
3622 1856 3683 1909 in
3707 1855 3794 1910 in-

362 1943 545 2012 ἥλους
575 1941 627 1999 ἰν
684 1948 754 2017 τῇ
813 1947 1047 2020 κεφαλῇ,
1105 1945 1168 2000 οῦ
1225 1947 1462 2010 κάτωθεν
1503 1952 1706 2002 κεῖνται
1737 1947 1789 2002 οἱ
1821 1944 2030 2002 δώδεκα

364 2034 592 2107 κόφινοι
648 2037 756 2088 τῶν
819 2035 1282 2109 περισσευσάντων
1342 2034 1670 2110 κλασμάτων
1730 2041 1838 2091 τῶν
1875 2038 2032 2092 πέντε

367 2123 572 2197 ἄρτων.
635 2123 737 2181 Ἐκ
786 2143 912 2178 τοτε
971 2123 1063 2178 οὖν
1123 2120 1577 2200 παραλαϐοῦσα-ἠ
1611 2128 1866 2197 συνήθεια
1916 2127 2032 2203 top-

359 2215 517 2282 τάξει
652 2213 853 2283 ταύτην
880 2208 986 2275 ἓως
1017 2217 1114 2268 τοῦ
1140 2218 1254 2275 νῦν,

539 2445 638 2502 Καὶ
670 2443 900 2516 ἄθλησις
945 2450 1047 2502 τοῦ
1096 2449 1253 2522 ἁγίου
1290 2448 1563 2523 μάρτυρος
1592 2447 1842 2510 Μωκίου.

426 2563 676 2634 Μώκιος,
709 2565 737 2618 6
766 2568 863 2619 τοῦ
920 2565 1158 2637 Χριστοῦ
1215 2567 1565 2640 ἱερομάρτυς,
1607 2568 1673 2636 ἦν
1711 2568 1804 2640 μὶν
1836 2565 1896 2624 ἐκ
1922 2575 2021 2638 τῆς

350 2653 578 2714 πόλεως
640 2653 952 2723 Βυζαντίου,
1016 2655 1132 2716 υἱὸς
1191 2658 1532 2730 Χριστιανῶν
1594 2656 1882 2731 Εὐφράτου
1931 2658 2020 2711 καὶ

354 2742 682 2812 Βύσταθίας,
765 2742 1101 2817 ὁρμωμένων
1162 2743 1220 2798 ἐκ
1294 2752 1392 2813 τῆς
1485 2745 1720 2807 παλαιᾶς
1774 2747 2019 2818 Ῥώμης.

357 2832 654 2908 ’Υπάρχων
690 2829 746 2887 δὶ
793 2828 1179 2905 πρεσϐύτερος,
1236 2836 1333 2902 τῆς
1390 2838 1486 2888 τοῦ
1547 2837 1784 2906 Χριστοῦ
1816 2833 2018 2905 ἐκκλη-

360 2921 505 2990 σίας,
566 2920 921 2997 παρήγγελλε
979 2926 1137 2976 πᾶσιν
1198 2923 1491 2998 ἀπέχεσθαι
1555 2925 1649 2996 μὲν
1706 2929 1812 2978 τῶν
1858 2922 2019 2979 εἰδώ-

355 3010 496 3079 λων,
554 3015 715 3082 τιμᾷν
773 3009 832 3066 δὲ
885 3011 975 3066 τὸν
1039 3013 1291 3085 Χριστὸν,
1347 3013 1438 3067 καὶ
1499 3008 1670 3068 σέϐειν
1729 3013 1887 3069 αὐτὸν
1943 3013 2018 3076 ῶς

356 3101 490 3153 Θεὸν
525 3100 696 3168 ὅλων,
727 3100 816 3154 καὶ
861 3101 1084 3176 Κύριον.
1131 3103 1222 3158 Ἐν
1276 3106 1374 3175 μιᾷ
1421 3099 1478 3157 δὶ
1521 3104 1705 3165 θυσίας
1739 3102 2018 3158 ὲπιτελου·

361 3187 535 3260 μένης
595 3191 741 3262 παρὰ
795 3193 892 3244 τοῦ
950 3189 1248 3266 ἄρχοντος,
1303 3191 1394 3245 καὶ
1446 3197 1544 3246 τοῦ
1603 3191 1740 3248 λαοῦ
1772 3194 2016 3264 θύοντος,

358 3279 490 3350 θείῳ
550 3276 705 3351 ζήλῳ
760 3280 1025 3350 κίνηθεὶς.
1086 3277 1308 3353 δραμὼν
1371 3282 1625 3356 ἀνέτρεψε
1675 3284 1766 3338 τὸν
1805 3284 2015 3358 βωμὸν,
2048 3269 2091 3333 C

353 3367 448 3422 καὶ
501 3369 569 3422 τά
625 3369 839 3440 Θύματα
897 3364 1260 3445 διεσκόρπισε.
1316 3371 1620 3445 Κρατηθεῖς
1673 3373 1762 3427 οὗν
1815 3372 2016 3446 ἐτιμω-

356 3459 532 3531 ρήθη,
605 3457 694 3511 καὶ
768 3452 1068 3530 ἐμϐληθεὶς
1143 3458 1218 3522 εἷς
1279 3463 1408 3534 πῦρ,
1466 3461 1646 3535 ὡρᾶτο
1709 3461 1868 3534 μέσον
1919 3469 2018 3532 τῆς

355 3544 563 3622 φλογὸς
595 3547 730 3618 μετὰ
757 3551 926 3622 τριῶν
958 3546 1312 3620 ψαλλόντων,
1341 3548 1432 3603 καὶ
1485 3553 1581 3603 τοῦ
1613 3550 1726 3612 ἑνὸς
1758 3551 1820 3605 τὸ
1851 3551 2016 3626 πρόσ-

350 3655 504 3688 ωπον
568 3630 815 3707 ἔλαμπεν
901 3636 1034 3711 ὖπὶρ
1120 3637 1212 3691 τὸν
1289 3636 1464 3706 ἣλιον.
1542 3640 1643 3695 Καὶ
1701 3638 1863 3701 αὐτὸς
1923 3641 2020 3713 μὶν

351 3723 580 3796 ὖξῆλθεν
619 3725 804 3799 ὑγιὴς,
857 3728 892 3795 ἡ
944 3723 1001 3781 δὲ
1053 3724 1188 3803 φλὸξ
1243 3721 1434 3782 ἔκαυσε
1487 3727 1615 3790 τοὺς
1649 3734 1996 3802 παρεστῶτας

351 3815 446 3869 καὶ
508 3815 603 3870 τὸν
657 3813 930 3892 ἄρχοντα.
1015 3815 1144 3872 Εἶτα
1219 3815 1487 3889 πέμπεται
1563 3818 1638 3880 εἰς
1695 3788 2020 3894 Ἡράκλειαν

351 3906 456 3972 τῆς
515 3905 749 3976 Θρᾴκης·
809 3902 934 3960 ἔνθα
984 3905 1084 3974 τήν
1141 3906 1385 3983 κεφαλὴν
1435 3907 1776 3980 ἀποτμηθεὶς
1826 3908 2016 3987 ἐτάφη.

350 3995 615 4069 Ὕστερον
684 3991 742 4049 δὶ
807 3993 996 4056 κτίσας
1063 3994 1189 4049 ναὸν
1256 3997 1285 4051 6
1355 3992 1524 4069 μέγας
1591 3999 2016 4068 Κωνσταντῖνος,

351 4081 533 4158 ἤγαγε
561 4084 625 4139 τὸ
657 4083 907 4156 λείψανον
941 4084 1128 4152 αὐτοῦ,
1162 4083 1251 4138 καὶ
1279 4084 1506 4148 ἀπέθετο
1532 4082 1584 4140 ἐν
1620 4084 1786 4158 αὐτῷ.

463 4395 570 4452 Καὶ
604 4393 835 4466 ἄθλησις
863 4394 959 4451 τοῦ
1000 4394 1160 4470 άγίου
1196 4395 1467 4470 μάρτυρος
1500 4395 1908 4471 Διοσκορίδους.

428 4537 811 4611 Διοσκορίδης,
872 4541 900 4594 6
957 4544 1052 4594 τοῦ
1111 4543 1348 4615 Χριστοῦ
1410 4541 1637 4612 μάρτυς,
1671 4540 1888 4617 ὑπῆρχε
1921 4543 2013 4613 μὲν

2138 1962 2277 2017 ﬁmo
2313 1966 2444 2005 vero
2475 1949 2604 2003 loco
2636 1944 2950 2002 duodecim
2982 1943 3268 2015 cophinos
3298 1943 3788 2015 fragmentorum,

2133 2065 2265 2120 quas
2298 2061 2369 2099 ex
2398 2040 2663 2114 quinque
2696 2033 2948 2107 panibus
2973 2039 3410 2103 superaverant,
3447 2032 3785 2089 habentem.

2131 2140 2213 2193 Ex
2272 2134 2376 2190 illo
2437 2130 2614 2203 igitur
2671 2131 2936 2195 tempore
2993 2121 3252 2176 obtinuit
3308 2122 3698 2189 consuetudo,
3727 2127 3792 2178 ut

2129 2229 2255 2284 haec
2299 2219 2584 2280 festivitas
2625 2213 3026 2271 celebraretur
3073 2228 3260 2284 usque
3308 2211 3370 2268 in
3425 2217 3784 2285 prmsentem

2130 2317 2310 2373 diem.

2411 2445 2477 2502 Et
2504 2446 2781 2498 certamen
2809 2439 2985 2493 sancti
3013 2438 3177 2492 Mocii
3217 2436 3497 2507 martyris.

2201 2572 2425 2630 Mocius
2458 2583 2626 2623 sacer
2654 2562 2868 2619 Christi
2910 2566 3154 2632 martyr,
3205 2577 3272 2614 ex
3320 2559 3467 2613 urbe
3516 2557 3790 2630 Byzantio

2129 2668 2473 2737 prognatus,
2508 2657 2668 2713 ﬂlius
2698 2653 2810 2709 fuit
2834 2651 3113 2723 Euphrati
3141 2656 3197 2704 et
3219 2648 3538 2704 Eustathius
3571 2663 3787 2718 paren-

2127 2762 2250 2809 tum
2283 2749 2780 2806 Christianorum,
2816 2742 2916 2814 qui
2950 2757 3016 2795 ex
3051 2747 3242 2795 vetere
3273 2740 3457 2794 Roma
3490 2737 3783 2803 originem

2127 2844 2440 2900 ducebant.
2474 2840 2618 2895 Cum
2651 2852 2785 2891 vero
2810 2840 2966 2889 esset
2997 2831 3262 2888 ecclesiae
3290 2830 3502 2885 Christi
3536 2828 3781 2900 presby-

2126 2941 2232 2997 ter,
2269 2937 2512 2988 cunctos
2537 2925 2904 2990 hortabatur,
2938 2928 3001 2977 ut
3032 2921 3102 2976 ab
3138 2919 3312 2975 idolis
3340 2918 3783 2974 recederentac

2126 3023 2425 3080 Christum
2473 3021 2920 3079 venerarentur,
2971 3025 3225 3081 eumque
3259 3015 3325 3064 ut
3356 3010 3541 3063 Deum
3572 3024 3638 3062 ac
3670 3008 3785 3062 Do-

2128 3115 2357 3170 minum
2388 3111 2797 3167 universorum
2849 3104 3132 3160 colerent.
3167 3101 3428 3167 Quadam
3458 3106 3655 3155 autem
3688 3099 3784 3154 die

2128 3221 2262 3261 cum
2294 3221 2329 3260 a
2357 3201 2609 3274 preside
2639 3205 2698 3254 et
2737 3199 2952 3268 populo
2986 3192 3358 3249 sacrificante
3389 3191 3638 3244 victimas
3670 3189 3784 3244 im—

2130 3295 2516 3352 molarentur,
2568 3289 2768 3343 divino
2826 3284 2948 3340 zelo
2997 3290 3212 3343 motus.
3268 3295 3585 3335 accurrens
3616 3293 3779 3332 aram

2129 3382 2435 3444 subvertit,
2468 3385 2526 3434 et
2559 3377 2821 3432 victimas
2853 3372 3150 3444 dispersit.
3176 3371 3364 3435 Quare
3396 3366 3787 3438 comprehen-

2129 3489 2248 3530 sus.
2283 3467 2591 3525 tormentis
2637 3463 2970 3533 subjicitur,
3005 3465 3181 3530 atque
3221 3456 3479 3513 ﬂammis
3509 3454 3779 3510 traditur.

2130 3561 2343 3615 Verum
2375 3559 2436 3612 in
2469 3554 2665 3612 medio
2698 3552 2953 3608 ﬂammae
2984 3549 3145 3604 visus
3167 3553 3258 3602 est
3277 3562 3397 3601 una
3418 3562 3553 3600 cum
3586 3543 3772 3598 tribus

2126 3651 2264 3706 viris
2295 3644 2708 3722 psallentibus,
2730 3659 2801 3698 ex
2823 3640 3037 3712 quibus
3066 3639 3168 3693 uni
3195 3654 3315 3709 prae
3338 3635 3568 3691 caeteris
3600 3633 3779 3689 facies

2132 3741 2254 3798 sole
2279 3737 2647 3812 splendidior
2677 3732 2988 3789 emicabat.
3017 3733 3095 3786 Ac
3127 3729 3252 3800 ipse
3275 3725 3518 3799 quidem
3551 3724 3783 3780 incolu-

2131 3831 2245 3887 mis
2277 3829 2498 3892 evasit;
2525 3825 2768 3882 ﬂamma
2797 3837 2930 3878 vero
2965 3837 3086 3886 eos,
3121 3818 3220 3890 qui
3255 3818 3479 3873 circum
3512 3815 3780 3881 aderant,

2129 3938 2196 3976 ac
2229 3918 2410 3975 simul
2442 3914 2761 3990 prmsidem
2794 3909 3184 3982 consumpsit.
3212 3907 3430 3963 Deinde
3459 3906 3676 3961 missus
3700 3907 3789 3959 est

2124 4011 2187 4067 in
2210 4008 2575 4069 Heracleam,
2601 4004 2808 4060 urbem
2830 4001 3110 4061 Thracias.
3130 3998 3230 4054 ubi
3255 3998 3446 4070 capite
3476 4001 3786 4052 truncatus

2127 4105 2236 4165 est,
2270 4105 2328 4155 et
2347 4097 2635 4169 sepultus.
2675 4096 2981 4149 Postremo
3031 4106 3166 4145 cum
3214 4086 3637 4144 Constantinus
3669 4084 3784 4137 Ma-

2124 4205 2275 4261 gnus
2306 4185 2596 4256 templum
2639 4180 3010 4244 mdiﬂcasset,
3064 4192 3262 4232 sacras
3315 4176 3444 4246 ejus
3496 4169 3782 4242 reliquias

2126 4275 2352 4341 intulit,
2383 4280 2559 4344 atque
2591 4269 2813 4326 ibidem
2845 4266 3141 4337 deposuit.

2265 4408 2368 4462 94
2396 4409 2463 4462 Et
2493 4410 2763 4460 certamen
2794 4402 2967 4456 sancti
3000 4397 3326 4452 Dioscoridis
3356 4393 3634 4460 martyris.

2197 4548 2567 4608 Dioscorides
2598 4546 2813 4602 Christi
2848 4549 3072 4616 martyr
3103 4545 3228 4596 erat
3249 4556 3319 4594 ex
3341 4537 3486 4593 urbe
3515 4536 3782 4606 Smyrna.

345 4627 411 4683 εκ
464 4627 568 4694 τῆς
629 4627 950 4700 Σμυρναίων
1011 4628 1248 4690 πόλεως’
1312 4628 1629 4701 Χριστιανὸς
1673 4626 1730 4684 δε
1760 4627 1856 4695 ὤν,
1887 4630 2007 4702 iur/,-

2134 4642 2273 4698 Cum
2303 4657 2438 4695 vero
2470 4637 2840 4694 Christianus
2873 4639 3049 4690 esset.
3085 4631 3381 4686 Christum
3413 4627 3596 4682 libere
3631 4641 3785 4696 pras-

349 4738 513 4792 ρυττε
583 4716 853 4793 οαῤῥησίᾳ
906 4718 997 4773 τὸν
1057 4718 1311 4790 Χριστὸν,
1370 4717 1458 4771 καὶ
1515 4715 1788 4774 ἐδίδασκεν
1823 4720 1909 4774 ἐπὶ
1939 4726 2016 4792 τῷ

351 4807 591 4878 ὀνόματι
624 4807 790 4861 αὑτοῦ
818 4809 1021 4869 πάντας
1051 4805 1177 4867 τοὺς
1209 4807 1688 4882 προσερχομένους
1720 4809 1889 4880 αὐτῷ·
1927 4811 2017 4864 καὶ

351 4895 605 4956 πολλοὺς
636 4900 742 4949 τῶν
808 4895 1044 4950 ἀπίστων
1105 4891 1438 4972 ὶπιστρέψων
1472 4895 1577 4950 ἀπὸ
1608 4903 1706 4963 τῆς
1738 4919 2012 4969 πατροπα-

357 4982 595 5059 ραδότου
629 4985 842 5054 πλάνης
876 4985 1071 5052 αὐτῶν,
1108 4979 1378 5057 έὸάπτιξε.
1415 4985 1710 5060 Κρατηθεῖς
1743 4985 1837 5041 οῦν
1872 4990 2017 5062 παρὰ

353 5079 463 5128 τῶν
500 5072 950 5149 εἶδωλολατρῶν,
1015 5075 1090 5146 μὴ
1150 5074 1424 5151 φερόντων
1483 5074 1697 5128 ἀκούειν
1743 5077 2017 5151 παρρησίᾳ

353 5163 450 5216 τὸν
502 5165 744 5238 Χριστὸν
799 5165 1225 5238 κηρυττόμενον,
1277 5163 1650 5237 ἐμαστιγώθη.
1687 5165 1816 5221 Εἶτα
1847 5164 2016 5229 δεθεὶς

353 5251 636 5326 παρεδόθη
715 5259 794 5326 τῷ
870 5256 1122 5329 ἄρχοντι.
1183 5253 1284 5310 Καὶ
1344 5253 1636 5325 ἐρωτηθεὶς
1706 5254 1794 5310 ὐπ’
1878 5257 2011 5313 ἐκεί-

349 5364 470 5404 νου,
530 5345 621 5398 καὶ
679 5345 995 5414 Χριστιανὸν
1073 5343 1258 5398 ἑαυτὸν
1346 5343 1717 5418 ὁμολογησας,
1782 5347 2012 5422 βασανι-

351 5433 498 5495 σθεῖς
555 5436 918 5510 παρεπέμιρθη
1007 5432 1252 5505 φυλακῇ,
1321 5431 1407 5487 ἐπὶ
1483 5432 1721 5495 πολλαῖς
1777 5437 2014 5510 ἡμέραις

348 5523 724 5598 κακουχτ,8εἱς
783 5523 834 5577 ἓν
893 5521 1048 5595 αὐτῇ·
1111 5521 1223 5576 εἶτα
1275 5528 1374 5588 τῆς
1434 5520 1681 5600 φυλακῆς
1724 5519 2014 5595 ἐκϐληθεὶς

348 5611 522 5666 πάλιν
577 5613 891 5686 ἠναγκάσθη
949 5613 1041 5667 τὸν
1102 5611 1334 5682 Χριστὸν
1395 5611 1750 5683 ἀρνήσασθαι·
1808 5616 1897 5670 καὶ
1932 5619 2008 5690 μὴ

353 5701 613 5770 πεισθεὶς,
650 5700 831 5771 έξέτθη
892 5700 1232 5772 κοεμασθείς.
1297 5701 1397 5758 Καὶ
1476 5698 1750 5772 ἐπιμένων
1808 5708 1876 5778 τῇ
1937 5705 2010 5767 εἷς

2126 4729 2379 4790 dicabat.
2410 4733 2589 4798 atque
2615 4741 2841 4789 omnes,
2868 4724 2969 4794 qui
2993 4721 3066 4776 ad
3100 4721 3296 4791 ipsum
3329 4714 3781 4776 accedebant,in

2125 4821 2368 4876 nomine
2400 4820 2528 4887 ejus
2559 4814 2868 4873 edocebat.
2901 4812 3241 4882 multosque
3269 4826 3339 4864 ex
3371 4804 3716 4862 inﬂdelibus
3748 4819 3781 4858 a

2125 4912 2314 4984 patrio
2347 4925 2567 4970 errore,
2597 4923 2773 4979 quem
2805 4923 2839 4960 a
2875 4903 3198 4974 majoribus
3231 4899 3514 4955 traditum
3548 4911 3786 4966 accepe-

2126 5011 2280 5069 rant,
2309 5019 2411 5057 avo
2433 5017 2582 5064 :ans,
2617 4996 2949 5069 baptizabat
2993 4993 3466 5066 Comprehensus
3503 4988 3681 5061 igitur
3712 4985 3784 5040 ab

2126 5091 2480 5148 idololatris.
2505 5088 2606 5159 qui
2629 5086 2926 5143 Christum
2953 5091 3070 5140 tam
3103 5084 3287 5138 libere
3322 5077 3630 5152 praedicari
3663 5091 3783 5129 non

2125 5181 2415 5237 ferebant.
2446 5177 2646 5248 ﬂagris
2687 5193 2874 5231 cassus
2930 5175 3058 5230 fuit.
3096 5171 3317 5228 Deinde
3349 5170 3600 5226 vinctus,
3634 5181 3784 5237 prm-

2126 5271 2234 5328 sidi
2288 5275 2375 5323 est
2421 5267 2705 5322 traditus:
2757 5272 2934 5335 atque
2984 5263 3054 5318 ab
3112 5263 3222 5317 hoc
3266 5261 3684 5328 interrogatus.
3718 5269 3785 5308 ac

2125 5376 2253 5415 sese
2285 5357 2690 5414 Christianum
2733 5355 3053 5426 professus,
3108 5350 3376 5424 pluribus
3419 5354 3608 5403 tortus
3650 5360 3783 5399 cru-

2123 5447 2394 5513 ciatibus,
2430 5445 2704 5500 detrusus
2738 5443 2846 5497 fuit
2874 5443 2936 5498 in
2969 5458 3265 5498 carcerem
3316 5438 3414 5493 ubi
3445 5452 3551 5511 per
3583 5433 3783 5504 plures

2122 5537 2250 5592 dies
2293 5552 2496 5610 graves
2546 5549 2844 5589 aarumnas
2890 5533 3192 5586 sustinuit.
3237 5531 3446 5584 Postea
3479 5542 3508 5579 e
3549 5536 3783 5577 carcere

2123 5628 2393 5693 eductus,
2413 5626 2631 5680 iterum
2658 5624 3002 5694 compulsus
3028 5629 3117 5678 est
3142 5620 3439 5675 Christum
3462 5616 3776 5683 abnegare:

2125 5715 2284 5788 quod
2315 5733 2447 5772 cum
2472 5716 2665 5771 facere
2699 5719 3056 5781 recusasset,
3081 5725 3404 5783 suspensus
3436 5710 3543 5770 est,
3569 5707 3627 5758 et
3653 5701 3780 5756 dire
