4104 6196
320 380 433 481 ιέιι

1618 410 2045 472 MENOLOGII
2092 409 2184 468 PA
2201 408 2291 470 RS
2333 411 2441 471 ΙΙΙ.

3627 423 3749 484 453

326 556 668 613 dilaniatus.
703 555 849 610 Cum
896 550 1153 621 denique
1211 546 1273 602 in
1331 544 1548 603 Christi
1602 543 1958 602 confessione

2089 539 2328 614 Χριστὸν
2381 541 2678 620 ὁμολογίᾳ,
2735 546 3021 620 προστάξει
3099 551 3197 602 τοῦ
3282 550 3552 627 ἄρχοντος
3607 553 3744 631 ἀνθ..

326 651 607 701 constans
638 641 1002 715 persisteret,
1051 635 1324 709 praesidis
1368 635 1544 706 jussu
1584 633 1978 705 interemptus
2088 630 2242 706 ρέθη.

326 734 459 789 Μ
877 816 1117 872 EODEM
1160 814 1410 870 MENSE.

892 905 994 961 Die
1034 904 1405 960 duodecima.

323 1002 584 1057 Memoria
634 997 813 1053 sancti
868 996 1049 1051 Patris
1099 996 1276 1050 nostri
1331 992 1657 1065 Epiphanii,
1733 992 1979 1063 episcopi

1064 1065 1253 1139 Cypri.

393 1191 641 1246 Sanctus
671 1191 845 1244 Pater
875 1192 1078 1243 noster
1097 1184 1460 1258 Epiphanius
1483 1187 1610 1239 erat
1630 1199 1700 1238 ex
1731 1180 1973 1253 regione

319 1280 659 1344 thniciaa,
717 1278 935 1333 Judaeis
992 1275 1337 1350 parentibus
1387 1279 1582 1329 natus.
1614 1272 1730 1327 Sed
1760 1271 1882 1326 illis
1911 1269 1973 1326 in

320 1371 483 1444 Legis
506 1370 667 1425 cultu
693 1366 1200 1441 permanentibus,
1220 1365 1348 1437 ipse
1365 1364 1437 1419 ad
1455 1362 1752 1419 Christum
1770 1377 1969 1417 accur-

317 1477 475 1525 rens,
536 1458 864 1531 baptizatus
923 1462 1032 1521 est,
1092 1461 1152 1510 et
1204 1454 1599 1510 monasticum
1637 1451 1972 1506 institutum

321 1548 600 1620 suscepit.
631 1546 852 1602 Deinde
872 1546 1046 1619 Cypri
1068 1545 1396 1616 EpiscOpus
1417 1541 1759 1598 ordinatur:
1792 1546 1972 1613 atque

318 1639 401 1693 ita
430 1640 547 1693 Deo
579 1637 837 1702 servivit,
875 1642 941 1691 ut
970 1640 1029 1691 et
1073 1633 1361 1690 miracula
1404 1638 1637 1704 patrare
1662 1629 1969 1686 meruerit.

319 1728 463 1784 Cum
494 1732 692 1783 autem
725 1742 831 1798 pro
863 1724 979 1780 fide
1030 1723 1359 1779 orthodoxa
1389 1721 1736 1784 decertaret,
1769 1719 1971 1790 plures

319 1832 617 1874 airumnas
649 1814 720 1869 ab
753 1813 1129 1869 heterodoxis
1186 1810 1506 1867 sustinuit:
1565 1815 1625 1865 et
1662 1807 1970 1863 veritatem

2633 817 2815 875 MHNI
2855 819 2946 874 ΤΩ
2984 821 3184 878 ΛΥΤΩ.

2861 909 2959 965 IB‘.

2156 994 2366 1065 Μνήμη
2423 997 2518 1049 τοῦ
2565 992 2837 1079 ἐνςάγίοις
2886 996 3099 1079 Ιῐατρὸς
3126 999 3287 1071 ἡμῶν
3319 1001 3666 1079 ἐπιφανίου,

2618 1065 2914 1124 ἂπισκόπου
2955 1065 3197 1144 Κύπρου.

2157 1181 2492 1260 Ἐπιιράνιος.
2548 1184 2577 1238 ὁ
2634 1182 2687 1240 ἐν
2743 1184 2916 1260 ἁγίοις
2973 1188 3159 1262 Πατὴρ
3214 1189 3493 1261 ἡμῶν,ἧν
3545 1192 3640 1265 μὶν
3677 1190 3738 1249 ἐκ

2079 1278 2180 1341 τῆς
2233 1274 2422 1349 χώρας
2479 1273 2764 1344 Φοινίκης,
2825 1276 2940 1338 υἱὸς
2999 1273 3297 1336 Ἰουδαίων.
3334 1278 3491 1336 ’Λλλ’
3516 1279 3737 1337 ἐκείνων

2080 1356 2545 1432 ἑναπομεινάντων
2602 1364 2673 1435 τῇ
2725 1365 2821 1416 τοῦ
2879 1362 3053 1436 νόμου
3110 1362 3355 1439 λατρεία,
3410 1364 3569 1430 αὐτὸς
3602 1368 3740 1443 πρὸς

2078 1450 2169 1505 τὸν
2203 1453 2436 1524 Χριστὸν
2482 1449 2735 1528 ἔδραμεν,
2788 1456 2875 1510 καὶ
2942 1455 3278 1533 βαπτισθεὶς,
3332 1459 3518 1535 γέγονε
3564 1481 3736 1532 μονα-

2082 1539 2205 1615 χός.
2266 1541 2397 1599 Εἶτα
2461 1540 2858 1618 ἐχειροτονήθη
2943 1545 3035 1600 καὶ
3110 1545 3405 1610 ἐπίσκοπος
3483 1548 3734 1622 Κύπρου·

2078 1630 2167 1685 καὶ
2227 1630 2400 1694 οὕτως
2459 1632 2779 1708 ἐθεράπευσε
2833 1635 2923 1690 τὸν
2991 1635 3146 1704 Θεὸν,
3205 1636 3280 1699 ὡς
3335 1638 3423 1691 καὶ
3484 1639 3736 1712 θαύματα

2079 1725 2257 1774 ποιεῖν
2319 1721 2636 1795 ἀξιωθῆναι.
2694 1723 3130 1797 Ἀγωνιζόμενος
3185 1722 3243 1780 δὲ
3303 1725 3434 1803 ὗπὶρ
3489 1734 3592 1796 τῆς
3639 1726 3736 1802 ὁρ-

2080 1805 2305 1880 θοδόεου
2359 1810 2593 1874 πίστεως
2652 1810 2899 1873 πολλοὺς
2955 1813 3291 1888 πειρασμοὺς
3349 1815 3453 1871 ὑπὸ
3494 1820 3603 1871 τῶν
3635 1838 3739 1872 κα·-

318 1905 559 1977 quidem
621 1903 996 1959 sermonibus
1074 1901 1585 1963 corroboraturus,
1658 1897 1958 1954 bareticos

2086 1896 2322 1971 κοδόξων
2360 1900 2585 1972 ὑπέστη’
2644 1902 2733 1957 καὶ
2789 1905 2890 1972 τήν
2946 1902 3204 1974 ἀλήθειαν
3262 1905 3357 1978 μὶν
3402 1903 3453 1961 ὲν
3485 1911 3604 1969 τοῖς
3637 1904 3739 1964 λό-

314 2012 449 2050 vero
483 2011 551 2050 ex
582 1993 834 2050 ecclesia
864 1993 1200 2054 abacturus,
1235 1988 1814 2060 Constantinopolim
1858 1987 1967 2043 mi-

312 2086 518 2161 gravit.
555 2086 809 2141 Adactus
842 2089 1039 2140 autem
1071 2083 1143 2139 ab
1174 2083 1438 2139 Eudoxia
1476 2081 1683 2138 exsilio
1713 2080 1968 2152 Chryso-

316 2176 491 2233 stomi
524 2192 586 2231 se
618 2174 1010 2236 subscribere.
1043 2172 1258 2229 adduci
1288 2171 1576 2244 nequivit,
1619 2175 1687 2226 ut
1714 2170 1777 2225 id
1806 2169 1966 2226 face-

312 2273 421 2324 ret.
456 2271 598 2322 Cum
624 2282 764 2321 vero
793 2264 895 2320 illa
916 2264 1404 2327 comminaretur,
1428 2262 1543 2317 nisi
1567 2262 1692 2332 ipse
1721 2261 1964 2329 faceret,

313 2374 376 2413 se
406 2356 702 2412 idolorum
735 2354 956 2426 templa
975 2359 1333 2426 aperturam,
1358 2350 1702 2423 persuaderi
1734 2366 1797 2406 se
1828 2366 1959 2423 pas-

308 2462 431 2513 sus,
455 2444 825 2516 subscripsit.
850 2442 1016 2508 Quod
1038 2441 1138 2497 ubi
1170 2442 1626 2513 Chrysostomus
1647 2439 1960 2502 intellexit,

310 2533 440 2591 hac
468 2533 541 2589 ad
573 2535 671 2591 95
732 2533 928 2604 ipsum
987 2531 1260 2604 scripsit:
1316 2528 1631 2601 Epiphani,
1679 2529 1961 2601 quoniam

311 2625 521 2682 exsilio
557 2639 686 2680 meo
709 2621 1086 2679 consensisti.
1109 2622 1170 2677 in
1195 2621 1410 2676 throno
1435 2625 1533 2674 tuo
1555 2635 1676 2675 non
1703 2619 1959 2676 sedebis.

309 2715 419 2773 llle
439 2731 576 2770 vero
602 2712 972 2784 rescrispsit:
996 2710 1234 2768 Athleta
1254 2711 1531 2772 Joannes.
1558 2708 1888 2768 verberare.
1906 2713 1965 2763 et

309 2805 756 2861 vince.Demum
803 2801 867 2857 in
913 2800 1171 2874 Cyprum
1211 2799 1514 2873 navigans,
1547 2799 1726 2855 vitam
1758 2797 1821 2854 in
1853 2814 1955 2854 na-

305 2894 458 2968 vigio
489 2892 699 2949 ﬁnivit.

299 3014 371 3069 Et
390 3008 654 3067 memoria
678 3006 862 3065 sancti
891 3008 1073 3064 Patris
1119 3007 1296 3061 nostri
1332 3004 1593 3063 Germani
1617 3005 1959 3077 patriarcha

827 3077 1442 3150 Constantinopolitani.

369 3202 617 3256 Sanctus
675 3201 850 3256 Pater
931 3203 1135 3255 noster
1208 3197 1556 3264 Germanus,
1624 3196 1957 3267 imperante

2083 2010 2203 2065 γοις
2255 1989 2543 2065 κρατόνας,
2600 1992 2731 2055 τοὺς
2797 1989 2854 2048 δὲ
2929 1993 3231 2069 αἷρετικοὸς
3283 2001 3384 2065 τῆς
3442 1993 3741 2065 ἐκκλησίας

2076 2079 2376 2148 ἀπελάσας,
2453 2078 2774 2155 ἐπεδήμησε
2855 2081 2943 2138 καί
3009 2087 3078 2158 τῇ
3141 2083 3741 2145 Κωνσταντινουπὸλει.

2078 2167 2176 2225 Καὶ
2232 2170 2688 2245 καταναγκασθεὶς
2760 2172 2863 2228 ὑπὸ
2943 2192 3042 2243 της
3100 2170 3357 2244 Εὐδοξίας
3417 2174 3734 2250 ὑπογράψαι

2075 2256 2151 2321 εἷς
2209 2259 2308 2328 τὴν
2369 2258 2577 2333 ἐξορίαν
2657 2266 2756 2316 τοῦ
2834 2261 3248 2336 Χρυσοστόμου,
3300 2263 3426 2319 ὀὐκ
3482 2263 3732 2334 ἐπείσθη.

2070 2347 2443 2419 Ἀπειλούσης
2476 2346 2534 2404 δὶ
2576 2348 2766 2421 αὐτῆς,
2826 2351 2900 2414 ὡς
2959 2352 3006 2405 εἱ
3067 2352 3141 2420 μή
3201 2356 3362 2407 τοῦτο
3391 2355 3633 2423 ποιήσει,
3665 2354 3734 2408 τά

2074 2434 2278 2493 ε’ἰδωλα
2334 2437 2582 2509 ἀνοίξειν,
2642 2439 2877 2502 πεισθεὶς
2937 2440 3231 2515 ὑπέγραψε.
3296 2443 3398 2498 Καὶ
3460 2442 3645 2513 μαθὼν
3705 2443 3734 2497 ὁ

2074 2525 2468 2600 Χρυσόστομος
2521 2532 2708 2594 τοῦτο,
2767 2523 2966 2604 ἔγραψε
3022 2530 3159 2601 πρὸς
3203 2528 3386 2585 αὐτόν’
3418 2532 3728 2608 Ἐπιφάνεε,

2071 2613 2185 2670 ἐπεὶ
2218 2616 2512 2690 συνῄνεσας
2562 2616 2637 2678 είς
2692 2617 2789 2685 τὴν
2852 2616 3058 2693 ἐξορίαν
3113 2639 3241 2691 μου,
3297 2619 3363 2674 οὐ
3399 2620 3475 2693 μὴ
3506 2620 3729 2694 καθίσῃς

2072 2704 2160 2761 ἐπὶ
2216 2710 2313 2761 τοῦ
2369 2707 2566 2780 θρόνου
2624 2726 2741 2762 σου.
2814 2707 2874 2765 Ὀ
2934 2704 2992 2763 δὶ
3073 2704 3420 2783 ἀντέγραψεν,
3481 2708 3730 2779 Ἀθλητᾶ

2067 2797 2322 2865 Ἰωάννη,
2376 2794 2564 2866 παίου,
2621 2796 2711 2851 καὶ
2770 2796 2911 2857 νίκα.
2971 2798 3101 2856 Εἶτα
3155 2795 3338 2855 πλέων
3399 2798 3476 2863 είς
3508 2800 3730 2874 Κύπρον

2070 2882 2419 2957 ἰτελεότησεν
2445 2886 2497 2942 ἐν
2524 2890 2602 2958 τῷ
2632 2885 2832 2960 πλοίῳ.

2139 3001 2243 3060 Καὶ
2275 3002 2467 3075 μνήμη
2497 3005 2595 3077 τοῦ
2623 3000 2678 3056 ἐν
2709 3000 2889 3077 ἁγίοις
2936 3002 3145 3075 Πατρὸς
3179 3005 3343 3076 ἡμῶν
3373 3009 3652 3077 Γερμανοῦ

2372 3075 2720 3150 πατριάρχου
2752 3075 3404 3138 Κωνσταντινουπόλεως.

2138 3192 2412 3269 Γερμανὸς
2463 3192 2492 3248 ὁ
2549 3191 2601 3248 ἰν
2661 3193 2839 3269 ἁγίοις
2894 3195 3081 3270 Πατήρ
3128 3197 3315 3268 ἡμῶν,
3349 3195 3595 3270 ὑπῆρχεν
3626 3194 3717 3252 ἐπὶ

297 3291 592 3351 Heraclio.
621 3291 736 3346 fuit
790 3290 950 3346 {llius
1004 3288 1320 3345 Iustiniani
1375 3286 1637 3353 Patricii,
1667 3303 1846 3359 quem
1876 3286 1950 3342 ob

2072 3291 2161 3353 τῆς
2219 3281 2498 3359 βασιλείας
2550 3280 2901 3357 Ἡρακλείου,
2978 3284 3095 3343 υίὸς
3154 3286 3544 3343 Ἰουστινιανοῦ
3603 3287 3716 3345 Πα-

300 3381 586 3439 invidiam
619 3380 871 3436 Heraclii
904 3378 1063 3435 filius
1102 3377 1338 3445 occidit,
1371 3377 1687 3449 ipsumque
1718 3376 1956 3433 Germa-

299 3487 445 3527 num
477 3471 817 3527 eunuchum
866 3469 999 3526 ﬂeri
1047 3468 1294 3533 curavit,
1328 3484 1396 3525 ac
1427 3468 1646 3540 Magne
1678 3466 1957 3523 Ecclesia;

298 3562 457 3618 clero
488 3560 771 3633 prmfecit.
811 3559 918 3614 Ille
962 3575 1096 3614 vero
1151 3559 1412 3630 primum
1445 3557 1686 3628 quidem
1720 3573 1781 3611 se
1813 3555 1957 3612 divi-

300 3665 514 3707 narum
546 3650 987 3720 Scripturarum
1027 3646 1398 3703 meditationi
1446 3644 1693 3711 addixit,
1726 3650 1786 3701 et
1813 3645 1957 3701 reli-

293 3740 473 3812 giosae
507 3736 946 3802 exercitationi,
1006 3752 1074 3791 ac
1129 3735 1361 3791 ceteris
1409 3733 1726 3790 virtutibus
1750 3734 1951 3807 acqui-

292 3825 499 3881 rendis
566 3840 696 3880 sese
757 3829 946 3879 totum
1003 3823 1316 3895 impendit.
1375 3825 1588 3879 Postea
1644 3824 1956 3896 episcOpus

296 3915 590 3986 Cyzicena:
620 3912 889 3969 ecclesia
919 3911 1227 3968 ordinatus
1259 3918 1365 3967 est.
1404 3910 1623 3967 Deinde
1654 3929 1725 3968 ex
1755 3913 1955 3984 Cyzico

296 4002 645 4065 translatus,
678 4002 753 4058 ad
785 4001 1127 4057 cathedram
1150 4000 1695 4073 ConstantinOpolis
1723 4007 1957 4057 evectus

293 4091 427 4157 fuit,
459 4091 795 4163 patriarcha
824 4090 1036 4146 factus.
1083 4089 1167 4146 lbi
1213 4105 1321 4146 sua
1369 4088 1643 4145 doctrina
1668 4090 1953 4161 populum

295 4180 676 4242 illuminavit.
709 4185 887 4252 atque
919 4178 1133 4235 altiora
1153 4177 1487 4235 divinarum
1518 4178 1954 4251 Scripturarum

291 4286 513 4327 arcana
542 4269 835 4343 exposuit,
896 4275 954 4325 et
1008 4285 1196 4342 usque
1254 4269 1328 4324 ad
1380 4268 1697 4341 imperium
1744 4269 1953 4325 Leonis

290 4360 537 4417 Isaurici
599 4359 940 4432 perstituit:
1004 4374 1184 4431 quem
1244 4374 1378 4415 cum
1434 4374 1631 4414 sacras
1662 4358 1951 4429 imagines

291 4455 664 4507 aversantem
721 4448 982 4511 vidisset.
1047 4464 1305 4520 eumque
1352 4463 1546 4520 neque
1599 4447 1950 4516 rationibus,

293 4556 488 4611 neque
515 4537 1035 4594 adhortationibus
1055 4536 1129 4592 ab
1152 4537 1367 4593 heresi
1387 4552 1635 4593 avocare
1662 4539 1953 4608 potuisset

2060 3371 2299 3450 τρικίου⁹
2359 3371 2419 3429 δν
2480 3370 2569 3429 διὰ
2622 3372 2819 3448 φθόνον
2878 3375 2908 3429 ὸ
2966 3380 3065 3431 τοῦ
3120 3373 3448 3450 Ἡρακλείου
3473 3377 3592 3439 υἱὸς
3622 3397 3723 3453 φο-

2062 3464 2271 3529 νεύσας,
2300 3466 2492 3519 τοῦτον
2544 3461 2854 3539 εὖνοῦχισε,
2907 3464 2996 3519 καὶ
3046 3469 3129 3538 τῷ
3175 3463 3371 3539 κλήρῳ
3412 3472 3511 3535 τῆς
3538 3464 3718 3540 Μεγά-

2064 3552 2171 3626 λης
2229 3552 2558 3625 ἐκκλησίας
2616 3555 2883 3629 άνὲταξεν.
2942 3556 3005 3615 Ὁ
3064 3554 3121 3612 δὲ
3174 3562 3392 3631 πρῶτον
3453 3557 3548 3631 μὶν
3596 3556 3716 3613 ἰπι-

2064 3640 2192 3706 δοὺς
2238 3643 2423 3699 δαυτὸν
2481 3647 2551 3718 τῇ
2614 3643 2813 3719 μελέτῃ
2862 3650 2971 3701 τῶν
3031 3646 3189 3700 θείων
3238 3651 3487 3721 Γραφῶν,
3528 3647 3618 3702 καὶ
3647 3650 3718 3721 τῇ

2065 3734 2287 3804 ἀσκήσει
2362 3734 2452 3789 καὶ
2528 3731 2702 3808 λοιπῇ
2779 3733 2969 3809 ἀρετῇ.
3028 3734 3247 3809 ὕστερον
3316 3736 3715 3812 ἐχειροτονήθη

2063 3822 2358 3885 ἒπίσκοπος
2418 3829 2518 3893 τῆς
2576 3822 2626 3879 ιν
2686 3824 2897 3898 Κυζίκῳ
2957 3824 3272 3894 ὶκκλησίας.
3331 3826 3467 3884 Ἀπὸ
3521 3824 3580 3882 δὶ
3618 3833 3720 3896 τῆς

2064 3915 2299 3986 Κυζίκου
2339 3916 2641 3989 μετατιθεὶς
2699 3916 2787 3973 ἐπὶ
2836 3919 2936 3987 τήν
2990 3917 3251 3994 καθέδραν
3293 3926 3394 3989 τῆς
3428 3925 3719 3976 Κωνσταν-

2059 4001 2432 4067 τινουπόλεως
2505 4006 2748 4083 ἀνήχθη,
2824 4010 3171 4085 πατριάρχης
3235 4008 3549 4083 γενόμενος.
3610 4008 3715 4067 Καὶ

2058 4098 2128 4168 τῇ
2158 4091 2478 4167 διδασκαλίᾳ
2507 4097 2671 4151 αὐτοῦ
2726 4096 2818 4152 τὸν
2869 4095 3003 4152 λαὸν
3059 4097 3321 4174 φωτίσας,
3373 4098 3464 4153 καὶ
3515 4098 3584 4154 τὰ
3615 4099 3717 4175 βα-

2063 4183 2261 4260 θύτερα
2312 4189 2419 4239 τῶν
2491 4184 2647 4241 θείων
2734 4191 2958 4265 Γραφῶν
3040 4186 3377 4261 ἑρμηνεύων,
3462 4185 3718 4263 διήρκεσε

2063 4276 2229 4353 μέχρι
2272 4281 2374 4343 τῆς
2408 4277 2687 4353 βασιλείας
2743 4277 2974 4341 Λέοντος
3036 4283 3132 4334 τοῦ
3193 4279 3458 4353 Ἰσαῦρου,
3492 4280 3549 4336 ὅν
3585 4277 3715 4336 ἷδὼν

2056 4366 2153 4430 τὰς
2206 4365 2349 4428 θείας
2410 4361 2621 4431 εἰκόνας
2676 4367 3176 4445 ἀποστρεφόμενον,
3225 4369 3315 4424 καὶ
3350 4372 3493 4441 μήτε
3523 4368 3720 4445 λόγοις

2062 4457 2202 4529 μήτε
2257 4454 2602 4530 παραινέσεσι
2663 4455 2908 4527 δυνηθεὶς
2969 4463 3149 4513 πεῖσαι
3206 4458 3365 4514 αὐτὸν
3412 4460 3714 4527 ἀποστῆναι

2055 4551 2158 4614 τῆς
2189 4544 2474 4619 αἱρὲσεως,
2506 4545 2618 4612 θεὶς
2643 4548 2706 4603 τὸ
2760 4545 3082 4623 ὠμοφόριον
3117 4546 3281 4603 αὐτοῦ
3311 4546 3398 4603 ἰπὶ
3426 4555 3527 4618 τῆς
3560 4548 3715 4625 άγίας

290 4629 704 4701 homophorio,
739 4630 852 4684 hoc
896 4633 1007 4690 est,
1068 4626 1272 4699 pallio.
1328 4643 1513 4699 super
1541 4643 1710 4683 sacra
1740 4643 1946 4683 mensa

2072 4641 2357 4713 τραπέζης,
2412 4643 2660 4699 ἀπελθὼν
2715 4643 2766 4698 ἑν
2825 4648 2905 4717 τῷ
2982 4644 3117 4719 οἷ’κῳ
3172 4644 3356 4713 αὐτοῦ,
3416 4648 3710 4722 ἡσύχαζεν·

290 4717 582 4788 deposito.
614 4717 689 4773 ad
747 4716 1050 4789 prapriam
1109 4716 1353 4772 domum
1395 4715 1562 4779 abiit,
1597 4722 1656 4773 et
1684 4717 1945 4789 quietam

292 4806 470 4861 vitam
497 4807 652 4880 egit:
684 4805 783 4861 ubi
813 4820 1019 4877 preces
1050 4805 1167 4861 Deo
1198 4804 1436 4862 assidue
1460 4806 1736 4876 offerens,
1760 4822 1945 4863 nona-

296 4898 576 4972 genarius
604 4897 681 4955 ad
710 4899 896 4954 Deum
926 4896 1217 4971 migravit.

856 5014 1097 5072 EODEM
1137 5013 1387 5071 MENSE.

819 5105 924 5161 Die
954 5103 1188 5160 decima
1226 5103 1420 5159 tertia.

547 5197 840 5253 Certamen
868 5200 1071 5252 sancta:
1110 5193 1384 5265 Glyceriz
1411 5196 1693 5268 martyris.

367 5310 635 5386 Glyceria
662 5309 881 5366 Christi
915 5313 1141 5382 martyr
1188 5307 1320 5371 fuit.
1354 5308 1720 5381 temporibus
1750 5314 1946 5366 Anto-

292 5401 421 5459 nini
452 5399 827 5473 imperatoris
850 5404 909 5455 et
933 5397 1130 5455 Sabini
1157 5397 1446 5471 prasidis.
1482 5397 1545 5456 in
1571 5399 1946 5473 TrajanOpoli

290 5492 551 5549 Thracia:
574 5490 738 5547 urbe.
754 5493 898 5546 Cum
920 5494 1119 5545 autem
1143 5488 1397 5560 quadam
1417 5487 1510 5544 die
1534 5506 1753 5562 praeses
1772 5489 1948 5546 idolis

290 5581 672 5649 sacriﬁcaret,
706 5580 835 5654 ipsa
865 5578 1201 5637 venerando
1231 5578 1424 5636 crucis
1467 5578 1633 5653 signo
1663 5579 1726 5637 in
1753 5579 1946 5638 fronte

289 5674 541 5743 munita,
573 5672 650 5729 ad
707 5688 845 5730 eum
904 5670 1178 5736 accessit,
1210 5668 1607 5729 Christianam
1634 5687 1764 5728 sese
1797 5687 1947 5741 esse,

296 5780 364 5822 ac
391 5763 677 5823 famulam
710 5761 923 5818 Christi
958 5760 1243 5833 professa.
1294 5762 1451 5816 Tunc
1486 5760 1762 5819 hortante
1792 5779 1941 5835 pras-

2058 4727 2112 4785 ὶν
2142 4731 2188 4803 ᾦ
2215 4735 2295 4803 τῷ
2347 4736 2467 4805 Θεῷ
2521 4734 2991 4810 προσευχόμενος,
3045 4735 3184 4811 πρὸς
3228 4736 3357 4791 Θεὸν
3388 4732 3715 4819 ἐξεδήμησε,

2058 4821 2271 4897 χρόνων
2306 4820 2488 4893 ἰννενή
2496 4843 2681 4879 κοντα.

2608 5030 2783 5086 ΜΗΝΙ
2822 5031 2908 5088 ΤΩ
2953 5032 3154 5092 ΑΥΤΩ.

2858 5120 2919 5175 η,

2235 5204 2504 5271 Ἀθλησις
2556 5214 2655 5278 τῆς
2694 5208 2850 5285 ἁγίας
2891 5210 3166 5288 μάρτυρος
3221 5210 3536 5290 Γλυκερίας.

2129 5315 2419 5393 Γλυκερία,
2495 5318 2531 5387 ἡ
2603 5320 2699 5373 τοῦ
2784 5319 3018 5392 Χριστοῦ
3077 5318 3308 5396 μάρτυς,
3359 5322 3427 5392 ἦν
3488 5322 3541 5378 ἂν
3596 5328 3715 5386 τοῖς

2060 5405 2288 5481 χρόνοις
2318 5405 2633 5462 ’Δντωνίνου
2686 5410 2781 5462 τοῦ
2843 5407 3111 5481 βασιλεως
3167 5410 3259 5465 καὶ
3320 5406 3557 5467 Σαϐίνου
3587 5415 3714 5488 ἠγε-

2059 5494 2246 5568 μόνος,
2283 5494 2337 5550 ἐν
2387 5495 2825 5571 Τραῖανουπόλει
2880 5499 2978 5567 τῆς
3035 5498 3270 5573 Θρᾴκης.
3328 5501 3564 5562 Θόοντος
3620 5501 3713 5558 οὖν

2053 5589 2152 5639 τοῦ
2184 5584 2456 5660 ἡγεμόνος
2508 5590 2627 5647 τοῖς
2685 5584 2959 5651 εἰδώλοις.
3020 5586 3156 5658 αὕτη
3203 5587 3290 5644 ἐπὶ
3322 5593 3420 5646 τοῦ
3453 5610 3715 5664 μετωπου

2056 5672 2225 5740 αὐτῆς
2284 5672 2631 5751 ὶπιγράψασα
2673 5675 2764 5733 τὸν
2838 5676 3022 5752 τίμιον
3084 5679 3337 5755 σταυρὸν,
3391 5678 3531 5751 ἦλθε
3582 5682 3718 5759 πρὸς

2054 5764 2144 5818 τὸν
2214 5762 2484 5839 ἡγεμόνα,
2544 5765 2869 5841 Χριπιανήν
2930 5766 3124 5837 ἑαυτὴν
3186 5768 3275 5823 καὶ
3352 5765 3556 5842 δοόλην
3615 5774 3711 5825 τοῦ
