4086 6204
282 411 408 477 453

1846 409 2104 473 MAIUS.

3584 425 3704 484 454

284 541 528 620 Χριστοῦ
558 539 731 613 ὄνομά
776 559 930 595 σασα.
991 538 1095 596 Καὶ
1145 542 1243 594 τοῦ
1295 537 1572 613 ἡγεμόνος
1616 542 1941 625 παραινοῦν-

2072 541 2207 609 side,
2230 546 2298 598 ut
2317 543 2445 615 ipsa
2466 544 2846 610 sacrificaret,
2870 544 3166 604 idolorum
3187 549 3391 607 fanum
3415 552 3708 625 ingressa,

282 654 382 696 τος
422 633 562 706 αὐτῇ
594 632 772 696 θῦσαι,
827 628 1146 684 εἰσελθοῦσα
1178 627 1228 681 ἐν
1259 632 1338 699 τῷ
1383 632 1496 700 ναῷ
1548 631 1655 682 τῶν
1704 624 1950 683 είδώῖων

299 725 393 779 καὶ
429 721 691 795 εὐξαμὲνῃ
720 724 799 792 τῷ
833 723 1080 795 Χριστῷ,
1129 712 1396 773 κατὲῦαλε
1442 718 1505 772 τὸ
1558 721 1655 771 τοῦ
1702 717 1825 780 Διὸς
1877 716 1957 773 εἷ’-

296 811 482 869 δωλον
536 810 627 865 καὶ
686 812 988 882 συνέτριψε.
1048 808 1147 863 Διᾶ
1217 812 1380 863 τοῦτο
1453 810 1815 880 κρεμασθεῖσα
1899 806 1958 864 ἐκ

288 905 532 975 τριχῶν,
591 898 774 972 ἰξὲσθη
836 894 1107 970 σιδηροις.
1188 899 1322 953 Εῐτα
1404 894 1825 951 ἁποκλεισθεῖσα
1881 893 1955 957 είς

300 990 582 1068 φυλακήν,
640 986 889 1062 ἐτρέφετο
949 986 1038 1039 ὑπ’
1096 982 1345 1059 ἀγγέλου.
1407 985 1541 1042 Εἶτα
1594 983 1655 1039 ἑκ
1709 983 1957 1061 φυλακῆς

294 1073 653 1146 ἕκὸληθεῖσα,
710 1071 980 1145 ἐνεϐλήθη
1042 1073 1118 1135 είς
1176 1073 1405 1147 κάμινον
1464 1072 1657 1148 πυρός’
1714 1072 1806 1127 καὶ
1860 1069 1957 1126 :06

297 1168 478 1241 πυρὸς
515 1165 796 1229 ὑπὸηθείας
856 1162 1053 1241 δρόσου
1105 1158 1443 1232 σϐεσθέντος,
1503 1162 1725 1233 ἰξῆλθεν
1781 1156 1955 1216 ἀϐλα-

292 1252 419 1327 ϐής.
457 1258 593 1313 Εἶτα
622 1253 844 1328 ἐξεδάρη
903 1255 1002 1325 τήν
1060 1252 1326 1332 κεφαλήν⁸
1386 1253 1475 1308 καὶ
1531 1249 1957 1315 ἁποκλεισθεῖσα

289 1347 370 1409 εἰς
426 1344 677 1422 φυλακὴν
735 1344 826 1399 καὶ
907 1341 1164 1420 ὑγιανασα
1253 1342 1357 1398 ὑπὸ
1437 1339 1704 1416 ἀγγέλου,
1791 1358 1960 1414 παρε-

294 1436 525 1492 σκεύασε
582 1436 673 1491 τὸν
734 1433 1125 1512 δεσμοφύλακα
1206 1438 1489 1489 πιστεῦσαι
1558 1438 1637 1505 τῷ
1716 1434 1955 1508 Χριστῷ·

292 1527 448 1590 ὅστις
487 1524 793 1600 παραυτίκα
849 1521 1283 1603 ἁπεκεφαλίσθη.
1342 1524 1406 1581 Ἠ
1468 1519 1527 1577 δὲ
1582 1520 1711 1597 ἁγία
1765 1522 1956 1595 θηριο-

299 1617 602 1691 μαχήσασα
632 1613 952 1683 ἐθελειώθη.
985 1614 1086 1671 Καὶ
1120 1611 1373 1682 κατετέθη
1407 1611 1471 1667 τὸ
1501 1608 1757 1685 λείψανον
1788 1608 1957 1678 αὐτῆς

288 1704 345 1761 ἂν
380 1703 682 1780 Ἡρακλείᾳ
709 1710 810 1773 τῆς
842 1709 1079 1778 Θρᾳκης.

430 1833 535 1889 Καὶ
572 1829 803 1901 ἄθλησις
828 1835 924 1886 τοῦ
954 1829 1108 1906 ἁγίου
1142 1832 1416 1905 μάρτυρος
1447 1824 1833 1904 Ἀλεξάνδρου.

374 1945 754 2022 Ἀλεξανδρος,
784 1948 812 2002 6
860 1951 957 2001 :06
1015 1950 1263 2021 Χριστοῦ
1312 1946 1541 2022 μάρτυς,
1590 1943 1658 2015 ἦν
1705 1944 1799 2017 μὶν
1859 1941 1947 1999 ἐπὶ
1982 1931 2027 1995 Β

291 2046 399 2108 τῆς
453 2037 735 2099 βασιλείας
793 2037 1135 2108 Μαξιμιανοῦ
1192 2034 1614 2107 στρατευόμενος
1663 2033 1765 2090 ὑπὸ
1813 2040 1953 2088 Νου-

296 2132 545 2203 μεριανῷ
575 2126 803 2198 κόμητι.
854 2126 1083 2187 Θῦοντος
1133 2123 1192 2181 δὶ
1240 2129 1356 2188 τοῖς
1405 2122 1664 2185 εἰδώλοις
1719 2126 1816 2177 τοῦ
1867 2121 1957 2176 κό-

298 2239 480 2290 μητος
517 2217 652 2291 μετὰ
679 2220 776 2271 :06
809 2215 899 2270 ὑπ’
942 2214 1104 2270 αὐτὸν
1148 2222 1450 2291 τάγματος,
1505 2212 1670 2287 μόνος
1705 2210 1734 2266 ό
1770 2210 1957 2285 Ἀλέξ-

298 2306 500 2382 ανδρος
534 2307 597 2361 06
648 2305 816 2379 μόνον
868 2304 970 2360 οὐκ
1022 2302 1242 2374 ἰπείσθη
1299 2308 1475 2371 θῦσαι,
1525 2301 1672 2357 ἁλλὰ
1718 2301 1806 2355 καὶ
1863 2302 1954 2356 τὸν

292 2395 540 2467 κόμητα,
570 2394 660 2449 καὶ
707 2394 835 2455 τοὺς
882 2393 975 2448 σὺν
1027 2392 1176 2465 αὐτῷ
1225 2390 1684 2464 πεπλανημένους
1733 2388 1960 2445 ἐκάλεσε

294 2486 393 2541 καὶ
428 2483 706 2557 δαιμόνων
739 2482 1057 2560 λατρευτὰς.
1101 2482 1401 2557 Κρατηθεὶς
1444 2481 1563 2551 οὖν,
1611 2477 1763 2557 ἤχθη
1821 2479 1956 2555 πρὸς

296 2573 670 2648 Μαειμιανὸν,
717 2574 807 2627 καὶ
866 2572 1185 2647 ἐρωτηθεὶς,
1242 2572 1333 2626 καὶ
1390 2571 1480 2625 τὸν
1531 2572 1760 2646 Χριστὸν
1818 2569 1957 2642 ὁμο-

301 2664 576 2740 λογήσας,
635 2661 835 2737 ἆτῦφθη
894 2658 1169 2738 σφοδρῶς.
1227 2659 1362 2717 Εἶτα
1439 2659 1802 2735 παρεπέμφθη
1860 2659 1957 2714 Τι-

302 2747 543 2828 Εεριανῷ
601 2751 852 2826 ἰπὰρχῳ,
908 2754 1268 2824 τιμωρεῖσθαι
1323 2748 1459 2803 κατὰ
1513 2750 1611 2817 τήν
1668 2744 1793 2801 ὁδὸν
1852 2745 1958 2800 ἀπὸ

301 2844 532 2916 Ῥώμης
606 2843 770 2917 μέχρι
858 2839 1177 2909 Βυζαντίου.
1266 2838 1362 2893 Καὶ
1439 2843 1654 2912 πρῶτον
1717 2836 1813 2910 μὶν
1866 2836 1958 2898 τὰς

300 2931 547 3004 πλευρὰς
630 2934 713 3002 τῷ
795 2929 928 3002 πυρὶ
1010 2926 1381 3006 κατεφλέχθηο
1470 2924 1654 2982 ἔπειτα
1737 2919 1959 3001 ῥάϐδοις

300 3020 615 3085 ἀκανθίνοις
647 3018 874 3093 ὶτῦφθη,
924 3025 1025 3087 τῆς
1082 3019 1291 3091 μητρὸς
1335 3016 1501 3071 αὐτοῦ
1550 3015 1959 3085 ἀκολουθούσης

293 3112 390 3167 καὶ
423 3108 948 3186 προθυμοποιοόσης
977 3106 1164 3165 αὐτόν.
1225 3104 1448 3182 ’Δχθεὶς
1502 3102 1560 3160 δί
1610 3103 1688 3169 εἴς
1738 3107 1961 3179 Βεροιαν

298 3199 553 3271 δέσμιος,
582 3198 674 3253 καὶ
735 3195 823 3253 διὸ
882 3202 1196 3273 προσευχῆς
1250 3192 1396 3270 ὕδωρ
1456 3193 1756 3270 ἇξαγαγὼν,
1813 3192 1964 3250 πολ-ν

302 3290 442 3353 λοῦς
495 3294 606 3345 τῶν
661 3286 1083 3364 εἶδωλοΛατρῶν
1133 3284 1311 3342 ἔπεισε
1361 3289 1641 3340 πιστεῦσαι
1688 3289 1767 3358 τῷ
1823 3292 1958 3362 Χρι-

300 3386 438 3455 στῷ’
469 3381 562 3435 καί
590 3379 883 3455 γενόμενος
910 3377 962 3433 ἐν
1004 3376 1323 3452 Δριζιπαρῳ
1366 3373 1527 3431 πόλει
1571 3379 1671 3442 τῆς
1724 3374 1960 3451 Θρᾴκης,

296 3474 401 3541 τὴν
434 3469 528 3527 διὰ
555 3471 740 3548 ξίφους
771 3467 987 3543 ἐδέξατο
1015 3470 1299 3539 τελευτήν.

412 3633 516 3692 Καὶ
547 3632 654 3706 μνη
665 3653 744 3705 μη
777 3634 872 3687 :06
902 3630 1058 3707 ἁγίου
1090 3628 1318 3706 Σεργίου
1348 3632 1446 3685 :06
1476 3626 1853 3704 δμολογητσῦ.

376 3743 633 3817 Σέργιος,
667 3741 697 3796 ὁ
725 3744 822 3796 τοῦ
866 3740 1104 3815 Χριστοῦ
1162 3735 1548 3813 ὁμολογητὴς,
1598 3738 1818 3813 ὑπῆρχε
1866 3738 1960 3811 μὶν

304 3831 543 3905 εὐγενῶν
603 3830 694 3885 καὶ
750 3827 1028 3885 πλουσίων
1105 3832 1308 3903 γονέων
1391 3828 1508 3889 υἱὸς
1566 3826 1620 3882 ἐν
1676 3833 1966 3884 Κωνσταν-

303 3920 632 3975 τινουπόλει
668 3918 967 3995 γεννηθείς·
1028 3921 1343 3990 προσκυνῶν
1406 3914 1464 3971 δὶ
1517 3916 1613 3978 τὰς
1671 3917 1815 3982 θείας
1874 3916 1964 3972 καὶ

301 4012 506 4072 σεπτὰς
557 4009 792 4079 εἰκόνας,
853 4008 1124 4079 ἐκρατήθη
1176 4007 1323 4082 παρὰ
1376 4012 1485 4062 τῶν
1545 4007 1963 4083 Εἷ’κονομὰχων,

306 4101 411 4157 Καὶ
443 4099 721 4174 παραστὰς
758 4103 840 4171 τῷ
896 4097 1199 4172 παρανόμῳ
1264 4095 1479 4173 βασιλεῖ
1534 4096 1747 4167 Λέοντι,
1805 4114 1968 4167 κατη-

306 4189 606 4265 ναγκὰζετο
664 4188 794 4243 ποτὶ
856 4188 952 4261 μὶν
1018 4184 1358 4255 κολακείαις,
1417 4184 1550 4241 ποτὶ
1599 4181 1658 4239 δὲ
1714 4186 1964 4250 ἀπειλαῖς

305 4281 569 4346 ἀθετῆσαι
599 4278 698 4347 τὴν
754 4275 1123 4353 προσκύνησιν
1174 4280 1282 4331 τῶν
1342 4274 1507 4352 ἁγίων
1566 4274 1809 4331 εἰκόνων.
1872 4276 1965 4345 Μὴ

308 4370 556 4432 πεισθεὶς
589 4364 669 4437 δὶ,
699 4365 845 4422 ἀλλὰ
884 4365 1244 4441 λογισάμενον
1276 4365 1366 4420 τὸν
1408 4365 1669 4440 τύραννον
1718 4364 1792 4427 ὡς
1843 4362 1969 4442 βδε-

311 4459 529 4532 λυγμα,
557 4458 648 4513 καὶ
680 4456 806 4520 τοὺς
835 4456 1036 4532 λόγους
1068 4455 1252 4526 αὐτοῦ,
1284 4454 1374 4509 καὶ
1403 4457 1498 4516 τὰς
1522 4453 1749 4517 ἀπειλὰς
1777 4455 1850 4517 ὡς
1872 4453 1971 4527 λῆ-

314 4570 411 4624 ρον
473 4549 845 4621 ἡγησάμενος,
902 4545 1184 4621 παρρησίᾳ
1239 4540 1412 4620 ἔλεγε,
1474 4541 1583 4598 δεῖν
1648 4550 1970 4619 προσκυνεῖν

310 4640 413 4702 τὰς
467 4638 657 4709 τιμίας
714 4636 950 4703 εἰκόνας,
1005 4635 1095 4689 καὶ
1151 4638 1317 4707 τιμᾷν
1376 4632 1541 4694 αὐτὰς
1600 4632 1773 4688 πάντα
1831 4637 1967 4708 Χρι-

313 4727 535 4784 στιανὸν
568 4731 861 4802 σχετικῶς,
892 4726 965 4787 ὡς
992 4731 1092 4793 τῆς
1122 4731 1290 4798 τιμῆς
1321 4717 1707 4793 διαϐαινοόσης
1736 4722 1824 4778 ἐπὶ
1870 4724 1961 4779 τὸν

306 4816 696 4893 πρωτότυπον.
757 4813 897 4873 Τότε
954 4809 1128 4877 δεθεὶς
1187 4812 1423 4887 σχοινίῳ
1476 4812 1568 4866 τὸν
1656 4810 1961 4888 τράχηλον,

303 4906 529 4979 ἰσύρετο
554 4904 636 4961 ἔπ’
665 4905 869 4979 ἀγορᾶς
900 4903 975 4964 ὡς
1004 4900 1335 4977 κακοῦργος.
1369 4904 1501 4959 Εἶτα
1553 4900 1773 4976 φυλακῇ
1824 4923 1964 4979 παρ-

305 4994 497 5066 εδόθη·
539 4995 624 5049 καὶ
677 4991 994 5065 δημευθεὶς,
1052 4992 1143 5046 καὶ
1200 4990 1507 5065 γυμνωθεὶς
1559 4994 1658 5046 τοῦ
1714 4991 1962 5048 πλούτου

304 5086 500 5154 αὐτοῦ,
537 5083 669 5157 μετὰ
696 5088 797 5152 τῆς
844 5080 1099 5157 γυναικὸς
1154 5080 1323 5136 αὐτοῦ
1391 5078 1657 5153 Εἰρήνης,
1715 5082 1806 5135 καὶ
1854 5086 1961 5136 τῶν

299 5175 532 5245 τέκνων,
585 5171 872 5247 ὶξωρίσθη.
924 5173 1090 5235 Ἔνθα
1143 5166 1358 5231 πολλὰς
1413 5168 1628 5242 θλίψεις
1685 5169 1777 5224 καὶ
1834 5191 1957 5226 ποι-

299 5265 495 5325 κίλους
550 5259 886 5335 πειρασμοὺς
939 5257 1264 5333 ὖπομείνας,
1316 5256 1455 5332 πρὸς
1527 5257 1725 5334 Κύριον
1784 5256 1962 5331 ἐξεόή-

310 5376 389 5427 μη
398 5373 488 5409 σεν
498 5395 513 5410 .

392 5468 495 5525 Καὶ
528 5470 723 5541 μνήμη
754 5471 852 5523 :06
883 5467 1039 5522 όσίου
1072 5464 1282 5541 ηατρὸς
1312 5465 1474 5537 ἡμῶν
1507 5465 1874 5521 Ιιαυσικᾶκου.

383 5585 723 5645 Βαυσίκακος
756 5584 783 5639 ὁ
816 5584 869 5640 ἰν
902 5584 1073 5659 ἁγίοις
1133 5581 1319 5656 Πατὴρ
1365 5580 1526 5653 ἡμῶν
1587 5577 1810 5657 ὖμῆρχε
1861 5583 1953 5656 μὶν

306 5674 367 5732 ἑκ
425 5681 525 5743 τῆς
584 5672 800 5735 πόλεως
857 5671 1175 5745 Ἀπαμείας,
1258 5669 1315 5725 ἐκ
1393 5664 1594 5746 γονέων
1678 5672 1957 5745 γεννηθείς

302 5759 581 5819 εὗλαὸὣν.
645 5763 848 5835 Ἰατρὸς
908 5757 963 5815 δὲ
1023 5757 1094 5813 ὢν
1152 5761 1251 5829 τὴν
1310 5760 1537 5834 τέχνην,
1618 5761 1953 5835 περιήρχετο

2061 638 2120 688 et
2148 633 2422 705 precibus
2462 634 2534 688 ad
2579 635 2877 690 Christum
2920 636 3087 705 fusis,
3136 638 3523 695 simulacrum
3552 642 3709 698 Jovis

2060 720 2295 792 deiecit.
2316 727 2374 777 et
2402 723 2693 777 contrivit.
2719 725 3115 788 Quamobrem
3138 728 3371 799 capillis
3395 747 3707 801 suspensa,

2058 809 2387 883 ferreisque
2421 813 2655 884 ungulis
2687 814 2991 882 dilaniata,
3022 816 3125 871 96
3152 817 3212 872 in
3244 835 3543 876 carcerem
3574 839 3714 879 con-

2052 901 2283 973 jicitur,
2338 902 2438 956 ubi
2496 903 2569 957 ab
2617 904 2825 977 angelo
2884 906 3163 976 pascitur.
3222 909 3364 963 Tum
3398 926 3429 964 e
3472 926 3708 966 carcere

2061 988 2293 1058 educta,
2327 990 2390 1045 in
2422 991 2731 1047 ardentem
2761 993 3063 1050 fornacem
3094 997 3437 1068 projicitur,
3473 999 3575 1053 sed
3608 1016 3711 1054 ex-

2062 1078 2277 1133 stincto
2332 1096 2438 1152 per
2494 1098 2689 1136 rorem
2742 1082 3005 1138 divinum
3052 1084 3209 1156 igne.
3270 1085 3457 1141 illaesa
3501 1089 3717 1144 evadit.

2063 1171 2268 1223 Postea
2298 1168 2563 1225 detracta
2613 1171 2825 1242 capitis
2874 1172 3049 1243 pelle,
3102 1173 3296 1229 denuo
3328 1176 3388 1229 in
3421 1192 3719 1233 carcerem

2063 1256 2438 1313 detruditur:
2469 1258 2568 1314 ubi
2599 1260 2672 1314 ab
2694 1260 2907 1332 angelo
2932 1267 3158 1326 sanata,
3182 1265 3488 1320 custodem
3523 1283 3723 1323 carce-

2062 1347 2144 1401 ris
2198 1346 2273 1402 ad
2330 1347 2545 1403 Christi
2607 1348 2786 1404 fidem
2847 1351 3156 1413 convertit,
3191 1353 3290 1423 qui
3339 1353 3500 1409 illico
3531 1358 3721 1427 capite

2063 1435 2471 1493 obtruncatur.
2505 1439 2575 1491 At
2606 1445 2811 1493 sancta
2839 1439 2980 1495 feris
3012 1439 3263 1511 objecta,
3298 1441 3473 1497 vitam
3510 1444 3717 1500 ﬁnivit:

2063 1531 2120 1582 et
2150 1526 2418 1597 reliquias
2454 1526 2584 1599 ejus
2632 1528 2692 1583 in
2743 1528 3028 1585 Heraclea
3066 1531 3326 1585 Thraciae
3360 1531 3507 1588 urbe
3540 1533 3723 1605 depo-

2064 1614 2190 1670 sitas
2223 1620 2384 1673 sunt.

2275 1813 2342 1866 Et
2370 1819 2647 1867 certamen
2676 1815 2853 1870 sancti
2880 1814 3196 1870 Alexandri
3226 1819 3508 1887 martyris.

2138 1920 2473 1976 Alexander
2489 1921 2702 1977 Christi
2724 1927 2947 1995 martyr
2962 1922 3075 1978 fuit
3095 1930 3359 1996 tempore
3385 1925 3720 1983 Maximiani

2064 2010 2463 2082 imperatoris,
2490 2011 2809 2066 militarem
2840 2019 3027 2068 artem
3056 2029 3336 2069 exercens
3358 2013 3467 2069 sub
3499 2016 3716 2069 Nume-

2064 2100 2232 2154 riano
2264 2100 2499 2155 comite.
2533 2098 2677 2155 Cum
2700 2107 2897 2157 autem
2924 2118 3122 2157 comes
3145 2119 3264 2158 una
3286 2119 3420 2158 cum
3452 2102 3721 2174 subjecta

2066 2188 2178 2244 sibi
2234 2188 2475 2245 cohorte
2541 2189 2922 2257 sacrificaret,
2982 2192 3146 2246 solus
3215 2191 3539 2248 Alexander
3596 2208 3717 2248 non

2066 2283 2297 2334 tantum
2326 2278 2502 2334 idolis
2559 2279 2894 2337 sacriﬁcare
2952 2282 3265 2345 recusavit,
3311 2297 3513 2337 verum
3541 2282 3719 2338 etiam

2066 2369 2345 2425 comitem
2405 2385 2541 2425 cum
2595 2370 2719 2425 suis
2785 2370 2962 2426 sociis
3016 2371 3325 2427 seductum
3379 2372 3719 2444 appellavit,

2068 2463 2128 2513 et
2178 2458 2519 2514 daemonum
2595 2459 2902 2514 cultorem.
2986 2461 3463 2531 Comprehensus
3520 2461 3721 2535 igitur,

2067 2546 2142 2602 ad
2197 2547 2625 2605 Maximianum
2704 2548 3063 2604 adducitur:
3144 2566 3212 2606 ac
3298 2550 3723 2623 interrogatus,

2068 2636 2490 2708 Christumque
2512 2636 2833 2709 professus.
2859 2638 3181 2694 crudeliter
3207 2639 3473 2694 cmditur.
3499 2639 3725 2696 Deinde

2069 2724 2380 2782 Tiberiano
2409 2726 2647 2797 praesidi
2681 2726 2952 2791 traditur,
2985 2734 3050 2783 ut
3082 2729 3398 2785 tormentis
3428 2730 3728 2785 cruciare-

2072 2818 2167 2870 tur
2195 2815 2257 2870 in
2286 2815 2503 2871 itinere
2532 2832 2603 2872 ex
2648 2816 2794 2872 urbe
2843 2818 3107 2873 Romana
3139 2819 3479 2889 Byzantium
3511 2835 3719 2891 usque.

2070 2907 2153 2960 Ac
2182 2904 2442 2976 primum
2473 2904 2713 2977 quidem
2763 2906 2898 2977 igne
2955 2906 3017 2961 in
3068 2906 3355 2962 lateribus
3389 2908 3721 2963 ustulatur:

2073 2993 2296 3065 spineis
2309 2993 2525 3049 deinde
2542 2994 2717 3067 virgis
2735 2994 3211 3060 cmdidur,matre
3228 2996 3420 3068 ipsum
3438 3002 3724 3069 sequente

2072 3097 2139 3137 ac
2187 3088 2457 3155 prompto
2505 3082 2801 3155 hilarique
2849 3084 3049 3140 animo
3101 3101 3237 3141 eum
3286 3101 3417 3141 esse
3446 3086 3722 3157 jubente.

2070 3171 2372 3228 Adductus
2428 3178 2627 3229 autem
2687 3173 2950 3229 Beroeam
3007 3174 3260 3239 vinctus,
3319 3190 3387 3230 ac
3445 3175 3724 3246 precibus

1992 3296 2035 3364 ϐ
2072 3278 2289 3334 aquam
2319 3262 2674 3334 producens,
2708 3262 2927 3318 multos
2959 3278 3029 3318 ex
3068 3262 3401 3318 idololatris
3432 3262 3729 3334 persuasit

2073 3351 2253 3408 ﬁdem
2301 3351 2517 3407 Christi
2563 3351 2863 3423 amplecti.
2915 3352 3164 3408 Demum
3193 3368 3329 3408 cum
3363 3352 3723 3424 Driziparam

2068 3441 2330 3498 Thracia
2360 3440 2569 3497 urbem
2620 3441 2899 3509 venisset,
2930 3440 3125 3514 gladio
3169 3458 3509 3513 percussus,
3543 3442 3722 3498 tinem

2072 3530 2321 3602 accepit.

2246 3626 2343 3683 οἵ
2382 3628 2449 3684 Et
2472 3628 2737 3684 memoria
2776 3630 2950 3684 sancti
2993 3628 3175 3700 Sergii
3202 3630 3541 3698 confessoris.

2141 3742 2397 3816 Sergius.
2431 3741 2645 3798 Christi
2669 3741 2994 3808 confessor,
3020 3743 3530 3817 Constantinopoli
3556 3742 3727 3799 nobi-

2070 3832 2227 3889 libus
2257 3850 2325 3889 ac
2356 3832 2635 3888 divitibus
2667 3832 3015 3905 parentibus
3049 3842 3223 3890 natus
3256 3835 3383 3891 fuit.
3418 3837 3562 3891 Cum
3591 3850 3729 3890 vero

2070 3922 2298 3979 divinas
2329 3939 2395 3978 ac
2424 3923 2788 3978 venerandae
2818 3923 3109 3996 imagines
3141 3923 3381 3992 coleret,
3415 3925 3486 3979 ab
3520 3926 3725 3981 lcono-

2072 4012 2884 4085 macbiscomprehensus,ad
2900 4013 3150 4084 impium
3165 4014 3581 4085 imperatorem
3598 4015 3735 4069 Leo-

2073 4117 2208 4157 nem
2235 4101 2569 4167 adducitur,
2592 4117 2627 4155 a
2650 4117 2765 4173 quo
2790 4102 2965 4157 modo
2988 4102 3316 4163 blanditiis,
3348 4102 3523 4157 modo
3546 4103 3727 4158 minis

2072 4206 2108 4245 a
2138 4206 2437 4246 sacrarum
2479 4190 2799 4261 imaginum
2827 4190 2989 4244 cultu
3030 4189 3306 4244 recedere
3339 4189 3739 4261 compelleba-

2073 4284 2186 4335 tur.
2225 4286 2288 4334 At
2310 4295 2444 4335 cum
2472 4294 2592 4335 non
2623 4278 3034 4335 assentiretur.
3057 4278 3160 4334 sed
3182 4280 3376 4351 potius
3408 4287 3725 4351 tyrannum

2073 4374 2357 4440 tanquam
2413 4385 2541 4423 rem
2589 4366 3052 4423 abominandam
3106 4374 3426 4439 reputaret,
3480 4371 3728 4442 ejusque

2074 4472 2382 4512 sermones
2413 4463 2473 4512 et
2503 4472 2697 4511 minas
2719 4472 2823 4527 pro
2852 4455 3039 4510 nihilo
3071 4454 3316 4521 ducens,
3341 4472 3574 4512 summa
3599 4459 3727 4514 ani-

2074 4544 2154 4600 mi
2191 4544 2409 4600 tlducia
2439 4544 2863 4617 pronuntiavit,
2895 4543 3261 4598 venerandas
3292 4544 3583 4617 imagines
3613 4546 3729 4602 coli

2078 4639 2371 4706 oportere,
2404 4640 2463 4689 et
2493 4633 2566 4689 ab
2600 4632 2878 4688 omnibus
2909 4632 3263 4688 Christianis
3294 4634 3505 4689 merito
3538 4637 3730 4691 bono-

2075 4724 2469 4796 rari,perinde
2492 4740 2561 4780 ac
2582 4725 2631 4780 si
2652 4725 2844 4779 honor
2864 4724 2967 4779 ille
2992 4730 3302 4796 prototypo
3325 4725 3727 4781 exhiberetur.

2074 4814 2218 4869 Tum
2247 4816 2385 4870 fune
2417 4815 2546 4886 ejus
2593 4813 2745 4869 collo
2795 4813 3056 4887 alligato,
3105 4820 3388 4885 tanquam
3418 4814 3727 4870 maleﬁcus

2072 4918 2141 4958 ac
2171 4903 2459 4959 scelestus
2490 4920 2595 4976 per
2615 4903 2842 4977 plateas
2872 4909 3205 4976 pertractus
3232 4902 3380 4959 fuit:
3414 4902 3630 4960 deinde
3663 4906 3726 4960 in

2072 5008 2371 5049 carcerem
2401 4992 2700 5055 detrusus,
2758 5009 2827 5049 ac
2882 4993 3117 5066 publice
3148 5009 3285 5048 reus
3314 4992 3719 5062 denuntiatus,

2073 5080 2409 5155 divitiisque
2439 5084 2562 5138 suis
2588 5081 2850 5150 orbatus,
2874 5099 2994 5138 una
3014 5099 3149 5139 cum
3180 5099 3363 5139 uxore
3394 5100 3499 5139 sua
3527 5085 3721 5152 lrene,

2071 5187 2140 5227 ac
2167 5170 2392 5235 liberis,
2420 5172 2482 5228 in
2514 5172 2788 5228 exsilium
2818 5172 3037 5228 missus
3066 5178 3193 5228 est:
3227 5171 3328 5229 ubi
3368 5188 3501 5229 cum
3530 5173 3718 5246 pluri-

2068 5277 2198 5320 mas
2231 5262 2645 5319 tribulationes
2674 5262 3053 5335 diversasque
3074 5278 3372 5320 mrumnas
3402 5263 3717 5320 sustinuis-

2070 5357 2179 5422 set,
2212 5352 2481 5425 migravit
2508 5352 2582 5409 ad
2614 5353 2953 5410 Dominum.

2209 5469 2279 5524 Et
2306 5470 2568 5524 memoria
2609 5471 2790 5524 sancti
2834 5470 3017 5525 Patris
3066 5471 3241 5525 nostri
3266 5468 3571 5527 Pausicact'.

2140 5585 2388 5642 Sanctus
2410 5587 2584 5644 Pater
2603 5591 2808 5642 noster
2827 5586 3184 5643 Pausicacus
3207 5602 3276 5642 ex
3298 5587 3444 5642 urbe
3465 5590 3720 5661 Apamea

2067 5674 2379 5739 oriundus,
2411 5675 2526 5748 piis
2558 5675 2903 5748 parentibus
2934 5662 3132 5742 natus,
3164 5692 3301 5732 cum
3350 5676 3718 5747 professione

2068 5764 2333 5821 medicus
2368 5771 2543 5831 esset,
2578 5765 2753 5821 urbes
2784 5781 2849 5821 ac
2884 5765 3156 5837 regiones
3182 5764 3720 5837 peragravit,mgro-
