4086 6204
368 371 483 432 455

1650 357 1815 420 ΜΕΝ
1823 355 2087 418 OLOGll
2123 354 2335 417 PARS
2382 354 2484 417 ΙΙΙ.

3650 355 3767 449 iss

359 511 451 562 tos
481 519 690 561 omnes
721 502 944 573 absque
993 496 1117 553 ulla
1172 494 1446 551 mercede
1472 491 1756 550 curando.
1790 488 1998 549 Deinde

2124 486 2219 549 τὰς
2247 486 2437 551 πόλεις
2479 487 2569 544 καὶ
2617 490 2711 551 τὰς
2771 487 2980 564 χώρας,
3041 487 3349 558 θεραπεύων
3399 488 3600 552 πάντας
3647 488 3774 553 τοὺς

364 594 656 650 mundum
688 589 824 646 odio
852 587 1099 643 habens.
1140 576 1475 655 Christique
1507 599 1707 638 amore
1738 579 2018 654 ﬂagrans,

361 687 428 742 In
460 683 762 757 quoddam
787 677 1213 735 monasterium
1247 692 1309 731 se
1341 674 1586 747 recepit,
1611 680 1670 728 et
1689 670 2020 728 monachus

361 774 552 829 factus
584 776 712 835 est;
745 774 922 839 atque
952 765 1099 822 adeo
1121 766 1182 821 in
1214 765 1425 819 virtute
1456 759 2017 835 profecit,jejuniis,

358 861 595 934 vigiliis,
628 865 688 915 et
737 856 995 914 assiduis
1048 855 1325 928 precibus
1371 869 1608 918 vacans,
1641 857 1706 908 ut
1742 847 2017 906 maximis

356 949 561 1024 gratiis
591 948 804 1021 dignus
827 946 1021 1002 fuerit.
1047 945 1224 1000 Cibus
1245 945 1335 999 illi
1356 944 1469 999 fuit
1499 943 1659 998 solus
1696 942 1867 1012 isque
1892 954 2017 996 mo-

358 1039 525 1095 dicus
556 1037 746 1110 panis,
780 1041 839 1091 et
869 1050 1025 1107 aqua
1074 1033 1370 1089 similiter.
1430 1031 1513 1089 Ob
1573 1030 1761 1103 ipsius
1811 1033 2011 1085 autem

362 1127 641 1183 virtutem
660 1143 694 1182 a
711 1125 952 1199 Cyriaco
975 1124 1313 1197 patriarcha
1330 1119 2016 1193 Constantinopolitano,

359 1217 627 1289 quamvis
680 1216 919 1280 invitus,
965 1213 1336 1285 Synadorum
1387 1211 1701 1283 episcOpus
1746 1207 2015 1263 initiatus

358 1312 467 1372 est,
500 1305 834 1377 imperante
855 1304 1157 1363 Mauricio.
1178 1318 1357 1374 quem
1379 1306 1438 1355 et
1464 1299 1592 1371 ipse
1613 1314 1648 1353 a
1671 1296 2014 1369 gravissimo

356 1395 562 1451 morbo
608 1398 932 1450 curaverat.
993 1394 1206 1449 Postea
1261 1389 1554 1446 creditum
1612 1387 1725 1443 sibi
1777 1400 2013 1461 gregem

354 1490 516 1541 recte
542 1485 903 1558 gubernans,
952 1482 1092 1538 vixit
1139 1495 1328 1553 usque
1376 1478 1452 1535 ad
1498 1477 1812 1551 imperium
1842 1466 2010 1547 impii

358 1574 567 1631 Leonis
600 1572 1015 1629 lconomachi:
1070 1577 1247 1643 atque
1299 1560 1361 1625 in
1409 1574 1676 1626 extrema
1706 1569 2010 1623 senectute

353 1663 625 1737 migravit
653 1662 726 1719 ad
764 1661 1104 1719 Dominum.
1770 1680 1774 1684 η

911 1865 1155 1923 EODEM
1194 1862 1452 1921 MENSE.

847 1956 951 2013 Die
999 1954 1231 2011 decima
1272 1958 1503 2026 quarta.

583 2047 685 2104 98
720 2045 1005 2126 Certamen
1031 2046 1210 2101 sancti
1247 2044 1451 2100 Isidori
1472 2043 1756 2115 martyris.

410 2190 673 2250 Isidorus
702 2189 919 2248 Christi
949 2194 1194 2260 martyr.
1219 2187 1393 2245 Decio
1424 2182 1897 2259 imperante,fuit
1928 2200 2001 2242 ex

341 2284 488 2340 urbe
512 2280 1056 2339 AlexandriaeCum
1080 2295 1215 2335 vero
1237 2277 1497 2351 optionis
1530 2291 1772 2332 munere
1803 2276 1866 2330 in
1891 2275 2001 2331 mi-

341 2374 473 2433 litia
496 2372 865 2444 fungeretur,
900 2370 963 2426 in
1005 2369 1265 2425 insulam
1294 2367 1505 2425 Chium
1536 2365 1836 2439 profectus
1865 2380 2001 2423 cum

346 2464 538 2521 classe
584 2462 844 2528 navium,
892 2460 1111 2533 quibus
1160 2457 1470 2514 Numerius
1518 2461 1791 2528 prmerat,
1842 2453 2000 2527 apud

348 2553 509 2609 hunc
532 2568 567 2609 a
590 2552 744 2608 Julio
770 2550 1117 2607 centurione
1144 2547 1373 2604 delatus
1400 2550 1509 2609 est,
1534 2544 1689 2616 quod
1714 2543 1997 2600 Christia-

346 2658 460 2700 nus
492 2646 669 2698 esset.
702 2640 1177 2712 Comprehensus
1198 2637 1394 2711 igitur,
1423 2640 1483 2692 et
1511 2650 1712 2691 coram
1743 2633 1870 2706 ipso
1888 2634 1999 2690 ad-

344 2732 577 2794 ductus.
612 2736 790 2803 atque
822 2730 1235 2801 interrogatus.
1260 2741 1336 2782 an
1360 2714 1661 2781 Christum
1687 2723 1997 2796 proﬁtere-

343 2828 475 2878 tur:
511 2821 823 2886 Proﬂteor,
854 2818 1072 2891 inquit,
1120 2815 1419 2871 Christum
1454 2829 1583 2869 esse
1614 2813 1767 2880 cmli,
1800 2818 1993 2881 terra,

344 2911 644 2981 marisque
676 2909 979 2968 factorem.
1006 2912 1064 2961 et
1092 2904 1268 2961 credo
1298 2904 1362 2959 in
1394 2903 1591 2976 ipsum
1623 2908 1904 2974 tanquam
1935 2901 1997 2957 in

342 3016 547 3056 verum
577 3000 758 3055 Deum
781 3014 848 3054 ac
872 2997 971 3054 Dei
998 2995 1235 3061 Filium,
1253 3010 1360 3067 pro
1382 2992 1692 3049 hominum
1715 2990 1906 3047 salute
1927 3006 1999 3047 ex

343 3096 551 3147 sancta
582 3088 816 3161 Virgine
851 3085 1032 3142 Maria
1060 3090 1288 3147 natum,
1320 3082 1746 3153 hominemque
1775 3080 1997 3137 factum

345 3179 573 3238 semine
629 3185 691 3234 et
747 3177 876 3233 sine
950 3174 1347 3246 corruptione.
1427 3171 1651 3237 Quibus
1707 3169 1997 3226 doctrinis

345 3226 571 3238 νην---
632 3226 691 3234 --
748 3226 873 3233 --Ἦ
955 3226 1321 3246 --η-Γηη
1436 3226 1471 3237 _
1558 3226 1561 3227 ν
1638 3226 1641 3227 ν

341 3286 409 3327 ac
438 3267 817 3325 sermonibus
848 3265 1019 3321 illum
1059 3261 1558 3336 obstupefaciens.
1591 3259 1844 3316 diversis
1874 3259 1997 3331 pri-
2039 3226 2081 3295 (ἶ

336 3374 504 3415 mum
534 3357 848 3413 tormentis
867 3355 1238 3411 excruciatus
1269 3352 1399 3408 fuit.
1432 3351 1578 3408 Cum
1608 3365 1746 3405 vero
1780 3350 2000 3406 immu-

336 3448 581 3504 tabilem
599 3447 866 3504 animum
888 3462 1027 3519 erga
1046 3445 1343 3500 Christum
1362 3445 1678 3517 gereret,et
1707 3439 2001 3512 supplicia

335 3554 621 3611 generose
652 3535 961 3608 perferret,
980 3534 1175 3607 capite
1197 3533 1440 3591 demum
1467 3530 1697 3604 plexus,
1723 3528 2009 3602 martyrii

336 3641 620 3685 coronam
653 3623 906 3696 accepit.
1752 3640 1758 3644 ε
1794 3640 1797 3643 -

580 3960 657 4029 Et
683 3962 961 4041 certamen,
983 3953 1423 4037 sancti‘Maximi
1459 3954 1742 4035 martyris.

408 4075 695 4133 Maximus
725 4071 943 4129 Christi
974 4075 1219 4143 martyr,
1252 4069 1450 4126 divino
1495 4070 1617 4128 zelo
1646 4068 1990 4135 inﬂamma-

335 4172 454 4236 tus,
484 4182 620 4224 cum
650 4163 873 4221 videret
915 4160 1260 4218 idololatras
1308 4176 1428 4217 non
1459 4160 1636 4217 modo
1666 4159 1842 4216 idolis
1872 4162 1997 4218 sei-

336 4272 476 4331 psos
506 4255 871 4320 addicentes,
905 4250 1008 4310 sed
1035 4250 1215 4307 etiam
1245 4248 1394 4306 alios
1429 4249 1491 4306 in
1523 4265 1785 4306 errorem
1816 4249 1995 4307 indu-

336 4353 560 4412 centes,
592 4343 1142 4417 compellentesque
1192 4339 1299 4396 illa
1339 4340 1610 4407 adorare,
1642 4356 1711 4396 ac
1742 4357 1848 4413 pro
1879 4340 1994 4397 diis

332 4437 553 4495 habere
577 4454 591 4504 ;
626 4436 1023 4508 ingemiscens
1045 4437 1104 4489 et
1126 4430 1532 4497 contristatus,
1560 4431 1744 4487 Deum
1765 4430 1991 4499 orabat,

330 4533 397 4582 ut
417 4524 893 4598 persecutionem
917 4524 1351 4594 compesceret:
1368 4519 1667 4591 simulque
1690 4519 1989 4577 Christum

2038 1851 2088 1919 B

2121 582 2412 640 νοσοῦντας
2490 576 2829 653 ἀναργόρως.
2910 577 3043 635 Εἶτα
3104 579 3338 650 μισήσας
3395 579 3487 633 τὸν
3543 577 3776 653 κόσμον,

2120 668 2209 722 καὶ
2254 667 2346 722 τὸν
2406 668 2631 742 Χριστὸν
2689 667 2994 743 ἀγαπήσας,
3050 665 3299 723 ἀπελθὼν
3334 667 3385 735 ἐν
3422 669 3776 743 μοναστηρίῳ

2118 778 2245 823 τινι,
2278 757 2485 833 ἐγένετο
2541 758 2806 835 μοναχός’
2868 758 2959 813 καὶ
3014 762 3273 813 τοσοῦτον
3329 759 3637 835 ἠγωνισατο
3697 758 3778 825 είς

2120 846 2341 920 ἀρετὴν,
2398 846 2696 920 νηστεύων,
2757 847 3069 924 ἀγρυπνῶν,
3127 847 3219 902 καὶ
3303 848 3772 925 προσευχόμενος,

2120 936 2194 999 ὼς
2224 938 2311 992 καὶ
2358 936 2717 1013 χαρισμάτων
2780 935 3031 1013 μεγάλων
3094 938 3416 1011 ἀξιωθῆναι.
3475 940 3660 1016 Τροφῆ
3712 936 3773 994 δὶ

2117 1027 2182 1095 ἦν
2217 1026 2368 1099 αὖτῷ
2398 1022 2558 1100 ἄρτος
2590 1025 2760 1099 μόνος
2806 1025 3023 1107 ὀλίγος,
3062 1026 3153 1081 καὶ
3204 1024 3350 1099 ὕδωρ
3395 1026 3627 1100 ὁμοίως·
3680 1025 3776 1084 διὰ

2119 1110 2175 1169 δὶ
2225 1114 2326 1183 τὴν
2382 1114 2580 1189 ἀρετὴν
2646 1116 2814 1171 αὐτοῦ
2874 1114 2975 1172 ὑπὸ
3060 1120 3337 1187 Κυριακοῦ
3423 1117 3768 1193 πατριάρχου

2118 1204 2767 1275 Κωνσταντινουπόλεως,
2821 1205 2908 1260 καὶ
2975 1205 3052 1278 μή
3115 1203 3474 1281 βουλόμενος,
3552 1205 3770 1281 ἐγειρο-

2114 1294 2322 1364 τονήθη
2413 1292 2668 1350 Συνάδων
2749 1294 3047 1356 ἐπίσκοπος
3133 1294 3219 1350 ἐπὶ
3304 1302 3406 1364 τῆς
3490 1295 3770 1371 βασιλείας

2116 1382 2441 1454 Μαυρικίου,
2499 1382 2559 1440 ὅν
2626 1383 2718 1439 καὶ
2785 1382 3129 1459 ἐθεράπευσεν
3206 1382 3312 1439 ἀπὸ
3392 1381 3773 1459 σφοδροτάτου

2116 1474 2448 1545 νοσήματος.
2482 1474 2614 1529 Εἶτα
2650 1472 2838 1536 καλῶς
2893 1475 2955 1530 τὸ
3015 1473 3269 1546 ποίμνιον
3330 1474 3496 1529 αὐτοῦ
3548 1472 3773 1545 ἰθύνων,

2114 1557 2273 1632 ἔζησε
2306 1562 2471 1639 μέχρι
2526 1570 2628 1633 τῆς
2683 1561 2964 1639 βασιλείας
3023 1566 3121 1619 τοῦ
3188 1557 3483 1627 δυσσεϐοῦς
3537 1565 3775 1627 Λέοντος

2111 1655 2209 1706 τοῦ
2241 1652 2645 1729 Εἱκονομάχου·
2677 1654 2768 1708 καὶ
2799 1652 2854 1709 ἂν
2888 1653 3043 1728 βαθεῖ
3065 1654 3210 1731 γήρᾳ
3252 1651 3572 1728 γενόμενος,
3626 1654 3773 1731 πρὸς

2116 1742 2311 1818 Κύριον
2342 1742 2493 1815 ἰεεδή
2504 1764 2695 1817 μησεν.

2660 1870 2841 1927 ΜΗΝΙ
2879 1874 2964 1925 ΤΩ
3004 1872 3202 1929 ΑΥΤΩ.

2694 1980 2723 1983 ,γ
2899 1961 2976 2018 1,.

2325 2058 2593 2129 Ἀθλησις
2616 2062 2712 2116 τοῦ
2743 2060 2898 2137 ἁγίου
2931 2059 3204 2139 μάρτυρος
3237 2057 3541 2139 Ἰσιδώρου.

2185 2184 2486 2261 Ἰσίδωρος,
2514 2188 2543 2244 ὁ
2571 2191 2671 2241 τοῦ
2698 2188 2934 2269 Χριστοῦ
2968 2188 3195 2263 μάρτυς,
3254 2187 3474 2263 ὑπῆρχε
3525 2190 3618 2261 μὶν
3671 2187 3767 2245 ἰπὶ

2112 2279 2211 2346 τῆς
2266 2274 2544 2352 βασιλείας
2603 2276 2816 2341 Δεκίου,
2875 2276 2982 2334 ἀπο
3039 2274 3452 2352 ’Δλεξανδρείας
3505 2284 3604 2347 τῆς
3660 2278 3774 2333 πό-

2116 2365 2278 2429 λεως·
2339 2366 2764 2442 στρατευόμενος
2820 2364 2901 2439 δὲ,
2956 2369 3055 2436 τήν
3111 2371 3207 2424 τοῦ
3264 2368 3535 2432 ὁπτίωνος
3613 2367 3769 2438 τάξιν

2116 2456 2379 2513 ἐπετέλει.
2432 2455 2717 2521 Ἀπελθὼν
2778 2455 2835 2513 δὲ
2890 2457 2967 2520 είς
3027 2458 3160 2517 Χῖον
3219 2458 3317 2527 τήν
3377 2464 3564 2526 νῆσον,
3627 2458 3773 2531 μετά

2114 2551 2223 2601 τῶν
2308 2551 2713 2621 στρατιωτικῶν
2796 2545 3033 2617 πλοίων,
3093 2544 3168 2603 ὥν
3226 2549 3372 2622 ἦρχε
3429 2546 3767 2622 Νουμέριος,

2116 2629 2385 2705 διεϐλήθη
2420 2635 2523 2691 ὑπὸ
2572 2633 2812 2692 Ἰουλίου
2864 2636 3254 2711 κεντουρίωνος
3310 2636 3386 2700 ὡς
3439 2636 3773 2709 Χριστιανὸς

2112 2728 2191 2796 τῷ
2249 2725 2563 2800 Νουμερίῳ,
2624 2725 2726 2783 Καὶ
2783 2727 3075 2799 κρατηθεὶς
3130 2725 3223 2781 καὶ
3281 2725 3554 2797 παραστὰς
3613 2727 3771 2797 αὐτῷ

2115 2814 2406 2886 ἠρωτήθη,
2454 2813 2501 2869 εί
2557 2814 2831 2890 ὁμολογεῖ
2884 2815 2975 2870 τὸν
3025 2816 3278 2890 Χριστόν.
3338 2816 3399 2888 Ὀ,
3454 2812 3511 2870 δὲ
3565 2814 3765 2883 εἰπὼν,

2114 2900 2197 2958 ὅτι
2229 2901 2325 2958 Καὶ
2361 2904 2595 2976 Χριστὸν
2627 2902 2914 2978 ὁμολογῶ,
2973 2905 3048 2967 ὡς
3089 2907 3399 2975 ποιήσαντα
3442 2904 3533 2960 τὸν
3588 2904 3764 2981 οὐρα-

2112 2996 2200 3051 νὸν
2231 2996 2321 3050 καὶ
2352 2996 2449 3063 τὴν
2481 3002 2583 3070 γῆν
2633 2995 2724 3051 καὶ
2766 2997 2866 3065 τὴν
2912 2996 3209 3067 θάλασσαν,
3256 2997 3348 3052 καὶ
3396 2995 3631 3053 πιστεόω
3679 2996 3766 3063 εἷς

2113 3084 2301 3153 αὐτὸν,
2331 3084 2405 3147 ὡς
2437 3083 2659 3155 ἀληθῶς
2690 3086 2819 3141 Θεὸν
2848 3082 2977 3141 ὄντα
3008 3085 3095 3141 καὶ
3147 3085 3269 3142 Υίὸν
3317 3088 3416 3141 τοῦ
3462 3090 3617 3156 Θεοῦ,
3664 3086 3761 3142 καὶ

2113 3169 2202 3228 διά
2224 3175 2325 3243 τὴν
2356 3173 2628 3250 σωτηρίαν
2675 3178 2782 3230 τῶν
2836 3175 3135 3249 ἀνθρώπων
3185 3177 3508 3250 γεννηθέντα
3550 3175 3611 3231 ix
3654 3182 3764 3244 τῆς

2112 3263 2267 3338 ἁγίας
2298 3260 2571 3333 Παρθένου
2617 3264 2870 3339 Μαριάμ,
2915 3264 3004 3318 καὶ
3055 3262 3533 3335 ἐνανθρωπήσαντα
3582 3265 3764 3321 ἀσπό-

2113 3377 2223 3433 ρως
2246 3354 2337 3411 καὶ
2387 3355 2665 3433 ἀφθόρως,
2719 3356 2810 3411 καὶ
2866 3361 2985 3417 τοῖς
3044 3357 3316 3419 τοιούτοις
3377 3353 3611 3431 δόγμασι
3667 3356 3765 3412 καὶ

2112 3446 2298 3523 λόγοις
2325 3444 2677 3519 καταπλήξας
2708 3443 2893 3512 αὐτὸν,
2925 3442 3211 3524 διαφόροις
3265 3446 3515 3522 βασάνοις
3558 3446 3769 3519 πρότε-

2106 3558 2200 3609 ρον
2230 3530 2673 3605 καθυποϐληθεὶς
2707 3535 3053 3610 ἐτιμωρεῖτο.
3087 3536 3277 3611 Ἒχων
3310 3532 3367 3591 δὶ
3397 3539 3456 3591 τὸ
3493 3535 3760 3609 ἀμετάθε-

2103 3646 2197 3681 τον
2228 3625 2365 3700 πρὸς
2398 3620 2651 3701 Χριστὸν,
2695 3624 2784 3679 καὶ
2836 3626 2933 3687 τὰς
2992 3624 3254 3701 βασάνους
3297 3623 3581 3698 ὐπομένων
3631 3645 3756 3699 γεν-

2102 3714 2290 3783 ναίως,
2329 3712 2555 3790 ὕστερον
2592 3714 2694 3783 τήν
2749 3712 2993 3792 κεφαλὴν
3052 3714 3189 3795 ξίφει
3245 3714 3608 3789 ἀποτμηθεὶς,
3658 3715 3756 3770 τὸν

2101 3807 2199 3861 τοῦ
2229 3803 2529 3881 μαρτυρίου
2559 3802 2816 3882 στέφανον
2847 3802 3092 3881 ε’ἰληφεν.

2278 3946 2385 4041 Καὶ
2415 3946 2646 4021 ἄθλησις
2672 3952 2769 4006 τοῦ
2800 3948 2954 4027 ἁγίου
2981 3950 3255 4024 μάρτυρος
3285 3947 3565 4023 Μαξίμου.

2171 4071 2446 4148 Μάξιμος,
2481 4076 2629 4131 ὁτοῦ
2688 4079 2921 4151 Χριστοῦ
2976 4075 3202 4150 μάρτυς,
3258 4074 3425 4145 ζῆλον
3469 4075 3645 4140 θεϊκὸν
3694 4073 3755 4132 ἰν

2103 4162 2278 4235 ἑαυτῷ
2305 4166 2638 4241 περιφέρων,
2681 4165 2770 4220 καὶ
2830 4163 2975 4239 ὀρῶν
3028 4163 3157 4227 τοὺς
3219 4161 3629 4239 εὶδωλολάτρας
3685 4165 3759 4222 οὗ

2106 4253 2272 4325 μόνον
2306 4250 2530 4314 ὶαυτοὺς
2588 4251 2932 4318 ἀνατιθέντας
2983 4258 3099 4316 τοῖς
3157 4251 3433 4324 εἰδώλοις,
3487 4251 3633 4308 ἀλλά
3662 4253 3763 4308 καὶ

2102 4342 2317 4415 ἑτερους
2349 4340 2776 4406 ἀποπλανῶντας
2823 4343 2913 4399 καὶ
2969 4345 3469 4419 καταναγκάζοντας
3517 4362 3759 4418 προσκυο

2102 4434 2209 4484 νεῖν
2240 4428 2446 4499 αὐτοῖς,
2478 4432 2569 4486 καὶ
2619 4430 2694 4493 ὡς
2744 4437 2884 4497 θεοῖς
2934 4431 3249 4508 προσέχειν,
3294 4429 3472 4489 ἔστενε
3517 4432 3612 4506 μὲν
3658 4432 3757 4487 καὶ

2103 4515 2357 4575 ἐλυπεῖτο
2388 4522 2507 4584 καθ’
2538 4520 2749 4587 ἑαυτὸν,
2783 4518 2990 4597 ηὔχετο
3045 4518 3101 4577 δὲ
3144 4520 3225 4594 τῷ
3273 4526 3389 4592 Θεῷ
3438 4527 3609 4590 σῆσας
3656 4521 3754 4577 τὸν

333 4615 509 4671 modo
541 4614 793 4676 occulte.
826 4612 1002 4669 modo
1052 4611 1249 4682 palam
1298 4625 1367 4667 ac
1416 4609 1600 4665 libere
1633 4609 1987 4681 praedicans,

2110 4605 2361 4684 διωγμόν.
2395 4610 2587 4683 Ὅμως
2619 4607 2677 4667 δὶ
2706 4611 2838 4667 ποτὶ
2872 4611 2969 4683 μὶν
3000 4612 3199 4689 κρύφα,
3231 4612 3365 4667 ποτὶ
3395 4608 3453 4666 δὶ
3474 4609 3757 4687 παρρησίᾳ

331 4702 554 4759 multos
585 4717 655 4757 ex
685 4701 759 4756 iis
794 4701 897 4773 qui
928 4699 1004 4756 ad
1043 4700 1239 4772 ipsum
1270 4697 1650 4765 accedebant,
1683 4697 1758 4754 ad
1790 4699 1985 4755 Domi-

334 4806 478 4846 num
511 4795 884 4850 convertens.
941 4787 1288 4861 baptizabat.
1348 4788 1617 4853 Quadam
1659 4794 1859 4845 autem
1890 4789 1985 4845 die

333 4895 469 4935 cum
525 4878 776 4933 victimas
833 4877 1307 4943 immolarentur,
1341 4878 1657 4950 cunctique
1689 4877 1872 4935 Grmci
1910 4879 1986 4936 ad

330 4966 736 5025 abominanda
791 4966 1084 5023 sacrificia
1138 4965 1403 5023 studiose
1440 4974 1839 5032 accurrerent.
1873 4985 1984 5027 nec

326 5055 614 5113 animalia
643 5059 894 5119 tantum,
928 5053 1031 5111 sed
1058 5054 1235 5111 etiam
1263 5054 1538 5112 homines
1567 5056 1979 5115 immolat-ent:

326 5162 457 5203 rem
476 5144 781 5219 indignam
805 5160 958 5218 aegre
978 5143 1175 5201 ferens
1202 5160 1270 5202 ac
1293 5144 1355 5201 in
1376 5144 1638 5202 medium
1662 5147 1981 5217 prosiliens

324 5241 527 5310 aperte
558 5234 694 5290 illos
724 5234 1070 5307 increpavit,
1093 5233 1252 5289 idola
1274 5233 1583 5305 appellans
1604 5234 1832 5304 lapides
1850 5237 1980 5291 ani-

324 5344 417 5386 ma
454 5331 725 5384 carentes
755 5331 814 5383 et
842 5324 1023 5397 ligna.
1058 5340 1309 5398 quisque
1339 5324 1453 5380 sibi
1483 5326 1593 5396 ipsi
1627 5340 1801 5397 opem
1825 5326 1980 5387 ferre

325 5417 427 5473 99
455 5415 792 5489 nequirent.
823 5418 969 5472 Tum
1013 5428 1147 5469 vero
1205 5413 1278 5471 ab
1327 5411 1675 5469 infidelibus
1704 5430 1978 5491 compre-

325 5508 570 5573 hensus,
597 5505 775 5562 variis
823 5504 1085 5579 primum
1142 5502 1455 5560 tormentis
1483 5504 1873 5571 excruciatur,
1911 5523 1980 5565 ac

323 5597 569 5655 demum
590 5594 891 5670 lapidibus
911 5592 1203 5652 obruitur.
1225 5597 1420 5668 Atque
1449 5592 1534 5650 ita
1559 5591 1635 5651 ad
1659 5594 1977 5656 Dominum

330 5685 717 5764 ωίεηνίιςίί-
794 5698 871 5709 λυ
1014 5704 1097 5710 τί
1476 5704 1477 5707 ~
1593 5688 1601 5707 λ

2096 4696 2357 4774 ἐκήρυττε
2386 4700 2478 4756 τὸν
2511 4701 2773 4769 Χριστόν·
2808 4700 2899 4756 καὶ
2930 4700 3177 4764 πολλοὺς
3206 4706 3317 4758 τῶν
3363 4702 3757 4776 προσερχομέ-

2091 4808 2198 4841 νων
2231 4787 2377 4859 αὐτῷ
2405 4788 2495 4845 ἰπὶ
2523 4791 2619 4846 τὸτ
2650 4790 2850 4866 Κύριον
2883 4789 3243 4870 ἐπιστρέφων,
3278 4786 3549 4860 ἑϐάπτιζε.
3607 4792 3755 4847 [lori

2094 4872 2153 4930 δὶ
2182 4876 2367 4940 θυσίας
2425 4876 2871 4953 ὶπιτελουμένης,
2902 4880 2993 4937 καὶ
3039 4880 3252 4937 πάντων
3297 4885 3405 4936 τῶν
3454 4879 3749 4950 Ἑλλήνων

2097 4965 2231 5039 μετά
2257 4965 2499 5037 σπουδῆς
2531 4968 2936 5044 συντρεχόντων
2969 4969 3054 5025 ἐπὶ
3114 4971 3212 5032 τὰς
3254 4969 3494 5044 μυσαρὰς
3541 4968 3749 5040 θυσίας,

2090 5054 2181 5111 καὶ
2213 5056 2449 5121 θυόντων
2482 5056 2545 5113 οὐ
2578 5056 2744 5129 μόνον
2774 5061 2973 5129 κτήνη,
3005 5056 3153 5115 ἀλλά
3181 5059 3272 5113 καὶ
3291 5059 3631 5131 ἀνθρώπους,
3664 5058 3746 5129 μὴ

2092 5143 2320 5222 ἐνεγκὼν
2348 5148 2449 5216 τὴν
2481 5147 2734 5216 ἀτοπίαν,
2774 5147 2851 5210 εἷς
2902 5147 3063 5222 μὲσον
3095 5148 3331 5215 σταθεὶς,
3384 5145 3607 5223 ἤλεγξεν
3641 5145 3746 5202 αὖ·

2088 5235 2215 5297 τοὺς
2244 5241 2506 5315 φανερῶς
2565 5236 2656 5292 καὶ
2710 5238 2779 5293 τά
2835 5235 3041 5295 εἴδωλα
3092 5239 3341 5314 ἀψύχους
3398 5236 3588 5301 λίθους
3647 5235 3744 5291 καὶ

2089 5325 2223 5396 ξύλα
2252 5328 2569 5395 ἀπεκάλεσε,
2601 5328 2689 5384 καὶ
2718 5326 2859 5401 μηδὶ
2888 5329 3075 5392 αὐτοῖς
3128 5330 3397 5405 βοηθῆσαι
3439 5326 3737 5399 δυνάμενα.

2088 5415 2224 5474 Τότε
2280 5416 2571 5492 κρατηθεὶς
2659 5418 2761 5474 ὑπὸ
2816 5423 2925 5476 τῶν
2983 5419 3246 5489 ἀπίστων,
3304 5421 3395 5477 καὶ
3454 5417 3737 5498 διαφόρως

2090 5504 2354 5581 πρότερον
2391 5507 2755 5583 βασανισθεὶς,
2787 5507 3006 5587 ὕστερον
3035 5505 3429 5582 ἂλιθοὸολήθψ
3460 5509 3549 5566 καὶ
3590 5506 3742 5566 οὕτω

2086 5594 2222 5671 πρὸς
2253 5594 2457 5672 Κύριον
2490 5594 2842 5673 ἰξεδήμησεν.
2910 5594 2917 5597 Α
