4086 6204
303 346 424 403 457

859 477 1037 533 MHNI
1079 478 1170 555 Ἰᾪ
1211 479 1408 555 ΑΥΤῼ.

1092 586 1173 640 lE'

1896 337 2177 401 MAIUS.

1992 472 2045 538 Α
2574 476 2674 531 99
2706 476 2947 532 EODEM
2988 476 3218 532 MENSE

3597 348 3717 405 458

2584 584 2685 639 Die
2718 584 2948 638 decima
2979 584 3191 654 quinta

299 675 503 747 Μνήμη
573 677 672 728 τοῦ
730 672 888 728 όσίου
968 673 1194 747 ΠατρὸςΔ
1248 675 1413 744 ἡμῶν
1498 668 1783 745 Θεοδώρου
1860 674 1936 726 τοὶ

2059 672 2330 727 Memoria
2390 675 2567 727 sancti
2617 675 2801 727 Patris
2858 676 3035 747 nostri
3105 672 3376 729 Theodori
3456 675 3715 746 Sanctiﬁ-

928 745 1324 820 Ἠγιασμένου.

369 858 658 936 Θεόδωρος
715 860 742 915 ὀ
788 859 839 914 ἐν
904 858 1079 934 ἁγίοις
1136 860 1323 931 Πατήρ
1383 861 1568 930 ἡμῶν,
1628 858 1656 911 ὁ
1716 856 1805 912 διὰ
1854 856 1953 925 τὴν

301 951 567 1026 ἁγιότητα
628 950 716 1005 καὶ
781 949 1127 1024 καθαρότητα
1184 948 1503 1017 ἐπικληθεὶς
1574 946 1953 1021 Ἡγιασμένος,

299 1038 357 1094 ἐκ
420 1038 654 1115 βρέφους
719 1039 808 1092 τὸν
868 1038 995 1093 Θεὸν
1053 1038 1362 1111 ἀγαπήσας,
1420 1037 1509 1090 καὶ
1584 1038 1654 1108 τῇ
1731 1036 1953 1104 ἀσκήσει

297 1127 609 1202 προελθὼν,
641 1127 731 1181 καὶ
771 1127 864 1181 τὸν
908 1131 1005 1180 τοῦ
1054 1130 1187 1180 Θεοῦ
1234 1124 1403 1197 νόμον
1455 1122 1733 1196 ἐπιμελῶς
1781 1121 1952 1195 μελε-

293 1219 487 1286 τήσας,
540 1214 672 1277 ὅλος
729 1214 966 1288 καθαρὸς
1026 1212 1261 1288 ἐγένετο,
1318 1215 1405 1268 καὶ
1470 1217 1657 1274 σκεῦος
1715 1211 1955 1287 ἐκλογῆς

292 1307 379 1360 καὶ
414 1302 726 1380 εὔχρηστον
770 1301 857 1358 διὰ
904 1305 1005 1373 τὴν
1064 1308 1170 1357 τῶν
1230 1301 1468 1357 ἐντολῶν
1525 1302 1802 1375 ἐργασίαν,
1860 1302 1950 1356 καὶ

293 1399 427 1449 Θεοῦ
484 1395 613 1455 ναὸς
668 1394 759 1447 καὶ
816 1394 1241 1465 κατοικητήριον
1302 1393 1480 1467 ἅγιον.
1542 1392 1647 1447 Καὶ
1705 1386 1945 1464 ὑπερϐὰς

289 1483 466 1537 πάντα
523 1484 590 1536 τὰ
647 1482 966 1556 ιραινόμενα,
1024 1480 1116 1534 καὶ
1176 1480 1345 1552 ὁρατὰ
1399 1479 1490 1534 καὶ
1571 1480 1801 1557 φθαρτά,
1859 1478 1947 1533 καὶ

288 1571 381 1625 τὸν
432 1574 560 1624 νοῦν
586 1569 884 1645 ἐπαιρήσας
931 1575 1048 1632 τοῖς
1102 1574 1344 1637 νοητοῖς,
1399 1569 1491 1624 καὶ
1549 1571 1800 1642 ἀοράτοις
1856 1571 1944 1623 καὶ

288 1660 610 1737 ἁφθάρτοις,
695 1661 1005 1733 ὁμόσκηνος
1090 1663 1169 1731 τῷ
1246 1660 1419 1735 Πατρὶ
1510 1659 1795 1733 ίΙαγωμίῳ
1851 1658 1947 1714 καὶ

290 1752 630 1823 ὁμότροπος,
678 1751 768 1804 καὶ
822 1755 940 1810 τοῖς
984 1749 1098 1802 κατ’
1146 1746 1349 1803 ἐκεῖνον
1402 1748 1580 1823 ἁγίοις
1625 1745 1943 1821 ἀνιδείχθη’

2825 744 2957 799 cati.

2064 884 2071 889 ‹
2140 851 2388 905 Sanctus
2418 853 2593 906 Pater
2622 856 2824 906 noster
2843 850 3203 917 Theodorus,
3227 858 3469 923 propter
3492 856 3714 909 sancti-

2063 944 2245 993 tatem
2267 956 2336 994 ac
2368 940 2685 1010 puritatem
2719 940 3077 995 Sanctificati
3110 958 3326 996 nomen
3349 942 3619 1014 adeptus,
3644 943 3716 999 ab

2063 1026 2315 1082 infantia
2345 1028 2529 1082 Deum
2564 1030 2779 1083 amavit
2807 1046 2819 1082 :
2856 1035 2914 1083 et
2941 1029 3279 1101 religiosam
3334 1032 3714 1086 exercitatio-

2059 1131 2199 1169 nem
2222 1118 2613 1187 prmveniens,
2649 1117 2837 1188 legem
2872 1118 2971 1171 Dei
3005 1118 3254 1173 sollicite
3298 1119 3716 1176 meditabatur.

2062 1205 2227 1259 Unde
2251 1211 2309 1260 et
2331 1211 2487 1261 totus
2509 1223 2697 1277 purus
2718 1206 2845 1273 fuit,
2883 1212 2940 1261 et
2968 1222 3066 1261 vas
3100 1207 3354 1262 electum
3376 1214 3552 1279 atque
3584 1211 3709 1263 uti-

2058 1294 2114 1348 le
2146 1300 2387 1365 propter
2416 1296 2829 1350 mandatorum
2863 1295 3316 1361 observantiam,
3347 1302 3405 1351 et
3435 1297 3535 1352 Dei
3567 1304 3715 1353 tem-

2058 1382 2223 1454 plum
2245 1390 2637 1456 sanctumque
2668 1384 3095 1440 habitaculum.
3122 1385 3345 1440 Cuncta
3367 1387 3545 1459 igitur
3576 1389 3707 1443 visi-

2058 1470 2202 1526 bilia
2229 1478 2286 1527 et
2315 1473 2749 1545 corruptibilia,
2782 1489 3032 1543 quasque
3061 1472 3169 1527 sub
3228 1474 3432 1529 oculos
3464 1476 3707 1544 cadunt,

2057 1577 2498 1634 supergressus,
2521 1569 2904 1633 mentemque
2926 1562 2999 1617 ad
3022 1562 3428 1635 intelligibilia
3448 1581 3579 1635 qum
3598 1583 3710 1622 nec

2055 1649 2239 1705 videri
2271 1667 2381 1706 nec
2412 1652 2711 1722 corrumpi
2742 1657 3013 1722 possunt,
3042 1651 3297 1717 elevans,
3350 1658 3554 1708 sancto
3600 1657 3709 1710 Pa-

2055 1739 2290 1794 chomio
2324 1740 2571 1812 ejusque
2603 1742 2822 1795 sanctis
2852 1740 3030 1794 sociis
3075 1740 3520 1797 contubernalis
3569 1743 3700 1811 fuit,

288 1839 411 1901 ὅθεν
469 1840 562 1893 καὶ
619 1845 718 1908 τῆς
781 1838 1044 1913 μεγίστης
1098 1836 1435 1913 ποσηγορίας
1510 1841 1607 1891 τοῦ
1663 1834 1936 1907 κληθῆναι

2055 1833 2113 1882 et
2141 1828 2407 1883 moribus
2439 1829 2655 1883 similis
2685 1829 2978 1899 apparuit.
3015 1828 3177 1883 Unde
3210 1835 3268 1884 et
3296 1847 3571 1903 magnam
3592 1833 3704 1887 He-

289 1928 654 2000 Ἡγιασμένος
685 1926 830 1998 ἄξιος
862 1928 1069 2005 φανεὶς,
1118 1924 1345 1981 πολλῶν
1395 1925 1685 1999 θαυμάτων
1734 1923 1940 1980 ἐπλού-

285 2035 450 2085 τησεν
483 2013 778 2089 ἐνέργειαν,
812 2016 916 2069 Καὶ
965 2012 1075 2068 ’διὰ
1127 2017 1289 2068 τοῦτο
1348 2013 1654 2084 θαυμαστὸς
1708 2013 1797 2066 καὶ
1847 2032 1941 2067 πε-

291 2099 559 2178 ριϐόητος
587 2108 706 2167 τοῖς
735 2108 863 2157 πᾶσι
895 2103 1208 2177 γενόμενος,
1231 2102 1321 2156 καὶ
1350 2098 1598 2165 πολλοὺς
1628 2100 1939 2179 ὠφελήσας,

289 2193 353 2247 οὑ
388 2194 553 2265 μόνον
598 2190 688 2247 διὰ
714 2196 811 2247 τοῦ
842 2193 1034 2268 λόγου,
1066 2190 1214 2247 ἀλλὰ
1243 2191 1333 2246 καὶ
1365 2195 1463 2246 τοῦ
1494 2191 1617 2267 βίου
1666 2191 1850 2261 αὐτοῦ,
1884 2190 1938 2246 ἐν

286 2282 583 2357 βαθυτάτῳ
612 2283 759 2358 γήρᾳ
786 2282 923 2356 πρὸς
960 2281 1089 2335 Θεὸν
1124 2277 1472 2354 ἐξεδήμησεν.
1830 2286 1833 2289 ’

290 2444 391 2498 Καὶ
456 2464 652 2518 μνημη
706 2447 803 2497 τοῦ
860 2439 1395 2569 ἁγίουιἊχιλλίου,
1471 2440 1770 2497 ἐπισκόπου
1828 2448 1939 2497 Λα-

1004 2534 1032 2569 ο
1064 2536 1219 2569 conc.

1004 2534 1219 2590 ρισσης.

360 2602 657 2678 ’Δχίλλιος
696 2604 724 2658 ὁ
766 2605 1208 2680 Θαυματουργὸς,
1269 2604 1488 2678 ὑπῆρχε
1546 2604 1640 2677 μὶν
1691 2603 1777 2659 ἐπὶ
1836 2610 1936 2673 τῆς

287 2691 575 2769 βασιλείας
636 2692 1047 2749 Κωνσταντίνου
1103 2697 1200 2747 τοῦ
1266 2690 1539 2767 Μεγάλου·
1598 2694 1934 2765 Χριστιανῶν

283 2778 347 2835 δὲ
376 2784 582 2853 γονέων
618 2780 879 2854 ὑπάρχων
938 2780 1074 2850 υίὸς,
1116 2779 1167 2853 ἐξ
1217 2778 1435 2835 ἐκείνων
1491 2777 1779 2850 ἐπαιδεύθη
1835 2781 1934 2849 τὴν

282 2865 588 2938 εὐσέϐειαν,
624 2870 809 2941 μαθὼν
839 2868 929 2923 καὶ
958 2873 1066 2924 τῶν
1126 2864 1227 2940 ἔξω
1276 2873 1457 2945 σοφῶν
1504 2867 1570 2923 τὰ
1619 2869 1933 2941 μαθήματα.

279 2959 415 3015 Εἶτα
468 2958 561 3013 καὶ
619 2959 720 3026 τήν
772 2957 914 3012 θείαν
974 2958 1192 3034 Γραφὴν
1251 2956 1532 3029 ἐπιμελῶς
1612 2955 1933 3030 μελετήσας,

277 3048 375 3103 καὶ
436 3047 593 3122 λόγῳ
649 3046 738 3102 καί
794 3048 958 3122 ἀρετῇ
1012 3046 1197 3101 ἐαυτὸν
1256 3046 1560 3123 ῥυθμήσας,
1647 3045 1934 3122 ἀρχιερεὺς

279 3136 685 3211 ἐχειροτονήθη
746 3136 1047 3210 Λαρίσσης.
1107 3134 1206 3188 Καὶ
1271 3133 1459 3189 πολλὰ
1532 3137 1935 3208 κατορθώματα

273 3224 371 3279 καὶ
421 3225 674 3296 θαύματα
726 3221 1125 3295 ἐκδειξάμενος,
1178 3224 1503 3297 παρεγένετο
1558 3224 1646 3278 καὶ
1698 3224 1775 3285 εἷς
1831 3224 1932 3292 τήν
1962 3204 2003 3270 C

273 3313 417 3368 κατᾶ
473 3314 699 3367 Νίκαιαν
762 3309 1009 3384 σύνοδον,
1072 3313 1206 3385 μετὰ
1262 3316 1369 3366 τῶν
1422 3311 1577 3366 θείων
1656 3313 1931 3384 ΙΙατέρων,

273 3405 418 3457 κατὰ
449 3401 672 3476 Ἀρείου
701 3405 797 3456 τοῦ
835 3402 1132 3476 αἱρετικοῦ,
1197 3402 1327 3475 ὑπὲρ
1384 3406 1489 3455 τῶν
1544 3405 1645 3466 τῆς
1705 3400 1932 3475 690080-

279 3493 399 3563 ξίας
428 3490 718 3568 δογμάτων
750 3488 933 3553 καλῶς
988 3490 1412 3566 ἀγωνισάμενος,
1460 3490 1550 3545 καὶ
1605 3491 1731 3554 τοὺς
1781 3494 1932 3567 αἱρεο

272 3581 467 3642 τικοὺς
506 3580 897 3654 καταισχύνας,
949 3578 1259 3652 ἐθαυμάσθη
1322 3579 1426 3633 ὑπὸ
1482 3581 1716 3637 πάντων.
1774 3582 1936 3634 Ὑπο-

278 3670 520 3745 στρέψας
556 3666 613 3723 δὲ
650 3669 757 3723 ἀπὸ
815 3668 1036 3730 Νικαίας
1096 3668 1171 3731 εἷς
1216 3668 1305 3723 τὸν
1372 3666 1510 3723 ἴδιον
1573 3664 1786 3739 θρόνον,
1845 3669 1935 3724 καὶ

274 3758 475 3815 πολλᾶ
505 3758 753 3831 θαύματα
783 3757 1170 3833 ἐργασάμενος,
1200 3758 1287 3812 καὶ
1320 3756 1486 3821 ναοὺς
1524 3754 1813 3833 διαφόρους
1842 3757 1935 3812 καὶ

279 3846 568 3921 μεγάλους
599 3847 875 3921 ἀνεγείρας
926 3850 1001 3907 εἰς
1059 3850 1196 3900 Θεοῦ
1250 3843 1403 3916 δόξαν
1462 3844 1552 3900 καὶ
1608 3850 1715 3917 τῷν
1764 3847 1933 3921 ἁγίων

272 3938 472 4007 αὑτοῦ,
505 3940 641 4012 πρὸς
675 3937 831 3992 αὐτὸν
867 3934 1171 4009 ἐξεδήμησε
1200 3935 1435 4011 χαίρων.

269 4055 381 4111 Καὶ
415 4054 647 4125 ἄθλησις
672 4059 769 4109 τοῦ
798 4050 950 4129 ἁγίου
985 4054 1257 4141 μάρτρρος
1306 4051 1637 4129 Ἡρακλείου
1686 4052 1775 4108 καὶ
1826 4060 1933 4109 τῶν

956 4126 1252 4197 catasta.

346 4225 422 4281 Οἳ
452 4228 551 4278 τοῦ
588 4227 827 4297 Χριστοῦ
888 4224 1178 4298 μάρτυρες,
1235 4222 1584 4298 Ἡράκλειος,
1640 4222 1938 4295 Παυλῖνος,

265 4316 368 4371 καὶ
427 4313 746 4387 Βενέδιμος,
806 4313 859 4368 ἐν
920 4315 1175 4384 Ἀθήναις
1227 4317 1295 4387 τῇ
1354 4310 1514 4369 πόλει
1576 4314 1936 4389 ὑπάρχοντες,

265 4405 369 4459 καὶ
436 4402 754 4477 Χριστιανοὶ
809 4399 979 4471 ὄντες,
1066 4402 1360 4477 ἐκήρυττον
1413 4403 1476 4458 τὸ
1540 4407 1639 4457 τοῦ
1699 4402 1937 4479 Χριστοῦ

267 4492 460 4567 ὄνομα
490 4493 790 4569 παρρησίᾳ,
820 4495 1022 4555 πάντας
1052 4493 1184 4555 τοὺς
1235 4491 1643 4567 εἶδωλολάτρας
1694 4493 1935 4569 προτρέ-

265 4604 480 4645 ποντες
509 4581 826 4658 ἐπιστρέψαι
884 4582 991 4637 ἀπὸ
1046 4587 1156 4637 τῶν
1216 4583 1460 4655 ματαίων
1522 4580 1789 4652 εἰδώλων,
1845 4595 1938 4648 καὶ

276 4674 658 4749 βαπτισθῆναι
715 4670 792 4733 είς
843 4671 907 4725 τὸ
965 4666 1140 4743 ὄνομα
1195 4674 1293 4726 τοῦ
1370 4672 1603 4747 Πατρὸς,
1675 4672 1765 4726 καὶ
1840 4675 1938 4727 τοῦ

266 4764 433 4831 Υίοῦ,
485 4762 579 4816 καὶ
634 4765 731 4816 τοῦ
785 4760 939 4835 ἁγίου
998 4760 1334 4832 Πνεύματος.
1399 4761 1499 4815 Διὰ
1569 4765 1732 4815 τοῦτο
1802 4781 1934 4835 κρα-

267 4851 538 4921 τηθέντες
615 4851 761 4924 παρᾶ
833 4854 940 4904 τῶν
1030 4846 1471 4923 είδωλολατρῶν,
1558 4847 1935 4925 παρεδόθησαν

269 4946 358 5012 τῷ
420 4944 531 4993 τῶν
591 4939 834 5008 ’Δθηνῶν
890 4935 1141 5012 ἅρχοντγ
1198 4937 1290 4992 καὶ
1376 4938 1733 5011 ἐρωτηθέντες
1814 4960 1936 4994 συν-

274 5032 456 5099 ήθως,
521 5026 893 5102 ὡμολόγησαν
950 5028 1043 5082 τὸν
1113 5029 1371 5101 Χριστὸν,
1456 5025 1762 5101 διδάξαντες
1840 5029 1936 5101 μὶν

274 5117 446 5171 αὐτὸν
476 5118 603 5171 Θεὸν
648 5116 910 5186 ἀληθινὸν
945 5114 1090 5185 ὄντα,
1131 5116 1220 5172 καὶ
1266 5118 1614 5191 Δημιουργὸν
1671 5124 1774 5187 τῆς
1817 5116 1935 5172 κτί-

273 5226 439 5267 σεως·
473 5206 541 5260 τὰ
591 5202 646 5260 δὲ
704 5203 907 5263 εἴδωλα
962 5203 1135 5279 ψευδῆ
1192 5205 1593 5279 άναπλάσματα
1649 5206 1708 5262 ἐκ
1765 5206 1934 5271 λίθων

274 5296 371 5351 καὶ
408 5292 587 5366 ξύλων
620 5295 1081 5368 κατεσκευασμένα
1129 5296 1218 5350 καὶ
1263 5300 1469 5371 τέχνης
1517 5291 1670 5371 ἔργα.
1722 5303 1938 5372 Παρορ-

276 5385 535 5459 γίσαντες
567 5381 657 5437 οῦν
692 5384 781 5438 τὸν
834 5382 1099 5459 ἄρχοντα,
1150 5386 1201 5440 ἐν
1251 5390 1329 5457 τῷ
1376 5385 1476 5454 τὴν
1534 5383 1792 5455 ἀλήθειαν
1846 5384 1935 5441 λέ-

275 5496 415 5547 γειν,
479 5473 783 5550 ἐτὺφθησαν
846 5474 1109 5549 ἰσχυρῶς
1169 5476 1259 5530 καὶ
1340 5472 1429 5530 διὰ
1503 5476 1680 5544 πάσης
1758 5473 1938 5546 ἄλλης

278 5563 555 5637 τιμωρίας
611 5562 881 5639 πρότερον
940 5561 1270 5630 διελθόντες,
1330 5564 1550 5640 ὕστερον
1637 5565 1771 5637 μετὰ
1826 5569 1932 5620 τῶν

2052 1919 2368 1991 giasmeni,
2402 1919 2511 1973 hoc
2546 1924 2654 1983 est,
2683 1918 3064 1982 Sanctiﬁcati,
3090 1919 3547 1989 appellationem
3567 1940 3704 1993 pro-

2052 2008 2292 2073 meruit,
2328 2013 2385 2062 et
2416 2008 2739 2063 multorum
2771 2008 3197 2062 miraculorum
3229 2014 3493 2080 patrator
3524 2012 3699 2066 exsti-

2054 2097 2140 2150 tit.
2177 2096 2572 2161 Quamobrem
2600 2096 2970 2150 admirabilis
3001 2101 3059 2151 et
3089 2096 3284 2151 clarus
3314 2098 3469 2168 apud
3492 2115 3701 2155 omnes

2052 2188 2317 2249 effectus,
2351 2203 2486 2241 cum
2519 2203 2639 2241 non
2662 2202 2935 2241 sermone
2966 2192 3220 2253 tantum,
3245 2188 3347 2242 sed
3371 2188 3544 2243 etiam
3568 2188 3699 2245 vitm

2050 2274 2315 2330 moribus
2348 2275 2620 2346 plurimis
2650 2275 2989 2346 profuisset,
3020 2276 3081 2331 in
3112 2276 3578 2347 profundissima
3606 2294 3698 2334 se-

2048 2368 2286 2419 nectute
2313 2364 2385 2419 ad
2416 2364 2602 2418 Deum
2634 2364 2924 2436 migravit.

2176 2454 2240 2506 Et
2268 2453 2532 2508 memoria
2560 2456 2739 2508 sancti
2774 2453 3024 2513 Achillii.
3054 2452 3294 2523 episcopi
3320 2456 3568 2512 Larissae.

2120 2631 2410 2687 Achillius
2430 2632 2900 2703 Thaumaturgus
2930 2631 3133 2687 ﬂoruit
3160 2633 3520 2703 imperatore
3542 2634 3697 2693 Con-

2050 2721 2311 2779 stantino
2343 2723 2568 2793 Magno.
2603 2723 2745 2776 Cum
2774 2726 2971 2776 autem
2997 2721 3465 2777 Christianorum
3486 2740 3696 2794 paren-

2047 2817 2173 2866 tum
2197 2810 2354 2865 ﬁlius
2378 2816 2552 2879 esset,
2579 2810 2651 2865 ab
2683 2811 2776 2865 his
2803 2811 3083 2881 pietatem
3108 2810 3373 2879 edoctus,
3399 2818 3457 2868 et
3473 2818 3698 2868 extero-

2046 2916 2178 2955 rum
2210 2899 2546 2970 sapientum
2578 2898 2897 2970 disciplina
2920 2899 3248 2968 institutus,
3283 2900 3497 2956 deinde
3519 2903 3698 2958 etiam

2046 2990 2109 3043 in
2142 2988 2356 3043 divinae
2388 2988 2705 3058 Scripturaa
2736 2987 3121 3043 meditatione
3152 2988 3470 3061 diligenter
3488 2991 3696 3045 excul-

2044 3083 2161 3144 tus,
2192 3094 2426 3132 necnon
2457 3093 2732 3132 sermone
2763 3083 2822 3132 et
2851 3076 3063 3130 virtute
3095 3078 3357 3148 seipsum
3381 3095 3695 3148 exornans,

2046 3167 2291 3222 Larissae
2314 3166 2577 3236 pontifex
2594 3165 3099 3220 initiatur.Postea
3116 3164 3187 3219 ob
3204 3166 3391 3220 multa
3414 3168 3697 3237 praeclare

2042 3262 2224 3329 gesta,
2260 3255 2535 3324 editaque
2565 3254 2855 3309 miracula
2879 3254 3111 3308 illustre
3163 3270 3375 3308 nomen
3424 3254 3693 3325 adeptus,

2040 3362 2159 3399 una
2185 3361 2318 3399 cum
2355 3343 2569 3398 divinis
2600 3341 2873 3397 Patribus
2913 3342 3166 3396 concilio
3217 3342 3452 3397 Niczeno
3507 3342 3696 3399 adfuit

2039 3434 2319 3488 adversus
2348 3432 2551 3486 Arium
2584 3431 2949 3486 haereticum.
2984 3433 3127 3486 Cum
3158 3449 3293 3487 vero
3325 3438 3568 3503 propter
3597 3449 3695 3487 or-

2040 3522 2358 3576 thodoxam
2373 3520 2746 3574 doctrinaml
2759 3521 2860 3574 00
2876 3526 3115 3575 strenue
3131 3519 3694 3591 decertasset,atque

2042 3611 2352 3665 haareticos
2376 3608 2765 3673 confudisset,
2784 3609 3051 3663 omnium
3067 3609 3520 3663 admirationem
3536 3610 3693 3664 exci-

2042 3702 2495 3757 tavit.Reversus
2520 3704 2717 3754 autem
2743 3717 2811 3754 ex
2825 3699 2968 3754 urbe
2984 3700 3175 3755 Nicaea
3192 3699 3265 3756 ad
3286 3716 3452 3755 suam
3469 3700 3692 3768 sedem,

2042 3808 2175 3847 cum
2235 3790 2424 3844 multa
2482 3794 2776 3860 patrasset
2830 3788 3139 3854 miracula,
3224 3789 3575 3859 diversaque
3635 3792 3695 3843 et

2041 3896 2257 3949 magna
2286 3877 2509 3948 templa
2538 3878 2611 3932 ad
2643 3878 2742 3932 Dei
2779 3883 3239 3950 sanctorumque
3273 3879 3402 3949 ejus
3443 3877 3692 3951 gloriam

2044 3969 2379 4033 excitasset,
2411 3966 2676 4038 gaudens
2706 3966 2778 4021 ad
2811 3967 3129 4021 Dominum
3159 3968 3449 4039 migravit.

2043 4066 2107 4119 Et
2162 4071 2438 4120 certamen
2489 4065 2665 4119 sancti
2720 4064 2981 4135 martyiz‘s
3067 4064 3314 4119 Heraclii
3397 4070 3448 4118 et
3518 4065 3691 4119 socio-

2786 4150 2933 4190 rum.

2114 4235 2397 4303 Martyres
2427 4231 2642 4285 Christi
2674 4232 2999 4297 Heraclius,
3028 4231 3313 4287 Paulinus
3363 4236 3421 4287 et
3450 4230 3693 4286 Benedi-

2044 4339 2195 4389 mus,
2230 4338 2297 4376 ex
2330 4320 2476 4374 urbe
2508 4319 2872 4373 Athenarum
2905 4320 3165 4379 oriundi.
3206 4337 3341 4374 cum
3373 4319 3691 4373 Christiani

2044 4415 2262 4476 essent,
2289 4425 2502 4480 magna
2524 4424 2656 4462 cum
2679 4407 2896 4463 fiducia
2912 4407 3127 4462 Christi
3152 4424 3372 4463 nomen
3402 4407 3689 4479 praedica-

2044 4500 2206 4564 bant,
2236 4513 2560 4567 omnesque
2581 4495 2928 4551 idololatras
2948 4496 3357 4564 hortabantur,
3386 4502 3451 4551 ut
3476 4513 3510 4551 a
3529 4496 3696 4551 vanis

2048 4588 2222 4643 idolis
2253 4585 2622 4650 recederent,
2655 4590 2713 4640 et
2741 4585 3180 4656 baptizarentur
3207 4586 3268 4641 in
3315 4586 3556 4641 nomine
3587 4586 3697 4640 Pa-

2049 4678 2174 4741 tris,
2210 4682 2268 4731 et
2297 4674 2449 4737 Filii,
2483 4679 2541 4729 et
2557 4674 2809 4745 Spiritus
2836 4674 3445 4739 sancti.Quamobrem
3466 4674 3540 4753 ab
3569 4674 3696 4729 ido-

2048 4766 2276 4821 lolatris
2290 4763 3089 4835 comprehensi,Athenarum
3105 4764 3342 4835 przesidi
3361 4764 3694 4820 traduntur.

2053 4858 2318 4925 Cumque
2351 4853 2422 4907 de
2439 4870 2602 4908 more
2627 4853 2971 4926 interrogati
2998 4860 3216 4911 essent.
3242 4854 3537 4910 Christum
3560 4871 3695 4924 pro-

2050 4946 2308 5009 ﬁtentes,
2338 4942 2628 4997 docebant
2650 4943 2845 5014 ipsum
2864 4944 3044 4998 Deum
3059 4960 3261 4998 verum
3277 4960 3500 5011 esse,ac
3525 4946 3700 4999 Crea-

2047 5040 2236 5089 torem
2266 5031 2525 5086 universi
2552 5049 2565 5099 ;
2600 5031 2759 5085 idola
2791 5048 2924 5086 vero
2955 5032 3104 5087 falsa
3137 5034 3436 5105 figmenta,
3467 5049 3533 5087 ex
3556 5031 3698 5103 lapi-

2048 5124 2221 5178 dibus
2254 5127 2311 5175 et
2336 5120 2513 5192 lignis
2545 5121 2834 5188 confecta,
2855 5138 2922 5177 ac
2945 5124 3090 5177 artis
3110 5139 3310 5193 opera.
3337 5123 3496 5176 Hanc
3522 5121 3701 5192 igitur

2046 5212 2352 5266 veritatem
2386 5209 2706 5281 loquendo,
2743 5210 2803 5263 in
2835 5211 2984 5266 iram
3008 5212 3343 5266 excitarunt
3368 5209 3699 5281 prmsidem,

2048 5301 2221 5371 cujus
2246 5300 2419 5371 jussu
2449 5298 2772 5352 crudeliter
2813 5300 2947 5353 caisi
3001 5305 3157 5367 sunt,
3214 5316 3281 5354 ac
3334 5299 3536 5370 quovis
3586 5298 3701 5352 alio

2049 5395 2342 5445 tormento
2376 5389 2633 5459 primum
2658 5388 2976 5443 excruciati
3004 5406 3016 5455 ;
3040 5394 3243 5458 postea
3272 5405 3407 5443 vero
3430 5405 3545 5442 una
3568 5402 3703 5442 cum

2050 5478 2359 5549 discipulis
2383 5477 2506 5532 suis
2539 5477 2599 5531 in
2632 5477 2936 5549 ingentem
2967 5477 3120 5549 ignis
3151 5478 3449 5533 fornacem
3477 5474 3700 5547 injecti,

2048 5568 2229 5624 ﬁnem
2260 5565 2491 5621 vivendi
2521 5565 2809 5621 fecerunt.

288 5658 551 5724 μαθητῶν
584 5654 765 5709 αὐτῶν
799 5652 876 5716 εἷς
908 5652 1139 5727 κάμινον
1178 5653 1417 5730 μεγάλην
1445 5650 1819 5727 ἐμϐληθέντος
1848 5655 2037 5731 πυρὸς,
2070 5653 2486 5724 ἐτελειώθησαν.

569 5773 833 5837 Panos.
878 5774 971 5834 Gn
986 5815 1002 5833 .
1043 5771 1283 5835 CXVII.

3342 5770 3417 5827 15
