4086 6204
338 318 460 378 459

1667 315 2094 377 MENOLOGII
2144 317 2346 379 PARS
2392 323 2496 382 Ill.

3625 329 3750 391 460

338 453 405 506 Et
453 457 723 505 certamen
779 451 955 506 sancti
1030 451 1182 530 Petri
1253 449 1513 518 martyris
1586 453 1637 502 et
1715 448 1981 504 sociorum

2099 447 2205 502 Καὶ
2255 449 2485 522 ἄθλησις
2539 456 2636 508 τοῦ
2694 453 2873 547 ἁγίου,
2909 457 3185 547 μάρτυρας
3247 459 3451 534 Πέτρου
3508 459 3599 515 καὶ
3646 469 3750 530 τῆς

1093 522 1226 590 ejus.

416 661 622 712 Petrus
653 657 867 710 Christi
901 660 1126 726 martyr
1172 671 1240 710 ex
1293 656 1615 727 Lampsaco
1664 653 1812 710 urbe
1858 654 1989 711 fuit.

339 750 476 802 Com
489 750 814 818 prehensus
835 753 1032 800 autem
1056 746 1128 801 ab
1163 746 1456 801 idolorum
1482 745 1991 817 cultoribus.praa-

339 836 448 890 sidi
486 835 672 904 Abydi
708 836 980 889 traditur.
1013 837 1282 906 Cumque
1313 836 1489 890 idolis
1521 835 1856 890 sacriﬁcare
1887 833 1990 888 de-

337 929 635 989 trectaret,
660 925 912 978 contrito
939 924 1113 997 lignis
1135 941 1400 995 corpore,
1427 925 1701 996 spiritum
1725 923 1986 978 tradidit.

337 1013 556 1066 Paulus
587 1019 784 1068 autem
819 1020 877 1069 et
907 1015 1193 1079 Andreas,
1229 1015 1329 1086 qui
1373 1014 1481 1070 sub
1537 1013 1742 1069 eodem
1797 1011 1986 1085 Abydi

334 1102 587 1172 praeside
622 1103 841 1158 milites
874 1110 1063 1171 erant,
1095 1120 1217 1158 una
1247 1121 1381 1159 cum
1437 1103 1538 1158 illo
1584 1103 1843 1158 Athenas
1887 1117 1988 1156 ve-

335 1191 589 1246 nientes.
615 1193 961 1263 Dionysium
989 1198 1047 1248 et
1067 1193 1426 1248 Christinam
1449 1192 1911 1263 comprehensos
1931 1196 1990 1246 et

336 1280 399 1334 in
425 1296 724 1334 carcerem
757 1281 1051 1347 detrusos,
1097 1282 1254 1353 jussi
1288 1287 1428 1337 sunt
1457 1281 1778 1336 custodire.
1811 1280 1922 1335 Sed
1954 1294 1990 1334 a

337 1374 542 1424 sancta
571 1370 868 1426 Christina
908 1371 1123 1439 edocti,
1177 1372 1368 1442 patrio
1423 1370 1718 1426 idolorum
1765 1385 1987 1440 errore,

335 1476 512 1529 quem
551 1476 586 1514 a
619 1461 943 1532 majoribus
973 1466 1346 1533 acceperant,
1381 1459 1689 1527 derelicto,
1720 1459 1792 1515 ad
1815 1457 1986 1514 Chri-

333 1553 488 1603 stum
513 1565 815 1605 accessere
830 1592 842 1605 .
857 1551 1220 1622 Deprehensi
1247 1551 1468 1621 itaque,
1485 1548 1644 1620 quod
1666 1547 1986 1604 Christiani

337 1642 559 1703 essent,
611 1639 746 1709 ipsi,
809 1640 954 1695 101
1024 1641 1292 1712 inquam,
1353 1645 1412 1695 et
1467 1637 1806 1710 Dionysius,
1863 1636 1987 1708 pri-

338 1743 502 1782 mum
534 1729 775 1797 quidem
816 1729 1095 1799 plurimis
1149 1729 1479 1801 suppliciis,
1531 1727 1690 1799 quod
1735 1725 1986 1798 impuris

2691 524 2938 590 σύνοδίας
2966 524 3151 587 αὐτοῦ.

2172 653 2399 730 Πέτρος,
2433 657 2462 712 ὁ
2492 662 2590 713 τοῦ
2643 659 2881 736 Χριστοῦ
2939 660 3165 736 μάρτυς,
3217 661 3283 731 ἦν
3336 661 3395 718 ἐκ
3441 664 3752 737 Λαμψάκου

2099 745 2198 805 τῆς
2227 744 2462 808 πόλεως·
2503 750 2792 823 κρατηθεὶς
2841 747 2898 806 δὲ
2954 752 3100 826 παρά
3145 756 3252 807 τῶν
3302 750 3749 829 εἰδωλολατρῶν,

2100 831 2375 908 παρεδόθη
2405 837 2488 909 τῷ
2518 845 2619 908 τῆς
2648 834 2882 896 Ἀϐύδου
2933 838 3183 917 ἄρχοντι·
3237 843 3324 897 xui
3384 843 3462 917 μή
3509 846 3750 909 πεισθεὶς

2101 924 2256 984 θῦσαι
2310 929 2427 986 τοῖς
2482 923 2760 998 εἰδώλοις,
2820 927 3006 998 ξύλοις
3090 925 3391 1003 συντριϐεὶς
3445 931 3510 986 τὸ
3562 937 3747 1005 σῶμα,

2097 1009 2380 1086 παρέδωκε
2435 1015 2498 1070 τὸ
2556 1020 2793 1088 πνεῦμα.
2851 1017 3067 1080 Παῦλος
3151 1017 3210 1073 δὶ
3293 1018 3381 1074 καί
3465 1019 3747 1096 Ἀνδρέας,

2098 1103 2515 1176 στρατευόμενοι
2549 1104 2650 1159 ὑπὸ
2706 1109 2786 1178 τῷ
2842 1105 2991 1178 αύτῷ
3043 1114 3143 1177 τῆς
3201 1103 3438 1164 Ἀϐύδου
3496 1110 3746 1184 ἄρχοντι,

2099 1189 2193 1245 σὺν
2225 1190 2410 1265 ἐκείνῳ
2437 1193 2534 1255 τὰς
2583 1195 2814 1264 Ἀθήνας
2859 1191 3184 1266 κατὲλαὸον,
3242 1197 3333 1252 καὶ
3379 1201 3745 1272 κρατηθέντας

2097 1279 2379 1335 Διονύσιον
2435 1281 2524 1336 xui
2581 1282 2892 1358 Χριστίναν,
2974 1284 3065 1339 καὶ
3149 1289 3370 1362 φυλακῇ
3454 1308 3744 1362 παραπεμ-

2097 1368 2322 1445 φθέντας
2370 1370 2822 1446 προσετάχθησαν
2884 1372 3196 1450 φυλάττειν.
3248 1375 3316 1431 Οἱ
3365 1371 3421 1430 δὲ
3482 1377 3585 1431 ὑπὸ
3639 1384 3746 1446 τῆς

2097 1455 2250 1531 ἁγίας
2304 1459 2597 1533 Χριστίνης
2687 1456 3054 1535 διδαχθέντες,
3110 1462 3324 1538 ἀφῆκαν
3380 1465 3482 1532 τήν
3539 1486 3747 1540 πατροο

2095 1543 2405 1619 παράδοτον
2437 1547 2651 1619 πλάνην
2704 1553 2812 1604 τῶν
2859 1548 3127 1620 εἰδώλων,
3175 1551 3266 1606 καὶ
3317 1552 3635 1628 προσῆλθον
3666 1559 3749 1628 τῷ

2094 1636 2330 1708 Χριστῷ·
2385 1638 2470 1693 xui
2533 1637 2884 1714 γνωσθέντες,
2945 1639 3026 1694 ὅτι
3094 1642 3414 1717 Χριστιανοὶ
3471 1641 3746 1719 ἐγένοντο,

2098 1723 2250 1780 αύτοί
2286 1726 2380 1798 μὲν
2411 1726 2500 1781 καὶ
2532 1727 2835 1801 Διονύσιος,
2881 1729 3146 1805 πρότερον
3195 1729 3432 1794 πολλαῖς
3487 1732 3745 1806 βασάνοις

341 1815 654 1872 daemoniis
685 1819 1020 1874 sacriﬁcare
1051 1819 1302 1886 nollent,
1337 1817 1736 1888 subjiciuntur
1761 1831 1773 1870 :
1798 1832 1865 1870 ac
1885 1815 1981 1870 de-

2097 1809 2519 1886 ύποϐληθέντες,
2581 1814 2671 1872 διὰ
2723 1818 2786 1872 τὸ
2848 1819 2924 1890 μὴ
2985 1820 3140 1874 θῦσαι
3221 1825 3339 1884 τοῖς
3413 1821 3746 1896 ἀκαθάρτοις

344 1922 508 1960 mum
543 1905 839 1975 lapidibus
872 1907 1222 1963 obruuntur.
1251 1908 1464 1962 Sancta
1513 1922 1646 1962 vero
1695 1903 1994 1960 Christina

345 2010 663 2050 accurrens
693 1996 766 2051 ad
797 1996 932 2052 illos
964 2014 1032 2054 ac
1061 1998 1324 2069 plorans,
1358 1996 1550 2068 capite
1579 1995 1755 2067 plexa
1776 2000 1885 2052 est.

344 2189 409 2244 Et
439 2198 709 2248 certamen
738 2201 1066 2320 sanctorunlz}
1095 2200 1400 2320 ηιὲηξῃηιηι
1450 2192 1743 2259 Simeom's,
1795 2189 1996 2246 Isaacii

939 2273 992 2320 et
1069 2283 1134 2320 ac
1179 2272 1198 2319 ι
1241 2269 1387 2320 ιεοκ.

939 2273 992 2321 et
1020 2269 1387 2321 Bachthisoz.

411 2407 937 2476 Simeon,lsaacius
953 2415 1011 2464 et
1030 2406 1654 2470 Bachthisoes,Christi
1678 2411 1990 2477 martyres,

341 2497 584 2554 fuerunt
611 2515 678 2553 ex
703 2499 960 2554 Persidis
983 2499 1222 2570 regione
1247 2494 1793 2568 temporibusimpii
1818 2495 1992 2565 Sapo-

340 2586 593 2642 ris.Cum
622 2603 757 2643 vero
791 2587 1112 2642 Christiani
1153 2591 1372 2649 essent,
1407 2584 1822 2656 camprehensi
1854 2585 1996 2636 sunt

339 2692 373 2730 a
402 2677 740 2748 pyrolatris,
777 2677 887 2731 hoc
920 2683 1028 2740 est,
1062 2675 1134 2731 ab
1163 2676 1314 2748 ignis
1337 2673 1784 2730 adoratoribus:
1819 2677 1878 2727 et
1899 2671 1992 2726 Sa-

339 2766 467 2835 pori
500 2766 723 2831 traditi,
751 2766 905 2836 jussi
939 2771 1080 2820 sunt
1109 2764 1412 2820 Christum
1441 2763 1757 2835 abnegare,
1790 2767 1849 2816 et
1878 2759 1990 2816 soli

338 2853 578 2926 ignique
603 2855 959 2910 sacrificare.
983 2857 1054 2908 At
1085 2854 1171 2908 illi
1199 2853 1658 2924 responderunt,
1683 2851 1948 2906 dicentes
1973 2865 1987 2905 :

342 2943 641 2998 Christum
671 2960 1048 3015 nequaquam
1107 2943 1490 3015 abnegamus,
1539 2945 1742 3013 utpote
1785 2955 1987 2995 verum

339 3033 524 3087 Deum
556 3050 624 3088 ac
654 3051 854 3088 rerum
885 3033 1156 3088 omnium
1188 3031 1566 3087 Conditorem
1596 3048 1610 3097 ;
1645 3029 1831 3085 solem
1851 3045 1986 3084 vero

341 3129 516 3193 atque
550 3123 767 3194 ignem,
801 3123 902 3193 qui
935 3123 1006 3177 ab
1041 3122 1166 3193 ipso
1185 3121 1322 3177 facti
1347 3127 1504 3187 sunt,
1533 3120 1710 3192 plane
1733 3118 1987 3190 despici-

341 3229 492 3267 mus.
527 3213 923 3278 Quamobrem
957 3212 1195 3284 tyranni
1226 3212 1376 3268 iram
1410 3211 1764 3277 excitarunt,
1815 3212 1986 3280 cujus

332 3301 508 3372 jussu
540 3303 816 3358 manibus
846 3302 1217 3374 pedibusque
1243 3318 1314 3356 ex
1341 3307 1599 3371 quatuor
1617 3299 1884 3372 partibus
1915 3297 1986 3352 li-

338 3391 475 3460 gati,
511 3392 832 3447 crudeliter
861 3392 998 3446 cassi
1031 3397 1187 3447 sunt.
1224 3389 1446 3446 Deinde
1469 3389 1530 3444 in
1561 3405 1861 3444 carcerem
1883 3386 1988 3442 de-

339 3479 505 3542 trusi,
541 3480 773 3534 nullum
804 3496 911 3551 per
941 3481 1066 3535 dies
1101 3484 1328 3550 septem
1360 3477 1560 3533 cibum
1608 3479 1990 3549 acceperunt.

338 3568 606 3623 Posthaec
637 3586 667 3624 e
700 3585 934 3624 carcere
967 3569 1185 3636 educti,
1218 3584 1354 3622 cum
1386 3566 1750 3638 multiplices
1766 3564 1990 3621 crucia-

338 3662 432 3709 tus
463 3658 871 3726 pertulissent.
904 3658 1144 3712 demum
1194 3656 1376 3711 alacri
1435 3655 1638 3710 animo
1693 3654 1876 3708 sacris
1919 3668 1987 3708 ac

334 3745 686 3797 venerandis
718 3744 1010 3814 capitibus
1044 3743 1406 3810 obtruncati,
1455 3742 1807 3813 martyrium
1840 3756 1987 3794 con-

337 3838 732 3886 summarunt.

886 3948 1128 4002 EODEM
1169 3948 1314 4001 ΜΕΝ
1320 3945 1422 4001 SE.

864 4072 969 4127 Die
1001 4070 1236 4127 decima
1265 4074 1434 4125 sexta

337 4196 618 4254 Certamen
674 4203 989 4255 sanctorum
1052 4203 1366 4269 martyrum
1423 4193 1596 4251 Abdae
1641 4198 1694 4250 et
1739 4192 1983 4251 Abdiesu

763 4272 1143 4341 episcoporum
1172 4266 1226 4324 ei
1253 4266 1549 4324 sociorum.

406 4399 656 4455 Sanctus
687 4397 977 4453 Abdiesus
1009 4397 1324 4468 episcopus
1353 4396 1415 4450 in
1464 4393 1727 4464 Perside,
1785 4410 1821 4450 a
1847 4411 1983 4466 pro-

332 4488 461 4559 prio
489 4493 727 4560 nepote,
764 4488 864 4559 qui
911 4487 1198 4542 diaconus
1229 4490 1374 4552 erat,
1421 4483 1806 4539 denuntiatus
1855 4483 1978 4557 regi

329 4577 665 4643 Persarum,
700 4582 759 4630 et
787 4575 1277 4647 comprehensus,
1311 4588 1431 4628 una
1445 4589 1581 4629 cum
1602 4571 1704 4628 alii
1731 4572 1978 4644 triginta

327 4681 536 4720 novem
569 4665 938 4731 Christianis,
972 4664 1046 4718 ad
1064 4664 1259 4734 ipsum
1283 4661 1616 4718 adducitur.
1649 4662 1976 4734 Interroga-

325 4756 419 4805 tus
450 4760 668 4814 autem,
703 4753 1122 4822 Christumque
1157 4751 1480 4822 professus,
1507 4750 1581 4805 ad
1602 4750 1845 4805 fratrem
1876 4767 1971 4806 re-

324 4839 412 4910 gis
444 4841 718 4907 mittitur,
742 4846 807 4894 ut
836 4842 909 4894 ab
942 4841 1044 4895 illo
1077 4840 1391 4894 tormentis
1422 4839 1833 4911 subjiceretur.
1859 4838 1972 4894 Sed

324 4943 459 4982 eum
491 4929 868 4983 sermonibus
910 4928 1128 4984 divinis
1160 4929 1542 5001 redarguens,
1579 4934 1820 5000 stupore
1836 4929 1974 4984 affe-

324 5016 422 5070 cit.
456 5017 740 5080 Quocirca
767 5017 1012 5072 funibus
1043 5015 1374 5082 devinctus,
1408 5018 1560 5073 ποτ
1588 5024 1766 5089 atque
1815 5017 1972 5073 inter

322 5104 486 5175 ligna
514 5112 846 5161 coarctatus
871 5112 979 5172 est,
1013 5123 1266 5177 ossaque
1287 5108 1415 5177 ejus
1437 5106 1711 5162 contrita.
1745 5106 1968 5163 Deinde

323 5197 745 5250 semimortuus
776 5197 837 5250 in
869 5212 1166 5252 carcerem
1201 5198 1536 5268 conjicitur.
1581 5196 1811 5250 nullum
1864 5213 1970 5267 per

318 5285 536 5338 multos
563 5285 686 5340 dies
705 5286 902 5339 cibum
929 5286 1262 5356 degustans.
1291 5287 1556 5339 Posthmc
1578 5285 1966 5354 comprehen-

317 5390 416 5426 sus
449 5374 627 5428 etiam
675 5373 868 5428 Abdas
918 5374 1231 5444 episcopus
1281 5390 1414 5428 cum
1468 5372 1669 5441 viginti
1722 5379 1780 5426 et
1835 5379 1965 5427 octo

321 5465 478 5530 viris,
509 5483 761 5535 quorum
794 5466 894 5519 alii
930 5464 1260 5536 presbyteri
1295 5471 1482 5528 erant,
1520 5469 1578 5518 et
1621 5463 1875 5530 diaconi,
1911 5470 1968 5520 et

319 5561 535 5609 sancta:
569 5556 842 5627 virgines,
870 5562 927 5610 et
957 5554 1259 5620 mulieres,
1281 5556 1342 5611 in
1370 5553 1645 5610 eumdem
1666 5570 1964 5610 carcerem

318 5641 594 5703 detrusus
627 5652 753 5702 est:
787 5644 888 5702 ubi
919 5644 992 5703 ab
1025 5644 1301 5718 episcopo
1332 5645 1596 5703 Abdiesu
1633 5642 1966 5702 edoceban-

2103 1902 2375 1978 δαίμοσιν,
2461 1904 2680 1982 ὕστερον
2767 1903 3264 1978 ἐλιθοϐολήθησαν.
3357 1916 3416 1965 Ἡ
3489 1908 3547 1967 δὲ
3620 1911 3747 1986 ἁγία

2102 1995 2365 2068 Χριστίνα
2397 1994 2725 2052 ἐπιπεσοῦσα
2755 1996 2934 2059 αύτνῖς
2962 1997 3050 2053 xui
3081 1997 3381 2068 κλαύσασα,
3410 2002 3510 2070 τήν
3558 2001 3748 2074 τιμίαν

2099 2085 2190 2139 καὶ
2220 2085 2368 2158 ἱερὰν
2398 2083 2644 2162 κεφαλὴν
2676 2086 2989 2160 ἀπετμήθη.

2101 2217 2198 2273 Καὶ
2231 2218 2458 2289 ἄθλησις
2486 2224 2594 2274 τῶν
2626 2219 3120 2296 ἁγίωνᾲμαρτύρνων
3173 2222 3422 2295 Κυμεὼν,
3474 2225 3746 2280 Ἰσαακίου

2685 2293 2776 2346 καὶ
2809 2293 3143 2367 Βαχθισόου.

2174 2423 2425 2496 Συμεὼν,
2477 2425 2765 2492 Ἰσαάκιος,
2809 2425 2900 2480 καὶ
2955 2427 3290 2500 Βαχθισόης,
3349 2428 3401 2481 οἱ
3459 2432 3556 2483 τοῦ
3616 2430 3745 2502 Χρι-

2099 2518 2226 2568 στοῦ
2261 2517 2550 2589 μαρτυρες,
2579 2515 2831 2590 ὑπῆρχον
2866 2515 2925 2570 ἐκ
2963 2523 3064 2585 τῆς
3106 2517 3295 2591 χώρας
3344 2515 3606 2591 Περσίδος
3653 2517 3742 2574 ἐπὶ

2100 2599 2389 2678 Σαϐωρίου
2469 2608 2572 2658 τοῦ
2654 2604 2999 2678 παρανόμου.
3085 2607 3395 2681 Χριστιανοὶ
3454 2604 3510 2661 δὲ
3570 2603 3746 2681 ὄντες,

2097 2691 2468 2766 ἐκρατήθησαν
2531 2692 2634 2748 ὑπὸ
2691 2697 2799 2748 τῶν
2853 2691 3232 2768 πυρολατρῶν,
3291 2695 3380 2749 καὶ
3437 2694 3748 2771 παρεδόθη-

2095 2797 2192 2836 σαν
2222 2787 2302 2855 τῷ
2336 2779 2629 2857 Σαϐωρίῳ,
2687 2783 2776 2837 xui
2835 2783 3201 2858 ἠναγκάζοντο
3260 2785 3591 2859 ἀρνήσασθαι
3647 2787 3742 2859 μὲν

2093 2875 2184 2929 τὸν
2220 2873 2477 2949 Χριστὸν,
2512 2875 2669 2928 θῦσαι
2703 2870 2761 2928 δὲ
2787 2877 2866 2945 τῷ
2894 2874 3042 2946 ἡλίῳ
3087 2875 3176 2929 xui
3232 2879 3310 2946 τῷ
3356 2875 3508 2949 πυρί.
3566 2877 3632 2933 Οἱ
3688 2874 3747 2932 δὶ

2093 2961 2497 3039 ἀποκριθέντες,
2550 2962 2640 3018 καὶ
2699 2962 2942 3025 εἰπόντες
2997 2963 3103 3034 δτι,
3162 2964 3269 3020 Τὸν
3360 2966 3587 3040 Χριστὸν
3647 2966 3746 3038 μὲν

2095 3051 2194 3107 οὐκ
2224 3052 2556 3128 ἀρνούμεθα,
2583 3051 2711 3106 Θεὸν
2745 3051 3003 3122 ἀληθινὸν
3050 3049 3198 3122 ὅντα,
3250 3051 3340 3107 καὶ
3393 3056 3745 3126 Δημιουργὸν

2018 3171 2062 3239 C
2099 3141 2315 3194 πάντων
2355 3143 2465 3192 τῶν
2492 3137 2827 3212 κτισμάτων·
2885 3139 2976 3193 τὸν
3040 3135 3097 3193 δὲ
3152 3137 3315 3208 ἣλιον
3375 3140 3464 3194 καὶ
3516 3142 3578 3195 τὸ
3638 3145 3746 3215 πῦρ

2106 3225 2118 3242 9

2100 3225 2568 3298 ἀποστρεφόμεθα,
2651 3224 2920 3297 κτίσματα
3001 3225 3168 3280 αὐτοῦ
3235 3227 3598 3301 τυγχάνοντα,
3667 3227 3748 3290 εἷς

2095 3315 2263 3389 ἀργὴν
2297 3312 2549 3384 ἐκίνησαν
2575 3313 2667 3368 τὸν
2719 3313 3002 3389 τύραννον.
3060 3315 3160 3368 Διά
3198 3317 3360 3369 τοῦτο
3404 3312 3640 3380 δεθέντες
3688 3315 3751 3372 ἐκ

2091 3401 2364 3478 τεσσάρων
2425 3406 2618 3476 χεῖρας
2673 3401 2760 3456 καὶ
2821 3399 3017 3470 πόδας,
3086 3400 3389 3478 ἆτύφθησαν
3469 3401 3744 3478 ἰσχυρῶς·

2095 3491 2206 3546 εἶτα
2262 3484 2633 3560 ἑνεϐλήθησαν
2694 3488 2771 3551 είς
2832 3487 3107 3568 φυλακήν,
3175 3490 3264 3545 ἐπὶ
3322 3489 3453 3545 ἑπτα
3504 3487 3745 3565 ἡμέραις

2097 3581 2173 3652 μή
2209 3573 2609 3654 μεταλαϐόντες
2647 3580 2878 3656 τροφῆς.
2927 3581 3078 3634 Μετά
3132 3582 3302 3634 ταῦτα
3341 3585 3441 3647 τῆς
3488 3577 3747 3654 φῦλακῆς

2091 3663 2444 3738 ἐκϐληθέντες
2497 3665 2588 3721 καὶ
2643 3663 2937 3741 διαφόρους
2996 3668 3265 3743 βασάνους
3325 3667 3742 3739 ὑπομείναντες,

2089 3756 2251 3819 τὲλος
2279 3757 2375 3818 τὰς
2402 3755 2588 3829 τιμίας
2618 3755 2708 3810 καὶ
2740 3756 2886 3830 ἱερὰς
2918 3755 3094 3812 αὐτῶν
3135 3756 3377 3836 κεφαλὰς
3430 3758 3742 3833 προθύμως

2091 3845 2521 3920 ἀποτμηθέντες,
2553 3843 2970 3916 ιτελειώθησαν.

2644 3970 2829 4028 MHNI
2865 3974 2949 4050 r9
2989 3973 3187 4053 ΛΥΤῼ.

2882 4078 2951 4148 1C

2086 4176 2362 4250 νΔθλησις
2391 4175 2698 4254 τῶν-ἁγίων
2732 4178 3020 4254 μαρτύρων
3055 4174 3226 4254 Ἀϐδᾶ
3270 4179 3361 4254 καὶ
3412 4175 3740 4251 ’Λὸδιησοῦ,

2360 4254 2468 4306 τῶν
2504 4245 2841 4323 ὲπὶσκόπων,
2863 4245 2954 4305 καὶ
2983 4253 3093 4306 τῶν
3126 4250 3220 4308 σὺν
3251 4251 3462 4314 αὐτοῖς.

2155 4385 2217 4442 Ὁ
2247 4383 2402 4459 ἅγιος
2435 4375 2787 4452 ’Δεδιησσῦς,
2818 4379 3119 4445 ἐπίσκοπος
3152 4379 3226 4437 ὢν
3260 4381 3311 4438 ἐν
3341 4381 3582 4460 Περσίδι,
3632 4403 3742 4438 κα-

2083 4472 2416 4548 ταμηνυθεὶς
2443 4473 2524 4543 τῷ
2577 4469 2794 4546 βασιλεῖ
2836 4476 3054 4547 Περσῶν
3120 4472 3224 4527 ὑπὸ
3260 4475 3358 4527 τοῦ
3407 4470 3549 4527 ίδίου
3605 4471 3738 4527 ἀνε-

2084 4565 2235 4636 ψιοῦ,
2317 4557 2570 4616 διακόνου
2640 4555 2816 4632 ὄντος,
2886 4559 2976 4614 καὶ
3054 4559 3368 4633 κρατηθεὶς,
3447 4561 3582 4634 μετά
3637 4559 3737 4615 καὶ

2084 4653 2280 4726 ἒτίρων
2311 4649 2604 4725 αριάκοντα
2631 4648 2720 4703 καὶ
2780 4647 2929 4704 ἔννια
2973 4653 3332 4722 Χριστιανῶν,
3383 4648 3536 4726 ἢχθη
3587 4649 3734 4722 πρὸς

2080 4742 2262 4799 αύτόν.
2317 4741 2413 4796 Καὶ
2472 4739 2794 4815 ἱρωτηθεὶς,
2879 4738 3218 4816 ὡμολόγησε
3289 4741 3382 4796 τὸν
3463 4740 3729 4815 Χριστόν.

2079 4827 2386 4900 Ἀπεστάλη
2419 4827 2510 4882 οὗν
2543 4827 2680 4902 πρὸς
2709 4828 2800 4882 τὸν
2834 4824 3069 4905 ἀδελφὸν
3098 4825 3199 4884 τοῦ
3233 4827 3529 4904 βασιλέως,
3569 4827 3730 4892 ὅπως

2082 4922 2170 4977 ὑπ’
2237 4916 2444 4974 ἰκείνου
2499 4917 2813 4990 τιμωρηθῇ.
2873 4914 3053 4974 ’Δλλᾶ
3106 4915 3197 4972 καὶ
3256 4917 3458 4973 ἐκεῖνον
3532 4914 3736 4991 λόγοις

2077 5008 2362 5081 θεοσόφοις
2443 5003 2688 5079 ἰλίγξας,
2764 5004 3090 5076 κατέπληξε.
3177 5005 3275 5061 Διὰ
3326 5011 3488 5062 τοῦτο
3557 5003 3737 5069 δεθεὶς

2079 5097 2369 5174 σχοινίοις,
2398 5093 2488 5150 καὶ
2519 5095 2835 5171 συσφιγγεὶς
2883 5094 2958 5156 είς
3005 5093 3140 5167 ξύλα
3196 5095 3380 5166 μέσον,
3437 5090 3730 5170 συνετρίϐη

2074 5189 2142 5244 τὰ
2170 5185 2319 5242 ὀστᾶ·
2361 5185 2476 5239 εἶτα
2534 5181 2727 5260 ἒῤῥίφη
2779 5182 2833 5238 ὲν
2892 5183 3111 5261 φυλακῇ
3180 5182 3310 5238 ὡσεὶ
3367 5185 3578 5258 νεκρὸς,
3642 5185 3728 5256 μή

2081 5278 2328 5351 μετέχων
2385 5279 2594 5349 τροφῆς
2655 5271 2742 5328 ἐπὶ
2799 5272 3039 5337 πολλαῖς
3094 5273 3352 5348 ἡμέραις.
3415 5274 3512 5330 Καὶ
3590 5275 3736 5347 μετὰ

2073 5371 2242 5423 ταῦτα
2305 5361 2593 5431 κρατηθεῖς
2671 5363 2761 5416 καὶ
2849 5357 3044 5424 Ἀϐδᾶς
3097 5363 3125 5416 ὁ
3184 5362 3500 5431 ἐπίσκοπος,
3590 5365 3738 5425 μετὰ

2075 5453 2280 5530 ἀνδρῶν
2329 5451 2498 5506 εἴκοσι
2557 5450 2645 5504 καὶ
2705 5451 2872 5520 ὀκτὼ,
2931 5446 3333 5525 πρεσϐυτέρων,
3391 5453 3480 5508 καὶ
3539 5449 3741 5508 διακό-

2055 5551 2198 5612 νων,
2226 5541 2316 5597 xui
2343 5540 2621 5613 παρθένων
2649 5539 2841 5614 ἁγίων,
2891 5539 2978 5595 καὶ
3037 5545 3329 5614 γυναικῶν,
3385 5540 3732 5616 ἀπεκλείσθη

2072 5633 2126 5690 ἐν
2167 5635 2236 5706 τῇ
2295 5627 2534 5709 φυλακῇ
2594 5625 2720 5694 ἔνθα
2775 5625 3124 5686 ἐδιδάσκοντα
3185 5630 3289 5686 ὑπὸ
3344 5635 3440 5687 τοῦ
3492 5629 3731 5688 ἐπισκό-
