4104 6196
275 435 390 495 461
1845 442 1930 503 Mt

2049 446 2112 505 S-
3568 442 3687 522 462

272 562 737 658 πουἊῦδιησοῦ·
798 568 889 624 καὶ
959 571 1091 642 μενά
1149 569 1344 646 όλίγας
1405 571 1616 646 ἡμέρας
1673 578 1774 641 τῆς
1832 594 1930 647 φυ-

2050 582 2159 634 tur.
2196 579 2444 638 Demum
2477 589 2610 656 post
2639 585 2871 657 aliquos
2900 586 3053 658 fdies
3085 605 3114 643 e
3141 607 3375 648 carcere
3427 596 3697 652 extracti.

275 656 453 726 λακῆς
482 653 862 731 ἐκϐληθέντες,
895 660 1122 721 ἅπαντες
1152 659 1680 737 ἀπεκεφαλίσθησαν.

276 757 377 811 Καὶ
440 760 628 831 μνήμη
688 762 786 837 rei}
866 761 1018 837 ὁσίου
1089 762 1310 837 llatae;
1389 763 1549 833 ἡμῶν
1635 760 1930 837 Γεωργίου,

757 829 1059 886 ἐπισκόπου
1089 829 1377 903 Μιτυλήνη
1388 829 1433 894 ς.

348 930 702 1003 Γεώργιος,ὁ
745 927 798 983 ἐν
861 928 1035 1004 ἁγίοις
1096 932 1280 1005 Πατήρ
1339 933 1525 1002 ἡμῶν,
1578 929 1637 984 ἐκ
1699 930 1930 1007 βρέφους

273 1018 370 1071 τὸν
401 1019 528 1072 Θεὸν
563 1019 849 1092 ἀγαπήσας
895 1018 985 1073 καὶ
1032 1020 1123 1073 τὸν
1173 1018 1381 1091 κόσμον
1442 1020 1696 1091 μισήσας,
1758 1017 1932 1073 ἀπελ-

275 1108 384 1161 θὼν
450 1106 503 1161 ἐν
567 1109 921 1183 μοναστηρίῳ
971 1108 1179 1184 ἐγένετο
1269 1108 1532 1183 μοναχὸς,
1592 1108 1682 1162 καὶ
1740 1127 1927 1161 ταπει-

275 1196 495 1257 νώσεως
526 1193 647 1268 ὕψει
679 1198 776 1257 τας
836 1196 1088 1268 ἐπάρσεις
1146 1200 1253 1251 τῶν
1311 1195 1588 1268 δαιμόνων
1642 1190 1930 1251 κατέϐαλε.

276 1283 570 1355 Ἐλεήμων
608 1282 664 1339 δὲ
715 1286 845 1358 ὑπὲρ
898 1288 1095 1361 μέτρον
1146 1284 1462 1358 γενόμενος,
1522 1282 1769 1358 δαψιλῶς
1818 1289 1933 1345 τοῖς

277 1378 509 1427 πεινῶσι
540 1375 657 1427 καθ’
687 1374 899 1448 ἡμέραν
932 1372 1116 1429 ἐδίδου
1168 1375 1259 1428 τὸν
1319 1371 1477 1443 ἄρτον
1534 1375 1724 1429 αύτοῦ.
1782 1373 1932 1430 Ἐπεὶ

277 1460 336 1516 δέ
368 1460 469 1516 οὐκ
500 1457 687 1527 ἔλαθεν
718 1465 753 1532 ἡ
790 1463 955 1518 αὐτοῦ
984 1464 1171 1537 ἀρετὴ,
1202 1462 1499 1526 ἐπίσκοπος
1537 1461 1928 1538 ἐχειροτονήθη

278 1547 631 1620 Μιτυλήνης,
660 1550 1003 1626 παρακλήσει
1039 1550 1232 1624 πολλῇ
1262 1555 1360 1606 τοῦ
1394 1549 1553 1607 λαοῦ.
1587 1546 1928 1627 Παραλαϐὼν

275 1636 335 1694 δὲ
364 1640 465 1708 τήν
522 1639 832 1711 ἐκκλησίαν,
888 1639 1072 1703 καλῶς
1132 1636 1448 1713 διεκυϐέρνα
1503 1640 1693 1710 αὐτήν·
1753 1640 1929 1711 πάσης

280 1730 386 1805 γάρ
420 1728 735 1803 κακοδοξίας
774 1730 1080 1806 ἀντίμαχος
1131 1728 1204 1785 ὢν
1261 1730 1347 1786 καὶ
1392 1728 1704 1804 ὀρθοδοξίας
1765 1730 1932 1804 ὑπέρ-

279 1842 491 1897 μαχος,
553 1822 771 1899 ἐρῥύετο
830 1822 995 1892 αύτὴν
1059 1822 1118 1878 ἐκ
1166 1827 1276 1878 τῶν
1336 1822 1612 1897 αἱρέσεων·
1681 1823 1929 1898 προέγνω

2041 688 2248 727 omnes
2272 674 2466 745 capite
2493 674 2650 747 plexi
2675 683 2833 731 sunt.

2040 763 2104 816 Et
2134 768 2395 820 memoria
2424 768 2609 820 sancti
2638 767 2823 843 Patris
2852 771 3025 823 nostri
3048 770 3288 840 Georgii,
3315 773 3556 843 episcopi
3582 776 3691 829 Mi-

2748 840 2964 908 tylena’.

2112 923 2360 979 Sanctus
2404 928 2578 981 Pater
2624 932 2828 983 noster
2882 930 3161 999 Georgius
3219 947 3353 985 cum
3413 949 3447 987 a
3502 949 3687 1003 puero

2042 1011 2223 1065 Deum
2249 1012 2573 1083 dilexisset,
2602 1016 3010 1088 mundumque
3043 1019 3284 1084 odisset,
3310 1021 3372 1074 in
3396 1028 3690 1077 monaste-

2040 1100 2196 1154 rium
2231 1102 2525 1171 quoddam
2559 1121 2618 1158 se
2651 1105 2970 1176 recipiens,
3004 1108 3334 1162 monachus
3366 1108 3555 1163 factus
3576 1115 3685 1177 est,

2042 1186 2501 1263 daemonumque
2517 1192 2862 1248 altitudines
2880 1194 3123 1250 demissi
3138 1197 3317 1251 animi
3335 1198 3689 1254 celsitudine

2041 1277 2275 1349 dejecit.
2310 1281 2601 1345 Quoniam
2642 1298 2777 1336 vero
2832 1300 3010 1353 supra
3058 1285 3297 1339 modum
3349 1287 3688 1342 misericors

2042 1373 2189 1431 erat,
2222 1386 2437 1439 panem
2472 1387 2644 1426 suum
2678 1371 2941 1442 quotidie
2974 1374 3335 1443 pauperibus
3366 1375 3524 1447 large
3557 1393 3690 1432 ero—

2038 1459 2228 1530 gabat.
2261 1463 2403 1514 Cum
2436 1460 2614 1531 igitur
2644 1462 2773 1532 ejus
2801 1462 2983 1516 virtus
3008 1462 3178 1534 longe
3206 1463 3457 1534 lmteque
3476 1465 3686 1519 diﬁ‘un-

2040 1547 2300 1614 deretur,
2326 1549 2515 1605 enixis
2537 1551 2739 1621 populi
2762 1551 3037 1622 precibus
3065 1552 3379 1623 episcopus
3398 1554 3688 1625 Mitylene)

2039 1637 2661 1694 ordinatuscreditam
2684 1639 2795 1694 sibi
2822 1640 3134 1695 ecclesiam
3154 1642 3375 1712 Optime
3398 1643 3688 1713 guberna-

2038 1724 2139 1791 vit,
2174 1741 2424 1797 eamque
2458 1726 2530 1781 ab
2554 1727 2879 1783 haeresibus
2901 1728 3151 1783 liberam
3178 1729 3437 1784 reddidit
3457 1731 3689 1786 hetero-

2039 1812 2328 1869 doxorum
2361 1831 2594 1870 errores
2625 1816 3007 1883 confutando,
3042 1822 3100 1872 et
3130 1818 3520 1873 orthodoxam
3580 1819 3688 1873 do-

275 1909 334 1966 δὲ
357 1912 449 1966 καὶ
479 1914 581 1981 τήν
619 1912 936 1984 μετάστασιν
969 1913 1158 1968 αὐτοῦ·
1210 1911 1301 1967 καὶ
1355 1912 1529 1965 θανὼν
1579 1912 1669 1965 καί
1721 1910 1925 1988 ταφεὶς,

2044 1905 2289 1960 ctrinam
2312 1906 3077 1979 propugnando.Postremo
3094 1925 3268 1963 suum
3287 1908 3519 1964 obirum
3534 1928 3689 1981 pra)-

272 2003 376 2069 τὴν
409 2002 585 2072 θήκην
637 2000 801 2057 αὐτοῦ
856 2003 1247 2075 παρεσκεύασεν
1304 2000 1521 2076 βλύζειν
1571 1999 1793 2073 ἰάματα,
1838 2000 1928 2054 καὶ

278 2089 557 2143 παντοίων
616 2090 904 2161 θαυμάτων
965 2091 1197 2165 χάριτας
1283 2089 1599 2162 ἐκπέμπειν,
1667 2100 1928 2163 θεραπευ-

286 2177 450 2240 ούσας
482 2178 655 2233 πάντα
684 2178 751 2233 τὰ
780 2180 921 2250 πάθη
956 2183 1064 2235 τῶν
1100 2180 1558 2253 μροσερχομένων
1596 2176 1742 2250 αύτῷ
1796 2176 1931 2251 μετὰ

280 2267 537 2327 πίστεως.

827 2467 1004 2520 ΜΠΝΙ
1044 2465 1138 2520 ΤΩ
1177 2467 1372 2520 ΑΥΤΩ.

1061 2572 1137 2628 IZ‘

272 2663 479 2735 Μνήμη
510 2664 609 2715 τοῦ
652 2659 803 2737 ἁγίου
848 2658 1162 2714 ἀποστόλου
1221 2656 1591 2735 Ἀνδρονικοῦ,
1652 2658 1769 2721 ἐνὸς
1816 2661 1924 2713 τῶν

871 2750 928 2806 Ο⁰
957 2748 1047 2804 καὶ
1082 2747 1329 2810 Ἱουνίας.

342 2867 708 2939 Ἀνδρόνικος,
766 2869 795 2922 ὁ
849 2872 946 2922 τοῦ
1024 2868 1261 2942 Χριστοῦ
1345 2864 1669 2936 ἀπόστολος,
1752 2872 1924 2922 πᾶσαν

264 2961 370 3027 την
404 2955 733 3031 οἰκουμένην
793 2954 1095 3032 περιελθὼν
1156 2955 1231 3017 ὠς
1318 2955 1640 3031 ὑπόπτερος,
1695 2955 1784 3010 καὶ
1834 2955 1926 3009 τὸν

270 3048 509 3122 Χριστὸν
569 3047 827 3121 κηρύξας,
887 3051 1059 3100 πᾶσαν
1123 3046 1217 3119 μὲν
1299 3044 1512 3114 πλάνην
1592 3045 1653 3099 ἐκ
1713 3045 1926 3120 βάθρων

271 3140 567 3205 ἀνέσπασε,
599 3142 771 3190 πᾶσαν
832 3133 890 3189 δὲ
933 3130 1205 3189 εὐσέϐειαν
1263 3135 1352 3189 καὶ
1412 3133 1741 3208 θεογνωσίαν
1794 3155 1928 3189 κατ-

274 3227 556 3304 εφύτευσε’
636 3225 1005 3297 συνεπομένην
1093 3224 1243 3295 αύτῷ
1301 3221 1468 3299 ἔχων,
1526 3224 1614 3278 καὶ
1674 3225 1926 3300 συνεργὸν

268 3320 369 3371 τοῦ
402 3315 554 3370 θείου
600 3314 976 3388 κηρύγματος,
1025 3314 1125 3380 τὴν
1186 3313 1632 3388 ὑπερθαύμαστον
1679 3314 1925 3385 Ἰουνίαν,

269 3410 353 3478 τῷ
398 3406 595 3477 κόσμῳ
652 3404 742 3458 καὶ
794 3406 862 3476 τῇ
922 3402 1078 3476 σαρκὶ
1136 3403 1516 3477 νεκρωθεῖσαν,
1570 3402 1660 3456 καὶ
1708 3405 1927 3477 Χριστῷ

276 3496 431 3568 μόνῳ
493 3497 667 3562 ζῶσαν
724 3493 815 3547 καὶ
890 3490 1349 3563 πολιτευομένην.
1434 3492 1591 3555 Ὅθεν
1678 3490 1927 3554 πολλοὺς

270 3590 381 3640 τῶν
417 3585 662 3639 ἀπίστων
719 3584 855 3653 πρὸς
914 3581 1236 3657 θεογνωσίαν
1299 3580 1644 3649 ἑλκύσαντες,
1704 3588 1794 3637 καὶ
1850 3586 1928 3653 τῷ

270 3678 502 3747 Χριστῷ
533 3674 992 3749 προσαγαγόντες,
1023 3671 1113 3726 καὶ
1146 3670 1297 3733 υἱοὺς
1358 3679 1538 3744 φωτὸς
1581 3672 1669 3725 καὶ
1717 3671 1929 3743 ἡμέρας

268 3763 361 3818 διὰ
392 3762 491 3818 to;
551 3763 695 3826 θείου
758 3762 1133 3837 βαπτίσματος
1193 3758 1641 3829 ἀποτελέσαντες,
1702 3759 1927 3815 εἷδωλι-

265 3853 400 3916 κοὺς
441 3854 536 3925 μὶν
579 3851 741 3912 ναοὺς
794 3849 1175 3927 κατέστρεφον,
1235 3849 1528 3919 ἐκκλησίας
1590 3847 1647 3904 δὲ
1693 3850 1927 3926 Χριστοῦ

268 3946 564 4017 πανταχοῦ
594 3938 997 4015 ἀνῳκοδόμουν.
1032 3939 1250 3997 Τούτων
1300 3938 1357 3994 δὲ
1398 3944 1504 3993 τῶν
1549 3940 1717 4013 ἁγίων
1777 3943 1867 3995 καί
1900 3942 1927 3995 ό

276 4037 457 4107 μέγας
517 4030 852 4092 ἀπόστολος.
912 4028 1147 4098 Παῦλος,
1182 4030 1462 4106 ὁφωστὴρ
1517 4037 1615 4098 τῆς
1670 4028 1927 4102 οἰκουμέ-

273 4145 401 4193 νης,
459 4122 733 4194 μέμνηται
793 4120 843 4174 ἐν
897 4125 1015 4180 ταῖς
1072 4118 1236 4174 αὐτοῦ
1299 4119 1669 4181 Ἐπιστολαῖς*
1726 4119 1929 4174 Ἀσπά-

276 4214 463 4280 σασθε,
515 4210 715 4286 λέγων,
767 4206 1134 4281 Ἀνδρόνικον,
1191 4209 1281 4263 καὶ
1342 4208 1588 4266 Ἰουνίαν.
1648 4208 1933 4281 Ηνεύματα

275 4299 371 4355 οὖν
418 4300 694 4373 ἀκάθαρτα
754 4296 812 4352 ἐκ
860 4298 969 4352 τῶν
1029 4296 1330 4373 ἀνθρώπων
1388 4294 1784 4370 ἀποδιώξαντες
1842 4297 1931 4353 καὶ

274 4390 423 4459 πάθη
483 4386 672 4442 ἀνίατα
731 4385 1175 4461 θεραπεύσαντες,
1243 4384 1380 4461 πρὸς
1465 4385 1665 4460 Κύριον
1748 4384 1928 4457 ἐξεδή-

278 4501 354 4552 μη
364 4499 484 4533 σαν.

272 4598 378 4655 Καὶ
442 4596 675 4665 ἄθλησις
728 4591 826 4649 τοῦ
880 4590 1371 4679 ἀγίουὶμάρτυρος
1448 4589 1785 4666 Σολόχωνος
1841 4591 1931 4647 καὶ

888 4663 998 4720 τῶν
1028 4663 1123 4719 σὺν
1153 4663 1322 4735 αύτῷ.

345 4771 410 4827 Ὀ
443 4773 543 4823 τοῦ
573 4769 811 4839 Χριστου
847 4768 1054 4839 μάρτυς
1087 4762 1358 4837 Σολόχων
1399 4763 1646 4839 ύπῆρχεδ
1699 4762 1787 4818 ἐπὶ
1833 4771 1934 4834 τῆς

278 4858 567 4934 βασιλείας
608 4859 970 4928 Μαξιμιανοῦ,
1032 4853 1327 4929 Αἰγύπτιος
1381 4854 1473 4907 τὸν
1535 4852 1711 4926 γένος,
1772 4872 1932 4927 στρα-

272 4949 486 5016 τιώτης
536 4947 637 5014 τὴν
692 4944 866 5015 τάξιν,
917 4944 1242 5016 τεταγμένος
1300 4941 1402 4996 ὑπὸ
1459 4945 1538 5012 τῷ
1587 4947 1684 5008 τῆς
1747 4942 1934 5015 χώρας

272 5031 559 5109 τριϐούνῳ
591 5034 726 5105 μετά
756 5029 1084 5106 τρισχιλίων
1130 5030 1323 5103 ἑτέρων
1367 5033 1736 5103 στρατιωτῶν.
1788 5032 1937 5085 Κατά

272 5149 395 5182 τινα
427 5124 621 5199 χρείαν
664 5121 953 5199 προστάξει
1007 5120 1266 5197 βασιλικῇ
1323 5120 1458 5192 μετὰ
1503 5123 1600 5175 τοῦ
1644 5115 1935 5192 τριϐούνου

268 5217 370 5283 τήν
410 5210 749 5281 Χαλκηδόνα
799 5205 1119 5265 κατέλαϐεν·
1178 5208 1535 5269 κελεύσαντος
1597 5206 1653 5263 δὲ
1696 5213 1794 5264 τοῦ
1845 5211 1933 5283 βαι

272 5303 480 5363 σιλέως
510 5307 628 5363 τοῖς
655 5301 993 5374 ταξιάρχοις,
1042 5299 1176 5371 μετὰ
1215 5302 1325 5352 τῶν
1384 5297 1472 5352 ὑπ’
1529 5297 1707 5352 αὐτῶν
1771 5319 1931 5373 στραο

265 5397 517 5461 τιωτὼν,
551 5395 705 5455 θῦσαι
734 5396 851 5451 τοῖς
882 5386 1157 5456 εἰδώλοις,
1188 5383 1413 5449 ἕκαστος
1464 5385 1597 5459 μετᾶ
1642 5390 1738 5441 τοῦ
1792 5385 1936 5443 ἰδίου

266 5485 581 5556 τάγματος,
629 5476 870 5534 ἐπετέλει
932 5478 1025 5540 τάς
1088 5476 1272 5539 θυσίας
1330 5477 1465 5530 κατὰ
1520 5475 1582 5530 τὸ
1640 5473 1781 5539 ἔθος,
1844 5479 1938 5533 Ὀ-

272 5574 457 5647 μοίως
496 5571 587 5626 καὶ
622 5571 650 5625 ὀ
679 5565 969 5646 τριϐοὖνος
1002 5568 1092 5623 καὶ
1145 5568 1196 5621 οἱ
1247 5566 1338 5621 σὺν
1388 5567 1559 5638 αὐτῷ.
1610 5567 1832 5622 Πάντων
1884 5566 1941 5625 δὲ

269 5666 541 5731 θνόντων,
568 5666 715 5738 τρεῖς
779 5659 936 5734 μόνοι
997 5657 1327 5729 ἀντέστησαν
1383 5661 1465 5729 τῷ
1519 5657 1793 5731 θελήματι
1843 5665 1941 5716 τοῦ

272 5750 574 5829 βασιλέως,
665 5747 1022 5825 Χριστιανοὺς
1138 5745 1361 5812 ἑαυτοὺς
1469 5743 1940 5824 ὁμολογήσαντες,

1962 4669 2009 4734 D

2036 2010 2313 2062 noscens,
2338 1995 2611 2062 decessit,
2633 1996 3020 2067 sepultusque
3051 1997 3181 2063 fuit,
3211 2014 3343 2051 cum
3369 1998 3683 2065 effecisset,

2034 2090 2101 2139 ut
2131 2101 2201 2139 ex
2233 2085 2469 2156 proprio
2503 2085 2730 2140 tumulo
2763 2086 3099 2141 curationes
3131 2087 3508 2156 scaturirent,
3543 2103 3679 2142 om-

2035 2174 2321 2244 niumque
2357 2174 2781 2229 miraculorum
2830 2175 3031 2247 gratias
3081 2175 3517 2243 emitterentur,
3552 2177 3685 2247 qui-

2034 2262 2145 2316 bus
2175 2266 2404 2318 cunctm
2438 2262 2697 2329 illorum,
2731 2264 2831 2334 qui
2863 2264 2936 2318 ad
2968 2264 3164 2335 ipsum
3196 2281 3331 2319 cum
3366 2264 3482 2319 ﬁde
3514 2281 3682 2321 acce-

2034 2351 2204 2420 dunt,
2237 2352 2584 2407 affectiones
2615 2357 2923 2408 sanantur.

2594 2476 2835 2533 EODEM
2876 2479 3126 2534 MENSE.

2534 2588 2636 2643 Die
2668 2587 2897 2642 decima
2928 2588 3181 2660 septima

2033 2676 2188 2732 108
2218 2677 2483 2732 Memoria
2510 2679 2686 2731 sanrti
2726 2679 2962 2746 apostoli
3012 2676 3342 2745 Andronici,
3393 2679 3556 2733 unius
3609 2695 3678 2733 ea:

2510 2748 2894 2818 Septuaginta,
2927 2756 2978 2804 et
3008 2751 3208 2805 Juniaz.

2107 2875 2480 2930 Andronicus
2510 2876 2725 2930 Christi
2774 2876 3099 2947 apostolus,
3157 2892 3292 2931 cum
3339 2876 3681 2931 universum

2037 2969 2327 3019 terrarum
2361 2963 2567 3018 orbem
2600 2970 2993 3034 percurreret,
3032 2964 3279 3035 perinde
3328 2981 3395 3019 ac
3435 2965 3483 3019 si
3533 2964 3680 3033 alas,

2037 3054 2252 3125 quibus
2270 3052 2987 3115 subveheretur,haberet,
3012 3054 3306 3108 Christum
3324 3054 3678 3124 praedicans,

2037 3161 2276 3199 omnem
2308 3160 2551 3215 prorsus
2584 3160 2845 3197 errorem
2878 3161 2911 3198 a
2934 3144 3337 3198 fundamentis
3360 3144 3682 3209 subvertit;

2041 3249 2278 3287 omnem
2337 3249 2470 3286 vero
2530 3232 2810 3302 pietatem
2870 3237 3046 3302 atque
3108 3233 3209 3287 Dei
3282 3233 3684 3301 cognitionem

1957 3290 2000 3356 θ
2041 3324 2347 3394 plantavit,
2375 3290 2713 3377 consortem
2743 3290 3201 3378 secumlhabens
3232 3290 3408 3392 atque
3440 3322 3686 3393 adjutri-

2033 3429 2161 3467 cem
2203 3412 2416 3466 divinze
2466 3411 2908 3482 praedicationis
2957 3411 3379 3467 admirabilem
3428 3411 3685 3480 Juniam,

2032 3500 2255 3556 mundo
2281 3506 2339 3555 et
2362 3500 2529 3555 carni
2552 3505 2872 3563 mortuam,
2905 3516 2972 3555 ac
3004 3500 3113 3554 soli
3148 3500 3379 3555 Christo
3407 3500 3594 3555 vivam
3629 3504 3687 3554 et

2031 3590 2446 3645 famulantem.
2482 3588 2647 3643 Unde
2670 3589 2891 3644 multos
2914 3606 2984 3644 ex
3004 3589 3349 3644 inﬁdelibus
3373 3589 3444 3644 ad
3470 3590 3569 3644 Dei
3590 3606 3681 3644 co-

2031 3679 2355 3751 gnitionem
2388 3678 2790 3749 petrahentes,
2824 3695 3044 3749 eosque
3071 3678 3144 3734 ad
3174 3678 3471 3733 Christum
3489 3678 3677 3733 addu-

2032 3774 2254 3830 centes,
2283 3767 2550 3837 lucisque
2572 3783 2639 3821 ac
2661 3766 2777 3822 diei
2803 3768 2957 3823 ﬁlios
2981 3786 3085 3839 per
3107 3767 3370 3822 divinum
3386 3768 3679 3839 baptisma

2032 3856 2166 3911 illos
2191 3856 2540 3922 efﬁcientes,
2574 3854 2867 3910 idolorum
2886 3856 3127 3926 quidem
3152 3856 3287 3911 fana
3314 3861 3675 3921 everterunt,

2033 3946 2316 4001 ecclesias
2348 3961 2481 3999 vero
2513 3943 2743 3999 Christo
2778 3945 2996 4016 ubique
3022 3946 3413 4000 aediﬁcarunt.
3450 3946 3673 4000 Horum

2034 4040 2374 4090 sanctorum
2398 4034 2671 4089 meminit
2688 4034 2747 4089 in
2772 4036 2893 4089 suis
2912 4035 3260 4106 Epistoliset
3280 4035 3574 4090 luminare
3589 4052 3678 4089 or-

2032 4122 2125 4178 bis
2152 4128 2445 4178 terrarum
2480 4140 2729 4194 magnus
2760 4123 3063 4194 apostolus
3093 4122 3312 4177 Paulus
3346 4139 3357 4176 :
3394 4123 3676 4188 Salutate,

2036 4209 2335 4281 inquiens,
2370 4210 2775 4265 Andronicum
2808 4215 2865 4264 et
2886 4211 3140 4266 Juniam.
3170 4212 3312 4265 Cum
3345 4209 3543 4279 itaque
3568 4209 3678 4262 im—

2036 4298 2292 4355 mundos
2352 4297 2594 4369 spiritus
2650 4314 2720 4352 ex
2784 4298 3127 4353 hominibus
3212 4298 3553 4369 ejecissent,
3628 4298 3686 4347 et

2038 4386 2401 4443 insanabiles
2425 4385 2663 4441 morbos
2686 4391 3014 4454 curassent,
3037 4385 3111 4440 ad
3128 4384 3445 4441 Dominum
3468 4383 3687 4454 migra-

2036 4482 2199 4531 runt.

2041 4601 2115 4654 Et
2166 4603 2440 4653 certamen
2488 4598 2666 4651 sancti
2721 4599 2983 4666 martyris
3041 4596 3357 4652 Solochonis
3413 4600 3462 4650 et
3516 4596 3687 4650 socio-

2787 4684 2936 4722 rum.

2118 4776 2333 4830 Christi
2370 4780 2591 4847 martyr
2621 4773 2914 4829 Solochon
2953 4774 3084 4841 fuit,
3135 4774 3470 4846 imperante
3518 4774 3689 4827 Maxi-

2046 4865 2267 4933 miano,
2298 4880 2513 4935 genere
2542 4864 2865 4935 Egyptius,
2900 4864 3270 4934 professione
3292 4864 3464 4919 miles
3486 4862 3693 4917 inscri-

2045 4958 2180 5023 ptus
2216 4952 2432 5018 ordini,
2480 4952 2572 5005 cui
2625 4950 2894 5005 tribunus
2943 4953 3201 5023 regionis
3250 4957 3501 5023 prmerat
3554 4967 3689 5005 cum

2046 5041 2179 5096 aliis
2206 5040 2394 5094 tribus
2427 5039 2693 5094 millibus
2726 5040 3004 5097 militum.
3057 5042 3200 5096 Cum
3231 5057 3365 5095 vero
3397 5041 3469 5095 ob
3502 5039 3692 5110 quod-

2046 5129 2182 5184 dam
2214 5129 2514 5201 negotium
2544 5144 2614 5182 ex
2666 5128 2945 5184 mandato
2996 5130 3372 5201 imperatoris
3421 5146 3555 5184 cum
3588 5128 3693 5182 tri-

2046 5218 2207 5273 buno
2238 5217 2673 5273 Chalcedonem
2703 5218 2978 5282 venisset,
3014 5219 3171 5273 idem
3205 5219 3529 5289 imperator
3552 5234 3697 5288 prm-

2048 5309 2205 5379 cepit
2232 5308 2481 5363 ducibus
2514 5306 2708 5376 idolis,
2744 5313 2801 5362 et
2830 5307 3046 5379 singuli
3074 5326 3205 5363 cum
3232 5309 3353 5363 suis
3405 5306 3696 5361 militibus

2051 5399 2457 5454 sacriﬁcarent
2487 5396 2684 5457 idolis,
2720 5402 2779 5451 et
2818 5397 3032 5470 singuli
3068 5416 3201 5452 cum
3236 5398 3357 5452 suis
3388 5396 3699 5451 ordinibus

2051 5486 2123 5542 de
2155 5503 2317 5541 more
2352 5486 2620 5541 victimas
2654 5486 2973 5552 offerrent;
3010 5487 3286 5541 similiter
3317 5494 3373 5541 et
3406 5486 3698 5550 tribunus,

2052 5581 2109 5630 et
2130 5575 2230 5647 qui
2253 5592 2387 5631 cum
2412 5576 2539 5646 ipso
2569 5578 2755 5629 erant.
2777 5574 3067 5631 Omnibus
3099 5584 3296 5631 autem
3332 5574 3699 5630 immolantis

2051 5662 2183 5731 bus,
2237 5670 2356 5718 tres
2407 5663 2517 5719 soli
2563 5662 2849 5719 voluntati
2902 5664 3280 5737 imperatoris
3329 5664 3697 5730 restiterunt,

2052 5753 2417 5809 Christianos
2449 5767 2577 5807 sese
2634 5751 2908 5823 professi,
2963 5752 3277 5821 Solochon,
3328 5757 3385 5808 et
3431 5751 3531 5807 alii
3581 5750 3694 5805 duo

4026 62 4043 113 ’!

4040 128 4045 187 ί

4040 202 4047 263 ι

4040 274 4049 337 Ξ

4040 340 4051 395 π

4040 422 4053 483 i
