4104 6196
461 395 579 456 463

1749 393 2184 456 MENOLOGII
2231 393 2438 456 PARS
2481 395 2586 455 Ill.

3748 407 3871 467 464

457 530 852 598 Quamobrem
884 545 1073 600 usque
1105 528 1252 584 adeo
1285 529 1420 584 caesi
1453 533 1611 597 sunt,
1651 535 1718 585 ut
1764 528 1952 584 lumbi
2009 544 2091 583 eo-

2218 521 2488 614 ξολόχων
2520 524 2611 580 καὶ
2649 521 2823 601 ἕτεροι
2883 521 3000 586 δόο.
3060 527 3161 584 Καὶ
3217 529 3478 588 τοσοῦτον
3537 531 3867 614 ὲτὺφθησαν,

458 638 591 677 rum
613 622 1166 686 intumescerent,et
1185 619 1382 690 capita
1403 636 1582 691 supra
1595 619 1838 675 modum
1861 617 2105 674 extolle»

457 716 683 767 rentur.
720 712 874 766 104
906 710 975 764 Ει
1005 708 1092 763 illi
1125 707 1367 780 quidem
1398 709 1515 765 dno
1572 709 1824 784 ﬂagellis
1869 706 2106 776 contusi

458 798 876 866 decesserunt;
909 798 1203 854 Solochon
1236 815 1370 854 vero
1423 798 1864 871 aliquantulum
1913 798 2108 855 adhuc

455 887 614 943 vixit.
656 889 906 944 Demum
927 887 1204 944 tribunus
1229 889 1414 945 nimio
1428 888 1626 944 furore
1645 888 2105 954 excandescens,

455 981 764 1048 acceptum
794 976 1088 1032 calamum
1135 977 1197 1032 in
1228 994 1432 1033 aurem
1485 979 1614 1050 ejus
1661 976 1880 1048 inﬁxit,
1929 981 2106 1048 atque

457 1067 539 1123 ita
568 1067 765 1139 ipsum
797 1065 1114 1122 interfecit.

455 1186 521 1241 Et
568 1188 830 1242 memoria
873 1186 1162 1256 Stephani,
1205 1185 1556 1312 (patriarchae
1594 1183 2106 1255 Constantinopoli-

1042 1305 1046 1309 .
1225 1275 1342 1312 am.

1225 1275 1342 1312 am.

529 1375 633 1430 Hic
659 1374 818 1429 ﬁlius
836 1372 1216 1428 fuitillustris
1239 1373 1881 1434 Basilii,Romanorum
1913 1372 2103 1443 impe-

455 1463 708 1530 ratoris;
737 1463 810 1517 ob
843 1463 1030 1533 ipsius
1061 1468 1260 1518 autem
1291 1462 1581 1532 ingenuos
1611 1478 1831 1528 mores,
1863 1478 1931 1517 ac
1960 1461 2103 1517 reli-

454 1568 634 1624 quam
663 1551 1062 1623 prudentiam,
1085 1551 1390 1622 animique
1403 1550 1897 1616 modeiationem;
1912 1557 1971 1605 et
1985 1551 2102 1604 vir-

454 1642 596 1696 tutis
613 1640 1066 1702 sublimitatem,
1093 1657 1228 1696 cum
1249 1640 1443 1696 adhuc
1459 1640 1696 1712 juvenis
1710 1645 1886 1707 esset,
1911 1640 2103 1711 impe-

449 1730 687 1797 ratoris,
720 1735 778 1785 et
808 1746 991 1785 sacrm
1019 1728 1252 1801 synodi,
1286 1728 1551 1800 clerique
1579 1730 1780 1795 totius,
1813 1746 1880 1784 ac
1897 1728 2100 1801 populi

454 1817 753 1890 suﬁ‘ragio.
789 1823 846 1872 et
875 1817 1034 1888 quod
1066 1818 1263 1888 potius
1295 1817 1612 1873 dicendum
1646 1823 1756 1885 est,
1789 1818 1891 1873 Dei
1919 1817 2100 1872 bene-

2218 611 2292 674 ὠς
2323 613 2632 688 ὀγκωθῆναι
2664 614 2730 670 τὰ
2770 615 2879 689 ψὺα
2927 619 3132 689 αὐτῶν,
3183 621 3273 674 καὶ
3325 621 3586 698 ὑπερᾶραι
3630 611 3726 686 τὰς
3774 647 3864 682 κε-

2216 699 2415 780 φαλάς.
2476 703 2576 761 Καὶ
2637 704 2689 760 οἱ
2753 705 2848 778 μὲν
2907 703 3002 762 δύο
3060 707 3112 762 ἐν
3171 713 3248 781 τῷ
3306 715 3700 788 μαστιγοῦσθαι
3753 715 3864 771 ἐτε-

2215 789 2542 863 λειώθησαν·
2578 795 2606 848 ὁ
2639 791 2695 848 δὲ
2727 793 2996 872 Σολοχων
3029 795 3108 852 ἔτι
3147 796 3265 870 ἔζη.
3318 802 3412 856 Καὶ
3465 798 3649 858 λαϐὼν
3691 803 3869 860 κάλα-

2217 902 2320 954 μον
2358 882 2386 936 ὁ
2413 877 2721 958 τριϐοῦνος,
2753 885 2840 940 καὶ
2872 885 2949 948 εἷς
2979 887 3042 942 τὸ
3071 887 3234 944 ὠτίον
3282 889 3448 946 αὑτοῦ
3499 893 3635 966 μετὰ
3683 898 3866 968 θυμοῦ

2210 973 2546 1046 καταπήξας,
2576 973 2906 1031 ἆθανάτωσεν
2933 976 3112 1034 αὐτόν.

2211 1150 2311 1205 Καὶ
2372 1152 2566 1226 μνήμη
2627 1152 2922 1232 Στεφάνου,
2957 1159 3335 1284 όίτατριὰρχου
3421 1161 3860 1218 Κωνοταντινου-

2912 1247 2952 1282 π
3028 1248 3153 1284 εως.

2912 1247 3153 1290 πολεως,

2281 1339 2454 1400 Οὗτος
2509 1339 2626 1402 υίὸς
2680 1341 2777 1414 μὶν
2829 1341 3016 1418 γὲγονε
3074 1343 3365 1402 Βασιλείου
3419 1351 3516 1402 τοῦ
3576 1346 3862 1423 ἀοιδίμου,

2214 1426 2482 1497 βασιλέως
2512 1429 2822 1502 Ῥωμαίων·
2858 1429 2949 1487 διὰ
2979 1430 3036 1488 δὲ
3078 1434 3142 1489 τὸ
3191 1435 3401 1492 ἁπλοῦν
3451 1438 3613 1508 ἧθοις
3659 1439 3861 1509 αὐτοῦ,

2207 1515 2296 1570 καὶ
2349 1538 2449 1586 την
2508 1515 2711 1588 λοιπὴν
2772 1519 3004 1594 σῦνεσιν,
3083 1524 3171 1579 καὶ
3241 1527 3587 1598 κατάστασιν,
3645 1528 3735 1584 καὶ
3791 1529 3858 1584 τὸ

2207 1611 2307 1674 τῆς
2347 1606 2544 1679 ἀρετῆς
2602 1607 2838 1683 ὑψηλὸν,
2898 1608 2976 1667 ἔτι
3031 1614 3152 1676 νὲος
3211 1611 3310 1686 ὧν,
3367 1618 3540 1691 ψήφῳ
3594 1622 3697 1673 τοῦ
3759 1620 3860 1693 βα-

2210 1694 2408 1757 σιλέως
2466 1697 2556 1751 καὶ
2607 1701 2710 1764 τῇς
2767 1700 2912 1774 ἱερᾶς
2998 1700 3248 1774 συνόδου,
3334 1705 3424 1760 καὶ
3503 1709 3704 1770 παντὸς
3758 1712 3858 1763 τοῦ

2212 1780 2426 1858 κλήρου
2455 1784 2544 1840 κκὶ
2593 1791 2690 1842 τοῦ
2739 1786 2895 1858 λαοῦ,
2948 1789 3113 1846 πλέον
3157 1789 3214 1848 δὶ
3269 1791 3440 1849 εἰπεῖν
3495 1795 3578 1850 ’ὀτι
3640 1793 3862 1870 εὐδοκία

456 1872 674 1976 placito
701 1872 1171 1976 atqueljudicio,
1232 1872 1542 1961 ordinatus
1596 1872 1708 1960 fuit
1745 1872 2091 1977 'patriarcha

2213 1872 2303 1926 καὶ
2359 1873 2534 1950 κρίσει
2591 1879 2745 1945 Θεοῦ,
2804 1876 3198 1954 ἐχειροτονήθη
3293 1885 3644 1960 πατριάρχης
3699 1893 3858 1942 Κων-

456 1995 1169 2065 Constantinopolitanus.
1205 1995 1537 2050 Collocatus
1567 2001 1764 2050 autem
1798 1995 1860 2049 in
1891 2012 2104 2066 magna

453 2088 513 2139 et
537 2099 704 2139 sacro
729 2083 962 2150 throno,
986 2089 1062 2150 et,
1089 2100 1231 2138 cura
1256 2085 1450 2156 magni
1475 2086 1664 2156 gregis
1695 2091 1991 2156 suscepta.
2024 2085 2099 2141 ad

450 2172 847 2228 Ecclesiarum
870 2173 971 2228 Dei
998 2172 1490 2246 gubernationem
1511 2173 1669 2228 anim
1681 2189 1778 2228 um
1791 2173 2098 2245 applicuit:

450 2277 567 2332 quo
594 2261 654 2315 in
679 2276 925 2316 munere
959 2266 1158 2316 custos
1179 2261 1669 2332 vigilantissimus
1703 2267 1760 2316 et
1787 2278 1959 2317 verus
1988 2264 2100 2318 Pa-

449 2354 574 2405 stor
589 2349 869 2418 fuit,suas
895 2367 1031 2406 oves
1052 2349 1125 2406 ad
1147 2367 1367 2422 pascua
1387 2349 1726 2405 orthodoxaa
1750 2349 1888 2405 ﬁdei
1910 2350 2098 2406 dedu-

449 2456 610 2506 cens,
645 2439 1056 2495 misericordia
1085 2455 1377 2510 pauperes
1407 2455 1795 2510 prosequens,
1817 2439 2022 2496 viduas
2039 2445 2099 2496 et

452 2528 752 2598 orphanos
785 2528 1134 2594 defendens,
1177 2527 1445 2598 aliosque
1494 2527 1732 2598 injuriis
1781 2545 2095 2600 oppressos

447 2617 519 2672 ab
553 2618 895 2688 iniquorum
924 2618 1200 2673 manibus
1227 2617 1484 2689 eripiens
1505 2634 1572 2673 ac
1592 2619 1708 2672 Deo
1733 2619 1793 2672 in
1815 2619 2096 2674 omnibus

457 2705 740 2760 serviens.
769 2708 911 2762 Cum
944 2723 1081 2778 ergo
1111 2707 1193 2762 ita
1224 2723 1286 2760 se
1301 2712 1550 2777 gereret.
1577 2723 1937 2778 carnemque
1960 2725 2096 2763 con-

447 2794 702 2850 tinentia
723 2803 1069 2862 maceraret,
1095 2796 1155 2851 in
1179 2797 1306 2868 ipso
1329 2797 1520 2852 aetatis
1541 2796 1688 2852 ﬂore
1709 2797 1781 2852 ad
1795 2797 2092 2854 Christum

449 2883 740 2956 migravit.

998 2984 1240 3039 EODEM
1280 2983 1530 3038 MENSE.

963 3072 1067 3128 Die
1098 3072 1330 3128 decima
1354 3077 1561 3128 octava

531 3165 816 3222 Certamen
846 3168 1024 3221 sancti
1059 3165 1327 3221 Theodoti
1350 3168 1610 3236 martyris
1640 3172 1690 3221 et
1718 3168 2008 3222 sociorum.

515 3324 851 3384 Theodotus
872 3326 1086 3382 Christi
1111 3329 1337 3397 martyr
1355 3341 1491 3382 cum
1509 3330 1639 3381 octo
1671 3327 1890 3382 sanctis
1913 3327 2090 3400 virgi-

445 3415 622 3472 nibus
665 3417 905 3484 Tecusa,
961 3415 1313 3480 Alexandra,
1362 3414 1629 3483 Claudia,
1676 3416 1924 3484 Phaina,
1975 3419 2086 3472 Eu-

444 3505 708 3576 phrasia,
741 3506 1025 3572 Matrona,
1051 3504 1207 3560 Julia
1244 3509 1304 3560 et
1330 3504 1650 3566 Theodota.
1685 3504 1795 3559 fuit
1826 3522 1895 3560 ex
1943 3507 2088 3563 urbe

447 3595 686 3650 Galatia)
718 3601 968 3665 Ancyra.
1000 3593 1250 3648 Jubente
1278 3598 1475 3648 autem
1509 3593 1674 3648 urbis
1711 3594 1986 3665 praeside,
2019 3612 2088 3651 ex

445 3683 519 3738 iis
550 3699 680 3752 quae
713 3681 1390 3748 idolisimmolabantur,
1417 3687 1654 3753 paratos
1678 3699 1782 3754 pro
1803 3684 2090 3740 Christia-

445 3772 539 3825 nis
570 3770 734 3825 cibos
761 3771 1042 3844 inspergi,
1076 3775 1142 3825 ut
1172 3771 1254 3825 ita
1273 3771 1730 3840 inquinarentur
1751 3773 1841 3842 qui
1867 3791 1965 3828 eos
1987 3773 2088 3829 de-

443 3863 798 3931 gustassent,
858 3858 984 3930 ipse
1042 3858 1461 3931 negotiationis
1545 3860 1739 3931 specie
1825 3863 2089 3918 triticum

444 3961 672 4012 emens,
706 3962 772 4002 ac
800 3963 985 4018 panes
1018 3945 1264 4008 faciens.
1323 3963 1425 4002 eos
1472 3947 1687 4002 vinctis
1737 3949 2088 4007 Christianis

445 4034 857 4092 distribuebat.
891 4035 1004 4091 Sed
1036 4041 1095 4091 et
1149 4051 1417 4090 carceres
1464 4034 1828 4108 ingrediens,
1880 4037 2089 4094 ﬁdeles

442 4123 837 4182 conﬁrmabat
864 4141 878 4179 :
907 4125 1064 4180 inter
1093 4140 1243 4195 quos
1273 4129 1442 4179 erant
1473 4129 1533 4180 et
1561 4129 1780 4181 sanctaa
1811 4131 1941 4182 octo
1972 4127 2089 4183 vir-

440 4215 628 4288 gines,
664 4230 916 4286 quarum
949 4230 1090 4280 una,
1137 4214 1360 4269 Tecusa
1407 4214 1676 4278 nomine,
1727 4219 1850 4271 erat
1899 4215 2086 4287 ipsius

440 4304 642 4361 amita.
669 4306 766 4361 Has
788 4310 986 4362 autem
1009 4303 1307 4376 lapidibus
1332 4303 1482 4360 105
1507 4303 1859 4374 alligatae,in
1884 4305 2083 4378 proxi-

438 4410 606 4451 mum
661 4394 794 4450 urbi
851 4399 1126 4466 stagnum
1184 4391 1470 4448 demersas
1529 4398 1686 4448 sunt.
1747 4394 1892 4450 Cum
1948 4410 2084 4451 vero

437 4483 773 4540 Theodotus
803 4499 1008 4540 earum
1039 4481 1325 4552 reliquias
1354 4481 1710 4554 collegisset,
1743 4498 1843 4537 eas
1869 4483 2082 4554 sepeli-

436 4575 537 4628 vit.
571 4576 986 4646 Deprehensus
1012 4573 1261 4646 proinde
1291 4579 1618 4646 captusque
1661 4575 1920 4646 primum
1952 4576 2082 4646 qui-

436 4661 572 4717 dem
603 4664 914 4719 tormentis
941 4662 1278 4735 subjicitur,
1309 4669 1678 4734 postremum
1718 4679 1854 4719 vero
1888 4665 2080 4736 capite

435 4748 734 4821 plectitur.

995 4851 1236 4906 EODEM
1276 4849 1527 4906 MENSE.

970 4957 1070 5016 Die
1101 4957 1333 5014 decima
1370 4975 1532 5015 nona

433 5055 716 5114 Certamen
771 5058 1108 5132 sacrosancti
1161 5057 1424 5132 martyris
1506 5058 1756 5129 Patricii,
1836 5057 2082 5132 episcopi

941 5130 1148 5196 Prusz,
1182 5135 1234 5184 et
1263 5129 1556 5184 sociorum.

501 5243 752 5299 Sanctus
783 5245 958 5299 Pater
986 5247 1192 5300 noster
1221 5243 1510 5300 Patricius
1538 5243 1651 5299 fuit
1682 5246 1880 5300 Pruste
1911 5245 2077 5304 urbis

429 5331 762 5405 episcopus.
798 5333 942 5388 Cum
974 5339 1171 5389 autem
1204 5332 1420 5388 Christi
1452 5333 1632 5388 ﬁdem
1679 5349 1801 5401 eos,
1853 5335 1951 5405 qui
2001 5335 2076 5392 ad

427 5423 623 5494 ipsum
655 5421 1036 5491 accedebant,
1074 5421 1368 5490 edoceret,
1402 5427 1609 5494 captus
1656 5422 1728 5478 ab
1777 5422 2075 5482 idolorum

425 5512 854 5585 cultoribus,ad
881 5501 1168 5586 Bithynius
1185 5511 1500 5585 praesidem
1513 5513 1862 5571 adducitur:
1897 5531 1930 5570 a
1956 5533 2073 5586 quo

424 5600 845 5676 interrogatus,
876 5603 1066 5660 libere
1113 5602 1414 5659 Christum
1457 5603 1758 5674 professus
1809 5609 1916 5660 est.
1970 5604 2072 5660 Di-

423 5699 594 5752 cente
646 5700 846 5755 autem
910 5693 1184 5770 prmside,
1260 5698 1546 5766 tanquam
1600 5693 1741 5752 deos
1793 5693 2073 5755 honorari

2213 1963 2734 2050 σταντινουπόλεως.
2816 1967 3258 2044 Ἐγκαθιδρυθεὶς
3327 1969 3385 2027 δὲ
3466 1979 3546 2047 τῷ
3634 1974 3859 2050 μεγάλῳ

2209 2049 2297 2104 καὶ
2331 2051 2482 2125 ἱερῷ,
2515 2053 2716 2129 θρόνῳ,
2761 2057 2850 2112 καὶ
2905 2059 3004 2126 τήν
3063 2058 3310 2134 μεγάλην
3368 2062 3612 2135 ποίμνην
3670 2049 3857 2139 ἐγχει-

2209 2139 2436 2213 ρισθεὶς,
2468 2141 2557 2196 καὶ
2586 2144 2686 2212 τήν
2719 2143 2856 2215 ὅλην
2889 2145 3148 2218 φροντίδα
3175 2154 3284 2204 τῶν
3314 2155 3412 2204 τοῦ
3444 2155 3578 2207 Θεοῦ
3617 2153 3859 2224 Ἐκκλη-

2209 2229 2339 2282 σιῶν
2420 2228 2828 2319 ἀναδεξάμενος,
2913 2233 3184 2311 ἄγρυπνος
3268 2237 3433 2317 ἐφάνη
3505 2242 3698 2319 φύλαξ,
3757 2245 3850 2299 καὶ

2205 2319 2418 2391 ποιμήν
2469 2317 2751 2392 ἀληθινὸς,
2808 2325 2950 2398 ἄγων
2984 2326 3050 2381 τὰ
3081 2323 3191 2381 ἴδια
3237 2325 3485 2402 πρόϐατα
3518 2317 3624 2385 ἡέπὶ
3681 2333 3856 2405 νομὰς

2202 2413 2304 2476 τῆς
2361 2406 2656 2481 ὀρθοδόξου
2707 2410 2960 2483 πίστεως,
3017 2414 3106 2470 καὶ
3191 2418 3455 2493 πτωχοὺς
3515 2417 3700 2489 ἐλεῶν,
3759 2421 3852 2477 καὶ

2204 2497 2504 2585 χήρας-καὶ
2539 2499 2815 2574 ὀρφανοὺς
2845 2499 3098 2574 ἐκδικῶν,
3143 2506 3232 2560 καὶ
3284 2503 3680 2581 ἀδικουμένους
3723 2529 3850 2585 χει-

2205 2587 2312 2657 ρῶν
2361 2582 2560 2640 ἀδίκων
2604 2586 2892 2664 ῥυόμενος,
2951 2591 3038 2646 καὶ
3089 2593 3183 2649 τὸν
3239 2593 3369 2649 Θεὸν
3429 2582 3849 2671 θεραπεύων-ἐν

2203 2673 2420 2731 ἅπασιν,
2481 2675 2639 2733 Οὕτω
2693 2675 2750 2735 δὲ
2805 2685 2978 2735 ποιῶν
3049 2683 3136 2737 καὶ
3221 2685 3320 2752 τήν
3409 2686 3580 2758 σάρκα
3661 2689 3847 2757 τήκων

2199 2766 2268 2836 τῇ
2300 2761 2601 2840 ἐγκρατείᾳ,
2635 2768 2688 2823 ἐν
2721 2770 2872 2842 αὑτῷ
2919 2776 2998 2844 τῷ
3050 2771 3193 2828 ἄνθει
3249 2769 3349 2844 τῆς
3404 2774 3645 2848 ἡλικίας,
3704 2778 3845 2851 πρὸς

2199 2852 2431 2925 Χριστὸν
2462 2853 2814 2930 ἐξεδήμησεν.

2741 2950 2924 3008 MHNI
2963 2953 3056 3030 Τῼ
3095 2957 3295 3032 Anq.

2974 3043 3064 3097 IH'

2199 3130 2465 3203 Ἀθλησις
2518 3139 2617 3191 τοῦ
2672 3137 2833 3212 ἁγίου
2905 3138 3192 3226 μάρτυρος
3249 3139 3514 3198 Θεοδότου
3574 3144 3664 3198 καὶ
3732 3147 3846 3199 τῶν

2870 3213 2962 3265 σὺν
2998 3213 3164 3285 αὐτῷ.

2273 3298 2536 3368 Θεόδοτος
2582 3305 2611 3359 ὁ
2648 3309 2749 3360 τοῦ
2807 3311 3052 3384 Χριστοῦ
3107 3312 3311 3386 μάρτυς
3359 3312 3493 3384 μετᾶ
3538 3316 3644 3368 τῶν
3697 3311 3844 3367 ὀκτὼ

2199 3390 2364 3475 ᾇγίων
2434 3391 2738 3467 παρθένων,
2823 3400 3116 3470 Τεκοὺσης,
3203 3398 3581 3475 Ἀλεξάνδρας,
3670 3400 3851 3456 Κλαυ-

2199 3474 2364 3544 δείας,
2397 3486 2631 3552 Φαϊνῆς,
2681 3485 3019 3562 Εὑφρασίας,
3074 3489 3403 3561 Ματρώνης,
3459 3474 3707 3558 Ἰουλίας,
3756 3491 3854 3546 καί

2199 3565 2490 3640 Θεοδότης,
2553 3571 2799 3648 ὑπῆρχεν
2881 3576 2988 3631 ἀπὸ
3077 3577 3340 3652 ’Λγκύρας
3394 3581 3490 3647 τῆς
3550 3577 3848 3642 Γαλατίας.

2198 3659 2310 3714 Τοῦ
2342 3655 2400 3712 δὶ
2430 3657 2700 3735 ἄρχοντος
2746 3670 2848 3729 τῆς
2903 3663 3120 3728 πόλεως
3175 3668 3574 3742 προστάξαντος
3621 3668 3681 3724 ἐκ
3729 3673 3841 3723 τῶν

2198 3747 2576 3817 εἲδωλοθῦτων
2606 3753 2674 3808 τὰ
2721 3755 3068 3829 Χριπιανοῖς
3120 3761 3635 3833 παρασκευαζόμενα
3689 3760 3841 3834 βρώ-

2200 3864 2342 3916 ματα
2427 3843 2854 3921 ἐπιρῥαίνεσθαι,
2939 3845 3088 3909 ὅπως
3171 3847 3492 3920 μιαίνωνται
3552 3849 3606 3903 οἱ
3662 3848 3839 3903 αὐτῶν

2198 3935 2625 4011 ἁπογευόμενοιο
2692 3935 2850 3998 αὐτὸς
2910 3934 2962 3991 ἐν
3032 3938 3280 4014 σχήματι
3340 3936 3612 4012 ἐμπορίας
3693 3943 3840 3994 οἶτον

2194 4023 2478 4100 ἀγοράζων
2507 4025 2594 4081 καὶ
2646 4021 2840 4101 ἄρτους
2897 4029 3090 4092 ποιῶν,
3151 4023 3332 4082 ἐδίδου
3383 4032 3502 4089 τοῖς
3561 4025 3842 4102 δεομένοις

2193 4114 2562 4188 Χριστιανοῖς.
2610 4113 2787 4172 Ἀλλᾶ
2840 4114 2930 4170 καὶ
2989 4115 3043 4170 ἒν
3096 4121 3215 4178 ταῖς
3274 4115 3543 4195 φυλακαῖς
3601 4117 3847 4193 εἰσερχό-

2197 4201 2537 4276 μενος,τοί›ς
2563 4203 2788 4266 πιστοὺς
2847 4203 3145 4279 ἐστήριξενο
3204 4204 3262 4275 ἐζ
3309 4205 3382 4260 ὦν
3437 4209 3572 4277 ἦσαν
3637 4208 3724 4261 καὶ
3784 4207 3841 4262 αἱ

2195 4293 2339 4368 ἅγιαι
2373 4291 2518 4347 ὀκτὼ
2553 4291 2832 4368 παρθένοι·
2885 4291 2958 4348 ὧν
3013 4294 3108 4367 μία
3155 4297 3191 4364 ἠ
3244 4293 3523 4369 λεγομένη
3571 4299 3838 4365 Τεκοῦσα,

2197 4380 2442 4456 ὑπῆρχεν
2499 4380 2665 4437 αὑτοῦ
2723 4382 2858 4446 θεία.
2919 4381 3134 4445 Δί’τινες
3193 4381 3374 4447 λίθοις
3430 4383 3839 4459 προσδεθεῖσαι,

2192 4468 2622 4548 ἕναπεῤῥίφησαν
2698 4474 2768 4544 τῇ
2849 4473 3222 4548 παρακειμένῃ
3287 4476 3356 4546 τῇ
3414 4470 3574 4529 πόλει
3640 4471 3838 4546 λίμνῃ.

2191 4558 2282 4614 καὶ
2313 4553 2501 4615 λαϐὼν
2532 4560 2562 4614 ὁ
2592 4557 2948 4624 Θεόδοτοςτᾶ
2993 4559 3219 4634 λείψανα
3261 4559 3462 4631 αὐτῶν,
3513 4556 3694 4635 ἔθαψε·
3743 4563 3840 4617 καὶ

2192 4644 2538 4722 διαγνωσθεὶς
2593 4647 2891 4724 ἐκρατήθη.
2949 4649 3052 4708 Καὶ
3116 4649 3458 4724 τιμωρηθεὶς
3543 4650 3837 4726 πρότερον,

2187 4733 2408 4813 ὕστερον
2441 4737 2867 4812 ἀπεκεφαλίσθη.

2730 4846 2915 4904 ΜΙΙΝΙ
2953 4847 3043 4903 ΤΩ
3081 4851 3279 4905 ΛΥΤΩ.

2966 4955 3050 5009 ΙΘ⁹

2185 5052 2456 5122 ’Ᾱθλησις
2532 5054 2630 5106 τοῦ
2741 5049 2901 5126 ἁγίου
3007 5053 3406 5179 ἱερομάρτυρος
3516 5052 3836 5130 Πατρικίου,

2417 5123 2715 5178 ἐπισκόπου
2746 5122 3022 5179 Ποοὺσης.
3053 5145 3123 5179 κα
3174 5129 3282 5179 τῶν
3315 5125 3408 5179 σὺν
3440 5125 3607 5179 αὑτῶ.

2417 5123 2715 5178 ἐπισκόπου
2746 5122 3022 5198 Προὺσης,
3053 5122 3145 5180 καὶ
3174 5122 3282 5180 τῶν
3309 5122 3408 5180 σὺν
3440 5125 3607 5199 αὐτῷ.

2254 5241 2316 5298 Ὀ
2370 5239 2420 5294 ἐν
2480 5236 2652 5316 ἁγίοις
2707 5241 2894 5316 Πατὴρ
2953 5242 3118 5315 ἡμῶν
3189 5241 3487 5318 Πατρίκιος
3577 5243 3829 5318 ὑπῆρχεν

2185 5327 2477 5392 ἰπίσκοπος
2507 5330 2606 5397 τῆς
2636 5325 2853 5392 πόλεως
2886 5330 3157 5405 Προὺσης⁸
3187 5335 3278 5388 καὶ
3311 5330 3401 5388 διὰ
3444 5332 3506 5388 τὸ
3555 5329 3829 5388 διδάσκειν

2181 5419 2280 5488 τήν
2314 5417 2391 5483 είς
2417 5417 2648 5495 Χριστὸν
2695 5418 2876 5474 πίστιν
2931 5419 3060 5483 τοὺς
3116 5423 3599 5499 προσερχομένους
3649 5422 3828 5493 αὐτῷ,

2181 5507 2468 5584 κρατηθεὶς
2501 5506 2645 5583 παρὰ
2668 5511 2774 5563 τῶν
2816 5505 3264 5587 εἴδωλολατρῶν,
3316 5510 3555 5583 παρέστη
3599 5517 3680 5584 τῷ
3727 5514 3833 5580 τῆς

2182 5596 2430 5660 Βιθυνίας
2461 5593 2709 5672 ἄρχοντι·
2742 5599 2831 5652 καὶ
2887 5596 3180 5674 ἐρωτηθεὶς
3231 5599 3565 5676 ὡμολόγησε
3611 5599 3838 5678 παρῥη-

2181 5689 2273 5762 σίᾳ
2301 5685 2394 5744 τὸν
2429 5686 2684 5764 Χριστόν.
2717 5689 2830 5746 Τοῦ
2887 5684 2945 5744 δὲ
3001 5685 3271 5766 ἄρχοντος
3321 5690 3586 5765 εἰπόντος,
3645 5690 3723 5754 ὡς
3784 5691 3848 5747 οἱ
