  <div class='ocr_page' id='page_1' title='image "/cluster/home/n/w/nwhite01/storage/ocr_20150623/117/hvd.32044073502239/238.png"; bbox 0 0 4086 6204; ppageno 0'>
   <div class='ocr_carea' id='block_1_1' title="bbox 297 380 414 440">
    <p class='ocr_par' dir='ltr' id='par_1_1' title="bbox 297 380 414 440">
     <span class='ocr_line' id='line_1_1' title="bbox 297 380 414 440; baseline 0 0"><span class='ocrx_word' id='word_1_1' title='bbox 297 380 414 440; x_wconf 72' lang='grc'>465</span> 
     </span>
    </p>
   </div>
   <div class='ocr_carea' id='block_1_2' title="bbox 1886 374 2156 440">
    <p class='ocr_par' dir='ltr' id='par_1_2' title="bbox 1886 374 2156 440">
     <span class='ocr_line' id='line_1_2' title="bbox 1886 374 2156 440; baseline 0.007 -4"><span class='ocrx_word' id='word_1_2' title='bbox 1886 374 2156 440; x_wconf 84' lang='lat' dir='ltr'>MAIUS.</span> 
     </span>
    </p>
   </div>
   <div class='ocr_carea' id='block_1_3' title="bbox 3592 373 3707 436">
    <p class='ocr_par' dir='ltr' id='par_1_3' title="bbox 3592 373 3707 436">
     <span class='ocr_line' id='line_1_3' title="bbox 3592 373 3707 436; baseline -0.017 0"><span class='ocrx_word' id='word_1_3' title='bbox 3592 373 3707 436; x_wconf 76' lang='grc'>466</span> 
     </span>
    </p>
   </div>
   <div class='ocr_carea' id='block_1_4' title="bbox 298 505 1958 587">
    <p class='ocr_par' dir='ltr' id='par_1_4' title="bbox 298 505 1951 587">
     <span class='ocr_line' id='line_1_4' title="bbox 298 505 1951 587; baseline -0.004 -20"><span class='ocrx_word' id='word_1_4' title='bbox 298 510 413 577; x_wconf 83' lang='grc' dir='ltr'>θεοὶ</span> <span class='ocrx_word' id='word_1_5' title='bbox 472 506 754 587; x_wconf 78' lang='grc' dir='ltr'>ὀφείλουσι</span> <span class='ocrx_word' id='word_1_6' title='bbox 813 513 1094 583; x_wconf 78' lang='grc' dir='ltr'>τιμᾶσθαι,</span> <span class='ocrx_word' id='word_1_7' title='bbox 1160 505 1308 577; x_wconf 77' lang='grc' dir='ltr'>Ζεὺς,</span> <span class='ocrx_word' id='word_1_8' title='bbox 1357 507 1447 562; x_wconf 84' lang='grc' dir='ltr'>καὶ</span> <span class='ocrx_word' id='word_1_9' title='bbox 1501 505 1814 576; x_wconf 84' lang='grc' dir='ltr'>Ἀπόλλων,</span> <span class='ocrx_word' id='word_1_10' title='bbox 1861 505 1951 563; x_wconf 83' lang='grc' dir='ltr'>καὶ</span> 
     </span>
    </p>
   </div>
   <div class='ocr_carea' id='block_1_5' title="bbox 2068 505 3714 587">
    <p class='ocr_par' dir='ltr' id='par_1_5' title="bbox 2068 508 3714 587">
     <span class='ocr_line' id='line_1_5' title="bbox 2068 508 3714 587; baseline -0.002 -18"><span class='ocrx_word' id='word_1_11' title='bbox 2068 518 2341 587; x_wconf 80' lang='lat' dir='ltr'>oportere</span> <span class='ocrx_word' id='word_1_12' title='bbox 2394 515 2612 579; x_wconf 85' lang='lat' dir='ltr'>Jovem,</span> <span class='ocrx_word' id='word_1_13' title='bbox 2674 510 3034 585; x_wconf 83' lang='lat' dir='ltr'>Apollinem,</span> <span class='ocrx_word' id='word_1_14' title='bbox 3092 508 3407 580; x_wconf 86' lang='lat' dir='ltr'>Bacchum,</span> <span class='ocrx_word' id='word_1_15' title='bbox 3450 525 3518 565; x_wconf 90' lang='lat' dir='ltr'>ac</span> <span class='ocrx_word' id='word_1_16' title='bbox 3574 509 3714 565; x_wconf 87' lang='lat' dir='ltr'>reli-</span> 
     </span>
    </p>
   </div>
   <div class='ocr_carea' id='block_1_6' title="bbox 298 596 1956 670">
    <p class='ocr_par' dir='ltr' id='par_1_6' title="bbox 298 596 1956 670">
     <span class='ocr_line' id='line_1_6' title="bbox 298 596 1956 670; baseline -0.003 -14"><span class='ocrx_word' id='word_1_17' title='bbox 298 599 601 668; x_wconf 84' lang='grc' dir='ltr'>Διονύσιος,</span> <span class='ocrx_word' id='word_1_18' title='bbox 650 600 738 653; x_wconf 81' lang='grc' dir='ltr'>καὶ</span> <span class='ocrx_word' id='word_1_19' title='bbox 799 599 852 653; x_wconf 77' lang='grc' dir='ltr'>οἱ</span> <span class='ocrx_word' id='word_1_20' title='bbox 906 596 1117 669; x_wconf 79' lang='grc' dir='ltr'>λοιποὶ,</span> <span class='ocrx_word' id='word_1_21' title='bbox 1179 598 1252 651; x_wconf 82' lang='grc' dir='ltr'>ὧν</span> <span class='ocrx_word' id='word_1_22' title='bbox 1306 600 1375 669; x_wconf 78' lang='grc' dir='ltr'>τῇ</span> <span class='ocrx_word' id='word_1_23' title='bbox 1434 597 1663 670; x_wconf 87' lang='grc' dir='ltr'>προνοίᾳ</span> <span class='ocrx_word' id='word_1_24' title='bbox 1688 598 1757 653; x_wconf 80' lang='grc' dir='ltr'>τά</span> <span class='ocrx_word' id='word_1_25' title='bbox 1782 598 1956 669; x_wconf 72' lang='grc' dir='ltr'>θερμά</span> 
     </span>
    </p>
   </div>
   <div class='ocr_carea' id='block_1_7' title="bbox 297 686 1952 762">
    <p class='ocr_par' dir='ltr' id='par_1_7' title="bbox 297 686 1952 762">
     <span class='ocr_line' id='line_1_7' title="bbox 297 686 1952 762; baseline -0.004 -17"><span class='ocrx_word' id='word_1_26' title='bbox 297 690 466 746; x_wconf 79' lang='grc' dir='ltr'>ὕδατα</span> <span class='ocrx_word' id='word_1_27' title='bbox 525 687 869 743; x_wconf 82' lang='grc' dir='ltr'>ἀναδίδονται</span> <span class='ocrx_word' id='word_1_28' title='bbox 945 687 1042 742; x_wconf 55' lang='grc' dir='ltr'>ἐπ’Δ</span> <span class='ocrx_word' id='word_1_29' title='bbox 1112 686 1386 762; x_wconf 78' lang='grc' dir='ltr'>εὐεργεσίᾳ</span> <span class='ocrx_word' id='word_1_30' title='bbox 1441 692 1547 742; x_wconf 79' lang='grc' dir='ltr'>τῶν</span> <span class='ocrx_word' id='word_1_31' title='bbox 1633 687 1952 761; x_wconf 85' lang='grc' dir='ltr'>ἀνθρώπων·</span> 
     </span>
    </p>
   </div>
   <div class='ocr_carea' id='block_1_8' title="bbox 298 773 1953 852">
    <p class='ocr_par' dir='ltr' id='par_1_8' title="bbox 298 773 1953 852">
     <span class='ocr_line' id='line_1_8' title="bbox 298 773 1953 852; baseline -0.004 -16"><span class='ocrx_word' id='word_1_32' title='bbox 298 780 590 848; x_wconf 68' lang='grc' dir='ltr'>ἀντέφησεν</span> <span class='ocrx_word' id='word_1_33' title='bbox 626 780 654 833; x_wconf 89' lang='lat'>6</span> <span class='ocrx_word' id='word_1_34' title='bbox 687 780 860 852; x_wconf 77' lang='grc' dir='ltr'>ἅγιος,</span> <span class='ocrx_word' id='word_1_35' title='bbox 896 778 977 832; x_wconf 79' lang='grc' dir='ltr'>ὅτι</span> <span class='ocrx_word' id='word_1_36' title='bbox 1037 777 1120 834; x_wconf 80' lang='grc' dir='ltr'>Τὰ</span> <span class='ocrx_word' id='word_1_37' title='bbox 1172 777 1348 850; x_wconf 74' lang='grc' dir='ltr'>θερμὰ</span> <span class='ocrx_word' id='word_1_38' title='bbox 1391 774 1557 831; x_wconf 75' lang='grc' dir='ltr'>ὕδατα</span> <span class='ocrx_word' id='word_1_39' title='bbox 1603 780 1671 849; x_wconf 77' lang='grc' dir='ltr'>τῇ</span> <span class='ocrx_word' id='word_1_40' title='bbox 1727 773 1953 848; x_wconf 80' lang='grc' dir='ltr'>δυνάμει</span> 
     </span>
    </p>
   </div>
   <div class='ocr_carea' id='block_1_9' title="bbox 296 863 1956 943">
    <p class='ocr_par' dir='ltr' id='par_1_9' title="bbox 296 863 1956 943">
     <span class='ocr_line' id='line_1_9' title="bbox 296 863 1956 943; baseline -0.004 -17"><span class='ocrx_word' id='word_1_41' title='bbox 296 874 395 926; x_wconf 89' lang='grc' dir='ltr'>τοῦ</span> <span class='ocrx_word' id='word_1_42' title='bbox 428 871 667 943; x_wconf 82' lang='grc' dir='ltr'>Χριστοῦ</span> <span class='ocrx_word' id='word_1_43' title='bbox 700 864 1066 931; x_wconf 85' lang='grc' dir='ltr'>ἀναδίδονται,</span> <span class='ocrx_word' id='word_1_44' title='bbox 1112 865 1202 920; x_wconf 81' lang='grc' dir='ltr'>καὶ</span> <span class='ocrx_word' id='word_1_45' title='bbox 1253 865 1383 940; x_wconf 82' lang='grc' dir='ltr'>ούχὶ</span> <span class='ocrx_word' id='word_1_46' title='bbox 1421 870 1529 920; x_wconf 82' lang='grc' dir='ltr'>τῶν</span> <span class='ocrx_word' id='word_1_47' title='bbox 1563 863 1831 937; x_wconf 75' lang='grc' dir='ltr'>εἲδώλων,</span> <span class='ocrx_word' id='word_1_48' title='bbox 1868 865 1956 935; x_wconf 77' lang='grc' dir='ltr'>ξύ-</span> 
     </span>
    </p>
   </div>
   <div class='ocr_carea' id='block_1_10' title="bbox 296 955 1957 1032">
    <p class='ocr_par' dir='ltr' id='par_1_10' title="bbox 296 955 1957 1032">
     <span class='ocr_line' id='line_1_10' title="bbox 296 955 1957 1032; baseline -0.004 -17"><span class='ocrx_word' id='word_1_49' title='bbox 296 960 408 1015; x_wconf 83' lang='grc' dir='ltr'>λων</span> <span class='ocrx_word' id='word_1_50' title='bbox 443 955 614 1013; x_wconf 80' lang='grc' dir='ltr'>ὄντων</span> <span class='ocrx_word' id='word_1_51' title='bbox 646 956 901 1031; x_wconf 82' lang='grc' dir='ltr'>ἀψύχων,</span> <span class='ocrx_word' id='word_1_52' title='bbox 930 958 1020 1011; x_wconf 84' lang='grc' dir='ltr'>καὶ</span> <span class='ocrx_word' id='word_1_53' title='bbox 1056 955 1230 1032; x_wconf 77' lang='grc' dir='ltr'>λίφων</span> <span class='ocrx_word' id='word_1_54' title='bbox 1268 956 1632 1025; x_wconf 82' lang='grc' dir='ltr'>ἀναισθήτων.</span> <span class='ocrx_word' id='word_1_55' title='bbox 1666 955 1763 1009; x_wconf 83' lang='grc' dir='ltr'>Διὰ</span> <span class='ocrx_word' id='word_1_56' title='bbox 1789 958 1957 1009; x_wconf 87' lang='grc' dir='ltr'>ταῦτα</span> 
     </span>
    </p>
   </div>
   <div class='ocr_carea' id='block_1_11' title="bbox 294 1042 1955 1121">
    <p class='ocr_par' dir='ltr' id='par_1_11' title="bbox 294 1042 1955 1121">
     <span class='ocr_line' id='line_1_11' title="bbox 294 1042 1955 1121; baseline -0.002 -18"><span class='ocrx_word' id='word_1_57' title='bbox 294 1046 600 1121; x_wconf 75' lang='grc' dir='ltr'>ἐμϐληθεὶς</span> <span class='ocrx_word' id='word_1_58' title='bbox 631 1046 706 1107; x_wconf 85' lang='grc' dir='ltr'>εἰς</span> <span class='ocrx_word' id='word_1_59' title='bbox 740 1046 875 1101; x_wconf 87' lang='grc' dir='ltr'>αὐτά</span> <span class='ocrx_word' id='word_1_60' title='bbox 924 1045 992 1100; x_wconf 76' lang='grc' dir='ltr'>τά</span> <span class='ocrx_word' id='word_1_61' title='bbox 1038 1045 1213 1118; x_wconf 85' lang='grc' dir='ltr'>θερμά</span> <span class='ocrx_word' id='word_1_62' title='bbox 1265 1043 1616 1119; x_wconf 74' lang='grc' dir='ltr'>κογλάζοντα</span> <span class='ocrx_word' id='word_1_63' title='bbox 1649 1043 1759 1119; x_wconf 85' lang='grc' dir='ltr'>βίᾳ,</span> <span class='ocrx_word' id='word_1_64' title='bbox 1793 1042 1955 1114; x_wconf 80' lang='grc' dir='ltr'>ἐξῆλ-</span> 
     </span>
    </p>
   </div>
   <div class='ocr_carea' id='block_1_12' title="bbox 297 1130 1956 1211">
    <p class='ocr_par' dir='ltr' id='par_1_12' title="bbox 297 1130 1956 1211">
     <span class='ocr_line' id='line_1_12' title="bbox 297 1130 1956 1211; baseline -0.003 -20"><span class='ocrx_word' id='word_1_65' title='bbox 297 1148 383 1202; x_wconf 88' lang='grc' dir='ltr'>θεν</span> <span class='ocrx_word' id='word_1_66' title='bbox 420 1137 598 1211; x_wconf 71' lang='grc' dir='ltr'>ὑγιὴς,</span> <span class='ocrx_word' id='word_1_67' title='bbox 630 1140 737 1191; x_wconf 79' lang='grc' dir='ltr'>τῶν</span> <span class='ocrx_word' id='word_1_68' title='bbox 767 1134 982 1208; x_wconf 80' lang='grc' dir='ltr'>δημίων</span> <span class='ocrx_word' id='word_1_69' title='bbox 1026 1137 1263 1190; x_wconf 79' lang='grc' dir='ltr'>καέντων</span> <span class='ocrx_word' id='word_1_70' title='bbox 1323 1134 1557 1189; x_wconf 74' lang='grc' dir='ltr'>πάντωψ</span> <span class='ocrx_word' id='word_1_71' title='bbox 1618 1133 1708 1188; x_wconf 86' lang='grc' dir='ltr'>καὶ</span> <span class='ocrx_word' id='word_1_72' title='bbox 1766 1130 1956 1207; x_wconf 80' lang='grc' dir='ltr'>διαφό-</span> 
     </span>
    </p>
   </div>
   <div class='ocr_carea' id='block_1_13' title="bbox 295 1220 1958 1302">
    <p class='ocr_par' dir='ltr' id='par_1_13' title="bbox 295 1220 1958 1302">
     <span class='ocr_line' id='line_1_13' title="bbox 295 1220 1958 1302; baseline -0.004 -21"><span class='ocrx_word' id='word_1_73' title='bbox 295 1246 407 1302; x_wconf 90' lang='grc' dir='ltr'>ρως</span> <span class='ocrx_word' id='word_1_74' title='bbox 460 1226 729 1300; x_wconf 88' lang='grc' dir='ltr'>πρότερον</span> <span class='ocrx_word' id='word_1_75' title='bbox 782 1222 1148 1299; x_wconf 74' lang='grc' dir='ltr'>βασανισθεὶς,</span> <span class='ocrx_word' id='word_1_76' title='bbox 1208 1221 1427 1297; x_wconf 75' lang='grc' dir='ltr'>ὕστερον</span> <span class='ocrx_word' id='word_1_77' title='bbox 1492 1224 1587 1292; x_wconf 76' lang='grc' dir='ltr'>τήν</span> <span class='ocrx_word' id='word_1_78' title='bbox 1643 1220 1732 1277; x_wconf 79' lang='grc' dir='ltr'>διὰ</span> <span class='ocrx_word' id='word_1_79' title='bbox 1771 1221 1958 1299; x_wconf 77' lang='grc' dir='ltr'>ξίφους</span> 
     </span>
    </p>
   </div>
   <div class='ocr_carea' id='block_1_14' title="bbox 293 1309 1955 1388">
    <p class='ocr_par' dir='ltr' id='par_1_14' title="bbox 293 1309 1955 1388">
     <span class='ocr_line' id='line_1_14' title="bbox 293 1309 1955 1388; baseline -0.003 -16"><span class='ocrx_word' id='word_1_80' title='bbox 293 1312 510 1385; x_wconf 73' lang='grc' dir='ltr'>ἐδέξατο</span> <span class='ocrx_word' id='word_1_81' title='bbox 566 1314 851 1385; x_wconf 73' lang='grc' dir='ltr'>τελευτὴν,</span> <span class='ocrx_word' id='word_1_82' title='bbox 939 1314 1073 1386; x_wconf 86' lang='grc' dir='ltr'>μετά</span> <span class='ocrx_word' id='word_1_83' title='bbox 1128 1312 1408 1383; x_wconf 78' lang='grc' dir='ltr'>Ἀκακίου,</span> <span class='ocrx_word' id='word_1_84' title='bbox 1474 1313 1566 1367; x_wconf 84' lang='grc' dir='ltr'>καὶ</span> <span class='ocrx_word' id='word_1_85' title='bbox 1620 1309 1955 1388; x_wconf 69' lang='grc' dir='ltr'>Μενάνδρου,</span> 
     </span>
    </p>
   </div>
   <div class='ocr_carea' id='block_1_15' title="bbox 289 1401 1385 1475">
    <p class='ocr_par' dir='ltr' id='par_1_15' title="bbox 289 1401 1385 1475">
     <span class='ocr_line' id='line_1_15' title="bbox 289 1401 1385 1475; baseline -0.003 -14"><span class='ocrx_word' id='word_1_86' title='bbox 289 1405 378 1461; x_wconf 84' lang='grc' dir='ltr'>καὶ</span> <span class='ocrx_word' id='word_1_87' title='bbox 409 1403 742 1472; x_wconf 83' lang='grc' dir='ltr'>Ηολυαίνου,</span> <span class='ocrx_word' id='word_1_88' title='bbox 769 1407 875 1458; x_wconf 78' lang='grc' dir='ltr'>τῶν</span> <span class='ocrx_word' id='word_1_89' title='bbox 912 1403 1167 1475; x_wconf 82' lang='grc' dir='ltr'>μαθητῶν</span> <span class='ocrx_word' id='word_1_90' title='bbox 1200 1401 1385 1458; x_wconf 84' lang='grc' dir='ltr'>αὐτοῦ.</span> 
     </span>
    </p>
   </div>
   <div class='ocr_carea' id='block_1_16' title="bbox 406 1541 1847 1623">
    <p class='ocr_par' dir='ltr' id='par_1_16' title="bbox 406 1541 1847 1623">
     <span class='ocr_line' id='line_1_16' title="bbox 406 1541 1847 1623; baseline -0.001 -21"><span class='ocrx_word' id='word_1_91' title='bbox 406 1549 505 1602; x_wconf 79' lang='grc' dir='ltr'>Καὶ</span> <span class='ocrx_word' id='word_1_92' title='bbox 537 1545 770 1618; x_wconf 76' lang='grc' dir='ltr'>ἄθλησις</span> <span class='ocrx_word' id='word_1_93' title='bbox 823 1550 921 1602; x_wconf 84' lang='grc' dir='ltr'>τοῦ</span> <span class='ocrx_word' id='word_1_94' title='bbox 972 1547 1128 1623; x_wconf 75' lang='grc' dir='ltr'>άγίου</span> <span class='ocrx_word' id='word_1_95' title='bbox 1183 1543 1455 1622; x_wconf 83' lang='grc' dir='ltr'>μάρτυρος</span> <span class='ocrx_word' id='word_1_96' title='bbox 1494 1541 1847 1606; x_wconf 87' lang='grc' dir='ltr'>Κολλούθου.</span> 
     </span>
    </p>
   </div>
   <div class='ocr_carea' id='block_1_17' title="bbox 368 1685 1955 1766">
    <p class='ocr_par' dir='ltr' id='par_1_17' title="bbox 368 1685 1955 1766">
     <span class='ocr_line' id='line_1_17' title="bbox 368 1685 1955 1766; baseline -0.004 -19"><span class='ocrx_word' id='word_1_97' title='bbox 368 1692 434 1747; x_wconf 83' lang='grc' dir='ltr'><strong>Ὀ</strong></span> <span class='ocrx_word' id='word_1_98' title='bbox 463 1694 563 1745; x_wconf 90' lang='grc' dir='ltr'>τοῦ</span> <span class='ocrx_word' id='word_1_99' title='bbox 621 1693 862 1766; x_wconf 87' lang='grc' dir='ltr'>Χριστοῦ</span> <span class='ocrx_word' id='word_1_100' title='bbox 923 1691 1128 1764; x_wconf 86' lang='grc' dir='ltr'>μάρτυς</span> <span class='ocrx_word' id='word_1_101' title='bbox 1184 1686 1506 1751; x_wconf 86' lang='grc' dir='ltr'>Κολλοῦθος</span> <span class='ocrx_word' id='word_1_102' title='bbox 1565 1688 1811 1763; x_wconf 78' lang='grc' dir='ltr'>ὑπῆρχεν</span> <span class='ocrx_word' id='word_1_103' title='bbox 1869 1685 1955 1741; x_wconf 77' lang='grc' dir='ltr'>ἐπὶ</span> 
     </span>
    </p>
   </div>
   <div class='ocr_carea' id='block_1_18' title="bbox 299 1773 1960 1856">
    <p class='ocr_par' dir='ltr' id='par_1_18' title="bbox 299 1773 1960 1856">
     <span class='ocr_line' id='line_1_18' title="bbox 299 1773 1960 1856; baseline -0.003 -21"><span class='ocrx_word' id='word_1_104' title='bbox 299 1784 400 1849; x_wconf 73' lang='grc' dir='ltr'>τῆς</span> <span class='ocrx_word' id='word_1_105' title='bbox 436 1778 719 1856; x_wconf 75' lang='grc' dir='ltr'>βασιλείας</span> <span class='ocrx_word' id='word_1_106' title='bbox 777 1781 1138 1851; x_wconf 77' lang='grc' dir='ltr'>Μαξιμιανοῦ,</span> <span class='ocrx_word' id='word_1_107' title='bbox 1194 1777 1252 1833; x_wconf 83' lang='grc' dir='ltr'>ἐκ</span> <span class='ocrx_word' id='word_1_108' title='bbox 1310 1773 1583 1848; x_wconf 69' lang='grc' dir='ltr'>Θηϐαῒδος</span> <span class='ocrx_word' id='word_1_109' title='bbox 1615 1775 1831 1840; x_wconf 85' lang='grc' dir='ltr'>πόλεως</span> <span class='ocrx_word' id='word_1_110' title='bbox 1858 1782 1960 1844; x_wconf 77' lang='grc' dir='ltr'>τῆς</span> 
     </span>
    </p>
   </div>
   <div class='ocr_carea' id='block_1_19' title="bbox 2062 598 3713 677">
    <p class='ocr_par' dir='ltr' id='par_1_19' title="bbox 2062 598 3713 677">
     <span class='ocr_line' id='line_1_19' title="bbox 2062 598 3713 677; baseline -0.002 -18"><span class='ocrx_word' id='word_1_111' title='bbox 2062 621 2231 677; x_wconf 92' lang='lat' dir='ltr'>quos,</span> <span class='ocrx_word' id='word_1_112' title='bbox 2266 622 2516 676; x_wconf 90' lang='lat' dir='ltr'>quorum</span> <span class='ocrx_word' id='word_1_113' title='bbox 2542 603 2912 676; x_wconf 72' lang='lat' dir='ltr'>providentia</span> <span class='ocrx_word' id='word_1_114' title='bbox 2941 600 3147 656; x_wconf 68' lang='lat' dir='ltr'>calidas</span> <span class='ocrx_word' id='word_1_115' title='bbox 3188 617 3356 671; x_wconf 63' lang='lat' dir='ltr'>aquai</span> <span class='ocrx_word' id='word_1_116' title='bbox 3402 600 3466 655; x_wconf 91' lang='lat' dir='ltr'>in</span> <span class='ocrx_word' id='word_1_117' title='bbox 3512 598 3713 655; x_wconf 86' lang='lat' dir='ltr'>homi-</span> 
     </span>
    </p>
   </div>
   <div class='ocr_carea' id='block_1_20' title="bbox 2060 692 3712 766">
    <p class='ocr_par' dir='ltr' id='par_1_20' title="bbox 2060 692 3712 766">
     <span class='ocr_line' id='line_1_20' title="bbox 2060 692 3712 766; baseline -0.004 -13"><span class='ocrx_word' id='word_1_118' title='bbox 2060 714 2205 753; x_wconf 86' lang='lat' dir='ltr'>num</span> <span class='ocrx_word' id='word_1_119' title='bbox 2263 697 2621 753; x_wconf 83' lang='lat' dir='ltr'>benellciurn</span> <span class='ocrx_word' id='word_1_120' title='bbox 2674 699 3014 766; x_wconf 89' lang='lat' dir='ltr'>erumpunt,</span> <span class='ocrx_word' id='word_1_121' title='bbox 3058 692 3367 762; x_wconf 85' lang='lat' dir='ltr'>respondit</span> <span class='ocrx_word' id='word_1_122' title='bbox 3423 697 3712 747; x_wconf 89' lang='lat' dir='ltr'>sanctus:</span> 
     </span>
    </p>
   </div>
   <div class='ocr_carea' id='block_1_21' title="bbox 2060 784 3713 858">
    <p class='ocr_par' dir='ltr' id='par_1_21' title="bbox 2060 784 3713 858">
     <span class='ocr_line' id='line_1_21' title="bbox 2060 784 3713 858; baseline -0.004 -17"><span class='ocrx_word' id='word_1_123' title='bbox 2060 786 2277 841; x_wconf 82' lang='lat' dir='ltr'>Calidae</span> <span class='ocrx_word' id='word_1_124' title='bbox 2310 804 2479 858; x_wconf 69' lang='lat' dir='ltr'>aquas</span> <span class='ocrx_word' id='word_1_125' title='bbox 2509 787 2722 841; x_wconf 89' lang='lat' dir='ltr'>virtute</span> <span class='ocrx_word' id='word_1_126' title='bbox 2771 784 2986 839; x_wconf 82' lang='lat' dir='ltr'>Christi</span> <span class='ocrx_word' id='word_1_127' title='bbox 3027 786 3327 849; x_wconf 87' lang='lat' dir='ltr'>emanant,</span> <span class='ocrx_word' id='word_1_128' title='bbox 3360 798 3480 836; x_wconf 94' lang='lat' dir='ltr'>non</span> <span class='ocrx_word' id='word_1_129' title='bbox 3514 786 3713 836; x_wconf 86' lang='lat' dir='ltr'>autem</span> 
     </span>
    </p>
   </div>
   <div class='ocr_carea' id='block_1_22' title="bbox 2060 870 3714 947">
    <p class='ocr_par' dir='ltr' id='par_1_22' title="bbox 2060 870 3714 947">
     <span class='ocr_line' id='line_1_22' title="bbox 2060 870 3714 947; baseline -0.003 -16"><span class='ocrx_word' id='word_1_130' title='bbox 2060 876 2381 941; x_wconf 87' lang='lat' dir='ltr'>idolorum,</span> <span class='ocrx_word' id='word_1_131' title='bbox 2426 893 2558 947; x_wconf 64' lang='lat' dir='ltr'>qua;</span> <span class='ocrx_word' id='word_1_132' title='bbox 2607 879 2745 930; x_wconf 90' lang='lat' dir='ltr'>sunt</span> <span class='ocrx_word' id='word_1_133' title='bbox 2793 873 2955 946; x_wconf 84' lang='lat' dir='ltr'>ligna</span> <span class='ocrx_word' id='word_1_134' title='bbox 3008 872 3356 939; x_wconf 85' lang='lat' dir='ltr'>inanimata,</span> <span class='ocrx_word' id='word_1_135' title='bbox 3388 875 3447 924; x_wconf 91' lang='lat' dir='ltr'>et</span> <span class='ocrx_word' id='word_1_136' title='bbox 3485 870 3714 941; x_wconf 82' lang='lat' dir='ltr'>lapides</span> 
     </span>
    </p>
   </div>
   <div class='ocr_carea' id='block_1_23' title="bbox 2061 960 3713 1031">
    <p class='ocr_par' dir='ltr' id='par_1_23' title="bbox 2061 960 3713 1031">
     <span class='ocr_line' id='line_1_23' title="bbox 2061 960 3713 1031; baseline -0.004 -10"><span class='ocrx_word' id='word_1_137' title='bbox 2061 983 2240 1021; x_wconf 89' lang='lat' dir='ltr'>sensu</span> <span class='ocrx_word' id='word_1_138' title='bbox 2273 971 2563 1021; x_wconf 81' lang='lat' dir='ltr'>carentes.</span> <span class='ocrx_word' id='word_1_139' title='bbox 2604 964 3000 1031; x_wconf 84' lang='lat' dir='ltr'>Quamobrem</span> <span class='ocrx_word' id='word_1_140' title='bbox 3034 963 3097 1017; x_wconf 91' lang='lat' dir='ltr'>in</span> <span class='ocrx_word' id='word_1_141' title='bbox 3144 962 3427 1017; x_wconf 88' lang='lat' dir='ltr'>Thermas</span> <span class='ocrx_word' id='word_1_142' title='bbox 3470 960 3631 1031; x_wconf 86' lang='lat' dir='ltr'>ipsas</span> <span class='ocrx_word' id='word_1_143' title='bbox 3660 960 3713 1014; x_wconf 94' lang='lat' dir='ltr'>vi</span> 
     </span>
    </p>
   </div>
   <div class='ocr_carea' id='block_1_24' title="bbox 2061 1049 3713 1127">
    <p class='ocr_par' dir='ltr' id='par_1_24' title="bbox 2061 1049 3713 1127">
     <span class='ocr_line' id='line_1_24' title="bbox 2061 1049 3713 1127; baseline -0.004 -16"><span class='ocrx_word' id='word_1_144' title='bbox 2061 1056 2464 1111; x_wconf 79' lang='lat' dir='ltr'>ell‘ervefactas</span> <span class='ocrx_word' id='word_1_145' title='bbox 2486 1055 2764 1127; x_wconf 86' lang='lat' dir='ltr'>injectus,</span> <span class='ocrx_word' id='word_1_146' title='bbox 2789 1052 3107 1108; x_wconf 89' lang='lat' dir='ltr'>incolumis</span> <span class='ocrx_word' id='word_1_147' title='bbox 3127 1051 3327 1114; x_wconf 90' lang='lat' dir='ltr'>evasit,</span> <span class='ocrx_word' id='word_1_148' title='bbox 3355 1049 3713 1105; x_wconf 82' lang='lat' dir='ltr'>satellitibus</span> 
     </span>
    </p>
   </div>
   <div class='ocr_carea' id='block_1_25' title="bbox 2060 1139 3710 1200">
    <p class='ocr_par' dir='ltr' id='par_1_25' title="bbox 2060 1139 3710 1200">
     <span class='ocr_line' id='line_1_25' title="bbox 2060 1139 3710 1200; baseline -0.004 -1"><span class='ocrx_word' id='word_1_149' title='bbox 2060 1145 2339 1200; x_wconf 89' lang='lat' dir='ltr'>omnibus</span> <span class='ocrx_word' id='word_1_150' title='bbox 2370 1143 2716 1199; x_wconf 86' lang='lat' dir='ltr'>combustis.</span> <span class='ocrx_word' id='word_1_151' title='bbox 2751 1144 2877 1197; x_wconf 82' lang='lat' dir='ltr'>Mox</span> <span class='ocrx_word' id='word_1_152' title='bbox 2926 1140 3102 1196; x_wconf 86' lang='lat' dir='ltr'>variis</span> <span class='ocrx_word' id='word_1_153' title='bbox 3133 1139 3444 1194; x_wconf 88' lang='lat' dir='ltr'>tormentis</span> <span class='ocrx_word' id='word_1_154' title='bbox 3496 1154 3710 1193; x_wconf 81' lang='lat' dir='ltr'>excru-</span> 
     </span>
    </p>
   </div>
   <div class='ocr_carea' id='block_1_26' title="bbox 2060 1225 3716 1303">
    <p class='ocr_par' dir='ltr' id='par_1_26' title="bbox 2060 1225 3716 1303">
     <span class='ocr_line' id='line_1_26' title="bbox 2060 1225 3716 1303; baseline -0.004 -16"><span class='ocrx_word' id='word_1_155' title='bbox 2060 1233 2271 1300; x_wconf 88' lang='lat' dir='ltr'>ciatus,</span> <span class='ocrx_word' id='word_1_156' title='bbox 2303 1238 2667 1303; x_wconf 88' lang='lat' dir='ltr'>postremum</span> <span class='ocrx_word' id='word_1_157' title='bbox 2698 1230 2891 1303; x_wconf 87' lang='lat' dir='ltr'>gladio</span> <span class='ocrx_word' id='word_1_158' title='bbox 2922 1229 3201 1301; x_wconf 86' lang='lat' dir='ltr'>plectitur</span> <span class='ocrx_word' id='word_1_159' title='bbox 3231 1243 3349 1282; x_wconf 91' lang='lat' dir='ltr'>una</span> <span class='ocrx_word' id='word_1_160' title='bbox 3378 1243 3512 1282; x_wconf 91' lang='lat' dir='ltr'>cum</span> <span class='ocrx_word' id='word_1_161' title='bbox 3542 1225 3716 1282; x_wconf 90' lang='lat' dir='ltr'>disci-</span> 
     </span>
    </p>
   </div>
   <div class='ocr_carea' id='block_1_27' title="bbox 2060 1317 3426 1395">
    <p class='ocr_par' dir='ltr' id='par_1_27' title="bbox 2060 1317 3426 1395">
     <span class='ocr_line' id='line_1_27' title="bbox 2060 1317 3426 1395; baseline -0.004 -17"><span class='ocrx_word' id='word_1_162' title='bbox 2060 1322 2217 1395; x_wconf 90' lang='lat' dir='ltr'>pulis</span> <span class='ocrx_word' id='word_1_163' title='bbox 2249 1322 2373 1377; x_wconf 87' lang='lat' dir='ltr'>suis</span> <span class='ocrx_word' id='word_1_164' title='bbox 2403 1322 2635 1389; x_wconf 83' lang='lat' dir='ltr'>Acacio,</span> <span class='ocrx_word' id='word_1_165' title='bbox 2669 1319 3013 1389; x_wconf 85' lang='lat' dir='ltr'>Menandro,</span> <span class='ocrx_word' id='word_1_166' title='bbox 3046 1325 3103 1373; x_wconf 85' lang='lat' dir='ltr'>et</span> <span class='ocrx_word' id='word_1_167' title='bbox 3131 1317 3426 1389; x_wconf 70' lang='lat' dir='ltr'>Polyaeno.</span> 
     </span>
    </p>
   </div>
   <div class='ocr_carea' id='block_1_28' title="bbox 2271 1548 3495 1621">
    <p class='ocr_par' dir='ltr' id='par_1_28' title="bbox 2271 1548 3495 1621">
     <span class='ocr_line' id='line_1_28' title="bbox 2271 1548 3495 1621; baseline -0.008 -10"><span class='ocrx_word' id='word_1_168' title='bbox 2271 1556 2341 1611; x_wconf 82' lang='lat' dir='ltr'>Et</span> <span class='ocrx_word' id='word_1_169' title='bbox 2368 1560 2642 1610; x_wconf 82' lang='lat' dir='ltr'>certamen</span> <span class='ocrx_word' id='word_1_170' title='bbox 2680 1554 2861 1609; x_wconf 83' lang='lat' dir='ltr'>sancti</span> <span class='ocrx_word' id='word_1_171' title='bbox 2915 1552 3182 1621; x_wconf 87' lang='lat' dir='ltr'>martyris</span> <span class='ocrx_word' id='word_1_172' title='bbox 3232 1548 3495 1605; x_wconf 84' lang='lat' dir='ltr'>Colluthi.</span> 
     </span>
    </p>
   </div>
   <div class='ocr_carea' id='block_1_29' title="bbox 2131 1694 3719 1771">
    <p class='ocr_par' dir='ltr' id='par_1_29' title="bbox 2131 1694 3719 1771">
     <span class='ocr_line' id='line_1_29' title="bbox 2131 1694 3719 1771; baseline -0.004 -16"><span class='ocrx_word' id='word_1_173' title='bbox 2131 1701 2350 1771; x_wconf 85' lang='lat' dir='ltr'>Martyr</span> <span class='ocrx_word' id='word_1_174' title='bbox 2369 1698 2580 1754; x_wconf 89' lang='lat' dir='ltr'>Christi</span> <span class='ocrx_word' id='word_1_175' title='bbox 2614 1698 2922 1753; x_wconf 89' lang='lat' dir='ltr'>Colluthus</span> <span class='ocrx_word' id='word_1_176' title='bbox 2970 1696 3103 1763; x_wconf 86' lang='lat' dir='ltr'>fuit,</span> <span class='ocrx_word' id='word_1_177' title='bbox 3146 1696 3505 1768; x_wconf 81' lang='lat' dir='ltr'>imperatore</span> <span class='ocrx_word' id='word_1_178' title='bbox 3540 1694 3719 1750; x_wconf 80' lang='lat' dir='ltr'>Maxi-</span> 
     </span>
    </p>
   </div>
   <div class='ocr_carea' id='block_1_30' title="bbox 2059 1783 3715 1859">
    <p class='ocr_par' dir='ltr' id='par_1_30' title="bbox 2059 1783 3715 1859">
     <span class='ocr_line' id='line_1_30' title="bbox 2059 1783 3715 1859; baseline -0.004 -15"><span class='ocrx_word' id='word_1_179' title='bbox 2059 1789 2281 1858; x_wconf 89' lang='lat' dir='ltr'>miano,</span> <span class='ocrx_word' id='word_1_180' title='bbox 2312 1805 2379 1843; x_wconf 85' lang='lat' dir='ltr'>ex</span> <span class='ocrx_word' id='word_1_181' title='bbox 2409 1787 2705 1842; x_wconf 85' lang='lat' dir='ltr'>Thebaide</span> <span class='ocrx_word' id='word_1_182' title='bbox 2726 1786 2950 1859; x_wconf 65' lang='lat' dir='ltr'>Egypti</span> <span class='ocrx_word' id='word_1_183' title='bbox 2984 1784 3240 1840; x_wconf 91' lang='lat' dir='ltr'>urbe.0b</span> <span class='ocrx_word' id='word_1_184' title='bbox 3272 1783 3487 1838; x_wconf 83' lang='lat' dir='ltr'>Christi</span> <span class='ocrx_word' id='word_1_185' title='bbox 3518 1789 3715 1838; x_wconf 90' lang='lat' dir='ltr'>autem</span> 
     </span>
    </p>
   </div>
   <div class='ocr_carea' id='block_1_31' title="bbox 298 1863 1958 1946">
    <p class='ocr_par' dir='ltr' id='par_1_31' title="bbox 298 1863 1952 1943">
     <span class='ocr_line' id='line_1_31' title="bbox 298 1863 1952 1943; baseline -0.004 -17"><span class='ocrx_word' id='word_1_186' title='bbox 298 1870 610 1943; x_wconf 76' lang='grc' dir='ltr'>Αἱγύπτου·</span> <span class='ocrx_word' id='word_1_187' title='bbox 645 1866 733 1923; x_wconf 76' lang='grc' dir='ltr'>διὰ</span> <span class='ocrx_word' id='word_1_188' title='bbox 766 1867 822 1923; x_wconf 71' lang='grc' dir='ltr'>δὲ</span> <span class='ocrx_word' id='word_1_189' title='bbox 863 1869 962 1936; x_wconf 73' lang='grc' dir='ltr'>τήν</span> <span class='ocrx_word' id='word_1_190' title='bbox 1018 1868 1093 1929; x_wconf 88' lang='grc' dir='ltr'>εἰς</span> <span class='ocrx_word' id='word_1_191' title='bbox 1148 1867 1376 1942; x_wconf 88' lang='grc' dir='ltr'>Χριστὸν</span> <span class='ocrx_word' id='word_1_192' title='bbox 1411 1863 1718 1940; x_wconf 80' lang='grc' dir='ltr'>ὁμολογίαν</span> <span class='ocrx_word' id='word_1_193' title='bbox 1750 1885 1952 1940; x_wconf 89' lang='grc' dir='ltr'>κρατη-</span> 
     </span>
    </p>
   </div>
   <div class='ocr_carea' id='block_1_32' title="bbox 2068 1863 3713 1946">
    <p class='ocr_par' dir='ltr' id='par_1_32' title="bbox 2068 1871 3713 1945">
     <span class='ocr_line' id='line_1_32' title="bbox 2068 1871 3713 1945; baseline -0.005 -12"><span class='ocrx_word' id='word_1_194' title='bbox 2068 1878 2493 1933; x_wconf 81' lang='lat' dir='ltr'>confessionem</span> <span class='ocrx_word' id='word_1_195' title='bbox 2514 1876 2585 1931; x_wconf 89' lang='lat' dir='ltr'>ab</span> <span class='ocrx_word' id='word_1_196' title='bbox 2614 1876 2943 1931; x_wconf 89' lang='lat' dir='ltr'>idololatris</span> <span class='ocrx_word' id='word_1_197' title='bbox 2965 1874 3452 1945; x_wconf 84' lang='lat' dir='ltr'>comprehensus,</span> <span class='ocrx_word' id='word_1_198' title='bbox 3474 1871 3713 1943; x_wconf 70' lang='lat' dir='ltr'>praesidi</span> 
     </span>
    </p>
   </div>
   <div class='ocr_carea' id='block_1_33' title="bbox 297 1952 1955 2030">
    <p class='ocr_par' dir='ltr' id='par_1_33' title="bbox 297 1952 1955 2030">
     <span class='ocr_line' id='line_1_33' title="bbox 297 1952 1955 2030; baseline -0.002 -18"><span class='ocrx_word' id='word_1_199' title='bbox 297 1960 411 2022; x_wconf 77' lang='grc' dir='ltr'>θεὶς</span> <span class='ocrx_word' id='word_1_200' title='bbox 446 1958 551 2012; x_wconf 80' lang='grc' dir='ltr'>ὑπὸ</span> <span class='ocrx_word' id='word_1_201' title='bbox 582 1962 689 2011; x_wconf 83' lang='grc' dir='ltr'>τῶν</span> <span class='ocrx_word' id='word_1_202' title='bbox 736 1957 1179 2030; x_wconf 76' lang='grc' dir='ltr'>προσκυνούντων</span> <span class='ocrx_word' id='word_1_203' title='bbox 1211 1956 1277 2010; x_wconf 76' lang='grc' dir='ltr'>τὰ</span> <span class='ocrx_word' id='word_1_204' title='bbox 1307 1954 1531 2020; x_wconf 64' lang='grc' dir='ltr'>εἴδωλα,</span> <span class='ocrx_word' id='word_1_205' title='bbox 1575 1952 1848 2030; x_wconf 84' lang='grc' dir='ltr'>παρεδόθη</span> <span class='ocrx_word' id='word_1_206' title='bbox 1875 1958 1955 2027; x_wconf 78' lang='grc' dir='ltr'>τῷ</span> 
     </span>
    </p>
   </div>
   <div class='ocr_carea' id='block_1_34' title="bbox 290 2041 1957 2122">
    <p class='ocr_par' dir='ltr' id='par_1_34' title="bbox 290 2041 1957 2122">
     <span class='ocr_line' id='line_1_34' title="bbox 290 2041 1957 2122; baseline -0.002 -20"><span class='ocrx_word' id='word_1_207' title='bbox 290 2050 391 2115; x_wconf 72' lang='grc' dir='ltr'>τῆς</span> <span class='ocrx_word' id='word_1_208' title='bbox 458 2047 650 2122; x_wconf 82' lang='grc' dir='ltr'>χώρας</span> <span class='ocrx_word' id='word_1_209' title='bbox 724 2046 980 2121; x_wconf 68' lang='grc' dir='ltr'>ἡγεμόνυ</span> <span class='ocrx_word' id='word_1_210' title='bbox 1041 2047 1130 2101; x_wconf 82' lang='grc' dir='ltr'>καὶ</span> <span class='ocrx_word' id='word_1_211' title='bbox 1194 2047 1333 2118; x_wconf 80' lang='grc' dir='ltr'>μήτε</span> <span class='ocrx_word' id='word_1_212' title='bbox 1395 2043 1707 2105; x_wconf 83' lang='grc' dir='ltr'>κολακείαις</span> <span class='ocrx_word' id='word_1_213' title='bbox 1766 2041 1957 2099; x_wconf 86' lang='grc' dir='ltr'>δελεα-</span> 
     </span>
    </p>
   </div>
   <div class='ocr_carea' id='block_1_35' title="bbox 297 2133 1957 2209">
    <p class='ocr_par' dir='ltr' id='par_1_35' title="bbox 297 2133 1957 2209">
     <span class='ocr_line' id='line_1_35' title="bbox 297 2133 1957 2209; baseline -0.002 -18"><span class='ocrx_word' id='word_1_214' title='bbox 297 2137 466 2205; x_wconf 79' lang='grc' dir='ltr'>σθεὶς,</span> <span class='ocrx_word' id='word_1_215' title='bbox 500 2139 639 2209; x_wconf 72' lang='grc' dir='ltr'>μήτε</span> <span class='ocrx_word' id='word_1_216' title='bbox 669 2135 920 2197; x_wconf 83' lang='grc' dir='ltr'>ἀπειλαῖς</span> <span class='ocrx_word' id='word_1_217' title='bbox 969 2137 1245 2206; x_wconf 59' lang='grc' dir='ltr'>πτοηθεὴ,</span> <span class='ocrx_word' id='word_1_218' title='bbox 1294 2133 1575 2209; x_wconf 82' lang='grc' dir='ltr'>ὡμολόγει</span> <span class='ocrx_word' id='word_1_219' title='bbox 1604 2134 1695 2188; x_wconf 90' lang='grc' dir='ltr'>τὸν</span> <span class='ocrx_word' id='word_1_220' title='bbox 1728 2133 1957 2208; x_wconf 81' lang='grc' dir='ltr'>Χριστὸν</span> 
     </span>
    </p>
   </div>
   <div class='ocr_carea' id='block_1_36' title="bbox 294 2221 1952 2302">
    <p class='ocr_par' dir='ltr' id='par_1_36' title="bbox 294 2221 1952 2302">
     <span class='ocr_line' id='line_1_36' title="bbox 294 2221 1952 2302; baseline -0.002 -22"><span class='ocrx_word' id='word_1_221' title='bbox 294 2225 603 2302; x_wconf 68' lang='grc' dir='ltr'>παρρησίᾳ.</span> <span class='ocrx_word' id='word_1_222' title='bbox 640 2225 736 2280; x_wconf 73' lang='grc' dir='ltr'>Διά</span> <span class='ocrx_word' id='word_1_223' title='bbox 776 2224 938 2280; x_wconf 79' lang='grc' dir='ltr'>τοῦτο</span> <span class='ocrx_word' id='word_1_224' title='bbox 995 2226 1214 2301; x_wconf 81' lang='grc' dir='ltr'>πρῶτὸν</span> <span class='ocrx_word' id='word_1_225' title='bbox 1278 2224 1372 2297; x_wconf 74' lang='grc' dir='ltr'>μὶν</span> <span class='ocrx_word' id='word_1_226' title='bbox 1432 2223 1570 2297; x_wconf 85' lang='grc' dir='ltr'>λίθῳ</span> <span class='ocrx_word' id='word_1_227' title='bbox 1603 2221 1832 2297; x_wconf 86' lang='grc' dir='ltr'>μεγάλῳ</span> <span class='ocrx_word' id='word_1_228' title='bbox 1860 2224 1952 2278; x_wconf 89' lang='grc' dir='ltr'>τὸν</span> 
     </span>
    </p>
   </div>
   <div class='ocr_carea' id='block_1_37' title="bbox 296 2312 1952 2393">
    <p class='ocr_par' dir='ltr' id='par_1_37' title="bbox 296 2312 1952 2393">
     <span class='ocr_line' id='line_1_37' title="bbox 296 2312 1952 2393; baseline -0.001 -21"><span class='ocrx_word' id='word_1_229' title='bbox 296 2316 588 2392; x_wconf 84' lang='grc' dir='ltr'>τράχηλον</span> <span class='ocrx_word' id='word_1_230' title='bbox 620 2314 955 2392; x_wconf 75' lang='grc' dir='ltr'>προσδεθεὶς,</span> <span class='ocrx_word' id='word_1_231' title='bbox 1013 2314 1320 2390; x_wconf 78' lang='grc' dir='ltr'>ἐκρεμάσθη</span> <span class='ocrx_word' id='word_1_232' title='bbox 1378 2315 1513 2371; x_wconf 75' lang='grc' dir='ltr'>κατὰ</span> <span class='ocrx_word' id='word_1_233' title='bbox 1554 2312 1821 2393; x_wconf 71' lang='grc' dir='ltr'>κεφαλῆς.</span> <span class='ocrx_word' id='word_1_234' title='bbox 1857 2316 1952 2370; x_wconf 85' lang='grc' dir='ltr'>Καὶ</span> 
     </span>
    </p>
   </div>
   <div class='ocr_carea' id='block_1_38' title="bbox 294 2403 1958 2479">
    <p class='ocr_par' dir='ltr' id='par_1_38' title="bbox 294 2403 1958 2479">
     <span class='ocr_line' id='line_1_38' title="bbox 294 2403 1958 2479; baseline -0.002 -17"><span class='ocrx_word' id='word_1_235' title='bbox 294 2407 638 2479; x_wconf 69' lang='grc' dir='ltr'>τυπτόμενος</span> <span class='ocrx_word' id='word_1_236' title='bbox 698 2406 802 2460; x_wconf 79' lang='grc' dir='ltr'>ὑπὸ</span> <span class='ocrx_word' id='word_1_237' title='bbox 856 2409 964 2460; x_wconf 83' lang='grc' dir='ltr'>τῶν</span> <span class='ocrx_word' id='word_1_238' title='bbox 1025 2404 1265 2478; x_wconf 82' lang='grc' dir='ltr'>δημίων,</span> <span class='ocrx_word' id='word_1_239' title='bbox 1320 2403 1521 2479; x_wconf 77' lang='grc' dir='ltr'>ἔλεγεν·</span> <span class='ocrx_word' id='word_1_240' title='bbox 1584 2403 1697 2462; x_wconf 77' lang='grc' dir='ltr'>Οὐκ</span> <span class='ocrx_word' id='word_1_241' title='bbox 1744 2404 1958 2475; x_wconf 83' lang='grc' dir='ltr'>ἄξιατά</span> 
     </span>
    </p>
   </div>
   <div class='ocr_carea' id='block_1_39' title="bbox 294 2491 1954 2568">
    <p class='ocr_par' dir='ltr' id='par_1_39' title="bbox 294 2491 1954 2568">
     <span class='ocr_line' id='line_1_39' title="bbox 294 2491 1954 2568; baseline -0.002 -16"><span class='ocrx_word' id='word_1_242' title='bbox 294 2498 600 2568; x_wconf 78' lang='grc' dir='ltr'>παθήματα</span> <span class='ocrx_word' id='word_1_243' title='bbox 653 2500 751 2550; x_wconf 92' lang='grc' dir='ltr'>τοῦ</span> <span class='ocrx_word' id='word_1_244' title='bbox 806 2500 896 2549; x_wconf 90' lang='grc' dir='ltr'>νῦν</span> <span class='ocrx_word' id='word_1_245' title='bbox 956 2499 1148 2568; x_wconf 88' lang='grc' dir='ltr'>καιροῦ</span> <span class='ocrx_word' id='word_1_246' title='bbox 1204 2495 1339 2568; x_wconf 84' lang='grc' dir='ltr'>πρὸς</span> <span class='ocrx_word' id='word_1_247' title='bbox 1385 2496 1487 2564; x_wconf 77' lang='grc' dir='ltr'>τὴν</span> <span class='ocrx_word' id='word_1_248' title='bbox 1521 2491 1834 2567; x_wconf 67' lang='grc' dir='ltr'>μέλλουσαν</span> <span class='ocrx_word' id='word_1_249' title='bbox 1861 2491 1954 2549; x_wconf 78' lang='grc' dir='ltr'>δόο</span> 
     </span>
    </p>
   </div>
   <div class='ocr_carea' id='block_1_40' title="bbox 300 2585 1953 2659">
    <p class='ocr_par' dir='ltr' id='par_1_40' title="bbox 300 2585 1953 2659">
     <span class='ocr_line' id='line_1_40' title="bbox 300 2585 1953 2659; baseline -0.002 -17"><span class='ocrx_word' id='word_1_250' title='bbox 300 2590 391 2659; x_wconf 78' lang='grc' dir='ltr'>ξαν</span> <span class='ocrx_word' id='word_1_251' title='bbox 451 2586 936 2643; x_wconf 80' lang='grc' dir='ltr'>ἀποκαλύπτεσθαι</span> <span class='ocrx_word' id='word_1_252' title='bbox 994 2586 1070 2648; x_wconf 81' lang='grc' dir='ltr'>εἰς</span> <span class='ocrx_word' id='word_1_253' title='bbox 1125 2588 1297 2657; x_wconf 79' lang='grc' dir='ltr'>ἡμᾶς.</span> <span class='ocrx_word' id='word_1_254' title='bbox 1357 2587 1584 2642; x_wconf 82' lang='grc' dir='ltr'>Ἔπειτα</span> <span class='ocrx_word' id='word_1_255' title='bbox 1612 2588 1708 2639; x_wconf 89' lang='grc' dir='ltr'>τοῦ</span> <span class='ocrx_word' id='word_1_256' title='bbox 1766 2585 1953 2657; x_wconf 80' lang='grc' dir='ltr'>ξύλου,</span> 
     </span>
    </p>
   </div>
   <div class='ocr_carea' id='block_1_41' title="bbox 298 2671 1950 2755">
    <p class='ocr_par' dir='ltr' id='par_1_41' title="bbox 298 2671 1950 2755">
     <span class='ocr_line' id='line_1_41' title="bbox 298 2671 1950 2755; baseline -0.004 -20"><span class='ocrx_word' id='word_1_257' title='bbox 298 2679 349 2735; x_wconf 78' lang='grc' dir='ltr'>ἐν</span> <span class='ocrx_word' id='word_1_258' title='bbox 383 2679 430 2752; x_wconf 82' lang='grc' dir='ltr'>ᾧ</span> <span class='ocrx_word' id='word_1_259' title='bbox 464 2678 758 2755; x_wconf 71' lang='grc' dir='ltr'>ἐκρέματο,</span> <span class='ocrx_word' id='word_1_260' title='bbox 813 2671 1250 2745; x_wconf 77' lang='grc' dir='ltr'>καταϐιϐασθεὲς,</span> <span class='ocrx_word' id='word_1_261' title='bbox 1308 2677 1640 2749; x_wconf 82' lang='grc' dir='ltr'>ἠναγκάζετο</span> <span class='ocrx_word' id='word_1_262' title='bbox 1697 2675 1950 2739; x_wconf 83' lang='grc' dir='ltr'>ἀπελθεῖν</span> 
     </span>
    </p>
   </div>
   <div class='ocr_carea' id='block_1_42' title="bbox 298 2765 1951 2838">
    <p class='ocr_par' dir='ltr' id='par_1_42' title="bbox 298 2765 1951 2838">
     <span class='ocr_line' id='line_1_42' title="bbox 298 2765 1951 2838; baseline -0.004 -14"><span class='ocrx_word' id='word_1_263' title='bbox 298 2769 374 2832; x_wconf 85' lang='grc' dir='ltr'>εἷς</span> <span class='ocrx_word' id='word_1_264' title='bbox 404 2770 500 2824; x_wconf 88' lang='grc' dir='ltr'>τὸν</span> <span class='ocrx_word' id='word_1_265' title='bbox 527 2770 658 2823; x_wconf 86' lang='grc' dir='ltr'>ναὸν</span> <span class='ocrx_word' id='word_1_266' title='bbox 684 2772 792 2822; x_wconf 82' lang='grc' dir='ltr'>τῶν</span> <span class='ocrx_word' id='word_1_267' title='bbox 822 2766 1095 2834; x_wconf 81' lang='grc' dir='ltr'>εἰδώλων,</span> <span class='ocrx_word' id='word_1_268' title='bbox 1125 2766 1214 2821; x_wconf 84' lang='grc' dir='ltr'>καὶ</span> <span class='ocrx_word' id='word_1_269' title='bbox 1246 2768 1422 2824; x_wconf 91' lang='grc' dir='ltr'>θῦσαι.</span> <span class='ocrx_word' id='word_1_270' title='bbox 1459 2765 1555 2822; x_wconf 86' lang='grc' dir='ltr'>Καὶ</span> <span class='ocrx_word' id='word_1_271' title='bbox 1590 2767 1666 2838; x_wconf 78' lang='grc' dir='ltr'>μὴ</span> <span class='ocrx_word' id='word_1_272' title='bbox 1696 2765 1951 2829; x_wconf 84' lang='grc' dir='ltr'>πεισθεὶς,</span> 
     </span>
    </p>
   </div>
   <div class='ocr_carea' id='block_1_43' title="bbox 296 2847 1954 2933">
    <p class='ocr_par' dir='ltr' id='par_1_43' title="bbox 296 2847 1954 2933">
     <span class='ocr_line' id='line_1_43' title="bbox 296 2847 1954 2933; baseline -0.002 -24"><span class='ocrx_word' id='word_1_273' title='bbox 296 2858 393 2925; x_wconf 75' lang='grc' dir='ltr'>τὴν</span> <span class='ocrx_word' id='word_1_274' title='bbox 428 2854 522 2911; x_wconf 73' lang='grc' dir='ltr'>διὰ</span> <span class='ocrx_word' id='word_1_275' title='bbox 573 2860 672 2910; x_wconf 91' lang='grc' dir='ltr'>τοῦ</span> <span class='ocrx_word' id='word_1_276' title='bbox 727 2854 901 2930; x_wconf 88' lang='grc' dir='ltr'>πυρὸς</span> <span class='ocrx_word' id='word_1_277' title='bbox 949 2850 1221 2933; x_wconf 76' lang='grc' dir='ltr'>ἀπόφασιν</span> <span class='ocrx_word' id='word_1_278' title='bbox 1252 2851 1484 2927; x_wconf 81' lang='grc' dir='ltr'>ἐδεξατο·</span> <span class='ocrx_word' id='word_1_279' title='bbox 1519 2854 1609 2908; x_wconf 87' lang='grc' dir='ltr'>καὶ</span> <span class='ocrx_word' id='word_1_280' title='bbox 1648 2847 1954 2923; x_wconf 85' lang='grc' dir='ltr'>ἐμϐληθεὶς</span> 
     </span>
    </p>
   </div>
   <div class='ocr_carea' id='block_1_44' title="bbox 297 2939 1953 3021">
    <p class='ocr_par' dir='ltr' id='par_1_44' title="bbox 297 2939 1953 3021">
     <span class='ocr_line' id='line_1_44' title="bbox 297 2939 1953 3021; baseline -0.003 -19"><span class='ocrx_word' id='word_1_281' title='bbox 297 2947 371 3009; x_wconf 80' lang='grc' dir='ltr'>εἰς</span> <span class='ocrx_word' id='word_1_282' title='bbox 426 2947 663 3017; x_wconf 76' lang='grc' dir='ltr'>κάμινον</span> <span class='ocrx_word' id='word_1_283' title='bbox 722 2945 963 3021; x_wconf 77' lang='grc' dir='ltr'>ἰσχυρῶς</span> <span class='ocrx_word' id='word_1_284' title='bbox 1049 2943 1351 3014; x_wconf 77' lang='grc' dir='ltr'>ἐκκαεῖσαν,</span> <span class='ocrx_word' id='word_1_285' title='bbox 1428 2942 1589 3005; x_wconf 84' lang='grc' dir='ltr'>τέλος</span> <span class='ocrx_word' id='word_1_286' title='bbox 1674 2939 1801 3018; x_wconf 82' lang='grc' dir='ltr'>ἔσχε</span> <span class='ocrx_word' id='word_1_287' title='bbox 1855 2946 1953 2997; x_wconf 90' lang='grc' dir='ltr'>τοῦ</span> 
     </span>
    </p>
   </div>
   <div class='ocr_carea' id='block_1_45' title="bbox 294 3033 807 3110">
    <p class='ocr_par' dir='ltr' id='par_1_45' title="bbox 294 3033 807 3110">
     <span class='ocr_line' id='line_1_45' title="bbox 294 3033 807 3110; baseline 0.004 -19"><span class='ocrx_word' id='word_1_288' title='bbox 294 3033 632 3110; x_wconf 87' lang='grc' dir='ltr'>προσκαίρου</span> <span class='ocrx_word' id='word_1_289' title='bbox 664 3033 807 3109; x_wconf 86' lang='grc' dir='ltr'>βίου.</span> 
     </span>
    </p>
   </div>
   <div class='ocr_carea' id='block_1_46' title="bbox 300 3148 1950 3242">
    <p class='ocr_par' dir='ltr' id='par_1_46' title="bbox 300 3148 1950 3242">
     <span class='ocr_line' id='line_1_46' title="bbox 300 3148 1950 3242; baseline -0.003 -32"><span class='ocrx_word' id='word_1_290' title='bbox 300 3155 401 3210; x_wconf 83' lang='grc' dir='ltr'>Καὶ</span> <span class='ocrx_word' id='word_1_291' title='bbox 436 3150 673 3223; x_wconf 74' lang='grc' dir='ltr'>ἄθλησις</span> <span class='ocrx_word' id='word_1_292' title='bbox 702 3156 797 3207; x_wconf 87' lang='grc' dir='ltr'>τοῦ</span> <span class='ocrx_word' id='word_1_293' title='bbox 825 3151 985 3229; x_wconf 79' lang='grc' dir='ltr'>ἁγίου</span> <span class='ocrx_word' id='word_1_294' title='bbox 1008 3153 1309 3242; x_wconf 34' lang='grc' dir='ltr'>,μάρτυρος</span> <span class='ocrx_word' id='word_1_295' title='bbox 1360 3149 1697 3225; x_wconf 85' lang='grc' dir='ltr'>Φιλεταίρου</span> <span class='ocrx_word' id='word_1_296' title='bbox 1722 3148 1811 3206; x_wconf 80' lang='grc' dir='ltr'>καὶ</span> <span class='ocrx_word' id='word_1_297' title='bbox 1842 3153 1950 3206; x_wconf 84' lang='grc' dir='ltr'>τῶν</span> 
     </span>
    </p>
   </div>
   <div class='ocr_carea' id='block_1_47' title="bbox 974 3228 1274 3296">
    <p class='ocr_par' dir='ltr' id='par_1_47' title="bbox 974 3228 1274 3296">
     <span class='ocr_line' id='line_1_47' title="bbox 974 3228 1274 3296; baseline 0.01 -17"><span class='ocrx_word' id='word_1_298' title='bbox 974 3228 1067 3279; x_wconf 80' lang='grc' dir='ltr'>σὺν</span> <span class='ocrx_word' id='word_1_299' title='bbox 1106 3228 1274 3296; x_wconf 80' lang='grc' dir='ltr'>αὐτῷ.</span> 
     </span>
    </p>
   </div>
   <div class='ocr_carea' id='block_1_48' title="bbox 367 3340 1951 3419">
    <p class='ocr_par' dir='ltr' id='par_1_48' title="bbox 367 3340 1951 3419">
     <span class='ocr_line' id='line_1_48' title="bbox 367 3340 1951 3419; baseline -0.003 -20"><span class='ocrx_word' id='word_1_300' title='bbox 367 3342 703 3419; x_wconf 64' lang='grc' dir='ltr'>Φιλέταιρος</span> <span class='ocrx_word' id='word_1_301' title='bbox 756 3344 785 3399; x_wconf 96' lang='lat'>6</span> <span class='ocrx_word' id='word_1_302' title='bbox 839 3348 936 3399; x_wconf 88' lang='grc' dir='ltr'>τοῦ</span> <span class='ocrx_word' id='word_1_303' title='bbox 998 3348 1237 3418; x_wconf 77' lang='grc' dir='ltr'>Χριστοῦ</span> <span class='ocrx_word' id='word_1_304' title='bbox 1297 3341 1524 3418; x_wconf 83' lang='grc' dir='ltr'>μάρτυς,</span> <span class='ocrx_word' id='word_1_305' title='bbox 1577 3340 1793 3418; x_wconf 79' lang='grc' dir='ltr'>ὑπῆρχε</span> <span class='ocrx_word' id='word_1_306' title='bbox 1822 3342 1951 3418; x_wconf 74' lang='grc' dir='ltr'>γεν-</span> 
     </span>
    </p>
   </div>
   <div class='ocr_carea' id='block_1_49' title="bbox 293 3430 1952 3510">
    <p class='ocr_par' dir='ltr' id='par_1_49' title="bbox 293 3430 1952 3510">
     <span class='ocr_line' id='line_1_49' title="bbox 293 3430 1952 3510; baseline -0.002 -21"><span class='ocrx_word' id='word_1_307' title='bbox 293 3455 449 3505; x_wconf 80' lang='grc' dir='ltr'>νημα</span> <span class='ocrx_word' id='word_1_308' title='bbox 480 3434 573 3488; x_wconf 81' lang='grc' dir='ltr'>καὶ</span> <span class='ocrx_word' id='word_1_309' title='bbox 615 3431 835 3510; x_wconf 74' lang='grc' dir='ltr'>θρέμμα</span> <span class='ocrx_word' id='word_1_310' title='bbox 884 3440 986 3503; x_wconf 77' lang='grc' dir='ltr'>τῆς</span> <span class='ocrx_word' id='word_1_311' title='bbox 1045 3430 1405 3507; x_wconf 82' lang='grc' dir='ltr'>Νικομηδέων</span> <span class='ocrx_word' id='word_1_312' title='bbox 1435 3431 1674 3502; x_wconf 90' lang='grc' dir='ltr'>πόλεως,</span> <span class='ocrx_word' id='word_1_313' title='bbox 1707 3431 1821 3493; x_wconf 73' lang='grc' dir='ltr'>υἱὸς</span> <span class='ocrx_word' id='word_1_314' title='bbox 1850 3435 1952 3489; x_wconf 92' lang='grc' dir='ltr'>Τα-</span> 
     </span>
    </p>
   </div>
   <div class='ocr_carea' id='block_1_50' title="bbox 293 3519 1956 3599">
    <p class='ocr_par' dir='ltr' id='par_1_50' title="bbox 293 3519 1956 3599">
     <span class='ocr_line' id='line_1_50' title="bbox 293 3519 1956 3599; baseline -0.004 -20"><span class='ocrx_word' id='word_1_315' title='bbox 293 3528 492 3579; x_wconf 83' lang='grc' dir='ltr'>τιανοῦ</span> <span class='ocrx_word' id='word_1_316' title='bbox 545 3527 646 3578; x_wconf 88' lang='grc' dir='ltr'>τοῦ</span> <span class='ocrx_word' id='word_1_317' title='bbox 730 3522 838 3578; x_wconf 83' lang='grc' dir='ltr'>ἀπὸ</span> <span class='ocrx_word' id='word_1_318' title='bbox 910 3521 1189 3599; x_wconf 84' lang='grc' dir='ltr'>ἐπάρχων,</span> <span class='ocrx_word' id='word_1_319' title='bbox 1251 3523 1382 3597; x_wconf 77' lang='grc' dir='ltr'>ἀνὴρ</span> <span class='ocrx_word' id='word_1_320' title='bbox 1468 3519 1786 3598; x_wconf 81' lang='grc' dir='ltr'>εῦμεγέθης,</span> <span class='ocrx_word' id='word_1_321' title='bbox 1866 3519 1956 3574; x_wconf 78' lang='grc' dir='ltr'>καὶ</span> 
     </span>
    </p>
   </div>
   <div class='ocr_carea' id='block_1_51' title="bbox 299 3608 1957 3688">
    <p class='ocr_par' dir='ltr' id='par_1_51' title="bbox 299 3608 1957 3688">
     <span class='ocr_line' id='line_1_51' title="bbox 299 3608 1957 3688; baseline -0.004 -19"><span class='ocrx_word' id='word_1_322' title='bbox 299 3615 533 3687; x_wconf 75' lang='grc' dir='ltr'>ὡραῖος,</span> <span class='ocrx_word' id='word_1_323' title='bbox 566 3613 762 3675; x_wconf 84' lang='grc' dir='ltr'>λευκὸς</span> <span class='ocrx_word' id='word_1_324' title='bbox 796 3611 922 3667; x_wconf 79' lang='grc' dir='ltr'>ὡσεὶ</span> <span class='ocrx_word' id='word_1_325' title='bbox 950 3613 1116 3687; x_wconf 86' lang='grc' dir='ltr'>χιὼν,</span> <span class='ocrx_word' id='word_1_326' title='bbox 1146 3611 1237 3667; x_wconf 76' lang='grc' dir='ltr'>καὶ</span> <span class='ocrx_word' id='word_1_327' title='bbox 1265 3613 1366 3682; x_wconf 79' lang='grc' dir='ltr'>τήν</span> <span class='ocrx_word' id='word_1_328' title='bbox 1383 3610 1554 3687; x_wconf 90' lang='grc' dir='ltr'>τρίχα</span> <span class='ocrx_word' id='word_1_329' title='bbox 1580 3617 1680 3681; x_wconf 83' lang='grc' dir='ltr'>τῆς</span> <span class='ocrx_word' id='word_1_330' title='bbox 1712 3608 1957 3688; x_wconf 79' lang='grc' dir='ltr'>κεφαλῆς</span> 
     </span>
    </p>
   </div>
   <div class='ocr_carea' id='block_1_52' title="bbox 291 3698 1957 3778">
    <p class='ocr_par' dir='ltr' id='par_1_52' title="bbox 291 3698 1957 3778">
     <span class='ocr_line' id='line_1_52' title="bbox 291 3698 1957 3778; baseline -0.001 -20"><span class='ocrx_word' id='word_1_331' title='bbox 291 3704 387 3758; x_wconf 78' lang='grc' dir='ltr'>καὶ</span> <span class='ocrx_word' id='word_1_332' title='bbox 439 3706 543 3767; x_wconf 80' lang='grc' dir='ltr'>τῆς</span> <span class='ocrx_word' id='word_1_333' title='bbox 600 3700 881 3778; x_wconf 82' lang='grc' dir='ltr'>γενειάδος</span> <span class='ocrx_word' id='word_1_334' title='bbox 939 3700 1083 3776; x_wconf 81' lang='grc' dir='ltr'>ἔχων</span> <span class='ocrx_word' id='word_1_335' title='bbox 1138 3700 1555 3775; x_wconf 85' lang='grc' dir='ltr'>ἐπιλάμπουσαν</span> <span class='ocrx_word' id='word_1_336' title='bbox 1611 3701 1687 3763; x_wconf 86' lang='grc' dir='ltr'>ὡς</span> <span class='ocrx_word' id='word_1_337' title='bbox 1726 3698 1957 3777; x_wconf 86' lang='grc' dir='ltr'>χρυσύν.</span> 
     </span>
    </p>
   </div>
   <div class='ocr_carea' id='block_1_53' title="bbox 294 3790 1959 3870">
    <p class='ocr_par' dir='ltr' id='par_1_53' title="bbox 294 3790 1959 3870">
     <span class='ocr_line' id='line_1_53' title="bbox 294 3790 1959 3870; baseline -0.004 -19"><span class='ocrx_word' id='word_1_338' title='bbox 294 3795 631 3870; x_wconf 79' lang='grc' dir='ltr'>Χριστιανὸς</span> <span class='ocrx_word' id='word_1_339' title='bbox 683 3790 741 3849; x_wconf 77' lang='grc' dir='ltr'>δὶ</span> <span class='ocrx_word' id='word_1_340' title='bbox 800 3791 897 3860; x_wconf 79' lang='grc' dir='ltr'>ὢν,</span> <span class='ocrx_word' id='word_1_341' title='bbox 952 3792 1226 3869; x_wconf 78' lang='grc' dir='ltr'>ἐκρατήθη</span> <span class='ocrx_word' id='word_1_342' title='bbox 1260 3792 1406 3868; x_wconf 85' lang='grc' dir='ltr'>παρά</span> <span class='ocrx_word' id='word_1_343' title='bbox 1432 3796 1541 3847; x_wconf 78' lang='grc' dir='ltr'>τῶν</span> <span class='ocrx_word' id='word_1_344' title='bbox 1578 3790 1839 3861; x_wconf 71' lang='grc' dir='ltr'>ἀπίστων,</span> <span class='ocrx_word' id='word_1_345' title='bbox 1870 3790 1959 3844; x_wconf 76' lang='grc' dir='ltr'>καὶ</span> 
     </span>
    </p>
   </div>
   <div class='ocr_carea' id='block_1_54' title="bbox 295 3880 1960 3958">
    <p class='ocr_par' dir='ltr' id='par_1_54' title="bbox 295 3880 1960 3958">
     <span class='ocr_line' id='line_1_54' title="bbox 295 3880 1960 3958; baseline -0.004 -19"><span class='ocrx_word' id='word_1_346' title='bbox 295 3887 548 3958; x_wconf 76' lang='grc' dir='ltr'>παρέστη</span> <span class='ocrx_word' id='word_1_347' title='bbox 613 3883 987 3955; x_wconf 83' lang='grc' dir='ltr'>Διοκλητιανῷ</span> <span class='ocrx_word' id='word_1_348' title='bbox 1056 3887 1136 3955; x_wconf 81' lang='grc' dir='ltr'>τῷ</span> <span class='ocrx_word' id='word_1_349' title='bbox 1210 3883 1512 3957; x_wconf 75' lang='grc' dir='ltr'>παρανόμῳ</span> <span class='ocrx_word' id='word_1_350' title='bbox 1575 3880 1811 3957; x_wconf 84' lang='grc' dir='ltr'>βασιλεῖ’</span> <span class='ocrx_word' id='word_1_351' title='bbox 1870 3880 1960 3935; x_wconf 87' lang='grc' dir='ltr'>καὶ</span> 
     </span>
    </p>
   </div>
   <div class='ocr_carea' id='block_1_55' title="bbox 293 3967 1959 4048">
    <p class='ocr_par' dir='ltr' id='par_1_55' title="bbox 293 3967 1959 4048">
     <span class='ocr_line' id='line_1_55' title="bbox 293 3967 1959 4048; baseline -0.002 -22"><span class='ocrx_word' id='word_1_352' title='bbox 293 3971 528 4046; x_wconf 65' lang='grc' dir='ltr'>ἐλέγξας</span> <span class='ocrx_word' id='word_1_353' title='bbox 588 3970 748 4025; x_wconf 81' lang='grc' dir='ltr'>αὐτὸν</span> <span class='ocrx_word' id='word_1_354' title='bbox 806 3970 889 4048; x_wconf 70' lang='grc' dir='ltr'>ἐφ’</span> <span class='ocrx_word' id='word_1_355' title='bbox 945 3973 1027 4032; x_wconf 80' lang='grc' dir='ltr'>οἷς</span> <span class='ocrx_word' id='word_1_356' title='bbox 1107 3967 1336 4045; x_wconf 70' lang='grc' dir='ltr'>ἔπραττε</span> <span class='ocrx_word' id='word_1_357' title='bbox 1390 3974 1595 4042; x_wconf 81' lang='grc' dir='ltr'>κακῶν,</span> <span class='ocrx_word' id='word_1_358' title='bbox 1653 3968 1740 4024; x_wconf 83' lang='grc' dir='ltr'>καὶ</span> <span class='ocrx_word' id='word_1_359' title='bbox 1803 3970 1959 4043; x_wconf 91' lang='grc' dir='ltr'>μισό-</span> 
     </span>
    </p>
   </div>
   <div class='ocr_carea' id='block_1_56' title="bbox 294 4053 1960 4138">
    <p class='ocr_par' dir='ltr' id='par_1_56' title="bbox 294 4053 1960 4138">
     <span class='ocr_line' id='line_1_56' title="bbox 294 4053 1960 4138; baseline -0.004 -22"><span class='ocrx_word' id='word_1_360' title='bbox 294 4061 533 4138; x_wconf 79' lang='grc' dir='ltr'>χριστὸν</span> <span class='ocrx_word' id='word_1_361' title='bbox 589 4060 842 4131; x_wconf 84' lang='grc' dir='ltr'>καλέσας,</span> <span class='ocrx_word' id='word_1_362' title='bbox 899 4059 1100 4137; x_wconf 72' lang='grc' dir='ltr'>ἐτύφθη</span> <span class='ocrx_word' id='word_1_363' title='bbox 1188 4060 1449 4135; x_wconf 74' lang='grc' dir='ltr'>ἰσχυρῶς·</span> <span class='ocrx_word' id='word_1_364' title='bbox 1507 4061 1597 4115; x_wconf 83' lang='grc' dir='ltr'>καὶ</span> <span class='ocrx_word' id='word_1_365' title='bbox 1661 4053 1960 4132; x_wconf 79' lang='grc' dir='ltr'>ἐμϐληθεὶς</span> 
     </span>
    </p>
   </div>
   <div class='ocr_carea' id='block_1_57' title="bbox 296 4146 1963 4227">
    <p class='ocr_par' dir='ltr' id='par_1_57' title="bbox 296 4146 1963 4227">
     <span class='ocr_line' id='line_1_57' title="bbox 296 4146 1963 4227; baseline -0.003 -18"><span class='ocrx_word' id='word_1_366' title='bbox 296 4155 377 4215; x_wconf 81' lang='grc' dir='ltr'>είς</span> <span class='ocrx_word' id='word_1_367' title='bbox 410 4156 649 4226; x_wconf 80' lang='grc' dir='ltr'>κάμινον</span> <span class='ocrx_word' id='word_1_368' title='bbox 704 4154 893 4227; x_wconf 79' lang='grc' dir='ltr'>πυρὸς,</span> <span class='ocrx_word' id='word_1_369' title='bbox 950 4150 1170 4221; x_wconf 80' lang='grc' dir='ltr'>ἐξῆλθεν</span> <span class='ocrx_word' id='word_1_370' title='bbox 1231 4146 1503 4223; x_wconf 84' lang='grc' dir='ltr'>ἀϐλαϐής·</span> <span class='ocrx_word' id='word_1_371' title='bbox 1536 4150 1655 4215; x_wconf 79' lang='grc' dir='ltr'>ὅθεν</span> <span class='ocrx_word' id='word_1_372' title='bbox 1688 4149 1963 4223; x_wconf 81' lang='grc' dir='ltr'>θαυμάσας</span> 
     </span>
    </p>
   </div>
   <div class='ocr_carea' id='block_1_58' title="bbox 296 4238 1961 4313">
    <p class='ocr_par' dir='ltr' id='par_1_58' title="bbox 296 4238 1961 4313">
     <span class='ocr_line' id='line_1_58' title="bbox 296 4238 1961 4313; baseline -0.004 -14"><span class='ocrx_word' id='word_1_373' title='bbox 296 4245 324 4299; x_wconf 87' lang='lat'>6</span> <span class='ocrx_word' id='word_1_374' title='bbox 393 4241 818 4313; x_wconf 88' lang='grc' dir='ltr'>Διοκλητιανὸς,</span> <span class='ocrx_word' id='word_1_375' title='bbox 880 4238 1142 4296; x_wconf 68' lang='grc' dir='ltr'>ἀπέλυσεν</span> <span class='ocrx_word' id='word_1_376' title='bbox 1200 4241 1381 4297; x_wconf 83' lang='grc' dir='ltr'>αὐτόν.</span> <span class='ocrx_word' id='word_1_377' title='bbox 1444 4240 1593 4299; x_wconf 88' lang='grc' dir='ltr'>Μετά</span> <span class='ocrx_word' id='word_1_378' title='bbox 1620 4239 1677 4296; x_wconf 73' lang='grc' dir='ltr'>δὲ</span> <span class='ocrx_word' id='word_1_379' title='bbox 1704 4240 1961 4308; x_wconf 72' lang='grc' dir='ltr'>τελευτὴν</span> 
     </span>
    </p>
   </div>
   <div class='ocr_carea' id='block_1_59' title="bbox 290 4329 1962 4409">
    <p class='ocr_par' dir='ltr' id='par_1_59' title="bbox 290 4329 1962 4409">
     <span class='ocr_line' id='line_1_59' title="bbox 290 4329 1962 4409; baseline -0.003 -18"><span class='ocrx_word' id='word_1_380' title='bbox 290 4340 397 4391; x_wconf 78' lang='grc' dir='ltr'>τοῦ</span> <span class='ocrx_word' id='word_1_381' title='bbox 431 4331 850 4403; x_wconf 81' lang='grc' dir='ltr'>Διοκλητιανοῦ,</span> <span class='ocrx_word' id='word_1_382' title='bbox 908 4336 1008 4403; x_wconf 81' lang='grc' dir='ltr'>τήν</span> <span class='ocrx_word' id='word_1_383' title='bbox 1072 4332 1351 4409; x_wconf 80' lang='grc' dir='ltr'>βασιλείαν</span> <span class='ocrx_word' id='word_1_384' title='bbox 1384 4329 1802 4408; x_wconf 79' lang='grc' dir='ltr'>παραλαϐόντος</span> <span class='ocrx_word' id='word_1_385' title='bbox 1836 4334 1962 4389; x_wconf 90' lang='grc' dir='ltr'>Μα-</span> 
     </span>
    </p>
   </div>
   <div class='ocr_carea' id='block_1_60' title="bbox 290 4414 1966 4495">
    <p class='ocr_par' dir='ltr' id='par_1_60' title="bbox 290 4414 1966 4495">
     <span class='ocr_line' id='line_1_60' title="bbox 290 4414 1966 4495; baseline -0.002 -21"><span class='ocrx_word' id='word_1_386' title='bbox 290 4424 557 4495; x_wconf 77' lang='grc' dir='ltr'>ξιμιανοῦ</span> <span class='ocrx_word' id='word_1_387' title='bbox 611 4422 710 4474; x_wconf 88' lang='grc' dir='ltr'>τοῦ</span> <span class='ocrx_word' id='word_1_388' title='bbox 762 4414 1018 4493; x_wconf 87' lang='grc' dir='ltr'>γαμϐροῦ</span> <span class='ocrx_word' id='word_1_389' title='bbox 1102 4418 1288 4490; x_wconf 80' lang='grc' dir='ltr'>αὑτοῦ,</span> <span class='ocrx_word' id='word_1_390' title='bbox 1384 4418 1548 4475; x_wconf 83' lang='grc' dir='ltr'>πάλιν</span> <span class='ocrx_word' id='word_1_391' title='bbox 1626 4416 1898 4493; x_wconf 72' lang='grc' dir='ltr'>ἐκρατήθη</span> <span class='ocrx_word' id='word_1_392' title='bbox 1938 4417 1966 4471; x_wconf 88' lang='lat'>6</span> 
     </span>
    </p>
   </div>
   <div class='ocr_carea' id='block_1_61' title="bbox 294 4507 1970 4585">
    <p class='ocr_par' dir='ltr' id='par_1_61' title="bbox 294 4507 1970 4585">
     <span class='ocr_line' id='line_1_61' title="bbox 294 4507 1970 4585; baseline -0.003 -20"><span class='ocrx_word' id='word_1_393' title='bbox 294 4512 481 4585; x_wconf 71' lang='grc' dir='ltr'>ἅγιοςο</span> <span class='ocrx_word' id='word_1_394' title='bbox 514 4509 606 4565; x_wconf 87' lang='grc' dir='ltr'>καὶ</span> <span class='ocrx_word' id='word_1_395' title='bbox 662 4507 849 4563; x_wconf 85' lang='grc' dir='ltr'>πολλά</span> <span class='ocrx_word' id='word_1_396' title='bbox 901 4509 1263 4583; x_wconf 86' lang='grc' dir='ltr'>τιμωρηθεὶς,</span> <span class='ocrx_word' id='word_1_397' title='bbox 1297 4511 1414 4564; x_wconf 82' lang='grc' dir='ltr'>εἶτα</span> <span class='ocrx_word' id='word_1_398' title='bbox 1452 4509 1970 4582; x_wconf 48' lang='grc' dir='ltr'>θαυματουργνῇπις⁹</span> 
     </span>
    </p>
   </div>
   <div class='ocr_carea' id='block_1_62' title="bbox 2062 1961 3711 2041">
    <p class='ocr_par' dir='ltr' id='par_1_62' title="bbox 2062 1961 3711 2041">
     <span class='ocr_line' id='line_1_62' title="bbox 2062 1961 3711 2041; baseline -0.005 -18"><span class='ocrx_word' id='word_1_399' title='bbox 2062 1967 2323 2041; x_wconf 79' lang='lat' dir='ltr'>regionis</span> <span class='ocrx_word' id='word_1_400' title='bbox 2346 1966 2596 2021; x_wconf 87' lang='lat' dir='ltr'>traditus</span> <span class='ocrx_word' id='word_1_401' title='bbox 2627 1971 2748 2020; x_wconf 87' lang='lat' dir='ltr'>est:</span> <span class='ocrx_word' id='word_1_402' title='bbox 2781 1983 2816 2020; x_wconf 90' lang='lat' dir='ltr'>a</span> <span class='ocrx_word' id='word_1_403' title='bbox 2846 1981 2964 2036; x_wconf 88' lang='lat' dir='ltr'>quo</span> <span class='ocrx_word' id='word_1_404' title='bbox 2996 1980 3188 2034; x_wconf 90' lang='lat' dir='ltr'>neque</span> <span class='ocrx_word' id='word_1_405' title='bbox 3238 1961 3546 2016; x_wconf 88' lang='lat' dir='ltr'>blanditiis</span> <span class='ocrx_word' id='word_1_406' title='bbox 3578 1961 3711 2015; x_wconf 87' lang='lat' dir='ltr'>ille-</span> 
     </span>
    </p>
   </div>
   <div class='ocr_carea' id='block_1_63' title="bbox 2062 2049 3712 2127">
    <p class='ocr_par' dir='ltr' id='par_1_63' title="bbox 2062 2049 3712 2127">
     <span class='ocr_line' id='line_1_63' title="bbox 2062 2049 3712 2127; baseline -0.004 -15"><span class='ocrx_word' id='word_1_407' title='bbox 2062 2062 2211 2123; x_wconf 88' lang='lat' dir='ltr'>ctus,</span> <span class='ocrx_word' id='word_1_408' title='bbox 2269 2072 2463 2127; x_wconf 92' lang='lat' dir='ltr'>neque</span> <span class='ocrx_word' id='word_1_409' title='bbox 2520 2055 2698 2109; x_wconf 82' lang='lat' dir='ltr'>minis</span> <span class='ocrx_word' id='word_1_410' title='bbox 2747 2053 3115 2126; x_wconf 85' lang='lat' dir='ltr'>perterritus,</span> <span class='ocrx_word' id='word_1_411' title='bbox 3168 2050 3469 2105; x_wconf 88' lang='lat' dir='ltr'>Christum</span> <span class='ocrx_word' id='word_1_412' title='bbox 3526 2049 3712 2105; x_wconf 88' lang='lat' dir='ltr'>libere</span> 
     </span>
    </p>
   </div>
   <div class='ocr_carea' id='block_1_64' title="bbox 2062 2140 3709 2219">
    <p class='ocr_par' dir='ltr' id='par_1_64' title="bbox 2062 2140 3709 2219">
     <span class='ocr_line' id='line_1_64' title="bbox 2062 2140 3709 2219; baseline -0.004 -18"><span class='ocrx_word' id='word_1_413' title='bbox 2062 2145 2470 2219; x_wconf 82' lang='lat' dir='ltr'>profitebatur.</span> <span class='ocrx_word' id='word_1_414' title='bbox 2496 2145 2721 2199; x_wconf 92' lang='lat' dir='ltr'>Idcirco</span> <span class='ocrx_word' id='word_1_415' title='bbox 2743 2144 3000 2215; x_wconf 89' lang='lat' dir='ltr'>primum</span> <span class='ocrx_word' id='word_1_416' title='bbox 3034 2141 3297 2213; x_wconf 88' lang='lat' dir='ltr'>quidem,</span> <span class='ocrx_word' id='word_1_417' title='bbox 3320 2140 3544 2213; x_wconf 83' lang='lat' dir='ltr'>ingenti</span> <span class='ocrx_word' id='word_1_418' title='bbox 3571 2155 3709 2194; x_wconf 81' lang='lat' dir='ltr'>saxo</span> 
     </span>
    </p>
   </div>
   <div class='ocr_carea' id='block_1_65' title="bbox 2064 2231 3712 2307">
    <p class='ocr_par' dir='ltr' id='par_1_65' title="bbox 2064 2231 3712 2307">
     <span class='ocr_line' id='line_1_65' title="bbox 2064 2231 3712 2307; baseline -0.005 -16"><span class='ocrx_word' id='word_1_419' title='bbox 2064 2236 2136 2292; x_wconf 90' lang='lat' dir='ltr'>ad</span> <span class='ocrx_word' id='word_1_420' title='bbox 2169 2237 2297 2307; x_wconf 88' lang='lat' dir='ltr'>ejus</span> <span class='ocrx_word' id='word_1_421' title='bbox 2328 2234 2547 2289; x_wconf 90' lang='lat' dir='ltr'>collum</span> <span class='ocrx_word' id='word_1_422' title='bbox 2592 2234 2851 2306; x_wconf 78' lang='lat' dir='ltr'>alligato,</span> <span class='ocrx_word' id='word_1_423' title='bbox 2902 2233 3132 2287; x_wconf 90' lang='lat' dir='ltr'>inverso</span> <span class='ocrx_word' id='word_1_424' title='bbox 3165 2231 3355 2301; x_wconf 86' lang='lat' dir='ltr'>capite</span> <span class='ocrx_word' id='word_1_425' title='bbox 3390 2245 3712 2301; x_wconf 84' lang='lat' dir='ltr'>suspensus</span> 
     </span>
    </p>
   </div>
   <div class='ocr_carea' id='block_1_66' title="bbox 2063 2318 3712 2396">
    <p class='ocr_par' dir='ltr' id='par_1_66' title="bbox 2063 2318 3712 2396">
     <span class='ocr_line' id='line_1_66' title="bbox 2063 2318 3712 2396; baseline -0.005 -15"><span class='ocrx_word' id='word_1_426' title='bbox 2063 2326 2190 2381; x_wconf 88' lang='lat' dir='ltr'>fuit.</span> <span class='ocrx_word' id='word_1_427' title='bbox 2242 2325 2506 2396; x_wconf 88' lang='lat' dir='ltr'>Cumque</span> <span class='ocrx_word' id='word_1_428' title='bbox 2556 2341 2590 2379; x_wconf 89' lang='lat' dir='ltr'>a</span> <span class='ocrx_word' id='word_1_429' title='bbox 2638 2322 2946 2379; x_wconf 89' lang='lat' dir='ltr'>lictoribus</span> <span class='ocrx_word' id='word_1_430' title='bbox 2986 2320 3406 2393; x_wconf 83' lang='lat' dir='ltr'>ﬂagellaretur,</span> <span class='ocrx_word' id='word_1_431' title='bbox 3442 2318 3712 2374; x_wconf 88' lang='lat' dir='ltr'>dicebat:</span> 
     </span>
    </p>
   </div>
   <div class='ocr_carea' id='block_1_67' title="bbox 2063 2409 3716 2484">
    <p class='ocr_par' dir='ltr' id='par_1_67' title="bbox 2063 2409 3716 2484">
     <span class='ocr_line' id='line_1_67' title="bbox 2063 2409 3716 2484; baseline -0.005 -12"><span class='ocrx_word' id='word_1_432' title='bbox 2063 2419 2184 2473; x_wconf 86' lang='lat' dir='ltr'>Non</span> <span class='ocrx_word' id='word_1_433' title='bbox 2240 2422 2368 2470; x_wconf 87' lang='lat' dir='ltr'>sunt</span> <span class='ocrx_word' id='word_1_434' title='bbox 2413 2416 2701 2484; x_wconf 69' lang='lat' dir='ltr'>condignae</span> <span class='ocrx_word' id='word_1_435' title='bbox 2775 2414 3055 2483; x_wconf 83' lang='lat' dir='ltr'>passiones</span> <span class='ocrx_word' id='word_1_436' title='bbox 3120 2412 3279 2477; x_wconf 74' lang='lat' dir='ltr'>hujus</span> <span class='ocrx_word' id='word_1_437' title='bbox 3339 2413 3595 2479; x_wconf 82' lang='lat' dir='ltr'>temporis</span> <span class='ocrx_word' id='word_1_438' title='bbox 3641 2409 3716 2463; x_wconf 83' lang='lat' dir='ltr'>ad</span> 
     </span>
    </p>
   </div>
   <div class='ocr_carea' id='block_1_68' title="bbox 2061 2500 3709 2578">
    <p class='ocr_par' dir='ltr' id='par_1_68' title="bbox 2061 2500 3709 2578">
     <span class='ocr_line' id='line_1_68' title="bbox 2061 2500 3709 2578; baseline -0.005 -17"><span class='ocrx_word' id='word_1_439' title='bbox 2061 2511 2312 2578; x_wconf 83' lang='lat' dir='ltr'>futuram</span> <span class='ocrx_word' id='word_1_440' title='bbox 2368 2508 2604 2575; x_wconf 78' lang='lat' dir='ltr'>gloriam</span> <span class='ocrx_word' id='word_1_441' title='bbox 2662 2504 2816 2558; x_wconf 77' lang='lat'>106</span> <span class='ocrx_word' id='word_1_442' title='bbox 2874 2517 3002 2572; x_wconf 54' lang='lat' dir='ltr'>qua</span> <span class='ocrx_word' id='word_1_443' title='bbox 3056 2501 3393 2556; x_wconf 75' lang='lat' dir='ltr'>revelabitur</span> <span class='ocrx_word' id='word_1_444' title='bbox 3440 2502 3499 2553; x_wconf 88' lang='lat' dir='ltr'>in</span> <span class='ocrx_word' id='word_1_445' title='bbox 3536 2500 3709 2553; x_wconf 84' lang='lat' dir='ltr'>nobis.</span> 
     </span>
    </p>
   </div>
   <div class='ocr_carea' id='block_1_69' title="bbox 2064 2587 3712 2666">
    <p class='ocr_par' dir='ltr' id='par_1_69' title="bbox 2064 2587 3712 2666">
     <span class='ocr_line' id='line_1_69' title="bbox 2064 2587 3712 2666; baseline -0.005 -16"><span class='ocrx_word' id='word_1_446' title='bbox 2064 2598 2274 2651; x_wconf 89' lang='lat' dir='ltr'>Postea</span> <span class='ocrx_word' id='word_1_447' title='bbox 2304 2611 2334 2649; x_wconf 92' lang='lat' dir='ltr'>e</span> <span class='ocrx_word' id='word_1_448' title='bbox 2366 2595 2545 2666; x_wconf 78' lang='lat' dir='ltr'>ligno,</span> <span class='ocrx_word' id='word_1_449' title='bbox 2580 2594 2639 2647; x_wconf 91' lang='lat' dir='ltr'>in</span> <span class='ocrx_word' id='word_1_450' title='bbox 2672 2610 2787 2663; x_wconf 91' lang='lat' dir='ltr'>quo</span> <span class='ocrx_word' id='word_1_451' title='bbox 2820 2608 3144 2662; x_wconf 89' lang='lat' dir='ltr'>suspensus</span> <span class='ocrx_word' id='word_1_452' title='bbox 3174 2591 3384 2654; x_wconf 80' lang='lat' dir='ltr'>fuerat,</span> <span class='ocrx_word' id='word_1_453' title='bbox 3407 2587 3712 2659; x_wconf 83' lang='lat' dir='ltr'>depositus</span> 
     </span>
    </p>
   </div>
   <div class='ocr_carea' id='block_1_70' title="bbox 2062 2678 3711 2757">
    <p class='ocr_par' dir='ltr' id='par_1_70' title="bbox 2062 2678 3711 2757">
     <span class='ocr_line' id='line_1_70' title="bbox 2062 2678 3711 2757; baseline -0.005 -16"><span class='ocrx_word' id='word_1_454' title='bbox 2062 2687 2267 2743; x_wconf 89' lang='lat' dir='ltr'>fanum</span> <span class='ocrx_word' id='word_1_455' title='bbox 2294 2686 2590 2742; x_wconf 91' lang='lat' dir='ltr'>idolorum</span> <span class='ocrx_word' id='word_1_456' title='bbox 2614 2683 2842 2757; x_wconf 78' lang='lat' dir='ltr'>ingredi</span> <span class='ocrx_word' id='word_1_457' title='bbox 2867 2688 2924 2737; x_wconf 91' lang='lat' dir='ltr'>et</span> <span class='ocrx_word' id='word_1_458' title='bbox 2944 2683 3281 2737; x_wconf 84' lang='lat' dir='ltr'>sacriﬁcare</span> <span class='ocrx_word' id='word_1_459' title='bbox 3312 2678 3711 2750; x_wconf 88' lang='lat' dir='ltr'>compellitur.</span> 
     </span>
    </p>
   </div>
   <div class='ocr_carea' id='block_1_71' title="bbox 2063 2767 3714 2843">
    <p class='ocr_par' dir='ltr' id='par_1_71' title="bbox 2063 2767 3714 2843">
     <span class='ocr_line' id='line_1_71' title="bbox 2063 2767 3714 2843; baseline -0.007 -11"><span class='ocrx_word' id='word_1_460' title='bbox 2063 2775 2230 2843; x_wconf 91' lang='lat' dir='ltr'>Quod</span> <span class='ocrx_word' id='word_1_461' title='bbox 2262 2792 2398 2830; x_wconf 88' lang='lat' dir='ltr'>eum</span> <span class='ocrx_word' id='word_1_462' title='bbox 2430 2775 2623 2830; x_wconf 87' lang='lat' dir='ltr'>facere</span> <span class='ocrx_word' id='word_1_463' title='bbox 2651 2778 2973 2837; x_wconf 89' lang='lat' dir='ltr'>recusaret,</span> <span class='ocrx_word' id='word_1_464' title='bbox 3005 2776 3071 2826; x_wconf 91' lang='lat' dir='ltr'>ut</span> <span class='ocrx_word' id='word_1_465' title='bbox 3119 2770 3378 2825; x_wconf 85' lang='lat' dir='ltr'>ﬂammis</span> <span class='ocrx_word' id='word_1_466' title='bbox 3407 2767 3714 2823; x_wconf 85' lang='lat' dir='ltr'>addicere-</span> 
     </span>
    </p>
   </div>
   <div class='ocr_carea' id='block_1_72' title="bbox 2062 2855 3714 2933">
    <p class='ocr_par' dir='ltr' id='par_1_72' title="bbox 2062 2855 3714 2933">
     <span class='ocr_line' id='line_1_72' title="bbox 2062 2855 3714 2933; baseline -0.007 -11"><span class='ocrx_word' id='word_1_467' title='bbox 2062 2873 2160 2922; x_wconf 89' lang='lat' dir='ltr'>tur</span> <span class='ocrx_word' id='word_1_468' title='bbox 2190 2865 2548 2921; x_wconf 87' lang='lat' dir='ltr'>sententiam</span> <span class='ocrx_word' id='word_1_469' title='bbox 2579 2862 2826 2933; x_wconf 87' lang='lat' dir='ltr'>accepit.</span> <span class='ocrx_word' id='word_1_470' title='bbox 2871 2862 2935 2915; x_wconf 89' lang='lat' dir='ltr'>In</span> <span class='ocrx_word' id='word_1_471' title='bbox 2983 2859 3287 2915; x_wconf 80' lang='lat' dir='ltr'>fornacem</span> <span class='ocrx_word' id='word_1_472' title='bbox 3316 2858 3516 2929; x_wconf 87' lang='lat' dir='ltr'>itaque</span> <span class='ocrx_word' id='word_1_473' title='bbox 3547 2855 3714 2912; x_wconf 86' lang='lat' dir='ltr'>valde</span> 
     </span>
    </p>
   </div>
   <div class='ocr_carea' id='block_1_73' title="bbox 2062 2946 3713 3025">
    <p class='ocr_par' dir='ltr' id='par_1_73' title="bbox 2062 2946 3713 3025">
     <span class='ocr_line' id='line_1_73' title="bbox 2062 2946 3713 3025; baseline -0.007 -14"><span class='ocrx_word' id='word_1_474' title='bbox 2062 2970 2373 3012; x_wconf 85' lang='lat' dir='ltr'>accensam</span> <span class='ocrx_word' id='word_1_475' title='bbox 2397 2954 2674 3025; x_wconf 88' lang='lat' dir='ltr'>injectus,</span> <span class='ocrx_word' id='word_1_476' title='bbox 2700 2951 2949 3023; x_wconf 90' lang='lat' dir='ltr'>hujusce</span> <span class='ocrx_word' id='word_1_477' title='bbox 2972 2946 3346 3020; x_wconf 61' lang='lat' dir='ltr'>temporarias</span> <span class='ocrx_word' id='word_1_478' title='bbox 3367 2947 3499 3002; x_wconf 68' lang='lat' dir='ltr'>vitai</span> <span class='ocrx_word' id='word_1_479' title='bbox 3531 2946 3713 3002; x_wconf 83' lang='lat' dir='ltr'>ﬁnem</span> 
     </span>
    </p>
   </div>
   <div class='ocr_carea' id='block_1_74' title="bbox 2062 3045 2287 3102">
    <p class='ocr_par' dir='ltr' id='par_1_74' title="bbox 2062 3045 2287 3102">
     <span class='ocr_line' id='line_1_74' title="bbox 2062 3045 2287 3102; baseline -0.018 0"><span class='ocrx_word' id='word_1_480' title='bbox 2062 3045 2287 3102; x_wconf 85' lang='lat' dir='ltr'>habuit.</span> 
     </span>
    </p>
   </div>
   <div class='ocr_carea' id='block_1_75' title="bbox 2061 3154 3712 3227">
    <p class='ocr_par' dir='ltr' id='par_1_75' title="bbox 2061 3154 3712 3227">
     <span class='ocr_line' id='line_1_75' title="bbox 2061 3154 3712 3227; baseline -0.008 -7"><span class='ocrx_word' id='word_1_481' title='bbox 2061 3166 2133 3220; x_wconf 86' lang='lat' dir='ltr'>Et</span> <span class='ocrx_word' id='word_1_482' title='bbox 2162 3169 2434 3219; x_wconf 83' lang='lat' dir='ltr'>certamen</span> <span class='ocrx_word' id='word_1_483' title='bbox 2463 3163 2644 3218; x_wconf 85' lang='lat' dir='ltr'>sancti</span> <span class='ocrx_word' id='word_1_484' title='bbox 2697 3158 2981 3215; x_wconf 76' lang='lat' dir='ltr'>Philetaeri</span> <span class='ocrx_word' id='word_1_485' title='bbox 3008 3158 3268 3227; x_wconf 84' lang='lat' dir='ltr'>martyris</span> <span class='ocrx_word' id='word_1_486' title='bbox 3322 3161 3375 3210; x_wconf 86' lang='lat' dir='ltr'>et</span> <span class='ocrx_word' id='word_1_487' title='bbox 3419 3154 3712 3209; x_wconf 81' lang='lat' dir='ltr'>sociorum.</span> 
     </span>
    </p>
   </div>
   <div class='ocr_carea' id='block_1_76' title="bbox 2130 3341 3713 3419">
    <p class='ocr_par' dir='ltr' id='par_1_76' title="bbox 2130 3341 3713 3419">
     <span class='ocr_line' id='line_1_76' title="bbox 2130 3341 3713 3419; baseline -0.006 -12"><span class='ocrx_word' id='word_1_488' title='bbox 2130 3351 2482 3408; x_wconf 74' lang='lat' dir='ltr'>Philetaarus</span> <span class='ocrx_word' id='word_1_489' title='bbox 2510 3347 2729 3404; x_wconf 89' lang='lat' dir='ltr'>Christi</span> <span class='ocrx_word' id='word_1_490' title='bbox 2760 3350 2984 3419; x_wconf 80' lang='lat' dir='ltr'>martyr</span> <span class='ocrx_word' id='word_1_491' title='bbox 3013 3346 3077 3401; x_wconf 91' lang='lat' dir='ltr'>in</span> <span class='ocrx_word' id='word_1_492' title='bbox 3107 3344 3255 3399; x_wconf 89' lang='lat' dir='ltr'>urbe</span> <span class='ocrx_word' id='word_1_493' title='bbox 3297 3341 3713 3399; x_wconf 84' lang='lat' dir='ltr'>Nicomedien-</span> 
     </span>
    </p>
   </div>
   <div class='ocr_carea' id='block_1_77' title="bbox 2061 3435 3711 3507">
    <p class='ocr_par' dir='ltr' id='par_1_77' title="bbox 2061 3435 3711 3507">
     <span class='ocr_line' id='line_1_77' title="bbox 2061 3435 3711 3507; baseline -0.007 -7"><span class='ocrx_word' id='word_1_494' title='bbox 2061 3445 2216 3500; x_wconf 89' lang='lat' dir='ltr'>sium</span> <span class='ocrx_word' id='word_1_495' title='bbox 2246 3447 2421 3498; x_wconf 87' lang='lat' dir='ltr'>natus</span> <span class='ocrx_word' id='word_1_496' title='bbox 2446 3446 2505 3497; x_wconf 86' lang='lat' dir='ltr'>et</span> <span class='ocrx_word' id='word_1_497' title='bbox 2537 3440 2843 3507; x_wconf 87' lang='lat' dir='ltr'>educatus,</span> <span class='ocrx_word' id='word_1_498' title='bbox 2875 3437 3035 3492; x_wconf 76' lang='lat' dir='ltr'>illius</span> <span class='ocrx_word' id='word_1_499' title='bbox 3079 3436 3193 3492; x_wconf 84' lang='lat' dir='ltr'>fuit</span> <span class='ocrx_word' id='word_1_500' title='bbox 3229 3435 3459 3491; x_wconf 88' lang='lat' dir='ltr'>Tatiani</span> <span class='ocrx_word' id='word_1_501' title='bbox 3490 3451 3711 3507; x_wconf 77' lang='lat' dir='ltr'>expres-</span> 
     </span>
    </p>
   </div>
   <div class='ocr_carea' id='block_1_78' title="bbox 2059 3524 3718 3603">
    <p class='ocr_par' dir='ltr' id='par_1_78' title="bbox 2059 3524 3718 3603">
     <span class='ocr_line' id='line_1_78' title="bbox 2059 3524 3718 3603; baseline -0.006 -15"><span class='ocrx_word' id='word_1_502' title='bbox 2059 3532 2218 3601; x_wconf 87' lang='lat' dir='ltr'>fecti,</span> <span class='ocrx_word' id='word_1_503' title='bbox 2240 3532 2327 3586; x_wconf 84' lang='lat' dir='ltr'>vir</span> <span class='ocrx_word' id='word_1_504' title='bbox 2346 3546 2606 3603; x_wconf 62' lang='lat' dir='ltr'>proceras</span> <span class='ocrx_word' id='word_1_505' title='bbox 2638 3532 2901 3594; x_wconf 64' lang='lat' dir='ltr'>staturae,</span> <span class='ocrx_word' id='word_1_506' title='bbox 2924 3525 3241 3595; x_wconf 87' lang='lat' dir='ltr'>formosus,</span> <span class='ocrx_word' id='word_1_507' title='bbox 3263 3530 3321 3581; x_wconf 90' lang='lat' dir='ltr'>et</span> <span class='ocrx_word' id='word_1_508' title='bbox 3342 3524 3512 3581; x_wconf 85' lang='lat' dir='ltr'>albus</span> <span class='ocrx_word' id='word_1_509' title='bbox 3528 3524 3718 3580; x_wconf 88' lang='lat' dir='ltr'>instar</span> 
     </span>
    </p>
   </div>
   <div class='ocr_carea' id='block_1_79' title="bbox 2061 3612 3713 3691">
    <p class='ocr_par' dir='ltr' id='par_1_79' title="bbox 2061 3612 3713 3691">
     <span class='ocr_line' id='line_1_79' title="bbox 2061 3612 3713 3691; baseline -0.007 -14"><span class='ocrx_word' id='word_1_510' title='bbox 2061 3620 2237 3685; x_wconf 89' lang='lat' dir='ltr'>nivis,</span> <span class='ocrx_word' id='word_1_511' title='bbox 2269 3618 2478 3691; x_wconf 87' lang='lat' dir='ltr'>capitis</span> <span class='ocrx_word' id='word_1_512' title='bbox 2509 3633 2577 3673; x_wconf 89' lang='lat' dir='ltr'>ac</span> <span class='ocrx_word' id='word_1_513' title='bbox 2604 3616 2807 3673; x_wconf 67' lang='lat' dir='ltr'>barbas</span> <span class='ocrx_word' id='word_1_514' title='bbox 2836 3615 2990 3688; x_wconf 90' lang='lat' dir='ltr'>pilos</span> <span class='ocrx_word' id='word_1_515' title='bbox 3020 3615 3081 3670; x_wconf 92' lang='lat' dir='ltr'>in</span> <span class='ocrx_word' id='word_1_516' title='bbox 3128 3614 3372 3669; x_wconf 90' lang='lat' dir='ltr'>modum</span> <span class='ocrx_word' id='word_1_517' title='bbox 3405 3613 3533 3669; x_wconf 88' lang='lat' dir='ltr'>auri</span> <span class='ocrx_word' id='word_1_518' title='bbox 3565 3612 3713 3667; x_wconf 89' lang='lat' dir='ltr'>ruti-</span> 
     </span>
    </p>
   </div>
   <div class='ocr_carea' id='block_1_80' title="bbox 2061 3703 3712 3770">
    <p class='ocr_par' dir='ltr' id='par_1_80' title="bbox 2061 3703 3712 3770">
     <span class='ocr_line' id='line_1_80' title="bbox 2061 3703 3712 3770; baseline -0.005 -3"><span class='ocrx_word' id='word_1_519' title='bbox 2061 3712 2256 3767; x_wconf 89' lang='lat' dir='ltr'>lantes</span> <span class='ocrx_word' id='word_1_520' title='bbox 2288 3709 2533 3765; x_wconf 88' lang='lat' dir='ltr'>habens.</span> <span class='ocrx_word' id='word_1_521' title='bbox 2566 3709 2711 3763; x_wconf 89' lang='lat' dir='ltr'>Cum</span> <span class='ocrx_word' id='word_1_522' title='bbox 2768 3712 2966 3763; x_wconf 87' lang='lat' dir='ltr'>autem</span> <span class='ocrx_word' id='word_1_523' title='bbox 3025 3704 3397 3760; x_wconf 88' lang='lat' dir='ltr'>Christianus</span> <span class='ocrx_word' id='word_1_524' title='bbox 3428 3708 3605 3770; x_wconf 82' lang='lat' dir='ltr'>esset,</span> <span class='ocrx_word' id='word_1_525' title='bbox 3640 3703 3712 3758; x_wconf 88' lang='lat' dir='ltr'>ab</span> 
     </span>
    </p>
   </div>
   <div class='ocr_carea' id='block_1_81' title="bbox 2062 3793 3719 3869">
    <p class='ocr_par' dir='ltr' id='par_1_81' title="bbox 2062 3793 3719 3869">
     <span class='ocr_line' id='line_1_81' title="bbox 2062 3793 3719 3869; baseline -0.005 -13"><span class='ocrx_word' id='word_1_526' title='bbox 2062 3798 2406 3857; x_wconf 79' lang='lat' dir='ltr'>infidelibus</span> <span class='ocrx_word' id='word_1_527' title='bbox 2429 3797 2910 3869; x_wconf 82' lang='lat' dir='ltr'>comprehensus.</span> <span class='ocrx_word' id='word_1_528' title='bbox 2936 3794 3300 3850; x_wconf 89' lang='lat' dir='ltr'>Diocletiano</span> <span class='ocrx_word' id='word_1_529' title='bbox 3322 3793 3505 3865; x_wconf 88' lang='lat' dir='ltr'>impio</span> <span class='ocrx_word' id='word_1_530' title='bbox 3533 3794 3719 3864; x_wconf 88' lang='lat' dir='ltr'>impe-</span> 
     </span>
    </p>
   </div>
   <div class='ocr_carea' id='block_1_82' title="bbox 2065 3885 3711 3959">
    <p class='ocr_par' dir='ltr' id='par_1_82' title="bbox 2065 3885 3711 3959">
     <span class='ocr_line' id='line_1_82' title="bbox 2065 3885 3711 3959; baseline -0.005 -12"><span class='ocrx_word' id='word_1_531' title='bbox 2065 3892 2248 3949; x_wconf 88' lang='lat' dir='ltr'>ratori</span> <span class='ocrx_word' id='word_1_532' title='bbox 2281 3890 2531 3955; x_wconf 87' lang='lat' dir='ltr'>sistitur,</span> <span class='ocrx_word' id='word_1_533' title='bbox 2566 3904 2741 3959; x_wconf 88' lang='lat' dir='ltr'>quem</span> <span class='ocrx_word' id='word_1_534' title='bbox 2774 3886 2873 3942; x_wconf 90' lang='lat' dir='ltr'>ille</span> <span class='ocrx_word' id='word_1_535' title='bbox 2922 3886 2996 3941; x_wconf 91' lang='lat' dir='ltr'>ob</span> <span class='ocrx_word' id='word_1_536' title='bbox 3047 3885 3222 3951; x_wconf 86' lang='lat' dir='ltr'>mala,</span> <span class='ocrx_word' id='word_1_537' title='bbox 3256 3902 3387 3957; x_wconf 69' lang='lat' dir='ltr'>quas</span> <span class='ocrx_word' id='word_1_538' title='bbox 3421 3885 3711 3957; x_wconf 86' lang='lat' dir='ltr'>patrabat,</span> 
     </span>
    </p>
   </div>
   <div class='ocr_carea' id='block_1_83' title="bbox 2065 3974 3721 4053">
    <p class='ocr_par' dir='ltr' id='par_1_83' title="bbox 2065 3974 3721 4053">
     <span class='ocr_line' id='line_1_83' title="bbox 2065 3974 3721 4053; baseline -0.006 -16"><span class='ocrx_word' id='word_1_539' title='bbox 2065 3978 2530 4053; x_wconf 89' lang='lat' dir='ltr'>reprehendens,</span> <span class='ocrx_word' id='word_1_540' title='bbox 2557 3976 2891 4046; x_wconf 86' lang='lat' dir='ltr'>Christique</span> <span class='ocrx_word' id='word_1_541' title='bbox 2914 3975 3224 4031; x_wconf 90' lang='lat' dir='ltr'>inimicum</span> <span class='ocrx_word' id='word_1_542' title='bbox 3248 3974 3721 4046; x_wconf 74' lang='lat' dir='ltr'>appellansgra-</span> 
     </span>
    </p>
   </div>
   <div class='ocr_carea' id='block_1_84' title="bbox 2065 4063 3719 4132">
    <p class='ocr_par' dir='ltr' id='par_1_84' title="bbox 2065 4063 3719 4132">
     <span class='ocr_line' id='line_1_84' title="bbox 2065 4063 3719 4132; baseline -0.005 -7"><span class='ocrx_word' id='word_1_543' title='bbox 2065 4072 2213 4127; x_wconf 88' lang='lat' dir='ltr'>viter</span> <span class='ocrx_word' id='word_1_544' title='bbox 2239 4086 2427 4124; x_wconf 66' lang='lat' dir='ltr'>caesus</span> <span class='ocrx_word' id='word_1_545' title='bbox 2457 4066 2587 4122; x_wconf 87' lang='lat' dir='ltr'>fuit.</span> <span class='ocrx_word' id='word_1_546' title='bbox 2619 4068 2746 4121; x_wconf 81' lang='lat' dir='ltr'>Mox</span> <span class='ocrx_word' id='word_1_547' title='bbox 2790 4066 2850 4119; x_wconf 87' lang='lat' dir='ltr'>in</span> <span class='ocrx_word' id='word_1_548' title='bbox 2895 4065 3195 4120; x_wconf 89' lang='lat' dir='ltr'>fornacem</span> <span class='ocrx_word' id='word_1_549' title='bbox 3227 4064 3534 4120; x_wconf 83' lang='lat' dir='ltr'>ardentem</span> <span class='ocrx_word' id='word_1_550' title='bbox 3564 4063 3719 4132; x_wconf 77' lang='lat' dir='ltr'>inje-</span> 
     </span>
    </p>
   </div>
   <div class='ocr_carea' id='block_1_85' title="bbox 2068 4151 3721 4225">
    <p class='ocr_par' dir='ltr' id='par_1_85' title="bbox 2068 4151 3721 4225">
     <span class='ocr_line' id='line_1_85' title="bbox 2068 4151 3721 4225; baseline -0.008 -8"><span class='ocrx_word' id='word_1_551' title='bbox 2068 4167 2217 4225; x_wconf 89' lang='lat' dir='ltr'>ctus,</span> <span class='ocrx_word' id='word_1_552' title='bbox 2250 4156 2567 4214; x_wconf 87' lang='lat' dir='ltr'>incolumis</span> <span class='ocrx_word' id='word_1_553' title='bbox 2598 4162 2656 4211; x_wconf 89' lang='lat' dir='ltr'>et</span> <span class='ocrx_word' id='word_1_554' title='bbox 2684 4155 2907 4209; x_wconf 71' lang='lat' dir='ltr'>illaasus</span> <span class='ocrx_word' id='word_1_555' title='bbox 2952 4155 3152 4210; x_wconf 85' lang='lat' dir='ltr'>evasit.</span> <span class='ocrx_word' id='word_1_556' title='bbox 3186 4153 3347 4209; x_wconf 89' lang='lat' dir='ltr'>Unde</span> <span class='ocrx_word' id='word_1_557' title='bbox 3378 4151 3721 4222; x_wconf 87' lang='lat' dir='ltr'>obstupefa-</span> 
     </span>
    </p>
   </div>
   <div class='ocr_carea' id='block_1_86' title="bbox 2069 4244 3719 4309">
    <p class='ocr_par' dir='ltr' id='par_1_86' title="bbox 2069 4244 3719 4309">
     <span class='ocr_line' id='line_1_86' title="bbox 2069 4244 3719 4309; baseline -0.008 -1"><span class='ocrx_word' id='word_1_558' title='bbox 2069 4258 2198 4309; x_wconf 89' lang='lat' dir='ltr'>ctus</span> <span class='ocrx_word' id='word_1_559' title='bbox 2222 4249 2623 4306; x_wconf 84' lang='lat' dir='ltr'>Diocletianus</span> <span class='ocrx_word' id='word_1_560' title='bbox 2655 4263 2789 4302; x_wconf 89' lang='lat' dir='ltr'>eum</span> <span class='ocrx_word' id='word_1_561' title='bbox 2820 4245 3063 4300; x_wconf 90' lang='lat' dir='ltr'>dimisit.</span> <span class='ocrx_word' id='word_1_562' title='bbox 3094 4246 3233 4301; x_wconf 91' lang='lat' dir='ltr'>Post</span> <span class='ocrx_word' id='word_1_563' title='bbox 3261 4244 3489 4299; x_wconf 85' lang='lat' dir='ltr'>obitum</span> <span class='ocrx_word' id='word_1_564' title='bbox 3520 4248 3719 4297; x_wconf 89' lang='lat' dir='ltr'>autem</span> 
     </span>
    </p>
   </div>
   <div class='ocr_carea' id='block_1_87' title="bbox 2070 4331 3719 4407">
    <p class='ocr_par' dir='ltr' id='par_1_87' title="bbox 2070 4331 3719 4407">
     <span class='ocr_line' id='line_1_87' title="bbox 2070 4331 3719 4407; baseline -0.007 -10"><span class='ocrx_word' id='word_1_565' title='bbox 2070 4337 2443 4407; x_wconf 88' lang='lat' dir='ltr'>Diocletiani,</span> <span class='ocrx_word' id='word_1_566' title='bbox 2478 4354 2614 4392; x_wconf 90' lang='lat' dir='ltr'>eum</span> <span class='ocrx_word' id='word_1_567' title='bbox 2664 4335 3055 4390; x_wconf 82' lang='lat' dir='ltr'>Maximianus</span> <span class='ocrx_word' id='word_1_568' title='bbox 3100 4334 3287 4405; x_wconf 90' lang='lat' dir='ltr'>ipsius</span> <span class='ocrx_word' id='word_1_569' title='bbox 3316 4348 3500 4405; x_wconf 84' lang='lat' dir='ltr'>gener</span> <span class='ocrx_word' id='word_1_570' title='bbox 3528 4331 3719 4402; x_wconf 82' lang='lat' dir='ltr'>impe-</span> 
     </span>
    </p>
   </div>
   <div class='ocr_carea' id='block_1_88' title="bbox 2071 4423 3720 4494">
    <p class='ocr_par' dir='ltr' id='par_1_88' title="bbox 2071 4423 3720 4494">
     <span class='ocr_line' id='line_1_88' title="bbox 2071 4423 3720 4494; baseline -0.008 -7"><span class='ocrx_word' id='word_1_571' title='bbox 2071 4431 2227 4487; x_wconf 89' lang='lat' dir='ltr'>rium</span> <span class='ocrx_word' id='word_1_572' title='bbox 2285 4427 2599 4493; x_wconf 86' lang='lat' dir='ltr'>obtineret,</span> <span class='ocrx_word' id='word_1_573' title='bbox 2665 4425 2860 4481; x_wconf 89' lang='lat' dir='ltr'>denuo</span> <span class='ocrx_word' id='word_1_574' title='bbox 2936 4423 3401 4494; x_wconf 90' lang='lat' dir='ltr'>comprehensus</span> <span class='ocrx_word' id='word_1_575' title='bbox 3458 4425 3720 4490; x_wconf 88' lang='lat' dir='ltr'>sanctus,</span> 
     </span>
    </p>
   </div>
   <div class='ocr_carea' id='block_1_89' title="bbox 2073 4508 3723 4591">
    <p class='ocr_par' dir='ltr' id='par_1_89' title="bbox 2073 4508 3723 4591">
     <span class='ocr_line' id='line_1_89' title="bbox 2073 4508 3723 4591; baseline -0.006 -17"><span class='ocrx_word' id='word_1_576' title='bbox 2073 4517 2348 4591; x_wconf 88' lang='lat' dir='ltr'>plurimis</span> <span class='ocrx_word' id='word_1_577' title='bbox 2395 4514 2702 4587; x_wconf 88' lang='lat' dir='ltr'>suppliciis</span> <span class='ocrx_word' id='word_1_578' title='bbox 2758 4512 3145 4568; x_wconf 84' lang='lat' dir='ltr'>excruciatur.</span> <span class='ocrx_word' id='word_1_579' title='bbox 3180 4509 3475 4565; x_wconf 85' lang='lat' dir='ltr'>Miraculis</span> <span class='ocrx_word' id='word_1_580' title='bbox 3506 4508 3723 4564; x_wconf 90' lang='lat' dir='ltr'>deinde</span> 
     </span>
    </p>
   </div>
   <div class='ocr_carea' id='block_1_90' title="bbox 292 4595 1958 4681">
    <p class='ocr_par' dir='ltr' id='par_1_90' title="bbox 292 4595 1958 4673">
     <span class='ocr_line' id='line_1_90' title="bbox 292 4595 1958 4673; baseline -0.004 -17"><span class='ocrx_word' id='word_1_581' title='bbox 292 4600 539 4669; x_wconf 75' lang='grc' dir='ltr'>ἐποίησε</span> <span class='ocrx_word' id='word_1_582' title='bbox 566 4596 818 4660; x_wconf 77' lang='grc' dir='ltr'>πολλοὺς</span> <span class='ocrx_word' id='word_1_583' title='bbox 864 4596 1146 4652; x_wconf 84' lang='grc' dir='ltr'>πιστεῦσαι</span> <span class='ocrx_word' id='word_1_584' title='bbox 1198 4603 1279 4671; x_wconf 84' lang='grc' dir='ltr'>τῷ</span> <span class='ocrx_word' id='word_1_585' title='bbox 1335 4600 1580 4673; x_wconf 80' lang='grc' dir='ltr'>Χριστῷ,</span> <span class='ocrx_word' id='word_1_586' title='bbox 1621 4598 1708 4653; x_wconf 87' lang='grc' dir='ltr'>καὶ</span> <span class='ocrx_word' id='word_1_587' title='bbox 1743 4595 1958 4652; x_wconf 88' lang='grc' dir='ltr'>τελειω-</span> 
     </span>
    </p>
   </div>
   <div class='ocr_carea' id='block_1_91' title="bbox 2068 4595 3722 4681">
    <p class='ocr_par' dir='ltr' id='par_1_91' title="bbox 2076 4598 3722 4681">
     <span class='ocr_line' id='line_1_91' title="bbox 2076 4598 3722 4681; baseline -0.005 -18"><span class='ocrx_word' id='word_1_588' title='bbox 2076 4608 2323 4681; x_wconf 87' lang='lat' dir='ltr'>patratis</span> <span class='ocrx_word' id='word_1_589' title='bbox 2356 4606 2571 4673; x_wconf 75' lang='lat' dir='ltr'>ellecit,</span> <span class='ocrx_word' id='word_1_590' title='bbox 2603 4609 2669 4660; x_wconf 91' lang='lat' dir='ltr'>ut</span> <span class='ocrx_word' id='word_1_591' title='bbox 2712 4603 2881 4659; x_wconf 93' lang='lat' dir='ltr'>multi</span> <span class='ocrx_word' id='word_1_592' title='bbox 2926 4603 2988 4657; x_wconf 92' lang='lat' dir='ltr'>in</span> <span class='ocrx_word' id='word_1_593' title='bbox 3037 4601 3335 4656; x_wconf 88' lang='lat' dir='ltr'>Christum</span> <span class='ocrx_word' id='word_1_594' title='bbox 3367 4598 3722 4666; x_wconf 86' lang='lat' dir='ltr'>crederent;</span> 
     </span>
    </p>
   </div>
   <div class='ocr_carea' id='block_1_92' title="bbox 298 4685 1963 4761">
    <p class='ocr_par' dir='ltr' id='par_1_92' title="bbox 298 4685 1963 4761">
     <span class='ocr_line' id='line_1_92' title="bbox 298 4685 1963 4761; baseline -0.001 -19"><span class='ocrx_word' id='word_1_595' title='bbox 298 4697 469 4759; x_wconf 82' lang='grc' dir='ltr'>θῆναι</span> <span class='ocrx_word' id='word_1_596' title='bbox 498 4686 628 4749; x_wconf 78' lang='grc' dir='ltr'>τοὺς</span> <span class='ocrx_word' id='word_1_597' title='bbox 661 4688 757 4761; x_wconf 76' lang='grc' dir='ltr'>μὶν</span> <span class='ocrx_word' id='word_1_598' title='bbox 791 4685 882 4743; x_wconf 77' lang='grc' dir='ltr'>διά</span> <span class='ocrx_word' id='word_1_599' title='bbox 912 4687 1115 4761; x_wconf 79' lang='grc' dir='ltr'>ξίφους,</span> <span class='ocrx_word' id='word_1_600' title='bbox 1138 4687 1267 4750; x_wconf 79' lang='grc' dir='ltr'>τοὺς</span> <span class='ocrx_word' id='word_1_601' title='bbox 1290 4685 1348 4743; x_wconf 75' lang='grc' dir='ltr'>δὲ</span> <span class='ocrx_word' id='word_1_602' title='bbox 1379 4685 1468 4743; x_wconf 79' lang='grc' dir='ltr'>διὰ</span> <span class='ocrx_word' id='word_1_603' title='bbox 1498 4686 1691 4761; x_wconf 87' lang='grc' dir='ltr'>πυρός.</span> <span class='ocrx_word' id='word_1_604' title='bbox 1725 4686 1963 4760; x_wconf 81' lang='grc' dir='ltr'>Ὁμοίως</span> 
     </span>
    </p>
   </div>
   <div class='ocr_carea' id='block_1_93' title="bbox 297 4774 1966 4853">
    <p class='ocr_par' dir='ltr' id='par_1_93' title="bbox 297 4774 1966 4853">
     <span class='ocr_line' id='line_1_93' title="bbox 297 4774 1966 4853; baseline -0.002 -19"><span class='ocrx_word' id='word_1_605' title='bbox 297 4780 396 4834; x_wconf 81' lang='grc' dir='ltr'>καὶ</span> <span class='ocrx_word' id='word_1_606' title='bbox 433 4779 461 4832; x_wconf 89' lang='lat'>6</span> <span class='ocrx_word' id='word_1_607' title='bbox 496 4780 705 4852; x_wconf 82' lang='grc' dir='ltr'>μάρτυς</span> <span class='ocrx_word' id='word_1_608' title='bbox 739 4778 985 4853; x_wconf 83' lang='grc' dir='ltr'>Κυριακή</span> <span class='ocrx_word' id='word_1_609' title='bbox 1039 4775 1170 4850; x_wconf 85' lang='grc' dir='ltr'>πυρί</span> <span class='ocrx_word' id='word_1_610' title='bbox 1227 4775 1546 4846; x_wconf 87' lang='grc' dir='ltr'>ἐτελειώθη,</span> <span class='ocrx_word' id='word_1_611' title='bbox 1577 4776 1668 4831; x_wconf 83' lang='grc' dir='ltr'>καὶ</span> <span class='ocrx_word' id='word_1_612' title='bbox 1700 4778 1728 4831; x_wconf 86' lang='lat'>6</span> <span class='ocrx_word' id='word_1_613' title='bbox 1759 4774 1966 4853; x_wconf 77' lang='grc' dir='ltr'>φυλάτ-</span> 
     </span>
    </p>
   </div>
   <div class='ocr_carea' id='block_1_94' title="bbox 294 4865 1964 4941">
    <p class='ocr_par' dir='ltr' id='par_1_94' title="bbox 294 4865 1964 4941">
     <span class='ocr_line' id='line_1_94' title="bbox 294 4865 1964 4941; baseline -0.002 -18"><span class='ocrx_word' id='word_1_614' title='bbox 294 4889 415 4924; x_wconf 90' lang='grc' dir='ltr'>των</span> <span class='ocrx_word' id='word_1_615' title='bbox 454 4866 652 4929; x_wconf 76' lang='grc' dir='ltr'>αὖτοὺς</span> <span class='ocrx_word' id='word_1_616' title='bbox 709 4868 891 4939; x_wconf 87' lang='grc' dir='ltr'>κόμης</span> <span class='ocrx_word' id='word_1_617' title='bbox 948 4865 1179 4941; x_wconf 81' lang='grc' dir='ltr'>ἔσχατον</span> <span class='ocrx_word' id='word_1_618' title='bbox 1239 4865 1373 4939; x_wconf 84' lang='grc' dir='ltr'>μετᾶ</span> <span class='ocrx_word' id='word_1_619' title='bbox 1427 4869 1526 4921; x_wconf 84' lang='grc' dir='ltr'>τοῦ</span> <span class='ocrx_word' id='word_1_620' title='bbox 1582 4865 1742 4941; x_wconf 81' lang='grc' dir='ltr'>ἁγίου</span> <span class='ocrx_word' id='word_1_621' title='bbox 1774 4866 1964 4921; x_wconf 82' lang='grc' dir='ltr'>ἀπεκε-</span> 
     </span>
    </p>
   </div>
   <div class='ocr_carea' id='block_1_95' title="bbox 298 4956 575 5035">
    <p class='ocr_par' dir='ltr' id='par_1_95' title="bbox 298 4956 575 5035">
     <span class='ocr_line' id='line_1_95' title="bbox 298 4956 575 5035; baseline -0.004 -22"><span class='ocrx_word' id='word_1_622' title='bbox 298 4956 417 5035; x_wconf 75' lang='grc' dir='ltr'>φαλ</span> <span class='ocrx_word' id='word_1_623' title='bbox 430 4957 550 5025; x_wconf 84' lang='grc' dir='ltr'>ίσθη</span> <span class='ocrx_word' id='word_1_624' title='bbox 561 4999 575 5012; x_wconf 91' lang='grc'><strong>.</strong></span> 
     </span>
    </p>
   </div>
   <div class='ocr_carea' id='block_1_96' title="bbox 866 5166 1414 5225">
    <p class='ocr_par' dir='ltr' id='par_1_96' title="bbox 866 5166 1414 5225">
     <span class='ocr_line' id='line_1_96' title="bbox 866 5166 1414 5225; baseline 0.002 -2"><span class='ocrx_word' id='word_1_625' title='bbox 866 5166 1053 5225; x_wconf 86' lang='grc' dir='ltr'>ΜΗΝΙ</span> <span class='ocrx_word' id='word_1_626' title='bbox 1090 5171 1174 5220; x_wconf 85' lang='grc' dir='ltr'>ΤΩ</span> <span class='ocrx_word' id='word_1_627' title='bbox 1212 5167 1414 5224; x_wconf 83' lang='grc' dir='ltr'>ΑΥΤΩ.</span> 
     </span>
    </p>
   </div>
   <div class='ocr_carea' id='block_1_97' title="bbox 1118 5254 1179 5311">
    <p class='ocr_par' dir='ltr' id='par_1_97' title="bbox 1118 5254 1179 5311">
     <span class='ocr_line' id='line_1_97' title="bbox 1118 5254 1179 5311; baseline 0 -39"><span class='ocrx_word' id='word_1_628' title='bbox 1118 5254 1179 5311; x_wconf 72' lang='grc' dir='ltr'>Κ.</span> 
     </span>
    </p>
   </div>
   <div class='ocr_carea' id='block_1_98' title="bbox 300 5341 1969 5437">
    <p class='ocr_par' dir='ltr' id='par_1_98' title="bbox 300 5341 1969 5437">
     <span class='ocr_line' id='line_1_98' title="bbox 300 5341 1969 5437; baseline -0.003 -35"><span class='ocrx_word' id='word_1_629' title='bbox 300 5344 586 5416; x_wconf 66' lang='grc' dir='ltr'>νΔθλησις</span> <span class='ocrx_word' id='word_1_630' title='bbox 613 5348 713 5401; x_wconf 92' lang='grc' dir='ltr'>τοῦ</span> <span class='ocrx_word' id='word_1_631' title='bbox 743 5343 898 5420; x_wconf 88' lang='grc' dir='ltr'>ἀγίου</span> <span class='ocrx_word' id='word_1_632' title='bbox 952 5344 1225 5437; x_wconf 54' lang='grc' dir='ltr'>μάρτυρες</span> <span class='ocrx_word' id='word_1_633' title='bbox 1277 5341 1587 5399; x_wconf 83' lang='grc' dir='ltr'>Θαλελαιου</span> <span class='ocrx_word' id='word_1_634' title='bbox 1615 5342 1705 5397; x_wconf 78' lang='grc' dir='ltr'>καὶ</span> <span class='ocrx_word' id='word_1_635' title='bbox 1735 5347 1841 5398; x_wconf 78' lang='grc' dir='ltr'>τῶν</span> <span class='ocrx_word' id='word_1_636' title='bbox 1876 5342 1969 5397; x_wconf 73' lang='grc' dir='ltr'>σὺν</span> 
     </span>
    </p>
   </div>
   <div class='ocr_carea' id='block_1_99' title="bbox 1066 5436 1233 5487">
    <p class='ocr_par' dir='ltr' id='par_1_99' title="bbox 1066 5436 1233 5487">
     <span class='ocr_line' id='line_1_99' title="bbox 1066 5436 1233 5487; baseline 0.006 -16"><span class='ocrx_word' id='word_1_637' title='bbox 1066 5436 1233 5487; x_wconf 85' lang='grc' dir='ltr'>αυτῳ.</span> 
     </span>
    </p>
   </div>
   <div class='ocr_carea' id='block_1_100' title="bbox 383 5530 1971 5607">
    <p class='ocr_par' dir='ltr' id='par_1_100' title="bbox 383 5530 1971 5607">
     <span class='ocr_line' id='line_1_100' title="bbox 383 5530 1971 5607; baseline -0.003 -18"><span class='ocrx_word' id='word_1_638' title='bbox 383 5533 717 5600; x_wconf 86' lang='grc' dir='ltr'>Θαλελαῖος,</span> <span class='ocrx_word' id='word_1_639' title='bbox 778 5534 807 5587; x_wconf 88' lang='lat'>6</span> <span class='ocrx_word' id='word_1_640' title='bbox 852 5535 951 5587; x_wconf 89' lang='grc' dir='ltr'>τοῦ</span> <span class='ocrx_word' id='word_1_641' title='bbox 1008 5533 1243 5603; x_wconf 86' lang='grc' dir='ltr'>Χριστοῦ</span> <span class='ocrx_word' id='word_1_642' title='bbox 1304 5530 1507 5607; x_wconf 89' lang='grc' dir='ltr'>μάρτυς</span> <span class='ocrx_word' id='word_1_643' title='bbox 1534 5531 1599 5599; x_wconf 79' lang='grc' dir='ltr'>ἦν</span> <span class='ocrx_word' id='word_1_644' title='bbox 1632 5531 1718 5585; x_wconf 68' lang='grc' dir='ltr'>ἐπὶ</span> <span class='ocrx_word' id='word_1_645' title='bbox 1752 5532 1971 5605; x_wconf 82' lang='grc' dir='ltr'>Νουμε-</span> 
     </span>
    </p>
   </div>
   <div class='ocr_carea' id='block_1_101' title="bbox 315 5618 1972 5699">
    <p class='ocr_par' dir='ltr' id='par_1_101' title="bbox 315 5618 1972 5699">
     <span class='ocr_line' id='line_1_101' title="bbox 315 5618 1972 5699; baseline -0.001 -23"><span class='ocrx_word' id='word_1_646' title='bbox 315 5628 509 5699; x_wconf 86' lang='grc' dir='ltr'>ριανοῦ</span> <span class='ocrx_word' id='word_1_647' title='bbox 537 5626 637 5677; x_wconf 91' lang='grc' dir='ltr'>τοῦ</span> <span class='ocrx_word' id='word_1_648' title='bbox 672 5619 960 5695; x_wconf 68' lang='grc' dir='ltr'>βασιλάως,</span> <span class='ocrx_word' id='word_1_649' title='bbox 1015 5620 1201 5695; x_wconf 76' lang='grc' dir='ltr'>ἰατρὸς</span> <span class='ocrx_word' id='word_1_650' title='bbox 1257 5621 1357 5689; x_wconf 78' lang='grc' dir='ltr'>τήν</span> <span class='ocrx_word' id='word_1_651' title='bbox 1415 5618 1634 5694; x_wconf 70' lang='grc' dir='ltr'>τέχνην.</span> <span class='ocrx_word' id='word_1_652' title='bbox 1671 5619 1972 5693; x_wconf 81' lang='grc' dir='ltr'>Κρατηθεὶς</span> 
     </span>
    </p>
   </div>
   <div class='ocr_carea' id='block_1_102' title="bbox 316 5706 1969 5788">
    <p class='ocr_par' dir='ltr' id='par_1_102' title="bbox 316 5706 1969 5788">
     <span class='ocr_line' id='line_1_102' title="bbox 316 5706 1969 5788; baseline -0.004 -19"><span class='ocrx_word' id='word_1_653' title='bbox 316 5710 380 5769; x_wconf 67' lang='grc' dir='ltr'>δὲ</span> <span class='ocrx_word' id='word_1_654' title='bbox 442 5712 490 5767; x_wconf 73' lang='grc' dir='ltr'>ἐν</span> <span class='ocrx_word' id='word_1_655' title='bbox 547 5706 865 5788; x_wconf 79' lang='grc' dir='ltr'>Ἀναζάρϐῳ</span> <span class='ocrx_word' id='word_1_656' title='bbox 947 5709 1106 5767; x_wconf 84' lang='grc' dir='ltr'>πόλει</span> <span class='ocrx_word' id='word_1_657' title='bbox 1188 5717 1288 5780; x_wconf 71' lang='grc' dir='ltr'>τῆς</span> <span class='ocrx_word' id='word_1_658' title='bbox 1344 5708 1619 5783; x_wconf 83' lang='grc' dir='ltr'>Κιλικίας,</span> <span class='ocrx_word' id='word_1_659' title='bbox 1674 5710 1969 5786; x_wconf 77' lang='grc' dir='ltr'>προσήχθη</span> 
     </span>
    </p>
   </div>
   <div class='ocr_carea' id='block_1_103' title="bbox 2074 4689 3723 4769">
    <p class='ocr_par' dir='ltr' id='par_1_103' title="bbox 2074 4689 3723 4769">
     <span class='ocr_line' id='line_1_103' title="bbox 2074 4689 3723 4769; baseline -0.006 -15"><span class='ocrx_word' id='word_1_660' title='bbox 2074 4698 2340 4769; x_wconf 88' lang='lat' dir='ltr'>adeoque</span> <span class='ocrx_word' id='word_1_661' title='bbox 2370 4700 2623 4751; x_wconf 90' lang='lat' dir='ltr'>mortem</span> <span class='ocrx_word' id='word_1_662' title='bbox 2650 4693 2904 4762; x_wconf 90' lang='lat' dir='ltr'>obirent,</span> <span class='ocrx_word' id='word_1_663' title='bbox 2926 4692 3027 4747; x_wconf 88' lang='lat' dir='ltr'>alii</span> <span class='ocrx_word' id='word_1_664' title='bbox 3051 4691 3291 4762; x_wconf 89' lang='lat' dir='ltr'>quidem</span> <span class='ocrx_word' id='word_1_665' title='bbox 3322 4690 3516 4763; x_wconf 84' lang='lat' dir='ltr'>gladio</span> <span class='ocrx_word' id='word_1_666' title='bbox 3542 4689 3723 4762; x_wconf 87' lang='lat' dir='ltr'>plexi,</span> 
     </span>
    </p>
   </div>
   <div class='ocr_carea' id='block_1_104' title="bbox 2074 4779 3728 4852">
    <p class='ocr_par' dir='ltr' id='par_1_104' title="bbox 2074 4779 3728 4852">
     <span class='ocr_line' id='line_1_104' title="bbox 2074 4779 3728 4852; baseline -0.005 -9"><span class='ocrx_word' id='word_1_667' title='bbox 2074 4787 2176 4843; x_wconf 90' lang='lat' dir='ltr'>alii</span> <span class='ocrx_word' id='word_1_668' title='bbox 2234 4802 2369 4841; x_wconf 87' lang='lat' dir='ltr'>vero</span> <span class='ocrx_word' id='word_1_669' title='bbox 2421 4783 2680 4840; x_wconf 85' lang='lat' dir='ltr'>ﬂammis</span> <span class='ocrx_word' id='word_1_670' title='bbox 2738 4781 2981 4837; x_wconf 89' lang='lat' dir='ltr'>addicti.</span> <span class='ocrx_word' id='word_1_671' title='bbox 3042 4779 3323 4835; x_wconf 88' lang='lat' dir='ltr'>Similiter</span> <span class='ocrx_word' id='word_1_672' title='bbox 3377 4785 3437 4836; x_wconf 91' lang='lat' dir='ltr'>et</span> <span class='ocrx_word' id='word_1_673' title='bbox 3485 4779 3728 4852; x_wconf 88' lang='lat' dir='ltr'>Cyriaca</span> 
     </span>
    </p>
   </div>
   <div class='ocr_carea' id='block_1_105' title="bbox 2076 4870 3729 4947">
    <p class='ocr_par' dir='ltr' id='par_1_105' title="bbox 2076 4870 3729 4947">
     <span class='ocr_line' id='line_1_105' title="bbox 2076 4870 3729 4947; baseline -0.004 -17"><span class='ocrx_word' id='word_1_674' title='bbox 2076 4880 2302 4947; x_wconf 86' lang='lat' dir='ltr'>martyr</span> <span class='ocrx_word' id='word_1_675' title='bbox 2325 4890 2433 4945; x_wconf 92' lang='lat' dir='ltr'>per</span> <span class='ocrx_word' id='word_1_676' title='bbox 2461 4874 2656 4945; x_wconf 79' lang='lat' dir='ltr'>ignem</span> <span class='ocrx_word' id='word_1_677' title='bbox 2689 4875 3102 4927; x_wconf 87' lang='lat' dir='ltr'>consummata</span> <span class='ocrx_word' id='word_1_678' title='bbox 3127 4875 3247 4925; x_wconf 87' lang='lat' dir='ltr'>est:</span> <span class='ocrx_word' id='word_1_679' title='bbox 3273 4876 3333 4925; x_wconf 90' lang='lat' dir='ltr'>et</span> <span class='ocrx_word' id='word_1_680' title='bbox 3360 4870 3460 4941; x_wconf 90' lang='lat' dir='ltr'>qui</span> <span class='ocrx_word' id='word_1_681' title='bbox 3492 4886 3595 4926; x_wconf 89' lang='lat' dir='ltr'>eos</span> <span class='ocrx_word' id='word_1_682' title='bbox 3626 4885 3729 4924; x_wconf 89' lang='lat' dir='ltr'>cu-</span> 
     </span>
    </p>
   </div>
   <div class='ocr_carea' id='block_1_106' title="bbox 2077 4958 3729 5029">
    <p class='ocr_par' dir='ltr' id='par_1_106' title="bbox 2077 4958 3729 5029">
     <span class='ocr_line' id='line_1_106' title="bbox 2077 4958 3729 5029; baseline -0.006 -8"><span class='ocrx_word' id='word_1_683' title='bbox 2077 4963 2372 5021; x_wconf 89' lang='lat' dir='ltr'>stodiebat</span> <span class='ocrx_word' id='word_1_684' title='bbox 2397 4978 2594 5018; x_wconf 90' lang='lat' dir='ltr'>comes</span> <span class='ocrx_word' id='word_1_685' title='bbox 2642 4960 2880 5017; x_wconf 89' lang='lat' dir='ltr'>tandem</span> <span class='ocrx_word' id='word_1_686' title='bbox 2933 4976 3055 5016; x_wconf 90' lang='lat' dir='ltr'>una</span> <span class='ocrx_word' id='word_1_687' title='bbox 3100 4975 3235 5015; x_wconf 90' lang='lat' dir='ltr'>cum</span> <span class='ocrx_word' id='word_1_688' title='bbox 3284 4964 3487 5015; x_wconf 90' lang='lat' dir='ltr'>sancto</span> <span class='ocrx_word' id='word_1_689' title='bbox 3535 4958 3729 5029; x_wconf 88' lang='lat' dir='ltr'>capite</span> 
     </span>
    </p>
   </div>
   <div class='ocr_carea' id='block_1_107' title="bbox 2076 5051 2621 5110">
    <p class='ocr_par' dir='ltr' id='par_1_107' title="bbox 2076 5051 2621 5110">
     <span class='ocr_line' id='line_1_107' title="bbox 2076 5051 2621 5110; baseline -0.007 0"><span class='ocrx_word' id='word_1_690' title='bbox 2076 5053 2463 5110; x_wconf 86' lang='lat' dir='ltr'>obtruncatus</span> <span class='ocrx_word' id='word_1_691' title='bbox 2492 5051 2621 5107; x_wconf 83' lang='lat' dir='ltr'>fuit.</span> 
     </span>
    </p>
   </div>
   <div class='ocr_carea' id='block_1_108' title="bbox 2636 5167 3166 5223">
    <p class='ocr_par' dir='ltr' id='par_1_108' title="bbox 2636 5167 3166 5223">
     <span class='ocr_line' id='line_1_108' title="bbox 2636 5167 3166 5223; baseline 0 -1"><span class='ocrx_word' id='word_1_692' title='bbox 2636 5167 2877 5223; x_wconf 84' lang='lat' dir='ltr'><strong>EODEM</strong></span> <span class='ocrx_word' id='word_1_693' title='bbox 2916 5167 3166 5223; x_wconf 84' lang='lat' dir='ltr'>MENSE.</span> 
     </span>
    </p>
   </div>
   <div class='ocr_carea' id='block_1_109' title="bbox 2684 5256 3122 5311">
    <p class='ocr_par' dir='ltr' id='par_1_109' title="bbox 2684 5256 3122 5311">
     <span class='ocr_line' id='line_1_109' title="bbox 2684 5256 3122 5311; baseline 0 0"><span class='ocrx_word' id='word_1_694' title='bbox 2684 5256 2787 5311; x_wconf 90' lang='lat' dir='ltr'>Die</span> <span class='ocrx_word' id='word_1_695' title='bbox 2824 5256 3122 5311; x_wconf 88' lang='lat' dir='ltr'>vicesima.</span> 
     </span>
    </p>
   </div>
   <div class='ocr_carea' id='block_1_110' title="bbox 2153 5347 3660 5417">
    <p class='ocr_par' dir='ltr' id='par_1_110' title="bbox 2153 5347 3660 5417">
     <span class='ocr_line' id='line_1_110' title="bbox 2153 5347 3660 5417; baseline -0.003 -12"><span class='ocrx_word' id='word_1_696' title='bbox 2153 5348 2437 5405; x_wconf 83' lang='lat' dir='ltr'>Certamen</span> <span class='ocrx_word' id='word_1_697' title='bbox 2465 5349 2644 5405; x_wconf 86' lang='lat' dir='ltr'>sancti</span> <span class='ocrx_word' id='word_1_698' title='bbox 2691 5347 2955 5403; x_wconf 72' lang='lat' dir='ltr'>Thalelaai</span> <span class='ocrx_word' id='word_1_699' title='bbox 2999 5348 3258 5417; x_wconf 83' lang='lat' dir='ltr'>martyris</span> <span class='ocrx_word' id='word_1_700' title='bbox 3289 5352 3340 5401; x_wconf 88' lang='lat' dir='ltr'>et</span> <span class='ocrx_word' id='word_1_701' title='bbox 3370 5348 3660 5403; x_wconf 86' lang='lat' dir='ltr'>sociorum.</span> 
     </span>
    </p>
   </div>
   <div class='ocr_carea' id='block_1_111' title="bbox 2082 5524 3732 5598">
    <p class='ocr_par' dir='ltr' id='par_1_111' title="bbox 2082 5524 3732 5598">
     <span class='ocr_line' id='line_1_111' title="bbox 2082 5524 3732 5598; baseline -0.004 -12"><span class='ocrx_word' id='word_1_702' title='bbox 2082 5528 2411 5586; x_wconf 77' lang='lat' dir='ltr'>Thalelams</span> <span class='ocrx_word' id='word_1_703' title='bbox 2455 5527 2671 5584; x_wconf 89' lang='lat' dir='ltr'>Christi</span> <span class='ocrx_word' id='word_1_704' title='bbox 2720 5531 2945 5598; x_wconf 83' lang='lat' dir='ltr'>martyr</span> <span class='ocrx_word' id='word_1_705' title='bbox 2989 5524 3101 5580; x_wconf 82' lang='lat' dir='ltr'>fuit</span> <span class='ocrx_word' id='word_1_706' title='bbox 3146 5524 3501 5579; x_wconf 83' lang='lat' dir='ltr'>Numeriano</span> <span class='ocrx_word' id='word_1_707' title='bbox 3546 5524 3732 5593; x_wconf 86' lang='lat' dir='ltr'>impe-</span> 
     </span>
    </p>
   </div>
   <div class='ocr_carea' id='block_1_112' title="bbox 2083 5613 3730 5690">
    <p class='ocr_par' dir='ltr' id='par_1_112' title="bbox 2083 5613 3730 5690">
     <span class='ocr_line' id='line_1_112' title="bbox 2083 5613 3730 5690; baseline -0.006 -15"><span class='ocrx_word' id='word_1_708' title='bbox 2083 5626 2279 5675; x_wconf 88' lang='lat' dir='ltr'>ratore</span> <span class='ocrx_word' id='word_1_709' title='bbox 2311 5618 2680 5690; x_wconf 88' lang='lat' dir='ltr'>professione</span> <span class='ocrx_word' id='word_1_710' title='bbox 2710 5617 2996 5673; x_wconf 88' lang='lat' dir='ltr'>medicus.</span> <span class='ocrx_word' id='word_1_711' title='bbox 3031 5613 3503 5684; x_wconf 88' lang='lat' dir='ltr'>Comprehensus</span> <span class='ocrx_word' id='word_1_712' title='bbox 3533 5616 3730 5665; x_wconf 87' lang='lat' dir='ltr'>autem</span> 
     </span>
    </p>
   </div>
   <div class='ocr_carea' id='block_1_113' title="bbox 2085 5698 3729 5773">
    <p class='ocr_par' dir='ltr' id='par_1_113' title="bbox 2085 5698 3729 5773">
     <span class='ocr_line' id='line_1_113' title="bbox 2085 5698 3729 5773; baseline -0.007 -7"><span class='ocrx_word' id='word_1_713' title='bbox 2085 5711 2147 5766; x_wconf 91' lang='lat' dir='ltr'>in</span> <span class='ocrx_word' id='word_1_714' title='bbox 2178 5708 2478 5765; x_wconf 85' lang='lat' dir='ltr'>Anazarbo</span> <span class='ocrx_word' id='word_1_715' title='bbox 2499 5708 2718 5764; x_wconf 79' lang='lat' dir='ltr'>Ciliciae</span> <span class='ocrx_word' id='word_1_716' title='bbox 2742 5708 2907 5773; x_wconf 89' lang='lat' dir='ltr'>urbe,</span> <span class='ocrx_word' id='word_1_717' title='bbox 2932 5704 3006 5761; x_wconf 89' lang='lat' dir='ltr'>ad</span> <span class='ocrx_word' id='word_1_718' title='bbox 3028 5701 3399 5760; x_wconf 88' lang='lat' dir='ltr'>Theodorum</span> <span class='ocrx_word' id='word_1_719' title='bbox 3421 5698 3729 5773; x_wconf 63' lang='lat' dir='ltr'>presidem</span> 
     </span>
    </p>
   </div>
  </div>
