4104 6196
331 333 447 392 467

1619 329 2060 393 MENOLOGII
2103 333 2302 395 PARS
2345 335 2454 397 III.

3616 345 3732 406 468

336 463 674 532 adducitur,
699 463 801 536 qui
824 462 1008 534 jussit
1039 461 1169 533 ejus
1201 459 1352 516 talos
1381 477 1415 516 a
1446 459 1805 516 satellitibus
1826 465 1984 518 tere-

2130 462 2367 538 νεοδώρῳ
2393 469 2473 537 τῷ
2529 465 2779 543 ἄρχοντι·
2840 469 2986 532 ὅστις
3042 468 3290 526 ἐκέλευσε
3338 475 3456 535 τοῖς
3498 469 3743 546 δημίοις,

336 554 520 620 brari,
555 559 613 608 et
642 555 872 608 inverso
915 567 1046 605 eum
1094 549 1284 620 capite
1339 550 1642 621 suspendi.
1677 551 1821 605 Cum
1852 567 1986 606 vero

338 644 400 699 id
423 643 708 698 satellites
728 642 920 695 facere
940 644 1319 706 conarentur,
1338 638 1538 693 divina
1559 639 1769 694 virtute
1793 647 1988 694 mente

341 731 684 796 abalienati,
711 730 936 800 lignum
961 729 1088 783 loco
1115 729 1304 784 sancti
1333 735 1388 783 te
1410 728 1716 784 rebrantes
1749 743 1992 800 suspen-

341 819 758 882 derunt.Quasi
794 834 928 889 ergo
975 817 1212 888 prmsidi
1265 818 1614 887 illusissent,
1649 818 1846 890 ﬂagris
1878 835 1992 873 caa-

341 907 580 964 duntur.
617 910 695 962 Ex
745 906 835 960 his
890 906 1226 962 Alexander
1273 913 1330 962 et
1372 908 1658 974 Asterius,
1687 908 1832 962 107
1869 907 1990 961 viso

339 995 628 1051 miraculo
660 995 1042 1050 crediderunt
1070 996 1131 1049 in
1164 995 1484 1064 Christum,
1517 1002 1576 1050 et
1613 996 1804 1068 capite
1835 995 1991 1067 plexi

343 1091 499 1141 sunt.
537 1085 751 1139 Volens
799 1091 997 1139 autem
1053 1102 1274 1156 praeses
1341 1085 1461 1140 suis
1519 1086 1794 1140 manibus
1842 1085 1993 1140 talos

343 1180 580 1229 sanctos
613 1173 931 1239 terebrare,
965 1190 994 1227 e
1027 1173 1174 1228 sella
1205 1189 1443 1245 surgere
1475 1175 1761 1244 nequivit,
1794 1179 1990 1245 poste-

343 1263 601 1319 rioribus
634 1262 761 1333 ejus
795 1262 956 1316 sellae
987 1262 1450 1330 adhmrentibus,
1476 1268 1534 1317 et
1565 1262 1836 1316 manibus
1865 1279 1997 1317 are-

343 1351 534 1408 factis.
568 1353 792 1406 Rursus
823 1350 1022 1421 itaque
1053 1351 1226 1406 multi
1277 1351 1337 1404 in
1384 1352 1700 1406 Dominum
1730 1351 1999 1405 credide-

345 1451 504 1499 runt.
552 1444 803 1497 Demum
850 1443 1038 1497 sancti
1089 1443 1366 1514 precibus
1411 1459 1632 1514 prmses
1683 1442 1998 1497 sanitatem

349 1537 726 1598 consecutus,
779 1547 809 1586 e
856 1531 1003 1588 sella
1052 1533 1328 1600 surrexit,
1363 1547 1618 1602 eumque
1668 1531 1860 1602 capite
1893 1531 2000 1586 ob-

351 1621 663 1678 truncavit.

567 1855 632 1908 Et
659 1859 931 1909 certamen
961 1854 1138 1908 sancti
1173 1852 1464 1910 Ascalonis
1507 1853 1790 1921 martyris.

431 1997 535 2053 Hic
567 1997 678 2052 fuit
708 2013 776 2051 ex
801 1996 1039 2068 regione
1062 1995 1376 2051 Thebaidis
1396 1996 1622 2068 Egypti
1650 2012 1661 2050 :
1697 1993 1769 2050 ob
1794 1995 2008 2051 Christi

360 2093 558 2144 autem
587 2086 764 2141 fidem
803 2087 1292 2156 comprehensus,
1325 2085 1616 2140 adductus
1639 2089 1730 2139 est
1777 2085 2010 2141 vinctus

364 2177 436 2232 ad
474 2176 753 2230 Arianum
786 2175 1107 2246 praesidem
1149 2193 1161 2228 :
1213 2191 1248 2229 a
1277 2192 1393 2245 quo
1425 2175 1844 2246 interrogatus,
1877 2192 2011 2230 cum

361 2265 660 2320 Christum
683 2264 869 2319 libere
893 2265 1292 2335 profiteretur,
1320 2265 1381 2318 in
1421 2264 1739 2338 equuleum
1763 2281 2016 2336 suspen-

365 2371 487 2423 sus,
520 2353 728 2408 ferreis
761 2353 997 2426 ungulis
1021 2354 1081 2408 in
1113 2353 1400 2408 lateribus
1427 2353 1768 2408 dilaniatur.
1795 2352 2015 2408 Deinde

366 2446 427 2500 in
458 2461 757 2500 carcerem
791 2450 1073 2514 tanquam
1100 2451 1365 2498 mortuus
1390 2443 1686 2512 detrusus,
1719 2460 1852 2498 cum
1876 2461 2019 2515 pra:-

368 2535 557 2589 sidem
625 2534 850 2589 videret
898 2534 1127 2606 navigio
1177 2533 1421 2588 ﬂuvium
1478 2537 2016 2604 pertranseuntem,

368 2623 570 2690 oravit,
598 2640 673 2678 ne
699 2623 865 2694 prius
889 2623 948 2677 in
977 2628 1195 2677 terram
1222 2621 1630 2690 descenderet,
1664 2637 1841 2692 quam
1872 2620 2020 2676 scri-

368 2719 467 2786 pto
500 2713 867 2768 divinitatem
899 2713 1113 2768 Christi
1145 2713 1541 2785 profiteretur.
1575 2714 1720 2767 Tum
1751 2727 1884 2766 vero
1916 2710 2020 2764 de-

370 2808 568 2858 tentus
599 2803 662 2857 in
695 2802 870 2858 fluvio
910 2807 1000 2857 est
1047 2817 1287 2873 praeses,
1331 2818 1441 2856 nec
1497 2801 1734 2856 ﬂuvium
1767 2799 2020 2855 transire

371 2893 586 2964 potuit.
620 2892 720 2945 Cui
756 2897 1029 2946 sanctus:
1083 2892 1208 2945 Non
1267 2890 1470 2944 licebit
1519 2891 1620 2945 tibi
1667 2890 1807 2944 hinc
1840 2888 2019 2955 exire,

370 2981 486 3036 nisi
549 2980 768 3052 scripto
844 2979 1186 3035 confitearis
1261 2979 1558 3034 Christum
1619 2981 1801 3035 Deum
1868 2993 2020 3033 esse.

373 3070 650 3125 Chartam
674 3069 872 3139 itaque
895 3069 1194 3138 accipiens
1218 3085 1458 3139 praeses,
1480 3069 1717 3140 scripsit
1742 3083 2022 3140 magnum

372 3175 503 3215 esse
525 3158 994 3213 Christianorum
1018 3159 1225 3220 Deum,
1249 3174 1359 3212 nec
1380 3157 1564 3212 alium
1587 3163 1802 3230 prmter
1831 3158 2021 3228 ipsum

375 3247 680 3302 exsistere.
713 3249 836 3312 Quo
879 3247 1030 3302 facto
1072 3247 1271 3302 statim
1305 3247 1498 3315 exivit,
1533 3253 1590 3302 et
1621 3252 1891 3302 sanctum
1923 3263 2024 3300 co-

375 3355 504 3394 ram
529 3354 590 3393 se
613 3337 701 3408 agi
719 3337 919 3409 jussit,
945 3354 1012 3393 ac
1035 3337 1340 3409 suspendi,
1365 3343 1424 3392 et
1443 3337 1818 3409 lampadibus
1837 3335 2028 3409 igneis

377 3427 506 3498 ejus
555 3425 743 3481 latera
785 3425 1050 3480 comburi
1082 3442 1096 3483 :
1155 3425 1397 3481 demum
1437 3441 1576 3480 saxo
1604 3425 1932 3496 alligatum,
1967 3423 2030 3478 in

375 3515 598 3572 ﬂumen
631 3515 862 3587 projici,
897 3515 997 3570 ubi
1023 3515 1374 3587 martyrium
1406 3514 1858 3571 consummavit.

946 3747 1186 3801 EODEM
1209 3746 1459 3802 MENSE.

881 3884 986 3941 Die
1016 3885 1297 3940 vicesima
1318 3885 1533 3957 prima.

381 4011 533 4068 108
566 4013 829 4068 Memoria
851 4011 1225 4082 piissimorum
1266 4028 1328 4067 ac
1369 4028 1695 4082 magnorum
1734 4014 2031 4083 imperato-

728 4100 850 4138 rum
911 4085 1266 4146 Constantini
1317 4091 1368 4139 et
1429 4085 1672 4141 Helenae.

449 4243 876 4301 Constantinus
903 4246 1164 4316 Magnus,
1201 4248 1259 4299 et
1283 4245 1510 4315 primus
1560 4245 2033 4302 Christianorum

380 4336 830 4408 imperatorum,
886 4334 1044 4389 filius
1096 4333 1212 4388 fuit
1262 4335 1589 4389 Constantii
1633 4337 2033 4392 Romanorum

379 4425 648 4489 Caesaris,
681 4430 738 4478 et
771 4423 1046 4492 Helenaa;
1079 4425 1704 4495 Constantii,inquam,
1730 4427 1830 4497 qui
1863 4427 2036 4482 Chlo-

379 4531 480 4569 rus
513 4513 993 4586 cognominatus,
1014 4513 1177 4567 solus
1199 4513 1392 4568 fuerat
1414 4530 1480 4568 ex
1502 4513 1636 4568 aliis
1657 4514 2030 4586 imperatori-

2037 1837 2086 1903 B

2096 561 2371 626 τρυπῆσαι
2425 555 2551 619 τοὺς
2606 556 2984 634 ἀστραγάλους
3067 559 3254 628 αὐτοῦ,
3331 563 3421 616 καὶ
3474 569 3744 637 κρεμᾶσαι

2102 645 2265 700 αὐτὸν
2289 645 2424 699 κατὰ
2449 645 2714 724 κεφαλῆς.
2775 647 2876 704 Καὶ
2932 653 3092 705 τοῦτο
3149 647 3436 720 διώξαντες
3469 653 3519 706 οἱ
3553 649 3750 726 δήμιοι

2101 738 2300 802 ποιεῖν,
2335 731 2424 788 διὰ
2456 741 2602 799 θεῖας
2643 733 2924 810 δυνάμεως
2973 739 3068 800 τὰς
3101 739 3296 814 φρένας
3328 737 3748 811 ἁλλοιωθέντες,

2104 819 2264 895 ξύλον
2289 827 2397 877 τῶν
2440 824 2847 897 παρακειμένων
2907 827 3023 881 ἀντὶ
3080 831 3176 882 τοῦ
3229 828 3386 903 ἁγίου
3441 832 3751 904 τρυπήσαν·

2101 933 2190 975 τες
2245 911 2566 988 ἐκρέμασαν,
2625 913 2714 968 καὶ
2771 918 3114 987 νομισθέντες
3180 915 3462 990 ἐμπαίζειν
3521 923 3600 991 τῷ
3654 916 3753 995 ἅρ-

2105 1020 2287 1075 χοντι,
2343 1000 2670 1076 ἐτύφθησαν.
2727 1003 2813 1076 Ἐξ
2887 1005 2961 1057 ὧν
3011 1002 3367 1081 Ἀλέξανδρος
3423 1006 3512 1061 καὶ
3571 1009 3756 1064 Ἀστέ-

2108 1111 2248 1166 ριος,
2307 1086 2399 1144 διὰ
2451 1091 2513 1145 τὸ
2569 1095 2747 1163 θαῦμα
2800 1092 3178 1156 πιστεύσαντες
3235 1099 3314 1168 τῷ
3373 1099 3609 1170 Χριστῷ,
3652 1097 3757 1152 ἀπ-

2108 1177 2550 1256 ἐκεφαλίσθησαν.
2599 1181 2696 1235 Καὶ
2747 1179 3039 1256 βουληθεὶς
3069 1184 3096 1237 6
3128 1181 3312 1259 ἄρχων
3347 1185 3568 1248 οἰκείαις
3599 1185 3760 1261 χερσὶ

2107 1275 2379 1346 τρυπῆσαι
2409 1268 2541 1332 τοὺς
2593 1269 2967 1346 ἀστραγάλους
3019 1277 3116 1328 τοῦ
3177 1274 3355 1350 ἁγίου,
3385 1275 3484 1330 οὐκ
3508 1273 3758 1346 ἠδυνήθη

2112 1358 2171 1413 ἐκ
2199 1363 2294 1413 τοῦ
2325 1357 2517 1432 θρόνου
2575 1359 2877 1434 ἐγερθῆναι,
2937 1359 3328 1432 κολληθέντων
3385 1369 3495 1420 τῶν
3541 1364 3762 1429 ὄπισθεν

2115 1447 2284 1504 αὐτοῦ
2311 1453 2389 1520 τῷ
2421 1449 2618 1524 θρόνῳ,
2650 1452 2741 1504 καὶ
2787 1455 2894 1505 τῶν
2937 1457 3139 1527 χειρῶν
3170 1453 3554 1528 ξηρανθεισῶν.
3591 1454 3762 1510 Πάλιν

2115 1537 2428 1594 ἐπίστευσαν
2462 1536 2669 1594 πολλοὶ
2699 1537 2787 1594 ἐπὶ
2818 1541 2912 1596 τὸν
2946 1540 3164 1618 Κύριον.
3198 1544 3332 1599 Εἶτα
3363 1540 3433 1597 δι’
3466 1542 3638 1619 εὐχῆς
3667 1547 3766 1599 τοῦ

2119 1628 2274 1702 ἁγίου
2333 1628 2550 1705 ὑγιάνας
2605 1630 2633 1684 ὁ
2691 1627 2903 1705 ἅρχων,
2958 1629 3048 1686 καὶ
3106 1636 3203 1688 τοῦ
3261 1635 3456 1710 θρόνου
3515 1632 3767 1705 ἀναστὰς,

2119 1717 2508 1794 ἀπεκεφάλισεν
2541 1717 2724 1774 αὐτόν.

2260 1863 2364 1920 Καὶ
2395 1860 2624 1933 ἄθλησις
2651 1867 2748 1918 τοῦ
2779 1864 2940 1940 ἁγίου
2967 1865 3241 1942 μάρτυρος
3264 1867 3623 1931 Ἀσκάλωνος

2191 2019 2362 2081 Οὗτοι.
2407 2019 2652 2094 ὑπῆρχεν
2712 2019 2770 2074 ἐκ
2821 2025 2924 2089 τῆς
2977 2021 3168 2097 χώρας
3223 2015 3498 2091 Θηϐαΐδος
3541 2022 3640 2090 τῆς
3672 2021 3776 2079 Αἱ-

2119 2110 2351 2186 γύπτου,
2395 2111 2484 2165 καὶ
2517 2109 2608 2164 διὰ
2660 2110 2723 2164 τὸ
2781 2110 3049 2166 πιστεύειν
3084 2111 3160 2174 εἷς
3191 2111 3421 2186 Χριστὸν
3463 2112 3772 2186 κρατηθεὶς,

2123 2203 2275 2275 ἢγθη
2337 2199 2561 2274 δέσμιος
2634 2201 2769 2275 πρὸς
2843 2199 3128 2278 ’Λῤῥιανὸν
3193 2201 3283 2256 τὸν
3343 2201 3605 2277 ἡγεμόνα.
3672 2202 3770 2256 Καὶ

2125 2291 2439 2367 ἐρωτηθεὶς,
2493 2292 2582 2346 καὶ
2641 2291 2917 2368 παρρησίᾳ
2966 2293 3056 2347 τὸν
3119 2293 3348 2367 Χριστὸν
3400 2290 3779 2367 ὁμολογήσας,

2127 2379 2454 2456 ἐκρεμάσθη·
2487 2380 2578 2436 καὶ
2636 2379 2884 2454 σιδήροις
2941 2382 3113 2453 ὀξέσιν
3171 2381 3355 2452 ἐξέσθη
3385 2381 3481 2443 τὰς
3516 2379 3780 2453 πλευράς⁶

2126 2470 2215 2525 καὶ
2269 2471 2405 2543 μετὰ
2448 2474 2617 2525 ταῦτα
2673 2469 2866 2547 ἐρρίφη
2926 2469 2978 2526 ἐν
3039 2469 3257 2546 φυλακῇ
3290 2469 3418 2526 ὡσεὶ
3449 2471 3658 2542 νεκρὸς⁶
3691 2469 3782 2525 καὶ

2128 2561 2548 2635 παρερχόμενον
2591 2561 2682 2616 τὸν
2736 2561 2978 2635 ἄρχοντα
3012 2559 3146 2634 μετὰ
3177 2559 3377 2616 πλοίου
3406 2559 3496 2615 τὸν
3530 2560 3778 2633 ποταμὸν

2131 2647 2286 2719 ἰδὼν,
2341 2649 2538 2720 ηὔξατο
2601 2650 2677 2718 μή
2736 2648 2967 2721 ἐξελθεῖν
3027 2649 3117 2705 ἐπὶ
3173 2651 3272 2719 τῆν
3332 2649 3518 2724 ξηρὰν,
3551 2647 3677 2722 πρὶν
3711 2645 3775 2702 ἄν

2130 2737 2414 2814 ἐγγράφως
2489 2735 2816 2813 ὁμολογήσῃ
2898 2739 2998 2808 τὴν
3057 2739 3288 2809 θεότητα
3363 2743 3461 2793 τοῦ
3520 2739 3775 2813 Χριστοῦ.

2131 2829 2290 2886 ’Όθεν
2321 2828 2644 2903 κρατηθέντι
2694 2825 2746 2882 ἔν
2795 2831 2875 2899 τῷ
2931 2832 3188 2900 ποταμῷ,
3237 2828 3329 2882 καὶ
3387 2828 3462 2900 μὴ
3498 2823 3782 2898 δυναμένῳ

2132 2916 2388 2990 ἐξελθεῖν,
2429 2917 2693 2990 ἐμήνυσεν
2745 2919 2773 2972 ὁ
2817 2919 2988 2993 ἅγιος,
3038 2917 3157 2975 Οὐκ
3197 2911 3366 2990 ἔξεστί
3405 2937 3488 2971 σοι
3522 2913 3781 2986 ἐξελθεῖν,

2134 3009 2179 3064 εἰ
2215 3010 2290 3082 μὴ
2319 3008 2605 3086 ἐγγράφως
2655 3007 3008 3086 ὁμολογήσῃς
3049 3011 3140 3063 τὸν
3190 3008 3423 3084 Χριστὸν
3457 3008 3584 3064 Θεὸν
3618 3009 3778 3065 εἶναι,

2135 3100 2236 3155 Καὶ
2286 3095 2470 3155 λαϐὼν
2531 3101 2740 3175 χάρτην
2802 3100 2830 3154 6
2883 3098 3132 3174 ἡγεμὼν,
3194 3097 3398 3173 ἔγραψε
3447 3098 3610 3172 μέγαν
3643 3099 3783 3152 εἶναι

2052 3207 2096 3274 C
2131 3189 2223 3244 τὸν
2255 3194 2363 3244 τῶν
2422 3189 2760 3261 Χριστιανῶν
2819 3189 2969 3258 Θεὸν,
3029 3187 3118 3244 καὶ
3176 3185 3324 3258 πλὴν
3375 3187 3540 3242 αὐτοῦ
3573 3188 3648 3260 μή
3683 3187 3785 3240 ὑπ-

2135 3281 2324 3354 άρχειν
2355 3277 2562 3354 ἕτερον.
2619 3277 2725 3334 Καὶ
2787 3277 2942 3342 εὐθὺς
2995 3277 3248 3349 ἐξελθὼν,
3308 3279 3485 3352 ἤγαγε
3507 3277 3598 3332 τὸν
3632 3276 3783 3352 ἅγιον

2135 3367 2440 3444 ἔμπροσθεν
2518 3365 2709 3422 αὐτοῐῖ⁸
2781 3367 2870 3421 καὶ
2948 3369 3244 3442 κρεμάσας,
3307 3365 3557 3439 λαμπάσι
3614 3366 3790 3438 πυρὸς

2131 3461 2227 3522 τὰς
2256 3457 2494 3530 πλευρὰς
2553 3457 2722 3511 αὐτοῦ
2773 3455 3082 3533 κατέφλεξεο
3138 3456 3226 3510 καὶ
3285 3453 3425 3528 λίθῳ
3474 3451 3788 3528 προσδήσας

2134 3549 2316 3617 αὐτὸν,
2347 3542 2603 3604 ἐϐέϐαλεν
2637 3545 2687 3602 ἐν
2721 3551 2980 3620 ποταμῶ,
3028 3547 3080 3602 ἐν
3135 3548 3180 3620 ᾦ
3232 3547 3296 3603 τὸ
3354 3544 3442 3601 διὰ
3485 3543 3786 3620 μαρτυρίου

2131 3639 2290 3704 τέλος
2323 3637 2553 3713 ἐδέξατο.

2689 3788 2868 3845 ΜΠΝΙ
2905 3787 2997 3842 ΤΩ
3036 3785 3236 3843 ΑΥΤΩ.

2908 3930 3018 3986 ΚΑ.

2207 4243 2614 4301 Κωνσταντῖνος
2663 4239 2690 4292 ὁ
2743 4238 2908 4315 μέγας
2955 4236 3044 4292 καὶ
3104 4239 3324 4312 πρῶτος
3357 4235 3408 4290 ἐν
3444 4238 3790 4310 Χριστιανοῖς

2141 4326 2416 4404 βασιλεὺς,
2473 4331 2690 4404 γέγονεν
2748 4329 2862 4388 υίὸς
2920 4325 3292 4396 Κώνσταντος,
3351 4329 3448 4380 τοῦ
3495 4325 3786 4398 Ῥωμαίων

2140 4416 2432 4491 Καίσαρος,
2485 4415 2574 4470 καὶ
2634 4416 2879 4486 Ἑλένης
2936 4416 3285 4476 Κώνσταντος
3361 4418 3459 4469 τοῦ
3517 4413 3797 4486 ἐπονομα-

2143 4507 2375 4579 ζομένου
2407 4506 2501 4580 μὲν
2535 4505 2790 4580 Χλωροῦ,
2827 4504 2994 4578 μόνου
3044 4503 3101 4560 δὲ
3151 4509 3258 4560 τῶν
3293 4501 3478 4560 ἄλλων
3517 4503 3789 4580 βασιλέων

379 4605 511 4670 bus,
546 4605 648 4674 qui
683 4619 1005 4674 supernam
1039 4603 1473 4674 providentiam
1518 4605 1839 4673 invocaret,
1872 4611 1930 4661 et
1957 4607 2017 4663 al

2140 4597 2238 4666 τήν
2289 4593 2397 4650 ἅνω
2455 4595 2710 4672 πρόνοιαν
2769 4592 3227 4668 ἐπικαλουμένου,
3258 4595 3348 4650 καὶ
3388 4599 3503 4657 τοῖς
3535 4591 3794 4656 εἷ’δὼλοις

383 4693 559 4747 idolis
579 4709 707 4746 sese
727 4691 1074 4748 abstineret.
1097 4693 1321 4748 Idcirco
1339 4693 1706 4750 Christianos
1725 4696 2034 4750 tormentis

387 4778 685 4849 subjectos
705 4777 934 4846 videns,
953 4778 1502 4850 commiserabatur,
1527 4797 1818 4852 suumque
1841 4781 2032 4836 ﬂlium

386 4865 690 4932 edocebat,
724 4866 935 4920 divinas
967 4867 1028 4921 in
1053 4867 1226 4922 bellis
1253 4868 1658 4939 providentia,
1691 4886 1810 4924 non
1841 4870 2032 4926 idolo-

383 4972 514 5009 rum
547 4971 718 5024 opem
750 4955 1089 5026 implorare.
1127 4957 1269 5011 Hinc
1301 4963 1433 5027 post
1472 4959 1656 5029 patris
1688 4959 1779 5013 sui
1807 4959 2034 5014 obitum

382 5060 700 5114 supernam
734 5045 1162 5116 providentiam
1223 5046 1523 5110 invocans,
1584 5047 1728 5102 vidit
1783 5049 1844 5101 in
1888 5049 2032 5104 cmlo

381 5132 777 5187 venerandam
805 5149 1063 5202 crucem,
1091 5150 1410 5205 vocemque
1440 5134 1661 5190 audivit
1692 5135 1801 5190 sibi
1829 5136 2036 5192 dicen—

383 5225 541 5276 tem:
577 5221 982 5288 Constantine,
1012 5222 1074 5276 in
1107 5223 1219 5277 hoc
1251 5223 1452 5278 vince:
1489 5223 1840 5295 hostemque
1873 5225 2032 5296 deje-

385 5309 488 5364 cit.
532 5310 799 5364 Posthmc
822 5309 1070 5381 imperio
1097 5311 1339 5382 potitus,
1359 5311 1520 5366 idola
1541 5312 1782 5383 quidem
1805 5314 2032 5380 evertit;

384 5397 668 5452 ecclesias
700 5404 898 5453 autem
932 5399 1227 5465 excitavit,
1253 5404 1310 5452 et
1341 5399 1516 5455 urbes
1548 5399 1816 5456 condidit
1839 5417 1854 5466 ;
1877 5400 2039 5455 Chri-

384 5487 457 5541 sti
491 5504 623 5541 vero
657 5503 892 5542 crucem
925 5505 1031 5558 per
1061 5493 1310 5543 matrem
1359 5506 1526 5544 suam
1557 5489 1842 5545 Helenam
1877 5489 2036 5544 inve-

385 5577 492 5631 nit.
526 5578 788 5649 Cumque
824 5577 1008 5634 multa
1056 5583 1212 5634 recte
1261 5579 1561 5652 gessisset,
1595 5579 1668 5635 ad
1699 5579 2036 5637 Domimum

389 5666 678 5741 migravit.

2149 4687 2224 4759 μὴ
2283 4688 2673 4762 προσέχοντος.
2734 4686 2832 4740 Διὰ
2884 4689 3046 4740 τοῦτο
3101 4685 3191 4739 καὶ
3249 4683 3376 4746 τοὺς
3432 4683 3796 4756 Χριστιανοὺς

2141 4775 2594 4850 τιμωρουμένους
2651 4775 2812 4848 ὁρῶν,
2844 4771 3021 4845 ἠλέει,
3053 4772 3141 4828 καὶ
3192 4775 3283 4829 τὸν
3332 4774 3447 4828 υἱὸν
3479 4772 3647 4828 αὐτοῦ
3677 4769 3794 4828 ἐδί-

2145 4863 2358 4934 δασκεν,
2389 4872 2489 4935 τῆς
2521 4865 2630 4920 ἅνω
2661 4865 2914 4938 προνοίας
2963 4863 3015 4920 ἐν
3075 4870 3193 4927 τοῖς
3225 4864 3496 4936 πολέμοις
3526 4863 3792 4928 αἷτεῖσθαι

2142 4955 2240 5021 τήν
2278 4955 2553 5030 βοήθειαν,
2599 4953 2688 5008 καὶ
2723 4955 2798 5027 μή
2857 4957 2967 5008 τῶν
3026 4949 3295 5010 εἰδώλων.
3328 4955 3412 5026 Ἐξ
3444 4953 3506 5008 οὗ
3535 4952 3622 5008 καὶ
3657 4952 3796 5025 μετᾶ⁴

2142 5045 2399 5112 τελευτὴν
2430 5048 2531 5098 10-3
2561 5046 2762 5119 πατρὸς
2814 5043 3004 5111 αὐτοῦ,
3055 5041 3514 5116 ἐπικαλεσάμενος
3548 5043 3648 5112 τήν
3681 5039 3796 5096 ἄνω

2144 5131 2426 5206 πρόνοιαν,
2460 5127 2568 5186 εἶδε
2615 5130 2706 5186 τὸν
2750 5129 2934 5203 τίμιον
2985 5129 3211 5204 σταυρὸν
3245 5130 3295 5186 ἐν
3327 5134 3407 5202 τῷ
3440 5129 3670 5205 οὐρανῷ·
3703 5129 3800 5184 καὶ

2144 5228 2330 5298 φωνῆς
2363 5220 2613 5290 ἀκούσας,
2675 5225 3063 5289 Κωνσταντῖνε,
3123 5219 3176 5276 ἐν
3224 5220 3402 5292 τούτῳ
3432 5221 3576 5291 νίκα,
3609 5217 3804 5296 ἔτρεψε

2142 5311 2234 5366 τὸν
2295 5309 2513 5385 ἐχθρὸν.
2568 5309 2670 5366 Καὶ
2732 5311 2867 5383 μετὰ
2914 5307 3082 5365 ταῦτα
3142 5308 3487 5386 βασιλεύσας,
3518 5309 3584 5364 τά
3627 5329 3686 5364 τε
3717 5307 3804 5364 εί-

2147 5397 2352 5455 δωλεῖα
2403 5401 2750 5475 κατέστρεψε,
2822 5398 2912 5454 καὶ
2997 5399 3290 5470 ἐκκλησίας
3371 5399 3643 5475 ἀνήγειρε,
3702 5398 3802 5453 καὶ

2144 5487 2334 5550 πόλεις
2365 5481 2560 5557 ἔκτισε,
2617 5486 2707 5542 καὶ
2762 5487 2855 5543 τὸν
2915 5488 3142 5562 σταυρὸν
3191 5492 3286 5542 τοῦ
3317 5487 3548 5562 Χριστοὺ
3579 5484 3668 5542 διὰ
3695 5495 3804 5558 τῆς

2149 5579 2357 5654 μητρὸς
2390 5577 2554 5633 αὐτοῦ
2607 5575 2836 5648 Ἑλένης
2894 5575 3216 5656 ἐφανέρωσε,
3255 5577 3344 5634 καὶ
3376 5575 3564 5634 πολλὰ
3591 5597 3798 5654 κατορ-

2147 5671 2375 5743 θώματα
2403 5673 2657 5743 ποιήσας,
2687 5670 2823 5746 πρὸς
2855 5669 3048 5747 Κύριον
3079 5668 3429 5746 ἐξεδήμησεν.
