4086 6204
301 411 424 473 ιον

850 545 1035 604 MHNI
1076 547 1168 603 ἸὮ
1204 549 1409 606 ΑΥΤΩ.

478 724 745 796 ’Ἀθλησις
783 722 881 780 τοῦ
931 637 1393 803 ἁγίουΚιῗάρτυρος
1422 726 1775 786 Βασιλίσκου.

376 841 733 913 Βασιλίσκος,
767 847 795 900 ὁ
822 850 921 901 τοῦ
952 848 1197 924 Χριστοῦ
1247 842 1473 920 μάρτυς,
1503 845 1570 914 ἦν
1605 844 1692 900 ἰπὶ
1718 847 1819 914 τῆς
1856 846 1956 921 βα-

303 931 511 994 σιλείας
539 936 903 1007 Μαξιμιανοῦ,
935 935 994 991 ἐκ
1042 943 1144 1005 τῆς
1201 934 1393 1010 χώρας
1423 939 1529 989 τῶν
1563 934 1957 1009 Ἀρμενιακῶν,

306 1023 527 1096 ἀνεψιὸς
583 1028 681 1078 τοῦ
734 1024 890 1099 ἁγίου
950 1023 1257 1101 Θεοδώρου.
1317 1023 1840 1099 Προαγωνισάμενος
1901 1021 1959 1080 δὶ

310 1114 445 1185 μετά
499 1117 609 1167 τῶν
666 1114 831 1187 ἁγίων
887 1114 1193 1190 Εὐτροπίου
1240 1113 1328 1169 καὶ
1382 1113 1710 1184 Κλεονίκου,
1762 1114 1958 1176 οἳτινες

299 1202 435 1270 ἦσαν
469 1206 795 1276 στρατιῶται
849 1208 946 1258 τοῦ
1004 1204 1157 1280 ἁγίου
1210 1200 1517 1279 Θεοδώρου,
1572 1202 1790 1258 ἐκείνων
1827 1204 1957 1276 ὑπὲρ

299 1292 541 1365 Χριστοῦ
598 1288 1020 1361 τελειωθέντων,
1093 1291 1425 1368 κατελείφθη
1484 1291 1536 1347 ἐν
1596 1296 1663 1366 τῇ
1718 1292 1958 1370 φυλακῇ.

303 1381 572 1453 Δεόμενος
604 1378 659 1435 δὲ
685 1386 789 1435 τοῦ
819 1387 953 1437 Θεοῦ
982 1383 1075 1437 τὸν
1123 1390 1224 1451 τῆς
1255 1382 1541 1451 ἀθλήσεως
1574 1379 1779 1457 δρόμον
1805 1381 1961 1437 τελέ-

300 1492 411 1539 σαι,
472 1470 790 1543 προετράπη
852 1473 980 1545 παρ’
1037 1472 1208 1526 αὐτοῦ
1267 1471 1614 1541 συντάξασθαι
1671 1476 1786 1533 τοῖς
1833 1492 1958 1546 συγ-

300 1564 534 1638 γενὲσξν,
565 1562 640 1623 ὡς
705 1559 927 1635 μελλων
987 1570 1327 1637 μαρτυρῆσαι
1378 1561 1431 1617 ἐν
1484 1566 1780 1636 Κομάνοις.
1826 1570 1957 1618 Συν-

298 1660 601 1731 ταξάμενος
635 1657 725 1713 οὖν
757 1664 875 1722 τοῖς
923 1659 1174 1725 οἰκείοις,
1206 1660 1479 1735 ἐκρατήθη
1515 1660 1658 1736 ποιρά
1689 1661 1961 1735 Ἀγρίππα

293 1752 393 1803 τοῦ
453 1746 745 1822 ἡγεμόνος,
805 1748 895 1802 καὶ
950 1745 1114 1823 ἤγετο
1184 1746 1407 1821 δέσμιος
1464 1750 1544 1809 εἰς
1597 1750 1665 1804 τά
1718 1749 1958 1821 Κόμανα,

297 1836 402 1892 Καὶ
452 1836 593 1890 κατά
640 1837 739 1905 τὴν
788 1833 912 1891 ὁδὸν
964 1839 1472 1912 θαυματουργήσας,
1507 1837 1755 1901 πολλοὺς
1784 1836 1962 1894 ἔπεισε

1853 415 2133 481 ΜΑΙΠΕ.

3558 452 3565 455 ‘
3596 437 3716 499 470

2627 560 2868 616 EODEM
2907 561 3161 621 MENSE.

2528 648 2631 705 Die
2668 650 2948 707 vicesima
2987 656 3266 713 secunda.

2356 739 2648 796 Certamen
2675 743 2851 797 sancti
2871 744 3126 800 Basilisci
3150 751 3431 818 martyris.

2138 855 2458 913 Basiliscus
2483 858 2698 914 Christi
2720 866 2963 933 martyr,
2986 862 3315 935 imperante
3341 868 3691 925 Maximiano
3706 914 3718 938 ,

2068 944 2181 1001 fuit
2210 962 2277 1000 ex
2308 946 2550 1018 regione
2578 950 3086 1019 Armeniacorum,
3115 955 3274 1010 ﬁlius
3303 956 3502 1012 fratris
3530 960 3721 1013 sancti

2069 1036 2266 1108 magni
2301 1036 2579 1107 martyris
2636 1038 2947 1097 Theodori.
2979 1042 3123 1097 Cum
3182 1050 3379 1100 autem
3411 1053 3587 1102 antea
3618 1049 3720 1103 de-

2070 1128 2357 1181 certasset
2383 1140 2505 1179 una
2534 1142 2669 1180 cum
2711 1128 2931 1183 sanctis
2980 1130 3261 1202 Eutropio
3316 1140 3374 1188 et
3425 1136 3721 1207 Cleonico,

2072 1214 2171 1286 qui
2205 1214 2313 1269 sub
2346 1220 2549 1269 sancto
2570 1216 2875 1271 Theodoro
2907 1218 3261 1285 militabant,
3287 1223 3407 1278 illis
3430 1243 3534 1295 pro
3559 1226 3721 1279 Chri-

2071 1309 2159 1359 sto
2193 1302 2703 1371 occumbentibus,
2737 1305 2862 1375 ipse
2908 1307 2966 1360 in
3000 1325 3234 1364 carcere
3265 1311 3581 1367 derelictus
3613 1320 3719 1367 est.

2073 1396 2256 1448 Deum
2288 1408 2421 1446 vero
2452 1392 2715 1465 rogabat,
2744 1400 2810 1447 ut
2839 1398 3182 1452 certaminis
3214 1417 3447 1454 cursum
3486 1404 3725 1471 perfice-

2071 1488 2179 1539 ret.
2214 1483 2402 1547 Quare
2435 1482 2773 1538 stimulatus
2800 1484 2909 1538 fuit
2939 1487 3009 1540 ab
3036 1488 3182 1556 ipso,
3209 1496 3269 1541 ut
3302 1490 3580 1544 afﬁnibus
3606 1493 3725 1544 suis

2073 1588 2201 1628 sese
2234 1573 2641 1643 conjungeret.
2678 1578 2741 1626 ut
2774 1576 3121 1646 martyrium
3176 1579 3446 1631 (Iomanis
3481 1579 3723 1632 subiret.

2074 1662 2422 1717 Domesticis
2454 1662 2653 1733 itaque
2687 1664 2835 1717 109
2870 1664 2991 1719 suis
3014 1665 3352 1736 adjunctus,
3379 1668 3449 1721 ad
3474 1669 3731 1739 Agrippa

2072 1750 2325 1824 praeside
2347 1751 2892 1822 comprehenditur,
2918 1754 3223 1826 victusque
3250 1758 3508 1811 Comana
3540 1758 3725 1813 abdu-

2073 1841 2245 1897 citur.
2279 1840 2422 1894 Cum
2456 1857 2588 1895 vero
2620 1858 2725 1911 per
2755 1841 2906 1896 viam
2941 1843 3227 1899 miracula
3259 1845 3562 1914 edidisset,
3596 1848 3731 1918 plu-

298 1930 587 1982 πιστεῦσαι
632 1930 713 1997 τῷ
771 1929 1007 2001 Χριστῷ.
1071 1909 1167 1981 Καὶ
1225 1909 1476 1990 ἀπελθὼν
1511 1926 1586 1989 είς
1617 1927 1683 1982 τά
1712 1928 1959 2007 Κόμανα,

2073 1930 2248 1986 rimos
2275 1929 2351 1985 ad
2381 1930 2596 1985 Christi
2620 1909 2809 1985 iidem
2842 1932 3283 2002 suscipiendam
3313 1909 3564 1989 induxit.
3598 1909 3718 1989 Ὀο-

297 2018 386 2071 καὶ
448 2016 910 2089 προσευξάμενος,
969 2018 1267 2090 κατήνεγκε
1322 2020 1429 2091 πῦρ
1482 2015 1534 2087 ἐξ
1584 2016 1837 2093 οὐρανοῦ,
1869 2017 1959 2072 καὶ

293 2104 594 2159 κατέκαυσε
624 2103 719 2158 τὸν
772 2104 901 2159 ναὸν
950 2107 1047 2159 τοῦ
1101 2103 1460 2168 ’Λπόλλωνος
1494 2102 1584 2158 καὶ
1614 2104 1676 2159 τὸ
1706 2101 1956 2161 εἴδωλον.

294 2193 392 2248 Καὶ
427 2191 518 2247 διὰ
546 2196 710 2249 τοῦτο
764 2191 1243 2271 ἀποκεφαλισθεὶς,
1275 2191 1471 2270 ἐρρίφη
1505 2192 1556 2248 ἐν
1588 2198 1668 2266 τῷ
1698 2197 1955 2266 ποταμῷ.

290 2283 431 2340 Βῖτα
462 2279 735 2353 ἐκϐληθὶν
789 2282 956 2338 αὐτου
1013 2283 1075 2339 τὸ
1131 2281 1413 2357 λείψανον,
1466 2283 1731 2353 κατετέθη
1767 2281 1819 2337 ἂν
1850 2284 1957 2339 Κο-

295 2396 609 2518 “mmihi
648 2464 839 2537 μνήμη
870 2466 967 2518 τοῦ
998 2464 1153 2537 ἁγίου
1192 2461 1508 2518 ἀποστόλου
1540 2460 1738 2522 ’[ούδα.

375 2587 611 2659 Ἰούδας,
645 2590 673 2643 ὁ
700 2589 843 2651 θεῖος
889 2587 1228 2653 ἀπόστολος,
1257 2588 1390 2661 μετά
1418 2590 1518 2657 τὴν
1550 2588 1825 2662 ἀνάληψιν
1857 2590 1955 2643 τοῦ

288 2678 495 2750 Κυρίου
539 2681 699 2749 ἡμῶν
753 2681 934 2749 Ἰησοῦ
995 2682 1258 2752 Χριστοῦ,
1321 2675 1488 2747 ζῆλον
1548 2674 1721 2732 ἔνθεον
1756 2676 1957 2732 ἀναλα-

288 2765 433 2837 ϐὼν,
466 2770 804 2842 περιήρχετο
836 2773 1009 2821 πᾶσαν
1051 2767 1216 2821 πόλιν
1271 2766 1360 2821 καὶ
1420 2767 1639 2840 χώραν,
1674 2767 1956 2840 κηρύττων

293 2855 718 2934 μεγαλοφώνως
750 2858 839 2911 τὸν
872 2858 1129 2931 Χριστὸν,
1159 2857 1249 2910 καὶ
1273 2857 1373 2923 τὴν
1406 2855 1464 2910 ἐκ
1496 2859 1703 2929 νεκρῶν
1732 2854 1961 2910 ἀνάστα-

289 2969 377 3001 σιν
414 2946 607 3009 αὗτοῦ,
638 2945 1026 3022 καταγγέλλων
1071 2950 1192 3007 τοῖς
1249 2946 1553 3015 πᾶσιν,εκαὶ
1587 2941 1956 2999 ἀποδεικνύων

288 3037 459 3092 αὑτὸν
517 3036 709 3108 κριτὴν
762 3037 975 3104 ζώντων
1031 3035 1120 3088 καὶ
1180 3031 1403 3107 νεκρῶν·
1467 3035 1615 3095 ὅπως
1644 3054 1702 3088 τε
1746 3030 1835 3088 διά
1862 3034 1962 3101 τήν

285 3125 567 3199 ἡμετέραν
601 3123 894 3199 σωτηρίαν,
929 3125 1109 3199 Λόγος
1157 3120 1230 3177 ὢν
1279 3123 1373 3178 καὶ
1402 3123 1529 3185 Υἱὸς
1557 3127 1653 3177 τοῦ
1685 3123 1819 3177 Θεοῦ
1850 3129 1959 3179 Παο

284 3216 444 3287 τρὸς,
505 3215 739 3277 κενώσας
794 3213 1011 3286 ὲαῦτὺν,
1067 3212 1340 3283 κατῆλθεν
1401 3212 1488 3267 ἐπὶ
1546 3219 1675 3287 γῆς,
1716 3212 1805 3267 καὶ
1840 3234 1965 3287 σαρ-

283 3306 495 3367 κωθεῖς
554 3303 614 3358 ἐκ
672 3302 985 3375 Ηνεῦματος
1044 3302 1226 3377 ἁγίου,
1286 3302 1377 3356 καὶ
1426 3301 1485 3356 ἐκ
1543 3308 1643 3371 τῆς
1674 3301 1959 3375 ἀείπαρθὲ-

283 3416 389 3448 νου
442 3393 677 3468 Μαρίας,
732 3392 1171 3466 ἐνηνθρώπησεν,
1205 3390 1341 3447 ὅλον
1384 3392 1473 3447 τὸν
1508 3389 1690 3465 Ἀδὰμ
1720 3390 1961 3470 φορέσας

286 3485 442 3552 πλὴν
502 3481 789 3557 ἁμαρτίας·
831 3482 921 3536 καὶ
982 3480 1309 3556 πειρασθείς,
1368 3482 1457 3536 καὶ
1519 3477 1811 3557 ὑϐρισθεὶς,
1869 3494 1960 3549 καὶ

288 3570 639 3641 ὀνειδισθεὶς,
699 3573 789 3626 καὶ
847 3571 1127 3647 ῥαπισθεὶς
1188 3572 1291 3626 ὑπὸ
1349 3572 1559 3647 χειρὸς,
1591 3570 1658 3640 ἥν
1703 3569 1960 3640 ἔπλασεν,

286 3661 389 3717 καὶ
447 3659 847 3729 ἀποκλεισθεὶς,
906 3661 997 3715 καὶ
1050 3658 1212 3721 τέλος
1283 3665 1498 3733 σταυρῷ
1553 3660 1959 3734 προσηλωθεὶς,

288 3753 624 3828 καὶταφεῖς,
657 3750 746 3805 καὶ
797 3751 1047 3814 ἀναστάς,
1106 3750 1197 3804 καὶ
1257 3755 1373 3812 τοῖς
1431 3750 1759 3812 ἀποστόλοις
1790 3750 1959 3826 ἐμφα-

290 3841 529 3907 νισθεὶς,
580 3840 672 3894 καὶ
729 3838 1087 3915 ἀναληφθεὶς,
1144 3837 1234 3893 καὶ
1295 3839 1572 3903 καθεσθεὶς
1602 3840 1655 3894 ἐν
1694 3838 1839 3912 δεξιᾷ
1865 3842 1961 3893 τοῦ

294 3931 515 4005 Πατρὸς
575 3929 627 3984 ἐν
684 3935 802 3992 τοῖς
856 3930 1135 4003 οὐρανοῖς,
1193 3928 1281 3983 καί
1336 3927 1501 3983 πάλιν
1537 3929 1755 4002 μέλλων
1784 3928 1959 3992 ἐλθεῖν

291 4027 483 4096 κρῖναι
545 4024 753 4090 ζῶντας
812 4019 901 4074 καὶ
958 4017 1203 4091 νεκροῦς.
1265 4017 1424 4075 Οὕτω
1478 4015 1536 4073 δὲ
1596 4016 1831 4089 διδάξας,
1872 4018 1959 4073 καὶ

287 4109 549 4171 πολλοὺς
599 4114 707 4164 τῶν
758 4109 999 4163 ἀπίστων
1052 4108 1341 4183 βαπτίσας,
1374 4106 1426 4162 ἐν
1462 4107 1653 4185 εἰρήνῃ
1688 4108 1823 4182 πρὸς
1854 4108 1961 4165 K6-

290 4221 415 4277 ριον
450 4197 604 4270 ἐξεδή
617 4218 808 4271 μησεν.

858 4404 1041 4460 MHNI
1080 4408 1168 4481 Τᾳ
1211 4404 1398 4481 ΑΥΊᾨ.

1094 4490 1181 4546 KI'

288 4586 502 4656 Νντίμη
552 4580 653 4637 τοῦ
686 4580 842 4635 ὁσίου
904 4580 1112 4656 ματρὸς
1166 4580 1329 4656 ἡμῶν
1391 4581 1618 4653 Συμεὼν
1675 4584 1769 4635 τοῦ
1804 4578 1854 4635 ἐν
1886 4584 1965 4651 τῷ

904 4647 1199 4724 θαυμαστῷ
1229 4647 1363 4726 ὄρει.

372 4770 629 4844 Συμεὼν,
663 4770 691 4823 ὁ
725 4767 779 4823 ἐν
842 4767 1017 4842 ἁγίοις
1078 4768 1265 4840 Πατὴρ
1324 4769 1509 4840 ἡμῶν,
1567 4768 1811 4843 ὑπῆρχεν
1856 4767 1962 4822 ἀπὸ

295 4856 650 4931 Ἀντιοχείας
698 4862 798 4925 τῆς
846 4854 1067 4929 Συρίας,
1131 4852 1219 4909 ἐπὶ
1273 4861 1374 4924 τῆς
1429 4853 1707 4929 βασιλείας
1739 4858 1961 4910 Ἰουστι-

290 4951 483 5003 νιανοῦ
512 4950 613 5000 τοῦ
642 4947 903 4999 παλαιοῦ’
937 4942 1251 5021 συνελήφθη
1300 4940 1357 4998 δὲ
1409 4943 1460 5017 ἐξ
1517 4942 1839 5020 ἐπαγγελίας
1865 4949 1962 5000 τοῦ

293 5033 636 5111 Προδρόμου
688 5034 776 5088 καὶ
837 5036 1169 5099 Βαπτιστοῦ,
1218 5030 1287 5107 τῇ
1348 5033 1517 5108 μητρὶ
1579 5033 1747 5089 αὐτοῦ
1800 5038 1962 5090 τοῦτο

291 5124 807 5198 καταμηνῦσαντος.
870 5124 968 5179 Καὶ
1028 5121 1335 5197 γεννηθεὶς,
1418 5122 1470 5177 ἐν
1551 5127 1629 5195 τῷ
1705 5122 1961 5193 θηλάζειν

292 5216 562 5291 ἀπείχετο
590 5214 689 5268 τοῦ
720 5214 1008 5286 ἀριστεροῦ
1044 5216 1276 5284 μαστοῦ,
1322 5216 1419 5267 τοῦ
1471 5217 1605 5268 Θεοῦ
1637 5211 1962 5284 δηλοῦντος,

296 5307 383 5361 ὅτι
418 5307 516 5373 τήν
550 5301 729 5373 δεξιάν
761 5298 885 5355 ὁδὸν
941 5303 1048 5354 τῶν
1108 5300 1342 5356 ἐντολῶν
1375 5302 1665 5377 ἀγαπήσει.
1698 5302 1964 5375 Αὐξηθεὶς

297 5394 382 5466 δὲ,
438 5393 532 5449 καὶ
593 5393 686 5448 τὸν
746 5390 955 5463 κόσμον
1014 5390 1191 5467 ἀφεὶς,
1250 5390 1314 5445 τὸ
1373 5387 1500 5464 ὅρος
1554 5389 1839 5448 κατέλαϐεα
1872 5394 1961 5449 καὶ

297 5482 558 5547 ἀπελθών
593 5482 646 5537 ἐν
676 5484 745 5553 τῇ
784 5483 948 5553 μονῇ,
982 5478 1036 5533 ἐν
1065 5478 1102 5553 ᾖ
1153 5480 1283 5552 ὑπὲρ
1316 5477 1597 5555 ἄνθρωπον
1629 5482 1961 5557 ἠγωνίσατο,

303 5574 495 5650 γὲγονε
531 5570 797 5645 μοναχός.
829 5570 927 5624 Καὶ
960 5567 1133 5630 οὕτως
1167 5566 1463 5643 διέλαμψεν
1520 5571 1596 5635 εἰς
1637 5571 1855 5648 ἀρετὴν,
1889 5574 1964 5638 ὡς

305 5664 395 5720 καὶ
456 5661 712 5733 θαύματά
766 5656 1049 5735 παράδοξα
1102 5658 1361 5717 ἐκτελεῖν.
1405 5660 1535 5716 Εἶτα
1574 5659 1633 5717 ἐκ
1672 5667 1768 5717 τοῦ
1800 5659 1959 5737 ὅρους

304 5749 711 5821 κατελθὼν,ιπὶ
795 5747 992 5804 στῦλον
1078 5746 1332 5823 ἀνῆλθεν,
1394 5749 1602 5813 σταθεὶς
1661 5750 1745 5806 ἐπ’
1799 5751 1960 5808 αὐτὸν

2064 2036 2244 2077 mana
2273 2025 2470 2075 autem
2529 2019 2847 2090 profectus,
2897 2019 3043 2075 fusis
3074 2021 3147 2076 ad
3179 2023 3361 2076 Deum
3416 2024 3723 2093 precibus,

2062 2111 2260 2184 ignem
2284 2109 2485 2179 e‘ccelo
2509 2108 2741 2175 detulit,
2770 2110 2871 2180 qui
2891 2110 3184 2181 Apollinis
3215 2111 3418 2166 fanum
3452 2112 3711 2168 idolum-

2062 2218 2178 2274 que
2200 2199 2485 2256 incendit.
2503 2199 2893 2264 Quamobrem
2917 2200 3109 2271 capite
3131 2200 3359 2272 plexus,
3385 2202 3446 2256 in
3468 2202 3711 2257 ﬂuvium

2061 2291 2361 2366 projectus
2413 2294 2523 2346 est.
2583 2289 2869 2360 Reliquias
2928 2290 3069 2345 inde
3109 2296 3406 2360 extractae,
3438 2292 3713 2348 Comanis

2062 2380 2347 2454 deposita)
2375 2379 2563 2434 fuere.

2376 2470 2442 2521 Et
2471 2468 2733 2522 memoria
2761 2469 2940 2523 sancti
2968 2470 3202 2539 apostoli
3229 2470 3408 2527 Juda’.

2133 2584 2333 2653 Judas,
2368 2583 2602 2638 divinus
2633 2583 2957 2655 apostolus,
2991 2589 3125 2655 post
3154 2584 3568 2640 ascensionem
3598 2588 3712 2640 Do-

2061 2676 2208 2732 mini
2242 2675 2429 2729 nostri
2459 2675 2597 2729 Jesu
2628 2674 2867 2741 Christi,
2901 2674 3021 2728 zelo
3057 2674 3254 2728 divino
3287 2675 3715 2743 inﬂammatus,

2063 2784 2270 2823 omnes
2315 2766 2579 2820 civitates
2612 2764 3001 2837 regionesque
3032 2766 3385 2836 peragravit,
3420 2766 3717 2821 Christum
3752 2762 3753 2765 “

2065 2874 2280 2930 magna
2311 2873 2446 2911 voce
2482 2854 2832 2926 praedicans,
2868 2858 3116 2925 eiusque
3166 2872 3198 2909 a
3237 2856 3487 2910 mortuis
3514 2872 3716 2910 resur-

2063 2948 2412 3004 rectionem.
2473 2960 2727 3015 eumque
2786 2944 3076 2999 universis
3120 2947 3504 3010 annuntians,
3539 2952 3717 3016 atque

2065 3037 2386 3093 ostendens
2417 3037 2677 3090 vivorum
2715 3041 3203 3106 mortuorumque
3244 3037 3508 3107 judicem
3543 3052 3671 3091 esse
3702 3054 3714 3091 :

2067 3126 2362 3199 quomodo
2396 3125 2626 3181 scilicet
2653 3141 2759 3195 pro
2803 3130 3007 3179 nostra
3051 3125 3261 3190 salute,
3295 3144 3427 3181 cum
3461 3127 3718 3181 Verbum

2067 3222 2242 3285 esset,
2298 3216 2520 3285 Deique
2570 3215 2759 3269 Patris
2807 3214 3010 3279 Filius,
3053 3215 3376 3270 exinanivit
3406 3232 3467 3269 se
3496 3216 3717 3285 ipsum,

1993 3288 2034 3353 (ἶ
2063 3307 2123 3361 in
2149 3312 2366 3361 terram
2389 3302 2782 3368 descendit,et
2798 3303 3141 3357 incarnatus
3159 3303 3229 3357 de
3253 3304 3474 3374 Spiritu
3491 3308 3716 3368 sancto,

2068 3402 2127 3452 et
2158 3412 2227 3451 ex
2258 3408 2493 3464 semper
2522 3392 2747 3464 virgine
2800 3391 2999 3459 Maria,
3051 3392 3226 3447 homo
3266 3392 3454 3446 factus
3486 3395 3592 3455 est,
3628 3397 3718 3445 to-

2068 3492 2192 3543 tum
2239 3484 2440 3539 ferens
2484 3482 2692 3550 Adam,
2727 3486 2942 3552 praeter
2968 3486 3276 3553 peccatum
3313 3499 3325 3536 :
3357 3487 3414 3538 et
3458 3486 3720 3537 tentatus

2066 3576 2263 3643 fuit,et
2291 3570 2654 3628 contumelia
2676 3571 2945 3637 affectus,
2968 3578 3025 3627 et
3055 3571 3335 3625 conviciis
3358 3571 3716 3642 proscissus,

2068 3670 2127 3720 et
2155 3662 2423 3734 colaphis
2453 3678 2640 3716 cmsus
2661 3660 2733 3716 ab
2767 3677 2835 3715 ea
2860 3677 3251 3731 manu,quam
3276 3661 3399 3731 ipse
3432 3661 3719 3715 formave-

2066 3758 2178 3819 rat,
2214 3759 2272 3809 et
2302 3754 2550 3823 ejectus,
2594 3768 2662 3806 ac
2710 3750 2951 3805 demum
2996 3751 3059 3805 in
3108 3768 3344 3805 crucem
3380 3756 3566 3811 actus,
3601 3750 3718 3805 cla-

2066 3843 2270 3914 visque
2301 3842 2536 3900 afﬂxus.
2570 3845 2628 3894 et
2685 3840 2952 3911 sepultus
3012 3844 3118 3903 est,
3173 3845 3227 3893 et
3284 3841 3625 3897 resurrexit.
3662 3846 3721 3893 ot

2066 3932 2350 4004 apostolis
2381 3930 2676 4001 apparuit,
2704 3935 2761 3984 et
2791 3929 3077 3986 ascendit.
3113 3934 3171 3983 et
3203 3930 3368 3983 sedet
3398 3930 3468 3983 ad
3520 3930 3722 3982 dexte-

2067 4039 2194 4077 ram
2228 4020 2412 4075 Patris
2456 4020 2516 4075 in
2559 4020 2741 4083 caelis,
2766 4027 2825 4073 et
2854 4020 3070 4073 iterum
3096 4026 3374 4073 venturus
3406 4027 3494 4073 est
3526 4020 3593 4073 ad
3622 4021 3717 4088 ju-

2068 4112 2386 4168 dicandum
2427 4112 2583 4165 vivos
2616 4116 2673 4165 et
2706 4118 2987 4164 mortuos.
3039 4110 3169 4163 Hrec
3218 4127 3351 4163 cum
3400 4111 3717 4175 docuisset,

2068 4202 2407 4272 multosque
2431 4200 2763 4254 inﬁdelium
2788 4199 3229 4270 baptizasset,in
3256 4215 3397 4268 pace
3422 4198 3492 4250 ad
3526 4197 3721 4250 Domi-

2067 4309 2209 4348 num
2243 4291 2531 4363 migravit.

2638 4404 2873 4458 EODEM
2900 4402 3149 4457 MENSE.

2558 4493 2658 4547 Die
2699 4493 2983 4547 vicesima
3034 4492 3225 4546 tertia.

2069 4585 2232 4640 no
2288 4584 2551 4639 Memoria
2597 4584 2771 4637 sancti
2828 4584 3011 4636 Patris
3076 4584 3248 4636 nostri

2660 4660 2842 4707 monte
2871 4654 3135 4710 mirabili.

3304 4582 3572 4635 Simeonis
3631 4582 3719 4635 in-

2145 4773 2393 4827 Sanctus
2424 4773 2598 4826 Pater
2627 4775 2831 4825 noster
2860 4771 3098 4826 Simeon
3131 4788 3200 4825 ex
3222 4770 3366 4825 urbe
3399 4768 3577 4839 Syriae
3602 4774 3720 4824 An-

2072 4862 2294 4919 tiochia
2350 4860 2661 4925 oriundus,
2719 4861 3050 4932 imperante
3106 4861 3437 4917 Iustiniano
3488 4859 3719 4914 seniore

2072 4952 2295 5020 ﬂoruit,
2328 4956 2651 5022 conceptus
2684 4967 2753 5005 ex
2775 4949 3188 5022 promissione,
3218 4965 3351 5006 cum
3385 4951 3723 5004 Praecursor

2073 5059 2140 5098 ac
2173 5042 2433 5114 Baptista
2462 5040 2522 5095 id
2550 5040 2722 5096 matri
2748 5041 2877 5113 ejus
2904 5041 3395 5113 praenuntiasset;
3422 5046 3596 5095 natus
3622 5055 3724 5095 au-

2073 5136 2214 5200 tem,
2246 5148 2380 5187 cum
2413 5130 2503 5186 lac
2535 5134 2792 5199 sugeret,
2843 5146 2877 5184 a
2924 5130 3166 5186 sinistro
3198 5130 3380 5185 ubere
3411 5130 3719 5197 abstinuit,

2074 5222 2190 5276 Deo
2222 5222 2670 5275 demonstrante
2701 5220 2825 5274 fore
2874 5225 2939 5274 ut
2988 5220 3254 5275 dextram
3294 5226 3727 5291 praeceptorum

2071 5311 2223 5365 viam
2252 5310 2546 5383 diligeret.
2569 5315 2711 5363 Cum
2741 5325 2875 5363 vero
2900 5309 3201 5377 crevisset,
3228 5309 3517 5363 mundum
3548 5309 3725 5364 relin-

2073 5416 2281 5471 quens,
2343 5399 2404 5453 in
2457 5404 2724 5454 montem
2785 5398 3047 5467 secessit,
3101 5402 3155 5453 et
3188 5398 3249 5451 in
3296 5398 3723 5452 monasterium

2073 5486 2368 5557 quoddam
2402 5487 2720 5557 profectus,
2764 5486 2864 5541 ubi
2917 5503 3036 5557 prus
3085 5486 3315 5540 caeteris
3348 5487 3405 5538 in
3440 5484 3721 5539 exercita.

2072 5576 2229 5631 tione
2262 5577 2538 5649 religiosa
2571 5577 2869 5632 excelluit.
2905 5577 3230 5631 monachus
3272 5575 3457 5629 factus
3490 5582 3595 5628 est.
3633 5575 3721 5626 Sic

2070 5672 2263 5722 autem
2290 5668 2351 5723 in
2375 5670 2689 5724 virtutibus
2712 5669 2943 5731 claruit,
2963 5673 3101 5721 utet
3122 5668 3413 5737 stupenda
3438 5665 3721 5719 miracula

2066 5757 2402 5831 patraverit.
2457 5758 2676 5814 Deinde
2710 5775 2778 5813 ex
2809 5762 3009 5814 monte
3066 5756 3458 5822 descendens,
3504 5754 3566 5807 in
3619 5767 3720 5806 co-
