4086 6204
347 423 464 489 471

1674 413 2106 475 MENOLOGII
2152 412 2346 472 PARS
2395 412 2504 474 III.

3643 407 3757 464 472

348 563 616 618 lumnam
647 559 938 624 ascendit,
970 569 1149 626 supra
1181 569 1359 626 quam
1403 557 1601 607 rectus
1628 550 1792 606 stetit
1819 547 1994 604 annis

2124 546 2291 619 ῑρθιος
2347 538 2440 614 ἔτη
2502 541 2630 598 δέκα
2683 541 2848 602 ὀκτώ.
2908 541 3010 599 Καὶ
3067 541 3120 596 έν
3170 545 3249 613 τῷ
3307 541 3604 612 θαυμαστῷ
3641 533 3758 612 ὄρει

349 649 772 722 duodeviginti.
803 649 1014 700 Postea
1045 652 1308 699 montem
1336 641 1671 697 mirabilem
1706 637 2003 712 petens,in

352 747 582 812 petram
614 734 902 800 ascendit,
936 733 1139 803 ibique
1161 733 1382 787 mansit
1413 731 1585 786 annis
1615 730 1842 784 decem.
1878 729 2006 781 Mox

355 829 416 882 in
447 842 626 897 parva
655 823 934 878 columna
963 837 1151 876 annos
1196 821 1314 893 egit
1345 820 1609 891 quinque
1655 833 1834 889 supra
1863 831 2006 886 qua-

353 915 624 986 draginta
651 929 662 966 :
697 918 874 982 atque
906 912 986 966 ita
1018 916 1206 964 totum
1237 911 1366 964 vita)
1397 910 1585 980 ipsius
1613 907 1868 979 spatium
1900 904 2012 959 fuit

350 1021 645 1062 annorum
677 1003 975 1075 octoginta
995 1003 1282 1072 quinque,
1301 1018 1372 1056 ex
1393 1000 1608 1070 quibus
1635 996 2012 1070 septuaginta

351 1113 563 1154 novem
613 1097 675 1150 in
724 1095 978 1150 ascetico
1025 1093 1296 1148 instituto
1347 1090 1686 1158 transactis,
1718 1088 1794 1144 ad
1824 1089 2010 1142 Deum

351 1188 643 1262 migravit.

353 1309 423 1361 Et
451 1306 715 1372 memoria
761 1304 947 1358 sancti
1005 1303 1188 1357 Patris
1243 1301 1418 1356 nostri
1445 1306 1497 1354 et
1528 1299 1850 1367 confessoris
1893 1294 2009 1351 Mi-

708 1375 937 1442 chaelis,
991 1378 1232 1444 episcopi
1285 1372 1654 1441 Synadorum.

427 1493 675 1547 Sanctus
689 1491 862 1544 Pater
882 1492 1084 1543 noster
1101 1493 1158 1543 et
1178 1487 1394 1542 Christi
1416 1485 1722 1541 confessor
1744 1481 2010 1552 Michael,

356 1582 471 1638 fuit
503 1579 832 1637 monachus
853 1579 986 1650 pius
1018 1582 1076 1632 et
1106 1579 1292 1632 Deum
1313 1577 1552 1640 timens,
1574 1579 1751 1645 atque
1775 1573 1849 1628 ob
1883 1571 2014 1627 reli-

358 1671 592 1744 giosum
622 1669 810 1740 ipsius
841 1669 972 1722 vitae
1005 1666 1342 1721 institutum
1393 1662 1763 1736 Synadorum
1795 1675 2012 1716 conse-

358 1767 556 1818 cratus
577 1765 667 1816 est
683 1759 997 1830 episcopus
1012 1755 1376 1828 temporibus
1389 1754 1599 1810 Leonis
1612 1751 2008 1808 Iconomachi'

363 1850 657 1916 Quoniam
689 1864 824 1904 vero
856 1865 962 1919 pro
989 1845 1317 1902 orthodoxa
1341 1843 1459 1899 fide
1487 1840 1844 1900 decertando
1874 1855 2014 1895 con-

2107 635 2420 707 γενόμενος,
2480 633 2569 688 καὶ
2627 633 2705 696 είς
2763 630 2957 707 πέτραν
3016 626 3233 696 ἀναϐὰς,
3284 628 3634 704 ἐκαρτέρησεν
3667 625 3760 698 ἔτη

2110 719 2258 780 δέκα.
2291 725 2426 780 Εἶτα
2457 722 2532 785 είς
2571 724 2662 778 τὸν
2725 723 2919 797 μικρὸν
2974 720 3170 776 στῦλον
3229 719 3494 785 ἀνελθὼν,
3529 713 3766 772 διετέλεε

2112 834 2199 867 σεν
2232 809 2324 883 ἔτη
2355 811 2751 887 τεσσαράκοντα
2799 813 2977 881 πέντε,
3008 811 3084 874 ὡς
3141 811 3276 864 εἶναι
3303 808 3396 863 τὸν
3431 807 3631 883 χρόνον
3666 812 3769 875 τῆς

2114 904 2259 971 ζωῆς
2316 900 2480 956 αὐτοῦ
2536 897 2630 970 ἔτη
2696 897 3038 974 ὀγδοήκοντα
3095 897 3272 954 πέντε
3306 899 3379 951 ὧν
3410 896 3478 952 τὰ
3506 891 3766 968 ἐϐδομή-

2111 1011 2275 1048 κοντα
2317 989 2467 1046 ἐννέα
2514 989 2565 1045 έν
2617 991 2840 1062 ἀσκήσει
2895 986 3227 1058 διατελέσας,
3259 988 3396 1062 πρὸς
3428 986 3556 1041 Θεὸν
3587 981 3774 1056 ἐξεδή-

2119 1101 2196 1154 μη
2204 1100 2288 1134 σεν
2299 1124 2312 1137 .

2116 1295 2220 1351 Καὶ
2259 1296 2452 1367 μνήμη
2485 1297 2581 1348 τοῦ
2634 1293 2801 1367 ὁσίου⁸
2839 1291 3050 1367 Βατρὸς
3099 1289 3382 1367 ἡμῶνκαῖ
3415 1288 3779 1364 ὁμολογητοῦ

2475 1364 2734 1440 Μιχαὴλ,
2785 1359 3086 1420 ἐπισκόπου
3126 1359 3417 1422 Συνάδων,

2191 1486 2446 1564 Μιγαῆλ,
2480 1489 2507 1543 ὁ
2538 1487 2590 1542 έν
2645 1486 2826 1562 ἀγίοις
2883 1488 3069 1562 Πατὴρ
3099 1489 3261 1558 ἡμῶν
3292 1486 3382 1540 καὶ
3413 1483 3783 1560 ὁμολογητής

2116 1584 2214 1634 τοῦ
2265 1576 2524 1652 Χριστοῦ,
2585 1579 2802 1653 ὑπῆρχε
2864 1577 3110 1651 μοναχὸς
3161 1571 3400 1643 εὐλαϐὴς
3447 1574 3535 1630 καὶ
3565 1569 3781 1650 φοϐού-

2125 1690 2285 1743 μενος
2314 1668 2408 1722 τὸν
2440 1670 2586 1724 Θεόν·
2621 1667 2711 1723 καὶ
2743 1664 2832 1722 διά
2859 1668 2958 1736 τήν
2990 1665 3236 1743 ἐνάρετον
3269 1664 3434 1720 αὐτοῦ
3465 1663 3777 1734 πολιτείαν,

2119 1759 2512 1836 ἐχειροτονήθη
2575 1755 2825 1812 Συνάδων
2884 1756 3202 1824 ἐπίσκοπος,
3243 1754 3329 1810 ἰπὶ
3357 1761 3459 1824 τῆς
3495 1754 3781 1829 βασιλείας

2117 1853 2214 1904 τοῦ
2247 1849 2632 1923 Εἰκονομάχου
2664 1845 2918 1908 Λέοντος.
2969 1845 3119 1904 Ἐπεὶ
3173 1843 3230 1900 δὲ
3285 1844 3418 1920 ὑπὲρ
3463 1850 3564 1913 τῆς
3609 1844 3779 1920 ὀρθο-

363 1910 528 1995 ξιειιιε
557 1910 908 2010 permansit,
938 1935 1224 2007 populum
1275 1932 1510 1988 Domini
1541 1947 1629 1999 ea,
1663 1947 1793 2001 quaa
1823 1929 1894 1984 ad
1929 1945 2011 1984 sa-

2124 1936 2281 2009 δόξου
2336 1910 2571 2000 πίστεως
2626 1935 3027 2011 ἀγωνιζόμενος
3085 1931 3338 2004 διετέλει,
3391 1910 3485 1987 τὸν
3514 1910 3783 1988 λαὸντοῦ

361 2027 547 2083 lutem
579 2029 868 2098 spectant,
928 2023 1216 2088 docendo,
1273 2021 1586 2077 haereticos
1637 2017 2015 2075 sermonibus

365 2117 487 2172 suis
519 2116 675 2170 velut
694 2114 915 2186 jaculis
949 2111 1357 2184 percutiendo,
1392 2127 1611 2181 eosque
1641 2125 1676 2164 a
1706 2125 1812 2164 suo
1843 2123 2016 2180 grege

363 2203 736 2277 eXpellendo,
787 2204 1037 2274 impium
1085 2203 1508 2274 imperatorem
1541 2199 1615 2255 ad
1646 2197 2014 2254 iracundiam

359 2293 650 2350 excitavit.
681 2294 934 2347 Vocatus
990 2292 1169 2364 igitur
1219 2290 1291 2346 ab
1351 2291 1499 2361 ipso,
1551 2287 1893 2359 compulsus
1927 2291 2017 2342 est

359 2373 794 2439 venerationem
854 2397 1158 2436 sacrarum
1215 2380 1542 2451 imaginum
1592 2377 1906 2448 abnegare.
1942 2380 2015 2430 At

357 2490 490 2528 cum
551 2472 610 2527 id
660 2473 853 2526 facere
913 2475 1255 2525 constanter
1312 2469 1631 2532 renuisset,
1678 2467 2014 2522 durissimis

360 2561 585 2617 exsiliis
617 2561 919 2632 subjectus
938 2559 1085 2613 fuit:
1118 2558 1218 2612 ubi
1250 2561 1394 2612 Ill
1429 2556 1703 2628 plurimis
1727 2555 2012 2610 mrumnis

365 2650 438 2705 ob
481 2650 787 2704 veritatem
831 2654 1008 2719 atque
1059 2654 1278 2702 rectam
1329 2646 1661 2702 doctrinam
1723 2644 2011 2712 toleratis,

358 2757 492 2796 cum
523 2738 595 2794 ad
629 2739 809 2794 ﬁnem
867 2753 1056 2807 usque
1116 2735 1505 2790 immutabilis
1551 2738 2008 2805 perseverasset,

357 2829 536 2901 hujus
567 2828 697 2882 vita)
731 2828 912 2882 tinem
939 2825 1200 2897 gaudens
1231 2824 1480 2896 accepit,
1505 2823 1728 2894 duplici
1761 2829 2008 2878 ornatus

359 2935 583 2974 corona
611 2916 1017 2988 pontiﬁcatus,
1050 2913 1298 2979 scilicet,
1332 2919 1390 2968 et
1419 2911 1828 2968 confessionis.

917 3119 1161 3178 EODEM
1201 3117 1452 3174 MENSE.

823 3230 926 3285 Die
980 3227 1261 3284 vicesima
1312 3230 1543 3298 quarta.

360 3343 645 3398 Certamen
673 3341 856 3394 sancti
879 3339 1141 3407 martyris
1186 3334 1396 3391 Meletii
1443 3333 1592 3388 ducis
1636 3339 1691 3388 et
1737 3335 2009 3387 sociorum

634 3411 786 3467 mille
816 3411 1177 3465 ducentorum
1226 3413 1274 3461 et
1308 3407 1736 3477 quinquaginta.

430 3591 721 3658 Meletius,
769 3590 988 3645 Christi
1046 3592 1290 3659 martyr,"
1351 3585 1466 3640 dux
1508 3585 1620 3640 fuit
1649 3583 2014 3656 temporibus

358 3679 646 3734 Antonini
669 3677 1066 3747 imperatoris,
1083 3692 1151 3730 ex
1170 3675 1410 3745 regione
1433 3673 1733 3728 inferioris
1752 3672 2012 3728 Galatia).

361 3769 505 3821 Cum
539 3771 739 3820 autem
795 3763 1166 3818 Christianus
1220 3766 1396 3825 esset,
1438 3761 1624 3815 Deum
1655 3759 1918 3832 rogabat,
1951 3765 2018 3816 ut

361 3852 660 3908 idolorum
691 3867 955 3905 errorem
997 3851 1238 3921 penitus
1268 3848 1551 3904 aboleret.
1581 3849 2014 3920 Cognoscentes

361 3957 497 3996 vero
529 3941 835 3995 daemones
885 3955 1052 3993 suam
1112 3936 1578 4000 subversionem,
1613 3937 1674 3990 in
1707 3952 1883 3992 canes
1917 3938 2014 3992 in-

362 4030 570 4102 gressi,
595 4028 892 4101 propriam
916 4025 1312 4098 perditionem
1339 4023 1748 4095 deplorabant,
1769 4025 2016 4081 canibus

363 4118 896 4186 circumeuntibus,
930 4116 1321 4181 ululantibus,
1359 4115 1762 4186 populumque
1792 4121 2014 4171 terrore

363 4209 840 4283 complentibus:
897 4223 1045 4279 quos
1102 4210 1342 4260 sanctus
1401 4204 1667 4260 Meletius
1725 4221 1842 4260 una
1879 4222 2015 4260 cum

363 4300 648 4372 subjectis
679 4298 789 4353 sibi
823 4295 1114 4351 militibus
1147 4294 1340 4366 gladio
1375 4295 1646 4350 sustulit:
1683 4294 1818 4350 fana
1850 4295 2012 4349 insu-

361 4408 468 4462 per
496 4389 871 4444 ethnicorum
903 4385 1238 4452 destruens,
1290 4401 1421 4456 quae
1473 4384 1532 4438 in
1561 4384 1633 4439 iis
1663 4390 1831 4439 erant
1860 4384 2018 4439 idola

362 4479 656 4534 contrivit.
691 4475 1085 4543 Quamobrem
1117 4491 1150 4529 a
1182 4473 1429 4529 Maximo
1461 4473 1712 4544 praaside
1745 4490 2014 4549 compre-

363 4567 604 4635 hensus,
669 4583 788 4620 una
845 4581 980 4620 cum
1043 4563 1220 4618 sociis
1279 4563 1617 4626 comitibus,
1671 4563 2018 4636 adigebatur

2123 2021 2320 2096 Κυρίου
2371 2020 2440 2075 τὰ
2489 2018 2628 2094 πρὸς
2687 2018 2960 2092 σωτηρίαν
3015 2015 3308 2086 διδάσκων,
3338 2016 3427 2071 καὶ
3466 2015 3594 2078 τοὺς
3625 2016 3785 2092 αἱρε-

2119 2109 2302 2172 τικοὺς
2331 2113 2452 2170 τοῖς
2486 2104 2678 2183 λόγοις
2707 2107 2872 2163 αὐτοῦ
2922 2107 2998 2169 ὡς
3057 2104 3239 2182 βέλεσι
3276 2103 3524 2182 βάλλων,
3557 2106 3645 2160 καὶ
3677 2109 3784 2160 τοῦ

2119 2201 2378 2275 ποιμνίου
2413 2199 2762 2270 ἀποδιώκων,
2807 2199 2883 2263 εἷς
2936 2199 3102 2274 ὀργὴν
3135 2198 3375 2268 ἐκίνησεν
3409 2200 3498 2253 τὸν
3533 2199 3784 2274 παράνο-

2122 2311 2223 2365 μον
2257 2288 2503 2366 βασιλέα.
2535 2287 2910 2361 Προσκλήθεὶς
2941 2289 3034 2343 οὖν
3079 2289 3167 2344 ὑπ’
3198 2289 3427 2360 ἐκείνου,
3459 2289 3780 2363 ἠναγκάσθη

2119 2382 2451 2457 ἀρνήσασθαι
2511 2381 2611 2450 τήν
2669 2378 3033 2455 προσκύνησιν
3091 2385 3199 2434 τῶν
3255 2382 3572 2435 πανσέπτων
3623 2378 3781 2434 εἶ’κό⁹

2117 2491 2247 2525 νων⁶
2309 2471 2399 2526 καί
2461 2471 2535 2544 μὴ
2595 2470 2832 2534 πεισθεὶς
2888 2473 3050 2524 τοῦτο
3107 2477 3358 2540 ποιῆσαι,
3417 2469 3648 2544 έξορίαις
3678 2491 3780 2524 πι-

2118 2559 2407 2635 κροτάταις
2465 2554 2880 2630 καθυπεϐλήθηο
2941 2557 3065 2614 ἔνθα
3120 2557 3368 2621 πολΛοὺς
3439 2559 3783 2633 πειρασμοὺς

2123 2650 2254 2724 ὑπὲρ
2285 2657 2384 2720 τῆς
2435 2649 2694 2720 ἀληθείας
2751 2648 2839 2704 xvi
2895 2653 3001 2704 τῶν
3052 2649 3230 2724 ὀρθῶν
3289 2645 3577 2724 δογμάτων
3642 2649 3784 2704 ὑπο·

2123 2739 2333 2812 μείνας,
2388 2739 2477 2793 καὶ
2539 2737 2708 2814 μέχρι
2759 2736 2964 2800 τάὶους
3023 2737 3413 2813 άπερίτρεπτος
3473 2734 3782 2811 διαμείνας,

2120 2829 2330 2904 χαίρων
2386 2835 2487 2898 τῆς
2543 2828 2816 2901 παρούσης
2876 2834 3022 2898 ζωῆς
3079 2829 3141 2883 τὸ
3190 2827 3350 2890 τέλος
3407 2825 3646 2898 ἐδέξατο,
3697 2825 3782 2882 δι-

2116 2917 2282 2980 πλοῖς
2339 2919 2622 2996 στεφάνοις
2671 2919 2993 2991 κοσμηθεὶς,
3054 2915 3468 2992 ἀρχιερωσύνης
3512 2916 3604 2971 καὶ
3638 2917 3782 2990 ὁμου

2119 3007 2324 3082 λογίας.

2671 3123 2848 3180 ΜΗΝΙ
2891 3129 2974 3179 ΤΩ
3004 3126 3208 3181 ΑΥΤΩ.

2903 3233 3000 3285 KA'

2117 3337 2383 3413 Ἂθλησις
2432 3342 2529 3413 τοῦ
2579 3337 2731 3413 ἁγίου
2758 3339 3057 3413 ’μάρτυρος
3103 3337 3366 3413 Μελετίοᾲυ
3405 3341 3501 3392 τοῦ
3522 3357 3776 3413 ’στρατη-

2191 3407 2357 3485 λάτου
2413 3409 2502 3464 καὶ
2553 3407 2664 3464 τῶν
2723 3407 2816 3464 σὺν
2865 3407 3018 3483 αὐτῷ
3074 3410 3276 3485 χιλίων
3321 3407 3609 3465 διακοσίων
3643 3407 3782 3465 πεν-

2187 3484 2442 3552 τήκοντα.

2191 3588 2480 3656 Μελέτιος,
2539 3590 2568 3643 ὁ
2623 3592 2720 3643 τοῦ
2772 3591 3009 3664 Χριστοῦ
3062 3590 3287 3662 μάρτυς,
3320 3591 3386 3658 ἦν
3423 3589 3514 3662 μὶν
3549 3588 3638 3644 ἐπὶ
3667 3597 3780 3661 τῆς

2124 3678 2403 3753 βασιλείας
2463 3677 2791 3736 ’Δντωνίνου
2850 3677 3252 3754 στρατηλάτης,
3312 3679 3373 3735 ἐκ
3428 3686 3526 3748 τῆς
3577 3680 3778 3755 χώρας

2116 3772 2224 3822 τῶν
2281 3771 2428 3822 κάτω
2485 3765 2764 3822 Γαλάτων.
2825 3769 3145 3840 Χριστιανὸς
3204 3766 3261 3823 δὲ
3318 3766 3413 3837 ὥν,
3469 3768 3778 3845 παρεκάλει

2117 3859 2208 3912 τὸν
2243 3858 2372 3914 Θεὸν
2399 3862 2736 3933 καταργῆσαι
2792 3857 2995 3922 τελέως
3047 3860 3144 3928 τὴν
3201 3863 3308 3914 τῶν
3353 3856 3598 3914 εἰδώλων
3628 3860 3782 3916 πλάο

2119 3967 2240 4016 νην.
2283 3948 2386 4002 Καὶ
2419 3947 2636 4021 γνόντες
2693 3947 2744 4001 oi
2804 3943 3055 4020 δαίμονες
3112 3950 3211 4017 τὴν
3269 3951 3646 4027 καταστροφὴν
3677 3949 3781 4004 αύ-

2119 4039 2251 4105 τῶν,
2312 4034 2644 4101 εἰσελθόντες
2699 4035 2777 4100 εἷς
2833 4036 3017 4108 κύνας,
3075 4037 3332 4112 ἐθρήνουν
3407 4039 3506 4108 τήν
3568 4040 3779 4094 ἑαυτῶν

2121 4123 2422 4192 ἀπώλειαν,
2460 4130 2566 4180 τῶν
2625 4131 2801 4181 κυνῶν
2858 4127 3326 4202 περιερχομένων,
3376 4129 3466 4182 καὶ
3523 4127 3782 4203 ὠρυομέο

2120 4235 2247 4282 νων,
2295 4213 2384 4268 καὶ
2430 4213 2522 4268 τὸν
2570 4213 2698 4270 λαὸν
2749 4209 3147 4288 ἐκφοϐούντων.
3183 4212 3292 4280 Οὗς
3333 4217 3361 4272 ὁ
3409 4217 3564 4292 ἅγιος
3593 4215 3786 4274 Μελέ-

2119 4324 2238 4362 no:
2289 4303 2422 4375 μετᾶ
2477 4307 2582 4358 τῶν
2641 4304 2729 4358 ὑπ’
2785 4303 2944 4358 αὐτὸν
3004 4309 3350 4378 στρατιωτῶν
3397 4305 3534 4383 ξίφει
3565 4305 3778 4361 ἀνεῖλε·

2120 4392 2210 4446 καὶ
2241 4390 2368 4452 τοὺς
2398 4391 2558 4454 ναοὺς
2589 4396 2696 4447 τῶν
2759 4393 3044 4464 Ἐλλήνων
3107 4393 3441 4465 καταλύσας,
3493 4396 3557 4448 τὰ
3587 4395 3638 4448 ἐν
3674 4395 3786 4450 αύ-

2117 4487 2236 4544 τοῖς
2295 4478 2499 4536 εἴδωλα
2556 4479 2886 4556 συνέτριψεν.
2945 4483 3246 4556 Κρατηθεὶς
3303 4484 3394 4538 οὗν
3453 4481 3541 4539 διὰ
3604 4489 3784 4540 ταῦτα

2121 4571 2266 4642 παρά
2327 4571 2579 4645 Μαξίμου
2633 4575 2730 4626 τοῦ
2787 4574 3085 4647 ἡγεμόνος,
3152 4573 3286 4645 μετά
3339 4577 3448 4628 τῶν
3501 4573 3592 4628 σὺν
3627 4576 3784 4650 αὐτῷ

362 4655 539 4709 idolis
587 4655 943 4709 sacriﬁcare.
997 4652 1107 4707 Sed
1143 4668 1277 4707 cum
1323 4651 1381 4706 id
1431 4669 1506 4707 ne
1537 4651 1740 4706 audire
1773 4653 2011 4723 quidem

2124 4665 2406 4735 κομήτων,
2463 4643 2776 4736 ἠναγκάσθη
2834 4643 2986 4715 θῦσαι
3049 4643 3169 4724 τοῖς
3225 4660 3501 4733 εἱδώλοις,
3555 4666 3648 4719 καὶ
3695 4643 3780 4739 μη

363 4742 772 4810 vellet,ferreis
791 4741 979 4814 globis
1005 4742 1252 4796 caaditur
1273 4741 1398 4812 ipse
1421 4746 1478 4796 et
1498 4742 1764 4796 comites.
1786 4740 2010 4797 Deinde

364 4837 604 4885 sanctus
635 4829 876 4901 quidem
907 4830 1174 4884 Meletius
1231 4830 1290 4884 in
1351 4829 1490 4900 pino
1533 4847 1856 4902 suspensus
1887 4831 2008 4886 cla-

361 4920 565 4990 visque
597 4919 884 4983 conﬁxus,
920 4918 1103 4985 obiit;
1138 4919 1469 4988 Stephanus
1503 4936 1634 4975 vero
1670 4927 1727 4975 et
1755 4921 2010 4976 Joannes

363 5008 610 5066 comites
641 5007 829 5080 capite
861 5006 1018 5077 plexi
1054 5013 1211 5062 sunt.

358 5188 428 5244 Et
457 5191 735 5242 certamen
763 5184 942 5237 sancti
972 5183 1235 5251 martyris
1275 5182 1599 5253 Sarapionis
1635 5191 1685 5239 et
1713 5188 2005 5245 sociorum.

430 5361 737 5435 Sarapion,
770 5360 984 5415 Christi
1018 5363 1260 5429 martyr,
1290 5375 1504 5428 genere
1535 5361 1855 5432 Egyptius,
1891 5381 2005 5435 quo

359 5461 623 5525 tempore
683 5453 922 5504 sanctus
970 5447 1236 5503 Meletius
1286 5453 1582 5504 certamen
1645 5450 1896 5518 subibat,
1938 5469 2008 5508 ex

359 5545 602 5616 Egypto
633 5539 972 5605 adveniens,
1026 5537 1347 5608 vidensque
1397 5538 1594 5610 ipsum
1642 5556 1775 5594 cum
1831 5542 2006 5597 sociis

359 5630 644 5701 martyrio
700 5627 992 5695 coronari,
1035 5625 1246 5681 Christi
1305 5625 1482 5682 fidem
1541 5628 1818 5700 suscepit.
1853 5631 2006 5695 Quos

361 5725 519 5780 circa
547 5718 1035 5793 comprehensus,
1085 5717 1147 5774 in
1194 5732 1492 5775 carcerem
1519 5719 1870 5792 conjicitur:
1904 5720 2004 5776 ubi

2119 4752 2486 4828 ἀνασχόμενος
2543 4756 2703 4807 τοῦτο
2763 4751 3008 4822 ἀκοῦσαι,
3071 4751 3270 4830 ἐτυφθη
3335 4756 3471 4828 μετὰ
3528 4753 3780 4831 σιδηρῶν

2119 4846 2382 4920 σφαιρῶνο
2417 4840 2625 4914 ὁμοίως
2679 4840 2769 4895 καὶ
2823 4842 2875 4895 oi.
2933 4840 3193 4914 κόμητες.
3252 4846 3390 4902 Εἶτα
3422 4845 3449 4899 ὁ
3483 4845 3578 4918 μὲν
3613 4847 3782 4921 ἅγιος

2120 4931 2385 4993 Μελὲτιος
2466 4930 2789 5005 κρεμασθείς
2872 4929 2924 4985 έν
3002 4929 3194 5006 πεύκη,
3252 4934 3338 4988 καὶ
3401 4932 3782 5010 καθηλωθεὶς,

2116 5018 2431 5088 ἐτελειώθη⁶
2490 5015 2759 5096 Στέφανος
2820 5016 2898 5090 δὲ,
2951 5019 3040 5074 καὶ
3099 5021 3359 5093 Ἰωάννης
3417 5025 3468 5078 οἱ
3525 5026 3782 5098 κόμητες

2115 5111 2520 5191 ἀπεκεφαλίσθη
2529 5131 2641 5168 σαν.

2117 5201 2215 5258 Καὶ
2247 5200 2478 5270 ἄθλησις
2504 5203 2602 5256 τοῦ
2635 5198 2786 5275 ἁγίου
2823 5201 3104 5290 μάρτυρες
3155 5204 3508 5279 Σαραπίωνος
3537 5205 3628 5259 καὶ
3659 5210 3782 5262 τῶν

2789 5272 2883 5327 σὺν
2911 5272 3090 5346 αὐτῇ.

2190 5363 2504 5440 Σαραπίων,
2549 5361 2577 5415 ὁ
2615 5363 2719 5415 ’τοῦ
2749 5361 2990 5436 Χριστοῦ
3024 5363 3250 5437 μάρτυς,
3286 5365 3504 5440 ὑπῆρχε
3538 5365 3632 5437 μὲν
3664 5368 3786 5424 Αἶκ-

2113 5450 2363 5528 γύπτιοςο
2406 5449 2542 5506 κατά
2601 5446 2658 5504 δὲ
2713 5449 2804 5504 τὸν
2863 5451 3049 5526 καιρὸν
3104 5453 3222 5507 καθ’
3279 5453 3337 5508 ὅν
3391 5455 3696 5530 ἠγωνίζετο
3749 5458 3783 5512 ὁ

2117 5543 2272 5616 ἅγιος
2328 5539 2608 5605 Μελέτιος,
2691 5540 3121 5615 παραγενόμενος
3179 5540 3228 5616 ἐξ
3287 5543 3592 5618 Αἰγύπτου,
3673 5546 3783 5600 καὶ

2115 5629 2246 5685 ἰδὼν
2333 5629 2491 5684 αὐτὸν
2567 5629 2656 5683 καὶ
2739 5627 2866 5692 τοὺς
2949 5629 3041 5683 σὺν
3102 5631 3248 5702 αύτῷ
3333 5638 3780 5707 μαρτυροῦντας,

2113 5719 2391 5775 ἐπίστευσε
2450 5723 2529 5791 τῷ
2577 5719 2816 5794 Χριστῷ,
2865 5718 2954 5774 καὶ
3019 5721 3310 5793 κρατηθεὶς
3371 5721 3644 5800 παρεδόθη
3695 5729 3779 5802 τῇ
