4086 6204
309 399 428 457 473

1874 374 2140 440 MAIUS.

3598 379 3720 439 474

309 518 776 601 φυλακῇ.’¹Εννα
837 522 940 578 ὑπό
1000 520 1148 585 θείου
1230 517 1468 594 άγγὲλου
1554 511 1949 590 ἐχειροτονήθη

2067 523 2103 563 a
2131 508 2327 564 divino
2359 510 2566 582 angelo
2600 511 2909 565 ordinatus
2939 516 3030 566 est
3060 511 3717 583 episcopus,postquam

308 616 633 679 ἐπίσκοπος,
692 613 778 667 ἐπὶ
837 613 900 666 τὸ
964 609 1227 687 βαπτίσαν
1283 607 1410 669 τοὺς
1457 606 1799 683 άφωτίστους
1844 602 1959 676 μὲν,

310 703 618 779 μέλλοντας
674 699 731 756 δὲ
787 704 1126 775 μαρτυρῆσαι
1180 698 1311 769 ὑπὲρ
1371 699 1609 770 Χριστοῦ
1667 694 1804 749 κατὰ
1858 694 1958 761 τήν

306 794 519 866 ἡμέραν
570 790 801 860 ἐκείνην.
858 791 963 846 Καὶ
1019 788 1122 864 γάρ
1181 787 1533 861 συναχθέντες
1585 785 1637 838 οὶ
1695 786 1963 859 συγγενεῖς

304 888 400 939 τοῦ
441 882 599 959 άγίου
651 878 943 948 Μελετίου,
1004 880 1093 933 καὶ
1150 880 1257 931 τῶν
1316 876 1601 947 κομήτων,
1676 873 1763 926 καὶ
1849 876 1958 925 τῶν

307 974 679 1045 στρατιωτῶν,
713 968 928 1042 ὁμοίως
951 966 1043 1021 καὶ
1103 967 1158 1019 αἱ
1207 969 1482 1041 γυναῖκες,
1513 962 1603 1017 καὶ
1650 962 1719 1015 τά
1746 958 1958 1028 παιδία,

311 1058 521 1137 μεγάλῃ
549 1062 620 1132 τῇ
666 1062 821 1135 φωνῇ
853 1053 1038 1133 ἔλεγον
1101 1056 1206 1126 ὅτι,
1268 1055 1362 1110 Καὶ
1418 1054 1581 1124 ἡμεῖς
1642 1047 1957 1125 Χριστιανοί

311 1149 493 1222 ἐσμεν.
527 1149 689 1212 Ὅθεν
744 1146 820 1208 εἷς
870 1145 1041 1220 ὀργὴν
1100 1145 1414 1214 κινήσαντες
1465 1141 1559 1195 τὸν
1610 1137 1877 1215 ἡγεμόνα,
1930 1139 1958 1191 6

313 1241 405 1313 μὶν
437 1239 741 1301 ἐπίσκοπος
785 1237 1097 1312 Σαραπίων,
1167 1233 1259 1288 σὺν
1314 1230 1637 1303 Καλλινικῳ
1687 1234 1768 1302 τῷ
1800 1228 1958 1303 μάγῳ

302 1328 666 1400 πιστεύσαντι,
728 1325 1155 1405 ἀπεκεφαλίσθη⁹
1215 1325 1242 1378 6
1302 1321 1360 1377 δὲ
1416 1317 1720 1395 Θεόδωρος,
1779 1323 1867 1373 καί
1929 1318 1957 1371 6

306 1423 555 1482 Φαῦστος
588 1419 722 1491 μετᾶ
751 1422 858 1472 τῶν
891 1413 1292 1470 πιστευσάντων
1352 1409 1589 1486 ἀνδρῶν,
1646 1410 1776 1484 πυρὶ
1834 1407 1955 1463 ἐτε-

306 1507 638 1579 λειώθησαν·
670 1507 733 1562 τὸ
766 1504 823 1562 δὲ
853 1506 1051 1562 λοιπὸν
1104 1500 1321 1572 πλῆθος
1378 1499 1561 1572 ξύλοις
1629 1497 1954 1566 κατακοπέν,

304 1596 559 1667 ἐτελεύτη
571 1617 654 1650 σεν
666 1638 679 1652 .

851 1744 1033 1797 MHNI
1062 1743 1147 1817 τᾳ
1186 1738 1394 1813 ΑΥΤῼ.

1100 1854 1228 1911 KE'.

482 1962 754 2035 Ἀθλησις
783 1968 879 2019 τοῦ
913 1963 1069 2041 ἁγίου
1105 1959 1377 2038 μάρτυρος
1407 1959 1769 2036 Θεράποντος.

368 2088 633 2165 Θεράπων
689 2090 718 2144 6
757 2093 855 2144 τοῦ
912 2090 1187 2165 Χριστοῦ,
1218 2086 1573 2161 ἱερομάρτυς,
1628 2082 1789 2146 πόθεν
1837 2082 1947 2156 ὥρ-

293 2200 467 2253 μητο,
503 2181 539 2247 ἢ
580 2178 740 2234 τίνων
767 2180 973 2254 γονὲων
1028 2176 1260 2254 ἐγένετο,
1312 2173 1348 2244 ἤ
1398 2176 1534 2229 κατὰ
1585 2173 1781 2235 ποίους
1811 2169 1946 2246 χρό-

289 2290 435 2335 νους,
468 2268 647 2323 εἰπεῖν
683 2268 783 2323 οὐκ
810 2262 1038 2343 ἔχομεν,
1070 2271 1176 2321 τῶν
1210 2264 1625 2338 ὑπομνημάτων
1654 2262 1841 2333 αὑτοῦ,
1876 2260 1950 2321 ὡς

300 2356 463 2423 ἔοικε,
499 2356 923 2434 διαφθαρέντων.
958 2360 1136 2414 Τοῦτο
1191 2353 1249 2410 δὲ
1310 2354 1500 2427 μόνον,
1560 2352 1642 2407 ὅτι
1704 2351 1951 2426 μοναχὸς

300 2448 529 2521 ἐγένετο,
555 2448 643 2501 καὶ
689 2446 986 2508 ἐπίσκοπος
1047 2446 1292 2519 Κύπρου,
1324 2444 1410 2498 καὶ
1446 2442 1529 2498 δτι
1585 2442 1677 2497 τὸν
1718 2442 1949 2512 ἀθλητι-

301 2537 393 2592 κὸν
426 2537 615 2611 ἀγῶνα
673 2533 911 2605 διήνυσε,
969 2536 1058 2591 καὶ
1114 2539 1193 2607 τῷ
1252 2537 1471 2609 Χριστῷ
1517 2532 1815 2607 προσήχθη
1879 2527 1947 2584 δι’

302 2622 1011 2701 αἴματος,διὲγνωμεν,ού
1069 2624 1237 2699 μόνον
1298 2624 1349 2695 ἐξ
1408 2624 1649 2701 ἀγράφου
1706 2618 1947 2698 παραδό-

303 2735 438 2779 σεως
466 2716 617 2789 παρὰ
642 2719 750 2770 τῶν
777 2715 1234 2791 προγενεστέρων,
1283 2712 1430 2769 ἀλλά
1486 2714 1571 2767 καὶ
1608 2711 1667 2766 ἐκ
1710 2716 1817 2767 τῶν
1879 2708 1953 2765 εί-

301 2805 473 2860 κόνων
510 2806 675 2859 αὐτοῦ
706 2802 1246 2882 πληροφορηθέντες.
1304 2802 1410 2861 Καὶ
1438 2806 1605 2858 ταῦτα
1666 2803 1763 2874 μὶν
1806 2798 1947 2874 πρό-

298 2915 472 2970 τερον.
545 2900 784 2969 Ὕστερον
860 2892 918 2949 δὲ
970 2898 1079 2949 τῶν
1158 2897 1487 2970 Σαρακηνῶν
1566 2888 1945 2969 βουληθέντων

307 2982 555 3048 ἐπελθεῖν
687 2983 905 3057 Κύπρῳ,
939 2982 1290 3059 ἐμφανισθεὶς
1318 2984 1346 3038 6
1377 2983 1529 3056 ἅγιος
1584 2986 1665 3053 τῷ
1695 3000 1947 3055 προσμο-

304 3074 476 3148 ναρίῳ
536 3070 724 3139 αὑτοῦ,
779 3074 925 3128 εἶπεν
976 3072 1143 3146 αὑτῷ·
1205 3074 1281 3129 Τὸ
1338 3072 1508 3136 τάχος
1547 3070 1798 3139 ἀναστὰς,
1856 3068 1945 3125 καὶ

302 3157 485 3216 λαϐών
527 3182 634 3234 μου
662 3163 733 3217 Τὸ
765 3160 1039 3235 λείψανον,
1095 3161 1438 3235 ἀποκόμισον
1496 3160 1571 3222 είς
1604 3163 1946 3217 Κωνσταντι-

305 3252 585 3306 νούπολιν.
619 3250 897 3308 Μέλλουσι
929 3252 1035 3326 γὰρ
1066 3253 1118 3306 οἱ
1158 3252 1350 3327 ἐχθροὶ
1406 3255 1503 3305 τοῦ
1561 3253 1793 3325 σταυροῦ
1848 3253 1945 3303 τοῦ
1977 3236 2020 3304 C

304 3342 542 3415 Χριστοῦ
566 3344 634 3413 τῇ
666 3343 816 3413 νήσῳ
862 3340 1031 3415 ταύτῃ
1087 3338 1362 3409 ἐπιϐῆναι,
1419 3340 1505 3394 καὶ
1566 3338 1694 3402 τοὺς
1743 3340 1950 3403 τόπους

299 3428 527 3489 τούτους
558 3427 863 3502 ἐρημῶσσι.
897 3429 1288 3502 Ἀνακομισθὲν
1323 3428 1413 3483 οὖν
1444 3428 1507 3482 τὸ
1562 3425 1816 3500 λείψανον
1849 3424 1947 3480 αὐ-

298 3520 411 3587 τοῦ,
443 3516 604 3585 ὲτὲθη
640 3516 691 3571 ὲν
726 3514 1323 3587 Κωνσταντινουπόλει,
1360 3518 1521 3592 βρῦον
1555 3515 1779 3587 ἲάματα.

272 3805 401 3860 ’Καὶ
440 3807 638 3878 μνήμη
670 3806 950 3881 τοῦηόσίου
983 3807 1192 3881 ΙΙατρὸς
1254 3808 1416 3881 ἡᾼμῷν
1444 3805 1534 3860 καὶ
1594 3808 1948 3881 ὁμολογητοῦ

769 3878 1019 3933 Ἰωάννου
1048 3876 1144 3933 τοῦ
1176 3876 1484 3934 Ψυχαίτου.

366 4001 649 4072 Ἰωάννης,
683 4004 711 4057 6
744 4002 793 4057 ἐν
829 4002 1011 4078 ἁγίοις
1058 4005 1247 4075 Πατὴρ
1301 4006 1486 4077 ἡμῶν,
1548 4003 1809 4073 νηπιόθεν
1857 4004 1945 4060 τὸν

293 4091 539 4163 Χριστὸν
602 4091 907 4167 ἀγαπήσας,
963 4093 1049 4147 καὶ
1122 4091 1315 4148 Ἠλίου
1379 4094 1468 4147 καὶ
1531 4093 1786 4149 Ἰωάννου
1850 4098 1947 4148 τοῦ

301 4179 631 4259 Προδρόμου
686 4183 813 4247 τοὺς
868 4184 1104 4255 τρόπους
1168 4187 1574 4258 μιμησάμενος,
1632 4186 1803 4263 ἀφῆκε
1855 4186 1945 4240 τὸν

298 4273 504 4345 κόσμον
525 4291 535 4302 ·
575 4273 664 4326 καὶ
696 4272 945 4336 ἀπελθὼν
975 4273 1027 4327 ἐν
1054 4278 1122 4348 τῇ
1156 4272 1331 4349 λαύρᾳ
1385 4278 1482 4329 τοῦ
1518 4272 1823 4349 Ψυχαίτου,
1856 4274 1945 4349 γὲ-

299 4382 424 4435 γονε
468 4362 739 4436 μοναχόςο
797 4361 887 4415 καὶ
945 4361 1179 4437 τοσαύτῃ
1232 4362 1625 4437 σκληραγωγίᾳ
1682 4360 1947 4417 ἐπέδωκεν

300 4452 512 4519 ὶαυτὸν,
546 4451 620 4512 ὡς
660 4451 751 4505 καὶ
810 4452 1057 4527 χάρισμα
1112 4446 1298 4506 λαϐεῖν
1357 4453 1504 4525 παρὰ
1564 4457 1717 4523 Θεοῦ,
1752 4450 1945 4527 δαίμο-

297 4563 391 4606 νας
457 4538 802 4615 φυγαδεύειν,
850 4540 939 4595 καὶ
999 4540 1307 4616 θεραπεύειν
1365 4544 1666 4615 νοσήματα.
1723 4545 1949 4619 Ἀγωνι-

303 4631 539 4703 ζὸμενος
571 4628 630 4684 δὲ
653 4628 739 4683 ἐπὶ
771 4633 878 4684 τῶν
912 4629 1130 4705 χρόνων
1161 4635 1270 4685 τῶν
1322 4630 1732 4707 εἰκονομάχων,
1763 4634 1851 4687 καὶ
1882 4632 1950 4687 τὰ

302 4716 569 4787 ὀρθόδοξα
619 4716 896 4792 κρατύνων
956 4715 1221 4794 δόγματα,
1276 4717 1574 4795 διεγνώσθη
1628 4725 1707 4792 τῷ
1760 4741 1948 4796 τυραν-

298 4812 506 4877 νοῦντι,
562 4806 653 4861 καὶ
730 4805 1119 4882 προσκληθεὶς,
1195 4811 1529 4885 ἠναγκάζετο
1614 4812 1945 4886 ἀρνήσασθαι

297 4896 353 4954 δὲ
373 4900 445 4970 τῇ
473 4898 702 4971 αἱρέσει,
730 4896 819 4952 καὶ
853 4898 1162 4974 ὑπογράψαι
1196 4899 1273 4963 είς
1325 4901 1418 4955 τὸν
1448 4900 1618 4974 τόμον
1678 4904 1779 4966 τῆς
1826 4898 1942 4956 ἄδι·

297 4989 437 5051 χίας.
480 4990 571 5056 Μὴ
606 4986 846 5051 πεισθεὶς
889 4985 945 5041 δὲ
1006 4992 1162 5044 τοῦτο
1220 4997 1467 5061 ποιῆσαι,
1527 4990 1674 5046 ἀλλὰ
1730 4990 1944 5063 μᾶλλον

297 5077 516 5152 ἐλέγξας
591 5077 683 5131 τὸν
748 5076 997 5151 βασιλέα,
1073 5078 1161 5133 καί
1220 5078 1490 5153 αἱρετικὸν
1579 5081 1944 5150 ἀποκαλέσας,

302 5168 589 5244 ἐξωρίσθη.
672 5169 841 5225 Ἔνθα
912 5167 1157 5234 πολλοὺς
1231 5170 1567 5245 πειρασμοὺς
1651 5172 1948 5245 ὑπομείνας

300 5258 445 5330 παρὰ
472 5262 581 5312 τῶν
615 5256 948 5332 παρανόμων
1001 5258 1091 5314 καὶ
1144 5258 1343 5316 ἀδίκων
1392 5260 1794 5335 εἶκονομάχων,
1851 5263 1945 5317 τὸν

305 5346 418 5419 βίον
448 5345 781 5420 μετήλλαξε.

368 5528 463 5582 Καὶ
497 5523 736 5595 ἄθλησις
793 5530 889 5581 τοῦ
946 5527 1101 5603 ἁγίου
1160 5528 1557 5605 ἱερομάρτυρος
1600 5531 1871 5605 Θεράπον-

1077 5620 1190 5662 τος.

376 5686 661 5764 Θεράπων,
694 5688 722 5742 6
749 5690 848 5742 τοῦ
891 5691 1131 5766 Χριστοῦ
1160 5689 1512 5766 ἱερομάρτυς,
1560 5691 1735 5767 ἱερεὺς
1766 5692 1945 5768 ὑπάρ-

1981 1877 2030 1943 Β

2068 597 2421 669 baptizasset
2450 600 2679 670 eos,qui
2709 600 2975 654 nondum
3009 600 3329 654 illuminati
3349 601 3716 664 fuerant,sed

2068 687 2419 758 martyrium
2443 705 2549 758 pro
2581 688 2811 742 Christo
2846 705 2913 743 eo
2944 688 3038 742 die
3063 688 3316 743 subituri
3348 696 3535 744 erant.
3572 691 3716 745 Con-

2065 777 2289 848 gregati
2322 777 2481 831 enim
2515 778 2726 832 afﬁnes
2758 778 2945 832 sancti
2974 777 3211 837 Meletii.
3238 783 3293 831 et
3326 779 3633 845 comitum,
3659 784 3717 836 et

2068 866 2347 933 militum,
2382 868 2664 923 mulieres
2701 884 2959 939 quoque,
2991 874 3050 921 et
3088 869 3241 923 "2
3274 869 3466 939 pueri,
3500 886 3715 941 magna

2065 973 2203 1011 voce
2262 957 2587 1012 dicebant:
2648 961 2762 1013 Nos
2819 974 3053 1028 quoque
3104 958 3425 1013 Christiani
3481 976 3709 1015 sumus.

2067 1044 2229 1099 Unde
2261 1046 2575 1115 praesidem
2602 1047 2674 1101 ad
2729 1046 2877 1100 iram
2912 1046 3264 1101 excitarunt.
3300 1050 3369 1101 Et
3426 1048 3711 1119 Sarapion

2066 1133 2307 1204 quidem
2341 1135 2654 1206 episcopus
2687 1152 2821 1189 cum
2852 1135 3159 1202 Callinico,
3197 1136 3297 1206 qui
3331 1153 3400 1191 ex
3446 1153 3615 1209 mago
3637 1138 3711 1192 ad

2066 1221 2246 1277 fidem
2278 1240 2594 1278 conversus
2622 1223 2836 1289 fuerat;
2885 1224 3078 1294 capite
3127 1224 3514 1279 obtruncatus
3574 1231 3663 1279 est
3695 1243 3708 1291 ;

2064 1311 2404 1366 Theodorus
2426 1329 2561 1367 vero
2596 1318 2655 1366 et
2683 1314 2952 1379 Faustus,
2987 1329 3121 1367 cum
3171 1313 3331 1379 viris,
3366 1315 3463 1384 qui
3525 1314 3712 1369 credi-

2065 1400 2294 1465 derant,
2328 1401 2585 1455 tlammis
2603 1401 3037 1469 addicti,ﬁnem
3059 1407 3416 1471 acceperunt
3439 1420 3453 1467 ;
3479 1402 3713 1474 reliqua

2064 1489 2304 1545 demum
2335 1490 2654 1544 multitudo
2678 1490 2856 1562 lignis
2888 1489 3144 1556 concisa,
3179 1489 3474 1544 occubuit.

2620 1697 2860 1753 EODEM
2901 1696 3150 1753 MENSE.

2561 1804 2662 1859 Die
2693 1804 2973 1859 vicesima
3002 1802 3211 1873 quinta

2241 1911 2525 1965 Certamen
2571 1913 2749 1965 sancti
2824 1913 3089 1979 martyris
3137 1910 3519 1980 Therapontis.

2131 2035 2439 2106 Therapon
2497 2050 2664 2089 sacer
2719 2034 2931 2089 Christi
2994 2039 3219 2105 martyr
3275 2034 3432 2088 unde
3513 2040 3709 2088 ortum

2059 2125 2313 2190 duxerit,
2348 2128 2450 2179 aut
2478 2123 2694 2194 quibus
2724 2123 3072 2194 parentibus
3122 2128 3300 2178 natus
3332 2123 3425 2189 sit;
3462 2128 3564 2177 aut
3590 2139 3707 2192 quo

2058 2218 2325 2282 tempore
2356 2211 2585 2275 vixerit,
2622 2209 2816 2265 dicere
2840 2211 3139 2265 nescimus
3164 2229 3177 2275 ;
3200 2226 3334 2265 cum
3360 2212 3486 2281 ejus
3508 2212 3702 2264 moni-

2059 2306 2282 2368 menta,
2306 2306 2372 2355 ut
2394 2300 2600 2365 fertur,
2660 2300 2944 2371 temporis
3002 2300 3172 2371 lapsu
3234 2298 3539 2371 perierint.
3587 2301 3705 2354 Hoc

2056 2408 2191 2446 vero
2225 2390 2421 2445 solum
2471 2388 2763 2448 novimus.
2827 2388 3006 2460 quod,
3068 2389 3316 2459 scilicet,
3374 2389 3705 2444 monachus

2054 2480 2254 2546 fuerit,
2289 2484 2347 2534 et
2375 2478 2547 2549 Cypri
2579 2478 2915 2549 episcoyius;
2942 2478 3219 2548 quodque
3242 2494 3490 2549 agonem
3518 2478 3706 2532 athle-

2056 2571 2236 2625 ticum
2271 2567 2641 2634 sustinuerit,
2677 2573 2734 2621 et
2759 2568 2989 2621 Christo
3022 2583 3127 2638 per
3157 2567 3506 2639 sanguinem
3529 2567 3710 2621 fuerit

2054 2660 2451 2729 conjunctus:
2484 2656 2616 2723 hoc,
2652 2656 2921 2726 inquam,
2954 2656 3243 2721 novimus,
3274 2671 3395 2710 non
3426 2655 3601 2710 modo
3637 2672 3707 2710 ex
3812 2654 3819 2665 '

2056 2747 2303 2817 antiqua
2333 2751 2391 2800 et
2411 2744 2635 2816 absque
2673 2750 2891 2815 scripto
2916 2761 2950 2799 a
2975 2744 3304 2816 majoribus
3337 2744 3560 2799 nostris
3609 2760 3705 2800 ac—

2057 2842 2227 2909 cepta
2258 2835 2617 2902 traditione;
2652 2834 2755 2890 sed
2808 2834 2985 2889 etiam
3044 2851 3112 2889 ex
3165 2834 3293 2905 ejus
3344 2833 3706 2906 imaginibus

2058 2926 2270 2983 edocti.
2308 2926 2503 2996 Atque
2535 2925 2661 2980 haec
2685 2924 2965 2996 primum.
3002 2925 3376 2980 Postremum
3400 2940 3535 2978 vero
3570 2941 3705 2979 cum

2057 3014 2332 3071 Saraceni
2367 3015 2437 3069 de
2471 3014 2862 3086 expugnanda
2890 3014 3078 3085 Cypro
3115 3014 3463 3086 cogitarent,
3521 3030 3703 3085 appa-

2056 3122 2197 3161 rens
2230 3108 2472 3159 sanctus
2499 3119 2605 3157 suo
2628 3102 2867 3170 aedituo,
2894 3102 3077 3173 jussit
3106 3101 3275 3155 illum
3309 3102 3509 3156 statim
3561 3120 3700 3157 con-

2060 3210 2320 3266 surgere,
2346 3207 2601 3262 suasque
2646 3190 2929 3261 reliquias
2981 3190 3269 3259 accipere,
3306 3205 3523 3259 easque
3554 3197 3701 3244 Con-

2062 3281 2510 3351 stantinopolim
2540 3279 2860 3333 transferre
2895 3295 2907 3331 :
2942 3278 3205 3331 futurum
3232 3278 3396 3332 enim
3454 3294 3604 3343 esse,
3639 3283 3701 3333 ut

2058 3371 2319 3427 inimicis
2350 3369 2543 3424 crucis
2574 3367 2787 3422 Christi
2838 3383 2907 3420 ea
2962 3366 3157 3421 insula
3215 3367 3549 3438 potirentur
3579 3385 3705 3422 om-

2057 3463 2277 3533 niaque
2309 3477 2378 3516 ea
2405 3460 2537 3514 loca
2559 3458 3317 3513 subverterent.Translataa
3336 3460 3537 3529 itaque
3570 3460 3699 3530 ejus

2056 3547 2866 3621 reliquimﬁonstantinopoli
2899 3548 3183 3619 depositm
3216 3553 3372 3615 sunt,
3404 3548 3505 3603 ubi
3538 3565 3705 3603 cura-

2058 3639 2255 3694 tiones
2285 3637 2582 3693 emittunt.

2062 3749 2127 3803 Et
2157 3744 2626 3817 memoriasancti
2656 3745 2837 3799 Patris
2892 3744 3071 3798 nostri
3125 3745 3354 3799 Joannis
3401 3744 3702 3815 Psychaita:

2711 3817 3049 3884 confessoris.

2134 3927 2379 3982 Sanctus
2412 3926 2586 3980 Pater
2615 3927 2817 3978 noster
2845 3924 3102 3979 Joannes
3142 3924 3213 3979 ab
3256 3925 3499 3979 ineunte
3531 3929 3701 3980 aetate

2061 4016 2357 4071 Christum
2415 4031 2615 4069 amore
2674 4013 3039 4084 complexus,
3078 4019 3138 4069 et
3192 4015 3334 4070 Elim
3365 4032 3431 4070 ac
3460 4016 3702 4070 Joannis

2060 4105 2451 4161 Praacursoris
2488 4120 2683 4158 mores
2742 4103 3027 4169 imitatus,
3088 4104 3376 4159 mundum
3409 4104 3654 4175 reliquit
3688 4121 3699 4157 :

2060 4200 2237 4265 atque
2284 4194 2345 4246 in
2397 4193 2625 4246 lauram
2674 4192 2999 4263 Psychaitre
3055 4192 3283 4261 abiens,
3312 4194 3702 4248 monasticam

2058 4286 2236 4338 vitam
2268 4280 2565 4351 suscepit:
2600 4286 2657 4335 et
2676 4296 2865 4351 usque
2898 4280 3044 4335 adeo
3100 4281 3287 4354 rigido
3340 4282 3469 4335 vitae
3529 4282 3702 4335 insti-

2059 4378 2183 4428 tuto
2215 4372 2475 4443 seipsum
2507 4368 2750 4432 addixit,
2795 4375 2859 4423 ut
2889 4369 3110 4424 donum
3154 4386 3188 4424 a
3245 4371 3361 4424 Deo
3408 4371 3702 4440 acceperit

2060 4463 2359 4517 dmmones
2390 4458 2630 4527 fugandi
2661 4464 2720 4513 et
2748 4458 2989 4513 morbos
3021 4458 3290 4514 curandi.
3321 4460 3464 4513 Cum
3500 4465 3699 4513 autem

2055 4550 2581 4608 Iconomachorum
2606 4553 2872 4618 tempore
2898 4548 3322 4615 decertaret,et
3343 4547 3698 4603 orthodoxas

2058 4640 2358 4697 doctrinas
2390 4642 2813 4710 propugnaret,
2866 4636 3254 4693 denuntiatus
3303 4636 3417 4692 fuit
3449 4638 3599 4693 ua
3622 4637 3699 4705 ei,

2056 4730 2155 4801 qui
2191 4725 2570 4801 tyrannidem
2619 4724 2951 4793 exercebat,
3004 4730 3061 4782 et
3121 4725 3194 4780 ab
3254 4742 3321 4781 eo
3376 4727 3706 4781 accersitus

2056 4818 2400 4890 adigebatur
2457 4830 2760 4870 sacrarum
2813 4814 3054 4885 quidem
3113 4815 3441 4887 imaginum
3473 4815 3700 4871 cultum

2056 4908 2366 4979 abnegare,
2400 4904 2613 4960 ἣξει-εδὶ
2645 4919 2779 4959 vero
2813 4904 3168 4972 consentire,
3193 4921 3261 4960 ac
3294 4910 3452 4960 tomo
3486 4905 3698 4977 impie-

2056 4996 2191 5051 tatis
2224 4993 2843 5050 subscribere.Verum
2869 4994 2916 5046 is
2939 5011 3143 5063 parere
3167 4995 3356 5067 jussis
3392 5012 3694 5063 recusans,

2056 5086 2199 5157 quin
2228 5084 2424 5156 potius
2477 5084 2897 5153 imperatorem
2944 5082 3325 5155 redarguens,
3382 5085 3695 5155 ipsumque

2054 5175 2401 5230 haareticum
2425 5171 2881 5242 compellans,in
2916 5171 3189 5226 exsilium
3221 5173 3518 5246 relegatus
3536 5174 3648 5228 fuit
3681 5192 3693 5228 :

2054 5264 2156 5319 ubi
2184 5280 2318 5319 cum
2349 5260 2949 5333 abimpiisetiniquis
2974 5262 3379 5317 lconomachis
3402 5263 3693 5335 plurimas

2056 5373 2352 5412 aerumnas
2383 5354 2788 5423 sustinuisset,
2821 5354 2998 5409 vitam
3031 5370 3163 5409 cum
3196 5361 3384 5410 morte
3424 5372 3691 5411 commu-

2056 5447 2215 5503 tavit.

2160 5536 2229 5590 Et
2260 5538 2535 5590 certamen
2567 5535 2903 5589 sacrosancti
2931 5535 3194 5603 martyris
3231 5534 3581 5604 Theraponti.

2126 5694 2458 5765 Therapon,
2481 5707 2649 5746 sacer
2668 5690 2882 5746 Christi
2917 5696 3296 5762 martyr,cum
3320 5696 3472 5744 esset
3496 5705 3690 5745 sacer-
