4086 6204
324 419 442 480 475

1605 402 2044 470 MENOLOGII
2086 402 2308 465 PARS.
2342 404 2443 465 ΙΙΙ.

3613 407 3731 467 4⁸76

329 549 436 606 dos
465 550 529 607 in
556 556 760 620 sancta
789 550 1062 608 Sardium
1093 543 1726 614 ecclesia,multosque
1755 537 1968 596 inﬁde-

2089 553 2208 611 χων
2235 538 2339 604 τῆς
2368 533 2422 590 ἐν
2455 531 2651 608 Σάρδει
2683 533 2838 611 ἁγίας
2885 532 3201 607 ἐκκλησίας,
3233 535 3323 591 καὶ
3380 533 3468 592 διὰ
3513 542 3614 604 τῆς
3645 533 3730 592 δι-

331 641 480 697 lium
504 641 578 697 ob
608 641 938 698 doctrinam
998 655 1165 694 suam
1207 637 1280 694 ad
1334 635 1652 692 Dominum
1701 636 1974 688 nostrum

329 735 527 790 Jesum
557 733 856 787 Christum
888 733 1262 784 converteret
1290 745 1358 784 ac
1414 725 1759 798 baptizaret,
1810 737 1972 777 com-

329 824 659 894 prehensus
681 837 716 874 a
741 819 1045 874 Valeriano
1063 817 1570 890 prazside,vinctus
1592 814 1652 869 in
1676 826 1974 869 carcerem

331 909 684 966 detruditur.
717 908 859 963 Inde
891 909 1162 975 eductus,
1193 908 1404 980 ligatus
1433 911 1696 978 Synaum
1729 900 1976 958 abduci-

331 1004 448 1067 tur,
483 1000 735 1071 etjuxta
764 998 1008 1054 ﬂuvium
1068 998 1142 1054 ad
1192 1002 1448 1069 quatuor
1496 994 1664 1066 palos
1721 992 1970 1062 supinus

329 1105 508 1160 super
537 1090 934 1160 pavimentum
977 1087 1335 1154 extenditur,
1384 1085 1753 1158 graviterque
1783 1096 1974 1151 usque

330 1179 478 1234 adeo
512 1178 852 1241 caaditur,ut
881 1193 1090 1233 carnes
1111 1176 1299 1248 ipsius
1329 1175 1505 1248 virgis
1527 1173 1970 1229 lacerarentur:

331 1267 496 1322 illius
527 1272 726 1322 autem
786 1267 1070 1339 sanguine
1121 1266 1364 1338 irrigata
1421 1263 1620 1325 tellus,
1652 1261 1972 1316 maximam

332 1373 588 1428 quercus
618 1357 881 1428 plantam
916 1355 1213 1427 produxit,
1246 1372 1376 1425 quas
1395 1369 1584 1424 usque
1629 1352 1690 1405 in
1710 1366 1974 1422 prasen-

329 1452 448 1504 tem
483 1448 639 1503 diem
670 1447 880 1502 visitur
907 1447 1211 1518 perpetuis
1239 1445 1398 1501 foliis
1426 1445 1646 1506 virens,
1699 1441 1972 1496 morbum

331 1553 569 1591 onmem
603 1537 1068 1608 languoremque
1099 1551 1324 1598 eorum,
1361 1534 1462 1605 qui
1494 1533 1636 1588 illuc
1663 1530 1974 1600 accedunt,

330 1642 566 1681 curans.
600 1626 867 1680 Posthac
896 1625 956 1679 in
989 1625 1277 1679 ditionem
1306 1623 1757 1679 Thracesiorum
1791 1620 1973 1676 abdu-

331 1721 484 1778 ctus,
515 1731 698 1787 prOpe
730 1715 973 1770 ﬂuvium
1000 1715 1282 1769 Hermum
1315 1713 1377 1768 in
1434 1712 1778 1784 episcopatu
1809 1710 1975 1766 Sata-

329 1803 546 1868 lorum,
579 1803 854 1876 plurimis
884 1803 1187 1875 subjectus
1217 1802 1520 1871 aerumnis,
1545 1800 1786 1858 tandem
1817 1817 1975 1857 mar-

331 1893 467 1964 tyrii
499 1909 778 1949 coronam
808 1893 1055 1964 accepit.

506 2111 573 2166 Et
601 2115 874 2166 certamen
908 2110 1086 2166 sancti
1142 2107 1406 2178 martyris
1461 2109 1780 2166 Pancharii.

397 2287 1004 2357 Pancharius,Christi
1036 2293 1281 2362 martyr,
1303 2289 1364 2344 in
1395 2289 1644 2362 antiqua
1671 2292 1857 2346 Roma
1872 2307 1972 2346 na-

329 2387 423 2438 tus
455 2385 514 2437 et
543 2377 1062 2444 educatus,ﬁdeles
1093 2384 1372 2452 parentes
1399 2378 1625 2436 habuit.
1659 2381 1803 2436 Cum
1833 2396 1970 2436 vero

329 2469 687 2543 temporaria
736 2469 960 2524 honore
990 2468 1063 2524 ab
1121 2467 1454 2524 idololatris
1510 2467 1972 2541 imperatoribus

327 2561 686 2627 afﬁceretur,
711 2575 1036 2630 eorumque
1065 2557 1376 2614 familiaris
1425 2563 1601 2624 esset,
1635 2575 1668 2614 a
1697 2565 1859 2616 recta
1881 2561 1974 2617 via

328 2667 437 2722 per
456 2649 811 2704 diabolicam
842 2647 1249 2720 operationem
1293 2647 1638 2716 deﬂectens,
1671 2648 1971 2704 Christum

328 2741 650 2813 abnegavit.
676 2744 737 2795 et
765 2738 838 2794 ad
868 2737 1028 2793 idola
1051 2737 1335 2793 accessit:
1361 2737 1520 2793 unde
1539 2737 1696 2809 apud
1715 2737 1971 2810 impera-

328 2835 487 2886 tores
517 2827 862 2883 idololatras
893 2827 1257 2898 acceptus,in
1290 2843 1502 2899 magno
1534 2828 1760 2884 honore
1790 2829 1970 2884 vitam

329 2916 885 2990 transigebat.Quod
914 2915 1015 2971 ubi
1045 2921 1235 2970 mater
1259 2916 1445 2987 ipsius
1476 2916 1788 2982 intellexit,
1813 2918 1969 2973 mul-

327 3016 451 3066 tum
479 3009 885 3079 illacrymans,
916 3021 1020 3077 per
1047 3006 1277 3061 litteras
1309 3007 1362 3062 ei
1395 3006 1766 3079 signiﬁcavit,
1801 3013 1866 3062 ut
1894 3008 1966 3064 ab

327 3100 625 3156 idolorum
651 3097 812 3152 cultu
836 3095 1142 3162 recedens,
1175 3095 1250 3151 ad
1306 3096 1605 3152 Christum
1629 3097 1870 3160 rediret,
1904 3099 1968 3154 in

326 3189 676 3247 memoriam
707 3186 820 3259 ipsi
861 3203 1144 3242 revocans
1191 3203 1396 3258 poenas
1435 3191 1494 3241 et
1521 3187 1878 3260 gehennam,
1911 3193 1970 3244 et

325 3295 622 3336 carcerem
655 3277 749 3336 iis.
783 3277 884 3348 qui
917 3278 1071 3330 114
1092 3275 1388 3331 Christum
1410 3275 1822 3350 abnegassent.
1857 3295 1961 3350 pa-
1994 3276 2039 3345 (ζ

321 3369 620 3426 ratum.At
648 3366 1036 3438 ille,acceptis
1060 3366 1294 3428 litteris,
1318 3366 1520 3422 animo
1552 3373 1964 3439 compunctus,

323 3457 397 3514 ad
417 3457 764 3531 religionem
796 3473 1066 3513 reversus
1093 3461 1184 3512 est
1207 3473 1220 3511 :
1243 3474 1359 3527 quo
1382 3457 1971 3530 intellecto,impera-

325 3553 419 3605 tor
443 3550 634 3622 capite
663 3565 799 3604 eum
829 3548 1171 3605 obtruncari
1192 3547 1396 3619 jussit.

889 3760 1130 3817 EODEM
1146 3763 1397 3817 MENSE.

822 3874 926 3931 Die
983 3875 1264 3932 vicesima
1308 3880 1474 3932 sexta

323 3982 590 4038 Memoria
616 3984 797 4037 sancti
823 3982 1061 4053 apostoli
1091 3980 1278 4054 Carpi,
1309 3984 1475 4039 unius
1503 3999 1572 4040 ea:
1589 3987 1964 4055 septuaginta.

392 4198 526 4256 Fuit
545 4198 642 4256 hic
674 4198 832 4254 inter
851 4197 1225 4271 septuaginta
1241 4197 1567 4270 discipulos
1589 4203 1648 4255 et
1668 4200 1967 4271 apostolos

321 4290 394 4347 ab
423 4290 553 4364 ipso
576 4289 806 4347 Christo
837 4293 1264 4346 annumeratus
1291 4304 1306 4346 :
1339 4289 1440 4361 qui
1463 4306 1676 4363 magno
1698 4291 1880 4348 Paulo
1905 4291 1967 4348 in

322 4380 745 4454 prmdicatione
771 4379 1143 4447 ministrans,
1177 4378 1724 4451 divinasqueipsius
1737 4381 1966 4451 Episto-

324 4471 412 4527 las
437 4471 510 4528 ad
532 4470 912 4542 illos,quibus
943 4485 1042 4526 eas
1063 4468 1880 4537 miitebat,deferens,multos
1898 4487 1969 4526 ex

325 4563 576 4618 ethnicis
607 4560 682 4617 ad
712 4559 927 4616 Christi
961 4558 1140 4615 ﬁdem
1157 4557 1436 4614 adduxit:
1460 4575 1528 4615 ac
1553 4559 1780 4632 fulgore
1794 4562 1966 4616 Para-

2085 621 2384 688 δασκαλίας
2411 627 2578 684 αὐτοῦ
2636 624 2882 688 πολλοὺς
2936 629 3044 680 τῶν
3103 625 3341 681 ἀπίστων
3392 625 3727 702 ἐπιστρέφων

2085 712 2176 769 ἐπὶ
2205 717 2299 770 τὸν
2326 713 2524 789 Κύριον
2555 717 2716 788 ἡμῶν
2739 719 2954 785 Ἰησοῦν
2987 717 3242 792 Χριστὸν,
3289 717 3377 771 καὶ
3427 716 3730 792 βαπτίζων,

2083 801 2359 878 ἐκρατήθη
2393 803 2542 877 παρά
2568 807 2670 859 τοῦ
2711 801 2983 879 ἄρχοντος
3039 804 3430 875 Οὗαλεριανοῦ,
3489 805 3579 859 καὶ
3634 803 3732 859 δε-

2085 891 2198 957 θεὶς
2230 890 2576 962 ἀπεκλείσθη.
2613 893 2745 948 Εἶτα
2791 900 2893 963 τῆς
2938 891 3188 970 φυλακῆς
3237 889 3544 964 ἐκϐληθεὶς,
3575 891 3730 965 ἤχθη

2083 979 2306 1055 δέσμιος
2325 982 2412 1044 εὶς
2449 984 2676 1052 Συναὸν,
2707 983 2797 1038 καὶ
2831 983 3069 1055 πλησίον
3107 988 3204 1039 τοῦ
3255 988 3506 1058 ποταμοῦ
3537 984 3731 1039 ἀπλω-

2083 1071 2220 1143 θεὶς,
2247 1071 2338 1128 καὶ
2371 1069 2544 1136 δεθεὶς
2575 1071 2650 1135 εὶς
2679 1069 2941 1149 τέσσαρας
2987 1071 3196 1135 πάλους
3229 1072 3447 1140 ὕπτιος,
3508 1073 3594 1128 ἐπὶ
3627 1075 3728 1142 τὴν

2080 1167 2181 1236 γῆν
2239 1160 2438 1238 ἐτύφθη
2501 1159 2774 1238 σφοδρῶς,
2830 1161 2936 1224 ’ὲως
2993 1162 3390 1233 κατεξάνθησαν
3447 1163 3502 1217 αἱ
3539 1164 3734 1237 σάρκες

2083 1250 2248 1305 αὐτοῦ
2277 1257 2392 1312 τοῖς
2426 1245 2668 1327 ῥάϐδοις.
2704 1252 2800 1306 Ἐκ
2829 1248 2888 1306 δὶ
2915 1256 3012 1306 τοῦ
3063 1251 3294 1324 αἳματος
3329 1249 3494 1306 αὐτοῦ
3527 1255 3733 1305 πιοῦσα

2081 1342 2117 1410 ἡ
2150 1347 2246 1414 γῆ,
2279 1340 2442 1418 φυτὸν
2479 1339 2722 1416 βαλάνου
2779 1337 3052 1396 ἀπέδωκεν
3111 1341 3363 1415 μέγιστον
3419 1338 3562 1394 λίαν·
3593 1342 3728 1413 ’ὅπερ

2085 1430 2253 1505 μέχρι
2310 1437 2412 1498 τῆς
2462 1431 2702 1505 σήμερον
2776 1430 3018 1506 φαίνεται
3076 1429 3371 1507 ἀείφυλλον
3434 1431 3515 1500 δν,
3556 1434 3728 1484 πᾶσαν

2081 1521 2237 1575 νόσον
2268 1520 2356 1574 καὶ
2391 1524 2562 1573 πᾶσαν
2626 1518 2891 1591 μαλακίαν
2925 1525 3031 1574 τῶν
3062 1522 3521 1594 προσερχομένων
3557 1519 3731 1591 ἰώμε-

2082 1629 2195 1664 νον.
2230 1609 2332 1666 Καὶ
2365 1609 2499 1681 μετά
2525 1613 2692 1664 ταῦτα
2724 1606 2872 1682 ἤχθη
2927 1608 3007 1670 εἷς
3064 1611 3125 1663 τὸ
3181 1607 3319 1681 θέμα
3372 1612 3480 1663 τῶν
3514 1615 3732 1683 Θρᾳκη-

2083 1697 2236 1770 σίων,
2269 1697 2504 1769 πλησίον
2549 1702 2647 1753 τοῦ
2699 1703 2950 1772 πεταμοῦ
3000 1699 3208 1772 Ἑρμοῦ
3242 1699 3342 1753 ὑπὸ
3372 1699 3469 1766 τήν
3501 1697 3732 1752 ἐπισκο-

2083 1790 2191 1858 πὴν
2257 1786 2538 1843 Σατάλων’
2610 1789 2699 1843 καὶ
2749 1787 2993 1850 πολλαῖς
3056 1782 3390 1857 ὖποϐληθεὶς
3433 1785 3732 1860 τιμωρίαις

2082 1878 2173 1934 καὶ
2213 1878 2505 1945 κακώσεσι,
2561 1876 2652 1931 τὸν
2705 1881 2804 1932 τοῦ
2865 1874 3166 1952 μαρτυρίου
3224 1876 3482 1954 στέφανον
3533 1874 3730 1949 ἐκομί-

2084 1987 2234 2022 σατο.

2187 2149 2286 2204 Καὶ
2343 2145 2578 2219 ἄθλησις
2632 2151 2734 2202 τοῦ
2765 2146 2919 2223 ἀγίου
2953 2145 3226 2222 μάρτυρος
3276 2144 3614 2222 Παγχαρίου.

2150 2317 2488 2396 Παγχάριος,
2546 2319 2574 2373 ὁ
2630 2322 2730 2373 τοῦ
2789 2320 3033 2392 Χριστοῦ
3098 2319 3326 2394 μάρτυς,
3369 2315 3572 2394 ἐγένετο
3632 2318 3731 2391 μὶν

2077 2415 2181 2479 τῆς
2209 2406 2450 2470 παλαιᾶς
2487 2409 2712 2481 Ῥώμης
2741 2408 2830 2463 καὶ
2863 2408 3134 2484 γέννημα,
3192 2406 3282 2462 καὶ
3343 2406 3581 2482 θρέμμα,
3638 2407 3734 2462 καὶ

2079 2503 2286 2554 πιστῶν
2316 2499 2517 2574 γονὲων
2565 2497 2824 2574 βλαστός·
2881 2501 3200 2571 τιμώμενος
3259 2494 3318 2551 δὲ
3374 2497 3511 2571 πρὸς
3541 2497 3732 2572 καιρὸν

2076 2594 2247 2666 τιμὴν
2279 2591 2426 2665 παρά
2452 2594 2560 2645 τῶν
2593 2586 3017 2664 εὶδωλολατρῶν
3055 2586 3350 2664 βασιλέων,
3397 2589 3488 2642 καὶ
3525 2589 3730 2652 οἰκεῖος

2080 2679 2154 2736 ὢν
2187 2680 2391 2746 αὐτοῖς,
2421 2686 2522 2748 τῆς
2555 2678 2761 2740 εὐθείας
2785 2675 2914 2733 ὀδοῦ
2974 2678 3256 2753 ἐκτραπεὶς
3313 2678 3414 2732 ὑπὸ
3474 2673 3726 2734 διαϐολι-

2078 2779 2180 2841 κῆς
2201 2770 2486 2846 ἐνεργείας,
2532 2771 2813 2844 ἠρνήσατο
2861 2770 2953 2824 τὸν
3010 2770 3264 2841 Χριστὸν,
3314 2766 3607 2844 προσετέθη
3667 2765 3726 2824 δὲ

2076 2866 2195 2924 τοῖς
2229 2859 2508 2922 εἰδώλοις.
2549 2860 2708 2923 Ὀθεν
2736 2856 3063 2934 ἀποδεχθεὶς
3117 2859 3264 2933 παρὰ
3319 2862 3424 2912 τῶν
3485 2856 3721 2912 εἰδωλο-

2083 2954 2268 3024 μανῶν
2305 2947 2600 3026 βασιλέων,
2629 2947 2683 3004 ἐν
2718 2948 2932 3024 μεγάλῃ
2966 2945 3125 3022 διῆγε
3149 2951 3307 3020 τιμῇ.
3343 2947 3440 3003 Καὶ
3476 2949 3723 3020 μαθοῦσα

2074 3043 2236 3096 τοῦτο
2293 3041 2329 3108 ἡ
2392 3039 2577 3112 μήτηρ
2631 3037 2818 3108 αὐτοῦ,
2875 3037 2964 3092 καὶ
3000 3034 3186 3092 πολλὰ
3236 3039 3572 3113 θρηνήσασα,
3632 3034 3723 3092 διὰ

2076 3128 2420 3203 γραμμάτων
2452 3125 2718 3199 ἐμήνυσεν
2767 3125 2936 3198 αὐτῷ,
2984 3125 3285 3194 ἀποστῆναι
3331 3133 3430 3194 τῆς
3489 3123 3722 3181 εἰδωλο-

2081 3218 2360 3293 λατρείας,
2397 3218 2486 3273 καὶ
2517 3216 2840 3294 προσελθεῖν
2869 3219 3019 3281 αὖθις
3050 3222 3130 3290 τῷ
3183 3221 3426 3293 Χριστῷ,
3471 3219 3723 3290 ὑπομνή-

2079 3331 2214 3364 σασα
2241 3309 2340 3374 τήν
2389 3306 2616 3362 κόλασιν
2677 3307 2768 3362 καὶ
2829 3308 2928 3375 τήν
2989 3307 3228 3381 γέενναν,
3285 3308 3374 3362 καὶ
3429 3309 3602 3361 πάντα
3658 3307 3726 3362 τὰ

2073 3399 2418 3472 κολαστήρια
2450 3397 2516 3452 τὰ
2538 3394 2879 3470 ἐκδεχόμενα
2932 3395 3060 3457 τοὺς
3100 3396 3190 3450 τὸν
3221 3396 3453 3470 Χριστὸν
3487 3394 3725 3471 ἀρνησα-

2074 3489 2294 3562 μένους.
2330 3487 2629 3559 Δεξάμενος
2680 3482 2738 3539 δὲ
2789 3487 2855 3539 τὰ
2908 3484 3226 3559 γράμματα,
3284 3484 3372 3539 καὶ
3405 3485 3502 3552 τήν
3533 3487 3723 3560 ψυχήν

2072 3575 2414 3652 κατανυγεὶς,
2504 3572 2807 3643 ἐπανῆλθεν
2861 3573 3000 3646 πρὸς
3077 3574 3176 3640 τήν
3237 3568 3525 3630 εὐσέϐειαν.
3614 3574 3721 3630 Καὶ

2071 3666 2306 3729 ἀκούσας
2338 3669 2500 3722 τοῦτο
2533 3665 2561 3720 ὁ
2597 3661 2876 3741 βασιλεὺς,
2910 3661 3302 3740 ἀπεκεφάλισεν
3355 3664 3535 3720 αὐτόν.

2525 3801 2528 3804 ί
2623 3788 2806 3845 MHNI
2845 3790 2931 3864 To
2971 3789 3164 3862 ΔΥΤῼ.

2840 3877 2932 3946 KC

2143 3968 2267 4039 Μνή
2281 3989 2355 4041 μη
2386 3971 2482 4022 τοῦ
2521 3966 2708 4044 ἁγίου-
2728 3965 3046 4044 ἀποστόλου
3106 3967 3359 4042 Κάρπου,
3393 3966 3506 4028 ἑνὸς
3535 3970 3644 4021 τῶν

2695 4033 3096 4112 δϐδομήκοντα.

2144 4202 2319 4264 Οὗτος
2349 4206 2465 4264 τοῖς
2507 4196 2889 4274 ἑϐδομήκοντα
2939 4191 3224 4274 μαθηταις-
3263 4199 3354 4256 καὶ
3384 4202 3721 4267 ἀποστόλοις

2077 4291 2360 4348 ὑπἀὐτοῦ
2417 4295 2515 4346 τοῦ
2575 4291 2780 4367 Κυρίου
2841 4291 3286 4368 συναριθμηθεὶς,
3343 4293 3432 4346 καὶ
3488 4295 3568 4364 τῷ
3621 4313 3726 4364 με-

2071 4382 2230 4458 γάλῳ
2261 4379 2460 4453 Παύλῳ
2506 4377 2774 4436 διακονῶν
2834 4380 2885 4436 ἐν
2939 4386 3020 4454 τῷ
3082 4380 3417 4457 κηρύγματι,
3474 4380 3564 4436 καὶ
3618 4382 3718 4446 τὰς

2071 4471 2214 4534 θείας
2246 4468 2410 4526 αὐτοῦ
2441 4466 2734 4531 ἐπιστολὰς
2765 4475 2881 4532 τοῖς
2938 4470 3075 4544 πρὸς
3134 4469 3226 4532 οῦς
3283 4469 3558 4544 ἐπέμπετο
3606 4468 3726 4527 δια-

2069 4563 2338 4634 κομίζων,
2377 4558 2625 4622 πολλοῦς
2653 4563 2762 4614 τῶν
2792 4557 3078 4632 Ἐλλήνων
3112 4559 3248 4635 πρὸς
3296 4560 3396 4628 τήν
3453 4563 3550 4616 τοῦ
3580 4563 3721 4637 Χρι-

324 4651 448 4708 cliti
471 4654 733 4706 mentem
754 4648 1113 4706 illustratam
1135 4630 1676 4721 habens,tanquam
1699 4650 1960 4706 inacces-

2079 4630 2424 4708 στοῦήπίστιν
2483 4630 3096 4726 ἐχειραγώγησενξΚαὶ
3288 4649 3562 4724 ἐλλάμψει
3617 4630 3719 4706 τοῦ

325 4755 456 4794 sum
487 4738 650 4794 sidus
683 4737 754 4793 ab
787 4739 1026 4794 Oriente
1059 4738 1748 4811 exsurgens,universum
1772 4747 1960 4798 terra-

320 4844 453 4882 rum
485 4827 689 4882 orbem
729 4825 942 4883 divinis
971 4827 1258 4883 doctrinis
1287 4828 1809 4898 illuminavit,cum
1838 4848 1961 4888 ma-

317 4933 432 4990 gna
461 4916 724 4988 quotidie
779 4917 1070 4974 miracula
1100 4923 1382 4990 patraret,
1435 4925 1494 4975 et
1549 4919 1959 4992 iniquissimos

319 5007 561 5078 spiritus
591 5005 854 5078 ejiceret,
886 5011 1063 5077 atque
1095 5007 1272 5063 urbes
1301 5009 1672 5081 populosque
1703 5011 1777 5067 ad
1796 5013 1960 5070 Chri-

321 5097 393 5152 sti
426 5094 605 5150 ﬁdem
638 5093 1208 5151 traduceret.Multas
1239 5097 1488 5168 proinde
1519 5098 1592 5154 ab
1616 5099 1960 5158 inﬁdelibus

321 5201 617 5241 aerumnas
649 5184 1172 5239 sustinuit.Verum
1191 5185 1343 5240 virili
1376 5186 1958 5248 animolaboriosum

316 5275 520 5348 agonis
546 5279 848 5330 certamen
881 5274 1576 5348 suscipiens,principum
1593 5277 1808 5334 iratum
1830 5280 1960 5334 ani-

312 5381 474 5422 mum
532 5381 652 5419 non
709 5362 1064 5420 formidavit.
1097 5364 1466 5436 Quapropter
1513 5382 1647 5422 cum
1679 5367 1864 5426 Deum
1896 5368 1960 5425 in

315 5455 438 5510 suis
468 5453 753 5509 membris
785 5452 1416 5524 gloriﬁcasset,abipso
1447 5460 1536 5509 est
1559 5453 1814 5528 gloriose
1833 5474 1956 5514 ma-

315 5543 630 5617 gniﬁcatus
662 5559 674 5597 :
710 5548 886 5614 atque
915 5542 976 5598 in
1009 5559 1150 5614 pace
1183 5542 1495 5613 decedens,
1516 5545 1579 5601 in
1611 5545 1712 5601 Dei
1745 5563 1958 5605 manus

319 5633 564 5690 tradidit
595 5633 890 5707 spiritum.

2069 4741 2434 4817 ΙΙαρακλήτου
2459 4739 2844 4816 καταυγασθεὶς
2873 4741 2972 4808 τὴν
3033 4737 3292 4807 διάθοιαν,
3355 4740 3536 4816 ὥσπερ
3592 4737 3721 4796 ἄδυ-

2066 4853 2160 4894 τος
2192 4832 2363 4904 ἀστὴρ
2395 4831 2444 4903 ἐξ
2474 4828 2785 4887 Ἀνατολῶν
2819 4830 3090 4906 ὁρμήσας,
3143 4835 3315 4884 πᾶσαν
3367 4831 3470 4899 τὴν
3529 4829 3722 4886 οἰκου-

2072 4923 2240 4994 μένην
2293 4924 2415 4983 ταῖς
2472 4917 2641 4982 θείαις
2693 4917 2860 4973 αὐτοῦ
2925 4914 3303 4981 διδασκαλίαις
3357 4921 3721 4997 κατεφώτισε,

2069 5010 2344 5083 θαυμάσια
2378 5005 2589 5082 μεγάλα
2641 5009 2755 5063 καθ’
2812 5005 3038 5076 ἑκάστην
3083 5004 3276 5076 τελῶν,
3330 5009 3420 5063 καὶ
3471 5007 3720 5065 ἀποδιώο

2067 5121 2177 5155 κων
2237 5097 2518 5170 πνεύματα
2603 5095 2969 5171 πονηρότατα·
3025 5093 3218 5159 πόλεις
3279 5094 3337 5152 δὲ
3393 5099 3481 5152 καὶ
3552 5098 3722 5162 λαοὺς

2069 5189 2202 5263 πρὸς
2229 5187 2328 5255 τὴν
2361 5185 2438 5250 εὶς
2477 5185 2708 5259 Χριστὸν
2766 5187 2948 5240 πίστιν
3009 5184 3474 5259 ἐπισπασάμενος,
3505 5187 3726 5252 πολλὰς

2072 5277 2176 5334 ὑπὸ
2255 5280 2362 5332 τῶν
2418 5273 2658 5330 ἀπίστων
2721 5271 2920 5346 ὑπέστη
2979 5273 3213 5350 θλίψεις.
3287 5274 3561 5353 Ἀνδρεῖος
3616 5280 3722 5355 γὰρ

2068 5371 2270 5443 χωρῶν
2303 5366 2438 5441 πρὸς
2471 5367 2538 5420 τά
2569 5364 2799 5421 ἐπίποθα
2828 5369 2928 5431 τῆς
2987 5366 3274 5438 ἀθλήσεως
3335 5367 3716 5443 ἀγωνίσματα,

2066 5456 2156 5511 τὸν
2187 5455 2356 5528 θυμὸν
2383 5458 2491 5509 τῶν
2543 5454 2826 5531 ἀρχόντων
2856 5455 2963 5511 οὐκ
2992 5453 3307 5513 ἐδειλίασεψ
3351 5457 3471 5522 ὅθεν
3505 5459 3578 5520 ὡς
3613 5455 3717 5513 δο-

2068 5545 2228 5618 ξάσας
2255 5546 2347 5600 τὸν
2369 5547 2497 5602 Θεὸν
2533 5544 2585 5600 ἐν
2613 5551 2733 5608 τοῖς
2767 5545 2986 5619 μέλεσιν
3044 5548 3234 5611 αὐτοῦ.
3295 5549 3382 5604 ὑπ’
3439 5547 3603 5603 αὐτοῦ
3637 5547 3716 5604 ἐν-

2068 5633 2237 5708 δόξως
2269 5631 2552 5705 ἐδοξάσθη.
2588 5637 2689 5692 Καὶ
2721 5636 3055 5708 τελειωθεὶς,
3081 5637 3134 5694 ἐν
3168 5637 3360 5714 εὶρήνῃ
3400 5637 3464 5695 τὸ
3495 5643 3713 5714 πνεῦμα

2065 5725 2327 5802 παρέθετο
2359 5724 2440 5788 εἰς
2469 5731 2662 5804 χεῖρας
2693 5732 2850 5787 Θεοῦ.
