4104 6196
356 395 475 455 477
1914 404 1998 463 ΜΔ

2116 406 2182 466 S.
3638 420 3758 483 L78

890 530 1075 587 MHNI
1111 532 1204 610 ’Ῑᾮ
1243 535 1447 611 ΔΥΤῼ.

2670 542 2909 599 EODEM
2951 545 3201 603 MENSE.

1141 630 1233 686 KZ'
2579 632 2684 687 Die
2712 634 2992 690 vicesima
3019 638 3291 707 septima.

427 724 700 795 ’Δθλησις
756 730 865 781 τῶν
928 726 1458 819 ἁγίωνῃμαρτῦρων
1522 728 1805 807 Θεοδώρας
1846 732 1936 787 καὶ

2114 718 2266 774 115
2311 718 2600 777 Certamen
2651 730 2967 819 sanctorujm
3020 733 3329 810 martyrum
3379 731 3671 789 Theodore:
3704 740 3756 790 et

1051 809 1311 873 Διδύμου.

432 888 494 943 Ἰ]
528 886 654 962 ἁγία
684 885 940 963 Θεοδώρα
973 889 1191 964 ὑπῆρχε
1246 891 1382 946 κατὰ
1428 890 1556 953 τοὺς
1587 891 1820 966 χρόνους
1882 902 2008 947 Διο-

357 974 683 1047 κλητιανοῦ·
736 984 1115 1053 προσαχθεῖσα
1173 977 1230 1035 δὲ
1285 985 1366 1052 τῷ
1415 988 1517 1051 τῆς

358 1066 621 1139 ἡγεμόνι,
653 1065 743 1120 καὶ
772 1066 866 1121 τὸν
900 1068 1130 1137 Χριστὸν
1181 1068 1597 1142 ὁμολογήσασα,
1658 1069 1710 1125 ἐν
1767 1073 2008 1146 πορνείῳ

358 1152 601 1225 ἐξεδόθη,
633 1155 722 1209 καὶ
747 1155 1011 1228 εὐξαμένη
1046 1154 1413 1235 διεφυλάχθη.
1474 1158 1713 1234 Δίδυμος
1767 1163 1866 1237 γάρ
1922 1183 2007 1225 τις

356 1244 714 1319 Χριστιανὸς,
747 1245 927 1309 θεόθεν
960 1246 1308 1320 κινούμενος,
1360 1248 1411 1303 ἐν
1467 1255 1842 1321 στρατιωτικῷ
1872 1253 2010 1325 σχή-

360 1355 494 1407 ματι
524 1334 743 1403 εἰσῆλθε
772 1335 908 1409 πρὸς
940 1334 1133 1407 αὐδήν.
1167 1338 1229 1392 ’Π
1287 1335 1345 1393 δὲ
1398 1334 1717 1416 φοϐηθεῖσα,
1763 1347 1863 1410 τῆς
1923 1342 2004 1396 οἱ·

356 1423 479 1485 κίας
507 1429 627 1486 ταῖς
659 1424 887 1500 γωνίαις
942 1427 1226 1503 κατέφυγε.
1281 1427 1508 1505 Θαρῥεῖν
1568 1427 1625 1484 δὲ
1675 1427 1811 1495 αὒτῆ
1841 1450 2009 1505 παρα⁴

353 1513 778 1587 κελευσάμενος,
839 1515 912 1576 ὡς
964 1513 1134 1588 μηδὲν
1190 1520 1513 1591 πεισομένη,
1575 1517 1649 1574 ὥν
1694 1520 2007 1591 ὑποπτεύει,

352 1605 456 1671 τήν
493 1603 590 1676 μὲν
645 1606 1037 1677 στρατιωτικὴν
1098 1607 1305 1676 στολὴν
1365 1606 1500 1677 αὐτῆ
1555 1608 1866 1682 περιέθηκε,
1915 1609 2006 1664 καὶ

354 1691 591 1763 ἐξελθεῖν
630 1697 728 1748 τοῦ
760 1691 1015 1767 δώματος
1072 1694 1369 1751 ἐκέλευσεν·
1429 1696 1589 1760 αότὸς
1630 1695 1688 1753 δὲ
1751 1700 1850 1767 τὴν
1908 1721 2010 1774 γυ-

356 1784 598 1838 ναικείαν
630 1783 798 1852 αὐτῆς
844 1783 1047 1853 στολήν
1107 1783 1489 1860 ἐνδυσάμενος,
1544 1787 1633 1843 καί
1708 1786 2008 1866 κεφαλοδε-

1598 980 2009 1058 Ἀλεξανδρείας
2045 1014 2061 1025 ο

2810 796 3049 865 Didymi.

2185 887 2399 943 Sancta
2426 889 2731 946 Theodora
2760 891 2975 948 claruit
2999 897 3364 967 temporibus
3383 898 3755 959 Diocletiani.

2113 976 2255 1030 Cum
2287 983 2484 1031 autem
2544 979 2616 1034 ad
2672 981 3013 1051 praafectum
3073 985 3442 1042 Alexandria;
3475 990 3752 1060 adducta,

2113 1065 2410 1121 Christum
2469 1072 2871 1138 proliteretur,
2924 1072 2984 1127 in
3036 1074 3286 1145 lupanar
3336 1079 3605 1150 conjecta
3645 1088 3755 1138 est.

2115 1155 2328 1210 Verum
2359 1156 2506 1211 fusis
2536 1157 2608 1212 ad
2643 1159 2825 1213 Deum
2876 1161 3170 1231 precibus,
3226 1166 3634 1238 incorruptam
3694 1186 3756 1225 se

2113 1245 2379 1300 servavit.
2414 1247 2556 1300 Nam
2590 1247 2955 1304 Christianus
3006 1251 3269 1321 quidam,
3303 1256 3545 1311 nomine
3579 1258 3758 1329 Didy-

2113 1352 2267 1403 mus,
2303 1336 2419 1390 Deo
2443 1336 2794 1408 inspirante,
2827 1339 3033 1394 habitu
3093 1342 3334 1397 militari
3387 1344 3648 1414 indutus,
3684 1349 3757 1403 ad

2113 1442 2244 1481 eam
2275 1426 2541 1480 accessit.
2577 1425 2683 1480 Illa
2699 1443 2834 1482 vero
2868 1428 3079 1483 timore
3127 1432 3419 1501 perculsa,
3455 1434 3515 1488 in
3575 1453 3763 1509 angu-

2112 1515 2235 1570 lum
2260 1514 2469 1570 domus
2510 1515 2785 1587 profugit.
2845 1524 2919 1571 At
2969 1519 3310 1575 Theodorus
3360 1521 3515 1578 bono
3558 1526 3756 1580 animo

2114 1603 2279 1658 illam
2311 1620 2440 1658 esse
2463 1603 2708 1675 jubens,
2737 1622 2846 1661 nec
2878 1608 3201 1678 quidquam
3233 1609 3375 1665 mali
3444 1613 3757 1684 suspicari,

2112 1692 2357 1747 militari
2388 1693 2541 1748 stola
2571 1694 2839 1750 indutam
2872 1713 2902 1751 e
2934 1696 3110 1751 domo
3145 1698 3303 1754 exire
3338 1701 3602 1769 mandat,
3633 1701 3757 1773 ipse

2112 1798 2247 1837 vero
2278 1781 2557 1837 muliebri
2589 1784 2795 1839 habitu
2820 1786 3159 1853 amictus,et
3181 1794 3358 1859 caput
3386 1790 3516 1845 velo
3532 1796 3757 1863 tegens,

360 1872 515 1945 σμίῳ
541 1873 643 1941 τὴν
675 1872 918 1960 κεφαλὴν
972 1872 1265 1946 ἂναδήσας,
1320 1876 1430 1932 ἀντ’
1484 1875 1652 1947 αὐτῆς
1709 1878 1998 1948 ἐκαθέζετο.

2115 1871 2245 1927 loco
2277 1871 2440 1927 illius
2468 1874 2708 1929 mansit.
2743 1875 2886 1929 Cum
2945 1880 3143 1930 autem
3197 1877 3466 1948 impurus
3517 1880 3757 1951 quidam

361 1960 724 2025 Εἰσελθόντος
785 1959 841 2017 δέ
896 1984 1044 2025 τινος
1090 1962 1418 2037 ἀκολάστου,
1476 1966 1565 2021 καὶ
1623 1966 1674 2022 ἐν
1721 1968 1998 2042 γυναικείῳ

2115 1962 2419 2035 ingressus
2453 1968 2631 2028 esset,
2665 1968 2723 2019 et
2761 1964 2868 2019 sub
2898 1965 3175 2020 muliebri
3210 1968 3405 2037 specie
3437 1968 3627 2023 virum
3663 1969 3759 2023 de-

359 2052 615 2125 σχήματι
645 2051 737 2105 τὸν
794 2048 963 2127 ἄνδρα
1018 2055 1484 2124 κατανοήσαντος,
1541 2054 1630 2110 καὶ
1683 2057 1857 2112 πάντα
1894 2079 1998 2135 φα-

2112 2049 2681 2123 prehendisset,rem
2706 2058 2889 2108 totam
2920 2054 3197 2125 praefecto
3230 2056 3544 2111 enarravit.
3565 2058 3755 2121 Quare

357 2140 489 2213 νερά
544 2143 624 2210 τῷ
683 2140 916 2214 ἡγεμόνι
975 2144 1435 2213 καταστήσαντος,
1492 2143 1680 2200 αὐτίκα
1724 2146 2003 2209 συσχεθεὶς

353 2230 384 2283 ὁ
418 2229 593 2302 ἅγιος,
627 2228 841 2302 ἐτμήθη
873 2232 974 2300 τὴν
1006 2231 1269 2308 κεφαλήν.
1305 2234 1454 2289 Μετὰ
1482 2238 1643 2291 τοῦτο
1684 2232 1741 2290 δὲ
1797 2255 2003 2310 κρατη-

352 2319 505 2373 θεῖσα
535 2320 623 2373 καὶ
657 2321 692 2388 ἡ
747 2320 874 2394 ἁγία
931 2319 1207 2396 Θεοδώρα,
1265 2324 1356 2378 καὶ
1411 2323 1547 2403 ξίφει
1598 2326 1700 2394 τήν
1755 2323 2001 2404 κεφαλὴν

351 2406 710 2480 ἐκτμηθεῖσα,
742 2408 934 2488 ἐρρίφη
968 2408 1021 2464 ἐν
1069 2414 1146 2481 τῷ
1176 2411 1326 2487 πυρί.

910 2517 1092 2574 MHNI
1133 2520 1225 2575 ΤΩ
1263 2520 1466 2578 ΑΥΤΩ.

1148 2638 1255 2693 ΚΙΓ

532 2731 802 2803 Ἀθλησις
831 2740 931 2803 τῆς
963 2734 1118 2809 ἁγίας
1151 2736 1425 2812 μάρτυρος
1454 2737 1819 2803 Ἐλικόνιδος.

423 2828 726 2900 Ἐλικονὶς,
785 2833 819 2901 ἡ
876 2837 971 2887 τοῦ
1022 2835 1257 2909 Χριστοῦ
1319 2838 1544 2910 μάρτυς,
1606 2838 1851 2915 ὑπῆρχεν
1913 2841 2001 2896 ἐπὶ

350 2918 657 2995 Γορδιανοῦ
711 2921 800 2976 καὶ
860 2922 1145 2979 Φιλίππου
1196 2930 1302 2980 τῶν
1357 2928 1649 3002 βασιλέων,
1680 2929 1741 2985 ἐκ
1786 2931 2001 2994 πόλεως

350 3010 778 3081 Θεσσαλονίκης.
830 3015 1173 3085 Κρατηθεῖσα
1231 3012 1308 3085 δὲ,
1362 3018 1453 3072 καὶ
1505 3019 1641 3089 πρὸς
1692 3021 1785 3075 τὸν
1836 3018 2001 3076 δοῦκα

350 3100 626 3173 Κορίνθου
674 3100 924 3174 ἀχθεῖσα,
985 3103 1075 3158 καῖ
1131 3105 1221 3159 τὸν
1297 3108 1528 3181 Χριστὸν
1587 3109 1998 3185 ὁμολογήσασα,

346 3193 569 3261 πρῶτον
611 3190 706 3262 μὲν
767 3188 1043 3265 δεσμεῖται
1101 3193 1230 3257 τοὺς
1283 3193 1455 3259 πόδας
1512 3197 1565 3252 ἐν
1625 3203 1773 3274 ζυγῷ
1831 3200 1996 3275 βοῶν,

347 3279 440 3333 καὶ
470 3280 566 3341 τὰς
596 3280 824 3355 πτὲρνας
857 3282 1207 3356 χαράσσεται,
1265 3285 1352 3339 καὶ
1413 3286 1630 3361 ξυρᾶται
1677 3289 1777 3356 τήν
1830 3310 1994 3363 κεφα-
2025 3261 2069 3328 C

349 3365 481 3436 λήν,
512 3368 604 3422 καὶ
631 3372 735 3441 πῦρ
767 3370 885 3424 καθ’
915 3368 1051 3426 ὅλου
1109 3372 1365 3445 σώματος
1423 3371 1662 3450 δέχεται.
1724 3378 1998 3435 Ἀνεθεῖσα

348 3454 433 3526 δὲ,
466 3459 555 3511 καῖ
590 3455 643 3511 ἐν
676 3456 754 3530 τῷ
781 3463 895 3531 ναῷ
922 3464 1029 3515 τῶν
1090 3459 1338 3518 εἰδώλων
1393 3463 1729 3536 εἷσελθοῦσα,
1788 3464 1859 3522 δι’
1907 3469 1997 3523 εὖ·

347 3547 462 3615 Χῆς
495 3548 848 3621 κατέστρεψεν
880 3548 1033 3608 αὐτά,
1066 3554 1204 3608 Εἶτα
1256 3553 1509 3626 τέμνεται
1563 3556 1691 3620 τοὺς
1734 3557 1993 3630 μαστούς.

348 3636 457 3694 Καὶ
535 3633 921 3710 διαδεξαμένου
971 3639 1064 3695 τὸν
1124 3638 1290 3697 δοῦκα
1347 3644 1641 3700 Ἰουστίνου
1714 3650 1811 3702 τοῦ
1867 3646 1997 3712 ἀνθ-

349 3725 582 3795 υπάτου,
616 3727 844 3801 ἀχθεῖσα
888 3728 1025 3803 πρὸς
1083 3731 1245 3786 αὐτὸν
1300 3734 1335 3801 ἡ
1390 3733 1616 3808 μάρτυς,
1675 3734 1726 3790 ἒν
1782 3736 1997 3809 καμίνῳ

348 3813 623 3892 ρίπτεται.
657 3817 771 3885 Τῆς
805 3814 864 3871 δὲ
894 3817 1105 3893 φλογὸς
1167 3820 1245 3892 μὴ
1301 3819 1585 3895 ἁψαμένης
1644 3823 1834 3894 αὐτῆς,
1870 3824 1994 3882 ἀλλ’

348 3901 417 3958 ἔκ
444 3906 551 3958 τῶν
606 3910 948 3980 στρατιωτῶν
996 3902 1377 3981 ἱϐδομήκοντα
1426 3908 1620 3986 ἄνδρας
1673 3912 1995 3989 λυμηναμὲ-

346 4014 477 4063 νης,
510 3991 562 4047 ἐν
593 3989 885 4069 κραϐϐάτῳ
916 3995 1115 4071 χαλκῷ
1144 3998 1445 4072 πυρωθὲντι
1504 4000 1793 4059 ἀπλοῦται.
1840 4005 1997 4060 Ἐπι-

346 4077 603 4157 φανέντες
664 4080 721 4138 δὲ
780 4086 832 4138 οἱ
892 4084 1230 4161 ἀρχάγγελοι
1287 4089 1520 4164 Μιχαὴλ
1578 4091 1669 4146 καὶ
1726 4086 1996 4166 Γαϐριὴλ,

342 4166 569 4241 ἀϐλαϐῆ
626 4170 953 4249 διετήρησαν
1013 4176 1207 4247 αὐτήν.
1267 4179 1401 4235 Εἶτα
1454 4179 1667 4254 θηρίοις
1699 4178 1992 4237 ἐκδίδοταιο

347 4261 405 4316 οἱ
439 4258 498 4315 δὲ
529 4264 691 4337 θῆρες
747 4263 913 4332 αὐτὴν
969 4262 1068 4320 οὐκ
1122 4260 1387 4340 ἔϐλαψαν,
1443 4267 1658 4324 ἀνεῖλον
1710 4267 1769 4325 δὲ
1798 4269 1995 4347 ἄνδρας

340 4350 533 4405 ἑκατὸν
568 4350 757 4405 εἴκοσι’
785 4352 875 4407 καὶ
905 4353 1029 4408 τότε
1058 4355 1157 4425 τήν
1224 4352 1316 4411 διὰ
1371 4356 1555 4435 ξίφους
1607 4358 1876 4433 ἀπόφασιν
1910 4358 1995 4417 δε-

342 4440 555 4513 ξαμένη
567 4486 580 4509 ,
610 4441 1039 4517 ἇπεκεφαλίσθη.

421 4593 529 4650 Καὶ
562 4593 791 4664 ἄθλησις
821 4599 918 4651 τοῦ
976 4597 1135 4671 ἁγίου
1189 4597 1581 4676 ίερομάρτυρος
1609 4600 1921 4659 Ἐλλαδίον.

419 4717 735 4791 Ἑλλάδιος,
793 4721 822 4775 ὁ
875 4725 974 4776 τοῦ
1032 4725 1268 4797 Χριστοῦ
1317 4725 1662 4801 ἱερομάρτυς,
1697 4726 1992 4804 ἐκκαθάρας

343 4810 536 4866 ἱαυτὸν
590 4810 697 4865 ἀπὸ
752 4810 1031 4881 νεότητος,
1088 4812 1375 4888 ἀρχιερεὺς
1458 4818 1627 4890 ψήφῳ
1682 4822 1816 4871 Θεοῦ
1863 4829 1994 4882 καθ·-

346 4900 575 4955 ίσταται.
611 4899 713 4956 Καὶ
744 4900 844 4969 τήν
864 4899 1125 4977 φροντίδα
1153 4904 1253 4970 τῆς
1280 4903 1611 4975 Ἐκκλησίας
1668 4908 1993 4980 πιστευθεὶς,

349 4989 425 5051 ὡς
477 4984 819 5063 κυϐερνήτης
867 4988 1109 5063 ἄριστος,
1166 4991 1368 5062 ταύτην
1425 4993 1712 5067 ἑποίμανε*
1762 4996 1851 5050 καὶ
1909 4994 1998 5052 διὰ

338 5079 407 5134 τὸ
466 5076 716 5139 πολλοὺς
771 5082 878 5132 τῶν
928 5077 1217 5149 Ἑλλήνων
1269 5083 1557 5158 προσάγειν
1612 5088 1689 5156 τῷ
1754 5086 1993 5160 Χριστῷ,

338 5167 637 5243 κρατηθεὶς
669 5166 1021 5239 ἀπεκλείσθη.
1083 5171 1191 5225 Καὶ
1248 5169 1365 5225 ἐπεὶ
1423 5169 1645 5245 δέσμιον
1697 5177 1889 5229 τοῦτον
1940 5176 1993 5229 οἱ

334 5258 588 5335 τύραννοι
646 5259 1075 5332 παρεστήσαντο,
1132 5260 1256 5317 τότε
1317 5260 1530 5334 μᾶλλον
1614 5259 1828 5337 ἔλαμψε
1901 5264 1992 5319 καὶ

336 5348 644 5423 κατηύγασε
671 5347 765 5408 τὰς
791 5351 900 5401 τῶν
932 5352 1141 5404 πιστῶν
1201 5348 1464 5413 διανοίας.
1529 5349 1830 5427 Ἀνδρείως
1888 5353 1992 5429 γὰρ

340 5439 609 5511 χωρήσας
642 5434 732 5490 ἐπὶ
759 5434 889 5500 τοὺς
917 5436 1153 5511 ἀγῶνας,
1184 5441 1273 5495 καὶ
1316 5439 1833 5516 παρρησιασάμενος
1889 5443 1990 5510 τήν

339 5520 638 5593 εὐσέϐειαν,
699 5524 787 5578 καὶ
862 5530 1110 5603 φανερῶς
1166 5530 1262 5584 τὸν
1320 5530 1546 5604 Χριστὸν
1612 5529 1991 5605 ὁμολογήσας,

339 5613 624 5678 πλείσταις
658 5614 910 5690 βασάνοις
945 5612 1362 5690 καθυπεϐλήθη.
1424 5618 1526 5676 Καὶ
1582 5622 1679 5674 τοῦ
1738 5622 1992 5693 σώματος

340 5702 598 5784 σφοδρῶς
680 5705 1094 5778 ωταξανθέντος
1150 5713 1273 5771 ταῖς
1336 5707 1606 5783 μάστιξιν,
1667 5709 1697 5763 ὁ
1753 5710 1992 5785 Χριστὸς

2030 4630 2076 4694 i)

2112 2140 2311 2195 statim
2343 2142 2810 2213 comprehensus
2860 2148 3119 2211 sanctus,
3150 2145 3340 2215 capite
3364 2144 3573 2216 plexus
3620 2145 3751 2200 fuit.

2110 2229 2378 2285 Posthaac
2407 2236 2581 2302 capta
2620 2236 2709 2286 est
2757 2236 2815 2286 et
2862 2237 3068 2287 sancta
3110 2233 3416 2288 Theodora
3449 2255 3463 2300 ;
3497 2250 3752 2304 cumque

2109 2317 2222 2390 ipsi
2280 2325 2457 2391 caput
2503 2320 2697 2392 gladio
2748 2327 3120 2393 amputatum
3153 2329 3330 2393 esset,
3390 2324 3452 2378 in
3484 2323 3754 2379 ﬂammas

2109 2408 2357 2466 cadaver
2377 2410 2664 2483 injectum
2693 2412 2825 2467 fuit.

2661 2521 2901 2575 EODEM
2943 2522 3087 2577 ΜΕΝ
3094 2522 3194 2577 SE.

2610 2638 2711 2693 Die
2744 2639 3024 2695 vicesima
3054 2644 3257 2695 octava

2313 2725 2600 2782 Certamen
2656 2734 2856 2783 sanctae
2895 2731 3157 2798 martyris
3216 2728 3556 2784 Heliconidis

2179 2853 2498 2915 Heliconis.
2532 2854 2745 2909 Christi
2780 2861 3023 2927 martyr,
3072 2855 3364 2912 Gordiano
3392 2862 3450 2913 et
3478 2856 3752 2928 Philippo

2108 2944 2675 3015 imperatoribus,ex
2707 2944 2852 2999 urbe
2874 2946 3310 3001 Thessalonicm
3343 2946 3596 3001 oriunda
3616 2946 3749 3001 fuit.

2106 3034 2546 3105 Comprehensa
2563 3039 2850 3101 autem,et
2866 3034 2939 3089 ad
2964 3036 3227 3090 Corinthi
3250 3036 3461 3091 ducem
3476 3036 3753 3101 adducta,

2105 3138 2173 3178 ac
2204 3122 2502 3177 Christum
2535 3123 2819 3194 professa,
2852 3125 3110 3195 primum
3134 3125 3375 3195 quidem
3409 3125 3555 3195 pede
3588 3130 3749 3178 utro-

2108 3228 2222 3282 que
2255 3210 2328 3266 ad
2364 3211 2576 3283 jugum
2624 3211 2803 3266 boum
2835 3213 3075 3283 alligata
3108 3218 3215 3281 est,
3245 3214 3494 3283 ejusque
3528 3212 3744 3282 planta)

2106 3301 2412 3356 lacerataa:
2449 3300 2662 3355 deinde
2694 3302 3333 3373 caputattonsa,ignem
3366 3307 3486 3356 toto
3509 3316 3756 3371 corpore

2106 3389 2473 3460 excepit.Sed
2492 3389 2809 3444 incolumis
2835 3395 3084 3458 servata,
3106 3390 3431 3460 fanumque
3456 3388 3754 3443 idolorum

2104 3480 2390 3551 ingressa,
2424 3479 2569 3533 fusis
2594 3479 2867 3550 precibus
2891 3480 3209 3535 simulacra
3239 3480 3487 3535 deorum
3525 3478 3750 3535 evertit.

2104 3569 2373 3623 Postheec
2392 3567 2577 3623 ubera
2600 3567 2684 3622 illi
2700 3568 2982 3624 abscissa.
3001 3570 3264 3641 Cumque
3298 3569 3359 3624 in
3373 3569 3539 3624 ducis
3555 3568 3751 3624 locum

2102 3658 2368 3717 Justinus
2398 3658 2718 3729 proconsul
2771 3660 3174 3725 successisset,
3208 3660 3281 3715 ad
3322 3658 3493 3715 illum
3549 3662 3754 3714 sancta

2105 3753 2331 3819 martyr
2341 3748 2646 3819 perducta,
2665 3748 2728 3803 in
2750 3748 3059 3804 ardentem
3079 3749 3381 3805 fornacem
3413 3747 3750 3820 conjicitur.

2105 3840 2196 3893 ΙΙ
2211 3838 2260 3893 0
2276 3839 2490 3892 Verum
2512 3836 2770 3893 ﬂammis
2801 3838 2967 3893 illam
2999 3855 3120 3894 non
3152 3836 3753 3911 attingentibus,quin

2106 3929 2304 4001 potius
2336 3927 2710 4001 septuaginta
2739 3928 2894 3984 viros
2947 3945 3017 3984 ex
3045 3928 3337 3985 militibus
3391 3925 3756 3984 absumenti-

2105 4020 2238 4086 bus,
2257 4016 2551 4073 inlectum
2584 4034 2815 4073 aeneum
2844 4018 3128 4090 subjectis
3160 4019 3368 4090 prunis
3398 4018 3753 4074 candentem

2107 4107 2843 4177 extenditur.Apparentes
2874 4124 3009 4162 vero
3033 4109 3277 4163 Michael
3312 4114 3369 4164 et
3400 4107 3631 4163 Gabriel
3664 4123 3752 4161 ar-

2107 4197 2396 4271 changeli,
2448 4197 2698 4252 illaasam
2756 4197 2923 4252 illam
2982 4203 3307 4252 servarunt.
3399 4200 3543 4252 Tum
3604 4196 3746 4251 feris

2107 4290 2200 4360 obj
2212 4284 2604 4353 ecta,nullam
2626 4285 2699 4340 ab
2730 4286 2803 4340 iis
2833 4302 3048 4341 noxam
3080 4303 3254 4358 passa
3276 4286 3492 4353 est,sed
3511 4289 3747 4340 centem

2106 4374 2309 4448 viginti
2333 4373 2440 4428 viri
2473 4388 2679 4427 earum
2708 4371 2985 4428 dentibus
3014 4374 3340 4443 perierunt.
3374 4376 3629 4441 Accepta
3643 4370 3751 4424 de-

2108 4482 2272 4522 mum
2304 4464 2436 4518 vitm
2467 4478 2573 4534 per
2599 4462 2863 4533 gladium
2896 4463 3174 4518 ﬁnienda:
3207 4462 3524 4526 sententia,
3559 4459 3754 4531 capite

2108 4556 2282 4629 plexa
2303 4559 2413 4609 est.

2246 4646 2317 4699 Et
2350 4648 2622 4698 certamen
2650 4642 2982 4697 sacrosancti
3032 4639 3286 4696 Helladii
3336 4642 3616 4711 martyris.

2177 4724 2503 4799 Helladius;
2528 4747 2694 4787 sacer
2722 4730 2937 4785 Christi
2963 4735 3207 4802 martyr,
3239 4747 3375 4786 cum
3398 4729 3470 4785 ab
3507 4730 3752 4785 ineunte

2104 4827 2274 4877 aetate
2293 4820 2556 4891 seipsum
2581 4818 2653 4874 ab
2668 4819 2829 4872 omni
2846 4818 3079 4873 macula
3098 4835 3308 4890 purum
3319 4818 3751 4888 custodiissset,

2106 4909 2383 4981 suffragio
2402 4908 2503 4963 Dei
2524 4908 2838 4979 episcopus
2870 4908 3290 4963 constituitur:
3326 4907 3749 4979 quiconcredi-

2106 5005 2226 5055 tam
2259 4998 2369 5052 sibi
2402 4996 2679 5051 Ecclesiae
2707 5013 2907 5051 curam
2940 5013 3172 5069 gerens,
3194 5001 3474 5068 tanquam
3490 4997 3749 5068 optimus

2106 5092 2326 5161 pastor,
2360 5102 2594 5158 gregem
2628 5102 2799 5140 suum
2834 5087 3001 5140 rexit.
3036 5086 3201 5152 Quod
3232 5093 3428 5142 autem
3462 5086 3750 5158 plurimos

2105 5177 2477 5234 ethnicorum
2492 5175 2564 5230 ad
2579 5176 2877 5229 Christum
2892 5174 3388 5245 adduxisset,com
3399 5177 3750 5247 prehensus,

2104 5272 2165 5326 in
2196 5284 2497 5325 carcerem
2531 5265 2888 5324 detruditur.
2923 5269 3066 5322 Cum
3115 5285 3249 5323 vero
3308 5268 3479 5323 illum
3514 5268 3746 5339 tyranni

2104 5360 2367 5414 vinctum
2400 5357 2701 5421 sisterent,
2736 5362 2860 5411 tum
2892 5357 3075 5413 virtus
3107 5359 3239 5429 ejus
3296 5358 3482 5430 magis
3540 5357 3746 5423 eluxit,

2104 5448 2492 5517 ﬁdeliumque
2506 5446 2738 5501 animos
2761 5446 2978 5501 clarius
3009 5446 3497 5502 illustravit.Nam
3520 5445 3751 5500 fortiter

2104 5537 2165 5591 in
2196 5535 2523 5591 certamina
2554 5551 2969 5606 prorumpens,
3005 5535 3188 5589 libere
3232 5542 3290 5589 et
3346 5552 3480 5589 cum
3515 5548 3749 5588 summa

2104 5625 2323 5681 ﬁducia
2351 5623 2650 5679 Christum
2703 5624 3005 5695 professus
3062 5630 3168 5678 est.
3230 5624 3418 5689 Quare
3474 5621 3748 5695 plurimis

2102 5714 2407 5787 subjectus
2428 5713 2888 5780 tormentis,toto
2907 5729 3152 5783 corpore
3176 5712 3427 5783 ﬂagellis
3451 5712 3577 5768 dire
3600 5711 3748 5765 lace-
