4086 6204
359 379 477 440 479

1680 365 2109 430 MENOLOGII
2155 364 2355 426 PARS
2397 364 2504 425 Ill.

3652 366 3770 428 480

361 519 565 580 ratur;
600 513 702 567 sed
752 527 888 566 eum
939 507 1206 563 Christus
1236 521 1530 576 apparens
1579 504 1824 561 curavit.
1861 503 2007 558 Tum

2129 497 2401 574 Ιιεινιιφαινεὶς
2461 496 2647 552 ἰάσατο
2703 495 2888 552 αὐτόν.
2948 496 3098 554 Μετὰ
3175 499 3343 552 ταῦτα
3397 496 3565 574 ὀργῆς
3620 497 3770 571 πλη-

361 603 596 676 tyranni
629 602 717 656 ira
745 598 977 669 repleti.
1003 600 1276 649 sanctum
1315 594 1376 649 in
1407 596 1605 666 ignem
1639 593 2008 664 conjiciunt:

365 696 429 750 In
461 710 575 764 quo
608 690 831 744 illzesus
859 684 1206 756 persistens,
1231 684 1447 737 multos
1478 683 1550 738 ad
1583 683 1804 736 Christi
1835 681 2012 736 fidem

363 778 666 855 pertraxit.
731 777 1033 828 Postremo
1087 771 1428 843 gravissime
1478 789 1689 834 cassus.
1736 771 2013 843 spiritum

362 873 480 926 Deo
513 863 775 930 tradidit,
808 860 1146 915 immortale
1172 876 1419 932 regnum
1453 861 1721 932 adeptus.

364 1076 432 1130 Et
460 1078 733 1128 certamen
779 1075 1096 1195 sanctorunDz
1137 1075 1439 1194 mam/gum
1476 1069 1794 1135 Crescentis,
1849 1066 2016 1122 Pauli

961 1148 1016 1195 et
1102 1143 1294 1195 ioscorz
1341 1157 1405 1194 is.

961 1148 1016 1196 et
1055 1143 1405 1196 Dioscoridis.

434 1261 716 1330 Martyres
749 1255 963 1311 Christi
997 1255 1303 1322 Crescens,
1336 1253 1555 1310 Paulus
1604 1259 1663 1310 et
1709 1253 2013 1310 Dioscori-

364 1351 468 1406 des
500 1349 563 1403 in
597 1346 742 1401 urbe
774 1347 959 1400 Roma
989 1349 1448 1401 commorantes.
1508 1359 1576 1398 ac
1608 1359 1715 1398 sua
1745 1343 2016 1398 doctrina

365 1439 586 1496 multos
620 1453 689 1491 ex
719 1433 1064 1490 infidelibus
1095 1432 1168 1488 ad
1207 1432 1502 1487 Christum
1536 1432 1922 1500 adducentes,
1960 1437 2019 1487 et

366 1546 475 1602 per
506 1525 770 1597 singulos
801 1522 1376 1590 diesilluminantes,
1408 1521 1574 1576 urbis
1603 1521 1881 1594 praafecto
1912 1523 2018 1578 de—

369 1615 650 1684 nuntiati,
680 1614 928 1686 ejusque
951 1613 1128 1684 jussu
1158 1611 1596 1683 comprehensi,
1620 1612 1682 1667 in
1717 1627 2015 1667 carcerem

369 1706 594 1765 detrusi
629 1707 786 1770 sunt,
822 1701 1168 1757 mandatum
1196 1701 1578 1772 accipientes,
1610 1716 1686 1756 ne
1743 1717 1921 1772 quem
1955 1701 2016 1758 in

368 1795 586 1852 Christi
617 1792 862 1848 nomine
893 1791 1230 1846 edocerent.
1267 1792 1482 1844 Verum
1539 1806 1674 1845 cum
1724 1807 1921 1861 neque
1953 1792 2016 1846 in

2123 591 2334 651 σθέντες
2376 591 2428 644 οἱ
2483 588 2756 658 τύραννοι,
2809 592 2887 660 τῷ
2937 588 3067 660 πυρῖ
3124 586 3216 643 τὸν
3267 589 3420 663 ἅγιον
3480 587 3766 669 ἐναπορῤί-

2123 700 2369 734 πτουσιν.
2425 679 2487 736 Ὀ
2547 675 2604 734 δὲ
2663 674 2930 751 ἅφλεκτος
2985 675 3283 749 διαμείναι,
3345 679 3481 753 πρὸς
3541 680 3638 748 τήν
3697 681 3776 746 είς

2122 767 2358 842 Χριστὸν
2395 766 2573 822 πίστιν
2625 765 2874 828 πολλοὺς
2933 765 3294 825 ἐπεσπάσατο.
3351 771 3580 823 Ἔπειτα
3635 791 3769 848 σφο-

2125 855 2269 932 δρῶς
2300 858 2539 936 τυφθεὶς,
2573 859 2636 912 τὸ
2665 861 2882 932 πνεῦμα
2910 861 2989 930 τῷ
3021 863 3140 930 Θεῷ
3177 857 3443 934 παρέθετο
3477 856 3775 917 ἀπολαϐὼν

2073 995 2080 1000 .
2129 948 2407 1025 βασιλείαν
2448 948 2682 1013 ἀθάνατο
2695 972 2736 1006 ο.

2233 1055 2330 1112 Καὶ
2364 1055 2592 1127 ἄθλησις
2621 1060 2730 1133 τῶν
2779 1054 2948 1133 ἆγίιον
2986 1055 3276 1133 μαρτύριον
3318 1057 3662 1133 Κρίσκεντος,

2553 1127 2773 1184 Παύλου
2827 1126 2920 1183 καὶ
2969 1126 3343 1205 Διοσκορίδου.

2195 1235 2262 1292 Οἱ
2291 1238 2393 1288 τοῦ
2453 1233 2712 1311 Χριστοῦ
2749 1235 3018 1309 μάρτυρες
3068 1234 3334 1310 Κρίσκης,
3387 1234 3623 1304 Παῦλος,
3679 1238 3774 1293 καὶ

2125 1309 2569 1398 Διοσκορίδηςέν
2601 1321 2792 1396 Ῥώμῃ
2826 1325 2894 1396 τῇ
2940 1309 3128 1378 πόλει
3161 1318 3550 1396 διατρίϐοντες,
3580 1325 3669 1379 καὶ
3699 1328 3773 1398 τῇ
3833 1309 3838 1316 Ι

2127 1410 2449 1484 διδασκαλίᾳ
2481 1411 2655 1467 αὐτῶν
2680 1409 2928 1474 πολλοὺς
2986 1416 3093 1467 τῶν
3154 1412 3396 1468 ἀπίστων
3448 1419 3528 1486 τῷ
3557 1415 3778 1488 Χριστῷ

2125 1502 2562 1578 προσαγαγόντες
2600 1501 2690 1556 καὶ
2721 1503 3052 1578 φιυτίζοντες
3109 1503 3230 1566 καθ’
3262 1503 3490 1574 ἑκάστην
3537 1505 3776 1576 ἡμέραν,

2127 1589 2530 1666 διεγνώσθησαν
2558 1595 2637 1663 τῷ
2692 1593 2791 1658 τῆς
2846 1591 3070 1664 Ῥώμης
3127 1589 3374 1667 ἐπάρχῳθ
3433 1592 3523 1646 καὶ
3575 1613 3776 1667 κρατηο

2126 1681 2301 1742 θέντες
2354 1679 2784 1750 ἀπεκλείσθησαν
2819 1679 2895 1743 είς
2949 1676 3226 1752 φυλακην,
3282 1677 3651 1755 παραγγελίαν
3683 1679 3782 1735 λα-

2126 1765 2330 1839 ϐόντες,
2368 1767 2572 1842 μηδένα
2605 1765 2871 1822 διδάσκειν
2902 1766 2988 1822 ἐπὶ
3018 1772 3098 1838 τῷ
3126 1766 3354 1840 ὀνόματι
3383 1771 3480 1822 τοῦ
3511 1771 3774 1842 Χριστοῦ,

369 1900 605 1942 carcere
628 1881 856 1953 eos,qui
892 1880 1071 1934 simul
1109 1880 1290 1935 vincti
1317 1883 1506 1947 erant,
1528 1879 1775 1935 edocere
1807 1896 2012 1936 cessa-

2129 1869 2192 1924 Ως
2225 1859 2283 1916 δὲ
2312 1857 2439 1916 οὐδὲ
2470 1859 2520 1916 έν
2579 1863 2648 1933 τῇ
2708 1859 2925 1936 φυλακῇ
2995 1859 3295 1914 ἐπαύσαντο
3328 1864 3423 1914 τοῦ
3472 1858 3720 1916 διδάσκει
3741 1885 3770 1917 ν

370 1977 522 2042 rent,
541 1990 611 2028 ex
634 1970 849 2044 quibus
869 1969 1042 2025 multi
1057 1969 1462 2036 crediderunt,
1497 1985 1528 2024 e
1547 1985 1780 2025 carcere
1796 1969 2015 2040 educti,

365 2063 688 2120 crudeliter
700 2061 834 2115 cassi
848 2059 1430 2130 fuerunt,postquam
1453 2058 1744 2130 compulsi
1762 2058 2020 2115 fuissent

365 2153 558 2226 primo
626 2150 896 2206 omnium
945 2149 1095 2204 117
1149 2149 1448 2203 Christum
1510 2147 1826 2220 abnegare,
1892 2153 2016 2204 tum

365 2240 653 2313 templum
676 2239 830 2294 Jovis
861 2237 1112 2310 ingredi,
1145 2253 1212 2292 ac
1239 2237 1437 2304 idolis,
1467 2254 1598 2308 quae
1623 2237 1772 2291 inibi
1825 2242 2016 2304 erant,

364 2330 720 2386 sacrificare.
743 2330 956 2382 Verum
970 2343 1104 2381 cum
1130 2326 1188 2380 id
1213 2325 1406 2381 facere
1429 2326 1849 2390 detrectarent,
1871 2327 2017 2397 quin

365 2421 563 2494 potius
592 2434 806 2490 magna
826 2434 963 2472 voce
977 2417 1275 2472 Christum
1303 2415 1582 2470 omnibus
1604 2415 2014 2486 praedicarent,

365 2512 426 2565 in
459 2525 732 2581 magnam
765 2507 1027 2562 ardentis
1057 2505 1211 2576 ignis
1235 2506 1534 2560 fornacem
1559 2505 2014 2576 injecti,ibique,

367 2597 682 2654 sicutolim
729 2601 848 2650 tres
897 2593 1084 2650 sancti
1140 2595 1329 2665 pueri,
1367 2595 1551 2649 Deum
1588 2593 2012 2667 gloriﬁcantes,

365 2684 718 2756 martyrium
740 2686 1257 2738 consummarunt.

920 2798 1162 2854 EODEM
1201 2797 1454 2868 MENSE,

871 2887 974 2943 Die
1006 2886 1286 2943 vicesima
1340 2901 1501 2942 nona

371 2999 638 3054 Memoria
692 3002 1009 3052 sanctorum
1055 2995 1306 3059 Patrum,
1359 2993 1460 3066 qui
1537 2993 1739 3052 Nicaeae
1768 2995 2016 3066 primum

717 3067 975 3122 adversus
1018 3067 1218 3121 Arium
1265 3071 1654 3122 convenerunt.

439 3188 579 3242 Post
610 3183 1056 3240 sanctissimum
1081 3185 1320 3238 Petrum
1344 3183 1744 3254 patriarcham
1768 3183 2014 3239 Alexan-

2121 1951 2250 2012 τοὺς
2283 1948 2658 2024 συνδεσμίους,
2693 1947 2743 2022 ἐξ
2775 1947 2849 2004 ὧν
2901 1947 3108 2004 πολλοὶ
3160 1947 3502 2017 ἐπίστευσαν,
3560 1945 3770 2021 ἐκϐλη-

2124 2037 2303 2103 θέντες
2357 2046 2456 2110 τῆς
2511 2038 2783 2114 φυλακῆς,
2834 2036 3130 2113 ἐτύφθησαν
3185 2037 3456 2116 σφοδρῶς,
3503 2060 3772 2117 καταναγ-

2121 2131 2417 2202 καζόμενοι
2451 2129 2779 2202 ἀρνήσασθαι
2811 2132 2906 2200 μὲν
2965 2126 3049 2180 ἐπὶ
3111 2128 3328 2181 πάντων
3384 2127 3475 2182 τὸν
3507 2129 3771 2202 Χριστὸν,

2125 2219 2374 2275 ἀπελθεῖν
2404 2215 2461 2273 δὲ
2493 2217 2570 2280 εἷς
2623 2217 2716 2272 τὸν
2765 2217 2891 2272 ναὸν
2938 2219 3037 2272 τοῦ
3095 2217 3238 2284 Διὸς,
3291 2217 3384 2271 καὶ
3429 2219 3584 2272 θῦσαι
3649 2224 3773 2281 τοῖς

2125 2309 2176 2364 ἐν
2209 2308 2356 2380 αὐτῷ
2385 2305 2660 2368 εἰδώλοις.
2699 2305 2795 2363 Καὶ
2832 2307 2908 2378 μὴ
2968 2304 3294 2375 πεισθέντες,
3353 2304 3500 2362 ἀλλὰ
3559 2304 3780 2379 μᾶλλον

2127 2396 2338 2475 μεγάλῃ
2369 2401 2437 2471 τῇ
2468 2418 2619 2472 φωνῃ
2650 2397 2740 2450 τὸν
2771 2395 3007 2470 Χριστὸν
3065 2400 3182 2456 τοῖς
3231 2400 3362 2449 πᾶσι
3391 2395 3779 2469 κηρύττοντες,

2124 2487 2200 2546 εἰς
2231 2489 2461 2560 κάμινον
2496 2484 2743 2561 μεγάλην
2770 2485 2940 2560 πυρὸς
2972 2479 3366 2557 ἐμϐληθέντες,
3398 2485 3485 2539 καὶ
3515 2483 3568 2539 ἔν
3608 2487 3778 2560 αὐτῇ,

2121 2577 2359 2651 καθάπερ
2393 2578 2444 2631 οἱ
2478 2577 2623 2652 ἅγιοι
2664 2579 2812 2651 τρεῖς
2869 2572 3085 2644 παῖδες,
3146 2571 3596 2648 δοξολογοῦντες,
3658 2576 3774 2632 ἑτε-

2121 2665 2457 2737 λειώθησαν.

2685 2765 2872 2822 MHNI
2910 2769 2994 2818 ΤΩ
3032 2765 3210 2820 ΑΥΤΩ

2923 2889 3020 2944 ΚΘ“

2192 2997 2403 3070 Μνήμη
2435 2998 2542 3050 τῶν
2589 2992 2658 3071 ἐν.
2699 2993 2895 3071 Nimia
2929 2993 3016 3071 rd
3057 2997 3274 3071 πρῶτον
3315 2993 3454 3050 κατᾶ
3481 2993 3696 3071 Ἀρείου

2515 3064 2886 3130 συνελθόντων
2929 3064 3377 3143 ἁγίωνήατέρων

2198 3173 2344 3232 Μετὰ
2375 3175 2578 3250 Πέτρον
2631 3176 2726 3232 τὸν
2781 3176 3078 3251 ἁγιώτατον
3137 3173 3776 3251 πατριάρχηνᾋλεξαν-

366 3275 604 3332 drinum
636 3272 900 3329 Achillas
930 3273 1240 3328 ordinatus
1269 3228 1402 3341 fuit,
1436 3278 1495 3328 et
1525 3279 1659 3344 post
1689 3280 1846 3329 hunc
1877 3273 2012 3330 Ale-

2129 3262 2332 3340 δρείσς,
2365 3228 2762 3340 ἐχειροτονήθη
2797 3228 2836 3319 ὁΙ
2881 3263 3178 3340 ’Δχιλλᾶς,
3233 3228 3350 3319 καὶΙ
3379 3228 3529 3336 ’μέτὰ
3578 3228 3775 3320 τοῦτον

361 3365 801 3437 xander.Hujus
823 3361 1186 3435 temporibus
1215 3362 1527 3434 presbyter
1543 3363 1782 3434 quidam
1816 3363 2016 3418 Eccle-

368 3457 492 3524 sia),
547 3453 791 3509 nomine
843 3453 1040 3519 Arius,
1073 3453 1167 3507 cui
1213 3451 1546 3508 divinarum
1579 3453 2015 3525 Scripturarum

365 3545 686 3602 commissa
715 3548 842 3599 erat
873 3542 1216 3609 declaratio,
1251 3559 1386 3598 cum
1419 3543 1819 3600 Alexandrum
1843 3543 2018 3614 juxta

367 3634 556 3690 sancti
585 3633 740 3686 Petri
799 3631 1292 3686 constitutionem
1349 3631 1461 3686 sibi
1519 3633 1581 3686 in
1613 3633 2017 3703 patriarchatu

367 3722 681 3794 praelatum
711 3718 894 3773 fuisse
926 3724 1218 3784 cerneret,
1254 3719 1475 3774 invidia
1504 3726 1721 3785 motus,
1755 3737 1889 3777 cum
1921 3721 2018 3777 ad-

370 3826 577 3865 versus
605 3807 777 3862 illum
810 3805 1144 3861 calumnias
1175 3812 1404 3862 struere
1453 3808 1752 3878 nequiret.
1809 3816 2019 3865 contra

369 3895 759 3954 orthodoxam
792 3893 972 3948 ﬁdem
995 3893 1259 3964 linguam
1291 3897 1555 3958 armavit.
1581 3897 1642 3952 in
1677 3899 1778 3952 Dei
1805 3899 2018 3954 Filium

367 3983 769 4056 blasphemiae
799 3997 1096 4048 evomens,
1130 3998 1198 4037 ac
1227 3983 1432 4038 dicens
1465 3985 1634 4040 illum
1686 3972 2018 4043 creaturam

375 4089 528 4140 esse,
559 4087 670 4127 nec
701 4069 1274 4127 consubstantialem
1305 4072 1482 4126 Patri.
1517 4073 1913 4138 Quamobrem
1945 4075 2017 4130 ab

372 4162 623 4220 ecclesia
654 4162 975 4234 ejectus,et
1005 4161 1403 4217 conciliabula
1427 4161 1674 4232 faciens,
1696 4165 2018 4221 Ecclesiam

371 4252 638 4310 scidit.Id
673 4252 770 4308 ubi
802 4251 1227 4306 Constantinus
1257 4269 1507 4325 magnus
1535 4253 1850 4320 intellexit,
1879 4272 2017 4310 con-

369 4351 574 4399 vocata
606 4343 812 4398 Nicaea;
844 4347 1048 4398 sancta
1079 4341 1787 4411 synodo,condemnatum
1814 4345 2018 4401 Arium

367 4434 428 4489 in
459 4434 730 4489 exsilium
766 4433 1084 4506 relegavit:
1119 4439 1355 4488 sanctos
1381 4450 1518 4489 vero
1570 4434 1881 4506 episcopos
1913 4435 2016 4492 be-

369 4524 546 4592 nigne
572 4523 939 4594 complexus,
983 4523 1054 4578 ad
1087 4523 1328 4596 pr0pria
1360 4523 1624 4597 singulos
1657 4524 1904 4580 dimisit.

441 4699 594 4754 118
619 4701 685 4753 Et
714 4706 990 4757 certamen
1017 4708 1218 4826 sancta:
1269 4702 1577 4786 Theodosia,
1623 4701 1863 4775 virginis
1888 4713 1941 4762 et

1056 4789 1176 4826 mar
1205 4789 1337 4826 uris.

1056 4789 1337 4844 martyris.

445 4856 792 4925 Theodosia,
825 4859 1042 4915 Christi
1065 4867 1309 4932 martyr,
1361 4861 1472 4918 fuit
1524 4880 1594 4920 ex
1648 4864 1794 4920 urbe
1841 4868 2014 4940 Tyro.

373 4947 518 5002 Cum
549 4951 744 5001 autem
769 4947 1167 5020 duodeviginti
1192 4966 1487 5006 annorum
1521 4959 1698 5018 esset,
1732 4959 2014 5026 tanquam

373 5033 711 5091 Christiana
742 5035 958 5094 delata.
998 5043 1057 5091 et
1085 5037 1156 5091 ab
1196 5037 1530 5094 idololatris
1561 5044 2014 5114 comprehensa,

371 5123 566 5178 vincta
622 5140 690 5179 ac
746 5123 1062 5194 praesidem
1116 5125 1418 5182 Urbanum
1447 5128 1799 5186 adducitur:
1834 5149 1868 5187 a
1899 5151 2015 5205 quo

371 5215 750 5283 interrogata,
784 5213 1083 5268 Christum
1115 5214 1381 5285 professa
1412 5222 1517 5272 est.
1553 5216 1818 5290 Cumque
1849 5237 2014 5277 com-

371 5300 696 5373 pelleretur
725 5301 896 5356 illum
928 5301 1307 5374 abnegare,et
1336 5305 1509 5360 idolis
1541 5307 2014 5372 sacriﬁcare,nec

373 5391 432 5446 id
463 5390 656 5448 facere
672 5391 1018 5450 vellet.loris
1047 5393 1366 5449 suavissime
1398 5395 1716 5452 caediturin
1733 5398 2015 5457 uberibus

374 5487 434 5538 et
462 5481 1040 5554 lateribus,ossaque
1063 5483 1193 5554 ejus
1223 5484 1681 5558 confringuntur
1708 5505 1720 5542 :
1749 5493 1807 5544 et
1827 5507 2015 5564 usque

375 5569 524 5626 adeo
547 5570 891 5638 dilaniatur,
935 5577 1002 5626 ut
1051 5572 1274 5628 viscera
1305 5573 1490 5645 ipsius
1521 5586 1896 5648 apparerent.
1931 5583 2018 5638 Ita

376 5657 630 5733 ﬂagellis
660 5667 929 5731 contusa,
958 5660 1254 5720 cruciatus
1285 5665 1463 5722 tacita
1492 5666 1842 5739 perferebat.
1870 5672 2013 5728 Cum

2122 3353 2502 3430 ’Λλέξανδρος.
2563 3355 2686 3412 Ἐπὶ
2736 3353 2935 3410 τούτου
2995 3348 3360 3428 πρεσϐύτερός
3390 3375 3473 3416 τις
3510 3360 3610 3424 τῆς
3643 3356 3776 3411 Ἐκο

2123 3443 2377 3516 κλητίας,
2410 3447 2632 3522 1Ἀρειος
2661 3445 2984 3520 λεγόμενος,
3043 3445 3143 3513 τήν
3174 3449 3284 3500 τῶν
3336 3445 3496 3500 θείων
3542 3449 3774 3522 Γραφῶν

2122 3536 2551 3609 πεπιστευμένος
2581 3534 2859 3611 ἐξήγησιν,
2911 3531 3041 3590 ἰδὼν
3101 3533 3194 3589 τὸν
3250 3531 3626 3608 Ἀλέξανδρον,
3685 3532 3774 3589 ὅτι

2123 3626 2420 3702 προεκρίθη
2505 3625 2584 3688 εἰς
2669 3624 3085 3700 πατριάρχειαν,
3144 3623 3324 3687 καθὼς
3407 3623 3682 3695 διετάξατο
3742 3625 3774 3680 ὁ

2125 3717 2280 3790 ἅγιος
2323 3715 2545 3790 Πέτρος,
2579 3714 2860 3792 ἐφθόνησε·
2921 3715 3012 3770 καὶ
3073 3717 3186 3770 κατ’
3235 3713 3443 3770 ἐκείνου
3499 3716 3574 3788 μὴ
3609 3711 3770 3769 δυνά-

2129 3825 2284 3878 μενος
2314 3812 2532 3875 κινῆσαι
2584 3805 2932 3879 κατηγορίαν,
2990 3804 3128 3859 κατὰ
3177 3811 3276 3873 τῆς
3335 3804 3507 3881 όφθῆς
3538 3803 3774 3866 πίστεως

2123 3895 2221 3961 τὴν
2255 3891 2504 3968 γλῶσσαν
2537 3893 2874 3958 καθώπλισε,
2937 3891 3280 3970 βλασφημῶν
3337 3894 3428 3948 τὸν
3489 3893 3613 3947 Υἱὸν
3670 3897 3772 3948 τοῦ

2125 3986 2280 4051 Θεοῦ,
2312 3982 2401 4036 καὶ
2437 3982 2614 4057 λέγων
2647 3983 2809 4038 αὐτὸν
2839 3983 3038 4057 κτίσμα
3094 3986 3252 4052 εἶναι,
3303 3983 3390 4038 καὶ
3453 3981 3584 4058 ούχί
3637 3983 3773 4054 δμο-

2126 4070 2307 4126 ούσιον
2338 4075 2419 4144 τῷ
2450 4072 2643 4148 Πατρί.
2676 4068 2980 4146 Ἐξεϐλήθη
3026 4072 3126 4136 ,οὗν
3185 4071 3274 4128 διὰ
3327 4076 3492 4127 ταῦτα
3522 4079 3622 4142 τῆς
3679 4071 3772 4128 ἐκ·

2123 4161 2380 4234 κλησίας,
2403 4165 2492 4218 καὶ
2526 4169 2696 4219 ποιῶν
2735 4165 3217 4239 παρασυναγωγάς,
3276 4163 3460 4238 ἔσχιζε
3516 4165 3614 4233 τήν
3645 4165 3774 4220 Ἐκ-

2123 4253 2381 4323 κλησίαν.
2415 4255 2512 4308 Καὶ
2573 4255 2758 4328 μαθὼν
2815 4259 2984 4310 ταῦτα
3043 4256 3070 4309 ὁ
3129 4249 3297 4330 μέγας
3353 4259 3776 4323 Κωνσταντῖνος,

2125 4344 2216 4399 καὶ
2247 4343 2580 4418 συγκαλέσας
2608 4345 2707 4414 τὴν
2743 4344 2893 4419 ἁγίαν
2951 4341 3177 4400 σύνοδον
3239 4344 3316 4407 είς
3375 4345 3624 4414 Νίκαιαν,
3680 4344 3774 4398 καὶ

2125 4431 2484 4496 καταδικάσας
2519 4433 2700 4505 αὐτὸν,
2733 4433 2974 4511 ἐξώρισε·
3011 4433 3136 4497 τοὺς
3193 4431 3250 4489 δὲ
3307 4434 3492 4508 ἁγίους
3549 4433 3773 4489 ἐπισκό-

2127 4546 2263 4589 πους
2318 4523 2887 4603 φιλοφρονησάμενος,
2974 4521 3238 4580 ἀπέλυσεν
3280 4521 3502 4580 ἕκαστον
3579 4523 3654 4587 είς
3706 4525 3775 4580 τὰ

2047 4589 2091 4654 D
2123 4612 2256 4687 ἴδια,

2196 4705 2300 4762 Καὶ
2331 4703 2562 4776 ἄθλησις
2613 4704 2714 4774 τήν
2766 4701 3225 4808 ἁγίαςῆμάρτυρος
3281 4701 3569 4766 Θεοδοσίας
3597 4710 3700 4773 τῆς

2795 4777 3081 4852 παρθένου.

2195 4863 2484 4932 Θεοδοσία,
2517 4867 2552 4934 ἡ
2583 4868 2681 4920 τοῦ
2713 4865 2949 4939 Χριστοῦ
3007 4861 3236 4938 μᾶρτυς,
3289 4863 3534 4939 ὑπῆρχεν
3567 4862 3626 4918 ἐκ
3673 4867 3776 4934 τῆς

2125 4954 2343 5017 πόλεως
2400 4953 2597 5028 Τύρου.
2651 4953 2935 5009 Δεκαοκτὼ
3002 4949 3059 5008 δὲ
3141 4950 3276 5008 ἐτῶν
3340 4952 3499 5020 οὖσα,
3547 4952 3637 5007 καὶ
3697 4952 3774 5016 ὡς

2125 5044 2423 5118 Χριστιανή
2484 5039 2896 5118 διαγνωσθεῖσα,
2948 5042 3038 5096 καὶ
3097 5047 3429 5116 κρατηθεῖσα
3479 5043 3627 5116 παρὰ
3663 5047 3772 5097 τῶν

2127 5131 2536 5203 είδωλολατῶν,
2569 5129 2721 5208 ἤχθη
2757 5129 3002 5206 δέσμιος,
3061 5131 3152 5187 καὶ
3210 5133 3453 5207 παρέστη
3503 5127 3772 5206 Οὐρϐανῷ

2125 5226 2204 5294 τῷ
2236 5223 2486 5298 ἄρχοντι,
2544 5221 2633 5276 καὶ
2692 5219 3046 5294 ἐρωτηθεῖσα,
3109 5220 3446 5296 ὡμολόγησε
3491 5221 3585 5277 τὸν
3639 5223 3776 5296 Χρι-

2128 5312 2273 5368 στόν.
2366 5313 2460 5370 Καὶ
2545 5311 2938 5387 ἀναγκασθεῖσα
3018 5311 3352 5384 ἀρνήσασθαι
3437 5311 3626 5380 αὐτὸν,
3685 5310 3776 5367 καὶ

2127 5402 2280 5455 θῦσαι
2310 5406 2429 5464 τοῖς
2462 5399 2736 5471 είδώλοις,
2768 5401 2854 5456 καὶ
2885 5403 2961 5474 μὴ
2996 5403 3295 5469 πεισθεῖσα,
3329 5399 3530 5478 έτύφθη
3565 5399 3772 5477 λώροις

2127 5489 2304 5563 ὠμοῖς
2328 5491 2464 5547 κατά
2491 5512 2550 5546 τε
2594 5495 2703 5546 τῶν
2737 5495 2978 5564 μαστῶν,
3038 5491 3128 5546 καὶ
3181 5495 3290 5546 τῶν
3345 5488 3620 5565 πλευρῶν,
3679 5489 3768 5546 καὶ

2127 5575 2414 5657 συνετρίϐη
2456 5582 2524 5636 τὰ
2577 5582 2727 5650 ὀστᾶ,
2787 5581 2875 5636 καὶ
2933 5579 3141 5652 ἐξέσθη,
3214 5576 3320 5642 ἕως
3380 5579 3648 5656 ἐφάνησαν
3701 5579 3767 5634 τὰ

2124 5669 2416 5747 σπλάγχνα
2440 5671 2630 5743 αὐτῆς.
2669 5672 2770 5729 Καὶ
2821 5669 2964 5727 οὕτω
3025 5670 3418 5746 μαστιζομένη,
3479 5672 3611 5746 σιγῇ
3668 5668 3762 5730 τὰς
