4104 6196
380 369 495 429 481

1982 355 2252 416 MAIUS.

3676 360 3795 420 482

386 501 652 579 βασάνους
710 499 989 578 ὑπέφερεν.
1040 498 1190 555 Ἐπεὶ
1249 494 1307 553 δὲ
1381 495 1707 570 ἐμπνέουσα,
1766 492 2031 566 ἠρωτήθη

2182 505 2282 544 ero
2305 487 2613 561 paululum
2638 489 3013 561 respirasset,
3045 491 3348 561 apraeside
3379 495 3798 566 interrogatur,

382 594 531 665 παρὰ
580 596 678 647 τοῦ
726 588 1016 665 ἃρχοντος,
1077 590 1124 644 εἲ
1177 594 1295 650 τοῖς
1352 590 1496 650 θεοῖς
1549 586 1682 650 θόει’
1718 585 1805 639 καὶ
1842 581 2047 637 διανοί-

384 685 516 754 ξασα
571 679 634 735 τό
694 680 869 752 στόμα
926 676 1114 745 αὑτὴς,
1172 677 1262 731 καὶ
1313 681 1429 738 τοῖς
1504 672 1811 752 ὀφθαλμοῖς
1869 671 2046 732 ἀτενὲς

386 768 733 844 ἐμϐλέψασα,
796 765 1021 841 μειδιῶν
1104 770 1180 838 τῷ
1249 766 1532 841 προσώπῳ
1617 765 1751 818 εἶπε⁶
1837 764 2043 831 Πλανᾷ,

388 862 660 935 ἂνθρωπεο
722 857 822 913 οὑκ
880 854 1052 935 οἶδας,
1111 855 1195 913 δτι
1275 858 1376 921 τῆς
1436 853 1723 915 κοινωνίας
1780 855 1887 907 τῶν
1946 852 2044 904 τοῦ

386 926 624 1023 Χριστοῦ
686 944 973 1021 μαρτύρων
1034 926 1318 1015 ἦξιώθηνς
1374 944 1465 998 καὶ
1522 943 1646 998 τότε
1704 942 1974 1016 ὀργισθεὶς
2016 939 2044 992 6

389 1039 602 1114 ἅρχων,
658 1034 875 1113 ἔῤῥιψεν
933 1034 1101 1103 αὑτήν
1164 1033 1240 1096 εἷς
1296 1033 1398 1103 τήν
1457 1031 1750 1098 θάλασσαν·
1810 1023 1937 1092 ἔνθα
1981 1027 2043 1081 τὸ

389 1126 656 1201 μακάριον
688 1124 848 1189 τέλος
884 1121 1119 1195 ἐδέξατο.

534 1234 632 1288 Καὶ
664 1230 897 1303 ἄθλησις
941 1234 1038 1305 τοῦ
1086 1228 1245 1305 ἁγίου
1281 1229 1552 1305 μάρτυρος
1585 1222 1900 1293 Ὀλὸιανοῦ,

941 1302 1240 1358 ἐπισκόπου
1271 1302 1490 1361 mam.

462 1407 773 1476 Ὀλϐιανὲς,
808 1411 837 1465 6
865 1414 962 1465 τοῦ
1010 1411 1241 1485 Χριστοῦ
1293 1409 1642 1483 ἱερομάρτος,
1677 1406 1923 1481 ὑπῆρχεν
1958 1403 2044 1458 ἐπὶ

384 1506 490 1566 τῆς
528 1499 805 1576 βασιλείας
837 1499 1203 1571 Μαξιμιανοῦ,
1234 1497 1528 1558 ἐπίσκοπος
1573 1499 1675 1560 τῆς
1719 1492 2046 1563 Ἐκκλησίας

390 1592 618 1648 ’Δνέων.
680 1587 775 1643 Καὶ
862 1586 1152 1662 κρατηθεὶς
1232 1588 1379 1659 παρὰ
1454 1582 1687 1642 Ἰουλίου
1746 1582 2044 1657 ἡγεμόνος,

390 1677 672 1753 παρεδόθη
733 1674 966 1748 θυλακῇ,
1024 1674 1393 1750 παραγγελίαν
1460 1672 1769 1746 δεξάμενος,
1828 1673 1901 1744 μή
1964 1669 2048 1725 δι-

395 1768 613 1825 δάσκειν
653 1767 741 1823 ἐπὶ
782 1772 864 1839 τῷ
912 1767 1141 1839 ὀνόματι
1197 1770 1293 1821 τοῦ
1352 1770 1612 1841 Χριστοῦ·
1644 1765 1708 1819 Ὀ
1740 1761 1796 1817 δὲ
1830 1759 2044 1835 μᾶλλον

2148 596 2224 634 an
2257 580 2371 634 diis
2402 580 2734 635 sacrificare
2766 579 2959 633 vellet.
2986 583 3060 634 At
3090 580 3193 634 illa
3213 598 3277 635 os
3308 599 3479 637 suum
3503 584 3801 653 aperiens,

2150 670 2456 740 oculisque
2489 670 2715 724 intente
2748 669 2978 736 deﬁxis,
3011 686 3077 724 ac
3106 670 3451 726 subridendi
3488 673 3638 727 facie
3670 692 3803 729 res-

2151 758 2394 829 pondit:
2429 758 2694 823 Falleris,
2727 775 2759 812 o
2792 758 2969 812 homo
2995 774 3007 811 ε
3032 775 3107 813 an
3131 760 3325 813 nescis
3356 777 3449 813 me
3472 768 3801 832 martyrum

2149 847 2364 902 Christi
2400 847 2823 902 communione
2854 847 3092 920 dignam
3148 850 3417 903 enectam
3454 866 3581 904 esse
3602 853 3631 904 Σ)
3658 853 3803 907 Tum

2148 952 2284 990 vero
2308 936 2649 1005 indignatus
2672 952 2912 1007 praeses,
2936 936 2997 991 in
3029 952 3192 991 mare
3214 937 3378 991 illam
3408 939 3679 1008 projecit,
3702 939 3803 993 ubi

2150 1023 2390 1079 beatum
2422 1025 2604 1079 finem
2635 1024 2879 1095 accepit.

2159 1222 2225 1274 Et
2296 1226 2573 1274 certamen
2645 1226 2823 1275 sanctz
2912 1221 3171 1288 martyris
3245 1221 3487 1288 Olbiani,
3565 1223 3807 1291 episcopi

2828 1309 3129 1363 Aneorum.

2224 1415 2530 1482 Olbianus,
2565 1416 2957 1471 sacerChristi
2980 1421 3221 1486 martyr,
3248 1419 3595 1472 Maximiano
3619 1420 3803 1489 impe-

2152 1511 2342 1571 rante,
2377 1505 2652 1559 Ecclesia)
2689 1510 2983 1559 Aueorum
3016 1506 3328 1576 epiSCOpus
3359 1506 3487 1560 fuit.
3522 1509 3802 1578 Compre-

2154 1594 2375 1647 hensus
2403 1600 2602 1647 autem
2633 1610 2667 1647 a
2694 1594 2845 1648 Julio
2879 1594 3152 1663 przeside,
3186 1595 3247 1648 in
3281 1611 3577 1651 carcerem
3605 1595 3809 1649 detru-

2153 1681 2332 1744 ditur,
2365 1680 2564 1735 addito
2594 1682 2896 1745 mandato,
2928 1698 3002 1736 ne
3030 1682 3090 1735 in
3110 1682 3325 1737 Christi
3364 1686 3606 1738 nomine
3630 1684 3807 1739 doce-

2154 1775 2262 1825 ret.
2297 1770 2401 1823 llle
2433 1786 2568 1824 vero
2592 1770 2780 1824 multo
2811 1772 2996 1839 magis
3024 1771 3208 1826 libere
3259 1773 3556 1828 Christum
3591 1775 3809 1845 praedi-

394 1858 675 1933 παῤῥησίᾳ
730 1856 1017 1929 κηρύττων
1089 1856 1181 1910 τὸν
1259 1856 1525 1929 Χριστὸν,
1579 1855 1645 1908 τὰ
1701 1852 1822 1925 περὶ
1882 1850 2048 1905 αὑτοῦ

2177 1876 2317 1925 :ans,
2344 1876 2473 1929 qua:
2506 1859 2578 1913 ad
2611 1859 2780 1914 illum
2813 1866 3102 1930 spectant,
3135 1861 3411 1916 omnibus
3444 1869 3806 1929 constanter,

394 1946 724 2021 ὂιήγγελλε,
780 1945 870 2000 καὶ
926 1950 1046 2007 τοῖς
1101 1949 1259 1998 πᾶσιν
1319 1943 1606 2018 ἐκήρυττεν
1665 1938 1907 2020 ἀφόϐως.
1953 1943 2050 1996 Διά

386 2041 566 2092 ταῦτα
625 2042 726 2103 τῆς
782 2033 1034 2109 φυλακῆς
1091 2027 1399 2104 έκὸΛηθεῖς,
1433 2033 1522 2087 καὶ
1576 2033 1643 2087 τὰ
1671 2032 1865 2105 ἱμάτια
1895 2028 2053 2087 ἐκδυ-

391 2126 531 2189 θεῖς,
566 2124 768 2201 έτὺερθη
827 2120 1099 2196 σφοδρῶς,
1158 2122 1246 2176 καὶ
1309 2118 1589 2183 σουϐλίοις
1620 2119 2053 2196 πεπυρακτωμέ-

387 2235 505 2276 νοις
533 2214 634 2281 τήν
660 2211 898 2281 κοιλίαν,
956 2211 1047 2266 καὶ
1098 2212 1193 2273 τὰς
1252 2210 1513 2284 πλευρὰς,
1545 2213 1633 2266 καὶ
1663 2211 1729 2266 τὰ
1759 2208 2054 2285 σπλάγχνα

390 2303 783 2371 κατεκεντήθη.
843 2302 945 2356 Καὶ
1004 2300 1169 2355 πάλιν
1232 2299 1502 2379 ἀπερῥὲφη
1556 2304 1625 2373 τῇ
1675 2298 1891 2378 φυλακῇ
1924 2298 2052 2354 ὡσεὶ

389 2392 604 2467 νεκρόςο
665 2393 756 2446 καὶ
794 2395 863 2465 τῇ
917 2394 1015 2446 τοῦ
1071 2394 1315 2465 Χριστοῦ
1374 2389 1655 2468 ἐπιφανείᾳ
1688 2390 2053 2465 θεραπευθεὶς,

398 2483 553 2546 αὖθις
612 2480 690 2543 εἰς
748 2479 998 2555 δευτέραν
1052 2479 1291 2555 παρέστη
1357 2485 1439 2552 τῷ
1510 2480 1740 2555 ἡγεμόνι
1799 2481 2053 2550 ἐξέτασιν.

402 2572 510 2627 Καὶ
564 2575 661 2625 τοῦ
718 2570 994 2644 ἡγεμόνος
1076 2565 1583 2643 μεταϐαλλομένου,
1641 2571 1728 2624 καὶ
1811 2590 2057 2645 παρακα-

403 2661 635 2722 λοῦντος
663 2660 824 2716 αὑτὸν
853 2662 1005 2715 θῦσαι
1036 2665 1154 2722 τοῖς
1188 2657 1465 2725 εἰδώλοις,
1509 2660 1670 2722 αὐτὸς
1702 2658 1869 2715 πάλιν
1902 2659 2058 2732 ὠμο-

406 2749 560 2825 λόγει
608 2749 701 2804 τὸν
760 2748 1014 2820 Χριστόν.
1072 2748 1210 2805 Τότε
1265 2748 1341 2811 εἰς
1399 2748 1629 2821 κάμινον
1667 2746 1878 2822 μεγάλη
1917 2746 2060 2821 βλη-

409 2841 545 2911 θείς,
577 2837 892 2908 ἐτελειώθη.

946 2947 1149 3004 MHNI’
1187 2948 1279 3003 ΤΩ
1321 2947 1521 3003 ΑΥΤΩ.

1209 3036 1267 3090 Λ,

517 3127 723 3199 Μνήμη
749 3129 846 3181 τοῦ
878 3125 1033 3181 όσίου
1057 3124 1292 3199 ,Πατρὸς
1340 3127 1502 3197 ἡμῶν
1531 3123 1830 3195 Ἰσαακίου,
1861 3128 1958 3179 τοῦ

1048 3195 1422 3272 ὁμολογητοῦ.

477 3303 769 3375 Ἰσαάκιος,
828 3304 855 3357 6
917 3301 968 3358 έν
1028 3302 1207 3378 ἁγίοις
1264 3304 1446 3376 Πατὴρ
1499 3304 1684 3375 ἡμῶν,
1732 3304 1979 3377 ὑπῆρχεν
2011 3301 2063 3374 ἐξ

408 3393 741 3451 Ἀνατολῶν·
774 3391 947 3447 ἐλθὼν
1009 3389 1065 3446 δὲ
1125 3391 1177 3447 έν
1239 3391 1815 3448 Κωνσταντινουπόλει
1847 3391 1934 3447 ἐπὶ
1964 3400 2064 3461 τῆς

413 3482 696 3551 βασιλείας
730 3480 1037 3542 Οὐάλεντος
1094 3484 1191 3535 τοῦ
1250 3481 1544 3551 αἱρετικοῦ,
1578 3480 1853 3554 ἡσύχαζεν
1885 3480 1936 3535 έν
1967 3503 2066 3553 μο-

415 3571 718 3643 ναστηρίῳ’
777 3571 866 3625 καὶ
952 3572 1235 3639 κινήσαντι
1300 3573 1380 3641 τῷ
1461 3569 1678 3643 βασιλεῖ
1736 3574 2069 3644 πανστρατιᾷ

412 3662 551 3716 κατὰ
605 3665 712 3714 τῶν
777 3660 1009 3728 Γότθων,
1078 3660 1407 3727 συναντήσας
1468 3661 1634 3713 εἶπενο
1695 3664 1759 3712 Ὠ
1820 3659 2065 3733 βασιλεῦ,

417 3751 629 3822 ἄνοιξον
660 3754 777 3810 τοῖς
831 3746 1141 3824 όρθοδόξοις
1197 3748 1292 3808 τὰς
1353 3747 1665 3816 ἐκκλησίας,
1700 3747 1745 3802 εί
1789 3746 1976 3822 βούλει
2011 3748 2070 3803 ἐκ

413 3843 516 3894 τοῦ
570 3838 819 3911 πολέμου
881 3842 984 3905 ζῶν
1040 3837 1394 3911 ὑποστρέψαι.
1450 3836 1551 3892 Καὶ
1610 3837 1935 3911 ὀργισθεῖςὸ
1973 3837 2070 3913 βα-

420 3928 605 3991 σιλεὺς
662 3928 954 4001 προσέταξε
1007 3928 1297 4005 τυφθῆναι,
1354 3927 1444 3979 καὶ
1505 3925 1933 3995 ἀποκλεισθῆναι
1980 3927 2071 3981 τὸν

416 4015 570 4094 ἅγιον
601 4017 677 4081 εἷς
724 4016 995 4094 φυλακήν,
1062 4014 1259 4090 μέχρις
1314 4015 1376 4068 οὗ
1435 4015 1771 4090 ὑποστρέψῃ.
1804 4015 1938 4070 Τότε
1967 4013 2068 4092 ἔφη

415 4110 444 4164 6
477 4106 652 4183 ἅγίος’
688 4105 753 4163 Εἴ
775 4106 837 4161 σὺ
884 4104 1263 4177 ὑποστρέψεις,
1307 4103 1368 4158 οὑ
1421 4103 1697 4174 Λελάληκέ
1728 4125 1821 4177 μοι
1857 4105 1885 4159 6
1918 4105 2069 4165 Θεός’

415 4197 629 4275 φεὺγων
678 4195 780 4271 γὰρ
841 4196 946 4250 ἀπὸ
994 4194 1294 4269 προσώπου
1369 4197 1474 4247 τῶν
1536 4191 1748 4267 ἐχθρῶν
1808 4214 1924 4263 σου,
1986 4192 2076 4249 διὰ

413 4286 589 4358 πυρὸς
648 4282 772 4359 δέξῃ
830 4285 928 4351 τὴν
987 4282 1368 4357 καταστροφὴν
1426 4285 1523 4336 τοῦ
1584 4281 1705 4355 βίου
1755 4302 1871 4338 σου.
1904 4285 1974 4340 "0
2006 4281 2071 4353 δὴ

414 4373 508 4428 καὶ
536 4373 776 4447 γέγονεν.
807 4372 1036 4447 Τραπεὶς
1095 4371 1225 4445 γὰρ,
1275 4369 1367 4425 καὶ
1426 4369 1479 4425 έν
1538 4372 1783 4447 ἆχυρῶνι
1830 4392 2076 4448 προσφυ-

416 4460 719 4536 γών,έκάη
770 4459 823 4515 ἐν
884 4459 1052 4532 αὐτῷ,
1109 4463 1219 4514 τῶν
1277 4457 1491 4521 Γότθων
1551 4458 1947 4533 ἐμπρησάντων
1980 4460 2077 4515 αὑ-

2154 1966 2221 2004 ac
2253 1949 2381 2002 sine
2416 1949 2626 2001 timore
2647 1947 3060 2002 annuntiabat.
3083 1950 3479 2013 Quamobrem
3508 1968 3537 2005 e
3571 1968 3806 2008 carcere

2156 2040 2422 2104 eductus,
2454 2055 2521 2093 ac
2543 2039 2802 2093 vestibus
2836 2039 3143 2109 spoliatus.
3164 2041 3416 2111 graviter
3438 2042 3717 2097 cwditur:
3753 2047 3811 2097 et

2157 2127 2385 2183 subulis
2417 2127 2808 2182 candentibus
2840 2128 2901 2181 in
2934 2134 3158 2193 ventre,
3204 2129 3490 2184 lateribus
3522 2148 3588 2185 ac
3623 2131 3808 2185 visce-

2154 2217 2320 2273 ribus
2353 2217 2666 2277 ustulatus,
2698 2216 2895 2271 denuo
2938 2217 2999 2271 in
3032 2234 3331 2273 carcerem
3383 2220 3809 2274 semimortuus

2159 2306 2491 2377 conjicitur.
2525 2306 2753 2360 Christo
2800 2310 2997 2360 autem
3038 2306 3148 2376 ipsi
3193 2313 3517 2378 apparente
3547 2314 3810 2378 curatus,

2161 2396 2379 2450 iterum
2419 2393 2657 2466 praesidi
2718 2394 2968 2463 sistitur,
3002 2399 3060 2449 et
3091 2397 3408 2466 quaestioni
3467 2397 3806 2469 subjicitur.

2161 2485 2427 2555 Cumque
2458 2500 2676 2555 praeses
2710 2489 2933 2539 mutato
2975 2485 3224 2539 consilio
3258 2502 3394 2541 eum
3424 2492 3711 2558 rogasset,
3743 2491 3811 2541 ut

2162 2574 2274 2629 diis
2304 2572 2661 2634 immolaret.
2696 2572 2822 2644 ipse
2852 2590 2986 2628 vero
3010 2590 3216 2628 rursus
3247 2575 3544 2630 Christum
3569 2575 3803 2630 confes-

2165 2681 2265 2718 sus
2290 2663 2519 2730 fuisset,
2552 2662 2613 2717 in
2630 2662 2931 2735 ingentem
2953 2661 3255 2718 fornacem
3278 2662 3555 2735 injectus,
3581 2662 3810 2718 vivendi

2167 2753 2349 2808 finem
2378 2752 2536 2808 fecit.

2720 2947 2961 3002 EODEM
3010 2946 3262 3002 MENSE.

2778 3036 2881 3091 Die
2913 3035 3218 3090 tricesima

2171 3125 2321 3180 “9
2356 3127 2620 3180 Memoria
2670 3127 2849 3180 sancti
2880 3124 3064 3179 Patris
3114 3127 3291 3180 nostri
3347 3126 3565 3192 Isaacii,
3608 3127 3832 3193 confes-

2920 3228 3080 3269 801⁵18.

2247 3322 2495 3375 Sanctus
2526 3322 2700 3375 Pater
2722 3323 2927 3373 noster
2957 3319 3215 3373 lsaacius
3247 3335 3315 3373 ex
3338 3318 3604 3389 partibus
3628 3318 3832 3372 Orien-

2176 3409 2252 3463 tis
2283 3406 2595 3473 oriundus,
2641 3406 3223 3477 Constantinopolim
3282 3407 3461 3473 vanit,
3495 3408 3829 3475 imperante

2178 3496 2421 3550 Valente
2453 3495 2751 3557 haeretico,
2796 3494 2998 3565 ibique
3031 3495 3092 3549 in
3152 3494 3407 3564 quodam
3469 3493 3833 3548 monasterio

2176 3586 2354 3639 vitam
2389 3582 2771 3653 tranquillam
2824 3583 2958 3650 egit.
3011 3584 3274 3654 Cumque
3324 3583 3481 3637 idem
3511 3583 3837 3653 imperator

2177 3674 2520 3743 frequentes
2543 3672 2743 3742 copias
2764 3672 3043 3726 adversus
3066 3673 3308 3726 Gotthos
3340 3672 3603 3737 duceret,
3628 3688 3836 3726 occur-

2182 3779 2321 3817 rens
2337 3763 2387 3816 ei
2410 3761 2664 3816 lsaacius
2686 3760 2854 3815 dixit:
2880 3762 2922 3816 Ο
2944 3762 3288 3831 imperator,
3309 3762 3471 3831 aperi
3487 3759 3832 3815 orthodoxis

2180 3850 2487 3911 ecclesias,
2512 3850 2561 3904 si
2592 3851 2676 3904 vis
2704 3865 2773 3903 ex
2799 3850 3002 3920 praelio
3020 3850 3340 3906 incolumis
3369 3851 3605 3905 reverti.
3640 3852 3832 3904 Iratus

2180 3947 2378 3996 autem
2410 3941 2755 4011 imperator,
2798 3939 2981 4010 jussit
3029 3946 3299 3996 sanctum
3346 3940 3651 4012 vapulare,
3684 3944 3742 3993 et
3771 3939 3833 3993 in

2181 4045 2481 4086 carcerem
2513 4029 2751 4098 conjici,
2782 4028 2971 4084 donec
3020 4029 3146 4100 ipse
3178 4029 3417 4085 rediret.
3451 4032 3525 4084 At
3555 4033 3833 4084 sanctus:

2183 4119 2239 4174 Si
2272 4134 2540 4173 reversus
2571 4116 2776 4185 fueris,
2830 4116 3045 4188 inquit,
3086 4117 3147 4172 in
3182 4133 3278 4172 me
3332 4116 3565 4172 locutus
3597 4133 3717 4172 non
3748 4118 3840 4169 est

2184 4209 2341 4263 Deus
2394 4211 2807 4261 verumtamen
2864 4223 2898 4260 a
2953 4205 3103 4260 facie
3162 4205 3547 4259 inimicorum
3600 4210 3838 4258 tuorum

2184 4296 2439 4368 fugiens,
2471 4311 2578 4365 per
2598 4295 2797 4366 ignem
2821 4295 2950 4349 vita;
2976 4299 3088 4348 tum
3116 4295 3339 4349 exitum
3370 4293 3634 4347 habebis.
3670 4290 3836 4355 Quod

2187 4390 2246 4439 et
2276 4384 2557 4456 contigit:
2590 4399 2728 4438 nam
2762 4383 2820 4436 in
2854 4383 3054 4454 fugam
3085 4398 3403 4437 conversus
3439 4398 3573 4435 cum
3606 4381 3668 4433 in
3698 4379 3839 4432 hor-

2187 4489 2355 4529 reum
2389 4489 2517 4527 sese
2548 4471 2895 4539 abdidisset,
2929 4472 2990 4525 in
3013 4487 3080 4526 eo
3112 4474 3527 4526 concrematus
3558 4473 3666 4534 est,
3700 4468 3840 4521 Got-

418 4550 537 4607 τόν.
569 4551 696 4607 Ἐπί
728 4551 818 4604 οὖν
862 4553 930 4623 τῇ
974 4548 1277 4624 προῤῥήσει
1324 4547 1520 4621 ταύτῃ,
1568 4549 1657 4603 καὶ
1708 4547 1904 4613 ἄλλοις
1935 4550 2062 4606 πολ·

2190 4563 2305 4617 this
2337 4562 2533 4634 ignem
2566 4560 2994 4633 injicientibus.
3029 4561 3146 4616 Hac
3177 4560 3375 4629 itaque
3430 4556 3841 4629 praedictione,

422 4640 547 4701 λοῖς
604 4639 995 4714 κατορθώμασι
1056 4637 1410 4712 μέγαλυνθεὶς
1468 4639 1497 4692 6
1555 4636 1730 4713 ἅγιος,
1790 4639 1843 4696 ἐν
1884 4639 2076 4715 εῗρήνῃ

424 4728 726 4802 ἐκοιμήθη.

499 4820 603 4875 Καὶ
633 4816 866 4888 ἃθλησις
905 4822 1013 4873 τῶν
1063 4816 1234 4892 ἁγίων
1290 4817 1577 4894 μαρτύρων
1631 4814 1913 4890 Εὑσεϐίου,
1944 4821 2079 4876 Ῥω-

429 4913 625 4982 μανοῦ,
683 4908 941 4979 Μεντίου,
999 4905 1411 4983 Χαραλάμπους
1468 4907 1557 4963 καὶ
1611 4908 1928 4983 Χριστίνης.
1980 4911 2081 4967 Καὶ

421 5000 525 5052 τοῦ
549 4996 805 5067 πλήθους
833 5000 941 5052 τῶν
999 4996 1164 5070 ἁγίων
1214 4999 1322 5051 τῶν
1375 4996 1427 5050 ἐν
1482 4996 1827 5071 Νικομηδείᾳ
1869 5019 2082 5075 μαρτυ-

427 5085 733 5161 ρησάντων.

984 5195 1165 5251 MHNI
1202 5196 1294 5273 Tn
1332 5197 1530 5274 ΔΥΤῼ.

1206 5291 1315 5339 ΛΑ¹

641 5373 911 5444 Ἀθλησις
951 5378 1050 5429 τοῦ
1096 5373 1251 5448 ἁγίου
1286 5371 1562 5448 μάρτυρος
1596 5372 1873 5447 Ἑρμείου.

502 5482 780 5557 Ἑρμείας,
841 5483 869 5537 6
924 5486 1020 5536 τοῦ
1074 5485 1312 5556 Χριστοῦ
1374 5480 1602 5553 μάρτυς,
1655 5480 1721 5549 ἦν
1774 5482 1869 5553 μὲν
1902 5482 1960 5537 ἐκ
1993 5491 2094 5553 τῆς

430 5573 652 5634 πόλεως
709 5571 999 5645 Κομίνιον,
1050 5571 1388 5644 στρατιώτης
1437 5566 1494 5624 δὲ
1548 5569 1633 5624 ἐπὶ
1678 5576 1777 5640 τῆς
1814 5571 2092 5646 βασιλείας

429 5661 785 5732 Ἀντωνίνου,
818 5662 918 5731 τὴν
976 5659 1197 5731 ἡλικίαν
1255 5656 1366 5729 ἤδη
1420 5652 1807 5735 προϐεϐηκὼς,
1846 5662 1934 5717 καὶ
1970 5659 2093 5719 λευ-

2189 4651 2443 4723 aliisque
2464 4650 2669 4706 multis
2700 4649 2981 4722 przeclare
2998 4651 3177 4723 gestis
3206 4648 3459 4704 illustris
3486 4647 3676 4703 factus
3708 4661 3843 4701 san-

2191 4747 2341 4808 ctus,
2375 4741 2437 4795 in
2470 4756 2612 4811 pace
2636 4738 3013 4795 obdormivit.

2263 4832 2334 4884 Et
2363 4834 2667 4883 certamen
2700 4834 3041 4884 sanctorum
3076 4832 3405 4899 martyrum
3437 4824 3695 4892 Eusebii,
3736 4825 3849 4879 Bo-

2194 4919 2376 4982 mani,
2438 4919 2676 4985 Mentii,
2737 4918 3165 4990 Charalampus
3238 4923 3298 4973 et
3349 4916 3732 4971 Christianae:
3795 4917 3855 4967 et

2193 5006 2519 5062 multorum
2552 5012 2916 5076 sanctorum,
2974 5007 3075 5078 qui
3106 5006 3459 5079 martyrium
3492 5000 3850 5060 Nicomedia

2194 5095 2353 5167 passi
2400 5101 2559 5152 sunt.

2754 5225 2995 5281 EODEM
3028 5223 3280 5279 MENSE.

2693 5314 2796 5369 Die
2829 5314 3131 5369 tricesima
3170 5312 3364 5383 prima

2453 5404 2733 5457 Certamen
2776 5406 2960 5457 sancti
3002 5404 3239 5456 Hermia:
3287 5402 3570 5471 martyris.

2276 5491 2563 5559 Hermias,
2589 5492 2806 5547 Christi
2841 5496 3089 5561 martyr,
3123 5490 3234 5543 fuit
3269 5505 3338 5543 ex
3387 5487 3531 5541 urbe
3563 5483 3855 5548 Comanis,

2204 5581 2538 5651 imperante
2563 5581 2820 5636 Antonio
2838 5581 3017 5635 vitam
3045 5578 3367 5634 militarem
3398 5593 3598 5649 agens,
3610 5574 3858 5645 jamque

2207 5675 2377 5725 astate
2431 5675 2767 5742 provectus,
2827 5684 3127 5741 canosque
3186 5667 3434 5739 capillos
3493 5662 3739 5722 habens.
3770 5657 3854 5714 Ob
