4086 6204
303 340 424 398 483

1624 334 2054 400 MENOLOGII
2098 337 2303 401 PARS
2349 339 2458 400 ιιι.

3599 343 3718 404 484

304 470 522 526 Christi
579 475 773 528 autem
831 469 1262 526 confessionem
1320 473 1550 540 captus,
1610 467 1918 525 Sebastian

2034 535 2041 541 _
2068 470 2172 538 κήν
2204 464 2348 544 ἔχων
2381 469 2481 538 τήν
2509 469 2698 544 τρίχα.
2731 467 2832 525 Διά
2889 467 2946 525 δὲ
2999 470 3100 539 τὴν
3131 469 3207 534 εἷς
3238 471 3479 546 Χριστὸν
3510 470 3723 546 ὁμολο·

311 561 447 616 duci
480 563 730 630 sistitur,
761 562 833 616 ab
875 577 1061 630 eoque
1118 559 1497 630 compellitur
1527 558 1702 614 idolis
1734 559 1963 614 sacrifi-

309 671 463 710 care.
499 653 608 707 Sed
640 669 772 707 cum
805 651 862 704 id
885 650 1076 704 facere
1095 655 1414 714 recusaret,
1450 648 1512 703 in
1541 647 1798 703 maxillis
1821 646 1964 719 lapi-

2067 557 2185 632 γίαν
2215 559 2526 632 κρατηθεὶς,
2556 559 2644 613 καὶ
2681 553 3027 633 Σεϐαστιανῷ
3055 564 3134 632 τῷ
3175 558 3327 616 δουκὶ
3358 562 3713 636 προσαχθεὶς,

2068 643 2312 716 ἐϐιάζετο
2343 649 2498 702 θῦσαι
2526 653 2643 710 τοῖς
2700 646 2974 711 εἰδώλοις.
3038 650 3134 704 Καὶ
3188 652 3264 723 μή
3297 651 3558 716 πεισθεὶς,
3593 673 3718 707 συν-

309 743 481 798 dibus
513 739 933 804 contunditur;
967 737 1183 793 deinde
1214 737 1479 793 detracta
1537 738 1716 793 totius
1763 736 1923 792 vultu

2067 732 2255 810 ετρίϐη
2317 735 2496 800 λίθοις
2546 739 2642 800 τὰς
2698 738 2970 812 σιαγόνας,
3026 738 3116 794 καὶ
3168 741 3232 795 τὸ
3289 741 3385 795 τοῦ
3415 742 3717 812 προσώπου

304 831 481 902 pelle,
514 829 722 882 dentes
755 826 948 881 eidem
987 826 1342 882 evelluntur.
1377 827 1504 880 Mox
1535 827 1597 880 in
1645 824 1923 881 ardentem

2065 821 2237 900 δέρμα
2294 824 2540 900 ἐξεδάρη,
2597 827 2686 883 καὶ
2734 827 2862 892 τοὺς
2922 825 3142 893 ὀδόντας
3200 829 3548 904 ἐξεῤῥιζώθη.
3611 832 3714 888 Καὶ

302 918 598 974 fernacem
631 916 906 988 injectus,
927 916 1183 987 indeque
1202 916 1330 971 sine
1347 918 1384 970 1
1401 916 1502 972 21)
1519 932 1671 970 noxa
1682 930 1922 986 egressu

2061 913 2139 976 εἷς
2168 915 2396 989 κάμινον
2443 911 2765 990 ἐμϐληθεὶς,
2814 916 3035 988 ἐξῆλθεν
3083 912 3356 989 ἀϐλαϐήςο
3404 918 3495 973 καὶ
3528 916 3714 990 δηλη-

298 1007 543 1078 jubetur
571 1006 878 1060 venenatis
908 1005 1056 1060 cibis
1088 1005 1261 1060 vesci.
1295 1005 1406 1060 Sed
1428 1021 1564 1060 cum
1585 1005 1694 1058 hos
1715 1019 1952 1074 quoque

303 1095 451 1150 citra
484 1093 767 1149 damnum
824 1093 1196 1164 sumpsisset,
1230 1093 1304 1147 ad
1334 1092 1550 1147 Christi
1600 1091 1778 1146 fidem
1809 1108 1949 1146 con-

299 1184 475 1238 vertit
504 1200 658 1250 eum,
685 1183 784 1253 qui
818 1182 952 1236 illos
978 1186 1427 1254 pra-paraverat.
1459 1197 1740 1252 magnum
1771 1186 1831 1235 et
1858 1196 1950 1234 ca-

298 1272 420 1344 pite
447 1272 685 1344 plexum
715 1272 789 1326 ad
845 1288 1126 1326 coronam
1182 1271 1448 1340 martyrii
1481 1271 1787 1341 praemisit.
1815 1271 1946 1340 Ipse

296 1368 494 1417 autem
527 1361 772 1416 succisis
803 1361 980 1415 totius
1003 1359 1267 1430 corporis
1298 1360 1518 1425 nervis,
1551 1358 1611 1412 in
1634 1358 1944 1413 ardentem

293 1450 548 1505 lebetem
576 1450 953 1504 immittitur:
980 1465 1048 1502 ex
1066 1465 1182 1519 quo
1213 1465 1347 1502 cum
1369 1448 1689 1503 incolumis
1720 1447 1941 1502 evasis-

293 1545 402 1603 set,
435 1538 667 1594 effossis
697 1539 908 1605 oculis,
943 1536 1134 1610 capite
1163 1535 1395 1592 inverso
1429 1553 1774 1608 suspensus,
1809 1540 1941 1590 tan-

289 1628 422 1684 dem
455 1627 782 1683 decollatus
812 1627 944 1682 fuit.

664 1733 1084 1827 MENSE
1148 1731 1540 1826 JUNIO.

945 1875 1048 1930 Die
1087 1875 1282 1930 prima

948 1893 1048 1930 ure
1127 1893 1282 1930 rima

289 1969 439 2025 121
475 1967 762 2024 Certamen
799 1970 977 2023 sancti
1028 1893 1291 2039 mgrtyris
1345 1964 1557 2022 Justim'
1588 1965 1930 2037 philosophi.

353 2157 618 2212 Justinus
651 2155 867 2211 Christi
919 2157 1394 2229 sapientissimus
1433 2159 1677 2228 martyr,
1711 2160 1837 2210 erat
1865 2171 1935 2211 ex

282 2245 526 2316 Neapoli
558 2244 759 2316 Syriae,
804 2245 890 2300 vir
933 2245 1342 2316 philosophus,
1375 2261 1442 2300 ac
1473 2243 1793 2316 plurimam
1827 2243 1936 2300 ha-

279 2331 428 2388 bens
450 2333 666 2388 mentis
682 2334 1130 2405 perspicaciam.
1152 2334 1447 2389 Christum
1463 2339 1662 2388 autem
1681 2333 1932 2405 diligens

276 2439 530 2495 cumque
560 2423 695 2479 odio
714 2423 1004 2480 habentes
1037 2424 1404 2490 adversatus,
1436 2423 1634 2478 divino
1668 2422 1930 2494 quotidie

275 2513 397 2567 zelo
421 2513 910 2568 succendebatur.
927 2514 1298 2585 Quapropter
1318 2517 1376 2567 et
1396 2514 1642 2567 Romam
1665 2511 1928 2578 veniens,

282 2601 536 2656 Antonio
585 2602 942 2674 imperante,
996 2619 1130 2656 cum
1186 2601 1405 2656 librum
1447 2600 1786 2671 scripsisset
1814 2598 1928 2654 ad-

275 2706 479 2744 versus
504 2690 799 2746 idolorum
834 2707 1118 2755 errorem,
1151 2695 1212 2746 et
1250 2691 1309 2744 in
1342 2689 1591 2762 gratiam
1643 2688 1928 2744 Christia-

272 2795 482 2834 norum
514 2779 672 2847 fidei,
706 2779 875 2834 illum
908 2779 1124 2834 obtulit
1153 2777 1532 2849 imperatori:
1566 2776 1667 2847 qui
1699 2775 1924 2847 sapien-

270 2868 414 2922 tiam
445 2873 623 2939 atque
655 2869 966 2923 scientiam
1008 2868 1137 2938 ejus
1196 2867 1546 2930 admiratus,
1596 2882 1716 2919 non
1750 2863 1924 2918 modo

272 2957 444 3011 illum
475 2974 595 3012 non
622 2957 943 3020 interfecit,
977 2972 1178 3010 verum
1211 2956 1408 3026 potius
1467 2953 1921 3010 commendavit.

269 3047 559 3111 Quoniam
588 3063 722 3102 vero
755 3046 816 3100 in
859 3045 982 3100 suis
1039 3045 1113 3100 ad
1172 3043 1454 3099 idolatras
1489 3042 1924 3098 dissertationi-

2056 1007 2251 1080 τήριον
2303 1007 2601 1077 ποτισθεῖς,
2658 1007 2749 1062 καὶ
2809 1004 2980 1080 μηδὲν
3037 1004 3337 1078 ἀδικηθεὶς,
3394 1007 3485 1062 τὸν
3541 1011 3708 1063 τοῦτο

2056 1093 2354 1167 κεράσαντα
2437 1094 2598 1172 μέγον
2683 1095 3044 1172 παρεσκεύασε
3124 1100 3403 1151 πιστεῦσαι
3465 1100 3708 1170 Χριστῷ,

2053 1183 2141 1237 κσὶ
2209 1184 2340 1259 ὑπὲρ
2419 1184 2585 1240 αὐτοῦ
2669 1184 3194 1263 ἀποκεφαλισθῆναι.
3254 1187 3390 1241 Εἶτα
3448 1184 3707 1240 ἐκσπᾶται

2052 1275 2226 1327 πάντα
2253 1275 2322 1328 τὰ
2349 1278 2508 1334 νεῦρα
2535 1277 2636 1328 τοῦ
2679 1275 2952 1348 σώματος,
2983 1274 3074 1329 καὶ
3129 1273 3205 1336 εἷς
3266 1269 3472 1344 λέϐητα
3518 1295 3708 1350 πυρω-

2052 1363 2207 1427 θέντα
2237 1359 2552 1434 ἐμϐληθεὶς,
2604 1363 2826 1438 ἐξῆλθεν
2867 1359 3138 1434 ἀϐλαϐής.
3173 1366 3308 1421 Εἶτα
3334 1365 3463 1426 τοὺς
3497 1362 3710 1442 ὀφθαλ-

2051 1451 2188 1526 μοὺς
2247 1451 2620 1524 ἐκκεντισθεὶς,
2677 1453 2768 1509 καὶ
2824 1452 3146 1530 κρεμασθεὶς
3215 1451 3352 1509 κατά
3431 1453 3708 1530 κεφαλῆς,

2049 1539 2453 1620 ἂιπεκεφαλίσθη
2465 1585 2477 1599 .

2431 1746 2756 1841 ΜΗΝΙ
2840 1743 3314 1842 ΙΟΥΝΙΩ.

2647 1883 2739 1939 Ἐν
2778 1883 2848 1954 τῇ
2892 1878 3084 1955 πρώτη

2184 1969 2453 2041 νΑθλησις
2483 1973 2580 2026 τοῦ
2620 1969 2777 2044 ἁγίου
2826 1970 3096 2044 μάρτυρος
3129 1968 3421 2026 Ἰουστίνου
3447 1971 3548 2024 τοῦ

2700 2040 3026 2118 φιλοσόφου’.

2111 2132 2424 2201 ’Ῑουστῖνος,
2479 2131 2507 2187 6
2564 2135 2661 2186 τοῦ
2718 2131 2956 2203 Χριστοῦ
3011 2129 3327 2207 σοφώτατος
3368 2127 3593 2205 μάρτυς,
3626 2131 3694 2198 ἦν

2039 2219 2144 2274 ἀπὸ
2202 2220 2528 2282 Νεαπόλεως
2585 2225 2685 2288 τῆς
2740 2217 2960 2292 Συρίας,
3023 2217 3328 2293 φιλόσοφος
3386 2218 3544 2292 ἀνὴρ,
3600 2217 3695 2273 καὶ

2039 2308 2248 2365 σύνεσιν
2281 2308 2425 2385 ἔχων
2452 2307 2696 2380 πολλήν.
2755 2310 3007 2382 Ἀγαπῶν
3059 2304 3117 2362 δὲ
3170 2307 3262 2363 τὸν
3313 2307 3566 2382 Χριστὸν,
3600 2306 3700 2362 καὶ

2033 2397 2162 2461 τοὺς
2191 2399 2352 2454 αὐτὸν
2391 2402 2689 2472 μισοῦντας
2742 2396 3243 2471 ἀποστρεφόμενος,
3273 2399 3341 2471 τῇ
3372 2396 3503 2469 θείῳ
3535 2396 3694 2469 ζήλῳ

2036 2484 2301 2543 διεκαίετο
2359 2489 2478 2552 καθ’
2530 2488 2762 2562 ἡμέραν.
2832 2485 2930 2540 Διά
2983 2489 3144 2541 τοῦτο
3195 2485 3286 2540 καὶ
3329 2484 3578 2548 ἀπελθὼν
3613 2484 3694 2547 εἰς

2033 2577 2255 2650 Ῥώμην
2309 2575 2394 2632 ἐπὶ
2453 2583 2553 2646 τῆς
2615 2573 2895 2652 βασιλείας
2951 2575 3298 2643 Ἀντωνίνου,
3331 2574 3418 2629 καὶ
3469 2573 3681 2649 γράψας

2030 2663 2202 2738 τόμον
2228 2665 2365 2720 κατά
2405 2667 2504 2734 τῆς
2563 2662 2776 2734 πλάνης
2835 2663 2929 2735 μὶν
2985 2666 3093 2717 τῶν
3153 2659 3426 2732 εἷδώλων,
3459 2663 3592 2734 ὑπὲρ
3624 2659 3685 2716 δὶ

2029 2763 2130 2826 τῆς
2162 2757 2395 2820 πίστεως
2434 2761 2542 2812 τῶν
2592 2757 2960 2830 Χριστιανῶν,
3008 2751 3305 2810 ἐπιδέδωκε
3331 2757 3410 2825 τῷ
3443 2751 3680 2829 βασιλεῖ.

2031 2846 2136 2901 Καὶ
2169 2845 2445 2919 θαυμάσας
2502 2847 2530 2901 6
2590 2842 2844 2920 βασιλεὺς
2897 2845 2995 2913 τήν
3058 2844 3248 2921 σοφίαν
3278 2842 3442 2898 αὐτοῦ
3466 2840 3554 2896 καί
3579 2843 3684 2910 τήν

2030 2933 2366 3008 ἐπιστήμην,
2399 2933 2461 2990 οὐ
2518 2933 2681 3007 μόνον
2737 2931 2838 2988 οὐκ
2892 2930 3170 3009 ἐφόνευσεν
3204 2931 3386 3002 αὐτὸν,
3417 2928 3565 2985 ἀλλά
3593 2931 3688 2985 καὶ

2029 3024 2308 3098 ἐπῄνεσεν.
2345 3023 2494 3080 Ἐπεὶ
2525 3021 2583 3078 δὲ
2639 3021 2728 3078 καὶ
2786 3020 2839 3076 ἐν
2897 3026 3018 3083 ταῖς
3052 3021 3189 3094 πρὸς
3217 3019 3344 3082 τοὺς
3377 3017 3687 3075 εἰδωλολά-

270 3105 715 3196 hus.idolorum
730 3134 951 3188 cultum
983 3133 1257 3188 fallacem
1283 3131 1654 3198 ostendebat,
1679 3131 1922 3186 etChri-

2034 3133 2178 3190 ερας·
2235 3112 2524 3184 διαλέξεσι,
2580 3113 2679 3182 τήν
2743 3111 2839 3184 μὲν
2896 3110 3182 3185 θρησκείαν
3243 3114 3350 3164 τῶν
3410 3105 3683 3177 εἰδώλων,

271 3225 603 3279 stianorum
625 3225 974 3297 religionem
993 3223 1230 3294 scriptis
1261 3222 1624 3294 argumentis
1649 3219 1923 3276 ﬁrmabat

2034 3202 2322 3274 ἀπατηλήν
2378 3203 2672 3276 ἀπέφηνεν,
2728 3202 2828 3269 τήν
2890 3197 2947 3256 δὲ
3001 3205 3108 3254 τῶν
3171 3201 3508 3272 Χριστιανῶν
3563 3192 3684 3252 ἐϐε-

271 3315 604 3370 Crescentis
660 3313 999 3386 philosophi
1052 3313 1333 3368 invidiam
1383 3312 1583 3380 subiit,
1615 3316 1792 3381 atque
1849 3309 1922 3365 ab

267 3403 400 3474 ipso
434 3404 586 3459 I22
609 3403 745 3458 odio
763 3403 1025 3466 habitus.
1050 3401 1286 3457 insidiis
1309 3401 1532 3472 petitus
1562 3404 1670 3465 est,
1703 3415 1921 3470 quous-

269 3508 384 3562 que
416 3492 489 3548 ab
517 3509 585 3547 eo
618 3493 970 3548 interfectus
999 3492 1131 3546 fuit.

335 3585 410 3638 Et
439 3589 714 3638 certamen
743 3585 922 3638 sancti
949 3579 1215 3651 martyris
1242 3582 1452 3635 Justim'
1476 3586 1530 3634 et
1557 3581 1848 3635 sociorum.

335 3770 526 3823 Etiam
557 3768 619 3822 hi
665 3769 852 3822 sancti
913 3770 1111 3823 Romaa
1169 3767 1574 3834 versabantur,
1617 3767 1676 3821 in
1704 3765 1916 3820 Christi

265 3857 510 3912 nomine
559 3855 862 3909 docentes.
913 3855 1337 3925 Comprehensi
1392 3860 1591 3909 autem
1649 3855 1721 3908 ab
1753 3854 1915 3909 urbis

263 3943 565 4016 praefecto,
599 3943 821 3998 detrusi
855 3949 994 3997 sunt
1021 3944 1082 3996 in
1105 3959 1425 4005 carcerem,
1457 3959 1524 3996 ac
1555 3947 1686 4012 post
1714 3941 1914 4012 plures

267 4033 394 4088 dies
425 4031 563 4086 inde
579 4030 796 4099 educti,
813 4047 1011 4086 coram
1033 4031 1136 4085 illo
1151 4031 1389 4086 adducti
1412 4036 1567 4086 sunt.
1594 4030 1913 4086 Praifectus

265 4129 464 4181 autem
479 4129 612 4196 post
641 4122 860 4178 multas
890 4139 957 4178 ac
987 4122 1175 4179 varias
1205 4122 1718 4194 interrogationes,
1741 4122 1914 4176 Justi-

263 4231 410 4270 num
436 4215 520 4270 ita
548 4213 962 4286 interrogavit:
1005 4213 1109 4268 Dic
1135 4211 1302 4280 mihi,
1329 4211 1578 4282 Justine,
1610 4211 1827 4283 inquit,
1860 4211 1910 4266 si

259 4303 460 4376 ﬂagris
490 4319 680 4359 caesus
716 4318 783 4358 ac
813 4302 1004 4374 capite
1036 4306 1345 4358 truncatus
1375 4299 1578 4368 fueris,
1634 4305 1909 4356 certusne

260 4393 504 4449 omnino
561 4392 751 4449 factus
807 4407 868 4446 es
919 4397 974 4446 te
1043 4406 1430 4446 ascensurum
1489 4389 1551 4444 in
1635 4389 1848 4445 ccelum
1881 4389 1910 4445 ?

254 4482 357 4537 Cui
381 4483 683 4538 Justinus:
716 4481 896 4552 Spero
954 4479 1364 4535 haereditatem
1398 4479 1561 4549 regni
1619 4479 1903 4534 caelorum

254 4585 349 4624 me
383 4575 863 4636 consecuturum,
898 4568 947 4622 si
987 4568 1166 4624 alacri
1221 4568 1421 4623 animo
1455 4566 1579 4621 haec
1610 4571 1906 4622 tormenta
1936 4561 1981 4626 D

256 4657 616 4713 sustinuero.
641 4657 729 4711 Ad
759 4657 884 4712 haec
928 4658 1280 4728 praefectus:
1333 4657 1452 4711 Hoc
1499 4655 1676 4727 igitur
1704 4662 1897 4727 putas,

256 4744 416 4813 quod
468 4745 548 4799 sis
579 4760 934 4800 ascensurus
963 4746 1024 4800 in
1056 4747 1290 4812 cmlum,
1351 4745 1550 4816 ibique
1608 4744 1897 4800 bonorum

254 4831 649 4902 quorumdam
697 4834 1151 4890 retributionem
1204 4839 1548 4905 recepturus
1569 4833 1596 4889 ?
1624 4836 1694 4888 Et
1720 4835 1896 4890 Justi-

251 4937 364 4974 nus
399 4936 412 4974 :
442 4922 568 4974 Non
624 4921 837 4992 Opinor
891 4923 1104 4990 solum,
1139 4923 1354 4993 inquit,
1415 4922 1520 4978 sed
1567 4924 1899 4979 certissima

247 5009 638 5080 persuasione
675 5009 736 5064 id
786 5016 976 5066 teneo.
1039 5014 1199 5067 Tunc
1245 5010 1506 5082 praefecti
1531 5011 1730 5083 jussu,
1776 5031 1898 5070 una

247 5113 383 5154 cum
413 5097 635 5153 sanctis
669 5098 867 5163 sociis,
900 5099 1090 5171 capite
1121 5099 1328 5170 plexus
1358 5104 1466 5155 est.

803 5188 1044 5243 EODEM
1083 5187 1337 5243 MENSE.

877 5277 976 5332 Die
1008 5276 1270 5332 secunda

249 5362 514 5419 Mamoria
559 5364 736 5420 sancti
781 5367 966 5422 Patris
1011 5367 1204 5428 nostri,
1263 5371 1317 5420 et
1377 5367 1696 5434 confessoris
1725 5370 1892 5424 Nice-

453 5453 643 5524 phori,
665 5454 1009 5526 patriarchae
1063 5453 1676 5526 Constantinopolitani.

317 5630 558 5691 Divinas
603 5633 870 5707 pontifex
951 5631 1313 5707 Nicephorus
1378 5633 1891 5712 Constantinopoli

2029 3290 2207 3362 ϐαίου,
2237 3294 2329 3350 καὶ
2385 3293 2636 3368 ἐκράτυνε
2693 3295 2982 3370 γραφικαῖς
3041 3287 3362 3364 ἀποδείξεσι,
3395 3287 3678 3365 ἐφθογήθη

2032 3385 2135 3440 ὑπὸ
2195 3382 2514 3458 Κρίσκεντος
2565 3386 2662 3437 τοῦ
2720 3380 3050 3458 φιλοσόφου.
3107 3379 3208 3437 Καὶ
3264 3379 3554 3457 φθονηθεὶς
3583 3375 3682 3432 ἐπ-

2029 3470 2371 3539 εϐουλεύετο,
2399 3472 2505 3534 ἓως
2535 3470 2771 3546 ἀνῃρέθη
2803 3471 2928 3546 παρ’
2961 3468 3187 3527 ἐκείνου,

2027 3564 2130 3621 Καὶ
2184 3561 2412 3634 ἄθλησις
2465 3565 2564 3617 τοῦ
2648 3559 3170 3634 ἁγίουμμάρτυρος
3237 3556 3528 3614 Ἰουστίνου
3582 3556 3681 3610 καὶ

2559 3634 2659 3701 τῆς
2691 3628 2939 3695 συνοδίας
2958 3628 3144 3687 αὐτοῦ.

2096 3723 2198 3781 Καὶ
2229 3725 2381 3778 αὗτοι
2412 3723 2469 3778 οἱ
2500 3723 2647 3795 ἅγιοι
2707 3719 2759 3776 ἐν
2818 3724 2888 3794 τῇ
2945 3720 3138 3794 Ῥώμῃ
3190 3713 3484 3791 διέτριϐον,
3521 3712 3680 3770 διδάο

2023 3833 2240 3874 σκοντες
2271 3811 2358 3866 ἐπὶ
2383 3815 2462 3883 τῷ
2512 3809 2742 3884 ὀνόματι
2793 3812 2892 3864 τοῦ
2949 3811 3213 3882 Χριστοῦ.
3248 3807 3346 3861 Καὶ
3376 3803 3680 3874 κρατηθέν-

2017 3924 2106 3965 τες
2137 3901 2282 3977 παρά
2335 3905 2432 3956 τοῦ
2487 3907 2586 3970 τῆς
2638 3899 2856 3961 πόλεως
2915 3897 3187 3972 ἐπάρχου,
3241 3895 3678 3964 ἀπεκλείσθησαν

2020 3991 2098 4054 εἰς
2157 3990 2426 4061 φυλακήν.
2489 3989 2588 4044 Καὶ
2651 3989 2785 4063 μετὰ
2839 3985 3056 4050 πολλὰς
3113 3985 3324 4059 ἡμέρας
3373 3991 3472 4054 τῆς
3502 3983 3683 4062 φυλα-

2017 4087 2118 4150 κῆς
2149 4075 2523 4151 ἐκϐληθέντες,
2582 4080 2922 4154 παρέστησαν
2982 4081 3062 4148 τῷ
3119 4074 3369 4150 ἐπάρχῳ.
3404 4075 3502 4128 Καὶ
3535 4073 3675 4146 ἐρώ-

2015 4191 2174 4240 τησεν
2237 4170 2267 4225 6
2323 4163 2566 4244 ἔπαρχος
2619 4168 2712 4223 τὸν
2767 4168 3059 4226 Ἰουστῖνον
3124 4165 3259 4239 μετὰ
3308 4162 3526 4226 πολλὰς
3581 4162 3672 4216 καὶ

2015 4255 2189 4320 ἄλλας
2249 4256 2562 4334 ἐρωτήσεις·
2624 4255 2780 4328 Εἰπὲ,
2844 4257 3130 4324 Ἰουστῖνε,
3179 4253 3268 4310 ἐὰν
3305 4252 3674 4328 μαπιγωθεῖς

2012 4346 2104 4403 καὶ
2163 4346 2621 4424 ἀποκεφαλισθεὶς
2702 4346 2919 4408 πάντως
2996 4343 3514 4418 πεπληροφόρησαι,
3583 4339 3670 4396 δτι

2016 4435 2238 4512 μέλλεις
2270 4431 2576 4492 ἀναϐαίνειν
2633 4435 2712 4500 εἲς
2763 4437 2856 4492 τὸν
2902 4436 3128 4514 οὐρανόν
3154 4456 3168 4507 ;
3199 4437 3262 4494 Ὁ
3291 4432 3349 4490 δὲ
3376 4439 3670 4496 Ἰουστῖνος

2013 4528 2174 4583 εἶπεν·
2209 4525 2456 4596 Ἐλπίζω
2487 4523 2912 4599 κληρονομῆσαι
2960 4528 3060 4596 τήν
3098 4530 3206 4582 τῶν
3238 4524 3480 4600 οὐρανῶν
3516 4524 3673 4600 βασι-

2013 4615 2186 4684 λείαν,
2221 4613 2306 4670 ἐὰν
2340 4613 2620 4688 ὑπομείνω
2667 4614 2968 4690 προθύμως
3022 4614 3220 4677 ταύτας
3251 4613 3344 4678 τὰς
3377 4610 3666 4688 βασάνους.

2010 4709 2046 4756 K
2094 4702 2108 4722 ‘
2150 4703 2178 4756 6
2228 4699 2252 4720 "
2366 4721 2380 4730 ·
2544 4703 2569 4755 ἴ
2643 4721 2655 4733 °
2780 4705 2808 4716 "
2958 4702 2986 4722 '
3079 4701 3093 4724 '
3273 4705 3296 4716 ’
3423 4700 3431 4714 '
3544 4697 3558 4716 ’

2055 4724 2109 4756 αι
2227 4721 2468 4776 επαρχος
2518 4721 2636 4756 επε
2702 4707 2876 4756 Τουτο
2925 4722 3016 4756 ουν
3073 4721 3347 4765 υπονοεις,
3401 4700 3485 4753 ὁτι
3534 4718 3668 4752 ανα-

2007 4784 2150 4865 ϐήσῃ
2177 4789 2252 4852 εἰς
2282 4791 2410 4852 τοὺς
2442 4788 2730 4865 οὐρανοὺς,
2781 4790 2872 4845 καὶ
2931 4788 3196 4863 ἀπολήψῃ
3236 4782 3471 4862 ἀμοιϐάς
3496 4808 3664 4842 τινων

2006 4878 2215 4954 ἀγαθῶν
2242 4899 2256 4948 ;
2287 4879 2582 4940 Ἰουστῖνος
2639 4880 2807 4934 εἶπεν·
2863 4877 2988 4953 Οὐχ
3020 4879 3238 4934 ὑπονοῶ
3269 4878 3482 4946 ἀπΑῶς,
3515 4872 3664 4930 ἀλλά

2004 4968 2094 5024 καὶ
2148 4962 2389 5043 ἀκριϐῶς
2445 4967 2980 5044 πεπΛηροφόρημαι.
3035 4968 3176 5026 Τότε
3230 4965 3518 5042 προστάξει
3557 4964 3661 5019 τοῦ

2005 5057 2274 5133 ἐπάρχου,
2331 5059 2464 5132 μετά
2516 5061 2622 5113 τῶν
2682 5057 2775 5112 σὺν
2835 5057 2980 5130 αὐτῷ
3036 5056 3229 5132 ἁγίων,
3281 5057 3380 5125 τήν
3406 5051 3656 5130 κεφαλήν

2005 5146 2320 5220 ἀπετμήθη.

2535 5235 2719 5291 ΜΗΝΙ
2777 5239 2861 5289 ΤΩ
2919 5236 3123 5291 ΑΥΤΩ.

2802 5329 2839 5377 Β

2003 5413 2204 5484 Μνήμη
2262 5412 2361 5487 τοῦ
2413 5409 2487 5487 ἐνΔ
2525 5411 2708 5487 ἀγίοις
2765 5411 2974 5487 Πατρὸς
3032 5415 3194 5486 ἡμῶν
3244 5409 3332 5466 καὶ
3363 5406 3658 5487 ὂμολογη-

2068 5479 2167 5611 ἰοῦ
2271 5479 2594 5560 Νικηφόρου
2679 5479 3090 5561 πατριάρχου,”
3137 5479 3654 5542 Κωνσταντινςυπό-

2111 5574 2235 5616 εως.

2067 5641 2410 5718 Νικηφόρος,
2457 5642 2488 5698 6
2534 5644 2678 5707 θεῖος
2738 5643 3046 5720 ἀρχιερεὺς,
3111 5644 3332 5721 ὑπῆρχε
3367 5648 3468 5713 τῆς
3500 5646 3659 5697 Κων-
