4086 6204
316 338 436 397 485

1893 328 2209 390 JUNIUS.

3613 344 3731 405 486

316 465 841 535 σταντινουπόλεως,
870 462 962 519 καὶ
993 465 1260 538 γέννημα,
1290 462 1384 519 καὶ
1431 464 1670 538 θρέμμα,
1721 462 1809 519 ἐπὶ
1860 468 1959 531 τῆς

2076 466 2252 518 natus
2283 464 2704 538 educatusque,
2740 468 2923 540 impio
2957 471 3346 528 Constantino
3376 474 3731 545 imperante,

321 556 605 631 βασιλείας
634 554 1046 611 Κωνσταντίνου
1075 557 1172 609 τοῦ
1225 548 1539 622 δυσσεϐοῦς,
1590 554 1705 614 υἱὸς
1755 549 1971 607 Θεοδωο

316 666 412 720 ρου
445 647 537 700 καὶ
578 642 865 706 Εὐδοκίας.
926 645 987 701 Ὁ
1047 641 1104 698 δὲ
1156 640 1435 719 Θεόδωρος
1496 642 1569 697 ὣν
1631 641 1969 718 ὑπογραφεὺς

315 742 423 791 τῶν
490 735 789 811 βασιλικῶν
849 734 1223 806 ἐνταλμάτων,
1277 733 1352 796 ὡς
1420 734 1804 808 προηύνητὴς
1860 736 1968 786 τῶν

314 825 472 879 θείων
516 823 741 879 εἷκὸνων
800 819 1141 893 διαϐληθεὶς,
1195 822 1395 900 ἰτύφθη
1447 823 1537 877 καὶ
1573 820 1833 897 ἐξωρίσθη
1893 820 1969 883 εἷς

319 914 606 971 Μύλασαν.
646 914 772 970 Εἶτα
801 912 877 974 εἰς
936 912 1182 979 Νίκαιαν,
1228 907 1353 976 ἔνθα
1402 910 1494 967 καὶ
1542 910 1787 982 τελευτᾷ.
1820 911 1881 968 Ὁ
1915 908 1971 965 δὶ

316 1002 512 1058 τούτου
544 1003 661 1064 υίὸς
722 1003 1056 1079 Νικηφόρος,
1118 1000 1458 1078 ὑπογραφεὺς
1506 1000 1596 1056 καὶ
1654 999 1816 1061 αὐτὸς
1875 998 1968 1071 ὢν,

319 1090 639 1147 καταλιπὼν
671 1094 773 1159 τήν
806 1091 974 1162 ἀξίαν,
1007 1091 1270 1161 πλοῦτον,
1311 1090 1400 1146 καὶ
1448 1087 1629 1160 δόξαν,
1677 1092 1776 1158 τήν
1828 1095 1968 1165 Προ-

318 1180 554 1236 ποντίδα
582 1188 681 1251 τῆς
716 1179 933 1243 πόλεως
964 1175 1282 1236 κατέλαϐεν’
1317 1178 1441 1244 ἔνθα
1490 1184 1605 1251 Θεῷ
1658 1180 1743 1234 καὶ
1797 1182 1969 1250 ἑαυτῷ

314 1273 630 1346 προσέχων,
701 1270 966 1340 ἐκτήσατο
1040 1269 1286 1345 μεγάλην
1368 1268 1588 1345 ἀρετήν.
1674 1269 1772 1323 Καὶ
1836 1268 1970 1341 μετά

312 1359 574 1429 τελευτὴν
635 1358 910 1432 Ταρασίου
965 1363 1063 1413 τοῦ
1124 1360 1540 1433 μακαριωτάτου
1599 1357 1965 1433 πατριάρχου,

312 1448 709 1524 προεχειρίσθη
771 1450 1121 1523 πατριάρχης
1183 1445 1808 1510 Κωνσταντινουπόλεως
1863 1447 1968 1502 ὑπὸ

316 1538 635 1614 Νικηφόρου
698 1533 969 1613 βασιλέως
1015 1542 1116 1592 τοῦ
1173 1536 1378 1612 πατρὸς
1439 1536 1797 1611 Σταυρακίου.
1864 1534 1967 1593 Καὶ

315 1626 569 1703 διήρκεσε
602 1625 770 1703 μέχρι
802 1635 904 1696 τῆς
939 1624 1221 1703 βασιλείας
1252 1630 1487 1689 Λέοντος
1517 1632 1614 1682 τοῦ
1659 1627 1968 1699 Εἷκονομά-

313 1738 437 1792 χου·
479 1718 568 1794 ὑφ’
602 1717 661 1771 οὗ
692 1717 781 1771 καὶ
813 1715 1126 1790 ἐξορισθείς,
1154 1716 1242 1771 καὶ
1269 1715 1345 1778 εἷς
1377 1715 1624 1794 φυλακὴν
1645 1710 1966 1788 ἐμϐληθεὶς,

313 1809 450 1880 πρὸς
483 1808 685 1881 Κύριον
718 1803 1076 1897 ἐξεδήμησεν,
1106 1806 1322 1897 χρόνων
1384 1802 1766 1897 ἱϐδομήκοντα
1798 1806 1966 1897 ὑ-πάρ-
2000 1832 2045 1897 Β

313 1914 452 1970 χων⁸
492 1898 578 1967 Ἐξ
612 1896 685 1949 ὧν
723 1896 818 1967 μὲν
851 1895 1000 1950 ἐννὲα
1031 1896 1082 1949 ἐν
1125 1899 1192 1969 τῇ
1246 1894 1628 1973 ἀρχιερωσύνη
1678 1892 1966 1966 διετέλεσε,

314 1983 442 2040 δέκα
475 1982 536 2039 δὲ
565 1985 656 2039 καὶ
688 1984 814 2059 τρία
843 1983 895 2038 ἐν
925 1988 995 2058 τῇ
1028 1983 1227 2060 ἐξορίᾳ.

866 2101 1049 2157 MHNI
1087 2103 1170 2154 ΤΩ
1210 2101 1413 2157 ΑΥΤΩ.

1113 2189 1167 2243 ι..

312 2290 582 2360 Ἀθλησις
638 2294 735 2344 τοῦ
820 2288 974 2362 ἁγίου
1046 2286 1316 2362 μάρτυρος
1403 2286 1812 2345 Λουκιλλιανοῦ
1873 2284 1961 2344 καὶ

828 2357 930 2428 τῆς
962 2357 1434 2421 συνοδίαςαῦτοῦ.

381 2458 850 2521 Λουκιλλιανὸςὸ
901 2463 998 2514 τοῦ
1047 2460 1283 2533 Χριστοῦ
1335 2457 1561 2531 μάρτυς,
1609 2460 1675 2529 ἦν
1729 2460 1817 2516 ἐπὶ
1865 2467 1966 2529 τῆς

314 2548 596 2623 βασιλείας
631 2548 1004 2621 Αὐρηλιανοῦ,
1033 2547 1297 2621 πρότερον
1338 2548 1513 2623 ἱερεὺς
1561 2553 1669 2603 τῶν
1718 2547 1963 2606 εἰδώλων

312 2639 578 2713 ὑπάρχων
616 2637 668 2692 ἐν
692 2642 761 2712 τῇ
794 2637 952 2692 πόλει
985 2635 1381 2710 Νικομηδείας,
1413 2641 1645 2713 γηραιὸς
1689 2641 1789 2709 τὴν
1832 2641 1962 2710 ἡλιο

308 2726 454 2784 κίαν.
491 2728 814 2789 Μετατεθεὶς
875 2725 932 2782 δὲ
987 2727 1124 2802 πρὸς
1179 2727 1276 2795 τὴν
1334 2726 1409 2789 εἷς
1469 2730 1696 2803 Χριστὸν
1759 2730 1959 2802 πίστιν,

308 2816 612 2891 ἐκρατήθη,
662 2820 753 2871 καὶ
810 2814 1085 2885 παρεδόθη
1144 2810 1398 2886 Σιλϐανῷ
1453 2822 1533 2889 τῷ
1590 2819 1815 2891 κόμητι·
1870 2820 1977 2874 καί

308 2907 388 2978 μὴ
421 2906 659 2967 πεισθεὶς
712 2907 1045 2981 ἀρνήσασθαι
1096 2906 1187 2960 τὸν
1234 2905 1493 2980 Χριστὸν,
1542 2906 1826 2983 συνετρίϐη
1871 2908 1954 2963 λίο

307 2996 428 3055 θοις
461 2996 525 3049 τὸ
560 2994 892 3067 πρόσωπων,
941 2995 1029 3049 καὶ
1075 2995 1289 3072 τυφθεὶς
1339 2990 1608 3069 ῥαϐδίοις,
1654 2995 1955 3072 ἐκρεμάσθη

307 3085 449 3138 κατά
478 3083 722 3161 κεφαλῆς
754 3083 842 3138 ἐπὶ
874 3083 1059 3156 ξύλου.
1096 3084 1223 3138 [εἶτα
1284 3082 1510 3158 βληθείς
1570 3084 1637 3147 ιῖς
1685 3084 1955 3163 φυλακὴν,

301 3174 459 3247 εὗρεν
493 3172 607 3229 ἐκεῖ
636 3171 823 3229 παιδία
882 3172 1109 3247 τέσσαρα
1168 3170 1257 3227 διὰ
1312 3182 1408 3241 την
1471 3172 1546 3235 εἰς
1595 3176 1825 3249 Χριστὸν
1858 3177 1949 3232 πί·
1986 3195 2029 3263 C

302 3284 419 3316 στιν
478 3260 923 3332 ἀποκλεισθέντα,
1014 3258 1305 3333 Κλαύδιον,
1392 3260 1663 3335 Ὑπάτιον,
1714 3264 1954 3343 Παῦλον⁹

299 3352 393 3407 καὶ
456 3350 754 3419 Διονύσιον,
807 3350 897 3405 καὶ
955 3350 1265 3425 περιχαρὴς
1323 3350 1615 3424 γενόμενος
1680 3350 1957 3428 ἐστήριξεν

302 3440 442 3495 αὐτὰ
473 3440 611 3513 πρὸς
636 3442 733 3508 τήν
767 3438 969 3494 πίστιν.
1033 3444 1129 3492 Και
1193 3437 1327 3510 μετὰ
1385 3437 1559 3492 αὐτῶν
1618 3444 1696 3512 τῷ
1751 3442 1956 3515 κόμητι

301 3529 461 3589 αὖθις
508 3528 810 3602 παραστάς,
868 3526 955 3582 καὶ
1020 3528 1095 3600 μὴ
1181 3528 1417 3590 πεισθεὶς
1475 3527 1805 3601 ἀρνήσασθαι
1864 3532 1955 3588 τὸν

300 3617 565 3689 Χριστὸν,
597 3611 870 3687 ἐνεϐλήθη
909 3615 983 3677 εἰς
1037 3617 1264 3685 κάμινον
1318 3614 1507 3690 πυρός.
1568 3617 1666 3672 Καὶ
1727 3618 1956 3689 ἐξελθὼν

301 3701 585 3774 ἀϐλαϐὴς,
637 3706 785 3779 ἢχθη
848 3702 1071 3777 δέσμιος
1124 3705 1259 3777 μετὰ
1307 3709 1415 3759 τῶν
1476 3702 1704 3761 παιδίων
1766 3707 1840 3771 εἰς
1897 3709 1960 3764 τὸ

308 3794 626 3863 Βυζάντιον.
688 3795 789 3850 Καὶ
844 3794 908 3848 τά
976 3794 1072 3866 μὶν
1160 3790 1347 3848 παιδία
1433 3795 1957 3873 ἀπεκεφαλίσθησανο

301 3884 473 3946 αὐτὸς
507 3882 564 3939 δὲ
594 3888 806 3958 σταυρῷ
835 3884 1238 3960 προσηλωθεὶς,
1271 3883 1589 3957 ἐτελειώθη.

298 4010 417 4066 Καὶ
494 4011 724 4082 ἄθλησις
808 4015 908 4077 τῆς
988 4010 1154 4088 ἁγίας,
1222 4014 1495 4088 μάρτυρος
1578 4010 1803 4084 Παύλης
1857 4020 1957 4084 τῆς

989 4083 1281 4157 παρθένου.

377 4210 438 4266 Ἦ
481 4213 578 4263 τοῦ
636 4212 880 4283 Χριστοῦ
941 4208 1145 4281 μάρτυς
1206 4207 1416 4278 Παῦλα,
1478 4212 1834 4285 συμπαροῦσα
1887 4213 1957 4284 τῇ

294 4297 539 4369 ἀθλήσει
570 4300 807 4361 καὶτοῖς
850 4296 1194 4372 ἀγωνίσμασι
1248 4302 1354 4352 τῶν
1402 4297 1568 4373 ἁγίων
1620 4296 1961 4354 Λουκιλλια-

290 4391 400 4443 νοῦ
430 4389 660 4442 καὶτῶν
693 4385 928 4456 παίδων,
960 4388 1099 4442 κατὰ
1136 4406 1196 4441 τε
1260 4388 1358 4456 τὴν
1411 4385 1660 4463 φυλακὴν
1720 4390 1811 4442 καὶ
1855 4390 1955 4457 τήν

289 4474 428 4532 ὁδὸν
463 4475 829 4551 ἀπεσπόγγιζε
856 4475 923 4530 τὰ
946 4473 1173 4550 αἵματα.
1210 4474 1299 4530 καὶ
1354 4478 1460 4529 τῶν
1510 4478 1840 4551 τραυμάτων
1893 4478 1961 4533 τὰ

2079 552 2418 611 Thodorum
2451 562 2509 611 et
2538 558 2856 615 Eudociam
2902 567 3177 632 parentes
3204 562 3432 619 habuit.
3466 564 3731 620 Theodoo

2080 658 2181 697 rus
2222 650 2419 700 autem
2452 663 2586 702 cum
2648 648 3047 720 imperialium
3105 652 3521 707 mandatorum
3581 657 3737 708 esset

2080 732 2467 805 subscriptor,
2505 741 2786 796 tanquam
2819 737 3153 794 divinarum
3184 741 3511 812 imaginum
3542 743 3736 797 cultor

2080 828 2410 891 accusatus,
2443 824 2826 881 verberatur:
2861 844 2997 882 mox
3049 828 3109 882 in
3145 830 3419 884 exsilium
3453 831 3735 901 Mylasam

2080 910 2467 983 deportatur:
2502 916 2640 972 inde
2673 917 2947 977 Nicaeam.
2979 918 3079 973 ubi
3113 927 3383 975 mortuus
3406 927 3511 975 est.
3547 922 3735 993 Hujus

2078 1015 2253 1070 porro
2289 1001 2449 1057 ﬁlius
2480 1005 2846 1076 Nicephorus
2877 1023 3011 1061 cum
3074 1013 3131 1061 et
3187 1008 3312 1079 ipse
3372 1010 3738 1081 subscriptor

2079 1094 2256 1149 esset.
2290 1091 2563 1147 abdicata
2593 1095 2899 1166 dignitate,
2933 1095 3143 1167 opibus
3162 1098 3446 1169 etgloria,
3480 1100 3738 1170 PrOpon-

2080 1177 2263 1234 tidem
2296 1182 2505 1237 urbem
2548 1185 2890 1239 contendit:
2942 1186 3040 1240 ubi
3081 1188 3198 1241 Deo
3232 1188 3464 1259 sibique
3498 1205 3732 1257 vacans,

2078 1283 2354 1339 magnam
2414 1271 2691 1327 virtutem
2751 1274 3021 1344 adeptus,
3084 1282 3217 1345 post
3264 1276 3593 1332 beatissimi
3633 1294 3732 1349 pa~

2079 1356 2353 1412 triarchaa
2407 1361 2593 1415 Tarsii
2648 1361 2877 1417 obitum
2914 1405 2927 1428 ,
2980 1363 3308 1433 Nicephoro
3376 1365 3734 1437 imperatore

2077 1446 2367 1500 Stauracii
2422 1454 2587 1518 patre
2642 1450 3340 1521 Constantinopolitanus
3399 1454 3734 1523 patriarcha

2079 1534 2233 1588 I23
2266 1535 2574 1592 ordinatus
2596 1538 2744 1593 fuit:
2778 1539 3035 1611 vixitque
3072 1557 3259 1611 usque
3310 1540 3385 1595 ad
3414 1542 3732 1614 imperium

2084 1623 2296 1678 Leonis
2332 1625 2728 1692 lconomachi,
2775 1645 2809 1683 a
2840 1646 2955 1699 quo
2988 1630 3048 1683 in
3081 1630 3355 1685 exsilium
3402 1632 3643 1701 missus,
3676 1634 3735 1688 et

2080 1711 2455 1769 incarcerem
2482 1716 2613 1786 conj
2626 1721 2807 1781 ectus,
2834 1718 2907 1772 ad
2932 1719 3246 1774 Dominum
3279 1719 3571 1791 migravit,
3594 1736 3731 1775 cum

2078 1816 2269 1856 annos
2302 1805 2674 1875 septuaginta
2692 1806 2951 1873 vixisset,
2977 1824 3228 1877 quorum
3261 1826 3471 1865 novem
3501 1810 3564 1865 in
3586 1827 3733 1882 pon-

2079 1890 2327 1959 tiﬁcatu,
2360 1892 2422 1947 in
2450 1893 2658 1948 exsilio
2692 1894 2975 1951 tredecim
3008 1897 3219 1968 exegit.

2636 2099 2878 2155 EODEM
2920 2101 3168 2156 MENSE.

2743 2198 2843 2253 Die
2884 2198 3059 2253 tertia

2074 2283 2358 2340 Certamen
2414 2285 2597 2340 sancti
2651 2289 2915 2357 martyris
2968 2287 3273 2343 Lucilliam'
3326 2295 3378 2346 et
3424 2292 3720 2350 sociorum.

2142 2462 2505 2519 Lucillianus
2527 2463 2744 2519 Christi
2764 2471 3006 2537 martyr,
3027 2468 3345 2523 Aureliano
3367 2468 3720 2540 imperante,

2070 2552 2331 2623 primum
2356 2551 2597 2623 quidem
2618 2552 2913 2609 idolorum
2934 2557 3211 2611 sacerdos
3249 2557 3462 2626 fuerat,
3491 2559 3552 2612 in
3576 2558 3721 2612 urbe

2072 2640 2428 2696 Nicomedia:
2447 2650 2735 2712 provectas
2778 2646 2904 2714 jam
2940 2646 3129 2699 mtatis
3156 2663 3169 2712 ;
3201 2645 3416 2701 deinde
3436 2646 3508 2701 ad
3541 2645 3720 2700 fidem

2070 2730 2286 2784 Christi
2309 2747 2645 2801 conversus,
2681 2734 3147 2803 comprehensus
3169 2740 3279 2803 est,
3302 2741 3361 2789 et
3389 2735 3589 2791 comiti
3614 2734 3719 2789 Sil-

2068 2835 2215 2873 vano
2240 2819 2511 2875 traditus.
2537 2821 2799 2892 Cumque
2828 2821 3029 2876 induci
3060 2839 3178 2877 non
3220 2829 3437 2894 posset,
3465 2829 3530 2879 ut
3554 2823 3719 2877 Chri-

2070 2912 2225 2962 stum
2262 2908 2602 2981 abnegaret,
2657 2909 2893 2981 lapidus
2941 2911 3090 2965 facie
3123 2918 3431 2980 contusus,
3457 2918 3516 2967 et
3543 2911 3718 2984 virgis

2068 3014 2277 3065 caesus,
2311 2999 2545 3053 inverso
2568 3000 2759 3070 capite
2784 3000 2846 3053 in
2872 3000 3191 3071 equuleum
3218 3002 3448 3072 rapitur
3472 3019 3485 3057 :
3515 3008 3635 3057 tum
3657 3002 3718 3056 in

2068 3102 2367 3142 carcerem
2399 3088 2725 3159 conjectus,
2762 3095 3017 3160 quatuor
3062 3106 3278 3159 pueros
3329 3090 3549 3145 ibidem
3580 3090 3716 3145 fidei

2068 3175 2416 3231 Christianas
2448 3193 2626 3232 causa
2657 3176 2920 3231 inclusos
2950 3178 3187 3247 reperit.
3222 3178 3531 3233 Claudium
3563 3180 3716 3233 scili-

2067 3269 2181 3329 cet,
2209 3265 2543 3336 Hypatium,
2579 3264 2829 3319 Paulum
2863 3271 2920 3319 et
2946 3265 3293 3335 Dionysium
3322 3283 3335 3319 :
3369 3284 3537 3337 quos,
3570 3284 3712 3339 gau-

2066 3350 2162 3406 dio
2195 3354 2486 3423 perfusus,
2520 3353 2581 3407 in
2614 3353 2729 3408 ﬁde
2754 3353 3145 3421 confirmavit,
3178 3361 3236 3409 et
3264 3372 3383 3410 una
3412 3373 3538 3411 cum
3590 3357 3715 3414 illis

2065 3440 2282 3495 iterum
2309 3442 2509 3497 comiti
2531 3440 2763 3497 oblatus
2792 3441 2904 3496 fuit
2928 3459 2940 3497 :
2965 3459 2999 3497 a
3029 3459 3143 3513 quo
3165 3460 3298 3497 cum
3322 3444 3395 3499 ad
3416 3445 3713 3503 Christum

2068 3529 2422 3600 ejurandum
2452 3529 2664 3585 adduci
2722 3530 3105 3601 nequivisset,
3138 3532 3199 3585 in
3231 3532 3530 3589 caminum
3560 3536 3711 3608 ignis

2068 3618 2393 3683 immissus,
2428 3624 2485 3673 et
2514 3619 2641 3673 sine
2672 3635 2825 3674 noxa
2854 3618 2991 3674 inde
3023 3636 3313 3692 egressus,
3347 3639 3481 3677 cum
3513 3626 3715 3696 pueris

2067 3708 2298 3764 vinctus
2328 3709 2667 3779 Byzantium
2724 3708 2936 3763 ductus
2986 3714 3108 3764 est:
3143 3708 3241 3764 ubi
3276 3712 3444 3781 pueri
3476 3714 3717 3784 quidem

2068 3800 2259 3871 capite
2289 3799 2447 3871 plexi
2487 3804 2663 3869 sunt;
2722 3799 2847 3870 ipse
2878 3815 3014 3853 vero
3048 3800 3110 3854 in
3168 3816 3405 3856 crucem
3457 3804 3715 3878 afﬂixus,

2066 3889 2296 3946 vivendi
2324 3890 2504 3944 ﬁnem
2534 3887 2691 3944 fecit.

2173 4011 2257 4064 Et:
2284 4015 2561 4065 certamen
2583 4012 2796 4064 sanctae
2823 4008 3083 4077 martyris
3136 4007 3325 4063 Paulae
3353 4010 3605 4080 virginis.

2137 4207 2355 4277 Martyr
2388 4203 2601 4259 Christi
2632 4202 2815 4258 Paula
2845 4219 2979 4258 cum
3011 4219 3275 4274 prmsens
3327 4203 3563 4261 adesset
3591 4223 3717 4262 cer-

2070 4293 2277 4349 tamini
2334 4297 2394 4347 et
2439 4291 2814 4347 conﬂictibus
2864 4297 3206 4347 sanctorum
3263 4292 3599 4361 Lucilliani,
3659 4300 3720 4351 et

2066 4398 2403 4454 pueroram,
2436 4387 2555 4437 tam
2586 4381 2645 4434 in
2676 4396 2934 4446 carcere,
2964 4395 3141 4449 quam
3188 4396 3295 4450 per
3324 4380 3476 4435 viam
3509 4398 3716 4438 eorum

2068 4471 2420 4545 sanguinem
2450 4475 2509 4524 et
2537 4468 2781 4524 vulnera
2810 4468 3056 4540 spongia
3084 4467 3445 4541 detergebat,
3478 4476 3711 4525 sancto-

286 4565 465 4635 ἔλκη,
499 4563 868 4639 θεραπεύουσα
896 4565 1033 4620 κατᾶ
1073 4562 1302 4637 δύναμιν
1350 4567 1460 4618 τῶν
1512 4565 1680 4640 ἁγίων
1729 4567 1795 4621 τὰ
1846 4567 1956 4621 σώ-

2073 4578 2198 4616 rum
2230 4576 2479 4632 corpora
2509 4575 2614 4631 pro
2636 4558 2859 4613 viribus
2884 4574 3120 4613 curans.
3146 4558 3283 4611 Erat
3314 4558 3474 4613 enim
3505 4576 3575 4615 ex
3605 4577 3713 4632 pa-

292 4673 469 4728 ματα·
526 4653 593 4722 ἦν
651 4654 752 4729 γὰρ
806 4653 865 4708 ἐκ
916 4654 1202 4730 προγόνων
1261 4654 1554 4728 Χριστιανὴ
1614 4656 1728 4710 καὶ.
1761 4658 1951 4728 πιστή.

288 4742 402 4798 Καὶ
431 4746 594 4797 τοῦτο
623 4737 777 4818 ἔργον
827 4742 895 4811 ἦν
937 4742 1095 4815 αὐτῇ,
1148 4741 1210 4796 τὸ
1270 4744 1681 4807 ἐπισκέπτεσθαι
1738 4743 1866 4807 τοὺς
1898 4745 1950 4801 ἐν

286 4827 594 4908 φυλακαῖς,
651 4830 923 4894 καὶτοὺς
996 4831 1129 4906 ὑπὲρ
1217 4831 1460 4905 Χριστοῦ
1549 4837 1953 4907 μαρτυροῦντας

284 4917 636 4994 θεραπεύειν,
695 4919 786 4974 καὶ
843 4916 1163 4997 διατρέφειν.
1225 4919 1322 4973 Διὰ
1376 4924 1541 4974 ταῦτα
1597 4920 1691 4976 οῦν
1745 4942 1952 4998 κρατη-

285 5013 477 5080 θεῖσα,
510 5008 661 5085 ἢχθη
694 5009 783 5064 καὶ
846 5008 981 5075 αὗτή
1039 5009 1177 5083 πρὸς
1231 5009 1323 5063 τὸν
1377 5008 1597 5083 κόμητα
1657 5007 1949 5070 Σιλϐανόν.

284 5098 400 5156 Καὶ
436 5099 514 5171 μὴ
547 5100 825 5152 πεισθεῖσα
867 5099 1023 5151 θῦσαι
1065 5102 1182 5159 τοῖς
1235 5094 1514 5169 εἰδώλοις,
1573 5097 1774 5177 ἐτύφθη
1827 5121 1953 5177 σφο-

286 5189 462 5261 δρῶς,
494 5189 582 5244 καὶ
613 5195 730 5251 ταῖς
762 5191 1049 5267 ἐπιφοραῖς
1080 5193 1190 5243 τῶν
1242 5183 1456 5264 ῥάϐδων
1512 5188 1574 5243 τὸ
1624 5194 1783 5261 σῶμα
1833 5193 1953 5245 δια-

281 5281 541 5352 λυθεῖσα,
598 5280 882 5351 ὲπιστασία
929 5279 1161 5357 ἀγγέλου
1207 5279 1414 5357 ἐγένετο
1467 5279 1643 5355 ὑγιής.
1696 5282 1800 5335 Καὶ
1846 5282 1949 5337 πά-

287 5369 381 5425 λιν
413 5376 792 5445 προσαχθεῖσα
838 5374 915 5440 τῷ
970 5370 1204 5441 κόμητι,
1264 5368 1340 5431 εἷς
1399 5369 1629 5441 κάμινον
1678 5364 1946 5441 ἐνεϐλήθη

286 5461 486 5535 πυρός.
523 5461 619 5514 Καὶ
682 5458 974 5531 ἐξελθοῦσα
1031 5453 1306 5530 ἀϐλαϐὴς,
1366 5457 1614 5535 ἐπέμφθη
1674 5457 1762 5513 καὶ
1810 5458 1944 5529 αὐτή

288 5548 368 5613 εἷς
398 5551 459 5605 τὸ
496 5548 813 5620 Βυζάντιον,
844 5549 934 5604 καὶ
993 5548 1395 5627 ἀπεκεφαλίσθη
1447 5546 1570 5602 ἔνθα
1618 5546 1706 5603 καὶ
1738 5549 1766 5603 ὁ
1798 5545 1949 5625 ἅγιος

291 5638 718 5702 Λουκιλλιανός.

2064 4651 2335 4708 rentibus
2365 4648 2715 4704 Christianis
2773 4651 3062 4719 prognata
3094 4687 3108 4713 ,
3144 4651 3202 4700 et
3231 4646 3291 4700 in
3323 4646 3383 4701 id
3414 4649 3712 4721 praacipue

2065 4743 2400 4804 intenta,ut
2420 4753 2654 4793 carcere
2688 4735 2960 4791 detentos
2989 4735 3255 4790 visitaret
3283 4739 3337 4790 et
3370 4736 3715 4808 deserviret,

2066 4837 2241 4901 atque
2277 4828 2464 4883 aleret
2493 4843 2615 4892 eos,
2649 4825 2749 4897 qui
2772 4842 2877 4897 pro
2910 4824 3139 4879 Christo
3173 4826 3524 4896 martyrium
3557 4828 3714 4883 subi-

2064 4918 2226 4973 bant.
2251 4914 2646 4981 Quamobrem
2678 4912 3128 4984 comprehensa,
3152 4913 3307 4968 I24
3334 4912 3511 4971 ducta
3538 4922 3628 4971 est
3657 4920 3716 4971 et

2062 5008 2191 5079 ipsa
2217 5006 2290 5061 ad
2330 5004 2605 5060 comitem
2637 5003 2979 5057 Silvanum:
3040 5017 3295 5071 cumque
3351 5002 3555 5059 induci
3592 5022 3713 5061 non

2061 5101 2264 5168 posset
2292 5093 2365 5148 ad
2399 5090 2853 5147 sacrificandum
2885 5089 3081 5157 idolis,
3107 5090 3430 5147 crudeliter
3459 5110 3631 5163 cassa,
3657 5100 3715 5150 et

2060 5182 2403 5241 verberibus
2423 5180 2716 5251 virgarum
2739 5185 2858 5235 toto
2883 5197 3128 5252 corpore
3161 5179 3468 5251 dilaniata,
3500 5185 3709 5255 angelo

2060 5276 2306 5331 curante
2329 5270 2644 5326 sanitatem
2671 5270 3059 5341 recuperavit.
3085 5271 3308 5328 Deinde
3333 5272 3407 5328 ad
3429 5274 3708 5329 comitem

2058 5363 2323 5429 reducta,
2358 5360 2419 5414 in
2449 5356 2755 5414 ardentem
2788 5358 3093 5414 fornacem
3133 5361 3356 5433 injecta
3386 5368 3511 5419 est:
3540 5379 3709 5418 cum-

2059 5471 2173 5526 que
2206 5451 2343 5507 inde
2370 5448 2558 5504 illaesa
2587 5447 2845 5514 exiisset,
2882 5449 3224 5520 Byzantium
3257 5457 3318 5507 et
3344 5453 3475 5525 ipsa
3503 5452 3708 5521 missa,

2059 5543 2268 5600 eodem
2300 5555 2417 5612 quo
2457 5541 2699 5593 sanctus
2755 5535 3118 5595 Lucillianus
3147 5539 3299 5612 loco,
3360 5539 3551 5611 capite
3580 5539 3712 5613 ple-

2058 5636 2256 5694 ctitur.
