4104 6196
346 329 467 394 489

1878 331 2181 398 JUNIUS.

3647 363 3765 426 490

343 465 803 539 κατεμηνύθησαν
860 470 940 539 τῷ
997 467 1098 535 τῆς
1155 467 1345 541 χώρας
1401 462 1628 542 ἄρχοντι
1698 485 1842 539 παρα
1896 471 1959 521 τᾶ

2074 508 2088 540 ι
2122 475 2278 543 quod
2308 493 2442 534 cum
2470 479 2588 536 illa)
2609 479 2800 538 facere
2833 482 3251 544 detrectarent.
3285 494 3597 550 tormentis
3622 498 3762 553 sub-

344 555 798 633 εἷδωλολατρῶν·
866 556 958 611 καὶ
1024 555 1439 631 ἀναγκασθεῖσαι
1526 557 1860 630 ἀρνήσασθαι
1914 557 1959 611 τὶ

2106 564 2303 658 jectaa,
2336 570 2490 658 τεο
2522 570 2893 644 fustibusque
2920 591 3108 648 caesas,
3132 578 3288 635 inter
3310 582 3440 653 ipsa
3467 586 3761 658 supplicia

348 647 611 721 Χριστὸν,
671 646 759 701 καὶ
818 653 1194 721 προσκυνῆσαι
1252 650 1368 707 τοῖς
1428 641 1707 709 εὶδώλοις,
1775 646 1882 715 καὶ,
1926 668 1959 719 μ

2112 654 2287 711 vitam
2318 657 2621 717 finierunt.

346 735 772 809 καταδεξάμεναι
831 742 996 791 ταῦτα
1074 742 1322 805 ποιῆσαι,

348 827 766 901 μαστιζὸμεναι,
798 826 849 880 ἰν
880 824 1067 888 αὐταῖς
1095 824 1393 901 τιμωρίαις
1426 823 1844 895 ὶτελειώθησαν.

904 935 1089 992 MHNI
1126 936 1217 1014 τᾳ
1254 937 1448 1012 arra.

1146 1024 1199 1081 Ζ.

1412 729 1859 806 ὶϐασανίσθησαν,
1912 738 2003 792 καὶ

2659 952 2897 1009 EODEM
2938 956 3185 1014 MENSE.

2728 1042 2829 1097 Die
2861 1046 3112 1115 septima

336 1113 637 1185 ’Δθλησις,
694 1112 786 1170 καὶ
846 1109 1151 1203 ἀνακομιδή
1177 1116 1341 1217 Ωτοῖἐλ
1370 1111 1633 1186 λειψάνυυ
1688 1116 1786 1169 τοῦ
1844 1110 1959 1189 ἆγίο

2107 1124 2388 1182 Certamen
2427 1133 2479 1183 et
2511 1109 3211 1217 tramlatia'religaiarum
3254 1143 3434 1197 sancti
3480 1148 3742 1217 martyris

874 1182 1146 1261 μάρτυρος
1177 1182 1465 1241 Θεοδότου.

410 1299 676 1364 Θεόδοτος
700 1301 728 1355 ὁ
748 1304 845 1354 τοῦ
863 1302 1107 1375 Χριστοῦ
1126 1298 1330 1374 μάρτυς
1349 1299 1593 1375 ὑπῆρχεν
1613 1297 1673 1353 ἐκ
1691 1304 1789 1367 τῆς
1806 1299 1994 1374 χώρας

332 1398 436 1459 τῆς
466 1387 759 1459 Γαλατίας,
793 1388 1007 1465 χωρίου
1038 1387 1257 1446 Μαλοῦ.
1316 1389 1546 1444 Θάπτων
1581 1384 1637 1443 δὶ
1667 1392 1775 1443 τῶν
1824 1390 1991 1464 ἁγίων

2782 1204 3059 1261 Theodoti.

2175 1297 2508 1355 Theodotus
2539 1301 2751 1357 Christi
2783 1312 3009 1378 martyr
3043 1308 3105 1363 in
3156 1310 3394 1368 Galatiae
3444 1317 3747 1386 provincia

2102 1385 2163 1440 in
2196 1387 2441 1444 castello
2473 1390 2621 1446 Malo
2652 1398 2847 1460 natus,
2881 1412 3015 1451 cum
3048 1406 3384 1457 sanctorum
3418 1385 3745 1479 martyrum

336 1478 633 1553 μαρτύρων
677 1479 744 1533 τὰ
796 1476 1046 1552 λείψανα,
1103 1473 1373 1548 διεϐλήθη
1431 1482 1511 1550 τῷ
1571 1485 1671 1548 τῆς
1728 1479 1959 1555 ’Λγκύρα

2100 1475 2384 1548 reliquias
2408 1479 2946 1550 sepeliret,delatus
2967 1488 3123 1557 apud
3146 1491 3389 1561 Ancyraa
3406 1473 3743 1564 praisi'dem,

332 1569 591 1644 ἄρχοντι,
621 1569 711 1623 καῖ
746 1568 1036 1642 κρατηθεῖς
1066 1567 1422 1638 ἀπεκλείσθη.
1467 1568 1596 1624 Εἶτα
1646 1567 1723 1630 εἷς
1779 1568 1988 1643 ἐρωτη-

2100 1570 2157 1619 et
2178 1572 2406 1638 captus,
2432 1567 2491 1623 in
2516 1585 2811 1627 carcerem
2832 1573 3186 1632 detruditur.
3214 1582 3337 1634 Mox
3368 1582 3439 1636 ad
3464 1586 3741 1653 quaastio-

332 1680 420 1712 σιν
452 1658 670 1732 ἀχθεὶς,
721 1657 940 1712 ἀντεῖπε
989 1653 1241 1735 σφοδρῶς
1296 1661 1378 1729 τῷ
1425 1655 1678 1733 ἄρχοντι,
1728 1657 1817 1712 καὶ
1863 1658 1959 1713 τοὺ

2097 1670 2233 1709 nem
2257 1655 2489 1723 ductus,
2525 1659 2760 1727 praesidi
2784 1662 3164 1721 vehementer
3188 1670 3748 1732 contradixit.deos—

327 1745 623 1817 Ἑλλήνων
684 1745 839 1807 θεοὺς
885 1743 1172 1821 ἐχλεύασε,
1225 1745 1313 1800 καὶ
1371 1745 1499 1808 τοὺς
1557 1751 1959 1819 προσκυνοῦντα

2096 1759 2210 1813 que
2245 1746 2576 1800 Graecorum
2600 1747 2804 1815 irrisit,
2831 1767 3154 1826 eorumque
3177 1756 3520 1816 adoratores
3550 1762 3744 1822 fatuos

329 1837 537 1899 αὐτοὺς
594 1837 835 1912 μωροὺς,
889 1837 978 1892 καὶ
1036 1836 1258 1901 ἀθλίους
1317 1837 1636 1895 ἀπεκάλεσε.
1698 1840 1839 1896 Τότε
1891 1862 1955 1896 τυ

2098 1836 2155 1885 et
2186 1832 2436 1888 miseros
2466 1835 2801 1907 appellavit.
2836 1841 2979 1896 Tum
3012 1859 3145 1899 vero
3163 1848 3507 1917 gravissime
3530 1868 3739 1922 cazsus,

330 1928 489 2006 φθεῖς
549 1924 824 2006 σφοδρῶς,
904 1926 1209 2003 ἐκρεμάσθη
1283 1925 1370 1982 ἐπὶ
1444 1926 1629 1998 ξύλου⁶
1715 1929 1805 1984 καὶ
1886 1931 1982 1995 τὰς

331 2017 574 2093 πλευρὰς
644 2018 746 2072 ὑπὸ
806 2014 1111 2090 λαμπάδων
1170 2018 1427 2088 κατὲκάη,
1487 2018 1576 2073 καὶ
1640 2016 1825 2091 ὶξὲσθη
1882 2020 1978 2083 τὰς

2096 1919 2374 1993 lignoque
2405 1939 2750 1996 suspensus,
2783 1928 3036 1985 admotis
3069 1932 3297 1991 facibus
3341 1938 3401 1992 in
3450 1919 3737 1998 lateribus

2089 2010 2386 2066 ustulatus
2419 2018 2528 2080 est,
2562 2015 2809 2087 ejusque
2837 2035 3049 2076 carnes
3078 2021 3435 2092 dilaceratee,
3471 2033 3733 2089 Posthaac

329 2107 556 2182 σάρκας.
620 2106 723 2163 Καὶ
786 2110 920 2180 μετὰ
973 2112 1140 2162 ταῦτα
1216 2102 1400 2163 λαϐὼν
1475 2109 1575 2178 τὴν
1635 2104 1725 2163 διὰ
1797 2108 1959 2188 ξίφους

2089 2099 2207 2155 lata
2229 2103 2545 2169 sententia,
2575 2110 2639 2159 ut
2668 2104 2861 2177 gladio
2886 2108 3182 2181 feriretur,
3212 2117 3417 2182 oravit,
3450 2124 3627 2189 atque
3651 2122 3733 2179 ita

327 2197 625 2274 ἀπόφασιν,
658 2195 1026 2266 προσηύξατο,
1057 2196 1145 2251 καὶ
1181 2195 1353 2259 οὕτως
1403 2195 1615 2269 ἐτμήθη
1671 2199 1770 2267 τὴν
1814 2218 1975 2273 κεφα-

330 2284 461 2354 λήν.
498 2279 866 2360 Πρεσϐύτερος
906 2281 963 2339 δὲ
992 2305 1096 2355 τις,
1150 2283 1405 2359 Φρόντων
1448 2285 1679 2359 τόνομα,
1733 2283 1861 2342 ίδὼν
1912 2287 1975 2342 τὸ

330 2372 592 2448 λείψανον
654 2374 824 2431 αὐτοῦ
912 2374 1015 2429 ὑπὸ
1100 2379 1446 2449 στρατιωτῶν
1544 2374 1973 2452 φυλαττόμενον,

323 2463 547 2533 ἀπῆλθε
597 2462 732 2539 πρός
792 2462 1008 2531 αὐτοὺς,
1085 2464 1175 2519 καὶ
1253 2463 1721 2543 ἐφιλοφρονήσατο
1777 2466 1972 2531 αὐτοὺς

318 2552 480 2627 οἴνῳ,
536 2552 627 2608 καὶ
676 2552 767 2609 ὅτε
823 2553 1100 2621 ὕπνωσαν,
1157 2549 1345 2610 λαϐὼν
1403 2554 1466 2610 τὸ
1533 2552 1815 2630 λείψανον,
1882 2557 1971 2612 καὶ

312 2641 524 2706 ἔπιθείς
554 2648 622 2717 τῇ
654 2642 765 2717 ὄνῳ
790 2642 976 2714 αὐτοῦ,
1009 2645 1299 2721 ἀπαγαγὼν
1330 2639 1523 2718 ἔθαψεν
1557 2643 1610 2700 ἐν
1652 2650 1730 2717 τῷ
1777 2646 1973 2721 χωρίῳ

310 2734 509 2805 αὐτοῦ,
543 2733 708 2809 βρύον
742 2732 943 2807 ίάματα
977 2732 1145 2807 μέχρι
1174 2740 1275 2803 τῆς
1308 2735 1573 2809 σήμερον.

313 2849 426 2910 Καὶ
478 2848 712 2920 ἄθλησις
765 2854 874 2905 τῶν
933 2849 1457 2980 ἀγὲῒέκιέεθῖρέτύρων
1515 2848 1822 2925 Νικάνδρου
1877 2852 1968 2911 καὶ

1030 2927 1311 2997 αρκιανοῦ.

381 3037 685 3116 Νίκανδρος
714 3039 805 3096 καὶ
861 3042 1194 3117 Μαρκιανὸς,
1234 3041 1286 3096 ol.
1316 3044 1413 3097 τοῦ
1471 3046 1706 3117 Χριστοῦ
1756 3043 1968 3118 μάρτυ-

305 3150 423 3202 ρες,
459 3129 711 3206 ὑπῆρχον
750 3130 845 3204 μὶν
899 3131 997 3198 τήν
1047 3130 1195 3201 τάξιν
1247 3135 1596 3206 στρατιῶται,
1654 3133 1969 3205 Χριστιανοὶ

2086 2191 2276 2262 capite
2307 2191 2515 2263 plexus
2534 2199 2641 2249 est.
2674 2196 2922 2261 Quidam
2952 2217 3086 2257 vero
3118 2204 3445 2278 presbyter,
3466 2210 3728 2269 Phronto

2084 2280 2347 2345 nomine,
2381 2282 2856 2343 animadverteris
2887 2290 3014 2360 ejus
3043 2292 3325 2363 reliquias
3356 2313 3390 2351 a
3436 2299 3727 2359 militibus

2083 2369 2391 2438 custodiri,
2422 2372 2494 2428 ad
2526 2390 2625 2429 eos
2678 2378 2963 2434 accessit:
3026 2380 3277 2454 vinoque
3334 2385 3620 2453 delinitis.
3670 2397 3728 2448 et

2084 2477 2293 2551 somno
2316 2463 2814 2551 captis,reliquias
2831 2469 3108 2540 jumento
3127 2473 3434 2546 impositas
3458 2478 3723 2551 abstulit,

2082 2554 2141 2603 et
2167 2549 2227 2605 in
2260 2550 2482 2622 prmdio
2508 2569 2613 2608 suo
2642 2557 2930 2627 sepelivit,
2951 2559 3051 2616 ubi
3074 2578 3261 2635 usque
3284 2564 3344 2620 in
3371 2549 3726 2637 praesentem

2082 2637 2239 2695 diem
2269 2640 2607 2698 curationes
2636 2644 2913 2702 fundunt.

2081 2851 2148 2905 Et
2202 2856 2477 2907 certamen
2572 2862 2883 2982 sanctogfum
2920 2930 2930 2941 .
2962 2866 3266 2943 martyrum
3341 2866 3615 2924 Nicandri
3680 2876 3731 2925 et

2812 2945 3049 2982 arctam.

2812 2945 3027 2984 ανειαηι
3037 2974 3049 2987 .

2152 3039 2445 3097 Nicander
2473 3047 2532 3097 et
2560 3043 2915 3115 Marcianus,
2958 3048 3172 3105 Christi
3232 3058 3540 3127 martyres,
3590 3076 3727 3130 pro-

2079 3127 2337 3186 fessione
2370 3131 2609 3199 milites,
2672 3133 2957 3206 religione
3005 3138 3323 3196 Christiani
3379 3145 3480 3215 pii,
3531 3127 3608 3202 ac
3648 3148 3724 3203 ti-

302 3218 367 3275 δὶ
400 3214 647 3281 εὐλαϐεῖς
675 3218 766 3275 καὶ
798 3214 1130 3298 φοϐούμενοι
1171 3219 1261 3275 τὸν
1323 3221 1475 3277 Θεόν.
1529 3220 1959 3297 Στρατευόμενοι

2074 3225 2305 3275 mentes
2337 3220 2542 3287 Deum,
2575 3238 2709 3277 cum
2742 3223 2850 3278 sub
2900 3227 3151 3296 praeside
3198 3214 3446 3287 Maximo
3500 3236 3719 3291 milita-

305 3306 370 3363 δὲ
403 3308 493 3362 ἐπὶ
522 3308 772 3382 Μαξίμου
800 3313 896 3364 τοῦ
925 3308 1217 3384 ἡγεμόνος,
1261 3306 1378 3365 ἐπεὶ
1428 3310 1556 3383 παρ’
1607 3308 1814 3366 ἐκείνου
1860 3309 1967 3365 ἀπ-

306 3396 635 3453 εστέλλοντο
666 3398 759 3452 σὺν
790 3402 908 3459 τοῖς
969 3398 1057 3452 ὑπ’
1103 3397 1292 3460 αὐτοῖς
1332 3399 1713 3472 στρατιώταις,
1765 3398 1851 3455 ἰπὶ
1902 3400 1965 3455 τὸ

308 3493 533 3561 κρατεῖν
591 3486 720 3550 τοὺς
775 3485 1156 3561 Χριστιανοὺς,
1212 3486 1305 3542 καὶ
1362 3488 1498 3562 πρὸς
1556 3487 1714 3542 αὐτὸν
1798 3489 1961 3565 ἄγειν·

302 3575 471 3631 αὐτοὶ
500 3581 618 3637 τοῖς
656 3578 753 3650 μὶν
803 3578 1185 3650 προσεμήνυον
1244 3581 1453 3653 φυγεῖν’
1512 3576 1642 3638 τοὺς
1700 3574 1758 3632 δὲ
1815 3576 1965 3648 ἐκρά-

296 3686 458 3733 τουν,
519 3663 796 3740 ἐφείδοντο
855 3662 913 3721 δὲ
969 3666 1148 3721 αὐτῶν
1229 3666 1317 3720 καὶ
1392 3666 1572 3735 πάσης
1646 3665 1961 3739 ἐπιμελείας

296 3755 514 3824 ἠξίουν.
578 3755 673 3810 Καὶ
731 3759 895 3810 τοῦτο
965 3755 1463 3830 μαθὼνὸἡγεμὼν
1523 3755 1670 3831 παρᾶ
1727 3753 1960 3812 εἰδωλο-

298 3842 549 3917 λατρῶν,
584 3844 833 3916 ἐλυπήθη
895 3846 1010 3916 μὲν*
1066 3844 1583 3918 προσκαλεσᾶμενος
1627 3842 1685 3900 δὲ
1732 3845 1954 3919 αὐτοὺς,

298 3934 658 4003 ἐπυνθάνετο,
689 3934 734 3990 εί
766 3933 968 4006 ἀληθὲς
1019 3932 1101 4005 εἴη
1151 3934 1213 3989 τὸ
1265 3936 1381 3989 κατ’
1438 3934 1613 3990 αὐτῶν
1672 3933 1955 3995 ἀκουσθέν.

302 4031 381 4089 Οἱ
414 4027 472 4086 δὶ
502 4028 789 4104 ψεύδεσθαι
822 4032 897 4103 μὴ
932 4029 1157 4099 είδότες,
1200 4032 1264 4086 ού
1322 4032 1489 4103 μόνον
1538 4029 1742 4101 ἀληθὶς
1795 4033 1954 4101 εἴναι,

297 4121 441 4193 ὅπερ
499 4120 891 4193 ἠρωτήθησαν,
951 4114 1431 4190 διεϐεϐαιώσαντο,
1497 4119 1645 4176 ἀλλά
1686 4120 1775 4175 καὶ
1824 4127 1954 4195 Χρι-

293 4207 554 4272 στιανοὺς
639 4209 862 4271 ἑαυτοὺς
948 4208 1228 4285 παρῥησίᾳ
1320 4207 1712 4285 ὡμολόγησαν.
1798 4211 1954 4268 Ὅθεν

298 4298 561 4374 βασάνοις
619 4293 858 4361 πολλαῖς
919 4295 1328 4368 ὑποϐληθέντες
1385 4298 1671 4375 πρότερον,
1731 4298 1948 4376 ὕστερον

288 4389 399 4452 τὰς
427 4389 613 4462 τιμίας
641 4388 729 4443 καὶ
792 4388 941 4463 ἱερὰς
997 4388 1174 4443 αὐτῶν
1233 4385 1475 4466 κεφαλὰς
1533 4387 1948 4462 ἀπετμήθησαν.

850 4496 1029 4553 MHNI
1069 4496 1161 4552 ΤΩ
1196 4497 1401 4553 ΑΓΤΩ.

1096 4589 1156 4640 Η,

279 4687 354 4745 Ἥ
413 4682 721 4758 ἀνακομιδή
778 4687 876 4760 τού
930 4681 1193 4757 λειψάνου
1248 4687 1366 4760 τοῦ⁸
1405 4683 1587 4760 ’ἁγίου
1671 4685 1947 4760 μάρτυρος

701 4754 990 4829 Θεοδώρου
1018 4754 1115 4812 τοῦ
1143 4754 1541 4831 στρατηλάτου.

365 4862 831 4939 Θεόδωροςὸτοῦ
861 4865 1097 4939 Χριστοῦ
1150 4864 1377 4936 μάρτυς,
1436 4864 1656 4940 ὑπῆρχε
1709 4865 1802 4938 μὶν
1853 4863 1943 4922 ἐπὶ

283 4954 574 5032 βασιλείας
619 4954 919 5009 Λικιννίου’
968 4952 1019 5026 ἐξ
1080 4954 1316 5028 εὐγενῶν
1375 4950 1433 5009 δὲ
1486 4954 1689 5029 γονὲων
1751 4975 1945 5024 γεννη-

283 5043 402 5108 θεές
432 5043 482 5098 ἓν
534 5044 859 5118 Εὐχαῖτοις,
917 5041 1188 5119 ἀνετράφη
1250 5045 1456 5104 πιστῶς
1511 5044 1637 5118 παρ’
1702 5042 1942 5115 ἆκείνων,

282 5133 378 5190 καὶ
412 5130 660 5207 ἀνδρεῖος
706 5131 1015 5207 γενόμενος,
1074 5130 1421 5204 ἐστρατεύθη,
1479 5131 1568 5187 καὶ
1611 5127 1936 5205 ’προεϐλήθη

280 5222 674 5296 στρατηλάτης
723 5222 930 5276 Πόντου
984 5218 1329 5293 Ἡρακλείας,
1391 5226 1634 5296 Ὺπῆρχε
1691 5219 1750 5277 δὲ
1800 5221 1939 5278 πάνυ

275 5314 487 5385 ὡραῖος
521 5315 591 5385 τῇ
625 5308 768 5384 ὄψει,
818 5310 910 5365 καὶ
956 5312 1122 5384 σοφὸς
1175 5313 1245 5383 τῇ
1311 5311 1529 5384 γνώσει.
1590 5310 1691 5367 Καὶ
1753 5312 1936 5383 μαθὼν

273 5403 446 5455 ταῦτα
478 5402 507 5455 ὁ
553 5401 852 5465 Λικίννιος,
909 5399 999 5452 καὶ
1060 5397 1404 5468 ἐπιθδμήσας
1456 5395 1611 5465 ἰδεῖν,
1669 5419 1939 5475 προσεκα-

276 5486 479 5544 λέσατο
512 5489 676 5545 αύτὸν
715 5486 895 5543 ἐλθεῖν
924 5487 1060 5562 πρὸς
1090 5487 1278 5557 αὐτὸν,
1311 5488 1542 5552 θύσοντα
1588 5488 1721 5563 μετᾶ
1774 5490 1941 5545 αὐτοῦ

274 5583 394 5638 τοῖς
429 5583 599 5643 θεοῖς.
634 5578 692 5635 Ὁ
726 5574 782 5632 δὲ
831 5577 1190 5648 ἀντεμήνυσεν
1244 5577 1409 5648 αὐτῷ.
1461 5579 1587 5637 ’Ότι
1635 5576 1849 5651 μᾶλλόν
1884 5599 1942 5635 σε

282 5669 426 5742 χρὴ,
498 5665 750 5743 βασιλεῦ,
809 5664 981 5723 ἐλθεῖν
1055 5664 1301 5737 ἐνταῦθα,
1377 5666 1530 5731 ὃπως
1600 5668 1821 5742 γενηται
1876 5668 1941 5725 τὸ

562 5785 830 5849 Panos.
882 5787 992 5849 Gn.
1041 5785 1276 5849 CXVII.

1978 4586 2025 4653 D

2071 3313 2225 3371 rent,
2258 3308 2329 3363 ab
2362 3310 2569 3365 eodem
2603 3327 2722 3366 una
2747 3329 2881 3366 cum
2914 3313 3048 3369 aliis
3082 3316 3370 3374 militibus
3416 3321 3525 3376 sibi
3587 3323 3723 3377 sub-

2062 3396 2241 3469 jectis
2273 3396 2345 3451 ad
2393 3398 2761 3454 Christianos
2813 3402 3133 3472 capiendos
3184 3411 3361 3477 atque
3402 3409 3475 3464 ad
3520 3410 3717 3482 ipsum

2068 3483 2449 3541 adducendas
2480 3487 2646 3542 missi
2682 3494 2837 3556 sunt,
2865 3489 2950 3543 illi
2986 3508 3119 3547 vero
3143 3493 3312 3563 alios,
3336 3502 3402 3551 ut
3422 3497 3718 3572 fugerent,

2066 3572 2502 3640 admonebant;
2538 3575 2687 3630 alios
2735 3578 3049 3649 capiebant
3099 3582 3361 3651 quidem,
3417 3587 3519 3641 sed
3570 3590 3718 3660 ipsis

2065 3668 2398 3733 parcentes,
2434 3663 2686 3720 sollicite
2718 3681 2813 3720 res
2847 3683 3053 3723 eorum
3086 3671 3392 3730 curabant.
3418 3676 3581 3740 Quod
3613 3680 3716 3735 ubi

2065 3751 2136 3805 ab
2162 3751 2489 3807 idololatris
2514 3770 2733 3825 prwses
2763 3756 3009 3828 accepit,
3046 3776 3197 3831 aegre
3229 3760 3287 3815 id
3319 3763 3537 3830 ferens,
3572 3767 3716 3825 illos

2064 3839 2137 3895 ad
2188 3858 2249 3896 se
2298 3843 2617 3897 accersitos
2678 3843 3077 3918 interrogavit,
3130 3850 3280 3906 I21
3330 3858 3530 3910 utrum
3581 3874 3717 3915 vera

2063 3935 2283 3996 essent,
2316 3948 2447 4003 qua)
2480 3932 2762 3989 adversus
2794 3934 2954 4007 ipsos
2986 3938 3272 3996 audierat.
3297 3941 3389 3997 Illi
3421 3961 3553 4000 vero
3578 3963 3713 4004 cum

2058 4022 2299 4078 mentiri
2331 4023 2669 4094 nequirent,
2703 4042 2823 4081 non
2855 4027 3030 4083 modo
3061 4047 3199 4087 vera
3227 4048 3377 4103 esse,
3402 4034 3473 4090 de
3496 4038 3711 4108 quibus

2057 4110 2597 4185 interrogabantur,
2631 4115 3042 4186 affirmarunt;
3078 4136 3284 4177 verum
3319 4124 3496 4179 etiam
3521 4126 3708 4184 libere

2027 4219 2120 4274 .se
2152 4202 2520 4258 Christianos
2555 4219 2683 4258 esse
2753 4206 3003 4276 professi
3063 4214 3219 4265 sunt.
3266 4213 3453 4277 Quare
3502 4217 3707 4273 multis

2056 4290 2419 4347 cruciatibus
2451 4292 2710 4364 primum
2762 4294 3038 4366 subjecti,
3081 4305 3379 4369 postremo
3428 4305 3705 4374 pretiosis

2057 4385 2115 4435 et
2145 4381 2327 4437 sacris
2358 4381 2649 4453 capitibus
2681 4388 2821 4438 sunt
2845 4384 3166 4441 imminuti.

2611 4489 2851 4546 EODEM
2890 4492 3144 4549 MENSE.

2715 4589 2821 4647 Die
2851 4596 3056 4649 octava

2060 4685 2375 4745 Translatio
2432 4687 2797 4765 reliquiarum
2878 4693 3055 4765 sancti
3110 4695 3373 4765 martyris
3432 4698 3708 4758 Theodori

2652 4760 2807 4817 ducis
2838 4762 3098 4819 militum.

2127 4868 2345 4938 Martyr
2371 4865 2587 4923 Christi
2640 4867 3000 4937 Theodorus,
3072 4871 3294 4931 Licinio
3351 4875 3704 4951 imperante,

2056 4956 2357 5013 nobilibus
2388 4956 2449 5011 in
2480 4957 2900 5015 Euchaitarum
2931 4960 3078 5018 urbe
3110 4966 3456 5035 parentibus
3504 4978 3702 5045 natus,

2054 5045 2275 5102 abillis
2306 5045 2368 5100 in
2399 5044 2517 5101 {ide
2573 5046 2862 5104 educatus
2911 5049 3039 5105 fuit.
3097 5054 3361 5127 Cumque
3412 5059 3585 5116 firmo
3635 5044 3703 5120 ac

2054 5135 2297 5192 robusto
2315 5151 2561 5207 corpore
2584 5143 2760 5201 esset,
2788 5138 3063 5196 militiam
3081 5151 3339 5209 secutus,
3365 5163 3498 5205 mox
3522 5153 3700 5210 etiam

2053 5226 2171 5281 dux
2201 5230 2435 5280 creatus
2464 5224 2575 5280 fuit
2619 5226 2790 5282 Ponti
2848 5228 3163 5286 Heracleas.
3224 5235 3363 5291 Erat
3416 5247 3705 5308 praeterea

2052 5316 2245 5372 forma
2268 5314 2387 5370 oris
2418 5323 2666 5371 venusta
2686 5316 2989 5387 praeditus,
3026 5328 3085 5374 et
3113 5322 3405 5393 sapientia
3435 5337 3700 5388 ornatus.

2051 5407 2190 5471 Quae
2220 5420 2356 5458 cum
2390 5403 2650 5460 Licinius
2670 5404 3083 5473 intellexisset,
3107 5412 3480 5471 Theodorum
3503 5435 3702 5477 coram

2052 5499 2320 5566 spectare
2353 5492 2621 5564 cupiens,
2655 5495 2977 5563 mandavit;
3012 5505 3076 5553 ut
3104 5500 3177 5555 ad
3209 5518 3271 5557 se
3303 5507 3549 5569 veniret.
3586 5510 3703 5565 diis

2052 5582 2516 5639 sacriﬁcaturus.
2545 5582 2648 5638 Cui
2666 5584 3007 5643 Theodorus
3030 5596 3237 5646 contra
3264 5595 3527 5665 reposuit
3553 5613 3567 5651 :
3600 5599 3699 5663 Te,

2054 5672 2156 5738 ait,
2189 5671 2535 5744 imperator,
2567 5677 2799 5743 oportet
2820 5676 3017 5746 potius
3038 5677 3152 5733 huc
3178 5680 3405 5750 venire,
3430 5689 3495 5738 ut
3514 5684 3704 5755 impe-

3343 5798 3417 5857 16
