4086 6204
347 339 461 404 491

1667 314 2098 387 MENOLOGII
2141 317 2355 383 PARS
2401 316 2514 380 ιιι.

3645 314 3764 377 ιοε

346 478 478 533 rata
507 476 610 530 tua
638 469 806 530 ﬂant.
839 467 941 524 His
962 481 1100 538 ergo
1122 461 1294 520 dictis
1311 476 1634 536 persuasus
1654 461 1999 532 imperator,

2113 449 2614 538 πρόπαγμάᾷσου.
2673 446 2920 513 Πεισθεὶς
2975 445 3066 503 οὖν
3126 447 3154 503 ὁ
3217 442 3496 523 βασιλεὺς,
3555 443 3771 515 ἀπῆλθε

348 564 604 622 festinus
635 561 798 618 abiit.
833 559 1051 628 Martyr
1082 570 1216 610 vero
1268 553 1461 608 eidem
1508 549 1740 608 obviam
1788 549 2000 617 factus,

350 655 894 728 quiimperatorem
919 645 1186 712 decebat,
1219 644 1386 698 illum
1422 643 1648 699 honore
1679 647 1770 696 est
1799 655 2007 714 prose-

349 753 541 802 cntus.
574 744 716 798 Tum
751 754 886 793 vero
923 737 1213 792 Licinius:
1247 738 1388 807 Age.
1419 733 1638 806 inquit.
1675 731 2002 794 Theodore,

352 835 467 891 diis
490 831 892 887 immolemus.
927 828 1031 883 Cui
1057 826 1192 882 ille:
1217 828 1350 892 Eos,
1383 825 1709 897 respondit,
1744 824 2004 896 primum

353 921 499 979 mihi
533 919 686 975 tradi
709 917 942 989 jubeto,
966 922 1032 971 ut
1055 916 1296 972 domum
1321 913 1768 978 illatos.ibidem
1787 913 2002 981 colam,

351 1019 529 1084 atque
561 1009 644 1065 ita
675 1009 916 1064 demum
949 1007 1094 1080 ipsis
1144 1006 1493 1062 sacriﬁcem.
1539 1004 1750 1061 Ablata
1805 1004 2004 1076 itaque

356 1103 604 1159 deorum
663 1099 948 1156 simulcra
1013 1105 1257 1171 argento
1315 1096 1619 1153 elaborata
1692 1095 2003 1168 confregit,

350 1193 803 1266 fragmentaque
855 1190 1011 1246 inter
1062 1195 1301 1258 egentes
1343 1188 1558 1244 divisit.
1593 1188 1717 1254 Qua
1749 1203 1810 1242 re
1841 1201 2006 1242 com-

350 1290 541 1359 perta,
575 1281 890 1355 quaestioni
939 1280 1201 1353 primum
1251 1279 1577 1350 subjectus,
1627 1293 1764 1334 mox
1812 1276 2005 1348 capite

350 1375 561 1448 plexus
593 1377 702 1428 est.
737 1372 880 1444 Ejus
909 1377 1109 1427 autem
1133 1369 1404 1441 reliquiae
1426 1369 1565 1424 inde
1593 1367 1916 1437 translata,
1942 1367 2004 1424 in

348 1463 612 1522 Euchaia
637 1461 796 1535 apud
821 1460 1110 1518 Euchaita
1138 1460 1424 1532 depositae
1455 1459 1642 1515 fuere.

903 1568 1144 1626 EODEM
1192 1567 1446 1624 MENSE.

1028 1659 1132 1716 Die
1163 1673 1326 1716 nona

351 1761 507 1821 128
567 1761 850 1818 Certamen
907 1767 1130 1885 sanctaeh
1173 1761 1434 1832 martyris
1507 1756 1746 1830 Pelagia
1802 1759 2002 1818 Antio-

1065 1848 1092 1885 ϐ
1137 1847 1270 1885 8718.

1065 1847 1270 1888 οηθηω.

431 1933 566 1992 Haec
597 1933 751 2006 apud
782 1932 1128 2006 praefectum
1182 1937 1476 1991 accusata.
1523 1947 1658 1987 cum
1709 1947 1829 1987 suae
1877 1946 2002 1987 me-

354 2030 552 2081 tueret
580 2022 921 2094 virginitati.
957 2021 1140 2078 Deum
1175 2027 1415 2094 precata
1446 2027 1537 2078 est
1564 2037 1578 2076 :
1610 2037 1677 2078 ac
1727 2021 2008 2078 decenter

357 2118 658 2186 cooperta,
695 2127 989 2168 summam
1022 2110 1289 2178 domum,
1321 2111 1380 2166 in
1414 2113 1722 2182 quajussu
1741 2108 2003 2183 praafecti

356 2200 756 2265 detinebatur,
789 2199 1170 2257 conscendit:
1205 2216 1386 2273 seque
1416 2199 1554 2256 inde
1602 2200 2001 2273 praecipitans,

355 2292 621 2350 animam
654 2307 822 2348 suam
853 2291 971 2346 Deo
1002 2289 1281 2346 reddidit.
1334 2289 1703 2347 Venerabilis
1748 2291 2003 2347 Joannes

354 2381 811 2454 Chrysostomus
843 2379 1130 2436 encomiis
1154 2379 1344 2452 ipsam
1367 2378 1704 2436 celebravit.
1722 2385 1844 2434 tum
1870 2397 2003 2452 pro-

351 2477 485 2544 pter
514 2469 806 2526 illibatam
839 2471 970 2541 ejus
1001 2468 1435 2534 castimoniam,
1470 2473 1595 2525 tum
1617 2475 1859 2542 propter
1879 2468 2000 2526 exi.

351 2559 504 2616 mias
535 2558 817 2616 virtutum
848 2557 1324 2615 exercitationes.

915 2683 1158 2740 EODEM
1190 2683 1332 2738 MEN
1339 2681 1440 2740 SE.

999 2772 1100 2830 Die
1131 2772 1363 2829 decima

355 2875 644 2932 Certamen
738 2878 1062 3001 sanctorum1
1111 2877 1456 2999 tmartyrum
1563 2871 1877 2929 Alexandri
1951 2879 2005 2929 et

1068 2960 1105 2999 η
1135 2959 1336 3000 οηιηεε.

1068 2959 1336 3000 ntonmae.

427 3063 494 3120 Hi
525 3062 768 3120 fuerunt
797 3076 869 3118 ex
899 3059 1186 3118 Cardamo
1215 3060 1362 3117 vico.
1397 3060 1610 3118 Sancta
1637 3065 1837 3118 autem
1877 3063 1998 3120 An-

349 3153 557 3210 tonina
579 3169 715 3209 cum
742 3151 993 3208 honeste
1017 3149 1412 3222 religioseque
1439 3151 1616 3207 vitam
1641 3151 1998 3219 traduceret,

349 3243 786 3316 comprehensa
813 3257 849 3297 a
881 3241 1074 3302 Festo.
1107 3257 1217 3298 nec
1246 3240 1450 3297 volens
1486 3241 1787 3298 Christum
1818 3241 2001 3298 abne-

347 3349 508 3406 gare.
542 3337 646 3388 aut
675 3329 975 3389 daemonia
1009 3329 1228 3398 colere,
1262 3329 1336 3387 ad
1365 3330 1620 3404 lupanar
1666 3331 2005 3389 damnatur.

348 3424 492 3480 Cum
524 3439 658 3480 vero
692 3439 800 3496 per
832 3427 950 3478 tres
1000 3420 1129 3478 dies
1169 3420 1381 3492 jejuna
1427 3420 1769 3492 mansisset,
1801 3421 2006 3478 lumen

347 3513 411 3570 in
442 3518 618 3570 nocte
649 3510 1044 3584 resplenduit,
1077 3515 1136 3566 et
1192 3510 1420 3567 tonitru
1469 3509 1691 3567 factum
1743 3515 1852 3578 est,
1887 3527 2003 3584 quo

343 3603 549 3676 januae
581 3601 838 3659 carceris
861 3600 1145 3656 diti‘ractae
1169 3606 1327 3664 sunt,
1353 3605 1412 3654 et
1427 3616 1537 3656 vox
1562 3599 1635 3656 de
1666 3599 1813 3656 coelo
1843 3600 2008 3658 venit

353 3691 611 3756 adeam,
675 3689 920 3746 dicens:
979 3688 1181 3761 Surge,
1242 3693 1300 3743 et
1354 3688 1553 3744 cibum
1611 3705 1799 3745 sume.
1857 3690 2004 3746 Cum

354 3779 535 3851 igitur
566 3783 806 3851 precata
835 3781 1012 3842 esset,
1035 3782 1094 3832 et
1116 3776 1491 3843 comedisset,
1523 3794 1729 3833 rursus
1749 3778 1822 3834 ad
1852 3795 2004 3851 prae-

357 3864 548 3922 sidem
580 3864 917 3927 adducitur,
949 3864 1121 3935 cujus
1144 3864 1342 3936 jussu,
1375 3880 1489 3934 quo
1539 3864 1612 3921 ad
1658 3866 2001 3924 sacrifican-

355 3953 499 4010 dum
520 3953 697 4010 idolis
724 3952 926 4010 induci
950 3951 1501 4025 nequiret,pedibus
1516 3953 1919 4024 conculcatur,
1945 3961 2004 4014 et

351 4044 528 4116 virgis
557 4041 810 4116 palmeis
842 4040 1128 4098 caeditur:
1161 4046 1340 4112 atque
1371 4041 1588 4098 iterum
1638 4043 1701 4100 in
1749 4042 2004 4116 lupanar

351 4133 706 4207 conjicitur:
741 4131 900 4206 quod
949 4131 1161 4207 angelo
1192 4131 1514 4200 revelante,
1545 4132 1880 4190 Alexander
1904 4135 2001 4192 in-

347 4239 606 4299 gressus,
631 4222 974 4296 (putabatur
1002 4222 1160 4278 enim
1193 4221 1500 4294 explenda;
1523 4222 1794 4280 libidinis
1823 4241 2001 4284 causa

347 4313 408 4372 id
439 4330 634 4390 agere,
675 4319 743 4371 ut
772 4313 874 4388 qui
897 4312 1136 4386 juvenis
1167 4317 1324 4369 esset
1351 4329 1647 4370 annorum
1666 4314 1903 4371 circiter
1923 4316 1996 4371 vi-

346 4403 496 4479 ginti
526 4404 707 4476 octo,)
740 4409 1008 4462 sanctam
1055 4402 1291 4475 quidem
1341 4419 1478 4476 sago
1521 4419 1628 4458 suo
1673 4410 1851 4477 caput
1897 4405 1996 4461 in-

345 4494 608 4552 volutam
641 4511 673 4551 e
703 4492 980 4566 lupanari
1030 4491 1268 4558 eduxit;
1318 4489 1446 4562 ipse
1492 4507 1628 4546 vero
1677 4507 1783 4564 pro
1816 4508 1886 4549 ea
1916 4492 1996 4550 ibi

2113 542 2252 616 μετά
2309 536 2575 608 σπουδῆς.
2636 539 2736 594 Καὶ
2795 539 2824 594 ὁ
2920 539 3128 614 μάρτυς
3203 537 3513 609 ὑπαντήσας
3598 535 3769 610 αὐτῷ,

2111 631 2368 703 ἐτίμησεν
2424 629 2588 684 αὐτὸν
2650 627 2973 704 βασιλικῶς.
3032 627 3165 683 Τότε
3249 625 3402 702 λέγει
3467 627 3765 688 Λικίννιος·

2112 717 2384 793 Θεόδωρε,
2417 715 2598 793 δεῦρο,
2631 716 2880 792 θύσωμεν
2930 723 3046 780 τοῖς
3108 721 3275 781 θεοῖς.
3307 717 3368 774 Ὀ
3402 713 3461 772 δὲ
3489 713 3614 796 ἔφη’
3667 715 3767 777 Δός

2116 828 2211 882 μοι
2248 807 2447 872 αὐτοὺς
2501 806 2765 882 πρότερον
2823 806 2876 863 ἂν
2933 811 3012 879 τῷ
3072 805 3232 879 οἷ’κῳ,
3289 803 3376 861 ἵνα
3425 809 3764 881 θεραπευσω,

2111 897 2202 952 καὶ
2259 897 2384 952 τότε
2442 895 2554 960 θύω
2610 895 2820 953 αὐτοῖς.
2887 895 2984 950 Καὶ
3043 890 3229 950 λαϐὼν
3289 894 3417 956 τοὺς
3497 895 3768 969 ἀργυροῦς

2113 986 2292 1056 θεοὺς,
2348 989 2655 1061 συνέτριψε,
2713 984 2803 1040 καὶ
2888 981 3060 1040 ἔδωκε
3147 989 3269 1047 τοῖς
3351 990 3622 1059 πτωχοῖςο
3671 983 3764 1039 καὶ

2111 1076 2374 1150 γνωσθεὶς
2434 1074 2778 1151 ἐτιμωρήθη.
2866 1075 2999 1132 Εἶτα
3084 1073 3507 1152 ἆπεκειραλίσθη.
3568 1073 3647 1131 Τὸ
3709 1071 3769 1128 δὲ

2112 1162 2367 1238 λείψανον
2395 1164 2565 1219 αὑτοῦ
2595 1164 2980 1237 ἀνακομισθὲν,
3032 1162 3186 1234 ἰνέθη
3249 1162 3302 1219 ἐν
3354 1160 3567 1238 Εὐχαΐᾳ
3612 1160 3768 1233 πλη·

2114 1253 2226 1309 σίον
2259 1252 2570 1330 Εὐχαῖτῶν.

2663 1560 2846 1618 ΜΙῘΝῙ
2883 1559 2975 1666 Ti?
3015 1561 3213 1616 ΑΥΤΩ.

2911 1652 2952 1705 Θ

2112 1743 2383 1819 ,Αθλησις
2439 1753 2541 1816 τῆς
2621 1744 2826 1876 άγίιιιιξΔ
2865 1749 3142 1836 μάρτυρος
3226 1741 3502 1822 Πελαγίας
3553 1746 3654 1817 τῆς
3709 1744 3764 1805 ἓν

2830 1838 3098 1876 ντιογεια.

2830 1838 3098 1894 ντιοχειᾳ.

2183 1925 2334 1997 Αὕτη
2368 1921 2731 1994 διαϐληθεῖσα
2761 1927 2899 1990 πρὸς
2951 1927 3043 1982 τὸν
3101 1925 3365 2002 ἄρχοντα,
3411 1927 3501 1982 καὶ
3555 1924 3768 1998 δήσασα

2115 2012 2204 2070 διὰ
2229 2016 2330 2086 τὴν
2362 2014 2530 2084 αὐτῆς
2563 2016 2872 2092 παρθενίας,
2931 2013 3129 2086 ἐδεήθη
3176 2020 3277 2072 τοῦ
3322 2019 3476 2081 Θεοῦ,
3528 2016 3618 2071 καὶ
3664 2037 3770 2073 πε-

2113 2103 2430 2178 ριστείλασα
2487 2104 2706 2173 ἑαυτὴν,
2765 2105 2870 2159 ὰπὸ
2928 2109 3024 2160 τοῦ
3081 2103 3415 2178 οἷκήματος,
3473 2105 3524 2160 ἐν
3575 2106 3621 2179 ᾧ
3662 2108 3769 2162 ἀπ-

2115 2192 2262 2249 έθετο
2295 2194 2322 2248 ὁ
2353 2190 2543 2269 ἅρχων
2567 2193 2762 2261 αὑτὴν,
2815 2193 3118 2258 ἀνελθοῦσα
3167 2195 3416 2270 ὑπεράνω
3445 2199 3544 2250 τοῦ
3575 2193 3774 2268 δώμα-

2114 2301 2230 2344 τος,
2263 2275 2457 2336 ἔϐαλεν
2491 2281 2663 2347 αὐτὴν
2691 2282 2828 2336 κατά
2877 2285 2974 2336 τοῦ
3021 2286 3290 2358 κρημνοῦ.
3343 2283 3442 2338 Καὶ
3489 2280 3768 2340 ἀπέδωκεν

2114 2371 2213 2438 τῆν
2245 2372 2432 2445 ψυχήν
2463 2369 2631 2441 αὐτῆς
2658 2374 2736 2444 τῷ
2785 2375 2920 2443 Θεῷ.
2973 2371 3186 2441 Ταύτην
3218 2373 3247 2428 ὁ
3275 2371 3460 2445 τίμιος
3511 2373 3769 2443 Ἰωάννης

2115 2459 2145 2515 ὁ
2179 2460 2574 2536 Χρυκόστομος
2615 2461 2920 2536 ἐγκωμίοις
2967 2459 3216 2534 ἐτίμησε,
3277 2458 3368 2517 διὰ
3417 2463 3480 2517 τὸ
3529 2465 3768 2538 καθαρὸν

2110 2551 2215 2615 τῆς
2243 2548 2530 2626 παρθενίας
2564 2550 2754 2620 αὐτῆς,
2787 2549 2877 2606 καὶ
2907 2550 2971 2606 τὸ
2999 2557 3100 2620 τῆς
3131 2549 3410 2623 ἀσκήσεως
3443 2554 3688 2629 μέγεθος.

2653 2679 2835 2737 ΜΗΝΙ
2877 2683 2962 2786 Τίξ
3004 2681 3209 2737 ΑΥΤΩ.

2915 2771 2938 2827 l

2107 2861 2381 2936 Ἀθλησις
2437 2868 2546 2921 τῶν
2602 2863 2780 2946 ἁγίωνΔ
2859 2864 3148 2946 μαρτύρων
3235 2864 3613 2946 Ἀλεξάνδρου,
3671 2869 3765 2926 καὶ

2765 2939 3121 3009 ’Δντωνίνῆς.

2179 3055 2350 3112 Οὗτοι
2382 3055 2633 3132 ὑπῆρχον
2692 3054 2798 3112 ἀπὸ
2843 3057 3042 3130 κώμης
3089 3054 3408 3134 Καρδάμου.
3439 3060 3502 3118 Ἦ
3539 3062 3635 3134 μὲν
3669 3060 3771 3118 οὖν

2111 3143 2244 3220 ἁγία
2306 3145 2601 3204 Ἀντωνίνα
2659 3151 2871 3220 σεμνῶς
2927 3146 3014 3202 καὶ
3073 3147 3234 3205 ὁσίως
3297 3151 3391 3206 τὸν
3473 3152 3586 3226 βίον
3643 3149 3774 3208 διά-

2042 3222 2285 3312 (Ῑγουσα
2343 3233 2628 3311 ἐτύγχανε·
2688 3235 3066 3309 συλληφθεῖσα
3105 3234 3162 3294 δὲ
3215 3239 3318 3295 ὑπὸ
3373 3222 3616 3312 Φήστου,
3675 3244 3774 3299 καὶ

2117 3325 2192 3397 μή
2254 3325 2536 3380 πεισθεῖσα
2595 3325 2927 3400 ἀρνήσασθαι
2985 3329 3078 3382 τὸν
3137 3330 3396 3401 Χριστὸν,
3468 3328 3610 3403 μηδέ
3669 3331 3775 3387 λα-

2109 3417 2327 3489 τρεῦσαι
2357 3418 2474 3476 τοῖς
2529 3410 2805 3487 δαίμοσιν,
2859 3414 2912 3470 ἐν
2963 3416 3227 3490 οἰκήματι
3275 3424 3520 3492 πορνικῷ
3569 3421 3777 3476 ἀποτί-

2113 3503 2282 3559 θεται.
2342 3502 2467 3560 Ἐπὶ
2526 3504 2671 3576 τρισὶ
2713 3501 2770 3559 δὲ
2822 3506 3057 3579 ἡμέραις
3099 3507 3362 3563 ἀποσίτου
3408 3506 3772 3581 ὂιαμεινάσης

2111 3591 2304 3661 αὑτῆς,
2337 3590 2660 3667 παρίσταται
2707 3597 2823 3666 φῶς
2870 3592 2924 3648 ἐν
2983 3594 3157 3654 νυκτί.
3203 3596 3300 3651 Καὶ
3368 3598 3603 3672 βροντῆς
3664 3619 3768 3654 κα-

2109 3680 2491 3758 ταρραγείσης,
2550 3681 2606 3736 αἱ
2661 3685 2759 3737 τοῦ
2819 3681 3128 3756 οῐκήματος
3183 3685 3342 3761 θύραι
3430 3685 3757 3764 ἐριἶᾶγησαν.

2108 3768 2208 3826 Καὶ
2240 3772 2395 3845 φωνή
2429 3771 2565 3844 πρὸς
2603 3769 2770 3840 αὐτὴν
2830 3771 3122 3847 οὐρανόθεν
3183 3772 3390 3850 γέγονε,
3449 3797 3760 3853 προτρεπο-

2111 3863 2248 3931 μὲνη
2299 3860 2591 3930 ἀναστῆναι
2637 3861 2740 3916 ’καὶ
2798 3869 3008 3940 τρυφῆς
3072 3860 3420 3936 μεταλαϐεῖν.
3471 3865 3760 3937 Δίτήσασα

2108 3944 2166 4003 δὲ
2221 3949 2310 4004 καὶ
2395 3954 2658 4028 φαγοῦσα,
2739 3949 2962 4022 ἐξῆλθεν
3042 3953 3197 4019 αὗθις
3282 3963 3618 4030 παραστῆναι
3677 3963 3760 4029 τῷ

2107 4037 2364 4112 ἡγεμόνι,
2421 4039 2511 4094 καὶ
2576 4039 2652 4112 μή
2713 4046 2993 4105 πεισθεῖσα
3046 4049 3164 4108 τοῖς
3246 4041 3503 4108 εῗδώλοις
3579 4051 3763 4118 θῦσαι,

2105 4129 2444 4204 πτερνίζεται
2488 4129 2578 4185 καὶ
2638 4131 2971 4201 σπαθίζεται.
3034 4135 3133 4191 Καὶ
3192 4133 3360 4190 πάλιν
3417 4136 3503 4192 ἐπὶ
3565 4158 3766 4213 πορνι-

2103 4217 2196 4273 κὸν
2225 4218 2487 4296 ἀπάγεται
2533 4218 2765 4294 οἷ’κημα,
2819 4221 2872 4278 ἐν
2922 4223 2968 4295 ᾧ
3026 4220 3096 4278 δι’
3146 4224 3544 4300 ἀποκαλύψεως
3598 4228 3764 4304 ἀγγέ-

2105 4307 2266 4364 λουὸ
2316 4307 2672 4383 Ἀλέξανδρος
2733 4308 3017 4381 εἰσελθὼν,
3075 4313 3165 4368 καὶ
3226 4312 3316 4370 διά
3369 4317 3431 4372 τὸ
3486 4317 3601 4372 νέον
3659 4325 3764 4386 τῆς

2103 4395 2349 4468 ἡλικίας,
2407 4396 2471 4466 ἤν
2528 4399 2629 4475 γὰρ
2697 4400 2828 4456 ὡσεὶ
2887 4403 3104 4478 χρόνων
3182 4403 3522 4475 εἴκοσιοκτὼ,
3600 4404 3762 4478 δόξας

2106 4484 2194 4542 ἐπὶ
2234 4486 2425 4562 πρᾶξιν
2481 4485 2714 4562 ἄσεμνον
2773 4494 3182 4565 παραγενέσθαι,
3239 4491 3444 4562 λαθὼν,
3502 4497 3600 4564 τήν
3660 4498 3761 4571 μὶν

345 4583 656 4640 remansit.
691 4582 875 4639 Paulo
907 4585 1044 4654 post
1071 4596 1206 4636 cum
1235 4579 1458 4636 milites
1508 4580 1582 4636 ad
1634 4583 1996 4639 contumelia

2111 4575 2254 4651 ἱγίαν
2311 4580 2408 4632 τοῦ
2465 4573 2723 4650 δώματος
2789 4579 3118 4656 ὑπεξήγαγε,
3174 4587 3254 4655 τῷ
3333 4583 3609 4660 χλανιδίῳ
3657 4589 3760 4657 τήν

345 4671 726 4728 efﬁciendam
758 4675 1026 4728 sanctam
1060 4667 1472 4735 accessissent,
1506 4686 1602 4725 res
1632 4672 1843 4743 patuit.
1878 4671 1993 4728 Ad-

346 4757 560 4814 ductus
589 4757 768 4830 igitur
797 4773 1000 4814 coram
1029 4756 1282 4828 praeside
1335 4756 1688 4822 Alexander,
1734 4759 1996 4831 primum

346 4845 590 4918 quidem
624 4847 877 4919 palmeis
918 4845 1097 4920 virgis
1144 4845 1439 4902 caeditur:
1489 4853 1696 4919 postea
1745 4865 1880 4906 cum
1940 4858 1999 4907 et

345 4941 550 4992 sancta
576 4937 1009 5007 comprehensa
1037 4935 1268 4996 luisset.
1302 4935 1590 4993 ambobus
1621 4941 1994 4996 summitates

343 5023 562 5097 pedum
631 5040 1038 5096 manuumque
1110 5023 1562 5080 abscinduntur.
1625 5027 1872 5085 Demum
1933 5030 1994 5088 in

341 5113 570 5169 foveam
605 5113 780 5186 ignis,
813 5113 1046 5185 liquata
1075 5113 1203 5184 pice
1241 5119 1359 5168 toto
1404 5131 1650 5185 corpore
1699 5120 1992 5188 peruncti,

340 5202 744 5270 injiciuntur:
795 5208 972 5274 atque
1023 5202 1106 5256 ita
1153 5201 1392 5256 beatum
1441 5201 1621 5258 finem
1671 5206 1990 5276 accipiunt.

340 5291 686 5348 Celebratzir
717 5298 915 5347 autem
950 5306 1155 5345 eorum
1187 5289 1474 5346 festivitas
1522 5292 1583 5346 in
1628 5297 1992 5351 monasterio

340 5380 494 5436 ηε)
527 5381 853 5439 Maximini.
887 5379 1398 5450 ConstantinOpoli
1433 5379 1567 5443 sito,
1593 5379 1692 5434 ubi
1715 5399 1994 5442 veneran-

338 5469 429 5525 daa
461 5487 664 5526 eorum
699 5470 982 5542 deposita:
1014 5475 1153 5524 sunt
1179 5467 1468 5538 reliquias.
1499 5485 1568 5525 ex
1600 5470 1816 5542 quibus
1843 5475 1990 5531 mul-

337 5564 528 5616 tarum
566 5560 944 5617 sanationum
976 5556 1266 5614 miracula
1295 5555 1570 5613 effluunt.

2107 4663 2274 4735 αὐτῆς
2302 4663 2550 4741 καλύψας
2599 4671 2868 4746 κεφαβήνο
2929 4672 3090 4735 αὐτὸς
3149 4669 3207 4728 δὶ
3263 4672 3433 4729 ἐκεῖσε
3493 4676 3758 4748 διέμεινε.

2105 4755 2238 4812 Μετ’
2267 4754 2452 4832 ὀλίγον
2497 4753 2554 4812 δὲ
2609 4762 2842 4831 φανεροῦ
2900 4762 3204 4834 γενομένου
3259 4767 3356 4818 τοῦ
3413 4765 3759 4840 πράγματος,

2107 4849 2452 4920 στρατιωτῶν
2485 4866 2646 4901 τινων
2681 4846 2756 4909 εἰς
2787 4849 2850 4903 τὸ
2899 4846 3175 4923 ἐνυϐρίσαι
3221 4853 3320 4920 τῆν
3376 4855 3529 4927 ἁγιαν
3581 4876 3758 4930 παρα-

2101 4933 2428 5008 γενομένων.
2483 4934 2636 5011 ἢχθη
2695 4938 2831 5012 πρὸς
2887 4939 2979 4994 τὸν
3038 4941 3757 5020 ἡγεμόναὸἈλέξανδρος.

2103 5024 2209 5080 Καὶ
2242 5027 2460 5096 πρῶτον
2521 5025 2615 5096 μὶν
2673 5027 3004 5098 σπαθίζεται·
3070 5031 3186 5085 εἶτα
3244 5035 3603 5107 συσχεθείσης
3661 5037 3755 5091 καὶ

2099 5119 2201 5182 τῆς
2232 5114 2415 5189 ἁγίας,
2474 5113 2774 5191 ἀμφότεροι
2805 5117 2872 5171 τά
2903 5118 3040 5186 ἄκρα
3081 5124 3190 5174 τῶν
3242 5119 3449 5190 ποδῶν,
3503 5123 3595 5178 καὶ
3641 5129 3756 5181 τῶν

2101 5206 2303 5277 χειρῶν
2364 5203 2784 5276 ἀποτέμνονται,
2845 5207 2934 5261 καὶ
2985 5207 3158 5271 οὕτως
3211 5208 3261 5265 ἐν
3315 5211 3498 5287 βόθρῳ
3555 5215 3755 5286 πυρὸς,

2101 5288 2230 5347 ὅλον
2263 5291 2325 5347 τὸ
2355 5295 2517 5365 σῶμα
2567 5293 2731 5369 πίσσῃ
2795 5294 3204 5371 ἐπιχρισθὲντες
3263 5299 3424 5375 ὑγρᾷ,
3483 5301 3757 5372 ἐξωθοῦν-

2099 5401 2208 5448 ται,
2238 5380 2327 5436 καὶ
2361 5379 2808 5458 ἀποῤῥίπτονται,
2866 5385 2956 5440 καὶ
3016 5385 3067 5440 ἐν
3124 5387 3305 5460 τούτῳ
3359 5391 3424 5444 τὸ
3481 5392 3754 5466 μακάριον

2098 5469 2257 5531 τέλος
2288 5467 2567 5544 δέχονται.
2615 5470 2865 5528 Τελεῖται
2918 5471 3035 5544 δεῇ
3069 5477 3250 5532 αὐτῶν
3295 5477 3532 5553 σύναξις,
3583 5479 3638 5536 ἑν
3684 5481 3760 5558 τῇ

2101 5563 2242 5635 μονῇ
2299 5562 2397 5615 τοῦ
2471 5559 2809 5633 Μαζιμίνου,
2894 5560 3210 5641 διακειμένῃ
3274 5565 3328 5622 ἐν
3403 5570 3752 5628 Κωνσταντι-

334 5646 619 5719 νουπόλει,
651 5643 778 5704 ἔνθα
806 5649 1147 5704 κατάκεινται
1176 5645 1244 5700 τὰ
1271 5642 1429 5719 τίμια
1484 5645 1667 5703 αὐτῶν
1725 5645 1976 5726 λείψανα.
2038 5651 2127 5722 Ἐξ
2189 5649 2264 5704 ὦν
2322 5647 2414 5705 καὶ
2471 5647 2698 5708 πολλῶν
2757 5654 3046 5726 θαυμάτων
3111 5653 3280 5719 ἰάσεις
3337 5658 3756 5734 ἆναπηγάζουσι
