4104 6196
328 371 446 434 493

1844 363 2153 428 JUNIUS.

3627 379 3743 440 494

327 500 435 560 Καὶ
489 497 723 569 ἄθλησις
806 500 906 583 τοῦ
991 495 1153 570 ἁγίου
1187 491 1631 586 ηῖερρμάρτυρος
1715 490 1982 567 Τιμοθέου

2096 498 2163 556 Et
2191 506 2462 557 certamen
2486 506 2856 586 sacrosancti“
2872 509 3136 576 martyris
3196 510 3460 564 Timothei
3505 511 3746 581 episcopi

856 568 1156 625 ἐπισκόπου
1186 568 1457 642 Προύσης.

399 689 573 751 Οὗτος
604 688 671 758 ἦν
705 685 795 743 ἐπὶ
844 685 1144 745 Ἰουλιανοῦ
1189 688 1287 740 τοῦ
1336 680 1673 760 παραϐάτου,
1729 685 1829 755 τὴν
1884 684 1986 740 λα-

327 783 535 855 χοῦσαν
571 777 719 851 αύτῷ
759 774 1053 847 ἐκκλησίαν
1114 773 1308 830 ἰθύνων
1370 772 1579 844 καλῶς,
1624 775 1712 829 καὶ
1780 773 1873 829 τὸν
1933 774 1986 829 ἐν

325 867 468 942 αὐτῇ
501 867 633 922 λαὸν
668 864 978 938 ποιμαίνων
1036 866 1440 936 πνευματικῶς.
1501 860 1691 937 Βρύων
1754 858 1813 917 δὲ
1864 881 1990 917 παν-

324 956 503 1018 τοίοις
533 953 791 1027 θαύμασι,
831 954 923 1009 τὸν
976 950 1242 1026 δράκοντα
1287 952 1379 1006 τὸν
1435 949 1627 1025 μέγαν,
1659 951 1719 1012 δς
1767 953 1837 1023 τῇ
1891 952 1988 1004 τοῦ

326 1044 752 1124 ὶμφωλεῦοντος
785 1041 839 1099 ἓν
899 1042 1049 1115 αότῷ
1111 1046 1192 1114 τῷ
1241 1040 1392 1113 τόπῳ
1447 1038 1629 1111 κακίᾳ,
1689 1038 1832 1114 φημὶ
1896 1034 1987 1106 δὴ,

323 1140 431 1193 τοῦ
477 1133 865 1211 βροτοκτόνου,
921 1130 1013 1186 καὶ
1071 1128 1308 1205 ἂρχαίου
1365 1126 1683 1204 δράκοντος,
1750 1124 1880 1189 τοὺς
1931 1146 1990 1181 τε

324 1222 632 1297 παριόντας
659 1221 982 1295 ἀνθρώπους
1040 1219 1253 1295 ἀνῄρει,
1310 1216 1400 1273 καὶ
1456 1217 1525 1273 τὰ
1579 1218 1752 1286 κτήνη
1814 1216 1991 1293 φυσή-

330 1333 463 1385 ματι
496 1311 663 1384 μόνον
698 1309 1050 1384 ἑλυμαίνετο,
1083 1309 1173 1363 καὶ
1206 1306 1353 1369 ὅλως
1384 1302 1582 1362 ἄϐατον
1635 1307 1735 1375 τὴν
1792 1302 1988 1378 μεταξὺ

324 1408 430 1471 τῆς
462 1399 682 1463 πόλεως
718 1398 994 1475 Προύσης,
1044 1398 1132 1453 καὶ
1187 1401 1296 1452 τῶν
1335 1397 1551 1471 θερμῶν
1605 1391 1812 1450 ὑδάτων
1862 1390 1984 1448 ὁδὸν

328 1487 761 1562 ἑπεδείκνυε,τῇ
819 1482 1061 1561 ἐπιϐολῇ
1118 1490 1219 1541 τοῦ
1259 1489 1367 1540 τῶν
1424 1479 1592 1561 ’ἱερῶν
1652 1484 1831 1559 ἄργων
1889 1503 1989 1537 κα-

333 1579 653 1653 Αύμματος,
708 1573 977 1654 διέῥρηξε,
1031 1575 1120 1631 καὶ
1175 1574 1491 1647 ἐνέκρωσεν.
1549 1573 1868 1646 Ἀπετμηθη
1930 1568 1988 1625 δὶ

323 1672 432 1738 τήν
495 1667 771 1746 καφαλήν,
825 1664 1130 1722 Ἰουλιανοῦ
1174 1668 1273 1721 τοῦ
1343 1657 1659 1739 παραϐάτου
1722 1660 1985 1735 μαθόντος

330 1758 600 1831 περὶτῶν
629 1758 944 1831 θαυμάτων,
1001 1756 1074 1810 ὦν
1139 1753 1331 1825 έτέλει,
1387 1754 1477 1809 καὶ
1539 1748 1985 1822 ἀποστείλαντος,

2815 576 3020 634 Prusae.

2167 682 2268 737 Hic
2300 682 2631 755 imperante
2661 682 2896 738 Iuliano
2930 689 3197 755 apostata
3213 687 3527 745 ecclesiam
3551 707 3739 759 suam,

2095 788 2274 843 quam
2306 773 2551 827 sortitus
2582 772 2796 843 fuerat,
2845 774 3128 845 praeclare
3179 776 3632 845 administravit,
3686 785 3745 835 et

2096 878 2275 932 quem
2306 863 2369 917 in
2401 878 2469 918 ea
2494 862 2780 934 populum
2822 864 3048 929 habuit,
3084 865 3377 935 spirituali
3409 867 3624 938 pabulo
3648 887 3741 925 re-

2092 951 2252 1007 fecit.
2288 951 2595 1007 Excellens
2650 968 2784 1007 vero
2842 953 3015 1008 variis
3064 954 3390 1023 miraculis,
3440 957 3739 1029 ingentem

2097 1040 2439 1107 draconem,
2476 1040 2577 1111 qui
2604 1058 2709 1112 per
2734 1041 3023 1096 malitiam
3057 1044 3208 1113 ejus,
3242 1046 3342 1115 qui
3378 1046 3439 1101 in
3491 1063 3559 1101 eo
3611 1048 3740 1102 loco

2097 1130 2524 1199 stabulabatur,
2549 1132 2798 1201 antiqui,
2827 1133 3090 1203 inquam,
3123 1139 3180 1187 et
3204 1135 3516 1191 homicidae
3542 1137 3743 1193 draco-

2096 1220 2213 1287 nis,
2246 1225 2627 1275 transeuntes
2654 1220 2791 1275 illac
2819 1221 3071 1276 viatores
3104 1223 3410 1279 occidebat
3434 1226 3739 1296 ;jumenta

2093 1325 2332 1382 quoque
2365 1308 2490 1364 solo
2524 1308 2723 1363 efﬂatu
2756 1310 3155 1379 interimebat,
3191 1318 3248 1367 et
3286 1314 3541 1386 denique
3572 1316 3738 1372 illam

2093 1400 2266 1463 viam,
2301 1415 2431 1470 quae
2464 1404 2554 1453 est
2584 1398 2738 1453 inter
2778 1398 2984 1454 urbem
3034 1402 3281 1456 Prusam
3333 1408 3391 1457 et
3436 1404 3737 1473 Thermas,

2094 1488 2371 1544 infestam
2402 1494 2461 1544 et
2509 1487 2725 1543 inviam
2776 1489 3081 1558 reddebat,
3142 1490 3379 1562 objectu
3437 1493 3572 1560 veli,
3624 1511 3739 1564 quo

2093 1577 2422 1635 consecrati
2453 1594 2639 1649 panes
2670 1579 3436 1652 contegebantur,disrupit,
3471 1588 3529 1637 et
3560 1582 3742 1637 inter-

2092 1666 2597 1724 fecit.Decollatus
2617 1673 2816 1723 autem
2838 1667 2970 1735 fuit,
3001 1668 3217 1723 Juliani
3241 1676 3522 1741 apostataa
3542 1671 3739 1742 jussu,

2094 1758 2195 1830 qui
2227 1774 2363 1814 cum
2399 1756 2471 1812 de
2500 1757 2746 1830 patratis
2806 1757 2878 1813 ab
2929 1775 2995 1813 eo
3043 1760 3329 1833 prodigiis
3388 1761 3738 1830 inaudissct,

322 1848 423 1903 καὶ
453 1844 743 1909 ἀνελόντος
792 1845 972 1902 αὐτόν.
1032 1842 1263 1902 Τελεῖτα
1320 1840 1377 1899 δὲ
1405 1844 1441 1913 ἡ
1474 1841 1640 1898 αὐτοῦ
1687 1840 1899 1912 σύναξις
1932 1838 1982 1895 έν

370 1942 398 1946 Α
456 1939 469 1946 -
638 1936 649 1946 .
836 1935 849 1946 .
927 1939 951 1946 -
1235 1932 1248 1946 .
1416 1937 1444 1946 ..
1514 1929 1539 1946 ..
1688 1926 1711 1946 ,ο
1746 1929 1769 1946 ι.
1956 1933 1981 1945 ..

2096 1847 2260 1902 misit
2287 1846 2388 1919 qui
2421 1863 2555 1902 eum
2587 1846 2900 1902 occideret.
2934 1847 3278 1903 Celebratur
3299 1850 3426 1919 ejus
3456 1850 3742 1905 festivitas

324 1942 413 2011 τῷ
445 1936 737 2013 ἁγιωτάτῳ
792 1935 957 1991 αὐτοῦ
1014 1932 1320 2009 μαρτυρίῳ,
1377 1937 1456 2005 τῷ
1514 1929 1628 1987 ὃντι
1686 1926 1833 1987 ἔνδον
1890 1933 1986 1985 τοῦ

333 2028 563 2104 εὖαγοῦς
597 2026 827 2098 ξενῶνος
858 2025 911 2081 ἑν
940 2029 1021 2097 τῷ
1052 2024 1316 2099 Δευτέρῳ.

456 2141 560 2201 Καὶ
594 2143 787 2216 μνήμη
817 2142 916 2198 τοῦ
948 2140 1103 2197 ὁσίου
1134 2141 1345 2214 Πατρὸς
1375 2141 1539 2214 ἡμῶν
1568 2134 1852 2199 Κανίδους.

408 2260 583 2321 Οὗτος
614 2260 681 2329 ἦν
713 2258 805 2315 ἐπὶ
834 2265 938 2328 τῆς
980 2256 1261 2335 βασιλείας
1322 2253 1612 2314 Θεοδοσίου
1658 2258 1755 2310 τοῦ
1804 2253 1983 2329 Μεγά-

323 2350 458 2420 λου,
516 2346 782 2406 Θεοδότου
838 2348 927 2404 καὶ
1002 2344 1312 2426 Θεοφανοῦς
1394 2346 1535 2416 υἱὸς,
1591 2344 1686 2408 τὰς
1745 2343 1986 2413 οἰκήσεις

324 2440 681 2497 ποιουμένων
713 2439 765 2494 ἐν
795 2443 864 2515 τῇ
908 2442 1018 2495 τῶν
1066 2434 1445 2494 Καππαδοκῶν
1502 2434 1680 2512 χώρᾳ,
1734 2428 1981 2489 εὐλαϐῶν

326 2527 530 2602 ὄντων,
560 2528 653 2584 καὶ
687 2528 983 2605 θεοφιλῶν.
1030 2526 1252 2601 Λέγεται
1286 2524 1364 2598 δὲ,
1412 2526 1511 2595 τὴν
1567 2524 1775 2599 μητέρα
1822 2521 1985 2578 αὐτοῦ

327 2618 596 2682 παντοίας
624 2622 833 2696 τροφῆς
864 2617 1162 2693 ἀπέχεσθαι
1194 2615 1532 2692 παχυτέρας,
1580 2614 1698 2668 καθ’
1754 2612 1813 2667 ὅν
1866 2632 1984 2666 και-

325 2709 428 2785 ρὸν
461 2712 651 2764 τοῦτον
684 2706 736 2764 έν
768 2706 961 2782 γαστρὶ
1022 2700 1195 2784 ἔφερεο
1249 2705 1512 2780 τεχθέντα
1572 2700 1628 2757 δὲ
1686 2701 1981 2776 ἄπέχεσθαι

328 2804 438 2866 τῆς
468 2797 753 2873 ἀριστερᾶς
802 2794 980 2866 θηλῆς
1021 2793 1326 2856 παντελῶς.
1378 2792 1440 2849 El
1493 2789 1697 2862 δήποτε
1755 2787 1982 2863 δαψιλε-

326 2888 524 2963 στέρας
568 2893 778 2961 τροφῆς
825 2884 1129 2964 ἐνεφορήθη
1164 2886 1198 2953 ἡ
1232 2884 1439 2957 μήτηρ,
1492 2878 1620 2936 οὐδὲ
1660 2887 1763 2949 κῆς
1812 2877 1985 2950 δεξιᾶς

324 2974 512 3045 θηλῆς
563 2973 765 3044 ἥπτετο
814 2970 981 3037 ὅλως.
1035 2974 1358 3035 Βαπτισθείς
1402 2967 1514 3041 οὖν,
1560 2970 1650 3024 καὶ
1702 2966 1983 3043 ἀπογαλα-

332 3063 596 3135 κτισθεὶς,
624 3063 716 3119 καὶ
772 3063 840 3118 τὰ
893 3063 1121 3139 πρώτης
1187 3059 1412 3131 ἡλικίας
1470 3057 1981 3133 παραμειψάμενος,

324 3154 547 3231 χαίρειν
607 3157 767 3208 πᾶσιν
816 3151 1008 3222 εἰπὼν,
1061 3151 1121 3206 τὸ
1179 3147 1305 3227 ὅρος
1390 3142 1817 3221 καταλαμϐάνει.
1883 3146 1983 3202 Καὶ

2094 1938 2155 1993 in
2188 1936 2563 1993 sanctissimo
2623 1936 2810 2008 ipsius
2868 1937 3171 2008 martyrio,
3230 1937 3390 2009 quod
3448 1945 3538 1994 est
3584 1940 3741 1995 intra

2092 2028 2256 2100 pium
2286 2026 2581 2099 hospitale
2615 2027 2677 2082 in
2709 2028 2982 2082 Deutero.

2288 2147 2357 2200 Et
2386 2146 2650 2200 memoria
2678 2147 2853 2200 sancti
2881 2147 3063 2201 Patris
3091 2146 3267 2200 nostri
3298 2144 3536 2201 Canidis.

2162 2264 2266 2320 Hic
2306 2263 2635 2336 imperante
2667 2263 2994 2319 Theodosio
3025 2264 3229 2337 Magno
3262 2264 3495 2330 claruit,
3548 2265 3733 2320 Theo-

2090 2352 2227 2411 doto
2258 2359 2445 2428 patre,
2482 2359 2539 2410 et
2567 2355 2921 2426 Theophane
2953 2360 3141 2410 matre
3173 2359 3368 2422 natus,
3396 2355 3509 2426 piis
3542 2371 3608 2411 ac
3638 2370 3734 2409 re-

2090 2443 2316 2517 ligiosis
2348 2444 2716 2517 parentibus,
2752 2444 2851 2515 qui
2886 2445 2945 2499 in
3002 2444 3369 2516 Cappadocia
3419 2443 3728 2516 degebant.

2089 2535 2297 2589 Fertur
2318 2532 2388 2589 de
2413 2534 2541 2605 ejus
2564 2538 2773 2601 matre,
2804 2533 2963 2605 quod
2993 2533 3154 2588 omni
3187 2533 3437 2589 lautiore
3469 2533 3598 2589 cibo
3630 2533 3732 2589 ab-

2091 2623 2387 2688 stinuerit,
2422 2623 2563 2678 dum
2594 2622 2751 2678 hunc
2771 2623 2831 2677 in
2850 2628 3017 2678 utero
3041 2628 3299 2691 gestaret
3323 2641 3334 2677 :
3361 2624 3585 2679 editum
3602 2638 3736 2679 vero

2089 2712 2377 2769 infantem
2410 2714 2598 2779 aiunt,
2633 2730 2867 2785 semper
2894 2729 2927 2769 a
2959 2712 3200 2768 sinistra
3244 2712 3513 2769 mamilla
3554 2712 3739 2768 absti-

2088 2804 2313 2859 nuisse.
2348 2802 2511 2869 Quod
2546 2804 2591 2859 si
2628 2808 2817 2858 mater
2857 2802 3107 2858 subinde
3153 2802 3483 2858 delicatiori
3536 2819 3745 2859 mensa

2088 2898 2378 2962 uteretur,
2411 2898 2536 2948 tum
2559 2909 2633 2948 ne
2659 2892 2963 2949 dexteram
2989 2892 3229 2964 quidem
3249 2893 3595 2965 attingebat.
3633 2895 3744 2948 Ba-

2087 2984 2360 3057 ptizatus,
2395 2989 2453 3039 et
2482 3001 2517 3040 a
2548 2983 2697 3039 lacte
2730 2988 3015 3046 remotus,
3040 2989 3105 3038 ut
3135 2984 3389 3055 primam
3422 2984 3739 3055 pueritiam

2090 3090 2361 3147 egressus
2394 3078 2503 3141 est,
2528 3073 2715 3145 jussis
2748 3072 3021 3128 omnibus
3055 3072 3176 3127 suis
3206 3073 3422 3137 valere,
3474 3073 3535 3127 in
3566 3090 3742 3127 mon-

2087 3168 2207 3219 tem
2239 3163 2500 3219 secedit:
2532 3168 2967 3235 angustumque
3004 3167 3239 3217 antrum
3299 3162 3622 3234 ingres‘sus,
3675 3163 3734 3215 in

323 3245 529 3321 μικρὸν
575 3243 767 3320 ἄντρον
828 3241 1189 3309 ὖπειυελθὼν,
1247 3240 1299 3296 ἐν
1359 3238 1506 3312 αύτῷ
1563 3238 1746 3294 ἑαυτὸν
1802 3236 1982 3315 ἐγκαθ-

2096 3252 2191 3307 illo
2225 3268 2287 3307 se
2321 3251 2584 3318 inclusit,
2617 3250 2893 3323 precibus
2927 3255 2983 3305 et
3006 3250 3258 3322 jejuniis
3280 3266 3510 3304 vacans.
3540 3249 3734 3303 Semel

321 3337 534 3412 είρξας’
591 3335 659 3410 τῇ
714 3338 1023 3409 προσευχῇ,
1082 3332 1172 3388 καὶ
1238 3333 1308 3403 τῆ
1361 3331 1585 3402 νηστείᾳ
1671 3328 1980 3405 σχολάζων,

316 3429 418 3482 καὶ
445 3422 585 3499 ἅπαξ
615 3431 719 3494 τῆς
752 3419 1059 3497 ἑϐδομάδος
1094 3421 1453 3498 βραχυτάτων
1512 3417 1680 3493 ὠμῶν
1729 3419 1983 3494 λαχάνων

320 3513 450 3571 ἄνευ
511 3512 659 3568 ἀλῶν
718 3512 1151 3587 ἀπογευόμενος,
1234 3507 1486 3586 διήρκεσε
1559 3507 1782 3584 χρόνοις
1836 3508 1978 3581 τρισὶ

315 3605 415 3661 καὶ
449 3598 852 3677 ἐϐδομήκοντα.
885 3602 1033 3660 Ἐπεὶ
1093 3598 1151 3656 δὲ
1192 3600 1330 3655 πάνυ
1376 3599 1444 3669 ἦν
1492 3600 1799 3676 κατάφορος
1830 3598 1858 3653 ὁ
1887 3597 1979 3652 τό·

322 3716 432 3756 πος
462 3692 644 3765 ὕδασι,
670 3692 764 3749 καὶ
809 3693 872 3748 τὸ
930 3692 1121 3765 ἄντρον
1182 3689 1286 3746 ὑπὸ
1341 3688 1562 3759 πολλῆς
1615 3685 1828 3749 νοτίδος
1878 3708 1983 3743 πο-

314 3782 753 3859 λιορκούμενον,
802 3780 1164 3861 διεφθάρησαν
1215 3780 1271 3835 αἱ
1325 3778 1513 3855 τρίχες
1575 3784 1676 3848 τῆς
1732 3775 1980 3855 κεφαλῆς

312 3873 511 3942 αὐτοῦ,
569 3873 661 3928 καὶ
719 3875 817 3927 τοῦ
871 3872 1168 3946 πώγωνος.
1229 3867 1417 3931 Οὕτως
1476 3868 1568 3924 οὖν
1625 3864 1909 3943 διαρκέσας
1950 3867 1978 3921 ὁ

314 3964 597 4039 μακάριος
626 3961 715 4018 ἐπὶ
747 3958 916 4031 πολὺ,
947 3960 1084 4036 πρὸς
1118 3957 1319 4035 Κύριον
1349 3954 1501 4029 έξεδή
1514 3977 1707 4031 μησεν.

875 4087 1060 4145 ΜΗΝΙ
1098 4087 1189 4143 ΤΩ
1231 4088 1418 4143 ΔΥΤΩ.

1104 4176 1193 4235 IA'

312 4282 594 4354 ’Δθλησις
647 4286 756 4337 τῶν
808 4278 976 4355 ἁγίων
1014 4274 1360 4408 ἐποστέλων
1418 4273 1836 4353 Βαρθολομαίου
1887 4275 1977 4330 καὶ

1060 4370 1287 4408 αοναοα.

1060 4371 1228 4427 αρναο
1238 4370 1287 4405 α.

389 4473 608 4531 Τούτων
641 4475 671 4528 ὁ
702 4474 797 4546 μὲν
831 4470 983 4548 ἅγιος
1014 4466 1435 4546 Βαρθολομαῖος
1483 4467 1559 4529 εἷς
1589 4467 1655 4536 ἦν
1707 4470 1813 4522 τῶν
1868 4463 1973 4521 δώ-

309 4562 449 4620 δεκα
486 4566 767 4638 μαθητῶν,
801 4563 859 4625 ὃς
892 4557 1085 4624 Ἰνδοῖς
1112 4563 1228 4621 τοῖς
1258 4554 1625 4629 καλουμένοις
1669 4553 1974 4629 Εὐδαίμοσι

301 4653 551 4725 κηούξας
582 4654 645 4708 τὸ
680 4649 1030 4727 Εὗαγγέλιον,
1070 4647 1160 4704 καὶ
1184 4647 1249 4703 τὸ
1280 4647 1415 4702 κατά
1462 4646 1733 4702 Ματθαῖον
1788 4644 1969 4708 αὐτοῖς
2003 4638 2045 4703 Ι)

306 4740 598 4818 παραδοὺς
630 4739 997 4815 Εὐαγγέλιον,
1047 4740 1263 4812 σταυρῷ
1319 4733 1603 4809 παραθεὶς,
1663 4732 1714 4788 ἐν
1774 4728 1974 4809 Ἀϐαρ-

306 4832 580 4889 νουπόλει
606 4830 914 4887 τελειοῦται
966 4825 1217 4899 ἐνδόξως,
1266 4824 1356 4881 καὶ
1387 4824 1439 4881 ἐν
1475 4818 1794 4898 μολυϐδίνῳ
1840 4824 1977 4899 λάρ-

308 4945 441 4981 νακι
496 4922 692 4992 τεθεὶς,
748 4925 817 4997 τῇ
878 4917 1119 4992 θαλάσσῃ
1201 4915 1671 4993 έναπορῥίπτεται“
1758 4916 1861 4972 ὑπὸ
1920 4913 1977 4972 δὲ

313 5012 467 5076 θείας
495 5011 757 5087 προνοίας
819 5011 989 5085 μέχρι
1041 5006 1296 5069 Σικελίας
1343 5004 1396 5062 ἐν
1439 5003 1654 5078 Λιπάρῃ
1698 5009 1778 5077 τῷ
1824 5006 1977 5079 νήσῳ

314 5101 630 5177 κομισθεὶς.
682 5101 773 5157 καὶ
822 5099 1176 5179 φανερωθείς,
1234 5094 1347 5153 ἐκεῖ
1410 5094 1689 5151 θάπτεται·
1747 5094 1975 5150 πολλῶν

315 5194 615 5265 θαυμάτων
673 5192 853 5266 πηγάς
908 5187 971 5245 ἑκ
1023 5190 1123 5257 τῆς
1183 5185 1336 5263 ἁγίας
1380 5184 1471 5241 καὶ
1553 5183 1737 5257 τιμίας
1811 5185 1977 5240 αὐτοῦ

317 5286 490 5359 σοροῦ
520 5277 937 5353 ἀναδιδόμενος,
987 5279 1077 5334 καὶ
1127 5282 1258 5333 πᾶσι
1312 5279 1430 5337 τοῖς
1482 5278 1689 5336 πιστῶς
1745 5294 1977 5350 προσευ-

319 5371 593 5449 χομένοις
613 5374 841 5445 ταχεῖαν
876 5366 1062 5433 διδοὺς
1086 5368 1188 5437 τὴν
1239 5364 1408 5436 ἴασιν,
1461 5364 1554 5420 καὶ
1599 5364 1736 5440 πρὸς
1784 5363 1851 5419 τά
1895 5364 1978 5420 οἱ-

312 5463 439 5519 κέὶα
469 5461 589 5533 μετ’
620 5458 956 5536 εὐφροσύνης
983 5457 1075 5513 καὶ
1107 5452 1383 5529 θυμηδίας
1410 5452 1708 5510 ἐπανιέναι.

388 5552 451 5611 '0
482 5548 632 5624 δεγε
688 5542 994 5624 Βαρνάϐας,
1057 5547 1117 5611 ὃς
1169 5543 1260 5601 καὶ
1320 5544 1525 5621 Ἰωσὴφ
1584 5540 1638 5599 έν
1695 5547 1814 5605 ταῖς
1867 5548 1975 5599 τῶν

312 5638 646 5699 ἀποστόλων
706 5638 966 5715 Πράξεσιν
1014 5635 1440 5713 ἀναγέγραπται,
1493 5634 1575 5697 εἷς
1623 5636 1732 5689 τῶν
1785 5627 1984 5693 Ἑϐδο-

318 5732 581 5809 mgnum
621 5728 910 5809 ὑπάρχων,
970 5722 1310 5799 νσυέκδημος
1364 5719 1588 5783 Παύλου
1648 5728 1983 5801 χειροτονεῖ-

2089 3341 2150 3397 in
2183 3340 2559 3397 hebdomada
2587 3339 2946 3411 paucissima
2977 3355 3162 3408 eaque
3193 3338 3377 3393 cruda
3406 3338 3589 3404 olera,
3622 3353 3732 3391 nec

2088 3428 2209 3484 sale
2243 3428 2483 3500 quidem
2514 3426 2770 3491 condita,
2813 3426 3087 3499 gustabat
3138 3427 3224 3480 Ita
3250 3431 3368 3480 tres
3407 3431 3464 3479 et
3494 3430 3729 3497 septua-

2087 3518 2250 3591 ginta
2292 3518 2433 3572 180
2465 3532 2651 3572 annos
2703 3515 2977 3570 traduxit.
3031 3517 3099 3569 Et
3148 3515 3287 3585 quia
3346 3514 3511 3569 locus
3560 3514 3731 3584 aquis

2087 3607 2256 3663 valde
2288 3606 2587 3671 inundari,
2621 3611 2681 3661 et
2708 3610 2946 3661 antrum
2977 3605 3164 3661 multo
3189 3606 3437 3659 humore
3471 3603 3729 3659 obsideri

2088 3697 2337 3765 solebat,
2371 3702 2430 3752 et
2459 3695 2668 3769 capitis
2700 3695 2897 3769 capilli
2931 3700 2990 3750 et
3017 3694 3214 3750 barba)
3261 3694 3313 3751 ei
3362 3693 3730 3750 deciderunt.

2087 3789 2231 3843 Cum
2262 3791 2462 3843 autem
2492 3802 2681 3841 annos
2732 3784 3022 3858 plurimos
3074 3785 3156 3840 sic
3210 3785 3610 3857 transegisset,
3659 3782 3734 3838 ad

2087 3877 2404 3934 Dominum
2437 3875 2727 3948 migravit;

2636 4097 2877 4155 EODEM
2922 4096 3179 4153 MENSE.

2681 4187 2783 4244 Die
2816 4185 3136 4243 undecima

2085 4291 2371 4345 Certamen
2426 4284 3181 4411 sanctorumBaposgolorum
3247 4280 3633 4337 Bartholomm‘
3680 4288 3730 4335 et

2796 4373 2934 4411 arna
2972 4370 3043 4411 a3.

2796 4373 2895 4411 (17⁸Ιῖ
2902 4374 2934 4411 α
2941 4370 3023 4412 033
3031 4398 3043 4409 .

2155 4479 2237 4533 Ex
2266 4477 2359 4532 his
2391 4478 2632 4531 sanctus
2666 4472 3132 4529 Bartholomaeus
3154 4489 3310 4527 unus
3337 4471 3448 4525 fuit
3480 4486 3549 4525 ex
3583 4471 3728 4525 duo-

2084 4566 2277 4623 decim
2310 4562 2640 4635 discipulis,
2673 4561 2775 4633 qui
2806 4578 2940 4617 cum
2970 4561 3032 4615 in
3062 4560 3247 4628 india,
3278 4575 3454 4631 quam
3478 4559 3733 4615 Felicem

2086 4660 2317 4721 vocant,
2347 4653 2561 4709 Christi
2596 4651 2771 4707 fidem
2804 4651 3203 4723 praedicasset,
3274 4650 3463 4721 iisque
3496 4650 3734 4721 populis

2086 4744 2493 4815 conscriptum
2525 4760 2560 4798 a
2590 4741 2860 4797 Mattme
2888 4740 3267 4814 Evangelium
3290 4739 3651 4806 tradidisset,
3674 4740 3736 4795 in

2087 4851 2323 4892 crucem
2343 4831 2901 4903 actus,Abarnopoli
2918 4831 3093 4887 vitam
3110 4830 3365 4900 gloriose
3382 4830 3735 4899 finivit.Ejus

2088 4942 2301 4997 corpus
2331 4924 2391 4979 in
2415 4920 2694 4994 plumbeo
2727 4921 2923 4977 loculo
2946 4921 3301 4994 positum,et
3319 4920 3377 4974 in
3401 4936 3563 4974 mare
3595 4937 3734 4991 pro-

2080 5015 2328 5086 jectum,
2364 5012 2562 5067 divina
2590 5011 2963 5083 providentia
3014 5024 3204 5081 usque
3245 5008 3317 5065 ad
3368 5008 3625 5063 Siciliam
3672 5009 3734 5063 in

2089 5103 2345 5176 Liparim
2369 5101 2629 5158 insulam
2654 5100 2932 5165 delatam,
2961 5099 3160 5171 ibique
3183 5114 3511 5171 emergens,
3533 5097 3735 5152 condi-

2088 5198 2213 5250 tum
2245 5192 2391 5248 fuit:
2423 5209 2495 5248 ex
2524 5208 2640 5263 quo
2693 5191 3019 5247 multorum
3068 5189 3491 5246 miraculorum
3541 5188 3735 5243 fontes

2088 5289 2402 5341 emanant:
2429 5288 2488 5338 et
2516 5281 2868 5338 accedentes
2899 5280 2973 5337 ad
3006 5280 3201 5353 ipsum
3234 5279 3441 5335 fideles
3471 5277 3737 5350 repenti-

2089 5390 2225 5431 nam
2254 5372 2599 5429 morborum
2631 5387 2871 5427 suorum
2902 5370 3273 5426 curationem
3331 5367 3649 5439 recipiunt,
3684 5369 3741 5421 et

2089 5463 2209 5520 laeti
2240 5462 2582 5534 hilaresque
2613 5460 2688 5517 ad
2719 5461 2960 5534 propria
2990 5460 3261 5516 redeunt.

2163 5551 2462 5609 Barnabas
2491 5556 2712 5616 autem,
2748 5551 2848 5623 qui
2881 5556 2941 5606 et
2967 5551 3186 5622 Joseph
3224 5550 3285 5605 in
3330 5546 3738 5620 apostolorum

2093 5642 2336 5699 Actibus
2365 5641 2722 5715 appellatur,
2750 5658 2908 5697 unus
2964 5656 3036 5697 ex
3091 5638 3493 5714 Septuaginta,
3546 5633 3744 5692 socius

2091 5730 2592 5807 peregrinationis
2620 5729 2788 5789 Pauli
2819 5729 3161 5803 designatus
3190 5727 3322 5786 fuit.
3354 5728 3495 5799 Ejus
3524 5738 3744 5783 nomen
