4086 6204
343 349 464 412 ι95

1671 334 2101 402 MENOLOGII
2147 339 2346 401 PARS
2394 341 2506 402 III.

3636 339 3754 401 496

343 485 794 556 interpretatur.
830 481 1008 536 Filius
1037 475 1437 533 consolationis.
1477 477 1556 530 Ex
1589 473 1745 529 tribu
1793 478 1992 528 autem

2104 491 2210 529 ται.
2245 471 2632 546 Ἐρμηνεόεται
2661 476 2822 527 τοῦτο
2851 471 2914 527 τὸ
2945 466 3120 544 ὄνομα
3175 472 3302 534 Υἱὸς
3332 470 3756 548 παρακλήσεως,

348 573 478 630 Levi
503 580 698 628 ortum
730 570 915 635 duxit,
945 569 1005 621 in
1029 568 1217 638 Cypro
1249 565 1448 622 insula
1478 570 1654 620 natus
1687 569 1747 618 et
1777 562 1993 617 educa-

347 669 464 719 tus.
499 663 602 716 Hic
632 660 860 730 primus
897 655 1340 726 Hierosolymis,
1399 655 1597 710 Romae
1643 658 1702 706 et
1752 651 2000 706 Alexan-

350 751 493 806 drina
518 747 860 820 praedicavit
877 745 1090 800 Christi
1117 741 1830 815 Evangelium.Profectus
1862 755 1996 794 vero

348 840 409 894 in
435 839 712 909 Cyprum,
746 851 779 890 a
806 833 1023 890 Judzeis
1054 841 1113 888 et
1141 832 1357 888 Graecis
1407 830 1704 902 lapidatus
1756 829 1998 902 ignique

348 926 601 982 traditus
647 929 775 980 est:
827 939 997 994 cujus
1045 939 1259 993 corpus
1309 923 1536 975 Marcus
1585 918 1889 990 apostolus
1942 921 2001 971 et

350 1014 709 1087 evangelista
731 1012 1055 1078 sublatum,
1090 1011 1150 1065 in
1182 1009 1438 1081 quadam
1481 1007 1765 1080 spelunca
1813 1007 1998 1077 depo-

349 1106 485 1160 suit.
523 1103 744 1160 Deinde
777 1117 910 1157 cum
948 1100 1242 1171 Ephesum
1276 1099 1628 1171 navigasset,
1661 1103 1720 1152 et
1749 1096 1823 1151 ad
1847 1098 1996 1150 Pau-

348 1195 473 1250 lum
507 1193 782 1254 venisset.
816 1191 975 1244 hunc
1025 1189 1094 1243 de
1142 1187 1424 1242 Barnabm
1471 1187 1634 1242 obitu
1681 1185 1997 1241 certiorem

351 1285 510 1339 fecit.
533 1283 769 1338 Planxit
793 1287 992 1334 autem
1023 1277 1353 1332 Barnabam
1387 1277 1618 1331 Marcus
1644 1275 1995 1330 diutissime.

349 1373 575 1428 Dicitur
603 1370 698 1426 hic
725 1368 905 1422 fuisse
964 1367 1232 1438 sepultus
1280 1364 1460 1419 simul
1495 1382 1629 1419 cum
1687 1363 1996 1436 Evangelio

350 1460 604 1516 Matthaei
637 1473 672 1512 a
703 1473 764 1510 se
797 1457 1038 1526 scripto,
1070 1463 1128 1508 et
1156 1455 1394 1508 invento
1426 1462 1629 1525 postea
1677 1469 1810 1507 cum
1857 1469 1996 1524 apo-

349 1547 559 1604 stolico
590 1561 836 1615 corpore
869 1560 880 1596 ε
919 1543 1075 1597 unde
1108 1549 1166 1597 et
1222 1529 1593 1614 privilegium
1642 1546 2000 1612 acceperunt

349 1637 576 1692 ﬁdeles.
610 1633 769 1706 quod
803 1634 926 1686 haec
953 1631 1216 1703 ipsorum
1251 1631 1446 1686 insula
1478 1631 1700 1686 nemini
1742 1630 1998 1686 aliorum

347 1725 761 1799 episcoporum
792 1723 934 1778 18]
975 1722 1351 1794 subjiciatur,
1385 1721 1488 1777 sed
1518 1738 1551 1777 a
1580 1721 1821 1792 proprio
1875 1721 1998 1792 epi-

349 1831 528 1887 scopo
560 1813 892 1870 ordinetur.

901 1919 1140 1974 EODEM
1183 1917 1435 1974 MENSE.

934 2009 1036 2063 Die
1066 2007 1424 2063 duodecima

566 2100 831 2155 Memoria
859 2100 1036 2154 sancti
1072 2099 1248 2153 Patris
1279 2100 1456 2153 nostri
1487 2097 1787 2168 Onuphrii.

425 2219 674 2274 Sanctus
705 2219 878 2273 Pater
901 2222 1106 2272 noster
1137 2216 1477 2287 Onuphrius
1508 2233 1578 2271 ex
1598 2215 1839 2288 regione
1871 2216 2000 2286 qui-

353 2307 486 2363 dem
512 2307 739 2380 Egypti
762 2307 1052 2379 originem
1076 2304 1288 2372 traxit;
1323 2311 1585 2360 versatus
1609 2311 1698 2359 est
1721 2310 1919 2359 autem
1941 2305 2001 2358 in

352 2397 618 2453 coenobio
673 2397 865 2470 posito
918 2398 1092 2468 juxta
1147 2394 1588 2466 Thermopolim
1647 2394 1999 2450 Thebarum.

352 2488 495 2543 Cum
517 2505 648 2544 vero
664 2487 1117 2543 audissetvitam
1135 2479 1556 2558 prophetarum
1582 2485 1722 2539 Eliae
1741 2492 1798 2539 et
1825 2486 1999 2540 Joan-

353 2577 446 2632 nis
506 2577 919 2632 Prazcursoris.
983 2576 1220 2631 eosdem
1273 2575 1610 2641 aemulatus,
1662 2591 1692 2628 e
1733 2573 2000 2630 cmnobio

351 2682 646 2738 egressus,
670 2681 936 2721 eremum
953 2665 1141 2737 petiit,
1166 2665 1366 2735 ibique
1389 2664 1462 2719 ad
1487 2679 1678 2718 annos
1701 2662 2003 2736 sexaginta

354 2755 678 2811 habitavit:
713 2770 829 2828 quo
879 2754 1068 2826 spatio
1113 2753 1345 2809 nullum
1395 2754 1640 2808 omnino
1690 2753 2000 2808 hominum

346 2844 521 2910 vidit;
549 2843 738 2899 donec
760 2843 1088 2898 monachus
1115 2841 1356 2914 quidam
1370 2841 1739 2912 Paphnutius
1766 2841 1826 2897 in
1849 2841 2001 2897 inte-

348 2933 568 2990 riorem
597 2947 864 2987 eremum
889 2947 1258 3004 progressus,
1283 2937 1404 2986 uta
1421 2931 1559 2985 viris
1585 2931 1809 2986 sanctis
1826 2930 2003 2986 bene-

348 3021 668 3078 dictionem
699 3025 948 3092 peteret,
1001 3019 1171 3077 illum
1221 3019 1463 3090 reperit.
1514 3024 1775 3092 Cumque
1821 3020 2001 3076 simul

347 3100 780 3177 consedissent,
815 3109 1033 3165 rescire
1071 3109 1298 3180 optanti
1332 3108 1666 3181 Paphnutio
1716 3126 1846 3182 qum
1896 3125 2002 3182 per

2100 559 2160 614 ἐκ
2191 559 2370 638 φυλῆς
2399 559 2527 616 Λευΐ
2557 561 2902 636 ὁρμώμενος.
2939 561 3083 615 Κατά
3109 561 3211 629 την
3247 560 3464 635 Κύπρον
3499 558 3556 615 δὲ
3587 568 3755 629 νῆσον

2099 650 2371 722 γεννηθεὶς
2399 650 2488 704 καί
2525 651 2760 727 τραφεὶς,
2793 651 2952 708 οὗτος
2984 654 3203 724 πρῶτος
3261 649 3312 704 ἐν
3364 649 3756 724 Ἰερουσαλήμ,

2099 736 2274 793 καὶέν
2321 740 2528 812 Ῥώμῃ,
2588 740 2675 793 καὶ
2740 737 3124 814 Ἀλεξανδρείᾳ
3178 738 3405 814 ἐκήρυξε
3456 741 3517 794 τὸ
3577 739 3757 814 Εὐαγ-

2101 824 2287 902 γὲλιον
2344 832 2440 883 τοῦ
2517 833 2770 902 Χριστοῦ.
2857 828 2959 884 Καὶ
3047 829 3300 892 ἀπελθὼν
3386 828 3438 883 ἐν
3527 828 3756 906 Κύπρῳ,

2107 916 2210 971 ὑπό
2267 938 2324 972 τε
2379 913 2656 974 Ἰουδαίων
2718 918 2806 972 καὶ
2871 915 3154 987 Ἑλλήνων
3212 917 3392 980 λίθοις
3469 918 3758 983 κτείνεται,

2101 1005 2190 1061 καὶ
2233 1007 2364 1081 πυρὶ
2420 1003 2804 1081 παραδίδοται,
2865 1004 2922 1060 δν
2984 1007 3203 1080 Μάρκος
3236 1008 3263 1061 ὁ
3298 1007 3606 1069 ἀπόστολος
3665 1009 3758 1062 καὶ

2102 1093 2489 1170 εὑαγγελιστὴς
2547 1096 2908 1169 συγκομίσας,
2993 1093 3142 1158 ἔθετο
3206 1093 3258 1150 ἐν
3316 1095 3592 1169 σπηλαίῳ.
3649 1097 3759 1152 Καὶ

2104 1183 2404 1248 ἐκπλεύσας
2463 1183 2540 1246 είς
2599 1186 2830 1256 Ἔφεσον
2892 1185 3029 1257 πρὸς
3111 1185 3348 1253 Παῦλον,
3436 1179 3757 1261 ἀνήγγειλεν

2102 1273 2251 1345 αὐτῴ
2282 1275 2380 1341 τὴν
2431 1273 2710 1328 τελείωσιν
2768 1269 3035 1346 Βαρνάϐα.
3097 1274 3370 1330 Ἐκλαυσε
3429 1273 3485 1330 δὲ
3535 1277 3696 1332 αὐτὸν
3733 1279 3760 1332 ὁ

2105 1364 2325 1437 Μάρκος
2361 1362 2449 1417 ἐπὶ
2479 1363 2646 1418 πολύ.
2708 1361 2880 1426 Οῦτος
2933 1363 3151 1439 λέγεται
3203 1365 3461 1442 τεθάφθαι
3514 1365 3626 1438 ἅμα
3680 1371 3762 1439 τῷ

2106 1451 2388 1507 ὑπἀὐτοῦ
2419 1454 2677 1530 γραφέντι
2738 1454 2875 1507 κατὰ
2935 1457 3209 1517 Ματθαῖον
3273 1453 3622 1530 Εὐαγγελίῳ,
3679 1462 3761 1527 τῷ

2101 1543 2188 1596 καὶ
2250 1541 2531 1618 ἐσύστερον
2609 1542 2908 1618 εῦρενθέντι
2995 1544 3131 1616 μετά
3205 1548 3301 1598 τοῦ
3387 1545 3764 1600 ἀποστολικοῦ

2104 1634 2382 1702 σώματος,
2415 1632 2532 1686 ὅθεν
2561 1632 2651 1686 καί
2695 1631 2996 1703 προνόμιον
3049 1626 3248 1686 ἔλαϐον
3305 1633 3356 1687 οἱ
3408 1632 3614 1703 πιστοὶ,
3679 1637 3759 1706 μή

2105 1719 2420 1784 ὑποκεῖσθαι
2450 1719 2552 1774 ὑπό
2583 1740 2704 1774 τινα
2733 1725 2839 1774 τῶν
2874 1717 3060 1774 ἄλλων
3094 1719 3404 1776 ἐπισκόπων
3433 1722 3634 1791 ταύτην
3653 1725 3758 1792 τήν

2027 1833 2074 1898 Β
2103 1817 2291 1882 νῆσον,
2325 1808 2448 1866 ἀλλ’
2482 1811 2584 1864 ὑπὸ
2613 1815 2708 1865 τοῦ
2743 1807 2888 1865 ἰδίου
2921 1810 3220 1866 ἐπισκόπου
3262 1814 3719 1887 χειροτονεῖσθαι.

2664 1918 2845 1974 MllNl
2887 1922 2970 1995 τᾳ
3009 1921 3205 1996 arm.

2893 2007 2976 2062 IB'

2267 2107 2478 2178 Μνήμη
2512 2109 2607 2160 τοῦ
2638 2104 2788 2160 ὁσίου
2820 2106 3027 2180 Πατρὸς
3058 2107 3222 2178 ἡμῶν
3252 2106 3601 2184 Ὀνουφρίου.

2182 2213 2350 2272 Ὁεέν
2407 2213 2581 2290 ἁγίοις
2641 2215 2828 2286 Πατὴρ
2888 2217 3049 2287 ⁵ἡμῶν
3115 2215 3438 2291 Ὀνοῦφριος
3509 2215 3760 2290 ὑπῆρχεν

2116 2302 2210 2373 μὲν
2245 2300 2305 2356 ἐκ
2335 2308 2432 2370 τῆς
2463 2303 2650 2376 χώρας
2686 2300 2982 2377 Αίγύπτου·
3039 2297 3276 2377 διέτριϐε
3334 2299 3390 2357 δὶ
3452 2300 3503 2357 ἐν
3561 2323 3759 2357 κοινο-

2112 2386 2217 2463 ϐίῳ
2275 2387 2603 2462 διακειμένῳ
2661 2389 2712 2444 ἐν
2772 2389 3150 2465 Θερμουπόλει
3216 2395 3324 2445 τῶν
3385 2386 3601 2460 Θηϐῶν.
3655 2393 3758 2446 Καὶ

2111 2479 2342 2542 ἀκούσας
2370 2481 2463 2536 τὸν
2501 2480 2614 2554 βίον
2646 2485 2755 2534 τῶν
2800 2485 3095 2556 προφητῶν
3154 2480 3348 2537 Ἠλίου
3378 2479 3466 2536 καί
3501 2482 3757 2538 Ἰωάννου

2109 2575 2205 2625 τοῦ
2236 2569 2586 2646 Προδρόμου,
2612 2572 2700 2624 καί
2735 2571 3014 2641 ζηλώσας,
3045 2571 3272 2645 ἐξελθὼν
3300 2575 3396 2627 τοῦ
3452 2568 3759 2642 κοινοϐίου,

2110 2659 2290 2734 ᾤκησε
2319 2662 2418 2728 τήν
2457 2659 2664 2736 ἔρημοι
2723 2660 2807 2715 ἐπὶ
2869 2659 2960 2731 ἔτη
3022 2660 3300 2734 ἐξήκοντα,
3361 2660 3640 2716 ἅνθεωπον
3694 2661 3760 2716 τὸ

2111 2749 2340 2805 σύνολον
2379 2752 2454 2822 μὴ
2490 2750 2764 2825 ἑωρακώςο
2823 2753 3082 2826 Μοναχὸς
3145 2749 3202 2805 δὲ
3256 2772 3359 2820 τις,
3421 2750 3760 2826 Παφνοῦτιος

2110 2837 2307 2911 ὄνομα,
2348 2841 2611 2914 χωρήσας
2663 2838 2716 2902 ἐς
2761 2841 2828 2894 τά
2877 2838 3132 2895 ἐνδότατα
3173 2847 3272 2909 τῆς
3327 2839 3537 2914 ἐρήμου
3597 2837 3759 2896 εῦλου

2107 2931 2345 3006 γηθῆναι
2389 2929 2492 2985 ὑπὸ
2547 2929 2713 3004 ἁγίων
2757 2926 2986 3006 ἂνδρῶν,
3048 2929 3194 3005 εὗρεν
3259 2928 3441 3000 αὑτὸν,
3487 2929 3576 2985 καὶ
3622 2932 3762 2984 καθ-

2115 3020 2229 3082 ίσας
2284 3018 2522 3090 πλησίον
2584 3018 2771 3089 αὐτοῦ,
2830 3017 3196 3095 παρεκάλεσεν
3273 3019 3456 3090 αὑτὸν,
3538 3020 3760 3076 εἰπόντα

2107 3110 2410 3174 καὶτοῦτο,
2451 3109 2535 3163 ’ὁτι
2595 3114 2791 3170 Πιντες
2850 3109 2900 3162 οἱ
2962 3108 3011 3162 ἐν
3071 3113 3139 3182 τῇ
3196 3107 3392 3183 ἐρήμῳ
3447 3109 3760 3186 τρεφόμεθα

344 3202 494 3259 illud
523 3200 901 3258 intervallum
936 3201 1221 3256 hactenus
1278 3199 1638 3265 acciderant,
1688 3201 1992 3272 respondit

2111 3199 2216 3254 ἀπὸ
2244 3203 2351 3254 τῶν
2389 3199 2654 3274 βοτανῶν’
2698 3199 2798 3266 τήν
2856 3195 2914 3253 δὲ
2971 3197 3122 3272 ἁγίαν
3179 3197 3464 3252 κοινωνίαν
3522 3199 3762 3270 κομιζό-

345 3292 727 3366 Onuphrius:
765 3292 984 3348 Omnes
1007 3291 1106 3363 qui
1132 3306 1398 3346 eremum
1421 3290 1697 3354 colimus,
1730 3291 1992 3347 oleribus

341 3385 666 3440 vescimur:
693 3399 923 3438 sacram
940 3388 1138 3438 autem
1155 3381 1646 3437 Communionem
1679 3380 1750 3436 ab
1781 3381 1992 3452 angelo

343 3472 1018 3546 accipimus.Recessum
1050 3472 1360 3543 porrojam
1377 3470 1690 3526 meditanti
1719 3472 1991 3542 Paphnu-

340 3562 445 3630 tio,
479 3561 735 3632 subjecit
762 3561 1105 3632 Onuphrius
1132 3576 1144 3614 :
1171 3560 1361 3626 Mane,
1389 3559 1693 3615 lili.adhuc
1717 3566 1774 3616 et
1794 3559 1992 3627 hodie,

339 3667 620 3722 quoniam
655 3649 792 3706 fluis
825 3649 954 3702 vitae
991 3665 1136 3703 mem
1169 3650 1371 3706 instat.
1405 3666 1618 3720 meque
1672 3656 1990 3720 sepultura:

2107 3300 2243 3362 μεθα
2272 3288 2374 3342 ὑπὸ
2405 3285 2664 3362 ἀγγέλου.
2717 3286 2941 3342 Θὲλοντι
2998 3285 3055 3342 δὲ
3105 3287 3467 3362 ὑποχωρῆσαι
3515 3291 3594 3360 τῷ
3647 3289 3758 3342 [lai-

2101 3379 2364 3455 φνουτίῳ.
2397 3378 2542 3432 εἶπεν
2579 3379 2606 3431 ὁ
2639 3376 2978 3454 Ὀνο·3φριος.
3013 3382 3230 3445 Μεῖνον,
3253 3376 3460 3442 τεκνον,
3485 3379 3753 3451 σήμερον,

2101 3467 2184 3523 ὅτι
2215 3469 2554 3538 τελειοῦμαι,
2589 3467 2675 3520 καῖ
2707 3466 2873 3540 θάψον
2910 3487 2996 3538 με.
3034 3465 3130 3522 Καὶ
3189 3469 3357 3520 ταῦτα
3413 3465 3602 3534 εῗπὼν,
3658 3467 3760 3520 καὶ

2099 3555 2435 3623 τελειωθεὶς,
2482 3555 2649 3631 ἐτάφη
2709 3555 2758 3609 ἐν
2819 3553 2988 3627 πέτρᾳ
3045 3555 3360 3619 σκεπασθεῖς
3413 3559 3490 3627 τῷ
3557 3555 3752 3628 ἡμίσει

2099 3651 2196 3701 τοῦ
2233 3644 2588 3722 ΙΙαφνουτίου·
2625 3645 2836 3720 γυμνὸς
2866 3645 2970 3718 γὰρ
3003 3645 3093 3714 ἦν.

339 3739 576 3796 manda.
610 3743 801 3808 Atque
832 3737 957 3792 haec
987 3737 1352 3809 prolocutus.
1400 3745 1645 3808 repente
1699 3740 2034 3812 exspiravit,
2083 3739 2470 3810 sepultusque
2520 3743 2609 3794 est
2657 3737 2719 3792 in
2757 3745 2943 3809 petra,
2989 3743 3229 3808 opertus
3278 3737 3525 3793 dimidio
3585 3736 3758 3810 pallii

341 3826 609 3898 ejusdem
647 3825 992 3896 Paphnutii:
1026 3825 1222 3880 nudus
1253 3825 1412 3880 enim
1445 3832 1590 3881 erat.

534 3925 607 3978 Et
636 3927 906 3977 certamen
934 3927 1140 3977 sancte
1171 3922 1462 3977 Antoninze
1494 3925 1775 3993 martyris.

407 4021 625 4094 Martyr
652 4019 867 4076 Christi
916 4019 1239 4085 Antonina,
1283 4019 1654 4076 Diocletiano
1703 4027 1762 4075 et
1811 4022 1992 4078 Maxi-

337 4110 538 4168 miano
568 4107 1025 4182 imperantibus,
1059 4108 1266 4164 Nicaeae
1294 4108 1528 4164 claruit.
1589 4109 1672 4166 Ob
1707 4109 1986 4166 Christia-

337 4218 478 4260 nam
497 4217 633 4258 vero
661 4199 844 4257 fidem
863 4206 1034 4271 capta
1064 4215 1099 4254 a
1130 4197 1401 4270 prmside.
1435 4197 1689 4270 ﬂagellis
1720 4216 1893 4266 cassa,
1927 4200 1989 4256 in

336 4307 636 4349 carcerem
659 4288 1024 4346 detruditur:
1050 4287 1424 4360 postmodum
1451 4304 1481 4342 e
1505 4304 1738 4344 carcere
1755 4289 1986 4348 educta.

336 4387 397 4438 et
427 4380 486 4437 in
520 4377 844 4452 equuleum
887 4383 1077 4450 rapta.
1135 4375 1419 4432 lateribus
1467 4375 1810 4432 dilaniatur.
1863 4378 1990 4432 Mox

2100 4201 2462 4270 Μαξιμιανοῦ.

2096 4293 2192 4343 τοῦ
2243 4286 2540 4363 ἄρχοντος.
2603 4288 2699 4341 Καὶ
2754 4292 3014 4364 τυφθεῖσα
3073 4287 3341 4360 μάστιξιν,
3413 4286 3748 4360 ἀπεκλείσθη

2099 4377 2173 4440 εἷς
2210 4376 2482 4451 φυλακήν.
2517 4378 2621 4435 Καὶ
2669 4379 2800 4449 μετά
2857 4383 3023 4432 ταῦτα
3078 4384 3178 4446 τῆς
3237 4379 3487 4450 φυλακῆς
3541 4373 3753 4448 ἐκϐλη-

2244 3921 2342 3978 Καὶ
2377 3920 2606 3990 ἄθλησις
2633 3926 2732 3988 τῆς
2769 3921 2923 3998 ἁγίας
2960 3923 3231 3996 μάρτυρος
3256 3914 3610 3992 Ἀντωνίνης.

2172 4019 2527 4090 Ἀντωνίναή
2561 4025 2656 4075 τοῦ
2687 4023 2922 4094 Χριστοῦ
2985 4022 3191 4094 μάρτυς
3245 4022 3311 4090 ἦν
3371 4020 3432 4076 ἐκ
3486 4024 3587 4086 τῆς
3643 4021 3750 4076 πό-

2102 4107 2242 4173 λεως
2303 4110 2498 4173 Νικαίς
2555 4108 2640 4163 ἐπὶ
2696 4115 2797 4177 τῆς
2858 4108 3138 4184 βασιλείας
3215 4109 3607 4178 Διοκλητιανοῦ
3659 4111 3755 4165 καὶ

2552 4198 2848 4273 Χριστιανὴ
2911 4195 2967 4252 δὲ
3024 4196 3176 4268 οὖσα,
3262 4197 3534 4272 ἐκρατήθη
3603 4201 3754 4272 παρᾶ

332 4469 678 4527 ardentibus
705 4468 912 4540 prunis
942 4465 1451 4538 superimponitur
1475 4481 1488 4520 :
1514 4463 1728 4520 deinde
1747 4465 1975 4520 subulis

2104 4469 2268 4530 θεῖσα,
2304 4465 2612 4539 ἐκρεμάσθη
2648 4465 2735 4521 ἐπὶ
2787 4464 2974 4536 ξύλου,
3029 4468 3118 4520 καὶ
3177 4465 3362 4537 ἐξέσθη
3423 4467 3519 4528 τὰς
3581 4466 3758 4521 πλευ-

334 4558 730 4616 candentibus
759 4556 954 4611 eidem
985 4571 1195 4610 manus
1227 4553 1625 4627 perferantur.
1657 4571 1728 4610 ex
1758 4555 1975 4626 quibus

336 4646 754 4703 suavissimum
779 4644 1021 4700 odorem
1042 4643 1289 4700 efﬂavit:
1323 4649 1622 4715 postremo
1642 4643 1987 4699 transfossis

333 4734 494 4801 talis,
525 4732 748 4789 carceri
779 4733 995 4788 iterum
1027 4732 1384 4788 includitur:
1405 4731 1506 4787 ubi
1538 4733 1756 4788 Christi
1787 4731 1983 4789 visita-

333 4823 495 4878 tioue
517 4828 856 4892 curata,per
873 4820 1178 4877 biennium
1193 4821 1254 4876 in
1277 4821 1548 4876 custodia
1565 4825 1978 4894 perseveravit,

331 4913 511 4980 fame,
543 4911 663 4978 siti,
713 4917 774 4966 et
802 4910 954 4966 182
1005 4911 1236 4967 caeteris
1279 4911 1566 4966 mrumnis
1617 4912 1976 4969 conﬂictata.

332 5003 474 5057 Post
501 5001 626 5056 hinc
657 5016 687 5055 e
721 4998 988 5056 custodia
1017 5004 1297 5064 extracta,
1329 4999 1755 5072 compulsaque
1808 5002 1973 5058 Chri-

333 5096 490 5147 stum
520 5105 757 5162 negare,
808 5104 942 5144 cum
985 5089 1232 5144 minime
1275 5090 1704 5160 acquiesceret,
1743 5092 1806 5147 in
1859 5097 1972 5149 sta-

331 5196 512 5253 gnum
525 5178 790 5250 projecta
810 5176 1049 5244 fuit,ubi
1073 5176 1311 5232 beatum
1335 5177 1516 5232 ﬁnem
1538 5177 1674 5234 laeta
1688 5183 1968 5254 suscepit.

2097 4563 2215 4630 ράς.
2247 4561 2349 4612 Καὶ
2383 4555 2472 4611 ἐπί
2524 4554 2762 4630 ἐσχάρας
2819 4556 3320 4628 πεπυρακτωμένης
3381 4556 3556 4625 ἐτέθη.
3620 4557 3760 4613 Εἶτα

2095 4646 2478 4721 κατετρυπτςθη
2538 4643 2634 4704 τὰς
2693 4649 2885 4719 χεῖρας
2943 4641 3227 4706 σουῦλίοις
3292 4646 3641 4719 πυρωθεισιν,
3695 4642 3755 4716 ἐξ

2093 4735 2167 4788 ὧν
2201 4733 2541 4807 ἀνεπέμπετο
2601 4731 2802 4787 εὐωδία
2861 4735 3230 4806 θυμιάματος.
3291 4734 3645 4808 Χαραχθεῖσα
3687 4730 3754 4789 δὲ

2090 4821 2346 4883 καὶτοὺς
2377 4820 2777 4897 ἀστραγάλους,
2820 4819 2984 4875 πάλιν
3044 4821 3373 4890 ἀπεκλείσθη
3434 4824 3510 4884 εἷς
3570 4819 3750 4896 φυλα-

2088 4913 2216 4980 κήν.
2265 4910 2367 4968 Καὶ
2423 4914 2492 4983 τῇ
2549 4913 2647 4965 τοῦ
2704 4910 2940 4983 Χριστοῦ
2997 4908 3276 4982 ἐπισκέψει
3335 4912 3750 4986 θεραπευθεῖσα,

2086 4999 2175 5056 ἐπὶ
2207 4997 2325 5055 δυσὶ
2366 5000 2593 5075 χρόνοις
2655 4998 3006 5075 ἐκαρτέρησεν
3063 4999 3117 5055 ἐν
3172 5004 3241 5073 τῇ
3301 4997 3544 5078 φυλακῇ,
3597 5004 3754 5074 Αιμῷ

2082 5089 2172 5146 καὶ
2205 5087 2372 5162 δίψει,
2430 5089 2521 5143 καὶ
2570 5091 2640 5162 τῇ
2695 5086 2867 5161 λοιπῇ
2928 5089 3202 5164 κακουχίᾳ
3256 5088 3712 5161 προσπαλαίουσα

2081 5179 2182 5237 Καὶ
2214 5179 2348 5251 μετά
2377 5182 2544 5233 ταῦτα
2602 5171 2932 5248 ἐκϐληθεῖσά
2989 5185 3089 5248 τῆς
3149 5178 3400 5256 φυλακῆς
3461 5179 3586 5250 ἔξω,
3646 5175 3749 5235 καὶ

327 5268 662 5342 ἀρνήσασθαι
690 5265 784 5320 τὸν
826 5263 1058 5339 Χριστὸν
1107 5262 1520 5338 ἇναγκασθεῖσα,
1572 5263 1662 5318 καὶ
1717 5267 1793 5338 μή
1843 5273 2142 5341 πεισθεῖσα,
2176 5267 2369 5347 ἐῤῥίφη
2403 5267 2455 5323 ἐν
2481 5271 2549 5340 τῇ
2609 5265 2796 5340 λίμνῃ,
2855 5262 2976 5330 ἔνθα
3029 5269 3091 5322 τὸ
3153 5271 3417 5344 μακάριον
3474 5269 3756 5344 χαίρουσα

331 5355 493 5418 τέλος
522 5351 760 5426 ἐδέξατο.

879 5425 1120 5483 EODEM
1159 5425 1410 5482 MENSE.

860 5514 963 5573 Die
994 5514 1226 5572 decima
1257 5515 1432 5572 tertia

575 5620 865 5678 Certamen
891 5622 1095 5674 sanctae
1127 5619 1388 5688 martyris
1415 5618 1722 5690 Aquitanae.

398 5739 615 5809 Martyr
642 5735 859 5792 Christi
890 5735 1192 5807 Aquilina,
1225 5734 1474 5808 Trajano
1525 5735 1860 5807 imperante
1909 5739 1972 5795 in

2633 5429 2818 5486 MHNI
2858 5430 2949 5506 Τῼ
2989 5432 3182 5506 ΑΥΤῼ.

2884 5519 2946 5574 Η,

2284 5615 2558 5687 ’Ἃθλησις
2585 5622 2687 5687 τῆς
2716 5614 2871 5691 ἁγίας
2905 5615 3178 5691 μάρτυρος
3209 5615 3522 5688 Ἀκυλίνης.

2157 5731 2410 5793 Ἀκυλίνα
2439 5735 2474 5803 ἡ
2505 5737 2602 5789 τοῦ
2633 5734 2871 5808 Χριστοῦ
2929 5733 3133 5808 μάρτυς
3180 5733 3260 5801 ἧν,
3294 5731 3380 5788 ἐπὶ
3430 5740 3538 5804 τῆς
3584 5734 3746 5811 βασι.
