4104 6196
320 419 439 479 497

1844 412 2153 477 JUNIUS.

3625 422 3746 483 498

321 549 478 611 λείας
505 552 777 623 Τραϊανοῦ
826 548 886 603 ἐκ
925 543 1141 611 πόλεως
1197 542 1402 604 Βίϐλου
1432 554 1530 616 τῆς
1562 553 1847 615 Φοινικης,
1879 557 1978 610 θυ-

2098 546 2279 619 Byblo
2304 550 2620 606 Phoenicia;
2641 550 2786 607 urbe
2808 557 3141 625 nata,patre
3158 554 3454 611 Eutolmio
3483 554 3742 627 quodam

321 644 504 716 γατηρ
554 639 873 712 Εὑτολμίου
928 640 1093 705 τινός,
1154 635 1348 713 ἀνδρὸς
1413 641 1763 714 περιφανοῦς,
1824 638 1989 692 Πέντε

323 729 386 785 δὲ
442 730 575 785 ἐτῶν
638 730 982 803 ὑπάρχουσα,
1042 723 1339 797 ἐϐαπτίσθη
1404 727 1506 781 ὑπὸ
1564 724 1836 783 Εὑταλίου
1890 729 1987 779 τοῦ

320 820 644 875 ἐπισκόπου.
709 818 805 872 Καὶ
868 815 995 871 δέκα
1055 816 1187 872 έτῶν
1242 818 1536 891 γενομένη,
1588 818 1680 877 τὰς
1713 814 1988 887 ὁμήλικας

318 911 490 984 κόρας
517 913 626 963 τῶν
684 905 932 961 εἰδώλων
981 906 1276 981 ἀπέχεσθαι
1328 904 1677 969 διδάσκουσα,
1710 906 1847 978 πρὸς
1888 904 1986 973 τὴν

324 997 407 1058 εἲς
435 997 675 1071 Χριστὸν
733 997 911 1051 πίστιν
970 996 1346 1071 ἐχειραγώγει.
1410 995 1506 1049 Διᾶ
1552 998 1713 1049 τοῦτο
1746 1014 1990 1064 καταμη-

321 1088 542 1141 νυθεῖσα
599 1091 680 1157 τῷ
733 1092 834 1153 τῆς
893 1086 1082 1159 χώρας
1136 1086 1362 1160 ἄρχοντι
1450 1086 1596 1157 παρᾶ
1682 1079 1987 1156 Νικάνδρου

318 1175 468 1237 τινὸς
554 1174 991 1249 εἷδωλολατρου,
1080 1173 1378 1249 ἐκρατήθη.
1469 1172 1565 1228 Καὶ
1624 1174 1855 1248 ἀχθεῖσα
1912 1170 1988 1234 εἰς

320 1263 594 1337 ἐρώτησιν
667 1264 756 1320 καὶ
834 1263 1065 1318 ἐνώπιον
1150 1265 1365 1318 πάντων
1450 1261 1841 1338 ὁμολογήσασα
1923 1261 1986 1315 τὸ

322 1350 500 1428 ὄνομα
545 1358 643 1409 τοῦ
700 1356 956 1429 Χριστοῦ,
1016 1352 1215 1430 ἐτὺνρθη
1274 1350 1547 1427 σφοδρῶς,
1578 1352 1665 1406 καὶ
1700 1346 1984 1413 σουϐλίοις

322 1442 577 1520 σιδηροῖς
638 1444 991 1519 ὲκπυρωθεῖσι
1048 1444 1143 1507 τὰς
1197 1443 1361 1504 ἀκοὰς
1411 1444 1645 1511 κατεκάη
1703 1446 1982 1513 τοσοῦτον,

319 1536 447 1589 ὅσον
481 1537 571 1589 καὶ
603 1537 741 1606 αἷμα
799 1533 980 1609 ῥεῦσαι
1040 1532 1099 1588 ἐκ
1155 1538 1263 1587 τῶν
1326 1535 1620 1605 μυκτήρων
1672 1531 1860 1598 αὐτῆς,
1894 1532 1980 1585 καὶ

316 1626 524 1678 καπνὸν
557 1623 790 1694 ἐξελθεῖν
846 1622 907 1677 ἐκ
958 1626 1057 1689 τῆς
1107 1622 1371 1699 κεφαλῆς.
1430 1624 1564 1678 Εἶτα
1615 1616 1859 1675 λαϐοῦσα
1887 1621 1986 1689 τήν

320 1712 415 1769 δια
476 1716 665 1792 ξίφους
724 1713 1017 1790 ἀπόφασιν,
1104 1713 1192 1767 καὶ
1276 1711 1790 1787 ἀποκεφαλισθεῖσα,
1850 1712 1987 1787 πρὸς

322 1804 549 1880 Κὺριον,
578 1804 639 1859 ὅν
671 1802 957 1873 ἐπόθησεν,
994 1799 1343 1873 έξεδήμησεν.

886 1912 1065 1967 ΜΙΙΝΙ
1098 1911 1190 1965 Tu
1220 1910 1418 1968 ΑΥΤΩ.

1114 2003 1192 2056 ΙΔ¹

541 2091 749 2162 Μνήμη
800 2092 895 2143 τοῦ
945 2087 1100 2163 ἁγίου
1145 2089 1431 2163 προφήτου
1465 2086 1769 2143 Ἐλισαίου.

397 2214 675 2276 Ἐλισαῖος
710 2216 738 2269 6
775 2215 937 2287 μέγας
969 2214 1058 2267 καὶ
1117 2211 1331 2286 ἔνδοξος
1382 2217 1478 2268 τοῦ
1509 2218 1644 2269 Θεοῦ
1675 2216 1984 2291 προφήτης,

313 2305 388 2374 ἦν
424 2306 517 2378 μὲν
550 2306 609 2359 ἐκ
635 2312 734 2375 τῆς
762 2303 1076 2371 ”Ἰουδαίας,
1139 2305 1197 2359 ἐκ
1252 2311 1353 2373 τῆς
1411 2312 1515 2378 γῆς
1563 2300 1837 2377 Ῥοόυὴμ,
1869 2305 1985 2367 υἱὸς

313 2392 382 2449 δὲ
440 2394 726 2473 ἰωσαῳάι
788 2396 915 2451 *Οτε
973 2393 1031 2449 δὲ
1104 2392 1309 2466 ἔμελλε
1360 2402 1711 2468 γεννηθῆναι,
1770 2394 1983 2469 ἐγένετο

320 2484 579 2557 μέγιστον
630 2490 884 2556 σημεῖον.
940 2484 1003 2540 Ἢ
1061 2484 1165 2558 γὰρ
1224 2490 1403 2559 χρυσῆ
1440 2482 1698 2555 δάμαλις,
1729 2487 1763 2553 ἡ
1799 2484 1850 2538 ὲν
1883 2489 1982 2538 Σι-

319 2571 478 2645 λὼμ,
512 2574 685 2638 οὓτως
715 2569 913 2643 ἐϐόησε
973 2574 1135 2647 μέγα,
1193 2576 1268 2636 ὡς
1323 2572 1655 2642 ἀκουσθῆναι
1698 2572 1751 2627 ἐν
1777 2576 1980 2645 Ἰερου-

313 2664 535 2735 σαλὴμ,
568 2665 643 2726 ὡς
688 2664 779 2718 καὶ
838 2664 928 2718 τὸν
985 2662 1131 2736 ἱερέα
1194 2661 1364 2717 εἰπεῖν
1396 2660 1485 2717 διὰ
1513 2667 1621 2718 τῶν
1654 2660 1864 2732 δηλῶν,
1897 2662 1980 2718 ὅτι

316 2756 620 2827 Προφήτης
682 2752 851 2827 μέγας
908 2752 1102 2826 ἐτέχθη
1160 2751 1213 2807 έν
1295 2752 1661 2828 Ἰερουσαλὴμ
1718 2755 1978 2827 σήμερον,

314 2843 471 2903 ὅστις
528 2839 749 2906 καθελεῖ
803 2842 870 2896 τὰ
925 2840 1165 2916 γλυπτὰ,
1241 2842 1332 2897 καὶ
1408 2842 1680 2915 συντρίψει
1738 2842 1806 2897 τὰ
1861 2862 1980 2917 χω-

313 2931 501 2997 νευτᾶ,
534 2933 621 2985 καὶ
653 2933 872 3002 ποιήσει
921 2931 1175 3003 τεράστια
1238 2929 1466 3007 μεγάλα.
1525 2932 1592 2987 ’Ό
1648 2928 1715 2999 δὴ
1754 2930 1844 2985 καὶ
1884 2932 1977 3005 γέ-

313 3038 500 3095 γονεν’
532 3020 621 3073 καὶ
649 3021 750 3095 γὰρ
809 3022 899 3073 καὶ
956 3020 1023 3073 τὰ
1078 3019 1437 3093 Ἰεριχοὺντια
1468 3016 1634 3073 ὕδατα
1662 3018 1979 3074 ἀτεκνοῦντα

311 3112 528 3180 ἰάσατο,
573 3111 707 3174 ἅλας
758 3106 1034 3166 ἐπιϐαλὼν
1094 3110 1300 3172 αὑτοῖς.
1357 3112 1460 3167 Καὶ
1509 3110 1734 3185 νεκροὺς
1765 3111 1972 3187 ἤγειρε,

310 3204 409 3257 καὶ
474 3203 681 3274 Νεεμαν
732 3203 823 3256 τὸν
879 3201 1050 3276 Σύρον
1108 3200 1307 3277 λεπρὸν
1369 3196 1494 3255 ὄντα
1551 3200 1973 3275 ἐκαθάρισε,καῖ

311 3296 479 3360 Γιεζῆ
535 3293 626 3346 τὸν
679 3292 953 3362 ὑπηρέτην
1039 3289 1226 3359 αὑτοῦ,
1314 3289 1646 3366 φιλάργυρον
1704 3285 1832 3344 ὄντα
1885 3290 1976 3344 καὶ

309 3384 625 3453 παρήκοον,
685 3380 1009 3454 ἐλέπρωσεν’
1073 3380 1163 3433 καὶ
1215 3379 1281 3434 τὰ
1338 3377 1607 3450 Ἰορδάνια
1667 3379 1853 3455 ῥεῖθρα
1904 3383 1975 3451 τῇ

317 3470 561 3545 μηλωτῇ
621 3471 856 3541 πατάξας
913 3468 1179 3545 διέρρηξε·
1242 3468 1335 3523 καὶ
1381 3468 1505 3542 περὶ
1558 3475 1658 3538 τῆς
1709 3473 1806 3524 τοῦ
1844 3470 1975 3540 Χρι-

313 3564 450 3615 στοῦ
507 3562 807 3632 παρουσίας
868 3558 1054 3614 πολλᾶ
1111 3558 1516 3636 προφητεύσας,
1578 3558 1827 3627 ἀπέθανε,
1886 3558 1975 3613 καὶ

312 3650 492 3724 {rion
525 3650 579 3705 ἐν
609 3648 887 3723 Σαμαρείᾳ
919 3648 970 3703 ἐν
1008 3643 1466 3705 Σεϐαστουπόλει.

429 3764 528 3821 Καὶ
581 3768 773 3839 μνήμη
823 3767 925 3839 τοῦ
969 3763 1122 3839 ἁγίου
1154 3764 1550 3839 ἱερομάρτυρος
1582 3761 1865 3837 Κυρίλλου

858 3836 1156 3890 ἐπισκόπου
1201 3838 1439 3907 Κρήτης.

393 3968 674 4043 Κὺριλλος
726 3970 753 4023 6
798 3973 941 4031 θεῖος
990 3967 1321 4044 ἱερομσὶρτυς
1371 3969 1616 4043 ὑπῆρχεν
1664 3966 1749 4022 ἐπὶ
1800 3968 1977 4039 Magi-

319 4063 518 4131 μιανοῦ
577 4062 673 4113 τοῦ
731 4059 1021 4133 βασιλέως,
1088 4059 1232 4131 πασῃ
1302 4057 1466 4131 ἀρετῇ
1536 4058 1974 4130 κεκοσμημένος,

313 4148 409 4201 καὶ
442 4149 734 4209 ἐπίσκοπος
767 4144 838 4201 ὤν
888 4154 988 4217 τῆς
1030 4146 1082 4201 ἐι
1136 4150 1202 4220 τῇ
1262 4149 1443 4221 Κρήτῃ
1479 4146 1629 4221 ἁγίας
1660 4146 1972 4217 ἐκκλησίας.

311 4239 610 4313 Ὑπάρχων
687 4236 743 4292 δέ
819 4237 1036 4311 χρόνων
1125 4236 1447 4307 ἐνενήκοντα
1507 4239 1591 4292 καὶ
1653 4234 1831 4302 πέντε,
1885 4239 1975 4293 καὶ

316 4328 464 4403 ἔχων
498 4328 711 4389 οἰκέτας
750 4325 867 4393 δύο,
919 4329 1194 4404 Θεοφάνην
1249 4330 1337 4382 καὶ
1378 4328 1765 4402 Θεοχάριστσν,
1797 4328 1975 4403 ἀπήρ-

316 4438 452 4493 χετο
488 4419 604 4490 μετ’
663 4418 840 4471 αὐτῶν
894 4416 970 4479 εἷς
1025 4416 1079 4470 ’ὲν
1127 4420 1233 4469 τῶν
1285 4416 1678 4491 μοναστηρίων,
1715 4418 1810 4471 Καὶ
1844 4415 1973 4471 ἰδὼν

315 4509 440 4571 καθ’
471 4505 597 4562 ὁδὸν
627 4506 755 4568 τοὺς
810 4503 1218 4580 εῗδωλολάτρας
1275 4505 1498 4567 θ·3οντας
1547 4512 1663 4567 τοῖς
1698 4505 1973 4572 εἰδώλοις,

318 4595 582 4665 ἐστέναξε.
618 4596 719 4651 Καὶ
772 4596 1033 4671 γνωσθεῖς
1094 4593 1175 4648 ὅτι
1236 4593 1559 4667 Χριστιανός
1619 4593 1782 4657 ἐστιν,
1817 4595 1975 4667 ἐκρα-

314 4686 462 4753 τήθη
492 4684 621 4755 παρ’
654 4683 851 4752 αὐτῶν,
902 4683 989 4736 καὶ
1050 4679 1381 4750 ἀπεκλείσθη
1443 4682 1518 4744 εἷς
1578 4682 1846 4757 φυλακήν·
1880 4684 1968 4738 καὶ

317 4773 373 4828 ἐν
405 4774 543 4845 αὐτῇ
578 4773 901 4847 εὐχόμενος,
960 4769 1161 4839 ἤκουσε
1219 4774 1405 4847 φωνῆς
1456 4772 1740 4840 οὐρανόθεν
1774 4771 1972 4848 λεγού-

319 4884 422 4933 σης
480 4862 649 4933 αὐτῷ·
713 4862 977 4933 Κύριλλε,
1039 4861 1232 4937 χρῄζω
1314 4883 1410 4915 σου
1487 4861 1539 4916 ἐν
1594 4864 1808 4939 Ῥώμῃ.
1868 4865 1972 4920 Καὶ

318 4954 701 5027 ἀνεῳχθεισῶν
760 4957 867 5006 τῶν
928 4956 1127 5022 θυρῶν,
1188 4950 1401 5019 ἀπῆλθε
1456 4951 1547 5005 καὶ
1606 4952 1680 5013 εἷς
1726 4954 1970 5025 Ῥώμην.

318 5042 421 5098 Καῖ
456 5042 710 5115 στηρίξας
768 5041 895 5103 τοὺς
949 5038 1241 5117 ἀδελφοὺς,
1298 5039 1464 5095 πάλιν
1525 5041 1849 5117 ὑπέστρεψεν
1900 5043 1975 5104 εἰς

315 5134 569 5201 Κρήτην.
632 5132 732 5187 Καὶ
796 5131 1080 5203 κρατηθεὶς
1136 5130 1281 5182 πατὰ
1333 5133 1428 5184 τοῦ
1487 5128 1781 5205 ἄρχοντος,
1814 5126 1976 5187 ἔλαϐε

314 5224 416 5288 τήν
467 5218 556 5274 διὰ
588 5219 774 5296 ξίφους
822 5219 1111 5295 ἀπόφασιν.
1168 5218 1270 5273 Καὶ
1320 5216 1577 5280 ἰπιίιεθεές
1622 5219 1696 5281 εἷς
1746 5222 1973 5293 ἅμαξαν,

318 5307 409 5363 διὰ
438 5310 502 5363 τὸ
560 5310 634 5380 μή
695 5306 948 5362 δΒνασθαι
974 5378 985 5381 Ὗ
1009 5312 1324 5380 περιπατεῖν
1379 5305 1439 5361 ἐκ
1492 5312 1590 5362 τοῦ
1646 5311 1851 5384 γήρως’
1884 5311 1971 5365 καὶ

318 5398 507 5474 ἀχθεὶς
543 5399 616 5461 εῗς
666 5400 757 5453 τὸν
807 5397 974 5452 τόπον
1019 5401 1126 5452 τῶν
1174 5393 1503 5465 καταδίκων,
1548 5397 1974 5477 ἀπεκεφαλίσθη.

320 5534 424 5591 Καὶ
484 5535 677 5607 μνήμη
736 5536 832 5586 τοῦ
890 5531 940 5585 έν
998 5530 1177 5604 ἁγίοις
1233 5531 1440 5604 Πατρὸς
1496 5533 1657 5603 ἡμῶν
1712 5531 1977 5598 Μεθοδίου

628 5614 975 5687 πατριάρχου
1026 5610 1672 5675 Κωνσταντινουπόλεως.

390 5735 663 5802 Μεθόδιος
714 5739 742 5795 6
791 5736 844 5793 ἐν
892 5735 1064 5811 ἁγίοις
1114 5737 1299 5810 Πατὴρ
1348 5736 1760 5814 ἡμῶνὺπῆρχς
1793 5739 1888 5813 μὲν
1921 5740 1979 5798 ἐκ

2013 1896 2061 1965 Β

2089 638 2211 693 viro
2238 638 2479 705 illustri,
2515 642 2923 713 quinquennis
2962 642 3327 715 baptismum
3381 646 3643 718 suscepit
3670 646 3743 702 ab

2092 729 2321 784 Eutalio
2373 731 2649 803 episcopo
2694 749 2708 787 :
2767 733 2982 789 deinde
3032 735 3338 804 decennis,
3410 744 3744 793 coaetaneas

2090 820 2322 890 puellas
2350 820 2592 885 docens,
2627 822 2701 877 ab
2741 822 3037 880 idolorum
3097 827 3259 881 cultu
3318 826 3639 887 abstinere.
3671 827 3746 883 ad

2090 908 2306 963 Christi
2338 910 2517 966 ﬁdem
2548 928 2729 968 manu
2763 913 3032 970 ducebat.
3059 916 3282 973 Idcirco
3305 934 3339 972 a
3360 917 3617 989 quodam
3649 917 3746 973 Ni-

2092 998 2310 1053 candro
2343 999 2657 1057 idololatra
2686 1004 2842 1075 apud
2876 1004 3133 1076 regionis
3184 1008 3499 1077 praasidem
3525 1006 3743 1075 delata,

2091 1088 2522 1158 comprehensa
2554 1089 2665 1145 fuit
2696 1109 2709 1147 :
2736 1098 2913 1163 atque
2945 1093 3018 1148 ad
3045 1094 3433 1165 quaestionem
3468 1094 3743 1162 adducta,

2092 1192 2225 1231 cum
2257 1176 2472 1232 Christi
2503 1195 2719 1235 nomen
2747 1197 2946 1237 coram
2992 1182 3268 1238 omnibus
3296 1184 3563 1255 professa
3595 1184 3748 1240 fuis-

2093 1271 2200 1329 set,
2234 1266 2555 1323 swvissime
2587 1268 2835 1325 caeditur
2867 1271 3192 1343 ferreisque
3215 1273 3445 1328 subulis
3475 1271 3743 1329 ardenti-

2092 1354 2202 1411 bus
2233 1372 2406 1411 aures
2438 1357 2629 1412 eidem
2691 1357 2837 1415 adeo
2898 1362 3258 1429 ustulantur,
3316 1368 3382 1417 ut
3437 1362 3677 1435 sanguis
3713 1378 3743 1418 e

2090 1445 2336 1500 naribus
2367 1452 2424 1500 et
2452 1447 2652 1503 fumus
2684 1465 2715 1503 e
2742 1449 2936 1521 capite
2988 1456 3347 1522 erumperet.
3388 1451 3613 1506 Deinde
3644 1467 3741 1508 ca-

2089 1535 2232 1606 pitis
2264 1535 2563 1599 damnata,
2585 1537 2916 1593 decollatur
2941 1555 2954 1593 :
2976 1545 3153 1611 atque
3186 1540 3269 1596 ita
3297 1538 3374 1596 ad
3404 1540 3745 1610 Dominum,

2094 1641 2273 1695 quem
2309 1631 2630 1696 optaverat,
2673 1628 2960 1702 migravit.

2645 1894 2883 1950 EODEM
2924 1894 3154 1950 MENSE
3167 1935 3180 1953 .

2588 1983 2690 2038 Die
2740 1984 2972 2040 decima
3018 1992 3229 2056 quarta

2296 2070 2750 2128 Commemoratio
2796 2077 2973 2130 sancti
3014 2074 3302 2145 prophetae
3332 2072 3542 2133 Elisazi.

2159 2198 2402 2271 Magnus
2434 2205 2490 2255 et
2546 2200 2839 2273 gloriosus
2875 2203 2972 2258 Dei
3026 2204 3316 2275 propheta
3370 2204 3618 2261 Elisaaus
3669 2221 3740 2261 ex

2088 2287 2289 2344 Judaaa
2314 2288 2386 2343 de
2418 2295 2577 2345 terra
2624 2291 2869 2346 Reboim
2920 2292 3089 2347 duxit
3115 2294 3427 2366 originem,
3461 2295 3743 2367 Josaphat

2088 2382 2255 2447 patre
2286 2384 2481 2432 natus.
2520 2381 2782 2435 Instante
2822 2387 3019 2435 autem
3047 2382 3142 2437 die
3174 2383 3358 2438 natali
3409 2384 3618 2454 ipsius,
3652 2382 3741 2439 in-

2089 2484 2234 2539 gens
2274 2468 2490 2523 accidit
2546 2469 2900 2542 prodigium.
2946 2472 3138 2527 Vitula
3188 2473 3408 2545 quippe
3460 2489 3641 2529 aurea
3674 2473 3739 2528 in

2090 2557 2274 2613 Silom
2307 2558 2613 2620 collocata,
2648 2564 2814 2614 tanta
2835 2576 2971 2615 voce
2994 2560 3293 2627 clamavit,
3319 2568 3385 2616 ut
3407 2562 3745 2635 Hierosoly-

2090 2647 2204 2702 mis
2234 2646 2561 2715 audiretur,
2596 2655 2655 2703 et
2685 2649 2960 2705 sacerdos
2990 2667 3060 2707 ex
3091 2667 3158 2706 eo
3188 2658 3454 2707 monstro
3480 2668 3743 2708 commo-

2090 2740 2183 2791 tus
2214 2737 2438 2792 diceret
2470 2753 2484 2791 :
2517 2738 2810 2810 PrOpheta
2833 2756 3080 2810 magnus
3112 2740 3289 2796 hodie
3318 2741 3742 2814 Hierosolymis

2088 2833 2263 2881 natus
2295 2834 2404 2893 est,
2430 2827 2530 2898 qui
2562 2828 2791 2883 auferet
2812 2830 3130 2901 sculptilia,
3159 2838 3217 2885 et
3241 2830 3568 2887 conflatilia
3597 2848 3737 2886 con-

2088 2921 2258 2983 teret,
2284 2923 2340 2972 et
2359 2917 2621 2987 ingentia
2643 2918 2911 2991 prodigia
2932 2919 3128 2975 faciet.
3164 2921 3328 2987 Quod
3361 2927 3419 2976 et
3448 2921 3741 2994 contingit

2092 3006 2227 3061 Nam
2282 3012 2339 3060 et
2385 3006 2865 3063 Hierichuntinas
2905 3010 3049 3065 l83
3080 3027 3265 3081 aquas
3298 3011 3532 3067 steriles
3563 3027 3734 3067 sana-

2086 3094 2186 3161 vit,
2220 3094 2439 3165 injecto
2468 3095 2527 3149 in
2556 3095 2714 3165 ipsas
2733 3096 2856 3151 sale
2884 3114 2896 3150 :
2932 3106 2990 3151 et
3018 3104 3285 3152 mortuos
3310 3100 3646 3154 suscitavit:
3679 3105 3739 3155 et

2091 3185 2459 3239 Naamanum
2510 3186 2720 3257 Syrum
2780 3186 3077 3257 leprosum
3114 3188 3454 3243 mundavit:
3486 3195 3544 3243 et
3580 3190 3730 3246 Giezi

2091 3274 2429 3329 ministrum
2460 3291 2630 3329 suum
2665 3277 2929 3346 pecunia;
2961 3276 3262 3348 cupidum,
3297 3283 3355 3332 et
3385 3277 3735 3332 inobedien-

2085 3368 2203 3417 tem
2231 3362 2395 3434 lepra
2417 3364 2748 3433 percussit:
2782 3364 2973 3435 deque
3001 3365 3217 3420 Christi
3259 3365 3514 3421 adventu
3547 3366 3737 3422 multa

2082 3452 2457 3507 vaticinatus.
2510 3451 2785 3520 decessit,
2844 3459 2903 3508 et
2941 3454 3004 3508 in
3044 3453 3309 3510 Samaria
3340 3454 3402 3510 in
3442 3454 3587 3512 urbe
3638 3455 3735 3511 Se-

2083 3540 2248 3597 baste
2282 3539 2550 3611 sepultus
2580 3558 2662 3597 es.

2081 3763 2154 3817 Et
2184 3765 2624 3819 commemoratio
2653 3768 2986 3821 sacrosancti
3040 3769 3299 3837 martyris
3361 3766 3558 3838 Cyrilli
3611 3768 3735 3841 epi-

2721 3858 2872 3925 scopi
2902 3856 3090 3912 Cretae.

2154 3967 2398 4023 Divinus
2421 3973 2478 4023 et
2499 3976 2896 4042 sacromartyr
2914 3970 3188 4042 Cyrillus,
3211 3971 3541 4043 imperante
3566 3974 3737 4029 Maxi-

2082 4056 2306 4124 miano,
2334 4058 2615 4113 omnibus
2644 4058 2958 4113 virtutibus
3015 4060 3249 4127 claruit,
3293 4069 3513 4117 sancta
3545 4062 3732 4118 eccle-

2085 4146 2184 4200 sia:
2207 4147 2467 4201 Cretensi
2502 4148 2814 4219 episcopus
2849 4149 3179 4220 praefectus.
3215 4151 3357 4204 Cum
3382 4167 3515 4206 vero
3548 4168 3735 4207 nona-

2082 4235 2244 4307 ginta
2274 4240 2330 4290 et
2362 4237 2626 4306 quinque
2658 4254 2846 4293 annos
2879 4247 3094 4311 ageret,
3130 4246 3186 4293 et
3216 4240 3511 4310 quoddam
3536 4256 3736 4295 mona-

2084 4325 2331 4378 sterium
2389 4341 2509 4380 una
2565 4343 2698 4381 cum
2753 4327 3150 4398 Theophane,
3204 4335 3262 4381 et
3315 4328 3732 4384 Theocharisto

2082 4412 2474 4469 familiaribus
2505 4416 2626 4469 suis
2658 4422 2903 4486 peteret,
2930 4417 3218 4487 quosdam
3251 4417 3597 4473 idololatras
3630 4434 3735 4489 per

2080 4502 2232 4557 viam
2282 4503 2458 4558 idolis
2502 4505 2905 4560 sacrificantes
2961 4506 3359 4576 conspicatus.
3412 4506 3717 4575 ingemuit.

2084 4592 2230 4647 Hinc
2252 4594 2487 4665 agnitus
2515 4610 2618 4664 pro
2645 4595 2999 4656 Christiano,
3051 4596 3123 4650 ab
3152 4596 3271 4650 illis
3302 4602 3509 4669 captus
3532 4603 3639 4663 est,
3675 4602 3733 4652 et

2082 4684 2305 4737 carceri
2336 4684 2727 4753 mancipatus.
2759 4684 2862 4738 Ubi
2910 4700 3107 4753 orans,
3140 4686 3285 4741 coelo
3299 4686 3603 4758 delapsam
3633 4702 3733 4742 vo-

2083 4788 2211 4826 cem
2242 4771 2464 4826 audivit
2494 4788 2507 4826 :
2543 4772 2781 4844 Cyrille,
2822 4779 2923 4828 tua
2964 4790 3146 4845 opera
3174 4778 3373 4831 Romae
3403 4775 3596 4832 adhuc
3639 4776 3733 4832 in-

2085 4859 2279 4932 digeo.
2309 4860 2625 4916 Patefactis
2656 4878 2792 4934 ergo
2822 4862 3286 4933 simulforibus,
3319 4867 3563 4922 Romam
3592 4881 3736 4937 pro-

2084 4949 2274 5004 fectus
2305 4954 2433 5004 est:
2467 4966 2721 5021 cumque
2740 4951 2952 5007 fratres
2984 4953 3417 5020 confirmasset,
3450 4955 3732 5010 rursusin

2084 5039 2317 5094 Cretam
2349 5038 2527 5093 rediit
2561 5055 2574 5093 :
2606 5039 2705 5094 ubi
2738 5057 2773 5095 a
2802 5040 3054 5111 praaside
3111 5042 3598 5114 comprehensus,
3633 5059 3734 5100 ca-

2084 5127 2226 5199 pitis
2248 5127 2607 5183 sententiam
2628 5131 2874 5201 accepit.
2899 5131 3089 5195 Quare
3112 5131 3376 5202 plaustro
3398 5133 3734 5204 impositus,

2087 5217 2228 5287 quia
2245 5215 2319 5271 ob
2342 5222 2709 5273 senectutem
2740 5218 2988 5290 pedibus
3005 5220 3280 5276 incedere
3301 5220 3607 5292 nequibat,
3632 5221 3738 5278 ad-

2088 5304 2420 5377 ductusque
2452 5308 2511 5362 in
2543 5307 2740 5363 locum
2765 5308 3064 5381 supplicii,
3088 5308 3421 5367 decollatus
3451 5310 3582 5367 fuit.

2087 5538 2157 5594 Et
2185 5543 2638 5616 commemoratio
2654 5544 2829 5598 sancti
2879 5542 3065 5598 Patris
3111 5544 3285 5598 nostri
3329 5543 3596 5601 Methodii
3627 5560 3738 5616 pa-

2444 5614 2709 5671 triarcha
2758 5615 3375 5685 Constantinopolitani.

2159 5747 2407 5804 Sanctus
2438 5748 2610 5804 Pater
2639 5752 2842 5804 noster
2871 5746 3198 5803 Methodius
3236 5746 3489 5817 Siculus,
3521 5763 3733 5805 mona-
