4086 6204
346 423 463 482 499

1663 413 2085 478 MENOLOGII
2125 414 2335 479 PARS
2378 417 2482 478 ΙΙΙ.

3640 421 3761 483 500

353 556 498 612 chus
527 554 738 620 factus,
772 558 828 607 et
857 549 1036 606 variis
1076 547 1594 605 exercitationibus
1643 565 1850 606 omnes
1877 548 1977 604 vir-

2109 552 2211 615 τῆς
2269 543 2543 608 Σικελίας·
2608 545 2847 623 μοναχὸς
2904 545 2963 604 δὲ
3013 548 3327 624 γενόμενος,
3358 549 3448 607 καὶ
3479 547 3764 630 διαφόροις

355 651 511 700 tutes
524 648 850 708 assecutus,
865 641 944 694 ita
958 638 1198 694 demum
1215 639 1795 712 Constantinopolim
1816 638 1996 704 venit,

355 733 878 790 iconomaehorum
937 747 1071 784 vero
1112 728 1522 802 persecutione
1581 726 1890 800 gliscente,
1937 726 1997 780 in

356 823 608 894 quodam
644 829 758 876 sntu
792 819 1010 875 montis
1060 821 1435 892 episcopatus
1465 817 1590 874 Chii
1659 820 1998 872 constructo

353 911 734 974 monasterio,
768 909 848 965 ibi
881 910 1171 965 consedit.
1200 907 1565 980 thuoniam
1589 905 2001 962 iconomacho-

351 1017 484 1055 rum
515 999 790 1054 haeresim
824 999 1012 1054 doctis
1059 999 1443 1072 argumentis,
1475 1002 1533 1052 et
1561 996 1996 1068 Scripturarum

351 1090 524 1145 dictis
557 1095 817 1144 evertere
849 1088 1100 1144 adorsus
1131 1094 1242 1148 est.
1275 1088 1574 1158 fidemque
1606 1083 1997 1140 orthodoxam

349 1180 710 1236 sanctissimi
746 1180 846 1236 Dei
875 1180 1145 1236 ecclesiis
1169 1194 1520 1252 proponere,
1557 1177 1773 1233 multas
1805 1181 1999 1230 tenta-

349 1270 540 1325 tiones
571 1286 988 1342 mrumnasque
1019 1269 1216 1326 subiit.
1254 1271 1572 1340 Postquam
1597 1273 1794 1322 autem
1815 1265 1998 1320 Theo-

341 1359 542 1432 philus
576 1360 695 1415 vita
724 1360 961 1415 functus
1011 1358 1142 1427 fuit,
1177 1363 1234 1413 et
1266 1358 1418 1413 134
1465 1354 1793 1412 orthodoxa
1849 1353 1996 1409 fides

343 1451 597 1518 refulsit,
625 1452 798 1523 juxta
830 1451 1018 1506 sancti
1060 1449 1348 1506 Joannicii
1385 1447 1752 1514 vaticinium,
1782 1445 1855 1501 ab
1886 1445 1994 1500 im-

343 1543 635 1612 peratrice
661 1540 988 1605 Theodora,
1027 1541 1274 1612 ejusque
1325 1538 1447 1594 ﬂlio
1490 1535 1771 1593 Michaele
1797 1551 1994 1591 accer-

346 1633 514 1698 situs,
549 1630 1238 1703 Constantinopolitanus
1293 1628 1630 1702 patriarcha
1687 1625 1996 1683 ordinatus

341 1721 473 1778 fuit.
503 1721 772 1793 Cumque
807 1721 1212 1793 episcopatum
1246 1735 1432 1774 annos
1463 1723 1718 1789 quatuor
1750 1721 1808 1770 et
1827 1731 1999 1772 men-

345 1827 438 1866 ses
465 1816 585 1866 tres
617 1811 929 1878 tenuisset,
963 1809 1236 1865 decessit.

899 2019 1138 2076 EODEM
1178 2017 1428 2074 MENSE.

867 2107 968 2162 Die
997 2105 1227 2163 decima
1252 2104 1464 2178 quinta

661 2207 946 2264 Certamen
983 2211 1164 2264 sancti
1203 2208 1462 2278 martyris
1493 2204 1662 2262 Βαίας.

404 2335 621 2405 Martyr
647 2333 862 2389 Christi
899 2333 1077 2388 Dulas
1120 2331 1339 2388 Cilicia:
1367 2329 1678 2404 praefectus
1703 2329 1850 2386 fuit:
1880 2329 1982 2386 sed

334 2425 615 2496 quoniam
647 2425 946 2479 Christum
979 2422 1230 2479 colebat.
1265 2421 1552 2495 dignitate
1585 2419 1873 2493 dejectus,
1907 2421 1979 2477 ad

335 2515 651 2569 Maximum
681 2513 993 2586 praesidem
1025 2513 1256 2568 vinctus
1287 2511 1577 2568 adductus
1609 2517 1698 2566 est
1730 2527 1742 2565 :
1779 2517 1835 2566 et
1865 2512 1982 2584 pri-

337 2619 496 2656 mum
531 2603 768 2674 quidem
812 2603 1066 2658 fustibus
1123 2601 1408 2668 creditur;
1465 2617 1601 2656 mox
1632 2600 1790 2672 quod
1820 2601 1980 2657 idola

336 2691 576 2760 rideret,
612 2693 670 2747 in
699 2693 975 2749 ardentes
1005 2707 1226 2764 prunas
1257 2691 1562 2762 injicitur:
1600 2689 1976 2761 postmodum

334 2781 463 2835 oleo
496 2788 670 2853 caput
701 2782 1032 2837 delibutum
1089 2780 1433 2836 ardentibus
1487 2779 1843 2836 carbonibus
1874 2797 1972 2836 su-

331 2887 551 2941 ponere
575 2871 918 2944 compulsus
946 2876 1053 2925 est.
1093 2869 1309 2925 Deinde
1330 2869 1540 2941 gladiis
1560 2867 1745 2924 lumbi
1779 2870 1974 2926 eidem

330 2959 574 3027 concisi,
607 2965 664 3016 et
685 2960 874 3016 acutis
904 2959 1070 3015 testis
1093 2958 1397 3014 lancinati.
1431 2957 1698 3013 Posthzec
1727 2957 1976 3015 interro-

328 3056 496 3120 gatus
529 3066 561 3105 a
590 3051 863 3121 prmside,
925 3049 1220 3122 quomodo
1270 3047 1566 3104 Christum
1626 3049 1810 3104 Deum
1842 3065 1972 3106 esse

325 3144 579 3210 putaret,
608 3140 707 3210 qui
742 3156 812 3194 ex
843 3155 1020 3194 carne
1051 3138 1241 3194 factus
1271 3145 1447 3207 esset,
1478 3139 1814 3194 universam
1841 3140 1969 3211 ejus

325 3230 714 3284 meonomiam
737 3228 942 3301 paucis
971 3229 1258 3300 exposuit.
1283 3230 1426 3284 Tum
1456 3245 1592 3285 vero
1622 3245 1967 3301 suspensus,

2106 637 2364 708 ἀσκήσεσι
2417 640 2590 692 πᾶσαν
2651 637 2847 710 ἀρετήν
2901 641 3273 714 κατορθώσας.
3331 637 3530 720 ἔφθασε
3591 643 3761 718 μεχρι

2103 724 2193 780 καὶ
2243 732 2344 796 τῆς
2393 726 3048 793 Κωνσταντινουπόλεως.
3100 731 3197 785 Καὶ
3249 728 3339 785 διά
3398 732 3490 787 τὸν
3551 729 3761 788 ὶπικείυ

2109 833 2267 888 μενον
2315 811 2557 892 διωγμὸν
2607 821 2714 872 τῶν
2775 816 3178 895 εἷκονομάχων,
3234 819 3286 874 ἐν
3341 822 3408 895 τῇ
3465 831 3762 892 τοποθεσιᾳ

2102 907 2197 958 τοῦ
2229 899 2388 980 ὅρους
2417 911 2520 975 τῆς
2577 905 2881 977 ἐπισκοπῆς
2941 907 3080 964 Χίου
3149 911 3515 984 μοναστήριον
3547 910 3761 975 κτίσας,

2105 991 2216 1048 ἐκεῖ
2243 995 2686 1069 προσεκαθέζετο.
2741 996 2840 1052 Καὶ
2895 993 2984 1052 διὰ
3039 999 3102 1053 τὸ
3153 999 3251 1067 τήν
3285 999 3489 1075 αἳρεσιν
3525 1001 3620 1072 μὶν
3647 1002 3758 1054 τῶν

2105 1082 2506 1160 εἶκονομάχων,
2592 1090 2785 1164 σοφαῖς
2871 1083 3196 1160 ἀποδείξεσι,
3281 1088 3372 1144 καὶ
3459 1093 3760 1164 Γραφικαῖς

2103 1170 2322 1248 ῥήσεσιν
2377 1173 2713 1249 ἀνατρέπειν,
2773 1177 2872 1245 τήν
2930 1173 2988 1231 δὲ
3040 1175 3330 1254 όρθόδοξον
3392 1179 3572 1233 πίστιν
3636 1182 3758 1241 ταῖς

2102 1261 2429 1336 ἁγιωτάταις
2476 1267 2575 1319 τοῦ
2623 1269 2758 1319 Θεοῦ
2806 1263 3119 1336 ἐκκλησίαις
3171 1261 3476 1343 βραϐεύειν,
3507 1263 3760 1330 πολλοὺς

2100 1351 2460 1427 πειρασμοίις,
2545 1354 2633 1409 καὶ
2721 1351 3014 1433 διαφόρους
3099 1359 3364 1419 κακώσεις
3447 1355 3756 1429 ὑπέμεινεν,

2101 1441 2227 1498 Ὅτε
2275 1438 2334 1496 δὲ
2392 1439 2660 1520 Θεόφιλος
2720 1443 2748 1498 ὁ
2813 1443 3069 1519 βασιλεὺς
3122 1444 3268 1502 τελει
3307 1445 3428 1522 βίου
3457 1445 3756 1520 ἆχρήσατο,

2099 1530 2188 1586 καὶ
2240 1532 2275 1600 ἡ
2335 1529 2627 1606 όρθόδοξος
2682 1531 2863 1596 πίστις
2935 1527 3171 1610 ἔλαμψε,
3219 1534 3571 1611 προσεκλήθη
3647 1535 3757 1590 ὑπὸ

2100 1618 2384 1696 Θεοδώρας
2411 1628 2512 1692 τῆς
2548 1621 2856 1699 βασιλίδος,
2879 1625 2970 1680 καὶ
3004 1625 3248 1702 Μιχαὴλ
3276 1627 3402 1681 υἱοῦ
3428 1625 3598 1695 αὐτῆς
3619 1626 3759 1682 κατὰ

2099 1705 2406 1786 πρόρῥησιν
2464 1713 2562 1766 τοῦ
2618 1709 2769 1767 ὁσίου
2824 1712 3177 1785 Ἱωαννικίου,
3206 1713 3298 1769 καὶ
3356 1713 3753 1790 ἐχειροτονήθη

2098 1797 2449 1872 πατριάρχης
2507 1798 3160 1864 Κωνοταντινουπόλεως.
3220 1801 3322 1858 Καὶ
3380 1800 3757 1873 ἰπισκοπήσας

2014 1923 2063 1989 Β
2097 1884 2193 1957 ἓτη
2223 1887 2454 1960 τέσσαρα
2473 1887 2564 1944 καὶ
2599 1894 2775 1962 μῆνας
2804 1895 2972 1965 τρεῖς,
3003 1888 3318 1963 ἐτελειώθη.

2641 2009 2824 2067 ΜΗΝΙ
2861 2015 2951 2067 ΤΩ
2987 2011 3188 2069 ΑΥΤΩ.

2880 2099 2965 2158 IE‘

2343 2191 2587 2266 Αθλησις
2628 2197 2726 2250 τοῦ
2779 2194 2934 2272 ἁγίου
2969 2196 3243 2272 μάρτυρος
3289 2192 3491 2254 Δουλᾶ.

2159 2323 2218 2378 Ὀ
2263 2322 2362 2376 τοῦ
2417 2320 2656 2396 Χριστοῦ
2713 2319 2918 2396 μάρτυς
2978 2321 3186 2386 Δουλᾶς
3241 2323 3309 2393 ἦν
3377 2325 3473 2398 μὶν
3502 2318 3752 2398 ὕπαρχος

2087 2414 2187 2479 τῆς
2218 2409 2408 2484 χώρας
2459 2406 2730 2472 Κιλικίας.
2787 2411 2886 2466 Διὰ
2933 2409 2991 2467 δὲ
3038 2412 3101 2468 τὸ
3146 2416 3238 2469 τὸν
3287 2413 3517 2489 Χριστὸν
3549 2407 3754 2482 σέϐειν,

2085 2496 2480 2573 ἀλλοτριωθεὶς
2505 2503 2604 2553 τοῦ
2634 2499 2963 2573 ἀξιώματος,
3011 2498 3166 2576 ἤχθη
3213 2503 3349 2576 πρὸς
3378 2502 3473 2558 τὸν
3505 2501 3756 2576 ἡγεμόνα

2087 2587 2344 2660 Μάξιμον
2377 2586 2621 2661 δέσμιος.
2656 2589 2760 2646 Καὶ
2815 2593 3033 2663 πρῶτον
3092 2591 3188 2664 μὲν
3216 2591 3472 2648 τύπτεται
3495 2586 3743 2667 ῥάϐδοις·

2083 2673 2270 2731 ἔπειτα
2319 2673 2408 2731 διά
2460 2676 2524 2732 τὸ
2580 2677 2648 2732 τά
2704 2675 2909 2734 εἶ’δωλα
2965 2679 3256 2755 χλευάσαι,
3315 2679 3540 2752 ἰπετὶθη
3595 2678 3650 2734 ὶν
3676 2682 3752 2754 τῇ

2083 2768 2293 2846 ἐσχάρᾳ
2349 2772 2844 2846 πεπυρακτωμὲνῃ”
2933 2773 3032 2829 Καὶ
3116 2774 3250 2846 μετὰ
3327 2777 3498 2830 ταῦτα
3561 2771 3742 2845 ἐλαίῳ

2079 2859 2182 2928 τὴν
2239 2857 2484 2936 κεφαλὴν
2542 2861 2876 2935 περιχεοείς,
2931 2859 3146 2934 ἐδέξατο
3205 2862 3288 2917 ἔπ’
3345 2861 3512 2932 αύτήν
3546 2862 3748 2935 ἄνθραο

2079 2967 2180 3010 κας
2208 2947 2399 3022 πυρός.
2461 2949 2596 3006 Εἶτα
2650 2949 2821 3028 ξίφεσι
2877 2948 2944 3004 τά
2985 2949 3096 3024 ψύα
3150 2950 3453 3022 κατεκόπη,
3482 2951 3573 3007 καὶ
3609 2951 3751 3024 μετὰ

2081 3037 2244 3110 ὀξέων
2298 3035 2575 3112 ὀστράκων
2631 3033 2946 3110 κατετρίϐη.
3009 3040 3110 3096 Καὶ
3167 3041 3300 3115 μετὰ
3328 3043 3498 3096 ταῦτα
3530 3038 3751 3115 ἐρωτη-

2077 3125 2188 3188 θεὶς
2243 3125 2392 3193 παρᾶ
2439 3128 2536 3181 τοῦ
2621 3127 2913 3203 ἡγεμόνος,
2971 3129 3056 3184 ’ὁτι
3111 3133 3230 3193 πῶς
3287 3129 3316 3185 ὀ
3392 3129 3631 3206 Χριστὸς
3688 3127 3750 3184 ἰν

2081 3215 2235 3291 σαρκὶ
2268 3215 2508 3291 γεγονὼς
2565 3217 2694 3278 Θεὸς
2749 3217 3049 3289 νομίζεται,
3111 3223 3282 3274 πᾶσαν
3310 3219 3409 3288 τὴν
3463 3217 3629 3274 αύτοῦ
3657 3216 3748 3271 οἱ·

324 3319 528 3374 tandiu
562 3317 1014 3374 excarnificatus
1053 3325 1160 3390 est,
1221 3318 1555 3390 usquedum
1613 3319 1815 3375 omnia
1845 3320 1973 3392 ejus

2088 3305 2344 3378 κονομίαν
2403 3303 2456 3359 ἐν
2514 3301 2766 3392 ἔπιτόμῳ
2823 3303 3151 3382 διηγήσατο.
3207 3307 3306 3364 Kal
3359 3307 3483 3364 τότε
3532 3326 3750 3383 κρεμα-

324 3425 457 3463 ossa
470 3408 857 3472 nudarentur.
882 3409 1287 3481 intestinaque
1303 3407 1664 3465 difﬂuerent.
1685 3410 1970 3482 Atqueita

325 3499 666 3568 compulsus
695 3505 783 3554 est
804 3498 876 3555 ad
899 3499 1102 3572 viginti
1123 3499 1408 3554 milliaria
1433 3505 1698 3572 raptatus
1721 3516 1974 3572 praecur-

322 3604 475 3655 rere,
510 3604 646 3643 cum
679 3588 921 3643 interim
953 3604 988 3644 a
1013 3588 1321 3644 lictoribus
1343 3589 1715 3645 atrocissime
1736 3589 1971 3663 fustiga-

321 3684 438 3747 tus,
473 3677 748 3748 spiritum
781 3680 897 3734 Deo
928 3677 1189 3735 tradidit.

879 3874 1119 3930 EODEM
1156 3876 1408 3930 MENSE.

856 3963 960 4030 Die
991 3963 1222 4020 decima
1272 3970 1437 4020 sexta

317 4053 466 4110 135
516 4051 1182 4126 Commemoratiosancti
1230 4055 1416 4110 Patris
1470 4055 1648 4110 nostri
1707 4054 1970 4126 Tychom‘s

947 4124 1347 4196 thaumaturgi.

385 4235 1122 4309 Tyehonthaumaturgus,
1165 4237 1397 4309 piorum
1449 4243 1764 4311 parentum
1796 4239 1968 4298 sobo-

315 4331 421 4398 les,
454 4329 529 4387 ad
561 4330 776 4386 iisdem
810 4331 927 4386 Deo
957 4338 1337 4387 consecratus
1366 4331 1496 4388 fuit.
1521 4334 1733 4390 Postea
1769 4351 1968 4392 sacras

311 4421 540 4478 litteras
572 4421 800 4488 doctus,
838 4420 910 4476 ab
934 4421 1208 4493 episcopo
1225 4421 1652 4479 Trimethuntis
1680 4423 1966 4481 diaconus

313 4519 402 4568 est
429 4512 736 4568 ordinatus
759 4530 776 4567 :
801 4529 916 4584 quo
947 4512 1244 4582 defuncto,
1269 4514 1394 4586 ipse
1417 4531 1450 4570 a
1482 4516 1684 4588 Magno
1704 4517 1966 4588 Epipha-

311 4603 410 4658 nio
433 4603 507 4658 ad
529 4603 1222 4675 episcopalemlthronum
1247 4611 1578 4675 provectus,
1601 4623 1720 4662 non
1744 4625 1962 4679 paucos

313 4691 386 4745 ab
420 4707 618 4746 errore
653 4691 724 4746 ad
781 4692 1096 4747 Dominum
1155 4693 1454 4749 traduxit:
1514 4712 1768 4768 cumque
1800 4697 1972 4770 plura

321 4779 609 4834 miracula
633 4785 942 4850 patrasset,
969 4781 1040 4835 ad
1059 4783 1374 4839 Dominum
1399 4784 1704 4857 migravit;
1737 4802 1807 4842 ex
1836 4789 1968 4858 qui-

320 4868 428 4924 bus
460 4868 574 4924 duo
607 4869 894 4926 duntaxat
923 4872 1194 4928 referam.
1255 4875 1589 4947 Aliquando
1643 4878 1772 4950 ejus
1803 4885 1970 4952 pater

319 4974 502 5028 panes
517 4974 698 5028 puero
721 4959 1460 5020 tradideratdivendendos
1485 4983 1499 5032 ;
1533 4967 1721 5036 pistor
1749 4968 1966 5041 quippe

319 5053 445 5102 erat
467 5065 484 5101 :
506 5064 654 5119 puer
675 5065 808 5104 vero
855 5051 1110 5120 pretium
1142 5054 1452 5121 egentibus
1483 5058 1758 5129 erogavit.
1791 5059 1969 5115 Cum-

319 5153 433 5206 que
474 5143 641 5210 pater
666 5155 730 5193 re
762 5147 1064 5210 comperta
1094 5140 1373 5198 adversus
1405 5160 1540 5199 eum
1571 5145 1780 5203 fuisset
1805 5165 1967 5203 com-

317 5234 535 5292 motus,
567 5245 715 5300 puer
745 5229 819 5285 ad
851 5231 1129 5287 horreum
1169 5235 1433 5302 veniens,
1495 5237 1687 5292 tritico
1718 5239 1962 5309 plenum

314 5318 466 5388 patri
499 5318 797 5373 ostendit:
849 5320 1234 5390 quamobrem
1294 5323 1477 5379 Deum
1535 5326 1709 5381 ambo
1739 5327 1960 5399 gloriﬁ-

315 5404 611 5453 caverunt.
645 5399 746 5453 Die
777 5399 1035 5470 quodam
1092 5407 1392 5472 repertum
1449 5404 1581 5458 vitis
1630 5407 1957 5478 surculum,

313 5487 480 5542 humi
512 5487 772 5543 deﬁxum
802 5489 1133 5561 germinare
1155 5491 1312 5560 fecit,
1347 5493 1445 5564 qui
1476 5508 1662 5563 usque
1693 5495 1766 5550 ad
1806 5496 1957 5555 hanc

315 5576 472 5632 diem
503 5594 780 5650 precoces
811 5595 953 5634 uvas
1001 5579 1244 5652 profert,
1285 5597 1433 5654 quas
1464 5581 1669 5657 legunt
1692 5590 1956 5660 tempore

314 5666 443 5739 ejus
475 5668 1056 5725 eommemorationis
1087 5677 1368 5728 maturas.

2085 3393 2230 3458 σθεὶς
2284 3392 2494 3466 ίξὲσθη,
2545 3388 2649 3456 ἓως
2708 3392 2975 3471 ἐφάνησαν
3029 3395 3201 3451 πάντα
3249 3395 3318 3450 τά
3373 3393 3503 3451 ὀστᾶ
3549 3392 3750 3476 αὐτοῦ.

2082 3482 2172 3537 καὶ
2219 3483 2285 3538 τὰ
2333 3477 2517 3559 ἔντερα
2567 3481 2922 3558 ἐξεχύθησαν.
2974 3483 3077 3541 Καὶ
3130 3485 3276 3541 οὕτω
3330 3485 3544 3561 τρύχειν
3579 3484 3748 3560 ἀναγ-

2082 3571 2321 3645 κασθεὶς,
2381 3572 2682 3648 συρόμενος
2740 3572 2828 3628 ἐπὶ
2889 3573 3049 3646 μίλια
3093 3570 3290 3644 εἴκοσι,
3345 3574 3438 3630 καὶ
3510 3568 3748 3651 ῥάϐδοις

2087 3662 2191 3718 ὑπὸ
2237 3664 2346 3716 τῶν
2410 3657 2628 3734 δημίων
2697 3659 2949 3741 σφοδρῶς
2993 3664 3354 3740 τυπτόμενος,
3402 3663 3467 3720 τὸ
3516 3665 3746 3738 πνεῦμα

2078 3754 2160 3824 τῷ
2189 3754 2307 3824 Θεῷ
2336 3747 2669 3826 παρέδωκεν.

2611 3861 2790 3920 ΜΗΝΙ
2838 3865 2922 3918 ΤΩ
2975 3864 3195 3922 ΑΥΤΩ.

2877 3953 2946 4022 Ιιν

2077 4039 2284 4114 Μνήμη
2334 4043 2432 4096 τοῦ
2482 4040 2634 4097 ὁσίου
2699 4043 2929 4191 11ῗὲΞᾷ
2933 4044 3138 4180 νέδςμῶν
3189 4043 3282 4100 καὶ
3313 4043 3738 4121 θαυματουργοῦ

2146 4237 2338 4315 Τύχων
2407 4240 2436 4294 ό
2498 4241 2907 4318 θαυματουργὸς
2954 4236 3188 4299 εὐσεϐῶν
3234 4243 3443 4319 γονᾶων
3495 4243 3614 4308 υἱὸς
3641 4262 3746 4320 γε-

2077 4328 2275 4404 γονὼς,
2326 4328 2606 4407 ἀφιερώθη
2654 4335 2734 4404 τῷ
2781 4335 2898 4405 Θεῷ
2946 4333 3073 4407 παρ’
3128 4331 3327 4390 αύτῶν.
3378 4333 3580 4390 Καὶτᾶ
3616 4332 3742 4408 ἱερὰ

2075 4417 2376 4494 γράμματα
2426 4421 2790 4493 μεμαθηκὼς,
2840 4421 2986 4496 παρᾶ
3023 4424 3122 4478 τοῦ
3163 4427 3561 4498 Τριμεθοῦντος
3611 4421 3738 4478 lm-

2077 4508 2282 4564 σκόπου
2341 4515 2739 4585 χειροτονεῖται
2795 4507 3066 4575 διάκονος.
3133 4513 3376 4571 Ἑκείνου
3443 4509 3502 4569 δὶ
3542 4511 3739 4569 τελευ-

2077 4599 2360 4668 τήσαντος,
2427 4597 2591 4664 αὐτὸς
2654 4598 2730 4662 είς
2793 4600 2886 4655 τὸν
2951 4604 3052 4667 τῆς
3116 4599 3421 4673 ἐπισκοπῆς
3477 4601 3734 4678 ἀνάγεται

2080 4685 2267 4763 θρόνον
2311 4687 2460 4762 παρὰ
2501 4691 2600 4743 τοῦ
2651 4686 2901 4764 μεγάλου
2948 4690 3289 4769 Ἐπιφανίου.
3342 4690 3440 4746 Καὶ
3472 4689 3573 4746 ούκ
3605 4689 3735 4746 ὀλί-

2076 4795 2210 4849 γους
2257 4774 2364 4830 ἀπὸ
2409 4782 2512 4846 τῆς
2559 4774 2774 4848 πλάνης
2831 4775 3157 4855 ἐπιστρέψας
3209 4779 3296 4836 ἐπὶ
3343 4780 3436 4836 τὸν
3502 4779 3729 4854 Κύριον,

2075 4865 2164 4920 καὶ
2223 4862 2411 4921 πολλὰ
2458 4865 2706 4939 θαύματα
2761 4869 3018 4940 ποιήσας,
3077 4870 3214 4944 πρὸς
3279 4870 3479 4946 Κύριον
3538 4868 3730 4941 ἐξεδή-

2081 4973 2274 5026 μησεν,
2305 4951 2358 5024 ἐξ
2390 4954 2464 5010 ὧν
2496 4951 2592 5011 δύο
2625 4957 2764 5029 μόνα
2811 4954 3172 5032 διηγήσομαι.
3231 4959 3292 5018 Ὁ
3348 4961 3527 5032 πατὴρ
3561 4958 3732 5014 αὐτοῦ

2076 5042 2367 5118 ἀρτοποιὸς
2422 5041 2519 5114 ὢν,
2570 5042 2856 5120 ἐπέτρεψεν
2908 5046 3054 5120 αὐτῷ
3093 5044 3171 5104 ἔτι
3214 5049 3397 5122 νηπίῳ
3445 5044 3580 5119 ὄντι,
3627 5067 3731 5104 πιο

2074 5131 2332 5205 πράσκειν
2385 5129 2514 5198 τοὺς
2555 5131 2772 5208 ἄρτους·
2824 5135 2852 5189 ὁ
2902 5131 2960 5190 δὲ
3007 5136 3106 5206 τήν
3158 5139 3328 5211 τιμήν
3390 5141 3498 5193 τῶν
3549 5137 3732 5212 ἄρτων

2074 5218 2254 5277 ἐδίδου
2318 5226 2435 5285 τοῖς
2499 5229 2774 5298 πτωχοῖς.
2842 5224 2940 5280 Καὶ
3004 5224 3165 5300 γνοὺς
3232 5227 3260 5282 ὁ
3324 5227 3505 5302 πατὴρ
3537 5226 3739 5300 αὐτοῦ,

2072 5308 2310 5385 ὠργίσθη
2371 5313 2486 5368 κατ’
2543 5311 2730 5384 αὐτοῦ,
2797 5311 2925 5369 ἀλλ’
2993 5315 3022 5370 ὁ
3087 5320 3216 5379 παῖς
3265 5314 3519 5372 ἀπελθών
3562 5313 3640 5378 είς
3665 5315 3739 5371 τὸ

2071 5399 2265 5476 ὠρεῖον
2314 5401 2499 5474 αὐτοῦ,
2549 5399 2715 5476 ἔδειξε
2757 5407 2837 5477 τῷ
2881 5405 3046 5482 πατρὶ
3089 5404 3526 5484 πεπληρωμένον
3554 5405 3734 5467 σίτου.

2069 5491 2172 5548 Καὶ
2220 5488 2471 5563 ἐδόξασαν
2509 5491 2602 5548 τὸν
2653 5492 2808 5552 Θεὸν.
2867 5493 3053 5570 Εύρὼν
3098 5493 3155 5552 δὲ
3199 5493 3414 5570 κλῆμα,
3459 5495 3732 5576 φυτεύσας

2065 5579 2289 5652 ἐποίησε
2322 5579 2650 5657 βλαστῆσαι*
2719 5581 2853 5660 ὅπερ
2919 5585 3084 5662 μέχρι
3147 5591 3251 5657 τῆς
3297 5588 3542 5663 σήμερον
3570 5587 3729 5665 φέρει

2064 5668 2355 5745 πρωΐμους
2400 5670 2680 5751 σταφυλὰς
2740 5675 3114 5750 τρυγουμὲνας
3156 5673 3210 5731 ἂν
3266 5677 3347 5749 τῷ
3393 5678 3574 5752 καιρῷ
3616 5681 3730 5748 τῆς

2064 5759 2290 5836 μνήμης
2325 5758 2511 5818 αὐτοῦ.
