4086 6204
345 427 464 487 501

575 555 681 616 Καὶ
717 556 911 630 μνήμη
941 558 1037 611 τοῦ
1067 553 1219 632 ἁγίου
1248 556 1537 634 προφήτου
1564 555 1771 630 Ἀμώς.

419 680 614 756 ’Λμὼς
644 682 672 737 ὁ
702 678 917 753 ἔνδοξος
950 683 1039 737 καὶ
1082 683 1252 757 μέγας
1300 684 1591 761 προφήτης
1642 680 1903 757 ἐγεννήθη
1950 679 2010 735 ὲκ

344 781 450 844 τῆς
484 778 673 849 χώρας
706 768 1106 839 Ζαϐουλὼν,ὲκ
1134 781 1233 842 τῆς
1276 780 1379 849 γῆς
1432 771 1707 850 ἰορδάνοτ
1760 776 1858 828 τοῦ
1907 793 2011 827 πο-

344 868 553 936 ταμοῦ.
584 864 687 919 ἰΙν
721 861 779 917 δε
843 864 1023 936 πατὴρ
1072 861 1295 919 Ἠσαίου
1342 867 1438 917 τοῦ
1499 861 1743 938 μεγάλου
1798 863 2012 936 προφή-

343 975 468 1011 του.
507 956 884 1030 Προεφήτευσε
948 951 1004 1007 δὲ
1060 948 1152 1021 ἔτη
1213 954 1569 1025 πεντήκοντα,
1619 950 2009 1026 διορθούμενος

343 1044 441 1099 τὸν
476 1048 899 1117 παρανομοῦντα
953 1041 1110 1108 λαὸν,
1152 1044 1243 1097 καὶ
1289 1043 1380 1097 τὸν
1447 1037 1674 1118 βασιλέα
1713 1045 1820 1095 τῶν
1868 1042 2009 1096 ἰου-

343 1129 517 1188 δαίων
552 1132 803 1207 ἐλέγχων
863 1130 951 1186 ἐπὶ
1002 1137 1122 1193 ταῖς
1180 1131 1432 1205 ἀνομίαις
1490 1130 1678 1198 αὐτοῦ,
1732 1128 1826 1184 καὶ
1885 1126 2006 1185 ἀδι-

342 1222 516 1287 κίαις,
550 1222 602 1279 ἐν
637 1226 722 1285 εἷς
754 1223 1071 1297 παρώργιζε
1100 1223 1193 1277 τὸν
1223 1223 1375 1277 Θεόν.
1410 1221 1603 1277 Πολλὰ
1633 1219 1691 1276 δὶ
1740 1221 1863 1296 περὶ
1903 1227 2005 1289 τῆς

346 1313 649 1388 παρουσίας
693 1317 953 1387 Χριστοῦ,
1002 1312 1091 1367 καὶ
1140 1315 1264 1388 περὶ
1320 1320 1421 1383 τῆς
1473 1319 1850 1390 καταστροφῆς
1894 1315 2002 1366 τῶν

343 1401 651 1463 Ἰουδαίων.
709 1403 798 1457 καὶ
852 1409 953 1472 τῆς
1007 1405 1357 1465 καταλύσεως
1412 1406 1520 1458 τῶν
1583 1399 1856 1473 εἶδώλων,
1910 1399 2002 1455 καὶ

338 1495 441 1561 τῆς
473 1492 864 1566 αἰχμαλωσίας
904 1496 995 1546 τοῦ
1038 1490 1174 1547 λαοῦ
1205 1490 1514 1567 προλέγων,
1568 1490 1810 1564 ἐμισεῖτο
1859 1487 2005 1563 παρὰ

339 1583 608 1655 Ἀμασίου
647 1583 961 1658 τοδὶερὲως
1014 1587 1110 1638 τοῦ
1169 1580 1406 1637 εἱδώλου
1466 1579 1708 1650 Βαιθὴλ,
1766 1580 1857 1635 καὶ
1917 1576 2000 1634 δι·

339 1669 637 1739 ιὸαλλετο,
666 1673 779 1727 ἀνθ’
822 1670 894 1727 ὧν
951 1671 1176 1747 ἤλεγξεν
1232 1671 1393 1727 αὐτὸν
1450 1670 1573 1746 περὶ
1630 1678 1731 1741 τῆς
1786 1667 2003 1739 πλάνης

336 1769 449 1819 τῶν
506 1767 733 1839 χρυσῶν
794 1761 1109 1838 δαμάλεων.
1172 1763 1266 1817 Καὶ
1331 1760 1420 1817 διὰ
1472 1765 1633 1817 τοῦτο
1708 1780 1854 1836 παρα
1904 1762 2001 1814 τοῦ

342 1856 466 1908 υἱοῦ
496 1853 666 1907 αὑτοῦ
698 1847 885 1929 ῥάϐδῳ
940 1850 1179 1928 πληγεὶς
1240 1852 1378 1907 κατὰ
1430 1854 1527 1907 τοῦ
1583 1849 1877 1928 κροτάφου,
1923 1846 2000 1904 ἔτι

1875 424 2176 489 JUNIUS.

2025 568 2080 635 Α

3650 431 3772 495 502

2302 560 2374 614 Et
2402 558 2843 616 commemoratio
2880 561 3058 616 sancti
3078 560 3361 632 prophetae
3390 562 3572 619 Amos.

2186 684 2367 740 Amos
2424 683 2718 757 gloriosus
2766 690 2823 741 et
2865 702 3114 759 magnus
3161 687 3455 760 propheta
3509 688 3770 760 patriam

2115 781 2325 830 nactus
2347 781 2437 831 est
2454 781 2674 832 terram
2698 775 2957 833 Zabulon
2978 778 3135 833 circa
3154 778 3471 835 Iordanem
3499 779 3765 848 ﬂuvium,

2117 864 2347 936 fuitque
2379 871 2547 937 pater
2578 866 2743 922 Isaias
2776 868 2974 941 magni
3005 868 3342 940 prophetas:
3391 869 3768 942 prophetavit

2114 959 2314 1010 autem
2360 972 2468 1026 per
2510 972 2701 1012 annos
2745 958 3198 1030 quinquaginta,
3251 960 3763 1030 praevaricatorem

2115 1043 2400 1116 papulum
2434 1044 2720 1118 dirigens,
2738 1062 3059 1119 regemque
3078 1047 3417 1104 Iudaeorum
3440 1048 3765 1121 reprehen-

2114 1134 2282 1204 deus,
2316 1133 2474 1204 quod
2496 1135 3101 1205 praevaricationibus,
3129 1141 3189 1192 et
3210 1136 3624 1210 iniquitatibus
3641 1138 3766 1193 suis

2114 1223 2299 1279 Deum
2331 1227 2407 1279 ad
2436 1224 2811 1281 iracundiam
2841 1231 3206 1298 provocaret.
3241 1226 3418 1282 Plura
3450 1226 3521 1282 de
3545 1227 3761 1284 Christi

2113 1312 2393 1377 adventu.
2430 1320 2488 1370 et
2516 1315 2855 1371 Iudaeorum
2889 1316 3215 1384 eversione,
3248 1322 3425 1388 atque
3465 1316 3764 1374 idolorum

2112 1403 2864 1478 destructionepopulique
2888 1406 3223 1479 captivitate
3249 1406 3766 1479 praedixit.Quam«

2111 1492 2316 1549 obrem
2348 1494 2642 1550 Amasiam
2691 1494 2836 1550 idoli
2887 1495 3109 1551 Baethel
3162 1494 3530 1551 sacerdotem
3585 1496 3645 1550 in
3695 1513 3759 1552 se

2110 1583 2448 1651 concitavit,
2481 1600 2515 1639 ιι
2536 1600 2652 1655 quo
2675 1584 2993 1640 calumniis
3018 1590 3106 1640 est
3125 1583 3446 1657 appetitus,
3472 1583 3629 1656 quod
3661 1600 3761 1641 au-

2106 1688 2345 1728 rearum
2370 1672 2685 1729 vitularum
2705 1674 2922 1730 erroris
2954 1690 3089 1730 eum
3110 1674 3529 1745 redarguisset.
3557 1672 3761 1745 Itaque

2108 1762 2180 1817 ab
2212 1763 2373 1819 illius
2406 1763 2528 1819 ﬁlio
2561 1764 2715 1821 fuste
2758 1765 3123 1839 temporibus
3166 1781 3507 1838 percussus,
3567 1763 3761 1819 adhuc

2108 1852 2363 1925 spirans,
2419 1853 2481 1909 in
2529 1854 2782 1926 patriam
2840 1872 3009 1911 suam
3066 1854 3462 1927 deportatur:
3506 1860 3759 1926 postque

339 1940 595 2016 ἕμπνὲων
624 1941 794 2012 ἦλθεν
846 1941 924 2005 εἰς
980 1944 1081 2013 τήν
1138 1948 1239 2016 γῆν
1293 1941 1484 1998 αὐτοῦ.
1543 1939 1648 1998 Καὶ
1710 1939 1845 2015 μετὰ
1902 1935 1995 1993 δύο

2108 1941 2353 1999 biduum
2394 1944 2671 2015 spiritum
2714 1945 2833 2002 Deo
2876 1942 3161 2015 reddidit,
3206 1950 3266 2001 et
3306 1959 3442 2002 cum
3486 1942 3758 2017 patribus

333 2033 553 2105 ἡμέρας
583 2030 862 2107 παραδοὺς
902 2034 1003 2102 τὴν
1054 2034 1242 2107 ψυχην
1286 2030 1452 2087 αὐτοῦ
1505 2033 1585 2105 τῷ
1639 2032 1779 2102 Θεῷ,
1825 2026 1994 2107 ἐτάφη

338 2124 475 2194 μετὰ
509 2125 621 2177 τῶν
656 2120 903 2197 πατέρων
939 2120 1126 2178 αὐτοῦ.

891 2230 1072 2288 MHNl
1112 2230 1201 2287 ΤΩ
1240 2229 1438 2289 ΑΥΤΩ.

1125 2319 1202 2376 ΙΖ’

332 2406 611 2480 Ἀθλησις
672 2412 779 2465 τῶν
836 2408 1003 2487 ἁγίων
1050 2406 1375 2495 ,μαρτύρων
1436 2405 1722 2477 Μανουῆλ,
1790 2401 1994 2477 Σαὸὶλ,

976 2481 1066 2537 καὶ
1089 2481 1350 2555 Ἰσμαῆλ.

407 2596 701 2667 Μανουηλ.
761 2592 963 2666 Σαϐὶλ,
1021 2598 1111 2653 καὶ
1172 2596 1428 2671 Ἰσμαῆλ,
1500 2596 1552 2652 οἱ
1609 2599 1708 2652 τοῦ
1758 2596 1995 2672 Χριστοῦ

342 2690 638 2762 μάρτυρες,
678 2688 934 2764 ὑπ’ἲρχον
971 2688 1064 2760 μὲν
1099 2688 1157 2743 ἐκ
1183 2694 1282 2757 τῆς
1334 2688 1523 2764 χώρας
1575 2683 1837 2762 Βερσίδος
1885 2684 1995 2741 υἱοὶ

337 2775 395 2831 δὶ
434 2778 638 2850 πατρὸς
687 2776 1009 2851 ἀρχιμαγου
1065 2776 1153 2831 καὶ
1217 2778 1426 2850 μητρὸς
1483 2778 1831 2851 Χριπιανῆς.
1892 2775 1994 2833 Καὶ

336 2862 687 2940 διδαχθέντες
719 2869 787 2921 τά
816 2887 872 2921 τε
903 2866 1020 2942 ἱερά
1058 2866 1379 2941 γράμματα,
1430 2865 1521 2921 καὶ
1570 2866 1669 2933 τήν
1722 2859 1992 2920 εὐσέϐειαν

332 2957 485 3031 παρὰ
520 2955 773 3012 Εὐνείκου
830 2957 975 3018 τινὸς
1036 2958 1379 3032 Χριστιανοῦ,
1435 2949 1620 3010 ἔσεϐον
1678 2954 1767 3009 καὶ
1826 2975 1995 3030 προσ-

330 3051 557 3102 εκύνουν
587 3050 680 3103 τὸν
706 3047 961 3123 Χριστόν.
998 3048 1118 3103 Ἐπὶ
1172 3045 1230 3103 δὲ
1277 3051 1377 3111 τῆς
1428 3044 1711 3122 βασιλείας
1763 3044 1997 3102 Ἰουλια-

324 3135 426 3189 νοῦ
458 3141 556 3190 τοῦ
586 3133 930 3205 παραϐάτου,
984 3135 1368 3206 ἀπεστάλησαν
1427 3136 1572 3212 παρᾶ
1622 3140 1719 3190 τοῦ
1775 3138 1993 3210 Περσῶν

333 3225 613 3303 βασιλεως
647 3221 882 3300 πρετευς
943 3226 1018 3289 εἷς
1070 3224 1649 3283 Κωνσταντινοῦπολιν
1707 3221 1795 3279 διὰ
1843 3223 1994 3294 είρή·

2106 2031 2228 2089 suis
2259 2031 2528 2106 sepultus
2556 2031 2689 2090 fuit-

2659 2211 2901 2270 EODEM
2940 2212 3194 2271 MENSE.

2582 2300 2686 2357 Die
2717 2301 2949 2359 decima
2978 2303 3251 2376 septima.

2101 2399 2256 2458 186
2336 2400 2620 2458 Certamen
2645 2473 2661 2475 Α
2692 2408 3004 2475 sanctorum
3086 2409 3393 2474 martyrum
3454 2401 3751 2475 Manuelis,

2633 2473 2845 2530 Sabelis
2874 2481 2926 2529 et
2952 2476 3212 2531 lsmaelis.

2172 2593 2457 2665 Martyres
2485 2592 2701 2649 Christi
2736 2592 2991 2659 Manuel,
3024 2593 3216 2660 Sabel,
3249 2600 3309 2651 et
3330 2592 3540 2651 Ismael
3565 2610 3634 2650 ex
3657 2608 3751 2650 re-

2099 2680 2275 2753 gione
2308 2681 2568 2737 Persidis
2598 2682 2858 2740 oriundi.
2892 2688 3058 2755 patre
3091 2683 3333 2754 quidem
3372 2684 3750 2757 Archimago,

2101 2778 2288 2827 matre
2318 2788 2449 2828 vero
2480 2772 2837 2837 Christiana,
2872 2789 3070 2828 sacras
3091 2772 3342 2841 litteras,
3374 2790 3442 2830 ac
3471 2774 3753 2846 pietatem

2101 2861 2429 2917 abEunico
2489 2861 2732 2917 homine
2783 2862 3119 2918 Christiano
3178 2862 3392 2931 edocti,
3453 2862 3753 2919 Christum

2101 2950 2377 3008 colebant
2415 2958 2473 3007 et
2496 2951 2842 3009 adorabant.
2877 2960 3017 3009 tium
3042 2969 3199 3010 vero.
3222 2953 3454 3009 Juliano
3473 2956 3761 3026 Apostata

2101 3042 2460 3113 imperante.
2501 3040 2677 3116 legati
2711 3058 2817 3115 pro
2851 3058 2995 3115 pace
3026 3059 3061 3099 a
3091 3045 3405 3099 Persarum
3437 3058 3573 3116 rege
3602 3044 3755 3100 Con-

2100 3132 2551 3204 stantinopolim
2585 3131 2777 3199 missi,
2812 3138 3152 3205 spectarent
3180 3133 3353 3189 illum
3402 3132 3754 3189 Christiana

2100 3222 2241 3278 ﬁdei
2275 3222 2640 3279 desertorem
2674 3229 2839 3279 trans
2889 3223 3106 3279 fretum
3157 3222 3527 3279 Chalcedone
3577 3222 3755 3278 idolis

328 3338 456 3385 νην.
493 3316 593 3372 Καὶ
628 3314 835 3378 ίδὸντες
869 3318 959 3372 τὸν
996 3314 1313 3389 παραϐάτην
1344 3318 1512 3387 πὲραν
1565 3314 1616 3371 ἐν
1670 3311 1993 3385 Χαλκηδόνι

2108 3309 2541 3378 immolantem,
2587 3310 2831 3366 tristitia
2887 3310 3081 3367 affecti
3139 3316 3297 3367 sunt.
3357 3308 3753 3377 Quamobrem

332 3410 452 3468 τοῖς
486 3403 740 3469 εἰδώλοις
772 3407 990 3472 θὲοντα,
1056 3406 1430 3477 ἐλυπήθησαν.
1495 3406 1598 3463 Kal
1642 3407 1993 3481 γνωσθεντες,

332 3498 792 3567 natium-Senam
848 3501 928 3569 τῷ
1014 3492 1319 3572 παραϐάτῃ.
1410 3496 1514 3554 Καὶ
1601 3496 1853 3571 ἀχθέντες
1909 3492 1995 3549 ἐν·

342 3586 522 3641 ώπιον
554 3588 747 3658 αὐτοῦ,
798 3586 1035 3662 ἤλεγξαν
1090 3587 1269 3642 αὐτόν.
1320 3587 1479 3651 Ὅθεν
1526 3588 1812 3665 τυφθὲντες
1862 3605 1996 3663 σφο-

343 3671 515 3751 δρῶς,
545 3678 634 3731 καὶ
687 3678 817 3739 τοὺς
866 3676 1238 3753 ἀστραγάλους
1290 3675 1672 3753 τρυπηθέντες,
1728 3673 1817 3730 καὶ
1871 3693 1995 3749 κρε-

348 3766 666 3838 μασθέντες,
718 3763 965 3839 λαμπάσι
1006 3769 1179 3843 πυρὸς
1230 3767 1326 3829 τὰς
1395 3765 1687 3842 μασχάλας
1733 3764 1994 3839 κατεφλι-

335 3875 541 3930 γησαν.
577 3854 706 3910 Εἶτα
745 3856 773 3911 ὁ
806 3856 958 3933 ἅγιος
1014 3855 1277 3927 Μανουήλ
1331 3877 1431 3924 την
1476 3856 1743 3929 κεφαλὴν,
1787 3854 1879 3910 καὶ
1926 3854 1996 3909 τὰ

335 3945 453 4018 ibi:
510 3944 658 4019 ξύλῳ
714 3945 1081 4018 καθηλωθεὶς,
1139 3946 1229 4001 καὶ
1299 3945 1481 4022 βέλεσι
1558 3943 1992 4014 κατακενττ,θεὶς,

331 4038 571 4114 ἀπήχθη
607 4037 698 4092 σῦν
731 4044 847 4099 τοῖς
880 4036 1146 4115 ἀδελφοῖς
1192 4035 1355 4091 αὑτοῦ
1408 4035 1486 4099 εἷς
1535 4036 1625 4092 τὸν
1676 4039 1784 4092 τῶν
1828 4054 1994 4091 κατα-

336 4125 507 4184 δίκων
539 4126 727 4197 τόπον,
759 4127 849 4183 καὶ
880 4127 1412 4202 ἀπεκεφαλίσθησαν.

887 4238 1068 4295 MHNI
1109 4240 1199 4295 ΤΩ
1238 4239 1443 4296 ΑΥΤΩ.

1127 4327 1212 4384 ΙΗ’

329 4422 612 4497 Ἀθλησις
641 4428 751 4482 τῶν
813 4426 1335 4503 ἁγίων-μαρτύρων
1394 4422 1676 4494 Λεοντίου,
1737 4421 1991 4495 Ὑπάτου,

939 4499 1029 4554 καὶ
1061 4496 1391 4554 Θεόδοῦλου.

408 4606 858 4669 Λεόντιοςὸτοῦ
914 4608 1147 4682 Χριστοῦ
1210 4608 1435 4682 μάρτυς,
1496 4604 1717 4681 ὑπῆρχε
1778 4605 1872 4678 μὶν
1934 4603 1993 4659 ἐκ

2101 3400 2304 3473 agniti,
2330 3407 2388 3456 et
2408 3400 2563 3471 apud
2589 3405 2934 3471 Apostatam
2958 3399 3161 3459 delati.
3187 3399 3381 3455 eidem
3416 3398 3708 3455 sistuntur
3735 3416 3750 3455 :

2102 3505 2277 3562 quem
2302 3505 2435 3545 cum
2458 3488 2919 3561 redarguissent.
2942 3489 3286 3563 gravissime
3309 3489 3656 3556 caeduntur;
3690 3494 3750 3546 et

2100 3579 2237 3635 talis
2268 3578 2570 3651 perforati.
2605 3586 2783 3650 atque
2814 3578 3068 3635 sublime
3098 3579 3339 3651 arrepti.
3390 3577 3645 3635 admotis
3671 3577 3745 3635 ad

2097 3668 2309 3726 axillas
2350 3668 2581 3725 facibus
2636 3669 2997 3726 ustulantur.
3057 3668 3444 3727 Postmodum
3504 3676 3789 3739 sanctus,

2097 3759 2329 3814 Manuel
2356 3757 2417 3814 in
2435 3758 2625 3830 capite
2650 3764 2710 3814 et
2738 3758 2958 3815 lumbis
2990 3758 3149 3833 ligno
3186 3758 3368 3815 clavis
3398 3758 3741 3832 conﬁgitur,

2099 3855 2159 3905 et
2186 3849 2415 3923 sagittis
2444 3848 2756 3906 fodicatur.
2790 3853 3095 3908 Postremo
3125 3865 3246 3906 una
3274 3864 3409 3906 cum
3464 3847 3746 3904 fratribus

2099 3938 2173 3996 ad
2197 3940 2393 3995 locum
2425 3938 2700 4011 supplicii
2730 3940 3065 4008 adducitur,
3097 3945 3158 3997 et
3186 3938 3367 3997 simul
3397 3954 3606 3997 omnes
3647 3952 3745 3995 ca-

2097 4026 2324 4099 pitibus
2354 4025 2719 4099 plectuntur.

2649 4232 2892 4291 EODEM
2931 4234 3181 4291 MENSE.

2614 4322 2716 4377 Die
2744 4322 2976 4380 decima
3005 4330 3230 4379 octava.

2101 4420 2383 4479 Certamen
2432 4426 2745 4477 sanctorum
2779 4427 3106 4548 ﬁarfiyrttitm
3155 4422 3388 4492 Leontii,
3425 4421 3637 4492 Hypati
3682 4438 3746 4478 ac

2859 4510 2920 4548 eo
2962 4511 2994 4548 a
3046 4533 3060 4547 .

2859 4510 3060 4549 eoaan.

2172 4609 2451 4666 Leontius
2480 4610 2697 4666 Christi
2727 4616 2955 4684 martyr
2985 4627 3055 4666 ex
3084 4610 3326 4668 Hellade
3356 4610 3596 4684 quidem
3627 4612 3744 4669 ori-

329 4703 437 4766 τῆς
474 4698 662 4772 χώρας
692 4694 985 4757 Ἑλλάδος.
1047 4697 1143 4751 Διά
1173 4694 1229 4751 δὲ
1257 4698 1357 4766 τὴν
1410 4691 1660 4769 ἀνδρείαν
1703 4693 1867 4749 αὐτοῦ
1898 4713 1991 4769 γε-

2108 4702 2298 4774 ginem
2341 4701 2535 4757 traxit.
2593 4702 2803 4756 Factus
2857 4707 3055 4756 autem
3112 4700 3185 4757 ob
3240 4702 3516 4758 virtutem
3575 4720 3745 4759 suam

331 4788 517 4863 γονὼς
548 4784 877 4861 στρατηγὸς,
941 4780 1205 4859 διέτριϐεν
1240 4786 1290 4839 ἐν
1322 4782 1591 4860 Τριπόλει
1639 4790 1739 4852 τῆς
1796 4782 1987 4837 Φοινί-

329 4897 460 4945 κης,
502 4880 581 4948 τῷ
612 4878 827 4951 Χριστῷ
861 4879 1104 4953 φανερῶς
1164 4871 1462 4949 λατρεύων,
1510 4872 1602 4929 καὶ
1646 4872 1772 4934 τοὺς
1823 4873 1989 4940 πένη-

331 4985 428 5019 τα(
466 4962 840 5038 δεξιούμενος.
894 4963 997 5021 Καὶ
1053 4968 1220 5018 τοῦτο
1277 4964 1461 5035 μαθὼν
1512 4960 1796 5037 Ἀδριανὸς
1829 4962 1857 5015 ὁ
1888 4967 1988 5030 τῆς

332 5056 605 5124 Φοινίκης
663 5054 912 5130 ἡγεμὼν,
971 5051 1163 5108 νεωστὶ
1220 5050 1625 5127 προχειρισθεὶς
1684 5051 1787 5105 ὑπὸ
1850 5049 1988 5108 Οὐε-

335 5148 641 5198 σπισιανοῦ
668 5147 764 5199 τοῦ
820 5142 1105 5216 Ῥωμαίων
1164 5142 1462 5214 Καίσαρος,
1517 5140 1802 5198 ἀπέστειλε
1853 5140 1988 5215 πρὸς

331 5234 499 5291 αὐτὸν
532 5241 760 5291 Ὕπατον
792 5236 885 5290 τὸν
934 5230 1222 5309 τριϐοῦνον
1283 5232 1418 5307 μετᾶ
1472 5229 1572 5288 δύο
1622 5234 1987 5308 στρατιωτῶν,

330 5325 411 5380 ὧν
445 5325 474 5378 ὁ
507 5327 582 5386 εἷς
618 5323 864 5380 ἐκαλεῖτο
897 5322 1224 5393 Θεόδουλος,
1277 5321 1753 5397 μετακαλούμενος
1799 5320 1983 5378 αὐτόν.

326 5415 397 5470 Ὀ
423 5412 483 5469 δὲ
519 5409 807 5490 τριϐοῦνος
864 5417 1083 5489 πυρετῷ
1138 5410 1484 5483 κινδυνεύων,
1543 5409 1746 5482 ἤκουσε
1802 5418 1985 5490 φωνῆς

331 5502 609 5579 λεγούσης
636 5504 810 5577 αὐτῷ.
842 5504 906 5561 Εἰ
965 5501 1154 5580 βούλει
1212 5509 1390 5573 ζῆσαι,
1440 5500 1759 5558 ἐπικάλεσαι
1799 5500 1984 5578 τρίτον

332 5593 411 5656 εἰς
446 5595 703 5671 βοήθειαν
729 5594 823 5649 τὸν
854 5598 950 5649 τοῦ
982 5592 1237 5649 Λεοντίου
1276 5593 1427 5652 Θεόν.
1462 5594 1563 5650 Kal
1609 5597 1771 5649 τοῦτο
1817 5594 1982 5664 ποιή-

333 5705 433 5747 σας
492 5685 695 5761 ὑγίανι.
752 5689 861 5755 Τῆς
920 5681 978 5740 δὶ
1034 5690 1218 5761 φωνῆς
1288 5682 1491 5755 ταύτης
1567 5683 1825 5755 ἀκούσας,
1892 5684 1983 5741 καὶ

334 5771 633 5832 Θεόδουλο*
701 5775 1003 5848 ἰπίστευσε,
1059 5773 1149 5830 καί
1210 5773 1515 5853 ἀμφότεροι
1580 5767 1981 5847 ἐϐαπτίσθησαν

2102 4790 2406 4862 cepiarum
2438 4790 2577 4855 dux,
2608 4790 2828 4863 Tripoli
2861 4791 3176 4847 thnicim
3196 4792 3555 4861 versabatur,
3579 4792 3743 4849 Chri-

2101 4885 2255 4934 stum
2290 4878 2483 4950 palam
2517 4879 2742 4941 colens.
2776 4885 2836 4935 et
2879 4897 3170 4953 pauperes
3221 4882 3512 4954 recipiens
3567 4883 3650 4939 Ea
3678 4900 3743 4938 re

2100 4975 2402 5039 comperta
2430 4968 2501 5023 ab
2536 4968 2791 5024 Adriano
2846 4969 3161 5026 Phoenicim
3214 4974 3513 5043 praefecto.
3565 4989 3743 5044 quem

2100 5059 2495 5129 Vespasianus
2527 5061 2922 5116 Romanorum
2957 5060 3152 5117 Caesar
3188 5077 3380 5134 nuper
3422 5070 3743 5132 creaverat,

2099 5149 2281 5205 misso
2313 5150 2535 5222 Hypato
2568 5150 2805 5206 tribuno
2838 5167 2971 5207 cum
2996 5151 3228 5208 duobus
3251 5152 3561 5222 militibus,
3592 5172 3746 5226 quo-

2097 5256 2229 5295 rum
2245 5239 2396 5296 alter
2414 5240 2750 5296 Theodulus
2771 5239 3425 5299 dicebatur.accersitur
3449 5243 3745 5301 Tribunus

2098 5345 2236 5386 vero
2268 5330 2605 5402 periculosa
2635 5329 2783 5386 febri
2816 5330 3115 5393 laborans.
3150 5348 3350 5388 vocem
3374 5332 3597 5387 audivit
3617 5351 3747 5390 mo-

2097 5425 2359 5485 nentem,
2395 5426 2461 5475 ut
2489 5420 2538 5475 si
2570 5420 2810 5491 quidem
2843 5420 3019 5476 vellet
3046 5420 3256 5481 vivere.
3302 5422 3523 5478 Leontii
3559 5424 3745 5479 Deum

2096 5510 2271 5565 tertio
2303 5510 2622 5565 invocaret.
2646 5510 2768 5575 Quo
2792 5509 2945 5566 facto
2962 5516 3207 5581 repente
3228 5513 3543 5569 convaluit.
3574 5513 3745 5568 Illam

2096 5605 2294 5657 autem
2339 5616 2540 5656 vocem
2586 5616 2720 5655 cum
2765 5600 3031 5657 audisset
3077 5602 3224 5657 131
3278 5602 3610 5658 Theodotus
3687 5606 3746 5659 et

2095 5689 2370 5755 credidit,
2402 5695 2461 5745 et
2508 5688 2682 5745 ambo
2714 5706 2748 5745 a
2777 5697 2982 5747 sancto
3024 5689 3401 5761 baptizantur
3469 5691 3633 5754 Quod
3680 5696 3744 5745 ut

2094 5778 2336 5836 rescivit
2352 5778 3012 5852 praefectus,utrumque
3033 5780 3526 5851 comprehensum
3539 5777 3740 5835 decol-
