4086 6204
403 405 521 466 503

1721 399 2165 462 MENOLOGII
2205 402 2407 464 PARS
2453 402 2562 462 Ill.

3689 404 3809 464 5οι

395 540 510 598 lari
528 541 744 614 jussit;
779 542 1051 594 sanctum
1103 552 1237 591 vero
1289 535 1600 590 Leontium
1645 535 1948 592 mandavit
1991 535 2035 590 ix

2170 534 2274 590 ὑπὸ
2321 539 2418 591 τοῦ
2473 533 2652 611 ἁγίου.
2711 534 2814 592 Καὶ
2871 537 3032 589 τοῦτο
3092 535 3278 607 μαθὼν
3313 536 3340 590 6
3371 535 3622 610 ἡγεμὼν,
3682 557 3810 613 κρα.

403 645 640 687 carcere
671 629 836 698 caedi,
870 641 1209 698 caesumque
1241 625 1526 682 Dominus
1557 625 1805 698 accepit.

960 926 1202 982 EODEM
1241 923 1492 980 MENSE.

931 1015 1035 1070 Die
1069 1015 1300 1071 decima
1325 1029 1506 1070 nona.

699 1105 985 1161 Certamen
1015 1107 1196 1161 sancti
1224 1105 1489 1174 martyris
1520 1103 1738 1159 Zosimi.

467 1228 684 1298 Martyr
711 1225 928 1282 Christi
958 1225 1248 1294 Zosimus,
1281 1225 1532 1296 Trajano
1570 1222 1922 1295 imperante,
1973 1235 2044 1275 ex

394 1315 791 1389 Apolloniade
819 1315 879 1369 in
901 1315 1140 1387 regione
1153 1313 1564 1386 Sozopolitana
1575 1311 1862 1385 originem
1878 1309 2045 1366 duxit

394 1407 538 1462 Cum
570 1412 768 1462 autem
791 1404 898 1460 sub
924 1404 1259 1460 Domitiano
1281 1403 1610 1459 Antiochia:
1634 1400 1869 1456 Pisidiae
1892 1417 2040 1472 pree-

399 1495 526 1550 side
559 1496 864 1560 militaret,
895 1495 1175 1566 projectis
1221 1494 1403 1550 armis
1452 1492 1525 1549 ad
1575 1491 1888 1548 ecclesiam
1939 1489 2041 1545 Dei

399 1585 770 1657 confugiens.
802 1585 1156 1657 baptismate
1191 1585 1249 1640 in
1280 1583 1512 1639 Christo
1544 1583 1756 1653 dignus
1803 1579 2042 1636 habitus

396 1674 527 1730 fuit.
561 1675 1036 1746 Comprehensus
1066 1675 1287 1746 itaque,
1319 1673 1393 1729 ad
1441 1671 1756 1744 praesidem
1812 1671 2042 1725 vinctus

382 1762 749 1836 adducitur:
785 1779 1040 1835 cumque
1072 1764 1488 1836 interrogatus,
1547 1761 1947 1817 Christianum
1979 1775 2040 1814 se

400 1869 530 1907 esse
560 1853 962 1925 proﬁteretur,
996 1859 1274 1908 extensus
1330 1870 1399 1907 ex
1453 1857 1706 1923 quatuor
1749 1849 2037 1922 partibus,

2154 625 2326 694 τήσας
2391 621 2610 693 αὐτοὺς,
2669 621 3052 702 ἆπεκεφάλισε.
3086 625 3193 682 Τὸν
3229 622 3287 680 δὲ
3339 627 3488 702 ἅγιον
3549 625 3810 682 Λεόντιον

2155 712 2481 785 προσέταξεν
2514 711 2565 768 ἐν
2605 716 2674 788 τῇ
2734 716 2953 792 φυλακῇ
3003 713 3316 773 τύπτεσθαι.
3367 715 3472 773 Καὶ
3531 717 3812 790 τυπτόμε-

2156 821 2245 856 νον
2276 797 2651 879 προσελάϐετο
2681 804 2709 859 ὁ
2737 801 2962 881 Κύριος.

2697 931 2884 988 ΜΗΝΙ
2921 933 3008 988 ΤΩ
3046 933 3246 990 ΑΥΤΩ.

2375 1108 2648 1180 ⁹¹Αθλησις
2677 1113 2775 1166 τοῦ
2806 1023 3267 1187 ὴίοὸῗιάρτυρος
3299 1118 3574 1188 Ζωσιμου.

2222 1224 2472 1298 Ζώσιμος
2513 1225 2542 1280 ὁ
2570 1228 2668 1281 τοῦ
2715 1227 2952 1302 Χριστοῦ
3003 1228 3208 1304 μάρτυς
3262 1227 3511 1303 ὑπῆρχεν
3559 1225 3648 1282 ἐπὶ
3697 1235 3803 1298 τῆς

2155 1312 2432 1390 βασιλείας
2462 1318 2732 1392 Τραϊανοῦ
2785 1314 2837 1387 ἐξ
2891 1313 3345 1382 ’Δπολλωνιάδος
3370 1324 3471 1387 τῆς
3508 1315 3562 1373 ἐν
3617 1323 3808 1388 Σωζο-

2149 1400 2334 1462 πόλει.
2371 1405 2806 1481 Στρατευόμενος
2857 1405 2962 1461 ὑπὸ
3008 1409 3088 1478 τῷ
3143 1412 3244 1476 τῆς
3305 1405 3642 1481 Ἀντιοχείας
3697 1410 3805 1472 τῆς

2150 1489 2398 1556 Πισιδίας
2454 1494 2682 1571 ἡγεμόνι
2743 1499 3078 1569 Δομετιανῷ,
3141 1494 3300 1573 ῥίψας
3351 1495 3419 1552 τὰ
3474 1496 3643 1565 ὅπλα,
3700 1497 3800 1552 καὶ

2149 1583 2475 1660 προσφυγὼν
2501 1587 2570 1657 τῇ
2614 1587 2712 1638 τοῦ
2770 1588 2903 1640 Θεοῦ
2961 1581 3249 1656 ἐκκλησίᾳ,
3305 1589 3404 1641 τοῦ
3460 1583 3514 1640 ἐν
3575 1586 3804 1661 Χριστῷ

2148 1673 2492 1742 καταξιοῦται
2581 1671 2980 1748 βαπτίσματος.
3067 1672 3369 1747 Κρατηθείς
3465 1673 3556 1730 οῦν
3641 1673 3804 1749 ἢχθη

2151 1758 2372 1836 δέσμιος
2399 1763 2538 1837 πρὸς
2566 1763 2658 1819 τὸν
2713 1763 2984 1840 ἡγεμόνα,
3033 1765 3122 1820 καὶ
3171 1763 3486 1839 ἐρωτηθεὶς,
3541 1766 3628 1821 καὶ
3687 1765 3811 1820 ἐαυ-

2146 1851 2239 1906 τὸν
2305 1852 2622 1928 Χριστιανὸν
2677 1852 2812 1908 εἶναι
2873 1851 3253 1929 ὁμολογήσας,
3311 1855 3490 1916 ταθεὶς
3519 1853 3579 1910 ἐκ
3611 1854 3813 1910 τεσσά-

396 1942 739 2013 gravissime
767 1942 1015 1997 caeditur
1040 1960 1052 1996 :
1088 1959 1225 1998 mox
1255 1942 1313 1997 in
1347 1941 1668 2014 equuleum
1696 1956 2035 2012 suspensus,

2153 1960 2284 2017 ρων,
2344 1923 2544 2020 ἐτύιρθη
2605 1940 2876 2019 σφοδρῶς,
2910 1923 3025 1998 ’καὶ
3069 1923 3408 2017 ⁷κρεμασθεῖς
3462 1940 3551 1998 ἐπὶ
3610 1941 3808 2016 ξύλου,

396 2030 750 2102 depectitur,
779 2038 837 2088 et
866 2032 927 2086 in
958 2049 1190 2087 aeneum
1215 2032 1431 2087 ardens
1453 2030 1762 2104 grabatum
1788 2028 2048 2099 imponi-

394 2125 512 2177 tur.
541 2123 684 2177 Cum
716 2139 853 2177 vero
885 2121 1038 2194 ignis
1071 2123 1132 2176 in
1163 2139 1359 2177 rorem
1381 2125 1844 2180 converteretur.
1872 2117 2045 2178 multi

400 2209 738 2267 infidelium
770 2228 838 2266 eo
869 2211 1159 2268 miraculo
1191 2211 1474 2283 perculsi,
1507 2211 1569 2265 in
1599 2210 1897 2267 Christum
1925 2223 2046 2264 cre-

399 2301 624 2358 didere.
659 2303 798 2359 Post
827 2303 950 2358 hinc
983 2302 1242 2374 crepidis
1273 2302 1451 2358 clavis
1481 2302 1774 2363 conﬁxus,
1797 2305 1856 2356 et
1877 2299 2046 2370 equis

393 2390 702 2447 indomitis
725 2391 1024 2463 alligatus,
1047 2391 1391 2464 compulsus
1415 2397 1504 2446 est
1523 2389 1840 2462 praesidem
1868 2388 1928 2442 in
1953 2404 2046 2443 ur-

397 2479 532 2536 bem
549 2485 936 2536 Caneotarum
957 2481 1434 2553 progredientem
1450 2496 1628 2535 cursu
1643 2478 2045 2550 assequi,cum

396 2569 660 2624 triduum
695 2570 943 2642 jejunus
971 2571 1314 2627 mansisset.
1347 2570 1653 2624 Postremo
1680 2568 1742 2623 in
1765 2565 2044 2639 quaestio-

394 2673 534 2714 nem
564 2659 780 2714 iterum
807 2665 1068 2729 vocatus,
1101 2675 1237 2715 cum
1264 2658 1564 2716 Christum
1586 2656 1771 2712 libere
1795 2655 2042 2711 conﬁte-

393 2753 579 2818 retur,
613 2749 804 2822 capite
833 2749 1043 2821 plexus
1069 2755 1178 2806 est.

687 2887 756 2941 Et
785 2892 1057 2942 certamen
1088 2884 1270 2940 sancti
1296 2885 1454 2940 Iuda:
1480 2883 1739 2954 apostoli.

461 3010 778 3083 Apostolus
809 3009 1024 3068 Christi
1053 3010 1254 3075 Judas,
1286 3025 1464 3080 quem
1493 3008 1605 3064 hoc
1633 3006 1878 3063 nomine
1905 3020 2044 3060 san-

387 3106 518 3156 ctus
548 3101 855 3173 apostolus
887 3105 945 3155 et
974 3099 1350 3172 Evangelista
1370 3099 1554 3154 Lucas
1576 3098 1637 3153 in
1664 3096 1826 3153 Actis
1844 3093 2019 3168 appel

383 3191 468 3247 lat
484 3194 541 3261 (a
553 3189 800 3263 reliquis
815 3207 950 3246 vero
974 3190 1260 3263 apostolis
1277 3195 1334 3245 et
1354 3188 1730 3261 evangelistis
1744 3186 2042 3246 Matthaao,

2150 2028 2360 2102 ἐξὲσθη,
2390 2030 2481 2086 καὶ
2533 2029 2621 2086 ἐπὶ
2667 2025 2979 2106 κραϐϐάτου
3029 2031 3246 2106 χαλκοῦ
3294 2034 3805 2108 πεπυρακτωμένου

2153 2116 2326 2190 ἐτέθη.
2404 2115 2853 2191 Μεταϐληθὲντος
2932 2117 2990 2176 δέ
3063 2125 3160 2176 τοῦ
3215 2122 3388 2198 πυρὸς
3446 2120 3525 2184 εἲς
3585 2118 3786 2196 δρόσον

2151 2206 2358 2264 πολλοὶ
2387 2215 2496 2266 τῶν
2556 2210 2796 2268 ἀπίστων
2849 2212 3300 2288 καταπλαγέντες,
3357 2211 3668 2268 ἐπίστευσαν
3727 2212 3810 2277 εἷς

2152 2299 2415 2372 Χριστόν.
2451 2299 2548 2355 Καὶ
2603 2302 2738 2374 μετὰ
2784 2305 2950 2356 ταῦτα
3003 2307 3233 2377 κρηπῖσι
3291 2301 3654 2374 καθηλωθείς,
3711 2303 3811 2358 καὶ

2149 2387 2342 2452 ’ἱπποις
2383 2393 2527 2453 νὲοις
2585 2387 2929 2467 προσδεθεὶς,
2986 2391 3304 2467 ἠναγκάσθη
3353 2390 3668 2469 συντρέχειν
3728 2397 3818 2465 τῷ

2149 2478 2407 2553 ἡγεμόνι,
2493 2479 2582 2536 ἐπὶ
2665 2482 2764 2551 τὴν
2849 2485 3148 2538 Κανεωτῶν
3248 2479 3412 2538 πόλιν
3489 2480 3811 2554 ἐλαύνοντι,

2149 2567 2332 2634 ἄσιτος
2367 2569 2648 2646 διαμείνας
2699 2571 2787 2628 ἐπὶ
2831 2573 3006 2650 τρισὶν
3055 2574 3313 2648 ἡμέραις.
3361 2574 3456 2629 Καὶ
3509 2572 3675 2628 πάλιν
3730 2573 3813 2637 είς

2149 2658 2387 2732 ἐξέτασιν
2417 2661 2629 2738 ἀχθεὶς,
2659 2663 2750 2718 καὶ
2807 2663 2898 2718 τὸν
2956 2663 3190 2737 Χριστὸν
3252 2659 3606 2738 ὁμολογήσας
3661 2663 3814 2740 παῤ-

2151 2749 2334 2826 ῥησίᾳ,
2366 2749 2580 2827 ἐτμήθη
2610 2755 2712 2823 τὴν
2744 2752 3012 2830 κεφαλήν.

2354 2877 2452 2932 Καὶ
2483 2877 2714 2950 ἄθλησις
2752 2881 2846 2933 τοῦ
2878 2877 3030 2933 ὁσίου
3057 2875 3370 2934 ἀποστόλου
3403 2875 3605 2938 Ἰούδα.

2220 2994 2432 3060 Ἰούδας
2464 2996 2492 3050 6
2522 2999 2620 3051 τοῦ
2671 2997 2914 3071 Χριστοῦ
2962 2994 3293 3066 ἀπόστολος,
3321 2996 3349 3051 ὁ
3379 2995 3526 3072 παρᾶ
3577 2995 3671 3070 μὶν
3720 2995 3806 3069 τῷ

2145 3090 2290 3167 ἁγίῳ
2319 3084 2614 3159 ἀποστόλῳ
2643 3084 2732 3141 καὶ
2769 3082 3132 3161 εὐαγγελιστῇ
3181 3091 3364 3142 Λουκᾶ
3392 3083 3446 3142 ἐν
3475 3091 3594 3148 ταῖς
3649 3087 3808 3159 Πρά-

2144 3179 2252 3250 ξεσι
2338 3173 2546 3238 Ἰούδας
2632 3173 3036 3248 ὀνομαζόμενος
3089 3175 3257 3250 (παρὰ
3308 3172 3366 3230 δέ
3417 3180 3533 3238 τοῖς
3589 3175 3807 3251 ἑτέροις

386 3285 446 3336 et
475 3283 666 3337 Marco
698 3279 1027 3337 Thaddmus
1072 3279 1348 3350 dicitur;)
1402 3278 1636 3334 Domini
1684 3275 2035 3332 nostriJesu

2149 3265 2483 3329 ἂποστόλοις
2513 3264 2604 3321 καὶ
2661 3263 3071 3340 εὐαγγελισταῖς
3132 3266 3396 3338 Ματθαιῳ
3450 3265 3541 3320 καὶ
3591 3273 3811 3343 Μαρκῳ

389 3370 605 3426 Christi
639 3371 966 3427 secundum
999 3386 1238 3426 carnem
1269 3369 1453 3424 frater
1498 3367 1630 3434 fuit,
1680 3370 1884 3438 utpote
1933 3365 2036 3436 qui

385 3459 625 3532 Iosephi
650 3461 859 3532 Sponsi
883 3460 1039 3516 illius
1059 3465 1203 3528 erat,
1227 3459 1410 3514 frater
1429 3463 1627 3514 autem
1647 3455 1847 3512 Jacobi
1869 3455 2041 3510 Adel-

389 3549 674 3620 phothei:
708 3551 809 3621 qui
836 3556 894 3606 et
923 3550 1053 3606 luce
1100 3549 1340 3621 plenam
1391 3547 1796 3619 doctrinisque
1851 3547 2039 3602 sancti

391 3637 643 3708 Spiritus
673 3639 952 3693 refertam
984 3638 1307 3709 Epistolam
1329 3638 1403 3693 ad
1425 3653 1632 3693 omnes
1649 3637 1903 3708 scripsit.
1934 3636 2038 3691 Hic

389 3727 463 3781 ab
495 3727 623 3797 ipso
653 3728 883 3782 Christo
915 3728 1247 3792 roboratus,
1282 3732 1341 3781 et
1378 3732 1582 3782 sancto
1636 3725 1856 3798 Spiritu
1911 3725 2035 3797 ple-

387 3831 501 3868 nus
527 3831 766 3869 omnem
788 3816 1096 3886 dissipavit
1126 3819 1478 3880 errorem,et
1495 3816 1805 3870 universos
1828 3815 2034 3870 fideles

383 3901 940 3960 illuminavit.Cum
998 3910 1192 3958 autem
1245 3905 1306 3956 in
1354 3903 1504 3958 188
1549 3903 2032 3974 Mesopotamiam

383 3991 666 4061 venisset,
701 3999 759 4046 et
803 3993 1182 4063 Evangelium
1237 3991 1643 4064 promulgans,
1693 3991 2031 4062 complures

380 4081 658 4137 infideles
681 4083 753 4138 ad
776 4082 1091 4138 Dominum
1115 4082 1502 4138 convertisset
1527 4082 1803 4137 Edessam
1821 4082 2028 4137 urbem

381 4171 702 4244 profectus,
737 4174 1032 4246 Abgarum
1061 4172 1426 4244 Toparcham
1453 4171 1658 4227 morbo
1683 4171 2026 4226 sublevavit.

382 4264 687 4318 Postremo
720 4265 858 4318 Arat
897 4263 1105 4318 urbem
1163 4262 1380 4334 petiit:
1427 4262 1628 4333 ibique
1677 4261 1738 4317 in
1792 4277 2027 4318 crucem

379 4359 550 4410 actus
582 4353 833 4426 telisque
864 4352 1196 4421 confossus,
1229 4352 1457 4408 vivendi
1493 4352 1667 4408 ﬁnem
1695 4351 1860 4408 fecit.

2149 3354 2459 3429 Θαδδαῖος),
2493 3352 2726 3432 ἀδελφὸς
2777 3354 2996 3430 ὑπῆρχε
3050 3354 3188 3409 κατὰ
3243 3352 3412 3431 σάρκα
3458 3358 3555 3410 τοῦ
3600 3357 3810 3431 Κυρίου

2148 3451 2310 3522 ἡμῶν
2351 3448 2534 3518 Ἰησοῦ
2563 3445 2820 3520 Χριστοῦ,
2855 3444 2930 3508 ὡς
2978 3441 3052 3499 ὢν
3112 3443 3230 3508 υἱὸς
3289 3445 3383 3518 μὶν
3445 3445 3644 3521 Ἰωσήφ
3702 3448 3812 3500 τοῦ

2154 3538 2482 3612 μνήστορος,
2538 3531 2773 3608 ἀδελφὸς
2830 3529 2888 3587 δὲ
2945 3527 3211 3588 Ἰακώϐου
3266 3537 3363 3588 τοῦ
3441 3529 3806 3609 ἆδελφοθέου·

2151 3627 2180 3682 6
2217 3625 2306 3681 καὶ
2345 3625 2444 3694 τὴν
2505 3623 2836 3703 φωτιστικὴν
2896 3619 2987 3676 καί
3045 3619 3338 3697 δογμάτων
3386 3619 3642 3695 ἔμπλεων
3703 3627 3811 3679 τοῦ

2146 3717 2299 3794 ἁγίου
2386 3713 2701 3789 Πνεύματος
2783 3714 2974 3768 ἅπασιν
3058 3711 3367 3776 ἐπιστείλας
3472 3711 3808 3786 ἐπιστολήν.

2145 3807 2320 3868 Οὗτος
2376 3806 2506 3881 παρ’
2563 3802 2728 3859 αὐτοῦ
2784 3807 2879 3858 τοῦ
2938 3800 3174 3878 Χριστοῦ
3246 3799 3646 3876 ἐνδυναμωθείς
3705 3804 3808 3859 καὶ

2143 3894 2366 3970 πλήρης
2392 3897 2488 3950 τοῦ
2519 3894 2674 3969 ἁγίου
2721 3891 3010 3968 γενόμενος
3063 3892 3399 3966 Πνεύματος,
3457 3897 3630 3947 πᾶσαν
3695 3894 3800 3966 μὲν

2137 3987 2238 4054 τήν
2271 3985 2482 4054 πλάνην
2513 3983 2757 4060 ἠφάνισε·
2819 3981 3021 4044 πάντας
3080 3980 3138 4036 δέ
3195 3981 3321 4044 τοὺς
3377 3981 3603 4044 πιστοὺς
3659 4003 3802 4038 κατ-

2139 4077 2419 4154 εφώτισεν.
2453 4071 2738 4136 Ἀπελθὼν
2790 4069 2881 4126 οῦν
2926 4073 3015 4127 καὶ
3067 4071 3141 4133 εἷς
3194 4073 3643 4145 Μεσοποταμίαν,
3700 4073 3803 4128 καὶ

2137 4163 2372 4238 κηρύξας
2406 4163 2469 4218 τὸ
2523 4160 2879 4235 Εύαγγὲλιον,
2937 4159 3027 4214 καὶ
3083 4159 3329 4222 πολλοὺς
3385 4165 3492 4216 τῶν
3547 4161 3806 4216 ἀπίστων

2138 4255 2461 4328 ἐπιστρέψας
2488 4251 2626 4328 πρὸς
2686 4251 2775 4305 τὸν
2830 4250 3046 4324 Κύριον,
3097 4247 3421 4321 ἀπεδήμησε
3451 4249 3693 4311 καὶτοῖς
3743 4251 3801 4306 ἐν

2135 4341 2361 4418 Ἐδέσσῃ
2394 4341 2574 4397 πόλει·
2627 4340 2720 4396 καὶ
2773 4339 2912 4414 πρὸς
2957 4336 3203 4415 Αῦγαρον
3251 4338 3540 4414 τοπάρχην
3586 4359 3806 4413 πορευ-

383 4444 516 4511 Θεῖς,
551 4441 896 4518 ἐθεράπευσεν
927 4440 1085 4498 αὐτὸν
1120 4439 1226 4496 ἀπὸ
1254 4447 1357 4511 τῆς
1386 4441 1560 4498 νόσου,
1599 4441 1731 4495 Εἶτα
1785 4433 2112 4494 καταλαϐὼν
2173 4432 2332 4508 Ἀράτ
2389 4433 2490 4502 τὴν
2549 4429 2736 4500 πόλιν,
2794 4429 2885 4484 καὶ
2940 4429 3289 4503 παυρωθεῖς,
3346 4429 3436 4484 καῖ
3490 4428 3806 4500 τοξευθεὶς,

379 4530 695 4602 ἐτελειώθη.

933 4660 1173 4716 EODEM
1212 4659 1466 4716 MENSE.

975 4749 1078 4805 Die
1112 4750 1410 4806 vicesima.

385 4836 665 4893 Certamen
722 4837 1068 4964 sacrosancti;
1111 4840 1375 4963 zmartyris
1456 4835 1726 4894 Methodii
1784 4836 2027 4907 episcopi

1071 4927 1106 4964 a
1134 4925 1376 4964 ararum.

1071 4925 1356 4964 atarorum
1365 4951 1376 4965 .

455 5040 785 5096 Methodius
805 5041 1021 5097 Christi
1065 5048 1480 5113 sacromartyr,
1509 5043 1581 5098 ab
1631 5043 1882 5100 infantia
1913 5045 2025 5100 Deo

383 5129 731 5185 honorabile
753 5146 851 5184 vas
875 5129 1139 5200 seipsum
1162 5131 1546 5198 consecravit,
1573 5131 1752 5186 divini
1776 5133 2029 5204 Spiritus

381 5219 820 5290 receptaculum
839 5219 1244 5284 factus.Quare
1260 5219 1362 5273 Dei
1382 5221 1660 5288 suffragio
1679 5223 2026 5290 pontiﬁcatu

381 5310 594 5382 dignus
635 5309 880 5362 effectus
940 5313 1064 5362 est:
1123 5315 1475 5380 creatusque
1536 5310 1873 5364 Patarensis
1928 5325 2024 5364 ec‘

379 5398 574 5454 clesiaa
633 5397 966 5468 episcopus,
1021 5411 1257 5468 gregem
1343 5413 1517 5452 suum
1575 5398 1797 5468 Optime
1857 5397 2024 5452 rexit.

379 5487 740 5543 Gliscentem
773 5491 971 5540 autem
1003 5485 1272 5557 Origenis
1319 5486 1594 5541 haeresim
1649 5501 1919 5547 cernens.
1961 5491 2028 5541 ut

380 5577 639 5648 optimus
673 5581 892 5648 pastor,
925 5573 1126 5629 divino
1174 5574 1546 5646 elequiorum
1598 5591 1841 5630 suorum
1891 5575 2026 5646 igne

381 5666 667 5722 incendit.
702 5663 815 5720 Sed
846 5680 980 5719 curn
1009 5662 1288 5720 inimicus
1316 5663 1586 5722 diabolus
1613 5666 1743 5738 ejus
1781 5664 2026 5722 liberta-

378 5762 498 5813 tem
530 5762 586 5812 et
613 5754 1009 5812 constantiam
1039 5752 1193 5809 ferre
1217 5771 1337 5811 non
1358 5755 1871 5828 posset,satellites
1885 5771 2022 5813 suos

2056 4630 2104 4696 D

2689 4644 2876 4701 MHNI
2916 4645 3007 4701 ΤΩ
3043 4646 3236 4702 ΑΠὮ.

2934 4735 2986 4790 Κ.

2132 4835 2401 4908 Ἀθλησις
2499 4837 2598 4890 τοῦ
2642 4903 2656 4908 Α
2707 4833 2861 4908 ὁσίου
2993 4833 3386 4908 ἱεροῃμάρτυρος

2640 4903 2941 4960 ἐπισκόπου
2973 4903 3150 4979 Πατάρ
3159 4903 3253 4960 ὼν.

3500 4830 3799 4897 Μεθοδίου

2207 5043 2476 5108 Μεθόδιος
2519 5041 2548 5096 6
2607 5043 2704 5095 τοῦ
2753 5042 2990 5114 Χριστοῦ
3046 5038 3372 5115 ἱερομάρτυς
3434 5038 3493 5094 ἐκ
3547 5038 3805 5118 βρέφους

2135 5134 2322 5190 ἑαυτὸν
2354 5136 2432 5204 τῷ
2461 5135 2578 5201 Θεῷ
2635 5129 2871 5191 ἀναθεὶς,
2922 5133 3109 5190 σκεῦος
3153 5129 3360 5202 τίμιον,
3413 5129 3501 5184 καὶ
3559 5126 3805 5205 δοχεῖον

2134 5227 2229 5278 τοῦ
2262 5220 2408 5286 θείου
2445 5218 2754 5290 Πνεύματος
2785 5217 3033 5292 γέγονεν.
3088 5217 3247 5280 Ὅθεν
3299 5221 3387 5273 καὶ
3437 5217 3604 5294 ψήφῷ
3651 5225 3813 5276 Θεοῦ

2133 5319 2236 5380 τῆς
2291 5307 2708 5385 ἀρχιερωσύνης
2762 5305 3036 5379 ἀξιωθεὶς,
3093 5308 3182 5362 καὶ
3239 5314 3339 5376 τῆς
3393 5305 3446 5362 ἐν
3519 5309 3814 5384 Πατάροις

2134 5399 2430 5471 ἐκκλησίας
2487 5395 2785 5458 ἐπίσκοπος
2840 5395 3102 5471 γεγονὼς,
3165 5395 3352 5461 καλῶς
3410 5395 3674 5469 ἐποίμανε
3742 5402 3817 5455 τὸ

2133 5489 2391 5563 ποίμνιον
2448 5487 2661 5544 ἑαυτοῦ.
2725 5485 2819 5541 Διὸ
2875 5483 2967 5539 καὶ
3023 5487 3125 5555 τήν
3195 5486 3506 5561 Ὠριγενους
3579 5485 3812 5560 αἵρεσιν

2133 5579 2538 5648 πλεονάζουσαν
2601 5575 2756 5646 ίδὼν,
2817 5573 2894 5639 ὡς
2949 5575 3169 5650 ἄριστος
3249 5577 3462 5649 ποιμήν
3516 5580 3598 5648 τῷ
3654 5580 3815 5652 θείῳ

2131 5671 2261 5744 πυρὶ
2289 5673 2396 5723 τῶν
2425 5667 2590 5724 αὐτοῦ
2649 5664 2828 5740 λόγων
2877 5664 3188 5741 κατέφλεξε.
3239 5667 3341 5723 Καὶ
3401 5668 3478 5739 μὴ
3538 5667 3732 5744 φέρων
3775 5669 3809 5725 ὁ

2133 5759 2330 5836 ἐχθρὸς
2359 5752 2620 5820 διάϐολος
2657 5757 2756 5826 τὴν
2789 5753 2954 5812 αὐτοῦ
2983 5753 3317 5831 παρῥησίαν,
3370 5755 3462 5812 καὶ
3504 5753 3799 5834 ἔνστασιν,
