4086 6204
295 355 408 416 507
1607 347 1973 411 MENOLOG

2086 348 2286 412 PARS
2332 349 2439 413 Πῐ.
3586 353 3704 412 508

297 492 487 548 Zeuas
517 507 653 546 vero
683 490 814 561 ejus
853 503 1074 544 servus.
1131 487 1288 542 Zeno
1343 490 1545 543 autem
1591 485 1943 558 martyrium

2086 483 2123 540 Ο
2181 482 2276 556 μὶν
2330 484 2516 554 Ζήνων
2577 485 2915 560 στρατιώτης
2967 478 3068 554 ὥν,
3124 483 3153 539 ὃ
3211 481 3270 538 δδ
3313 485 3484 553 Ζηνᾶς
3517 480 3717 548 δοῦλος

298 599 407 655 pro
467 582 702 638 Christo
760 580 1142 635 vehementer
1205 576 1574 635 desiderans.
1633 582 1948 648 postquam

299 689 508 728 omnes
535 670 849 727 facultates
883 686 1020 724 suas
1059 669 1119 723 in
1143 683 1435 740 pauperes
1461 665 1954 730 distribuisset,et

303 778 499 818 servos
531 778 667 815 suos
700 759 972 813 libertate
999 757 1442 818 donassetcum
1467 756 1592 811 solo
1618 756 1772 811 Zena
1803 769 1956 826 prm-

303 850 488 905 sidem
521 847 836 904 Maximum
870 847 1017 903 adiit
1049 865 1062 915 ;
1097 864 1353 918 cumque
1384 862 1582 902 coram
1619 845 1722 899 illo
1754 843 1954 898 stetis-

307 945 414 1000 set.
447 937 740 992 Christum
777 937 1083 992 confessus
1121 939 1522 992 est.Extensus
1553 935 1753 1006 itaque
1778 948 1957 1004 super

307 1025 875 1098 terram,ﬂagrisque
910 1042 1098 1081 caesus
1127 1026 1306 1080 allata
1337 1042 1472 1080 mox
1487 1041 1622 1086 ara,
1644 1022 1954 1078 immolare

307 1115 642 1182 cogebatur.
683 1117 894 1170 Verum
929 1115 1190 1170 calcibus
1241 1115 1403 1169 illam
1458 1114 1667 1168 evertit
1699 1154 1711 1166 .
1747 1127 1952 1183 quam-

307 1205 512 1260 obrem
548 1205 607 1259 in
639 1205 960 1276 eq:.uleum
999 1202 1678 1277 suspensus,crudeliter
1697 1200 1956 1272 depecti-

307 1301 422 1352 tur.
457 1294 678 1350 Deinde
715 1295 1024 1365 conjectus
1056 1294 1115 1348 in
1150 1292 1686 1348 carcerem.t’erreis
1709 1288 1958 1345 vinculis

309 1385 756 1454 constringitur.
789 1384 1088 1438 Accedens
1134 1391 1334 1439 autem
1385 1389 1443 1437 et
1473 1383 1674 1443 Zenas.
1725 1378 1961 1434 vincula

311 1475 440 1544 ejus
470 1472 1120 1538 deosculabatur.Quod
1154 1479 1218 1528 ut
1250 1472 1485 1528 rescivit
1516 1468 1962 1543 prmses,jussit

312 1562 507 1634 ipsum
536 1578 656 1617 una
669 1562 1117 1617 vinciri.Postea
1138 1561 1345 1618 ambos
1379 1577 1410 1616 e
1433 1575 1669 1618 carcere
1692 1557 1960 1622 eduetos,

312 1652 615 1709 mandavit
639 1653 830 1723 capite
863 1651 1064 1724 plecti.

2061 569 2248 628 αὐτοῦ.
2316 571 2413 629 Καὶ
2475 574 2503 629 ὁ
2559 575 2746 644 Ζήνων
2808 572 3091 647 ἐπιθυμῶν
3145 576 3242 628 τοῦ
3327 570 3417 628 διὰ
3471 575 3713 647 Χριστὸν

2066 664 2389 736 μαρτυρίου,
2434 667 2605 719 πᾶσαν
2661 663 2827 719 αὐτοῦ
2882 665 2982 733 τήν
3044 662 3355 738 περιουσίαν
3417 663 3718 736 σκορπίσας

2064 748 2140 812 εἷς
2168 751 2296 814 τοὺς
2355 753 2640 828 πτωχοὺς,
2700 752 2789 809 καὶ
2841 752 2968 816 τοὺς
3029 750 3264 816 δούλους
3322 751 3714 827 ἐλευθερώσας,

2067 841 2204 914 μετὰ
2233 845 2330 896 τοῦ
2359 846 2506 912 Ζηνᾶ
2539 843 2709 915 μόνου
2767 844 3088 919 παρεγένετο
3137 842 3273 918 πρὸς
3327 843 3420 897 τὸν
3472 843 3722 918 ἡγεμόνα

2066 931 2345 1004 Μάξιμον,
2409 933 2500 987 καὶ
2561 932 2710 1005 αὐτῷ
2789 931 3142 1006 ἐμφανισθεὶς
3216 930 3553 1006 ὡμολόγησε
3624 931 3716 987 τὸν

2067 1017 2320 1094 Χριστόνο
2351 1021 2440 1076 καὶ
2468 1018 2747 1084 ἆπλωθεὶς
2787 1021 2876 1077 ἐπὶ
2905 1023 3006 1091 την
3046 1024 3171 1097 γῆν,
3232 1021 3509 1079 ἐτύπτετο.
3544 1027 3724 1095 Προσ-

2068 1110 2378 1185 ενεχθὲντος
2435 1107 2493 1166 δὲ
2581 1112 2776 1184 βωμοῦ
2835 1112 3172 1187 ἠναγκάζετο
3227 1109 3474 1174 ἐπιθῦσαι
3547 1110 3720 1182 αὐτῷ’

2068 1198 2132 1254 ὐ
2182 1196 2240 1253 δὲ
2301 1198 2561 1262 λακτίσας
2619 1201 2780 1256 αὐτὸν
2827 1201 3104 1275 ἀνέτρεψε.
3161 1200 3257 1255 Διᾶ
3309 1203 3469 1255 τοῦτο
3516 1219 3726 1275 κρεμα-

2070 1289 2214 1349 σθεὶς
2269 1291 2443 1361 {tam
2503 1287 2757 1367 ἀφειδῶςο
2817 1291 2906 1345 καὶ
2969 1290 3103 1363 μετὰ
3184 1289 3351 1345 ταῦτα
3411 1288 3608 1368 ἐρρίφη
3671 1288 3724 1343 ἐν

2070 1375 2564 1453 φυλακῇ,δεσμοῖς
2595 1376 2766 1442 δεθείς
2800 1375 3076 1455 σιδηροῖς.
3140 1377 3374 1442 Εἰσῆλθε
3433 1375 3490 1432 δὲ
3547 1376 3638 1431 καὶ
3694 1378 3724 1432 ὁ

2071 1471 2268 1536 Ζηνᾶς,
2301 1467 2390 1522 καὶ
2444 1468 2725 1546 κατεφίλει
2781 1468 2947 1524 αὐτοῦ
3002 1468 3068 1524 τὰ
3122 1465 3314 1540 δεσμά.
3378 1466 3474 1522 Καὶ
3537 1466 3725 1540 μαθὼν

2071 1559 2233 1612 τοῦτο
2285 1557 2313 1612 ὁ
2371 1559 2620 1632 ἡγεμὼν,
2679 1556 2929 1615 ἐκέλευσε
3005 1558 3093 1613 καὶ
3155 1556 3316 1612 αὐτὸν
3409 1553 3728 1624 ωνὸεθῆναι

2073 1643 2244 1719 αὒτῷ.
2299 1647 2432 1703 Εἶτα
2499 1649 2598 1717 τῆς
2685 1645 2937 1723 φυλακῆς
3021 1647 3368 1726 ἀμφοτέρους
3450 1641 3728 1719 ἐκϐαλὼν,

2075 1736 2489 1815 ἀπεκεφάλισεν.

313 1849 380 1906 Et
409 1857 684 1908 certamen
713 1851 890 1906 sancti
918 1850 1182 1921 martyris
1205 1847 1498 1911 An’stoclis
1555 1853 1609 1904 et
1663 1849 1953 1904 sociorum.

2086 1862 2164 1921 ἰαί
2197 1863 2430 1937 ἄθλησις
2484 1867 2582 1921 τοῦ
2635 1863 2790 1954 ἁγίου
2822 1865 3097 1960 μάρτυροε
3151 1859 3578 1940 Ἀριστοκλίους
3625 1861 3720 1920 καὶ

389 2045 637 2102 Sanctus
661 2045 983 2103 Aristocles
1015 2051 1138 2104 erat
1172 2063 1240 2102 ex
1275 2047 1486 2120 Cypro,
1546 2044 1649 2102 Dei
1699 2043 1966 2101 ecclesias

316 2134 644 2207 presbyter.
679 2137 1015 2208 Imperante
1047 2142 1248 2192 autem
1288 2134 1642 2191 Maximiano
1665 2149 1800 2189 cum
1832 2148 1964 2205 per-

319 2225 687 2282 secutionem
711 2227 1036 2286 timeret.in
1060 2231 1324 2282 montem
1357 2224 1674 2298 quemdam
1721 2239 1785 2278 se
1828 2237 1968 2276 con-

320 2315 476 2381 tulit,
511 2323 570 2370 et
599 2316 658 2371 iu
686 2317 1031 2389 speluncam
1067 2333 1129 2373 se
1151 2315 1417 2372 abdidit:
1447 2315 1545 2372 ubi
1579 2331 1713 2371 cum
1751 2317 1966 2378 oraret,

319 2403 542 2460 audivit
572 2423 776 2462 vocem
835 2423 866 2463 e
912 2407 1060 2463 cmlo
1109 2407 1219 2462 sibi
1279 2405 1744 2478 praecipientem,
1789 2409 1857 2460 ut
1906 2403 1969 2458 in

321 2495 700 2568 metropolim
731 2496 923 2552 abiret
951 2503 1011 2553 et
1036 2496 1160 2552 illic
1191 2503 1492 2551 certamen
1527 2493 1794 2566 martyrii
1817 2492 1971 2549 subi-

317 2588 407 2638 ret
461 2584 605 2639 Cum
659 2584 861 2656 itaque
893 2585 965 2640 ad
997 2591 1155 2641 aedes
1186 2585 1374 2641 sancti
1409 2585 1660 2656 apostoli
1695 2581 1977 2639 Barnabas

320 2672 714 2742 pervenisset,
749 2673 1071 2744 assumpsit
1101 2674 1544 2729 Demetrianum
1578 2673 1986 2728 diaconumet

323 2758 712 2814 Athanasium
751 2760 1216 2832 lectorem,apud
1238 2777 1388 2832 quos
1403 2757 1976 2832 exceptushospitio,

323 2848 584 2904 narravit
605 2848 723 2904 illis
757 2866 888 2920 quas
922 2848 1034 2903 sibi
1057 2849 1117 2904 in
1149 2850 1374 2904 visione
1405 2847 1972 2922 contigerantAcci-

325 2935 498 3006 piens
531 2951 665 3007 ergo
698 2935 859 3006 ipsos
893 2935 1127 2991 itineris
1158 2935 1656 3003 comites,abiitin
1678 2942 1974 3008 metropoo

322 3021 428 3077 lim
455 3022 528 3078 ad
560 3023 929 3094 praasidem:
979 3031 1037 3079 et
1095 3025 1392 3080 Christum
1452 3025 1779 3093 confessus,
1842 3039 1976 3079 cum

325 3113 502 3168 sociis
529 3112 654 3168 suis
687 3130 747 3168 in
784 3129 1082 3169 carcerem
1117 3113 1456 3170 detruditur
1508 3117 1634 3169 Mox
1686 3114 1813 3185 ipse
1844 3113 1979 3184 qui-

2685 1940 2794 1993 τῶν
2824 1940 2917 1993 σὺν
2952 1940 3117 2010 αὐτῷ.

2143 2047 2201 2104 Ὁ
2247 2046 2342 2120 μὶν
2376 2046 2532 2124 ἅγιος
2566 2045 2933 2123 ’Δριστοκλῆς
2962 2047 3209 2122 ὑπῆρχεν
3242 2043 3302 2102 ἐκ
3329 2051 3431 2115 τῆς
3468 2042 3721 2120 Κύπρου,

2073 2129 2445 2210 πρεσϐύτερος
2483 2143 2585 2205 τῆς
2615 2139 2714 2192 τοῦ
2773 2141 2907 2193 Θεοῦ
2965 2134 3282 2206 ἐκκλησίας.
3340 2135 3465 2192 Ἐπὶ
3519 2131 3577 2189 δὶ
3623 2140 3729 2204 τῆς

2079 2222 2364 2301 βασιλείας
2423 2227 2790 2299 Μαξεμιανοῦ,
2843 2225 2941 2282 τὸν
3023 2222 3268 2300 διωγμὸν
3354 2217 3726 2298 φοϐούμενος,

2077 2313 2321 2380 ἀνελθὼν
2353 2315 2405 2371 ἐν
2437 2312 2551 2390 ὄρει
2582 2313 3034 2388 τινὶ,ἔκρύπτετο
3091 2313 3144 2370 ἐν
3197 2317 3278 2386 τῷ
3328 2311 3610 2383 σπηλαίῳ,
3669 2309 3724 2366 ιν

2076 2404 2123 2478 ᾧ
2155 2405 2600 2480 προσευχόμενος
2630 2407 2833 2476 ἤκουσε
2863 2409 3050 2482 φωνῆς
3096 2405 3146 2478 ἐξ
3201 2403 3435 2475 οὐρανοῦ
3463 2399 3728 2458 κελευού-

2079 2515 2180 2564 σης
2217 2494 2378 2550 αὐτὸν
2409 2493 2664 2558 ἀπελθεῖν
2713 2494 2789 2558 είς
2847 2496 2948 2563 τήν
3011 2489 3380 2568 ματρόπολιν,
3429 2490 3586 2547 κάκεῖ
3641 2486 3726 2546 δι-

2077 2587 2442 2660 αγωνίσασθαι
2471 2586 2534 2641 τὸ
2567 2583 2895 2661 μαρτύριον.
2940 2583 3034 2641 Καὶ
3067 2583 3270 2662 φθάσας
3321 2581 3397 2646 εἷς
3428 2584 3520 2638 τὸν
3573 2580 3724 2636 οἶκον

2077 2678 2174 2730 τοῦ
2205 2675 2361 2751 ἁγίου
2413 2674 2724 2731 ἀποστόλου
2775 2670 3050 2750 Βαρνάϐα,
3099 2670 3367 2731 κατέλαϐε
3420 2675 3513 2729 τὸν
3549 2669 3733 2728 διάκο-

2078 2785 2170 2820 νον
2221 2766 2632 2837 Δημητριανὸν,
2688 2763 2778 2820 καὶ
2833 2767 2924 2822 τὸν
2983 2764 3327 2840 ἀναγνώστην
3390 2764 3729 2830 Ἀθανάσιον,

2077 2854 2168 2910 καὶ
2201 2856 2329 2928 παρ’
2385 2855 2560 2910 αὐτῶν
2613 2856 2893 2924 ξενισθεὶς,
2947 2851 3249 2931 διηγήσατο
3307 2854 3493 2916 αὐτοῖς
3553 2853 3732 2907 «me

2078 2945 2145 3000 τὰ
2173 2950 2273 3012 τῆς
2305 2943 2581 3007 ὀπτασίας.
2620 2945 2716 2999 Καὶ
2753 2939 2940 3000 Λαϐὼν
2994 2945 3084 2999 καὶ
3144 2943 3339 3003 αὐτοὺς
3391 2939 3726 2998 συνοδοιπό-

2083 3054 2229 3109 ρους,
2257 3033 2499 3102 ἀπῆλθεν
2533 3032 2611 3096 είς
2641 3035 2742 3101 τήν
2778 3031 3124 3106 μητρόπολιν
3159 3033 3296 3108 πρὸς
3333 3033 3424 3089 τὸν
3455 3032 3726 3108 ἡγεμόνα.

2082 3123 2178 3179 Καὶ
2207 3125 2298 3180 τὸν
2357 3125 2588 3195 Χριστὸν
2648 3123 3003 3199 ὁμολογήσας
3060 3122 3386 3195 ἀπεκλείσθη
3453 3123 3586 3195 μετᾶ
3626 3129 3727 3190 τῆς

323 3201 458 3257 dem
491 3203 681 3272 capite
705 3201 1017 3274 plectitur:
1043 3205 1454 3260 Demetrianus
1482 3222 1615 3260 vero
1642 3206 1973 3261 etAthaua-

2087 3212 2330 3276 συνοδίας
2361 3214 2530 3270 αὐτοῦ
2561 3213 2613 3270 ἐν
2641 3218 2708 3288 τῇ
2759 3213 2997 3291 φυλακῇ.
3051 3213 3147 3270 Καὶ
3200 3215 3336 3286 μετα
3361 3213 3530 3268 ταῦτα
3564 3212 3728 3273 αὐτὸς

325 3291 448 3346 sius
476 3291 594 3364 igni
625 3293 846 3353 traditi.
899 3310 1032 3350 cum
1086 3295 1225 3352 inde
1285 3295 1459 3351 illaesi
1518 3296 1822 3361 exiissent,
1856 3294 1970 3367 ipsi

325 3396 563 3453 quoque
596 3381 991 3441 decollantur.

399 3625 548 3683 ιιι
583 3627 652 3684 Et
680 3634 955 3686 certamen
1010 3629 1192 3714 sancti
1244 3627 1511 3700 martyris
1542 3628 1823 3687 Eustachii
1850 3634 1902 3688 ct

1007 3714 1301 3758 εοοιοναηε.

404 3868 621 3938 Martyr
649 3868 864 3925 Christi
896 3869 1248 3925 Eustochius
1279 3869 1610 3941 imperante
1627 3869 1979 3927 Maximiano

334 3955 568 4013 claruit.
601 3957 746 4012 Cum
775 3963 973 4013 autem
1006 3956 1305 4014 idolorum
1329 3957 1700 4014 sacrificulus
1731 3965 1981 4018 esset.ac

335 4050 610 4102 cerneret
639 4045 884 4102 Sanctos
933 4064 1039 4119 pro
1086 4047 1318 4103 Christo
1349 4047 1700 4119 martyrium
1749 4047 1892 4120 pati,
1926 4052 1984 4103 et

337 4132 609 4190 inaudita
628 4134 928 4192 mirabilia
949 4135 1159 4192 facere.
1169 4137 1466 4209 propriam
1499 4136 1985 4208 superstitionem

339 4240 686 4298 agnoscens,
723 4231 900 4298 atque
931 4225 1006 4282 ad
1046 4226 1376 4283 Eudoxium
1411 4227 1755 4300 episcopum
1779 4227 1988 4283 Antio-

339 4314 600 4370 chenam
633 4315 946 4377 accedens.
977 4315 1305 4389 baptizatus
1333 4317 1484 4372 fuit:
1539 4323 1598 4372 et
1655 4316 1986 4374 sacerdotio

345 4406 530 4462 etiam
565 4405 858 4466 initiatus.
905 4405 980 4462 ad
1027 4406 1233 4462 urbem
1267 4406 1499 4478 Lytram
1558 4407 1851 4478 perrexit:
1887 4405 1989 4462 ubi

347 4502 624 4568 nepotem
659 4514 829 4553 suum
852 4497 1403 4568 Gaianum,tresque
1427 4497 1556 4568 ejus
1576 4496 1732 4552 filios
1749 4495 1989 4568 reperit,

2087 3306 2182 3379 μὶν
2232 3304 2658 3382 ἀπεκεφαλίσθη·
2719 3306 2748 3361 ὁ
2807 3302 2865 3360 δὶ
2918 3305 3302 3379 Δημητριανὸς
3360 3304 3449 3358 καὶ
3500 3303 3731 3360 Ἀθανᾶ-

2081 3415 2196 3456 σιος
2230 3395 2357 3472 πυρὶ
2384 3393 2776 3470 παρεδόθησαν.
2816 3393 2918 3450 Καὶ
2976 3389 3240 3459 ἀϐλαϐεῖς
3290 3391 3594 3465 ὶξελθόντςς
3620 3395 3725 3448 τοῦ

2080 3487 2276 3562 πυρὸς,
2309 3484 2815 3566 ἀπεκεφαλίσθησαν
2847 3485 2940 3541 καὶ
2969 3484 3148 3544 αὐτοί.

2085 3630 2187 3690 Καὶ
2214 3629 2447 3704 ἄθλησις
2475 3632 2573 3688 τοῦ
2612 3629 2768 3707 ἁγίου
2787 3631 3075 3724 ’μάρτυρος
3131 3627 3439 3705 Εὖστοχίου
3493 3627 3586 3683 καὶ
3617 3629 3725 3683 τῶν

2753 3722 2846 3758 συν
2893 3722 3060 3775 αυτῳ.

2158 3871 2459 3936 Εὖστόχιος
2491 3872 2520 3928 ὁ
2547 3875 2647 3927 τοῦ
2675 3875 2911 3945 Χριστοῦ
2945 3869 3169 3946 μάρτυς,
3210 3868 3430 3944 ὑπῆρχε
3489 3867 3584 3942 μὶν
3644 3865 3734 3922 ἐπὶ

2088 3967 2188 4031 τῆς
2221 3960 2500 4036 βασιλείας
2530 3962 2892 4035 Μαξιμιανοῦ.
2946 3958 3140 4036 Ἱερεὺς
3201 3956 3260 4015 δι
3311 3958 3378 4028 ἧν
3431 3961 3538 4014 τῶν
3571 3954 3735 4014 εἰδώ-

2090 4051 2222 4109 λων.
2259 4049 2360 4107 Καὶ
2391 4053 2608 4126 θεωρῶν
2665 4051 2794 4114 τοὺς
2855 4050 3036 4126 ἁγίους
3071 4050 3206 4124 ὑπὶρ
3261 4049 3497 4125 Χριστοῦ
3532 4067 3738 4123 μαρτυο

2093 4144 2340 4218 ροῦντας,
2397 4141 2485 4197 καὶ
2545 4142 2613 4196 τὰ
2685 4137 2966 4214 παράδοξα
3048 4140 3298 4214 θαύματα
3363 4135 3741 4207 ἑκτελοῦντας,

2090 4229 2335 4306 κατέγνω
2389 4237 2490 4300 τῆς
2548 4228 2753 4294 οίκείας
2829 4227 3145 4302 θρησκείας.
3234 4228 3339 4285 Καὶ
3424 4225 3744 4304 προσελθὼν

2097 4317 2338 4392 Εὐδοξίῳ
2391 4323 2471 4392 τῷ
2526 4317 2810 4393 ἔπισκόπῳ
2860 4317 3225 4394 Ἀντιοχείας,
3280 4311 3596 4383 ἐϐαπτίσθη.
3642 4315 3744 4372 Καὶ

2093 4416 2193 4478 τῆς
2274 4413 2372 4464 τοῦ
2456 4404 2846 4486 πρεσϐυτερίου
2929 4407 3272 4484 χειροτονίας
3371 4408 3744 4480 ηταξιωθείς,

2096 4499 2265 4570 ἦλθεν
2297 4497 2374 4562 είς
2400 4500 2562 4555 πόλιν
2593 4498 2896 4576 λεγομένην
2923 4498 3156 4573 Λύτραν.
3220 4495 3312 4552 Καὶ
3372 4496 3466 4552 τὸν
3523 4497 3744 4570 ἀνεψιὸν

348 4601 498 4656 quos
530 4586 591 4641 in
622 4587 851 4642 Christo
884 4585 1690 4658 baptizavit,universamque
1723 4585 1973 4658 ejusden

2098 4591 2264 4647 αὐτοῦ
2318 4591 2566 4661 Γαΐανὸν,
2621 4589 2709 4645 καὶ
2795 4588 2864 4644 τὰ
2890 4589 3017 4661 τρία
3087 4586 3254 4644 αὑτοῦ
3326 4587 3490 4642 τὲκνα
3545 4587 3745 4660 εὑρὼν,

349 4676 783 4748 cognationem.
837 4675 1075 4732 Delatus
1113 4677 1313 4748 itaque
1369 4676 1526 4749 apud
1572 4675 1886 4748 prmsidem
1917 4673 1990 4732 ab

349 4762 962 4834 idololatris,cumque
980 4771 1100 4821 tota
1129 4766 1316 4837 ipsius
1337 4766 1688 4838 cognatione
1712 4781 1990 4837 compre-

349 4850 594 4918 hensus,
627 4852 951 4907 smvissime
981 4853 1393 4910 discruciatur.
1419 4857 1546 4911 Mox
1577 4858 1868 4929 Ancyram
1917 4851 1992 4910 ad

347 4940 736 5013 Agrippinum
769 4942 1170 5009 transmissus,
1201 4944 1273 5000 ab
1296 4945 1494 5002 eodem
1550 4947 1766 5002 iterum
1797 4944 1993 5002 omnis

349 5029 583 5100 generis
608 5030 967 5087 cruciatibus
992 5039 1229 5088 vexatus
1256 5039 1361 5089 est.
1388 5035 1763 5092 Postremum
1786 5051 1994 5090 omnes

351 5118 794 5190 promptissime
813 5127 990 5193 caput
1014 5122 1445 5194 amputandum
1475 5123 1764 5180 obtulere.

882 5335 1121 5393 EODEM
1162 5335 1416 5392 MENSE.

854 5425 956 5481 Die
988 5425 1268 5482 vicesima
1284 5430 1498 5497 quarta

603 5521 878 5581 Nativitas
908 5527 1088 5582 sancti
1109 5526 1341 5582 Joannis
1361 5523 1747 5596 praecursoris.

427 5712 670 5789 Magnus
695 5717 756 5773 et
784 5713 1252 5790 gloriosissimus
1295 5715 1607 5794 propheta,
1640 5715 2001 5792 Pracnrsor,

2099 4680 2378 4736 ἐϐάπτισεν
2411 4679 2606 4744 αὐτοὺς
2635 4678 2714 4742 εἷς
2746 4679 2996 4754 Χριστὸν,
3025 4675 3234 4751 ὁμοίως
3277 4677 3363 4732 καὶ
3416 4682 3586 4732 πᾶσαν
3647 4678 3750 4746 τήν

2099 4772 2404 4847 συγγένειαν
2489 4767 2675 4826 αὐτοῦ.
2731 4767 3140 4840 Καταμηνυθεὶς
3195 4764 3287 4820 οῦν
3373 4769 3452 4838 τῷ
3509 4765 3750 4841 ἡγεμόνι

2099 4861 2246 4935 παρὰ
2273 4863 2381 4914 τῶν
2414 4854 2864 4929 είδωλολατρῶν,
2913 4857 3001 4911 καὶ
3051 4853 3343 4927 κρατηθεὶς
3405 4854 3541 4928 μετᾶ
3571 4855 3755 4924 πάσης

2102 4950 2270 5006 αὐτοῦ
2325 4955 2427 5019 τῆς
2484 4947 2820 5024 συγγενείας,
2873 4946 3193 5019 ἐτιμωρήθη
3283 4941 3559 5018 σφοδρῶς.
3619 4942 3758 4997 Εἶτα

2107 5038 2509 5117 μεταπεμφθεὶς
2544 5038 2621 5104 εἰς
2648 5038 2926 5114 ’Ἄγκυραν
2981 5035 3119 5110 πρὸς
3165 5035 3550 5110 Ἀγριππῖνον,
3583 5031 3754 5088 πάλιν

2103 5129 2426 5204 ἐτιμωρήθη
2460 5133 2730 5205 παγγενῆ.
2763 5126 2866 5184 Καὶ
2889 5124 3049 5188 τέλος
3081 5121 3310 5186 ἅπαντες
3368 5125 3466 5186 τὰς
3507 5119 3757 5201 κεφαλὰς

2102 5219 2402 5294 προθύμως
2432 5218 2720 5291 ἀπετμήθη
2730 5237 2846 5275 σαν.

2650 5343 2834 5402 ΜΗΝΙ
2869 5341 2960 5397 ΤΩ
3008 5343 3202 5396 ΑΥΤΩ.

2867 5429 2992 5487 KA'.

2217 5524 2289 5580 Τὸ
2329 5521 2617 5589 Γενέθλιον
2645 5520 2742 5579 τοῦ
2772 5521 2928 5598 ἁγίου
2959 5519 3216 5576 Ἰωάννου
3273 5520 3371 5574 τοῦ
3402 5512 3654 5594 1190896-

2863 5613 2992 5668 μου.

2185 5715 2443 5788 Ἰωάννης
2478 5715 2507 5771 ὁ
2568 5712 2736 5791 μέγας
2790 5713 2882 5770 καὶ
2938 5707 3154 5783 ἔνδοξος
3208 5709 3532 5788 Προφήτης,
3613 5704 3764 5784 Πρό-

3969 0 3987 140 ί
