4104 6196
353 354 466 414 511

911 483 1149 543 EODEM
1198 481 1448 539 MENSE.

872 585 976 640 Die
1007 585 1284 639 vicesima
1327 588 1490 638 sexta

357 676 512 733 143
565 676 1025 732 Commemoratio
1081 675 1259 728 sancti
1313 673 1494 727 Patris
1548 671 1725 726 nostri
1770 665 2004 724 Joannis

872 745 1114 815 episcopi
1145 744 1494 800 Gotthorum.

429 862 677 916 Sanctus
731 861 904 915 Pater
963 865 1168 915 noster
1210 859 1490 922 Joannes,
1541 857 1696 912 sicut
1752 871 2002 928 magnus

354 949 645 1022 propheta
672 947 977 1012 Jeremias,
1012 949 1084 1003 ab
1126 949 1378 1003 infantia
1423 945 1848 1012 sanctiﬁcatus,
1898 959 2000 1015 pa-

349 1037 618 1092 rentibus
649 1037 764 1109 piis
794 1054 862 1093 ac
893 1037 1254 1092 fidelibusex
1275 1036 1671 1108 promissione
1693 1041 1868 1089 natus
1889 1039 2000 1101 est,

351 1127 649 1198 simulque
681 1127 753 1182 ab
785 1126 998 1182 iisdem
1030 1127 1262 1182 oblatus
1296 1126 1409 1180 fuit
1442 1127 1558 1180 Deo
1590 1124 1835 1183 donum.
1857 1137 1998 1178 con-

352 1223 736 1288 secratusque
789 1216 1055 1272 ecclesias
1089 1217 1462 1288 episcopatus
1495 1213 1765 1279 Gotthim,
1810 1213 2001 1268 Leone

352 1309 555 1364 Isauro
589 1309 969 1380 imperatore.
993 1309 1136 1362 Cum
1169 1314 1367 1362 autem
1395 1305 1468 1361 ad
1502 1319 1845 1360 mensuram
1875 1309 2000 1357 tum

354 1399 834 1470 spiritualis.tum
867 1397 1191 1468 corporalis
1214 1396 1403 1451 aetatis
1435 1393 2002 1466 pervenisset,opor—

356 1493 626 1559 teretque
658 1503 793 1542 eum
827 1485 900 1542 ad
932 1487 1313 1557 pontificatus
1346 1485 1624 1540 thronum
1654 1481 1998 1551 ascendere,

353 1577 575 1648 proprii
604 1577 804 1648 populi
837 1576 1131 1643 suffragiis
1163 1575 1387 1630 electus
1418 1574 1478 1628 in
1521 1572 1771 1627 lberiam
1819 1571 1999 1626 mitti-

352 1673 469 1728 tur.
504 1675 680 1739 atque
709 1685 742 1723 a
773 1668 1053 1739 pontifice
1093 1666 1532 1740 illiusregionis
1565 1664 1896 1729 ordinatur,
1931 1676 1997 1716 eo

358 1755 518 1827 quod
574 1755 1148 1827 Constantinopolim
1195 1751 1723 1810 lconomachorum
1755 1749 1999 1806 haeresis

1673 343 2112 410 MENOLOGH
2155 341 2355 406 PARS
2398 341 2505 404 III.

2033 477 2088 546 Α

3645 343 3764 415 512

2678 473 2859 530 MHNI
2887 476 2972 526 ΤΩ
3007 473 3206 528 ΑΥΤΩ.

2115 661 2328 736 Μνήμῃ
2359 663 2458 716 τοῦ
2489 658 2645 716 όσίου
2686 571 3119 736 ΙῙατρὸςὲξμῶν
3180 658 3435 716 ⁹ιωάννου
3465 657 3764 717 ἐπισκόπου

2818 732 3054 790 Γότθων.

2182 849 2444 922 Ἰωάννης
2503 852 2530 906 ὁ
2592 850 2644 906 ἐν
2703 851 2877 927 ἁγίοις
2932 853 3117 926 Πατὴρ
3175 852 3469 924 ἡμῶν,ὡς
3503 852 3530 907 ὁ
3594 874 3763 928 μεγας

2109 942 2400 1018 προφήτης
2449 939 2738 1014 Ἱερεμίας,
2790 941 2849 996 ἐκ
2901 939 3133 1016 βρέφους
3191 942 3467 1016 ἀγιασθεὶς
3497 941 3756 1018 ἐγεννήθη

2111 1028 2162 1102 ἐξ
2219 1025 2544 1106 ἐπαγγελίας
2599 1030 2746 1104 παρά
2790 1033 2994 1106 γονέων
3061 1025 3310 1086 εὖΛαϐὦν
3356 1031 3446 1086 καὶ
3529 1039 3755 1088 πιστῶν⁹

2107 1117 2197 1172 καὶ
2225 1116 2386 1189 ἐδόθη
2419 1119 2545 1191 παρ’
2586 1119 2762 1174 αὐτῶν
2792 1120 2905 1193 ἅμα
2957 1125 3037 1192 τῷ
3090 1122 3412 1196 γεννηθῆναι
3444 1117 3618 1196 δῶρον
3677 1126 3759 1195 τῷ

2109 1211 2247 1279 Θεῷ,
2333 1205 2655 1286 ἆφιερωθεὶς
2733 1213 2802 1282 τῇ
2882 1207 3150 1281 ἐκκλησίᾳ
3259 1217 3360 1280 τῆς
3455 1210 3760 1281 ἐπισκοπῆς

2109 1295 2334 1361 Γοτθίας
2391 1296 2480 1352 ἐπὶ
2525 1304 2628 1364 τῆς
2691 1298 2967 1374 βασιλείας
3025 1301 3256 1362 Κὲοντος
3325 1303 3423 1354 τοῦ
3489 1301 3763 1376 ἰσαῦρου.

2109 1387 2256 1443 Ἐπεὶ
2291 1383 2348 1441 δὲ
2379 1385 2454 1448 είς
2479 1387 2670 1462 μὲτρον
2702 1387 2793 1442 καὶ
2842 1395 2943 1458 τῆς
3001 1396 3376 1462 πνευματικῆς
3433 1389 3524 1444 καὶ
3575 1411 3762 1463 σωμα-

2106 1483 2265 1545 τικῆς
2292 1473 2514 1554 ἔφθασεν
2547 1476 2793 1547 ἡλικίας,
2857 1478 2950 1534 καὶ
2999 1476 3106 1534 ἔδει
3173 1480 3337 1535 αὑτὸν
3397 1477 3475 1542 είς
3506 1479 3597 1534 τὸν
3657 1488 3761 1549 τῆς

2109 1564 2522 1640 ἆρχιερωσῦνης
2579 1567 2769 1641 θρόνον
2824 1567 3089 1638 ἀνελθεῖν,
3146 1568 3436 1646 ψηφισθεῖς
3500 1569 3602 1623 ὑπὸ
3657 1574 3756 1625 τοῦ

2110 1653 2250 1712 ἰδίου
2282 1655 2418 1712 λαοῦ
2449 1656 2698 1733 ἐπέμφθη
2751 1658 2827 1721 είς
2890 1653 3152 1734 Ἰϐηρίαν,
3212 1659 3301 1713 καὶ
3357 1659 3752 1732 ἐχειροτονήθη

2114 1747 2220 1803 ὑπὸ
2249 1752 2347 1804 τοῦ
2377 1747 2549 1804 ἐκεῖσε
2580 1746 2736 1811 ὄντος
2766 1750 3093 1826 ἀρχιερέως,
3151 1747 3241 1806 διὰ
3267 1751 3330 1806 τὸ
3362 1750 3413 1806 ἐν
3474 1757 3759 1806 Κωνστανο

354 1845 820 1900 obtineretlnde
855 1861 1142 1910 reversus,
1165 1860 1298 1899 cum
1321 1859 1556 1916 gregem
1580 1857 1753 1897 suum
1777 1839 1993 1911 optime

2111 1835 2426 1892 τινουπόλει
2451 1836 2754 1912 ἐπικρατεῖν
2789 1839 2889 1908 τήν
2920 1842 3028 1893 τῶν
3088 1837 3468 1910 είκονομάχων
3524 1838 3757 1914 αἳρεσιν,

355 1935 768 2008 gubernasset,
791 1935 1366 2006 ConstantinOpolim
1399 1939 1528 2004 post
1559 1932 1744 1988 Isauri
1775 1930 2004 1985 obitum

351 2025 517 2079 venit
543 2029 565 2078 τ’
591 2024 689 2080 ubi
717 2025 788 2080 ab
843 2024 1220 2097 imperatrice
1257 2024 1419 2078 [rene
1453 2028 1752 2093 exceptus,
1785 2020 2003 2076 iterum

356 2113 430 2169 ad
463 2131 630 2168 suam
681 2114 994 2169 ecclesiam
1044 2113 1359 2169 revertitur
1390 2130 1402 2168 :
1430 2114 1534 2168 sed
1573 2128 1606 2166 a
1637 2111 1874 2183 prOprio
1907 2124 2005 2180 po-

351 2203 494 2275 pulo
551 2204 901 2277 exagitatus,
949 2203 1350 2260 Amastridem
1398 2202 1565 2275 fugit,
1616 2206 1676 2257 et
1711 2199 1795 2255 ibi
1823 2199 2002 2254 vitam

346 2291 558 2348 ﬁnivit.

912 2484 1156 2542 EODEM
1195 2481 1446 2538 MENSE.

811 2573 915 2629 Die
957 2573 1238 2628 vicesima
1286 2571 1542 2642 septima

347 2663 796 2719 Commemoratio
851 2663 1033 2718 sancti
1089 2664 1268 2717 Patris
1297 2661 1475 2716 nostri
1507 2654 1722 2728 Cyrilti,
1758 2657 2002 2727 episcopi

983 2733 1371 2789 Alexandrini.

418 2851 668 2907 Sanctus
692 2853 866 2907 Pater
887 2855 1092 2906 noster
1121 2844 1781 2922 Cyrillus.Alexandrim
1801 2848 2000 2910 natus,

342 2940 656 3012 Theophili
685 2941 1041 3012 patriarchas
1065 2938 1330 3011 ejusdem
1366 2937 1532 2992 urbis
1562 2933 2003 3008 nepos.perspi-

341 3031 465 3085 caci
549 3032 786 3102 ingenio
870 3030 1158 3102 praeditus
1193 3073 1206 3091 ,
1263 3028 1604 3082 universam
1663 3027 2000 3081 Graecorum

345 3119 940 3189 Christianorumque
968 3117 1362 3173 litteraturam
1396 3114 1620 3181 didicit,
1647 3119 1706 3169 et
1735 3113 1808 3168 ad
1840 3127 2000 3167 sum-

2116 1925 2218 1982 Καὶ
2279 1925 2640 2004 ὑποστρέψας,
2729 1929 2820 1983 καὶ
2878 1927 3066 1991 καλῶς
3141 1929 3241 1999 τήν
3299 1928 3536 2002 ποίμνην
3595 1928 3760 1984 αὐτοῦ

2108 2009 2406 2086 ποιμάνας,
2467 2013 2792 2089 ἀπεδήμησε
2860 2017 2950 2072 καὶ
3038 2020 3108 2091 τῇ
3181 2018 3760 2074 Κωνσταντινουπόλει

2113 2103 2248 2176 μετᾶ
2297 2103 2555 2175 τελευτὴν
2626 2110 2724 2161 τοῦ
2782 2106 3048 2181 Ἰσαῦρου.
3105 2106 3203 2162 Καὶ
3281 2105 3556 2178 δεξιωθεὶς
3612 2110 3760 2183 παρὰ

2107 2199 2209 2262 τῆς
2259 2194 2586 2269 βασιλίσσης
2642 2195 2903 2272 Εἰρήνης,
2959 2197 3276 2272 ὑπέστρεψε.
3337 2197 3442 2254 Καὶ
3501 2195 3761 2273 διωχθεὶς

2108 2283 2254 2357 παρᾶ
2289 2289 2386 2339 τοῦ
2443 2284 2648 2342 οἰκείου
2704 2283 2866 2356 λαοῦ,
2924 2286 3014 2343 καὶ
3069 2286 3251 2365 φυγὼν
3302 2287 3354 2343 ἐν
3414 2285 3757 2364 ’Δμάστριδι,

2107 2373 2479 2450 ἐτελεύτησεν.

2669 2489 2849 2546 ΜΗΝΙ
2899 2490 2990 2546 ΤΩ
3031 2494 3204 2544 ΔΥῙὩ

2884 2579 2979 2636 KZ'

2109 2665 2318 2738 Μνήμη
2345 2669 2443 2722 τοῦ
2474 2665 2526 2722 ἐν
2558 2667 2731 2744 ἁγίοις
2786 2669 3000 2746 ῌατρρς
3029 2671 3190 2746 ᾐμῷν
3232 2667 3510 2746 Κυρίλλου
3539 2667 3762 2724 ἐπισκό-

2638 2760 2744 2795 που
2801 2738 3219 2815 Ἀλεξανδρείας

2179 2840 2456 2918 Κόριλλος
2488 2843 2516 2898 ὁ
2549 2842 2600 2898 ἐν
2635 2843 2811 2918 ἁγίοις
2844 2845 3034 2920 Πατὴρ
3064 2846 3250 2917 ἡμῶν,
3308 2845 3374 2914 ἦν
3411 2845 3507 2918 μὶν
3564 2843 3625 2901 ἐκ
3652 2852 3753 2915 τῆς

2106 2929 2324 2994 πόλεως
2385 2929 2818 3008 Ἀλεξανδρείας,
2881 2934 3094 3008 ἀνεψιὸς
3179 2932 3238 2989 δὲ
3313 2933 3582 3011 Θεοφίλου
3637 2957 3754 2990 πα-

2104 3023 2374 3097 τριάρχου
2434 3020 2860 3098 ’Λλεξανδρείας.
2910 3024 3130 3102 Εὐφυῆς
3190 3021 3246 3080 δέ
3300 3026 3610 3101 γενόμενος,
3664 3027 3754 3081 καὶ

2104 3114 2276 3166 πᾶσαν
2304 3113 2487 3190 γραφή
2522 3109 2750 3177 διελθὼν
2793 3113 3128 3184 Ἑλληνικὴν
3188 3115 3328 3186 ’3μοῦ
3356 3115 3444 3169 καὶ
3478 3119 3755 3188 Χριστια-

346 3221 512 3261 mum
537 3205 766 3261 virtutis
789 3205 1087 3274 fastigium
1119 3204 1404 3276 pervenit.
1439 3202 1831 3269 Quamobrem
1866 3207 1993 3274 post

2107 3202 2284 3273 νικῆν,
2315 3200 2395 3264 εἷς
2427 3201 2562 3276 ὕψος
2592 3203 2824 3273 ἀνῆλθεν
2868 3203 3088 3280 ἀρετῆς.
3141 3206 3299 3262 Ὅθεν
3361 3205 3496 3278 μετὰ
3550 3206 3761 3278 κοίμη-

345 3293 654 3365 Theophili
684 3293 957 3349 avunculi
993 3292 1082 3348 sui
1115 3293 1344 3348 obitum
1377 3292 1680 3346 communi
1714 3292 1993 3364 suffragio

343 3383 883 3440 Alexandrinorum
899 3383 971 3439 ad
997 3383 1374 3454 pontiﬁcatus
1389 3383 1667 3438 thronum
1686 3389 1996 3454 provectus

341 3479 433 3528 est
486 3474 956 3546 Gregemitaque
1009 3473 1364 3544 suscipiens,
1397 3477 1464 3528 ut
1485 3471 1728 3544 pervigil
1770 3476 1992 3543 pastor,

337 3561 650 3618 haereticos
683 3562 923 3634 quidem
941 3569 1004 3616 ut
1027 3561 1197 3634 lupos
1215 3561 1566 3633 exagitavit;
1589 3560 1798 3616 fideles
1821 3577 1980 3632 vero,

338 3659 398 3708 et
431 3651 792 3706 orthodoxos
825 3651 1087 3705 veritatis
1118 3650 1406 3705 doctrinis
1440 3650 1830 3705 conﬁrmavit.
1890 3650 1995 3705 Hic

343 3742 523 3796 etiam
577 3739 911 3794 Nestorium
963 3739 1315 3794 hmreticum
1366 3737 1662 3809 deposuit,
1709 3739 1991 3806 aientem,

343 3829 657 3897 Deiparam
707 3845 838 3884 esse
889 3828 1123 3882 Domini
1162 3825 1510 3896 genitricem
1540 3829 1990 3883 nominandam.

341 3918 561 3970 Contra
591 3915 717 3987 ipse
734 3916 1165 3983 reclamavit,et
1186 3915 1364 3970 veluti
1389 3914 1602 3987 dogma
1627 3917 1988 3987 praedicavit,

339 4004 577 4076 proprie
609 4021 861 4076 vereque
895 4004 1206 4075 Deiparam
1266 4003 1689 4076 appellandam
1734 4021 1900 4061 esse:
1935 4010 1994 4060 et

337 4094 767 4154 (Boumenicam
801 4093 1096 4166 synodum
1156 4093 1230 4148 ob
1288 4094 1443 4150 hanc
1503 4111 1741 4172 causam
1774 4095 1988 4166 Ephesi

336 4186 706 4256 temporibus
737 4185 1049 4241 Theodosii
1099 4185 1361 4256 junioris
1392 4187 1782 4259 congregavit.
1819 4187 1988 4242 Post-

335 4275 463 4330 haec
494 4275 914 4332 Alexandriam
965 4292 1257 4339 reversus,
1307 4275 1664 4348 scriptisque
1705 4275 1988 4332 adversus

335 4382 576 4422 omnem
601 4367 876 4422 haeresim
901 4365 1174 4438 pluribus
1205 4364 1396 4433 libris,
1431 4365 1492 4420 in
1519 4382 1665 4438 pace
1696 4365 1767 4422 ad
1804 4367 1985 4423 Deum

338 4456 631 4528 migravit.

336 4545 496 4600 144
526 4547 592 4600 Et
619 4546 1060 4602 commemoratio
1116 4545 1292 4598 sancti
1336 4545 1520 4601 Patris
1576 4546 1750 4602 nostri
1811 4545 1984 4601 David

952 4615 1364 4674 Thessalonicae.

403 4791 650 4848 Sanctus
673 4797 847 4850 Pater
877 4799 1100 4860 noster,
1134 4799 1311 4865 atque
1355 4794 1804 4865 thaumaturgus
1867 4801 1981 4851 Da-

331 4881 445 4936 vid.
479 4899 546 4936 ex
578 4885 844 4955 partibus
877 4885 1134 4940 Orientis
1171 4885 1462 4955 originem
1495 4886 1737 4958 quidem
1770 4885 1977 4954 duxit;

333 4971 580 5027 veniens
611 4981 808 5029 autem
835 4974 895 5028 in
927 4974 1649 5031 Occidentemvirtutibus
1673 4977 1847 5032 illum
1866 4976 1982 5031 col-

332 5061 626 5132 lustravit,
672 5065 831 5120 velut
859 5063 1412 5135 splendidissimum
1462 5065 1646 5120 sidus.
1681 5070 1727 5121 A
1761 5067 1981 5122 teneris

336 5152 578 5224 quippe,
639 5160 704 5208 ut
759 5154 948 5214 aiunt.
1009 5153 1344 5225 unguiculis
1376 5153 1567 5208 factus
1626 5157 1980 5223 monachus,

333 5241 719 5308 abstinentia,
755 5251 815 5300 et
849 5244 1117 5298 castitate
1172 5243 1514 5298 affectiones
1570 5244 1767 5298 carnis
1799 5245 1983 5318 subji-

329 5331 518 5397 ciens,
558 5335 835 5405 apparuit
858 5350 990 5389 cum
1017 5349 1260 5404 corpore
1285 5332 1549 5405 angelus.
1586 5334 1822 5406 Majoris
1851 5351 1986 5390 vero

323 5419 574 5488 laboris,
610 5430 670 5479 et
695 5422 1128 5496 praestantioris
1157 5421 1386 5476 virtutis
1416 5421 1689 5494 cupidus,
1724 5423 1923 5497 fugam
1954 5441 1989 5482 ε.

327 5515 499 5568 terra
527 5515 819 5587 cogitavit,
855 5515 996 5569 etin
1029 5511 1208 5568 caelos
1266 5527 1619 5577 ascensum;
1671 5520 1848 5586 atque
1894 5532 1991 5570 ar-

323 5600 546 5661 borum
570 5607 948 5681 amygdalum
1004 5619 1236 5668 nactus,
1289 5603 1498 5660 sedem
1540 5604 1650 5660 sibi
1717 5605 1993 5664 idoneam

343 5698 512 5774 juxta
542 5695 1045 5769 Tnessalonicam,
1070 5695 1211 5753 illuc
1240 5693 1546 5766 ascendit;
1583 5702 1641 5754 et
1671 5695 1994 5772 aliquando

2106 3311 2187 3344 σιν
2247 3291 2513 3368 Θεοφίλου
2568 3296 2666 3347 τοῦ
2752 3292 2898 3358 θείου
2954 3295 3118 3349 αὐτοῦ
3197 3295 3358 3366 κοινῇ
3412 3297 3584 3368 ψήφῳ
3639 3299 3752 3349 τῶν

2100 3378 2492 3455 Ἀλεξανδρέων
2539 3379 2626 3436 ἐπί
2682 3383 2774 3437 τὸν
2833 3389 2935 3451 τῆς
3018 3382 3434 3459 ἀρχιερωσύνης
3516 3384 3737 3459 ἀνήχθη

2101 3467 2315 3542 θρόνον.
2374 3469 2480 3525 Καὶ
2535 3470 2634 3538 τήν
2689 3469 2925 3542 ποίμνην
2985 3466 3342 3546 παραλαϐὼν,
3402 3472 3478 3534 ὡς
3534 3476 3746 3544 ποιμήν

2100 3553 2390 3632 ἄγρυπνος,
2428 3557 2558 3620 τοὺς
2616 3559 2711 3631 μὲν
2771 3559 3077 3633 αἱρετικοὺς
3137 3560 3214 3622 ὡς
3271 3560 3475 3623 λύκους
3534 3559 3745 3634 ἐδίωξε·

2097 3645 2226 3708 τοὺς
2250 3645 2308 3702 δὲ
2363 3648 2592 3710 πιστοὺς
2649 3647 2740 3702 καὶ
2799 3647 3123 3721 όρθοδόξους
3179 3646 3439 3724 δόγμασιν
3493 3649 3759 3720 ἀληθείας

2099 3733 2399 3810 ἐστήριξεν.
2432 3737 2606 3799 Οὗτος
2661 3737 2750 3792 καὶ
2805 3739 2897 3793 τὸν
2931 3739 3206 3812 αἱρετικὸν
3267 3740 3586 3815 Νεστόριον,
3645 3746 3753 3795 Κυ-

2099 3825 2348 3899 ριοτόκον
2403 3827 2502 3895 τὴν
2563 3826 2824 3883 Θεοτόκον
2884 3825 3112 3904 λεγοντα
3168 3826 3434 3898 καθελὼν,
3483 3828 3747 3884 Θεοτόκον

2097 3914 2298 3991 κυρίως
2354 3916 2442 3971 καὶ
2504 3915 2729 3988 ἀληθῶς
2781 3916 3085 3995 ἐξεφώνησέ
3140 3918 3314 3974 τεκαὶ
3367 3917 3745 3994 ἐδογμάτισεν·

2097 4003 2321 4060 σύνοδον
2405 4005 2792 4079 οἷκουμενικὴν
2854 4006 3204 4081 συναθροίσας
3259 4007 3333 4062 ἐν
3392 4007 3599 4086 Ἐφέσῳ
3657 4008 3746 4064 ἐπὶ

2092 4097 2193 4159 τῆς
2229 4093 2508 4170 βασιλείας
2537 4099 2634 4150 τοῦ
2665 4099 2863 4170 μικροῦ
2896 4093 3208 4155 Θεοδοσίου.
3263 4097 3361 4151 Καὶ
3414 4099 3549 4170 μετά
3579 4102 3745 4152 ταῦτα

2094 4184 2194 4252 τὴν
2223 4181 2627 4260 Ἀλεξάνδρειαν
2683 4180 3032 4253 καταλαϐὼν,
3090 4187 3180 4241 καὶ
3249 4184 3464 4248 πολλὰς
3520 4181 3751 4262 βίϐλους

2097 4273 2544 4348 συγγραψάμενος
2571 4273 2705 4329 κατᾶ
2736 4275 2912 4344 πάσης
2944 4272 3223 4350 αἱρέσεως,
3270 4273 3325 4330 ἐν
3380 4275 3573 4351 εἰρήνῃ
3605 4279 3740 4350 πρὸς

2097 4361 2224 4417 Θεὸν
2257 4359 2609 4435 ἐξεδήμησεν.

2014 4583 2062 4648 D
2168 4551 2272 4608 Καὶ
2309 4553 2502 4627 μνήμη
2536 4557 2633 4609 τοῦ
2685 4553 2843 4648 ὁσίου
2875 4555 3088 4648 [Ia-reo:
3117 4557 3277 4630 ἡμῶν
3340 4551 3508 4614 Δαϐἶδ
3555 4559 3583 4613 ὁ
3616 4556 3669 4614 ἐν

2718 4625 2924 4681 Θεσσαλ
2934 4625 3088 4703 ονίκῃ
3099 4673 3112 4685 .

2159 4797 2220 4854 Ὀ
2250 4795 2301 4852 ἐν
2334 4797 2508 4872 ἁγίοις
2550 4800 2734 4872 Πατὴρ
2792 4801 2952 4873 ἡμῶν
3011 4801 3102 4856 καὶ
3159 4803 3574 4878 θαυματουργὸς
3643 4812 3742 4861 A1-

2089 4884 2201 4959 ὄὶδ,
2237 4890 2454 4960 ὑπῆρχε
2487 4892 2582 4963 μὶν
2644 4891 2695 4963 ἐξ
2753 4890 3085 4950 ’Δνατολῶνο
3147 4889 3472 4951 καταλαϐὼν
3535 4894 3592 4952 δὲ
3641 4899 3742 4967 τὴν

2091 4979 2268 5050 Λύσιν,
2327 4983 2688 5059 κατεφώτισεν
2751 4981 2917 5051 αὐτὴν
2964 4987 3082 5043 ταῖς
3131 4981 3367 5057 ἀρεταῖς,
3429 4987 3504 5047 ὡς
3564 4987 3737 5061 ἀστήρ

2091 5068 2440 5147 πολύφωτος·
2475 5071 2524 5144 ἐξ
2583 5070 2810 5127 ἀπαλῶν
2867 5072 2968 5147 γάρ
3031 5072 3247 5148 ὀνύχων
3305 5074 3598 5150 γενόμενος
3635 5099 3735 5151 p.0-

2091 5161 2284 5235 ναχὸς,
2315 5159 2404 5215 καὶ
2435 5159 2720 5235 ἐγκρατείᾳ
2750 5161 2838 5216 καὶ
2872 5162 3058 5237 ἁγνείᾳ
3085 5163 3151 5216 τά
3197 5162 3342 5232 πάθη
3400 5171 3500 5233 τῆς
3541 5168 3741 5234 σαρκὸς

2097 5248 2385 5322 ὑποτάξας,
2439 5249 2617 5324 ὡρᾶτο
2680 5251 2814 5323 μετὰ
2869 5249 3121 5322 σώματος
3202 5249 3457 5327 ἄγγελος.
3521 5256 3742 5312 Ἐπιθυ-

2101 5341 2214 5412 μῶν
2275 5335 2332 5393 δὲ
2388 5336 2644 5401 πλειονος
2689 5339 2885 5408 κόπου,
2937 5340 3026 5395 καὶ
3089 5340 3340 5412 μείζονος
3381 5342 3598 5416 ἀρετῆς,
3657 5343 3744 5401 δι-

2099 5433 2302 5483 ενοεῖτο
2329 5429 2425 5495 τὴν
2456 5427 2562 5484 ἀπὸ
2591 5437 2697 5504 γῆς
2725 5430 2926 5508 φυγήν,
2982 5431 3072 5485 καὶ
3130 5430 3266 5502 πρὸς
3324 5432 3552 5506 οὐρανὸν
3610 5436 3744 5491 ἀνά-

2100 5515 2386 5576 6ασιν.Καὶ
2418 5520 2588 5594 εὑρὼν
2619 5518 2836 5595 δένδρον
2896 5519 3243 5596 ἆμυγδαλῆς,
3302 5525 3437 5597 πρὸς
3486 5523 3746 5596 καθέδραν

2103 5603 2438 5679 ἐπιτήδειον,
2486 5607 2724 5675 πλησίον
2784 5607 3210 5682 Θεσσαλονίκης,
3263 5612 3353 5668 καὶ
3434 5614 3512 5678 είς
3565 5613 3743 5673 ἐκεῖνο

2103 5691 2326 5769 ἀναϐὰς,
2357 5698 2448 5754 καὶ
2478 5699 2611 5756 ποτὶ
2643 5700 2737 5775 μὶν
2767 5699 3077 5776 ἱστάμενος,
3109 5700 3242 5759 ποτὶ
3281 5699 3340 5759 δὶ
3385 5704 3747 5780 καθεζόμενος
