4086 6204
342 346 465 410 513

1881 347 2180 414 JUNIUS.

3640 365 3763 427 διε

344 514 437 567 τὸν
472 510 601 566 Θεὸν
638 506 904 565 ἕδυσώπει
940 506 1030 563 διὰ
1084 507 1302 571 παντός.
1364 506 1467 566 Καὶ
1524 508 1650 571 τοὺς
1679 511 1815 584 πρὸς
1846 509 1991 565 atra»

2121 515 2362 588 quidem
2398 518 2908 589 stans,aliquando
2940 540 3074 576 vero
3109 524 3534 592 sedens,Deum
3556 546 3762 601 perpe-

342 600 763 679 ἀπερχομένους
788 601 949 675 χάριν
1011 599 1278 677 ὠφελείας
1325 600 1619 676 στηρίζων,
1650 603 1738 657 καὶ
1770 602 1836 657 τὰ
1866 602 2002 677 πρὸς

340 694 619 768 σωτηρίαν
681 689 949 745 διδάσκων
1012 690 1262 744 ἀπέλυεν.
1324 690 1424 745 Καὶ
1480 690 1623 746 οὕτω
1678 691 1854 767 βιοὺς,
1910 693 1998 746 καὶ

344 785 511 859 ψύχει
542 788 632 837 καί
672 780 910 852 καύματι
964 779 1513 851 ταλαιπωρούμενος,
1576 780 1880 851 ἐπλούτησε
1910 781 1999 837 καὶ

343 872 634 945 θαυμάτων
670 870 957 945 ἐνέργειαν.
993 867 1097 924 Καὶ
1130 867 1180 923 ἐν
1202 874 1331 923 πᾶσι
1365 869 1459 922 τὸν
1482 870 1611 923 Θεὸν
1645 870 1998 944 θεραπεύσας,

339 966 476 1038 πρὸς
506 961 669 1017 αὐτὸν
702 958 852 1031 ἐξεδή
864 978 1053 1030 μησεν.

411 1159 509 1217 Καὶ
546 1159 740 1232 μνήμη
771 1159 873 1210 τοῦ
898 1155 1056 1209 ὁσίου
1089 1154 1299 1243 “arripio;
1350 1155 1511 1227 ἡμῶν
1548 1154 1797 1228 Σαμψὼν
1829 1157 1928 1209 τοῦ

997 1226 1342 1282 Ξενοδόλου.

414 1346 659 1421 Σαμψὼν
694 1347 721 1401 ὁ
753 1345 804 1401 ἐν
848 1344 1025 1419 ἁγίοις
1090 1345 1275 1419 Πατήρ
1334 1345 1495 1416 ἡμῶν
1532 1344 1750 1419 ὑπῆρχε
1785 1343 1879 1415 μὲν
1943 1342 2003 1398 ἐκ

335 1437 439 1505 τῆς
490 1438 729 1497 παλαιᾶς
800 1436 1048 1506 Ῥώμης,
1110 1436 1367 1509 συγγενὴς
1422 1437 1518 1487 τοῦ
1578 1432 1816 1507 μεγάλου
1851 1440 1998 1487 Κων-

342 1525 648 1581 σταντίνου.
687 1524 1111 1596 Παρασιόμενος
1162 1526 1252 1577 τὸν
1314 1525 1557 1577 πλοῖτον
1606 1522 1769 1577 αὐτοῦ
1826 1523 2000 1577 πάντα

337 1621 455 1677 τοῖς
487 1615 759 1682 πτωχοῖς,
789 1613 879 1667 καὶ
912 1612 1239 1687 πτωχεῦσας
1299 1609 1388 1665 δια
1420 1612 1672 1687 Χριστὸν,
1705 1613 1804 1680 τὴν
1842 1619 1999 1668 Κων-

335 1704 790 1760 σταντινούπολιν
823 1700 1107 1757 κατέλαϐε.
1168 1702 1263 1757 Καὶ
1322 1707 1439 1763 τοῖς
1471 1708 1623 1764 ναοῖς
1683 1708 1794 1758 τῶν
1828 1703 1996 1778 άγίων

334 1799 637 1869 προφητῶν
693 1792 745 1848 ἐν
798 1792 985 1854 αὐτοῖς
1048 1790 1497 1867 προσευχόμενος
1551 1790 1799 1851 διετέλει.
1832 1792 1992 1848 Ἡσυ-

2113 612 2213 661 tuo
2246 607 2469 662 orabat.
2526 608 2922 665 Advenientes
2955 620 3174 680 autem,
3226 617 3526 684 profectus
3561 638 3762 689 causa,

2112 697 2499 763 confirmans,
2524 704 2729 768 etqum
2760 700 2832 754 ad
2865 702 3115 757 salutem
3155 712 3289 758 sunt
3313 706 3762 775 docens,dimit-

2112 786 2291 842 tebat.
2327 788 2618 857 Atqueita
2649 788 2775 843 dies
2810 793 3114 863 transegit,
3146 793 3363 865 frigore
3390 804 3657 869 aestuque
3678 802 3766 856 in-

2112 876 2454 931 commodos
2482 893 2494 929 :
2530 894 2784 949 cumque
2816 881 3237 937 miraculorum
3262 885 3471 940 virtute
3496 888 3761 960 locuple-

2110 970 2267 1019 tatus
2299 970 2474 1023 esset.
2508 972 2685 1037 atque
2717 967 2778 1021 in
2816 969 3094 1024 omnibus
3157 972 3273 1026 Deo
3333 976 3651 1046 serviisset,
3687 980 3760 1035 ad

2111 1053 2306 1125 ipsum
2337 1054 2632 1126 migravit.

2181 1170 2247 1224 Et
2273 1173 2708 1225 commemoratio
2737 1176 2913 1251 sancti
2940 1176 3126 1251 Patris
3165 1179 3343 1232 nostri
3371 1180 3687 1251 Sampsonis

2762 1244 3096 1300 Xenodochi.

2183 1347 2429 1402 Sanctus
2461 1349 2632 1403 Pater
2662 1355 2865 1403 noster
2912 1350 3200 1421 Sampson
3236 1371 3301 1409 ex
3352 1363 3545 1411 vetere
3578 1361 3762 1416 Roma

2108 1436 2221 1491 fuit
2251 1437 2444 1509 magni
2466 1438 2834 1492 Constantini
2870 1440 3087 1494 affinis.
3130 1443 3449 1499 Distributo
3478 1454 3675 1502 autem
3701 1450 3760 1505 in

2110 1534 2347 1599 egentes
2373 1534 2492 1581 toto
2524 1528 3137 1599 patrimonio.egenus
3172 1550 3274 1603 pro
3294 1535 3525 1590 Christo
3551 1538 3758 1607 factus,

2108 1615 2681 1688 Constantinopolim
2701 1619 3145 1691 venit,vixitque
3179 1622 3239 1675 in
3275 1631 3615 1680 sanctorum
3634 1644 3764 1697 pro-

2106 1705 2417 1776 phetarum
2452 1707 2689 1777 templis
2718 1709 2971 1762 orationi
3008 1710 3291 1765 intentus.
3328 1713 3523 1769 Otium
3562 1724 3760 1773 autem

2105 1795 2404 1857 nactus,in
2441 1795 2745 1866 inspiratis
2779 1814 2813 1852 a
2845 1799 2960 1852 Deo
2993 1798 3313 1870 Scripturis
3337 1802 3757 1861 meditabatur.

336 1884 465 1961 χίας
502 1882 560 1938 δὲ
593 1878 925 1956 λαϐόμενος,
959 1881 1048 1936 καὶ
1113 1880 1490 1944 θεοπνεύστοις
1556 1887 1790 1960 Γραιραῖς
1820 1881 1991 1955 ἐμμε-

2108 1884 2190 1939 Ob
2224 1884 2566 1955 hujusmodi
2588 1886 2834 1941 virtutes
2866 1903 3000 1941 cum
3034 1890 3217 1943 Menas
3279 1892 3631 1960 patriarchaa
3665 1896 3759 1949 in-

342 1973 601 2043 λετήσας,
662 1973 885 2049 φανερὸς
955 1970 1166 2044 ἐγὲλετο
1226 1967 1297 2024 δι’
1350 1970 1542 2045 ἀρετὴν
1586 1975 1666 2042 τῷ
1713 1972 2001 2045 ἁγιωτάτῳ

337 2063 660 2136 πατριάρχῃ
723 2063 907 2130 Μηνᾷ,
960 2059 1050 2114 καὶ
1139 2064 1534 2135 χειροτονεῖται
1611 2061 1738 2134 παρ’
1797 2059 1999 2114 ἐκείνου

334 2145 701 2227 πρεσὸὂτερος
761 2156 861 2219 τῆς
921 2148 1180 2224 Μεγάλης
1248 2147 1605 2217 Ἐκκλησίας,
1647 2146 1737 2202 καί
1802 2145 1998 2203 λοιπὸν

332 2242 397 2311 ἦν
432 2239 607 2312 λιμὴν
667 2240 942 2310 σωτήριος
1003 2242 1127 2299 τοῖς
1188 2239 1512 2308 πενομένοις
1570 2236 1658 2290 καὶ
1690 2237 1997 2307 ἀσθενοῦσι,

338 2330 589 2404 μετέχων
622 2327 715 2382 καὶ
743 2329 954 2403 τέχνης
985 2325 1258 2401 ἰατρικῆς,
1307 2322 1650 2401 Θιραπεύσας
1704 2323 1761 2381 δὲ
1789 2328 1879 2382 καὶ
1908 2328 1999 2382 τὸν

333 2416 989 2495 βασιλεαῚουστινιανὸν
1044 2413 1153 2470 ἀπὸ
1208 2416 1410 2477 πάθους
1472 2412 1743 2471 δυσιάτουη
1809 2416 1996 2488 ἐφιλο-

330 2508 576 2583 φρονήθη
651 2505 775 2579 παρ’
864 2502 1079 2559 ἐκείνου
1154 2504 1224 2558 τά
1310 2504 1553 2577 μὲγιστα’
1644 2504 1731 2559 καὶ
1812 2505 1998 2567 κτίσας

329 2598 555 2649 Ξενῶνα
612 2593 689 2655 είς
748 2593 1053 2647 ἀνάπαυσιν
1115 2597 1224 2647 τῶν
1284 2596 1526 2666 πτωχῶν
1584 2591 1677 2646 καὶ
1732 2590 1992 2655 ἀσθενῶν⁸

327 2686 418 2738 καὶ
502 2681 694 2739 πολλά
751 2683 1159 2757 κατορθώματα
1241 2682 1331 2736 καὶ
1393 2679 1643 2753 θαύματα
1729 2683 1993 2754 ποιήσας,

326 2772 599 2846 ἐκοιμήθη
635 2772 689 2827 ὲν
720 2772 931 2847 εἰρήνῃ.
965 2775 1038 2830 Τὸ
1071 2769 1128 2826 δί
1160 2769 1418 2844 λείψανον
1485 2771 1655 2826 αὐτοῦ
1715 2770 1872 2842 ἐτέθη
1938 2771 1992 2826 ἐν

327 2867 407 2934 τῷ
438 2867 548 2934 νυῷ
575 2866 673 2918 τοῦ
704 2862 867 2938 ἁγίου
901 2864 1178 2938 μάρτυρος
1201 2860 1453 2918 Μωκίου.

899 2963 1083 3020 ΜΗΝι
1112 2966 1197 3040 Τῼ
1230 2967 1430 3040 arri}.

1134 3051 1237 3108 κη’

437 3152 503 3209 Ἦ
533 3147 743 3227 εὕρεσις
768 3151 1184 3227 τῶν-λειψάνων
1214 3154 1342 3227 Ατῶν
1393 3148 1559 3226 ἁγίων
1592 3147 1879 3225 μαρτύρων

835 3223 1034 3294 Κύρου,
1081 3244 1172 3279 και
1214 3223 1485 3279 Ἰωάννου.

404 3340 586 3413 Κῦρος
643 3337 733 3392 καὶ
791 3338 1070 3409 Ἰωάννης,
1132 3338 1185 3391 οἱ
1244 3340 1342 3391 τοῦ
1420 3339 1662 3409 Χριστοῦ
1724 3337 1989 3408 μάρτυρες

333 3429 589 3504 ὑπῆριον
652 3427 740 3483 ἐπὶ
800 3428 1199 3499 Διοκλητιανοῦ
1247 3430 1344 3481 τοῦ
1404 3423 1694 3502 βασιλέως,
1753 3428 1813 3483 Ὁ
1893 3426 1987 3498 μὶν

333 3527 505 3592 Κῦρος
538 3519 598 3575 ἐκ
626 3521 728 3587 τῆς
786 3521 1004 3581 πόλεως
1066 3516 1496 3594 Ἀλεξανδρείας
1558 3516 1678 3573 ὁδὶ
1735 3520 1993 3588 Ἰωάννης

328 3611 388 3667 ἐκ
418 3618 517 3681 τῆς
578 3611 794 3671 πόλεως
842 3608 1123 3680 Ἐδέσσης,
1187 3608 1366 3685 ἲατροί
1423 3609 1522 3677 τήν
1581 3608 1802 3683 τέχνην.
1852 3614 1989 3663 ι’νω.

332 3702 579 3775 ρίσαντες
610 3698 667 3754 δὲ
698 3698 987 3770 ἀλλήλους
1043 3696 1134 3753 διά
1186 3699 1249 3753 τὸ
1314 3697 1685 3773 μονὸπρεπον,
1746 3701 1984 3773 περιήρ-

334 3813 505 3868 χοντο
562 3795 731 3845 πᾶσαν
785 3797 953 3859 νῆσον
1001 3790 1089 3843 καὶ
1149 3794 1322 3843 πᾶσαν
1378 3789 1568 3864 χώραν
1629 3787 1987 3861 ἰατρεύοντες,

338 3883 402 3939 οὐ
436 3884 667 3954 σώματα
699 3881 882 3952 μόνον,
918 3879 1062 3935 ἀλλά
1092 3880 1180 3934 καὶ
1213 3879 1416 3955 ψυχάς·
1454 3879 1540 3933 καὶ
1602 3876 1849 3941 πολλοὺς
1878 3885 1986 3935 τῶν

331 3976 676 4045 Χριστιανῶν
759 3972 894 4043 πρὸς
946 3971 1007 4024 τὸ
1069 3969 1363 4044 μαρτύριον
1425 3970 1985 4042 προθυμοποιοῦντες,

327 4062 556 4137 φανεροὶ
590 4061 834 4137 ἐγένοντο
864 4064 944 4131 τῷ
992 4060 1129 4115 κατα
1193 4059 1285 4114 τὸν
1340 4058 1509 4113 τόπον
1570 4057 1820 4135 ἄρχοντι.
1883 4061 1986 4118 Καὶ

326 4153 457 4227 παρ’
518 4150 726 4206 ἐκείνου
784 4151 1047 4223 πρότερον
1123 4149 1551 4221 τιμωρηθέντις,
1612 4148 1831 4222 ὕστερον
1880 4150 1989 4205 ἀπ-

326 4241 781 4318 ικεφαὶίσθησιν.
845 4240 941 4295 Καί
1014 4259 1148 4294 ποτε
1208 4238 1304 4312 μὶν
1364 4232 1631 4313 κρυὸἐντα
1684 4239 1750 4293 τὰ
1830 4240 1987 4313 τίμια

326 4330 510 4387 αὐτῶν
542 4329 796 4403 λείψανα,
834 4328 969 4401 μετά
1023 4332 1191 4383 ταῦτα
1258 4325 1675 4404 ἐφανερώθησαν
1706 4326 1756 4381 ἐν
1815 4328 1983 4384 Ἀλε-

330 4417 590 4493 ξανδρείᾳ
674 4418 760 4475 ἐπὶ
851 4416 1141 4493 Ἀρκαόίου
1229 4416 1501 4493 βασιλέως
1582 4415 1671 4470 καὶ
1720 4417 1985 4496 Θεοφίλου

327 4512 682 4583 πατριάρχου
763 4504 1195 4581 Ἀλεξανδρείας,
1287 4504 1455 4581 μυρία
1514 4505 1759 4580 θαύματα
1808 4507 1982 4565 ἐπιτε-

2107 1974 2421 2037 notuisset,
2481 1976 2698 2047 Magnae
2757 1976 3035 2031 Ecclesim
3090 1978 3400 2049 presbyter
3447 1982 3759 2039 ordinatus

2104 2063 2251 2118 fuit:
2284 2069 2460 2133 atque
2494 2063 2775 2136 deinceps
2824 2065 3015 2122 factus
3072 2073 3163 2122 est
3212 2077 3417 2139 portus
3478 2071 3757 2130 salutaris

2106 2152 2531 2219 laborantibus,
2567 2160 2624 2208 et
2646 2155 3115 2225 argrisMedendi
3137 2158 3295 2213 enim
3315 2164 3505 2213 artem
3522 2160 3754 2230 doctus,

2105 2243 2524 2313 imperatorem
2548 2244 2722 2299 etiam
2742 2245 3147 2301 Iustinianum
3170 2264 3203 2302 a
3220 2249 3421 2303 morbo
3436 2250 3755 2306 incurabili

2106 2332 2350 2392 sanavit.
2385 2348 2564 2404 aquo
2624 2334 2863 2404 plurimi
2920 2335 3157 2390 habitus
3214 2337 3327 2391 fuit
3384 2345 3441 2392 et
3497 2348 3753 2396 amatus.

2105 2422 2544 2477 Xenodochium
2576 2423 2775 2493 itaque
2808 2423 2880 2478 ad
2916 2441 3245 2496 pauperum
3278 2434 3335 2482 et
3373 2428 3750 2486 infirmorum

2103 2511 2370 2567 levamen
2405 2512 2706 2567 condidit:
2741 2530 2997 2584 cumque
3025 2515 3197 2585 plura
3230 2523 3287 2571 et
3317 2520 3548 2590 egregia
3570 2537 3752 2591 opera

2101 2608 2279 2673 atque
2314 2602 2601 2657 miracula
2633 2602 2891 2668 fecisset,
2924 2604 2984 2658 in
3017 2620 3160 2675 pace
3199 2606 3573 2662 obdormivit.
3611 2612 3752 2680 Ejus

2101 2692 2370 2763 reliquiis
2402 2692 2464 2748 in
2496 2694 2715 2765 templo
2748 2694 2936 2749 sancti
2962 2695 3241 2766 martyris
3272 2697 3441 2752 Mocii
3468 2697 3751 2770 depositaa

2098 2780 2287 2838 fuere.

2658 2970 2901 3027 EODEM
2934 2972 3188 3029 MENSE.

2596 3069 2698 3123 Die
2729 3068 3011 3123 vicesima
3068 3076 3290 3127 octava.

2099 3167 2248 3223 145
2312 3166 2565 3222 Inventio
2613 3169 2977 3246 reliquparum
3062 3177 3374 3246 sanctorum
3439 3178 3749 3246 martyrum

2674 3240 2825 3309 Cyri,
2842 3247 2893 3294 et
2923 3242 3171 3295 Joannis.

2173 3348 2356 3417 Cyrus
2388 3350 2446 3398 et
2472 3345 2749 3406 Joannes.
2783 3346 2993 3400 Christi
3028 3354 3319 3419 martyres
3346 3366 3358 3414 ;
3382 3349 3747 3407 Diocletiano

2100 3442 2410 3507 mperante
2444 3435 2819 3490 claruerunt:
2856 3436 3119 3507 etCyrus
3172 3438 3415 3509 quidem
3467 3440 3728 3495 Alexan-

2101 3525 2328 3581 drinus.
2348 3526 2605 3579 Joannes
2635 3541 2770 3579 vero
2798 3525 3132 3580 Edessenus
3181 3527 3550 3597 professione
3570 3530 3744 3585 ambo

2100 3614 2608 3685 mediciCumque
2625 3630 2685 3667 se
2708 3613 2959 3669 invicem
2978 3615 3051 3668 ob
3075 3616 3344 3671 eamdem
3360 3625 3547 3673 artem
3563 3635 3747 3691 agno-

2098 3704 2339 3771 vissent,
2367 3720 2577 3759 omnes
2618 3703 2844 3757 insulas
2875 3710 2933 3757 et
2992 3704 3122 3759 loca
3178 3708 3589 3780 peragrabant.
3626 3726 3744 3764 non

2101 3795 2272 3850 modo
2303 3810 2550 3865 corpora
2578 3799 3084 3855 curantes,verum
3119 3795 3294 3850 etiam
3326 3798 3556 3852 animas
3602 3798 3746 3853 Cum

2096 3902 2232 3940 vero
2265 3884 2734 3940 Christianorum
2768 3884 3105 3955 complures
3145 3885 3218 3939 ad
3264 3887 3613 3957 martyrium
3647 3904 3745 3942 su-

2096 3975 2398 4030 beundum
2422 3974 2744 4029 alacriores
2767 3974 3279 4045 promptioresque
3314 3975 3640 4042 efﬁcerent,
3672 3977 3747 4032 ad

2098 4065 2227 4135 ejus
2249 4064 2360 4119 loci
2386 4063 2699 4134 prmsidem
2720 4063 3185 4133 delati,primum
3210 4064 3281 4117 ab
3300 4082 3367 4119 eo
3386 4066 3747 4121 cruciatibus

2096 4153 2622 4223 affectipostremo
2656 4152 2930 4206 decollati
2966 4153 3149 4206 fuere.
3186 4155 3254 4207 Et
3282 4154 3603 4224 aliquando
3623 4155 3751 4224 qui-

2098 4243 2231 4298 dem
2262 4258 2466 4298 eorum
2519 4242 2793 4313 pretiosze
2827 4241 3093 4311 reliquiae
3144 4242 3431 4297 delituere
3467 4261 3480 4297 :
3542 4250 3747 4314 postea

2097 4338 2297 4387 tamen
2332 4330 2703 4387 Alexandriae.
2729 4330 2973 4385 detectas
3006 4332 3249 4384 fuerunt
3274 4332 3521 4386 Arcadio
3550 4333 3744 4403 impe-

2096 4428 2291 4478 ratore
2318 4438 2384 4477 ac
2406 4420 2733 4491 Theophilo
2766 4420 3105 4492 patriarcha
3138 4420 3531 4476 Alexandrino
3567 4439 3579 4476 :
3615 4440 3747 4493 qum

2093 4528 2282 4584 usque
2305 4511 2379 4566 ad
2412 4511 2568 4566 hunc
2585 4510 2740 4565 diem
2774 4510 3090 4566 innumera
3121 4512 3410 4566 miracula
3431 4512 3745 4568 faciuntad

330 4597 535 4653 λοῦντα
568 4599 737 4672 μέχρι
788 4603 889 4665 τῆς
940 4598 1181 4669 σήμερον
1231 4594 1307 4656 εἷς
1366 4593 1520 4665 δόξαν
1578 4596 1841 4670 Χριστοῦ,
1898 4599 1986 4653 καὶ

2106 4602 2345 4676 gloriam
2364 4600 2578 4655 Christi
2601 4600 2823 4670 Deique
2856 4600 3069 4655 nostri.
3102 4617 3207 4671 pro
3255 4618 3371 4672 quo
3394 4602 3547 4673 passi
3584 4609 3743 4671 sunt,

326 4693 464 4743 Θεοῦ
523 4691 710 4760 ἡμῶν,
775 4685 846 4743 δι’
906 4686 963 4741 δν
1023 4686 1113 4741 καὶ
1146 4683 1369 4750 ἔπαθον.
1422 4687 1518 4741 Ὧν
1549 4688 1647 4756 τήν
1682 4692 1987 4766 πανήγυριν

327 4774 562 4847 ἰτησίως
603 4777 797 4839 πάντες
826 4778 878 4831 οἱ
911 4775 1097 4831 πιστοὶ
1130 4776 1485 4852 ἑορτάζομεν.

864 4896 1044 4953 MHNI
1102 4896 1192 4952 ΤΩ
1257 4898 1448 4951 ΑΥΤΩ.

1087 4992 1205 5050 ΚΘ’.

332 5080 615 5153 ,Αθλησις
643 5086 754 5138 τῶν
789 5083 958 5159 ἁγίων
996 5080 1248 5209 μῧγάλὶων
1278 5081 1601 5139 ἀποστόλων
1663 5085 1872 5162 Πέτρου
1892 5086 1985 5141 καὶ

1090 5175 1156 5209 αυ
1201 5175 1286 5209 ου.

396 5270 605 5343 Πέτρος
694 5273 789 5344 μὶν
850 5273 878 5327 ὁ
940 5273 1105 5346 μέγας
1179 5276 1278 5327 τοῦ
1362 5273 1597 5347 Χριστοῦ
1655 5275 1985 5348 ἂπόστολος,

324 5363 578 5437 ὑπῆρχεν
606 5359 667 5417 ἐκ
697 5359 917 5424 πόλεως
969 5358 1269 5430 Βηθσαῖδὶ,
1331 5362 1450 5423 υἱὸς
1511 5362 1688 5432 Ἰωνᾶ,
1747 5363 1984 5445 ἀδελφὸς

319 5453 547 5525 γνήσιος
582 5448 842 5521 ’Λνδρέου
894 5455 991 5506 τοῦ
1047 5448 1473 5526 πρωτοκλήτου.
1534 5450 1751 5515 Ἀλιεὺς
1803 5451 1861 5510 δὲ
1910 5455 1982 5511 ὣν

320 5541 409 5594 καὶ
446 5542 615 5608 πένης
646 5534 810 5595 ἔλαϐε
850 5541 949 5608 τήν
1006 5541 1269 5610 θυιατέρα
1331 5536 1767 5614 Ἀριστοϐούλου
1826 5542 1984 5601 αδελ-

323 5651 431 5706 φου
486 5624 739 5703 Βαρνάϐα
822 5634 920 5685 τοῦ
978 5629 1312 5687 ἀποστόλου.
1368 5630 1453 5701 Ἐξ
1508 5633 1578 5700 ἧς
1633 5633 1724 5687 καὶ
1787 5632 1987 5699 παῖδας

316 5716 625 5795 ἐγέννησεν.
656 5723 759 5777 Ἦν
785 5716 844 5775 δὲ
877 5720 1011 5794 μετὰ
1037 5724 1133 5776 τοῦ
1191 5717 1430 5799 ἀδελφοῦ
1480 5721 1649 5778 αὑτοῦ
1717 5722 1984 5799 ’Λνδρέοο

2096 4708 2348 4762 quorum
2382 4689 2850 4747 anniversariam
2882 4688 3292 4744 celebritatem
3316 4706 3524 4747 omnes
3540 4691 3747 4749 fideles

2096 4782 2457 4855 peregimus.

2661 4895 2899 4952 EODEM
2941 4894 3194 4951 MENSE.

2617 4993 2722 5048 Die
2765 4993 3047 5049 vicesima
3086 5010 3246 5049 nona

2096 5087 2382 5144 Certamen
2429 5089 2748 5140 sanctorum
2806 5100 3129 5209 rtnclzgnolrum
3183 5084 3553 5154 apostolorum
3594 5088 3750 5143 Petri

2779 5171 2807 5209 θ
2894 5168 2983 5209 ἀα
3014 5173 3052 5209 ι.

2779 5168 2834 5209 et
2868 5168 3052 5209 I'auu.

2164 5277 2375 5331 Petrus
2407 5290 2657 5347 magnus
2707 5271 2923 5327 Christi
2956 5272 3262 5343 apostolus
3295 5289 3363 5329 ex
3394 5274 3542 5329 urbe
3568 5275 3746 5331 Beth-

2095 5364 2283 5431 saida,
2315 5364 2475 5419 Jonm
2509 5362 2690 5420 ﬁlius.
2749 5377 3070 5434 germanus
3111 5360 3294 5417 frater
3340 5362 3605 5418 andreas.
3642 5365 3741 5433 qui

2093 5455 2351 5526 primum
2373 5458 2617 5508 vocatus
2641 5450 2749 5504 fuit
2778 5450 3037 5521 piscator
3067 5457 3126 5505 et
3157 5451 3741 5521 pauper..~\ristobuli

2092 5543 2293 5599 fratris
2323 5542 2601 5599 Barnabaa
2633 5541 2884 5613 apostoli
2916 5540 3097 5595 tiliam
3131 5540 3319 5605 duxit,
3340 5557 3407 5595 ex
3439 5557 3554 5611 qua
3589 5540 3741 5595 filios

2094 5634 2271 5689 etiam
2305 5633 2585 5706 suscepit.
2617 5632 2742 5696 Quo
2775 5636 2974 5686 autem
3012 5637 3280 5701 tempore
3312 5632 3650 5685 Praecursor
3679 5629 3740 5685 in

2094 5740 2394 5781 carcerem
2420 5724 2727 5796 conjectus
2765 5727 2876 5790 est,
2912 5721 3038 5792 ipse
3072 5720 3133 5774 in
3191 5727 3397 5792 stagno
3428 5720 3745 5774 Genezaret
