4086 6204
313 368 434 430 515

1631 345 2084 414 MENOLOQII’
2118 345 2326 414 PARS
2367 342 2478 411 ιιι.

3600 345 3727 420 516⁴

317 501 660 577 piscabatur
680 513 800 555 una
842 510 974 554 cum
1025 491 1206 548 fratre
1236 487 1490 555 Andrea,
1523 489 1878 557 vocatusque
1926 497 1954 538 a

2075 479 2211 577 κατά
2255 479 2630 577 τδνηκαιρὸν,⁸
2668 481 2759 537 ὅτε
2813 476 3150 548 ἀπεκλείσθη
3213 475 3246 534 δ
3291 473 3621 554 Πρόδρομος
3677 474 3732 534 ἰν

316 571 548 650 δίη-ἱειο
573 607 743 649 secus
767 592 1041 658 stagnum
1060 583 1480 654 praetereunte,
1496 591 1616 632 una
1629 571 1960 632 cumfratre

317 701 456 742 eum
488 687 724 738 secutus
749 677 1056 746 factusque
1089 676 1179 728 est
1207 669 1338 741 ejus
1360 665 1707 740 discipulus.
1742 660 1960 719 Paulus

315 789 452 829 vero
476 778 534 826 et
562 771 688 842 ipse
723 766 1004 823 Hebraeus
1035 778 1105 818 ex
1162 759 1308 815 urbe
1341 758 1518 814 Tarso
1547 760 1683 830 post
1727 751 1961 816 Domini

317 866 454 920 Jesu
483 853 1116 929 assumptiouem,ejus
1131 849 1456 924 Ecclesiam
1480 849 1828 920 persecutus
1841 846 1958 897 est:

322 952 423 1009 sed
455 950 526 1006 ab
551 947 759 1005 eodem
778 950 1042 1009 vocatus,
1058 941 1187 1013 ipse
1217 954 1454 1011 quoque
1487 937 1614 1008 ejus
1633 930 1962 1004 discipulus

320 1041 534 1099 evasit:
569 1044 630 1094 et
659 1052 778 1092 una
808 1050 944 1091 cum
986 1033 1158 1087 Petro
1218 1027 1423 1084 orbem
1473 1032 1764 1082 terrarum
1808 1035 1962 1096 pene

318 1131 660 1188 universum
695 1122 1208 1182 circumlustrans,
1259 1117 1559 1173 Christum
1601 1110 1958 1186 praedicavit.

314 1222 623 1276 Postremo
655 1218 899 1273 Romam
931 1210 1104 1266 ambo
1127 1208 1397 1283 profecti,
1428 1223 1536 1279 pro
1567 1204 1797 1262 Christo
1821 1201 1965 1258 l46

317 1308 425 1364 sub
449 1309 677 1364 Nerone
718 1302 876 1376 passi
914 1305 1090 1364 sunt;
1123 1305 1182 1354 et
1211 1299 1419 1354 Petrus
1448 1294 1690 1368 quidem
1730 1293 1962 1349 inverso

314 1399 507 1471 capite
536 1393 875 1462 crucifixus,
912 1389 1128 1446 Paulus
1149 1403 1285 1444 vero
1318 1385 1511 1460 capite
1561 1383 1791 1458 plexus.

867 1659 1111 1718 EODEM
1149 1655 1405 1715 MENSE.

905 1768 1012 1826 Die
1045 1764 1354 1823 tricesima

417 1865 660 1937 Synazis
714 1856 1002 1918 duodecim
1055 1862 1370 1913 sanctorum
1452 1849 1846 1925 apostolorum.

383 1982 506 2040 Etsi
538 1979 790 2054 quilibet
800 1974 1203 2050 apostolorum
1225 1973 1341 2031 alio
1360 1976 1537 2044 atque
1556 1968 1674 2026 alio
1693 1973 1959 2041 tempore

313 2071 666 2146 martyrium
697 2084 909 2142 passus
939 2071 1049 2130 est,
1084 2070 1350 2121 attamen
1385 2060 1647 2119 Ecclesia
1673 2057 1749 2115 ob
1804 2074 1958 2131 prm-

309 2162 627 2220 cellentem
652 2161 940 2216 honorem
954 2155 1108 2212 hanc
1121 2153 1393 2228 synaxim
1405 2151 1672 2210 celebrat
1691 2147 1960 2222 proxime

312 2258 448 2328 post
487 2249 836 2309 memoriam
868 2253 1210 2304 sanctorum
1240 2241 1648 2318 apostolorum
1695 2237 1854 2296 Petri
1905 2241 1964 2294 et

313 2327 571 2410 Pauli,et
598 2340 904 2396 universos
926 2335 1108 2393 simul
1165 2332 1486 2400 collaudat,
1517 2337 1584 2387 ut
1612 2327 1715 2402 qui
1755 2327 1961 2385 orbem

311 2437 608 2490 terrarum
641 2427 1223 2485 illuminarunt.Esto
1245 2424 1445 2495 itaque
1467 2420 1696 2494 primus
1717 2417 1961 2474 laudum

319 2524 534 2597 dignus
564 2524 773 2578 Petrus
803 2518 1064 2576 fervidus
1095 2503 1444 2587 discipulus.
1471 2511 1572 2584 qui
1597 2509 1706 2567 sub
1733 2511 1961 2567 Nerone

316 2613 510 2686 capite
543 2612 777 2667 inverso
808 2607 1126 2665 crucifixus
1149 2600 1592 2660 fuit.Secundus
1622 2598 1843 2656 Paulus
1862 2613 1963 2655 vas

316 2701 649 2764 electionis.
682 2699 784 2773 qui
817 2697 927 2755 sub
967 2696 1174 2754 eodem
1233 2691 1563 2750 decollatus
1595 2695 1702 2746 est.
1733 2687 1962 2745 Tertius

314 2792 582 2850 Andreas
623 2791 882 2864 primum
935 2797 1197 2846 vocatus.
1247 2782 1348 2854 qui
1405 2781 1477 2836 ab
1533 2781 1708 2852 Egea
1761 2775 1961 2834 arbori

313 2882 528 2939 afﬁxus
549 2880 808 2945 est.Quav
826 2884 917 2932 tus
937 2875 1186 2932 Jacobus
1205 2869 1494 2937 Zebedaai,
1513 2869 1616 2943 qui
1639 2867 1710 2924 ab
1731 2865 1962 2924 Herode

313 2969 510 3044 gladio
543 2974 790 3024 necatus
821 2963 1188 3030 est.Quintus
1211 2960 1341 3032 ejus
1361 2958 1836 3021 fraterloannes,
1861 2952 1962 3026 qui

316 3043 478 3114 rivus
511 3058 780 3130 sepultus
803 3055 914 3112 fuit
943 3059 1120 3123 atque
1175 3049 1520 3106 translatus.
1583 3047 1791 3103 Sextus
1822 3043 1959 3100 Phi-

310 3149 534 3224 lippus,
565 3165 600 3204 a
629 3145 845 3203 Graecis
870 3159 1038 3199 muro
1081 3155 1427 3213 suspensus.
1482 3136 1782 3210 Septimus
1809 3133 1961 3190 Tho-

309 3257 439 3297 mas
463 3237 764 3310 Didymus,
798 3233 872 3290 ab
895 3232 1058 3289 Indis
1086 3230 1311 3287 lanceis
1343 3227 1676 3285 confossus.
1709 3225 1954 3282 Octavus

2064 3241 2090 3298 6
2150 3238 2254 3295 ὑπὸ
2306 3233 2589 3305 Ἐλλήνων
2639 3232 2691 3290 ἰν
2777 3234 2952 3310 τείχει
3008 3234 3347 3310 κρεμασθείς.

311 3327 779 3386 Bartholomaeus
801 3325 864 3380 in
897 3338 1133 3379 crucem
1181 3326 1369 3376 actus.
1403 3319 1603 3374 Nonus
1652 3315 1960 3373 Mattheus

308 3416 608 3491 lapidibus
641 3413 1199 3471 obrutus.Decimus
1236 3408 1488 3466 Jacohus
1512 3404 1959 3480 Alphei.Unde-

307 3509 499 3566 cimus
526 3506 724 3562 Simon
769 3503 1020 3560 Zelotes.
1068 3499 1464 3559 Duodecimus
1517 3497 1702 3556 Judas
1757 3492 1955 3554 Jacobi

309 3612 636 3670 suspensus
657 3600 835 3668 atque
868 3593 1004 3649 telis
1035 3591 1365 3648 confossus.

704 3768 1130 3865 MENSE
1192 3763 1544 3861 JULIO

944 3909 1048 3966 Die
1089 3909 1304 3966 prima.

945 3923 1048 3966 me
1132 3923 1304 3965 rima.

300 4003 451 4064 14⁵1
515 4003 802 4059 Certamen
831 3927 1144 4056 sanctorufn
1177 3999 1604 4066 Anargyrorum
1658 3995 1859 4053 Cosme;
1896 4003 1951 4052 et

618 4074 879 4130 Damium’
909 4073 1012 4145 qui
1068 4072 1248 4127 Romae
1280 4067 1628 4124 claruerunt.

370 4194 612 4251 Cosmas
643 4197 702 4250 et
745 4189 1095 4252 Damianus,
1144 4186 1361 4244 Christi
1391 4189 1702 4258 martyres,
1735 4185 1947 4243 Carino

297 4280 1174 4358 imperante.claruerunt.Cum
1207 4282 1404 4333 autem
1427 4274 1799 4347 professione
1820 4293 1948 4333 me-

295 4373 412 4431 dici
452 4377 673 4440 essent,
709 4387 952 4428 omnem
1009 4366 1370 4426 oberrabant
1423 4364 1640 4434 locum,
1675 4364 1947 4422 infirmos

293 4463 606 4523 universos
633 4467 935 4522 curantes,
972 4458 1323 4528 nullamque
1351 4453 1531 4511 aliam
1563 4454 1636 4509 ab
1668 4454 1762 4524 iis,
1797 4471 1947 4527 quos

1986 1861 2040 1930 Β

2069 572 2310 650 φυλακῇ,
2343 568 2578 626 ἁλιεύων
2611 567 2664 626 ἐν
2710 573 2780 642 τῇ
2831 568 3006 644 λίμνῃ
3036 566 3387 644 Γεννησαρὲτ,
3434 565 3528 624 καὶ
3585 564 3733 637 λελη-

2069 661 2180 727 θεῖς
2211 661 2360 736 παρά
2388 664 2485 716 τοῦ
2545 663 2805 734 Χριστοῦ,
2866 659 3288 736 παρερχομένου
3335 657 3434 726 τήν
3490 655 3718 728 λίμνην,

2069 753 2444 826 ἠκολούθησεν
2474 753 2621 825 αύτῷ
2656 755 2790 826 μετᾶ
2817 755 2913 806 τοῦ
2944 749 3184 828 ἀδελφοῦ
3242 750 3430 819 αὐτοῦ,
3479 748 3568 804 καὶ
3629 748 3720 826 γέο

2067 865 2220 921 γονεν
2253 845 2422 902 αὐτοῦ
2455 845 2726 918 μαθητής.
2756 843 2816 898 '0
2849 839 2906 898 δὲ
2949 838 3163 903 Παῦλος
3221 834 3476 913 Ἑϐραΐος
3524 836 3597 895 ὢν
3623 837 3722 894 καὶ

2068 935 2231 998 αὐτὸς
2257 934 2318 992 ἐκ
2370 937 2472 1000 τῆς
2528 932 2747 995 πόλεως
2808 934 3048 1007 Ταρσοῦ,
3102 931 3238 1003 μετὰ
3287 930 3385 998 τὴν
3443 927 3717 1003 ἀνάληψιν

2066 1029 2166 1080 τοῦ
2225 1023 2434 1096 Κυρίου
2493 1025 2700 1094 Ἰησοῦ,
2742 1019 2936 1078 ἐδίωκε
2985 1021 3084 1090 τὴν
3145 1018 3472 1091 Ἐκκλησίαν
3526 1018 3720 1075 αὐτοῦ.

2071 1114 2251 1174 Ἀλλά
2279 1111 2509 1186 κληθεὶς
2538 1113 2629 1169 καὶ
2663 1111 2847 1180 αὐτὸς,
2878 1111 3084 1187 ἐγένετο
3111 1109 3276 1166 αὐτοῦ
3311 1112 3579 1183 μαθητής.
3618 1107 3721 1166 Kal?

2074 1206 2210 1279 μετά
2243 1206 2450 1279 Πέτρου
2501 1204 2602 1272 τὴν
2663 1202 2989 1274 οἶκουμὲνην
3047 1197 3245 1276 σχεδὸν
3301 1199 3438 1271 ὅλην
3493 1199 3716 1274 περιελ-

2068 1295 2200 1360 θὼν.
2236 1293 2462 1369 ἐκήρυξε
2489 1294 2581 1349 τὸν
2611 1291 2873 1366 Χριστόν.
2907 1290 3004 1347 Καὶ
3035 1289 3195 1353 τέλος
3242 1288 3294 1345 ἐν
3326 1289 3516 1365 Ῥώμῃ
3546 1289 3715 1345 ἀπελ-

2069 1385 2254 1449 θόντες
2285 1383 2613 1463 ἀμφότεροι,
2642 1377 2840 1448 ἔπαθον
2875 1382 3007 1458 ὑπὲρ
3067 1382 3304 1456 Χριστοῦ
3364 1378 3470 1435 ὑπὸ
3527 1380 3716 1451 Νερω-

2071 1493 2186 1536 νοςο
2220 1475 2248 1530 6
2292 1475 2387 1548 μὲν
2417 1472 2621 1549 Πὲτρος
2678 1472 2813 1529 κατὰ
2869 1469 3116 1550 κεφαλῆς
3173 1468 3520 1547 παυρωθεῖς,
3576 1469 3604 1526 6
3659 1465 3718 1524 66

2073 1562 2291 1628 Παῦλος
2319 1560 2796 1643 ἀποκεφαλισθείς.

2621 1665 2800 1723 ΜΗΝΙ
2838 1666 2930 1723 ΤΩ
2967 1663 3168 1722 ΑΥΤΩ.

2871 1771 2917 1822 Λ

2247 1859 2318 1918 Ἥ
2381 1855 2594 1930 σύναξις
2645 1861 2756 1915 τῶν
2812 1857 2985 1934 ἁγίων
3041 1861 3111 1937 ιβ’
3188 1862 3535 1920 ἀποστόλων.

2140 1977 2202 2036 Ei
2244 1998 2313 2034 κα
2344 1973 2577 2039 ἕκαστος
2605 1981 2712 2034 τῶν
2746 1976 2910 2054 ἁγίων
2947 1977 3267 2036 ἀποστόλων
3319 1979 3372 2036 ἐν
3417 1979 3576 2055 ἄλλῳ
3620 1975 3721 2037 καὶ

2066 2065 2228 2141 ἄλλῳ
2257 2071 2434 2142 καιρῷ
2489 2065 2885 2142 ἐμαρτύρησεν,
2969 2065 3095 2123 ἀλλ’
3153 2069 3245 2125 οῦν
3295 2072 3332 2139 ὴ
3414 2070 3718 2143 Ἐκκλησία

2063 2162 2164 2214 τοῦ
2219 2161 2354 2214 Θεοῦ
2411 2153 2502 2213 διὰ
2551 2159 2720 2231 τιμὴν
2785 2152 3236 2233 ὑπερϐάλλουσαν
3293 2160 3536 2236 ἑορτάζει
3613 2163 3717 2231 τὴν

2066 2247 2278 2318 σύναξιν
2331 2244 2564 2313 τούτων,
2623 2245 2866 2322 ἐχόμενα
2943 2253 3048 2317 τῆς
3107 2250 3332 2323 μνήμης
3387 2254 3496 2306 τῶν
3551 2251 3720 2328 ἁγίων

2067 2335 2388 2394 ἀποστόλων
2442 2336 2650 2410 Πέτρου
2706 2335 2798 2394 καὶ
2855 2335 3099 2405 Παύλου,
3160 2339 3249 2395 καὶ
3309 2338 3511 2396 πάντας
3569 2342 3720 2413 ὁμοῦ

2066 2427 2422 2502 ἐγκωμιάζει,
2468 2425 2543 2489 ὡς
2605 2427 2706 2496 τήν
2767 2425 3096 2501 οίκουμένην
3149 2428 3508 2506 φωτίσαντας.
3539 2432 3719 2489 Ἔστω

2065 2515 2252 2572 τοίνυν
2284 2521 2387 2571 πᾶν
2426 2517 2645 2590 πρῶτος
2700 2513 2934 2570 ἐπαίνων
2985 2515 3203 2589 ἔπάξιος
3256 2517 3482 2591 ιΙὲτρος,
3531 2517 3559 2573 6
3597 2514 3714 2574 διά-

2066 2627 2239 2679 πυρος
2275 2606 2551 2679 μαθητής,
2585 2605 2613 2660 6
2647 2603 2751 2660 ὑπὸ
2781 2604 3034 2680 Νέρωνος
3089 2605 3228 2661 κατὰ
3282 2606 3524 2684 κεφαλῆς
3556 2627 3717 2662 σταυ-

2069 2696 2283 2772 ρωθείς.
2331 2694 2592 2770 Δεύτερος
2667 2694 2886 2756 Παῦλος
2941 2694 3006 2751 τὸ
3065 2698 3255 2759 σκεῦος
3312 2702 3413 2766 τῆς
3467 2694 3718 2774 ἐκλογῆς·

2066 2790 2096 2846 6
2185 2787 2272 2844 ὑπ’
2333 2784 2500 2841 αὐτοῦ
2559 2782 3043 2862 ἀποκεφαλισθείς.
3125 2784 3322 2858 Τρίτος
3380 2783 3635 2859 Ἀνδρέας
3693 2787 3726 2843 6

2065 2875 2484 2951 πρωτόκλητος,
2518 2876 2546 2930 ὁ
2604 2875 2694 2931 ὑπ’
2718 2874 2986 2951 Αἷγεάτου
3013 2874 3065 2930 ἰν
3099 2871 3305 2948 δένδρῳ
3364 2876 3715 2951 σταυρωθείς.

2064 2967 2332 3040 Τὲταρτος
2365 2960 2626 3028 Ἰάκωϐος
2659 2965 2687 3020 6
2727 2967 2826 3020 τοῦ
2883 2958 3192 3034 Ζεϐεδαίου,
3225 2965 3254 3022 6
3315 2965 3420 3020 ὑπὸ
3463 2963 3711 3041 Ἡρώδου

2070 3059 2318 3136 μαχαίρᾳ
2349 3055 2586 3134 σφαγείς.
2623 3055 2879 3128 Πέμπτος
2909 3056 2938 3112 6
2995 3053 3191 3111 τούτου
3251 3053 3491 3133 ἀδελφὸς
3535 3057 3718 3112 Ἰωάνο

2065 3173 2184 3222 νης,
2215 3150 2244 3206 6
2279 3151 2385 3218 ζῶν
2413 3143 2601 3225 ταφεὶς
2657 3145 2748 3201 καὶ
2811 3145 3146 3219 μετατιθείς.
3193 3147 3387 3209 Ἕκτος
3431 3147 3717 3211 Φίλιππος

3435 3231 3724 3308 Ἕϐδομος

2066 3325 2322 3399 Θωμᾶςὸ
2352 3319 2587 3393 Δίδυμος
2619 3321 2648 3375 6
2709 3321 2814 3376 ὑπὸ
2864 3317 3050 3378 Ἰνδῶν
3103 3319 3341 3397 λόγχαις
3399 3322 3718 3398 ἀναιρεθείς.

2064 3411 2302 3490 Ὄγδοος
2334 3408 2748 3484 Βαρθολομαῖος
2791 3410 2819 3466 ὁ
2876 3410 3222 3485 σταυρωθείς.
3255 3412 3506 3473 Ἔννατος
3561 3416 3717 3471 Ματ.

2065 3509 2220 3570 θαῖος
2254 3503 2284 3559 6
2342 3495 2757 3571 λιθοϐοληθείς.
2819 3500 3050 3562 Δέκατος
3109 3494 3368 3562 Ἰάκωϐος
3429 3499 3721 3577 ’Δλφαίοω

2060 3590 2382 3654 Ἐνδὲκατος
2434 3589 2623 3663 Σίμων
2682 3590 2710 3645 ὁ
2767 3586 3052 3659 Ζηλωτής.
3119 3585 3435 3653 Δωδέκατος
3510 3586 3722 3653 Ἰούδας

2059 3675 2331 3743 Ἰακώϐου
2358 3679 2683 3758 νρεμασθεὶς
2715 3677 2805 3734 καὶ
2828 3677 3117 3752 τοξευθείς.

2481 3795 2809 3892 ΜΗΝΙ
2891 3792 3328 3892 ΙΟΥΛΙΩ

2660 3930 2749 3988 Ἐν
2775 3934 2845 4005 τῇ
2885 3949 3095 4007 πρωτῃ.

2128 4023 2402 4097 ’Δθλησις
2451 4023 2558 4079 τῶν
2647 4019 2814 4097 ἁγίων
2855 4019 3216 4097 ῘΑναργύρων
3275 4023 3469 4095 Κοσμᾶ
3534 4023 3623 4078 καὶ

2506 4091 2784 4166 Δαμιανοῦ
2810 4095 2920 4148 τῶν
2951 4091 3005 4148 ἐν
3033 4091 3244 4168 Ῥώμῃ.

2125 4190 2352 4260 Κοσμᾶς
2408 4184 2497 4240 καὶ
2556 4182 2844 4258 Δαμιανὸς,
2877 4182 2932 4238 οἱ
2983 4186 3080 4238 τοῦ
3137 4185 3376 4258 Χριστοῦ
3409 4184 3699 4258 μάρτυρες,

2057 4277 2308 4352 ὑπῆρχον
2345 4274 2439 4348 μὶν
2472 4271 2560 4329 ἐπὶ
2615 4279 2717 4342 τῆς
2774 4270 3050 4349 βασιλείας
3101 4270 3352 4344 Χαρίνου.
3383 4273 3581 4348 Ἰατροὶ
3639 4271 3699 4328 δὲ

2053 4359 2204 4428 ὅντες
2233 4365 2332 4434 τήν
2384 4364 2614 4439 τέχνην,
2667 4363 3040 4439 περιήρχοντο
3091 4363 3266 4416 πάντα
3318 4360 3509 4430 τόπον,
3566 4368 3696 4418 πᾶσι

2051 4460 2170 4518 τοῖς
2225 4455 2506 4510 ἀσθενοῦσι
2566 4453 2899 4529 παρέχοντες
2951 4452 3048 4514 τὰς
3107 4453 3296 4520 ἰάσεις,
3353 4455 3544 4527 μισθὸν
3593 4461 3698 4523 τῆς

293 4549 940 4620 sanabant,curationis
968 4547 1305 4604 mercedem
1339 4550 1944 4616 exposcentes.quam

2064 4543 2292 4621 ἰατρείας
2347 4541 2624 4606 αῗτοῦντες
2701 4540 2829 4604 τοὺς
2905 4543 3370 4615 θεραπευομένους
3426 4543 3526 4612 τήν
3616 4543 3698 4608 εἷς

293 4642 593 4699 utChristi
624 4641 802 4696 fidem
834 4637 1351 4710 amplecterentur.
1388 4633 1500 4688 Sed
1531 4633 1940 4690 existimantes

2064 4635 2286 4709 Χριστὸν
2338 4640 2543 4689 πίστιν.
2591 4629 3029 4710 ’Τπολειφθέντες
3088 4630 3179 4686 οὖν
3238 4632 3383 4707 παρᾶ
3433 4637 3542 4689 τῶν
3599 4655 3701 4690 πε-

298 4731 523 4787 seducti
560 4727 1056 4786 idololatrmjllos
1081 4725 1323 4796 magicis
1361 4722 1589 4780 artibus
1607 4722 1944 4780 curationes

292 4819 510 4884 facere,
545 4816 887 4888 imperatori
921 4814 1208 4870 detulere.
1258 4811 1654 4879 Quamobrem
1671 4828 1945 4886 compre-

295 4907 492 4971 hensi.
524 4904 1043 4978 compellebantur
1086 4903 1386 4960 Christum
1417 4901 1711 4974 abnegare
1737 4919 1752 4958 :
1783 4900 1943 4975 quod

292 5013 428 5053 cum
454 4995 646 5051 facere
688 4997 1052 5059 recusarent,
1081 4991 1155 5048 ad
1183 4991 1475 5065 supplicia
1518 5007 1648 5048 sese
1671 4991 1944 5064 accinge-

295 5086 458 5142 bant.
495 5086 704 5141 Verum
737 5081 952 5139 Christi
973 5081 1187 5138 virtute
1217 5082 1638 5153 imperatorem
1661 5080 1942 5140 Carinum

293 5174 366 5230 ab
391 5190 590 5231 errore
612 5178 961 5230 revocarunt
985 5171 1149 5227 Collo
1172 5171 1333 5227 enim
1349 5169 1547 5226 luxato
1565 5169 1940 5227 laborantem

295 5270 600 5322 curarunt.
634 5264 1172 5336 eﬂ'eceruntque,ut
1191 5275 1312 5317 non
1340 5258 1532 5315 solum
1555 5259 1681 5331 ipse
1702 5260 1764 5316 in
1783 5260 1945 5317 Chri-

297 5361 456 5411 stum
486 5351 886 5412 crederet.sed
911 5357 970 5409 et
997 5365 1207 5407 omnes
1235 5348 1400 5407 illius
1422 5347 1755 5406 domestici.
1792 5349 1942 5407 Hinc

291 5445 353 5502 in
376 5445 604 5502 honore
636 5441 844 5509 habiti,
894 5439 1178 5499 invidiam
1235 5437 1501 5512 magistri
1529 5437 1682 5496 148
1715 5439 1804 5496 sui
1839 5453 1938 5496 su-

292 5533 476 5592 biere.
502 5532 566 5590 ln
599 5536 862 5588 montem
901 5531 1102 5604 itaque
1153 5528 1227 5587 ab
1277 5544 1347 5588 eo
1380 5526 1639 5596 deducti,
1667 5526 1740 5589 ad
1769 5526 1934 5588 colli-

297 5622 521 5698 gendas
545 5619 777 5682 scilicet
804 5619 1042 5692 herbas,
1072 5618 1322 5694 lapidati
1353 5623 1512 5679 sunt.

2049 4721 2418 4797 πλανημένων
2451 4719 2902 4794 είδωΛολατρῶν,
2933 4721 3008 4785 ὡς
3055 4719 3144 4777 διὰ
3199 4729 3437 4800 μαγικῆς
3489 4725 3698 4799 τέχνης

2049 4813 2145 4876 τάς
2201 4811 2487 4888 θεραπείας
2544 4815 2850 4882 ποιοῦντες,
2901 4811 3350 4886 κατεμήνύθησαν
3405 4813 3484 4885 τῷ
3541 4813 3696 4889 βασι-

2050 4905 2159 4961 λεῖ.
2214 4902 2312 4960 Καὶ
2361 4903 2719 4979 κρατηθέντες
2783 4902 3156 4978 ἠναγκάζοντο
3215 4903 3546 4979 ἀρνήσασθαι
3603 4905 3698 4960 τὸν

2049 4995 2308 5067 Χριστόν.
2344 4992 2449 5050 Καὶ
2485 4993 2560 5064 μὴ
2589 4993 2918 5063 πεισθέντες,
2970 4993 3108 5067 πρὸς
3171 4993 3437 5069 βασάνους
3495 4993 3693 5070 ηὐτρε.

2049 5082 2296 5154 πίζοντο·
2327 5081 2474 5139 ἀλλὰ
2511 5079 2732 5155 δυνάμει
2791 5082 3034 5156 Χριστοῦ
3089 5081 3182 5138 τὸν
3246 5082 3474 5156 βασιλάα
3531 5088 3696 5159 lapi-

2047 5194 2138 5229 νον
2181 5179 2283 5244 τῆς
2335 5171 2548 5240 πλάνης
2601 5167 2947 5243 ἀπήλλαξαν.
3001 5169 3533 5248 Ἐκτραχηλισθὲντα
3587 5171 3694 5248 γὰρ

2049 5261 2210 5320 αὐτὸν
2290 5259 2597 5334 ίασάμενοι,
2657 5259 2719 5316 ού
2799 5260 2961 5334 μόνον
3047 5259 3208 5318 αὐτὸν
3295 5259 3694 5336 παρεσκεύασαν

2046 5354 2324 5409 πιστεῦσαι
2355 5349 2436 5423 τῷ
2465 5352 2706 5424 Χριστῷ.
2737 5348 2885 5407 ἀλλὰ
2931 5349 3020 5406 καὶ
3051 5351 3180 5413 τοὺς
3231 5349 3468 5414 οίκείους
3523 5351 3696 5407 αὐτοῦ

2046 5443 2267 5504 πάντας.
2303 5441 2400 5500 Ἐκ
2424 5437 2626 5496 τούτου
2657 5438 2754 5496 οὖν
2787 5438 2839 5497 ἰν
2899 5442 3038 5515 τιμῇ
3097 5437 3398 5516 διάγοντες,
3455 5439 3699 5515 ἐφθονή-

2047 5541 2214 5602 θησαν
2271 5529 2421 5607 παρά
2469 5532 2570 5586 τοῦ
2619 5526 2956 5588 διδασκάλου
3008 5529 3209 5592 αὐτῶν.
3270 5529 3372 5591 Καὶ
3426 5529 3503 5593 είς
3563 5525 3695 5603 ὅρος

2043 5619 2371 5695 ἀναχθὲντες
2399 5621 2527 5697 παρ’
2582 5621 2752 5680 αὐτοῦ
2803 5618 2964 5692 δῆθεν
3005 5619 3096 5679 ἰπὶ
3135 5617 3388 5699 συλλογῇ
3422 5619 3696 5699 βοτανῶν,

2044 5701 2547 5782 ἰλιθοεολήθησιν.
