4104 6196
309 328 428 392 517

458 460 563 519 Καὶ
598 458 788 534 μνήμη
815 460 914 515 τοῦ
947 456 1101 514 όσιου
1142 455 1354 531 Πατρὸς
1402 455 1565 529 ἡμῶν
1592 453 1821 525 Πέτρου.

386 613 594 692 Πέτρος
654 616 682 669 ὁ
743 612 892 675 Scio:
946 614 1131 685 Πατὴρ
1208 613 1393 684 ἡμῶν,
1453 609 1697 683 ὑπῆρχεν
1755 607 1815 664 ἐκ
1872 613 1970 676 τῆς

1852 319 1883 382 J
1892 312 2127 383 ULIUS
2140 364 2154 380 .

1993 469 2043 533 A

3617 329 3736 393 518

2217 456 2289 512 Et
2317 455 2766 512 commemoratio
2793 456 2976 514 sancti
2995 459 3181 514 Patris
3209 463 3388 516 nostri
3416 463 3591 518 Petri.

2149 600 2398 656 Sanctus
2429 602 2602 655 Pater
2626 608 2830 657 noster
2862 604 3070 659 Petrus
3110 610 3284 661 natus
3315 611 3740 666 Constantino-

316 704 954 766 Κωνσταντινουπόλεως
1011 704 1099 759 ἐπὶ
1157 709 1257 772 τῆς
1290 701 1570 778 βασιλείας
1606 700 1845 774 Εἰρήνης
1872 705 1971 767 τῆς

2109 691 2200 745 loli
2225 692 2589 763 temporibus
2612 693 2813 747 lrenes
2832 693 3295 766 religiosissima:
3322 698 3744 771 imperatricis,

317 793 730 867 εὖσεὸεστάτης,
816 796 933 855 υἱὸς
1026 792 1427 848 Κωνσταντίνου
1515 791 1826 865 πατρικίου,
1890 789 1975 865 ὑφ’

314 891 375 943 0-3
432 885 524 940 καὶ
585 890 756 940 πᾶσαν
813 885 1026 960 γραφὴν
1072 880 1338 956 ἐδιδάχθη
1395 877 1737 950 Ἑλληνικήν
1800 877 1976 932 τεκαὶ

316 977 730 1053 Χριστιανικήν.
794 975 932 1031 Εἶτα
989 972 1306 1047 συζευχθεὶς
1362 970 1602 1046 γυναικὶ,
1654 968 1843 1043 γὲγονε
1875 988 1981 1020 πα-

314 1066 547 1140 τρίκιος’
605 1062 697 1117 καὶ
754 1059 846 1116 διά
896 1063 996 1128 τήν
1053 1058 1300 1135 ἀνδρείαν
1358 1059 1522 1113 αὐτοῦ
1587 1055 1975 1133 προεήειρίσθη

317 1156 656 1228 Δομέστικος
703 1156 813 1206 τῶν
870 1148 1094 1207 σχολῶν
1152 1149 1299 1223 παρά
1357 1147 1673 1225 Νικηφόρου
1708 1144 1978 1221 βασιλέως

311 1250 413 1300 τοῦ
474 1243 679 1318 πατρὸς
738 1238 1097 1312 Σταυρακίου.
1166 1239 1269 1295 Καὶ
1353 1234 1841 1309 συνεκστρατεόσας
1897 1238 1979 1305 τῷ

318 1333 542 1409 βασιλεῖ
590 1330 730 1385 κατά
784 1326 1136 1403 Βουλγαρων,
1198 1326 1333 1399 μετά
1387 1326 1485 1394 τὴν
1543 1325 1753 1403 σφαγὴν
1812 1324 1981 1379 αὐτοῦ

309 1425 402 1478 καὶ
481 1424 583 1491 τὴν
651 1421 828 1498 φυγὴν
900 1422 996 1474 τοῦ
1075 1417 1198 1472 υἱοῦ
1286 1416 1647 1490 Σταυρακίου,
1708 1413 1979 1490 ἐκρατήθη

317 1514 458 1588 μετᾶ
512 1512 711 1587 ἑτέρων
765 1510 1121 1579 *πεντήκοντα⁸
1175 1506 1267 1561 καὶ
1330 1504 1402 1561 δι’
1462 1505 1634 1581 εὐχῆς
1686 1503 1984 1579 λυτρωθείς

310 1607 424 1657 τῶν
459 1599 673 1673 δεσμῶν
726 1600 830 1654 ὑπὸ
873 1601 973 1664 τῆς
1024 1595 1337 1672 ἐπιφανείας
1390 1599 1486 1651 τοῦ
1536 1594 1695 1669 ἁγίου
1730 1595 1984 1651 Ἰωάννου

313 1696 414 1747 τοῦ
447 1691 747 1765 Θεολόγου,
795 1688 889 1743 τὸν
938 1687 1144 1759 κόσμον
1192 1684 1537 1751 καταλιπὼν,
1570 1683 1782 1759 ἐγένετο
1818 1703 1987 1755 μονα-

318 1779 449 1853 χός.
477 1778 582 1835 Καὶ
614 1776 870 1846 συνήσκει
902 1773 954 1829 ἐν
986 1774 1065 1847 τῴ
1116 1770 1232 1848 ὄρει
1287 1775 1386 1827 τοῦ
1416 1770 1704 1843 Ὀλύμπου
1736 1774 1816 1843 τῷ
1846 1768 1986 1844 ἁγίῳ

2083 787 2246 853 patre
2268 781 2654 836 Constantino
2675 782 2946 853 patricio,
2969 800 3002 838 a
3025 801 3141 855 quo
3162 786 3497 843 universam
3524 789 3749 846 littera~

2083 878 2274 925 turam
2301 871 2635 925 Graecorum
2660 879 2837 943 atque
2860 873 3331 930 Christianorum
3356 877 3601 934 edoctus
3632 886 3746 943 est;

2084 960 2260 1015 ducta
2291 959 2428 1014 dein
2463 977 2641 1014 uxore
2670 963 2953 1032 patricius
2983 963 3197 1028 factus,
3227 966 3299 1020 ob
3324 967 3603 1023 eximiam
3632 970 3745 1024 vir-

2085 1056 2273 1106 tutem
2330 1066 2365 1105 a
2422 1051 2752 1122 Nicephoro
2812 1053 3175 1125 imperatore
3235 1056 3524 1113 Slauracii
3583 1066 3751 1131 patre

2086 1141 2449 1197 domesticus
2476 1142 2819 1198 Scholarum
2846 1145 3153 1201 institutus
3176 1147 3309 1211 fuit,
3330 1156 3389 1202 et
3409 1165 3541 1204 cum
3568 1150 3751 1224 impe-

2087 1238 2283 1288 ratore
2312 1230 2594 1287 adversus
2628 1233 2905 1306 Bulgaros
2939 1235 3230 1291 militavit.
3264 1238 3408 1293 Cum
3449 1256 3585 1295 vero
3616 1246 3750 1313 post

2086 1322 2251 1377 illius
2280 1337 2511 1383 necem,
2537 1328 2596 1376 et
2621 1322 2904 1379 Stauracii
2930 1325 3035 1381 ﬁlii
3060 1327 3192 1397 ejus
3222 1326 3582 1400 iugam.cum
3614 1330 3747 1387 aliis

2088 1411 2519 1483 quinquaginta
2575 1420 2782 1483 captus
2838 1419 3015 1479 esset,
3057 1422 3299 1487 propter
3328 1416 3488 1473 fusas
3519 1436 3747 1492 preces,

2089 1501 2283 1558 eidem
2310 1509 2635 1574 apparente
2655 1504 2879 1559 Joanne
2905 1505 3220 1578 Theologo,
3252 1506 3503 1564 vinculis
3536 1509 3751 1567 libera-

2089 1597 2204 1650 tus.
2238 1591 2511 1648 abdicato
2572 1593 2772 1648 seculo
2830 1595 3158 1651 monachus
3216 1596 3407 1653 factus
3461 1604 3571 1667 est,
3603 1600 3751 1657 etin

2091 1687 2292 1737 monte
2316 1681 2563 1754 Olympo
2582 1699 2700 1738 una
2721 1700 2854 1738 cum
2885 1690 3088 1740 sancto
3103 1686 3413 1743 Joannicio
3436 1690 3753 1747 asceticam

2089 1771 2272 1826 vitam
2308 1771 2584 1828 traduxit.
2618 1774 2937 1845 Postquam
2968 1790 3104 1830 vero
3140 1776 3240 1830 ille
3268 1777 3645 1842 decessisset,
3679 1779 3755 1836 ad

316 1864 660 1939 ’1ωαννικίῳ.
717 1864 868 1921 Μετὰ
923 1861 981 1918 δὲ
1037 1861 1301 1935 κοίμησιν
1380 1860 1613 1929 ἐκείνου,
1672 1861 1772 1927 τήν
1835 1860 1991 1934 βασι-

2109 1861 2316 1934 regiam
2353 1861 2561 1916 urbem
2597 1862 2918 1933 profectus,
2968 1864 3029 1919 in
3075 1865 3324 1926 uadibus.
3357 1884 3503 1938 quas
3534 1868 3661 1939 ipse
3693 1870 3754 1927 in

313 1953 583 2010 λεύουσαν
664 1944 986 2006 καταλαϐὼν
1074 1948 1164 2003 καὶ
1248 1945 1667 2020 προσκαθεσθείς
1723 1943 1804 2018 τῷ
1861 1946 1985 2021 παρ’

313 2045 484 2099 αὑτοῦ
518 2037 947 2112 οἰκοδομηθέντι
1004 2043 1118 2111 ναῷ
1165 2036 1218 2093 ὲν
1272 2042 1389 2099 τοῖς
1434 2033 1726 2112 Εὐάνδρου-
1761 2035 1850 2089 καὶ
1882 2038 1956 2089 πᾶ

318 2154 415 2188 σαν
478 2132 674 2208 ἀρετήν
730 2128 1160 2203 ἐπιδειξάμενος,
1190 2127 1281 2183 καὶ
1313 2126 1500 2183 πολλά
1544 2126 1792 2200 θαύματα
1822 2127 1989 2197 ποιή-

320 2244 440 2296 σας,
473 2221 794 2290 ἐτελειώθή.

874 2367 1055 2425 ΜΗΝΙ
1102 2370 1190 2423 ΤΩ
1246 2366 1452 2424 ΔΥΤΩ.

1135 2461 1182 2513 Β

428 2580 493 2637 Ἦ
524 2577 811 2643 κατάθεσις
852 2578 950 2646 τῆς
981 2576 1181 2705 τὲμίαέ
1201 2573 1429 2643 ἐσθῆτος
1458 2578 1559 2644 τῆς
1592 2572 1884 2651 ὑπεραγίας

1060 2668 1149 2703 εοτ
1186 2666 1307 2703 κου.

1060 2666 1307 2703 εοτοκου.

396 2792 520 2852 Ἐπῖ
573 2798 674 2861 τῆς
740 2789 1022 2866 βασιλείας
1080 2790 1312 2851 Λέοντος
1369 2791 1467 2843 τοῦ
1520 2786 1794 2862 Μεγάλου,
1828 2784 1993 2843 ἀδελ-

326 2885 421 2962 φοὶ
480 2881 581 2938 δύο
635 2881 938 2957 πατρίκιοι,
1017 2874 1251 2941 Γάλϐιος
1326 2879 1414 2933 καὶ
1477 2874 1764 2948 Κανδιδος,
1822 2876 1989 2963 πόθον

327 2974 493 3049 ἔσχον
547 2976 645 3027 τοῦ
700 2972 957 3027 ἀπελθεῖν
1018 2971 1108 3025 καὶ
1167 2971 1541 3045 προσκυνῆσαι
1592 2968 1721 3030 τοὺς
1750 2966 1803 3023 ἐν
1837 2968 1996 3042 Ἱερο-

329 3063 601 3137 σολύμοις
634 3062 825 3137 ἁγίους
871 3063 1096 3124 τόπους.
1147 3061 1258 3128 Τήν
1306 3057 1484 3138 ἔφεσιν
1517 3057 1609 3114 οὗν
1642 3058 1820 3113 αὐτῶν
1851 3057 1995 3128 πλη.

332 3156 631 3229 ρώσαντες,
690 3151 942 3221 ἀπῆλθον
999 3150 1075 3214 εἰς
1131 3148 1527 3220 Παλαιστίνην
1585 3148 1677 3204 καὶ
1732 3147 1993 3203 ἀπλικεό-

2095 1951 2224 2006 loco
2252 1950 2502 2005 Evandri
2526 1952 2823 2022 appellato
2848 1958 3236 2017 exstruxerat,
3262 1957 3753 2023 consedit,omni-

2097 2040 2324 2112 busque
2347 2042 2662 2097 virtutibus
2685 2042 2902 2110 clarus,
2924 2049 2981 2098 et
3005 2044 3207 2101 multis
3230 2046 3405 2103 editis
3429 2047 3753 2115 miraculis,

2098 2131 2279 2186 vitam
2307 2130 2521 2189 ﬁnivit.

2657 2367 2900 2424 EODEM
2939 2368 3191 2427 MENSE.

2707 2458 2812 2515 Die
2870 2460 3152 2517 secunda.

2173 2577 2454 2647 Depositio
2483 2578 2809 2633 venerandae
2836 2580 2994 2634 vestis
3012 2578 3367 2637 sanctissimae
3399 2581 3664 2653 Deipara.

2172 2784 2507 2856 Imperante
2538 2785 2731 2841 Leone
2766 2786 3116 2855 Magno,duo
3138 2787 3353 2844 fratres
3375 2790 3768 2860 patricii,Gal-

2100 2874 2235 2929 hius
2265 2881 2324 2929 et
2360 2873 2660 2930 Candidus
2703 2876 2932 2931 incensi
2992 2877 3290 2933 desiderio
3343 2881 3762 2951 proficiscendi

2102 2964 2507 3035 adorandique
2536 2972 2741 3020 sancta
2761 2967 3305 3038 Hierosolymorum
3330 2968 3478 3032 loca,
3499 2972 3560 3025 in
3587 2972 3766 3028 Palas-

2101 3053 2320 3109 stinam
2344 3069 2404 3108 se
2428 3054 2735 3109 contulere
2765 3072 2778 3110 :
2808 3062 2866 3110 et
2893 3055 3256 3111 divertentes
3280 3062 3341 3113 in
3374 3059 3531 3114 mdes
3561 3063 3765 3130 cujus-

2102 3142 2239 3198 dam
2299 3143 2509 3197 vetulm
2564 3144 2863 3211 Hmbrmm,
2925 3161 3062 3200 cum
3117 3146 3339 3201 ibidem
3407 3156 3764 3221 aegrotorum

336 3264 521 3305 σαντες
579 3241 658 3303 εἷς
716 3243 865 3297 οἶκον
930 3236 1186 3316 Ἐϐραίας
1259 3242 1513 3317 γυναικὸς
1590 3239 1779 3314 γραὸς,
1839 3238 1991 3312 εὗρον

2109 3232 2343 3288 turbam
2372 3234 2675 3303 jacentem
2706 3233 3011 3297 vidissent,
3046 3251 3283 3290 causam
3319 3238 3764 3307 percontati.di-

334 3333 445 3388 ἐκεῖ
493 3331 685 3401 πλήθη
757 3332 989 3395 ἀσθενῶν
1054 3330 1476 3402 κατακειμένων.
1529 3328 1633 3388 Καὶ
1686 3328 1993 3403 ἐρωτήσαν-

331 3443 440 3492 τες,
500 3421 730 3493 ἔμαθον,
788 3420 872 3474 ὅτι
930 3419 1042 3483 ἐκεῖ
1097 3419 1437 3474 ἐναπόκειται
1482 3420 1517 3489 ἡ
1566 3424 1665 3488 τῆς
1725 3417 1996 3473 Θεοτόκου

333 3513 489 3584 τιμία
541 3510 720 3581 ἐσθής.
775 3508 880 3568 Καὶ
938 3508 1290 3582 αἰτησάμενοι
1360 3506 1616 3577 είσῆλθον
1686 3512 1997 3578 προσκυνῆ-

337 3621 422 3655 σαι
459 3600 661 3669 αὐτήν,
726 3601 823 3653 Καὶ
884 3594 975 3653 διὰ
1028 3598 1216 3659 νυκτὸς
1275 3592 1536 3658 λαϐόντες
1587 3594 1905 3665 λεληθότως
1934 3596 2001 3650 τά

340 3689 505 3764 μέτρα
558 3694 660 3755 τῆς
739 3691 940 3759 θήκης,
1025 3687 1276 3758 ἀπῆλθον
1332 3686 1410 3750 εἷς
1469 3683 1849 3762 Ἱεροσόλυμα·
1906 3684 1997 3741 καὶ

331 3780 824 3840 κατασκευάσαντες
910 3778 1110 3850 ὁμοίαν
1168 3779 1366 3849 θήκην,
1424 3773 1591 3832 πάλιν
1640 3777 1998 3853 ὑπέστρεψαν.

336 3870 436 3928 Καὶ
492 3870 673 3930 θεθτες
732 3868 865 3938 εκεῖ,
924 3861 1261 3923 ἀνελαϐοντο
1322 3867 1420 3935 τὴν
1478 3867 1861 3941 πρωτότυπον,
1909 3864 2001 3921 καὶ

344 3961 558 4035 ἤγαγον
618 3956 697 4020 εἷς
757 3954 1360 4021 Κωνσταντινοόπολιν,
1416 3954 1746 4031 ἀποθέμενοι
1804 3955 1858 4012 ἰν
1923 3959 2005 4029 τῷ

345 4050 658 4122 προαστείῳ
712 4047 915 4114 αὐτῶν,
977 4044 1286 4121 Βλαχὲρναι
1347 4044 1649 4120 λεγομενῳ·
1686 4042 2002 4116 δοξάσαντες

343 4142 453 4212 ἅμα
482 4143 562 4210 τῷ
591 4135 807 4212 βασιλεῖ
834 4138 924 4192 καὶ
954 4141 1034 4209 τῷ
1081 4137 1201 4209 λαῷ
1254 4140 1349 4192 τῦν
1380 4137 1510 4194 Θεὸν
1544 4134 1632 4191 ἐπὶ
1661 4139 1742 4208 τῷ
1768 4136 2005 4209 τοιούτῳ

340 4228 744 4303 θησαυρίσματι
759 4269 771 4286 .

482 4364 587 4424 Καὶ
621 4361 852 4435 ἄθλησις
897 4367 995 4419 τοῦ
1050 4363 1210 4440 ἁγίου
1254 4362 1525 4440 μάρτυρος
1556 4362 1859 4429 Ὑακίνθου.

410 4529 472 4587 Ὀ
530 4531 629 4583 τοῖ’)
684 4528 919 4586 Χριστοῦ
998 4527 1203 4601 μάρτυς
1280 4526 1556 4592 Ὑάκινθος
1626 4528 1845 4603 ὑπῆρχε
1908 4528 2003 4601 μὲν

2108 3321 2400 3385 dicerunt,
2434 3338 2504 3376 eo
2551 3322 2614 3376 in
2672 3321 2801 3377 loco
2860 3323 3179 3393 pretiosam
3240 3331 3460 3380 vestem
3500 3326 3764 3396 Deiparm

2110 3412 2419 3467 asservari.
2453 3414 2753 3483 Rogarunt
2796 3412 3020 3483 itaque,
3077 3420 3143 3467 ut
3202 3431 3331 3470 eam
3372 3415 3620 3472 adorare
3654 3418 3767 3474 sibi

2109 3499 2334 3559 liceret.
2357 3506 2416 3556 et
2435 3501 2677 3557 admissi
2701 3508 2857 3556 sunt.
2886 3502 3029 3558 Cum
3054 3520 3188 3559 vero
3208 3511 3387 3561 noctu
3404 3506 3556 3562 clam
3583 3508 3768 3565 thecas

2109 3604 2453 3645 mensuram
2501 3590 2891 3660 accepissent,
2945 3591 3351 3664 HierOsolyma
3382 3595 3651 3665 profecti,
3685 3597 3770 3654 ibi

2113 3678 2371 3733 similem
2388 3677 2618 3734 thecam
2637 3687 3073 3750 prmpararunt:
3090 3683 3431 3753 reversique
3449 3684 3522 3740 ad
3540 3685 3773 3743 easdem

2114 3766 2293 3832 mdes,
2328 3766 2560 3822 thecam
2595 3783 2774 3839 quam
2805 3768 3150 3835 attulerant,
3176 3770 3407 3827 sublato
3435 3781 3771 3848 prototypo,

2116 3872 2243 3927 sup:
2270 3861 2595 3911 osuerunt:
2632 3855 2790 3929 quod
2838 3857 2991 3913 149
3026 3858 3602 3934 Constantinopolim
3636 3865 3777 3923 inde

2118 3945 2493 4007 translatum.
2548 3946 2609 4002 in
2668 3963 2773 4002 suo
2834 3947 3141 4017 suburbio,
3203 3950 3361 4022 quod
3416 3952 3775 4012 Blachernas

2117 4035 2444 4107 appellant,
2477 4034 2905 4108 deposuerunt.
2962 4039 3182 4110 gratias
3214 4048 3458 4113 agentes
3488 4060 3607 4099 una
3637 4062 3773 4103 cum

2116 4125 2477 4196 imperatore
2509 4130 2569 4180 et
2594 4126 2838 4198 populo,
2871 4126 2945 4182 ob
2994 4127 3173 4185 talem
3223 4132 3583 4202 acquisitum
3632 4134 3771 4190 the-

2120 4230 2381 4271 saurum.

2334 4368 2405 4423 Et
2437 4373 2708 4423 certamen
2736 4366 2918 4424 sancti
2947 4370 3208 4438 martyris
3237 4371 3563 4440 Hyacinthi.

2194 4531 2409 4601 Martyr
2434 4529 2648 4585 Christi
2682 4530 3046 4600 Hyacinthus
3067 4531 3127 4586 in
3156 4532 3408 4605 Phrygia
3438 4540 3631 4599 natus,
3657 4535 3772 4592 ibi-

344 4614 400 4671 ὲκ
426 4619 527 4686 τῆς
560 4616 748 4693 χώρας
782 4616 1042 4691 Φρυγίας,
1092 4615 1143 4671 ἐν
1201 4616 1237 4691 ᾖ
1294 4617 1384 4672 καὶ
1416 4619 1516 4687 τὴν
1547 4612 1816 4672 εὐσέϐειαν
1847 4614 1993 4672 ἐπαι-

2118 4620 2253 4676 dem
2277 4620 2556 4692 pietatem
2582 4618 2807 4673 didicit.
2833 4620 2976 4675 Inde
2999 4621 3218 4693 Cymen
3243 4623 3448 4678 urbem
3476 4625 3776 4695 profectus

347 4702 505 4775 82-50%,
564 4704 846 4769 Ἀπελθὼν
910 4703 967 4761 δὲ
1025 4705 1100 4767 εἷς
1158 4705 1352 4779 Κῦμην
1400 4707 1498 4776 τὴν
1536 4706 1695 4761 πόλιν
1730 4706 1849 4761 ἰᾶτο
1879 4706 2004 4769 τοὺς

345 4799 641 4857 νοσοῦντας
693 4795 778 4850 ἐπὶ
838 4798 919 4867 τῷ
973 4793 1202 4867 ὀνόματι
1252 4799 1350 4849 τοῦ
1404 4796 1661 4870 Χριστοῦ.
1718 4795 1816 4851 Καὶ
1863 4816 2006 4870 γνω-

350 4884 492 4948 σθεὶς
552 4885 699 4958 παρά
749 4888 858 4939 τῶν
911 4880 1356 4957 εἷδωλυλατρῶν,
1412 4883 1680 4959 ἐκρατήθη
1736 4886 1826 4939 καὶ
1870 4903 2009 4957 παρ-

348 4974 506 5047 εδόθη
545 4980 623 5045 τῷ
652 4982 757 5043 τῆς
804 4976 993 5052 χώρας
1045 4974 1294 5050 ἡγεμόνι.
1340 4975 1436 5030 Καὶ
1470 4975 1818 5052 ἀναγκασθεὶς
1852 4980 2005 5040 θῦσαι

347 5071 463 5127 τοῖς
524 5062 801 5134 εἰδώλοις,
858 5064 949 5120 καὶ
1030 5065 1107 5137 μή
1192 5064 1458 5131 πεισθεὶς,
1514 5059 1861 5132 ἐϐασανίσθη·
1917 5064 2006 5119 καὶ

347 5155 643 5227 εὐξάμενος
689 5159 770 5226 τῷ
827 5158 965 5225 Θεῷ,
1014 5150 1297 5227 παρέδωκε
1344 5154 1435 5210 τὸν
1467 5154 1709 5230 ἡγεμόνα
1738 5153 2006 5225 πνεύματι

343 5248 658 5321 ἀκαθάρτῳ
718 5247 807 5301 καὶ
863 5247 1351 5320 θαυματουργήσας
1427 5244 1773 5321 ἐθεράπευσεν
1825 5244 2007 5313 αὐτὸν,

346 5337 710 5393 mene-50an
766 5336 841 5398 ε’⁷ς
893 5337 1149 5410 Χριστὸν,
1206 5335 1298 5391 καὶ
1364 5334 1635 5405 ἀπελύθη.
1689 5338 1823 5393 Εἶτα
1878 5357 2009 5408 κρα-

346 5427 534 5497 τηθείς
593 5427 740 5498 παρά
795 5430 901 5481 τῶν
960 5425 1243 5499 Κυμαίων,
1298 5425 1641 5501 ἐτιμωρήθη.
1694 5426 1798 5482 Καὶ
1845 5425 2012 5481 πάλιν

347 5515 661 5591 εὐξάμενος,
718 5516 808 5571 καὶ
863 5516 1037 5579 σείσας
1108 5518 1208 5586 τὴν
1288 5515 1476 5584 πόλιν,
1535 5514 1627 5571 καὶ
1684 5515 1751 5571 τά
1808 5514 2013 5572 εἷ’δωλα

349 5607 670 5682 συντρίψας,
722 5603 971 5671 πολλοὺς
1049 5601 1229 5662 ἔπεισε
1306 5610 1585 5662 πιστεῦσαι
1642 5608 1722 5679 τῷ
1771 5609 2010 5681 Χριστῷ.

350 5695 455 5753 Καὶ
511 5695 649 5769 μετᾶ
713 5695 884 5751 ταύτα
964 5694 1256 5771 κρατηθεὶς
1342 5694 1490 5771 παρά
1562 5692 1858 5771 Κλεάρχου
1914 5699 2012 5751 τοῦ

2116 4726 2302 4781 aegros
2331 4709 2391 4763 in
2437 4708 2676 4763 nomine
2727 4708 2941 4763 Christi
2992 4709 3257 4767 sanabat.
3294 4713 3541 4783 Agnitus
3572 4714 3773 4785 itaque

2116 4798 2188 4853 ab
2219 4798 2552 4854 idololatris
2594 4798 3203 4870 comprehensusque,
3245 4801 3503 4873 regionis
3534 4803 3773 4875 praesidi

2117 4888 2371 4944 traditus
2392 4888 2860 4959 est.Compulsus
2884 4905 3059 4959 porro
3086 4889 3261 4945 idolis
3285 4891 3619 4959 immolare,
3641 4910 3777 4950 cum

2116 4977 2176 5033 id
2198 4977 2391 5032 facere
2420 4983 2743 5037 recusaret.
2773 4983 2961 5032 tortus
2983 4984 3089 5033 est.
3114 4978 3377 5051 Cumque
3402 4982 3587 5037 Deum
3614 4999 3776 5039 oras-

2118 5065 2549 5138 set.pra:sidem
2582 5067 2815 5137 spiritui
2842 5067 3153 5124 immundo
3178 5070 3439 5131 tradidit.
3459 5072 3775 5145 ipsumque

2118 5173 2256 5212 mox
2285 5156 2346 5211 in
2392 5156 2692 5212 Christum
2748 5156 3093 5213 credentem
3152 5160 3506 5217 mirabiliter
3534 5164 3777 5218 curavit.

2118 5248 2308 5315 Quare
2327 5245 2775 5312 dimissus,mox
2792 5247 3087 5320 aCymaais
3105 5250 3778 5321 comprehensusvariis

2118 5335 2481 5393 cruciatibus
2512 5336 2758 5392 affectus
2791 5342 2880 5391 est
2903 5354 2915 5392 :
2938 5378 2943 5383 ρ
2969 5354 3295 5409 rursusque
3335 5356 3534 5405 orans,
3566 5340 3776 5395 urbem

2121 5430 2460 5483 terrasmotu
2480 5426 2803 5487 concussit,
2830 5426 3126 5500 idolisque
3150 5429 3441 5487 contritis.
3474 5429 3673 5501 plures
3703 5428 3779 5485 ad

2119 5516 2333 5572 Christi
2353 5514 2531 5571 fidem
2548 5516 2837 5572 convertit
2877 5519 3016 5573 Post
3033 5518 3157 5575 haec
3174 5535 3209 5574 a
3226 5519 3509 5575 Clearcho
3526 5518 3779 5591 praeside

2120 5604 2673 5679 captus,confractis
2720 5606 2992 5663 cruribus
3043 5607 3106 5662 in
3156 5608 3489 5665 custodiam
3522 5606 3782 5662 includi-

2120 5700 2217 5754 tur
2240 5712 2253 5750 :
2276 5695 2538 5767 indeque
2558 5694 2862 5767 dimissus,
2885 5697 3365 5753 circumlustrata
3392 5701 3517 5752 tota
3536 5696 3778 5768 regione
