4086 6204
334 341 454 402 519

1649 331 2088 396 MENOLOGII
2131 334 2342 397 PARS
2387 333 2496 396 Ill.

3622 339 3746 399 520

338 493 527 551 (ρει-οε
549 477 778 532 curavit
803 477 1174 530 Postremum
1193 476 1250 525 et
1267 469 1392 542 ipse
1412 468 1761 542 aegritudine
1783 485 1951 525 corre

2090 465 2378 543 ἄρχοντος,
2411 467 2501 522 καὶ
2557 467 2626 522 τα
2684 466 2850 538 σκέλη
2913 463 3236 542 συντριϐεὶς,
3293 465 3623 540 ἀπεκλείσθη
3666 469 3742 533 είς

342 576 497 640 plus,
531 567 603 622 ad
635 565 948 621 Dominum
978 561 1268 634 migravit.

400 857 471 911 Et
503 851 938 909 commemoratio
969 850 1145 905 sancti
1175 849 1358 905 Patris
1395 850 1572 904 nostri
1606 846 1907 902 Iuvenalis.

399 1053 647 1107 Sanctus
677 1051 851 1104 Pater
894 1053 1098 1102 noster
1135 1046 1453 1112 Juvenalis,
1502 1045 1828 1102 Theodosio
1869 1045 1983 1101 mi-

328 1158 474 1199 nore
505 1142 857 1211 imperante.
883 1137 1427 1208 Hierosolymorum
1453 1137 1662 1191 tertius
1689 1142 1822 1207 post
1843 1153 1978 1192 san-

325 1230 660 1287 ctissimum
691 1226 978 1298 Cyrillum
1009 1225 1345 1297 patriarcha
1383 1225 1592 1291 factus,
1627 1224 1814 1279 adfuit
1844 1242 1980 1280 mox

324 1324 386 1378 in
402 1320 626 1394 synodo
641 1318 935 1390 Ephesina
952 1316 1340 1372 ducentorum
1359 1322 1700 1371 sanctorum
1715 1317 1976 1384 Patrum,

325 1413 426 1467 ubi
448 1427 565 1465 una
585 1426 720 1464 cum
743 1407 960 1462 celebri
984 1405 1202 1478 Cyrillo
1225 1405 1559 1476 patriarcha
1581 1405 1976 1461 Alexandrino

325 1499 701 1558 sermonibus
724 1504 782 1552 et
806 1495 1178 1567 dogmatibus
1203 1495 1452 1550 refulsit.
1479 1495 1753 1549 Pervenit
1778 1501 1975 1550 autem
2015 1541 2018 1546 .

321 1606 510 1661 usque
543 1589 614 1644 ad
647 1585 1192 1643 Chalcedonensem
1226 1591 1496 1656 quartam
1521 1583 1836 1655 synodum,
1861 1586 1970 1640 im-

323 1663 568 1754 perante
591 1679 906 1740 Marciano,
927 1675 1385 1730 Blachernarum
1416 1674 1620 1744 templi
1645 1675 1971 1731 conditore:

311 1772 413 1837 cui
439 1767 787 1832 sciscitanti,
806 1765 904 1820 ubi
930 1765 1264 1836 depositum
1293 1763 1502 1818 fuisset
1524 1763 1973 1820 immaculatum

2094 559 2362 631 φυλακήν.
2425 557 2521 611 Καὶ
2577 564 2676 626 τῆς
2735 557 2985 634 φυλακῆς
3047 559 3359 626 ἀπολυθεὶς,
3393 558 3481 613 καὶ
3525 579 3746 634 περιερ-

2093 648 2331 721 χόμενος
2366 653 2535 701 πᾶσαν
2569 648 2780 721 χώραν,
2825 649 2914 702 καὶ
2971 648 3097 712 τοὺς
3151 653 3442 710 νοσοῦντας
3486 648 3742 724 ἰώμενος,

2091 739 2329 806 νοσήσας
2360 735 2450 791 καί
2478 735 2660 806 αὐτὸς,
2693 738 2828 814 πρὸς
2859 737 3057 812 Κύριον
3088 735 3440 810 ἐξεδημησεν.

2197 842 2300 902 Καὶ
2331 845 2522 917 μνήμη
2556 849 2652 899 τοῦ
2693 841 2742 898 ἐν
2793 843 2972 971 ἁγῗις
3005 844 3215 916 Πατρὸς
3242 847 3402 917 ἡμῶν
3439 840 3636 904 Ἰουῦι·

2806 937 2874 970 να
2919 936 3022 971 ιου.

2806 936 3022 972 ναΛιου.

2160 1045 2522 1113 Ἰουϐενᾶλιος
2555 1051 2584 1106 ὁ
2615 1050 2666 1106 ἐν
2701 1049 2879 1125 ἁγίοις
2929 1053 3118 1126 Πατὴρ
3165 1053 3350 1125 ἡμῶν,
3396 1052 3611 1128 ὑπῆοχε
3642 1055 3740 1126 μὶν

2086 1140 2172 1196 ἐπὶ
2201 1149 2301 1210 τῆς
2339 1140 2615 1217 βασιλείας
2671 1138 2959 1196 Θεοδοσίου
3011 1145 3107 1196 τοῦ
3168 1145 3386 1218 μικροῦ,
3425 1143 3607 1218 τρίτος
3637 1163 3741 1197 παι

2083 1234 2356 1307 τριάρχης
2410 1228 2814 1306 Ἱεροσολύμων
2899 1230 3194 1306 γενόμενος
3265 1232 3400 1303 μετᾶ
3457 1229 3733 1306 Κύριλλον

2081 1321 2173 1376 τὸν
2203 1320 2521 1395 ἁγιώτατον.
2574 1325 2754 1388 Παρῆν
2815 1316 2873 1374 δὲ
2928 1319 3018 1375 καὶ
3075 1324 3144 1394 τῇ
3205 1321 3494 1398 ὲνἚφέσῳ
3525 1319 3737 1393 συνόδῳ

2082 1416 2188 1464 τῶν
2219 1407 2512 1465 διακοσίων
2561 1408 2725 1484 ἁγίων
2787 1413 3060 1483 Πατέρων,
3107 1407 3419 1483 διαλάμψας
3461 1411 3511 1465 ἐν
3545 1411 3732 1486 λόγοις

2081 1501 2168 1554 καὶ
2205 1497 2436 1574 δόγμασι
2473 1499 2606 1572 μετᾶ
2639 1499 2916 1570 Κυρίλλου
2945 1503 3040 1553 τοῦ
3094 1495 3355 1571 ἀοιδίμου
3386 1501 3732 1575 πατριάρχου

2082 1586 2512 1660 ²Δλεξανδρείας.
2574 1587 2809 1662 Ἔφθασε
2865 1584 2923 1642 δὲ
2979 1587 3068 1642 καὶ
3131 1588 3298 1661 μέχρι
3348 1595 3448 1655 τῆς
3492 1587 3543 1642 ἐν
3572 1588 3725 1644 Χαλσ

2080 1675 2272 1746 κηδόνι
2329 1678 2590 1750 τετάρτης
2647 1672 2897 1740 συνόδου,
2958 1673 3043 1728 ἐπὶ
3105 1681 3204 1742 τῆς
3268 1673 3547 1750 βασιλείας
3579 1682 3734 1747 Μαρ-

2079 1770 2268 1820 κιανοῦ
2323 1769 2420 1820 τοῦ
2467 1765 2744 1825 κτίσαντος
2803 1764 2894 1818 τὸν
2953 1762 3004 1818 ἐν
3068 1763 3405 1838 Βλαχὲρναις
3437 1765 3584 1820 ναὸν.
3617 1764 3732 1841 Ὑφ’

319 1860 419 1916 Dei
441 1857 754 1914 Genitricis
767 1853 1223 1925 corpus,utinde
1242 1852 1611 1908 transferend
1624 1870 1716 1907 um
1739 1871 1946 1910 curare

2085 1855 2147 1910 οὗ
2183 1854 2497 1926 ἐρωτηθεὶς,
2529 1858 2639 1908 ποῦ
2669 1853 2821 1923 ἐτίθη
2876 1856 2936 1908 τὸ
2993 1857 3093 1917 τῆς
3148 1856 3495 1925 Θεομήτορος
3525 1850 3734 1929 ἄχραν-

315 1951 378 2005 in
399 1946 733 2017 illud,quod
759 1949 1170 2000 construxerat
1201 1943 1508 2014 templum.
1542 1943 1868 2014 respondit,
1903 1961 1973 2000 ex

319 2041 613 2109 scriptura
645 2036 885 2108 quidem
919 2051 980 2090 se
1013 2034 1162 2089 nihil
1193 2034 1345 2089 scire
1370 2051 1383 2100 ;
1405 2051 1473 2088 ex
1495 2033 1740 2104 antiqua
1774 2039 1969 2089 tamen

315 2129 635 2186 traditione
658 2143 718 2181 se
737 2125 978 2180 doctum
1004 2123 1478 2193 fuisse,Deiparaz
1502 2139 1714 2194 corpus
1737 2138 1964 2177 assum-

315 2226 480 2291 ptum
505 2217 708 2274 fuisse.
737 2215 960 2269 relictis
991 2213 1052 2268 in
1085 2212 1358 2284 sepulcro
1391 2212 1534 2266 solis
1567 2213 1721 2269 I50
1752 2212 1965 2268 lintea~

315 2307 596 2363 minibus.
630 2307 775 2360 Tum
819 2319 951 2357 vero
1003 2303 1327 2373 imperator
1374 2301 1512 2356 inde
1563 2301 1870 2367 translata,
1905 2301 1964 2357 in

317 2395 659 2452 Blachernis
689 2392 983 2466 deposuit.
1031 2391 1280 2446 Sanctus
1331 2398 1527 2445 autem
1575 2391 1872 2446 Iuvenalis
1902 2393 1964 2447 in

310 2486 614 2558 propriam
641 2481 955 2539 ecclesiam
985 2496 1306 2553 regressus,
1332 2480 1393 2534 in
1423 2495 1566 2551 pace
1588 2479 1961 2538 obdormivit.

857 2687 1099 2743 EODEM
1157 2684 1408 2740 MENSE.

968 2777 1068 2832 Die
1109 2775 1300 2830 tertia.

303 2873 588 2930 Certamen
638 2873 958 2925 sanctorum
1005 2872 1311 2936 martyrum
1367 2866 1542 2920 Marci
1595 2870 1651 2920 et
1694 2866 1954 2922 Mociani.

371 3061 598 3114 Marcus
625 3061 683 3112 et
711 3055 1035 3116 Mocianus,
1068 3051 1280 3108 Christi
1333 3055 1646 3124 martyres,
1698 3068 1766 3108 eo
1796 3051 1955 3124 quod

299 3149 594 3205 Christum
651 3145 1100 3210 confiterentur,
1153 3141 1569 3213 comprehensi
1627 3141 1869 3198 fuerunt
1920 3159 1954 3198 a

2076 1966 2167 2000 τον
2203 1949 2383 2018 σῶμα,
2441 1943 2592 2005 ὅπως
2649 1941 2977 2006 ἀποστείλας
3033 1937 3398 2012 ἀναλαϐηται,
3447 1941 3538 1996 καὶ
3581 1941 3730 1997 ἀπό-

2078 2035 2237 2104 θηται
2301 2034 2428 2089 αὐτὸ
2486 2032 2538 2087 ἐν
2596 2037 2676 2105 τῷ
2721 2031 2957 2104 τοιούτῳ
3015 2036 3147 2098 ναῶ,
3181 2030 3304 2108 ἔφη·
3361 2032 3466 2086 ἀπὸ
3513 2037 3732 2108 Γραφῆς

2079 2125 2173 2194 μὲν
2209 2125 2284 2196 μή
2320 2121 2537 2192 εἰδέναι,
2570 2121 2622 2192 ἐξ
2650 2121 2883 2196 ἀρχαίου
2939 2119 2996 2175 δὲ
3049 2118 3220 2195 λόγου
3253 2117 3601 2194 διδαχθῆναι,
3643 2121 3727 2176 ὅτι

2073 2211 2380 2291 ἀνελήφθη,
2419 2211 2885 2288 καταλειφθέντων
2957 2209 3009 2264 ἐν
3066 2214 3144 2280 τῷ
3197 2209 3354 2282 ταφῳ
3411 2209 3588 2282 μόνων
3619 2215 3729 2264 τῶν

2072 2301 2358 2374 ἐνταφίιυνο
2418 2302 2542 2356 τότε
2593 2302 2620 2356 ὁ
2672 2301 2765 2370 μὲν
2825 2298 3078 2374 βασιλεὺς
3133 2298 3460 2361 ἄποστείλας
3518 2298 3724 2354 ἀνελά-

2071 2389 2196 2448 ϐετο
2252 2391 2405 2447 αὐτά·
2467 2391 2554 2446 καὶ
2613 2389 2837 2446 ἀπέθετο
2896 2387 2950 2444 ἐν
3009 2389 3366 2464 Βλαχερναιςο
3403 2385 3518 2443 ὁδὶ
3571 2390 3723 2462 ἅγιος

2070 2476 2438 2542 Ἰουϐενάλιος
2470 2481 2810 2556 ὑποστρέψας
2852 2478 2929 2541 είς
2983 2481 3084 2548 τὴν
3143 2475 3284 2533 ἰδίαν
3315 2475 3631 2548 ἐκκλησίαν,
3668 2477 3719 2532 ἐν

2071 2571 2255 2645 είοήνῃ
2283 2570 2580 2644 ἐκοιμήθη.

2607 2688 2784 2743 MHNI
2822 2691 2907 2764 τᾳ
2947 2686 3150 2766 ΔΥΤῼ.

2869 2775 2920 2830 Γ,

2133 2866 2407 2938 νΔθλησις
2455 2870 2562 2922 τῶν
2614 2865 2778 2943 ἁγίων
2816 2864 3104 2943 μαρτύρων
3142 2862 3370 2940 Μάρκου
3396 2863 3487 2920 καὶ
3515 2869 3648 2924 Μω-

2788 2941 2996 3002 κιανοῦ,

2135 3055 2361 3130 Μάρκος
2389 3052 2481 3110 καὶ
2525 3053 2833 3119 Μωκιανὸς,
2889 3053 2942 3108 οἳ
2993 3055 3094 3108 τοῐι⁹
3143 3053 3380 3125 Χριστοῦ
3431 3050 3723 3126 μάρτυρες,

2060 3147 2415 3218 κρατηθέντες
2475 3142 2568 3199 διὰ
2620 3145 2720 3212 τὴν
2780 3141 2859 3206 είς
2916 3143 3149 3218 Χριστὸν
3211 3141 3519 3218 ὁμολογίαν
3568 3144 3721 3219 παρᾶ

299 3240 549 3295 Maximo
585 3237 882 3308 praefecto,
926 3233 1024 3305 qui
1076 3231 1235 3296 illos,
1266 3237 1332 3286 ut
1383 3230 1779 3287 Christianam
1813 3232 1952 3287 reli-

2067 3236 2313 3307 Μαξίμου
2369 3239 2466 3290 τοῦ
2537 3235 2807 3309 ἒπάρχου,
2885 3233 3219 3308 ἀρνήσασθαι
3281 3233 3375 3306 μὲν
3425 3232 3516 3288 τὸν
3577 3233 3716 3305 Χρι-

295 3331 533 3402 gionem
567 3325 946 3398 abnegarent.
1000 3327 1055 3377 et
1104 3320 1400 3376 idolorum
1449 3321 1856 3392 superstitioni
1889 3338 1950 3377 se

297 3419 738 3480 submitterent,
765 3412 1124 3484 compellere
1181 3417 1431 3467 conatus
1485 3417 1593 3467 est.
1645 3410 1756 3466 Sed
1805 3411 1948 3468 dum

295 3508 720 3563 cruciarentur.
749 3502 1024 3575 parvulus
1048 3499 1290 3571 quidam
1317 3516 1482 3572 puer.
1509 3500 1609 3571 qui
1638 3517 1754 3555 arm
1773 3501 1926 3556 sacri

293 3597 598 3653 ﬁcantium
630 3593 922 3658 adstabat,
954 3590 1296 3662 praefectum
1346 3589 1756 3661 reprehendit,
1791 3589 1949 3662 quod

292 3687 513 3756 injuste
540 3683 1134 3755 ageret.Quapropter
1147 3680 1376 3734 vinctus
1391 3685 1449 3732 et
1463 3679 1715 3751 ﬂagellis
1737 3696 1948 3744 cassus,

292 3791 413 3830 una
433 3790 566 3829 cum
604 3769 783 3826 Paulo
816 3770 1072 3840 quodam
1107 3767 1464 3830 Christiano,
1498 3768 1599 3837 qui
1631 3769 1856 3834 aderat,
1891 3773 1950 3824 et

293 3867 529 3918 sanctos
561 3857 884 3922 animabat,
912 3856 970 3911 in
995 3871 1294 3910 carcerem
1324 3855 1629 3924 conjectus
1653 3855 1780 3909 fuit.
1810 3856 1948 3912 Lata

291 3948 508 4004 deinde
537 3949 599 4003 in
628 3955 866 4002 sanctos
898 3944 1195 4000 sententia
1237 3943 1467 4013 capitis,
1501 3943 1642 3998 dum
1665 3944 1840 3999 vincti
1872 3944 1945 4000 ad

296 4044 547 4096 mortem
580 4038 960 4094 ducerentur.
995 4035 1178 4090 Deum
1211 4033 1480 4092 orabant.
1514 4034 1688 4106 eique
1727 4035 1944 4106 gratias

292 4130 564 4203 agebant.
597 4126 754 4200 quod
788 4125 947 4196 digni
989 4124 1174 4180 habiti
1227 4130 1427 4178 essent
1455 4124 1805 4196 martyrium
1837 4143 1942 4198 pro

292 4220 420 4292 ipso
453 4219 592 4290 pati.
631 4218 850 4273 Uxores
879 4221 1078 4271 autem
1125 4230 1331 4269 eorum
1381 4230 1516 4268 cum
1547 4214 1689 4270 ﬁliis
1732 4215 1942 4272 ﬂentes

291 4310 694 4383 sequebantur
723 4323 910 4379 usque
942 4306 1016 4362 ad
1055 4305 1253 4361 locum
1309 4305 1584 4376 supplicii
1613 4323 1626 4360 :
1655 4323 1772 4378 quo
1807 4324 1942 4363 cum

287 4402 718 4476 pervenissent,
751 4398 943 4472 capite
974 4397 1228 4452 truncati
1263 4403 1419 4461 sunt,
1451 4396 1806 4452 venerandis
1833 4415 1939 4453 eo-

285 4509 419 4549 rum
451 4491 735 4548 uxoribus
766 4489 960 4561 capita
985 4485 1438 4558 excipientibus.

2061 3325 2396 3397 στιανισμὸν,
2475 3323 2746 3396 ὑποκύψαι
2805 3321 2864 3378 δὶ
2918 3326 2986 3396 τῇ
3045 3321 3228 3396 πλανῇ
3299 3327 3406 3377 τῶν
3466 3319 3712 3377 εἰδώλων

2058 3414 2548 3490 κατηναγκαζοντο.
2582 3410 3025 3484 Βασανιζομὲνων
3082 3412 3172 3466 οὗν
3229 3410 3462 3476 τούτων,
3494 3407 3712 3465 παιδίον

2064 3505 2257 3576 μικρὸν
2290 3503 2569 3572 παρεστὼς
2601 3506 2680 3573 τῷ
2733 3503 2909 3577 βωμῷ
2961 3505 3068 3555 τῶν
3130 3502 3353 3565 θυσιῶν,
3385 3498 3586 3575 ἤλεγξε
3613 3501 3711 3556 τὸν

2057 3587 2297 3667 ἔπαρχον
2355 3588 2664 3646 ἀδικοῦντα.
2726 3589 2823 3644 Καὶ
2891 3589 3149 3663 κρατηθὲν
3238 3588 3328 3644 καί
3413 3589 3709 3662 μαστιχθὶν

2058 3680 2388 3750 ἀπεκλείσθη
2447 3680 2526 3742 είς
2582 3679 2832 3757 φυλακὴν
2891 3679 3027 3751 μετὰ
3097 3677 3316 3734 Παύλου
3370 3679 3519 3741 τινὸς
3575 3678 3712 3752 Χρι-

2056 3775 2274 3826 στιανοῦ
2305 3770 2592 3845 παρόντος,
2643 3769 2734 3824 καὶ
2791 3767 2919 3830 τοὺς
2979 3769 3165 3843 ἁγίους
3225 3771 3709 3842 θαρσοποιοῦντος.

2057 3860 2344 3932 Δεξάμενοι
2405 3856 2461 3914 δὲ
2521 3859 2574 3914 οἱ
2652 3861 2800 3932 ἅγιοι
2873 3860 2971 3927 τὴν
3028 3854 3118 3912 διὰ
3173 3854 3357 3933 ξίφους
3418 3856 3708 3934 ἀπόφασιν,

2055 3944 2255 4020 ἤγοντο
2288 3944 2508 4019 δέσμιον
2566 3944 2650 4002 ἐπὶ
2705 3947 2951 4014 θάνατον,
3010 3945 3445 4020 προσευχόμενοι
3475 3949 3554 4016 τῷ
3584 3949 3704 4016 Θεῷ

2053 4037 2142 4092 καὶ
2203 4037 2672 4112 εὐχαριστοῦντες,
2739 4037 2822 4091 ὃτι
2900 4034 3307 4105 κατηξίώθησαν
3384 4041 3484 4104 τῆς
3569 4035 3703 4108 ὑπὲρ

2053 4126 2220 4182 αὐτοῦ
2299 4125 2592 4198 μαρτυρίας
2666 4125 2982 4195 ἀξιωθῆναι.
3061 4122 3428 4187 Ἢκολοόθουν
3515 4121 3573 4179 δὲ
3649 4125 3706 4178 αἱ

2051 4221 2302 4290 γυναῖκες
2356 4215 2532 4270 αὐτῶν
2586 4215 2720 4287 μετᾶ
2771 4219 2881 4268 τῶν
2939 4215 3139 4268 τέκνων
3208 4211 3516 4276 κλαίουσαι,
3597 4209 3706 4268 ἕως

2048 4307 2220 4360 τόπου
2248 4307 2346 4372 τῆς
2379 4306 2582 4360 ἑαυτῶν
2642 4311 2871 4383 σφαγῆς·
2933 4301 3059 4360 ἔνθα
3109 4303 3198 4358 καὶ
3257 4305 3551 4379 φθάσαντες
3604 4304 3709 4358 ἀπ-

2049 4394 2505 4470 εκεφαλίσθησαν,
2556 4393 2650 4456 τὰς
2706 4392 2946 4472 κεφαλὰς
3003 4391 3302 4467 δεξαμένων
3357 4398 3467 4449 τῶν
3508 4393 3708 4467 τιμίων

2049 4484 2224 4540 αὐτῶν
2259 4485 2548 4560 γυναικῶν.

286 4610 354 4666 Et
383 4607 824 4665 commemoratio
865 4606 1042 4659 sancti
1101 4604 1279 4658 Patris
1324 4603 1500 4674 nostri
1546 4603 1801 4658 Anatolii
1829 4620 1938 4674 pa-

2067 4599 2150 4657 ἰαὶ
2187 4603 2378 4673 μνήμη
2411 4603 2508 4654 τοῦ
2565 4598 2618 4654 ἐν
2679 4599 2858 4674 ἁγίοις
2918 4599 3128 4672 Πατρὸς
3176 4599 3336 4674 ἠμῷν
3380 4597 3708 4655 ’ΛνατοΑίου

647 4675 900 4732 triarchz
949 4673 1578 4744 Constantinopolitani.

361 4796 610 4851 Sanctus
633 4795 806 4848 Pater
821 4798 1026 4848 noster
1041 4792 1350 4848 Anatolius
1367 4792 1426 4848 in
1443 4793 1675 4848 civitate
1691 4792 1939 4850 Alexan-

285 4886 457 4943 drina
481 4891 675 4942 natus.
698 4883 1007 4955 presbyter
1031 4887 1159 4938 erat
1187 4885 1576 4941 sanctissimis
1599 4887 1700 4943 Dei
1725 4887 1934 4944 Eccle-

283 4976 404 5031 sia).
437 4974 802 5046 temporibus
837 4972 1149 5028 Theodosii
1174 4973 1452 5042 junioris.
1486 4976 1569 5031 Ob
1603 4995 1770 5033 suam
1799 4995 1933 5034 vero

279 5064 557 5119 virtutem
589 5069 648 5117 et
678 5063 1030 5132 sapientiam
1059 5062 1489 5132 Apocrisiarius
1509 5065 1932 5124 Constantino-

281 5154 465 5228 polim
497 5154 716 5208 missus
757 5152 869 5206 fuit
909 5168 945 5206 ει
995 5151 1269 5206 Dioscoro
1302 5155 1639 5222 patriarcha
1670 5157 1932 5214 Alexan-

280 5244 452 5300 drino
485 5241 779 5297 hmretico.
813 5241 872 5295 in
902 5256 1066 5311 spem
1093 5239 1346 5295 adducto
1379 5242 1524 5308 fore,
1559 5248 1624 5297 ut
1654 5245 1935 5317 suffraga-

283 5340 471 5388 torem
507 5331 675 5386 illum
707 5329 956 5385 haberet
991 5329 1250 5400 perversi
1301 5331 1390 5385 sui
1436 5331 1746 5403 dogmatis.
1779 5337 1924 5391 15!

284 5424 496 5478 Verum
531 5421 630 5475 ille
654 5418 880 5490 synodo
903 5418 1370 5474 Chalcedonensi
1395 5426 1618 5489 quartae
1643 5421 1930 5491 interfuit,

283 5519 340 5566 et
370 5527 486 5566 una
518 5526 652 5564 cum
685 5508 980 5564 sexcentis
1015 5524 1081 5562 ac
1129 5507 1367 5580 triginta
1411 5509 1632 5564 sanctis
1664 5511 1933 5569 Patribus

284 5601 625 5658 Dioscorum
679 5599 1055 5655 anathemate
1103 5598 1428 5670 percussit:
1479 5615 1696 5656 nomen
1742 5604 1931 5660 sancti

280 5693 538 5752 Flaviani
570 5692 643 5751 ab
674 5690 885 5750 eodem
924 5691 1202 5749 Dioscoro
1255 5690 1317 5749 in
1367 5691 1665 5766 Ephesina
1693 5693 1930 5753 latroci-

2292 4669 2390 4728 τοῦ
2413 4669 2754 4748 πατριάρχου
2782 4669 3442 4733 Κωνσταντινουπόλεως.

2116 4794 2436 4859 Ἀνατόλιος
2482 4797 2510 4853 ὁ
2569 4796 2621 4852 ἐν
2677 4795 2856 4871 ἁγίοις
2913 4797 3100 4871 Πατὴρ
3162 4797 3444 4868 ἡμῶν,ἧν
3492 4796 3587 4870 μὶν
3645 4795 3705 4851 ἐκ

2040 4892 2142 4955 τῆς
2193 4886 2412 4949 πόλεως
2471 4883 2904 4961 ’Δλεξανδρείας,
2963 4880 3329 4962 πρεσϐύτερος
3375 4889 3477 4947 τῆς
3525 4887 3700 4960 ἁγιω-

2040 4973 2209 5045 τάτης
2240 4979 2336 5030 τοῦ
2372 4978 2590 5050 μικροῦ.
2653 4975 2748 5029 Διὰ
2807 4971 2863 5030 δὲ
2920 4975 3016 5042 τὴν
3058 4973 3254 5049 ἀρετὴν
3289 4974 3453 5030 αὐτοῦ
3477 4974 3566 5029 καὶ
3598 4977 3700 5044 τήν

2040 5069 2264 5142 γνῶσιν,
2349 5064 2764 5140 ἀποκρισιάριος
2848 5062 3174 5126 ἀποσταλεὶς
3261 5064 3340 5127 είς
3416 5071 3704 5119 Κωνσταν-

2042 5154 2359 5210 τινοῦπολιν
2405 5155 2505 5209 ὑπὸ
2560 5153 2857 5229 Διοσκόρου
2916 5155 3261 5230 πατριάρχου
3292 5150 3703 5226 Ἀλεξανδρείας

2043 5248 2139 5299 τοῦ
2170 5244 2463 5320 αἱρετικοῦ,
2523 5243 2845 5306 ἐλπίσαντος
2899 5243 3060 5298 αὐτὸν
3114 5244 3398 5320 ὁμόφρονα
3437 5239 3570 5315 ἕξειν
3597 5250 3702 5311 τῆς

2043 5334 2240 5396 οἰκείας
2295 5333 2631 5408 κακοδοξίας,
2690 5332 3012 5409 παρεγίνετο
3058 5331 3108 5388 ἐν
3153 5336 3222 5405 τῇ
3278 5332 3330 5387 ἐν
3385 5329 3706 5399 Χαλκηδόνι

2039 5425 2265 5498 τετάρτῃ
2324 5422 2554 5497 συνόδῳ·
2638 5423 2728 5478 καὶ
2814 5423 2906 5478 σὺν
2989 5428 3105 5484 τοῖς
3172 5422 3345 5498 ἁγίοις
3401 5419 3705 5493 ἑξακοσίοις

2038 5516 2328 5588 τριάκοντα
2412 5517 2678 5590 Πατρασιν
2761 5515 3156 5586 ἆναθεματίσας
3219 5515 3310 5567 τὸν
3373 5511 3699 5582 Διῦσκορονο

2038 5605 2100 5660 τὸ
2129 5610 2226 5661 τοῦ
2259 5605 2410 5680 ἁγίου
2437 5600 2756 5662 Φλαϐιανοῦ
2805 5599 2981 5676 ὄνομα
3031 5603 3134 5658 ὑπὸ
3179 5600 3479 5676 Διοσκόρου
3507 5611 3698 5664 καθαι-
