4104 6196
274 455 397 515 521
1794 436 2092 505 muns.
3578 448 3699 507 522

275 590 429 663 ρεθὶν
500 586 554 643 έν
592 591 661 661 τῇ
721 584 928 665 Ἐφέσῳ
985 584 1252 660 λῃστρικῇ
1309 580 1545 656 συνόδῳ,
1601 583 1688 637 καὶ
1750 577 1934 635 ἄδικον

2071 572 2321 628 nantium
2346 571 2568 646 synodo
2592 590 2621 628 e
2646 572 2792 629 solio
2818 572 3133 645 deturbati,
3152 578 3489 653 injustaque
3514 588 3702 638 morte

277 681 512 734 θάνατον
572 678 720 751 παρᾶ
804 681 909 731 τῶν
987 678 1273 751 αἱρετικῶν
1343 673 1761 747 ὓπομείναντος,
1818 674 1937 731 τοῖς

280 766 577 843 διπτύχοις
650 766 883 837 άνέταξε·
970 766 1056 819 καὶ
1139 763 1265 819 τοὺς
1351 761 1657 836 αἰρετικοὺς
1743 758 1939 820 πάντας

280 858 690 929 ἆνεθεμάτισεν.
748 855 879 912 Εἶτα
936 853 1283 929 πατριάρχης
1335 851 1742 928 προχειρισθεὶς
1785 852 1942 905 Κων-

280 943 812 1012 σταντινουπόλεως,
864 944 951 998 καὶ
1013 940 1196 1005 καλῶς
1278 941 1340 997 τὸ
1427 939 1682 1012 ποίμνιον
1741 936 1939 1007 ίθύνας,

277 1036 422 1111 πρὸς
456 1034 582 1089 Θεὸν
617 1031 972 1107 ἐξεδήμησεν.

426 1178 530 1235 Καὶ
562 1174 791 1248 ἄθλησις
835 1181 933 1231 τοῦ
982 1176 1136 1252 ἁγίου
1191 1173 1464 1251 μάρτυρος
1497 1172 1801 1229 Ὑακίνθου.

357 1324 659 1391 Ὑάκινθος,
720 1322 748 1375 ὁ
804 1326 901 1375 τοῦ
959 1324 1197 1395 Χριστοῦ
1260 1321 1485 1394 μάρτυς,
1515 1320 1582 1388 ἦν
1631 1319 1723 1390 μὶν
1757 1316 1817 1371 ἐκ
1844 1317 1944 1379 τῆς

279 1411 503 1473 πόλεως
585 1409 906 1485 Καισαρείας
992 1408 1403 1471 Καππαδοκίας·
1490 1402 1947 1480 κουόικουλάριος

282 1500 343 1556 δὲ
406 1501 697 1575 ὑπάρχων,
758 1500 847 1553 καὶ
898 1499 1029 1573 ὑπὲρ
1086 1504 1197 1554 τῶν
1257 1505 1358 1567 τῆς
1412 1500 1685 1573 τραπέζης
1727 1490 1950 1563 δουλείᾳ

279 1593 684 1667 Τραϊανοῦτοῦ
736 1589 1057 1664 παρανόμου
1121 1589 1389 1661 βασιλέως
1451 1588 1503 1642 ἐν
1558 1589 1767 1659 Ῥώμῃ,
1800 1577 1950 1639 ἔσεῦι

279 1682 383 1737 τὸν
414 1678 665 1753 Χριστόν.
700 1673 1031 1748 Διαϐληθείς
1077 1679 1167 1733 οὖν
1223 1679 1326 1734 ὑπὸ
1355 1682 1461 1733 τῶν
1494 1674 1947 1749 εἰδωλολατρῶν,

282 1772 382 1826 καὶ
438 1768 751 1843 κρατηθεὶς,
811 1770 1132 1843 ἠναγκάσθη
1193 1773 1346 1832 θῦσαι
1394 1773 1511 1829 τοῖς
1552 1765 1827 1833 εἰδώλοις,
1860 1762 1949 1817 καὶ

289 1864 729 1934 μιαροφαγῆσαι.
786 1862 841 1911 Ὀ
898 1854 956 1912 δὲ
1011 1859 1149 1929 πρὸς
1202 1859 1263 1913 τὸ
1326 1859 1402 1929 μὴ
1461 1862 1748 1925 πεισθῆναι
1788 1857 1950 1909 τοῦτο

2047 664 2119 719 ab
2142 664 2438 720 haereticis
2462 664 3020 737 multati.diptychis
3044 667 3297 723 inseruit
3323 687 3336 736 ;
3370 688 3697 745 omnesque

2048 754 2358 809 haereticos
2372 754 2769 809 anathematis
2784 756 3077 810 sententia
3091 759 3704 828 perstrinxit.Demum

2047 843 2383 915 patriarcha
2404 842 3096 915 Constantinopolitanus
3116 853 3371 917 creatus,
3388 855 3703 921 postquam

2048 948 2284 1005 gregem
2314 937 2472 988 recte
2502 931 2909 1005 gubernasset,
2942 934 3016 989 ad
3059 939 3241 991 Deum
3270 938 3557 1010 migravit.

2265 1170 2332 1223 Et
2362 1174 2636 1223 certamen
2664 1171 2841 1224 sancti
2872 1174 3133 1239 martyris
3162 1173 3491 1242 Hyacinthi,

2126 1314 2491 1385 Hyacinthus
2521 1313 2735 1368 Christi
2758 1318 2983 1386 martyr
3011 1314 3125 1371 fuit
3151 1332 3221 1371 ex
3253 1317 3485 1374 civitate
3515 1320 3708 1376 Casa-

2056 1418 2171 1457 reaa
2201 1401 2608 1474 Cappadociae.
2659 1404 2801 1457 Cum
2850 1409 3047 1458 autem
3098 1405 3498 1464 cubicularius
3530 1414 3708 1479 esset,

2057 1497 2115 1547 et
2131 1508 2333 1549 mense
2352 1493 2477 1563 Traj
2488 1492 2584 1548 ani
2605 1492 2769 1564 impii
2790 1493 3165 1564 imperatoris
3181 1496 3492 1567 praefectus
3510 1500 3710 1553 Roma:

2057 1581 2399 1650 deserviret,
2433 1582 2732 1637 Christum
2760 1582 3009 1639 colebat.
3034 1583 3259 1641 Idcirco
3282 1586 3353 1641 ab
3380 1586 3715 1643 idololatris

2057 1677 2368 1727 accusatus
2399 1676 2457 1727 et
2486 1671 2975 1743 comprehensus,
3010 1673 3358 1743 adigebatur
3387 1676 3460 1731 ad
3492 1677 3714 1733 sacriﬁ-

2058 1761 2312 1817 candum
2340 1760 2537 1828 idolis,
2564 1766 2621 1815 et
2640 1760 2713 1816 ad
2736 1762 3135 1817 comedendos
3162 1764 3501 1820 immundos
3528 1766 3711 1822 cibos.

2060 1851 2172 1905 Sed
2206 1867 2339 1906 cum
2372 1852 2498 1922 ipse
2550 1850 2609 1906 id
2660 1868 2719 1905 se
2761 1852 3219 1908 commissurum
3255 1860 3516 1927 negaret,
3551 1856 3712 1911 Chri-

283 1956 542 2017 ποιῆσαι,
574 1947 665 2001 καὶ
721 1947 810 2001 τὸν
870 1948 1103 2022 Χριστὸν
1159 1944 1372 2019 μᾶλλον
1422 1944 1705 2018 ὡμολόγει
1748 1944 1943 2017 τρανό-

2071 1946 2341 2011 stumque
2365 1940 2549 1994 multo
2571 1940 2834 2011 apertius
2853 1941 3254 2009 confiteretur,
3281 1942 3712 2015 dicens,ipsum

283 2059 477 2109 τερον,
533 2036 659 2090 Θεὸν
715 2035 874 2090 αύτὸν
930 2039 1066 2090 εἶναι
1126 2034 1299 2110 λέγων
1360 2035 1549 2107 μόνον,
1606 2034 1695 2088 καὶ
1748 2032 1941 2106 Κύριον

285 2131 388 2181 τοῦ
443 2125 664 2188 παντός·
721 2126 837 2179 ὅθεν
897 2124 1118 2202 τυφθεὶς
1207 2121 1475 2201 σκροδρῶς,
1542 2120 1813 2197 παρεδόθη
1873 2124 1942 2193 τῇ

285 2212 534 2291 φυλακῇ.
592 2217 697 2267 Του
757 2210 814 2267 δὲ
874 2212 1144 2287 βασιλέως
1204 2212 1602 2289 προστάξαντος
1631 2215 1711 2282 τῷ
1741 2207 1942 2282 δεσμο-

282 2303 515 2379 φύλακι,
541 2300 809 2375 καθαροὺς
843 2304 940 2374 μὶν
990 2298 1183 2375 ἄρτους
1246 2302 1321 2374 μὴ
1373 2305 1737 2376 προσαγαγεῖν
1770 2299 1942 2370 αὐτῷ,

282 2392 349 2447 ἐκ
380 2389 437 2446 δὲ
464 2396 574 2445 τῶν
631 2387 1014 2445 εἰδωλοθύτων
1076 2391 1255 2463 μόνων
1313 2391 1576 2464 βρώματα
1601 2392 1939 2463 παραθεῖναιυ

285 2480 453 2543 αύτὸς
505 2479 592 2534 ἐπὶ
650 2478 936 2542 πλείσταις
993 2477 1225 2554 ἡμέραις
1281 2480 1486 2534 τούτων
1542 2479 1617 2551 μή
1677 2479 1946 2552 γευσάμε-

285 2592 404 2643 νος,
435 2568 562 2624 ἀλλ’
592 2566 775 2631 ἄσιτος
808 2566 1114 2642 διαμείνας,
1171 2570 1233 2623 τὸ
1288 2572 1503 2642 πνεῦμα
1530 2573 1607 2640 τῷ
1660 2572 1777 2639 Θεῷ
1805 2586 1944 2642 παρ-

292 2661 472 2715 ἔθετο.

409 2774 504 2831 Καὶ
531 2769 763 2843 ἄθλησις
794 2777 900 2829 τῶν
934 2774 1109 2850 ἁγίωνΔ
1134 2773 1421 2850 μαρτύρων
1454 2770 1720 2829 Θεοδότου
1748 2771 1839 2828 καὶ

983 2843 1271 2916 Θεοδότης.

373 2962 469 3017 Καὶ
501 2963 650 3017 οὗτοι
713 2963 766 3016 οἱ
821 2964 963 3040 ἅγιοι
1025 2962 1291 3041 μάρτυρες
1344 2960 1433 3017 διὰ
1474 2964 1575 3033 τήν
1608 2960 1684 3026 εἷς
1717 2960 1947 3036 Χριστὸν

294 3051 604 3129 ὁμολογίαν
639 3054 995 3122 κρατηθέντες
1050 3055 1197 3127 παρά
1245 3056 1342 3108 τοῦ
1401 3047 1691 3114 δυσσεϐοῦς
1748 3053 1952 3127 Τραϊα-

292 3147 414 3210 νοῦ,
476 3142 568 3197 καὶ
657 3145 1180 3218 καταναγκασθὲντες
1266 3144 1591 3218 ἀρνήσασθαι
1677 3142 1772 3215 μὶν
1849 3141 1949 3209 τήν

293 3231 582 3301 ἀληθειαν,
623 3235 776 3295 θῦσαι
818 3228 873 3287 δὲ
928 3238 1045 3294 τοῖς
1099 3231 1376 3296 εἰδώλοις·
1431 3232 1521 3287 καὶ
1581 3233 1658 3305 μὴ
1708 3228 1949 3295 πεισθέν-

2061 2030 2253 2085 solum
2287 2031 2468 2085 Deum
2502 2047 2629 2085 esse
2665 2035 2724 2085 et
2757 2031 3165 2087 universorum
3209 2033 3547 2101 Dominum,
3579 2051 3710 2106 gra-

2052 2122 2200 2176 viter
2232 2127 2542 2193 prOpterea
2573 2138 2783 2187 cassus,
2818 2122 2878 2176 in
2911 2139 3209 2177 carcerem
3252 2124 3557 2196 conjectus
3600 2132 3707 2181 est.

2052 2210 2414 2282 Imperatore
2446 2214 2642 2265 autem
2670 2210 3054 2282 praecipiente
3077 2212 3305 2267 custodi
3334 2215 3610 2280 carceris,
3635 2231 3708 2269 ne

2056 2299 2107 2355 ei
2130 2300 2384 2355 mundos
2408 2317 2589 2371 panes
2614 2300 2870 2365 atl‘erret,
2898 2300 3000 2355 sed
3033 2300 3196 2356 cibos
3217 2301 3505 2358 duntaxat
3526 2303 3701 2359 idolis

2055 2389 2390 2445 immolatos
2421 2388 2730 2460 prazberet,
2778 2405 2913 2444 cum
2962 2390 3086 2461 ipse
3119 2407 3225 2462 per
3258 2391 3546 2462 plurimos
3578 2393 3704 2449 dies

2057 2496 2156 2535 eos
2187 2496 2308 2535 non
2339 2483 2652 2553 gustasset,
2676 2479 3039 2553 sedjejunus
3061 2484 3506 2554 permansisset,
3533 2485 3711 2557 spiri-

2057 2574 2181 2625 tum
2214 2570 2330 2625 Deo
2360 2569 2641 2625 reddidit.

2164 2786 2230 2839 Et
2259 2791 2533 2840 certamen
2562 2789 2875 2910 sanctogtm
2889 2793 3231 2911 dmtartyrum
3264 2786 3527 2844 Theodoti
3556 2796 3609 2843 et

2824 2872 2885 2910 eo
2928 2873 2957 2911 ο
2988 2874 3053 2911 a2.

2824 2872 3053 2913 COGOIQ.

2133 2973 2198 3027 Hi
2233 2989 2468 3043 quoque
2502 2972 2688 3027 sancti
2721 2978 3014 3044 martyres
3055 2980 3297 3045 propter
3326 2976 3538 3031 Christi
3571 2993 3715 3032 con-

2060 3058 2382 3117 fessionem
2404 3062 2477 3116 ab
2501 3062 2683 3134 impio
2705 3063 2955 3133 Trajano
2980 3064 3417 3135 comprehensi,
3442 3067 3714 3137 compul-

2062 3150 2229 3222 sique
2261 3152 2566 3206 veritatem
2598 3151 2913 3223 abnegare,
2944 3157 3002 3207 et
3032 3153 3207 3208 idolis
3238 3154 3709 3223 immolare,cum

2062 3240 2134 3295 ad
2157 3240 2215 3294 id
2241 3240 2453 3296 adduci
2476 3256 2595 3294 non
2618 3246 2881 3310 possent,
2901 3240 3148 3296 diversis
3170 3243 3481 3298 tormentis
3503 3260 3711 3299 excru-

287 3338 405 3383 τες,
492 3316 771 3393 διαφόρως
852 3320 1282 3394 τιμωρηθέντες,
1358 3317 1785 3388 ἀπεκλείσθησαν
1871 3315 1947 3377 εἲς

2071 3329 2284 3395 :iati,in
2308 3346 2443 3384 eum
2466 3345 2765 3384 carcerem
2785 3329 2917 3399 conj
2929 3331 3039 3385 ecti
3064 3336 3219 3391 sunt,
3246 3331 3306 3385 in
3330 3348 3446 3402 quo
3471 3336 3709 3387 sanctus

292 3406 503 3475 ἐκείνην
534 3406 635 3473 τήν
684 3403 957 3483 φυλακὴν,
1008 3406 1083 3468 είς
1120 3406 1187 3475 ἢν
1242 3409 1486 3481 ὑπῆρχεν
1520 3403 1948 3476 ἀποκεκλεισμέ-

294 3495 624 3569 νοςὸἄγιος
686 3495 891 3571 μάρτυς
945 3494 1243 3560 Ὑάκινθος.
1293 3494 1390 3552 Καὶ
1448 3492 1834 3567 διδασκόμένοι
1865 3492 1953 3547 ὑπ’

296 3583 530 3655 ἐκείνου,
562 3585 652 3639 καὶ
709 3584 797 3639 ἐπὶ
853 3583 1045 3640 πλεῖον
1104 3585 1179 3647 εἰς
1226 3587 1326 3655 τήν
1374 3588 1472 3640 τοῦ
1504 3588 1742 3657 Χριστοῦ
1771 3582 1951 3637 πίστιν

297 3674 716 3747 στηριζόμενοι,
801 3674 1253 3747 κατεμηνύθησαν
1337 3675 1441 3729 ὑπὸ
1506 3679 1617 3729 τῶν
1674 3670 1955 3749 φυλάκων,

300 3760 728 3838 εἷδωλολατρῶν
760 3758 956 3833 ὄντων,
1002 3769 1083 3837 τῷ
1141 3762 1355 3839 βασιλεῖ
1384 3765 1657 3839 Τραϊανῷ.
1690 3762 1793 3818 Καὶ
1823 3760 1959 3833 μετὰ

299 3851 403 3918 τὴν
435 3850 697 3919 τελευτὴν
752 3854 850 3905 τοῖ’)
906 3849 1061 3927 ἁγίου
1114 3851 1414 3917 Ὑακίνθου,
1474 3845 1827 3916 ἐκϐληθέντες
1856 3854 1955 3915 τῆς

304 3940 581 4017 φυλακῆς,
639 3941 983 4015 παρέστησαν
1044 3939 1212 4012 αὐτῷ.
1272 3942 1369 3995 Καὶ
1425 3938 1590 3995 πάλιν
1656 3938 1958 4015 βιασθέντες

308 4036 747 4106 μιαροφαγῆσαι,
814 4027 1049 4104 ἤλεγξαν
1134 4030 1314 4084 αὐτόν’
1398 4031 1487 4085 καὶ
1564 4030 1663 4097 τήν
1749 4026 1962 4096 πλάνην

305 4117 596 4173 διέπτυσαν
629 4123 737 4172 τῶν
797 4116 1068 4175 εἰδώλων.
1128 4119 1268 4176 Τότε
1322 4120 1713 4194 κρεμασθέντες
1749 4116 1835 4172 ἐπὶ
1864 4116 1960 4187 ξύ-

304 4207 447 4275 λων,
508 4208 817 4281 ἑξέσθησαν,
874 4207 965 4262 καὶ
1024 4209 1271 4280 λαμπάσι
1330 4209 1689 4279 κατεκάησαν.
1724 4206 1821 4260 Καὶ
1852 4211 1959 4260 τῶν

305 4296 487 4367 ξύλων
543 4292 1049 4367 καταϐιϐασθέντες,
1099 4298 1162 4353 τὸ
1240 4295 1329 4353 δια
1386 4298 1572 4371 ξίφους
1627 4295 1788 4358 τέλος
1845 4293 1959 4349 ἐδέ-

305 4389 485 4458 ξαντο,
516 4387 613 4449 τὰς
642 4387 826 4461 ψυχὰς
854 4386 1030 4442 αὐτῶν
1056 4388 1136 4459 τῷ
1166 4391 1282 4459 Θεῷ
1305 4384 1660 4462 παραδόντες.

871 4507 1021 4559 ΜΗΝ
1030 4506 1049 4560 Ι
1086 4509 1170 4558 ΤΩ
1209 4508 1399 4560 ΑΥΤΩ.

1116 4593 1167 4646 Δ,

2059 3427 2285 3491 martyr
2314 3418 2676 3488 Hyacinthus
2707 3417 2976 3473 inclusus
3002 3418 3195 3473 fuerat
3220 3436 3231 3473 :
3256 3435 3290 3474 a
3312 3437 3426 3491 quo
3457 3437 3590 3476 cum
3620 3420 3710 3476 illi

2058 3507 2314 3563 fuissent
2344 3507 2640 3572 instructi,
2673 3511 2731 3560 et
2767 3507 2830 3561 in
2860 3507 3076 3562 Christi
3130 3508 3245 3563 fide
3278 3509 3462 3578 magis
3493 3510 3714 3565 contir-

2062 3597 2225 3666 mati,
2240 3613 2274 3651 a
2287 3594 2629 3651 custodibus
2648 3594 2980 3650 idololatris
2994 3596 3066 3651 ad
3082 3597 3501 3668 imperatorem
3515 3599 3713 3669 Traja-

2062 3702 2206 3741 num
2230 3685 2409 3741 delati
2430 3684 2667 3739 fuerunt
2700 3704 2714 3753 ;
2751 3690 2809 3740 et
2830 3690 2963 3755 post
2983 3692 3234 3741 mortem
3258 3687 3445 3742 sancti
3471 3688 3717 3759 Hyacin-

2064 3776 2149 3830 thi
2176 3792 2205 3830 e
2229 3791 2465 3830 carcere
2488 3774 2706 3839 educti,
2730 3790 2929 3829 coram
2954 3775 3081 3846 ipso
3106 3781 3432 3831 steterunt:
3458 3793 3719 3832 rursum-

2067 3882 2181 3937 que
2238 3864 2530 3935 compulsi
2589 3863 2848 3934 pollutos
2928 3864 3091 3919 cibos
3155 3866 3486 3932 comedere,
3546 3867 3717 3920 illum

2067 3956 2513 4025 increpuerunt.
2542 3954 2695 4010 152
2724 3960 2782 4007 et
2808 3952 3105 4008 idolorum
3133 3971 3397 4009 errorem
3430 3956 3719 4011 exsecrati

2070 4049 2226 4097 sunt.
2262 4045 2405 4099 Tum
2438 4058 2572 4097 vero
2607 4058 2636 4096 e
2669 4042 2846 4112 lignis
2878 4044 3151 4114 suspensi
3204 4052 3261 4098 et
3290 4045 3716 4108 excarniﬁcati,

2070 4131 2447 4204 lampadibus
2494 4130 2610 4185 usti
2657 4136 2815 4184 sunt.
2862 4131 3109 4186 Demum
3156 4148 3186 4185 e
3218 4132 3393 4203 lignis
3443 4132 3716 4203 depositi,

2068 4219 2302 4275 vivendi
2336 4220 2517 4275 finem
2572 4217 2765 4289 gladio
2825 4219 3113 4287 fecerunt,
3172 4221 3401 4275 animas
3434 4236 3569 4274 suas
3602 4221 3718 4273 Deo

2071 4308 2392 4365 tradentes.

2631 4494 2871 4549 EODEM
2912 4495 3163 4550 MENSE.

2713 4584 2814 4639 Die
2857 4591 3086 4655 quarta.

310 4707 587 4777 ’Δθλησις
612 4711 710 4764 τοῦ
739 4706 899 4785 ἁγίου
927 4708 1323 4785 ίερομάρτυρος
1350 4705 1633 4783 Θεοδώρου
1665 4705 1955 4763 ἐπισκόπου

2077 4696 2362 4751 Certamen
2418 4690 2757 4747 sacrosancti
2829 4694 3090 4761 martyris
3164 4693 3433 4747 Theodori
3499 4692 3728 4761 Cyrenes

1004 4784 1280 4856 Κυρήνης.

392 4893 671 4971 Θεόδωρος
704 4897 732 4952 ὁ
766 4895 1108 4973 ἲερομάρτυς,
1165 4898 1232 4967 ἦν
1295 4898 1389 4970 μὲν
1442 4895 1528 4952 ἐπὶ
1557 4903 1656 4966 τῆς
1694 4894 1972 4971 βασιλείας

318 4985 746 5057 Διοκλητιανοῦ,
807 4986 865 5041 ἐκ
920 4986 1138 5050 πόλεως
1200 4988 1473 5063 Κυρήνης
1530 4988 1631 5055 τὴν
1682 4983 1738 5040 δὶ
1768 4984 1968 5040 καλλι-

313 5076 594 5153 γραςρικὴν
650 5077 834 5137 καλῶς
879 5075 1128 5148 ἐκμαθὼν
1186 5074 1406 5151 τέχνην,
1437 5074 1526 5129 καὶ
1570 5070 1797 5150 βίϐλους
1828 5070 1971 5127 πολ-

318 5162 426 5224 λὰς
482 5167 914 5235 κατασκευάζων,
973 5171 1209 5240 παρεῖχε
1251 5170 1373 5227 τοῖς
1428 5165 1772 5239 Χριστιανοῖς
1805 5160 1880 5223 εἷς
1913 5160 1975 5215 τὸ

319 5251 641 5329 δοξολογεῑν
668 5254 761 5309 τὸν
792 5255 941 5310 Θεὸν.
1002 5250 1327 5325 Διαϐληθεὶς
1380 5253 1471 5307 οὗν
1504 5252 1638 5314 ,ὑπὸ
1691 5255 1786 5306 τοῦ
1837 5248 1976 5305 ἰδίου

316 5344 443 5398 υἱοῦ
497 5348 579 5416 τῷ
627 5350 729 5413 τῆς
779 5344 993 5406 πόλεως
1054 5344 1304 5419 ἄρχοντι,
1373 5341 1644 5416 ἐκρατήθη
1708 5342 1841 5413 μετᾶ
1885 5340 1972 5394 καὶ

318 5432 510 5487 ἄλλων
563 5432 794 5487 πολλῶν
849 5438 1204 5508 Χριστιανῶν·
1269 5433 1383 5505 μεθ’
1443 5430 1614 5499 ὧνῆν
1644 5429 1732 5483 καὶ
1782 5431 1817 5497 ἡ
1849 5429 1979 5504 ἁγία

319 5522 552 5578 Λουκία.
614 5521 710 5579 Καὶ
770 5522 1119 5593 ὲπιζητηθείς
1176 5521 1272 5583 τὰς
1344 5516 1597 5597 βίϐλους,
1649 5516 1711 5582 ἃς
1761 5516 1980 5597 ἔγραψε,

318 5611 410 5666 καὶ
446 5611 524 5681 μή
558 5611 884 5686 παρασχὼν,
945 5610 1142 5687 ἐτύφθη
1197 5607 1466 5688 σφοδρῶς.
1526 5608 1630 5665 Καὶ
1682 5612 1762 5679 τῷ
1808 5608 1985 5682 βωμῷ

320 5701 674 5777 προσελθεῖν,
727 5702 816 5756 καὶ
873 5699 1179 5758 λιϐανωτὸν
1265 5697 1550 5756 ἐπιϐαλεῖν
1641 5700 1985 5774 βιαζόμενος,

323 5790 490 5853 αὐτὸς
548 5788 775 5865 δραμὼν
831 5790 923 5845 καὶ
982 5790 1237 5853 λακτίσας
1303 5791 1464 5848 αὐτὸν
1522 5790 1798 5864 ἀνέτρεψε.
1851 5788 1989 5846 Τότε

618 5914 884 5977 Panos.
933 5915 1048 5977 Gs.
1094 5913 1334 5980 CXVII.

2773 4823 3032 4877 episcopi.

2149 4897 2491 4954 Theodorus
2520 4904 2919 4970 sacromartyr
2939 4915 3009 4953 ex
3030 4899 3175 4955 urbe
3202 4901 3446 4972 Cyrene,
3471 4901 3729 4974 impera-

2081 4994 2207 5045 tore
2230 4986 2617 5053 Diocletiano,
2637 4986 3084 5060 calligraphiam
3104 4988 3254 5046 bene
3274 4989 3732 5057 doctus,mu1tos

2083 5077 2319 5133 codices
2353 5091 2460 5129 sua
2489 5091 2668 5130 manu
2699 5081 2968 5131 exaratos
2999 5076 3348 5134 Christianis
3376 5079 3449 5135 ad
3479 5079 3729 5135 laudan-

2085 5166 2226 5221 dum
2260 5165 2442 5218 Deum
2505 5164 2938 5235 suppeditabat.
2998 5167 3221 5222 Idcirco
3252 5185 3286 5223 a
3330 5169 3453 5224 ﬁlio
3504 5169 3735 5224 delatus
3796 5194 3801 5197 -

2086 5254 2251 5310 urbis
2274 5253 2533 5325 praesidi.
2549 5269 2667 5308 una
2687 5270 2820 5309 cum
2844 5254 2978 5309 aliis
3000 5255 3203 5311 multis
3224 5259 3736 5325 Christianis,cum

2088 5343 2304 5415 quibus
2336 5347 2462 5397 erat
2510 5348 2714 5397 sancta
2766 5344 2961 5411 Lucia,
3016 5348 3482 5417 comprehensus
3513 5354 3635 5401 est:
3670 5345 3739 5400 li-

2088 5434 2366 5505 brosque,
2403 5449 2552 5503 quos
2583 5432 3000 5505 descripserat,
3034 5442 3293 5508 rogatus,
3327 5452 3459 5492 cum
3494 5454 3594 5491 eos
3628 5442 3743 5488 tra-

2092 5522 2231 5578 dere
2262 5521 2469 5587 nollet,
2494 5522 2748 5594 graviter
2777 5539 2964 5579 caesus
2992 5524 3117 5578 fuit.
3158 5526 3411 5581 Adactus
3442 5533 3637 5580 autem
3672 5522 3746 5578 ad

2094 5628 2258 5667 aram
2281 5610 2583 5678 accedere,
2609 5611 2781 5681 eique
2808 5614 2945 5667 thus
2967 5613 3223 5675 adolere.
3248 5630 3604 5684 procurrens
3628 5612 3746 5666 cal-

2096 5702 2265 5757 cibus
2300 5700 2466 5755 illam
2518 5700 2742 5755 evertit.
2789 5702 2932 5755 Tnm
2978 5718 3111 5756 vero
3144 5719 3173 5756 e
3205 5702 3366 5773 ligno
3399 5717 3745 5772 suspensus,

2098 5790 2399 5862 clavisque
2429 5789 2697 5845 conﬁxus
2728 5791 3019 5862 est,eique
3064 5791 3267 5862 lingua
3305 5792 3586 5847 abscissa.
3620 5789 3748 5842 Mox

3389 5909 3463 5968 17
