4086 6204
343 387 462 449 523

1623 373 2057 439 MENOLOGII
2103 370 2303 437 PARS
2346 375 2451 436 IlI.

3623 375 3741 438 5:24

337 539 366 578 e
393 522 554 596 ligno
585 520 911 594 depositus,
935 517 995 572 in
1023 529 1321 571 carcerem
1347 511 1680 584 conjicitur.
1707 510 1978 565 Videntes

2095 506 2421 596 κρεμασθεῖς
2473 505 2560 562 ἐπὶ
2616 505 3304 596 ξύλουγκαθηλώθηηκαὶ
3362 510 3460 578 τὴν
3493 508 3748 585 γλῶτταν

337 618 534 669 autem
564 611 734 666 illum
769 623 980 664 sanum
1031 611 1089 661 et
1137 604 1522 670 incolumem,
1577 600 1750 657 multi
1783 599 1888 655 viri
1919 615 1987 654 ac

337 703 619 758 mulieres
667 700 728 754 in
783 697 1102 753 Dominum
1158 693 1559 760 crediderunt,
1612 690 1713 763 qui
1763 696 1823 746 et
1867 705 1989 744 una

338 806 474 847 cum
503 789 606 844 illo
635 787 826 860 capite
855 785 1014 858 plexi
1044 789 1202 841 sunt.

405 969 475 1028 Et
503 965 986 1023 commemoratio
1036 963 1225 1020 sancti
1275 961 1465 1017 Patris
1513 960 1702 1015 nostri
1735 957 1985 1014 Andreas

337 1056 887 1129 Hierosolymitani.
920 1052 1349 1126 archiepiscopi
1407 1053 1639 1107 Cretas:
1698 1055 1753 1104 et
1799 1046 1988 1104 sancti

335 1147 615 1220 Lampadi
650 1144 1094 1219 lrenopolitani.

892 1251 1133 1308 EODEM
1173 1249 1423 1305 MENSE.

977 1342 1080 1396 Die
1120 1339 1347 1411 quinta.

334 1435 488 1492 I58
521 1434 974 1489 Commemoratio
1027 1437 1232 1487 sanctae
1289 1427 1520 1484 Marthae
1575 1427 1767 1482 matris
1806 1427 1986 1480 sancti

646 1504 914 1561 Simeonis
969 1505 1028 1558 in
1087 1509 1268 1558 monte
1321 1499 1670 1556 Admirabih’.

406 1624 620 1680 Sancta
666 1622 892 1678 Martha
948 1621 1141 1677 sancti
1193 1618 1385 1674 Patris
1444 1617 1633 1673 nostri
1693 1616 1984 1672 Simeonis

334 1712 823 1770 Thaumastorita:
853 1717 1044 1768 mater
1072 1726 1310 1767 omnem
1363 1707 1635 1763 virtutem
1684 1723 1789 1779 per
1821 1723 1983 1762 sum-

333 1820 492 1860 mam
525 1803 1012 1859 exercitationem
1041 1805 1361 1857 consecuta
1382 1804 1490 1854 est.
1512 1797 1752 1853 Multam
1783 1802 1985 1852 autem

2093 595 2390 669 ἑξετμήθη,
2445 597 2536 652 καὶ
2592 601 2689 652 τοῦ
2741 595 2907 671 ξύλου
2963 593 3400 668 καταϐιϐασθεὶς,
3453 597 3532 660 εἷς
3563 597 3750 676 φυλα-

2091 688 2193 754 κην
2249 684 2596 757 ἀπεκλείσθη.
2660 686 2757 742 Καὶ
2817 684 3018 750 ἰδόντες
3084 686 3243 743 αὑτὸν
3330 684 3747 763 Θεραπευθὲντά,

2092 772 2302 831 πολλοὶ
2331 775 2642 832 ἐπίστευσαν
2693 775 2780 833 ἐπὶ
2824 779 2915 833 τὸν
2964 777 3187 852 Κύριον,
3221 774 3411 853 ἄνδρες
3439 799 3499 832 τε
3529 778 3620 833 καὶ
3648 799 3751 854 γυ·-

2092 868 2292 928 ναῖκες’
2326 865 2524 928 οἳτινες
2554 867 2641 921 καὶ
2674 865 2768 922 σὺν
2793 865 2940 941 αὖτῷ
2971 865 3499 943 ἀπεκεφαλίσῦησαν.

2165 954 2266 1011 Καὶ
2321 957 2514 1030 μνήμη
2570 961 2668 1012 τοῦ
2727 955 2877 1012 ὁσίου
2961 957 3171 1032 Πατρὸς
3238 959 3401 1030 ἡμῶν
3487 952 3748 1030 Ἀνδρέου

2091 1043 2528 1121 ἁρχιεπισκόπου
2580 1048 2824 1124 Κρήτης,
2883 1051 2978 1103 τοῦ
3035 1046 3496 1122 Ἰεροσολυμίτου⁶
3528 1045 3749 1102 καὶτοῦ

2091 1134 2246 1191 ὁσίου
2276 1133 2580 1210 Λαμπάδου
2607 1140 2704 1192 τοῦ
2733 1133 2785 1191 ἐν
2819 1134 3243 1212 Εἴρηνουπόλει.

2642 1255 2824 1310 ΜΗΝΙ
2860 1259 2948 1308 ΤΩ
2984 1253 3186 1310 ΑΥΤΩ.

2873 1343 2935 1402 Is'

2091 1433 2296 1507 Μνήμη
2353 1439 2454 1502 τῆς
2511 1432 2662 1510 ὁσίας
2705 1431 2940 1510 Μάρθας
2988 1434 3112 1510 Δτῆς
3170 1432 3377 1510 μητρρς
3433 1435 3530 1488 τοῦ
3587 1431 3748 1510 ἁγίου

2379 1506 2607 1580 Συμεὼν
2635 1505 2734 1561 τοῦ
2773 1504 2826 1560 ἒν
2873 1510 2952 1578 τῷ
2983 1504 3447 1579 Θαυμαᾰῷδρει.

2163 1626 2226 1681 Ἦ
2282 1625 2402 1681 ὁσία
2459 1627 2676 1703 Μάρθα,
2737 1627 2922 1702 μήτηρ
3004 1625 3101 1698 μὲν
3153 1625 3372 1700 ὑπῆρχε
3427 1622 3527 1680 τοῖ’)
3589 1623 3746 1680 ὁσίου

2095 1719 2306 1792 Πατρὸς
2365 1720 2529 1790 ἡμῶν
2588 1716 2814 1791 Συμεὼν
2872 1719 2970 1771 τοῦ
3027 1715 3080 1771 ἐν
3139 1719 3220 1788 τῷ
3268 1719 3572 1788 Θαυμαστῷ
3605 1709 3748 1788 ὄρει,

2091 1813 2262 1863 πᾶσαν
2296 1809 2490 1880 ἁρετήν
2525 1808 2615 1862 διά
2662 1814 2763 1878 τῆς
2803 1804 2969 1883 ἄκρας
3024 1807 3300 1878 ἀσκήσεως
3332 1804 3745 1880 κατορθώσασα’

334 1892 614 1948 fiduciam
643 1892 705 1946 in
737 1892 1052 1963 Deiparam
1084 1890 1385 1963 Virginem
1416 1888 1665 1954 habens,
1699 1891 1978 1958 perpetuo

2093 1898 2272 1953 πίστιν
2306 1895 2362 1953 δὲ
2390 1895 2609 1976 πολλὴν
2638 1895 2847 1972 ἔχουσα
2889 1897 3026 1971 πρὸς
3083 1897 3182 1964 τὴν
3242 1896 3565 1971 Θεομήτορα
3594 1899 3745 1970 Παρ-

333 1982 399 2038 in
428 1981 616 2054 ipsius
650 1981 871 2054 templo
899 1980 1194 2050 assidens,
1226 1996 1356 2036 eam
1398 1995 1502 2050 pro
1533 1975 1796 2033 universi
1825 1976 1988 2032 orbis

335 2071 524 2128 salute
556 2071 781 2128 orabat.
810 2071 1095 2138 Quocirca
1135 2075 1273 2126 ante
1323 2084 1494 2124 suum
1527 2084 1556 2123 e
1587 2083 1834 2140 corpore
1867 2066 1990 2121 dis-

336 2178 571 2218 cessum
627 2161 993 2234 sempiterna
1049 2161 1161 2216 sibi
1221 2159 1480 2232 reposita
1517 2158 1675 2214 bona
1705 2156 1987 2211 divinitus

336 2251 530 2320 docta,
565 2256 792 2307 secreto
825 2251 1141 2307 intellexit.
1184 2253 1374 2322 Atque
1408 2255 1546 2304 tunc
1577 2247 1819 2319 quidem
1849 2261 1986 2302 cum

333 2339 494 2398 bona
515 2358 618 2414 spe
639 2341 745 2398 illa
764 2340 1042 2397 discessit
1065 2357 1078 2395 :
1102 2338 1480 2412 postmodum
1503 2354 1637 2392 vero
1656 2335 1728 2392 ad
1751 2341 1986 2392 sanctas

329 2429 520 2502 ipsius
541 2429 828 2502 reliquias
848 2427 1294 2485 accurrentibus
1316 2423 1812 2498 apparens,etilla
1833 2423 1988 2478 bona

336 2535 644 2592 enarrans,
693 2535 824 2590 qua)
872 2517 1080 2574 oculus
1123 2531 1442 2588 corporeus
1491 2530 1611 2569 non
1658 2512 1822 2581 vidit,
1855 2528 1986 2584 quin

334 2609 686 2683 praeparavit
715 2610 869 2664 Deus
894 2607 1277 2680 diligentibus
1295 2623 1379 2674 se,
1396 2603 1812 2660 incredibilem
1839 2607 1988 2657 attu-

335 2700 406 2755 lit
435 2700 723 2755 laetitiam.
749 2698 838 2754 Sic
871 2698 1158 2754 Dominus
1186 2695 1480 2769 glorificat
1511 2710 1632 2759 eos,
1660 2693 1760 2764 qui
1791 2693 1988 2764 ipsum

332 2791 671 2864 glorificant
695 2807 814 2846 una
846 2806 982 2846 cum
1023 2788 1272 2844 Domina
1317 2792 1521 2842 nostra
1551 2785 1822 2856 Deipara,
1855 2799 1986 2854 qum

328 2880 500 2937 illum
534 2881 661 2938 sine
695 2880 922 2937 scmine
955 2885 1013 2934 et
1041 2879 1169 2934 sine
1200 2877 1582 2948 corruptione
1621 2874 1874 2948 peperit.

569 3087 638 3142 Et
667 3092 937 3142 certamen
965 3091 1165 3140 sanctae
1196 3085 1422 3154 Agnetis
1453 3082 1734 3152 martyris.

404 3207 626 3279 Martyr
646 3205 861 3262 Christi
878 3207 1073 3278 Agnes
1095 3203 1362 3260 moribus
1379 3201 1608 3257 nomini
1631 3197 1983 3256 convenien-

332 3294 490 3352 tibus
520 3301 748 3364 ornata,
807 3293 1146 3366 complures
1200 3292 1532 3365 impudicas
1571 3290 1824 3346 feminas
1856 3287 1980 3343 suis

335 3385 843 3442 admonitionibus
891 3391 1068 3455 atque
1118 3380 1627 3439 cohortationibus
1672 3396 1707 3434 a
1746 3376 1982 3450 ﬂagitiis

330 3481 621 3544 avocatus,
653 3473 727 3530 ad
747 3473 964 3529 Christi
999 3471 1176 3528 ﬁdem
1207 3471 1472 3528 adduxit.
1507 3469 1730 3525 Idcirco
1759 3467 1831 3522 ab
1853 3466 1984 3538 ejus

330 3564 443 3622 loci
475 3564 752 3636 praefecto
801 3562 1254 3632 comprehensa,
1291 3559 1623 3616 excruciata
1653 3562 1779 3614 est:
1813 3572 1981 3611 cum-

331 3670 444 3726 que
475 3658 779 3709 recusaret
799 3651 974 3706 idolis
999 3651 1332 3715 immolare,
1359 3650 1432 3706 ad
1458 3650 1712 3721 lupanar
1732 3647 1866 3702 duci
1884 3645 1982 3718 ju—

331 3743 524 3808 betur,
559 3747 623 3796 ut
653 3741 725 3796 ab
757 3740 1268 3796 incontinentibus
1315 3739 1652 3794 violaretur.
1687 3740 1761 3792 At
1791 3735 1894 3791 illa
1923 3734 1986 3788 in

332 3830 631 3886 Christum
661 3830 908 3893 conﬁsa,
926 3829 1018 3883 cui
1043 3833 1101 3883 et
1122 3828 1300 3884 fidem
1331 3843 1500 3883 suam
1532 3826 1985 3896 castitatemque

334 3917 703 3984 observabat,
762 3917 1234 3973 incontaminata
1287 3932 1556 3989 puraque
1613 3919 1842 3970 servata
1873 3917 1982 3980 est,

341 4024 376 4062 a
404 4006 602 4062 divino
631 4007 840 4080 angelo
872 4010 1156 4078 protecta,
1198 4023 1320 4062 non
1367 4005 1748 4077 permittente
1777 4017 1984 4074 quem-

340 4115 519 4171 quam
550 4099 626 4154 ad
654 4098 820 4154 illam
868 4097 1186 4154 accedere:
1247 4114 1318 4154 ex
1373 4097 1589 4168 quibus
1620 4112 1777 4151 unus
1805 4111 1986 4151 ausus

336 4189 890 4262 accedere,repente
911 4189 1282 4244 exanimatus
1303 4185 1718 4253 corruit.Quod
1737 4184 1986 4241 audiens

335 4279 670 4351 prmfectus,
703 4279 868 4335 illam
900 4278 974 4334 ad
1005 4295 1067 4334 se
1117 4278 1466 4334 accersitam
1497 4276 1702 4344 oravit,
1732 4281 1799 4330 ut
1827 4292 1984 4330 mor-

336 4372 503 4424 tuum
535 4369 867 4425 suscitaret.
903 4369 1116 4424 Sancta
1171 4368 1373 4439 itaque
1429 4371 1656 4432 orante,
1689 4363 1984 4435 extemplo

333 4453 648 4515 defunctus
670 4457 895 4512 revixit.
935 4458 1117 4512 Batus
1142 4460 1341 4511 autem
1373 4452 1686 4526 praefectus
1716 4451 1987 4507 maleﬁca

333 4551 458 4601 arte
489 4546 655 4603 illam
713 4546 774 4602 id
827 4546 1114 4615 eﬂ‘ecisse,
1160 4543 1420 4601 ﬂammis
1451 4539 1833 4598 cremandam
1865 4544 1986 4594 tra—

331 4632 501 4689 didit.

474 4742 514 4794 ‘I
528 4741 570 4796 5
583 4745 631 4796 Δ
654 4746 728 4796 Et
745 4749 1027 4798 certamen
1046 4748 1245 4798 sancta:
1269 4741 1531 4812 martyris
1554 4739 1830 4812 Cyprillw.

399 4865 660 4937 Cyprilla
689 4867 902 4922 Christi
951 4873 1197 4940 martyr,
1229 4867 1592 4924 Diocletiano
1620 4868 1972 4940 imperante,

327 4953 551 5026 Cyrene
582 4961 739 5021 nata,
772 4957 1123 5012 Christianis
1153 4957 1519 5028 parentibus,
1552 4958 1803 5030 conjuge
1842 4961 1977 5028 post

326 5041 635 5099 biennium
667 5045 966 5109 defuncto.
1027 5063 1132 5118 per
1189 5052 1320 5102 octo
1368 5052 1426 5101 et
1457 5046 1660 5118 viginti
1689 5063 1879 5102 annos
1909 5047 1972 5102 in

322 5131 604 5188 viduitate
634 5134 872 5190 mansit.
906 5135 1051 5190 Cum
1082 5140 1280 5190 autem
1305 5134 1645 5190 Theodorus
1675 5136 1972 5192 sanctissi-

322 5237 456 5278 mus
486 5223 743 5294 Cyrenes
769 5225 1082 5296 episcopus
1102 5230 1328 5295 captus,
1362 5224 1422 5278 in
1453 5240 1750 5279 carcerem
1774 5224 1971 5280 detru-

324 5327 424 5366 sus
441 5309 572 5374 fuit.
597 5310 829 5376 accidit,
851 5317 919 5367 ut
938 5311 1146 5381 capitis
1169 5311 1370 5365 dolore
1393 5312 1623 5376 affecta,
1645 5311 1969 5366 curationis

321 5399 510 5470 gratia
538 5399 611 5454 ad
642 5399 815 5455 illum
846 5399 1106 5466 veniret;
1160 5398 1232 5454 ab
1291 5415 1480 5470 eoque
1518 5403 1741 5466 curata,
1774 5399 1968 5455 eidem

318 5487 658 5545 ministrare
691 5489 867 5561 ccepit
896 5505 1028 5544 cum
1065 5488 1260 5553 Lucia,
1292 5494 1351 5546 et
1378 5492 1532 5544 Aroa
1560 5487 1674 5559 piis
1704 5489 1964 5545 feminis.

318 5579 453 5634 Post
477 5577 705 5636 obitum
735 5595 870 5634 vero
905 5577 1092 5634 sancti
1115 5576 1402 5633 Theodori
1426 5575 1500 5633 ad
1521 5576 1837 5650 praesidem
1867 5577 1966 5634 ad-

315 5664 513 5737 ducta,
573 5668 990 5741 Christumque
1045 5667 1334 5740 professa,
1390 5666 1652 5740 primum
1681 5666 1962 5726 cmditur:

313 5755 529 5815 deinde
559 5758 758 5832 palma
786 5773 1009 5832 prunas
1031 5757 1356 5831 excipiens,
1378 5774 1414 5815 a
1437 5757 1745 5816 lictoribus
1775 5758 1963 5832 ipsius

2091 1985 2264 2060 θὲνον,
2322 1986 2405 2042 ἀεὶ
2461 1983 2826 2062 προσήδρευεν
2884 1984 2936 2040 ἐν
2989 1988 3068 2056 τῷ
3121 1984 3324 2052 ταύτης
3379 1988 3511 2056 ναῷ,
3565 1981 3748 2038 αἰτου-

2094 2075 2228 2148 μένη
2262 2075 2429 2144 αὐτὴν
2492 2075 2621 2152 ὑπὲρ
2669 2081 2768 2145 τῆς
2823 2078 2920 2129 τοῦ
2967 2073 3178 2147 κόσμου
3209 2073 3410 2137 παντὸς
3443 2070 3742 2147 σωτηρίας.

2087 2168 2248 2230 "Ost
2306 2169 2411 2240 πρὸ
2467 2172 2567 2236 τῆς
2620 2168 2717 2220 τοῦ
2775 2164 3028 2237 σώματος
3084 2160 3466 2236 ἐκδημήσεως,
3507 2161 3572 2216 τὰ
3599 2159 3741 2215 ἁπο-

2088 2254 2311 2329 κείμενα
2340 2254 2478 2329 αὐτῇ
2508 2254 2703 2310 αἰώνια
2757 2253 2930 2328 ἀγαθά
2983 2250 3246 2328 ἐδιδάχθη
3288 2272 3349 2306 τε
3379 2250 3469 2306 καὶ
3500 2249 3748 2323 ἐμυήθη.

2088 2343 2194 2400 Καὶ
2238 2339 2362 2400 τότε
2421 2345 2557 2417 μετὰ
2611 2344 2822 2421 ἀγαθῶν
2885 2339 3122 2398 ἐλπίδων
3155 2342 3488 2408 ἆπεΛθοῦσα,
3519 2338 3744 2414 ὕστερον

2085 2439 2204 2496 τοῖς
2261 2430 2716 2510 προσεδρεύουσιν
2778 2431 2946 2501 αὐτῆς
2998 2435 3079 2504 τῷ
3135 2429 3274 2506 ἁγίῳ
3329 2428 3572 2502 λειψάνῳ
3621 2426 3754 2482 ἐπι-

2088 2529 2334 2602 φανεῖσα,
2391 2523 2482 2578 καὶ
2535 2522 2601 2578 τά
2655 2522 2827 2598 ἀγαθά
2883 2521 3060 2576 ἐκεῖνα
3121 2519 3524 2594 διηγησαμένη,
3571 2523 3755 2572 πᾶσαν

2089 2614 2263 2690 χαράν
2297 2611 2569 2684 ἐποίησεν·
2605 2613 2778 2688 ἀγαθά
2810 2609 3008 2682 ἐκεῖνα,
3065 2607 3097 2664 ἂ
3157 2608 3440 2687 ὀφθαλμὸς
3483 2606 3751 2677 αἰσθητὸς

2088 2705 2188 2759 οὐκ
2218 2701 2377 2771 εἶδεν,
2411 2702 2443 2758 ἃ
2473 2701 2768 2776 ἡτοίμασεν
2831 2703 2860 2757 6
2918 2702 3049 2763 Θεὸς
3097 2706 3215 2762 τοῖς
3247 2700 3520 2774 ἀγαπῶσιν
3554 2696 3749 2754 αὐτόν.

2087 2794 2250 2851 Οὕτω
2282 2789 2490 2864 δοξάζει
2551 2791 2749 2868 Κύριος
2801 2791 2929 2854 τοὺς
2987 2788 3307 2864 δοξάζοντας
3340 2787 3501 2844 αὐτὸν
3535 2807 3614 2857 τε,
3644 2788 3742 2842 καὶ

2081 2885 2183 2954 τήν
2213 2883 2469 2958 ἁσπόρως
2507 2882 2596 2938 καὶ
2653 2882 2904 2960 ἀφθὸρως
2961 2884 3219 2937 τεκοῦσαν
3249 2879 3412 2934 αὐτὸν
3442 2876 3747 2933 Δέσποιναν

2083 2976 2246 3048 ἡμῶν
2277 2971 2560 3029 Θεοτόκον.

2297 3087 2398 3144 Καὶ
2427 3086 2654 3155 ἄθλησις
2679 3092 2780 3157 τῆς
2806 3085 2963 3162 ἁγίας
2994 3085 3266 3161 μάρτυρος
3297 3085 3524 3157 Ἀγνῆς.

2153 3206 2218 3262 Ἠ
2261 3201 2372 3260 ’τοῦ
2429 3207 2668 3276 Χριστοῦ
2749 3201 2952 3276 μάρτυς
3009 3201 3174 3278 Ἀγνή
3246 3199 3338 3255 τὸν
3397 3198 3597 3273 τρόπον
3655 3199 3748 3268 τῷ

2043 3285 2056 3327 λ
2092 3294 2320 3369 ὀνόματι
2349 3293 2704 3364 κατάλληλον
2747 3288 2970 3369 ἔχουσα,
3021 3289 3236 3353 πολλάς
3283 3293 3392 3345 τῶν
3425 3285 3748 3343 ἀκολάστων

2089 3390 2358 3462 γυναικῶν
2403 3382 2492 3440 διὰ
2529 3383 2810 3448 νουθεσίας
2865 3383 2954 3438 καὶ
3013 3380 3396 3458 παραινέσεως,
3427 3384 3534 3434 τῶν
3566 3398 3754 3446 πονη-

2090 3481 2200 3551 ρῶν
2231 3472 2436 3531 ἔπειθεν
2487 3473 2782 3549 ἀπέχεσθαι
2821 3472 3180 3548 πραγμάτων,
3227 3469 3320 3526 καὶ
3364 3466 3630 3524 πιστεύειν
3665 3465 3755 3528 εἰς

2091 3565 2346 3643 Χριστόν.
2380 3564 2476 3620 Διὰ
2530 3567 2696 3619 ταῦτα
2752 3569 3083 3639 κρατηθεῖσα
3124 3561 3270 3636 παρὰ
3293 3563 3390 3616 τοῦ
3419 3566 3517 3628 τῆς
3545 3557 3752 3633 χώρας

2092 3657 2382 3733 ἄρχοντος,
2437 3649 2759 3724 ἐϐασανίσθη
2819 3649 3092 3731 σφοδρῶς.
3171 3652 3268 3705 Καὶ
3329 3651 3405 3722 μὴ
3463 3651 3754 3710 πεισθεῖσα

2093 3752 2248 3811 οὖσαι
2280 3751 2393 3807 τοῖς
2455 3741 2732 3812 εἰδώλοις,
2793 3742 2869 3805 είς
2927 3746 3186 3818 πορνεῖον
3242 3739 3491 3817 ἐπέμφθη
3543 3735 3755 3807 ὲπὶτῷ

2095 3843 2384 3908 μιανθῆναι
2439 3834 2585 3908 παρὰ
2640 3837 2748 3888 τῶν
2809 3829 3150 3889 ἀκολάστων.
3211 3827 3390 3887 Ἀλλά
3416 3832 3496 3898 τῷ
3523 3829 3754 3901 Χριστῷ

2091 3927 2424 4004 Θαῤῥήσασα,
2474 3927 2520 3998 ᾧ
2576 3926 2665 3980 καὶ
2701 3926 2801 3994 τήν
2858 3923 3039 3980 πίστιν
3099 3921 3189 3977 καὶ
3245 3921 3344 3990 τήν
3398 3919 3607 3994 ἁγνείαν
3659 3913 3754 3971 δι-

2093 4018 2298 4089 ετήρει,
2355 4014 2587 4076 ἄσπιλος
2643 4014 2734 4068 καὶ
2785 4013 2989 4089 καθαρά
3045 4009 3412 4089 διεφυλᾶχϐη,
3458 4007 3561 4063 ὑπὸ
3593 4004 3753 4060 θείου

2093 4107 2327 4181 ἀγγέλου
2356 4108 2688 4176 σκεπομένη,
2745 4107 2844 4158 τοῦ
2903 4103 2979 4175 μὴ
3014 4101 3210 4163 ἐῶντὸς
3239 4120 3360 4154 τινα
3384 4094 3752 4173 προσεγγίσαι

2092 4196 2253 4269 αὐτῇ.
2315 4197 2403 4265 Ἐξ
2457 4195 2528 4248 ὧν
2589 4195 2670 4255 εἷς
2724 4189 3012 4266 τολμήσας
3061 4188 3407 4264 προσελθεῖν,
3441 4188 3756 4262 παραυτίκα

2092 4284 2387 4360 ἐνεκρώθη.
2428 4283 2516 4344 Ὠς
2574 4279 2632 4336 δὶ
2677 4285 2838 4336 τοῦτο
2869 4279 3100 4350 ἤκουσεν
3155 4280 3182 4333 6
3232 4275 3442 4352 ἅρχων,
3473 4294 3759 4348 προσεκα-

2091 4369 2288 4428 λέσατο
2345 4371 2538 4443 αὐτὴν,
2595 4369 2685 4425 καὶ
2743 4369 2985 4444 ᾐτήσατο
3043 4367 3341 4437 ἀναστῆσαι
3395 4365 3488 4420 τὸν
3529 4363 3750 4440 νεκρόν.

2092 4463 2193 4519 Καὶ
2222 4467 2321 4530 τῆς
2353 4456 2508 4536 ἁγίας
2539 4457 2856 4532 εὐξαμένης,
2902 4457 3100 4521 εὐθέως
3145 4456 3350 4531 ἠγέρθη
3383 4453 3412 4507 6
3442 4451 3754 4522 τεθνηκώς,

2090 4549 2194 4605 Καὶ
2226 4547 2455 4622 νομίσας
2497 4547 2525 4601 6
2579 4542 2764 4621 ἅρχων
2825 4543 2908 4600 ὅτι
2968 4541 3056 4599 διὰ
3113 4540 3367 4619 γοητείας
3397 4538 3610 4617 ἤγειρεν
3647 4536 3756 4593 αὗ-

2002 4634 2050 4698 D
2087 4637 2202 4708 τὸν,
2235 4635 2366 4711 πυρὶ
2396 4631 2706 4711 παρέδωκεν
2732 4631 2920 4704 αὐτην.

2229 4735 2331 4794 Καὶ
2356 4731 2588 4806 ἄθλησις
2614 4739 2714 4803 τῆς
2747 4732 2904 4808 ἁγίας
2937 4733 3211 4808 μάρτυρος
3243 4728 3590 4805 Κυπρίλλης.

2154 4848 2441 4927 Κυπρίλλα
2494 4852 2530 4920 ἡ
2581 4853 2679 4905 τοῦ
2735 4848 2971 4926 Χριστοῦ
3034 4848 3236 4924 μάρτυς
3297 4847 3516 4920 ὑπῆρχε
3551 4844 3646 4916 μὲν
3679 4841 3752 4899 lx

2081 4950 2180 5013 τῆς
2208 4941 2426 5004 πόλεως
2457 4941 2710 5014 Κυρήνης
2739 4937 2826 4992 ἐπὶ
2868 4941 2970 5003 τῆς
3000 4933 3289 5012 ’βασιλείας
3318 4934 3749 5004 Διοκλητιανοῦ.

2083 5033 2370 5108 Προγόνων
2434 5025 2491 5084 δὲ
2548 5027 2679 5082 οὖσα
2741 5028 3061 5102 Χριστιανὴ,
3128 5025 3434 5098 συνῴκησεν
3466 5020 3619 5098 ἀνδρὶ
3647 5021 3748 5078 ἐπὶ

2081 5120 2230 5178 δυσὶν
2287 5119 2475 5175 ἔτεσιν.
2542 5117 2640 5174 Καὶ
2696 5121 2794 5172 τοῦ
2849 5113 3044 5191 ἀνδρὸς
3093 5114 3261 5184 αὐτῆς
3290 5113 3746 5184 τελευτήσαντος,

2079 5208 2282 5286 ἔμεινεν
2317 5210 2367 5265 ἐν
2401 5207 2603 5284 χηρείᾳ
2658 5204 2749 5277 ἔτη
2811 5204 2981 5262 εἴκοσι
3015 5205 3180 5262 ὀκτώ.
3212 5206 3338 5260 Ὅτε
3369 5201 3426 5259 δὶ
3463 5201 3746 5278 ἐκρατήθη

2079 5299 2359 5375 Θεόδωρος
2426 5299 2454 5353 ὁ
2521 5296 2824 5372 ἀγιώτατος
2909 5295 3202 5358 ἐπίσκοπος
3287 5296 3564 5369 Κυρήνης,
3645 5306 3750 5361 καὶ⁵

2078 5388 2408 5458 ἀπεκλείσθη
2460 5385 2538 5448 εἷς
2599 5383 2866 5462 φυλακὴν,
2926 5386 3063 5440 κατά
3121 5382 3414 5458 συγκυρίαν
3450 5380 3752 5456 ἀλγήσασα

2075 5483 2172 5552 τὴν
2205 5476 2474 5555 κεφαλὴν,
2503 5473 2719 5546 ἀπῆλθε
2774 5475 2910 5550 πρὸς
2967 5473 3151 5544 αὐτὸν,
3186 5473 3347 5548 χάριν
3383 5471 3596 5534 ἰάσεως.
3632 5468 3750 5525 Καὶ

2075 5569 2457 5646 Θεραπευθιῖσα
2513 5561 2756 5635 διηκόνει
2810 5562 2958 5636 αὖτῷ
3017 5562 3110 5618 σὺν
3166 5559 3378 5632 Λουκίᾳ
3428 5557 3519 5614 καί
3570 5556 3752 5632 Ἀρόᾳ

2071 5665 2192 5723 ταῖς
2245 5655 2420 5720 ὁσίαις
2471 5653 2733 5731 γυναιξίν.
2794 5653 2948 5712 Μετᾶ
2999 5650 3059 5708 δὶ
3111 5652 3210 5722 τὴν
3254 5653 3353 5706 τοῦ
3402 5648 3560 5725 ἁγίου
3590 5653 3736 5703 Θεο-

2075 5749 2256 5826 δώρου
2309 5743 2614 5816 τελιίωσιν,
2673 5746 2988 5820 παραστᾶσα
3041 5745 3122 5816 τῷ
3181 5740 3440 5816 ἡγεμόνι,
3491 5737 3583 5796 καὶ
3636 5735 3742 5793 τὸν
