4086 6204
331 438 452 496 525

1878 437 2176 500 IULIUS.
3630 453 3747 512 528

335 599 564 666 Χριστὸν
599 599 1017 672 ὁμολογήσασα,
1076 597 1338 674 πρότερον
1401 597 1627 677 έτύςρθη.
1687 601 1820 655 Εἶτα
1891 599 1978 653 ἄν·

2106 616 2347 656 manum
2373 603 2955 674 apprehendentibus
2979 606 3297 679 cogebatur
3320 608 3454 665 thus
3482 610 3595 667 diis
3616 610 3755 667 ado-

341 690 538 764 θρακας
597 688 686 743 ἐπὶ
743 695 842 757 τῆς
899 687 1162 761 παλάμης
1222 686 1511 761 δεξαμένη,
1585 682 1828 757 ἐϐιάζετο
1891 686 1994 742 ὑπό

340 782 447 831 τῶν
483 774 700 851 δημίων
729 778 1076 852 κρατούντων
1107 779 1203 846 τὴν
1238 776 1405 847 αὐτῆς
1452 782 1633 852 χεῖρα,
1686 770 1989 832 λιϐανωτὸν

339 874 719 942 προσενεγκεῖν
752 872 867 929 τοῖς
899 868 1066 929 θεοῖς.
1096 868 1156 923 ἹΙ
1194 863 1251 921 δὲ
1298 861 1446 920 ἐϐόα
1503 866 1618 923 Ούκ
1665 861 1775 920 ἔστι
1828 869 1992 919 τοῦτο

341 956 590 1019 ἑκούσιος
628 956 807 1021 θυσία.
841 955 988 1032 Ἐγὼ
1019 956 1122 1031 γὰρ
1153 959 1232 1028 τῷ
1276 956 1495 1031 Χριστῷ
1547 976 1655 1028 μου
1706 953 1836 1011 Θύω.
1889 953 1992 1011 Καὶ

339 1050 506 1102 ταῦτα
558 1045 804 1113 εἰποῦσα,
862 1043 1166 1119 έκρεμίσθη
1229 1043 1314 1100 ἐπὶ
1375 1044 1560 1115 ξύλου·
1612 1042 1701 1098 καὶ
1761 1040 1990 1116 ξεομένη

341 1132 629 1212 παρέδωκε
657 1136 719 1189 τὸ
742 1140 972 1209 πνεῦμα.

409 1252 509 1306 Καὶ
545 1252 742 1325 μνήμη
774 1256 870 1307 τοῦ
902 1252 1051 1307 ὁσίου
1079 1250 1397 1328 Ἱλαρίωνος
1428 1257 1532 1320 τῆς
1567 1248 1879 1323 Δαλματου.

897 1397 1070 1453 MHNI
1111 1402 1199 1474 Τῼ
1239 1399 1432 1473 ΑῙἽᾩ.

1141 1489 1168 1553 ζ

336 1585 544 1657 Μνήμη
601 1588 701 1639 τοῦ
758 1584 908 1640 ὁσίου
969 1584 1177 1711 Πατρὸὶ
1223 1585 1383 1656 ἡμῶν
1474 1582 1674 1637 Σισόου
1730 1584 1831 1637 τοῦ
1888 1584 1993 1635 Με-

1068 1678 1138 1711 γα
1182 1677 1265 1711 ου.

1068 1677 1265 1730 γαΑου.

406 1754 469 1812 Ὁ
503 1755 771 1829 μακάριος
825 1754 1049 1825 Σισόης,
1108 1754 1167 1809 ἐκ
1227 1752 1458 1831 βρέφους
1516 1752 1606 1808 τὸν
1666 1753 1795 1807 Θεὸν
1857 1751 1989 1825 ἀγαο

332 1843 537 1912 πήσας,
597 1842 686 1897 καὶ
741 1844 833 1899 τὸν
890 1842 1092 1898 τούτου
1151 1843 1376 1917 σταυρὸν
1440 1840 1521 1896 ἐπ’
1606 1836 1772 1913 ὣμων
1831 1836 1984 1911 ἄρας,

332 1932 708 2003 ἠκολούθησεν
730 1933 899 2006 αὐτῷ.
935 1932 1040 1989 Καὶ
1070 1932 1166 1995 τὰς
1196 1931 1518 2006 παρατάξεις
1572 1934 1681 1985 τῶν
1728 1928 1977 2003 ἀοράτων

331 2019 550 2096 ἐχθρῶν
628 2020 1077 2099 τροπωσὸίμενος,
1133 2020 1343 2098 χαίρων
1417 2019 1670 2096 ἐχώρησε
1726 2017 1865 2094 πρὸς
1918 2017 1986 2071 τὰ

332 2110 565 2167 ἐπίπονα
603 2119 705 2182 τῆς
763 2111 1042 2184 ἀσκήσεως
1102 2111 1413 2185 σκάμματα.
1470 2106 1985 2185 Ταπεινοφροσύνης

332 2198 392 2255 δὲ
423 2200 500 2262 εἷς
529 2198 701 2277 ἄκρον
757 2200 1073 2276 γενόμενος,
1134 2198 1345 2273 ἐδέξατο
1402 2197 1720 2276 χαρίσματα
1775 2198 1986 2269 θαυμα-

326 2289 606 2365 τουργίας.
653 2291 757 2348 Καὶ
815 2292 918 2367 γὰρ
967 2290 1057 2347 καὶ
1115 2288 1337 2366 νεκροὺς
1392 2287 1664 2359 ἀνέστησε,
1717 2308 1807 2342 και
1866 2284 1983 2340 δαί-

329 2395 503 2453 μονας
545 2379 596 2450 ἐξ
636 2380 935 2455 ἀνθρώπων
989 2378 1261 2451 ἀπήλασα,
1322 2381 1407 2434 καὶ
1465 2381 1754 2441 νοσοῦντας
1800 2375 1985 2450 ἐθερα-

326 2488 511 2540 πευσε,
542 2470 631 2524 καὶ
692 2468 837 2525 ἄλλα
892 2467 1079 2525 πολλά
1136 2467 1384 2542 θαύματα
1442 2467 1711 2537 ἐποίησεν.
1776 2466 1873 2522 Ἠν
1927 2461 1984 2519 δὲ

326 2559 420 2613 καὶ
468 2560 569 2627 τὴν
632 2558 880 2635 ἐντυχίαν
941 2561 1250 2633 προσηνὴς,
1308 2560 1395 2614 καὶ
1461 2558 1827 2633 μετριόφρων,
1887 2552 1981 2608 καὶ

324 2645 464 2717 ἡδὺς
495 2646 548 2703 ἓν
580 2654 697 2711 τοῖς
744 2649 1181 2725 ἀποφθέγμασιν,
1242 2647 1293 2719 ἐξ
1352 2649 1424 2702 ὧν
1484 2644 1670 2702 πολλᾶ
1724 2642 1982 2719 συνεγρά-

326 2758 505 2815 φησαν
540 2739 617 2799 εἷς
647 2740 746 2807 τὴν
776 2742 885 2794 τῶν
916 2737 1125 2794 λοιπῶν
1159 2737 1447 2815 ὠφέλειαν.
1505 2735 1618 2794 Ούκ
1662 2733 1884 2810 ὀλίγους
1924 2731 1982 2787 δὲ

326 2826 553 2882 καὶτῶν
587 2827 889 2882 πταιόντων
918 2825 1167 2905 ἁδελφῶν
1219 2825 1308 2882 διὰ
1356 2823 1811 2902 παραδειγμάτων
1860 2821 1980 2877 ἐπι-

323 2915 586 2988 τηόείων,
617 2919 752 2992 πρὸς
805 2918 1084 2991 μετάνοιαν
1146 2917 1480 2993 ἐπιστρέφων
1534 2913 1789 2990 διώρθου.
1844 2911 1982 2987 Εἶχε

325 3004 383 3061 δὲ
436 3006 528 3061 καὶ
585 3012 770 3076 τοῦτο,
832 3007 893 3062 τὸ
956 3005 1230 3080 μηδέποτε
1281 3004 1621 3079 κατακρίνειν
1676 3003 1975 3076 ἄνθρωπον.

324 3094 486 3154 Οὕτω
518 3093 575 3150 δὲ
610 3095 815 3172 βιώσας
845 3096 1171 3172 ἀγγελικῶς,
1203 3096 1341 3169 πρὸς
1371 3095 1523 3164 Θεὸν,
1557 3090 1614 3149 ὅν
1648 3092 1976 3165 ἐπεθύμησε,

320 3184 537 3260 χαίρων
595 3182 951 3257 ἐξεδήμησεν,
1042 3181 1337 3242 ἀπολαϐὼν
1390 3186 1492 3255 τὴν
1560 3186 1975 3259 ἡτοιμασμένην

320 3274 470 3345 αύτῷ
499 3271 718 3329 αἰώνιον
756 3273 1060 3348 βασιλείαν.

320 3372 420 3426 Καὶ
479 3372 708 3443 ἄθλησις
778 3380 877 3442 τῆς
964 3372 1120 3459 aviae
1200 3373 1473 3464 μαρτυρος
1543 3370 1800 3441 Λουκίας,
1881 3372 1968 3427 καὶ

929 3465 1039 3499 των
1074 3466 1165 3499 συν
1202 3466 1360 3518 αυτῃ.

391 3571 456 3622 Ἡ
484 3573 581 3623 τοῖ’)
631 3574 871 3645 Χριστοῦ
922 3570 1127 3645 μάρτυς
1182 3576 1387 3625 Λουκια
1418 3571 1453 3639 ἡ
1486 3570 1767 3644 παρθένος,
1819 3568 1973 3641 ἑτέρα

320 3656 435 3712 ἐστὶ
477 3657 622 3732 παρὰ
674 3658 773 3728 τὴν
833 3658 884 3715 ἐν
949 3656 1177 3731 Σικελίᾳ
1234 3659 1466 3714 Λουκίαν
1521 3660 1621 3729 τὴν
1680 3658 1966 3730 παρθένον.

320 3748 421 3804 Ἠν
454 3748 557 3822 γὰρ
588 3747 722 3819 αὕτη
757 3747 818 3803 ἐκ
871 3756 971 3819 τῆς
1033 3750 1219 3824 χώρας
1277 3746 1622 3821 Καμπανίας.
1677 3745 1779 3804 Καὶ
1838 3767 1971 3821 κρα-

314 3842 547 3906 τηθεῖσα
604 3837 749 3911 παρᾶ
807 3841 901 3892 τοῦ
956 3844 1059 3907 τῆς
1111 3836 1373 3907 τοιαύτης
1428 3836 1617 3912 χώρας
1678 3833 1967 3911 ἄρχοντος,

315 3924 667 4000 ἐτιμωρήθη.
739 3927 836 3983 Καὶ
921 3928 1449 4003 θαυματουργήσασα
1528 3923 1738 3980 ἔπεισεν
1805 3927 1965 3982 αὐτὸν

316 4025 601 4076 πιστεῦσαι
634 4026 878 4098 Χριστῷ·
934 4023 1023 4077 καὶ
1079 4022 1140 4077 οὐ
1190 4022 1355 4096 μόνον
1408 4018 1654 4090 ἀπελύθη
1708 4022 1834 4095 παρ’
1868 4022 1970 4076 αὖ·

313 4114 440 4177 τοῦ,
471 4110 614 4166 ἀλλὰ
643 4112 734 4167 καὶ
778 4111 925 4167 οἶκον
971 4111 1059 4167 καὶ
1120 4108 1319 4172 δούλας
1378 4104 1622 4165 λαϐοὸσα
1670 4110 1967 4185 ἡσύχαζεν,

316 4200 604 4275 εὐχομένη
634 4205 714 4274 τῷ
762 4202 878 4274 Θεῷ
932 4202 1063 4276 ὑπὲρ
1108 4200 1292 4256 αὐτοῦ.
1348 4200 1496 4255 Μετά
1544 4196 1601 4254 δὲ
1650 4198 1969 4275 παρέλευσιν

314 4285 455 4341 ἐτῶν
507 4286 703 4359 εἴκοσι,
761 4287 1059 4366 ἀμιρότεροι
1121 4287 1553 4360 ἐπιθυμήσαντες
1607 4290 1703 4341 τοῦ
1765 4308 1970 4360 μαρτυ-

319 4377 645 4451 ρῆσαιὺπέρ
698 4382 935 4450 Χριστοῦ
992 4376 1287 4433 κατέλιπον
1333 4373 1560 4431 ἅπαντα.
1614 4376 1710 4430 Καὶ
1767 4374 1971 4431 ἀναλα-

319 4460 551 4538 ϐόμενοι
583 4465 710 4528 τοὺς
762 4466 991 4529 οἰκείους
1048 4464 1343 4541 ὑπηρέτας,
1393 4463 1641 4535 ἀπῆλθον
1693 4465 1827 4539 πρὸς
1876 4466 1968 4519 τὸν

317 4555 577 4630 ἡγεμόνα
604 4562 704 4625 τῆς
742 4558 954 4633 χώρας,
1002 4557 1092 4612 καὶ
1149 4552 1491 4630 παρέδωκανη
1527 4554 1786 4615 ἑκουσίως
1844 4554 1967 4609 sau-

316 4645 475 4707 τούς.
538 4645 636 4702 Καὶ
694 4645 1055 4720 ἐρωτηθέντες
1102 4645 1190 4700 καὶ
1247 4645 1337 4700 τὸν
1393 4644 1626 4718 Χριστὸν
1684 4643 1971 4717 ὁμολογή-

322 4755 533 4805 σαντες,
609 4734 1031 4810 ὲτιμωρήθησαν
1117 4731 1412 4811 διαφόρῶς.
1471 4734 1558 4794 Ὦς
1617 4731 1675 4787 δὲ
1733 4730 1974 4787 ἐπιπολὺ

323 4822 580 4896 ἐνέμενον
609 4827 679 4896 τῇ
708 4827 806 4878 τοῦ
836 4825 1070 4899 Χριστοῦ
1108 4823 1307 4892 πίστει,
1336 4824 1437 4893 τὴν
1472 4820 1560 4877 διὰ
1611 4821 1793 4899 ξίφους
1849 4821 1978 4875 ἀπό-

321 4934 486 4989 φασιν
572 4909 852 4985 δεξάμενοι
930 4912 1434 4987 ἀπεκεφαλίσθησαν
1511 4913 1624 4985 ἅμα
1676 4915 1746 4984 τῇ
1803 4910 1976 4984 λοιπῇ

322 5000 554 5074 συνοδίᾳ
584 5003 781 5058 αὐτῶν·
825 5003 913 5057 καὶ
968 5002 1111 5058 οὕτω
1156 5000 1558 5073 τελειωθέντες,
1607 5000 1978 5076 ἐστεφανώθη-

324 5114 421 5148 σαν
451 5090 506 5147 έν
538 5092 779 5167 Χριστῷ.

323 5193 435 5248 Καὶ
509 5191 740 5262 ἄθλησις
824 5197 920 5267 τοῦ
998 5191 1158 5267 ᾁγίου
1236 5192 1638 5267 ίιῳομάρτυρος

819 5262 1119 5320 ἐπισκόπου
1151 5262 1480 5340 Δυρραχίου.

1715 5189 1979 5259 ’Λστείου,

403 5394 647 5455 Ἀστεῖος
683 5394 710 5449 ὁ
740 5393 1092 5468 ἱερομάρτυς,
1140 5395 1207 5463 ἦν
1253 5392 1346 5465 μὶν
1400 5390 1489 5447 ἐπὶ
1546 5392 1644 5461 τῆς
1706 5388 1981 5465 βασιλείας

324 5483 626 5555 Τραῖανοῦο
685 5483 974 5558 κρατηθεὶς
1028 5481 1085 5537 δὲ
1139 5482 1289 5557 παρᾶ
1369 5485 1478 5536 τῶν
1539 5477 1982 5553 εἶδωλολατρῶν,

321 5567 606 5647 παρεδόθη
685 5569 1040 5647 Ἀγρικολάῳ
1124 5571 1391 5646 ἡμεμόνι·
1476 5568 1568 5623 καὶ
1653 5567 1987 5642 προτραπεὶς

330 5660 672 5731 ἀρνήσασθαι
701 5661 797 5716 τὸν
849 5660 1108 5735 Χριστὸν,
1167 5659 1259 5714 καὶ
1316 5662 1472 5723 θῦσαι
1528 5662 1646 5718 τοῖς
1708 5654 1985 5726 εἰδώλοις,

324 5750 422 5803 καὶ
463 5750 539 5821 μὴ
570 5749 837 5819 πεισθεὶς,
868 5749 1222 5825 παρεκέμφθη
1253 5745 1493 5825 φυλακῇ.
1549 5746 1663 5820 Πρὸ
1709 5744 1804 5800 τοῦ
1857 5765 1987 5820 κρα-

2102 688 2244 744 lere.
2266 691 2375 746 Illa
2405 698 2612 749 contra
2642 694 2933 750 clamabat
2960 712 2973 749 :
3008 697 3133 750 Non
3156 702 3245 751 est
3273 698 3418 769 haec,
3448 700 3749 772 inquiens,

2103 785 2433 849 spontanea
2460 781 2678 838 oblatio
2706 801 2719 838 :
2753 801 2857 857 ego
2889 785 3047 839 enim
3106 785 3336 843 Christo
3390 806 3521 844 meo
3572 791 3757 846 sacri-

2102 869 2236 924 fico.
2270 871 2402 925 Haec
2436 871 2653 940 locuta,
2688 874 2747 928 in
2782 875 3102 946 equuleum
3145 877 3398 933 sublime
3447 880 3752 951 arripitur,

2101 958 2303 1030 ibique
2338 964 2777 1035 excarniﬁcuta,
2822 965 3099 1035 spiritum
3134 966 3403 1023 tradidit.‘

2169 1229 2238 1282 Et
2296 1232 2584 1288 memoria
2643 1234 2832 1289 sancti
2894 1234 3214 1291 Hilarionis
3274 1236 3333 1291 in
3390 1240 3751 1295 monasterio

2099 1316 2402 1376 Dalmatae.

2659 1423 2899 1477 EODEM
2940 1424 3191 1479 MENSE.

2775 1516 2877 1571 Die
2907 1522 3070 1572 sexta

2250 1601 2517 1660 Memoria
2545 1606 2728 1661 sancti
2764 1608 2952 1662 Patris
2979 1609 3156 1662 nostri
3185 1607 3353 1663 S‘isois
3377 1609 3589 1679 Magni.

2172 1805 2383 1861 Beatus
2411 1807 2605 1863 Sisoes
2636 1826 2771 1864 cum
2806 1810 2876 1865 ab
2912 1810 3161 1867 infantia
3192 1813 3378 1867 Deum
3418 1812 3745 1886 dilexisset,

2015 1912 2058 1977 Β
2098 1892 2330 1949 sublata
2363 1895 2625 1951 humeris
2656 1915 2829 1954 cruce
2868 1900 3039 1955 illum
3099 1906 3334 1955 secutus
3385 1908 3510 1958 est:
3568 1908 3744 1973 atque

2097 1982 2483 2039 invisibilium
2508 1986 2768 2041 hostium
2801 1988 3086 2043 conflictu
3134 1993 3433 2060 superato,
3466 1989 3638 2045 laetus
3669 1991 3742 2046 ad

2093 2074 2436 2129 monasticaa
2452 2077 2893 2132 exercitationis
2906 2076 3204 2133 laboriosa
3215 2079 3535 2134 certamina
3546 2096 3743 2136 seces-

2096 2162 2193 2229 sit,
2228 2162 2533 2219 Summam
2562 2171 2761 2221 autem
2798 2166 2980 2222 animi
3011 2166 3436 2223 demissionem
3469 2168 3739 2241 adeptus,

2094 2252 2519 2308 miraculorum
2544 2256 2793 2326 gratiam
2817 2257 3063 2329 accepit.
3091 2259 3233 2312 Nam
3253 2263 3311 2312 et
3331 2264 3597 2314 mortuos
3618 2276 3742 2315 sus-

2092 2341 2310 2409 citavit,
2338 2347 2395 2396 et
2412 2343 2713 2400 daemones
2730 2345 2802 2400 ab
2825 2346 3168 2401 hominibus
3191 2347 3435 2418 expulit,
3469 2353 3528 2403 et
3552 2365 3737 2421 aegros

2094 2430 2340 2497 sanavit,
2372 2437 2429 2485 et
2459 2431 2631 2502 plura
2660 2433 2777 2488 alia
2807 2435 3095 2490 miracula
3124 2434 3282 2490 fecit.
3316 2438 3453 2491 Erat
3472 2437 3650 2491 etiam
3672 2437 3737 2492 in

2089 2518 2486 2575 familiaribus
2517 2522 2932 2595 congressibus
2955 2530 3155 2579 mente
3178 2526 3509 2596 perspicax,
3534 2532 3593 2581 et
3608 2526 3739 2581 ani-

2089 2624 2186 2662 mo
2219 2609 2559 2666 moderatus
2616 2610 2970 2683 lepidusque
2994 2614 3055 2667 in
3078 2614 3403 2685 responsis,
3429 2631 3497 2669 ex
3520 2613 3738 2685 quibus
3772 2662 3773 2665 η

2090 2698 2281 2754 multa
2311 2706 2450 2755 sunt
2479 2700 2553 2755 ad
2584 2700 2838 2756 aliorum
2870 2702 3187 2757 utilitatem
3220 2703 3576 2774 conscripta.
3611 2705 3737 2758 Non

2091 2804 2310 2858 paucos
2340 2806 2475 2843 vero
2508 2806 2577 2844 ex
2603 2789 2786 2861 lapsis
2816 2790 3102 2847 fratribus
3132 2808 3239 2863 per
3277 2799 3415 2863 apta
3468 2793 3737 2864 exemplo

2090 2886 2408 2947 correctos,
2440 2880 2513 2935 ad
2544 2881 2956 2951 pmnitentiam
2988 2882 3293 2937 convertit.
3322 2882 3539 2937 Habuit
3559 2883 3737 2938 etiam

2088 2968 2200 3023 hoc
2232 2968 2559 3041 prOprium,
2596 2975 2663 3024 ut
2692 2970 2926 3024 nullum
2974 2987 3238 3041 unquam
3288 2970 3735 3027 condemnaret.

2088 3058 2240 3114 I55
2276 3059 2442 3113 Hunc
2492 3058 2553 3113 in
2600 3059 2843 3114 modum
2884 3060 3212 3131 angelicam
3262 3060 3441 3116 vitam
3489 3060 3734 3127 ducens,

2087 3146 2161 3201 ad
2193 3148 2399 3215 Deum,
2432 3164 2609 3219 quem
2642 3153 2965 3219 aptaverat,
2996 3149 3287 3221 migravit,
3319 3154 3593 3221 paratum
3624 3148 3735 3204 sibi

2010 3279 2053 3346 Ο
2090 3240 2381 3293 aeternum
2406 3253 2656 3308 regnum
2688 3236 3006 3309 accipiens.

2153 3424 2220 3477 Et
2246 3431 2515 3479 certamen
2545 3428 2754 3479 sanctae
2782 3424 3043 3492 martyris
3071 3426 3249 3479 Lucia:
3284 3430 3337 3479 et
3363 3426 3653 3481 sociorum.

2152 3611 2368 3666 Christi
2400 3616 2625 3682 martyr
2669 3612 2845 3667 Lucia
2877 3612 3055 3685 virgo,
3090 3612 3206 3667 alia
3235 3629 3269 3668 a
3299 3614 3475 3669 Lucia
3503 3614 3727 3686 virgine

2080 3700 2294 3768 Sicula,
2328 3700 2441 3755 fuit
2480 3717 2553 3755 εχ·
2597 3701 2839 3773 regione
2884 3700 3239 3772 Campania.
3285 3702 3729 3775 Comprehensa

2079 3795 2277 3845 autem
2308 3790 2380 3845 ab
2413 3790 2592 3861 hujus
2622 3790 2881 3863 regionis
2912 3790 3213 3862 praefecto,
3249 3791 3555 3864 suppliciis
3592 3793 3726 3847 afﬂ-

2079 3880 2249 3935 citur.
2279 3882 2423 3937 Cum
2454 3896 2588 3935 vero
2613 3879 2900 3935 miracula
2916 3885 3226 3951 patrasset,
3249 3898 3381 3936 eum
3411 3881 3485 3938 ad
3507 3881 3720 3937 Christi

2079 3968 2257 4024 fidem
2285 3970 2588 4025 convertit.
2618 3970 3012 4034 Quamobrem
3058 3988 3179 4025 non
3229 3971 3421 4027 solum
3471 3971 3542 4027 ab
3592 3972 3720 4044 ipso

2078 4056 2350 4114 absoluta
2378 4058 2507 4123 fuit,
2544 4057 2648 4114 sed
2676 4059 2854 4113 etiam
2912 4059 3155 4115 domum
3205 4077 3518 4131 servasque
3567 4063 3722 4117 acci-

2079 4148 2267 4219 piens,
2304 4149 2364 4201 in
2396 4147 2594 4217 quiete
2626 4147 2803 4219 degit,
2838 4165 2943 4218 pro
2976 4149 3105 4219 ipso
3138 4150 3320 4203 Deum
3354 4165 3552 4204 orans.
3577 4151 3724 4204 Exa-

2079 4238 2188 4292 ctis
2216 4242 2414 4291 autem
2437 4236 2639 4307 viginti
2662 4237 2857 4305 annis,
2888 4253 3023 4290 cum
3045 4237 3218 4291 ambo
3235 4238 3585 4307 martyrium
3619 4254 3724 4308 pro

2080 4327 2309 4382 Christo
2330 4325 2527 4380 subire
2553 4331 2862 4396 cuperent,
2895 4326 3070 4380 rebus
3093 4326 3370 4381 omnibus
3402 4326 3724 4395 derelictis,

2081 4416 2438 4471 domesticos
2457 4414 2711 4469 famulos
2730 4420 3124 4480 assumentes,
3158 4415 3231 4469 ad
3255 4415 3598 4485 praefectum
3630 4432 3726 4470 re-

2080 4506 2271 4578 gionis
2296 4509 2694 4569 accesserunt,
2721 4504 2949 4575 seipsos
2974 4509 3182 4575 sponte
3206 4503 3526 4559 tradentes.
3553 4504 3727 4559 Cum-

2083 4613 2218 4667 que,
2252 4584 2629 4667 interrogati;
2655 4594 2953 4649 Christum
2987 4596 3429 4664 proﬁterentur,
3482 4595 3729 4651 diversis

2004 4656 2050 4719 Β
2087 4656 2398 4740 tormentis
2430 4656 2749 4738 e;cruciati
2781 4688 2938 4737 sunt.
2987 4656 3056 4737 ln
3107 4684 3322 4738 Christi
3368 4656 3565 4740 autem
3616 4685 3730 4740 flde

2088 4775 2310 4831 diutius
2340 4778 2788 4844 permanentes,
2844 4774 3204 4829 sententiam
3238 4774 3450 4845 capitis
3488 4789 3732 4845 accepe-

2084 4869 2242 4920 runt.
2303 4862 2592 4919 Decollati
2636 4862 2834 4931 itaque
2876 4878 2996 4917 una
3044 4880 3178 4918 cum
3227 4863 3480 4933 reliquis
3534 4862 3735 4927 sociis,

2087 4956 2262 5010 vitam
2322 4953 2480 5007 hunc
2536 4951 2600 5007 in
2655 4949 2901 5007 modum
2963 4952 3268 5021 finierunt,
3328 4968 3613 5008 coronam
3672 4952 3736 5006 iu

2087 5043 2318 5099 Christo
2346 5041 2566 5114 adepti.

2091 5174 2158 5227 Et
2214 5177 2485 5227 certamen
2540 5169 2874 5295 sacrosazcti
2929 5174 3189 5295 mlartyris
3273 5170 3438 5238 Astii,
3500 5170 3741 5241 episcopi

2803 5258 2965 5295 urrac
3005 5260 3066 5295 ιι.

2803 5258 3066 5311 yrracnn.

2161 5389 2361 5445 Astius
2382 5386 3138 5457 sacromartyr,imperante
3151 5386 3425 5457 Trajano,
3450 5388 3521 5442 ab
3553 5386 3748 5441 idolo-

2093 5478 2259 5535 latris
2282 5483 2510 5550 captus,
2536 5475 2844 5548 Agricolae
2867 5474 3103 5546 praesidi
3126 5474 3377 5531 traditus
3409 5476 3547 5530 fuit:
3583 5490 3746 5529 cum-

2096 5584 2210 5638 que
2239 5572 2550 5640 urgeretur
2582 5565 2884 5620 Christum
2916 5564 3209 5637 abuegare
3241 5571 3300 5619 et
3331 5564 3509 5619 idolis
3541 5564 3747 5617 immo.

2094 5657 2240 5720 lare,
2275 5673 2385 5711 nec
2416 5656 2475 5710 id
2507 5656 2704 5710 facere
2736 5658 3050 5713 annueret,
3074 5652 3135 5706 in
3163 5668 3459 5706 carcerem
3477 5650 3749 5704 detrusus

2099 5751 2207 5801 est.
2240 5749 2578 5815 Antequam
2610 5761 2745 5799 vero
2771 5732 3749 5812 comprehenderetur,hujusmodi
