4086 6204
312 457 434 517 52³1

1631 448 2046 513 MENOLOGII
2094 451 2300 511 PARS
2345 452 2456 514 IlI.

3619 456 3739 514 528

322 591 622 648 somnium
642 589 804 644 vidit.
839 588 1110 660 Seipsum
1130 584 1365 641 videbat
1388 601 1566 658 super
1583 591 1812 658 petram
1838 585 1955 658 pice

2079 588 2316 653 τηθῆναι
2349 579 2430 654 δὲ,
2461 582 2716 647 έθεάσατο
2742 589 2989 640 τοιοῦτον
3023 580 3171 661 ὅναρ·
3231 585 3450 642 Ἑαυτὸν
3505 579 3734 640 ἔϐλεπεν

318 682 569 752 oleoque
599 679 922 735 delibutam
953 683 1129 732 stare.
1164 678 1206 731 E
1231 693 1440 732 somno
1495 677 1696 746 itaque
1746 675 1965 730 excita-

318 777 433 837 tus,
467 771 614 824 dixit
642 767 874 823 clericis
906 767 1067 821 suis:
1129 767 1386 832 Fratres,
1435 771 1670 837 oportet
1717 781 1812 821 me
1859 780 1964 836 pro

315 860 547 914 Christo
570 857 710 928 pati.
745 857 1034 912 Caeterum
1064 856 1474 926 unusquisque
1517 861 1777 910 vestrum
1828 868 1964 908 eum

314 948 510 1002 locum
542 950 723 1018 petat,
755 945 856 1000 ubi
890 945 1064 1001 saluti
1099 962 1219 1000 sua)
1251 944 1564 1000 consulere
1621 943 1830 1015 possit.
1866 942 1966 997 His

311 1036 484 1092 dictis
517 1042 744 1108 captus,
794 1042 861 1091 ut
911 1052 1092 1107 supra
1139 1041 1445 1090 narratum
1497 1040 1606 1100 est,
1661 1041 1719 1088 et
1763 1048 1962 1088 coram

312 1125 622 1198 Agricolao
657 1125 967 1193 adductus,
1001 1142 1134 1180 cum
1168 1125 1463 1180 Christum
1488 1123 1796 1179 confessus
1818 1121 1961 1177 fuis-

315 1214 493 1284 set,in
515 1230 814 1270 carcerem
837 1215 1162 1285 conjectus,
1187 1213 1443 1284 indeque
1467 1210 1733 1279 eductus,
1767 1211 1963 1282 plum-

313 1303 680 1360 batiscaasus
718 1304 848 1360 fuit.
900 1305 1028 1357 Mox
1074 1303 1252 1358 melle
1301 1303 1455 1360 156
1509 1306 1852 1373 perunctus,
1901 1300 1964 1355 in

315 1393 638 1466 equuleum
665 1393 928 1448 fervente
955 1399 1102 1448 aestu
1153 1408 1478 1463 suspensus
1509 1397 1620 1460 est,
1649 1396 1714 1445 ut
1757 1406 1964 1461 vespa-

312 1500 446 1540 rum
476 1499 934 1554 muscarumque
987 1481 1282 1536 morsibus
1343 1481 1633 1536 interiret.
1694 1479 1858 1545 Quod
1907 1484 1966 1534 et

311 1573 590 1645 contigit:
623 1572 684 1628 id
716 1573 878 1628 enim
914 1571 1273 1644 supplicium
1325 1588 1458 1626 cum
1503 1569 1826 1642 gratiarum
1865 1584 1964 1625 ac-

313 1663 475 1718 tione
507 1663 726 1730 ferens,
760 1662 1036 1735 spiritum
1069 1662 1301 1716 Christo
1335 1659 1597 1716 tradidit.

312 1781 384 1836 Et
408 1781 850 1837 commemoratio
868 1779 1044 1834 sane-ti
1066 1779 1327 1846 martyris
1342 1777 1553 1844 Pharao,
1583 1782 1634 1830 et
1655 1775 1794 1846 ejus,
1818 1773 1968 1845 quod

326 1857 334 1862 '
870 1849 1096 1916 accidit,
1138 1848 1414 1903 miraculi.

385 1979 654 2035 Narravit
673 1977 784 2032 Leo
807 1980 1198 2048 cognomento
1218 1975 1566 2038 Pontianus,
1591 1972 1752 2044 quod
1777 1972 1960 2027 Sisin-
1994 1968 2039 2033 Β

316 2068 453 2126 nius
475 2067 601 2135 ille,
625 2067 727 2137 qui
751 2063 1017 2120 Stibarus
1049 2063 1244 2119 dictus
1275 2068 1386 2132 est,
1411 2063 1472 2116 in
1495 2063 1655 2134 regia
1685 2062 1968 2133 navigans

312 2159 525 2225 classe,
561 2174 596 2212 a
626 2154 934 2211 Saracenis
965 2159 1200 2226 captus,
1233 2159 1293 2208 et
1320 2153 1557 2224 gemina
1606 2151 1840 2206 vinctus
1871 2168 1964 2206 ca-

311 2254 471 2316 tena,
506 2248 567 2301 in
596 2261 899 2302 carcerem
930 2242 1286 2298 detruditur.
1312 2242 1429 2296 Hac
1453 2256 1588 2312 ergo
1613 2240 1964 2295 necessitate

312 2337 690 2400 constrictus,
723 2334 796 2390 ad
823 2334 1010 2388 Deum
1051 2334 1300 2403 ejusque
1333 2335 1604 2385 sanctum
1639 2335 1963 2399 martyrem

311 2427 570 2486 Phocum
600 2423 882 2495 confugit.
928 2423 1169 2482 Sancte.
1217 2418 1435 2482 aiebat,
1489 2425 1716 2489 martyr
1749 2418 1960 2484 Phoca,

312 2516 598 2576 miserere
629 2513 767 2582 mei,
803 2519 862 2567 et
890 2511 962 2566 ab
996 2510 1088 2565 his
1123 2507 1374 2564 vinculis
1405 2508 1564 2563 solve
1595 2524 1711 2562 me.
1745 2509 1962 2563 Somno

310 2604 526 2662 deinde
552 2608 879 2674 correptus,
901 2605 1171 2655 sanctum
1203 2597 1406 2652 habitu
1431 2595 1760 2667 presbyteri
1788 2596 1959 2651 indu-

307 2700 436 2753 tum
476 2694 590 2750 sibi
639 2697 995 2766 prassentem
1053 2688 1214 2756 vidit,
1261 2685 1570 2756 audiilque
1620 2685 1958 2740 dicentem:

307 2785 510 2857 Surge,
543 2788 601 2838 et
623 2781 855 2837 recede.
887 2781 1016 2834 Mox
1038 2777 1503 2849 expergefactus,
1535 2781 1778 2830 catenas
1800 2789 1963 2845 repe-

302 2874 382 2928 rit
412 2872 720 2938 contritas,
753 2884 936 2940 seque
967 2867 1251 2934 solutum,
1275 2869 1334 2919 et
1363 2880 1660 2920 carcerem
1695 2862 1955 2934 patefac-

305 2968 452 3018 tum.
486 2961 676 3028 Quare
705 2959 905 3030 fugam
935 2955 1250 3026 arripiens,
1285 2970 1414 3009 sese
1448 2952 1690 3008 domum
1748 2958 1956 3008 contu-

305 3051 410 3108 lit:
446 3049 792 3122 acceptique
825 3043 1102 3102 beneﬂcii
1136 3059 1383 3112 memor,
1415 3058 1554 3098 cum
1595 3041 1783 3098 multa
1823 3057 1954 3114 gra-

304 3141 521 3197 tiarum
542 3137 774 3195 actione
796 3134 1145 3192 memoriam
1177 3133 1364 3188 sancti
1389 3149 1625 3205 semper
1648 3147 1952 3204 peragere,

307 3231 610 3300 Deumque
640 3226 974 3300 gloriﬁcare
1003 3223 1282 3294 perrexit,
1305 3221 1406 3293 qui
1431 3221 1653 3277 sanctis
1674 3221 1798 3277 suis
1815 3219 1957 3276 talia

305 3317 666 3376 charismata
689 3313 1048 3387 impertitur.

401 3526 467 3581 Et
497 3529 768 3580 certamen
795 3520 970 3576 sancti
995 3519 1177 3574 Isauri
1207 3517 1468 3589 martyris
1499 3521 1550 3570 et
1577 3516 1865 3571 sociorum.

373 3695 634 3758 Isauras,
669 3688 1083 3760 mysteriorum
1115 3685 1332 3740 Christi
1361 3683 1667 3749 diaconus,
1703 3689 1761 3738 et
1783 3683 1949 3752 socii,

303 3781 496 3853 patria
517 3773 1296 3842 Athenienses,Numeriano
1310 3773 1688 3842 imperatore,
1705 3772 1952 3826 Athenis

305 3872 368 3925 in
397 3867 607 3922 urbem
667 3861 1117 3936 Apolloniadem
1176 3859 1660 3931 commigrarunt.
1707 3860 1833 3914 lllic
1877 3859 1948 3914 ab

304 3958 515 4029 angelo
549 3957 648 4012 Dei
683 3953 914 4018 moniti,
947 3967 1188 4022 specum
1220 3951 1540 4017 intrarunt,
1571 3949 1670 4004 ubi
1689 3950 1868 4020 Felix,
1893 3955 1951 4005 et

300 4047 678 4122 Peregrinus,
737 4050 796 4099 et
859 4040 1145 4107 Hermias,
1191 4039 1508 4094 Christiani
1573 4040 1751 4094 etiam
1811 4041 1946 4112 ipsi,

299 4137 649 4198 habitabant
672 4153 684 4190 :
711 4134 814 4208 qui
841 4135 1114 4187 sanctum
1139 4132 1406 4186 Isaurum
1430 4129 1750 4196 intuentes,
1784 4136 1948 4185 tanta

298 4229 504 4288 lmtitia
533 4226 726 4284 affecti
761 4228 919 4293 sunt,
943 4227 1009 4275 ut
1031 4219 1364 4276 distributis
1387 4219 1446 4274 in
1465 4236 1754 4291 pauperes
1768 4219 1948 4275 facul-

297 4321 540 4384 tatibus,
572 4318 769 4389 ipsum
817 4312 1009 4383 sequi,
1055 4316 1114 4366 et
1156 4309 1264 4364 sub
1315 4309 1586 4381 ejusdem
1627 4309 1946 4381 disciplina

297 4413 487 4470 vivere
509 4404 900 4464 decreverint.
933 4403 1015 4456 Ea
1043 4417 1105 4455 re
1137 4405 1441 4472 comperta
1472 4416 1676 4455 eorum
1707 4401 1944 4472 propin.

298 4503 423 4574 qui,
480 4513 613 4554 cum
673 4489 1205 4562 illosaproposito
1265 4488 1586 4552 dimovere,
1643 4493 1821 4560 atque
1869 4489 1943 4545 ad

295 4587 538 4663 propria
567 4595 839 4640 revocare
870 4579 1089 4632 frustra
1135 4581 1484 4646 tentassent,
1529 4577 1686 4648 apud
1733 4578 1937 4649 prtesi~

2077 669 2170 726 έπὶ
2220 673 2423 747 πέτρας
2482 673 2687 730 ἑστῶτα
2743 673 3102 752 κεχρισμένον
3163 674 3328 750 πίσσῃ
3387 675 3478 729 καὶ
3537 673 3735 747 ἐλαίῳ,

2079 760 2184 818 Καὶ
2223 759 2449 836 ἔξυπνος
2477 762 2767 839 γενόμενος
2819 769 2937 820 εἷπε
2991 770 3108 827 τοῖς
3162 764 3353 820 ἑαυτοῦ
3414 763 3732 839 κληρικοῖς’

2079 846 2363 928 ’Δδελφοὶ,
2395 848 2478 908 δεῖ
2509 874 2577 926 με
2623 855 2811 908 παθεῖν
2871 853 3005 930 ὑπὶρ
3061 857 3158 908 τοῦ
3214 857 3472 926 Χριστοῦ’
3533 850 3732 909 λοιπὸν

2077 937 2234 1012 ὑμεῖς
2263 939 2520 996 ἀπέλθετε
2564 937 2786 1006 ἕκαστος
2838 943 3012 1015 ὑμῶν,
3070 941 3207 998 ὅπου
3262 939 3482 996 δύναται
3522 938 3731 997 διασω-

2075 1034 2257 1098 θῆναι.
2315 1031 2494 1086 Ταῦτο
2551 1029 2743 1102 εἰπὼν,
2829 1031 3126 1104 ἐκρατήθη,
3188 1031 3264 1096 ὡς
3329 1031 3561 1105 εἴρηται.
3625 1031 3728 1086 Καὶ

2072 1119 2347 1192 παραστάς
2379 1124 2458 1192 τῷ
2498 1120 2875 1195 Ἀγρικολάῳ,
2925 1122 3012 1176 καὶ
3072 1121 3164 1176 τὸν
3226 1121 3452 1196 Χριστὸν
3513 1118 3730 1195 ὁμολο-

2071 1206 2266 1278 γήσας,
2317 1204 2649 1278 ἀπεκλείσθη
2706 1207 2780 1270 είς
2834 1207 3102 1286 φυλακήν.
3165 1207 3262 1263 Καὶ
3319 1214 3420 1278 τῆς
3478 1206 3730 1286 φυλακῆς

2073 1287 2384 1364 ἐκϐληθεὶς,
2427 1294 2628 1374 έτύφθη
2682 1298 2934 1375 σφαίραις
2985 1292 3366 1370 μολυϐδίναις.
3421 1296 3550 1355 Εἶτα
3603 1295 3728 1353 ἁλι-

2074 1383 2192 1460 φεῖς
2226 1382 2434 1456 μέλιτι,
2465 1384 2773 1460 ἐκρεμάσθη
2807 1385 2894 1441 ἐπὶ
2945 1385 3111 1459 ξύλου
3161 1384 3214 1440 ἐν
3262 1383 3378 1461 ὥρᾳ
3428 1385 3727 1460 καύματος,

2074 1470 2224 1537 ὅπως
2253 1473 2358 1528 ὑπὸ
2391 1478 2612 1552 σφηκῶν
2653 1476 2740 1530 καὶ
2800 1479 2976 1548 μυιῶν
3025 1471 3400 1553 καταϐρωθεὶς
3457 1476 3720 1551 ἀποθάνῃ,

2073 1560 2176 1617 Καὶ
2231 1561 2430 1617 τούτου
2487 1563 2806 1638 γενομένου,
2869 1563 3204 1640 εὐχαρίστως
3261 1563 3437 1642 φέρων
3485 1565 3582 1633 τὴν
3635 1586 3724 1620 τι-

2077 1650 2308 1727 μωρίαν,
2341 1650 2624 1729 παρέδωκε
2647 1653 2748 1724 τήν
2777 1654 2986 1728 ψυχήν.

2073 1776 2176 1835 Καὶ
2238 1782 2432 1854 μνήμη
2489 1784 2587 1836 τοῦ
2647 1781 2802 1857 ἁγίου
2861 1780 3134 1910 μάερτυρος
3195 1787 3384 1854 Φωκᾶ,
3450 1782 3540 1838 καὶ
3598 1781 3721 1839 ἇνά-

2407 1873 2604 1910 μνησις
2634 1857 2732 1909 τοῦ
2761 1874 2916 1910 γεγον
2956 1875 3048 1910 τος
3077 1853 3376 1910 θαύματος.

2407 1873 2604 1926 μνησις
2634 1853 2732 1909 τοῦ
2761 1853 3050 1930 γεγονότος
3077 1853 3376 1928 θαύματος.

2141 1978 2478 2051 Ἐξηγήσατο
2537 1980 2687 2033 Λέων
2748 1980 2776 2034 ὁ
2837 1977 3318 2052 ἐπονομαζόμενος
3403 1980 3718 2048 Ποντιανὸς,

2074 2067 2159 2122 δτι
2192 2068 2464 2131 Σισίννιος
2491 2067 2695 2130 ἐκεῖνος
2727 2070 2756 2124 ὁ
2788 2068 3018 2139 ἐπίκλην
3054 2071 3081 2125 ὁ
3115 2065 3404 2142 Στίϐαρος,
3453 2068 3635 2125 πλέων
3669 2069 3721 2123 ἐν

2068 2159 2147 2226 τῷ
2180 2156 2450 2231 βασιλικῷ
2489 2158 2692 2230 στόλῳ,
2753 2157 3026 2230 ἐκρατήθη
3089 2159 3236 2229 παρά
3289 2163 3396 2213 τῶν
3458 2164 3722 2229 Σαρακη-

2069 2248 2196 2299 νῶν⁶
2228 2245 2317 2299 καὶ
2367 2243 2536 2308 δεθεὶς
2595 2245 2817 2301 ἁλύσεσι
2873 2245 3046 2313 δυσὶν,
3107 2245 3438 2316 ἀπεκλείσθη
3499 2247 3574 2308 εἷς
3616 2268 3725 2324 φυ-

2071 2332 2262 2404 λακήν.
2297 2333 2390 2399 Εἷς
2446 2335 2704 2407 τοιαύτην
2765 2335 2823 2392 δὲ
2885 2337 3120 2412 ἀνάγκην
3184 2337 3551 2411 περισχεθεὶς,
3616 2336 3723 2391 ἐπ-

2072 2422 2322 2478 εκαλεῖτο
2377 2424 2470 2478 τὸν
2530 2425 2682 2494 Θεὸν,
2759 2425 2850 2480 καὶ
2932 2429 3024 2480 τὸν
3107 2424 3272 2480 αὐτοῦ
3355 2427 3734 2501 ἱερομάρτυρα

2071 2517 2258 2568 Φωκᾶ’
2320 2519 2478 2589 νΛγιε
2534 2515 2862 2588 ἱερομάρτυς
2944 2520 3134 2584 Φωκᾶ,
3216 2514 3413 2590 λέγων,
3498 2515 3726 2584 ἐλέησόν

2073 2622 2159 2674 με,
2212 2601 2304 2656 καὶ
2358 2601 2635 2679 λύτρωσαί
2692 2624 2760 2677 με
2813 2605 2913 2672 τῆς
2971 2603 3311 2678 κατεχούσης
3377 2624 3442 2676 με
3486 2604 3730 2678 ἀνάγκης

2068 2696 2177 2747 τῶν
2207 2688 2444 2765 δεσμῶν.
2476 2694 2754 2758 Ὑπνώσας
2792 2713 2883 2748 ουν
2916 2691 3026 2748 εἶδε
3073 2693 3162 2748 τὸν
3215 2692 3370 2768 ἅγιον
3431 2693 3728 2748 ἐπιστάντα

2069 2779 2216 2853 αὐτῴ
2260 2782 2312 2836 ἐν
2372 2784 2620 2856 σχήματι
2678 2777 3070 2858 πρεσϐυτέρου,
3127 2783 3218 2837 καὶ
3273 2782 3493 2838 εἰπόντα
3547 2781 3720 2854 αὐτῷ’

2072 2868 2363 2944 Ἐγὲρθητι
2393 2869 2482 2924 καὶ
2538 2869 2923 2947 ἀναχώρησον.
2977 2870 3074 2926 Καὶ
3127 2869 3349 2942 ἔξυπνος
3398 2871 3720 2946 γενόμενος,

2071 2955 2192 3030 εὗρε
2219 2957 2312 3021 τὰς
2347 2957 2564 3022 ἁλύσεις
2623 2959 3101 3034 συντετριμμένας,
3160 2961 3248 3016 καὶ
3311 2961 3498 3016 ἑαυτὸν
3550 2958 3723 3016 λελυ-

2068 3043 2252 3118 μένον,
2311 3047 2399 3102 καὶ
2457 3049 2556 3117 τήν
2614 3048 2863 3127 φυλακην
2944 3049 3312 3126 ἀνεῳγμένην.
3373 3048 3472 3104 Καὶ
3530 3051 3717 3128 φυγὼν

2065 3132 2298 3207 διεσώθη
2329 3133 2434 3199 ἓως
2465 3142 2562 3192 τοῦ
2596 3135 2747 3193 στ’κου
2800 3139 2990 3194 αὐτοῦ’
3047 3138 3136 3194 καὶ
3189 3140 3257 3210 ἦν
3306 3137 3572 3194 ἐπιτελῶν
3628 3140 3716 3195 ἀεῖ

2060 3224 2164 3292 τήν
2216 3225 2440 3297 μνήμην
2497 3225 2661 3281 αὐτοῦ
2719 3226 2852 3300 μετά
2911 3225 3263 3302 εὐχαριστίας
3317 3227 3560 3297 πολλῆς·
3618 3228 3718 3282 καὶ

1993 3321 2036 3388 C
2063 3313 2155 3368 τὸν
2187 3313 2316 3368 Θεὸν
2349 3310 2610 3385 δοξάζων,
2638 3315 2730 3371 τὸν
2770 3316 2995 3372 τοιαῦτα
3040 3316 3351 3391 χαρίσματα
3399 3317 3717 3392 παρέχοντα

2062 3408 2179 3465 τοῖς
2209 3404 2392 3479 ἁγίοις
2414 3405 2602 3462 αὐτοῦ.

2061 3517 2159 3576 Καὶ
2213 3517 2440 3592 ἄθλησις
2493 3526 2592 3577 τοῦ
2673 3521 2838 3598 ἁγίου
2929 3523 3203 3598 μάρτυρος
3288 3524 3556 3598 Ἰσαύρου,
3610 3523 3711 3578 καὶ

2658 3593 2767 3650 τῶν
2794 3593 2889 3650 σὺν
2917 3593 3080 3667 αὐτῷ.

2133 3693 2401 3766 Ἴσαυρος,
2437 3693 2466 3746 ὁ
2495 3696 2602 3748 τῶν
2639 3693 2954 3769 μυστηρίων
3008 3697 3105 3749 τοῦ
3152 3694 3386 3767 Χριστοῦ
3437 3691 3713 3764 διάκονος,

2068 3783 2156 3834 καί
2189 3781 2238 3834 οἱ
2273 3780 2366 3835 σὺν
2397 3781 2562 3854 αὐτῷ,
2619 3781 2864 3859 ἐγένοντο
2899 3783 2995 3857 μὶν
3028 3782 3086 3838 ἐκ
3132 3790 3230 3853 τῆς
3280 3781 3496 3844 πόλεως
3552 3785 3718 3854 Ἀθη-

2063 3871 2192 3921 νῶν·
2262 3869 2349 3924 ἐπὶ
2409 3868 2466 3926 δὲ
2515 3879 2616 3941 τῆς
2677 3871 2952 3947 βασιλείας
3035 3874 3437 3947 Νουμελριανοῦ,
3498 3871 3556 3928 ἑκ
3605 3879 3713 3941 τῆς

2059 3954 2196 4019 ἰδίας
2252 3957 2515 4034 πατρίδος
2572 3959 3046 4036 ἀναχωρήσαντες,
3101 3959 3348 4030 ἀπῆλθον
3380 3959 3432 4016 έν
3495 3957 3713 4017 Ἀπολ-

2054 4042 2282 4101 λωνιάδι
2338 4051 2408 4120 τῇ
2467 4045 2649 4102 πόλει·
2704 4049 2793 4103 καὶ
2856 4046 2924 4103 δι’
2985 4048 3382 4122 ἀποκαλύψεως
3465 4045 3709 4122 ἀγγέλου

2053 4139 2187 4190 Θεοῦ
2245 4135 2495 4204 εἰσῆλθον
2554 4135 2608 4190 ἐν
2665 4137 2944 4210 σπηλαίῳ,
2999 4136 3050 4192 ἐν
3099 4137 3144 4211 ᾧ
3176 4135 3452 4210 κατῴκουν
3515 4135 3706 4207 oms,

2052 4224 2140 4279 καὶ
2179 4229 2518 4300 Περεγρῖνος,
2549 4225 2639 4280 καὶ
2700 4226 2975 4301 Ἑρμείας,
3036 4227 3351 4302 Χριστιανοὶ
3406 4223 3552 4290 ὄντες
3610 4227 3707 4280 καῖ

2050 4312 2222 4369 αὐτοί.
2287 4314 2499 4376 Οἳτινες
2560 4313 2766 4378 ἰδόντες
2821 4316 2912 4370 τὸν
2976 4318 3124 4390 ἅγιον
3206 4319 3474 4390 Ἴσαυρον,
3531 4315 3711 4380 οὕτως

2051 4399 2350 4478 ἐχάρησαν,
2411 4403 2486 4466 ὡς
2536 4404 2623 4458 καὶ
2703 4404 2771 4458 τὰ
2850 4404 3170 4480 ὑπάρχοντα
3246 4404 3433 4466 αὐτοῖς
3519 4401 3710 4458 δοῦναι

2049 4492 2320 4567 πτωχοῖς,
2359 4492 2451 4546 καὶ
2503 4490 2824 4556 ἀκολουθεῖν
2884 4493 3054 4567 αὐτῷ,
3097 4495 3186 4548 καὶ
3239 4491 3578 4549 διδάσκεσθαι
3613 4493 3714 4549 ὑπ’

2049 4579 2237 4635 αὐτοῦ.
2270 4579 2333 4633 Ol
2384 4575 2443 4634 δὶ
2505 4585 2774 4656 συγγενεῖς
2832 4580 3012 4636 αὐτῶν
3071 4578 3414 4657 πειραθέντες
3474 4601 3713 4657 μεταγα-

295 4678 432 4733 dem
464 4672 856 4730 accusarunt:
890 4665 992 4737 qui
1023 4680 1126 4720 eos
1155 4665 1625 4736 comprehensos
1657 4665 1940 4723 decollari

2068 4672 2163 4741 (εῖν
2193 4665 2391 4730 αὐτοὺς
2423 4667 2500 4730 είς
2541 4668 2610 4722 τὰ
2661 4665 2779 4723 ἴδια
2834 4669 2925 4724 καὶ
2982 4670 3060 4744 μὴ
3121 4666 3460 4740 δυνηθέντες,
3521 4664 3711 4725 διέϐαο

287 4764 490 4838 jussit.
521 4763 762 4815 Isaurus
793 4772 930 4811 vero
955 4755 1168 4809 Christi
1201 4755 1509 4823 diaconus,
1545 4760 1605 4810 et
1635 4756 1763 4827 ejus
1795 4756 1940 4812 socii

297 4852 524 4911 catenis
553 4847 880 4914 constricti,
913 4844 987 4902 ad
1019 4844 1210 4900 tilium
1253 4844 1526 4916 prmsidis
1559 4845 1633 4900 ad
1663 4847 1941 4917 quaestio-

295 4961 434 5002 nem
467 4941 633 4998 missi
665 4944 839 4994 sunt:
871 4953 906 4992 a
935 4952 1050 5006 quo
1085 4936 1146 4990 in
1177 4933 1448 4990 ﬂammas
1475 4936 1749 5006 conjecti,
1804 4955 1941 4993 cum

294 5033 433 5091 inde
464 5031 636 5087 illaasi
697 5026 1043 5091 evasissent,
1102 5023 1321 5079 multos
1377 5023 1452 5078 ad
1511 5025 1658 5080 I57
1725 5026 1940 5082 Christi

292 5123 474 5182 ﬁdem
503 5119 824 5178 adduxere.
874 5117 956 5170 Ea
1001 5129 1064 5168 re
1123 5117 1456 5168 commotus
1511 5129 1753 5183 praeses,
1806 5115 1941 5172 illos

292 5213 484 5287 capite
514 5208 693 5283 plecti
714 5205 909 5278 jubet.

855 5387 1094 5442 EODEM
1125 5385 1378 5441 MENSE.

916 5475 1021 5530 Die
1052 5473 1308 5546 septima

327 5593 399 5646 Et
419 5590 687 5642 certamen
717 5577 895 5633 sancti
924 5576 1184 5645 martyris
1207 5573 1497 5643 Peregrini
1525 5579 1577 5628 et
1612 5579 1898 5636 sociorum.

365 5788 644 5855 Martyres
702 5773 916 5831 Christi
977 5771 1349 5845 Peregrinus,
1399 5770 1708 5843 Lucianus,
1764 5778 1933 5832 Pom-

2051 4751 2260 4826 λοντῷ
2304 4761 2404 4824 τῆς
2462 4755 2681 4820 πόλεως
2735 4757 2989 4832 ἄρχοντι.
3045 4759 3102 4812 Ὀ
3162 4755 3221 4812 δὶ
3276 4760 3548 4833 κρατήσας
3609 4760 3716 4812 αύ-

2047 4843 2194 4912 τοὺς,
2281 4843 2694 4922 ἀπεκεφάλισεν.
2785 4853 3036 4922 Ἵσαυρος
3123 4844 3182 4902 δὶ
3238 4848 3266 4902 ὁ
3312 4851 3410 4902 τοῦ
3467 4851 3713 4919 Χριστοῦ

2051 4931 2319 5005 διάκονος,
2350 4935 2441 4990 καὶ
2467 4937 2518 4991 οἱ
2551 4936 2644 4992 σὺν
2672 4937 2839 5008 αὐτῷ,
2873 4935 3256 5008 ἀπεστάλησαν
3299 4934 3515 5008 δέσμιοι
3563 4938 3713 5010 πρὸς

2048 5025 2139 5080 τὸν
2172 5026 2288 5080 υἱὸν
2320 5026 2487 5080 αὐτοῦ
2517 5025 2606 5080 ἐπὶ
2634 5031 2716 5098 τῷ
2764 5033 3176 5100 τιμωρηθῆναι.
3236 5027 3342 5082 Καὶ
3402 5023 3708 5101 βληθέντες

2051 5111 2103 5167 έν
2145 5113 2296 5189 πυρὶ,
2345 5113 2437 5168 καὶ
2492 5109 2752 5175 ἀϐλαϐεῖς
2807 5113 3133 5185 ἐξελθόντες,
3184 5113 3400 5170 ἔπεισαν
3446 5113 3711 5179 πολλοὺς

2049 5207 2328 5258 πιστεῦσαι
2385 5208 2622 5279 Χριστῷ.
2685 5203 2788 5259 Καὶ
2865 5201 2956 5258 διὰ
3034 5202 3200 5259 τοῦτο
3271 5202 3710 5280 παροργίσαντες

2047 5293 2140 5349 τὸν
2171 5290 2435 5370 ἄρχοντα,
2465 5292 3002 5372 ἀπεκεφαλίσθησαν.

2593 5393 2775 5449 ΜΗΝΙ
2815 5396 2900 5447 ΤΩ
2936 5394 3148 5450 ΔΥΤΩ.

2839 5482 2890 5536 Ζ,

2045 5576 2311 5648 ’Λθλησις
2357 5585 2456 5638 τοῦ
2507 5583 2665 5658 ἁγίου
2724 5581 2999 5673 μάρτυρος
3046 5580 3400 5657 Περεγρίνου,
3450 5580 3540 5636 καὶ
3591 5583 3719 5636 τῶν

2703 5673 2795 5708 συν
2829 5673 3005 5726 αυτῳ.

2116 5783 2309 5838 Οἱ.τοῦ
2359 5782 2595 5856 Χριστοῦ
2646 5778 2911 5855 μάρτυρες
2964 5782 3316 5856 Περεγρῖνος,
3374 5779 3711 5851 Λουκιανὸς,

4039 4955 4043 5068 λ

4035 5169 4039 5309 ﬂ
