4086 6204
339 343 463 404 529

1865 338 2162 401 JUUUS.

3635 339 3755 399 530

339 478 661 549 Πομπήϊος,
700 474 986 549 Ἡσῦχιος,
1048 472 1279 543 Παπίας,
1330 472 1684 547 Σατορνίλος,
1734 474 1823 528 καὶ
1867 478 1985 545 Γερ-

2108 474 2297 546 peius,
2330 474 2676 545 Hesychius,
2700 473 2932 543 Papias,
2962 472 3297 527 Saturnilus
3320 477 3377 527 et
3402 473 3747 528 Germanus.

346 566 534 637 μανὸς,
571 566 824 640 ὑπῆρχον
859 564 918 619 ἐκ
939 570 1039 633 τῆς
1082 564 1270 639 χώρης
1323 562 1582 625 Ἰταλίας.
1637 561 1760 619 Ἐπῖ
1812 559 1867 617 δὶ
1897 568 1996 630 τῆς

346 654 629 730 βασιλείας
685 658 953 728 Τραϊανοῦ
1014 650 1105 707 διά
1159 654 1250 707 τὸν
1310 652 1447 708 κατᾶ
1501 657 1607 708 τῶν
1664 655 1995 728 Χριστιανῶν

341 741 588 818 διωγμὸν
648 738 907 817 ἐμϐάντες
967 741 1043 805 εἷς
1102 741 1327 809 πλοῖον,
1408 744 1747 813 κατήντησαν
1800 739 1875 803 εἷς
1932 741 1995 795 τὸ

341 833 673 911 Δυρῥάχιον
758 833 849 887 καὶ
938 830 1143 893 ἰδόντες
1229 832 1321 885 τὸν
1409 832 1563 907 ἅγιον
1626 832 1995 907 ἱερομάρτυρα

342 925 587 979 Ἀστεῖον
642 923 1010 997 κεχρισμένον
1099 918 1303 994 μὲλιτι,
1362 921 1452 975 καὶ
1508 919 1850 993 κρεμάμενον
1907 918 1994 973 ἐπὶ

339 1012 529 1085 ξύλου,
560 1013 650 1067 καὶ
686 1012 789 1066 ὑπὸ
832 1016 1055 1089 σφηκῶν
1114 1012 1205 1065 καὶ
1270 1014 1442 1083 μυιῶν
1493 1009 1990 1081 κατακεντούμενον

338 1101 432 1159 διά
458 1105 559 1171 τὴν
605 1102 681 1165 εἷς
739 1102 971 1173 Χριστὸν
1027 1100 1361 1174 ὁμολογίαν,
1419 1098 1749 1175 ἐμακάρισαν
1807 1099 1987 1153 αὐτόν·

334 1194 429 1250 καὶ
491 1192 823 1267 γνωσθέντες
879 1190 1254 1267 ἐκρατήθησαν
1313 1190 1459 1264 παρᾶ
1513 1193 1621 1243 τῶν
1686 1190 1988 1258 ταξεωτῶν’

334 1282 429 1337 καὶ
490 1281 877 1357 ἐρωτηθέντες,
943 1279 1032 1335 καὶ
1087 1280 1178 1335 τὸν
1234 1278 1470 1351 Χριστὸν
1529 1276 1990 1353 ὁμολογήσαντες,

331 1368 714 1445 παρεδόθησαν
802 1365 1150 1443 Ἀγριιιολάῳ
1228 1372 1308 1439 τῷ
1384 1366 1635 1443 ἡγεμόνι,
1715 1364 1805 1419 καὶ
1865 1367 1991 1440 παρ’

331 1459 545 1516 ἰκείνου
574 1454 940 1533 ἐμϐληθέντες
991 1458 1065 1521 εἷς
1125 1457 1322 1513 πλοῖον
1382 1454 1620 1530 δὲσμιοι,
1677 1454 1767 1511 καὶ
1826 1454 1877 1510 ἐν
1914 1459 1992 1527 τῷ

329 1554 431 1605 τοῦ
486 1546 706 1625 ’Δδρίας
764 1547 996 1624 πελάγει
1057 1546 1322 1623 ῥιφέντες,
1381 1545 1444 1600 τὸ
1506 1545 1769 1618 μακάριον
1831 1542 1990 1607 τέλος

336 1637 605 1711 ἐδέξαντο.
663 1641 758 1694 Ὧν
814 1638 882 1692 τά
958 1636 1191 1711 λείψανα
1273 1630 1579 1691 ἐκϐαλοῦσα
1634 1636 1670 1704 ἡ
1728 1633 1987 1701 θάλασσα,

340 1727 567 1804 ἔκρυψεν
598 1727 648 1783 ἐν
680 1732 748 1802 τῇ
810 1724 1003 1801 ἄμμῳ,
1058 1725 1154 1780 Καὶ
1203 1726 1338 1799 μετὰ
1380 1728 1550 1780 ταῦτα
1605 1723 1991 1803 ἑμφανισθὲντα

332 1825 420 1891 τῷ
475 1817 894 1893 ἀρχιεπισκόπῳ
978 1811 1409 1890 Ἀλεξανδρείας,
1493 1814 1847 1885 κατετέθησαν
1906 1813 2069 1914 ἐν-Β

331 1908 535 1981 τίμως.

333 2016 436 2072 Καὶ
499 2016 691 2087 μνήμη
751 2018 850 2069 τοῦ
908 2012 1064 2068 ὁσίου
1100 2017 1311 2101 νΘωμόἱ
1385 2015 1484 2068 τοῦ
1542 2010 1593 2067 ἐν
1654 2016 1731 2084 τῷ
1789 2010 1989 2083 Μαλεῷ

1098 2104 1231 2156 opst.

406 2187 468 2242 '0
498 2183 548 2238 ἐν
586 2184 761 2258 ἁγίοις
817 2184 1002 2257 Πατὴρ
1052 2186 1213 2255 ἡμῶν
1263 2186 1484 2255 Θωμᾶς,
1535 2181 1623 2236 ὅτε
1675 2182 1769 2254 μὲν
1817 2182 1882 2251 ἦν
1936 2181 1985 2236 ἐν

332 2279 418 2345 τῷ
477 2275 694 2346 κόσμῳ,
756 2273 963 2347 ἐγένετο
1051 2272 1375 2349 περιφανὴς,
1461 2271 1550 2325 καὶ
1630 2265 1990 2346 περίϐλεπτος

342 2363 571 2435 πλούτῳ
641 2363 732 2416 καὶ
792 2359 1091 2432 δυναστείᾳσ
1150 2360 1296 2416 ἀλλὰ
1350 2361 1435 2414 καὶ
1497 2359 1633 2414 κατὰ
1690 2354 1987 2435 Βαρϐάρων

341 2451 531 2508 πολλὰ
576 2450 813 2528 τρόπαια
858 2449 1101 2521 ἔστησεν.
1158 2452 1287 2507 Ὅτε
1337 2447 1393 2504 δί
1439 2449 1701 2504 κατέλιπε
1751 2449 1842 2504 τὸν
1895 2447 1991 2503 κό-

336 2565 478 2616 σμον
513 2541 602 2598 διά
629 2543 721 2597 τὸν
757 2541 832 2604 εἷς
866 2542 1102 2617 Χριστὸν
1138 2542 1331 2610 πόθον,
1362 2539 1451 2594 καὶ
1482 2540 1544 2595 τὸ
1591 2545 1688 2595 τοῦ
1731 2540 1852 2617 βίου
1900 2561 1988 2594 πι-

335 2633 467 2709 κρὸν
504 2631 594 2687 διά
624 2632 713 2687 τὸν
749 2631 823 2694 εἰς
857 2631 1090 2703 Χριστὸν
1140 2632 1334 2696 πόθον,
1375 2631 1555 2685 καὶτὸ
1583 2634 1679 2685 τοῦ
1729 2630 1849 2705 βίου
1899 2652 1989 2685 πι-

337 2723 469 2799 κρὸν
502 2720 829 2790 κλυδώνιον,
858 2720 947 2775 καὶ
980 2720 1191 2796 ἐγένετο
1247 2721 1507 2796 μοναχὸς,
1556 2720 1727 2781 οὕτως
1781 2718 1990 2794 ἐγένετο

339 2810 818 2890 περιφανέστερος,
879 2810 951 2872 ὡς
1014 2810 1288 2887 φαίνεσθαι
1347 2810 1400 2864 ἐν
1454 2810 1607 2864 νυκτὶ
1662 2809 1739 2871 ὡς
1795 2807 1992 2871 στύλος

343 2902 516 2977 πυρὸς
543 2904 614 2975 τῇ
645 2898 922 2973 ἐπισκέψει
980 2905 1078 2955 τοῦ
1136 2898 1377 2976 μεγάλου
1433 2901 1719 2975 προφήτου
1776 2899 1991 2969 Ἡλίου,

341 2994 407 3049 οὗ
435 2990 648 3047 καὶτὸν
691 2989 894 3065 τρόπον
944 2988 1242 3060 ἐζήλωσενθ
1292 2990 1585 3065 ἡσυχάζων
1637 2989 1743 3057 ἀεὶ,
1792 2990 1993 3061 καὶτῷ

341 3084 460 3151 Θεῷ
506 3078 925 3154 ἀπερισπάστως
980 3077 1445 3153 προσευχόμενος,
1505 3076 1557 3132 ἰν
1608 3076 1721 3152 ὄρει
1772 3081 1850 3149 τῷ
1896 3098 1989 3132 κα-

342 3167 604 3240 λουμένῳ
662 3164 885 3239 Μαλεῷ·
945 3168 1102 3231 Ὀθεν
1185 3169 1273 3222 καὶ
1348 3166 1661 3243 χαρίσματα
1747 3164 1988 3239 ἰαμάτων

341 3252 555 3323 λαϐὼν,
614 3253 876 3328 δαίμονας
932 3254 1202 3326 ἀπήλασε’
1259 3257 1349 3311 καὶ
1402 3257 1587 3332 πηγὴν
1648 3254 1858 3311 ὑδάτων
1904 3254 1991 3311 διὰ

336 3351 658 3423 προσευγῆς
689 3347 854 3402 αὐτοῦ
890 3347 1087 3423 βλῦσαι
1141 3347 1457 3417 πεποίηκεν·
1513 3347 1598 3402 καὶ
1651 3346 1880 3426 τυφλοῖς
1928 3355 1991 3402 το

344 3438 597 3512 βλέπειν,
629 3437 720 3491 καὶ
766 3442 979 3511 χωλοῖς
1028 3439 1127 3504 τήν
1183 3435 1472 3513 εὐδρομίαν
1520 3436 1833 3513 ἐχαρίσατο.
1887 3437 1989 3492 Καὶ

336 3525 495 3600 ⁴ἕτερα
527 3525 777 3598 θαύματα
803 3524 1003 3598 ιπολλά
1060 3525 1146 3581 ἐπὶ
1197 3531 1275 3599 τῷ
1327 3527 1554 3599 ὀνόματι
1604 3530 1700 3581 τοῦ
1759 3530 1989 3602 Χριστοῦ

339 3619 606 3688 ποιήσας,
655 3617 743 3671 καὶ
805 3616 1113 3689 Θαυμαστὸς
1166 3622 1280 3677 τοῖς
1341 3622 1467 3671 πᾶσι
1529 3618 1839 3692 γενόμενος,
1898 3617 1988 3671 καὶ

330 3708 431 3761 τὸν
463 3707 618 3778 Θεὸν,
671 3706 745 3768 ὠς
800 3704 1072 3780 ἀνθρώπῳ
1132 3702 1378 3775 δυνατὸν,
1438 3705 1789 3781 θεραπεύσας,
1852 3706 1986 3781 πρὸς

330 3795 494 3851 αὗτὸν
529 3794 739 3871 χαίρων
772 3795 860 3849 καὶ
892 3794 1273 3871 ἀγαλλόμενος
1300 3791 1447 3866 ἰξεδή
1459 3816 1648 3868 μησεν.

888 3896 1071 3951 MUNI
1112 3896 1203 3973 Τῼ
1241 3896 1437 3972 ΑΓΤῼ.

1135 3985 1195 4039 ll'

412 4072 686 4144 ’Ἄθλησις
716 4077 813 4128 τοῦ
844 4074 1001 4149 ἁγίου
1038 4072 1528 4149 μεγαλομάρτυρος
1561 4074 1897 4151 ῐιροκοπίου.

402 4180 718 4252 Ιίροκὸπιος
764 4180 793 4235 ὁ
857 4180 1272 4257 μεγαλομάρτυς
1331 4181 1587 4257 ἐγεννήθη
1652 4183 1747 4255 μὲν
1806 4182 1856 4238 ἐν
1915 4189 1984 4258 τῇ

332 4268 497 4323 πόλει
559 4268 780 4339 Αῗλίας,
841 4269 899 4324 ἐκ
955 4269 1160 4345 πατρὸς
1218 4274 1568 4347 Χριπιανοῦ,
1627 4272 1715 4327 καὶ
1777 4274 1983 4349 μητρὸς

332 4355 691 4429 Ἑλληνίδος,
723 4358 809 4413 ἐπὶ
841 4365 940 4428 τῆς
977 4358 1257 4435 βασιλείας
1290 4365 1707 4431 ΔιοκΛητιανοῦ·
1754 4360 1985 4437 ἀνατρα-

325 4447 448 4524 φεῖς
502 4449 649 4523 παρὰ
696 4454 797 4517 τῆς
857 4451 1065 4521 μητρὸς
1127 4448 1263 4521 μετᾶ
1316 4448 1576 4519 τελευτήν
1628 4455 1726 4505 τοῦ
1782 4453 1985 4525 πατρὸς

324 4538 518 4603 αὐτοῦ,
578 4538 874 4612 προσήχθη
933 4536 1311 4610 Διοκλητιανῷ
1368 4537 1454 4593 ἐπὶ
1511 4543 1592 4611 τῷ
1658 4543 1975 4612 τιμηθῆναι·
2017 4566 2060 4629 D

323 4625 424 4680 Καὶ
459 4625 867 4700 προχειρισθεὶς
910 4623 1034 4699 δοὺξ
1095 4624 1526 4701 Ἀλεξανδρείας,
1585 4627 1863 4698 ἀπεστάλη
1917 4628 1979 4683 οὐ

328 4713 498 4789 μόνον
585 4714 880 4787 πολεμίοις
967 4714 1187 4790 ἐχθρὸς,
1248 4715 1393 4772 ἀλλὰ
1446 4718 1534 4772 καὶ
1609 4719 1976 4794 Χριστιανοῖς.

324 4803 738 4877 Ἀπερχόμενος
771 4802 829 4858 δὶ
857 4805 993 4870 πρὸς
1021 4806 1114 4859 τὸν
1171 4808 1324 4861 οἷκον
1380 4805 1565 4878 αὐτοῦ,
1610 4806 1779 4878 ἦλθεν
1828 4809 1978 4880 αὐτῷ

318 4893 476 4970 φωνή
509 4891 563 4961 ἐξ
598 4891 831 4962 οὗρανοῦ
864 4894 1119 4967 λέγουσα·
1154 4895 1372 4964 Νεανία,
1405 4901 1602 4952 παῦσαι
1661 4902 1757 4951 τοῦ
1811 4898 1976 4955 πολε-

318 4987 442 5054 μεῖν
472 4980 600 5043 τοὺς
629 4979 862 5045 δούλους
897 5005 1023 5056 μου,
1056 4986 1139 5039 ἱνα
1170 4986 1246 5057 μή
1296 4988 1594 5059 ἀποθάνῃς.
1645 4985 1969 5064 ’Υπεδείχθη

313 5070 373 5127 δὶ
408 5071 498 5126 καὶ
530 5070 676 5144 αότῷ
710 5080 904 5149 σχῆμα
934 5079 1185 5149 σταυροῦ.
1234 5074 1337 5133 Καὶ
1393 5076 1646 5140 ἀπελθὼν
1698 5078 1775 5139 εἰς
1830 5085 1970 5133 Σκυς

317 5159 573 5227 θὸπολιν,
633 5162 723 5216 καὶ
783 5171 1095 5238 χρυσοχόον
1146 5162 1680 5237 προσκαλεσάμενος,
1752 5165 1977 5237 ἐποίησε

317 5250 493 5305 τῦπον
526 5254 757 5324 σταυροῦ
789 5253 923 5307 κατά
954 5253 1015 5307 τὸ
1052 5250 1378 5327 ὑποδειχθὶν
1428 5252 1574 5326 αὐτῷ
1625 5259 1839 5330 σχῆμα,
1882 5258 1970 5312 καὶ

316 5338 506 5413 ἐφόρει
536 5338 718 5395 αὑτόν.
758 5342 966 5410 Στήσας
998 5339 1056 5397 δὲ
1080 5341 1318 5417 τρόπαια
1371 5345 1507 5399 κατὰ
1556 5349 1663 5401 τῶν
1722 5351 1975 5421 Σαρακη-

316 5433 452 5498 νῶν,
482 5428 573 5483 καὶ
620 5429 978 5504 ὑποστρέψας,
1034 5433 1382 5506 κατεμηνύθη
1436 5438 1516 5505 τῷ
1567 5435 1781 5509 βασιλεῖ
1826 5438 1975 5511 παρὰ

310 5524 411 5587 τῆς
446 5518 679 5590 μητρὸς,
714 5520 787 5581 ὡς
824 5520 1167 5595 Χριστιανός.
1229 5523 1325 5577 Καὶ
1382 5523 1723 5598 τιμωρηθεὶς
1778 5521 1973 5603 διαφό-

316 5626 449 5679 ρως,
494 5608 585 5663 καὶ
645 5612 1137 5684 θαυματουργήσας
1198 5611 1259 5666 οὐ
1329 5613 1494 5684 μόνον
1556 5614 1771 5689 ἑτέρους
1831 5614 1967 5671 πολ-

317 5694 452 5759 λοὺς
483 5691 662 5754 ἔπεισε
693 5704 970 5756 πιστεῦσαι
1006 5704 1250 5775 Χριστῷ,
1303 5699 1450 5756 ἀλλὰ
1502 5702 1591 5757 καὶ
1643 5703 1811 5774 αὐτὴν
1868 5706 1965 5774 τὴν

2109 563 2236 619 Itali
2273 562 2527 619 fuerunt.
2566 564 2896 635 lmperante
2930 566 3123 617 autem
3157 562 3406 634 Trajano
3457 568 3752 618 commota

2104 655 2165 708 in
2215 652 2579 710 Christianos
2640 651 3075 724 persecutione,
3134 668 3460 707 conscenso
3519 652 3748 725 navigio

2105 743 2487 816 Dyrrachium
2514 742 2781 814 profecti,
2810 758 2943 797 cum
2970 745 3239 797 sanctum
3253 747 3748 813 sacromartyrem

2104 833 2328 889 Astium
2363 832 2649 888 vidissent
2686 832 2757 887 ob
2801 832 3019 888 Christi
3078 830 3510 886 confessionem
3570 831 3745 886 melle

2102 922 2449 983 delibutum,
2489 928 2541 976 et
2576 940 2643 976 ex
2699 922 2950 993 equuleo
3003 936 3380 992 suspensum,
3431 938 3744 992 vesparum

2101 1030 2559 1083 muscarumque
2588 1012 2886 1068 morsibus
2919 1013 3269 1082 expositum,
3306 1011 3474 1066 illum
3507 1012 3745 1066 beatum

2101 1100 2398 1156 dixerunt.
2432 1101 2828 1166 Quamobrem
2860 1100 3064 1172 agniti,
3100 1105 3158 1153 et
3186 1116 3219 1153 a
3248 1098 3521 1170 praesidis
3562 1115 3744 1170 appa-

2100 1190 2383 1245 ritoribus
2414 1188 2854 1261 comprehensi,
2889 1205 3022 1243 cum
3057 1187 3399 1259 interrogati
3444 1188 3742 1243 Christum

2100 1279 2357 1335 confessi
2387 1280 2662 1345 fuissent,
2696 1277 3003 1350 Agricolao
3053 1277 3292 1347 praesidi
3345 1277 3677 1339 traduntur,
3709 1293 3744 1330 a

2098 1385 2216 1439 quo
2240 1369 2440 1427 vincti.
2465 1369 2647 1440 inque
2666 1367 2961 1439 navigium
2997 1367 3126 1438 conj
3138 1367 3271 1426 ecti,
3296 1365 3358 1419 in
3379 1365 3739 1419 Adriaticum

2098 1474 2262 1513 mare
2294 1459 2549 1513 demersi
2582 1463 2740 1517 sunt.
2772 1458 3130 1526 beatumque
3150 1455 3331 1510 ﬁnem
3363 1459 3738 1523 acceperunt.

2097 1547 2342 1602 Illorum
2370 1547 2639 1617 reliquias
2656 1546 2863 1618 pelago
2889 1546 3451 1616 rejectaa,arenaque
3474 1541 3740 1612 sepultas,

2097 1641 2302 1707 postea
2359 1636 2605 1691 detectas
2658 1635 2729 1689 ab
2786 1634 3235 1705 archiepiscopo
3319 1629 3738 1695 Alexandrino,

2096 1725 2423 1780 honoriﬁce
2452 1725 2703 1781 conditas
2727 1724 2911 1780 fuere.

2246 2014 2316 2067 Et
2346 2014 2610 2067 memoria
2646 2012 2825 2066 sancti
2854 2010 3061 2067 Thomaa
3094 2011 3151 2064 in
3182 2016 3365 2064 monte
3404 2008 3593 2063 Maleo.

2165 2192 2413 2247 Sanctus
2445 2193 2618 2245 Pater
2647 2195 2852 2244 noster
2880 2188 3133 2244 Thomas
3165 2188 3225 2241 in
3259 2187 3474 2243 smculo
3499 2186 3739 2258 quidem

2094 2280 2343 2336 illustris
2370 2281 2501 2346 fuit,
2526 2284 2702 2352 atque
2730 2279 2940 2351 opibus
2957 2278 3481 2348 dominationeque
3503 2274 3742 2349 conspi-

2094 2390 2241 2429 cuus
2272 2391 2284 2427 :
2319 2372 2423 2429 sed
2454 2378 2512 2427 et
2542 2372 2612 2427 de
2645 2371 2919 2427 Barbaris
2948 2371 3148 2442 plures
3178 2368 3451 2424 victorias
3475 2371 3741 2439 reporta-

2093 2464 2196 2519 vit.
2227 2463 2367 2517 Cum
2394 2466 2588 2516 autem
2614 2460 2687 2515 ob
2711 2460 2924 2515 Christi
2947 2474 3206 2513 amorem
3233 2458 3536 2521 sarculum,
3563 2460 3738 2525 atque

2096 2554 2397 2610 saecularis
2414 2553 2543 2606 vitae
2561 2552 3045 2607 molestissimam
3066 2550 3450 2623 agitationem
3474 2547 3740 2602 abdicas-

2096 2650 2201 2699 set.
2237 2642 2427 2698 factus
2456 2642 2803 2707 monachus,
2864 2640 3008 2695 adeo
3068 2639 3359 2693 illustrior
3415 2636 3621 2699 evasit,
3677 2641 3743 2690 ut

2094 2731 2255 2786 velut
2284 2730 2562 2785 columna
2602 2729 2754 2801 ignis
2786 2729 2943 2783 inter
2973 2729 3164 2783 noctis
3199 2725 3496 2787 tenebras,
3543 2725 3741 2797 magni

2095 2820 2399 2894 propheta:
2419 2819 2558 2874 Elim
2581 2818 3112 2887 visitatione,cujus
3130 2817 3309 2872 etiam
3331 2831 3527 2870 mores
3548 2818 3743 2869 mmu-‘

2096 2910 2350 2977 labatur,
2375 2909 2593 2965 micare
2625 2908 2940 2964 videretur.
2968 2908 3282 2963 Silentium
3313 2906 3512 2976 itaque
3535 2920 3744 2976 perpe-

2098 3006 2199 3055 tuo
2232 2998 2434 3066 coluit,
2468 3004 2527 3054 et
2555 2997 2631 3053 ad
2661 2999 2843 3053 Deum
2877 2996 3287 3052 orationemin
3313 2999 3536 3058 monte,
3567 3009 3743 3063 quem

2098 3089 2349 3146 Maleum
2380 3087 2705 3159 appellant.
2740 3086 3024 3151 Quocirca
3053 3085 3428 3139 curationum
3464 3082 3612 3138 158
3644 3098 3744 3138 ac-

2098 3184 2268 3250 cepto
2302 3176 2477 3243 dono,
2511 3176 2812 3231 daemones
2843 3173 3087 3246 expulit,
3120 3179 3180 3228 et
3208 3173 3431 3227 fontem
3454 3187 3745 3242 aquarum

2096 3267 2245 3322 fusis
2276 3267 2349 3322 ad
2409 3269 2591 3321 Deum
2649 3264 2925 3337 precibus
2984 3262 3271 3318 scaturire
3326 3261 3504 3316 fecit:
3569 3260 3741 3315 caacis

2097 3358 2308 3412 visum.
2344 3354 2572 3411 claudis
2605 3354 2944 3425 expeditum
2976 3368 3215 3407 cursum
3249 3350 3525 3415 restituit,
3548 3348 3745 3420 plura-

2099 3462 2211 3517 que
2244 3445 2363 3499 alia
2392 3443 2679 3498 miracula
2704 3443 2766 3497 in
2797 3441 3011 3498 Christi
3034 3442 3276 3495 nomine
3330 3438 3601 3511 patravit,
3635 3437 3739 3492 ad-

2099 3533 2391 3590 mirabilis
2450 3531 2727 3587 omuibus
2781 3529 3122 3586 hominibus
3179 3528 3388 3584 factus.
3450 3527 3618 3581 Hunc
3676 3525 3739 3579 in

2097 3623 2340 3681 modum
2373 3624 2510 3692 Deo,
2545 3627 2833 3693 quantum
2856 3618 3084 3674 homini
3108 3618 3266 3686 licet,
3290 3615 3640 3683 inserviens,
3665 3615 3739 3670 ad

2093 3720 2296 3785 ipsum
2325 3712 2497 3768 laatns
2528 3717 2587 3765 et
2614 3710 2878 3784 gaudens
2908 3708 3180 3780 migravit

2649 3872 2888 3930 EODEM
2935 3870 3185 3927 MENSE.

2740 3972 2840 4027 Die
2872 3975 3098 4027 octava.

2250 4074 2537 4129 Certamen
2568 4075 2743 4128 sancti
2771 4073 2963 4139 magni
2990 4072 3250 4141 martyris
3284 4068 3589 4137 Proscopii.

2164 4193 2405 4262 Magnus
2436 4192 2661 4258 martyr
2692 4185 3013 4256 Procopius
3067 4185 3129 4237 in
3183 4183 3327 4237 urbe
3381 4183 3527 4236 zElia
3573 4182 3741 4235 Chri-

2097 4281 2287 4336 stiano
2307 4283 2687 4351 patre,matre
2711 4292 2943 4345 pagana
2963 4274 3495 4343 natus,imperante
3512 4270 3708 4324 Diocle
3724 4300 3737 4310 -

2097 4370 2282 4430 tiano,
2316 4372 2451 4439 post
2480 4366 2665 4437 patris
2698 4363 2923 4419 obitum
2952 4379 2985 4416 a
3006 4367 3190 4416 matre
3224 4357 3737 4423 educatus,eidem

2096 4459 2460 4514 Diocletiano
2494 4456 2729 4510 oblatus
2760 4459 2869 4518 est,
2904 4457 2967 4507 ut
2997 4452 3068 4506 ad
3114 4451 3372 4504 honores
3422 4463 3738 4518 promove-

2094 4554 2274 4603 retur.
2312 4549 2502 4612 Quare
2536 4542 2907 4600 Alexandriaa
2930 4541 3047 4596 dux
3068 4535 3741 4603 creatus,illucmittitur

2091 4653 2211 4692 non
2246 4636 2421 4691 modo
2452 4633 2727 4690 hostibus
2758 4632 2979 4687 bellum
3004 4629 3299 4685 illaturus.
3324 4642 3527 4681 verum
3559 4625 3738 4681 etiam

2089 4724 2464 4781 Christianis.
2498 4725 2745 4779 Domum
2779 4722 2976 4790 itaque
3010 4734 3178 4774 suam
3226 4732 3498 4789 pergens,
3553 4715 3742 4771 audiit

2091 4831 2293 4871 vocem
2320 4832 2351 4870 e
2376 4813 2521 4870 coelo
2544 4806 3508 4884 lapsam,dicentem:Adolescens,
3530 4806 3737 4863 desine

2088 4920 2349 4977 pugnare
2374 4904 2652 4959 adversus
2666 4919 2865 4958 servos
2891 4915 3153 4967 meos,ne
3169 4898 3463 4954 moriaris.
3490 4898 3738 4953 Ostensa

2087 4994 2464 5065 insuperipsi
2490 4998 2579 5048 est
2595 4993 2785 5047 crucis
2821 4992 3023 5061 ﬁgura.
3059 4987 3451 5054 Quamobrem
3487 4986 3733 5058 Scytho-

2087 5084 2269 5156 polim
2288 5083 2608 5155 profectus,
2636 5082 2941 5137 auriﬁcem
2965 5081 3037 5134 ad
3065 5095 3127 5133 se
3147 5076 3735 5147 venirejussit,eique

2084 5174 2389 5246 praecepit,
2421 5179 2487 5227 ut
2518 5171 2846 5227 secundum
2868 5176 3168 5225 ostensam
3193 5167 3304 5221 sibi
3334 5168 3580 5238 ﬁguram
3600 5181 3734 5219 cru-

2086 5279 2215 5318 cem
2252 5263 2579 5334 efﬁngeret,
2615 5275 2793 5331 quam
2825 5259 3105 5329 deinceps
3136 5256 3398 5328 gestavit.
3435 5255 3580 5308 Cum
3602 5270 3738 5308 vero

2084 5352 2156 5407 de
2188 5351 2496 5407 Saracenis
2551 5351 2820 5421 trophaea
2886 5348 3205 5410 retulisset,
3266 5352 3442 5413 atque
3495 5342 3737 5397 domum

2085 5442 2382 5509 rediisset,
2415 5458 2449 5497 a
2497 5448 2685 5497 matre
2738 5439 2811 5494 ad
2870 5440 3290 5507 imperatorem
3334 5432 3565 5487 delatus
3625 5436 3734 5493 est,

2084 5530 2243 5602 quod
2277 5531 2648 5586 Christianus
2681 5533 2856 5584 esset.
2894 5526 3116 5582 Idcirco
3148 5523 3325 5578 variis
3373 5518 3734 5576 cruciatibus

2080 5621 2351 5687 allectus,
2378 5620 2626 5690 patratis
2650 5619 2721 5673 ab
2750 5618 2877 5688 ipso
2902 5611 3205 5668 miraculis
3229 5627 3348 5663 non
3377 5607 3550 5662 modo
3585 5606 3733 5660 alios

2080 5710 2414 5780 complures
2435 5708 2509 5764 ai
2534 5708 2751 5764 Christi
2776 5705 2952 5761 ﬁdem
2976 5700 3283 5765 convertit,
3310 5711 3510 5751 verum
3542 5694 3718 5747 etiam
