4086 6204
303 351 416 410 531

1596 338 2036 400 MENOLOGII
2083 336 2290 398 PARS
2335 336 2443 396 III.
3609 330 3728 391 532

309 486 562 538 matrem
594 481 808 554 ipsam,
843 483 901 534 et
929 477 1161 547 aliquot
1203 472 1507 540 mulieres,
1569 487 1700 528 cum
1747 469 1964 542 quibus

2099 465 2313 543 ιητέρα,
2343 465 2432 521 καί
2459 485 2608 528 τινας
2648 469 2927 540 γυναῖκας,
2964 464 3080 537 μεθ’
3117 465 3192 520 ὧν
3250 461 3727 542 ἆποκεφαλισθεὶς,

313 571 506 645 capite
537 571 767 644 plexus,
801 567 873 623 ad
906 567 1088 620 Deum
1120 562 1411 635 migravit.

875 681 1116 738 EODEM
1157 679 1407 735 MENSE.

989 770 1092 825 Die
1125 785 1304 826 nona.

456 865 606 922 159
641 862 922 918 Certamen
961 861 1303 916 sacrosancti
1331 859 1596 928 martyris
1628 857 1841 926 Cyrilli.

397 993 789 1064 Sacromartyr
819 989 1074 1062 Cyrillus
1105 986 1442 1044 Christiana
1472 984 1586 1041 ﬁde
1633 984 1970 1056 divinisque

323 1087 530 1139 auctus
561 1081 892 1146 virtutibus,
926 1078 1225 1135 Cretensis
1247 1076 1521 1133 Ecclesiae
1543 1074 1806 1147 pontifex
1829 1091 1969 1130 con-

324 1172 564 1227 stitutus
594 1171 725 1226 fuit.
759 1171 1023 1240 Cumque
1071 1183 1307 1241 gregem
1360 1167 1511 1222 bene
1560 1164 1968 1238 gubernasset,

324 1266 501 1334 atque
534 1260 770 1316 Domini
801 1259 1034 1332 plebem
1066 1257 1337 1314 doctrina
1368 1263 1426 1310 et
1455 1254 1971 1310 adhortationibus

325 1351 914 1418 auxisset,commota
933 1344 1446 1421 persecutione,ab
1474 1344 1971 1399 idololatriscom-

328 1440 658 1514 prehensus
677 1434 1226 1512 etligatus,praasidi
1247 1434 1681 1505 sistiturzatque
1699 1433 1758 1487 in
1775 1433 1972 1506 ignem

327 1530 653 1602 projectus,
685 1527 944 1599 indeque
977 1526 1201 1582 illaesus
1233 1540 1526 1599 egressus,
1562 1522 1811 1578 vinculis
1843 1521 1972 1594 qui-

330 1619 440 1674 bus
470 1617 856 1686 vinciebatur,
891 1615 1308 1680 concrematis,
1337 1619 1396 1669 et
1433 1629 1551 1668 una
1579 1629 1715 1668 cum
1773 1611 1972 1684 lignis,

333 1707 548 1780 quibus
580 1707 820 1763 ﬂamma
859 1705 1148 1772 alebatur,
1203 1704 1264 1758 in
1321 1703 1584 1758 cinerem
1632 1701 1909 1772 redactis,
1941 1717 1977 1756 a

331 1797 582 1872 praeside
615 1797 898 1852 dimissus
931 1795 1062 1864 fuit,
1095 1793 1315 1849 factum
1345 1793 1619 1860 mirante,
1652 1793 1973 1864 imperato-

329 1889 531 1959 risque
563 1886 755 1942 edicta
784 1885 947 1940 velut
976 1884 1182 1955 iniqua
1211 1882 1664 1939 condemnante.
1719 1882 1789 1937 Et
1835 1887 1976 1936 tunc

333 1977 571 2048 quidem
597 1993 691 2031 res
714 1976 794 2030 ita
826 1991 886 2030 se
919 1973 1142 2029 habuit.
1181 1971 1564 2028 Postmodum
1587 1987 1724 2027 vero
1757 1987 1976 2043 praises

333 2082 584 2122 cernens
605 2065 940 2137 complures
967 2063 1182 2119 Christi
1216 2062 1392 2118 fidem
1416 2061 1760 2133 amplexari,
1785 2060 1976 2132 impe-

330 2159 544 2215 ratoris
558 2157 1030 2231 indignationem
1049 2157 1570 2222 veritus,sanctum
1595 2170 1722 2210 com
1732 2153 1974 2227 prehen-

332 2267 460 2306 sum
495 2249 672 2305 etiam
703 2249 944 2316 invitus,
979 2250 1170 2322 capite
1202 2247 1540 2304 damnavit:
1583 2251 1642 2301 et
1669 2262 1776 2318 per
1822 2246 1979 2300 hunc

333 2341 577 2398 modum
609 2341 785 2396 vitam
817 2339 1241 2406 immortalem,
1296 2344 1762 2412 perpetuamque
1811 2335 1979 2409 regni

336 2429 592 2487 cmlestis
622 2429 1052 2486 beatitudinem
1085 2429 1278 2485 eidem
1311 2426 1694 2499 comparavit.

336 2619 404 2676 Et
432 2624 706 2675 certamen
734 2620 914 2674 sancti
942 2617 1206 2690 martyris
1230 2613 1597 2671 Paiermuthii
1619 2621 1670 2670 et
1687 2615 1976 2670 sociorum.

407 2797 850 2854 Patermuthius
882 2801 940 2853 et
965 2795 1129 2862 socii,
1161 2795 1394 2850 Juliano
1419 2794 1702 2866 Apostata
1717 2791 1981 2864 tyranni-

337 2885 472 2942 dem
505 2891 838 2955 exercente,
874 2887 936 2942 in
965 2885 1302 2958 Egyptiaca
1345 2899 1544 2939 eremo
1596 2899 1895 2938 secessum
1927 2885 1986 2937 et

337 2978 598 3050 quietam
630 2979 806 3033 vitam
830 2978 1208 3049 qumsierant.
1231 2976 1435 3032 Eidem
1459 2981 1657 3032 autem
1689 2977 1984 3048 Apostatm

337 3068 616 3124 adversus
648 3071 856 3124 Persas
889 3067 1328 3140 expeditionem
1359 3065 1592 3138 paranti
1625 3066 1696 3122 ab
1726 3064 1978 3120 idolola-

336 3158 443 3216 tris
473 3156 677 3225 delati,
706 3163 763 3213 et
793 3157 1549 3230 comprehensi,sistuntur.
1585 3157 1648 3211 Et
1679 3157 1982 3210 I’atermu-

2079 555 2218 628 πρὸς
2249 555 2378 611 Θεὸν
2409 552 2558 628 ἐξεδή
2571 574 2763 628 μησεν.

2631 685 2808 736 MllNI
2847 683 2936 760 T9
2977 685 3168 759 ΑΥῙᾨ.

2239 859 2504 930 Ἀθλησις
2533 863 2629 915 τοῦ
2663 859 2814 935 ἁγίου
2845 777 3242 936 ἱῗρομάρτυρος
3272 857 3570 936 Κυρίλλου.

2156 971 2443 1046 Κύριλλος
2499 975 2527 1030 6
2586 975 2938 1050 ἱερομάρτυς,
2997 977 3066 1050 τῇ
3121 973 3198 1038 είς
3255 975 3486 1049 Χριστὸν
3547 973 3729 1031 πίστει

2081 1062 2170 1117 καὶ
2241 1068 2362 1127 ταῖς
2443 1062 2612 1127 θείαις
2692 1064 2906 1139 ἀρεταῖς
2993 1065 3359 1138 συναυξηθεὶς,
3442 1062 3732 1142 ἀρχιερεὺς

2081 1155 2308 1225 κατέστη
2359 1161 2456 1224 τῆς
2514 1153 2565 1210 ἐν
2620 1157 2801 1230 Κρήτῃ
2859 1153 3210 1226 Ἐκκλησίας.
3266 1157 3368 1212 Καὶ
3433 1155 3619 1218 καλῶς
3664 1157 3728 1212 τὸ

2082 1245 2340 1318 ποίμνιον
2375 1245 2582 1315 ἷθύνας,
2615 1247 2704 1302 καὶ
2737 1247 2828 1302 τὸν
2858 1244 2990 1302 λαὸν
3055 1246 3252 1322 Κυρίου
3304 1244 3588 1317 πληθύνας
3637 1245 3732 1302 διὰ

2086 1331 2460 1406 διδασκαλίας,
2491 1336 2580 1391 καὶ
2639 1338 3026 1412 παραινέσεως,
3084 1334 3336 1412 διωγμοῦ
3391 1338 3729 1408 κινηθέντος,

2083 1421 2354 1497 ἐκρατήθη
2390 1425 2535 1502 παρᾶ
2579 1429 2689 1482 τῶν
2737 1423 3175 1503 εἷδωλολατρῶν,
3221 1425 3311 1482 καὶ
3364 1423 3533 1491 δεθεὶς
3588 1446 3729 1501 παρ-

2085 1510 2247 1584 εδόθη
2279 1520 2359 1588 τῷ
2388 1513 2635 1592 ἄρχοντι·
2688 1517 2790 1573 Καὶ
2849 1511 3150 1589 ἐμϐληθεὶς
3211 1516 3287 1581 είς
3341 1520 3469 1591 πῦρ,
3527 1517 3616 1571 καὶ
3676 1515 3729 1588 ἐξ

2085 1603 2249 1659 αύτοῦ
2297 1599 2547 1674 ἀϐλαϐής
2604 1605 2854 1677 ἐξελθὼν,
2910 1609 3015 1661 τῶν
3078 1602 3311 1680 δεσμῶν,
3370 1609 3454 1669 οἷς
3512 1603 3729 1662 ἐδέδετο

2083 1694 2462 1764 καέντων,καὶ
2519 1701 2628 1750 τῶν
2685 1695 2884 1767 ξύλων,
2944 1697 3088 1766 οἴςὴ
3124 1694 3258 1770 φλόξ
3319 1695 3590 1773 ἐτρέφετο,
3648 1695 3728 1752 εἷς

2085 1787 2235 1842 κόνιν
2293 1785 2716 1859 λεπτυνθὲντων,
2775 1787 3022 1859 ἀπελύθη
3078 1790 3224 1864 παρὰ
3277 1786 3376 1844 τοῦ
3433 1787 3730 1866 ἄρχοντος,

2085 1878 2457 1949 θαυμάσαντος
2511 1879 2574 1932 τὸ
2627 1879 2870 1955 γεγονὸς,
2941 1878 3029 1933 καὶ
3086 1875 3200 1941 τοῖς
3286 1882 3382 1934 τοῦ
3465 1877 3736 1954 βασιλέως

2083 1965 2493 2042 προστάγμασιν
2571 1967 2646 2030 ὡς
2726 1965 2934 2032 ἀδίκοις
3021 1967 3170 2023 οὖσιν
3256 1964 3729 2042 ἐπιμεμψαμένου.

2087 2057 2186 2113 Καὶ
2213 2057 2330 2113 νότε
2364 2058 2460 2132 μὶν
2494 2057 2690 2120 οὕτως.
2723 2065 2976 2135 Ὕστερον
3029 2055 3086 2114 δὶ
3131 2056 3258 2114 ῗδὼν
3295 2059 3323 2114 6
3355 2056 3541 2134 ἅρχων
3591 2057 3736 2115 πολ-

2088 2146 2218 2210 λοὺς
2246 2149 2346 2216 τήν
2404 2148 2480 2213 εἷς
2533 2149 2765 2224 Χριστὸν
2825 2149 3003 2204 πίστιν
3061 2148 3494 2223 ἀσπαζομένους,
3551 2143 3730 2228 φοϐηο

2089 2235 2199 2300 θεὶς
2229 2235 2321 2291 τὸν
2349 2239 2447 2290 τοῦ
2482 2235 2749 2311 βασιλέως
2785 2236 2974 2311 θυμὸν,
3007 2238 3282 2308 κρατήσας
3311 2238 3404 2292 τὸν
3435 2236 3591 2313 ἃγιον
3641 2237 3734 2293 καὶ

2087 2324 2258 2392 ἄκων,
2290 2324 2677 2404 ἀπεκεφάλισε,
2729 2326 3062 2403 προξενήσας
3118 2326 3265 2399 αὐτῷ
3320 2326 3464 2396 ζωὴν
3521 2326 3732 2382 ἀθάνα-

2086 2437 2178 2472 τον
2206 2417 2297 2472 καὶ
2325 2415 2500 2472 ἀΐδιον
2554 2417 2929 2492 μακαριότητα
2981 2422 3082 2486 τῆς
3141 2414 3416 2492 βασιλείας
3471 2419 3584 2472 τῶν
3640 2415 3734 2472 06-

2089 2511 2286 2582 ρανῶν.

2089 2623 2193 2681 Καὶ
2277 2620 2508 2695 ἄθλησις
2585 2626 2681 2679 τοῦ
2715 2696 2728 2713 ἢ
2766 2623 2950 2711 ἁγίους
2997 2622 3270 2714 μάρτρρος
3357 2621 3734 2698 Πατερμυθίου

2641 2696 2732 2750 καὶ
2763 2693 2869 2750 τῶν
2902 2693 3007 2750 σὺν
3027 2693 3196 2768 αὐτῷ’.

2161 2795 2590 2870 Πατερμούθιος,
2621 2793 2710 2850 καὶ
2757 2796 2809 2850 οἱ
2839 2793 2932 2850 σὺν
2985 2793 3152 2868 αὐτῷ,
3203 2795 3452 2871 ὑπῆρχον
3504 2794 3592 2850 ἐπὶ
3636 2799 3739 2861 τῆς

2088 2885 2403 2962 τυραννίδος
2461 2887 2770 2941 ἸουΙιανοῢ
2816 2889 2913 2940 1:06
2990 2879 3338 2962 Παραϐάτου,
3397 2883 3450 2940 ἐν
3503 2888 3572 2959 τῇ
3623 2885 3741 2940 κατ’

2093 2975 2366 3054 Αἴγυπτον
2409 2974 2604 3054 ἐρήμῳ
2663 2977 3055 3053 ἡσυχάζοντες.
3111 2976 3511 3052 Ἀπερχομένῳ
3561 2973 3620 3032 δὲ
3663 2981 3743 3050 τῷ

2093 3061 2386 3142 Παραϐάτῃ
2443 3068 2580 3143 πρὸς
2632 3067 2726 3122 τὸν
2781 3067 2920 3122 κατὰ
2971 3071 3080 3122 τῶν
3165 3071 3383 3142 Περσῶν
3465 3063 3740 3140 πόλεμον,

2095 3157 2548 3230 κατεμηνύθησαν
2604 3157 2750 3232 παρά
2800 3160 2910 3212 τῶν
2963 3153 3404 3232 εἷδωλολατρῶν.
3465 3154 3563 3211 Καὶ
3611 3175 3741 3228 κρα-

338 3247 499 3304 thius
525 3215 767 3320 quidem
799 3215 1023 3304 annum
1049 3215 1259 3320 agebat
1285 3246 1786 3319 septuagesimum
1813 3245 1981 3316 quin-

2099 3215 2352 3318 τηθέντες
2383 3215 2640 3322 ilionea»)
2683 3215 2928 3301 ιἐνώπιον
2983 3245 3165 3303 αὐτοῦ.
3210 3215 3308 3302 Ἱίν
3338 3243 3394 3302 δὲ
3425 3247 3453 3300 6
3487 3247 3583 3320 μὶν
3633 3215 3739 3303 lla-

341 3344 466 3394 tum
493 3355 506 3404 ;
540 3340 756 3411 Copres
787 3355 922 3394 vero
954 3338 1228 3410 quintum
1260 3353 1438 3409 supra
1460 3337 1984 3409 quadragesimum.

344 3430 522 3487 Divisi
552 3432 752 3503 itaque
783 3429 855 3486 ab
888 3431 1160 3498 invicem,
1195 3430 1494 3485 Christum
1520 3429 1813 3502 abnegare
1828 3447 1987 3485 com-

345 3519 746 3591 pellebantur.
805 3522 1020 3593 Copres
1074 3525 1274 3576 autem
1335 3521 1632 3592 Apostatie
1689 3519 1989 3576 illecebris

349 3615 576 3684 captus,
606 3628 639 3667 a
662 3611 777 3667 fide
803 3610 1036 3666 defecit.
1053 3611 1178 3675 Quo
1200 3609 1503 3664 intellecto
1527 3610 1988 3679 Patermuthius,

347 3699 591 3769 plorans
612 3715 718 3772 pro
741 3698 843 3752 illo
865 3700 1048 3754 Deum
1072 3697 1281 3752 orabat
1317 3699 1442 3752 Mox
1463 3697 1656 3768 etipse
1679 3698 1986 3766 adductus,

349 3795 406 3842 et
437 3791 661 3860 Capren
712 3787 1041 3858 splendidis
1094 3791 1368 3857 opertum
1411 3786 1671 3842 vestibus
1718 3787 1988 3855 intuitus,

345 3876 749 3945 illacrymatus
777 3881 884 3930 est.
917 3879 1132 3946 Copres
1160 3890 1300 3929 vero
1333 3890 1534 3930 earum
1593 3875 1990 3948 lacrymarum

345 3979 584 4018 causam
616 3978 820 4017 casum
851 3980 1022 4018 suum
1075 3979 1207 4019 esse
1265 3979 1616 4034 agnoscens,
1677 3965 1796 4020 alta
1852 3982 1990 4020 voce

345 4052 602 4108 clamare
635 4053 849 4123 coapit:
891 4053 1035 4108 [60
1070 4054 1186 4126 Ego
1209 4053 1338 4125 jam
1369 4051 1652 4109 Julianita
1681 4071 1800 4110 non
1835 4071 1989 4125 sum,

347 4144 449 4200 sed
482 4145 697 4200 Christi
729 4162 948 4200 servus.
1007 4147 1334 4217 Eapropter
1390 4145 1441 4202 ei
1497 4145 1698 4219 lingua
1755 4147 1990 4203 abscin-

347 4235 527 4301 ditur,
559 4242 736 4307 atque
768 4252 884 4290 una
909 4251 1044 4291 cum
1077 4236 1481 4292 Patermuthio
1535 4237 1594 4291 in
1621 4237 1814 4310 ignem
1849 4255 1990 4293 con-

341 4324 586 4399 jicitur:
621 4342 768 4398 quos
791 4342 924 4382 cum
951 4325 1284 4382 Alexander
1305 4325 1376 4380 ab
1401 4327 1533 4399 igne
1553 4327 1796 4382 minime
1821 4327 1994 4383 laesos

351 4421 640 4482 cerneret,
676 4416 889 4471 Christi
923 4414 1100 4471 fidem
1150 4414 1479 4487 amplexus,
1526 4432 1645 4472 una
1692 4433 1829 4473 cum
1873 4417 1994 4474 illis

351 4507 616 4580 gaudens
646 4505 842 4581 gladio
874 4507 1264 4562 obtruncatus
1295 4511 1401 4560 est.

2091 3334 2416 3412 τερμούθιος
2463 3336 2595 3391 ἐτῶν
2651 3331 3032 3410 ἐϐδομήκοντα
3088 3336 3264 3406 πέντε,
3326 3337 3355 3391 ὁ
3409 3333 3467 3392 δὲ
3520 3335 3741 3411 Κόπρης

2097 3425 2229 3481 ἐτῶν
2338 3425 2734 3501 τεσσαρακόντα
2837 3425 3014 3482 πέντε.
3102 3425 3200 3480 Καὶ
3287 3421 3737 3500 διαχωρισθέντες

2094 3516 2462 3593 ἠναγκάζοντο
2501 3515 2828 3590 ἀρνήσασθαι
2883 3516 2976 3570 τὸν
3035 3514 3292 3591 Χριστόν.
3352 3515 3590 3577 Πεισθεὶς
3642 3514 3734 3570 οὖν

2096 3607 2370 3682 ὁΚόπρης
2423 3610 2542 3668 ταῖς
2600 3605 2856 3668 θωπείαις
2910 3609 3008 3660 τοῦ
3065 3601 3735 3681 Παραόάτου,ἠρνήσατο.

2096 3695 2199 3752 Καὶ
2236 3697 2421 3769 μαθὼν
2451 3700 2612 3751 τοῦτο
2643 3697 2672 3751 6
2699 3694 3128 3768 Πατερμούθιος,
3186 3694 3394 3752 κλαίων
3442 3691 3738 3768 παρεκάλει

2095 3787 2187 3841 τὸν
2220 3786 2346 3841 Θεὸν
2378 3785 2509 3860 ὑπὲρ
2553 3784 2738 3842 αὐτοῦ.
2789 3783 3078 3860 Είσαχθεὶς
3121 3784 3213 3839 οὗν
3258 3783 3350 3838 καὶ
3408 3782 3589 3854 αὐτὸς,
3647 3781 3739 3837 καὶ

2099 3871 2230 3930 ἰδὼν
2283 3876 2374 3932 τὸν
2436 3877 2655 3949 Κόπρην
2714 3875 2906 3946 ἱμάτια
2963 3874 3192 3948 Ααμπρὰ.
3245 3867 3741 3949 περιϐεϐλημένον,

2097 3963 2374 4041 ἐδάκρυσε.
2410 3965 2507 4021 Καὶ
2537 3964 2692 4040 γνοὺς
2725 3967 2754 4019 6
2785 3965 3031 4040 Κόπρης,
3065 3964 3146 4020 ὅτι
3180 3961 3250 4019 δι’
3275 3963 3432 4019 αὐτὸν
3491 3961 3742 4035 ἔκλαυσε,

2098 4055 2394 4130 ἀνακράξας
2450 4050 2575 4132 ἔφη.
2631 4054 2744 4114 Ούκ
2799 4052 2873 4109 ἔτι
2935 4053 3048 4127 εἶμί
3135 4051 3519 4126 Ἰουλιανίτης,
3596 4053 3745 4109 ἀλλὰ

2099 4147 2333 4218 Χριστοῦ
2364 4143 2582 4208 δοῦλος.
2613 4144 2896 4209 Ἐκκοπεῖς
2927 4144 3015 4199 οὗν
3049 4145 3147 4214 τήν
3203 4141 3477 4219 γλῶσσαν,
3529 4139 3740 4214 ἐϐλήθη

2100 4233 2178 4296 είς
2211 4234 2316 4309 πῦρ
2375 4234 2509 4307 μετᾶ
2565 4238 2663 4290 τοῦ
2716 4235 3148 4310 Πατερμουθίουο
3209 4233 3298 4288 καὶ
3357 4231 3486 4288 ἰδὼν
3543 4231 3742 4295 αὐτοὺς

2097 4321 2450 4398 Ἀλέξανδρός
2507 4345 2591 4388 τις
2648 4321 2817 4396 μηδὲν
2879 4320 3252 4395 ἀδικηθέντας,
3309 4323 3398 4378 καὶ
3454 4321 3746 4387 πιστεύσας

2098 4417 2178 4485 τῷ
2206 4415 2448 4489 Χριστῷ,
2480 4411 2571 4468 σὺν
2605 4412 2788 4475 αὐτοῖς
2820 4413 3027 4488 χαίρων
3059 4410 3488 4491 ἀπεκεφαλίσθη.

353 4609 426 4664 Et
481 4615 758 4663 certamen
839 4613 1193 4700 εαηεϊοιὲιιρι-
1237 4613 1544 4700 ξηανῑῃνιιηι
1629 4609 1882 4663 Bianoris
1941 4615 1985 4664 et

2104 4607 2206 4664 Καὶ
2264 4605 2495 4679 ἄθλησις
2551 4612 2660 4665 τῶν
2719 4606 2885 4700 ἁγίων
2951 4607 3252 4700 ’μαρτύρων
3339 4605 3599 4683 Βιάνορος
3655 4608 3746 4664 καὶ

1041 4676 1276 4734 Silvani.

425 4793 638 4850 Bianor
667 4798 893 4866 martyr
921 4793 1134 4850 Christi
1165 4795 1226 4850 in
1256 4795 1475 4854 Pisidia
1503 4800 1699 4866 natus,
1734 4796 1808 4853 ob
1832 4797 1994 4853 Chri-

355 4883 429 4940 sti
448 4882 880 4940 confessionem
905 4900 934 4940 a
957 4884 1265 4942 Severiano
1283 4887 1520 4944 Isauria:
1538 4887 1816 4962 praefecto
1836 4906 1996 4947 com.

353 4973 683 5045 prehensus
716 4978 824 5040 est,
855 4973 1192 5047 frustraque
1253 4981 1533 5046 tentatus,
1579 4983 1646 5034 ut
1701 4979 1996 5036 Christum

357 5063 636 5136 ejuraret,
703 5062 764 5118 in
823 5064 1144 5136 equuleum
1203 5071 1427 5137 raptus,
1494 5068 1732 5140 ungulis
1789 5069 1997 5126 ferreis

358 5152 676 5209 smvissime
708 5155 1179 5211 excarnificatur.
1214 5157 1340 5211 Mox
1393 5157 1571 5213 etiam
1619 5157 1828 5215 ferreis
1875 5160 1998 5231 glo-

356 5241 514 5298 bulis
545 5242 938 5300 candentibus
970 5245 1162 5300 eidem
1197 5245 1538 5301 ustulantur
1575 5247 1793 5308 axillw.
1846 5247 1996 5302 evel-

360 5330 565 5388 luntur
594 5332 823 5399 dentes,
857 5339 914 5389 et
937 5351 1109 5390 aures
1161 5340 1527 5390 lruncantur.
1581 5335 1718 5399 Quae
1764 5351 1898 5390 cum
1929 5336 2002 5390 ab

363 5439 432 5478 eo
462 5421 694 5478 fortiter
727 5423 963 5479 tolerari
996 5423 1241 5478 vidisset
1263 5423 1432 5479 miles
1454 5423 1693 5494 quidam
1713 5423 2000 5495 Silvanus,

366 5511 428 5566 in
462 5513 759 5568 Christum
787 5513 1054 5577 credens,
1088 5512 1352 5567 abscissa
1390 5513 1442 5567 ei
1484 5518 1725 5584 repente
1779 5513 2000 5586 lingua,

369 5616 505 5658 mox
535 5602 715 5659 etiam
746 5602 935 5674 capite
965 5599 1263 5672 plectitur.
1297 5601 1514 5658 Bianor
1542 5607 1738 5659 autem
1789 5603 2005 5661 multo-

369 5706 502 5750 rum
533 5691 925 5747 certaminum
960 5689 1159 5757 victor,
1192 5689 1502 5762 perforatis
1537 5691 1689 5762 talis,
1730 5699 1789 5751 et
1839 5699 2006 5753 eruto

2759 4678 3086 4738 Σιλουανοῦ.

2177 4795 2413 4872 Βιάνωρ,
2444 4797 2473 4852 6
2519 4798 2726 4874 μάρτυς
2778 4800 2875 4854 τοῦ
2931 4801 3191 4874 Χριστοῦ,
3250 4798 3316 4868 ἦν
3379 4798 3475 4870 μὶν
3535 4795 3596 4852 ἐκ
3647 4803 3753 4867 τῆς

2106 4886 2294 4963 χώρας
2327 4883 2591 4950 Πισιδίας.
2627 4888 2722 4942 Διὰ
2766 4884 2824 4942 6‘s
2870 4889 2969 4956 τήν
3029 4886 3105 4950 εἰς
3153 4888 3383 4962 Χριστὸν
3442 4886 3746 4962 ὁμολογίαν

2106 4977 2400 5052 κρατηθεὶς
2451 4977 2553 5032 ὑπὸ
2601 4972 2936 5051 Σεϐηριανοῦ
2983 4976 3261 5052 ἡγεμόνος
3308 4984 3407 5048 τῆς
3456 4978 3748 5052 Ἰσαυρίας,

2109 5065 2197 5120 καὶ
2269 5065 2615 5141 ἀναγκασθεὶς
2674 5067 3003 5142 ἀρνήσασθαι
3055 5067 3145 5122 τὸν
3207 5068 3460 5142 Χριστὸν,
3517 5067 3608 5121 κάξ
3670 5068 3750 5140 μὴ

2109 5155 2369 5226 πεισθεὶς,
2429 5155 2734 5231 ἐκρεμάσθη
2779 5155 2867 5212 ἐπὶ
2915 5155 3101 5228 ξύλου,
3146 5157 3236 5212 καὶ
3302 5155 3482 5228 ἐξέσθη
3542 5163 3758 5233 πικρῶς

2116 5246 2248 5318 μετὰ
2279 5247 2515 5319 σιδηρῶν
2549 5245 2787 5322 ὀνύχων,
2820 5247 2910 5301 καί
2955 5245 3206 5321 σφαίραις
3261 5245 3621 5323 πυρωθείσαις
3672 5267 3744 5301 σι-

2113 5333 2306 5410 δηραῖς
2337 5335 2468 5408 ἐκάη
2499 5340 2594 5398 τὰς
2630 5334 2942 5410 μασχάλας,
3001 5337 3092 5392 καὶ
3147 5336 3274 5402 τοὺς
3331 5334 3555 5400 ὀδόντας
3607 5336 3757 5415 ἐξερ-

2115 5424 2282 5502 ῥινώθ
2442 5426 2455 5442 “
2526 5426 2540 5444 ‘
2590 5427 2618 5446 ν
2728 5426 2782 5462 ’ν
2838 5425 2924 5482 νέθ
3020 5427 3031 5449 ’
3082 5425 3123 5443 ““
3250 5427 3266 5446 ‘
3359 5426 3378 5464 ν’
3428 5428 3442 5442 ⁸
3661 5431 3722 5461 '-

2179 5470 2202 5494 ς
2287 5447 2342 5495 η,
2369 5446 2550 5482 καιτοι
2579 5448 2692 5482 ωτα
2717 5447 2862 5503 ac“,
2931 5449 2986 5498 η.
3038 5429 3171 5481 ιὸων
3219 5424 3276 5481 δε
3322 5449 3478 5483 αοτον
3531 5448 3758 5482 τοιαυια

2117 5515 2457 5587 ὑπομένοντα
2513 5515 2850 5591 στρατιώτης
2908 5536 2988 5577 τις
3051 5514 3350 5580 Σιλουανὸς
3426 5515 3751 5590 λεγόμενος,

2113 5602 2390 5660 ἐπίστευσε
2418 5608 2498 5679 τῷ
2543 5605 2778 5680 Χριστιῖγ
2829 5603 2919 5660 καὶ
2967 5604 3270 5679 παραυτίκα
3316 5605 3403 5660 καὶ
3452 5604 3614 5668 αὐτὸς
3657 5606 3758 5674 τήν

2111 5692 2361 5770 γλῶσσαν
2410 5693 2677 5766 intonsis,
2737 5693 3160 5773 ἁπεκεφαλίτθη.
3212 5697 3272 5753 Ὁ
3321 5691 3377 5750 δὲ
3437 5692 3754 5760 πολύαθλος
