4104 6196
325 353 444 415 533

1851 368 2145 431 JULIUS.

3626 381 3743 439 534

326 486 543 562 Βιάνωρ
574 490 870 563 τρυπηθεῖς
924 490 1053 558 τοὺς
1109 494 1503 571 ἀστραγάλους,
1534 498 1625 553 καὶ
1682 498 1772 554 τὸν
1806 496 1947 570 δεξιὸ

2089 501 2259 558 oculo
2292 502 2555 572 dextero,
2585 502 2966 576 detractaque
3013 507 3223 578 capitis
3254 515 3407 579 cute,
3443 512 3504 565 in
3538 527 3739 568 carce-

328 574 616 668 dpﬁalpov
677 578 1008 655 ἑξορυχθεὶς,
1067 583 1159 639 καὶ
1216 586 1277 641 τὸ
1336 583 1509 662 δέρμα
1577 595 1677 658 τῆς
1730 587 1978 668 κεφαλῆς

325 663 596 740 ἐκδαρεῖς,
629 668 958 744 ἀπεκλείσθη
994 673 1070 736 εἷς
1110 676 1380 751 φυλακήν.
1434 676 1540 733 Καὶ
1598 681 1666 752 τῇ
1726 663 1980 753 ἐπαύριον

327 757 520 828 μικρὸν
580 754 657 813 ἔτι
718 759 989 835 ἐμπνέων,
1048 760 1340 837 ἐκϐληθείς
1395 773 1496 837 τῆς
1552 766 1825 847 φυλακῆς,
1885 770 1976 826 καὶ

326 845 728 920 βασταζόμενος
760 850 863 906 ὑπὸ
894 856 1001 908 τῶν
1048 851 1293 929 δημίων,
1327 845 1761 936 ἀπεκεφανλίσθη.

430 964 530 1019 Καὶ
556 963 787 1036 ἄθλησις
814 968 910 1024 τοῦ
954 971 1113 1046 ἁγίου
1147 972 1425 1049 μάρτυρος
1461 973 1866 1034 Ἀπολλωνίου.

391 1079 576 1135 Ὃτοῦ
620 1085 858 1155 Χριστοῦ
914 1087 1119 1163 μάρτυς
1181 1088 1587 1161 Ἀπολλώνιος,
1643 1092 1709 1162 ἦν
1768 1094 1862 1167 μὲν
1919 1094 1977 1151 ὲκ

321 1173 423 1237 τῆς
453 1174 643 1246 χώρας
670 1172 889 1245 Λυδίας,
922 1176 1141 1241 πόλεως
1201 1178 1473 1256 Σάρδεωψ
1527 1184 1865 1258 περιήρχετο
1919 1182 1975 1240 δὲ

319 1263 493 1313 πᾶσαν
553 1262 716 1317 πόλιν
770 1265 859 1319 καὶ
910 1267 1097 1343 χώραν
1159 1266 1429 1326 διδάσκων
1501 1272 1594 1327 τὸν
1649 1273 1814 1349 λόγον
1873 1278 1971 1343 τῆς

318 1348 602 1422 ἀληθείας,
626 1354 714 1408 καὶ
745 1356 992 1421 πολλοὺς
1022 1364 1130 1414 τῶν
1189 1361 1430 1417 ἀπίστων
1490 1348 1826 1442 έπιστρένρων
1884 1365 1971 1421 ἐπὶ

316 1442 408 1495 τὸν
470 1443 689 1513 Κύριον.
741 1451 1155 1521 Καταμηνυθεῖς
1215 1450 1306 1507 οὖν
1361 1453 1506 1527 παρὰ
1562 1459 1671 1510 τῶν
1730 1454 1971 1512 εἰδωλο-

317 1528 536 1622 λατριῖυν
564 1538 643 1607 τῷ
674 1542 775 1606 τῆς
803 1536 1023 1601 πόλεως
1055 1542 1290 1596 Ἰκονίου
1334 1543 1587 1618 ἄρχοντι,
1640 1548 1968 1622 κατεσχέθη·

315 1621 409 1676 καὶ
463 1618 692 1697 δέσμιος
723 1627 936 1703 ἀχθεὶς,
969 1633 1303 1705 παρέστησεν
1335 1632 1567 1691 ἐνώπιον
1627 1636 1813 1693 αὐτοῦ.
1872 1638 1968 1693 Καὶ

319 1711 640 1803 ἐρωτηθεὶς,
708 1713 906 1773 δοῦλον
984 1720 1228 1797 Χριστοῦ
1313 1724 1503 1779 ἑαυτὸν
1582 1725 1966 1803 ὡμολόγησεν.

314 1802 481 1859 ὈΘεν
519 1802 870 1881 ἀναγκασθεὶς
902 1808 980 1872 είς
1038 1812 1139 1879 τὴν
1167 1812 1343 1888 τύχην
1394 1818 1490 1869 τοῦ
1525 1802 1802 1890 βασιλέως
1829 1816 1970 1891 ὁμό-

2086 608 2207 648 rem
2233 592 2599 649 detruditur:
2624 599 2858 667 postero
2881 600 3076 651 autem
3102 596 3195 653 die
3219 597 3411 655 adhuc
3434 601 3738 675 paulisper

2088 683 2341 755 spirans,
2372 700 2401 739 e
2433 684 2700 740 custodia
2720 684 2989 754 eductus,
3016 691 3073 741 et
3102 703 3136 742 a
3166 686 3472 745 lictoribus
3503 692 3736 749 succol-

2084 771 2260 841 latus,
2295 773 2485 846 capite
2516 773 2923 830 obtruncatur.

2297 965 2369 1019 Et
2399 968 2672 1017 certamen
2701 964 2881 1018 sancti
2918 966 3176 1034 martyris
3208 965 3514 1035 Apollonii.

2153 1072 2370 1141 Martyr
2400 1070 2613 1125 Christi
2643 1071 2995 1141 Apollonius
3017 1072 3297 1130 Sardibus
3328 1074 3387 1130 in
3421 1076 3599 1148 Lydia
3632 1095 3732 1134 na-

2081 1165 2198 1225 tus,
2238 1177 2448 1216 omnes
2478 1160 2656 1216 urbes
2714 1168 2772 1216 et
2825 1162 3097 1233 regiones
3128 1165 3639 1234 circnmlustrans,
3673 1174 3732 1224 et

2079 1251 2341 1306 veritatis
2372 1267 2709 1306 sermonem
2731 1250 2975 1316 ducens,
2995 1254 3331 1324 complures
3363 1257 3633 1313 inﬁdeles
3654 1258 3728 1313 ad

2079 1340 2396 1395 Dominum
2415 1342 3053 1397 convertit.Accusatus
3071 1342 3292 1398 idcirco
3314 1344 3386 1399 ab
3403 1346 3731 1403 idololatris

2077 1432 2315 1502 praasidi
2352 1432 2553 1496 lconii,
2613 1433 3078 1503 comprehensus
3134 1435 3485 1507 vinctusque
3534 1437 3729 1493 eidem

2078 1523 2326 1578 sistitur.
2362 1526 2625 1593 Cumque
2656 1523 3074 1595 interrogatus,
3124 1541 3185 1579 se
3230 1524 3445 1579 Christi
3497 1541 3728 1581 servum

2076 1610 2384 1667 confessus
2416 1616 2589 1678 esset,
2626 1612 2970 1684 compulsus
3002 1629 3110 1685 per
3138 1612 3440 1669 fortunam
3473 1614 3729 1686 impera-

2077 1701 2222 1756 toris
2262 1700 2492 1773 jurare,
2544 1700 3010 1773 haudquaquam
3059 1701 3148 1758 fas
3196 1720 3348 1772 esse,
3398 1705 3724 1777 respondit,

2074 1807 2181 1863 per
2210 1791 2520 1845 mortalem
2541 1790 2766 1863 jurare,
2792 1808 2857 1846 ac
2880 1793 3211 1863 praesertim
3236 1810 3370 1848 cum
3393 1793 3493 1849 ille
3518 1794 3724 1851 mundi

320 1912 430 1962 σαι,
462 1892 588 1971 ἔφη,
625 1879 699 1966 μὴ
734 1898 869 1952 εἶναι
902 1901 1122 1973 θεμιτὸν
1158 1879 1499 1978 εἷς’-βασιλέα
1525 1879 1534 1890 ⁸
1556 1904 1777 1978 ὀμνύειν
1831 1879 1948 1977 θνη-

2074 1886 2401 1936 creatorem
2431 1883 2611 1936 Deum
2634 1898 2755 1935 non
2778 1886 3075 1953 agnoscat.
3104 1882 3235 1937 Haec
3258 1881 3510 1950 locutus,
3528 1886 3726 1955 praesi-

316 1983 433 2055 τὸν,
463 1983 556 2039 καὶ
591 1984 827 2059 μάλιστα
854 1988 947 2045 τὸν
982 1991 1057 2063 μὴ
1091 1991 1517 2068 ἐπιγινώσκοντα
1570 1997 1660 2051 τὸν
1720 1998 1959 2069 ποιητὴν

313 2078 410 2128 τοῦ
439 2073 653 2147 κόσμου
696 2080 849 2135 Θεόν.
909 2082 1092 2136 Ταῦτα
1159 2081 1348 2153 εἰπὼν,
1404 2088 1473 2158 τῇ
1532 2087 1818 2161 προστάξει
1863 2091 1959 2143 τοῦ

314 2163 585 2240 ἄρχοντος
635 2165 834 2242 ἐτύφθη
895 2169 1169 2247 σφοδρῶς,
1227 2173 1314 2228 καὶ
1372 2175 1696 2251 κρεμασθείς
1734 2175 1820 2232 ἐπὶ
1879 2175 1961 2251 ξό-

313 2252 437 2323 λου,
471 2255 560 2309 καὶ
592 2254 842 2333 σιδηροῖς
872 2258 1035 2330 ἤλοις
1079 2262 1445 2335 καθηλωθεῖς,
1503 2266 1565 2321 τὸ
1614 2270 1825 2339 πνεῦμα
1880 2272 1958 2340 τῷ

310 2348 424 2416 Θεῷ
453 2345 740 2420 παρέθετο.
774 2349 875 2405 Καὶ
908 2349 1049 2406 οὕτω
1091 2351 1181 2407 τὸν
1240 2357 1336 2408 τοῦ
1400 2355 1696 2429 μαρτυρίου
1753 2354 1957 2432 δρόμον

304 2435 551 2502 τελέσας,
583 2432 824 2493 ἀπέλαϐε
851 2441 948 2509 τήν
980 2446 1088 2496 τῶν
1126 2441 1369 2518 οὐρανῶν
1405 2445 1704 2519 βασιλείαν.

372 2525 480 2582 Καὶ
513 2529 707 2600 μνήμη
761 2533 868 2585 τῶν
933 2532 1141 2607 μυρίων
1203 2534 1371 2609 ἁγίων
1426 2538 1678 2610 Πατέρων
1734 2542 1841 2594 τῶν
1900 2537 1951 2594 ἐν

303 2620 416 2679 τοῖς
443 2616 744 2688 σπηλαίοις
768 2620 1005 2677 καέντων
1056 2625 1145 2678 καὶ
1202 2626 1494 2701 πνιγέντων
1568 2629 1715 2702 παρά
1770 2628 1955 2707 Θεοφί-

305 2703 406 2762 λου
456 2706 787 2795 ⁸ἐπισκόπου
872 2711 1285 2791 Ἀλεξανδρείας
1373 2715 1462 2772 διὰ
1525 2716 1799 2795 Ἰσίδωρον
1859 2703 1949 2777 τὸν

304 2792 693 2875 πρεσϐύτερον.

873 2903 1057 2963 ΜΗΝΙ
1085 2906 1175 2984 Tn
1210 2909 1383 2963 ΑΪΤΩ

1088 3004 1167 3058 ΙΕ¹

370 3085 648 3156 νΑθλησις
679 3093 786 3143 τῶν
821 3089 985 3169 ᾁγίων
1024 3093 1104 3164 με’
1136 3092 1442 3169 μαρτύρων,
1476 3096 1584 3152 τῶν
1627 3097 1678 3153 ὲν
1711 3099 1877 3155 Νικο·

776 3162 938 3218 πόλει
974 3162 1459 3239 μαρτυρησάντων.

2073 1970 2164 2025 dis
2187 1971 2360 2041 jussu
2407 1970 2752 2043 gravissime
2800 1970 3085 2026 caeditur:
3134 1988 3269 2027 mox
3309 1971 3371 2026 in
3404 1973 3724 2043 equuleum

2071 2066 2257 2128 actus,
2316 2066 2374 2115 et
2424 2060 2633 2116 ferreis
2694 2061 2837 2115 161
2907 2060 3085 2115 clavis
3125 2061 3415 2129 confixus,
3449 2062 3723 2133 spiritum

2070 2151 2187 2206 Deo
2238 2150 2497 2207 reddidit
2542 2167 2555 2206 :
2616 2156 2793 2221 atque
2858 2151 2940 2205 ita
2992 2157 3402 2206 consummato
3458 2154 3726 2225 martyrii

2070 2258 2268 2310 cursu,
2300 2240 2537 2297 cceleste
2568 2256 2816 2315 regnum
2848 2238 3096 2313 adeptus
3129 2245 3237 2296 est.

2135 2514 2208 2565 Et
2262 2510 2746 2565 commemoratio
2804 2509 3333 2567 innumerabilium
3376 2517 3718 2569 sanctorum

2066 2602 2329 2668 Patrum,
2394 2600 2493 2672 qui
2552 2600 2614 2655 in
2671 2599 2971 2671 speluncis
3048 2601 3363 2667 combusti,
3446 2604 3716 2658 sullocati

2067 2695 2206 2745 sunt
2234 2707 2268 2746 a
2295 2690 2620 2763 TheOphilo
2644 2689 3014 2745 Alexandria:
3042 2691 3321 2765 episcopo
3344 2697 3587 2765 propter
3610 2692 3716 2749 lsi-

2066 2779 2274 2836 dorum
2308 2780 2745 2852 presbyterum.

2624 2898 2863 2954 EODEM
2905 2898 3049 2953 ΜΕΝ
3056 2898 3158 2955 SE.

2697 2998 2799 3054 Die
2858 2999 3088 3056 decima

2066 3087 2355 3143 Certamen
2382 3094 2694 3145 sanctorum
2724 3090 3105 3158 quadraginta
3132 3092 3379 3160 quinque
3408 3096 3717 3160 martyrum

2381 3162 2481 3230 qui
2507 3160 2756 3232 Nicopoli
2801 3161 3132 3231 martyrium
3161 3163 3391 3216 subiere.

367 3274 436 3331 Οἱ
494 3277 888 3348 τεσσαράκοντα
944 3279 1102 3334 πέντε
1180 3286 1277 3336 τοῦ
1361 3286 1598 3357 Χριστοῦ
1681 3284 1945 3362 μάρτυρες

2129 3278 2399 3349 Quinque
2433 3284 2490 3333 et
2510 3277 2901 3351 quadraginta
2931 3278 3146 3333 Christi
3179 3284 3469 3350 martyres
3489 3279 3709 3334 Licinio

301 3362 556 3439 ὑπῆρχον
592 3363 674 3419 ἐπὶ
700 3373 799 3435 τῆς
839 3366 1120 3442 βασιλείας
1176 3372 1473 3441 Λικιννίου,
1533 3376 1621 3429 καὶ
1678 3381 1776 3442 τῆς
1818 3380 1943 3453 ἡγε-

300 3452 492 3524 μονίας
555 3454 774 3509 Λυσίου·
836 3457 910 3511 ὧν
992 3457 1225 3535 ἐξῆρχον
1284 3461 1561 3533 Λεόντιος,
1621 3452 1942 3542 Μαυρίκιος,

296 3542 527 3613 Δανιὴλ,
562 3542 651 3598 καὶ
698 3547 1010 3609 ’Λντώνιος.
1072 3550 1433 3623 Κρατηοὲντες
1467 3554 1557 3608 οὖν
1602 3558 1940 3629 παρέστησαν

293 3636 371 3703 τῷ
423 3629 582 3686 δουκὶ
640 3634 809 3705 Λυσίᾳ
866 3633 917 3689 ἐν
983 3638 1278 3695 Νικοπόλει
1334 3649 1433 3708 τῆς
1466 3644 1777 3717 Ἀρμενίας.
1839 3648 1938 3703 Καὶ

294 3721 383 3776 τὸν
423 3723 519 3793 μὲν
547 3725 781 3799 Χριστὸν
817 3725 1288 3802 ὁμολογήσαντες,
1348 3732 1415 3786 τά
1473 3728 1530 3787 δὲ
1590 3731 1793 3789 εἶ’δωλα
1825 3733 1941 3790 δια-

294 3818 614 3883 πτύσαντες,
644 3815 950 3890 τυφθέντες,
984 3816 1073 3871 καὶ
1114 3816 1290 3882 λίθοις
1351 3818 1715 3895 συντριϐέντες
1769 3826 1835 3879 τά
1884 3848 1942 3881 τε

295 3902 543 3976 στόματα
573 3904 661 3958 καὶ
704 3904 771 3959 τά
811 3906 1099 3977 πρόσωπα,
1158 3908 1589 3981 ἀπεκλείσθησαν
1642 3912 1716 3975 είς
1774 3915 1941 3993 φυλα-

292 3993 415 4061 κὴν,
450 3989 539 4046 ἐπὶ
598 3991 841 4056 πολλαῖς
902 3997 1136 4070 ἡμέραις
1188 3998 1363 4054 ἄσιτοι
1413 3989 1795 4075 διαμένοντες.⁷
1836 4006 1936 4062 Καὶ

295 4079 499 4143 ἰδόντες
531 4083 629 4152 τῆν
691 4081 863 4138 αὐτῶν
921 4086 1204 4162 καρτερίαν
1289 4089 1342 4143 οἱ
1398 4094 1689 4163 τηροῦντες
1746 4092 1939 4160 αὐτοὺς

290 4175 642 4247 στρατιῶται,
677 4172 988 4230 έπίστευσαν
1010 4180 1088 4248 τῷ
1118 4178 1359 4251 Χριστῷ.
1421 4180 1553 4235 Εἶτα
1605 4184 1704 4246 τῆς
1764 4180 1934 4259 φυλα-

287 4268 387 4330 κῆς
417 4255 793 4331 ἐκϐληθέντες,
825 4265 913 4318 καὶ
963 4265 1028 4319 τά
1086 4265 1253 4336 σκέλη
1309 4266 1589 4323 πελέκεσιν
1632 4255 1935 4327 ἀποκοπέν-

287 4371 395 4417 τες,
443 4351 496 4405 οἱ
555 4353 650 4425 μὶν
710 4350 818 4424 ἤδη
863 4355 1206 4425 τεθνηκότες,
1240 4357 1292 4411 οἱ
1340 4354 1397 4412 δὲ
1452 4353 1529 4413 ἔτι
1588 4357 1933 4435 ἐμπνέοντες,

288 4440 363 4503 εἷς
394 4441 627 4514 κάμινον
658 4443 827 4518 πυρὸς
882 4439 1271 4517 ἐμϐληθέντες,
1324 4444 1741 4521 ἐτελειώθησαν,
1797 4452 1937 4508 ἀπο-

288 4527 549 4594 λαϐόντες
598 4533 697 4601 τήν
737 4534 1153 4608 ἡτοιμασμένην
1212 4535 1397 4601 αὐτοῖς
1457 4539 1563 4612 πρὸ
1619 4537 1933 4614 καταϐολῆς

288 4621 498 4696 κόσμου
525 4622 671 4699 παρᾶ
699 4628 930 4699 Χριστοῦ
960 4623 1221 4680 ἀθάνατον
1271 4625 1573 4703 βασιλείαν.

825 4752 1009 4809 ΜΙΙΝΙ
1050 4754 1142 4809 ΤΩ
1183 4756 1387 4813 ΑΥΤΩ.

1062 4844 1151 4899 ΙΑ“

462 4927 736 5000 ’Άθλησις
782 4928 879 4986 τοῦ
924 4930 1077 5007 ἁγίου
1114 4931 1383 5008 μάρτυρος
1412 4937 1748 5011 Μαρκιανοῦ.

349 5074 664 5148 Μαρκιανὸς
720 5076 747 5129 ὁ
805 5081 901 5130 τοῦ
959 5081 1199 5152 Χριστοῦ
1278 5080 1502 5154 μάρτυς,
1566 5083 1809 5158 ὑπῆρχεν
1871 5085 1929 5141 ἐκ

276 5171 378 5234 τῆς
410 5162 631 5227 πόλεως
658 5166 906 5224 Ἰκονίου.
936 5165 1095 5246 Νέοςλ
1129 5164 1185 5241 δὲ
1242 5163 1314 5221 ὤν
1366 5167 1630 5246 ἐδιδάχθη
1691 5174 1789 5241 τήν
1850 5173 1927 5238 είς

275 5260 517 5329 Χριστὸν
547 5255 744 5315 πίστιν,
808 5258 910 5313 Καὶ
975 5244 1289 5331 βαπτισθεὶς
1341 5244 1602 5335 ἐκήρυσσε
1665 5265 1757 5337 μὲν
1826 5274 1925 5335 την

274 5342 565 5416 ἀλήθειαν,
598 5345 813 5421 ἤλεγχε
845 5343 901 5401 δὲ
957 5348 1055 5417 τήν
1108 5352 1215 5402 τῶν
1271 5346 1519 5405 εἰδώλων
1570 5353 1779 5423 ἀπάτην
1835 5355 1925 5410 καὶ

272 5436 372 5502 τήν
421 5435 716 5506 ἀσθένειαν,
775 5437 865 5491 καὶ
925 5436 1052 5499 τοὺς
1115 5434 1523 5499 εἰδωλολάτραις
1581 5440 1920 5516 ἐπεστόμιζε.

278 5524 584 5599 Κρατηθεὶς
643 5526 734 5580 οὗν
794 5526 884 5581 ὑπ’
942 5526 1142 5597 αὐτῶν,
1195 5526 1469 5603 παρεδόθη
1530 5536 1610 5604 τῷ
1670 5529 1920 5609 ἄρχοντι.

278 5616 379 5672 Καὶ
441 5613 520 5676 είς
576 5612 810 5686 ἐξέτασιν
896 5616 1109 5692 ἀχθεὶς,
1193 5618 1549 5693 ἠναγκάζετο,
1626 5623 1760 5678 ποτε
1829 5626 1921 5697 μὲν

280 5706 609 5781 ὑποσχέσεσι
668 5708 909 5785 φθαρτῆς
988 5707 1078 5762 καὶ
1137 5706 1471 5785 προσκαίρου
1545 5716 1735 5785 τιμῆς,
1795 5715 1925 5771 ποτε

2052 3368 2409 3439 imperatore
2469 3373 2527 3421 et
2576 3367 2745 3438 Lysia
2802 3367 3052 3438 praeside
3102 3367 3467 3433 claruernut,
3491 3368 3706 3437 quibus

2052 3463 2346 3530 praeerant
2376 3458 2673 3525 Leontius,
2704 3458 3038 3525 Mauricius,
3072 3457 3279 3513 Daniel
3308 3464 3367 3512 et
3397 3458 3701 3513 Antonius.

2052 3547 2476 3617 Comprehensi
2501 3562 2657 3618 ergo.
2685 3546 2948 3618 Nicopoli
2974 3548 3034 3601 in
3059 3547 3335 3602 Armenia
3359 3548 3540 3619 Lysiae
3566 3547 3701 3602 duci

2052 3636 2387 3701 sistuntur;
2422 3636 2522 3707 qui
2556 3636 2844 3691 christum
2878 3636 3250 3702 conﬁtentes,
3286 3644 3344 3692 et
3368 3636 3528 3692 idola
3557 3654 3701 3693 con-

2052 3730 2353 3795 spuentes,
2378 3724 2719 3781 verberibus
2743 3725 2997 3796 primum
3022 3726 3333 3781 ozeduntur
3357 3744 3369 3780 :
3392 3744 3529 3783 mox
3551 3728 3703 3800 lapi-

2051 3813 2225 3868 dibus
2255 3830 2319 3869 os
2351 3819 2409 3867 et
2445 3813 2627 3869 facies
2660 3815 2745 3869 eis
2793 3815 3274 3872 contunduntur:
3306 3823 3605 3888 postremo
3637 3818 3699 3872 in

2048 3903 2378 3958 custodiam
2410 3902 2829 3959 detruduntur.
2863 3906 3007 3959 Cum
3045 3920 3180 3960 vero
3215 3922 3318 3976 per
3344 3905 3542 3977 plures
3576 3905 3701 3963 dies

2048 3992 2175 4047 sine
2208 3992 2339 4048 cibo
2386 3992 2771 4059 mansissent,
2827 3992 3063 4066 cognita
3124 4011 3328 4050 eorum
3370 3997 3705 4053 constantia

2047 4082 2267 4138 milites
2298 4084 2552 4139 carceris
2602 4083 2899 4150 custodes,
2950 4083 3166 4140 Christi
3210 4083 3388 4139 ﬁdem
3422 4103 3699 4157 suscepe-

2044 4177 2206 4225 runt.
2267 4174 2406 4226 Post
2465 4188 2494 4226 e
2553 4173 2823 4228 custodia
2880 4172 3109 4227 eductis
3168 4189 3341 4227 crura
3393 4174 3699 4229 securibus

2046 4264 2399 4314 truncantur
2418 4276 2437 4313 :
2461 4263 2519 4314 et
2539 4260 2821 4314 continuo
2845 4260 2945 4315 alii
2978 4259 3216 4330 quidem
3248 4262 3520 4315 exstincti
3548 4281 3560 4329 ;
3596 4261 3699 4315 alii

2045 4364 2182 4402 vero
2200 4347 2393 4403 adhuc
2414 4348 2710 4420 spirantes
2730 4348 2790 4402 in
2814 4348 3122 4403 ardentem
3145 4348 3445 4402 fornacem
3469 4349 3696 4419 injecti,

2046 4438 2441 4494 consummati
2493 4442 2652 4505 sunt,
2703 4437 3064 4511 accipientes
3114 4441 3385 4508 paratum
3417 4435 3529 4491 sibi
3561 4442 3697 4492 ante

2044 4527 2253 4583 'mundi
2314 4527 2801 4584 constitutionem
2842 4543 2875 4582 a
2922 4526 3152 4583 Christo
3211 4525 3545 4581 immortale
3603 4542 3698 4582 re-

1964 4623 2011 4688 D
2043 4634 2243 4691 gnum.

2623 4746 2863 4801 EODEM
2904 4744 3135 4802 MENSE

2684 4834 2787 4890 Die
2820 4833 3050 4891 decima

2220 4923 2373 4980 162
2406 4924 2690 4981 Certamen
2718 4926 2896 4980 sancti
2926 4925 3181 4994 mrrtyris
3218 4922 3510 4981 Marciani.

2113 5076 2329 5147 Martyr
2384 5076 2597 5131 Christi
2653 5078 2983 5133 Marcianus
3013 5077 3204 5148 patria
3242 5074 3589 5139 Iconiensis,
3618 5072 3690 5129 ab

2040 5163 2442 5221 adolescentia
2486 5166 2663 5222 fidem
2715 5167 2929 5222 Christi
2981 5166 3223 5222 edoctus
3256 5171 3315 5221 et
3341 5164 3688 5236 baptizatus,

2038 5254 2341 5309 veritatem
2391 5256 2769 5327 praedicabat,
2831 5262 2888 5311 et
2944 5256 3239 5311 idolorum
3279 5254 3690 5324 deceptionem

2038 5350 2628 5425 imbecillitatemque
2660 5354 3040 5427 redarguens,
3077 5352 3421 5409 idololatras
3454 5350 3691 5407 convino

2036 5439 2222 5495 cebat.
2245 5440 2329 5495 Ab
2352 5441 2470 5497 illis
2493 5442 2712 5499 idcirco
2736 5444 3226 5516 comprehensus,
3252 5440 3490 5513 praesidi
3515 5439 3690 5495 tradi-

2036 5544 2191 5607 tur,a
2221 5558 2336 5612 quo
2368 5544 2681 5614 quaestioni
2713 5543 3038 5615 subjectus,
3072 5541 3541 5614 compellebatur
3571 5555 3687 5609 qua

2034 5645 2235 5683 rerum
2266 5631 2622 5687 caducarum
2646 5639 2823 5704 atque
2856 5632 3197 5703 temporarii
3230 5630 3474 5685 honoris
3504 5627 3678 5700 polli-

2035 5718 2436 5787 citationibus,
2489 5737 2606 5792 qua
2654 5721 2852 5789 minis,
2908 5737 3123 5792 negare
3173 5720 3467 5775 Christum
3501 5723 3679 5787 atque
