4104 6196
387 307 506 366 535

1672 303 2106 368 MENOLOGII
2152 311 2247 371 PA
2264 313 2352 372 IIS
2396 315 2506 376 III.

3674 307 3793 370 536

387 437 566 496 idolis
595 436 928 492 immolare.
963 435 1227 503 Cumque
1249 437 1494 503 negaret
1515 448 1576 487 se
1599 432 1658 488 id
1687 436 2034 493 commissu-

2154 437 2212 494 δὶ
2241 441 2515 514 ἀπειλαῖς,
2570 444 2902 516 ἀρνήσασθαι
2964 441 3058 514 μὶν
3105 440 3200 495 τὸν
3230 439 3494 514 Χριστὸν,
3527 443 3682 503 θῦσαι
3738 437 3800 495 δὶ

386 545 544 595 rum,
577 531 636 582 et
665 523 935 599 praesidis
985 521 1140 575 dicto
1191 519 1436 574 minime
1477 521 1902 592 acquiesceret,
1937 526 2034 581 sed

2149 536 2264 593 τοῖς
2315 529 2591 593 εἰδώλοις.
2645 533 2736 600 Mi;
2796 529 3035 594 πεισθεὶς
3083 526 3140 584 δὶ
3193 533 3315 590 τοῖς
3369 532 3467 583 τοῦ
3525 529 3794 604 ἄρχοντος

389 618 584 690 potius
615 630 812 670 coram
845 610 1062 682 populo
1086 608 1384 663 Christum
1413 609 1820 679 conﬁteretur,
1853 629 2042 670 cassus

387 708 448 763 in
479 718 774 762 carcerem
803 697 1160 756 detruditur.
1188 697 1313 752 Mox
1339 697 1568 753 vinctus
1599 699 1738 756 inde
1770 700 2037 769 eductus,

387 812 594 852 rursus
623 789 863 865 praesidi
899 787 1165 844 sistitur:
1201 804 1454 860 cumque
1483 789 1544 844 in
1576 790 1784 846 eadem
1816 793 2043 848 confes-

391 884 556 939 sione
578 881 941 953 persisteret,
963 878 1118 934 ferro
1143 877 1323 933 facies
1355 879 1485 949 ejus
1503 878 1855 950 depectitur,
1876 881 2039 936 nervi

383 970 846 1035 interciduntur,
907 973 965 1022 et
1011 967 1206 1040 gladio
1261 966 1464 1039 lingua
1493 974 1817 1040 amputata,
1863 987 2041 1042 super

383 1060 662 1116 ardentes
683 1058 972 1114 carbones
989 1057 1328 1128 deponitur.
1354 1058 1658 1112 Postremo
1684 1057 2034 1129 decollatus,

386 1147 656 1220 martyrii
687 1162 930 1203 cursum
963 1144 1416 1200 consummavit.

453 1450 521 1504 Et
546 1445 819 1502 memoria
860 1442 1526 1567 miraculihceleberrimz
1565 1443 1828 1514 martyris
1854 1444 1964 1498 Eu-

1079 1529 1116 1567 υ
1161 1528 1338 1567 emtas.

1075 1528 1338 1584 pnemtae.

457 1634 782 1692 Theodosio
807 1633 1048 1705 juniore
1109 1630 1458 1704 imperante,
1492 1629 1715 1704 prodiit
1742 1631 2035 1704 Eutyches

387 1725 713 1782 monachus
744 1729 802 1779 et
841 1722 1170 1796 presbyter,
1216 1720 1512 1776 haereseos
1555 1725 1781 1789 auctor,
1815 1721 2034 1777 docens

2151 617 2358 696 λόγοις,
2416 620 2562 677 ἀλλά
2622 621 2834 695 μᾶλλον
2894 619 3124 676 ἐνώπιον
3172 616 3356 692 δήμου
3411 619 3504 674 τὸν
3556 619 3789 694 Χριστὸν

2149 706 2526 786 ὁμολογήσας,
2577 711 2794 788 τυφθεὶς
2846 709 3177 779 ἀπεκλείσθη
3239 707 3316 770 εἷς
3361 706 3632 786 φυλακήν.
3687 707 3790 764 Καὶ

2152 798 2286 870 μετά
2313 803 2476 854 τοῦτο
2533 806 2633 870 τῆς
2685 799 2933 877 φυλακῆς
2996 796 3216 871 δέσμιος
3265 797 3522 870 ἐξελθὼν,
3569 796 3659 852 καὶ
3713 801 3794 870 τῷ

2146 883 2379 962 ἄρχοντι
2429 891 2730 964 παραστὰς,
2783 887 2873 944 καὶ
2930 891 3029 958 τῆς
3080 888 3251 958 αὐτῆς
3310 886 3614 962 ὁμολογίας
3665 886 3794 963 ἐχό-

2150 996 2330 1048 μενος,
2364 976 2546 1050 έξέσθη
2608 980 2671 1034 τὸ
2730 980 3023 1052 πρόσωπον
3083 975 3355 1052 σιδήροις’
3403 977 3493 1033 καὶ
3535 977 3603 1033 τὰ
3630 981 3792 1048 νεῦρα

2148 1061 2399 1136 διεκόπη,
2429 1067 2518 1121 καὶ
2544 1069 2615 1140 τῇ
2646 1067 2891 1144 μαχαίρᾳ
2917 1069 3016 1137 τὴν
3077 1065 3332 1143 γλῶσσαν
3391 1065 3644 1138 ἐξεκόπη,
3699 1068 3790 1122 καὶ

2145 1153 2233 1208 ἐπὶ
2320 1153 2557 1233 ἐσχάρας
2613 1158 3116 1234 πεπυρακτωμένης
3197 1156 3373 1228 ἐτέθη.
3462 1156 3561 1212 Καὶ
3630 1152 3791 1220 τέλος

2144 1243 2280 1321 ξίφει
2310 1249 2412 1316 τὴν
2460 1247 2706 1326 κεφαλὴν
2766 1249 3131 1324 ἀποτμηθεὶς,
3190 1249 3280 1305 τὸν
3337 1253 3436 1306 τοῦ
3491 1248 3789 1326 μαρτυρίου

2145 1330 2350 1410 δρόμον
2377 1334 2717 1414 ἐπλήρωσεν.

2145 1447 2246 1506 Καὶ
2278 1449 2576 1526 ἀνάμνησις
2603 1459 2700 1510 τοῦ
2728 1457 3012 1532 γεγονότος
3045 1455 3320 1532 βαῦματος
3351 1462 3453 1526 τῆς
3507 1457 3787 1532 πανιυφή·

2571 1547 2676 1600 μου
2711 1527 2982 1605 μάρτυρος
3047 1527 3358 1607 Εὐφημίας.

2213 1639 2336 1697 Ἐπὶ
2361 1648 2460 1712 τῆς
2494 1643 2770 1720 βασιλείας
2825 1641 3114 1702 Θεοδοσίου
3167 1648 3386 1721 μικροῦ,
3419 1643 3674 1720 Εὖτυχής
3702 1665 3788 1706 τις

2145 1729 2388 1805 μοναχὸς
2417 1732 2508 1787 καὶ
2564 1730 2928 1810 πρεσϐύτερος
2958 1735 3176 1810 γέγονεν
3228 1733 3484 1810 αἱρέσεως
3516 1734 3786 1810 ἀρχηγὸς,

383 1815 614 1872 Christo
650 1815 898 1870 Domino
930 1817 1133 1869 nostro
1167 1827 1346 1867 unam
1377 1817 1652 1867 naturam
1683 1813 1900 1867 inesse.
1935 1813 2031 1868 Se-

2144 1815 2312 1893 λέγων
2373 1820 2461 1876 ἐπὶ
2515 1824 2746 1899 Χριστοῦ
2801 1823 2999 1901 Κυρίου
3057 1826 3219 1898 ἡμῶν
3277 1821 3406 1897 μίαν
3437 1823 3789 1899 φύσιν.Καθ-

382 1910 655 1980 gregatus
705 1903 926 1958 idcirco
979 1919 1009 1957 e
1060 1901 1328 1956 ﬁdelium
1383 1901 1804 1957 communione
1840 1902 2034 1958 aFla-

389 1995 558 2051 viano
591 1993 1246 2066 Constantinopolitano
1297 1993 1652 2065 patriarcha,
1685 2010 1805 2049 non
1838 1998 2038 2049 tamen

388 2086 639 2144 cessavit
666 2083 988 2140 Ecclesiam
1015 2083 1383 2155 perturbare.
1403 2084 1546 2139 Cum
1568 2088 1766 2139 autem
1799 2088 2039 2138 sanctus

388 2175 719 2231 Marcianus
765 2173 1082 2246 imperium
1123 2172 1372 2245 adeptus
1403 2171 1697 2245 synodum
1729 2177 2038 2228 sexcento-

387 2281 520 2321 rum
546 2281 614 2320 ac
645 2263 886 2336 triginta
915 2265 1156 2318 Patrum
1178 2267 1577 2327 convocasset,
1604 2268 1818 2318 etcum
1849 2261 2041 2318 haere-

387 2354 518 2412 ticis
547 2353 997 2425 disceptaretur,
1028 2352 1253 2424 placuit
1293 2351 1604 2415 universis,
1637 2350 1785 2406 duos
1825 2356 2038 2419 tomos,

386 2444 638 2501 alterum
670 2442 1157 2507 orthodoxorum,
1191 2440 1446 2496 alterum
1489 2440 1906 2496 haereticorum
1938 2457 2037 2496 ex-

383 2533 525 2606 poni
577 2537 900 2606 apertaque
952 2530 1229 2602 martyris
1293 2545 1465 2594 urna,
1523 2534 1712 2584 tomos
1769 2527 2038 2601 ejusdem

381 2621 605 2695 pectori
639 2620 1066 2692 superimponi,
1112 2623 1168 2673 et
1216 2618 1288 2674 ab
1343 2617 1448 2674 illa
1476 2617 1789 2689 probatum
1826 2618 2036 2674 teneri.

382 2710 536 2766 168
570 2710 688 2764 Hoc
719 2708 873 2764 facto
903 2712 1036 2779 post
1092 2723 1193 2762 sex
1249 2707 1376 2763 dies
1433 2723 1646 2762 urnam
1678 2712 2034 2776 reserantes,

382 2802 736 2870 repererunt
765 2796 1179 2852 haareticorum
1215 2795 1456 2867 quidem
1480 2801 1706 2850 tomum
1738 2795 1845 2850 sub
1877 2795 2037 2869 pedi-

383 2890 494 2945 bus
542 2888 672 2960 ejus
720 2886 1001 2959 positum,
1053 2885 1518 2942 orthodoxorum
1573 2901 1708 2942 vero
1767 2885 2036 2958 ejusdem

385 2994 568 3034 manu
597 2977 874 3031 retinere.
909 2977 1099 3046 Atque
1158 2975 1240 3030 ita
1296 2975 1558 3031 hmretici
1615 2973 1844 3030 confusi
1875 2979 2034 3044 sunt,

386 3065 698 3124 orthodoxi
729 3082 863 3122 vero
894 3081 1126 3120 summo
1156 3064 1368 3138 gaudio
1400 3065 1615 3122 affecti.

635 3294 702 3348 Et
729 3299 999 3348 certamen
1045 3293 1224 3346 sancti
1263 3289 1471 3346 Cindzi
1501 3294 1783 3361 martyris.

456 3415 672 3485 Martyr
700 3411 916 3467 Christi
941 3409 1213 3466 Cindmus
1235 3410 1544 3482 presbyter
1573 3410 1838 3466 ecclesias
1867 3411 2035 3467 urbis

383 3501 570 3568 Sides,
601 3503 958 3574 imperatore
991 3499 1380 3564 Diocletiano,
1413 3499 1644 3556 delatus
1687 3500 1842 3573 apud
1877 3503 2032 3557 Stra-

382 3593 646 3648 tonicum
678 3591 1046 3664 praafectum.
1081 3589 1239 3662 quod
1269 3590 1564 3646 Christum
1597 3591 1838 3650 coleret.
1872 3609 2034 3649 com-

381 3683 711 3755 prehensus
735 3685 857 3736 est:
883 3684 941 3734 et
962 3679 1382 3735 calceamentis
1408 3680 1617 3735 ferreis
1644 3681 1832 3736 acutis
1854 3682 2034 3738 clavis

386 3771 635 3828 conﬁxis
665 3769 984 3831 calceatus.
1019 3774 1196 3840 atque
1241 3785 1276 3824 a
1330 3768 1641 3824 lictoribus
1671 3771 2032 3838 verberatus,

377 3877 616 3918 currere
647 3857 1028 3930 compellitur
1057 3874 1163 3929 per
1209 3857 1387 3926 viam,
1421 3875 1552 3929 qua:
1579 3858 1744 3914 ducit
1772 3858 1846 3914 ad
1878 3875 2029 3928 eam,

378 3966 557 4023 quam
604 3952 817 4003 vocant
873 3946 1110 4002 Sacram
1171 3950 1419 4002 Portam.
1475 3946 1741 4019 Cumque
1794 3948 2034 4004 lictores

2144 1912 2376 1984 αιρεοείς
2409 1913 2500 1968 οῦν
2535 1911 2623 1969 διά
2651 1920 2813 1970 τοῦτο
2871 1915 2976 1971 ὐπὸ
3015 1910 3332 1971 Φλαϐιανοῦ
3361 1912 3458 1970 τοῦ
3495 1917 3784 1972 Κωνστανο

2141 2001 2513 2066 τινουπόλεως
2569 2007 2938 2082 πατριάρχου,
2999 2005 3152 2078 ὅμως
3230 2004 3329 2061 οὐκ
3413 2005 3640 2060 ἐπαύετο
3683 2009 3783 2061 τοῦ

2139 2092 2421 2167 ταράσσειν
2452 2095 2551 2164 τήν
2605 2093 2956 2166 Ἐκκλησίαν.
3015 2097 3300 2172 Κρατήσας
3361 2092 3418 2151 δὶ
3467 2102 3569 2165 τῆς
3631 2095 3784 2171 βασι·

2143 2178 2297 2245 λείας
2357 2183 2384 2237 ὁ
2443 2183 2495 2238 ἐν
2548 2183 2724 2260 ἁγίοις
2783 2186 3114 2261 Μαρκιανὸς,
3149 2185 3497 2256 ἐξεκαλέσατο
3557 2184 3782 2241 σύνοδον

2144 2271 2432 2342 ἑξακοσίων
2492 2275 2778 2350 τριάκοντα
2835 2276 3113 2350 Πατέρων.
3173 2275 3272 2331 Καὶ
3328 2275 3629 2350 γενομένης
3689 2281 3788 2346 ζη-

2141 2364 2350 2431 τήσεως
2384 2363 2518 2435 μετά
2547 2368 2653 2418 τῶν
2713 2366 3020 2438 αἱρετικῶν,
3069 2361 3232 2440 ἤρεσε
3291 2367 3474 2435 πᾶσιν,
3509 2363 3790 2434 ἐκτεθῆναι

2144 2447 2240 2505 δύο
2270 2451 2495 2524 τόμους,
2527 2449 2619 2508 ἕνα
2674 2458 2783 2509 τῶν
2843 2451 3172 2529 όρθοδόξων,
3228 2453 3317 2508 καὶ
3373 2449 3466 2509 ἳνα
3501 2458 3609 2508 τῶν
3640 2454 3791 2527 αἱρε-

2141 2545 2330 2596 τικῶν·
2388 2542 2481 2598 καὶ
2539 2542 2818 2621 ἀνοιγῆναι
2877 2546 2977 2614 τήν
3038 2541 3276 2620 λάρνακα
3329 2550 3429 2614 τῆς
3491 2550 3789 2620 μάρτυρος,

2139 2633 2229 2685 καί
2260 2639 2480 2701 τεθῆναι
2514 2632 2641 2696 τοὺς
2678 2633 2882 2707 τόμους
2915 2632 3001 2690 ἐπὶ
3034 2637 3131 2688 τοῦ
3189 2635 3421 2705 στήθους
3479 2633 3664 2704 αὐτῆς,
3699 2633 3787 2688 καὶ

2137 2721 2230 2778 τὸν
2264 2721 2628 2795 έκθησόμενον
2660 2727 2788 2798 παρ’
2845 2725 3057 2796 ἐκείνης
3114 2728 3392 2801 κρατῦναι.
3437 2723 3533 2781 Καὶ
3588 2723 3785 2780 τούτου

2139 2811 2456 2888 γενομένου,
2513 2815 2647 2887 μετά
2697 2815 2758 2869 οὐ
2810 2811 3026 2877 πολλὰς
3083 2814 3176 2877 τάς
3231 2813 3442 2890 ἡμέρας
3485 2813 3786 2885 ἀνοίξαντες

2140 2903 2238 2971 τήν
2273 2900 2535 2978 λάρνακα,
2592 2901 2746 2979 εῦρον
2801 2905 2891 2959 τὸν
2951 2905 3047 2978 μὲν
3101 2908 3210 2960 τῶν
3266 2906 3549 2978 αἱρετικῶν
3607 2905 3778 2977 τόμον

2143 2990 2246 3048 ὑπὸ
2276 2990 2404 3055 τοὺς
2431 2990 2602 3056 πόδας
2635 2992 2804 3064 αὐτῆς
2831 2993 3105 3068 κείμενον,
3136 2995 3227 3050 τὸν
3275 2991 3333 3048 δὲ
3384 2997 3492 3048 τῶν
3553 2989 3782 3069 ὀρθοδό-

2144 3082 2246 3152 ξων
2280 3081 2332 3138 ἐν
2367 3087 2436 3158 τῇ
2469 3083 2618 3160 χειρὶ
2651 3083 3046 3160 κατεχόμενον.
3082 3085 3180 3140 Καὶ
3221 3083 3364 3140 οὕτω
3426 3085 3520 3158 μὲν
3577 3081 3786 3159 ᾐσχύν-

2062 3195 2106 3264 C
2147 3181 2314 3243 θησαν
2347 3172 2400 3228 οἱ
2429 3173 2716 3250 αἱρετικοὶ,
2748 3173 3116 3253 εὐφράνθησαν
3150 3171 3208 3230 δὶ
3247 3175 3299 3230 οἱ
3335 3170 3639 3251 ὀρθόδοξοι.

2315 3293 2415 3350 Καὶ
2451 3290 2679 3364 ἄθλησις
2700 3297 2796 3348 τοῦ
2826 3294 2980 3371 ἁγίου
3021 3295 3296 3371 μάρτυρος
3327 3291 3604 3353 Κινδαίου.

2206 3410 2268 3465 Ὁ
2297 3412 2392 3464 τοῦ
2423 3411 2658 3483 Χριστοῦ
2701 3410 2907 3486 μάρτυς
2966 3408 3221 3474 Κινδαῖος
3270 3412 3336 3481 ἦν
3399 3412 3496 3484 μέν
3545 3407 3784 3484 πρεσϐύ-

2134 3519 2290 3574 τερος
2319 3505 2418 3569 τῆς
2449 3497 2500 3553 ἐν
2538 3495 2671 3574 Σίδῃ
2731 3502 2800 3573 τῇ
2863 3497 3022 3555 πόλει
3083 3497 3394 3571 ἐκκλησίας·
3430 3499 3518 3556 ἐπὶ
3570 3497 3628 3556 δὶ
3681 3505 3780 3566 τῆς

2141 3586 2420 3662 βασιλείας
2479 3586 2874 3658 Διοκλητιανοῦ
2959 3591 3358 3662 καταμηνυθεῖς
3437 3593 3783 3666 Στρατονίκῳ

2135 3682 2212 3750 τῷ
2268 3676 2522 3753 ἡγεμόνι,
2589 3679 2672 3733 δτι
2727 3677 2820 3733 τὸν
2881 3679 3109 3754 Χριστὸν
3197 3674 3432 3750 σέϐεται,
3481 3679 3776 3754 ἐκρατήθηο

2133 3765 2223 3821 καὶ
2259 3763 2542 3830 ὑπσδεθεῖς
2576 3763 2903 3839 ὑποδήματα
2933 3765 3131 3842 σιδηρᾶ
3189 3767 3325 3842 μετά
3381 3767 3534 3839 ἥλων
3594 3770 3779 3843 ὀξέων,

2135 3855 2447 3931 ἠναγκάσθη
2515 3857 2734 3932 τρέχειν
2794 3858 2930 3912 κατά
2984 3859 3084 3928 τήν
3144 3855 3269 3914 ὁδὸν
3355 3859 3455 3927 τήν
3514 3861 3778 3936 φέρουσαν

2136 3946 2272 4018 πρὸς
2301 3945 2401 4012 τὴν
2434 3943 2738 4019 λεγομένην
2798 3947 2964 4021 Ἱερὰν
3009 3945 3220 4018 Πύλην,
3279 3947 3616 4020 τυπτόμενος
3675 3949 3778 4004 ὑπὸ

377 4039 724 4097 mandatum
757 4037 1066 4103 haberent,
1097 4040 1165 4092 ut
1194 4052 1328 4091 eum
1379 4035 1636 4092 ﬂammis
1667 4037 2030 4109 addicerent,

2144 4038 2241 4089 τῶν
2274 4031 2512 4106 δημίων.
2572 4035 2720 4092 Ἑπεὶ
2780 4031 2836 4089 δὶ
2889 4035 3212 4110 πρόσταγμα
3261 4035 3413 4112 εἶχον
3471 4038 3523 4093 οἱ
3583 4034 3778 4109 δήμιοι

378 4129 608 4184 obviam
639 4127 777 4183 facti
809 4124 1043 4181 cuidam
1067 4125 1332 4197 pauperi,
1357 4126 1458 4198 qui
1481 4125 1776 4198 lignorum
1809 4133 2034 4184 struem

2144 4127 2328 4178 καῦσαι
2388 4123 2570 4194 αὐτὸν,
2628 4124 2941 4195 ὑπήντησαν
2999 4122 3056 4180 δέ
3112 4146 3218 4179 τινι
3278 4126 3470 4197 πένητι
3549 4127 3778 4204 φορτίον

377 4217 626 4283 ferebat,
654 4223 720 4272 ut
747 4215 852 4271 illa
878 4215 1116 4270 vendita
1145 4215 1341 4270 cibum
1373 4215 1485 4271 sibi
1518 4223 1907 4289 compararet,
1942 4235 2034 4274 vo-

2144 4214 2475 4288 βαστάζοντα
2533 4213 2734 4286 ξύλων,
2827 4211 3089 4286 μέλλοντι
3158 4214 3295 4270 αὖτά
3357 4215 3634 4288 πωλῆσαι,
3690 4220 3779 4272 καὶ

381 4307 582 4364 lebant
610 4323 739 4364 eam
779 4305 989 4360 tollere
1034 4321 1154 4360 non
1204 4304 1398 4360 soluto
1431 4306 1642 4377 pretio,
1676 4312 1734 4361 et
1763 4313 2032 4363 sanctum

2144 4305 2421 4381 τραφῆναιο
2461 4303 2549 4358 καὶ
2609 4298 2906 4358 ἐϐούλοντο
2963 4304 3195 4376 ἁρπάσαι
3251 4302 3479 4379 δωρεὰν,
3511 4306 3598 4361 καὶ
3652 4312 3785 4362 καῦ-

378 4397 830 4454 comburere.At
859 4393 961 4449 ille
995 4394 1250 4466 pretium
1282 4395 1524 4466 pauperi
1558 4395 1752 4451 dedit:
1788 4401 1845 4450 et
1873 4397 2034 4470 ligna

2144 4413 2224 4446 σαι
2255 4392 2347 4446 τὸν
2378 4391 2551 4464 ἅγιον·
2577 4391 2737 4453 αὐτὸς
2797 4389 2854 4446 δὲ
2912 4387 3160 4446 ἐκϐαλὼν
3217 4394 3280 4447 τὸ
3307 4393 3547 4468 τίμημα,
3581 4393 3785 4452 δέδωκε

379 4485 644 4542 humeris
675 4484 1166 4556 suisimponens,
1219 4483 1293 4537 ad
1342 4483 1538 4539 locum
1590 4485 1863 4558 supplicii
1895 4504 2031 4560 per-

2144 4485 2214 4553 τῷ
2243 4480 2461 4550 πένητι,
2494 4479 2717 4544 καὶθεῖς
2761 4482 2828 4535 τὰ
2876 4479 3008 4550 ξύλα
3068 4479 3157 4536 ἐπὶ
3210 4485 3321 4538 τῶν
3379 4481 3531 4539 ἰδίων
3588 4484 3780 4559 ὥμων,

377 4576 550 4640 rexit,
585 4587 1023 4642 accensumque
1065 4587 1272 4643 rogum
1323 4571 1522 4626 subiit.
1574 4573 1685 4626 Sed
1716 4573 2034 4632 incolumis

2144 4569 2406 4627 κατέλαϐε
2436 4572 2528 4626 τὸν
2557 4572 2724 4626 τόπον
2775 4577 2876 4640 τῆς
2902 4569 3236 4636 τελεώσεως.
3299 4574 3400 4631 Καὶ
3453 4574 3780 4652 ἀναφθείσης

376 4663 650 4730 evadens,
683 4661 1050 4717 sacerdotem
1081 4659 1376 4714 idolorum
1407 4676 1529 4715 una
1557 4677 1690 4716 cum
1723 4679 1902 4720 uxore
1935 4666 2029 4721 in-

2144 4659 2398 4736 καμίνου,
2433 4658 2681 4730 εἰσῆλθεν
2741 4659 2794 4714 έν
2849 4661 3009 4733 auri“
3071 4662 3160 4716 καὶ
3210 4663 3334 4718 τότε
3393 4665 3488 4736 μὶν
3548 4665 3780 4736 ἐξελθὼν

373 4751 561 4815 duxit,
584 4755 651 4806 ut
675 4749 890 4807 Christi
923 4747 1102 4804 fidem
1133 4747 1654 4818 amplecterentur.
1685 4753 1931 4810 Demum
1964 4756 2025 4811 in

2144 4744 2416 4818 ἀϐλαϐὴς,
2475 4750 2838 4823 παρεσκεύασε
2892 4750 2982 4805 τὸν
3069 4749 3216 4826 ἱερέα
3270 4756 3352 4825 τῷ
3409 4749 3654 4809 εΐδώλων
3687 4754 3779 4811 σῦν

373 4841 643 4897 oratione
675 4839 950 4910 spiritum
984 4835 1261 4892 reddidit.
1295 4839 1436 4910 Ejus
1462 4854 1594 4895 vero
1623 4841 1889 4913 reliquias
1917 4845 2024 4900 ho-

2144 4843 2200 4910 τῇ
2257 4838 2468 4914 γυναικὶ
2537 4838 2700 4894 αὑτοῦ
2757 4838 3035 4894 πιστεῦσαι
3119 4843 3356 4916 Χριστῷ.
3410 4843 3666 4918 Ὕστερον
3723 4841 3780 4899 δὲ

373 4928 618 4986 norifice
652 4925 905 4984 condita
938 4931 1096 4982 sunt.

2144 4928 2426 5001 εὐξάμενος
2454 4925 2738 5002 παρέδωκε
2791 4929 2855 4984 τὸ
2882 4932 3112 5000 πνεῦμα.
3145 4929 3219 4987 Τὸ
3252 4927 3309 4985 δὶ
3341 4929 3592 5006 λείψανον
3619 4932 3782 4989 αὐτοῦ

2138 5019 2308 5095 ἐτάφη
2343 5018 2598 5092 ἐντίμως.

1103 5197 1199 5216 ,ω
1233 5197 1247 5216 .
1329 5199 1340 5210 .
1385 5214 1392 5216 ξ
2685 5135 2865 5192 MHNI
2903 5140 2992 5212 1'9
3031 5137 3234 5216 ΛΥἹᾮ.

957 5197 1060 5254 Die
1092 5197 1445 5257 duodecima
2907 5197 3013 5287 ιέρ.

444 5291 728 5346 Certamen
755 5293 1070 5344 sanctorum
1098 5295 1403 5357 martyrum
1433 5289 1618 5346 Procli
1641 5297 1693 5346 et
1715 5293 1944 5348 Hilarii.

2276 5313 2548 5382 Ἀθλησις
2605 5319 2714 5370 τῶν
2745 5315 2917 5392 ἁγίων
2949 5315 3237 5392 μαρτύρων
3273 5319 3529 5392 Πρόκλου
3560 5323 3649 5376 καὶ

2831 5385 3092 5463 Ἱλαρίου.

2159 5495 2170 5503 Ἀ
2211 5503 2466 5576 Πρόκλος
2494 5506 2581 5560 κατ
2614 5502 2879 5580 Ἰλάριος,
2937 5504 2988 5557 οἱ
3045 5505 3145 5558 to:
3201 5505 3436 5579 Χριστοῦ
3496 5506 3782 5582 μάρτυρες,

2140 5594 2394 5671 ὑπῆρχον
2425 5593 2510 5650 ἐπὶ
2541 5597 2639 5664 τῆς
2683 5591 2962 5670 βασιλείας
3007 5597 3273 5670 Τραϊανοῦ
3330 5593 3388 5650 ἐκ
3433 5602 3533 5667 τῆς
3567 5596 3782 5660 πόλεως

2137 5685 2425 5759 Ἀγκύρας.
2460 5684 2778 5762 Χριστιανοὶ
2835 5679 2891 5738 Si
2949 5677 3098 5745 ὅντες
3150 5682 3441 5760 ἐκήρυττον
3501 5687 3592 5742 τὸν
3645 5687 3778 5764 Χριο

443 5496 687 5553 Proclus
740 5502 800 5552 et
853 5495 1110 5552 Hilarius
1165 5497 1381 5552 Christi
1439 5505 1730 5571 martyres
1774 5516 1844 5556 ex
1875 5500 2019 5557 urbe

373 5595 604 5662 Ancyra
634 5585 893 5655 oriundi,
953 5586 1202 5660 Trajano
1259 5588 1611 5660 imperante,
1673 5605 1805 5646 cum
1855 5590 2019 5648 Chri-

370 5677 544 5733 stiani
571 5680 789 5746 essent,
808 5673 1228 5746 Christumque
1249 5675 1666 5746 praedicantes,
1685 5680 2019 5753 complures
