4104 6196
307 328 429 387 537

1872 323 2162 387 JULlUS-

3610 352 3729 410 538

316 459 467 522 στὸν,
524 459 614 514 καὶ
671 457 920 521 πολλοὺς
974 462 1083 513 τῶν
1140 460 1381 514 ἀπίστων
1450 459 1776 535 ἐπέστρεφον
1835 457 1940 531 πρὸ

2082 464 2418 522 inﬁdelium
2447 470 2521 525 ad
2552 470 2722 527 illum
2772 474 3189 543 traducerent;
3221 479 3449 550 primus
3481 484 3722 540 Proetus

316 548 501 604 αὐτόν.
534 554 763 623 Πρῶτος
822 548 913 603 οὗν
972 549 1261 622 κρατηθεὶς
1313 552 1459 623 παρὰ
1512 552 1621 603 τῶν
1661 545 1938 603 εἶ’δωλολα

2077 554 2149 608 ab
2183 556 2515 615 idololatria
2546 564 3032 635 comprehensus,
3077 545 3420 641 imperatori
3454 573 3719 630 sistitur:

311 642 455 711 τρῶν
508 640 536 695 ὁ
592 637 866 710 Πρόκλος,
924 640 1165 712 παρέστη
1232 638 1459 693 ἐνώπιον
1515 642 1611 693 τοῦ
1674 638 1964 713 βασιλέως.

310 730 414 789 Καὶ
446 729 769 801 ἐξετασθείς,
827 729 917 784 καὶ
972 730 1063 784 τὸν
1123 730 1358 805 Χριστὸν
1409 728 1494 783 ἐπὶ
1527 728 1716 783 πλεῖον
1745 726 1965 799 ὁμολο-

308 824 506 895 γήσας,
563 817 782 893 ἐξεδόθη
843 817 1131 893 Μαξιμίνῳ
1188 824 1268 892 τῷ
1321 819 1572 895 ἡγεμόνι.
1623 819 1726 875 Καὶ
1755 837 1964 894 κρεμα-

303 912 445 972 σθεῖς
497 908 681 979 ἐξέσθη
744 906 1014 981 σιδήροις,
1074 910 1163 963 καὶ
1224 908 1471 981 λαμπάσι
1504 909 1678 982 πυρὸς
1730 907 1831 975 τὴν
1862 927 1965 979 γα-

305 999 466 1074 στέρα
523 999 612 1053 καὶ
667 999 764 1059 τὰς
824 996 1065 1071 πλευρὰς
1123 998 1380 1068 κατεκάη.
1444 996 1545 1053 Καί
1609 997 1742 1070 μετᾶ
1795 999 1963 1051 ταῦτα

304 1085 596 1160 δεξάμενος
681 1088 952 1165 ἀπόφασιν
1053 1090 1154 1141 τοῦ
1236 1087 1709 1157 κατατοξευθῆναι,
1791 1084 1960 1159 ἤγετο

296 1178 510 1253 γυμνὸς
569 1175 655 1231 ἐπὶ
714 1176 805 1231 τὸν
865 1176 1038 1230 τόπον
1104 1183 1206 1246 τῆς
1260 1173 1613 1239 τελειώσεως.
1676 1173 1772 1228 Καὶ
1824 1174 1961 1228 κατὰ

292 1266 392 1334 τήν
441 1264 569 1321 ὁδὸν
622 1265 956 1335 συναντήσας
1002 1264 1227 1340 Ἱλαρίῳ
1276 1269 1354 1336 τῷ
1392 1264 1597 1337 ἀνεψιῷ
1646 1264 1836 1331 αὐτοῦ,
1867 1261 1957 1317 καὶ

292 1354 676 1426 ἀσπασάμενος
732 1352 915 1421 αὐτὸν,
972 1351 1186 1428 ἐγένετο
1240 1351 1414 1415 αἴτιος
1469 1356 1567 1407 τοῦ
1618 1358 1956 1427 κρατηθῆναι

298 1441 483 1498 αὐτόν.
546 1442 652 1498 Καὶ
713 1441 870 1504 αὐτὸς
930 1442 1024 1514 μὶν
1097 1441 1418 1518 κρεμασθεὶς
1472 1441 1559 1496 ἰπὶ
1626 1440 1813 1512 ξύλου,
1865 1439 1956 1494 καὶ

295 1532 545 1607 σαγίταις
605 1533 1010 1602 ωτατοξευθεὶς
1070 1529 1352 1606 παρέδωκε
1407 1532 1469 1587 τὸ
1521 1534 1752 1605 πνεῦμα.
1786 1531 1847 1588 Ὀ
1899 1527 1957 1585 δὲ

292 1622 536 1699 Ἱλάριος
564 1624 784 1688 τυφθεὶς
833 1624 925 1677 καὶ
985 1622 1209 1694 ξεσθεὶς,
1266 1623 1355 1679 καὶ
1406 1621 1495 1678 ἐπὶ
1558 1621 1718 1695 μίλια
1746 1621 1956 1696 γυμνὸς

294 1712 639 1783 καταπρεῖς,
662 1716 973 1768 τελευταῖον
1004 1711 1144 1789 ξίφει
1173 1713 1274 1781 τὴν
1298 1712 1540 1790 κεφαλὴν
1574 1710 1811 1784 ἐτμήθη.

435 1829 541 1885 Καὶ
576 1826 805 1900 ἄθλησις
855 1826 952 1895 τῆς
984 1827 1138 1904 ἁγίας
1171 1827 1445 1905 μάρτυρος
1476 1825 1807 1903 Γολινδούχ.

362 1947 427 2003 Ἡ
457 1949 558 2001 τοῦ
590 1947 829 2022 Χριστοῦ
863 1946 1071 2019 μάρτυς
1132 1941 1464 2018 Γολινδοὺχ,
1515 1942 1732 2020 ὑπῆρχε
1767 1944 1861 2017 μὶν
1896 1943 1955 1999 ἐκ

286 2042 387 2104 τῆς
423 2032 683 2109 Περσίδος
736 2032 825 2089 ἐπὶ
876 2041 975 2104 τῆς
1032 2032 1309 2109 βασιλείας
1354 2032 1679 2107 Μαυρικίου’
1722 2034 1951 2105 συνῴκει

291 2122 348 2180 δὲ
409 2122 562 2197 ἀνδρὶ
621 2123 943 2200 ἆρχιμάγῳ.
1021 2124 1118 2179 Ι(αὲ
1198 2123 1299 2198 ὁρᾷ
1354 2120 1583 2198 ἄγγελον
1646 2127 1779 2178 Θεοῦ
1832 2129 1952 2187 καθ’

291 2214 492 2276 ὕπνους
553 2210 864 2268 δεικνύοντα
940 2212 1076 2288 αὐτῇ
1151 2212 1318 2267 τόπον
1376 2212 1657 2290 φωτεινὸν,
1717 2207 1840 2266 ἔνθα
1898 2212 1949 2266 ot

291 2300 492 2357 δίκαιοι
524 2301 802 2378 ἐχόρευον,
851 2300 941 2356 γαί
987 2297 1170 2376 ἕτερον
1222 2301 1517 2371 σκοτεινὸν,
1547 2300 1597 2354 ἐν
1629 2300 1675 2373 ᾧ
1706 2300 1758 2355 ot
1790 2297 1949 2354 εἰδω-

293 2389 560 2468 λολάτραι
592 2392 981 2467 ἐτιμωροῦντο.
1029 2391 1135 2447 Καὶ
1184 2387 1525 2462 δοκιμάσασα
1578 2388 1837 2453 εἰσελθεῖν
1871 2390 1949 2451 εἷς

290 2487 382 2537 τὸν
414 2482 678 2554 φωτεινὸν
725 2484 921 2550 τόπον,
956 2479 1231 2552 ἐκωλὺθη,
1287 2479 1531 2542 εἰπόντος
1560 2484 1657 2535 τοῦ
1688 2480 1945 2555 αγγὲλου,

291 2576 374 2629 δτι
407 2573 530 2631 Ἐὰν
569 2573 644 2646 μή
704 2572 836 2648 γένῃ
892 2572 1215 2646 Χριστιανοὶ),
1272 2569 1371 2625 οὐκ
1420 2568 1658 2647 είσὲρχῃ.
1687 2570 1947 2643 Ἐξυπνος

294 2658 351 2717 δὲ
378 2660 673 2739 γενομένη,
733 2660 860 2736 παρ’
916 2657 1052 2714 αὐτὰ
1108 2652 1431 2729 ἐϐαπτίσθη.
1494 2657 1591 2713 Καὶ
1646 2663 1948 2733 γνωσθεῖσα

292 2756 438 2827 παρὰ
464 2755 565 2807 τοῦ
596 2747 791 2825 ἀνδρὸς
822 2749 993 2815 αὐτῆς
1034 2749 1126 2803 καὶ
1155 2752 1256 2802 τοῦ
1287 2746 1581 2823 βασιλέως,
1612 2747 1941 2819 ἀπεκλείσθη

288 2844 363 2907 είς
393 2847 496 2914 τήν
528 2850 626 2914 τῆς
683 2840 862 2915 λήθης
920 2840 1192 2920 φυλακὴν,
1250 2840 1341 2896 καὶ
1398 2840 1563 2896 πάλιν
1610 2839 1686 2903 είς
1719 2839 1943 2913 λάκκον,

289 2927 408 2997 ἔνθα
437 2935 505 3001 ἦν
540 2929 775 3007 δράκων·
826 2930 917 2985 καὶ
986 2930 1122 3002 μετὰ
1167 2923 1402 3005 χρόνους
1453 2927 1698 2990 πολλοὺς
1738 2924 1941 3000 ἐκϐλη-

289 3029 460 3095 θεῖσα,
523 3022 841 3097 ἐτιμωρήθη
902 3016 1200 3096 διαφόρως·
1261 3019 1348 3073 καὶ
1413 3016 1795 3092 βουλλωθεῖσα
1847 3021 1941 3074 τὸν

285 3112 599 3190 τράχηλον,
655 3108 819 3184 ἤγετο
886 3110 1331 3186 ἀποκεφισθῆναι.
1392 3104 1672 3164 Ἐκϐαλὼν
1730 3104 1788 3162 δὲ
1842 3110 1942 3175 τὴν

2076 646 2509 721 qumstionique
2529 652 2657 724 subj
2669 659 2992 718 ectus,cum
3019 658 3203 713 multo
3225 662 3411 733 magis
3425 662 3721 719 Christum

2076 735 2473 805 proﬁteretur,
2530 742 2847 798 Maximino
2900 747 3137 816 praesidi
3198 750 3484 805 traditur:
3531 769 3564 807 a
3606 771 3721 824 quo

2074 826 2227 882 164
2259 846 2604 902 suspensus,
2634 836 2871 907 ungulis
2915 836 3122 893 ferreis
3162 842 3634 912 excarniﬁcatur,
3668 850 3727 899 et

2071 916 2420 975 ardentibus
2442 921 2668 978 facibus
2693 924 2884 980 eidem
2910 934 3116 981 venter
3144 934 3202 982 et
3233 929 3419 986 latera
3449 933 3720 989 ustulan-

2070 1009 2184 1061 tur.
2218 1008 2486 1065 Posthsec
2518 1010 2636 1067 lata
2668 1016 2981 1081 sententia,
3015 1022 3081 1071 ut
3112 1020 3339 1091 sagittis
3369 1022 3719 1078 confodere-

2069 1098 2185 1162 tur,
2218 1098 2413 1152 nudus
2444 1098 2518 1153 ad
2550 1100 2744 1156 locum
2796 1104 3072 1175 supplicii
3116 1105 3371 1163 ducitur.
3406 1110 3551 1165 Cum
3582 1128 3717 1167 vero

2067 1196 2477 1245 occurrentem
2509 1191 2621 1247 sibi
2662 1194 2723 1247 in
2772 1195 2865 1249 via
2916 1196 3204 1253 Hilarium
3236 1206 3514 1272 nepotem
3546 1220 3718 1258 suum

2068 1276 2403 1343 salutasset,
2431 1280 2492 1335 in
2523 1297 2702 1338 causa
2728 1284 2859 1350 fuit,
2892 1289 2957 1339 ut
2987 1292 3045 1339 et
3074 1287 3176 1340 ille
3203 1297 3532 1360 caperetur.
3566 1294 3636 1347 Et
3668 1294 3718 1347 is

2066 1365 2306 1435 quidem
2336 1368 2412 1423 ad
2440 1370 2642 1439 palum
2673 1372 2968 1445 alligatus,
3001 1375 3348 1447 sagittisque
3386 1380 3716 1446 confossus,

2068 1456 2341 1527 spiritum
2374 1458 2651 1515 reddidit.
2689 1462 2945 1517 Hilarius
2976 1480 3108 1518 vero
3140 1482 3327 1521 cassus
3358 1474 3415 1521 et
3446 1473 3715 1525 excarni-

2067 1545 2298 1613 ﬁcatus,
2332 1553 2391 1603 et
2440 1548 2514 1603 ad
2570 1549 2799 1621 aliquot
2854 1552 3135 1609 milliaria
3181 1555 3377 1611 nudus
3427 1564 3715 1630 raptatus,

2065 1643 2431 1705 postremum
2466 1637 2812 1695 decolletur.

2277 1820 2346 1871 Et
2370 1825 2641 1875 certamen
2661 1829 2862 1877 sanctae
2882 1829 3144 1895 martyris
3166 1827 3497 1885 Golinduch.

2132 1933 2348 2005 Martyr
2376 1935 2588 1991 Christi
2634 1938 2967 1995 Golinduch
3016 1941 3075 1995 in
3126 1943 3386 2010 Perside,
3436 1947 3713 2004 Mauricio

2063 2021 2412 2093 imperante,
2446 2024 2685 2081 ﬂoruit:
2746 2045 2876 2099 quas
2934 2045 3067 2084 cum
3118 2031 3353 2087 cuidam
3404 2050 3711 2106 magorum

2063 2111 2317 2184 principi
2350 2113 2411 2168 in
2444 2116 2887 2172 matrimonium
2923 2118 3211 2175 collocata
3232 2122 3461 2190 fuisset,
3492 2123 3580 2177 illi
3607 2125 3712 2179 ali-

2058 2203 2296 2275 quando
2328 2206 2574 2278 angelus
2598 2208 2698 2262 Dei
2722 2208 2781 2262 in
2810 2210 3035 2264 somnis
3066 2213 3359 2283 apparuit,
3387 2212 3705 2286 locumque

2057 2292 2459 2364 splendidum,
2492 2300 2550 2351 et
2579 2296 2639 2351 in
2674 2313 2740 2351 eo
2764 2297 2960 2369 justos
2986 2300 3378 2372 tripudiantes
3410 2311 3704 2361 monstra-

2052 2384 2152 2451 vit,
2186 2389 2362 2456 atque
2387 2385 2641 2442 alterum
2663 2388 3122 2458 tenebricosum,
3150 2392 3211 2447 in
3234 2408 3351 2463 quo
3373 2393 3704 2451 idololatrm

2054 2474 2492 2532 cruciabantur.
2524 2477 2748 2533 Conata
2776 2484 2975 2535 autem
3006 2480 3271 2537 lucidum
3302 2483 3473 2538 illum
3504 2484 3702 2541 locum

2054 2564 2298 2633 intrare,
2324 2566 2627 2637 prohiberi
2650 2569 2959 2625 videbatur
2986 2572 3059 2626 ab
3090 2573 3299 2645 angelo
3321 2574 3515 2630 aiente
3543 2592 3555 2630 :
3580 2577 3702 2631 Nisi

2052 2654 2388 2712 Christiana
2445 2657 2572 2723 fias,
2637 2659 3098 2731 haudquaquam
3158 2663 3271 2718 huc
3330 2663 3704 2737 ingredieris.

2051 2746 2491 2819 Expergefacta,
2524 2749 2722 2804 statim
2782 2749 3145 2821 baptismum
3201 2754 3482 2825 suscepit.
3544 2754 3710 2819 Quod

2050 2852 2185 2891 cum
2215 2836 2302 2891 vir
2356 2838 2485 2909 ejus
2545 2843 2604 2895 et
2659 2855 2763 2894 rex
2819 2840 3272 2913 comperissent,
3306 2843 3367 2898 in
3408 2859 3707 2901 carcerem

2049 2926 2240 2982 lethes
2272 2928 2553 2999 primum,
2610 2928 2824 2987 deinde
2882 2930 2943 2985 in
3000 2931 3197 2988 lacum
3228 2933 3569 3006 conjicitur,
3602 2935 3703 2990 ubi

2050 3016 2226 3073 draco
2259 3023 2402 3075 erat.
2437 3019 2650 3075 Multos
2681 3025 2815 3091 post
2861 3036 3052 3076 annos
3083 3021 3221 3078 inde
3263 3022 3496 3088 educta,
3527 3024 3703 3081 variis

2049 3107 2259 3162 affecta
2290 3113 2380 3163 est
2400 3110 2778 3165 cruciatibus.
2805 3111 3112 3165 Postremo
3137 3111 3300 3166 bulla
3322 3112 3700 3184 obsignatum

287 3202 529 3278 βούλλαν
587 3200 727 3255 σώαν
788 3200 816 3255 ὁ
873 3196 1127 3274 ἅγγελος.
1202 3193 1372 3252 ἔδωκε
1427 3202 1509 3270 τῷ
1565 3194 1775 3269 δημίῳ.
1836 3197 1933 3252 Καὶ

2055 3197 2267 3252 collum
2293 3213 2526 3269 gerens.
2549 3198 2622 3252 ad
2646 3198 3003 3269 supplicium
3027 3200 3285 3254 ducitur.
3310 3201 3479 3256 Bulla
3503 3207 3701 3256 autem

284 3292 637 3363 λυπουμένην
711 3289 810 3357 τὴν
886 3286 1069 3362 ἁγίαν,
1141 3283 1233 3341 διὰ
1285 3287 1349 3340 τὸ
1410 3286 1487 3358 μὴ
1554 3291 1742 3349 παθεῖν
1806 3286 1936 3360 ὑπὲρ

285 3384 549 3456 Χριστοῦ,
592 3378 803 3449 πλήξας
855 3377 989 3450 μετά
1036 3374 1265 3429 σπαθίου
1313 3376 1451 3429 κατᾶ
1498 3375 1588 3428 τὸν
1622 3373 1935 3449 τράχηλον,

285 3472 468 3548 ῥεῦσαι
531 3469 625 3541 μὶν
686 3468 820 3540 αἷμα
878 3464 1202 3532 πεποίηκεν,
1264 3462 1361 3519 οὐκ
1415 3463 1804 3541 ἀπεκεφάλισεν
1855 3462 1935 3523 δὲ.

278 3562 428 3620 llr-ri
454 3560 626 3614 ταῦτα
685 3558 912 3627 ζήσασα,
966 3554 1055 3609 καὶ
1112 3552 1361 3615 πολλοὺς
1412 3553 1765 3631 ὠφελήσασα,
1797 3554 1935 3629 πρὸς

280 3652 477 3727 Κύριον
508 3646 658 3720 ἑξεδή
671 3666 866 3721 μησεν.

845 3852 947 3909 ΜΗ
954 3853 1027 3909 NI
1057 3855 1143 3909 ΤΩ
1177 3854 1371 3909 ΑΥΤΩ.

1052 3941 1153 4000 Il".

455 4030 723 4103 Ἀθλησις
750 4034 846 4087 τοῦ
878 4028 1031 4106 ἁγίου
1067 4048 1339 4104 μαρτυρος
1384 4026 1752 4103 Σεραπίωνος.

347 4150 656 4227 Σεραπίων,
689 4151 716 4205 ὁ
744 4152 842 4204 τοῦ
900 4150 1139 4223 Χριστοῦ
1200 4145 1423 4222 μάρτυς,
1466 4146 1684 4220 ὑπῆρχε
1718 4144 1804 4200 ἐπὶ
1833 4152 1929 4214 τῆς

272 4241 561 4321 βασιλείας
616 4240 885 4313 Σευήρου,
938 4238 1075 4309 ἀνὴρ
1130 4231 1387 4305 θεοσεϐὴς
1443 4234 1534 4290 καὶ
1586 4235 1676 4289 τὸν
1728 4235 1927 4309 τρόπον

269 4332 501 4409 ἁγαθός.
559 4328 862 4405 Κρατηθεῖς
921 4326 979 4382 δὲ
1038 4327 1139 4382 ὑπὸ
1196 4330 1302 4381 τῶν
1363 4322 1783 4398 εἰδωλολατρῶν
1845 4322 1933 4379 διὰ

266 4425 373 4493 τήν
406 4421 486 4485 είς
518 4420 745 4495 Χριστὸν
778 4416 1107 4491 ὁμολογίαν,
1161 4413 1434 4491 παρεδόθη
1485 4415 1693 4487 Audita,
1724 4418 1802 4486 τῷ
1832 4417 1930 4480 τῆς

272 4513 471 4590 χώρας
536 4508 743 4579 ἐκείνης
812 4504 1057 4584 ἄρχοντι.
1162 4506 1260 4561 Καὶ
1345 4504 1619 4580 παραστὰς
1689 4504 1929 4560 ἀνώπιον

2046 3286 2118 3341 ab
2141 3287 2350 3359 angelo
2369 3304 2513 3342 sana
2531 3288 2877 3360 integraque
2900 3288 3156 3356 sublata,
3173 3295 3230 3344 et
3248 3289 3440 3344 lictori
3463 3291 3697 3355 tradita,

2044 3376 2094 3430 is
2127 3382 2391 3431 sanctam
2431 3393 2583 3448 aegre
2608 3378 2921 3445 ferentem,
2955 3378 3114 3447 quod
3160 3394 3265 3449 pro
3310 3378 3537 3432 Christo
3577 3395 3696 3433 non

2045 3471 2369 3536 pateretur.
2399 3465 2594 3536 gladio
2642 3466 2817 3530 ferit;
2878 3482 2995 3537 quo
3044 3466 3283 3537 quidem
3336 3484 3405 3522 ex
3454 3468 3695 3523 vulnere

2043 3556 2281 3627 sanguis
2303 3555 2585 3626 proﬂuxit
2604 3572 2617 3620 ;
2637 3562 2813 3626 caput
2835 3560 3033 3610 tamen
3056 3555 3304 3610 minime
3322 3561 3412 3611 est
3431 3561 3695 3628 amputa-

2042 3649 2207 3699 tum:
2241 3644 2387 3715 quin
2436 3648 2570 3714 post
2617 3644 2741 3699 hinc
2783 3647 3106 3714 superstes,
3151 3660 3285 3699 cum
3315 3643 3520 3700 multis
3550 3663 3690 3717 pro-

2040 3732 2269 3797 fuisset,
2301 3733 2375 3788 ad
2409 3734 2726 3789 Dominum
2758 3733 3046 3805 migravit.

2609 3850 2847 3905 EODEM
2896 3849 3126 3905 MENSE

2567 3940 2668 3996 Die
2708 3941 2939 3997 decima
2979 3941 3172 3997 tertia.

2184 4031 2331 4089 165
2372 4032 2656 4087 Certamen
2697 4033 2875 4087 sancti
2919 4033 3178 4102 martyris
3208 4031 3549 4102 Serapionis.

2112 4148 2392 4218 Serapion
2425 4145 2641 4201 Christi
2674 4151 2896 4216 martyr
2944 4145 3309 4217 temporibus
3350 4148 3543 4201 Severi
3576 4148 3689 4203 im-

2039 4237 2329 4309 peratoris
2361 4235 2520 4303 vixit,
2547 4235 2632 4288 vir
2662 4235 2879 4305 pietate
2911 4251 2978 4290 ac
3010 4234 3302 4307 probitate
3334 4252 3567 4290 morum
3598 4238 3689 4290 in-

2040 4326 2240 4399 signis.
2277 4326 2493 4396 Captus
2540 4329 2740 4379 autem
2795 4324 2867 4379 ab
2926 4323 3223 4379 idolorum
3256 4323 3584 4378 cultoribus
3616 4325 3689 4379 ob

2037 4416 2252 4471 Christi
2279 4414 2738 4482 confessionem,
2768 4413 2995 4484 Aquila:
3026 4414 3154 4484 ejus
3197 4412 3311 4467 loci
3344 4412 3580 4484 praesidi
3613 4414 3691 4467 si-

2040 4506 2250 4561 stitur:
2282 4522 2315 4560 a
2346 4522 2460 4577 quo
2493 4509 2753 4577 rogatus,
2806 4519 2983 4575 quam
3038 4502 3387 4575 religionem
3447 4500 3690 4568 coleret,

273 4605 469 4671 αὐτοῦ,
545 4601 633 4656 καὶ
704 4597 997 4673 ἐρωτηθεὶς
1063 4596 1224 4659 ποίας
1301 4596 1586 4671 θρησκείας
1649 4602 1931 4671 τυγχάνει,

2055 4594 2226 4651 ψει-θ
2257 4595 2555 4649 Christum
2586 4594 2892 4648 confessus
2922 4597 3029 4646 est.
3054 4591 3445 4657 Quamobrem
3478 4592 3695 4647 acriter

272 4691 611 4770 ὡμολόγησε
657 4688 933 4766 παρρησίᾳ
978 4687 1067 4742 τὸν
1120 4688 1370 4762 Χριστόν.
1424 4685 1658 4761 Τυφθεὶς
1707 4686 1797 4741 οὗν
1844 4682 1931 4741 διὰ

269 4789 436 4842 τοῦτο
468 4777 742 4861 σφοδρῶς,
799 4779 890 4832 καὶ
935 4774 1184 4851 σιδήροις
1234 4778 1375 4847 όξέσι
1432 4777 1495 4831 τὸ
1543 4780 1703 4848 σῶμα
1733 4774 1933 4845 ξεσθείς

274 4874 434 4945 ὅλον,
468 4870 830 4947 παρεπέμφθη
880 4867 1121 4945 φυλακῇ,
1178 4866 1329 4939 λιμῷ
1376 4866 1466 4921 καὶ
1500 4864 1642 4940 δίψει
1674 4864 1934 4936 πιεζόμε-

270 4988 385 5028 νος.
439 4963 587 5020 Μετὰ
635 4957 694 5015 δὶ
742 4957 969 5015 πολλῶν
1023 4959 1244 5032 ἡμερῶν
1296 4955 1659 5031 παραδρομὴν
1700 4960 1800 5021 τῆς
1833 4977 1933 5031 φυ-

277 5057 460 5125 λακῆς
526 5049 828 5118 ὶλκυσθεὶς,
895 5045 1135 5123 παρέστη
1205 5043 1491 5119 δεδεμένος
1552 5051 1631 5118 τῷ
1678 5043 1929 5119 ἄρχοντι.

283 5146 381 5200 Καὶ
435 5138 710 5216 μηδεμίαν
760 5135 1008 5213 πληγὴν,
1058 5134 1093 5205 ἢ
1131 5134 1444 5211 τραύματος
1513 5134 1682 5203 οὐλὴν
1754 5133 1931 5210 φέρων

277 5234 363 5290 ἐπὶ
414 5236 513 5288 τοῦ
561 5228 838 5301 σώματος,
899 5222 989 5280 διὰ
1043 5226 1105 5280 τὸ
1171 5228 1564 5299 θεραπευθῆναι
1631 5221 1934 5297 παραυτίκα

284 5325 390 5380 ὑπὸ
454 5322 709 5396 Χριστοῦ,
778 5315 854 5375 είς
918 5309 1179 5387 ἔκπληξιν
1248 5314 1448 5389 ἢγαγεν
1517 5313 1775 5381 ἅπαντας,
1843 5310 1931 5396 καὶ

279 5409 529 5471 πολλοὺς
578 5402 942 5478 παρεσκεύασε
987 5407 1266 5458 πιστεῦσαι
1317 5404 1557 5475 Χριστῷ.
1609 5401 1713 5456 Καὶ
1755 5395 1930 5477 φοϐη-

280 5504 391 5564 θεὶς
422 5502 450 5555 ὁ
482 5502 691 5574 ἅρχων,
733 5492 827 5549 ’ἵνα
878 5495 954 5565 μή
1009 5493 1267 5556 πλείονας
1317 5494 1637 5566 προσαγάγῃ
1691 5492 1929 5566 Χριστῷ,

284 5591 415 5666 πυρὶ
462 5584 769 5664 παρέδωκεν
813 5582 994 5639 αὐτὸν.
1048 5582 1151 5638 Καὶ
1201 5581 1344 5637 οὕτω
1382 5586 1473 5637 τὸν
1510 5588 1611 5651 τῆς
1642 5581 1935 5645 ἀθανασίας

291 5678 582 5751 suam.“
614 5676 817 5750 ἀγῶνα,
850 5669 1164 5742 δτιλειώθη.

2046 4685 2406 4751 verberatur,
2439 4690 2496 4739 et
2527 4682 2765 4755 ungulis
2790 4682 2995 4737 ferreis
3028 4682 3219 4736 eidem
3254 4685 3441 4735 totum
3477 4698 3693 4752 corpus

2043 4776 2533 4831 excarniﬁcatur:
2585 4779 2884 4845 postremo
2934 4772 2996 4826 in
3026 4787 3322 4826 carcerem
3355 4770 3693 4826 detruditur

2040 4864 2195 4920 fame
2226 4865 2441 4935 sitique
2472 4860 3165 4918 conficiendus.Evolutis
3199 4866 3397 4915 autem
3418 4859 3691 4931 pluribus

2042 4954 2252 5011 diebus
2275 4970 2305 5007 e
2326 4952 2597 5008 custodia
2618 4956 2935 5017 extractus,
2958 4950 3188 5005 vinctus
3208 4949 3446 5021 praasidi
3472 4949 3689 5004 iterum

2044 5042 2290 5098 sistitur.
2324 5047 2585 5113 Cumque
2644 5038 2878 5095 nullum
2934 5039 3197 5093 vulneris
3243 5038 3553 5109 vestigium
3593 5044 3694 5093 aut

2042 5133 2379 5189 cicatricem
2403 5136 2522 5186 toto
2545 5145 2789 5202 corpore
2808 5128 3206 5200 prmferret,eo
3231 5127 3389 5199 quod
3411 5143 3443 5183 a
3464 5128 3693 5183 Christo

2041 5226 2285 5293 repente
2315 5226 2556 5275 sanatus
2585 5219 2797 5284 fuerat,
2826 5233 3035 5272 omnes
3060 5215 3474 5287 obstupefecit,
3509 5215 3696 5285 pluri-

2042 5328 2288 5382 mosque
2320 5309 2394 5365 ad
2421 5308 2637 5366 Christi
2680 5307 2858 5362 fidem
2909 5306 3201 5377 perduxit.
3243 5308 3435 5370 Quare
3472 5321 3692 5375 praeses
3786 5330 3789 5333 ν

2042 5401 2280 5465 veritus,
2307 5414 2381 5453 ne
2412 5397 2613 5469 plures
2634 5396 2707 5451 ad
2734 5395 3030 5450 Christum
3054 5394 3407 5457 traduceret,
3433 5393 3690 5447 ﬂammis

2041 5486 2428 5544 cremandum
2459 5484 2737 5541 tradidit:
2772 5489 2949 5554 atque
2979 5498 3085 5553 per
3115 5482 3272 5537 hunc
3304 5480 3546 5536 modum
3576 5480 3690 5534 im-

2042 5575 2421 5632 mortalitatis
2452 5575 2722 5630 confecto
2754 5571 3549 5640 certamine,consummatus
3579 5569 3692 5622 fuit
