4084 6202
351 377 470 440 539

568 515 634 570 Et
665 519 932 570 certamen
978 517 1179 568 sancta:
1215 510 1473 580 martyris
1502 507 1765 580 Myropes.

421 636 639 705 Martyr
662 631 874 688 Christi
901 631 1158 700 Myrope,
1190 627 1522 698 imperante
1568 623 1766 694 Decio,
1798 623 1860 678 in
1894 623 1996 677 in-

350 725 481 783 sula
512 724 650 779 Chio
681 728 820 778 nata
863 725 984 775 est:
1034 718 1192 775 unde
1230 719 1530 792 Ephesum
1561 715 1844 790 profecta,
1877 733 1996 772 un-

346 820 564 890 guenta
585 831 655 872 ex
675 811 946 884 reliquiis
967 818 1309 868 sanctorum
1339 817 1666 883 martyrum
1692 814 1749 864 et
1768 814 2000 880 aposto-

347 905 541 961 lorum
570 901 877 960 manantia
914 901 1220 975 colligens,
1272 907 1523 974 aagrotos
1555 898 1821 956 sanabat.
1851 898 2000 954 Hinc

351 996 545 1052 eidem
600 991 854 1064 Myrodis
911 1007 1128 1048 nomen
1198 990 1458 1046 inhazsit.
1517 989 1726 1044 Chium
1783 986 1999 1042 deinde

349 1084 609 1141 insulam
667 1097 920 1149 reversa,
980 1097 1114 1136 cum
1186 1085 1456 1134 sanctum
1543 1076 1837 1134 Isidorum
1893 1093 2000 1148 pro

347 1173 580 1231 Christo
629 1169 915 1242 martyrio
975 1169 1244 1225 functum
1305 1166 1801 1237 interfectumque
1828 1181 1998 1237 repe-

345 1266 543 1331 risset,
570 1264 834 1321 sublatas
857 1261 1124 1334 ejusdem
1147 1261 1430 1333 reliquias
1451 1259 1607 1332 apud
1629 1275 1692 1314 se
1714 1257 1998 1314 condidit.

349 1361 424 1414 At
470 1372 606 1411 cum
657 1354 731 1410 ob
779 1352 928 1408 illud
968 1353 1355 1424 reliquiarum
1404 1351 1629 1410 furtum
1664 1348 2001 1421 complures

350 1443 505 1515 capti
529 1440 964 1514 quaestionique
985 1438 1236 1511 subjecti
1262 1440 1274 1491 Ι
1283 1437 1618 1504 uissent,sei
1627 1453 1792 1510 psam
1811 1435 2003 1490 mani-

351 1533 602 1598 festavit,
637 1531 1026 1601 confessaque
1049 1534 1160 1595 est,
1184 1533 1241 1584 et
1262 1544 1322 1584 se
1355 1527 1639 1599 reliquias
1667 1525 2000 1594 sustulisse,

355 1629 414 1680 et
443 1620 600 1694 apud
632 1637 693 1676 se
724 1619 1061 1676 reconditas
1093 1617 1329 1674 habere.
1373 1617 1661 1682 Quocirca
1688 1632 1722 1670 a
1751 1613 2000 1688 prazside

356 1711 714 1768 Numeriano
743 1707 1309 1780 comprehensa,qui
1333 1712 1390 1762 et
1411 1711 1680 1761 sanctum
1709 1705 2002 1760 Isidorum

353 1801 810 1866 excruciaverat,
870 1797 1328 1868 immaniterque
1379 1811 1552 1865 caesa,
1584 1795 1648 1851 in
1703 1810 2000 1850 carcerem

1634 329 2069 435 MENOLOG'II
2117 371 2316 434 mas
2368 375 2467 436 ιιι.

2013 561 2015 564 ι
2027 505 2079 572 Α

3631 377 3756 436 5ίο

2253 504 2349 558 Καὶ
2385 503 2616 576 ἄθλησις
2645 512 2744 576 τῆς
2777 504 2934 582 ἁγίας
2989 507 3261 583 μάρτυρος
3310 509 3618 584 Μυρώπης.

2177 619 2239 675 Ἠ
2269 625 2365 676 τοῦ
2395 623 2630 697 Χριστοῦ
2690 623 2894 698 μάρτυς
2953 624 3231 699 Μυρώπη,
3291 625 3509 702 ὑπῆρχε
3543 627 3639 701 μὲν
3672 627 3767 683 ἐτὶ

2107 715 2208 778 τῆς
2241 709 2521 788 βασιλείας
2579 713 2792 785 Δεκίου,
2850 713 2910 770 ἐκ
2962 721 3063 786 τῆς
3119 717 3292 786 νήσου
3325 715 3482 773 Χίου·
3532 719 3764 793 περιήρο

2109 817 2240 874 χετο
2300 797 2357 856 δέ
2412 802 2510 871 τὴν
2564 803 2826 882 Ἐφεσίων
2885 805 3073 876 πόλίν,
3127 804 3195 860 τὰ
3239 803 3299 860 ἐκ
3339 809 3448 860 τῶν
3482 803 3755 882 λειψάνων

2105 897 2216 950 τῶν
2270 894 2439 971 ἁγίων
2495 897 2785 974 μαρτύρων
2859 897 2951 954 καὶ
3023 897 3346 954 ἀποστόλων
3406 897 3763 976 προχεόμενα

2113 983 2256 1057 μύρα
2313 987 2636 1062 συνάγουσα,
2721 988 2812 1043 καὶ
2899 986 3110 1061 ίωμένη
3175 987 3304 1052 τοὺς
3383 987 3758 1051 ἀσθενοῦντας·

2110 1072 2229 1138 ὅθεν
2261 1075 2348 1130 καὶ
2389 1075 2726 1154 φερωνύμως
2785 1075 2994 1149 ἐκλήθη
3055 1079 3331 1155 Μυρώπη.
3367 1073 3763 1134 Καταλαϐοῦσα

2111 1160 2169 1218 δὶ
2196 1165 2295 1232 τήν
2326 1171 2492 1235 νῆσον
2536 1167 2690 1236 Χίον,
2734 1166 2823 1222 καὶ
2875 1166 3105 1242 εὑροῦσα
3145 1169 3235 1224 τὸν
3287 1169 3441 1244 ἅγιον
3484 1165 3762 1243 Ἰσίδωρον

2111 1249 2202 1308 διὰ
2245 1255 2478 1328 Κριστὸν
2542 1259 2989 1332 μαρτυρήσαντα,
3048 1258 3138 1313 καὶ
3193 1256 3568 1326 τελειωθέντα,
3627 1255 3768 1314 ἀνεί-

2111 1340 2237 1397 λετο
2293 1343 2356 1398 τὸ
2412 1343 2663 1418 λείψανον
2737 1346 2926 1418 αὐτοῦ,
2992 1346 3084 1402 καὶ
3140 1345 3336 1424 ἔκρυψε
3393 1347 3520 1423 παρ’
3577 1347 3768 1420 ἑαυτῇ,

2113 1431 2211 1487 Καὶ
2235 1430 2464 1489 πολλῶν
2494 1455 2695 1491 κοατου
2751 1434 2763 1454 ’
2851 1458 2862 1474 κ
2924 1433 3002 1492 δ’
3103 1438 3118 1458 ‘
3255 1441 3279 1452 '
3462 1440 3470 1454 '
3616 1438 3631 1456 ‘
3721 1437 3736 1475 ³

2531 1489 2540 1509 ⁸
2703 1457 2876 1509 μενωι
2963 1459 3013 1492 ια
3057 1459 3155 1506 την
3188 1457 3283 1492 του
3313 1436 3571 1512 λειψανου
3606 1459 3769 1516 cupa.-

2114 1541 2285 1598 ρεσιν,
2330 1523 2420 1578 καὶ
2477 1524 2934 1601 τιμωρουμένων,
2992 1524 3322 1604 ἐφανέρωσεν
3391 1527 3609 1598 ἑαυτὴν,
3666 1524 3759 1583 λέ-

2111 1632 2280 1687 γουσα
2338 1607 2525 1669 λαϐεῖν
2582 1614 2674 1670 καὶ
2732 1614 2933 1690 κρύψαι
2983 1616 3045 1672 τὸ
3101 1615 3378 1691 λείψανον.
3420 1620 3762 1692 Κρατηθεῖσα

2115 1699 2205 1757 οὖν
2251 1703 2398 1779 παρά
2452 1707 2548 1758 τοῦ
2604 1705 2874 1780 ἡγεμόνος
2933 1709 3330 1780 Νουμεριανοῦ,
3385 1709 3484 1762 τοῦ
3528 1707 3620 1762 καὶ
3667 1707 3762 1762 τᾶν

2115 1791 2268 1867 ἅγιον
2329 1789 2602 1866 Ἰσίδωρον
2661 1793 3066 1869 βασανίσαντος,
3115 1793 3316 1873 ἐτύφθη
3368 1792 3638 1872 σφοδρῶς,
3669 1794 3761 1850 καὶ

353 1887 725 1945 detruditur:
759 1864 860 1942 ubi
905 1864 1249 1959 apparentei
1288 1889 1491 1941 sancto
1550 1883 1796 1953 Isidoro,
1827 1888 1995 1956 atque

2111 1864 2439 1952 ἀπεκλείσθη
2476 1864 2550 1944 είς
2597 1864 2869 1960 φυλακήν.
2929 1864 3061 1940 Καὶ⁷
3093 1881 3166 1940 δι’
3195 1864 3455 1946 ὀπτασίας
3479 1864 3576 1938 τοῦ
3605 1883 3762 1960 ἁγίου

351 1977 751 2051 repositorum
799 1975 911 2031 sibi
970 1974 1262 2030 bonorum
1325 1972 1644 2046 sponsione
1687 1971 1760 2030 ab
1793 1971 2000 2030 eodem

351 2069 524 2138 facta,
559 2066 832 2139 spiritum
868 2066 980 2120 Deo
1011 2063 1288 2120 reddidit.

910 2183 1152 2238 EODEM
1189 2180 1439 2238 MENSE.

869 2273 972 2328 Die
1004 2272 1235 2328 decima
1264 2276 1494 2343 quarta.

593 2366 749 2422 106
781 2365 1062 2423 Certamen
1092 2365 1270 2420 sancti
1304 2364 1448 2418 Iusti
1475 2364 1759 2434 martyris.

419 2483 618 2539 Justus
647 2479 863 2538 Christi
895 2484 1118 2552 martyr
1159 2495 1229 2534 ex
1261 2477 1407 2534 urbe
1458 2480 1659 2547 Roma,
1691 2477 1753 2533 in
1785 2478 2002 2533 Nume-

351 2587 555 2629 rorum
568 2559 777 2626 or’dine
790 2569 1048 2642 primum
1065 2567 1190 2624 mili
1203 2567 1514 2623 tavit.Cum
1527 2583 1662 2622 vero
1683 2565 2002 2639 aliquando

354 2680 386 2718 e
416 2661 623 2735 praelio
667 2676 936 2716 reversus
987 2674 1226 2715 crucem
1283 2657 1692 2731 crystallinam
1738 2656 2001 2727 vidisset,

352 2768 674 2824 vocemque
689 2750 827 2807 inde
844 2749 1236 2823 prodeuntem
1259 2747 1543 2814 audisset,
1556 2747 2004 2820 prmoipientem

356 2845 469 2902 sibi
511 2843 673 2900 idola
729 2841 1024 2909 deserere,
1075 2839 1410 2911 Christique
1445 2839 1623 2895 fidem
1679 2839 2002 2911 suscipere.

357 2938 602 2992 Romam
635 2932 948 2989 confestim
979 2930 1168 2987 redit:
1203 2929 1303 2985 ubi
1349 2929 1664 2985 distributo
1688 2928 1750 2984 in
1780 2944 2002 3001 paupe-

354 3043 451 3082 res
481 3023 862 3098 patrimonio,
885 3022 1103 3080 Christi
1136 3021 1252 3077 fide
1284 3020 1455 3076 laetus
1485 3026 1544 3076 et
1573 3025 1908 3087 contentus,
1943 3019 2004 3074 in

355 3113 680 3170 domestico
713 3128 949 3168 secessu
999 3110 1111 3166 sibi
1141 3109 1424 3182 deinceps
1454 3109 1642 3166 vivere
1673 3109 2004 3166 constituit.

353 3206 476 3271 Quo
531 3207 834 3276 comperto
918 3201 1192 3257 tribunus
1272 3201 1502 3256 Justum
1580 3199 2003 3272 comprehendi

344 3294 565 3368 jussit:
597 3293 937 3363 frustraque
967 3296 1280 3357 tentatum,
1315 3295 1382 3345 ut
1409 3290 1705 3346 Christum
1737 3295 1999 3363 negaret,

351 3385 578 3442 catenis
635 3382 1043 3448 constrictum,
1103 3381 1177 3438 ad
1233 3381 1629 3454 Magnentium
1688 3379 1998 3452 praesidem

353 3475 506 3531 mitti
534 3490 546 3528 :
579 3491 614 3530 a
637 3490 774 3546 quo,
798 3488 933 3528 cum
957 3472 1018 3526 in
1041 3471 1258 3527 Christi
1285 3470 1398 3526 fide
1420 3469 1788 3527 constantior
1815 3471 1999 3540 persi-

353 3568 557 3629 steret,
613 3563 810 3618 nervis
867 3561 1066 3618 crudis
1096 3560 1477 3616 verberatur:
1535 3559 1750 3616 deinde
1809 3559 2001 3617 ferrea

353 3653 536 3708 cassis
583 3652 846 3708 candens
893 3652 1162 3722 ejusdem
1209 3650 1387 3723 capiti
1453 3651 1817 3722 imponitur:
1864 3667 2000 3706 mox

348 3741 556 3812 prunis
577 3739 926 3794 ardentibus
947 3741 1142 3794 nudus
1163 3739 1663 3811 supersternitur:
1697 3744 1998 3810 postremo

350 3830 412 3884 in
445 3830 748 3900 ingentem
771 3827 928 3899 ignis
947 3830 1249 3884 fornacem
1275 3828 1550 3900 injectus,
1576 3829 1694 3883 Deo
1724 3828 1997 3899 spiritum

349 3915 627 3972 reddidit.

418 4065 482 4120 Et
528 4063 970 4118 commemoratio
1016 4062 1195 4116 sancti
1243 4059 1423 4116 Patris
1470 4061 1644 4118 nostri
1683 4062 1926 4120 Onesimi

961 4131 1382 4204 Thaumaturgi.

417 4281 666 4338 Sanctus
695 4279 1007 4336 Onesimus
1057 4278 1117 4336 in
1165 4277 1432 4334 Caesarea
1465 4277 1794 4334 Palaestinaa
1825 4277 1994 4348 urbe,

348 4371 711 4429 Diocletiano
741 4370 1094 4442 imperante,
1156 4374 1332 4424 natus
1387 4373 1475 4423 est
1531 4367 1667 4440 piis,
1699 4373 1898 4438 atque,
1930 4373 1997 4424 ut

341 4462 500 4519 fama
533 4465 642 4530 est,
665 4459 738 4516 ab
768 4459 975 4534 angelo
1001 4457 1308 4532 baptizatis
1329 4456 1695 4531 parentibus,
1719 4462 1895 4530 atque
1921 4457 1991 4514 ab

345 4551 552 4608 eodem
583 4549 656 4606 de
688 4549 796 4605 filii
829 4549 918 4604 sui
961 4547 1352 4621 conceptione
1383 4551 1442 4602 et
1471 4545 1714 4603 nomine
1744 4545 1988 4604 edoctis.

343 4643 522 4696 Natus
552 4644 750 4696 autem
783 4612 1186 4710 educatusque
1237 4637 1297 4692 in
1344 4635 1660 4709 disciplina
1697 4641 1755 4692 et
1783 4653 1988 4694 corre-
2018 4612 2066 4678 D

341 4729 544 4802 ptione
597 4728 855 4796 Domini,
915 4727 990 4783 ad
1046 4742 1230 4782 unum
1283 4742 1353 4781 ex
1409 4725 1788 4781 monasteriis
1832 4725 1988 4798 apud

339 4818 639 4890 Ephesum
671 4817 900 4889 positis,
933 4817 996 4872 in
1028 4833 1144 4890 quo
1183 4815 1504 4889 octingenti
1537 4817 1763 4873 Ascetaa
1795 4832 1986 4872 mora-

339 4906 576 4975 bantur,
610 4905 928 4979 profectus,
963 4906 1164 4979 ibique
1209 4905 1540 4962 monachus
1568 4905 1778 4974 factus,
1813 4923 1991 4978 supra

337 4997 613 5052 humanis
645 5002 874 5052 naturai
924 4995 1075 5052 vires
1131 4993 1413 5068 deinceps
1449 5001 1675 5052 certare
1707 4996 1984 5052 instituit.

334 5087 474 5159 Ejus
505 5103 682 5159 porro
719 5085 973 5142 orbitate
995 5084 1187 5142 mmsti
1211 5085 1650 5158 parentes,csesi
1668 5086 1804 5142 facti
1829 5091 1985 5142 sunt.

334 5179 547 5236 Exorta
576 5176 816 5232 interim
848 5175 1260 5248 persecutione
1292 5174 1572 5231 adversus
1600 5176 1984 5240 Christianos.

334 5274 392 5324 et
421 5266 698 5324 omnibus
729 5265 957 5323 Ascetis
987 5265 1124 5338 fuga
1153 5263 1420 5336 dilapsis,
1464 5271 1773 5338 paternam
1806 5267 1983 5324 etiam

331 5359 456 5430 ipse
489 5357 752 5424 domum,
779 5361 1061 5428 tanquam
1084 5354 1452 5427 peregrinus,
1476 5354 1682 5424 petiit:
1708 5361 1766 5410 et
1796 5355 1985 5412 visum

331 5448 572 5519 quidem
597 5446 941 5521 parentibus
969 5445 1191 5502 orando
1216 5444 1762 5518 restituit,seipsum
1784 5451 1982 5503 autem

328 5537 450 5593 illis
508 5536 970 5610 haudquaquam
1021 5534 1455 5603 manifestavit;
1515 5534 1619 5591 sed
1674 5535 1805 5591 vitae
1862 5553 1982 5593 suze

327 5643 569 5682 cursum
600 5626 661 5682 in
692 5627 896 5682 charta
918 5624 1305 5699 descriptum,
1327 5629 1385 5679 et
1404 5624 1462 5680 in
1487 5623 1744 5697 quadam
1769 5625 1981 5683 domus

325 5719 586 5775 fenestra
607 5716 935 5792 repositum
956 5716 1326 5791 relinquens,
1352 5717 1709 5793 Magnesiam
1732 5724 1977 5775 conten-

2104 1967 2390 2047 Ἰσιδωρου
2412 1975 2520 2027 τῶν
2555 1969 2930 2048 ἀποκειμένων
2981 1972 3118 2049 αὐτῇ
3178 1974 3390 2051 ἀγαθῶν
3441 1974 3543 2044 τήν
3587 1972 3766 2049 ἐπαγ-

2106 2059 2294 2137 γελίαν
2328 2056 2595 2136 λαϐοῦσα,
2627 2066 2708 2136 τῷ
2739 2067 2856 2137 Θεῷ
2883 2064 2946 2120 τὸ
2977 2068 3188 2138 πνεῦμα
3216 2061 3548 2140 παρέδωκεν.

2662 2181 2842 2238 MHNI
2881 2184 2968 2261 Τῼ
3005 2183 3200 2260 ΑΥΤᾳ.

2881 2271 2979 2328 ΙΔ“.

2351 2358 2614 2430 ’Ἂθλησις
2642 2363 2740 2416 τοῦ
2773 2359 2930 2436 ἁγίου
2954 2358 3226 2438 μάρτυρος
3249 2358 3510 2419 Ἰούστου.

2177 2475 2241 2532 Ὀ
2295 2479 2396 2530 τοῦ
2455 2477 2691 2550 Χριστοῦ
2749 2478 2954 2552 μάρτυς
3015 2478 3250 2540 Ἰουστος
3313 2478 3533 2553 ὑπῆρχε
3576 2477 3671 2551 μὶν
3706 2476 3764 2533 ἐκ

2106 2568 2206 2632 τῆς
2263 2561 2480 2631 πόλεως
2531 2566 2771 2642 Ῥώμῃςο
2831 2567 3179 2643 ἐστρατεύετο
3211 2567 3268 2624 δὲ
3297 2565 3348 2623 ἐν
3403 2572 3483 2640 τῷ
3524 2567 3762 2644 τάγματι

2105 2659 2216 2712 τῶν
2246 2656 2572 2730 Νουμέρων.
2605 2658 2981 2736 Ὑποστρέφων
3041 2656 3099 2716 δὲ
3153 2680 3285 2715 ποτε
3333 2657 3438 2714 ἀπὸ
3464 2663 3561 2714 τοῦ
3593 2656 3765 2713 πολέ-

2112 2766 2239 2819 μου,
2300 2747 2400 2822 ὁρᾷ
2453 2747 2682 2818 σταυρὸν
2748 2745 3209 2820 κρυσταλλοειδῆ·
3264 2747 3354 2804 καὶ
3386 2747 3447 2804 ἐκ
3471 2752 3569 2804 τοῦ
3599 2769 3764 2803 σταυ-

2110 2838 2208 2910 ροῦ
2264 2835 2446 2892 ἀκούει
2507 2837 2694 2914 φωνὴν
2753 2835 3073 2909 ἐξελθοῦσαν
3149 2837 3240 2894 καὶ
3300 2838 3552 2894 εἰποῦσαν
3615 2837 3762 2909 αὖτῷ

2109 2922 2430 2981 καταλιπεῖν
2462 2925 2530 2980 τὰ
2584 2923 2790 2983 εἶ’δωλα
2845 2925 2936 2982 καὶ
2989 2925 3270 2984 πίστεῦσαι
3305 2929 3543 3002 Χριστῷ.
3577 2932 3761 2984 Κατα-

2111 3011 2296 3073 λαϐὼν
2326 3018 2419 3073 οὖν
2447 3019 2547 3086 τήν
2580 3019 2828 3091 Ῥώμην,
2885 3020 2972 3076 καὶ
3035 3017 3423 3094 ὃιασκορπίσας
3461 3020 3552 3074 τὸν
3584 3019 3763 3076 πλοῦ·

2108 3127 2201 3163 τον
2254 3107 2422 3163 αὐτοῦ
2477 3105 2594 3171 τοῖς
2652 3115 2928 3184 πτωχοῖς,
2983 3108 3232 3186 ἡσύχαζε
3286 3111 3407 3166 καθ’
3453 3110 3764 3185 ἑαυτὸν,τῇ

2115 3196 2191 3259 εἷς
2221 3199 2448 3272 Χριστὸν
2504 3197 2952 3274 ἐπαγαλλόμενος
3002 3199 3199 3256 πίστει.
3243 3199 3504 3261 Γνωσθεὶς
3535 3197 3592 3256 δὲ
3621 3200 3766 3276 παρᾶ

2111 3291 2208 3342 τοῦ
2262 3282 2576 3361 τριϐούνου,
2636 3286 2906 3363 ἐκρατήθη
2969 3290 3093 3363 παρ’
3151 3288 3336 3348 αὐτοῦ.
3395 3288 3493 3344 Καὶ
3536 3291 3612 3362 μή
3646 3310 3768 3346 πει-

2110 3371 2254 3435 σθεὶς
2288 3373 2618 3446 ἀρνήσασθαι
2674 3374 2766 3430 τὸν
2825 3375 3084 3449 Χριστὸν,
3143 3373 3318 3438 δεθεὶς
3375 3374 3762 3451 ἄλύσεσιπαρ-

2109 3459 2358 3540 επέμφθη
2419 3463 2732 3538 Μαγνεντίῳ
2789 3468 2866 3536 τῷ
2918 3464 3170 3540 ἡγεμόνι.
3233 3465 3335 3522 Καὶ
3391 3465 3640 3540 ἐμμένων
3677 3464 3765 3522 ἐπὶ

2106 3550 2274 3608 πλέον
2297 3557 2364 3626 τῇ
2400 3552 2475 3616 εἷς
2527 3552 2768 3628 Χριστὸν
2819 3553 3020 3626 πίστει,
3052 3555 3253 3628 ἐτύφθη
3314 3557 3517 3631 λώροις
3556 3555 3757 3630 ὠμοῖς·

2105 3643 2195 3697 καὶ
2262 3646 2762 3718 πεπυρακτωμένην
2832 3645 3258 3725 περικεφαλαίαν
3326 3646 3610 3722 περιετέθη
3689 3651 3758 3722 τῇ

2103 3729 2336 3810 κεφαλῇ.
2397 3733 2530 3789 Εἶτα
2587 3731 2674 3788 ἐπὶ
2731 3733 2965 3810 ἐσχάρας
3021 3735 3450 3810 ἠνθρακωμένης
3514 3735 3754 3809 ἡπλώοη

2104 3822 2334 3897 γυμνός·
2393 3825 2480 3879 καὶ
2534 3823 2696 3887 τέλος
2749 3824 2804 3882 ἐν
2856 3825 3070 3900 καμίνῳ
3127 3826 3298 3902 πυρὸς
3339 3826 3580 3903 μεγάλου
3611 3825 3759 3906 βλη-

2107 3911 2238 3983 Θεῖς,
2267 3913 2330 3968 τὸ
2361 3912 2552 3968 ἐαυτοῦ
2581 3918 2794 3988 πνεῦμα
2824 3912 3106 3992 παρέδωκε
3133 3921 3214 3989 τῷ
3245 3920 3382 3991 Θεῷ.

2103 4055 2199 4111 Καὶ
2264 4057 2456 4131 μνήμη
2515 4060 2612 4112 τοῦ
2668 4057 2824 4188 ὁσίοὸ
2864 4061 3076 4150 Ηατρὸς
3133 4061 3296 4134 ἡμῶν
3325 4063 3748 4138 Θαυματουργοῦ

2829 4151 3088 4188 νηοιμου.

2829 4151 3088 4205 νησιμου.

2173 4278 2469 4352 Ὀννςσιμος
2529 4281 2558 4337 ὁ
2619 4283 2768 4344 ὅσιος
2814 4283 3058 4361 ὑπῆρχεν
3112 4282 3172 4340 ἐκ
3219 4290 3323 4354 τῆς
3370 4283 3587 4348 πόλεως
3619 4291 3754 4341 Kan-

2099 4369 2315 4443 σαρείας
2338 4376 2438 4440 τῆς
2472 4369 2838 4444 Παλαιστίνης
2893 4372 2982 4429 ἐπὶ
3035 4380 3137 4444 τῆς
3190 4371 3469 4451 βασιλείας
3513 4373 3754 4447 Διοκλη-

2096 4461 2304 4528 τιανοῦ,
2362 4459 2478 4524 υἱὸς
2534 4464 2738 4536 γονέων
2796 4457 3052 4532 εὐσεϐῶν,
3118 4463 3542 4538 βαπτισθέντων,
3599 4464 3677 4529 ὡς
3727 4464 3756 4520 ὁ

2098 4545 2286 4624 λόγος,
2373 4548 2476 4604 ὑπὸ
2551 4549 2698 4614 θείου
2777 4548 3035 4628 ἀγγὲλου,
3113 4553 3201 4608 καὶ
3260 4551 3752 4630 εύαγγελισθέντων

2094 4639 2186 4694 καὶ
2236 4639 2335 4709 τὴν
2397 4639 2674 4715 σύλληψιν
2731 4645 2830 4698 τοῦ
2889 4642 3008 4699 υἱοῦ
3066 4643 3265 4716 αὐτῶν,
3309 4643 3400 4701 καὶ
3455 4645 3517 4700 τὸ
3575 4642 3753 4720 ὄνομα

2096 4725 2487 4805 διδαχθέντων.
2544 4731 2694 4788 Μετὰ
2753 4728 2811 4787 δέ
2866 4732 2930 4789 τὸ
2985 4740 3309 4810 γεννηθῆναι
3365 4738 3456 4790 καί
3512 4735 3751 4806 ἀνατραο

2097 4826 2285 4898 φῆναι,
2343 4817 2398 4876 ἐν
2456 4819 2675 4895 παιδείᾳ
2729 4823 2820 4880 καὶ
2873 4824 3123 4899 νουθεσίᾳ
3173 4826 3264 4896 ἦν·
3296 4825 3549 4883 ἀπελθὼν
3587 4827 3665 4892 είς
3695 4827 3748 4884 tv

2093 4912 2202 4964 τῶν
2251 4911 2388 4966 κατὰ
2432 4911 2530 4981 τήν
2592 4913 2828 4992 Ἔφεσον
2882 4915 3286 4991 μοναστηρίων,
3321 4914 3373 4972 ἐν
3402 4917 3448 4991 ᾧ
3480 4913 3750 4995 διέτρ.6ον

2099 4995 2418 5066 ὀκτακόσιος
2499 5001 2751 5073 ἀσκηταὶ,
2840 5000 3049 5081 ἐγένετο
3137 5007 3398 5082 μοναχός,
3486 5005 3586 5065 Καὶ
3682 5009 3751 5079 ἦν

2095 5089 2495 5164 ἀγωνιζόμενος
2558 5092 2691 5169 ὑπὲρ
2759 5091 2917 5150 φύσιν
2984 5095 3352 5167 ἀνθρωπίνην.
3419 5101 3752 5173 Θρηνοῦντες

2096 5175 2152 5234 δέ
2208 5180 2307 5250 τήν
2393 5179 2556 5236 αὐτοῦ
2643 5183 2897 5257 στέρησιν
2969 5185 3021 5239 οἱ
3090 5191 3268 5262 γονεῖς
3333 5183 3747 5261 ἐτυφλώθησαν.

2094 5268 2198 5325 Καὶ
2260 5267 2513 5344 δ.ωγμοῦ
2604 5271 2921 5343 κινηθέντος
3012 5273 3148 5330 κατᾶ
3210 5275 3317 5331 τῶν
3385 5279 3746 5352 Χριστιανῶν,

2092 5356 2182 5413 καὶ
2263 5363 2371 5415 τῶν
2460 5360 2708 5432 ἀσκητῶν
2786 5361 3000 5419 πάντων
3055 5365 3361 5443 φυγόντων,
3420 5365 3748 5443 παρεγένετο

2091 5447 2180 5503 καὶ
2213 5446 2374 5512 αὐτὸς
2434 5450 2510 5513 εἷς
2564 5451 2656 5506 τὸν
2715 5452 2861 5508 οἶκον
2921 5453 3089 5510 αὐτοῦ
3147 5455 3223 5517 ὡς
3280 5455 3449 5526 ξένος.
3497 5455 3754 5521 Καῖτοὺς

2095 5537 2190 5612 μὶν
2245 5544 2424 5615 γονεῖς
2484 5537 2706 5612 ἐποίησε
2763 5539 2833 5598 δι’
2890 5543 3060 5620 εὐχῆς
3113 5539 3435 5620 ἀναϐλέψαι·
3477 5545 3664 5603 ἑαυτὸν
3695 5543 3753 5604 δδ

2091 5625 2206 5724 ούκΔ
2236 5628 2581 5724 ἀπεκάλυψεν
2630 5629 2846 5724 -αύτοῖςο
2902 5631 3048 5690 ἀλλά
3098 5633 3416 5724 γράψας-μὲν
3463 5638 3646 5724 χάρ-τη
3675 5635 3743 5693 τὰ

2087 5717 2206 5773 κατ’
2235 5717 2416 5791 αὐτὸν,
2473 5719 2564 5776 καὶ
2621 5721 2733 5787 θεὶς
2791 5722 2844 5778 ἐν
2901 5727 3002 5797 μιᾷ
3056 5727 3163 5781 τῶν
3205 5713 3742 5801 θυρίδων,ἀπῆλθεν
