  <div class='ocr_page' id='page_1' title='image "/cluster/home/n/w/nwhite01/storage/ocr_20150623/117/hvd.32044073502239/276.png"; bbox 0 0 4084 6202; ppageno 0'>
   <div class='ocr_carea' id='block_1_1' title="bbox 307 351 423 409">
    <p class='ocr_par' dir='ltr' id='par_1_1' title="bbox 307 351 423 409">
     <span class='ocr_line' id='line_1_1' title="bbox 307 351 423 409; baseline 0 0"><span class='ocrx_word' id='word_1_1' title='bbox 307 351 423 409; x_wconf 70' lang='grc'>541</span> 
     </span>
    </p>
   </div>
   <div class='ocr_carea' id='block_1_2' title="bbox 1863 350 2159 413">
    <p class='ocr_par' dir='ltr' id='par_1_2' title="bbox 1863 350 2159 413">
     <span class='ocr_line' id='line_1_2' title="bbox 1863 350 2159 413; baseline -0.003 -3"><span class='ocrx_word' id='word_1_2' title='bbox 1863 350 2159 413; x_wconf 84' lang='lat' dir='ltr'>JULIUS.</span> 
     </span>
    </p>
   </div>
   <div class='ocr_carea' id='block_1_3' title="bbox 3606 346 3725 421">
    <p class='ocr_par' dir='ltr' id='par_1_3' title="bbox 3606 346 3725 421">
     <span class='ocr_line' id='line_1_3' title="bbox 3606 346 3725 421; baseline 0.017 -2"><span class='ocrx_word' id='word_1_3' title='bbox 3606 346 3725 421; x_wconf 61' lang='grc' dir='ltr'>διε</span> 
     </span>
    </p>
   </div>
   <div class='ocr_carea' id='block_1_4' title="bbox 304 481 1961 561">
    <p class='ocr_par' dir='ltr' id='par_1_4' title="bbox 304 481 1955 561">
     <span class='ocr_line' id='line_1_4' title="bbox 304 481 1955 561; baseline 0.001 -23"><span class='ocrx_word' id='word_1_4' title='bbox 304 481 386 545; x_wconf 76' lang='grc' dir='ltr'>εἷς</span> <span class='ocrx_word' id='word_1_5' title='bbox 416 482 757 558; x_wconf 74' lang='grc' dir='ltr'>Μαγνησίαν,</span> <span class='ocrx_word' id='word_1_6' title='bbox 790 485 955 549; x_wconf 80' lang='grc' dir='ltr'>Ἔνθα</span> <span class='ocrx_word' id='word_1_7' title='bbox 1003 482 1189 540; x_wconf 81' lang='grc' dir='ltr'>πολλᾶ</span> <span class='ocrx_word' id='word_1_8' title='bbox 1229 483 1479 559; x_wconf 85' lang='grc' dir='ltr'>θαύματα</span> <span class='ocrx_word' id='word_1_9' title='bbox 1533 485 1786 558; x_wconf 71' lang='grc' dir='ltr'>ποιήσας,</span> <span class='ocrx_word' id='word_1_10' title='bbox 1819 484 1955 561; x_wconf 88' lang='grc' dir='ltr'>πρὸς</span> 
     </span>
    </p>
   </div>
   <div class='ocr_carea' id='block_1_5' title="bbox 2076 481 3724 561">
    <p class='ocr_par' dir='ltr' id='par_1_5' title="bbox 2076 484 3724 561">
     <span class='ocr_line' id='line_1_5' title="bbox 2076 484 3724 561; baseline 0.006 -20"><span class='ocrx_word' id='word_1_11' title='bbox 2076 484 2197 555; x_wconf 87' lang='lat' dir='ltr'>dit;</span> <span class='ocrx_word' id='word_1_12' title='bbox 2230 485 2330 542; x_wconf 93' lang='lat' dir='ltr'>ubi</span> <span class='ocrx_word' id='word_1_13' title='bbox 2365 487 2568 543; x_wconf 89' lang='lat' dir='ltr'>multis</span> <span class='ocrx_word' id='word_1_14' title='bbox 2598 488 2846 560; x_wconf 81' lang='lat' dir='ltr'>patratis</span> <span class='ocrx_word' id='word_1_15' title='bbox 2898 490 3224 561; x_wconf 80' lang='lat' dir='ltr'>miraculis,</span> <span class='ocrx_word' id='word_1_16' title='bbox 3276 493 3351 550; x_wconf 88' lang='lat' dir='ltr'>ad</span> <span class='ocrx_word' id='word_1_17' title='bbox 3397 495 3580 550; x_wconf 89' lang='lat' dir='ltr'>Deum</span> <span class='ocrx_word' id='word_1_18' title='bbox 3612 495 3724 551; x_wconf 91' lang='lat' dir='ltr'>mi-</span> 
     </span>
    </p>
   </div>
   <div class='ocr_carea' id='block_1_6' title="bbox 308 570 835 646">
    <p class='ocr_par' dir='ltr' id='par_1_6' title="bbox 308 570 835 646">
     <span class='ocr_line' id='line_1_6' title="bbox 308 570 835 646; baseline 0.006 -18"><span class='ocrx_word' id='word_1_19' title='bbox 308 572 441 628; x_wconf 85' lang='grc' dir='ltr'>Θεὸν</span> <span class='ocrx_word' id='word_1_20' title='bbox 475 570 835 646; x_wconf 73' lang='grc' dir='ltr'>ἐξεδήμησεν.</span> 
     </span>
    </p>
   </div>
   <div class='ocr_carea' id='block_1_7' title="bbox 316 743 1963 889">
    <p class='ocr_par' dir='ltr' id='par_1_7' title="bbox 316 743 1963 889">
     <span class='ocr_line' id='line_1_7' title="bbox 316 743 1963 889; baseline -0.002 -87"><span class='ocrx_word' id='word_1_21' title='bbox 316 745 424 802; x_wconf 84' lang='grc' dir='ltr'>Καὶ</span> <span class='ocrx_word' id='word_1_22' title='bbox 463 745 654 819; x_wconf 74' lang='grc' dir='ltr'>μνήμη</span> <span class='ocrx_word' id='word_1_23' title='bbox 685 748 783 801; x_wconf 90' lang='grc' dir='ltr'>τοῦ</span> <span class='ocrx_word' id='word_1_24' title='bbox 816 744 967 800; x_wconf 86' lang='grc' dir='ltr'>όσίου</span> <span class='ocrx_word' id='word_1_25' title='bbox 1015 744 1227 889; x_wconf 54' lang='grc' dir='ltr'>ῌιατρὲς</span> <span class='ocrx_word' id='word_1_26' title='bbox 1267 747 1428 819; x_wconf 81' lang='grc' dir='ltr'>ἡμῶν</span> <span class='ocrx_word' id='word_1_27' title='bbox 1461 746 1549 800; x_wconf 74' lang='grc' dir='ltr'>καὶ</span> <span class='ocrx_word' id='word_1_28' title='bbox 1605 743 1963 822; x_wconf 86' lang='grc' dir='ltr'>ὁμολογητοῦ</span> 
     </span>
     <span class='ocr_line' id='line_1_8' title="bbox 1080 839 1261 889; baseline 0.011 -18"><span class='ocrx_word' id='word_1_29' title='bbox 1080 839 1124 871; x_wconf 93' lang='grc' dir='ltr'>ω</span> <span class='ocrx_word' id='word_1_30' title='bbox 1202 839 1261 889; x_wconf 81' lang='grc' dir='ltr'>φ.</span> 
     </span>
    </p>
   </div>
   <div class='ocr_carea' id='block_1_8' title="bbox 1080 839 1261 895">
    <p class='ocr_par' dir='ltr' id='par_1_8' title="bbox 1080 839 1261 895">
     <span class='ocr_line' id='line_1_9' title="bbox 1080 839 1261 895; baseline 0.011 -24"><span class='ocrx_word' id='word_1_31' title='bbox 1080 839 1261 895; x_wconf 73' lang='grc' dir='ltr'>ωσηφ.</span> 
     </span>
    </p>
   </div>
   <div class='ocr_carea' id='block_1_9' title="bbox 390 950 1962 1030">
    <p class='ocr_par' dir='ltr' id='par_1_9' title="bbox 390 950 1962 1030">
     <span class='ocr_line' id='line_1_10' title="bbox 390 950 1962 1030; baseline -0.002 -22"><span class='ocrx_word' id='word_1_32' title='bbox 390 954 591 1030; x_wconf 69' lang='grc' dir='ltr'>Ἰωσὴφ</span> <span class='ocrx_word' id='word_1_33' title='bbox 637 954 666 1008; x_wconf 98' lang='lat'>6</span> <span class='ocrx_word' id='word_1_34' title='bbox 723 952 775 1008; x_wconf 88' lang='grc' dir='ltr'>ἐν</span> <span class='ocrx_word' id='word_1_35' title='bbox 837 950 1015 1028; x_wconf 79' lang='grc' dir='ltr'>ἁγίοις</span> <span class='ocrx_word' id='word_1_36' title='bbox 1074 954 1263 1027; x_wconf 74' lang='grc' dir='ltr'>Πατὴρ</span> <span class='ocrx_word' id='word_1_37' title='bbox 1321 955 1483 1026; x_wconf 81' lang='grc' dir='ltr'>ἡμῶν</span> <span class='ocrx_word' id='word_1_38' title='bbox 1570 954 1820 1030; x_wconf 78' lang='grc' dir='ltr'>ὑπῆρχεν</span> <span class='ocrx_word' id='word_1_39' title='bbox 1873 952 1962 1008; x_wconf 81' lang='grc' dir='ltr'>ἐπὶ</span> 
     </span>
    </p>
   </div>
   <div class='ocr_carea' id='block_1_10' title="bbox 308 1042 1958 1122">
    <p class='ocr_par' dir='ltr' id='par_1_10' title="bbox 308 1042 1958 1122">
     <span class='ocr_line' id='line_1_11' title="bbox 308 1042 1958 1122; baseline -0.002 -21"><span class='ocrx_word' id='word_1_40' title='bbox 308 1051 415 1114; x_wconf 79' lang='grc' dir='ltr'>τῆς</span> <span class='ocrx_word' id='word_1_41' title='bbox 452 1042 732 1121; x_wconf 75' lang='grc' dir='ltr'>βασιλείας</span> <span class='ocrx_word' id='word_1_42' title='bbox 761 1044 1031 1122; x_wconf 74' lang='grc' dir='ltr'>Θεοφίλου</span> <span class='ocrx_word' id='word_1_43' title='bbox 1073 1048 1168 1098; x_wconf 87' lang='grc' dir='ltr'>τοῦ</span> <span class='ocrx_word' id='word_1_44' title='bbox 1226 1043 1638 1117; x_wconf 71' lang='grc' dir='ltr'>Εἷκονομάχου,</span> <span class='ocrx_word' id='word_1_45' title='bbox 1690 1044 1805 1105; x_wconf 75' lang='grc' dir='ltr'>υίὸς</span> <span class='ocrx_word' id='word_1_46' title='bbox 1865 1043 1958 1117; x_wconf 70' lang='grc' dir='ltr'>μὲν</span> 
     </span>
    </p>
   </div>
   <div class='ocr_carea' id='block_1_11' title="bbox 314 1129 1962 1210">
    <p class='ocr_par' dir='ltr' id='par_1_11' title="bbox 314 1129 1962 1210">
     <span class='ocr_line' id='line_1_12' title="bbox 314 1129 1962 1210; baseline -0.001 -21"><span class='ocrx_word' id='word_1_47' title='bbox 314 1137 598 1189; x_wconf 82' lang='grc' dir='ltr'>Φωτεινοῦ</span> <span class='ocrx_word' id='word_1_48' title='bbox 662 1134 753 1188; x_wconf 82' lang='grc' dir='ltr'>καὶ</span> <span class='ocrx_word' id='word_1_49' title='bbox 839 1132 1188 1204; x_wconf 88' lang='grc' dir='ltr'>Θεοκτίστης,</span> <span class='ocrx_word' id='word_1_50' title='bbox 1248 1130 1482 1210; x_wconf 79' lang='grc' dir='ltr'>ἀδελφὸς</span> <span class='ocrx_word' id='word_1_51' title='bbox 1562 1130 1619 1187; x_wconf 72' lang='grc' dir='ltr'>δέ</span> <span class='ocrx_word' id='word_1_52' title='bbox 1677 1129 1962 1208; x_wconf 85' lang='grc' dir='ltr'>Θεοδώρου</span> 
     </span>
    </p>
   </div>
   <div class='ocr_carea' id='block_1_12' title="bbox 310 1219 1963 1299">
    <p class='ocr_par' dir='ltr' id='par_1_12' title="bbox 310 1219 1963 1299">
     <span class='ocr_line' id='line_1_13' title="bbox 310 1219 1963 1299; baseline -0.002 -21"><span class='ocrx_word' id='word_1_53' title='bbox 310 1221 629 1299; x_wconf 72' lang='grc' dir='ltr'>ἡγουμένου</span> <span class='ocrx_word' id='word_1_54' title='bbox 658 1227 767 1278; x_wconf 82' lang='grc' dir='ltr'>τῶν</span> <span class='ocrx_word' id='word_1_55' title='bbox 804 1221 1090 1278; x_wconf 81' lang='grc' dir='ltr'>Στουδίου’</span> <span class='ocrx_word' id='word_1_56' title='bbox 1124 1222 1183 1285; x_wconf 77' lang='grc' dir='ltr'>ὅς</span> <span class='ocrx_word' id='word_1_57' title='bbox 1231 1219 1320 1277; x_wconf 74' lang='grc' dir='ltr'>διὰ</span> <span class='ocrx_word' id='word_1_58' title='bbox 1352 1224 1454 1291; x_wconf 78' lang='grc' dir='ltr'>τήν</span> <span class='ocrx_word' id='word_1_59' title='bbox 1515 1221 1765 1297; x_wconf 75' lang='grc' dir='ltr'>ἐνάρετον</span> <span class='ocrx_word' id='word_1_60' title='bbox 1799 1221 1963 1278; x_wconf 82' lang='grc' dir='ltr'>αὐτοῦ</span> 
     </span>
    </p>
   </div>
   <div class='ocr_carea' id='block_1_13' title="bbox 312 1310 1964 1387">
    <p class='ocr_par' dir='ltr' id='par_1_13' title="bbox 312 1310 1964 1387">
     <span class='ocr_line' id='line_1_14' title="bbox 312 1310 1964 1387; baseline -0.003 -17"><span class='ocrx_word' id='word_1_61' title='bbox 312 1312 604 1370; x_wconf 83' lang='grc' dir='ltr'>πολιτείαν</span> <span class='ocrx_word' id='word_1_62' title='bbox 638 1315 808 1386; x_wconf 75' lang='grc' dir='ltr'>ψήφῳ</span> <span class='ocrx_word' id='word_1_63' title='bbox 829 1316 987 1386; x_wconf 80' lang='grc' dir='ltr'>κοινῇ</span> <span class='ocrx_word' id='word_1_64' title='bbox 1039 1312 1435 1387; x_wconf 71' lang='grc' dir='ltr'>χειροτονεῖται</span> <span class='ocrx_word' id='word_1_65' title='bbox 1483 1310 1777 1374; x_wconf 78' lang='grc' dir='ltr'>ἐπίσκοπος</span> <span class='ocrx_word' id='word_1_66' title='bbox 1832 1319 1964 1367; x_wconf 84' lang='grc' dir='ltr'>Θεσ-</span> 
     </span>
    </p>
   </div>
   <div class='ocr_carea' id='block_1_14' title="bbox 312 1398 1959 1477">
    <p class='ocr_par' dir='ltr' id='par_1_14' title="bbox 312 1398 1959 1477">
     <span class='ocr_line' id='line_1_15' title="bbox 312 1398 1959 1477; baseline -0.002 -18"><span class='ocrx_word' id='word_1_67' title='bbox 312 1402 634 1472; x_wconf 55' lang='grc' dir='ltr'>σαλονίκης</span> <span class='ocrx_word' id='word_1_68' title='bbox 670 1401 793 1458; x_wconf 88' lang='grc' dir='ltr'>ἔνθα</span> <span class='ocrx_word' id='word_1_69' title='bbox 850 1403 1053 1477; x_wconf 83' lang='grc' dir='ltr'>χρόνον</span> <span class='ocrx_word' id='word_1_70' title='bbox 1109 1401 1300 1476; x_wconf 83' lang='grc' dir='ltr'>ὀλίγον</span> <span class='ocrx_word' id='word_1_71' title='bbox 1356 1398 1661 1476; x_wconf 81' lang='grc' dir='ltr'>διατρίψας,</span> <span class='ocrx_word' id='word_1_72' title='bbox 1717 1401 1807 1456; x_wconf 87' lang='grc' dir='ltr'>καὶ</span> <span class='ocrx_word' id='word_1_73' title='bbox 1861 1403 1959 1471; x_wconf 81' lang='grc' dir='ltr'>τὴν</span> 
     </span>
    </p>
   </div>
   <div class='ocr_carea' id='block_1_15' title="bbox 313 1488 1958 1567">
    <p class='ocr_par' dir='ltr' id='par_1_15' title="bbox 313 1488 1958 1567">
     <span class='ocr_line' id='line_1_16' title="bbox 313 1488 1958 1567; baseline -0.001 -19"><span class='ocrx_word' id='word_1_74' title='bbox 313 1490 611 1567; x_wconf 79' lang='grc' dir='ltr'>ὀρθόδοξον</span> <span class='ocrx_word' id='word_1_75' title='bbox 673 1490 851 1546; x_wconf 87' lang='grc' dir='ltr'>πίστιν</span> <span class='ocrx_word' id='word_1_76' title='bbox 902 1488 1141 1564; x_wconf 76' lang='grc' dir='ltr'>διδάξας,</span> <span class='ocrx_word' id='word_1_77' title='bbox 1219 1491 1355 1566; x_wconf 85' lang='grc' dir='ltr'>πρὸς</span> <span class='ocrx_word' id='word_1_78' title='bbox 1409 1491 1507 1561; x_wconf 78' lang='grc' dir='ltr'>τὴν</span> <span class='ocrx_word' id='word_1_79' title='bbox 1571 1489 1958 1566; x_wconf 73' lang='grc' dir='ltr'>βασιλεύουσαν</span> 
     </span>
    </p>
   </div>
   <div class='ocr_carea' id='block_1_16' title="bbox 312 1578 1964 1656">
    <p class='ocr_par' dir='ltr' id='par_1_16' title="bbox 312 1578 1964 1656">
     <span class='ocr_line' id='line_1_17' title="bbox 312 1578 1964 1656; baseline -0.002 -16"><span class='ocrx_word' id='word_1_80' title='bbox 312 1584 621 1656; x_wconf 70' lang='grc' dir='ltr'>ὑπέστρεψε</span> <span class='ocrx_word' id='word_1_81' title='bbox 651 1580 814 1637; x_wconf 88' lang='grc' dir='ltr'>πόλιν</span> <span class='ocrx_word' id='word_1_82' title='bbox 855 1578 1098 1636; x_wconf 74' lang='grc' dir='ltr'>κελεύσει</span> <span class='ocrx_word' id='word_1_83' title='bbox 1163 1580 1445 1656; x_wconf 76' lang='grc' dir='ltr'>βασιλικῇ.</span> <span class='ocrx_word' id='word_1_84' title='bbox 1506 1579 1602 1635; x_wconf 79' lang='grc' dir='ltr'>Καὶ</span> <span class='ocrx_word' id='word_1_85' title='bbox 1658 1584 1964 1655; x_wconf 86' lang='grc' dir='ltr'>παραστάν-</span> 
     </span>
    </p>
   </div>
   <div class='ocr_carea' id='block_1_17' title="bbox 307 1667 1961 1748">
    <p class='ocr_par' dir='ltr' id='par_1_17' title="bbox 307 1667 1961 1748">
     <span class='ocr_line' id='line_1_18' title="bbox 307 1667 1961 1748; baseline -0.002 -20"><span class='ocrx_word' id='word_1_86' title='bbox 307 1695 404 1736; x_wconf 84' lang='grc' dir='ltr'>τες</span> <span class='ocrx_word' id='word_1_87' title='bbox 434 1672 596 1727; x_wconf 75' lang='grc' dir='ltr'>αὐτός</span> <span class='ocrx_word' id='word_1_88' title='bbox 627 1692 686 1726; x_wconf 87' lang='grc' dir='ltr'>τε</span> <span class='ocrx_word' id='word_1_89' title='bbox 740 1672 829 1726; x_wconf 86' lang='grc' dir='ltr'>καὶ</span> <span class='ocrx_word' id='word_1_90' title='bbox 892 1672 920 1725; x_wconf 88' lang='grc' dir='ltr'>ὁ</span> <span class='ocrx_word' id='word_1_91' title='bbox 960 1667 1195 1748; x_wconf 66' lang='grc' dir='ltr'>ἀδελφὸς</span> <span class='ocrx_word' id='word_1_92' title='bbox 1254 1670 1421 1725; x_wconf 77' lang='grc' dir='ltr'>αὐτοῦ</span> <span class='ocrx_word' id='word_1_93' title='bbox 1471 1675 1551 1743; x_wconf 80' lang='grc' dir='ltr'>τῷ</span> <span class='ocrx_word' id='word_1_94' title='bbox 1611 1670 1961 1745; x_wconf 81' lang='grc' dir='ltr'>είκονομάχῳ</span> 
     </span>
    </p>
   </div>
   <div class='ocr_carea' id='block_1_18' title="bbox 317 1762 1960 1839">
    <p class='ocr_par' dir='ltr' id='par_1_18' title="bbox 317 1762 1960 1839">
     <span class='ocr_line' id='line_1_19' title="bbox 317 1762 1960 1839; baseline -0.002 -21"><span class='ocrx_word' id='word_1_95' title='bbox 317 1763 559 1839; x_wconf 85' lang='grc' dir='ltr'>βασιλεῖ,</span> <span class='ocrx_word' id='word_1_96' title='bbox 618 1763 991 1837; x_wconf 70' lang='grc' dir='ltr'>ἠναγκάζοντο</span> <span class='ocrx_word' id='word_1_97' title='bbox 1045 1762 1380 1834; x_wconf 76' lang='grc' dir='ltr'>ἀρνήσασθαι</span> <span class='ocrx_word' id='word_1_98' title='bbox 1435 1762 1535 1829; x_wconf 80' lang='grc' dir='ltr'>τὴν</span> <span class='ocrx_word' id='word_1_99' title='bbox 1594 1762 1960 1837; x_wconf 76' lang='grc' dir='ltr'>προσκύνησιν</span> 
     </span>
    </p>
   </div>
   <div class='ocr_carea' id='block_1_19' title="bbox 2072 578 2279 649">
    <p class='ocr_par' dir='ltr' id='par_1_19' title="bbox 2072 578 2279 649">
     <span class='ocr_line' id='line_1_20' title="bbox 2072 578 2279 649; baseline 0.01 -18"><span class='ocrx_word' id='word_1_100' title='bbox 2072 578 2279 649; x_wconf 77' lang='lat' dir='ltr'>gravit.</span> 
     </span>
    </p>
   </div>
   <div class='ocr_carea' id='block_1_20' title="bbox 2074 738 3727 879">
    <p class='ocr_par' dir='ltr' id='par_1_20' title="bbox 2074 738 3727 879">
     <span class='ocr_line' id='line_1_21' title="bbox 2074 738 3727 879; baseline 0.005 -86"><span class='ocrx_word' id='word_1_101' title='bbox 2074 738 2221 794; x_wconf 71' lang='grc'>167</span> <span class='ocrx_word' id='word_1_102' title='bbox 2254 741 2325 794; x_wconf 83' lang='lat' dir='ltr'>Et</span> <span class='ocrx_word' id='word_1_103' title='bbox 2354 742 2797 796; x_wconf 80' lang='lat' dir='ltr'>commemoratio</span> <span class='ocrx_word' id='word_1_104' title='bbox 2824 744 3027 879; x_wconf 65' lang='lat' dir='ltr'>fsancti</span> <span class='ocrx_word' id='word_1_105' title='bbox 3082 744 3267 800; x_wconf 80' lang='lat' dir='ltr'>Patris</span> <span class='ocrx_word' id='word_1_106' title='bbox 3312 748 3484 800; x_wconf 78' lang='lat' dir='ltr'>nostri</span> <span class='ocrx_word' id='word_1_107' title='bbox 3527 748 3727 819; x_wconf 78' lang='lat' dir='ltr'>Ioseph</span> 
     </span>
     <span class='ocr_line' id='line_1_22' title="bbox 2724 828 3065 869; baseline 0.003 -2"><span class='ocrx_word' id='word_1_108' title='bbox 2724 828 2822 867; x_wconf 90' lang='lat' dir='ltr'>con</span> <span class='ocrx_word' id='word_1_109' title='bbox 2854 829 3065 869; x_wconf 77' lang='lat' dir='ltr'>essorzs.</span> 
     </span>
    </p>
   </div>
   <div class='ocr_carea' id='block_1_21' title="bbox 2724 828 3065 869">
    <p class='ocr_par' dir='ltr' id='par_1_21' title="bbox 2724 828 3065 869">
     <span class='ocr_line' id='line_1_23' title="bbox 2724 828 3065 869; baseline 0.006 -2"><span class='ocrx_word' id='word_1_110' title='bbox 2724 828 3065 869; x_wconf 71' lang='grc' dir='ltr'>οοηῑεεεονιε.</span> 
     </span>
    </p>
   </div>
   <div class='ocr_carea' id='block_1_22' title="bbox 2143 955 3731 1032">
    <p class='ocr_par' dir='ltr' id='par_1_22' title="bbox 2143 955 3731 1032">
     <span class='ocr_line' id='line_1_24' title="bbox 2143 955 3731 1032; baseline 0.005 -23"><span class='ocrx_word' id='word_1_111' title='bbox 2143 955 2389 1010; x_wconf 87' lang='lat' dir='ltr'>Sanctus</span> <span class='ocrx_word' id='word_1_112' title='bbox 2416 957 2589 1010; x_wconf 89' lang='lat' dir='ltr'>Pater</span> <span class='ocrx_word' id='word_1_113' title='bbox 2616 960 2822 1012; x_wconf 87' lang='lat' dir='ltr'>noster</span> <span class='ocrx_word' id='word_1_114' title='bbox 2848 957 3084 1029; x_wconf 86' lang='lat' dir='ltr'>Joseph,</span> <span class='ocrx_word' id='word_1_115' title='bbox 3117 959 3441 1031; x_wconf 91' lang='lat' dir='ltr'>Theophilo</span> <span class='ocrx_word' id='word_1_116' title='bbox 3474 960 3731 1032; x_wconf 77' lang='lat' dir='ltr'>impera~</span> 
     </span>
    </p>
   </div>
   <div class='ocr_carea' id='block_1_23' title="bbox 2070 1044 3729 1120">
    <p class='ocr_par' dir='ltr' id='par_1_23' title="bbox 2070 1044 3729 1120">
     <span class='ocr_line' id='line_1_25' title="bbox 2070 1044 3729 1120; baseline 0.004 -22"><span class='ocrx_word' id='word_1_117' title='bbox 2070 1048 2195 1099; x_wconf 91' lang='lat' dir='ltr'>tore</span> <span class='ocrx_word' id='word_1_118' title='bbox 2236 1044 2644 1112; x_wconf 89' lang='lat' dir='ltr'>iconomacho,</span> <span class='ocrx_word' id='word_1_119' title='bbox 2704 1045 2955 1100; x_wconf 80' lang='lat' dir='ltr'>claruit:</span> <span class='ocrx_word' id='word_1_120' title='bbox 3012 1052 3070 1101; x_wconf 89' lang='lat' dir='ltr'>et</span> <span class='ocrx_word' id='word_1_121' title='bbox 3127 1047 3282 1103; x_wconf 83' lang='lat' dir='ltr'>{llius</span> <span class='ocrx_word' id='word_1_122' title='bbox 3342 1050 3584 1120; x_wconf 85' lang='lat' dir='ltr'>quidem</span> <span class='ocrx_word' id='word_1_123' title='bbox 3616 1050 3729 1106; x_wconf 86' lang='lat' dir='ltr'>fuit</span> 
     </span>
    </p>
   </div>
   <div class='ocr_carea' id='block_1_24' title="bbox 2069 1134 3723 1200">
    <p class='ocr_par' dir='ltr' id='par_1_24' title="bbox 2069 1134 3723 1200">
     <span class='ocr_line' id='line_1_26' title="bbox 2069 1134 3723 1200; baseline 0.005 -12"><span class='ocrx_word' id='word_1_124' title='bbox 2069 1134 2306 1188; x_wconf 90' lang='lat' dir='ltr'>Photini</span> <span class='ocrx_word' id='word_1_125' title='bbox 2366 1150 2434 1189; x_wconf 88' lang='lat' dir='ltr'>ac</span> <span class='ocrx_word' id='word_1_126' title='bbox 2490 1135 2877 1200; x_wconf 88' lang='lat' dir='ltr'>Theoctistes,</span> <span class='ocrx_word' id='word_1_127' title='bbox 2936 1136 3120 1191; x_wconf 81' lang='lat' dir='ltr'>frater</span> <span class='ocrx_word' id='word_1_128' title='bbox 3178 1144 3376 1193; x_wconf 91' lang='lat' dir='ltr'>autem</span> <span class='ocrx_word' id='word_1_129' title='bbox 3434 1140 3723 1197; x_wconf 89' lang='lat' dir='ltr'>Theodori</span> 
     </span>
    </p>
   </div>
   <div class='ocr_carea' id='block_1_25' title="bbox 2070 1225 3725 1301">
    <p class='ocr_par' dir='ltr' id='par_1_25' title="bbox 2070 1225 3725 1301">
     <span class='ocr_line' id='line_1_27' title="bbox 2070 1225 3725 1301; baseline 0.004 -22"><span class='ocrx_word' id='word_1_130' title='bbox 2070 1225 2256 1281; x_wconf 90' lang='lat' dir='ltr'>Studii</span> <span class='ocrx_word' id='word_1_131' title='bbox 2276 1225 2561 1297; x_wconf 65' lang='lat' dir='ltr'>prmfecti,</span> <span class='ocrx_word' id='word_1_132' title='bbox 2582 1227 2682 1297; x_wconf 90' lang='lat' dir='ltr'>qui</span> <span class='ocrx_word' id='word_1_133' title='bbox 2706 1227 2778 1281; x_wconf 92' lang='lat' dir='ltr'>ob</span> <span class='ocrx_word' id='word_1_134' title='bbox 2796 1228 3089 1300; x_wconf 81' lang='lat' dir='ltr'>insignem</span> <span class='ocrx_word' id='word_1_135' title='bbox 3116 1245 3345 1283; x_wconf 75' lang='lat' dir='ltr'>morum</span> <span class='ocrx_word' id='word_1_136' title='bbox 3370 1230 3725 1301; x_wconf 83' lang='lat' dir='ltr'>probitatem</span> 
     </span>
    </p>
   </div>
   <div class='ocr_carea' id='block_1_26' title="bbox 2070 1317 3725 1390">
    <p class='ocr_par' dir='ltr' id='par_1_26' title="bbox 2070 1317 3725 1390">
     <span class='ocr_line' id='line_1_28' title="bbox 2070 1317 3725 1390; baseline 0.003 -18"><span class='ocrx_word' id='word_1_137' title='bbox 2070 1317 2371 1372; x_wconf 87' lang='lat' dir='ltr'>communi</span> <span class='ocrx_word' id='word_1_138' title='bbox 2399 1318 2677 1390; x_wconf 69' lang='lat' dir='ltr'>suffragio</span> <span class='ocrx_word' id='word_1_139' title='bbox 2701 1318 3014 1389; x_wconf 90' lang='lat' dir='ltr'>episcopus</span> <span class='ocrx_word' id='word_1_140' title='bbox 3034 1320 3468 1376; x_wconf 69' lang='lat' dir='ltr'>Thessalonica)</span> <span class='ocrx_word' id='word_1_141' title='bbox 3491 1328 3725 1377; x_wconf 85' lang='lat' dir='ltr'>creatus</span> 
     </span>
    </p>
   </div>
   <div class='ocr_carea' id='block_1_27' title="bbox 2068 1406 3729 1467">
    <p class='ocr_par' dir='ltr' id='par_1_27' title="bbox 2068 1406 3729 1467">
     <span class='ocr_line' id='line_1_29' title="bbox 2068 1406 3729 1467; baseline 0.004 -6"><span class='ocrx_word' id='word_1_142' title='bbox 2068 1406 2416 1462; x_wconf 88' lang='lat' dir='ltr'>fuit.Paucis</span> <span class='ocrx_word' id='word_1_143' title='bbox 2436 1412 2635 1461; x_wconf 90' lang='lat' dir='ltr'>autem</span> <span class='ocrx_word' id='word_1_144' title='bbox 2658 1408 2833 1462; x_wconf 90' lang='lat' dir='ltr'>annis</span> <span class='ocrx_word' id='word_1_145' title='bbox 2854 1408 3168 1463; x_wconf 86' lang='lat' dir='ltr'>transactis</span> <span class='ocrx_word' id='word_1_146' title='bbox 3186 1425 3321 1464; x_wconf 90' lang='lat' dir='ltr'>cum</span> <span class='ocrx_word' id='word_1_147' title='bbox 3340 1410 3729 1467; x_wconf 85' lang='lat' dir='ltr'>orthodoxam</span> 
     </span>
    </p>
   </div>
   <div class='ocr_carea' id='block_1_28' title="bbox 2071 1496 3731 1570">
    <p class='ocr_par' dir='ltr' id='par_1_28' title="bbox 2071 1496 3731 1570">
     <span class='ocr_line' id='line_1_30' title="bbox 2071 1496 3731 1570; baseline 0.002 -19"><span class='ocrx_word' id='word_1_148' title='bbox 2071 1496 2247 1551; x_wconf 78' lang='lat' dir='ltr'>ﬁdem</span> <span class='ocrx_word' id='word_1_149' title='bbox 2301 1496 2623 1565; x_wconf 87' lang='lat' dir='ltr'>docuisset,</span> <span class='ocrx_word' id='word_1_150' title='bbox 2681 1496 2756 1552; x_wconf 87' lang='lat' dir='ltr'>ad</span> <span class='ocrx_word' id='word_1_151' title='bbox 2808 1497 3030 1569; x_wconf 82' lang='lat' dir='ltr'>regiam</span> <span class='ocrx_word' id='word_1_152' title='bbox 3090 1496 3298 1552; x_wconf 89' lang='lat' dir='ltr'>urbem</span> <span class='ocrx_word' id='word_1_153' title='bbox 3354 1498 3731 1570; x_wconf 84' lang='lat' dir='ltr'>imperatoris</span> 
     </span>
    </p>
   </div>
   <div class='ocr_carea' id='block_1_29' title="bbox 2061 1586 3732 1658">
    <p class='ocr_par' dir='ltr' id='par_1_29' title="bbox 2061 1586 3732 1658">
     <span class='ocr_line' id='line_1_31' title="bbox 2061 1586 3732 1658; baseline 0.001 -16"><span class='ocrx_word' id='word_1_154' title='bbox 2061 1586 2237 1658; x_wconf 86' lang='lat' dir='ltr'>jussu</span> <span class='ocrx_word' id='word_1_155' title='bbox 2270 1586 2622 1641; x_wconf 86' lang='lat' dir='ltr'>revertitur:</span> <span class='ocrx_word' id='word_1_156' title='bbox 2657 1586 2903 1658; x_wconf 88' lang='lat' dir='ltr'>ipseque</span> <span class='ocrx_word' id='word_1_157' title='bbox 2927 1602 2995 1642; x_wconf 92' lang='lat' dir='ltr'>ac</span> <span class='ocrx_word' id='word_1_158' title='bbox 3022 1586 3206 1641; x_wconf 83' lang='lat' dir='ltr'>frater</span> <span class='ocrx_word' id='word_1_159' title='bbox 3232 1587 3577 1658; x_wconf 87' lang='lat' dir='ltr'>imperatori</span> <span class='ocrx_word' id='word_1_160' title='bbox 3608 1588 3732 1643; x_wconf 83' lang='lat' dir='ltr'>ico-</span> 
     </span>
    </p>
   </div>
   <div class='ocr_carea' id='block_1_30' title="bbox 2070 1674 3726 1748">
    <p class='ocr_par' dir='ltr' id='par_1_30' title="bbox 2070 1674 3726 1748">
     <span class='ocr_line' id='line_1_32' title="bbox 2070 1674 3726 1748; baseline 0.002 -18"><span class='ocrx_word' id='word_1_161' title='bbox 2070 1675 2362 1730; x_wconf 83' lang='lat' dir='ltr'>nomacho</span> <span class='ocrx_word' id='word_1_162' title='bbox 2385 1674 2590 1743; x_wconf 88' lang='lat' dir='ltr'>oblati,</span> <span class='ocrx_word' id='word_1_163' title='bbox 2612 1676 2685 1731; x_wconf 89' lang='lat' dir='ltr'>ad</span> <span class='ocrx_word' id='word_1_164' title='bbox 2710 1674 3061 1748; x_wconf 87' lang='lat' dir='ltr'>ejurandam</span> <span class='ocrx_word' id='word_1_165' title='bbox 3081 1677 3555 1733; x_wconf 87' lang='lat' dir='ltr'>venerandarum</span> <span class='ocrx_word' id='word_1_166' title='bbox 3577 1679 3726 1733; x_wconf 86' lang='lat' dir='ltr'>ima-</span> 
     </span>
    </p>
   </div>
   <div class='ocr_carea' id='block_1_31' title="bbox 2069 1764 3723 1837">
    <p class='ocr_par' dir='ltr' id='par_1_31' title="bbox 2069 1764 3723 1837">
     <span class='ocr_line' id='line_1_33' title="bbox 2069 1764 3723 1837; baseline 0.003 -19"><span class='ocrx_word' id='word_1_167' title='bbox 2069 1765 2272 1837; x_wconf 71' lang='lat' dir='ltr'>ginum</span> <span class='ocrx_word' id='word_1_168' title='bbox 2304 1764 2713 1820; x_wconf 85' lang='lat' dir='ltr'>adorationem</span> <span class='ocrx_word' id='word_1_169' title='bbox 2767 1765 2987 1820; x_wconf 86' lang='lat' dir='ltr'>frustra</span> <span class='ocrx_word' id='word_1_170' title='bbox 3032 1766 3347 1837; x_wconf 88' lang='lat' dir='ltr'>compulsi.</span> <span class='ocrx_word' id='word_1_171' title='bbox 3381 1767 3723 1823; x_wconf 88' lang='lat' dir='ltr'>Theodorus</span> 
     </span>
    </p>
   </div>
   <div class='ocr_carea' id='block_1_32' title="bbox 308 1849 1961 1928">
    <p class='ocr_par' dir='ltr' id='par_1_32' title="bbox 308 1849 1961 1924">
     <span class='ocr_line' id='line_1_34' title="bbox 308 1849 1961 1924; baseline -0.002 -16"><span class='ocrx_word' id='word_1_172' title='bbox 308 1859 423 1908; x_wconf 82' lang='grc' dir='ltr'>τῶν</span> <span class='ocrx_word' id='word_1_173' title='bbox 457 1857 666 1908; x_wconf 82' lang='grc' dir='ltr'>σεπτῶν</span> <span class='ocrx_word' id='word_1_174' title='bbox 700 1851 948 1907; x_wconf 85' lang='grc' dir='ltr'>εἷ’κόνων.</span> <span class='ocrx_word' id='word_1_175' title='bbox 1006 1849 1104 1905; x_wconf 79' lang='grc' dir='ltr'>Καὶ</span> <span class='ocrx_word' id='word_1_176' title='bbox 1168 1850 1244 1922; x_wconf 86' lang='grc' dir='ltr'>μή</span> <span class='ocrx_word' id='word_1_177' title='bbox 1298 1849 1619 1918; x_wconf 70' lang='grc' dir='ltr'>πεισθέντες,</span> <span class='ocrx_word' id='word_1_178' title='bbox 1676 1852 1704 1906; x_wconf 84' lang='grc' dir='ltr'>ὁ</span> <span class='ocrx_word' id='word_1_179' title='bbox 1766 1852 1859 1924; x_wconf 77' lang='grc' dir='ltr'>μὲν</span> <span class='ocrx_word' id='word_1_180' title='bbox 1914 1850 1961 1907; x_wconf 81' lang='grc' dir='ltr'>ἐν</span> 
     </span>
    </p>
   </div>
   <div class='ocr_carea' id='block_1_33' title="bbox 2076 1849 3729 1928">
    <p class='ocr_par' dir='ltr' id='par_1_33' title="bbox 2077 1853 3729 1928">
     <span class='ocr_line' id='line_1_35' title="bbox 2077 1853 3729 1928; baseline 0.002 -19"><span class='ocrx_word' id='word_1_181' title='bbox 2077 1853 2319 1926; x_wconf 89' lang='lat' dir='ltr'>quidem</span> <span class='ocrx_word' id='word_1_182' title='bbox 2354 1854 2427 1909; x_wconf 87' lang='lat' dir='ltr'>ad</span> <span class='ocrx_word' id='word_1_183' title='bbox 2456 1854 2866 1926; x_wconf 79' lang='lat' dir='ltr'>Apolloniadis</span> <span class='ocrx_word' id='word_1_184' title='bbox 2901 1860 3176 1927; x_wconf 82' lang='lat' dir='ltr'>stagnum</span> <span class='ocrx_word' id='word_1_185' title='bbox 3198 1855 3469 1911; x_wconf 83' lang='lat' dir='ltr'>exsulare</span> <span class='ocrx_word' id='word_1_186' title='bbox 3488 1862 3579 1912; x_wconf 87' lang='lat' dir='ltr'>est</span> <span class='ocrx_word' id='word_1_187' title='bbox 3600 1858 3729 1928; x_wconf 85' lang='lat' dir='ltr'>jus-</span> 
     </span>
    </p>
   </div>
   <div class='ocr_carea' id='block_1_34' title="bbox 306 1937 1960 2016">
    <p class='ocr_par' dir='ltr' id='par_1_34' title="bbox 306 1937 1960 2016">
     <span class='ocr_line' id='line_1_36' title="bbox 306 1937 1960 2016; baseline -0.01 -2"><span class='ocrx_word' id='word_1_188' title='bbox 306 1946 378 2015; x_wconf 67' lang='grc' dir='ltr'>τῇ</span> <span class='ocrx_word' id='word_1_189' title='bbox 411 1945 513 2008; x_wconf 70' lang='grc' dir='ltr'>τῆς</span> <span class='ocrx_word' id='word_1_190' title='bbox 549 1937 1001 2002; x_wconf 82' lang='grc' dir='ltr'>’Δπολλωνιάδος</span> <span class='ocrx_word' id='word_1_191' title='bbox 1051 1938 1317 2013; x_wconf 82' lang='grc' dir='ltr'>ἐξωρίσθη</span> <span class='ocrx_word' id='word_1_192' title='bbox 1379 1937 1550 2013; x_wconf 81' lang='grc' dir='ltr'>λίμνῃ</span> <span class='ocrx_word' id='word_1_193' title='bbox 1584 1941 1613 1995; x_wconf 92' lang='lat'>6</span> <span class='ocrx_word' id='word_1_194' title='bbox 1659 1938 1960 2016; x_wconf 83' lang='grc' dir='ltr'>Θεόδωρος·</span> 
     </span>
    </p>
   </div>
   <div class='ocr_carea' id='block_1_35' title="bbox 315 2026 1960 2109">
    <p class='ocr_par' dir='ltr' id='par_1_35' title="bbox 315 2026 1960 2109">
     <span class='ocr_line' id='line_1_37' title="bbox 315 2026 1960 2109; baseline 0.026 -23"><span class='ocrx_word' id='word_1_195' title='bbox 315 2034 345 2087; x_wconf 75' lang='grc' dir='ltr'>δ</span> <span class='ocrx_word' id='word_1_196' title='bbox 380 2029 438 2087; x_wconf 79' lang='grc' dir='ltr'>δὲ</span> <span class='ocrx_word' id='word_1_197' title='bbox 491 2030 763 2106; x_wconf 75' lang='grc' dir='ltr'>φυλακαῖς</span> <span class='ocrx_word' id='word_1_198' title='bbox 821 2028 1105 2107; x_wconf 74' lang='grc' dir='ltr'>διαφόροις</span> <span class='ocrx_word' id='word_1_199' title='bbox 1162 2026 1583 2103; x_wconf 64' lang='grc' dir='ltr'>προσομιλήσας</span> <span class='ocrx_word' id='word_1_200' title='bbox 1644 2032 1672 2085; x_wconf 78' lang='grc' dir='ltr'>δ</span> <span class='ocrx_word' id='word_1_201' title='bbox 1731 2031 1960 2109; x_wconf 48' lang='lat' dir='ltr'>&quot;mli,</span> 
     </span>
    </p>
   </div>
   <div class='ocr_carea' id='block_1_36' title="bbox 307 2116 1959 2195">
    <p class='ocr_par' dir='ltr' id='par_1_36' title="bbox 307 2116 1959 2195">
     <span class='ocr_line' id='line_1_38' title="bbox 307 2116 1959 2195; baseline -0.001 -19"><span class='ocrx_word' id='word_1_202' title='bbox 307 2122 400 2176; x_wconf 78' lang='grc' dir='ltr'>καὶ</span> <span class='ocrx_word' id='word_1_203' title='bbox 435 2124 505 2195; x_wconf 72' lang='grc' dir='ltr'>τῇ</span> <span class='ocrx_word' id='word_1_204' title='bbox 564 2120 736 2195; x_wconf 75' lang='grc' dir='ltr'>λοιπῇ</span> <span class='ocrx_word' id='word_1_205' title='bbox 793 2120 1132 2190; x_wconf 82' lang='grc' dir='ltr'>κακοπαθείᾳ</span> <span class='ocrx_word' id='word_1_206' title='bbox 1184 2116 1601 2195; x_wconf 77' lang='grc' dir='ltr'>ἐγκαρτερήσας,</span> <span class='ocrx_word' id='word_1_207' title='bbox 1646 2120 1737 2174; x_wconf 84' lang='grc' dir='ltr'>καὶ</span> <span class='ocrx_word' id='word_1_208' title='bbox 1794 2119 1959 2175; x_wconf 85' lang='grc' dir='ltr'>πάλιν</span> 
     </span>
    </p>
   </div>
   <div class='ocr_carea' id='block_1_37' title="bbox 308 2205 1958 2284">
    <p class='ocr_par' dir='ltr' id='par_1_37' title="bbox 308 2205 1958 2284">
     <span class='ocr_line' id='line_1_39' title="bbox 308 2205 1958 2284; baseline -0.001 -19"><span class='ocrx_word' id='word_1_209' title='bbox 308 2208 402 2266; x_wconf 86' lang='grc' dir='ltr'>διά</span> <span class='ocrx_word' id='word_1_210' title='bbox 421 2231 571 2275; x_wconf 82' lang='grc' dir='ltr'>τινος</span> <span class='ocrx_word' id='word_1_211' title='bbox 597 2215 704 2266; x_wconf 82' lang='grc' dir='ltr'>τῶν</span> <span class='ocrx_word' id='word_1_212' title='bbox 738 2205 1009 2266; x_wconf 77' lang='grc' dir='ltr'>δυσσεϐὦν</span> <span class='ocrx_word' id='word_1_213' title='bbox 1068 2205 1467 2269; x_wconf 73' lang='grc' dir='ltr'>ἀποσταλέντος</span> <span class='ocrx_word' id='word_1_214' title='bbox 1523 2210 1670 2284; x_wconf 79' lang='grc' dir='ltr'>παρὰ</span> <span class='ocrx_word' id='word_1_215' title='bbox 1705 2214 1802 2264; x_wconf 91' lang='grc' dir='ltr'>τοῦ</span> <span class='ocrx_word' id='word_1_216' title='bbox 1860 2214 1958 2283; x_wconf 85' lang='grc' dir='ltr'>βα-</span> 
     </span>
    </p>
   </div>
   <div class='ocr_carea' id='block_1_38' title="bbox 309 2296 1959 2375">
    <p class='ocr_par' dir='ltr' id='par_1_38' title="bbox 309 2296 1959 2375">
     <span class='ocr_line' id='line_1_40' title="bbox 309 2296 1959 2375; baseline -0.001 -20"><span class='ocrx_word' id='word_1_217' title='bbox 309 2298 535 2369; x_wconf 69' lang='grc' dir='ltr'>σιλεως,</span> <span class='ocrx_word' id='word_1_218' title='bbox 570 2298 919 2375; x_wconf 71' lang='grc' dir='ltr'>ἀναγκασθεὶς</span> <span class='ocrx_word' id='word_1_219' title='bbox 970 2299 1285 2374; x_wconf 80' lang='grc' dir='ltr'>ὑπογράψαι</span> <span class='ocrx_word' id='word_1_220' title='bbox 1340 2300 1421 2368; x_wconf 81' lang='grc' dir='ltr'>τῷ</span> <span class='ocrx_word' id='word_1_221' title='bbox 1473 2296 1633 2371; x_wconf 82' lang='grc' dir='ltr'>τόμῳ</span> <span class='ocrx_word' id='word_1_222' title='bbox 1680 2301 1778 2364; x_wconf 83' lang='grc' dir='ltr'>τῆς</span> <span class='ocrx_word' id='word_1_223' title='bbox 1810 2299 1959 2373; x_wconf 67' lang='lat' dir='ltr'>alpi-</span> 
     </span>
    </p>
   </div>
   <div class='ocr_carea' id='block_1_39' title="bbox 305 2384 1957 2465">
    <p class='ocr_par' dir='ltr' id='par_1_39' title="bbox 305 2384 1957 2465">
     <span class='ocr_line' id='line_1_41' title="bbox 305 2384 1957 2465; baseline -0.002 -20"><span class='ocrx_word' id='word_1_224' title='bbox 305 2409 467 2457; x_wconf 80' lang='grc' dir='ltr'>σεως,</span> <span class='ocrx_word' id='word_1_225' title='bbox 524 2389 616 2444; x_wconf 82' lang='grc' dir='ltr'>καὶ</span> <span class='ocrx_word' id='word_1_226' title='bbox 677 2389 753 2463; x_wconf 77' lang='grc' dir='ltr'>μὴ</span> <span class='ocrx_word' id='word_1_227' title='bbox 814 2386 1207 2465; x_wconf 71' lang='grc' dir='ltr'>ἀνασχόμενος,</span> <span class='ocrx_word' id='word_1_228' title='bbox 1265 2384 1671 2449; x_wconf 79' lang='grc' dir='ltr'>κατακλεισθεὶς</span> <span class='ocrx_word' id='word_1_229' title='bbox 1720 2387 1796 2451; x_wconf 75' lang='grc' dir='ltr'>εἷς</span> <span class='ocrx_word' id='word_1_230' title='bbox 1838 2408 1957 2442; x_wconf 78' lang='grc' dir='ltr'>σκοο</span> 
     </span>
    </p>
   </div>
   <div class='ocr_carea' id='block_1_40' title="bbox 299 2477 1256 2558">
    <p class='ocr_par' dir='ltr' id='par_1_40' title="bbox 299 2477 1256 2558">
     <span class='ocr_line' id='line_1_42' title="bbox 299 2477 1256 2558; baseline 0.001 -25"><span class='ocrx_word' id='word_1_231' title='bbox 299 2478 608 2556; x_wconf 77' lang='grc' dir='ltr'>τεινοτέραν</span> <span class='ocrx_word' id='word_1_232' title='bbox 640 2479 909 2558; x_wconf 70' lang='grc' dir='ltr'>φυλακὴν,</span> <span class='ocrx_word' id='word_1_233' title='bbox 941 2477 1256 2549; x_wconf 88' lang='grc' dir='ltr'>ἐτελειώθη.</span> 
     </span>
    </p>
   </div>
   <div class='ocr_carea' id='block_1_41' title="bbox 867 2600 1395 2659">
    <p class='ocr_par' dir='ltr' id='par_1_41' title="bbox 867 2600 1395 2659">
     <span class='ocr_line' id='line_1_43' title="bbox 867 2600 1395 2659; baseline 0.008 -4"><span class='ocrx_word' id='word_1_234' title='bbox 867 2600 1045 2656; x_wconf 81' lang='lat' dir='ltr'>MHNI</span> <span class='ocrx_word' id='word_1_235' title='bbox 1077 2601 1162 2656; x_wconf 87' lang='grc' dir='ltr'>ΤΩ</span> <span class='ocrx_word' id='word_1_236' title='bbox 1198 2603 1395 2659; x_wconf 83' lang='grc' dir='ltr'>ΑΥΤΩ.</span> 
     </span>
    </p>
   </div>
   <div class='ocr_carea' id='block_1_42' title="bbox 411 2690 1844 2859">
    <p class='ocr_par' dir='ltr' id='par_1_42' title="bbox 411 2690 1844 2859">
     <span class='ocr_line' id='line_1_44' title="bbox 411 2690 1844 2859; baseline 0 -26"><span class='ocrx_word' id='word_1_237' title='bbox 411 2776 677 2849; x_wconf 79' lang='grc' dir='ltr'>’Λθλησις</span> <span class='ocrx_word' id='word_1_238' title='bbox 709 2782 816 2833; x_wconf 80' lang='grc' dir='ltr'>τῶν</span> <span class='ocrx_word' id='word_1_239' title='bbox 877 2780 1044 2859; x_wconf 73' lang='grc' dir='ltr'>ἁγίων</span> <span class='ocrx_word' id='word_1_240' title='bbox 1067 2690 1399 2859; x_wconf 41' lang='grc' dir='ltr'>ῗῗιαρτύρων</span> <span class='ocrx_word' id='word_1_241' title='bbox 1461 2779 1697 2859; x_wconf 84' lang='grc' dir='ltr'>Κυρίκου</span> <span class='ocrx_word' id='word_1_242' title='bbox 1753 2780 1844 2835; x_wconf 87' lang='grc' dir='ltr'>καὶ</span> 
     </span>
    </p>
   </div>
   <div class='ocr_carea' id='block_1_43' title="bbox 969 2850 1292 2924">
    <p class='ocr_par' dir='ltr' id='par_1_43' title="bbox 969 2850 1292 2924">
     <span class='ocr_line' id='line_1_45' title="bbox 969 2850 1292 2924; baseline 0.006 -16"><span class='ocrx_word' id='word_1_243' title='bbox 969 2850 1292 2924; x_wconf 65' lang='grc' dir='ltr'>Ἰουλίττηςζ</span> 
     </span>
    </p>
   </div>
   <div class='ocr_carea' id='block_1_44' title="bbox 375 2963 1956 3047">
    <p class='ocr_par' dir='ltr' id='par_1_44' title="bbox 375 2963 1956 3047">
     <span class='ocr_line' id='line_1_46' title="bbox 375 2963 1956 3047; baseline 0 -24"><span class='ocrx_word' id='word_1_244' title='bbox 375 2963 652 3023; x_wconf 85' lang='grc' dir='ltr'>Ἰουλίττα</span> <span class='ocrx_word' id='word_1_245' title='bbox 735 2969 770 3037; x_wconf 81' lang='grc' dir='ltr'>ἡ</span> <span class='ocrx_word' id='word_1_246' title='bbox 824 2970 922 3022; x_wconf 89' lang='grc' dir='ltr'>τοῦ</span> <span class='ocrx_word' id='word_1_247' title='bbox 974 2970 1206 3041; x_wconf 75' lang='grc' dir='ltr'>Χριστοῦ</span> <span class='ocrx_word' id='word_1_248' title='bbox 1293 2972 1522 3047; x_wconf 87' lang='grc' dir='ltr'>μάρτυς,</span> <span class='ocrx_word' id='word_1_249' title='bbox 1567 2969 1811 3045; x_wconf 74' lang='grc' dir='ltr'>ὑπῆρχεν</span> <span class='ocrx_word' id='word_1_250' title='bbox 1868 2969 1956 3024; x_wconf 77' lang='grc' dir='ltr'>ἐπὶ</span> 
     </span>
    </p>
   </div>
   <div class='ocr_carea' id='block_1_45' title="bbox 303 3054 1953 3132">
    <p class='ocr_par' dir='ltr' id='par_1_45' title="bbox 303 3054 1953 3132">
     <span class='ocr_line' id='line_1_47' title="bbox 303 3054 1953 3132; baseline 0.001 -21"><span class='ocrx_word' id='word_1_251' title='bbox 303 3054 706 3126; x_wconf 86' lang='grc' dir='ltr'>Διοκλητιανοῦ</span> <span class='ocrx_word' id='word_1_252' title='bbox 736 3060 831 3111; x_wconf 89' lang='grc' dir='ltr'>τοῦ</span> <span class='ocrx_word' id='word_1_253' title='bbox 866 3057 1155 3132; x_wconf 66' lang='grc' dir='ltr'>βασιλέως,</span> <span class='ocrx_word' id='word_1_254' title='bbox 1193 3057 1252 3115; x_wconf 86' lang='grc' dir='ltr'>ἐκ</span> <span class='ocrx_word' id='word_1_255' title='bbox 1298 3066 1398 3129; x_wconf 84' lang='grc' dir='ltr'>τῆς</span> <span class='ocrx_word' id='word_1_256' title='bbox 1430 3058 1647 3122; x_wconf 84' lang='grc' dir='ltr'>πόλεως</span> <span class='ocrx_word' id='word_1_257' title='bbox 1705 3060 1953 3116; x_wconf 77' lang='grc' dir='ltr'>Ἰκονίουο</span> 
     </span>
    </p>
   </div>
   <div class='ocr_carea' id='block_1_46' title="bbox 303 3144 1955 3225">
    <p class='ocr_par' dir='ltr' id='par_1_46' title="bbox 303 3144 1955 3225">
     <span class='ocr_line' id='line_1_48' title="bbox 303 3144 1955 3225; baseline -0.001 -23"><span class='ocrx_word' id='word_1_258' title='bbox 303 3144 394 3202; x_wconf 73' lang='grc' dir='ltr'>διὰ</span> <span class='ocrx_word' id='word_1_259' title='bbox 426 3144 484 3201; x_wconf 66' lang='grc' dir='ltr'>δὲ</span> <span class='ocrx_word' id='word_1_260' title='bbox 514 3146 603 3201; x_wconf 81' lang='grc' dir='ltr'>τὸν</span> <span class='ocrx_word' id='word_1_261' title='bbox 637 3144 1033 3222; x_wconf 74' lang='grc' dir='ltr'>ἐπικρατοῦντα</span> <span class='ocrx_word' id='word_1_262' title='bbox 1091 3145 1336 3225; x_wconf 83' lang='grc' dir='ltr'>διωγμὸν</span> <span class='ocrx_word' id='word_1_263' title='bbox 1394 3149 1446 3205; x_wconf 89' lang='grc' dir='ltr'>ἐν</span> <span class='ocrx_word' id='word_1_264' title='bbox 1533 3148 1768 3222; x_wconf 84' lang='grc' dir='ltr'>Ἰκονίῳ,</span> <span class='ocrx_word' id='word_1_265' title='bbox 1830 3148 1955 3202; x_wconf 85' lang='grc' dir='ltr'>άνα-</span> 
     </span>
    </p>
   </div>
   <div class='ocr_carea' id='block_1_47' title="bbox 2072 1944 3727 2016">
    <p class='ocr_par' dir='ltr' id='par_1_47' title="bbox 2072 1944 3727 2016">
     <span class='ocr_line' id='line_1_49' title="bbox 2072 1944 3727 2016; baseline 0.001 -17"><span class='ocrx_word' id='word_1_266' title='bbox 2072 1960 2191 1999; x_wconf 86' lang='lat' dir='ltr'>sus.</span> <span class='ocrx_word' id='word_1_267' title='bbox 2223 1944 2438 2016; x_wconf 86' lang='lat' dir='ltr'>Joseph</span> <span class='ocrx_word' id='word_1_268' title='bbox 2460 1960 2595 2000; x_wconf 81' lang='lat' dir='ltr'>vero</span> <span class='ocrx_word' id='word_1_269' title='bbox 2644 1961 2750 2016; x_wconf 91' lang='lat' dir='ltr'>per</span> <span class='ocrx_word' id='word_1_270' title='bbox 2785 1945 2977 1999; x_wconf 86' lang='lat' dir='ltr'>varios</span> <span class='ocrx_word' id='word_1_271' title='bbox 3007 1961 3276 2000; x_wconf 85' lang='lat' dir='ltr'>carceres</span> <span class='ocrx_word' id='word_1_272' title='bbox 3308 1945 3634 2011; x_wconf 88' lang='lat' dir='ltr'>traductus,</span> <span class='ocrx_word' id='word_1_273' title='bbox 3669 1952 3727 2002; x_wconf 89' lang='lat' dir='ltr'>et</span> 
     </span>
    </p>
   </div>
   <div class='ocr_carea' id='block_1_48' title="bbox 2070 2032 3727 2106">
    <p class='ocr_par' dir='ltr' id='par_1_48' title="bbox 2070 2032 3727 2106">
     <span class='ocr_line' id='line_1_50' title="bbox 2070 2032 3727 2106; baseline 0 -17"><span class='ocrx_word' id='word_1_274' title='bbox 2070 2032 2318 2105; x_wconf 88' lang='lat' dir='ltr'>reliquis</span> <span class='ocrx_word' id='word_1_275' title='bbox 2335 2034 2619 2089; x_wconf 67' lang='lat' dir='ltr'>aerumnis</span> <span class='ocrx_word' id='word_1_276' title='bbox 2641 2039 2817 2106; x_wconf 91' lang='lat' dir='ltr'>atque</span> <span class='ocrx_word' id='word_1_277' title='bbox 2841 2034 3238 2089; x_wconf 88' lang='lat' dir='ltr'>incommodis</span> <span class='ocrx_word' id='word_1_278' title='bbox 3260 2034 3490 2089; x_wconf 82' lang='lat' dir='ltr'>fortiter</span> <span class='ocrx_word' id='word_1_279' title='bbox 3513 2035 3727 2090; x_wconf 78' lang='lat' dir='ltr'>exhau-</span> 
     </span>
    </p>
   </div>
   <div class='ocr_carea' id='block_1_49' title="bbox 2070 2123 3724 2197">
    <p class='ocr_par' dir='ltr' id='par_1_49' title="bbox 2070 2123 3724 2197">
     <span class='ocr_line' id='line_1_51' title="bbox 2070 2123 3724 2197; baseline 0.001 -19"><span class='ocrx_word' id='word_1_280' title='bbox 2070 2124 2197 2191; x_wconf 88' lang='lat' dir='ltr'>stis,</span> <span class='ocrx_word' id='word_1_281' title='bbox 2239 2140 2447 2179; x_wconf 90' lang='lat' dir='ltr'>rursus</span> <span class='ocrx_word' id='word_1_282' title='bbox 2467 2123 2539 2179; x_wconf 88' lang='lat' dir='ltr'>ab</span> <span class='ocrx_word' id='word_1_283' title='bbox 2562 2124 2748 2195; x_wconf 92' lang='lat' dir='ltr'>impio</span> <span class='ocrx_word' id='word_1_284' title='bbox 2777 2124 3037 2195; x_wconf 89' lang='lat' dir='ltr'>quodam</span> <span class='ocrx_word' id='word_1_285' title='bbox 3059 2124 3132 2179; x_wconf 89' lang='lat' dir='ltr'>ad</span> <span class='ocrx_word' id='word_1_286' title='bbox 3168 2125 3590 2197; x_wconf 88' lang='lat' dir='ltr'>imperatorem</span> <span class='ocrx_word' id='word_1_287' title='bbox 3622 2141 3724 2180; x_wconf 91' lang='lat' dir='ltr'>re-</span> 
     </span>
    </p>
   </div>
   <div class='ocr_carea' id='block_1_50' title="bbox 2069 2213 3722 2285">
    <p class='ocr_par' dir='ltr' id='par_1_50' title="bbox 2069 2213 3722 2285">
     <span class='ocr_line' id='line_1_52' title="bbox 2069 2213 3722 2285; baseline 0.001 -16"><span class='ocrx_word' id='word_1_288' title='bbox 2069 2214 2288 2269; x_wconf 90' lang='lat' dir='ltr'>missus</span> <span class='ocrx_word' id='word_1_289' title='bbox 2321 2218 2446 2269; x_wconf 90' lang='lat' dir='ltr'>est:</span> <span class='ocrx_word' id='word_1_290' title='bbox 2483 2213 2821 2285; x_wconf 83' lang='lat' dir='ltr'>frustraque</span> <span class='ocrx_word' id='word_1_291' title='bbox 2852 2219 3135 2281; x_wconf 87' lang='lat' dir='ltr'>tentatus,</span> <span class='ocrx_word' id='word_1_292' title='bbox 3160 2218 3226 2269; x_wconf 89' lang='lat' dir='ltr'>ut</span> <span class='ocrx_word' id='word_1_293' title='bbox 3246 2215 3541 2270; x_wconf 64' lang='lat' dir='ltr'>haareseos</span> <span class='ocrx_word' id='word_1_294' title='bbox 3562 2218 3722 2271; x_wconf 88' lang='lat' dir='ltr'>tomo</span> 
     </span>
    </p>
   </div>
   <div class='ocr_carea' id='block_1_51' title="bbox 2068 2302 3712 2374">
    <p class='ocr_par' dir='ltr' id='par_1_51' title="bbox 2068 2302 3712 2374">
     <span class='ocr_line' id='line_1_53' title="bbox 2068 2302 3712 2374; baseline 0.001 -15"><span class='ocrx_word' id='word_1_295' title='bbox 2068 2302 2491 2371; x_wconf 86' lang='lat' dir='ltr'>subscriberet,</span> <span class='ocrx_word' id='word_1_296' title='bbox 2530 2303 2591 2359; x_wconf 90' lang='lat' dir='ltr'>in</span> <span class='ocrx_word' id='word_1_297' title='bbox 2636 2304 3003 2360; x_wconf 88' lang='lat' dir='ltr'>teterrimam</span> <span class='ocrx_word' id='word_1_298' title='bbox 3031 2302 3365 2360; x_wconf 87' lang='lat' dir='ltr'>custodiam</span> <span class='ocrx_word' id='word_1_299' title='bbox 3414 2303 3712 2374; x_wconf 89' lang='lat' dir='ltr'>detrusus,</span> 
     </span>
    </p>
   </div>
   <div class='ocr_carea' id='block_1_52' title="bbox 2065 2392 2484 2450">
    <p class='ocr_par' dir='ltr' id='par_1_52' title="bbox 2065 2392 2484 2450">
     <span class='ocr_line' id='line_1_54' title="bbox 2065 2392 2484 2450; baseline 0.005 -4"><span class='ocrx_word' id='word_1_300' title='bbox 2065 2393 2241 2449; x_wconf 85' lang='lat' dir='ltr'>vitam</span> <span class='ocrx_word' id='word_1_301' title='bbox 2277 2392 2484 2450; x_wconf 81' lang='lat' dir='ltr'>ﬁnivit.</span> 
     </span>
    </p>
   </div>
   <div class='ocr_carea' id='block_1_53' title="bbox 2624 2599 3154 2656">
    <p class='ocr_par' dir='ltr' id='par_1_53' title="bbox 2624 2599 3154 2656">
     <span class='ocr_line' id='line_1_55' title="bbox 2624 2599 3154 2656; baseline 0.002 -2"><span class='ocrx_word' id='word_1_302' title='bbox 2624 2600 2864 2656; x_wconf 86' lang='lat' dir='ltr'>EODEM</span> <span class='ocrx_word' id='word_1_303' title='bbox 2905 2599 3154 2655; x_wconf 86' lang='lat' dir='ltr'>MENSE.</span> 
     </span>
    </p>
   </div>
   <div class='ocr_carea' id='block_1_54' title="bbox 2561 2689 3214 2761">
    <p class='ocr_par' dir='ltr' id='par_1_54' title="bbox 2561 2689 3214 2761">
     <span class='ocr_line' id='line_1_56' title="bbox 2561 2689 3214 2761; baseline -0.002 -16"><span class='ocrx_word' id='word_1_304' title='bbox 2561 2689 2664 2745; x_wconf 91' lang='lat' dir='ltr'>Die</span> <span class='ocrx_word' id='word_1_305' title='bbox 2712 2689 2944 2745; x_wconf 89' lang='lat' dir='ltr'>decima</span> <span class='ocrx_word' id='word_1_306' title='bbox 2987 2689 3214 2761; x_wconf 88' lang='lat' dir='ltr'>quinta.</span> 
     </span>
    </p>
   </div>
   <div class='ocr_carea' id='block_1_55' title="bbox 2136 2775 3642 2849">
    <p class='ocr_par' dir='ltr' id='par_1_55' title="bbox 2136 2775 3642 2849">
     <span class='ocr_line' id='line_1_57' title="bbox 2136 2775 3642 2849; baseline -0.004 -11"><span class='ocrx_word' id='word_1_307' title='bbox 2136 2783 2422 2838; x_wconf 79' lang='lat' dir='ltr'>Certamen</span> <span class='ocrx_word' id='word_1_308' title='bbox 2452 2785 2769 2837; x_wconf 83' lang='lat' dir='ltr'>sanctorum</span> <span class='ocrx_word' id='word_1_309' title='bbox 2794 2785 3102 2848; x_wconf 78' lang='lat' dir='ltr'>martyrum</span> <span class='ocrx_word' id='word_1_310' title='bbox 3124 2775 3307 2849; x_wconf 65' lang='grc' dir='ltr'>σε]νίοἰ</span> <span class='ocrx_word' id='word_1_311' title='bbox 3328 2784 3379 2833; x_wconf 86' lang='lat' dir='ltr'>et</span> <span class='ocrx_word' id='word_1_312' title='bbox 3409 2776 3642 2833; x_wconf 65' lang='lat' dir='ltr'>Julittz.</span> 
     </span>
    </p>
   </div>
   <div class='ocr_carea' id='block_1_56' title="bbox 2137 2955 3718 3033">
    <p class='ocr_par' dir='ltr' id='par_1_56' title="bbox 2137 2955 3718 3033">
     <span class='ocr_line' id='line_1_58' title="bbox 2137 2955 3718 3033; baseline -0.003 -16"><span class='ocrx_word' id='word_1_313' title='bbox 2137 2963 2353 3033; x_wconf 85' lang='lat' dir='ltr'>Martyr</span> <span class='ocrx_word' id='word_1_314' title='bbox 2383 2958 2599 3015; x_wconf 86' lang='lat' dir='ltr'>Christi</span> <span class='ocrx_word' id='word_1_315' title='bbox 2619 2958 2824 3015; x_wconf 85' lang='lat' dir='ltr'>Julitta</span> <span class='ocrx_word' id='word_1_316' title='bbox 2844 2974 2913 3013; x_wconf 83' lang='lat' dir='ltr'>ex</span> <span class='ocrx_word' id='word_1_317' title='bbox 2936 2957 3082 3013; x_wconf 88' lang='lat' dir='ltr'>urbe</span> <span class='ocrx_word' id='word_1_318' title='bbox 3102 2958 3325 3025; x_wconf 90' lang='lat' dir='ltr'>Iconio,</span> <span class='ocrx_word' id='word_1_319' title='bbox 3352 2955 3718 3013; x_wconf 83' lang='lat' dir='ltr'>Diocletiano</span> 
     </span>
    </p>
   </div>
   <div class='ocr_carea' id='block_1_57' title="bbox 2065 3047 3722 3123">
    <p class='ocr_par' dir='ltr' id='par_1_57' title="bbox 2065 3047 3722 3123">
     <span class='ocr_line' id='line_1_59' title="bbox 2065 3047 3722 3123; baseline -0.004 -15"><span class='ocrx_word' id='word_1_320' title='bbox 2065 3050 2686 3123; x_wconf 88' lang='lat' dir='ltr'>imperatore,claruit.</span> <span class='ocrx_word' id='word_1_321' title='bbox 2706 3048 3001 3105; x_wconf 87' lang='lat' dir='ltr'>Gliscente</span> <span class='ocrx_word' id='word_1_322' title='bbox 3023 3053 3223 3105; x_wconf 88' lang='lat' dir='ltr'>autem</span> <span class='ocrx_word' id='word_1_323' title='bbox 3243 3047 3426 3103; x_wconf 91' lang='lat' dir='ltr'>Iconii</span> <span class='ocrx_word' id='word_1_324' title='bbox 3448 3064 3722 3120; x_wconf 87' lang='lat' dir='ltr'>persecu-</span> 
     </span>
    </p>
   </div>
   <div class='ocr_carea' id='block_1_58' title="bbox 2066 3137 3718 3212">
    <p class='ocr_par' dir='ltr' id='par_1_58' title="bbox 2066 3137 3718 3212">
     <span class='ocr_line' id='line_1_60' title="bbox 2066 3137 3718 3212; baseline -0.004 -15"><span class='ocrx_word' id='word_1_325' title='bbox 2066 3143 2373 3212; x_wconf 87' lang='lat' dir='ltr'>tione,una</span> <span class='ocrx_word' id='word_1_326' title='bbox 2391 3156 2525 3195; x_wconf 90' lang='lat' dir='ltr'>cum</span> <span class='ocrx_word' id='word_1_327' title='bbox 2558 3138 2680 3193; x_wconf 84' lang='lat' dir='ltr'>ﬁlio</span> <span class='ocrx_word' id='word_1_328' title='bbox 2704 3138 2908 3209; x_wconf 81' lang='lat' dir='ltr'>Cyrico</span> <span class='ocrx_word' id='word_1_329' title='bbox 2930 3137 3150 3193; x_wconf 89' lang='lat' dir='ltr'>trienni</span> <span class='ocrx_word' id='word_1_330' title='bbox 3172 3153 3356 3209; x_wconf 90' lang='lat' dir='ltr'>puero</span> <span class='ocrx_word' id='word_1_331' title='bbox 3389 3137 3718 3191; x_wconf 87' lang='lat' dir='ltr'>Seleuciam</span> 
     </span>
    </p>
   </div>
   <div class='ocr_carea' id='block_1_59' title="bbox 301 3226 1961 3315">
    <p class='ocr_par' dir='ltr' id='par_1_59' title="bbox 301 3232 1954 3315">
     <span class='ocr_line' id='line_1_61' title="bbox 301 3232 1954 3315; baseline 0 -23"><span class='ocrx_word' id='word_1_332' title='bbox 301 3232 595 3309; x_wconf 71' lang='grc' dir='ltr'>λαϐομένη</span> <span class='ocrx_word' id='word_1_333' title='bbox 672 3237 763 3292; x_wconf 87' lang='grc' dir='ltr'>τὸν</span> <span class='ocrx_word' id='word_1_334' title='bbox 820 3237 936 3292; x_wconf 67' lang='grc' dir='ltr'>υἱὸν</span> <span class='ocrx_word' id='word_1_335' title='bbox 1017 3239 1189 3308; x_wconf 75' lang='grc' dir='ltr'>αὐτῆς</span> <span class='ocrx_word' id='word_1_336' title='bbox 1268 3238 1498 3315; x_wconf 84' lang='grc' dir='ltr'>Κύρικον</span> <span class='ocrx_word' id='word_1_337' title='bbox 1560 3246 1744 3312; x_wconf 81' lang='grc' dir='ltr'>τριετῆ</span> <span class='ocrx_word' id='word_1_338' title='bbox 1805 3235 1954 3307; x_wconf 80' lang='grc' dir='ltr'>ὄντα,</span> 
     </span>
    </p>
   </div>
   <div class='ocr_carea' id='block_1_60' title="bbox 2076 3226 3720 3315">
    <p class='ocr_par' dir='ltr' id='par_1_60' title="bbox 2076 3226 3720 3298">
     <span class='ocr_line' id='line_1_62' title="bbox 2076 3226 3720 3298; baseline -0.005 -11"><span class='ocrx_word' id='word_1_339' title='bbox 2076 3230 2422 3296; x_wconf 85' lang='lat' dir='ltr'>contendit;</span> <span class='ocrx_word' id='word_1_340' title='bbox 2480 3228 2870 3298; x_wconf 89' lang='lat' dir='ltr'>eamdemque</span> <span class='ocrx_word' id='word_1_341' title='bbox 2946 3227 3167 3281; x_wconf 89' lang='lat' dir='ltr'>ibidem</span> <span class='ocrx_word' id='word_1_342' title='bbox 3244 3226 3720 3298; x_wconf 89' lang='lat' dir='ltr'>persecutionem</span> 
     </span>
    </p>
   </div>
   <div class='ocr_carea' id='block_1_61' title="bbox 309 3325 1958 3405">
    <p class='ocr_par' dir='ltr' id='par_1_61' title="bbox 309 3325 1958 3405">
     <span class='ocr_line' id='line_1_63' title="bbox 309 3325 1958 3405; baseline 0.001 -23"><span class='ocrx_word' id='word_1_343' title='bbox 309 3325 553 3396; x_wconf 78' lang='grc' dir='ltr'>ἀπῆλθεν</span> <span class='ocrx_word' id='word_1_344' title='bbox 606 3326 682 3389; x_wconf 79' lang='grc' dir='ltr'>εἷς</span> <span class='ocrx_word' id='word_1_345' title='bbox 752 3325 1095 3383; x_wconf 57' lang='grc' dir='ltr'>Σελεύκειαν</span> <span class='ocrx_word' id='word_1_346' title='bbox 1154 3328 1244 3384; x_wconf 84' lang='grc' dir='ltr'>καὶ</span> <span class='ocrx_word' id='word_1_347' title='bbox 1307 3329 1536 3405; x_wconf 75' lang='grc' dir='ltr'>εὑροῦσα</span> <span class='ocrx_word' id='word_1_348' title='bbox 1594 3329 1651 3385; x_wconf 76' lang='grc' dir='ltr'>δέ</span> <span class='ocrx_word' id='word_1_349' title='bbox 1708 3329 1819 3384; x_wconf 78' lang='grc' dir='ltr'>ἐκεῖ</span> <span class='ocrx_word' id='word_1_350' title='bbox 1867 3330 1958 3383; x_wconf 78' lang='grc' dir='ltr'>τὸν</span> 
     </span>
    </p>
   </div>
   <div class='ocr_carea' id='block_1_62' title="bbox 309 3412 1959 3493">
    <p class='ocr_par' dir='ltr' id='par_1_62' title="bbox 309 3412 1959 3493">
     <span class='ocr_line' id='line_1_64' title="bbox 309 3412 1959 3493; baseline 0.001 -22"><span class='ocrx_word' id='word_1_351' title='bbox 309 3415 470 3471; x_wconf 76' lang='grc' dir='ltr'>αὐτὸν</span> <span class='ocrx_word' id='word_1_352' title='bbox 519 3412 787 3490; x_wconf 79' lang='grc' dir='ltr'>διωγμὸν,</span> <span class='ocrx_word' id='word_1_353' title='bbox 846 3418 1171 3491; x_wconf 70' lang='grc' dir='ltr'>παρεγένετο</span> <span class='ocrx_word' id='word_1_354' title='bbox 1230 3418 1305 3480; x_wconf 82' lang='grc' dir='ltr'>εἰς</span> <span class='ocrx_word' id='word_1_355' title='bbox 1360 3420 1587 3493; x_wconf 85' lang='grc' dir='ltr'>Ταρσόν.</span> <span class='ocrx_word' id='word_1_356' title='bbox 1647 3420 1812 3483; x_wconf 79' lang='grc' dir='ltr'>Ἔνθα</span> <span class='ocrx_word' id='word_1_357' title='bbox 1870 3418 1959 3473; x_wconf 79' lang='grc' dir='ltr'>καὶ</span> 
     </span>
    </p>
   </div>
   <div class='ocr_carea' id='block_1_63' title="bbox 313 3502 1961 3583">
    <p class='ocr_par' dir='ltr' id='par_1_63' title="bbox 313 3502 1961 3583">
     <span class='ocr_line' id='line_1_65' title="bbox 313 3502 1961 3583; baseline 0.002 -23"><span class='ocrx_word' id='word_1_358' title='bbox 313 3502 729 3580; x_wconf 78' lang='grc' dir='ltr'>Ἀλέξανδροςὸ</span> <span class='ocrx_word' id='word_1_359' title='bbox 762 3508 1008 3583; x_wconf 79' lang='grc' dir='ltr'>ἡγεμὼν,</span> <span class='ocrx_word' id='word_1_360' title='bbox 1064 3507 1220 3580; x_wconf 84' lang='grc' dir='ltr'>ὠμὸς</span> <span class='ocrx_word' id='word_1_361' title='bbox 1274 3509 1364 3563; x_wconf 81' lang='grc' dir='ltr'>καὶ</span> <span class='ocrx_word' id='word_1_362' title='bbox 1419 3506 1699 3583; x_wconf 80' lang='grc' dir='ltr'>θηριώδης</span> <span class='ocrx_word' id='word_1_363' title='bbox 1758 3508 1961 3581; x_wconf 75' lang='grc' dir='ltr'>ἂνθρω-</span> 
     </span>
    </p>
   </div>
   <div class='ocr_carea' id='block_1_64' title="bbox 311 3589 1961 3673">
    <p class='ocr_par' dir='ltr' id='par_1_64' title="bbox 311 3589 1961 3673">
     <span class='ocr_line' id='line_1_66' title="bbox 311 3589 1961 3673; baseline 0.001 -25"><span class='ocrx_word' id='word_1_364' title='bbox 311 3615 439 3664; x_wconf 85' lang='grc' dir='ltr'>πος,</span> <span class='ocrx_word' id='word_1_365' title='bbox 497 3589 777 3665; x_wconf 72' lang='grc' dir='ltr'>ἐϐασάνιζε</span> <span class='ocrx_word' id='word_1_366' title='bbox 831 3596 959 3660; x_wconf 75' lang='grc' dir='ltr'>τοὺς</span> <span class='ocrx_word' id='word_1_367' title='bbox 1015 3597 1216 3672; x_wconf 83' lang='grc' dir='ltr'>ἁγίους.</span> <span class='ocrx_word' id='word_1_368' title='bbox 1280 3599 1380 3653; x_wconf 79' lang='grc' dir='ltr'>Καὶ</span> <span class='ocrx_word' id='word_1_369' title='bbox 1463 3600 1814 3673; x_wconf 75' lang='grc' dir='ltr'>κρατηθεῖσα,</span> <span class='ocrx_word' id='word_1_370' title='bbox 1872 3599 1961 3652; x_wconf 78' lang='grc' dir='ltr'>καὶ</span> 
     </span>
    </p>
   </div>
   <div class='ocr_carea' id='block_1_65' title="bbox 311 3681 1963 3762">
    <p class='ocr_par' dir='ltr' id='par_1_65' title="bbox 311 3681 1963 3762">
     <span class='ocr_line' id='line_1_67' title="bbox 311 3681 1963 3762; baseline 0.001 -23"><span class='ocrx_word' id='word_1_371' title='bbox 311 3687 413 3739; x_wconf 86' lang='grc' dir='ltr'>τοῦ</span> <span class='ocrx_word' id='word_1_372' title='bbox 439 3681 633 3746; x_wconf 84' lang='grc' dir='ltr'>παιδὸς</span> <span class='ocrx_word' id='word_1_373' title='bbox 665 3683 1134 3761; x_wconf 81' lang='grc' dir='ltr'>ἀποχωρισθεῖσα,</span> <span class='ocrx_word' id='word_1_374' title='bbox 1169 3686 1514 3762; x_wconf 78' lang='grc' dir='ltr'>ἐτιμωρεῖτο.</span> <span class='ocrx_word' id='word_1_375' title='bbox 1550 3688 1621 3744; x_wconf 89' lang='grc' dir='ltr'>Τὸ</span> <span class='ocrx_word' id='word_1_376' title='bbox 1656 3684 1713 3742; x_wconf 75' lang='grc' dir='ltr'>δὲ</span> <span class='ocrx_word' id='word_1_377' title='bbox 1744 3684 1963 3742; x_wconf 80' lang='grc' dir='ltr'>παιδίον</span> 
     </span>
    </p>
   </div>
   <div class='ocr_carea' id='block_1_66' title="bbox 316 3770 1966 3854">
    <p class='ocr_par' dir='ltr' id='par_1_66' title="bbox 316 3770 1966 3854">
     <span class='ocr_line' id='line_1_68' title="bbox 316 3770 1966 3854; baseline 0.001 -25"><span class='ocrx_word' id='word_1_378' title='bbox 316 3775 486 3829; x_wconf 78' lang='grc' dir='ltr'>αὐτοῦ</span> <span class='ocrx_word' id='word_1_379' title='bbox 546 3770 730 3831; x_wconf 78' lang='grc' dir='ltr'>λαϐὼν</span> <span class='ocrx_word' id='word_1_380' title='bbox 791 3775 877 3831; x_wconf 79' lang='grc' dir='ltr'>ἐπὶ</span> <span class='ocrx_word' id='word_1_381' title='bbox 934 3781 1042 3831; x_wconf 81' lang='grc' dir='ltr'>τῶν</span> <span class='ocrx_word' id='word_1_382' title='bbox 1101 3778 1343 3852; x_wconf 85' lang='grc' dir='ltr'>γονάτων</span> <span class='ocrx_word' id='word_1_383' title='bbox 1397 3780 1425 3833; x_wconf 91' lang='lat'>6</span> <span class='ocrx_word' id='word_1_384' title='bbox 1482 3779 1727 3854; x_wconf 75' lang='grc' dir='ltr'>ἡγεμὼν,</span> <span class='ocrx_word' id='word_1_385' title='bbox 1774 3777 1966 3834; x_wconf 83' lang='grc' dir='ltr'>ἐκολάο</span> 
     </span>
    </p>
   </div>
   <div class='ocr_carea' id='block_1_67' title="bbox 310 3864 1965 3944">
    <p class='ocr_par' dir='ltr' id='par_1_67' title="bbox 310 3864 1965 3944">
     <span class='ocr_line' id='line_1_69' title="bbox 310 3864 1965 3944; baseline 0.001 -25"><span class='ocrx_word' id='word_1_386' title='bbox 310 3884 455 3920; x_wconf 85' lang='grc' dir='ltr'>κευε·</span> <span class='ocrx_word' id='word_1_387' title='bbox 487 3864 551 3920; x_wconf 88' lang='grc' dir='ltr'>τὸ</span> <span class='ocrx_word' id='word_1_388' title='bbox 606 3866 664 3921; x_wconf 81' lang='grc' dir='ltr'>δέ</span> <span class='ocrx_word' id='word_1_389' title='bbox 720 3865 819 3921; x_wconf 79' lang='grc' dir='ltr'>οὐκ</span> <span class='ocrx_word' id='word_1_390' title='bbox 872 3865 1225 3941; x_wconf 66' lang='grc' dir='ltr'>ἐπεστρέφετο</span> <span class='ocrx_word' id='word_1_391' title='bbox 1285 3869 1421 3944; x_wconf 87' lang='grc' dir='ltr'>πρὸς</span> <span class='ocrx_word' id='word_1_392' title='bbox 1474 3869 1655 3924; x_wconf 78' lang='grc' dir='ltr'>αὐτόν·</span> <span class='ocrx_word' id='word_1_393' title='bbox 1690 3866 1836 3923; x_wconf 75' lang='grc' dir='ltr'>ἀλλὰ</span> <span class='ocrx_word' id='word_1_394' title='bbox 1893 3865 1965 3922; x_wconf 82' lang='grc' dir='ltr'>δι’</span> 
     </span>
    </p>
   </div>
   <div class='ocr_carea' id='block_1_68' title="bbox 314 3949 1963 4034">
    <p class='ocr_par' dir='ltr' id='par_1_68' title="bbox 314 3949 1963 4034">
     <span class='ocr_line' id='line_1_70' title="bbox 314 3949 1963 4034; baseline -0.001 -23"><span class='ocrx_word' id='word_1_395' title='bbox 314 3954 455 4011; x_wconf 78' lang='grc' dir='ltr'>ὅλου</span> <span class='ocrx_word' id='word_1_396' title='bbox 484 3949 710 4011; x_wconf 75' lang='grc' dir='ltr'>ἔϐλεπεν</span> <span class='ocrx_word' id='word_1_397' title='bbox 743 3957 939 4019; x_wconf 81' lang='grc' dir='ltr'>ἀτενῶς</span> <span class='ocrx_word' id='word_1_398' title='bbox 990 3957 1126 4031; x_wconf 88' lang='grc' dir='ltr'>πρὸς</span> <span class='ocrx_word' id='word_1_399' title='bbox 1180 3960 1279 4027; x_wconf 73' lang='grc' dir='ltr'>τήν</span> <span class='ocrx_word' id='word_1_400' title='bbox 1344 3956 1573 4034; x_wconf 72' lang='grc' dir='ltr'>μητέρα’</span> <span class='ocrx_word' id='word_1_401' title='bbox 1631 3959 1718 4013; x_wconf 77' lang='grc' dir='ltr'>καὶ</span> <span class='ocrx_word' id='word_1_402' title='bbox 1773 3956 1963 4031; x_wconf 76' lang='grc' dir='ltr'>ψελλι-</span> 
     </span>
    </p>
   </div>
   <div class='ocr_carea' id='block_1_69' title="bbox 317 4043 1962 4122">
    <p class='ocr_par' dir='ltr' id='par_1_69' title="bbox 317 4043 1962 4122">
     <span class='ocr_line' id='line_1_71' title="bbox 317 4043 1962 4122; baseline 0.002 -23"><span class='ocrx_word' id='word_1_403' title='bbox 317 4043 484 4120; x_wconf 75' lang='grc' dir='ltr'>ζούσῃ</span> <span class='ocrx_word' id='word_1_404' title='bbox 513 4049 581 4120; x_wconf 85' lang='grc' dir='ltr'>τῇ</span> <span class='ocrx_word' id='word_1_405' title='bbox 615 4049 792 4122; x_wconf 62' lang='grc' dir='ltr'>φωνῇ,</span> <span class='ocrx_word' id='word_1_406' title='bbox 821 4047 883 4101; x_wconf 85' lang='grc' dir='ltr'>τὸ</span> <span class='ocrx_word' id='word_1_407' title='bbox 928 4047 1021 4119; x_wconf 74' lang='grc' dir='ltr'>μὲν</span> <span class='ocrx_word' id='word_1_408' title='bbox 1079 4047 1176 4102; x_wconf 85' lang='grc' dir='ltr'>τοῦ</span> <span class='ocrx_word' id='word_1_409' title='bbox 1234 4051 1467 4121; x_wconf 81' lang='grc' dir='ltr'>Χριστοῦ</span> <span class='ocrx_word' id='word_1_410' title='bbox 1528 4048 1844 4103; x_wconf 82' lang='grc' dir='ltr'>ἀνεκαλεῖτο</span> <span class='ocrx_word' id='word_1_411' title='bbox 1899 4048 1962 4102; x_wconf 87' lang='grc' dir='ltr'>τὸ</span> 
     </span>
    </p>
   </div>
   <div class='ocr_carea' id='block_1_70' title="bbox 311 4132 1963 4213">
    <p class='ocr_par' dir='ltr' id='par_1_70' title="bbox 311 4132 1963 4213">
     <span class='ocr_line' id='line_1_72' title="bbox 311 4132 1963 4213; baseline 0 -21"><span class='ocrx_word' id='word_1_412' title='bbox 311 4132 513 4209; x_wconf 78' lang='grc' dir='ltr'>ὄνομα,</span> <span class='ocrx_word' id='word_1_413' title='bbox 544 4136 679 4212; x_wconf 88' lang='grc' dir='ltr'>πρὸς</span> <span class='ocrx_word' id='word_1_414' title='bbox 712 4133 769 4192; x_wconf 80' lang='grc' dir='ltr'>δέ</span> <span class='ocrx_word' id='word_1_415' title='bbox 796 4141 893 4207; x_wconf 80' lang='grc' dir='ltr'>τὴν</span> <span class='ocrx_word' id='word_1_416' title='bbox 959 4137 1166 4213; x_wconf 78' lang='grc' dir='ltr'>μητέρα</span> <span class='ocrx_word' id='word_1_417' title='bbox 1214 4133 1464 4194; x_wconf 75' lang='grc' dir='ltr'>ἔσπευδεν</span> <span class='ocrx_word' id='word_1_418' title='bbox 1528 4139 1803 4203; x_wconf 85' lang='grc' dir='ltr'>ἀπελθεῖν.</span> <span class='ocrx_word' id='word_1_419' title='bbox 1865 4138 1963 4193; x_wconf 79' lang='grc' dir='ltr'>Καὶ</span> 
     </span>
    </p>
   </div>
   <div class='ocr_carea' id='block_1_71' title="bbox 311 4226 1962 4306">
    <p class='ocr_par' dir='ltr' id='par_1_71' title="bbox 311 4226 1962 4306">
     <span class='ocr_line' id='line_1_73' title="bbox 311 4226 1962 4306; baseline 0.001 -25"><span class='ocrx_word' id='word_1_420' title='bbox 311 4228 577 4301; x_wconf 87' lang='grc' dir='ltr'>χολώσας</span> <span class='ocrx_word' id='word_1_421' title='bbox 602 4231 630 4281; x_wconf 89' lang='lat'>6</span> <span class='ocrx_word' id='word_1_422' title='bbox 660 4226 901 4298; x_wconf 69' lang='grc' dir='ltr'>ἀνηλεής</span> <span class='ocrx_word' id='word_1_423' title='bbox 952 4229 1079 4303; x_wconf 79' lang='grc' dir='ltr'>θήρ,</span> <span class='ocrx_word' id='word_1_424' title='bbox 1141 4226 1415 4284; x_wconf 80' lang='grc' dir='ltr'>ἐλάκτισεν</span> <span class='ocrx_word' id='word_1_425' title='bbox 1449 4228 1627 4299; x_wconf 76' lang='grc' dir='ltr'>αὐτὸν,</span> <span class='ocrx_word' id='word_1_426' title='bbox 1664 4228 1826 4306; x_wconf 76' lang='grc' dir='ltr'>ῥίψας</span> <span class='ocrx_word' id='word_1_427' title='bbox 1859 4229 1962 4283; x_wconf 86' lang='grc' dir='ltr'>ἀπὸ</span> 
     </span>
    </p>
   </div>
   <div class='ocr_carea' id='block_1_72' title="bbox 310 4312 1960 4394">
    <p class='ocr_par' dir='ltr' id='par_1_72' title="bbox 310 4312 1960 4394">
     <span class='ocr_line' id='line_1_74' title="bbox 310 4312 1960 4394; baseline 0.001 -23"><span class='ocrx_word' id='word_1_428' title='bbox 310 4321 425 4371; x_wconf 79' lang='grc' dir='ltr'>τῶν</span> <span class='ocrx_word' id='word_1_429' title='bbox 464 4314 769 4390; x_wconf 84' lang='grc' dir='ltr'>βαθμίδων.</span> <span class='ocrx_word' id='word_1_430' title='bbox 812 4318 913 4374; x_wconf 79' lang='grc' dir='ltr'>Καὶ</span> <span class='ocrx_word' id='word_1_431' title='bbox 944 4312 1319 4393; x_wconf 75' lang='grc' dir='ltr'>συντριϐείσης</span> <span class='ocrx_word' id='word_1_432' title='bbox 1368 4322 1438 4394; x_wconf 82' lang='grc' dir='ltr'>τῇ</span> <span class='ocrx_word' id='word_1_433' title='bbox 1497 4316 1666 4394; x_wconf 80' lang='grc' dir='ltr'>πέτρᾳ</span> <span class='ocrx_word' id='word_1_434' title='bbox 1717 4325 1816 4388; x_wconf 79' lang='grc' dir='ltr'>τῆς</span> <span class='ocrx_word' id='word_1_435' title='bbox 1874 4338 1960 4373; x_wconf 75' lang='lat' dir='ltr'>xe-</span> 
     </span>
    </p>
   </div>
   <div class='ocr_carea' id='block_1_73' title="bbox 2070 3316 3725 3391">
    <p class='ocr_par' dir='ltr' id='par_1_73' title="bbox 2070 3316 3725 3391">
     <span class='ocr_line' id='line_1_75' title="bbox 2070 3316 3725 3391; baseline -0.006 -12"><span class='ocrx_word' id='word_1_436' title='bbox 2070 3322 2400 3391; x_wconf 75' lang='lat' dir='ltr'>oll’endens,</span> <span class='ocrx_word' id='word_1_437' title='bbox 2421 3322 2665 3376; x_wconf 90' lang='lat' dir='ltr'>Tarsum</span> <span class='ocrx_word' id='word_1_438' title='bbox 2689 3318 2951 3390; x_wconf 83' lang='lat' dir='ltr'>profecta</span> <span class='ocrx_word' id='word_1_439' title='bbox 2972 3323 3097 3373; x_wconf 86' lang='lat' dir='ltr'>est:</span> <span class='ocrx_word' id='word_1_440' title='bbox 3125 3317 3227 3372; x_wconf 90' lang='lat' dir='ltr'>ubi</span> <span class='ocrx_word' id='word_1_441' title='bbox 3259 3317 3437 3372; x_wconf 89' lang='lat' dir='ltr'>etiam</span> <span class='ocrx_word' id='word_1_442' title='bbox 3468 3316 3725 3371; x_wconf 79' lang='lat' dir='ltr'>Alexan—</span> 
     </span>
    </p>
   </div>
   <div class='ocr_carea' id='block_1_74' title="bbox 2070 3407 3721 3484">
    <p class='ocr_par' dir='ltr' id='par_1_74' title="bbox 2070 3407 3721 3484">
     <span class='ocr_line' id='line_1_76' title="bbox 2070 3407 3721 3484; baseline -0.006 -15"><span class='ocrx_word' id='word_1_443' title='bbox 2070 3414 2175 3470; x_wconf 85' lang='lat' dir='ltr'>der</span> <span class='ocrx_word' id='word_1_444' title='bbox 2200 3429 2441 3484; x_wconf 79' lang='lat' dir='ltr'>praeses,</span> <span class='ocrx_word' id='word_1_445' title='bbox 2464 3411 2642 3467; x_wconf 89' lang='lat' dir='ltr'>homo</span> <span class='ocrx_word' id='word_1_446' title='bbox 2666 3407 2925 3465; x_wconf 89' lang='lat' dir='ltr'>crudelis</span> <span class='ocrx_word' id='word_1_447' title='bbox 2957 3414 3014 3462; x_wconf 86' lang='lat' dir='ltr'>et</span> <span class='ocrx_word' id='word_1_448' title='bbox 3042 3407 3223 3476; x_wconf 83' lang='lat' dir='ltr'>ferus,</span> <span class='ocrx_word' id='word_1_449' title='bbox 3257 3412 3493 3463; x_wconf 87' lang='lat' dir='ltr'>sanctos</span> <span class='ocrx_word' id='word_1_450' title='bbox 3527 3407 3721 3473; x_wconf 66' lang='lat' dir='ltr'>exagi-</span> 
     </span>
    </p>
   </div>
   <div class='ocr_carea' id='block_1_75' title="bbox 2072 3500 3721 3574">
    <p class='ocr_par' dir='ltr' id='par_1_75' title="bbox 2072 3500 3721 3574">
     <span class='ocr_line' id='line_1_77' title="bbox 2072 3500 3721 3574; baseline -0.005 -13"><span class='ocrx_word' id='word_1_451' title='bbox 2072 3505 2250 3561; x_wconf 87' lang='lat' dir='ltr'>tabat.</span> <span class='ocrx_word' id='word_1_452' title='bbox 2298 3502 2739 3574; x_wconf 82' lang='lat' dir='ltr'>Comprehensa</span> <span class='ocrx_word' id='word_1_453' title='bbox 2786 3500 3008 3570; x_wconf 86' lang='lat' dir='ltr'>itaque,</span> <span class='ocrx_word' id='word_1_454' title='bbox 3040 3505 3099 3553; x_wconf 91' lang='lat' dir='ltr'>et</span> <span class='ocrx_word' id='word_1_455' title='bbox 3140 3515 3175 3553; x_wconf 88' lang='lat' dir='ltr'>a</span> <span class='ocrx_word' id='word_1_456' title='bbox 3214 3515 3396 3571; x_wconf 90' lang='lat' dir='ltr'>puero</span> <span class='ocrx_word' id='word_1_457' title='bbox 3429 3502 3721 3569; x_wconf 87' lang='lat' dir='ltr'>separata,</span> 
     </span>
    </p>
   </div>
   <div class='ocr_carea' id='block_1_76' title="bbox 2072 3586 3719 3662">
    <p class='ocr_par' dir='ltr' id='par_1_76' title="bbox 2072 3586 3719 3662">
     <span class='ocr_line' id='line_1_78' title="bbox 2072 3586 3719 3662; baseline -0.006 -12"><span class='ocrx_word' id='word_1_458' title='bbox 2072 3593 2387 3650; x_wconf 89' lang='lat' dir='ltr'>tormentis</span> <span class='ocrx_word' id='word_1_459' title='bbox 2418 3590 2752 3662; x_wconf 87' lang='lat' dir='ltr'>subjicitur.</span> <span class='ocrx_word' id='word_1_460' title='bbox 2803 3591 2992 3644; x_wconf 89' lang='lat' dir='ltr'>Puero</span> <span class='ocrx_word' id='word_1_461' title='bbox 3030 3594 3228 3643; x_wconf 87' lang='lat' dir='ltr'>autem</span> <span class='ocrx_word' id='word_1_462' title='bbox 3263 3604 3441 3659; x_wconf 88' lang='lat' dir='ltr'>super</span> <span class='ocrx_word' id='word_1_463' title='bbox 3469 3586 3719 3659; x_wconf 77' lang='lat' dir='ltr'>genibus</span> 
     </span>
    </p>
   </div>
   <div class='ocr_carea' id='block_1_77' title="bbox 2071 3677 3723 3758">
    <p class='ocr_par' dir='ltr' id='par_1_77' title="bbox 2071 3677 3723 3758">
     <span class='ocr_line' id='line_1_79' title="bbox 2071 3677 3723 3758; baseline -0.005 -18"><span class='ocrx_word' id='word_1_464' title='bbox 2071 3686 2264 3758; x_wconf 89' lang='lat' dir='ltr'>posito</span> <span class='ocrx_word' id='word_1_465' title='bbox 2296 3699 2515 3756; x_wconf 76' lang='lat' dir='ltr'>prmses</span> <span class='ocrx_word' id='word_1_466' title='bbox 2546 3681 2784 3736; x_wconf 88' lang='lat' dir='ltr'>interim</span> <span class='ocrx_word' id='word_1_467' title='bbox 2812 3678 3249 3735; x_wconf 89' lang='lat' dir='ltr'>blandiebatur.</span> <span class='ocrx_word' id='word_1_468' title='bbox 3287 3682 3359 3733; x_wconf 80' lang='lat' dir='ltr'>At</span> <span class='ocrx_word' id='word_1_469' title='bbox 3388 3677 3489 3732; x_wconf 88' lang='lat' dir='ltr'>ille</span> <span class='ocrx_word' id='word_1_470' title='bbox 3517 3693 3723 3733; x_wconf 85' lang='lat' dir='ltr'>averso</span> 
     </span>
    </p>
   </div>
   <div class='ocr_carea' id='block_1_78' title="bbox 2072 3766 3721 3842">
    <p class='ocr_par' dir='ltr' id='par_1_78' title="bbox 2072 3766 3721 3842">
     <span class='ocr_line' id='line_1_80' title="bbox 2072 3766 3721 3842; baseline -0.005 -12"><span class='ocrx_word' id='word_1_471' title='bbox 2072 3775 2142 3831; x_wconf 91' lang='lat' dir='ltr'>ab</span> <span class='ocrx_word' id='word_1_472' title='bbox 2165 3774 2269 3829; x_wconf 93' lang='lat' dir='ltr'>illo</span> <span class='ocrx_word' id='word_1_473' title='bbox 2293 3771 2736 3842; x_wconf 80' lang='lat' dir='ltr'>ore,deflxoque</span> <span class='ocrx_word' id='word_1_474' title='bbox 2758 3771 2821 3824; x_wconf 93' lang='lat' dir='ltr'>in</span> <span class='ocrx_word' id='word_1_475' title='bbox 2844 3774 3096 3825; x_wconf 84' lang='lat' dir='ltr'>matrem</span> <span class='ocrx_word' id='word_1_476' title='bbox 3113 3766 3721 3834; x_wconf 84' lang='lat' dir='ltr'>obtutu,balbutiente</span> 
     </span>
    </p>
   </div>
   <div class='ocr_carea' id='block_1_79' title="bbox 2070 3853 3727 3929">
    <p class='ocr_par' dir='ltr' id='par_1_79' title="bbox 2070 3853 3727 3929">
     <span class='ocr_line' id='line_1_81' title="bbox 2070 3853 3727 3929; baseline -0.007 -11"><span class='ocrx_word' id='word_1_477' title='bbox 2070 3879 2208 3918; x_wconf 84' lang='lat' dir='ltr'>voce</span> <span class='ocrx_word' id='word_1_478' title='bbox 2240 3875 2458 3917; x_wconf 91' lang='lat' dir='ltr'>nomen</span> <span class='ocrx_word' id='word_1_479' title='bbox 2488 3858 2705 3915; x_wconf 89' lang='lat' dir='ltr'>Christi</span> <span class='ocrx_word' id='word_1_480' title='bbox 2733 3855 3160 3929; x_wconf 88' lang='lat' dir='ltr'>appellabat,et</span> <span class='ocrx_word' id='word_1_481' title='bbox 3179 3854 3253 3910; x_wconf 89' lang='lat' dir='ltr'>ad</span> <span class='ocrx_word' id='word_1_482' title='bbox 3280 3860 3532 3910; x_wconf 88' lang='lat' dir='ltr'>matrem</span> <span class='ocrx_word' id='word_1_483' title='bbox 3565 3853 3727 3908; x_wconf 88' lang='lat' dir='ltr'>abire</span> 
     </span>
    </p>
   </div>
   <div class='ocr_carea' id='block_1_80' title="bbox 2071 3945 3724 4016">
    <p class='ocr_par' dir='ltr' id='par_1_80' title="bbox 2071 3945 3724 4016">
     <span class='ocr_line' id='line_1_82' title="bbox 2071 3945 3724 4016; baseline -0.008 -6"><span class='ocrx_word' id='word_1_484' title='bbox 2071 3953 2416 4010; x_wconf 81' lang='lat' dir='ltr'>conabatur.</span> <span class='ocrx_word' id='word_1_485' title='bbox 2449 3952 2638 4016; x_wconf 90' lang='lat' dir='ltr'>Quare</span> <span class='ocrx_word' id='word_1_486' title='bbox 2668 3947 2739 4002; x_wconf 89' lang='lat' dir='ltr'>ab</span> <span class='ocrx_word' id='word_1_487' title='bbox 2771 3947 2986 4002; x_wconf 91' lang='lat' dir='ltr'>immiti</span> <span class='ocrx_word' id='word_1_488' title='bbox 3035 3946 3160 4002; x_wconf 85' lang='lat' dir='ltr'>fera</span> <span class='ocrx_word' id='word_1_489' title='bbox 3208 3945 3473 4001; x_wconf 88' lang='lat' dir='ltr'>calcibus</span> <span class='ocrx_word' id='word_1_490' title='bbox 3502 3949 3724 4012; x_wconf 89' lang='lat' dir='ltr'>trusus,</span> 
     </span>
    </p>
   </div>
   <div class='ocr_carea' id='block_1_81' title="bbox 2072 4034 3722 4117">
    <p class='ocr_par' dir='ltr' id='par_1_81' title="bbox 2072 4034 3722 4117">
     <span class='ocr_line' id='line_1_83' title="bbox 2072 4034 3722 4117; baseline -0.007 -16"><span class='ocrx_word' id='word_1_491' title='bbox 2072 4050 2131 4101; x_wconf 86' lang='lat' dir='ltr'>et</span> <span class='ocrx_word' id='word_1_492' title='bbox 2159 4061 2265 4117; x_wconf 91' lang='lat' dir='ltr'>per</span> <span class='ocrx_word' id='word_1_493' title='bbox 2294 4042 2509 4116; x_wconf 74' lang='lat' dir='ltr'>gradus</span> <span class='ocrx_word' id='word_1_494' title='bbox 2553 4039 2841 4110; x_wconf 88' lang='lat' dir='ltr'>dejectus,</span> <span class='ocrx_word' id='word_1_495' title='bbox 2893 4036 3102 4093; x_wconf 91' lang='lat' dir='ltr'>colliso</span> <span class='ocrx_word' id='word_1_496' title='bbox 3152 4035 3226 4092; x_wconf 89' lang='lat' dir='ltr'>ad</span> <span class='ocrx_word' id='word_1_497' title='bbox 3274 4042 3504 4109; x_wconf 86' lang='lat' dir='ltr'>petram</span> <span class='ocrx_word' id='word_1_498' title='bbox 3531 4034 3722 4106; x_wconf 89' lang='lat' dir='ltr'>capite</span> 
     </span>
    </p>
   </div>
   <div class='ocr_carea' id='block_1_82' title="bbox 2071 4125 3724 4203">
    <p class='ocr_par' dir='ltr' id='par_1_82' title="bbox 2071 4125 3724 4203">
     <span class='ocr_line' id='line_1_84' title="bbox 2071 4125 3724 4203; baseline -0.009 -12"><span class='ocrx_word' id='word_1_499' title='bbox 2071 4136 2464 4203; x_wconf 88' lang='lat' dir='ltr'>contritoque,</span> <span class='ocrx_word' id='word_1_500' title='bbox 2525 4128 2900 4184; x_wconf 87' lang='lat' dir='ltr'>exanimatus</span> <span class='ocrx_word' id='word_1_501' title='bbox 2956 4132 3064 4182; x_wconf 89' lang='lat' dir='ltr'>est.</span> <span class='ocrx_word' id='word_1_502' title='bbox 3139 4128 3323 4181; x_wconf 89' lang='lat' dir='ltr'>Mater</span> <span class='ocrx_word' id='word_1_503' title='bbox 3378 4125 3531 4181; x_wconf 75' lang='lat'>108</span> <span class='ocrx_word' id='word_1_504' title='bbox 3587 4139 3724 4178; x_wconf 84' lang='lat' dir='ltr'>vero</span> 
     </span>
    </p>
   </div>
   <div class='ocr_carea' id='block_1_83' title="bbox 2073 4212 3727 4294">
    <p class='ocr_par' dir='ltr' id='par_1_83' title="bbox 2073 4212 3727 4294">
     <span class='ocr_line' id='line_1_85' title="bbox 2073 4212 3727 4294; baseline -0.01 -13"><span class='ocrx_word' id='word_1_505' title='bbox 2073 4227 2256 4281; x_wconf 89' lang='lat' dir='ltr'>Deum</span> <span class='ocrx_word' id='word_1_506' title='bbox 2288 4220 2650 4294; x_wconf 78' lang='lat' dir='ltr'>gloriﬁcans,</span> <span class='ocrx_word' id='word_1_507' title='bbox 2672 4223 2808 4289; x_wconf 90' lang='lat' dir='ltr'>post</span> <span class='ocrx_word' id='word_1_508' title='bbox 2835 4215 3039 4288; x_wconf 88' lang='lat' dir='ltr'>plures</span> <span class='ocrx_word' id='word_1_509' title='bbox 3063 4215 3358 4271; x_wconf 88' lang='lat' dir='ltr'>cruciatus</span> <span class='ocrx_word' id='word_1_510' title='bbox 3391 4214 3570 4269; x_wconf 87' lang='lat' dir='ltr'>etiam</span> <span class='ocrx_word' id='word_1_511' title='bbox 3602 4212 3727 4283; x_wconf 86' lang='lat' dir='ltr'>ipsa</span> 
     </span>
    </p>
   </div>
   <div class='ocr_carea' id='block_1_84' title="bbox 2072 4308 2626 4387">
    <p class='ocr_par' dir='ltr' id='par_1_84' title="bbox 2072 4308 2626 4387">
     <span class='ocr_line' id='line_1_86' title="bbox 2072 4308 2626 4387; baseline -0.018 -16"><span class='ocrx_word' id='word_1_512' title='bbox 2072 4315 2262 4387; x_wconf 90' lang='lat' dir='ltr'>capite</span> <span class='ocrx_word' id='word_1_513' title='bbox 2293 4310 2465 4385; x_wconf 83' lang='lat' dir='ltr'>plexa</span> <span class='ocrx_word' id='word_1_514' title='bbox 2494 4308 2626 4363; x_wconf 85' lang='lat' dir='ltr'>fuit.</span> 
     </span>
    </p>
   </div>
   <div class='ocr_carea' id='block_1_85' title="bbox 312 4389 3725 4485">
    <p class='ocr_par' dir='ltr' id='par_1_85' title="bbox 312 4389 3725 4485">
     <span class='ocr_line' id='line_1_87' title="bbox 312 4389 3725 4485; baseline -0.006 -23"><span class='ocrx_word' id='word_1_515' title='bbox 312 4406 499 4485; x_wconf 74' lang='grc' dir='ltr'>φαλῆς</span> <span class='ocrx_word' id='word_1_516' title='bbox 564 4405 749 4476; x_wconf 76' lang='grc' dir='ltr'>αὐτοῦ,</span> <span class='ocrx_word' id='word_1_517' title='bbox 794 4407 969 4485; x_wconf 80' lang='grc' dir='ltr'>ἀφῆκε</span> <span class='ocrx_word' id='word_1_518' title='bbox 1025 4389 1124 4478; x_wconf 70' lang='grc' dir='ltr'>τῆν</span> <span class='ocrx_word' id='word_1_519' title='bbox 1184 4389 1550 4485; x_wconf 42' lang='grc' dir='ltr'>ψυχήν.ἰ(αὶ</span> <span class='ocrx_word' id='word_1_520' title='bbox 1601 4389 1871 4482; x_wconf 36' lang='grc' dir='ltr'>’δοξάσασα</span> <span class='ocrx_word' id='word_1_521' title='bbox 1917 4408 2007 4463; x_wconf 88' lang='grc' dir='ltr'>τὸν</span> <span class='ocrx_word' id='word_1_522' title='bbox 2085 4403 2276 4470; x_wconf 86' lang='grc' dir='ltr'>Θεὸνή</span> <span class='ocrx_word' id='word_1_523' title='bbox 2332 4401 2518 4474; x_wconf 79' lang='grc' dir='ltr'>μήτηρ</span> <span class='ocrx_word' id='word_1_524' title='bbox 2575 4394 2764 4464; x_wconf 85' lang='grc' dir='ltr'>αὐτοῦ,</span> <span class='ocrx_word' id='word_1_525' title='bbox 2816 4394 2952 4467; x_wconf 75' lang='grc' dir='ltr'>μετὰ</span> <span class='ocrx_word' id='word_1_526' title='bbox 3007 4390 3222 4453; x_wconf 79' lang='grc' dir='ltr'>πολλὰς</span> <span class='ocrx_word' id='word_1_527' title='bbox 3305 4391 3400 4452; x_wconf 82' lang='grc' dir='ltr'>τὰς</span> <span class='ocrx_word' id='word_1_528' title='bbox 3464 4389 3725 4466; x_wconf 80' lang='grc' dir='ltr'>βασάνους</span> 
     </span>
    </p>
   </div>
   <div class='ocr_carea' id='block_1_86' title="bbox 315 4494 1025 4573">
    <p class='ocr_par' dir='ltr' id='par_1_86' title="bbox 315 4494 1025 4573">
     <span class='ocr_line' id='line_1_88' title="bbox 315 4494 1025 4573; baseline 0.007 -21"><span class='ocrx_word' id='word_1_529' title='bbox 315 4494 595 4573; x_wconf 77' lang='grc' dir='ltr'>ἀπεκεφαλ</span> <span class='ocrx_word' id='word_1_530' title='bbox 606 4495 722 4566; x_wconf 85' lang='grc' dir='ltr'>ίσθη</span> <span class='ocrx_word' id='word_1_531' title='bbox 747 4497 837 4552; x_wconf 78' lang='grc' dir='ltr'>καὶ</span> <span class='ocrx_word' id='word_1_532' title='bbox 866 4497 1002 4568; x_wconf 80' lang='grc' dir='ltr'>αὐτή</span> <span class='ocrx_word' id='word_1_533' title='bbox 1012 4544 1025 4557; x_wconf 92' lang='grc'><strong>.</strong></span> 
     </span>
    </p>
   </div>
   <div class='ocr_carea' id='block_1_87' title="bbox 430 4610 1853 4693">
    <p class='ocr_par' dir='ltr' id='par_1_87' title="bbox 430 4610 1853 4693">
     <span class='ocr_line' id='line_1_89' title="bbox 430 4610 1853 4693; baseline 0.003 -23"><span class='ocrx_word' id='word_1_534' title='bbox 430 4611 536 4670; x_wconf 79' lang='grc' dir='ltr'>Καὶ</span> <span class='ocrx_word' id='word_1_535' title='bbox 566 4610 794 4684; x_wconf 74' lang='grc' dir='ltr'>ἄθλησις</span> <span class='ocrx_word' id='word_1_536' title='bbox 822 4616 918 4669; x_wconf 91' lang='grc' dir='ltr'>τοῦ</span> <span class='ocrx_word' id='word_1_537' title='bbox 978 4613 1130 4689; x_wconf 78' lang='grc' dir='ltr'>ἁγίου</span> <span class='ocrx_word' id='word_1_538' title='bbox 1166 4616 1437 4693; x_wconf 85' lang='grc' dir='ltr'>μάρτυρος</span> <span class='ocrx_word' id='word_1_539' title='bbox 1496 4611 1853 4689; x_wconf 77' lang='grc' dir='ltr'>Ἀὄουδίμου.</span> 
     </span>
    </p>
   </div>
   <div class='ocr_carea' id='block_1_88' title="bbox 392 4725 1966 4809">
    <p class='ocr_par' dir='ltr' id='par_1_88' title="bbox 392 4725 1966 4809">
     <span class='ocr_line' id='line_1_90' title="bbox 392 4725 1966 4809; baseline 0 -25"><span class='ocrx_word' id='word_1_540' title='bbox 392 4735 454 4788; x_wconf 85' lang='grc' dir='ltr'><strong>Ὀ</strong></span> <span class='ocrx_word' id='word_1_541' title='bbox 476 4732 575 4784; x_wconf 91' lang='grc' dir='ltr'>τοῦ</span> <span class='ocrx_word' id='word_1_542' title='bbox 615 4729 854 4804; x_wconf 82' lang='grc' dir='ltr'>Χριστοῦ</span> <span class='ocrx_word' id='word_1_543' title='bbox 908 4729 1112 4804; x_wconf 82' lang='grc' dir='ltr'>μάρτυς</span> <span class='ocrx_word' id='word_1_544' title='bbox 1168 4725 1525 4805; x_wconf 76' lang='grc' dir='ltr'>’Λϐούδιμος,</span> <span class='ocrx_word' id='word_1_545' title='bbox 1580 4734 1822 4809; x_wconf 67' lang='grc' dir='ltr'>ὑπῆρχεν</span> <span class='ocrx_word' id='word_1_546' title='bbox 1877 4730 1966 4787; x_wconf 86' lang='grc' dir='ltr'>ἐπὶ</span> 
     </span>
    </p>
   </div>
   <div class='ocr_carea' id='block_1_89' title="bbox 318 4817 1963 4894">
    <p class='ocr_par' dir='ltr' id='par_1_89' title="bbox 318 4817 1963 4894">
     <span class='ocr_line' id='line_1_91' title="bbox 318 4817 1963 4894; baseline 0.001 -19"><span class='ocrx_word' id='word_1_547' title='bbox 318 4817 721 4888; x_wconf 85' lang='grc' dir='ltr'>Διοκλητιανοῦ</span> <span class='ocrx_word' id='word_1_548' title='bbox 768 4822 864 4874; x_wconf 87' lang='grc' dir='ltr'>τοῦ</span> <span class='ocrx_word' id='word_1_549' title='bbox 926 4817 1216 4894; x_wconf 77' lang='grc' dir='ltr'>βασιλέως,</span> <span class='ocrx_word' id='word_1_550' title='bbox 1282 4819 1340 4875; x_wconf 84' lang='grc' dir='ltr'>ἐκ</span> <span class='ocrx_word' id='word_1_551' title='bbox 1390 4827 1490 4890; x_wconf 77' lang='grc' dir='ltr'>τῆς</span> <span class='ocrx_word' id='word_1_552' title='bbox 1520 4824 1684 4893; x_wconf 70' lang='grc' dir='ltr'>νήσου</span> <span class='ocrx_word' id='word_1_553' title='bbox 1716 4817 1963 4879; x_wconf 70' lang='grc' dir='ltr'>Τενέδου.</span> 
     </span>
    </p>
   </div>
   <div class='ocr_carea' id='block_1_90' title="bbox 314 4905 1966 4985">
    <p class='ocr_par' dir='ltr' id='par_1_90' title="bbox 314 4905 1966 4985">
     <span class='ocr_line' id='line_1_92' title="bbox 314 4905 1966 4985; baseline 0.001 -22"><span class='ocrx_word' id='word_1_554' title='bbox 314 4908 624 4979; x_wconf 80' lang='grc' dir='ltr'>Κρατηθεῖς</span> <span class='ocrx_word' id='word_1_555' title='bbox 653 4905 730 4978; x_wconf 68' lang='grc' dir='ltr'>δὲ,</span> <span class='ocrx_word' id='word_1_556' title='bbox 762 4908 854 4962; x_wconf 84' lang='grc' dir='ltr'>καὶ</span> <span class='ocrx_word' id='word_1_557' title='bbox 884 4906 1072 4964; x_wconf 86' lang='grc' dir='ltr'>πολλὰ</span> <span class='ocrx_word' id='word_1_558' title='bbox 1126 4910 1575 4984; x_wconf 72' lang='grc' dir='ltr'>καταναγκασθεὶς</span> <span class='ocrx_word' id='word_1_559' title='bbox 1633 4912 1966 4985; x_wconf 71' lang='grc' dir='ltr'>ἀρνήσασθαι</span> 
     </span>
    </p>
   </div>
   <div class='ocr_carea' id='block_1_91' title="bbox 315 4996 1967 5075">
    <p class='ocr_par' dir='ltr' id='par_1_91' title="bbox 315 4996 1967 5075">
     <span class='ocr_line' id='line_1_93' title="bbox 315 4996 1967 5075; baseline 0 -20"><span class='ocrx_word' id='word_1_560' title='bbox 315 5000 414 5055; x_wconf 82' lang='grc' dir='ltr'>τὸν</span> <span class='ocrx_word' id='word_1_561' title='bbox 446 4998 705 5073; x_wconf 81' lang='grc' dir='ltr'>Χριστὸν,</span> <span class='ocrx_word' id='word_1_562' title='bbox 738 4996 836 5053; x_wconf 81' lang='grc' dir='ltr'>οὐκ</span> <span class='ocrx_word' id='word_1_563' title='bbox 892 4996 1135 5069; x_wconf 81' lang='grc' dir='ltr'>ἐπείσθη’</span> <span class='ocrx_word' id='word_1_564' title='bbox 1166 4998 1310 5054; x_wconf 80' lang='grc' dir='ltr'>ἀλλά</span> <span class='ocrx_word' id='word_1_565' title='bbox 1361 4999 1574 5073; x_wconf 81' lang='grc' dir='ltr'>μᾶλλον</span> <span class='ocrx_word' id='word_1_566' title='bbox 1630 4998 1967 5075; x_wconf 76' lang='grc' dir='ltr'>ὡμολόγησε</span> 
     </span>
    </p>
   </div>
   <div class='ocr_carea' id='block_1_92' title="bbox 314 5086 1964 5165">
    <p class='ocr_par' dir='ltr' id='par_1_92' title="bbox 314 5086 1964 5165">
     <span class='ocr_line' id='line_1_94' title="bbox 314 5086 1964 5165; baseline -0.001 -21"><span class='ocrx_word' id='word_1_567' title='bbox 314 5087 601 5165; x_wconf 70' lang='grc' dir='ltr'>παρρησίᾳ</span> <span class='ocrx_word' id='word_1_568' title='bbox 625 5088 724 5157; x_wconf 71' lang='grc' dir='ltr'>τὴν</span> <span class='ocrx_word' id='word_1_569' title='bbox 758 5086 986 5159; x_wconf 85' lang='grc' dir='ltr'>θεότητα</span> <span class='ocrx_word' id='word_1_570' title='bbox 1035 5087 1219 5145; x_wconf 84' lang='grc' dir='ltr'>αὐτοῦ.</span> <span class='ocrx_word' id='word_1_571' title='bbox 1280 5090 1436 5149; x_wconf 87' lang='grc' dir='ltr'>Ὅθεν</span> <span class='ocrx_word' id='word_1_572' title='bbox 1497 5089 1687 5145; x_wconf 81' lang='grc' dir='ltr'>πάλων</span> <span class='ocrx_word' id='word_1_573' title='bbox 1721 5090 1964 5161; x_wconf 66' lang='grc' dir='ltr'>πηχοέν-</span> 
     </span>
    </p>
   </div>
   <div class='ocr_carea' id='block_1_93' title="bbox 312 5175 1967 5254">
    <p class='ocr_par' dir='ltr' id='par_1_93' title="bbox 312 5175 1967 5254">
     <span class='ocr_line' id='line_1_95' title="bbox 312 5175 1967 5254; baseline 0 -19"><span class='ocrx_word' id='word_1_574' title='bbox 312 5201 453 5241; x_wconf 82' lang='grc' dir='ltr'>των.</span> <span class='ocrx_word' id='word_1_575' title='bbox 486 5177 564 5241; x_wconf 69' lang='grc' dir='ltr'>εἲς</span> <span class='ocrx_word' id='word_1_576' title='bbox 600 5178 862 5254; x_wconf 85' lang='grc' dir='ltr'>μάστιγας</span> <span class='ocrx_word' id='word_1_577' title='bbox 898 5178 1140 5250; x_wconf 78' lang='grc' dir='ltr'>ἐξετάθη,</span> <span class='ocrx_word' id='word_1_578' title='bbox 1198 5180 1287 5235; x_wconf 77' lang='grc' dir='ltr'>καὶ</span> <span class='ocrx_word' id='word_1_579' title='bbox 1347 5180 1603 5236; x_wconf 79' lang='grc' dir='ltr'>τύπτεται</span> <span class='ocrx_word' id='word_1_580' title='bbox 1665 5181 1766 5236; x_wconf 87' lang='grc' dir='ltr'>ὑπὸ</span> <span class='ocrx_word' id='word_1_581' title='bbox 1819 5175 1967 5235; x_wconf 80' lang='grc' dir='ltr'>ἐννὲα</span> 
     </span>
    </p>
   </div>
   <div class='ocr_carea' id='block_1_94' title="bbox 321 5266 1963 5343">
    <p class='ocr_par' dir='ltr' id='par_1_94' title="bbox 321 5266 1963 5343">
     <span class='ocr_line' id='line_1_96' title="bbox 321 5266 1963 5343; baseline -0.002 -17"><span class='ocrx_word' id='word_1_582' title='bbox 321 5272 696 5341; x_wconf 70' lang='grc' dir='ltr'>στρατιωτῶν·</span> <span class='ocrx_word' id='word_1_583' title='bbox 787 5268 1125 5343; x_wconf 56' lang='grc' dir='ltr'>βιασαμένων</span> <span class='ocrx_word' id='word_1_584' title='bbox 1206 5266 1261 5325; x_wconf 72' lang='grc' dir='ltr'>δέ</span> <span class='ocrx_word' id='word_1_585' title='bbox 1345 5269 1501 5326; x_wconf 78' lang='grc' dir='ltr'>αὐτὸν</span> <span class='ocrx_word' id='word_1_586' title='bbox 1570 5275 1678 5325; x_wconf 81' lang='grc' dir='ltr'>τῶν</span> <span class='ocrx_word' id='word_1_587' title='bbox 1747 5266 1963 5342; x_wconf 84' lang='grc' dir='ltr'>δημίων</span> 
     </span>
    </p>
   </div>
   <div class='ocr_carea' id='block_1_95' title="bbox 326 5357 1966 5436">
    <p class='ocr_par' dir='ltr' id='par_1_95' title="bbox 326 5357 1966 5436">
     <span class='ocr_line' id='line_1_97' title="bbox 326 5357 1966 5436; baseline 0.002 -25"><span class='ocrx_word' id='word_1_588' title='bbox 326 5363 542 5435; x_wconf 59' lang='grc' dir='ltr'>μιαρῶν</span> <span class='ocrx_word' id='word_1_589' title='bbox 626 5357 1018 5433; x_wconf 81' lang='grc' dir='ltr'>ἀπογεύσασθαι</span> <span class='ocrx_word' id='word_1_590' title='bbox 1078 5363 1298 5430; x_wconf 79' lang='grc' dir='ltr'>θυσιῶν,</span> <span class='ocrx_word' id='word_1_591' title='bbox 1372 5360 1472 5415; x_wconf 82' lang='grc' dir='ltr'>ούκ</span> <span class='ocrx_word' id='word_1_592' title='bbox 1529 5358 1820 5436; x_wconf 77' lang='grc' dir='ltr'>ἧνεσχέθη,</span> <span class='ocrx_word' id='word_1_593' title='bbox 1874 5360 1966 5415; x_wconf 81' lang='grc' dir='ltr'>Διὸ</span> 
     </span>
    </p>
   </div>
   <div class='ocr_carea' id='block_1_96' title="bbox 316 5447 1967 5524">
    <p class='ocr_par' dir='ltr' id='par_1_96' title="bbox 316 5447 1967 5524">
     <span class='ocr_line' id='line_1_98' title="bbox 316 5447 1967 5524; baseline -0.001 -18"><span class='ocrx_word' id='word_1_594' title='bbox 316 5453 527 5522; x_wconf 78' lang='grc' dir='ltr'>ξέουσιν</span> <span class='ocrx_word' id='word_1_595' title='bbox 588 5447 747 5502; x_wconf 81' lang='grc' dir='ltr'>αὐτὸν</span> <span class='ocrx_word' id='word_1_596' title='bbox 809 5448 964 5523; x_wconf 84' lang='grc' dir='ltr'>χερσῖ</span> <span class='ocrx_word' id='word_1_597' title='bbox 1025 5454 1297 5524; x_wconf 76' lang='grc' dir='ltr'>σιδηραῖς·</span> <span class='ocrx_word' id='word_1_598' title='bbox 1356 5449 1445 5504; x_wconf 79' lang='grc' dir='ltr'>καὶ</span> <span class='ocrx_word' id='word_1_599' title='bbox 1534 5449 1668 5523; x_wconf 74' lang='grc' dir='ltr'>μετά</span> <span class='ocrx_word' id='word_1_600' title='bbox 1752 5449 1967 5512; x_wconf 78' lang='grc' dir='ltr'>πολλάς</span> 
     </span>
    </p>
   </div>
   <div class='ocr_carea' id='block_1_97' title="bbox 313 5536 1965 5615">
    <p class='ocr_par' dir='ltr' id='par_1_97' title="bbox 313 5536 1965 5615">
     <span class='ocr_line' id='line_1_99' title="bbox 313 5536 1965 5615; baseline -0.002 -19"><span class='ocrx_word' id='word_1_601' title='bbox 313 5541 503 5615; x_wconf 73' lang='grc' dir='ltr'>ἐτὲρας</span> <span class='ocrx_word' id='word_1_602' title='bbox 583 5539 850 5612; x_wconf 82' lang='grc' dir='ltr'>βασάνους</span> <span class='ocrx_word' id='word_1_603' title='bbox 910 5538 987 5609; x_wconf 75' lang='grc' dir='ltr'><strong>μή</strong></span> <span class='ocrx_word' id='word_1_604' title='bbox 1046 5540 1329 5593; x_wconf 70' lang='grc' dir='ltr'>πεισθέντα</span> <span class='ocrx_word' id='word_1_605' title='bbox 1388 5536 1808 5612; x_wconf 69' lang='grc' dir='ltr'>ἀπεκεφάλισαν.</span> <span class='ocrx_word' id='word_1_606' title='bbox 1860 5540 1965 5595; x_wconf 77' lang='grc' dir='ltr'>Καὶ</span> 
     </span>
    </p>
   </div>
   <div class='ocr_carea' id='block_1_98' title="bbox 314 5625 1966 5703">
    <p class='ocr_par' dir='ltr' id='par_1_98' title="bbox 314 5625 1966 5703">
     <span class='ocr_line' id='line_1_100' title="bbox 314 5625 1966 5703; baseline 0.001 -22"><span class='ocrx_word' id='word_1_607' title='bbox 314 5628 439 5686; x_wconf 66' lang='grc' dir='ltr'>ἲδοὺ</span> <span class='ocrx_word' id='word_1_608' title='bbox 475 5628 643 5701; x_wconf 79' lang='grc' dir='ltr'>μέσης</span> <span class='ocrx_word' id='word_1_609' title='bbox 674 5627 884 5703; x_wconf 69' lang='grc' dir='ltr'>ἡμέρας</span> <span class='ocrx_word' id='word_1_610' title='bbox 916 5625 1082 5703; x_wconf 68' lang='grc' dir='ltr'>ἐφάνη</span> <span class='ocrx_word' id='word_1_611' title='bbox 1118 5628 1146 5681; x_wconf 87' lang='lat'>6</span> <span class='ocrx_word' id='word_1_612' title='bbox 1181 5629 1385 5703; x_wconf 85' lang='grc' dir='ltr'>μάρτυς</span> <span class='ocrx_word' id='word_1_613' title='bbox 1440 5632 1519 5701; x_wconf 84' lang='grc' dir='ltr'>τῷ</span> <span class='ocrx_word' id='word_1_614' title='bbox 1586 5628 1966 5701; x_wconf 75' lang='grc' dir='ltr'>Διοκλητιανῷ</span> 
     </span>
    </p>
   </div>
   <div class='ocr_carea' id='block_1_99' title="bbox 320 5713 1963 5797">
    <p class='ocr_par' dir='ltr' id='par_1_99' title="bbox 320 5713 1963 5797">
     <span class='ocr_line' id='line_1_101' title="bbox 320 5713 1963 5797; baseline 0.001 -23"><span class='ocrx_word' id='word_1_615' title='bbox 320 5718 459 5795; x_wconf 68' lang='grc' dir='ltr'>μετὰ</span> <span class='ocrx_word' id='word_1_616' title='bbox 539 5715 783 5794; x_wconf 65' lang='grc' dir='ltr'>ἀγγᾶλων</span> <span class='ocrx_word' id='word_1_617' title='bbox 840 5715 1182 5792; x_wconf 82' lang='grc' dir='ltr'>κατεχόντων</span> <span class='ocrx_word' id='word_1_618' title='bbox 1270 5716 1559 5797; x_wconf 73' lang='grc' dir='ltr'>ῥομφαίας·</span> <span class='ocrx_word' id='word_1_619' title='bbox 1655 5719 1741 5775; x_wconf 73' lang='grc' dir='ltr'>καὶ</span> <span class='ocrx_word' id='word_1_620' title='bbox 1810 5713 1963 5794; x_wconf 74' lang='grc' dir='ltr'>φόϐῳ</span> 
     </span>
    </p>
   </div>
   <div class='ocr_carea' id='block_1_100' title="bbox 2280 4596 3500 4679">
    <p class='ocr_par' dir='ltr' id='par_1_100' title="bbox 2280 4596 3500 4679">
     <span class='ocr_line' id='line_1_102' title="bbox 2280 4596 3500 4679; baseline -0.009 -17"><span class='ocrx_word' id='word_1_621' title='bbox 2280 4608 2368 4679; x_wconf 67' lang='lat' dir='ltr'>[Et</span> <span class='ocrx_word' id='word_1_622' title='bbox 2399 4610 2669 4661; x_wconf 83' lang='lat' dir='ltr'>certamen</span> <span class='ocrx_word' id='word_1_623' title='bbox 2698 4599 2879 4657; x_wconf 76' lang='lat' dir='ltr'>sancti</span> <span class='ocrx_word' id='word_1_624' title='bbox 2920 4598 3178 4669; x_wconf 81' lang='lat' dir='ltr'>martyris</span> <span class='ocrx_word' id='word_1_625' title='bbox 3214 4596 3500 4653; x_wconf 82' lang='lat' dir='ltr'>Abudimi.</span> 
     </span>
    </p>
   </div>
   <div class='ocr_carea' id='block_1_101' title="bbox 2149 4724 3727 4806">
    <p class='ocr_par' dir='ltr' id='par_1_101' title="bbox 2149 4724 3727 4806">
     <span class='ocr_line' id='line_1_103' title="bbox 2149 4724 3727 4806; baseline -0.008 -15"><span class='ocrx_word' id='word_1_626' title='bbox 2149 4736 2369 4806; x_wconf 87' lang='lat' dir='ltr'>Martyr</span> <span class='ocrx_word' id='word_1_627' title='bbox 2383 4729 2596 4787; x_wconf 85' lang='lat' dir='ltr'>Christi</span> <span class='ocrx_word' id='word_1_628' title='bbox 2608 4724 3329 4791; x_wconf 78' lang='lat' dir='ltr'>Abudimus,l)iocletiano</span> <span class='ocrx_word' id='word_1_629' title='bbox 3352 4724 3727 4795; x_wconf 86' lang='lat' dir='ltr'>imperatore,</span> 
     </span>
    </p>
   </div>
   <div class='ocr_carea' id='block_1_102' title="bbox 2078 4813 3728 4888">
    <p class='ocr_par' dir='ltr' id='par_1_102' title="bbox 2078 4813 3728 4888">
     <span class='ocr_line' id='line_1_104' title="bbox 2078 4813 3728 4888; baseline -0.008 -7"><span class='ocrx_word' id='word_1_630' title='bbox 2078 4843 2145 4881; x_wconf 84' lang='lat' dir='ltr'>ex</span> <span class='ocrx_word' id='word_1_631' title='bbox 2170 4823 2367 4881; x_wconf 88' lang='lat' dir='ltr'>insula</span> <span class='ocrx_word' id='word_1_632' title='bbox 2387 4820 2640 4886; x_wconf 87' lang='lat' dir='ltr'>Tenedo,</span> <span class='ocrx_word' id='word_1_633' title='bbox 2671 4834 2806 4873; x_wconf 87' lang='lat' dir='ltr'>cum</span> <span class='ocrx_word' id='word_1_634' title='bbox 2828 4814 3317 4888; x_wconf 85' lang='lat' dir='ltr'>comprehensus,</span> <span class='ocrx_word' id='word_1_635' title='bbox 3338 4813 3728 4886; x_wconf 88' lang='lat' dir='ltr'>pluribusque</span> 
     </span>
    </p>
   </div>
   <div class='ocr_carea' id='block_1_103' title="bbox 2076 4905 3732 4981">
    <p class='ocr_par' dir='ltr' id='par_1_103' title="bbox 2076 4905 3732 4981">
     <span class='ocr_line' id='line_1_105' title="bbox 2076 4905 3732 4981; baseline -0.008 -10"><span class='ocrx_word' id='word_1_636' title='bbox 2076 4914 2290 4981; x_wconf 84' lang='lat' dir='ltr'>modis,</span> <span class='ocrx_word' id='word_1_637' title='bbox 2322 4916 2388 4966; x_wconf 89' lang='lat' dir='ltr'>ut</span> <span class='ocrx_word' id='word_1_638' title='bbox 2418 4909 2715 4965; x_wconf 88' lang='lat' dir='ltr'>Christum</span> <span class='ocrx_word' id='word_1_639' title='bbox 2750 4906 3030 4978; x_wconf 89' lang='lat' dir='ltr'>ejuraret,</span> <span class='ocrx_word' id='word_1_640' title='bbox 3060 4905 3424 4977; x_wconf 88' lang='lat' dir='ltr'>compulsus,</span> <span class='ocrx_word' id='word_1_641' title='bbox 3457 4909 3732 4977; x_wconf 79' lang='lat' dir='ltr'>negasset</span> 
     </span>
    </p>
   </div>
   <div class='ocr_carea' id='block_1_104' title="bbox 2078 4994 3730 5070">
    <p class='ocr_par' dir='ltr' id='par_1_104' title="bbox 2078 4994 3730 5070">
     <span class='ocr_line' id='line_1_106' title="bbox 2078 4994 3730 5070; baseline -0.006 -9"><span class='ocrx_word' id='word_1_642' title='bbox 2078 5006 2135 5060; x_wconf 91' lang='lat' dir='ltr'>id</span> <span class='ocrx_word' id='word_1_643' title='bbox 2154 5021 2215 5061; x_wconf 88' lang='lat' dir='ltr'>se</span> <span class='ocrx_word' id='word_1_644' title='bbox 2233 4999 2705 5070; x_wconf 81' lang='lat' dir='ltr'>facturum,quin</span> <span class='ocrx_word' id='word_1_645' title='bbox 2720 4997 2895 5053; x_wconf 89' lang='lat' dir='ltr'>etiam</span> <span class='ocrx_word' id='word_1_646' title='bbox 2913 4995 3161 5051; x_wconf 89' lang='lat' dir='ltr'>liberius</span> <span class='ocrx_word' id='word_1_647' title='bbox 3178 4995 3341 5051; x_wconf 92' lang='lat' dir='ltr'>illius</span> <span class='ocrx_word' id='word_1_648' title='bbox 3359 4994 3730 5051; x_wconf 88' lang='lat' dir='ltr'>divinitatem</span> 
     </span>
    </p>
   </div>
   <div class='ocr_carea' id='block_1_105' title="bbox 2078 5085 3727 5168">
    <p class='ocr_par' dir='ltr' id='par_1_105' title="bbox 2078 5085 3727 5168">
     <span class='ocr_line' id='line_1_107' title="bbox 2078 5085 3727 5168; baseline -0.005 -18"><span class='ocrx_word' id='word_1_649' title='bbox 2078 5094 2459 5168; x_wconf 83' lang='lat' dir='ltr'>proﬁteretur</span> <span class='ocrx_word' id='word_1_650' title='bbox 2482 5108 2494 5158; x_wconf 90' lang='lat'><strong>;</strong></span> <span class='ocrx_word' id='word_1_651' title='bbox 2521 5089 2673 5162; x_wconf 87' lang='lat' dir='ltr'>palis</span> <span class='ocrx_word' id='word_1_652' title='bbox 2693 5087 2818 5144; x_wconf 90' lang='lat' dir='ltr'>solo</span> <span class='ocrx_word' id='word_1_653' title='bbox 2841 5085 3039 5142; x_wconf 80' lang='lat' dir='ltr'>infixis</span> <span class='ocrx_word' id='word_1_654' title='bbox 3061 5085 3336 5155; x_wconf 71' lang='lat' dir='ltr'>alligatus</span> <span class='ocrx_word' id='word_1_655' title='bbox 3353 5090 3410 5140; x_wconf 86' lang='lat' dir='ltr'>et</span> <span class='ocrx_word' id='word_1_656' title='bbox 3428 5091 3727 5152; x_wconf 86' lang='lat' dir='ltr'>extensus,</span> 
     </span>
    </p>
   </div>
   <div class='ocr_carea' id='block_1_106' title="bbox 2078 5175 3729 5249">
    <p class='ocr_par' dir='ltr' id='par_1_106' title="bbox 2078 5175 3729 5249">
     <span class='ocr_line' id='line_1_108' title="bbox 2078 5175 3729 5249; baseline -0.008 -8"><span class='ocrx_word' id='word_1_657' title='bbox 2078 5203 2111 5241; x_wconf 89' lang='lat' dir='ltr'>a</span> <span class='ocrx_word' id='word_1_658' title='bbox 2132 5198 2342 5240; x_wconf 85' lang='lat' dir='ltr'>novem</span> <span class='ocrx_word' id='word_1_659' title='bbox 2364 5179 2655 5237; x_wconf 87' lang='lat' dir='ltr'>mililibus</span> <span class='ocrx_word' id='word_1_660' title='bbox 2677 5175 3308 5249; x_wconf 80' lang='lat' dir='ltr'>caeditur.Cogentibus</span> <span class='ocrx_word' id='word_1_661' title='bbox 3329 5175 3574 5248; x_wconf 90' lang='lat' dir='ltr'>insuper</span> <span class='ocrx_word' id='word_1_662' title='bbox 3594 5190 3729 5229; x_wconf 90' lang='lat' dir='ltr'>eum</span> 
     </span>
    </p>
   </div>
   <div class='ocr_carea' id='block_1_107' title="bbox 2076 5266 3729 5332">
    <p class='ocr_par' dir='ltr' id='par_1_107' title="bbox 2076 5266 3729 5332">
     <span class='ocr_line' id='line_1_109' title="bbox 2076 5266 3729 5332; baseline -0.008 0"><span class='ocrx_word' id='word_1_663' title='bbox 2076 5274 2385 5332; x_wconf 88' lang='lat' dir='ltr'>lictoribus</span> <span class='ocrx_word' id='word_1_664' title='bbox 2429 5268 2770 5327; x_wconf 89' lang='lat' dir='ltr'>immundas</span> <span class='ocrx_word' id='word_1_665' title='bbox 2811 5283 3022 5323; x_wconf 88' lang='lat' dir='ltr'>carnes</span> <span class='ocrx_word' id='word_1_666' title='bbox 3053 5266 3228 5321; x_wconf 90' lang='lat' dir='ltr'>idolis</span> <span class='ocrx_word' id='word_1_667' title='bbox 3261 5266 3595 5321; x_wconf 88' lang='lat' dir='ltr'>immolatas</span> <span class='ocrx_word' id='word_1_668' title='bbox 3627 5281 3729 5319; x_wconf 89' lang='lat' dir='ltr'>eo-</span> 
     </span>
    </p>
   </div>
   <div class='ocr_carea' id='block_1_108' title="bbox 2075 5354 3738 5431">
    <p class='ocr_par' dir='ltr' id='par_1_108' title="bbox 2075 5354 3738 5431">
     <span class='ocr_line' id='line_1_110' title="bbox 2075 5354 3738 5431; baseline -0.007 -9"><span class='ocrx_word' id='word_1_669' title='bbox 2075 5365 2337 5431; x_wconf 86' lang='lat' dir='ltr'>medere,</span> <span class='ocrx_word' id='word_1_670' title='bbox 2360 5359 2594 5417; x_wconf 89' lang='lat' dir='ltr'>restitit.</span> <span class='ocrx_word' id='word_1_671' title='bbox 2621 5355 3013 5425; x_wconf 88' lang='lat' dir='ltr'>Quamobrem</span> <span class='ocrx_word' id='word_1_672' title='bbox 3037 5355 3273 5428; x_wconf 79' lang='lat' dir='ltr'>ungulis</span> <span class='ocrx_word' id='word_1_673' title='bbox 3296 5354 3505 5411; x_wconf 83' lang='lat' dir='ltr'>ferreis</span> <span class='ocrx_word' id='word_1_674' title='bbox 3524 5354 3593 5410; x_wconf 91' lang='lat' dir='ltr'>ab</span> <span class='ocrx_word' id='word_1_675' title='bbox 3613 5355 3738 5411; x_wconf 73' lang='lat' dir='ltr'>eis-</span> 
     </span>
    </p>
   </div>
   <div class='ocr_carea' id='block_1_109' title="bbox 2076 5444 3728 5525">
    <p class='ocr_par' dir='ltr' id='par_1_109' title="bbox 2076 5444 3728 5525">
     <span class='ocr_line' id='line_1_111' title="bbox 2076 5444 3728 5525; baseline -0.008 -13"><span class='ocrx_word' id='word_1_676' title='bbox 2076 5455 2211 5511; x_wconf 88' lang='lat' dir='ltr'>dem</span> <span class='ocrx_word' id='word_1_677' title='bbox 2243 5451 2612 5525; x_wconf 86' lang='lat' dir='ltr'>depectitur:</span> <span class='ocrx_word' id='word_1_678' title='bbox 2655 5447 2907 5518; x_wconf 91' lang='lat' dir='ltr'>aliisque</span> <span class='ocrx_word' id='word_1_679' title='bbox 2952 5445 3222 5517; x_wconf 86' lang='lat' dir='ltr'>pluribus</span> <span class='ocrx_word' id='word_1_680' title='bbox 3266 5445 3576 5501; x_wconf 89' lang='lat' dir='ltr'>tormentis</span> <span class='ocrx_word' id='word_1_681' title='bbox 3606 5444 3728 5500; x_wconf 86' lang='lat' dir='ltr'>fru-</span> 
     </span>
    </p>
   </div>
   <div class='ocr_carea' id='block_1_110' title="bbox 2077 5536 3728 5613">
    <p class='ocr_par' dir='ltr' id='par_1_110' title="bbox 2077 5536 3728 5613">
     <span class='ocr_line' id='line_1_112' title="bbox 2077 5536 3728 5613; baseline -0.007 -13"><span class='ocrx_word' id='word_1_682' title='bbox 2077 5551 2198 5600; x_wconf 90' lang='lat' dir='ltr'>stra</span> <span class='ocrx_word' id='word_1_683' title='bbox 2231 5547 2506 5605; x_wconf 84' lang='lat' dir='ltr'>tentatus,</span> <span class='ocrx_word' id='word_1_684' title='bbox 2528 5544 2893 5612; x_wconf 88' lang='lat' dir='ltr'>postremum</span> <span class='ocrx_word' id='word_1_685' title='bbox 2924 5536 3253 5613; x_wconf 85' lang='lat' dir='ltr'>decollatus</span> <span class='ocrx_word' id='word_1_686' title='bbox 3275 5540 3399 5589; x_wconf 90' lang='lat' dir='ltr'>est:</span> <span class='ocrx_word' id='word_1_687' title='bbox 3428 5551 3561 5591; x_wconf 89' lang='lat' dir='ltr'>cum</span> <span class='ocrx_word' id='word_1_688' title='bbox 3594 5550 3728 5590; x_wconf 91' lang='lat' dir='ltr'>ecce</span> 
     </span>
    </p>
   </div>
   <div class='ocr_carea' id='block_1_111' title="bbox 2076 5623 3731 5701">
    <p class='ocr_par' dir='ltr' id='par_1_111' title="bbox 2076 5623 3731 5701">
     <span class='ocr_line' id='line_1_113' title="bbox 2076 5623 3731 5701; baseline -0.008 -11"><span class='ocrx_word' id='word_1_689' title='bbox 2076 5634 2183 5691; x_wconf 88' lang='lat' dir='ltr'>sub</span> <span class='ocrx_word' id='word_1_690' title='bbox 2207 5631 2518 5689; x_wconf 85' lang='lat' dir='ltr'>meridiem</span> <span class='ocrx_word' id='word_1_691' title='bbox 2542 5643 2835 5701; x_wconf 86' lang='lat' dir='ltr'>apparens</span> <span class='ocrx_word' id='word_1_692' title='bbox 2857 5630 3081 5697; x_wconf 84' lang='lat' dir='ltr'>martyr</span> <span class='ocrx_word' id='word_1_693' title='bbox 3102 5624 3483 5693; x_wconf 88' lang='lat' dir='ltr'>Diocletiano,</span> <span class='ocrx_word' id='word_1_694' title='bbox 3505 5623 3731 5694; x_wconf 79' lang='lat' dir='ltr'>angelis</span> 
     </span>
    </p>
   </div>
   <div class='ocr_carea' id='block_1_112' title="bbox 2077 5712 3727 5797">
    <p class='ocr_par' dir='ltr' id='par_1_112' title="bbox 2077 5712 3727 5797">
     <span class='ocr_line' id='line_1_114' title="bbox 2077 5712 3727 5797; baseline -0.007 -20"><span class='ocrx_word' id='word_1_695' title='bbox 2077 5712 2329 5797; x_wconf 85' lang='lat' dir='ltr'>istpatus</span> <span class='ocrx_word' id='word_1_696' title='bbox 2351 5719 2577 5795; x_wconf 79' lang='lat' dir='ltr'>gladios</span> <span class='ocrx_word' id='word_1_697' title='bbox 2598 5734 2778 5776; x_wconf 86' lang='lat' dir='ltr'>manu</span> <span class='ocrx_word' id='word_1_698' title='bbox 2804 5712 3480 5787; x_wconf 72' lang='lat' dir='ltr'>stringentibus,cwlesti</span> <span class='ocrx_word' id='word_1_699' title='bbox 3505 5716 3727 5766; x_wconf 85' lang='lat' dir='ltr'>terrore</span> 
     </span>
    </p>
   </div>
  </div>
