4086 6204
438 316 556 375 543
1719 314 2154 380 MENOLOGII
2199 314 2401 376 PARS
2446 315 2552 376 Ill.
2999 314 3002 316 ⁷
3700 323 3732 379 5
3749 327 3808 384 Μ

436 451 608 508 illum
638 453 912 526 perculit,
947 455 1040 510 his
1091 455 1304 509 affatus
1355 453 1588 510 verbis:
1642 456 1728 510 En
1763 452 2076 508 Abudimus

2203 447 2439 524 οὐρανίῳ
2492 445 2779 520 ἐξέπληξεν
2831 447 3010 516 αὐτὸν,
3068 445 3159 501 καί
3217 467 3401 520 φησιν’
3434 447 3551 520 Ἴδε,
3586 447 3805 509 Ἀϐούδι.

439 543 618 599 homo
637 546 753 600 veri
779 545 901 607 Dei,
922 561 1100 614 quem
1124 551 1186 598 tu
1210 544 1571 600 exstinctum
1595 551 1800 616 putas:
1825 545 1978 598 Deus
1997 559 2076 598 aut

2203 559 2308 611 μος
2340 539 2368 593 ὁ
2405 542 2504 593 τοῦ
2535 537 2805 609 ἀληθινοῦ
2837 535 2970 594 Θεοῦ
3001 536 3310 613 ἄνθρωπος,
3340 538 3396 594 ὅν
3429 539 3488 594 σὺ
3521 541 3611 612 μὶν
3664 546 3807 616 νομί..

438 637 556 688 tem
594 633 695 686 tibi
729 633 1007 698 ostendit,
1033 631 1201 686 illum
1227 633 1414 704 ipsius
1439 635 1630 705 gratia
1657 634 1931 706 adjutum
1953 648 2076 687 con-

2202 631 2312 696 ζεις
2343 628 2609 691 τεθνοὶναι⁶
2641 628 2670 682 ὁ
2729 624 2786 682 δὲ
2854 627 2983 687 Θεὸς
3039 630 3108 701 τῇ
3166 627 3329 683 αὐτοῦ
3363 629 3577 703 βοηθείᾳ
3597 628 3808 688 δείκνυσί

437 725 526 776 tra
551 727 964 792 cooperatores
989 726 1118 775 tuos
1142 721 1463 789 dwmones,
1490 729 1548 777 et
1567 730 1773 778 contra
1794 729 1849 777 te
1872 738 2076 794 prmva'

2201 738 2312 786 σοι,
2347 715 2430 771 ὅτι
2474 714 2654 791 ἱσχύει
2710 715 2846 771 κατὰ
2889 721 2999 770 τῶν
3059 715 3332 791 συνεργῶν
3393 739 3486 772 σου
3537 717 3811 794 δαιμόνων,

433 810 577 866 lere.
610 815 682 864 At
707 809 1014 871 scelestus.
1049 827 1225 881 quem
1277 811 1377 866 Dei
1428 811 1717 882 patientia
1748 817 2076 867 convertere

2198 805 2288 862 καὶ
2319 806 2456 862 κατά
2483 810 2606 864 σοῦ.
2647 807 2706 863 Ὀ
2738 803 2795 860 δὲ
2824 804 3052 878 ἄνομος,
3085 807 3114 861 δ
3145 808 3210 880 [ς]
3243 807 3420 882 ἀνοχῇ
3474 813 3600 864 Θεοῦ
3631 807 3812 888 ὢφειλε

429 899 734 962 debuerat,
759 905 816 953 et
837 898 911 954 ad
937 899 1148 955 Christi
1178 900 1354 956 fidem
1377 901 1692 964 adducere,
1719 901 1778 956 in
1802 903 2076 972 majorem

2204 890 2624 969 μεταϐαλέσθαι,
2657 896 2747 951 καὶ
2778 900 3060 951 πιστεῦσαι
3111 901 3352 971 Χριστῷ,
3387 899 3591 972 μᾶλλον
3627 901 3815 973 μανεὶς,

427 987 691 1044 furorem
723 993 910 1053 actus,
943 1005 1161 1062 corpus
1203 991 1480 1063 martyris
1531 990 1790 1046 ﬂammis
1823 989 2076 1067 tradidit

2197 985 2261 1040 τὸ
2293 988 2452 1058 σῶμα
2480 989 2578 1040 τοῦ
2604 987 2880 1061 μάρτυρος
2911 985 3042 1060 πυρὶ
3073 982 3407 1060 παρεδωκεν.

2272 1103 2373 1160 Καὶ
2406 1100 2640 1173 ἂθλησις
2679 1105 2788 1156 τῶν
2820 1101 2986 1178 ἁγίων
3023 1101 3310 1178 μαρτύρων
3361 1102 3646 1178 ’Δντιόχου
3673 1103 3755 1159 καὶ

427 1107 496 1160 Et
541 1113 817 1162 certamen
862 1113 1172 1162 sanctorum
1219 1115 1529 1191 martyrum
1576 1105 1844 1163 Antiochi
1873 1113 1926 1162 et
1975 1109 2080 1177 Cy-
2272 1105 2373 1160 Καὶ
2406 1105 2640 1173 ἃθλησις
2679 1105 2788 1156 τῶν
2820 1105 2986 1249 ἁγὲωέ
3023 1121 3145 1228 μαορ]

1179 1193 1339 1234 νιαοι.
2922 1195 2951 1227 υ
2996 1194 3084 1228 ιακ
3120 1195 3145 1228 υ

2922 1194 3169 1229 υοιακου.

1179 1193 1339 1234 νιαοι.

2271 1290 2621 1364 Ἀντιοχος,ὁ
2643 1293 2741 1344 τοῦ
2773 1293 3014 1361 Χριστοῦ
3030 1288 3336 1364 μάρτυς,ἧν
3366 1290 3469 1345 ἀπὸ
3501 1285 3819 1360 Σεϐαστείας,

2195 1378 2380 1452 ἰατρὸς
2448 1381 2551 1448 τὴν
2603 1381 2830 1453 τεχνην,
2888 1379 3322 1453 περιερχόμενος
3381 1376 3438 1434 δὲ
3503 1380 3595 1444 τὰς
3643 1380 3813 1443 πόλεις

2192 1467 2366 1530 πάσας
2417 1467 2508 1522 καὶ
2568 1467 2832 1542 ἰατρεύων
2879 1468 3008 1528 τοὺς
3069 1469 3121 1522 ἐν
3191 1467 3510 1536 ἀσθενείαις,
3569 1469 3816 1544 ἐκρατήθη

505 1295 828 1350 Antiochus
859 1295 1073 1350 Christi
1105 1301 1330 1366 martyr
1351 1296 1542 1366 patria
1571 1295 2091 1366 Sebastenus,pro-

429 1383 688 1438 fessione
747 1383 1035 1450 medicus,
1087 1383 1264 1438 urbes
1313 1398 1521 1438 omnes
1571 1384 2086 1451 circumlustrans,

430 1489 616 1544 mgros
647 1472 910 1527 curabat.
942 1473 1026 1527 Ab
1060 1473 1319 1528 Adriano
1351 1479 1550 1530 autem
1573 1473 1826 1546 praeside
1855 1479 2084 1544 captus,

429 1560 701 1632 pluribus
722 1562 983 1632 primum
1002 1562 1362 1618 cruciatibus
1380 1562 1664 1617 afﬁcitur:
1689 1568 1824 1634 post
1844 1562 1905 1618 in
1925 1561 2076 1618 lebe-

2199 1557 2303 1614 ὑπὸ
2329 1555 2620 1631 Ἀδριανοῦ
2673 1560 2771 1610 τοῦ
2829 1555 3123 1632 ἡγεμόνος.
3157 1558 3262 1613 Καὶ
3321 1557 3538 1618 πολλάς
3575 1558 3819 1633 βασάνους

431 1657 548 1706 tem
581 1651 906 1717 immissus,
933 1667 1042 1706 nec
1061 1659 1373 1715 crematus,
1397 1653 1470 1707 ad
1491 1652 1713 1708 bestias
1743 1652 2076 1707 damnatur:

2196 1647 2492 1720 ὑπομεινας
2520 1645 2806 1721 πρότερον,
2841 1645 3062 1720 ὕστερον
3132 1645 3211 1711 εἷς
3264 1642 3472 1718 λέϐητα
3516 1643 3816 1721 ἐμϐληθεὶς,

434 1756 566 1809 quae
589 1739 982 1794 nihilominus
1005 1741 1199 1796 eidem
1224 1741 1482 1796 blandiri
1503 1742 1637 1797 visas
1660 1747 1819 1806 sunt,
1837 1742 2076 1813 ejusque

2193 1737 2281 1791 καὶ
2320 1737 2395 1809 μή
2429 1733 2715 1813 φλεχθεὶς,
2745 1735 2928 1811 ἄγεται
2977 1739 3418 1812 θηριομαχῆσαι,
3473 1737 3623 1810 ᾧτινι
3669 1757 3817 1812 προσι

433 1827 686 1899 pedibus
717 1828 1041 1898 provoluta)
1063 1829 1261 1900 ipsum
1285 1829 1637 1886 deosculari.
1663 1832 1825 1884 Inter
1845 1836 2076 1886 caeteras

2197 1825 2422 1902 ἔχαιρον
2479 1825 2547 1880 τὰ
2597 1825 2780 1901 θηρία’
2840 1825 2931 1879 καὶ
2985 1825 3292 1899 κυνούμενα
3349 1828 3485 1902 πρὸς
3506 1833 3620 1890 τοῖς
3673 1828 3814 1883 ποσὶν

430 1917 587 1972 feras
617 1918 876 1988 pardalis
927 1925 1073 1987 erat,
1125 1935 1258 1990 quas
1306 1921 1568 1976 humana
1607 1937 1745 1977 voce
1774 1921 2076 1992 prmsiderr

2194 1915 2383 1985 αὐτοῦ,
2409 1914 2735 1994 κατεφίλουν
2795 1915 2977 1972 αὐτόν.
3020 1915 3129 1972 Μία
3186 1913 3245 1972 δὶ
3302 1915 3571 1993 πάρδαλις
3623 1918 3814 1995 ἀνθρω-

432 2006 777 2078 increpavit.
801 2009 1033 2064 Interea
1050 2015 1288 2064 sanctus
1307 2009 1533 2078 orabat,
1555 2011 1798 2082 suisque
1817 2011 2076 2083 precibus

2193 2004 2321 2078 πίνῃ
2377 2009 2533 2079 φωνῇ
2583 2003 2784 2080 ⁴ἣλεγξε
2835 2005 2928 2060 τὸν
2987 2007 3254 2082 ἡγεμόνα.
3344 2009 3478 2063 Εῐτα
3553 2005 3742 2080 ηὔξατο
3792 2009 3818 2062 δ

429 2095 633 2150 omnia
660 2096 823 2152 idola
847 2097 908 2152 in
937 2097 1240 2168 pulverem
1263 2098 1550 2154 dissolvit.
1585 2101 1957 2156 Postremum
1988 2117 2076 2156 ca-

2195 2094 2371 2168 ἅγιος,
2402 2093 2491 2148 καὶ
2527 2089 2852 2164 διελύθησαν
2908 2092 2984 2155 εἰς
3039 2095 3266 2168 ψίμμον
3302 2094 3472 2151 πάντα
3519 2096 3587 2152 τά
3613 2093 3818 2152 εἴδωλα.

429 2183 550 2254 pite
581 2183 790 2254 plexus
817 2190 926 2251 est,
960 2192 1020 2240 et
1047 2187 1138 2241 lac
1189 2204 1309 2242 una
1340 2205 1474 2242 cum
1507 2189 1792 2262 sanguine
1827 2206 1897 2245 ex
1927 2189 2076 2244 collo

2194 2183 2296 2240 Καὶ
2329 2183 2467 2255 μετά
2495 2185 2662 2237 ταῦτα
2686 2183 2977 2255 ἀπετμήθη
3036 2185 3136 2252 τὴν
3195 2182 3466 2262 κεφαλὴν,
3505 2186 3593 2240 καὶ
3646 2182 3816 2262 ἔρῥευ-

430 2274 706 2329 manavit.
740 2275 863 2340 Quo
893 2275 1181 2330 miraculo
1233 2283 1564 2333 commotus
1597 2279 1858 2334 carnifex
1889 2279 2076 2352 Cyria-

2194 2291 2278 2327 σεν
2307 2270 2367 2326 ἐκ
2402 2275 2500 2327 τοῦ
2530 2269 2818 2348 τραχήλου
2876 2271 3040 2327 αὐτοῦ
3101 2272 3192 2328 σὺν
3253 2273 3450 2346 αἳματι
3507 2273 3664 2348 γάλα.
3713 2277 3816 2332 Κυ-

429 2377 554 2430 cus,
616 2365 717 2435 qui
778 2370 1052 2420 sanctum
1121 2365 1262 2420 169
1321 2366 1735 2432 decollaverat,
1782 2375 2076 2441 resumpto

2193 2360 2377 2437 ριακὸς
2409 2357 2466 2416 δὲ
2498 2363 2526 2416 ὁ
2548 2362 2638 2416 τὸν
2668 2363 2819 2438 ἅγιον
2853 2361 3278 2437 ἀποκεφαλίσας,
3337 2363 3466 2420 ἰδὼν
3524 2367 3584 2420 τὸ
3633 2365 3818 2436 θαῦμα,

431 2453 630 2508 animo
655 2469 716 2507 se
739 2451 925 2508 libere
949 2453 1258 2510 confessus
1280 2460 1369 2510 est
1389 2455 1816 2524 Christianum,
1841 2469 1870 2511 Α
1887 2458 2076 2514 driani

2192 2451 2279 2507 καὶ
2330 2451 2866 2528 παρῥησιασάμενος,
2918 2453 3104 2510 ἑαυτὸν
3164 2455 3488 2530 Χριστιανὸν
3547 2454 3818 2528 ἀνωμολό-

2189 2562 2346 2618 γησε·
2406 2543 2495 2597 καὶ
2552 2541 2795 2615 ἀνάθεμα
2840 2541 3008 2599 εἰπὼν
3065 2549 3183 2607 τοῖς
3242 2542 3502 2609 εἰδώλοις
3531 2543 3816 2613 Ἀδριανοῦ,

2188 2631 2400 2705 ἐτμήθη
2447 2631 2536 2686 καὶ
2595 2631 2760 2696 αὐτὸς
2811 2632 2910 2702 τήν
2971 2630 3240 2710 κεφαλὴν,
3291 2632 3384 2689 καί
3415 2633 3702 2710 προσετέθη
3748 2636 3819 2705 τῷ

432 2541 608 2599 idolis
633 2541 1018 2598 maledicens.
1057 2544 1448 2609 Quamobrem
1483 2545 1608 2616 ipse
1639 2547 1862 2617 pariter
1892 2548 2084 2620 capite

427 2632 658 2706 plexus,
694 2638 897 2688 sancto
931 2633 1217 2690 Antiocho
1275 2633 1590 2707 adjunctus
1622 2636 1749 2692 fuit.
1783 2641 1972 2709 Atque
2003 2639 2087 2695 ita

426 2721 600 2778 ambo
649 2723 1068 2793 consummati,
1117 2740 1151 2779 a
1204 2723 1428 2781 cmlesti
1461 2729 1519 2780 et
1549 2741 1760 2800 magno
1793 2727 1946 2801 Rege
1979 2745 2081 2785 re-

425 2829 605 2886 gnum
639 2812 924 2868 caelorum
949 2829 1252 2886 accepere.

529 3035 600 3089 Et
631 3039 905 3089 certamen
932 3036 1111 3088 sancti
1139 3037 1402 3116 martyris
1423 3035 1588 3091 Pauli
1617 3042 1668 3090 et
1697 3039 1969 3093 sociorum

1182 3121 1321 3176 ejus.

2189 2718 2327 2797 ἁγίῳ
2386 2715 2679 2794 Ἀντιόχῳ.
2743 2721 2840 2778 Καὶ
2902 2720 3044 2778 οὕτω
3094 2722 3505 2791 τελειωθέντες,
3563 2717 3816 2779 ἀπέλαϐον

2187 2809 2334 2879 παρά
2362 2813 2458 2864 τοῦ
2489 2808 2751 2884 οὐρανίου
2807 2812 2896 2866 καὶ
2958 2809 3205 2888 μεγάλου
3265 2811 3548 2876 Βασιλέως
3603 2813 3815 2882 τὴντῶν

2188 2898 2433 2974 οὐρανῶν
2467 2898 2768 2974 βασιλείαν.

2259 3018 2360 3073 Καὶ
2391 3013 2624 3087 ἄθλησις
2654 3021 2752 3072 τοῦ
2782 3015 3246 3094 ἁγίου-μάρτυρος
3279 3018 3503 3076 Παύλου
3531 3026 3620 3075 καί
3661 3026 3754 3088 τῆς

2771 3086 3024 3152 συνοδίας
3050 3086 3245 3148 ἀύτόῦ.

494 3220 596 3274 Isti
627 3235 845 3291 genere
865 3220 1113 3292 Egyptii
1137 3220 1301 3276 fuere
1326 3241 1340 3286 ς
1363 3223 1660 3294 captique,
1685 3228 1743 3278 et
1767 3224 1840 3279 ad
1862 3224 2071 3280 urbem

2194 3289 2210 3294 Α
2257 3201 2423 3294 Οὗτοι
2457 3204 2707 3280 ὑπῆρχον
2763 3205 3062 3282 Αἰγύπτιοι
3118 3209 3181 3262 τὸ
3231 3209 3414 3284 γένος.
3474 3206 3817 3283 Κρατηθὲντες

419 3306 849 3362 Βίοοωεει-θοω
882 3305 1064 3372 ducti,
1098 3307 1336 3378 prmsidi
1363 3309 1689 3375 sistuntur;
1723 3311 2071 3382 quaestioni-

421 3411 537 3465 que
570 3392 844 3465 subjecti,
870 3410 1074 3449 verum
1107 3395 1290 3450 Deum
1333 3402 1602 3451 nostrum
1633 3397 1880 3468 professi
1913 3403 2070 3454 sunt.

423 3481 612 3546 Quare
635 3480 861 3536 sinistri
881 3480 1062 3552 pedes
1083 3481 1205 3536 illis
1221 3481 1576 3546 aduruntur,
1597 3490 1655 3538 et
1671 3485 1827 3539 oculi
1845 3484 2070 3540 dexteri

426 3573 743 3623 eruuntur:
780 3584 916 3622 mox
936 3565 1093 3623 ferro
1119 3568 1317 3640 etigni
1339 3577 1864 3626 consummantur:
1896 3578 2073 3642 atque

427 3669 546 3708 una
563 3669 697 3708 cum
720 3654 865 3723 ipsis
887 3654 1224 3724 complures
1238 3653 1340 3709 alii
1359 3655 1467 3710 viri
1480 3655 1837 3728 feminasque
1858 3657 2072 3713 Christi

428 3754 649 3794 nomen
681 3737 971 3809 professi:
1004 3754 1153 3808 quos
1190 3739 1350 3794 inter
1380 3747 1585 3796 sancta
1610 3742 1766 3797 Thea
1792 3743 1854 3798 in
1887 3759 2074 3813 equu-

426 3824 586 3878 leum
611 3830 874 3892 extensa,
899 3822 1158 3878 lacerata
1176 3823 1319 3878 fuit:
1345 3825 1653 3897 ipsiusque
1675 3843 1843 3882 soror
1865 3828 2074 3884 Valen-

427 3910 552 3965 tina
598 3909 868 3982 judicem
926 3926 1219 3984 aggressa,
1279 3927 1444 3968 aram
1509 3913 1772 3970 calcibus
1831 3917 2073 3973 evertit:

423 3999 812 4070 quamobrem
841 3999 972 4071 ipsa
991 3999 1169 4054 etiam
1200 4000 1488 4058 dilaniata
1512 4001 1623 4057 fuit
1642 4003 2072 4062 crudelissime.

427 4089 674 4145 Sanctus
705 4095 906 4146 autem
933 4088 1154 4145 Paulus
1186 4096 1410 4163 martyr
1439 4097 1574 4164 post
1608 4092 1790 4151 latam
1823 4100 2074 4152 senten-

424 4178 586 4244 tiam,
612 4183 678 4235 ut
701 4179 894 4251 capite
925 4179 1306 4253 plecteretur,
1349 4187 1513 4238 stans
1564 4185 1750 4240 oravit
1775 4202 1880 4257 pro
1907 4185 2074 4242 Chri-

425 4269 654 4337 stianis,
703 4269 942 4338 Iudaeis,
993 4270 1394 4340 Samaritanis,
1446 4273 1684 4342 Grascis,
1743 4281 1802 4331 et
1846 4277 2075 4332 caeteris

421 4360 798 4433 gentibus,ad
821 4367 884 4416 ut
902 4360 1006 4416 Dei
1028 4361 1392 4433 agnitionem
1410 4363 1764 4433 venirent,et
1781 4371 2078 4422 commota

419 4450 701 4506 adversus
730 4450 1099 4506 Christianos
1119 4451 1457 4522 persecutio
1482 4455 1896 4520 cessaret.Quo
1921 4455 2074 4510 facto

2190 3289 2267 3362 δὲ,
2298 3292 2389 3348 καὶ
2421 3294 2495 3355 εἰς
2550 3299 2650 3363 τήν
2710 3293 2872 3351 πόλιν
2933 3296 3344 3370 Διοκαισὰρειαν
3391 3300 3662 3375 ἀχθέντες,
3693 3315 3816 3371 παρ-

2189 3380 2415 3452 ἐστησαν
2441 3384 2519 3455 τῷ
2568 3381 2815 3459 ἄρχοντι.
2870 3385 2972 3443 Καὶ
3030 3385 3422 3456 ἐρωτηθάντες,
3480 3389 3570 3443 καὶ
3625 3384 3818 3459 ὁμολο-

2191 3475 2445 3544 γήσαντες
2471 3473 2561 3528 τὸν
2594 3472 2853 3544 ἀληθινὸν
2899 3477 3060 3548 ήμῶν
3117 3477 3270 3540 Θεὸν,
3334 3477 3463 3540 τοὺς
3522 3473 3815 3550 ἀριστεροὺς

2190 3558 2359 3624 πόδας
2401 3564 2759 3633 κατεκάησαν·
2819 3563 2910 3620 καὶ
2975 3565 3105 3627 τοὺς
3213 3563 3430 3638 δεξιοὺς
3515 3565 3814 3642 ὀφθαλμοὺς

2190 3646 2592 3726 ἐξωρύχθησανο
2652 3653 2741 3707 καὶ
2808 3652 2978 3730 ξίφεσι
3043 3655 3132 3710 καὶ
3212 3658 3350 3723 πυρὶ
3422 3655 3816 3722 ἐτελειώθησαν·

2187 3741 2280 3794 καί
2335 3741 2452 3812 μετ’
2519 3741 2694 3797 αὐτῶν
2755 3738 2929 3816 ἕτεροι
2979 3742 3186 3800 πολλοὶ
3243 3743 3443 3821 ἄνδρες
3495 3766 3574 3812 τε,
3629 3745 3714 3801 καὶ
3741 3765 3822 3819 γυ-

2189 3833 2368 3891 ναῖκες
2396 3827 2850 3905 ὁμολογήσαντες
2879 3833 2942 3888 τὸ
2999 3828 3175 3906 ὄνομα
3203 3838 3303 3889 τοῦ
3335 3836 3602 3910 Χριστοῦ.
3641 3833 3738 3892 Καὶ
3793 3834 3818 3900 ἢ

2195 3918 2289 3990 μὲν
2351 3918 2474 3995 ἁγία
2528 3921 2633 3991 Θὲη
2694 3919 2782 3976 ἐπὶ
2836 3920 3000 3992 ξύλου
3055 3930 3380 3988 τανυσθεῖσα
3435 3924 3640 3999 ἐξέσθη·
3687 3926 3720 3993 ἠ
3773 3919 3825 3977 δὶ

2189 4003 2400 4085 ἀδελφὴ
2470 4007 2636 4078 αύτῆς
2692 4008 3018 4068 Ούαλεντίνα
3071 4016 3150 4086 τῷ
3207 4010 3443 4090 δικαστῇ
3525 4013 3822 4088 ἐπιθεμένη,

2188 4094 2514 4171 κατέστρεψε
2558 4099 2651 4154 τὸν
2715 4099 2904 4176 βωμὸν
2990 4106 3067 4174 τῷ
3127 4099 3276 4158 ποδί.
3344 4103 3446 4160 Καὶ
3505 4101 3686 4179 ἐξὲσθη
3740 4099 3824 4157 καὶ

2190 4185 2323 4253 αύτή
2355 4185 2610 4262 ἀφειδῶς.
2645 4189 2864 4252 Παῦλος
2914 4187 2973 4246 δὲ
3031 4192 3059 4246 ὁ
3098 4194 3253 4266 ἅγιος
3317 4194 3527 4267 μάρτυς
3578 4195 3676 4262 τήν
3746 4188 3826 4246 διά

2187 4279 2286 4331 τοῦ
2314 4277 2501 4347 ξίφους
2527 4277 2798 4356 ἀπόφασιν
2853 4277 3059 4350 λαϐὼν,
3115 4283 3206 4336 καὶ
3259 4285 3413 4352 στὰς,
3473 4283 3825 4358 προσευξάμε-

2189 4386 2279 4426 νος
2310 4365 2442 4440 ὗπὶρ
2475 4369 2835 4441 Χριστιανῶν,
2897 4371 3030 4444 ὑπὲρ
3087 4369 3392 4443 Ἰουδαίων,
3457 4375 3591 4446 ὑπὲρ
3649 4379 3822 4443 Σαμα-

2191 4458 2403 4529 ρειτῶν,
2442 4455 2573 4526 ὑπὲρ
2603 4455 2916 4527 Ἑλλήνων,
2938 4461 3028 4514 καὶ
3062 4461 3194 4535 ὑπὲρ
3228 4462 3432 4538 ἐτέρων
3466 4463 3654 4528 ἐθνῶν,
3687 4463 3825 4519 ὅπως

419 4538 492 4593 ad
509 4539 1092 4594 commiserationem
1115 4546 1173 4594 et
1194 4539 1485 4612 lacrymas
1507 4544 1826 4598 commovit
1844 4543 2072 4600 univer-

2192 4541 2254 4604 ιίς
2279 4547 2478 4618 γνῶσιν
2514 4549 2646 4600 Θεοῦ
2680 4543 2936 4613 ἔλθωσιν,
2959 4551 3046 4604 καὶ
3081 4551 3261 4622 παυθῇ
3297 4553 3325 4606 ὁ
3384 4554 3526 4606 κατά
3553 4556 3661 4606 τῶν
3708 4555 3825 4622 Χρι-

422 4645 520 4682 sos
550 4633 608 4684 et
636 4635 773 4698 post
801 4627 926 4684 hanc
956 4629 1147 4700 capite
1179 4629 1386 4701 plexus
1427 4635 1538 4686 est.

983 4832 1220 4888 EODEM
1260 4835 1404 4889 MEN
1410 4833 1511 4888 SE.

953 4922 1055 4978 Die
1095 4922 1327 4979 decima
1356 4928 1539 4980 sexta.

417 5011 870 5066 Commemoratio
932 5019 1136 5068 sancta
1199 5011 1646 5070 Chalcedonensis
1692 5013 1888 5084 synodi
1940 5032 2070 5072 sea:-

827 5090 1107 5140 centoram
1137 5086 1372 5154 triginta
1410 5087 1659 5142 Patrum.

491 5199 810 5270 Postquam
833 5202 1055 5274 impius
1077 5204 1249 5258 Arius
1271 5219 1304 5257 a
1325 5206 1606 5260 trecentis
1639 5210 1861 5264 sanctis
1891 5210 2072 5264 Patri-
2098 5240 2115 5265 ι

417 5287 530 5342 bus
562 5288 767 5344 Nicaea
799 5291 1325 5346 anathematizatus
1355 5292 1486 5351 fuit.
1515 5295 1806 5366 Eutyches
1835 5297 2071 5351 hmreti-

417 5393 519 5430 cus
551 5376 768 5432 diaboli
797 5379 1001 5434 afflatu
1026 5379 1360 5451 instigatus,
1385 5380 1659 5436 hmresim
1693 5383 1855 5437 illius
1887 5383 2071 5440 voluit

419 5465 773 5532 instaurare,
819 5467 1045 5534 dicens,
1097 5483 1278 5521 unam
1327 5466 1559 5522 Christo
1609 5476 1743 5541 post
1783 5472 2064 5530 unionem

414 5553 610 5608 inesse
644 5561 936 5611 naturam.
986 5555 1097 5609 Sed
1155 5559 1288 5624 post
1341 5555 1653 5611 Theodosii
1688 5559 1794 5614 filii
1827 5561 2062 5618 Arcadii

2183 4638 2410 4689 στιανῶν
2472 4633 2741 4710 διωγμὸς,
2821 4638 2896 4696 εἰς
2980 4639 3160 4694 οἶκτον
3211 4642 3303 4696 καὶ
3378 4639 3588 4716 δάκρυα
3636 4642 3822 4697 πάντας

2180 4719 2415 4792 ἐκίνησε,
2440 4722 2530 4778 καὶ
2563 4725 2698 4796 μετὰ
2726 4729 2896 4781 ταῦτα
2925 4725 3138 4798 ἐτμήθη
3171 4730 3272 4799 τὴν
3302 4728 3577 4808 κεφαλήν.

2716 4843 2901 4900 ΜΗΝΙ
2958 4846 3048 4902 ΤΩ
3098 4849 3288 4904 ΑΥΤΩ.

2963 4936 3030 5003 ιιπ

2179 5018 2243 5075 Ἥ
2276 5018 2586 5101 ἀνάμνησις.
2631 5028 2753 5101 τῆς,
2788 5023 2842 5078 ἐν
2900 5019 3216 5101 Χαλκηδόνι
3248 5025 3409 5101 ἁγίας
3469 5024 3697 5083 συνόδου
3725 5027 3820 5078 τῶν

2543 5091 2830 5165 ἑξακοσίων
2871 5091 3164 5170 τριάκοντα
3196 5091 3478 5172 Παξὲρων.

2253 5211 2404 5266 Μετὰ
2433 5210 2531 5278 τὴν
2591 5209 2898 5285 καθαίρεσιν
2955 5215 3053 5266 τοῦ
3112 5207 3408 5274 δυσσεϐοῦς
3469 5214 3702 5290 Ἀρείου,
3733 5213 3822 5279 τήν

2181 5296 2283 5352 ὑπὸ
2313 5301 2420 5353 τῶν
2449 5297 2777 5375 τριακοσίων
2833 5299 3000 5375 ἁγίων
3064 5302 3314 5378 Πατὲρων
3380 5302 3434 5358 ἐν
3492 5303 3694 5374 Νικαίᾳ
3735 5321 3815 5377 γε·

2176 5389 2509 5462 γενημένην,
2541 5387 2896 5460 ἐμπνευσθεῖς
2943 5390 3047 5446 ὑπὸ
3105 5395 3203 5446 τοῦ
3244 5387 3516 5448 διαϐόλου
3570 5391 3818 5466 Εὐτυχῆ(

2176 5475 2512 5552 ὁαίρετικὸς,
2541 5473 2808 5534 ἐϐούλετο
2839 5479 3136 5536 ἀνανεῶσαι
3177 5481 3274 5550 τήν
3331 5481 3544 5538 ἐκείνου
3598 5480 3812 5557 αἳρεσιν,

2175 5563 2487 5643 λέγων,ἐπῖ
2530 5569 2765 5642 Χριστοῦ
2823 5568 2950 5643 μίαν
3007 5570 3164 5648 φύσιν
3220 5571 3466 5647 γενέσθαι
3532 5572 3665 5646 μετά
3717 5571 3806 5638 τήν

414 5642 642 5698 obitum
665 5644 916 5717 imperio
935 5647 1156 5716 potitus
1179 5648 1418 5698 sanctus
1440 5644 1789 5720 Marcianus,
1814 5668 2062 5728 congre-

2192 5642 2380 5714 Γνωσιν.
2417 5655 2596 5715 Ἀλλά
2622 5665 2724 5730 τῆς
2782 5642 3063 5736 βασιλείας
3112 5642 3390 5736 κρατήσας
3449 5662 3477 5716 ὁ
3533 5642 3592 5718 ἐν
3641 5659 3808 5738 ἁγίοις
