4086 6204
318 327 439 399 545

1864 324 2162 392 JULIUS.

3619 349 3738 409 546

319 468 660 542 Μαρκιανὸς,
696 466 828 539 μετὰ
876 464 1135 533 τελευτὴν
1187 460 1477 519 Θεοδοσίου
1506 464 1628 518 υίοῦ
1660 457 1972 537 ’Δρκαδίου,

2090 466 2225 531 gata
2245 461 2616 521 Chalcedone
2639 483 2806 523 sacra
2826 477 3236 527 sexcentorum
3262 490 3329 530 ac
3352 476 3591 548 triginta
3612 478 3737 535 dei-

318 560 621 633 συνήγαγεν
698 556 748 612 ἰν
823 554 1139 625 Χαλκηδόνι
1200 553 1424 609 σύνοδον
1480 555 1628 629 ἱεράν
1686 551 1978 623 ἑξακοσίων

315 647 608 719 τριάκοντα
664 643 940 720 θεοφόρων
994 644 1271 717 Πατέρων,
1330 641 1419 697 καὶ
1473 640 1724 697 καθεῖλεν
1775 640 1837 694 οὐ
1875 638 1979 711 μό-

318 757 406 792 νον
439 735 691 809 Εύτυχῆ,
728 732 942 803 μᾶλλον
972 730 1029 787 δὶ
1060 730 1304 807 δυστυχῆ
1350 731 1438 787 καὶ
1489 732 1699 799 ἄθλιον,
1732 728 1822 784 καὶ
1850 726 1977 790 τοὺς

320 822 629 901 ὁμόφρονας
687 822 871 877 αὐτοῦ·
933 821 1079 877 ἀλλά
1133 820 1223 877 καὶ
1280 822 1373 876 τὸν
1435 819 1806 895 Ἀρειανισμὸν
1840 838 1977 871 παν-

319 912 491 975 τελῶς
550 913 802 989 ἠφάνισε,
862 910 1127 986 κρατύνας
1184 911 1248 965 τὸ
1304 909 1454 986 ἆγιον
1528 903 1808 981 σύμϐολον
1866 910 1972 961 τῶν

322 1003 489 1077 ἁγίων
552 1002 832 1075 Πατέρων,
886 1001 976 1055 καὶ
1029 994 1447 1067 ἔπιῦεϐαιώσας,
1507 998 1595 1053 καὶ
1648 994 1977 1069 ἀναθεματί-

321 1110 413 1151 σας
493 1090 731 1149 ἅπαντας
809 1087 938 1149 τοὺς
1024 1086 1349 1161 αἱρετικούς.
1412 1081 1816 1160 συνεργησᾶσης
1894 1082 1972 1144 εἰς

317 1184 477 1234 τοῦτο
505 1179 728 1247 καὶτῆς
782 1178 933 1252 ἁγίας
994 1174 1488 1251 μεγαλομάρτυρος
1548 1173 1851 1252 Εὑφημίας,
1884 1170 1971 1227 καὶ

314 1270 404 1323 τὸν
433 1270 564 1344 ὅρον
593 1273 693 1336 τῆς
725 1264 1065 1341 ὀρθοδοξίας,
1124 1266 1365 1341 καθάπερ
1419 1271 1582 1333 ζῶσα,
1616 1266 1974 1339 παρασχοῦσα

312 1362 426 1419 τοῖς
458 1353 793 1432 ὀρθοδόξοις.

313 1472 412 1530 Καθ
446 1470 680 1543 ἄθλησις
740 1476 847 1527 τῶν
908 1473 1080 1547 ἁγίων
1145 1469 1436 1547 μαρτύρων
1486 1467 1852 1545 Ὀνησιφόρου
1882 1465 1972 1521 καὶ

980 1543 1316 1620 Πορφυρίου.

381 1665 440 1717 Ὀ
526 1667 623 1717 τοῦ
706 1662 943 1735 Χριστοῦ
1022 1659 1228 1735 μάρτυς
1313 1658 1673 1737 Ὀνησιφόρος
1758 1658 1974 1732 ὑπῆρχε

320 1754 411 1819 μὲν
444 1752 506 1808 ἐκ
532 1759 634 1822 τῆς
691 1750 911 1814 πόλεως
964 1749 1221 1816 Ἰκονίου,
1279 1749 1537 1824 συγγενὴς
1589 1744 1661 1801 ὣν
1690 1754 1789 1816 τῆς
1818 1746 1973 1822 βασι-

2085 548 2345 606 ferorum
2404 556 2641 609 Patrum
2702 557 2950 627 synodo,
3022 577 3140 615 non
3200 563 3375 618 modo
3432 566 3735 623 infelicem

2087 641 2123 693 Ι
2144 641 2240 693 10
2270 658 2337 696 ac
2360 643 2645 698 miserum
2669 647 2991 716 Eutychen,
3020 651 3269 720 ejusque
3290 655 3548 710 asseclas
3580 674 3736 712 ever-

2086 728 2191 794 tit;
2225 746 2427 785 verum
2487 733 2663 788 etiam
2722 736 3124 793 Arianismum
3155 740 3391 809 penitus
3421 743 3733 815 destruxit,

2086 833 2319 873 sacrum
2352 826 2692 876 sanctorum
2726 825 2966 880 Patrum
2999 827 3332 896 symbolum
3370 833 3735 888 conﬁrmans

2083 922 2151 960 ac
2204 907 2534 976 stabiliens,
2592 910 3021 985 hmreticosque
3081 933 3289 972 omnes
3345 922 3735 977 anathemati-

2084 1013 2242 1061 zans,
2274 1015 2408 1053 cum
2462 1000 2523 1054 in
2580 1001 2642 1055 id
2701 1019 2941 1071 operam
2993 1022 3159 1061 suam
3193 1013 3250 1062 et
3279 1017 3484 1066 sancta
3522 1028 3736 1083 magna

2085 1091 2310 1156 martyr
2339 1088 2664 1158 Euphemia
2692 1092 3099 1164 conjungeret,
3134 1100 3193 1150 et
3222 1097 3562 1155 orthodoxa:
3594 1101 3729 1155 ﬁdei

2087 1174 2521 1243 deﬁnitionem,
2584 1184 2865 1250 tanquam
2922 1184 3147 1250 vivens,
3200 1186 3540 1244 orthodoxis
3572 1207 3731 1260 pra)-

2083 1262 2272 1321 beret.

2086 1472 2155 1525 Et
2210 1477 2482 1526 certamen
2539 1480 2851 1601 sanctorlum
2897 1482 3229 1600 hmartyrum
3307 1479 3634 1551 Onesiphori
3684 1489 3737 1537 et

2791 1563 2891 1601 orn
2936 1565 3067 1601 um.

2791 1563 3067 1617 orpnyrn.

2158 1650 2561 1722 Onesiphorus
2611 1653 2825 1708 Christi
2906 1660 3151 1727 martyr,
3212 1673 3281 1711 ex
3328 1657 3473 1714 urbe
3532 1661 3734 1716 Iconio

2086 1738 2395 1807 oriundus,
2448 1740 2643 1797 afﬁnis
2700 1743 3043 1814 Tryphzrnaa
3104 1746 3518 1816 imperatricis,
3551 1749 3735 1804 Iconii

317 1842 513 1912 λίσσης
545 1840 872 1919 Τρυφαίνης’
905 1840 1137 1912 κατῴκει
1196 1836 1253 1893 δὲ
1310 1836 1361 1892 έν
1415 1841 1482 1910 τῇ
1533 1835 1693 1892 πόλει
1727 1834 1972 1893 ’[κονίου.

2088 1828 2389 1893 habitavit,
2422 1828 2523 1884 ubi
2582 1836 2641 1885 et
2697 1832 3029 1903 suscipiens
3086 1850 3366 1906 magnum
3397 1837 3735 1906 apostolum

315 1934 482 1987 Ἴοῖνθα
511 1930 599 1986 καὶ
651 1928 938 2002 δεξάμενος
984 1930 1074 1983 τὸν
1134 1926 1303 2003 μέγαν
1360 1926 1665 1981 ἀπόστολον
1729 1924 1965 1992 Παῦλον,

315 2018 582 2095 ἐδιδάχθη
635 2020 723 2074 ὑπ’
780 2019 986 2074 ἐκείνου
1042 2018 1133 2072 τὸν
1192 2015 1359 2092 λόγον
1417 2022 1520 2086 τῆς
1565 2014 1847 2086 ἀληθείας,
1878 2014 1965 2068 καὶ

316 2110 629 2184 βαπτισθεὶς
687 2108 932 2179 πανοικὶ,
986 2106 1246 2179 ἐκήρυττε
1294 2107 1385 2162 τὸν
1446 2106 1706 2178 Χριστόν.
1742 2103 1838 2158 Καὶ
1880 2100 1969 2158 διά

309 2204 470 2255 τοῦτο
505 2197 786 2274 διωχθείς,
844 2196 904 2252 ἐκ
958 2200 1055 2251 τοῦ
1106 2196 1333 2253 Ἰκονίου
1388 2194 1662 2262 ἀπελθὼν,
1711 2192 1967 2267 κατῴκη-

314 2310 398 2344 σεν
426 2288 503 2351 εἰς
534 2289 597 2343 τὸ
631 2287 847 2360 Πάριον.
883 2282 1136 2362 Εὕπορος
1192 2282 1249 2340 δὶ
1301 2281 1399 2357 ὥν,
1431 2282 1650 2352 πολλὴν
1683 2288 1791 2338 τῶν
1818 2304 1966 2339 πτω-

315 2384 427 2455 χῶν
462 2379 701 2433 ὶποιεῖτο
745 2384 1029 2448 πρόνοιαν.
1086 2373 1264 2432 Ἀλλά
1312 2374 1403 2429 καὶ
1458 2379 1537 2446 τῷ
1596 2371 1799 2445 Παύλῳ
1829 2373 1966 2447 πρὸς

309 2470 374 2525 τὰ
429 2466 791 2538 Ἱεροσόλυμα
846 2466 1215 2540 ἀπερχομένῳ
1295 2462 1483 2519 πολλὰ
1566 2463 1834 2538 χρήματα
1892 2461 1967 2524 είς

312 2556 589 2613 διακονίαν
647 2562 756 2612 τῶν
809 2552 1062 2632 ἀδελφῶν
1120 2551 1343 2621 δέδωκε,
1401 2553 1490 2608 καὶ
1548 2552 1684 2627 πρὸς
1742 2552 1966 2625 Ῥώμην

314 2647 646 2721 ἀπαγομένῳ
685 2642 895 2717 δεσμίῳ
949 2640 1421 2714 κατηκολούθησε.
1482 2641 1581 2696 Καὶ
1633 2641 1966 2716 προτραπεὶς

317 2737 402 2791 ὑπ’
435 2736 667 2805 ἐκείνου,
718 2732 884 2789 πάλιν
944 2729 1211 2789 κατέλαϐε
1266 2732 1328 2785 τὸ
1382 2732 1598 2805 Πάριον
1632 2729 1730 2784 Καὶ
1763 2751 1966 2804 κρατη-

315 2826 425 2887 θεὶς
460 2825 564 2880 ὑπὸ
594 2828 691 2879 τοῦ
720 2822 992 2899 ἄρχοντος
1038 2823 1152 2894 ἅμα
1204 2825 1285 2892 τῷ
1341 2817 1527 2891 δούλῳ
1555 2818 1719 2874 αὐτοῦ
1752 2824 1966 2893 Πορφυ-

316 2916 437 2985 ρὶῳ,
493 2908 838 2982 ἐϐασανίσθη.
904 2912 1038 2967 Εἶτα
1090 2908 1303 2983 ἀγρίοις
1383 2907 1571 2970 ίπποις
1627 2903 1966 2980 προσδεθεὶς,

312 3003 399 3056 καὶ
432 3000 616 3076 συρεὶς
668 2999 829 3072 μίλια
888 2996 1269 3071 δεκατέσσαρα,
1328 2992 1611 3069 παρέδωκε
1639 2994 1702 3048 τὸ
1733 2998 1964 3066 πνεῦμαυ

316 3091 813 3165 Συγκακοπαοήσας
907 3084 965 3140 δὲ
1058 3084 1205 3156 αύτῷ
1280 3082 1369 3138 καὶ
1435 3085 1463 3137 ὁ
1545 3081 1850 3159 Πορφύριος
1912 3081 1964 3137 ἐν

2081 1917 2351 1983 Paulum,
2374 1918 2445 1973 ab
2466 1934 2532 1973 eo
2554 1919 2795 1975 verbum
2819 1921 3083 1977 veritatis
3108 1922 3373 1992 edoctus,
3396 1929 3572 1995 atque
3598 1942 3732 1981 cum

2080 2012 2201 2062 tota
2232 2007 2406 2062 domo
2438 2008 2785 2080 baptizatus,
2820 2009 3115 2066 Christum
3159 2011 3535 2083 praedicabat.
3568 2015 3730 2079 Qua-

2077 2104 2322 2169 propter
2342 2099 2687 2172 exagitatus,
2712 2095 2912 2156 Icenio
2936 2101 3218 2173 migrans,
3244 2102 3305 2157 in
3326 2104 3541 2158 Parum
3564 2105 3731 2173 abiit,

2077 2186 2279 2258 ibique
2306 2193 2705 2244 commoratus
2757 2195 2864 2244 est.
2921 2192 3064 2245 Cum
3122 2197 3318 2247 autem
3349 2192 3732 2249 facultatibus

2076 2276 2349 2332 afflueret
2392 2277 2709 2349 plurimam
2732 2296 3059 2351 pauperum
3091 2298 3293 2337 curam
3324 2282 3583 2354 gerebat.
3620 2282 3731 2338 Sed

2078 2372 2137 2420 et
2191 2366 2367 2421 Paulo
2420 2367 2828 2437 Hierosolyma
2867 2368 3129 2436 abeunti,
3178 2371 3395 2425 multas
3443 2388 3586 2442 opes
3627 2389 3730 2442 pro

2074 2456 2325 2510 fratrum
2360 2455 2689 2511 ministerio
2732 2458 3004 2525 contulit,
3047 2459 3443 2530 eumdemque
3468 2461 3730 2515 vinctum

2079 2546 2323 2600 Romam
2356 2545 2602 2599 missum
2635 2552 2872 2601 secutus
2902 2553 3012 2613 est,
3046 2549 3216 2619 cujus
3244 2549 3481 2604 hortatu
3514 2550 3731 2603 iterum

2077 2634 2136 2688 in
2171 2636 2384 2688 Parum
2417 2634 2615 2689 rediit.
2647 2636 3122 2706 Comprehensus
3171 2643 3368 2692 autem
3400 2653 3433 2692 a
3475 2637 3728 2708 praeside

2076 2738 2197 2777 una
2216 2738 2352 2776 cum
2382 2738 2548 2776 servo
2572 2739 2677 2777 suo
2704 2724 3050 2795 Porphyrio,
3079 2726 3391 2780 tormentis
3424 2725 3727 2798 subjectus

2078 2818 2200 2865 est:
2235 2812 2372 2865 dein
2403 2811 2700 2866 ferocibus
2732 2814 2901 2883 equis
2947 2813 3247 2886 alligatus.
3281 2820 3339 2869 et
3370 2814 3729 2870 milliaribus

2078 2900 2529 2970 quatuordecim
2587 2906 2876 2972 raptatus,
2936 2903 3211 2973 spiritum
3270 2903 3533 2959 tradidit.
3594 2904 3736 2958 Por-

2077 2988 2324 3059 phyrius
2354 2994 2551 3044 autem
2579 3005 2699 3044 una
2728 3006 2864 3044 cum
2896 2990 2999 3044 illo
3031 2990 3093 3045 in
3125 2992 3427 3059 omnibus,
3463 3008 3593 3063 quaa
3626 3009 3731 3062 pro

2077 3077 2195 3130 Deo
2220 3076 2521 3143 sustinuit,
2548 3077 2977 3132 certaminibus
2999 3082 3296 3135 tormenta
3315 3081 3734 3151 passus,vitam

314 3183 468 3232 πᾶσιν
546 3176 711 3232 αὐτοῦ
783 3182 900 3240 τοῖς
972 3175 1109 3229 κατά
1183 3173 1311 3228 Θεὸν
1388 3170 1779 3247 ἀγωνίσμασιν,
1856 3171 1970 3227 ἐτε-

2087 3166 2289 3219 ﬁnivit.

319 3265 543 3337 λειώθη.

315 3384 414 3463 καὶ
518 3380 748 3452 ἄθλησις
845 3385 940 3436 τοῦ
1055 3378 1211 3454 ἁγίου
1317 3378 1590 3453 μάρτυρος
1692 3380 1966 3451 Αθηνογέ-

1072 3471 1220 3513 νους.

386 3569 747 3645 Ἀθηνογένης
800 3570 827 3624 ὁ
883 3568 1211 3643 ἱερομάρτυς
1265 3564 1332 3634 ἦν
1399 3565 1493 3637 μὲν
1550 3565 1609 3619 ἐκ
1660 3572 1760 3634 τῆς
1792 3560 1966 3620 Σεϐα-

323 3662 491 3722 στείας
523 3660 613 3714 ἐπὶ
646 3658 1038 3727 Διοκλητιανοῦ
1084 3659 1181 3711 τοῦ
1233 3652 1524 3729 βασιλέως,
1576 3654 1874 3729 Κρατηθεὶς
1911 3650 1968 3707 δὲ

329 3750 428 3804 ύπό
477 3753 575 3803 τοῦ
626 3747 894 3820 ἡγεμόνος
952 3744 1085 3817 μετά
1138 3747 1247 3798 τῶν
1307 3739 1433 3796 δέκα
1492 3746 1750 3813 μαθητῶν
1785 3740 1968 3813 αὐτοῦ,

325 3839 409 3893 καὶ
440 3836 662 3898 πολλάς
698 3835 962 3911 βασάνους
1021 3832 1113 3887 σὺν
1176 3831 1359 3893 αὐτοῖς
1420 3830 1719 3903 ὑπομείνας
1754 3830 1842 3886 διὰ
1870 3831 1971 3900 τὴν

326 3927 399 3991 ελς
444 3929 673 3997 Χριστὸν
720 3923 961 4000 ἀγάπην,
1014 3922 1327 3977 τελευταῖον
1377 3922 1476 3990 τὴν
1530 3919 1616 3975 διὰ
1661 3925 1758 3976 τοῦ
1789 3920 1975 4000 ξίφους

325 4014 531 4087 ἐδέξατο
588 4014 869 4083 τελευτήν.
934 4010 1155 4084 Λέγεται
1214 4006 1271 4064 δὲ
1325 4008 1450 4084 περὶ
1509 4008 1695 4078 αὐτοῦ,
1747 4011 1828 4065 ὅτι
1868 4009 1975 4085 πρὸ

322 4110 413 4161 τοῦ
441 4105 805 4180 κρατηθῆναι,
865 4098 1115 4162 ἀπελθὼν
1175 4098 1249 4160 είς
1305 4099 1367 4153 τὸ
1428 4101 1817 4171 μοναστήριον,
1851 4098 1978 4163 τοὺς

328 4194 568 4267 μαθητάς
630 4191 731 4266 οὐχ
793 4191 960 4267 εὗρεν
1022 4188 1532 4263 προκατεσχέθησαν
1590 4190 1716 4261 γάρ·
1774 4190 1875 4258 τὴν
1923 4186 1980 4244 δὶ

327 4285 697 4353 ὑπαντήσασαν
776 4280 922 4352 αὐτῷ
1004 4276 1227 4355 ἔλαφον,
1307 4276 1375 4346 ἣν
1464 4278 1746 4353 ἀνέθρεψεν
1800 4277 1851 4333 ἐν
1909 4282 1978 4353 τῇ

329 4377 490 4445 μονῇ,
551 4369 867 4445 εὐλόγησεν,
952 4367 1044 4421 καὶ
1133 4363 1423 4439 έπηύξατο,
1482 4366 1559 4439 μὴ
1628 4368 1979 4439 κυριευθῆναι

327 4463 426 4517 ὑπὸ
485 4466 595 4516 τῶν
649 4462 958 4532 κυνηγετῶν
1018 4458 1109 4511 καὶ
1180 4457 1244 4512 τὸ
1310 4457 1525 4530 σπέρμα
1582 4456 1771 4526 αὐτῆς·
1830 4456 1976 4512 ἀλλά

2078 3363 2225 3417 171
2285 3361 2571 3417 Certamen
2622 3366 2964 3419 sacrosancti
3018 3367 3280 3434 martyris
3338 3365 3730 3435 Athenogenis.

2153 3566 2567 3639 Athenogenes
2600 3568 2814 3623 Christi
2847 3574 3244 3642 sacromartyr
3273 3570 3511 3627 Sebaste
3546 3576 3730 3641 ortus,

2082 3654 2445 3711 Diocletiano
2478 3656 2829 3728 imperante,
2863 3675 2983 3714 una
3012 3676 3146 3715 cum
3188 3659 3393 3715 decem
3424 3660 3734 3733 discipulis

2083 3742 2205 3798 suis
2229 3744 2403 3815 jussu
2462 3746 2729 3817 praesidis
2785 3750 3275 3820 comprehensus,
3319 3767 3454 3807 cum
3515 3751 3734 3807 multos

2083 3833 2378 3889 cruciatus
2409 3851 2515 3905 pro
2548 3835 2761 3890 Christi
2795 3853 2998 3893 amore
3025 3838 3203 3893 simul
3234 3854 3370 3894 cum
3402 3838 3523 3896 illis
3555 3842 3736 3896 susti-

2082 3921 2331 3987 nuisset,
2366 3930 2729 3995 postremum
2763 3926 2958 3998 gladio
2987 3927 3168 3983 ﬁnem
3198 3929 3739 4001 accepit.Narratur

2083 4020 2280 4066 autem
2314 4011 2385 4067 de
2417 4012 2542 4083 illo,
2569 4013 2727 4085 quod
2758 4021 3077 4085 antequam
3106 4018 3734 4089 comprehenderetur,

2082 4100 2155 4156 ad
2191 4102 2617 4157 monasterium
2655 4104 2976 4174 profectus,
3009 4104 3333 4179 discipulos
3360 4124 3737 4179 nequaquam

2082 4189 2345 4243 invenit:
2379 4189 2601 4245 detenti
2628 4193 2787 4247 enim
2811 4192 3068 4248 fuerant.
3099 4195 3515 4250 Occurrentem
3539 4202 3736 4251 autem

2082 4277 2193 4330 sibi
2226 4293 2665 4349 cervam,quam
2691 4281 2753 4335 in
2786 4283 3146 4336 monasterio
3178 4282 3740 4349 educaverat,bene-

2081 4364 2249 4433 dixit,
2283 4367 2674 4439 promisitque
2704 4369 2850 4433 fore,
2884 4376 2952 4424 ut
2981 4374 3290 4425 venatores
3320 4387 3517 4441 neque
3550 4371 3736 4441 illam,

2080 4471 2276 4525 neque
2309 4456 2436 4527 ejus
2468 4473 2672 4512 semen
2704 4458 2764 4512 in
2796 4475 2964 4516 suam
2999 4465 3350 4530 potestatem
3378 4460 3737 4533 redigerent,

325 4555 438 4607 καθ’
470 4549 693 4606 ’ἑκαστον
728 4549 929 4623 χρόνον
957 4544 1104 4622 ἄγειν
1161 4546 1215 4601 ἂν
1268 4550 1335 4619 τῇ
1379 4548 1570 4619 μνήμῃ
1598 4547 1766 4602 αὐτοῦ
1796 4547 1965 4615 αὐτήν

2087 4544 2181 4599 sed
2194 4545 2257 4599 in
2271 4544 2456 4616 ipsius
2470 4548 2814 4603 memoriam
2828 4548 3038 4618 quovis
3052 4553 3317 4620 tempore
3332 4556 3530 4622 ageret
3543 4556 3600 4605 et
3613 4550 3742 4621 ipsa

324 4660 398 4708 τε,
443 4640 536 4694 καὶ
590 4638 686 4700 τὰς
740 4637 792 4707 ἐξ
840 4635 1007 4705 αὐτῆς
1068 4632 1380 4707 μελλούσας
1435 4632 1708 4689 τίκτεσθαι
1765 4634 1977 4710 μόσχον

325 4727 434 4785 ἓνα.
464 4730 533 4786 ’Ὁ
563 4727 655 4783 καὶ
711 4727 950 4802 γέγονεν’
998 4725 1215 4799 Ὀρᾶται
1254 4723 1353 4798 γάρ
1389 4723 1521 4796 μετά
1574 4723 1677 4792 τὴν
1729 4724 1979 4798 ἀναγνω-

326 4839 404 4871 σιν
456 4822 567 4872 τῶν
608 4816 776 4891 ἀγίων
814 4811 1159 4889 Εὗαγγελίων
1211 4812 1262 4867 ὲν
1317 4817 1384 4885 τῇ
1438 4809 1703 4883 ἐκκλησίᾳ
1732 4812 1979 4887 εἰσερχο-

330 4907 459 4979 μένη
493 4908 530 4975 ἡ
559 4904 787 4978 ἔλαφος,
818 4904 910 4958 καὶ
966 4904 1061 4957 τὸν
1123 4903 1333 4976 μόσχον
1366 4899 1536 4969 αὐτῆς
1588 4900 1869 4971 ἀνατίθησι
1898 4907 1981 4974 τῷ

327 4998 480 5071 αγίῳ,
511 4996 604 5051 καὶ
634 4995 799 5049 πάλιν
851 4991 1147 5068 ἐξέρχεται.
1199 4993 1295 5047 ’ον
1345 4990 1563 5053 θύοντες
1596 4991 1646 5045 οἱ
1680 4990 1979 5066 συλλελεγ-

329 5090 504 5157 μένοι,
538 5085 881 5161 εὐωχοῦνται
938 5082 1014 5144 εἷς
1062 5079 1217 5151 δόξαν
1274 5084 1372 5135 τοῦ
1430 5081 1845 5156 ἱερομάρτυρος,
1887 5078 1979 5134 καὶ

323 5178 517 5249 τιμήν.
830 5179 835 5183 ’

891 5320 1069 5374 ΜΗΝΙ
1096 5321 1180 5371 ΤΩ
1210 5315 1409 5375 ΛΥΊὮ.

1118 5411 1195 5463 ΙΖ¹

532 5496 800 5569 ’Ᾱθλησις
824 5503 923 5566 τῆς
954 5494 1107 5571 ἁγίας
1159 5493 1429 5571 μάρτυρος
1491 5494 1761 5566 Μαρινης.

394 5645 452 5701 ’Β
512 5646 610 5698 τοῦ
666 5642 901 5715 Χριστοῦ
959 5639 1163 5713 μάρτυς
1218 5636 1434 5713 Μαρίνα
1488 5635 1732 5709 ὑπῆρχεν
1792 5635 1852 5692 ἐκ
1878 5646 1979 5709 τῆς

2090 4641 2148 4688 et
2164 4651 2296 4705 quae
2310 4652 2381 4689 ex
2399 4636 2528 4706 ipsa
2549 4636 2809 4691 catulum
2833 4636 3112 4709 paritura:
3128 4639 3521 4704 essent.Quod
3539 4647 3597 4694 et
3608 4655 3740 4694 con-

2087 4724 2236 4795 tigit.
2261 4725 2395 4779 Visa
2427 4731 2514 4779 est
2544 4726 2703 4779 enim
2734 4733 2867 4797 post
2915 4732 3258 4782 sanctorum
3290 4729 3741 4801 Evangeliorum

2086 4811 2405 4867 lectionem
2432 4813 2494 4868 in
2526 4814 2837 4870 ecclesiam
2862 4816 3205 4887 ingrediens
3232 4834 3419 4880 cerva.
3444 4835 3575 4889 qua)
3607 4834 3742 4873 cum

2088 4900 2336 4956 vitulum
2355 4919 2529 4956 suum
2552 4910 2754 4958 sancto
2779 4904 3112 4975 obtulisset,
3134 4922 3338 4961 rursus
3362 4923 3597 4978 egressa
3618 4914 3738 4962 est:

2089 4996 2149 5045 at
2180 4990 2349 5045 illum
2382 4992 2482 5063 qui
2515 4992 2576 5046 in
2611 4993 2861 5050 ecclesia
2904 4994 3139 5051 collecti
3170 5001 3358 5062 erant,
3392 5002 3741 5067 mactantes,

2090 5079 2340 5152 gloriam
2372 5081 2783 5154 honoremque
2832 5085 2984 5140 sacri
3036 5087 3312 5159 martyris
3341 5085 3741 5142 celebrarunt.

2650 5353 2889 5410 EODEM
2929 5357 3072 5411 MEN
3080 5355 3180 5410 SE.

2585 5442 2690 5497 Die
2722 5443 2954 5499 decima
2994 5445 3246 5516 septima

2375 5528 2656 5585 Certamen
2684 5538 2887 5586 sancta:
2914 5535 3175 5601 martyris
3204 5535 3453 5587 Marinae.

2159 5646 2384 5702 Marina
2413 5645 2628 5703 Christi
2659 5654 2884 5719 martyr
2912 5663 2983 5704 ex
3006 5647 3150 5704 urbe
3174 5648 3488 5705 Antiochia
3511 5645 3742 5703 Pisidiae
