4086 6204
360 412 473 472 54Ἱ

1648 403 2090 466 MENOLOGII
2134 399 2341 463 PARS.
2378 401 2484 461 lll.

3649 401 3764 460 548

359 546 492 615 fuit,
553 545 680 602 filia
735 542 1013 601 Edesimi
1087 539 1385 597 idolorum
1462 535 1807 595 sacerdotis.
1857 538 2002 594 Cum

2116 531 2331 595 πόλεως
2364 530 2708 590 Ἀντιοχείας
2768 536 2871 601 τῆς
2926 527 3196 600 Πισιδίας,
3255 531 3493 607 Θυγάτηρ
3551 527 3770 586 Δίδεσί-

360 646 558 696 autem
589 637 918 694 Christiana
948 639 1124 701 esset,
1154 632 1604 704 comprehensa,
1629 636 1688 686 et
1714 629 1789 686 ad
1819 629 2006 685 Olim-

360 731 554 786 brium
585 725 898 800 praesidem
956 723 1231 792 adducta,
1263 723 1589 794 multisque
1646 719 2006 776 cruciatibus

318 808 321 812 y
358 825 586 888 affecta,
619 819 916 874 Christum
947 832 1326 888 nequaquam
1356 813 1682 886 abnegavit,
1708 811 2005 867 idolorum

353 909 762 965 infirmitatem
794 906 1235 976 vanitatemque
1265 902 1564 958 deridens.
1597 902 1662 955 In
1707 915 2006 956 carcerem

353 997 552 1066 itaque
583 994 934 1065 conjicitur:
968 992 1068 1048 ubi
1092 991 1366 1064 apparuit
1395 990 1448 1045 ei
1479 989 1776 1044 maximus
1805 987 2004 1054 draco,

352 1090 663 1158 serpentes
692 1085 851 1140 circa
879 1083 1100 1139 collum
1131 1081 1378 1148 habens,
1411 1079 1512 1151 qui
1553 1079 1711 1134 circa
1741 1083 2006 1132 sanctam

354 1175 624 1242 sibilans,
682 1175 849 1229 illam
905 1174 1184 1228 devorare
1245 1169 1606 1226 minabatur.
1639 1170 1714 1224 At
1742 1167 1848 1223 illa
1876 1182 2006 1222 sese

353 1265 696 1338 obsignans,
728 1262 1038 1334 crucisque
1079 1263 1328 1334 ﬁguram
1366 1260 1651 1327 formans,
1687 1273 1821 1312 eum
1853 1257 2008 1312 inte-

352 1355 548 1412 remit.
581 1356 794 1409 Postea
819 1353 880 1408 in
911 1352 1104 1407 lacum
1145 1368 1313 1422 aqum
1366 1350 1631 1422 projecta
1664 1353 1789 1403 est:
1824 1363 2006 1418 appa-

350 1460 608 1515 rensque
633 1442 910 1499 columba
934 1444 974 1496 Ι
991 1443 1026 1496 7
1041 1442 1086 1497 2
1109 1455 1325 1512 aquam
1346 1437 1668 1504 benedixit,
1695 1437 2005 1508 ipsamque

359 1533 690 1606 baptizavit.
722 1535 970 1605 Egressa
999 1536 1197 1586 autem
1230 1547 1301 1586 ex
1330 1529 1483 1595 lacu,
1510 1533 1570 1583 et
1594 1526 1666 1582 ad
1690 1524 2005 1598 praesidem

351 1641 561 1680 rursus
593 1623 868 1690 adducta,
894 1621 1314 1691 Christumque
1336 1618 1522 1674 libere
1549 1616 1842 1684 confessa,
1867 1631 2004 1670 sen-

355 1713 601 1769 tentiam
632 1712 843 1784 capitis
873 1711 1120 1781 accepit.
1145 1710 1289 1765 Cum
1313 1709 1514 1779 itaque
1539 1706 1613 1762 ad
1635 1705 1835 1761 locum
1856 1720 2007 1759 mor-

357 1803 430 1857 tis
460 1803 719 1859 venisset
745 1807 803 1857 et
821 1800 923 1857 diu
954 1804 1201 1866 orasset,
1231 1798 1420 1871 capite
1443 1797 1616 1870 plexa
1647 1800 1755 1851 est.

915 2080 1155 2137 EODEM
1195 2078 1339 2134 ΜΕΝ
1347 2075 1452 2132 SE.

885 2170 988 2226 Die
1019 2168 1249 2224 decima
1286 2171 1490 2222 octava

609 2261 894 2317 Certamen
939 2260 1120 2314 sancti
1154 2257 1416 2326 martyris
1453 2254 1760 2311 Emiliani.

429 2378 778 2435 Emilianus
800 2375 1013 2432 Christi
1037 2379 1264 2446 martyr
1284 2372 1396 2426 fuit
1423 2388 1494 2426 ex
1523 2369 1669 2425 urbe
1700 2366 2010 2423 Dorostolo

357 2469 552 2542 Mysiae
575 2468 637 2522 in
657 2466 905 2522 Thracia
920 2463 1288 2535 temporibus
1302 2460 1521 2517 Iuliani
1542 2457 2010 2530 Apostataaﬁum

359 2565 558 2616 autem
589 2559 772 2614 Grmci
807 2555 1118 2628 cujusdam
1177 2568 1378 2608 servus
1419 2556 1594 2618 esset,
1638 2546 2008 2620 professione

359 2665 494 2705 vero
525 2647 921 2710 Christianus,
955 2642 1455 2716 opportunitatem
1503 2644 1734 2705 nactus,
1767 2642 2006 2708 accepto

358 2738 574 2794 malleo
596 2738 798 2794 fanum
817 2735 1113 2790 idolorum
1136 2727 1787 2804 ingressus,simulacra
1805 2726 2009 2780 omnia

357 2827 650 2896 contrivit,
683 2832 744 2882 et
771 2825 1041 2880 victimas
1071 2819 1368 2893 dispersit.
1404 2820 1547 2873 Cum
1590 2834 1725 2873 vero
1753 2815 2007 2871 idolola-

355 2924 461 2974 trze
519 2923 823 2973 auctorem
880 2915 1010 2986 ejus
1061 2910 1200 2966 facti
1257 2911 1620 2982 ignorarent,
1680 2905 2004 2979 agricolam

353 3005 671 3076 quemdam
720 2998 1325 3073 comprehenderunt,
1384 3010 1639 3066 eumque
1693 2993 2002 3049 verberare

352 3099 677 3169 caeperunt,
703 3100 760 3150 et
789 3093 859 3150 ad
884 3091 1198 3165 praesidem
1220 3092 1550 3160 raptarunt.
1574 3085 1741 3152 Quod
1763 3089 2003 3141 sanctus

349 3186 622 3256 intuitus,
647 3185 908 3256 seipsum
932 3180 1196 3248 tradidit,
1216 3179 1449 3235 dicens:
1474 3178 1588 3250 Ego
1610 3192 1742 3232 sum
1765 3175 1867 3246 qui
1891 3174 2002 3231 hoc

2118 643 2228 696 μου
2258 621 2446 697 ἱερέως
2497 625 2606 676 τῶν
2661 617 2931 678 εἰδώλων.
2991 621 3287 696 Χριστιανή
3349 617 3408 674 δὲ
3455 620 3588 675 οὖσα
3617 618 3768 695 ἐκρα-

2111 713 2278 782 τήθη,
2302 711 2392 766 καὶ
2425 715 2800 786 προσαχθεῖσα
2829 703 3142 783 Ὀλιμϐρίῳ
3172 708 3422 786 ἐπάρχῳ,
3453 717 3545 764 καί
3583 707 3772 766 πολλὰ

2119 801 2519 876 βασανισθεῖσα,
2575 799 2668 854 τὸν
2729 799 2824 871 μὶν
2880 799 3112 874 Χριστὸι
3172 797 3271 852 οὐκ
3327 800 3628 874 ἠρνήσατο,
3655 803 3763 853 τῶν

2115 887 2173 944 δὲ
2220 886 2467 944 εἰδώλων
2519 888 2619 956 τήν
2680 888 2949 944 ἁσθένειαν
3005 886 3097 942 καὶ
3151 887 3250 956 τὴν
3313 887 3650 961 ματαιότητα
3682 883 3766 943 δι-

2114 975 2429 1052 εχλεύασεν.
2457 975 2817 1048 Ἀπεκλεὶσθη
2879 977 2969 1032 οὗν
3028 975 3106 1041 είς
3163 974 3437 1052 φυλακήν,
3479 976 3570 1032 καὶ
3601 975 3766 1055 ἐφάνη

2113 1066 2250 1140 αὐτῇ
2317 1064 2530 1142 δράκων
2607 1065 2987 1143 παμμεγέθης,
3066 1065 3212 1140 ἔχων
3275 1062 3425 1144 ὄφεις
3486 1065 3610 1142 περὶ
3675 1067 3769 1122 τὸν

2111 1154 2399 1231 τράχηλον
2428 1156 2618 1225 αὐτοῦ,
2651 1155 2738 1210 καί
2771 1154 3000 1228 συρίζων
3049 1153 3202 1231 πέριξ
3250 1158 3351 1219 τῆς
3398 1154 3574 1231 ἁγίας,
3605 1154 3768 1225 ἠπεί-

2115 1243 2201 1300 λει
2269 1249 2549 1300 καταπιεῖν
2619 1243 2808 1316 αὐτήν.
2888 1245 2985 1299 Καὶ
3059 1245 3605 1320 κατασφραγισαμένη
3674 1244 3768 1300 καὶ

2114 1336 2388 1405 ποιήσασα
2438 1335 2528 1390 τὸν
2586 1332 2758 1390 τόπον
2817 1338 2916 1390 τοῦ
2974 1338 3230 1408 σταυροῦ,
3264 1333 3552 1408 ἐνέκρωσεν
3580 1333 3770 1391 αὐτόν.

2113 1425 2248 1480 Εἶτα
2305 1422 2500 1502 ἐῤῥίφη
2561 1423 2637 1486 είς
2696 1421 2898 1478 λάκκον
2958 1420 3172 1485 ὕδατος·
3232 1424 3319 1478 καί
3371 1427 3591 1502 φανεῖσα
3619 1443 3774 1500 περι-

2115 1513 2274 1589 στερὰ
2304 1511 2576 1589 εὖλόγησε
2624 1513 2687 1569 τὸ
2745 1510 2916 1588 ὕδωρ,
2977 1513 3066 1570 καὶ
3116 1507 3398 1569 ἐϐάπτισεν
3451 1513 3644 1583 αὐτήν.
3671 1514 3774 1568 Καὶ

2111 1609 2214 1672 τῆς
2244 1602 2449 1676 λίμνης
2481 1601 2798 1675 ἐξελθοῦσα,
2829 1601 2920 1658 καὶ
2977 1601 3142 1659 πάλιν
3195 1607 3276 1676 τῷ
3334 1601 3564 1679 ἐπάρχῳ
3593 1623 3769 1676 παρα-

2115 1698 2300 1762 στᾶσα,
2367 1692 2458 1748 καὶ
2523 1693 2615 1748 τὸν
2692 1695 2920 1768 Χριστὸν
2998 1691 3278 1770 παρῥησίᾳ
3350 1691 3771 1768 ὀμολογησασα,

2116 1777 2277 1837 ἔλαϐε
2340 1783 2438 1852 τήν
2507 1779 2597 1837 διὰ
2652 1783 2838 1861 ξίφους
2895 1781 3186 1859 ἀπόφασιν.
3239 1781 3339 1836 Καὶ
3387 1776 3772 1837 καταλαϐοῦσα

2038 1871 2205 1971 Βτὸν
2252 1871 2419 1927 τόπον
2468 1878 2567 1941 τῆς
2618 1869 2978 1944 τελειώσεως,
3028 1871 3118 1926 καὶ
3187 1868 3426 1926 ἐπιπολὺ
3474 1869 3773 1946 προσευξά-

2117 1961 2276 2032 μένη,
2310 1959 2601 2032 ἐτελειώθη
2613 2004 2625 2016 .

2664 2081 2848 2138 MHNI
2884 2086 2969 2158 Τῼ
3015 2083 3214 2159 arra.

2293 2259 2559 2330 Ἀθλησις
2588 2262 2686 2314 τοῦ
2715 2257 2869 2334 ἁγίου
2895 2171 3194 2334 Ιιῗάρτυρος
3237 2257 3587 2333 Αἰμιλιανοῦ.

2185 2376 2247 2432 Ὀ
2310 2379 2405 2430 τοῦ
2465 2377 2700 2452 Χριστοῦ
2769 2375 2977 2451 μάρτυς
3043 2373 3374 2448 Αἱμιλιανὸς
3431 2374 3675 2450 ὑπῆρχεν
3710 2373 3780 2430 ἐκ

2111 2463 2332 2528 πόλεως
2372 2462 2718 2539 Δοροστόλου
2767 2463 2976 2526 Μυσίας
3020 2470 3122 2533 τῆς
3171 2463 3386 2540 Θρᾴκης
3413 2463 3504 2518 ἐπὶ
3534 2461 3781 2521 Ἰουλια-

2111 2557 2206 2609 νοῦ
2233 2559 2334 2609 τοῦ
2367 2548 2710 2628 Παραῦάτου,
2767 2550 2966 2615 δοῦλος
3030 2553 3122 2626 μὲν
3181 2554 3472 2629 τυγχάνων
3515 2551 3780 2623 ΕΑληνός

2111 2664 2276 2709 νινος,
2327 2643 2650 2717 Χριστιανὸς
2706 2640 2764 2698 δὶ
2825 2640 3112 2718 ὑπάρχωνυ
3171 2642 3260 2698 καὶ
3315 2637 3502 2697 λαϐὼν
3549 2643 3773 2716 καιρὸν,

2111 2731 2374 2808 ἐκράτησε
2441 2737 2667 2810 σφῦραν,
2735 2729 2825 2787 καὶ
2893 2731 3147 2802 εἰσῆλθεν
3215 2731 3292 2794 εί¹ς
3353 2733 3446 2788 τὸν
3493 2735 3620 2787 ναὸν
3652 2736 3772 2786 τῶν

2110 2820 2382 2893 εἰδώλων,
2413 2823 2502 2878 καὶ
2534 2818 2816 2896 συνέτριψε
2853 2820 3026 2878 πάντα
3069 2821 3138 2878 τὰ
3187 2820 3500 2896 ἀγάλματα,
3549 2821 3639 2876 καὶ
3669 2819 3775 2883 τὰς

2109 2912 2292 2976 θυσίας
2325 2909 2722 2987 διεσκόρπισεν.
2757 2912 2824 2970 Ol
2873 2909 2932 2966 δὲ
2983 2908 3409 2987 εἰδωλολάτραι,
3441 2911 3772 2985 ἀγνοοῦντες

2105 3003 2198 3058 τὸν
2253 3006 2414 3058 τοῦτο
2467 3005 2789 3074 ποιῆσαντα,
2849 3000 3150 3075 ἐκράτησαν
3206 3000 3445 3076 γηπόνον
3502 3001 3641 3069 τινα,
3674 2999 3770 3054 καὶ

2105 3090 2339 3167 ἤρξαντο
2403 3090 2621 3148 τύπτειν
2692 3091 2878 3160 αὐτὸν,
2945 3093 3034 3147 καὶ
3103 3091 3282 3166 σύρειν
3331 3091 3466 3166 πρὸς
3506 3091 3598 3146 τὸν
3639 3092 3768 3166 ἡγε-

2109 3181 2268 3255 μόνα.
2319 3181 2458 3238 Τότε
2502 3183 2531 3236 ὁ
2582 3183 2734 3257 ἅγιος
2777 3179 2926 3252 ίδὼν,
2977 3177 3287 3256 παρέδωκεν
3321 3181 3530 3249 ἑαυτὸν,
3565 3177 3772 3255 λέγων’

350 3275 483 3332 feci.
511 3273 813 3330 Adductus
841 3273 1022 3344 igitur
1067 3269 1142 3325 ad
1173 3267 1509 3340 prmsidem,
1545 3265 1672 3336 ejus
1709 3264 2000 3335 insipien-

2115 3271 2256 3346 Ἐγώ
2287 3270 2400 3344 εἰμι
2449 3271 2477 3324 ὁ
2523 3275 2687 3325 τοῦτο
2735 3269 3075 3341 πεποιηκώς.
3129 3270 3348 3346 Ἀχθεὶς
3380 3269 3473 3326 οὗν
3504 3267 3643 3345 πρὸς
3671 3269 3772 3324 τὸν

351 3365 493 3420 tiam
525 3363 812 3436 coarguit,
843 3367 1046 3433 utpote
1087 3358 1188 3430 qui
1216 3356 1382 3412 vanis
1411 3353 1586 3410 idolis
1617 3353 1795 3409 fidem
1825 3351 1998 3408 adhi-

2115 3358 2371 3436 ἡγεμόνα,
2420 3356 2617 3433 ἤλεγξε
2667 3359 2767 3428 τήν
2818 3357 2998 3415 ἄνοιαν
3050 3359 3240 3428 αὐτοῦ,
3273 3359 3348 3422 ὡς
3389 3357 3476 3414 ἐπὶ
3512 3358 3773 3431 ματαίοις

347 3455 534 3511 beret.
565 3453 960 3520 Quamobrem
986 3450 1061 3508 ad
1091 3447 1460 3504 iracundiam
1489 3445 1658 3530 illum
1688 3445 1998 3512 excitavit;

2115 3448 2401 3503 πεποιθότα
2448 3444 2726 3509 εἰδώλοις.
2776 3449 2876 3505 Καὶ
2931 3445 3020 3503 διὰ
3063 3451 3228 3503 τοῦτο
3277 3447 3356 3510 εἲς
3407 3448 3576 3522 ὀργῆν
3605 3449 3772 3518 κινή-

349 3544 646 3615 virgisque
703 3543 1022 3600 durissima
1079 3555 1288 3602 cassus,
1322 3552 1458 3593 cum
1507 3535 1569 3589 in
1626 3533 1998 3589 confessione

2115 3558 2195 3600 τας
2251 3537 2434 3604 αὐτὸν,
2493 3535 2690 3614 ἐτῦφθη
2753 3533 3012 3612 σφοδρῶς
3069 3537 3204 3610 μετᾶ
3261 3531 3644 3614 ῥαϐδίων,καῖ
3678 3532 3763 3591 ἔτι

349 3633 565 3688 Christi
593 3636 991 3703 permaneret,
1045 3628 1165 3700 igni
1225 3625 1500 3689 traditus,
1536 3623 1596 3678 in
1640 3621 1836 3678 medio
1869 3622 1999 3694 ejus

2115 3624 2352 3697 ἑμμενων
2411 3626 2479 3697 τῇ
2539 3623 2614 3686 εἰς
2667 3625 2896 3700 Χριστὸν
2959 3625 3261 3700 ὁμολογίᾳ,
3292 3621 3570 3698 παρεδόθη
3601 3623 3760 3699 πυρί.

346 3719 710 3776 benedicens
767 3725 824 3773 et
877 3717 1132 3773 laudans
1186 3717 1394 3781 Deum,
1437 3717 1704 3768 sanctam
1735 3712 1997 3766 animam

2115 3714 2204 3770 Καὶ
2275 3714 2432 3787 μέσον
2503 3712 2668 3769 αὐτοῦ
2733 3715 2826 3770 τὸν
2893 3715 3024 3770 Θεὸν
3089 3714 3335 3790 εὐλογῶν
3372 3714 3462 3770 καὶ
3494 3711 3766 3786 δοξάζων,

347 3808 593 3864 dimisit.

2115 3803 2276 3880 ὶφῆκε
2305 3804 2402 3873 τήν
2436 3805 2594 3879 ἁγίαν
2629 3806 2838 3879 ψυχήν.

421 3926 492 3978 Et
521 3927 793 3977 certamen
835 3923 1016 3977 sancti
1060 3921 1320 3988 martyris
1363 3917 1666 3987 Hyacinthi
1709 3919 1767 3970 in
1796 3917 1928 3970 urbe

1015 3960 1016 3965 η
1060 3921 1320 4000 martyris
1363 3917 1666 3987 Hyacinthi
1709 3919 1767 3970 in
1796 3917 1928 3970 urbe
2102 3918 2198 3974 Καὶ
2230 3917 2460 3989 ἄθλησις
2518 3923 2616 3975 τοῦ
2675 3919 2835 3994 ἁγίου
2899 3921 3173 3995 μάρτυρος
3233 3919 3530 3993 Ὑακίνθου,
3567 3923 3667 3974 τοῦ
3698 3918 3757 3975 ἐν

1015 3990 1341 4048 Amastrzde.
2753 3989 3102 4048 Ἀμάστοιδι.

2753 3991 2812 4046 Ἀ
2825 3989 3054 4067 μάστριδ
3065 3989 3102 4060 ι’,

2169 4105 2444 4169 Ὑάκινθος
2493 4107 2522 4162 ὁ
2569 4109 2667 4162 τοῦ
2725 4107 2964 4181 Χριστοῦ
3024 4107 3248 4182 μάρτυς,
3277 4107 3344 4176 ἦν
3376 4105 3581 4182 γονέων
3612 4104 3761 4162 εὐσε-

2100 4192 2212 4251 ϐῶν
2245 4197 2386 4265 υίὸς,
2443 4195 2760 4267 Θεοκλήτοῦ
2817 4195 2907 4251 καὶ
2966 4194 3274 4268 Νεονίλλης
3307 4195 3396 4252 ἐπὶ
3425 4195 3762 4270 Ἡρακλείου

350 4290 463 4346 clio
476 4289 831 4346 Amastridis
845 4289 1140 4362 episcopo.
1159 4285 1306 4342 Huic
1327 4300 1548 4340 nomen
1563 4283 1636 4338 ab
1651 4281 1860 4355 angelo
1882 4282 1996 4337 im-

2115 4285 2396 4341 ὶπισκόπου
2450 4282 2839 4358 Ἀμάστριδος.
2897 4287 3082 4348 Ὀστις
3136 4281 3311 4360 ὄνομα
3367 4285 3471 4340 ὑπὸ
3526 4288 3626 4340 τοῦ
3657 4286 3764 4361 ἁγ-

345 4381 605 4453 positum
639 4386 747 4438 est.
779 4378 1051 4436 Triennis
1103 4382 1303 4432 autem
1353 4375 1565 4442 factus,
1609 4388 1860 4445 puerum
1891 4371 1996 4427 de-

2115 4376 2262 4450 (ἐλου
2310 4373 2545 4448 ἐδέξατο.
2599 4375 2702 4433 Καὶ
2748 4377 2964 4450 τριετής
3020 4377 3338 4452 γενόμενος,
3385 4379 3454 4448 τῇ
3504 4379 3604 4430 τοῦ
3633 4376 3768 4447 Χρι-

343 4469 615 4526 functum
636 4468 865 4526 Christo
888 4467 1158 4523 invocato
1174 4465 1247 4521 ad
1269 4464 1446 4519 vitam
1466 4459 2000 4518 revocavit.Adulta

2115 4468 2227 4520 ιτοῦ
2283 4463 2570 4534 ἐπικλήσει
2629 4461 2846 4521 παιδίον
2926 4467 3184 4536 ἀνέστησε
3237 4459 3494 4530 τεθνειὸς.
3557 4471 3766 4519 Συναυ-

348 4579 484 4617 cum
507 4563 723 4618 virtute
754 4565 948 4629 aitate,
971 4558 1250 4614 canitiem
1279 4554 1584 4628 praevenit,
1614 4552 1818 4608 multis
1839 4552 1988 4607 inte-

2115 4555 2397 4628 ξανομένης
2464 4552 2523 4610 δὲ
2585 4558 2655 4629 τῇ
2720 4555 2919 4627 ἠλικιᾳ
2983 4562 3082 4626 τῆς
3150 4557 3369 4631 ἀρετῆς,
3437 4553 3552 4609 ἐπεὶ
3614 4554 3757 4628 πρὸς

347 4651 462 4705 rim
478 4651 782 4706 miraculis
798 4648 1172 4722 perpetratis.
1196 4645 1414 4700 Videns
1431 4650 1626 4699 autem
1650 4641 1996 4696 idololatras

2115 4643 2300 4701 πολιὰν
2357 4639 2573 4722 ἔφθασε,
2631 4643 2850 4707 πολλὰς
2921 4645 3116 4718 μεταξὺ
3171 4629 3612 4719 θαυματουργίας
3672 4663 3765 4698 πε·

351 4736 591 4791 arbores
645 4736 1054 4806 superstitiose
1107 4734 1374 4800 adorare,
1419 4744 1728 4803 proceram
1775 4743 1992 4799 nempe

2115 4733 2372 4805 ποιηκὼς,
2405 4734 2547 4808 ὁρῶν
2591 4733 2720 4798 τοὺς
2765 4731 3173 4810 εἷδωλολάτρας
3207 4731 3400 4808 δένδρα
3429 4731 3766 4807 θρησκεύον-

2099 4843 2217 4886 τας’
2249 4827 2409 4878 τοῦτο
2443 4819 2500 4877 δὲ
2527 4822 2595 4892 ἦν
2640 4821 2874 4879 πτελαία
2921 4821 3237 4901 διάκουφος,
3269 4821 3359 4878 καὶ
3387 4817 3752 4897 τετριμμένη,

421 4109 782 4182 Hyacinthus
801 4108 1016 4164 Christi
1035 4111 1284 4178 martyr,
1303 4105 1416 4177 piis
1432 4103 1778 4176 parentibus
1799 4108 1994 4170 natus,

347 4207 578 4276 patrem
591 4197 1454 4255 habuitTheoclitum.matrem
1468 4194 1510 4248 Ν
1517 4191 2001 4260 eouillam,Hera-

348 4825 690 4897 cultamque
719 4825 970 4893 ulmum,
1003 4825 1170 4881 illam
1203 4821 1440 4879 excidit.
1474 4823 1760 4878 Retentus
1790 4819 1990 4891 igitur,

345 4913 636 4970 adductus
665 4919 755 4970 est
783 4915 856 4971 ad
887 4914 1224 4987 praesidem,
1259 4917 1317 4966 et
1344 4911 1418 4967 ad
1448 4909 1614 4966 urbis
1642 4907 1992 4964 Amastridis

346 5003 680 5074 optimates.
706 5005 969 5075 Cumque
989 5003 1241 5076 graviter
1257 4999 1616 5072 vapulasset,
1649 4997 1867 5052 evulsis
1898 5013 1986 5052 ra-

346 5093 563 5148 dicitus
595 5097 748 5151 I78
781 5093 1082 5158 dentibus,
1105 5092 1347 5149 funibus
1378 5090 1675 5163 alligatus,
1701 5094 1867 5144 extra
1895 5105 1996 5144 ur-

346 5183 481 5238 bem
510 5191 776 5256 raptatus
807 5190 916 5254 est,
949 5184 1255 5254 acutisque
1294 5179 1687 5237 arundinibus
1719 5183 1992 5249 punctus.

345 5273 568 5330 Deinde
600 5275 662 5330 in
693 5292 990 5332 carcerem
1039 5274 1365 5346 conjectus,
1414 5269 1687 5340 spiritum
1728 5268 1844 5320 Deo
1876 5272 1994 5322 tra-

345 5361 512 5418 didit.
538 5365 678 5436 Ejus
695 5370 892 5420 autem
916 5362 1184 5434 reliquias
1206 5360 1268 5414 in
1292 5357 1500 5414 eadem
1519 5355 1664 5411 urbe
1687 5353 1994 5424 depositas,

339 5452 678 5509 curationes
709 5459 996 5527 perpetuo
1024 5449 1303 5507 fundunt.

521 5649 598 5702 Et
626 5656 900 5705 certamen
943 5653 1142 5703 sanctae
1188 5642 1448 5712 martyris
1492 5638 1816 5695 Theodosia.

416 5745 748 5803 Theodosia
802 5745 1018 5804 Christi
1076 5747 1322 5813 martyr,
1353 5740 1681 5811 imperante
1710 5739 1994 5796 Constan-

2102 4911 2342 4984 ἐξέτεμεν
2399 4909 2552 4968 αὐτό.
2626 4912 2996 4988 Κατασχεθεὶς
3081 4911 3174 4968 οῦν
3261 4912 3413 4987 ἢχθη
3472 4910 3614 4984 πρὸς
3667 4908 3762 4964 τὸν

2103 4999 2363 5079 ἄρχοντα,
2415 5001 2505 5057 καὶ
2562 5002 2702 5078 πρὸς
2757 5003 2885 5066 τοὺς
2959 5009 3060 5074 τῆς
3118 5003 3336 5065 πόλεως
3394 4997 3765 5074 Ἀμάστριδος

2107 5091 2496 5166 ὑπερέχοντας.
2593 5089 2692 5146 Καὶ
2783 5090 3004 5169 τυφθεὶς
3087 5089 3362 5170 σφοδρῶς,
3430 5089 3759 5165 ἐξεῤῥιζώθη

2103 5179 2231 5244 τοὺς
2260 5177 2503 5243 ὀδόντας·
2553 5179 2646 5234 καὶ
2704 5176 2878 5242 δεθεὶς
2936 5180 3230 5256 σχοινίοις,
3283 5179 3502 5256 ἐσύρετο
3532 5175 3634 5248 ἔξω
3662 5183 3766 5247 τῆς

2105 5268 2346 5338 πόλεως,
2379 5268 2470 5325 καὶ
2499 5266 2775 5342 καλάμοις
2826 5265 2966 5341 ὀξέσι
3025 5275 3414 5326 κατεκεντεῖτο.
3446 5270 3584 5327 Εἶτα
3619 5266 3762 5342 βλη-

2107 5357 2217 5422 θεὶς
2249 5356 2302 5412 ἐν
2333 5361 2402 5430 τῇ
2433 5355 2674 5434 φυλακῇ,
2705 5363 2785 5431 τῷ
2833 5364 2950 5433 Θεῷ
3003 5359 3064 5414 τὸ
3120 5363 3335 5431 πνεῦμα
3363 5359 3649 5433 παρέθετο.
3683 5353 3764 5410 Τὸ

2107 5445 2164 5501 δὲ
2195 5446 2449 5521 λείψανον
2481 5444 2645 5502 αὐτοῦ
2675 5449 2933 5521 κατετέθη
2992 5448 3044 5504 ἐν
3105 5449 3244 5524 αὐτῇ
3273 5452 3341 5523 τῇ
3381 5447 3565 5519 πόλει,
3597 5441 3762 5520 βρύον

2107 5533 2346 5600 ἆεννάως
2375 5535 2601 5610 ἰάματα.

2249 5641 2352 5698 Καὶ
2381 5638 2618 5713 ἄθλησις
2659 5650 2763 5714 τῆς
2810 5642 2962 5706 ὁσίας
2995 5644 3267 5718 μάρτυρος
3297 5639 3619 5703 Θεοδοσίας.

2176 5739 2237 5797 Ἦ
2294 5743 2396 5795 τοῦ
2463 5745 2705 5814 Χριστοῦ
2773 5742 2978 5820 μάρτυς
3041 5739 3302 5800 Θεοδοσία
3363 5741 3611 5814 ὑπῆρχεν
3672 5733 3760 5791 ἐπὶ
