4086 6204
338 291 375 353 5
388 290 458 348 49

1887 286 2183 351 JULIUS.

3630 319 3748 383 550

341 428 439 491 τῆς
471 419 756 497 βασιλείας
788 424 1191 479 Κωνσταντίνου
1220 424 1319 476 τοῦ
1351 415 1837 519 Καϐαλλίνου,-ἐκ
1889 422 1974 491 τῆι

2103 422 2225 479 tino
2257 424 2662 499 Caballino,ex
2676 430 2821 488 urbe
2843 433 3354 513 Constantinopoli
3376 443 3747 519 fuit,piorum

345 509 994 581 Κωνσταντινουπόλεως,
1054 512 1290 588 θυγάτηρ
1347 511 1547 588 γονὲων
1610 506 1860 569 εὐσεϐῶν.
1893 516 1991 566 Τε-

345 597 711 667 λευτήσαντος
743 596 800 653 δὲ
831 604 927 654 τοῦ
962 602 1164 668 πατρὸς
1220 600 1390 669 αὐτῆς
1448 599 1535 654 καὶ
1589 606 1688 670 τῆς
1755 601 1989 674 μητρὸς,

340 690 546 753 ἃπασαν
578 689 679 759 τὴν
738 688 1185 767 καταλειφθεῖσαν
1274 688 1408 762 αὐτῇ
1469 689 1780 765 περιουσίαν
1824 688 1988 746 δοῦσα

340 783 613 853 πτωχοῖς,
647 776 897 848 εἰσῆλθεν
932 778 1009 844 είς
1041 781 1433 854 μοναστήριον,
1466 780 1555 834 καὶ
1616 778 1824 857 ἐγένετο
1886 802 1989 855 μο-

341 868 505 939 ναχή.
541 870 831 944 Κρατήσας
860 866 918 924 δὶ
946 876 1048 939 τῆς
1082 866 1367 939 βασιλείας
1398 869 1545 924 Λέων
1587 870 1615 925 ὁ
1678 869 1988 944 Εἷκονομά-

345 978 467 1033 χος,
521 958 611 1012 καὶ
670 958 762 1012 τὸν
810 956 1111 1034 ἁγιώτατον
1171 958 1518 1034 πατριάρχην
1556 960 1829 1035 Γερμανὸν
1889 962 1987 1014 τοῦ

342 1048 532 1121 θρόνου
559 1046 853 1119 ἀπελάσας,
912 1047 1001 1102 καὶ
1058 1047 1152 1109 τάς
1212 1047 1369 1122 ἁγίας
1401 1047 1609 1109 εἰκόνας
1644 1047 1983 1126 ἀπαλείφων,

340 1132 601 1193 ἐϐούλετο
631 1139 839 1193 καὶτὸν
867 1138 919 1193 ἐν
972 1142 1041 1213 τῇ
1102 1138 1291 1213 Χαλκῇ
1346 1143 1445 1195 τοῦ
1506 1145 1767 1217 Σωτῆρος
1823 1142 1983 1213 ἡμῶν

343 1234 669 1302 χαρακτῆρα
753 1230 1136 1303 καταστρέψαι.
1201 1227 1298 1283 Καὶ
1383 1233 1626 1303 μαθοῦσα
1708 1232 1867 1285 τοῦτο
1948 1231 1983 1299 ἡ

340 1316 458 1394 ἁγία
490 1315 751 1373 Θεοδοσία
784 1320 919 1391 μετά
948 1320 1039 1373 καὶ
1068 1319 1262 1395 ὲτέρων
1320 1324 1611 1395 γυναικῶν,
1661 1318 1751 1373 καὶ
1812 1317 1983 1389 ζῆλον

336 1409 478 1461 θεῖον
510 1402 879 1479 ἀναλαϐοῦσα,
910 1409 1001 1463 τὸν
1035 1403 1307 1464 ἀναϐάντα
1336 1408 1413 1471 εὶς
1468 1409 1567 1478 τὴν
1601 1407 1801 1463 σκάλαν
1837 1430 1984 1464 σπα-

337 1496 520 1571 θάριον
554 1494 641 1551 ἐπὶ
663 1496 725 1551 τὸ
755 1495 1054 1552 καταλῦσαι
1112 1499 1212 1567 τὴν
1302 1496 1458 1573 ἁγίαν
1520 1496 1722 1564 είκόνα,
1783 1497 1985 1574 ῥίψασα

337 1585 638 1661 συνέτριψε.
726 1585 823 1642 Καὶ
880 1584 1180 1651 ἀνελθοῦσα
1260 1586 1335 1649 είς
1421 1586 1484 1641 τὸ
1563 1592 1982 1663 πατριαργεῖον,

340 1672 531 1749 ἤλεγξε
560 1676 650 1730 τὸν
689 1675 957 1751 αἱρετικὸν
990 1674 1366 1733 Ἀναστάσιον.
1401 1676 1538 1732 Τότε
1569 1676 1623 1730 αἱ
1659 1676 1752 1748 μὶν
1816 1675 1981 1733 ἄλλαι

2098 521 2412 584 parentum
2446 516 2588 574 ﬁlia.
2623 521 2793 577 Patre
2827 531 3025 580 autem
3057 545 3124 582 ac
3152 537 3335 587 matre
3364 534 3483 591 vita
3503 516 3745 609 functis,

2100 617 2236 655 cum
2267 604 2505 660 relictas
2539 606 2648 661 sibi
2679 608 2991 668 facultates
3025 631 3231 672 omnes
3254 624 3617 692 pauperibus
3644 604 3747 682 de;

2099 688 2304 759 disset,
2322 696 2751 752 monasterium
2775 698 3061 772 ingressa,
3086 708 3558 769 sanctimonialis
3590 714 3745 771 facta

2097 783 2206 832 est.
2240 782 2385 836 Cum
2419 800 2552 839 vero
2579 785 2899 858 imperium
2932 794 3222 850 tenuisset
3254 797 3363 853 Leo
3396 800 3744 860 inconoma-

2096 867 2262 934 chus,
2284 870 2562 943 idemque
2595 877 3033 935 sanctissimum
3068 886 3463 953 patriarcham
3498 893 3741 949 Germa-

2097 972 2240 1010 num
2270 974 2299 1012 e
2333 959 2545 1016 throno
2579 962 2914 1035 dejecisset,
2944 978 3297 1045 sanctasque
3328 977 3616 1051 imagines
3649 1000 3741 1039 re-

2089 1044 2330 1115 jiciens,
2364 1065 2593 1105 amcam
2650 1053 2965 1112 Salvatoris
3005 1044 3217 1116 nostri,
3254 1065 3572 1138 imaginem
3601 1072 3739 1127 des-

2098 1138 2295 1190 truere
2326 1138 2646 1209 voluisset;
2670 1159 2737 1198 ea
2766 1162 2829 1200 re
2851 1156 3152 1219 comperta
3177 1162 3381 1211 sancta
3411 1160 3741 1217 Theodosia

2096 1238 2229 1276 cum
2254 1224 2387 1280 aliis
2420 1229 2794 1300 mulieribus,
2827 1233 3022 1291 divino
3054 1239 3174 1294 zelo
3210 1242 3599 1317 inflammata,
3634 1267 3737 1305 as-

2094 1311 2449 1369 cendentem
2482 1316 2542 1371 in
2576 1318 2796 1375 scalam
2819 1324 3213 1399 spatharium,
3242 1337 3308 1385 ut
3339 1339 3741 1395 sacramima-

2093 1400 2290 1471 ginem
2313 1402 2667 1476 destrueret,
2692 1411 3014 1482 projiciens
3046 1419 3326 1474 contrivit
3352 1438 3366 1488 ;
3403 1429 3525 1480 tum
3557 1429 3743 1498 patri-

2092 1492 2362 1547 archium
2408 1495 2697 1568 ingressa,
2731 1499 3079 1560 haereticum
3138 1511 3518 1568 Anastasium
3548 1492 3743 1588 objur.

2090 1580 2262 1653 gavit.
2297 1584 2693 1648 Quamobrem
2724 1589 2856 1646 alia;
2906 1593 3146 1664 quidem
3177 1600 3487 1657 ‘mulieres
3548 1580 3742 1677 capite

2091 1669 2278 1741 plexm
2312 1679 2473 1742 sunt,
2507 1676 2837 1735 Theodosia
2876 1697 3010 1737 vero
3058 1683 3343 1744 funiculis
3374 1669 3637 1763 raptata;
3660 1695 3743 1749 ir-

338 1769 589 1839 γυναῖκες
617 1763 1144 1844 ἀπεκεφαλίσοησαν·
1177 1768 1212 1836 ἡ
1274 1763 1331 1821 δὲ
1381 1764 1506 1865 ἁγία
1549 1762 1810 1865 Θεοξοκῖα
1890 1788 1974 1865 cu:

2091 1761 2321 1817 ruentis
2351 1761 2515 1819 bovis
2548 1782 2734 1823 cornu
2766 1769 3128 1845 interempta
3162 1780 3270 1833 cst.

335 1854 538 1929 ρομένη
576 1854 831 1932 σχοινίῳ,
864 1856 1146 1935 ἀπεσφάγη
1210 1859 1345 1932 μετά
1400 1855 1624 1933 κέρατος
1656 1855 1707 1912 ἓν
1737 1862 1854 1920 τοῖς
1885 1861 1984 1912 τοῦ

343 1945 468 2021 βοὸς
502 1940 791 2021 ἐμϐόλοις.

878 2035 1058 2091 MHNI
1099 2037 1191 2092 Tu
1231 2036 1435 2092 ΑΥΤΩ.

1127 2122 1209 2182 19‘

583 2210 793 2284 Μνήμη
823 2215 922 2265 τοῦ
954 2211 1107 2267 ὁσίου
1139 2211 1349 2288 Πατρὸς
1388 2211 1548 2285 ἡμῶν
1585 2210 1732 2270 Δίου.

396 2336 540 2408 Δίος,
575 2338 602 2392 ὁ
662 2337 714 2393 ἐν
777 2338 959 2414 ἁγίοις
1019 2341 1204 2415 Πατὴρ
1238 2341 1424 2414 ἡμῶν,
1457 2340 1523 2410 ἦν
1570 2341 1980 2415 ἀγωνιζόμενος

328 2424 427 2480 ἐπὶ
455 2429 554 2496 τῆς
588 2427 869 2503 βασιλείας
895 2426 1191 2485 Θεοδοσίου
1220 2434 1316 2485 τοῦ
1348 2427 1633 2506 Μεγάλου,
1666 2428 1717 2485 ἐν
1774 2434 1979 2487 Ἀντιο-

335 2516 460 2591 χείᾳ
486 2524 589 2585 τῆς
624 2516 843 2590 Συρίας.
875 2518 972 2581 Εἷς
1002 2517 1170 2594 ’ἀκραν
1224 2516 1281 2575 δὶ
1338 2522 1563 2591 ἄσκησιν
1610 2518 1807 2590 ἐλθὼν,
1840 2540 1976 2595 παρ-

330 2606 537 2681 εγένετο
596 2604 666 2660 δι’
725 2605 1126 2681 ἀποκαλύψεως
1182 2608 1274 2663 καὶ
1334 2608 1412 2671 εἷς
1482 2610 1581 2679 τήν
1642 2612 1978 2667 Κωνσταντιο

320 2694 612 2752 νοῦπολιν.
655 2696 760 2752 Καὶ
802 2692 1126 2752 καταλαϐὼν
1183 2699 1274 2753 τὸν
1329 2698 1497 2754 τόπον
1552 2698 1677 2763 ἔνθα
1733 2703 1823 2754 νῦν
1911 2701 1974 2756 τὸ

320 2785 486 2840 αὐτοῦ
582 2788 945 2861 μοναστήριον
1001 2784 1241 2860 ἳδρυται,
1300 2784 1576 2861 δαιμόνων
1664 2783 1793 2845 ὅντα
1850 2789 1974 2845 τότε

316 2877 771 2949 κατοικητήριον,
827 2877 914 2931 καὶ
973 2876 1039 2931 τά
1096 2877 1311 2952 πονηρά
1367 2876 1649 2951 πνεύματα
1696 2876 1971 2951 ἐξελάσας,

318 2964 677 3039 προσηύχετο
706 2969 787 3037 τῷ
819 2969 956 3037 Θεῷ.
1018 2966 1116 3019 Διά
1156 2963 1215 3021 δὲ
1268 2968 1368 3036 τὴν
1427 2968 1619 3041 ἀρετὴν
1672 2967 1837 3023 αὐτοῦ
1891 2972 1972 3041 τῷ

319 3052 541 3128 βασιλεῖ
599 3054 943 3129 γνωρισθεὶς,
1001 3053 1249 3118 πολλοὺς
1307 3060 1415 3111 τῶν
1472 3060 1787 3130 πειρασμῶν
1849 3056 1970 3112 ἐλυ-

319 3145 546 3216 τροῦτο,
579 3142 779 3214 καὶτῷ
837 3148 953 3216 Θεῴ
1008 3151 1273 3220 προσῆγε³
1332 3144 1423 3199 καὶ
1469 3145 1591 3200 ναὸν
1647 3140 1823 3200 ἔκτισε
1877 3143 1974 3219 μέ-

319 3252 530 3304 γιστον,
566 3232 658 3286 καὶ
700 3234 949 3305 θαύματα
1006 3232 1233 3304 ἐποίησε
1291 3232 1496 3292 πολλά.
1557 3236 1660 3292 Καὶ
1717 3236 1821 3310 γάρ
1874 3236 1973 3303 τήν

322 3315 527 3395 ῥάϐδον
591 3321 757 3376 αὐτοῦ
816 3325 1008 3393 πήξας,
1098 3324 1262 3398 ξηράν
1324 3326 1509 3396 οὖσαν,
1568 3322 1973 3396 ἀναϐλαστῆσαι

318 3408 741 3485 παρεσκεύασεν·
803 3411 926 3481 ἥτις
1016 3413 1181 3489 μέχρι
1234 3419 1331 3469 τοῦ
1415 3418 1505 3469 νῦν
1587 3416 1796 3491 ὁρᾶται·
1885 3414 1974 3469 καὶ

314 3496 461 3574 ὕδωρ
524 3494 826 3555 ἀναϐλῦσαι
884 3504 1205 3571 πεποίηκεν·
1263 3502 1352 3557 καὶ
1410 3503 1593 3580 νεκρὸν
1662 3504 1970 3575 ἀνέστησεν.

316 3589 634 3659 ,ὶσϐενήσας
691 3586 774 3657 δὲ,
835 3591 924 3645 καὶ
985 3592 1379 3667 ἀπαγορευοεὶς
1429 3593 1557 3648 ὡσεὶ
1597 3595 1787 3670 νεκρὸς
1849 3594 1974 3649 κεί-

320 3699 501 3751 μενος,
533 3679 625 3733 καὶ
683 3684 790 3734 τῶν
840 3686 1197 3757 πατριαρχῶυο
1250 3679 1598 3747 ἀπελθόντων
1653 3686 1789 3761 πρὸς
1852 3682 1970 3739 ἒπί-

316 3773 502 3842 σκεψιν
582 3770 770 3840 αὑτοῦ,
820 3771 1075 3826 Ἀττικοῦ
1149 3774 1802 3845 Κωνσταντινουπόλεως,
1877 3774 1969 3829 καὶ

316 3856 683 3933 Ἀλεξάνδρου
743 3859 1111 3936 Ἀντιοχείας,
1172 3860 1421 3939 ἐξαίφνης
1471 3864 1747 3937 ἀνανήψας
1800 3865 1969 3935 εἶπεν,

316 3945 393 4000 ὅτι
427 3945 696 4019 Ἐχάρισέ
727 3967 820 4019 μοι
867 3948 895 4002 ὁ
928 3948 1057 4011 Θεὸς
1089 3943 1181 4019 ἔτη
1246 3950 1323 4006 te‘.
1382 3949 1643 4015 ’Λναστάς
1701 3952 1815 4022 οὖν,
1877 3952 1965 4007 καί

314 4034 483 4089 ταῦτα
514 4033 902 4110 ἐκπληρώσας,
934 4039 1067 4113 πρὸς
1101 4036 1296 4115 Κύριον
1330 4037 1680 4113 ἐξεδήμησεν.

381 4234 484 4292 Καὶ
520 4236 712 4309 μνήμη
773 4240 895 4318 τῆς-
932 4236 1077 4318 ὁσίας
1129 4239 1444 4318 Ιχίακρίνιης,
1496 4237 1737 4318 ἀδελφῆς
1794 4245 1894 4297 τοῦ

842 4308 1099 4385 Μεγάλου
1129 4308 1444 4369 Βασιλείου.

374 4423 433 4480 'H
474 4420 599 4478 ὁσία
630 4428 896 4499 Μακρῖνα,
930 4423 1124 4482 κάλλει
1156 4425 1435 4501 σώματος,
1467 4427 1556 4482 καὶ
1610 4429 1838 4504 τρόποις
1869 4452 1964 4486 κο-

310 4514 597 4586 σμουμένη
632 4520 925 4589 χρηστοῖς,
957 4517 1287 4592 συενεζεῦχθη
1344 4518 1440 4591 μὲν
1474 4516 1647 4593 ἀνδρί·
1680 4521 1971 4587 συναφείας

311 4598 365 4656 δὲ
427 4604 605 4676 μήπω
660 4606 977 4679 γενομένης,
1038 4604 1152 4661 ἐπεὶ
1213 4608 1241 4663 ὁ
1299 4606 1499 4679 ταύτην
1558 4608 1965 4683 ἁρμοσάμενος,

313 4688 363 4746 ἓν
401 4689 731 4765 ἐπιδημίαις
790 4692 1157 4765 ἐτελεύτησεν,
1207 4695 1345 4765 αὕτη
1427 4698 1606 4767 πάσης
1691 4697 1969 4772 ἐπιμιξίας

310 4787 593 4853 κοσμικῆς
650 4781 935 4857 χωρίσασα
992 4783 1209 4856 ἑαυτὴν,
1271 4792 1434 4855 συνῆν
1492 4788 1562 4859 τῇ
1624 4788 1794 4862 μητρί
1848 4794 1969 4854 ταῖς

314 4870 483 4935 θείαις
543 4877 779 4949 Γραφαῖς
830 4874 1202 4948 σχολάζουσαι,
1262 4873 1349 4930 καὶ
1415 4873 1467 4930 ἐν
1514 4875 1658 4946 τάξει
1714 4875 1968 4951 δευτέρας

319 4961 550 5031 μητρὸς,
611 4961 739 5023 τοὺς
798 4963 915 5033 μετ’
995 4962 1163 5032 αὐτὴν
1218 4966 1569 5039 γεννηθέντας
1636 4963 1966 5045 ἐκτρέφουσα

316 5045 607 5125 ἀδελφούς.
669 5051 804 5105 Δὲκα
861 5051 962 5126 γάρ
1022 5048 1193 5107 ὄντων
1250 5058 1357 5107 τῶν
1412 5054 1661 5109 ἀπάντων
1731 5055 1963 5131 παίδων,

314 5136 443 5207 αὖτή
501 5143 569 5208 ἧν
623 5141 839 5214 πρώτη.
900 5141 1097 5206 Ὀσῖως
1150 5140 1207 5198 δὲ
1265 5144 1352 5199 καὶ
1431 5144 1486 5201 ἐν
1547 5146 1771 5216 ἀσκήσει
1826 5148 1963 5224 βιώ-

311 5244 464 5295 σασα,
544 5228 785 5291 πολληῖς
845 5229 924 5292 εἷς
982 5228 1252 5307 ὠφέλειαν
1314 5232 1547 5309 ἐγένετςν
1637 5231 1962 5300 διδάσκαλος

310 5314 409 5387 γάρ
437 5317 529 5387 ἦν,
563 5317 624 5373 οὗ
690 5319 853 5391 μόνον
916 5322 1121 5395 Λόγων,
1175 5321 1323 5378 ἀλλά
1364 5324 1453 5378 καὶ
1516 5318 1711 5399 ἔργων.
1743 5325 1799 5378 '0
1854 5327 1960 5404 γάρ

313 5406 542 5474 ποιήσας
590 5409 678 5463 καὶ
743 5405 983 5480 διδάξας,
1039 5411 1203 5487 φησὶν
1260 5412 1324 5467 τὸ
1382 5413 1539 5487 ἅγιον
1598 5412 1957 5489 Εὐαγγὲλιον,

315 5491 466 5555 οὗτος
497 5495 666 5571 μέγας
694 5496 1030 5568 κληθήσεται
1060 5499 1110 5554 ἐν
1266 5501 1524 5577 βασιλείᾳ
1552 5506 1657 5557 τῶν
1691 5502 1955 5579 οὐρανῶν.

316 5580 450 5655 Πρὸς
481 5582 539 5639 δὲ
563 5591 644 5659 τῷ
698 5585 952 5659 τελευτᾷν
1007 5591 1298 5665 γενομένη,
1358 5591 1824 5671 συνεφιλοσόφησε
1878 5600 1959 5671 τῷ

2661 2018 2901 2074 EODEM
2932 2022 3076 2077 ΜΕΝ
3081 2023 3181 2080 SE.

2645 2105 2748 2161 Die
2794 2107 3028 2167 decima
3058 2129 3220 2171 nona

2308 2208 2756 2268 Commemoratio
2786 2220 2966 2272 sancti
2992 2220 3176 2276 Patris
3204 2227 3383 2279 nostri
3406 2228 3517 2283 Dii.

2161 2334 2410 2393 Sanctus
2439 2340 2612 2394 Pater
2639 2347 2843 2399 noster
2869 2345 3028 2413 Dius,
3056 2348 3386 2421 imperante
3403 2357 3731 2417 Theodosio

2088 2424 2316 2497 Magno,
2349 2427 2676 2484 Antiochiae
2708 2430 2769 2486 in
2828 2434 2994 2505 Syria
3038 2440 3318 2497 certabat.
3354 2445 3497 2502 Cum
3531 2453 3729 2507 autem

2086 2512 2160 2568 ad
2192 2530 2490 2571 summum
2544 2517 2673 2573 vitm
2731 2522 3000 2579 asceticai
3056 2527 3294 2586 culmen
3340 2537 3727 2609 pervenisset,

2085 2610 2327 2676 accepta
2359 2606 2459 2660 Dei
2500 2608 2861 2666 revelatione
2890 2613 3465 2692 Constantinopolim
3496 2606 3728 2697 profeci-

2086 2694 2270 2761 tus,in
2298 2710 2431 2749 eum
2464 2695 2661 2752 locum
2694 2699 2872 2769 venit,
2897 2702 2995 2758 ubi
3031 2721 3193 2762 nunc
3224 2708 3386 2766 illius
3427 2694 3731 2773 monaste-

2082 2783 2238 2838 rium
2273 2784 2581 2842 conditum
2614 2793 2740 2857 est;
2800 2793 2961 2862 quod
3021 2812 3155 2852 cum
3215 2798 3554 2861 daemonum
3588 2813 3728 2865 tunc

2083 2869 2490 2928 habitaculum
2533 2880 2711 2943 esset,
2745 2878 2931 2948 pulsis
2993 2882 3132 2939 inde
3183 2887 3359 2945 malis
3399 2892 3725 2965 spiritibus,

2080 2957 2228 3013 illud
2258 2961 2377 3016 Deo
2409 2964 2795 3022 consecravit.
2822 2966 2904 3022 Ob
2938 2986 3106 3026 suam
3139 2991 3273 3030 vero
3305 2957 3580 3037 virtutem
3616 2957 3727 3039 im;

2078 3050 2336 3120 peratori
2370 3057 2547 3107 notus
2576 3053 3016 3124 factus,multos
3038 3078 3071 3117 a
3103 3066 3530 3125 tentationibus
3555 3089 3723 3145 erep-

2087 3141 2175 3192 tos
2205 3138 2279 3194 ad
2312 3140 2495 3195 Deum
2519 3142 2781 3211 adduxit,
2818 3151 2876 3200 et
2904 3150 3228 3208 maximum
3271 3157 3545 3215 excitavit
3576 3138 3723 3217 tem-

2082 3226 2343 3298 plum,ac
2369 3228 2627 3300 plurima
2657 3236 2908 3303 patravit
2928 3237 3238 3298 miracula.
3263 3246 3304 3299 I
3321 3245 3419 3301 74
3442 3248 3721 3306 Baculum

2084 3317 2243 3371 enim
2276 3318 2336 3372 in
2370 3323 2590 3374 terram
2614 3320 3241 3397 deﬁgens,germinare
3263 3333 3421 3400 fecit,
3443 3352 3577 3392 cum
3607 3340 3725 3394 ari-

2081 3405 2191 3461 dus
2224 3411 2401 3474 esset,
2427 3408 2527 3479 qui
2558 3425 2746 3480 usque
2776 3412 2837 3466 in
2868 3413 3224 3473 hodiernum
3248 3421 3405 3478 diem
3428 3428 3723 3500 conspici-

2082 3500 2213 3550 tur:
2248 3501 2307 3550 et
2335 3503 2635 3553 mortuum
2667 3499 2740 3554 ad
2799 3501 2976 3558 vitam
3003 3509 3313 3567 revocavit.
3354 3514 3500 3569 Cum
3523 3499 3722 3574 autem

2079 3583 2141 3638 in
2170 3584 2443 3641 morbum
2475 3587 2878 3657 incidisset,ac
2907 3592 3083 3649 veluti
3108 3603 3723 3678 mortuus,desperata

2080 3672 2735 3746 salute,jaceret,Attico
2759 3680 3441 3759 Constantinopoleos,et
3469 3672 3721 3754 Alexan-

2080 3762 2184 3818 dro
2218 3764 2542 3821 Antiochia;
2575 3768 3057 3845 patriarchis,qui
3091 3776 3285 3848 ipsum
3308 3781 3599 3840 visitaturi
3621 3804 3721 3843 ac-

2078 3860 2399 3919 cesserant,
2415 3864 2659 3927 repente
2692 3859 2762 3915 ad
2779 3877 2840 3917 se
2873 3878 3145 3921 reversus
3169 3869 3344 3927 dixit:
3370 3871 3720 3939 Quindecim

2076 3942 2223 3999 mihi
2254 3960 2441 3999 annos
2474 3944 2718 4019 largitus
2749 3955 2840 4005 est
2870 3950 3551 4034 Deus.Surgensitaque,
3586 3983 3721 4022 cum

2076 4031 2243 4087 illum
2278 4049 2572 4090 annorum
2602 4054 2919 4095 numerum
2950 4044 3324 4120 explevisset,
3347 4031 3618 4125 migravit
3646 4054 3719 4110 ad

2076 4124 2413 4183 Dominum.

2073 4268 2145 4321 Et
2203 4271 2644 4324 commemoratio
2691 4281 2893 4400 magae
2942 4279 3221 4361 Iliam-ine,
3291 4287 3496 4338 sororis
3524 4284 3727 4340 Basilii

2846 4363 2997 4400 aam.

2846 4363 2997 4416 agm.

2145 4437 2358 4493 Sancta
2387 4439 2646 4496 Macrina
2702 4442 2960 4499 formoso
3018 4462 3285 4519 corpore,
3328 4452 3723 4524 suavibusque

2001 4512 2045 4577 Ι)
2078 4526 2343 4582 moribus
2402 4533 2633 4597 ornata,
2689 4532 2811 4586 viro
2867 4533 3108 4604 quidem
3168 4537 3230 4592 in
3273 4540 3725 4599 matrimonium

2079 4616 2623 4685 collocataest;sed
2652 4620 2921 4677 nondum
2951 4622 3023 4679 ab
3048 4641 3115 4681 eo
3147 4629 3724 4703 cognita,postquam

2077 4705 2179 4761 ille
2208 4706 2392 4762 hacin
2417 4707 2506 4760 rei
2517 4707 2605 4779 psi
2627 4712 3117 4781 consensisset,in
3149 4719 3725 4791 peregrinationibus

2076 4794 2323 4863 vivebat,
2342 4795 2557 4851 divinis
2591 4797 2910 4871 Scripturis
2940 4810 3241 4870 vacans,et
3272 4812 3554 4880 tanquam
3574 4811 3728 4866 alte-

2076 4901 2143 4939 ra
2173 4890 2362 4939 mater
2387 4902 2705 4957 germanos
2724 4888 2938 4944 fratres
2969 4893 3276 4951 enutriens
3309 4897 3542 4963 ;decem
3560 4900 3723 4957 enim

2076 4991 2209 5028 cum
2241 4990 2448 5029 omnes
2478 4977 2647 5046 pueri
2680 4984 2899 5043 essent,
2932 4980 3061 5051 ipsa
3093 4989 3219 5039 erat
3248 4987 3516 5043 omnium
3536 4991 3723 5046 maxi-

2075 5079 2189 5117 ma.
2226 5065 2368 5117 Cum
2393 5080 2526 5119 vero
2560 5066 2621 5120 in
2680 5068 2991 5124 sanctitate
3024 5087 3091 5126 ac
3127 5074 3404 5147 religiosa
3434 5081 3722 5137 exercita-

2078 5153 2235 5207 tione
2266 5153 2445 5207 vitam
2470 5155 2843 5229 transigeret,
2878 5159 3138 5228 juvabat.
3176 5165 3300 5221 Non
3335 5169 3494 5225 enim
3528 5172 3720 5228 verbis

2074 5247 2327 5308 tantum,
2362 5242 2465 5297 sed
2499 5244 2677 5300 etiam
2728 5247 3005 5317 operibus
3065 5250 3329 5311 docebat.
3393 5260 3500 5324 Qui
3562 5262 3721 5317 enim

2070 5330 2298 5391 fecerit.
2324 5338 2382 5387 et
2413 5332 2702 5403 docuerit,
2760 5340 2825 5390 ut
2865 5344 3157 5409 sanctum,
3191 5344 3405 5416 inquit,
3464 5351 3727 5422 Evange-

2070 5420 2240 5485 lium,
2276 5420 2371 5476 hic
2405 5438 2657 5495 magnus
2711 5425 3015 5483 vocabitur
3068 5430 3131 5486 in
3184 5451 3365 5507 regno
3416 5439 3722 5495 ccelorum.

2068 5511 2333 5566 Instante
2357 5516 2558 5566 autem
2590 5512 2782 5568 exitus
2806 5513 2971 5583 hora,
3022 5534 3143 5575 una
3206 5539 3342 5580 cum
3403 5525 3583 5582 fratre
3616 5543 3721 5583 suo

2069 5600 2344 5673 Gregorio
2377 5602 2579 5673 Nyssm
2607 5602 3025 5677 episcopo,qui
3055 5608 3129 5663 ad
3154 5611 3508 5670 visitandam
3531 5615 3721 5687 ipsam
