4082 6200
357 379 470 464 551

1635 369 2078 450 MENOLOGII
2122 382 2322 446 PARS
2368 383 2476 445 ιιι.

3645 357 3759 440 εει

357 539 709 602 accesserat,
743 529 1160 604 pbilosophata
1190 531 1280 581 est
1303 524 1375 580 de
1408 523 1628 590 anima,
1653 520 1845 592 deque
1868 519 2000 575 aliis

2114 513 2336 594 ἀδελφῷ
2367 514 2535 584 αὐτῆς
2566 511 2854 588 Γρηγορίῳ
2910 516 2990 585 τῷ
3041 511 3284 581 Νόσσης,
3343 509 3635 574 ἂπελθόντι
3693 509 3768 573 είς

358 624 712 697 quibusdam
747 621 1060 690 Scriptura)
1084 614 1516 687 quaastionibus
1541 629 1553 666 :
1578 619 1754 682 atque
1770 609 2005 665 huncin

357 715 600 770 modum
634 728 767 768 cum
795 714 1043 776 orasset,
1079 706 1152 762 ad
1212 706 1422 775 Deum,
1480 703 1574 759 cui
1623 701 2005 764 deservierat,

357 803 646 875 migravit.

915 905 1155 962 EODEM
1195 903 1446 959 MENSE.

983 1004 1082 1059 Die
1113 1002 1393 1057 vicesima

427 1098 578 1154 I75
612 1097 864 1166 Ignifera
893 1094 1026 1148 Elim
1056 1093 1342 1164 prOpheta:
1374 1093 1432 1146 in
1463 1089 1624 1146 calas
1664 1089 1930 1144 ascensio.

431 1259 588 1314 Elias
609 1258 901 1330 propheta
930 1275 1000 1313 ex
1032 1257 1271 1328 regione
1300 1255 1526 1310 Thesbe
1560 1253 1622 1308 in
1676 1258 1834 1307 terra
1864 1257 2004 1304 Ara-

357 1348 499 1403 bum
529 1347 661 1413 fuit,
695 1347 767 1402 de
801 1347 957 1401 tribu
986 1350 1182 1400 Aaron
1213 1346 1304 1400 :in
1325 1343 1542 1399 Galaad
1574 1348 1770 1397 autem
1784 1339 2010 1394 habita-

353 1437 456 1491 vit.
520 1437 782 1507 Cumque
838 1436 1036 1506 ipsum
1087 1440 1276 1490 mater
1324 1438 1581 1506 pareret,
1641 1429 1786 1484 vidit
1841 1433 2008 1500 pater

356 1526 670 1591 visionem,
705 1525 863 1596 quod
889 1525 1119 1580 scilicet
1149 1524 1250 1578 viri
1282 1522 1524 1594 quidam
1559 1521 1620 1575 in
1651 1520 1804 1575 albis
1827 1534 2004 1589 appa-

359 1620 560 1669 rentes
592 1614 789 1686 ipsum
813 1612 1585 1686 compellabant,igneisque
1609 1607 2006 1664 fasciisinvol-

355 1709 582 1771 ventes,
637 1703 940 1760 ﬂammam
965 1703 1117 1775 ignis
1147 1701 1548 1757 devorandam
1587 1699 1780 1753 eidem
1813 1696 2006 1752 trade-

358 1793 524 1848 bant.
549 1793 956 1863 Hierosolyma
971 1793 1170 1862 itaque
1184 1791 1505 1862 profectus,
1527 1789 1584 1844 id
1598 1786 2007 1844 sacerdotibus

2109 603 2386 678 ἐπίσκεψιν
2436 601 2628 672 αὐτῆς,
2685 600 2808 675 περί
2865 621 2925 656 τε
2979 603 3188 676 ψυχῆς,
3243 599 3334 654 καὶ
3379 599 3566 654 ἄλλων
3598 602 3760 652 τινῶν

2109 697 2392 769 Γραφικῶν
2429 691 2778 764 ζητημάτων.
2811 690 2910 744 Καὶ
2961 689 3104 746 οὕτω
3158 687 3594 764 προσευξαμένη,
3627 686 3763 761 πρὸς

2108 783 2264 852 θεὸν,
2295 781 2353 838 ὅν
2386 782 2756 859 ἐθεράπευσεν,
2791 778 3142 854 ἐξεδήμησεν.

2607 891 2788 946 ΜΗΝΙ
2823 893 2911 944 ΤΩ
2951 893 3151 946 ΑΥΤΩ.

2889 978 2951 1034 Κ,

2215 1079 2281 1137 Ἦ
2311 1076 2589 1156 πυρφόρος
2614 1071 2876 1138 ἀνάϐασις
2907 1075 2984 1156 είς
3029 1073 3296 1152 οὐρανοὺς
3325 1073 3526 1130 Ἦλιοῦ
3552 1070 3652 1128 τοῦ

2768 1151 3081 1226 προφήτου.

2179 1246 2368 1311 Ἠλίας
2401 1248 2429 1302 6
2455 1248 2741 1326 προφήτης
2793 1248 2860 1316 ἧν
2926 1246 3019 1318 μὶν
3081 1244 3141 1301 ἐκ
3194 1252 3296 1315 τῆς
3323 1244 3511 1320 χώρας
3540 1236 3751 1311 Θέσϐης

2109 1337 2169 1393 ἐκ
2214 1345 2320 1413 γῆς
2360 1332 2634 1413 Ἀράϐων,
2699 1336 2758 1392 ἐκ
2813 1335 2994 1414 φυλῆς
3025 1335 3260 1409 Ἀαρών·
3294 1336 3526 1408 κατῴκει
3579 1331 3636 1390 δδ
3701 1333 3753 1389 ὲν

2111 1423 2347 1482 Γαλαὰδ·
2382 1427 2482 1483 Καὶ
2517 1425 2606 1481 ὅτε
2663 1420 2838 1481 ἔτεκεν
2897 1425 3058 1481 αὐτὸν
3113 1428 3148 1495 ἡ
3187 1426 3371 1500 μήτηρ
3402 1424 3586 1488 αὐτοῦ,
3621 1421 3762 1479 εἶδεν

2111 1519 2140 1572 6
2196 1517 2378 1590 πατὴρ
2435 1516 2602 1571 αὐτοῦ
2661 1514 2945 1584 ὀπτασίαν,
3020 1511 3103 1569 ὅτι
3162 1511 3349 1590 ἂνδρες
3408 1512 3765 1586 λευκοφανεῖς

2109 1605 2267 1662 αὐτὸν
2326 1606 2765 1680 προσηγόρευον,
2842 1604 2934 1658 καὶ
3002 1604 3135 1679 πυρί
3219 1603 3611 1680 ὲσπαργάνουν,
3669 1603 3762 1658 καὶ

2109 1693 2288 1772 φλόγα
2317 1693 2488 1767 πυρὸς
2533 1690 2746 1748 ἐδίδουν
2804 1693 2955 1764 αὖτῷ
3014 1698 3228 1770 φαγεῖν.
3291 1692 3388 1747 Καὶ
3450 1690 3625 1756 ἐλθὼν
3684 1690 3762 1752 εἷς

2111 1781 2496 1858 Ἰερουσαλὴμ,
2584 1781 2877 1857 ἀνήγγειλε
2950 1788 3068 1844 τοῖς
3163 1782 3382 1857 ἱερεῦσι.
3445 1781 3542 1837 Καὶ
3618 1781 3764 1835 εἶπεν

361 1882 756 1954 signiﬁcavit:
789 1881 884 1937 cui
916 1881 1027 1936 hoc
1058 1880 1322 1935 divinum
1373 1877 1679 1935 oraculum
1710 1875 2004 1932 redditum

2119 1872 2264 1942 αὐτῷ
2294 1872 2322 1926 ὁ
2355 1871 2768 1946 χρηματισμός·
2805 1871 2898 1940 Μὴ
2933 1867 3238 1945 δειλιάσῃς,
3302 1869 3570 1945 ἃνθρωπε·
3615 1867 3764 1924 ἔσται

361 1975 488 2024 est:
523 1971 602 2024 Ne
635 1969 865 2035 timeas,
901 1969 1114 2039 inquit,
1148 1985 1181 2023 ο
1213 1968 1424 2022 homo:
1459 1967 1572 2022 erit
1594 1965 1751 2021 enim
1775 1963 2005 2020 habita-

358 2057 562 2114 culum
594 2058 839 2113 infantis
861 2057 1085 2124 lumen,
1111 2065 1170 2113 et
1200 2058 1442 2112 verbum
1465 2057 1653 2128 ipsius
1684 2055 2002 2124 sententia,

359 2152 419 2201 et
441 2146 739 2219 judicabit
769 2148 1049 2202 Israelem
1082 2147 1144 2200 in
1175 2146 1373 2220 gladio
1408 2153 1466 2200 et
1493 2147 1646 2217 igne.
1683 2145 1796 2200 Iste
1828 2143 2008 2216 igitur

357 2237 935 2310 prophetavitannos
947 2237 1149 2310 viginti
1173 2235 1678 2308 quinque,Cliristi
1691 2235 2005 2291 adventum

357 2326 717 2382 antecedens
744 2327 917 2382 annis
958 2327 1312 2399 octingentis
1345 2326 1665 2382 sexdecim.
1699 2326 1900 2396 Ignem
1932 2323 2004 2379 de

355 2416 503 2471 cmlo
533 2415 778 2471 detulit:
805 2415 1060 2488 pluviam
1086 2417 1260 2471 annis
1315 2414 1524 2479 tribus,
1556 2414 1862 2470 mensibus
1903 2430 2006 2468 sex

353 2504 658 2559 cohibuit:
703 2505 1138 2578 quinquaginta
1202 2504 1452 2560 miseros
1509 2502 1884 2558 combussit:
1941 2501 2002 2556 in

354 2597 556 2648 monte
589 2591 780 2647 Horeb
805 2592 991 2648 Deum
1014 2591 1186 2646 vidit:
1216 2591 1535 2646 Iordanem
1557 2589 1771 2644 melote
1792 2587 2006 2644 scidit:

355 2681 417 2736 in
449 2681 629 2737 caelos
661 2680 916 2753 denique
951 2682 1012 2738 in
1043 2697 1221 2736 curru
1270 2681 1440 2752 igneo
1475 2684 1836 2750 assumptus,
1867 2677 2004 2732 vivit

355 2770 549 2826 adhuc
578 2787 767 2842 usque
798 2771 857 2825 in
880 2775 1238 2842 praesentem
1273 2769 1455 2825 diem.

916 2885 1155 2940 EODEM
1189 2883 1438 2940 MENSE.

857 2973 959 3030 Die
990 2974 1271 3030 vicesima
1315 2974 1507 3046 prima

358 3064 810 3120 Commemoratio
838 3071 1152 3120 sancto-rum
1179 3067 1412 3120 Patrum
1470 3065 1739 3120 Simeonis
1769 3068 2003 3133 propter

782 3136 1061 3192 Christum
1092 3136 1212 3191 Sali
1241 3143 1291 3191 et
1323 3137 1574 3190 Joannis.

2117 1961 2220 2036 γὰρ
2251 1963 2286 2030 ἡ
2320 1960 2533 2032 οἴκησις
2589 1963 2686 2014 τοῦ
2744 1956 2970 2014 παιδίου
3002 1965 3136 2038 φῶς·
3189 1959 3280 2013 καὶ
3309 1959 3336 2013 6
3369 1957 3536 2034 λόγος
3598 1957 3766 2013 αὐτοῦ

2116 2049 2404 2130 ἀπόφασις·
2448 2049 2538 2106 καί
2596 2057 2769 2126 κρινεῖ
2824 2052 2914 2106 τὸν
2979 2048 3198 2124 Ἰσραὴλ
3259 2049 3312 2106 ἐν
3373 2049 3616 2129 ῥομφαίᾳ
3673 2051 3766 2107 καὶ

2115 2141 2263 2216 πυρί.
2324 2140 2498 2203 Οὗτος
2556 2138 2649 2196 οὖν
2706 2142 3108 2218 προεφήτευσεν
3191 2134 3284 2211 ἔτη
3345 2138 3518 2195 εἷ’κοσι
3579 2140 3760 2197 πέντε·

2114 2225 2414 2304 προλαϐὼν
2445 2231 2543 2300 τήν
2597 2233 2694 2284 τοῦ
2725 2233 2966 2304 Χριστοῦ
2995 2229 3289 2302 παρουσίαν
3341 2225 3434 2300 ἔτη
3469 2229 3768 2286 ὀκτακόσια

2116 2318 2245 2376 δέκα
2272 2316 2344 2394 ἓξ.
2407 2318 2509 2376 Καὶ
2564 2321 2671 2390 πῦρ
2731 2317 2781 2392 ἐξ
2841 2317 3073 2393 οὐρανοῦ
3128 2320 3479 2396 κατήνεγκεν,
3527 2319 3617 2373 καὶ
3667 2321 3764 2376 τὸν

2115 2409 2267 2465 ὑετὸν
2346 2406 2573 2484 ἐπέσχεν
2635 2406 2723 2463 ὲπῖ
2787 2400 2880 2478 ἔτη
2938 2407 3063 2483 τρία
3117 2407 3204 2463 καὶ
3298 2413 3475 2481 μῆνας
3533 2403 3608 2478 ἓξ·
3668 2409 3762 2463 καὶ

2111 2499 2449 2570 πεντήκοντα
2507 2495 2735 2559 δυσσοὺς
2789 2497 3100 2552 κατέκαυσε·
3159 2495 3250 2552 καὶ
3323 2496 3375 2552 ἐν
3425 2500 3507 2569 τῷ
3550 2492 3762 2572 Χωρὴϐ

2113 2585 2226 2662 ὄρει
2263 2588 2359 2644 τὸν
2412 2587 2542 2643 Θεὸν
2602 2584 2729 2642 εἶδε·
2789 2585 2878 2641 καὶ
2933 2585 3026 2641 τὸν
3084 2583 3366 2662 Ἰορδάνην
3421 2580 3606 2661 ἔσχισε
3689 2589 3760 2661 τῇ

2115 2676 2487 2752 μηλωτῇ·καὶ
2521 2677 2598 2739 εἱς
2646 2674 2910 2752 οὐρανοὺς
2967 2674 3020 2731 ἐν
3075 2674 3274 2752 ἅρματι
3326 2674 3498 2752 πυρὸς
3548 2672 3759 2746 ἀναλη-

2111 2766 2285 2846 φθεῖςν
2317 2769 2382 2840 ζῇ
2419 2763 2586 2840 μέχρι
2605 2771 2707 2836 τῆς
2732 2766 2999 2840 σήμερονο

2650 2891 2834 2948 MUNI
2873 2893 2962 2948 ΤΩ
3000 2892 3203 2948 ΑΥΤΩ.

2891 2980 3002 3037 KA'

2108 3070 2314 3143 Μνήμη
2370 3073 2478 3123 τῶν
2505 3067 2702 3143 γὰγίων
2763 3067 3012 3143 ΙΙατὲρων
3057 3069 3232 3143 ,ἡμῶν
3283 3068 3511 3140 Συμεὼν
3537 3072 3634 3123 τοῦ
3667 3064 3759 3122 διὰ

2473 3139 2708 3216 Χριστὸν
2747 3139 2952 3208 Σαλοῧ,
2983 3139 3074 3195 καὶ
3105 3139 3371 3196 Ἰωάννου.

428 3251 496 3305 Hi
526 3252 770 3306 Emessa
801 3251 943 3308 urbe
971 3251 1461 3317 oriundi,Justino
1493 3251 1845 3323 imperante.
1879 3248 1998 3303 cla-

2189 3248 2354 3305 Οὗτοι
2386 3246 2444 3302 ἐκ
2472 3246 2690 3310 πόλεως
2724 3248 2961 3320 Ἐμέσης
3002 3247 3318 3323 ὁρμώμενοι
3351 3245 3436 3302 ἐπὶ
3494 3253 3594 3316 τῆς
3655 3248 3758 3323 βαι

355 3346 625 3397 ruerunt.
658 3342 802 3396 Cum
833 3347 1032 3398 autem
1063 3341 1136 3398 ad
1194 3347 1461 3397 sanctam
1493 3340 1789 3396 civitatem
1819 3339 2003 3394 abiis-

355 3435 512 3496 sent,
535 3435 593 3484 et
619 3430 916 3486 viviﬂcum
949 3430 1178 3504 lignum
1208 3430 1579 3495 adorassent,
1603 3445 1723 3484 non
1746 3427 2004 3498 amplius

357 3517 431 3573 ad
464 3519 704 3590 propria
755 3519 973 3574 reversi
1028 3525 1168 3574 sunt
1210 3538 1225 3586 ;
1288 3519 1392 3574 sed
1441 3518 1515 3573 ad
1571 3517 2004 3573 monasterium

354 3608 543 3662 sancti
577 3609 861 3663 Gerasimi
893 3608 1165 3680 digressi,
1196 3608 1475 3664 monachi
1525 3607 1663 3663 l‘acti
1720 3612 1861 3663 sunt
1896 3623 1908 3660 :
1945 3611 2004 3660 et

354 3697 717 3751 monasterio
770 3698 1011 3769 egressi,
1069 3713 1334 3752 eremum
1392 3697 1709 3768 petierunt,
1765 3712 2004 3752 omnem

355 3783 841 3841 exercitationem
865 3785 1393 3855 austeritatemque
1419 3801 1727 3855 perannos
1749 3783 2002 3856 quadra-

353 3871 517 3943 ginta
541 3872 1190 3943 excogitantes.Postea
1221 3874 1480 3928 Joannes
1512 3872 1754 3943 quidem
1787 3873 1848 3927 in
1875 3889 2005 3928 ere-

357 3975 453 4014 mo
480 3959 788 4028 remansit,
822 3959 1060 4016 Simeon
1092 3979 1226 4016 vero
1273 3962 1335 4016 in
1388 3966 1656 4016 sanctam
1706 3961 2003 4017 civitatem

355 4065 682 4122 regressus.
744 4049 1175 4122 stultitiamque
1209 4050 1520 4114 simulans,
1554 4050 1742 4105 multa
1797 4051 1858 4104 in
1896 4050 2003 4105 hac

356 4138 738 4195 simulatione
771 4139 1062 4195 miracula
1092 4141 1358 4212 patravit.
1397 4140 1542 4194 Cum
1573 4146 1772 4196 autem
1810 4145 2004 4196 extre-

353 4245 519 4284 mum
541 4229 698 4284 diem
731 4229 1065 4300 obiisset,et
1085 4246 1119 4286 a
1148 4229 1378 4286 duobus
1409 4229 1768 4303 pauperibus
1799 4230 2000 4286 homi-

353 4318 531 4374 nibus
561 4318 634 4374 ad
663 4319 1003 4392 sepulcrum
1030 4320 1361 4388 etTerretur,
1389 4321 1540 4376 I70
1572 4319 1852 4376 Hebraaus
1871 4319 2001 4391 qui-

356 4409 492 4464 dam
523 4409 745 4466 audivit
775 4409 1096 4483 plurimam
1127 4410 1521 4483 psalmodiam
1561 4411 1912 4484 angelicam,
1944 4414 2003 4465 et

356 4516 427 4555 ex
456 4499 681 4554 aedibus
714 4499 836 4554 suis
879 4499 1272 4571 prospiciens,
1305 4499 1450 4555 vidit
1505 4500 1653 4556 duos
1687 4500 1864 4566 solos,
1900 4499 2000 4571 qui

353 4588 640 4658 reliquias
659 4588 788 4659 ejus
819 4588 1172 4659 portabant:
1207 4593 1266 4644 et
1287 4589 1777 4661 intellexit,quod
1807 4589 1998 4662 angeli

2113 4608 2197 4642 νον
2257 4585 2424 4641 αὐτοῦ
2506 4585 2890 4661 βαστάζοντας·
2951 4586 3040 4642 καὶ
3101 4586 3297 4660 συνεὶς,

356 4675 702 4747 psallerent,
759 4681 935 4746 atque
967 4677 1051 4732 ait
1092 4694 1105 4732 :
1156 4679 1368 4733 Beatus
1417 4695 1502 4749 es,
1547 4679 1785 4733 Simeon
1821 4696 1833 4733 :
1863 4679 2002 4749 quia

356 4778 491 4816 cum
523 4777 643 4816 non
675 4761 893 4817 habeas
922 4769 1230 4820 cantantes
1261 4765 1744 4834 homines,habes
1760 4765 2002 4839 angelos

355 4849 608 4920 hymnos
639 4856 942 4909 canentes.
976 4853 1224 4910 Sanctus
1283 4860 1481 4912 autem
1534 4856 1790 4912 Joannes
1821 4855 2002 4912 finem

357 4955 593 5011 quoque
622 4940 851 4996 vivendi
875 4941 935 4996 in
962 4959 1106 5014 pace
1141 4944 1298 5000 fecit.

575 5057 646 5110 Et
679 5061 1122 5115 commemoratio
1154 5061 1455 5117 Ezechielis
1477 5062 1787 5133 prophetae.

429 5161 692 5219 Ezechiel
705 5162 996 5236 gloriosus
1011 5172 1069 5222 et
1082 5183 1325 5240 magnus
1341 5169 1767 5241 propheta,fuit
1783 5170 2009 5240 quidem

362 5250 523 5306 illius
535 5251 846 5324 cujusdam
868 5253 1194 5312 sacerdotis
1213 5273 1283 5312 ex
1302 5257 1458 5312 tribu
1476 5257 2010 5328 Levi;prophetavit

359 5345 556 5397 autem
575 5357 764 5398 annos
795 5342 1037 5416 viginti;
1089 5345 1411 5400 antecessit
1452 5361 1587 5400 vero
1637 5345 2004 5400 incarnatio-

357 5443 497 5485 nem
523 5431 756 5487 Domini
777 5432 1005 5488 nostriJ
1012 5448 1117 5488 esu
1139 5433 1354 5488 Christi
1367 5433 1540 5488 annis
1558 5432 2008 5505 quadringentis

359 5520 737 5593 septuaginta
769 5525 1016 5592 septem.
1051 5522 1316 5592 Cumque
1344 5521 1700 5592 captivitatis
1723 5523 2005 5594 tempori-

360 5607 472 5664 bus
503 5609 564 5665 in
597 5616 816 5666 terram
865 5609 1276 5665 Chaldaeorum
1338 5611 1672 5684 migrasset,
1729 5628 2008 5684 magnum

360 5702 706 5770 portentum
763 5699 944 5767 dedit,
1006 5715 1142 5756 cum
1189 5706 1495 5774 serpentes
1553 5719 1772 5774 pueros
1803 5721 2009 5762 eorum

2108 3336 2318 3399 σιλείας
2376 3337 2674 3393 Ὶουστίνου
2734 3335 3114 3413 ἐγνωρίζοντο.
3175 3335 3533 3400 Ἀπελθόντες
3567 3333 3624 3390 δὶ
3682 3335 3764 3396 είς

2106 3427 2205 3494 τὴν
2234 3425 2382 3502 ἁγίαν
2411 3426 2600 3497 πόλιν,
2631 3426 2721 3480 καὶ
2779 3427 2842 3481 τὸ
2915 3425 3188 3495 ζωοποιὸν
3235 3422 3394 3494 ξύλον
3447 3426 3763 3498 προσκυνή-

2109 3537 2317 3586 σαντες,
2375 3513 2556 3572 οὖκέτι
2614 3517 2753 3588 πρὸς
2821 3517 2890 3572 τὰ
2945 3515 3119 3570 οίκεῖα
3199 3515 3554 3588 ὑπέστρεψαν·
3615 3514 3765 3570 ἀλλὰ

2105 3606 2204 3673 τήν
2239 3606 2408 3678 μονὴν
2440 3608 2536 3660 τοῦ
2567 3604 2727 3680 ἁγίου
2788 3604 3096 3678 Γερασίμου
3143 3598 3567 3674 καταλαϐόντες,
3599 3603 3762 3680 γεγό-

2105 3715 2224 3749 νασι
2260 3693 2518 3770 μοναχοί.
2554 3695 2652 3751 Καὶ
2685 3697 2784 3750 τοῦ
2841 3693 3212 3768 μοναστηρίου
3272 3691 3595 3766 ἐξελθόντες,
3651 3693 3755 3760 τήν

2106 3783 2312 3859 ἔρημον
2372 3779 2694 3853 κατέλαϐον,
2753 3790 2925 3839 πᾶσαν
2987 3782 3212 3856 ἄσκησιν
3261 3785 3350 3840 καὶ
3424 3783 3759 3859 σκληραγω-

2106 3874 2226 3948 γίαν
2285 3872 2372 3928 ἐπὶ
2424 3874 2823 3950 τεσσαράκοντα
2906 3870 3044 3930 ἔτεσι
3105 3871 3465 3935 διανύσαντες.
3527 3875 3765 3930 Ἔπειτα

2107 3963 2135 4018 6
2171 3961 2264 4035 μὶν
2296 3961 2552 4033 Ἰωάννης
2583 3963 2634 4016 ἐι
2668 3965 2738 4037 τῇ
2773 3960 2972 4036 ἐρήμῳ
3028 3962 3379 4041 κατελείφθη·
3441 3964 3468 4018 6
3529 3959 3588 4017 δε
3654 3967 3763 4016 Συ-

2107 4052 2250 4124 μεὼν
2283 4051 2606 4127 ὑπίστρεψεν
2636 4051 2713 4114 είς
2756 4052 2855 4121 τήν
2921 4052 3080 4127 ἁγίαν
3139 4052 3320 4109 πόλιν·
3383 4052 3474 4108 καὶ
3534 4052 3766 4126 ὑποκρι-

2104 4141 2212 4202 θεῖς
2273 4143 2507 4214 μωρίαν,
2569 4140 2754 4196 πολλᾶ
2839 4140 3090 4216 θαύματα
3150 4139 3202 4196 ἐν
3264 4145 3333 4215 τῇ
3391 4143 3764 4217 προσποιήσει

2103 4229 2271 4304 ταύτῃ
2304 4230 2610 4306 εἷργάσατο.
2643 4231 2827 4287 Θανὼν
2863 4227 2920 4286 δὲ
2975 4230 3065 4286 καὶ
3125 4231 3426 4306 φερόμενος
3455 4232 3553 4284 τοῦ
3582 4231 3765 4306 ταφῆ-

2104 4341 2190 4375 ναι
2252 4320 2355 4375 ὑπὸ
2412 4316 2508 4374 δύο
2593 4323 2866 4394 πενικρῶν
2951 4319 3278 4396 ἀνθρώπων,
3363 4314 3620 4392 Ἐὖραῖός
3675 4339 3762 4380 τις

2103 4405 2302 4478 ἤκουσε
2331 4404 2664 4481 ψαλμῳδίας
2712 4405 2979 4479 πλείστης
3035 4407 3357 4484 ἆγγελικῆς.
3418 4408 3521 4466 Καὶ
3553 4406 3760 4482 προκύ-

2101 4501 2204 4572 ψας
2235 4500 2331 4552 τοῦ
2362 4495 2692 4570 οίιιήματος,
2727 4498 2827 4574 ὁρᾷ
2885 4495 2982 4552 δύο
3045 4496 3245 4572 μόνους
3309 4496 3440 4560 τοὺς
3467 4497 3532 4552 τὸ
3562 4493 3760 4570 λείψα-

3394 4585 3480 4642 ὅτι
3539 4584 3766 4662 ἄγγελοι

2110 4675 2437 4751 ψάλλουσιν,
2469 4672 2594 4752 ἔφη·
2629 4677 2912 4752 Μακάριος
2942 4679 3010 4748 εἴ,
3046 4676 3298 4750 Συμεὼν,
3326 4673 3433 4746 ὅτι,
3495 4676 3572 4749 μὴ
3606 4673 3754 4750 ἔχων

2113 4766 2431 4842 ἀνθρώπους
2486 4761 2814 4839 ψάλλοντας,
2866 4761 3027 4842 ἶσχες
3083 4764 3356 4842 ἀγγέλους
3431 4763 3752 4839 ὑμνοῦντας.

2119 4853 2435 4926 Ετελειώθη
2471 4850 2528 4909 δὲ
2556 4853 2646 4908 καὶ
2678 4854 2706 4908 6
2733 4855 2883 4917 ὅσιος
2915 4853 3199 4926 Ἰωάννης.

2366 5049 2468 5108 Καὶ
2531 5051 2725 5124 μνήμη
2784 5047 3050 5121 Ἰεζεκιήλ
3079 5054 3178 5107 τοῦ
3209 5052 3519 5129 προφήτου.

2183 5164 2451 5237 Ἰεζεκιὴλ
2483 5166 2511 5220 6
2571 5159 2789 5236 ἔνδοξος
2845 5166 2936 5221 καὶ
2997 5167 3167 5240 μέγας
3219 5168 3534 5244 προφήτης,
3565 5165 3634 5236 ἦν
3672 5167 3771 5240 μὶν

2111 5255 2229 5318 υίὸς
2291 5255 2407 5317 ἑνὸς
2463 5257 2572 5308 τῶν
2635 5254 2847 5329 ἱερέων,
2907 5254 2968 5310 ὲκ
3020 5260 3123 5324 τῆς
3178 5262 3358 5328 σειρᾶς
3431 5259 3528 5310 τοῦ
3615 5257 3771 5315 Λευῖ.

2110 5345 2489 5421 Προεφήτευσε
2521 5340 2580 5398 δὲ
2637 5337 2729 5409 ἔτη
2779 5342 2973 5416 εἴκοσι,
3031 5341 3331 5420 προλαϐὼν
3359 5346 3458 5413 τήν
3493 5346 3765 5421 σάρκωσιν

2112 5439 2209 5490 τοῦ
2239 5438 2447 5507 Κυρίου
2468 5437 2631 5506 ἡμῶν
2690 5436 2870 5506 Ἰησοῦ
2926 5438 3160 5512 Χριστοῦ
3221 5433 3318 5507 ἔτη
3373 5435 3770 5507 τεσσαρακόσια

2116 5518 2500 5596 ἑϐδομήκοντα
2557 5522 2712 5582 ἑπτά.
2753 5523 2857 5581 Καὶ
2906 5523 3000 5579 ἐπὶ
3059 5528 3170 5580 τῶν
3227 5532 3328 5596 τῆς
3385 5523 3779 5600 αἰχμαλωσίας

2115 5617 2343 5686 καιρῶν,
2402 5609 2653 5666 ἀπελθὼν
2713 5611 2763 5667 ἂν
2827 5617 2898 5688 γῇ
2957 5612 3276 5687 Χαλδαίων,
3359 5611 3530 5669 ἔδωκε
3613 5615 3774 5690 τέρας

2123 5702 2280 5778 μίγα,
2313 5699 2404 5756 ὅτε
2435 5700 2486 5755 οἱ
2518 5697 2668 5778 ὄφεις
2724 5701 2792 5756 τὰ
2846 5702 3019 5779 βρέφη
3081 5705 3262 5760 αὐτῶν
3321 5702 3411 5759 καὶ
3468 5703 3538 5758 τὰ
3595 5704 3766 5772 κτήνη
