4084 6202
272 414 273 417 η
291 349 410 411 853

1849 348 2153 409 JULIUS.

3584 358 3704 417 554

290 478 608 551 ἀνήλισκον.
641 481 736 536 Διό
764 480 854 535 καὶ
988 480 1162 538 αὐτῶν
1224 481 1459 557 ἀνῃρέθη
1494 479 1583 537 διὰ
1635 483 1733 550 τὴν
1758 478 1942 535 τοιαύ-

2061 483 2231 550 atque
2257 478 2533 549 jumenta
2570 485 3010 537 consumerent.
3044 483 3130 539 Ab
3161 485 3283 540 illis
3325 492 3523 543 autem
3555 489 3708 545 hanc

293 592 392 643 την
425 569 627 627 αἰτίαν.
658 572 995 629 Ἀντέκειντο
1063 573 1167 648 γὰρ
1228 571 1374 644 αὐτῷ
1428 574 1602 635 πάσας
1660 574 1755 633 τὰς
1809 568 1947 644 ἡμὲ-

299 680 415 736 ρας”
474 661 567 715 καὶ
625 659 932 715 ἀπέκτεινεν
991 659 1148 716 αὐτὸν
1202 663 1230 716 ὁ
1286 661 1598 737 ἡγούμενος
1646 665 1741 716 τοῦ
1790 658 1949 729 λαοῦ,

294 751 368 813 ὡς
400 748 776 826 ἱλεγχόμενος
807 751 894 806 ὑπ’
942 752 1127 810 αὐτοῦ.
1190 752 1291 810 Καὶ
1352 750 1521 829 ἐτάφη
1575 750 1626 805 ἐν
1685 749 1822 824 αὐτῇ
1880 752 1949 822 τῇ

299 839 461 915 χώρᾳ
493 841 599 895 ὑπὸ
639 844 749 895 τῶν
805 844 1070 917 συγγενῶν
1132 839 1391 913 ἐντίμως,
1442 837 1766 915 ἀναδραμὼν
1812 846 1950 913 πρὸς

296 932 448 995 Θεὸν,
479 928 549 985 δι’
605 931 666 985 ὅν
702 930 830 992 τοὺς
885 930 1132 993 πολλοὺς
1193 931 1393 1002 ὗπέστη
1448 929 1786 1007 πειρασμοῦς
1847 930 1951 985 ὑπὸ

293 1024 399 1073 τῶν
428 1019 794 1095 παρανόμων,
823 1019 913 1075 καὶ
948 1015 1246 1076 ἀπολαϐὼν
1304 1020 1368 1075 τά
1428 1020 1617 1097 ἀγαθὰ,
1652 1021 1685 1073 ἅ
1741 1017 1949 1097 ὀφθαλ-

300 1111 401 1183 μὸς
434 1111 539 1166 οὐκ
569 1108 699 1179 εἶδε,
730 1112 819 1166 καὶ
878 1112 971 1173 οῦς
1032 1111 1131 1167 οὐκ
1187 1108 1410 1180 ἤκουσε,
1469 1108 1557 1165 καί
1589 1109 1676 1164 ἐπὶ
1722 1105 1947 1183 καρδίαν

295 1202 590 1271 ἀνθρώπου
621 1202 720 1257 οὐκ
753 1198 933 1277 ἀνέϐη,
966 1202 998 1257 ἅ
1026 1200 1325 1275 ἡτοίμασεν
1385 1202 1413 1256 ὁ
1473 1201 1603 1263 Θεὸς
1653 1205 1773 1262 τοῖς
1823 1200 1951 1274 ἀγα·

296 1296 473 1345 πῶσιν
506 1290 664 1347 αὐτὸν
688 1292 884 1369 ἁγίοις.

848 1412 1025 1468 ΜΗΝΙ
1064 1413 1150 1468 ’ῙὩ
1194 1412 1397 1468 ΑΥΤΩ.

437 1590 649 1662 Μνήμη
682 1594 782 1659 τῆς
816 1589 968 1667 ἁγίας
1000 1501 1216 1665 MaIthac
1257 1594 1360 1659 τῆς
1408 1586 1804 1661 Μαγδαληνῆς.

369 1724 623 1799 Μαρίαὴ
674 1723 1019 1800 Μαγδαληνὴ
1075 1725 1135 1781 ἑκ
1190 1728 1298 1780 τῶν
1360 1722 1666 1801 Μαγδάλων
1722 1725 1789 1794 ἦν
1842 1728 1950 1779 τῶν

293 1810 465 1887 ὁρίων
503 1815 610 1867 τῶν
638 1811 857 1887 Συρίας.
897 1811 1245 1887 ὈχΑουμδνη
1280 1810 1337 1867 δὲ
1367 1812 1469 1868 ὑπὸ
1502 1810 1772 1884 δαιμόνων
1793 1810 1947 1882 ἔπτὰ,

292 1901 629 1974 ἐθεραπεῦθη
711 1902 814 1958 ὑπὸ
874 1907 1134 1977 Χρι.στοῦ’
1190 1904 1277 1958 καὶ
1360 1900 1449 1957 διὰ
1503 1903 1606 1972 τὴν
1689 1900 1948 1972 τοιαύτην

293 1989 606 2063 εὐεργεσίαν
686 1989 1103 2061 ἀκολουθήσασα
1168 1992 1335 2065 αὐτῷ,
1395 1991 1583 2067 γέγονε
1670 1993 1947 2066 μαθήτρια

286 2082 476 2138 αὐτοῦ.
512 2082 616 2142 Καὶ
658 2087 726 2152 ἤν
788 2082 1112 2167 διακονοῦσα
1169 2084 1317 2157 αότῷ
1377 2081 1543 2161 μέχρι
1582 2088 1683 2140 τοῦ
1740 2084 1946 2148 πάθους

288 2171 478 2228 αὐτοῦ.
516 2173 621 2230 Καὶ
655 2174 847 2249 πρώτη
898 2175 997 2242 τὴν
1031 2174 1312 2229 ἀνάστασιν
1342 2175 1455 2247 ἅμα
1499 2177 1568 2248 τῇ
1628 2172 1772 2246 ἄλλῃ
1826 2174 1942 2228 Μα-

290 2263 407 2336 ρίᾳ,
457 2263 603 2335 μύρα
661 2263 981 2336 κομίζουσα,
1041 2262 1302 2334 κατεῖδεν,
1355 2261 1517 2333 ἡνίκα
1573 2262 1672 2337 όψὶ
1728 2256 1946 2317 Σαϐϐά-

285 2373 396 2407 των
422 2349 566 2407 εἶδον
599 2353 690 2408 τὸν
734 2352 985 2429 ἅγγελονο
1046 2352 1259 2424 πρωίας
1316 2350 1375 2408 δε
1433 2350 1528 2408 δύο
1582 2351 1842 2429 ἀγγέλους
1894 2352 1946 2407 ἐν

291 2440 513 2504 λευκοῖς
543 2444 955 2514 καθεζομένους·
1000 2443 1088 2497 καὶ
1142 2442 1306 2497 πάλιν
1357 2441 1514 2497 αὐτὸν
1573 2442 1663 2497 τὸν
1726 2440 1943 2516 Κύριον,

293 2531 353 2587 δν
387 2533 478 2587 καί
509 2534 788 2607 κηπουρὸν
824 2532 1152 2607 λογιζομὲνη
1215 2530 1417 2602 ἤκουσε
1473 2534 1599 2607 παρ’
1636 2532 1821 2604 αὐτοῦ,
1854 2536 1940 2602 Μή

293 2643 404 2694 μου
434 2624 628 2681 ἅπτου.
662 2622 812 2680 Μετᾶ
851 2621 947 2678 οῦν
976 2625 1076 2693 τήν
1108 2621 1247 2687 θείαν
1300 2626 1398 2677 τοῦ
1456 2623 1687 2697 Χριστοῦ
1736 2621 1945 2691 ἀνάλη-

291 2714 411 2785 ψιν,
443 2708 756 2767 ἀπελθοῦσα
787 2712 864 2775 εἲς
897 2713 1126 2789 Ἔφεσον
1160 2712 1298 2787 πρὸς
1346 2712 1438 2766 τὸν
1489 2715 1631 2775 θεῖον
1684 2711 1942 2781 Ἰωάννην

289 2801 388 2856 τὸν
424 2799 731 2857 ἀπόστολον
788 2802 877 2857 καὶ
934 2801 1339 2878 εὖαγγελιστήν,
1382 2800 1493 2857 ἐκεῖ
1543 2799 1706 2863 ὁσίως
1763 2802 1947 2856 κεκοί-

298 2911 494 2965 μηται.
528 2892 629 2948 Καὶ
681 2891 834 2963 ἐτίθη
883 2894 1021 2969 πρὸς
1079 2894 1177 2962 τήν
1229 2889 1436 2948 εἴσοδον
1489 2896 1586 2948 τοῦ
1645 2892 1944 2962 σπηλαίου,

292 2980 347 3037 ἐν
382 2980 429 3055 ᾧ
458 2982 511 3035 οἱ
543 2982 686 3055 ἅγιοι
719 2982 809 3036 καὶ
844 2984 1102 3056 μακάριοι
1136 2980 1273 3038 ἑπτὰ
1326 2983 1685 3055 κεκοίμηνται
1733 2980 1942 3045 παῖδες.

292 3077 550 3147 Ὕστερον
584 3069 640 3127 δὲ
681 3070 769 3127 ἐπὶ
824 3073 1052 3135 Λέοντος
1106 3077 1203 3128 τοῦ
1271 3073 1590 3148 σοφωτάτου
1651 3069 1942 3147 βασιλέως,

294 3163 362 3218 τὸ
442 3162 645 3233 ταύτης
694 3161 845 3237 ἅγιον
928 3163 1185 3236 κομισθὲν
1266 3159 1546 3237 λείψανον,
1608 3161 1661 3217 ἰν
1717 3166 1786 3236 τῇ
1858 3163 1946 3217 ὑπ’

2059 568 2133 623 ob
2168 585 2410 623 causam
2442 568 2833 641 interemptus
2864 571 2995 626 fuit.
3029 573 3707 634 Contradicebantenim

2059 661 2110 716 ei
2148 661 2380 716 cunctis
2412 660 2659 717 diebus:
2694 662 3030 736 occiditque
3062 682 3198 721 eum
3241 667 3557 738 praefectus
3610 687 3711 742 po-

2060 747 2374 819 puli.quod
2408 748 2478 803 ab
2512 766 2579 803 eo
2613 749 3045 823 objurgaretur.
3082 752 3358 824 Sepultus
3381 761 3579 811 autem
3598 757 3709 812 fuit

2060 837 2389 891 honoriﬁce
2422 854 2455 892 a
2486 838 2836 910 propinquis
2870 840 2929 893 in
2963 840 3066 895 illa
3096 842 3359 914 regione,
3393 860 3526 898 cum
3551 846 3600 900 is
3632 847 3705 901 ad

2060 928 2243 982 Deum
2295 928 2602 988 avolasset,
2665 946 2770 999 pro
2827 946 2942 1001 quo
3020 931 3237 987 multas
3294 934 3707 991 tribulationes

2059 1018 2130 1073 ab
2155 1018 2355 1089 impiis
2404 1018 2788 1077 sustinuerat.
2824 1020 2981 1076 bona
3002 1029 3368 1093 recepturus,
3405 1043 3534 1096 quae
3567 1043 3705 1082 ocu-

2058 1107 2153 1161 lus
2185 1124 2305 1161 non
2336 1107 2502 1172 vidit,
2536 1124 2645 1163 nec
2679 1109 2838 1163 auris
2869 1109 3112 1177 audivit,
3145 1129 3256 1167 nec
3290 1114 3350 1167 in
3381 1131 3483 1169 cor
3513 1116 3703 1171 homi-

2059 1195 2151 1250 nis
2182 1197 2612 1269 ascendit,quaa
2637 1199 2858 1252 sanctis
2889 1216 2951 1253 se
2984 1198 3370 1272 diligentibus
3391 1204 3703 1277 Deuspraa-

2057 1286 2304 1356 paravit.

2617 1394 2858 1450 EODEM
2890 1397 3145 1453 MENSE.

2556 1484 2659 1540 Die
2681 1484 2961 1541 vicesima
2983 1487 3245 1543 secunda

2229 1573 2679 1629 Commemoratio
2708 1581 2909 1630 sanctas
2941 1579 3132 1631 Mariae
3161 1577 3524 1647 Magdalenae.

2131 1716 2312 1771 Maria
2372 1717 2715 1787 Magdalena
2770 1718 2881 1772 fuit
2943 1735 3012 1774 ex
3070 1721 3351 1793 Magdalis
3411 1723 3473 1778 in
3525 1724 3707 1796 Syrias

2060 1805 2381 1860 montibus.
2416 1805 2560 1861 Cum
2589 1812 2786 1862 autem
2818 1824 2851 1862 a
2881 1814 3106 1879 septem
3128 1808 3439 1866 dmmoniis
3460 1829 3707 1867 vexare-

1980 1887 2027 1954 B
2062 1900 2174 1961 tur,
2202 1910 2237 1949 a
2262 1895 2495 1950 Christo
2527 1902 2731 1951 curata
2763 1897 2971 1952 est.0b
3006 1898 3117 1953 hoc
3149 1898 3505 1956 beneﬁcium
3532 1902 3701 1958 illum

2053 1989 2342 2048 secuta,et
2372 1984 2663 2057 discipula
2686 1986 2875 2056 ipsius
2906 1986 3079 2051 facta,
3101 1986 3295 2043 eidem
3328 1990 3707 2046 ministrabat

2052 2088 2241 2142 usque
2267 2071 2340 2127 ad
2372 2073 2503 2143 ejus
2536 2074 3167 2145 passionem.Cumque
3198 2082 3567 2147 unguentum
3582 2094 3701 2133 una

2052 2177 2187 2216 cum
2212 2162 2397 2216 altera
2434 2162 2612 2217 Maria
2643 2162 2923 2224 deferret.
2957 2164 3150 2235 prima
3200 2166 3697 2222 resurrectionem

2051 2250 2214 2316 vidit,
2272 2268 2405 2307 cum
2455 2268 2699 2323 vespere
2760 2253 3147 2309 Sabbatorum
3206 2255 3349 2309 vidit
3399 2256 3697 2328 angelum,

2052 2358 2225 2396 mane
2250 2346 2446 2397 autem
2477 2342 2624 2397 duos
2684 2343 2927 2415 angelos
2975 2344 3034 2397 in
3068 2344 3221 2400 albis
3274 2347 3589 2402 set‘cntes:
3641 2352 3698 2402 et

2052 2447 2286 2486 rursum
2320 2431 2514 2502 ipsum
2548 2433 3072 2503 Dominum,quem
3098 2435 3481 2490 hortulanum
3502 2436 3699 2491 existi-

2051 2519 2273 2583 mabat,
2308 2519 2530 2575 audivit
2580 2521 2689 2576 sibi
2752 2520 3088 2577 dicentem:
3125 2523 3252 2577 Noli
3284 2541 3377 2579 mo
3438 2530 3700 2598 tangere.

2051 2611 2191 2663 Post
2221 2609 2477 2664 divinam
2511 2610 2691 2682 igitur
2714 2612 2861 2665 I77
2916 2611 3129 2666 Christi
3160 2615 3599 2679 ascensionem.
3632 2615 3706 2670 ad

2054 2699 2317 2754 divinum
2375 2701 2702 2767 Joannem,
2754 2701 3090 2772 apostolum
3169 2707 3227 2755 et
3280 2704 3703 2775 evangelistam

2056 2789 2352 2861 Ephesum
2384 2788 2759 2860 profecta,ibi
2790 2797 2990 2846 sancte
3009 2790 3389 2859 obdormivit,
3425 2798 3481 2847 et
3511 2793 3703 2865 depo-

2053 2880 2167 2933 sita
2188 2878 2301 2933 fuit
2331 2879 2405 2935 ad
2437 2879 2772 2952 ingressum
2798 2881 3121 2952 spelunca),
3158 2882 3217 2936 in
3267 2899 3385 2954 qua
3416 2884 3607 2939 sancti
3640 2901 3708 2939 ac

2054 2968 2208 3024 bcati
2232 2974 2458 3040 septem
2491 2970 2658 3041 pueri
2690 2970 3161 3027 obdormierunt.
3187 2973 3492 3027 Postremo
3506 2979 3705 3029 autem

2054 3058 2162 3114 sub
2196 3060 2385 3114 Leone
2420 3058 2696 3130 Sapiente
2728 3060 3087 3131 imperatore
3121 3062 3541 3132 sanctaeipsius
3564 3062 3703 3117 reli-

2055 3148 2208 3220 quiaa
2239 3148 2539 3215 delataa,in
2573 3150 2936 3205 monasterio
2961 3150 3157 3205 Sancti
3180 3150 3397 3217 Lazari,
3420 3151 3578 3222 quod
3600 3152 3700 3207 ille

290 3251 463 3310 αὐτοῦ
513 3251 830 3327 συσταθείσῃ
891 3256 1033 3326 μονῇ
1088 3256 1189 3307 τοῦ
1247 3251 1407 3327 ἁγίου
1476 3253 1728 3327 Λαζάρου
1787 3272 1942 3308 κατε-

2061 3244 2447 3310 exstruxerat,
2478 3239 2763 3310 deposita
2793 3239 3054 3295 fuerunt.

290 3342 453 3414 τίθη.

835 3451 1013 3508 ΜΠΝΙ
1048 3452 1140 3509 ΤΩ
1165 3452 1375 3508 ΑΥΤΩ.

1061 3539 1166 3598 Kl“

500 3628 768 3699 ’Λθλησις
794 3633 896 3685 τοῦ
926 3627 1082 3706 ἁγίου
1112 3630 1508 3706 ἱερομάρτυρος
1540 3635 1730 3687 Φωκᾶ.

375 3768 572 3826 Φωκᾶς
600 3765 628 3819 ὁ
654 3765 984 3840 ἱερομάρτυρ
1014 3763 1083 3833 ἦν
1141 3762 1229 3819 ἰπὶ
1282 3770 1383 3834 τῆς
1436 3762 1725 3840 βασιλείας
1755 3770 1946 3841 Τραϊα-

294 3858 421 3924 νοῦ,
481 3851 532 3909 ἐν
587 3852 860 3928 ἆμὲμπτῳ
912 3851 1186 3927 πολιτείᾳ,
1246 3854 1336 3909 καὶ
1397 3854 1681 3916 παντοίαις
1736 3855 1948 3931 ἀρεταῖς

294 3942 657 4016 διαλάμπων.
718 3943 1025 4017 Κρατηθεὶς
1072 3945 1187 4011 οὖν,
1245 3939 1601 4019 προηνέχθη
1639 3945 1948 4020 ’Λφρικανῷ

292 4039 383 4107 τῷ
438 4032 686 4108 ἐπάρχῳ.
744 4032 840 4087 Καὶ
900 4031 1217 4108 ἐρωτηθεὶς,
1276 4031 1615 4108 ὡμολόγησε
1669 4034 1760 4088 τὸν
1820 4038 1949 4109 Χρι·

298 4124 450 4179 στόν.
505 4122 786 4186 Ἀντιστᾶς
844 4119 901 4176 δὶ
957 4120 1104 4194 αὐτῷ
1138 4122 1225 4177 καὶ
1258 4122 1285 4176 ὁ
1344 4115 1587 4197 ἔπαρχος
1618 4122 1669 4177 ἐν
1730 4120 1946 4198 λόγοις,

298 4214 395 4269 καὶ
451 4212 760 4286 πειρασθείς
819 4212 1215 4291 βλασφημῆσαι
1276 4213 1371 4286 μὲν
1430 4214 1522 4269 τὸν
1564 4214 1944 4288 Χριστὸν,αὐ-

296 4305 395 4359 τὸν
448 4300 507 4358 δὶ
555 4304 992 4376 τιμωρήσασθαι,
1054 4306 1278 4374 σεισμοῦ
1326 4302 1647 4377 γενομένου,
1698 4301 1946 4379 ἂξαίφνης

298 4394 482 4447 πεσὼν
542 4392 677 4465 μετᾶ
722 4395 828 4445 τῶν
890 4391 980 4445 ὑπ’
1066 4391 1215 4463 αὐτῷ
1297 4395 1665 4465 στρατιωτῶν,
1750 4392 1949 4453 ἄπνους

294 4481 495 4539 ἔκειτο.
559 4477 737 4537 ’Δλλᾶ
782 4479 1214 4555 προσευξάμενος
1293 4479 1320 4533 ὁ
1380 4480 1558 4556 ἅγιος,
1614 4477 1801 4558 ἤγειρε
1856 4482 1944 4537 καὶ

294 4572 460 4628 αὐτὸν
492 4570 582 4627 καὶ
642 4570 769 4632 τοὺς
832 4571 1189 4646 στρατιώτας.
1250 4570 1352 4629 Καὶ
1421 4570 1588 4627 πάλιν
1633 4570 1945 4647 κρατηθεὶς,

296 4660 579 4731 ἀπεστάλη
614 4656 834 4732 δέσμιος
887 4660 1024 4734 πρὸς
1083 4660 1371 4727 Τραϊανόν.
1432 4662 1536 4717 Καῖ
1590 4658 1820 4717 ὶνώπιον
1850 4660 1945 4716 αὖ·

295 4753 398 4805 τοῦ
427 4750 664 4823 κηρύξας
691 4750 781 4805 τὸν
841 4748 1094 4823 Χριστὸν,
1139 4747 1230 4804 καὶ
1285 4749 1384 4817 τήν
1417 4748 1546 4825 περὶ
1602 4749 1766 4806 αὐτοῦ
1798 4750 1945 4807 οἷκο-

296 4839 496 4913 νομοῖαν
551 4845 722 4894 πᾶσαν
784 4836 1096 4911 διεξελθὼν,
1151 4839 1496 4914 κρεμασθεὶς,
1579 4837 1787 4911 ἐξὲσθη.
1849 4841 1946 4896 Καὶ

295 4931 390 4987 ἐπὶ
421 4929 590 4986 πλέον
631 4928 882 5002 ἐμμὲνων
945 4932 1013 5003 τῇ
1072 4927 1148 4991 είς
1205 4928 1437 5002 Χριστὸν
1496 4927 1795 5005 ὁμολογίᾳ,
1875 4932 1948 4994 εἷς

296 5015 562 5076 ἄσϐεστον
628 5012 922 5088 ἐνεϐλήθη⁸
976 5018 1068 5073 καὶ
1125 5016 1177 5088 ἐξ
1232 5016 1400 5087 αὐτῆς
1460 5017 1618 5094 ὑγιής
1698 5019 1946 5091 ἐξελθὼν,

297 5108 379 5174 εἰς
407 5107 646 5183 λουτρὸν
702 5105 954 5186 σφοδρῶς
1006 5106 1334 5183 ἐκπυρωθὶν,
1393 5106 1484 5163 καὶ
1544 5108 1804 5184 ὑπερκαὶν
1839 5109 1947 5165 εἶσ-

295 5200 482 5273 ήχθη,
512 5199 601 5257 Ἐν
630 5198 677 5271 ᾧ
705 5197 797 5253 τὸν
830 5198 960 5253 Θεὸν
994 5194 1322 5273 δοξολογῶν,
1356 5195 1596 5271 καθάπερ
1628 5198 1679 5254 ἐν
1726 5204 1794 5274 τῇ
1822 5197 1948 5276 δρο-

298 5283 528 5360 σοϐόλῳ
546 5286 763 5360 καμίνῳ
796 5286 849 5342 οἱ
879 5287 1026 5365 ἅγιοι
1078 5291 1226 5362 τρεῖς
1282 5283 1494 5358 παῖδες,
1550 5285 1833 5363 παρέδωκε
1887 5293 1950 5346 τό

295 5398 533 5451 πνεῦμα.

294 5503 404 5563 Καὶ
437 5500 673 5574 ἄθλησις
701 5507 797 5559 τοῦ
859 5500 1347 5637 ἁγῗνιέδμιςέρέἕρὲὒς
1401 5502 1682 5584 Τροφίμου
1743 5506 1831 5561 καὶ
1858 5515 1956 5578 τῆς

374 5692 677 5773 τρρφιμος,
708 5692 797 5747 καὶ
829 5689 1095 5770 Θεόφιλος
1143 5692 1195 5746 οἱ
1251 5695 1347 5747 τοῦ
1403 5694 1637 5770 Χριστοῦ
1694 5695 1959 5777 μάρτυρες

624 5816 887 5879 P152202.
938 5816 1049 5877 Gn.
1097 5817 1334 5879 CXVII.

2611 3438 2852 3496 EODEM
2887 3439 3139 3495 MENSE.

2570 3528 2672 3585 Die
2701 3528 2983 3585 vicesima
3012 3527 3189 3585 tertia

2276 3618 2561 3675 Certamen
2588 3621 2927 3675 sacrosancti
2981 3618 3243 3689 martyris
3273 3616 3487 3673 Phocea.

2128 3745 2356 3801 Phocas
2382 3749 2799 3815 sacromartyr,
2833 3743 3163 3816 imperante
3204 3742 3478 3815 Trajano,
3512 3740 3703 3799 incul-

2057 3835 2212 3908 patis
2250 3832 2518 3889 moribus
2579 3838 2637 3889 et
2694 3833 3029 3908 omnigenis
3084 3832 3402 3888 virtutibus
3460 3832 3705 3890 effulsit.

2056 3924 2535 3997 Comprehensus
2566 3928 2764 3979 autem
2792 3929 2851 3979 et
2880 3922 2952 3979 ad
2986 3922 3333 3978 Africanum
3356 3920 3703 3994 praefectum

2057 4015 2370 4079 adductus,
2392 4013 2464 4068 ab
2490 4030 2679 4086 eoque
2703 4014 3120 4087 interrogatus,
3150 4014 3449 4068 Christum
3472 4013 3706 4068 confes-

2058 4122 2157 4159 sus
2188 4103 2407 4161 est.Cui
2436 4120 2572 4158 cum
2589 4103 2902 4175 praefectus
2928 4104 3120 4159 verbis
3144 4103 3578 4169 contradicens,
3606 4120 3705 4157 co-

2057 4198 2299 4249 naretur
2312 4193 2609 4249 Christum
2624 4192 3379 4265 blasphemare,ipsumque
3394 4192 3707 4246 tormentis

2059 4282 2555 4354 subjicere,terraa
2577 4286 2741 4335 motu
2764 4282 3188 4353 facto,repente
3207 4279 3425 4336 cadens
3438 4296 3555 4334 una
3570 4295 3704 4335 cum

2060 4370 2348 4444 subjectis
2401 4369 2513 4425 sibi
2564 4369 2878 4439 militibus,
2940 4370 3312 4425 exanimatus
3354 4368 3565 4439 jacuit.
3593 4367 3705 4421 Sed

2058 4465 2334 4535 precatus
2366 4463 2629 4527 sanctus,
2662 4459 2836 4515 illum
2870 4460 3117 4532 ejusque
3150 4457 3374 4513 milites
3423 4456 3496 4512 ad
3527 4457 3707 4513 vitam

2057 4549 2369 4607 revocavit.
2428 4551 2653 4606 Rursus
2703 4555 2902 4605 autem
2950 4548 3445 4620 comprehensus,
3474 4547 3706 4602 vinctus

2058 4641 2132 4698 ad
2154 4640 2475 4712 Trajanum
2510 4639 2732 4695 missus
2764 4643 2889 4694 est:
2915 4654 3031 4710 quo
3053 4643 3351 4710 praesente
3376 4652 3509 4691 cum
3542 4635 3710 4691 Chri-

2059 4736 2215 4786 stum
2244 4727 2649 4801 prsedicasset,
2685 4728 2876 4800 deque
2931 4728 3209 4783 universa
3232 4727 3363 4799 ejus
3398 4725 3709 4797 dispensa-

2058 4820 2217 4874 tione
2258 4817 2661 4885 disseruisset,
2712 4833 3037 4890 suspensus
3082 4816 3494 4888 despexusque
3549 4814 3707 4869 fuit:

2058 4924 2315 4979 cumque
2347 4907 2535 4980 magis
2568 4907 2628 4962 in
2662 4906 2879 4962 Christi
2909 4906 3289 4962 confessione
3310 4908 3707 4978 permaneret,

2060 4999 2121 5053 in
2154 4996 2463 5053 ardentem
2495 4996 2800 5052 fornacem
2832 4996 3108 5068 injectus,
3135 5012 3204 5051 ex
3250 5011 3436 5066 eaque
3480 4993 3708 5050 incolu-

2060 5087 2174 5143 mis
2206 5084 2549 5153 evadens,in
2576 5085 2857 5142 balneum
2880 5084 3045 5141 valde
3076 5085 3512 5141 inflammatum
3532 5088 3593 5139 et
3613 5100 3708 5138 su-

2060 5191 2171 5250 pra
2200 5176 2442 5232 modum
2470 5193 2790 5233 accensum
2850 5176 3179 5243 immissus,
3242 5176 3323 5231 ibi
3364 5177 3551 5231 Deum
3582 5174 3709 5230 lau-

2063 5268 2403 5337 dans,velut
2429 5272 2549 5325 tres
2571 5268 2943 5341 sanctipueri
2956 5270 3017 5325 in
3030 5268 3264 5326 camino
3282 5284 3413 5323 rore
3444 5282 3709 5339 asperso,

2066 5357 2345 5432 spiritum
2375 5357 2639 5415 tradidit.

2068 5504 2139 5559 Et
2168 5508 2441 5558 certamen
2470 5503 2647 5558 sancti
2677 5504 2938 5575 martyris
2972 5502 3259 5575 Trophimi
3309 5507 3362 5557 et
3417 5499 3686 5555 sociorum
3705 5535 3719 5550 .

2104 5764 2112 5768 .
2144 5708 2503 5784 Trophimus
2533 5724 2600 5766 ac
2632 5709 2995 5782 Theophilus
3026 5708 3239 5764 Christi
3264 5713 3556 5776 martyres
3589 5715 3723 5757 cum

3402 5828 3474 5884 18
