4084 6202
357 403 476 464 555

1679 378 2104 444 MENOLOGII
2148 378 2352 440 PARS
2394 377 2507 442 IIl.

3643 364 3766 440 656

351 532 578 590 sanctis
621 527 798 586 sociis
843 526 1135 586 vixerunt,
1158 522 1514 593 imperante,
1546 517 1651 573 Dei
1683 515 2002 589 permissu,

2127 509 2258 584 μετά
2285 515 2386 579 τῆς
2418 509 2564 586 ἱερὰς
2593 506 2842 571 συνοδίας
2898 507 3084 578 αὐτοῦ,
3143 509 3399 584 ὑπῆρχον
3460 507 3579 580 μὶν,
3635 510 3773 565 κατὰ

352 621 710 695 impiissimo
742 625 994 690 tyranno
1050 609 1438 669 Diocletiano.
1473 606 1772 695 Christum
1803 609 2000 695 autem

351 691 808 768 confitentes.ad
837 722 898 761 se
926 702 1276 760 accedentes
1309 699 1369 752 in
1407 697 1534 768 ejus
1557 694 1800 750 nomine
1837 691 2004 747 doce-

352 803 500 856 bant
529 806 707 869 atque
738 792 1134 866 baptizabant.
1169 786 1396 858 Cogniti
1429 785 1610 858 igitur
1653 788 1712 838 et
1739 795 2002 852 compre-

356 890 549 956 hensi,
579 885 758 942 vincti
787 883 860 939 ad
890 882 1063 937 illum
1094 877 1333 935 adducti
1367 881 1545 930 sunt:
1571 889 1824 942 cumque
1847 869 2006 924 Chri-

355 987 512 1035 stum
545 977 838 1048 abnegare
871 978 930 1027 et
985 969 1164 1025 idolis
1214 965 1552 1022 sacrificare
1599 961 2001 1033 adigerentur,

355 1087 466 1124 nec
497 1068 910 1137 obtemperare
937 1059 1177 1125 vellent,
1214 1055 1365 1111 I78
1396 1053 1650 1127 graviter
1691 1049 2002 1116 verberati,

357 1158 654 1231 lignisque
688 1150 984 1223 suspensi,
1011 1145 1222 1219 depexi
1247 1148 1407 1210 sunt,
1435 1142 1708 1212 saxisque
1758 1138 1954 1194 obruti
1988 1154 2002 1195 :

357 1228 493 1302 mox
525 1262 554 1300 e
590 1243 766 1315 lignis
797 1237 1076 1310 depositi,
1096 1241 1273 1305 atque
1293 1233 1352 1287 in
1373 1232 1673 1304 ingentem
1703 1228 2006 1284 caminum

354 1333 584 1406 iujecti,
605 1331 706 1386 sed
730 1329 832 1384 Dei
858 1325 1046 1400 gratia
1060 1325 1132 1380 ab
1164 1319 1569 1387 eoliberati,et
1598 1317 2006 1406 illaesiexeun-

353 1405 717 1490 tes,itautne
732 1417 1016 1490 capillum
1043 1411 1286 1486 quidem
1301 1426 1506 1468 eorum
1531 1409 1821 1482 tetigisset
1834 1405 2008 1479 ignis,

353 1509 877 1583 obstupefecerunt
927 1510 1269 1576 tyrannum.
1331 1501 1640 1554 Postremo
1701 1495 2007 1552 inclinatis

354 1598 704 1663 cervicibus,
737 1612 904 1650 sacra
935 1609 1138 1648 eorum
1173 1590 1369 1662 capita
1403 1587 1667 1644 abscissa
1698 1591 1856 1641 sunt.

2111 600 2465 676 συγχώρησιν
2516 605 2674 666 Θεοῦ,
2732 599 2822 654 ἐπὶ
2884 599 3167 674 βασιλείας
3226 597 3626 670 Διοκλητιανοῦ
3671 604 3774 655 τοῦ

2117 688 2584 764 παρανομωτάτου
2663 689 2752 744 καὶ
2824 687 3314 764 τυραννικωτᾶτου,
3380 691 3473 746 τὸν
3533 691 3773 766 Χριστὸν

2112 777 2535 854 ὁμολογοῦντες,
2566 779 2654 834 καὶ
2703 778 2832 842 τοὺς
2889 781 3370 855 προσερχομένους
3431 781 3644 850 αὐτοῖς,
3681 780 3772 836 ἐπὶ

2110 874 2192 941 τῷ
2223 868 2453 941 ὀνόματι
2486 867 2652 923 αὐτοῦ
2684 865 3029 932 διδάσκοντες
3080 869 3169 924 καὶ
3207 871 3583 945 βαπτίζοντες.
3642 879 3771 926 Δια-

2114 958 2434 1033 ·ίνωσθέντες
2485 955 2543 1012 δὲ
2599 959 2690 1012 καὶ
2747 959 3125 1033 κρατηθέντες,
3210 961 3553 1033 παρέστησαν
3633 958 3771 1014 ἰνώ-

2115 1068 2240 1102 πιον
2296 1046 2460 1102 αὐτοῦ
2521 1045 2761 1121 δέσμιοι’
2821 1047 2911 1102 καὶ
2970 1048 3390 1122 ἀναγκασθέντες
3434 1049 3772 1121 ἀρνήσασθαι

2119 1135 2214 1208 μὶν
2244 1136 2336 1190 τὸν
2384 1137 2644 1210 Χριστὸν,
2703 1137 2856 1190 θῦσαι
2917 1132 2975 1190 δέ
3024 1141 3142 1200 τοῖς
3199 1133 3479 1206 εἰδώλοις,
3536 1136 3625 1191 καὶ
3688 1138 3772 1210 μὴ

2115 1226 2445 1292 πεισθέντες,
2527 1224 2833 1300 ἐτύφθησαν
2885 1221 3159 1301 σφοδρῶς.
3224 1226 3318 1280 Καὶ
3379 1227 3772 1299 κρεμασθέντες

2116 1312 2204 1369 ἐπὶ
2262 1312 2449 1384 ξύλου,
2534 1313 2842 1385 ἐξὲσθησαν.
2903 1314 3032 1370 Εἶτα
3106 1309 3605 1386 ἐλιθοϐολήθησαν.
3668 1317 3776 1372 Καὶ

2114 1403 2248 1476 μετά
2276 1404 2444 1458 ταῦτα
2471 1409 2568 1459 τοῦ
2621 1405 2788 1477 ξύλου
2842 1399 3348 1475 καταϐιϐασθέντες,
3411 1404 3487 1467 εἷς
3542 1404 3775 1479 κάμινον

2112 1489 2356 1568 μεγάλην
2419 1489 2816 1564 ἐνεϐλήθησαν.
2896 1492 3076 1552 Ἀλλά
3121 1495 3211 1550 καὶ
3254 1502 3354 1565 τῆς
3408 1495 3642 1569 καμίνου
3698 1501 3780 1570 τῇ

2108 1586 2210 1636 τοῦ
2242 1587 2377 1637 Θεοῦ
2409 1581 2691 1658 ῥυσθέντες
2723 1585 2938 1660 χάριτι,
2971 1584 3060 1640 καὶ
3117 1581 3380 1648 ἀϐλαϐεῖς
3436 1585 3778 1656 ἐξελθόντες,

355 1689 433 1750 ὡς
469 1683 611 1759 μηδέ
637 1688 848 1758 τριχῶν
873 1682 1153 1756 ἁψαμένου
1185 1678 1362 1733 αὐτῶν
1394 1680 1491 1731 τοῦ
1521 1676 1713 1749 πυρὸς,
1747 1669 2044 1744 ἐξέπληξαν
2075 1671 2168 1726 τὸν
2201 1671 2477 1746 τύραννον.
2524 1673 2626 1728 Καὶ
2659 1672 2819 1736 τέλος
2866 1673 3148 1738 κλίναντες
3180 1673 3307 1738 τοὺς
3365 1675 3621 1751 αὐχένας,
3670 1677 3778 1738 τας

354 1777 504 1850 ἱερὰς
529 1774 704 1831 αὐτῶν
737 1770 977 1846 κεφαλᾶς
1005 1769 1418 1840 ἀπετμήθησαν.

357 1897 421 1950 Ει
451 1893 890 1950 commemoratio
928 1889 1170 1970 [miram
1195 1884 1636 1970 nostrorumqui
1653 1883 1711 1937 in
1733 1880 2001 1950 Bulgaria

2127 1879 2220 1936 Kal
2259 1879 2453 1952 μνήμη
2512 1884 2620 1935 τῶν
2679 1879 2731 1936 ἐν
2787 1878 3106 1970 Βορυλγαρίᾳ
3161 1880 3476 1961 σφαγέντων
3521 1879 3779 1959 ἀδελφῶν

943 1957 1227 2027 interfecti
1265 1963 1414 2013 sunt.

434 2084 770 2153 Imperante
803 2076 1129 2147 Nicephoro
1178 2070 1462 2128 Stauracii
1524 2074 1690 2142 patre
1749 2070 2017 2123 Romzeos

364 2173 520 2227 inter
543 2175 601 2226 et
625 2168 904 2241 Bulgaros
927 2164 1152 2220 bellum
1177 2159 1596 2233 contigit.Cum
1619 2161 1816 2213 autem
1835 2157 2014 2212 victo-

361 2263 514 2316 riam
546 2260 618 2315 de
650 2255 1267 2325 hostibusimperator
1287 2249 1615 2315 retulisset,
1650 2246 2016 2302 exhilaratus

361 2349 618 2424 populus
650 2347 797 2402 cibis
824 2350 880 2400 et
914 2342 1149 2415 potibus
1187 2338 1553 2412 indulgebat.
1588 2337 1700 2392 Sed
1734 2335 2015 2392 concitati

363 2458 398 2496 a
427 2437 665 2495 diabolo
696 2434 796 2508 qui
825 2431 1044 2503 reliqui
1076 2430 1312 2484 fuerant
1337 2426 1593 2500 Bulgari,
1627 2427 2017 2494 Rommasque

367 2529 567 2601 copias
599 2531 780 2582 noctu
814 2522 1028 2591 adorti,
1056 2521 1476 2591 imperatorem
1509 2515 1748 2588 quidem
1781 2519 2018 2585 captum

367 2617 753 2679 occiderunt;
786 2618 1034 2668 caateros
1057 2625 1214 2671 vero,
1247 2607 1347 2679 qui
1399 2605 1508 2661 sub
1561 2621 1628 2660 eo
1660 2603 2018 2672 militabant,

365 2707 582 2781 partim
617 2698 1215 2770 interfecere,partim
1240 2695 1498 2768 captivos
1528 2693 1846 2749 abduxere.
1873 2692 2018 2747 Hinc

369 2796 469 2869 qui
491 2801 724 2866 tempus
745 2790 902 2847 nacti
925 2806 1045 2844 non
1078 2785 1442 2850 sunt,statim
1466 2784 1694 2856 periere
1721 2799 1734 2837 :
1761 2781 1860 2854 qui
1885 2797 2019 2836 vero

367 2886 442 2943 ad
472 2883 775 2957 proximos
806 2884 1039 2935 montes
1061 2877 1261 2949 fugere
1294 2878 1636 2947 potuerunt,
1689 2870 2019 2926 incolumes

369 2989 626 3032 evasere.
662 2971 704 3027 li
729 2985 891 3036 vero,
925 2966 1026 3039 qui
1059 2967 1122 3020 in
1153 2968 1508 3037 potestatem
1541 2961 1802 3016 hostium
1839 2977 2020 3015 vene-

366 3069 526 3129 runt,
549 3059 794 3133 impulsi
841 3057 1146 3114 Christum
1195 3054 1488 3126 abnegare
1538 3051 1825 3122 (nondum
1858 3050 2018 3104 enim

369 3170 506 3209 eum
539 3149 770 3222 Bulgari
797 3143 1198 3220 agnoverant),
1231 3159 1342 3198 nec
1388 3141 1447 3196 id
1505 3140 1698 3196 facere
1730 3139 2016 3205 volentes,

2845 1955 2881 2023 ἡ
2892 1955 3028 2027 μῶνέ

2193 2067 2314 2122 Ἐπὶ
2346 2073 2446 2137 τῆς
2482 2065 2761 2143 βασιλείας
2819 2063 3138 2148 Νικηφόρου
3194 2074 3292 2126 τοῦ
3335 2069 3540 2146 πατρὸς
3594 2077 3782 2125 Σταυ-

2121 2162 2314 2230 ρακίου
2372 2151 2569 2228 συνέϐη
2629 2156 2874 2231 πόλεμον
2965 2158 3210 2233 γενέσθαι
3266 2159 3565 2232 Ῥωμαίοις
3627 2159 3772 2232 μετᾶ

2121 2243 2480 2322 Βουλγάρων.
2536 2245 2634 2303 Καὶ
2681 2249 2778 2302 τοῦ
2840 2243 3110 2322 βασιλέως
3178 2247 3315 2303 κατά
3369 2249 3565 2322 κράτος
3617 2249 3789 2318 νική-

2122 2355 2341 2400 σαντος,
2391 2333 2442 2391 ἐν
2495 2341 2726 2414 τρυφαῖς
2782 2336 2875 2392 καὶ
2935 2337 3124 2399 πότοις
3182 2337 3478 2414 ἐσχόλαζεν
3536 2339 3564 2393 ὁ
3617 2337 3786 2409 λαὸς,

2123 2423 2334 2500 χαίρων
2368 2421 2538 2480 διὰτὸ
2570 2432 2811 2494 νικῆσαι.
2847 2423 3005 2484 Ἀλλ’
3041 2425 3146 2483 ὑπὸ
3202 2430 3302 2482 τοῦ
3352 2422 3616 2482 διαϐόλου
3665 2425 3792 2482 διε-

2121 2513 2400 2590 γερθέντες
2483 2515 2536 2569 οἱ
2618 2513 3058 2594 περιλειφθέντες
3139 2515 3477 2592 Βούλγαροι,
3553 2516 3643 2571 καὶ
3697 2522 3791 2588 τῷ

2122 2603 2421 2676 Ῥωμαϊκῷ
2478 2602 2824 2668 ἐπιπεσόντες
2879 2605 2930 2660 ἐν
2987 2605 3139 2660 νυκτὶ
3191 2604 3575 2679 στρατεύματι,
3615 2604 3786 2662 αὐτόν

2121 2713 2181 2749 τε
2201 2693 2292 2748 τὸν
2330 2690 2558 2769 βασιλέα
2588 2693 2888 2769 ἐκράτησαν
2919 2693 3008 2750 καὶ
3062 2692 3301 2763 ἀνεῖλον,
3359 2694 3450 2749 καί
3502 2694 3627 2756 τοὺς
3686 2695 3789 2750 ὑπ’

2124 2783 2306 2851 αὐτὸν,
2352 2782 2483 2844 τοὺς
2547 2782 2642 2856 μὲν
2702 2781 3142 2859 ἐφόνευσαν,τοὺς
3196 2781 3254 2838 δὲ
3309 2781 3788 2860 ᾑχμαλώτευσαν.

2126 2874 2396 2929 Ἐντεῦθεν
2437 2871 2554 2928 ὅσοι
2589 2873 2688 2946 μὶν
2718 2873 2931 2948 καιρίας
2985 2874 3090 2929 οὐκ
3146 2870 3416 2945 ἐδέξαντο,
3475 2874 3790 2946 παραυτίκα

2125 2963 2411 3028 ἀπέθανον·
2471 2961 2591 3018 ὅσοι
2661 2961 2720 3019 δὲ
2805 2961 3006 3018 δασέων
3077 2963 3248 3040 ὁρέων
3308 2961 3614 3038 ἐδράξαντο,
3666 2962 3788 3020 διε-

2125 3054 2492 3124 σώθησαν.οἱ
2558 3049 2616 3108 δὲ
2669 3053 3028 3128 κρατηθέντες
3088 3058 3303 3123 ζῶντες,
3363 3053 3793 3128 ἀναγκασθέντες

2128 3143 2463 3220 ἀρνήσασθαι
2519 3141 2610 3198 τὸν
2671 3141 2934 3217 Χριστόν·
2995 3139 3148 3199 οὔπω
3198 3144 3301 3218 γὰρ
3360 3141 3671 3219 ἐπέγνωσαν
3729 3145 3792 3198 οῖ

365 3242 543 3299 variis
574 3239 858 3310 durisque
891 3235 1099 3291 mortis
1159 3231 1475 3305 generibus
1526 3229 1776 3302 subjecti
1806 3228 1972 3284 fuere
2001 3244 2014 3284 :

2129 3232 2440 3310 Βούλγαροι
2491 3228 2674 3288 αὐτόν⁹
2727 3232 2818 3287 καὶ
2905 3233 2981 3306 μή
3041 3231 3370 3304 πεισθέντες,
3409 3232 3798 3309 πολυτρόποις

366 3339 424 3392 et
452 3331 553 3386 alii
589 3327 832 3400 quidem
860 3323 1056 3398 gladio
1088 3319 1564 3388 obtruncati,alii
1586 3336 1722 3375 vero
1747 3319 2020 3390 suspensi

368 3427 427 3476 et
455 3417 745 3476 suil‘ocati.
776 3415 878 3470 alii
912 3413 1046 3469 telis
1079 3410 1362 3478 confossi,
1386 3409 1484 3464 alii
1511 3409 1770 3480 denique
1801 3407 1875 3463 ad
1896 3424 2024 3462 car-

367 3527 565 3568 cerem
596 3514 655 3565 et
676 3506 938 3562 inediam
967 3501 1262 3570 damnati,
1299 3499 1567 3572 martyrii
1591 3514 1835 3554 cursum
1881 3514 2023 3554 con-

371 3602 771 3657 summarunt.

442 3868 514 3922 Et
543 3868 844 3919 certamen
894 3862 1410 3916 sacrosanctorum
1437 3859 1763 3926 martyrum
1804 3853 2025 3925 Apolli-

377 3953 541 4011 naris
572 3958 631 4008 et
661 3949 857 4005 Vitalii
888 3947 1152 4020 episcopi
1184 3948 1501 4008 Ravennae,
1536 3948 1594 3997 et
1615 3943 1939 4014 Apollonii,
1967 3947 2026 3998 et

379 4041 622 4117 Eugenii
655 4039 953 4111 martyris,
989 4041 1048 4091 et
1074 4036 1359 4091 Susannm
1391 4032 1453 4087 in
1486 4032 1759 4087 Leucate.

940 4219 1182 4277 EODEM
1212 4215 1464 4272 MENSE.

878 4310 977 4366 Die
1009 4307 1291 4365 vicesima
1321 4309 1535 4377 quarta

510 4401 664 4460 I79
697 4401 983 4461 Certamen
1010 4403 1214 4454 sanctae
1265 4395 1530 4465 martyris
1561 4393 1878 4450 Christinae.

443 4563 660 4620 Christi
694 4565 918 4632 martyr
947 4557 1247 4614 Christina
1279 4557 1405 4608 erat
1435 4569 1504 4608 ex
1538 4551 1684 4606 urbe
1714 4553 1884 4623 Tyro.
1910 4552 2022 4606 Pa-

2129 3323 2218 3379 καὶ
2251 3322 2525 3399 χαλεποῖς
2571 3323 2823 3389 θανάτοις
2882 3319 3294 3396 ὑπεϐλήθησαν·
3348 3325 3401 3379 οἱ
3463 3325 3556 3398 μὲν
3645 3325 3797 3400 ξίφει

2127 3415 2222 3475 τάς
2273 3411 2511 3491 κεφαλὰς
2563 3414 2981 3486 ἀπετμήθησαν·
3043 3414 3101 3468 οἱ
3151 3410 3210 3468 δὶ
3261 3413 3617 3488 κρατηθέντες
3670 3413 3795 3468 ἐτε-

2131 3501 2466 3573 λειώθησαν,
2526 3501 2940 3579 κρεμασθέντες,
2999 3502 3089 3557 καὶ
3158 3501 3558 3578 ἀπεπνίγησαν
3618 3501 3796 3558 ἄλλοι

2134 3589 2318 3666 βέλεσι
2396 3591 2881 3661 κατακεντηθέντες
2969 3589 3389 3663 ἐτελειώθησαν.
3445 3591 3552 3651 Καὶ
3608 3588 3799 3667 ἕτεροι

2129 3680 2346 3756 φυλακῇ
2373 3681 2462 3735 καὶ
2494 3679 2647 3754 λιμῷ
2674 3680 3171 3751 καταδικασθέντες,
3201 3681 3292 3737 τὸν
3344 3685 3442 3736 τοῦ
3477 3681 3786 3756 μαρτυρίου

2130 3767 2334 3844 δρόμον
2366 3769 2634 3826 ἐτέλεσαν.

2201 3859 2303 3917 Καὶ
2364 3857 2594 3930 ἄθλησις
2647 3864 2756 3915 τῶν
2814 3859 2978 3938 ἁγίων
3039 3860 3457 3937 ἱερομαρτύρων
3502 3857 3788 3918 Ἀπολλι-

2127 3949 2339 4024 ναρίου,
2396 3949 2488 4005 καὶ
2549 3947 2804 4005 Βιταλίου
2885 3949 3186 4006 ἐπισκόπου
3291 3944 3602 4019 Ῥαϐέννης,
3683 3951 3780 4004 καὶ

2125 4036 2543 4108 Ἀπολλωνίου,
2625 4039 2714 4094 καὶ
2806 4040 3079 4116 μάρτυρος
3157 4038 3433 4117 Εὗγενίου,
3506 4040 3595 4094 καὶ
3675 4046 3785 4108 τῆς

2131 4130 2421 4200 Σωσᾶννης
2448 4132 2547 4195 τῆς
2579 4127 2630 4184 ἐν
2661 4133 2740 4202 τῷ
2759 4129 3029 4206 Λευκάτῃ.

2674 4239 2858 4298 MHNI
2897 4240 2987 4296 ΤΩ
3027 4241 3225 4297 ΛΥΤΩ.

2342 4416 2614 4488 νΑθλησις
2636 4424 2738 4488 τῆς
2770 4329 3233 4496 ἁγίαξιῖάρτυρος
3262 4418 3572 4496 Χριστίνης.

2201 4552 2265 4610 Ἠ
2291 4555 2393 4607 τοῦ
2442 4553 2680 4624 Χριστοῦ
2741 4555 2948 4630 μάρτυς
3028 4553 3288 4627 Χριστίνα
3376 4555 3595 4630 ὑπῆρχε
3681 4555 3784 4627 μὶν

371 4661 522 4711 trem
546 4658 744 4708 autem
776 4629 1006 4704 militias
1037 4644 1382 4718 prmfectum
1401 4647 1592 4707 nacta,
1628 4641 1690 4694 in
1729 4641 2014 4696 excelsam

2130 4641 2188 4696 ἐκ
2257 4648 2358 4711 τῆς
2415 4639 2633 4705 πόλεως
2706 4629 2910 4716 Τύρου’
2998 4641 3380 4719 στρατηλάτην
3448 4641 3503 4698 δὶ
3559 4629 3788 4713 πατέρα

373 4743 586 4798 turrim
617 4741 688 4796 ab
722 4739 826 4794 illo
857 4737 1166 4808 deportata
1196 4732 1407 4799 fuit,ne
1438 4747 1472 4787 a
1493 4731 1776 4802 quopiam
1793 4729 2024 4785 videre-

369 4839 486 4896 tur,
504 4847 639 4888 cum
672 4831 734 4885 in
767 4827 1038 4885 eamdem
1073 4825 1283 4880 turrim
1315 4821 1585 4895 proprios
1608 4819 2024 4876 deosadvexis-

370 4929 478 4984 set.
513 4924 688 4995 eique
709 4919 1113 4993 praecepisset,
1139 4922 1205 4971 ut
1233 4915 1354 4970 illis
1387 4911 1768 4974 sacrificaret,
1801 4928 2021 4983 eosque

372 5013 670 5069 adoraret.
709 5013 783 5066 At
831 5009 936 5063 illa
965 5005 1374 5062 inﬁrmitatem
1419 5018 1622 5058 eorum
1657 5001 2018 5074 intelligens,

365 5117 747 5175 nequaquam
793 5098 868 5154 iis
911 5097 1180 5152 animum
1233 5091 1530 5149 advertit:
1583 5090 1684 5146 sed
1716 5090 1847 5147 coeli
1888 5089 2018 5164 pul-

367 5190 773 5250 chritudinem
805 5204 874 5244 ex
907 5187 1169 5242 fenestra
1197 5181 1588 5256 prospiciens,
1611 5180 2017 5252 factoremque

366 5299 438 5338 ex
469 5279 749 5354 operibus
771 5290 1156 5348 cognoscens,
1179 5271 1340 5328 idola
1361 5269 1636 5326 contrivit
1656 5268 1749 5340 dej
1761 5269 2014 5341 ecitque.

365 5371 748 5445 Deprehensa
776 5367 1045 5440 igitur.et
1075 5380 1145 5419 ex
1175 5359 1323 5416 turri
1356 5357 2016 5431 deposita,cruciatibus

364 5461 640 5519 omnibus
663 5475 697 5515 a
722 5456 962 5532 proprio
988 5459 1153 5526 patre
1188 5450 1456 5522 subjecta
1516 5447 1643 5502 fuit.
1682 5445 1909 5502 Deinde
1953 5447 2015 5504 in

363 5550 694 5610 custodiam
726 5548 990 5613 detrusa,
1022 5543 1220 5601 cibum
1253 5539 1326 5596 ab
1369 5537 1576 5612 angelo
1627 5537 1920 5609 sumpsit:
1953 5537 2014 5594 in

362 5658 526 5700 mare
557 5647 757 5699 autem
790 5637 1078 5712 projecta,
1113 5649 1329 5706 aquam
1377 5646 1485 5702 pro
1517 5627 1874 5700 baptismate
1908 5627 2010 5683 ha-

360 5733 509 5790 buit.
544 5733 753 5788 Postea
785 5745 854 5786 ex
877 5725 1026 5784 mari
1060 5738 1316 5795 egressa,
1351 5720 1689 5790 iterumque
1719 5716 1781 5773 in
1812 5732 2011 5774 carce-

2133 4725 2360 4803 ἔχουσα,
2411 4728 2489 4794 εἷς
2543 4730 2746 4804 πύργον
2813 4729 3023 4805 ὑψηλὸν
3083 4733 3339 4807 κατήχθη
3394 4733 3520 4803 παρ’
3576 4730 3786 4786 ἐκείνου

2131 4820 2270 4894 πρὸς
2327 4819 2388 4874 τὸ
2469 4821 2546 4892 μὴ
2599 4821 2855 4889 θεαθῆναι
2920 4820 3023 4876 ὑπό
3101 4842 3274 4890 τινος,
3353 4815 3786 4884 ἀναϐιϐάσαντος

2133 4907 2210 4971 εἷς
2240 4911 2330 4963 τὸν
2359 4906 2567 4984 πύργον
2601 4909 2690 4966 καὶ
2749 4908 2876 4972 τοὺς
2931 4910 3124 4965 ἑαυτοῦ
3183 4909 3359 4980 θεοὺς,
3398 4911 3489 4965 καὶ
3541 4911 3788 4984 προστά-

2129 4997 2317 5068 ξαντος
2366 4996 2503 5071 αὐτῇ
2573 4999 2716 5062 θύειν
2799 4999 2890 5054 καὶ
2975 5005 3298 5071 προσκυνεῖν
3355 5000 3560 5064 αὑτοῖς.
3619 4996 3788 5057 Ἀλλ’

2128 5086 2308 5158 ἐκείνη
2338 5089 2720 5158 κατανοήσασα
2773 5089 2874 5158 τὴν
2931 5088 3202 5144 ἀσθένειαν
3264 5087 3462 5156 αὐτῶν,
3521 5086 3786 5162 οὐδαμῶς

2126 5181 2424 5252 προσεῖχεν
2454 5178 2663 5239 αὐτοῖς.
2697 5179 2811 5235 Τοῦ
2839 5176 2896 5232 δὲ
2949 5177 3186 5253 οὐρανοῦ
3214 5178 3278 5233 τὸ
3307 5177 3514 5241 κάλλος
3545 5176 3634 5233 διὰ
3685 5190 3783 5242 ou-

2127 5263 2278 5342 ρίδος
2312 5265 2610 5341 βλέπουσα,
2640 5265 2730 5321 καὶ
2759 5265 2818 5322 ἐκ
2867 5271 2976 5321 τῶν
3007 5268 3336 5341 ποιημάτων
3388 5268 3477 5322 τὸν
3531 5276 3785 5340 Δημιου-

2126 5356 2256 5431 ργὸν
2289 5357 2690 5425 κατανοήσασα,
2739 5356 3024 5430 συνέτριψε
3074 5357 3141 5412 τὰ
3185 5355 3410 5424 ε’δωλα,
3443 5357 3533 5412 καὶ
3589 5354 3784 5433 ἔρριψε

2123 5447 2293 5502 κάτω.
2352 5445 2447 5501 Καὶ
2507 5444 2920 5521 διαγνωσθεῖσα,
2967 5446 3058 5501 καὶ
3115 5451 3213 5502 τοῦ
3284 5447 3497 5521 πύργου
3553 5441 3782 5502 καταϐι-

2124 5528 2400 5600 ϐασθεῖσα,
2486 5547 2686 5599 πάσαις
2768 5534 3068 5610 τιμωρίαις
3151 5531 3569 5606 καθυπεϐλήθη,
3631 5538 3784 5608 παρά

2121 5629 2218 5679 τοῦ
2249 5624 2452 5680 οἰκείου
2482 5626 2710 5700 πατρός.
2767 5627 3223 5691 ’Δποκλεισθεῖσα
3279 5623 3336 5682 δέ
3386 5625 3477 5681 καὶ
3540 5625 3616 5688 τίς
3675 5648 3786 5703 φυσ-

2124 5715 2320 5785 Αακὴν,
2353 5712 2605 5795 ἐτρέφετο
2663 5716 2768 5773 ὑπὸ
2823 5717 3088 5794 ἀγγέλου’
3143 5716 3233 5773 καὶ
3293 5715 3511 5796 ῥιφεῖσα
3567 5715 3624 5772 ἐν
3681 5726 3783 5782 θα-
