4082 6200
304 467 427 527 55³1
1818 464 2122 527 JULIUS.
3596 496 3715 552 558

301 596 500 673 λάσσῃ,
534 596 749 669 ἐδέξατο
801 599 864 653 τὸ
917 595 1062 671 ὕδωρ
1120 597 1197 659 εἷς
1260 595 1557 673 βάπτισμα.
1596 596 1697 653 Καὶ
1726 599 1825 665 τῆς
1858 598 1921 650 θα

2069 616 2193 655 rem
2226 603 2515 674 conjecta,
2550 615 2685 678 post
2711 612 2896 681 patris
2920 613 3009 668 sui
3044 613 3352 673 interitum
3366 620 3440 675 ad
3463 623 3710 681 Dionem

305 688 516 759 λὰσσης
573 687 881 759 ἐξελθοῦσα,
944 689 1274 757 ἀπεκλείσθη
1325 686 1491 742 πάλιν
1553 686 1628 746 εἰς
1684 686 1921 763 φυλακήη

2074 690 2389 759 praesidem
2422 694 2479 748 in
2513 698 2903 766 quastionem
2926 700 3202 770 adducta,
3236 705 3553 765 dirissimis
3584 730 3713 769 ver-

301 781 410 838 Καὶ
473 780 611 851 μετᾶ
667 778 926 847 τελευτὴν
978 782 1075 833 τοῦ
1131 778 1335 853 πατρὸς
1378 778 1547 846 αὐτῆς
1595 776 1668 866 είς
1722 775 1921 847 ἆξέτασι

2067 778 2310 837 beribus
2340 800 2493 839 caesa
2522 791 2628 840 est.
2657 789 2961 847 Postremo
2989 809 3125 847 cum
3166 793 3239 848 ob
3270 802 3501 866 patrata
3531 802 3707 859 mira-

301 871 535 945 ἀχθεῖσα
593 868 751 923 Δίωνι
808 873 888 941 τῷ
945 867 1194 943 ἄρχοντι,
1254 866 1453 944 ἐτύφθη
1516 865 1788 944 σφοδρῶς.
1849 872 1921 921 Κσ

2067 869 2197 924 cula
2226 873 2561 943 complures
2616 877 2689 930 ad
2740 878 2917 934 ﬁdem
2974 882 3187 936 Christi
3229 887 3705 957 amplectendam

301 961 850 1036 θαυματουργήσασα,
902 956 1150 1021 πολλοὺς
1209 957 1434 1026 ἐποίησε
1489 961 1765 1013 πιστεῦσαι
1818 964 1918 1031 Χρι

2064 958 2426 1031 adduxisset,
2488 967 2773 1023 mamillis
2821 970 3122 1040 abscissis,
3178 956 3483 1047 hastisque
3544 984 3702 1038 cordi

294 1054 429 1122 στῷ,
462 1050 560 1104 Καὶ
591 1048 717 1111 τοὺς
765 1047 1001 1121 μαστοὺς
1058 1046 1368 1116 ἐκκοπεῖσα,
1420 1048 1510 1102 καὶ
1565 1045 1701 1102 κατὰ⁸
1729 1043 1921 1121 καρδία

2063 1044 2287 1115 inﬁxis,
2322 1049 2498 1106 vitam
2534 1053 2742 1108 ﬁnivit.

289 1138 570 1215 πληγεῖσα
596 1145 713 1202 τοῖς
744 1138 1073 1214 κονταρίοις,
1100 1138 1416 1209 ἐτελειώθη.

847 1248 1026 1305 ΜΙΙΝΙ
1066 1249 1155 1305 Tu
1193 1250 1397 1305 ΑΥΤΩ.

1079 1342 1178 1397 ΚΕ¹

401 1436 612 1509 Μνήμη
643 1437 741 1504 τῆς
772 1433 924 1510 ἁγίας
970 1439 1170 1561 ⁴Ανόνης
1205 1438 1305 1502 τῆς
1348 1432 1554 1507 μητρὸς
1580 1437 1680 1502 τῆς
1711 1438 1840 1487 Θεο-

1026 1527 1056 1561 τ
1092 1526 1211 1561 κου.

1026 1526 1211 1563 τοκου.

361 1627 556 1691 ”Λννα,
587 1626 622 1693 ἡ
655 1619 923 1696 σεϐασμία
974 1625 1160 1699 μήτηρ
1217 1629 1318 1691 τῆς
1366 1619 1583 1693 ἐνδόξου
1641 1625 1943 1693 Δεσποίνης

280 1716 453 1787 ἡμῶν
506 1712 794 1782 Θεοτόκου,
854 1712 942 1767 καὶ
1020 1711 1375 1788 ἀειπαρθὲνου
1432 1711 1663 1782 Μαρίας,
1720 1713 1786 1781 ἦν
1849 1715 1943 1784 μὲν

279 1804 349 1859 ἐκ
406 1803 584 1881 φυλῆς
640 1804 795 1872 Aeni,
852 1804 959 1858 ἀπὸ
1018 1800 1276 1873 Βηθλεὲμ
1306 1799 1363 1855 δὲ
1392 1808 1491 1869 τῆς
1524 1799 1815 1871 Ἰουδαίας,
1852 1813 1939 1866 θυι

274 1894 461 1967 γατηρ
522 1893 739 1949 Ματθᾶιν
792 1895 891 1947 τοῦ
945 1892 1157 1962 ἱερέως·
1218 1889 1364 1950 ὅστις
1421 1889 1640 1945 Ματθᾶιν
1695 1890 1940 1966 ὑπῆρχεν

2613 1246 2851 1301 EODEM
2890 1250 3141 1308 MENSE.

2558 1342 2659 1398 Die
2690 1343 2971 1401 vicesima
2999 1348 3208 1418 quinta

2164 1435 2612 1495 Commemoratio
2636 1449 2846 1499 sanctae
2879 1446 3056 1500 Annae
3080 1452 3275 1503 matris
3308 1452 3583 1522 Deiparm.

2056 1617 2227 1671 Anna
2257 1620 2613 1675 venerabilis
2645 1626 2835 1677 mater
2863 1624 3134 1695 gloriosa)
3184 1629 3447 1687 Domina
3478 1638 3696 1689 nostras

2056 1706 2318 1776 Deiparaa
2351 1723 2703 1780 semperque
2739 1712 2989 1784 Virginis
3022 1717 3236 1781 Marias,
3289 1726 3416 1774 erat
3440 1739 3508 1777 ex
3539 1724 3695 1779 tribu

2053 1794 2181 1849 Levi
2207 1795 2277 1850 de
2310 1798 2898 1867 BethlehemJudarar,
2918 1802 3040 1858 ﬁlia
3065 1807 3323 1863 Matthan
3348 1812 3693 1868 sacerdotis.

2053 1884 2155 1938 Hic
2186 1901 2321 1939 vero
2346 1887 2604 1941 Matthan
2637 1890 2966 1945 sacerdotio
2996 1893 3369 1966 fungebatur,
3405 1908 3689 1972 regnante

279 1983 574 2054 ἱερατεῦων
634 1980 720 2036 ἐπὶ
781 1988 882 2050 τῆς
942 1978 1222 2055 βασιλείας
1276 1985 1376 2047 τῆς
1423 1975 1793 2052 Κλεοπάτρας,
1836 1980 1921 2053 πρέ

2050 1971 2379 2043 Cleopatra,
2412 1981 2731 2045 antequam
2765 1979 3025 2034 Herodes
3072 1984 3365 2054 Antipatri
3400 1967 3557 2043 ﬁlius
3588 2008 3691 2045 re-

275 2078 385 2141 τῆς
419 2069 695 2145 βασιλείας
752 2067 1002 2145 Ἡρώδου
1060 2070 1181 2123 υἳοῦ
1240 2066 1617 2143 ’Δντιπάτρου.
1678 2069 1849 2143 Ἔσχε
1881 2066 1937 2123 δὶ

278 2162 579 2236 θυγατέρας
676 2166 846 2235 τρεῖς,
923 2158 1159 2233 Μαρίαν,
1263 2153 1465 2228 Σόϐην,
1549 2157 1639 2213 καὶ
1713 2160 1932 2215 ”Ανναν.

278 2250 505 2322 Ἐγημε
535 2247 592 2302 δὶ
621 2250 656 2317 ἡ
714 2248 906 2322 πρώτη
970 2247 1207 2323 θυγάτηρ
1268 2244 1320 2301 ἐν
1363 2244 1639 2319 Βηθλεὲμ,
1670 2246 1756 2300 καὶ
1790 2243 1937 2301 ἔτεκε

282 2336 565 2409 Σαλώμην
620 2338 719 2406 τήν
774 2335 1009 2409 Μαρίαν.
1064 2336 1127 2391 Ἦ
1186 2332 1243 2390 δὶ
1302 2332 1522 2409 δευτέρα
1572 2334 1661 2389 καὶ
1710 2334 1845 2404 αὐτή
1880 2333 1930 2389 ἐν

274 2424 559 2498 Βηθλεὲμ,
618 2425 707 2481 καὶ
768 2421 939 2480 ἔτεκεν
1020 2421 1304 2480 Ἐλισαϐετ
1378 2425 1476 2493 τήν
1557 2424 1765 2500 μητέρα
1838 2430 1931 2480 τοῦ

273 2512 636 2589 Προδρὸμου.
703 2516 765 2571 Ἦ
827 2513 883 2569 δὲ
935 2515 1106 2571 Ἀννα
1162 2514 1238 2576 εἷς
1294 2515 1396 2581 τὴν
1455 2517 1557 2589 γῆν
1617 2521 1717 2583 τῆς
1766 2520 1933 2569 Γαλι-

274 2601 464 2673 λαίας,
522 2604 611 2658 καὶ
669 2601 842 2659 ἔτεκεν
904 2601 1111 2679 Μαρίαν
1163 2604 1261 2671 την
1304 2601 1585 2659 Θεοτόκον.
1644 2607 1730 2664 Ὠς
1791 2605 1927 2658 εἶναι

264 2694 373 2761 τήν
409 2692 713 2766 Σαλώμην,
764 2692 853 2747 καὶ
905 2693 1003 2761 τὴν
1062 2687 1371 2760 Ἐλίσαόετ,
1420 2690 1507 2745 καὶ
1536 2692 1637 2760 τὴν
1670 2693 1930 2748 Θεοτόκον

266 2781 565 2857 θυγατέρας
623 2780 872 2860 ἀδελφῶν
931 2785 1096 2855 τριῶν
1152 2780 1413 2850 θηλειῶν.
1446 2782 1509 2837 Ἦ
1544 2779 1601 2835 δὶ
1632 2782 1820 2847 Ἀννα,
1852 2783 1928 2844 ὡς

261 2872 519 2948 εἴπομεν,
552 2875 851 2950 γεννήσασα
904 2873 967 2928 τὸ
1028 2871 1164 2948 μέγα
1216 2867 1441 2949 ὄφελος,
1499 2873 1599 2941 τήν
1653 2872 1924 2944 σωτηρίαν

259 2969 367 3018 τοῦ
393 2964 627 3036 κόσμου,
685 2964 783 3033 τὴν
830 2965 1125 3039 ἄχραντον,
1182 2962 1271 3017 καὶ
1328 2962 1698 3037 ὑπεράμωμον
1732 2966 1921 3020 Θεοτό-

259 3076 385 3123 κον,
440 3053 530 3109 καὶ
586 3051 994 3127 ἀναθρεψαμένη
1055 3052 1145 3106 καὶ
1203 3052 1553 3127 ἀπαγάγοῦσα
1610 3051 1660 3107 ἐν
1706 3052 1785 3126 τῷ
1814 3060 1925 3127 ναῷ

261 3144 492 3217 Κυρίου,
552 3143 642 3197 καὶ
700 3143 955 3198 ἀναθεῖσα
1014 3140 1180 3211 αὐτὴν
1232 3145 1310 3214 τῷ
1369 3143 1508 3214 Θεῷ,
1569 3141 1706 3219 πρὸς
1764 3142 1925 3199 αὐτὸν

262 3231 539 3308 χαίρουσα
570 3230 920 3305 ἐξεδήμησεν.

588 3342 685 3396 Καὶ
721 3342 910 3414 μνήμη
956 3346 1055 3408 τῆς
1094 3336 1242 3401 ὁσίας
1277 3337 1602 3415 Εὐπραξίας.

333 3451 399 3506 Ἦ
460 3447 584 3504 ὁσία
656 3447 930 3521 Εὑπραξία
1002 3447 1069 3516 ἦν
1151 3449 1244 3519 μὲν
1304 3445 1391 3501 ἰπὶ
1464 3453 1565 3517 τῆς
1646 3445 1922 3523 βασιλείας

258 3538 577 3608 Θεοδοσίου,
654 3539 716 3593 οὗ
790 3537 878 3593 καὶ
955 3539 1216 3613 συγγενής
1292 3536 1603 3612 ἐτύγχανεν⁹
1683 3539 1920 3613 θυγάτηρ

258 3629 317 3686 δὲ
361 3630 674 3704 Ἀντιγόνου
731 3633 826 3685 τοῦ
887 3626 1275 3703 συγκλτιτικοῦ.
1334 3627 1411 3684 Οὗ
1467 3625 1916 3697 τελευτήσαντος,

256 3721 399 3788 αὐτὴ
432 3719 579 3792 παρά
632 3725 731 3787 τῆς
794 3718 1001 3793 μητρὸς
1062 3716 1370 3788 Εὐπραξίας
1403 3716 1619 3786 ἀνετέθη
1653 3721 1730 3788 τῷ
1766 3717 1916 3792 βασι-

254 3808 347 3865 λεῖ
379 3810 453 3870 ὡς
484 3813 750 3883 συγγενεῖ,
808 3806 898 3861 καὶ
958 3805 1239 3879 ἐπιτρόπῳ
1296 3804 1488 3875 αὐτῆς,
1540 3804 1915 3883 φροντίζεσθαι

253 3901 347 3955 ὑπ’
427 3898 612 3954 αὐτοῦ.
691 3896 796 3952 Καὶ
896 3899 1288 3968 μνηστευθεῖσα
1363 3892 1710 3970 συγκλητικῷ
1782 3916 1911 3963 τινι,

253 3988 480 4057 ἐπείπερ
536 3986 739 4050 ἐκεῖνος
793 3984 899 4057 πρὸ
954 3990 1052 4053 τῆς
1113 3982 1393 4062 συναφείας
1450 3982 1815 4054 ἐτελεύτησεν,
1846 3985 1913 4039 τὰ

254 4079 578 4151 ὑπάρχοντα
632 4074 766 4143 αὐτή
829 4072 994 4127 δοῦσα
1045 4078 1319 4147 πτωχοῖς,
1381 4073 1517 4145 μετὰ
1571 4079 1671 4142 τῆς
1704 4075 1911 4148 μητρὸς

252 4166 425 4234 αὐτῆς
454 4158 722 4219 κατέλαϐε
777 4163 875 4231 τὴν
932 4160 983 4215 ἐν
1046 4158 1516 4235 Αἰγύπτῳ·πόλιν
1564 4156 1777 4231 Θηϐῶν.
1812 4160 1910 4217 Καὶ

253 4252 578 4309 εἰσεῖρθοῦσα
611 4251 685 4313 εἷς
712 4251 776 4305 τὸ
812 4252 1197 4324 μοναστήριον,
1230 4249 1280 4305 ἑν
1341 4250 1386 4323 ᾧ
1438 4250 1687 4325 ὑπῆρχον
1721 4250 1909 4306 ἑκατὸν

252 4344 612 4415 μονάζουσαι,
671 4341 1009 4414 ἀπεκείρατο.
1070 4340 1175 4396 Καὶ
1232 4338 1368 4407 αὐτὴ
1431 4342 1525 4411 μὶν
1568 4337 1913 4415 προσήδρευ-

250 4454 338 4487 σεν
390 4436 472 4504 τῷ
534 4428 884 4503 μοναστηρίῳ
942 4429 1041 4497 τὴν
1101 4427 1382 4504 ἷσάγγελον
1420 4428 1610 4502 βιοῦσα
1642 4430 1808 4498 ζωήν.
1850 4429 1909 4483 Ἡ

247 4520 307 4575 δὲ
344 4524 532 4594 μήτηρ
574 4519 741 4588 αὐτῆς
795 4520 1155 4593 περιελθοῦσα
1204 4518 1273 4572 τὰ
1326 4518 1443 4571 κατ’
1474 4515 1743 4585 ἀνατολὴν
1777 4518 1910 4587 κτή-

246 4631 396 4683 ματα
432 4608 625 4677 αὐτῆς,
657 4608 744 4662 καὶ
804 4607 871 4662 τὰ
908 4610 1003 4679 μὲν
1062 4605 1390 4676 πωλήσασα,
1420 4605 1509 4659 καὶ
1564 4602 1728 4660 δοῦσα
1757 4627 1907 4661 πτω-

242 4706 403 4775 χοῖς,
456 4700 525 4753 τὰ
580 4695 638 4752 δὲ
687 4696 1006 4767 ἐκκλησίαις
1056 4696 1329 4765 ἀναθεῖσα,
1391 4695 1713 4769 ὑπέστρεψεν
1746 4696 1822 4759 εἰς
1847 4698 1909 4752 τὸ
1944 4708 1989 4772 D

250 4789 649 4861 μοναστήριον,
707 4786 797 4841 καὶ
860 4785 1043 4859 ὀλίγον
1105 4779 1439 4840 ἐπιϐιώσασα
1481 4783 1775 4857 ἐκοιμήθη.
1811 4784 1907 4839 Καὶ

252 4878 394 4951 μετὰ
446 4880 616 4931 ταῦτα
670 4878 704 4945 ἡ
764 4874 1038 4950 Εὗπραξία
1100 4873 1347 4948 μεγάλης
1406 4874 1602 4949 ἀρετῆς
1656 4872 1908 4943 ἐλθοῦσα,

245 4967 339 5021 καὶ
375 4965 627 5039 θαύματα
655 4966 949 5035 ποιήσασα,
973 4961 1309 5018 ἀνεπαύσατο
1337 4963 1387 5017 ἐν
1422 4962 1622 5038 Κυρίῳ.

508 5074 604 5128 Καὶ
652 5073 846 5145 μνήμη
905 5077 1007 5139 τῆς
1066 5071 1216 5132 ὁσίας
1266 5067 1659 5143 Ὀλυμπιάδος.

321 5185 388 5240 Ἥ
453 5182 577 5239 ὁσία
634 5182 945 5255 Ὀλυμπιὰς
1007 5182 1254 5257 ὑπῆρχεν
1316 5180 1401 5235 ἐπὶ
1468 5184 1569 5245 τῆς
1632 5179 1913 5256 βασιλείας

248 5270 555 5346 Ἀρκαδίου
612 5270 701 5326 καὶ
759 5269 1052 5344 Ὁνωρίου,
1112 5273 1218 5323 τῶν
1281 5268 1411 5323 υἱῶν
1476 5266 1767 5324 Θεοδοσίου
1820 5272 1914 5323 τοῦ

249 5359 542 5436 Μεγάλου.
614 5362 854 5435 θυγάτηρ
926 5360 1021 5431 μὲν
1108 5355 1405 5414 Ἀκούνδου
1469 5363 1565 5413 τοῦ
1648 5359 1913 5432 κόμητος,

246 5451 451 5527 ὲγγόνη
515 5448 574 5504 δὲ
631 5444 934 5506 Ἀὄλαὸίου
989 5452 1087 5503 τοῦ
1145 5445 1410 5523 ἐτιτσὶρχου⁹
1446 5448 1630 5527 νύμφη
1664 5446 1721 5503 δὲ
1753 5446 1917 5520 μόνον

244 5540 663 5615 χρηματίσασα,
720 5539 852 5614 γ’)νή
916 5535 972 5591 δὶ
1026 5535 1267 5598 οὐδενός.
1327 5541 1435 5591 Τοῦ
1489 5537 1590 5611 γὰρ
1651 5532 1915 5598 λαϐόντος

248 5629 428 5698 αὐτὴν
492 5630 630 5704 πρὸς
696 5629 892 5704 Κύριον
970 5625 1400 5700 ἐκδημήσαντος,
1488 5628 1747 5701 παρθένος
1808 5629 1920 5699 ἅμα

246 5718 339 5772 καὶ
406 5721 558 5794 χήρα
620 5715 873 5790 διέμεινε.
928 5716 1286 5772 Διατελέσασα
1361 5713 1417 5770 δὶ
1475 5715 1647 5770 πάντα
1674 5716 1763 5769 τὸν
1800 5716 1919 5791 βίον

247 5806 425 5880 αὖτῆς
488 5806 542 5865 δν
609 5806 879 5880 νηστείαις
936 5806 1024 5862 καὶ
1080 5810 1451 5882 προσευχαῖς,
1502 5804 1592 5861 καὶ
1647 5810 1763 5869 ταῖς
1814 5808 1921 5862 τῶν

2044 2069 2255 2129 gnaret
2288 2081 2299 2119 :
2334 2064 2541 2119 habuit
2569 2072 2765 2121 autem
2800 2075 2918 2123 tres
2969 2071 3145 2139 ﬁlias,
3202 2075 3463 2137 Mariam.
3492 2080 3684 2135 Soben

2045 2157 2101 2205 et
2132 2155 2383 2211 Annam.
2410 2156 2616 2226 Nupsit
2639 2164 2831 2211 autem
2852 2160 3044 2229 prima
3075 2162 3199 2217 ﬁlia
3228 2164 3287 2218 in
3318 2166 3685 2239 Bethlehem,

2041 2244 2361 2314 genuitque
2394 2244 2687 2309 Salomen,
2723 2264 2852 2318 qua}
2886 2254 2943 2303 et
2969 2252 3168 2308 Maria.
3219 2254 3420 2310 Altera
3449 2274 3683 2329 quoque

2042 2335 2245 2405 nupsit
2294 2335 2353 2389 in
2385 2336 2751 2403 Bethlehem,
2787 2344 2846 2393 et
2870 2342 3073 2412 genuit
3102 2343 3399 2399 Elisabeth
3436 2355 3686 2404 matrem

2042 2422 2449 2481 Praecursoris.
2492 2428 2664 2481 Anna
2710 2444 2844 2482 vero
2880 2432 3081 2501 nupsit
3110 2432 3169 2486 in
3220 2439 3377 2488 terra
3408 2437 3686 2506 Galilaeaa,

2043 2516 2102 2565 et
2128 2513 2334 2583 genuit
2356 2514 2595 2568 Mariam
2619 2515 2933 2585 Deiparam
2960 2534 2971 2571 :
3007 2518 3089 2573 ita
3114 2525 3180 2574 ut
3218 2522 3471 2591 Salome,
3497 2525 3687 2581 Elisa-

2039 2600 2177 2654 beth
2217 2617 2282 2655 ac
2315 2602 2567 2672 Deipara
2623 2603 2770 2657 180
2805 2605 2924 2658 sint
2982 2608 3159 2662 trium
3194 2627 3463 2666 sororum
3524 2614 3684 2669 ﬁlias-

2038 2692 2241 2761 Itaque
2274 2692 2444 2746 Anna
2474 2707 2605 2746 cum
2635 2694 3029 2763 genuisset,ut
3062 2698 3289 2768 praefati
3326 2718 3685 2761 sumus.ma-

2036 2796 2210 2851 gnam
2238 2780 2575 2841 utilitatem.
2594 2783 2921 2853 mundique
2955 2786 3679 2855 salutem,immaculatam

2037 2871 2349 2941 omnisque
2373 2870 2522 2925 labis
2552 2878 2851 2942 expertem
2886 2875 3218 2946 Deiparam,
3252 2895 3502 2949 eamque
3549 2882 3684 2936 edu-

2036 2965 2246 3024 casset,
2269 2965 2445 3029 atque
2476 2961 2537 3015 in
2569 2962 2857 3032 templum
2892 2965 3126 3019 Domini
3158 2967 3680 3037 adduxisset,Deo-

2036 3065 2147 3119 que
2178 3048 2510 3119 obtulisset,
2544 3051 2617 3105 ad
2650 3052 2844 3122 ipsum
2876 3053 3141 3125 gaudens
3171 3057 3461 3128 migravit.

2278 3325 2345 3379 Et
2388 3326 2828 3378 commemoratio
2858 3332 3057 3381 sancta
3100 3329 3420 3397 Eupraxiae.

2107 3431 2320 3486 Sancta
2348 3429 2659 3499 Eupraxia,
2691 3430 3019 3500 imperante
3059 3433 3407 3499 Theodosio,
3440 3438 3673 3508 claruit,

2033 3520 2205 3591 cujus
2238 3523 2296 3572 et
2325 3518 2521 3572 afﬁnis
2550 3517 2812 3584 fuit,ﬁlia
2831 3525 3029 3576 autem
3050 3523 3327 3595 Antigoni
3350 3529 3671 3584 senatoris:

2031 3624 2147 3680 quo
2180 3606 2478 3670 defuncto,
2503 3607 2631 3676 ipsa
2661 3624 2694 3661 a
2718 3612 2904 3661 matre
2940 3611 3229 3680 Eupraxia
3247 3613 3320 3667 ad
3356 3615 3671 3686 imperato-

2028 3714 2154 3752 rem
2185 3696 2437 3751 adducta
2469 3701 2751 3765 tanquam
2801 3696 3041 3753 afﬁnem
3102 3704 3160 3754 et
3225 3711 3670 3772 procuratorem

2028 3784 2339 3853 suum,sub
2373 3784 2502 3855 ejus
2524 3784 2709 3839 tutela
2738 3785 3176 3843 vixit.Senatori
3211 3798 3408 3846 autem
3432 3795 3667 3853 cuidam

2027 3875 2341 3946 desponsa,
2367 3890 2503 3928 cum
2532 3874 2648 3939 hic,
2666 3881 2984 3946 antequam
3010 3879 3061 3931 ei
3093 3880 3674 3951 copularetur,obiis-

2026 3970 2133 4030 set,
2168 3963 2481 4019 facultates
2535 3980 2671 4019 suas
2712 3964 3074 4037 pauperibus
3130 3969 3517 4040 distribuens,
3552 3993 3672 4033 una

2024 4070 2155 4108 cum
2190 4060 2377 4108 matre
2410 4054 2471 4107 in
2497 4053 2705 4107 urbem
2735 4055 2962 4127 Egypti
2989 4057 3215 4113 Thebas
3245 4064 3577 4117 concessit:
3613 4070 3671 4119 et

2024 4144 2451 4198 monasterium
2502 4143 2789 4214 ingressa.
2822 4144 2884 4198 in
2915 4162 3031 4215 quo
3064 4153 3302 4203 centum
3346 4153 3669 4208 sanctimo-

2020 4231 2209 4286 niales
2240 4230 2555 4303 degebant,
2614 4232 2793 4285 vitam
2850 4234 3076 4303 angelis
3134 4238 3425 4306 aequalem
3477 4241 3662 4297 duxit.

2021 4322 2202 4375 Mater
2230 4335 2362 4373 vero
2394 4335 2529 4372 cum
2556 4334 2692 4372 suas
2720 4321 3147 4389 possessiones,
3181 4340 3312 4393 quas
3345 4326 3405 4378 in
3427 4326 3665 4383 Oriente

2021 4412 2210 4471 erant,
2236 4406 2593 4461 circumiens
2619 4406 3001 4469 vendidisset.
3032 4426 3251 4481 easque
3284 4414 3498 4482 partim
3522 4432 3665 4486 pau-

2022 4497 2262 4569 peribus
2295 4495 2575 4562 dedisset,
2609 4497 2823 4566 partim
2879 4498 3146 4553 ecclesiis
3205 4500 3537 4571 obtulisset,
3590 4506 3664 4561 ad

2021 4586 2449 4641 monasterium
2481 4586 2952 4657 regressa,paulo
2985 4593 3117 4657 post
3148 4588 3667 4650 obdormivit.Post

2022 4677 2147 4731 haec
2177 4675 2469 4747 Eupraxia
2500 4691 2634 4729 cum
2666 4674 2740 4728 ad
2770 4674 3006 4731 culmen
3038 4677 3273 4733 virtutis
3307 4679 3660 4753 devenisset,

2024 4772 2081 4821 et
2106 4763 2395 4820 miracula
2425 4768 2738 4834 patrasset,
2772 4764 3062 4834 requievit
3092 4766 3151 4821 in
3184 4768 3454 4824 Domino.

2232 5068 2298 5122 Et
2333 5070 2776 5124 commemoratio
2828 5078 3031 5127 sancta:
3084 5073 3445 5144 Olympiadis.

2094 5177 2307 5231 Sancta
2337 5173 2658 5244 Olympias,
2693 5176 3124 5247 imperantibus
3176 5181 3421 5237 Arcadio
3472 5187 3531 5238 et
3561 5186 3667 5241 Ho-

2024 5266 2194 5323 norio
2229 5263 2369 5318 ﬁliis
2401 5263 2714 5318 Theodosii
2744 5266 2957 5339 Magni,
2991 5268 3114 5324 ﬁlia
3141 5269 3253 5324 fuit
3290 5273 3518 5328 Acundi
3569 5292 3670 5330 co-

2025 5355 2210 5424 mitis,
2247 5352 2443 5424 neptis
2471 5357 2669 5407 autem
2704 5353 2936 5409 Ablabii
2971 5357 3253 5427 praefecti,
3290 5379 3509 5433 sponsa
3540 5369 3669 5419 tan-

2028 5451 2153 5500 tum
2184 5440 2504 5514 appellata,
2538 5441 2763 5497 nullius
2795 5448 2993 5499 tamen
3026 5462 3209 5502 uxor:
3243 5450 3345 5520 qui
3369 5452 3526 5507 enim
3542 5469 3675 5507 eam

2028 5535 2296 5597 duxerat,
2331 5547 2466 5585 cum
2509 5530 2584 5585 ad
2631 5532 2947 5588 Dominum
2981 5536 3312 5607 migrasset,
3348 5540 3476 5610 ipsa
3513 5541 3673 5611 virgo

2031 5622 2209 5677 simul
2231 5625 2289 5675 et
2315 5620 2491 5674 vidua
2523 5623 2825 5676 remansit.
2863 5624 3117 5680 Cunctos
3158 5631 3357 5682 autem
3389 5630 3518 5682 vita:
3552 5628 3677 5683 dies

2032 5714 2090 5767 in
2118 5709 2393 5782 jejuniis,
2418 5709 2789 5765 orationibus
2841 5718 2899 5766 et
2929 5730 3160 5769 summa
3188 5716 3248 5768 in
3282 5731 3572 5784 pauperes
3605 5716 3681 5769 li-

2038 5800 2353 5859 beralitate
2390 5798 2773 5872 transigebat.
2808 5802 2961 5867 Quas
2984 5818 3119 5856 vero
3145 5802 3488 5873 possidebat
3507 5802 3687 5859 facul-
