4082 6200
403 396 522 457 559

1703 351 2126 444 MENOLOGH
2172 380 2371 442 PARS
2410 380 2518 443 III.

3690 382 3803 441 560

351 569 354 572 .
402 534 556 584 tates
615 542 824 584 omnes
890 524 952 579 in
996 521 1349 578 famulatum
1407 519 1759 592 pontiﬁcum
1832 514 2046 572 Christi

2161 509 2430 585 δεομένων
2487 511 2778 583 εὖποιῒαις,
2834 513 2926 568 καὶ
2978 516 3174 581 πᾶσαν,
3204 512 3269 584 ἧν
3323 512 3462 588 εἶχε,
3495 511 3798 583 περιουσίαν
3895 579 3900 583 υ

404 616 810 681 exhauriens,
888 613 1126 668 beatum
1201 612 1490 666 Joannem
1561 608 2048 680 Chrysostomum

407 709 661 765 maxime
712 704 1066 770 honorabat,
1115 701 1305 758 eidem
1355 701 1417 756 in
1447 700 1571 756 suis
1599 696 2049 755 infirmitatibus

403 798 763 856 deserviens.
799 796 1120 866 Postquam
1150 798 1350 848 autem
1394 791 1495 846 ille
1553 790 1846 862 injustuni
1891 785 2046 843 exsi-

403 891 549 944 lium
571 887 718 944 181
757 886 830 942 ab
856 884 1120 941 Eudoxia
1151 883 1530 956 imperatrice
1553 897 1764 954 passus
1815 879 2045 945 fuisset,

403 977 642 1034 tandem
675 982 734 1031 et
764 975 892 1048 ipsa
923 973 1315 1030 confessionis
1348 987 1568 1026 corona
1619 974 1904 1026 exornata
1937 971 2045 1022 est.

401 1070 544 1123 Nam
589 1083 695 1139 pro
753 1066 998 1121 veritate
1049 1063 1329 1137 relegata,
1379 1061 1599 1118 multas
1632 1058 2047 1114 tribulationes

401 1156 703 1212 sustinuit.
734 1155 844 1210 Sed
875 1169 1064 1226 usque
1095 1153 1157 1208 in
1191 1153 1370 1208 ﬁnem
1433 1153 1546 1206 Deo
1591 1150 1809 1222 gratias
1868 1164 2049 1221 agens

402 1247 679 1319 spiritum
715 1244 980 1302 tradidit.

400 1473 462 1526 Et
494 1469 938 1526 commemoratio
966 1473 1279 1523 sanctorum
1313 1468 1383 1520 65
1433 1467 1660 1521 Patrum
1711 1470 2044 1531 nostrorum,

613 1543 710 1612 qui
750 1543 808 1596 in
841 1543 1038 1611 quinta
1079 1539 1291 1611 synodo
1331 1535 1656 1607 congregati
1683 1542 1832 1593 sunt.

469 1689 641 1742 Anno
674 1685 927 1756 septimo
948 1683 1268 1740 Iustiniani
1301 1681 1704 1753 imperatoris,
1729 1679 2048 1736 Anthimus

399 1775 716 1832 haereticus
747 1773 938 1829 factus
961 1776 1058 1828 est
1083 1769 1776 1840 Constantinopolitanus
1799 1769 2048 1840 patriar-

2151 603 2430 659 κενώσασα
2461 603 2537 666 είς
2569 604 2855 679 θεραπείαν
2905 609 3014 660 τῶν
3054 609 3150 660 τοῦ
3205 606 3447 678 Χριστοῦ
3480 603 3800 681 ἀρχιερέων,

2153 693 2242 748 καὶ
2295 693 2386 749 τὸν
2439 696 2702 768 μακάριον
2763 695 3018 765 Ἰωάννην
3086 694 3177 749 τὸν
3236 693 3622 769 Χρυσόστομον
3693 691 3805 748 δια-

2153 784 2426 860 φερόντως
2482 785 2782 858 τιμήσασα,
2839 785 2929 840 καὶ
3006 781 3058 839 ἐν
3118 789 3236 846 ταῖς
3295 783 3590 848 ἀσθενείαις
3649 796 3806 860 θερα-

2153 871 2412 943 πεύσασα,
2473 871 2768 949 ἐπειδήπερ
2854 873 3056 937 ἐκεῖνος
3132 871 3316 928 ἄδικον
3407 872 3612 950 ἐξορίαν
3666 873 3807 947 παρά

2150 968 2251 1031 τῆς
2287 962 2609 1038 βασιλίσσης
2649 960 2913 1034 Εὐδοξίας
2973 963 3198 1034 ὑπέστη,
3257 962 3346 1019 ἐπὶ
3374 961 3519 1019 τέλει
3552 962 3643 1020 καὶ
3675 962 3805 1031 αὖτὴ

2151 1055 2230 1123 τῷ
2286 1057 2386 1120 τῆς
2443 1051 2749 1127 ὁμολογίας
2821 1053 3209 1125 κατεκοσμήθη
3269 1051 3534 1125 στεφάνῳ.
3597 1052 3809 1128 Ἐξορι-

2154 1147 2337 1206 σθεῖσα
2364 1141 2464 1219 γὰρ
2520 1143 2651 1218 ὑπὲρ
2699 1149 2802 1213 τῆς
2859 1142 3144 1214 ἀληθείας,
3191 1140 3439 1206 πολλοὺς
3478 1144 3810 1219 πειρασμοὺς

2159 1230 2464 1304 ὑπέμεινεν.
2522 1231 2698 1290 Ἀλλὰ
2791 1232 2959 1308 μέχρι
3025 1232 3216 1294 τέλους
3275 1233 3671 1309 εὖχαριστοῦσα
3731 1237 3810 1305 τῷ

2153 1325 2270 1393 θεῷ
2301 1321 2364 1377 τὸ
2395 1325 2605 1396 πνεῦμα
2634 1323 2920 1398 παρέθετο.

2155 1471 2258 1530 Καὶ
2292 1472 2484 1547 μνήμη
2533 1478 2642 1530 τῶν
2689 1472 2857 1549 ἁγίων
2883 1471 2962 1545 ⁴ξέ
2997 1474 3288 1549 -Πατέρων,
3329 1477 3438 1530 τῶν
3471 1472 3521 1530 ἐν
3551 1478 3618 1549 τῇ
3652 1476 3688 1530 ε’
3718 1495 3810 1530 συο

2698 1542 2844 1620 νόδῳ
2873 1542 3260 1604 συνελθόντων.

2227 1665 2317 1735 Τῷ
2360 1656 2582 1736 ἑϐδόμῳ
2641 1656 2746 1718 ἔτει
2801 1669 2903 1732 τῆς
2963 1664 3350 1721 Ἰουστινιανοῦ
3411 1661 3714 1740 βασιλείας,
3744 1664 3812 1732 ἦν

2152 1749 2503 1827 πατριάρχης
2561 1749 3194 1815 Κωνσταντινοοπόλεως
3251 1753 3520 1826 ’Δνθιμος
3579 1753 3608 1808 ὁ
3665 1752 3808 1829 αἱρε-

400 1866 533 1928 cha,
566 1864 667 1936 qui
701 1863 844 1919 olim
871 1861 1249 1934 Trapezuntis
1285 1839 1599 1932 episcopus
1631 1839 1886 1915 eratsed
1909 1858 2046 1914 inde

2160 1839 2328 1909 τικὸς,
2382 1840 2618 1916 γεγονὼς
2671 1841 2766 1914 μὲν
2813 1843 3225 1917 Τραπεζοῦντος
3282 1840 3602 1914 ἐπίσκοπος,
3647 1863 3809 1914 μετα-

405 1954 752 2018 translatus,
809 1951 883 2007 ad
940 1961 1216 2023 magnam
1274 1950 1451 2020 regias
1499 1949 1666 2004 urbis
1706 1947 2047 2004 cathedram

404 2043 692 2100 ascendit.
723 2043 867 2097 Cum
897 2058 1032 2097 vero
1055 2041 1372 2096 haareticus
1404 2043 1578 2104 esset,
1611 2038 1684 2094 ab
1708 2037 2049 2093 orthodoxis

405 2134 632 2207 ejectus
664 2131 912 2198 est,etin
945 2129 1280 2202 ejuslocum
1314 2127 1752 2184 sanctissimum
1773 2128 2049 2184 Ecclesia)

405 2220 1079 2291 Constantinoliolitanm
1133 2218 1568 2291 presbyterum,
1617 2223 1676 2273 et
1708 2218 2052 2288 Sampsonis

406 2310 790 2368 Xenodochio
821 2308 1169 2381 praefectum
1201 2310 1431 2364 Menam
1471 2310 1765 2380 Agapetus
1823 2297 2050 2380 magnae

406 2405 604 2458 Romae
623 2416 772 2472 papa
789 2399 1083 2454 ordinavit
1109 2399 1187 2452 Eo
1209 2397 1464 2470 praesule
1479 2396 1790 2452 innotuere
1810 2399 2052 2454 Severus

407 2493 465 2546 et
487 2492 715 2550 Petrus.
748 2489 1024 2546 homines
1056 2487 1329 2544 haeresim
1361 2487 1679 2542 omnemin
1705 2487 1916 2560 seipsis
1938 2489 2050 2543 cir~

405 2579 828 2638 cumferentes.
865 2576 966 2648 qui
997 2575 1321 2631 Ecclesiam
1353 2575 1566 2629 Christi
1607 2575 2052 2646 perturbarunt,

407 2665 770 2723 orthodoxos
802 2671 1081 2721 vexantes
1133 2663 1527 2730 Quamobrem
1549 2664 1919 2720 Iustinianus
1941 2665 2050 2722 im-

405 2762 644 2828 perator
657 2753 948 2826 synodum
968 2753 1274 2824 sexaginta
1304 2752 1569 2824 quinque
1591 2758 1930 2809 sanctorum
1954 2759 2051 2810 Pa-

407 2851 562 2900 trum
595 2842 1176 2914 Constantinopolim
1199 2842 1788 2913 convocavit,eosque
1810 2859 1945 2898 cum
1959 2860 2052 2899 as-

407 2934 602 2991 seclis.
638 2949 876 2988 necnon
906 2937 1213 2987 universas
1245 2930 2050 2988 haeresesanathematizavit.

407 3023 553 3078 Hinc
584 3023 846 3078 Ecclesia
889 3022 990 3078 Dei
1029 3022 1378 3078 memoriam
1411 3022 1589 3095 hujus
1649 3022 1859 3095 synodi
1889 3039 2054 3079 reco-

406 3111 560 3178 lens,
593 3111 780 3168 Deum
812 3111 1125 3186 glorificat.

957 3292 1198 3349 EODEM
1229 3291 1480 3351 MENSE.

904 3381 1010 3440 Die
1063 3383 1346 3439 vicesima
1394 3388 1558 3440 sexta

475 3471 628 3528 182
653 3474 943 3532 Certamen
968 3477 1308 3558 sacrosancti
1329 3476 1592 3545 martyris
1622 3475 1904 3532 Hermolai
1932 3481 1985 3532 et

1081 3560 1352 3601 δοσιονιιηι
1362 3587 1374 3600 .

476 3667 826 3722 Hermolaus
843 3669 1517 3740 sacromartyr,ejusque
1531 3670 1676 3725 socii
1701 3672 2054 3745 Hermippus

404 3760 463 3810 et
493 3754 927 3816 Hermocrates,
952 3771 1023 3810 ex
1055 3755 1214 3810 clero
1274 3757 1551 3811 Ecclesim
1583 3759 2052 3816 Nicomediensis

406 3839 760 3912 presbyteri,
780 3841 998 3912 reliqui
1029 3841 1267 3896 fuerant
1296 3859 1365 3897 ex
1397 3844 1599 3916 viginti
1629 3846 1895 3903 millibus
1914 3865 2052 3905 san-

405 3935 660 3997 ctorum,
692 3947 840 4002 quos
872 3930 934 3985 in
965 3931 1460 4004 ecclesiaimprus
1491 3935 2050 3995 Maximianuscom-

405 4017 617 4074 bussit.
650 4020 717 4075 In
749 4019 1008 4092 quadam
1057 4026 1258 4076 autem
1299 4021 1663 4079 domuncula
1717 4024 2052 4084 absconditi

405 4113 594 4163 erant.
627 4111 949 4182 Postquam
980 4126 1116 4166 vero
1165 4116 1407 4166 sanctus
1439 4113 1860 4171 Panteleemon
1893 4134 2052 4173 com-

402 4198 757 4271 prehensus,
774 4205 834 4255 et
862 4199 925 4254 in
959 4199 1353 4272 qumstionem
1377 4201 1450 4257 ad
1477 4203 1726 4275 impium
1750 4206 2050 4264 Maximia-

403 4304 545 4343 num
577 4289 871 4345 adductus
924 4288 1160 4358 fuisset,
1216 4291 1561 4363 compulsus
1619 4300 1709 4349 est
1765 4295 2050 4367 indicare,

400 4377 647 4434 ubinam
671 4377 1252 4434 Hermolauslateret
1279 4397 1563 4452 :cumque
1593 4383 1836 4438 mentiri
1859 4386 2050 4442 nesci-

400 4472 512 4534 ret,
545 4467 744 4523 locum
767 4467 1078 4523 confessus
1117 4467 1246 4524 fuit.
1281 4469 1447 4540 Capti
1474 4470 1654 4542 igitur
1679 4473 2050 4546 Hermolaus,

401 4555 758 4626 Hermippus
810 4562 868 4610 et
898 4557 1334 4621 Hermocrates,
1389 4559 1712 4632 vinctique,
1772 4568 1830 4618 et
1859 4564 1932 4620 ad
1963 4570 2052 4637 ty-

2155 1929 2326 1991 τεθεὶς
2379 1927 2438 1984 δέ
2490 1929 2581 1984 καὶ
2639 1931 3050 2005 προχειρισθεὶς
3105 1930 3394 2008 ἀρχιερεὺς
3423 1936 3520 1986 τοῦ
3567 1929 3804 2005 μεγάλου

2158 2019 2353 2094 Θρόνου
2406 2025 2506 2088 τῆς
2569 2018 2920 2094 βασιλεῦσης.
2981 2018 3142 2076 Ἀλλ’
3209 2021 3481 2096 αἱρετικός
3539 2019 3611 2076 ὢν
3671 2021 3804 2076 ὲκεῖο

2157 2129 2269 2174 νος,
2329 2102 2595 2179 ἐξεϐλήθη
2657 2108 2802 2184 παρά
2849 2113 2954 2164 τῶν
3013 2106 3342 2183 όρθοδόξων,
3399 2111 3488 2165 καὶ
3531 2109 3808 2185 ἐχειροτοο

2159 2198 2298 2266 νήθη
2360 2198 2470 2252 ἀντ’
2531 2195 2695 2253 αὐτοῦ
2752 2204 2944 2269 Μηνᾶς
3005 2199 3035 2254 ὁ
3091 2199 3392 2275 ἀγιώτατοε
3449 2195 3810 2276 πρεσόὖτερος

2155 2293 2256 2356 τῆς
2286 2285 2614 2357 Ἐκκλησίας
2664 2287 3316 2357 Κωνσταντινουπὸλεως,
3365 2290 3454 2345 καὶ
3522 2286 3808 2364 ξενοδόχος

2157 2380 2264 2431 τῶν
2327 2376 2570 2450 Σαμψὼν
2623 2376 2726 2432 ὑπὸ
2799 2377 3114 2453 Ἀγαπητοῦ
3197 2379 3349 2433 πάπα
3404 2381 3504 2446 τῆς
3567 2380 3811 2454 μεγάλης

2157 2465 2404 2538 Ῥώμης.
2485 2465 2608 2523 Ἐπὶ
2689 2465 2886 2522 τούτου
2947 2463 3298 2542 ἀναφανέντες
3381 2469 3646 2543 Σεόηρος,
3719 2469 3809 2524 καὶ

2161 2555 2386 2628 Πέτρος,
2446 2552 2721 2628 ἅνθρωποι
2781 2561 2952 2610 πᾶσαν
3013 2556 3219 2631 αἳρεσιν
3279 2555 3330 2611 ἐν
3386 2557 3603 2618 ἑαυτοῖς
3658 2577 3814 2630 περι-

2163 2641 2435 2716 φέροντες,
2497 2644 2588 2698 καὶ
2643 2645 2742 2714 τὴν
2800 2649 2902 2700 τοῦ
2955 2648 3190 2721 Χριστοῦ
3245 2643 3578 2716 Ἐκκλησίαν
3615 2648 3808 2721 ταράσ-

2161 2753 2366 2798 σοντες,
2423 2731 2657 2788 ἐλύπουν
2715 2733 2843 2796 τοὺς
2903 2731 3251 2808 όρθοδόξους,
3315 2736 3421 2791 Καὶ
3484 2737 3812 2810 συγκαλέσας

2161 2819 2385 2876 σύνοδον
2443 2822 2859 2893 ἐξηκονταπέντε
2914 2823 3084 2898 ἆγίων
3146 2825 3394 2901 πατέρων
3437 2826 3815 2889 Ἰουστινιανὸς

2161 2911 2189 2966 ὁ
2275 2910 2529 2986 βασιλεὺς
2590 2911 2642 2968 ἐν
2728 2910 3328 2983 Κωνσταντινουπόλει,
3433 2915 3812 2989 ἀναθεμάτισεν

2160 2999 2356 3065 αὐτους
2427 3021 2486 3056 τε
2539 2999 2629 3055 καὶ
2676 2999 2806 3063 τοὺς
2867 3000 3180 3079 ὁμόφρονας
3229 3003 3428 3072 αὐτῶν,
3487 3004 3578 3059 καὶ
3641 3009 3810 3060 πᾶσαν

2161 3090 2392 3160 αἳρεσιν.
2443 3091 2671 3147 Ἔκτοτε
2729 3089 2820 3147 οῦν
2880 3092 3208 3168 ἑορτάζουσα
3261 3096 3296 3164 ἡ
3349 3097 3445 3150 τοῦ
3508 3099 3643 3150 Θεοῦ
3692 3097 3816 3153 Ἐκ-

2162 3175 2367 3248 κλησία
2412 3179 2512 3248 τήν
2579 3177 2841 3250 τοιαύτην
2905 3179 3223 3253 ἀνάμνησιν,
3268 3178 3476 3255 δοξάζει
3519 3183 3610 3238 τὸν
3659 3184 3812 3246 Θεὸν.

2709 3298 2893 3357 MHNI
2931 3301 3024 3357 ΤΩ
3063 3302 3266 3360 ΑΥΤΩ.

2960 3388 3049 3458 κζ’

2157 3471 2426 3546 ’ΆΘλησις
2453 3479 2552 3532 τοῦ
2593 3474 2753 3552 ἁγίου
2801 3477 3197 3571 ἱερομάξτυρος
3243 3479 3558 3556 Ἐρμολάου
3589 3481 3816 3538 καὶτῶν

2827 3570 2924 3606 συν
2973 3570 3146 3622 αοτῳ.

2229 3660 2542 3734 Ἑρμόλαος
2590 3663 2619 3719 ὁ
2688 3663 3020 3740 ἱερομάρτυρ
3072 3664 3162 3720 καὶ
3216 3667 3268 3721 οἱ
3336 3664 3429 3722 σὺν
3481 3666 3632 3741 αὗτῷ
3681 3670 3815 3746 Ἐρ-

2163 3771 2391 3824 μιππος,
2461 3751 2550 3808 καὶ
2619 3752 3002 3828 Ἐρμοκράτῆς
3070 3753 3132 3810 ἐκ
3193 3759 3290 3810 τοῦ
3338 3755 3551 3829 κλήρου
3616 3765 3715 3829 τῆς
3763 3757 3816 3814 ἐν

2158 3838 2502 3914 Νικομηδείᾳ
2571 3841 2906 3913 Ἔκκλησίας
2950 3843 3202 3920 ὑπῆρχον
3250 3841 3608 3924 πρεσϐύτεροι
3660 3869 3815 3921 περιτο

2159 3927 2471 4003 λειφθέντες
2525 3928 2584 3986 ἐκ
2635 3935 2744 3986 τῶν
2800 3932 3103 3987 καυθέντων
3169 3930 3477 4007 δυσμυρίων
3537 3936 3704 4011 ἁγίων
3763 3937 3818 3992 ἐν

2155 4021 2224 4092 τῇ
2289 4017 2554 4092 ἐκκλησίᾳ
2603 4019 2706 4074 ὑπὸ
2766 4020 3110 4093 Μαξιμιανοῦ
3177 4025 3274 4077 τοῦ
3342 4019 3658 4097 δυσσεϐοῦς,
3722 4027 3815 4082 καὶ

2155 4107 2527 4182 κρυπτόμενοι
2577 4105 2629 4163 ἔν
2677 4129 2780 4163 τινι
2829 4106 3114 4182 δωματίῳ.
3151 4111 3302 4168 Ἐπεὶ
3353 4109 3410 4167 δὲ
3439 4114 3467 4167 ὀ
3497 4113 3650 4188 ἅγιος
3682 4119 3824 4170 Ila-I-

2155 4196 2448 4268 τελεημων
2494 4197 2808 4272 κρατηθεὶς,
2858 4199 2949 4254 καὶ
3020 4199 3100 4262 είς
3172 4199 3407 4270 ἐξέτασιν
3458 4203 3647 4277 ἀχθεὶς
3699 4205 3824 4260 Μα-

2159 4285 2390 4358 ξιμιανῷ
2445 4289 2524 4358 τῷ
2581 4282 2854 4356 δυσσεϐεῖ,
2929 4287 3238 4362 ἠναγκάσθη
3317 4289 3442 4362 περὶ
3506 4291 3826 4367 Ἑρμολάου

2161 4373 2356 4443 εἰπεῖν,
2418 4378 2528 4430 ποῦ
2588 4376 2907 4450 κρύπτεταιο
2977 4377 3067 4432 καὶ
3141 4378 3216 4450 μή
3275 4376 3436 4442 εἰδὼς
3508 4379 3830 4454 ψεύδεσθαι,

2160 4462 2494 4539 ὡμολόγησε
2541 4465 2632 4520 τὸν
2681 4464 2873 4520 τόπον·
2941 4465 3314 4540 ἐκρατήθησαν
3363 4470 3455 4524 καὶ
3505 4470 3659 4526 αὐτοὶ
3709 4475 3832 4545 Ἑρο

2165 4552 2398 4625 μόλαος,
2453 4555 2793 4629 Ἕρμιππος.
2848 4554 2937 4610 καὶ
2986 4556 3388 4631 Ἑρμοκράτης.
3444 4559 3546 4615 Καὶ
3603 4557 3829 4634 δέσμιοι

608 4613 663 4626 ι.
1323 4613 1334 4621 ν
1504 4613 1712 4632 "’1'"!
1777 4613 1829 4618 "
1861 4613 1983 4620 ’”““’

398 4657 654 4696 rannum
681 4643 920 4700 adducti
981 4646 1167 4702 libere
1194 4646 1493 4703 Christum
1525 4650 1778 4706 confessi
1804 4613 2049 4720 sunt;det

2163 4642 2528 4717 παραστάντες
2597 4647 2676 4715 τῷ
2746 4643 3007 4716 τυράννῳ,
3082 4643 3456 4720 ὡμολόγησαν
3540 4648 3834 4725 παρῥησίᾳ

397 4728 564 4784 idola
594 4731 837 4801 quidem
865 4733 1199 4791 irridebant
1245 4737 1602 4810 probrisque
1635 4740 2050 4815 incessebant;

397 4833 499 4873 eos
529 4824 730 4875 autem
767 4821 869 4892 qui
903 4821 964 4877 in
997 4823 1104 4880 illa
1132 4824 1726 4886 crederentmiseros
1744 4832 2050 4891 vocabant.

395 4909 801 4974 Quamobrem
828 4912 1078 4971 diversis
1111 4918 1425 4973 tormentis
1479 4923 1825 4992 excruciati,
1858 4925 2052 4998 capite

399 4999 558 5072 plexi
591 5007 768 5058 sunt:
802 5009 980 5078 atque
1011 5006 1098 5062 ita
1139 5012 1558 5079 consummati,
1591 5031 1840 5088 regnum
1864 5017 2050 5075 indis-

397 5089 650 5148 solubile
675 5093 973 5168 vitamque
1006 5099 1431 5171 sempiternam
1462 5111 1836 5176 receperunt.

470 5235 538 5291 Et
573 5243 848 5296 certamen
877 5241 1059 5297 sancti
1088 5243 1354 5313 martyris
1381 5243 1574 5300 Sancti
1601 5252 1655 5300 et
1685 5249 1975 5308 sociorum.

2159 4732 2250 4787 τὸν
2299 4733 2556 4807 Χριστὸν,
2621 4731 2712 4786 καὶ
2761 4733 2830 4786 τά
2881 4729 3087 4787 εἴδωλα
3135 4729 3490 4809 διεχλεύασαν
3560 4739 3652 4792 καὶ
3724 4736 3835 4795 διέο

2162 4840 2348 4895 συραν,
2383 4822 2473 4876 καὶ
2539 4819 2668 4883 τοῦς
2718 4819 2796 4882 είς
2842 4820 2974 4876 αὗτά
3021 4821 3374 4886 πιστεύοντας
3423 4824 3661 4890 ἀθλίους
3713 4827 3840 4884 ἐπε-

2159 4909 2412 4968 κάλεσαν.
2477 4913 2634 4975 Ὀθεν
2703 4907 2982 4989 διαφόρως
3060 4911 3492 4988 τιμωρηθέντες,
3560 4916 3841 4993 duaeea:

2161 4999 2446 5072 λίσθησαν⁸
2478 4999 2566 5054 καὶ
2599 4997 2742 5056 οὕτω
2791 4997 3170 5066 τελειωθέντες
3221 4997 3496 5060 ἀπέλαϐον
3543 5004 3834 5082 βασιλείαν

2157 5091 2258 5160 τὴν
2287 5086 2620 5144 ἀκατάλυτον
2652 5089 2743 5144 καὶ
2778 5089 2922 5160 ζωήν
2951 5087 3151 5151 ἀΐδιον.

2159 5241 2261 5301 Καὶ
2309 5237 2540 5312 ἄθλησις
2581 5243 2678 5297 τοῦ
2723 5239 3209 5376 άέἑρὲδίμὲρὶἕτροοὲ
3260 5244 3527 5322 Σάγκτου,
3580 5247 3672 5302 καὶ
3727 5254 3843 5318 τῆς

462 5407 556 5473 Hi,
581 5409 774 5466 Marco
803 5408 1105 5468 Antonino
1138 5409 1571 5483 imperante,ex
1603 5415 1747 5474 urbe
1771 5421 2049 5482 Ravenna

2227 5430 2392 5489 Οὗτοι
2447 5429 2700 5506 ὑπῆρχον
2754 5428 2840 5486 ἐπὶ
2888 5437 2990 5500 τῆς
3046 5431 3329 5506 βασιλείας
3359 5434 3591 5509 Μάρκου
3622 5437 3846 5494 ’Δντω-

389 5499 714 5570 provinciae
754 5499 940 5556 Italiae
989 5499 1255 5556 fuerunt.
1296 5501 1463 5568 Quod
1515 5510 1715 5565 autem
1746 5510 2046 5575 Christum

2160 5519 2324 5586 νίνου,
2392 5518 2452 5574 έκ
2511 5499 2807 5590 Ῥαϐέννης
2870 5499 2970 5589 τῆς
3039 5499 3256 5586 πόλεως
3313 5499 3504 5600 χώρας
3563 5527 3840 5594 Ἰταλίας.

392 5587 852 5688 confiterentur.
884 5605 918 5645 a
948 5588 1274 5660 provincia)
1305 5592 1583 5666 praafecto
1606 5603 2045 5676 comprehensi,

2160 5607 2250 5664 Διά
2274 5604 2332 5664 δὲ
2363 5607 2460 5676 τήν
2493 5605 2568 5670 εἷς
2603 5587 2831 5684 Χριστὸν
2885 5587 3190 5686 ὁμολογίαν
3256 5587 3613 5688 κρατηθέντες
3676 5587 3848 5693 παρά

391 5677 652 5747 primum
683 5677 924 5749 quidem
956 5677 1294 5739 durissimis
1329 5684 1636 5758 suppliciis
1666 5691 1860 5750 affecti
1883 5701 2042 5766 sunt,

2160 5701 2248 5753 τοῦ
2299 5703 2398 5768 τῆς
2461 5697 2651 5774 χώρας
2707 5695 3002 5775 ἄρχοντος,
3053 5677 3844 5781 ⁸πρῶτον-μὶνἐϐασανίσθίη-
