4082 6200
301 289 416 354 861

1820 289 2117 356 IULIUS.

3579 297 3696 359 562

302 446 400 479 σαν
460 422 733 503 σφοδρῶς,
790 426 882 482 τὸν
939 425 1171 501 Χριστὸν
1229 427 1558 501 ἀρνήσασθαι
1619 445 1959 501 καταναγκα-

2080 432 2138 483 ut
2169 426 2253 483 sic
2282 426 2574 500 abnegare
2598 428 2896 484 Christum
2947 429 3368 502 adigerentur:
3420 430 3521 485 sed
3564 430 3625 486 id
3666 448 3729 487 se

303 515 550 587 ζόμενοι.
611 516 715 573 Καὶ
770 520 933 571 τοῦτο
1004 518 1081 589 μὴ
1162 518 1515 587 ποιήσαντες,
1588 513 1962 592 παρεδόθησαν

300 603 547 681 φυλακῇ.
605 606 833 662 Ἔπειτα
887 612 988 676 τῆς
1048 605 1297 676 φυλακῆς
1355 600 1738 676 ἐκϐληθέντες,
1796 602 1962 659 πάλιν

302 693 753 771 ίτιμωρήθησαν.
785 697 843 753 Ὀ
898 695 992 769 μὶν
1043 697 1148 772 γὰρ
1207 694 1394 771 χαλκᾶ
1446 694 1654 750 πέταλα
1709 713 1969 768 πεπυρω-

306 786 441 858 μένα
470 786 609 840 κατὰ
665 789 773 841 τῶν
834 790 1086 861 πλευρῶν
1145 783 1383 859 ἐδέξατο⁸
1438 786 1466 839 ὁ
1515 782 1571 840 δὶ
1611 783 1825 859 θηρίοις
1856 782 1967 853 ἰξε-

304 872 462 946 δόθη·
498 878 527 932 ὁ
571 873 629 931 δὲ
688 876 765 940 είς
825 874 1083 953 σιδηροῦν
1146 876 1338 952 θρόνον
1393 876 1783 951 πεπυρωμένον
1840 872 1966 928 ἐκα-

303 962 492 1032 θέσθη.
525 963 632 1019 Καὶ
666 965 797 1039 γυνή
853 985 935 1028 τις
984 970 1245 1039 τυφθεῖσα
1302 962 1408 1018 ἀπὸ
1464 960 1680 1037 πρωίας
1732 958 1837 1022 ἕως
1881 960 1966 1014 ἐσ-

300 1051 491 1124 πὲρας,
547 1053 636 1107 καὶ
690 1052 777 1108 ἰπὶ
833 1052 999 1124 ξύλου
1055 1058 1440 1129 κρεμασθεῖσα,
1488 1050 1579 1107 καὶ
1623 1050 1837 1126 θηρίοις
1868 1049 1966 1104 ὲκ-

303 1138 535 1199 δοθεῖσα.
573 1144 675 1199 Καὶ
726 1139 923 1205 ’ίπποις
983 1140 1358 1218 προσδεθεῖσα,
1418 1140 1509 1196 καὶ
1567 1139 1657 1196 ἐπὶ
1694 1137 1842 1194 πολὺ
1874 1158 1967 1192 συ-

304 1232 536 1305 ρομὲνη.
584 1228 870 1307 παρέδωκε
922 1231 986 1287 τὸ
1043 1236 1277 1305 πνεῦμα.
1338 1230 1405 1289 Ol
1466 1228 1524 1285 8t
1581 1226 1773 1284 λοιποὶ
1804 1226 1857 1283 ἓν
1897 1229 1966 1300 τῇ

304 1321 520 1400 φυλακῇ
607 1318 917 1396 βληθέντες,
1002 1321 1271 1397 σχοινίοις
1385 1319 1788 1395 ἀπεπνίγησαν,
1875 1315 1966 1371 καὶ

307 1411 442 1486 βορὰ
468 1416 591 1473 τοῖς
618 1411 771 1466 κυσὶν
818 1410 1131 1488 ἐρρίφησαν,
1190 1411 1281 1467 καὶ
1331 1407 1579 1484 ἄψαυστα
1622 1409 1689 1465 τὰ
1738 1406 1969 1482 λείψανα

302 1500 479 1556 αὐτῶν
537 1497 912 1574 διαμείναντα,
970 1506 1052 1575 τῷ
1109 1505 1345 1575 ποταμῷ
1406 1497 1649 1573 Ῥοδανῷ
1714 1494 1965 1574 ἰναπεῤῥί

304 1609 507 1665 φησαν.

374 1678 474 1733 Καὶ
512 1679 707 1751 μνήμη
737 1682 838 1733 τοῦ
867 1677 1021 1734 ὁσίου
1044 1678 1302 1735 Ἰωάννου
1329 1680 1428 1733 τοῦ
1461 1673 1967 1753 Παλαιολαυρίτουο

303 1770 388 1825 καὶ
420 1771 519 1823 τοῦ
547 1766 710 1844 άγίου
740 1767 1068 1845 Μαυρικίου.

862 1887 1047 1946 MHNI
1074 1887 1166 1944 T0
1200 1890 1400 1946 ΑΥΤΩ.

1086 1981 1188 2033 KZ'

369 2073 645 2149 ’Ἄθλησις
692 2077 794 2133 τοῦ
844 2073 998 2152 ἁγίου
1056 2071 1547 2151 μεγαλομάρτυρος
1579 2068 1889 2143 Ιῐαντελεή-

1036 2169 1223 2222 μονος.

372 2276 804 2349 Παντελεήμων,
859 2276 888 2330 ὁ
936 2278 1035 2331 τοῦ
1108 2275 1341 2349 Χριστοῦ
1429 2273 1682 2347 μέγιστος
1737 2270 1961 2345 μάρτυς,

303 2366 367 2436 ῆν
404 2368 499 2441 μὲν
527 2365 589 2422 ἐκ
614 2368 714 2431 τῆς
775 2364 989 2427 πόλεως
1044 2360 1444 2437 Νικομηδείας,
1486 2361 1601 2425 υίὸς
1637 2358 1695 2416 δὶ
1727 2359 1967 2433 Εὐστορ-

302 2456 420 2534 γίου
478 2455 788 2527 νΕλληνος,
845 2454 936 2509 καὶ
997 2448 1288 2525 Εὐϐούλης
1366 2454 1722 2527 Χριστιανῆς,
1781 2448 1964 2524 ἰατρὸς

304 2546 400 2613 τήν
458 2545 686 2621 τεχνην.
749 2541 1031 2620 διδαχθεὶς
1108 2543 1309 2613 ταύτην
1373 2542 1467 2615 μὶν
1544 2539 1690 2614 παρᾶ
1744 2537 1966 2615 Εὔφρο-

304 2633 490 2703 σύνου,
524 2633 679 2704 δόξαν
716 2635 981 2709 μεγίστην
1043 2629 1271 2709 ἔχοντος
1326 2630 1380 2686 ἂν
1435 2634 1555 2692 τοῖς
1601 2627 1831 2702 ἰατροῖς
1864 2628 1963 2696 τήν

302 2719 360 2779 δὶ
386 2728 491 2779 τοῦ
523 2724 762 2798 Χριστοῦ
793 2722 972 2779 πίστιν
1034 2723 1180 2797 παρᾶ
1239 2718 1552 2795 Ἐρμολάου
1594 2721 1692 2775 τοῦ
1730 2711 1960 2792 πρεσϐυ-

299 2813 486 2886 τὲρου,
520 2816 605 2892 ὑφ’
648 2814 710 2869 οὗ
739 2814 830 2870 καὶ
886 2809 1214 2883 ἕϐαπτίσθη.
1271 2813 1349 2867 Δι’
1400 2809 1467 2880 ἦν
1518 2808 1609 2865 καὶ
1659 2804 1828 2863 παῖδα
1860 2807 1963 2862 ὑπὸ

304 2901 531 2979 ἐχίδνης
589 2900 890 2979 πληγέντα,
946 2902 1038 2957 καὶ
1114 2900 1482 2965 θανατωθὲντα
1537 2897 1813 2968 άνὲστησε,
1872 2897 1962 2952 καὶ

301 2992 508 3071 τυσρλὸν
542 2991 846 3069 ἀναβλέψαι
898 2990 1143 3063 εποίησεο
1198 2991 1288 3047 καὶ
1341 2988 1486 3048 ἄλλα
1526 2985 1715 3044 πολλὰ
1746 2985 1963 3063 ὃιενήρ-

303 3103 439 3158 γησε
497 3084 764 3156 θαύματα.
827 3082 1190 3159 Διαγνωσθεὶς
1265 3079 1323 3136 δὲ
1377 3084 1458 3152 τῷ
1518 3076 1734 3155 βασιλεῖ
1787 3078 1958 3147 Μαξι-

2069 518 2494 575 commissuros
2524 526 2828 592 negantes,
2858 519 2920 574 in
2951 537 3250 576 carcerem
3280 521 3560 593 conjecti,
3594 538 3733 577 mox

2071 607 2210 663 inde
2242 608 2461 677 educti,
2494 626 2699 664 rursus
2750 609 2887 664 torti
2936 609 3140 665 fuere:
3192 617 3250 665 et
3302 610 3457 667 alius
3490 608 3731 681 quidem

2073 696 2394 753 candentes
2426 698 2682 753 laminas
2708 714 2905 753 teneas
2954 698 3239 754 lateribus
3287 699 3588 770 subjectas
3621 699 3733 753 ha-

2071 784 2236 853 buit;
2265 787 2418 842 alius
2445 786 2588 842 feris
2622 786 2908 854 traditus;
2935 787 3087 842 alius
3119 788 3180 842 in
3209 788 3350 843 sede
3377 788 3572 843 ferrea
3603 804 3736 843 can-

2072 874 2248 931 dente
2275 877 2588 948 impositus
2615 876 3007 942 estQuaedam
3032 883 3230 933 autem
3261 878 3478 932 mulier
3503 894 3537 932 a
3555 894 3732 933 mane

2072 981 2260 1036 usque
2292 966 2365 1019 ad
2395 983 2701 1037 vesperam
2756 966 2955 1039 flagris
3006 984 3175 1033 caasa,
3228 985 3364 1023 mox
3409 967 3470 1021 in
3504 967 3729 1039 lignum

2073 1072 2383 1127 suspensa,
2417 1055 2676 1125 ferisque
2709 1055 2962 1127 objecta,
2996 1057 3163 1127 equis
3194 1056 3433 1112 demum
3465 1057 3729 1129 alligata,

2072 1147 2143 1202 ab
2168 1146 2360 1218 iisque
2382 1144 2604 1200 diutius
2630 1151 2881 1218 raptata,
2907 1147 3181 1218 spiritum
3205 1147 3467 1202 tradidit.
3489 1147 3723 1217 Reliqui

2071 1254 2206 1293 vero
2256 1239 2316 1293 in
2346 1254 2646 1294 carcerem
2678 1238 2925 1305 detrusi,
2958 1237 3318 1309 funibusque
3351 1238 3727 1309 strangulati,

2074 1329 2320 1386 canibus
2378 1328 2453 1383 ad
2508 1327 2909 1384 devorandum
2966 1328 3215 1400 projecti
3264 1334 3434 1382 sunt:
3477 1344 3727 1399 quorum

2073 1418 2226 1473 183
2260 1418 2528 1490 reliquias
2561 1435 2696 1473 cum
2726 1418 2963 1473 intacta
2996 1416 3379 1483 mansissent,
3403 1416 3466 1471 in
3497 1416 3729 1473 Rhoda-

2072 1525 2214 1565 num
2249 1506 2492 1564 ﬂuvium
2516 1508 2693 1580 jactas
2723 1506 2983 1563 fuerunt.

2144 1688 2215 1743 Et
2242 1687 2731 1743 commemoratio
2763 1687 2954 1744 sancti
2998 1685 3243 1744 Joannis
3275 1682 3727 1752 Paleeolauritaa,

1993 1798 2047 1864 Β
2078 1782 2136 1833 et
2161 1777 2352 1834 sancti
2376 1777 2658 1835 Mauritii.

2634 1893 2874 1950 EODEM
2914 1893 3166 1951 MENSE.

2535 1984 2638 2041 Die
2683 1984 2965 2041 vicesima
2994 1985 3265 2058 septima.

2146 2084 2431 2141 Certamen
2460 2085 2637 2140 sancti
2681 2086 2869 2156 magni
2912 2085 3171 2154 martyris
3204 2082 3654 2139 Panteleemonis.

2144 2271 2568 2329 Panteleemon
2614 2273 2908 2329 maximus
2957 2272 3173 2329 Christi
3204 2277 3449 2344 martyr,
3483 2287 3552 2327 ex
3581 2268 3726 2325 urbe

2073 2362 2435 2429 Nicomedia,
2458 2362 2616 2419 [ilius
2637 2363 2750 2419 fuit
2777 2363 3068 2436 Eustorgii
3103 2362 3345 2427 ethnici,
3380 2369 3438 2417 et
3465 2360 3725 2416 Eubules

2073 2452 2443 2517 Christiana,
2477 2452 2846 2525 professione
2888 2451 3193 2508 medicus:
3252 2468 3428 2523 quam
3480 2450 3726 2522 quidem

2073 2549 2262 2599 artem
2316 2541 2389 2598 ab
2441 2542 2831 2614 Euphrosyno
2885 2540 3203 2598 maximam
3256 2541 3415 2595 inter
3467 2539 3730 2594 medicos

2071 2633 2318 2708 gloriam
2351 2631 2564 2705 adepto
2598 2632 2925 2701 didicerat;
2959 2631 3177 2687 Christi
3217 2637 3413 2687 autem
3449 2630 3626 2686 ﬁdem
3659 2628 3730 2685 ab

2074 2723 2387 2779 Hermolao
2420 2721 2765 2796 presbytero
2821 2723 3069 2794 accepit,
3104 2738 3137 2777 a
3168 2738 3284 2793 quo
3316 2727 3374 2775 et
3402 2720 3728 2792 baptizatus

2074 2819 2200 2868 est:
2234 2812 2306 2868 ob
2339 2829 2591 2884 eamque
2646 2819 2705 2867 et
2761 2828 3011 2883 puerum
3044 2811 3257 2883 viperea
3308 2825 3511 2866 morsu
3542 2810 3729 2864 inter-

2071 2902 2291 2959 fectum
2313 2902 2387 2958 ad
2409 2903 2585 2959 vitam
2612 2902 2924 2970 revocavit,
2954 2907 3007 2957 et
3040 2918 3196 2958 caeco
3228 2899 3416 2955 visum
3446 2898 3728 2966 restituit,

2073 3000 2133 3050 et
2160 2994 2276 3050 alia
2303 2993 2474 3065 plura
2505 2992 2792 3049 miracula
2843 2992 3112 3065 patravit.
3151 2990 3385 3046 Delatus
3426 2996 3622 3046 autem
3654 2988 3727 3043 ad

2070 3084 2491 3140 Maximianum
2524 3081 2963 3154 imperatorem,
2988 3088 3047 3137 et
3067 3081 3555 3153 comprehensus,
3590 3095 3727 3135 cum

310 3178 508 3246 μιανῷ,
538 3174 627 3228 καὶ
657 3173 972 3248 κρατηθεὶς,
1026 3173 1117 3229 καὶ
1173 3172 1267 3227 τὸν
1325 3170 1554 3247 Χριστὸν
1588 3168 1960 3243 ὁμολογήσας,

2080 3174 2374 3229 Christum
2444 3172 2751 3229 confessus
2820 3172 3051 3239 fuisset,
3111 3170 3358 3225 diversis
3416 3169 3727 3225 tormentis

303 3258 626 3333 ἰεασανίσθη
686 3260 985 3340 διαφόρως.
1046 3260 1144 3317 Kal
1197 3260 1509 3317 τελευταῖον
1564 3262 1663 3327 τῆν
1726 3254 1815 3313 διὰ
1864 3260 1961 3312 τοῦ

306 3353 491 3429 ξίφους
550 3351 818 3430 ἀπόφασιν
874 3344 1084 3420 λαϐὼν,
1142 3346 1316 3411 δεθεὶς
1372 3347 1617 3417 ἁλύσεσι,
1666 3346 1757 3402 καὶ
1794 3366 1960 3402 κατα-

307 3437 496 3498 λαϐὼν
524 3442 620 3499 τὸν
650 3442 820 3497 τόπον
874 3447 976 3512 τῆς
1031 3439 1396 3509 τελειώσεως,
1423 3435 1720 3515 προσεδὲθη
1755 3434 1962 3513 ὃὲνδρώ

308 3530 519 3594 ἐλαίας.
588 3532 687 3586 Καὶ
750 3531 1091 3605 ἀποτμηθεὶς
1181 3531 1281 3598 τὴν
1366 3528 1632 3606 κεφαλὴν,
1720 3524 1965 3604 ἔρῥευσεν

305 3623 467 3695 αἷμα,
498 3621 590 3677 καὶ
621 3619 785 3697 γάλαο
838 3620 970 3695 ὅπερ
1022 3615 1189 3695 μέχρι
1242 3621 1340 3684 τῆς
1401 3619 1645 3693 σήμερον
1699 3616 1966 3690 φαινόμε-

303 3732 418 3782 νον,
502 3712 734 3787 παρέχει
808 3715 924 3774 τοῖς
1008 3707 1481 3786 προσερχομένοις
1563 3710 1693 3763 πᾶσι
1748 3710 1965 3769 πιστοῖς

306 3798 539 3875 ἰάματα.

619 3915 718 3974 Kal
765 3916 959 3991 μνήμη
990 3920 1091 3985 τῆς
1139 3911 1295 3989 ἁγίας
1321 3913 1653 3985 Ἀνθούσης.

374 4057 440 4110 ’Π
471 4051 592 4109 ὁσία
631 4056 906 4116 ’Ἃνθουσα
966 4050 1187 4125 ὑπῆρχε
1246 4049 1339 4124 μὶν
1383 4046 1472 4104 ἐπὶ
1529 4054 1629 4119 τῆς
1688 4045 1966 4124 βασιλείας

307 4140 723 4202 Κωνσταντίνοῦ
778 4143 880 4195 τοῦ
928 4135 1298 4199 Καϐαλλίνου.
1360 4137 1754 4195 Καταλιποῦσα
1794 4133 1852 4193 δὲ
1878 4136 1969 4192 τὸν

305 4234 543 4305 κόσμον,
600 4230 689 4285 καὶ
741 4230 833 4285 τὸν
893 4229 1127 4303 Χριστὸν
1206 4229 1511 4299 ποθήσασα,
1562 4226 1614 4281 ἓν
1673 4220 1820 4301 ὄρεσι
1879 4226 1969 4280 καὶ

308 4319 608 4390 σπηλαίοις
666 4311 956 4392 διέτριϐεν.
1046 4316 1143 4371 Καὶ
1230 4315 1464 4390 εὑροῦσα
1550 4314 1797 4390 μοναχόν
1848 4333 1973 4369 τινα

308 4403 677 4484 πρεσϐύτερον
740 4405 896 4481 ἅγιον
957 4404 1012 4461 ἰν
1065 4409 1185 4467 τοῖς
1242 4403 1475 4480 χωρίοις
1514 4408 1612 4459 τοῦ
1671 4403 1971 4461 Μαντινὲου

305 4493 837 4574 προσκαθεζόμενον,
904 4492 1110 4551 ἐκεῖνον
1179 4492 1493 4568 ἐμιμήσατο
1570 4492 1647 4557 εἷς
1720 4490 1971 4563 ἄσκησιν.

311 4561 409 4642 καὶ
445 4586 524 4649 είς
553 4561 831 4641 τοσοῦτον⁷
847 4584 1157 4659 προσῆλθεν
1208 4561 1424 4659 άρετῆς,
1458 4582 1534 4646 ὡς
1571 4582 1661 4638 καὶ
1693 4581 1770 4646 είς
1802 4561 1968 4657 φοῦρ-
2003 4561 2048 4626 D

309 4697 399 4730 νον
478 4674 731 4729 ἒκκαὶντα
805 4671 1054 4751 σφοδρῶς
1114 4670 1394 4743 είσελθεῖν,
1451 4672 1542 4727 καὶ
1613 4673 1690 4744 μή
1747 4677 1965 4740 καῆναι.

312 4764 467 4823 Μετᾶ
495 4760 554 4818 6a
579 4761 842 4833 τελευτὴν
904 4761 1182 4820 Σισιννίου
1236 4764 1337 4818 τοῦ
1400 4760 1702 4837 ἀγιωτάτου
1741 4755 1972 4836 πρεσϐυ-

312 4853 497 4930 τὲρου,
555 4850 947 4928 ὃιαγνωσθεῖσα
1008 4851 1112 4908 ὑπὸ
1166 4855 1263 4905 τοῦ
1321 4845 1689 4923 Καϐαλλίνου,
1734 4848 1819 4906 ὅτι
1874 4849 1968 4911 τὰς

315 4943 471 5020 ἁγίας
514 4942 722 5005 εἰκόνας
778 4945 915 5016 τιμᾷ
970 4940 1061 4996 καὶ
1122 4935 1289 5011 σέὅει,
1348 4940 1655 5016 ἠναγκάσθη
1688 4938 1835 5016 παρᾶ
1862 4943 1967 4994 τῶν

318 5033 757 5105 ἀποσταλέντων,
819 5033 1152 5107 ἀρνήσασθαι
1203 5031 1302 5100 τήν
1386 5031 1595 5088 τούτων
1662 5030 1973 5108 προσκύνη-

318 5146 422 5183 σιν.
482 5123 581 5181 Καὶ
641 5124 719 5197 μή
776 5125 1081 5200 πεισφεῖσα,
1144 5120 1345 5201 ἒτύφθη
1405 5118 1676 5199 σφοδρῶς.
1733 5121 1883 5177 Ἐπεὶ
1916 5118 1973 5176 δὶ

324 5215 398 5286 μή
455 5211 727 5286 δυναμένη
779 5216 977 5283 τεκεῖν,
1034 5213 1103 5285 τῇ
1141 5214 1238 5265 τοῦ
1294 5210 1563 5286 βασιλέως
1616 5209 1853 5284 ἐμήνυσε
1878 5234 1971 5285 γυ-

317 5305 461 5359 ναικὶ
500 5301 691 5359 παιδία
738 5302 835 5360 δύο
882 5310 1158 5379 γεννῆσαι,
1206 5302 1269 5357 τὸ
1330 5303 1426 5375 μὲν
1484 5298 1661 5379 ἄρσεν,
1690 5302 1753 5357 τὸ
1785 5299 1843 5356 δὲ
1872 5308 1971 5373 θῆ-

322 5390 411 5448 λυ⁸
468 5393 663 5449 τούτου
719 5393 1040 5470 γενομένου,
1098 5389 1342 5462 ἀπελύθη
1395 5394 1495 5461 τῆς
1556 5392 1809 5467 βασάνου.
1870 5392 1973 5449 Καὶ

327 5481 469 5538 οὕτω
525 5482 888 5557 παρεσκεύασε
940 5483 1039 5551 τήν
1103 5480 1422 5558 βασίλισσαν
1485 5477 1795 5551 διατεθῆναι
1834 5481 1972 5555 πρὸς

328 5572 513 5642 αὐτὴν,
569 5575 644 5638 ὡς
691 5574 781 5629 καὶ
838 5573 912 5635 είς
974 5573 1182 5648 μητρὸς
1229 5571 1377 5643 τάξιν
1432 5568 1601 5648 ἔχειν.
1647 5572 1749 5630 Καὶ
1805 5571 1977 5638 οὕτως

331 5663 620 5740 ικοιμτςθη.

2071 3262 2439 3319 excruciatus
2474 3262 2603 3316 fuit.
2638 3263 2945 3316 Postremo
2976 3267 3218 3332 accepta
3247 3260 3455 3330 capitis
3487 3265 3726 3313 senten-

2070 3354 2174 3422 tia,
2231 3351 2482 3408 vinculis
2530 3352 2906 3420 constrictus,
2966 3355 3026 3405 et
3074 3349 3147 3406 ad
3204 3349 3401 3404 locum
3447 3346 3724 3418 supplicii

2074 3443 2306 3509 ductus,
2330 3442 2498 3497 olivae
2522 3440 2819 3514 alligatus,
2844 3446 2903 3495 et
2924 3440 3116 3512 capite
3142 3445 3470 3502 truncatus,
3496 3436 3725 3508 sangui-

2072 3549 2210 3589 nem
2243 3538 2301 3587 et
2329 3531 2420 3587 lac
2451 3530 2687 3597 emisit;
2720 3547 2852 3601 qum
2874 3546 3065 3601 usque
3091 3529 3152 3583 in
3178 3527 3534 3583 hodiernum
3568 3525 3724 3581 diem

2073 3622 2539 3694 conspiciuntur,
2574 3626 2632 3676 et
2660 3618 2939 3676 ﬁdelibus
2982 3617 3259 3675 omnibus
3304 3614 3723 3675 accedentibus

2073 3710 2410 3769 curationes
2438 3714 2744 3783 praestant.

2322 3919 2394 3975 Et
2444 3918 2883 3974 commemoratio
2931 3923 3139 3974 sanctae
3204 3914 3483 3976 Anthuse.

2148 4051 2361 4107 Sancta
2389 4051 2658 4107 Anthusa
2705 4050 2928 4117 floruit,
2975 4051 3306 4123 imperante
3345 4048 3730 4107 Constantino

2078 4141 2403 4197 Caballino.
2436 4142 2582 4197 Cum
2612 4147 2811 4198 autem
2860 4141 3131 4197 abdicato
3178 4142 3395 4197 saaculo
3435 4140 3732 4196 Christum

2080 4231 2548 4302 concupisceret,
2573 4230 2633 4285 in
2666 4231 2967 4286 montibus
2991 4237 3045 4285 et
3071 4231 3373 4303 speluncis
3404 4248 3534 4286 sese
3568 4247 3732 4285 exer-

2080 4319 2235 4376 cuit:
2297 4324 2355 4375 et
2411 4324 2682 4375 sanctum
2732 4321 3051 4391 quemdam
3109 4321 3467 4375 monachum
3498 4336 3566 4374 ac
3596 4337 3732 4390 pre-

2082 4407 2386 4479 sbyterum
2415 4409 2477 4463 in
2505 4409 2782 4464 Mantinei
2816 4411 2989 4465 terris
3039 4414 3505 4465 commorantem
3536 4414 3730 4486 nacta,

2082 4498 2239 4553 hunc
2262 4497 2323 4552 in
2344 4498 2624 4570 religiosa
2646 4499 3065 4555 exercitatione
3091 4497 3449 4554 imitandum
3472 4500 3732 4570 suscepit

2080 4604 2267 4659 eoque
2299 4588 2360 4643 in
2382 4588 2696 4644 virtutibus
2722 4588 2991 4660 profecit,
3015 4596 3081 4645 ut
3099 4589 3403 4646 ardentem
3428 4589 3729 4645 caminum

2079 4678 2366 4751 ingressa,
2399 4678 2628 4734 nullam
2659 4678 2914 4735 flammae
2940 4680 3246 4735 laesionem
3288 4680 3559 4735 senserit.
3593 4681 3731 4734 Post

2079 4767 2305 4823 obitum
2323 4784 2458 4823 vero
2481 4769 2841 4824 sanctissimi
2862 4770 3192 4841 presbyteri
3212 4770 3681 4843 Sisinnii,agnita
3698 4786 3733 4824 a

2079 4856 2403 4924 Caballino,
2437 4858 2595 4929 quod
2628 4864 2863 4915 sanctas
2894 4860 3181 4933 imagines
3214 4861 3535 4917 honoraret
3571 4860 3733 4917 cole-

2080 4953 2310 5018 retque,
2352 4946 2553 5004 missis
2582 4948 2655 5003 ad
2706 4965 2837 5004 eam
2881 4950 3107 5004 nuntiis
3156 4951 3464 5021 compulsa
3493 4950 3733 5005 illarum

2079 5036 2488 5092 adorationem
2510 5036 2823 5111 abnegare,
2857 5038 3010 5095 184
3042 5055 3175 5095 cum
3206 5039 3310 5095 illa
3340 5043 3531 5096 facere
3560 5057 3737 5096 recu-

2082 5132 2259 5196 saret,
2293 5126 2439 5184 diris
2460 5126 2800 5185 verberibus
2831 5145 2984 5185 cassa
3011 5129 3141 5186 fuit.
3173 5130 3283 5186 Sed
3314 5148 3447 5186 cum
3480 5131 3736 5204 impera-

2082 5216 2228 5272 toris
2258 5233 2442 5273 uxore
2483 5218 2545 5273 in
2585 5224 2788 5290 partus
2832 5218 3245 5275 difficultatem
3279 5220 3601 5291 incidente,
3634 5220 3740 5276 illa

2083 5305 2426 5373 indicasset,
2475 5307 2647 5364 binos
2695 5308 2976 5375 infantes,
3009 5310 3363 5379 masculum,
3398 5312 3644 5377 scilicet,
3679 5315 3737 5365 et

2081 5395 2388 5466 feminam,
2412 5398 2852 5471 imperatricem
2871 5414 2999 5454 esse
3022 5400 3352 5471 enixuram,
3378 5400 3736 5471 idque,sicut

2084 5487 2459 5558 praedixerat,
2492 5489 2874 5562 contigisset;
2908 5506 2942 5544 a
2984 5491 3297 5545 tormentis
3339 5489 3612 5554 liberata,
3644 5491 3729 5543 sic

2084 5578 2525 5650 imperatricem
2558 5595 2694 5653 erga
2725 5596 2786 5635 se
2819 5578 3037 5645 affecit,
3068 5585 3133 5634 ut
3157 5579 3364 5635 matris
3395 5579 3523 5634 loco
3555 5577 3627 5634 ab
3659 5592 3729 5633 ea

2083 5666 2422 5725 haberetur.
2455 5673 2646 5742 Atque
2676 5671 2833 5727 hunc
2864 5672 2927 5726 in
2959 5671 3203 5727 modum
3227 5667 3599 5727 obdormivit.
