4082 6200
258 302 374 361 563
1533 293 1900 356 MENOLOG

2016 289 2208 354 PARS
2254 289 2360 352 ῐῙῐ.
3553 285 3670 345 564

813 436 1050 492 EODEM
1091 435 1340 488 MENSE.

760 527 858 581 Die
879 525 1162 581 vicesima
1181 529 1406 580 octava.

404 617 692 672 Certamen
716 615 894 671 sancti
917 617 1177 685 martyris
1203 613 1479 670 Eustathii
1507 613 1760 681 Ancyrae.

328 815 666 869 Eustathius
687 813 902 868 Christi
928 819 1168 886 martyr,
1188 831 1322 868 cum
1347 810 1713 884 professione
1737 807 1907 862 miles

259 910 432 971 esset,
465 921 530 958 ac
560 905 846 975 religione
889 905 1279 971 Christianus,
1310 903 1382 959 ad
1413 901 1753 957 Cornelium
1787 901 1909 953 An-

258 1011 410 1063 cyra:
441 994 755 1064 praesidem
797 993 1108 1061 adductus,
1169 995 1703 1062 interrogatusque,
1738 988 1905 1044 Chri—

257 1087 414 1136 stum
446 1083 629 1137 libere
688 1084 992 1138 confessus
1053 1089 1162 1141 est.
1204 1081 1598 1147 Quamobrem
1653 1078 1909 1151 graviter

256 1173 598 1227 verberatus
631 1173 1054 1244 spondylisque
1109 1173 1442 1245 perforatis,
1487 1169 1742 1225 .funibus
1773 1167 1908 1222 alli-

255 1267 444 1333 gatus,
481 1268 747 1333 raptatur
777 1263 847 1317 ab
901 1263 1046 1318 urbe
1105 1265 1338 1334 Ancyra
1366 1277 1554 1332 usque
1585 1259 1658 1314 ad
1689 1259 1909 1329 Sanga—

255 1368 389 1406 rum
421 1351 683 1417 ﬂuvium,
717 1357 1001 1422 sequente
1031 1369 1098 1407 ac
1127 1352 1360 1407 vidente
1393 1349 1602 1406 eodem
1632 1347 1905 1420 praeside.

260 1440 386 1494 lllic
416 1457 551 1495 vero
585 1441 644 1494 in
678 1441 847 1496 theca
896 1441 1183 1508 inclusus,
1237 1441 1296 1494 in
1356 1439 1631 1494 eumdem
1664 1437 1906 1491 fluvium

261 1529 640 1601 demergitur.
662 1529 794 1596 Sed,
819 1531 934 1584 Deo
959 1529 1213 1597 volente,
1230 1529 1652 1601 superveniens
1676 1526 1908 1580 divinus

259 1618 526 1688 angelus,
548 1619 780 1674 thecam
802 1619 874 1673 ad
902 1625 1120 1674 terram
1152 1619 1372 1686 eduxit,
1397 1619 1788 1686 inventusque
1821 1618 1910 1669 est

258 1707 320 1760 in
355 1725 424 1762 ea
452 1713 690 1762 sanctus
722 1708 944 1762 lllEDSUS
993 1714 1052 1763 et
1099 1708 1402 1779 psallens:
1437 1708 1544 1772 Qui
1593 1705 1818 1760 habitat
1848 1704 1907 1757 in

258 1795 552 1866 adjutorio
585 1796 897 1862 Altissimi,
947 1803 1006 1850 et
1053 1804 1286 1851 caetera.
1319 1795 1484 1860 Quod
1523 1811 1656 1849 cum
1687 1810 1909 1864 praeses
1945 1803 1985 1867 Β

256 1885 582 1948 didicisset,
609 1885 831 1956 pudore
860 1885 1153 1956 perfusus,
1179 1885 1390 1940 educto
1420 1883 1613 1956 gladio
1645 1883 1906 1954 seipsum

255 1974 594 2028 interemit.
631 1976 876 2028 Sanctus
899 1979 1099 2029 autem
1130 1980 1352 2044 martyr
1372 1991 1569 2037 orans,
1604 1972 1905 2042 divinique

257 2063 521 2118 muneris
553 2066 846 2136 particeps
875 2065 1064 2119 factus
1097 2082 1201 2136 per
1229 2065 1504 2119 emissam
1533 2063 1643 2118 sibi
1677 2063 1907 2118 cmlitus

255 2153 613 2222 columbam,
647 2155 922 2210 manibus
980 2156 1320 2227 apparentis
1377 2154 1569 2227 angeli
1631 2154 1904 2224 spiritum

253 2242 498 2298 tradidit
523 2261 534 2299 :
561 2245 689 2316 ejus
711 2261 845 2299 vero
878 2244 1146 2315 reliquias
1178 2246 1240 2300 in
1271 2244 1475 2299 eadem
1509 2242 1652 2297 urbe
1676 2245 1906 2314 Ancyra

253 2331 534 2402 depositas
564 2333 751 2390 fuere.

421 2542 568 2598 185
604 2545 674 2596 Et
701 2549 974 2598 certamen
1002 2545 1181 2598 sancti
1207 2544 1470 2612 martyris
1496 2540 1711 2598 Acacii.

323 2658 570 2712 Aeacius
587 2659 801 2712 Christi
823 2665 1046 2729 martyr
1067 2659 1639 2730 claruit,imperante
1655 2657 1899 2711 Licinio:

252 2747 324 2800 ad
351 2764 527 2818 quem
550 2748 1001 2814 adductus,cum
1023 2749 1323 2803 Christum
1345 2750 1652 2803 confessus
1671 2747 1899 2813 fuisset,

253 2855 576 2907 suspensus
626 2843 682 2891 et
735 2838 1186 2892 excarnificatus
1235 2844 1342 2894 est.
1379 2837 1600 2893 Deinde
1630 2836 1901 2892 Terentio

253 2926 527 2996 praefecto
577 2927 848 2996 traditus,
902 2928 1148 2998 ejusque
1193 2928 1370 2999 jussu
1418 2927 1478 2981 in
1546 2925 1899 2980 candentem

250 3017 430 3070 ollam
463 3017 611 3086 pice,
645 3017 775 3070 oleo
807 3016 1065 3087 seboque
1098 3017 1333 3088 plenam
1367 3017 1642 3088 injectus,
1671 3014 1901 3069 incolu-

255 3107 365 3161 mis
397 3107 596 3160 evasit.
647 3106 994 3161 Prasfectum
1034 3125 1168 3162 vero
1213 3111 1532 3179 Apameam
1565 3111 1623 3162 et
1660 3103 1900 3177 Apollo-

1933 433 1987 496 A

2569 421 2752 478 MHNI
2790 424 2876 499 Τῼ
2915 423 3116 497 arra.

2786 512 2891 567 KH'

2083 608 2352 676 -Αθλησις
2407 606 2506 657 τοῦ
2562 600 2720 676 ἁγίου
2781 598 3054 691 μάρτυρος
3111 597 3414 662 Εὖσταθίου
3469 599 3600 672 Ἀγ.

2745 692 2935 748 κυρας.

2082 791 2403 861 Εὗστάθιος,
2461 789 2488 844 ό
2542 794 2641 844 τοῦ
2723 791 2959 864 Χριστοῦ
3044 790 3272 863 μάρτυς,
3332 786 3669 859 στρατιώτης

2015 885 2112 957 μὲν
2159 883 2246 958 ᾖν,
2303 881 2619 956 χριστιανὸς
2679 877 2758 948 Si,
2815 878 2906 934 καὶ
2983 877 3318 953 προσαχθεὶς
3377 874 3670 947 Κορνηλίῳ

2009 978 2088 1044 τῷ
2137 973 2373 1046 ἡγεμόνι
2462 969 2752 1044 Ἀγκύρας,
2830 969 2918 1022 καὶ
3004 966 3322 1042 ἐρωτηθεὶς,
3391 962 3672 1041 παῤῥησίᾳ

2012 1059 2345 1136 ὡμολόγησε
2371 1059 2462 1114 τὸν
2514 1057 2769 1134 Χριστόν.
2826 1059 2981 1120 Ὅθεν
3038 1054 3239 1132 ἐτύφθη
3275 1051 3545 1132 σφοδρῶς,
3578 1053 3671 1106 καὶ

2009 1152 2140 1213 τοὺς
2198 1146 2571 1225 ἀστραγάλους
2646 1146 2966 1218 τρυπηθεῖς,
3044 1145 3134 1200 καὶ
3193 1143 3461 1220 σχοινίοις
3521 1160 3674 1216 περι·-

2013 1239 2278 1318 λειφθεὶς,
2329 1237 2543 1312 σύρεται
2593 1237 2700 1291 ἀπὸ
2745 1242 2845 1305 τῆς
2888 1235 3103 1297 πόλεως
3149 1233 3414 1309 ’Δγκῦρας
3441 1230 3546 1294 ’ἐως
3572 1234 3668 1285 τοῦ

2015 1329 2301 1404 Σαγγάρου
2357 1330 2632 1400 ποταμοῦ,
2687 1324 3117 1387 ἀκολουθοῦντος
3165 1325 3256 1380 καὶ
3289 1325 3530 1398 ὁρῶντος
3568 1324 3670 1375 τοῦ

2013 1419 2312 1494 ἡγεμόνος.
2372 1419 2581 1474 Ἐκεῐσε
2640 1413 2698 1471 δὲ
2754 1415 2804 1471 ἐν
2861 1413 3247 1490 γλωσσοκόμῳ
3302 1411 3551 1486 βληθεὶς,
3586 1409 3668 1486 ἐρ-

2017 1509 2148 1586 ῥίφη
2208 1506 2260 1562 ἐν
2319 1511 2398 1579 τῷ
2452 1509 2708 1579 ποταμῷ.
2771 1506 2898 1561 Κατ’
2980 1500 3224 1559 εὐδοκίαν
3281 1499 3340 1557 δὲ
3382 1505 3478 1555 τοῦ
3536 1503 3670 1554 Θεοῦ

2016 1598 2235 1662 ἐπιστὰς
2263 1598 2405 1660 θεῖος
2438 1593 2696 1671 ἅγγελος,
2756 1593 2984 1669 ἐξήγαγε
3039 1594 3101 1648 τὸ
3153 1591 3550 1667 γλωσσόκομον
3580 1588 3669 1644 ἐπὶ

2013 1690 2114 1757 τὴν
2172 1687 2359 1763 ξηράν,
2417 1687 2507 1740 καὶ
2560 1684 2750 1759 εὑρέθη
2815 1683 2866 1738 ἐν
2925 1682 3071 1754 αὖτῷ
3132 1683 3159 1737 ὁ
3209 1684 3362 1757 ἅγιος
3392 1675 3666 1747 ἀϐλαϐἠς,

2017 1775 2268 1851 ψάλλωνο
2301 1777 2358 1830 Ὀ
2389 1780 2657 1831 κατοικῶν
2713 1773 2766 1829 ἐν
2830 1772 3059 1848 βοηθείᾳ
3112 1776 3208 1827 τοῦ
3263 1774 3534 1844 Ὑψίστου,
3575 1769 3664 1823 καὶ

2015 1869 2081 1921 τά
2112 1868 2256 1938 ἑξῆς.
2293 1866 2488 1923 Μαθὼν
2546 1862 2604 1919 δί
2652 1867 2814 1918 τοῦτο
2875 1864 2902 1917 ὁ
2950 1864 3175 1938 ἡγεμὼν
3205 1861 3293 1917 καὶ
3332 1858 3665 1935 αἰσχυνθεὶς,

2018 1956 2363 2028 σπασάμενος
2426 1953 2724 2029 μάχαιραν,
2785 1950 2994 2008 ἀνεῖλεν
3054 1951 3261 2007 ἑαυτόν.
3311 1952 3369 2003 Ὀ
3417 1947 3474 2004 δὲ
3504 1948 3661 2022 ’ἁγιος

2020 2048 2222 2118 μάρτυς
2274 2045 2580 2117 εὐξάμενος,
2657 2043 2744 2097 καὶ
2829 2036 3151 2115 μεταλαϐὼν
3204 2047 3302 2110 τῆς
3357 2037 3501 2101 θείας
3558 2035 3668 2092 δω-

2017 2142 2138 2208 ρεᾶς
2205 2133 2294 2188 διὰ
2356 2136 2454 2203 τῆς
2519 2131 2920 2210 ἐκπεμφθείσης
2983 2131 3130 2203 αὐτῷ
3195 2129 3477 2204 οὐρανόθεν
3519 2148 3672 2201 περι·

2015 2229 2224 2300 στερᾶς,
2297 2228 2418 2286 ταῖς
2491 2221 2648 2298 χερσὶ
2722 2225 2818 2276 τοῦ
2893 2218 3240 2298 ἐπιφανέντος
3316 2217 3548 2295 ἀγγέλου
3603 2217 3668 2271 τὸ

2014 2319 2226 2389 πνεῦμα
2282 2315 2568 2390 παρέθετο.
2626 2313 2728 2370 Καὶ
2787 2313 3040 2383 κατετέθη
3079 2312 3142 2367 τὸ
3197 2308 3452 2384 λείψανον
3505 2306 3670 2362 αὐτοῦ

2015 2402 2066 2458 ἐν
2101 2403 2238 2478 αὐτῇ
2268 2407 2336 2477 τῇ
2367 2402 2530 2458 πόλει
2554 2401 2818 2478 ’Δγκύρφ

2157 2529 2260 2586 Καὶ
2287 2526 2526 2598 ἃθλησις
2569 2532 2664 2584 τοῦ
2713 2527 2872 2604 ἁγίου
2932 2525 3205 2603 μάρτυρος
3241 2526 3522 2585 Ἀκακίου.

2084 2647 2355 2716 Ἀκάκιος,
2411 2647 2438 2702 ὁ
2495 2650 2590 2702 τοῦ
2649 2645 2887 2721 Χριστοῦ
2950 2647 3176 2720 μάρτυς,
3209 2651 3274 2715 ἧν
3325 2643 3544 2712 ἔπὶτῆς
3577 2643 3669 2718 βα·

2013 2735 2216 2798 σιλείας
2253 2735 2546 2806 Λικιννίου,
2589 2737 2635 2808 ᾧ
2677 2736 2769 2791 καὶ
2825 2735 3118 2811 παραστὰς,
3165 2737 3253 2790 καὶ
3309 2735 3399 2790 τὸν
3430 2734 3664 2809 Χριστὸν

2011 2824 2388 2898 ὁμολογήσας,
2444 2825 2531 2878 καὶ
2591 2823 2915 2900 κρεμασθεὶς
2971 2822 3176 2893 ἐξέσθη.
3210 2824 3341 2878 Εἶτα
3389 2818 3662 2897 παρεδόθη

2011 2915 2282 2989 Τερεντίῳ
2335 2918 2416 2986 τῷ
2474 2913 2725 2990 ἐπάρχῳ·
2789 2914 2876 2990 ὑφ’
2949 2911 3012 2970 οὗ
3070 2913 3148 2976 είς
3203 2915 3440 2988 τήγανον
3498 2932 3668 2966 πεπυ-

2011 3004 2256 3079 ρωμένον
2314 2999 2604 3075 ἐνεϐλήθη,
2665 3004 2861 3074 πίσσης
2918 3004 3007 3060 καὶ
3062 3003 3250 3060 ἐλαίου
3306 3004 3394 3059 καὶ
3447 3002 3665 3064 στέατος

2010 3092 2469 3167 πεπληρωμένον.
2517 3093 2621 3149 Καὶ
2685 3090 2842 3162 μνδέν
2904 3091 3205 3164 ἀδικηθεὶς,
3235 3092 3312 3155 εἰς
3339 3092 3666 3166 Ἀπάμειαν,

253 3195 489 3251 niadem
507 3196 822 3252 abeuntem
845 3197 1010 3268 sequi
1027 3197 1598 3269 compulsus,ibique
1619 3197 1682 3250 in
1703 3194 1900 3251 fanum

2016 3182 2099 3236 καὶ
2167 3180 2591 3238 Ἀπολλωνιάδα
2663 3187 2742 3255 τῷ
2789 3182 3028 3260 ἡγεμόνι
3106 3183 3468 3258 ἀπερχοπὲνῳ
3542 3182 3668 3238 ακο-

252 3285 548 3340 idolorum
573 3285 1044 3349 adductus,fusis
1067 3286 1340 3358 precibus
1363 3286 1682 3341 simulacra
1703 3287 1904 3341 omnia

253 3376 541 3429 contrivit.
553 3377 762 3431 Postea
780 3376 1014 3431 tribuno
1029 3376 1676 3449 traditus,graviterque
1691 3392 1899 3444 caesus,

256 3480 389 3518 cum
420 3465 562 3518 feris
595 3467 892 3538 pugnavit.
957 3469 1083 3521 Mox
1142 3467 1204 3520 in
1263 3466 1564 3521 fornacem
1625 3466 1902 3538 injectus,

253 3553 476 3608 illzesus
509 3557 854 3626 permansit.
888 3556 1181 3618 Tribunus
1212 3573 1346 3611 vero
1377 3555 1742 3628 frigefactam
1783 3556 1902 3610 for-

252 3659 458 3697 nacem
493 3645 859 3710 existimans,
918 3661 1052 3698 cum
1112 3661 1244 3699 eam
1299 3645 1531 3698 visurus
1583 3645 1897 3716 appropin-

251 3738 478 3800 quaret,
513 3733 754 3787 ﬂamma
783 3733 1150 3801 combustus,
1185 3734 1245 3786 in
1295 3734 1596 3804 pulverem
1628 3733 1904 3788 redactus

250 3822 439 3872 est.At
469 3820 716 3873 Aeacius
748 3820 1095 3874 Possidonio
1127 3821 1365 3890 praisidi
1405 3822 1678 3888 traditus,
1711 3823 1904 3894 gravi-

248 3907 476 3975 busque
509 3909 733 3962 catenis
777 3908 986 3961 ferreis
1039 3908 1460 3972 circumdatus,
1503 3909 1766 3964 Miletum
1799 3911 1902 3965 ab-

248 3993 460 4048 ductus
516 3993 666 4049 fuit:
725 3995 824 4049 ubi
884 4012 1019 4050 cum
1077 3994 1239 4051 idola
1268 4013 1473 4052 rursus
1505 3999 1898 4065 contrivisset,

248 4083 438 4154 capite
468 4084 874 4153 obtruncatus,
907 4086 1256 4158 sanguinem
1289 4092 1345 4141 et
1383 4087 1473 4142 lac
1503 4088 1718 4142 emisit.

317 4266 387 4320 Et
415 4271 716 4322 certamen
750 4271 1091 4323 sanctorum
1140 4268 1544 4340 apostolorum
1593 4267 1898 4336 Prochori,

245 4355 554 4412 Nicanoris
585 4363 645 4412 et
673 4358 992 4414 sociorum.

800 4476 1038 4531 EODEM
1079 4477 1330 4532 MENSE.

738 4565 842 4619 Die
890 4566 1168 4622 vicesima
1219 4582 1394 4622 nona.

493 4653 776 4707 Certamen
823 4656 1008 4709 sancti
1050 4658 1317 4725 martyris
1366 4655 1644 4710 Callinici.

316 4755 638 4814 Callinicus
668 4758 884 4813 Christi
945 4767 1169 4831 martyr
1225 4779 1296 4816 ex
1352 4763 1592 4833 regione
1653 4760 1892 4828 Ciliciaa,

244 4845 613 4900 Christianus
643 4863 778 4902 cum
811 4855 986 4915 esset,
1011 4850 1372 4922 verbumque
1394 4851 1609 4906 Christi
1633 4850 1890 4918 doceret,

245 4933 610 5002 hortabatur,
662 4953 696 4990 a
739 4938 918 4992 rebus
966 4939 1207 5010 quidem
1255 4940 1419 4995 vanis
1468 4956 1529 4995 se
1569 4939 1891 5010 abstinere,

244 5021 656 5078 universorum
688 5030 885 5080 autem
909 5026 1192 5083 factorem
1221 5029 1520 5084 Christum
1552 5046 1890 5102 agnoscere.

242 5110 635 5174 Quamobrem
668 5116 1155 5186 comprehensus,
1181 5123 1238 5171 et
1265 5117 1340 5172 ad
1370 5119 1682 5189 praesidem
1715 5119 1894 5175 addu-

244 5204 394 5269 ctus,
427 5203 759 5274 omnigenis
815 5204 888 5259 ab
950 5223 1016 5260 eo
1071 5207 1382 5261 tormentis
1441 5208 1744 5278 subjectus
1771 5215 1890 5264 est:

245 5306 380 5345 mox
415 5291 620 5347 ferreis
651 5293 1068 5350 calceamentis
1100 5312 1234 5351 cum
1267 5295 1445 5350 clavis
1477 5297 1665 5351 acutis
1697 5296 1891 5350 subli-

243 5380 413 5451 gatis,
447 5387 584 5436 ante
608 5398 791 5453 equos
813 5399 1002 5454 usque
1029 5383 1103 5438 ad
1124 5383 1333 5437 urbem
1365 5386 1652 5456 Gangram
1686 5384 1891 5439 stadiis

248 5470 549 5542 sexaginta
578 5469 848 5527 dissitam
875 5487 1110 5526 currere
1132 5471 1398 5539 adactus,
1422 5488 1556 5526 cum
1588 5473 1893 5545 sexaginta

246 5551 438 5606 stadia
453 5551 700 5622 pedibus
721 5551 1304 5617 confecisset,videns
1322 5552 1682 5608 abducentes
1696 5553 1890 5624 ipsum

246 5639 467 5698 milites
520 5657 642 5713 praa
701 5642 798 5695 siti
854 5639 1114 5696 animam
1171 5656 1366 5713 agere,
1413 5640 1560 5697 fusis
1616 5642 1889 5715 precibus

2014 3271 2232 3336 λουθεῖν
2290 3272 2628 3348 ἠναγκάσθη.
2704 3273 2871 3328 Ἔνθα
2944 3271 2997 3327 ἐν
3063 3271 3142 3345 τῷ
3215 3277 3329 3346 ναῷ
3391 3272 3668 3347 εἰσαχθεὶς

2011 3367 2117 3418 τῶν
2196 3360 2462 3433 εἰδώλων,
2523 3363 2967 3438 προσευχόμενος
3027 3364 3201 3417 πάντα
3263 3364 3542 3437 συνέτριψε
3599 3363 3668 3416 τά

2013 3449 2192 3522 ξόανα.
2263 3453 2411 3509 Μετὰ
2472 3450 2639 3508 ταῦτα
2704 3453 2783 3524 τῷ
2843 3447 3118 3528 τριϐούνῳ
3165 3449 3515 3529 παραδοθεὶς,
3569 3451 3662 3506 καὶ

2010 3542 2230 3620 τυφθεὶς
2283 3539 2533 3620 σφοδρῶς
2594 3542 3056 3619 ἐθηριομάχησεν.
3117 3542 3248 3598 Εἶτα
3304 3543 3381 3604 εἷς
3428 3545 3660 3618 φοῦρνον

2012 3628 2336 3705 ἐμϐληθεὶς,
2367 3628 2618 3702 ἀϐλαϐὴς
2678 3630 2964 3706 διέμεινεν.
3029 3633 3193 3704 Δόξας
3227 3631 3282 3688 δὲ
3313 3633 3340 3686 ὁ
3372 3627 3661 3707 τριϐοῦνος

2011 3723 2222 3796 ψυχρὸν
2285 3724 2417 3776 εἶναι
2471 3723 2563 3777 τὸν
2621 3726 2874 3798 φοῦρνον,
2929 3721 3018 3777 καὶ
3087 3721 3443 3798 προσεγγίσας
3501 3719 3658 3791 ἰδεῖν,

2012 3809 2168 3872 αὐτὸς
2237 3811 2334 3884 μὲν
2405 3813 2713 3880 κατακαεὶς,
2775 3811 2850 3874 εἷς
2911 3810 3191 3888 κονιορτὸν
3260 3811 3489 3886 ἐγένετο·
3533 3814 3560 3867 ὁ
3601 3809 3662 3867 δὲ

2011 3901 2258 3963 Ἀκάκιος
2289 3899 2562 3978 παρεδόθη
2617 3899 2934 3975 Ποσιδωνίῳ
2979 3907 3058 3975 τῷ
3106 3900 3351 3978 ἄρχοντι.
3386 3905 3482 3958 Καὶ
3512 3923 3664 3978 περι-

2007 3988 2177 4054 τεθείς
2211 3991 2379 4066 βαρέα
2435 3988 2651 4066 σίδηρα,
2709 3990 2860 4067 ἤχθη
2917 3991 2995 4054 εἷς
3050 3991 3319 4062 Μίλητον·
3352 3992 3442 4046 καὶ
3490 3993 3660 4048 πάλιν

2010 4079 2300 4155 συντρίψας
2327 4081 2396 4135 τὰ
2442 4077 2665 4151 εἴδωλα,
2725 4079 2937 4153 ἐτμήθη
2997 4083 3094 4150 τὴν
3149 4078 3416 4156 κεφαλὴν,
3444 4089 3547 4152 τῆς
3577 4103 3668 4137 το-

2011 4174 2120 4240 μῆς
2153 4168 2416 4245 ῥευσάσης
2447 4172 2584 4243 αἷμα
2611 4170 2702 4225 καὶ
2730 4169 2891 4246 γάλα.

2079 4259 2176 4312 Καὶ
2238 4257 2472 4330 ἄθλησις
2535 4265 2642 4314 τῶν
2714 4259 2882 4336 ἁγίων
2951 4261 3272 4317 ἂποστόλων
3343 4263 3664 4340 Προχόρου,

2005 4348 2348 4424 Νικάνωρος,
2378 4351 2469 4403 καὶ
2498 4354 2606 4404 τῶν
2640 4349 2732 4405 σὺν
2767 4350 2971 4414 αὐτοῖς.

2558 4468 2742 4525 ΜΗΝΙ
2779 4473 2862 4522 ΤΩ
2899 4472 3101 4528 ΑΥΤΩ.

2792 4557 2892 4612 ΚΘ“

2183 4644 2473 4717 Ἀθλησις,
2499 4649 2597 4700 τοῦ
2628 4646 2784 4722 ἁγίου
2818 4645 3090 4722 μάρτυρος
3122 4645 3472 4708 Καλλινίκου.

2077 4751 2400 4817 Καλλίνικος
2450 4755 2478 4809 ὁ
2535 4760 2632 4810 τοῦ
2680 4756 2915 4821 Χριστοῦ
2973 4758 3196 4829 μάρτυς,
3223 4759 3289 4826 ἦν
3338 4761 3434 4832 μὲν
3466 4759 3525 4815 ἐκ
3553 4768 3660 4830 τῆς

2005 4844 2193 4917 χώρας
2233 4842 2503 4905 Κιλικίαςο
2565 4846 2880 4918 Χριστιανὸς
2947 4843 3005 4900 Si
3071 4843 3167 4919 ὢν,
3235 4849 3322 4901 καὶ
3383 4847 3657 4904 διδάσκων

2001 4935 2093 4987 τὸν
2123 4929 2294 5007 λόγον
2354 4937 2449 4987 τοῦ
2503 4937 2747 5010 Χριστοῦ
2804 4935 3034 5010 παρῄνει
3097 4936 3190 5007 μὲν
3221 4935 3515 5011 ἀπέχεσθαι
3544 4945 3658 4994 τῶν

2008 5023 2276 5094 ματαίων,
2329 5025 2420 5078 τὸν
2477 5020 2535 5078 δὲ
2590 5026 2828 5094 ποιητὴν
2887 5029 2984 5081 τοῦ
3041 5027 3241 5089 παντὸς
3273 5025 3658 5102 ἐπιγινώσκειν

2003 5112 2255 5186 Χριστόν.
2304 5114 2460 5170 Ὅθεν
2510 5114 2820 5188 κρατηθείς,
2875 5116 3028 5190 ἢχθη
3074 5117 3210 5190 πρὸς
3254 5118 3345 5171 τὸν
3387 5119 3661 5193 ἡγεμόνα,

2005 5200 2094 5254 καὶ
2125 5203 2251 5276 παρ’
2283 5201 2446 5256 αὐτοῦ
2497 5202 2780 5265 παντοίαις
2833 5203 3092 5278 βασάνοις
3141 5200 3494 5275 ὑποϐληθεὶς,
3531 5209 3665 5262 ὑπο-

2003 5287 2222 5362 δήματα
2252 5287 2450 5365 σιδηρᾶ
2495 5292 2629 5364 μετὰ
2670 5290 2817 5361 ἢλων
2868 5291 3032 5364 ὀξέων
3091 5292 3342 5366 ὑπεδέθη,
3375 5294 3464 5350 καὶ
3496 5296 3667 5373 ἠναγ-

2000 5380 2168 5446 κάσθη
2229 5381 2444 5455 τρέχειν
2515 5378 2818 5455 ἔμπροσθεδ
2881 5387 2989 5437 τῶν
3053 5384 3238 5438 ἳππων
3319 5385 3488 5459 μέχρι
3551 5389 3659 5454 τῆς

2000 5467 2214 5531 πόλεως
2273 5470 2510 5544 Γάγγρας
2561 5469 2878 5546 ἀπεχούσης
2926 5469 3174 5535 σταδίους
3223 5473 3499 5544 ἐξήκοντα.
3545 5476 3652 5532 Καὶ

1998 5556 2256 5626 πεζεύσας
2301 5557 2558 5628 ἐξήκοντα
2604 5556 2816 5629 στάδια,
2863 5561 2953 5614 καὶ
3004 5558 3135 5616 ίδὼν
3180 5561 3308 5624 τοὺς
3339 5562 3650 5638 ἀπάγοντας

1998 5645 2154 5702 αὐτὸν
2189 5647 2521 5725 στρατιώτας
2565 5653 2646 5722 τῷ
2694 5646 2836 5724 δίψει
2883 5651 3382 5728 λειποψυχοῦντας,
3413 5673 3649 5730 προσευ-

4033 5183 4058 5452 ἐ

4071 176 4073 268 4

4071 469 4073 556 l
