4082 6200
350 272 467 335 565

1926 274 2225 339 JULlUS.

3588 298 3593 303 '
3658 281 3777 341 566

353 403 585 475 ξάμενος
635 402 895 479 ἐξήγαγεν
952 401 1101 479 ὕδωρ
1160 403 1219 460 ἐκ
1272 411 1375 474 τῆς
1433 412 1562 480 γῆς,
1613 406 1702 461 καὶ
1760 405 2008 460 ἐπότισεν

2126 421 2339 477 aquam
2372 421 2402 460 e
2433 410 2591 461 terra
2613 405 2833 470 eduxit,
2860 422 3077 477 eosque
3104 408 3343 478 potavit.
3369 409 3515 463 Cum
3546 425 3680 465 vero
3713 412 3776 467 in

356 494 572 557 αὐτοὺς.
610 493 707 547 Καὶ
741 495 941 572 φθάσας
999 496 1099 563 τήν
1161 493 1322 548 πόλιν
1383 496 1645 571 Γάγγραν,
1677 492 2006 564 ἀπεκλείσθη

358 579 433 644 είς
494 581 765 661 φυλακήν.
827 584 930 640 Καὶ
992 585 1127 657 μετὰ
1185 583 1373 658 ὀλίγας
1427 586 1637 660 ἡμέρας
1695 591 1796 653 τῆς
1828 581 2010 661 φυλα-

357 679 462 741 κῆς
520 668 834 743 ἐκϐληθεὶς,
889 674 978 728 καὶ
1026 674 1486 748 καταναγκασθεῖς
1545 675 1874 747 ἀρνήσασθαι
1923 672 2012 725 τὸν

358 763 613 836 Χριστὸν,
647 763 736 817 καὶ
774 764 849 835 μὴ
881 763 1143 829 πεισθεὶς,
1183 763 1312 839 πυρὶ
1362 761 1677 833 ἐτελειώθη.
1714 763 1815 819 Καὶ
1845 781 2011 816 κατε-

353 852 484 921 τὲθη
546 853 608 907 τὸ
665 853 851 925 τίμιον
910 853 1077 908 αὐτοῦ
1135 852 1391 927 λείψανον
1452 854 1608 927 χερσὶ
1674 853 2009 926 Χριστιανῶν

355 936 409 991 ἐν
441 937 589 1010 αὐτῷ
616 944 697 1011 τῷ
724 941 881 1012 τόπῳ
909 946 1012 1010 τῆς
1041 939 1395 1003 τελειώσεως.

426 1029 525 1082 Καὶ
562 1031 757 1102 μνήμη
805 1034 901 1084 τοῦ
958 1029 1113 1085 ὁσίου
1172 1031 1379 1103 Πατρὸς
1412 1031 1572 1102 ἡμῶν
1601 1027 1690 1084 καὶ
1721 1028 2011 1103 ὁμολογη-

346 1120 447 1172 τοῦ
479 1119 731 1175 Ἰωάννου
766 1118 1180 1195 μητροπολίτου
1206 1116 1583 1193 Χαλκηδόνος.

901 1219 1082 1276 ΜΗΝῙ
1123 1220 1212 1275 ΤΩ
1251 1222 1448 1275 ΑΥΤΩ.

1152 1309 1211 1364 Λ,

459 1399 670 1471 Μνημη
699 1400 796 1452 τοῦ
830 1396 1101 1474 μακαρίου
1132 1399 1384 1454 Ἰωάννου
1416 1402 1512 1453 τοῦ
1546 1396 1903 1473 στρατιώτου.

425 1503 595 1566 Οὗτος
655 1505 722 1573 ἦν
781 1502 870 1559 ἐπὶ
958 1504 1260 1562 Ἰουλιανοῦ
1313 1508 1411 1560 τοῦ
1469 1498 1787 1580 παραϐάτου
1851 1521 2014 1577 στρα-

340 1594 665 1666 τευόμενος.
726 1593 1084 1657 Ἀποσταλεὶς
1144 1594 1237 1649 οὗν
1304 1595 1439 1667 μετά
1488 1591 1575 1648 καὶ
1625 1591 1821 1668 ἑτέρων
1852 1610 2011 1664 στρα-

342 1688 566 1737 τιωτῶν
627 1683 703 1745 εἷς
762 1684 854 1738 τὸν
912 1685 1051 1739 κατά
1101 1688 1206 1738 τῶν
1270 1687 1606 1758 Χριστιανῶν
1641 1679 1909 1757 διωγμὸν,
1941 1679 2008 1749 ἦν

2128 494 2335 549 urbem
2357 497 2647 567 Gangram
2672 494 3126 565 pervenisset,in
3149 511 3447 551 carcerem
3470 498 3775 568 conjectus

2128 585 2452 655 paucisque
2474 590 2607 655 post
2627 583 2835 638 diebus
2858 583 2996 638 inde
3020 584 3288 645 eductus.
3308 586 3778 657 compellebatur

2128 675 2426 730 Christum
2459 675 2612 731 186
2644 675 2975 745 abnegare;
3029 675 3186 746 quod
3233 693 3367 731 cum
3402 695 3462 733 se
3495 680 3778 733 commis—

2129 781 2332 819 surum
2391 771 2653 836 negaret,
2710 765 2843 834 igne
2896 766 3073 819 vitam
3141 765 3367 820 finivit:
3425 767 3777 822 veneranda)

2126 860 2323 908 autem
2353 853 2516 908 illius
2568 853 2836 924 reliquiae
2893 854 3171 909 manibus
3212 856 3685 911 Christianorum
3717 857 3779 911 in

2127 943 2333 998 eodem
2368 943 2643 1014 supplicii
2678 943 2807 997 loco
2839 942 3122 1014 depositas
3149 943 3408 999 fuerunt.

2198 1034 2266 1086 Et
2296 1033 2780 1087 commemoratio
2806 1033 2993 1087 sancti
3025 1033 3216 1087 Patris
3245 1034 3433 1090 nostri
3466 1039 3525 1089 et
3554 1036 3779 1090 confes-

2126 1120 2547 1199 soris‘Joannis
2579 1121 2973 1192 metropolitaa
3005 1122 3415 1179 Chalcedonis.

2683 1221 2923 1275 EODEM
2963 1221 3215 1276 MENSE.

2716 1310 2819 1364 Die
2861 1309 3182 1365 tricesima.

2376 1400 2828 1454 Commemoratio
2860 1398 3008 1453 beati
3036 1400 3266 1455 Joannis
3308 1400 3526 1456 militis.

2195 1497 2299 1552 Hic
2331 1496 2437 1551 sub
2469 1496 2701 1551 Juliano
2733 1499 3014 1568 Apostata
3053 1497 3367 1552 militabat.
3403 1499 3544 1553 Cum
3579 1504 3777 1553 autem

2125 1587 2343 1641 missus
2374 1586 2585 1641 fuisset
2610 1604 2729 1641 una
2751 1604 2885 1642 cum
2917 1588 3049 1642 aliis
3081 1587 3392 1647 militibus.
3413 1595 3477 1643 ut
3498 1587 3773 1643 Christia-

2123 1695 2233 1733 nos
2250 1677 2869 1749 persequeretur,illos
2888 1678 3126 1749 quidem
3148 1678 3421 1750 persequi
3444 1678 3771 1747 videbatur;

353 1772 454 1843 μὲν
513 1776 630 1835 τοῖς
692 1773 860 1849 ὁρῶσι
930 1770 1187 1844 διώκτης·
1250 1772 1544 1847 συνεμάχει
1582 1768 1639 1825 δὲ
1686 1769 1865 1847 κρύφα
1891 1773 2008 1832 τοῖς

2126 1767 2221 1823 sed
2253 1767 2407 1821 clam
2440 1767 2861 1837 patriocinium
2892 1767 3365 1823 Christianorum
3401 1769 3760 1839 suscipiens,

347 1862 731 1934 Χριπιανοῖςο
769 1866 885 1924 τοῖς
949 1863 1042 1934 μὶν
1094 1862 1200 1935 πρό
1252 1865 1348 1916 τοῦ
1398 1862 1736 1935 κρατηθῆναι
1783 1859 2004 1931 μηνύων

345 1954 563 2027 φυγεῖν·
622 1955 745 2013 τοῖς
807 1948 864 2006 δὲ
923 1954 1060 2024 μετά
1118 1951 1218 2018 τὴν
1278 1948 1601 2025 κατάσχεσιν
1658 1946 1830 2023 λάθρα
1888 1944 2009 2001 ἑπι-

342 2043 486 2093 νοῶν
517 2040 616 2107 τὴν
650 2037 969 2113 ἀπόδρασιν.
1029 2038 1107 2097 Οὐ
1159 2038 1324 2113 μόνον
1357 2036 1413 2094 δὶ
1449 2038 1513 2093 τὸ
1544 2036 1819 2110 συμπαθὲς
1870 2035 2007 2110 πρὸς

341 2130 577 2193 τούτους
606 2127 976 2199 ἐπεδείκνυτο,
1024 2127 1172 2185 ἀλλὰ
1228 2131 1318 2185 καὶ
1374 2134 1494 2191 τοῖς
1543 2125 1771 2182 ἐνδεέσιν
1803 2124 2010 2201 ἐχορή-

340 2238 435 2294 γει
493 2220 560 2273 τά
614 2217 917 2291 ἐπιτήδεια.
978 2221 1080 2277 Καὶ
1139 2223 1471 2294 προσευχαῖς
1537 2216 1627 2272 καὶ
1712 2215 2009 2287 νηστείαις,

341 2307 444 2362 καὶ
499 2314 608 2364 τῶν
662 2309 898 2374 ἀσθενῶν
960 2310 1292 2383 ἐπισκὲψεσι,
1350 2308 1440 2364 καὶ
1496 2313 1616 2371 ταῖς
1665 2312 1772 2362 τῶν
1813 2300 2009 2361 θλιϐο-

347 2398 530 2469 μὲνων
585 2401 954 2473 παραμυθίαις
1010 2401 1102 2454 τὸν
1168 2400 1286 2474 βίον
1345 2399 1511 2454 αὐτοῦ
1568 2396 1862 2470 ἂπεκόσμει
1918 2394 2008 2450 καὶ

344 2488 496 2560 πρὸς
544 2490 605 2543 τὸ
664 2489 859 2562 σεμνὸν
912 2488 1361 2566 κατερῥύθμισεν.
1416 2486 1573 2546 Οὕτω
1606 2484 1663 2543 δὲ
1697 2487 1925 2562 βιώσας,
1957 2483 2009 2538 ἐν

344 2576 539 2652 Κυρίῳ
595 2580 952 2634 ἀνεπαύσατο·
1042 2579 1130 2634 καὶ
1216 2580 1473 2649 κατετέθη
1544 2578 1595 2633 ἐν
1656 2577 1832 2649 τόπῳ,
1891 2569 2014 2630 ἔνθα

337 2669 440 2722 καὶ
503 2668 554 2721 οἱ
611 2668 749 2738 ξένοι
812 2667 1062 2724 ἐτίθεντο⁶
1133 2667 1380 2743 ἐγνώσθη
1439 2665 1497 2723 δὶ
1544 2665 1762 2740 ὕστερον
1795 2665 2013 2742 γυναικί

332 2780 457 2814 τινι
489 2756 559 2813 δι’
588 2758 1008 2833 ἀποκαλύψεως
1050 2761 1107 2822 ὅς
1164 2758 1299 2834 αὐτῇ
1358 2758 1595 2830 ἐπιστάς,
1634 2759 1736 2827 τήν
1762 2778 1821 2811 τε
1852 2756 1903 2810 ἐν
1933 2760 2015 2829 τῷ

338 2848 460 2923 βίῳ
490 2851 678 2924 πρᾶξιν
713 2850 877 2904 αὐτοῦ
907 2847 996 2903 καί
1026 2849 1056 2903 ὃ
1089 2848 1421 2919 ἐπεκέκλητο
1456 2843 1653 2921 ὄνομα,
1688 2845 2010 2923 διεσάφησε.

328 2945 785 3015 Θαυματουργῶν
846 2936 903 2994 δὲ
951 2939 1042 2993 καὶ
1103 2937 1248 2994 ἄλλα
1304 2936 1514 3007 πολλὰ,
1546 2934 1733 3011 ἐπέχει
1765 2937 1853 2991 καὶ
1886 2935 2013 2999 τοὺς

332 3026 406 3104 δρ
418 3027 626 3102 ασμοῦς
656 3033 764 3083 τῶν
799 3025 1043 3087 δούλων.

425 3208 528 3264 Καὶ
564 3209 756 3280 μνήμη
789 3210 897 3262 τῶν
931 3207 1100 3283 ἁγίων
1131 3204 1453 3261 ἀποστόλων
1483 3204 1645 3275 Σίλα,
1680 3204 2006 3274 Σιλουανοῦ,

342 3298 708 3374 Κρίσκεντος,
742 3298 1064 3355 Ἐπαινετοῦ
1087 3295 1176 3350 καὶ
1211 3292 1582 3371 Ἀνδρονίκου.

904 3387 1057 3443 “HN
1067 3389 1087 3443 ι
1127 3391 1215 3442 ΤΩ
1255 3389 1458 3445 ΑΥΤΩ.

1134 3480 1242 3533 AA‘

534 3566 801 3639 ’Δθλησις
831 3573 932 3636 τῆς
982 3567 1137 3642 ἀγίας
1194 3564 1469 3641 μάρτυρος
1502 3565 1828 3633 Ἰουλίττης.

431 3658 914 3729 Ἰουλίττα,ἠτοῦ
971 3661 1204 3733 Χριστοῦ
1265 3658 1491 3732 μάρτυς,
1549 3658 1614 3725 ἦν
1676 3656 1770 3729 μὲν
1822 3654 1882 3710 ἐκ
1910 3649 2009 3710 πὸ-

342 3751 498 3811 λεως
574 3750 899 3821 Καισαρείας
976 3743 1385 3809 Καππαδοκίας.
1464 3743 1620 3816 δίκην
1695 3742 1752 3800 δὶ
1809 3742 2012 3820 ἔχουσα

336 3839 495 3913 πρὸς
547 3859 665 3893 τινα
716 3837 1102 3893 πλεονεκτικὸν
1160 3833 1345 3907 ἄνδρα,
1406 3836 1499 3890 καὶ
1561 3835 1760 3911 βίαιον,
1812 3834 1873 3896 ’ὸς
1904 3840 2010 3909 γῆς

338 3928 559 3998 ταύτης
610 3929 673 3983 τὸ
729 3926 919 3983 πλεῖον
980 3926 1294 3998 ἀποτεμὼν,
1351 3925 1440 3979 καὶ
1502 3924 1723 4001 ἀγροὺς,
1751 3924 1841 3979 καὶ
1878 3928 2009 3993 ζῶα,

342 4018 444 4074 καὶ
494 4016 709 4089 κώμας,
764 4016 854 4071 καὶ
912 4015 1147 4082 οίκέτας,
1203 4012 1291 4069 καί
1349 4019 1521 4068 πᾶσαν
1581 4015 1683 4083 τὴν
1732 4016 1834 4068 τοῦ
1891 4012 2012 4087 βίου

342 4109 690 4174 κατασκευὴν
764 4107 902 4179 πρὸς
977 4106 1166 4161 ἑαυτὸν
1259 4104 1573 4173 μετέστησε,
1656 4106 2009 4177 καταφρονῶν

344 4201 457 4252 τοῦ
516 4194 726 4251 δικαίου
781 4195 870 4249 καὶ
928 4198 1026 4249 τοῦ
1082 4197 1239 4263 Θεοῦ,
1293 4193 1651 4268 συκοφάνταις
1692 4191 1781 4246 καὶ
1812 4188 2012 4264 ψευδο-

350 4286 614 4359 μάρτυσι,
662 4285 751 4339 καὶ
811 4281 1168 4357 δωροδοκίαις
1228 4286 1336 4336 τῶν
1422 4278 1752 4350 δικαζόντων
1805 4279 2013 4353 ἐπερει-

347 4375 605 4447 ὃόμενος⁹
666 4380 981 4452 παραστᾶσα
1061 4377 1141 4445 τῷ
1228 4369 1528 4441 δικάζοντι,
1588 4372 1678 4426 καὶ
1737 4371 2008 4446 ἀρξαμένη

348 4463 727 4521 ἀναδιδάσκειν
784 4466 886 4535 τήν
944 4467 1039 4517 τοῦ
1125 4460 1315 4537 ἀνδρὸς
1370 4459 1677 4538 τυραννίδα,
1737 4455 2005 4530 διεϐλήθη

2115 1858 2250 1913 aliis
2282 1856 2870 1927 quidem,antequam
2898 1863 3274 1928 caperentur,
3304 1857 3678 1929 signiﬁcabat
3708 1863 3774 1911 ut

2113 1948 2413 2019 fugerent;
2430 1946 2564 2002 aliis
2582 1952 3059 2018 vero,postquam
3076 1945 3489 2017 comprehensi
3508 1947 3764 2010 fuerant,

2117 2037 2412 2093 occultam
2449 2035 2646 2108 fugam
2690 2035 2955 2106 parabat.
2988 2037 3186 2106 Neque
3216 2052 3350 2090 vero
3384 2035 3766 2091 commisera-

2116 2125 2341 2180 tionem
2372 2124 2658 2179 duntaxat
2687 2140 2824 2192 erga
2853 2124 2999 2179 istos
3030 2123 3417 2192 ostendebat;
3453 2123 3556 2179 sed
3583 2123 3763 2178 etiam

2116 2212 2520 2287 indigentibus
2578 2212 2916 2268 necessaria
2973 2211 3409 2284 suppeditabat,
3466 2212 3768 2284 vitamque

2118 2320 2285 2359 suam
2325 2301 2717 2364 orationibus,
2754 2301 3029 2373 jejuniis,
3080 2301 3455 2357 inﬁrmorum
3484 2302 3770 2356 visitatio-

2118 2392 2316 2460 nibus,
2349 2391 2827 2462 afﬂictorumque
2885 2390 3292 2447 consolatione
3335 2391 3681 2459 exornabat,
3716 2396 3775 2445 et

2117 2481 2191 2537 ad
2224 2481 2459 2536 honesti
2517 2495 2790 2535 normam
2848 2479 3226 2535 reformabat.
3284 2483 3473 2551 Atque
3517 2481 3677 2535 hunc
3708 2480 3771 2533 in

2118 2570 2361 2627 modum
2391 2586 2529 2625 cum
2559 2569 2819 2635 vixisset,
2852 2569 2912 2624 in
2944 2569 3196 2625 Domino
3218 2568 3772 2641 requievit,deposi-

2118 2670 2331 2735 tusque
2361 2663 2473 2719 fuit
2530 2662 2592 2717 in
2650 2661 2801 2729 loco,
2852 2660 2954 2716 ubi
3014 2661 3309 2734 peregrini
3341 2661 3769 2717 condebantur.

2118 2754 2441 2810 Novissime
2499 2757 2697 2808 autem
2755 2750 2992 2806 cuidam
3054 2751 3288 2806 mulieri
3347 2769 3454 2823 per
3484 2752 3770 2806 visionem

2120 2843 2419 2899 innotuit:
2475 2842 2528 2898 ei
2587 2843 2748 2897 enim
2806 2857 3121 2913 apparens,
3170 2841 3299 2895 vitm
3334 2840 3573 2912 quidem
3605 2846 3771 2897 actus

2118 2950 2456 3004 nomenque
2501 2948 2674 2988 suum
2724 2931 3035 2987 indicavit:
3085 2930 3372 2986 miracula
3413 2938 3613 2987 autem
3638 2932 3771 3002 plu-

2120 3024 2271 3080 rima
2301 3029 2531 3097 patrat;
2566 3022 2670 3079 sed
2702 3038 3004 3078 servorum
3035 3020 3097 3076 in
3140 3020 3350 3092 primis
3381 3020 3580 3093 fugam
3606 3022 3770 3077 cohi-

2120 3113 2240 3169 bet.

2191 3205 2261 3258 Et
2291 3201 2777 3260 commemoratio
2801 3204 3142 3255 sanctorum
3175 3198 3581 3271 apostolorum
3612 3198 3769 3268 Silae,

2117 3292 2360 3360 Silvani,
2392 3290 2744 3357 Crescentis,
2773 3289 3032 3361 Epaaneti
3069 3294 3126 3343 et
3156 3288 3499 3344 Andronici.

2669 3378 2915 3436 EODEM
2966 3378 3218 3434 MENSE.

2608 3468 2710 3524 Die
2743 3468 3045 3523 tricesima
3074 3469 3286 3540 prima.

2296 3558 2443 3615 181
2478 3558 2767 3616 Certamen
2806 3564 3011 3613 sanctae
3062 3560 3323 3628 martyris
3352 3556 3591 3617 Julittae.

2186 3658 2390 3714 Julitta
2420 3655 2633 3713 Christi
2664 3662 2889 3727 martyr
2953 3672 3023 3711 ex
3079 3656 3345 3711 Caesarea
3388 3657 3771 3730 Cappadociae

2117 3748 2261 3804 urbe
2278 3746 2694 3810 oriunda,cum
2712 3746 2879 3801 litem
2898 3745 3433 3803 haberetadversus
3455 3748 3772 3818 quemdam

2117 3839 2306 3893 virum
2366 3853 2603 3892 avarum
2663 3841 2720 3891 et
2795 3836 3143 3903 violentum,
3204 3837 3307 3909 qui
3365 3843 3536 3893 terras
3594 3839 3772 3911 hujus

2117 3927 2553 4001 plenitudinem
2585 3926 2694 3982 sibi
2726 3926 3236 3994 vendicaturus,et
3257 3934 3514 4001 agros,et
3543 3931 3774 3986 anima-

2117 4016 2219 4082 lia,
2245 4023 2302 4071 et
2332 4034 2531 4089 pagos,
2567 4022 2624 4072 et
2655 4033 2873 4084 servos,
2902 4023 2961 4072 et
2989 4034 3231 4073 omnem
3259 4018 3391 4073 vita;
3421 4028 3772 4090 apparatum

2118 4106 2192 4161 ad
2223 4107 2485 4177 seipsum
2540 4106 2946 4171 transtulerat,
2994 4108 3293 4178 justitiam
3350 4113 3527 4178 atque
3586 4110 3771 4166 Deum

2118 4196 2285 4251 flocci
2305 4195 2593 4266 pendens,
2619 4195 3171 4262 calumniatoribus,
3190 4196 3475 4266 falsisque
3498 4199 3771 4268 testibus,

2119 4291 2178 4339 et
2208 4284 2555 4339 muneribus
2578 4283 2887 4355 judicibus
2927 4283 3144 4339 oblatis
3176 4285 3438 4339 confisus
3468 4302 3481 4339 :
3515 4302 3771 4357 cumque

2118 4373 2223 4428 illa
2253 4389 2450 4428 coram
2500 4372 2703 4444 judice
2762 4378 3003 4440 astaret,
3062 4373 3456 4445 coepissetque
3510 4374 3770 4431 hominis

2120 4462 2493 4533 tyrannicam
2551 4462 2998 4533 usurpationem
3049 4478 3381 4533 exponere;
3433 4463 3504 4519 ab
3537 4464 3767 4533 eodem,

343 4558 481 4630 παρ’
541 4556 725 4624 αὑτοῦ,
782 4520 855 4617 ὡς
917 4546 1024 4624 εἴη
1065 4520 1392 4629 Χριστιανή.
1436 4520 1560 4606 ιΚαὶ
1638 4520 1774 4626 πρὸς

2126 4520 2276 4623 q'uod
2306 4551 2642 4606 Christiana
2672 4520 2847 4616 esset,
2882 4520 3158 4607 accusata
3212 4550 3342 4606 fuit.
3370 4520 3459 4606 'At
3487 4552 3591 4608 illa
3616 4520 3768 4609 nihil

344 4644 546 4701 ἰδοῦσα
627 4649 734 4699 τῶν
805 4642 1113 4717 παρόντων,
1167 4639 1314 4696 ἀλλά
1395 4641 1606 4696 πάντων
1662 4641 2005 4715 καταφρονή-

343 4753 509 4792 σασα’
547 4733 1004 4810 Ἐῤῥέτω,εἴπεν,
1071 4732 1098 4786 ὁ
1161 4731 1300 4806 βίος,
1362 4733 1453 4785 καὶ
1517 4731 1553 4800 ἦ
1619 4730 1814 4785 τούτου
1856 4727 2003 4802 δόξα.

344 4824 501 4899 Ἐγὼ
525 4824 626 4899 γάρ
675 4824 766 4877 τὸν
815 4823 1063 4877 ἁπάντων
1111 4818 1472 4896 δημιουργὸν,
1503 4818 1592 4873 καὶ
1632 4819 1870 4888 ποιητὴν
1903 4818 2007 4872 οὐκ

338 4917 680 4989 ἀρνήσομαι.
760 4910 1013 4987 Παραυτά
1086 4909 1178 4964 οὗν
1256 4910 1284 4964 ὁ
1359 4907 1544 4972 ἄδικος
1606 4908 1799 4981 κριτὴς
1872 4909 2001 4981 πυρὶ

342 5003 553 5073 ταύτην
609 4998 942 5076 παρέδωκεν.
1000 5001 1061 5056 Ἦ
1116 4997 1174 5054 δὶ
1232 5000 1463 5070 κάμινος
1514 4999 1851 5073 περισχοῦσα
1904 5002 2005 5065 τῆς

341 5096 507 5171 ἁγίας
554 5095 617 5149 τὸ
669 5097 851 5165 σῶμα,
911 5090 1093 5161 ὥσπερ
1149 5109 1231 5151 τις
1284 5089 1531 5162 θάλαμος
1590 5088 1874 5165 φωτεινὸς,
1905 5087 2005 5155 τὴν

345 5188 448 5259 μὲν
480 5185 666 5258 ψυχὴν
726 5183 813 5236 επὶ
864 5182 964 5250 τὴν
1024 5177 1271 5253 οὐράνιον
1321 5179 1510 5251 χώραν
1561 5173 1821 5250 ἔπεμψεν,
1851 5177 1912 5231 τὸ
1946 5173 2004 5231 δὶ

336 5276 529 5347 τίμιον
561 5272 727 5341 αὐτῆς
788 5275 948 5341 σῶμα
1004 5266 1253 5340 ἀκέραιον
1310 5264 1605 5321 διεσώσατο
1632 5271 1751 5327 τοῖς
1785 5268 2002 5337 προσήο

339 5384 523 5429 κουσι,
554 5360 643 5415 καὶ
674 5365 806 5415 πᾶσι
836 5363 952 5419 τοῖς
988 5361 1228 5417 πιστοῖς.

344 5470 444 5525 Καὶ
480 5470 674 5542 μνήμη
726 5468 822 5520 τοῦ
879 5464 1032 5519 ὁσίου
1093 5462 1301 5589 11:11:96;
1356 5464 1514 5534 ἡμῶν
1565 5459 1875 5536 Εὐδοκίμου
1904 5464 2002 5516 τοῦ

1173 5554 1257 5589 ου.

1173 5554 1257 5594 Ου.

420 5628 594 5692 Οῦτος
628 5628 657 5684 ὁ
692 5626 959 5703 μακάριος
995 5624 1241 5701 ὑπῆρχεν
1289 5622 1377 5678 ἰπὶ
1426 5629 1526 5695 τῆς
1562 5621 1842 5699 βασιλείας
1872 5629 2000 5680 Oso-

2116 4639 2501 4712 praesentium
2534 4645 2897 4710 respectans,
2950 4638 3054 4694 sed
3103 4639 3305 4694 omnia
3334 4647 3765 4697 contemnens:

2114 4729 2345 4784 Abeant
2399 4727 2616 4799 inquit,
2672 4728 2808 4795 vita,
2867 4728 3115 4799 ejusque
3173 4728 3393 4801 gloria:
3456 4746 3561 4802 ego
3605 4731 3765 4786 enim

2112 4835 2313 4874 rerum
2343 4818 2613 4872 omnium
2666 4817 2952 4872 factorem
3004 4823 3062 4871 et
3109 4818 3476 4873 conditorem
3510 4835 3631 4874 non
3661 4836 3768 4875 ne-

2112 4907 2280 4980 gabo.
2305 4906 2586 4977 Exemplo
2609 4906 2808 4977 itaque
2840 4906 3287 4978 iniquusjudex
3309 4907 3567 4963 ﬂammis
3598 4908 3766 4965 illam

2113 4998 2490 5068 adjudicavit.
2552 4996 2780 5052 Fornax
2837 5014 2972 5052 vero
3042 5005 3259 5053 sanctas
3317 5016 3551 5070 corpus,
3611 5002 3770 5056 velut

2114 5087 2461 5160 splendidus
2491 5087 2811 5151 thalamus,
2861 5088 3189 5160 complexa,
3232 5090 3493 5146 animam
3525 5092 3768 5163 quidem

2113 5178 2186 5233 ad
2243 5178 2542 5233 ccelestem
2600 5178 2903 5250 regionem
2962 5179 3330 5247 transmisit;
3363 5182 3769 5238 venerandum

2113 5274 2310 5324 autem
2343 5268 2471 5339 ejus
2502 5284 2716 5339 corpus
2764 5268 3061 5339 integrum
3110 5274 3169 5323 et
3210 5268 3621 5343 incorruptum
3666 5288 3769 5327 co-

2111 5358 2323 5432 gnatis,
2359 5363 2416 5411 et
2444 5355 2735 5411 universis
2768 5355 3044 5411 ﬁdelibus
3073 5359 3342 5414 servavit.

2182 5466 2251 5519 Et
2275 5466 2718 5518 commemoratio
2758 5464 2938 5545 sancti
2982 5463 3166 5548 ἔξαινες
3196 5467 3373 5521 nostri
3400 5467 3690 5521 Eudocimi

2835 5550 3067 5589 umoris.

2835 5550 3067 5589 umoris.

2183 5625 2284 5681 Hic
2317 5625 2545 5693 beatus,
2580 5550 2910 5696 imperabte
2942 5624 3264 5696 Theophila
3294 5624 3509 5681 Christi
3564 5625 3756 5694 hoste,
