4082 6200
363 416 478 478 567
495 409 502 416 ’

1646 411 2074 474 MENOLOGlI
2119 410 2320 474 PARS
2361 414 2470 475 III.

3655 414 3774 476 568

368 551 600 608 claruit.
661 553 941 606 Parentes
998 547 1372 620 Cappadoces
1429 547 1616 615 fuere,
1677 548 1778 618 qui
1811 546 2015 602 smculi

2142 546 2290 623 ρίλου
2319 553 2416 602 τοῦ
2451 545 2832 622 μισοχρίστου.
2885 545 2963 604 Οὗ
3009 545 3061 601 oi
3112 545 3428 624 γεννήτορας
3457 543 3549 602 σὺν
3580 547 3650 620 τῇ
3677 550 3774 602 τοῦ

369 641 750 713 splendorem
771 638 1028 711 (patricii
1050 638 1268 710 quippe
1308 637 1500 709 erant)
1523 655 1658 692 cum
1689 637 2018 693 orthodoxa

367 729 655 802 religione
680 727 1534 800 conjunxerant.Quamobrem
1565 726 1923 783 Eudocimus
1946 725 2016 782 ab

367 820 452 875 eis
509 817 582 873 ad
635 819 908 874 virtutem
961 817 1183 889 optime
1249 817 1552 884 educatus,
1585 817 1660 873 ad
1716 814 2024 873 Candidati

368 907 660 962 honorem
692 923 725 962 a
754 907 1076 979 Theophilo
1110 912 1442 978 provectus.
1465 907 1694 962 militias
1718 905 2026 978 praefectu-

364 1012 492 1051 ram
525 995 704 1050 etiam
734 996 1010 1063 obtinuit,
1040 996 1300 1067 primum
1336 995 1577 1066 quidem
1612 995 1767 1067 apud
1799 996 2022 1066 Cappa-

369 1084 585 1140 docum
616 1085 1003 1157 provinciam,
1029 1084 1242 1141 deinde
1265 1085 1421 1157 apud
1445 1085 1888 1141 Charsianum.J
1895 1089 2024 1138 usta

367 1174 593 1245 ubique
619 1180 838 1230 statera
859 1179 1005 1242 erat,
1025 1179 1084 1229 et
1106 1175 1694 1248 regula,omnemque
1717 1173 2025 1246 aequalita-

371 1269 492 1318 tem
541 1264 883 1333 observans,
945 1265 1235 1336 plurimas
1293 1265 1556 1336 quotidie
1616 1265 2025 1335 eleemosynas

373 1352 672 1425 erogabat,
705 1352 987 1408 ecclesias
1032 1352 1372 1421 exornabat,
1422 1352 1626 1408 viduas
1659 1358 1716 1408 et
1766 1352 2026 1425 pupillos

371 1441 727 1508 vindicabat,
787 1441 940 1497 188
999 1446 1057 1498 et
1116 1443 1384 1498 omnium
1434 1442 1701 1498 absolute
1740 1442 2027 1497 virtutum

375 1531 636 1602 speciem
666 1530 983 1587 referebat.
1037 1533 1149 1586 Per
1206 1532 1364 1588 hunc
1419 1533 1662 1588 modum
1695 1529 2023 1586 secundum

375 1621 562 1674 Deum
593 1626 880 1688 versatus,
903 1621 1168 1693 corporis
1187 1620 1536 1694 aegritudine
1555 1620 1796 1677 tandem
1831 1637 2027 1676 corre-

373 1713 533 1778 ptus,
565 1707 837 1779 spiritum
859 1707 977 1764 Deo
1008 1707 1288 1765 reddidit.
1307 1709 1450 1782 Ejus
1481 1715 1679 1765 autem
1707 1706 2027 1780 propinqui

375 1794 723 1851 mandatum
747 1796 934 1868 ipsius
955 1796 1294 1868 implentes,
1315 1797 1591 1853 eumdem
1612 1813 1748 1854 cum
1770 1795 2029 1852 vestibus

2127 636 2251 711 βίου
2304 637 2623 715 περιφανείᾳ
2679 637 2978 712 (πατρίκιοι
3030 633 3132 714 γὰρ
3216 635 3402 709 ἦσαν.)
3487 632 3776 712 ὀρθόδοξοι

2123 725 2509 802 ἐγνωρίζοντο·
2572 723 2928 790 Καππάδοκες
2989 726 3051 782 τὸ
3109 724 3285 802 γένος.
3347 725 3440 780 Διὸ
3509 723 3694 789 καλῶς
3747 727 3774 780 ὁ

2123 812 2441 888 Εὗόόκιμος
2525 815 2862 892 ἀναγόμενος
2930 815 3021 871 ὑπ’
3078 814 3255 871 αὐτῶν
3307 815 3376 871 τά
3423 815 3500 878 είς
3558 815 3772 891 ἀρετὴν,

2123 902 2445 969 κανδιδᾶτος
2505 906 2610 961 ὑπὸ
2665 905 2937 984 Θεοφίλου
3011 902 3274 979 ἐτιμήθη,
3333 903 3423 960 καὶ
3481 925 3776 980 στρατοπε-

2127 991 2352 1070 δάρχειν
2386 994 2613 1071 ἐτάχθηο
2663 995 2882 1070 πρῶτον
2946 994 3040 1069 μὶν
3093 994 3229 1050 κατᾶ
3273 994 3372 1064 τήν
3407 991 3778 1050 Καππαδοκῶν

2128 1085 2341 1160 χώραν,
2399 1083 2585 1141 ἔπειτα
2652 1087 2789 1141 κατά
2837 1086 2901 1141 τὸ
2958 1083 3275 1160 Χαρσιανόν·
3340 1083 3499 1158 ζυγός
3553 1105 3636 1146 τις
3695 1081 3777 1138 δί-

2126 1196 2286 1238 καιος
2347 1173 2420 1230 ὢν
2475 1175 2795 1246 καὶκανὼν,
2853 1175 2940 1230 καὶ
3007 1174 3233 1245 ἰσότητα
3263 1180 3434 1230 πᾶσαν
3468 1173 3778 1250 φυλάττων,

2128 1263 2501 1338 ἐλεημοσύνας
2573 1286 2632 1321 τε
2704 1263 2963 1331 πλείστας
3043 1263 3275 1321 ἐκτελῶν
3343 1265 3459 1319 καθ’
3528 1263 3778 1334 ἑκάστην,

2128 1354 2216 1408 καὶ
2255 1353 2350 1417 τὰς
2408 1354 2700 1427 ἐκκλησίας
2747 1351 3120 1431 καλλιεργῶνο
3179 1355 3360 1430 χήρας
3390 1355 3480 1408 καὶ
3517 1352 3782 1432 ὀρφανοὺς

2130 1441 2380 1514 ἐκδικῶν,
2441 1443 2532 1498 καὶ
2592 1443 2780 1508 ἁπλῶς
2824 1446 3003 1518 πάσης
3060 1446 3253 1522 ἀρετῆς
3314 1442 3457 1500 ἰδέαν
3515 1445 3780 1521 μετερχό-

2135 1551 2318 1604 μενος.
2378 1534 2529 1589 Κατά
2587 1534 2715 1590 Θεὸν
2777 1534 2870 1590 οῦν
2929 1533 3417 1608 πολιτευσάμενος,
3473 1533 3616 1607 νόσῳ
3675 1554 3778 1587 σω·

2135 1625 2339 1696 ματικῇ
2371 1623 2752 1698 κατασχεθεὶς,
2781 1625 2844 1680 τὸ
2879 1628 3090 1698 πνεῦμα
3147 1621 3311 1679 αὐτοῦ
3356 1627 3436 1696 τῷ
3473 1627 3590 1695 Θεῷ
3621 1621 3785 1696 παρέ-

2133 1711 2281 1768 θετο.
2316 1711 2386 1768 Οἱ
2443 1709 2501 1767 δὲ
2557 1714 2928 1786 προσήκοντες
2983 1714 3083 1782 τήν
3142 1711 3307 1769 αὐτοῦ
3361 1711 3607 1768 κέλευσιν
3663 1710 3790 1766 ἄπο·

2133 1797 2501 1875 πληροῦντες,
2537 1802 2671 1876 μετὰ
2725 1806 2833 1858 τῶν
2893 1799 3231 1876 ἐνδυμάτων,
3261 1803 3352 1858 καὶ
3383 1799 3786 1874 ὑποδημάτων-

375 1888 434 1938 et
471 1885 888 1941 calceamentis
937 1886 1319 1958 sepelierunt,
1354 1904 1531 1960 quem
1571 1889 1725 1943 Deus
1756 1886 2028 1959 pluribus

2142 1885 2362 1963 ἔθαψαν,
2413 1889 2648 1964 θαύμασι
2704 1889 2945 1956 πολλοῖς
3000 1891 3091 1947 καῖ
3150 1890 3254 1947 ὑπὸ
3313 1893 3410 1947 τοῦ
3467 1893 3608 1947 Θεοῦ
3639 1887 3789 1964 δοξα-

377 1974 682 2031 miraculis
713 1975 1049 2032 illustravit.

691 2129 957 2225 ΜΕΝ
969 2131 1116 2224 SE
1170 2129 1741 2227 AUGUSTO

1027 2295 1129 2350 Die
1159 2295 1372 2366 prima.

525 2383 676 2440 189
728 2385 1014 2440 Certamen
1059 2391 1382 2442 sanctorum
1431 2385 1884 2441 Maccabzorum.

448 2540 776 2608 Eleazarus,
811 2541 896 2595 vir
945 2541 1048 2596 ille
1097 2539 1588 2612 spectatissimus,
1623 2539 1724 2610 qui
1757 2539 2032 2593 Hieroso-

378 2628 554 2700 lymis
574 2631 898 2701 habitabat,
923 2631 1206 2704 magister
1225 2636 1351 2686 erat
1369 2635 1597 2702 septem
1621 2634 1838 2685 sanctae
1867 2627 2031 2682 Solo-

382 2719 639 2775 monidis
693 2719 972 2778 ﬁliorum.
1029 2719 1452 2791 Hierosolymis
1503 2736 1638 2774 vero
1695 2735 1729 2774 a
1786 2716 2030 2772 Seleuco

381 2825 515 2881 rege
551 2808 946 2880 depopulatis,
969 2814 1145 2881 atque
1180 2808 1560 2864 Hebraeorum
1589 2807 1808 2879 populo
1841 2805 1901 2860 in
1935 2823 2030 2860 ca-

383 2897 706 2969 ptivitatem
741 2898 1016 2967 adducto,
1059 2897 1284 2954 detenti
1321 2897 1564 2953 fuerunt
1610 2903 1668 2951 et
1715 2896 1832 2965 isti,
1861 2911 2033 2967 coge—

382 2989 636 3060 banturq
649 3011 668 3044 ι
689 3007 714 3044 e
733 3007 805 3046 ex
817 2990 1082 3062 gentium
1097 2989 1229 3044 victi
1241 2988 1351 3044 mis
1363 2988 1761 3060 degustare,et
1775 2985 2032 3057 pollutos

384 3079 694 3133 comedere
731 3079 926 3144 cibos;
986 3095 1295 3149 nunquam
1347 3083 1544 3132 autem
1577 3076 1756 3143 suasi,
1790 3073 1893 3130 sed
1925 3091 2031 3146 pro

385 3167 592 3237 patriis
625 3168 850 3240 legibus
883 3167 1276 3236 decertantes,
1330 3165 1576 3221 diversis
1635 3164 2035 3236 subjiciuntur

2137 1976 2344 2038 σθέντα.

2427 2151 2752 2248 ΜΗΝΙ
2833 2148 3494 2250 ΑΥΓΟΥΣΤΩ

2741 2307 2830 2364 Ἐν
2861 2308 2930 2381 τῇ
2973 2307 3185 2382 πρώτῃ.

2459 2395 2726 2467 ’Άθλησις
2753 2401 2860 2452 τῶν
2885 2395 3056 2472 ἅγίων
3083 2391 3468 2454 Μακκαόαίων.

2210 2536 2468 2616 Ἐλεάζαρ
2528 2540 2555 2594 ὁ
2611 2539 2944 2615 τιμιώτατος
3005 2537 3333 2603 διδάσκαλος
3391 2539 3458 2609 ἦν
3520 2541 3626 2592 τῶν
3661 2533 3791 2591 ἑπτὰ

2137 2624 2375 2682 σπαίδων
2422 2635 2522 2698 τῆς
2575 2629 2731 2704 ἆγίας
2768 2628 3182 2704 Σολομωνίδος,
3239 2630 3508 2684 κατοιγῶν
3539 2625 3590 2680 ἐν
3626 2627 3791 2694 Ἰερο-

2139 2719 2427 2792 σολύμοις.
2459 2721 2843 2796 Πορθήσαντος
2875 2717 2932 2775 δὲ
2964 2717 3239 2775 Σελεύκου
3273 2721 3369 2774 τοῦ
3410 2715 3685 2794 βασιλέως
3709 2714 3798 2768 τὰ·

2138 2805 2527 2884 οῐεροσὸλυμα,
2590 2811 2677 2864 καὶ
2735 2810 2797 2864 τὸ
2853 2814 2959 2865 τῶν
3017 2805 3288 2884 Ἑϐραίων
3323 2809 3480 2883 γένος
3523 2805 3792 2882 αἱχμαλω

2136 2897 2405 2969 τίσαντος,
2463 2899 2834 2974 ἐκρατήθησαν
2890 2899 2979 2955 καὶ
3053 2899 3228 2955 οῦτοι⁶
3296 2898 3386 2953 καὶ
3445 2895 3794 2973 ἠναγκάσθη-

2140 3008 2232 3042 σαν
2288 2985 2596 3060 ἐλληνιγῶν
2648 2987 3048 3063 ἀπογεύσασθαι
3119 2993 3314 3050 (θυσιῶν
3373 2987 3462 3041 καὶ
3529 3003 3793 3060 μιαροφαο

2139 3085 2321 3152 γῆσαι.
2382 3080 2476 3148 Μὴ
2535 3080 2838 3143 πεισθέντες
2896 3077 2973 3150 δὲ,
3034 3077 3158 3133 ἀλλ’
3215 3079 3346 3152 ὑπὲρ
3385 3081 3495 3131 τῶν
3545 3074 3788 3144 πατρίων

2139 3167 2540 3242 ἀγωνισάμενοι
2589 3170 2794 3242 νόμων,
2846 3165 3129 3246 διαφόροις
3180 3161 3564 3238 ὑπεϐλήθησαν
3612 3185 3793 3237 τιμω.

384 3258 762 3314 cruciatibus.
783 3258 979 3314 Primo
998 3259 1240 3330 quidem
1263 3257 1565 3314 Eleazarus
1583 3255 1798 3310 acriter
1819 3270 2028 3320 cazsus,

2149 3260 2308 3332 ρίαις.
2352 3259 2456 3314 Καὶ
2513 3263 2729 3334 πρῶτον
2794 3259 2886 3333 μὲν
2945 3260 2972 3313 ὁ
3030 3258 3356 3332 Ἐλεάζαρος
3410 3255 3627 3335 τυφθεὶς
3687 3274 3794 3332 σφο

382 3347 562 3420 inque
591 3348 788 3416 ignem
813 3349 1090 3422 injectus,
1116 3365 1292 3404 orans
1314 3347 1587 3420 spiritum
1619 3347 1734 3400 Deo
1768 3341 2028 3399 tradidit.

381 3437 554 3492 Pueri
588 3437 802 3493 deinde
834 3439 1042 3494 eodem
1073 3456 1190 3510 quo
1221 3437 1344 3494 nati
1374 3438 1611 3493 fuerant
1633 3434 1862 3498 ordine,
1883 3432 2034 3488 alius

380 3534 514 3599 post
561 3528 744 3584 alium
776 3529 1035 3596 adducti,
1084 3529 1415 3596 tormentis,
1451 3527 1742 3599 equuleis,
1772 3523 1939 3589 rotis,
1979 3527 2036 3577 et

381 3618 504 3690 igni
540 3619 813 3690 expositi,
846 3636 952 3689 pro
1001 3619 1221 3690 pietate
1255 3623 1394 3672 sunt
1424 3616 1784 3688 consumpti,
1819 3613 2036 3670 mentis

383 3705 646 3776 profecto
671 3707 961 3760 rationem
979 3724 1100 3777 pra:
1114 3723 1175 3760 se
1189 3705 1445 3760 ferentes
1467 3721 1805 3776 supremam
1824 3703 2039 3758 haben-

385 3801 506 3849 tem
538 3794 598 3848 in
631 3795 939 3865 passiones
971 3799 1346 3865 potestatem.
1378 3795 1569 3848 Tertio
1625 3794 1777 3847 190
1831 3807 2035 3848 eorum

386 3889 577 3940 mater
604 3884 939 3938 Solomonis
972 3890 1180 3954 sponte
1207 3884 1510 3939 fornacem
1542 3884 1827 3956 ingressa,
1861 3879 2039 3954 super

385 3971 657 4044 proprios
689 3972 940 4027 moritur
969 3971 1146 4027 ﬁlios.

455 4201 525 4258 Et
553 4207 823 4258 certamen
852 4197 1034 4257 sancti
1062 4201 1320 4270 martyris
1344 4200 1559 4255 Leontii
1588 4205 1640 4254 et
1669 4200 1964 4256 sociorum.

456 4434 677 4496 Christi
735 4442 1026 4510 martyres
1086 4435 1386 4501 Leontius,
1440 4440 1499 4490 et
1553 4433 1890 4491 Alexander
1919 4450 2041 4491 una

389 4545 524 4585 cum
555 4528 776 4584 sanctis
799 4528 920 4583 suis
953 4525 1150 4593 sociis,
1170 4525 1414 4580 fuerunt
1431 4523 1792 4596 temporibus
1811 4524 2042 4580 Diocle-

387 4619 537 4673 tiani
559 4617 938 4689 imperatoris
959 4635 1030 4672 ex
1059 4614 1420 4688 Pamphylia?
1444 4613 1958 4688 regione,diversis
1979 4615 2038 4669 in

388 4705 536 4760 locis
558 4705 829 4771 nati,una
847 4711 1047 4761 tamen
1064 4711 1262 4760 mente
1284 4721 1420 4777 erga
1441 4703 1756 4759 Dominum
1779 4709 2045 4759 nostrum

391 4795 592 4848 Jesum
650 4794 947 4849 Christum
1011 4794 1278 4862 animati,
1334 4798 1536 4866 utpote
1595 4809 1666 4847 ex
1694 4791 2044 4848 Christianis

393 4883 506 4937 orti
537 4884 1034 4955 progenitoribus.
1062 4887 1265 4957 Itaque
1290 4885 1448 4939 inter
1475 4900 1536 4940 se
1595 4882 1745 4938 inito
1768 4882 2041 4954 consilio,

393 4980 571 5046 atque
627 4975 857 5031 cunctis
909 4975 1090 5049 hujus
1147 4974 1349 5032 saeculi
1419 4974 1596 5030 rebus
1664 4974 2041 5045 contemptis,

392 5071 771 5122 accesserunt
787 5065 859 5121 ad
881 5066 1080 5122 Dianaa
1096 5067 1330 5133 fanum;
1353 5082 1539 5136 eoque
1561 5064 2044 5138 ingressi,omnia

392 5162 728 5213 everterunt
756 5156 935 5213 idola.
995 5157 1220 5230 Cogniti
1254 5156 1454 5229 igitur,
1491 5161 1548 5210 et
1603 5155 2039 5227 comprehensi,

387 5243 768 5301 vehementer
817 5243 1146 5313 caeduntur,
1179 5243 1593 5316 unguibusque
1649 5241 1857 5296 ferreis
1889 5241 2040 5295 dila-

387 5335 650 5400 niantur,
682 5351 749 5390 ac
781 5334 1012 5390 subulis
1045 5334 1200 5390 oculi
1235 5349 1440 5388 eorum
1487 5331 1948 5402 transfiguntur:
1982 5335 2041 5385 et

387 5424 673 5481 custodiae
703 5424 924 5493 traditi,
944 5421 1017 5479 ad
1049 5423 1251 5495 plures
1283 5421 1410 5476 dies
1437 5421 1565 5474 sine
1597 5417 1727 5473 cibo
1759 5433 2038 5489 perman-

387 5519 615 5570 serunt.
650 5514 730 5568 De
762 5529 997 5568 carcere
1025 5518 1233 5584 postea
1268 5510 1486 5574 educti,
1517 5507 1659 5562 feris
1687 5513 1826 5562 sunt
1856 5525 2035 5580 expo-

387 5603 504 5659 siti.
540 5600 652 5658 Sed
709 5618 808 5657 eos
864 5601 1079 5656 bellum
1137 5599 1382 5655 minime
1431 5597 1732 5652 laeserunt.
1784 5597 2033 5654 Demum

386 5690 566 5766 gladii
595 5696 837 5763 accepta
856 5687 1173 5758 sententia,
1191 5686 1381 5758 capite
1408 5685 1573 5744 fuere
1603 5685 1959 5744 obtruncati.

2149 3353 2280 3422 ρῶς,
2336 3347 2425 3402 καὶ
2485 3347 2563 3410 εἰς
2612 3349 2675 3403 τὸ
2732 3353 2838 3422 πῦρ
2896 3349 3143 3421 βληθεὶς,
3202 3347 3292 3402 καὶ
3351 3345 3641 3420 εὐξάμενος
3683 3348 3794 3416 τῷ-

2140 3442 2274 3509 Θεῷ,
2340 3438 2402 3492 τὸ
2477 3441 2687 3512 πνεῦμα
2737 3437 3040 3512 παρέδωκε.
3101 3436 3359 3511 Δεύτερον
3392 3433 3446 3492 δὲ
3497 3436 3552 3490 οἱ
3605 3431 3796 3495 παῖδες

2139 3527 2274 3582 κατὰ
2326 3527 2472 3599 τάξιν
2535 3527 2607 3589 ὡς
2668 3528 3028 3601 ἐγεννήθησαν
3085 3528 3204 3591 καθ’
3262 3530 3337 3590 εἷς
3394 3527 3674 3602 ἀχθέντες,
3702 3529 3797 3582 καὶ

2143 3613 2543 3692 άρθρεμὸόλοις
2603 3615 2692 3671 καὶ
2760 3615 3145 3679 καταπέλταις,
3222 3616 3312 3670 καὶ
3397 3622 3644 3692 τροχοῖς,
3704 3619 3793 3673 καὶ

2140 3705 2268 3779 πυρί
2326 3703 3000 3782 προσομιλήσαντες,ῦπὶρ
3059 3700 3333 3768 εὐσεϐείας
3374 3703 3796 3777 ἐτελειώθησαν,

2143 3791 2405 3865 δείξαντες
2459 3789 2630 3856 ὅντως
2659 3795 2748 3850 τὸν
2806 3793 3070 3869 λογισμὸν
3123 3793 3494 3871 αὐτοκράτορα
3538 3799 3646 3850 τῶν
3699 3817 3798 3851 πα-

2142 3885 2270 3943 θῶν,
2306 3884 2407 3938 Καὶ
2437 3882 2619 3958 τρίτον
2676 3885 2712 3954 ἡ
2773 3883 2950 3939 αὐτῶν
3014 3885 3198 3960 μήτηρ
3261 3882 3587 3960 Σολομωνὶς
3639 3885 3798 3940 αύτο-

2146 3973 2353 4045 μάτωςο
2388 3973 2463 4036 εἷς
2495 3974 2594 4044 τήν
2631 3971 2858 4047 κάμινον
2907 3970 3228 4038 εἷ’σελθοῦσα
3255 3979 3373 4036 τοῖς
3406 3971 3572 4038 ῗδίοις
3603 3973 3799 4030 ἐπαπέ-

2142 4064 2266 4118 θανε
2289 4062 2521 4126 τέκνοις,

2145 4205 2251 4264 Καὶ
2301 4203 2530 4278 ἄθλησις
2578 4211 2676 4263 τοῦ
2726 4207 2882 4284 ἁγίου
2933 4209 3205 4284 μάρτυρος
3260 4205 3517 4266 Λεοντίου
3567 4207 3660 4264 καὶ
3700 4213 3802 4278 τῆς

2742 4277 2988 4336 συνοδίας
3017 4281 3206 4336 αὐτοῦ·

2742 4301 2899 4336 συνοο
2909 4301 2988 4344 ιας
3017 4301 3206 4336 αυτου·

2218 4422 2497 4494 Λεόντιος,
2554 4423 2644 4480 καὶ
2705 4421 3066 4499 Ἀλέξανδρος
3121 4424 3174 4478 οἱ
3225 4419 3321 4478 τοῦ
3397 4424 3635 4498 Χριστοῦ
3673 4421 3806 4498 μάρ-

2145 4534 2300 4590 τυρες
2362 4514 2495 4587 μετὰ
2544 4517 2644 4579 τῆς
2697 4515 2844 4589 ἱερᾶς
2897 4511 3148 4577 συνοδίας
3185 4511 3385 4583 αὐτῶν,
3416 4513 3672 4587 ὑπῆρχον
3709 4511 3799 4566 ἐπὶ

2151 4609 2249 4673 τῆς
2304 4603 2578 4679 βασιλείας
2629 4603 3022 4674 Διοκλητιανοῦ
3071 4601 3132 4658 ἐκ
3179 4609 3282 4672 τῆς
3325 4602 3512 4677 χώρας
3569 4606 3804 4678 Ηαμφυο

2076 4655 2122 4722 D
2157 4655 2394 4762 1a,};
2421 4655 2832 4771 ageam;
2850 4655 3284 4769 ‘xgggi...,"s..‘.;‘.
3321 4655 3539 4766 mea
3566 4655 3802 4766 γνιὲηὶην

2154 4780 2375 4858 ἔχοντες
2405 4783 2540 4858 πρὸς
2567 4785 2662 4838 τὸν
2711 4781 2906 4860 Κύριον
2965 4785 3126 4857 ἡμῶν
3183 4785 3395 4854 Ἰησοῦν
3438 4780 3696 4855 Χριστὸν,
3731 4779 3805 4839 ὡς

2154 4875 2471 4948 Χριστιανοὶ
2529 4873 2584 4930 ἐγ
2643 4873 2929 4950 προγόνων
2979 4877 3366 4951 τυγχάνοντες.
3417 4875 3590 4941 Κοινῆ
3620 4872 3804 4925 τοίνυν

2156 4962 2606 5039 βουλευσάμενοι,
2657 4964 2744 5020 καὶ
2799 4964 2970 5020 πάντα
3016 4965 3083 5019 τά
3133 4962 3366 5040 βιωτικᾶ
3407 4959 3482 5023 είς
3515 4957 3672 5015 οὐδὲν
3705 4957 3810 5014 λο-

2152 5052 2462 5126 γισάμενοι,
2521 5047 2820 5109 κατέλαϐον
2876 5055 2940 5109 τὸ
2995 5059 3098 5123 τῆς
3155 5047 3483 5128 Ἀρτέμιδος
3511 5047 3678 5123 ἱερόν.
3711 5047 3809 5104 Καὶ

2152 5141 2204 5199 ἐν
2265 5140 2414 5216 αὖτῷ
2471 5143 2776 5222 γενόμενοι,
2835 5143 3198 5219 κατέστρεψαν
3253 5140 3428 5198 πάντα
3474 5140 3541 5194 τὰ
3580 5135 3812 5194 ε’ἰδωλα.

2150 5231 2480 5296 Γνωσθέντες
2531 5233 2620 5287 οὗν
2697 5231 2787 5287 καὶ
2861 5232 3242 5308 κρατηθέντες,
3301 5227 3602 5306 ἐτύφθησαν
3674 5247 3818 5300 σφο-

2150 5319 2318 5398 δρῶς,
2384 5322 2472 5378 καὶ
2549 5320 2683 5396 μετὰ
2753 5317 2995 5398 σιδηρῶν
3056 5320 3271 5396 ὀνύχων
3341 5318 3651 5389 ἐξέσθησαν,
3721 5311 3818 5370 καὶ

2151 5407 2441 5473 σουϐλίοις
2467 5416 2586 5473 τοῖς
2625 5409 2937 5489 ὀφθαλμοῖς
2983 5409 3420 5482 ἐξεκεντήθησαν.
3454 5404 3557 5463 Καὶ
3590 5403 3816 5482 φυλακῇ

2146 5495 2561 5578 παραδοθέντες,
2612 5497 2841 5578 ἄτροφοι
2911 5497 3187 5572 διέμειναν
3233 5497 3322 5553 ἐπὶ
3379 5493 3622 5556 πολλαῖς
3673 5492 3819 5566 ἡμὶ-

2145 5611 2260 5667 ρας.
2338 5590 2474 5648 Εἶτα
2545 5597 2646 5659 τῆς
2721 5587 2972 5667 φυλακῆς
3053 5583 3432 5659 ἐκϐληθέντες,
3507 5584 3818 5657 ἐθηριομά-

2142 5701 2347 5762 χησαν·
2373 5680 2443 5738 τὰ
2469 5677 2526 5736 δὶ
2559 5678 2726 5756 θηρία
2773 5678 2882 5756 οὐχ
2939 5678 3146 5754 ἥψαντο
3205 5679 3410 5735 αὐτῶν.
3464 5674 3573 5732 Καὶ
3605 5668 3816 5746 λαϐόν-

2137 5794 2246 5844 τες,
2314 5773 2413 5842 τήν
2492 5768 2582 5826 διὰ
2656 5768 2843 5847 ξίφους
2909 5769 3203 5846 ἀπόφασιν,
3264 5765 3808 5847 ὰπεκεφαλίσθησαν·
