4084 6202
322 415 439 476 569

880 548 1055 602 ΜΠΝΙ
1096 547 1191 603 ΤΩ
1230 549 1425 602 ΑΥΤΩ.

1130 636 1187 691 Β,

334 732 604 803 Ἀθλησις
634 738 731 789 τοῦ
762 733 921 810 ἀγίου
962 735 1362 826 ἰερρμάρτυρος
1424 734 1702 812 Στεφάνου
1760 730 1850 787 καὶ
1879 734 1985 785 τῶν

1012 827 1104 860 συν
1138 828 1310 880 αυτῳ.

411 912 682 992 Στέφανος
743 914 771 968 6
830 913 1162 989 ἱερομάρτυρ
1245 912 1312 981 ἦν
1396 910 1483 967 ἐπὶ
1545 913 1643 981 τῆς
1707 906 1990 985 βασιλείας

334 1000 708 1077 Οὐαλεριανοῦ
767 1001 828 1058 ἐκ
881 1008 983 1071 τῆς
1034 1001 1272 1067 παλαιάς
1327 1002 1551 1075 Ῥώμης
1585 1043 1600 1056 .
1672 1000 1991 1073 Κρυπτόμε-

336 1114 426 1156 νος
487 1090 545 1148 δὲ
604 1090 694 1148 διὰ
749 1093 840 1148 τὸν
898 1089 1141 1167 διωγμὸν
1201 1091 1253 1147 ἐν
1305 1092 1612 1165 οἰκήματι,
1668 1089 1798 1152 τοὺς
1856 1094 1994 1165 πρὸς

338 1183 501 1238 αὐτὸν
588 1183 1061 1258 παραγενομένους
1142 1180 1422 1253 Ἕλληνας
1517 1176 1769 1250 ἐϐάπτιζε
1803 1222 1819 1251 ,
1902 1177 1992 1233 καὶ

339 1271 626 1334 διακόνους
658 1316 673 1342 ,
732 1272 822 1327 καί
875 1267 1274 1348 πρεσϐυτέρους
1332 1270 1667 1346 ἐχειροτόνει
1703 1314 1717 1340 ,
1751 1269 1838 1324 καὶ
1899 1269 1991 1323 τὸν

339 1363 469 1417 Θεὸν
526 1360 821 1437 παρεκάλει
920 1361 1053 1436 ὑπὲρ
1109 1364 1207 1431 τῆς
1268 1364 1366 1416 τοῦ
1421 1360 1634 1433 κόσμου
1695 1356 1992 1433 σωτηρίας.

339 1452 652 1524 ’ἰασάμενος
702 1450 759 1506 δέ
813 1452 905 1506 καὶ
954 1453 1055 1521 τὴν
1118 1451 1385 1527 θυγατέρα
1443 1450 1700 1524 Ἐμεσίου
1755 1453 1853 1504 τοῦ
1895 1445 1995 1518 δη-

346 1540 609 1617 μάρχου,
664 1540 1056 1612 παρεσκεύασεν
1114 1539 1273 1596 αὐτὸν
1337 1541 1717 1617 βαπτισθῆναυ
1780 1537 1870 1593 καὶ
1931 1537 1996 1591 οὐ

348 1632 512 1705 μόνον
546 1628 730 1702 αὐτὸν,
762 1628 907 1686 ἀλλὰ
951 1630 1043 1685 καὶ
1100 1628 1317 1699 πλῆθος
1367 1627 1578 1705 ἀνδρῶν
1605 1649 1663 1684 τε
1691 1627 1780 1682 καὶ
1806 1647 1997 1702 γυναι-

344 1725 456 1776 κῶν
491 1766 506 1787 ,
566 1718 760 1775 οἵτινες
839 1718 1122 1797 διαφόροις
1203 1719 1496 1794 τιμωρίαις
1556 1716 1949 1787 ἐτελειώθησαν
1983 1758 1998 1773 .

345 1812 422 1868 Ta
480 1806 536 1864 δὲ
587 1807 812 1883 λείψανα
860 1808 1038 1864 αὐτῶν
1098 1810 1410 1885 συναγαγὼν
1459 1809 1488 1864 6
1520 1806 1806 1885 ἀρχιερεὺς
1866 1806 2001 1861 Στέ-

346 1917 513 1975 φανος
546 1939 560 1966 ,
620 1896 856 1971 ἐντίμως
915 1894 1196 1969 ἐκήδευσεν
1230 1940 1244 1955 .

342 1992 565 2063 ’Ἄρεως
632 1986 984 2063 ἀναγκασθεὶς
1069 1986 1330 2043 είσελθεῖν
1362 2032 1379 2054 ,
1430 1987 1518 2042 καὶ
1577 1993 1996 2062 προσκυνῆσαι,

347 2075 588 2147 εἰσῆλθε,
641 2082 734 2130 καῖ
790 2076 1245 2152 προσευξάμενος,
1300 2070 1568 2132 κατέϐαλε
1621 2077 1683 2131 τὸ
1741 2073 1995 2132 εἷ’ὂωλον.

347 2168 450 2224 Καὶ
485 2167 621 2240 μετά
674 2170 842 2221 ταῦτα
886 2166 1223 2243 λειτουργῶν
1276 2166 1704 2245 ἀπεκεφαλίσθη,
1758 2167 1849 2222 καὶ
1896 2187 1997 2221 κα·-

344 2254 532 2325 τετέθη
568 2256 619 2311 ἐν
650 2256 787 2331 αὐτῇ
839 2259 909 2330 τῇ
947 2253 1179 2332 καθέδρᾳ
1239 2254 1330 2311 σὺν
1391 2261 1470 2329 τῷ
1532 2258 1750 2331 μαθητῇ
1807 2256 1995 2325 αὐτοῦ,

346 2347 431 2401 ἐπὶ
466 2352 658 2422 χεῖρας
686 2351 972 2421 κρατοῦντι
1002 2349 1065 2403 τὸ
1097 2354 1196 2418 τῆς
1241 2347 1475 2411 πίστεως
1508 2350 1657 2424 ἅγιον
1693 2342 1996 2421 σύμϐολον.

344 2464 442 2519 Καὶ
475 2463 680 2541 εὕρεσις
727 2468 833 2519 τῶν
885 2464 1148 2542 λεικάνων
1187 2470 1294 2542 ’τοῦ
1340 2464 1500 2542 άγίου
1547 2466 1821 2542 μάρτυρος
1853 2462 1998 2520 Δάδα

882 2538 1110 2592 καὶτῶν
1154 2536 1245 2592 σὺν
1297 2536 1465 2610 αὐτῷ.

417 2654 584 2712 Οὗτοι
641 2655 692 2709 οἱ
725 2655 873 2729 ἅγιοι
938 2655 1205 2730 μάρτυρες
1267 2655 1520 2730 ὑπῆρχον
1582 2654 1670 2710 ἐπὶ
1728 2656 2002 2728 Μαξιμια-

343 2748 440 2798 νοῦ
470 2748 569 2798 τοῦ
604 2742 871 2820 βασιλέως
904 2743 955 2798 ἐν
987 2748 1054 2818 τῇ
1088 2744 1247 2800 πόλει
1307 2744 1633 2820 Δοροστόλῷ
1659 2744 1710 2799 ἐν
1740 2748 1809 2818 τῇ
1841 2747 2002 2820 χώρᾳ

340 2841 440 2902 τῆς
501 2840 758 2908 Θρᾳκης.
814 2835 1184 2908 Κρατηθέντες
1238 2831 1295 2889 δέ
1346 2834 1435 2889 καὶ
1497 2834 1864 2908 παραστάντες
1920 2838 1999 2906 τῷ

345 2922 628 2997 ἄρχοντι,
686 2923 1097 2996 ἠναγκάσθησαν
1160 2926 1313 2978 θῦσαι
1368 2929 1486 2986 τοῖς
1546 2923 1842 2986 εἰδώλοις.
1903 2922 1999 2978 Καὶ

349 3014 425 3086 μή
489 3014 817 3082 πεισθέντες,
880 3008 1247 3084 ἐνεϐλήθησαν
1305 3012 1380 3076 είς
1440 3012 1712 3089 φυλακην.
1772 3017 1886 3072 Τοῦ
1945 3011 2001 3067 δὲ

344 3101 506 3176 ἁγίου
591 3101 845 3174 Μαξίμου
934 3104 1467 3177 ὑπαναγινώακοντος
1546 3109 1662 3165 τοῖς
1740 3104 2000 3178 μάρτυσιν

342 3189 512 3247 αὐτοῦ
569 3191 665 3253 τὰς
720 3192 861 3254 θείας
917 3194 1133 3271 Γραφὰς
1166 3238 1180 3263 ,
1246 3193 1620 3258 ὑπνώσσαντες
1680 3194 1848 3267 ὁρῶσι
1907 3193 1997 3247 τὸν

1831 406 2263 472 AUGUSTUS.

2013 545 2065 610 Α

3621 412 3742 472 570
3764 414 3769 419 ’

2648 543 2887 598 EODEM
2936 542 3186 599 MENSE.

2706 633 2808 687 Die
2840 633 3103 689 secunda

2097 734 2380 788 Certamen
2430 736 2766 789 sacrosancti
2822 733 3083 804 martyris
3140 734 3412 806 Stephani
3468 742 3520 791 et
3566 738 3738 792 socio-

2841 821 2985 861 rum.

2167 913 2500 985 Stephanus
2524 929 2691 968 sacer
2712 920 2937 984 martyr
2966 913 3078 969 fuit
3133 912 3444 969 Valeriano
3482 913 3741 985 impera-

2101 1008 2226 1058 tore
2259 1021 2327 1059 εχ
2359 1004 2605 1075 antiqua
2632 1006 2833 1060 Roma.
2869 1006 3013 1060 Cum
3070 1011 3269 1060 autem
3328 1010 3572 1077 propter
3600 1021 3744 1077 per-

2100 1095 2466 1150 secutionem
2495 1094 2601 1150 sub
2663 1095 3027 1151 domuncula
3076 1095 3356 1163 latitaret,
3390 1112 3492 1151 eos
3540 1095 3640 1166 qui
3674 1094 3746 1150 ad

2103 1183 2299 1254 ipsum
2331 1200 2401 1238 ex
2434 1184 2707 1257 gentibus
2733 1184 3117 1249 accedebant,
3148 1184 3516 1257 baptizabat;
3550 1184 3750 1240 diaco-

2101 1289 2230 1340 nos,
2265 1276 2319 1327 el
2350 1273 2728 1345 presbyteros
2790 1274 3217 1341 consecrabat;
3260 1276 3564 1345 Deumque
3616 1291 3749 1345 pre-

2100 1360 2346 1417 cabatur
2376 1379 2479 1434 pro
2513 1363 2719 1417 mundi
2763 1363 3236 1419 salute.Sanitati
3269 1380 3403 1418 vero
3436 1364 3746 1434 peripsum

2103 1452 2379 1507 restituta
2408 1451 2533 1507 filia
2572 1452 2789 1508 Emesii
2853 1451 3075 1508 tribuni
3130 1452 3342 1525 plebis,
3395 1469 3516 1507 non
3572 1452 3747 1507 modo

2101 1541 2300 1605 illum,
2334 1541 2438 1597 sed
2466 1542 2723 1598 virorum
2748 1543 2949 1608 etiam,
2986 1543 3428 1615 mulierumque
3474 1540 3745 1597 multitu-

2104 1629 2307 1685 dinem
2338 1630 2591 1697 induxit,
2621 1638 2686 1686 ut
2737 1630 3209 1704 baptizarentur:
3244 1632 3346 1703 qui
3405 1631 3583 1686 variis
3618 1646 3751 1685 con-

2104 1719 2326 1789 sumpti
2358 1725 2499 1773 sunt
2525 1719 2908 1776 cruciatibus.
2961 1722 3181 1775 Horum
3237 1726 3435 1776 autem
3469 1718 3752 1790 reliquias

2104 1807 2390 1881 colligens
2422 1809 2685 1881 pontifex
2716 1809 3069 1881 Stephanus,
3104 1810 3430 1865 honoriﬁce
3460 1808 3752 1880 sepelivit.

1304 1900 1438 1954 Εἶτα
1497 1896 1549 1953 ἐν
1606 1902 1687 1971 τῷ
1741 1900 1854 1969 ναῷ
1906 1898 1998 1951 τοῦ

2116 1899 2257 1954 Exin
2290 1900 2578 1972 templum
2602 1900 2800 1956 Martis
2831 1908 3070 1957 coactus
3094 1901 3366 1965 introire,
3390 1905 3449 1955 et
3486 1899 3753 1968 adorare,

2111 1989 2434 2061 ingressus,
2453 1991 2755 2063 Deumque
2770 1990 3142 2062 deprecatus,
3176 1989 3752 2062 prostravitidolum.

2108 2080 2250 2133 Post
2277 2079 2404 2135 haec
2426 2079 2570 2136 dum
2603 2079 2787 2135 sacris
2824 2081 2963 2135 191
3003 2080 3130 2152 ipse
3162 2080 3526 2153 fungeretur,
3561 2078 3751 2149 capite

2109 2172 2499 2228 obtruncatur
2528 2189 2542 2228 :
2575 2190 2644 2229 ac
2670 2173 2977 2246 depositus
3007 2172 3119 2228 fuit
3166 2172 3228 2227 in
3289 2172 3419 2245 ipsa
3448 2169 3752 2237 cathedra,

2110 2263 2289 2319 simul
2320 2279 2455 2319 cum
2489 2280 2594 2319 suo
2626 2263 2939 2337 discipulo,
2968 2265 3068 2336 qui
3101 2279 3285 2319 manu
3316 2268 3592 2318 sanctum
3612 2259 3750 2316 ﬁdei

2111 2354 2445 2426 symbolum
2470 2353 2727 2410 tenebat.

2109 2474 2176 2529 Et
2206 2476 2448 2529 inventio
2506 2474 2903 2553 reliquiarum.
2931 2475 3107 2528 sancti
3164 2474 3429 2543 martyris
3482 2469 3647 2528 Dadz
3705 2477 3755 2525 et

2790 2561 3081 2600 sociorum.

2183 2656 2250 2709 Hi
2283 2656 2469 2711 sancti
2496 2661 2805 2726 martyres,
2839 2654 3192 2710 Maximiano
3245 2653 3624 2725 imperatore,
3654 2651 3758 2705 de-

2111 2743 2330 2817 gebant
2360 2745 2418 2799 in
2453 2744 2764 2800 Dorostolo
2796 2744 3057 2800 Thraciae
3088 2744 3361 2798 civitate:
3413 2740 3637 2796 detenti
3661 2756 3763 2794 au-

2114 2841 2255 2903 tem,
2290 2841 2348 2890 et
2377 2841 2515 2891 ante
2549 2836 2861 2907 praesidem
2898 2841 3145 2901 stantes,
3187 2832 3366 2888 idolis
3398 2830 3759 2904 cogebantur

2111 2925 2467 2981 sacrificare.
2504 2924 2669 2990 Quod
2702 2941 2835 2979 cum
2866 2924 3061 2980 facere
3082 2923 3501 2988 detrectarent,
3529 2922 3589 2976 in
3632 2936 3759 2974 car-

2111 3031 2308 3070 cerem
2338 3016 2580 3069 fuerunt
2613 3015 2840 3086 injecti.
2874 3014 3086 3069 Sancto
3117 3030 3251 3069 vero
3284 3012 3533 3066 Maximo
3550 3009 3757 3082 praele-

2111 3110 2284 3176 gente
2316 3104 2440 3159 suis
2466 3104 2825 3175 martyribus
2858 3120 3054 3158 sacras
3083 3104 3435 3174 Scripturas.
3458 3098 3764 3155 obdormi-

2112 3200 2344 3249 scentes
2368 3193 2479 3265 ipsi
2536 3193 2839 3248 diabolum
2872 3194 3202 3258 intuentur,
3245 3191 3346 3262 qui
3379 3190 3593 3244 bellica
3624 3205 3757 3259 per-

343 3277 605 3336 διάϐολον
659 3279 805 3336 ὅπλα
862 3280 1142 3355 πολεμικᾶ
1188 3286 1489 3356 κρατοῦντα
1535 3283 1622 3337 καὶ
1675 3284 1790 3338 κατ’
1823 3283 1998 3337 αὐτῶν

2116 3283 2413 3356 stringens
2435 3299 2620 3343 arma.
2654 3283 2715 3336 in
2743 3299 2843 3337 eos
2874 3280 3207 3353 pugnabat:
3242 3286 3419 3349 atque
3468 3292 3756 3347 experge-

343 3371 697 3442 πολεμοῦντα
730 3416 743 3428 .
806 3373 909 3428 Καὶ
965 3369 1327 3447 ὃιεγερθέντες
1383 3369 1523 3427 εἶδον
1584 3373 1809 3449 ἄγγελον
1868 3375 2000 3428 Θεοῦ

342 3464 545 3529 θάρσος
576 3461 762 3522 αὐτοῖς
823 3461 1177 3533 ἐμποιοῦντα.
1235 3465 1369 3518 Εἶτα
1424 3462 1725 3540 ἐτύφθησαν
1785 3461 1999 3527 δεινῶς,

339 3550 431 3604 καὶ
466 3544 725 3611 λαϐόντες
758 3550 855 3618 τὴν
908 3548 997 3604 δια
1054 3552 1239 3627 ξίφους
1291 3551 1583 3629 ἀπόφασιν,
1614 3551 1868 3628 ἤχθησαν
1922 3553 1998 3614 εἰς

343 3641 440 3694 τὸν
471 3641 639 3694 τόπον
696 3645 804 3694 τῶν
864 3638 1192 3711 καταδίκων,
1248 3643 1403 3697 κάκεῖ
1458 3645 1555 3708 τὰς
1606 3642 1846 3721 κεφαλάς
1894 3645 1998 3698 ἀπ-

348 3731 669 3802 ετμήθησαν
738 3732 867 3803 μηνὶ
930 3730 1240 3807 Ἀπριλλίῳ
1285 3739 1390 3803 κη’.
1450 3733 1761 3806 Εύρέθησαν
1824 3730 1881 3788 δέ
1935 3735 2002 3788 τά

345 3820 508 3892 τίμια
569 3818 798 3893 λείψανα
851 3820 1028 3876 αὐτῶν
1087 3817 1159 3875 δι’
1216 3821 1451 3897 ἀγγέλου
1513 3824 1646 3895 μηνί
1697 3822 1999 3899 Αὐγούστῳ

350 3906 622 3983 δευτέρᾳ⁶
684 3910 839 3964 ἅτινα
921 3914 1012 3964 νῦν
1070 3912 1410 3967 κατάκεινται
1468 3912 1520 3967 ἐν
1574 3917 1653 3984 τῷ
1712 3910 1848 3986 οἷ’κῳ
1900 3920 1998 3983 τῆς

349 4000 509 4074 ἁγίας
542 3999 810 4071 Θεοτόκου
852 3999 904 4054 ἐν
963 4006 1082 4063 τοῖς
1136 4000 1455 4076 Βιγλεντίας
1515 4001 1683 4067 ἰάσεις
1743 4004 1998 4067 πλείστας

345 4087 704 4144 ἐπιτελοῦντα
731 4094 847 4153 τοῖς
878 4091 1352 4166 προσερχομὶνοις
1382 4092 1590 4156 αὐτοῖς.

345 4202 447 4258 Καὶ
484 4200 793 4276 ἀνακομιδὴ
823 4207 921 4259 τοῦ
975 4203 1235 4286 λειψάνου
1260 4210 1379 4286 ’τοῦ
1410 4206 1565 4282 ἁγίου
1595 4212 2000 4286 πρωτομάρτυ-

956 4296 1052 4351 ρος
1079 4276 1392 4337 Στεφάνου.

418 4381 545 4438 Ἐπὶ
600 4389 701 4452 τῆς
762 4381 1041 4458 βασιλείας
1100 4386 1510 4443 Κωνσταντίνου
1593 4392 1691 4444 τοῦ
1759 4390 2001 4467 μεγάλου

344 4472 668 4553 ἐφανερώθη
713 4474 774 4527 τὸ
834 4473 1089 4548 λείψανον
1149 4482 1246 4531 τοῦ
1307 4479 1466 4554 ἁγίου
1527 4484 2003 4558 Πρωτομάρτυρος

346 4563 653 4639 Στεφάνου.
685 4563 855 4637 Ἀνὴρ
886 4566 986 4640 γάρ
1016 4586 1098 4628 τις
1132 4566 1297 4621 οἰκῶν
1330 4570 1427 4639 τήν
1459 4569 1681 4643 κώμην,
1714 4570 1765 4625 ἐν
1799 4571 1835 4645 ᾖ
1868 4573 2000 4627 αύτό

2109 3373 2270 3434 facti.
2294 3372 2568 3444 angelum
2604 3370 2935 3429 Deivident.
2958 3371 3278 3441 quieorum
3322 3369 3555 3423 animos
3570 3366 3757 3437 erige-

2109 3462 2582 3519 bat.Crudeliter
2610 3468 2817 3533 postea
2845 3461 3236 3516 verberantur
3264 3476 3277 3514 :
3312 3465 3371 3514 et
3398 3456 3579 3531 gladii
3613 3472 3758 3510 sen-

2110 3553 2357 3607 tentiam
2390 3551 2735 3621 subeuntes,
2769 3551 2843 3606 ad
2900 3568 3140 3606 reorum
3174 3551 3369 3605 locum
3404 3546 3563 3603 ducti
3598 3550 3758 3613 sunt,

2108 3641 2307 3712 ibique
2366 3647 2544 3713 caput
2601 3641 2686 3697 eis
2740 3640 3072 3697 abscissum
3120 3640 3345 3696 mensis
3394 3635 3616 3709 Aprilis
3664 3635 3759 3687 die

2106 3730 2384 3786 vicesima
2410 3738 2636 3789 octava.
2678 3731 3230 3803 Pretiosaipsorum
3254 3730 3486 3801 lipsana
3518 3742 3622 3798 per
3653 3741 3755 3779 an-

2106 3821 2303 3893 gelum
2353 3828 2591 3894 reperta
2652 3828 2792 3878 sunt
2848 3822 2943 3877 die
2989 3819 3251 3878 secunda
3306 3817 3576 3891 Augusti.
3627 3830 3757 3887 quas

2109 3929 2268 3969 nunc
2294 3914 2501 3985 jacent
2529 3914 2590 3969 in
2635 3913 2857 3986 templo
2917 3918 3136 3969 sanctas
3185 3911 3450 3983 Deiparaa
3509 3907 3569 3961 in
3602 3906 3758 3979 Vigi-

2107 4003 2309 4059 lantiaa
2341 4003 2569 4060 aedibus
2594 4005 2807 4075 posito,
2839 4003 3247 4075 plurimasque
3280 4000 3552 4056 efficiunt
3583 4011 3757 4052 sana-
3798 4024 3820 4042 ι

2108 4094 2301 4149 tiones
2331 4093 2751 4150 accedentibus
2781 4092 2855 4149 ad
2882 4109 2969 4149 ea.

2112 4213 2173 4265 Et
2206 4211 2498 4267 translatio
2526 4211 2897 4336 reliquiarmtn
2928 4212 3109 4294 sancti
3130 4207 3403 4278 Stephani
3432 4211 3755 4277 protomar-

2878 4298 3011 4336 uris.

2878 4298 3011 4352 gris.

2179 4392 2518 4463 Imperante
2587 4391 2977 4445 Constantino
3035 4389 3245 4461 Magno
3302 4388 3558 4441 inventas
3613 4387 3754 4438 sunt

2112 4481 2381 4551 reliquias
2463 4481 2653 4535 sancti
2734 4479 3016 4551 Stephani
3072 4474 3546 4550 protomartyris.
3615 4471 3752 4537 Qui-

2112 4572 2248 4627 dam
2280 4572 2440 4627 enim
2472 4570 2805 4643 presbyter,
2840 4569 3131 4626 Lucianus
3163 4569 3426 4624 nomine.
3463 4564 3564 4637 qui
3598 4564 3657 4617 in
3691 4579 3760 4617 ea

348 4654 460 4709 ὑπὸ
501 4659 603 4726 γῆν
661 4651 977 4727 ἐκρύπτετο,
1009 4651 1392 4734 πρεσϐύτερος,
1452 4666 1750 4723 Λουκιανος
1806 4658 1998 4735 ὄνομα,

2116 4661 2254 4716 villa
2284 4661 2611 4723 habitabat,
2642 4659 2865 4715 ubisub
2888 4665 3047 4714 terra
3076 4659 3297 4713 eaedem
3328 4653 3757 4726 reliquimlate-

348 4744 414 4799 ἐκ
445 4744 594 4807 θείας
626 4744 883 4806 ὀπτασίας
938 4744 1086 4819 εὗρεν
1148 4747 1300 4807 αὐτό.
1356 4749 1454 4804 Καὶ
1507 4751 1609 4825 γάρ
1654 4752 1772 4826 τρὶς
1826 4753 2004 4826 τούτῳ

351 4833 633 4910 ἐπιφανεὶς
694 4834 722 4889 6
778 4836 1134 4909 πρώταθλος,
1192 4838 1378 4893 ἐαυτὸν
1441 4838 1838 4913 κατεδήλωσεν.
1901 4843 2003 4900 Καὶ

356 4924 548 4996 μαθὼν
595 4927 756 4978 τοῦτο
789 4925 818 4979 6
878 4924 1306 5000 ἀρχιεπίσκοπος
1366 4930 1640 5002 Ἰωάννης,
1707 4932 1800 4987 καὶ
1832 4938 2007 5008 χαρᾶς

353 5014 627 5085 πλησθεὶς
656 5016 748 5070 τὸν
806 5016 974 5071 τόπον
1028 5016 1120 5072 σὺν
1178 5024 1258 5092 τῷ
1315 5019 1516 5096 κλήρῳ
1560 5019 1846 5080 κατέλαϐε.
1904 5023 2006 5080 Καὶ

357 5103 618 5179 ἀνορύξας
658 5104 779 5180 εὗρε
823 5107 915 5159 τὸν
950 5107 1132 5181 σορόν.
1165 5108 1352 5188 Ἀφνω
1404 5108 1462 5166 δέ
1520 5112 1743 5187 σεισμὸς
1802 5112 2007 5188 ἐγένετο

363 5192 561 5268 μέγας,
590 5196 681 5248 καὶ
715 5190 914 5249 εύωδία
943 5194 1199 5268 πλείστη.

912 5402 1096 5461 ΜΗΝΙ
1134 5408 1217 5461 ΤΩ
1255 5408 1458 5466 ΑΥΤΩ.

1163 5497 1215 5549 Γ,

441 5579 650 5652 Μνήμη
696 5599 808 5635 των
867 5580 1028 5636 ὁσίων
1048 5582 1383 5711 ἰΔαλμὲοίτου
1412 5586 1503 5642 καὶ
1553 5585 1805 5643 Φαύστου
1854 5588 1943 5643 καὶ

1092 5675 1222 5710 cam:
1254 5678 1337 5711 ου.

1092 5675 1337 5715 σαακιου.

443 5751 504 5809 Ὁ
534 5751 685 5816 ὅσιος
744 5752 1010 5818 Ἰσαάκιος
1060 5753 1325 5832 πρότερον
1387 5756 1438 5812 ἐν
1489 5761 1557 5833 τῇ
1587 5762 1793 5835 ἠρήμφ
1848 5759 2016 5832 ἀσκή-

2116 4752 2277 4820 bant,
2313 4750 2510 4806 divina
2539 4750 2765 4805 visione
2787 4749 3149 4813 admonitus,
3174 4748 3309 4803 illas
3337 4746 3586 4801 invenit.
3617 4743 3762 4798 Huic

2117 4857 2253 4896 cum
2286 4841 2517 4911 primus
2549 4840 2774 4895 athleta
2832 4840 3005 4895 tertio
3061 4838 3453 4911 apparuisset,
3499 4835 3761 4907 seipsum

2119 4929 2538 4985 manifestavit.
2562 4929 2730 4995 Quod
2759 4930 2861 4984 ubi
2894 4930 3130 4985 rescivit
3169 4930 3427 4983 Joannes
3466 4924 3761 4995 archiepi-

2121 5037 2354 5091 scopus,
2385 5036 2619 5075 summa
2650 5019 2858 5074 Iustitia
2887 5020 3158 5087 allectus,
3190 5036 3311 5074 una
3344 5032 3479 5073 cum
3509 5016 3668 5071 clero
3701 5013 3763 5067 in

2120 5109 2317 5165 locum
2350 5109 2521 5164 illum
2553 5109 2883 5182 processit:
2913 5127 3166 5181 cumque
3227 5108 3549 5173 eﬁ‘odisset,
3600 5104 3764 5160 locu-

2120 5201 2245 5255 lum
2279 5198 2521 5271 reperit.
2557 5200 2822 5272 Repente
2854 5206 3055 5256 autem
3084 5206 3254 5256 terrea
3288 5205 3484 5255 motus
3518 5210 3766 5269 magnus

2120 5289 2313 5345 factus
2336 5294 2446 5357 est,
2482 5294 2539 5345 et
2568 5289 2865 5362 plurimus
2894 5290 3165 5363 fragrans
3196 5288 3361 5345 odor.

2678 5407 2919 5463 EODEM
2958 5409 3103 5464 ΜΕΝ
3110 5408 3212 5464 SE.

2804 5506 2908 5562 Die
2941 5508 3119 5564 tertia

2232 5595 2384 5652 192
2410 5596 2678 5651 Memoria
2706 5603 3045 5722 sanctIorurn.
3068 5596 3333 5663 Dalmati,
3373 5595 3582 5661 Fausti,
3616 5599 3667 5648 et

2869 5685 3065 5722 saacn.

2869 5685 3065 5725 εααειι.

2203 5765 2414 5822 Beatus
2440 5764 2701 5823 Isaacius
2730 5765 2898 5838 prius
2926 5766 2988 5821 in
3048 5781 3248 5824 eremo
3277 5766 3555 5823 virtutem
3602 5777 3773 5821 exer-
