4084 6202
329 352 442 413 571

1609 344 2046 407 MENOLOGII
2085 344 2292 408 PARS
2336 345 2443 406 III.

3625 347 3735 410 572

327 503 491 554 cens,
517 485 784 557 corporis
810 481 1227 540 affectionibus
1250 479 1547 544 edomitis,
1579 477 1979 534 daemonibus-

2103 497 2212 546 σας,
2243 477 2331 532 καὶ
2361 479 2428 532 τὰ
2471 480 2616 549 πάθη
2674 483 2772 534 τοῦ
2821 479 3079 552 σώματος
3133 478 3436 553 νεκρώσας,
3493 477 3744 544 καὶτοὺς

330 591 447 647 que
474 574 758 637 subactis,
794 574 991 628 divina
1033 576 1237 644 postea
1259 569 1627 641 providentia
1647 568 1979 624 Constanti-

339 666 602 738 nopolim
638 665 968 726 concessit;
1003 669 1060 717 et
1089 662 1149 716 in
1187 661 1443 732 quodam
1477 676 1851 716 commorans
1882 676 1984 714 ur—

339 756 432 811 bis
465 754 845 818 monasterio,
880 751 1038 823 quod
1089 768 1250 806 nunc
1289 751 1540 806 Dalmati
1585 755 1981 821 nuncupatur,

336 844 540 899 multis
571 859 678 897 sua
709 843 942 904 virtute,
981 847 1039 896 et
1069 841 1339 896 doctrina
1397 841 1601 907 suasit,
1642 846 1709 894 ut
1762 837 1982 894 mundo

337 931 620 986 derelicto
655 931 933 985 monachi
966 930 1199 998 fierent,
1219 947 1285 986 ac
1316 947 1520 985 secum
1551 929 1940 984 convenirent
1968 945 1981 982 :

341 1038 410 1075 ex
442 1020 659 1092 quibus
689 1021 804 1075 fuit
831 1021 1156 1084 Dalmatus,
1188 1027 1247 1076 et
1287 1021 1534 1075 Faustus
1591 1019 1753 1074 illius
1801 1019 1981 1075 filius.

336 1111 468 1182 Ipse
503 1111 661 1164 enim
693 1127 828 1165 cum
859 1110 1171 1165 Theodosii
1203 1109 1578 1181 imperatoris
1618 1108 1985 1179 temporibus

337 1198 510 1254 miles
543 1205 718 1266 esset,
748 1198 1004 1270 quadam
1035 1199 1128 1253 die
1161 1199 1300 1253 dum
1324 1199 1472 1253 forte
1496 1199 1559 1253 in
1591 1203 1861 1253 sanctum
1893 1198 1987 1251 in-

334 1289 786 1359 cidisset,hujus
799 1289 1105 1361 degustato
1120 1287 1687 1359 colloquio,uxorem
1713 1287 1986 1358 filiosque

337 1377 642 1445 deserens,
669 1379 951 1433 Faustum
975 1377 1164 1432 ﬁlium
1188 1377 1382 1432 solum
1415 1393 1615 1432 secum
1651 1393 1984 1442 assumens,

338 1467 413 1522 ad
445 1484 579 1522 eum
612 1483 674 1521 se
704 1467 1048 1528 contulit,et
1077 1467 1419 1522 monasticae
1441 1466 1570 1522 vita:
1594 1482 1722 1521 sese
1739 1465 1986 1534 addixit,

338 1572 514 1611 suum
545 1555 725 1611 etiam
753 1556 943 1611 ﬁlium
976 1555 1312 1611 detondens
1335 1573 1347 1610 :
1373 1561 1551 1628 atque
1583 1557 1731 1612 adeo
1763 1556 1837 1612 ad
1861 1558 1984 1610 vir-

341 1650 527 1699 tutem
560 1650 699 1699 sunt
727 1645 908 1711 enixi,
935 1651 1000 1699 ut
1031 1644 1404 1700 celeberrimi
1453 1646 1610 1717 apud
1667 1646 1988 1717 imperato-

339 1749 465 1788 rem
489 1739 688 1788 essent
719 1739 776 1788 et
807 1741 1176 1790 senatumac
1207 1735 1465 1807 plurima
1487 1735 1667 1790 etiam
1697 1734 1988 1790 miracula

2090 565 2353 641 δαίμονας
2387 571 2636 641 νικήσας,
2668 567 2888 644 ὕστερον
2945 570 3086 625 κατᾶ
3143 569 3286 635 θείαν
3345 571 3604 645 πρόνοιαν
3637 590 3740 625 παι

2091 660 2339 734 ρεγένετο
2397 659 2474 722 είς
2532 659 3129 732 Κωνσταντινουπολιν,
3174 660 3263 717 καὶ
3320 659 3744 737 προσκαθεσθεῖς

2089 747 2166 801 ἐνὶ
2191 752 2298 803 τῶν
2329 755 2430 818 τῆς
2483 747 2701 811 πόλεως
2753 748 3159 824 μοναστηρίων,
3206 749 3236 804 ’ὀ
3287 752 3384 804 τοῦ
3442 744 3735 820 Δαλματου

2089 839 2178 889 νῦν
2213 834 2452 911 λέγεται,
2505 833 2596 892 διὰ
2648 838 2748 906 τήν
2801 838 2995 912 ἀρετὴν
3049 839 3238 906 αὐτοῦ,
3294 837 3384 892 καὶ
3438 843 3539 904 τῆς
3586 832 3736 890 διδα-

2093 925 2317 988 σκαλίας
2345 925 2594 990 πολλοὺς
2637 924 2815 982 ἔπεισε
2863 924 3185 982 καταλιπεῖν
3243 927 3336 981 τὸν
3389 927 3620 999 κόσμον,
3653 925 3740 980 καὶ

2088 1017 2331 1092 γενέσθαι
2370 1015 2670 1092 μοναχοὺς,
2701 1017 2790 1071 καὶ
2821 1015 3078 1083 σωθῆναι.
3140 1015 3226 1086 Ἐξ
3285 1012 3359 1069 ὥν
3405 1016 3540 1084 ἦσαν
3598 1013 3740 1070 Δαλ-

2095 1126 2284 1178 ματος,
2311 1104 2400 1160 καὶ
2432 1109 2678 1169 Φαῦστος
2739 1107 2768 1161 ὁ
2827 1106 2943 1168 υἱὸς
3001 1104 3186 1162 αὐτοῦ.
3220 1105 3388 1167 Οὗτος
3417 1105 3518 1181 γὰρ
3577 1123 3744 1178 στρα-

2089 1195 2296 1264 τιώτης
2355 1191 2427 1248 ὢν
2488 1194 2577 1250 ἐπὶ
2633 1201 2735 1265 τῆς
2797 1195 3074 1271 βασιλείας
3156 1193 3474 1262 Θεοδοσίου,
3529 1191 3582 1248 έν
3643 1196 3738 1265 μιᾷ

2091 1282 2344 1338 ἀπελθὼν
2401 1283 2492 1339 καὶ
2545 1285 2827 1360 συντυχὼν
2875 1288 2956 1357 τῷ
3013 1283 3186 1360 ἁγίῳ,
3243 1282 3333 1338 καὶ
3383 1289 3486 1353 τῆς
3535 1280 3737 1337 ἐκείνου

2095 1371 2320 1445 ὁμιλίας
2371 1375 2702 1446 γευσάμενος
2735 1402 2770 1444 ,-
2808 1371 3127 1428 καταλιπὼν
3215 1371 3307 1428 καί
3361 1377 3592 1448 γυναῖκα
3647 1369 3736 1425 καὶ

2091 1463 2272 1534 τέκνα,
2309 1462 2474 1536 μόνον
2509 1460 2566 1518 δὲ
2593 1463 2688 1519 τὸν
2718 1463 2833 1518 υἱὸν
2895 1463 3061 1518 αὐτοῦ
3119 1465 3367 1517 Φαῦστον
3428 1454 3742 1528 ἀναλαόὼν,

2093 1549 2309 1621 ἀπῆλθε
2337 1552 2475 1620 πρὸς
2507 1553 2688 1622 αὐτὸν,
2743 1551 2833 1608 καὶ
2880 1551 3062 1627 γέγονε
3122 1551 3388 1627 μοναχὸς,
3448 1549 3743 1624 ἀποκείρας

2092 1639 2300 1696 καὶτὸν
2338 1643 2454 1697 υἱὸν
2483 1641 2670 1698 αὐτοῦ.
2702 1645 2807 1698 Καὶ
2858 1641 3031 1704 οὕτως
3078 1641 3441 1716 ἠγωνίσαντο,
3471 1639 3547 1701 ὡς
3594 1658 3746 1712 περι-

2096 1725 2290 1802 ϐόητοι
2321 1730 2565 1806 γενέσθαι
2616 1730 2897 1806 βασιλεῦσι
2953 1729 3045 1786 καὶ
3105 1729 3417 1808 συγκλήτῳ,
3475 1727 3566 1783 καὶ
3616 1726 3747 1792 θαύ-

336 1828 642 1894 patrarent
672 1823 746 1877 ad
772 1824 871 1877 Dei
902 1824 1173 1895 gloriam.
1209 1823 1301 1880 Sic
1332 1831 1466 1896 post
1517 1824 1723 1880 lsaacii
1756 1825 1984 1880 obitum

2103 1843 2241 1895 ματα
2271 1819 2502 1900 διάφορα
2534 1821 2608 1885 εἷς
2635 1820 2790 1893 δόξαν
2850 1825 2983 1878 Θεοῦ
3049 1817 3374 1878 ἐπιτελέα-αι’
3421 1819 3511 1875 καὶ
3572 1817 3745 1880 οὕτως

335 1912 516 1966 vitam
549 1912 852 1966 finierunt.

899 2033 1142 2089 EODEM
1173 2036 1424 2090 MENSE.

996 2125 1100 2180 Die
1133 2132 1346 2194 quarta

515 2215 798 2270 Certamen
827 2224 1031 2272 sanctae
1054 2221 1316 2288 martyris
1343 2220 1418 2275 Ia:
1447 2225 1498 2274 et
1517 2222 1807 2276 sociorum.

407 2385 540 2442 Haac
572 2386 789 2458 Sapore
821 2387 1139 2443 Persarum
1162 2404 1298 2461 rege
1330 2388 1555 2457 floruit,
1619 2405 1868 2446 summas
1903 2405 1988 2446 se-

339 2479 597 2533 nectutis
631 2483 800 2534 aetate
832 2487 1127 2550 provecta.
1163 2481 1605 2552 Comprehensa
1623 2489 1821 2540 autem
1854 2499 1990 2539 cum

339 2581 554 2621 novem
587 2567 852 2622 millibus
871 2569 1698 2644 Christianorum,quicaptivi
1726 2572 1987 2639 abducti,

346 2671 380 2711 a
412 2673 718 2729 magorum
750 2657 1119 2730 principibus
1149 2660 1379 2716 diverso
1413 2667 1842 2719 tormentorum
1891 2680 1992 2736 ge-

342 2761 484 2800 nere
521 2747 1166 2817 excruciabantur,una
1195 2768 1330 2806 cum
1361 2751 1434 2806 iis
1462 2752 1576 2807 ista
1607 2752 1787 2808 etiam
1819 2751 1992 2808 beata

347 2834 648 2892 cruciatus
679 2837 978 2892 constanti
1025 2838 1224 2894 animo
1283 2841 1648 2912 pertulitzet
1677 2847 1991 2914 postquam

339 2927 545 2984 multis
575 2928 686 2984 fuit
713 2930 903 3001 pcenis
934 2937 1160 3001 vexata,
1194 2934 1386 3006 capite
1417 2935 1592 3008 plexa
1627 2943 1736 2994 est.

337 3072 493 3128 I93
521 3075 589 3128 Et
619 3081 894 3130 certamen
919 3079 1110 3153 sancti‘
1122 3079 1384 3153 martyris
1405 3081 1717 3138 Eleutherit‘
1767 3081 1992 3139 cubicu-

1092 3149 1245 3204 larii.

413 3260 791 3318 Eleutherius
823 3263 1038 3320 Christi
1069 3272 1314 3339 martyr,
1347 3269 1700 3326 Maximiano
1731 3270 1987 3344 impera-

345 3359 496 3423 tore,
550 3371 616 3410 ex
669 3355 816 3411 urbe
876 3357 1150 3430 Byzantio
1205 3361 1516 3430 oriundus,
1558 3381 1712 3420 unus
1743 3371 1870 3421 erat
1922 3383 1992 3421 ex

353 3443 749 3514 senatoribus,
782 3445 1057 3518 idemque
1081 3448 1142 3504 in
1165 3466 1412 3507 numero
1442 3453 1847 3510 cunuchorum
1882 3456 1993 3511 im-

351 3534 611 3605 peratori
641 3533 975 3591 familiaris.
1011 3539 1155 3594 Cum
1186 3547 1384 3596 autem
1418 3541 1536 3598 Deo
1571 3542 1895 3615 placuisset
1919 3545 1992 3601 ob

351 3621 771 3677 mandatorum
803 3622 968 3679 illius
999 3625 1350 3692 doctrinam,
1387 3646 1506 3685 non
1566 3637 1764 3688 tamen
1797 3633 1994 3690 divino

347 3711 648 3782 perfectus
679 3718 807 3766 erat
821 3711 1398 3784 baptismate.Quare
1430 3721 1676 3792 cupiens
1690 3722 1992 3794 baptizari,

347 3800 1036 3872 rogavitimperatorem,
1079 3812 1146 3859 ut
1167 3807 1278 3861 sibi
1319 3809 1774 3879 permitteretin
1822 3832 1993 3872 suum

355 3889 706 3944 suburbium
742 3907 1004 3963 pergere.
1023 3895 1345 3965 Impetrata
1369 3904 1566 3954 autem
1587 3901 1888 3971 facultate,
1921 3905 1996 3961 ad

357 3977 680 4050 Sangarum
713 3978 958 4035 fluvium
996 3986 1265 4050 accessit,
1299 3987 1502 4060 ibique
1548 3989 1995 4052 subterraneam

353 4068 667 4124 ecclesiam
703 4077 1077 4141 construens,
1137 4077 1547 4150 presbyterum
1599 4081 1862 4154 adduxit,
1921 4087 1994 4142 ab

351 4173 538 4229 eoque
565 4159 889 4249 baptizatus
915 4161 1045 4216 fuit.
1093 4163 1164 4218 Ut
1193 4183 1327 4222 vero
1370 4169 1792 4241 imperatorem
1841 4175 1999 4249 fuge-

349 4254 459 4312 ret,
495 4247 762 4303 morbum
798 4259 1094 4307 causatur.
1130 4255 1296 4320 Quod
1354 4257 1452 4314 ubi
1487 4261 1876 4320 Maximianus
1911 4247 1999 4322 re-

351 4337 539 4401 scivit,
567 4337 639 4393 ad
670 4337 866 4394 locum
900 4342 1208 4409 accedens,
1243 4349 1620 4420 propriisque
1641 4352 1830 4408 oculis
1850 4360 1996 4410 tem-

349 4425 514 4497 plum
530 4427 858 4501 altarisque
882 4441 1232 4504 apparatum
1256 4437 1628 4505 intuitus,ira
1650 4445 1992 4502 excanduit:

351 4519 408 4568 et
437 4518 937 4588 comprehensum
995 4522 1426 4588 Eleutherium,
1472 4526 1618 4581 diris
1650 4531 1842 4599 primo
1875 4540 1993 4590 tor-

347 4605 566 4658 mentis
589 4605 876 4677 subjecit:
914 4625 1050 4664 mox
1080 4611 1272 4681 capite
1303 4612 1702 4674 obtruncavit.

906 4751 1147 4808 EODEM
1178 4755 1322 4811 MEN
1329 4757 1430 4814 SE.

1007 4842 1110 4900 Die
1143 4845 1351 4916 quinta

586 4924 870 4984 Certamen
924 4933 1105 4988 sancti
1157 4938 1424 5006 martyris
1463 4940 1743 5011 Eusigm'i.

417 5048 730 5140 Eusignius
756 5055 970 5113 Christi
996 5067 1221 5134 martyr
1246 5079 1316 5118 ex
1345 5081 1560 5140 magna
1606 5069 1752 5126 urbe
1783 5073 1994 5130 Antio-

345 5138 498 5234 chia,
551 5141 780 5234 militiaa
811 5146 929 5202 dux
967 5149 1080 5204 fuit
1129 5138 1494 5225 temporibus
1524 5157 1852 5216 Constantii
1884 5181 1988 5234 pa-

347 5229 454 5323 tris
475 5231 673 5323 magni
697 5233 1367 5312 Constantini,vixitque
1399 5261 1586 5315 usque
1619 5248 1692 5302 ad
1723 5229 1993 5323 tempora

342 5317 560 5372 Juliani
593 5323 1395 5400 ApostataaComprehensus
1415 5341 1613 5390 autem
1640 5317 1990 5398 Christi-anas

348 5405 482 5462 {ldei
515 5424 711 5500 causa.
736 5416 1052 5483 quaastioni
1086 5418 1419 5489 subjicitur.
1454 5423 1718 5496 Cumque
1752 5436 1990 5500 aposta-

347 5501 465 5549 tam
501 5497 1064 5576 redargueret,quod
1088 5508 1204 5563 Deo
1237 5525 1372 5566 vero
1403 5509 1706 5579 derelicto,
1741 5497 1815 5573 ad
1840 5535 1991 5577 vana

344 5583 505 5675 idola
530 5591 810 5660 tanquam
828 5593 902 5648 ad
933 5595 1076 5652 deos
1099 5599 1466 5661 accessisset.
1489 5599 1744 5661 fustibus
1775 5624 1987 5675 cassus,

344 5671 628 5746 durisque
686 5685 1001 5741 tormentis
1063 5688 1434 5744 excruciatus
1499 5697 1608 5747 est.
1670 5671 1986 5771 Postquam

2017 3223 2069 3291 Ο

2097 1910 2233 1984 μετὰ
2259 1910 2518 1982 τελευτήν
2547 1911 2810 1967 Ἰσαακίου
2839 1911 3219 1977 τελειωθῆναι.

2618 2035 2801 2093 ΜΗΝΙ
2855 2039 2940 2093 ΤΩ
2997 2035 3182 2092 ΑΥΤΩ
3199 2078 3212 2092 .

2891 2127 2944 2182 Δ,

2166 2215 2435 2289 ’Δθλησις
2483 2224 2586 2289 τῆς
2643 2217 2798 2295 ἁγίας
2843 2218 3115 2310 μάρτυρος
3157 2219 3272 2280 ἰας
3301 2215 3390 2280 κςῖ
3417 2219 3527 2272 τῶν
3577 2213 3674 2270 σὺν

2828 2311 2968 2365 αυτῃ
2989 2334 3003 2348 ο

2169 2395 2317 2467 Αὕτη
2357 2395 2423 2464 ἦν
2482 2395 2569 2452 ἰπὶ
2631 2391 2920 2467 Σαϐωρίου
2980 2395 3252 2473 βασιλέως
3308 2397 3550 2471 Περσῶν,
3609 2412 3744 2462 πρε-

2097 2479 2367 2556 σϐυτάτην
2398 2479 2603 2560 ἔχουσα
2628 2486 2726 2556 τὴν
2787 2484 3030 2556 ἡλικίαν,
3067 2482 3392 2560 Συνελήφθη
3456 2479 3547 2538 οῦν
3612 2482 3746 2555 μετὶ

2097 2571 2246 2629 έννεα
2279 2572 2552 2650 χιλιαδων
2585 2576 2916 2650 Χριστιανῶν
2973 2571 3375 2650 αἰχμαλώτων,
3433 2570 3579 2644 παρᾶ
3632 2575 3741 2624 τῶν

2095 2662 2424 2740 ἀρχιμάγων
2475 2661 2756 2743 διαφόροις
2817 2665 3072 2742 βασάνοις
3126 2659 3561 2738 παραδοθέντων.
3615 2659 3746 2716 Μεθ’

2097 2751 2171 2808 ὧν
2191 2754 2280 2809 καὶ
2312 2757 2347 2825 ἠ
2393 2754 2630 2832 μακαρία
2683 2760 2804 2817 ταῖς
2857 2752 3152 2830 τιμωρίαις
3209 2751 3562 2825 ἐνεκαρτέρει,
3620 2745 3746 2817 ἥτις

2102 2843 2237 2915 μετᾶ
2293 2842 2522 2899 πολλῶν
2593 2843 2839 2921 βασάνων
2902 2842 3080 2908 αἶ’κίας
3113 2887 3128 2916 ,
3184 2842 3284 2912 τὴν
3333 2836 3577 2916 κεφαλήν
3639 2837 3744 2893 ἁπ-

2099 2934 2332 3008 ετμήθη.

2101 3076 2207 3133 Καὶ
2261 3074 2494 3146 ἄθλησις
2545 3079 2643 3134 τοῦ
2695 3075 2853 3154 ἀγίρυ
2914 3077 3188 3154 μάρτυρος
3249 3069 3594 3146 Ἐλευθερίου
3651 3073 3750 3124 τοῦ

2673 3144 3134 3224 κοῦϐικοῦλάρίού
3157 3190 3173 3205 .

2177 3271 2542 3349 Ἐλευθέριος,
2574 3275 2602 3328 ὁ
2645 3277 2744 3329 τοῦ
2777 3276 3012 3348 Χριστοῦ
3049 3273 3274 3347 μάρτυς,
3303 3270 3370 3339 ἦν
3435 3268 3528 3342 μὶν
3562 3265 3624 3322 ἐκ
3649 3271 3750 3335 τῆς

2101 3362 2320 3426 πόλεως
2369 3361 2667 3434 Βυζαντίου
2697 3361 2783 3418 ἐπὶ
2814 3369 2917 3434 τῆς
2950 3359 3228 3439 βασιλείας
3276 3358 3638 3431 Μαξιμιανοῦ,
3673 3355 3750 3417 εἷς

2101 3460 2201 3524 τῆς
2233 3453 2547 3527 συγκλήτου
2581 3497 2595 3525 ,
2629 3453 2893 3528 εὐνοῦχος
2944 3449 3030 3523 δὶ,
3060 3449 3150 3505 καὶ
3177 3449 3258 3522 τῷ
3291 3446 3510 3524 βασιλεῖ
3538 3465 3752 3520 προσῳο

2101 3544 2403 3617 κειωμένος
2435 3588 2448 3601 .
2511 3541 2663 3598 Ἐπεὶ
2719 3539 2778 3597 δὲ
2833 3539 3163 3616 εὐηρέστησε
3217 3538 3313 3611 μὲν
3358 3541 3440 3610 τῷ
3489 3539 3606 3608 Θεῷ
3662 3531 3752 3589 διὰ

2101 3642 2201 3704 τῆς
2230 3638 2339 3690 τῶν
2373 3631 2610 3689 ἐντολῶν
2642 3631 2810 3688 αὐτοῦ
2867 3627 3246 3696 διδασκαλίας,
3273 3627 3370 3683 οῦκ
3415 3627 3482 3697 ἦν
3516 3623 3575 3681 δὲ
3603 3645 3746 3678 τετε-

2102 3725 2404 3798 λειωμένος
2457 3728 2536 3797 τῷ
2591 3722 2720 3796 θείῳ
2780 3721 3134 3799 βαπτίσματι,
3175 3718 3266 3774 καὶ
3323 3715 3496 3773 θέλων
3561 3716 3751 3792 βαπτι-

2105 3817 2312 3886 σθῆναι,
2343 3815 2587 3891 ᾑτήσατο
2617 3816 2710 3870 τόν
2756 3812 3002 3890 βασιλέα,
3063 3811 3212 3867 tam
3271 3809 3430 3866 αὐτὸν
3485 3804 3739 3863 ἀπελθεῖν

2103 3905 2178 3968 εἰς
2203 3906 2266 3961 τὸ
2296 3907 2614 3981 προάστειον
2661 3903 2846 3960 αὐτοῦ·
2903 3901 2992 3958 καὶ
3046 3901 3230 3978 τυχὼν
3294 3906 3394 3967 τῆς
3453 3897 3749 3967 αῗτήσεως,

2103 3995 2318 4065 ἀπῆλθε
2365 3993 2607 4064 πλησίον
2636 3997 2732 4049 τοῦ
2793 3995 3079 4068 Σαγγάρου
3135 3993 3410 4062 ποταμοῦ.
3443 3986 3546 4045 Καὶ
3576 3988 3746 4055 ποιή-

2104 4107 2198 4147 σας
2259 4085 2362 4140 ὑπὸ
2416 4091 2519 4160 γῆν
2564 4083 2808 4158 κρυπτὴν
2863 4080 3198 4150 ἐκκλησίαν,
3245 4077 3334 4133 καὶ
3383 4069 3744 4150 πρεσϐύτερον

2102 4175 2315 4253 ἀγαγὼν
2353 4219 2368 4247 ,
2427 4171 2722 4245 ἐϐαπτίσθη
2782 4175 2922 4230 ἐκεῖ’
2980 4171 3072 4227 καὶ
3129 4170 3302 4226 θέλων
3349 4167 3595 4242 ἐκφυγεῖν
3652 4165 3744 4218 τὸν

2109 4265 2355 4342 βασιλέα,
2415 4264 2815 4343 προεφασίσατο
2869 4263 3057 4318 νόσον.
3111 4259 3211 4315 Καὶ
3273 4257 3462 4332 μαθὼν
3519 4258 3686 4312 ταῦτα
3719 4254 3747 4308 ὁ

2105 4355 2443 4429 Μαξιμιανὸς
2500 4351 2826 4430 παρεγίνετο
2883 4351 2971 4408 ἐπὶ
3016 4350 3108 4407 τὸν
3162 4348 3354 4418 τόπον,
3411 4345 3503 4402 καὶ
3565 4344 3748 4405 αὐτοῖς

2105 4447 2412 4523 ὀφθαλμοῖς
2442 4441 2571 4498 ἰδὼν
2602 4443 2694 4498 τὸν
2722 4442 2847 4497 ναὸν
2884 4485 2898 4512 ,
2929 4441 3019 4496 καὶ
3047 4441 3144 4510 τήν
3179 4438 3474 4511 εὐκοσμίαν
3525 4437 3627 4490 τοῦ
3654 4447 3748 4498 θυ-

2106 4535 2421 4610 σιαστηρίου
2455 4577 2470 4605 ,
2522 4532 2767 4610 ὠργίσθη
2804 4551 2817 4566 ⁸
2893 4531 2984 4587 καὶ
3039 4531 3310 4606 κρατήσας
3366 4528 3523 4584 αὐτὸν
3557 4571 3572 4597 ,
3657 4525 3748 4581 καὶ

2103 4624 2365 4700 πρότερον
2399 4625 2600 4687 ἱκανῶς
2635 4623 2952 4700 βασανίσας,
2985 4620 3208 4696 ὕστερον
3242 4615 3659 4696 ἀπεκεφάλισεν.

2663 4768 2847 4828 ΜΗΝΙ
2879 4768 2970 4823 ΤΩ
3000 4768 3188 4824 ΑΥΤΩ.

2895 4857 2951 4912 E.

2245 4930 2358 5004 Καὶ.
2375 4945 2607 5019 ἄθλησις
2653 4951 2748 5003 τοῦ
2801 4945 2955 5024 ἁγίου
2987 4947 3260 5021 μάρτυρος
3287 4941 3601 5018 Εὖσιγνίου.

2174 5068 2482 5143 Εὐσίγνιος,
2543 5067 2571 5121 ὁ
2612 5070 2709 5122 τοῦ
2772 5066 3013 5136 Χριστοῦ
3057 5063 3281 5138 μάρτυς,
3331 5061 3399 5131 ἦν
3435 5061 3529 5134 μὲν
3564 5058 3623 5114 ἐκ
3650 5063 3749 5126 τῆς

2107 5155 2354 5233 μεγάλης
2386 5156 2746 5231 Ἀντιοχείας,
2770 5157 2953 5232 γέγονε
2999 5150 3058 5208 δὲ
3114 5151 3412 5226 στρατηγὸς
3463 5149 3746 5208 Κώνσταν-

2101 5268 2196 5310 τος
2261 5251 2359 5302 τοῦ
2417 5246 2620 5320 πατρὸς
2673 5248 2772 5300 τοῦ
2831 5241 3076 5318 μεγάλου
3138 5242 3595 5297 Κωνσταντίνου⁶
3651 5235 3742 5292 καὶ

2105 5335 2389 5412 διαρκέσας
2452 5335 2650 5411 μέχρις
2699 5329 3006 5389 ἰουΑιανοῦ
3052 5333 3151 5385 τοῦ
3229 5323 3546 5404 παραϐάτου
3584 5373 3598 5395 ,
3654 5326 3747 5382 καὶ

2097 5425 2384 5503 κρατηθεὶς
2437 5427 2510 5488 ὡς
2571 5423 2891 5501 Χριστιανὸς
2969 5419 3123 5495 ἤχθη
3191 5417 3268 5481 εἷς
3317 5417 3595 5488 ἐξέτασινο
3654 5416 3744 5471 καὶ

2100 5515 2316 5592 ἐλέγξας
2343 5515 2436 5570 τὸν
2489 5508 2830 5590 παραϐάτην,
2890 5512 2964 5573 ὡς
3013 5509 3105 5564 τὸν
3179 5507 3357 5579 ἀληθῆ
3420 5508 3548 5563 Θεὸν
3579 5527 3743 5562 κατα-

2099 5605 2349 5674 λιπόντα,
2383 5607 2473 5660 καί
2501 5610 2619 5667 τοῖς
2665 5604 2917 5677 ματαίοις
2975 5596 3230 5662 εἰδώλοις
3263 5597 3635 5672 προσελθοντα
3665 5597 3740 5659 ὡς

2096 5696 2264 5766 θεοῖς,
2318 5695 2533 5768 έξετάθη
2568 5693 2645 5757 εἰς
2679 5694 2962 5770 μάστιγας.
3021 5687 3124 5746 Καὶ
3179 5687 3517 5764 τιμωρηθεὶς
3577 5686 3744 5764 ἰσχυ-
