  <div class='ocr_page' id='page_1' title='image "/cluster/home/n/w/nwhite01/storage/ocr_20150623/117/hvd.32044073502239/292.png"; bbox 0 0 4084 6202; ppageno 0'>
   <div class='ocr_carea' id='block_1_1' title="bbox 345 298 464 357">
    <p class='ocr_par' dir='ltr' id='par_1_1' title="bbox 345 298 464 357">
     <span class='ocr_line' id='line_1_1' title="bbox 345 298 464 357; baseline 0.025 -4"><span class='ocrx_word' id='word_1_1' title='bbox 345 298 464 357; x_wconf 81' lang='grc'>573</span> 
     </span>
    </p>
   </div>
   <div class='ocr_carea' id='block_1_2' title="bbox 1842 295 2285 358">
    <p class='ocr_par' dir='ltr' id='par_1_2' title="bbox 1842 295 2285 358">
     <span class='ocr_line' id='line_1_2' title="bbox 1842 295 2285 358; baseline -0.002 -5"><span class='ocrx_word' id='word_1_2' title='bbox 1842 295 2285 358; x_wconf 84' lang='lat' dir='ltr'>AUGUSTUS.</span> 
     </span>
    </p>
   </div>
   <div class='ocr_carea' id='block_1_3' title="bbox 3634 307 3756 366">
    <p class='ocr_par' dir='ltr' id='par_1_3' title="bbox 3634 307 3756 366">
     <span class='ocr_line' id='line_1_3' title="bbox 3634 307 3756 366; baseline -0.025 0"><span class='ocrx_word' id='word_1_3' title='bbox 3634 307 3756 366; x_wconf 73' lang='grc'>574</span> 
     </span>
    </p>
   </div>
   <div class='ocr_carea' id='block_1_4' title="bbox 346 424 1982 508">
    <p class='ocr_par' dir='ltr' id='par_1_4' title="bbox 346 424 1982 502">
     <span class='ocr_line' id='line_1_4' title="bbox 346 424 1982 502; baseline -0.001 -22"><span class='ocrx_word' id='word_1_4' title='bbox 346 435 475 502; x_wconf 78' lang='grc' dir='ltr'>ρῶς,</span> <span class='ocrx_word' id='word_1_5' title='bbox 537 426 756 501; x_wconf 81' lang='grc' dir='ltr'>ἐπείπερ</span> <span class='ocrx_word' id='word_1_6' title='bbox 814 430 933 488; x_wconf 81' lang='grc' dir='ltr'>ταῖς</span> <span class='ocrx_word' id='word_1_7' title='bbox 999 426 1243 500; x_wconf 87' lang='grc' dir='ltr'>πληγαις</span> <span class='ocrx_word' id='word_1_8' title='bbox 1307 426 1649 496; x_wconf 72' lang='grc' dir='ltr'>κατεπονήθη</span> <span class='ocrx_word' id='word_1_9' title='bbox 1685 425 1839 496; x_wconf 75' lang='grc' dir='ltr'>(ἐτῶν</span> <span class='ocrx_word' id='word_1_10' title='bbox 1899 424 1982 500; x_wconf 68' lang='grc' dir='ltr'>γάε</span> 
     </span>
    </p>
   </div>
   <div class='ocr_carea' id='block_1_5' title="bbox 2098 424 3752 508">
    <p class='ocr_par' dir='ltr' id='par_1_5' title="bbox 2118 429 3752 508">
     <span class='ocr_line' id='line_1_5' title="bbox 2118 429 3752 508; baseline 0.008 -26"><span class='ocrx_word' id='word_1_11' title='bbox 2118 434 2314 483; x_wconf 90' lang='lat' dir='ltr'>autem</span> <span class='ocrx_word' id='word_1_12' title='bbox 2347 429 2533 501; x_wconf 78' lang='lat' dir='ltr'>plagis</span> <span class='ocrx_word' id='word_1_13' title='bbox 2564 447 2714 501; x_wconf 89' lang='lat' dir='ltr'>pene</span> <span class='ocrx_word' id='word_1_14' title='bbox 2743 433 3045 489; x_wconf 88' lang='lat' dir='ltr'>confectus</span> <span class='ocrx_word' id='word_1_15' title='bbox 3077 441 3234 491; x_wconf 80' lang='lat' dir='ltr'><strong>esset</strong></span> <span class='ocrx_word' id='word_1_16' title='bbox 3261 437 3409 508; x_wconf 90' lang='lat' dir='ltr'>(erat</span> <span class='ocrx_word' id='word_1_17' title='bbox 3460 440 3617 494; x_wconf 89' lang='lat' dir='ltr'>enim</span> <span class='ocrx_word' id='word_1_18' title='bbox 3650 458 3752 494; x_wconf 87' lang='lat' dir='ltr'>an-</span> 
     </span>
    </p>
   </div>
   <div class='ocr_carea' id='block_1_6' title="bbox 342 512 2002 593">
    <p class='ocr_par' dir='ltr' id='par_1_6' title="bbox 342 512 2002 593">
     <span class='ocr_line' id='line_1_6' title="bbox 342 512 2002 593; baseline -0.002 -23"><span class='ocrx_word' id='word_1_19' title='bbox 342 519 407 585; x_wconf 71' lang='grc' dir='ltr'>ἦν</span> <span class='ocrx_word' id='word_1_20' title='bbox 445 516 635 571; x_wconf 68' lang='grc' dir='ltr'>ἑκατὸν</span> <span class='ocrx_word' id='word_1_21' title='bbox 669 514 819 589; x_wconf 85' lang='grc' dir='ltr'>δέκα)</span> <span class='ocrx_word' id='word_1_22' title='bbox 857 514 1132 592; x_wconf 75' lang='grc' dir='ltr'>ἀπερρίφη</span> <span class='ocrx_word' id='word_1_23' title='bbox 1188 514 1240 570; x_wconf 69' lang='grc' dir='ltr'>ἂν</span> <span class='ocrx_word' id='word_1_24' title='bbox 1290 512 1531 593; x_wconf 81' lang='grc' dir='ltr'>φυλακῇ.</span> <span class='ocrx_word' id='word_1_25' title='bbox 1584 513 1681 568; x_wconf 81' lang='grc' dir='ltr'>Καὶ</span> <span class='ocrx_word' id='word_1_26' title='bbox 1736 514 1869 587; x_wconf 84' lang='grc' dir='ltr'>μετά</span> <span class='ocrx_word' id='word_1_27' title='bbox 1916 534 2002 567; x_wconf 89' lang='grc' dir='ltr'>τι-</span> 
     </span>
    </p>
   </div>
   <div class='ocr_carea' id='block_1_7' title="bbox 344 598 2002 684">
    <p class='ocr_par' dir='ltr' id='par_1_7' title="bbox 344 598 2002 684">
     <span class='ocr_line' id='line_1_7' title="bbox 344 598 2002 684; baseline -0.001 -25"><span class='ocrx_word' id='word_1_28' title='bbox 344 628 438 668; x_wconf 84' lang='grc' dir='ltr'>νας</span> <span class='ocrx_word' id='word_1_29' title='bbox 469 607 684 682; x_wconf 80' lang='grc' dir='ltr'>ἡμέρας</span> <span class='ocrx_word' id='word_1_30' title='bbox 719 608 821 675; x_wconf 74' lang='grc' dir='ltr'>τῆς</span> <span class='ocrx_word' id='word_1_31' title='bbox 880 605 1128 684; x_wconf 80' lang='grc' dir='ltr'>φυλαγῆς</span> <span class='ocrx_word' id='word_1_32' title='bbox 1188 598 1500 674; x_wconf 74' lang='grc' dir='ltr'>ἐκϐληθεὶς,</span> <span class='ocrx_word' id='word_1_33' title='bbox 1558 602 1648 658; x_wconf 89' lang='grc' dir='ltr'>καὶ</span> <span class='ocrx_word' id='word_1_34' title='bbox 1706 602 1870 659; x_wconf 84' lang='grc' dir='ltr'>πάλιν</span> <span class='ocrx_word' id='word_1_35' title='bbox 1923 606 2002 674; x_wconf 82' lang='grc' dir='ltr'>τῷ</span> 
     </span>
    </p>
   </div>
   <div class='ocr_carea' id='block_1_8' title="bbox 343 692 1999 770">
    <p class='ocr_par' dir='ltr' id='par_1_8' title="bbox 343 692 1999 770">
     <span class='ocr_line' id='line_1_8' title="bbox 343 692 1999 770; baseline -0.003 -20"><span class='ocrx_word' id='word_1_36' title='bbox 343 692 634 770; x_wconf 74' lang='grc' dir='ltr'>παραϐἀτη</span> <span class='ocrx_word' id='word_1_37' title='bbox 702 696 981 770; x_wconf 79' lang='grc' dir='ltr'>παραστὰς</span> <span class='ocrx_word' id='word_1_38' title='bbox 1065 696 1400 770; x_wconf 77' lang='grc' dir='ltr'>ἠναγκάζετο</span> <span class='ocrx_word' id='word_1_39' title='bbox 1485 693 1815 768; x_wconf 75' lang='grc' dir='ltr'>ἀρνήσασθαι</span> <span class='ocrx_word' id='word_1_40' title='bbox 1904 693 1999 765; x_wconf 74' lang='grc' dir='ltr'>μὲν</span> 
     </span>
    </p>
   </div>
   <div class='ocr_carea' id='block_1_9' title="bbox 339 783 2004 861">
    <p class='ocr_par' dir='ltr' id='par_1_9' title="bbox 339 783 2004 861">
     <span class='ocr_line' id='line_1_9' title="bbox 339 783 2004 861; baseline -0.002 -22"><span class='ocrx_word' id='word_1_41' title='bbox 339 787 433 839; x_wconf 85' lang='grc' dir='ltr'>τὸν</span> <span class='ocrx_word' id='word_1_42' title='bbox 464 787 721 861; x_wconf 80' lang='grc' dir='ltr'>Χριστὸν,</span> <span class='ocrx_word' id='word_1_43' title='bbox 757 787 911 839; x_wconf 78' lang='grc' dir='ltr'>θῦται</span> <span class='ocrx_word' id='word_1_44' title='bbox 956 783 1014 840; x_wconf 71' lang='grc' dir='ltr'>δὲ</span> <span class='ocrx_word' id='word_1_45' title='bbox 1070 791 1186 847; x_wconf 84' lang='grc' dir='ltr'>τοῖς</span> <span class='ocrx_word' id='word_1_46' title='bbox 1245 783 1518 847; x_wconf 77' lang='grc' dir='ltr'>εἰδώλοις.</span> <span class='ocrx_word' id='word_1_47' title='bbox 1580 783 1684 838; x_wconf 89' lang='grc' dir='ltr'>Καὶ</span> <span class='ocrx_word' id='word_1_48' title='bbox 1747 784 1822 856; x_wconf 75' lang='grc' dir='ltr'>μή</span> <span class='ocrx_word' id='word_1_49' title='bbox 1882 802 2004 836; x_wconf 84' lang='grc' dir='ltr'>πει-</span> 
     </span>
    </p>
   </div>
   <div class='ocr_carea' id='block_1_10' title="bbox 342 869 1999 947">
    <p class='ocr_par' dir='ltr' id='par_1_10' title="bbox 342 869 1999 947">
     <span class='ocr_line' id='line_1_10' title="bbox 342 869 1999 947; baseline -0.003 -21"><span class='ocrx_word' id='word_1_50' title='bbox 342 872 509 939; x_wconf 78' lang='grc' dir='ltr'>σθεὶς,</span> <span class='ocrx_word' id='word_1_51' title='bbox 541 871 689 928; x_wconf 72' lang='grc' dir='ltr'>ἀλλά</span> <span class='ocrx_word' id='word_1_52' title='bbox 719 878 888 928; x_wconf 79' lang='grc' dir='ltr'>πάλιν</span> <span class='ocrx_word' id='word_1_53' title='bbox 939 870 1158 947; x_wconf 78' lang='grc' dir='ltr'>ἐλέγξας</span> <span class='ocrx_word' id='word_1_54' title='bbox 1212 871 1306 926; x_wconf 87' lang='grc' dir='ltr'>τὸν</span> <span class='ocrx_word' id='word_1_55' title='bbox 1366 872 1644 947; x_wconf 76' lang='grc' dir='ltr'>τύραννον,</span> <span class='ocrx_word' id='word_1_56' title='bbox 1703 869 1840 944; x_wconf 77' lang='grc' dir='ltr'>ξίφει</span> <span class='ocrx_word' id='word_1_57' title='bbox 1899 870 1999 935; x_wconf 69' lang='grc' dir='ltr'>τὴν</span> 
     </span>
    </p>
   </div>
   <div class='ocr_carea' id='block_1_11' title="bbox 340 953 1995 1036">
    <p class='ocr_par' dir='ltr' id='par_1_11' title="bbox 340 953 1995 1036">
     <span class='ocr_line' id='line_1_11' title="bbox 340 953 1995 1036; baseline -0.004 -19"><span class='ocrx_word' id='word_1_58' title='bbox 340 962 585 1036; x_wconf 76' lang='grc' dir='ltr'>κεφαλὴν</span> <span class='ocrx_word' id='word_1_59' title='bbox 613 963 927 1036; x_wconf 77' lang='grc' dir='ltr'>ἀπετμήθη·</span> <span class='ocrx_word' id='word_1_60' title='bbox 964 961 1054 1017; x_wconf 86' lang='grc' dir='ltr'>καὶ</span> <span class='ocrx_word' id='word_1_61' title='bbox 1106 960 1279 1024; x_wconf 76' lang='grc' dir='ltr'>οὕτως</span> <span class='ocrx_word' id='word_1_62' title='bbox 1330 960 1648 1031; x_wconf 77' lang='grc' dir='ltr'>ἐτελειώθη,</span> <span class='ocrx_word' id='word_1_63' title='bbox 1699 953 1995 1014; x_wconf 75' lang='grc' dir='ltr'>ἀπολαϐὼν</span> 
     </span>
    </p>
   </div>
   <div class='ocr_carea' id='block_1_12' title="bbox 338 1050 1548 1130">
    <p class='ocr_par' dir='ltr' id='par_1_12' title="bbox 338 1050 1548 1130">
     <span class='ocr_line' id='line_1_12' title="bbox 338 1050 1548 1130; baseline 0.003 -25"><span class='ocrx_word' id='word_1_64' title='bbox 338 1054 595 1130; x_wconf 78' lang='grc' dir='ltr'>στέφανον</span> <span class='ocrx_word' id='word_1_65' title='bbox 630 1053 964 1128; x_wconf 73' lang='grc' dir='ltr'>ἀμάραντον,</span> <span class='ocrx_word' id='word_1_66' title='bbox 996 1052 1089 1106; x_wconf 82' lang='grc' dir='ltr'>καὶ</span> <span class='ocrx_word' id='word_1_67' title='bbox 1124 1054 1269 1122; x_wconf 75' lang='grc' dir='ltr'>ζωὴν</span> <span class='ocrx_word' id='word_1_68' title='bbox 1302 1050 1548 1109; x_wconf 70' lang='grc' dir='ltr'>αἰώνιον.</span> 
     </span>
    </p>
   </div>
   <div class='ocr_carea' id='block_1_13' title="bbox 892 1263 1442 1331">
    <p class='ocr_par' dir='ltr' id='par_1_13' title="bbox 892 1263 1442 1331">
     <span class='ocr_line' id='line_1_13' title="bbox 892 1263 1442 1331; baseline -0.009 -10"><span class='ocrx_word' id='word_1_69' title='bbox 892 1263 1075 1321; x_wconf 81' lang='lat' dir='ltr'>MHNl</span> <span class='ocrx_word' id='word_1_70' title='bbox 1116 1265 1208 1320; x_wconf 85' lang='lat' dir='ltr'>To</span> <span class='ocrx_word' id='word_1_71' title='bbox 1245 1266 1442 1331; x_wconf 85' lang='lat' dir='ltr'>Arro,</span> 
     </span>
    </p>
   </div>
   <div class='ocr_carea' id='block_1_14' title="bbox 1150 1353 1190 1422">
    <p class='ocr_par' dir='ltr' id='par_1_14' title="bbox 1150 1353 1190 1422">
     <span class='ocr_line' id='line_1_14' title="bbox 1150 1353 1190 1422; baseline 0 0"><span class='ocrx_word' id='word_1_72' title='bbox 1150 1353 1190 1422; x_wconf 79' lang='grc' dir='ltr'>ζ’</span> 
     </span>
    </p>
   </div>
   <div class='ocr_carea' id='block_1_15' title="bbox 340 1440 1996 1528">
    <p class='ocr_par' dir='ltr' id='par_1_15' title="bbox 340 1440 1996 1528">
     <span class='ocr_line' id='line_1_15' title="bbox 340 1440 1996 1528; baseline 0.001 -32"><span class='ocrx_word' id='word_1_73' title='bbox 340 1442 403 1496; x_wconf 74' lang='grc' dir='ltr'><strong>Ἠ</strong></span> <span class='ocrx_word' id='word_1_74' title='bbox 468 1442 893 1520; x_wconf 73' lang='grc' dir='ltr'>μεταμάρφωσις</span> <span class='ocrx_word' id='word_1_75' title='bbox 948 1445 1046 1497; x_wconf 78' lang='grc' dir='ltr'>τοῦ</span> <span class='ocrx_word' id='word_1_76' title='bbox 1114 1440 1316 1528; x_wconf 75' lang='grc' dir='ltr'>Κυρίου</span> <span class='ocrx_word' id='word_1_77' title='bbox 1383 1443 1544 1515; x_wconf 72' lang='grc' dir='ltr'>ἡμῶν</span> <span class='ocrx_word' id='word_1_78' title='bbox 1615 1442 1792 1512; x_wconf 86' lang='grc' dir='ltr'>Ἰησοῦ</span> <span class='ocrx_word' id='word_1_79' title='bbox 1854 1446 1996 1516; x_wconf 84' lang='grc' dir='ltr'>Χρι-</span> 
     </span>
    </p>
   </div>
   <div class='ocr_carea' id='block_1_16' title="bbox 1092 1534 1241 1571">
    <p class='ocr_par' dir='ltr' id='par_1_16' title="bbox 1092 1534 1241 1571">
     <span class='ocr_line' id='line_1_16' title="bbox 1092 1534 1241 1571; baseline 0.02 -3"><span class='ocrx_word' id='word_1_80' title='bbox 1092 1534 1241 1571; x_wconf 87' lang='grc' dir='ltr'>στου.</span> 
     </span>
    </p>
   </div>
   <div class='ocr_carea' id='block_1_17' title="bbox 386 1614 1990 1697">
    <p class='ocr_par' dir='ltr' id='par_1_17' title="bbox 386 1614 1990 1697">
     <span class='ocr_line' id='line_1_17' title="bbox 386 1614 1990 1697; baseline -0.001 -19"><span class='ocrx_word' id='word_1_81' title='bbox 386 1614 647 1690; x_wconf 50' lang='grc' dir='ltr'>’Ἔπειδὴ</span> <span class='ocrx_word' id='word_1_82' title='bbox 679 1620 866 1677; x_wconf 87' lang='grc' dir='ltr'>πολλά</span> <span class='ocrx_word' id='word_1_83' title='bbox 896 1623 1019 1697; x_wconf 86' lang='grc' dir='ltr'>περὶ</span> <span class='ocrx_word' id='word_1_84' title='bbox 1050 1619 1310 1676; x_wconf 76' lang='grc' dir='ltr'>κινδύνων</span> <span class='ocrx_word' id='word_1_85' title='bbox 1362 1622 1454 1676; x_wconf 85' lang='grc' dir='ltr'>καί</span> <span class='ocrx_word' id='word_1_86' title='bbox 1510 1641 1668 1677; x_wconf 88' lang='grc' dir='ltr'>τινων</span> <span class='ocrx_word' id='word_1_87' title='bbox 1729 1620 1990 1695; x_wconf 76' lang='grc' dir='ltr'>λυπηρῶν</span> 
     </span>
    </p>
   </div>
   <div class='ocr_carea' id='block_1_18' title="bbox 344 1709 1995 1786">
    <p class='ocr_par' dir='ltr' id='par_1_18' title="bbox 344 1709 1995 1786">
     <span class='ocr_line' id='line_1_18' title="bbox 344 1709 1995 1786; baseline 0.001 -22"><span class='ocrx_word' id='word_1_88' title='bbox 344 1711 370 1764; x_wconf 99' lang='lat'>6</span> <span class='ocrx_word' id='word_1_89' title='bbox 400 1712 633 1777; x_wconf 60' lang='grc' dir='ltr'>Χριστὸς</span> <span class='ocrx_word' id='word_1_90' title='bbox 664 1713 801 1786; x_wconf 84' lang='grc' dir='ltr'>πρὸς</span> <span class='ocrx_word' id='word_1_91' title='bbox 829 1712 960 1773; x_wconf 68' lang='grc' dir='ltr'>τοὺς</span> <span class='ocrx_word' id='word_1_92' title='bbox 1008 1712 1254 1785; x_wconf 78' lang='grc' dir='ltr'>μαθητὰς</span> <span class='ocrx_word' id='word_1_93' title='bbox 1303 1709 1588 1786; x_wconf 78' lang='grc' dir='ltr'>διελέχθη⁶</span> <span class='ocrx_word' id='word_1_94' title='bbox 1646 1712 1734 1766; x_wconf 85' lang='lat' dir='ltr'>xui</span> <span class='ocrx_word' id='word_1_95' title='bbox 1784 1710 1849 1766; x_wconf 80' lang='grc' dir='ltr'>τά</span> <span class='ocrx_word' id='word_1_96' title='bbox 1900 1712 1995 1784; x_wconf 71' lang='grc' dir='ltr'>μὲν</span> 
     </span>
    </p>
   </div>
   <div class='ocr_carea' id='block_1_19' title="bbox 2106 521 3754 593">
    <p class='ocr_par' dir='ltr' id='par_1_19' title="bbox 2106 521 3754 593">
     <span class='ocr_line' id='line_1_19' title="bbox 2106 521 3754 593; baseline 0.007 -22"><span class='ocrx_word' id='word_1_97' title='bbox 2106 535 2320 573; x_wconf 89' lang='lat' dir='ltr'>norum</span> <span class='ocrx_word' id='word_1_98' title='bbox 2351 525 2591 575; x_wconf 85' lang='lat' dir='ltr'>centum</span> <span class='ocrx_word' id='word_1_99' title='bbox 2623 536 2689 575; x_wconf 91' lang='lat' dir='ltr'>ac</span> <span class='ocrx_word' id='word_1_100' title='bbox 2722 521 3042 593; x_wconf 85' lang='lat' dir='ltr'>decem),in</span> <span class='ocrx_word' id='word_1_101' title='bbox 3059 542 3357 580; x_wconf 89' lang='lat' dir='ltr'>carcerem</span> <span class='ocrx_word' id='word_1_102' title='bbox 3381 528 3754 583; x_wconf 81' lang='lat' dir='ltr'>detruditur:</span> 
     </span>
    </p>
   </div>
   <div class='ocr_carea' id='block_1_20' title="bbox 2106 608 3749 681">
    <p class='ocr_par' dir='ltr' id='par_1_20' title="bbox 2106 608 3749 681">
     <span class='ocr_line' id='line_1_20' title="bbox 2106 608 3749 681; baseline 0.007 -20"><span class='ocrx_word' id='word_1_103' title='bbox 2106 608 2261 662; x_wconf 92' lang='lat' dir='ltr'>unde</span> <span class='ocrx_word' id='word_1_104' title='bbox 2294 608 2521 679; x_wconf 82' lang='lat' dir='ltr'>aliquot</span> <span class='ocrx_word' id='word_1_105' title='bbox 2551 616 2681 680; x_wconf 87' lang='lat' dir='ltr'>post</span> <span class='ocrx_word' id='word_1_106' title='bbox 2702 611 2910 665; x_wconf 76' lang='lat' dir='ltr'>diebus</span> <span class='ocrx_word' id='word_1_107' title='bbox 2936 614 3589 681; x_wconf 77' lang='lat' dir='ltr'>eductus,etiterumin</span> <span class='ocrx_word' id='word_1_108' title='bbox 3609 636 3749 673; x_wconf 82' lang='lat' dir='ltr'>con-</span> 
     </span>
    </p>
   </div>
   <div class='ocr_carea' id='block_1_21' title="bbox 2108 702 3756 775">
    <p class='ocr_par' dir='ltr' id='par_1_21' title="bbox 2108 702 3756 775">
     <span class='ocr_line' id='line_1_21' title="bbox 2108 702 3756 775; baseline 0.008 -25"><span class='ocrx_word' id='word_1_109' title='bbox 2108 704 2375 767; x_wconf 87' lang='lat' dir='ltr'>spectum</span> <span class='ocrx_word' id='word_1_110' title='bbox 2399 706 2681 770; x_wconf 67' lang='lat' dir='ltr'>apostatee</span> <span class='ocrx_word' id='word_1_111' title='bbox 2714 702 3054 772; x_wconf 82' lang='lat' dir='ltr'>productus,</span> <span class='ocrx_word' id='word_1_112' title='bbox 3073 706 3541 775; x_wconf 78' lang='lat' dir='ltr'>compellebatur</span> <span class='ocrx_word' id='word_1_113' title='bbox 3556 709 3756 763; x_wconf 83' lang='lat' dir='ltr'>Chris-</span> 
     </span>
    </p>
   </div>
   <div class='ocr_carea' id='block_1_22' title="bbox 2110 788 3757 861">
    <p class='ocr_par' dir='ltr' id='par_1_22' title="bbox 2110 788 3757 861">
     <span class='ocr_line' id='line_1_22' title="bbox 2110 788 3757 861; baseline 0.007 -21"><span class='ocrx_word' id='word_1_114' title='bbox 2110 792 2233 840; x_wconf 89' lang='lat' dir='ltr'>tum</span> <span class='ocrx_word' id='word_1_115' title='bbox 2252 788 2570 861; x_wconf 88' lang='lat' dir='ltr'>abnegare,</span> <span class='ocrx_word' id='word_1_116' title='bbox 2604 796 2661 843; x_wconf 90' lang='lat' dir='ltr'>et</span> <span class='ocrx_word' id='word_1_117' title='bbox 2694 790 2870 846; x_wconf 88' lang='lat' dir='ltr'>idolis</span> <span class='ocrx_word' id='word_1_118' title='bbox 2894 792 3251 849; x_wconf 82' lang='lat' dir='ltr'>sacriﬁcare.</span> <span class='ocrx_word' id='word_1_119' title='bbox 3288 795 3397 850; x_wconf 87' lang='lat' dir='ltr'>Sed</span> <span class='ocrx_word' id='word_1_120' title='bbox 3423 814 3557 851; x_wconf 92' lang='lat' dir='ltr'>cum</span> <span class='ocrx_word' id='word_1_121' title='bbox 3593 798 3664 852; x_wconf 89' lang='lat' dir='ltr'>ad</span> <span class='ocrx_word' id='word_1_122' title='bbox 3698 799 3757 852; x_wconf 87' lang='lat' dir='ltr'>id</span> 
     </span>
    </p>
   </div>
   <div class='ocr_carea' id='block_1_23' title="bbox 2110 875 3759 954">
    <p class='ocr_par' dir='ltr' id='par_1_23' title="bbox 2110 875 3759 954">
     <span class='ocr_line' id='line_1_23' title="bbox 2110 875 3759 954; baseline 0.008 -27"><span class='ocrx_word' id='word_1_123' title='bbox 2110 875 2310 931; x_wconf 84' lang='lat' dir='ltr'>induci</span> <span class='ocrx_word' id='word_1_124' title='bbox 2340 894 2460 931; x_wconf 91' lang='lat' dir='ltr'>non</span> <span class='ocrx_word' id='word_1_125' title='bbox 2496 886 2718 948; x_wconf 88' lang='lat' dir='ltr'>posset,</span> <span class='ocrx_word' id='word_1_126' title='bbox 2778 882 2924 950; x_wconf 91' lang='lat' dir='ltr'>quin</span> <span class='ocrx_word' id='word_1_127' title='bbox 2981 883 3177 952; x_wconf 88' lang='lat' dir='ltr'>potius</span> <span class='ocrx_word' id='word_1_128' title='bbox 3211 892 3525 954; x_wconf 80' lang='lat' dir='ltr'>tyrannum</span> <span class='ocrx_word' id='word_1_129' title='bbox 3554 904 3759 941; x_wconf 80' lang='lat' dir='ltr'>rursus</span> 
     </span>
    </p>
   </div>
   <div class='ocr_carea' id='block_1_24' title="bbox 2111 964 3757 1046">
    <p class='ocr_par' dir='ltr' id='par_1_24' title="bbox 2111 964 3757 1046">
     <span class='ocr_line' id='line_1_24' title="bbox 2111 964 3757 1046; baseline 0.009 -29"><span class='ocrx_word' id='word_1_130' title='bbox 2111 964 2468 1035; x_wconf 88' lang='lat' dir='ltr'>increparet,</span> <span class='ocrx_word' id='word_1_131' title='bbox 2499 967 2696 1038; x_wconf 89' lang='lat' dir='ltr'>gladio</span> <span class='ocrx_word' id='word_1_132' title='bbox 2729 976 2906 1040; x_wconf 83' lang='lat' dir='ltr'>caput</span> <span class='ocrx_word' id='word_1_133' title='bbox 2938 972 2989 1025; x_wconf 92' lang='lat' dir='ltr'>ei</span> <span class='ocrx_word' id='word_1_134' title='bbox 3029 980 3371 1043; x_wconf 84' lang='lat' dir='ltr'>amputatur</span> <span class='ocrx_word' id='word_1_135' title='bbox 3400 992 3412 1028; x_wconf 90' lang='lat'>:</span> <span class='ocrx_word' id='word_1_136' title='bbox 3468 981 3645 1046; x_wconf 91' lang='lat' dir='ltr'>atque</span> <span class='ocrx_word' id='word_1_137' title='bbox 3677 978 3757 1031; x_wconf 88' lang='lat' dir='ltr'>ita</span> 
     </span>
    </p>
   </div>
   <div class='ocr_carea' id='block_1_25' title="bbox 2109 1052 3751 1137">
    <p class='ocr_par' dir='ltr' id='par_1_25' title="bbox 2109 1052 3751 1137">
     <span class='ocr_line' id='line_1_25' title="bbox 2109 1052 3751 1137; baseline 0.007 -29"><span class='ocrx_word' id='word_1_138' title='bbox 2109 1052 2381 1121; x_wconf 85' lang='lat' dir='ltr'>decessit,</span> <span class='ocrx_word' id='word_1_139' title='bbox 2462 1073 2741 1113; x_wconf 87' lang='lat' dir='ltr'>coronam</span> <span class='ocrx_word' id='word_1_140' title='bbox 2800 1059 3377 1133; x_wconf 85' lang='lat' dir='ltr'>immarcescibilem,</span> <span class='ocrx_word' id='word_1_141' title='bbox 3454 1065 3751 1137; x_wconf 86' lang='lat' dir='ltr'>vitamque</span> 
     </span>
    </p>
   </div>
   <div class='ocr_carea' id='block_1_26' title="bbox 2106 1143 2688 1217">
    <p class='ocr_par' dir='ltr' id='par_1_26' title="bbox 2106 1143 2688 1217">
     <span class='ocr_line' id='line_1_26' title="bbox 2106 1143 2688 1217; baseline 0.009 -21"><span class='ocrx_word' id='word_1_142' title='bbox 2106 1148 2389 1199; x_wconf 79' lang='lat' dir='ltr'>aeternam</span> <span class='ocrx_word' id='word_1_143' title='bbox 2419 1143 2688 1217; x_wconf 89' lang='lat' dir='ltr'>adeptus.</span> 
     </span>
    </p>
   </div>
   <div class='ocr_carea' id='block_1_27' title="bbox 2652 1264 3189 1326">
    <p class='ocr_par' dir='ltr' id='par_1_27' title="bbox 2652 1264 3189 1326">
     <span class='ocr_line' id='line_1_27' title="bbox 2652 1264 3189 1326; baseline 0.013 -9"><span class='ocrx_word' id='word_1_144' title='bbox 2652 1264 2890 1319; x_wconf 88' lang='lat' dir='ltr'><strong>EODEM</strong></span> <span class='ocrx_word' id='word_1_145' title='bbox 2938 1268 3189 1326; x_wconf 78' lang='lat' dir='ltr'>MENSE.</span> 
     </span>
    </p>
   </div>
   <div class='ocr_carea' id='block_1_28' title="bbox 2792 1366 3110 1422">
    <p class='ocr_par' dir='ltr' id='par_1_28' title="bbox 2792 1366 3110 1422">
     <span class='ocr_line' id='line_1_28' title="bbox 2792 1366 3110 1422; baseline 0.009 -3"><span class='ocrx_word' id='word_1_146' title='bbox 2792 1366 2894 1420; x_wconf 90' lang='lat' dir='ltr'>Die</span> <span class='ocrx_word' id='word_1_147' title='bbox 2945 1373 3110 1422; x_wconf 78' lang='lat' dir='ltr'>sexta</span> 
     </span>
    </p>
   </div>
   <div class='ocr_carea' id='block_1_29' title="bbox 2176 1464 3670 1536">
    <p class='ocr_par' dir='ltr' id='par_1_29' title="bbox 2176 1464 3670 1536">
     <span class='ocr_line' id='line_1_29' title="bbox 2176 1464 3670 1536; baseline 0.006 -18"><span class='ocrx_word' id='word_1_148' title='bbox 2176 1464 2328 1519; x_wconf 72' lang='lat' dir='ltr'>I94</span> <span class='ocrx_word' id='word_1_149' title='bbox 2364 1465 2802 1536; x_wconf 78' lang='lat' dir='ltr'>Transﬁguratio</span> <span class='ocrx_word' id='word_1_150' title='bbox 2831 1469 3051 1523; x_wconf 84' lang='lat' dir='ltr'>Domini</span> <span class='ocrx_word' id='word_1_151' title='bbox 3080 1472 3259 1525; x_wconf 84' lang='lat' dir='ltr'>nostri</span> <span class='ocrx_word' id='word_1_152' title='bbox 3292 1471 3417 1525; x_wconf 77' lang='lat' dir='ltr'>Iesu</span> <span class='ocrx_word' id='word_1_153' title='bbox 3448 1470 3670 1528; x_wconf 79' lang='lat' dir='ltr'>Christi.</span> 
     </span>
    </p>
   </div>
   <div class='ocr_carea' id='block_1_30' title="bbox 2172 1630 3745 1702">
    <p class='ocr_par' dir='ltr' id='par_1_30' title="bbox 2172 1630 3745 1702">
     <span class='ocr_line' id='line_1_30' title="bbox 2172 1630 3745 1702; baseline 0.003 -20"><span class='ocrx_word' id='word_1_154' title='bbox 2172 1631 2491 1700; x_wconf 82' lang='lat' dir='ltr'>Postquam</span> <span class='ocrx_word' id='word_1_155' title='bbox 2523 1630 2711 1686; x_wconf 91' lang='lat' dir='ltr'>multa</span> <span class='ocrx_word' id='word_1_156' title='bbox 2742 1631 2812 1686; x_wconf 89' lang='lat' dir='ltr'>de</span> <span class='ocrx_word' id='word_1_157' title='bbox 2845 1632 3146 1702; x_wconf 87' lang='lat' dir='ltr'>periculis,</span> <span class='ocrx_word' id='word_1_158' title='bbox 3184 1633 3437 1702; x_wconf 89' lang='lat' dir='ltr'>aliisque</span> <span class='ocrx_word' id='word_1_159' title='bbox 3480 1633 3745 1687; x_wconf 83' lang='lat' dir='ltr'>molestis</span> 
     </span>
    </p>
   </div>
   <div class='ocr_carea' id='block_1_31' title="bbox 2102 1719 3750 1794">
    <p class='ocr_par' dir='ltr' id='par_1_31' title="bbox 2102 1719 3750 1794">
     <span class='ocr_line' id='line_1_31' title="bbox 2102 1719 3750 1794; baseline 0.002 -21"><span class='ocrx_word' id='word_1_160' title='bbox 2102 1719 2279 1775; x_wconf 87' lang='lat' dir='ltr'>rebus</span> <span class='ocrx_word' id='word_1_161' title='bbox 2302 1721 2373 1776; x_wconf 90' lang='lat' dir='ltr'>ad</span> <span class='ocrx_word' id='word_1_162' title='bbox 2408 1721 2732 1794; x_wconf 91' lang='lat' dir='ltr'>discipulos</span> <span class='ocrx_word' id='word_1_163' title='bbox 2766 1740 2903 1778; x_wconf 90' lang='lat' dir='ltr'>suos</span> <span class='ocrx_word' id='word_1_164' title='bbox 2953 1724 3223 1779; x_wconf 77' lang='lat' dir='ltr'>Christus</span> <span class='ocrx_word' id='word_1_165' title='bbox 3255 1725 3658 1789; x_wconf 55' lang='lat' dir='ltr'>disseruisset,</span> <span class='ocrx_word' id='word_1_166' title='bbox 3694 1729 3750 1777; x_wconf 89' lang='lat' dir='ltr'>et</span> 
     </span>
    </p>
   </div>
   <div class='ocr_carea' id='block_1_32' title="bbox 341 1794 1982 1885">
    <p class='ocr_par' dir='ltr' id='par_1_32' title="bbox 341 1797 1982 1874">
     <span class='ocr_line' id='line_1_32' title="bbox 341 1797 1982 1874; baseline 0.001 -22"><span class='ocrx_word' id='word_1_167' title='bbox 341 1799 476 1867; x_wconf 74' lang='grc' dir='ltr'>ἦσαν</span> <span class='ocrx_word' id='word_1_168' title='bbox 512 1797 562 1852; x_wconf 78' lang='grc' dir='ltr'>ἐν</span> <span class='ocrx_word' id='word_1_169' title='bbox 607 1803 688 1871; x_wconf 75' lang='grc' dir='ltr'>τῷ</span> <span class='ocrx_word' id='word_1_170' title='bbox 745 1798 971 1873; x_wconf 74' lang='grc' dir='ltr'>παρόντι</span> <span class='ocrx_word' id='word_1_171' title='bbox 1034 1798 1159 1873; x_wconf 81' lang='grc' dir='ltr'>βίῳ,</span> <span class='ocrx_word' id='word_1_172' title='bbox 1218 1800 1284 1852; x_wconf 87' lang='grc' dir='ltr'>τά</span> <span class='ocrx_word' id='word_1_173' title='bbox 1342 1798 1399 1854; x_wconf 68' lang='grc' dir='ltr'>δὲ</span> <span class='ocrx_word' id='word_1_174' title='bbox 1454 1799 1628 1874; x_wconf 77' lang='grc' dir='ltr'>ἀγαθά</span> <span class='ocrx_word' id='word_1_175' title='bbox 1685 1797 1735 1852; x_wconf 79' lang='grc' dir='ltr'>ἐν</span> <span class='ocrx_word' id='word_1_176' title='bbox 1789 1798 1982 1870; x_wconf 58' lang='grc' dir='ltr'>ἐλπίσιἸ</span> 
     </span>
    </p>
   </div>
   <div class='ocr_carea' id='block_1_33' title="bbox 2098 1794 3745 1885">
    <p class='ocr_par' dir='ltr' id='par_1_33' title="bbox 2105 1811 3745 1885">
     <span class='ocr_line' id='line_1_33' title="bbox 2105 1811 3745 1885; baseline 0.003 -21"><span class='ocrx_word' id='word_1_177' title='bbox 2105 1811 2483 1882; x_wconf 71' lang='grc' dir='ltr'>ὴωοςιυίάοιη</span> <span class='ocrx_word' id='word_1_178' title='bbox 2517 1830 2645 1868; x_wconf 88' lang='lat' dir='ltr'>esse</span> <span class='ocrx_word' id='word_1_179' title='bbox 2665 1814 2725 1867; x_wconf 91' lang='lat' dir='ltr'>in</span> <span class='ocrx_word' id='word_1_180' title='bbox 2756 1814 3035 1885; x_wconf 65' lang='lat' dir='ltr'>praesenti</span> <span class='ocrx_word' id='word_1_181' title='bbox 3066 1813 3375 1881; x_wconf 86' lang='lat' dir='ltr'>vita,bona</span> <span class='ocrx_word' id='word_1_182' title='bbox 3405 1832 3538 1869; x_wconf 89' lang='lat' dir='ltr'>vero</span> <span class='ocrx_word' id='word_1_183' title='bbox 3562 1816 3620 1869; x_wconf 90' lang='lat' dir='ltr'>in</span> <span class='ocrx_word' id='word_1_184' title='bbox 3643 1832 3745 1885; x_wconf 89' lang='lat' dir='ltr'>spe</span> 
     </span>
    </p>
   </div>
   <div class='ocr_carea' id='block_1_34' title="bbox 344 1885 1997 1965">
    <p class='ocr_par' dir='ltr' id='par_1_34' title="bbox 344 1885 1997 1965">
     <span class='ocr_line' id='line_1_34' title="bbox 344 1885 1997 1965; baseline 0.002 -25"><span class='ocrx_word' id='word_1_185' title='bbox 344 1885 689 1961; x_wconf 76' lang='grc' dir='ltr'>βουλόμενος</span> <span class='ocrx_word' id='word_1_186' title='bbox 748 1886 947 1950; x_wconf 68' lang='grc' dir='ltr'>αὐτοὺς</span> <span class='ocrx_word' id='word_1_187' title='bbox 1003 1886 1448 1965; x_wconf 77' lang='grc' dir='ltr'>πληροφορῆσαι,</span> <span class='ocrx_word' id='word_1_188' title='bbox 1524 1887 1617 1942; x_wconf 72' lang='grc' dir='ltr'>καί</span> <span class='ocrx_word' id='word_1_189' title='bbox 1669 1885 1858 1958; x_wconf 77' lang='grc' dir='ltr'>δεῖξαι,</span> <span class='ocrx_word' id='word_1_190' title='bbox 1915 1889 1997 1951; x_wconf 91' lang='grc' dir='ltr'>τίς</span> 
     </span>
    </p>
   </div>
   <div class='ocr_carea' id='block_1_35' title="bbox 341 1973 1993 2053">
    <p class='ocr_par' dir='ltr' id='par_1_35' title="bbox 341 1973 1993 2053">
     <span class='ocr_line' id='line_1_35' title="bbox 341 1973 1993 2053; baseline 0.001 -23"><span class='ocrx_word' id='word_1_191' title='bbox 341 1976 484 2030; x_wconf 63' lang='grc' dir='ltr'>ἐστιν</span> <span class='ocrx_word' id='word_1_192' title='bbox 517 1979 550 2045; x_wconf 75' lang='grc' dir='ltr'>ἡ</span> <span class='ocrx_word' id='word_1_193' title='bbox 585 1974 713 2047; x_wconf 78' lang='grc' dir='ltr'>δόξα</span> <span class='ocrx_word' id='word_1_194' title='bbox 766 1976 964 2046; x_wconf 80' lang='grc' dir='ltr'>ἐκείνη,</span> <span class='ocrx_word' id='word_1_195' title='bbox 1021 1978 1139 2049; x_wconf 83' lang='grc' dir='ltr'>μεθ’</span> <span class='ocrx_word' id='word_1_196' title='bbox 1198 1976 1265 2045; x_wconf 73' lang='grc' dir='ltr'>ἧς</span> <span class='ocrx_word' id='word_1_197' title='bbox 1328 1973 1519 2049; x_wconf 81' lang='grc' dir='ltr'>μέλλει</span> <span class='ocrx_word' id='word_1_198' title='bbox 1578 1980 1993 2053; x_wconf 68' lang='grc' dir='ltr'>παραγενέσθαι,</span> 
     </span>
    </p>
   </div>
   <div class='ocr_carea' id='block_1_36' title="bbox 340 2061 1994 2141">
    <p class='ocr_par' dir='ltr' id='par_1_36' title="bbox 340 2061 1994 2141">
     <span class='ocr_line' id='line_1_36' title="bbox 340 2061 1994 2141; baseline 0.002 -24"><span class='ocrx_word' id='word_1_199' title='bbox 340 2063 595 2141; x_wconf 74' lang='grc' dir='ltr'>ἀναφέρει</span> <span class='ocrx_word' id='word_1_200' title='bbox 627 2064 824 2127; x_wconf 74' lang='grc' dir='ltr'>αὐτοὺς</span> <span class='ocrx_word' id='word_1_201' title='bbox 858 2065 933 2127; x_wconf 77' lang='grc' dir='ltr'>εἲς</span> <span class='ocrx_word' id='word_1_202' title='bbox 967 2061 1094 2138; x_wconf 80' lang='grc' dir='ltr'>ὄρος</span> <span class='ocrx_word' id='word_1_203' title='bbox 1131 2064 1341 2139; x_wconf 70' lang='grc' dir='ltr'>ὑψηλὸν</span> <span class='ocrx_word' id='word_1_204' title='bbox 1376 2067 1492 2120; x_wconf 88' lang='grc' dir='ltr'>κατ’</span> <span class='ocrx_word' id='word_1_205' title='bbox 1523 2061 1684 2136; x_wconf 75' lang='grc' dir='ltr'>ἰδίαν,</span> <span class='ocrx_word' id='word_1_206' title='bbox 1714 2067 1805 2121; x_wconf 84' lang='grc' dir='ltr'>καί</span> <span class='ocrx_word' id='word_1_207' title='bbox 1841 2088 1994 2139; x_wconf 85' lang='grc' dir='ltr'>μετε-</span> 
     </span>
    </p>
   </div>
   <div class='ocr_carea' id='block_1_37' title="bbox 342 2150 1990 2231">
    <p class='ocr_par' dir='ltr' id='par_1_37' title="bbox 342 2150 1990 2231">
     <span class='ocr_line' id='line_1_37' title="bbox 342 2150 1990 2231; baseline 0.002 -24"><span class='ocrx_word' id='word_1_208' title='bbox 342 2156 613 2231; x_wconf 70' lang='grc' dir='ltr'>μορφώθη</span> <span class='ocrx_word' id='word_1_209' title='bbox 647 2150 949 2228; x_wconf 82' lang='grc' dir='ltr'>ἔμπροσθεν</span> <span class='ocrx_word' id='word_1_210' title='bbox 985 2154 1193 2223; x_wconf 78' lang='grc' dir='ltr'>αὐτῶν,</span> <span class='ocrx_word' id='word_1_211' title='bbox 1220 2156 1308 2209; x_wconf 76' lang='grc' dir='ltr'>καὶ</span> <span class='ocrx_word' id='word_1_212' title='bbox 1366 2152 1605 2229; x_wconf 69' lang='grc' dir='ltr'>ἔλαμψεν</span> <span class='ocrx_word' id='word_1_213' title='bbox 1654 2155 1715 2210; x_wconf 87' lang='grc' dir='ltr'>τὸ</span> <span class='ocrx_word' id='word_1_214' title='bbox 1763 2158 1990 2229; x_wconf 81' lang='grc' dir='ltr'>πρόσω-</span> 
     </span>
    </p>
   </div>
   <div class='ocr_carea' id='block_1_38' title="bbox 338 2242 1989 2321">
    <p class='ocr_par' dir='ltr' id='par_1_38' title="bbox 338 2242 1989 2321">
     <span class='ocr_line' id='line_1_38' title="bbox 338 2242 1989 2321; baseline 0.002 -24"><span class='ocrx_word' id='word_1_215' title='bbox 338 2266 435 2298; x_wconf 81' lang='grc' dir='ltr'>πον</span> <span class='ocrx_word' id='word_1_216' title='bbox 470 2244 637 2299; x_wconf 75' lang='grc' dir='ltr'>αὐτοῦ</span> <span class='ocrx_word' id='word_1_217' title='bbox 699 2245 771 2306; x_wconf 84' lang='grc' dir='ltr'>ὡς</span> <span class='ocrx_word' id='word_1_218' title='bbox 804 2246 831 2299; x_wconf 89' lang='grc' dir='ltr'>ὁ</span> <span class='ocrx_word' id='word_1_219' title='bbox 862 2244 1049 2315; x_wconf 67' lang='grc' dir='ltr'>ἣλιος,</span> <span class='ocrx_word' id='word_1_220' title='bbox 1093 2245 1161 2300; x_wconf 81' lang='grc' dir='ltr'>τὰ</span> <span class='ocrx_word' id='word_1_221' title='bbox 1210 2242 1265 2300; x_wconf 73' lang='grc' dir='ltr'>δὲ</span> <span class='ocrx_word' id='word_1_222' title='bbox 1316 2246 1508 2318; x_wconf 77' lang='grc' dir='ltr'>ἱμάτια</span> <span class='ocrx_word' id='word_1_223' title='bbox 1559 2244 1723 2300; x_wconf 78' lang='grc' dir='ltr'>αὖτοῦ</span> <span class='ocrx_word' id='word_1_224' title='bbox 1782 2244 1989 2321; x_wconf 84' lang='grc' dir='ltr'>ἐγένετο</span> 
     </span>
    </p>
   </div>
   <div class='ocr_carea' id='block_1_39' title="bbox 337 2331 1985 2413">
    <p class='ocr_par' dir='ltr' id='par_1_39' title="bbox 337 2331 1985 2413">
     <span class='ocr_line' id='line_1_39' title="bbox 337 2331 1985 2413; baseline 0.002 -26"><span class='ocrx_word' id='word_1_225' title='bbox 337 2332 585 2408; x_wconf 76' lang='grc' dir='ltr'>λαμπρά,</span> <span class='ocrx_word' id='word_1_226' title='bbox 620 2335 696 2396; x_wconf 86' lang='grc' dir='ltr'>ὡς</span> <span class='ocrx_word' id='word_1_227' title='bbox 726 2336 788 2389; x_wconf 86' lang='grc' dir='ltr'>τὸ</span> <span class='ocrx_word' id='word_1_228' title='bbox 840 2339 975 2413; x_wconf 84' lang='grc' dir='ltr'>φῶς.</span> <span class='ocrx_word' id='word_1_229' title='bbox 1023 2336 1128 2391; x_wconf 82' lang='grc' dir='ltr'>Καὶ</span> <span class='ocrx_word' id='word_1_230' title='bbox 1181 2331 1439 2411; x_wconf 71' lang='grc' dir='ltr'>ὤφθησαν</span> <span class='ocrx_word' id='word_1_231' title='bbox 1494 2335 1681 2397; x_wconf 81' lang='grc' dir='ltr'>αὐτοῖς</span> <span class='ocrx_word' id='word_1_232' title='bbox 1728 2341 1985 2406; x_wconf 80' lang='grc' dir='ltr'>Μωυσῆς,</span> 
     </span>
    </p>
   </div>
   <div class='ocr_carea' id='block_1_40' title="bbox 332 2422 1987 2500">
    <p class='ocr_par' dir='ltr' id='par_1_40' title="bbox 332 2422 1987 2500">
     <span class='ocr_line' id='line_1_40' title="bbox 332 2422 1987 2500; baseline 0.001 -23"><span class='ocrx_word' id='word_1_233' title='bbox 332 2423 420 2477; x_wconf 83' lang='lat' dir='ltr'>xui</span> <span class='ocrx_word' id='word_1_234' title='bbox 451 2422 646 2486; x_wconf 82' lang='grc' dir='ltr'>Ἠλίας</span> <span class='ocrx_word' id='word_1_235' title='bbox 701 2427 817 2497; x_wconf 85' lang='grc' dir='ltr'>μετ’</span> <span class='ocrx_word' id='word_1_236' title='bbox 876 2424 1041 2479; x_wconf 78' lang='grc' dir='ltr'>αὐτοῦ</span> <span class='ocrx_word' id='word_1_237' title='bbox 1092 2423 1517 2487; x_wconf 77' lang='grc' dir='ltr'>συλλαλοῦντες.</span> <span class='ocrx_word' id='word_1_238' title='bbox 1563 2424 1698 2487; x_wconf 80' lang='grc' dir='ltr'>Τοὺς</span> <span class='ocrx_word' id='word_1_239' title='bbox 1755 2430 1898 2500; x_wconf 72' lang='grc' dir='ltr'>τρεῖς</span> <span class='ocrx_word' id='word_1_240' title='bbox 1930 2422 1987 2479; x_wconf 76' lang='grc' dir='ltr'>δὲ</span> 
     </span>
    </p>
   </div>
   <div class='ocr_carea' id='block_1_41' title="bbox 336 2510 1982 2589">
    <p class='ocr_par' dir='ltr' id='par_1_41' title="bbox 336 2510 1982 2589">
     <span class='ocr_line' id='line_1_41' title="bbox 336 2510 1982 2589; baseline 0.002 -22"><span class='ocrx_word' id='word_1_241' title='bbox 336 2512 535 2584; x_wconf 71' lang='grc' dir='ltr'>μόνους</span> <span class='ocrx_word' id='word_1_242' title='bbox 573 2517 682 2567; x_wconf 80' lang='grc' dir='ltr'>τῶν</span> <span class='ocrx_word' id='word_1_243' title='bbox 740 2510 927 2569; x_wconf 73' lang='grc' dir='ltr'>ἄλλων</span> <span class='ocrx_word' id='word_1_244' title='bbox 984 2510 1404 2589; x_wconf 75' lang='grc' dir='ltr'>παραλαμϐάνει</span> <span class='ocrx_word' id='word_1_245' title='bbox 1464 2514 1537 2576; x_wconf 88' lang='grc' dir='ltr'>ὡς</span> <span class='ocrx_word' id='word_1_246' title='bbox 1596 2514 1982 2589; x_wconf 74' lang='grc' dir='ltr'>ὑπερέχοντας·</span> 
     </span>
    </p>
   </div>
   <div class='ocr_carea' id='block_1_42' title="bbox 332 2600 1984 2679">
    <p class='ocr_par' dir='ltr' id='par_1_42' title="bbox 332 2600 1984 2679">
     <span class='ocr_line' id='line_1_42' title="bbox 332 2600 1984 2679; baseline -0.002 -20"><span class='ocrx_word' id='word_1_247' title='bbox 332 2604 571 2672; x_wconf 72' lang='grc' dir='ltr'>Μωυσῆς</span> <span class='ocrx_word' id='word_1_248' title='bbox 606 2600 663 2656; x_wconf 69' lang='grc' dir='ltr'>δὲ</span> <span class='ocrx_word' id='word_1_249' title='bbox 692 2604 783 2657; x_wconf 79' lang='lat' dir='ltr'>xui</span> <span class='ocrx_word' id='word_1_250' title='bbox 842 2602 1037 2658; x_wconf 80' lang='grc' dir='ltr'>Ἠλίαν</span> <span class='ocrx_word' id='word_1_251' title='bbox 1096 2610 1171 2665; x_wconf 80' lang='grc' dir='ltr'>είς</span> <span class='ocrx_word' id='word_1_252' title='bbox 1226 2603 1387 2677; x_wconf 88' lang='grc' dir='ltr'>μέσον</span> <span class='ocrx_word' id='word_1_253' title='bbox 1447 2603 1701 2679; x_wconf 80' lang='grc' dir='ltr'>παράγει,</span> <span class='ocrx_word' id='word_1_254' title='bbox 1753 2605 1849 2666; x_wconf 78' lang='grc' dir='ltr'>τὰς</span> <span class='ocrx_word' id='word_1_255' title='bbox 1908 2603 1984 2666; x_wconf 85' lang='grc' dir='ltr'>εἷς</span> 
     </span>
    </p>
   </div>
   <div class='ocr_carea' id='block_1_43' title="bbox 332 2691 1981 2770">
    <p class='ocr_par' dir='ltr' id='par_1_43' title="bbox 332 2691 1981 2770">
     <span class='ocr_line' id='line_1_43' title="bbox 332 2691 1981 2770; baseline 0.001 -25"><span class='ocrx_word' id='word_1_256' title='bbox 332 2694 491 2746; x_wconf 84' lang='grc' dir='ltr'>αυτὸν</span> <span class='ocrx_word' id='word_1_257' title='bbox 522 2692 623 2746; x_wconf 78' lang='grc' dir='ltr'>οὐκ</span> <span class='ocrx_word' id='word_1_258' title='bbox 650 2691 813 2767; x_wconf 69' lang='grc' dir='ltr'>ὀρθάς</span> <span class='ocrx_word' id='word_1_259' title='bbox 848 2692 1103 2755; x_wconf 82' lang='grc' dir='ltr'>ὑπονοίας</span> <span class='ocrx_word' id='word_1_260' title='bbox 1136 2694 1282 2768; x_wconf 86' lang='grc' dir='ltr'>παρά</span> <span class='ocrx_word' id='word_1_261' title='bbox 1308 2699 1427 2755; x_wconf 84' lang='grc' dir='ltr'>τοῖς</span> <span class='ocrx_word' id='word_1_262' title='bbox 1466 2692 1705 2755; x_wconf 87' lang='grc' dir='ltr'>πολλοῖς</span> <span class='ocrx_word' id='word_1_263' title='bbox 1755 2702 1981 2770; x_wconf 72' lang='grc' dir='ltr'>γινομε-</span> 
     </span>
    </p>
   </div>
   <div class='ocr_carea' id='block_1_44' title="bbox 329 2779 1980 2857">
    <p class='ocr_par' dir='ltr' id='par_1_44' title="bbox 329 2779 1980 2857">
     <span class='ocr_line' id='line_1_44' title="bbox 329 2779 1980 2857; baseline 0.001 -22"><span class='ocrx_word' id='word_1_264' title='bbox 329 2803 418 2845; x_wconf 86' lang='grc' dir='ltr'>νας</span> <span class='ocrx_word' id='word_1_265' title='bbox 504 2779 917 2855; x_wconf 74' lang='grc' dir='ltr'>διορθούμενος.</span> <span class='ocrx_word' id='word_1_266' title='bbox 1005 2779 1231 2851; x_wconf 67' lang='grc' dir='ltr'>Ἐπειδὴ</span> <span class='ocrx_word' id='word_1_267' title='bbox 1291 2784 1391 2857; x_wconf 88' lang='grc' dir='ltr'>γάρ</span> <span class='ocrx_word' id='word_1_268' title='bbox 1448 2802 1588 2843; x_wconf 86' lang='grc' dir='ltr'>τινες</span> <span class='ocrx_word' id='word_1_269' title='bbox 1667 2785 1761 2854; x_wconf 76' lang='grc' dir='ltr'>μὶν</span> <span class='ocrx_word' id='word_1_270' title='bbox 1822 2782 1980 2837; x_wconf 77' lang='grc' dir='ltr'>αὐτὸν</span> 
     </span>
    </p>
   </div>
   <div class='ocr_carea' id='block_1_45' title="bbox 327 2866 1981 2946">
    <p class='ocr_par' dir='ltr' id='par_1_45' title="bbox 327 2866 1981 2946">
     <span class='ocr_line' id='line_1_45' title="bbox 327 2866 1981 2946; baseline 0.001 -21"><span class='ocrx_word' id='word_1_271' title='bbox 327 2870 516 2925; x_wconf 84' lang='grc' dir='ltr'>Ἠλίαν</span> <span class='ocrx_word' id='word_1_272' title='bbox 549 2866 765 2944; x_wconf 77' lang='grc' dir='ltr'>ἔλεγον,</span> <span class='ocrx_word' id='word_1_273' title='bbox 798 2870 962 2925; x_wconf 73' lang='grc' dir='ltr'>ἄλλοι</span> <span class='ocrx_word' id='word_1_274' title='bbox 996 2868 1054 2925; x_wconf 71' lang='grc' dir='ltr'>δὲ</span> <span class='ocrx_word' id='word_1_275' title='bbox 1082 2870 1367 2946; x_wconf 87' lang='grc' dir='ltr'>Ἱερεμίαν’</span> <span class='ocrx_word' id='word_1_276' title='bbox 1414 2868 1504 2925; x_wconf 80' lang='grc' dir='ltr'>διὰ</span> <span class='ocrx_word' id='word_1_277' title='bbox 1548 2875 1709 2925; x_wconf 79' lang='grc' dir='ltr'>τοῦτο</span> <span class='ocrx_word' id='word_1_278' title='bbox 1754 2870 1981 2933; x_wconf 76' lang='grc' dir='ltr'>τούτους</span> 
     </span>
    </p>
   </div>
   <div class='ocr_carea' id='block_1_46' title="bbox 326 2957 1979 3035">
    <p class='ocr_par' dir='ltr' id='par_1_46' title="bbox 326 2957 1979 3035">
     <span class='ocr_line' id='line_1_46' title="bbox 326 2957 1979 3035; baseline 0.001 -22"><span class='ocrx_word' id='word_1_279' title='bbox 326 2962 684 3033; x_wconf 81' lang='grc' dir='ltr'>παρέστησεν,</span> <span class='ocrx_word' id='word_1_280' title='bbox 712 2957 805 3013; x_wconf 74' lang='grc' dir='ltr'>’ἶνα</span> <span class='ocrx_word' id='word_1_281' title='bbox 834 2965 951 3021; x_wconf 85' lang='grc' dir='ltr'>τοῖς</span> <span class='ocrx_word' id='word_1_282' title='bbox 1014 2962 1287 3032; x_wconf 76' lang='grc' dir='ltr'>μαθηταῖς</span> <span class='ocrx_word' id='word_1_283' title='bbox 1340 2958 1486 3035; x_wconf 78' lang='grc' dir='ltr'>δείξῃ</span> <span class='ocrx_word' id='word_1_284' title='bbox 1536 2961 1600 3015; x_wconf 89' lang='grc' dir='ltr'>τὸ</span> <span class='ocrx_word' id='word_1_285' title='bbox 1652 2962 1813 3034; x_wconf 85' lang='grc' dir='ltr'>μέσον</span> <span class='ocrx_word' id='word_1_286' title='bbox 1871 2966 1979 3015; x_wconf 81' lang='grc' dir='ltr'>τῶν</span> 
     </span>
    </p>
   </div>
   <div class='ocr_carea' id='block_1_47' title="bbox 327 3046 1977 3127">
    <p class='ocr_par' dir='ltr' id='par_1_47' title="bbox 327 3046 1977 3127">
     <span class='ocr_line' id='line_1_47' title="bbox 327 3046 1977 3127; baseline 0.001 -24"><span class='ocrx_word' id='word_1_287' title='bbox 327 3046 549 3103; x_wconf 73' lang='grc' dir='ltr'>δούλων</span> <span class='ocrx_word' id='word_1_288' title='bbox 581 3049 669 3103; x_wconf 83' lang='grc' dir='ltr'>καὶ</span> <span class='ocrx_word' id='word_1_289' title='bbox 698 3052 795 3104; x_wconf 78' lang='grc' dir='ltr'>τοῦ</span> <span class='ocrx_word' id='word_1_290' title='bbox 830 3050 1126 3118; x_wconf 89' lang='grc' dir='ltr'>Δεσπότου,</span> <span class='ocrx_word' id='word_1_291' title='bbox 1158 3050 1249 3105; x_wconf 87' lang='grc' dir='ltr'>καὶ</span> <span class='ocrx_word' id='word_1_292' title='bbox 1307 3051 1715 3127; x_wconf 79' lang='grc' dir='ltr'>πληροφορήσῃ</span> <span class='ocrx_word' id='word_1_293' title='bbox 1765 3050 1977 3121; x_wconf 81' lang='grc' dir='ltr'>αὐτοὺς,</span> 
     </span>
    </p>
   </div>
   <div class='ocr_carea' id='block_1_48' title="bbox 325 3137 1566 3215">
    <p class='ocr_par' dir='ltr' id='par_1_48' title="bbox 325 3137 1566 3215">
     <span class='ocr_line' id='line_1_48' title="bbox 325 3137 1566 3215; baseline 0.002 -23"><span class='ocrx_word' id='word_1_294' title='bbox 325 3138 410 3192; x_wconf 77' lang='grc' dir='ltr'>ὅτι</span> <span class='ocrx_word' id='word_1_295' title='bbox 441 3138 535 3192; x_wconf 86' lang='grc' dir='ltr'>καὶ</span> <span class='ocrx_word' id='word_1_296' title='bbox 568 3140 817 3209; x_wconf 82' lang='grc' dir='ltr'>θανάτου,</span> <span class='ocrx_word' id='word_1_297' title='bbox 851 3140 942 3193; x_wconf 87' lang='grc' dir='ltr'>καὶ</span> <span class='ocrx_word' id='word_1_298' title='bbox 978 3145 1123 3209; x_wconf 82' lang='grc' dir='ltr'>ζωῆς</span> <span class='ocrx_word' id='word_1_299' title='bbox 1156 3137 1396 3213; x_wconf 77' lang='grc' dir='ltr'>ἐξουσίαν</span> <span class='ocrx_word' id='word_1_300' title='bbox 1428 3138 1566 3215; x_wconf 76' lang='grc' dir='ltr'>ἔχει.</span> 
     </span>
    </p>
   </div>
   <div class='ocr_carea' id='block_1_49' title="bbox 882 3248 1423 3304">
    <p class='ocr_par' dir='ltr' id='par_1_49' title="bbox 882 3248 1423 3304">
     <span class='ocr_line' id='line_1_49' title="bbox 882 3248 1423 3304; baseline 0.002 -1"><span class='ocrx_word' id='word_1_301' title='bbox 882 3248 1062 3303; x_wconf 81' lang='lat' dir='ltr'><strong>MHNI</strong></span> <span class='ocrx_word' id='word_1_302' title='bbox 1102 3252 1184 3301; x_wconf 89' lang='grc' dir='ltr'>ΤΩ</span> <span class='ocrx_word' id='word_1_303' title='bbox 1226 3251 1423 3304; x_wconf 80' lang='grc' dir='ltr'>ΔΥΤΩ.</span> 
     </span>
    </p>
   </div>
   <div class='ocr_carea' id='block_1_50' title="bbox 1175 3338 1188 3357">
    <p class='ocr_par' dir='ltr' id='par_1_50' title="bbox 1175 3338 1188 3357">
     <span class='ocr_line' id='line_1_50' title="bbox 1175 3338 1188 3357; baseline 0 -2"><span class='ocrx_word' id='word_1_304' title='bbox 1175 3338 1188 3357; x_wconf 65' lang='grc' dir='ltr'>ε</span> 
     </span>
    </p>
   </div>
   <div class='ocr_carea' id='block_1_51' title="bbox 1136 3344 1170 3392">
    <p class='ocr_par' dir='ltr' id='par_1_51' title="bbox 1136 3344 1170 3392">
     <span class='ocr_line' id='line_1_51' title="bbox 1136 3344 1170 3392; baseline 0 0"><span class='ocrx_word' id='word_1_305' title='bbox 1136 3344 1170 3392; x_wconf 90' lang='grc' dir='ltr'>Ζ</span> 
     </span>
    </p>
   </div>
   <div class='ocr_carea' id='block_1_52' title="bbox 540 3426 1746 3504">
    <p class='ocr_par' dir='ltr' id='par_1_52' title="bbox 540 3426 1746 3504">
     <span class='ocr_line' id='line_1_52' title="bbox 540 3426 1746 3504; baseline -0.002 -18"><span class='ocrx_word' id='word_1_306' title='bbox 540 3426 812 3498; x_wconf 65' lang='grc' dir='ltr'>’Ἀθλησις</span> <span class='ocrx_word' id='word_1_307' title='bbox 840 3432 936 3482; x_wconf 85' lang='grc' dir='ltr'>τοῦ</span> <span class='ocrx_word' id='word_1_308' title='bbox 967 3427 1118 3502; x_wconf 80' lang='grc' dir='ltr'>ἁγίου</span> <span class='ocrx_word' id='word_1_309' title='bbox 1154 3428 1432 3504; x_wconf 82' lang='grc' dir='ltr'>μάρτυρος</span> <span class='ocrx_word' id='word_1_310' title='bbox 1461 3430 1746 3501; x_wconf 89' lang='grc' dir='ltr'>Δομετίου.</span> 
     </span>
    </p>
   </div>
   <div class='ocr_carea' id='block_1_53' title="bbox 397 3546 1981 3624">
    <p class='ocr_par' dir='ltr' id='par_1_53' title="bbox 397 3546 1981 3624">
     <span class='ocr_line' id='line_1_53' title="bbox 397 3546 1981 3624; baseline 0.001 -23"><span class='ocrx_word' id='word_1_311' title='bbox 397 3546 664 3619; x_wconf 82' lang='grc' dir='ltr'>Δομέτιος</span> <span class='ocrx_word' id='word_1_312' title='bbox 694 3547 723 3600; x_wconf 92' lang='lat'>6</span> <span class='ocrx_word' id='word_1_313' title='bbox 752 3550 849 3600; x_wconf 77' lang='grc' dir='ltr'>τοῦ</span> <span class='ocrx_word' id='word_1_314' title='bbox 879 3548 1114 3621; x_wconf 79' lang='grc' dir='ltr'>Χριστοῦ</span> <span class='ocrx_word' id='word_1_315' title='bbox 1147 3549 1354 3620; x_wconf 85' lang='grc' dir='ltr'>μάρτυς</span> <span class='ocrx_word' id='word_1_316' title='bbox 1386 3546 1452 3616; x_wconf 80' lang='grc' dir='ltr'>ἦν</span> <span class='ocrx_word' id='word_1_317' title='bbox 1497 3547 1590 3619; x_wconf 76' lang='grc' dir='ltr'>μὲν</span> <span class='ocrx_word' id='word_1_318' title='bbox 1644 3547 1731 3602; x_wconf 77' lang='grc' dir='ltr'>ἐπὶ</span> <span class='ocrx_word' id='word_1_319' title='bbox 1784 3568 1981 3624; x_wconf 87' lang='grc' dir='ltr'>τυραν-</span> 
     </span>
    </p>
   </div>
   <div class='ocr_carea' id='block_1_54' title="bbox 320 3631 1979 3713">
    <p class='ocr_par' dir='ltr' id='par_1_54' title="bbox 320 3631 1979 3713">
     <span class='ocr_line' id='line_1_54' title="bbox 320 3631 1979 3713; baseline 0.002 -25"><span class='ocrx_word' id='word_1_320' title='bbox 320 3632 474 3698; x_wconf 79' lang='grc' dir='ltr'>νίδος</span> <span class='ocrx_word' id='word_1_321' title='bbox 507 3635 815 3690; x_wconf 78' lang='grc' dir='ltr'>Ἰουλιανοῦ</span> <span class='ocrx_word' id='word_1_322' title='bbox 844 3639 941 3690; x_wconf 76' lang='grc' dir='ltr'>τοῦ</span> <span class='ocrx_word' id='word_1_323' title='bbox 998 3631 1315 3712; x_wconf 71' lang='grc' dir='ltr'>παραϐάτου</span> <span class='ocrx_word' id='word_1_324' title='bbox 1345 3636 1403 3691; x_wconf 83' lang='grc' dir='ltr'>ἐκ</span> <span class='ocrx_word' id='word_1_325' title='bbox 1429 3641 1529 3703; x_wconf 78' lang='grc' dir='ltr'>τῆς</span> <span class='ocrx_word' id='word_1_326' title='bbox 1574 3639 1761 3713; x_wconf 78' lang='grc' dir='ltr'>γώρας</span> <span class='ocrx_word' id='word_1_327' title='bbox 1823 3645 1979 3712; x_wconf 79' lang='grc' dir='ltr'>Φρυ-</span> 
     </span>
    </p>
   </div>
   <div class='ocr_carea' id='block_1_55' title="bbox 318 3722 1984 3803">
    <p class='ocr_par' dir='ltr' id='par_1_55' title="bbox 318 3722 1984 3803">
     <span class='ocr_line' id='line_1_55' title="bbox 318 3722 1984 3803; baseline 0.002 -25"><span class='ocrx_word' id='word_1_328' title='bbox 318 3726 473 3798; x_wconf 83' lang='grc' dir='ltr'>γίας.</span> <span class='ocrx_word' id='word_1_329' title='bbox 506 3726 680 3794; x_wconf 73' lang='grc' dir='ltr'>Ὁρῶν</span> <span class='ocrx_word' id='word_1_330' title='bbox 715 3723 773 3779; x_wconf 81' lang='grc' dir='ltr'>δὶ</span> <span class='ocrx_word' id='word_1_331' title='bbox 800 3724 929 3789; x_wconf 77' lang='grc' dir='ltr'>τοὺς</span> <span class='ocrx_word' id='word_1_332' title='bbox 975 3722 1368 3801; x_wconf 68' lang='grc' dir='ltr'>προκειμένους</span> <span class='ocrx_word' id='word_1_333' title='bbox 1421 3731 1499 3799; x_wconf 76' lang='grc' dir='ltr'>τῷ</span> <span class='ocrx_word' id='word_1_334' title='bbox 1539 3728 1786 3803; x_wconf 84' lang='grc' dir='ltr'>τυράννῳ</span> <span class='ocrx_word' id='word_1_335' title='bbox 1835 3725 1984 3782; x_wconf 81' lang='grc' dir='ltr'>πολ-</span> 
     </span>
    </p>
   </div>
   <div class='ocr_carea' id='block_1_56' title="bbox 320 3810 1976 3888">
    <p class='ocr_par' dir='ltr' id='par_1_56' title="bbox 320 3810 1976 3888">
     <span class='ocr_line' id='line_1_56' title="bbox 320 3810 1976 3888; baseline 0 -18"><span class='ocrx_word' id='word_1_336' title='bbox 320 3815 459 3878; x_wconf 70' lang='grc' dir='ltr'>λοὺς</span> <span class='ocrx_word' id='word_1_337' title='bbox 498 3810 681 3882; x_wconf 74' lang='grc' dir='ltr'>ὄντας,</span> <span class='ocrx_word' id='word_1_338' title='bbox 735 3814 825 3869; x_wconf 86' lang='grc' dir='ltr'>καὶ</span> <span class='ocrx_word' id='word_1_339' title='bbox 886 3816 1005 3869; x_wconf 79' lang='grc' dir='ltr'>καθ’</span> <span class='ocrx_word' id='word_1_340' title='bbox 1067 3816 1295 3886; x_wconf 72' lang='grc' dir='ltr'>ἑκάστην</span> <span class='ocrx_word' id='word_1_341' title='bbox 1357 3814 1835 3888; x_wconf 71' lang='grc' dir='ltr'>προστιθεμένους,</span> <span class='ocrx_word' id='word_1_342' title='bbox 1890 3818 1976 3871; x_wconf 80' lang='grc' dir='ltr'>καὶ</span> 
     </span>
    </p>
   </div>
   <div class='ocr_carea' id='block_1_57' title="bbox 318 3904 1981 3981">
    <p class='ocr_par' dir='ltr' id='par_1_57' title="bbox 318 3904 1981 3981">
     <span class='ocr_line' id='line_1_57' title="bbox 318 3904 1981 3981; baseline 0.001 -23"><span class='ocrx_word' id='word_1_343' title='bbox 318 3906 694 3978; x_wconf 71' lang='grc' dir='ltr'>ἀρνουμένους</span> <span class='ocrx_word' id='word_1_344' title='bbox 748 3905 841 3976; x_wconf 75' lang='grc' dir='ltr'>μὲν</span> <span class='ocrx_word' id='word_1_345' title='bbox 899 3906 989 3959; x_wconf 87' lang='grc' dir='ltr'>τὸν</span> <span class='ocrx_word' id='word_1_346' title='bbox 1071 3906 1324 3981; x_wconf 81' lang='grc' dir='ltr'>Χριστὸν,</span> <span class='ocrx_word' id='word_1_347' title='bbox 1407 3910 1841 3980; x_wconf 78' lang='grc' dir='ltr'>προσκυνοῦντας</span> <span class='ocrx_word' id='word_1_348' title='bbox 1923 3904 1981 3960; x_wconf 74' lang='grc' dir='ltr'>δὲ</span> 
     </span>
    </p>
   </div>
   <div class='ocr_carea' id='block_1_58' title="bbox 314 3991 1977 4071">
    <p class='ocr_par' dir='ltr' id='par_1_58' title="bbox 314 3991 1977 4071">
     <span class='ocr_line' id='line_1_58' title="bbox 314 3991 1977 4071; baseline 0.002 -24"><span class='ocrx_word' id='word_1_349' title='bbox 314 4000 439 4055; x_wconf 79' lang='grc' dir='ltr'>τοῖς</span> <span class='ocrx_word' id='word_1_350' title='bbox 474 3991 752 4061; x_wconf 84' lang='grc' dir='ltr'>εἰδώλοις,</span> <span class='ocrx_word' id='word_1_351' title='bbox 796 3993 1103 4069; x_wconf 76' lang='grc' dir='ltr'>ἐδυσφόρει,</span> <span class='ocrx_word' id='word_1_352' title='bbox 1162 3995 1252 4047; x_wconf 83' lang='grc' dir='ltr'>καὶ</span> <span class='ocrx_word' id='word_1_353' title='bbox 1310 3996 1623 4070; x_wconf 71' lang='grc' dir='ltr'>ἠγανάκτει,</span> <span class='ocrx_word' id='word_1_354' title='bbox 1683 3997 1770 4050; x_wconf 83' lang='grc' dir='ltr'>καὶ</span> <span class='ocrx_word' id='word_1_355' title='bbox 1830 3996 1977 4071; x_wconf 76' lang='grc' dir='ltr'>λύπη</span> 
     </span>
    </p>
   </div>
   <div class='ocr_carea' id='block_1_59' title="bbox 316 4081 1981 4161">
    <p class='ocr_par' dir='ltr' id='par_1_59' title="bbox 316 4081 1981 4161">
     <span class='ocr_line' id='line_1_59' title="bbox 316 4081 1981 4161; baseline 0.002 -24"><span class='ocrx_word' id='word_1_356' title='bbox 316 4082 511 4156; x_wconf 85' lang='grc' dir='ltr'>πολλῇ</span> <span class='ocrx_word' id='word_1_357' title='bbox 546 4084 850 4155; x_wconf 75' lang='grc' dir='ltr'>συνείχετο.</span> <span class='ocrx_word' id='word_1_358' title='bbox 888 4084 973 4138; x_wconf 85' lang='grc' dir='ltr'>Ἐν</span> <span class='ocrx_word' id='word_1_359' title='bbox 1006 4087 1103 4155; x_wconf 78' lang='grc' dir='ltr'>μιᾷ</span> <span class='ocrx_word' id='word_1_360' title='bbox 1136 4081 1225 4136; x_wconf 76' lang='grc' dir='ltr'>οὖν</span> <span class='ocrx_word' id='word_1_361' title='bbox 1275 4089 1382 4138; x_wconf 80' lang='grc' dir='ltr'>τῶν</span> <span class='ocrx_word' id='word_1_362' title='bbox 1436 4086 1658 4157; x_wconf 74' lang='grc' dir='ltr'>ἡμερῶν</span> <span class='ocrx_word' id='word_1_363' title='bbox 1712 4083 1981 4161; x_wconf 77' lang='grc' dir='ltr'>ίπποδρο-</span> 
     </span>
    </p>
   </div>
   <div class='ocr_carea' id='block_1_60' title="bbox 317 4169 1976 4252">
    <p class='ocr_par' dir='ltr' id='par_1_60' title="bbox 317 4169 1976 4252">
     <span class='ocr_line' id='line_1_60' title="bbox 317 4169 1976 4252; baseline 0.002 -27"><span class='ocrx_word' id='word_1_364' title='bbox 317 4172 452 4246; x_wconf 83' lang='grc' dir='ltr'>μίας</span> <span class='ocrx_word' id='word_1_365' title='bbox 487 4169 940 4244; x_wconf 78' lang='grc' dir='ltr'>ἐπιτελουμένης,</span> <span class='ocrx_word' id='word_1_366' title='bbox 1001 4172 1091 4226; x_wconf 82' lang='grc' dir='ltr'>καὶ</span> <span class='ocrx_word' id='word_1_367' title='bbox 1139 4173 1324 4235; x_wconf 79' lang='grc' dir='ltr'>θυσίας</span> <span class='ocrx_word' id='word_1_368' title='bbox 1374 4174 1824 4252; x_wconf 72' lang='grc' dir='ltr'>προσφερομένης</span> <span class='ocrx_word' id='word_1_369' title='bbox 1860 4181 1976 4238; x_wconf 84' lang='grc' dir='ltr'>τοῖς</span> 
     </span>
    </p>
   </div>
   <div class='ocr_carea' id='block_1_61' title="bbox 312 4258 1978 4337">
    <p class='ocr_par' dir='ltr' id='par_1_61' title="bbox 312 4258 1978 4337">
     <span class='ocr_line' id='line_1_61' title="bbox 312 4258 1978 4337; baseline 0.002 -22"><span class='ocrx_word' id='word_1_370' title='bbox 312 4262 650 4337; x_wconf 73' lang='grc' dir='ltr'>ἀκαθάρτοις</span> <span class='ocrx_word' id='word_1_371' title='bbox 682 4258 961 4335; x_wconf 73' lang='grc' dir='ltr'>δαίμοσιν,</span> <span class='ocrx_word' id='word_1_372' title='bbox 1013 4261 1120 4337; x_wconf 70' lang='grc' dir='ltr'>οὐχ</span> <span class='ocrx_word' id='word_1_373' title='bbox 1174 4263 1479 4335; x_wconf 71' lang='grc' dir='ltr'>ὑπέμεινεν·</span> <span class='ocrx_word' id='word_1_374' title='bbox 1537 4262 1683 4318; x_wconf 86' lang='grc' dir='ltr'>ἀλλὰ</span> <span class='ocrx_word' id='word_1_375' title='bbox 1728 4263 1978 4334; x_wconf 80' lang='grc' dir='ltr'>ζηλώσας</span> 
     </span>
    </p>
   </div>
   <div class='ocr_carea' id='block_1_62' title="bbox 316 4347 1977 4428">
    <p class='ocr_par' dir='ltr' id='par_1_62' title="bbox 316 4347 1977 4428">
     <span class='ocr_line' id='line_1_62' title="bbox 316 4347 1977 4428; baseline 0.003 -25"><span class='ocrx_word' id='word_1_376' title='bbox 316 4350 479 4423; x_wconf 53' lang='grc' dir='ltr'>ζήλῳ</span> <span class='ocrx_word' id='word_1_377' title='bbox 511 4354 697 4422; x_wconf 84' lang='grc' dir='ltr'>θεῖκῷ,</span> <span class='ocrx_word' id='word_1_378' title='bbox 748 4347 876 4421; x_wconf 80' lang='grc' dir='ltr'>ἔστη</span> <span class='ocrx_word' id='word_1_379' title='bbox 938 4352 1101 4423; x_wconf 85' lang='grc' dir='ltr'>μέσον</span> <span class='ocrx_word' id='word_1_380' title='bbox 1162 4355 1258 4406; x_wconf 78' lang='grc' dir='ltr'>τοῦ</span> <span class='ocrx_word' id='word_1_381' title='bbox 1315 4354 1563 4427; x_wconf 81' lang='grc' dir='ltr'>θεάτρου,</span> <span class='ocrx_word' id='word_1_382' title='bbox 1621 4353 1710 4408; x_wconf 83' lang='lat' dir='ltr'>xui</span> <span class='ocrx_word' id='word_1_383' title='bbox 1769 4354 1977 4428; x_wconf 77' lang='grc' dir='ltr'>μεγάλῃ</span> 
     </span>
    </p>
   </div>
   <div class='ocr_carea' id='block_1_63' title="bbox 311 4442 1975 4518">
    <p class='ocr_par' dir='ltr' id='par_1_63' title="bbox 311 4442 1975 4518">
     <span class='ocr_line' id='line_1_63' title="bbox 311 4442 1975 4518; baseline 0.002 -24"><span class='ocrx_word' id='word_1_384' title='bbox 311 4445 476 4518; x_wconf 69' lang='grc' dir='ltr'>φωνῇ</span> <span class='ocrx_word' id='word_1_385' title='bbox 509 4442 604 4495; x_wconf 82' lang='grc' dir='ltr'>τόν</span> <span class='ocrx_word' id='word_1_386' title='bbox 635 4462 693 4495; x_wconf 89' lang='grc' dir='ltr'>τε</span> <span class='ocrx_word' id='word_1_387' title='bbox 733 4443 1040 4512; x_wconf 78' lang='grc' dir='ltr'>ἀποστάτην</span> <span class='ocrx_word' id='word_1_388' title='bbox 1104 4442 1400 4499; x_wconf 88' lang='grc' dir='ltr'>Ἰουλιανὸν</span> <span class='ocrx_word' id='word_1_389' title='bbox 1458 4445 1828 4518; x_wconf 81' lang='grc' dir='ltr'>ἀνεθεμάτισε,</span> <span class='ocrx_word' id='word_1_390' title='bbox 1886 4447 1975 4499; x_wconf 85' lang='lat' dir='ltr'>xui</span> 
     </span>
    </p>
   </div>
   <div class='ocr_carea' id='block_1_64' title="bbox 2108 1902 3747 1975">
    <p class='ocr_par' dir='ltr' id='par_1_64' title="bbox 2108 1902 3747 1975">
     <span class='ocr_line' id='line_1_64' title="bbox 2108 1902 3747 1975; baseline 0.001 -19"><span class='ocrx_word' id='word_1_391' title='bbox 2108 1902 2695 1971; x_wconf 76' lang='lat' dir='ltr'>afﬁrmasset,volens</span> <span class='ocrx_word' id='word_1_392' title='bbox 2728 1904 2799 1958; x_wconf 91' lang='lat' dir='ltr'>iis</span> <span class='ocrx_word' id='word_1_393' title='bbox 2830 1903 3261 1969; x_wconf 89' lang='lat' dir='ltr'>demonstrare,</span> <span class='ocrx_word' id='word_1_394' title='bbox 3296 1921 3573 1975; x_wconf 58' lang='lat' dir='ltr'>quaenam</span> <span class='ocrx_word' id='word_1_395' title='bbox 3591 1910 3747 1958; x_wconf 87' lang='lat' dir='ltr'>esset</span> 
     </span>
    </p>
   </div>
   <div class='ocr_carea' id='block_1_65' title="bbox 2105 1991 3746 2064">
    <p class='ocr_par' dir='ltr' id='par_1_65' title="bbox 2105 1991 3746 2064">
     <span class='ocr_line' id='line_1_65' title="bbox 2105 1991 3746 2064; baseline 0.001 -19"><span class='ocrx_word' id='word_1_396' title='bbox 2105 1991 2207 2046; x_wconf 89' lang='lat' dir='ltr'>illa</span> <span class='ocrx_word' id='word_1_397' title='bbox 2228 1992 2433 2064; x_wconf 79' lang='lat' dir='ltr'>gloria,</span> <span class='ocrx_word' id='word_1_398' title='bbox 2458 2009 2590 2047; x_wconf 91' lang='lat' dir='ltr'>cum</span> <span class='ocrx_word' id='word_1_399' title='bbox 2625 2009 2741 2063; x_wconf 89' lang='lat' dir='ltr'>qua</span> <span class='ocrx_word' id='word_1_400' title='bbox 2770 2000 3050 2048; x_wconf 89' lang='lat' dir='ltr'>venturus</span> <span class='ocrx_word' id='word_1_401' title='bbox 3088 1999 3232 2059; x_wconf 90' lang='lat' dir='ltr'>erat,</span> <span class='ocrx_word' id='word_1_402' title='bbox 3293 1995 3615 2064; x_wconf 85' lang='lat' dir='ltr'>assumpsit</span> <span class='ocrx_word' id='word_1_403' title='bbox 3645 2010 3746 2047; x_wconf 86' lang='lat' dir='ltr'>eos</span> 
     </span>
    </p>
   </div>
   <div class='ocr_carea' id='block_1_66' title="bbox 2104 2081 3748 2155">
    <p class='ocr_par' dir='ltr' id='par_1_66' title="bbox 2104 2081 3748 2155">
     <span class='ocr_line' id='line_1_66' title="bbox 2104 2081 3748 2155; baseline 0.002 -21"><span class='ocrx_word' id='word_1_404' title='bbox 2104 2081 2161 2135; x_wconf 88' lang='lat' dir='ltr'>in</span> <span class='ocrx_word' id='word_1_405' title='bbox 2196 2088 2460 2137; x_wconf 89' lang='lat' dir='ltr'>montem</span> <span class='ocrx_word' id='word_1_406' title='bbox 2492 2081 2788 2137; x_wconf 85' lang='lat' dir='ltr'>excelsum</span> <span class='ocrx_word' id='word_1_407' title='bbox 2807 2088 3163 2148; x_wconf 89' lang='lat' dir='ltr'>seorsum,et</span> <span class='ocrx_word' id='word_1_408' title='bbox 3184 2082 3635 2155; x_wconf 81' lang='lat' dir='ltr'>transfiguratus</span> <span class='ocrx_word' id='word_1_409' title='bbox 3658 2087 3748 2137; x_wconf 86' lang='lat' dir='ltr'>est</span> 
     </span>
    </p>
   </div>
   <div class='ocr_carea' id='block_1_67' title="bbox 2102 2170 3743 2243">
    <p class='ocr_par' dir='ltr' id='par_1_67' title="bbox 2102 2170 3743 2243">
     <span class='ocr_line' id='line_1_67' title="bbox 2102 2170 3743 2243; baseline 0.001 -19"><span class='ocrx_word' id='word_1_410' title='bbox 2102 2186 2300 2225; x_wconf 90' lang='lat' dir='ltr'>coram</span> <span class='ocrx_word' id='word_1_411' title='bbox 2335 2172 2456 2226; x_wconf 88' lang='lat' dir='ltr'>eis:</span> <span class='ocrx_word' id='word_1_412' title='bbox 2492 2177 2549 2225; x_wconf 89' lang='lat' dir='ltr'>et</span> <span class='ocrx_word' id='word_1_413' title='bbox 2580 2171 2952 2241; x_wconf 90' lang='lat' dir='ltr'>resplenduit</span> <span class='ocrx_word' id='word_1_414' title='bbox 3002 2171 3183 2227; x_wconf 78' lang='lat' dir='ltr'>facies</span> <span class='ocrx_word' id='word_1_415' title='bbox 3243 2173 3372 2243; x_wconf 84' lang='lat' dir='ltr'>ejus</span> <span class='ocrx_word' id='word_1_416' title='bbox 3423 2172 3575 2226; x_wconf 90' lang='lat' dir='ltr'>sicut</span> <span class='ocrx_word' id='word_1_417' title='bbox 3633 2170 3743 2239; x_wconf 90' lang='lat' dir='ltr'>sol,</span> 
     </span>
    </p>
   </div>
   <div class='ocr_carea' id='block_1_68' title="bbox 2099 2260 3741 2332">
    <p class='ocr_par' dir='ltr' id='par_1_68' title="bbox 2099 2260 3741 2332">
     <span class='ocr_line' id='line_1_68' title="bbox 2099 2260 3741 2332; baseline 0.001 -19"><span class='ocrx_word' id='word_1_418' title='bbox 2099 2260 2449 2315; x_wconf 86' lang='lat' dir='ltr'>vestimenta</span> <span class='ocrx_word' id='word_1_419' title='bbox 2470 2266 2665 2315; x_wconf 86' lang='lat' dir='ltr'>autem</span> <span class='ocrx_word' id='word_1_420' title='bbox 2691 2261 2819 2331; x_wconf 87' lang='lat' dir='ltr'>ejus</span> <span class='ocrx_word' id='word_1_421' title='bbox 2847 2261 3002 2316; x_wconf 87' lang='lat' dir='ltr'>facta</span> <span class='ocrx_word' id='word_1_422' title='bbox 3023 2266 3161 2316; x_wconf 91' lang='lat' dir='ltr'>sunt</span> <span class='ocrx_word' id='word_1_423' title='bbox 3192 2261 3503 2332; x_wconf 88' lang='lat' dir='ltr'>splendida</span> <span class='ocrx_word' id='word_1_424' title='bbox 3535 2265 3599 2315; x_wconf 91' lang='lat' dir='ltr'>ut</span> <span class='ocrx_word' id='word_1_425' title='bbox 3619 2261 3741 2315; x_wconf 83' lang='lat' dir='ltr'>lux.</span> 
     </span>
    </p>
   </div>
   <div class='ocr_carea' id='block_1_69' title="bbox 2099 2349 3740 2421">
    <p class='ocr_par' dir='ltr' id='par_1_69' title="bbox 2099 2349 3740 2421">
     <span class='ocr_line' id='line_1_69' title="bbox 2099 2349 3740 2421; baseline 0.001 -19"><span class='ocrx_word' id='word_1_426' title='bbox 2099 2351 2166 2403; x_wconf 90' lang='lat' dir='ltr'>Et</span> <span class='ocrx_word' id='word_1_427' title='bbox 2195 2354 2599 2421; x_wconf 88' lang='lat' dir='ltr'>apparuerunt</span> <span class='ocrx_word' id='word_1_428' title='bbox 2631 2349 2749 2404; x_wconf 91' lang='lat' dir='ltr'>illis</span> <span class='ocrx_word' id='word_1_429' title='bbox 2782 2351 3006 2421; x_wconf 82' lang='lat' dir='ltr'>Moyses</span> <span class='ocrx_word' id='word_1_430' title='bbox 3065 2357 3123 2405; x_wconf 91' lang='lat' dir='ltr'>et</span> <span class='ocrx_word' id='word_1_431' title='bbox 3173 2351 3350 2417; x_wconf 88' lang='lat' dir='ltr'>Elias,</span> <span class='ocrx_word' id='word_1_432' title='bbox 3384 2368 3517 2406; x_wconf 90' lang='lat' dir='ltr'>cum</span> <span class='ocrx_word' id='word_1_433' title='bbox 3550 2368 3620 2406; x_wconf 91' lang='lat' dir='ltr'>eo</span> <span class='ocrx_word' id='word_1_434' title='bbox 3649 2350 3740 2404; x_wconf 86' lang='lat' dir='ltr'>lo-</span> 
     </span>
    </p>
   </div>
   <div class='ocr_carea' id='block_1_70' title="bbox 2097 2441 3739 2511">
    <p class='ocr_par' dir='ltr' id='par_1_70' title="bbox 2097 2441 3739 2511">
     <span class='ocr_line' id='line_1_70' title="bbox 2097 2441 3739 2511; baseline -0.001 -18"><span class='ocrx_word' id='word_1_435' title='bbox 2097 2446 2367 2509; x_wconf 91' lang='lat' dir='ltr'>quentes.</span> <span class='ocrx_word' id='word_1_436' title='bbox 2393 2441 2532 2494; x_wconf 88' lang='lat' dir='ltr'>Tres</span> <span class='ocrx_word' id='word_1_437' title='bbox 2576 2446 2773 2494; x_wconf 88' lang='lat' dir='ltr'>autem</span> <span class='ocrx_word' id='word_1_438' title='bbox 2834 2446 3062 2495; x_wconf 90' lang='lat' dir='ltr'>tantum</span> <span class='ocrx_word' id='word_1_439' title='bbox 3113 2458 3183 2496; x_wconf 84' lang='lat' dir='ltr'>ex</span> <span class='ocrx_word' id='word_1_440' title='bbox 3224 2441 3344 2495; x_wconf 89' lang='lat' dir='ltr'>illis</span> <span class='ocrx_word' id='word_1_441' title='bbox 3397 2441 3739 2511; x_wconf 86' lang='lat' dir='ltr'>assumpsit,</span> 
     </span>
    </p>
   </div>
   <div class='ocr_carea' id='block_1_71' title="bbox 2095 2528 3741 2601">
    <p class='ocr_par' dir='ltr' id='par_1_71' title="bbox 2095 2528 3741 2601">
     <span class='ocr_line' id='line_1_71' title="bbox 2095 2528 3741 2601; baseline 0.001 -19"><span class='ocrx_word' id='word_1_442' title='bbox 2095 2533 2379 2599; x_wconf 86' lang='lat' dir='ltr'>tanquam</span> <span class='ocrx_word' id='word_1_443' title='bbox 2414 2528 2883 2584; x_wconf 85' lang='lat' dir='ltr'>excellentiores.</span> <span class='ocrx_word' id='word_1_444' title='bbox 2919 2531 3175 2601; x_wconf 84' lang='lat' dir='ltr'>Moysem</span> <span class='ocrx_word' id='word_1_445' title='bbox 3204 2547 3340 2585; x_wconf 83' lang='lat' dir='ltr'>vero</span> <span class='ocrx_word' id='word_1_446' title='bbox 3374 2537 3432 2585; x_wconf 91' lang='lat' dir='ltr'>et</span> <span class='ocrx_word' id='word_1_447' title='bbox 3461 2531 3647 2585; x_wconf 88' lang='lat' dir='ltr'>Eliam</span> <span class='ocrx_word' id='word_1_448' title='bbox 3680 2530 3741 2583; x_wconf 87' lang='lat' dir='ltr'>in</span> 
     </span>
    </p>
   </div>
   <div class='ocr_carea' id='block_1_72' title="bbox 2095 2618 3741 2690">
    <p class='ocr_par' dir='ltr' id='par_1_72' title="bbox 2095 2618 3741 2690">
     <span class='ocr_line' id='line_1_72' title="bbox 2095 2618 3741 2690; baseline 0 -18"><span class='ocrx_word' id='word_1_449' title='bbox 2095 2619 2358 2674; x_wconf 91' lang='lat' dir='ltr'>medium</span> <span class='ocrx_word' id='word_1_450' title='bbox 2388 2618 2684 2689; x_wconf 79' lang='lat' dir='ltr'>produxit,</span> <span class='ocrx_word' id='word_1_451' title='bbox 2718 2624 2782 2673; x_wconf 92' lang='lat' dir='ltr'>ut</span> <span class='ocrx_word' id='word_1_452' title='bbox 2812 2620 3009 2674; x_wconf 91' lang='lat' dir='ltr'>minus</span> <span class='ocrx_word' id='word_1_453' title='bbox 3031 2628 3222 2675; x_wconf 90' lang='lat' dir='ltr'>rectas</span> <span class='ocrx_word' id='word_1_454' title='bbox 3252 2620 3741 2690; x_wconf 85' lang='lat' dir='ltr'>opiniones,quas</span> 
     </span>
    </p>
   </div>
   <div class='ocr_carea' id='block_1_73' title="bbox 2096 2707 3735 2781">
    <p class='ocr_par' dir='ltr' id='par_1_73' title="bbox 2096 2707 3735 2781">
     <span class='ocr_line' id='line_1_73' title="bbox 2096 2707 3735 2781; baseline 0.001 -19"><span class='ocrx_word' id='word_1_455' title='bbox 2096 2707 2267 2762; x_wconf 88' lang='lat' dir='ltr'>multi</span> <span class='ocrx_word' id='word_1_456' title='bbox 2300 2708 2371 2762; x_wconf 91' lang='lat' dir='ltr'>de</span> <span class='ocrx_word' id='word_1_457' title='bbox 2417 2725 2478 2762; x_wconf 91' lang='lat' dir='ltr'>se</span> <span class='ocrx_word' id='word_1_458' title='bbox 2536 2707 2855 2775; x_wconf 85' lang='lat' dir='ltr'>habebant,</span> <span class='ocrx_word' id='word_1_459' title='bbox 2914 2710 3259 2781; x_wconf 83' lang='lat' dir='ltr'>corrigeret.</span> <span class='ocrx_word' id='word_1_460' title='bbox 3302 2711 3444 2764; x_wconf 79' lang='lat' dir='ltr'>Nam</span> <span class='ocrx_word' id='word_1_461' title='bbox 3494 2709 3735 2779; x_wconf 89' lang='lat' dir='ltr'>quidam</span> 
     </span>
    </p>
   </div>
   <div class='ocr_carea' id='block_1_74' title="bbox 2094 2797 3736 2869">
    <p class='ocr_par' dir='ltr' id='par_1_74' title="bbox 2094 2797 3736 2869">
     <span class='ocr_line' id='line_1_74' title="bbox 2094 2797 3736 2869; baseline 0.001 -19"><span class='ocrx_word' id='word_1_462' title='bbox 2094 2798 2287 2868; x_wconf 90' lang='lat' dir='ltr'>ipsum</span> <span class='ocrx_word' id='word_1_463' title='bbox 2320 2798 2507 2851; x_wconf 91' lang='lat' dir='ltr'>Eliam</span> <span class='ocrx_word' id='word_1_464' title='bbox 2568 2797 2866 2863; x_wconf 89' lang='lat' dir='ltr'>dicebant,</span> <span class='ocrx_word' id='word_1_465' title='bbox 2900 2798 2999 2853; x_wconf 90' lang='lat' dir='ltr'>alii</span> <span class='ocrx_word' id='word_1_466' title='bbox 3038 2800 3394 2854; x_wconf 83' lang='lat' dir='ltr'>Jeremiam:</span> <span class='ocrx_word' id='word_1_467' title='bbox 3428 2804 3604 2869; x_wconf 85' lang='lat' dir='ltr'>atque</span> <span class='ocrx_word' id='word_1_468' title='bbox 3638 2798 3736 2852; x_wconf 88' lang='lat' dir='ltr'>id-</span> 
     </span>
    </p>
   </div>
   <div class='ocr_carea' id='block_1_75' title="bbox 2092 2885 3737 2958">
    <p class='ocr_par' dir='ltr' id='par_1_75' title="bbox 2092 2885 3737 2958">
     <span class='ocr_line' id='line_1_75' title="bbox 2092 2885 3737 2958; baseline 0.001 -18"><span class='ocrx_word' id='word_1_469' title='bbox 2092 2886 2248 2940; x_wconf 91' lang='lat' dir='ltr'>circo</span> <span class='ocrx_word' id='word_1_470' title='bbox 2274 2885 2417 2941; x_wconf 90' lang='lat' dir='ltr'>istos</span> <span class='ocrx_word' id='word_1_471' title='bbox 2449 2885 2714 2953; x_wconf 85' lang='lat' dir='ltr'>adduxit,</span> <span class='ocrx_word' id='word_1_472' title='bbox 2745 2892 2810 2940; x_wconf 91' lang='lat' dir='ltr'>ut</span> <span class='ocrx_word' id='word_1_473' title='bbox 2858 2886 3166 2958; x_wconf 89' lang='lat' dir='ltr'>discipulis</span> <span class='ocrx_word' id='word_1_474' title='bbox 3222 2887 3583 2952; x_wconf 86' lang='lat' dir='ltr'>ostenderet,</span> <span class='ocrx_word' id='word_1_475' title='bbox 3618 2887 3737 2941; x_wconf 88' lang='lat' dir='ltr'>dis-</span> 
     </span>
    </p>
   </div>
   <div class='ocr_carea' id='block_1_76' title="bbox 2093 2975 3736 3047">
    <p class='ocr_par' dir='ltr' id='par_1_76' title="bbox 2093 2975 3736 3047">
     <span class='ocr_line' id='line_1_76' title="bbox 2093 2975 3736 3047; baseline 0.002 -19"><span class='ocrx_word' id='word_1_476' title='bbox 2093 2975 2320 3029; x_wconf 87' lang='lat' dir='ltr'>crimen</span> <span class='ocrx_word' id='word_1_477' title='bbox 2376 2991 2506 3030; x_wconf 90' lang='lat' dir='ltr'>esse</span> <span class='ocrx_word' id='word_1_478' title='bbox 2548 2975 2705 3029; x_wconf 90' lang='lat' dir='ltr'>inter</span> <span class='ocrx_word' id='word_1_479' title='bbox 2751 2991 2950 3031; x_wconf 87' lang='lat' dir='ltr'>servos</span> <span class='ocrx_word' id='word_1_480' title='bbox 3008 2982 3065 3030; x_wconf 90' lang='lat' dir='ltr'>et</span> <span class='ocrx_word' id='word_1_481' title='bbox 3118 2978 3432 3031; x_wconf 90' lang='lat' dir='ltr'>Dominum</span> <span class='ocrx_word' id='word_1_482' title='bbox 3477 2994 3490 3044; x_wconf 91' lang='lat'><strong>;</strong></span> <span class='ocrx_word' id='word_1_483' title='bbox 3534 2978 3736 3047; x_wconf 91' lang='lat' dir='ltr'>eisque</span> 
     </span>
    </p>
   </div>
   <div class='ocr_carea' id='block_1_77' title="bbox 2090 3063 3735 3137">
    <p class='ocr_par' dir='ltr' id='par_1_77' title="bbox 2090 3063 3735 3137">
     <span class='ocr_line' id='line_1_77' title="bbox 2090 3063 3735 3137; baseline 0.002 -20"><span class='ocrx_word' id='word_1_484' title='bbox 2090 3063 2492 3134; x_wconf 81' lang='lat' dir='ltr'>persuaderet,</span> <span class='ocrx_word' id='word_1_485' title='bbox 2553 3081 2615 3119; x_wconf 90' lang='lat' dir='ltr'>se</span> <span class='ocrx_word' id='word_1_486' title='bbox 2674 3065 2882 3119; x_wconf 89' lang='lat' dir='ltr'>mortis</span> <span class='ocrx_word' id='word_1_487' title='bbox 2932 3066 3183 3136; x_wconf 64' lang='lat' dir='ltr'>vitasque</span> <span class='ocrx_word' id='word_1_488' title='bbox 3232 3072 3587 3137; x_wconf 88' lang='lat' dir='ltr'>potestatem</span> <span class='ocrx_word' id='word_1_489' title='bbox 3631 3065 3735 3120; x_wconf 80' lang='lat' dir='ltr'>ha-</span> 
     </span>
    </p>
   </div>
   <div class='ocr_carea' id='block_1_78' title="bbox 2012 3152 2250 3228">
    <p class='ocr_par' dir='ltr' id='par_1_78' title="bbox 2012 3152 2250 3228">
     <span class='ocr_line' id='line_1_78' title="bbox 2012 3152 2250 3228; baseline 0.013 -22"><span class='ocrx_word' id='word_1_490' title='bbox 2012 3162 2062 3228; x_wconf 78' lang='lat' dir='ltr'>C</span> <span class='ocrx_word' id='word_1_491' title='bbox 2091 3152 2250 3209; x_wconf 88' lang='lat' dir='ltr'>bere.</span> 
     </span>
    </p>
   </div>
   <div class='ocr_carea' id='block_1_79' title="bbox 2648 3253 3176 3308">
    <p class='ocr_par' dir='ltr' id='par_1_79' title="bbox 2648 3253 3176 3308">
     <span class='ocr_line' id='line_1_79' title="bbox 2648 3253 3176 3308; baseline 0.002 -1"><span class='ocrx_word' id='word_1_492' title='bbox 2648 3253 2887 3308; x_wconf 81' lang='lat' dir='ltr'>EODEM</span> <span class='ocrx_word' id='word_1_493' title='bbox 2926 3253 3176 3308; x_wconf 82' lang='lat' dir='ltr'>MENSE.</span> 
     </span>
    </p>
   </div>
   <div class='ocr_carea' id='block_1_80' title="bbox 2723 3343 3115 3414">
    <p class='ocr_par' dir='ltr' id='par_1_80' title="bbox 2723 3343 3115 3414">
     <span class='ocr_line' id='line_1_80' title="bbox 2723 3343 3115 3414; baseline 0 -17"><span class='ocrx_word' id='word_1_494' title='bbox 2723 3344 2822 3397; x_wconf 92' lang='lat' dir='ltr'>Die</span> <span class='ocrx_word' id='word_1_495' title='bbox 2863 3343 3115 3414; x_wconf 89' lang='lat' dir='ltr'>septima</span> 
     </span>
    </p>
   </div>
   <div class='ocr_carea' id='block_1_81' title="bbox 2358 3432 3459 3502">
    <p class='ocr_par' dir='ltr' id='par_1_81' title="bbox 2358 3432 3459 3502">
     <span class='ocr_line' id='line_1_81' title="bbox 2358 3432 3459 3502; baseline 0.003 -17"><span class='ocrx_word' id='word_1_496' title='bbox 2358 3432 2644 3485; x_wconf 82' lang='lat' dir='ltr'>Certamen</span> <span class='ocrx_word' id='word_1_497' title='bbox 2691 3434 2872 3487; x_wconf 84' lang='lat' dir='ltr'>sancti</span> <span class='ocrx_word' id='word_1_498' title='bbox 2910 3433 3147 3486; x_wconf 85' lang='lat' dir='ltr'>Dometii</span> <span class='ocrx_word' id='word_1_499' title='bbox 3174 3436 3459 3502; x_wconf 81' lang='lat' dir='ltr'>martyris.</span> 
     </span>
    </p>
   </div>
   <div class='ocr_carea' id='block_1_82' title="bbox 2159 3546 3733 3620">
    <p class='ocr_par' dir='ltr' id='par_1_82' title="bbox 2159 3546 3733 3620">
     <span class='ocr_line' id='line_1_82' title="bbox 2159 3546 3733 3620; baseline 0.001 -19"><span class='ocrx_word' id='word_1_500' title='bbox 2159 3549 2375 3619; x_wconf 81' lang='lat' dir='ltr'>Martyr</span> <span class='ocrx_word' id='word_1_501' title='bbox 2405 3547 2621 3602; x_wconf 89' lang='lat' dir='ltr'>Christi</span> <span class='ocrx_word' id='word_1_502' title='bbox 2654 3546 2980 3615; x_wconf 91' lang='lat' dir='ltr'>Dometius,</span> <span class='ocrx_word' id='word_1_503' title='bbox 3015 3548 3389 3620; x_wconf 85' lang='lat' dir='ltr'>tyrannidem</span> <span class='ocrx_word' id='word_1_504' title='bbox 3423 3556 3733 3606; x_wconf 82' lang='lat' dir='ltr'>exercente</span> 
     </span>
    </p>
   </div>
   <div class='ocr_carea' id='block_1_83' title="bbox 2085 3636 3733 3709">
    <p class='ocr_par' dir='ltr' id='par_1_83' title="bbox 2085 3636 3733 3709">
     <span class='ocr_line' id='line_1_83' title="bbox 2085 3636 3733 3709; baseline 0.001 -19"><span class='ocrx_word' id='word_1_505' title='bbox 2085 3636 2321 3691; x_wconf 80' lang='lat' dir='ltr'>Iuliano</span> <span class='ocrx_word' id='word_1_506' title='bbox 2353 3639 2743 3707; x_wconf 79' lang='lat' dir='ltr'>Apostata,ex</span> <span class='ocrx_word' id='word_1_507' title='bbox 2770 3637 3013 3708; x_wconf 90' lang='lat' dir='ltr'>regione</span> <span class='ocrx_word' id='word_1_508' title='bbox 3044 3638 3312 3709; x_wconf 64' lang='lat' dir='ltr'>Phrygia:</span> <span class='ocrx_word' id='word_1_509' title='bbox 3338 3638 3472 3693; x_wconf 89' lang='lat' dir='ltr'>fuit.</span> <span class='ocrx_word' id='word_1_510' title='bbox 3519 3639 3733 3692; x_wconf 86' lang='lat' dir='ltr'>Videns</span> 
     </span>
    </p>
   </div>
   <div class='ocr_carea' id='block_1_84' title="bbox 2088 3726 3736 3800">
    <p class='ocr_par' dir='ltr' id='par_1_84' title="bbox 2088 3726 3736 3800">
     <span class='ocr_line' id='line_1_84' title="bbox 2088 3726 3736 3800; baseline 0 -19"><span class='ocrx_word' id='word_1_511' title='bbox 2088 3733 2285 3781; x_wconf 90' lang='lat' dir='ltr'>autem</span> <span class='ocrx_word' id='word_1_512' title='bbox 2319 3726 2655 3797; x_wconf 88' lang='lat' dir='ltr'>complures</span> <span class='ocrx_word' id='word_1_513' title='bbox 2687 3732 2939 3798; x_wconf 88' lang='lat' dir='ltr'>tyranno</span> <span class='ocrx_word' id='word_1_514' title='bbox 2962 3744 3187 3782; x_wconf 89' lang='lat' dir='ltr'>morem</span> <span class='ocrx_word' id='word_1_515' title='bbox 3210 3734 3502 3800; x_wconf 88' lang='lat' dir='ltr'>gerere,et</span> <span class='ocrx_word' id='word_1_516' title='bbox 3527 3728 3586 3782; x_wconf 89' lang='lat' dir='ltr'>in</span> <span class='ocrx_word' id='word_1_517' title='bbox 3610 3729 3736 3782; x_wconf 88' lang='lat' dir='ltr'>dies</span> 
     </span>
    </p>
   </div>
   <div class='ocr_carea' id='block_1_85' title="bbox 2088 3817 3733 3890">
    <p class='ocr_par' dir='ltr' id='par_1_85' title="bbox 2088 3817 3733 3890">
     <span class='ocr_line' id='line_1_85' title="bbox 2088 3817 3733 3890; baseline 0.001 -19"><span class='ocrx_word' id='word_1_518' title='bbox 2088 3817 2288 3890; x_wconf 87' lang='lat' dir='ltr'>augeri</span> <span class='ocrx_word' id='word_1_519' title='bbox 2323 3833 2525 3872; x_wconf 87' lang='lat' dir='ltr'>eorum</span> <span class='ocrx_word' id='word_1_520' title='bbox 2555 3834 2893 3883; x_wconf 88' lang='lat' dir='ltr'>numerum,</span> <span class='ocrx_word' id='word_1_521' title='bbox 2926 3818 3023 3888; x_wconf 86' lang='lat' dir='ltr'>qui</span> <span class='ocrx_word' id='word_1_522' title='bbox 3059 3817 3357 3873; x_wconf 88' lang='lat' dir='ltr'>Christum</span> <span class='ocrx_word' id='word_1_523' title='bbox 3410 3819 3733 3890; x_wconf 87' lang='lat' dir='ltr'>ejurarent,</span> 
     </span>
    </p>
   </div>
   <div class='ocr_carea' id='block_1_86' title="bbox 2087 3906 3733 3981">
    <p class='ocr_par' dir='ltr' id='par_1_86' title="bbox 2087 3906 3733 3981">
     <span class='ocr_line' id='line_1_86' title="bbox 2087 3906 3733 3981; baseline 0.001 -20"><span class='ocrx_word' id='word_1_524' title='bbox 2087 3913 2145 3961; x_wconf 88' lang='lat' dir='ltr'>et</span> <span class='ocrx_word' id='word_1_525' title='bbox 2174 3907 2334 3962; x_wconf 91' lang='lat' dir='ltr'>idola</span> <span class='ocrx_word' id='word_1_526' title='bbox 2360 3906 2661 3972; x_wconf 91' lang='lat' dir='ltr'>colerent;</span> <span class='ocrx_word' id='word_1_527' title='bbox 2695 3906 3022 3961; x_wconf 86' lang='lat' dir='ltr'>molesteid</span> <span class='ocrx_word' id='word_1_528' title='bbox 3055 3906 3297 3975; x_wconf 79' lang='lat' dir='ltr'>ferebat,</span> <span class='ocrx_word' id='word_1_529' title='bbox 3332 3909 3531 3962; x_wconf 88' lang='lat' dir='ltr'>animo</span> <span class='ocrx_word' id='word_1_530' title='bbox 3547 3926 3733 3981; x_wconf 83' lang='lat' dir='ltr'>ange-</span> 
     </span>
    </p>
   </div>
   <div class='ocr_carea' id='block_1_87' title="bbox 2088 3997 3731 4067">
    <p class='ocr_par' dir='ltr' id='par_1_87' title="bbox 2088 3997 3731 4067">
     <span class='ocr_line' id='line_1_87' title="bbox 2088 3997 3731 4067; baseline 0.002 -16"><span class='ocrx_word' id='word_1_531' title='bbox 2088 3997 2279 4063; x_wconf 88' lang='lat' dir='ltr'>batur,</span> <span class='ocrx_word' id='word_1_532' title='bbox 2315 4013 2665 4067; x_wconf 89' lang='lat' dir='ltr'>summaque</span> <span class='ocrx_word' id='word_1_533' title='bbox 2728 3997 2967 4051; x_wconf 88' lang='lat' dir='ltr'>tristitia</span> <span class='ocrx_word' id='word_1_534' title='bbox 3026 3998 3415 4053; x_wconf 84' lang='lat' dir='ltr'>afficiebatur.</span> <span class='ocrx_word' id='word_1_535' title='bbox 3469 3999 3731 4064; x_wconf 87' lang='lat' dir='ltr'>Quadam</span> 
     </span>
    </p>
   </div>
   <div class='ocr_carea' id='block_1_88' title="bbox 2088 4085 3729 4159">
    <p class='ocr_par' dir='ltr' id='par_1_88' title="bbox 2088 4085 3729 4159">
     <span class='ocr_line' id='line_1_88' title="bbox 2088 4085 3729 4159; baseline 0.002 -20"><span class='ocrx_word' id='word_1_536' title='bbox 2088 4087 2266 4159; x_wconf 88' lang='lat' dir='ltr'>igitur</span> <span class='ocrx_word' id='word_1_537' title='bbox 2295 4086 2389 4140; x_wconf 85' lang='lat' dir='ltr'>die</span> <span class='ocrx_word' id='word_1_538' title='bbox 2422 4103 2554 4140; x_wconf 91' lang='lat' dir='ltr'>cum</span> <span class='ocrx_word' id='word_1_539' title='bbox 2579 4085 2703 4139; x_wconf 91' lang='lat' dir='ltr'>ludi</span> <span class='ocrx_word' id='word_1_540' title='bbox 2738 4086 3034 4141; x_wconf 88' lang='lat' dir='ltr'>circenses</span> <span class='ocrx_word' id='word_1_541' title='bbox 3060 4087 3266 4141; x_wconf 82' lang='lat' dir='ltr'>fierent</span> <span class='ocrx_word' id='word_1_542' title='bbox 3298 4088 3729 4142; x_wconf 81' lang='lat' dir='ltr'>etsacrit‘icium</span> 
     </span>
    </p>
   </div>
   <div class='ocr_carea' id='block_1_89' title="bbox 2088 4175 3726 4248">
    <p class='ocr_par' dir='ltr' id='par_1_89' title="bbox 2088 4175 3726 4248">
     <span class='ocr_line' id='line_1_89' title="bbox 2088 4175 3726 4248; baseline 0.001 -20"><span class='ocrx_word' id='word_1_543' title='bbox 2088 4175 2411 4230; x_wconf 90' lang='lat' dir='ltr'>immundis</span> <span class='ocrx_word' id='word_1_544' title='bbox 2430 4175 2743 4229; x_wconf 67' lang='lat' dir='ltr'>daemoniis</span> <span class='ocrx_word' id='word_1_545' title='bbox 2756 4177 3155 4233; x_wconf 64' lang='lat' dir='ltr'>offerreturjd</span> <span class='ocrx_word' id='word_1_546' title='bbox 3174 4178 3424 4231; x_wconf 79' lang='lat' dir='ltr'>tolerare</span> <span class='ocrx_word' id='word_1_547' title='bbox 3444 4179 3726 4248; x_wconf 82' lang='lat' dir='ltr'>nequivit;</span> 
     </span>
    </p>
   </div>
   <div class='ocr_carea' id='block_1_90' title="bbox 2087 4263 3727 4336">
    <p class='ocr_par' dir='ltr' id='par_1_90' title="bbox 2087 4263 3727 4336">
     <span class='ocr_line' id='line_1_90' title="bbox 2087 4263 3727 4336; baseline 0 -17"><span class='ocrx_word' id='word_1_548' title='bbox 2087 4264 2191 4319; x_wconf 87' lang='lat' dir='ltr'>sed</span> <span class='ocrx_word' id='word_1_549' title='bbox 2221 4264 2417 4318; x_wconf 86' lang='lat' dir='ltr'>divino</span> <span class='ocrx_word' id='word_1_550' title='bbox 2441 4263 2561 4319; x_wconf 87' lang='lat' dir='ltr'>zelo</span> <span class='ocrx_word' id='word_1_551' title='bbox 2599 4263 3025 4327; x_wconf 84' lang='lat' dir='ltr'>inflammatus,</span> <span class='ocrx_word' id='word_1_552' title='bbox 3050 4265 3111 4318; x_wconf 93' lang='lat' dir='ltr'>in</span> <span class='ocrx_word' id='word_1_553' title='bbox 3140 4266 3400 4319; x_wconf 91' lang='lat' dir='ltr'>medium</span> <span class='ocrx_word' id='word_1_554' title='bbox 3422 4273 3727 4336; x_wconf 90' lang='lat' dir='ltr'>spectacu-</span> 
     </span>
    </p>
   </div>
   <div class='ocr_carea' id='block_1_91' title="bbox 2086 4350 3727 4420">
    <p class='ocr_par' dir='ltr' id='par_1_91' title="bbox 2086 4350 3727 4420">
     <span class='ocr_line' id='line_1_91' title="bbox 2086 4350 3727 4420; baseline 0 -15"><span class='ocrx_word' id='word_1_555' title='bbox 2086 4352 2207 4405; x_wconf 91' lang='lat' dir='ltr'>lum</span> <span class='ocrx_word' id='word_1_556' title='bbox 2238 4351 2536 4416; x_wconf 85' lang='lat' dir='ltr'>exsiliens,</span> <span class='ocrx_word' id='word_1_557' title='bbox 2572 4350 2690 4404; x_wconf 85' lang='lat' dir='ltr'>alta</span> <span class='ocrx_word' id='word_1_558' title='bbox 2720 4365 2859 4403; x_wconf 76' lang='lat' dir='ltr'>voce</span> <span class='ocrx_word' id='word_1_559' title='bbox 2889 4353 3233 4420; x_wconf 83' lang='lat' dir='ltr'>Apostatam</span> <span class='ocrx_word' id='word_1_560' title='bbox 3254 4352 3551 4407; x_wconf 86' lang='lat' dir='ltr'>Julianum</span> <span class='ocrx_word' id='word_1_561' title='bbox 3584 4368 3727 4406; x_wconf 89' lang='lat' dir='ltr'>ana-</span> 
     </span>
    </p>
   </div>
   <div class='ocr_carea' id='block_1_92' title="bbox 2086 4442 3725 4515">
    <p class='ocr_par' dir='ltr' id='par_1_92' title="bbox 2086 4442 3725 4515">
     <span class='ocr_line' id='line_1_92' title="bbox 2086 4442 3725 4515; baseline 0 -16"><span class='ocrx_word' id='word_1_562' title='bbox 2086 4444 2500 4509; x_wconf 87' lang='lat' dir='ltr'>thematizavit,</span> <span class='ocrx_word' id='word_1_563' title='bbox 2534 4444 2683 4499; x_wconf 75' lang='lat'>195</span> <span class='ocrx_word' id='word_1_564' title='bbox 2706 4442 3053 4498; x_wconf 88' lang='lat' dir='ltr'>idololatras</span> <span class='ocrx_word' id='word_1_565' title='bbox 3075 4445 3465 4515; x_wconf 83' lang='lat' dir='ltr'>consputavit,</span> <span class='ocrx_word' id='word_1_566' title='bbox 3492 4451 3550 4499; x_wconf 91' lang='lat' dir='ltr'>et</span> <span class='ocrx_word' id='word_1_567' title='bbox 3577 4446 3725 4500; x_wconf 88' lang='lat' dir='ltr'>falso</span> 
     </span>
    </p>
   </div>
   <div class='ocr_carea' id='block_1_93' title="bbox 306 4524 1982 4605">
    <p class='ocr_par' dir='ltr' id='par_1_93' title="bbox 306 4524 1970 4605">
     <span class='ocr_line' id='line_1_93' title="bbox 306 4524 1970 4605; baseline 0.001 -22"><span class='ocrx_word' id='word_1_568' title='bbox 306 4527 446 4589; x_wconf 70' lang='grc' dir='ltr'>τοὺς</span> <span class='ocrx_word' id='word_1_569' title='bbox 480 4524 1023 4603; x_wconf 81' lang='grc' dir='ltr'>εἰδωλολατροῦντας</span> <span class='ocrx_word' id='word_1_570' title='bbox 1056 4525 1356 4598; x_wconf 86' lang='grc' dir='ltr'>διέπτυσεν,</span> <span class='ocrx_word' id='word_1_571' title='bbox 1389 4532 1476 4585; x_wconf 81' lang='grc' dir='ltr'>καὶ</span> <span class='ocrx_word' id='word_1_572' title='bbox 1517 4530 1645 4593; x_wconf 83' lang='grc' dir='ltr'>τοὺς</span> <span class='ocrx_word' id='word_1_573' title='bbox 1695 4529 1970 4605; x_wconf 77' lang='grc' dir='ltr'>ψευδωνύ-</span> 
     </span>
    </p>
   </div>
   <div class='ocr_carea' id='block_1_94' title="bbox 2098 4524 3724 4605">
    <p class='ocr_par' dir='ltr' id='par_1_94' title="bbox 2098 4531 3724 4605">
     <span class='ocr_line' id='line_1_94' title="bbox 2098 4531 3724 4605; baseline 0.001 -18"><span class='ocrx_word' id='word_1_574' title='bbox 2098 4534 2324 4588; x_wconf 71' lang='lat' dir='ltr'>iomine</span> <span class='ocrx_word' id='word_1_575' title='bbox 2352 4531 2681 4604; x_wconf 89' lang='lat' dir='ltr'>appellatos</span> <span class='ocrx_word' id='word_1_576' title='bbox 2712 4531 2854 4586; x_wconf 90' lang='lat' dir='ltr'>deos</span> <span class='ocrx_word' id='word_1_577' title='bbox 2874 4533 3429 4598; x_wconf 85' lang='lat' dir='ltr'>risit.Quamobrem</span> <span class='ocrx_word' id='word_1_578' title='bbox 3457 4551 3724 4605; x_wconf 85' lang='lat' dir='ltr'>compre-</span> 
     </span>
    </p>
   </div>
   <div class='ocr_carea' id='block_1_95' title="bbox 314 4614 1970 4691">
    <p class='ocr_par' dir='ltr' id='par_1_95' title="bbox 314 4614 1970 4691">
     <span class='ocr_line' id='line_1_95' title="bbox 314 4614 1970 4691; baseline 0.001 -20"><span class='ocrx_word' id='word_1_579' title='bbox 314 4637 458 4691; x_wconf 81' lang='grc' dir='ltr'>μους</span> <span class='ocrx_word' id='word_1_580' title='bbox 518 4616 673 4680; x_wconf 75' lang='grc' dir='ltr'>θεοὺς</span> <span class='ocrx_word' id='word_1_581' title='bbox 726 4614 1015 4691; x_wconf 79' lang='grc' dir='ltr'>ἐχλεύασε.</span> <span class='ocrx_word' id='word_1_582' title='bbox 1073 4619 1372 4689; x_wconf 79' lang='grc' dir='ltr'>Κρατηθεὶς</span> <span class='ocrx_word' id='word_1_583' title='bbox 1456 4619 1575 4689; x_wconf 80' lang='grc' dir='ltr'>οὖν,</span> <span class='ocrx_word' id='word_1_584' title='bbox 1651 4620 1742 4675; x_wconf 81' lang='grc' dir='ltr'>καὶ</span> <span class='ocrx_word' id='word_1_585' title='bbox 1802 4619 1970 4681; x_wconf 78' lang='grc' dir='ltr'>δεθεὶς</span> 
     </span>
    </p>
   </div>
   <div class='ocr_carea' id='block_1_96' title="bbox 310 4702 1970 4783">
    <p class='ocr_par' dir='ltr' id='par_1_96' title="bbox 310 4702 1970 4783">
     <span class='ocr_line' id='line_1_96' title="bbox 310 4702 1970 4783; baseline 0.002 -22"><span class='ocrx_word' id='word_1_586' title='bbox 310 4706 606 4783; x_wconf 74' lang='grc' dir='ltr'>ἀσφαλῶς,</span> <span class='ocrx_word' id='word_1_587' title='bbox 638 4702 912 4780; x_wconf 83' lang='grc' dir='ltr'>παρεδόθη</span> <span class='ocrx_word' id='word_1_588' title='bbox 941 4710 1020 4778; x_wconf 79' lang='grc' dir='ltr'>τῷ</span> <span class='ocrx_word' id='word_1_589' title='bbox 1052 4704 1302 4781; x_wconf 75' lang='grc' dir='ltr'>ἄρχοντι·</span> <span class='ocrx_word' id='word_1_590' title='bbox 1336 4708 1424 4763; x_wconf 80' lang='lat' dir='ltr'>xui</span> <span class='ocrx_word' id='word_1_591' title='bbox 1457 4706 1672 4771; x_wconf 75' lang='grc' dir='ltr'>πολλὰς</span> <span class='ocrx_word' id='word_1_592' title='bbox 1707 4708 1970 4783; x_wconf 78' lang='grc' dir='ltr'>βασάνους</span> 
     </span>
    </p>
   </div>
   <div class='ocr_carea' id='block_1_97' title="bbox 312 4794 1969 4876">
    <p class='ocr_par' dir='ltr' id='par_1_97' title="bbox 312 4794 1969 4876">
     <span class='ocr_line' id='line_1_97' title="bbox 312 4794 1969 4876; baseline 0.002 -25"><span class='ocrx_word' id='word_1_593' title='bbox 312 4797 584 4865; x_wconf 61' lang='grc' dir='ltr'>ὑποστάς,</span> <span class='ocrx_word' id='word_1_594' title='bbox 616 4794 946 4865; x_wconf 84' lang='grc' dir='ltr'>ἀπεκλείσθη</span> <span class='ocrx_word' id='word_1_595' title='bbox 982 4796 1057 4857; x_wconf 83' lang='grc' dir='ltr'>εἷς</span> <span class='ocrx_word' id='word_1_596' title='bbox 1116 4796 1387 4873; x_wconf 68' lang='grc' dir='ltr'>φυλακήν.</span> <span class='ocrx_word' id='word_1_597' title='bbox 1438 4797 1540 4854; x_wconf 78' lang='grc' dir='ltr'>Καὶ</span> <span class='ocrx_word' id='word_1_598' title='bbox 1602 4800 1737 4871; x_wconf 84' lang='grc' dir='ltr'>μετά</span> <span class='ocrx_word' id='word_1_599' title='bbox 1781 4797 1969 4876; x_wconf 84' lang='grc' dir='ltr'>ὀλίγας</span> 
     </span>
    </p>
   </div>
   <div class='ocr_carea' id='block_1_98' title="bbox 307 4879 1972 4963">
    <p class='ocr_par' dir='ltr' id='par_1_98' title="bbox 307 4879 1972 4963">
     <span class='ocr_line' id='line_1_98' title="bbox 307 4879 1972 4963; baseline 0.002 -24"><span class='ocrx_word' id='word_1_600' title='bbox 307 4886 527 4960; x_wconf 81' lang='grc' dir='ltr'>ἡμέρας</span> <span class='ocrx_word' id='word_1_601' title='bbox 555 4891 653 4953; x_wconf 74' lang='grc' dir='ltr'>τῆς</span> <span class='ocrx_word' id='word_1_602' title='bbox 704 4881 952 4960; x_wconf 73' lang='grc' dir='ltr'>φυλακῆς</span> <span class='ocrx_word' id='word_1_603' title='bbox 1012 4879 1316 4953; x_wconf 78' lang='grc' dir='ltr'>ἐκϐληθεὶς,</span> <span class='ocrx_word' id='word_1_604' title='bbox 1376 4886 1463 4940; x_wconf 83' lang='grc' dir='ltr'>καὶ</span> <span class='ocrx_word' id='word_1_605' title='bbox 1523 4889 1972 4963; x_wconf 68' lang='grc' dir='ltr'>καταναγκασθεὶς</span> 
     </span>
    </p>
   </div>
   <div class='ocr_carea' id='block_1_99' title="bbox 310 4975 1968 5057">
    <p class='ocr_par' dir='ltr' id='par_1_99' title="bbox 310 4975 1968 5057">
     <span class='ocr_line' id='line_1_99' title="bbox 310 4975 1968 5057; baseline 0.002 -27"><span class='ocrx_word' id='word_1_606' title='bbox 310 4976 652 5051; x_wconf 74' lang='grc' dir='ltr'>ἀρνήσασθαι</span> <span class='ocrx_word' id='word_1_607' title='bbox 687 4975 780 5029; x_wconf 89' lang='grc' dir='ltr'>τὸν</span> <span class='ocrx_word' id='word_1_608' title='bbox 811 4975 1066 5048; x_wconf 82' lang='grc' dir='ltr'>Χριστὸν,</span> <span class='ocrx_word' id='word_1_609' title='bbox 1098 4978 1188 5031; x_wconf 84' lang='grc' dir='ltr'>καὶ</span> <span class='ocrx_word' id='word_1_610' title='bbox 1241 4977 1316 5049; x_wconf 75' lang='grc' dir='ltr'>μή</span> <span class='ocrx_word' id='word_1_611' title='bbox 1367 4978 1627 5047; x_wconf 83' lang='grc' dir='ltr'>πεισθεὶς,</span> <span class='ocrx_word' id='word_1_612' title='bbox 1684 4979 1821 5057; x_wconf 80' lang='grc' dir='ltr'>ξίφει</span> <span class='ocrx_word' id='word_1_613' title='bbox 1868 4982 1968 5050; x_wconf 75' lang='grc' dir='ltr'>τὴν</span> 
     </span>
    </p>
   </div>
   <div class='ocr_carea' id='block_1_100' title="bbox 310 5063 1290 5140">
    <p class='ocr_par' dir='ltr' id='par_1_100' title="bbox 310 5063 1290 5140">
     <span class='ocr_line' id='line_1_100' title="bbox 310 5063 1290 5140; baseline 0.004 -23"><span class='ocrx_word' id='word_1_614' title='bbox 310 5065 463 5140; x_wconf 75' lang='grc' dir='ltr'>ἱεράν</span> <span class='ocrx_word' id='word_1_615' title='bbox 500 5064 664 5120; x_wconf 74' lang='grc' dir='ltr'>αὖτοῦ</span> <span class='ocrx_word' id='word_1_616' title='bbox 696 5063 942 5138; x_wconf 71' lang='grc' dir='ltr'>κεφαλὴν</span> <span class='ocrx_word' id='word_1_617' title='bbox 976 5065 1290 5137; x_wconf 72' lang='grc' dir='ltr'>ἀπετμήθη.</span> 
     </span>
    </p>
   </div>
   <div class='ocr_carea' id='block_1_101' title="bbox 314 5180 1969 5261">
    <p class='ocr_par' dir='ltr' id='par_1_101' title="bbox 314 5180 1969 5261">
     <span class='ocr_line' id='line_1_101' title="bbox 314 5180 1969 5261; baseline 0.002 -24"><span class='ocrx_word' id='word_1_618' title='bbox 314 5181 424 5238; x_wconf 85' lang='grc' dir='ltr'>Καὶ</span> <span class='ocrx_word' id='word_1_619' title='bbox 483 5183 520 5249; x_wconf 77' lang='grc' dir='ltr'><strong>ἡ</strong></span> <span class='ocrx_word' id='word_1_620' title='bbox 576 5180 878 5255; x_wconf 80' lang='grc' dir='ltr'>ἀνάμνησις</span> <span class='ocrx_word' id='word_1_621' title='bbox 944 5187 1056 5261; x_wconf 66' lang='grc' dir='ltr'>τῆς</span> <span class='ocrx_word' id='word_1_622' title='bbox 1132 5182 1480 5261; x_wconf 63' lang='grc' dir='ltr'>καταλύσεως</span> <span class='ocrx_word' id='word_1_623' title='bbox 1555 5190 1661 5240; x_wconf 80' lang='grc' dir='ltr'>τῶν</span> <span class='ocrx_word' id='word_1_624' title='bbox 1749 5190 1969 5261; x_wconf 77' lang='grc' dir='ltr'>Περσῶν</span> 
     </span>
    </p>
   </div>
   <div class='ocr_carea' id='block_1_102' title="bbox 869 5250 1408 5330">
    <p class='ocr_par' dir='ltr' id='par_1_102' title="bbox 869 5250 1408 5330">
     <span class='ocr_line' id='line_1_102' title="bbox 869 5250 1408 5330; baseline 0.011 -24"><span class='ocrx_word' id='word_1_625' title='bbox 869 5252 961 5307; x_wconf 82' lang='grc' dir='ltr'>καὶ</span> <span class='ocrx_word' id='word_1_626' title='bbox 990 5258 1097 5308; x_wconf 82' lang='grc' dir='ltr'>τῶν</span> <span class='ocrx_word' id='word_1_627' title='bbox 1135 5250 1408 5330; x_wconf 59' lang='grc' dir='ltr'>’Λεᾶρωνμ</span> 
     </span>
    </p>
   </div>
   <div class='ocr_carea' id='block_1_103' title="bbox 387 5349 1968 5432">
    <p class='ocr_par' dir='ltr' id='par_1_103' title="bbox 387 5349 1968 5432">
     <span class='ocr_line' id='line_1_103' title="bbox 387 5349 1968 5432; baseline 0.003 -24"><span class='ocrx_word' id='word_1_628' title='bbox 387 5352 510 5408; x_wconf 80' lang='grc' dir='ltr'>Ἐπὶ</span> <span class='ocrx_word' id='word_1_629' title='bbox 565 5358 666 5421; x_wconf 83' lang='grc' dir='ltr'>τῆς</span> <span class='ocrx_word' id='word_1_630' title='bbox 730 5349 1007 5426; x_wconf 90' lang='grc' dir='ltr'>βασιλείας</span> <span class='ocrx_word' id='word_1_631' title='bbox 1069 5352 1418 5428; x_wconf 82' lang='grc' dir='ltr'>Ἡρακλείου,</span> <span class='ocrx_word' id='word_1_632' title='bbox 1478 5355 1735 5432; x_wconf 83' lang='grc' dir='ltr'>Χοσρόης</span> <span class='ocrx_word' id='word_1_633' title='bbox 1780 5355 1808 5410; x_wconf 84' lang='lat'>6</span> <span class='ocrx_word' id='word_1_634' title='bbox 1860 5361 1968 5412; x_wconf 79' lang='grc' dir='ltr'>τῶν</span> 
     </span>
    </p>
   </div>
   <div class='ocr_carea' id='block_1_104' title="bbox 318 5439 1967 5519">
    <p class='ocr_par' dir='ltr' id='par_1_104' title="bbox 318 5439 1967 5519">
     <span class='ocr_line' id='line_1_104' title="bbox 318 5439 1967 5519; baseline 0.001 -22"><span class='ocrx_word' id='word_1_635' title='bbox 318 5446 537 5517; x_wconf 80' lang='grc' dir='ltr'>Περσῶν</span> <span class='ocrx_word' id='word_1_636' title='bbox 590 5439 847 5516; x_wconf 77' lang='grc' dir='ltr'>βασιλεὺς</span> <span class='ocrx_word' id='word_1_637' title='bbox 908 5440 1189 5498; x_wconf 86' lang='grc' dir='ltr'>ἀπέστειλε</span> <span class='ocrx_word' id='word_1_638' title='bbox 1249 5445 1553 5519; x_wconf 83' lang='grc' dir='ltr'>στρατηγὸν</span> <span class='ocrx_word' id='word_1_639' title='bbox 1616 5446 1750 5518; x_wconf 86' lang='grc' dir='ltr'>μετά</span> <span class='ocrx_word' id='word_1_640' title='bbox 1807 5444 1967 5500; x_wconf 84' lang='grc' dir='ltr'>δυνά-</span> 
     </span>
    </p>
   </div>
   <div class='ocr_carea' id='block_1_105' title="bbox 324 5529 1970 5609">
    <p class='ocr_par' dir='ltr' id='par_1_105' title="bbox 324 5529 1970 5609">
     <span class='ocr_line' id='line_1_105' title="bbox 324 5529 1970 5609; baseline 0.004 -23"><span class='ocrx_word' id='word_1_641' title='bbox 324 5553 466 5604; x_wconf 86' lang='grc' dir='ltr'>μεως</span> <span class='ocrx_word' id='word_1_642' title='bbox 518 5529 739 5600; x_wconf 79' lang='grc' dir='ltr'>πολλῆς</span> <span class='ocrx_word' id='word_1_643' title='bbox 801 5529 958 5589; x_wconf 83' lang='grc' dir='ltr'>λαοῦ.</span> <span class='ocrx_word' id='word_1_644' title='bbox 1022 5533 1117 5587; x_wconf 81' lang='grc' dir='ltr'>Καὶ</span> <span class='ocrx_word' id='word_1_645' title='bbox 1204 5536 1529 5609; x_wconf 73' lang='grc' dir='ltr'>κατέστρεψε</span> <span class='ocrx_word' id='word_1_646' title='bbox 1594 5542 1765 5591; x_wconf 82' lang='grc' dir='ltr'>πᾶσαν</span> <span class='ocrx_word' id='word_1_647' title='bbox 1830 5538 1970 5593; x_wconf 84' lang='grc' dir='ltr'>Ῥω-</span> 
     </span>
    </p>
   </div>
   <div class='ocr_carea' id='block_1_106' title="bbox 325 5620 1967 5702">
    <p class='ocr_par' dir='ltr' id='par_1_106' title="bbox 325 5620 1967 5702">
     <span class='ocr_line' id='line_1_106' title="bbox 325 5620 1967 5702; baseline 0.005 -27"><span class='ocrx_word' id='word_1_648' title='bbox 325 5623 523 5693; x_wconf 74' lang='grc' dir='ltr'>μαῖκην</span> <span class='ocrx_word' id='word_1_649' title='bbox 552 5620 855 5679; x_wconf 88' lang='grc' dir='ltr'>πολιτείαν.</span> <span class='ocrx_word' id='word_1_650' title='bbox 890 5622 1063 5678; x_wconf 78' lang='grc' dir='ltr'>Ἶίλθε</span> <span class='ocrx_word' id='word_1_651' title='bbox 1120 5620 1177 5677; x_wconf 73' lang='grc' dir='ltr'>δὲ</span> <span class='ocrx_word' id='word_1_652' title='bbox 1219 5624 1308 5678; x_wconf 80' lang='grc' dir='ltr'>καὶ</span> <span class='ocrx_word' id='word_1_653' title='bbox 1368 5626 1395 5679; x_wconf 91' lang='grc' dir='ltr'>ὁ</span> <span class='ocrx_word' id='word_1_654' title='bbox 1450 5624 1611 5689; x_wconf 77' lang='grc' dir='ltr'>αὐτὸς</span> <span class='ocrx_word' id='word_1_655' title='bbox 1667 5628 1967 5702; x_wconf 81' lang='grc' dir='ltr'>στρατηγὸς</span> 
     </span>
    </p>
   </div>
   <div class='ocr_carea' id='block_1_107' title="bbox 319 5708 1966 5791">
    <p class='ocr_par' dir='ltr' id='par_1_107' title="bbox 319 5708 1966 5791">
     <span class='ocr_line' id='line_1_107' title="bbox 319 5708 1966 5791; baseline 0.004 -27"><span class='ocrx_word' id='word_1_656' title='bbox 319 5710 409 5764; x_wconf 84' lang='grc' dir='ltr'>καὶ</span> <span class='ocrx_word' id='word_1_657' title='bbox 470 5711 640 5787; x_wconf 69' lang='grc' dir='ltr'>μέχρι</span> <span class='ocrx_word' id='word_1_658' title='bbox 700 5708 1088 5785; x_wconf 79' lang='grc' dir='ltr'>Χαλκηδόνος,</span> <span class='ocrx_word' id='word_1_659' title='bbox 1147 5711 1492 5789; x_wconf 78' lang='grc' dir='ltr'>βουλόμενος</span> <span class='ocrx_word' id='word_1_660' title='bbox 1556 5722 1821 5791; x_wconf 84' lang='grc' dir='ltr'>κρατῆσαι</span> <span class='ocrx_word' id='word_1_661' title='bbox 1877 5717 1966 5771; x_wconf 88' lang='grc' dir='ltr'>καὶ</span> 
     </span>
    </p>
   </div>
   <div class='ocr_carea' id='block_1_108' title="bbox 2086 4620 3722 4694">
    <p class='ocr_par' dir='ltr' id='par_1_108' title="bbox 2086 4620 3722 4694">
     <span class='ocr_line' id='line_1_108' title="bbox 2086 4620 3722 4694; baseline -0.001 -16"><span class='ocrx_word' id='word_1_662' title='bbox 2086 4624 2326 4689; x_wconf 90' lang='lat' dir='ltr'>hensus,</span> <span class='ocrx_word' id='word_1_663' title='bbox 2380 4622 2675 4691; x_wconf 89' lang='lat' dir='ltr'>arctisque</span> <span class='ocrx_word' id='word_1_664' title='bbox 2733 4620 2981 4677; x_wconf 87' lang='lat' dir='ltr'>vinculis</span> <span class='ocrx_word' id='word_1_665' title='bbox 3050 4623 3425 4688; x_wconf 89' lang='lat' dir='ltr'>constrictus,</span> <span class='ocrx_word' id='word_1_666' title='bbox 3484 4623 3722 4694; x_wconf 67' lang='lat' dir='ltr'>praasidi</span> 
     </span>
    </p>
   </div>
   <div class='ocr_carea' id='block_1_109' title="bbox 2084 4710 3720 4783">
    <p class='ocr_par' dir='ltr' id='par_1_109' title="bbox 2084 4710 3720 4783">
     <span class='ocr_line' id='line_1_109' title="bbox 2084 4710 3720 4783; baseline -0.001 -16"><span class='ocrx_word' id='word_1_667' title='bbox 2084 4713 2372 4767; x_wconf 87' lang='lat' dir='ltr'>traditur:</span> <span class='ocrx_word' id='word_1_668' title='bbox 2406 4726 2660 4781; x_wconf 89' lang='lat' dir='ltr'>cumque</span> <span class='ocrx_word' id='word_1_669' title='bbox 2692 4710 2968 4781; x_wconf 89' lang='lat' dir='ltr'>plurimis</span> <span class='ocrx_word' id='word_1_670' title='bbox 3002 4711 3309 4783; x_wconf 90' lang='lat' dir='ltr'>suppliciis</span> <span class='ocrx_word' id='word_1_671' title='bbox 3337 4718 3523 4768; x_wconf 90' lang='lat' dir='ltr'>tortus</span> <span class='ocrx_word' id='word_1_672' title='bbox 3538 4718 3720 4779; x_wconf 91' lang='lat' dir='ltr'>esset,</span> 
     </span>
    </p>
   </div>
   <div class='ocr_carea' id='block_1_110' title="bbox 2082 4801 3724 4875">
    <p class='ocr_par' dir='ltr' id='par_1_110' title="bbox 2082 4801 3724 4875">
     <span class='ocr_line' id='line_1_110' title="bbox 2082 4801 3724 4875; baseline 0.002 -19"><span class='ocrx_word' id='word_1_673' title='bbox 2082 4804 2142 4858; x_wconf 90' lang='lat' dir='ltr'>in</span> <span class='ocrx_word' id='word_1_674' title='bbox 2174 4819 2472 4859; x_wconf 88' lang='lat' dir='ltr'>carcerem</span> <span class='ocrx_word' id='word_1_675' title='bbox 2507 4801 2859 4872; x_wconf 87' lang='lat' dir='ltr'>conjicitur:</span> <span class='ocrx_word' id='word_1_676' title='bbox 2885 4802 3041 4857; x_wconf 91' lang='lat' dir='ltr'>unde</span> <span class='ocrx_word' id='word_1_677' title='bbox 3074 4804 3279 4874; x_wconf 88' lang='lat' dir='ltr'>paucis</span> <span class='ocrx_word' id='word_1_678' title='bbox 3327 4810 3463 4875; x_wconf 88' lang='lat' dir='ltr'>post</span> <span class='ocrx_word' id='word_1_679' title='bbox 3514 4803 3724 4859; x_wconf 89' lang='lat' dir='ltr'>diebus</span> 
     </span>
    </p>
   </div>
   <div class='ocr_carea' id='block_1_111' title="bbox 2083 4889 3722 4966">
    <p class='ocr_par' dir='ltr' id='par_1_111' title="bbox 2083 4889 3722 4966">
     <span class='ocr_line' id='line_1_111' title="bbox 2083 4889 3722 4966; baseline 0.002 -20"><span class='ocrx_word' id='word_1_680' title='bbox 2083 4899 2399 4959; x_wconf 83' lang='lat' dir='ltr'>extractus,</span> <span class='ocrx_word' id='word_1_681' title='bbox 2428 4889 2897 4963; x_wconf 89' lang='lat' dir='ltr'>compellebatur</span> <span class='ocrx_word' id='word_1_682' title='bbox 2938 4893 3236 4948; x_wconf 88' lang='lat' dir='ltr'>Christum</span> <span class='ocrx_word' id='word_1_683' title='bbox 3297 4895 3550 4966; x_wconf 88' lang='lat' dir='ltr'>ejurare.</span> <span class='ocrx_word' id='word_1_684' title='bbox 3612 4893 3722 4949; x_wconf 89' lang='lat' dir='ltr'>Sed</span> 
     </span>
    </p>
   </div>
   <div class='ocr_carea' id='block_1_112' title="bbox 2080 4981 3725 5054">
    <p class='ocr_par' dir='ltr' id='par_1_112' title="bbox 2080 4981 3725 5054">
     <span class='ocr_line' id='line_1_112' title="bbox 2080 4981 3725 5054; baseline 0.001 -18"><span class='ocrx_word' id='word_1_685' title='bbox 2080 4999 2214 5036; x_wconf 91' lang='lat' dir='ltr'>cum</span> <span class='ocrx_word' id='word_1_686' title='bbox 2243 4982 2300 5036; x_wconf 91' lang='lat' dir='ltr'>id</span> <span class='ocrx_word' id='word_1_687' title='bbox 2330 4981 2524 5036; x_wconf 90' lang='lat' dir='ltr'>facere</span> <span class='ocrx_word' id='word_1_688' title='bbox 2556 4981 3076 5053; x_wconf 89' lang='lat' dir='ltr'>recusaret,gladio</span> <span class='ocrx_word' id='word_1_689' title='bbox 3098 4999 3331 5038; x_wconf 88' lang='lat' dir='ltr'>sacrum</span> <span class='ocrx_word' id='word_1_690' title='bbox 3364 4983 3525 5038; x_wconf 91' lang='lat' dir='ltr'>illius</span> <span class='ocrx_word' id='word_1_691' title='bbox 3547 4989 3725 5054; x_wconf 91' lang='lat' dir='ltr'>caput</span> 
     </span>
    </p>
   </div>
   <div class='ocr_carea' id='block_1_113' title="bbox 2081 5070 2614 5142">
    <p class='ocr_par' dir='ltr' id='par_1_113' title="bbox 2081 5070 2614 5142">
     <span class='ocr_line' id='line_1_113' title="bbox 2081 5070 2614 5142; baseline -0.006 -17"><span class='ocrx_word' id='word_1_692' title='bbox 2081 5076 2452 5142; x_wconf 89' lang='lat' dir='ltr'>amputatum</span> <span class='ocrx_word' id='word_1_693' title='bbox 2484 5070 2614 5124; x_wconf 84' lang='lat' dir='ltr'>iuit.</span> 
     </span>
    </p>
   </div>
   <div class='ocr_carea' id='block_1_114' title="bbox 2262 5179 3579 5239">
    <p class='ocr_par' dir='ltr' id='par_1_114' title="bbox 2262 5179 3579 5239">
     <span class='ocr_line' id='line_1_114' title="bbox 2262 5179 3579 5239; baseline 0.005 -7"><span class='ocrx_word' id='word_1_694' title='bbox 2262 5180 2330 5232; x_wconf 81' lang='lat' dir='ltr'>Et</span> <span class='ocrx_word' id='word_1_695' title='bbox 2362 5180 2625 5233; x_wconf 84' lang='lat' dir='ltr'>memoria</span> <span class='ocrx_word' id='word_1_696' title='bbox 2650 5179 2813 5234; x_wconf 63' lang='lat' dir='ltr'>cadis</span> <span class='ocrx_word' id='word_1_697' title='bbox 2844 5180 3136 5235; x_wconf 85' lang='lat' dir='ltr'>Persarum</span> <span class='ocrx_word' id='word_1_698' title='bbox 3174 5187 3226 5235; x_wconf 86' lang='lat' dir='ltr'>et</span> <span class='ocrx_word' id='word_1_699' title='bbox 3247 5182 3579 5239; x_wconf 82' lang='lat' dir='ltr'>Abarorum.</span> 
     </span>
    </p>
   </div>
   <div class='ocr_carea' id='block_1_115' title="bbox 2152 5367 3728 5441">
    <p class='ocr_par' dir='ltr' id='par_1_115' title="bbox 2152 5367 3728 5441">
     <span class='ocr_line' id='line_1_115' title="bbox 2152 5367 3728 5441; baseline 0.003 -19"><span class='ocrx_word' id='word_1_700' title='bbox 2152 5367 2420 5423; x_wconf 84' lang='lat' dir='ltr'>Heraclio</span> <span class='ocrx_word' id='word_1_701' title='bbox 2479 5368 2836 5441; x_wconf 90' lang='lat' dir='ltr'>imperatore</span> <span class='ocrx_word' id='word_1_702' title='bbox 2890 5371 3196 5435; x_wconf 80' lang='lat' dir='ltr'>Chosroes,</span> <span class='ocrx_word' id='word_1_703' title='bbox 3255 5372 3567 5428; x_wconf 86' lang='lat' dir='ltr'>Persarum</span> <span class='ocrx_word' id='word_1_704' title='bbox 3626 5388 3728 5427; x_wconf 80' lang='lat' dir='ltr'>rex</span> 
     </span>
    </p>
   </div>
   <div class='ocr_carea' id='block_1_116' title="bbox 2080 5457 3721 5532">
    <p class='ocr_par' dir='ltr' id='par_1_116' title="bbox 2080 5457 3721 5532">
     <span class='ocr_line' id='line_1_116' title="bbox 2080 5457 3721 5532; baseline 0.004 -22"><span class='ocrx_word' id='word_1_705' title='bbox 2080 5457 2289 5513; x_wconf 89' lang='lat' dir='ltr'>ducem</span> <span class='ocrx_word' id='word_1_706' title='bbox 2323 5458 2484 5512; x_wconf 91' lang='lat' dir='ltr'>misit</span> <span class='ocrx_word' id='word_1_707' title='bbox 2512 5474 2644 5514; x_wconf 89' lang='lat' dir='ltr'>cum</span> <span class='ocrx_word' id='word_1_708' title='bbox 2678 5460 2873 5532; x_wconf 88' lang='lat' dir='ltr'>magni</span> <span class='ocrx_word' id='word_1_709' title='bbox 2898 5462 3189 5516; x_wconf 87' lang='lat' dir='ltr'>exercitus</span> <span class='ocrx_word' id='word_1_710' title='bbox 3222 5462 3519 5528; x_wconf 90' lang='lat' dir='ltr'>robore,et</span> <span class='ocrx_word' id='word_1_711' title='bbox 3542 5469 3721 5517; x_wconf 88' lang='lat' dir='ltr'>totam</span> 
     </span>
    </p>
   </div>
   <div class='ocr_carea' id='block_1_117' title="bbox 2080 5547 3719 5622">
    <p class='ocr_par' dir='ltr' id='par_1_117' title="bbox 2080 5547 3719 5622">
     <span class='ocr_line' id='line_1_117' title="bbox 2080 5547 3719 5622; baseline 0.003 -21"><span class='ocrx_word' id='word_1_712' title='bbox 2080 5549 2407 5602; x_wconf 82' lang='lat' dir='ltr'>Romanam</span> <span class='ocrx_word' id='word_1_713' title='bbox 2440 5547 2729 5603; x_wconf 90' lang='lat' dir='ltr'>ditionem</span> <span class='ocrx_word' id='word_1_714' title='bbox 2761 5549 3121 5618; x_wconf 86' lang='lat' dir='ltr'>devastavit;</span> <span class='ocrx_word' id='word_1_715' title='bbox 3184 5558 3359 5622; x_wconf 87' lang='lat' dir='ltr'>atque</span> <span class='ocrx_word' id='word_1_716' title='bbox 3418 5554 3543 5622; x_wconf 88' lang='lat' dir='ltr'>ipse</span> <span class='ocrx_word' id='word_1_717' title='bbox 3599 5551 3719 5606; x_wconf 82' lang='lat' dir='ltr'>dux</span> 
     </span>
    </p>
   </div>
   <div class='ocr_carea' id='block_1_118' title="bbox 2078 5637 3717 5714">
    <p class='ocr_par' dir='ltr' id='par_1_118' title="bbox 2078 5637 3717 5714">
     <span class='ocr_line' id='line_1_118' title="bbox 2078 5637 3717 5714; baseline 0.002 -22"><span class='ocrx_word' id='word_1_718' title='bbox 2078 5637 2509 5693; x_wconf 87' lang='lat' dir='ltr'>Chalcedonem</span> <span class='ocrx_word' id='word_1_719' title='bbox 2564 5655 2752 5709; x_wconf 89' lang='lat' dir='ltr'>usque</span> <span class='ocrx_word' id='word_1_720' title='bbox 2802 5641 3099 5710; x_wconf 85' lang='lat' dir='ltr'>profectus</span> <span class='ocrx_word' id='word_1_721' title='bbox 3132 5648 3240 5708; x_wconf 89' lang='lat' dir='ltr'>est,</span> <span class='ocrx_word' id='word_1_722' title='bbox 3273 5643 3537 5714; x_wconf 88' lang='lat' dir='ltr'>cogitans</span> <span class='ocrx_word' id='word_1_723' title='bbox 3559 5644 3717 5696; x_wconf 89' lang='lat' dir='ltr'>Con-</span> 
     </span>
    </p>
   </div>
   <div class='ocr_carea' id='block_1_119' title="bbox 2078 5726 3718 5802">
    <p class='ocr_par' dir='ltr' id='par_1_119' title="bbox 2078 5726 3718 5802">
     <span class='ocr_line' id='line_1_119' title="bbox 2078 5726 3718 5802; baseline 0.005 -22"><span class='ocrx_word' id='word_1_724' title='bbox 2078 5726 2520 5800; x_wconf 81' lang='lat' dir='ltr'>stantinopolim</span> <span class='ocrx_word' id='word_1_725' title='bbox 2570 5728 2748 5783; x_wconf 86' lang='lat' dir='ltr'>etiam</span> <span class='ocrx_word' id='word_1_726' title='bbox 2782 5731 2845 5784; x_wconf 86' lang='lat' dir='ltr'>in</span> <span class='ocrx_word' id='word_1_727' title='bbox 2872 5735 3229 5801; x_wconf 87' lang='lat' dir='ltr'>potestatem</span> <span class='ocrx_word' id='word_1_728' title='bbox 3256 5731 3545 5802; x_wconf 89' lang='lat' dir='ltr'>redigere.</span> <span class='ocrx_word' id='word_1_729' title='bbox 3576 5733 3718 5788; x_wconf 87' lang='lat' dir='ltr'>Cum</span> 
     </span>
    </p>
   </div>
  </div>
