4082 6200
332 343 453 406 575

1560 347 1999 410 MENOLOGII
2045 347 2244 410 PARS
2293 347 2400 408 III.

3620 343 3738 408 876

335 485 535 535 autem
562 479 737 536 vellet
765 479 1070 535 Heraclius
1125 480 1335 534 Persas
1392 478 1749 549 distrahere,
1805 481 1978 553 eique

2102 485 2192 549 τῆς
2246 474 2893 539 Κωνσταντινουπόλεως.
2950 473 3135 533 Θιλων
3214 471 3274 532 δὶ
3329 475 3360 532 ὁ
3415 471 3740 552 Ἡράκλειος

334 586 393 626 m
422 570 593 626 litum
612 569 780 641 copia
792 585 913 624 non
929 567 1403 636 adesset,relicta
1417 569 1669 626 civitatis
1694 586 1838 626 cura
1855 569 1981 626 ﬁlio

337 677 442 716 suo
471 659 880 720 Constantino.
917 657 1068 713 clam
1098 657 1435 730 egreditur;
1464 676 1531 716 ac
1553 659 1747 716 navim
1771 675 1980 718 ascen-

337 749 509 817 dens,
531 750 594 804 in
629 748 793 804 Ponti
817 748 1016 803 fauces
1049 750 1260 815 evasit,
1295 750 1491 806 Persis
1526 750 1835 808 occultus:
1860 749 1982 806 col-

333 837 608 908 lectoque
639 836 900 891 exercitu
933 836 993 891 in
1009 837 1310 893 Persidem
1335 838 1982 914 discedens,regionem

333 927 644 983 destruxit.
677 926 906 982 Certior
934 943 1068 982 vero
1095 927 1285 984 factus
1314 929 1643 986 Abarorum
1681 930 1982 1004 princeps,

334 1015 492 1089 quod
525 1016 828 1072 Heraclius
859 1017 920 1072 in
951 1017 1192 1074 Perside
1247 1024 1421 1085 esset,
1457 1025 1626 1092 rupto
1687 1021 1850 1092 pacis
1876 1020 1985 1076 fm-

334 1105 495 1166 dere.
529 1123 718 1178 usque
749 1105 823 1162 ad
849 1123 1091 1162 auream
1119 1109 1353 1164 Portam
1387 1109 1980 1180 pervenit.etbellum

335 1197 887 1254 intulit.0bsidione
919 1198 1119 1269 itaque
1143 1205 1300 1254 terra
1325 1201 1594 1272 marique
1619 1199 1761 1255 urbs
1783 1200 1984 1273 cinge-

334 1285 528 1341 batur.
562 1288 636 1340 At
666 1285 770 1340 Dei
803 1286 1058 1358 populus
1087 1293 1146 1341 et
1176 1287 1536 1359 patriarcha,
1567 1287 1821 1360 publicis
1852 1305 1984 1360 pre-

336 1375 505 1432 cibus
527 1375 838 1442 institutis,
873 1376 1362 1434 circumferentes
1393 1379 1782 1434 sanctissimae
1815 1378 1989 1434 Geni-

335 1466 503 1520 tricis
536 1465 636 1521 Dei
667 1465 1218 1538 imaginem,hostes
1245 1469 1827 1524 exterminarunt.Ex
1847 1474 1986 1524 tunc

334 1572 441 1626 pro
471 1557 794 1628 gratiarum
817 1558 1049 1615 actione
1079 1558 1222 1616 urbs
1251 1560 1373 1634 agit
1391 1559 1736 1633 hujusmodi
1759 1559 1984 1632 suppli-

335 1647 652 1702 cationem.

404 1735 475 1790 Et
513 1739 1001 1795 commemoratio
1069 1738 1487 1813 religiosorum
1536 1739 1985 1812 imperatricum

333 1822 664 1881 Pulcheriaa
688 1831 749 1882 et
777 1831 1002 1885 lrenes.

887 1947 1131 2004 EODEM
1161 1947 1416 2006 MENSE.

989 2037 1095 2094 Die
1125 2045 1330 2096 octava

547 2134 702 2191 196
735 2135 1021 2192 Certamen
1039 2139 1217 2194 sancti
1245 2139 1514 2210 martyris
1541 2139 1773 2195 Marini.

409 2251 625 2308 Christi
659 2261 886 2327 martyr
906 2256 1186 2326 Marinus,
1222 2257 1586 2314 Diocletiano
1607 2258 1987 2329 imperatore,

237 2413 240 2416 ἢ
337 2338 452 2395 fuit
481 2356 550 2396 ex
576 2343 866 2398 Anazarbi
911 2344 1167 2400 civitate.
1201 2345 1574 2402 Christianus
1623 2350 1822 2401 autem
1852 2360 1988 2400 cum

340 2436 516 2490 esset.
549 2430 887 2506 multosque
921 2451 992 2490 ex
1021 2433 1367 2491 infidelibus
1397 2434 1472 2490 ad
1501 2433 1991 2491 Christumaddu-

339 2526 504 2574 ceret
533 2527 592 2575 et
611 2519 956 2592 baptizaret,
987 2523 1374 2580 denuntiatus
1424 2528 1514 2579 est
1567 2524 1725 2595 apud
1757 2524 1987 2595 Lysiam

339 2609 724 2680 praefectum;
757 2627 825 2667 ac
855 2611 1154 2678 detentus,
1188 2619 1366 2684 atque
1398 2619 1536 2668 ante
1576 2613 1770 2684 ipsum
1796 2619 1986 2678 stans,

335 2697 756 2771 Christumque
787 2701 1117 2767 confessus,
1176 2701 1424 2758 caeditur
1469 2701 1874 2762 vehementer.
1931 2707 1990 2756 et

335 2789 494 2862 gravi
525 2790 682 2846 ferro
715 2792 769 2846 ei
818 2792 1118 2864 imposito.
1179 2793 1242 2848 in
1292 2809 1593 2849 carcerem
1647 2792 1983 2863 conjicitur.

337 2879 630 2936 Postridie
650 2881 722 2937 ad
759 2883 1152 2953 quaestionem
1180 2883 1412 2942 ductus.
1448 2891 1805 2956 coactusque
1827 2882 1988 2938 Chri-

338 2975 494 3024 stum
527 2969 846 3043 abnegare.
871 2979 928 3027 et
950 2971 1128 3028 idolis
1160 2973 1519 3031 sacriﬁcare.
1550 2989 1660 3028 nec
1689 2971 1766 3028 ad
1813 2971 1872 3027 id
1895 2972 1985 3027 in-

337 3057 569 3115 ductus.
603 3061 853 3132 pedibus
883 3061 996 3116 fuit
1015 3079 1086 3118 ex
1119 3062 1376 3133 equuleo
1409 3078 1757 3134 suspensus,
1781 3060 1984 3134 ﬂagel-

334 3145 528 3219 lisque
559 3156 878 3216 contusus;
903 3151 1277 3224 lampadibus
1295 3151 1512 3208 deinde
1534 3158 1984 3223 exustus,atque

2088 568 2538 642 ἀντιπερισπάσαι
2591 565 2718 630 τσὺς
2775 565 3004 643 Πέρσας,
3063 567 3203 623 λαοῦ
3259 565 3504 642 ἀπορῶν⁹
3577 585 3740 622 κατα-

2089 655 2266 713 λιπὼν
2297 658 2398 726 τήν
2429 657 2594 712 πόλιν
2619 659 2700 729 τῷ
2729 656 2834 728 υἱῷ
2863 654 3030 711 αὐτοῦ
3083 656 3496 728 Κωνσταντίνῳ,
3549 651 3744 726 ἐξῆλθε

2091 743 2286 823 λάθρα,
2317 747 2410 803 καὶ
2441 742 2613 821 ἐμϐὰς
2657 745 2735 810 εἷς
2783 743 3012 816 πλοῖον,
3065 746 3128 802 τὸ
3162 745 3346 802 στενὸν
3391 741 3738 822 ἀναδραμὼν,

2090 833 2252 894 ἔλαθε
2303 835 2434 900 τοὺς
2493 841 2720 909 Περσας,
2779 837 2866 892 καὶ
2929 837 3238 913 συναγαγὼν
3299 834 3453 900 λαὸν,
3515 833 3607 888 καὶ
3665 831 3740 888 εἰς

2091 921 2324 1000 Περσίδα
2358 923 2631 998 ἀπελθὼν,
2686 924 2915 1003 ἠφάνιζε
2960 927 3060 996 τὴν
3115 924 3324 1000 χώραν.
3380 922 3575 979 Μαθὼν
3629 918 3741 976 8ὶὸ

2086 1023 2196 1075 τῶν
2231 1013 2482 1094 Ἀϐάρων
2532 1015 2723 1093 ἅρχων
2778 1017 2870 1073 τὸν
2921 1014 3244 1094 Ἡράκλειον
3288 1013 3341 1071 ἐν
3391 1017 3460 1088 τῇ
3523 1009 3739 1088 Περσίδι

2091 1103 2237 1179 ὄντα,
2271 1106 2438 1171 λύσας
2468 1109 2569 1179 τήν
2625 1107 2872 1181 εἰρήνην,
2922 1105 3063 1176 ἦλθε
3113 1107 3280 1182 μέχρι
3326 1112 3428 1175 τῆς
3473 1101 3738 1179 Χρυσείας

2093 1199 2332 1273 ΙΙόρτης,
2389 1198 2483 1254 καὶ
2545 1196 2829 1270 ἐπολέμει.
2886 1193 3306 1271 Ἐπολιορκεῖτο
3363 1191 3522 1264 οὖνὴ
3572 1191 3737 1254 πόλις

2093 1283 2182 1343 διά
2223 1307 2282 1342 τε
2323 1290 2429 1362 γῆς
2488 1285 2578 1342 καὶ
2639 1283 2934 1356 θαλάσσης.
2995 1284 3177 1344 ’Δλλᾶ
3233 1282 3553 1345 λιτανεύσας
3585 1281 3613 1336 ὁ
3641 1285 3741 1336 τοῦ

2092 1381 2226 1434 Θεοῦ
2282 1376 2439 1445 λαὸς,
2486 1375 2576 1432 καὶ
2609 1376 2636 1430 ὁ
2669 1376 3044 1451 πατριάρχης,
3107 1373 3464 1450 βαστάζοντες
3515 1371 3615 1440 τὴν
3664 1368 3740 1426 εἷς

2091 1468 2224 1524 κόνα
2253 1473 2352 1538 τῆς
2407 1465 2705 1542 ὗπεραγίας
2759 1459 3050 1534 Θεοτόκου,
3107 1463 3338 1538 ἠφάνισε
3390 1461 3522 1525 τοὺς
3569 1459 3744 1516 πολε-

2097 1556 2274 1631 μίους.
2331 1557 2564 1614 Ἕκτοτε
2619 1553 2677 1610 δὲ
2733 1554 3134 1630 εύχαριστοῦσα
3184 1555 3221 1624 ἡ
3278 1549 3444 1614 πόλις
3498 1548 3745 1607 ἐπιτελεῖ

2091 1648 2191 1718 τήν
2217 1646 2477 1718 τοιαύτην
2505 1645 2688 1718 λιτήν.

2165 1737 2269 1794 Καὶ
2307 1737 2498 1811 μνήμη
2528 1740 2637 1792 τῶν
2687 1729 2924 1792 εύσεόῶν
2975 1730 3308 1812 βασιλισσῶν
3369 1726 3742 1807 Πουλχερίας,

2012 1857 2061 1924 Β
2091 1828 2184 1886 καὶ
2215 1825 2479 1903 Εῐρήνης.

2647 1949 2796 2006 ΜΕΝ
2804 1947 2827 2004 Ι
2863 1949 2954 2001 ΤΩ
2987 1943 3186 2002 ΔΥΤΩ.

2889 2038 2949 2090 η.

2315 2135 2586 2210 Ἀθλησις
2618 2139 2716 2192 τοῦ
2744 2133 2905 2212 ἁγίου
2941 2135 3216 2211 μάρτυρος
3243 2127 3512 2208 Μαρίνου.

2162 2256 2226 2314 ⁸0
2254 2257 2352 2312 τοῦ
2383 2255 2622 2332 Χριστοῦ
2674 2254 2882 2331 μάρτυς
2923 2253 3172 2327 Μαρῖνος
3233 2251 3454 2324 ὑπῆρχε
3505 2245 3600 2320 μὶν
3651 2243 3746 2300 ἐπὶ

2091 2351 2192 2416 τῆς
2227 2341 2503 2422 βασιλείας
2561 2342 2984 2414 Διοκλητιανοῦ,
3045 2337 3107 2396 in
3150 2347 3252 2410 τῆς
3304 2336 3522 2400 πόλεως
3575 2337 3743 2394 Ἀναο

2095 2429 2316 2510 ζαρϐου.
2343 2433 2666 2511 Χριστιανὸς
2698 2430 2755 2488 δὲ
2785 2429 2883 2503 ὣν,
2913 2429 3004 2487 καὶ
3044 2426 3295 2494 πολλοὺς
3337 2431 3445 2483 τῶν
3497 2426 3744 2482 ἀπίστων

2091 2527 2383 2602 προσάγων
2442 2529 2522 2597 τῷ
2576 2527 2816 2600 Χριστῷ,
2871 2521 2962 2578 καὶ
3026 2521 3330 2597 βαπτίζων,
3385 2515 3744 2589 κατεμηνύθη

2091 2621 2173 2689 τῷ
2229 2610 2458 2692 ἡγεμόνι
2517 2613 2708 2686 Λυσίᾳ.
2769 2611 2877 2669 Καὶ
2960 2609 3245 2686 κρατηθεὶς
3300 2606 3390 2664 καὶ
3465 2605 3749 2680 παραστὰς

2093 2705 2329 2762 ἐνώπιον
2363 2703 2549 2773 αὐτοῦ,
2575 2703 2664 2758 καὶ
2694 2703 2786 2758 τὸν
2818 2703 3045 2775 Χριστὸν
3105 2696 3486 2773 ὁμολογήσας,
3539 2693 3747 2772 ἓτύφθη

2095 2791 2347 2876 σφοδρῶς
2404 2793 2506 2850 Καὶ
2538 2790 2736 2867 σίδηρα
2791 2791 2956 2868 βαρέα
3007 2787 3327 2866 περιτεθεῖς,
3376 2784 3452 2848 είς
3491 2782 3746 2876 φυλακήν

2095 2873 2387 2955 ἐνεϐλήθη,
2439 2884 2532 2940 καὶ
2584 2886 2655 2957 τῇ
2708 2883 2830 2956 ἑξῆς
2887 2881 3079 2957 ἀχθεὶς
3146 2877 3224 2943 εἷς
3305 2875 3595 2954 ἰρώτησιν,
3651 2873 3748 2930 καὶ

2093 2975 2447 3052 ἀναγκασθεὶς
2481 2974 2812 3050 ἀρνήσασθαι
2841 2972 2934 3027 τὸν
2975 2970 3233 3046 Χριστὸν,
3284 2967 3373 3023 καὶ
3426 2969 3578 3031 θῦσαι
3625 2970 3750 3052 τοῖς

2093 3049 2373 3133 εῗόὧλοις,
2408 3063 2499 3119 καὶ
2519 3049 2610 3136 ⁷μή
2672 3059 2937 3126 πεισθεὶς,
2990 3057 3300 3134 ἐκρεμάσθη
3331 3055 3390 3110 ἐκ
3415 3058 3523 3110 τῶν
3555 3049 3749 3109 ποδῶν

2092 3155 2180 3211 ἐπὶ
2208 3153 2395 3226 ξύλου,
2435 3153 2526 3208 καὶ
2577 3151 2853 3221 κατεκόπη
2901 3154 3022 3212 ταῖς
3075 3147 3338 3221 μάστιξιν.
3397 3145 3532 3202 Εἶτα
3585 3163 3748 3198 κατε-

336 3237 407 3293 ad
435 3246 765 3295 extremum
789 3257 976 3313 usque
1001 3222 1273 3313 spiritum
1296 3242 1358 3296 in
1380 3241 1592 3296 Christi
1607 3241 1982 3297 confessione

2102 3222 2516 3318 κάη-λαμπάσι·
2575 3240 2666 3296 καὶ
2726 3237 2892 3315 μέχρι
2949 3235 3262 3298 τελευταίας
3310 3233 3584 3302 ἀναπνοῆς
3639 3231 3750 3306 ἒμ-

333 3329 680 3398 persistens,
701 3331 881 3403 gladii
915 3333 1276 3388 sententiam
1311 3331 1530 3399 subiit;
1563 3337 1623 3387 et
1651 3337 1816 3386 extra
1831 3330 1980 3386 civi-

333 3420 516 3473 tatem
537 3426 824 3490 raptatus,
889 3437 1056 3479 sacro
1117 3422 1312 3494 capite
1365 3421 1792 3489 obtruncatur;
1851 3419 1984 3491 ejus

332 3523 468 3563 vero
499 3509 750 3567 cadaver
796 3512 1042 3568 canibus
1100 3511 1427 3568 vorandum
1476 3511 1830 3584 projectum,
1892 3526 1982 3565 se-

333 3598 587 3670 pulturae
619 3600 933 3656 aXanthio
982 3602 1240 3673 quodam
1299 3602 1397 3673 pio
1453 3601 1576 3655 viro
1636 3599 1751 3656 fuit
1798 3598 1978 3655 tradi-

336 3691 484 3741 tum.

407 3805 480 3858 Et
506 3810 781 3860 certamen
804 3809 984 3861 sancti
1009 3808 1193 3891 Patris
1219 3804 1398 3891 nostri
1421 3803 1712 3862 Emiliani
1734 3805 1915 3879 Cyzici

1025 3880 1290 3948 episcopi.

409 3981 657 4038 Sanctus
688 3983 862 4039 Pater
883 3989 1086 4040 noster
1139 3990 1197 4040 et
1252 3999 1504 4057 magnus
1564 3999 1732 4040 sacer
1763 3988 1988 4056 martyr

340 4075 518 4140 atque
576 4071 882 4129 confessor
930 4073 1284 4131 Emilianus
1341 4073 1708 4146 temporibus
1779 4090 1985 4130 eorum

342 4160 566 4216 exstitit
595 4161 1150 4235 imperatorum,qui
1182 4162 1541 4237 imaginibus
1562 4161 1984 4233 erantinfensi,

346 4248 530 4320 Cyzici
557 4251 891 4324 episcopus.
924 4253 1054 4308 Non
1108 4253 1326 4325 pietate
1378 4252 1554 4309 modo
1612 4258 1672 4308 et
1717 4251 1986 4322 scientia,

344 4341 693 4412 caeterisque
727 4342 1177 4414 institutis,qua3
1199 4342 1351 4398 vei-is
1384 4349 1522 4398 sunt
1547 4341 1725 4416 digna
1746 4342 1986 4414 pontifi-

343 4429 642 4497 cibus,sed
675 4432 1086 4488 misericordia
1115 4433 1296 4488 etiam
1325 4449 1466 4506 erga
1487 4447 1801 4505 pauperes,
1825 4447 1989 4487 com-

342 4519 747 4587 miseratione,
772 4521 1320 4596 longanimitate,ac
1345 4521 1712 4594 benignitate
1734 4520 1988 4577 refulsit.

2097 3338 2286 3412 μείνας
2315 3341 2384 3412 τῇ
2418 3333 2495 3399 εἷς
2524 3334 2758 3412 Χριστὸν
2807 3330 3104 3407 ὁμολογίᾳ,
3150 3324 3314 3386 ἔλαϐε
3359 3329 3459 3399 τήν
3511 3324 3600 3382 διὰ
3646 3329 3752 3381 τοῦ

2095 3427 2280 3506 ξίφους
2337 3419 2630 3505 ἀπόφασιν.
2689 3420 2794 3480 Καὶ
2851 3418 3132 3484 ἕλκυσθεὶς
3179 3413 3280 3490 ἔξω
3340 3423 3452 3506 ’τῆς
3503 3414 3752 3506 πόλεως,

2093 3501 2195 3585 τήν
2230 3516 2377 3591 ἱεράν
2407 3501 2652 3594 κεφαλὴν
2685 3512 2854 3568 αὐτοῦ
2885 3510 3200 3583 ἀπετμήθη.
3232 3507 3305 3565 Τὸ
3336 3503 3393 3562 δὶ
3438 3508 3600 3578 σῶμα
3645 3501 3754 3594 αὖ..

2093 3608 2197 3661 τοῦ
2229 3605 2378 3684 ριφὶν
2407 3608 2526 3667 τοῖς
2556 3601 2708 3658 κυσὶν
2743 3599 2820 3666 εἷς
2870 3601 3098 3677 βρῶσιν,
3153 3597 3259 3654 ὑπὸ
3313 3595 3554 3660 Ξανθίου
3597 3593 3749 3656 τινος

2099 3690 2370 3758 εὐλαϐοὖς
2399 3691 2673 3770 παρεδόθη
2701 3694 2868 3769 ταφῇ.

2101 3805 2204 3864 Καὶ
2262 3802 2492 3878 ἄθλησις
2543 3805 2643 3878 τού
2700 3800 2854 3878 ὁσίου
2911 3798 3122 3878 Πατρρς
3195 3797 3356 3872 ἡμῶν
3414 3791 3754 3869 Δΐμιλιανοῦ

2625 3871 2924 3930 ἰπισκόπου
2956 3870 3210 3942 Κυζίκου.

2169 3981 2501 4060 Αἰμιλιανὸς
2533 3982 2563 4038 ὁ
2595 3979 2646 4037 ἓν
2681 3978 2854 4056 ἁγίοις
2885 3979 3073 4054 Πατὴρ
3105 3975 3265 4046 ἡμῶν
3297 3972 3387 4031 καὶ
3437 3971 3610 4048 μέγας
3664 3973 3754 4028 ἱε-

2103 4059 2406 4153 ρομάρτυρ,
2437 4071 2528 4128 καὶ
2559 4067 2940 4146 ὁμολογητνὲκ,
2989 4067 3057 4138 ἦν
3094 4065 3190 4153 μὶν
3236 4061 3324 4120 ἰπὶ
3371 4067 3482 4119 τῶν
3529 4059 3756 4153 χρύνων

2099 4147 2210 4220 τῶν
2252 4147 2644 4237 ⁷εἰκονομάχων
2699 4155 2993 4234 βασιλέων,
3043 4152 3342 4216 ἐπίσκοπος
3381 4157 3483 4222 τῆς
3532 4147 3761 4208 πόλεως

2103 4253 2360 4325 Κυζίκουο
2389 4251 2661 4326 διέλαμπε
2697 4249 2756 4306 δὲ
2788 4248 2851 4305 ού
2914 4246 3076 4322 μόνον
3127 4241 3368 4317 εὐσεϐείᾳ
3412 4241 3502 4298 καὶ
3549 4242 3760 4318 γνώσει

2103 4346 2194 4403 καὶ
2221 4349 2290 4420 τῇ
2323 4345 2495 4418 λοιπῇ
2524 4342 2845 4398 καταπάτει
2879 4336 3156 4413 πρεπούσῃ
3199 4340 3319 4398 τοῖς
3365 4331 3538 4396 ὅντως
3589 4332 3766 4406 ἀρχι-

2107 4438 2335 4512 ερεῦσιν,
2367 4430 2635 4488 ἀλλὰκαὶ
2689 4429 3051 4504 ἐλεημοσύνη,
3109 4425 3201 4482 καὶ
3260 4420 3590 4512 συμπαθείᾳ,
3655 4441 3765 4512 μα-

2105 4509 2378 4602 κροθυμίᾳ
2404 4541 2463 4577 τε
2491 4520 2581 4577 καὶ
2612 4515 2974 4597 χρηστότητι.
3007 4518 3145 4593 Εἶχε
3171 4512 3229 4571 δὲ
3256 4514 3347 4602 καὶ
3381 4510 3548 4582 ζῆλον
3563 4509 3762 4602 ,θεῖκον

343 4606 512 4662 Zelus
540 4609 630 4662 illi
662 4595 898 4668 divinus
928 4617 1054 4668 erat
1110 4628 1216 4684 pro
1264 4611 1379 4667 fide
1421 4611 1770 4672 orthodoxa.
1803 4610 1985 4666 fiden-

2107 4595 2238 4691 ὗπὶρ
2268 4595 2694 4690 τῆςλόρθοδόξου
2729 4609 2980 4671 πίστεως·
3025 4607 3114 4663 καὶ
3165 4600 3424 4661 διέϐαλλε
3475 4599 3767 4691 παῤῥησίᾳ

343 4699 552 4766 terque
583 4698 776 4754 verbis
808 4717 908 4756 eos
938 4699 1396 4773 perstringebat,
1455 4699 1557 4771 qui
1617 4698 1984 4768 adoratione,

344 4783 649 4842 ethouore
682 4804 880 4845 sacras
910 4791 1201 4864 imagines
1249 4790 1497 4847 minime
1553 4788 1991 4860 prosequeban-

341 4876 458 4936 tur,
493 4875 806 4933 haereticos
836 4878 998 4951 ipsos
1025 4879 1540 4953 appellans,atque
1554 4878 1989 4935 Christiinimi~

345 4978 462 5018 cos.
476 4964 712 5020 Delatus
737 4966 938 5040 itaque
955 4987 990 5025 a
1009 4969 1270 5025 veritatis
1293 4967 1565 5025 hostibus
1585 4967 1742 5040 apud
1772 4967 1989 5024 Christi

343 5052 744 5110 adversarium
796 5057 1216 5130 imperatorem
1257 5059 1532 5126 Leonem,
1564 5057 1988 5130 detentusque,

340 5140 412 5195 ad
448 5158 583 5198 eum
615 5145 844 5202 vinctus
875 5147 1190 5205 adducitur
1213 5153 1420 5220 ;atque
1448 5147 1782 5203 innumeris
1797 5147 1989 5218 primo

342 5231 648 5304 subjectus
673 5235 1178 5306 afﬂictationibus,
1203 5244 1408 5310 postea
1435 5236 1622 5308 patris
1654 5235 1876 5290 finibus
1899 5251 1992 5291 ex-

345 5321 1027 5399 terminatus,plurimas
1057 5340 1374 5399 perpessus
1405 5324 1468 5378 in
1500 5322 1710 5377 exsilio
1731 5321 1991 5377 vexatio-

343 5427 473 5482 nes,
506 5423 956 5473 consummatus
993 5423 1102 5472 est.

419 5544 570 5599 197
604 5549 677 5603 Et
705 5551 974 5606 memoria
991 5548 1171 5605 sancti
1197 5547 1380 5602 Patris
1407 5549 1583 5603 nostri
1615 5545 1923 5604 Theodosii.

421 5684 670 5744 Sanctus
700 5689 877 5746 Pater
905 5693 1110 5746 noster
1139 5683 1504 5744 Theodosius
1533 5701 1568 5744 ο
1614 5685 1852 5744 tenellis
1882 5701 1993 5746 un.

2094 4689 2224 4768 τοὺς
2287 4703 2362 4778 μὴ
2421 4689 2885 4779 προσκυνοῦντας,
2944 4695 3035 4753 καὶ
3116 4697 3397 4768 τιμῶντας
3443 4690 3538 4752 τὰς
3600 4689 3770 4763 ἁγίας

2099 4777 2336 4861 εἰκόνας,
2366 4777 2673 4866 αἱρετικοὺς
2732 4785 2932 4849 αὐτοὺς
2992 4783 3314 4856 ἀποκαλῶν,
3371 4791 3460 4836 και
3518 4777 3771 4866 ἐχθροὺς

2098 4888 2194 4941 τοῦ
2223 4865 2488 4959 Χριστοῦ.
2523 4874 2854 4949 Διαϐληθείς
2885 4876 2976 4932 οὖν
3009 4879 3092 4947 τῷ
3138 4870 3485 4948 μισοχρίστῳ
3536 4865 3771 4959 βασιλεῖ

2099 4957 2291 5030 Λέοντι
2321 4971 2468 5048 παρά
2504 4975 2611 5026 τῶν
2666 4975 2767 5039 τῆς
2823 4963 3082 5036 ἀληθείας
3141 4962 3382 5039 ἐχθρῶν,
3438 4957 3768 5035 κρατηθεὶς,

2100 5067 2254 5142 ἢχθη
2319 5061 2541 5136 δέσμιος
2595 5061 2735 5138 πρὸς
2785 5056 2972 5114 αὐτόν.
3033 5055 3138 5112 Καὶ
3201 5052 3417 5131 μυρίαις
3468 5050 3768 5142 ,κάκ-ώσεσι

2101 5138 2547 5222 καθυποϐληθεὶς
2601 5149 2891 5227 πρότερον,
2949 5145 3169 5220 ὕστερον
3223 5141 3537 5216 ὲξορισθεὶς,
3581 5138 3640 5194 ἰν
3696 5142 3772 5212 τῇ

2101 5241 2282 5319 ἰξορίᾳ
2328 5238 2580 5302 πολλοὺς
2644 5236 2982 5315 πειρασμοὶις
3043 5233 3361 5308 ὑπομείνας,
3437 5228 3772 5317 ἐτελειώθη,

2105 5547 2212 5607 Καὶ
2276 5549 2470 5622 μνήμη
2528 5548 2628 5602 τοῦ
2685 5543 2836 5601 ὁσίου
2897 5541 3110 5618 ῐίατρός
3193 5539 3355 5612 ἡμῶν
3439 5531 3772 5593 Θεοδοσίου.

2179 5682 2471 5748 θεοδόσιος
2512 5685 2541 5740 ὁ
2587 5684 2642 5742 δν
2699 5685 2879 5760 ἁγίοις
2931 5683 3118 5758 Πατὴρ
3177 5681 3362 5755 ἡμῶν,
3421 5677 3474 5749 ιε
3528 5677 3776 5733 ἁπαλῶν
