4082 6200
315 391 438 453 87⁵1

1781 395 2219 465 AUGUSTUS.

3619 399 3740 461 578

321 519 542 597 όνύχων
569 524 641 595 τῇ
666 523 764 576 τοῦ
810 523 1055 596 Χριστοῦ
1107 519 1305 598 ἐντολῇ
1363 524 1705 602 πειθαρχῶν,
1756 529 1821 602 τῇ
1879 528 1973 584 λε-

2113 527 2299 600 ςυίδιιε
2321 527 2739 600 obtemperans
2771 528 2986 586 Christi
3017 532 3311 603 praecepto
3343 527 3556 585 aientis
3582 545 3596 583 :
3630 530 3738 596 Qui

328 610 525 686 γούσῃ·
561 611 747 673 Ὅστις
787 609 885 667 οὐκ
937 611 1133 689 ἀφήσει
1191 614 1397 688 πατέρα
1452 620 1542 670 καί
1604 616 1834 691 μητέρα,
1891 618 1981 673 καὶ

325 697 601 778 ἀδελφοὺς
632 699 724 754 καὶ
756 697 1017 777 ἀδελφὰς,
1072 702 1163 756 καὶ
1219 700 1443 778 ἀγροὺς,
1491 705 1581 759 καὶ
1632 705 1832 773 οἰκίαν,
1890 707 1980 763 καὶ

326 789 430 864 ἀρῃ
463 790 555 843 τὸν
590 788 820 863 σταυρὸν
841 788 1028 857 αὐτοῦ,
1058 790 1144 845 καί
1178 790 1474 857 ἀκολουθεῖ
1503 793 1678 849 ὸπίσω
1740 816 1866 867 μου,
1917 797 1981 852 οὐ

332 876 556 934 δύναταί
586 900 692 951 μου
722 880 855 934 εἶναι
918 882 1191 952 μαθητήςο
1251 881 1541 938 κατέλιπεν
1600 884 1830 954 ἃπαντα,
1892 885 1980 941 καὶ

326 966 461 1043 ἄρας
492 969 660 1023 αὐτοῦ
688 969 781 1024 τὸν
812 969 1039 1044 σταυρὸν
1069 968 1153 1025 ἐπ’
1184 967 1376 1043 ὣμων,
1410 973 1790 1044 ἠκολούθησεν
1834 975 1981 1047 αὐτῷ

320 1056 644 1132 προθύμως.
682 1058 782 1114 Καὶ
817 1057 1113 1133 γενόμενος
1172 1061 1438 1135 μοναχὸς,
1489 1060 1758 1138 ἐμάκρυνε
1805 1076 1984 1141 φυλα-

332 1144 589 1203 δεύωνέν
622 1151 690 1221 τῇ
720 1146 937 1222 ἐρήμῳο
999 1148 1133 1203 ποτὶ
1192 1149 1287 1222 μὶν
1350 1148 1403 1206 ἐν
1454 1147 1606 1225 ὄρεσι
1663 1147 1981 1229 διατρίϐων,

328 1237 464 1294 ποτὶ
493 1234 554 1291 δὲ
596 1237 650 1293 ἐν
708 1237 1001 1307 σπηλαίοις
1062 1236 1447 1313 διαιτώμενος,
1505 1241 1594 1296 καὶ
1649 1242 1985 1320 τρεφόμενος

323 1326 383 1380 ἐκ
415 1331 526 1382 τῶν
555 1332 781 1402 καρπῶν
808 1332 914 1383 τῶν
948 1324 1211 1405 δένδρων,
1248 1329 1340 1386 καὶ
1384 1334 1494 1387 τῶν
1541 1330 1979 1411 παραφυομένων

323 1420 445 1477 ταῖς
475 1414 697 1491 πέτραις
720 1416 987 1491 βοτανῶν⁶
1024 1413 1076 1471 ἐν
1132 1416 1283 1472 νυκτὶ
1338 1420 1427 1474 καὶ
1478 1416 1662 1497 ἡμέρᾳ
1707 1419 1801 1477 τόν
1854 1422 1983 1479 Θεὸν

326 1502 679 1580 παρακαλῶν,
711 1505 846 1578 ὑπὶρ
877 1505 1072 1561 ἑαυτοῦ
1120 1506 1212 1561 καὶ
1264 1507 1400 1584 ὑπὶρ
1460 1515 1567 1579 τῆς
1616 1515 1716 1566 τοῦ
1771 1511 1985 1583 κόσμου

328 1594 623 1670 σωτηρίας.
684 1595 845 1654 Οὕτω
915 1594 975 1651 δὲ
1044 1597 1216 1672 βιοὺς,
1275 1596 1491 1670 ἐδέξατο
1544 1601 1633 1656 καὶ
1692 1604 1983 1676 θαυμάτων

328 1685 515 1760 χάριν,
570 1684 661 1740 καὶ
719 1683 967 1749 πολλοὺς
1023 1686 1384 1753 ἀσθενοῦντας
1442 1690 1791 1764 θεραπεύσας,
1851 1692 1989 1768 πρὸς

333 1774 454 1828 Θιὸν
488 1772 791 1849 ἐξεδήμησε
823 1774 1057 1853 χαίρων.

2087 636 2208 675 non
2240 620 2543 691 relinquet
2571 626 2821 692 patrem,
2857 627 2915 677 et
2964 626 3237 689 matrem,
3291 627 3348 677 et
3394 622 3630 692 fratres,
3689 628 3748 677 et

2090 726 2346 775 sorores,
2381 716 2438 765 et
2466 725 2658 782 agros,
2690 715 2749 765 et
2778 709 3043 778 domum,
3068 728 3136 766 ac
3168 728 3288 766 non
3320 711 3741 768 tolletcrucem

2091 816 2279 866 suam,
2311 804 2370 855 et
2400 805 2682 870 sequetur
2711 816 2828 865 me,
2862 817 2983 856 non
3003 806 3387 872 potestmeus
3420 819 3546 857 esse
3571 801 3746 858 disci-

2088 888 2264 961 pulus
2289 906 2301 955 ;
2336 895 2550 944 cuncta
2580 888 2922 961 dereliquit.
2955 907 3314 962 crucemque
3343 907 3535 956 suam,
3560 908 3743 963 super

2089 978 2372 1032 humeros
2404 978 2641 1039 tollens.
2676 978 2956 1034 alacriter
3010 987 3247 1036 secutus
3300 985 3389 1035 est
3443 997 3627 1045 eum;
3684 987 3744 1037 et

2091 1065 2419 1121 solitariam
2449 1066 2627 1120 vitam
2656 1067 2986 1138 amplexus,
3013 1069 3258 1124 secessit
3280 1069 3510 1138 fugiens
3533 1068 3593 1123 in
3618 1085 3747 1127 ere-

2093 1171 2280 1211 mum.
2316 1156 2384 1209 Et
2414 1154 2590 1210 modo
2620 1156 2682 1211 in
2716 1157 3019 1212 montibus
3057 1158 3419 1226 versabatur,
3477 1160 3652 1214 modo
3683 1161 3747 1217 in

2092 1244 2397 1318 speluncis
2427 1244 2700 1317 degebat,
2754 1252 2932 1317 atque
2993 1263 3064 1302 ex
3119 1246 3397 1303 arborum
3455 1248 3746 1306 fructibus

2092 1333 2439 1390 vescebatur
2469 1334 2793 1406 herbisque
2828 1334 3291 1393 adnascentibus
3322 1338 3383 1393 in
3415 1338 3619 1409 petris,
3644 1339 3745 1395 diu

2093 1430 2391 1497 noctuque
2415 1425 2604 1482 Deum
2630 1425 2958 1499 deprecans
2977 1444 3081 1499 pro
3101 1444 3207 1483 sua
3233 1434 3291 1482 et
3308 1430 3515 1484 mundi
3532 1430 3743 1489 salute.

2094 1516 2284 1586 Atque
2315 1514 2399 1571 ita
2419 1515 2597 1571 vitam
2631 1532 2833 1589 agens,
2859 1516 3081 1572 donum
3111 1516 3290 1572 etiam
3318 1518 3745 1573 miraculorum

2094 1605 2349 1677 accepit;
2384 1621 2451 1661 ac
2505 1604 2777 1677 pluribus
2826 1606 3082 1663 inﬁrmis
3143 1607 3395 1663 sanitate
3447 1609 3745 1677 restituta,

2095 1693 2265 1748 laatus
2299 1695 2607 1768 emigravit
2635 1696 2708 1751 ad
2739 1697 2944 1753 Deum.

330 1899 429 1955 Καὶ
471 1901 666 1974 μνήμη
723 1904 822 1956 τοῦ
889 1900 941 1957 ἐν
994 1900 1435 1980 magna»;
1486 1906 1646 1978 ἡμῶν
1704 1905 1794 1961 καὶ
1848 1917 1972 1971 θαυ-

2113 1894 2167 1949 Et
2242 1892 2510 1947 memoria
2584 1895 2764 1949 sancti
2796 1893 3025 1980 __Patri_s
3103 1894 3283 1950 nostri
3362 1896 3748 1966 thaumaturgi

839 1977 1154 2050 ματουργοῦ
1183 1975 1473 2049 Μύρωνος.

402 2088 606 2163 Μύρων
641 2088 754 2145 ὁὲν
807 2089 986 2166 ἁγίοις
1044 2090 1135 2146 καὶ
1193 2088 1357 2169 μέγας
1416 2094 1702 2172 ἱεράρχης,
1761 2097 1826 2167 ἦν
1892 2098 1985 2170 μὶν

335 2180 392 2237 ἐκ
419 2187 521 2250 τῆς
554 2182 726 2251 νήσου
761 2182 1004 2257 Κρήτης,
1039 2180 1127 2237 ἐπὶ
1158 2188 1260 2253 τῆς
1312 2183 1595 2259 βασιλείας
1644 2186 1854 2259 Δεκίου,
1903 2186 1988 2244 εὖ·

333 2275 499 2345 γενῶν
534 2267 594 2325 δὶ
622 2271 824 2345 γονέων
856 2269 996 2328 υἱός.
1026 2271 1143 2348 Ὑφ’
1175 2273 1249 2330 ὧν
1296 2272 1386 2328 καὶ
1446 2276 1693 2350 ζευχθεὶς
1748 2276 1987 2350 γυναικὶ,

340 2359 688 2416 ἐπολιτεύετο
751 2354 1005 2425 εὐσεϐῶςο
1065 2362 1154 2417 καὶ
1236 2361 1596 2438 ἐργαζόμενος
1653 2364 1989 2435 ξσπουδαίως

340 2451 435 2516 τήν
459 2457 589 2525 γῆν.
653 2446 924 2527 διέτρεφεν
984 2451 1044 2506 ἐκ
1098 2456 1207 2507 τῶν
1267 2457 1487 2528 καρπῶν
1548 2454 1677 2517 τοὺς
1734 2456 1989 2527 πένητας.

344 2540 531 2614 Ἐχων
588 2535 646 2594 δέ
700 2558 834 2594 ποτε
888 2546 1071 2609 κῆπον
1156 2535 1470 2614 ἐρεϐίνθων,
1526 2542 1674 2617 εὗρεν
1733 2542 1784 2599 ἐν
1846 2546 1993 2618 αὐτῷ

343 2625 675 2691 κλέπτοντάς
728 2650 880 2690 τινας
958 2624 1282 2703 ἐρεϐίνθους.
1346 2628 1556 2695 Οἵτινες
1616 2631 1837 2689 ἐδόκουν
1896 2636 1989 2709 μὶν

345 2719 592 2791 συνάγειν
671 2713 998 2790 ἐρεϐίνθους,
1085 2714 1393 2791 ἐλάμϐανον
1447 2719 1501 2777 Si
1574 2722 1827 2788 ἀκάνθας.
1890 2725 1993 2781 Καί

346 2802 469 2867 δοὸς
503 2806 688 2869 αὐτοῖς
720 2802 1052 2879 ἐρεϐίνθους,
1084 2807 1370 2867 ἀπέλυσεν.
1426 2811 1520 2868 Καὶ
1566 2811 1770 2876 ἄλλους
1819 2815 1992 2887 εὑρὼν

351 2894 402 2949 ἐν
432 2898 502 2969 τῇ
535 2896 702 2951 ἀλωνι
736 2898 1064 2973 γεμίσαντας
1091 2897 1220 2961 τοὺς
1278 2901 1510 2963 σάκκους
1570 2900 1772 2957 ἐαυτῶν
1822 2903 1995 2975 σίτου,

343 2986 428 3040 καί
489 2988 566 3057 μή
629 2982 962 3058 δυναμένους
1018 2987 1271 3065 κουφίσαι
1326 2988 1543 3061 αὐτοὺς,
1598 2991 1856 3064 ἐπέθηκεν
1908 2993 1995 3049 ἐπὶ

340 3078 448 3130 τῶν
484 3071 653 3149 ὣμων
686 3076 861 3131 αὐτῶν
892 3075 1023 3139 τοὺς
1056 3077 1309 3149 σάκκους,
1341 3080 1431 3134 καὶ
1478 3079 1734 3151 ἀπέλυσε,
1782 3104 1995 3160 παραγ-

343 3164 534 3239 γείλας
564 3165 841 3236 ἀπελθεῖν,
874 3165 964 3221 καὶ
1028 3172 1226 3240 μηκέτι
1276 3167 1498 3243 κλέψαῖ.
1550 3173 1685 3229 Εἶτα
1741 3192 2000 3250 χειροτο-

342 3256 526 3325 νηθεὶς
556 3251 939 3331 πρεσϐύτερος,
971 3258 1061 3313 καὶ
1118 3259 1254 3331 μετὰ
1305 3264 1475 3316 ταῦτα
1520 3260 1841 3337 ἐπίσκοπος,
1899 3266 1989 3321 καὶ
2029 3277 2075 3342 c

342 3348 444 3411 τῆς
486 3344 562 3408 εἷς
594 3345 721 3409 τοὺς
751 3347 984 3418 πένητας
1015 3346 1396 3423 ἐλεημοσύνης
1430 3349 1708 3426 μηδέποτε
1739 3353 2003 3414 ἐπιλαθό-

348 3457 533 3509 μενος,
562 3436 614 3494 ἐν
647 3437 837 3515 εἰρήνῃ
861 3437 1159 3513 ἐκοιμήθη.

483 3574 587 3631 Καὶ
617 3572 853 3647 ἄθλησις
882 3581 981 3633 τοῦ
1010 3576 1174 3653 ἁγίου
1208 3580 1483 3657 μάρτυρος
1513 3582 1869 3645 Ἀντῶνίνου.

422 3690 767 3759 Ἀντωνῖνος,
799 3695 829 3751 δ
876 3699 973 3751 τοῦ
1028 3697 1266 3770 Χριστοῦ
1327 3697 1554 3776 μάρτυς,
1610 3702 1677 3771 ἦν
1742 3702 1837 3776 μὶν
1898 3704 2005 3761 ἀπὸ

345 3777 768 3857 Ἀλεξανδρείας
793 3791 893 3855 τῆς
921 3784 1159 3856 πόλεως,
1209 3789 1534 3861 Χριστιανὸς
1592 3787 1650 3845 δὲ
1703 3793 1793 3847 καὶ
1844 3792 2006 3850 εὐλα-

349 3863 458 3938 ϐἡς
489 3871 580 3925 καὶ
608 3866 948 3945 φοϐούμενος
1000 3875 1095 3929 τὸν
1154 3874 1309 3932 Θεόν.
1358 3876 1457 3931 Διά
1502 3882 1663 3934 τοῦτο
1715 3882 2006 3954 κρατηθεὶς

352 3958 461 4014 ὑπὸ
491 3963 597 4013 τῶν
631 3957 1081 4039 είδωλολατρῶν,
1133 3966 1436 4041 προσήχθη
1486 3971 1567 4039 τῷ
1614 3967 1864 4045 ἄρχοντι·
1915 3970 2007 4025 καὶ

350 4047 652 4123 ἐρωτηθεὶς
681 4048 1017 4126 ὡμολόγησε
1070 4052 1163 4109 τὸν
1212 4053 1469 4126 Χριστόν.
1529 4058 1867 4131 Κρεμασθεὶς
1914 4060 2006 4115 οὗν

351 4136 443 4193 ἐπὶ
475 4136 666 4211 ξύλου,
698 4137 882 4210 ἐξέσθη
926 4138 1199 4219 σφοδρῶς.
1259 4142 1362 4202 Καὶ
1416 4142 1853 4220 ἀναγκαζόμενος
1906 4149 2010 4205 ὑπὸ

350 4231 463 4283 τῶν
498 4224 714 4299 δημίων
746 4230 834 4283 καὶ
867 4234 977 4284 τῶν
1007 4231 1426 4306 παρισταμένων
1456 4238 1537 4307 τῷ
1566 4232 1795 4311 ἄρχοντι
1850 4258 2013 4314 στρα-

352 4320 595 4385 τιωτῶν,
654 4316 992 4391 ἀρνήσασθαι
1050 4322 1142 4375 τὸν
1200 4322 1465 4394 Χριστὸν,
1522 4324 1611 4379 καὶ
1666 4324 2011 4397 ἀπολυθῆναι

351 4410 456 4472 τῆς
494 4404 752 4477 βασάνου,
784 4407 947 4468 αὐτὸς
1000 4405 1214 4479 μᾶλλον
1278 4410 1496 4486 μεγάλῃ
1554 4415 1623 4486 τῇ
1685 4418 1861 4489 φωνῇ.
1919 4416 2013 4471 τὸν

359 4493 459 4564 μὶν
490 4493 719 4567 Χριστὸν
752 4496 880 4551 Θεὸν
914 4496 1174 4566 ἀληθινὸν
1211 4498 1557 4572 ἀνεκήρυττε·
1589 4501 1655 4557 τὰ
1706 4500 1763 4558 δὶ
1811 4501 2015 4560 εἶ’δωλα

355 4581 448 4636 καὶ
478 4580 607 4643 τοὺς
635 4589 1069 4658 προσκυνοῦντας
1102 4586 1237 4643 αὐτά
1266 4585 1501 4663 διέσυρε,
1557 4592 1648 4646 καὶ
1697 4591 2012 4668 ἐχλεύαζεν.

2788 1968 3052 2037 Myronis.

2169 2073 2369 2143 Myron
2403 2076 2645 2128 sanctus
2675 2089 3043 2146 magnusque
3073 2072 3340 2146 pontifex
3370 2073 3484 2127 fuit
3532 2090 3601 2127 ex
3651 2075 3744 2129 iu-

2098 2160 2229 2216 sula
2253 2161 2458 2230 Cretaa,
2494 2162 2669 2217 Decio
2701 2161 3079 2234 imperatore,
3114 2161 3408 2217 nobilium
3432 2168 3748 2234 parentum

2098 2250 2278 2317 ﬁlius,
2304 2266 2338 2305 a
2360 2249 2575 2323 quibus
2596 2251 2893 2306 connubio
2918 2251 3151 2306 feminae
3171 2252 3439 2322 junctus,
3466 2268 3536 2307 ex
3556 2253 3748 2323 pieta-

2100 2341 2173 2395 tis
2204 2340 2408 2414 regula
2435 2340 2611 2395 vitam
2645 2357 2811 2396 suam
2870 2341 3196 2412 dirigebat;
3236 2358 3302 2396 ac
3336 2348 3551 2396 terram
3586 2342 3748 2397 omni

2099 2444 2240 2485 cura
2270 2429 2495 2496 colens,
2528 2429 2819 2484 fructibus
2858 2447 3147 2502 pauperes
3198 2430 3413 2486 alebat.
3456 2434 3597 2486 Cum
3630 2447 3745 2486 au-

2103 2522 2219 2573 tem
2254 2518 2493 2572 hortum
2526 2517 2845 2589 quemdam
2891 2518 3082 2573 cicere
3131 2519 3426 2573 consitum
3477 2518 3743 2585 haberet,

2100 2606 2324 2676 reperit
2344 2605 2633 2677 quosdam
2658 2606 2813 2661 cicer
2830 2605 3358 2677 subripientes,qui
3382 2605 3521 2660 dum
3536 2612 3749 2678 putant

2100 2694 2256 2750 cicer
2284 2694 2583 2767 colligere,
2617 2695 2817 2768 spinas
2847 2693 3217 2766 accipiebant
3244 2711 3257 2749 :
3290 2702 3348 2749 at
3378 2696 3504 2767 ipse
3558 2697 3748 2753 cicere

2101 2783 2237 2839 dato
2270 2800 2370 2839 eos
2400 2784 2646 2839 dimisit.
2676 2784 2821 2839 Aliis
2852 2784 3031 2839 etiam
3072 2784 3479 2856 deprehensis,
3532 2786 3632 2857 qui
3689 2786 3750 2843 in

2103 2874 2233 2944 ejus
2262 2889 2401 2928 area
2432 2889 2633 2929 saccos
2662 2872 3053 2945 impleverant
3081 2872 3400 2936 frumento,
3428 2890 3621 2947 neque
3649 2893 3751 2947 po-

2104 2967 2300 3018 terant
2328 2979 2429 3018 eos
2462 2964 2692 3031 efferre,
2723 2963 2848 3036 ipse
2871 2963 3111 3019 illorum
3133 2963 3400 3018 humeris
3420 2981 3622 3020 saccos
3648 2966 3753 3021 im-

2104 3055 2322 3125 posuit,
2358 3058 2416 3109 et
2447 3053 2660 3109 missos
2690 3052 2849 3119 fecit,
2880 3052 3210 3108 admonens
3239 3058 3305 3108 ut
3357 3053 3608 3120 abirent,
3644 3071 3753 3111 nec

2105 3141 2363 3213 amplius
2393 3142 2752 3198 furarentur.
2785 3142 3099 3214 Presbyter
3119 3148 3324 3215 postea
3345 3150 3750 3209 consecratus,

2109 3247 2178 3287 ac
2210 3230 2425 3287 deinde
2458 3232 2795 3305 episcopus,
2829 3237 2886 3285 et
2914 3231 3389 3286 misericordiam
3426 3249 3564 3305 erga
3608 3249 3760 3305 pau-

2116 3337 2292 3395 peres
2350 3337 2659 3394 nunquam
2718 3337 2788 3375 ex
2844 3319 3045 3375 animo
3122 3319 3430 3391 ainciens,
3490 3321 3551 3376 in
3622 3338 3768 3394 pace

2118 3410 2361 3483 quievit.

2253 3564 2409 3623 198
2440 3565 2507 3621 ει
2536 3570 2813 3621 certamen
2843 3567 3023 3620 sancti
3050 3566 3312 3635 martyris
3344 3563 3627 3620 Antonini.

2190 3691 2529 3747 Antoninus
2553 3690 2767 3747 Christi
2790 3695 3016 3764 martyr
3037 3707 3104 3745 ex
3128 3690 3272 3746 urbe
3291 3688 3774 3762 prodiitAlexan-

2120 3779 2271 3848 dria,
2304 3780 2391 3836 vir
2438 3779 2881 3850 Christiﬂdelis,
2940 3780 3097 3853 pius,
3155 3796 3223 3834 ac
3273 3779 3489 3834 timens
3548 3780 3773 3835 Deum:

2120 3876 2441 3943 propterea
2469 3869 2541 3926 ab
2574 3869 2910 3926 idololatria
2940 3869 3427 3941 comprehensus,
3460 3868 3533 3925 ad
3561 3869 3774 3941 praefe-

2121 3964 2283 4016 ctum
2341 3959 2704 4028 adducitur;
2764 3967 2943 4030 atque
3002 3960 3419 4032 interrogatus,
3478 3959 3777 4015 Christum

2123 4049 2461 4106 conﬁtetur.
2492 4051 2559 4106 In
2588 4049 2813 4123 lignum
2834 4050 3034 4121 itaque
3057 4065 3405 4117 suspensus,
3430 4049 3648 4105 acriter
3667 4048 3781 4103 fuit

2125 4139 2489 4203 dilaniatus:
2532 4146 2891 4211 coactusque
2940 4155 2976 4194 a
3024 4138 3333 4193 lictoribus
3380 4143 3439 4193 et
3484 4138 3775 4195 militibus

2124 4229 2399 4302 prmfecto
2420 4229 2775 4294 astantibus,
2804 4228 3101 4282 Christum
3135 4226 3449 4299 abnegare,
3486 4233 3550 4280 ut
3578 4243 3613 4280 a
3640 4242 3778 4281 cru—

2126 4318 2285 4374 ciatu
2307 4317 2730 4382 absolveretur.
2760 4334 2827 4374 eo
2849 4318 3035 4389 magis
3054 4317 3179 4387 ipse
3199 4316 3498 4370 Christum
3532 4315 3774 4387 quidem

2127 4410 2313 4465 Deum
2343 4424 2547 4463 verum
2586 4407 2987 4480 praedicabat;
3034 4406 3196 4463 idola
3242 4422 3378 4461 vero
3430 4411 3490 4460 et
3536 4406 3779 4467 illorum

2127 4497 2387 4553 cultores
2449 4496 2767 4569 sugillabat
2797 4495 3164 4567 ridebatque.
3195 4496 3306 4550 Diu
3328 4499 3528 4549 autem
3560 4495 3620 4549 in
3657 4502 3778 4552 tor-

2129 4587 2352 4644 mentis
2374 4586 2880 4660 persistens,ignis
2895 4585 3253 4641 sententiam
3276 4583 3475 4639 subiit.
3488 4585 3578 4641 Sic
3595 4586 3780 4643 Deum

356 4669 635 4727 Ἐπιπολὸ
669 4669 726 4727 δὲ
756 4679 877 4735 ταῖς
913 4676 1168 4750 βασάνοις
1222 4662 1870 4753 προσκαρτερήσαςξ-τήν
1922 4662 1996 4738 διέ

2123 4683 2420 4751 precatus,
2444 4683 2622 4749 atque
2654 4693 2754 4732 eos
2780 4675 2883 4749 qui
2930 4675 3198 4742 aderant,
3253 4679 3318 4729 ut
3368 4674 3559 4730 solum
3611 4675 3774 4730 Chri-

355 4763 453 4814 τοῦ
509 4760 684 4834 πυρὸς
743 4761 1015 4840 ἀπόφασιν
1068 4760 1253 4821 ἔλαϐε.
1319 4767 1419 4822 Καὶ
1477 4766 1649 4831 οὕτως
1705 4768 2013 4845 εὐξάμενος,

358 4847 450 4902 καὶ
507 4851 639 4912 τοῦς
706 4858 1055 4928 παρεστῶτας
1112 4852 1329 4929 διδάξας
1389 4858 1556 4931 μόνον
1615 4859 1707 4915 τὸν
1783 4862 2012 4937 Χριστὸν

358 4938 639 5014 γνωρίζειν
674 4943 827 5009 Θεὸν,
864 4944 1093 5019 βληθεὶς
1152 4944 1228 5008 εἷς
1283 4946 1386 5017 τὴν
1430 4948 1684 5022 κάμινον,
1734 4949 2016 5027 παρέδωκε

361 5027 460 5095 τήν
497 5028 765 5102 μακαρίαν
799 5034 969 5089 αὐτοῦ
996 5036 1209 5112 ψυχήν.

436 5117 549 5207 ΚιιιίΔ
595 5117 829 5192 ἄθλησις
877 5127 984 5179 τῶν
1041 5125 1209 5200 ἁγίων
1273 5125 1560 5205 μαρτύρων
1647 5126 2013 5207 Ἐλευθερίου,

369 5203 657 5272 Δεονίδους
675 5211 766 5266 καὶ
795 5216 905 5268 τῶν
936 5213 1174 5285 νηπίων.

917 5359 1106 5418 ΜΗΝΙ
1143 5361 1235 5419 ΤΩ
1272 5364 1463 5420 ΑῙἽὪ.

591 5533 863 5607 ’Λθλησις
884 5542 981 5593 τοῦ
1012 5456 1516 5613 ἁγίουθάποστόλου
1546 5539 1779 5599 Ματθία.

441 5648 679 5715 Ματθίας
709 5655 861 5709 ὁτοῦ
910 5659 1149 5726 Χριστοῦ
1197 5655 1529 5726 ἀπόστολος,
1591 5658 1855 5733 πρὸτερον
1920 5660 2014 5732 μὶν

374 5734 440 5800 ἦν
469 5734 543 5800 εἰς
571 5744 676 5795 τῶν
736 5738 1120 5818 ἑϐδομήκοντα
1177 5745 1519 5817 ἀποστόλων,
1581 5743 1896 5824 διαπρέπων
1958 5747 2012 5807 ἐν

2125 4772 2282 4824 stum
2325 4768 2505 4823 Deum
2537 4771 2950 4841 agnoscerent,
3014 4765 3308 4828 hortatus,
3362 4765 3423 4819 in
3474 4764 3774 4822 fornacem

2123 4857 2405 4929 injectus,
2434 4856 2670 4914 beatam
2700 4872 2869 4914 suam
2900 4856 3162 4912 animam
3193 4856 3311 4912 Deo
3344 4854 3608 4911 tradidit.

2200 5121 2265 5172 Et
2293 5115 2595 5173 certamen
2654 5115 2999 5170 sanctorum
3055 5114 3387 5184 martyrum
3431 5110 3774 5180 Eleutherii,

2127 5207 2404 5268 Leonidis
2433 5209 2493 5260 et
2520 5217 2863 5277 puerorum.

2687 5345 2933 5404 EODEM
2972 5345 3228 5401 MENSE.

2802 5434 2903 5491 Die
2945 5450 3106 5492 nona

2423 5532 2707 5591 Certamen
2737 5534 2915 5589 sancti
2944 5530 3180 5604 apostoli
3210 5528 3479 5587 Matthiae.

2197 5652 2470 5712 Matthias
2497 5651 2716 5709 Christi
2748 5648 3051 5723 apostolus
3078 5648 3334 5719 primum
3354 5644 3595 5718 quidem
3616 5655 3773 5699 unus

2128 5750 2254 5806 erat
2284 5760 2355 5801 ex
2386 5741 2764 5815 septuaginta
2793 5737 3099 5813 apostolis,
3151 5736 3315 5794 omni
3355 5734 3565 5789 virtute
3619 5730 3774 5786 inter
