4084 6202
350 369 479 436 581

906 504 1085 560 ΜΗΝΙ
1125 502 1218 560 ΤΩ
1256 505 1449 559 ΑΥΤΩ.

1140 591 1227 647 ΙΑ¹

542 679 812 751 Ἀθλησις
838 679 939 734 τοῦ
971 679 1130 753 ἁγίου
1160 679 1558 755 ἱερομάρτυρος
1588 676 1835 738 Είίπλου.

435 779 838 842 Εὔπλοςότοῦ
896 782 1131 852 Χριστοῦ
1194 778 1397 855 μάρτυς
1461 781 1709 854 ὑπῆρχεν
1767 779 1854 834 ἐπὶ
1912 784 2014 848 τῆς

366 870 645 946 βασιλείας
677 866 1072 938 Διοκλητιανοῦ
1106 867 1164 922 ἐκ
1191 875 1291 937 τῆς
1337 866 1552 930 πόλεως
1604 870 1856 936 Κατάνης
1916 875 2017 936 τῆς

361 959 411 1014 ἐν
444 957 673 1028 Σικελίᾳ
700 959 768 1029 τῇ
800 957 972 1027 νήσῳ.
1034 954 1295 1016 Διαίκονος
1328 953 1385 1009 δὲ
1414 952 1486 1009 ὥν
1510 962 1610 1024 τῆς
1644 954 1696 1010 ἐν
1742 956 1876 1027 αὐτῇ
1927 953 2013 1009 ἐκ·

360 1042 617 1115 κλησίας,
651 1040 897 1098 ἐδίδασκε
926 1042 1016 1096 τὸν
1050 1040 1181 1096 λαὸν
1242 1042 1341 1109 τήν
1394 1041 1469 1104 εἷς
1520 1041 1759 1117 Χριστὸν
1812 1041 2012 1108 πίστιν,

367 1136 830 1209 ὑπαναγινώσκων
857 1133 951 1194 τὰς
984 1133 1131 1207 ἱερὰς
1188 1134 1418 1208 Γραφάς·
1473 1129 1587 1188 ὅθεν
1642 1130 2013 1208 διαγνωσθεῖς,

360 1226 452 1281 καὶ
487 1225 778 1300 κρατηθεὶς
838 1223 940 1279 ὑπὸ
997 1227 1093 1276 τοῦ
1152 1222 1440 1299 ἄρχοντος,
1499 1223 1589 1278 καὶ
1645 1224 1736 1278 τὸν
1786 1225 2013 1295 Χριστὸν

360 1316 691 1389 ἀρνήσασθαι
728 1312 986 1388 βιασθεὶς,
1018 1313 1109 1367 καί
1165 1315 1240 1386 μή
1300 1313 1559 1380 πεισθεὶς,
1612 1310 1769 1382 ὶδὲθη
1828 1318 2019 1389 χεῖρας

359 1404 452 1459 καὶ
486 1401 676 1466 πόδας,
719 1402 815 1457 Καὶ
867 1402 1193 1475 κρεμασθεῖς
1253 1400 1341 1456 ἐπὶ
1403 1401 1595 1472 ξύλου,
1654 1403 1812 1479 χερσὶ
1871 1401 2020 1468 σιδη-

360 1500 484 1566 ραῖς
546 1493 637 1547 καὶ
702 1488 846 1562 ὄνυξι
900 1490 1260 1561 κατεξαίνετο,
1318 1490 1407 1545 καὶ
1466 1492 1707 1566 βαρείαις
1791 1491 2017 1566 σφύραις

363 1585 429 1637 τὲ
458 1583 592 1639 ὀστᾶ
622 1576 981 1654 συνετρίϐετο.
1020 1580 1153 1637 Εἶτα
1207 1584 1303 1634 τοῦ
1360 1579 1524 1651 ξύλου
1582 1576 2018 1659 καταϐιϐασθεὶς,

365 1673 585 1749 φυλακῇ
645 1670 994 1748 ἑναπεῤῥίφη·
1082 1667 1204 1725 ἔνθα
1263 1667 1517 1744 διψήσας,
1577 1670 1665 1725 καὶ
1726 1672 1802 1744 μὴ
1874 1668 2019 1747 ἔχων

361 1760 512 1837 ὕδωρ
544 1762 737 1829 πίνειν,
794 1759 1253 1834 προσευξάμενος,
1312 1762 1494 1834 πηγὴν
1544 1757 1739 1824 ὕδατος
1794 1758 2021 1836 ἐξήγαγε

1855 369 2292 435 AUGUSTUS.

2039 506 2096 573 Α

3656 392 3774 454 582

2675 513 2914 569 EODEM
2955 516 3206 573 MENSE.

2711 603 2812 657 Die
2844 605 3166 662 undecima

2365 690 2652 747 Certamen
2680 697 3017 749 sacrosancti
3047 700 3307 767 martyris
3338 702 3528 772 Eupli.

2195 795 2418 866 Euplus
2449 798 2665 852 Christi
2696 806 2942 872 martyr,
2976 802 3343 859 Diocletiano
3394 806 3772 878 imperatore,

2128 900 2195 938 ex
2218 888 2362 941 urbe
2388 887 2605 943 Catana
2628 889 2687 942 in
2713 890 2912 944 Sicilia
2933 891 3130 947 insula
3151 894 3380 950 claruit.
3408 898 3551 952 Cum
3576 906 3774 954 autem

2127 975 2187 1029 in
2221 976 2489 1044 ejusdem
2522 978 2685 1033 urbis
2718 980 2969 1034 ecclesia
2999 981 3287 1039 diaconus
3337 993 3512 1053 esset,
3560 988 3773 1042 Christi

2128 1064 2243 1119 ﬁde
2274 1066 2558 1136 populum
2592 1067 2915 1132 imbuebat,
2952 1087 3149 1126 sacras
3181 1074 3511 1145 Scripturas
3564 1076 3773 1146 praele-

2125 1155 2691 1226 gens.Quamobrem
2716 1157 3035 1220 delatus,et
3055 1176 3088 1214 a
3114 1162 3365 1231 praeside
3389 1166 3776 1235 comprehen-

2128 1259 2249 1309 sus,
2282 1260 2415 1298 cum
2447 1245 2744 1299 Christum
2769 1245 3062 1319 abnegare
3082 1252 3677 1322 compelleretur.nec
3699 1255 3771 1309 ad

2129 1331 2188 1384 id
2220 1333 2557 1388 faciendum
2592 1334 2791 1389 induci
2826 1342 3048 1406 posset,
3078 1340 3354 1395 manibus
3403 1342 3773 1413 pedibusque

2128 1421 2324 1493 ligatis
2355 1422 2417 1477 in
2474 1423 2795 1494 equuleum
2857 1442 3206 1497 suspensus,
3266 1428 3474 1483 ferreis
3523 1433 3775 1487 manicis

2132 1511 2587 1583 unguiculisque
2628 1513 2921 1586 despexus
2971 1522 3078 1581 est,
3112 1517 3503 1589 gravibusque
3544 1520 3777 1575 malleis

2131 1615 2266 1654 ossa
2287 1602 2416 1671 ejus
2439 1602 2739 1658 confracta
2761 1611 2917 1659 sunt.
2950 1611 3159 1661 Postea
3180 1623 3249 1661 ex
3272 1608 3526 1679 equuleo
3549 1609 3779 1681 deposi-

2133 1694 2247 1756 tus,
2306 1690 2368 1745 in
2426 1707 2724 1747 carcerem
2783 1693 3158 1749 detruditur:
3211 1696 3310 1750 ubi
3373 1698 3603 1766 sitiens,
3666 1715 3777 1753 nec

2132 1796 2343 1850 aquam
2378 1780 2450 1836 ad
2475 1781 2795 1838 bibendum
2819 1784 3066 1843 habens.
3084 1785 3231 1840 fusis
3253 1787 3529 1858 precibus
3551 1787 3775 1842 fontem

356 1860 462 1919 τῆς
494 1858 622 1926 γῆς,
654 1851 741 1905 καὶ
776 1851 915 1905 πιὼν
950 1849 1315 1925 εὐχαρίστησε
1342 1854 1422 1923 τῷ
1454 1854 1588 1921 Θεῷ.
1647 1850 1801 1908 Μετὰ
1847 1855 2015 1906 ταῦτα

405 1947 426 1950 _
573 1937 591 1950 ς
687 1945 711 1950 -
791 1937 806 1950 .
853 1932 906 1950 ,ς
977 1948 986 1950 ,
1032 1937 1044 1950 .
1233 1937 1246 1950 .
1351 1938 1363 1950 .
1461 1938 1475 1950 .
1564 1938 1578 1950 .
1716 1938 1728 1950 .
1809 1942 1831 1950 _

2135 1849 2301 1940 aqua:
2334 1886 2402 1925 ex
2434 1876 2593 1925 terra
2623 1872 2844 1937 eduxit,
2875 1873 3204 1945 bibensque
3231 1849 3448 1947 gratias
3490 1877 3605 1931 Deo
3639 1877 3775 1950 egit.

355 1947 462 2009 τῆς
498 1937 745 2013 φυλακῆς
788 1932 1099 2008 ἐκϐληθεὶς,
1159 1937 1250 1991 καὶ
1306 1938 1401 2000 τὰς
1450 1938 1616 2000 ἀκοὰς
1670 1938 1835 1993 αὐτοῦ
1888 1959 2015 1993 σου·

359 2025 548 2088 ϐλίοις
581 2025 993 2104 διατρυπηθεῖς,
1025 2027 1337 2083 τελευταῖον
1386 2028 1525 2106 ξίφει
1570 2029 1671 2099 τήν
1720 2029 1866 2104 ἱερὰν
1918 2028 2015 2083 αὐ·

352 2123 450 2173 τοῦ
481 2117 727 2198 κεφαλὴν
759 2116 1195 2195 ἀπεκεφαΑίσΘη.

912 2236 1098 2292 ΜΠΝΙ
1138 2236 1230 2291 ΤΩ
1266 2236 1471 2291 ΑΥΤΩ.

1149 2323 1237 2379 ιΑ⁶

354 2412 630 2483 Ἀθλησις
686 2417 795 2469 τῶν
856 2412 1023 2490 ἁγίων
1090 2412 1377 2489 μαρτύρων
1437 2414 1663 2470 Φωτίου
1719 2415 1809 2469 καὶ
1876 2415 2014 2471 ’Δνι-

1082 2502 1277 2555 κητου.

432 2602 650 2663 Φώτιος
691 2602 780 2656 καὶ
838 2600 1146 2670 Ἀνίκητος,
1179 2603 1231 2657 οἱ
1261 2606 1363 2657 τοῦ
1422 2604 1669 2677 Χριστοῦ
1726 2604 2015 2679 μάρτυρες,

366 2692 622 2764 ὑπῆρχον
660 2690 754 2762 μὶν
785 2687 875 2744 ἐπὶ
904 2697 1003 2759 τῆς
1061 2689 1342 2765 βασιλείας
1386 2688 1800 2761 Διοκλητιανοῦ·
1860 2692 1927 2761 ἦν
1960 2688 2019 2747 δὲ.

363 2782 393 2834 ὁ
448 2781 664 2839 Φώτιος
719 2780 936 2852 ἀνεψιὸς
992 2784 1090 2834 τοῦ
1148 2781 1452 2850 Ἀνικήτου.
1513 2784 2017 2855 Δημηγορτςσαντος

365 2866 424 2923 δὲ
457 2866 855 2939 Διοκλητιανοῦ
886 2868 937 2923 ἐν
991 2868 1355 2942 Νικσιμηδείᾳ,
1414 2886 1504 2925 καί
1557 2873 1732 2927 πάντα
1785 2872 1851 2926 τὰ
1910 2873 2015 2948 βα-

362 2959 686 3030 σανιστήρια
717 2957 793 3019 εἰς
856 2958 1018 3030 μέσον
1077 2960 1393 3031 προθέντος,
1450 2959 1539 3013 καὶ
1599 2960 2017 3029 ἀπειλήσαντος,

368 3047 443 3108 ὡς
506 3045 560 3101 εἷ’
608 3068 690 3109 τις
748 3047 933 3103 ἑαυτὸν
993 3048 1318 3118 Χριστιανὸν
1386 3047 1742 3123 ὁμολογήσει,
1806 3061 2017 3123 θανατῳ

374 3137 744 3191 ὑποπεσεῖται.
806 3137 995 3211 παρὼν
1041 3138 1069 3190 ὁ
1108 3135 1396 3207 Ἀνίκητος
1451 3139 1772 3211 Χριστιανὸν
1832 3140 2018 3195 ἑαυτὸν

2128 1964 2268 2015 Tum
2303 1978 2333 2015 e
2366 1979 2601 2017 carcere
2629 1969 2946 2033 extractus,
2980 1965 3223 2020 auribus
3254 1966 3482 2020 subulis
3514 1968 3778 2037 perfora-

2130 2051 2226 2116 tis,
2262 2057 2630 2123 postremum
2662 2053 2857 2125 gladio
2890 2071 3079 2109 caesus
3111 2061 3217 2109 est.

2688 2243 2930 2298 EODEM
2969 2243 3221 2298 MENSE.

2708 2332 2809 2387 Die
2842 2331 3195 2388 duodecima

2129 2418 2273 2473 201
2337 2418 2621 2474 Certamen
2704 2427 3035 2546 sanc’t‘orunz.
3109 2428 3423 2493 martyrum
3483 2423 3673 2480 Photii
3732 2430 3783 2478 et

2873 2509 2991 2546 mce
3019 2511 3057 2546 ι.

2873 2509 3057 2547 ηιοειι.

2200 2615 2445 2670 Photius
2477 2620 2655 2687 atque
2688 2616 2989 2684 Anicetus,
3025 2618 3239 2672 Christi
3274 2625 3588 2689 martyres,
3646 2620 3775 2674 Dio-

2128 2703 2383 2759 cletiano
2407 2706 2765 2777 imperatore
2786 2706 3295 2762 claruerunt.Erat
3315 2713 3512 2763 autem
3534 2709 3779 2763 Photius

2127 2793 2357 2849 Aniceti
2394 2811 2599 2866 nepos.
2628 2796 2773 2850 Cum
2801 2813 2935 2851 vero
2966 2797 3038 2851 ad
3082 2797 3439 2851 Nicomediae
3491 2797 3775 2869 populum

2127 2884 2474 2939 concionem
2506 2884 2910 2941 Diocletianus
2933 2886 3201 2945 haberet.
3226 2893 3559 2958 cunctaque
3581 2888 3639 2942 in
3666 2904 3781 2941 me-

2126 2974 2289 3029 dium
2334 2980 2628 3030 tormenta
2681 2977 2993 3049 proferret,
3055 2978 3454 3033 comminatus
3513 2977 3660 3043 fore,
3715 2984 3775 3032 ut

2124 3064 2301 3119 morti
2342 3065 2774 3128 succumberet,
2808 3067 2906 3138 qui
2940 3083 3001 3121 se
3033 3068 3431 3122 Christianum
3462 3067 3775 3122 conﬁtere-

2125 3159 2260 3216 tur;
2293 3160 2495 3209 astans
2525 3156 2810 3210 Anicetus
2840 3155 3244 3210 Christianum
3278 3172 3407 3210 sese
3450 3156 3601 3209 elata
3634 3172 3774 3210 voce

381 3227 589 3314 μεγανῃ
620 3229 690 3299 τῇ
718 3230 873 3303 φωνῇ
915 3225 1252 3301 ἆνεκήρυξεν.
1315 3226 1416 3314 Καὶ
1475 3228 1764 3302 κρατηθεὶς
1812 3227 2013 3307 ἐτύφθη

2135 3244 2504 3299 enuntiavit:
2563 3244 3166 3314 comprehensusque.
3248 3245 3629 3298 vehementer
3687 3248 3777 3296 est

374 3312 653 3389 σφοδρῶς,
681 3316 866 3371 καὶτὰ
912 3314 996 3370 ἐπ’
1044 3315 1202 3370 αὐτὸν
1262 3313 1600 3371 ἀπολυθέντα
1657 3319 1823 3390 θηρία
1879 3321 2017 3392 ἡμε-

371 3406 584 3479 ρώτερα
637 3399 925 3477 προϐάτων
1001 3402 1295 3476 ἀπέδειξεν.
1355 3406 1487 3462 Εἶτα
1560 3406 2016 3481 προσευξάμενος,

368 3495 656 3567 συνέτριψε
693 3494 755 3548 τὸ
802 3498 898 3548 τοῦ
945 3493 1258 3570 Ἡρακλέως
1299 3494 1505 3567 ξόανον.
1565 3490 1759 3550 Λαϐὼν
1811 3493 1867 3551 δὲ
1919 3499 2019 3567 τήν

371 3581 461 3637 διὰ
488 3583 676 3660 ξίφους
708 3584 1002 3660 ἀπόφασιν,
1058 3585 1155 3639 καῖ
1215 3581 1434 3657 μέλλων
1493 3584 2015 3661 ἆποκεφαλισθῆναι,

372 3669 445 3728 δι’
475 3672 647 3748 εὐχῆς
677 3672 902 3749 ἐξήρανε
928 3678 1027 3729 τοῦ
1059 3671 1266 3746 δημίου
1291 3675 1393 3741 τήν
1426 3680 1608 3750 χεῖρα.
1663 3676 1803 3733 Τότε
1846 3697 2018 3750 προσ-

371 3759 597 3837 δραμὼν
632 3763 660 3816 ὁ
693 3762 930 3829 Φώτιος,
987 3764 1269 3833 ἠσπάσατο
1318 3762 1501 3819 αὐτόν’
1560 3764 1650 3818 καὶ
1703 3765 2015 3836 κρατηθεὶς,

369 3848 625 3923 συνεόἐθη
686 3852 855 3925 αὐτῷ·
911 3853 1000 3907 καὶ
1060 3852 1357 3931 ἀμφότεροι
1443 3850 1713 3930 διαφόρως
1799 3854 2017 3929 βασανι-

366 3942 600 4013 σθέντες,
632 3938 792 4005 τέλος
820 3942 951 4016 πυρὶ
979 3941 1399 4011 ἐτελειώθησαν.

920 4060 1105 4117 MHNI
1145 4063 1231 4116 ΤΩ
1266 4061 1467 4116 ΑΥΤΩ.

1160 4150 1237 4205 ΙΓ¹

368 4249 436 4306 Ἢ
469 4246 865 4321 μετάθεσιςτοῦ
920 4247 1179 4321 λειψάνου
1229 4251 1326 4303 τοῦ
1385 4246 1537 4302 ὁσίου
1596 4247 1803 4321 Πατρὸς
1857 4248 2019 4321 ἡμῶν

802 4317 1056 4393 Μαξίμου
1083 4323 1180 4375 τοῦ
1210 4321 1237 4375 ὁ
1246 4323 1589 4395 μολογητοΰ.

439 4446 616 4507 Οὗτος
657 4445 724 4513 ἦν
784 4448 921 4500 κατὰ
977 4444 1104 4508 τοὺς
1164 4444 1398 4521 χρόνους
1458 4445 1875 4501 Κωνσταντίνου
1924 4450 2021 4502 τοῖ’)

367 4535 757 4606 ἐπικληθέντος
842 4538 1205 4611 Πωγωνάτου,
1295 4535 1454 4599 ὄντος
1529 4536 1804 4611 ἀπογόνου
1857 4539 2020 4611 Ἠρα-

376 4624 589 4680 κλείου.
622 4630 749 4686 Ταῖς
784 4626 1065 4700 μεγίσταις
1099 4626 1190 4679 οὗν
1238 4630 1451 4700 τιμαῖς,
1509 4627 1612 4682 ὑπὸ
1670 4632 1775 4683 τῶν
1831 4630 2020 4702 πρώην

379 4711 650 4789 βασιλέων
685 4712 981 4788 δεξιωθεὶς,
1016 4715 1102 4769 καὶ
1137 4715 1321 4778 ἱκανὸς
1355 4714 1427 4769 ὥν
1460 4714 1513 4770 ἐν
1541 4721 1658 4778 ταῖς
1712 4716 2021 4783 πολιτικαῖς

372 4802 674 4873 διοικήσεσι
733 4805 801 4859 τὰ
866 4806 1105 4879 πρακτέα
1192 4805 1513 4882 ὑφηγεῖσθαι
1601 4804 1871 4885 διαλόγων
1931 4812 2022 4865 καὶ

371 4894 619 4967 τρόπων,
677 4895 766 4949 καὶ
824 4895 922 4963 τήν
972 4895 1079 4949 ἀπὸ
1142 4896 1336 4970 χρόνοι
1387 4896 1614 4965 σύνεσιν,
1675 4897 1753 4961 εἷς
1807 4921 1870 4955 το
1926 4906 2023 4956 τοῦ

375 4985 837 5059 πρωτοσηκρίτου
894 4979 1266 5059 προεϐιόασθη
1328 4984 1563 5057 ἀξίωμα.
1624 4987 1726 5043 Καὶ
1812 4990 2022 5060 βουλῆς

374 5079 495 5134 τοῖς
552 5070 832 5147 βασιλεῦσι
891 5072 1082 5149 γὲγονέ
1136 5074 1419 5136 κοινωνός.
1480 5074 1628 5130 Ἐπεὶ
1660 5072 1780 5145 δὲή
1813 5080 2026 5153 πονηρὰ

379 5164 470 5217 καὶ
503 5160 737 5240 ἔκφυλος
771 5162 897 5237 δόξα
926 5168 1032 5218 τῶν
1070 5163 1193 5236 μίαν
1227 5162 1451 5234 θέλησιν
1483 5163 1570 5219 ἐπὶ
1617 5172 1718 5235 τῆς
1765 5164 1854 5221 διὰ
1896 5189 2025 5241 σαρ-

372 5254 473 5314 κὸς
506 5257 602 5307 τοῦ
634 5258 868 5329 Χριστοῦ
930 5254 1250 5325 οἰκονομίας
1303 5255 1551 5324 ἀνοήτως
1605 5255 1693 5310 καὶ
1750 5252 2023 5320 δυσσεϐῶς

370 5344 677 5417 ἐπεκρατει,
731 5347 854 5401 ὅσον
914 5345 998 5400 ἐπ’
1058 5344 1244 5409 αὐτοῖς
1303 5349 1428 5419 μίαν
1481 5351 1587 5401 τῶν
1650 5344 1746 5403 δύο
1814 5348 2024 5429 φύσεωυ

373 5433 765 5508 ἀναιρούντων,
823 5436 914 5489 καὶ
972 5432 1317 5509 διατάγματα
1371 5457 1494 5491 τινα
1546 5437 1646 5503 τήν
1705 5436 2022 5513 κακοδοξίαν

368 5524 702 5597 κρατῦνοντα
757 5527 893 5581 κατᾶ
948 5526 1048 5595 τήν
1106 5526 1310 5600 ἀγορὰν
1367 5524 1731 5600 ἐπομπεύετο,
1788 5530 1876 5585 καὶ
1937 5532 2024 5587 ἐπὶ

368 5622 473 5682 τῆς
509 5614 754 5690 μεγάλης
804 5612 1096 5691 προῦκειτο
1140 5615 1452 5685 ἐκκλησίας,
1500 5618 1598 5673 οὐκ
1651 5620 2024 5696 ἀνασχόμενος

371 5708 442 5779 τῇ
469 5709 581 5761 τῶν
615 5702 820 5761 ἀσεϐῶν
864 5705 1126 5780 κοινωνίᾳ
1182 5700 1509 5762 συνασεὸεῖν·
1570 5707 1725 5787 ἀφεὶς
1778 5710 1873 5768 τὰς
1930 5732 2028 5769 κο-

2128 3349 2346 3397 caasus;
2372 3338 2429 3387 et
2454 3332 2683 3387 belluas
2714 3333 2773 3386 in
2798 3350 2933 3387 eum
2966 3332 3263 3387 immissas
3287 3332 3490 3387 ovibus
3508 3332 3772 3386 mitiores

2130 3422 2342 3478 effecit.
2378 3422 2565 3476 Orans
2596 3421 2833 3486 deinde,
2887 3422 3155 3477 Herculis
3203 3422 3479 3478 contrivit
3522 3421 3768 3476 idolum.

2129 3514 2384 3582 Accepta
2414 3516 2608 3565 autem
2634 3510 2809 3582 gladii
2837 3511 3150 3568 sententia.
3179 3512 3462 3582 dumjam
3485 3515 3661 3582 caput
3682 3509 3770 3565 illi

2130 3605 2286 3656 esset
2308 3600 2758 3670 amputandum.
2780 3600 2927 3654 fusis
2950 3600 3497 3672 precibusmanum
3531 3600 3771 3654 tortoris

2129 3689 2356 3745 aridam
2369 3688 2648 3744 reddidit.
2665 3691 2825 3743 Tunc
2848 3706 3166 3745 accurrens
3190 3691 3432 3744 Photius
3454 3689 3622 3744 illum
3646 3706 3774 3743 am-

2128 3779 2435 3851 plexatur;
2470 3777 2889 3849 detentusque,
2922 3779 3101 3834 simul
3133 3796 3267 3834 cum
3291 3795 3356 3834 eo
3388 3779 3617 3834 vinctus
3649 3783 3775 3833 est:

2129 3884 2197 3924 ac
2226 3873 2478 3940 uterque
2503 3868 2751 3923 diversis
2804 3869 3049 3924 aﬂ‘ectus
3097 3867 3476 3936 cruciatibus,
3536 3867 3775 3923 tandem

2128 3957 2242 4013 fuit
2270 3958 2404 4030 igne
2435 3964 2843 4031 consumptus.

2690 4074 2931 4131 EODEM
2979 4074 3231 4129 MENSE.

2668 4164 2769 4219 Die
2804 4163 3036 4218 decima
3069 4163 3241 4217 tertia

2136 4252 2456 4310 Translatio
2485 4251 2851 4322 reliquiarum
2882 4251 3084 4391 sfancti.
3107 4254 3294 4307 Patris
3330 4254 3506 4306 nostri
3550 4252 3784 4308 Maximi

2787 4340 2883 4377 con
2918 4338 3129 4378 essoris.

2787 4338 3129 4378 οοηῐεεεονιε.

2204 4440 2434 4497 Exstitit
2465 4440 2562 4495 hic
2592 4439 2960 4510 temporibus
2984 4438 3355 4494 Constantini
3387 4443 3779 4509 cognomento

2136 4530 2440 4602 Pogonati,
2474 4528 2728 4584 Heraclii
2762 4529 3016 4599 nepotis.
3052 4530 3256 4599 Itaque
3295 4526 3569 4580 maximis
3612 4540 3781 4579 acce-

2057 4606 2101 4669 D
2136 4626 2271 4693 ptus
2308 4619 2635 4674 honoribus
2668 4634 2700 4673 a
2754 4618 3073 4689 praeteritis
3120 4614 3599 4689 imperatoribus,
3646 4630 3780 4669 cum

2135 4714 2290 4765 esset
2312 4710 2436 4780 ipse
2460 4708 2533 4763 ad
2555 4707 2901 4779 reipublicae
2926 4723 3173 4762 munera
3194 4705 3467 4772 idoneus,
3493 4703 3783 4759 sermoni-

2133 4799 2242 4853 bus
2274 4798 2658 4867 moribusque
2689 4814 2820 4867 quas
2872 4803 3013 4851 sunt
3065 4795 3292 4865 agenda
3340 4793 3663 4855 suadendo.
3717 4809 3784 4849 ac

2133 4888 2309 4958 longa
2339 4903 2538 4942 rerum
2560 4886 2925 4957 experientia
2947 4885 3208 4949 edoctus,
3234 4884 3306 4938 ad
3336 4884 3509 4955 primi
3540 4900 3573 4938 a
3595 4899 3784 4938 secre-

2134 4988 2210 5043 tis
2242 4986 2585 5058 dignitatem
2618 4987 2731 5041 fuit
2760 4991 3088 5057 promotus,
3115 4991 3293 5055 atque
3316 5001 3349 5039 a
3370 4983 3634 5039 consiliis
3658 4988 3785 5038 erat

2134 5076 2613 5148 imperatoribus.
2650 5078 2859 5130 Postea
2889 5091 3023 5130 vero
3055 5091 3234 5145 quam
3266 5073 3532 5147 improba
3563 5080 3619 5129 et
3650 5073 3782 5127 bar-

2132 5166 2276 5222 bara
2307 5183 2511 5222 eorum
2543 5166 2851 5237 praevaluit
2881 5165 3104 5237 opinio,
3140 5165 3239 5236 qui
3271 5180 3452 5219 unam
3498 5164 3656 5219 circa
3685 5163 3781 5217 in-

2136 5256 2498 5312 carnationis
2530 5256 2745 5311 Christi
2787 5256 3183 5311 mconomiam
3238 5253 3419 5309 stulte
3473 5270 3539 5307 ac
3601 5251 3782 5321 impie

2134 5346 2496 5402 voluntatem
2531 5346 2898 5412 asserebant,
2930 5345 3177 5399 alteram
3210 5361 3279 5399 ex
3301 5342 3533 5399 duabus
3557 5341 3784 5395 naturis

2136 5445 2209 5501 de
2241 5445 2435 5501 medio
2467 5444 2840 5511 auferentes;
2874 5449 2934 5499 et
2991 5460 3096 5514 per
3142 5442 3466 5497 constituta
3513 5438 3786 5511 quaedam

2136 5535 2354 5591 malam
2387 5534 2833 5606 prmsefercntia
2861 5531 3228 5605 opinionem.
3262 5531 3443 5585 veluti
3481 5545 3583 5597 per
3616 5543 3785 5599 pom-

2135 5641 2271 5697 pam
2295 5625 2357 5679 in
2381 5624 2504 5678 foro
2528 5623 2959 5686 ostentabatur,
2992 5628 3051 5676 et
3078 5636 3256 5690 super
3277 5634 3491 5689 magna
3519 5615 3789 5672 exstabat

2139 5713 2429 5783 ecclesia;
2455 5729 2577 5770 non
2606 5712 2805 5770 ferens
2837 5711 2971 5781 iste,
3004 5707 3501 5766 communicando
3525 5720 3659 5761 cum
3681 5703 3789 5757 im-
