4084 6202
393 407 398 416 ¹
425 330 542 388 583

1706 325 2143 386 MENOLOGII
2183 327 2394 388 PARS
2439 327 2542 390 Ill.

3701 332 3815 396 584

417 463 554 538 piis,
580 463 755 520 simul
789 462 969 536 impie
1000 458 1387 534 agere.e1egit
1416 458 1613 532 potius
1643 458 1910 532 abjectus
1942 476 2066 516 esse

2192 482 2389 554 σμικᾶς
2421 479 2619 556 ἀρχὰς,
2654 477 2829 536 είλετο
2866 478 3079 554 μᾶλλον
3121 477 3172 538 ἔν
3222 485 3301 552 τῷ
3351 479 3487 554 οἷ’κῳ
3543 487 3640 538 τοῦ
3697 487 3822 540 Θεοῦ

423 555 576 611 202
610 555 671 610 in
703 555 878 611 domo
917 551 1036 618 Dei,
1070 565 1246 621 quam
1279 549 1548 605 habitare
1580 549 1640 604 in
1671 549 2075 605 tabernaculis

431 651 825 718 peccatorum.
855 642 1156 696 Profectus
1180 639 1358 711 igitur
1381 639 1444 695 in
1469 638 1846 710 Chrysopolis
1871 654 2075 693 mona-

431 735 700 799 sterium,
733 746 964 788 comam
997 729 1293 802 deposuit,
1323 728 1422 783 ubi
1455 735 1659 800 postea
1690 729 1972 802 magister
1993 728 2075 782 fa-

423 830 553 879 ctus
584 829 691 876 est.
731 819 930 874 llivino
962 817 1172 873 exinde
1205 818 1325 873 zelo
1358 818 1516 874 velut
1544 819 1680 892 igne
1729 834 2072 886 succensus,

425 914 824 985 antiquiorem
875 913 1122 968 Romam
1174 911 1356 974 venit,
1413 917 1472 966 et
1519 928 1687 984 papas
1727 911 2074 968 beatissimo

427 1003 676 1060 Martino
700 1002 981 1062 suasit.ut
1000 1001 1419 1072 particularem
1445 1002 1738 1073 synodum
1761 1018 2076 1076 congrega-

426 1097 537 1155 ret,
571 1099 748 1163 atque
802 1091 983 1148 duces
1029 1091 1089 1145 in
1139 1091 1322 1162 impio
1368 1091 1638 1165 dogmate
1684 1107 1913 1158 eorum,
1973 1093 2074 1162 qui

425 1199 607 1238 unam
640 1183 700 1238 in
733 1183 964 1238 Christo
993 1181 1359 1236 voluntatem
1393 1181 1790 1249 somniabant,
1824 1183 2075 1238 anathe-

422 1277 579 1328 mate
605 1272 981 1344 percelleret.
1017 1274 1090 1326 At
1116 1287 1421 1326 sermones
1453 1271 1631 1326 etiam
1689 1271 2074 1327 conscribens

422 1362 495 1418 ad
526 1360 1006 1432 redarguendum
1042 1377 1142 1415 eos
1173 1360 1274 1432 qui
1301 1360 1383 1415 ita
1405 1359 1836 1424 sentiebant,et
1855 1360 2076 1432 episto-

425 1452 512 1506 las
572 1467 961 1522 componens.
1023 1449 1636 1505 demonstrationibus
1715 1466 1785 1506 ex
1844 1451 2072 1507 ratione

424 1540 844 1611 Scripturaque
877 1539 1208 1612 desumptis
1240 1539 1641 1612 integritatem
1683 1544 1900 1594 nostrae
1934 1539 2070 1596 fidei

425 1628 902 1700 comprobantes,
938 1628 1158 1698 ubique
1192 1633 1482 1684 terrarum
1507 1627 1932 1685 disseminavit.
1959 1631 2070 1686 Ro-

424 1733 521 1773 ma
552 1723 748 1774 autem
781 1734 900 1773 una
929 1733 1063 1772 cum
1086 1717 1316 1772 duobus
1349 1718 1472 1772 suis
1494 1717 1802 1789 discipulis
1825 1720 2076 1774 Anasta-

2185 569 2569 648 παρεῤῥῖφθαι,
2627 569 2664 640 ἢ
2726 569 2777 626 ἓν
2835 572 3188 644 σκηνώμασιν
3246 569 3594 647 ἁμαρτωλῶν
3647 593 3826 629 κατοι-

2182 666 2316 717 κεῖν.
2351 655 2686 718 Καταλαϐὼν
2715 662 2804 716 οῦν
2842 663 2904 717 τὸ
2955 661 3008 716 ἐν
3050 659 3390 735 Χρυσοπόλει
3442 667 3824 736 μονασττςριον,

2183 751 2284 819 τήν
2313 749 2491 822 κόμην
2524 749 2771 814 ἀπέθετο.
2837 751 2914 808 Ού
2961 749 3050 805 καὶ
3097 752 3418 826 καθηγητής
3473 751 3697 824 ὕστερον
3739 755 3826 829 γὲ-

2183 859 2360 913 γονεν.
2397 839 2526 894 Εἶτα
2557 839 2684 912 θείῳ
2718 840 2873 912 ζήλῳ
2931 835 3112 914 ὥσπερ
3176 841 3279 895 ὑπὸ
3337 841 3507 916 πυρὸς
3569 839 3824 916 ἐξαφθιὶς,

2181 926 2280 995 τὴν
2313 922 2675 1002 πρεσϐυτέραν
2715 927 2937 1000 Ῥώμην
2995 923 3279 987 κατέλαϐε.
3339 929 3444 984 Καὶ
3505 931 3684 984 πάπαν
3738 932 3823 986 τὸν

2187 1017 2602 1090 μακαριώτατον
2656 1022 2950 1093 Μαρτῖνον,
2987 1018 3220 1086 τοπικὴν
3280 1016 3530 1093 ἀθροῖσαι
3583 1017 3819 1090 σύνοδον,

2181 1104 2271 1159 καὶ
2330 1105 2714 1176 ἀναθεματίσαι
2781 1104 2910 1167 τοὺς
2993 1104 3274 1180 ἀρχηγοὺς
3351 1109 3450 1159 τοῦ
3539 1101 3822 1168 δυσσεϐοῦς

2183 1191 2477 1268 δόγματος,
2508 1198 2615 1248 τῶν
2653 1193 2775 1267 μίαν
2823 1193 2910 1248 ἐπὶ
2943 1197 3184 1268 Χριστοῦ
3228 1191 3450 1264 Θὲλησιν
3506 1192 3822 1270 ληρφδούν-

2180 1305 2312 1354 των,
2355 1285 2698 1360 παρέπεισεν·
2762 1282 2907 1339 ἀλλὰ
2953 1284 3040 1340 καὶ
3100 1283 3176 1348 είς
3228 1280 3462 1361 ἵλεγχον
3523 1289 3629 1339 τῶν
3689 1283 3820 1340 οὕτω

2182 1373 2528 1452 φρονούντων
2563 1372 2765 1448 λόγοῦς
2797 1375 3034 1448 γράψας,
3089 1373 3179 1428 καὶ
3240 1371 3538 1436 ἐπιστολὰς
3587 1373 3824 1450 λογικοῖς

2180 1459 2508 1534 ἀποδείξεσι,
2568 1462 2657 1518 καὶ
2713 1468 3002 1540 γραφικαῖς
3048 1469 3148 1532 τῆς
3209 1463 3330 1518 καθ’
3386 1463 3540 1536 ἡμᾶς
3597 1463 3818 1526 πίστεως

2179 1554 2279 1622 τήν
2337 1547 2612 1628 ἀκρίϐειαν
2677 1547 3004 1628 βεϐαιούσης
3090 1552 3320 1623 συνθεὶς,
3392 1557 3676 1629 πανταχοῦ
3725 1559 3819 1624 τῆς

2181 1641 2512 1716 οἰκουμένης
2570 1640 2888 1715 ἐξέπεμψεν.
2949 1643 3270 1716 Ἀναζεύξας
3332 1639 3390 1698 δὲ
3447 1643 3554 1698 ἀπὸ
3609 1643 3817 1716 Ῥώμης

2185 1734 2318 1807 μετὰ
2345 1737 2453 1789 τῶν
2483 1729 2579 1788 δύο
2613 1731 2973 1789 Ἀναστασίων
3017 1736 3124 1787 τῶν
3189 1734 3451 1804 μαθητῶν
3509 1733 3693 1796 αὐτοῦ,
3749 1732 3818 1794 είς

426 1808 528 1863 siis
555 1807 863 1870 secedens.
895 1823 1034 1862 reus
1064 1807 1220 1878 apud
1271 1813 1542 1862 senatum
1573 1807 1784 1863 haeresi
1817 1808 2066 1880 impera-

2180 1821 2405 1888 εὐθύνας
2437 1824 2584 1896 παρά
2619 1828 2720 1892 τῆς
2769 1819 3078 1899 συγκλήτου
3127 1821 3472 1890 καθίσταται,
3532 1819 3817 1896 ὁμοδοξού·

422 1897 567 1952 toris
627 1898 1102 1952 consentientem
1165 1897 1566 1962 constituitur,
1625 1897 1783 1968 quod
1842 1899 2070 1954 cunctis

422 2003 648 2042 morem
671 1987 1014 2060 gerentibus
1031 1987 1375 2058 imperatori
1395 1987 1521 2058 ipse
1549 1987 1711 2042 solus
1735 1986 2073 2057 obsisteret,

423 2084 599 2148 atque
633 2077 784 2131 alios
813 2076 992 2132 etiam
1047 2075 1120 2132 ad
1166 2076 1561 2132 defectionem
1612 2077 1916 2135 excitaret.
1968 2094 2076 2148 per

425 2167 707 2238 epistolas
740 2165 874 2221 illos
931 2166 1242 2231 inducens,
1304 2171 1370 2220 ut
1410 2166 1708 2220 contraria
1759 2166 2070 2221 sentirent.

427 2259 748 2327 Propterea
777 2256 838 2310 in
862 2255 1189 2311 custodiam
1219 2272 1402 2327 prope
1424 2255 1728 2312 Thraciam
1777 2256 2032 2311 mittitur
2056 2273 2069 2310 :

429 2351 486 2401 et
516 2361 902 2416 perseverans
932 2345 1059 2416 ipse
1090 2345 1152 2399 in
1182 2344 1510 2400 orthodoxa
1541 2344 1678 2406 fide,
1725 2344 1969 2401 dextera
2003 2362 2071 2400 ac

423 2435 628 2506 lingua
657 2434 1000 2506 amputatis,
1035 2433 1203 2489 illinc
1234 2434 1294 2489 in
1328 2433 1567 2489 Lazicen
1598 2433 1934 2505 relegatur:
1967 2434 2067 2489 ubi

421 2524 494 2581 ad
519 2530 638 2579 tres
661 2539 852 2579 annos
876 2524 1052 2578 vitam
1091 2522 1427 2586 traducens,
1463 2528 1520 2577 et
1548 2523 1772 2594 proprii
1805 2524 2071 2595 corporis

417 2612 764 2682 indigentiis
796 2614 923 2684 ipse
951 2612 1324 2680 ministrans,
1371 2611 1584 2683 plenus
1641 2613 1896 2674 dierum.
1938 2619 2072 2684 post

421 2703 656 2758 brevem
680 2702 956 2758 morbum
979 2702 1040 2756 in
1068 2701 1317 2758 Domino
1340 2700 1648 2772 requievit,
1683 2701 2070 2774 sepultusque

418 2793 613 2848 fuitin
640 2793 829 2848 sancti
857 2791 1081 2847 Arsenii
1105 2791 1468 2846 monasterio
1493 2791 1554 2846 in
1569 2791 1776 2847 eadem
1794 2791 2069 2847 Lazorum

423 2881 840 2954 regionezubi
872 2880 933 2935 in
992 2881 1119 2935 dies
1176 2880 1366 2936 multa
1422 2886 1700 2952 operatur
1759 2881 2067 2937 miracula.

423 2974 744 3042 Postquam
773 2986 911 3025 vero
943 2969 1330 3026 obtruncatus
1361 2974 1469 3037 est,
1501 2969 1764 3042 linguam
1788 2969 1842 3026 ei
1872 2969 2067 3026 denuo

418 3077 525 3133 per
539 3059 868 3133 prodigium
894 3059 1160 3115 referunt
1179 3075 1214 3114 a
1241 3061 1355 3114 Deo
1369 3059 2068 3131 restitutam,etquandiu

417 3148 810 3207 vixit.diserte
827 3149 1011 3204 fuisse
1039 3148 1322 3204 locutum.
1340 3150 1421 3204 Ex
1447 3147 1679 3204 duobus
1705 3155 1902 3205 autem
1933 3150 2063 3222 ejus

418 3237 730 3311 discipulis
761 3239 955 3308 major
982 3237 1222 3309 quidem
1254 3243 1397 3294 natu
1418 3239 1790 3304 Anastasius,
1813 3239 2061 3312 perinde

417 3344 484 3384 ac
515 3328 816 3400 magister,
850 3327 1054 3400 lingua
1083 3333 1141 3382 et
1170 3327 1412 3384 dextera
1439 3326 1852 3396 obtruncatus,
1885 3329 1948 3384 in
1970 3345 2066 3386 re-

419 3423 646 3474 motum
663 3416 937 3473 exsilium
950 3416 1338 3488 exturbatur;j
1348 3417 1523 3473 unior
1537 3433 1672 3474 vero
1689 3417 1751 3474 in
1765 3418 2064 3490 quoddam

414 3507 678 3563 Thracias
711 3508 931 3564 missus
960 3513 1221 3564 castrum
1252 3506 1334 3563 ibi
1365 3507 1484 3564 vita
1512 3507 1750 3565 functus
1782 3513 1891 3566 est.

969 3797 1213 3853 EODEM
1253 3797 1502 3855 MENSE.

933 3885 1037 3941 Die
1067 3884 1299 3940 decima
1325 3889 1538 3957 quarta

415 3973 569 4030 τοι
601 3975 865 4030 Memoria
921 3977 1277 4059 sacrosancti.
1299 3974 1562 4060 martyris
1611 3976 1860 4033 Marcelli
1912 3978 2062 4050 Apa-

1026 4062 1158 4101 mea
1187 4062 1447 4117 episcopi.

487 4170 590 4228 Hic
619 4171 948 4228 Theodosio
980 4171 1341 4244 imperatore
1366 4189 1436 4228 ex
1464 4175 1657 4245 Cypro
1685 4173 1915 4246 prodiit
1960 4176 2061 4231 in-

414 4260 565 4328 sula,
597 4261 768 4332 cujus
798 4261 1333 4318 administrationis
1354 4262 1656 4334 provincia
1672 4279 1806 4318 cum
1831 4263 1883 4320 ei
1909 4269 2066 4322 esset

410 4351 751 4416 commissa,
786 4351 1151 4406 mundanam
1182 4351 1308 4423 ipse
1366 4367 1578 4424 gerens
1623 4352 2058 4424 praafecturam,

407 4439 555 4496 adeo
580 4441 862 4511 pietatem
883 4446 1270 4510 exactamque
1293 4440 1584 4496 rationem
1609 4441 1669 4496 in
1693 4441 2064 4515 rebusagen-

408 4528 501 4584 dis
527 4528 868 4598 adhibebat,
901 4535 968 4585 ut
997 4545 1206 4586 omnes
1237 4528 1311 4584 ad
1336 4529 1426 4584 sui
1443 4530 2060 4600 pertraxeritadmiia-

407 4619 656 4675 tionem.
692 4619 778 4675 Ad
809 4620 1185 4692 pontificium
1216 4634 1352 4674 vero
1381 4619 1654 4676 ordinem
1710 4621 2057 4690 translatus,

409 4712 588 4778 atque
620 4714 894 4779 Apamea
923 4709 986 4765 in
1019 4707 1186 4780 Syria
1217 4710 1531 4781 episcopus
1582 4710 1961 4775 constitutus,
1997 4711 2059 4768 in

410 4797 641 4853 castoris
663 4797 939 4854 omnibus
961 4798 1123 4870 juste
1155 4803 1215 4854 et
1235 4802 1436 4855 sancte
1457 4814 1704 4856 munere
1729 4817 1835 4856 suo
1849 4799 2056 4875 funge-

407 4883 601 4940 batur.
637 4885 914 4942 Fervidus
946 4886 1124 4942 etiam
1180 4891 1306 4943 erat
1356 4886 1570 4942 Christi
1627 4887 1766 4944 ﬁdei
1817 4889 2055 4958 zelotes,

407 4974 690 5031 ecclesias
719 4975 792 5032 ad
826 4976 928 5033 Dei
957 4975 1208 5050 gloriam
1239 4982 1614 5046 construens,
1647 4984 1707 5034 et
1761 4977 2059 5036 idolorum

407 5064 547 5122 fana
577 5063 892 5122 destruens
918 5083 932 5134 ;
966 5081 1220 5138 quorum
1251 5082 1458 5133 unum,
1493 5066 1653 5139 quod
1677 5069 1832 5125 Jovis
1887 5069 2056 5126 dice-

408 5154 603 5223 batur,
625 5171 758 5212 cum
783 5171 904 5212 non
937 5155 1164 5212 sineret
1181 5154 1284 5227 qui
1311 5154 1374 5211 in
1398 5171 1466 5211 eo
1490 5155 2056 5226 insidebatdasmon,

408 5245 607 5319 ipsum
637 5245 926 5316 comburi,
958 5261 1069 5302 nec
1099 5245 1575 5318 quibuscumque
1609 5248 1902 5305 machinis
1926 5250 2054 5306 solo

412 5336 634 5410 aquari
662 5353 675 5404 ;
710 5341 952 5394 sanctus
981 5340 1226 5408 accepta
1255 5352 1430 5408 aqua,
1480 5351 1668 5410 eaque
1718 5337 2056 5408 benedicta,

413 5431 759 5499 struemque
789 5426 1087 5500 lignorum
1119 5440 1188 5480 ea
1217 5440 1558 5499 aspergens,
1588 5431 1655 5482 ut
1683 5427 1838 5502 ignis
1859 5428 2058 5486 conci-

410 5523 671 5589 peretur,
696 5521 874 5590 atque
894 5515 1100 5573 fanum
1123 5513 1400 5572 incendio
1428 5521 1900 5587 consumeretur,
1926 5519 2062 5577 effe-

410 5607 512 5665 cit.
544 5609 916 5681 Quapropter
944 5605 1016 5662 ab
1048 5604 1383 5661 idololatris
1412 5606 1537 5680 ipse
1567 5608 2055 5681 comprehensus,

377 5747 382 5750 .
413 5703 591 5772 atque
623 5697 916 5772 inignem
943 5696 1218 5771 injectus,
1253 5712 1535 5770 coronam
1563 5697 1806 5773 accepit.

2182 1935 2280 1984 σης
2342 1914 2414 1985 τῇ
2441 1917 2538 1968 τοῦ
2573 1911 2843 1988 βασιλέως
2899 1913 3122 1986 αἱρέσει·
3157 1913 3238 1966 ὅτι
3299 1910 3518 1968 πάντων
3575 1911 3815 1968 ὑπεικόνο

2179 2023 2285 2056 των
2344 2005 2424 2073 τῷ
2486 2000 2726 2078 βασιλεῖ,
2785 2001 2948 2058 αὐτός
3002 2021 3062 2056 τε
3123 2001 3290 2073 μόνος
3343 1999 3678 2071 ἀνθίσταται,
3727 1999 3809 2054 καὶ

2177 2092 2305 2152 τοὺς
2337 2089 2542 2152 ἄλλους
2575 2090 2649 2151 είς
2688 2089 3016 2145 ἀποστασίαν
3078 2094 3238 2158 κινεῖ,
3301 2090 3518 2146 ἐναντία
3579 2087 3663 2144 διὰ
3711 2093 3806 2144 τῶν

2179 2177 2483 2235 ἐπιστολῶν
2516 2184 2755 2257 φρονεῖν,
2793 2178 3130 2253 μεταπείθων
3190 2179 3415 2244 αὐτούς.
3472 2178 3594 2236 Ἐπὶ
3645 2177 3808 2248 τούτῳ

2179 2271 2448 2342 πέμπεται
2482 2267 2532 2324 ὲν
2567 2273 2780 2347 φρουρᾷ
2834 2268 2970 2324 κατά
3024 2270 3123 2337 τὴν
3181 2267 3422 2344 Θρᾴκην.
3481 2269 3578 2324 Καὶ
3636 2268 3807 2339 ἰπιμὲ-

2177 2380 2283 2414 νων
2316 2361 2384 2432 τῇ
2418 2356 2699 2434 ὀρθοδόξῳ
2729 2357 2928 2425 πίσῑει,
2959 2358 3058 2427 τήν
3090 2363 3251 2434 χεῖρα
3280 2359 3373 2413 καὶ
3430 2359 3529 2428 τήν
3579 2358 3805 2434 γλῶτταν

2179 2449 2669 2523 ἀκρωτηριάζεται.
2727 2446 2986 2512 Κάκεῖθεν
3046 2447 3122 2510 εἲς
3185 2448 3482 2523 ὑπερορίαν
3540 2447 3670 2502 κατὰ
3718 2446 3805 2513 τήν

2178 2539 2419 2608 Λαζικὴν
2449 2538 2744 2609 πέμπεται.
2775 2538 2944 2601 Ἔνθα
2994 2535 3080 2592 ἐπὶ
3140 2538 3284 2613 τρισὶ
3342 2535 3401 2593 δὶ
3451 2538 3667 2614 χρόνοις
3712 2532 3811 2589 δια-

2175 2629 2381 2703 γαγὼν,
2410 2626 2498 2682 καὶ
2526 2632 2646 2689 ταῖς
2678 2625 2910 2689 οἷ’κείαις
2940 2631 3038 2682 τοῦ
3095 2627 3356 2699 σώματος
3411 2627 3618 2703 χρείαις
3663 2623 3806 2682 αὐτὸς

2180 2715 2683 2790 ὑπηρετησάμενος,
2740 2715 2830 2770 καὶ
2903 2715 3131 2791 πλήρης
3211 2719 3440 2790 ἡμερῶν
3522 2716 3802 2790 γενόμενος,

2181 2806 2374 2880 μικρὸν
2429 2807 2679 2876 νοσήσας,
2742 2803 3078 2860 ἀνεπαύσατο
3137 2805 3188 2860 ὲν
3252 2805 3463 2879 Κυρίῳ,
3522 2803 3620 2862 Καὶ
3672 2822 3806 2858 κατε-

2175 2894 2301 2962 τέθη
2335 2893 2386 2948 ἐν
2418 2897 2486 2968 τῇ
2539 2897 2677 2968 μονῇ
2729 2899 2824 2950 τοῦ
2884 2894 3036 2970 ἁγίου
3091 2893 3401 2969 Ἀρσενίου,
3458 2893 3508 2948 ἰν
3567 2892 3691 2966 αὐτῇ
3741 2893 3798 2963 τῇ

2176 2985 2336 3060 χώρᾳ
2364 2988 2469 3038 τῶν
2503 2987 2716 3054 Λαζῶν,
2767 2983 2982 3046 πολλὰς
3041 2984 3338 3056 θαυμάτων
3395 2981 3648 3060 ἐνεργείας
3698 2981 3800 3043 καθ’

2176 3073 2402 3145 εκάστην
2435 3079 2630 3132 ποιῶν.
2667 3074 2889 3151 Λέγεται
2943 3071 3021 3143 δὶ,
3073 3073 3208 3147 μετά
3254 3075 3362 3145 τὴν
3414 3073 3662 3146 ἑκτομῆν,
3708 3067 3798 3125 αῦ-

2177 3175 2260 3227 θις
2294 3163 2397 3218 ὑπὸ
2427 3167 2562 3219 Θεοῦ
2619 3161 2940 3238 παραδόξως
2992 3165 3437 3233 ἀποκαταστῆναι
3491 3162 3586 3230 τήν
3639 3157 3802 3234 γλῶτ-

2173 3273 2292 3323 ταν,
2351 3253 2439 3308 καὶ
2498 3257 2708 3327 τρανῶς
2793 3253 3142 3331 φθέγγεσθαι,
3207 3252 3411 3326 μέχρις
3466 3253 3524 3307 ἂν
3581 3254 3655 3322 τῷ
3706 3247 3798 3320 βίῳ

2173 3344 2445 3419 ὑπῆρχεν.
2477 3344 2597 3400 Τῶν
2659 3340 2717 3398 δὲ
2773 3339 2868 3398 δύο
2926 3341 3092 3397 αὐτοῦ
3148 3343 3438 3416 μαθητῶν,
3471 3342 3498 3396 ὁ
3531 3340 3620 3415 μὶν
3676 3356 3798 3413 πρε-

2173 3429 2434 3511 σϐύτερος
2461 3434 2810 3496 Ἀναστάσιος
2833 3431 2931 3489 ’ἶσα
2959 3437 3040 3506 τῷ
3071 3430 3394 3507 διδασκάλῳ
3424 3434 3520 3502 τὴν
3570 3429 3795 3505 γλῶτταν

2169 3524 2258 3580 καὶ
2318 3525 2416 3594 τήν
2473 3528 2634 3601 χεῖρα
2689 3521 2944 3596 τμηθεὶς,
3035 3521 3244 3596 μακρὰν
3309 3521 3590 3598 ἐξωρίσθη.
3642 3519 3699 3577 ’0
3747 3512 3797 3571 δὶ

2170 3612 2453 3686 νεώτερος,
2484 3609 2536 3667 ἔν
2593 3631 2700 3667 τινι
2751 3614 2858 3666 τῶν
2912 3610 3050 3666 κατᾶ
3103 3611 3204 3680 τήν
3263 3609 3484 3688 Θρᾴκην
3543 3604 3790 3686 φρουρίων

2169 3702 2458 3782 πεμφθεὶς,
2487 3700 2578 3756 τὸν
2616 3699 2734 3776 βίον
2761 3697 3073 3758 κατέλυσεν.

2717 3816 2899 3875 ΜΗΝΙ
2937 3817 3027 3875 ΤΩ
3062 3821 3254 3873 ΔΥΤΩ.

2949 3911 3026 3959 IA'

2690 3993 2844 4070 ἁγίου
2956 3995 3357 4070 ἱερομάρτυρος

3488 3985 3785 4066 Μαρκέλλου

2657 4064 2959 4123 ἰπίσκόπου
2987 4064 3319 4140 ’Ἀπαμείαᾳ

2170 3996 2376 4070 Μνήμη
2483 3999 2578 4051 τοῦ

2241 4174 2413 4239 Οὗτος
2436 4176 2650 4253 γέγονεν
2677 4173 2766 4230 ἐπὶ
2796 4172 3088 4232 Θεοδοσίου
3133 4179 3234 4230 τοῦ
3291 4171 3573 4251 βασιλέως,
3614 4168 3665 4224 ἐκ
3703 4169 3787 4230 τῆς

2170 4264 2430 4341 Κυπρίων
2461 4266 2788 4339 ὁρμώμενος
2831 4266 3018 4335 νήσου,
3079 4264 3131 4320 ἐν
3191 4263 3230 4340 ᾖ
3290 4263 3555 4337 κοσμικὴν
3609 4255 3786 4332 πράξας

2167 4356 2372 4432 ἀρχὴν,
2403 4355 2494 4411 καὶ
2525 4355 2623 4425 τὴν
2684 4353 2954 4425 διοίκησιν
3004 4355 3176 4424 αὐτῆς
3232 4353 3557 4418 πιστευθεὶς.
3608 4347 3784 4402 πάντκ

2168 4444 2455 4520 ἰξὲπληξεν
2487 4439 2757 4517 εὐσεϐείᾳ,
2805 4445 2898 4500 καὶ
2945 4439 3194 4517 ἀκριϐείᾳ
3242 4443 3366 4520 περὶ
3412 4441 3479 4497 τὰ
3530 4435 3785 4520 πράγματιξ

2169 4515 2482 4611 ίρώμενος.
2516 4533 2608 4596 Εἰς
2644 4515 2829 4602 δὲτὴν
2861 4515 3185 4608 ἱεραρχικήν
3218 4515 3366 4603 τάξ-ιν
3425 4520 3668 4603 μεταϐὰς,
3707 4515 3784 4611 καὶ

2171 4607 2474 4698 ίᾸπαμείας
2528 4629 2626 4694 τῆς
2681 4623 2817 4678 κατὰ
2875 4607 3076 4699 Συρίαν
3155 4621 3452 4682 ὶπίσκοπος
3525 4607 3780 4699 κατασῖᾶςν

2165 4715 2303 4790 πρός
2325 4697 2391 4769 τε
2427 4717 2494 4768 τὰ
2551 4711 2696 4768 ἄλλα
2750 4697 2976 4774 δικαίως
3037 4709 3425 4767 ἐπολιτεύσατο
3480 4704 3568 4762 καὶ
3619 4697 3777 4790 δεξίωςο

2166 4787 2266 4860 Κίκῖ
2313 4800 2381 4874 δὴ
2441 4802 2642 4878 θερμὸς
2693 4808 2794 4871 τῆς
2846 4800 2982 4856 κατά
3038 4801 3266 4876 Χριστὸν
3325 4799 3576 4859 πίστεως,
3623 4787 3779 4878 γὲγρνε

2170 4893 2452 4964 ζηλωτὴς,
2508 4877 2800 4964 ἶκκλησίας
2858 4912 2918 4946 τε
2972 4891 3049 4956 εἰς
3097 4887 3252 4962 δόξαν
3341 4891 3472 4944 Θεοῦ
3526 4877 3776 4937 συνιστιῖιν,

2167 4983 2254 5038 καὶ
2288 4980 2448 5045 ναοὺς
2472 4978 2796 5044 εἷδωλικοῦς
2827 4982 3121 5049 καθαιρῶν.
3181 4986 3272 5036 Ὧν
3323 4974 3410 5033 ἕνα
3461 4975 3533 5050 μή
3588 4981 3777 5040 συγχω·

2167 5075 2391 5147 ροῦντος
2421 5069 2568 5144 αὐτῷ
2611 5074 2708 5126 τοῦ
2764 5069 2817 5125 ὲν
2867 5069 3016 5143 αὐτῷ
3073 5067 3332 5144 δαίμονος
3382 5050 3767 5147 κατακαῆναικῆ

2169 5138 2444 5237 μηχαναῖς
2469 5138 2577 5216 τισι
2634 5138 3068 5231 καταϐληθῆναι,
3126 5138 3187 5223 ὃς
3241 5156 3454 5232 ἐλέγετο
3508 5151 3598 5204 τοῦ
3647 5138 3771 5237 Δὶός·

2167 5223 2352 5307 λαὲὼν
2382 5246 2530 5325 ὕδωρ
2570 5249 2599 5305 ὁ
2632 5249 2782 5326 ἅγιος
2814 5223 2904 5304 καὶ
2935 5223 3260 5324 εὐλογήσας,
3293 5223 3525 5332 καὶτοῖς
3573 5223 3774 5332 στοίϐα-

2167 5345 2337 5405 σθεῖσι
2390 5336 2576 5409 ξύλοις
2625 5336 2941 5415 ὶπιῤῥάνας,
2989 5337 3292 5415 ἀναφθῆναι
3332 5331 3419 5392 καὶ
3472 5331 3772 5415 κατακαῆναι

2165 5428 2450 5500 πεποίηκε.
2486 5401 2781 5503 Συσχεθίὶς
2812 5423 2870 5483 δὶ
2909 5425 2998 5483 ἐπὶ
3027 5401 3206 5501 τούτῳ
3258 5421 3360 5479 ὗπῦ
3412 5421 3514 5475 τῶν
3569 5401 3774 5503 εἴδωλο-

2167 5492 2527 5596 λατρῶν,καί
2709 5520 2817 5593 πῦρ
2879 5515 3127 5595 βληθεὶς,
3176 5492 3283 5574 ’τὸν
3338 5505 3578 5587 στὶφανον
3628 5492 3767 5568 ἦνέὙ

2164 5629 2294 5666 κατο
2302 5651 2318 5670 ο
