4082 6200
308 367 426 426 585
1782 372 1983 435 AUGE

2104 373 2225 434 US.
3606 380 3721 441 586

862 505 1014 562 ΜΠΝ
1023 507 1042 562 Ι
1078 507 1172 562 ΤΩ
1209 508 1410 564 ΔΥΤΩ.

2628 509 2864 564 EODEM
2922 512 3171 566 MENSE.

1112 605 1197 661 IE‘
2572 599 2676 654 Die
2720 598 2953 656 decima
2993 601 3217 673 quinta.

382 707 443 759 Ἡ
472 706 741 779 κοίμησις
792 715 893 779 τῆς
958 707 1314 786 ὑπερινδόξου
1374 712 1676 782 Δεσποίνης
1732 713 1891 785 ἡμῶν

1007 782 1296 837 Θεοτόκου.

2099 706 2345 760 )ormitio
2402 706 2810 776 gloriosissime
2868 709 3114 766 Domina
3186 717 3394 767 nostra:
3440 710 3723 782 Deiparae.

1052 803 1296 842 εοτοκου.

383 915 508 969 Ὅτε
540 914 568 967 6
597 913 801 989 Κύριος
834 918 994 990 ἡμῶν
1025 919 1118 972 καὶ
1150 918 1279 983 Θεὸς
1309 914 1642 993 προσλαϐεῖν
1706 916 1968 988 εὐδόκησε

315 1003 411 1071 τὴν
446 1004 638 1057 ἑαυτοῦ
668 1002 911 1080 Μητέρα,
946 1005 1019 1061 δι’
1064 1007 1303 1083 ἀγγέλου
1335 1008 1472 1082 αὖτῇ
1503 1010 1602 1078 τὴν
1647 1008 1815 1077 αὐτῆς
1873 1030 1965 1082 με·

316 1094 567 1146 τάστασιν
599 1096 990 1167 κατεμήνυσεν.
1050 1097 1113 1153 Ἢ
1175 1096 1232 1152 δὲ
1288 1097 1561 1153 ἀκούσασαι
1632 1100 1829 1173 ἐχάρη·
1878 1100 1963 1152 καὶ

320 1182 616 1235 ἀνελθοῦσα
643 1182 719 1244 εἰς
768 1183 831 1238 τὸ
889 1179 1015 1256 ὅρος
1060 1191 1166 1241 τῶν
1223 1186 1480 1258 Ἐλαιῶν,
1524 1188 1611 1242 καὶ
1672 1190 1961 1260 προσδοξα-

323 1274 480 1342 μένη,
515 1271 841 1349 ὑπέστρεψεν
872 1274 947 1337 εἷς
976 1277 1068 1330 τὸν
1119 1280 1269 1332 οἷκον
1329 1278 1513 1346 αὐτῆς.
1568 1278 1661 1332 Καὶ
1719 1278 1968 1351 εὐτρεπί-

320 1382 452 1415 an:
480 1362 549 1416 τᾶ
580 1363 713 1437 πρὸς
746 1363 843 1431 τὴν
876 1366 1056 1442 ταφὴν
1099 1367 1328 1436 ἅπαντα,
1390 1364 1664 1441 ἐξεδέχετο
1720 1368 1809 1421 τὸν
1844 1367 1964 1420 Υὶὸν

320 1451 509 1519 αὐτῆς.
574 1451 677 1506 Καὶ
747 1454 1052 1526 γενομένης
1115 1455 1343 1529 βροντῆς
1413 1457 1678 1531 μεγάλης,
1738 1455 1967 1530 παρεγὲο

321 1561 476 1594 νοντο
510 1542 562 1594 οἱ
592 1540 893 1597 ἀπόστολοι
925 1541 1115 1605 πάντες
1171 1542 1230 1598 ἐκ
1290 1549 1393 1599 τῶν
1448 1545 1691 1618 περάτων
1724 1552 1822 1615 τῆς
1867 1552 1970 1618 γῆς

323 1626 411 1682 διδ.
436 1629 677 1707 νεφελῶν
726 1632 864 1707 πρὸς
916 1632 979 1686 τὸ
1038 1630 1297 1703 κηδεῦσαι
1353 1635 1415 1689 τὸ
1470 1636 1738 1710 ἄχραντον
1799 1634 1968 1704 αὐτῆς

319 1723 498 1791 σῶμα.
561 1720 656 1774 Καὶ
717 1723 1153 1794 σχηματισθεῖσα
1210 1721 1297 1777 ἐπὶ
1382 1727 1481 1789 τῆς
1539 1723 1756 1795 κλίνης,
1838 1744 1971 1792 παρ-

318 1807 465 1863 έθετο
496 1809 596 1876 τὴν
628 1808 778 1884 ἁγίαν
811 1810 975 1879 αὐτῆς
1009 1812 1199 1887 ψυχὴν
1230 1812 1306 1874 εἰς
1362 1813 1552 1889 χεῖρας
1588 1818 1685 1869 τοῦ
1717 1813 1844 1868 Υἱοῦ
1874 1831 1963 1884 καὶ

2146 910 2288 964 Cum
2322 910 2640 981 placuisset
2665 913 2784 967 Deo
2809 930 2976 969 suam
3007 914 3351 987 genitricem
3384 916 3457 972 ad
3481 933 3541 972 se
3559 933 3724 972 assu-

2078 1000 2501 1071 mere,ipsiper
2528 1002 2803 1073 angelum
2833 1004 3285 1059 translationem
3310 1022 3477 1059 suam
3497 1021 3728 1060 annun-

2077 1088 2271 1142 tiavit:
2311 1106 2440 1159 qua)
2472 1090 2571 1144 ubi
2597 1092 2839 1159 audivit,
2875 1093 3071 1148 lmtata
3103 1099 3229 1161 est;
3265 1094 3417 1149 etad
3460 1101 3724 1150 montem

2077 1177 2369 1232 Olivarum
2405 1180 2759 1250 ascendens,
2795 1199 2929 1236 cum
2976 1189 3224 1252 orasset,
3284 1184 3525 1239 domum
3555 1201 3721 1239 suam

2076 1267 2428 1331 revertitur;
2462 1270 2929 1340 prmparatisque
2962 1272 3398 1342 omnibus,quaa
3430 1273 3503 1326 ad
3526 1274 3723 1343 sepul-

2079 1361 2271 1410 turam
2302 1362 2471 1411 erant
2500 1359 2855 1421 necessaria,
2884 1376 3056 1414 suum
3099 1362 3328 1431 accepit
3373 1361 3583 1416 Filium
3610 1378 3622 1415 :
3657 1379 3725 1417 ac

2078 1443 2304 1516 ingenti
2328 1445 2551 1499 tonitru
2582 1445 3017 1518 facto,apostoli
3053 1464 3261 1502 omnes
3293 1465 3361 1501 ex
3396 1454 3565 1502 terra:
3590 1450 3724 1503 ﬁni-

2077 1532 2187 1587 bus
2221 1550 2324 1604 per
2350 1534 2536 1589 nubes
2568 1536 2642 1589 ad
2664 1536 3117 1591 immaculatum
3139 1537 3268 1606 ejus
3287 1554 3500 1607 corpus
3521 1553 3728 1591 curan-

2077 1621 2218 1677 dum
2251 1630 2630 1679 accesserunt
2658 1641 2670 1679 :
2707 1631 2765 1680 et
2796 1642 2976 1697 supra
3007 1626 3229 1680 lectum
3262 1626 3389 1697 ipsa
3415 1642 3543 1679 sese
3564 1642 3726 1680 com-

2078 1728 2326 1782 ponens,
2358 1719 2622 1768 sanctam
2682 1730 2849 1768 suam
2883 1715 3143 1769 animam
3204 1716 3263 1767 in
3325 1730 3536 1768 manus
3596 1714 3728 1767 Filii

2082 1800 2299 1871 Deique
2334 1801 2423 1855 sui
2458 1802 2917 1873 tradidit.lpsius
2949 1820 3085 1858 vero
3105 1802 3492 1874 purissimum
3516 1819 3729 1873 corpus

318 1902 452 1951 Θεοῦ
484 1900 674 1967 αὐτῆς.
710 1899 788 1955 Τὸ
821 1896 878 1953 δὲ
924 1900 1305 1977 πανάχραντον
1364 1903 1532 1971 αὐτῆς
1589 1902 1844 1977 λείψανον
1869 1924 1965 1957 τα-

2099 1910 2110 1944 ι
2140 1891 2659 1963 sanctisapostolis
2690 1893 3147 1964 sepultumpost
3165 1894 3399 1948 tertiam
3422 1892 3581 1947 diem
3606 1910 3726 1947 non

318 1989 411 2063 ερέν
449 1988 551 2041 ὑπὸ
596 1992 703 2042 τῶν
759 1986 928 2063 ἁγίων
990 1987 1333 2065 ἀποστόλων,
1390 1994 1525 2065 μετὰ
1580 1993 1768 2068 τρίτην
1825 1995 1963 2066 ἡμὲ-

320 2099 414 2151 ραν
448 2076 556 2152 οὐχ
597 2078 811 2150 εὑρέθη.
862 2079 1101 2154 Ἀνοίξας
1156 2080 1256 2155 γὰρ
1312 2082 1340 2136 6
1401 2087 1600 2155 Θωμᾶς
1652 2084 1744 2138 τὸν
1776 2083 1967 2161 τάφον,

322 2175 458 2242 πρὸς
489 2171 551 2224 τὸ
585 2177 961 2243 προσκυνῆσαι
991 2172 1051 2226 τὸ
1102 2170 1358 2246 λείψανον
1418 2172 1659 2249 (ὕστερον
1714 2175 1816 2251 γὰρ
1871 2172 1971 2242 ἧλ-

322 2258 451 2329 θεν),
488 2256 597 2331 οὐχ
630 2257 777 2331 εὗρεν
830 2257 982 2315 αὐτό.
1027 2259 1303 2331 Μετέθηκε
1349 2260 1450 2336 γὰρ
1505 2262 1637 2316 αὐτὸ
1674 2261 1701 2316 ὀ
1733 2260 1862 2325 Θεὸς
1918 2261 1971 2316 ἐν

316 2350 570 2423 τόπῳ,ᾧ
628 2347 771 2406 οἶδεν
825 2351 1009 2414 αὐτός·
1073 2349 1366 2428 εὑρέθησαν
1420 2351 1477 2409 δὲ
1536 2355 1698 2428 μόναι
1745 2356 1800 2410 αἱ
1857 2375 1970 2409 σιν-

328 2436 378 2457 \r

322 2459 492 2501 οονες.

456 2564 553 2621 Καὶ
587 2564 821 2637 ἄθλησις
849 2571 947 2622 τοῦ
996 2566 1150 2642 ἁγίου
1198 2570 1477 2643 μάρτυρος
1506 2566 1825 2643 Οὖρσικίου.

384 2694 446 2751 Ὀ
473 2698 571 2749 τοῦ
603 2698 841 2765 Χριστοῦ
871 2698 1074 2771 μάρτυς
1125 2696 1417 2773 Οὐρσίκιος
1447 2697 1515 2766 ἦν
1571 2696 1659 2751 ἐπὶ
1716 2703 1817 2766 τῆς
1875 2696 1973 2772 βα-

314 2781 524 2846 σιλείας
545 2784 914 2857 Μαξιμιανοῦ,
983 2784 1042 2840 ἐκ
1093 2790 1196 2851 τῆς
1255 2788 1446 2863 χώρας
1500 2790 1598 2841 τοῦ
1632 2784 1971 2862 Ἰλλυρικοῦ,

313 2872 413 2939 τὴν
460 2874 608 2946 τάξιν
660 2874 1025 2949 στρατιώτης,
1080 2876 1181 2944 τὴν
1253 2876 1400 2949 ἀξίαν
1479 2871 1791 2952 τριϐοῦθος.
1834 2879 1971 2949 Χρι-

322 2962 535 3024 στιανὸς
567 2960 625 3017 δὲ
655 2961 752 3034 ὢν,
784 2964 1136 3038 κατεμηνόθη
1168 2970 1248 3037 τῷ
1284 2963 1514 3042 ἄρχοντι
1551 2968 1652 3023 ὑπὸ
1682 2968 1801 3029 ἑνὸς
1864 2971 1971 3021 τῶν

326 3052 412 3105 ὑπ’
471 3051 635 3107 αὐτὸν
725 3058 1093 3126 στρατιωτῶν.
1179 3057 1279 3111 Καὶ
1349 3058 1661 3131 κρατηθεὶς,
1731 3053 1973 3125 ἐϐιάζετο

325 3141 477 3195 θῦσαι
507 3147 628 3204 τοῖς
677 3141 951 3207 εἰδώλοις.
1001 3146 1091 3215 Μὴ
1149 3144 1387 3209 πεισθεὶς
1446 3144 1525 3218 δὲ,
1584 3145 1783 3225 ἐτόφθη
1844 3166 1975 3222 σφο-

2078 1986 2169 2034 est
2194 1986 2515 2052 repertum.
2550 1981 2899 2052 Sepulcrum
2950 1982 3103 2038 204
3164 1983 3322 2038 enim
3373 1981 3726 2053 adaperiens

2078 2070 2349 2139 Thomas,
2383 2070 2484 2140 qui
2517 2086 2648 2124 sero
2675 2075 2934 2137 venerat,
2968 2076 3033 2125 ut
3090 2072 3391 2142 lipsanum
3423 2071 3718 2139 adoraret,

2079 2158 2229 2213 illud
2260 2159 2722 2230 haudquaquam
2752 2160 2975 2215 invenit
3004 2178 3018 2227 ;
3053 2161 3111 2215 id
3140 2161 3435 2232 siquidem
3460 2165 3724 2216 transtu-

2080 2248 2231 2303 lerat
2260 2250 2413 2304 Deus
2446 2249 2508 2303 in
2539 2248 2757 2316 locum,
2789 2266 2967 2320 quem
3010 2250 3135 2321 ipse
3171 2251 3283 2306 scit
3315 2268 3328 2319 ;
3387 2250 3490 2306 sed
3540 2250 3727 2304 lintea

2081 2338 2369 2394 duntaxat
2396 2338 2563 2393 fuere
2593 2344 2847 2411 reperta.

2295 2564 2362 2617 Et
2392 2569 2675 2617 certamen
2731 2562 2910 2618 sancti
2967 2565 3228 2633 martyris
3293 2564 3511 2620 Ursicii.

2154 2696 2371 2751 Christi
2404 2701 2629 2769 martyr
2659 2697 2921 2752 Ursicius
2956 2697 3323 2768 temporibus
3354 2698 3731 2769 imperatoris

2083 2786 2421 2841 Maximiani
2444 2786 2557 2841 fuit
2585 2803 2655 2841 ex
2713 2786 2935 2858 Illyrici
2990 2787 3251 2858 regione,
3297 2788 3505 2843 ordine
3536 2788 3729 2856 miles,

2084 2876 2369 2948 dignitate
2403 2875 3085 2932 tribunus.Christianus
3117 2894 3252 2932 cum
3285 2882 3462 2947 esset,
3496 2878 3732 2932 denun-

2084 2970 2266 3025 tiatus
2299 2974 2389 3024 est
2420 2968 2577 3039 apud
2608 2970 3031 3039 imperatorem
3064 2986 3098 3023 a
3149 2970 3428 3040 quodam,
3490 2970 3589 3041 qui
3622 2969 3730 3024 sub

2085 3062 2212 3131 ipso
2228 3059 2521 3115 militabat
2546 3059 3175 3130 ;detentusque,idolis
3198 3059 3729 3132 cogebaturlitare;

2086 3155 2146 3204 at
2174 3167 2293 3205 non
2325 3166 2557 3213 suasus,
2580 3148 2827 3203 caeditur
2857 3149 3091 3215 acriter,
3120 3154 3176 3203 et
3197 3166 3409 3204 manus
3432 3149 3732 3220 pedesque

330 3229 490 3306 δρῶ-ς.
517 3235 617 3290 Καὶ
653 3232 827 3298 δεθεὶς
858 3240 1048 3310 χεῖρας
1103 3237 1194 3290 καὶ
1247 3235 1419 3302 πόδας
1476 3240 1748 3314 σχοινίοις
1777 3243 1980 3315 παχέσι

2099 3240 2343 3306 vinctus,
2368 3239 2583 3293 crassis
2614 3238 2853 3292 funibus
2885 3239 3037 3306 oleo,
3075 3239 3236 3305 sebo,
3270 3240 3470 3294 resina
3514 3245 3572 3293 et
3602 3239 3732 3310 pice

330 3325 633 3397 χρισθεῑσιν
666 3322 855 3397 ἐλαίῳ,
888 3325 976 3380 καὶ
1009 3323 1211 3397 στέατι,
1276 3328 1365 3381 καὶ
1402 3328 1621 3403 ῥητίνη,
1656 3331 1744 3384 καὶ
1794 3330 1983 3404 πίσσῃ,

333 3413 419 3465 καὶ
452 3410 790 3487 ἐμπρησθεὶς
831 3416 960 3489 πυρὶ
1020 3415 1335 3471 κατεκαίετο
1389 3418 1659 3488 ἀνηλεῶς.
1721 3420 1982 3492 Καιομέ-

333 3523 436 3555 νων
466 3498 523 3556 δὲ
550 3507 662 3557 τῶν
696 3508 901 3578 χειρῶν
929 3505 1020 3559 καὶ
1075 3509 1182 3560 τῶν
1243 3503 1451 3573 ποδῶν,
1507 3505 1806 3584 ἀνακράξας
1858 3508 1982 3579 ἔφη’

337 3589 493 3646 Καλά
521 3592 610 3644 καὶ
644 3588 824 3646 δίκαια
853 3592 1073 3668 πάσχω.
1107 3594 1284 3665 Ἂξιαι
1342 3596 1441 3669 γάρ
1501 3596 1632 3650 εἰσιν
1692 3598 1747 3651 αἱ
1806 3599 1987 3672 Λεῖρες

335 3681 485 3734 αῦται
529 3681 791 3750 καύσεως,
857 3682 939 3737 ὅτι
995 3684 1087 3738 τὸν
1140 3684 1401 3757 τύραννον
1452 3685 1679 3741 κάκιστα
1739 3686 1985 3743 ἀπολλύ-

340 3790 499 3841 μενον
523 3770 576 3825 ἐν
608 3771 867 3844 πολέμῳ,
901 3772 976 3835 ὡς
1040 3775 1115 3845 μὴ
1178 3771 1379 3852 ὢφελε,
1431 3773 1781 3833 διεσώσαντο.
1813 3781 1987 3832 Τοῦτο

336 3859 568 3921 ἀκούσας
628 3862 656 3915 6
706 3860 993 3935 τύραννος,
1075 3862 1166 3917 καὶ
1247 3863 1579 3939 αἰσχυνθεὶς,
1639 3864 1822 3941 βαλὼν
1911 3866 1987 3929 εἰς

339 3945 485 4023 ῧδωρ
517 3950 615 4012 τὰς
668 3956 857 4025 χεῖρας
889 3951 1107 4021 ἀύτοῦ,
1164 3953 1252 4007 καὶ
1306 3950 1661 4025 κατασϐέσας,
1723 3955 1987 4011 ἀπέλυσεν

342 4036 523 4095 αὐτόν.
554 4037 715 4094 Ἀλλ’
748 4036 968 4116 ὕστερον
1029 4040 1194 4096 πάλιν
1253 4043 1542 4117 κρατηθεὶς
1594 4044 1623 4099 6
1664 4046 1835 4121 ἅγιος,
1894 4045 1991 4100 ἀπ-

342 4125 669 4203 εκεφαλίσθη
683 4171 696 4184 .

342 4254 443 4308 Καὶ
488 4255 523 4322 ἡ
584 4253 888 4335 ἀνάμνησις
944 4257 1076 4335 τῆς,
1100 4254 1389 4335 γενομένης
1406 4332 1429 4335 ,Δ
1446 4265 1822 4335 καταστροφῆς
1854 4255 1992 4315 ἐλέει

846 4331 980 4382 Θεοῦ
1012 4329 1119 4382 τῶν
1152 4329 1494 4403 Ἀγαρηνῶν.

416 4440 542 4496 Ἐπὶ
599 4448 699 4509 τῆς
763 4441 1047 4517 βασιλείας
1108 4444 1332 4505 Γέοντος
1389 4448 1487 4499 τοῦ
1558 4444 1801 4521 Ἰσαόρου
1858 4444 1998 4515 ἦλθε

344 4530 560 4599 πλῆθος
602 4530 746 4584 πολὺ
803 4536 910 4585 τῶν
969 4538 1323 4607 Σαρακηνῶν,
1403 4533 1494 4588 καὶ
1553 4534 1996 4609 περιεκύκλωσαν

2092 3329 2283 3396 illitis,
2317 3334 2493 3399 atque
2524 3328 2657 3398 igne
2709 3327 3031 3393 succensis,
3092 3327 3551 3383 comburebatur
3608 3330 3734 3399 ipse

2089 3417 2429 3473 crudeliter.
2464 3418 2603 3487 Ejus
2635 3421 2833 3470 autem
2866 3415 3161 3484 manibus,
3196 3417 3566 3489 pedibusque
3595 3436 3737 3473 con-

2090 3504 2498 3579 ﬂagrantibus,
2532 3504 2896 3569 exclamans,
2930 3504 3046 3559 ait:
3080 3505 3216 3558 Jure
3240 3507 3463 3575 optimo
3492 3507 3615 3562 hazc
3631 3524 3732 3579 pa-

2092 3594 2448 3667 tior:dignre
2481 3593 2637 3647 enim
2664 3608 2876 3647 manus
2908 3593 3034 3647 istae
3066 3593 3735 3667 incendio,quippequm

2093 3690 2433 3755 tyrannum,
2463 3682 2605 3737 dum
2654 3683 2715 3736 in
2748 3681 2890 3736 belli
2949 3681 3269 3738 deterrimo
3295 3683 3574 3739 discrime
3608 3703 3738 3757 per-

2094 3775 2355 3841 deretur,
2388 3772 2545 3843 quod
2592 3774 2822 3827 utinam
2854 3788 3163 3842 nunquam
3208 3778 3564 3845 patrassent,
3596 3774 3738 3847 ipsa)

2095 3864 2554 3919 servarunt.Hoc
2585 3862 2787 3917 audito
2822 3867 3109 3933 tyrannus
3157 3863 3383 3934 pudore
3441 3865 3739 3937 perfusus,

2094 3970 2248 4024 aqua
2279 3952 2439 4007 illius
2460 3952 2736 4007 manibus
2777 3952 3100 4023 immersis,
3135 3958 3311 4025 atque
3338 3953 3548 4010 ardore
3577 3972 3736 4009 com-

2094 4059 2322 4115 presso,
2359 4043 2553 4113 ipsum
2583 4041 2829 4096 dimisit.
2866 4042 2976 4097 Sed
3020 4049 3225 4113 postea
3255 4049 3493 4099 sanctus
3522 4044 3739 4097 iterum

2096 4132 2581 4202 comprehensus,
2608 4131 2798 4201 capite
2828 4129 2943 4184 fuit
2973 4130 3379 4185 obtruncatus.

2097 4260 2163 4313 Et
2200 4257 2464 4311 memoria
2488 4256 2626 4325 ejus,
2654 4267 2782 4323 qua?
2805 4270 2904 4322 ope
2936 4256 3033 4308 Dei
3060 4256 3284 4323 accidit,
3316 4257 3481 4313 caedis
3534 4257 3743 4325 impio-

2638 4341 2762 4379 rum
2793 4326 3199 4393 Agarenorum.

2173 4449 2255 4502 Im
2262 4454 2507 4515 perante
2521 4442 2712 4497 Leone
2727 4441 3205 4509 lsauro,numero
3214 4458 3312 4497 sus
3325 4444 3752 4499 Saracenorum

2104 4534 2396 4590 exercitus
2420 4531 2674 4598 venit,ac
2706 4536 2862 4586 terra
2886 4531 3151 4603 marique
3176 4533 3754 4605 Constantinopolim

342 4627 445 4693 τήν
492 4626 1089 4700 Κωνσταντινούπολιν,
1153 4626 1243 4683 διά
1294 4649 1353 4683 τε
1419 4635 1523 4703 γῆς
1556 4628 1645 4683 καὶ
1697 4627 1983 4699 θαλάσσης

2107 4621 2517 4685 circumdedit,
2553 4628 2611 4675 et
2632 4620 2841 4675 urbem
2860 4620 3025 4675 illam
3055 4620 3363 4677 obsidione
3416 4624 3753 4696 opprimere

345 4713 441 4768 καὶ
500 4708 759 4769 ἐϐούλετο
817 4714 1186 4792 πολιορκῆσαι
1245 4716 1433 4788 αὐτήν.
1499 4715 1726 4779 Ἰδόντες
1786 4715 1843 4773 δὲ
1897 4718 1998 4785 τήν

348 4802 592 4878 ἀνάγκην
648 4808 746 4858 τοῦ
807 4804 1100 4880 βασιλέως,
1156 4806 1527 4881 βουληθέντος
1586 4806 1771 4863 δοῦναι
1817 4806 2001 4869 αὐτοῖς

346 4893 551 4963 mima,
600 4893 756 4948 αὐτοὶ
823 4894 912 4949 καὶ
964 4894 1205 4973 φύλακας
1244 4890 1436 4972 ἔλεγον
1487 4896 1877 4974 ἐγκαταστῆσαι
1934 4900 2002 4971 τῇ

349 4983 537 5040 πόλει.
577 4982 734 5040 Ἀλλ’
766 4984 794 5038 6
824 4989 941 5046 τοῖς
1003 4985 1366 5062 ὑπερηφάνοις
1424 4986 1870 5060 ἀντιτασσόμενος
1903 4986 2008 5045 Κό-

353 5095 497 5150 ριος,
520 5070 791 5146 ἄπρακτον
814 5073 985 5146 ἓδειξε
1013 5078 1111 5145 τὴν
1150 5076 1383 5151 βουλήν.
1445 5078 1547 5135 Καὶ
1580 5076 1709 5134 ἰδὼν
1735 5080 1763 5134 6
1817 5080 2006 5155 ἄρχων

352 5163 559 5235 αὐτῶν,
593 5164 677 5218 ὃτι
708 5162 865 5219 οὐδὲν
898 5163 1068 5232 ἂνόει,
1126 5164 1221 5219 κᾶν
1279 5166 1539 5231 εἰσελθεῖν
1597 5168 1702 5223 ἀπὸ
1758 5174 1858 5237 τῆς
1913 5172 2010 5223 τοῦ

354 5250 672 5326 Βοσπορίου
701 5252 910 5327 πόρτης
944 5249 1203 5330 ἔφιππος,
1232 5254 1321 5309 καὶ
1370 5259 1477 5310 τῶν
1534 5253 1719 5313 ἄλλων
1751 5252 2008 5312 ἀϐλαϐὣν

353 5340 741 5412 εἰσελθόντων,
777 5343 805 5396 6
846 5341 1011 5397 αὐτοῦ
1068 5340 1241 5405 ’ἶππυς
1302 5346 1470 5418 μόνος
1530 5342 1853 5421 ὀρθοϐολῶν
1912 5347 2015 5404 οὐκ

352 5429 674 5502 εἰσήρχετο.
760 5431 855 5485 Καὶ
951 5426 1259 5506 ἀναϐλέψας
1314 5433 1403 5489 καὶ
1492 5432 1621 5490 ἰδὼν
1682 5434 1859 5490 ἐπάνω
1915 5441 2015 5505 τῆς

351 5519 571 5595 πόρτης
600 5521 697 5588 τήν
742 5520 924 5575 εἰκόνα
980 5528 1081 5591 τῆς
1136 5522 1426 5594 Θεοτόκου,
1486 5519 1629 5599 ἔγνω
1682 5529 1846 5580 τοῦτο
1900 5548 2013 5581 πα-

356 5614 495 5679 θεῖν,
555 5606 647 5664 διὰ
700 5608 763 5665 τὸ
816 5607 1215 5689 βλασφημῆσαι
1277 5612 1354 5676 εἱς
1407 5614 1600 5687 αὐτήν.
1663 5615 1866 5672 Λοιπὸν
1923 5615 2013 5671 οῦν

359 5698 699 5772 ὑπέστοεψαν
730 5698 1018 5774 ἄπρακτον
1053 5699 1143 5754 καὶ
1193 5703 1329 5756 κατᾶ
1382 5704 1443 5758 τὸ
1503 5703 1724 5779 Αἰγαῖον
1773 5704 2011 5779 πέλαγος

651 5818 917 5882 ΡΔτιιοι.
961 5821 1085 5881 Gl.
1125 5819 1371 5884 CXVII.

2109 4712 2840 4781 meditabantur.Cumque
2862 4711 3281 4783 imperatorem
3299 4714 3753 4772 animadvertis-

2112 4809 2246 4863 sent
2266 4822 2300 4859 a
2325 4802 2698 4859 necessitatis
2716 4802 2914 4875 urgeri
2936 4804 3245 4874 angustiis,
3280 4810 3459 4877 atque
3483 4824 3617 4863 cum
3636 4806 3755 4862 illis

2115 4896 2188 4953 ad
2206 4893 2608 4951 conditionem
2638 4897 2911 4963 paratum
2934 4893 3296 4951 descendere
3319 4916 3333 4962 ;
3367 4897 3760 4953 autumabant

2117 4986 2228 5057 ipsi
2256 4981 2601 5055 praesidium
2622 4982 2803 5037 etiam
2819 4982 3123 5054 imponere
3137 4984 3460 5042 civitati.At
3472 4988 3758 5042 Dominus

2118 5074 2349 5145 ille,qui
2377 5072 2650 5145 superbis
2712 5072 2956 5140 resistit,
2990 5071 3225 5130 irritum
3265 5092 3471 5131 eorum
3502 5075 3765 5130 reddidit

2121 5163 2458 5220 consilium.
2495 5161 2829 5234 Bxplorans
2860 5162 3019 5217 enim
3051 5164 3212 5220 illius
3244 5166 3434 5237 gentis
3467 5166 3765 5237 princeps,

2124 5254 2280 5326 quod
2312 5252 2461 5307 nihil
2492 5252 3172 5323 proﬁceret,postulavit,
3198 5255 3311 5311 sibi
3343 5256 3555 5311 saltem
3589 5256 3771 5311 licere

2124 5362 2228 5417 per
2258 5341 2541 5414 Bosphori
2573 5344 2803 5413 portam
2828 5359 2981 5413 equo
3023 5344 3386 5401 insidentem
3416 5345 3665 5417 ingredi.
3700 5349 3776 5399 At

2125 5433 2259 5490 aliis
2290 5432 2438 5487 citra
2458 5446 2674 5486 noxam
2706 5431 3172 5501 introeuntibus,
3206 5434 3355 5491 205
3394 5435 3523 5506 ejus
3556 5434 3775 5489 solum-

2124 5520 2299 5577 modo
2326 5536 2512 5590 equus
2526 5536 2655 5575 sese
2686 5520 3101 5592 erigens,intro
3124 5522 3368 5578 minime
3395 5521 3771 5595 pervadebat.

2124 5615 2284 5669 Tunc
2303 5610 2403 5665 ille
2426 5609 2707 5666 attollens
2725 5610 3029 5680 oculos,ac
3053 5628 3233 5683 supra
3255 5617 3487 5683 portam
3509 5611 3772 5681 Deiparae

2127 5701 2377 5759 intuitus
2409 5699 2817 5771 imaginem,id
2852 5701 2902 5756 ei
2934 5700 3201 5757 accidere
3234 5699 3772 5771 intellexit,quiain

3414 5816 3489 5877 19
