4084 6202
322 395 438 454 587

1644 377 2072 440 MENOLOGII
2115 381 2321 442 PARS
2369 383 2479 442 III.

3609 385 3727 442 588

320 529 512 600 ipsam
541 520 947 593 blasphemias
975 513 1490 585 emiserat.ltaque
1513 510 1806 600 reinfecta
1833 516 1970 566 sunt

2085 511 2364 584 γενόμενοι
2395 512 2488 567 σὺν
2519 518 2636 575 τοῖς
2669 511 2915 587 πλοίοις,
2969 512 3074 568 ὑπὸ
3131 513 3388 590 χαλάζης
3441 511 3732 592 πυρώδους

313 599 532 672 reversi
560 629 572 667 :
594 617 650 666 et
676 626 812 665 cum
844 608 916 662 ad
947 620 1110 660 mare
1133 605 1388 674 ngum
1411 617 1548 656 cum
1571 599 1820 654 navibus
1836 616 1971 670 per-

315 707 642 770 venissent,
675 698 926 756 ferventi
960 694 1252 769 grandine
1289 693 1550 766 percussi
1574 691 1901 764 perierunt.

875 811 1118 869 EODEM
1157 810 1411 866 MENSE.

857 903 962 957 Die
993 901 1226 956 decima
1267 903 1434 955 sexta

601 995 889 1051 Certamen
904 993 1081 1048 sancti
1103 991 1360 1060 martyris
1385 988 1683 1044 Diomedis.

401 1221 664 1278 Diomedi
692 1219 908 1275 Christi
940 1216 1186 1287 martyri
1217 1217 1430 1270 Tarsus
1462 1213 1682 1268 Cilicia:
1703 1213 1844 1268 urbs
1866 1230 1972 1284 pa-

325 1316 440 1369 tria
469 1313 600 1366 fuit.
656 1313 859 1365 Artem
917 1306 1208 1361 didicerat
1266 1303 1581 1358 medicam.
1622 1303 1970 1358 Diocletiani

322 1419 460 1458 vero
491 1398 869 1471 imperatoris
894 1394 1260 1467 temporibus
1275 1395 1452 1448 Tarso
1471 1393 1970 1459 cedens,Nicaaam

323 1489 763 1564 proficiscitur;
797 1487 898 1540 ubi
925 1485 1142 1556 pietate
1177 1499 1313 1554 erga
1341 1483 1546 1550 Deum,
1580 1488 1637 1537 et
1657 1481 1802 1536 artis
1835 1498 1968 1536 me-

324 1581 470 1634 dicae
494 1578 707 1650 peritia
735 1575 886 1630 bene
915 1573 1256 1629 merebatur
1285 1571 1358 1625 de
1385 1571 1526 1638 illis,
1551 1571 1651 1642 qui
1679 1570 1752 1626 ad
1775 1571 1971 1642 ipsum

323 1667 704 1724 accedebant.
741 1664 888 1718 Hinc
920 1662 1152 1717 delatus
1183 1666 1273 1716 est
1323 1660 1479 1731 apud
1526 1660 1968 1730 imperatorem.

326 1756 439 1812 Sed
471 1756 574 1827 qui
606 1771 740 1809 eum
773 1751 1204 1824 apprehensuri
1236 1749 1970 1820 advenerant,cumipsum

317 1847 447 1918 jam
478 1845 554 1900 ad
602 1843 922 1899 Dominum
965 1842 1250 1912 migrasse
1280 1839 1662 1910 reperissent,
1699 1837 1970 1909 ejusdem

326 1939 506 2006 caput
547 1933 998 1997 obtruncarunt,
1062 1935 1120 1984 et
1187 1928 1532 2000 imperatori
1591 1927 1963 1983 attulerunt:

329 2023 488 2096 quod
520 2027 794 2096 spectans
826 2021 1167 2092 imperator,
1184 2019 1370 2090 jussit
1400 2017 1629 2085 referri,
1661 2022 1718 2072 et
1737 2017 1971 2088 corpori

326 2115 591 2186 adjungi,
627 2130 742 2184 quo
767 2111 943 2178 facto,
978 2110 1178 2165 statim
1197 2109 1296 2181 qui
1328 2108 1698 2164 deduxerant
1727 2108 1969 2178 milites,

325 2219 568 2259 suorum
599 2201 908 2256 oculorum
939 2215 1323 2269 usum,quem
1355 2198 1842 2264 amiserant,cum
1864 2213 1970 2253 ca-

325 2297 432 2365 put
461 2296 871 2362 amputarunt,
893 2288 1173 2343 dicuntur
1200 2286 1517 2357 recepisse.
1557 2286 1742 2356 Hujus
1771 2291 1971 2341 autem

322 2381 599 2453 pretiosa)
631 2377 900 2449 reliquie)
931 2374 1256 2432 aﬁdelibus
1289 2380 1346 2430 et
1368 2375 1484 2446 piis
1499 2374 1637 2430 viris
1651 2375 1970 2446 sepultura

325 2469 557 2524 traditas
587 2467 851 2522 fuerunt.

463 2664 530 2716 Et
579 2667 852 2717 certamen
892 2658 1233 2715 sacrosancti
1261 2661 1523 2728 martyris
1555 2660 1823 2728 Myronis.

395 2777 738 2834 Exstitithic
753 2776 927 2832 Decio
946 2775 1714 2847 imperatore,etAntipatro
1735 2775 1970 2832 Achaiae

323 2868 624 2942 praafecto,
659 2865 969 2940 presbyter
1015 2865 1306 2922 ecclesias.
1357 2864 1459 2920 Die
1515 2864 1716 2936 itaque
1755 2866 1970 2921 Christi

325 2957 509 3014 natali
545 2973 731 3024 sacra,
767 2956 1077 3026 Antipatro
1135 2955 1198 3010 in
1239 2953 1548 3010 ecclesiam
1589 2953 1874 3026 profecto,
1907 2961 1973 3011 ut

323 3048 692 3104 Christianos
722 3044 1402 3116 comprehenderet,zelo
1416 3045 1525 3099 iste
1543 3045 1972 3117 repletus,eum

323 3136 663 3193 durioribus
695 3135 868 3191 dictis
896 3133 1212 3190 lacessivit.
1245 3135 1614 3205 Quapropter
1645 3151 1967 3206 suspensus

320 3225 644 3281 dilaniatur
676 3242 690 3281 :
723 3225 786 3280 in
817 3224 1119 3279 fornacem
1143 3223 1354 3278 exinde
1377 3223 1969 3295 injicitur.Atfornax

2085 3213 2292 3293 ὕϐρισεν
2353 3218 2531 3276 αὐτόν.
2614 3218 2708 3272 Διὸ
2763 3218 3109 3293 κρεμασθεὶς,

322 3321 595 3371 sanctum
619 3313 861 3384 quidem
881 3313 1132 3368 servavit
1152 3311 1516 3368 incolumem
1541 3329 1555 3380 ;
1579 3329 1680 3368 eos
1703 3314 1966 3384 vero,qui

320 3406 476 3461 circa
506 3405 696 3476 ipsam
722 3402 978 3470 stabant,
1009 3402 1164 3458 viros
1221 3401 1551 3457 combussit
1605 3401 1680 3457 ad
1727 3407 1968 3458 centum

322 3494 775 3566 quinquaginta.
808 3494 889 3547 Ac
920 3493 1136 3547 iterum
1150 3497 1387 3547 coactus
1419 3497 1660 3547 sanctus
1686 3491 1862 3547 idolis
1876 3509 1971 3548 sa-

325 3584 615 3648 criﬁcare,
649 3599 758 3637 nec
790 3582 864 3637 ad
893 3581 953 3636 id
983 3581 1284 3648 inductus,
1303 3581 1376 3636 ab
1408 3581 1674 3637 humeris
1694 3581 1768 3638 ad
1791 3581 1970 3653 pedes

327 3673 607 3728 detractis
631 3689 701 3727 ex
731 3677 866 3726 cute
897 3671 1050 3727 206
1073 3671 1238 3739 loris,
1259 3688 1448 3726 unum
1473 3671 1632 3726 exiis
1653 3672 1969 3744 arripiens,

326 3762 390 3816 in
421 3760 798 3824 proconsulis
839 3759 1065 3814 vultum
1118 3760 1383 3816 vibravit.
1444 3763 1656 3816 Postea
1705 3761 1972 3817 discissis

327 3848 606 3904 carnibus
627 3847 985 3918 discerpitur
1009 3864 1021 3901 :
1050 3853 1227 3918 atque
1258 3848 1972 3922 ipsumintuitusAntipa-

330 3943 440 4004 ter,
463 3936 678 3990 rubore
711 3937 993 4004 suffusus,
1025 3937 1153 4007 ipse
1213 3937 1325 3991 sibi
1357 3953 1568 3992 manus
1616 3938 1839 3994 intulit.
1872 3939 1976 3994 Hic

327 4030 523 4082 autem
563 4025 831 4097 Cyzicum
855 4024 1174 4092 delatus,et
1199 4025 1270 4080 ab
1289 4025 1392 4081 illo
1423 4026 1778 4098 proconsule
1796 4026 1976 4100 gladii

335 4120 578 4188 accepta
609 4114 929 4184 sententia,
961 4114 1289 4170 decollatus
1317 4114 1451 4170 fuit.

893 4379 1134 4435 EODEM
1164 4378 1418 4434 MENSE.

815 4480 916 4536 Die
948 4480 1182 4536 decima
1235 4480 1489 4553 septima

405 4573 694 4629 Certamen
723 4572 900 4627 sancti
937 4571 1198 4655 martyris
1227 4570 1412 4640 Pauli,
1447 4569 1694 4626 Iuliana?
1745 4576 1795 4624 et
1828 4585 1912 4625 so-

1045 4657 1274 4698 morum.

407 4757 673 4814 Fuerunt
702 4758 820 4828 isti,
845 4758 1168 4815 Aureliano
1199 4757 1578 4830 imperatore,
1611 4757 1976 4814 Ptolomaide

335 4847 702 4915 nati,fratres
728 4848 1053 4903 secundum
1079 4865 1339 4903 carnem.
1378 4850 1450 4902 At
1467 4847 1685 4903 Paulus
1700 4846 1980 4902 divinitus

333 4937 660 5008 inspiratas
682 4937 1003 4993 meditatus
1024 4937 1378 5009 Scripturas,
1407 4936 1626 4992 Judaais
1643 4938 1978 5009 Graecisque

331 5044 396 5082 os
429 5025 954 5082 obstruebat.Dum
987 5045 1122 5082 vero
1154 5028 1215 5082 in
1247 5027 1478 5082 civitate
1511 5029 1833 5099 imperator
1850 5043 1979 5082 ver-

331 5116 1001 5184 saretur,denuntiatus,
1030 5117 1081 5170 ei
1115 5117 1346 5171 sistitur
1379 5133 1391 5170 :
1427 5121 1483 5170 et
1513 5117 1810 5171 Christum
1836 5134 1978 5172 con-

327 5205 541 5270 fessus,
577 5203 980 5276 suspenditur,
1014 5210 1072 5259 et
1103 5205 1450 5276 depectitur.
1484 5205 1668 5269 Quem
1687 5222 1856 5259 soror
1885 5205 1976 5260 in-

333 5294 499 5359 tuita,
535 5299 592 5348 et
623 5299 834 5348 contra
866 5299 1182 5364 tyrannum
1215 5294 1714 5364 exclamans,ipsa
1740 5310 1975 5363 quoque

329 5383 877 5455 comprehenditur,
912 5400 980 5437 ac
1037 5399 1325 5454 suspensa
1357 5384 1734 5449 dilaceratur,
1795 5382 1975 5454 inque

325 5472 586 5528 lebetem
615 5471 743 5544 pice
777 5471 1162 5528 ebullientem
1197 5472 1371 5527 ambo
1402 5472 1806 5544 conjiciuntur
1833 5490 1847 5541 ;
1872 5473 1973 5527 sed

325 5562 495 5618 nulla
523 5579 594 5618 ex
623 5562 736 5618 hoc
757 5579 911 5618 noxa
936 5551 1650 5635 accepta,superferreum
1667 5562 1974 5633 grabatum

313 5652 570 5724 ignitum
605 5652 1092 5721 extenduntur,et
1125 5669 1306 5726 super
1337 5651 1555 5708 lumbis
1575 5651 1872 5723 vapulant.
1905 5651 1971 5709 In

311 5757 617 5800 carcerem
657 5748 865 5817 postea
895 5742 1490 5817 detrusi,angelicum
1513 5742 1710 5798 cibum
1735 5757 1970 5798 sumen-

2011 4594 2059 4658 D

2081 601 2392 662 ἀπώλοντο.

2626 832 2726 888 ΜΗ
2734 837 2775 886 Ν
2780 834 2802 890 Ι
2852 837 2942 890 ΤΩ
2981 836 3175 890 ΑΥΤΩ.

2220 1008 2493 1082 Ἅθλησις
2575 1015 2672 1067 τοῦ
2729 925 3222 1089 ἂγίουῐζμδὶρτυρος
3255 1009 3586 1085 Διομήδους.

2153 1213 2437 1287 Διομήδης
2468 1217 2496 1271 ὁ
2552 1220 2650 1270 τοῦ
2701 1217 2937 1292 Χριστοῦ
2999 1214 3236 1290 μάρτυς,
3264 1215 3334 1285 ἦν
3391 1217 3486 1289 μὲν
3515 1215 3734 1291 ὲκΤαρ-

2081 1309 2176 1360 σοῦ
2204 1309 2305 1370 τῆς
2338 1304 2611 1366 Κιλικίας.
2645 1306 2968 1380 Μετήρχετο
3003 1303 3060 1359 δὲ
3089 1305 3189 1372 τὴν
3222 1305 3474 1380 ἰατρικὴν
3509 1307 3731 1380 τέχνην.

2079 1395 2203 1451 Ἐπὶ
2264 1393 2322 1448 δὲ
2376 1401 2476 1464 τῆς
2569 1394 2846 1469 βασιλείας
2913 1393 3327 1464 Διοκλητιανοῢ,
3413 1393 3731 1450 καταλιπὼν

2075 1486 2175 1552 τήν
2207 1484 2437 1558 Ταρσὸν,
2487 1485 2808 1561 παρεγένετο
2860 1485 2937 1546 εἰς
2993 1482 3341 1555 Νίκαιαν,διᾶ
3395 1491 3498 1554 τῆς
3551 1487 3729 1540 θεοσεσ

2079 1569 2227 1636 ϐείας
2257 1575 2345 1628 καὶ
2375 1576 2476 1644 τῆν
2503 1576 2641 1630 κατά
2686 1577 2788 1643 τήν
2845 1573 3094 1650 ἰατρίκὴν
3145 1575 3347 1650 τέχνην
3398 1573 3732 1648 ἐπιστήμης,

2079 1663 2372 1738 εὐεργετῶν
2421 1664 2549 1726 τοὺς
2602 1665 2929 1736 προσιόντας
3013 1662 3180 1736 αὐτῷ’
3256 1661 3374 1727 ὅθεν
3458 1659 3724 1735 διεϐλήθη

2074 1757 2154 1824 τῷ
2207 1750 2442 1827 βασιλεῖ.
2493 1753 2643 1809 Ἐπεὶ
2703 1751 2762 1807 δὲ
2817 1753 2869 1807 οἱ
2924 1753 3062 1824 πρὸς
3119 1754 3180 1807 τὸ
3249 1760 3513 1828 κρατῆσαι
3565 1753 3724 1808 αὐτὸν

2001 1843 2510 1947 Βπαραγενόμενοι
2595 1842 2751 1918 εὗρον
2846 1843 2984 1915 πρὸς
3043 1841 3248 1918 Κύριον
3323 1839 3727 1915 ἐκδημήσαντα,

2079 1933 2347 2005 ἀπέτεμον
2381 1932 2547 1987 αὐτοῦ
2580 1933 2679 2001 τήν
2737 1931 3008 2006 κεφαλὴν,
3061 1931 3150 1987 καὶ
3209 1931 3344 2007 πρὸς
3375 1933 3467 1987 τὸν
3506 1931 3730 2008 βασιλέα

2079 2021 2378 2096 ἀπήγαγον.
2435 2024 2539 2078 "Hv
2595 2023 2922 2094 θεασάμενος
2972 2022 2999 2076 ὁ
3089 2020 3368 2095 βασιλεὺς,
3457 2021 3730 2078 ἐκέλευσεν

2078 2109 2446 2185 ἀπενεχθῆναι
2522 2109 2687 2180 αὐτὴν
2771 2111 2858 2165 καὶ
2910 2111 3275 2184 προστεθῆναι
3328 2114 3410 2182 τῷ
3488 2111 3725 2183 σώματι.

2080 2200 2183 2254 Καὶ
2237 2197 2436 2254 τούτου)
2512 2195 2849 2274 γενομένου,
2937 2197 3154 2274 λέγεται
3238 2200 3544 2276 παραυτίκα
3597 2200 3727 2262 τοὺς

2081 2288 2392 2363 ἀπάγοντας
2470 2288 2637 2356 αὐτὴν
2712 2288 3048 2365 στρατιώτας
3124 2284 3423 2344 ἀπολαϐεῖν
3484 2289 3593 2344 τῶν
3647 2289 3733 2344 οἶ-

2077 2378 2235 2433 κείων
2291 2376 2595 2454 ὀφθαλμῶν
2652 2379 2753 2446 τὴν
2809 2376 3105 2453 ἐνέργειαν,
3161 2376 3231 2447 ἤν
3289 2373 3588 2448 ἀπέϐαλον,
3643 2377 3734 2434 ὅτε

2074 2472 2172 2524 τοῦ
2199 2468 2354 2544 ἁγίου
2386 2469 2656 2542 ἀπέτεμον
2689 2469 2789 2537 τήν
2840 2471 3113 2546 κεφαλήν.
3168 2469 3248 2526 Τὸ
3305 2467 3364 2524 δὲ
3415 2468 3604 2543 τίμιον
3636 2468 3735 2524 αύ-

2075 2561 2176 2613 τοῦ
2210 2557 2466 2634 λείψανον
2497 2555 2774 2632 παρεδόθη
2806 2561 2950 2632 ταφῇ
2999 2557 3101 2612 ὑπὸ
3141 2554 3389 2614 εύλαϐὧν
3421 2556 3654 2632 ἀνδρῶν.

2149 2664 2247 2720 Καὶ
2279 2663 2508 2735 ἄθλησις
2565 2667 2662 2718 τοῦ
2712 2661 2869 2739 ἁγίου
2925 2662 3324 2740 ἱερομάρτυρος
3365 2663 3654 2739 Μύρωνος.

2148 2771 2320 2832 Οὗτος
2379 2771 2626 2846 ὑπῆρχεν
2683 2768 2772 2824 ἐπὶ
2861 2768 3052 2824 Δεκίου
3107 2775 3207 2825 τοῦ
3287 2768 3577 2846 βασιλέως,
3635 2770 3724 2824 καὶ

2077 2861 2430 2934 Ἀντιπάτρου
2489 2859 2760 2936 ἄρχοντος
2811 2857 3068 2936 Ἀχαίας,
3100 2855 3465 2936 πρεσϐύτερος
3505 2867 3606 2931 τῆς
3639 2859 3722 2915 ἐκ·

2076 2949 2331 3020 κλησίας.
2393 2949 2539 3006 Κατᾶ
2595 2949 2686 3004 οὗν
2741 2951 2842 3020 τὴν
2901 2948 3112 3024 ἡμέραν
3168 2955 3276 3005 τῶν
3309 2952 3546 3024 Χριστοῦ
3576 2971 3730 3024 γενε-

2076 3039 2242 3095 θλίων
2271 3043 2366 3095 τοῦ
2398 3040 2761 3114 Ἀντιπάτρου
2787 3039 2862 3102 εἷς
2917 3039 3016 3108 τήν
3063 3038 3356 3110 ἐκκλησίαν
3391 3037 3730 3104 ἀπελθόντος

2073 3129 2200 3192 τοὺς
2230 3128 2587 3203 Χριστιανοὺς
2627 3136 2918 3204 κρατῆσαι,
2974 3128 3134 3192 αὐτὸς
3195 3127 3370 3200 ζήλου
3425 3127 3717 3200 πλησθεὲς,

3197 3217 3415 3292 έξέσθη.
3475 3220 3602 3278 Εἶτα
3651 3220 3728 3282 εἷς

2074 3309 2306 3381 κάμινον
2369 3303 2664 3379 ἐνεϐλήθη.
2719 3309 2781 3365 Ἡ
2841 3305 2898 3362 δὲ
2957 3307 3189 3380 κάμινος
3243 3309 3334 3364 τὸν
3421 3309 3514 3381 μὲν
3577 3310 3726 3383 ἅγιον

2075 3397 2333 3474 ἐφύλαξεν
2395 3391 2636 3458 ἀϐλαϐῆ·
2697 3395 2824 3458 τοὺς
2879 3393 2938 3452 δὲ
3003 3397 3125 3473 περὶ
3180 3395 3348 3468 αὐτὴν
3406 3395 3725 3470 κατέφλεξεν

2074 3483 2269 3562 ἄνδρας
2312 3489 2421 3541 τῶν
2476 3486 2836 3560 παρεστώτων
2895 3485 3083 3542 έκατὸν
3139 3489 3498 3557 πεντήκοντα.
3549 3488 3610 3544 Ὁ
3669 3485 3729 3543 δὲ

2076 3577 2230 3650 ἅγιος
2263 3574 2429 3630 πάλιν
2489 3575 2841 3650 ἀναγκασθεὶς
2899 3579 3053 3639 θῦσαι
3110 3582 3232 3638 τοῖς
3301 3573 3578 3646 εἰδώλοις,
3635 3579 3727 3632 καὶ

2081 3669 2158 3742 μή
2189 3668 2448 3736 πεισθεὶς,
2480 3667 2887 3744 λωροτομεῖται
2919 3667 3026 3724 ἄπὸ
3081 3673 3191 3724 τῶν
3246 3666 3416 3742 ὣμων
3454 3667 3559 3732 ἓως
3615 3674 3726 3725 τῶν

2077 3755 2284 3814 ποδῶν.
2318 3758 2404 3830 Ἐξ
2451 3758 2526 3812 ὦν
2584 3751 2769 3812 λαϐὼν
2826 3753 2880 3812 ἓν
2941 3755 3146 3832 λῶρον,
3205 3757 3282 3821 εἰς
3330 3759 3392 3814 τὸ
3431 3758 3724 3833 πρόσωπον

2077 3851 2174 3902 τοῦ
2233 3847 2539 3901 ἀνθυπάτου
2593 3845 2894 3917 ῆκόντισεν.
2955 3847 3089 3904 Εἶτα
3163 3847 3332 3918 ξέεται
3387 3849 3484 3910 τὰς
3563 3846 3725 3904 ἐκδα-

2082 3936 2261 4012 ρείσας
2290 3935 2508 4012 σάρκας.
2567 3935 2674 3992 Καὶ
2733 3932 2864 3992 ἰδὼν
2917 3935 3077 3992 αὐτὸν
3136 3937 3165 3992 ὁ
3217 3936 3578 4012 Ἀντίπατρος
3633 3939 3727 3993 καὶ

2083 4023 2354 4099 αἲσχύνης
2383 4022 2718 4099 πληρωθεὶς,
2750 4023 2960 4079 ἀνεῖλεν
3019 4023 3178 4080 αὐτὸν
3232 4024 3459 4086 οἰκείαις
3516 4027 3730 4101 χερσίν.

2083 4115 2146 4172 Ὀ
2179 4111 2237 4168 δὲ
2269 4113 2468 4168 ἐκεῖθεν
2501 4112 2553 4168 ἐν
2588 4113 2804 4186 Κυζίκῳ
2856 4112 3071 4189 ἀχθεὶς,
3128 4113 3219 4169 καὶ
3249 4115 3398 4191 παρὰ
3440 4118 3538 4170 τοῦ
3571 4117 3740 4174 Ἀνθ-

2085 4202 2292 4258 υπάτου
2324 4201 2595 4281 ἀπόφασιν
2651 4203 2752 4272 τήν
2814 4199 2903 4257 διὰ
2956 4199 3054 4258 τοῦ
3135 4202 3323 4282 ξίφους
3381 4198 3590 4272 λαϐὼν,
3643 4205 3736 4259 τὸν

2085 4291 2288 4367 αὐχένα
2325 4290 2560 4364 ἐτμήθη.

2643 4390 2828 4446 MHNI
2867 4395 2951 4469 Tn
2989 4390 3189 4470 ΛΥἸᾮ.

2882 4479 2959 4534 ΙΖ’

2160 4567 2430 4643 ’Ἃθλησις
2461 4571 2560 4623 τοῦ
2589 4566 2749 4643 ἁγίου
2785 4565 3350 4643 μάρτυροςλζῖαύλου,
3388 4567 3479 4623 καὶ
3530 4569 3670 4627 Ἰου-

2410 4637 2606 4710 λιανῆς
2633 4635 2724 4695 καὶ
2776 4635 2878 4710 τῆς
2930 4635 3185 4702 συνοδίας
3215 4635 3415 4698 αὐτῶν.

2163 4756 2328 4815 Οὗτοι
2363 4757 2616 4830 ὑπῆρχον
2659 4755 2747 4811 ἐπὶ
2806 4753 3156 4830 Αύρηλιανοῦ
3211 4759 3309 4810 τοῦ
3363 4753 3632 4832 βασιλέως
3684 4754 3737 4811 έν

2087 4849 2156 4921 τῇ
2183 4844 2346 4901 πόλει
2389 4842 2750 4918 Πτολεμαΐδι.
2806 4845 3141 4920 Ἐτύγχανον
3201 4841 3260 4900 δὲ
3317 4842 3546 4923 ἀδελφοὶ
3603 4845 3741 4900 κατὰ

2090 4937 2280 5012 σάρκα.
2313 4936 2374 4992 Ὁ
2406 4931 2463 4990 δὲ
2515 4933 2731 4996 Παῦλος
2782 4935 2879 4996 τὰς
2939 4933 3330 4999 θεοπνεύστους
3379 4934 3592 5014 Γραφᾶς
3638 4956 3739 5009 με·

2089 5023 2344 5096 λετήσας,
2407 5023 2762 5096 ἐπεστόμιζεν
2821 5021 3119 5086 Ἰουδαίους
3189 5045 3249 5080 τε
3299 5025 3390 5079 καὶ
3440 5023 3738 5095 Ἓλληνας.

2091 5111 2527 5186 Ἐπιδημήσαντι
2563 5110 2620 5167 δὲ
2647 5116 2715 5186 τῇ
2748 5111 2908 5168 πόλει
2963 5117 3042 5184 τῷ
3103 5111 3342 5188 βασιλεῖ,
3413 5115 3489 5187 μὴ
3533 5113 3737 5184 λαθὼν,

2087 5207 2324 5282 παρέστη
2380 5203 2546 5277 αὐτῷ,
2603 5204 2700 5259 Καὶ
2749 5204 2839 5259 τὸν
2893 5204 3120 5278 Χριστὸν
3178 5203 3556 5280 ὁμολογήσας,
3605 5225 3737 5278 κρε-

2089 5295 2309 5367 μασθεῖς
2369 5293 2560 5366 ξέεται.
2614 5293 2712 5347 “Ov
2775 5290 2963 5346 ἰδοῦσα
3018 5293 3052 5362 ἠ
3142 5290 3377 5370 ἀδελφὴ,
3435 5293 3524 5348 καὶ
3569 5314 3733 5348 κατα-

2085 5380 2329 5454 ϐοήσασα
2392 5386 2488 5436 τοῦ
2545 5381 2831 5455 τυράννου,
2917 5386 3190 5457 κρατεῖται
3253 5383 3344 5438 καὶ
3423 5382 3580 5453 αὐτή.
3637 5383 3733 5436 Καὶ

2081 5475 2446 5547 κρεμασθεῖσα
2529 5473 2720 5542 ξέεται,
2807 5471 2896 5526 καὶ
2983 5470 3035 5526 ἐν
3097 5467 3293 5542 λέϐητι
3347 5473 3482 5546 μετᾶ
3536 5472 3732 5542 πίσσης

2088 5563 2341 5638 βράζοντι
2370 5561 2672 5638 ἀμφότεροι
2720 5556 3118 5633 ἐμϐάλλονται.
3178 5561 3305 5617 Εἶτα
3365 5564 3440 5635 μὴ
3503 5557 3733 5636 βλαϐέν.

2080 5649 2285 5719 τες,έπὶ
2316 5646 2629 5726 κραϐϐάτου
2681 5648 2910 5728 σιδηροῦ
2961 5652 3463 5728 πεπυρακτωμένου
3493 5651 3734 5708 ἁπλοῦν-

2079 5763 2189 5816 ται,
2222 5740 2406 5797 καὶτὰ
2433 5739 2544 5816 ψύα
2599 5741 2798 5798 ἄνωθεν
2855 5739 3169 5798 τύπτοντω.
3229 5742 3363 5799 Εἶτα
3421 5735 3732 5814 ἒϐλήθησαν
