4082 6200
50 5732 59 5795 i

50 5806 59 5863 i

275 462 395 521 589

1784 457 2202 519 AUGUSTUS
2214 505 2229 518 .

3569 474 3689 533 590

280 590 336 646 ἐν
388 596 457 661 τῆ
543 587 778 668 φυλακῇ·
860 589 949 644 καὶ
1033 588 1333 665 ἀγγελικὴν
1392 589 1599 667 τροφὴν
1653 585 1931 661 δεξάμενοι

2054 596 2156 660 tes,
2175 592 2535 647 corroborati
2576 599 2749 660 sunt;
2786 614 2814 650 e
2848 599 3117 654 custodia
3138 600 3349 657 exinde
3373 603 3694 662 educticaa-

279 680 589 754 ἐνίσχυσαν·
680 678 794 734 εἶτα
887 674 1248 749 ἐκϐληθέντες
1335 679 1650 733 τύπτονται.
1706 675 1943 752 Στρατό-

284 791 436 832 νιγος
471 767 549 840 δὲ,
600 768 691 823 καὶ
750 765 1047 842 Κοδρᾶτος,
1100 769 1187 824 καὶ
1223 769 1475 830 ’Δκάκιος
1530 768 1582 823 οἱ
1615 765 1809 841 δήμιοι
1837 770 1945 822 τῶν

282 860 454 935 ἁγίων
488 859 830 934 φεισάμενοι,
865 856 956 912 σὺν
988 858 1180 921 αὐτοῖς
1210 854 1743 935 ἀπεκεφαλίσθησαν.

284 984 388 1041 Καὶ
422 982 652 1053 ἄθλησις
696 986 808 1057 τῶν
869 980 1034 1056 άγίων
1062 1053 1072 1057 _
1098 981 1394 1057 μπρτύρων
1452 982 1794 1056 Στράτωνος,
1828 988 1940 1036 Φι-

748 1053 959 1110 λίππου
988 1053 1079 1108 καὶ
1109 1053 1382 1129 Εὐτυχιαν
1391 1056 1474 1111 οῦ.

355 1164 517 1219 Οὗτοι
543 1162 598 1217 ἐν
660 1159 1003 1236 Νικομηδείᾳ
1049 1164 1119 1235 τῇ
1178 1160 1337 1217 πόλει
1401 1155 1787 1235 διατρίϐοντες,
1822 1158 1940 1213 ἐπί-

284 1250 439 1315 τοδες
498 1253 824 1327 ἀπήρχοντο
906 1250 984 1312 εἷς
1037 1250 1100 1305 τὸ
1157 1251 1419 1325 θέατρον,
1466 1248 1606 1305 ὥστε
1659 1250 1754 1305 τὸν
1814 1269 1938 1302 συν-

285 1343 678 1417 αθροιζόμενυν
712 1340 843 1395 λαὸν
875 1344 1165 1414 κατἠχεῖν,
1200 1340 1285 1394 καὶ
1345 1346 1445 1408 τῆς
1481 1336 1940 1413 είδωλολατρείας

283 1434 531 1508 ἀφιστᾷν,
561 1430 652 1485 καὶ
698 1431 769 1502 τῇ
820 1433 918 1484 τοῦ
974 1430 1209 1503 Χριστοῦ
1267 1428 1441 1483 πίστει
1501 1428 1816 1504 προσάγειν,
1850 1428 1937 1482 Ἐν

283 1527 382 1594 μιᾷ
428 1522 519 1576 οὖν
578 1526 688 1576 τῶν
749 1523 998 1595 ἡμερῶν,
1056 1520 1207 1574 κενὸν
1268 1520 1571 1594 ἀνθρώπων
1601 1520 1629 1573 ὁ
1659 1521 1846 1594 ἄρχων
1879 1520 1940 1573 τὸ

289 1609 695 1687 θεατρονίδὼν,
731 1609 822 1664 καὶ
878 1611 980 1679 τὴν
1041 1609 1217 1664 αίνίαν
1283 1609 1492 1682 μαθὼν,
1553 1608 1635 1663 ὅτι
1699 1609 1801 1663 ὑπὸ
1830 1612 1937 1663 τῶν

285 1702 454 1777 άγίων
486 1699 776 1774 μαρτύρων
808 1699 861 1753 οἱ
919 1698 1086 1773 ὄχλοι
1148 1695 1551 1771 διδασκόμενοι,
1608 1698 1704 1759 τὰς
1738 1696 1789 1751 ὲν
1821 1702 1939 1759 τοῖς

280 1793 513 1863 θεάμασι
571 1787 865 1844 κατέλιπον
917 1786 1143 1857 ἡδονάς,
1200 1788 1290 1842 καὶ
1330 1788 1510 1842 καινὸν
1574 1807 1693 1842 τινα
1749 1788 1936 1862 μετέρ-

281 1900 475 1955 χονται
541 1878 688 1953 βίον,
753 1883 863 1933 τῶν
922 1878 1191 1952 πατρῴων
1253 1873 1597 1952 ὑπεριδόντες
1651 1878 1809 1948 θεῶν,
1844 1875 1935 1931 οὖν

2048 679 2288 735 duntur.
2322 683 2689 738 Stratonicus
2716 690 2937 751 autem,
2997 688 3303 757 Codratus,
3338 698 3395 747 et
3445 696 3691 752 Acacius

2048 769 2306 839 lictores,
2340 771 2499 842 quod
2530 774 2750 829 sanctis
2781 783 3114 846 parcerent,
3149 780 3339 851 capite
3385 783 3550 840 fuere
3585 785 3693 839 ob-

2048 862 2328 916 truncati.

2050 989 2118 1041 Et
2151 995 2421 1043 certamen
2452 997 2768 1065 sanctorum
2819 999 3124 1063 martyrum
3181 996 3500 1065 Strationis,
3548 1000 3692 1055 Phi-

2548 1062 2689 1132 lippi
2718 1068 2769 1116 ει
2823 1062 3189 1135 Ειιιῃοὴὶαηί.

2122 1160 2267 1211 Dum
2299 1163 2539 1229 agerent
2570 1159 2628 1213 hi
2664 1159 3043 1230 Nicomediae,
3095 1163 3375 1221 adierunt
3430 1184 3500 1223 ex
3530 1186 3689 1225 com-

2048 1245 2240 1317 posito
2270 1246 2589 1315 theatrum,
2620 1253 2686 1302 ut
2715 1249 2999 1320 populum
3022 1250 3103 1305 ibi
3144 1261 3559 1327 congregatum
3594 1260 3691 1312 in-

2049 1341 2551 1408 struerent,atque
2575 1338 2645 1393 ab
2672 1338 2967 1395 idolorum
2991 1342 3154 1397 cultu
3176 1350 3595 1415 averterent,et
3616 1349 3689 1403 ad

2046 1428 2261 1482 Christi
2283 1428 2650 1484 adducerent
2672 1430 3140 1495 iidem.Quadam
3164 1434 3343 1505 igitur
3373 1435 3468 1490 die
3499 1439 3687 1492 anim-

2048 1517 2358 1571 advertens
2418 1519 2731 1589 prmfectus
2809 1520 3108 1576 theatrum
3164 1522 3507 1578 hominibus
3561 1542 3688 1579 esse

2042 1624 2318 1676 vacuum,
2350 1625 2417 1663 ac
2446 1609 2663 1663 certior
2690 1608 2902 1677 factus,
2936 1611 2995 1665 id
3048 1611 3185 1666 inde
3218 1613 3503 1682 evenisse,
3533 1615 3691 1685 quod

2046 1698 2302 1769 populus
2334 1714 2365 1753 a
2398 1699 2619 1753 sanctis
2640 1699 3000 1771 martyribus
3033 1702 3297 1769 edoctus,
3323 1719 3358 1757 a
3383 1709 3691 1775 spectacu-

2044 1788 2237 1842 lorum
2266 1788 2666 1859 voluptatibus
2690 1789 3020 1853 destiterat,
3053 1797 3111 1846 et
3138 1809 3287 1847 nova
3318 1794 3590 1863 quaedam
3613 1797 3693 1849 vi-

2047 1877 2221 1932 vendi
2257 1878 2547 1945 instituta,
2584 1879 2791 1949 patriis
2824 1879 2937 1933 diis
2987 1881 3362 1950 posthabitis,
3417 1884 3565 1938 207
3599 1901 3692 1938 se-

278 1972 443 2043 τάχει
498 1968 627 2030 τοὺς
673 1969 862 2043 ἁγίους
919 1974 1260 2040 παραστῆναι
1311 1965 1543 2023 κελευει.
1600 1964 1701 2021 Καὶ
1733 1962 1800 2034 δὴ
1829 1985 1930 2019 πα-

2047 1965 2338 2036 quebatur
2361 1983 2375 2032 ;
2399 1965 2583 2038 jussit
2610 1983 2640 2021 e
2663 1968 2907 2039 vestigio
2938 1974 3177 2024 sanctos
3201 1969 3275 2024 ad
3298 1987 3360 2025 se
3391 1973 3689 2027 accersiri.

284 2058 566 2131 ρεστάντες
612 2100 627 2124 ,
677 2058 761 2111 καὶ
847 2058 950 2127 τὴν
1010 2055 1085 2117 εἷς
1146 2054 1378 2131 Χριστὸν
1427 2052 1603 2109 πίστιν
1663 2051 1817 2108 αὐτοί
1876 2073 1934 2108 τε

276 2140 433 2221 ἔχειν
497 2143 969 2218 ὁμολογήσαντες,
1026 2144 1114 2198 καὶ
1188 2141 1316 2204 τοὺς
1375 2140 1584 2205 ἄλλους
1642 2138 1931 2209 διδάσκειν,

276 2236 539 2310 ἀχθέντες
570 2233 647 2295 εἷς
672 2233 737 2288 τὸ
784 2234 1031 2309 θέατρον,
1090 2232 1304 2307 θηρίοις
1362 2228 1686 2289 ἐκδίδονται.
1729 2239 1929 2307 Διαφυ-

280 2323 584 2398 λαχθίντες
616 2319 672 2377 δὲ
702 2321 752 2395 if
786 2322 960 2377 αὐτῶν
1002 2316 1289 2389 ἀϐλαϐεῖς,
1336 2321 1428 2375 καὶ
1483 2318 1709 2393 τρόποις
1743 2316 1933 2394 διαφό-

275 2434 398 2487 ροις
455 2411 872 2485 δοκιμασθέντες
930 2410 1231 2480 κολάσεων,
1260 2410 1324 2465 τὸ
1354 2407 1664 2465 τελευταῖον
1711 2403 1929 2481 ἐμϐλη-

272 2505 458 2566 θέντες
490 2502 642 2579 πυρὶ,
673 2502 735 2557 τὸ
785 2503 917 2577 ὑπὲρ
971 2504 1209 2577 Χριστοῦ
1263 2498 1657 2577 διηγώνίσαντο
1688 2496 1927 2554 στάδιον.

273 2593 383 2648 Καὶ
416 2594 753 2662 νικήσαντες,
782 2590 873 2646 καὶ
913 2591 1006 2646 τὸν
1062 2591 1321 2665 στὲφανον
1351 2595 1454 2660 τῆς
1503 2588 1663 2661 νίκης
1729 2583 1932 2643 λαϐόν-

266 2701 384 2749 τες,
417 2675 690 2736 ἀπέλαϐον
724 2677 1001 2757 βασιλείαν
1033 2678 1298 2756 οὐρανῶν.

854 2785 1038 2844 MHNI
1066 2788 1158 2843 ΤΩ
1188 2788 1362 2843 ΑΥΤΩ

265 2968 547 3039 Ἀθλησις
637 2970 748 3021 τῶν
842 2965 1008 3041 ἁγίων
1058 2877 1403 3041 Ιῗιαρτύρων
1501 2964 1743 3041 Φλώρου
1838 2965 1927 3020 καὶ

986 3038 1224 3113 Λαύρου.

353 3158 524 3215 Οὗτοι
584 3158 839 3231 ὑπῆρχον
896 3153 1120 3228 δίδυμοι
1188 3152 1466 3232 ἀδελφοὶ,
1526 3152 1771 3225 λιθοξόοι
1826 3155 1925 3222 τήν

268 3249 502 3322 τέχνην.
538 3247 687 3305 Μετὰ
740 3243 797 3301 δὲ
850 3246 950 3314 τὴν
1006 3250 1113 3299 τῶν
1169 3242 1511 3299 διδασκάλων
1565 3245 1745 3299 αὐτῶν
1795 3244 1924 3319 ὑπὲρ

2044 2056 2145 2110 Cui
2177 2056 2288 2127 ipsi
2318 2057 2821 2123 astantes,(‘.hristi
2855 2058 3032 2113 fidem
3062 2075 3097 2113 a
3127 2076 3188 2113 se
3221 2061 3689 2132 teneri,eamque

2044 2144 2193 2200 alios
2226 2144 2424 2200 doceri
2456 2146 2805 2212 confessi,in
2831 2147 3127 2202 theatrum
3157 2148 3689 2222 ducti,ferisexpo-

2044 2238 2287 2289 nuntur.
2323 2234 2435 2289 Sed
2466 2233 2539 2289 ab
2572 2234 2691 2290 illis
2714 2235 2885 2290 illaesi
2909 2238 3143 2307 servati,
3172 2244 3485 2309 postquam
3515 2240 3689 2294 variis

2041 2322 2206 2378 fuere
2238 2325 2465 2395 probati
2483 2326 3117 2391 cruciatibus,tandem
3141 2328 3200 2382 in
3234 2329 3428 2400 ignem
3459 2329 3685 2400 injecti,

2043 2418 2344 2467 certamen
2368 2430 2474 2485 pro
2506 2415 2737 2469 Christo
2779 2419 3178 2484 certarunt,et
3203 2418 3451 2474 victoria
3479 2418 3686 2483 relata,

2041 2502 2299 2557 victorias
2331 2504 2687 2575 recipientes
2744 2519 3047 2572 coronam,
3098 2506 3380 2562 ccelorum
3441 2524 3688 2579 regnum

2042 2597 2183 2648 sunt
2210 2594 2535 2649 consecuti.

2611 2787 2850 2843 EODEM
2890 2788 3122 2843 MENSE

2568 2886 2669 2941 Die
2702 2884 2933 2941 decima
2964 2889 3169 2941 octava

2113 2978 2394 3034 Certamen
2415 2983 2730 3032 sanctorum
2776 2981 3089 3045 martyrum
3146 2974 3301 3029 Flori
3329 2981 3380 3029 et
3422 2977 3613 3029 Lauri.

2110 3150 2293 3203 Erant
2313 3147 2409 3202 isti
2440 3147 2653 3201 fratres
2671 3161 2790 3200 uno
2805 3145 3133 3214 eodemque
3153 3143 3294 3197 editi
3326 3144 3681 3213 partu,scul-

2039 3241 2276 3308 pturam
2337 3240 2700 3290 exercentes.
2763 3235 2899 3287 Post
2958 3231 3323 3287 exantlatum
3384 3247 3519 3285 vero
3578 3249 3684 3301 pro

265 3307 516 3411 Χριστοῦ
578 3333 899 3410 μαρτυρίαν,
953 3335 1345 3395 καταλιπόντες
1390 3336 1488 3397 τὰς
1534 3331 1586 3388 ἰν
1650 3307 1927 3406 Βυζαντίῷ

2047 3327 2270 3381 Christo
2300 3342 2335 3379 ει
2365 3325 2487 3379 suis
2518 3323 2814 3394 magistris
2844 3320 3499 3391 martyriumﬁyzantio
3523 3338 3687 3374 sece-

264 3420 556 3500 ἒιατριϐἆς
638 3425 998 3500 παρεγένοντο
1094 3423 1145 3478 ἐν
1231 3426 1314 3495 τῷ
1377 3423 1699 3497 Ἰλλυρικῷ.
1766 3423 1933 3478 Ἔνθα

257 3516 419 3592 παρὰ
458 3520 537 3588 τῷ
594 3516 833 3591 ἡγεμόνι
895 3511 1145 3587 μέταλλά
1201 3534 1325 3569 τινα
1374 3510 1780 3583 διερευνῶντες,
1833 3514 1930 3581 τήν

255 3604 476 3662 οἰκείαν
533 3604 733 3680 τίχνην
794 3602 1139 3678 εἴργάζοντο.
1196 3605 1327 3659 Εἶτα
1382 3604 1509 3677 παρ’
1569 3601 1739 3656 αὐτοῦ
1793 3600 1929 3656 ἀπο-

256 3693 589 3752 στέλλονται
636 3695 774 3768 πρὸς
839 3691 1133 3749 Λικίννιον.
1187 3690 1289 3749 Καὶ
1357 3691 1445 3746 ὑπ’
1506 3690 1673 3746 αὐτοῦ
1732 3685 1930 3746 ἔλαϐον

263 3785 542 3861 χρήματα
574 3826 590 3854 ,
650 3782 920 3858 ἀνεγεῖραι
972 3785 1089 3843 τοῖς
1147 3778 1401 3841 εἰδώλοις
1458 3781 1602 3836 ναὸν.
1658 3777 1841 3838 ’Δλλὰ
1867 3779 1935 3834 τὰ

271 3876 384 3948 μὶν
414 3874 680 3948 χρήματα
719 3876 840 3932 τοῖς
893 3868 1088 3941 πένησι
1146 3866 1406 3924 δέδωκανο
1436 3869 1530 3925 τὸν
1563 3867 1621 3924 δὲ
1650 3869 1775 3925 ναὸν
1822 3868 1930 3944 εἷρ-

248 3966 517 4041 γάζοντο.
553 3961 658 4020 Καὶ
692 3959 784 4017 ὅτε
846 3960 1128 4030 ἰτελὲσθη,
1186 3959 1570 4033 συντρίψαντες
1608 3960 1676 4014 τὰ
1705 3957 1929 4030 εἴδωλα,

260 4052 608 4126 καθιέρωσαν
681 4051 845 4107 αὐτὸν
940 4050 1019 4112 είς
1100 4046 1254 4120 δόξαν
1332 4052 1593 4126 Χριστοῦ.
1648 4051 1813 4112 Γνοὺς
1874 4047 1932 4105 δὶ

267 4147 442 4197 τοῦτο
471 4139 765 4209 Λικίννιος,
799 4134 1051 4195 ἐνέϐαλεν
1105 4137 1301 4201 αὐτοὺς
1333 4138 1409 4201 είς
1459 4138 1627 4216 φρέαρ
1688 4137 1843 4213 βαθόο
1877 4138 1928 4193 ἐν

272 4234 321 4304 ᾧ
354 4232 450 4293 τὰς
506 4231 708 4285 ἑαυτῶν
763 4228 946 4304 ψυχὰς
992 4225 1311 4304 παρέδωκαν
1358 4232 1439 4300 τῷ
1495 4231 1635 4299 Θεῷ.
1696 4225 1818 4283 Ἐπὶ
1876 4224 1934 4281 δὲ

270 4319 688 4376 Κωνσταντίνου
741 4318 841 4374 τοῦ
905 4317 1150 4391 μεγάλου
1220 4316 1598 4393 φανερωθέντα
1657 4317 1726 4370 τὰ
1777 4315 1933 4388 τίμια

272 4411 454 4466 αοότῶν
491 4409 716 4482 λείψανα
756 4406 1145 4478 ὖπανήχθησαν
1205 4406 1283 4469 είς
1334 4404 1933 4465 Κωνσταντινὸύπολινο

273 4501 365 4555 καὶ
403 4493 833 4568 άπετελὲσθησαν
862 4494 915 4551 ἰν
944 4496 1121 4568 τόπῳ,
1152 4494 1203 4549 ἰν
1240 4496 1287 4567 ᾧ
1334 4498 1426 4550 νῦν
1458 4496 1822 4552 κατάκεινται.

280 4614 385 4673 Καὶ
444 4610 676 4682 ἄθλησις
732 4616 841 4687 τῶν
900 4611 1072 4687 ἁγίων
1129 4610 1416 4687 μαρτύρων
1477 4611 1701 4686 Ἑρμοῦ,
1758 4617 1926 4687 Σερα-

744 4682 960 4746 πίωνος
989 4683 1079 4739 καὶ
1134 4682 1469 4739 Ηολυαίνου.

352 4790 524 4850 Οὗτοι
555 4787 943 4862 διαϐληθέντες
974 4791 1077 4846 ὑπὸ
1118 4794 1227 4846 τῶν
1285 4791 1549 4860 ἀπίστων,
1584 4791 1666 4845 ὅτι
1696 4790 1787 4845 τὸν
1838 4792 1933 4864 μὶν

277 4881 518 4957 Χριστόν
548 4876 818 4949 σέϐονται,
872 4881 943 4936 τὰ
994 4878 1053 4935 δὲ
1103 4877 1307 4935 εἴδωλα
1360 4876 1767 4953 βδελύσσονται,
1798 4901 1933 4955 κρα-

272 4970 535 5041 τηθὲντες
617 4974 697 5042 τῷ
774 4968 1006 5045 ἐπάρχῳ
1090 4965 1435 5043 παρέστησαν
1519 4968 1766 5042 Ῥώμης.
1828 4968 1933 5025 Καὶ

278 5058 731 5136 ὁμολογήσαντες
804 5056 1083 5134 παῤῥησίᾳ
1133 5059 1232 5127 τὴν
1294 5059 1371 5121 εἰς
1438 5057 1676 5132 Χριστὸν
1728 5058 1933 5125 πίστιν,

275 5156 505 5226 πρῶτον
570 5150 664 5221 μὶν
720 5147 774 5203 ἐν
829 5149 1210 5220 σκοτεινοτάτῃ
1262 5146 1351 5200 καὶ
1412 5142 1786 5219 δυσωδεστάτῃ
1841 5147 1937 5202 ἀπ-

270 5237 638 5308 εκλείσθησαν
670 5236 910 5314 φυλακῇ,
953 5239 1088 5293 Εἶτα
1118 5229 1476 5305 ἐκϐληθέντες
1507 5241 1608 5304 τῆς
1660 5234 1935 5310 φυλακῆς,

274 5332 369 5384 καὶ
405 5332 565 5393 θῦσαι
592 5332 710 5389 τοῖς
769 5325 1027 5388 εἰδώλοις
1092 5325 1169 5398 μή
1228 5321 1669 5397 καταδεξάμενοι,
1703 5323 1791 5379 δία
1820 5346 1935 5380 στεο

274 5420 525 5474 νοτάτῶν
582 5416 673 5471 καὶ
746 5414 1125 5490 δυσπορεότων
1209 5433 1605 5488 κατασυρονται
1688 5413 1935 5489 χωρίων,

274 5508 555 5583 σχοινίοις
581 5503 876 5578 δεδεμένοι·
938 5504 1027 5559 καὶ
1086 5503 1141 5559 ἐν
1200 5504 1350 5574 αὐτῷ
1404 5506 1485 5575 τῷ
1544 5503 1816 5579 σύρεσθαι,
1849 5505 1936 5559 καὶ

278 5603 402 5659 ταῖς
456 5599 682 5671 πέτραις
733 5596 1171 5670 προσρήγνυσθαι
1202 5637 1217 5664 ,
1296 5597 1374 5663 τῷ
1454 5596 1571 5664 Θεῷ
1651 5593 1749 5655 τὰς
1793 5595 1940 5671 ἱερὰς

281 5688 466 5741 αὐτῶν
498 5687 792 5761 παρέθεντο
843 5684 1046 5759 ψυχάς.
1107 5683 1191 5740 Τὰ
1247 5679 1304 5737 δὲ
1362 5681 1517 5754 τίμια
1574 5682 1663 5736 καὶ
1715 5684 1941 5761 πανίερα

288 5777 468 5831 αὐτῶν
533 5775 762 5848 λείψανά
817 5793 963 5835 τινες
1018 5775 1132 5827 τῶν
1187 5767 1436 5829 εὐλαϐῶν
1495 5772 1854 5849 Χριστιανῶν,
1887 5777 1939 5833 ἐν

2036 3414 2335 3480 dentes,in
2362 3411 2663 3484 illyricum
2687 3415 2977 3464 venerunt
3001 3426 3012 3462 :
3032 3408 3130 3462 ubi
3154 3408 3309 3479 apud
3340 3408 3685 3479 prmfcctum

2035 3503 2097 3557 in
2129 3501 2485 3573 quibusdam
2546 3498 2921 3554 elaborandis
2953 3496 3210 3552 metallis
3242 3497 3496 3568 propria)
3542 3499 3687 3552 artis

2033 3607 2276 3662 operam
2310 3587 2850 3660 impendebant.Ab
2883 3587 3096 3642 eodem
3128 3591 3332 3657 postea
3364 3586 3689 3641 missisunt

2034 3680 2108 3736 ad
2143 3681 2505 3745 Licinium,a
2536 3696 2651 3749 quo
2683 3694 2960 3732 nummos
2992 3682 3354 3747 acceperunt
3383 3677 3454 3730 ad
3478 3677 3687 3732 fanum

2035 3770 2211 3825 idolis
2243 3768 2610 3841 erigendum.
2640 3770 2710 3821 At
2758 3766 3041 3837 pecunias
3082 3765 3444 3837 pauperibus
3476 3766 3689 3821 distri-

2032 3860 2310 3927 buentes,
2345 3857 2636 3928 templum
2662 3861 3069 3923 construxere,
3094 3855 3252 3925 quod
3280 3854 3379 3909 ubi
3412 3855 3524 3910 fuit
3554 3873 3688 3927 per-

2029 3951 2275 4018 fectum,
2310 3946 2547 4003 contriti
2582 3945 2776 4014 idolis,
2810 3944 2883 3999 ad
2916 3945 3016 3999 Dei
3047 3944 3685 4016 gloriamdedicarunt,

2035 4041 2153 4095 Hoc
2184 4035 2673 4111 agnito,Licinius
2704 4051 2804 4090 eos
2837 4034 2899 4088 in
2931 4033 3289 4105 profundum
3312 4039 3557 4104 puteum
3580 4034 3685 4088 de-

2032 4129 2229 4197 trusit,
2262 4127 2363 4181 ubi
2391 4141 2529 4179 suas
2558 4125 2787 4178 animas
2811 4124 2928 4177 Deo
2960 4123 3351 4178 tradiderunt.
3377 4124 3683 4193 Tempori-

2034 4218 2143 4272 bus
2174 4221 2373 4271 autem
2404 4213 2593 4284 Magni
2616 4212 2985 4267 Constantini
3007 4211 3676 4282 manifestataaipsorum

2031 4304 2322 4375 reliquiae,
2348 4300 2925 4371 Constantinopolim
2948 4299 3115 4353 fuere
3164 4298 3490 4364 translatio,
3531 4305 3589 4351 et
3619 4300 3676 4353 in

2033 4411 2101 4450 eo
2132 4395 2285 4463 loco,
2318 4390 2417 4447 ubi
2450 4406 2609 4445 nunc
2632 4391 2855 4461 jacent,
2882 4388 3225 4443 reconditas.

2109 4609 2261 4667 208
2286 4610 2355 4664 Et
2388 4612 2662 4684 certqmen
2692 4610 3007 4684 sanctorum
3035 4609 3350 4684 martyrum
3378 4604 3615 4669 Hermw,

2506 4679 2819 4748 Serapionis
2867 4683 2918 4731 et
2954 4676 3219 4747 Polycem'.

2114 4799 2181 4854 Hi
2214 4798 2285 4853 ab
2318 4795 2662 4852 infidelibus
2690 4796 2969 4863 accusati,
3002 4799 3067 4849 ut
3105 4795 3206 4865 qui
3237 4794 3534 4849 Christum
3558 4793 3689 4864 qui-

2044 4889 2178 4945 dem
2206 4885 2658 4954 colerent,idola
2688 4900 2822 4939 vero
2854 4888 3329 4948 contemnerent,
3362 4889 3420 4938 et
3444 4899 3686 4939 aversa-

2044 4982 2271 5042 rentur,
2307 4974 2554 5041 detenti,
2585 4990 2783 5028 coram
2815 4973 3094 5044 prmfecto
3127 4975 3325 5028 Romae
3352 4976 3645 5027 steterunt
3672 4992 3687 5038 ;

2046 5074 2222 5138 atque
2250 5064 2466 5121 Christi
2502 5063 2678 5118 ﬁdem
2738 5062 2993 5118 fidenter
3048 5062 3327 5130 confessi,
3387 5063 3578 5133 primo
3627 5063 3689 5116 in

2047 5153 2538 5211 obscurissimum
2573 5153 3060 5224 teterrimumque
3120 5168 3420 5207 carcerem
3452 5152 3694 5206 fuerunt

2048 5245 2253 5317 injecti
2279 5260 2291 5298 :
2326 5248 2531 5314 postea
2557 5242 2629 5296 de
2647 5241 2913 5297 custodia
2934 5241 3293 5308 educti,cum
3326 5241 3499 5296 idolis
3514 5241 3695 5295 sacri-

2051 5338 2227 5392 ficare
2252 5334 2503 5399 nollent,
2532 5333 2774 5388 funibus
2805 5332 3082 5398 devincti,
3116 5350 3225 5405 per
3242 5333 3607 5387 arctissimos
3637 5335 3696 5385 et

2050 5428 2385 5481 inaccessos
2416 5425 2598 5480 calles
2630 5426 2957 5494 raptantur.
2984 5423 3130 5476 Dum
3152 5428 3353 5477 autem
3385 5424 3698 5477 traheren-

2052 5522 2166 5585 tur,
2193 5515 2377 5586 petris
2409 5513 2625 5582 collisi,
2654 5529 2852 5567 sacras
2878 5528 3013 5566 suas
3037 5512 3267 5566 animas
3286 5512 3400 5565 Deo
3426 5510 3693 5564 tradide-

2050 5610 2208 5660 runt.
2243 5603 2631 5659 Venerabiles
2654 5619 2787 5656 vero
2829 5600 3354 5670 sanctissimasque
3376 5616 3579 5653 eorum
3608 5616 3697 5651 re-

2051 5694 2270 5766 liquias
2300 5697 2481 5747 noctu
2512 5692 2755 5762 quidam
2778 5690 2859 5762 pii
2883 5690 3196 5745 Christiani
3221 5687 3697 5753 clamabeuntes,

2055 5790 2231 5856 atque
2269 5782 2719 5851 tollentes,cum
2751 5778 2997 5852 psalmis
3025 5783 3083 5832 et
3110 5773 3348 5845 hymnis
3380 5772 3701 5844 sepulturae
