4082 6200
360 494 472 556 591

1641 481 2079 544 MENOLOGII
2123 479 2344 542 PARS.
2381 480 2481 540 Ill.

3649 484 3768 546 592

359 626 655 683 dederunt
682 624 753 680 ad
776 593 1024 696 gloriam
1049 619 1264 676 Christi
1292 619 1412 674 veri
1475 618 1576 674 Dei
1624 616 1837 687 nostri,
1895 631 1981 688 ρι’(

2117 611 2268 666 νυκτὶ
2302 609 2627 675 ἀπελθόντες
2651 611 2851 690 κρύφα,
2906 611 2998 668 καὶ
3056 609 3380 686 ἀνελόμενοι
3441 617 3577 688 μετᾶ
3626 614 3765 688 ψαλο

359 733 477 789 quo
510 715 859 786 martyrium
891 711 1168 767 alacriter
1199 710 1525 766 subierant.

924 1025 1165 1081 EODEM
1186 1022 1436 1078 MENSE.

917 1115 1020 1168 Die
1055 1113 1288 1167 decima
1315 1128 1477 1166 nona

427 1219 715 1272 Certamen
744 1214 922 1269 sancti
961 1213 1152 1295 magni
1180 1213 1442 1280 martyris
1469 1209 1704 1266 Andreaz
1759 1215 1810 1263 et
1839 1225 1930 1263 so-

1065 1299 1292 1338 morum.

424 1421 661 1476 Exstitit
687 1420 804 1486 hic,
824 1418 1175 1474 Maximiano
1205 1418 1562 1488 imperante,
1596 1416 1713 1470 dux
1741 1415 2000 1470 militum

353 1511 414 1565 in
447 1510 684 1566 Oriente
713 1508 820 1563 sub
852 1506 1281 1578 Antiocho,qui
1314 1506 1494 1561 totius
1525 1503 1816 1559 exercitus
1847 1520 2002 1575 prse-

349 1601 638 1654 fecturam
671 1597 1143 1672 gerebat.ltaque
1175 1596 1246 1651 ab
1279 1612 1347 1650 eo
1371 1595 1496 1666 ipse
1519 1610 1654 1648 cum
1681 1593 2000 1649 aliisduci-

350 1689 462 1744 bus
507 1688 726 1743 missus
781 1686 1065 1742 adversus
1119 1687 1350 1752 Persas,
1412 1683 1642 1739 Christo
1703 1684 1994 1751 invocato,

351 1777 561 1833 Persas
591 1776 946 1849 proﬂigavit,
976 1780 1034 1828 et
1085 1791 1154 1829 ex
1215 1773 1516 1844 insperata
1567 1773 1811 1828 victoria
1860 1789 1997 1827 suos

352 1866 792 1922 commilitones
831 1865 906 1919 ad
936 1864 1150 1920 Christi
1183 1864 1361 1919 fidem
1395 1862 1636 1918 attraxit
1667 1879 1680 1916 :
1710 1863 1810 1933 qui
1841 1862 1998 1934 apud

351 1954 706 2010 Antiochum
734 1953 936 2023 delati,
969 1952 1217 2026 perinde
1247 1969 1314 2008 ac
1344 1952 1453 2020 rei,
1485 1955 1623 2007 ante
1661 1951 1833 2008 illum
1854 1967 1998 2008 con-

353 2044 671 2099 stiterunt:
705 2049 764 2098 et
795 2043 920 2115 ipse
954 2041 1197 2114 quidem
1231 2059 1409 2114 super
1436 2041 1630 2097 ferreo
1661 2041 1845 2114 ignito
1868 2056 1997 2113 gra-

2118 705 2235 774 μῶν
2289 700 2378 755 καὶ
2433 700 2618 774 ὕμνων
2684 700 2840 778 τάφῳ
2927 700 3371 778 παραδεδώκασιν
3407 747 3422 775 ,
3481 703 3558 765 εἷς
3611 699 3766 777 δόξαν

2114 792 2351 866 Χριστοῦ
2380 795 2476 845 τοῦ
2506 789 2774 862 ἀληθινοῦ
2816 796 2949 847 Θεοῦ
3007 795 3192 866 ἡμῶν,
3253 789 3324 848 δι’
3354 793 3414 848 ’ὀν
3470 793 3767 869 προθύμως

2115 878 2532 952 ἐτελειώθησαν.

2671 1018 2849 1073 ΜΠΝΙ
2879 1018 2972 1074 ΤΩ
3004 1017 3199 1073 ΔΥΤΩ.

2900 1106 2980 1163 ΙΘ’

2113 1201 2384 1274 ’Δθλησις
2444 1207 2540 1258 τοῦ
2599 1202 2781 1292 ἁγίου,
2815 1203 3298 1296 μεγαλομάρτυρος
3356 1204 3614 1281 Ἀνδρέου
3671 1208 3758 1262 καὶ

2714 1297 2822 1331 των
2854 1297 2947 1331 συν
2970 1298 3118 1350 αυτῳ
3131 1322 3142 1335 .

2181 1408 2351 1470 Οὗτος
2409 1409 2654 1485 ὑπῆρχεν
2736 1409 2822 1465 ἐπὶ
2872 1418 2969 1481 τῆς
3044 1411 3323 1488 βασιλείας
3393 1415 3758 1488 Μαειμιανοῦ,

2113 1496 2494 1570 στρατηλάτης
2525 1499 2576 1554 ἐν
2607 1503 2677 1574 τῇ
2709 1500 2948 1575 ἀνατολῇ
2984 1502 3143 1578 χώρᾳ
3173 1503 3278 1558 ὑπὸ
3333 1505 3626 1580 Ἀντιόχον
3657 1512 3756 1576 τῆς

2109 1584 2247 1656 ὅλης
2329 1587 2529 1660 τάξεως
2587 1593 2991 1666 στρατηγοῦντα
3025 1635 3038 1649 .
3096 1593 3456 1658 Ἀποσταλεὶς
3519 1592 3576 1650 δὲ
3630 1599 3759 1673 παρ’

2110 1673 2276 1729 αὐτοῦ
2311 1678 2425 1750 μεθ’
2484 1677 2681 1750 ἑτέρων
2730 1680 3117 1753 στρατηλατῶν
3168 1681 3302 1736 κατὰ
3346 1687 3451 1738 τῶν
3515 1689 3755 1761 Περσῶν,

2106 1763 2569 1839 ἐπικαλεσάμενος
2603 1769 2696 1824 τὸτ
2728 1769 2982 1844 Χριστὸν,
3036 1770 3163 1834 τοὺς
3211 1773 3417 1848 Πέρσας
3472 1772 3753 1850 ἐτρέψατο.

2109 1853 2209 1910 Καὶ
2241 1853 2328 1910 ἐπὶ
2359 1858 2429 1930 τῇ
2454 1855 2762 1931 ἀνελπίστῳ
2793 1857 2940 1927 νίκή.
2971 1857 3102 1923 τοὺς
3132 1858 3225 1914 σὺν
3284 1859 3432 1934 αὖτῷ
3487 1864 3623 1939 πρὸς
3653 1866 3750 1934 τήν

2105 1947 2202 1996 τοῦ
2253 1944 2496 2017 Χριστοῦ
2576 1945 2757 2002 πίστιν
2815 1946 3192 2006 ἐπεσπάσατο.
3249 1945 3642 2020 Διαϐληθέντες
3697 1952 3756 2010 δὲ

2111 2031 2404 2109 Ἀντιόχῳ,
2454 2037 2791 2110 παρέστησαν
2846 2037 2992 2109 αὐτῷ
3048 2037 3122 2100 ὡς
3174 2036 3478 2098 κατᾶδικοι.
3522 2043 3624 2099 Καὶ
3658 2045 3753 2100 αὐ-

354 2134 491 2190 bato
518 2133 820 2205 expositus
846 2151 859 2201 ;
878 2133 1007 2204 ejus
1022 2149 1154 2187 vero
1181 2132 1323 2187 socii
1347 2131 1422 2187 ad
1438 2131 1981 2204 quadragintalignz

2107 2122 2198 2184 τὸς
2235 2124 2327 2195 μὶν
2359 2123 2446 2179 ἐπὶ
2477 2124 2672 2197 κλίνης
2713 2124 2939 2202 σιδηρᾶς
2998 2129 3338 2203 πυρωθείσης
3390 2129 3652 2204 ἠπλώθη.
3687 2137 3754 2192 Οἱ

357 2224 635 2280 manibus
665 2223 910 2278 fuerunt
938 2222 1122 2278 affixi.
1153 2224 1201 2277 Α
1257 2221 1425 2278 mille
1485 2221 1697 2277 exinde
1753 2222 1998 2277 alterius

355 2313 609 2386 agminis
641 2311 952 2379 militibus,
978 2311 1229 2383 jubente
1258 2311 1567 2378 Antiocho,
1602 2327 1672 2366 ex
1710 2311 1872 2366 illius
1905 2328 1999 2366 re-

354 2403 546 2475 gionis
575 2401 792 2458 finibus
826 2406 965 2456 sunt
990 2399 1303 2472 ejecti.Sed
1337 2401 1444 2455 hos
1467 2401 1644 2455 etiam
1667 2401 1999 2456 admonens

351 2497 613 2557 sanctus,
638 2491 713 2546 ad
742 2491 956 2546 Christi
990 2490 1170 2546 ﬁdem
1200 2489 1481 2545 traduxit.
1514 2490 1680 2556 Quod
1703 2491 1803 2545 ubi
1827 2492 2000 2548 resci-

345 2581 427 2636 vit
457 2581 805 2649 Antiochus,
842 2581 1002 2651 ipsos
1054 2596 1190 2635 cum
1223 2580 1348 2634 suis
1387 2585 1754 2651 persecutus,
1789 2597 1997 2636 omnes

344 2670 538 2741 gladio
571 2669 964 2734 obtruncavit,
1000 2684 1254 2740 quorum
1278 2674 1618 2740 postremus
1647 2669 1757 2724 fuit
1787 2671 1998 2742 glorioo

344 2759 618 2817 sissimus
648 2759 865 2815 Christi
890 2763 1116 2831 martyr
1143 2757 1411 2814 Andreas
1453 2759 1680 2814 athleta
1733 2759 1993 2815 celeber-

344 2868 552 2907 rimus.

413 3051 566 3107 209
598 3055 675 3107 Et
704 3057 978 3107 certamen
1034 3051 1214 3134 sancti
1268 3053 1526 3121 martyris
1576 3052 1843 3108 Timothei
1872 3060 1923 3109 et

1025 3138 1296 3178 socio-rum
1307 3163 1319 3177 .

414 3253 717 3309 Gloriosus
771 3252 986 3307 Christi
1047 3258 1272 3326 martyr
1327 3253 1670 3310 Timotheus
1728 3255 1790 3310 in
1848 3258 1994 3313 Gaza

2110 2207 2168 2265 δὲ
2226 2212 2319 2267 σὺν
2378 2213 2524 2286 αὐτῷ
2570 2216 2622 2269 ὲν
2677 2217 3039 2292 τετραγώνοις
3103 2216 3286 2288 ξύλοις
3345 2219 3750 2293 καθηλώθησαν

2107 2301 2202 2362 τὰς
2237 2308 2447 2379 χεῖρας.
2483 2305 2610 2359 Εἶτα
2641 2305 2743 2360 ὑπὸ
2776 2306 2979 2381 χιλίων
3011 2305 3206 2380 ἑτέρων
3262 2315 3627 2383 στρατιωτῶν,
3655 2316 3750 2367 τοῦ

2109 2391 2399 2469 Ἀντιόχου
2431 2395 2848 2470 προστάξαντος,
2879 2399 2986 2450 τῶν
3036 2395 3200 2469 ὁρίων
3227 2403 3327 2466 τῆς
3383 2400 3572 2474 χώρας
3604 2402 3748 2472 ἁπη-

2109 2485 2370 2556 λάθησαν.
2402 2482 2510 2546 Οὓς
2541 2485 2866 2555 νουθετήσας
2899 2485 2926 2539 ὁ
2951 2485 3127 2560 ἅγιος,
3158 2487 3295 2561 πρὸς
3346 2489 3443 2557 τήν
3501 2489 3576 2554 εἷς
3607 2492 3748 2567 Χρι-

2107 2577 2228 2630 στὸν
2266 2575 2539 2649 μὶτήγαγε
2572 2575 2778 2631 πίστιν.
2825 2573 2924 2628 Καὶ
2979 2579 3142 2630 τοῦτο
3188 2575 3348 2651 γνοὺς
3382 2579 3409 2633 ὁ
3443 2579 3757 2655 Ἀντίοχος,

2103 2665 2191 2719 καὶ
2222 2661 2557 2736 καταδιώξας
2593 2665 2726 2736 μετά
2753 2668 2862 2718 τῶν
2925 2665 3013 2720 ὑπ’
3072 2665 3258 2736 αὐτὸν,
3315 2666 3516 2730 πάντας
3577 2669 3757 2726 ἀνεῖλε

2103 2759 2221 2816 τοῖς
2269 2754 2443 2828 ξίφεσι
2479 2796 2494 2810 .
2562 2755 2663 2810 Καὶ
2725 2749 2955 2828 ἔσχατον
3006 2753 3219 2810 πάντων
3277 2755 3369 2811 τὸν
3428 2756 3754 2832 πανένδοξον

2106 2845 2357 2918 μάρτυρα
2411 2847 2508 2898 τοῦ
2587 2845 2822 2918 Χριστοῦ
2907 2841 3163 2918 Ἀνδρέαν
3234 2847 3325 2902 τὸν
3372 2845 3424 2902 ἐν
3488 2849 3754 2922 ἀθληταῖς

2103 2929 2386 3006 ἀοίδιμον.

2104 3048 2201 3104 Καὶ
2233 3047 2464 3119 ἄθλησις
2514 3051 2612 3103 τοῦ
2667 3048 2826 3140 ἁγίου
2869 3050 3144 3142 μάρτυρος
3196 3051 3470 3125 Τιμοθέου
3527 3055 3616 3109 καὶ
3647 3060 3757 3110 τῶν

2777 3141 2870 3176 συν
2906 3141 3073 3194 αυτῳ.

2171 3251 2218 3306 Ο
2273 3243 2490 3319 ἔνδοξος
2532 3251 2632 3304 τοῦ
2681 3253 2921 3324 Χριστοῦ
2991 3269 3197 3326 μαρτυς
3245 3249 3510 3324 Τιμόθεος
3566 3253 3748 3329 ὑπῆρυ

341 3341 672 3397 Ραιωδίὶῐιεο
704 3343 939 3398 civitate
970 3347 1311 3409 natus,cum
1342 3343 1614 3399 doctrina
1634 3349 1692 3400 et
1719 3347 1981 3403 moribus

2101 3356 2196 3412 χεν
2229 3336 2288 3392 ἐκ
2345 3335 2729 3407 Παλαιστίνης,
2776 3337 2834 3435 ἐκ
2889 3337 3108 3401 πόλεως
3167 3338 3364 3410 Γάζης·
3423 3341 3527 3416 βίῳ
3567 3340 3624 3397 δὲ
3653 3346 3746 3398 καὶ

339 3432 620 3488 omnibus
655 3439 812 3488 esset
853 3433 1118 3488 numeris
1151 3433 1479 3502 absolutus,
1514 3435 1820 3492 veritatem
1851 3438 1987 3494 edo-

341 3522 821 3577 cebat.l)etentus
853 3523 1052 3593 itaque
1086 3523 1461 3578 stetitcoram
1486 3525 1646 3579 Gaza)
1677 3526 1987 3597 praefecto;

337 3615 396 3664 et
451 3611 872 3684 interrogatus,
935 3627 1116 3681 seque
1170 3613 1572 3668 Christianum
1658 3616 1986 3686 confessus,

333 3697 548 3752 Christi
573 3698 989 3767 ceconomiam,
1023 3699 1274 3770 ejusque
1304 3706 1550 3772 propter
1588 3719 1696 3758 nos
1727 3708 1986 3779 peregri-

331 3787 660 3854 nationem,
694 3793 753 3841 et
784 3786 1260 3841 incarnationem
1293 3789 1622 3862 theologice
1659 3809 1983 3865 exponens,

333 3874 628 3944 vapulavit
659 3873 1016 3929 crudeliter:
1051 3876 1398 3947 cunctisque
1433 3883 1863 3938 tormentorum
1886 3903 1978 3958 ge-

333 3962 578 4018 neribus
607 3968 874 4030 vexatus,
908 3981 975 4020 ac
1001 3963 1166 4018 nullo
1206 3965 1381 4020 modo
1415 3967 1652 4036 cedens,
1713 3971 1833 4042 igni
1865 3978 1982 4030 tra-

331 4051 701 4118 ditus,ﬁnem
732 4052 1207 4124 accepit.Eadem
1241 4053 1357 4120 die,
1383 4055 1709 4128 eademque
1741 4060 1802 4116 in
1837 4064 1980 4120 urbe

329 4141 590 4215 Agapius
621 4142 934 4211 etThecla,
991 4143 1092 4214 qui
1152 4144 1215 4199 in
1247 4160 1483 4201 carcere
1537 4146 1978 4224 detinebantur,

329 4233 490 4304 quod
519 4233 580 4288 in
613 4233 856 4289 nomine
915 4233 1132 4290 Christi
1186 4235 1488 4304 docerent,
1523 4239 1860 4315 multosque
1911 4263 1980 4302 ex

326 4322 673 4378 inﬁdelibus
703 4322 776 4378 ab
807 4340 1007 4379 errore
1038 4331 1417 4380 revocassent
1445 4327 1518 4382 ad
1550 4329 1886 4402 Dominum,
1921 4340 1980 4391 et

327 4412 714 4484 haptizarent,
748 4430 947 4469 coram
1002 4413 1280 4484 prmfecto
1339 4420 1621 4488 astantes,
1661 4437 1856 4493 neque
1913 4430 1978 4480 ut

325 4503 503 4558 idolis
536 4503 1220 4572 sacriﬁcarent,inducti,
1257 4504 1360 4560 sed
1395 4513 1614 4564 sartam
1639 4514 1975 4586 tectamque

324 4591 428 4645 Dei
459 4590 842 4648 dilectionem
875 4591 1427 4656 servantes,belluis
1457 4595 1971 4674 objecti,martyrii

323 4697 602 4737 coronam
634 4682 986 4741 retulerunt.

2098 3424 2252 3500 λόγῳ
2281 3427 2712 3500 κατηρτισμένος
2777 3423 2871 3497 ὧν,
2934 3424 3264 3491 διδάσκαλος
3321 3436 3422 3498 τῆς
3480 3429 3743 3500 ἀληθείας

2092 3512 2300 3590 ἐγένετο
2334 3557 2350 3572 .
2409 3515 2506 3570 Καὶ
2562 3517 2850 3591 κρατηθεὶς
2883 3560 2897 3586 ,
2955 3519 3191 3592 παρὲσση
3263 3522 3346 3590 τῷ
3401 3521 3500 3588 τῆς
3561 3522 3744 3592 Γάζης

2092 3600 2354 3679 ἄρχοντι.
2411 3604 2514 3662 Καὶ
2581 3603 2876 3681 ἐρωτηθεὶς
2911 3647 2926 3672 ,
2979 3607 3069 3660 καὶ
3152 3607 3473 3679 Χριστιανὸν
3553 3609 3743 3664 ἑαυτὸν

2092 3689 2472 3767 ὁμολογήσας,
2503 3692 2593 3747 καὶ
2641 3694 2740 3762 τὴν
2767 3697 2864 3748 τοῦ
2893 3695 3128 3769 Χριστοῦ
3187 3692 3529 3771 θεολογήσας
3581 3699 3738 3754 οἰκο-

2090 3781 2284 3854 νομίαν
2315 3802 2374 3836 τε
2419 3782 2510 3836 καὶ
2548 3783 2649 3851 τήν
2696 3779 2767 3836 δι’
2815 3784 2964 3856 ἡμᾶς
3023 3781 3320 3857 ἐπιδημίαν
3377 3785 3467 3840 καὶ
3526 3788 3739 3860 σάρκω-

2091 3891 2194 3940 σιν,
2229 3870 2430 3947 ἐτύφθη
2481 3869 2752 3949 σφοδρῶς.
2819 3871 2926 3928 Καὶ
2984 3872 3260 3929 παντοίων
3319 3875 3564 3950 βασάνων
3595 3898 3737 3954 προ-

2089 3960 2406 4034 σωμίλησεν
2466 3958 2657 4023 ίδέαις·
2716 3963 2807 4017 καὶ
2866 3958 2998 4034 μηδ’
3055 3961 3202 4025 ὅλως
3262 3965 3556 4038 καμφθεὶς,
3606 3967 3739 4042 πυρὶ

2085 4047 2438 4124 παραδοθεὶς,
2480 4048 2793 4121 ἐτελειώθη.
2855 4053 2987 4108 Κατ’
3016 4051 3224 4121 ἐκείνην
3283 4050 3341 4108 δὲ
3391 4055 3490 4123 τὴν
3522 4055 3736 4128 ἡμέραν

2085 4136 2137 4192 ἐν
2170 4137 2308 4213 αὐτῇ
2337 4142 2406 4213 τῇ
2455 4137 2616 4195 πόλει
2648 4139 2932 4216 Ἀγάπιος,
2963 4140 3052 4195 καὶ
3093 4138 3292 4212 Θέκλα,
3351 4141 3737 4201 κατακλειστοι

2084 4224 2233 4290 ὄντες
2266 4226 2344 4290 εἷς
2375 4226 2654 4302 φυλακην,
2685 4226 2775 4284 διὰ
2830 4230 2894 4284 τὸ
2952 4227 3221 4286 διδάσκειν
3280 4229 3368 4286 ἐπὶ
3398 4236 3478 4304 τῷ
3509 4233 3736 4306 ὀνόματι

2079 4321 2178 4371 τοῦ
2216 4318 2473 4390 Χριστοῦ,
2541 4318 2632 4373 καὶ
2689 4317 2942 4380 πολλοὺς
2997 4323 3105 4374 τῶν
3165 4311 3407 4376 ἀπίστων
3466 4322 3574 4378 ἀπὸ
3631 4329 3732 4390 τῆς

2079 4403 2291 4477 πλάνης
2341 4405 2677 4486 ἐπιστρέφειν
2737 4407 2824 4462 ἐπὶ
2881 4409 2972 4464 τὸν
3023 4407 3242 4484 Κύριον,
3274 4410 3364 4465 καὶ
3424 4411 3733 4485 βαπτίζειν,

2078 4497 2440 4568 παραστάντες
2485 4502 2566 4570 τῷ
2623 4496 2769 4570 αὐτῷ
2818 4495 3068 4573 ἄρχοντι,
3129 4498 3218 4553 καὶ
3290 4500 3365 4572 μὴ
3422 4503 3731 4566 πεισθέντες

2079 4589 2230 4648 θῦσαι
2258 4591 2376 4649 τοῖς
2419 4584 2701 4655 εἰδώλοις,
2734 4586 2861 4643 ἀλλ’
2918 4587 3280 4663 ἀντεχόμενοι
3308 4595 3409 4659 τῆς
3467 4591 3606 4666 πρὸς
3639 4593 3731 4647 τὸν

2075 4675 2306 4750 Χριστὸν
2396 4677 2661 4751 ἀγάπης,
2743 4678 2901 4749 θηρσὶ
2985 4680 3372 4755 προσριφέντες
3455 4682 3548 4735 τὸν
3635 4689 3736 4751 τῆς

1999 4755 2047 4819 Ι)
2087 4763 2384 4840 μαρτυρίας
2413 4765 2736 4839 ἐκομίσαντο
2765 4767 3046 4840 στέφανον.

886 4898 1128 4956 EODEM
1169 4899 1400 4955 MENSE

947 4987 1050 5043 Die
1081 4987 1361 5046 vicesima

601 5078 862 5132 Memoria
890 5080 1066 5134 sancti
1091 5079 1380 5150 prophetae
1402 5081 1692 5140 Samuelis.

384 5190 622 5248 Samuel
650 5192 946 5264 gloriosus
965 5198 1023 5248 et
1048 5209 1302 5266 magnus
1335 5196 1434 5250 Dei
1469 5200 1756 5270 propheta
1789 5201 1849 5258 in
1869 5204 1962 5260 Ju-

2636 4911 2814 4970 unm
2844 4914 2934 4970 To
2965 4915 3171 4985 Arro,

2870 5003 2925 5059 Κ,

2282 5091 2484 5163 Μνήμη
2519 5093 2616 5146 τοῦ
2661 5090 2816 5168 ἁγίου
2868 5094 3154 5171 προφήτου
3215 5093 3507 5167 Σαμουήλ.

2141 5213 2407 5286 Σαμουὴλ
2440 5211 2736 5286 ὁὲνδοξος,
2777 5215 2866 5270 καὶ
2927 5216 3096 5293 μέγας
3159 5223 3258 5273 τοῦ
3315 5224 3450 5276 Θεοῦ
3506 5224 3725 5301 προφή-

309 5279 437 5336 ἀεθει
468 5286 634 5337 ortus
667 5289 775 5351 est,
813 5299 883 5337 ex
917 5289 1118 5338 monte
1153 5283 1432 5354 Ephraim
1491 5286 1563 5340 de
1595 5287 1753 5342 tribu
1804 5291 1956 5360 Levi,

309 5369 469 5425 illius
490 5371 709 5428 Elcana
742 5376 799 5426 et
828 5373 1036 5428 Anum.
1059 5371 1321 5428 Habebat
1349 5377 1547 5427 autem
1580 5374 1954 5436 Elcanaduas

305 5473 538 5528 uxores,
573 5475 825 5530 quarum
883 5475 1004 5514 una
1032 5461 1221 5524 Anna,
1256 5460 1601 5516 thnanna
1629 5462 1820 5520 altera
1848 5484 1953 5539 ap-

302 5548 656 5617 pellabatur.
691 5551 761 5603 Et
791 5549 1136 5604 Phaananna
1163 5546 1404 5618 quidem
1436 5548 1622 5604 tilium
1659 5552 1948 5625 habebat;

301 5641 472 5694 Anna
504 5657 639 5696 vero
689 5656 996 5713 nunquam
1055 5645 1360 5712 genuerat.
1411 5643 1694 5699 Ascendit
1751 5656 1948 5707 autem

297 5729 518 5786 Elcana
548 5746 667 5784 una
698 5745 834 5785 cum
866 5731 1038 5786 Anna
1065 5730 1128 5786 in
1160 5730 1379 5800 Selom,
1407 5737 1474 5787 ut
1519 5732 1704 5791 Deum
1737 5739 1946 5798 adora-

297 5826 388 5874 ret
421 5837 434 5875 :
467 5821 569 5876 sed
596 5820 883 5878 Dominus
905 5822 1094 5894 ipsius
1125 5829 1362 5881 uterum
1395 5825 1810 5901 obstruxerat;
1833 5851 1944 5892 nec

2064 5324 2209 5373 της,
2272 5303 2516 5380 ὑπῆρχεν
2576 5303 2637 5360 ἐκ
2690 5312 2791 5374 τῆς
2846 5305 3034 5381 χώρας
3107 5306 3393 5382 Ἰουδαίας,
3451 5309 3504 5382 ἐξ
3562 5308 3725 5389 ὅρους

2066 5393 2328 5470 Ἐφραίμ,
2377 5393 2436 5448 ἐκ
2465 5393 2645 5469 φυλῆς
2679 5395 2831 5467 Λευί,
2861 5396 2979 5457 υἱὸς
3037 5396 3289 5468 Ἐλκανά,
3348 5397 3437 5453 καὶ
3496 5401 3718 5472 Ἀννης.

2061 5481 2122 5538 Ὀ
2154 5478 2212 5535 δὲ
2262 5480 2498 5539 Ἐλκανά
2555 5480 2652 5538 δύο
2707 5488 2967 5560 γυναῖκας
3025 5482 3206 5561 ἔσχεν·
3267 5481 3442 5560 ὄνομα
3497 5492 3568 5562 τῇ
3625 5491 3722 5562 μὲν

2061 5570 2254 5645 πρώτῃ
2302 5571 2487 5639 Ἀννα,
2537 5575 2605 5646 τῇ
2665 5570 2722 5627 δὶ
2766 5570 2989 5648 δευτέρᾳ
3042 5577 3332 5633 Φαινάννα.
3389 5578 3492 5633 Καὶ
3553 5579 3622 5647 ἦν
3654 5583 3724 5654 τῇ

2063 5659 2155 5730 μὲν
2191 5659 2464 5736 Φαινάννῃ
2497 5658 2736 5717 παιδίοψ
2773 5665 2841 5736 τῇ
2875 5659 2933 5718 δὲ
2984 5664 3154 5739 Ἀννῃ
3189 5664 3288 5720 οὐκ
3344 5667 3412 5735 ἦν
3471 5664 3722 5725 παιδίον.

2057 5747 2157 5801 Καὶ
2189 5743 2352 5818 ἀνέϐη
2394 5747 2630 5806 Ἐλκανά
2668 5759 3038 5826 προσκυνῆσαι
3095 5758 3175 5825 τῷ
3228 5758 3345 5826 Θεῷ
3400 5753 3456 5810 ἐν
3499 5754 3725 5832 Σηλὼμ

2058 5834 2193 5910 μετᾶ
2219 5843 2320 5906 τῆς
2351 5839 2574 5911 ’Λννης.
2609 5841 2670 5899 Ὀ
2730 5837 2788 5896 δὲ
2840 5841 3039 5918 Κύριος
3097 5841 3394 5900 ἀπέκλεισε
3450 5847 3551 5915 τήν
3603 5849 3722 5922 μή·
