4082 6200
336 282 454 345 593

1809 281 2256 343 AUGUSTUS.

3630 279 3747 339 594

338 436 465 490 τραν
498 413 691 482 αὐτῆς,
733 412 823 468 καὶ
875 409 1089 468 παιδίον
1150 413 1253 467 οὑκ
1309 412 1502 481 ἐποίει,
1561 413 1651 466 καὶ
1707 409 1973 481 ἐλυπεῖτο,

2100 413 2255 469 ﬁlios
2287 414 2390 468 illa
2420 412 2786 484 procreabat.
2823 414 3191 485 QuaprOpter
3218 428 3373 485 mgra
3390 412 3589 468 animo
3621 420 3749 470 erat

345 501 479 558 διότι
538 500 845 570 ὠνειδίζετο
905 500 1008 554 ὑπὸ
1062 506 1161 569 τῆς
1221 500 1529 566 Φαινάννης
1617 499 1690 561 ὡς
1750 497 1986 563 ἄτεκνος.

345 592 689 667 Ιῐροσηύξατο
722 590 813 645 οῦν
868 591 1004 665 πρὸς
1062 591 1152 645 τὸν
1215 590 1368 659 Θεὸν,
1427 590 1517 644 καὶ
1577 584 1838 645 συνέλαϐε
1893 589 1983 643 τὸν

342 679 630 755 Σαμουὴλ,
661 682 752 735 καὶ
783 679 993 735 ἀνέθετο
1038 679 1196 734 αὐτὸν
1256 683 1332 751 τῷ
1388 683 1524 752 Θεῷ.
1583 680 1683 736 Ἦν
1746 676 1803 732 δὲ
1860 678 1985 733 ἀναο

336 773 668 850 τρεφόμενος
698 769 751 825 έν
791 774 870 843 τῷ
908 773 1020 841 ναῷ
1069 766 1289 843 Κυρίου.
1343 768 1447 824 Καὶ
1501 769 1590 823 ’ὀτε
1637 765 1859 845 ἔφθασεν
1911 767 1986 829 εἷς

339 861 531 936 μέτρον
561 859 809 931 ἡλικίας,
842 859 906 928 ἦν
942 858 1273 934 λειτουργῶν
1326 856 1567 913 ἐναντίον
1623 855 1841 931 Κυρίου,
1894 856 1984 910 καὶ

332 950 529 1026 κρίνων
561 949 654 1005 τὸν
688 947 821 1003 λαὸν
849 952 947 1003 τοῦ
978 947 1219 1023 Ἰσραὴλ.
1283 947 1458 1010 Οὗτος
1513 942 1702 1022 ἔχρισε
1749 945 1838 1000 καὶ
1891 944 1983 1000 τὸν

333 1038 517 1095 Σαοὺλ
554 1036 800 1115 βασιλέα·
830 1039 947 1093 εἶτα
973 1038 1067 1093 τὸν
1110 1032 1298 1093 Δαϐίδ.
1340 1036 1445 1091 Καὶ
1496 1034 1573 1099 εἷς
1625 1034 1756 1111 βαθὺ
1808 1041 1983 1110 γῆρας

331 1127 530 1197 ἐλθὼν,
561 1128 699 1203 πρὸς
731 1127 858 1183 Θεὸν
892 1123 1248 1198 έξεδήμησεν,
1280 1119 1577 1202 προλαϐὼν
1608 1125 1708 1194 τὴν
1765 1124 1981 1201 σάρκω-

326 1240 405 1274 σιν
438 1222 539 1274 τοῦ
570 1219 808 1292 Χριστοῦ
838 1212 930 1288 ἔτη
967 1215 1130 1291 χίλια
1157 1216 1449 1291 τριάκοντα
1480 1215 1655 1275 πέντε,

575 1436 683 1492 Καὶ
714 1433 947 1505 ἄθλησις
978 1438 1086 1490 τῶν
1113 1433 1279 1510 ἁγίων
1314 1432 1382 1504 λζ
1414 1432 1721 1510 μαρτύρων.

392 1576 642 1651 Σευῆρός
672 1599 754 1640 τις
785 1578 1131 1653 Χριστιανὸς,
1180 1578 1444 1653 ὑπάρχων
1500 1577 1607 1633 ἀπὸ
1654 1575 1824 1648 Σίδης
1871 1583 1973 1646 τῆς

318 1664 674 1743 Παμφυλίας,
732 1669 1075 1741 περιήρχετο
1133 1670 1305 1721 πᾶσαν
1387 1667 1550 1722 πόλιν
1609 1667 1700 1721 καὶ
1760 1665 1969 1741 χώραν,

2098 509 2156 557 et
2181 519 2211 558 a
2237 504 2595 571 thnanna,
2620 508 2820 573 utpote
2846 502 3327 574 sterilis,probris
3350 501 3741 557 afﬁciebatur.

2096 593 2291 647 Oravit
2312 593 2509 663 itaque
2535 592 2741 660 Deum,
2767 596 2825 645 et
2845 591 3179 646 Samuelem
3207 591 3741 663 concepit,ipsum-

2096 698 2208 752 que
2228 683 2344 737 Deo
2363 682 2597 738 dicavit.
2623 681 2997 738 Educabatur
3016 682 3127 737 iste
3150 681 3212 736 in
3238 682 3469 736 Domini
3497 682 3740 753 templo:

2092 778 2267 843 atque
2302 773 2400 828 ubi
2441 773 2512 828 ad
2571 773 2859 845 integram
2920 771 3187 845 pervenit
3241 777 3495 840 aetatem,
3557 772 3740 828 sacris

2090 862 2437 917 muneribus
2469 878 2667 917 coram
2686 863 2936 916 Domino
2958 862 3333 934 fungebatur,
3358 878 3424 916 ac
3451 862 3737 932 p0pulum

2088 951 2621 1023 Israeljudicabat.
2656 952 2809 1007 2I0
2852 952 2981 1021 Ipse
3027 952 3204 1005 etiam
3250 949 3485 1005 Saulem
3534 951 3596 1004 in
3640 968 3734 1005 re-

2086 1059 2217 1113 gem
2245 1043 2436 1108 unxit,
2482 1048 2686 1114 postea
2750 1042 3067 1109 Davidem;
3125 1046 3185 1096 et
3241 1041 3316 1097 ad
3371 1041 3732 1113 profundum

2086 1133 2321 1188 senium
2351 1137 2685 1205 provectus,
2718 1131 2990 1204 migravit
3038 1132 3111 1187 ad
3169 1132 3510 1200 Dominum,
3557 1131 3731 1187 annis

2085 1222 2251 1279 mille
2284 1228 2341 1278 et
2370 1222 2616 1295 triginta
2645 1222 2909 1292 quinque
2938 1226 3073 1277 ante
3106 1220 3323 1278 Christi
3369 1221 3730 1278 incarnatio-

2083 1329 2243 1369 nem.

2080 1431 2148 1486 Et
2187 1437 2463 1487 certamen
2491 1435 2805 1486 sanctorum
2826 1434 3029 1500 septem
3060 1433 3113 1483 et
3146 1427 3381 1497 triginta
3400 1432 3727 1498 martyrum.

2151 1566 2399 1631 Quidam
2430 1565 2823 1633 Christianus,
2855 1563 3097 1618 nomine
3147 1563 3414 1633 Severus,
3465 1561 3616 1616 Sidae
3664 1560 3726 1616 in

2080 1656 2428 1727 Pamphylia
2454 1661 2650 1723 natus,
2686 1659 2930 1710 cunctas
2956 1653 3221 1709 civitates
3256 1657 3557 1723 totamque
3602 1650 3725 1705 cir~

315 1753 589 1810 διδάσκων
621 1756 710 1810 τὸν
740 1755 906 1831 λὸγον
950 1760 1047 1811 τοῦ
1086 1758 1345 1832 Χριστοῦ.
1396 1756 1603 1813 Ἐλθὼν
1654 1753 1711 1810 δέ
1753 1755 1843 1810 καὶ
1897 1753 1973 1817 εἷς

2090 1746 2343 1802 :umibat
2372 1746 2694 1817 regionem,
2726 1745 2968 1800 verbum
3000 1744 3254 1799 edocens
3311 1741 3547 1797 Christi.
3581 1741 3725 1795 Cum

318 1845 781 1901 Φιλιπποὺπολιν
829 1853 929 1916 τῆς
985 1845 1222 1920 Θρᾴκης,
1271 1845 1418 1920 εὗρεν
1471 1844 1835 1902 Ἀπελλιανὸν
1882 1845 1974 1899 τὸν

316 1935 571 2010 ἡγεμόνα
626 1940 973 2012 τιμωροῦνται
1027 1935 1155 1999 τοὺς
1214 1936 1403 2009 ἁγίους
1491 1935 1764 2012 μάρτυρας
1817 1937 1972 2010 τριά-

315 2047 492 2080 κοντα
548 2025 639 2080 καὶ
699 2022 750 2098 ’ἐξ
820 2026 1186 2101 ὑπάρχοντας.
1275 2026 1377 2082 Καὶ
1461 2025 1972 2102 παρρησιασάμενος

316 2116 419 2183 τήν
482 2110 780 2186 εὐσέϐειαν,
852 2114 1145 2189 κρατηθεὶς
1229 2112 1433 2191 ἐτύφθη
1520 2112 1796 2190 σφοδρῶς·
1882 2116 1975 2169 καὶ

313 2204 465 2259 οὕτω
490 2204 587 2278 μὲν
642 2203 885 2278 κεφαλήν
945 2204 1260 2278 ἀπετμήθη·
1322 2203 1556 2277 Μέμνων
1603 2202 1662 2259 δέ
1691 2206 1718 2259 ὁ
1753 2212 1975 2260 Κεντου-

315 2294 450 2369 ρίων
507 2292 587 2357 εἷς
647 2291 744 2349 δύο
793 2295 981 2357 κίονας
1043 2293 1213 2357 δεθεὶς
1272 2294 1361 2349 καὶ
1417 2296 1686 2364 τανυθεὶς,
1749 2292 1970 2372 έξεδάρη

307 2383 439 2456 τρία
473 2381 628 2457 λῶρα
663 2382 770 2438 ἀπὸ
819 2381 1065 2461 κεφαλῆς
1121 2382 1286 2458 μέχρι
1343 2380 1546 2440 ποδῶν.
1598 2385 1729 2440 Εἶτα
1780 2402 1971 2459 χειρο·

310 2470 649 2543 κοπηθέντες
707 2474 799 2528 καὶ
867 2471 1360 2544 ποδοκοπηοέντες,
1443 2474 1535 2529 καὶ
1620 2473 1695 2537 είς
1745 2474 1973 2548 κάμινον

311 2558 689 2636 ἐμϐληθέντες
724 2561 956 2625 ἅπαντες
988 2562 1093 2619 ὑπὸ
1124 2570 1249 2637 γῆν,
1283 2563 1701 2636 ἐτελειώθησαν.

380 2743 491 2801 Καὶ
553 2744 749 2817 μνήμη
807 2750 908 2814 τῆς
970 2743 1122 2821 ἁγίας
1175 2744 1525 2816 Θεοκλητοῦς
1577 2750 1678 2815 τῆς
1754 2746 1971 2819 θαυμα-

311 2836 579 2907 τουργοῦ.

879 2926 1057 2984 MHNI
1096 2931 1180 2982 ΤΩ
1218 2928 1420 2986 ΑΥΤΩ.

1092 3016 1196 3073 KA'

381 3106 666 3175 Ἀθλησις
717 3110 816 3176 τῆς
869 3102 1024 3215 ἂγίὲις
1086 3104 1360 3196 μάρτυρος
1445 3106 1662 3176 Βάσσης
1714 3104 1805 3160 καὶ
1860 3110 1967 3162 τῶν
1998 3150 2045 3215 c

925 3175 1126 3232 τέκνων
1162 3175 1354 3243 αὐτῆς.

378 3300 453 3358 Ἠ
492 3303 591 3354 τοῦ
648 3303 884 3376 Χριστοῦ
945 3298 1147 3374 μάρτυς
1208 3299 1389 3357 Βάσσα
1448 3300 1668 3376 ὑπῆρχε
1729 3302 1823 3375 μὶν
1884 3299 1972 3355 ἐπὶ

308 3392 406 3459 τῆς
449 3388 733 3465 βασίλείας
774 3392 1140 3463 Μαξιμιανοῦ,
1196 3389 1257 3445 έκ
1306 3393 1590 3465 προγὸνων
1640 3392 1969 3467 Χριστιανή.

312 3481 702 3551 Συνοικήσασα
733 3476 791 3534 δὲ
821 3478 1112 3554 Οὐαλερίῳ
1168 3481 1305 3556 ἱερεῖ
1351 3485 1458 3535 τῶν
1511 3478 1782 3550 εἰδώλων,
1831 3479 1971 3556 έγέν-

307 3591 443 3639 νησε
501 3575 649 3643 τρεῖς
708 3568 879 3641 υἱοὺς,
940 3570 1185 3644 Θέογνιν,
1248 3571 1534 3645 Ἀγάπιον,
1602 3570 1691 3625 καὶ
1751 3573 1968 3626 Πιστόν·

311 3657 401 3721 οῦς
470 3659 565 3713 καὶ
622 3656 909 3732 ἀνέθρεψεν
968 3653 1231 3720 εὐσεϐῶς.
1320 3658 1679 3734 Κηρύττουσα
1751 3657 1808 3714 δὲ
1880 3660 1972 3715 τὸν

310 3747 697 3821 Χριστὸν,καὶ
750 3746 881 3809 τοὺς
927 3748 1412 3823 προσερχομένους
1458 3750 1599 3822 αὐτῇ
1648 3747 1972 3804 διδάσκουσα

308 3839 407 3907 τὴν
466 3835 546 3898 εἰς
604 3837 767 3892 αὑτὸν
824 3835 1029 3909 πίστιν,
1088 3836 1434 3910 κατεμηνὺθη
1488 3842 1566 3909 τῷ
1619 3844 1721 3907 τῆς
1781 3837 1969 3913 χώρας

310 3924 550 4003 ἄρχοντι
585 3926 729 4002 παρᾶ
793 3930 892 3981 τοῦ
948 3925 1153 3981 οἰκείου
1212 3923 1425 4001 ἀνδρός.
1483 3925 1581 3981 Καὶ
1637 3930 1971 4003 κρατηθεῖσα

313 4018 453 4090 μετὰ
485 4021 595 4072 τῶν
622 4013 829 4071 παίδων
891 4015 1083 4087 αὐτῆς,
1133 4018 1369 4092 παρέστη
1433 4017 1603 4089 αὐτῷ.
1668 4016 1765 4073 Καὶ
1823 4023 1969 4095 πρῶ-

306 4126 398 4169 τος
431 4108 466 4162 ὁ
502 4109 723 4181 Θέογνις
784 4103 1143 4181 ὁμολογήσας
1190 4107 1283 4161 τὸν
1344 4106 1591 4181 Χριστὸν,
1648 4108 1970 4181 κρεμασθείς

310 4193 514 4266 ὲξέετο,
574 4196 932 4270 παρεστώσης
979 4203 1080 4265 τῆς
1141 4197 1368 4270 μητρὸς,
1451 4195 1543 4250 καὶ
1620 4195 1966 4273 παραθαρρυ-

308 4284 519 4355 νοὺσης
561 4283 721 4339 αὑτὸν
776 4285 915 4360 πρὸς
970 4286 1062 4340 τὸν
1122 4286 1325 4360 ἀγῶνα.
1390 4284 1649 4359 Δεύτερος
1704 4286 1969 4361 Ἀγαπιος

307 4375 559 4451 τυφθεὶς,
589 4376 652 4430 τὸ
684 4372 856 4450 δέρμα
883 4382 984 4444 τῆς
1013 4373 1257 4452 κεφαλῆς
1307 4374 1471 4430 αὐτοῦ
1520 4372 1741 4450 έξεδάρη
1799 4376 1967 4452 μέχρι

308 4468 407 4518 τοῦ
436 4464 696 4534 στήθους.
732 4464 827 4517 Καὶ
884 4460 1067 4538 τρίτος
1125 4464 1154 4517 ὁ
1206 4464 1401 4526 Πιστὸς
1463 4460 1745 4540 διαφόροις
1803 4476 1967 4530 καθυ·

309 4548 573 4623 πεϐλήθη
606 4548 880 4627 βασάνοις.
911 4552 1009 4607 Καὶ
1050 4551 1211 4615 τέλος
1265 4553 1316 4609 οἱ
1372 4557 1519 4628 τρεῖς
1578 4551 1745 4631 μέχρι
1804 4557 1966 4619 θανά-

309 4662 406 4697 του
435 4644 512 4715 τῇ
544 4639 621 4704 εἰς
652 4641 915 4715 Χριστὸν·
935 4639 1208 4716 ὁμολογίᾳ
1260 4640 1633 4716 ἐμμείναντες,
1681 4644 1816 4717 μετὰ
1861 4652 1962 4715 τῆς

313 4730 527 4807 μητρὸς
559 4730 736 4786 αὐτῶν
765 4728 1294 4811 ἀπεκεφαλίσθησαν.

495 4854 603 4910 Καὶ
632 4852 864 4927 ἄθλησις
891 4860 990 4914 τοῦ
1019 4857 1176 4933 ἁγίου
1211 4859 1482 4933 μάρτυρος
1511 4858 1772 4918 Λουκίου.

384 4986 683 5051 Λούκιοςὸ
729 4992 827 5044 τοῦ
880 4988 1114 5067 Χριστοῦ
1172 4992 1377 5068 μάρτυς
1440 4993 1688 5069 ὑπῆρχεν
1749 4990 1807 5047 ἐκ
1863 4998 1961 5063 τῆς

311 5075 531 5141 πόλεως
585 5082 841 5151 Κυρήνης
895 5086 996 5150 τῆς
1055 5081 1190 5136 κατὰ
1272 5076 1502 5152 Λιϐύηνδ
1589 5086 1805 5155 πρῶτος
1862 5090 1961 5151 τῆς

312 5167 483 5235 αὐτῆς
513 5169 730 5234 πόλεως
785 5171 873 5227 καὶ
935 5170 1297 5249 συγκάθεδρος
1359 5177 1457 5228 τοῦ
1514 5173 1813 5249 ἡγεμόνος,
1877 5193 1966 5248 με·

314 5256 459 5332 γέθει
519 5259 793 5334 σώματος,
847 5261 935 5316 καὶ
996 5260 1242 5317 πλούτου
1328 5259 1611 5335 δυναστείᾳ
1681 5262 1965 5339 ὑπερέχων

312 5349 442 5414 τοὺς
508 5353 623 5407 κατ’
684 5352 864 5409 αὑτόν.
943 5352 1234 5428 Ὑπάρχων
1292 5350 1349 5408 δὲ
1402 5354 1494 5408 καὶ
1578 5350 1823 5407 εἰδώλων
1880 5365 1966 5418 οε-

318 5441 615 5512 ραπευτής,
653 5440 990 5517 ὑπερεμάχει
1021 5448 1119 5512 τῆς
1165 5444 1451 5514 θρησκείας
1499 5446 1607 5497 τῶν
1661 5441 1968 5515 Ἑλλήνων,

319 5527 568 5605 ἰσχυρῶς
618 5531 1011 5607 προσκείμενος
1057 5531 1232 5587 αὐτῶν
1291 5535 1360 5606 τῇ
1387 5529 1591 5608 πλάνῃ.
1641 5532 1768 5606 Ἀφ’
1800 5532 1860 5586 οὗ
1913 5530 1969 5589 δὲ

323 5619 577 5677 ἐθεάσατο
633 5623 723 5679 τὸν
788 5622 949 5699 μέγαν
1037 5623 1405 5699 ἱερομάρτυρα
1491 5618 1795 5697 Θεόδωρον,
1878 5625 1969 5678 καὶ

2079 1842 2278 1892 autem
2309 1835 2792 1907 Philippopolim,
2817 1835 3076 1889 Thracias
3100 1834 3416 1901 civitatem,
3444 1831 3720 1897 venisset,

2078 1925 2300 1997 reperit
2324 1924 2700 1996 Apellianum
2723 1924 3088 1995 praefectum,
3113 1922 3213 1993 qui
3243 1922 3463 1975 ibidem
3491 1926 3726 1975 sanctos

2080 2021 2371 2087 martyres
2431 2014 2672 2086 triginta
2731 2030 2832 2068 sex
2889 2029 3139 2067 numero
3216 2010 3609 2066 excruciabat.
3666 2012 3737 2064 Et

2081 2110 2283 2177 aperte
2310 2105 2434 2176 ipse
2446 2105 2730 2176 pietatem
2753 2102 3054 2174 professus
3077 2108 3253 2172 atque
3267 2099 3731 2171 comprehensus

2082 2196 2297 2251 acriter
2352 2193 2466 2249 fuit
2523 2194 2886 2259 verberatus,
2949 2197 3005 2246 et
3074 2191 3264 2262 capite
3321 2190 3729 2245 obtruncatus.

2082 2288 2355 2340 Memnon
2368 2301 2503 2339 vero
2526 2283 2795 2339 centurio
2818 2282 2892 2338 ad
2915 2281 3060 2336 duas
3079 2281 3383 2336 devinctus
3397 2279 3728 2347 columnas,

2081 2375 2518 2445 distentusque,
2554 2373 2889 2428 excoriatur
2944 2371 3133 2425 tribus
3193 2369 3337 2424 loris
3369 2387 3402 2425 a
3432 2369 3622 2441 capite
3651 2369 3727 2425 ad

2079 2462 2261 2537 pedes
2280 2462 2592 2517 detractis:
2618 2460 2815 2516 caeteri
2839 2476 3045 2515 omnes
3068 2458 3344 2513 manibus
3362 2457 3729 2529 pedibusque

2081 2554 2424 2625 amputatis,
2476 2553 2538 2607 in
2595 2552 2900 2607 fornacem
2954 2550 3405 2605 subterraneam
3453 2547 3728 2620 conjecti,

2080 2644 2365 2715 martyrio
2397 2643 2561 2698 fuere
2594 2641 2955 2713 consumpti.

2151 2739 2225 2790 Et
2253 2733 2740 2790 commemoratio
2792 2735 3010 2787 sancta:
3066 2729 3404 2786 Theoclitus
3458 2727 3731 2785 thauma-

2081 2828 2288 2897 turgm.

2637 2913 2877 2971 EODEM
2915 2912 3166 2967 MENSE.

2577 3002 2680 3057 Die
2719 3000 2999 3057 vicesima
3024 3000 3219 3071 prima

2121 3090 2403 3148 Certamen
2430 3098 2629 3149 sanctae
2661 3091 2926 3162 martyris
2954 3089 3135 3144 Bassa:
3168 3094 3218 3145 et
3253 3088 3497 3159 filiorum
3540 3102 3682 3156 ejus.

2156 3261 2371 3317 Christi
2415 3265 2641 3333 martyr
2696 3262 2875 3316 Bassa
2926 3257 3295 3332 temporibus
3351 3254 3727 3329 imperatoris

2084 3351 2421 3407 Maximiani
2447 3352 2688 3406 exstitit.
2712 3349 3020 3405 Connubio
3047 3355 3243 3405 autem
3254 3348 3469 3419 juncta
3493 3343 3723 3399 Valerio

2083 3440 2381 3495 idolorum
2404 3440 2717 3510 sacerdoti,
2753 3444 2871 3494 tres
2899 3439 3105 3511 genuit
3134 3438 3309 3505 ﬁlios,
3364 3436 3723 3507 Theognem,

2083 3531 2394 3603 Agapium,
2428 3536 2484 3585 et
2516 3530 2762 3596 Pistum,
2799 3546 2947 3600 quos
2979 3528 3053 3582 ad
3096 3527 3379 3599 pietatem
3436 3524 3724 3580 educavit.

2082 3621 2227 3675 Cum
2258 3638 2394 3675 vero
2422 3619 2725 3677 Christum
2756 3618 3126 3689 prmdicaret,
3160 3616 3407 3687 ejusque
3440 3613 3618 3669 fidem
3650 3613 3724 3668 ad

2084 3727 2146 3766 se
2168 3709 2518 3765 accedentes
2536 3708 2830 3777 edoceret,
2865 3711 3138 3763 accusata
3169 3710 3257 3761 est
3277 3721 3310 3759 a
3332 3703 3569 3776 proprio
3602 3703 3724 3757 viro

2082 3800 2237 3872 apud
2270 3798 2430 3854 illius
2458 3800 2717 3872 regionis
2743 3799 3086 3871 praefectum
3112 3815 3125 3864 ;
3156 3801 3213 3851 et
3241 3800 3412 3867 capta
3439 3811 3561 3849 una
3591 3810 3726 3849 cum

2082 3890 2205 3946 suis
2237 3890 2378 3945 filiis
2409 3895 2546 3946 ante
2580 3890 2751 3946 illum
2809 3889 2990 3945 stetit.
3042 3890 3125 3943 Ac
3173 3888 3366 3959 primo
3424 3886 3727 3958 Theognes

2080 3979 2379 4035 Christum
2410 3979 2737 4048 confessus,
2790 3995 3115 4051 suspensus
3168 3976 3547 4043 dilaceratur,
3598 3976 3728 4048 ipsa

2080 4075 2311 4125 astante
2343 4075 2553 4136 matre,
2588 4070 2877 4139 illumque
2908 4067 2983 4124 ad
3030 4072 3332 4122 certamen
3390 4066 3725 4134 excitante;

2081 4158 2342 4214 secundo
2371 4159 2629 4230 Agapius
2650 4157 2915 4227 caeditur,
2944 4157 3118 4227 eique
3141 4154 3350 4226 capitis
3369 4155 3523 4209 cutis
3535 4171 3724 4226 usque

2080 4247 2153 4303 ad
2183 4252 2388 4319 pectus
2417 4247 2785 4311 detrahitur;
2839 4246 3010 4300 tertio
3060 4245 3255 4299 Pistus
3307 4242 3554 4299 diversis
3605 4248 3725 4297 tor-

2081 4336 2298 4392 mentis
2331 4334 2663 4406 subjicitur.
2696 4333 2956 4389 Tandem
2988 4335 3119 4387 2Il
3160 4337 3276 4387 tres
3307 4331 3488 4386 simul
3533 4347 3722 4402 usque

2081 4425 2154 4480 ad
2186 4431 2439 4481 mortem
2468 4424 2528 4479 in
2567 4423 2781 4479 Christi
2813 4422 3189 4477 confessione
3246 4425 3728 4492 perseverantes,

2001 4510 2046 4573 Ι)
2079 4516 2269 4587 capite
2299 4532 2419 4570 una
2448 4530 2581 4569 cum
2616 4519 2802 4568 matre
2833 4512 3073 4567 fuerunt
3102 4510 3459 4566 obtruncati.

2360 4878 2430 4931 Et
2459 4881 2728 4932 certamen
2756 4875 2933 4931 sancti
2961 4874 3222 4943 martyris
3254 4874 3431 4929 Lucii.

2153 5001 2364 5058 Lucius
2394 5000 2608 5056 Christi
2642 5005 2866 5073 martyr
2895 4998 3114 5072 prodiit
3145 5015 3215 5054 ex
3251 4999 3475 5071 Cyrene
3528 4997 3720 5070 Libyas

2082 5094 2336 5158 civitate,
2370 5091 2645 5163 princeps
2678 5090 2803 5161 ipse
2834 5089 3102 5161 ejusdem
3157 5088 3342 5155 urbis,
3378 5092 3435 5142 et
3463 5086 3726 5160 praefecti

2083 5198 2370 5249 assessor,
2430 5180 2695 5252 corporis
2760 5177 3190 5251 magnitudine,
3268 5176 3727 5248 divitiarumque

2083 5271 2349 5344 potentia
2362 5269 2640 5326 omnibus
2662 5285 2781 5324 sua)
2805 5266 3164 5323 conditionis
3184 5265 3726 5321 antecellens.Cum

2085 5366 2281 5417 autem
2314 5363 2470 5413 esset
2500 5357 2797 5413 idolorum
2829 5356 3044 5425 cultor,
3073 5356 3409 5411 Graecorum
3441 5354 3728 5426 supersti-

2086 5449 2303 5503 tionem
2334 5446 2763 5519 propugnabat,
2796 5462 3000 5501 eorum
3021 5444 3403 5501 vehementer
3418 5444 3726 5498 adhmrens

2085 5538 2292 5593 errori.
2324 5538 2646 5607 Postquam
2676 5552 2809 5590 vero
2842 5551 3120 5608 magnum
3143 5551 3376 5591 sacrum
3406 5538 3727 5604 martyrem

2086 5626 2457 5682 Theodorum
2482 5625 2747 5697 ejusdem
2771 5624 3021 5680 civitatis
3044 5624 3384 5695 episcopum
3417 5638 3521 5692 pro
3549 5620 3724 5675 Chri-
