4082 6200
388 307 506 368 595

1709 300 2138 366 MENOLOGII
2184 302 2388 364 PARS
2432 304 2541 369 Ill.

3651 307 3760 370 596

389 446 478 496 sto
510 441 935 505 decertantem,
969 445 1028 496 et
1059 440 1313 494 victoria:
1345 454 1626 493 coronam
1652 438 2039 508 recipientem

2155 429 2448 488 ἐπίσκοπον
2479 437 2579 498 τῆς
2620 433 2788 504 αὐτῆς
2835 433 3051 496 πόλεως
3109 435 3241 510 ὑπὲρ
3297 438 3525 512 Χριστοῦ
3584 437 3770 512 ἀγωνι-

393 532 698 603 spectavit,
733 531 928 586 cordis
959 528 1414 598 compunctione
1475 527 1690 582 Christi
1727 527 1915 599 gratia
1946 531 2034 581 ta-

388 628 540 688 ctus,
575 621 840 675 divinum
902 617 1163 687 suscepit
1203 615 1605 687 baptismum:
1658 616 2035 686 suadensque

391 710 568 764 etiam
595 708 896 779 praefecto,
927 711 994 759 ut
1023 704 1379 775 baptismate
1426 705 1782 772 initiaretur,
1834 720 2036 758 secum

391 802 582 870 ipsum
617 813 948 862 assumens,
987 795 1046 849 in
1097 797 1351 866 Cyprum
1402 795 1718 866 navigavit.
1769 795 2033 866 Cumque

393 887 785 956 comperisset
833 884 913 938 ibi
965 885 1329 939 Christianos
1373 885 1648 952 detineri,
1693 889 1750 939 et
1797 889 2040 955 prOpter

393 976 692 1030 Clu-istum
715 975 984 1038 mactari,
1012 991 1138 1029 sese
1173 991 1291 1028 una
1311 991 1444 1029 cum
1469 974 1850 1045 martyribus,
1885 973 2038 1028 clam

391 1063 663 1135 pI'IDSide,
699 1063 1058 1132 devincieus,
1095 1063 1259 1118 dedit
1291 1064 1646 1130 tortoribus;
1681 1069 2038 1135 coactusque

395 1153 569 1208 idolis
602 1154 959 1221 sacrificare,
994 1170 1114 1209 non
1147 1153 1320 1207 modo
1353 1153 1426 1208 ad
1458 1153 1516 1207 id
1547 1152 1748 1208 induci
1781 1169 1901 1208 non
1933 1170 2036 1224 po-

393 1243 526 1311 tuit,
561 1243 663 1298 sed
701 1243 963 1298 calcibus
997 1244 1173 1298 etiam
1228 1260 1390 1298 aram
1439 1243 1756 1314 impellens
1805 1243 2035 1298 evertit.

389 1334 694 1389 Concitato
730 1335 928 1405 itaque
961 1334 1032 1388 ad
1055 1334 1201 1388 iram
1227 1332 1500 1404 praeside,
1525 1339 1702 1404 caput
1733 1333 1783 1387 ei
1807 1332 2039 1386 abscin-

390 1426 570 1481 ditur.

960 1588 1199 1643 EODEM
1237 1588 1379 1642 MEN
1386 1587 1484 1642 SE.

866 1706 973 1760 Die
1003 1705 1282 1760 vicesima
1309 1702 1571 1760 secunda

2144 521 2400 592 σάμενον,
2433 523 2524 576 καὶ
2578 519 2820 579 Λαϐόντα
2865 525 2957 578 τὸν
3011 527 3112 590 τῆς
3161 523 3319 594 νίκης
3362 524 3633 600 στέφανον,
3683 548 3769 581 κα-

2143 611 2392 684 τανυγεὶς
2455 611 2560 666 ὑπὸ
2609 620 2710 682 τῆς
2770 612 2997 688 χάριτος
3052 617 3149 668 τοῦ
3203 617 3466 689 Χριστοῦ,
3520 613 3580 668 τὸ
3638 621 3768 678 θεῖον

2145 694 2357 770 ἐδέξατο
2420 698 2719 774 βάπτισμα.
2785 701 2980 764 Πείσας
3066 699 3124 756 δὲ
3197 703 3285 757 καὶ
3371 701 3461 758 τὸν
3547 704 3774 778 ἡγεμόνα

2151 789 2534 864 βαπτισθῆναι,
2588 787 2895 864 παρέλαϐεν
2959 789 3118 846 αὐτὸν
3163 791 3252 846 καὶ
3301 790 3650 847 κατέπλευσεν
3706 792 3772 852 εἷς

2150 877 2386 952 Κύπρον.
2448 879 2550 935 Καὶ
2609 879 2780 954 εὑρὼν
2841 879 2893 934 ἐν
2953 879 3089 954 αὐτῇ
3165 881 3594 956 κεκρατημένους
3647 885 3776 955 Χρι-

2148 969 2538 1039 στιανοὺς,καὶ
2593 970 2990 1048 φονευομένους
3048 968 3138 1026 διὰ
3185 972 3276 1026 τὶν
3331 972 3577 1047 Χριστὸν,
3632 967 3775 1025 ἔλαθε

2145 1059 2235 1113 τὸν
2297 1060 2560 1135 ἄρχοντα.
2620 1059 2727 1116 Καὶ
2787 1059 3056 1131 συνδήσας
3115 1061 3300 1116 ἑαυτὸν
3356 1067 3480 1123 τοῖς
3539 1061 3774 1135 μάρτυσι,

2147 1147 2429 1223 παρέδωκε
2481 1153 2600 1212 τοῖς
2663 1149 3032 1217 βασανισταῖς.
3094 1150 3197 1206 Καὶ
3260 1149 3578 1226 βιαζόμενος
3635 1153 3774 1213 θῦσαι

2147 1243 2265 1298 ταῖς
2297 1235 2572 1308 εἷ’δώλοις,
2606 1239 2708 1293 οὐκ
2738 1238 2984 1310 ἐπείσθη,
3037 1238 3183 1295 ἀλλὰ
3233 1236 3488 1301 λακτίσας
3529 1239 3616 1294 τὸν
3674 1239 3776 1314 βω-

2154 1329 2254 1400 μὸν
2289 1326 2594 1402 ἀνέτρεψεν·
2626 1328 2717 1383 καὶ
2747 1329 3082 1406 παροργίσας
3127 1330 3218 1384 τὸν
3271 1331 3533 1404 ἄρχοντα,
3581 1327 3773 1400 ἐτμήθη

2146 1417 2248 1486 τὴν
2279 1414 2546 1494 κεφαλήν.

2696 1582 2880 1638 MHNI
2920 1583 3012 1658 Τῼ
3050 1585 3254 1661 ΑΥΤῼ.

2914 1697 3024 1753 KB‘

397 1824 678 1879 Certamen
725 1826 900 1878 sancti
949 1823 1213 1906 martyris
1271 1821 1606 1890 Agathonici
1663 1827 1716 1875 et
1770 1822 2039 1876 sociorum

2151 1818 2417 1891 Ι’Δολησις
2495 1824 2592 1876 τοῦ
2672 1820 2825 1912 ἁγίου
2914 1821 3619 1912 μέρτυρρςῇᾼγαοονίκου
3693 1823 3772 1878 καὶ

1147 1897 1262 1965 ejus
1273 1941 1281 1949 .

468 2049 797 2104 Eutolmius
829 2065 1028 2104 comes
1060 2047 1132 2104 ab
1165 2049 1523 2120 imperatore
1555 2048 1908 2104 Maximiano
1947 2047 2040 2102 Ni-

397 2140 668 2196 comedia
699 2140 915 2194 missus
947 2141 1006 2194 in
1041 2141 1345 2195 Ponticam
1363 2141 1688 2213 regionem,
1713 2145 1777 2195 ut
1798 2156 1828 2195 e
1848 2139 2042 2194 medio

399 2230 764 2285 Christianos
787 2229 1042 2296 tolleret,
1069 2229 1142 2284 ad
1171 2230 1500 2301 emporium
1531 2230 1758 2301 Carpen
1790 2229 2039 2301 appulit.

397 2319 480 2373 Ibi
517 2325 786 2374 sanctum
812 2319 1074 2374 Zoticum
1106 2337 1238 2374 cum
1271 2319 1393 2374 suis
1415 2319 1722 2390 discipulis
1743 2319 2042 2373 Christum

399 2410 783 2464 confitentem
817 2409 1212 2480 comperiens,
1245 2425 1346 2462 eos
1393 2408 1722 2463 trucidavit.
1774 2409 2044 2464 Nicome-

397 2497 556 2554 diam
607 2498 818 2554 exinde
874 2515 1168 2565 reversus,
1227 2497 1560 2568 certiorque
1617 2497 1830 2567 factus,
1885 2495 2044 2567 quod

395 2589 744 2660 Princippus
775 2606 880 2660 per
911 2587 1229 2658 quemdam
1260 2587 1690 2660 Agathonicum
1713 2587 1944 2642 Graecos
1969 2586 2042 2641 ab

394 2677 689 2734 idolorum
721 2679 884 2734 cultu
929 2682 1237 2744 averteret,
1290 2677 1533 2732 mittens
1590 2675 2045 2748 comprehendit

395 2771 712 2839 utrumque
743 2767 920 2822 simul
952 2784 1084 2822 cum
1118 2767 1250 2822 aliis
1280 2767 1550 2838 pluribus
1577 2765 1961 2822 Christianis:
1987 2770 2044 2820 et

399 2873 598 2912 secum
621 2857 782 2929 ipsos
813 2857 1088 2912 trahebat
1109 2857 1182 2912 ad
1205 2856 1757 2929 imperatorem,qui
1777 2856 1837 2910 in
1859 2856 2041 2910 Thra-

401 2947 492 3002 cia
521 2947 1020 3003 commorabatur.
1052 2947 1196 3002 Cum
1229 2948 1381 3003 212
1415 2952 1612 3003 autem
1647 2947 1706 3001 in
1743 2945 2042 3017 quoddam

396 3037 731 3105 castellum,
785 3039 1097 3093 Potamum
1156 3043 1586 3110 nuncupatum,
1654 3035 2041 3109 pervenisset,

394 3128 711 3196 Zenonem,
746 3127 1200 3198 Theoprepium,
1235 3133 1412 3199 atque
1453 3125 1850 3197 Acindynum,
1901 3124 2041 3180 dum

396 3220 668 3293 progredi
701 3219 798 3274 isti
821 3235 944 3274 non
965 3217 1582 3287 valerent,interemit,
1597 3222 1655 3272 et
1670 3215 2039 3272 Chalcedone

395 3317 669 3366 sanctum
701 3309 1079 3364 Severianum
1111 3308 1406 3364 mactavit.
1442 3307 1874 3380 Agathonicum
1904 3321 2038 3360 vero

395 3416 531 3455 cum
561 3400 792 3455 cazteris
823 3399 1206 3470 concaptivis,
1239 3404 1297 3453 et
1353 3397 1669 3469 Princippo
1720 3396 2041 3452 crudeliter

393 3489 653 3562 Byzantii
685 3489 1082 3556 verberatum,
1115 3487 1506 3559 Selymbriam
1531 3503 1719 3558 usque
1743 3486 2039 3558 perduxit,

393 3577 496 3632 ubi
527 3578 914 3632 Maximianus
945 3576 1154 3649 agebat
1182 3593 1194 3644 ;
1229 3575 1428 3646 ibique
1460 3576 1547 3630 illi
1581 3592 1649 3630 ac
1682 3576 1810 3647 ejus
1865 3574 2042 3630 sociis

391 3671 569 3736 caput
597 3666 945 3738 amputavit.

392 3836 458 3888 Et
494 3837 756 3889 memoria
782 3841 986 3889 sancta
1015 3835 1303 3900 Anthusw,
1335 3842 1389 3889 et
1435 3842 1710 3890 certamen
1751 3836 2045 3892 Athanasii

890 3908 1130 3976 episcopi
1169 3913 1220 3959 et
1251 3908 1544 3960 sociorum.

465 4055 680 4110 Christi
735 4061 959 4127 martyr
1014 4057 1285 4113 Anthusa
1331 4057 1698 4130 temporibus
1750 4059 2040 4117 Valeriani

391 4145 768 4218 imperatoris
789 4145 1322 4202 exstitit.Seleuciae
1335 4146 1614 4203 divitibus
1627 4151 2044 4222 nataparenti-

393 4237 525 4304 bus,
560 4236 661 4292 sed
695 4236 988 4292 idolorum
1024 4237 1350 4294 cultoribus
1381 4255 1393 4293 :
1424 4239 1553 4310 ipsa
1597 4245 1798 4296 tamen
1826 4240 2042 4297 Christi

393 4325 688 4382 desiderio
705 4326 1378 4398 inﬂammata,parentes
1391 4327 1751 4402 domumque
1763 4330 2007 4402 reliquit
2027 4348 2040 4397 ;

397 4421 455 4472 et
484 4417 880 4472 Charisimum
913 4433 981 4472 ac
1010 4417 1380 4488 Neophytum
1404 4435 1542 4474 suos
1563 4418 1820 4476 famulos
1839 4437 2040 4476 secum

397 4523 728 4576 assumens,
759 4507 831 4563 ad
861 4523 1030 4562 suam
1061 4507 1356 4563 nutricem
1388 4507 1694 4566 discedere
1726 4511 2038 4578 simulans,

2080 3176 2122 3243 C

2672 1891 2771 1963 τῆς
2803 1891 3050 1956 συνοδίας
3081 1891 3266 1950 αὐτοῦ.

2219 2043 2592 2118 Εὐτὸλμιοςὸ
2638 2044 2838 2118 κόμης,
2897 2044 3227 2109 ἀποσταλεὶς
3289 2047 3437 2122 παρὰ
3497 2051 3592 2102 τοῦ
3640 2048 3774 2123 βασι-

2149 2134 2291 2197 λέως
2349 2137 2694 2208 Μαξιμιανοῦ
2722 2135 2781 2190 ἐκ
2811 2133 3179 2210 Νικομηδείας
3236 2133 3324 2191 ἐπὶ
3375 2138 3476 2207 τὴν
3525 2136 3774 2204 Ποντικήν

2151 2225 2362 2298 χώραν,
2395 2221 2484 2277 ἐπὶ
2513 2223 2576 2278 τὸ
2629 2223 2869 2300 ἀναιρεῖν
2929 2224 3058 2287 τοὺς
3109 2223 3491 2300 Χριστιανοὺς,
3537 2218 3781 2280 κατέλαϐε

2148 2315 2210 2368 τὸ
2241 2313 2508 2388 ἐμπόριον
2532 2313 2594 2368 τὸ
2624 2311 2918 2390 λεγόμενον
2949 2315 3194 2388 Κάρπην’
3223 2315 3318 2370 καὶ
3351 2314 3463 2370 ἐκεῖ
3510 2317 3600 2370 τὸν
3644 2315 3781 2389 ἅγιον

2149 2402 2387 2458 Ζωτικὸν
2421 2401 2514 2457 σὺν
2545 2408 2662 2465 τοῖς
2699 2405 2967 2477 μαθηταῖς
3026 2405 3192 2459 αὑτοῦ
3243 2405 3419 2482 εὑρὼν
3449 2405 3541 2461 τὸν
3569 2404 3778 2480 Χριστὸν

2150 2492 2574 2567 ὁμολογοῦντας,
2620 2491 2925 2549 ἀπέκτεινεν
2984 2493 3204 2558 αὐτούς.
3262 2495 3403 2552 Εἶτα
3463 2493 3780 2567 ὑποστρέψας

2151 2581 2229 2644 εἷς
2262 2581 2660 2656 Νικομήδειαν,
2691 2583 2780 2638 καὶ
2830 2583 3017 2656 μαθὼν
3070 2583 3154 2638 ὅτι
3187 2585 3215 2637 ὁ
3248 2583 3488 2660 Πρίγκιψ
3528 2581 3614 2639 διά
3647 2601 3779 2642 τινος

2152 2671 2512 2746 Ἀγαθονίκου
2569 2671 2830 2746 ἀφίστατο
2886 2672 3015 2736 τοὺς
3071 2671 3355 2743 Ἓλληνας
3439 2673 3498 2728 ἐκ
3551 2679 3647 2742 τῆς
3688 2674 3781 2724 τῶν

2150 2757 2398 2816 εἰδώλων
2460 2761 2769 2836 θρησκείας,
2829 2759 3176 2834 ἀποστείλας,
3247 2761 3589 2841 ἀμφοτέρους
3641 2758 3782 2835 ἐκράυ

2147 2872 2280 2922 τησε
2314 2851 2448 2925 μετᾶ
2476 2852 2566 2906 καὶ
2623 2849 2810 2909 ἄλλων
2861 2853 2964 2908 οὐκ
3016 2849 3220 2927 ὀλίγων
3283 2855 3642 2927 Χριστιανῶν.
3689 2849 3779 2907 Καὶ

2151 2938 2302 2995 εἷλκε
2363 2942 2482 3013 μεθ’
2537 2941 2728 2996 ἐαυτοῦ
2801 2941 2938 3016 πρὸς
3019 2942 3109 2995 τὸν
3201 2941 3433 3017 βασιλέα
3485 2940 3537 2998 ἐν
3592 2939 3777 3015 Θρᾴκῃ.

2149 3027 2358 3086 Ἐλθών
2393 3027 2451 3084 δὲ
2498 3029 2549 3085 ἐν
2603 3029 2801 3107 χωρίῳ
2860 3031 3141 3106 λεγομένῳ
3199 3037 3468 3106 Ηοταμῷ,
3522 3029 3778 3108 ἐφόνευσεν

2151 3121 2398 3190 Ζήνωνα,
2453 3121 2810 3195 Θεοπρέπιον,
2867 3120 2958 3175 καὶ
3014 3116 3362 3193 ⁷Δκίνδυνον,
3423 3123 3500 3195 μὴ
3569 3117 3781 3193 δυναμέ-

2151 3229 2276 3269 νους
2363 3215 2751 3282 περιπατῆσαι·
2833 3207 2911 3271 εἷς
2989 3206 3046 3265 δέ
3103 3209 3443 3282 Χαλκηδόνα
3498 3211 3586 3266 τὸν
3641 3207 3776 3282 ἅγιον

2149 3299 2504 3375 Σευηριανόν·
2538 3298 2615 3362 εἷς
2667 3296 2725 3354 δέ
2769 3301 2832 3354 τὸ
2879 3299 3168 3368 Βυζάντιον
3215 3301 3311 3357 τὸν
3369 3304 3519 3380 ἅγιον
3577 3299 3782 3378 ’Δγαϐό-

2149 3408 2320 3457 νικον,
2357 3388 2493 3461 μετὰ
2519 3391 2630 3443 τῶν
2682 3386 2894 3444 λοιπῶν
2954 3386 3289 3464 συνδεσμίων
3343 3391 3435 3447 καὶ
3481 3395 3575 3447 τοῦ
3619 3390 3780 3464 Πρίγ-

2148 3497 2376 3544 κιππος,
2405 3477 2578 3550 τύψας
2611 3474 2886 3554 σφοδρῶς,
2920 3479 3198 3555 ἀπήγαγεν
3251 3475 3364 3544 ἕως
3417 3475 3778 3554 Σηλυμϐρίας*

2150 3563 2271 3631 ἔνθα
2327 3567 2356 3620 ὁ
2409 3567 2752 3640 Μαζιμιανὸς
2807 3565 2988 3644 διῆγε·
3056 3568 3148 3624 καὶ
3228 3567 3349 3626 ἐκεῖ
3413 3568 3778 3647 ἀπεκεφάλισεν

2153 3655 2309 3711 αὐτὸν
2341 3654 2476 3730 μετᾶ
2504 3662 2607 3726 τῆς
2645 3653 2896 3720 συνοδίας
2926 3657 3114 3714 αὑτοῦ.

2153 3816 2255 3872 Καὶ
2315 3818 2509 3894 μνήμη
2565 3823 2669 3894 τῇς
2710 3818 2905 3894 μάγίας
2983 3817 3351 3894 Ἀνθοιῖισης,Δ
3398 3821 3490 3894 καὶ
3570 3819 3780 3890 ἄθλησις

2357 3839 2509 3942 νηειη
2565 3839 2669 3887 της
2747 3839 2905 3894 αγιας
2985 3839 3309 3894 τΑνυουσης,
3398 3839 3490 3878 καί
3570 3839 3598 3879 α

2357 3889 2423 3946 Ἀ
2460 3889 2675 3944 ανασίου
2707 3889 3008 3970 ἐπισκοπου
3046 3891 3134 3947 καὶ
3164 3896 3270 3947 τῶν
3305 3891 3402 3950 σὺν
3433 3893 3598 3968 αὐτῷ.

2220 4057 2284 4113 ἹΙ
2341 4061 2438 4112 τοῦ
2495 4058 2730 4134 Χριστοῦ
2792 4056 2998 4135 μάρτυς
3057 4061 3335 4125 ’Δνθουσα
3411 4061 3652 4138 ὑπῆρχεν
3705 4055 3780 4111 ἐπὶ

2149 4153 2249 4217 τῆς
2281 4143 2562 4224 βασιλείας
2611 4146 3005 4224 Οὐαλεριανυῦ,
3062 4147 3122 4205 ἐκ
3174 4157 3276 4220 τῆς
3329 4149 3548 4214 πόλεως
3602 4146 3781 4205 Σελευ-

2150 4235 2318 4306 κείας,
2350 4235 2588 4313 θυγάτηρ
2619 4235 2896 4293 πλουσίων
2948 4239 3044 4312 μὲν
3094 4238 3326 4314 γονέων,
3379 4239 3780 4313 εἰδωλολατρᾶΝ

2151 4323 2228 4384 δέ.
2262 4323 2417 4382 Ἀλλ’
2447 4323 2582 4395 αὖτή
2614 4328 2898 4397 ποθήσασα
2924 4326 3017 4383 τὸν
3070 4328 3327 4402 Χριστὸν,
3373 4329 3655 4387 κατέλιπεν
3703 4323 3782 4380 καὶ

2147 4419 2348 4493 γονεῖς,
2379 4414 2469 4469 καὶ
2515 4414 2711 4478 οἰκίαν
2763 4417 2853 4471 καὶ
2899 4413 3294 4493 παραλαϐοῦσα
3344 4421 3649 4498 Χαρίσιμον
3701 4413 3780 4469 καῖ

2150 4502 2422 4583 Νεόφυτον
2456 4503 2586 4568 τοὺς
2641 4503 2852 4568 οἰκέτας
2909 4506 3101 4578 αὐτῆς,
3159 4509 3249 4564 καὶ
3309 4503 3779 4587 προσποιησαμένη

395 4596 456 4650 in
488 4597 698 4651 urbem
727 4597 972 4651 Tarsum
993 4595 1106 4650 iter
1125 4595 1404 4664 instituit,
1429 4603 1494 4652 ut
1511 4597 1873 4671 baptismum
1891 4600 2038 4656 reci-

2151 4570 2282 4670 πρὸς
2308 4593 2407 4662 τὴν
2439 4593 2644 4672 τροφὸν
2679 4591 2955 4666 ἀπελθεῖν,
3005 4570 3189 4671 etiam
3239 4570 3380 4675 πρὸς
3438 4570 3778 4675 Ταρσὸνπήν

396 4687 662 4755 peret.At
674 4685 906 4739 Domini
931 4685 1177 4757 angelus
1198 4687 1493 4758 arripiens
1509 4689 1670 4744 Tarsi
1695 4689 2037 4762 episcopum

396 4773 809 4843 Athanasium,
841 4772 1007 4829 duxit
1039 4775 1098 4829 in
1147 4775 1310 4832 illius
1359 4793 1670 4834 occursum
1718 4779 1782 4834 in
1812 4779 1903 4835 via
1933 4798 1947 4849 ;
1982 4786 2041 4836 et

398 4876 531 4916 cum
562 4861 686 4916 illic
717 4877 886 4932 aquae
916 4863 1087 4934 copia
1116 4881 1237 4920 non
1269 4872 1445 4934 esset,
1497 4884 1673 4924 orans
1725 4870 2038 4943 episcopus

396 4967 612 5022 aquam
643 4956 864 5008 eterra
905 4953 1125 5021 eduxit,
1176 4961 1353 5028 atque
1397 4958 1610 5029 ipsam,
1659 4960 1906 5033 ejusque
1952 4960 2040 5016 fa-

396 5040 592 5097 mulos
620 5040 955 5113 baptizavit.
989 5043 1075 5097 Ad
1109 5050 1357 5100 matrem
1387 5053 1592 5117 postea
1620 5066 1874 5122 reversa,
1925 5051 2038 5106 mi-

395 5133 677 5204 nimeque
705 5140 996 5206 suscepta,
1020 5138 1409 5193 monasticam
1433 5141 1610 5196 vitam
1633 5143 1907 5213 amplexa
1919 5149 2036 5200 est:

398 5227 454 5276 et
483 5223 666 5294 probe
699 5238 804 5278 suo
830 5222 978 5280 inito
1001 5227 1348 5296 certamine,
1381 5230 1690 5300 requievit.
1717 5232 2041 5302 Episcopus

396 5329 532 5368 vero
581 5313 940 5369 Athanasius
971 5330 1006 5370 a
1035 5315 1347 5370 Valeriano
1397 5315 1673 5372 detentus
1731 5335 1849 5374 una
1905 5337 2039 5376 cum

397 5405 725 5460 Charisimo
759 5409 817 5460 et
845 5405 1170 5476 NeOphyto,
1204 5422 1270 5460 ac
1300 5405 1626 5476 plurimum
1675 5413 1852 5464 antea
1903 5426 2038 5466 cru-

399 5496 610 5562 ciatus,
641 5495 834 5567 capite
861 5495 1075 5552 deinde
1098 5495 1209 5550 fuit
1237 5495 1652 5554 obtruncatus:
1681 5503 1740 5552 et
1771 5499 1853 5554 sic
1884 5517 2042 5556 mar-

403 5589 550 5658 tyrio
584 5585 944 5657 consumpti,
977 5601 1221 5657 regnum
1254 5586 1529 5642 caelorum
1560 5595 1930 5660 receperunt.

2146 4683 2311 4738 πόλιν
2371 4679 2522 4756 ὁδοῦ,
2587 4681 2902 4758 βουλομένη
2967 4685 3358 4758 βαπτισθῆναι,
3414 4684 3675 4765 Ἀγγελος
3729 4679 3781 4735 δέ

2147 4771 2350 4849 Κυρίου
2410 4772 2654 4849 ἀρπάσας
2708 4773 2800 4828 τὸν
2856 4772 3152 4830 ἐπίσκοπον
3207 4779 3424 4850 Ταρσοῦ
3479 4775 3778 4841 Ἀθανάσιον

2146 4860 2342 4938 ἤγαγεν
2393 4861 2470 4924 εἷς
2524 4860 2840 4933 συνάντησιν
2901 4862 3071 4934 αὐτῆς
3128 4866 3266 4920 κατά
3329 4867 3430 4936 τήν
3487 4863 3632 4922 ὁδόν.
3689 4858 3779 4918 Καὶ

2147 4949 2262 5005 ἐπεὶ
2321 4949 2420 5004 οὐκ
2485 4953 2552 5020 ἦν
2637 4948 2806 5025 ὕδωρ,
2893 4953 3334 5028 προσευξάμενος
3393 4957 3423 5010 ὁ
3481 4954 3779 5016 ἐπίσκοπος,

2149 5040 2404 5117 ἐξήγαγεν
2460 5038 2606 5116 ὕδωρ
2659 5039 2721 5095 ἐκ
2773 5044 2874 5106 τῆς
2929 5049 3054 5117 γῆς,
3113 5044 3205 5098 καὶ
3289 5041 3577 5101 ἐϐάπτισεν
3631 5040 3779 5108 αὐτὴν

2146 5132 2318 5184 τεκαὶ
2349 5151 2475 5192 τους
2529 5128 2744 5194 οἷ’κέτας
2806 5129 2994 5200 αὐτῆς.
3054 5134 3188 5190 Εἶτα
3231 5133 3608 5210 ὑποστρέψασα
3659 5127 3782 5204 πρὸς

2147 5221 2246 5288 τήν
2283 5218 2494 5294 μητέρα
2521 5220 2612 5274 καὶ
2647 5221 2723 5293 μή
2783 5217 3060 5296 δεχθεῖσα,
3121 5222 3333 5300 ἐγένετο
3398 5223 3638 5298 μοναχή.
3686 5215 3781 5274 Καὶ

2149 5308 2334 5371 καλῶς
2391 5307 2796 5382 ἀγωνισαμένη,
2854 5308 3214 5370 ἀνεπαύσατο.
3273 5313 3335 5370 Ὁ
3392 5308 3450 5366 δὲ
3507 5309 3783 5366 ἐπίσκοπος

2146 5396 2493 5468 Ἀθανάσιος,
2550 5398 2851 5471 πρατηθεὶς
2915 5398 3020 5455 ὑπὸ
3078 5399 3451 5474 Οὖαλεριανοῦ
3501 5397 3633 5474 μετὰ
3679 5396 3783 5452 Χα-

2151 5487 2397 5562 ρισίμου,
2429 5486 2517 5541 καὶ
2549 5486 2850 5565 Νεοφῦτου,
2882 5490 2972 5542 καί
3029 5487 3258 5546 πλεῖστα
3303 5489 3564 5567 πρότερον
3626 5487 3780 5562 βασα-

2148 5576 2619 5652 νισθεὶς,’ὕστερον
2651 5575 3077 5655 ἀπεκεφαλίσθη.
3113 5580 3215 5636 Καὶ
3247 5579 3390 5634 οὕτω
3416 5575 3776 5634 τελειωθέντες

2148 5661 2423 5722 ἀπέλαϐον
2457 5664 2740 5743 βασιλείαν
2777 5665 3045 5745 οὐρανῶν.
