4082 6200
345 255 463 317 597

914 391 1102 446 MHNI
1138 395 1224 444 ΤΩ
1262 394 1439 448 ΑΥΤΩ

1135 487 1237 541 Kl“

345 573 617 645 ’Λθλησις
703 578 813 629 τῶν
896 574 1088 666 dixit»;
1141 576 1442 666 ,μαρτύρων
1512 578 1700 653 ἰερέων
1758 582 1859 655 ’Ὠρ
1915 580 2008 635 καὶ

1030 648 1301 722 Ὀρέψεως
1316 692 1329 706 .

416 735 711 811 Εἰρηναῖος
773 738 801 792 6
863 738 1127 813 μακάριος
1215 737 1539 814 λειτουργὸς
1620 742 1837 817 ὑπῆρχε
1908 745 2005 796 τοῦ

347 827 583 900 Χριστοῦ
619 828 754 899 μετὰ
808 831 905 881 τοῦ
966 825 1128 902 ἁγίου
1187 833 1309 902 Ὥρ,
1359 828 1451 883 καὶ
1493 834 1590 884 τοῦ
1644 830 1797 907 ἁγίου
1844 832 2003 906 Ὀρέ-

347 918 511 989 ψεως,
562 913 762 978 οἵτινες
820 915 1181 991 κηρύττοντες
1235 917 1325 971 τὸν
1390 919 1644 993 Χριστον,
1700 917 2006 993 ἐκρατήθη-

348 1026 435 1058 σαν
500 1007 604 1059 ὑπὸ
662 1010 769 1060 τῶν
830 1003 1290 1082 είδωλολατρων.
1350 1008 1448 1065 Καὶ
1506 1010 1875 1084 παραστάντες
1925 1014 2005 1082 τῷ

342 1094 567 1169 ἇίρχοντι
604 1140 617 1164 ,
678 1090 1103 1166 έδασανίσθησαν
1193 1095 1493 1174 διαφόρως·
1582 1099 1691 1153 εἶτα
1749 1098 1802 1153 έν
1857 1099 1997 1174 πυρὶ

344 1183 752 1261 ἀπερρῥίφησαν
789 1230 801 1241 .
866 1186 969 1241 Καὶ
1054 1189 1305 1261 παραυτά
1366 1188 1523 1242 ύετοῦ
1574 1183 2001 1264 καταρραγέντος

337 1271 562 1345 ἄνωθεν,
620 1273 712 1329 καὶ
770 1279 869 1329 τοῦ
925 1275 1099 1350 πυρὸς
1160 1270 1498 1349 σϐεσθέντος,
1553 1275 1779 1350 ἐξῆλθον
1830 1272 2001 1333 ἀϐλα-

337 1360 499 1425 ϐεῖς.
562 1362 661 1419 Καὶ
715 1365 849 1437 μετὰ
930 1369 1098 1420 ταῦτα
1160 1366 1376 1441 θηρίοις
1457 1364 1837 1442 παρεδόθησαν
1925 1367 2003 1431 εἷς

345 1452 571 1528 βρῶσιν.
630 1452 809 1510 ’Λλλὰ
859 1453 947 1508 καὶ
1004 1454 1063 1509 ἐκ
1116 1453 1323 1509 τούτων
1382 1452 1713 1530 έρῥύσθησαν
1769 1454 2001 1530 προνοίᾳ

342 1546 497 1599 Θεοῦ.
559 1545 662 1599 Καὶ
718 1541 805 1597 ἐπὶ
862 1541 1027 1613 ξύλου
1077 1545 1469 1619 κρεμασθέντες
1525 1541 1809 1613 ἐξέσθησαν
1866 1565 1995 1621 σφο-

341 1630 506 1704 δρῶς·
538 1634 629 1687 καὶ
662 1632 829 1689 πάλιν
863 1638 1102 1709 Χριστοῦ
1168 1632 1431 1689 ἐπινεύσει
1494 1630 1762 1707 διέμειναν
1819 1628 1995 1688 ἀϐλα-

340 1715 480 1782 ϐεῖς.
525 1723 663 1776 Τότε
724 1719 929 1783 ἰδόντες
985 1722 1039 1777 οἱ
1096 1720 1499 1798 εἰδωλολάτραι
1558 1722 1622 1777 τὸ
1670 1721 1997 1795 ἀμετάθετον

336 1815 438 1878 τῆς
469 1810 699 1883 γνώμης
731 1809 933 1882 αύτῷν,
964 1810 1054 1864 καὶ
1086 1809 1169 1864 ἐπὶ
1220 1807 1415 1865 πλεῖον
1477 1812 1730 1884 μανέντες
1784 1811 1991 1884 ὁμοθυ-

341 1895 513 1970 μαδὸν
540 1896 869 1967 ἐπεισῆλθον
930 1898 1191 1961 αὐτοῖς-ὁ
1226 1900 1321 1972 μὶν
1378 1898 1568 1973 ξύλοις
1623 1899 1838 1955 τύπτων
1899 1900 1991 1955 αύ-

333 1987 487 2048 τοῦςο
520 1985 631 2041 ὁδέ
671 1987 849 2051 λίθοις
906 1983 1207 2061 συντρίϐων
1268 1988 1398 2051 τοὺς
1454 1987 1679 2047 ὀδόντας
1733 1989 1931 2061 αὐτῶν,
1965 1990 1993 2043 6

336 2074 395 2131 δὲ
424 2078 484 2132 εκ
520 2082 729 2152 τριχῶν
788 2076 988 2147 ἕλκων,
1022 2077 1141 2134 ὁδὶ
1197 2084 1314 2142 τοῖς
1374 2081 1501 2135 ποσὶ
1564 2079 1836 2149 λακτίζων
1901 2079 1994 2134 καὶ

337 2171 676 2239 συμπατῶν.
726 2168 834 2223 Καὶ
898 2166 1059 2231 τέλος
1118 2169 1391 2244 σχοινίοις
1454 2167 1715 2241 δήσαντες
1771 2168 1991 2238 αὐτοὺς,

334 2256 425 2310 καὶ
458 2256 713 2332 σύραντες
741 2252 843 2327 ἔξω
866 2264 966 2327 τῆς
999 2256 1260 2324 πόλειως,
1294 2257 1431 2337 ξίφει
1459 2258 1553 2321 τὰς
1606 2259 1757 2332 ἱερὰς
1814 2257 1990 2313 αὐτῶν

336 2344 605 2419 ἀπέτεμον
656 2344 921 2423 κεφαλάς.

333 2481 433 2537 Καὶ
466 2476 698 2552 ἄθλησις
730 2486 827 2538 τοῦ
856 2481 1016 2557 ἁγίου
1069 2486 1342 2556 μάρτυρος
1401 2483 1712 2557 Σιλουανοῦ
1770 2484 1991 2542 ἐπισκό-

796 2556 1022 2609 πουνκαὶ
1063 2560 1172 2610 τῶν
1216 2557 1309 2611 σὺν
1362 2556 1531 2629 αὐτῷ.

401 2660 468 2717 Οἱ
521 2660 669 2735 ἅγιοι
726 2665 824 2716 τοῦ
884 2663 1121 2736 Χριστοῦ
1182 2666 1451 2740 μάρτυρες
1511 2663 1830 2735 Σιλουανὸς,
1879 2671 1989 2719 Σα-

328 2743 507 2820 ϐῖνος,
563 2749 654 2803 καὶ
710 2752 1018 2825 Πανθήριος
1079 2754 1335 2828 ὑπῆρχον
1400 2754 1496 2827 μὶν
1555 2753 1613 2809 ἐκ
1641 2760 1743 2824 τῆς
1803 2753 1991 2831 χώρας

328 2845 571 2913 Θρᾳκης,
651 2838 741 2894 ἐπὶ
822 2846 923 2909 τῆς
1009 2841 1290 2908 βασιλείας
1361 2839 1779 2914 Διοκλητιανοῦ.
1857 2846 1989 2920 Χρι-

327 2927 541 2983 στιανοὶ
626 2926 683 2983 δὲ
742 2926 932 2999 ὅντες,
982 2929 1261 2987 ἐδίδασκον
1321 2930 1410 2987 ἐπὶ
1462 2937 1540 3004 τῷ
1598 2932 1828 3007 ὀνόματι
1893 2932 1990 2989 τοῦ

328 3019 596 3090 Χριστοῦ.
628 3018 784 3080 Ὀθεν
829 3020 1188 3094 κρατηθέντες
1222 3020 1326 3074 ὑπὸ
1382 3025 1491 3075 τῶν
1550 3019 1988 3094 είδωλολατρῶν,

1851 265 2296 331 AUGUSTUS.
3510 266 3528 301 '

2032 399 2088 465 A

3648 279 3769 340 598

2671 405 2912 460 EODEM
2951 405 3203 461 MENSE.

2627 494 2730 549 Die
2756 495 3037 550 vicesima
3066 497 3243 551 tertia

2116 582 2269 637 218
2302 583 2583 638 Certamen
2613 591 2928 712 sanctqrzém
2956 591 3266 654 martyrum
3321 586 3658 641 sacerdotum
3692 589 3769 643 0r

2753 673 2782 710 e
2914 672 3119 712 enseos.

2753 672 2807 710 et
2838 672 3119 726 urepseos.

2183 754 2322 809 Erat
2348 754 2559 810 beatus
2589 756 2852 809 Irenaeus
2882 754 3098 809 Christi
3132 754 3406 811 minister
3461 772 3582 812 una
3626 775 3760 813 cum

2113 843 2332 897 sanctis
2363 844 2441 898 Or
2470 848 2528 897 et
2559 844 2800 914 Orepse,
2834 843 2935 912 qui
2959 842 3100 897 dum
3129 844 3432 899 Christum
3464 846 3762 916 praadica-

2109 935 2264 997 rent,
2299 931 2370 985 ab
2403 931 2733 986 idololatris
2764 931 2928 985 fuere
2954 933 3407 1002 comprehensi;
3455 938 3632 1004 atque
3663 951 3763 989 co-

2110 1036 2234 1074 ram
2268 1023 2545 1091 przefecto
2576 1027 2862 1090 astantes,
2906 1021 3150 1077 diversis
3205 1030 3350 1079 sunt
3397 1024 3585 1078 vexati
3640 1029 3763 1077 tor-

2108 1110 2351 1165 mentis.
2386 1112 2451 1164 In
2485 1111 2681 1183 ignem
2705 1116 2910 1182 postea
2932 1110 3159 1182 injecti,
3185 1128 3215 1165 e
3242 1113 3492 1184 vestigio
3519 1112 3710 1166 imbre
3732 1130 3763 1167 e

2108 1200 2255 1255 c0310
2283 1199 2554 1267 cadente,
2588 1218 2656 1256 ac
2711 1202 2997 1255 restincto
3057 1201 3215 1272 igne,
3266 1202 3596 1257 incolumes
3646 1203 3760 1273 ipsi

2106 1295 2438 1345 evaserunt.
2470 1290 2631 1344 Feris
2664 1289 2877 1344 exinde
2898 1288 3143 1344 vorandi
3176 1288 3417 1360 objecti,
3442 1291 3546 1346 sed
3568 1308 3640 1346 ex
3665 1291 3760 1346 his

2106 1382 2283 1438 etiam
2303 1382 2402 1437 Dei
2420 1382 2792 1455 providentia
2806 1382 3023 1455 erepti:
3051 1382 3112 1437 in
3136 1382 3296 1453 ligno
3310 1399 3442 1437 mox
3464 1383 3761 1454 suspensi,

2103 1471 2320 1527 acriter
2348 1471 2733 1540 dilaniantur,
2765 1472 3101 1543 iterumque
3157 1471 3370 1526 Christi
3392 1477 3541 1527 nutu
3587 1472 3761 1527 illaesi

2102 1569 2583 1633 permanserunt.
2628 1564 2791 1619 Tunc
2846 1563 3143 1618 idolorum
3196 1563 3476 1631 cultores,
3526 1564 3763 1635 cognita

2102 1651 2343 1707 illorum
2375 1653 2556 1708 animi
2591 1653 2948 1719 constantia,
2982 1657 3160 1723 atque
3194 1670 3260 1707 eo
3293 1653 3481 1724 magis
3512 1652 3573 1707 in
3599 1653 3761 1708 furo-

2026 1772 2078 1836 B
2108 1758 2234 1797 rem
2261 1741 2477 1809 adacti,
2502 1743 2772 1797 unanimi
2799 1742 3242 1813 conspiratione
3266 1742 3502 1795 irruunt
3522 1742 3584 1798 in
3618 1758 3718 1797 eos
3744 1758 3758 1797 :

2108 1837 2166 1885 et
2194 1831 2347 1885 alius
2380 1831 2635 1886 fustibus
2668 1832 2829 1902 ipsos
2860 1831 3134 1902 percutit,
3168 1830 3325 1885 saxis
3356 1830 3509 1884 alius
3550 1846 3754 1885 eorum

2104 1920 2360 1974 conterit
2387 1919 2616 1986 dentes,
2637 1920 2790 1974 alius
2808 1919 3055 1990 capillos
3087 1918 3303 1986 evellit,
3324 1918 3587 1973 calcibus
3603 1918 3755 1972 alius

2104 2008 2362 2079 impellit
2392 2014 2567 2079 atque
2599 2009 2911 2063 conculcat
2938 2025 2951 2063 :
2987 2024 3054 2062 ac
3078 2007 3315 2062 tandem
3336 2006 3756 2078 funibusipsos

2105 2096 2531 2164 obvincientes,
2568 2103 2626 2152 et
2656 2103 2821 2153 extra
2850 2097 3148 2152 civitatem
3180 2101 3506 2167 raptantes,
3557 2095 3752 2169 gladio

2105 2203 2305 2242 sacras
2335 2187 2577 2242 illorum
2610 2187 2868 2242 cervices
2898 2191 3301 2258 amputarunt.

2173 2496 2246 2550 Et
2265 2500 2536 2551 certamen
2564 2494 2747 2551 sancti
2769 2494 3034 2564 martyris
3063 2493 3281 2550 Silvani
3309 2500 3362 2548 et
3385 2492 3676 2549 sociorum.

2174 2664 2370 2720 Sancti
2416 2664 2630 2720 Christi
2692 2669 2984 2736 martyres
3038 2662 3334 2727 Silvanus,
3390 2662 3646 2717 Sabinus
3696 2666 3754 2716 et

2104 2754 2457 2810 Pantherius
2488 2772 2558 2809 ex
2597 2755 2858 2811 Thraciae
2888 2753 3149 2828 regione,
3183 2752 3551 2809 Diocletiano
3574 2750 3756 2823 impe-

2102 2849 2318 2909 ratore,
2350 2844 2609 2898 fuerunt.
2644 2845 2788 2899 Cum
2820 2849 3015 2899 autem
3049 2842 3366 2898 Christiani
3416 2846 3637 2906 essent,
3690 2841 3753 2895 in

2101 2931 2343 2985 nomine
2366 2932 2580 2986 Christi
2604 2930 2916 2985 docebant.
2947 2930 3314 3001 Quapropter
3334 2927 3405 2983 ab
3420 2927 3751 2982 idololatris

2101 3021 2539 3093 comprehensi,
2575 3021 2737 3076 illius
2758 3020 3074 3093 provincia)
3094 3019 3369 3090 praefecto
3399 3018 3750 3085 traduntur;

326 3101 714 3179 παρεδόθησαν
774 3111 854 3179 τῷ
911 3114 1010 3177 τῆς
1070 3107 1258 3183 χώρας
1316 3111 1563 3184 ἄρχοντι.
1624 3109 1720 3163 Καί
1781 3109 1991 3186 ἐρωτη-

2104 3115 2162 3165 et
2190 3109 2560 3183 interrogati,
2592 3110 3010 3180 Christumque
3043 3108 3319 3176 confessi,
3379 3107 3571 3179 primo
3621 3107 3755 3178 qui—

327 3196 509 3256 θέντες
540 3194 755 3250 καὶτὸν
786 3197 1016 3270 Χριστὸν
1080 3196 1552 3274 ὁμολογήσαντες,
1612 3204 1830 3273 πρῶτον
1896 3200 1991 3273 μὶν

326 3283 639 3361 ἐτύφθησαν
698 3283 972 3363 σφοδρῶς.
1034 3288 1264 3344 Ἔπειτά
1294 3288 1511 3363 φυλακῇ
1569 3288 1995 3366 παραδοθέντες,

329 3371 817 3445 ἐταλαιπωροῦντο
846 3377 900 3431 ἐν
934 3376 1070 3449 αὐτῇ
1100 3375 1255 3450 λιμῷ
1278 3378 1367 3432 καὶ
1400 3376 1547 3452 δίψει
1576 3377 1994 3453 παραδοθέντες,

326 3462 812 3537 ἐταλαιπωροῦντο
844 3462 897 3518 ἂν
928 3464 1068 3539 αὐτῇ
1120 3464 1271 3538 λίμῷ
1302 3466 1390 3521 καὶ
1454 3464 1597 3541 δίψει
1653 3468 1991 3541 πιεζόμενοι.

337 3553 441 3607 Καὶ
477 3553 617 3625 μετὰ
644 3551 861 3616 πολλάς
888 3554 1103 3630 ἡμέρας
1148 3560 1249 3625 τῆς
1307 3555 1556 3631 φυλακῆς
1610 3552 1989 3628 ἐκϐληθέντες,

333 3638 504 3694 πάλιν
562 3640 935 3717 ἠναγκάζοντο
1010 3642 1339 3717 ἀρνήσασθαι
1427 3645 1522 3717 μὶν
1587 3646 1679 3700 τὸν
1734 3647 1989 3720 Χριστὸν,

336 3729 495 3783 θῦσαι
553 3726 610 3783 δὲ
655 3735 775 3792 τοῖς
806 3729 1088 3794 εἰδώλοιςο
1158 3734 1233 3805 μὴ
1293 3735 1595 3796 πεισθέντες
1655 3732 1732 3805 δὲ,
1785 3756 1993 3809 κρεμα-

334 3817 590 3887 σθέντες,
648 3818 935 3890 έξὲσθησαν
986 3825 1245 3878 τοσοῦτον
1283 3867 1296 3892 ,
1346 3816 1448 3884 ἕως
1496 3844 1555 3878 τε
1613 3832 1843 3902 φανῆναι
1924 3826 1990 3881 τὰ

332 3905 634 3982 σπλάγχνα
660 3908 860 3966 αὐτῶν.
896 3908 992 3965 Καὶ
1055 3913 1189 3983 μετὰ
1242 3912 1344 3979 τὴς
1401 3909 1605 3989 ἄφατον
1664 3911 1873 3985 ἐκείνην
1905 3935 1985 3969 τι-

2107 3204 2241 3260 dem
2257 3205 2566 3260 caeduntur
2590 3204 2972 3258 vehementer
2995 3218 3010 3256 :
3041 3202 3262 3257 carceri
3289 3204 3497 3271 postea
3509 3198 3751 3266 addicti,

2107 3292 2329 3348 ibidem
2359 3294 2513 3348 fame
2546 3292 2762 3363 sitique
2792 3291 3195 3347 afﬂictantur:
3244 3305 3311 3344 ac
3358 3287 3563 3343 multis
3618 3293 3754 3359 post

2106 3381 2315 3438 diebus
2345 3382 2416 3437 de
2448 3381 2719 3437 custodia
2750 3380 2968 3445 educti,
3002 3379 3197 3435 denuo
3231 3378 3529 3433 Christum
3575 3394 3750 3450 coge-

2103 3471 2321 3526 bantur
2351 3472 2664 3544 denegare,
2700 3477 2759 3526 et
2790 3470 2968 3526 idolis
3016 3468 3374 3525 sacriﬁcium
3411 3469 3645 3523 offerre.
3683 3470 3754 3522 At

2103 3579 2223 3617 non
2255 3562 2435 3630 suasi,
2469 3562 2766 3635 suspensi,
2802 3561 2947 3617 adeo
2972 3564 3111 3615 sunt
3132 3559 3428 3626 dilaniati,
3452 3564 3519 3614 ut
3542 3574 3751 3613 eorum

2099 3651 2324 3706 viscera
2348 3656 2721 3723 apparerent.
2751 3652 2889 3705 Post
2918 3649 3088 3704 illum
3118 3664 3253 3704 vero
3296 3647 3748 3704 acerbissimum

2101 3741 2451 3809 cruciatum,
2484 3741 2662 3814 gladii
2696 3745 2937 3813 accepta
2960 3738 3278 3805 sententia,
3311 3738 3491 3793 vincti
3530 3737 3605 3793 ad
3637 3754 3752 3792 caa-

2100 3829 2233 3885 dem
2266 3831 2599 3887 ducuntur:
2633 3831 2787 3887 214
2812 3836 2991 3902 atque
3022 3829 3123 3885 ubi
3170 3828 3243 3885 ad
3297 3828 3494 3884 locum
3546 3843 3750 3899 perve-

2094 3927 2314 3976 nerunt
2338 3921 2628 3992 martyrii,
2654 3925 2916 3989 orantes,
2947 3920 3138 3991 capite
3168 3917 3334 3974 fuere
3392 3917 3754 3974 obtruncati!

332 3997 597 4086 μωρίαν,
652 3998 753 4065 τὴν
812 3994 904 4053 διὰ
956 4002 1051 4052 τοῦ
1099 4000 1287 4074 ξίφους
1345 3995 1604 4064 λαϐόντες
1655 4001 1924 4081 ἀπόφασιν
1960 4046 1975 4073 ,
2040 4003 2247 4082 ἤγοντο
2305 4006 2519 4082 δέσμιοι
2576 4008 2662 4063 ἐπὶ
2720 4007 2784 4063 τὸ
2868 4009 3206 4086 φονευθῆναι.
3270 4006 3367 4060 Καὶ
3453 4004 3752 4081 φθάσαντες

328 4084 765 4162 κεφαλίσθησαν.

331 4240 435 4295 Καὶ
472 4241 675 4314 μνήμη
728 4245 841 4319 τοῦ·
879 4240 929 4295 ἐν
971 4241 1164 4319 ἁγίοις
1206 4244 1427 4319 ῐῐοιτρὸςΔ
1472 4247 1634 4319 ἡμῶν
1690 4247 1989 4304 Εὖσταθίου

824 4312 1122 4370 ἐπισκοπόυ
1154 4312 1512 4391 Ἀντιοχείας,

398 4460 710 4526 Εὐστάθιος
742 4464 770 4517 6
817 4468 915 4518 τοῦ
966 4466 1204 4539 Χριστοῦ
1270 4467 1539 4543 ἱεράρχης
1596 4469 1867 4547 ὑπῆρχεν,
1900 4469 1985 4526 ἐπὶ

327 4558 426 4620 τῆς
487 4550 772 4626 βασιλείας
822 4554 1221 4609 Κωνσταντίνου
1280 4559 1377 4610 τοῦ
1436 4557 1738 4632 Μεγάλου,
1798 4559 1988 4635 ἀρχιε-

328 4640 606 4704 πίσκοπος
636 4642 994 4718 Ἀντιοχείας.
1046 4646 1235 4706 ’Ὀστις
1290 4646 1377 4699 γαὶ
1438 4646 1490 4701 έν
1547 4652 1616 4721 τῇ
1675 4647 1865 4723 πρώτῃ
1899 4670 1989 4704 συ-

327 4730 475 4804 νόδῳ
505 4736 622 4788 τῶν
670 4732 720 4787 έν
754 4735 956 4806 Νικαίᾳ
1012 4735 1339 4809 τριακοσίων
1402 4735 1530 4792 δέκα
1560 4739 1647 4793 καὶ
1706 4740 1848 4794 ὀκτὼ
1881 4746 1989 4795 Πα-

328 4819 501 4895 τέρων
588 4821 855 4899 ὑπῆρχε,
940 4826 1239 4899 συνήγορος
1310 4825 1433 4898 ἐμὶν
1520 4835 1620 4897 τῆς
1703 4826 1986 4899 ἀληθείας,

332 4908 637 4973 ἀντίπαλος
667 4908 725 4965 δὲ
762 4916 858 4966 τοῦ
887 4909 1146 4985 ψεύδους.
1185 4914 1283 4969 Διά
1312 4912 1368 4969 δὲ
1420 4915 1483 4970 τὸ
1514 4916 1985 4994 παρρησιάσασθαι

331 4999 429 5067 τὴν
488 5000 777 5069 ἀλήθειαν,
834 5000 1046 5076 ἐγένετο
1108 5002 1308 5077 ἐχθρὸς
1360 5010 1476 5067 τοῖς
1537 5008 1857 5081 ’Δρειανοῖς.
1888 5008 1985 5062 Καὶ

336 5089 469 5159 μετὰ
512 5086 778 5159 τελευτὴν
839 5092 1238 5147 Κωνσταντίνου
1294 5098 1391 5148 τοῦ
1432 5095 1701 5171 Μεγάλου,
1733 5104 1833 5167 τῆς
1887 5098 1984 5172 βα-

331 5176 546 5239 σελείας
605 5181 976 5253 κρατήσαντος
1036 5183 1410 5237 Κωνσταντίου
1460 5185 1579 5239 υἱοῦ
1634 5185 1834 5256 αὐτοῦ,
1895 5188 1983 5242 καὶ

330 5272 446 5329 τοῖς
503 5270 808 5342 Ἀρειανοῖς
866 5272 1285 5344 προσκειμένου,
1346 5274 1589 5343 ήτήσατο
1655 5270 1913 5338 Εὐσέϐιος
1955 5277 1983 5330 6

332 5354 712 5429 Νικομηδείας
761 5359 1055 5429 ἀπελθεῖν,
1110 5360 1199 5415 καὶ
1260 5362 1543 5426 θεάσασθαι
1601 5365 1693 5418 τὸν
1727 5363 1779 5419 ἐν
1810 5366 1982 5440 Ἱερο-

336 5444 605 5518 σολύμοις
662 5447 788 5502 ναόν
821 5491 833 5504 .
924 5450 1026 5505 Καὶ
1110 5456 1209 5518 τῆς
1293 5450 1559 5522 αἰτήσεως
1625 5454 1833 5527 τυχὼν,
1889 5456 1975 5509 καὶ

333 5531 634 5602 ἀπελθὼν,
684 5539 1000 5613 συνήθροισε
1055 5537 1182 5599 τοὺς
1241 5540 1559 5613 Ἀρειανοὺς
1626 5539 1977 5606 ἐπισκόπους.

336 5623 429 5677 Καὶ
516 5625 923 5698 παρασκευάσας
989 5632 1215 5703 γυναῖκα
1297 5629 1661 5703 βαστάζουσαν
1737 5630 1976 5707 παιδίον,

2100 4250 2171 4302 Et
2200 4248 2465 4302 memoria
2487 4246 2670 4303 sancti
2698 4246 2881 4327 Patris
2912 4243 3091 4327 nostri
3122 4242 3401 4299 Eustathii
3431 4240 3743 4296 Antiochia

2788 4332 3051 4387 episcopi.

2172 4464 2512 4519 Eustathius
2555 4462 2770 4518 Christi
2834 4459 3096 4533 pontifex
3156 4464 3302 4529 erat,
3360 4454 3747 4513 Constantino

2102 4555 2306 4627 Magno
2338 4555 2689 4625 imperante,
2724 4551 3051 4608 Antiochia:
3088 4549 3592 4621 archiepiscopus,
3642 4546 3745 4617 qui

2102 4645 2279 4699 etiam
2299 4644 2361 4698 in
2387 4645 2581 4715 prima
2599 4643 2833 4698 Nicazna
2854 4639 3079 4712 synodo
3104 4644 3505 4694 trecentorum
3536 4637 3744 4692 decem

2101 4739 2158 4788 et
2185 4739 2315 4788 octo
2338 4736 2578 4788 Patrum
2606 4731 2893 4797 interfuit,
2918 4729 3183 4786 veritatis
3204 4727 3445 4800 quidem
3464 4731 3743 4792 assertor,

2099 4823 2393 4877 mendacii
2452 4828 2650 4878 autem
2708 4822 3103 4892 impugnator.
3163 4820 3233 4873 Et
3290 4818 3431 4889 quia
3488 4816 3745 4872 ﬁdenter

2101 4912 2451 4968 enuntiabat
2482 4912 2810 4973 veritatem,
2846 4909 2981 4964 odio
3039 4907 3556 4980 prosequebantur
3613 4922 3749 4961 eum

2099 5003 2321 5058 Ariani.
2355 5004 2494 5056 Post
2524 5001 2712 5073 Magni
2744 5000 2922 5065 igitur
2950 4997 3323 5053 Constantini
3357 4996 3748 5064 obitum,cum

2095 5094 2520 5150 Constantinus
2552 5092 2680 5164 ejus
2714 5091 2894 5159 illius,
2954 5089 3055 5159 qui
3107 5089 3339 5143 Arianis
3383 5087 3746 5152 adhaarebat,

2094 5186 2386 5256 potiretur
2418 5183 2691 5254 imperio,
2726 5180 3015 5236 Eusebius
3066 5178 3532 5235 Nicomediensis
3560 5176 3750 5232 facul-

2096 5279 2276 5329 tatem
2311 5278 2520 5345 petens
2550 5270 2830 5335 abeundi,
2864 5269 3297 5340 templumque,
3332 5266 3489 5339 quod
3535 5266 3750 5321 Hiero-

2094 5363 2339 5433 solymis
2372 5361 2661 5429 exstabat,
2708 5360 3030 5427 invisendi,
3082 5375 3326 5431 compos
3373 5357 3489 5412 voti
3538 5355 3753 5411 iactus,

2092 5459 2149 5508 et
2180 5453 2500 5524 profectus,
2535 5452 2765 5506 Arianaa
2798 5450 2937 5505 fidei
2987 5450 3299 5520 episcopos
3352 5445 3750 5517 congregavit-

2090 5545 2160 5597 Et
2174 5542 2493 5613 quamdam
2519 5542 2807 5596 inducens
2828 5539 3113 5593 feminam
3128 5542 3456 5609 gestantem
3472 5549 3719 5605 puerum
3731 5573 3744 5596 ,

2090 5638 2156 5687 ut
2177 5637 2507 5699 accusaret,
2531 5636 2589 5685 et
2607 5631 2833 5686 diceret
2860 5627 3166 5683 Eustathio
3194 5631 3399 5681 natum
3431 5622 3717 5679 infantem
3733 5643 3746 5667 ν
