4082 6200
311 357 447 423 ,599

1622 347 2062 414 MENOLOGII
2106 349 2306 410 PARS
2347 349 2456 410 III.

3622 358 3740 420 600

332 489 492 545 llum
526 488 782 561 deponit
810 488 1180 558 ;litterisque
1212 485 1366 540 datis
1417 487 1489 540 ad
1539 487 1986 556 imperatorem,

2129 485 2468 552 ,ατῆγορῆσαι
2524 479 2613 532 καὶ
2673 476 2866 549 εἷπεῖν,
2922 481 3007 535 ὅτι
3062 484 3158 536 τοῦ
3216 483 3519 546 Εὑσταθίου
3581 485 3746 557 ἐστὶν,

347 579 539 634 suasit
569 578 644 644 ei,
679 583 744 632 ut
773 574 1232 647 Philippopolim
1266 575 1464 646 ipsum
1511 574 1840 646 relegaret:
1896 569 1995 624 ubi

2129 571 2324 640 ,αθαρεῖ
2379 566 2562 626 αὐτόν.
2619 567 2721 624 Καὶ
2802 570 3014 644 γράψας
3071 572 3206 644 πρὸς
3307 573 3397 627 τὸν
3500 574 3746 648 βασιλέα,

314 703 316 708 ι
348 667 671 739 plurimum
706 665 1045 720 Eustathius
1077 669 1336 729 vexatus,
1395 665 1576 719 ﬁnem
1637 660 1881 732 accepit.
1927 663 2000 714 At

341 757 568 811 femina
600 755 704 808 illa
732 759 938 825 postea
967 753 1241 810 confessa
1289 759 1397 819 est,
1459 769 1710 826 puerum
1757 748 1996 821 quidem

347 850 510 915 patre
543 842 849 897 Eustathio
891 843 1158 915 genitum
1208 861 1328 898 non
1386 841 1588 911 fuisse,
1652 841 1755 897 sed
1812 839 1998 895 altero

335 935 595 1006 quodam
627 934 804 990 fabro
840 936 1070 991 aarario.

347 1063 414 1115 Et
439 1062 702 1116 memoria
729 1063 907 1116 sancti
937 1063 1130 1188 Pajrits'
1149 1063 1329 1187 φιίίιεινί
1355 1063 1562 1118 Melctii
1591 1058 1999 1130 archiepisc0pi

1049 1151 1194 1188 ncoc
1239 1151 1328 1188 1&3.

1049 1151 1328 1190 ηειοοηιεε.

419 1259 688 1316 Meletius
720 1260 1082 1316 orthodoxus
1115 1260 1216 1316 ille
1249 1261 1462 1316 Christi
1492 1259 1766 1315 Ecclesiae
1798 1260 2000 1330 pastor

351 1349 718 1421 temporibus
776 1350 1105 1406 Constantii
1157 1351 1535 1422 imperatoris
1588 1349 1852 1405 exstitit:
1906 1347 1999 1402 cui

351 1439 731 1494 Constantius
755 1454 890 1492 cum
911 1439 1166 1494 Arianus
1191 1439 1471 1509 esset,ubi
1504 1439 1728 1495 vacavit
1758 1453 1792 1492 a
1819 1435 1998 1504 bello,

327 1528 647 1598 synodum
695 1528 1024 1583 Antiochiae
1083 1529 1421 1584 convocavit
1477 1528 1553 1584 ad
1607 1526 2000 1600 rejiciendum

360 1619 741 1686 Homousion,
803 1625 862 1674 et
921 1621 1376 1691 supponendum
1435 1619 2001 1692 praedicandumque

358 1707 765 1762 Heterousion.
802 1711 874 1762 At
904 1726 1037 1763 eum
1086 1710 1412 1765 Antiochiae
1464 1709 1721 1765 Ecclesia
1765 1707 2003 1762 viduata

329 1802 517 1856 .esset
551 1802 805 1868 pastore,
839 1798 1004 1868 prius
1035 1799 1260 1869 placuit
1290 1800 1632 1871 episcopum
1671 1797 2001 1854 Antiochia)

2101 651 2310 710 ἔπεισεν
2371 655 2606 731 ἐξορίσαι
2662 657 2824 712 αὐτὸν
2882 658 2958 721 είς
3019 661 3474 718 Φιλιππούπολιν
3509 707 3524 722 .
3581 667 3747 721 Ἔνθα

2100 745 2191 799 καὶ
2249 743 2436 800 πολλᾶ
2491 746 2802 823 πειρασθεῖς
2858 747 3183 821 ἐτέλειιὸθη⁸
3218 752 3252 819 ἡ
3297 749 3353 805 δὲ
3406 754 3542 827 γυνὴ
3593 754 3744 828 ὡμο-

2104 832 2335 909 λόγησεν
2367 832 2609 910 ὕστερον,
2651 835 2734 890 ὅτι
2789 837 2852 892 τὸ
2909 835 3131 892 παιδίον
3187 837 3485 905 Εὐπαοίου
3518 843 3614 914 μὲν
3648 843 3746 899 οὐκ

2100 926 2191 994 ἦν,
2225 924 2370 980 ἀλλὰ
2393 929 2489 981 τοῦ
2512 925 2785 1002 χαλκέως.

2105 1050 2208 1108 Καί
2250 1054 2444 1126 μνήμη
2507 1057 2603 1133 τοῦ
2656 1055 2708 1109 ἐν
2765 1055 3423 1133 ἀγίοιςᾼΠατρὸς-ἡμῶν
3483 1060 3752 1118 Μελετίου

2510 1126 2947 1203 ἇρχιεπισκόπου
2971 1126 3335 1206 Ἀντιοχείας.

2174 1240 2463 1316 Μελέτιος,
2517 1245 2546 1299 ὁ
2591 1243 2882 1320 όρθόδοξος
2940 1249 3154 1320 ποιμὴν
3211 1249 3314 1319 τῆς
3361 1255 3459 1306 τοῦ
3513 1257 3756 1326 Χριστοῦ

2104 1330 2456 1404 Ἐκκλησίας,
2490 1333 2738 1410 ὑπῆρχεν
2767 1334 2854 1390 ἐπὶ
2885 1343 2987 1406 τῆς
3023 1335 3300 1412 βασιλείας
3353 1341 3759 1400 Κωνσταντίου.

2104 1426 2286 1484 Ὅστις
2342 1425 2722 1489 Κωνστάντιος
2779 1427 3058 1502 ’Λρειανὸς
3097 1425 3190 1499 ὢν,
3235 1429 3326 1484 καὶ
3387 1429 3650 1509 εύκαιρῶν
3703 1432 3765 1489 ἐκ

2101 1515 2199 1566 τοῦ
2230 1513 2502 1587 πολέμου,
2559 1516 2829 1592 συνήγαγε
2878 1514 3102 1572 σύνοδον
3165 1517 3216 1573 ἐν
3276 1521 3616 1598 Ἀντιοχείᾳ,
3670 1522 3763 1578 ἐπὶ

2103 1607 2182 1675 τῷ
2209 1603 2510 1680 ἀρνηθῆναι
2553 1607 2647 1680 μὲν
2706 1607 2768 1662 τὸ
2821 1607 3146 1680 ὁμοούσιον,
3216 1610 3640 1688 ἆντεισαχθῆναι
3674 1610 3763 1686 δὶ,

2106 1694 2196 1749 καὶ
2243 1697 2552 1769 κυρωθῆναι
2606 1695 2670 1751 τὸ
2728 1697 3124 1774 Ἐτεροούσιον.
3186 1703 3302 1770 Τῆς
3359 1698 3417 1756 δὲ
3465 1700 3763 1774 ἐκκλησίας

2112 1782 2452 1859 Ἀντιοχείας
2509 1783 2770 1858 ποιμένος
2855 1787 3230 1862 χηρευούσης,
3307 1786 3468 1864 ἤρεσε
3535 1795 3759 1866 πρῶτον

357 1887 677 1958 designari,
713 1903 779 1941 ac
810 1892 1013 1956 postea
1046 1888 1116 1942 de
1151 1888 1263 1942 ﬁde
1296 1889 1608 1945 disserere.
1643 1891 1781 1943 Erat
1808 1891 2005 1942 autem

2129 1872 2350 1945 γενέσθαι
2403 1871 2694 1928 ἐπίσκοπον
2780 1875 3166 1951 Ἀντιοχείας,
3251 1877 3342 1932 καὶ
3395 1881 3520 1934 τότε
3593 1887 3764 1951 ζητη-

355 1976 624 2030 Meletius
658 1981 797 2029 tunc
827 1976 1137 2047 episcopus
1169 1978 1465 2047 Sebastes,
1515 1978 1724 2034 doctus
1764 1976 2004 2048 quidem

354 2065 461 2130 vir,
491 2064 593 2118 sed
623 2070 865 2135 propter
895 2065 1358 2137 inobsequentes
1417 2067 1688 2123 subditos
1735 2067 2008 2122 abdicata

357 2155 500 2210 sede
531 2154 791 2224 quietam
825 2154 1001 2209 vitam
1056 2157 1284 2228 agebat.
1340 2158 1758 2212 Existimantes
1807 2157 2005 2227 itaque

363 2244 624 2298 haeretici
650 2244 806 2298 hunc
823 2244 1032 2299 eadem
1055 2263 1190 2300 cum
1221 2247 1365 2318 ipsis
1383 2246 2010 2318 sentire,postularunt

364 2335 436 2389 ab
467 2335 846 2405 imperatore,
875 2340 939 2388 ut
981 2335 1080 2390 ille
1129 2337 1457 2391 Antiochim
1502 2338 1817 2408 episcopus
1862 2353 2006 2392 con-

363 2425 727 2478 stitueretur.
760 2425 1081 2492 Postquam
1112 2442 1246 2480 vero
1305 2425 1418 2480 fuit
1452 2426 1696 2494 electus,
1746 2431 2008 2498 rogatus,

361 2518 426 2567 ut
453 2513 758 2586 veritatem
791 2513 941 2568 2η
975 2513 1284 2584 proferret,
1323 2519 1486 2569 stans
1519 2515 1645 2586 ipse
1680 2515 1739 2569 in
1791 2515 2006 2581 medio,

364 2584 724 2658 Homou'sion
749 2586 1170 2673 comprobavit,
1196 2584 1626 2673 hmreticosq‘ue
1645 2603 1867 2674 pudore
1885 2621 2013 2674 per-

361 2693 532 2749 fudit.
569 2693 671 2758 Hic
702 2709 915 2764 magno
952 2693 1282 2764 imperante
1313 2695 1642 2758 Theodosio
1673 2696 2012 2752 Constanti-

366 2781 633 2852 nopolim
683 2781 1002 2853 profectus,
1055 2799 1123 2836 ac
1171 2783 1463 2855 Theologo
1515 2785 1790 2856 Gregorio
1836 2800 2014 2856 super

365 2874 648 2928 thronum
681 2870 985 2939 collocaio,
1019 2871 1240 2927 ibidem
1271 2872 1451 2928 vitam
1485 2873 1694 2928 finivit.

367 3072 437 3126 Et
463 3070 729 3126 memoria
759 3071 935 3125 sancti
961 3070 1148 3146 Patris
1195 3072 1371 3146 nostri
1427 3072 1685 3146 Callinici
1731 3071 2011 3146 archiepi-

829 3143 979 3212 scopi
1009 3141 1528 3214 Constantinopolis.

3000 1967 3101 2022 Ἦν
3188 1963 3245 2021 δὲ
3320 1969 3444 2023 τότε
3502 1968 3771 2032 Μελέτιος

2968 2052 3154 2129 λόγιος
3231 2057 3326 2128 μὲν
3403 2059 3590 2132 ἀνήρ’
3679 2057 3770 2114 διὰ

2121 2135 2177 2193 δὲ
2247 2139 2346 2208 τήν
2404 2143 2510 2194 τῶν
2591 2141 2924 2218 ὑποχειρίων
3007 2145 3364 2216 ἀνυποταξίαν
3424 2152 3764 2223 παραιτησα-

2123 2248 2306 2300 μενος,
2346 2229 2434 2284 καὶ
2488 2233 2803 2306 ἡσυχάζων,
2865 2232 3200 2306 Νομίσαντες
3259 2233 3316 2290 δὲ
3367 2237 3419 2292 οἱ
3477 2238 3769 2312 αἱρετικοὶ,

2117 2317 2186 2372 τὰ
2240 2317 2450 2374 ἐκείνων
2537 2325 2752 2396 φρονεῖν
2836 2321 3018 2392 αὐτὸν,
3106 2323 3376 2398 ᾐτήσαντο
3457 2327 3550 2382 τὸν
3614 2329 3770 2403 βασι-

2123 2403 2218 2459 λέα
2249 2451 2266 2478 ,
2323 2406 2524 2463 ἐκεῖνον
2578 2413 2991 2486 προστήσασθαι
3044 2411 3339 2470 ἐπίσκοπον
3399 2416 3764 2491 ’Δντιοχείας,

2122 2492 2238 2549 ἐπεὶ
2311 2493 2368 2550 δὲ
2440 2499 2857 2576 προεχειρίσθη,
2925 2500 3015 2556 καὶ
3082 2503 3395 2579 προετράπη
3449 2505 3513 2560 τὸ
3568 2505 3770 2576 ἀληθὲς

2121 2582 2286 2639 εἰπεῖν
2347 2585 2474 2648 στὰς
2532 2586 2586 2649 ἐς
2649 2587 2834 2662 μέσον,
2889 2585 3127 2665 ἔκύρωσε
3187 2593 3282 2664 μὲν
3328 2592 3392 2648 τό
3444 2593 3771 2672 ὁμοούσιον,

2119 2672 2427 2751 κατῄσχυνε
2457 2672 2514 2731 δὲ
2546 2675 2672 2740 τοὺς
2702 2678 3028 2752 αἰρετικοὺς.
3097 2679 3271 2744 Οὗτος
3329 2684 3416 2738 καὶ
3452 2682 3538 2738 ἐπὶ
3570 2683 3770 2740 Θεοδο-

2123 2763 2241 2818 σίου
2281 2768 2378 2819 τοῦ
2437 2765 2691 2840 Μεγάλου
2749 2767 2801 2822 ἐν
2863 2771 3433 2827 Κωνσταντινουπόλει
3481 2771 3654 2838 ἐλθὼν
3683 2775 3775 2830 καὶ

2119 2851 2212 2908 τὸν
2250 2853 2529 2930 Θεολόγον
2585 2857 2887 2933 Γρηγόριον
2917 2863 2998 2933 τῷ
3044 2859 3222 2934 θρόνῳ
3278 2859 3687 2940 ἐγκαθιδρύσας,
3722 2863 3774 2919 ἐν

2124 2942 2260 3018 αὑτῇ
2308 2943 2400 2999 τὸν
2437 2944 2552 3021 βίον
2595 2943 2881 3004 ἀπέλιπεν.

2117 1961 2274 2030 Θῆναι
2331 1961 2456 2037 περὶ
2513 1965 2613 2032 τῆς
2663 1963 2896 2027 πίστεως
2931 2006 2944 2021 .

2119 2049 2448 2114 Ἐπίσκοπος
2507 2046 2826 2114 Σεϐαστείας
2859 2100 2873 2126 ,

2122 3068 2230 3125 Καὶ
2265 3070 2454 3152 μνήμη
2510 3074 2608 3126 τοῦ
2657 3070 2715 3152 ἐν⁸
2747 3072 2928 3148 ἁγίοις
2959 3075 3170 3152 Πατρός
3224 3077 3387 3152 ἠμῷν
3444 3076 3781 3136 Καλλινίκου

2391 3143 2827 3217 ἀρχιεπισκόπου
2859 3143 3502 3213 Κωνσταντινουπόλεως.

443 3270 692 3325 Sanctus
721 3271 891 3323 Patsr
919 3271 1124 3322 noster
1153 3267 1474 3324 Callinicus
1531 3269 1842 3342 presbyter
1892 3273 2016 3325 erat

2201 3255 2536 3322 Καλλίνικος
2567 3260 2594 3315 ὁ
2627 3259 2680 3316 ἐν
2713 3260 2888 3338 ἁγίοις
2946 3265 3133 3340 Πατὴρ
3177 3267 3339 3340 ἡμῶν
3370 3267 3615 3344 ὑπῆρχεν
3646 3290 3786 3345 πρε-

374 3361 594 3432 Magnae
641 3357 936 3414 Ecclesia).
999 3360 1249 3430 Propter
1306 3359 1436 3431 ejus
1493 3365 1692 3415 autem
1743 3361 2022 3416 virtutem

373 3455 606 3506 creatus
617 3449 988 3504 fuitConstan
999 3447 1280 3520 tinopolis
1296 3449 2022 3520 patriarchanustiniano

379 3541 632 3596 lleraclii
667 3544 902 3610 nepote,
955 3539 1056 3610 qui
1103 3539 1214 3594 sibi
1266 3539 1392 3611 ipse
1431 3540 1634 3612 plures
1686 3541 2024 3614 excogitans

376 3629 809 3695 tribulationes,
845 3628 1028 3683 edixit
1045 3627 1368 3699 aliquando
1391 3631 1766 3701 patriarchaa,
1794 3637 1861 3687 ut
1882 3649 2026 3703 prce-

375 3735 474 3773 ces
505 3717 814 3773 adhiberet
847 3733 950 3786 pro
985 3715 1346 3772 destruendo
1396 3719 1616 3790 templo
1665 3719 2025 3776 beatissimus

375 3805 687 3860 Genitricis
721 3803 844 3858 Dei.
899 3806 973 3858 At
1023 3803 1119 3858 hic
1166 3820 1522 3875 responsum
1565 3807 1844 3876 reddidit,
1904 3825 2024 3864 non

374 3897 604 3949 exstare
626 3907 832 3962 preces
845 3908 950 3962 pro
975 3892 1468 3961 destruendo,sed
1483 3911 1588 3964 pro
1604 3897 2022 3954 construendo.

343 3985 622 4060 .Coactus
655 3996 788 4034 vero
820 3979 892 4035 ab
921 3981 1012 4048 iis,
1047 3981 1147 4050 qui
1180 3981 1346 4036 missi
1377 3981 1633 4052 fuerant,
1681 3984 2024 4055 imperatori

377 4088 604 4128 morem
634 4085 860 4144 gerere,
921 4074 1152 4125 tantum
1183 4071 1303 4126 ait:
1361 4071 1559 4127 Gloria
1605 4073 1833 4129 Christo
1883 4074 2026 4144 Deo,

378 4161 480 4234 qui
514 4161 655 4216 talia
687 4160 960 4214 sustinet.
993 4161 1352 4231 Imperatore
1387 4161 1563 4233 igitur
1602 4162 1675 4218 ob
1726 4164 1857 4236 ejus
1893 4181 2026 4237 per-

377 4252 716 4308 versitatem
747 4251 998 4323 imperio
1032 4257 1226 4319 exuto,
1286 4251 1531 4307 naribus
1573 4259 1631 4308 et
1673 4254 1878 4328 lingua
1925 4255 2027 4310 ob-

351 4348 676 4408 ‘truncato,
720 4336 791 4397 et
846 4342 907 4396 in
955 4341 1316 4397 Chersonem
1365 4343 1632 4413 expulso,
1691 4344 2026 4417 iterumque

381 4434 482 4488 Dei
515 4431 909 4505 permissione
951 4448 1022 4485 ex
1079 4431 1353 4504 Bulgaria
1404 4431 1626 4488 viribus
1681 4435 2026 4505 assumptis,

380 4520 632 4592 imperio
689 4521 916 4592 potito;
970 4526 1280 4592 correptus
1324 4521 1436 4575 fuit
1464 4537 1497 4575 a
1528 4521 1884 4578 satellitibus
1932 4541 2030 4595 pa-

2133 3345 2388 3426 σῦυτερος
2415 3355 2517 3418 τῆς
2557 3351 2824 3426 Μεγαλης
2877 3351 3229 3424 Ἐκκλησίαςο
3291 3353 3381 3411 διὰ
3433 3354 3490 3412 δὲ
3516 3359 3616 3428 τήν
3647 3380 3788 3436 προ-

2133 3439 2329 3494 σοῦσαν
2416 3437 2562 3512 αύτῷ
2675 3440 2869 3517 ἀρετὴν
2948 3443 3338 3520 προεχειρίσθη
3438 3447 3788 3524 πατριάρχης

2134 3528 2768 3593 Κωνσταντινουπόλεως
2811 3532 2912 3587 ὑπὸ
2969 3534 3356 3590 Ἰουστινιανοῦ
3410 3541 3508 3592 τοῦ
3555 3537 3785 3613 ἐγγόνου

2133 3617 2479 3693 Ἡρακλείου.
2546 3620 2645 3676 "Oc
2731 3619 2878 3693 αύτῷ
2955 3619 3173 3688 πολλὰς
3233 3623 3461 3681 ἐπινοῶν
3547 3625 3788 3701 Θλίψεις,

2135 3707 2368 3781 ἐμήνυσέ
2397 3728 2531 3763 ποτε
2559 3705 2744 3763 δοῦναι
2776 3708 2944 3786 εύχήν
2989 3711 3080 3766 ἐπὶ
3149 3712 3450 3789 καθαιρέσει
3505 3721 3637 3771 ναοῦ
3689 3725 3791 3786 τῆς

2138 3795 2424 3871 ὑπεραγίας
2502 3797 2789 3854 Θεοτόκου.
2848 3799 2910 3856 '0
2990 3797 3048 3854 δὲ
3115 3801 3449 3875 ἀντεμήνυσε
3509 3807 3585 3877 μή
3647 3805 3788 3860 εἶναι

2136 3885 2306 3961 εὐχὴν
2342 3885 2430 3941 ἐπὶ
2486 3891 2858 3966 καταστροφῇ,
2891 3887 3021 3944 ἀλλ’
3078 3889 3168 3945 ἐπὶ
3227 3891 3519 3968 οἲκοὸομῇ.
3579 3895 3786 3964 Βιαζό-

2140 3996 2296 4048 μενος
2353 3971 2410 4029 δὲ
2467 3974 2616 4050 παρὰ
2670 3980 2779 4031 τῶν
2835 3977 3258 4035 ἀποσταλέντων
3314 3983 3542 4052 ποιῆσαι
3599 3984 3661 4038 τὸ
3692 3989 3792 4038 τοῦ

2141 4062 2410 4140 βασιλέως
2444 4063 2786 4140 πρόσταγμα,
2829 4064 2993 4139 μόλις
3043 4070 3212 4124 εἶπεν·
3277 4067 3405 4141 δόξα
3461 4072 3679 4145 Χριστῷ
3709 4078 3792 4146 τῷ

2139 4158 2255 4227 Θεῷ
2308 4159 2389 4227 τῷ
2447 4153 2764 4229 ἀνεχομένῳ
2796 4198 2810 4213 .
2861 4158 2970 4213 Τοῦ
3053 4157 3322 4232 βασιλέως
3391 4160 3486 4216 οὗν
3536 4159 3626 4216 διὰ
3681 4164 3788 4231 τήν

2139 4243 2353 4314 ἀταξίαν
2418 4242 2583 4298 αὑτοῦ
2653 4250 2751 4313 τῆς
2802 4243 3080 4320 βασιλείας
3135 4246 3476 4321 ἐκπεσόντος,
3534 4250 3626 4305 καὶ
3685 4254 3790 4322 τήν

2119 4317 2258 4408 ’ῥῖνα
2287 4331 2374 4386 καὶ
2427 4333 2527 4402 τὴν
2553 4317 3218 4409 γλῶτταν-ἐκτμηθέντος,
3277 4338 3370 4392 καὶ
3425 4317 3503 4400 είς
3534 4317 3792 4415 χερσῶνα

2137 4423 2526 4499 ἐξορισθὲντος,
2584 4423 2674 4478 καὶ
2731 4425 2896 4480 πάλιν
2948 4431 3082 4482 Θεοῦ
3150 4431 3504 4505 συγχωρήσει
3535 4431 3790 4506 προσλα-

2139 4507 2376 4587 ϐομένου
2409 4512 2636 4587 δύναμιν
2669 4513 2728 4569 ἐκ
2788 4516 3154 4593 Βουλγαρίας,
3208 4519 3298 4574 καὶ
3355 4523 3453 4586 τῆς
3510 4519 3798 4588 Βασιλείας

379 4611 660 4678 triarcha,
695 4615 754 4665 et
782 4612 1030 4666 Romam
1061 4609 1378 4683 relegatus,
1408 4615 1584 4682 atque
1632 4611 1696 4667 in
1729 4629 2016 4669 cameram

2137 4603 2523 4678 κρατήσαντος,
2555 4601 2780 4678 ἡρπάγη
2816 4605 2844 4658 ὁ
2874 4607 3222 4682 πατριᾶρχης
3285 4608 3389 4664 ὑπὸ
3449 4614 3567 4665 πῶν
3628 4608 3796 4686 δορυ-

383 4717 552 4755 muro
587 4699 984 4756 exstrinsecus
1015 4700 1472 4773 circumseptam
1503 4700 1840 4773 conclusus,
1881 4719 2027 4758 con-

386 4792 715 4845 summatus
747 4793 854 4846 est.

387 4997 460 5052 Et
498 4999 771 5050 certamen
835 4997 1172 5071 sacrosancti
1223 4996 1486 5068 martyris
1541 4997 1744 5056 Irenaei
1787 5000 2032 5071 episcopi

1101 5070 1317 5126 Sirmii.

461 5185 636 5241 Sacer
658 5184 873 5240 Christi
899 5191 1122 5258 martyr
1152 5191 1410 5242 lrenaaus
1441 5189 1772 5260 imperante
1805 5187 2032 5244 Diocle-

388 5274 548 5331 tiano
576 5275 706 5332 fuit.
739 5274 1004 5332 Edocens
1027 5283 1225 5333 autem
1249 5295 1369 5345 eos,
1411 5277 1512 5348 qui
1563 5277 1636 5332 ad
1685 5277 1882 5348 ipsum
1931 5275 2033 5332 ad-

389 5364 725 5436 ventabant,
759 5370 935 5438 atque
969 5365 1028 5420 in
1061 5366 1276 5421 Christi
1309 5366 1548 5419 veritate
1601 5363 1946 5429 instituens,
1979 5371 2037 5419 et

349 5472 357 5478 ‘
388 5455 619 5512 Christo
651 5460 851 5526 aperte
882 5454 1234 5526 prmdicans,
1269 5453 1500 5508 delatus
1530 5459 1621 5508 est
1659 5451 1732 5508 ab
1785 5452 2037 5509 idolola-

388 5548 498 5602 tris
552 5545 708 5616 apud
764 5544 1015 5615 probum
1083 5543 1466 5614 prmt‘ectum;
1512 5559 1580 5598 ac
1627 5541 1924 5612 detentus,
1979 5547 2038 5598 et

391 5634 618 5690 catenis
641 5632 965 5699 devinctus,
999 5631 1162 5686 stetit
1205 5635 1341 5686 ante
1392 5631 1583 5686 illum.
1637 5632 2036 5702 Interrogatus

393 5741 548 5791 vero,
579 5722 749 5792 cujus
781 5720 1064 5790 nominis,
1105 5721 1377 5790 fortuna},
1429 5720 1754 5794 religionis,
1805 5723 2035 5792 patriaa,

2139 4689 2344 4767 φόρων,
2393 4690 2484 4745 καὶ
2536 4691 2611 4752 εἷς
2661 4691 2888 4765 Ἀώμην
2939 4693 3228 4770 ἐξωρίσθη.
3287 4697 3391 4754 Καὶ
3449 4697 3794 4774 ἐγκλεισθεὶς

2140 4782 2216 4846 είς
2247 4781 2494 4858 καμάραν
2547 4785 2628 4854 τῷ
2683 4781 2854 4858 τείχει
2908 4788 3372 4864 περιφραχθεῖσαν
3433 4784 3645 4863 ἔξωθεν,
3675 4789 3799 4847 ἐτεο

2139 4869 2370 4942 λειώθη.

2141 4991 2247 5050 Καὶ
2304 4991 2536 5063 ἄθλησις
2613 4995 2712 5074 τοιῦ
2788 4993 2945 5074 ἁγίου
3004 4994 3428 5074 -ἱερομάρτυρος
3492 4997 3799 5074 Εἲρηναίου

2666 5063 2967 5121 ἐπισκόπου
2999 5071 3040 5120 Σ
3051 5063 3257 5141 ιρμίοιὶ,

2213 5184 2270 5237 Ὁ
2324 5184 2420 5238 τοῦ
2477 5183 2716 5257 Χριστοῦ
2771 5179 3102 5260 ῗερομάρτυρ
3183 5184 3480 5260 Εἰρηναῖος
3541 5185 3794 5264 ὑπῆρχεν

2145 5273 2232 5329 ἐπὶ
2289 5278 2389 5341 τῆς
2446 5269 2725 5346 βασιλείας
2783 5271 3198 5345 Διοκλητιανοῦ·
3255 5272 3521 5332 διδάσκων
3582 5273 3640 5331 δὲ
3669 5276 3805 5338 τοὺς

2143 5359 2628 5438 προσερχομένους
2660 5361 2828 5433 αὐτῷ,
2858 5361 2948 5417 καὶ
2980 5368 3241 5440 κατηχῶν
3274 5364 3471 5428 αὐτοὺς
3499 5367 3592 5422 τὸν
3629 5366 3802 5441 λόγον

2143 5459 2242 5522 τῆς
2275 5449 2560 5520 ἀληθείας,
2588 5449 2680 5505 καὶ
2710 5449 2802 5506 τὸν
2846 5452 3084 5526 Χριστὸν
3151 5452 3431 5532 παρῥησίᾳ
3486 5454 3804 5529 κηρύττων,

2144 5538 2495 5614 κατεμηνύθη
2523 5533 2723 5615 Ηρόϐῳ
2752 5543 2833 5612 τῷ
2879 5540 3108 5617 ἡγεμόνι
3173 5543 3275 5598 ὑπό
3322 5548 3430 5600 τῶν
3492 5543 3807 5600 εἰδωλολα-

2145 5635 2312 5706 τρῶν.
2370 5629 2472 5688 Καὶ
2529 5631 2819 5706 κρατηθεὶς
2866 5632 2955 5686 καὶ
3015 5629 3185 5696 δεθεὶς
3244 5632 3493 5707 ἁλύσεσι,
3549 5637 3798 5714 παρέστη

2150 5721 2317 5794 αύτῷ.
2352 5719 2454 5776 Καὶ
2488 5717 2782 5796 ἐρωτηθεὶς
2815 5716 3010 5794 ὄνομα,
3037 5721 3268 5800 τύχνην,
3326 5723 3581 5805 πατρίδα,
3613 5720 3801 5802 σέϐας,
