4084 6202
45 229 54 258 't

51 265 68 336 Ξ

405 370 520 433 601

1919 362 2360 425 AUGUSTUS.

3709 371 3828 432 602

410 502 775 577 ἐπιτήδευμα,
828 504 998 558 πάντα
1059 503 1236 573 ἀφεὶς,
1313 499 1510 557 δοῦΛυν
1569 497 1749 570 Ἰησοῦ
1825 499 2058 572 Χριστοῦ

2181 499 2356 566 atque
2384 496 2638 552 instituti
2659 502 2834 564 esset,
2863 499 3094 554 caeteris
3117 501 3395 556 omnibus
3417 502 3544 574 ipse
3566 504 3830 572 omissis,

413 595 606 649 ἑαυτὸν
637 594 990 670 ὡμολόγησε.
1039 594 1267 665 Τυφθείς
1327 592 1414 646 οὖν
1478 587 1750 666 σφοδρῶς,
1797 583 2070 663 παρεδόθη

414 685 660 759 φυλακῇ,
710 682 762 737 ἐν
823 682 959 755 αὐτῇ
1015 681 1464 756 ταλαιπωρηθεές
1519 679 1784 756 ί’σχυρῦ›ς,
1842 681 1950 733 τῶν
1987 673 2072 730 δε-

413 773 786 847 σμοφυλάκων
877 770 1244 847 παραγγελίαν
1335 768 1659 842 δεξαμένων,
1745 770 1821 841 μὴ
1913 765 2074 840 μόνον

416 861 677 940 ἀσφαλῶς
705 866 891 938 τηρεῖν
936 860 1122 930 αὐτὸν,
1174 860 1319 916 ἀλλὰ
1390 857 1531 932 μηδέ
1589 862 1898 933 συγχωρεῖν
1956 875 2078 910 τινα

417 953 702 1021 εἰσελθεῖν,
785 953 877 1007 καὶ
934 954 1284 1023 θεραπεῦσαι,
1344 953 1379 1022 ἢ
1453 953 1814 1026 προσαγαγεῖν
1901 968 1954 1002 τι
2011 945 2080 1000 τὰ

415 1044 553 1117 πρὸς
575 1043 784 1120 τροφὴν
815 1039 1121 1112 ἐπιτήδεια.
1172 1041 1322 1099 Μετᾶ
1377 1040 1594 1101 πολλὰς
1650 1037 1832 1092 τοίνυν
1862 1034 2074 1110 ἡμερας

414 1137 517 1197 τῆς
567 1131 818 1210 φυλακῆς
875 1125 1189 1201 ἐκϐληθεὶς,
1244 1130 1336 1186 καὶ
1390 1129 1558 1185 πάλιν
1613 1125 2076 1200 καταναγκασθεὶς

419 1222 752 1296 ἀρνήσασθαι
812 1221 900 1275 τὸν
963 1221 1192 1295 Χριστὸν
1250 1221 1341 1276 καὶ
1399 1221 1552 1274 θῦσαι
1617 1224 1734 1280 τοῖς
1787 1213 2070 1285 εἰδώλοις,

414 1313 502 1366 καὶ
591 1313 668 1384 μὴ
733 1310 993 1382 πεισθεὶς,
1053 1305 1375 1381 ἐϐασανίσθη
1447 1307 1728 1388 σφοδρῶς⁶
1781 1307 1872 1362 καὶ
1937 1307 2069 1376 μετᾶ

413 1407 578 1458 τοῦτο
638 1397 826 1458 λαϐὼν
878 1403 980 1472 τὴν
1040 1399 1130 1456 διὰ
1185 1407 1284 1458 τοῦ
1340 1401 1523 1475 ξίφους
1585 1400 1878 1476 ἀπόφασιν,
1937 1397 2066 1452 ἄπει

410 1493 588 1572 κεφαλ
599 1493 720 1564 ίσθη
731 1537 742 1551 .

489 1614 587 1669 Καὶ
621 1612 852 1684 ἄθλησις
880 1617 977 1668 τοῦ
1007 1611 1167 1688 ἁγίου
1225 1612 1622 1688 ἱερομάρτυρος
1674 1608 1992 1684 Εῗρηναίου.

487 1731 664 1791 Οὗτος
748 1729 992 1804 ὑπῆρχεν
1070 1727 1159 1783 ἐπὶ
1215 1733 1314 1797 τῆς
1379 1724 1656 1802 βασιλείας
1699 1729 1925 1801 Μάρκου
1976 1722 2066 1778 καὶ

416 1818 766 1888 Ἀντωνίνου,
801 1818 1035 1893 ἀρχαῖος
1062 1817 1221 1893 ἀνὴρ,
1257 1815 1527 1892 διάδοχος
1571 1815 1926 1892 χρηματίσας
1955 1819 2064 1869 τῶν

415 1911 588 1986 ἁγίων
623 1911 967 1978 ἀποστόλων,
1007 1910 1096 1965 καὶ
1155 1909 1524 1980 ἐπισκοπήσας
1579 1909 1630 1963 ἐν
1689 1907 1851 1963 πόλει
1899 1915 2068 1982 Λουγ·

417 1999 652 2069 δούνων,
687 2002 876 2076 χώρας
911 1997 1174 2061 Γαλλίας.
1221 1999 1317 2054 Καὶ
1381 1994 1610 2074 βίϐλους
1669 1997 1884 2059 πολλὰς
1941 2017 2066 2073 συγ-

414 2089 766 2165 γραψάμενος
802 2085 1124 2166 βεϐαιούσας
1181 2090 1280 2159 τὴν
1340 2087 1629 2164 ὸρθὸδοξον
1687 2087 1889 2157 πίστιν,
1947 2093 2066 2148 ταῖς

414 2178 773 2250 Ἐκκλησίαις
802 2179 1219 2236 καταλέλοιπεν.
1253 2181 1342 2250 Ἐξ
1399 2180 1471 2233 ὧν
1532 2180 1583 2233 οἱ
1631 2179 2067 2254 μεταγενέστεροι

409 2267 510 2330 τὰς
541 2269 790 2345 ἀφορμὰς
821 2275 923 2338 τῆς
954 2268 1242 2344 ἑρμηνείας
1297 2273 1407 2323 τῶν
1465 2267 1619 2322 θείων
1680 2270 1903 2344 Γραφῶν
1967 2265 2064 2322 λα-

410 2351 625 2426 ϐόντες,
662 2356 983 2428 ἐξήπλωσαν
1012 2358 1089 2418 εἰς
1143 2363 1315 2412 πᾶσαν
1359 2358 1456 2426 τὴν
1493 2355 1843 2429 οἰκουμένην.
1883 2354 2063 2417 Πολὺς

413 2446 506 2500 οὖν
569 2445 646 2509 εἷς
705 2447 906 2524 ἆφετὴν
967 2447 1057 2502 καὶ
1114 2452 1318 2523 γνῶσιν
1394 2447 1704 2522 γενόμενος,
1772 2446 1908 2518 μετὰ
1965 2446 2062 2514 τὴν

414 2536 554 2611 ὑπὲρ
589 2541 829 2612 Χριστοῦ
885 2538 1141 2610 ἄθλησιν,
1173 2537 1264 2592 καὶ
1317 2537 1378 2592 τὸ
1437 2535 1598 2599 τέλος
1651 2539 1910 2591 Ποθεινοῦ
1967 2539 2065 2590 τοῦ

405 2625 728 2697 ἐπισκόπου,
789 2625 1088 2691 ἐπίσκοπος
1142 2625 1532 2702 προεχειρίσθη
1613 2633 1712 2696 τῆς
1770 2624 2066 2699 εἰρημένης

409 2715 648 2779 πόλεως.
684 2718 783 2774 Καὶ
819 2715 1072 2780 πολλοὺς
1103 2721 1211 2773 τῶν
1255 2717 1493 2772 ἀπίστων
1531 2715 1737 2792 λόγοις,
1770 2715 1859 2770 καὶ
1911 2712 2062 2769 διδα-

409 2805 665 2870 σκαλίαις
705 2807 972 2884 ἁρπάσας,
1029 2808 1121 2863 καὶ
1173 2813 1253 2882 τῷ
1306 2811 1533 2884 Χριστῷ
1593 2807 1866 2884 μάρτυρας
1925 2828 2060 2882 προ-

411 2898 690 2971 σαγαγὼν,
720 2896 1031 2954 τελευταῖον
1082 2899 1172 2954 καὶ
1233 2897 1394 2960 αὐτὸς
1449 2897 1735 2973 κρατηθεὶς
1794 2897 1898 2952 ὑπὸ
1953 2901 2061 2952 τῶν

415 2983 687 3057 διωκτῶν,
718 2987 808 3042 καὶ
840 2988 979 3067 ξίφει
1005 2986 1340 3061 τελειωθεὶς,
1372 2988 1508 3063 πρὸς
1549 2987 1676 3042 Θεὸν
1709 2983 2062 3061 ἐξεδήμησεν,

411 3070 712 3132 ἀπολαϐὼν
744 3078 844 3149 τήν
873 3075 1240 3152 ἀποκειμένην
1268 3075 1415 3150 αὖτῷ
1451 3075 1751 3153 βασιλείαν.

978 3198 1159 3255 MHNI
1187 3202 1275 3252 ΤΩ
1310 3199 1504 3254 ΑΥΤΩ.

1200 3315 1296 3363 KA'

629 3411 897 3485 ’Ἄθλησις
925 3412 1023 3469 τοῦ
1056 3413 1217 3491 ἁγίου
1254 3417 1530 3492 μάρτυρος
1561 3417 1848 3474 Τατιανοῦ.

485 3532 764 3602 Τατιανὸς,
827 3531 854 3586 ὁ
901 3531 998 3587 τοῦ
1029 3535 1268 3608 Χριστοῦ
1304 3533 1528 3609 μάρτυς,
1582 3533 1829 3609 ὑπῆρχεν
1877 3533 1937 3588 ἐκ
1964 3541 2064 3604 τῆς

416 3617 608 3692 χώρας
665 3617 924 3693 Κρατίας,
971 3623 1240 3673 κατοικῶν
1295 3617 1535 3690 πλησίον
1587 3623 1685 3674 τοῦ
1766 3620 2066 3682 Μαντινὲου

415 3707 508 3760 καὶ
552 3703 819 3762 διδάσκων
871 3706 1001 3772 τοὺς
1056 3706 1543 3784 προσερχομένους
1602 3710 1753 3782 αύτῷ
1810 3709 2068 3775 ἀπίστους

417 3797 519 3863 τήν
578 3795 654 3858 εἷς
712 3797 952 3870 Χριστὸν
1005 3797 1206 3854 πίστιν.
1263 3798 1621 3873 Διαγνωσθεὶς
1681 3797 1738 3853 δὲ
1793 3797 2064 3875 ἐκρατήθη

420 3887 569 3960 παρᾶ
597 3891 703 3940 τῶν
734 3885 1043 3958 Ἑλλήνων,
1085 3888 1176 3942 καὶ
1236 3885 1410 3950 δεθεὶς
1469 3887 1746 3959 ἁλύσεσιν,
1777 3886 1931 3964 ἤχθη
1993 3889 2068 3952 είς

419 3973 892 4047 Κλαυδιούπολιν,
926 3976 1016 4032 καὶ
1061 3974 1336 4050 παρεδόθη
1393 3982 1473 4050 τῷ
1521 3978 1780 4052 ἡγεμόνι.
1815 3979 1913 4034 Καὶ
1963 3981 2065 4049 τήν

416 4064 605 4135 ἂληθῆ
639 4064 816 4121 πίστιν
846 4064 1155 4141 κηρύττων,
1216 4065 1414 4144 ἐτύφθη
1477 4064 1730 4146 σφοδρῶς
1783 4068 1871 4123 καὶ
1928 4090 2065 4143 παρ-

417 4151 586 4224 εδόθη
627 4154 866 4232 φυλακῇ.
929 4156 1076 4212 Μετὰ
1131 4153 1188 4210 δὲ
1237 4157 1300 4211 τὸ
1354 4155 1847 4230 ταλαιπωρηθῆναι
1906 4157 2064 4213 αὐτὸν

417 4243 646 4309 ἱκανῶς,
678 4239 968 4316 ἐκϐληθεὶς
997 4242 1164 4300 πάλιν
1222 4247 1538 4320 ἠναγκάσθη
1591 4245 1923 4318 ἄρνήσασθαι
1975 4249 2069 4303 τὸν

417 4333 677 4410 Χριστόν.
710 4334 808 4389 Καὶ
843 4337 920 4408 μὴ
975 4336 1214 4398 πεισθεὶς
1275 4335 1474 4414 ἐτύφθη
1535 4335 1721 4406 ξύλοις
1783 4337 2068 4412 μεγάλοις,

417 4423 510 4480 καὶ
597 4422 845 4499 σιδήροις
926 4430 1225 4500 πυρωθεῖσι
1292 4423 1626 4503 κατεφλέγη.
1715 4427 1840 4483 Εἶτα
1899 4423 2068 4490 δεθεὶς

419 4515 716 4588 σχοινίοις,
749 4513 972 4588 ἐσύρετο
1003 4513 1092 4570 διὰ
1125 4513 1293 4588 μέσης
1322 4521 1423 4585 τῆς
1484 4514 1701 4578 πόλεως
1729 4518 2068 4591 τυπτόμενος

2181 600 2244 638 se
2273 585 2408 640 Jesu
2431 586 2649 642 Christi
2682 604 2914 642 servum
2945 588 3252 644 confessus
3276 596 3382 648 est.
3415 593 3646 647 Acriter
3676 595 3829 649 218

2177 676 2357 748 igitur
2396 695 2736 750 percussus,
2797 681 3080 736 custodire
3141 684 3414 751 traditur,
3475 690 3533 739 et
3587 703 3830 759 magnas

2179 767 2399 824 ibidem
2426 771 2672 841 pertulit
2702 772 3090 839 calamitates,
3116 773 3304 845 jussis
3327 776 3580 830 carceris
3631 783 3832 832 custo-

2177 854 2352 913 dibus
2409 875 2531 915 non
2591 861 2766 916 modo
2819 862 3137 934 diligenter
3206 863 3402 934 ipsum
3489 881 3827 932 asservare;

2179 947 2282 1002 sed
2313 951 2538 1005 nemini
2573 952 2938 1022 permittere,
2978 957 3042 1006 ut
3073 952 3146 1006 ad
3169 953 3337 1006 illum
3365 954 3830 1024 curandum,seu

2177 1036 2251 1091 ad
2283 1037 2484 1109 aliqua
2516 1040 2568 1094 ei
2601 1040 2969 1095 afferendum
3001 1042 3306 1096 esculenta
3337 1042 3631 1099 introiret.
3679 1045 3826 1115 Ergo

2176 1131 2309 1198 post
2337 1128 2560 1185 multos
2593 1128 2718 1186 dies
2747 1131 2818 1185 de
2851 1148 3087 1186 carcere
3118 1131 3388 1200 eductus,
3413 1149 3480 1187 ac
3513 1132 3708 1188 denuo
3740 1151 3832 1188 co—

2177 1221 2341 1272 actus
2362 1217 2697 1276 desciscere
2719 1221 3020 1288 aChristo,
3054 1221 3349 1293 idolisque
3383 1224 3738 1293 sacriﬁcare,
3773 1230 3832 1278 et

2175 1305 2342 1360 nullo
2373 1308 2551 1364 modo
2583 1309 2656 1364 ad
2687 1309 2746 1364 id
2780 1326 2840 1364 se
2873 1309 3072 1366 induci
3105 1327 3338 1382 passus,
3362 1312 3615 1385 ﬂagellis
3647 1312 3828 1368 vehe-

2175 1401 2410 1452 menter
2433 1398 2843 1456 contunditur.
2867 1401 3006 1455 Post
3041 1399 3166 1455 haec
3194 1399 3375 1473 gladii
3408 1402 3650 1458 subiens
3691 1420 3826 1459 sen-

2175 1485 2445 1554 tentiam,
2473 1488 2666 1558 capite
2698 1487 3002 1559 plectitur.

2371 1605 2438 1657 Et
2467 1611 2741 1660 certamen
2768 1607 3104 1661 sacrosancti
3131 1608 3391 1674 martyris
3421 1607 3637 1663 Irenzi.

2245 1723 2480 1777 Exstitit
2509 1725 2622 1792 hic,
2655 1724 3090 1796 imperantibus
3146 1727 3338 1780 Marco
3397 1730 3456 1780 et
3503 1725 3825 1794 Antonino,

2173 1811 2383 1882 priscae
2417 1814 2608 1868 astatis
2637 1814 2744 1881 vir,
2779 1815 3184 1886 apostolorum
3213 1831 3541 1880 successor,
3566 1815 3831 1887 episcOpi

2175 1917 2425 1956 munere
2459 1902 2518 1957 in
2544 1903 2824 1972 Lugdune
2851 1903 3052 1959 Gallia:
3075 1903 3313 1958 civitate
3333 1903 3591 1959 functus.
3622 1905 3830 1960 Plures

2175 1991 2354 2045 etiam
2378 1991 2734 2063 conscripsit
2765 1992 2947 2046 libros
2971 1992 3044 2047 ad
3069 1991 3456 2047 orthodoxam
3482 1993 3659 2046 fidem
3689 2010 3827 2047 con-

2176 2079 2551 2146 firmandam,
2587 2097 2619 2136 a
2655 2081 2871 2152 quibus
2902 2098 3049 2137 ansa
3079 2086 3316 2154 arrepta
3363 2081 3721 2152 posteriores
3752 2082 3825 2135 ad

2173 2167 2651 2240 interpretandas
2682 2171 2914 2225 divinas
2946 2171 3301 2242 Scripturas,
3333 2171 3605 2225 universo
3639 2176 3823 2226 terra—

2172 2276 2304 2313 rum
2338 2260 2464 2314 orbi
2499 2277 2598 2316 eas
2631 2267 3050 2333 exposuerunt.
3082 2261 3346 2319 Celebris
3378 2261 3579 2332 itaque
3611 2262 3824 2316 virtute

2171 2366 2239 2404 ac
2280 2349 2638 2419 eruditione,
2697 2358 3011 2422 postquam
3069 2369 3174 2422 pro
3231 2352 3462 2407 Christo
3520 2356 3820 2406 certamen

2172 2439 2462 2494 Pothinus
2497 2440 2809 2511 episcopus
2871 2442 3322 2508 consummavit,
3383 2441 3509 2512 ipse
3561 2440 3823 2514 praefata)

2170 2527 2337 2582 urbis
2384 2529 2698 2600 episcopus
2729 2530 3112 2603 designatur;
3167 2548 3234 2586 ac
3282 2531 3502 2586 multos
3550 2531 3824 2585 infideles

2172 2618 2571 2688 sermonibus,
2608 2624 2664 2673 et
2691 2620 3000 2687 doctrinis,
3031 2619 3664 2691 adhortationibusque
3688 2619 3827 2674 abs-

2172 2706 2510 2762 trahensab
2571 2724 2794 2776 errore,
2837 2714 3014 2780 atque
3064 2710 3199 2764 illos
3247 2710 3477 2764 Christo
3531 2713 3823 2779 martyres

2169 2795 2481 2868 adjugens,
2514 2797 2753 2853 tandem
2786 2803 2844 2852 et
2873 2798 3001 2870 ipse
3057 2800 3525 2871 comprehensus
3556 2815 3590 2854 a
3618 2815 3820 2870 perse-

2170 2886 2495 2954 cutoribus,
2528 2893 2587 2942 et
2613 2887 2809 2959 gladio
2841 2887 3168 2959 confectus,
3205 2888 3278 2945 ad
3311 2890 3496 2944 Deum
3523 2888 3818 2960 migravit,

2167 2979 2440 3046 paratum
2473 2975 2585 3030 sibi
2615 2991 2865 3049 regnum
2895 2977 3212 3049 recipiens.

2735 3191 2974 3248 EODEM
3013 3192 3260 3247 MENSE.

2670 3297 2773 3354 Die
2805 3299 3085 3355 vicesima
3114 3304 3326 3370 quarta

2373 3405 2464 3462 2|
2483 3407 2520 3460 7
2559 3406 2840 3462 Certamen
2871 3409 3049 3462 sancti
3077 3407 3342 3477 martyris
3376 3408 3614 3461 Tatiani.

2248 3522 2528 3578 Tatianus
2560 3523 2777 3578 Christi
2806 3528 3034 3595 martyr
3063 3524 3176 3579 fuit
3205 3541 3276 3579 ex
3306 3526 3503 3581 Gratia
3544 3523 3780 3596 regione
3809 3540 3822 3580 :

2177 3617 2236 3667 et
2259 3611 2415 3683 apud
2441 3612 2803 3667 Mantineum
2830 3613 3071 3684 degens,
3103 3617 3279 3684 atque
3311 3613 3385 3669 ad
3434 3631 3496 3670 se
3541 3613 3825 3670 acceden-

2177 3707 2265 3757 tes
2297 3701 2569 3757 inﬁdeles
2603 3701 2782 3757 fidem
2838 3703 3053 3758 Christi
3115 3703 3391 3774 edocens,
3451 3703 3522 3759 ab
3573 3704 3826 3758 ethnicis

2178 3791 2474 3856 detentus,
2503 3796 2561 3845 et
2589 3791 2815 3846 catenis
2845 3793 3223 3859 constrictus,
3254 3793 3686 3866 Claudiopolim
3710 3793 3826 3848 du-

2176 3882 2350 3946 citur,
2380 3896 2448 3936 ac
2480 3881 2734 3936 traditur
2763 3881 3042 3952 praafecto
3070 3900 3084 3949 ;
3139 3899 3458 3955 veramque
3508 3883 3828 3939 enuntians

2177 3972 2356 4028 fidem
2389 3971 2712 4027 crudeliter
2740 3972 3008 4040 caeditur,
3045 3978 3104 4027 et
3133 3973 3196 4028 in
3227 3990 3525 4030 carcerem
3548 3974 3826 4029 mittitur.

2175 4063 2495 4132 Postquam
2526 4078 2664 4117 vero
2697 4062 2980 4117 aerumnis
3009 4062 3122 4116 fuit
3149 4063 3320 4118 valde
3339 4065 3824 4132 vexatus,iterum

2178 4155 2500 4220 extractus,
2533 4151 2830 4206 Christum
2885 4151 3111 4223 cogitur
3157 4152 3469 4225 denegare.
3522 4154 3634 4208 Sed
3664 4154 3737 4208 ad
3769 4153 3826 4206 id

2176 4256 2558 4310 nequaquam
2587 4240 2889 4308 inductus,
2923 4240 3266 4312 ingentibus
3297 4242 3556 4297 fustibus
3586 4260 3826 4313 percus-

2179 4346 2301 4398 sus,
2333 4334 2392 4383 et
2420 4329 2604 4400 ignita
2661 4329 2819 4384 ferro
2877 4329 3262 4397 combustus;
3321 4331 3567 4386 funibus
3623 4337 3830 4401 postea

2177 4420 2429 4486 vinctus,
2459 4435 2566 4490 per
2584 4417 2844 4473 mediam
2870 4417 3080 4473 urbem
3102 4423 3392 4490 raptatur,
3427 4437 3744 4492 percussus
3773 4426 3832 4475 et

2179 4508 2582 4564 conculcatus.
2617 4508 2882 4578 Cumque
2913 4507 2986 4563 ad
3009 4508 3262 4564 civitatis
3283 4514 3514 4580 portam
3527 4511 3827 4580 pervenis-

418 4605 512 4658 καὶ
572 4603 1043 4678 συμπατούμενος.
1105 4603 1209 4662 Καὶ
1259 4605 1348 4659 ὅτε
1406 4601 1603 4678 ἔφθασε
1633 4607 1730 4676 τήν
1763 4605 1944 4678 πύλην
1974 4614 2067 4677 τῆς

2184 4603 2293 4667 set,
2327 4615 2390 4653 se
2420 4597 2614 4653 crucis
2643 4597 2812 4670 signo
2845 4596 3108 4670 signans,
3131 4598 3333 4653 audita
3361 4597 3618 4671 desuper
3664 4616 3827 4669 voce,

422 4694 667 4765 πόλεως,
725 4694 1023 4773 σφραγίσας
1083 4693 1270 4748 ἑαυτὸν
1328 4697 1406 4766 τῷ
1466 4693 1680 4768 σημείῳ
1730 4700 1826 4751 τοῦ
1881 4697 2070 4770 τιμίου

423 4790 681 4862 σταυροῦ,
711 4787 802 4843 καὶ
860 4793 1048 4865 φωνῆς
1104 4783 1304 4842 ἄνωθεν
1358 4785 1659 4850 ἐπακούσας
1716 4787 2069 4864 εὐαγγελιζοο

428 4879 596 4949 μένης
622 4877 692 4932 τὰ
720 4875 1056 4950 ἀποκείμενα
1086 4875 1233 4948 αὐτῷ
1260 4875 1455 4951 ἀγαθὰ,
1485 4880 1564 4948 τῷ
1593 4881 1711 4949 Θεῷ
1764 4878 1827 4932 τὸ
1857 4883 2072 4952 πνεῦμα

419 4969 708 5042 παρέθετο,
730 4966 820 5023 καὶ
851 4965 1020 5045 ἐτάφη
1050 4965 1114 5021 τὸ
1141 4966 1326 5039 τίμιον
1363 4966 1528 5021 αὐτοῦ
1560 4964 1812 5041 λείψανον
1844 4966 1896 5022 ἐν
1929 4968 2070 5043 αὐτῇ

417 5061 489 5131 τῇ
524 5055 707 5114 πόλει.

419 5173 522 5230 Καί
553 5173 782 5246 ἄθλησις
812 5177 910 5251 τοῦ
939 5173 1094 5251 ᾁγίου
1148 5174 1419 5251 μάρτυρος
1477 5173 1760 5251 Εὔτυχίὸυ
1823 5178 2069 5248 μαθητοῦ

737 5251 835 5303 τοῦ
865 5245 1018 5323 ἁγίου
1051 5245 1302 5303 Ἰωάννου
1323 5245 1419 5302 τοῦ
1450 5245 1744 5320 Θεολόγου.

491 5366 750 5442 Εὖτυχὴς
783 5366 811 5421 ὸ
839 5369 937 5422 τοῦ
967 5369 1206 5442 Χριστοῦ
1236 5365 1461 5440 μάρτυς,
1495 5364 1704 5439 ἐγένετο
1747 5363 1840 5438 μὲν
1874 5363 1933 5419 ἐκ
1969 5370 2068 5434 τῆς

421 5454 940 5520 Σεϐαστουπόλεως·
1003 5454 1093 5512 διὰ
1173 5454 1231 5511 δὲ
1287 5457 1377 5512 τὸν
1423 5458 1560 5532 πρὸς
1612 5455 1844 5530 Χριστὸν
1902 5454 2068 5520 πόθον

419 5549 741 5605 καταλιπὼν
793 5547 884 5604 καὶ
940 5544 1176 5624 πατρίδα
1235 5545 1329 5601 καί
1404 5550 1608 5621 γονεῖς,
1666 5543 1880 5614 ἀπῆλθε
1935 5546 2071 5620 πρὸς

421 5643 514 5697 τὸν
550 5641 706 5715 ἅγιον
764 5631 1018 5707 Ἰωάννην
1071 5638 1163 5691 τὸν
1223 5633 1516 5712 Θεολόγον,
1573 5635 1666 5690 καὶ
1724 5634 1945 5711 γέγονεν
1976 5635 2068 5690 αὖ·

424 5736 525 5788 τοῦ
578 5730 848 5805 μαθητής.
910 5728 1012 5784 Καὶ
1075 5727 1458 5802 μιμησάμενος
1519 5725 1678 5781 αὐτὸν
1724 5725 1800 5788 εἴς
1856 5727 2071 5800 ἀρετὴν,

2183 4705 2313 4759 quae
2335 4687 2447 4760 ipsi
2477 4691 2806 4758 praeparata
2823 4686 2982 4742 dona
3002 4687 3695 4760 annuntiabat,spiritum
3713 4691 3829 4744 Deo

2181 4778 2467 4834 tradidit:
2501 4777 2750 4848 ejusque
2779 4776 3145 4833 venerabiles
3205 4777 3475 4848 reliquiae
3526 4779 3587 4834 in
3623 4778 3830 4835 eadem

2181 4867 2414 4922 civitate
2444 4865 2699 4922 condita:
2731 4865 2992 4921 fuerunt.

2181 5170 2252 5223 Et
2309 5173 2583 5223 certamen
2636 5169 2816 5242 sancti
2854 5168 3161 5242 _martyris
3229 5170 3490 5242 Eutychii
3564 5169 3832 5242 discipuli

2633 5241 2814 5294 sancti
2838 5240 3067 5294 Joannis
3099 5240 3376 5311 Theologi.

2255 5365 2572 5438 Eutychius
2615 5364 2831 5420 Christi
2883 5369 3110 5438 martyr
3185 5367 3556 5441 Sebast0poli
3633 5374 3833 5438 natus,

2182 5462 2424 5529 propter
2452 5456 2662 5512 Christi
2699 5454 3084 5528 desiderium,
3127 5459 3355 5529 patriai,
3389 5476 3457 5516 ac
3487 5462 3833 5531 parentibus

2182 5549 2391 5602 nuntio
2421 5547 2695 5612 remisso,
2729 5547 2978 5602 secessit
3005 5547 3077 5603 ad
3107 5549 3398 5605 Joannem
3447 5551 3830 5624 Theologum,

2185 5643 2242 5691 et
2267 5638 2431 5692 illius
2490 5637 2673 5692 evasit
2717 5636 3089 5707 discipulus:
3141 5639 3312 5710 cujus
3371 5640 3496 5710 ipse
3555 5641 3829 5695 virtutem

2183 5728 2470 5798 imitatus,
2503 5727 2604 5780 Dei
2637 5725 2825 5798 gratia
2845 5727 3110 5797 repletus
3138 5727 3285 5782 fuit:
3337 5728 3657 5801 divinoque
3707 5729 3831 5784 zelo
