4082 6200
379 327 498 386 603
1702 321 2015 383 MENOLO

2129 323 2135 383 ζ
2181 322 2375 384 PARS
2421 323 2532 385 ΙΙΙ.
3641 335 3746 396 604

377 463 736 527 commotus,
771 459 988 513 erroris
1027 456 1394 512 munitiones
1445 455 1677 522 evertit,
1733 455 2017 510 idolorum

2145 455 2374 529 χάριτος
2402 455 2648 528 ἐπλήσθη
2683 459 2836 515 Θεοῦ.
2870 459 2972 516 Καὶ
3035 459 3166 532 θείῳ
3198 462 3353 534 ζήλῳ
3397 463 3642 535 κινηθεὶς,
3691 466 3749 521 τὰ

374 550 515 605 fana
547 549 672 604 solo
696 548 967 619 mquavit,
1001 550 1057 598 et
1087 543 1363 598 inﬁdeles
1389 544 1461 599 ad
1474 543 1773 599 Christum
1788 561 2032 600 conver-

375 645 531 706 tens,
567 636 896 708 baptizavit.
931 636 1070 688 Post
1111 633 1387 705 Theologi
1439 639 1638 688 autem
1688 634 2029 701 transitum,

379 728 689 783 discedens
721 725 794 779 ad
827 727 1099 778 sanctum
1131 722 1405 790 Paulum,
1448 739 1659 794 passus
1711 729 1800 778 est
1851 723 2030 778 simul

379 832 510 870 cum
542 831 611 867 eo
645 810 900 876 vincula,
935 815 1250 878 tormenta,
1303 816 1480 881 atque
1533 809 1810 882 flagella:
1863 816 1920 865 et
1967 811 2029 865 in

372 905 674 958 fornacem
695 901 870 955 etiam
898 900 1175 972 injectus,
1199 901 2030 973 pluviadescendente,illam-

377 1011 489 1064 que
527 991 961 1063 exstinguente,
1011 992 1153 1046 exiit
1207 991 1473 1046 illzesus:
1528 1009 1596 1047 ac
1639 991 1856 1046 belluis
1907 997 2030 1046 tra-

375 1083 532 1138 ditus
569 1083 882 1150 vorandus,
917 1081 1144 1137 nullam
1178 1081 1250 1137 ab
1283 1082 1367 1136 eis
1413 1081 1720 1137 lmsionem
1773 1082 2024 1152 accepit.

371 1172 594 1227 Exinde
620 1189 652 1227 ει
675 1173 778 1227 Dei
801 1173 1009 1244 angelo
1036 1171 2022 1243 ductus,Ephesumproficiscitur;

374 1268 431 1317 et
461 1263 550 1316 sui
582 1263 848 1334 magistri
881 1280 1051 1334 grege
1084 1261 1236 1318 218
1271 1262 1484 1330 reviso,
1517 1263 1732 1316 iterum
1777 1261 1838 1316 in
1887 1279 2023 1332 pro-

371 1352 563 1424 priam
597 1369 659 1406 se
691 1353 948 1408 contulit
998 1352 1316 1420 civitatem,
1367 1351 1469 1406 ubi
1519 1351 1735 1424 plenus
1787 1351 2024 1407 dierum

371 1440 680 1512 requievit.

367 1723 437 1775 Et
483 1723 748 1775 memoria
801 1722 982 1776 sancti
1039 1724 1222 1776 Patris
1276 1719 1456 1776 nostri
1515 1722 1685 1775 Menas
1745 1717 2022 1788 archiepi-

843 1796 993 1862 scopi
1022 1793 1547 1862 Constantinopolis.

442 1908 691 1963 Sanctus
714 1910 887 1964 Pater
908 1913 1112 1963 noster
1135 1909 1336 1963 Menas
1371 1911 1520 1974 erat,
1551 1905 1883 1961 Justiniano
1916 1903 2029 1958 im—

371 2003 641 2067 perante,
672 1998 982 2069 presbyter
1013 1997 1280 2052 ecclesia:
1325 1994 2025 2066 Constantinopolitanm.

373 2088 620 2159 Propter
641 2087 770 2158 ejus
794 2093 990 2142 autem
1014 2088 1291 2142 virtutem
1315 2086 1539 2141 electus
1557 2082 2024 2139 fuitConstanti-

369 2177 603 2248 nopolis
625 2177 983 2250 patriarcha,
1007 2183 1065 2232 et
1084 2194 1118 2231 a
1143 2193 1295 2248 papa
1317 2178 1515 2231 Romze
1538 2179 1796 2246 Agapeto
1813 2189 2024 2228 consev

367 2271 588 2334 oratus,
615 2268 716 2338 qui
742 2273 882 2323 tunc
913 2268 1199 2339 temporis
1231 2269 1416 2323 Roma
1446 2266 1590 2320 illuc
1619 2265 1920 2337 profectus
1951 2263 2024 2318 ad

369 2357 811 2428 componendas
825 2357 1186 2428 quaestiones
1211 2353 2023 2420 ecclesiasticas,Anthimum

371 2447 720 2502 hmreticum
748 2448 1128 2503 anathemate
1157 2445 1732 2518 percellens,throno
1757 2443 2027 2500 exturba-

371 2541 552 2590 verat.
589 2536 701 2590 Sed
727 2537 840 2591 hoc
871 2538 1117 2592 Romam
1160 2537 1377 2590 iterum
1432 2551 1687 2602 reverso,
1739 2539 1799 2589 et
1844 2532 2020 2604 paulo

368 2628 504 2694 post
531 2624 648 2677 vita
677 2624 904 2690 functo,
938 2624 1090 2678 alius
1123 2625 1422 2679 Romanus
1450 2623 1715 2695 pontifex
1737 2621 2021 2677 fuitdesi—

366 2716 599 2782 gnatus,
635 2713 734 2783 qui
763 2718 898 2784 post
927 2713 1170 2783 aliquod
1204 2718 1438 2785 tempus
1461 2718 1520 2768 et
1541 2713 1666 2784 ipse
1691 2710 2021 2767 Constanti-

368 2800 632 2871 nopolim
685 2807 913 2873 petens,
984 2801 1310 2857 honoribus
1368 2807 1458 2857 est
1515 2803 1781 2870 ail'ectus,
1844 2805 2019 2871 atque

367 2890 774 2946 amantissime
789 2897 1068 2963 exceptus
1083 2896 1206 2946 tum
1221 2893 1294 2946 ab
1309 2891 1823 2962 imperatore,tum
1839 2889 2019 2944 etiam

375 2997 407 3034 a
437 2980 810 3050 patriarcha;
845 2981 947 3036 sed
995 2982 1180 3037 animi
1234 2980 1470 3036 levitate
1522 2981 1734 3047 elatus,
1781 2994 2019 3050 paenam

369 3069 746 3124 sanctissimo
771 3071 951 3124 Meum
985 3071 1283 3143 irrogavit,
1315 3087 1389 3124 ne
1423 3069 1682 3140 amplius
1713 3084 1840 3123 rem
1871 3067 2020 3122 divi—

364 3175 504 3213 nam
533 3157 778 3214 faceret.
812 3161 882 3215 Et
910 3161 1023 3215 iste
1055 3159 1326 3232 quidem,
1352 3163 1556 3230 utpote
1591 3159 1688 3212 Dei
1720 3157 2012 3229 pontlfex,

363 3249 538 3306 lmtus
570 3267 806 3321 poenam
840 3251 1040 3306 subiit.
1076 3255 1150 3306 At
1180 3267 1314 3306 vero
1372 3250 1696 3321 imperator
1742 3248 1814 3303 ad
1864 3249 2014 3303 iram

362 3345 719 3403 commotus.
747 3341 987 3412 injuriis
1009 3343 1285 3396 affectum
1314 3355 1528 3411 papam
1558 3341 1802 3394 Romam
1835 3337 2018 3392 remi-

363 3429 457 3483 sit.
493 3431 562 3482 Et
593 3435 726 3500 post
764 3430 890 3485 haec
922 3437 1162 3486 sanctus
1203 3432 1424 3495 Menas,
1475 3428 1659 3501 probe
1703 3444 1876 3501 grege
1927 3427 2017 3481 di-

363 3524 550 3585 recto,
589 3519 861 3591 migravit
892 3520 964 3574 ad
998 3519 1205 3575 Deum.

471 3702 538 3752 Et
568 3705 843 3752 certamen
876 3699 1018 3753 beati
1045 3702 1311 3767 martyris
1344 3700 1567 3768 Georgii
1595 3702 1925 3754 Limnaeotaz.

441 3856 652 3909 Beatus
672 3857 955 3925 Georgius
968 3857 1158 3926 primo
1182 3857 1254 3912 ab
1275 3857 1680 3912 adolescentia
1691 3859 2013 3914 asceticum

369 3941 501 3993 vitae
529 3941 867 3996 institutum
901 3942 960 3997 in
993 3943 1224 4014 Olympi
1265 3945 1570 3998 montibus
1619 3961 1820 4015 agens,
1877 3963 2012 4000 cum

370 4027 543 4098 plura
600 4029 830 4084 virtutis
889 4031 1170 4086 subiisset
1248 4033 1618 4101 certamina;
1679 4034 2012 4105 imperante

370 4124 578 4190 postea
608 4119 798 4176 Leone
828 4122 1055 4189 Isauro,
1081 4122 1182 4192 qui
1215 4138 1412 4177 sacras
1443 4123 1734 4196 imagines
1776 4141 2010 4180 aversa-

369 4208 544 4264 batur
559 4215 735 4281 atque
758 4211 1015 4280 delebat,
1044 4218 1506 4284 sanctorumque
1529 4215 1709 4270 etiam
1727 4213 2012 4286 reliquias

367 4297 646 4354 incendio
673 4301 1043 4368 assumebat;
1060 4300 1256 4357 divino
1278 4301 1403 4374 ipse
1421 4301 1542 4357 zelo
1555 4302 2011 4374 impulsus,ante

365 4387 538 4444 illum
568 4395 760 4457 stans,
793 4396 852 4446 et
906 4391 1194 4463 loquendi
1243 4391 1516 4448 libertate
1561 4399 1816 4464 arrepta,
1875 4410 2010 4448 eum

363 4476 685 4534 fortissime
717 4480 1038 4552 redarguit,
1070 4481 1312 4536 atheum
1345 4481 1675 4552 appellans,
1736 4487 1795 4536 et
1841 4483 2008 4536 Anti-

2061 1823 2109 1888 B

2139 543 2478 618 ὀχυρώματα
2536 552 2637 616 τῆς
2691 544 2907 619 πλάνης
2955 547 3228 624 ἀνέτρεψε·
3285 552 3410 614 τοὺς
3464 551 3614 614 ναοὺς
3658 559 3750 610 τῶν

2137 630 2384 688 εἰδώλων
2443 634 2818 711 κατέστρεψεν
2877 636 3006 701 τοὺς
3066 638 3322 702 ἀπίστους
3381 638 3466 695 ἐπὶ
3517 641 3604 696 τὸν
3659 644 3751 698 Κύ-

2138 739 2256 793 ριον
2313 724 2556 796 Χριστὸν
2613 724 2952 804 ἐπιστρέφων
3007 723 3311 798 ἐϐάπτιζεν.
3373 730 3520 787 Μετά
3563 727 3616 785 δὲ
3665 732 3748 801 τὴν

2140 812 2459 883 μετάστασιν
2489 818 2587 869 τοῦ
2618 813 2914 890 Θεολόγου,
2975 816 3227 882 ἀπελθὼν
3287 818 3421 894 πρὸς
3474 819 3560 874 τὸν
3612 819 3748 895 ’ἅγιον

2135 899 2370 972 Παῦλον,
2406 906 2827 970 συνεκακοπάθει
2858 907 3010 980 αὐτῷ
3074 908 3126 964 ἐν
3193 913 3312 972 ταῖς
3355 909 3611 984 θλίψεσιν,
3641 911 3752 965 ὑπο-

2138 989 2313 1065 μένων
2349 993 2522 1070 δεσμὰ
2579 998 2670 1052 καὶ
2729 993 3093 1074 στρεϐλώσεις
3147 1001 3239 1056 καὶ
3302 1001 3582 1075 μάστιγας.
3631 1004 3751 1075 Ἐμ-

2131 1077 2362 1154 ϐληθεὶς
2397 1082 2455 1141 δὲ
2485 1085 2574 1141 καὶ
2607 1087 2684 1150 εἷς
2739 1090 2995 1162 κάμινον,
3043 1087 3265 1162 ἐξῆλθεν
3326 1085 3589 1163 ἀϐλαϐὴς,
3619 1091 3753 1146 ὑετοῦ

2128 1172 2488 1238 κατελθόντος
2519 1175 2608 1230 καὶ
2667 1173 3100 1242 κατασϐέσαντος
3160 1179 3352 1251 αὐτήν.
3410 1180 3506 1234 Καὶ
3562 1181 3756 1251 θηθίοις

2131 1259 2307 1326 δοθεὶς
2337 1263 2414 1326 εἲς
2473 1265 2704 1341 βρῶσιν,
2763 1267 2863 1323 οὐκ
2918 1265 3161 1340 ἠδικήθη
3226 1271 3356 1346 παρ’
3413 1269 3603 1325 αὐτῶν·
3658 1271 3759 1324 εἶτα

2131 1351 2235 1406 ὑπὸ
2290 1357 2389 1408 τοῦ
2447 1353 2593 1418 θείου
2653 1354 2890 1432 ἀγγέλου
2951 1355 3344 1434 ὀδηγούμενος,
3408 1357 3637 1429 ἀπῆλθεν
3691 1357 3757 1419 εἰς

2126 1442 2382 1519 Ἔφεσον,
2415 1445 2504 1499 καὶ
2533 1443 2596 1499 τὸ
2625 1444 2887 1519 ποίμνιον
2945 1451 3043 1502 τοῦ
3103 1445 3436 1504 διδασκάλου
3491 1447 3759 1521 ἐπισκεψά-

2135 1552 2321 1606 μενος,
2352 1533 2672 1610 παρεγένετο
2729 1535 2896 1592 πάλιν
2949 1535 3025 1598 εἰς
3083 1537 3182 1608 τήν
3241 1535 3382 1592 ἰδίαν
3442 1536 3618 1593 πόλιν*
3645 1532 3755 1591 ἔνθα

2128 1619 2354 1696 πλήρης
2384 1624 2605 1698 ἡμερῶν
2635 1623 2932 1700 γενόμενος
2964 1625 3323 1686 ἀνεπαύσατο.

2203 1721 2301 1776 Καὶ
2337 1722 2528 1794 μνήμη
2569 1725 2672 1800 τοῦί
2697 1721 2749 1777 ἐν
2787 1724 2961 1799 ἁγίοις
2995 1725 3206 1800 Πατρός
3237 1727 3398 1800 ἡμῶν
3432 1727 3590 1796 Μηνᾶ
3616 1724 3698 1799 ἀρ-

2417 1794 2784 1868 χιεπισκόπου
2834 1794 3499 1861 Κωνσταντινουπόλεως.

2203 1902 2264 1958 Ὁ
2283 1901 2336 1955 ἐν
2362 1903 2540 1976 ἁγίοις
2588 1904 2775 1980 Πατήρ
2817 1905 2980 1977 ἡμῶν
3038 1907 3232 1976 Μηνᾶς
3293 1907 3509 1982 ὑπῆρχε
3541 1905 3630 1979 μὶν
3679 1903 3756 1959 ἐπὶ

2129 1997 2231 2059 τῆς
2293 1988 2576 2064 βασιλείας
2661 1994 3048 2050 Ἰουστινιανοῦ
3131 1990 3497 2070 πρεσϐύτερος
3568 2000 3660 2064 τῆς
3712 1993 3757 2048 ἐν

2131 2079 2708 2136 Κωνσταντινουπόλει
2733 2081 3086 2154 Ἐκκλησίας,
3119 2080 3208 2139 διὰ
3239 2081 3296 2139 δὲ
3320 2086 3423 2154 τήν
3455 2082 3613 2139 αὑτοῦ
3639 2083 3752 2158 ἀρε.

2128 2169 2228 2236 τήν
2261 2169 2608 2245 πατριάρχης
2663 2173 3058 2248 προεχειρίσθη
3123 2170 3753 2240 Κωνσταντινουπόλεως,

2129 2258 2537 2334 χειροτονηθεὶς
2567 2257 2626 2315 δὲ
2657 2261 2762 2316 ὑπὸ
2787 2261 3104 2337 Ἀγαπητοῦ
3134 2262 3286 2317 πάπα
3313 2263 3558 2336 Ῥώμης,
3616 2257 3755 2315 ἀνελ‹

2131 2347 2318 2412 θόντος
2349 2347 2409 2403 ἐκ
2435 2354 2537 2418 τῆς
2593 2348 2818 2423 Ῥώμης
2863 2349 3009 2420 τότε,
3062 2349 3152 2406 ἐπὶ
3206 2347 3498 2428 διορθώσει
3525 2355 3628 2406 τῶν
3675 2348 3754 2404 ἐκ-

2127 2436 2532 2508 κλησιαπικῶν
2563 2441 2916 2512 ζητημάτων,
2967 2440 3055 2495 καὶ
3111 2441 3600 2514 ἀναθεματίσαντος
3642 2441 3762 2495 Ἀν-

2129 2527 2288 2600 θιμον
2321 2526 2415 2580 τὸν
2462 2527 2751 2602 αἱρετικὸν,
2809 2527 2898 2582 καὶ
2954 2532 3052 2584 τοῦ
3135 2529 3335 2604 θρόνου
3389 2528 3756 2589 ἀπελάσαντος.

2130 2613 2308 2671 Ἀλλά
2335 2616 2532 2672 τούτου
2580 2616 2748 2673 πᾶλιν
2809 2617 3243 2692 ὑποστρέψαντος
3277 2617 3360 2682 εἰς
3390 2619 3626 2692 Ῥώμην,
3676 2617 3758 2670 καὶ

2131 2703 2264 2777 μετά
2351 2705 2542 2781 μικρὸν
2601 2703 3046 2777 τελευτήσαντος,
3121 2705 3522 2781 ἐχειροτονήθη
3570 2706 3754 2780 ἓτερος.

2127 2796 2230 2850 Καὶ
2256 2797 2392 2868 μετά
2417 2795 2618 2872 χρόνον
2678 2796 2800 2851 τινὰ
2830 2793 3072 2860 ἀνελθὼν
3126 2796 3217 2851 καὶ
3264 2797 3437 2860 αὐτὸς
3495 2795 3570 2858 εἰς
3620 2798 3758 2852 Κων-

2127 2879 2609 2949 σταντινοὺπολιν,
2670 2880 2931 2954 ἐτιμήθη,
2988 2881 3078 2937 καὶ
3129 2879 3394 2954 ἐδεξιώθη
3427 2878 3756 2958 φιλοφρόνως

2125 2977 2272 3047 παρά
2296 2993 2353 3027 τε
2382 2973 2478 3028 τοῦ
2515 2973 2804 3044 Βασιλέως,
2835 2975 2924 3030 καὶ
2953 2979 3050 3030 τοῦ
3079 2977 3456 3051 πατριάρχου.
3488 2973 3586 3032 Καὶ
3611 2973 3761 3045 ὑπερ-

2124 3062 2306 3136 αρθεὶς
2392 3063 2495 3118 ὑπὸ
2578 3065 2938 3138 κουφότητος,
3025 3061 3257 3120 δέδωκεν
3353 3063 3620 3137 ἐπιτίμιον
3688 3063 3758 3131 τῷ

2127 3151 2416 3226 ἁγιωτάτῳ
2474 3155 2635 3224 Μηνᾷ
2711 3155 2787 3227 μή
2857 3153 3211 3230 λειτουργεῖν.
3270 3155 3387 3210 Καὶ
3471 3152 3623 3216 αὐτὸς
3677 3149 3760 3224 μὶν

2125 3240 2336 3315 ἐδέξατο
2370 3245 2579 3320 χαίρων
2610 3247 2672 3302 τὸ
2715 3245 3016 3320 ἐπιτίμιον,
3061 3247 3137 3308 ὡς
3191 3250 3328 3302 Θεοῦ
3391 3243 3687 3322 ἀρχιερεύς.
3713 3247 3761 3295 Ὃ

2124 3331 2180 3389 δὲ
2237 3334 2495 3409 βασιλεὺς
2554 3335 2826 3411 ὀργισθεὶς
2843 3381 2860 3406 ,
2931 3337 3066 3410 μετά
3122 3332 3345 3413 ὕϐρεων
3429 3336 3762 3410 ἀπεπέμψατο

2120 3421 2214 3475 τὸν
2261 3424 2443 3476 πάπαν
2503 3421 2579 3485 εἰς
2624 3422 2874 3495 Ῥώμην.
2934 3421 3040 3480 Καὶ
3116 3423 3252 3495 μετά
3306 3430 3482 3480 ταῦτα
3538 3422 3567 3478 ό
3619 3421 3757 3495 ἅγιος

2122 3511 2310 3581 Μηνᾶς
2334 3510 2516 3575 καλῶς
2551 3512 2732 3577 ἰθὺνας
2761 3513 2824 3568 τὸ
2878 3512 3162 3586 ποίμνιον,
3220 3515 3364 3590 πρὸς
3416 3514 3545 3570 Θεὸν
3587 3508 3753 3586 ἐξεδή-

2125 3622 2201 3673 μη
2210 3621 2294 3656 σεν
2304 3646 2320 3660 .

2231 3707 2325 3762 Καὶ
2376 3705 2610 3779 ἄθλησις
2660 3712 2757 3764 τοῦ
2815 3707 3214 3786 ὀσιομάρτυρος
3260 3708 3540 3786 Γεωργίου
3567 3711 3660 3763 τοῦ

2757 3781 3133 3853 Λιμναιώτουῤ

2190 3869 2464 3945 Γεώργιος
2495 3871 2524 3924 ὁ
2558 3871 2824 3944 μακάριος
2881 3870 2938 3926 ἐκ
2987 3874 3181 3944 νεαρᾶς
3237 3878 3345 3942 τῆς
3385 3871 3615 3942 ⁴ἡλικίας
3663 3866 3752 3934 τήν

2119 3957 2420 4028 ἀσκητικὴν
2445 3956 2723 4036 διαγωγὴν
2754 3958 3017 4036 πρότερον
3042 3958 3095 4014 ἐν
3125 3965 3241 4022 τοῖς
3265 3962 3410 4017 κατά
3435 3961 3528 4016 τὸν
3551 3957 3754 4028 Ὀλυμ-

2117 4068 2219 4102 πον
2245 4043 2423 4121 ὄρεσιν
2455 4044 2759 4119 ἐκτελέσας,
2816 4049 2908 4105 καὶ
2965 4047 3215 4112 πολλοὺς
3270 4051 3489 4127 ἀγῶνας
3537 4044 3754 4118 ἐνδειξά-

2122 4156 2302 4211 μενος,
2335 4137 2557 4211 ὕστερον
2601 4137 2689 4193 ἐπὶ
2718 4145 2819 4208 τῆς
2855 4138 3136 4214 βασιλείας
3188 4137 3430 4204 Λέοντος
3482 4142 3580 4194 τοῦ
3604 4132 3756 4192 Ἰσαό-

2117 4244 2216 4298 ρου
2243 4228 2342 4278 τοῦ
2370 4226 2466 4287 τὰς
2505 4224 2660 4299 ἁγίας
2720 4223 2929 4288 εἰκόνας
2983 4227 3474 4302 ἀποστρεφομένου
3520 4223 3608 4280 καὶ
3659 4221 3750 4277 ἀπ·

2116 4311 2462 4391 αλείφσντος,
2495 4313 2586 4370 καὶ
2615 4315 2682 4370 τὰ
2710 4319 2822 4370 τῶν
2888 4315 3062 4391 ἁγίων
3093 4314 3325 4390 λείψανα
3354 4315 3754 4379 κατακαίοντος,

2119 4401 2274 4474 ζήλῳ
2301 4403 2468 4475 θεῖκῴ
2511 4405 2779 4474 κινηθεὶς,
2837 4404 2929 4460 καὶ
2986 4405 3199 4467 σταθεὶς
3231 4402 3546 4481 ἔμπροσθεν
3578 4402 3750 4478 αὑτοῦ,

2113 4490 2204 4544 καὶ
2285 4490 2800 4566 παρρησιασάμενος
2875 4491 3098 4567 ἤλεγξεν
3166 4493 3328 4550 αὑτὸν
3389 4493 3752 4568 ἀνδρειότατα,

366 4567 569 4621 chi-isti
604 4585 1033 4640 praecursorem
1065 4570 1564 4641 imitatoremque.
1609 4571 2008 4642 Comprehen-

2129 4581 2274 4644 ἄθεον
2311 4579 2477 4635 εἰπὼν
2507 4581 2596 4636 καὶ
2625 4586 2724 4636 τοῦ
2752 4581 3139 4656 Ἀντιλρίστου
3169 4581 3499 4658 πρόδρομον
3545 4580 3633 4637 καὶ
3666 4599 3752 4652 μι-

367 4671 465 4708 sus
497 4657 718 4726 itaque,
751 4676 818 4713 ac
846 4660 1230 4714 vehementer
1285 4659 1676 4728 excruciatus,
1723 4659 2005 4714 custodiae

365 4741 478 4795 fuit
501 4745 770 4812 traditus,
806 4765 876 4802 ex
899 4766 1015 4818 qua
1036 4755 1168 4820 post
1187 4748 1403 4804 multas
1427 4765 1723 4803 aerumnas
1737 4747 2005 4815 eductus,

365 4833 683 4903 cogebatur
711 4835 1098 4908 chirographo
1129 4839 1354 4894 cultum
1382 4839 1535 4894 219
1582 4837 2007 4893 venerabilium

365 4921 690 4993 imaginum
723 4925 1038 4998 abnegare.
1094 4928 1205 4982 Sed
1252 4945 1386 4983 cum
1441 4927 1499 4981 id
1551 4927 1746 4982 facere
1800 4928 2006 4995 nollet,

365 5009 598 5066 diversa
619 5013 1240 5071 subiittormentorum
1264 5032 1498 5088 genera.
1523 5017 1772 5072 Naribus
1794 5016 2008 5071 deinde

367 5098 753 5170 obtruncatis,
778 5109 954 5174 atque
976 5106 1166 5176 capite
1189 5111 1414 5173 exusto,
1437 5107 1656 5178 gratias
1671 5107 1786 5161 Deo
1806 5124 2002 5177 agens,

365 5190 610 5246 tradidit
641 5193 938 5264 spiritum,
972 5211 1162 5250 annos
1211 5201 1386 5252 natus
1436 5195 1699 5266 quinque
1733 5202 1790 5250 et
1819 5213 2004 5251 nona-

365 5281 547 5354 ginta.

917 5403 1156 5460 EODEM
1195 5404 1339 5458 ΜΕΝ
1346 5403 1448 5458 SE.

863 5493 964 5548 Die
993 5494 1272 5548 vicesima
1302 5491 1511 5561 quinta

494 5582 760 5638 Memoria
787 5585 968 5638 sancti
996 5581 1228 5651 apostoli
1265 5582 1374 5634 Titi
1403 5581 1573 5635 Creta?
1599 5583 1858 5652 episcopi.

433 5760 594 5815 Titus
625 5760 839 5815 Christi
871 5757 1176 5830 apostolus
1205 5756 1426 5829 prodiit
1453 5775 1524 5816 ex
1565 5758 1764 5818 insula
1809 5760 2002 5822 Creta.

2120 4671 2323 4742 μητήν.
2383 4669 2689 4744 Κρατηθεὶς
2719 4670 2811 4725 οὗν
2855 4671 2943 4725 καὶ
2974 4671 3314 4747 τιμωρηθεὶς
3349 4672 3597 4748 ἰσχυρῶς
3626 4687 3758 4744 παρ-

2118 4755 2278 4829 εδόθη
2313 4757 2552 4834 φυλακῇο
2585 4759 2674 4813 καὶ
2733 4759 2786 4813 ἐν
2846 4759 2982 4833 αὑτῇ
3038 4759 3489 4837 ταλαιπωρηθείς
3546 4759 3755 4824 ἱκανῶς,

2117 4841 2407 4916 ἐκϐληθεὶς
2463 4847 2630 4917 αὐτῆς
2687 4848 3016 4923 ἠναγκάζετο
3087 4847 3374 4926 ἐγγράφως
3432 4849 3754 4926 ἀρνήσασθαι

2114 4940 2214 5007 τὴν
2246 4942 2353 4993 τῶν
2383 4944 2592 4994 σεπτῶν
2641 4939 2866 4995 εἰκόνων
2924 4939 3319 5014 προσκύνησιν.
3378 4945 3471 5010 Μὴ
3529 4938 3754 5004 πεισθεὶς

2117 5023 2175 5081 δὲ
2204 5025 2573 5100 πολυτρόποις
2619 5029 2864 5104 βασάνων
2943 5025 3110 5089 ἰδέαις
3168 5029 3616 5103 προσομιλήσας,
3647 5029 3756 5082 εἶτα

2113 5117 2214 5186 τήν
2271 5115 2391 5192 ῥῖνα
2437 5116 2690 5189 τμηθεὶς,
2749 5115 2839 5172 καὶ
2897 5118 2998 5186 τήν
3054 5115 3300 5195 κεφαλὴν
3362 5117 3755 5194 καταφλεχθεὶς

2115 5205 2451 5281 εὐχαριστῶν
2503 5210 2583 5278 τῷ
2613 5209 2726 5278 Θεῷ
2755 5207 2816 5260 τὸ
2866 5209 3080 5280 πνεῦμα
3107 5204 3451 5283 παρέδωκεν,
3503 5206 3752 5283 ὑπάρχων

2113 5292 2246 5349 ἐτῶν
2278 5294 2770 5366 ἐνενηκονταπέντε.

2646 5403 2830 5460 ΜΗΝΙ
2882 5405 2976 5461 ΤΩ
3020 5406 3223 5462 ΑΥΤΩ.

2861 5498 2970 5550 KE‘

2221 5586 2424 5655 Μνήμη
2471 5587 2566 5639 τοῦ
2609 5585 2768 5658 ἁγίου
2798 5581 3109 5658 ἀποστόλου
3155 5585 3319 5641 Τίτου
3351 5582 3654 5639 ἐπισκόπου

2823 5657 3060 5731 Κρήτης.

2179 5761 2341 5822 Τίτος
2370 5758 2398 5815 ὂ
2455 5765 2553 5817 τοῦ
2607 5765 2850 5838 Χριστοῦ
2907 5760 3234 5836 ἀπόστολος,
3285 5761 3502 5837 ἐγένετο
3563 5761 3657 5838 μὶν
3695 5757 3752 5814 ἐκ

3947 355 3953 402 1
