4082 6200
292 271 410 334 606

1779 268 2220 335 AUGUSTUS.

3584 283 3705 342 606

291 409 394 474 τῆς
423 408 650 479 Κρητῶν
679 405 874 474 νήσου,
938 405 1024 461 Ἐν
1084 402 1234 478 ἀρχῇ
1285 401 1342 458 δὲ
1396 408 1494 459 τοῦ
1555 405 1679 480 βίου
1721 401 1936 472 πολλήν

2061 402 2142 457 Ab
2164 402 2405 459 ineunte
2428 408 2598 460 aetate
2612 405 2931 477 plurimam
2949 409 3270 464 ostendens
3302 411 3362 466 in
3381 412 3708 469 Graecorum

296 491 700 566 ἐπιδειξάμενος
731 491 974 563 σπουδὴν
1019 495 1097 555 εἰς
1153 494 1219 548 τὰ
1277 491 1583 565 Ἑλληνικὰ
1633 494 1955 566 μαθήματα,

297 583 632 656 ἐθαυμάζετο
683 581 740 638 δὲ
797 582 883 638 ἐπὶ
942 583 1108 658 σοφίᾳ
1172 582 1317 658 παρά
1373 588 1482 638 τῶν
1541 578 1662 654 ἔξω·
1714 583 1955 658 γεγονὼς

301 670 356 728 δὲ
385 672 516 727 ἐτῶν
547 671 743 745 εἷ’κοσι,
792 670 995 742 ἤκουσε
1053 680 1241 751 φωνῆς
1302 670 1573 748 λεγούσης
1604 673 1770 744 αὐτῷ’
1805 671 1953 743 Τίτε,

299 759 418 817 δέον
452 783 509 816 σε
562 761 799 826 ἐντεῦθεν
863 763 1248 838 ὑποχωρῆσαι,
1315 762 1403 816 καὶ
1459 764 1560 830 τήν
1613 763 1798 836 ψυχήν
1859 781 1954 815 σου

302 857 493 905 σῶσαι’
527 852 592 906 οὐ
623 851 722 927 γάρ
779 849 1129 926 ὡφελήσουσί
1187 872 1243 905 σε
1298 851 1366 904 τὰ
1426 853 1723 924 μαθήματα
1763 855 1952 907 ταῦτα.

299 939 517 1008 Ταύτης
546 941 777 1004 ἀκούσας
824 947 924 1010 τῆς
972 944 1174 1017 φωνῆς,
1223 940 1507 996 ἐσκέπτετο
1566 941 1685 1003 καθ’
1741 938 1953 1008 ἐαυτὸν,

295 1029 347 1083 τί
379 1027 461 1084 δεῖ
485 1033 733 1099 ποιῆσαι.
771 1031 873 1088 Καὶ
910 1031 1044 1104 μετὰ
1072 1031 1240 1085 ταῦτα
1272 1030 1505 1094 ἀκούσας
1564 1031 1592 1084 ὁ
1643 1036 1744 1099 τῆς
1805 1030 1949 1104 Κρή-

292 1140 392 1188 της
425 1117 612 1196 ἅρχων
642 1120 705 1175 τά
732 1123 829 1175 τοῦ
884 1124 1120 1195 Χριστοῦ
1180 1118 1449 1192 θαύματα,
1514 1114 1950 1194 προσεκαλέσατο

292 1211 450 1266 αὐτὸν
513 1212 588 1275 ὡς
643 1211 856 1287 λόγίον,
911 1213 1001 1267 καὶ
1063 1211 1231 1288 λέγει·
1293 1212 1444 1284 Τίτε,
1505 1210 1650 1266 Θέλω
1695 1209 1947 1274 ἀπελθεῖν

291 1321 345 1355 σε
376 1301 453 1364 εἷς
479 1300 857 1377 Ἱεροσόλυμα,
914 1301 1002 1356 καὶ
1067 1303 1278 1375 μαθεῖν,
1328 1301 1373 1355 εἰ
1417 1304 1582 1356 ταῦτα
1613 1299 1794 1370 ἀληθῆ
1823 1298 1947 1368 εἶσι,

290 1390 379 1444 καὶ
410 1388 724 1464 ἀναγγεῖλαί
762 1411 880 1462 μοι.
937 1391 998 1448 Ὀ
1051 1386 1108 1445 δὲ
1164 1389 1446 1460 ἀπελθὼν,
1489 1389 1580 1445 τόν
1619 1410 1679 1444 τε
1711 1389 1947 1465 Χριστὸν

291 1477 400 1534 εἶδε
472 1479 565 1534 καὶ
620 1479 688 1534 τὰ
745 1478 1016 1553 θαύματα,
1090 1479 1181 1534 καὶ
1255 1485 1372 1542 τοῖς
1449 1477 1799 1534 πιστεύσασιν
1871 1477 1947 1539 ε’ίς

293 1569 523 1644 Χριστὸν
557 1570 966 1644 συνηριθμήθη.
1030 1570 1126 1624 Καὶ
1191 1569 1327 1643 μετᾶ
1383 1570 1445 1624 τὸ
1502 1567 1674 1633 πάθος
1728 1568 1819 1622 καὶ
1847 1568 1946 1636 τήν

290 1659 602 1725 ἀνάστασιν,
663 1656 961 1722 ἐπίσκοπος
1007 1659 1425 1733 ’χειροτονηθεὶς
1483 1659 1588 1712 ὑπὸ
1635 1662 1743 1713 τῶν
1776 1655 1946 1732 ἁγίων

2066 492 2397 564 disciplinis
2415 495 2792 550 addiscendis
2811 496 3352 566 sedulitatem,cum
3366 501 3709 558 admiratio-

2065 598 2138 636 ne
2159 584 2593 654 suspiciebatur
2605 585 2676 640 ab
2705 587 2958 641 ethnicis
2978 595 3217 659 pr0pter
3238 589 3707 647 doctrinam.Ubi

2064 689 2196 726 vero
2255 673 2598 728 vicesimum
2661 676 2851 730 mtatis
2908 693 3133 731 annum
3217 679 3430 751 attigit,
3491 680 3714 734 audivit

2062 779 2262 818 vocem
2296 764 2407 818 sibi
2439 765 2734 820 dicentem
2762 782 2775 819 :
2809 767 2952 832 Tite,
3007 768 3146 822 hinc
3198 769 3459 836 secedas,
3511 775 3706 825 tuam-

2062 868 2175 922 que
2209 870 2403 908 serves
2434 855 2716 916 auimam,
2749 861 3015 926 oportet;
3051 875 3170 912 non
3206 859 3368 912 enim
3393 859 3499 913 tibi
3528 861 3709 930 prod-

2062 947 2237 995 erunt
2265 943 2355 997 ha}
2389 942 2692 998 doctrinm.
2729 945 2845 998 Hac
2877 961 3014 999 voce
3051 945 3276 1012 audita,
3332 964 3531 1002 secum
3585 948 3709 1018 ipse

2059 1030 2375 1101 cogitabat,
2401 1032 2543 1102 quid
2569 1033 2678 1086 sibi
2704 1038 2860 1087 esset
2881 1033 3196 1105 agendum.
3232 1036 3508 1090 Posthac
3526 1038 3709 1090 Cretm

2059 1120 2372 1189 praifeclus
2413 1120 2631 1176 auditis
2676 1122 2890 1176 Christi
2941 1123 3266 1190 miraculis,
3319 1141 3456 1179 eum
3504 1131 3708 1196 utpote

2058 1211 2390 1280 sapientem
2423 1212 2749 1279 accersivit,
2801 1212 3046 1268 dicens:
3102 1214 3248 1281 Tite,
3298 1215 3706 1286 Hierosolyma

2059 1304 2114 1353 te
2147 1299 2274 1354 volo
2307 1301 2628 1372 proficisci,
2659 1307 2716 1355 et
2745 1319 2819 1356 an
2853 1320 2990 1357 vera
3017 1304 3144 1357 haec
3175 1303 3314 1373 sint,
3349 1304 3704 1376 intelligere,

2058 1397 2116 1446 et
2136 1392 2282 1446 mihi
2306 1395 2671 1448 renuntiare.
2708 1394 2811 1448 llic
2847 1395 3024 1466 igitur
3056 1393 3376 1466 profectus,
3409 1397 3705 1451 Christum

2055 1479 2220 1547 vidit,
2256 1483 2504 1553 ejusque
2537 1483 2864 1538 miracula:
2893 1501 2960 1538 ac
2991 1500 3120 1539 sese
3181 1500 3384 1539 eorum
3435 1501 3707 1553 numero,

2058 1571 2158 1641 qui
2191 1571 2252 1625 in
2283 1572 2583 1626 Christum
2616 1573 3012 1638 crediderant,
3048 1573 3337 1645 adjunxit.
3394 1578 3527 1628 Post
3573 1591 3712 1645 pas—

2057 1659 2287 1714 sionem
2310 1667 2507 1716 autem
2534 1667 2592 1715 et
2613 1664 3134 1730 resurrectionem,
3160 1663 3472 1735 episcopus
3505 1681 3538 1718 a
3569 1680 3709 1718 sau-

289 1744 637 1816 ἀποστόλων,
715 1745 992 1817 ἀπεστάλη
1070 1746 1148 1810 είς
1231 1749 1471 1821 Κρήτην.
1551 1745 1652 1803 Καὶ
1729 1742 1944 1815 διδάξας

2061 1750 2167 1804 ctis
2199 1751 2485 1821 apostolis
2516 1759 2920 1818 consecratus,
2954 1754 3016 1807 in
3048 1754 3281 1808 Cretam
3323 1755 3543 1808 missus
3576 1759 3665 1808 est
3693 1771 3705 1819 ;

282 1835 337 1888 ἐν
365 1837 506 1909 αὐτῇ
537 1837 627 1890 τὸν
661 1834 830 1911 λόγον
883 1839 982 1901 τῆς
1037 1835 1317 1906 ἀληθείας,
1358 1836 1630 1908 ἐκοιμήθη
1666 1835 1946 1904 ἐνενηκον-

279 1929 627 2004 τατεσσάρων
670 1926 804 1984 ἐτῶν
838 1926 1123 2003 ὑπάρχων.

353 2018 458 2072 Καὶ
521 2019 710 2090 μνήμη
771 2022 880 2072 τῶν
948 2017 1114 2092 ἁγίων
1193 2015 1448 2089 ΙῙάτέρων
1523 2019 1685 2090 ἡμῶν
1747 2022 1944 2071 Γεννα-

281 2104 422 2174 δίου,
456 2107 728 2177 Ἰωάννου,
791 2109 1085 2184 Στεφάνου,
1140 2108 1228 2162 καὶ
1287 2112 1445 2178 Μηνᾶ
1492 2107 1943 2183 ἀρχιεπισκὸπων

279 2196 588 2270 γενομένων
621 2195 672 2250 ἐν
709 2197 1302 2254 Κωνσταντινουπόλει.

843 2322 1027 2374 MHNI
1055 2321 1138 2396 Τῼ
1179 2319 1383 2392 arm.

1090 2407 1206 2474 Κζ’.

426 2495 696 2566 Ἀθλησις
721 2498 830 2549 τῶν
863 2494 1030 2570 ἁγίων
1063 2494 1351 2570 μαρτύρων
1387 2492 1676 2570 Ἀδριανοῦ
1707 2493 1796 2548 καί

967 2566 1255 2628 Ναταλίας.

355 2680 638 2756 ’Δδριανὸς
694 2681 722 2736 ὁ
774 2685 869 2736 τοῦ
922 2684 1160 2756 Χριστοῦ
1221 2683 1448 2756 μάρτυς,
1494 2680 1582 2736 καὶ
1629 2680 1936 2750 Ναταλίαὴ

275 2771 673 2844 χρηματίσασα
732 2766 970 2844 σύμϐιος
1028 2771 1214 2841 αὐτοῦ,
1279 2771 1531 2847 ὑπῆρχον
1596 2770 1687 2843 μὲν
1743 2769 1801 2824 ἐκ
1838 2776 1936 2838 τῆς

275 2865 498 2924 πόλεως
531 2861 931 2936 Νικομηδείας.
985 2861 1134 2920 Ἰδὼν
1197 2861 1255 2918 δέ
1311 2861 1599 2939 Ἀδριανός
1625 2883 1776 2926 τινας
1805 2863 1941 2936 Χρι-

273 2951 526 3012 στιανοὺς
584 2948 951 3026 κρατηθέντας
1012 2952 1116 3006 ὑπὸ
1173 2957 1283 3006 τῶν
1343 2950 1788 3026 εἰδωλολατρῶν,
1847 2950 1938 3005 καὶ

275 3040 764 3115 βασανιζομένους,
837 3043 1123 3112 ἠρώτησεν
1185 3041 1406 3104 αὐτούς·
1474 3040 1572 3096 Διὰ
1644 3042 1696 3096 τί
1771 3044 1940 3095 ταῦτα

2055 1839 2275 1910 ubique
2308 1857 2442 1895 cum
2472 1843 2733 1897 veritatis
2788 1842 3034 1898 verbum
3084 1842 3438 1911 edocuisset,
3489 1845 3703 1899 obdor-

2056 1928 2240 1993 mivit,
2272 1946 2463 1984 annos
2495 1936 2669 1985 natus
2701 1932 3027 2003 nonaginta
3058 1938 3334 2002 quatuor.

2123 2020 2192 2071 Et
2221 2020 2512 2075 memoria
2542 2027 2883 2075 sanctorum
2911 2022 3151 2075 Patrum
3180 2027 3520 2076 nostrorum
3553 2024 3702 2076 Gen-

2053 2107 2238 2175 nadii,
2271 2109 2536 2176 Joannis,
2573 2110 2878 2180 Stephani,
2913 2115 2970 2164 et
3001 2113 3182 2165 Mente
3224 2112 3702 2182 archiepiscOpo-

2051 2214 2183 2251 rum
2215 2199 2783 2270 Constantinopolis.

2614 2315 2855 2369 EODEM
2895 2315 3147 2374 MENSE.

2578 2405 2678 2458 Die
2709 2405 2988 2461 vicesima
3017 2413 3181 2461 sexta

2055 2494 2212 2549 220
2277 2495 2570 2549 Certamen
2625 2502 2940 2621 sancltvocuin
2992 2505 3295 2566 martyrum
3353 2497 3597 2551 Adriani
3655 2502 3710 2550 et

2795 2584 2827 2620 a
2855 2585 2886 2620 ιι
2915 2582 3004 2621 ua

2795 2582 3004 2624 atame.

2117 2681 2417 2736 Adrianus
2448 2681 2664 2737 Christi
2699 2687 2942 2753 martyr,
2977 2688 3035 2736 et
3082 2682 3311 2737 Natalia
3357 2683 3487 2754 ejus
3535 2698 3706 2750 uxor,

2050 2773 2301 2843 patriam
2327 2773 2586 2828 habuere
2611 2773 3187 2829 Nicomediam.Cum
3212 2774 3388 2846 igitur
3404 2773 3709 2828 Adrianus

2051 2863 2341 2934 quosdam
2374 2865 2742 2918 Christianos
2775 2870 3070 2936 spectaret
3125 2864 3197 2919 ab
3243 2864 3575 2919 idololatris
3606 2864 3705 2918 de-

2053 2957 2247 3007 tentos
2279 2957 2455 3024 atque
2517 2954 2910 3018 excruciatos,
2955 2954 3358 3027 interrogavit,
3418 2971 3524 3009 cur
3582 2955 3706 3008 hanc

2052 3043 2422 3098 sustinerent
2450 3059 2462 3097 :
2496 3059 2563 3098 ac
2591 3043 2794 3100 audito
2826 3043 2898 3098 ab
2931 3043 3073 3113 illis,
3107 3049 3350 3114 propter
3372 3045 3560 3114 parati
3597 3044 3707 3098 sibi

275 3126 612 3202 ὑπομένετες
672 3132 774 3187 Καὶ
837 3129 1069 3196 ἀκούσας
1122 3137 1244 3204 παρ’
1302 3133 1500 3185 αὐτῶν·
1561 3134 1676 3184 *Οτι
1739 3127 1828 3184 διὰ
1873 3130 1940 3183 τά

2061 3148 2086 3186 a
2112 3136 2225 3186 Deo
2257 3131 2412 3186 bona
2441 3133 2740 3188 cruciatus
2772 3133 3044 3205 perferri,
3079 3133 3279 3186 statim
3315 3138 3708 3203 compunctus

270 3219 608 3291 ἀποκείμενα
663 3221 799 3292 ἡμῖν
859 3221 1036 3295 ἀγαθά
1089 3219 1150 3275 ἐκ
1195 3224 1350 3275 Οεοῦ’
1410 3219 1728 3294 κατανυγεὶς
1757 3218 1938 3289 εὐθὺς,

268 3307 358 3362 καὶ
437 3307 802 3384 παρεκάλεσεν
859 3309 987 3370 τοὺς
1043 3308 1533 3384 ἀπογραφομένους
1603 3314 1713 3364 τῶν
1774 3309 1938 3384 άγίιυν

273 3399 336 3451 τά
365 3392 635 3469 ὀνόματα,
686 3397 895 3468 ἐντάξαι
939 3398 1002 3453 τὸ
1035 3399 1204 3453 αὐτοῦ
1261 3396 1458 3472 ὄνομα.
1494 3398 1592 3453 Καὶ
1623 3397 1820 3453 τούτου
1848 3419 1940 3473 γε·

272 3485 536 3558 νομένου,
570 3483 880 3559 δραμοῦσα,
938 3489 974 3556 ἡ
1036 3485 1283 3542 Ναταλία
1337 3486 1390 3542 ἐν
1439 3491 1508 3561 τῇ
1541 3487 1782 3563 φυλακῇ,
1813 3507 1941 3541 κατ-

280 3577 561 3646 ησπάζετο
592 3580 686 3631 τοῦ
717 3574 911 3652 ἀνδρὸς
958 3576 1025 3631 τὰ
1083 3574 1279 3650 δεσμὰ,
1331 3581 1824 3651 προθυμοποιοῦσα
1853 3577 1944 3631 αὒ-

275 3667 372 3721 τὸν
435 3667 574 3740 πρὸς
630 3666 691 3720 τὸ
752 3665 1074 3742 μαρτύριον.
1146 3666 1553 3741 Ὑποστρέψασα
1609 3665 1668 3722 δὶ
1725 3666 1801 3728 εἷς
1855 3666 1948 3721 τὸν

279 3757 430 3811 οἶκον
466 3753 657 3825 αὐτῆς,
716 3753 923 3831 ηὔχετο
981 3755 1115 3829 ὑπὲρ
1173 3754 1338 3810 αὐτοῦ
1377 3754 1664 3811 τελειῶσαι
1694 3757 1786 3810 τὸν
1820 3750 1947 3831 δρό-

282 3869 386 3920 μον
451 3853 550 3917 τῆς
608 3843 914 3916 ἀθλήσεως.
976 3847 1125 3902 Ἐπεὶ
1189 3843 1246 3901 δὲ
1303 3847 1646 3921 παρέστησαν
1703 3851 1783 3920 τῷ
1831 3851 1949 3902 Μα-

283 3937 546 4009 ξιμιανῷ,
593 3935 680 3990 καὶ
744 3933 986 4009 μεληδὸν
1038 3935 1438 4007 κατεκόπησαν,
1487 3941 1734 4011 παροῦσα
1763 3938 1798 4005 ἠ
1833 3937 1948 3992 Nato

283 4025 457 4081 ταλία
505 4023 840 4080 συνέστειλεν
898 4024 1074 4079 αὐτῶν
1130 4026 1198 4079 τὰ
1273 4025 1520 4099 λείψανα.
1581 4024 1686 4080 Καὶ
1745 4026 1951 4080 ἀποκο-

288 4117 499 4187 μίσασα
531 4113 608 4177 είς
642 4115 705 4169 τὸ
764 4113 1082 4186 Βοζάντιον,
1113 4115 1408 4186 κατέθηκεν
1441 4113 1495 4170 ἐν
1528 4113 1951 4190 Ἀργυροπόλει.

285 4206 388 4262 Καὶ
427 4204 564 4276 μετά
620 4208 788 4259 ταῦτα
845 4204 936 4258 καὶ
995 4203 1132 4274 αὐτὴ
1183 4204 1554 4274 τελειωθεῖσα,
1600 4201 1769 4282 ἐτάφη
1802 4202 1954 4274 πλη-

286 4295 405 4350 σίον
435 4292 635 4350 αὐτῶν.

361 4441 471 4498 Καὶ
521 4438 750 4512 ἄθλησις
795 4445 895 4497 τοῦ
943 4440 1096 4518 ἁγίου
1137 4441 1321 4528 ἐτέρου
1356 4441 1629 4518 μάρτυρος
1663 4439 1883 4518 Ἀδρια-

1076 4535 1189 4570 νου.

357 4653 428 4708 Ὁ
454 4653 552 4705 τοῦ
585 4651 820 4722 Χριστοῦ
873 4649 1080 4722 μάρτυς
1139 4645 1422 4722 Ἀδριανὸς
1453 4648 1520 4717 ἦν
1553 4647 1638 4704 ἐπὶ
1674 4655 1770 4717 τῆς
1805 4649 1952 4724 βασι-

289 4738 446 4802 λείας
479 4736 780 4809 Λικιννίου,
813 4738 930 4800 υἱὸς
993 4737 1087 4810 μὲν
1148 4737 1410 4814 ὑπάρχων
1473 4733 1688 4812 Πρόϐου
1712 4741 1809 4793 τοῦ
1844 4739 1949 4814 βα-

287 4828 514 4895 σιλέως,
571 4829 660 4882 καὶ
702 4824 935 4904 ἀδειρὸλς
995 4827 1260 4899 Δομετίου
1311 4832 1407 4882 τοῦ
1463 4827 1756 4903 γενομένου
1817 4828 1952 4901 μετά

287 4923 448 4974 Τῖτον
505 4917 806 4972 ἐπισκόπου
863 4917 1180 4985 Βυζαντίουο
1239 4918 1418 4990 πατήρ
1479 4914 1534 4971 δὲ
1594 4912 1814 4990 Πρόϐου
1859 4915 1950 4971 καὶ

291 5009 713 5085 Μητροφάνους,
769 5009 879 5060 τῶν
942 5006 1077 5079 μετά
1149 5009 1316 5060 ταῦτα
1369 5006 1674 5080 γενομένων
1733 5003 1950 5060 ἐπισκό-

291 5119 434 5154 πων.
467 5103 578 5165 Τῆς
608 5096 702 5149 οὖν
752 5093 1073 5168 τυραννίδος
1119 5093 1206 5150 ἐπὶ
1255 5096 1558 5167 Λικιννίου,
1596 5096 1683 5150 καὶ
1721 5093 1956 5165 Διοκλη-

292 5190 479 5240 τιανοῦ
545 5183 872 5261 κρατούσης,
938 5183 1029 5238 καὶ
1131 5183 1358 5238 πολλῶν
1425 5188 1762 5258 Χριστιανῶν
1831 5183 1950 5247 καθ’

290 5275 522 5345 ἑκάστην
626 5275 1022 5351 φονευομένων,
1127 5275 1156 5328 ὁ
1273 5273 1535 5349 μακάριος
1636 5271 1946 5349 Ἀδριανὸς,

292 5366 406 5438 ἅμα
480 5365 572 5438 μὲν
653 5362 860 5432 ζηλῶν,
937 5365 1050 5436 ἅμα
1125 5359 1183 5417 δὶ
1256 5364 1438 5417 ποθῶν
1517 5362 1650 5437 ὑπὲρ
1706 5366 1948 5436 Χριστοῦ

293 5460 659 5528 μαρτυρῆσαι,
717 5453 960 5522 ἀπῆλθεν
1040 5451 1116 5514 εἰς
1199 5450 1600 5526 Νικομήδειαν.
1689 5451 1796 5507 Καὶ
1846 5452 1947 5526 ἐμ-

292 5543 568 5618 φανισθεὶς
617 5546 697 5614 τῷ
751 5541 1036 5613 Λικιννίῳ,
1091 5539 1362 5596 ὠνείδισεν
1407 5540 1556 5615 αὖτῷ
1586 5541 1661 5604 ὡς
1692 5539 1951 5614 λυμαινο-

295 5633 443 5706 μένῳ
512 5633 578 5687 τά
664 5631 948 5705 Ῥωμαϊκά
1025 5629 1382 5707 στρατόπεδα,
1471 5632 1557 5686 καὶ
1635 5628 1945 5686 καταδαπα-

1982 4526 2030 4590 Ι)

2049 3226 2165 3288 est;
2189 3221 2655 3292 obsecrabatque
2675 3239 2795 3288 eos,
2829 3221 2930 3291 qui
2965 3226 3308 3276 sanctorum
3369 3222 3614 3276 nomina
3646 3221 3707 3273 in

2050 3310 2282 3365 tabulas
2306 3310 2664 3378 referebant,
2691 3317 2754 3364 ut
2775 3327 2947 3364 suum
2973 3311 3151 3366 etiam
3179 3311 3708 3382 apponerent.Quo

2050 3397 2226 3467 facto,
2261 3415 2581 3454 occurrens
2613 3399 2687 3453 ad
2739 3415 3037 3454 carcerem
3070 3399 3320 3464 Natalia,
3357 3397 3555 3453 mariti
3583 3398 3714 3451 vin—

2059 3490 2193 3546 cula
2209 3489 2716 3560 complectebatur
2745 3490 2938 3560 ipsum
2962 3489 3225 3544 excitans
3241 3488 3312 3543 ad
3329 3488 3709 3559 martyrium:

2055 3579 2418 3650 domumque
2459 3595 2627 3633 suam
2659 3594 2915 3645 reversa,
2940 3596 3046 3650 pro
3072 3595 3140 3633 eo
3171 3595 3378 3650 preces
3398 3577 3705 3643 fundebat,

2053 3675 2119 3724 ut
2161 3669 2508 3724 certaminis
2565 3686 2806 3724 cursum
2865 3676 3325 3725 consummaret.
3385 3670 3707 3740 Postquam

2056 3764 2252 3814 autem
2269 3764 2558 3831 martyres
2574 3775 2774 3813 coram
2793 3759 3142 3814 Maximiano
3159 3759 3711 3825 steterunt,etfuere

2056 3848 2436 3905 membratim
2493 3848 2857 3916 obtruncati,
2917 3852 3118 3904 astans
3195 3847 3446 3911 Natalia,
3508 3863 3712 3902 eorum

2058 3940 2297 4013 collegit
2326 3939 2634 4011 reliquias,
2667 3955 2733 3994 ac
2763 3939 3129 3994 transferens
3153 3939 3712 4010 Byzantium,Argy-

2063 4030 2248 4102 ropoli
2283 4029 2444 4100 ipsas
2475 4029 2769 4100 deposuit.
2803 4030 2944 4083 Post
2971 4028 3097 4083 hmc
3129 4029 3306 4082 etiam
3341 4028 3470 4098 ipsa
3528 4029 3708 4083 tinem

2060 4120 2381 4191 accipiens,
2415 4135 2598 4189 prope
2633 4119 2767 4172 illos
2798 4118 2910 4172 fuit
2939 4118 3190 4188 sepulta.

2180 4438 2245 4491 Et
2277 4441 2552 4490 certamen
2582 4433 2813 4490 alterius
2842 4436 3018 4489 sancti
3045 4450 3152 4488 ma:
3169 4435 3304 4503 tyris
3328 4432 3592 4488 Adriani.

2135 4651 2237 4705 llic
2267 4649 2484 4704 Christi
2517 4654 2741 4719 martyr
2775 4648 3061 4703 Adrianus
3094 4649 3316 4703 exstitit
3337 4646 3706 4718 temporibus

2061 4739 2270 4794 Licinii
2303 4738 2711 4808 imperatoris;
2748 4737 2906 4792 illius
2930 4737 3170 4808 quidem
3196 4737 3369 4792 Probi
3393 4738 3712 4808 imperato-

2059 4831 2164 4897 ris,
2195 4830 2379 4884 frater
2409 4834 2606 4883 autem
2639 4828 2892 4883 Dometii
2925 4827 3110 4895 illius,
3143 4828 3245 4898 qui
3276 4828 3388 4884 fuit
3434 4833 3569 4900 post
3615 4826 3713 4880 Ti—

2026 4935 2032 4941 ·
2061 4925 2184 4974 tum
2217 4917 2476 4990 Byzantii
2509 4917 2842 4988 episcopus,
2875 4922 3044 4989 pater
3072 4935 3207 4973 vero
3240 4917 3437 4986 Probi,
3484 4923 3544 4972 et
3593 4917 3712 4970 Me-

2058 5007 2390 5079 tr0phanis,
2448 5007 2550 5077 qui
2610 5011 2816 5078 postea
2898 5007 3306 5079 episcopatum
3377 5011 3709 5080 gesserunt.

2060 5098 2263 5168 Itaque
2296 5096 2687 5168 praepollente
2714 5096 2822 5152 sub
2856 5097 3078 5152 Licinio
3112 5103 3170 5153 et
3210 5099 3575 5153 Diocletiano
3609 5103 3708 5169 ty-

2058 5188 2287 5255 ranide,
2312 5187 2636 5258 multisque
2667 5204 2739 5241 ex
2767 5187 3121 5244 Christianis
3143 5189 3202 5243 in
3225 5189 3383 5245 diem
3415 5190 3707 5256 mactatis,

2058 5277 2266 5333 beatus
2298 5276 2594 5332 Adrianus
2625 5277 2746 5331 zelo
2778 5277 3000 5348 pariter
3030 5284 3208 5350 atque
3231 5280 3581 5351 martyrium
3598 5297 3703 5350 pro

2059 5367 2287 5422 Christo
2319 5366 2612 5422 subeundi
2645 5365 2939 5424 desiderio
2989 5369 3386 5441 conflagrans,
3437 5370 3706 5424 Nicome—

2059 5457 2214 5512 diam
2247 5456 2559 5523 discessit;
2595 5471 2661 5510 ac
2693 5473 2822 5510 sese
2857 5457 3077 5513 Licinio
3137 5459 3549 5526 manifestans,
3600 5475 3702 5512 ex-

2058 5545 2332 5616 probavit
2361 5545 2436 5614 ei,
2469 5544 2626 5614 quod
2659 5546 2959 5601 Romanos
2989 5547 3266 5618 perderet
3296 5548 3609 5613 exercitus,
3644 5551 3702 5600 et

2058 5635 2342 5706 pecunias
2396 5638 2798 5703 consumeret,
2846 5633 3189 5706 bellumque
3239 5652 3359 5690 non
3407 5634 3700 5704 Barbaris,
