4084 6202
379 298 512 366 607

1715 297 2144 360 MENOLOGII
2187 297 2394 361 PARS
2433 300 2547 362 III.

3685 300 3804 362 608

393 431 499 488 sed
522 432 872 488 Christianis
895 432 1158 487 inferret.
1193 428 1502 484 Blanditiis
1522 428 1701 501 igitur
1729 446 1763 485 a
1785 435 2037 501 tyranno

2167 433 2314 485 νῶντι
2352 429 2420 486 τά
2474 431 2761 506 χρήματα,
2819 430 2910 484 καὶ
2972 430 3049 502 μὴ
3108 426 3446 503 πολεμούντι
3477 426 3629 502 ἔθνη,
3661 427 3805 485 ἀλλά

396 521 887 594 delinitus,atque
901 518 1390 594 persuasibilibus
1407 518 1598 573 verbis
1621 524 1858 575 coactus
1871 521 2036 574 Chri-

398 618 556 670 stum
586 613 896 684 abnegare,
926 627 1034 665 nec
1064 616 1262 664 tamen
1293 608 1368 664 ad
1399 607 1458 663 id
1502 609 1802 680 inductus,
1836 614 2038 681 aperte

396 705 776 776 impugnatur
797 703 971 770 221,
1006 705 1065 754 et
1093 700 1285 771 capite
1344 705 1704 772 amputatus,
1755 701 2038 772 martyrio

392 794 676 863 fungitur.
711 794 850 861 Ejus
875 795 1073 846 autem
1097 789 1366 861 reliquiae
1390 791 1710 860 translata),
1745 790 1955 846 eodem
1977 792 2038 847 in

389 881 520 935 loco
553 881 716 934 fuere
746 881 1042 951 repositae,
1075 880 1177 935 ubi
1234 882 1422 936 sancti
1475 881 1739 949 Adriani,
1791 887 2037 937 exntero-

390 985 642 1039 rumque
675 974 1034 1038 sanctorum,
1070 974 1130 1024 et
1177 970 1421 1042 Stachys
1470 971 1722 1041 apostoli
1769 970 2037 1041 reliquiae

382 1058 608 1129 jacent.

944 1178 1187 1232 EODEM
1228 1177 1480 1233 MENSE.

871 1267 972 1322 Die
1004 1268 1286 1324 vicesima
1315 1269 1568 1340 septima

639 1358 906 1412 Memoria
934 1360 1116 1413 sancti
1143 1359 1328 1414 Patris
1357 1360 1530 1413 nostri
1559 1358 1788 1413 Liberii.

464 1486 674 1541 Beatus
707 1485 998 1555 Liberius,
1029 1489 1294 1544 veritatis
1320 1488 2038 1560 propugnator,Constan-

388 1574 470 1630 tio
499 1575 830 1647 imperante
863 1583 990 1632 erat
1046 1579 1246 1634 Romae
1308 1578 1640 1650 episcopus.
1702 1578 1847 1632 Cum
1903 1595 2039 1633 vero

389 1666 512 1721 zelo
547 1665 682 1722 fidei
718 1667 1060 1724 orthodoxaa
1093 1669 1348 1739 arderet,
1369 1668 2038 1740 suscepitAthanasium

2149 519 2528 595 Χριστιανούς.
2562 519 2924 584 Κολακευθεὶς
2955 520 3045 575 οὖν
3103 520 3207 575 ὑπὸ
3252 524 3360 575 τοῦ
3399 521 3690 596 τυράννου,
3717 521 3802 575 καὶ

2145 606 2560 683 πιθανολογίαις
2616 608 2968 686 ἀναγκασθεὶς
3017 608 3352 684 ἀρνήσασθαι
3406 609 3499 664 τὸν
3547 609 3802 684 Χριστὸν,

2145 696 2235 752 xui
2267 699 2342 770 μή
2401 697 2662 769 πεισθεὶς,
2720 701 2964 773 φανερῶς
3019 692 3414 769 ἐπεϐουλεύθη,
3457 699 3545 752 καὶ
3577 699 3679 768 τήν
3713 719 3801 753 κε·-

2147 787 2326 864 φαλήν
2359 787 2722 861 ἀποτμηθεὶς,
2771 787 3094 859 ἐτελειώθη.
3135 789 3209 845 Τὸ
3256 785 3314 843 δὲ
3345 785 3604 863 λείψανον
3636 787 3804 844 αὐτοῦ

2146 875 2499 949 ἀνακομισθὲν
2532 875 2684 947 ἐτέθη
2738 875 2859 932 ἔνθα
2911 877 2974 932 τὸ
3028 881 3125 931 τοῦ
3175 877 3336 951 ἁγίου
3367 873 3684 951 ’Δδριανοῦ,
3715 876 3803 932 καὶ

2143 969 2250 1021 τῶν
2281 965 2490 1022 λοιπῶν
2525 967 2720 1043 ἁγίων.
2755 967 2840 1023 xui
2878 968 3132 1042 Στάχυος
3161 969 3259 1022 τοῦ
3290 965 3625 1024 ἀποστόλου.

2690 1177 2872 1235 ΜΠΝΙ
2910 1178 3002 1234 ΤΩ
3039 1179 3246 1236 ΔΥΤΩ.

2254 1357 2375 1427 Μνή
2389 1378 2465 1430 μη
2495 1359 2594 1411 τοῦ
2625 1356 2676 1412 ἐν
2710 1357 2893 1433 ἁγίοις
2921 1273 3154 1433 ΙἷίΖατρὸς
3205 1358 3366 1431 ἡμῶν
3415 1351 3697 1433 Λιϐερίου.

2219 1477 2474 1556 Λιϐέριος
2525 1483 2553 1538 ὁ
2605 1484 2874 1559 μακάριος
2925 1483 3015 1540 xui
3080 1490 3185 1554 τῆς
3241 1482 3507 1556 ἀληθείας
3558 1483 3806 1558 ὑπέρμα-

2149 1590 2252 1646 χος
2299 1573 2365 1641 ἧν
2421 1569 2512 1627 ἐπὶ
2563 1579 2663 1643 τῆς
2725 1570 3006 1649 βασιλείας
3064 1574 3447 1630 Κωνσταντίου
3503 1571 3802 1634 ἐπίσκοπος

2148 1662 2392 1733 Ῥώμης.
2451 1660 2738 1738 Ὑπάρχων
2793 1659 2852 1718 δέ
2910 1661 3170 1735 ζηλωτής
3224 1670 3328 1734 τῆς
3386 1661 3683 1739 ὁρθοδόεου
3712 1665 3806 1718 πί-

393 1757 467 1811 ab
503 1757 796 1812 hmreticis
827 1759 1202 1830 exagitatum,
1232 1759 1810 1830 atqueiAlexandrim
1831 1759 2043 1815 throno

2167 1771 2336 1822 ττεως,
2397 1747 2685 1821 ὑπεδέξατο
2740 1751 2832 1808 τὸν
2923 1754 3090 1828 μέγαν
3182 1752 3500 1818 Ἀθανᾶσιον
3560 1750 3802 1808 ὑποὸιωο

399 1846 725 1916 expulsum,
759 1811 1263 1916 ειυοᾱῗυέιῖίιξιῖέὲιῖ
1276 1811 2037 1920 ’ίὶέὲᾜέιίᾇιῖἷᾶὲιέιίᾶὲὲξιῖ

2324 1811 2336 1822 ,
2569 1811 2584 1821 ,
2923 1811 2934 1826 ,
3006 1811 3018 1828 ,
3254 1811 3273 1818 -

2167 1841 2348 1915 (θέντα
2379 1839 2482 1895 ὑπὸ
2540 1844 2647 1895 τῶν
2703 1842 2991 1916 αἱρετικῶν
3047 1843 3137 1897 καὶ
3193 1847 3292 1898 τοῦ
3323 1843 3521 1918 θρόνου
3553 1841 3804 1913 Ἀλεξαν-

395 1939 547 1988 Dum
585 1935 744 1989 enim
794 1935 950 1991 inter
992 1938 1149 1991 vivos
1206 1937 1460 2009 agebant
1515 1938 1936 1994 Constantinus
1985 1943 2045 1993 et

395 2022 686 2078 Constans
716 2025 976 2096 majores
1037 2032 1181 2082 natu
1240 2027 1347 2081 filii
1405 2027 1594 2099 Magni
1649 2028 2042 2093 Constantini,

394 2113 884 2170 ortliodoxafides
908 2121 1135 2171 servata
1158 2121 1248 2171 est
1264 2116 1386 2183 ;sed
1411 2116 1511 2170 ubi
1534 2117 1622 2171 illi
1637 2117 2042 2188 decesserunt,

397 2210 456 2257 et
479 2204 726 2258 relictus
757 2204 869 2259 fuit
899 2221 1100 2260 rerum
1132 2205 1410 2261 dominus
1442 2208 1818 2263 Canstantius
1848 2209 2048 2263 minor

397 2296 542 2345 natu
567 2292 856 2362 filius,qui
882 2293 1134 2348 Arianus
1155 2295 2043 2365 erat,praivaluerunthairetici.

398 2383 768 2451 Quapropter
781 2381 959 2434 etiam
975 2382 1240 2436 Liberius
1255 2387 1565 2454 postquam
1587 2383 1839 2439 multum
1854 2383 2049 2439 redar-

405 2471 548 2543 guit,
583 2477 760 2541 atque
791 2471 1117 2543 increpavit
1145 2473 1562 2528 haereticorum
1594 2475 2050 2546 impietatem,in

409 2563 671 2617 Bermam
703 2562 966 2616 Thracias
996 2563 1295 2618 civitatem
1328 2568 1418 2617 est
1445 2564 1762 2632 relegatus.
1815 2567 1886 2618 At
1915 2581 2048 2619 cum

404 2651 657 2706 Romani
689 2649 804 2704 fide
837 2657 896 2706 et
925 2650 1243 2706 dilectione
1295 2668 1432 2724 erga
1479 2652 1654 2707 illum
1699 2658 1901 2708 essent
1950 2652 2050 2707 de—

397 2739 597 2806 vincti,
631 2746 1011 2796 accesserunt
1041 2739 1112 2795 ad
1172 2740 1614 2812 imperatorem,
1667 2747 2052 2813 exposcentes

399 2844 575 2883 eum:
610 2847 678 2885 ac
708 2834 1024 2901 propterea
1063 2831 1310 2885 Romam
1359 2830 1574 2886 iterum
1633 2831 1872 2903 missus,
1916 2848 2051 2887 cum

398 2936 571 2974 suum
603 2936 843 2993 gregem
873 2925 1033 2976 recte
1064 2920 1474 2994 gubernasset,
1506 2921 1780 2978 decessit.

397 3112 467 3165 Et
489 3111 752 3166 memoria
790 3113 972 3167 sancti
1026 3113 1211 3167 Patris
1254 3113 1430 3168 nostri
1486 3112 1753 3168 Poemenis
1808 3111 2047 3168 anacho-

1149 3189 1299 3239 rete.

472 3301 724 3357 Sanctus
753 3303 930 3357 Pater
976 3305 1181 3358 noster
1236 3303 1476 3357 Pcemen
1529 3318 1599 3357 ex
1657 3300 1885 3374 Egypti
1942 3299 2056 3355 fuit

401 3392 640 3465 regione
673 3408 686 3447 :
720 3390 1004 3448 derelicto
1023 3397 1223 3448 autem
1241 3391 1488 3460 mundo,
1513 3391 1762 3448 secessit
1779 3407 1897 3446 una
1917 3407 2054 3446 cum

399 3483 522 3537 suis
554 3483 854 3555 germanis
887 3483 1169 3538 fratribus
1202 3483 1262 3538 in
1294 3483 1748 3551 monasterium,
1777 3487 1835 3537 et
1855 3497 2057 3537 mona-

397 3571 748 3628 cliusfactus
774 3578 882 3626 est.
911 3572 1106 3627 Multis
1130 3577 1264 3642 post
1284 3572 1459 3627 annis
1487 3589 1622 3627 cum
1643 3587 1848 3626 eorum
1869 3574 2060 3626 mater

401 3661 474 3716 ad
534 3678 635 3716 eos
695 3661 1042 3716 invisendos
1093 3661 1358 3732 profecta
1424 3666 1600 3726 esset,
1683 3661 1743 3715 id
1822 3659 2058 3730 assequi

402 3750 649 3804 minime
673 3750 904 3820 potuit:
941 3749 1317 3803 occluserant
1340 3749 1498 3803 enim
1524 3749 1612 3803 illi
1630 3749 2060 3820 januam.Dum

406 3853 541 3889 vero
575 3837 699 3890 [MDC
731 3836 792 3890 in
823 3837 1141 3908 gemitibus
1191 3837 1558 3905 persisteret,
1616 3837 1700 3890 ait
1747 3836 1817 3891 ad
1868 3837 2061 3907 ipsam

411 3927 674 3992 Pii-men,
711 3942 831 3979 non
864 3925 1116 3979 intuitus
1149 3941 1300 3978 eam.
1335 3924 1484 3988 Quid
1545 3930 1734 3995 optas,
1768 3942 1800 3979 ο
1832 3924 2064 3980 mater?

410 4015 545 4068 ΙΙωο
568 4031 738 4071 vero:
770 4016 878 4068 Vos
903 4013 1250 4085 conspicere
1281 4011 1432 4068 volo.
1467 4013 1569 4067 Cui
1598 4014 1751 4070 222
1783 4015 2021 4068 Paamen
2047 4029 2060 4067 :

410 4105 477 4158 In
509 4103 698 4158 altero
731 4103 948 4160 smculo
982 4119 1092 4159 nos
1124 4103 1378 4158 invicem
1427 4102 1780 4158 videbimus.
1831 4104 1968 4168 Quae
2001 4108 2066 4158 ut

414 4193 660 4264 audivit,
719 4196 986 4251 recessit.
1049 4200 1123 4249 At
1179 4211 1298 4249 non
1357 4194 1468 4248 hoc
1527 4193 1720 4249 solum
1779 4194 2066 4249 memoria

410 4285 658 4357 dignum
691 4284 804 4341 iste
835 4286 1037 4356 gessit,
1076 4284 1179 4339 sed
1230 4290 1289 4338 et
1345 4283 1462 4338 alia
1505 4283 1696 4356 plura.
1745 4284 2065 4339 Praefectus

411 4377 575 4430 enim
608 4376 894 4446 regionis,
918 4376 1351 4447 comprehenso
1376 4375 1598 4430 sororis
1629 4375 1757 4446 ejus
1790 4374 1912 4429 filio
1936 4391 2067 4446 pro-

2149 1926 2326 2004 δρείας
2378 1926 2734 2000 ἀπελαθέντα,
2793 1931 3304 2008 παρρησιαζόμενος
3356 1932 3456 2001 τήν
3501 1927 3800 1990 εὐσέϐειαν.

2147 2020 2291 2082 Ἔως
2350 2018 2454 2095 γάρ
2508 2027 2772 2095 περιῆσαν
2832 2023 3259 2090 Κωνσταντῖνος,
3316 2024 3405 2078 καὶ
3468 2023 3806 2086 Κώνσταςοὶ

2149 2111 2359 2182 πρῶτοι
2394 2107 2633 2163 υίοὶτοῦ
2690 2108 2932 2183 μεγάλου
2993 2110 3418 2182 Κωνσταντίνου,
3478 2109 3807 2188 ἐφυλάττετο

2150 2199 2185 2265 ἡ
2248 2194 2539 2272 ὀρθόδοξος
2593 2195 2798 2260 πίστις’
2860 2198 3023 2268 ἡνίκα
3079 2196 3137 2255 δὲ
3192 2198 3386 2256 ἐκεῖνοι
3428 2198 3810 2271 ἐτελεύτησαν,

2151 2284 2240 2340 καὶ
2299 2283 2626 2365 κατελείφθη
2684 2307 2874 2364 κυριος
2948 2293 3058 2344 τῶν
3134 2291 3467 2366 πραγμάτων
3527 2289 3812 2344 Κωνστάν·

2150 2395 2271 2436 τιος
2317 2375 2344 2428 ὁ
2379 2372 2612 2439 ἔσχατος
2668 2377 2809 2445 υἱὸς,
2868 2377 3147 2451 ’Δρειανὸς
3201 2374 3299 2451 ὤν,
3361 2377 3726 2454 ὑπερίσχυσαν
3762 2387 3816 2440 οἱ

2152 2464 2436 2540 αἱρετικοί.
2493 2466 2656 2529 Ὅθεν
2713 2466 2802 2520 καὶ
2861 2463 3140 2542 Λιϐέριος,
3196 2467 3331 2538 μετά
3372 2469 3435 2524 τὸ
3479 2466 3667 2524 πολλά
3697 2466 3819 2523 δια-

2156 2553 2448 2628 λεχθῆναι,
2480 2555 2569 2609 καὶ
2603 2553 2813 2630 ἐλέγξαι
2844 2556 2943 2626 τήν
2986 2553 3297 2614 δυσσέϐειαν
3328 2563 3436 2614 τῶν
3498 2559 3810 2633 αἱρετικῶν,

2157 2641 2418 2717 ἐξωρίσθη
2449 2643 2524 2706 εἷς
2555 2645 2781 2719 Βέροιαν
2835 2652 2937 2716 τῆς
2994 2646 3232 2722 Θρᾴκης.
3267 2649 3446 2705 ἈΑλά
3492 2648 3674 2702 πίστιν
3726 2646 3818 2701 καὶ

2159 2729 2374 2806 ἀγάπην
2405 2729 2625 2807 ἔχοντες
2677 2735 2728 2789 oi
2786 2735 3056 2808 Ῥωμαῖοι
3109 2737 3247 2811 πρὸς
3279 2736 3462 2808 αὐτὸν,
3494 2737 3816 2812 προσῆλθον

2155 2820 2236 2895 τῷ
2272 2820 2506 2894 βασιλεῖ,
2563 2828 2850 2894 ζητοῦντες
2907 2826 3086 2884 αὐτόν.
3149 2827 3247 2883 Καὶ
3303 2825 3394 2883 διά
3446 2831 3616 2883 τοῦτο
3649 2823 3816 2882 πάλιν

2161 2909 2489 2975 ἀποσταλεὶς
2519 2911 2597 2976 είς
2626 2915 2875 2990 Ῥώμην,
2905 2917 2996 2972 καὶ
3041 2917 3104 2972 τὸ
3155 2916 3411 2992 ποίμνιον
3439 2915 3604 2974 αύτοῦ
3632 2915 3821 2983 καλῶς

2159 2999 2432 3076 ποιμάνας
2459 3001 2776 3076 ἐτελειώθη.

2161 3110 2261 3168 Καὶ
2329 3111 2521 3184 μνήμη
2579 3114 2676 3166 τοῦ
2733 3110 2884 3190 ὁσίου
2941 3113 3156 3189 Ηατρὸς
3216 3116 3380 3190 ἡμῶν
3433 3112 3697 3190 Ποιμένος
3724 3117 3821 3170 τοῦ

2795 3185 3184 3262 ἀναχωρητοῦ.

2233 3299 2295 3357 Ὁ
2353 3298 2404 3355 ἐν
2465 3300 2645 3374 ἁγίοις
2704 3302 2892 3374 Ηατήρ
2954 3303 3115 3376 ἡμῶν
3174 3305 3401 3378 Ποιμήν
3466 3304 3684 3380 ὑπῆρχε
3729 3305 3822 3377 μὶν

2165 3387 2224 3444 ἐκ
2251 3394 2351 3461 τῆς
2409 3392 2599 3466 χώρας
2656 3392 2958 3469 Αίγύπτοψ
3019 3392 3338 3451 καταλιπὼν
3371 3392 3429 3450 δὲ
3464 3395 3553 3450 τὸν
3585 3394 3825 3475 κόσμον,

2166 3479 2408 3545 ἀπῆλθεν
2440 3479 2516 3543 είς
2546 3481 2610 3536 τὸ
2645 3485 3030 3559 μοναστήριον,
3095 3484 3230 3558 μετᾶ
3283 3489 3392 3540 τῶν
3443 3484 3680 3562 γνησίων
3721 3483 3819 3538 αύ-

2161 3574 2260 3627 τοῦ
2293 3567 2563 3648 ἀδελφῶν,
2622 3571 2712 3627 xui
2765 3571 2974 3649 ἐγένετό
3036 3574 3307 3650 μοναχός.
3367 3575 3468 3630 Καὶ
3512 3575 3646 3648 μετά
3684 3574 3821 3649 χρό-

2166 3681 2290 3723 νους
2327 3658 2574 3723 πολλοὺς
2630 3661 2942 3726 ἀπελθοῦσα
2997 3665 3033 3732 ἡ
3095 3666 3283 3739 μήτηρ
3324 3661 3490 3720 αὒτοῦ
3544 3660 3676 3719 ἰδεῖν
3729 3662 3822 3718 αύ-

2166 3749 2321 3818 “robe,
2377 3749 2476 3805 οὐκ
2532 3747 2802 3822 ἠδυνήθηο
2868 3751 3193 3808 ἀπέκλεισαν
3251 3754 3354 3830 γὰρ
3412 3753 3550 3827 αύτῇ
3595 3754 3697 3822 τὴν
3729 3751 3828 3817 θύο

2171 3860 2287 3916 ραν.
2345 3840 2435 3904 Ὦς
2489 3836 2546 3894 δὲ
2605 3839 2832 3914 ἐπέμενε
2889 3841 3178 3910 κλαίουσα,
3237 3845 3356 3897 εἷπε
3410 3843 3547 3918 πρὸς
3597 3841 3764 3911 αὐτὴν
3799 3842 3826 3894 ὁ

2171 3929 2412 4000 Ποῖμὴν,
2451 3929 2527 4001 μή
2566 3929 2786 4004 βλέπων
2846 3929 3036 4002 αύτήν·
3097 3930 3162 3988 Τί
3214 3929 3390 3994 θέλεις
3440 3938 3650 4007 μῆτερ;
3680 3931 3741 3988 Ἡ
3774 3928 3833 3985 δὲ

2172 4015 2308 4088 ε’ίπε,
2340 4016 2496 4072 Θέλω
2528 4015 2660 4073 ἰδεῖν
2725 4019 2888 4092 ὑμᾶς.
2950 4019 3054 4077 Καὶ
3108 4019 3254 4098 λέγει
3288 4022 3316 4076 ὁ
3356 4022 3595 4094 ΙΙοιμήν’
3631 4021 3724 4078 Ἐν
3753 4023 3833 4091 τῷ

2169 4106 2367 4181 κόσμῳ
2426 4105 2614 4180 ἐκείνῳ
2666 4107 2913 4182 ὀψόμεθα
2965 4107 3273 4181 ἀλλήλους.
3331 4111 3396 4166 ἸΙ
3454 4107 3511 4166 δί
3562 4107 3836 4166 ἀκούσασα

2173 4197 2543 4272 ἀνεχώρησενξ
2577 4195 2650 4251 Ού
2685 4198 2854 4271 μόνον
2912 4196 2972 4254 δὲ
3025 4203 3188 4255 τοῦτο
3222 4198 3477 4271 ἐποίησεν
3511 4199 3658 4273 ἄξιον
3695 4200 3832 4272 μνή-

2177 4306 2307 4359 μης,
2337 4282 2485 4340 ἀλλά
2513 4286 2604 4339 xui
2633 4282 2790 4362 ἕτερα
2837 4285 3046 4344 πολλά.
3099 4289 3160 4343 Ἱ]
3221 4288 3326 4364 γὰρ
3359 4289 3549 4365 ἄρχων
3577 4295 3680 4360 τῆς
3706 4289 3836 4364 χώ-

2175 4394 2269 4449 ρας
2300 4376 2573 4449 κρατήσας
2624 4381 2722 4444 τῆς
2778 4373 3020 4455 ἀδελφῆς
3068 4377 3233 4433 αὐτοῦ
3263 4378 3353 4433 τὸν
3386 4379 3502 4434 υίὸν
3531 4377 3618 4433 ἐπὶ
3649 4378 3835 4450 κακίᾳ,

418 4472 550 4536 pter
577 4464 908 4521 admissum
939 4465 1252 4537 flagitium,
1285 4464 1626 4520 decreverat
1682 4464 1972 4536 supplicio
2005 4465 2054 4520 in

2173 4458 2432 4518 ἐϐούλετο
2461 4469 2748 4538 τιμωρεῖν.
2812 4467 2909 4522 Καὶ
2973 4466 3156 4540 μαθὼν
3213 4466 3298 4522 ὅτι
3346 4470 3444 4522 τοῦ
3491 4466 3651 4542 ἁγίου
3693 4465 3838 4522 ἐστὶν

417 4556 587 4610 illum
648 4555 1158 4610 animadvertere:
1221 4560 1276 4608 et
1344 4555 1602 4626 cognito,
1664 4553 1822 4626 quod
1877 4555 2054 4611 sancti

2169 4553 2407 4627 ἀνεψιὸς,
2441 4551 2706 4626 ἐμήνυσεν
2766 4553 2936 4628 αὐτῷ,
2992 4555 3075 4612 ὅτι
3129 4555 3193 4611 Ei
3254 4557 3452 4629 ἀξιοῖς,
3482 4555 3713 4612 ἀπολύω
3744 4555 3837 4611 αύ-

415 4662 601 4715 nepos
633 4650 790 4700 esset
818 4662 888 4700 ex
918 4661 1141 4712 sorore,
1175 4643 1526 4716 significavit
1581 4643 1658 4709 ei,
1707 4643 1950 4699 dicens:
2002 4643 2054 4698 Si

2167 4642 2278 4700 τόν.
2338 4642 2400 4700 Ὀ
2459 4639 2516 4697 δὲ
2573 4641 2960 4717 ἀντεμήνυσεν·
3024 4645 3303 4717 Ἐξέτασον
3359 4648 3428 4702 τὰ
3482 4647 3602 4703 κατ’
3649 4644 3834 4701 αὐτόν·

415 4751 652 4805 ωίμιιιηλ
685 4734 1011 4800 censueris,
1043 4733 1342 4788 dimittam
1375 4750 1531 4790 eum.
1565 4732 1667 4787 Cui
1708 4733 1947 4788 Pwmen
1979 4733 2054 4788 sic

2169 4731 2261 4788 xui
2294 4730 2340 4787 εί
2372 4731 2522 4803 ἄξιός
2580 4731 2692 4788 ἐστι
2751 4735 3006 4804 θανάτου,
3068 4734 3408 4801 ἀποθανέτω⁹
3455 4735 3502 4792 εἰ
3533 4734 3592 4792 δὲ
3623 4737 3728 4810 μή,
3761 4735 3838 4798 ὡς

413 4823 722 4894 respondit
751 4839 763 4878 :
799 4824 865 4878 In
887 4823 1056 4877 illum
1079 4821 1646 4895 diligenterinquire
1672 4837 1685 4877 :
1710 4821 1834 4876 etsi
1856 4821 2054 4876 mortis

2180 4819 2368 4897 βούλει
2426 4819 2680 4892 ποίησον.
2742 4822 2842 4878 Καὶ
2901 4826 3181 4898 θαυμάσας
3235 4826 3264 4882 ὁ
3319 4824 3506 4902 ἄρχων
3536 4826 3600 4881 τὸ
3630 4825 3841 4901 ἀπροσ-

416 4920 508 4968 est
536 4930 696 4981 reus,
727 4913 1056 4983 moriatur;
1112 4912 1160 4967 si
1192 4929 1331 4968 vero
1390 4929 1534 4980 non,
1579 4911 1672 4967 fac
1730 4911 1888 4982 quod
1940 4912 2024 4966 vis

2177 4911 2344 4975 παθές
2401 4909 2589 4982 αύτοῦ,
2645 4911 2906 4968 ἀπέλυσεν
2969 4914 3156 4974 αὐτόν.
3215 4914 3408 4972 Πολλά
3475 4914 3534 4971 δὲ
3590 4915 3841 4990 θαύματα

419 5002 768 5060 Admiratus
798 5020 933 5058 vero
963 5002 1277 5076 prasiectus
1309 5003 1436 5074 ejus
1467 5002 1734 5058 animum
1762 5002 2054 5058 aﬂ'ectibu:

2181 5001 2442 5071 ποιήσας,
2473 4999 2525 5056 ἐν
2555 4999 2747 5077 εἰρήνῃ
2774 5001 3134 5062 ἀνεπαύσατο.

425 5109 805 5165 nequaquam
839 5093 1196 5165 subjectum,
1226 5092 1396 5147 illum
1415 5091 1847 5148 dimisit.Plura
1877 5098 2075 5148 autem

427 5190 670 5240 sanctus
701 5190 980 5256 operatus
1011 5183 1322 5250 miracula,
1355 5183 1417 5238 in
1447 5198 1592 5255 pace
1622 5183 1862 5254 quievit.

427 5305 496 5358 Et
556 5305 821 5359 memoria
876 5305 1054 5360 sancti
1104 5305 1291 5360 Patris
1344 5303 1522 5358 nostri
1603 5302 1759 5357 Hosii
1817 5302 2054 5360 Corduba

2193 5296 2294 5352 Καὶ
2354 5299 2550 5372 μνήμη
2605 5301 2700 5374 τού
2765 5297 2817 5352 ἐν
2856 5299 3050 5374 *ἁγίοις
3139 5301 3348 5374 ματρὸς
3431 5303 3593 5374 ἡμῶν
3670 5299 3848 5356 Ὀσίου

1123 5319 1291 5358 μαινίς
1344 5319 1520 5358 nosm
1603 5319 1759 5357 nam
1817 5319 2054 5360 uorauoa

1123 5376 1386 5447 episc0pi.

2194 5319 2294 5352 nui
2354 5319 2550 5372 μνημη
2605 5319 2700 5353 του
2765 5319 2817 5352 εν
2878 5319 3050 5374 αγιοις
3139 5319 3250 5357 ιιατ
3287 5319 3348 5363 ος

2679 5370 2978 5428 ἐπισκόπου
3019 5319 3360 5448 Κορὸούέης.

505 5496 716 5551 Hosius
748 5495 1034 5552 Cordubae
1058 5495 1400 5566 episcopus,
1424 5491 1644 5548 mundo
1667 5492 1916 5548 remisso
1936 5509 2091 5549 nun—

431 5582 535 5650 tio,
568 5591 624 5640 et
653 5585 1059 5640 monasticam
1090 5584 1429 5638 institutum
1464 5581 1793 5652 amplexus,
1837 5584 2093 5639 ascetica

433 5681 548 5734 vita
575 5675 837 5747 primum
884 5674 1208 5734 excelluit:
1271 5689 1405 5727 mox
1461 5671 1742 5728 omnibus
1793 5672 2094 5746 refulgens

2267 5488 2328 5545 ⁴Ο
2355 5488 2546 5552 ’Ὀσιος
2576 5486 2867 5552 ἐπίσκοπος
2897 5486 3243 5566 Κορδούόης,
3275 5489 3592 5546 καταλιπὼν
3621 5491 3714 5546 τὸν
3747 5489 3849 5545 κό-

2203 5600 2364 5652 σμον,
2396 5576 2488 5633 καί
2517 5581 2754 5654 γεγονὼς
2819 5581 3086 5656 μοναχὸς,
3143 5581 3235 5636 καὶ
3293 5581 3345 5637 ἐν
3403 5581 3628 5652 ἀσκήσει
3661 5578 3847 5654 πολλῇ

2203 5671 2472 5746 πρότερον
2504 5668 2821 5746 διαπρέψας,
2870 5673 2959 5726 xui
3021 5671 3301 5747 μαντοίαις
3359 5672 3574 5750 ἀρεταῖς
3604 5669 3847 5748 διαλαμ-
