4082 6200
316 440 437 502 609

1836 430 2284 494 AUGUSTUS.

3604 439 3726 499 610

305 573 432 647 ψας,
462 570 556 625 καὶ
601 567 842 642 θαύμασι
897 565 1138 628 πολλοῖς
1195 565 1520 640 κοσμηθεὶς,
1579 564 1970 640 ἐχειροτονήθη

2105 563 2422 631 rirtutibus,
2457 569 2514 619 et
2547 564 2850 620 miraculis
2908 574 3247 635 exornatus,
3271 586 3305 624 τι
3338 573 3599 625 Romano
3634 589 3730 627 ar-

316 662 464 736 παρᾶ
515 664 613 715 τοῦ
656 666 756 727 τῆς
802 658 1026 730 Ῥὼμης
1081 656 1519 730 ἀρχιεπισκόπου
1571 662 1672 724 τῆς
1756 652 1974 714 πόλεως

318 744 643 823 Κορδούεης
674 746 1000 807 ἐπίσκοπος.
1030 744 1209 815 Ζῆλον
1245 742 1303 800 δὲ
1335 743 1480 821 ἔχων
1514 745 1645 820 ὑπὲρ
1678 750 1777 813 τῆς
1809 742 1972 817 ὀρθο-

326 839 484 911 δόξοο
545 839 805 907 πίστεως,
866 839 1192 913 παρεγένετο
1242 835 1293 891 έν
1378 838 1447 910 τῇ
1508 834 1717 909 μεγάλῃ
1765 829 1975 905 συνόδῳ

321 932 420 998 τήν
452 933 551 985 τοῦ
591 927 810 1003 Ἀρείου
870 925 1058 999 μανίαν
1121 922 1445 1001 διελέγχων,
1500 925 1588 979 καὶ
1641 925 1740 992 τὴν
1799 927 1979 997 ψυχο-

325 1014 506 1088 6λαϐῆ
536 1020 743 1092 αἳρεσιν
776 1014 1244 1091 ἀποκρουόμενος.
1298 1012 1475 1071 Ἀλλὰ
1530 1012 1620 1068 καὶ
1675 1014 1775 1081 τὴν
1833 1033 1982 1087 γενο-

324 1109 489 1182 μένην
552 1106 607 1163 έν
669 1102 915 1180 Σαρδικῇ
976 1101 1206 1159 σύνοδον
1269 1104 1432 1165 αὐτὸς
1503 1103 1831 1177 συνεκρότει,
1916 1100 1982 1155 τὰ

317 1203 508 1271 πρῶτα
536 1195 590 1252 ἐν
640 1201 761 1257 τοῖς
816 1196 940 1250 τότε
1000 1193 1350 1257 συνελθοῦσιν
1410 1192 1728 1255 ἐπισκόποις
1784 1212 1983 1261 κεκτη-

330 1287 786 1361 μένος.“ι’στερον
850 1281 908 1338 δὲ
960 1283 1049 1338 ἐπὶ
1104 1281 1478 1338 Κωνσταντίου
1530 1286 1626 1337 τοῦ
1688 1278 1979 1357 βασιλέως,

322 1378 606 1450 Ἀρειανοῦ
630 1372 918 1447 ὅντος,εἷς
980 1372 1193 1448 ἐξορίαν
1252 1369 1641 1447 παρεπέμφθη,
1703 1371 1837 1444 μετά
1891 1369 1979 1424 καὶ

332 1464 521 1519 ἄλλων
567 1461 796 1519 πολλῶν
855 1461 1193 1530 ἐπισκόπων,
1244 1468 1345 1531 τῆς
1402 1458 1692 1537 ὀρθοδόξου
1749 1459 1983 1521 πίστεως

328 1555 717 1628 ἂντεχὸμενος.
754 1552 850 1606 Καὶ
895 1551 946 1606 έν
978 1554 1049 1624 τῇ
1105 1550 1286 1626 ἐξορίᾳ
1342 1548 1531 1606 πολλὰ
1580 1547 1728 1604 δεινὰ
1774 1548 1984 1620 παθὼν,

2084 655 2459 728 chiepiscopo
2493 657 2805 727 epiSCOpus
2822 656 2987 712 urbis
3016 659 3300 714 Corduba:
3326 668 3728 718 consecratur.

2087 746 2285 801 Zelum
2312 751 2509 802 autem
2544 746 2772 801 habens
2830 764 2935 819 pro
2996 748 3109 803 fide
3167 750 3511 820 orthodoxa,
3546 753 3735 808 adfuit

2089 836 2149 889 in
2185 852 2399 907 magna
2430 836 2805 907 synodo,Arii
2832 836 3126 893 insaniam
3152 839 3530 913 redarguens,
3557 848 3732 913 atque

2088 926 2363 979 haaresim
2394 927 2708 981 animabus
2734 926 2972 981 noxiam
3003 928 3302 999 rejiciens.
3339 931 3447 984 Sed
3489 938 3547 985 et
3598 934 3732 987 Sar-

2091 1013 2395 1069 dicensem
2422 1016 2713 1087 synodum
2738 1016 2864 1086 ipse
2897 1018 3368 1088 congregandam
3408 1022 3650 1087 curavit,
3678 1027 3738 1075 et

2090 1104 2345 1174 primam
2370 1103 2571 1159 sedem
2598 1105 2805 1159 habuit
2826 1106 2982 1160 inter
3003 1108 3739 1180 episcopos,quiconveno-

2094 1196 2465 1249 rant.Postea
2479 1211 2512 1249 a
2534 1196 2877 1250 Constantio
2897 1197 3254 1268 imperatore
3272 1200 3489 1254 Ariano
3506 1201 3565 1254 in
3584 1203 3703 1255 exsi
3718 1233 3734 1242 -

2093 1284 2239 1339 lium
2265 1301 2385 1339 una
2410 1301 2545 1339 cum
2567 1285 2699 1340 aliis
2718 1286 2988 1357 pluribus
3010 1288 3429 1359 episcopis,qui
3447 1291 3735 1346 orthodo-

2095 1391 2226 1428 xam
2251 1374 2428 1429 ﬁdem
2453 1374 2755 1429 mordicus
2772 1376 3566 1448 retinebant,pulsus,mulas
3586 1382 3645 1435 in
3671 1398 3737 1435 co

2094 1481 2303 1535 passus
2346 1464 2783 1531 afﬂictationes,
2813 1466 3133 1536 pluresque
3156 1468 3459 1522 sustinens
3494 1471 3743 1523 vexatio-

2094 1554 2397 1624 nes,lmtus
2416 1555 2487 1609 ad
2512 1559 2713 1621 Deum,
2738 1572 2965 1626 proquo
2997 1556 3417 1628 decertaverat,
3452 1559 3738 1629 migravit.

326 1642 410 1697 καὶ
435 1642 733 1704 πλείστους
762 1638 1105 1714 πειρασμοὺς
1148 1639 1469 1713 ὑπομείνας,
1502 1639 1640 1715 πρὸς
1668 1638 1797 1694 Θεὸν
1829 1635 1897 1692 δι’
1924 1633 1982 1692 ὅν
2009 1640 2339 1714 ἠγωνίσατο,
2369 1642 2581 1716 χαίρων
2616 1639 2969 1714 ἐξεδήμησεν.

877 1756 1060 1812 MHNI
1100 1758 1187 1832 To
1228 1757 1423 1830 ΔΥΤῼ.

1096 1846 1209 1901 ΚΗ¹

399 1938 611 2009 Μνήμη
638 1938 736 1991 τοῦ
768 1934 921 1989 ὁσίου
952 1935 1163 2071 ΙΙατθῆὸς
1205 1936 1365 2008 ἡμῶν
1403 1932 1649 1996 Μωσέως
1677 1936 1775 1987 τοῦ
1805 1933 1900 1989 Ai-

1110 2026 1268 2069 οπος.

394 2145 633 2207 Οὗτοςδ
668 2146 941 2219 μακάριος
986 2147 1066 2215 τῷ
1129 2143 1223 2215 μὲν
1282 2143 1425 2218 γένει
1484 2141 1551 2210 ἦν
1616 2140 1844 2215 Αἰθίοψ⁸
1910 2145 1981 2216 τῇ

330 2235 382 2291 δὲ
405 2235 570 2312 χρόᾳ,
607 2234 781 2307 μέλας
839 2227 1107 2308 ἀκριϐῶς,
1168 2232 1387 2302 οῗκέτης
1440 2230 1880 2304 πολιτευομένου
1908 2253 1986 2285 τι⁸

330 2325 443 2395 νὸς,
479 2323 539 2379 ὅν
572 2321 666 2379 διὰ
720 2320 943 2392 πολλὴν
1001 2319 1333 2397 δυστροπίαν
1389 2319 1480 2376 καὶ
1540 2320 1842 2396 λῃστρικὴν
1903 2317 1986 2374 δι-

334 2413 582 2489 αγωγὴν,
615 2412 875 2467 ἀπώσατο
908 2412 936 2466 6
962 2408 1102 2475 ἴδιος
1134 2407 1423 2481 δεσπότης.
1458 2409 1629 2471 Οὗτός
1686 2430 1818 2464 ποτε
1864 2430 1991 2463 ποι-

340 2504 456 2576 μένι
536 2500 645 2557 τινὶ
704 2500 1132 2574 ἐμνησικάκησε,
1182 2496 1649 2573 παρεμποδίσαντι
1710 2498 1855 2569 αὐτῷ
1913 2496 1988 2560 εἷς

337 2598 588 2667 πρᾶγμα,
637 2589 696 2645 ὅν
760 2590 851 2645 καὶ
910 2589 1228 2645 ἀποκτεῖναι
1260 2584 1640 2644 ἐϐουλεύσατο.
1674 2589 1874 2652 Μαθὼν
1936 2586 1994 2643 δὲ

338 2683 419 2737 δτι
451 2680 617 2757 πέραν
649 2684 747 2735 τοῦ
776 2679 988 2736 Νείλου
1019 2677 1153 2752 icti,
1188 2675 1665 2752 πλημμυροῦντος
1721 2682 1819 2733 τοῦ
1865 2674 1990 2732 ὕδα-

341 2794 452 2840 τος,
483 2775 564 2843 τῷ
598 2769 826 2844 στόματι
889 2767 1067 2824 δακὼν
1125 2770 1224 2838 τὴν
1259 2767 1559 2843 μάχαιραν,
1586 2769 1673 2822 καὶ
1705 2768 1804 2837 τήν
1838 2766 1993 2823 ἐπεν-

346 2858 511 2932 δύτην
573 2864 641 2935 τῇ
700 2858 914 2937 κεφαλῆ
991 2857 1216 2930 ἐπιθεὶς,
1295 2855 1687 2931 διανηξάμενος
1747 2855 1990 2933 ἐπέρασε.

334 2949 789 3024 ΙΙροαισθόμενος
812 2946 870 3003 δὲ
901 2950 928 3003 ὁ
960 2950 1174 3021 ποιμὴν
1205 2948 1305 3017 τὴν
1328 2948 1497 3003 αὐτοῦ
1530 2945 1762 3017 ἕλευσιν,
1823 2949 1996 3024 φυγὰς

337 3037 542 3114 ᾤχετο.
607 3039 669 3096 Ὁ
732 3036 811 3106 δὲ,
868 3036 1056 3114 κριοὺς
1133 3037 1393 3114 τέσσαρας
1464 3034 1782 3098 ἐπιλέκτους
1859 3058 1994 3115 σφα-

338 3131 520 3203 γήσας
548 3126 639 3182 καὶ
674 3125 841 3198 δήσας
891 3130 1063 3201 σειρᾷ,
1117 3126 1209 3181 τὸν
1272 3123 1468 3181 Νεῖλον
1520 3125 1845 3201 ἀντεπέρασε
1899 3147 1996 3180 κο-

342 3212 599 3289 λυμϐῶν.
632 3218 715 3273 Τὰ
745 3216 876 3291 κρέα
908 3213 965 3271 δὲ
996 3216 1177 3290 φαγὼν
1210 3214 1301 3269 καὶ
1330 3215 1399 3269 τὰ
1435 3212 1613 3269 κώδια
1670 3213 1801 3288 θ’ίνῳ
1856 3214 1997 3286 πλήο

2660 1758 2898 1813 EODEM
2943 1760 3173 1814 MENSE

2590 1848 2689 1903 Die
2718 1849 2998 1904 vicesima
3046 1856 3247 1905 octava

2011 1902 2059 1966 B
2093 1938 2246 1994 223
2274 1939 2543 1993 Memoria
2570 1940 2747 1993 sancti
2777 1940 2958 1993 Patris
3014 1942 3188 1994 nostri
3218 1941 3415 2009 Moysis
3445 1940 3741 2012 Ethiopis.

2166 2138 2380 2192 Beatus
2408 2136 2519 2190 iste
2542 2152 2757 2208 genere
2780 2136 3272 2208 Ethi0p3,colore
3292 2154 3468 2208 quam
3490 2140 3744 2194 maxime

2095 2227 2282 2298 niger,
2339 2226 2650 2297 cujusdam
2683 2226 2822 2280 civis
2854 2242 3077 2295 servus,
3113 2245 3289 2298 quem
3321 2228 3508 2299 ipsius
3551 2229 3744 2284 domi-

2096 2332 2210 2370 nus
2237 2315 2547 2387 expulerat
2568 2320 2810 2385 propter
2840 2316 2969 2385 ejus
3000 2333 3233 2371 morum
3276 2319 3742 2388 perversitatem.

2096 2410 2272 2475 atque
2294 2404 2531 2459 furandi
2554 2404 3179 2461 consuetudinem.Hic
3193 2423 3327 2461 cum
3348 2407 3408 2462 in
3428 2409 3743 2479 quemdam

2096 2498 2393 2564 pastorem
2430 2492 2585 2547 male
2632 2493 2931 2548 animatus
2963 2500 3141 2563 esset,
3172 2495 3331 2566 quod
3390 2496 3491 2550 ille
3526 2498 3637 2551 sibi
3672 2497 3744 2551 ad

2097 2582 2329 2638 facinus
2350 2581 2705 2654 patrandum
2733 2583 2926 2639 fuerat
2944 2584 3463 2656 impedimento,in
3484 2586 3749 2641 animum

2100 2674 2211 2729 sibi
2244 2674 2580 2742 induxerat,
2615 2690 2751 2729 eum
2788 2674 2859 2729 de
2890 2675 3088 2731 medio
3116 2676 3347 2731 tollere.
3379 2676 3607 2732 Certior
3645 2694 3751 2732 au-

2098 2770 2218 2820 tem
2250 2763 2439 2820 factus
2468 2763 2665 2836 ipsum
2699 2770 2862 2819 trans
2912 2765 3109 2820 Nilum
3167 2783 3361 2837 agere,
3412 2766 3748 2822 exundante

2099 2872 2273 2927 aqua,
2303 2872 2403 2910 ore
2433 2855 2694 2928 gladium
2724 2854 3161 2929 constringens,
3190 2857 3410 2929 penula
3440 2858 3615 2929 capiti
3649 2876 3747 2913 su-

2100 2945 2420 3017 perposita,
2478 2944 2677 3000 nando
2738 2944 3157 3002 transfretavit.
3242 2950 3315 3002 At
3359 2949 3750 3019 prmsentiens

2100 3040 2302 3107 pastor
2333 3035 2461 3106 ejus
2492 3035 2830 3103 adventum,
2866 3036 3097 3107 fugiens
3158 3037 3304 3091 abiit
3358 3054 3371 3104 ;
3428 3038 3555 3108 ipse
3613 3054 3748 3093 vero

2102 3129 2357 3195 quatuor
2370 3129 2635 3179 mactans
2650 3124 2895 3178 eximios
2909 3125 3218 3194 arietes,ac
3232 3126 3371 3180 fune
3388 3126 3751 3193 devinciens,

2104 3213 2365 3268 natando
2412 3213 2605 3267 Nilum
2630 3213 2845 3267 iterum
2871 3214 3137 3283 trajecit;
3160 3219 3217 3267 et
3240 3231 3369 3269 cum
3398 3216 3757 3270 comedisset

341 3328 453 3375 σας,
493 3305 712 3375 ἀπῆλθε
768 3306 904 3381 πρὸς
963 3305 1091 3367 τοὺς
1151 3304 1399 3377 ἑταίρους
1455 3306 1644 3364 αὐτοῦ.
1700 3307 1882 3361 Ταῦτα
1940 3302 1993 3359 δὲ

2105 3319 2345 3369 carnes;
2371 3302 2629 3374 pellibus
2652 3302 2790 3355 vino
2810 3302 3053 3372 repletis
3076 3303 3149 3356 ad
3176 3320 3314 3357 suos
3339 3304 3527 3357 socios
3550 3305 3743 3357 rediit.

342 3394 697 3472 διηγησάμην
717 3396 812 3450 ’ἱνα
844 3393 1024 3467 δείξω,
1057 3392 1141 3448 ὅτι
1179 3391 1404 3449 δυνατόν
1452 3394 1564 3448 ἐστι
1612 3399 1728 3457 τοῖς
1792 3392 1992 3469 βουλο-

346 3486 553 3557 μένοις,
579 3483 672 3540 διά
707 3483 993 3558 μετανοίας
1044 3490 1309 3553 σωθῆναι.
1343 3484 1516 3545 Οὗτος
1551 3483 1649 3557 ὀψέ
1678 3505 1810 3539 ποτε
1838 3504 1995 3538 καταο

344 3575 524 3649 νυγεὶς
600 3571 661 3629 ἔκ
735 3593 882 3635 τινος
965 3574 1334 3648 περιστάσεως
1372 3616 1387 3642 ,
1470 3571 1738 3628 ἐπέδωκεν
1806 3572 1992 3627 ὲαυτὲν

350 3663 720 3739 μοναστηρίῳ.
782 3661 882 3717 Καὶ
961 3662 1135 3723 οὕτως
1194 3660 1477 3736 προσῆλθε
1558 3660 1627 3735 τῇ
1716 3660 1994 3735 μετανοίᾳ,

342 3752 415 3814 ὡς
446 3752 537 3807 καὶ
596 3750 728 3813 τοὺς
777 3749 1198 3826 συμπράκτορας
1256 3750 1418 3805 αὐτοῦ
1478 3750 1689 3825 ἀγαγεῖν
1738 3754 1817 3822 τῷ
1865 3753 1997 3824 Χρι-

346 3846 473 3914 στῷ.
537 3839 923 3913 Καθεζομένου
984 3837 1041 3895 δέ
1087 3860 1223 3895 ποτε
1280 3838 1333 3894 έν
1418 3844 1497 3911 τῷ
1550 3838 1757 3913 κελλίῳ
1813 3840 1998 3909 αὐτοῦ,

346 3932 541 4007 λῃσταί
595 3953 737 3994 τινες
795 3926 1140 4005 προσέϐαλον
1196 3928 1362 4001 αὐτῷ,
1425 3930 1805 4004 ἀγνοήσαντες,
1863 3932 1999 3985 εῖναι

344 4022 506 4078 αὐτὸν
533 4022 624 4077 τὸν
660 4023 891 4091 Μωσῆν.
927 4019 1032 4084 Οῧς
1061 4021 1089 4074 6
1125 4012 1391 4094 μακάριος
1440 4017 1715 4092 δεσμήσας
1747 4020 1999 4094 σχοινίῳ,

344 4114 585 4187 καθάπερ
617 4110 813 4166 σάκκον
844 4110 1080 4185 ἁχύρου,
1139 4114 1259 4173 τοῖς
1315 4109 1509 4164 ἑαυτοῦ
1564 4109 1741 4183 ὣμοις
1774 4108 2001 4180 ἐπιθεὶς,

344 4206 419 4274 τῷ
452 4204 707 4275 Κυριακῷ
764 4198 1107 4275 παρεγένετο,
1168 4197 1256 4253 καί
1299 4220 1434 4270 φησι
1495 4199 1636 4270 πρὸς
1683 4198 1809 4261 τοὺς
1843 4196 2001 4254 ἀδελ-

346 4291 497 4370 φούς·
552 4287 778 4360 Ἐπειδὴ
841 4288 941 4344 οὐκ
1002 4286 1170 4360 ἔξεστί
1228 4309 1321 4361 μοι
1382 4285 1610 4357 ἀδικεῖν,
1670 4286 1897 4349 τούτους
1949 4283 2007 4342 δὲ

345 4382 499 4455 εὗρον
546 4376 875 4441 ἐπελθόντας
926 4399 1041 4451 μοι,
1096 4376 1150 4433 τί
1237 4376 1490 4433 κελεύετε
1565 4377 1692 4451 περὶ
1751 4375 2004 4446 τούτωνς

345 4467 519 4524 Αὐτοὶ
583 4465 643 4522 δὲ
702 4462 1068 4542 γνωρίσαντες
1120 4464 1306 4533 αὐτὸν,
1364 4462 1447 4518 ὅτι
1510 4466 1719 4534 Μωσῆς
1777 4462 1918 4519 ἐστιν
1979 4464 2006 4517 ὁ

343 4553 679 4634 περιϐόητος
708 4555 1027 4630 λῄσταρχος
1085 4554 1175 4608 καὶ
1237 4554 1701 4629 ἀκαταγώνιστος,
1734 4553 2006 4626 ἐξομολο-

2100 3394 2232 3447 llam
2246 3392 2512 3446 enarravi
2537 3396 2601 3445 ut
2620 3391 3241 3461 ostendam,possibile
3269 3408 3396 3447 esse
3416 3392 3750 3446 volentibus

2098 3499 2205 3554 per
2226 3480 2637 3552 paenitentiam
2664 3479 2950 3550 consequi
2974 3480 3249 3535 salutem.
3279 3480 3388 3535 lste
3442 3498 3578 3535 vero
3622 3487 3753 3535 tan-

2103 3571 2237 3626 dem
2260 3587 2330 3625 ex
2352 3569 2610 3641 quodam
2634 3585 2774 3625 casu
2798 3574 3209 3641 compunctus,
3237 3586 3367 3625 sese
3390 3570 3756 3626 monasterio

2101 3660 2363 3716 addixit:
2398 3664 2577 3731 atque
2609 3659 2691 3714 ita
2710 3659 2785 3714 ad
2804 3660 3216 3731 pmnitentiam
3231 3662 3501 3728 accessit,
3535 3667 3750 3716 utsuos

2104 3751 2283 3806 etiam
2315 3749 2507 3805 socios
2549 3748 2623 3804 ad
2680 3749 2977 3804 Christum
3037 3748 3377 3805 adduceret.
3412 3750 3757 3820 Aliquando

2103 3840 2231 3912 ipso
2263 3840 2324 3894 in
2351 3838 2503 3895 cella
2533 3838 3051 3909 sedente,quidam
3086 3838 3654 3911 latronesimpetum
3689 3840 3748 3894 in

2107 3946 2241 3984 eum
2271 3928 2914 4000 fecerunt,ignorantes
2937 3929 3177 3999 Moysen
3205 3945 3334 3982 esse
3362 3945 3374 3982 :
3398 3946 3516 3999 quo
3550 3928 3759 3983 beatus

2104 4019 2246 4074 fune
2270 4018 2712 4090 constringens,
2738 4018 2985 4088 perinde
3017 4034 3083 4073 ac
3115 4018 3300 4088 paleae
3328 4035 3584 4085 saccum,
3639 4021 3761 4074 suis

2108 4110 2425 4179 imponens
2456 4108 2742 4173 humeris,
2777 4108 2850 4161 ad
2913 4107 3227 4161 Basilicam
3281 4124 3341 4161 se
3374 4108 3628 4162 contulit
3660 4126 3671 4175 ;
3708 4114 3767 4161 et

2106 4197 2388 4251 fratribus
2469 4197 2552 4250 ait
2608 4213 2620 4250 :
2672 4196 2965 4260 Quoniam
3016 4196 3163 4250 mihi
3224 4213 3345 4249 non
3396 4196 3538 4251 licet
3583 4198 3767 4252 ullam

2110 4286 2329 4341 inferre
2362 4285 2670 4356 injuriam,
2704 4290 2764 4339 et
2811 4286 2919 4339 hos
2952 4285 3144 4356 reperi
3210 4286 3269 4339 in
3328 4302 3421 4339 me
3484 4286 3766 4340 invaden-

2112 4381 2218 4444 tes,
2254 4374 2396 4445 quid
2427 4374 2498 4429 de
2551 4374 2871 4445 iisjubetis
2901 4374 2927 4428 ί.)
2955 4374 3046 4428 11Ιί
3106 4390 3241 4428 vero
3301 4374 3557 4444 cognito,
3611 4375 3767 4445 quod

2113 4466 2241 4537 ipse
2273 4464 2505 4536 Moyses
2538 4463 2984 4533 esset,famosus
3014 4463 3113 4517 ille
3146 4463 3447 4518 latronum
3463 4463 3766 4534 princeps,

2116 4560 2291 4624 atque
2319 4553 2819 4625 inexpugnabilis,
2856 4558 2971 4607 Deo
2991 4552 3268 4619 confessi,
3322 4551 3596 4607 abdicato
3657 4570 3763 4608 sa:-

343 4646 646 4722 γησάμενοι
678 4650 759 4719 τῷ
789 4648 905 4716 Θεῷ
950 4643 1041 4699 καὶ
1104 4642 1283 4714 αὐτοὶ,
1337 4641 1691 4715 ἀπετάξαντο,
1728 4642 1819 4697 καὶ
1848 4643 1993 4718 γεγό-

2117 4644 2271 4713 culo,
2306 4644 2582 4699 monachi
2610 4647 2924 4699 evaserunt
2942 4640 3366 4713 probatissimi.
3396 4643 3601 4713 Itaque
3626 4658 3763 4696 san-

343 4758 460 4791 νασι
497 4734 739 4810 μοναχοὶ
818 4730 1221 4807 δοκιμώτατοι.
1282 4731 1593 4808 Θεαρέστως
1641 4731 1732 4787 οὗν
1804 4732 2006 4807 βιώσας

346 4828 373 4881 6
404 4824 558 4902 ἆγίος
591 4825 792 4899 γέρων,
823 4821 1032 4877 καὶτὸν
1065 4818 1299 4895 δαίμονα
1331 4827 1433 4891 τῆς
1488 4820 1794 4883 ἀκολασίας
1849 4842 2005 4876 κατα-

349 4914 650 4983 παλαίσας,
682 4912 911 4984 τελευτᾷ
939 4911 1073 4967 ἐτιίν
1130 4906 1514 4983 ἐϐδομήκοντα
1560 4912 1733 4982 πέντε,
1766 4912 2009 4987 γεγονὼς

345 5005 433 5060 καὶ
492 4998 890 5081 πρεσϐύτερος,
948 5002 1038 5058 καὶ
1092 4999 1412 5056 καταλιπὼν
1480 5002 1723 5073 μαθητὰς
1765 4998 2006 5076 ἑϐδομή-

350 5115 543 5153 κοντα.

911 5237 1101 5294 ΜΗΝΙ
1130 5238 1221 5293 ΤΩ
1252 5238 1455 5295 ΑΥΤΩ.

1131 5327 1235 5383 ΚΘ“

352 5420 417 5475 ’Β
448 5418 708 5488 ἀποτομὴ
739 5419 837 5485 τῆς
867 5415 1054 5491 τιμίας
1102 5413 1349 5491 κεφαλῆς
1405 5418 1502 5469 τοῦ
1558 5415 1746 5491 τιμίου
1791 5416 2011 5491 ἐνδόξου

458 5491 775 5565 προφήτου,
809 5488 1134 5563 προδρόμου
1166 5488 1257 5543 καὶ
1290 5489 1593 5544 Βαπτιστοῦ
1626 5488 1900 5547 Ἰωάννου.

422 5684 526 5745 ’Ὀς
558 5681 612 5737 ἐν
640 5685 928 5758 γεννητοῖς
958 5685 1228 5757 γυναικῶν
1282 5684 1635 5757 μαρτυρεῖται
1673 5683 1805 5760 ὑπὲρ
1839 5687 2009 5742 ἄπαν-

356 5793 445 5837 τας
475 5772 611 5829 εἶναι
645 5771 750 5827 ὑπὸ
799 5776 1068 5847 Χριστοῦ,
1126 5772 1217 5829 καὶ
1275 5777 1570 5851 προφητῶν
1602 5776 2008 5853 περισσότερος,

2118 4738 2247 4789 ctus
2280 4751 2461 4790 senex
2478 4734 2724 4789 vitaDeo
2743 4738 2909 4805 grata
2938 4731 3303 4801 traducta,ac
3321 4731 3768 4787 incontinentiae

2118 4824 2386 4879 daemone
2418 4823 2958 4889 devicto,moritur,
2992 4839 3182 4878 annos
3213 4828 3389 4878 natus
3421 4821 3685 4893 quinque
3714 4826 3773 4876 et

2119 4914 2516 4985 septuaginta,
2550 4913 2866 4985 presbyter
2896 4914 3073 4970 etiam
3107 4916 3361 4982 creatus,
3397 4912 3772 4984 septuaginta

2117 5002 2430 5075 discipulis
2457 5007 2592 5076 post
2613 5020 2675 5059 se
2707 5002 2953 5060 relictis.

2672 5231 2913 5286 EODEM
2955 5229 3211 5284 MENSE.

2656 5330 2758 5383 Die
2799 5328 3075 5383 vicesima
3099 5344 3257 5383 nona

2122 5430 2279 5485 224
2338 5429 2637 5484 Decollatio
2690 5430 2921 5498 gloriosi
2973 5429 3257 5499 pmphetx
3314 5425 3674 5481 Prazcursoris
3719 5429 3770 5478 ct

2674 5503 2940 5572 Baptistae
2967 5500 3220 5555 Joannis.

2194 5701 2297 5756 Hic
2329 5701 2427 5773 qui
2461 5702 2617 5755 inter
2640 5706 2813 5755 natos
2837 5701 3153 5756 mulierum
3178 5698 3472 5756 maximus
3498 5692 3769 5749 omnium

2124 5805 2273 5857 esse,
2300 5792 2358 5843 et
2411 5789 2836 5860 prophetarum
2893 5786 3431 5844 excellentissimus
3474 5800 3508 5838 a
3535 5779 3767 5836 Christo
