4082 6200
295 404 412 463 611

1619 397 2050 458 MENOLOGII
2093 397 2291 456 PARS
2336 397 2442 457 Ill.

3590 396 3704 458 612

299 545 627 602 asseritur:
664 541 1218 614 quiprmexsultans
1277 539 1349 594 ab
1407 544 1597 608 utero,
1649 537 1946 592 Christum

2065 537 2092 590 6
2122 538 2526 610 προσκιρτήσας
2566 536 2672 591 ἀπὸ
2701 537 2954 612 γαστρὸς,
2985 535 3073 591 καὶ
3103 541 3240 606 τοῖς,
3300 535 3353 592 ἐν
3383 539 3477 610 γῇ,
3507 535 3598 591 καὶ
3653 537 3724 592 ἐν

305 641 478 692 terra)
505 640 686 705 atque
719 633 922 686 inferis
953 629 1362 697 annuntiavit;
1393 629 1552 684 filius
1576 633 1702 684 erat
1737 628 1955 683 Zacha-

303 727 406 780 riae
435 723 756 796 pontiﬁcis,
775 726 833 774 et
855 718 1115 774 Elisabet
1137 717 1439 785 ;Gabriele
1467 717 1780 773 nuntiante
1796 716 1955 790 geni-

307 810 841 868 tus.Venerandum
871 813 1070 863 autem
1094 808 1148 863 ei
1179 813 1354 880 caput
1381 807 1452 863 ah
1469 807 1695 863 Herode
1709 806 1954 862 obtrun-

303 906 471 957 catur
500 905 747 971 propter
771 898 1092 954 scelestum
1115 899 1270 971 regis
1301 915 1430 954 cum
1459 897 1789 954 Herodiade
1808 913 1952 952 con-

301 989 688 1046 cubitum.Ab
720 989 850 1060 ipso
875 989 1083 1044 matris
1100 989 1234 1044 sinu
1250 989 1625 1044 sanctitatem
1658 988 1770 1044 iste
1787 987 1957 1043 indu-

297 1079 748 1151 tus,puritatem
782 1077 1600 1150 suscipiens,temperantiam
1622 1077 1953 1148 amplexus,

302 1168 362 1222 in
394 1166 508 1222 cibi
538 1167 902 1222 abstinentia
933 1183 994 1220 se
1027 1165 1420 1231 exercens,ab
1452 1165 1616 1219 omni
1641 1164 1952 1220 hominum

303 1258 753 1312 conversatione
785 1257 1075 1325 remotus;
1107 1260 1466 1326 eremum,ut
1483 1255 1952 1322 urbem,habita-

301 1349 400 1415 vit,
437 1365 574 1403 cum
605 1347 822 1402 belluis
852 1347 1072 1414 vivens,
1115 1345 1327 1401 cameli
1389 1345 1525 1417 pilis
1559 1345 1826 1412 vestitus,
1886 1361 1954 1400 ac

299 1454 443 1493 zona
486 1455 555 1492 ex
587 1439 746 1492 corio
797 1437 1201 1510 prmcinctus;
1263 1441 1322 1492 et
1380 1435 1570 1490 instar
1624 1434 1952 1501 volucrum,

303 1526 434 1582 cibo
466 1527 742 1581 utebatur
791 1544 825 1581 a
872 1531 1084 1581 natura
1143 1531 1352 1598 sponte
1401 1524 1598 1580 oblato
1653 1541 1665 1578 :
1716 1523 1954 1579 assidue

299 1615 491 1686 legem
527 1616 628 1670 Dei
661 1616 1080 1683 meditabatur,
1115 1616 1286 1686 cujus
1345 1615 1742 1681 observantia,
1777 1618 1954 1683 atque

296 1705 563 1760 custodia
593 1706 677 1760 nil
710 1706 1106 1777 ipsiunquam
1139 1705 1576 1776 antiquius.Hic
1597 1704 1758 1775 ipsos
1779 1707 1951 1757 natu.

295 1812 373 1849 NB
399 1796 684 1849 terminos
711 1795 1082 1850 transcendit
1109 1800 1199 1861 ;et
1229 1810 1442 1864 purum
1468 1799 1642 1863 atque
1665 1792 1950 1846 immacu-

2062 630 2143 696 τῷ
2171 622 2273 698 ᾅδῃ
2299 624 2391 680 τὸν
2424 627 2650 700 Χριστὸν
2683 625 2941 700 κηρύξας,
2994 625 3151 688 οὗτος
3197 627 3262 695 ἦν
3294 625 3409 688 υἱὸς
3434 625 3706 702 Ζαχαρίου

2061 718 2158 770 τοῦ
2225 715 2530 790 ἀρχιερέως
2585 716 2674 770 καὶ
2735 710 3044 784 Έλισάϐετ,
3114 715 3167 786 ἐξ
3223 713 3547 792 ἐπαγγελίας
3601 721 3705 772 Γαο

2063 799 2232 878 ϐριήλ
2261 806 2498 879 τεχθείς.
2533 806 2782 878 Ἐτμήθη
2816 802 2874 860 δὶ
2926 806 3026 874 τήν
3082 805 3270 878 τιμίαν
3299 805 3542 884 κεφαλὴν
3604 807 3706 863 ὑπὸ

2061 892 2316 969 Ἡρώδου
2346 891 2436 949 διὰ
2473 895 2573 964 τὴν
2623 895 2936 969 παράνομον
3001 895 3142 968 μίξιν
3189 902 3290 965 τῆς
3342 893 3704 971 Ἡρωδιάδος.

2061 985 2234 1048 Οὗτος
2265 985 2293 1040 6
2323 983 2374 1057 ἐξ
2405 985 2580 1054 αὐτῆς
2625 991 2727 1053 τῆς
2776 982 2976 1056 νηδύος
3031 979 3369 1062 ἁγιωσύνην’
3398 987 3710 1060 περικείμε-

2060 1094 2172 1145 νος,
2202 1073 2411 1150 ἁγνείαν
2468 1073 2923 1148 εἴσοικισάμενος,
2981 1076 3341 1153 σωφροσύνην
3392 1075 3708 1149 ἀσπασάμε-

2060 1184 2176 1234 νος,
2225 1162 2484 1240 ἀτροφίαν
2546 1162 2808 1236 ἀσκήσας,
2867 1165 2956 1219 καὶ
3004 1166 3181 1236 πάσης
3239 1164 3534 1240 ἀνθρώπων
3591 1165 3712 1220 ἐπι-

2064 1253 2244 1327 μιξίας
2275 1252 2630 1330 ἀπερῤωγὼς,
2663 1254 2753 1308 καὶ
2783 1255 2884 1323 τὴν
2940 1251 3148 1329 ἔρημον
3177 1256 3275 1317 -ὡς
3324 1252 3488 1311 πόλιν
3549 1255 3709 1328 οίκή-

2062 1364 2180 1413 σας,
2213 1342 2429 1418 θηρίοις
2459 1340 2942 1416 συνδιαιτώμενες,
3002 1344 3261 1417 καμήλου
3319 1345 3457 1419 θριξὶ
3514 1347 3710 1400 σκεπό-

2065 1454 2246 1507 μενος,
2331 1430 2625 1507 δερματίνῃ
2689 1434 2830 1507 ζώνῃ
2888 1433 3414 1510 περισφιγγόμενος,
3471 1436 3559 1490 καὶ
3612 1432 3711 1489 ’ἶσα

2059 1527 2262 1592 πτηνοῖ
2299 1522 2362 1576 τὸ
2408 1528 2508 1591 τῆς
2567 1528 2776 1599 τροφῆς
2832 1520 3163 1596 κεκτημένος
3221 1523 3550 1596 αὐτόματον,
3610 1545 3708 1596 με-

2063 1611 2224 1680 λέτην
2264 1609 2320 1668 δὲ
2353 1609 2604 1685 διηνεκῆ,
2635 1613 2724 1667 τὸν
2777 1616 2874 1667 τοῦ
2933 1617 3070 1669 Θεοῦ
3126 1615 3296 1686 νόμον
3354 1614 3709 1687 ποιούμενος,

2060 1703 2252 1776 ἠγεῖτο
2284 1708 2386 1772 τῆς
2412 1702 2581 1756 αὐτοῦ
2613 1701 2864 1778 φυλακῆς
2904 1703 2992 1758 καὶ
3023 1707 3333 1780 τηρήσεως,
3374 1703 3546 1759 πάντα
3588 1701 3708 1759 δεύ-

2059 1812 2187 1867 τερα
2218 1791 2307 1846 καὶ
2343 1788 2572 1860 ὑποδεῆ,
2607 1792 2635 1845 6
2660 1791 2788 1854 τοὺς
2821 1793 2981 1866 ὅρους
3030 1787 3268 1868 ὑπερϐὰς
3323 1799 3422 1863 τῆς
3473 1792 3710 1868 φύσεως,

293 1884 479 1940 latum
511 1901 691 1955 super
722 1901 960 1939 omnem
986 1890 1260 1939 naturam
1293 1883 1590 1937 Christum
1613 1880 1945 1953 baptizavit.

2060 1881 2266 1936 καὶτὸν
2299 1885 2534 1957 καθαρὸν
2565 1882 2656 1936 καὶ
2716 1880 3023 1954 ἀμόλυντον
3075 1882 3168 1937 καὶ
3245 1883 3420 1954 πάσης
3463 1881 3710 1939 ἐπέκεινα

295 1975 438 2027 Cum
466 1974 666 2044 itaque
699 1973 958 2027 Herodes
990 1973 1224 2027 libidini
1257 1972 1424 2026 valde
1476 1971 1812 2042 indulgens,
1846 1972 1945 2025 Ju-

297 2062 478 2117 daicaa
510 2063 772 2134 regionis
807 2064 1124 2128 tetrarcha,
1160 2063 1359 2118 fratris
1387 2062 1476 2116 sui
1517 2063 1771 2134 Philippi
1803 2078 1948 2116 uxo-

293 2168 418 2206 rem
452 2151 565 2206 sibi
597 2153 657 2206 in
708 2152 955 2207 thalami
1009 2154 1376 2207 consortium
1429 2151 1714 2220 duxisset,
1749 2151 1947 2206 divino

292 2241 580 2296 excitatus
597 2242 719 2296 zelo
751 2244 1061 2314 propheta,
1089 2248 1147 2296 et
1173 2243 1435 2297 veritatis
1449 2242 1633 2298 armis
1657 2242 1946 2305 munitus,

291 2333 374 2386 ait
403 2332 476 2386 ad
508 2337 867 2403 tyrannum:
912 2335 1037 2388 Non
1086 2333 1226 2388 licet
1287 2332 1391 2386 tibi
1451 2332 1669 2388 habere
1702 2349 1948 2387 uxorem

292 2423 550 2493 Philippi
581 2422 781 2476 fratris
835 2423 941 2477 tui.
978 2423 1124 2477 [lino
1183 2439 1451 2477 carceres
1505 2427 1564 2475 et
1620 2420 1855 2475 vincula
1887 2421 1947 2474 in

295 2517 587 2581 sanctum,
608 2511 930 2567 furibunda
951 2511 1175 2566 femina
1205 2513 1264 2564 in
1298 2511 1356 2566 id
1389 2509 1944 2581 amatoremimpel-

295 2601 475 2656 lente.
509 2601 879 2672 Quapropter
898 2601 1038 2655 dum
1056 2600 1327 2655 natatilia
1352 2599 1798 2655 celebrarentur
1812 2615 1946 2653 cono

298 2691 464 2758 vivia,
490 2690 772 2762 opiparis,
803 2695 980 2760 atque
1009 2689 1358 2761 voluptariis
1407 2687 1948 2760 compotationibus

294 2781 368 2835 ad
407 2780 626 2834 mentis
659 2779 1072 2851 impotentiam
1125 2779 1559 2836 convivatorem
1584 2777 1950 2833 devolventi-

294 2870 508 2937 bus,en
541 2871 758 2924 chorea
779 2869 1132 2924 meretricia)
1165 2868 1401 2940 puellas,
1425 2873 1484 2924 et
1503 2869 1817 2939 praemium
1836 2884 1946 2922 cm-

299 2960 401 3015 des
420 2960 740 3030 prophetze.
770 2961 812 3013 E
843 2958 1085 3030 vestigio
1118 2959 1296 3031 igitur
1314 2958 1560 3014 allatum
1583 2974 1762 3028 super
1785 2956 1948 3011 disco

291 3051 438 3122 justi
467 3053 644 3120 caput
675 3055 734 3104 et
761 3049 1113 3115 lascivienti,
1146 3054 1323 3120 atque
1381 3048 1667 3104 adultera)
1713 3048 1948 3103 femina:

299 3141 606 3209 traditum,
638 3139 832 3195 adhuc
864 3140 1216 3212 sanguinem
1266 3139 1525 3209 stillans,
1559 3139 1949 3210 eamdemque

298 3232 606 3302 proferens
637 3248 860 3287 vocem.
897 3235 1042 3286 Acta
1073 3236 1212 3286 sunt
1240 3231 1367 3286 hazc
1398 3232 1459 3285 in
1489 3230 1636 3285 urbe
1687 3230 1950 3296 Sebaste,

296 3339 428 3392 qum
455 3321 527 3376 ab
558 3322 886 3376 Jerusalem
903 3321 1076 3376 distat
1104 3321 1280 3376 unius
1314 3320 1430 3375 diei
1459 3320 1671 3374 itinere
1701 3319 1948 3374 Eodem-

298 3428 411 3481 que
445 3412 502 3464 in
537 3411 795 3477 loco,ubi
828 3411 928 3482 qui
960 3415 1093 3482 post
1123 3411 1290 3465 illum
1316 3410 1580 3483 regnavit
1610 3409 1948 3475 Tetrarcha,

294 3499 486 3570 regias
517 3499 726 3554 domos
759 3500 1034 3567 ﬁrmavit,
1069 3505 1129 3555 et
1159 3500 1492 3554 convivium
1519 3498 1594 3554 ad
1644 3497 1949 3569 propheta:

294 3604 502 3643 necem
531 3587 644 3642 fuit
673 3588 1038 3643 celebratum
1065 3589 1317 3655 ;ibidem
1351 3585 1947 3660 propheticumillud,

293 3682 351 3729 et
382 3681 652 3731 sanctum
685 3693 901 3747 corpus
932 3676 1005 3732 ab
1033 3677 1303 3748 ejusdem
1334 3677 1728 3749 compositum
1769 3675 1949 3730 disci-

292 3766 470 3834 pulis,
509 3771 598 3820 est
619 3766 1017 3820 reconditum.

851 3873 1092 3928 EODEM
1131 3874 1381 3928 MENSE.

897 3979 999 4034 Die
1040 3979 1343 4035 tricesima

397 4067 545 4125 225
607 4069 874 4125 Memoria
932 4069 1076 4123 beati
1133 4067 1364 4123 Fantini
1423 4068 1834 4139 thaumaturgi.

361 4291 465 4350 Hic
512 4291 804 4364 originem
887 4291 1055 4346 duxit
1115 4306 1184 4346 ex
1242 4289 1624 4346 Calabrorum
1701 4291 1940 4364 regione

292 4381 535 4454 Georgio
567 4385 626 4436 et
659 4381 886 4454 Bryene
917 4385 1092 4437 natus
1123 4380 1490 4453 parentibus.
1517 4381 1600 4434 Ab
1632 4381 1779 4452 ipsis
1805 4398 1938 4436 vero

288 4470 488 4526 fasciis
515 4471 636 4527 Deo
667 4477 1070 4538 consecratus,
1106 4471 1468 4526 monasterio
1509 4470 1778 4539 dicatur;
1811 4488 1934 4526 om-

290 4576 552 4630 nemque
582 4566 891 4616 assecutus
907 4561 1279 4626 virtutem,ac
1293 4559 1483 4614 factus
1505 4559 1724 4630 probus
1739 4577 1940 4630 opera-

2061 1971 2274 2046 φύσεως
2310 1969 2572 2047 βαπτίσας
2606 1972 2865 2047 Χριστόν.
2923 1971 3119 2030 Τοίνυν
3154 1974 3181 2028 ὁ
3213 1973 3462 2044 πολήσας
3493 1974 3544 2028 ἐν
3576 1974 3708 2028 ἀκο-

2063 2059 2226 2133 λασίᾳ
2255 2058 2531 2136 Ἡρώδης,
2565 2066 2662 2116 τοῦ
2721 2059 3024 2119 Ἰουδαϊκοῦ
3081 2066 3397 2138 τετραρχῶν
3455 2061 3708 2141 ἐδάφους,

2059 2151 2159 2220 τήν
2191 2153 2288 2204 τοῦ
2319 2147 2560 2228 ἀδελφοῦ
2591 2149 2757 2206 αὐτοῦ
2785 2149 3073 2207 Φιλίππου
3105 2157 3335 2223 γυναῖκα
3365 2153 3499 2226 πρὸς
3529 2155 3707 2228 γάμον

2057 2239 2309 2314 ἠγάγετο.
2346 2238 2488 2311 Θείῳ
2545 2239 2662 2292 οὗν·
2696 2239 2938 2309 κινηθεὶς
2993 2237 3151 2312 ζήλῳ
3189 2240 3216 2294 6
3249 2242 3556 2318 προφήτης,
3613 2241 3706 2295 καὶ

2060 2326 2317 2397 ἀληθείας
2346 2327 2544 2389 ὅπλοις
2603 2328 2960 2404 φραξάμενος,
3021 2326 3178 2403 ἔλεγε
3228 2329 3364 2404 πρὸς
3393 2331 3482 2383 τὸν
3509 2329 3703 2404 τύραν-

2057 2435 2175 2471 νονο
2235 2418 2350 2476 Οὐκ
2409 2415 2579 2488 ἔξεστί
2635 2438 2718 2471 σοι
2801 2410 2948 2493 ἔχειν
3006 2428 3232 2493 γυναῖκα
3262 2419 3546 2474 Φιλίππου
3610 2424 3708 2474 τοῦ

2059 2503 2298 2582 ἀδελφοῦ
2331 2527 2448 2564 σου.
2485 2505 2759 2563 Ἐντεῦθεν
2821 2506 3038 2581 φυλακή
3068 2508 3158 2562 καὶ
3212 2505 3384 2578 δεσμά
3438 2508 3564 2580 περὶ
3615 2510 3707 2563 τὸν

2060 2595 2238 2669 ἅγιον,
2265 2601 2362 2650 τοῦ
2397 2600 2628 2669 μανικοῦ
2662 2595 2886 2670 γυναίου
2945 2595 3082 2669 πρὸς
3125 2600 3287 2652 τοῦτο
3342 2597 3433 2651 τὸν
3476 2597 3708 2672 ἐραστήν

2061 2685 2453 2746 συνελάσαντος
2486 2730 2500 2745 .
2582 2687 2745 2742 ’Όοεν
2823 2683 3116 2761 γενεθλίων
3195 2682 3562 2758 τελουμένων,
3619 2687 3709 2740 καὶ

2058 2773 2232 2828 πότου
2259 2771 2524 2848 δαψιλοῦς
2583 2773 2672 2828 καὶ
2733 2771 3038 2851 φιληδόνου
3093 2775 3234 2848 πρὸς
3287 2774 3708 2850 παραφροσύνην

2060 2861 2449 2925 ἐκκυλίσαντος
2479 2863 2569 2918 τὸν
2603 2863 2911 2939 ἑστιάτορα,
2944 2862 3181 2939 ὄρχησις
3230 2864 3507 2940 ἑταιρικοῦ
3539 2865 3707 2940 θυγα⁹

2057 2951 2234 3028 τρίου,
2268 2952 2360 3006 καὶ
2423 2953 2638 3024 μισθὸς,
2685 2955 2973 3030 προφήτου
3048 2951 3340 3028 ἀναίρεσις.
3382 2951 3586 3010 Αὐτίκα
3617 2952 3710 3008 οὖν

2058 3041 2212 3116 ἤχθη
2250 3044 2336 3100 ἐπὶ
2397 3046 2626 3109 πίνακος
2677 3047 2712 3114 ἡ
2771 3049 2868 3100 τοῦ
2929 3043 3140 3100 δικαίου
3191 3045 3426 3123 κεφαλὴ,
3481 3043 3711 3112 ἐπεδόθη

2066 3137 2256 3212 μάχλῃ
2287 3137 2377 3192 καὶ
2413 3135 2706 3214 μοιχαλίδι
2732 3138 2972 3214 γυναικὶ,
3005 3135 3083 3194 ἔτι
3138 3141 3202 3194 τὸ
3233 3141 3371 3212 αἷμα
3428 3137 3712 3210 στάζουσα,

2061 3231 2148 3285 καὶ
2222 3231 2287 3284 τὰ
2367 3229 2503 3285 αύτά
2587 3232 2958 3308 φθεγγομένη.
3048 3229 3329 3287 Ἐτελοῖτο
3411 3228 3470 3286 δὲ
3550 3235 3714 3285 ταῦτα

2061 3318 2113 3373 ἐν
2169 3322 2238 3392 τῇ
2300 3313 2550 3391 Σεϐαστῇ
2598 3319 2759 3374 πόλει
2849 3318 3136 3394 ἀπεχούσῃ
3189 3322 3288 3388 τῆς
3349 3317 3714 3395 Ἰερουσαλήμ

2059 3408 2270 3483 ἡμέρας
2301 3406 2450 3480 ὁδὸν,
2481 3403 2603 3472 ἔνθα
2632 3409 2721 3463 καὶ
2781 3410 2809 3464 6
2871 3411 2985 3482 μετ’
3047 3408 3250 3464 ἐκεῖνον
3295 3411 3456 3482 ἄρξας
3485 3412 3710 3484 τετράρ-

2059 3518 2189 3574 χης,
2219 3497 2349 3560 τοὺς
2381 3497 2774 3573 άνακτορικοὺς
2830 3497 3063 3571 ἐπήξατο
3125 3495 3349 3571 δόμους,
3382 3499 3486 3554 Καὶ
3519 3497 3547 3552 6
3581 3519 3712 3572 προ-

2059 3587 2392 3664 φητοκτόνος
2427 3587 2677 3658 ἐτελέσθη
2712 3591 2902 3657 πότος,
2935 3587 3048 3644 ἐκεῖ
3101 3589 3190 3643 καὶ
3246 3588 3308 3643 τὸ
3365 3590 3703 3666 προφητικὸν

2057 3676 2230 3732 ἐκεῖνο
2259 3678 2349 3732 καὶ
2381 3678 2538 3753 ἅγιον
2565 3675 2884 3752 περιπαλέν
2913 3677 3059 3754 παρᾶ
3098 3682 3206 3732 τῶν
3235 3675 3390 3732 ἰδίων
3443 3683 3703 3750 μαθητῶν

2056 3765 2429 3842 ἀπεκρύπτετο
2463 3770 2642 3840 σῶμα.

2587 3883 2769 3938 ΜΗΝΙ
2829 3887 2912 3936 ΤΩ
2971 3884 3176 3939 ΑΥΤΩ.

2850 3971 2910 4028 Α.

2193 4061 2400 4134 Μνήμη
2448 4063 2545 4115 τοῦ
2586 4058 2739 4116 ὁσίου
2795 4065 3210 4136 θαυματουργοῦ
3269 4061 3556 4119 Φαντίνου.

2171 4287 2294 4348 ῦτος
2323 4284 2473 4340 εἷλκε
2519 4285 2583 4340 τὸ
2641 4287 2796 4360 γένος
2852 4286 2912 4341 ὲκ
2971 4287 3160 4362 χώρας
3207 4290 3318 4342 τῶν
3373 4281 3706 4367 Καλαϐρῶν,

2050 4372 2318 4448 Γεωργίου
2350 4371 2440 4427 καὶ
2475 4376 2743 4446 Βρυὲννης
2775 4372 2914 4435 υἱός·
2949 4373 3000 4448 ἐξ
3050 4373 3230 4428 αὐτῶν
3289 4371 3346 4428 δὲ
3372 4377 3483 4428 τῶν
3531 4393 3707 4447 σπαρ-

2049 4462 2228 4540 γάνων
2257 4467 2342 4536 τῷ
2396 4467 2515 4535 Θεῷ
2575 4463 2920 4539 ἀφιερωθεῖς,
3010 4463 3364 4540 μοναστηρίῳ
3415 4461 3712 4532 ἒκδίδοται,

2046 4552 2139 4608 καὶ
2169 4557 2342 4608 πᾶσαν
2377 4553 2572 4628 ἀρετήν
2630 4552 2976 4630 μετέρχεται,
3034 4553 3124 4608 καὶ
3185 4551 3496 4628 γενόμενος
3560 4551 3712 4630 ἐργά-

287 4647 411 4702 rius
434 4648 854 4705 mandatorum
872 4650 1216 4717 Dei,divinis
1247 4649 1461 4722 dignus
1484 4648 1943 4705 revelationibus

2059 4663 2152 4712 της
2180 4639 2411 4715 δόκιμος
2445 4646 2555 4698 τῶν
2588 4640 2826 4698 ἐντολῶν
2858 4647 2954 4698 τοῦ
3000 4646 3156 4716 Θεοῦ,
3216 4643 3372 4707 θείων
3428 4641 3703 4698 ἀποκαλύ-

289 4736 566 4792 efficitur.
602 4736 690 4791 Ad
723 4737 848 4793 dies
879 4739 1085 4811 viginti
1107 4740 1363 4810 jejunus
1386 4737 1944 4810 permansit.Nudus

290 4825 469 4878 etiam
492 4840 598 4895 per
629 4830 882 4896 quatuor
911 4844 1102 4883 annos
1134 4827 1529 4900 perseveravit
1563 4843 1576 4882 :
1609 4827 1946 4884 innumeris

293 4913 668 4969 conﬂictatus
701 4915 1140 4973 calamitatibus
1172 4918 1245 4973 ob
1279 4918 1711 4974 Saracenorum
1753 4918 1945 4973 incur-

291 5003 508 5056 siones.
535 5003 679 5058 Cum
711 5005 793 5060 ita
823 5007 1128 5079 sexaginta
1149 5023 1336 5062 annos
1373 5007 1752 5079 perstitisset,
1789 5009 1942 5064 Vita-

290 5090 438 5145 lium
468 5109 535 5146 ac
569 5093 963 5166 Nicephorum
997 5096 1324 5168 discipulos
1372 5113 1574 5152 secum
1606 5113 1939 5164 assumens,

288 5181 360 5234 ad
389 5181 864 5253 Peloponnesum
879 5187 1110 5258 appulit
1132 5203 1144 5241 :
1164 5192 1222 5242 et
1251 5187 1352 5242 diu
1375 5186 1939 5255 Corinthiversatus,

284 5270 489 5325 multis
521 5271 592 5325 ad
627 5273 879 5330 salutem
911 5292 1120 5331 ansam
1152 5275 1330 5337 dedit,
1397 5277 1660 5330 Athenas
1709 5281 1938 5346 petens,

284 5361 694 5434 templumque
723 5365 1041 5421 Genitricis
1075 5365 1174 5420 Dei
1206 5363 1853 5431 veneratus,Larissam
1877 5380 1940 5418 se

285 5452 575 5518 contulit;
609 5459 785 5524 atque
815 5455 988 5527 longo
1023 5455 1311 5525 temporis
1372 5451 1686 5507 intervallo
1711 5451 1784 5505 ad
1812 5469 1938 5507 san-

282 5541 360 5594 cti
395 5541 632 5596 Achillii
664 5543 1004 5615 sepulcrum
1061 5543 1432 5608 immoratus,
1460 5540 1938 5597 Thessalonicam

282 5630 909 5707 proﬂciscitur,magni
925 5633 1202 5703 martyris
1225 5631 1506 5708 Demetrii
1537 5631 1818 5705 prodigiis
1832 5632 1931 5690 de-

285 5718 539 5777 lectatus
555 5739 569 5777 :
586 5739 812 5794 perque
834 5723 1098 5796 integros
1113 5726 1245 5779 octo
1260 5737 1451 5780 annos
1471 5727 1823 5781 consuetum
1840 5722 1936 5780 ab-

2053 4735 2195 4805 ψεων
2221 4733 2593 4804 καταξιοῦται.
2649 4731 2747 4786 Καὶ
2807 4731 2892 4786 ἐπὶ
2953 4730 3164 4809 ἡμέρας
3213 4729 3390 4787 εἷ’κοσι
3437 4729 3702 4788 διετέλεσ-

2051 4827 2259 4890 νῆστις.
2293 4819 2469 4876 Ἀλλά
2497 4819 2585 4874 καὶ
2617 4823 2822 4896 γυμνὸς
2857 4819 2944 4876 ἐπὶ
3003 4823 3255 4897 τέσσαρσι
3300 4821 3529 4897 χρόνοις
3589 4819 3701 4877 διε-

2051 4910 2380 4985 καρτέρησε,
2453 4909 2542 4964 καὶ
2628 4909 2848 4984 μυρίαις
2934 4909 3306 4984 περιστάσεσιν
3391 4909 3695 4978 ἐπάλαισεν,

2051 4999 2103 5053 ἐν
2133 5003 2252 5060 ταῖς
2275 5001 2382 5052 τῶν
2418 5002 2747 5073 Σαρακηνῶν
2773 4996 3015 5075 ἐφόδοις.
3048 5001 3134 5054 Ἐν
3185 4997 3402 5061 τούτοις
3444 4999 3698 5070 ἐξήκοντα

2053 5090 2278 5165 χρόνοις
2364 5086 2668 5163 διαρκὲσας,
2733 5088 2993 5147 Βιτάλιον
3051 5091 3144 5146 καὶ
3204 5091 3519 5167 Νικηφόρον
3573 5089 3698 5151 τοὺς

2050 5181 2212 5236 αὐτοῦ
2242 5174 2576 5255 παραλαϐὼν
2614 5180 2881 5252 μαθητὰς,
2929 5185 3001 5255 τῇ
3063 5177 3470 5255 Πελοποννήσῳ
3529 5201 3693 5256 προσ·

2051 5267 2335 5327 επιϐαίνει.
2367 5271 2467 5326 Καὶ
2504 5269 2556 5324 ἐν
2612 5273 2864 5345 Κορίνθῳ
2924 5271 3124 5347 χρόνον
3185 5273 3382 5346 συχνὸν
3431 5269 3694 5347 προσδια-

2046 5361 2264 5434 τρίψας,
2324 5358 2562 5421 πολλοῖς
2620 5361 2880 5433 πρόξενος
2939 5361 3212 5436 σωτηρίας
3301 5359 3554 5430 κατέστη·
3605 5359 3689 5414 καὶ

2048 5453 2142 5513 τὰς
2183 5453 2410 5522 Ἀθήνας
2447 5448 2793 5523 καταλαϐὼν,
2854 5453 2943 5508 καὶ
2988 5455 3050 5508 τὸ
3109 5453 3264 5528 ἅγιον
3322 5454 3546 5527 τέμενος
3592 5459 3688 5520 τῆς

2048 5541 2314 5596 Θεοτόκου
2398 5544 2800 5615 προσκυνήσας,
2891 5542 2941 5596 ἐν
3029 5547 3096 5617 τῇ
3177 5542 3418 5617 Λαρίσσῃ
3468 5544 3687 5618 γίνεται’

2047 5633 2217 5702 ἰκανῷ
2249 5627 2309 5684 δὶ
2340 5631 2531 5705 χρόνῳ
2560 5635 2640 5704 τῷ
2669 5635 2766 5686 τοῦ
2813 5631 2968 5709 ἁγίου
3015 5630 3340 5689 ’Δχιλλείου
3372 5629 3690 5707 προσεδρεύο

2048 5740 2144 5782 σας
2199 5717 2380 5793 τάφῳ,
2457 5717 2534 5782 εἷς
2591 5719 2994 5793 Θεσσαλονίκην
3055 5720 3296 5796 ἔρχεταὶ.
3378 5723 3475 5778 Καὶ
3530 5741 3692 5776 κατα-
