4082 6200
365 347 484 408 615
1607 336 1768 398 IMP.
1821 335 2100 396 BASILII
2141 335 2529 400 JUNlORIS.
3091 293 3094 296 ’
3650 339 3769 404 eis

373 487 482 550 est,
517 486 578 536 et
607 481 680 535 ab
711 481 845 536 aliis
877 478 1079 533 multis
1105 473 1464 548 cognoverit,
1491 473 1686 545 legem
1707 487 1742 527 a
1770 470 2014 525 domino

2137 465 2240 522 λῶν
2299 466 2487 524 ἄλλων
2566 470 2913 545 ἀναμαοοῦσα
2981 472 3080 542 τὴν
3132 469 3256 548 περῖ
3309 475 3416 528 τῶν
3467 469 3774 543 ἐκκλησιῶν

371 571 724 642 Nicephoro,
759 571 1108 637 usurpatore
1162 562 1420 634 imperii,
1455 561 1527 616 de
1587 558 1857 616 ecclesiis
1890 556 2013 624 Dei,

372 661 785 734 religiosisque
838 655 1135 722 domibus,
1197 653 1398 722 latam,
1447 669 1580 708 cum
1629 649 2018 723 prmsentium

377 750 693 814 malorum,
727 752 852 801 tum
884 743 1234 800 universalis
1257 744 1435 815 hujus
1497 739 1898 797 subversionis
1930 741 2016 792 at-

379 857 492 912 que
521 837 894 894 confusionis
918 852 1158 892 causam
1189 841 1249 891 et
1276 835 1535 890 radicem
1566 833 1883 900 exstitisse,
1922 847 2022 886 ve-

373 931 483 985 luti
513 946 632 983 non
656 928 728 983 ad
746 927 1030 999 injuriam
1053 926 1592 996 contumeliamque
1617 925 1902 979 duntaxat
1922 937 2019 976 ec-

378 1019 696 1073 clesiarum
750 1023 808 1072 et
863 1017 1272 1086 religiosarum
1331 1015 1638 1084 domuum,
1672 1013 1776 1068 sed
1833 1011 2021 1084 ipsius

377 1125 611 1179 quoque
659 1108 758 1162 Dei
821 1106 1120 1162 conditam
1182 1121 1434 1176 cumque
1486 1104 1632 1159 adeo
1687 1103 1885 1174 reipsa
1945 1101 2020 1155 sit

377 1203 787 1269 comparatum
819 1197 880 1252 id
912 1213 1060 1262 esse,
1096 1195 1489 1266 compererit:
1523 1195 1682 1264 (nam
1708 1210 1778 1248 ex
1797 1207 1911 1262 quo
1925 1190 2022 1245 lex

376 1291 488 1346 ista
521 1292 700 1346 robur
725 1290 951 1358 habuit,
984 1289 1133 1344 nihil
1153 1289 1292 1344 boni
1314 1289 1550 1360 penitus
1583 1287 1642 1341 in
1664 1284 2018 1340 hodiernum

376 1397 568 1451 usque
628 1380 787 1435 diem
846 1379 1004 1433 aetati
1064 1383 1282 1433 nostra)
1339 1376 1604 1449 contigit,
1663 1375 1767 1430 sed
1825 1374 2022 1446 potius

375 1488 405 1525 ο
439 1471 735 1526 contrario
762 1469 996 1524 nullum
1022 1469 1267 1523 omnino
1317 1484 1503 1538 genus
1534 1465 1886 1522 calamitatis
1929 1465 2024 1518 in-

379 1561 656 1631 termisit)
687 1560 890 1616 statuit
922 1576 1028 1630 per
1055 1558 1393 1630 religiosam
1427 1557 1579 1612 hanc
1627 1571 1866 1610 auream
1889 1553 2021 1608 bul-

379 1651 520 1718 lam,
554 1651 646 1706 cui
671 1650 1040 1720 subscripsit,
1071 1649 1260 1721 legem
1305 1649 1470 1703 illam
1515 1647 1680 1719 prius
1736 1646 1916 1701 latam
1949 1644 2020 1700 ab

379 1739 487 1794 hoc
519 1741 798 1811 praesenti
833 1739 928 1794 die
951 1754 1186 1794 cessare
1217 1737 1454 1806 debere,
1487 1753 1555 1792 ac
1577 1735 1858 1806 deinceps
1889 1736 2020 1790 irri-

2124 561 2219 610 τοῦ
2250 561 2384 614 Θεοῦ
2414 561 2638 615 καὶτῶν
2695 560 2902 636 εὐαγῶν
2963 559 3130 616 οἴκων
3163 562 3310 637 παρᾶ
3362 566 3460 617 1:06
3515 568 3615 632 τῆς
3673 563 3774 638 βα-

2129 646 2334 710 σιλείας
2376 645 2667 714 ἐπιϐάντος
2721 655 2897 724 Κυροῦ
2955 650 3274 729 Νικηφόρου
3330 653 3571 708 τεθεῖσαν
3602 673 3772 726 νομο-

2129 737 2304 800 θεσίαν
2335 738 2510 794 αἰτίαν
2539 740 2630 795 καὶ
2661 741 2810 816 ῥίζαν
2867 745 2972 796 τῶν
3032 741 3312 815 παρόντων
3373 741 3618 814 γενέσθαι
3676 763 3770 797 κα-

2127 829 2238 880 κῶν
2295 828 2384 883 καὶ
2453 836 2553 900 τῆς
2613 829 2999 901 οἶκουμενικῆς
3058 831 3260 902 ταύτης
3317 830 3630 906 ἀνατροπῆς
3682 830 3773 885 καὶ

2128 915 2489 990 συγχύσεως,
2549 918 2640 974 ἅτε
2701 920 2777 992 μή
2831 921 2966 994 πρὸς
3042 916 3248 974 ἀδικίαν
3301 920 3391 975 καὶ
3452 916 3604 995 ὕϐριν
3661 924 3772 975 τῶν

2129 1003 2434 1076 ἐκκλησιῶν
2495 1007 2658 1080 μόνον
2714 1008 2803 1062 καὶ
2861 1013 2968 1063 τῶν
3023 1009 3228 1085 εὐαγῶν
3290 1007 3454 1064 οἷ’κων
3505 1007 3650 1064 ἀλλὰ
3681 1009 3771 1064 καὶ

2129 1093 2296 1148 αὐτοῦ
2337 1100 2432 1150 τοῦ
2491 1101 2626 1151 Θεοῦ
2683 1098 3005 1172 γενομένην,
3066 1096 3255 1162 ἄλλως
3307 1119 3366 1154 τε
3423 1097 3480 1154 δὲ
3508 1099 3598 1154 καὶ
3629 1095 3771 1173 ἔργῳ

2127 1186 2286 1238 τοῦτο
2341 1179 2726 1260 βεϐαιωθεῖσαν
2776 1187 2849 1260 (ἐξ
2910 1186 3036 1242 ὅτου
3081 1187 3184 1264 γὰρ
3241 1189 3307 1244 τὰ
3357 1195 3458 1257 τῆς
3510 1187 3770 1259 τοιαύτης

2129 1282 2427 1358 ἐκράτησαν
2482 1285 2827 1358 νομοθεσίας,
2887 1283 3000 1340 οὐδ’
3059 1285 3357 1358 ὁπωσοῧν,
3419 1285 3532 1342 οὐδ’
3590 1287 3770 1342 ὁτιοῦν

2129 1371 2529 1449 χρτιστὸνᾶχρι
2587 1376 2678 1429 καὶ
2738 1378 2978 1451 σήμερον
3009 1381 3086 1448 τῷ
3115 1379 3236 1442 καθ’
3294 1380 3442 1450 ἡμᾶς
3501 1378 3776 1449 ἀπήντησε

2133 1463 2260 1539 βίῳ,
2315 1461 2460 1518 ἀλλὰ
2514 1465 2824 1520 τούναντίον
2880 1472 3160 1545 συμφορᾶς
3235 1465 3448 1540 μᾶλλον
3523 1466 3776 1522 ἐπέλιπεν

2131 1550 2271 1613 εἶδος
2305 1552 2450 1616 ὅλως
2480 1551 2674 1627 οὐδὲν)³
2711 1554 2948 1625 θεσπίζει
3011 1553 3098 1611 διὰ
3156 1560 3251 1610 τοῦ
3303 1555 3566 1632 παρόντος
3622 1556 3773 1610 εὐσε-

2130 1638 2258 1704 ϐοῦς
2311 1640 2686 1721 ἐνυπογράφου
2745 1641 3190 1720 χρυσοϐούλλου,
3249 1649 3311 1701 τὸ
3357 1647 3456 1716 τήν
3516 1646 3768 1718 ῥηθεῖσαν

2129 1731 2453 1806 νομοθεσίαν
2496 1735 2674 1810 ἀργεῖν
2735 1735 2839 1790 ἀπὸ
2895 1738 2993 1804 τῆς
3037 1736 3316 1809 παρούσης
3372 1735 3572 1806 ταύτης
3632 1739 3774 1810 ἡμέο

377 1835 518 1898 tam,
551 1831 894 1902 nulliusque
941 1829 1230 1885 momenti
1277 1844 1559 1883 manere:
1594 1826 1849 1882 conditis
1879 1833 2016 1882 ante

2137 1844 2246 1898 ρας,
2280 1823 2474 1898 ἄκυρόν
2527 1825 2704 1879 τεκαὶ
2736 1826 3007 1901 ἄπρακτον
3064 1830 3161 1880 τοῦ
3220 1825 3419 1881 λοιποῦ
3478 1824 3771 1899 διαμένειν·

376 1926 543 1981 illam
565 1924 794 1998 legibus
827 1929 947 1979 tam
981 1923 1052 1978 de
1080 1923 1349 1979 ecclesiis
1381 1923 1507 1990 Dei,
1540 1937 1718 1993 quam
1749 1921 1820 1975 de
1875 1920 2016 1976 reli-

375 2018 558 2091 giosis
587 2016 1005 2084 domibus,vim
1033 2016 1331 2086 roburque
1371 2030 1544 2068 suum
1576 2012 2019 2080 obtinentibus;

377 2123 525 2177 quas
556 2111 614 2161 et
661 2105 912 2160 illustris
944 2121 1084 2160 avus
1116 2104 1444 2174 majestatis
1477 2107 1716 2167 nostra),
1751 2108 1805 2156 et
1854 2106 2025 2172 pater

379 2196 673 2268 ejusdem,
707 2202 764 2250 et
802 2195 1019 2250 abavus
1051 2195 1271 2266 optime
1330 2210 1397 2248 ac
1455 2192 1849 2265 religiossime
1883 2208 2022 2263 pro-

376 2285 736 2357 mulgarunt.
769 2286 957 2355 thue
982 2289 1188 2338 sancta
1217 2288 1274 2338 et
1306 2281 1696 2338 immutabilis
1728 2286 1884 2336 esset
1901 2282 2028 2336 haec

379 2374 762 2439 constitutio,
819 2373 1060 2444 propria
1117 2389 1329 2427 manus
1387 2370 1768 2426 subnotatam
1845 2385 2026 2425 aureo

377 2481 613 2536 quoque
649 2463 842 2535 sigillo
877 2463 1209 2536 subsignari
1232 2461 1545 2534 jussimus.
1573 2459 1789 2514 Mensis
1814 2461 2027 2532 Aprilis

375 2554 469 2609 die
520 2556 612 2622 IV,
673 2554 997 2610 indictione
1061 2553 1274 2625 prima,
1335 2569 1490 2607 anno
1540 2567 1630 2606 νηί
1679 2567 1830 2607 cccc.
1880 2568 2028 2607 xcw.

379 2643 618 2716 (Christi
650 2645 800 2716 987.)

2056 2827 2105 2882 II

2131 1911 2360 1988 ἐνεργεῖν
2397 1909 2453 1967 δὲ
2489 1912 2618 1978 τοὺς
2661 1915 2766 1984 πρὸ
2809 1916 3009 1986 ταύτης
3061 1915 3344 1989 κειμένους
3401 1916 3523 1990 περὶ
3579 1937 3637 1970 τε
3667 1919 3774 1970 τῶν

2129 2001 2436 2073 ἐκκλησιῶν
2459 2008 2556 2058 τοῦ
2589 2009 2722 2059 Θεοῦ
2763 2005 2854 2058 καὶ
2901 2010 3008 2060 τῶν
3069 2006 3274 2081 εὐαγῶν
3333 2003 3496 2060 οἷ’κων
3551 2005 3776 2078 νόμους,

2129 2101 2220 2156 καὶ
2261 2099 2352 2162 οὓς
2383 2099 2412 2155 ὅ
2441 2122 2498 2156 τε
2528 2099 2782 2174 ἀοίδιμος
2832 2110 2931 2172 τῆς
2993 2101 3270 2178 βασιλείας
3321 2107 3483 2176 ἡμῶν
3532 2103 3772 2170 πάππος,

2133 2192 2162 2245 δ
2191 2211 2249 2245 τε
2279 2192 2456 2265 πατὴρ
2491 2191 2694 2246 ἐκείνου
2734 2191 2920 2263 πάλιν,
2971 2195 3000 2248 δ
3028 2214 3086 2248 τε
3136 2193 3447 2256 ἐπίπαππος
3497 2192 3688 2266 ἄριστά
3716 2214 3775 2247 τε

2132 2281 2220 2335 καὶ
2280 2277 2670 2358 θεοφῗλεστατα
2728 2278 2922 2353 ἔϐησαν
2959 2328 2973 2341 .
3033 2284 3135 2340 Καὶ
3203 2282 3340 2338 ὣστε
3409 2281 3626 2359 ἀσφαλῆ
3685 2282 3778 2337 καὶ

2135 2369 2464 2443 ἀμετάθετον
2500 2371 2762 2440 εἶναιτὴν
2805 2376 3076 2447 παροῦσαν
3128 2370 3388 2446 διάταξιν,
3439 2371 3611 2444 οἰκείᾳ
3641 2370 3792 2448 χειρὶ

2140 2459 2630 2533 ὑποσημηνάμενοι
2665 2466 2855 2534 χρυσῷ
2885 2460 3143 2540 σφραγῖδι
3189 2462 3388 2534 ταύτην
3444 2461 3792 2539 ὖποσφραγι-

2142 2561 2334 2620 σθηναι
2367 2546 2741 2624 διωρισάμεθα
2775 2549 2907 2624 μηνὶ
2957 2549 3270 2625 Ἀπριλλίῳ
3317 2547 3364 2606 δ’
3420 2548 3799 2624 ἒπινεμήσεως

2139 2641 2187 2696 α’
2216 2639 2268 2696 ἐν
2303 2637 2431 2708 ἔτει,
2464 2640 2634 2719 ςυῐιςί.

499 2936 678 3004 lmpp.
719 2933 916 2989 Basilii
954 2939 1005 2989 et
1036 2931 1384 2988 Constantini
1415 2949 1588 2988 aurea
1621 2932 1778 2988 bulla.
1810 2934 2134 2989 Venetorum
2165 2935 2558 2990 mercatoribus
2589 2934 2865 2990 libertates
2893 2935 3206 2991 concedens.
3229 2937 3320 3004 (Α.
3362 2935 3512 3004 992.)
3542 2936 3638 3005 (1).

446 3105 510 3158 In
544 3105 787 3159 nomine
823 3104 1007 3175 patris
1039 3108 1150 3158 etc.

447 3195 697 3250 Basilius
729 3200 788 3249 et
826 3194 1252 3250 Constantinus
1291 3211 1522 3262 omnes,
1591 3193 1809 3265 quibus
1867 3195 2025 3249 istud

372 3287 535 3356 pium
559 3291 830 3340 nostrum
863 3285 1126 3356 sigillum
1177 3284 1638 3352 demonstretur,
1693 3284 1898 3340 ﬁdeles
1954 3285 2019 3339 in

372 3377 488 3429 Deo
521 3377 913 3446 imperatores
951 3377 1378 3432 Romanorum.

441 3468 566 3520 Non
599 3466 793 3521 solum
825 3465 1253 3536 rogationibus,
1282 3481 1414 3536 quas
1447 3465 1554 3519 sub
1605 3481 1787 3520 manu
1818 3470 2023 3519 nostra

369 3559 526 3622 sunt,
585 3554 868 3609 obaudire
928 3553 1556 3609 misericordissimum
1605 3558 1664 3609 et
1723 3553 2022 3610 laudabile

372 3648 480 3710 est,
519 3642 621 3696 sed
654 3643 813 3696 enim
845 3645 903 3696 et
933 3648 1246 3696 extraneos
1302 3648 1360 3696 et
1417 3644 1753 3714 pertinente
1785 3643 2020 3714 publico

370 3735 655 3788 obaudire
686 3739 928 3805 rogatur
957 3750 1091 3788 cum
1123 3734 1492 3806 providentia
1514 3735 1614 3803 [et]
1639 3735 1859 3806 pietate
1888 3753 1901 3803 ;
1927 3737 2019 3790 in-

370 3823 562 3890 deque
593 3822 752 3876 enim
776 3827 835 3875 et
864 3821 1052 3892 pietas
1079 3823 1445 3877 sufﬁcienter
1473 3823 1547 3878 ad
1568 3823 1870 3902 miseriam
1885 3841 2018 3894 pro-

369 3913 551 3983 pitius
581 3913 1044 3983 demonstretur,
1079 3914 1468 3985 lonquimque
1511 3915 1880 3987 [longinque]
1933 3922 2016 3970 et-

370 4002 526 4056 enim
562 4019 694 4056 cum
742 4003 962 4074 pietate
997 4003 1291 4075 imperiali
1329 4003 1502 4059 detur
1533 4004 1908 4078 significatio.

440 4094 484 4146 Λ
519 4109 636 4163 qua
667 4093 825 4147 enim
859 4097 918 4148 et
949 4091 1066 4148 dux
1097 4093 1536 4162 Veneticorum,
1571 4099 1628 4150 et
1659 4094 1757 4165 qui
1785 4094 1892 4149 sub
1916 4095 2018 4150 illo

371 4185 556 4248 est,et
585 4198 718 4236 cum
751 4182 947 4236 omnis
977 4182 1169 4254 plebis
1200 4183 1630 4239 intercessione
1661 4201 1794 4239 cum
1817 4201 2020 4256 preca-

373 4275 594 4330 tionem
609 4275 683 4330 ad
700 4279 973 4330 nostrum
991 4275 1260 4332 fecerunt
1275 4276 1684 4347 imperium,ut
1697 4277 2018 4349 unusquis-

373 4385 490 4440 que
520 4385 695 4424 suum
727 4369 1051 4442 navigium,
1085 4369 1244 4440 quod
1275 4369 1346 4424 de
1380 4385 1487 4425 sua
1531 4370 1854 4441 provincia,
1915 4369 2020 4426 sed

368 4459 538 4513 enim
570 4463 630 4513 et
659 4458 731 4513 ab
763 4459 879 4514 alia
903 4459 1205 4530 provincia
1254 4463 1312 4513 et
1354 4459 1590 4514 civitate
1623 4476 1759 4514 cum
1785 4461 2018 4531 negotio

369 4545 686 4612 veniendo,
720 4549 871 4603 nihil
903 4548 1066 4603 aliud
1099 4548 1342 4614 donare,
1404 4547 1508 4602 sed
1559 4549 1784 4603 solidos
1826 4548 1974 4604 duos
2004 4567 2017 4616 ;

2138 3105 2456 3172 inventuri,
2485 3104 2812 3160 secundum
2844 3106 3120 3177 antiquas
3150 3104 3618 3161 consuetudines
3650 3123 3812 3162 cum~

2137 3200 2412 3268 prompta
2459 3195 2762 3251 voluntate
2795 3195 3111 3251 indefessis
3142 3196 3418 3264 servitiis,
3447 3201 3506 3251 et
3534 3196 3791 3252 forsitan

2061 3269 2104 3335 C
2135 3285 2444 3341 ambulant
2475 3291 2745 3340 nostrum
2779 3286 3094 3357 imperium
3129 3287 3190 3340 in
3224 3285 3786 3355 Longombardiam,

2131 3375 2386 3446 dirigere
2414 3374 2578 3430 illius
2607 3375 3027 3444 karicationes,
3060 3391 3307 3446 operare
3351 3391 3487 3430 cum
3519 3375 3641 3429 suis
3673 3391 3796 3429 na-

2131 3465 2320 3536 vigiis,
2356 3470 2414 3520 et
2445 3464 2672 3518 nullam
2729 3465 3101 3520 occasionem
3161 3470 3264 3520 aut
3315 3465 3664 3519 memoriam
3715 3464 3784 3519 in

2130 3554 2244 3610 isto
2275 3554 2469 3609 facere
2500 3554 2754 3610 servitio.

2201 3643 2261 3698 Id
2271 3661 2336 3699 eo
2353 3643 2674 3700 exaudiunt
2692 3660 2896 3699 eorum
2912 3644 3392 3715 deprecationem
3407 3647 3465 3699 et
3476 3643 3651 3715 jussu
3675 3658 3790 3713 per

2134 3736 2312 3789 istum
2345 3750 2516 3788 suum
2561 3733 2987 3798 chrisobolum,
3040 3740 3105 3788 ut
3160 3733 3572 3805 unusquisque
3604 3749 3783 3786 suum

2134 3824 2451 3896 navigium,
2486 3822 2644 3894 quod
2669 3839 2735 3877 ex
2771 3823 3010 3878 Venetia
3042 3828 3099 3877 et
3128 3823 3199 3878 ab
3230 3823 3364 3878 aliis
3395 3821 3663 3894 partibus
3685 3837 3790 3874 ve-

2130 3915 2286 3970 niret
2315 3931 2450 3969 cum
2476 3913 2598 3968 suis
2629 3914 2910 3985 negotiis;
2955 3913 3108 3968 nihil
3157 3913 3318 3968 aliud
3339 3913 3561 3968 donare
3583 3912 3655 3967 ad
3687 3912 3780 3983 ip-

2132 4021 2258 4060 sum
2293 4002 2600 4075 publicum
2631 4020 2736 4075 pro
2767 4003 3136 4058 karicatione
3169 4002 3456 4058 deAbido
3500 4002 3777 4056 veniente

2131 4093 2353 4149 solidos
2385 4093 2555 4159 duos,
2589 4097 2649 4147 et
2704 4092 3083 4148 discedentes
3133 4109 3235 4148 eos
3265 4109 3300 4147 a
3339 4109 3446 4147 sua
3475 4091 3786 4164 provincia

2130 4182 2472 4254 quindecim
2506 4188 2754 4247 tantum,
2788 4186 2853 4236 ut
2891 4183 3270 4254 pervenirent
3319 4197 3559 4237 omnem
3590 4180 3783 4235 dona-

2132 4274 2352 4328 tionem
2386 4288 2873 4343 unumquemque
2906 4272 3202 4344 navigium
3233 4271 3417 4325 XVII.‘

2201 4365 2270 4417 Et
2299 4362 2414 4433 ipsi
2446 4361 2622 4416 soluti
2654 4361 2948 4416 adducere
2977 4361 3091 4432 ipsi
3112 4360 3363 4416 Venitici
3398 4359 3786 4433 [Logothetae]

2128 4453 2204 4523 (3)
2235 4451 2307 4506 de
2340 4451 2539 4516 domo,
2564 4451 2663 4522 qui
2699 4449 2802 4506 illo
2826 4457 3090 4521 tempore
3115 4449 3263 4516 erit;
3297 4455 3356 4505 et
3386 4449 3488 4504 ille
3512 4449 3684 4504 detur
3705 4447 3786 4502 ab

2131 4541 2258 4612 ipso
2307 4539 2780 4608 commerciario,
2814 4539 3105 4594 cercando
3138 4538 3272 4593 illos
3304 4538 3429 4610 ipse
3487 4554 3785 4594 commer~

368 4637 645 4692 dicebant
665 4639 884 4692 etenim
918 4638 990 4693 ab
1023 4639 1311 4693 hactenus
1343 4642 1570 4693 tantam
1593 4638 1814 4693 donare
1835 4656 2025 4709 quan-
2054 4645 2101 4708 ι)
2135 4630 2368 4698 ciarios,
2403 4629 2763 4701 quandoque
2795 4633 3088 4683 revertere
3132 4627 3453 4684 voluerunt
3481 4625 3555 4682 ad
3607 4642 3786 4680 suam

376 4727 630 4781 titatem.
664 4727 734 4779 Et
764 4726 895 4782 ideo
924 4727 1142 4783 multos
1165 4726 1674 4782 commeschabios
1723 4727 1803 4799 (2)
1838 4729 2022 4784 inter-

381 4819 682 4886 rogantes,
716 4813 1019 4871 inventum
1053 4820 1142 4872 est
1191 4816 1401 4888 magis,
1433 4832 1564 4888 quae
1595 4821 1660 4871 ut
1687 4816 1822 4888 plus
1851 4817 1923 4873 de
1956 4820 2024 4873 30

381 4902 592 4959 solidis
624 4902 849 4958 dabant
876 4907 1289 4977 unusquisque
1319 4905 1550 4976 navigio
1582 4907 1700 4962 Deo
1740 4913 2022 4964 coronato

381 4992 634 5064 imperio
667 4997 890 5050 nostro.
917 4995 1108 5051 Unum
1139 4996 1321 5061 enim,
1352 5012 1387 5051 a
1416 5012 1532 5067 quo
1563 5001 1622 5050 et
1667 4997 2026 5053 Christiano-

381 5100 515 5139 rum
545 5099 690 5155 gens
721 5085 941 5155 ﬂendo,
993 5091 1050 5142 et
1079 5085 1265 5142 Deum
1297 5085 1609 5140 nobiscum
1643 5085 1780 5154 fide,
1839 5087 2022 5144 alium

394 5178 462 5226 ut
491 5175 636 5245 [em]
662 5193 769 5247 pro
793 5176 1352 5248 promissione,quaa
1383 5175 1713 5246 antiquitus
1733 5175 2022 5248 fecerunt,

377 5267 441 5317 ut
471 5280 590 5319 non
624 5265 818 5322 solum
849 5265 924 5322 ad
945 5267 1060 5322 ista
1079 5266 1151 5321 de
1175 5266 1251 5339 [ο]
1268 5265 1404 5321 data
1434 5266 2024 5322 conservatacivitate

443 5445 519 5515 (ί)
551 5446 979 5501 Autlienticum
1004 5447 1269 5501 Graecum
1297 5443 1566 5515 nondum
1590 5443 1896 5498 inventum
1909 5449 2018 5498 est.

374 5514 576 5571 Versio
609 5519 816 5572 Latina
845 5533 1133 5588 perquam
1160 5515 1411 5588 barbare
1433 5514 1627 5588 facta,_
1624 5529 1802 5588 quam
1829 5520 2022 5588 textus

371 5585 920 5658 praestat,exstatin
943 5585 1149 5643 codice
1174 5586 1564 5658 diplomatico
1597 5585 1652 5640 S.
1684 5586 1859 5640 Marci
1883 5589 2025 5642 Tre-

369 5659 609 5733 visaneo
643 5660 717 5716 cl.
746 5659 945 5733 chod.
970 5657 1432 5733 CL§X_X_I'fol.__8
1459 5671 1472 5722 ;
1533 5672 1804 5733 eamque.
1832 5675 2024 5733 nuper

369 5734 504 5800 post
531 5730 679 5785 alios
710 5729 1027 5786 ediderunt
1054 5728 1213 5784 Tafel
1255 5733 1313 5784 et
1349 5727 1600 5786 Thomas
1635 5727 1936 5789 Uritunden'
1969 5749 2018 5788 ι.

2131 4719 2514 4791 provinciam.

2203 4811 2282 4864 Ne
2310 4814 2508 4864 autem
2548 4808 2766 4863 habere
2797 4808 3100 4864 licentiam
3133 4824 3237 4880 pro
3270 4806 3544 4878 cupidate
3575 4811 3784 4863 tenere

2131 4899 2268 4956 illos
2305 4899 2440 4970 plus
2471 4899 2683 4955 diebus
2715 4899 2925 4966 tribus,
2951 4903 3010 4954 et
3037 4897 3164 4953 ilud
3191 4897 3378 4964 ﬁeret,
3423 4896 3786 4968 quandoque

2132 4986 2549 5058 necessitaqis]
2599 5002 2670 5041 ea
2733 4986 2965 5040 occasio
3025 4989 3132 5051 est,
3173 4984 3338 5055 quod
3395 4983 3570 5038 debet
3625 4983 3786 5036 viam

2133 5077 2262 5149 ejus
2293 5075 2608 5147 contraire,
2633 5080 2691 5131 et
2711 5075 2822 5146 ipsi
2838 5079 3036 5130 autem
3049 5073 3313 5128 Venetici
3337 5091 3442 5144 pro
3465 5072 3784 5130 occasione

2134 5165 2497 5223 defensionis
2517 5181 2720 5220 eorum
2754 5164 3022 5235 alioquin
3044 5163 3202 5235 quod
3223 5164 3525 5236 negotium
3555 5161 3788 5218 habent

2132 5255 2206 5310 de
2228 5253 2784 5325 Constantinopolin
2806 5253 2868 5307 in
2891 5253 3014 5309 suis
3039 5253 3291 5324 navigiis
3316 5253 3531 5318 levare,
3553 5250 3790 5306 scilicet

2133 5445 2345 5499 alteren
2377 5445 2696 5499 Handelsu.
2745 5443 3110 5514 Staatsgesch'
3167 5444 3264 5498 der
3318 5445 3452 5512 Rep.
3519 5438 3788 5509 Venedig.

2133 5521 2275 5571 tom.
2309 5516 2328 5570 Ι
2357 5514 2637 5585 (Vindob.
2671 5517 2849 5582 1856),
2881 5533 2939 5585 p.
2973 5517 3040 5570 36
3080 5515 3168 5569 39.

2203 5588 2281 5659 (2)
2313 5587 2784 5659 Commerciaros
2813 5585 3071 5659 intelligi
3089 5585 3348 5642 editores
3367 5588 3640 5642 monent.

2201 5654 2279 5728 (3)
2310 5659 2438 5786 Ηοὶ
2487 5658 2730 5714 verbum
2781 5654 3182 5731 supplendum
3230 5672 3359 5713 esse
3411 5671 3646 5713 censeo.
3681 5654 3792 5710 ΖΑ-

2206 5747 2297 5786 AR.
2329 5748 2364 5786 Α
2441 5747 2555 5786 mo.

2132 5746 2297 5787 CHAR.
2329 5748 2364 5786 Α
2398 5746 2555 5786 ιιιΝο.
