4084 6202
287 323 408 385 617

1456 321 1847 383 NOVELLIE
1892 320 2568 386 CONSTITUTIONES

3599 302 3743 385 618'

290 453 704 520 Amaltitanos,
753 452 990 521 Judeos,
1051 452 1549 525 Longombardos,
1596 453 1666 509 de
1716 454 1948 510 civitate
1977 458 2024 524 Α
2061 456 2363 510 hominem
2396 454 2615 509 habere
2646 454 2952 509 licentiam
2984 470 3249 525 unquam
3298 459 3563 527 tempore
3612 471 3720 526 per

299 544 428 598 Bari
446 548 503 597 et
517 543 770 598 aliorum
783 543 907 609 ,sed
925 542 1117 597 solum
1137 542 1375 597 illorum
1390 544 1689 613 negotium
1709 544 1961 599 adduxe-

305 634 445 687 rint.
477 633 696 697 Quodsi
722 633 832 687 hoc
854 632 1098 702 faciunt,
1120 648 1240 687 non
1265 630 1457 686 solum
1485 632 1619 687 illos
1640 633 1960 688 defendere

308 722 478 796 [non]
511 723 834 793 potuerint,
869 722 971 778 sed
1002 728 1059 777 et
1092 739 1262 776 suum
1287 722 1518 793 justum
1550 723 1959 793 perdiderunt.

368 815 621 885 Insuper
651 817 709 867 et
738 812 849 866 hoc
877 811 1183 883 jubemus,
1210 815 1276 865 ut
1303 826 1408 881 per
1429 811 1955 883 solumlogotheta,

303 905 404 976 qui
437 910 705 975 tempore
740 904 841 959 illo
871 905 985 959 erit
1041 903 1112 958 de
1159 904 1371 958 diorno
1423 904 1520 974 (4),
1570 904 1682 958 ista
1729 904 1960 973 navigia

301 994 375 1050 de
406 996 541 1050 istis
574 994 870 1049 Veneticis
903 999 961 1049 et
1008 994 1121 1065 ipsi
1178 993 1441 1048 Venetici
1493 999 1850 1063 scrutentur,
1902 997 1960 1047 et

303 1089 635 1157 pensentur
669 1089 727 1138 et
750 1082 1125 1154 judicentur,
1161 1082 1489 1137 secundum
1521 1082 1675 1154 quod
1708 1082 1779 1137 ab
1806 1081 1959 1138 anti-

302 1190 422 1244 quo
455 1172 568 1228 fuit
598 1171 966 1227 consuetudo
994 1191 1007 1239 ;
1043 1176 1100 1227 et
1131 1171 1351 1242 quibus
1376 1170 1674 1243 judicium
1707 1170 1958 1226 forsitan

304 1263 465 1318 inter
496 1261 635 1316 illos
666 1267 767 1317 aut
797 1279 931 1317 cum
963 1262 1097 1316 aliis
1131 1262 1707 1329 crescetur,scrutari
1728 1266 1786 1317 et
1800 1260 1958 1332 judi-

298 1368 433 1407 care
453 1368 562 1423 pro
585 1352 714 1422 ipso
745 1351 869 1406 solo
898 1351 1218 1423 logotheta,
1253 1356 1310 1405 et
1339 1367 1461 1406 non
1481 1367 1586 1422 pro
1612 1350 1727 1407 alio
1750 1350 1954 1421 judice

291 1440 783 1512 qualemcunque
813 1457 1100 1512 unquam.
1134 1440 1570 1512 Ideojubemus
1594 1445 1651 1496 et
1676 1440 1953 1495 omnibus

293 1529 674 1585 mandamus.
722 1568 734 1581 .
782 1570 796 1583 .
841 1570 855 1584 .
890 1530 968 1600 (5)
1020 1529 1133 1600 ipsi
1182 1529 1484 1584 cartularii
1535 1530 1635 1600 qui
1688 1529 1794 1584 sub
1848 1529 1952 1584 illo

293 1623 440 1674 sunt
470 1623 528 1673 et
558 1617 774 1673 notarii
807 1617 1234 1689 parohalasari,
1269 1617 1628 1673 luminarchi
1668 1615 1953 1690 [λιμενάρ-

293 1707 446 1780 χαι],
479 1706 821 1778 epologerni
853 1703 1154 1779 [ὀπολόγοι
1186 1710 1283 1758 τοῦ
1314 1707 1575 1779 γενικοῦ],
1627 1712 1684 1761 et
1724 1706 1812 1759 illi
1863 1706 1954 1761 (ἰὶ-

2068 546 2543 617 qualemcunque
2570 544 2940 600 occasionem
2995 550 3095 599 aut
3143 545 3255 615 ipsi
3307 545 3565 599 Venetici
3619 548 3723 599 aut

2067 636 2170 690 illo
2203 636 2448 707 navigiis
2481 639 2709 689 tentare
2740 639 2841 688 aut
2877 639 3115 705 tangere
3163 639 3265 688 aut
3314 635 3565 689 scrutari
3614 638 3721 689 aut

2066 725 2478 795 qualecunque
2509 724 2817 778 occasione
2841 723 3207 793 perquirere,
3230 729 3335 777 aut
3355 724 3549 778 dicere
3569 723 3718 793 illis,

2064 830 2170 884 pro
2204 813 2419 883 quibus
2450 812 2528 881 (6)
2560 818 2763 867 nostro
2796 812 3051 883 Imperio
3085 812 3529 867 commendabit
3578 812 3714 867 illos

2065 918 2195 956 esse
2219 902 2326 955 sub
2357 918 2537 956 manu
2570 901 2641 955 de
2674 901 2991 973 logothetis
3024 901 3097 955 de
3131 901 3340 955 diorno
3374 901 3519 969 solo,
3554 905 3611 954 et
3640 900 3715 955 ab

2064 990 2167 1045 illo
2201 990 2326 1045 solo
2360 991 2497 1045 illos
2528 996 2829 1061 pensetur.
2856 990 3230 1046 Observando
3255 996 3312 1045 et
3332 990 3468 1045 illos
3491 990 3715 1059 omnia,

2065 1097 2196 1150 qua;
2223 1080 2623 1152 suprascripta
2655 1085 2811 1149 sunt,
2859 1085 2917 1134 et
2946 1096 3081 1135 cum
3113 1080 3245 1136 aliis
3279 1079 3532 1135 servitiis
3568 1096 3712 1151 ope-

2060 1188 2191 1226 rare
2224 1188 2359 1226 cum
2390 1172 2512 1225 suis
2539 1171 2784 1243 navigiis
2815 1188 2918 1242 pro
2969 1171 3340 1226 karicatione
3388 1170 3460 1225 de
3508 1174 3714 1225 nostro

2060 1261 2229 1316 hoste
2262 1260 2363 1330 qui
2394 1259 2641 1315 forsitan
2664 1259 2789 1314 vult
2817 1264 3021 1314 nostro
3054 1259 3306 1331 imperio
3336 1260 3395 1314 in
3420 1260 3712 1331 Longom-

2060 1351 2266 1407 bardia
2294 1351 2567 1423 dirigere.
2604 1351 2916 1405 Pensando
2949 1367 3160 1405 omnes
3194 1355 3252 1405 et
3283 1351 3707 1421 exspectando,

2059 1441 2158 1512 qui
2195 1457 2373 1496 ausus
2399 1440 2614 1496 fuisset
2644 1441 3036 1507 contrarium,
3060 1457 3191 1511 qum
3216 1440 3630 1511 nosjussimus
3654 1446 3711 1495 et

2060 1531 2186 1585 haec
2208 1530 2576 1601 scripsimus,
2594 1547 2698 1601 pro
2714 1530 2917 1601 quovis
2944 1530 3327 1600 praavaricare
3344 1533 3401 1584 et
3421 1530 3719 1585 contraire

2055 1618 2302 1686 faciunt,
2323 1636 2648 1690 supereum
2666 1620 2860 1674 venire
2873 1618 3375 1690 disdignationem
3395 1619 3616 1673 etiram
3642 1618 3717 1674 de

2057 1712 2260 1763 nostro
2275 1708 2524 1778 imperio
2540 1708 2891 1764 sufficiendo
2906 1709 3068 1762 omni
3086 1707 3576 1763 demonstratione
3590 1708 3719 1763 sola

295 1801 522 1851 cuntur
540 1794 889 1862 silocalami,
913 1795 1430 1851 commerclariide
1446 1795 1648 1863 Avido,
1682 1800 1783 1850 aut
1803 1795 1952 1850 alios
1980 1819 2030 1884 Β
2059 1797 2131 1851 de
2152 1801 2356 1852 nostro
2387 1797 2514 1867 ipso
2545 1796 2899 1852 chrisobulli
2934 1796 3158 1867 sigillo;
3190 1797 3349 1867 quod
3372 1797 3600 1852 factum
3625 1803 3717 1852 est

292 1884 597 1954 homines,
630 1884 730 1955 qui
764 1884 1046 1939 reductus
1080 1889 1147 1939 ut
1175 1884 1471 1956 imperiali
1496 1885 1730 1939 servitio
1762 1902 1948 1957 usque

291 1974 357 2029 in
391 1973 642 2030 minimo
670 1974 927 2042 servitio,
944 1990 1149 2029 verum
1174 1974 1246 2029 de
1264 1975 1501 2046 publico
1526 1975 1703 2031 etiam
1718 1975 1950 2031 nullum

2060 1886 2121 1941 in
2155 1902 2359 1941 mense
2391 1887 2594 1940 Martio
2612 1886 2937 1941 indictione
2961 1886 3197 1956 quinta;
3219 1886 3279 1939 in
3304 1903 3420 1955 quo
3437 1892 3716 1941 etnostro

2060 1976 2158 2047 pio
2190 1980 2250 2031 et
2277 1992 2312 2031 a
2342 1977 2459 2031 Deo
2495 1975 2765 2030 ordinato
2798 1975 3050 2046 imperio
3082 1975 3470 2030 confirmavit.
3496 1977 3709 2032 Amen.

1960 2102 2055 2157 III.

294 2224 323 2251 ι(
354 2202 511 2273 Imp.
540 2197 740 2255 Basilii
777 2199 1293 2273 Porphyrogeniti,
1320 2204 1386 2255 ut
1414 2202 1777 2257 monasteria
1807 2201 1942 2269 sint,
1978 2216 2109 2273 qum
2140 2199 2298 2255 ultra
2327 2201 2448 2255 VIII
2478 2199 2569 2255 vel
2600 2199 2652 2255 X
2694 2201 3019 2273 monachos
3080 2200 3363 2269 habeant,
3412 2200 3710 2272 siquidem

1045 2294 1073 2322 «
1108 2272 1503 2328 sufﬁcientem
1534 2273 1608 2328 iis
1638 2279 1857 2329 terram
1886 2272 2233 2344 possideant
2265 2296 2315 2328 ι.
2348 2273 2524 2344 (Inter
2552 2273 2837 2344 975-996.)
2869 2272 2965 2344 [‘7].

1093 2388 1165 2444 A'.

300 2474 601 2565 Βασιλείου
663 2478 789 2565 τοῦΔ
814 2478 1340 2565 [Ιορφυρογεννητου
1366 2550 1406 2565 η
1426 2477 1722 2565 νομοθεσία
1794 2478 1957 2565 νεαρά

376 2551 445 2605 α’.
505 2549 1109 2625 Έκφωνηθεῖσα’κατὰ
1189 2551 1284 2625 τόν
1317 2550 1695 2625 ⁸,Ἰανουάριον
1788 2549 1953 2624 μῆνα,

376 2626 480 2691 τῆς
510 2621 553 2684 θ’
585 2615 944 2689 ἴνδικτιῶνος,
973 2624 1139 2691 τοῦ,ζ
1170 2643 1204 2698 φ
1239 2620 1285 2675 δ’
1316 2615 1489 2684 ἔτους.

299 2709 380 2784 Τᾷ
437 2704 744 2784 κεφάλαια.-
789 2713 885 2775 σῆς
970 2708 1253 2784 παρούσης
1331 2706 1639 2783 διατάξεως,
1716 2710 1775 2765 ἐκ
1846 2716 1951 2765 τῶν

371 2777 850 2856 Ἀρμξενοπούλ-ου.
907 2777 1346 2856 ς-ςλνατρέπει
1403 2777 1511 2856 τὴν
1586 2777 1952 2856 τεσσαρακου-

371 2849 609 2919 ταετίαν,
666 2849 836 2978 ξιηδὲν
888 2849 1217 2925 ὠφελεῖσθαὶ
1258 2849 1633 2927 διοριζόμενος
1683 2849 1810 2917 τοὺς
1859 2853 1954 2910 δυ-

374 2922 572 2978 νατοὺς
629 2922 662 2976 ἆ
703 2927 946 2978 ικοῦντας
1006 2925 1094 2978 καὶ
1153 2924 1612 2978 πλεονεκτοῦντας
1669 2926 1797 2978 τοὺς
1857 2927 1953 2978 m5-

374 2922 572 2985 νατοὺς
629 2922 955 2986 ἀδικοῦντας
1006 2925 1094 2979 καὶ
1153 2922 1612 2989 πλεονεκτοῦντας
1669 2926 1797 2990 τοὺς
1857 2927 1953 2982 πὲ-

375 3016 548 3069 νητας
584 2998 669 3069 τῇ
725 2997 1256 3069 τεσσαρακονταετίᾳ,
1319 2994 1461 3069 μηδὲ
1516 2998 1643 3060 τοὺς
1716 3000 1953 3069 πένητας

373 3064 706 3123 ὑπὸτούτων
736 3071 842 3121 τῶν
890 3064 1142 3123 ’δυνατῶν
1199 3064 1595 3139 ἀδικουμένους
1654 3064 1949 3125 ἀποκλείε-

370 3151 494 3202 σθαι
554 3141 622 3211 τῇ
678 3140 1207 3227 τεσσαροακονταετίᾳο
1274 3139 1439 3227 ὺμηδξ
1522 3141 1736 3227 ἱσχόειν
1817 3141 1949 3204 τοὺς

370 3209 799 3287 περιορισμοὺς,
840 3209 885 3264 εἰ
943 3212 1033 3266 καὶ
1094 3209 1526 3287 χρυσοϐοὖλλων
1586 3209 1943 3287 ἓντόςλείσιν,

375 3279 578 3363 ᾁδίκως
610 3279 700 3363 καί
740 3279 1144 3363 πλεονεκτικῶξ
1192 3283 1600 3363 γεγενημένους-⁸
1660 3282 1821 3363 μηδὲν
1853 3279 1946 3363 τὸν

373 3352 645 3430 δημόῃσιον
674 3352 1057 3430 αποκλείεσβαι
1108 3352 1318 3430 χρόνῲ,
1366 3352 1515 3412 ἆλλᾶ
1566 3352 1948 3430 ἀνακαλεῖσθαι

370 3421 464 3505 τδ-
494 3422 633 3505 ἴδεον
690 3421 897 3505 δίκαιον
943 3428 1062 3505 ’ἀπὸ
1111 3421 1461 3505 ξᾸύγοξόστου-
1501 3428 1793 3505 Καίσαρος,
1859 3429 1950 3484 καὶ

372 3496 714 3561 δικαιοῦσθαι
746 3498 867 3571 περὶ
898 3499 997 3567 τὴν
1029 3496 1226 3556 τούτου
1254 3499 1552 3575 ἀνάληψιν.

372 3598 440 3654 α’.
503 3596 631 3673 Περὶ
707 3600 1269 3671 τεσσαρακονταετίας.
1355 3632 1423 3643 —-
1506 3597 1837 3675 Ἐπειδήπερ
1916 3602 1951 3670 ἡ

309 3684 565 3763 βασιλεία
600 3707 725 3759 μου,
757 3686 846 3763 ἀφ’
877 3688 938 3741 οὗ
969 3690 1436 3765 ηὐτοκρατόρησε,
1486 3689 1575 3744 καὶ
1621 3689 1717 3751 τὰς
1762 3701 1954 3743 κινου-

308 3776 476 3848 μένας
537 3775 812 3838 ὑποθέσεις
866 3776 1011 3853 παρά
1063 3799 1123 3834 τε
1176 3783 1284 3834 τῶν
1343 3777 1620 3834 πλουσίων
1692 3779 1781 3833 καὶ
1839 3781 1949 3833 τῶν

309 3870 560 3941 πτωχῶν
614 3865 934 3942 ἐπεχείρησε
992 3873 1192 3939 ζητεῖν,
1254 3868 1400 3940 εὗρεν
1459 3865 1540 3923 ὅτι
1601 3870 1654 3922 οὶ
1708 3866 1959 3932 Θέλοντες

310 3959 661 4015 πλεονεκτεῖν
717 3954 952 4027 δυνατοῖ,
1013 3955 1242 4033 εὔλογον
1304 3959 1559 4035 ἀφορμὴν
1614 3955 1810 4031 ἔχουσι
1856 3957 1956 4026 τὴν

304 4047 879 4125 τεσσαρακονταετίαν,
912 4048 1001 4105 καὶ
1030 4046 1422 4117 σπουδάζουσιν
1456 4046 1563 4101 εἴτε
1613 4043 1701 4100 διὰ
1751 4045 1957 4117 ξενίων,

307 4141 420 4198 εἴτε
450 4137 542 4194 διὰ
571 4134 715 4200 ἰδίας
772 4135 1083 4200 δυναστείας
1134 4136 1233 4205 τήν
1292 4134 1553 4205 τοιαύτην
1600 4153 1960 4209 τεσσαρακονο

309 4230 526 4289 ταετῖαν
560 4222 834 4299 διαϐῆναι,
865 4229 953 4282 καὶ
988 4222 1175 4282 ἔκτοτε
1204 4224 1340 4281 κατά
1396 4223 1605 4280 τελείαν
1649 4220 1960 4279 δεσποτείαν

317 4324 494 4400 ἔχειν,
528 4318 661 4393 ἅπερ
690 4323 872 4381 κακῶς
927 4314 1358 4386 ἐπλεονέκτησαν
1404 4312 1531 4377 τοὺς
1580 4314 1830 4381 πένηταςο
1881 4311 1965 4385 ἐξ-

314 4417 468 4479 έθετο
498 4412 599 4480 τὴν
627 4414 903 4485 παροῦσαν
935 4405 1277 4481 νομοθεσίαν,
1308 4408 1473 4459 τοῦτο
1506 4404 1598 4477 μὲν
1621 4402 1712 4458 καὶ
1738 4403 1804 4457 τὰ
1828 4422 1965 4477 προ-

308 4502 570 4581 γεγονότα
600 4493 987 4573 διορθουμένη,
1017 4496 1148 4547 τοῦο
1181 4490 1238 4548 δὲ
1266 4492 1356 4547 καὶ
1385 4493 1512 4555 τοὺς
1568 4497 1660 4548 νῦν
1712 4489 1968 4556 δυνατοὺς

309 4578 739 4655 ἆναστὲλλουσα,
770 4582 861 4637 καὶ
918 4580 1046 4641 τοὺς
1100 4579 1385 4652 μετέπειτα
1431 4578 1748 4650 κωλύουσα,
1796 4579 1964 4655 γινώο

307 4697 541 4738 σκοντας
573 4675 672 4743 ὡς,
704 4670 966 4745 οὐδεμίαν
997 4668 1263 4747 ὠφέλειαν
1317 4669 1422 4725 ἀπὸ
1465 4669 1661 4725 τούτου
1705 4670 1967 4745 εὑρήσου·

311 4789 423 4839 σιν,
482 4767 608 4823 ἀλλ’
666 4764 1124 4843 ἀφαιρεθήσονται
1182 4760 1251 4815 τὰ
1306 4758 1578 4835 ἀλλότρια
1656 4761 1756 4816 οὐκ
1813 4759 1968 4816 αὐτοὶ

314 4860 512 4932 μόνον,
544 4857 690 4913 ἀλλὰ
718 4857 809 4910 καὶ
850 4854 902 4909 οἱ
931 4849 1277 4927 κληρονόμοι
1310 4852 1512 4908 αὐτῶν.
1556 4852 1676 4909 ’Ότι
1734 4851 1829 4923 μὲν
1877 4846 1967 4905 οὗν

313 4952 350 5020 ἡ
400 4947 652 5024 βασιλεία
706 4949 869 5019 ἡμῶν
929 4941 1030 4997 οὐκ
1081 4941 1357 5009 ἀσκόπως,
1417 4937 1530 4995 οὐδ’
1588 4937 1969 5013 ἀδοκιμάστως

306 5041 412 5110 τὴν
470 5031 1018 5113 τεσσαρακονταετίαν
1076 5029 1386 5104 ἀνατρέπει,
1474 5026 1623 5084 ἀλλὰ
1673 5028 1801 5092 τοὺς
1863 5030 1969 5083 πέ-

308 5147 485 5200 νητας
527 5126 778 5195 ἐλεοῦσα,
808 5123 900 5179 καὶ
957 5124 1059 5175 τοῦ
1116 5119 1306 5174 κοινοῦ
1362 5119 1452 5173 καὶ
1510 5121 1609 5183 τῆς
1669 5118 1970 5179 συστάσεως

314 5218 487 5274 αὐτοῦ
544 5214 929 5294 φροντίζουσα,
992 5211 1083 5265 καὶ
1142 5209 1203 5263 τὸ
1263 5204 1469 5263 δίκαιον
1523 5207 1808 5283 ἀγαπῶσα,
1880 5205 1971 5262 καὶ

318 5306 424 5375 τήν
483 5291 804 5376 πλεονεξίαν
864 5298 1225 5367 ἐκκόπτουσα,
1284 5298 1513 5372 φανερὸν
1581 5291 1729 5351 ἔσται
1786 5295 1838 5366 ἐξ
1895 5296 1967 5350 ὢν

394 5451 474 5522 (4)
505 5449 782 5522 Editores
813 5449 1024 5522 uetant
1046 5460 1074 5522 :_
1090 5466 1118 5495 ‹‹
1154 5443 1472 5522 Logot_he_ta
1524 5441 1595 5522 de
1645 5442 1820 5522 domo
1866 5441 1978 5522 erit

313 5511 622 5595 λοῆοὒέτης
657 5523 779 5595 τῶν.
819 5515 1114 5595 ὀἶκε-ιακῶν
1147 5534 1197 5595 _s.
1237 5511 1352 5569 7:06
1408 5511 1607 5595 ἴδικοῖξ.
1641 5536 1670 5564 ››
1716 5517 1847 5595 lmo
1897 5512 1979 5568 lo-

314 5586 784 5667 gothetadromi
811 5588 1240 5667 intelligendus
1268 5586 1793 5667 esse-videturLIi)‘t

390 5666 470 5735 (ὅ)
502 5665 777 5720 Editores
802 5655 1120 5735 Logothétz
1150 5659 1449 5735 supplent.
1476 5658 1645 5735 hiale.
1669 5658 1874 5716 Potius
1901 5655 1973 5713 de

308 5730 555 5812 ὲπᾶρχῳ
588 5730 1037 5809 παραθαλασσίτῃ
1070 5730 1467 5803 cogitaverim.
1500 5731 1579 5785 ID.

651 5855 927 5936 Pyrros.
973 5850 1084 5915 Gn.
1131 5849 1359 5913 CXLII.

2770 2392 2861 2445 IV.

2065 2480 2267 2535 Basilii
2291 2479 2759 2549 Porphyroyeniti
2804 2480 3017 2535 novella
3066 2479 3381 2535 constitutio
3424 2480 3717 2550 publicata

2063 2567 2243 2606 mense
2262 2552 2595 2619 Jannua‘rio,
2630 2550 2926 2607 indictione
2957 2569 3035 2617 1x,
3070 2568 3216 2606 anno
3244 2570 3298 2606 v1
3330 2568 3387 2607 ιι.
3425 2568 3496 2605 ιο.
3532 2568 3640 2607 nn.

2065 2733 2094 2764 ‹‹
2118 2712 2319 2783 Capita
2339 2711 2787 2766 Constitutionis
2810 2711 2987 2781 hujus
3011 2728 3080 2766 ex
3107 2710 3544 2782 llarmenopulo
3568 2730 3621 2766 ι.
3646 2742 3715 2753 -—

2140 2783 2647 2853 Prmscriptionem
2678 2799 2971 2837 annorum
3004 2784 3094 2837 XL
3118 2784 3293 2850 tollit,
3325 2789 3615 2847 statuens,
3638 2800 3715 2838 ne

2134 2870 2428 2909 annorum
2484 2856 2574 2909 XL
2606 2856 2972 2926 prmscriptio
3031 2854 3467 2925 potentioribus
3500 2856 3712 2925 inopes

2134 2926 2355 2997 injuste
2415 2931 2591 2996 atque
2638 2943 2807 2981 avare
2858 2927 3332 2997 opprimentibus
3381 2926 3713 2997 quidquam

2174 2997 2357 3069 rosit:
2394 3014 2540 3052 neve
2568 3014 2857 3069 pauperes
2900 2999 2970 3052 ab
3022 2997 3234 3053 iisdem
3278 2997 3713 3068 potentioribus

2157 3068 2257 3122 aasi
2288 3084 2394 3139 per
2424 3068 2719 3123 annorum
2772 3070 2861 3123 XL
2908 3070 3421 3140 praescriptionem
3471 3069 3713 3123 submo—

2128 3145 2390 3195 veantur.
2431 3142 2510 3194 Ne
2553 3141 2944 3195 terminorum
2993 3156 3228 3211 quoque
3278 3140 3705 3209 descriptiones

2129 3212 2311 3266 robur
2340 3211 2615 3277 habeant,
2648 3211 2789 3266 licet
2816 3211 3012 3265 aureis
3035 3211 3214 3265 bullis
3264 3212 3703 3276 contineantur,

2127 3283 2423 3353 siquidem
2455 3282 2674 3353 injuste
2706 3299 2773 3336 ac
2805 3282 3210 3337 fraudulenter
3238 3282 3405 3353 factm
3435 3280 3574 3353 sint.
3611 3282 3708 3353 Fi-

2129 3350 2293 3408 scum
2308 3354 2485 3408 etiam
2509 3350 2672 3407 nullo
2690 3353 2969 3424 temporis
2983 3352 3292 3407 intervallo
3310 3352 3431 3406 vult
3448 3350 3702 3424 excludi,

2128 3424 2232 3479 sed
2264 3424 2338 3479 ab
2369 3428 2627 3496 Augusto
2655 3425 2882 3479 Cmsare
2905 3424 3006 3496 jus
3028 3440 3200 3478 suum
3221 3423 3705 3495 repetere,idquc

2129 3497 2340 3551 merito
2372 3511 2748 3566 recuperare.

2133 3605 2183 3656 1.
2216 3623 2244 3652 ‹‹
2275 3603 2353 3657 De
2376 3618 2669 3657 annorum
2689 3618 2757 3657 χι.
2780 3602 3228 3673 prmscriptione
3255 3624 3305 3660 ».
3338 3634 3392 3643 —
3417 3602 3708 3669 Quoniam

2060 3692 2341 3763 majestas
2374 3707 2505 3747 mea
2534 3692 2846 3764 comperit,
2881 3709 2950 3746 ex
2998 3709 3114 3763 quo
3166 3691 3343 3764 coepit
3392 3692 3707 3765 imperare,

2060 3786 2369 3853 motasque
2421 3787 2539 3837 tam
2600 3782 2671 3837 ab
2732 3783 3054 3853 opulentis,
3113 3800 3290 3854 quam
3349 3782 3708 3855 pauperibus

2061 3889 2269 3928 causas
2330 3873 2592 3928 instituit
2644 3890 3023 3945 cognoscere,
3080 3872 3501 3945 locupletiores
3550 3873 3713 3928 frau-

2063 3963 2395 4018 dandorum
2427 3963 2677 4018 aliorum
2698 3963 2943 4034 cupidos
2973 3967 3324 4034 praetextum
3348 3963 3565 4018 habere
3587 3980 3717 4034 pro.

2063 4052 2344 4121 habilem,
2378 4054 2665 4108 nimirum
2692 4069 2989 4108 annorum
3023 4052 3412 4124 quadraginta
3440 4052 3717 4123 prmscri-

2064 4142 2366 4213 ptionem;
2402 4147 2459 4196 et
2488 4143 2549 4196 in
2582 4143 2692 4196 hoc
2757 4142 3121 4212 incumbere,
3175 4143 3292 4196 sive
3343 4141 3717 4206 muneribus,

2068 4232 2186 4286 sive
2208 4231 2429 4286 viribus
2462 4231 2586 4286 suis
2618 4230 3173 4299 intervenientibus,
3207 4235 3270 4284 ut
3292 4231 3401 4285 hoc
3425 4246 3719 4284 annorum

2069 4319 2458 4391 quadraginta
2472 4319 2730 4390 spatium
2747 4317 3218 4386 transeant,etah
3235 4335 3301 4373 eo
3317 4324 3580 4388 tempore
3593 4317 3721 4388 ple—

2069 4426 2146 4465 no
2160 4409 2427 4464 dominio
2443 4408 2902 4479 possideantilla
2919 4407 3135 4478 quibus
3150 4406 3416 4479 improbe
3429 4421 3721 4477 pauperes

2076 4497 2427 4553 fraudarunt
2455 4514 2468 4552 :
2502 4498 2655 4552 hanc
2686 4497 2877 4569 ipsam
2904 4497 3094 4569 legem
3120 4496 3273 4563 tulit,
3305 4496 3523 4567 partim
3546 4499 3611 4549 ut
3632 4509 3721 4561 ea,

2080 4604 2209 4659 quas
2241 4588 2527 4643 hactenus
2560 4586 2848 4653 accidere,
2878 4586 3162 4659 corrigat;
3189 4585 3403 4657 partim
3421 4589 3487 4640 ut
3516 4590 3725 4657 poten-

2078 4682 2188 4743 tes,
2216 4678 2315 4747 qui
2333 4677 2459 4749 jam
2482 4677 2699 4743 vivunt,
2722 4675 3044 4747 reprimat;
3068 4680 3125 4729 et
3144 4675 3401 4730 victuros
3424 4673 3725 4746 deinceps,

2080 4772 2387 4823 coerceat:
2423 4767 2696 4831 scituros,
2745 4781 2805 4820 se
2862 4765 3096 4820 nullum
3156 4765 3294 4820 hinc
3345 4764 3729 4821 commodum

2078 4860 2491 4928 percepturos,
2525 4855 2628 4909 sed
2658 4854 2921 4909 futurum
2953 4859 3019 4909 ut
3046 4871 3141 4910 res
3170 4854 3380 4910 aliena:
3430 4872 3551 4909 non
3599 4859 3729 4910 tan-

2088 4951 2211 5000 tum
2242 4944 2407 5015 ipsis,
2444 4944 2547 4998 sed
2579 4949 2636 4999 et
2692 4944 2957 5015 ipsorum
2992 4944 3325 5000 hmredibus
3371 4944 3730 5000 adimantur.

2079 5034 2391 5089 Enimvero
2410 5049 2530 5087 non
2560 5032 2919 5103 inconsulto,
2942 5050 3052 5089 nec
3074 5033 3327 5089 absurde
3359 5035 3733 5106 majestatem

2080 5128 2346 5178 nostram
2360 5122 2512 5177 hanc
2530 5138 2823 5177 annorum
2840 5121 3229 5193 quadraginta
3242 5124 3742 5195 praescriptionem

2082 5211 2315 5282 tollere,
2348 5212 2451 5266 sed
2484 5212 3003 5267 commiseratione
3029 5216 3244 5267 tactam
3263 5229 3399 5285 erga
3422 5229 3732 5285 pauperes,

2083 5301 2273 5373 deque
2305 5301 2613 5373 republica
2644 5305 2701 5356 et
2755 5301 2884 5373 ejus
2928 5300 3239 5358 duratione
3288 5302 3626 5371 sollicitam,
3679 5306 3738 5358 et

2152 5444 2230 5515 (6)
2262 5444 2393 5497 Haec
2424 5443 2638 5498 verba:
2699 5448 2795 5498 aut
2841 5445 3020 5499 dicere
3062 5444 3196 5512 illis,
3242 5461 3348 5513 pro
3397 5445 3613 5515 quibus,
3666 5443 3733 5499 in

2082 5515 2212 5571 cod.
2247 5516 2402 5569 inter
2428 5516 2669 5586 scrutari
2697 5519 2757 5568 et
2780 5521 2875 5569 aut
2901 5515 3281 5585 qualecunque
3298 5516 3511 5586 posita,
3528 5520 3734 5570 trans-

2081 5587 2357 5659 ponenda
2395 5603 2523 5659 esse
2556 5585 2830 5659 viderunt
2860 5586 3141 5659 editores.

2151 5660 2228 5728 (7)
2260 5657 2554 5713 Laudatur
2584 5657 2646 5711 in
2703 5658 2975 5727 sequenti
3014 5656 3269 5728 novella,
3316 5672 3452 5728 cap.
3496 5658 3550 5711 3.
3597 5657 3730 5727 Ipsa

2081 5746 2203 5784 non
2235 5734 2446 5784 exstat.

3365 5844 3445 5901 20
