4084 6202
337 340 456 401 619

1595 351 1760 415 IMP.
1805 348 2085 414 BASILII
2128 349 2486 416 JUNIORIS

3619 349 3734 408 6‘20

338 478 635 546 mquitatis
659 483 978 550 amantem,
1012 482 1502 541 etexscindendaa
1533 487 1789 544 avaritiae
1821 488 1990 558 cupi-

2109 485 2359 562 ἒθέλομεν
2392 486 2584 542 εἰπεῖν.
2627 483 2727 539 Καὶ
2777 482 2879 559 γὰρ
2947 481 3081 556 [καὶ]
3133 477 3322 537 πολλᾶ
3375 479 3741 555 παρηνοχλή-

344 566 516 636 dam;
542 568 920 640 perspicuum
947 584 1015 622 ex
1049 568 1168 624 illis
1202 571 1323 642 fiet,
1357 591 1487 644 qua)
1509 575 1724 632 dicturi
1765 593 1989 632 sumus.

345 659 582 729 Magnas
607 658 764 712 enim
798 657 1099 713 molestias
1131 675 1165 714 a
1193 664 1555 733 pauperibus
1603 667 1717 721 hoc
1748 667 1989 722 nomine

342 745 696 818 pertulimus
713 745 1000 815 etquibus
1013 749 1278 816 quotidie
1291 752 1829 810 circumveniantur
1839 756 1993 810 frau-

343 834 518 890 dibus
551 839 607 888 et
653 834 910 905 injuriis,
945 838 1163 892 nostris
1195 839 1449 911 ipsemet
1479 845 1668 899 oculis
1708 845 1988 915 vidimus,

343 922 486 978 dum
517 921 847 1005 provincias
877 923 1113 996 imperii
1135 931 1320 984 nostri
1344 948 1815 1005 peragraremus,
1841 932 1992 990 etad

343 1003 749 1084 expeditiones
780 1013 1310 1084 proficisceremur.
1337 1020 1482 1076 Nam
1496 1003 1627 1093 quo
1649 1027 1820 1094 pacto
1843 1023 1991 1078 sim-

341 1103 578 1176 pliciter
607 1108 784 1173 atque
817 1107 1040 1160 temere
1075 1110 1360 1179 temporis
1386 1111 1664 1167 habenda
1684 1113 1798 1166 erit
1817 1112 1991 1181 ratio,

347 1210 483 1249 cum
516 1194 586 1264 is,
625 1193 725 1264 qui
758 1210 1073 1266 pauperem
1105 1198 1558 1269 circumscribit,
1611 1203 1824 1274 opibus
1854 1202 1996 1258 sub-

349 1283 543 1352 nixus,
571 1282 670 1338 diu
693 1283 960 1354 potentia
987 1285 1388 1360 felicitateque
1421 1307 1527 1346 sua
1551 1291 1802 1356 fruatur,
1827 1307 1994 1346 eain-

351 1388 465 1443 que
494 1372 822 1444 potentiam
854 1378 913 1426 et
943 1373 1284 1431 felicitatem
1313 1395 1480 1434 suam
1512 1379 1586 1435 ad
1621 1396 1994 1436 successores

351 1477 491 1516 suos
514 1460 915 1515 transmittat?
934 1477 1000 1517 ac
1019 1462 1286 1520 fortassis
1308 1467 1434 1538 ipse
1454 1467 1695 1540 quidem
1710 1469 1996 1539 patricius

350 1548 446 1614 sit,
480 1552 540 1602 at
569 1547 691 1602 nati
720 1565 790 1602 ex
824 1565 912 1618 eo,
946 1556 1088 1621 puta
1119 1560 1363 1624 nepotes
1395 1560 1454 1610 et
1480 1561 1858 1628 pronepotes,
1912 1557 1995 1612 sio

350 1635 572 1692 militer
599 1642 870 1708 potentes
901 1644 960 1694 et
987 1640 1390 1699 familiaritate
1439 1645 1808 1716 principibus
1850 1663 1996 1700 con-

349 1727 562 1798 juncti,
595 1727 938 1784 felicitatem
966 1747 1134 1786 suam
1167 1731 1240 1788 ad
1273 1750 1380 1788 ωτι
1410 1733 1499 1788 vel
1531 1750 1562 1788 c
1589 1751 1777 1789 annos
1800 1751 1998 1806 porre-

354 1821 510 1871 ctam
539 1816 887 1872 retineant?
913 1835 1033 1874 non
1063 1820 1200 1876 illos
1230 1838 1338 1877 nos
1387 1823 1795 1878 coercebimus
1815 1823 1842 1879 ?
1879 1841 1998 1879 non

2109 1827 2167 1882 οὐ
2228 1823 2450 1882 κωλύσο
2460 1847 2552 1900 μεν
2588 1846 2602 1896 ς

356 1905 718 1977 pauperibus
745 1923 812 1962 ea
842 1907 1138 1979 dabimus,
1169 1911 1388 1982 quibus
1416 1911 1572 1967 male
1606 1918 1744 1968 sunt
1766 1913 2002 1969 defrau-

355 1995 528 2050 dati?
555 1997 779 2068 Quippe
809 2015 944 2054 cum
977 1999 1047 2069 is,
1103 2001 1203 2070 qui
1251 2001 1467 2057 fundos
1509 2019 1856 2058 communes
1903 2020 2001 2059 ac-

355 2085 560 2157 quirit,
611 2086 702 2140 vel
758 2087 951 2158 majus
1006 2090 1264 2160 pretium
1323 2091 1558 2159 obtulit,
1620 2097 1830 2163 potens
1889 2098 1998 2163 est,

355 2175 606 2247 ejusque
636 2176 904 2232 haeredes
937 2195 1142 2234 rursus
1174 2184 1293 2234 tam
1324 2180 1384 2235 in
1415 2181 1798 2252 patrimonio,
1822 2198 2002 2253 quam

352 2265 484 2337 ipsa
504 2270 795 2338 potestate
818 2267 1282 2336 succedunt,nec
1305 2270 1550 2341 pauperi
1573 2269 1770 2325 locum
1793 2271 2000 2326 adver-

357 2371 459 2411 sus
491 2372 552 2410 se
593 2356 942 2427 experiundi
971 2373 1173 2413 rerum
1208 2357 1447 2414 illarum
1497 2359 1740 2415 nomine
1790 2377 2004 2416 conce-

354 2444 522 2515 dunt,
585 2443 802 2516 quibus
859 2445 1036 2501 rebus
1087 2463 1224 2502 cum
1280 2449 1559 2519 nequiter
1606 2449 2000 2508 fraudarunt:

357 2534 604 2590 omnino
629 2533 1009 2606 manifestum
1037 2540 1144 2602 est,
1169 2543 1694 2610 quantumcunque
1719 2539 2002 2610 temporis

355 2624 584 2680 interea
611 2628 890 2693 transeat,
913 2625 1158 2681 minime
1178 2627 1614 2697 prohibendum
1634 2645 1762 2683 esse
1779 2645 2002 2700 paupe-

356 2729 504 2784 rem,
539 2714 860 2785 quominus
887 2719 946 2769 et
991 2715 1278 2786 requirat,
1329 2722 1386 2771 et
1429 2717 1658 2773 auferat
1713 2717 1795 2785 id,
1845 2717 2003 2790 quod

359 2821 532 2860 suum
566 2809 673 2859 est.
705 2805 846 2859 Nam
869 2804 984 2859 nisi
1009 2805 1122 2860 hoc
1141 2805 1450 2874 faciamus,
1482 2824 1654 2862 avaro
1681 2807 2000 2863 fenestram

356 2895 715 2965 aperiemus,
747 2899 813 2948 ut
841 2894 1035 2949 dicat:
1069 2895 1358 2960 Quoniam
1391 2913 1495 2969 ego
1554 2914 1839 2968 prospera
1883 2898 2006 2952 for-

357 2989 502 3039 tuna
534 2983 700 3038 fruor
729 2983 926 3051 hodie,
961 2999 1069 3039 nec
1102 3001 1326 3056 pauper
1357 2985 1456 3040 ille
1483 3003 1715 3041 mecum
1748 2987 2005 3058 experiri

361 3080 594 3147 potest:
629 3075 678 3129 si
708 3075 834 3146 pari
855 3074 1139 3130 felicitate
1161 3075 1320 3132 filius
1337 3093 1574 3148 quoque
1595 3094 1765 3132 meus
1780 3083 2002 3154 utatur,

358 3171 416 3219 et
441 3164 612 3220 nobis
643 3166 754 3220 hac
785 3165 1176 3236 prosperitate
1207 3166 1542 3222 fruentibus
1572 3167 1714 3222 anni
1746 3167 2002 3238 quadra-

357 3255 520 3328 ginta
549 3259 928 3326 przetereant,
949 3259 1049 3310 aut
1079 3255 1206 3326 ipse
1229 3256 1330 3312 diu
1361 3273 1457 3312 res
1488 3257 1779 3313 secundas
1809 3257 2002 3312 conti-

359 3361 540 3402 nuem
567 3362 579 3400 :
614 3345 956 3418 inadempta
989 3345 1540 3419 retinebimus,qua3
1565 3347 2006 3419 acquisivimus,

360 3435 627 3507 adeoque
659 3434 808 3490 mihi
837 3436 1132 3507 rapaciter
1152 3452 1325 3508 agere
1351 3437 1635 3508 proderit.
1661 3438 1872 3509 [Atque
1898 3437 2009 3492 hoc

358 3523 742 3578 manifestum
775 3527 864 3578 est
893 3523 1071 3578 etiam
1105 3523 1177 3578 de
1209 3525 1618 3592 Malcinorum,
1679 3527 2007 3597 itidemque

360 3612 433 3667 de
466 3613 804 3668 Phocadum
834 3612 1081 3668 familia.
1134 3613 1360 3685 Quippe
1413 3616 1836 3671 Constantinus
1887 3617 2005 3670 Ma-

357 3700 554 3755 leinus
586 3700 890 3772 patricius,
912 3701 1328 3756 etEustathius
1355 3702 1484 3772 ejus
1508 3703 1686 3769 filius,
1707 3705 2006 3775 magister,

359 3804 548 3858 usque
581 3788 654 3842 ad
685 3793 946 3855 centum,
986 3789 1075 3843 vel
1107 3795 1344 3844 centum
1364 3791 1565 3862 viginti
1585 3808 1792 3856 annos,
1817 3792 2006 3846 felici-

361 3881 540 3931 tatem
569 3893 735 3931 suam
767 3877 1192 3933 continuarunt
1225 3896 1237 3932 :
1271 3879 1574 3935 Phocades
1622 3899 1778 3948 vero,
1830 3883 2006 3937 etiam

355 3963 515 4019 ultra
545 3965 657 4020 hoc
682 3965 958 4035 spatium.
985 3968 1128 4020 Nam
1152 3971 1210 4020 et
1229 3983 1368 4022 avus
1384 3983 1611 4037 eorum,
1645 3973 1703 4023 et
1727 3970 2008 4042 deinceps

352 4059 609 4126 pater,et
623 4059 831 4126 postea
845 4055 1414 4127 filii,propemodum
1431 4057 1676 4112 dixerim
1689 4101 1702 4127 ,
1717 4076 1752 4114 a
1767 4062 2008 4116 nemine

358 4143 754 4216 interruptam
785 4143 860 4200 ad
891 4161 1002 4200 nos
1033 4162 1222 4217 usque
1253 4147 1582 4218 potentiam
1598 4148 2005 4206 obtinuerunt.

354 4237 424 4291 Et
464 4251 727 4306 quonam
781 4235 958 4291 modo
1019 4236 1236 4292 talibus
1293 4239 1662 4310 praescriptio
1721 4242 2006 4312 temporis

360 4325 724 4393 subveniet?]
747 4341 864 4396 quo
884 4342 1120 4380 rursum
1137 4326 1314 4382 modo
1331 4344 1450 4382 non
1471 4328 1879 4400 reputabimus
1901 4348 2008 4402 po-

359 4419 583 4470 tentem
614 4414 837 4486 pariter
868 4414 1331 4481 etimbecillum,
1357 4416 1456 4487 qui
1481 4416 1552 4470 ab
1576 4417 1746 4472 initio
1764 4418 2006 4489 quidem

359 4521 586 4576 pauper
617 4510 723 4572 est,
757 4504 1042 4576 deinceps
1071 4509 1270 4560 autem
1303 4505 1648 4574 honoratus,
1684 4511 1742 4561 et
1769 4507 1844 4562 ad
1873 4508 2002 4580 glo-

2101 590 2272 651 θημεν
2305 575 2451 652 παρᾶ
2477 579 2585 630 τῶν
2619 576 2860 648 πτωχῶν
2920 572 3084 646 χάριν
3134 571 3332 626 τούτου
3379 569 3470 625 καὶ
3522 569 3617 632 τὰς
3665 590 3744 645 γι-

2098 669 2330 740 νομενας
2387 664 2462 727 εἷς
2521 661 2714 725 αὐτοὺς
2773 661 2893 726 καθ’
2976 661 3206 731 ἑκάστην
3283 657 3596 730 πλεονεξίας
3653 657 3742 712 καὶ

2099 754 2310 818 ἀδικίας
2339 759 2456 817 τοῖς
2489 751 2650 815 ίδίοις
2685 755 2845 826 ἡμῶν
2874 748 3185 826 ὀφθαλμοῖς
3226 747 3467 822 εἷ’δομεν,
3520 744 3742 822 διερχό-

2106 870 2254 923 μενοι
2281 848 2350 902 τὰ
2380 846 2586 919 θέματα
2640 847 2740 913 τῆς
2805 839 3088 919 βασιλείας
3131 841 3312 913 ἡμῶν,
3361 841 3451 895 καὶ
3503 838 3642 912 πρὸς
3679 839 3747 893 τὰ

2102 934 2336 1008 ταξείδια
2365 935 2760 1010 ἀπερχόμενοι.
2817 935 2943 995 Πῶς
2983 931 3088 1006 γὰρ
3129 927 3321 992 ἁπλῶς
3365 927 3456 983 καὶ
3505 927 3580 988 ὡς
3628 925 3746 982 ἔτυ-

2102 1048 2199 1103 χεν
2232 1027 2508 1102 ἐνεργήσει
2548 1025 2776 1100 χρόνος,
2834 1020 2924 1077 ὅτε
2981 1018 3206 1082 δυνατὸς
3256 1017 3328 1073 ὢν
3362 1018 3390 1072 6
3419 1019 3510 1073 τὸν
3542 1015 3747 1088 πένητα

2101 1115 2524 1183 πλεονεκτάσας,
2579 1110 2754 1168 πολὺν
2825 1112 3024 1185 χρόνον
3109 1111 3329 1179 ποιήσει
3411 1103 3744 1161 δυναστεύων

2101 1203 2191 1260 καὶ
2248 1203 2559 1278 εὐημερῶν,
2617 1199 2710 1256 καὶ
2765 1200 2864 1268 τὴν
2925 1195 3234 1254 δυναστείαν
3294 1194 3458 1250 αὐτοῦ
3509 1194 3600 1249 καὶ
3657 1193 3748 1248 εὐ-

2101 1294 2335 1369 ημερίαν
2368 1293 2447 1356 είς
2475 1291 2603 1353 τοὺς
2651 1287 2949 1365 διαδόχους
3003 1287 3167 1343 αὐτοῦ
3221 1286 3600 1358 παραπέμψεις
3657 1282 3745 1339 καὶ

2101 1381 2270 1457 τυχὸν
2301 1381 2460 1442 οὗτος
2520 1379 2614 1452 μὲν
2669 1375 2953 1451 πατρίκιός
3009 1375 3176 1444 ἐστιν,
3225 1375 3277 1430 οἱ
3338 1371 3396 1429 δὲ
3454 1373 3502 1446 ἐξ
3563 1372 3746 1441 αὐτοῦ,

2105 1473 2222 1526 οἷον
2279 1467 2494 1545 ἔγγονοι
2544 1467 2636 1522 καὶ
2691 1463 3018 1543 δισὲγγονοι,
3103 1462 3309 1537 ὁμοίως
3389 1461 3606 1518 δυνατοὶ
3659 1462 3745 1516 καὶ

2106 1560 2420 1629 οἷκειόκητα
2456 1553 2678 1634 ἔχοντες
2735 1557 2874 1632 πρὸς
2919 1554 3048 1618 τοὺς
3109 1554 3374 1630 βασιλεῖς,
3431 1552 3521 1607 καὶ
3583 1554 3749 1626 μέχρι

2103 1653 2211 1704 τῶν
2245 1642 2625 1720 ἑϐδομήκοντα
2679 1643 2715 1714 ἤ
2776 1644 2962 1700 ἑκατὸν
3022 1644 3238 1718 χρόνων
3295 1641 3395 1710 τὴν
3453 1639 3750 1715 εὐημερίαν

2107 1738 2281 1793 αὐτῶν
2339 1736 2834 1812 παρεκτεινομὲνην
2891 1729 3134 1808 ἔχοντες.
3195 1731 3319 1805 'Ap'
3378 1727 3470 1784 οῦν
3527 1729 3755 1792 τούτους

2588 1846 2602 1896 ς
2661 1824 2752 1879 καὶ
2808 1828 2925 1885 τοῖς
2981 1821 3176 1891 πένησι
3234 1818 3482 1892 δώσομεν
3515 1817 3550 1873 ἔί
3576 1823 3753 1879 κακῶς

2107 1917 2640 1987 ἐπλεονεκτήθησαν;
2671 1918 2768 1970 τοῦ
2802 1915 2902 1986 [τε]
2961 1913 3063 1988 γὰρ
3131 1910 3208 1975 εἷς
3263 1909 3585 1981 κοινότητας
3633 1927 3753 1984 χω·-

2110 2008 2242 2083 ρίων
2299 2004 2756 2080 ἐπικτησαμὲνου,
2815 2003 2852 2073 ἢ
2911 2001 3078 2058 πλέον
3140 2000 3465 2069 ἐκτίσαντος,
3529 1996 3754 2054 δυνατοῦ

2107 2098 2498 2171 τυγχάνοντος,
2537 2093 2626 2149 καὶ
2683 2097 2792 2147 τῶν
2849 2091 3016 2146 αὐτοῦ
3074 2086 3349 2163 διαδόχων
3399 2086 3564 2142 πάλιν
3623 2085 3757 2160 μετὰ

2107 2192 2208 2256 τῆς
2253 2185 2601 2246 ὑποστάσεως
2653 2181 2742 2237 καὶ
2807 2180 2907 2249 τὴν
2967 2176 3277 2233 δυναστείαν
3327 2174 3754 2252 διαδεχομένων,

2109 2276 2200 2331 καὶ
2247 2276 2322 2348 μὴ
2385 2271 2646 2329 διδόντων
2703 2271 2894 2347 χώραν
2946 2273 3027 2342 τῷ
3079 2269 3270 2339 πένητι
3327 2267 3467 2344 πρὸς
3522 2267 3584 2321 τὸ
3639 2265 3754 2321 κατ’

2111 2364 2286 2420 αὐτῶν
2313 2371 2529 2434 κινῆσαι
2559 2360 2684 2436 περὶ
2728 2361 2801 2415 ὧν
2853 2362 3035 2422 κακῶς
3092 2355 3518 2427 ἐπλεονέκτησαν
3570 2355 3752 2410 αὐτόν·

2111 2456 2328 2518 πάντως
2356 2451 2637 2530 πρόδηλόν
2672 2450 2840 2520 ἐστιν,
2873 2450 2958 2504 δτι
2990 2449 3116 2512 ὅσος
3139 2447 3200 2502 ἄν
3253 2447 3460 2523 χρόνος
3508 2444 3594 2500 ἐπὶ
3634 2444 3760 2500 τού-

2109 2565 2218 2599 των
2253 2539 2440 2618 διαϐῇ,
2484 2543 2770 2603 ἀκώλυτος
2803 2541 2830 2596 6
2861 2540 3028 2610 πένης
3076 2537 3220 2592 ἔσται
3275 2537 3412 2612 πρὸς
3459 2536 3522 2590 τὸ
3573 2539 3754 2606 ζητεῖν

2109 2633 2200 2688 καὶ
2230 2631 2475 2706 ἀπαίρειν
2505 2632 2568 2686 τὸ
2602 2629 2760 2685 ἴδιον.
2795 2628 2859 2683 Ei
2921 2629 2997 2700 μή
3047 2626 3148 2702 γὰρ
3199 2629 3365 2680 τοῦτο
3424 2626 3755 2696 ποιήσομεν,

2111 2717 2349 2797 πάροδον
2383 2717 2627 2792 δώσομεν
2658 2721 2739 2789 τῷ
2769 2713 3070 2788 πλεονεκτῃ
3099 2717 3197 2768 τοῦ
3244 2711 3443 2786 λέγειν,
3489 2709 3571 2766 δτι
3602 2708 3756 2766 Ἐπεὶ

2110 2810 2216 2888 ἐγὼ
2247 2811 2486 2883 σήμερον
2548 2807 2824 2882 εὐημερῶ,
2881 2803 2972 2859 ναὶ
3024 2802 3086 2857 οὐ
3135 2799 3354 2857 δύναται
3401 2801 3520 2856 κατ’
3561 2797 3696 2873 ἐμοῦ
3725 2799 3753 2853 6

2111 2900 2276 2969 πένης
2334 2905 2574 2968 κινῆσαι,
2635 2895 2722 2950 ἐὰν
2774 2895 3094 2968 εὐημερήσῃ
3135 2893 3223 2946 καὶ
3258 2891 3285 2946 6
3315 2891 3433 2953 υἱός
3487 2910 3614 2962 μου,
3662 2888 3750 2943 καὶ

2115 2988 2202 3046 διὰ
2229 2995 2330 3058 τῆς
2379 2984 2674 3062 εὐημερίας
2726 2986 2886 3056 ἡμῶν
2948 2977 3111 3055 διαϐῇ
3153 2976 3687 3055 τεσσαρακονταετία,
3717 2977 3752 3046 ἢ

2114 3080 2218 3155 ἑγὼ
2248 3077 2492 3154 γρονίσω
2523 3075 2836 3148 εὐημερῶν,
2898 3068 3099 3147 ἔχομεν
3154 3069 3480 3147 ἀναφαίρετα
3528 3068 3594 3122 τά
3639 3066 3757 3122 ἐπι-

2114 3169 2400 3238 κτηθὲντα,
2431 3165 2521 3221 καὶ
2582 3161 2842 3241 συμφέρει
2897 3183 2991 3235 μοι
3043 3161 3105 3216 τὸ
3144 3159 3509 3217 πλεονεκτεῖν.
3563 3160 3758 3231 [Τοῦτο

2115 3257 2423 3337 δὲαανερόν
2458 3253 2688 3311 ἐστικαὶ
2746 3251 2852 3307 ἀπὸ
2905 3257 3005 3320 τῆς
3054 3253 3242 3326 γενεᾶς
3289 3252 3397 3304 τῶν
3445 3245 3757 3316 Μαλεΐνων,

2113 3347 2204 3404 καὶ
2236 3347 2400 3402 πάλιν
2431 3349 2536 3400 τῶν
2573 3339 2872 3399 Φωκάδων.
2903 3341 2966 3398 ’0
3001 3340 3094 3412 μὲν
3127 3339 3226 3415 γὰρ
3267 3337 3551 3412 πατρίκιος
3601 3341 3760 3391 Κων-

2117 3442 2392 3499 σταντῖνος
2424 3438 2452 3492 6
2482 3432 2779 3503 Μαλεΐνος,
2829 3432 2920 3487 καὶ
2949 3432 2977 3486 ὂ
3012 3431 3314 3505 μάγιστρος
3366 3427 3664 3488 Εὐστάοιος
3729 3426 3757 3480 6

2114 3529 2313 3586 τούτου
2344 3527 2480 3598 υίὸς,
2515 3523 2679 3599 μέχρι
2711 3526 2820 3577 τῶν
2852 3520 3040 3576 ἑκατὸν
3075 3519 3313 3594 χρόνων,
3345 3517 3379 3586 ἢ
3411 3517 3501 3572 καὶ
3521 3520 3628 3570 τῶν
3643 3515 3761 3570 ἑκα-

2115 3619 2208 3673 τὸν
2243 3614 2413 3672 εἴκοσι
2443 3615 2543 3683 τὴν
2594 3608 2886 3686 εὐημερίαν
2950 3607 3112 3684 ἔσχον
3157 3604 3754 3680 συμπαρεκτεινομένην

2115 3707 2319 3768 αὐτοῖς.
2353 3706 2420 3762 Οἱ
2451 3702 2507 3760 δὲ
2539 3699 2800 3763 Φωκάδες
2857 3697 3001 3754 πολὺ
3040 3696 3249 3752 τούτων
3299 3695 3564 3750 ἐπέκτινα.
3598 3693 3666 3750 Ὀ
3702 3712 3760 3747 τε

2115 3797 2217 3870 γὰρ
2274 3795 2500 3854 πάππος
2559 3793 2657 3862 [αι.
2716 3789 3073 3865 πρόπαππος]
3147 3783 3346 3851 αὐτῶν,
3405 3782 3519 3837 εἶτα
3582 3780 3671 3836 καὶ
3729 3780 3757 3834 6

2115 3867 2318 3958 πατὴρ,
2356 3881 2490 3955 μετᾶ
2520 3877 2576 3934 δὲ
2605 3883 2772 3934 ταῦτα
2808 3875 2900 3932 καὶ
2945 3877 2999 3930 οἱ
3054 3873 3252 3929 τούτου
3301 3871 3410 3927 υἱοὶ
3461 3867 3757 3945 ἆδιάδοχον

2117 3956 2312 4047 σχεδύν
2346 3971 2513 4026 εἷπεῖν
2564 3965 2669 4031 ἕως
2715 3969 2876 4038 ἡμῶν
2924 3965 3077 4040 εἶχον
3129 3964 3229 4031 τήν
3284 3959 3612 4017 δυναστείαν.
3663 3956 3760 4013 Καὶ

2115 4046 2234 4123 πῶς
2268 4061 2322 4115 οἱ
2359 4063 2600 4115 τοιοῦτοι
2636 4058 2943 4134 βοηθοῦντα
2982 4051 3075 4109 τὸν
3115 4051 3318 4127 χρόνον
3369 4046 3548 4120 ἕξουσι
3579 4051 3658 4120 (7)
3690 4067 3705 4116 ;
3737 4047 3755 4119 ]

2114 4149 2281 4207 πάλιν
2315 4147 2393 4220 δὲ,
2426 4153 2543 4210 πῶς
2575 4145 2637 4202 οὐ
2685 4144 3024 4219 λογισόμεθα
3075 4139 3297 4196 δυνατὸν
3338 4139 3429 4194 καὶ
3479 4135 3759 4208 ἀδύνατον,

2113 4241 2205 4297 τὸν
2240 4240 2476 4314 ἐξαρχῆς
2511 4236 2608 4310 μὲν
2636 4235 2858 4304 πὲνητα,
2908 4231 3130 4307 ὕστερον
3182 4227 3239 4285 δὲ
3283 4227 3625 4301 τιμώμενον,
3670 4223 3760 4314 καὶ

2114 4329 2250 4405 πρὸς
2497 4323 2658 4395 δόξης
2717 4321 3092 4397 ἆναγόμενον;
3149 4317 3412 4374 ἀδύνατον
3487 4316 3604 4388 μὶν,
3661 4311 3764 4405 ἕως

2119 4403 2356 4491 ὑπάρχει
2386 4419 2492 4470 τῶν
2554 4415 2726 4468 κάτω’
2787 4411 2876 4466 καὶ
2932 4410 3024 4465 τόν
3084 4409 3285 4484 χρόνον
3348 4407 3568 4481 βοηθεῖν
3618 4403 3764 4475 αὐτῷ

2114 4506 2570 4582 συγχωρήσομεν·
2605 4499 2826 4556 δυνατὸν
2888 4496 2966 4567 δὲ,
3030 4498 3116 4575 ἀφ’
3168 4495 3230 4551 οῦ
3279 4499 3472 4564 καιροῦ
3502 4493 3761 4582 ⁸τιμηθῇ·

355 4593 460 4647 τίω
495 4593 731 4648 culmen
766 4599 999 4649 evectus
1020 4593 1047 4648 ?
1076 4593 1466 4661 imbecillum,
1501 4594 1785 4666 quamdiu
1812 4602 1906 4660 est
1934 4597 1998 4653 in

2109 4567 2347 4650 mima-6v
2407 4591 2610 4667 χρόνον
2675 4585 2844 4663 μηδὲν
2904 4586 3067 4642 αὐτὸν
3128 4583 3448 4662 ὠφελοῦντα
3497 4579 3764 4653 δείξομεν.

354 4697 606 4736 numero
639 4681 1028 4737 inferiorum:
1071 4687 1130 4738 et
1178 4689 1411 4755 tempus
1461 4684 1600 4739 huic
1654 4701 1999 4742 succurrere

345 4770 800 4840 permittemus:
833 4776 1157 4843 potentem,
1193 4789 1261 4828 ex
1292 4789 1408 4844 quo
1431 4778 1696 4845 tempore
1717 4790 2002 4830 consecu-

351 4864 448 4914 tus
478 4860 768 4916 honorem
798 4861 1012 4919 fuerit:
1048 4868 1108 4918 et
1135 4864 1286 4918 nihil
1320 4865 1370 4920 ei
1397 4864 1679 4936 prodesse
1728 4865 2002 4937 praescri-

350 4947 620 5018 ptionem
652 4950 938 5020 temporis
969 4950 1373 5022 probabimus.
1415 4953 1622 5018 Qualia
1643 4970 1786 5009 sane
1808 4971 1998 5026 saepe-

350 5051 603 5092 numero
636 5037 900 5107 quotidie
932 5039 1130 5094 videre
1161 5046 1250 5095 est
1277 5041 1611 5109 usuvenire,
1645 5058 1712 5097 ac
1739 5059 1947 5098 recens
1967 5059 2002 5099 a

349 5124 522 5180 nobis
545 5125 690 5181 adeo
714 5132 1085 5197 compertum
1107 5134 1214 5183 est.
1250 5129 1586 5184 Invenimus
1609 5131 1768 5186 enim
1801 5133 2004 5188 Philo-

352 5213 565 5280 calem,
598 5213 670 5269 ab
699 5213 867 5269 initio
901 5213 1153 5270 fortunm
1183 5217 1378 5272 tenuis
1401 5217 2000 5286 hominem,etunum

351 5318 422 5357 ex
451 5302 741 5369 vicaneis;
801 5308 1007 5374 postea
1052 5303 1454 5374 splendidum,
1505 5311 1564 5360 et
1606 5306 1994 5377 opulentum:

351 5389 452 5462 qui
484 5389 770 5462 quamdiu
801 5390 1070 5462 plebeius
1102 5396 1250 5458 erat,
1275 5392 1480 5448 eadem
1504 5410 1637 5448 cum
1663 5393 1784 5449 suis
1801 5394 2003 5450 convi-

345 5481 549 5536 caneis
637 5496 820 5535 onera
899 5480 1368 5552 pensitationum
1457 5483 1811 5556 sustinebat,
1890 5500 2000 5539 nec

2108 4687 2214 4743 Οἷα
2243 4681 2518 4744 πολλάκις
2551 4681 2669 4736 καθ’
2724 4679 2953 4748 ἑκάστην
2986 4672 3126 4732 ⁴ἔστιν
3190 4671 3323 4730 ἰδεῖν
3369 4667 3759 4746 συμϐαίνοντα,

2109 4774 2198 4829 καὶ
2231 4771 2350 4847 ἄρτι
2384 4772 2511 4846 παρ’
2565 4772 2728 4844 ἡμῶν
2784 4768 3001 4843 εὐρὲοη.
3057 4765 3166 4822 Καὶ
3220 4763 3322 4838 γὰρ
3384 4762 3616 4836 εὕρομεν
3672 4759 3764 4847 τὸν

2111 4845 2777 4937 Φιλοκάλην,ίγενόμενον
2813 4856 2908 4931 μὶν
2955 4855 3232 4931 καταρχὰς
3262 4857 3370 4908 τῶν
3405 4849 3640 4937 εὐτελῶν
3674 4845 3762 4903 καὶ

2109 4955 2368 5026 χωριτῶν
2397 4934 2510 5003 ἓναέ
2544 4948 2764 5022 ὕστερον
2817 4943 2896 5014 δὶ,
2926 4948 3038 4999 τῶν
3090 4938 3390 5017 περιδόξων
3438 4939 3528 4994 καὶ
3584 4934 3763 4993 πλου-

2114 5039 2265 5096 σίων.
2297 5040 2398 5100 "Oc
2426 5034 2530 5098 ἕως
2563 5037 2656 5109 μὲν
2691 5035 2908 5109 ὑπῆρχε
2935 5036 3044 5088 τῶν
3101 5030 3270 5100 κάτω,
3325 5026 3598 5085 συνετέλει
3644 5031 3760 5089 τοῖς

2112 5131 2302 5186 ἑαυτοῦ
2334 5125 2725 5203 συγχωρίταις,
2791 5123 2886 5178 καὶ
2943 5119 3098 5176 οὐδὲν
3160 5119 3354 5181 αὐτοὺς
3400 5116 3764 5188 ἐκαινοτόμει.

2113 5219 2232 5296 Ἀφ’
2263 5217 2324 5272 οὗ
2353 5213 2411 5271 δὲ
2437 5219 2630 5271 τοῦτον
2689 5214 2766 5275 εὶς
2817 5213 2983 5286 τιμὴν
3036 5211 3064 5265 6
3112 5210 3243 5271 Θεὸς
3281 5207 3495 5296 ἀνῆγεν
3526 5205 3760 5296 [ἀνῆξεν]

2112 5290 2517 5381 ἑϐδομαδαρίου
2550 5304 2646 5374 [αι.
2680 5297 3062 5376 ἑϐδομαρίου],
3113 5298 3226 5353 εἶτα
3279 5295 3623 5362 κοιτωνίτου,
3670 5290 3763 5346 καὶ

2115 5392 2250 5468 μετᾶ
2290 5397 2456 5448 ταῦτα
2508 5384 3036 5466 πρωτοϐεστιαρίου,
3078 5387 3142 5442 τὸ
3191 5383 3322 5440 ὅλον
3375 5382 3435 5437 ἐκ
3487 5385 3584 5436 τοῦ
3631 5399 3763 5468 κατ-

2112 5482 2304 5559 ολίγον
2338 5481 2596 5558 ἐκράτησε
2623 5479 2855 5557 χωρίον,
2886 5476 2976 5535 καὶ
3007 5474 3331 5550 προάστειον
3377 5469 3516 5526 ἴδιον
3569 5467 3759 5538 ἐποίη-

409 5681 486 5755 (8)
517 5682 694 5745 Uncis
726 5682 960 5746 inclusa
991 5682 1285 5740 scholium
1315 5684 1628 5754 redolent;
1660 5685 1915 5742 fortasse
1946 5685 2218 5760 superius
2249 5684 2598 5757 reponenda
2627 5689 2788 5742 sunt.
