4084 6202
212 402 326 462 621

1382 393 1767 464 ΝονΕιιιλΕ
1807 394 2481 466 CONSTITUTIONES

3509 409 3631 474 692

221 554 337 599 σεν,
369 530 667 600 ἐναλλάξας
725 528 815 585 καὶ
871 530 971 598 τήν
1005 527 1320 603 ἐπωνυμίαν
1351 534 1448 585 τοῦ
1467 530 1720 584 τοιούτου
1750 548 1876 604 χω-

1994 536 2319 606 quidquam
2352 538 2414 592 in
2447 554 2547 593 eos
2580 539 2713 593 novi
2744 538 3119 595 moliebatur.
3155 542 3368 596 Verum
3396 557 3466 596 ex
3514 559 3631 612 quo

221 620 548 695 ρίου.Ἐπεὶ
580 616 672 674 οὖν
730 616 906 680 οὕτως
962 618 1205 694 ἀνήχθη,
1275 618 1366 673 καὶ
1425 617 1603 679 οὕτως
1670 617 1879 692 ἐγένετο

217 711 288 765 τὰ
315 711 437 764 κατ’
469 709 649 780 αὐτὸν,
682 705 1045 782 ἐνδεχόμενόν
1101 706 1268 775 ἐστιν,
1330 706 1413 761 ἴνα
1445 705 1690 780 δώσομεν
1718 710 1880 761 τοῦτο

215 797 473 872 [τούτῳ]
531 796 607 859 εἷς
668 798 946 872 βοήθειαν,
995 796 1087 851 καὶ
1143 795 1560 870 καταλείψωμεν
1620 795 1789 871 ἔχειν,
1850 797 1881 850 ἄ

216 892 400 948 κακῶς
454 885 924 958 ἐπλεονέκτησεν;
983 886 1082 942 ούκ
1133 884 1243 941 ἔστι
1295 882 1525 945 δίκαιον,
1584 888 1736 940 Ὅθεν
1791 886 1879 939 καὶ

220 981 255 1047 ἡ
292 975 543 1052 βασιλεία
572 979 735 1049 ἡμῶν
768 976 904 1032 κατᾶ
930 977 1023 1031 τὸν
1061 976 1231 1032 τόπον
1298 970 1668 1042 διαϐαίνουσα,
1698 974 1788 1029 καὶ
1818 975 1881 1029 τὸ

219 1071 448 1140 πρᾶγμα
478 1065 737 1141 ἐγκλήσει
798 1070 907 1121 τῶν
966 1067 1213 1137 πενήτων
1275 1062 1589 1140 διαγνοῦσα,
1632 1064 1700 1118 τὰ
1748 1063 1880 1117 τού-

220 1176 320 1211 του
376 1155 653 1228 οἰκήματα
732 1154 1014 1225 πολυτελῆ
1102 1151 1230 1210 ὄντα
1335 1155 1688 1229 κατέστρεψεν
1772 1150 1880 1214 ἓως

224 1242 484 1322 έδάφους,
536 1244 624 1299 καὶ
682 1248 798 1304 τοῖς
846 1245 1042 1315 πένησι
1093 1245 1160 1298 τὰ
1244 1245 1446 1299 ἑαυτῶν
1516 1240 1878 1297 ἀποδέδωκεν·

223 1335 417 1409 ἱκείνῳ
449 1334 507 1391 δὲ
561 1334 869 1405 κατέλιπεν,
930 1335 1063 1411 ’ὅπερ
1120 1334 1360 1411 ἐξαρχῆς
1415 1336 1532 1409 εἶχε
1588 1331 1877 1406 δημόσιον,

220 1427 455 1483 καὶτῶν
492 1428 748 1500 χωριτῶν
778 1422 873 1478 ἕνα
930 1422 1096 1478 πάλιν
1152 1424 1314 1479 αὐτὸν
1365 1423 1536 1478 ἐποίει
1588 1421 1879 1495 [ἐποίησεῇ

221 1514 454 1571 Δυνατοὶ
486 1512 543 1569 δὶ
577 1511 971 1589 λογιζέσθωσαν
1005 1516 1106 1586 (9),
1171 1513 1246 1585 μὴ
1310 1511 1474 1584 μόνον
1528 1513 1578 1566 οἱ
1615 1514 1880 1578 τοιοῦτοι,

219 1602 493 1660 ἀλλὰκαὶ
541 1604 771 1664 ἅπαντες
826 1603 879 1655 οἱ
937 1601 1377 1677 ἀναγραφόμενοι
1435 1601 1574 1655 κατὰ
1634 1601 1795 1675 μέρος
1828 1598 1880 1653 ἐν

218 1699 291 1768 τῇ
355 1692 588 1766 διατάξει
646 1696 744 1747 τοῦ
796 1691 1131 1766 προπάππου
1187 1694 1349 1765 ἡμῶν
1434 1690 1524 1745 καὶ
1589 1690 1882 1765 βασιλέως,

220 1787 516 1856 Ῥωμανοῦ
562 1787 660 1837 τοῦ
715 1779 991 1857 γέροντος.
1025 1782 1201 1843 Οὗτος
1252 1781 1355 1856 γὰρ
1382 1780 1472 1835 καὶ
1504 1780 1700 1841 αὐτοὺς
1754 1780 1883 1838 τοὺς

222 1873 564 1949 σχολαρίους
623 1870 885 1973 δυνατοὺς
943 1871 1248 1945 ὠνόμασεν.
1307 1872 1501 1973 Ἦμέεἶς
1559 1867 1616 1925 δὶ
1646 1868 1880 1945 λέγομεν
1911 1907 1960 1973 Β

220 1966 313 2018 καὶ
362 1963 594 2024 τούτους
650 1959 929 2031 δυνατοὺς,
989 1961 1346 2037 προστίθεμεν
1403 1957 1460 2014 δὲ
1515 1961 1605 2013 καὶ
1662 1979 1880 2033 πρωτοο

220 2051 578 2127 κεντάρχους.
614 2050 715 2107 Καὶ
747 2050 850 2126 γὰρ
880 2050 1107 2112 τούτους
1168 2047 1452 2119 δυνατοὺς,
1494 2045 1601 2119 ἤδη
1630 2069 1883 2125 πραγμα-

220 2146 395 2203 τικῶς
457 2138 777 2216 διέγνωμεν.
837 2140 933 2194 Διά
987 2143 1154 2195 ταῦτα
1207 2143 1500 2215 τοιγαροῦν
1561 2137 1884 2210 θεσπίζομεν

225 2228 319 2286 διὰ
372 2237 474 2301 τῆς
531 2228 811 2306 παρούσης
874 2232 1035 2303 ἡμῶν
1096 2228 1420 2302 νομοθεσίας
1474 2228 1541 2283 τὰ
1622 2228 1729 2301 πρὸ
1784 2232 1881 2283 τοῦ

223 2322 568 2396 προπάππου
615 2322 777 2393 ἡμῶν
836 2320 926 2374 καὶ
988 2317 1280 2394 βασιλέως,
1319 2319 1603 2391 Ῥωμανοῦ
1635 2321 1734 2372 τοῦ
1789 2315 1883 2392 γέ-

224 2405 823 2483 ροντος,ὲπικτηθέντα
875 2414 992 2470 τοῖς
1050 2405 1296 2469 δυνατοῖς
1354 2406 1429 2468 εἷς
1478 2405 1706 2482 χωρίων
1762 2426 1885 2461 κοι-

221 2500 481 2570 νότητας,
574 2496 720 2553 ἀλλὰ
801 2495 872 2552 δι’
937 2496 1215 2574 ἐγγράφων
1302 2494 1710 2569 δικαιωμάτων,
1791 2494 1882 2550 καὶ

224 2592 562 2644 συστατικῶν
598 2587 909 2663 μαρτυριῶν
966 2587 1031 2642 τὸ
1091 2582 1309 2662 βέϐαιον
1366 2579 1583 2661 ἔχοντα,
1618 2582 1882 2654 δεσπόζε-

222 2680 350 2732 σθαι
383 2678 513 2753 παρ’
542 2676 738 2745 αὐτῶν,
771 2674 908 2743 καθᾶ
937 2675 1026 2730 καὶ
1062 2676 1114 2729 οἱ
1145 2673 1372 2730 παλαιοὶ
1424 2674 1586 2746 νόμοι
1640 2671 1879 2749 λέγουσι.

222 2767 328 2820 Διὰ
381 2769 548 2819 τοῦτο
604 2761 661 2819 δὶ
739 2764 807 2819 τὰ
872 2761 1110 2841 ἔγγραφοι
1193 2761 1555 2836 δικαιώματα,
1641 2764 1729 2817 καὶ
1788 2763 1883 2825 τὰς

226 2854 555 2915 συστατικὰς
644 2852 937 2929 μαρτυρίας
1018 2852 1445 2929 προκομίζεσθαι
1537 2848 1880 2927 βουλόμεθα,

228 2945 385 3005 ὅπως
416 2941 714 2998 οἳδυνατοὶ
775 2945 850 3017 μὴ
904 2945 1343 3018 προφασίσωνται
1394 2942 1530 2997 κατά
1586 2941 1880 3017 περίνοιαν,

225 3035 295 3088 τὰ
334 3035 529 3089 νεωστὶ
591 3032 775 3094 αὐτοῖς
833 3032 1187 3102 ἐπικτηθέντα
1238 3036 1546 3105 κρατεῖσθαι
1604 3033 1731 3105 παρ’
1782 3032 1880 3086 αύ-

221 3127 338 3177 τῶν
371 3122 479 3176 ἀπὸ
504 3118 762 3177 παλαιοῦ.
790 3123 928 3179 Ἀπὸ
979 3121 1102 3176 τότε
1162 3119 1238 3189 δὲ,
1270 3122 1361 3175 καὶ
1424 3124 1589 3196 μέχρι
1638 3124 1734 3174 τοῦ
1764 3125 1880 3190 νῦν,

219 3213 346 3280 ἥτις
377 3210 488 3265 ἐστὶ
520 3212 711 3284 πρώτη
760 3208 857 3264 τοῦ
907 3208 1240 3283 Ἰανουαρίου
1274 3210 1465 3281 μηνὸς,
1495 3216 1595 3278 τῆς
1654 3209 1874 3279 έννάτης

1990 625 2145 680 Deus
2176 643 2310 682 eum
2343 628 2416 683 ad
2446 629 2735 684 honorem
2777 628 3247 697 hebdomadarii,
3281 631 3496 685 deinde
3527 648 3633 685 cu-

1989 712 2283 785 bicularii,
2334 724 2540 788 postea
2597 719 3031 790 protovestiarii
3086 721 3352 791 provexit
3392 737 3404 774 :
3441 726 3630 776 totum

1990 804 2275 873 paulatim
2306 807 2497 862 vicum
2539 807 2815 875 obtinuit,
2870 825 2936 863 ac
2994 809 3400 864 suburbanum
3456 826 3630 864 suum

1988 893 2269 964 reddidit,
2291 897 2467 952 etiam
2499 894 2901 968 appellatione
2930 898 3039 953 vici
3062 904 3304 954 mutata.
3339 900 3628 964 Quoniam

1992 981 2169 1052 igitur
2198 983 2257 1039 in
2286 985 2445 1040 hunc
2478 986 2719 1041 modum
2748 993 2982 1042 evectus
3011 987 3142 1053 fuit,
3167 989 3414 1060 ejusque
3428 1005 3629 1043 rerum

1989 1070 2086 1125 hic
2118 1071 2230 1126 fuit
2259 1079 2446 1129 status
2481 1076 2725 1131 :ﬁerine
2753 1081 2965 1147 potest,
3018 1082 3084 1131 ut
3136 1078 3245 1132 hoc
3296 1079 3491 1148 ipsum
3540 1077 3629 1131 illi

1991 1160 2303 1217 subvenire
2354 1164 2775 1232 concedamus,
2832 1172 2890 1220 et
2947 1182 3016 1220 ea
3086 1166 3496 1237 relinquamus
3554 1168 3630 1236 ei,

1991 1250 2207 1319 quibus
2239 1254 2518 1323 nequiter
2546 1254 2695 1308 alios
2724 1253 3017 1310 fraudavit
3042 1255 3071 1309 ‘I
3096 1272 3215 1310 non
3264 1273 3499 1326 aaquum
3521 1258 3633 1311 hoc

1990 1338 2454 1411 fuerit.Ideoque
2484 1343 2766 1414 majestas
2798 1348 3023 1412 nostra,
3056 1360 3189 1399 cum
3223 1345 3416 1398 locum
3436 1345 3631 1415 ipsum

1991 1429 2367 1499 transiret,ac
2380 1448 2504 1487 rem
2521 1432 2592 1488 de
2607 1433 2867 1503 querelis
2888 1448 3214 1505 pauperum
3240 1434 3635 1505 cognovisset:

1991 1520 2161 1576 villas
2183 1524 2311 1593 ejus
2343 1539 2485 1578 sane
2514 1540 2694 1594 quam
2723 1524 3016 1595 pretiosas
3070 1523 3145 1578 ad
3193 1524 3390 1595 ipsum
3446 1538 3636 1593 usque

1994 1611 2186 1666 solum
2209 1612 2410 1680 diruit,
2446 1630 2513 1668 ac
2534 1614 2897 1684 pauperibus
2930 1630 3035 1669 sua
3068 1613 3364 1668 restituit:
3390 1613 3637 1668 illivero

1992 1699 2236 1771 reliquit
2258 1718 2392 1757 eum
2414 1702 2665 1758 fundum
2690 1703 3020 1775 publicum,
3054 1720 3232 1775 quem
3262 1705 3431 1759 initio
3466 1703 3639 1759 habe-

1992 1788 2111 1855 bat,
2137 1795 2195 1844 et
2219 1808 2424 1846 rursus
2456 1809 2643 1847 unum
2664 1810 2733 1848 ex
2763 1792 3019 1848 vicaneis
3079 1795 3294 1849 effecit.
3345 1795 3635 1849 Caeterum

1991 1882 2262 1949 potentes
2307 1880 2739 1948 existimantor,
2781 1899 2901 1936 non
2956 1881 3298 1952 hujusmodi
3352 1883 3638 1937 duntaxat

1993 1968 2267 2023 homines
2294 1986 2305 2022 :
2340 1969 2444 2025 sed
2470 1971 2749 2037 universi,
2781 1971 2880 2040 qui
2933 1971 3281 2042 singillatim
3321 1971 3634 2042 perscripti

1993 2062 2133 2111 sunt
2164 2057 2223 2111 in
2248 2059 2674 2115 constitutione
2697 2060 2898 2130 proavi
2931 2059 3119 2114 nostri
3159 2065 3217 2114 et
3238 2060 3634 2130 imperatoris,

1994 2147 2241 2201 Romani
2268 2147 2534 2219 majoris.
2571 2149 2673 2203 llic
2707 2149 2867 2204 enim
2918 2154 2975 2203 et
3006 2149 3166 2220 ipsos
3207 2148 3507 2203 scholares
3533 2165 3639 2219 ap-

1994 2233 2234 2304 pellavit
2264 2240 2556 2306 potentes,
2586 2253 2733 2307 quos
2760 2253 2903 2292 sane
2934 2253 3043 2292 nos
3090 2253 3326 2308 quoque
3366 2241 3639 2309 potentes

1991 2322 2267 2390 dicimus,
2311 2329 2369 2379 et
2415 2327 2942 2396 protocentarchos
3001 2326 3338 2397 adjicimus.
3380 2328 3521 2381 Nam
3580 2331 3639 2381 et

1993 2412 2101 2466 hos
2128 2418 2399 2483 potentes
2431 2432 2583 2479 esse,
2609 2415 2735 2487 jam
2798 2414 2956 2470 edita
2985 2415 3347 2488 pragmatica
3374 2431 3638 2486 pronun-

1992 2502 2285 2557 tiavimus.
2321 2503 2403 2558 Ob
2447 2504 2573 2559 haac
2606 2521 2740 2577 ergo
2772 2505 3073 2560 sancimus
3104 2505 3381 2576 praesenti
3415 2505 3639 2559 consti-

1992 2591 2223 2645 tutione
2255 2597 2481 2659 nostra,
2510 2597 2576 2646 ut
2628 2609 2999 2664 quascunque
3030 2593 3455 2664 acquisiverint
3482 2593 3639 2648 bona

1991 2684 2265 2751 potentes
2298 2681 2357 2735 in
2392 2682 2813 2737 communibus
2844 2682 3210 2737 consortium
3230 2682 3636 2752 praadiis,ante

1990 2785 2272 2839 proavum
2327 2775 2598 2825 nostrum
2657 2776 2714 2825 et
2796 2770 3240 2842 imperatorem,
3301 2774 3635 2826 Romanum

1991 2857 2483 2927 majorem,modo
2519 2864 2649 2913 acta
2670 2865 2945 2930 sunt,per
2975 2860 3376 2915 instrumenta
3398 2859 3633 2931 scriptis

1993 2948 2910 3019 comprehensa,probabiliaque
2945 2949 3286 3004 testimonia
3307 2949 3488 3004 robur
3520 2950 3633 3003 ha-

1992 3034 2192 3103 beant,
2214 3037 2273 3091 in
2296 3054 2499 3092 eorum
2519 3036 2782 3092 dominio
2796 3044 3096 3103 maneant,
3130 3038 3635 3108 quemadmodum

1993 3129 2051 3177 et
2078 3131 2275 3180 vetera
2297 3126 2438 3195 jura
2468 3126 3059 3197 traduntiPropterea
3088 3128 3639 3181 veroinstrumenta

1993 3214 2236 3285 scripta,
2269 3231 2402 3269 cum
2426 3214 2833 3285 probabilibus
2858 3215 3214 3268 testimoniis
3261 3215 3511 3285 proferri
3542 3230 3640 3267 vo-

223 3278 594 3369 ἶνδικτιῶνος,
624 3278 723 3354 τοῦ
756 3321 779 3361 ς
810 3322 844 3376 φ
878 3296 905 3353 δ
937 3278 1131 3369 ἔτουςί
1166 3278 1310 3354 ἀλλά
1340 3278 1457 3353 καί
1505 3297 1583 3360 εἷς
1638 3299 1702 3353 τὸ
1731 3278 1876 3371 ἐξῇς,

1994 3301 2231 3358 lumus:
2266 3320 2340 3357 ne
2369 3304 2736 3374 potentiores
2766 3302 2924 3357 vafre
2982 3308 3322 3373 causentur,
3383 3320 3451 3357 ea
3507 3319 3639 3373 qum

225 3391 343 3447 ἐπεὶ
424 3389 518 3444 καὶ
592 3388 936 3465 παραγγελία
991 3387 1260 3465 ἔγγραφος
1325 3386 1530 3462 ἐγένετο
1610 3384 1699 3441 διὰ
1775 3393 1876 3457 τῆς

225 3477 577 3550 δηλωθείσης
626 3477 949 3551 νομοθεσίας
1007 3482 1104 3532 τοῦ
1179 3477 1515 3553 προπάππου
1571 3478 1730 3551 ἡμῶν
1787 3477 1878 3531 καὶ

227 3567 523 3645 βασιλέως,
554 3569 842 3640 Ῥωμανοῦ
871 3571 968 3622 τοῦ
995 3565 1272 3642 γέροντος,
1310 3562 1477 3639 μηδὲν
1524 3565 1588 3620 τὸ
1646 3564 1875 3620 σύνολον

224 3658 463 3733 ἲσχύειν,
519 3654 558 3726 ἤ
623 3656 908 3721 ἀκούεσθαι
966 3656 1066 3724 τὴν
1124 3656 1696 3730 τεσσαρακονταετίαν,
1742 3656 1880 3727 μήτε

226 3744 540 3801 τοκαθὸλου
601 3747 738 3800 κατᾶ
764 3749 872 3800 τῶν
927 3745 1174 3813 πενήτων
1233 3743 1500 3819 ἑνέργειάν
1528 3764 1651 3798 τινα
1677 3742 1877 3814 ταύτην

224 3836 402 3911 ἔχειν,
434 3838 572 3891 ὅπου
611 3837 745 3909 μετά
803 3839 957 3907 [τῶν]
1017 3832 1254 3890 δυνατῶν
1288 3832 1529 3909 ἔχουσιν,
1577 3831 1702 3889 ἀλλ’
1733 3834 1877 3888 ἀντι-

224 3928 552 4003 στρέφεσθαι
626 3929 744 3986 τοῖς
798 3926 992 3995 πένησι
1050 3924 1119 3979 τὰ
1170 3921 1300 3978 ἴδια.
1357 3924 1514 3993 Μήτε
1598 3924 1704 3996 μὴν
1754 3921 1881 3985 τοὺς

224 4012 490 4077 δυνατοὺς
523 4012 864 4078 δικαιουσθαι
896 4012 973 4076 εἷς
1032 4013 1093 4068 τὸ
1150 4006 1442 4066 ἀναλαϐεῖν
1497 4012 1566 4066 τὰ
1594 4012 1881 4084 τιμήματα

220 4111 335 4160 τῶν
366 4106 632 4159 τοιούτων
662 4103 866 4172 τόπων,
924 4103 959 4171 ἢ
1028 4102 1123 4163 τὰς
1159 4099 1499 4176 βελτιώσεις·
1550 4098 1675 4155 ἀλλ’
1706 4099 1880 4157 ἀπόλ-

224 4194 343 4251 λειν
375 4197 466 4250 καὶ
488 4196 555 4250 τὰ
581 4197 892 4269 τιμήματα,
951 4194 1040 4248 καὶ
1070 4194 1169 4254 τὰς
1225 4191 1563 4267 βελτιώσεις,
1597 4188 1734 4245 διότι
1791 4186 1880 4244 καὶ

222 4287 326 4354 τὴν
378 4283 676 4358 εἰρημένην
737 4284 1061 4357 νομοθεσίαν
1120 4277 1453 4355 παραϐάντες
1514 4279 1880 4354 εὑρίσκονται.

224 4375 326 4429 Καὶ
366 4371 581 4447 μᾶλλον
639 4373 777 4443 ἄξιοί
835 4373 968 4428 εἰσιν
1029 4370 1357 4434 εὐθύνεσθαι.
1422 4372 1634 4446 Γράψας
1692 4368 1795 4444 γὰρ
1856 4371 1884 4425 ὁ

226 4464 419 4540 ῥηθεὶς
449 4462 781 4539 πρόπαππος
813 4465 974 4536 ἡμῶν
1032 4459 1122 4517 καὶ
1186 4458 1463 4536 βασιλεὺς,
1515 4460 1795 4531 Ῥωμανὸς
1855 4460 1883 4514 ὁ

220 4550 423 4629 γέρων,
482 4554 570 4607 καὶ
634 4551 821 4625 εἷ’πὼν,
854 4551 939 4606 ὅτι
997 4551 1134 4606 Ἀπὸ
1191 4547 1289 4605 τοῦ
1347 4553 1438 4603 νῦν
1499 4547 1699 4603 κωλύω
1755 4547 1885 4611 τοὺς

1992 3406 2201 3447 recens
2225 3392 2795 3462 compararunt,jam
2828 3391 2970 3445 olim
3003 3391 3075 3446 ab
3106 3408 3168 3446 se
3198 3391 3507 3463 possideri.
3528 3392 3640 3446 Ve-

1988 3502 2121 3539 rum
2143 3502 2212 3539 ex
2244 3500 2313 3538 eo
2344 3489 2612 3553 tempore
2644 3484 2703 3536 in
2755 3482 2915 3537 hunc
2948 3497 3136 3552 usque
3169 3482 3350 3547 diem,
3384 3482 3485 3551 qui
3516 3480 3637 3551 pri-

1988 3591 2121 3630 mus
2145 3578 2235 3627 est
2264 3571 2488 3626 mensis
2523 3571 2808 3639 Januarii,
2844 3570 3187 3625 indictionis
3235 3586 3431 3639 nonaa,
3490 3570 3635 3624 anni

1987 3678 2337 3717 vm.ic.1m.
2382 3660 2499 3714 imo
2555 3661 2732 3715 etiam
2795 3659 3095 3731 deinceps,
3147 3659 3633 3730 quandoquidem

1988 3752 2209 3806 factum
2234 3754 2323 3804 est
2344 3747 2722 3803 interdictum
2745 3748 2963 3819 scripto
2991 3748 3325 3818 expositum
3340 3763 3446 3818 per
3465 3746 3630 3801 indi-

1989 3846 2179 3895 catam
2205 3838 2691 3893 constitutionem
2712 3837 2909 3908 proavi
2943 3837 3129 3891 nostri
3154 3842 3212 3891 et
3230 3837 3629 3908 imperatoris,

1991 3930 2239 3985 Romani
2273 3928 2539 3999 majoris,
2570 3926 2722 3981 nihil
2780 3927 2842 3981 in
2895 3926 3237 3981 universum
3278 3926 3488 3992 valeat,
3522 3941 3632 3980 nec

1990 4019 2266 4075 audiatur
2296 4034 2587 4072 annorum
2634 4016 3026 4087 quadraginta
3082 4016 3449 4086 prmscriptio
3484 4031 3635 4083 ;nec

1990 4125 2232 4181 prorsus
2256 4107 2439 4161 ullam
2464 4106 2530 4160 ad
2542 4122 2743 4159 versus
2766 4122 3057 4175 pauperes
3088 4105 3501 4159 efﬁcacitatem
3528 4104 3637 4157 ha—

1991 4196 2255 4265 beat,ubi
2282 4195 2506 4265 prmdia
2527 4211 2660 4248 cum
2685 4194 3028 4264 potentibus
3043 4193 3351 4263 possident
3374 4210 3386 4258 ;
3407 4191 3511 4246 sed
3532 4208 3637 4245 sua

1994 4285 2353 4359 pauperibus
2384 4284 2794 4338 restituantur.
2823 4286 2937 4338 Nec
2967 4283 3107 4337 item
3141 4280 3638 4352 quidquamjuris

1994 4380 2267 4449 potentes
2282 4373 2641 4439 habeant,ad
2656 4372 3063 4443 recipiendum
3080 4370 3371 4441 ejusmodi
3388 4370 3644 4423 locorum

1994 4466 2204 4539 pretia,
2238 4462 2329 4517 vel
2380 4461 2871 4516 meliorationes:
2934 4458 3037 4513 sed
3079 4465 3197 4513 tam
3250 4458 3377 4528 ipsa
3425 4456 3636 4527 pretia,

1996 4570 2174 4626 quam
2209 4551 2656 4606 meliorationes
2670 4549 2965 4613 amittant,
2990 4551 3303 4619 propterea
3320 4543 3643 4615 quodindi-

227 4642 502 4705 δυνατοὺς
541 4646 639 4697 τοῦ
695 4644 771 4715 μή
834 4647 1012 4697 ποιεῖν
1069 4639 1379 4710 ἐπικτήσεις
1434 4638 1510 4700 εἲς
1570 4640 1882 4709 κοινότητας

1998 4648 2187 4699 catam
2221 4639 2709 4695 constitutionem
2725 4637 2976 4692 violasse
3002 4631 3643 4705 comperiantur,adeo-

223 4733 484 4809 χωρίων·
525 4729 741 4805 ἔδειξεν,
791 4727 876 4786 ὅτι
907 4729 1097 4786 διόλου
1148 4730 1235 4784 καὶ
1294 4728 1371 4790 εἷς
1428 4727 1719 4803 ἀπέραντον
1753 4727 1890 4783 ἐκώ-

225 4822 388 4878 λυσεν
420 4820 638 4887 αὐτοὺς,
670 4822 760 4875 καὶ
820 4821 919 4889 τήν
974 4818 1519 4893 τεσσαρακονταετίαν
1562 4816 1624 4873 ού
1658 4815 1889 4873 δέδωκεν

230 4916 418 4978 αὐτοῖς
449 4914 527 4976 εἱς
585 4914 864 4989 βοήθειαν.
898 4910 978 4969 Ού
1015 4909 1177 4985 μόνον
1212 4907 1269 4964 δὲ
1307 4909 1383 4972 είς
1411 4908 1539 4971 τοὺς
1568 4908 1891 4984 παρέμπρο-

224 5016 346 5068 σθεν
417 5004 650 5077 χρόνους
704 5006 875 5057 ταῦτα
942 5002 1368 5074 νομοθετοῦμεν,
1427 4996 1574 5053 ἀλλὰ
1623 4996 1891 5053 καὶκατὰ

223 5099 333 5148 τῶν
399 5090 701 5148 διαϐάντων
763 5091 979 5168 χρόνων
1034 5090 1324 5164 εἰσάγομεν
1408 5090 1510 5157 τὴν
1571 5087 1888 5161 νομοθεσίαν

224 5182 455 5252 ταύτην·
507 5180 764 5252 δηλονότι
800 5181 889 5258 ἀφ’
922 5180 986 5233 οὗ
1045 5180 1080 5248 ἡ
1139 5176 1430 5251 νομοθεσία
1481 5180 1579 5231 τοῦ
1635 5176 1890 5250 προπάπ·

223 5293 333 5326 που
365 5273 531 5344 ἡμῶν
564 5272 652 5325 καὶ
719 5267 1011 5344 βασιλέως,
1072 5271 1171 5323 τοῦ
1227 5266 1424 5341 κυρίου
1464 5266 1743 5338 Ῥωμανοῦ
1796 5267 1894 5319 τοῦ

223 5362 510 5437 γέροντος,
570 5356 804 5433 ἐξετέθη.
871 5358 937 5416 Εἰ
995 5357 1095 5433 γὰρ
1161 5358 1235 5431 μὴ
1301 5353 1714 5431 διορθωσόμεθα
1751 5349 1891 5426 ἄρτι,

226 5450 328 5506 ὅσα
383 5453 664 5506 κινοῦνται
717 5449 826 5505 ἀπὸ
880 5452 990 5503 τῶν
1068 5444 1475 5521 παρελθόντων,
1528 5446 1648 5504 πῶς
1703 5440 1894 5517 ἔχουσι

229 5537 590 5617 φυλαχθῆναι
615 5541 685 5593 τὰ
718 5536 994 5613 μέλλοντα
1029 5556 1042 5607 ;
1074 5536 1166 5592 καὶ
1196 5539 1315 5598 πῶς
1349 5532 1538 5591 ἔχουσι
1592 5526 1897 5609 φοϐηθῆναι

1999 4748 2113 4803 que
2140 4746 2315 4802 pmna
2345 4728 2542 4800 potius
2573 4727 2733 4798 digni
2768 4726 2904 4781 sint.
2931 4727 3073 4779 Nam
3105 4739 3237 4779 cum
3260 4723 3449 4794 legem
3497 4723 3642 4777 scri-

1997 4822 2186 4894 pserit
2216 4820 2408 4874 dictus
2458 4817 2558 4872 ille
2617 4821 2821 4871 noster
2872 4831 3123 4887 proavus
3184 4818 3242 4868 et
3297 4814 3641 4885 imperator,

1998 4914 2301 4967 Romanus
2323 4907 2535 4976 major,
2570 4907 2743 4977 eique
2775 4904 3114 4971 inseruerit,
3146 4902 3428 4973 deinceps
3460 4902 3645 4956 inter-

1999 4999 2195 5054 dicere
2219 5014 2281 5053 se
2313 4995 2654 5067 potentibus
2680 5012 2693 5062 ;
2722 5011 2796 5049 ne
2829 4993 2972 5063 quid
3004 4992 3074 5047 de
3116 4990 3645 5047 communitatibus

1998 5089 2266 5143 vicorum
2298 5089 2683 5155 comparent:
2714 5083 2996 5150 ostendit,
3028 5086 3093 5137 ut
3120 5082 3464 5137 universum
3497 5084 3554 5135 et
3581 5079 3646 5133 in

2001 5175 2305 5231 infinitum
2339 5189 2401 5228 se
2434 5174 2544 5228 hoc
2573 5173 2694 5227 illis
2716 5172 3232 5243 prohibuisse,nec
3248 5168 3650 5241 praascriptio-

2003 5281 2141 5321 nem
2171 5280 2466 5319 annorum
2486 5262 2878 5336 quadraginta
2919 5261 3309 5327 concessisse,
3339 5275 3470 5330 qua)
3502 5258 3648 5329 ipsis

2005 5356 2603 5425 succurreret.Neque
2620 5351 3028 5408 tantummodo
3042 5368 3150 5406 nos
3162 5367 3266 5422 pro
3284 5348 3650 5420 temporibus

2007 5443 2299 5499 secuturis
2324 5443 2476 5498 hanc
2518 5442 2708 5514 legem
2731 5442 2997 5508 ferimus,
3031 5438 3415 5494 verumetiam
3446 5436 3652 5491 adver-

2007 5550 2106 5589 sus
2129 5548 2357 5604 ea,quaa
2390 5533 2829 5604 praeterierunt,
2864 5529 3136 5587 eamdem
3168 5526 3602 5583 introducimus
3635 5540 3649 5578 :

296 5726 376 5794 (9)
410 5723 617 5794 Merg.,
652 5715 995 5791 Σημείωσαι,
1026 5713 1169 5778 τίνες
1200 5714 1449 5789 λέγονται
1482 5709 1721 5769 δυνατοί.
1754 5714 1882 5769 Nota

1993 5714 2050 5768 ui
2079 5713 2338 5767 dicantur
2373 5717 2648 5781 potentes.
