4082 6200
444 393 564 455 623

1683 380 1847 442 1MP.
1894 377 2174 441 BASILII
2219 381 2582 444 JUNIORIS

3701 387 3808 449 624

453 545 522 584 ex
545 541 660 599 quo
689 524 918 581 scilicet
946 514 1289 576 constitutio
1321 512 1519 586 proavi
1551 512 1738 567 nostri
1761 511 2091 582 etimpera-

2217 511 2294 566 ιαὶ
2351 511 2719 582 ἀναπαλῆναι
2806 513 2859 567 οἱ
2913 512 3202 586 μετέπειτα
3254 531 3268 581 ;
3326 511 3416 567 κάὶ
3487 518 3600 576 πῶς
3643 513 3814 592 ἔχουσι

456 619 626 685 toris,
659 612 882 670 domini
908 606 1156 665 Romani
1208 602 1474 676 majoris,
1537 600 1910 674 promulgata
1964 600 2095 656 fuit.

457 709 683 777 Quippe
743 704 803 757 ni
852 701 1025 755 domo
1081 694 1534 760 correxerimus,
1587 707 1977 764 quaecumque
2025 689 2098 744 de

455 793 772 867 praeteritis
803 790 935 843 lites
976 786 1406 842 instituuntur:
1442 799 1701 854 quonam
1724 787 1894 854 pacto
1909 781 2098 835 caveri

458 887 665 938 rutura
694 876 1032 951 poterunt?
1085 881 1142 929 et
1173 874 1418 945 quinam
1477 876 1758 944 poterunt
1812 869 2098 925 deterreri

458 970 841 1041 coercerique
879 965 1159 1040 posteri?
1189 970 1248 1018 et
1298 961 1591 1035 quomodo
1650 961 1908 1017 coerceri
1956 976 2099 1032 pos-

459 1066 619 1128 sunt,
675 1076 790 1129 quo
838 1057 1038 1112 minus
1090 1054 1232 1110 talia
1287 1053 1508 1107 faciant
1553 1051 1580 1106 ?
1637 1049 1903 1105 omnium
1961 1064 2097 1103 vero

456 1151 866 1226 gravissimum
900 1151 1006 1210 est,
1043 1145 1200 1217 quod
1258 1147 1628 1214 comparatas
1676 1157 1745 1196 ex
1803 1141 2013 1212 rapina
2043 1145 2100 1195 et

456 1241 700 1299 avaritia
747 1236 1155 1311 possessiones
1215 1233 1417 1288 liberis
1474 1232 1600 1286 suis
1674 1235 1947 1303 potentes
2003 1245 2096 1284 re-

454 1332 770 1403 linquant:
828 1325 1254 1392 existimantes,
1315 1337 1610 1376 annorum
1668 1337 1737 1376 xL
1792 1319 2097 1392 prescrip-

454 1421 635 1478 tionis
667 1433 770 1490 spe
792 1414 1122 1472 dominium
1136 1409 1431 1483 ejusmodi
1449 1426 1648 1464 rerum
1671 1408 2094 1476 sichabituros,

455 1517 522 1568 ut
552 1512 638 1566 eis
670 1507 855 1564 adimi
885 1508 1162 1577 nequeat.
1197 1507 1270 1558 At
1297 1518 1435 1556 vero
1497 1500 1545 1556 si
1601 1500 1712 1554 hoc
1767 1499 1855 1554 eis
1902 1498 2096 1554 admi-

454 1599 742 1664 niculum,
777 1613 892 1668 quo
926 1595 999 1650 ab
1061 1607 1352 1648 annorum
1393 1607 1464 1644 xx.
1511 1587 1958 1661 praescriptione
1989 1587 2098 1642 sci-

453 1691 596 1745 licet
623 1687 866 1756 habent,
917 1683 1197 1749 tollatur;
1228 1679 1562 1752 potentium
1595 1677 1798 1732 liberis
1831 1677 2096 1732 aufertur

454 1776 748 1853 ejusmodi
779 1775 851 1830 ab
908 1771 1152 1828 avaritia
1181 1769 1444 1842 profecta
1473 1767 1810 1837 limreditas,
1852 1782 2030 1836 quam
2061 1782 2096 1821 a

453 1866 801 1943 parentibus
821 1865 1258 1934 acceperunt,et
1275 1858 1349 1914 ad
1371 1857 1634 1928 inopiam
1654 1860 2093 1928 egestatemque

454 1960 690 2032 plenam
715 1953 1101 2027 perveniunt:
1137 1947 1471 2021 cujusmodi
1496 1952 1553 2001 et
1578 1963 1612 2001 a
1641 1946 1950 2017 majestate
1989 1961 2100 2000 no-

457 2055 580 2105 stra
609 2045 908 2116 contigere
936 2040 1183 2097 Romani
1216 2037 1452 2093 Muselae
1477 2035 1741 2108 magistri
1759 2033 2097 2106 nepotibus.

456 2142 598 2196 Nam
633 2142 691 2191 et
742 2133 830 2189 illi
857 2129 1273 2204 patrimonium
1333 2127 1448 2182 tale
1491 2127 1661 2198 juxta
1697 2124 2100 2180 Philomilium

454 2226 850 2301 possidentes,
883 2221 956 2278 ab
971 2237 1075 2277 avo
1089 2217 1508 2290 etparentibus
1524 2215 1825 2282 relictum,
1857 2213 1931 2270 ad
1953 2229 2098 2285 pau-

457 2323 747 2393 pertatem
779 2313 1002 2369 redacti
1040 2315 1204 2366 sunt.
1243 2310 1612 2380 Quapropter
1633 2310 1692 2361 et
1722 2305 2100 2377 injustitiam,

455 2416 513 2465 et
542 2405 1010 2478 inaequalitatem
1056 2398 1348 2472 ejusmodi
1409 2394 1762 2452 exscindens
1821 2395 2103 2466 majestas

453 2493 1035 2563 nostra,cunctisque
1059 2496 1176 2545 tam
1197 2486 1516 2560 opulentis,
1541 2501 1719 2556 quam
1743 2483 2103 2556 pauperibus

455 2589 625 2644 utilia
636 2585 860 2658 pariter
881 2586 939 2637 et
943 2582 965 2653 j
975 2585 1109 2635 usta
1131 2573 1982 2648 dispensans,pra:scriptionis
1994 2589 2104 2628 an-

2206 1144 2306 1208 τῆς
2378 1139 2946 1214 τεσσαρακονταετίας,

2206 1249 2292 1284 νοι
2321 1229 2378 1283 οἱ
2408 1233 2516 1284 τῶν
2549 1226 2788 1285 δυνατῶν
2827 1226 3017 1292 παῖδες
3045 1230 3138 1285 τὸν
3191 1233 3442 1286 τοιοῦτον
3477 1229 3831 1287 πλεονεκτικὸν

2206 1317 2439 1393 κλῆρον,
2469 1317 2531 1372 ὃν
2564 1317 2624 1373 ἑκ
2663 1318 2909 1392 πατὲρων
2969 1313 3190 1388 ἔλαϐον,
3251 1317 3328 1382 είς
3383 1318 3614 1396 ἀπορίαν
3662 1340 3841 1376 καταν-

2205 1410 2362 1474 τῶσι,
2393 1406 2484 1461 καὶ
2513 1405 2723 1462 τελείαν
2771 1401 3001 1475 ἔνδειαν,
3055 1407 3145 1462 οἷα
3189 1406 3279 1462 καὶ
3335 1407 3483 1482 παρᾶ
3537 1415 3636 1478 τῆς
3702 1409 3840 1484 βασι-

2207 605 2408 656 παῦσαι
2460 605 2556 656 τοῦ
2584 606 2763 657 ποιεῖν
2821 601 2890 656 τὰ
2929 601 3151 657 τοιαῦτα
3213 620 3229 669 ;
3277 601 3307 655 8
3354 599 3410 656 δὶ
3455 603 3659 659 πάντων
3719 605 3816 661 ἐστὶ

2206 689 2622 766 χαλεπώτερον,
2687 689 2770 745 ὅτι
2817 691 2885 744 τὰ
2958 689 3011 760 ἐξ
3065 691 3310 766 ἁρπαγῆς
3379 691 3466 746 καὶ
3537 692 3821 768 πλεονεξίας

2208 783 2568 853 συνιστάμενα
2624 781 2882 852 κτήματα
2935 777 3437 853 καταλιμπάνουσιν
3507 781 3556 834 οἱ
3625 780 3821 839 δυνατοὶ

2207 873 2325 930 τοῖς
2382 869 2584 924 ἑαυτῶν
2639 868 2842 940 παισὶν,
2917 867 3105 924 ἐλπίδι
3159 875 3260 940 τῆς
3312 872 3825 946 τεσσαρακονταετίας

2209 957 2560 1035 ἀναφαίρετον
2591 954 2736 1034 ἔχειν
2793 959 2893 1027 τὴν
2948 955 3258 1013 δεσποτείαν
3289 963 3397 1014 τῶν
3445 959 3700 1017 τοιούτων
3726 961 3828 1016 οίό-

2211 1068 2386 1121 μενοι.
2420 1050 2495 1107 Τὸ
2525 1045 2584 1104 δὶ
2625 1047 2884 1120 τοιαύτης
2946 1049 3224 1124 βοηθείας,
3285 1047 3540 1121 δηλονότι
3593 1058 3687 1122 τῆς
3738 1053 3830 1108 ἀπὸ

3034 1138 3454 1216 ἀναιρουμένης,
3525 1140 3835 1220 ἀφαιρούμε-

2208 1492 2359 1558 λείας
2391 1497 2552 1569 ἡμῶν
2586 1493 2784 1551 ἔπαθον
2824 1497 2878 1552 οἳ
2933 1499 3033 1551 τοῦ
3093 1495 3397 1571 μαγίστρου
3451 1499 3736 1572 Ῥωμανοῦ
3758 1501 3844 1552 τοῦ

2208 1583 2460 1643 Μουσελὶ
2487 1579 2726 1660 ἔγγονοι.
2787 1585 2892 1642 Καὶ
2923 1585 3027 1661 γὰρ
3060 1584 3212 1640 οὗτοι
3243 1589 3380 1642 κατὰ
3406 1588 3472 1642 τὸ
3522 1586 3842 1660 Φιλομίλιον

2201 1674 2460 1743 τοιαύτην
2491 1673 2808 1748 περιουσίαν
2866 1673 2925 1728 ἐκ
2981 1673 3206 1730 πάππου
3227 1696 3286 1731 τε
3314 1676 3406 1731 καὶ
3459 1675 3706 1752 πατέρων
3756 1695 3845 1730 κα-

2199 1761 2576 1840 ταλειφθεῖσαν
2638 1764 2823 1828 αὐτοῖς
2877 1760 3122 1836 ἔχοντες,
3183 1767 3530 1838 κατήντησαν
3583 1767 3672 1822 καὶ
3712 1765 3848 1821 αὐτοὶ

2206 1853 2285 1916 εἷς
2317 1853 2521 1910 πενίαν.
2555 1855 2662 1924 Τὴν
2698 1851 2788 1908 οὖν
2842 1852 3102 1925 τοιαύτην
3163 1852 3375 1911 ἀδικίαν
3435 1857 3525 1911 καὶ
3581 1856 3855 1924 ἀνισότητα

2208 1904 2284 1916 --τ
2565 1904 2655 1924 --,,
2857 1904 3094 1925 ---μην
3166 1904 3369 1911 “mm,
3438 1904 3524 1911 --ν
3583 1904 3854 1924 w---__,_,

2129 1904 2176 1970 Β
2207 1944 2242 2012 ἡ
2279 1941 2526 2017 βασιλεία
2555 1945 2716 2016 ἡμῶν
2747 1941 3098 2016 ἐκτὲμνουσα,
3156 1943 3245 1999 καὶ
3301 1949 3436 2000 πᾶσι
3493 1942 3779 2007 πλουσίοις
3802 1962 3854 1998 τε

2207 2031 2298 2087 καὶ
2329 2037 2580 2107 πτωχοῖς
2626 2032 2692 2086 τὰ
2749 2034 3095 2106 συμφέροντα
3151 2033 3243 2088 καὶ
3305 2032 3493 2090 δίκαια
3547 2028 3856 2110 ἐπιϐραῧεύ-

2212 2141 2362 2190 ουσα,
2393 2120 2486 2176 τὸν
2515 2127 2619 2190 τῆς
2646 2121 3194 2198 τεσσαρακονταετίας
3253 2123 3461 2198 Χρόνον
3507 2123 3734 2199 ἀναιρεῖ,
3788 2121 3857 2182 ὡς

2211 2210 2270 2266 ἄν
2304 2210 2394 2266 καὶ
2427 2211 2478 2265 οἱ
2519 2208 2736 2266 δυνατοὶ
2763 2215 2927 2267 τοῦτο
2986 2212 3372 2288 γινώσκοντες,
3431 2217 3680 2268 τοιοῦτον
3733 2209 3862 2280 κλῆ.

2211 2320 2306 2376 ρον
2341 2305 2458 2362 τοῖς
2485 2300 2688 2357 ἑαυτῶν
2719 2300 2876 2356 παισὶ
2910 2301 2987 2374 μὴ
3045 2299 3567 2376 καταλιμπάνωσιν·
3611 2300 3754 2357 ἀλλᾶ
3778 2298 3862 2354 καὶ

2211 2392 2265 2446 οἱ
2295 2390 2522 2461 πένητες
2553 2395 2660 2446 τῶν
2693 2387 2846 2446 ῒδίων
2881 2391 3231 2467 στερούμενοι
3266 2393 3344 2466 μὴ
3395 2393 3863 2468 ἁπογινώσκωσιν,

2213 2480 2341 2538 ἀλλ’
2379 2477 2552 2558 ἔχωσι
2605 2477 2824 2558 βεϐαίαν
2876 2490 2976 2553 την
3037 2483 3145 2539 ἀπὸ
3197 2490 3300 2554 τῆς
3359 2483 3652 2561 παρούσης
3707 2503 3868 2556 νομο-

2214 2570 2389 2636 θεσίας
2426 2573 2684 2647 βοήθειαν
2712 2571 2848 2647 πρὸς
2878 2572 2975 2641 τὴν
3003 2576 3112 2626 τῶν
3147 2569 3300 2628 ἰδίων
3336 2572 3640 2646 ἀνάληψιν.

455 2693 670 2736 norum
700 2693 771 2731 χι,
803 2680 1036 2743 tempus
1066 2669 1342 2740 abrogat:
1373 2671 1439 2720 ut
1466 2665 1566 2720 ubi
1600 2668 1872 2736 potentes
1903 2663 2082 2718 etiam
2140 2662 2252 2718 hoc
2301 2663 2656 2736 intelligent,
2714 2663 3122 2720 haereditatem
3154 2665 3460 2736 ejusmodi
3517 2664 3726 2720 liberis
3757 2661 3872 2718 suis

458 2785 581 2826 non
611 2765 961 2834 relinquant
992 2778 1006 2826 ;
1037 2764 1095 2814 et
1114 2773 1428 2830 pauperes,
1461 2755 1509 2809 si
1535 2754 1712 2810 rebus
1743 2753 1866 2808 suis
1897 2752 2251 2824 spolientur,
2297 2770 2417 2810 non
2449 2752 2766 2825 desperent
2798 2770 2811 2820 ;
2841 2753 2946 2810 sed
2967 2753 3042 2809 ad
3072 2771 3316 2810 suorum
3351 2753 3869 2826 recuperationem

461 2874 532 2913 ex
559 2858 685 2928 lege
717 2850 997 2926 praasenti
1030 2849 1270 2902 ﬁrmum
1295 2843 1581 2899 auxilium
1612 2841 1887 2896 habeant.

533 2951 590 3003 2.
658 2947 735 3000 De
789 2943 985 3010 ﬁnium
1036 2940 1148 2992 sive
1205 2936 1559 2990 terminorum
1627 2932 2102 3001 descﬁptionibus.

461 3072 529 3084 ..-
559 3037 707 3104 Quia
729 3048 864 3088 vero
895 3031 956 3084 in
991 3027 1199 3083 [inium
1221 3022 1739 3095 descriptionibus,
1774 3038 1904 3092 qua)
1925 3021 2106 3076 bullis

459 3127 661 3188 aureis
691 3116 1236 3187 inferuntur,etiam
1251 3113 1439 3170 multa
1456 3127 1781 3184 pauperum
1805 3110 1935 3167 loca
1949 3127 2107 3166 com-

2291 2930 2357 3004 β’.
2420 2930 2547 3006 Περὶ
2605 2934 2714 2985 τῶν
2760 2934 3154 3005 περιορισμῶν.
3197 2962 3264 2973 -
3324 2930 3486 2988 Ἐπεὶ
3550 2928 3609 2986 δὲ
3659 2929 3749 2984 καὶ
3805 2925 3874 2987 εἷς

2215 3017 2344 3080 τοὺς
2398 3018 2790 3095 περιορισμοὺς
2844 3024 2954 3075 τῶν
3016 3015 3490 3095 χρυσοϐουλλίων
3546 3019 3877 3096 εὑρίσκονται

2213 3107 2372 3164 τόποι
2402 3107 2608 3165 πολλοὶ
2631 3111 2879 3180 πενήτων
2933 3104 3634 3184 συμπεριλαμϐανόμενοι,
3667 3108 3728 3163 οὐ
3779 3108 3878 3180 μὴν

459 3219 759 3294 prehensa
773 3209 1176 3283 reperiuntur,
1208 3210 1385 3276 atque
1444 3203 1622 3258 etiam
1653 3206 1822 3274 prata
1851 3206 1909 3294 et
1936 3199 2103 3294 fundi

2217 3197 2362 3254 ἀλλὰ
2390 3197 2479 3253 καὶ
2515 3196 2772 3274 βασιλικᾶ
2829 3193 3072 3270 λιϐάδια,
3128 3199 3217 3254 καὶ
3250 3199 3329 3261 ὡς
3395 3199 3462 3256 ἐκ
3490 3198 3695 3256 τούτου
3725 3199 3778 3253 οἱ
3824 3195 3886 3250 τὰ

459 3291 846 3383 augustales;
877 3305 936 3356 et
964 3297 1103 3354 inde
1134 3296 1234 3368 qui
1268 3294 1463 3350 bullas
1521 3309 1732 3349 aureas
1784 3291 2104 3383 accipiunt,

461 3403 511 3474 ej
524 3380 762 3457 usmodi
785 3395 916 3449 loca
947 3406 1053 3462 per
1083 3387 1460 3444 occasionem
1493 3383 1632 3439 talis
1655 3383 1864 3438 [inium
1891 3380 2116 3436 descri-

462 3471 687 3564 ptionis
718 3481 1047 3558 possident,
1097 3475 1434 3549 cujusmodi
1488 3473 1773 3545 pleraque
1819 3471 2112 3564 majestas

463 3560 670 3635 nostra
700 3568 1116 3644 deprehendit,
1147 3567 1208 3621 in
1239 3565 1478 3620 Oriente
1510 3560 1943 3634 propemodum
1967 3566 2111 3629 toto,

465 3675 527 3725 et
555 3669 614 3722 in
648 3663 968 3720 Occidente
1000 3658 1299 3722 universo,
1327 3670 1461 3710 cum
1521 3653 1645 3707 illic
1677 3652 1736 3706 in
1787 3651 2116 3723 expeditio-

467 3757 648 3813 nibus
681 3753 1187 3807 commoraretur:
1221 3743 1441 3799 idcirco
1494 3741 1756 3808 mandat,
1807 3746 1873 3797 ut
1905 3741 2114 3797 ﬁnium

467 3841 903 3910 descriptiones
920 3833 1210 3906 ejusmodi
1241 3832 1392 3886 nihil
1415 3830 1659 3885 omnino
1673 3830 2117 3897 valeant,necut

475 3928 718 4000 aliquod
742 3925 878 3982 inde
904 3925 1006 3996 jus
1035 3921 1313 3983 habeant,
1346 3918 1644 3973 incidente
1695 3919 2112 3986 controversia,

475 4019 576 4093 qui
608 4035 707 4074 eas
737 4013 1090 4089 producunt.
1124 4011 1238 4064 Nec
1270 4008 1428 4062 enim
1461 4005 1609 4061 tales
1641 4006 1851 4061 finium
1892 4005 2114 4062 descri-

471 4110 705 4184 ptiones
733 4107 816 4162 sic
845 4101 1200 4174 amajestate
1222 4115 1350 4153 mea
1377 4096 1722 4168 ﬂunt,quasi
1738 4095 1972 4167 plenam
1987 4095 2116 4168 ipsa

469 4198 918 4274 perceptionem
949 4206 1152 4247 earum
1185 4191 1523 4254 consecuta,
1551 4190 1708 4241 ratas
1739 4185 1872 4240 illas
1904 4191 1962 4240 et
1989 4185 2110 4241 im-

469 4286 791 4348 mutabiles
815 4281 1148 4340 existimet:
1184 4276 1288 4332 sed
1319 4282 1385 4332 ut
1413 4276 1626 4331 factam
1660 4275 1721 4329 in
1753 4291 1933 4330 aurea
1947 4274 2113 4331 bulla

468 4378 852 4436 donationem
875 4371 1154 4443 majestas
1184 4383 1317 4422 mea
1346 4365 1538 4421 eidem
1561 4364 1877 4430 inserit,ita
1901 4364 2110 4420 finium

466 4463 1052 4536 circumscriptiones
1079 4458 1151 4514 ab
1171 4457 1302 4512 aliis
1320 4453 1968 4527 proficiscentesﬁdem
1983 4453 2111 4524 ple-

467 4577 633 4623 nam,
666 4562 724 4611 et
759 4551 1160 4616 securitatem,
1195 4551 1253 4602 et
1284 4545 1646 4610 ﬁrmitatem,
1696 4548 1978 4613 tanquam
2036 4542 2108 4598 ab

469 4663 664 4704 aureae
692 4644 869 4698 bullae
916 4642 996 4708 vi,
1027 4638 1155 4710 pari
1187 4635 1363 4693 modo
1395 4633 1614 4690 habere
1643 4637 1965 4703 nequeunt.

2221 3284 2613 3364 χρυσὸὄουλλα
2644 3284 3043 3362 λαμϐάνοντες,
3074 3290 3369 3353 τοιούτους
3423 3290 3638 3353 τόπους
3669 3289 3729 3344 ἐκ
3754 3307 3885 3363 προ-

2221 3381 2433 3453 φάσεως
2487 3383 2584 3435 τοῦ
2666 3384 3034 3456 περιορισμοῦ
3109 3379 3477 3455 κατέχουσιν,
3568 3384 3663 3438 οἷα
3715 3375 3893 3435 πολλὰ

2221 3469 2368 3539 εὗρεν
2401 3470 2436 3538 ἡ
2475 3467 2725 3544 βασιλεία
2755 3471 2918 3542 ἡμῶν
2965 3462 3043 3532 εἶξ
3096 3489 3155 3524 τε
3189 3470 3290 3538 τήν
3323 3469 3650 3540 Ἀνατοληι
3685 3465 3893 3534 σχεδὸν,

2221 3556 2311 3614 καὶ
2345 3557 2420 3620 εἷς
2462 3563 2628 3613 πᾶσαν
2684 3559 2787 3628 τὴν
2845 3557 3024 3628 Δύσιν,
3084 3557 3137 3612 ἐν
3190 3563 3314 3620 καῖς
3377 3559 3757 3635 ἐκστρατείαις
3785 3553 3896 3611 δια-

2219 3641 2502 3722 τρίϐουσαν
2561 3645 3011 3724 παρακελεύεται,
3069 3651 3168 3701 τοῦ
3229 3646 3418 3718 μηδὲν
3483 3649 3640 3711 ὅλως
3697 3647 3896 3721 ἰσχύειν

2220 3737 2348 3799 τοὺς
2383 3737 2670 3799 τοιούτους
2727 3735 3152 3812 περιορισμοὺς,
3217 3734 3371 3809 μηδὲ
3431 3759 3566 3794 τινα
3625 3734 3895 3794 δικαίωσιν

2223 3826 2283 3881 ἐκ
2345 3825 2552 3882 τούτων
2607 3824 2756 3902 ἔχειν
2816 3820 3160 3904 ἀμφιϐολίας
3211 3828 3742 3901 παρεμπιπτούσης
3782 3823 3898 3884 τοὺς

2221 3916 2660 3990 προκομίζόντας
2733 3914 2945 3978 αὐτούς.
3007 3911 3148 3973 Οὐδὲ
3215 3915 3326 3992 γὰρ
3418 3922 3679 3974 τοιοῦτοι
3753 3932 3896 3989 περι·

2223 4006 2446 4081 ορισμοὶ
2505 4006 2650 4082 παρὰ
2704 4011 2806 4075 τῆς
2865 4001 3142 4080 βασιλείας
3175 4025 3283 4077 μου
3348 4007 3640 4081 γίνονται,
3675 4009 3766 4062 ἳνα
3819 4024 3898 4059 τε·

2223 4095 2372 4149 Λείαν
2413 4090 2619 4150 ἔχουσα
2673 4095 2772 4163 τήν
2811 4093 3016 4150 τούτων
3075 4094 3427 4168 κατάληψιν,
3495 4094 3760 4173 βεϐαίους
3807 4093 3899 4149 αὐ·

2218 4183 2346 4246 τοὺς
2377 4185 2466 4239 καὶ
2518 4179 2935 4257 ἀμεταϐλήτους
2983 4185 3212 4258 ἡγῆται,
3267 4183 3436 4241 ἀλλὰ
3497 4189 3606 4257 τήν
3677 4186 3765 4241 ἐπὶ
3811 4186 3902 4240 τοῦ

2219 4269 2667 4349 χρυσοϐουλλίου
2700 4272 2904 4348 δωρεὰν
2935 4276 2970 4344 ἡ
3017 4271 3267 4349 βασιλεία
3303 4296 3422 4348 μου
3489 4276 3796 4348 ἐντίθησιν·
3852 4272 3900 4326 οἱ

2220 4362 2277 4419 δὲ
2306 4363 2655 4438 περιορισμοῖ
2685 4369 2810 4439 παρ’
2857 4362 3054 4438 ἑτέρων
3108 4362 3402 4438 γινόμενοι
3467 4368 3538 4423 τὸ
3602 4366 3908 4440 ἀξιόπιστον

2216 4450 2308 4506 καὶ
2337 4449 2574 4527 ἀσφαλὲς
2599 4451 2687 4506 καὶ
2724 4445 2942 4526 βέϐαιον
2975 4451 3050 4514 ὡς
3097 4450 3204 4505 ὰπὸ
3233 4458 3344 4522 τῆς
3379 4459 3491 4509 τοῦ
3548 4448 3906 4529 χρυσοϐουλ-

2221 4539 2344 4596 λίου
2376 4537 2656 4614 δυνάμεως
2687 4539 2831 4616 ἔχειν
2855 4541 2993 4603 ἳσως
3037 4540 3099 4596 οὐ
3131 4537 3424 4602 δύνανται.

2297 4722 2356 4796 γ’.
2390 4719 2522 4797 Περί
2578 4725 2688 4777 τῶν
2748 4721 3150 4797 μοναστηρίων.
3181 4755 3249 4766 -
3283 4723 3460 4781 Ἐπεὶ
3527 4724 3593 4783 δὲ
3652 4724 3747 4782 καὶ
3775 4721 3915 4798 παρὰ

2216 4809 2432 4865 πάντων
2464 4808 2659 4884 σχεδὸν
2711 4809 2881 4865 εἷπεῖν
2933 4816 3041 4866 τῶν
3070 4811 3324 4884 θεμάτων
3395 4816 3648 4886 ἐκινήθη
3683 4815 3910 4870 ἇνώπιον

2212 4907 2314 4970 τῆς
2350 4897 2628 4976 βασιλείας
2661 4902 2842 4973 ἡμῶν,
2901 4900 2984 4954 ὅτι
3033 4899 3220 4956 πολλὰ
3276 4906 3400 4958 τῶν
3465 4905 3714 4982 χωρίων
3767 4900 3911 4980 εὑρί-

2211 5010 2434 5046 σκονται
2471 4987 2826 5064 βλαπτόμενά
2854 5008 2913 5044 τε
2941 4988 3031 5044 καὶ
3063 4985 3440 5062 ἀδικούμενα,
3495 4997 3632 5050 τινὰ
3664 4992 3724 5049 δὲ
3781 4994 3912 5066 ἀφα-

2210 5081 2470 5153 νιζόμενα
2521 5081 2648 5154 παρ’
2707 5077 2898 5154 ὀλίγον
2950 5077 3058 5134 ἀπὸ
3111 5083 3211 5145 τῆς
3298 5085 3424 5135 τῶν
3519 5081 3912 5160 μοναστηρίων

2211 5169 2489 5246 ἀφορμῆς.
2551 5167 2865 5242 Εὐρίσκεται
2923 5168 3024 5243 γὰρ
3079 5168 3157 5230 εἰς
3212 5168 3427 5226 πολλὰ
3479 5179 3604 5230 τῶν
3661 5173 3912 5250 χωρίων,

2213 5258 2297 5315 ὅτι
2329 5256 2551 5328 ἐποίησὲ
2577 5277 2660 5320 τις
2693 5258 2943 5332 χωρίτης
2968 5255 3260 5326 ἐκκλησίαν
3308 5257 3399 5322 εἷς
3463 5263 3570 5318 τὸν
3621 5260 3777 5318 ’ἰδιον
3831 5259 3917 5316 τό-

2212 5369 2338 5417 πον,
2367 5346 2455 5402 καὶ
2484 5345 2720 5422 ἀφώρισε
2749 5346 2934 5420 ταύμῃ
2966 5346 3067 5415 τήν
3101 5342 3241 5400 ἰδίαν
3305 5354 3568 5422 μοῖραν,
3637 5350 3915 5429 βουλομὲο

2210 5460 2318 5493 νων
2349 5438 2572 5492 καὶτῶν
2635 5435 2993 5510 συγχωριτῶν
3046 5434 3230 5490 αὐτοῦ.
3300 5437 3593 5514 Ἐγένετο
3657 5439 3718 5497 δὲ
3757 5438 3915 5498 αὐτὸς

2211 5525 2664 5601 καλόγηρος,καὶ
2705 5523 2918 5588 ἐκάθισε
2973 5523 3024 5578 ἐν
3084 5523 3220 5598 αὐτῇ
3269 5520 3396 5590 ἕως
3464 5529 3599 5601 ἔζη,
3657 5533 3924 5601 Ἐποίησε

2213 5612 2272 5669 δὲ
2302 5614 2436 5670 αὐτὸ
2487 5615 2625 5686 [καὶ]
2679 5610 2850 5676 ἄλλος
2904 5611 3177 5688 χωρίτης,
3233 5614 3340 5666 καὶ
3413 5612 3626 5696 ἔτερος
3685 5619 3921 5696 ὁμοίως.

540 4739 591 4792 3.
626 4737 698 4791 De
726 4733 1088 4789 monasteriis.
1136 4759 1205 4770 —
1265 4726 1554 4792 Quoniam
1601 4740 1738 4778 vero
1791 4739 2109 4794 propemo-

470 4825 612 4881 dum
647 4822 718 4877 ab
746 4821 1062 4888 universis,
1094 4821 1160 4872 ut
1189 4817 1270 4871 ita
1302 4815 1516 4882 dicam,
1565 4811 1882 4885 provinciis
1906 4827 2106 4866 coram

467 4914 780 4986 majestate
812 4915 1016 4965 nostra
1045 4907 1161 4962 tale
1203 4904 1484 4975 quiddam
1531 4907 1756 4956 motum
1803 4906 1912 4967 est,
1947 4900 2106 4970 quod

463 5003 751 5077 pleraque
781 4997 1003 5071 praedia
1034 4996 1318 5052 damnum
1340 4997 1400 5046 et
1419 4991 1698 5061 injuriam
1721 4990 1987 5060 accipere
2009 4988 2106 5044 de-

464 5083 1236 5166 prehendantur,nonnulla
1258 5097 1493 5154 quoque
1524 5097 1732 5151 parum
1765 5078 1932 5134 abest
1956 5095 2106 5151 quo-

463 5182 666 5240 minus
697 5180 760 5236 in
792 5177 1046 5234 nihilum
1071 5175 1418 5247 redigantur
1453 5188 1558 5243 per
1587 5171 1959 5227 occasionem
1976 5187 2103 5227 mo-

461 5271 883 5329 nasteriorum.
916 5268 1061 5322 Nam
1101 5265 1162 5318 in
1190 5261 1428 5334 prtediis
1459 5261 1757 5331 plerisque
1787 5260 2100 5330 reperitur,

462 5362 621 5436 quod
649 5359 804 5416 villm
835 5370 1144 5429 possessor
1172 5351 1390 5420 aliquis
1423 5348 1733 5404 ecclesiam
1766 5347 1827 5402 in
1850 5347 1978 5404 loco
1996 5364 2102 5404 suo

461 5450 812 5519 construxit,
845 5447 1018 5516 eique
1076 5447 1308 5514 partem
1356 5455 1523 5493 suam
1556 5436 1867 5507 dedicavit,
1899 5453 2101 5493 assen-

458 5541 744 5598 tientibus
771 5537 857 5591 illi
890 5529 1264 5589 consortibus
1304 5527 1366 5581 in
1421 5525 1644 5596 praedio
1676 5524 1925 5580 czeteris.
1957 5525 2102 5582 Inde

460 5631 769 5701 calogerus
789 5627 901 5695 (tO)
929 5623 1054 5692 ipse
1078 5619 1268 5674 factus
1301 5620 1406 5682 est,
1442 5620 1500 5669 et
1529 5614 1590 5667 in
1615 5629 1682 5668 ea
1703 5612 1876 5686 sedit,
1892 5631 2099 5686 quam-

527 5755 640 5827 (10)
671 5748 991 5808 Monachus
1009 5745 1082 5803 ab
1107 5747 1277 5800 astate
1309 5738 1666 5810 veneranda,
1700 5740 1868 5812 quasi
1900 5739 2094 5796 bonus
2122 5756 2322 5797 senex.
