4084 6202
282 434 406 494 625

1426 431 1813 492 NOVELL/E
1858 431 2562 498 CONSTITUTIONES.

3582 438 3705 502 626

286 568 390 621 Καὶ
424 565 667 640 ἐγένοντο
721 561 818 618 δύο
876 564 968 619 καὶ
1023 567 1170 637 τρεῖς
1223 560 1552 639 καλόγηροι.
1599 564 1733 621 Εἶτα
1760 562 1948 620 τελευ-

2063 567 2164 622 diu
2193 569 2353 625 vixit.
2405 569 2568 626 Idem
2621 575 2678 625 et
2719 570 2871 625 alius
2910 570 3063 625 villae
3112 588 3423 642 possessor
3452 573 3616 637 fecit,
3650 577 3710 628 et

283 656 569 727 στησάντων
618 654 821 726 αὐτῶν,
871 654 1135 730 ἐκράτησε
1180 654 1279 722 τήν
1334 652 1625 724 ἐκκλησίαν
1660 655 1688 709 ὁ
1719 653 1807 709 ἐπὶ
1853 658 1952 711 τοῦ

284 746 464 802 τόπου
502 746 926 820 μητροπολίτης
972 745 1184 821 τυχὼν,
1229 744 1264 813 ἢ
1316 744 1631 814 ἐπισκοπος,
1677 745 1766 801 καὶ
1800 742 1949 800 ἴδιο-

288 838 569 907 ποιήσατο
624 837 853 905 ταύτην,
911 833 1000 889 καὶ
1080 832 1332 907 ὠνόμασε
1398 836 1786 909 μοναστγςριον.
1844 834 1951 891 Καὶ

290 926 403 1001 [καὶ
466 926 603 997 εἶτα]
657 923 742 979 ὅτι
798 923 863 978 τὰ
920 924 1013 997 μὲν
1072 927 1180 979 τῶν
1237 923 1505 979 τοιούτων
1568 922 1950 997 μοναστηρίωθ

291 1014 449 1070 αὐτοὶ
479 1015 677 1069 ἐκεῖνοι
724 1017 1048 1088 κρατοῦντες
1101 1013 1153 1068 οἱ
1208 1010 1617 1089 μητροπολῖται
1665 1010 1700 1082 ἤ
1734 1011 1951 1067 ἐπίσκο-

289 1125 406 1172 ποι,
442 1105 508 1158 τά
541 1101 599 1158 δὲ
638 1104 774 1157 κατὰ
834 1100 1038 1176 δωρεάν
1078 1123 1187 1157 τισι
1243 1098 1508 1172 διδόντες,
1564 1100 1950 1157 πλεονεκτοῦσι

287 1194 355 1250 τά
386 1193 592 1268 χωρία,
620 1192 711 1248 καὶ
770 1189 1044 1261 ἀδικοῦσι,
1101 1193 1187 1246 καὶ
1248 1190 1640 1269 ἐξαλείφουσιν.
1674 1192 1822 1248 Ἐπεὶ
1858 1189 1948 1246 οὖν

287 1284 482 1341 πολλὰ
525 1289 753 1339 τοιαῦτα
797 1284 903 1358 πρὸ
945 1286 1044 1337 τοῦ
1092 1283 1340 1357 βήματος
1389 1285 1551 1354 ἡμῶν
1602 1282 1948 1367 ἐκινήθησαν,

288 1372 587 1446 κελεύομεν
636 1372 737 1427 ’ὀσα
778 1376 1006 1427 τοιαῦτα
1051 1371 1143 1426 καὶ
1191 1370 1334 1426 οὕτω
1382 1369 1651 1447 γενόμενα
1688 1371 1951 1446 εὐκτήρια

287 1461 657 1537 εύρίσκονται,
703 1464 821 1523 τοῖς
866 1459 1087 1531 πένησιν
1139 1460 1226 1514 ἵνα
1271 1458 1641 1536 παρὲχωνται“
1673 1460 1737 1514 τὸ
1768 1456 1826 1514 δὲ
1848 1460 1948 1529 τῆς

292 1548 722 1629 μητροπόλεως,
770 1547 807 1619 ἤ
855 1556 955 1620 τῆς
1019 1548 1319 1619 ἐπισκοπῆς
1376 1548 1558 1623 μέρος,
1613 1546 1812 1613 ἐκεῖθεν
1859 1569 1948 1603 τε·

289 1640 463 1703 λείως
494 1637 854 1712 ἐκϐάλληται.
915 1640 976 1697 Εἰ
1037 1637 1095 1696 δὲ
1149 1639 1239 1695 καὶ
1297 1640 1614 1716 προσώποις
1644 1640 1782 1695 τισὶν
1812 1636 1947 1694 ἐδω-

290 1734 533 1808 ρήσαντο
576 1731 745 1786 ταῦτα
795 1732 847 1785 οἱ
900 1727 1333 1806 μητροπολῖται,
1365 1731 1399 1800 ἢ
1434 1730 1486 1784 οἱ
1518 1727 1827 1799 ἐπίσκοποι,
1854 1727 1945 1783 ’ἶνα

287 1821 382 1876 καὶ
438 1821 509 1875 τά
552 1824 777 1875 τοιαῦτα
834 1820 1100 1893 πρόσωπα
1158 1818 1356 1873 ἐκεῖθεν
1423 1815 1865 1888 ἀποδιώκωνται,
1897 1818 1943 1873 εἶ

285 1911 382 1966 καὶ
414 1910 560 1985 τάχα
589 1909 764 1965 πολὺν
797 1905 983 1984 ἔχουσι
1018 1906 1218 1983 χρόνον
1266 1909 1365 1977 τήν
1399 1904 1709 1963 δεσποτείαν
1741 1906 1939 1966 αὐτῶν,

286 1998 460 2058 Ούδὶν
491 2003 591 2074 γάρ
660 1999 867 2074 ἰσχύειν
926 1998 1002 2060 εἰς
1057 2002 1227 2054 ταῦτα
1280 1997 1372 2053 τὸν
1423 1996 1624 2072 χρόνον
1661 1995 1942 2070 ὁρίζομεν,

288 2088 419 2146 ἀλλ’
452 2092 529 2153 ὡς
581 2089 792 2165 εἷ’ρηται
836 2086 1339 2165 παρακελευόμεθα,
1368 2088 1460 2142 ἳνα
1499 2090 1566 2142 τὰ
1619 2088 1713 2159 μὲν
1748 2089 1944 2158 εύκτή-

288 2202 382 2256 ρια
412 2186 529 2241 τοῖς
586 2180 849 2256 χωρίταις
905 2179 1398 2249 ἀποκαθιστῶνται,
1454 2178 1546 2233 καὶ
1603 2178 1704 2231 ὦσι
1745 2176 1836 2232 καὶ
1868 2176 1946 2241 εἷς

284 2271 353 2325 τὸ
382 2270 503 2341 ἑξῆς
537 2270 816 2343 εὖκτήρια,
847 2267 973 2325 ἀλλ’
1023 2268 1124 2323 ὑπὸ
1175 2269 1243 2322 τὰ
1289 2266 1490 2342 χωρία’
1524 2266 1613 2321 καὶ
1640 2265 1944 2342 καλόγηροι

287 2358 346 2414 ἐν
379 2358 564 2419 αὐτοῖς
597 2357 941 2434 ὑπάρχωσιν,
1000 2356 1118 2412 ὅσοι
1177 2357 1267 2412 καὶ
1324 2357 1516 2431 πρώην
1570 2356 1845 2430 ὑπῆρχον.
1878 2357 1946 2413 Οἱ

290 2445 353 2502 δὲ
382 2446 810 2521 μητροπολῖται,
860 2448 896 2517 ἢ
957 2446 1265 2516 ἐπισκοποι,
1329 2441 1500 2518 μόνην
1540 2446 1639 2513 τὴν
1672 2443 1943 2519 ἀναφορὰν

291 2538 347 2593 ἐν
371 2537 579 2608 αὐτοῖς,
611 2538 701 2591 καὶ
731 2537 830 2606 τὴν
864 2533 1151 2612 σφραγῖδα,
1208 2534 1298 2589 καὶ
1352 2536 1451 2603 τήν
1515 2531 1806 2608 διόρθωσιν
1835 2536 1945 2588 τῶν

296 2625 431 2688 ἴσως
488 2628 792 2701 γινομένων
851 2623 1183 2703 σφαλμάτων
1250 2625 1397 2700 παρὰ
1449 2627 1558 2678 τῶν
1616 2622 1944 2699 καλογτξρων

292 2715 491 2792 ἔχωσι·
518 2716 608 2771 καὶ
644 2717 782 2789 μήτε
824 2718 1132 2787 συνήθειαν,
1187 2716 1325 2788 μήτε
1352 2735 1405 2769 τι
1436 2714 1683 2768 ὁπωσοῦν
1715 2711 1857 2768 ἄλλο
1888 2712 1948 2767 ἐκ

288 2805 501 2863 τούτων
535 2800 913 2879 λαμϐάνωσιν,
959 2806 1032 2866 ὡς
1081 2802 1238 2874 δῆθεν
1272 2805 1379 2858 απὸ
1414 2802 1803 2877 μοναστηρίου.
1833 2803 1950 2859 Ἵνα

291 2897 353 2954 δὲ
409 2896 810 2972 ἀναγκάζωνται
858 2898 927 2951 τὰ
977 2901 1203 2952 τοιαῦτα
1273 2894 1455 2971 χωρία
1510 2890 1655 2970 ἔχειν
1716 2893 1766 2948 ἐν
1826 2897 1947 2955 τοῖς

289 2985 623 3058 δηλωθεῖσιν
679 2986 985 3063 εὖκτηρίοις
1046 2987 1413 3062 καλογήρους,
1470 2984 1587 3040 ὅσοι
1630 2982 1948 3058 καὶπρότε-

288 3098 391 3154 ρον
424 3076 478 3131 ἐν
531 3076 715 3140 αὐτοῖς
759 3076 921 3146 ἦσαν.
982 3074 1047 3132 Εἴ
1108 3074 1168 3131 δὲ
1231 3073 1310 3139 εἷς
1364 3096 1487 3132 τινα
1512 3078 1618 3129 τῶν
1652 3074 1826 3129 αὑτῶν
1862 3071 1949 3128 εὖ·

285 3169 535 3244 κτηρίων
586 3167 851 3240 σολὲμνια
898 3168 1046 3243 παρᾶ
1097 3165 1366 3243 βασιλέως
1412 3168 1448 3237 ἢ
1501 3163 1777 3244 φωταψίαι
1810 3166 1947 3239 [φω-

290 3258 509 3332 θαψίαι]
565 3259 874 3334 γεγόνασιν,
928 3256 1119 3333 ἔχουσι
1178 3255 1235 3312 δὲ
1284 3258 1351 3312 τὰ
1406 3260 1631 3312 τοιαῦτα
1688 3255 1948 3329 εὐκτήρια

286 3347 381 3403 καὶ
413 3348 743 3420 καθίσματα,
789 3346 838 3401 εἴ
881 3344 1027 3421 τάχα
1070 3346 1161 3402 καὶ
1216 3343 1424 3402 δίκαιον
1458 3347 1560 3402 οὐκ
1609 3340 1777 3416 ἔστιν,
1818 3341 1946 3400 ἀλλ’
1986 3333 2029 3401 C

290 3435 386 3493 οὖν
471 3436 586 3491 ἐπεὶ
662 3435 922 3510 προνοίας
995 3433 1286 3512 βασιλικῆς
1346 3434 1574 3514 ἔφθασαν
1632 3435 1952 3507 ἀξιωθῆναι,

295 3527 388 3582 ἵνα
420 3524 717 3600 διαμένωσι
748 3528 838 3582 καὶ
887 3526 964 3591 εἷς
1012 3528 1074 3582 τὸ
1124 3527 1265 3599 ἑξῆς,
1316 3524 1421 3583 εἴτε
1453 3527 1559 3583 ὐπὸ
1594 3526 1949 3603 μητροπολι-

293 3621 431 3686 τῶν,
461 3616 565 3673 εἲτε
621 3617 724 3671 ὑπὸ
782 3615 1119 3690 ἐπισκόπων,
1182 3618 1265 3673 ὑφ’
1323 3618 1396 3671 ὧν
1463 3617 1573 3695 [ὑφ’
1617 3615 1709 3690 ἤν]
1740 3617 1829 3672 καὶ
1860 3622 1948 3673 νῦν

296 3707 459 3777 εἰσὶν,
492 3704 691 3782 ἔχοντα
745 3706 836 3761 καὶ
894 3705 1062 3762 πάλιν
1120 3706 1190 3762 τὰ
1245 3706 1379 3762 αὐτὰ
1432 3706 1763 3780 καηθίσματα,
1801 3706 1949 3776 πλὴν

283 3797 381 3851 ’ίνα
439 3797 515 3868 μὴ
574 3795 1044 3871 παραπέμπωνται
1119 3795 1197 3859 εἷς
1270 3792 1426 3872 ἕτερα
1499 3795 1787 3873 πρόσωπα.
1856 3796 1954 3852 Διὰ

287 3891 456 3942 τοῦτο
485 3886 588 3961 γὰρ
621 3888 655 3956 ἡ
692 3884 943 3962 βασιλεία
988 3889 1149 3959 ἡμῶν
1192 3884 1316 3943 οὐδὲ
1366 3890 1706 3963 μοναστήρια
1748 3889 1954 3963 ὀνομά-

293 3982 374 4046 ζει
434 3974 587 4045 αὐτά,
649 3974 774 4031 ἀλλ’
824 3974 1083 4051 εὖκτήρια
1138 3979 1235 4031 τοῦ
1305 3976 1537 4051 χωρίου,
1598 3976 1801 4052 ἔχοντα
1856 3979 1950 4050 (ὡς

292 4061 534 4139 εἴρηται)
588 4065 679 4119 καὶ
736 4063 1103 4141 καλογήρους.
1162 4066 1303 4122 Ὅσα
1360 4062 1417 4120 δὲ
1466 4064 1631 4121 πάλιν
1685 4066 1791 4121 ἀπὸ
1835 4088 1955 4142 χω-

294 4152 431 4228 ρίων
485 4154 574 4207 καὶ
628 4152 884 4208 τοιούτου
940 4155 1146 4229 τρόπου
1206 4154 1529 4225 συνέστησαν
1590 4156 1953 4228 μοναστήρια,

290 4240 521 4319 ἔφθαζον
557 4240 614 4298 δὲ
642 4241 848 4298 πολλοὶ
902 4246 1010 4298 τῶν
1070 4241 1486 4315 πλησιαζόντων
1519 4243 1571 4299 ἐν
1605 4242 1787 4306 αὐτοῖς
1818 4246 1955 4299 ἀποο

287 4338 546 4405 καρῆναι,
625 4333 900 4410 ἆφώρισάν
980 4354 1039 4388 τε
1113 4334 1201 4388 καὶ
1260 4332 1354 4395 τὰς
1414 4331 1553 4395 ἳδίας
1636 4332 1958 4413 ὑποστάσεις

289 4421 425 4492 ἐκεῖ,
457 4422 546 4477 καὶ
606 4423 858 4497 γεγόνασι
922 4421 1056 4496 μετᾶ
1111 4427 1278 4477 ταῦτα
1337 4422 1572 4500 μεγάλα,
1616 4423 1706 4479 καὶ
1739 4423 1871 4479 εἰσὶν
1905 4423 1958 4479 ἐν

293 4512 484 4573 αὐτοίς
514 4511 613 4566 ἆνᾶ
675 4513 745 4583 η’,
804 4511 840 4581 ἢ
902 4519 952 4583 ι’,
1009 4511 1045 4580 ἢ
1103 4511 1347 4568 ἐπέκεινα
1403 4512 1735 4588 καλόγηροι,
1782 4512 1829 4568 εἴ
1865 4507 1955 4568 καὶ

286 4603 437 4676 τάχα
486 4599 692 4657 δίκαιον
750 4604 853 4657 οὐκ
911 4599 1074 4672 ἔστιν,
1140 4601 1267 4658 ἀλλ’
1327 4603 1421 4659 οὗν
1480 4601 1834 4677 εὐδοκοῦμεν,
1864 4606 1956 4659 ἳνα

2060 674 2296 714 rursum
2328 659 2482 715 alius
2514 659 2808 726 similiter,
2858 660 2939 713 ita
2973 660 3237 730 quidem,
3270 667 3336 716 ut
3366 662 3481 717 duo
3516 668 3703 718 tresve

2062 748 2317 821 calogeri
2345 752 2575 806 ﬁerent.
2602 751 2749 804 Hinc
2771 749 3065 804 defunctis
3088 750 3505 820 istis,obtinuit
3534 753 3701 808 illam

2060 838 2374 894 ecclesiam
2404 839 2517 894 loci
2548 839 2698 894 forte
2730 838 3125 909 metropolita,
3153 839 3241 894 vel
3276 841 3609 911 episcopus,
3644 847 3702 895 et

2060 928 2151 981 sui
2193 928 2348 998 juris
2380 945 2509 983 eam
2563 929 2721 996 fecit,
2778 944 2845 982 ac
2897 930 3325 985 monasterium
3355 931 3700 985 nominavit.

2056 1015 2198 1071 Inde
2215 1017 2418 1072 talium
2434 1020 2714 1090 pleraque
2740 1017 3205 1074 monasteriorum
3221 1020 3306 1074 illi
3326 1020 3435 1092 ipsi
3450 1019 3707 1074 retinen-

2059 1111 2147 1161 tes
2181 1108 2594 1179 metropolitse,
2636 1110 2727 1164 vel
2760 1108 3040 1180 episcopi,
3090 1110 3372 1181 pleraque
3402 1126 3537 1163 vero
3570 1109 3705 1180 qui-

2059 1194 2309 1252 busdam
2349 1214 2454 1269 per
2506 1198 2888 1254 donationem
2947 1198 3342 1254 concedentes
3384 1199 3704 1254 fundorum

2058 1287 2346 1358 majorem
2378 1293 2608 1359 partem
2632 1305 2738 1359 pro
2761 1304 2822 1342 se
2840 1288 3173 1359 rapiunt,et
3196 1288 3431 1359 injuriis
3460 1293 3708 1360 gravant

2058 1381 2117 1432 et
2143 1377 2404 1433 abolent.
2439 1379 2729 1443 Quoniam
2752 1378 2930 1450 igitur
2960 1378 3269 1447 complura
3299 1378 3440 1433 talia
3470 1395 3575 1449 pro
3598 1378 3702 1431 tri-

2056 1466 2261 1521 bunali
2294 1473 2495 1522 nostro
2522 1472 2684 1522 mota
2707 1471 2865 1530 sunt,
2900 1466 3253 1521 mandamus
3276 1484 3288 1533 ;
3316 1471 3383 1521 ut
3411 1484 3701 1538 quaecun-

2058 1573 2172 1627 que
2204 1557 2365 1624 talia,
2389 1558 2611 1628 talique
2636 1556 2810 1612 modo
2831 1556 2986 1611 facta
3015 1557 3390 1627 repetiuntur
3417 1558 3698 1624 oratoria,

2055 1646 2417 1717 pauperibus
2474 1647 2902 1713 restituantur;
2936 1650 3120 1716 utque
3153 1645 3551 1717 metrOpoleos
3601 1651 3704 1700 aut

2055 1737 2429 1807 episcopatus
2475 1752 2612 1807 pars
2652 1735 2791 1790 inde
2839 1735 3081 1806 penitur
3121 1735 3413 1806 ejiciatur.
3436 1734 3601 1800 Quod
3651 1735 3701 1789 si

2052 1825 2229 1881 etiam
2249 1825 2754 1897 metropolitagvel
2771 1825 3028 1896 episcopi
3041 1824 3332 1895 ,personis
3346 1824 3701 1895 quibusdam

2051 1915 2176 1971 haec
2190 1915 2489 1971 donarunt
2504 1934 2516 1983 ;
2534 1915 2905 1987 expellantur
2918 1913 3181 1969 indidem
3204 1918 3260 1968 et
3283 1912 3398 1968 illm
3412 1930 3703 1984 personas,

2059 2007 2292 2061 tametsi
2341 2007 2514 2079 longo
2544 2011 2808 2076 tempore
2840 2004 3087 2059 forsitan
3122 2018 3328 2059 eorum
3371 2003 3703 2058 dominium

2056 2096 2333 2151 habeant.
2360 2098 2501 2150 Nam
2524 2097 2585 2149 in
2608 2095 2702 2149 his
2725 2094 3237 2165 praescriptionem
3264 2094 3547 2163 temporis
3572 2092 3706 2147 nul-

2055 2185 2182 2241 lum
2205 2184 2422 2241 habere
2444 2185 2627 2240 robur
2650 2185 2989 2250 statuimus,
3014 2183 3117 2238 sed
3142 2183 3539 2255 praecipimus,
3556 2198 3708 2253 quo-

2056 2275 2443 2331 madmodum
2477 2273 2701 2329 dictum
2728 2278 2837 2342 est,
2869 2277 2935 2327 ut
2979 2272 3237 2327 oratoria
3264 2271 3539 2327 villarum
3569 2288 3708 2343 pos-

2058 2365 2389 2422 sessoribus
2420 2364 2830 2429 restituantur,
2864 2369 3039 2433 atque
3072 2362 3250 2417 etiam
3300 2362 3360 2416 in
3390 2365 3698 2433 posterum

2058 2457 2179 2511 sint
2208 2455 2485 2520 oratoria,
2541 2468 2744 2508 verum
2801 2452 3038 2524 praediis
3095 2451 3334 2507 rusticis
3390 2451 3702 2521 subjecta;

2058 2545 2294 2617 sintque
2320 2545 2381 2598 in
2413 2543 2500 2599 eis
2532 2543 2784 2615 calogeri
2818 2542 3083 2610 totidem,
3142 2546 3287 2611 quot
3327 2540 3504 2595 etiam
3534 2541 3702 2611 prius

2059 2639 2247 2690 erant.
2272 2636 2346 2689 At
2365 2632 2779 2705 metrOpolitze,
2802 2632 2893 2687 vel
2924 2630 3207 2702 episcOpi,
3241 2630 3430 2685 solam
3451 2628 3701 2684 oblatio-

2060 2741 2199 2780 nem
2230 2724 2292 2778 in
2324 2724 2430 2791 eis,
2465 2728 2523 2778 et
2556 2721 2949 2795 signaculum,
2982 2724 3041 2775 et
3078 2719 3509 2775 correctionem
3541 2734 3702 2774 erra-

2059 2820 2277 2882 torum,
2311 2829 2443 2884 quae
2474 2830 2509 2868 a
2561 2812 2847 2883 calogeris
2878 2811 3026 2865 forte
3084 2809 3560 2872 committuntur,
3596 2808 3706 2863 ha-

2060 2904 2281 2959 beant:
2315 2918 2382 2957 ac
2440 2917 2637 2973 neque
2668 2899 3183 2965 consuetudinem,
3244 2914 3439 2969 neque
3472 2897 3707 2969 quidvis

2060 2991 2223 3050 aliud
2242 2991 2534 3063 ejusmodi
2560 3008 2629 3047 ex
2656 2990 2741 3045 eis
2762 2989 3077 3061 accipiant,
3100 2987 3261 3043 velut
3276 3004 3309 3042 a
3323 2988 3707 3043 monasterio.

2061 3085 2357 3155 Cogantur
2384 3086 2583 3137 aumm
2641 3079 2793 3134 villaa
2825 3078 2973 3133 tales
3026 3079 3088 3132 in
3121 3077 3394 3132 oratoriis
3432 3077 3710 3133 indicatis

2060 3172 2279 3228 habere
2330 3175 2417 3225 tot
2464 3169 2789 3241 calogeros,
2823 3172 2967 3239 quot
2994 3167 3161 3238 prius
3190 3166 3253 3219 in
3283 3166 3370 3219 eis
3428 3171 3616 3221 erant.
3650 3166 3708 3220 Si

2057 3277 2191 3316 vero
2222 3260 2285 3314 in
2317 3259 2516 3329 aliquo
2549 3274 2618 3313 ex
2649 3257 2743 3311 his
2771 3256 3045 3311 oratoriis
3075 3254 3147 3309 ab
3198 3255 3556 3324 imperatore
3614 3252 3703 3307 vel

2058 3349 2372 3413 solemnia,
2402 3347 2493 3402 vel
2518 3346 2902 3402 accensiones
2941 3344 3237 3398 luminum
3267 3342 3434 3397 facta)
3465 3341 3602 3406 sint,
3647 3346 3706 3396 et

2059 3440 2354 3495 sessiones
2388 3438 2565 3492 etiam
2596 3435 2853 3491 habeant
2882 3431 3223 3505 hujusmodi
3246 3431 3504 3486 oratoria
3527 3447 3540 3496 ;
3566 3430 3704 3485 licet

2058 3530 2169 3584 hoc
2192 3526 2460 3582 fortassis
2475 3526 2611 3597 jure
2644 3541 2766 3579 non
2786 3523 2911 3591 ﬁat,
2940 3526 3138 3577 tamen
3169 3524 3504 3592 propterea,
3537 3518 3696 3590 quod

2051 3620 2180 3693 jam
2227 3622 2363 3673 ante
2393 3615 2791 3688 provisionem
2839 3611 3207 3683 augustalem
3256 3610 3606 3679 meruerint,
3639 3610 3702 3664 in

2060 3713 2364 3782 posterum
2384 3722 2619 3778 quoque
2633 3702 3173 3776 permaneant,sive
3189 3701 3296 3757 sub
3312 3700 3708 3771 metropolitis

2061 3817 2165 3857 seu
2196 3798 2512 3873 episcOpis,
2547 3796 2653 3853 sub
2686 3796 2901 3868 quibus
2937 3800 2995 3850 et
3024 3793 3199 3849 modo
3232 3797 3390 3858 sunt,
3438 3792 3706 3847 easdem-

2061 3908 2175 3964 que
2208 3891 2378 3946 sedes
2408 3905 2617 3944 rursus
2639 3886 2920 3957 habeant,
2945 3902 3010 3940 eo
3041 3884 3327 3939 nimirum
3360 3888 3708 3953 excepto,ne

2062 3980 2137 4038 ad
2166 3980 2313 4036 alias
2345 3994 2629 4051 personas
2670 3976 3170 4031 transmittantur.
3222 3975 3367 4028 Nam
3398 3977 3712 4044 propterea

2061 4072 2343 4141 majestas
2368 4074 2572 4123 nostra
2602 4082 2676 4121 ne
2726 4064 3089 4121 monasteria
3138 4062 3379 4133 quidem
3427 4079 3496 4116 ea
3524 4066 3710 4126 vocat,

2062 4159 2167 4214 sed
2199 4159 2353 4213 ruris
2402 4156 2692 4223 oratoria;
2725 4155 3029 4226 calogeros
3086 4153 3287 4218 etiam,
3320 4167 3429 4205 ceu
3460 4150 3707 4217 dictum,

2062 4248 2362 4304 habentia.
2409 4247 2806 4315 Quaecumque
2840 4259 2972 4297 vero
3032 4257 3271 4295 rursum
3329 4256 3399 4293 ex
3427 4239 3607 4305 villis,
3653 4244 3712 4292 et

2061 4337 2326 4394 indicato
2349 4334 2524 4390 modo
2547 4335 2701 4388 facta
2724 4337 2862 4387 sunt
2881 4329 3264 4395 monasteria,
3290 4328 3339 4382 si
3370 4326 3708 4396 complures

2064 4445 2134 4485 ex
2155 4425 2500 4496 vicinisjam
2516 4429 2651 4479 ante
2668 4420 2981 4493 contigerit
2996 4419 3057 4473 in
3076 4416 3426 4480 eistonderi,
3454 4430 3710 4486 quorum

2063 4516 2439 4591 patrimoniis
2470 4514 2592 4569 illic
2609 4509 2995 4577 consecratis,
3016 4522 3231 4579 magna
3261 4505 3540 4575 deinceps
3557 4503 3713 4558 facta

2066 4610 2205 4675 sint,
2232 4612 2298 4662 ut
2326 4606 2387 4660 in
2412 4602 2661 4676 singulis
2693 4600 2767 4657 ad
2798 4604 2953 4667 octo,
2985 4598 3074 4652 vel
3103 4595 3331 4658 decem,
3362 4593 3455 4647 vel
3506 4592 3709 4663 plures

288 4692 391 4745 ὦσι
454 4695 621 4746 ταῦτα
680 4692 786 4747 ὑπὸ
840 4690 970 4754 τοὺς
1027 4690 1445 4768 μητροπολίτας
1501 4693 1591 4748 καὶ
1649 4692 1774 4755 τοὺς
1834 4692 1950 4748 ἐπι-

2065 4697 2319 4767 calogeri
2352 4694 2598 4767 degant:
2651 4696 2709 4746 et
2740 4690 2789 4744 si
2819 4686 3087 4743 fortassis
3117 4685 3230 4740 hoc
3262 4684 3398 4756 jure
3430 4698 3552 4737 non
3584 4682 3706 4747 fiat,

289 4783 554 4855 σκόπους,
584 4782 672 4836 καὶ
729 4781 821 4836 ’ἱνα
882 4779 1058 4855 μηδὲν
1118 4784 1169 4837 οἱ
1226 4786 1471 4838 τοιοῦτοι
1517 4780 1955 4870 διακωλύωνται,

283 4870 351 4925 τὸ
383 4866 671 4945 δωρεῖσθαι
718 4872 810 4926 καὶ
845 4870 1227 4946 παραπέμπειν
1285 4871 1443 4944 αὐτιῖιξ⁸
1464 4870 1602 4926 ὅπου
1639 4866 1953 4948 βούλονται,

290 4960 448 5027 Πλὴν
481 4960 589 5034 εἲγε
619 4966 912 5037 προεῖχον,
946 4959 1093 5017 ἀλλᾶ
1158 4960 1247 5017 καὶ
1298 4960 1387 5017 νῦν
1422 4959 1611 5036 ἔχουσι
1640 4961 1706 5016 τὰ
1738 4965 1958 5016 τοιαῦτα

287 5048 542 5104 ἐπέκεινα
594 5055 706 5105 τῶν
764 5058 836 5121 η’,
895 5053 930 5123 ἢ
994 5059 1022 5105 ι’
1073 5049 1426 5127 καλογιςρων,
1460 5051 1551 5105 καὶ
1583 5050 1834 5125 ἰσχύουσι
1868 5048 1958 5105 διὰ

284 5146 390 5208 τῆς
449 5139 729 5217 εὐπορίας,
781 5145 848 5211 ἧς
904 5138 1117 5217 ἔχουσι,
1174 5142 1400 5204 τούτους
1453 5140 1704 5198 διοικεῖν.
1753 5142 1831 5200 Οὐ
1853 5143 1954 5218 γὰρ

287 5228 543 5285 δύνανται
642 5229 763 5295 νέας
867 5232 1178 5306 ἐπικτήσεις
1268 5234 1562 5302 ποιεῖσθαι,
1646 5231 1956 5287 κωλυθέντα

286 5319 558 5395 πρότερον
619 5321 715 5394 μὶν
775 5324 923 5396 παρὰ
971 5327 1068 5377 τοῦ
1115 5320 1448 5397 προπάππου
1498 5322 1657 5395 ἡμῶν
1716 5322 1805 5375 καὶ
1860 5322 1953 5397 βα-

288 5408 494 5471 σιλὲως
552 5412 837 5484 Ῥωμανοῦ
893 5417 988 5466 τοῦ
1041 5413 1314 5488 γέροντος.
1376 5416 1484 5467 Νῦν
1544 5409 1621 5478 δὲ,
1680 5410 1825 5483 παρᾶ
1855 5417 1953 5480 τῆς

295 5497 587 5572 βασιλείας
645 5501 831 5573 ἡμῶν.
890 5499 1029 5558 Ἀπὸ
1085 5501 1186 5577 γὰρ
1242 5506 1341 5570 τῆς
1400 5497 1682 5575 παρούσης
1722 5500 1953 5571 νομοθε-

293 5608 417 5649 σιας
465 5588 557 5642 καὶ
608 5586 868 5651 πλείονας
919 5588 1007 5643 ἐάν
1058 5589 1386 5667 ἀφορίσωσιν
1440 5588 1516 5651 εἷς
1546 5587 1673 5651 τοὺς
1703 5586 1952 5664 καλογή-

295 5696 448 5750 ρους,
491 5674 546 5731 εἶ’
586 5698 648 5732 τε
705 5676 1148 5751 μητροπολίτης,
1207 5678 1252 5733 εἲ
1307 5699 1366 5733 τε
1423 5677 1744 5747 ἐπισκοπος,
1777 5675 1865 5732 διὰ
1892 5678 1954 5733 τὸ

296 5768 399 5835 τήν
438 5765 717 5841 βασιλείαν
771 5770 933 5842 ἡμῶν
993 5765 1111 5844 ἄρτι
1170 5766 1530 5845 διορίσασθαι,
1556 5767 1648 5823 ’ίνα
1687 5766 1785 5823 ὦσι
1823 5790 1952 5843 μον-

2065 4788 2259 4861 placet
2289 4790 2489 4841 tamen
2547 4781 2741 4848 nobis,
2773 4783 2838 4833 ut
2894 4776 2999 4831 illa
3029 4774 3137 4830 sub
3196 4771 3593 4844 metropolitis
3653 4775 3710 4825 et

2066 4874 2360 4949 epiSCOpis
2390 4872 2529 4935 sint,
2561 4875 2619 4925 et
2646 4873 2712 4923 ut
2742 4868 2801 4922 hi
2834 4879 3211 4936 nequaquam
3259 4862 3711 4934 prohibeantur,

2065 4984 2181 5039 quo
2215 4964 2413 5019 minus
2437 4966 2495 5016 et
2522 4960 2767 5025 donent,
2798 4962 2858 5012 et
2888 4954 3299 5010 transmittant
3326 4969 3414 5020 ea,
3447 4966 3711 5022 quocun-

2066 5072 2181 5128 que
2211 5053 2452 5108 volunt:
2486 5048 2660 5105 modo
2712 5052 2912 5102 tamen
2969 5048 3026 5098 et
3061 5043 3226 5115 prius
3285 5040 3625 5105 habuerint,
3657 5044 3717 5094 et

2064 5160 2223 5199 nunc
2256 5141 2449 5196 adhuc
2476 5138 2735 5193 habeant
2764 5135 2922 5190 ultra
2949 5150 3066 5201 vui,
3097 5132 3187 5187 vel
3232 5149 3268 5186 χ
3299 5130 3623 5201 calogeros,
3656 5134 3716 5183 et

2064 5238 2298 5289 tantum
2329 5229 2563 5284 valeant
2606 5228 2667 5280 in
2725 5224 2917 5289 bonis,
2960 5226 3107 5293 qua;
3165 5220 3493 5291 possident,
3526 5223 3591 5272 ut
3620 5217 3713 5271 his

2064 5322 2293 5380 alendis
2318 5318 2636 5375 sufficiant.
2652 5315 2878 5385 Quippe
2893 5327 3071 5367 novas
3086 5311 3392 5380 acquirere
3407 5311 3716 5378 nequeunt

2063 5413 2495 5487 possessiones,
2527 5409 2587 5463 id
2613 5408 2805 5462 facere
2855 5402 3156 5476 prohibita
3186 5401 3350 5473 prius
3408 5399 3648 5471 quidem
3679 5413 3714 5451 a

2063 5519 2284 5575 proavo
2302 5498 2961 5568 nostro,etimperatore
2981 5495 3245 5547 Romano
3264 5490 3520 5555 seniore,
3553 5501 3714 5543 nunc

2065 5597 2263 5649 autem
2287 5607 2321 5644 a
2343 5590 2652 5660 majestate
2671 5589 2893 5640 nostra.
2922 5583 3063 5636 Nam
3088 5584 3221 5651 post
3244 5579 3430 5650 legem
3450 5590 3711 5649 praesen-

2065 5685 2207 5749 tem,
2240 5678 2474 5734 etiamsi
2496 5676 2698 5748 plures
2720 5675 2875 5728 inter
2898 5671 3201 5741 calogeros
3223 5670 3578 5722 consecrent
3594 5663 3712 5717 sive

2065 5767 2447 5843 metropolita
2476 5765 2795 5838 quispiam,
2848 5777 2952 5816 seu
3005 5758 3337 5829 episcopus,
3396 5758 3713 5826 propterea
