4084 6202
324 395 444 458 62⁸1

1612 385 1784 446 IMP.
1829 379 2114 443 BASlLlI
2155 379 2516 442 JUNIORIS

3621 376 3741 437 628

332 529 492 603 quod
513 529 793 600 majestas
817 527 1022 580 nostra
1043 519 1219 576 modo
1243 517 1539 587 statuerit,
1567 523 1635 574 ut
1673 519 1965 574 monaste-

2088 531 2341 606 αστήρια,
2373 529 2442 586 τὰ
2471 529 2716 586 ἐπέκεινα
2779 530 2851 600 η’,
2907 530 2942 600 ἢ
3005 529 3035 583 ἱ“
3085 526 3417 602 καλογήρων
3450 523 3670 603 ἔχοντα,
3702 549 3747 584 ει

333 623 426 678 ria
455 621 592 686 sint,
627 633 759 688 qum
792 614 948 668 ultra
974 627 1066 665 vm
1115 608 1206 664 vel
1231 627 1266 663 x
1296 608 1599 680 calogeros
1647 608 1890 675 habent,
1928 607 1977 662 si

337 712 490 768 forte
513 705 904 762 sufﬁcientem
927 716 1162 772 quoque
1183 703 1272 753 tot
1291 698 1598 753 monachis
1613 703 1830 753 terram
1843 713 1980 769 pos-

341 799 594 862 sideant,
626 811 745 848 non
801 790 1170 847 admittimus
1202 803 1308 844 ea:
1343 787 1444 843 sed
1475 793 1820 859 reputamus
1851 792 1979 841 tan-

340 901 519 958 quam
551 882 826 950 oratoria,
861 897 992 952 quas
1015 879 1076 933 in
1107 878 1420 933 consortiis
1449 877 1809 948 praediorum
1835 892 1979 931 con-

337 978 669 1039 struuntur,
694 973 848 1027 sicut
867 975 927 1025 et
942 968 1345 1040 praediximus,
1365 983 1721 1038 rursumque
1739 967 1978 1038 praadiis

337 1080 407 1120 ea
427 1061 797 1134 subjicimus.
824 1057 1178 1114 Monasteria
1196 1071 1330 1111 vero
1354 1072 1460 1128 per
1481 1073 1542 1111 se
1567 1055 1972 1124 consistentia,

335 1157 394 1208 et
413 1153 540 1224 jam
572 1150 715 1206 olim
744 1164 982 1220 magna,
1022 1146 1164 1201 licet
1191 1144 1367 1201 modo
1423 1144 1725 1216 calogeros
1755 1144 1975 1199 multos

331 1258 454 1297 non
483 1240 760 1307 habeant,
793 1236 897 1293 sed
927 1237 1076 1292 forte
1101 1251 1206 1306 per
1236 1233 1654 1305 negligentiam
1688 1238 1978 1305 metropo-

330 1329 474 1401 litaa,
506 1329 599 1386 vel
625 1327 907 1401 episcOpi,
942 1327 1069 1381 sine
1128 1323 1416 1396 calogeris
1446 1323 1603 1391 sint;
1637 1323 1972 1392 statuimus,

330 1424 398 1476 ut
422 1435 658 1475 rursum
689 1413 1116 1488 metrepolibus
1149 1418 1206 1468 et
1235 1412 1673 1484 episcopatibus
1717 1413 1972 1479 subsint,

329 1515 513 1581 utque
536 1509 764 1564 donent
783 1522 852 1562 ac
881 1504 1290 1560 transmittant
1306 1518 1396 1570 ea,
1419 1507 1536 1557 tam
1556 1503 1973 1574 metropolitae,

331 1615 511 1671 quam
546 1596 805 1670 episcopi
864 1609 1220 1666 quocunque
1276 1591 1410 1663 ipsi,
1462 1596 1520 1646 et
1578 1607 1974 1664 quancunque

332 1687 556 1743 volunt.

401 1780 455 1834 4.
513 1777 587 1831 De
647 1774 889 1830 tollenda
935 1771 1357 1843 praescriptione
1408 1771 1666 1840 temporis
1717 1769 1974 1824 adversus

324 1871 532 1936 ﬁscum.
563 1894 634 1906 —
684 1865 905 1918 Prmter
935 1861 1061 1916 haec
1117 1859 1439 1925 sancimus,
1496 1875 1570 1914 ne
1632 1863 1864 1930 tempus
1896 1857 1973 1913 sit

324 1953 567 2026 aliquod
587 1953 868 2008 adversus
891 1951 1122 2018 ﬁscum,
1150 1966 1266 2020 quo
1277 1949 1380 2020 jus
1411 1949 1540 2020 ejus
1568 1947 1798 2003 excludi
1829 1964 1957 2019 pos-

323 2044 564 2099 sitzsed
587 2047 651 2098 ut
677 2043 854 2097 ﬁscus
904 2039 1202 2094 indicatus
1243 2039 1344 2110 jus
1393 2054 1568 2093 suum
1600 2037 1672 2092 ab
1705 2039 1964 2110 Augusto

319 2135 546 2189 Caasare
565 2135 814 2204 repetat,
849 2130 1097 2202 ejusque
1127 2125 1520 2199 recuperandi
1537 2127 1764 2198 justam
1794 2130 1962 2198 pote-

318 2228 532 2279 atatem
557 2222 792 2278 habeat.
827 2221 973 2276 Nam
1001 2217 1299 2290 permulta
1331 2223 1488 2282 sunt,
1524 2233 1654 2287 qua:
1685 2215 1960 2288 probant,

315 2329 491 2385 posse
513 2313 724 2368 ﬁscum
745 2310 985 2366 omnino
1010 2325 1118 2363 sua
1147 2311 1436 2379 repetere.
1488 2305 1774 2376 Primum,
1803 2305 1963 2377 quod

318 2401 592 2459 sufﬁcere
621 2417 744 2456 non
783 2398 970 2472 possit
999 2397 1340 2468 imperator,
1372 2393 1446 2451 ad
1477 2411 1654 2466 quem
1703 2394 1805 2466 jus
1831 2395 1962 2466 ejus

319 2497 568 2564 spectat,
598 2490 684 2546 illi
714 2490 818 2545 toti
851 2489 940 2544 vel
987 2485 1390 2560 inspiciundo,
1423 2485 1513 2540 vel
1570 2485 1959 2553 observando,

319 2585 564 2651 propter
588 2579 1006 2650 occupationes
1036 2582 1095 2633 et
1123 2592 1297 2632 curas
1320 2574 1391 2629 de
1413 2574 1719 2646 republica
1748 2575 1956 2644 varias,

321 2684 560 2741 quoque
589 2666 1091 2724 sollicitudinibus
1122 2665 1374 2720 inﬁnitis
1413 2663 1678 2735 undique
1707 2664 1960 2719 circum-

322 2758 496 2813 datus
528 2756 622 2812 sit.
675 2755 923 2823 Deinde,
983 2754 1139 2826 quod
1194 2753 1322 2809 ﬁsci
1346 2754 1488 2825 jura
1538 2753 1598 2808 in
1628 2751 1962 2824 provincias

321 2845 601 2901 euntibus
658 2845 945 2916 imponat.
976 2842 1140 2898 Unde
1191 2841 1575 2898 manifestum
1633 2845 1742 2912 est,
1803 2840 1961 2912 quod

319 2953 696 3008 quaecunque
729 2934 817 2990 illi
875 2939 1055 3002 recte,
1115 2950 1184 2989 ac
1205 2933 1392 3005 juste,
1445 2949 1555 2988 nec
1599 2931 1674 2987 ad
1705 2931 1959 2987 circum-

315 3027 702 3098 scriptionem
733 3041 800 3082 ac
829 3024 1099 3081 fraudem
1131 3023 1258 3079 ﬁsci
1320 3022 1566 3091 faciunt,
1601 3022 1775 3078 ﬁrma
1803 3021 1956 3076 sint:

316 3133 448 3188 quas
475 3133 608 3172 vero
633 3116 716 3171 sic
738 3119 1079 3186 comparata
1099 3130 1220 3168 non
1243 3116 1403 3180 sunt,
1437 3111 1565 3166 sine
1595 3111 1807 3167 robore
1835 3129 1958 3167 ma-

316 3210 518 3262 neant.
579 3205 678 3261 Vel
705 3205 920 3277 potius,
983 3201 1204 3274 siquid
1261 3200 1581 3257 dicendum
1638 3218 1744 3272 pro
1791 3201 1956 3272 ﬁsco,

315 3313 451 3352 cum
476 3295 728 3351 voluerit
757 3295 1100 3366 imperator,
1131 3291 1473 3347 facultatem
1495 3290 1675 3346 habet
1698 3290 1803 3346 illa
1827 3307 1963 3362 per-

317 3385 608 3458 sequendi
664 3401 732 3440 ac
789 3387 965 3456 prout
1019 3383 1132 3454 ipsi
1187 3381 1403 3454 placet,
1461 3379 1798 3436 ordinandi.
1851 3382 1967 3436 Nec

324 3475 591 3547 alioquin
621 3472 911 3530 accidisse
970 3471 1320 3544 reperietur,
1380 3469 1539 3542 quod
1570 3487 1866 3526 annorum
1898 3487 1969 3525 xL

324 3569 561 3636 tempus
592 3564 655 3618 in
681 3564 1056 3617 observatum
1101 3559 1417 3630 effluxerit,
1450 3564 1509 3614 et
1539 3559 1697 3630 quod
1741 3560 1971 3615 interea

329 3669 452 3710 non
483 3652 692 3708 exierit
716 3651 1036 3721 inspector,
1071 3653 1173 3704 aut
1201 3649 1419 3719 aliquis
1458 3649 1805 3720 augustalis,
1839 3650 1967 3705 ﬁsci

322 3743 424 3814 jus
457 3744 897 3813 persecuturus.
932 3739 989 3792 Si
1020 3754 1154 3792 vero
1207 3737 1343 3792 talis
1375 3737 1673 3808 quispiam
1723 3738 1796 3792 ad
1827 3755 1968 3794 con-

327 3829 723 3887 servationem
753 3844 820 3882 ac
851 3826 1265 3897 repetitionem
1287 3825 1518 3896 jurium
1567 3826 1696 3880 ﬁsci
1725 3827 1966 3894 missus,

325 3918 515 3990 turpis
536 3916 687 3972 lucri
711 3914 964 3986 cupidus
985 3931 1052 3970 ac
1084 3913 1500 3968 fraudulentus
1529 3914 1882 3983 inveniatur,
1913 3921 1971 3971 et

323 4024 528 4064 eorum
552 4003 1001 4076 inquisitionem
1033 4020 1100 4058 ac
1131 4003 1571 4075 reparationem
1599 4003 1876 4076 negligat,
1909 4011 1968 4060 et

321 4114 495 4154 avaro
517 4094 904 4168 improboque
928 4094 1130 4149 animo
1158 4092 1426 4165 proditor
1447 4092 1677 4164 jurium
1704 4094 1832 4165 ejus
1862 4111 1963 4166 po-

320 4188 439 4242 tius
466 4203 596 4242 esse
623 4185 781 4240 visus
810 4183 990 4238 fuerit
1015 4201 1029 4249 ;
1084 4199 1205 4238 non
1235 4187 1550 4254 propterea
1579 4183 1758 4239 ﬁscus
1789 4201 1968 4240 causa

321 4294 430 4334 sua
450 4275 748 4347 cadet,qui
759 4274 860 4346 jus
883 4291 1058 4329 suum
1077 4289 1385 4343 nunquam
1407 4273 1684 4345 persequi
1734 4273 1961 4330 deﬁnit.

319 4370 510 4438 Atque
543 4369 653 4422 hoc
683 4381 886 4420 revera
913 4363 1084 4419 factis
1111 4363 1255 4434 ipsis
1285 4363 1566 4434 majestas
1596 4379 1730 4419 mea
1754 4363 1965 4435 depre-

319 4459 549 4525 hendit,
582 4456 740 4528 quod
801 4461 927 4511 tum
983 4455 1372 4526 inspectores,
1427 4458 1549 4508 tum
1599 4453 1700 4508 alii
1759 4470 1962 4508 curam

319 4546 447 4602 ﬁsci
478 4552 749 4618 gerentes
804 4545 906 4616 qui
935 4544 1010 4600 ad
1042 4542 1412 4616 prmstandas
1442 4559 1655 4613 operas
1689 4542 1964 4597 emittun-

2085 619 2230 695 τάχα
2282 618 2373 674 καί
2428 620 2528 688 τὴν
2586 618 2910 694 ἐξαρκοῦσαν
2971 623 3087 679 τοῖς
3143 615 3429 678 τοσούτοις
3470 623 3750 692 μοναχοῖς

2086 711 2187 784 γῆς
2219 704 2462 784 ἔχουσιν,
2513 709 2576 764 οὗ
2629 706 2905 783 δεχόμεθα
2962 711 3151 765 ταῦτα.
3205 707 3367 762 Ἀλλ’
3399 707 3472 767 ὡς
3503 705 3578 768 είς
3612 706 3744 762 ἀνα-

2087 799 2370 862 κοινώσεις
2450 799 2675 874 χωρίων
2733 797 2996 872 γινόμενα
3054 795 3311 870 εύκτήρια
3371 795 3739 871 λογιζόμεθα,

2087 889 2177 942 οἷα
2233 888 2324 942 καὶ
2373 887 2730 963 προείπομεν,
2788 885 2880 940 καὶ
2934 885 3039 940 ὑπὸ
3089 886 3156 940 τὰ
3205 884 3386 960 χωρία
3415 883 3582 940 πάλιν
3612 885 3747 940 αὐτὰ

2084 981 2368 1052 ποιοῦμεν.
2400 977 2480 1032 Τὰ
2510 975 2568 1032 δὲ
2597 974 2897 1046 ίδιόστατα,
2927 975 3018 1031 καὶ
3072 974 3172 1030 ὅσα
3225 973 3437 1048 μεγάλα
3471 977 3750 1048 μοναστή-

2085 1086 2175 1141 ρια
2205 1066 2265 1121 ἐκ
2305 1067 2546 1122 παλαιοῦ
2595 1065 2754 1137 ἦσαν,
2805 1065 2851 1120 εί
2897 1065 3046 1140 τάχα
3101 1063 3192 1118 καὶ
3241 1063 3591 1139 καλογήρους
3623 1062 3744 1139 ἄρτι

2083 1153 2329 1218 πολλοὺς
2377 1156 2476 1213 ούκ
2527 1161 2770 1232 έχουσιν,
2828 1153 2976 1210 ἀλλὰ
3027 1157 3097 1227 τῇ
3153 1151 3384 1228 ἀμελείᾳ
3435 1155 3605 1229 τυχὸν
3645 1158 3745 1210 τοῦ

2087 1243 2502 1321 μητροπολίτου
2554 1244 2589 1314 ἢ
2646 1248 2744 1298 τοῦ
2819 1241 3118 1298 ἐπισκόπου
3185 1241 3361 1316 χωρὶς
3419 1238 3738 1318 καλογὲρων

2084 1332 2205 1388 εἰσί·
2239 1330 2616 1409 διοριζόμεθα,
2661 1334 2754 1386 ἳνα
2795 1332 2884 1386 καὶ
2933 1329 3098 1386 πάλιν
3144 1333 3314 1385 ταῦτα
3363 1329 3467 1385 ὑπὸ
3503 1331 3600 1392 τὰς
3630 1353 3744 1403 μη-

2079 1421 2372 1497 τροπόλεις
2430 1422 2521 1478 καὶ
2578 1422 2674 1484 τὰς
2721 1419 3018 1482 ἐπιαοπᾶς
3077 1419 3387 1494 ὑπάρχωσι,
3437 1423 3528 1474 καί
3576 1420 3740 1495 χαρί-

2085 1517 2214 1582 ζωσι
2243 1517 2432 1583 ταῦτα,
2482 1512 2574 1568 καὶ
2616 1513 3054 1586 παραπέμπωσιν
3106 1511 3159 1564 οἱ
3213 1508 3619 1586 μητροπολῖται
3647 1510 3739 1564 καὶ

2082 1603 2135 1657 οἱ
2165 1602 2478 1675 ἐπίσκοποι,
2512 1601 2652 1658 ὅπου
2680 1601 2771 1657 καὶ
2803 1602 2893 1656 ὅτε
2925 1597 3163 1666 θέλουσι.
3243 1620 3250 1624 ·

2153 1779 2216 1838 δ’.
2269 1782 2398 1858 Περὶ
2455 1785 2552 1837 τοῦ
2611 1779 2818 1858 χρόνου
2877 1781 2955 1852 μή
3023 1778 3158 1834 εἶναι
3216 1778 3352 1833 κατὰ
3401 1781 3501 1834 τοῦ
3554 1776 3736 1850 δημο-

1997 1892 2046 1958 Β
2080 1869 2218 1928 σίου.
2251 1903 2320 1913 —
2349 1871 2491 1958 Πρὸς
2545 1871 2762 1958 τούτοις
2817 1867 3163 1942 θεσπίζομεν,
3210 1867 3300 1922 ἳνα
3357 1867 3434 1941 μὴ
3534 1869 3738 1942 χρόνος

2075 1959 2212 2015 κατᾶ
2237 1959 2333 2016 τοῦ
2382 1957 2676 2033 δημοσίου,
2725 1957 3024 2032 δυνάμενος
3075 1955 3386 2012 ἀποκλείειν
3429 1956 3493 2012 τὸ
3523 1953 3730 2012 δίκαιον

2071 2049 2287 2104 τούτου·
2336 2046 2465 2105 ἀλλ’
2507 2047 2600 2104 ’ίνα
2647 2050 2676 2104 6
2727 2047 2910 2125 ῥηθεὶς
2968 2044 3236 2120 δημόσιος
3293 2045 3631 2116 ἀνακαλῆται
3670 2046 3732 2101 τὸ

2073 2135 2216 2193 ἴδιον
2250 2136 2458 2194 δίκαιον
2513 2137 2618 2194 ἀπὸ
2676 2136 2988 2211 Αὐγούστου
3048 2135 3340 2209 Καίσαρος,
3385 2135 3475 2190 καὶ
3507 2131 3732 2189 δικαιῶ-

2069 2248 2159 2284 ται
2213 2227 2338 2304 περὶ
2391 2229 2490 2297 τήν
2549 2247 2744 2282 τουτου
2792 2223 3084 2299 ἀνάληψιν.
3147 2222 3340 2280 Πολλᾶ
3398 2223 3500 2298 γὰρ
3531 2222 3732 2279 είσιτά

2069 2321 2399 2372 συνιστῶντα
2423 2321 2621 2372 τοῦτον
2668 2314 2914 2386 ἐκζητεῖν
2963 2311 3032 2368 δι’
3089 2311 3225 2368 ὅλου
3252 2315 3322 2369 τὰ
3351 2310 3483 2368 ἴδια⁵
3515 2317 3730 2388 πρῶτον

2074 2408 2194 2481 μὲν,
2241 2409 2304 2462 τὸ
2363 2407 2441 2480 μὴ
2501 2403 2754 2460 δύνασθαι
2811 2403 3051 2479 ἐξαρκεῖν
3082 2404 3175 2458 τὸν
3206 2407 3506 2479 κρατοῦντα
3531 2401 3728 2458 τούτου

2075 2495 2302 2572 βασιλέα
2331 2494 2501 2551 πάντα
2556 2493 2759 2550 ἐκεῖνον
2815 2492 3225 2557 ἐπισκέπτεσθαι
3283 2491 3375 2547 καὶ
3426 2490 3724 2566 ἐπιτηρεῖν,

2073 2585 2163 2642 διὰ
2188 2588 2250 2658 τὸ
2294 2584 2688 2660 πολυάσχολον
2748 2584 2839 2638 καὶ
2887 2581 3356 2661 πολυφρόντιστον
3386 2585 3484 2637 τοῦ
3512 2584 3727 2652 κοινοῦ,

2069 2673 2158 2729 καὶ
2207 2674 2270 2728 τὸ
2332 2672 2550 2747 μυρίαις
2605 2669 2944 2746 πανταχόθεν
3006 2669 3506 2746 περιστοιχίζεσθαι
3560 2688 3726 2747 φρον-

2067 2763 2226 2819 τίσιν·
2278 2757 2462 2817 ἕπειτα
2515 2758 2593 2833 δὲ,
2643 2761 2706 2814 τὸ
2758 2755 3054 2824 ἀνατιθέναι
3098 2759 3167 2814 τὰ
3211 2757 3407 2814 τούτου
3432 2763 3549 2820 τοῖς
3583 2757 3723 2832 ἐξερ-

2068 2845 2326 2925 χομένοις
2359 2849 2436 2914 είς
2476 2848 2541 2904 τὰ
2598 2849 2824 2923 θέματα.
2881 2849 3035 2912 Ὂθεν
3095 2844 3265 2916 δῆλόν
3323 2845 3487 2915 ἐστιν,
3520 2847 3595 2908 ὡς
3626 2846 3724 2902 ὅσα

2073 2942 2168 3015 μὲν
2219 2941 2272 2996 οἱ
2322 2943 2562 2996 τοιοῦτοι
2620 2937 2830 3007 καλῶς,
2888 2937 2978 2993 καὶ
3043 2937 3178 3011 μετὰ
3235 2934 3602 3006 δικαιοσύνης,
3631 2937 3722 2991 καὶ

2073 3033 2148 3105 μὴ
2209 3031 2345 3106 πρὸς
2403 3029 2748 3106 περιγραφὴν
2806 3028 2976 3083 αὐτοῦ
3031 3030 3306 3096 ποιοῦσιν,
3362 3025 3528 3100 παγία
3566 3027 3718 3081 εἶναι’

2067 3120 2134 3176 τὰ
2158 3117 2216 3175 δὲ
2251 3121 2326 3194 μή
2371 3116 2547 3182 οὕτως
2586 3115 2806 3193 ἔχοντα,
2861 3116 3134 3194 ἀνίσχυρα
3193 3120 3435 3190 μενοῦσι.
3496 3115 3721 3175 Μᾶλλον

2077 3207 2154 3279 δὶ,
2184 3209 2230 3264 εί
2261 3210 2373 3285 χρή
2421 3229 2475 3263 τι
2533 3207 2623 3262 καὶ
2678 3207 2810 3281 ὑπὲρ
2855 3209 2954 3261 τοῦ
3002 3202 3272 3278 δημοσίου
3303 3203 3498 3277 εἰπεῖν,
3545 3203 3668 3260 ὅταν
3700 3206 3728 3259 6

2081 3296 2387 3377 βασιλεύειν
2418 3296 2609 3372 λαχὼν
2653 3294 2975 3371 βουληθείη,
3004 3295 3072 3349 ἳν⁹
3104 3288 3210 3370 ἔχῃ
3241 3293 3325 3348 ἐπ’
3353 3291 3532 3358 ἀδείας
3565 3299 3731 3349 ταῦτα

2080 3393 2285 3459 ζητεῖν,
2367 3386 2458 3441 καὶ
2544 3385 2619 3447 ὡς
2707 3384 2929 3460 ἀρεστὸν
3016 3383 3189 3456 αὐτῷ,
3255 3386 3425 3438 ταῦτα
3482 3380 3728 3439 διοικεῖν.

2077 3474 2295 3538 ’Δλλως
2352 3495 2411 3530 τε
2468 3470 2526 3528 δὲ
2575 3469 2701 3528 ούδὶ
2777 3470 3143 3547 εύρεθήσεται,
3201 3472 3276 3534 ὠς
3350 3471 3731 3546 ἀπερισκόπως

2075 3560 2591 3636 τεσσαρακονταετία
2639 3559 2856 3632 διῆλθε,
2913 3560 3002 3615 καὶ
3059 3560 3158 3616 οὐκ
3207 3558 3427 3633 ἐξῆλθεν
3487 3559 3727 3631 ἐπόπτης

2077 3655 2113 3724 ἢ
2162 3650 2467 3728 βασιλικὸς,
2520 3651 2771 3721 ζητήσων
2822 3649 2884 3704 τὸ
2931 3652 3029 3704 τοῦ
3083 3647 3354 3722 δημοσίου
3402 3646 3628 3705 δίκαιον.
3666 3649 3729 3707 El

2079 3740 2138 3797 δὲ
2168 3743 2196 3796 6
2224 3745 2473 3804 τοιοῦτος
2517 3739 2653 3815 πρὸς
2704 3738 2956 3794 σύστασιν
3009 3738 3100 3793 καὶ
3141 3739 3203 3794 τὸ
3251 3738 3636 3803 ἀνακαλεῖσθαι
3662 3741 3731 3795 τὰ

2075 3835 2172 3886 τοῦ
2229 3827 2501 3903 δημοσίου
2553 3825 3034 3901 ἀποστελλόμενος
3099 3824 3302 3898 δίκαια,
3363 3826 3728 3904 αἰσχοκερδὴς

2077 3918 2165 3974 καὶ
2224 3917 2448 3992 δολερὸς
2525 3915 2932 3993 εὑρισκόμενος,
3007 3919 3220 3991 παρορᾷ
3295 3916 3388 3988 μὲν
3446 3918 3507 3972 τὸ
3561 3921 3727 3972 ταῦτα

2076 4007 2347 4079 ἐπιζητεῖν
2423 4007 2512 4062 καὶ
2615 4006 2996 4081 ἀναρῥύεσθαι,
3071 4005 3431 4079 πλεονεκτικῇ
3507 4003 3564 4060 δὲ
3636 4009 3726 4062 καὶ

2079 4093 2340 4173 μοχθηρᾷ
2394 4096 2588 4172 γνώμῃ
2639 4091 2915 4170 προδότης
2967 4092 3180 4167 μᾶλλον
3227 4098 3334 4149 τῶν
3385 4094 3588 4150 ἐκείνου
3640 4093 3724 4150 δι-

2073 4185 2240 4240 καίων
2293 4184 2560 4258 ἀναφανῇ,
2639 4180 2797 4238 οὐδέν
2863 4181 3011 4258 παρᾶ
3065 4185 3224 4237 τοῦτο
3277 4186 3724 4259 κατακριθήσεται

2073 4275 2101 4329 6
2151 4272 2439 4347 δημόσιος,
2486 4273 2514 4328 6
2566 4269 2842 4344 μηδέποτέ
2890 4269 3230 4343 παυσάμενος
3277 4272 3340 4326 τὸ
3397 4273 3588 4328 ἐαυτοῦ
3643 4271 3724 4328 δίο

2069 4385 2222 4420 καιον
2278 4363 2544 4434 ἐκζητεῖν.
2605 4363 2709 4418 Καὶ
2769 4365 2935 4417 τοῦτο
2993 4359 3074 4416 ἐπ’
3135 4362 3313 4417 αὐτῶν
3390 4367 3498 4418 τῶν
3555 4359 3726 4440 ἔργων

2070 4457 2464 4528 πραγματικῶς
2512 4451 2662 4526 εὗρεν
2707 4452 2742 4520 ἡ
2797 4449 3047 4525 βασιλεία
3099 4471 3226 4524 μου,
3279 4451 3353 4513 ὡς
3399 4451 3488 4506 καὶ
3537 4453 3589 4507 οἱ
3633 4453 3728 4508 ἐπ-

2073 4543 2254 4612 όπται,
2282 4541 2372 4596 καὶ
2418 4541 2470 4596 οἱ
2522 4539 2710 4602 ἄλλως
2755 4540 3150 4616 προνοούμενοι
3181 4543 3279 4594 τοῦ
3311 4537 3604 4614 δημοσίου,
3635 4543 3726 4597 καὶ

320 4643 435 4703 tur,
468 4636 736 4690 inﬁnitas
766 4635 1047 4690 adversus
1101 4649 1237 4688 eum
1296 4630 1538 4686 fraudes
1592 4629 1962 4701 excogitent;

2077 4631 2149 4696 είς
2223 4628 2474 4692 δουλείας
2532 4626 3025 4701 ἀποστελλόμενοι,
3107 4629 3334 4705 μυρίους
3391 4631 3508 4686 κατ’
3562 4631 3727 4687 αὐτοῦ

319 4724 596 4795 quodque
646 4723 818 4794 pauci
852 4723 1249 4794 reperiantur,
1283 4721 1384 4792 qui
1419 4718 1712 4775 mendatis
1743 4719 1964 4775 nostris

317 4813 379 4868 in
409 4811 689 4868 omnibus
718 4829 848 4882 qua)
879 4811 1036 4868 dicta
1065 4814 1225 4879 sunt,
1257 4809 1643 4866 satisfaciant.

390 5013 441 5064 5.
477 5012 552 5064 De
581 5009 892 5065 homicidio.
919 5039 986 5048 —
1019 5008 1138 5062 Hoc
1169 5023 1406 5078 quoque
1437 5006 1760 5074 sancimus,
1793 5010 1859 5061 ut
1885 5010 1964 5060 ta-

315 5100 488 5156 metsi
535 5098 628 5153 lex
693 5098 887 5168 prisca
917 5097 1014 5164 sit,
1068 5113 1185 5167 qua
1240 5095 1721 5167 protospatharii,
1779 5100 1838 5149 et
1865 5095 1960 5151 his

315 5188 673 5260 superiores,
693 5186 754 5240 in
769 5185 1387 5255 homicidii'piaculum
1402 5184 1753 5250 incidentes,
1769 5189 1958 5238 morte

313 5296 432 5333 non
464 5277 825 5343 afﬁciuntur,
860 5275 962 5329 sed
991 5274 1244 5328 infames
1285 5275 1454 5338 ﬁunt,
1487 5278 1546 5327 et
1575 5273 1691 5327 alia
1717 5273 1956 5342 patiun-

312 5374 428 5436 tur,
453 5381 844 5438 qumcunque,
871 5364 974 5418 illa
1005 5363 1131 5435 lege
1154 5367 1373 5417 statuta
1405 5368 1576 5416 sunt:
1613 5367 1811 5416 tamen
1845 5360 1954 5427 illi,

313 5457 413 5527 qui
439 5456 633 5526 palam
665 5453 969 5510 homicidii
990 5453 1448 5518 convincuntur,
1472 5456 1531 5506 et
1551 5451 1718 5506 dolos
1741 5450 1953 5517 malos,

312 5551 413 5601 aut
433 5545 904 5615 conjurationes,
938 5548 1040 5598 aut
1077 5541 1379 5614 improbas
1439 5541 1797 5608 molitiones,
1855 5545 1958 5596 aut

310 5635 669 5708 imposturas
687 5633 760 5690 ad
792 5632 1141 5690 detestabile
1164 5631 1394 5688 facinus
1417 5631 1527 5687 hoc
1574 5634 1828 5696 struunt,
1855 5635 1956 5685 aut

311 5741 554 5797 operam
583 5723 695 5783 sibi
725 5729 1040 5782 navaturos
1066 5721 1142 5780 ad
1170 5721 1232 5778 id
1260 5722 1536 5794 nequiter
1564 5719 1948 5795 persuadent,

2071 4720 2419 4798 τεχνάζονται
2474 4715 2692 4786 δόλους,
2750 4716 2839 4772 καὶ
2885 4716 3066 4792 ὀλίγοι
3115 4717 3470 4792 εὑρίσκονται,
3529 4721 3581 4775 οἱ
3631 4721 3727 4783 τὰς

2071 4811 2391 4886 προστάξεις
2439 4811 2597 4881 ἡμῶν
2651 4805 3054 4882 ἐκπληροῦντες
3103 4805 3192 4862 ἐπὶ
3239 4813 3369 4863 πᾶσι
3419 4814 3534 4872 τοῖς
3571 4829 3730 4885 ειρη-

2074 4902 2280 4975 μένοις.

2142 4991 2198 5046 ε’.
2234 4986 2362 5063 Περὶ
2395 4987 2581 5063 φόνου.
2626 5018 2692 5028 -
2738 4987 2833 5041 Καὶ
2885 4989 3048 5041 τοῦτο
3098 4985 3446 5060 θεσπίζομεν·
3493 4986 3538 5042 εἰ
3585 4985 3731 5064 τάχα

2067 5082 2154 5136 καὶ
2202 5079 2378 5151 νόμος
2426 5075 2662 5138 παλαιός
2703 5073 2990 5147 ἐστι,τοὺς
3038 5076 3585 5152 πρωτοσπαθαρίους,
3636 5078 3727 5134 καὶ

2065 5170 2194 5230 τοὺς
2260 5164 2515 5240 ἀνωτέρω
2581 5163 2813 5233 τούτων,
2885 5169 2964 5236 τῷ
3025 5169 3232 5243 φονικῷ
3305 5168 3726 5242 περιπίπτοντας

2070 5258 2250 5332 μύσει,
2301 5257 2377 5330 μὴ
2423 5254 2806 5324 ἀποθνήσκειν,
2867 5249 2994 5308 ἀλλ’
3039 5253 3385 5327 ἀτιμοῦσθαι,
3422 5257 3728 5320 πανθαίνειν

2063 5347 2388 5423 [παθαίνειν]
2417 5366 2476 5400 τε
2505 5345 2592 5399 καὶ
2629 5341 2794 5415 ἄλλα,
2828 5343 2925 5398 ὅσα
2975 5348 3052 5415 τῷ
3099 5344 3255 5418 νόμῳ
3304 5345 3492 5419 ἐκείνῳ
3537 5343 3725 5422 διηγό-

2065 5456 2268 5513 ρευται”
2305 5433 2430 5490 ἀλλ’
2462 5435 2552 5490 οῦν
2599 5434 2728 5496 τοὺς
2773 5439 3017 5512 φανερῶς
3070 5433 3479 5511 ἐλεγχομένους
3519 5442 3722 5514 φονεῖς,

2062 5527 2151 5582 καὶ
2185 5524 2402 5595 δόλους,
2452 5524 2486 5594 ἢ
2542 5523 2905 5597 συνωμοσίας,
2955 5520 2991 5592 ἤ
3044 5525 3326 5596 συσκευας,
3377 5527 3412 5595 ἢ
3463 5522 3725 5592 ἐπιθέσεις

2061 5615 2197 5692 πρὸς
2225 5615 2288 5670 τὸ
2319 5613 2520 5688 μύσους
2570 5611 2714 5684 ἄξιον
2762 5615 2924 5666 τοῦτο
2969 5609 3124 5689 ἔργον
3172 5618 3485 5690 ποιοῦντας,
3529 5616 3564 5686 ἢ
3596 5617 3724 5672 τοὺς

2068 5705 2548 5782 ὑπηρετουμένους
2607 5705 2792 5767 αὐτοῖς
2849 5705 3284 5780 παραπείθοντας
3331 5707 3420 5763 καὶ
3490 5709 3552 5764 τὸ
3618 5729 3723 5764 πο-
