4082 6200
373 374 491 436 629

1533 373 1928 437 ΝΟνΕῙλΙλιΕ
1970 374 2640 436 CONSTITUTIONES

3671 376 3792 436 630

378 505 541 580 νηρόν
572 502 941 575 ἐκτελοῦντας,
971 504 1199 566 τούτους
1235 500 1406 577 μηδὲν
1432 502 1538 559 ἀπὸ
1567 510 1664 560 τοῦ
1709 505 2019 580 ἀξιώματος

2140 513 2194 563 et
2209 509 2402 565 scelus
2416 509 2611 580 ipsum
2629 508 2966 580 perﬁciunt,
2985 509 3221 565 nullum
3235 514 3293 565 et
3309 510 3595 582 dignitate
3611 508 3786 579 adju-

385 595 729 672 ωφελεῖσθαι,
764 593 893 649 ἀλλ’
948 593 1022 655 ὡς
1080 592 1326 663 ἀναξίους
1380 594 1472 648 καὶ
1529 594 1755 667 ἀτίμους
1802 592 2029 665 κολάζε-

376 696 495 747 σθαι
527 683 616 737 καὶ
647 683 1029 752 ἀποθνήσκειν.
1082 680 1234 751 Πλὴν
1290 686 1455 737 τοῦτο
1505 681 1732 759 λέγομεν
1765 686 2027 759 γίνεσθαι,

378 774 501 827 ὅταν
534 774 568 841 ἡ
602 772 834 839 συσκευὴ
866 769 925 825 ἐκ
986 768 1219 842 μελέτης
1278 770 1366 825 καί
1420 768 1608 840 δόλου,
1668 773 1757 827 καὶ
1788 775 1822 842 ἡ
1857 794 2025 827 συνω-

380 859 545 933 μοσία
573 860 663 914 καὶ
697 864 731 930 ἡ
767 859 1001 924 ἐπίθεσις
1049 859 1156 914 ἀπὸ
1214 864 1467 936 φανεροῦ,
1498 862 1585 915 καὶ
1647 862 1753 916 ἀπὸ
1784 868 2026 935 πονηρᾶς

378 950 609 1025 γνώμης
644 950 958 1024 ὑπάρχωσι,
983 949 1073 1003 καὶ
1105 954 1234 1003 πᾶσι
1292 950 1593 1027 καταφανὲς
1650 950 1757 1021 εἴη,
1790 951 1865 1014 ὡς
1896 971 2027 1024 προ-

372 1043 576 1113 τροπῇ,
609 1040 694 1093 καὶ
760 1040 1054 1093 συναινέσει
1112 1038 1202 1093 καὶ
1262 1037 1463 1109 εἷδήσει
1523 1040 1724 1109 αὐτῶν,
1758 1039 1864 1095 εἴτε
1895 1038 2027 1103 λαὸς

377 1127 603 1196 συνέστη
637 1170 655 1196 ,
713 1127 803 1180 καὶ
856 1122 1134 1201 προϐάντα
1202 1127 1363 1203 φόνον
1425 1125 1753 1201 ἐνήργησεν,
1812 1127 1917 1182 εἴτε
1975 1128 2028 1181 οἱ

378 1216 774 1291 ὑπρετούμενοι
832 1216 1007 1270 αὐτῶν
1071 1214 1330 1288 [αὐτοῖς]
1387 1213 1476 1270 διά
1530 1218 1629 1285 τὴν
1680 1217 2029 1291 προύπαρξα-

374 1326 469 1359 σαν
509 1303 670 1379 μέσον
708 1304 885 1359 αύτῶν
939 1324 999 1359 τε
1052 1303 1141 1358 καὶ
1200 1308 1297 1358 τοῦ
1354 1305 1700 1381 φονευθέντος
1748 1302 2029 1380 διαμάχην

372 1395 463 1450 καὶ
531 1392 865 1472 φιλονεικίαν
948 1398 1107 1448 τοῦτο
1167 1392 1412 1449 ἐτέλεσαν
1450 1438 1463 1464 ,
1514 1395 1550 1465 ἢ
1618 1393 1771 1449 αύτοὶ
1829 1394 2025 1450 ἐκεῖνοι

369 1485 752 1559 οἷκειοχείρως
781 1483 842 1538 τὸ
893 1487 1139 1538 τοιοῦτον
1174 1483 1405 1556 ἄθεσμον
1466 1477 1622 1559 ἔργον
1687 1484 2023 1559 εἰργάσαντο,

371 1572 408 1641 ἢ
464 1571 669 1636 ἄλλους
724 1571 998 1648 γνωστοὺς
1056 1571 1241 1635 αὐτοῖς
1299 1572 1388 1627 καὶ
1448 1571 1644 1649 φίλους
1698 1574 2024 1648 παρέπεισαν

370 1666 538 1717 τοῦτο
568 1660 595 1716 δ
606 1662 979 1738 ιαπράξασθαι.

447 1867 510 1924 ς’.
567 1861 701 1936 Περὶ
757 1862 864 1913 τῶν
923 1852 1361 1934 χρυσοϐούλΙων
1398 1900 1411 1912 .

371 1956 493 2014 τοῖς
544 1948 799 2025 ἀνωτέρω
866 1946 1176 2022 εἰρημένοις
1262 1944 1615 2021 διοριζόμεθα
1698 1950 1786 2004 καὶ
1839 1953 2021 2005 τοῦτο·

368 2039 526 2096 Ἐπεὶ
584 2039 671 2093 καὶ
733 2032 1149 2113 χρυσοϐούλλια
1187 2035 1374 2092 πολλά
1423 2036 1729 2114 γεγόνασιν,
1774 2040 1863 2116 ἀφ’
1894 2037 1956 2094 οὗ
1988 2040 2022 2109 ἡ

380 2128 629 2205 βασιλεία
696 2129 849 2200 ἡμῶν
907 2132 1007 2195 τῆς
1062 2125 1524 2201 αύτοκρατορικῆς
1574 2124 1739 2199 ἐπέϐη
1803 2129 2024 2204 ἀρχῆς,

378 2220 578 2293 μέχρις
611 2218 673 2271 οὗ
705 2217 732 2270 ὁ
764 2212 1030 2291 πρόεδρος
1062 2212 1343 2277 Βασίλειος
1400 2215 1490 2270 καὶ
1530 2217 2027 2291 παρακοιμώμενος

365 2302 597 2376 κατέϐη,
628 2304 703 2367 εἰς
735 2302 791 2359 δὲ
818 2303 945 2368 τοὺς
973 2303 1261 2365 τοιούτους
1294 2306 1532 2379 χρόνους
1566 2304 1627 2359 ού
1657 2307 1726 2360 τὰ
1762 2302 2027 2361 δοκοῦντα

365 2398 507 2467 ἡμῖν
552 2394 779 2469 ἐγίνετο,
839 2391 966 2448 ἀλλ’
1002 2395 1038 2462 ἡ
1090 2390 1300 2448 ἐκείνου
1340 2392 1394 2449 ἐν
1440 2399 1569 2448 πᾶσι
1630 2392 1852 2465 θέλησις
1881 2394 2025 2471 ἐνερ-

366 2490 517 2559 γεῖτο
547 2485 640 2538 καὶ
672 2482 979 2556 πρόσταξις,
1030 2481 1515 2558 παρακελευόμεθα
1568 2483 1636 2537 τὰ
1694 2484 1748 2538 ἐν
1802 2482 2026 2545 ἐκείνοις

369 2579 491 2635 τοῖς
526 2572 754 2648 χρόνοις
812 2571 1081 2647 γενόμενα
1114 2566 1574 2647 ’χρυσοϐούλλια,
1635 2571 1807 2627 πάντα
1858 2570 2030 2647 ἄκυρα

378 2664 557 2736 μένι-,ιν
592 2662 683 2716 καὶ
714 2663 1063 2737 ἀνενέργητα·
1128 2661 1226 2715 ὅσα
1271 2658 1532 2732 δηλονότι
1594 2662 1670 2733 μὴ
1729 2661 2027 2734 προεκομί-

376 2764 581 2822 σθησαν
620 2752 751 2825 μετά
780 2755 940 2806 τοῦτο
996 2754 1064 2824 τῇ
1124 2748 1373 2826 βασιλείᾳ
1427 2771 1554 2823 μου,
1614 2752 1701 2806 καὶ
1757 2751 1842 2821 τὸ,
1876 2754 2029 2807 ΕΤΠ-

376 2844 563 2897 ΡΗΘΠ
610 2839 664 2895 ἐν
718 2839 900 2902 αὐτοῖς
960 2838 1188 2917 ἐργάφη.
1248 2840 1312 2895 Ἠ
1371 2843 1474 2915 γάρ
1538 2840 1789 2914 βασιλεία
1845 2842 2031 2913 ἡμῶν,

374 2931 543 3001 ἡνίκα
571 2930 663 2986 τὸν
695 2928 1015 3002 δηλωθέντα
1070 2926 1336 3004 πρόεδρον
1394 2929 1481 2984 καὶ
1525 2929 2029 3005 παρακοιμώμενον

374 3019 714 3090 κατεδίκασε,
771 3020 1059 3092 πρόσταξιν
1120 3017 1347 3091 ἐξέθετο,
1403 3018 1492 3072 ’ἰνα
1548 3021 1742 3081 πάντες
1792 3019 1859 3073 τά
1912 3040 2032 3073 τοι·

374 3114 514 3165 αῦτα
562 3107 946 3185 προκομίσωσι
982 3151 997 3176 ,
1052 3106 1144 3162 καὶ
1224 3104 1479 3177 δέξωνται
1539 3102 1827 3181 βεϐαίωσιν
1861 3151 1877 3180 ,
1934 3112 2031 3164 τοῦ

378 3200 709 3255 ΕΤΙΙΡΠΘΗ
758 3194 1108 3271 οἰκειοχείρῳ
1163 3198 1323 3269 ἡμῶν
1381 3199 1563 3273 γραφῇ
1608 3198 2030 3273 προστιθεμένου

378 3287 433 3343 ἐν
465 3294 584 3349 τοῖς
614 3286 911 3348 τοιούτοις.
943 3288 1081 3342 “Οσα
1139 3283 1196 3340 δὲ
1250 3286 1314 3339 ού
1373 3287 1875 3360 προεκομίσθησαν,
1908 3284 2032 3341 οὐδὲ

380 3374 629 3450 ἐδέξαντο
654 3377 753 3445 τήν
811 3370 1128 3451 βεϐαίωσιν,
1162 3375 1332 3450 ἄκυρα
1380 3373 1471 3428 καὶ
1519 3370 1747 3429 ἀϐέϐαια
1795 3372 2029 3430 ἔστωσαν

382 3466 460 3529 ὡς
487 3468 623 3530 νόθα
650 3467 737 3520 καὶ
771 3463 965 3540 ψευδῆ.
1014 3464 1076 3518 Εἰ
1134 3465 1238 3539 γὰρ
1271 3462 1453 3534 ἀληθῆ
1514 3467 1672 3536 ἦσαν,
1727 3466 2031 3540 προεκομ(⁴

386 3556 584 3626 σθησαν
616 3553 677 3608 ’ἀν
710 3553 855 3630 παρὰ
878 3558 984 3608 τῶν
1020 3553 1259 3629 ἐχόντων
1282 3550 1435 3608 αύτά.
2031 3564 2037 3572 ‘

458 3845 517 3913 ζ’.
549 3840 873 3900 Τελευταῖον
904 3838 961 3896 δὲ
988 3840 1078 3896 καὶ
1108 3841 1171 3896 τὸ
1202 3839 1326 3917 περὶ
1384 3843 1481 3896 τοῦ
1532 3836 1745 3896 δικαίου
1795 3844 1903 3896 τῶν
1936 3861 2032 3896 πα-

382 3932 660 4009 νηγύρεων
722 3932 1033 3996 στασιασθὶν
1094 3930 1410 4006 βουλόμεθα
1484 3931 1583 4000 τὴν
1653 3931 2033 4006 προσήκουσαν

382 4023 528 4093 τάξιν
589 4021 807 4097 λαχεῖν.
868 4021 1019 4077 Ἐπεὶ
1092 4021 1194 4097 γὰρ
1252 4018 1549 4091 ἐδεήθησάν
1619 4041 1761 4083 τινες
1821 4017 2031 4097 διεγκα-

386 4115 644 4181 Αοῦντες,
704 4110 778 4173 ὡς
832 4106 1063 4165 ἔκπαλαι
1119 4112 1227 4165 τῶν
1283 4109 1497 4185 χρόνων
1556 4108 1793 4184 ἐχόντων
1854 4109 2028 4164 αὐτῶν

384 4203 686 4277 πανήγυριν
735 4195 1129 4272 συνισταμένην
1191 4197 1244 4252 ἐν
1298 4203 1415 4260 τοῖς
1468 4195 1630 4260 ἰδίοις
1657 4200 1871 4267 τύποις,
1929 4199 2029 4274 ἀφ-

384 4293 628 4347 ίστανται
672 4290 879 4347 τούτων
939 4292 1029 4345 καὶ
1086 4290 1464 4365 ἀναχωροῦσιν
1515 4289 1566 4342 οἱ
1596 4288 1692 4357 τὴν
1724 4291 2028 4365 πανήγυριν

380 4386 735 4444 συνιστῶντες
795 4380 1225 4456 πραγματευταὶ,
1284 4380 1373 4434 καὶ
1426 4377 1552 4441 τοὺς
1612 4380 1704 4452 μὲν
1763 4378 2029 4442 παλαιοὺς

382 4471 649 4533 δεσπότας
678 4477 779 4541 τῆς
804 4469 1159 4544 πανηγύρεως
1203 4467 1443 4543 ἐρήμους
1501 4466 2028 4542 καταλιμπάνουσιν,

384 4561 434 4617 ἐν
472 4560 529 4617 δὲ
560 4566 681 4623 τοῖς
728 4559 921 4622 τόποις
979 4563 1085 4613 τῶν
1143 4554 1567 4633 ὑποδεχομένων
1616 4557 1808 4620 αὐτοὺς
1852 4559 2027 4613 καινί-

384 4658 537 4721 ζουσι
572 4652 670 4719 τήν
723 4651 1046 4725 πανήγυριν
1106 4644 1424 4720 κελεύομεν,
1484 4645 1633 4722 εἷ’περ
1683 4648 1814 4702 ποτε
1856 4651 2034 4703 τοιοῦ-
2064 4631 2109 4697 D

377 4744 471 4797 τόν
502 4763 556 4797 τι
587 4743 846 4815 γήνηται,
882 4738 927 4794 εί
963 4740 1057 4812 μὲν
1084 4736 1278 4813 ἀθρόον
1302 4735 1494 4798 πάντες
1538 4736 1628 4790 καὶ
1678 4736 2029 4811 ὁμοθυμαδὸν

381 4832 433 4885 οἱ
468 4828 868 4906 πανηγυρισταὶ
922 4826 1011 4883 καὶ
1071 4822 1306 4900 ἔμποροι
1363 4826 1414 4879 οἳ
1470 4845 1529 4880 τε
1585 4824 1913 4900 αὐτόχθονες
1942 4829 2031 4882 καὶ

384 4921 434 4975 οἱ
470 4916 742 4989 ἐπήλυδες
786 4917 1097 4995 ἀφίστανται
1134 4916 1228 4988 μὲν
1261 4913 1365 4968 ἀπὸ
1416 4917 1513 4969 τοῦ
1559 4912 1797 4969 παλαιοῦ
1838 4912 2032 4972 δεσπό-

380 5033 475 5074 τος
504 5018 606 5080 τῆς
636 5008 1017 5084 πανηγύρεως,
1059 5006 1457 5081 προσέρχονται
1510 5002 1566 5060 δὲ
1613 5005 1816 5081 ἐτέροις
1843 5008 2033 5070 τόποις

380 5100 711 5170 καινίζοντες
734 5100 834 5167 τὴν
867 5097 1191 5171 πανήγυριν,
1237 5090 1382 5170 ἔχειν
1438 5093 1631 5158 αύτους
1654 5096 1715 5151 τὸ
1748 5095 2030 5153 ἀκώλυτον

381 5190 472 5245 καὶ
510 5189 818 5261 ἐλεύθερον,
850 5187 939 5240 καὶ
973 5186 1048 5247 ὡς
1081 5184 1139 5239 ἂν
1182 5180 1248 5253 δὴ
1286 5182 1577 5254 βούλονται
1611 5181 1903 5261 διενεργεῖν
1933 5188 2030 5258 τῆς

380 5277 740 5354 πανηγύρεως
799 5275 1029 5342 τοπικήν
1122 5270 1397 5346 μετάθεσιν
1435 5315 1449 5341 ,
1539 5274 1612 5345 μὴ
1679 5273 2032 5348 βίαζομένους

383 5372 628 5436 πάντως,
660 5365 786 5422 ἀλλ’
839 5363 1094 5424 ἐκουσίως
1153 5363 1245 5416 καὶ
1301 5360 1630 5437 αὐθαιρέτως
1690 5362 1825 5438 πρὸς
1870 5369 2031 5420 τοῦτο

383 5457 736 5538 θερομένους.
785 5454 850 5512 Et
883 5452 939 5508 δέ
998 5450 1270 5513 διάστασις
1328 5450 1378 5504 ἐν
1431 5456 1547 5513 τοῖς
1604 5460 2032 5528 πανηγυρισταῖς

379 5547 624 5623 γένηται,
675 5545 765 5600 καὶ
827 5544 879 5597 o'L
933 5543 1025 5616 μὶν
1084 5541 1355 5616 αἱροῦνται
1416 5540 1548 5595 εἶναι
1605 5539 1657 5597 ἐν
1717 5541 1798 5605 οἷς
1841 5542 2032 5605 τόποις

382 5637 782 5711 ἐπανηγύριζον
841 5631 931 5686 καὶ
963 5632 1250 5706 πρότερον,
1284 5630 1337 5683 οἱ
1368 5626 1425 5683 δὲ
1479 5629 1685 5685 τούτων
1718 5630 2030 5708 ἀφίστανται

381 5729 466 5782 καὶ
530 5726 669 5801 πρὸς
726 5722 939 5798 ἐτέρους
1001 5717 1362 5794 μεθίστανται,
1420 5723 1713 5790 τηνικαῦτα
1747 5720 1810 5775 τὸ
1842 5718 2029 5799 διαφέ-

2141 605 2407 656 mentum
2424 600 2792 671 capiant,sed
2808 605 3088 671 tanquam
3105 600 3449 672 illaindigni
3463 600 3787 655 etinfames

2138 692 2557 762 puniantur,ac
2573 690 2780 744 mortis
2797 690 3151 761 supplicium
3165 690 3661 745 ferant.Attamen
3674 690 3786 745 hoc

2140 779 2267 833 fieri
2303 785 2445 835 tunc
2478 780 2692 835 debere
2725 779 3000 844 dicimus,
3049 796 3183 835 cum
3214 779 3508 834 insidiosa
3556 778 3784 833 molitio

2138 870 2569 942 proﬁsciscitur
2598 886 2633 925 a
2658 869 2793 924 dolo
2818 869 3122 936 meditato,
3158 875 3215 923 et
3236 870 3568 939 conjuratio
3609 872 3788 938 atque

2139 958 2358 1014 invasis
2384 959 2604 1030 palam,
2629 964 2687 1013 et
2716 958 2987 1029 improbo
3012 959 3242 1013 exsistit
3263 960 3483 1025 animo,
3509 973 3784 1028 cumque,

2137 1046 2519 1103 manifestum
2573 1053 2662 1102 est
2716 1047 3016 1114 omnibus,
3080 1047 3240 1118 quod
3297 1048 3693 1114 hortantibus,
3729 1049 3787 1100 et

2136 1136 2625 1208 approbantibus,
2660 1142 2718 1191 et
2748 1136 3073 1191 scientibus
3098 1136 3245 1207 ipsis
3278 1142 3379 1191 aut
3406 1136 3657 1207 populus
3684 1153 3782 1190 co-

2136 1226 2327 1296 iverit,
2360 1230 2418 1280 et
2447 1225 2669 1280 caedem
2701 1224 3019 1280 admissam
3047 1224 3482 1297 designaverit;
3514 1230 3617 1280 aut
3651 1225 3782 1296 qui-

2136 1315 2271 1371 dam
2295 1332 2504 1387 operas
2532 1316 2675 1387 ipsis
2707 1319 2993 1370 navantes
3023 1320 3267 1386 propter
3310 1315 3497 1369 rixam
3559 1320 3615 1368 et
3640 1331 3781 1369 con-

2139 1406 2485 1473 tentionem,
2505 1422 2637 1476 quas
2663 1405 2825 1476 prius
2850 1406 3006 1459 inter
3025 1405 3185 1475 ipsos
3199 1404 3528 1459 etoccisum
3547 1405 3785 1458 exstite-

2134 1500 2243 1564 rat,
2277 1511 2412 1549 eum
2444 1494 2846 1561 confecerint;
2880 1494 3160 1565 autquod
3191 1494 3433 1565 ipsimet
3458 1509 3563 1548 sua
3593 1508 3773 1547 manu

2132 1584 2364 1640 facinus
2426 1585 2721 1655 ejusmodi
2778 1584 3071 1640 nefarium
3126 1583 3619 1656 perpetraverint,
3676 1585 3778 1637 aut

2136 1673 2285 1729 alios
2314 1674 2425 1728 sibi
2453 1679 2646 1741 notos,
2682 1674 2742 1729 ef
2767 1674 3010 1741 amicos,
3044 1672 3119 1728 ad
3166 1673 3634 1745 perpetrandum
3664 1672 3774 1726 ἰω-

2135 1763 2418 1835 pulerint.

1472 1890 1541 1901 —-
1608 1860 1729 1916 Ἐπὶ
1781 1865 1910 1915 πᾶσι
1970 1857 2028 1915 δὲ

2200 1864 2251 1915 6.
2277 1862 2350 1916 De
2369 1850 2531 1915 bullis
2578 1863 2777 1916 aureis.
2806 1890 2875 1902 —
2936 1859 3097 1914 Ultra
3152 1876 3288 1915 vero
3311 1859 3469 1914 dicta
3509 1860 3781 1930 superius

2137 1950 2357 2020 omnia,
2382 1950 2492 2005 hoc
2512 1951 2690 2005 etiam
2715 1949 3057 2005 statuimus:
3080 1948 3369 2014 Quoniam
3392 1965 3585 2003 aureae
3600 1947 3777 2002 bullae

2135 2039 2338 2094 multa;
2360 2040 2528 2095 factm
2566 2044 2726 2103 sunt,
2750 2056 2820 2093 ex
2850 2055 2965 2109 quo
3016 2038 3296 2109 majestas
3322 2042 3525 2092 nostra
3552 2036 3776 2108 princi—

2134 2134 2338 2201 patum
2370 2128 2814 2200 imperatorium
2848 2128 3015 2195 adiit,
3055 2127 3391 2199 usquedum
3423 2144 3643 2199 praises
3674 2126 3775 2180 ille

2136 2219 2389 2274 Basilius
2420 2224 2479 2274 et
2535 2218 2841 2274 excubitor
2880 2222 3083 2273 noster
3140 2217 3405 2288 dejectus
3436 2216 3567 2283 fuit,
3621 2221 3680 2271 et
3708 2215 3781 2269 iis

2136 2308 2506 2379 temporibus
2536 2324 2656 2363 non
2682 2324 2813 2378 quas
2846 2307 3018 2361 nobis
3040 2306 3382 2361 viderentur
3400 2306 3621 2360 fiebant
3643 2323 3656 2371 ;
3678 2303 3783 2359 sed

2136 2396 2198 2451 in
2229 2397 2506 2452 omnibus
2537 2398 2807 2453 voluntas
2837 2397 3046 2468 ipsius,
3080 2401 3139 2451 et
3169 2395 3459 2467 quidquid
3478 2394 3780 2467 jussisset,

2135 2486 2557 2558 perficiebatur
2577 2503 2589 2542 :
2608 2486 2985 2553 mandamus,
3004 2489 3071 2540 ut
3090 2501 3296 2541 omnes
3313 2485 3434 2540 illis
3450 2484 3619 2539 facta:
3636 2489 3790 2539 tem"

2138 2574 2385 2647 poribus
2402 2591 2596 2629 aureas
2619 2574 2797 2629 bullae
2813 2579 3095 2629 maneant
3114 2574 3393 2644 irritaa,ac
3414 2573 3754 2629 inefficaces
3775 2590 3787 2639 ;

2140 2670 2284 2736 quot
2316 2664 2544 2720 scilicet
2572 2669 2777 2735 postea
2807 2664 3105 2735 majestati
3159 2681 3306 2719 meae
3338 2663 3639 2734 productas
3670 2679 3792 2717 non

2138 2754 2399 2821 fuerunt,
2427 2754 2574 2808 etin
2618 2753 2834 2825 quibus
2891 2753 3157 2823 verbum,
3209 2769 3470 2820 summa,
3532 2768 3652 2806 non
3683 2752 3795 2806 fuit

2140 2844 2515 2915 inscriptum.
2546 2845 2669 2909 Quo
2703 2843 2865 2898 enim
2887 2847 3151 2914 tempore
3174 2842 3454 2915 majestas
3485 2858 3618 2896 mea
3638 2858 3791 2913 pras-

2142 2935 2335 2991 sidem
2390 2940 2448 2990 et
2504 2935 2907 2990 excubitorem
2965 2933 3294 2989 indicatum
3352 2932 3788 2988 condemnavit.

2142 3024 2400 3080 edictum
2431 3023 2667 3096 publice
2699 3023 3028 3094 preposuit,
3052 3027 3119 3078 ut
3140 3022 3335 3077 cuncti
3358 3021 3553 3075 bullas
3574 3036 3785 3075 aureas

2141 3112 2433 3185 ejusmodi
2494 3112 2851 3183 proferrent,
2910 3116 2969 3165 et
3025 3109 3539 3165 confirmationem
3580 3124 3786 3163 earum

2141 3203 2320 3259 talem
2354 3202 2728 3273 acciperent;
2763 3217 2880 3271 qua
2904 3199 3148 3254 verbum
3200 3215 3435 3253 suam“
3468 3214 3607 3266 rmr,
3641 3195 3788 3251 scri-

2140 3296 2316 3363 ptura
2344 3292 2600 3362 propriae
2627 3305 2841 3344 manus
2881 3307 2915 3344 a
2938 3288 3113 3343 nobis
3146 3289 3207 3343 in
3251 3288 3336 3343 eis
3366 3290 3787 3360 apponeretur-

2141 3383 2519 3451 Quaacunque
2548 3396 2682 3434 vero
2714 3378 3014 3450 producta;
3044 3395 3165 3433 non
3199 3377 3461 3448 fuerunt,
3495 3392 3605 3432 nec
3645 3392 3789 3431 con-

2143 3478 2539 3535 firmationem
2570 3478 2744 3545 hanc,
2775 3477 3183 3547 obtinuerunt,
3214 3477 3397 3532 irrita)
3420 3476 3790 3546 minimeque

2144 3571 2330 3626 ﬁrmas
2363 3574 2560 3639 sunto,
2611 3568 2791 3624 veluti
2822 3585 2943 3623 non
3001 3568 3282 3641 legitimas
3335 3573 3395 3623 et
3422 3567 3609 3622 falsas.
3642 3568 3787 3621 Nam

2144 3660 2193 3714 si
2222 3675 2372 3715 verm
2398 3664 2599 3715 essent
2647 3659 2874 3729 utique,
2908 3658 2979 3714 ab
3020 3658 3163 3727 illis,
3205 3658 3305 3730 qui
3336 3657 3637 3714 habebant
3665 3672 3788 3724 eas,

2141 3749 2445 3821 producta:
2475 3748 2748 3804 fuissent.

2214 3849 2521 3903 Postremo
2534 3848 2889 3903 concionum
2910 3846 3265 3903 solemnium
3288 3847 3539 3903 antistiti
3562 3846 3785 3916 locum,

2142 3952 2319 4006 quem
2351 3952 2639 4008 occupare
2674 3935 2868 4004 debet,
2914 3937 3305 4009 assignamus.
3330 3936 3418 3991 Ad
3450 3937 3785 4007 aliquorum

2140 4041 2399 4095 namque
2412 4042 2618 4096 preces
2632 4042 2767 4081 cum
2778 4026 3108 4097 antiquitus
3122 4026 3437 4081 conciones
3460 4026 3515 4080 in
3532 4026 3787 4097 ipsorum

2140 4113 2479 4186 regionibus
2526 4114 2949 4182 celebrassent,
3006 4114 3301 4169 antistites
3328 4115 3455 4185 jam
3502 4114 3561 4169 id
3590 4114 3784 4170 facere

2139 4207 2484 4257 recusantes
2497 4202 2930 4271 abscesserunt,
2953 4204 3119 4257 novis
3134 4201 3384 4258 subinde
3398 4202 3784 4257 concionibus

2140 4290 2299 4363 apud
2330 4307 2451 4359 eos,
2485 4307 2738 4361 quorum
2770 4292 3026 4363 hospitio
3072 4292 3412 4358 utebantur,
3453 4291 3649 4346 locum
3680 4290 3785 4345 da-

2140 4380 2277 4436 turi.
2312 4379 2636 4434 Statuimus
2657 4379 2834 4453 igitur
2862 4386 2945 4448 ut,
2973 4380 3211 4452 quando
3244 4380 3359 4435 tale
3384 4378 3527 4450 quid
3552 4378 3783 4434 accide-

2138 4469 2237 4537 rit,
2270 4468 2370 4523 ubi
2424 4485 2637 4540 nempe
2677 4470 3144 4537 concionatores,
3202 4474 3583 4539 mercatores,
3616 4468 3780 4523 indi-

2139 4575 2303 4631 genae
2338 4563 2439 4614 aut
2466 4559 2671 4627 exteri,
2701 4559 2959 4631 priorem
2991 4559 3305 4630 praesidem
3328 4557 3778 4629 dereliquerint,

2140 4647 2374 4718 aliaque
2408 4647 2539 4703 loca
2568 4664 2746 4703 novas
2792 4648 3109 4703 conciones
3141 4647 3470 4703 instituturi
3501 4646 3778 4717 adierint,

2143 4738 2201 4793 id
2226 4738 2418 4794 facere
2441 4738 2527 4793 eis
2551 4738 2745 4793 liceat.
2772 4737 3176 4793 Voluntariam
3199 4738 3382 4809 enim,
3402 4737 3778 4793 arbitrariam

2140 4844 2503 4900 prorsusque
2526 4828 2776 4883 liberam
2798 4828 2870 4882 iis
2903 4827 3078 4882 talem
3102 4827 3623 4883 translocationem
3653 4828 3778 4882 fore

2138 4916 2558 4988 prmsuminus.
2584 4916 2749 4982 Quod
2775 4917 2823 4971 si
2846 4917 3002 4971 inter
3025 4918 3378 4979 concionum
3410 4918 3781 4973 ordinatores

2140 5005 2432 5062 dissensio
2461 5005 2883 5074 intercesserit,
2912 5007 2992 5062 ita
3010 5011 3076 5061 ut
3105 5007 3206 5062 alii
3230 5006 3540 5077 iniisdem,
3567 5008 3780 5079 quibus

2140 5102 2337 5163 antea,
2370 5096 2515 5152 locis
2543 5098 2859 5153 conciones
2905 5097 3205 5153 celebrare
3255 5102 3543 5171 satagunt,
3575 5099 3676 5153 alii
3709 5099 3780 5155 de

2141 5187 2308 5240 novis
2350 5185 2496 5241 locis
2547 5187 2825 5259 cogitent,
2880 5203 2989 5251 nos
3015 5188 3255 5258 quidem
3300 5187 3400 5259 jus
3460 5188 3782 5259 prioritatis

2141 5275 2455 5348 praevaleat
2486 5276 2821 5341 statuimus,
2852 5277 2931 5331 ita
2961 5281 3025 5331 ut
3054 5277 3235 5348 priori
3255 5276 3382 5332 loco
3414 5278 3783 5351 privilegium

2142 5366 2443 5421 communi
2492 5366 2767 5437 suffragio
2825 5365 3039 5421 fultum
3097 5371 3421 5422 remaneat.
3455 5370 3643 5438 Atque
3677 5368 3785 5420 hoc

2140 5456 2271 5510 loco
2304 5471 2425 5510 non
2458 5459 2547 5509 est
2575 5455 3053 5525 praetereundum
3084 5454 3243 5525 quod
3274 5456 3399 5510 ista)
3433 5456 3783 5511 concionum

2142 5544 2561 5599 translationes
2581 5544 3025 5615 quadripartitze
3041 5550 3204 5611 sunt;
3228 5544 3499 5599 autenim
3523 5561 3557 5599 a
3574 5549 3779 5614 poten-

2142 5635 2297 5688 tibus
2321 5634 2392 5689 ad
2416 5640 2708 5705 potentes,
2734 5641 2834 5689 aut
2855 5635 2925 5690 ab
2949 5633 3375 5705 impotentibus
3398 5633 3776 5703 adimpoten-

2141 5729 2247 5792 tes,
2280 5728 2382 5779 aut
2410 5739 2444 5777 a
2470 5723 2809 5794 potentibus
2841 5723 2913 5778 ab
2945 5724 3320 5792 impotentes,
3356 5723 3456 5773 aut
3486 5718 3556 5773 ab
3589 5720 3777 5789 impo-
