4084 6202
400 435 516 498 631
1663 433 1832 496 IMP.
1878 436 2166 498 BASILlI
2207 437 2564 502 JUNIOPJS
3698 443 3808 506 632

408 570 674 628 tentibus
692 569 764 625 ad
783 571 1055 641 potentes
1080 566 1206 621 fieri
1232 564 1444 619 solent.
1478 566 1560 619 Ex
1586 565 1678 621 his
1701 584 1834 638 quae
1859 568 1931 623 de
1957 570 2054 624 tri-

2182 589 2258 624 >ον
2287 574 2355 644 τῇ
2416 572 2743 647 ἀρχαιότητι
2796 575 3034 648 κρατεῖν,
3091 570 3184 626 καὶ
3234 569 3363 635 τοὺς
3419 573 3809 651 ἀφισταμένους

409 663 524 719 bus
537 661 835 733 prioribus
853 656 1334 727 memoravimus,
1351 655 1682 712 thematum
1703 656 1818 712 vim
1843 657 2067 714 habent

2182 657 2392 730 μᾶλλον
2427 659 2610 716 ὁποῖοι
2646 661 2704 715 ἂν
2745 681 2884 723 τινες
2937 663 3028 716 καὶ
3083 660 3183 716 εἷεν
3243 660 3654 717 συνελαύνεσθαι
3683 663 3811 738 πρὸς

411 753 485 807 de
499 749 828 822 potentium
841 752 1039 801 autem
1063 745 1137 800 ad
1153 750 1448 817 potentes,
1473 749 1531 800 et
1547 745 1619 800 ab
1643 746 2062 817 impotentium

2182 759 2270 827 τήν
2299 753 2488 814 ἕνωσιν
2517 761 2624 815 τῶν
2657 760 3017 837 αἱρουμένων,
3075 759 3164 814 καὶ
3218 767 3432 836 κρατεῖν
3489 761 3555 816 τὸ
3587 760 3810 816 παλαιὸν

409 839 485 894 ad
514 841 807 909 potentes,
837 839 894 889 et
920 835 1256 906 potentium
1285 834 1360 889 ad
1407 835 1765 906 impotentes
1809 836 2065 892 transla-

409 927 570 982 tione
592 923 916 994 loquimur.
941 924 1225 989 Quartum
1257 940 1516 994 namque
1548 931 1725 996 caput
1755 925 1951 981 lenius
1982 930 2064 980 at-

417 1031 532 1086 que
571 1013 894 1068 humanius
939 1012 1486 1084 interpretabimur.
1522 1013 1714 1069 Facile
1743 1015 1901 1069 enim
1953 1032 2060 1086 po-

413 1107 608 1159 tentes
638 1101 1035 1158 concionandi
1057 1102 1160 1172 jus
1213 1101 1640 1172 impotentibus
1673 1103 1953 1174 eripiunt.
1992 1104 2061 1159 In

410 1193 523 1247 hoc
553 1192 734 1263 igitur
759 1190 1019 1262 capitulo
1064 1189 1415 1246 ordinamus
1462 1196 1529 1245 ut
1559 1191 1864 1247 concionis
1907 1193 2063 1248 inter

405 1282 766 1353 impotentes
792 1285 850 1335 et
866 1284 1141 1351 potentes
1165 1279 1475 1335 translatio
1499 1279 1697 1335 locum
1720 1281 1919 1353 habet,
1943 1283 2060 1344 nisi

405 1369 753 1428 communia
783 1369 1062 1442 suffragia
1096 1369 1312 1441 prioris
1341 1368 1456 1424 loci
1489 1368 1862 1441 privilegium
1914 1386 2060 1426 con-

407 1464 733 1517 servarent.
768 1459 860 1514 Sic
892 1459 1054 1515 enim
1078 1457 1328 1514 duarum
1357 1474 1557 1513 rerum
1589 1457 1700 1514 erit
1725 1459 1867 1514 unio
1893 1475 1906 1514 :
1937 1459 2060 1531 pri-

409 1550 641 1607 oritatis
680 1548 814 1620 jum
871 1564 1005 1603 cum
1065 1548 1336 1604 omnium
1394 1547 1671 1620 suffragio
1730 1547 1941 1604 eadem
1970 1548 2063 1604 via

406 1637 841 1712 progrediatur.
877 1637 936 1692 Si
965 1637 1127 1693 enim
1157 1637 1220 1692 in
1267 1637 1498 1693 caeteris
1547 1635 1736 1692 tribus
1786 1637 2065 1692 themati-

412 1728 525 1784 bus
556 1729 620 1783 in
651 1726 1065 1783 tantummodo
1097 1726 1306 1782 sufﬁce
1355 1726 1508 1781 solet
1537 1726 1696 1797 quod
1742 1725 2064 1782 verisimile

411 1822 520 1883 est,
553 1816 654 1871 ubi
688 1820 809 1870 tota
831 1815 1060 1870 scilicet
1089 1815 1295 1870 concio
1321 1815 1677 1870 transfertur
1699 1821 1757 1871 et
1784 1816 2064 1887 prioritas

410 1906 681 1978 ejusdem
714 1905 1150 1960 determinatur
1189 1910 1249 1958 et
1279 1905 1340 1958 in
1371 1903 1486 1959 duo
1536 1904 1854 1973 dividitur;
1905 1903 2065 1976 quod

407 1995 483 2052 ad
515 1999 788 2065 quartum
821 1993 1060 2048 titulum
1103 1993 1334 2060 attinet,
1384 1993 1669 2065 jubemus
1718 1999 1784 2049 ut
1813 1994 2064 2050 duorum

410 2083 834 2138 verisimilium
869 2083 946 2138 sit
973 2083 1115 2137 unio
1149 2087 1206 2137 et
1235 2083 1573 2150 consensio,
1616 2082 1698 2138 ita
1725 2083 1972 2155 quidem
1999 2088 2065 2138 ut

413 2173 738 2231 concilium
769 2171 840 2228 ab
869 2171 1298 2243 impotentibus
1329 2172 1402 2227 ad
1422 2176 1694 2243 potentes
1717 2172 1869 2228 viam
1900 2173 2064 2229 inve-

411 2262 558 2330 niat,
587 2267 647 2317 et
672 2267 742 2317 ut
786 2261 1103 2316 consensio
1149 2266 1480 2317 memorata
1510 2265 1568 2316 et
1596 2261 1920 2333 prioritatis
1945 2263 2068 2334 pri-

408 2351 686 2424 vilegium
744 2349 1107 2422 conspirent.
1171 2349 1537 2421 Pauperibus
1587 2350 1768 2422 igitur
1822 2367 2068 2408 manum

401 2443 838 2502 auxiliatricem
867 2442 1262 2514 porrigamus,
1308 2441 1501 2512 iisque
1547 2440 1608 2495 id
1639 2441 1800 2514 quod
1849 2442 1922 2498 de
1953 2459 2060 2514 po-

409 2533 667 2588 tentium
697 2531 966 2603 potentia
996 2535 1268 2603 superest
1299 2530 1721 2587 concedamus.
1753 2533 1835 2587 Ea
1863 2532 2070 2588 itidem

409 2637 555 2679 cura
581 2621 694 2677 fuit
738 2621 828 2676 avi
879 2620 1069 2676 nostri
1127 2620 1240 2692 piae
1300 2621 1629 2689 memoria,
1683 2619 1926 2677 domino
1958 2623 2067 2678 Ro-

409 2727 590 2768 mano
621 2711 842 2767 seniori
870 2731 885 2777 ;
913 2726 1151 2782 semper
1181 2710 1342 2766 enim
1369 2711 1510 2783 jura
1539 2715 1754 2766 natura
1784 2726 1893 2766 sua
1921 2711 2068 2767 inal-

409 2800 686 2858 terabilia
713 2800 787 2856 ab
817 2799 1245 2872 impotentibus
1293 2815 1362 2855 ac
1414 2804 1688 2872 potentes
1737 2800 2066 2856 transtulit.

2169 850 2266 902 τοῦ
2295 847 2464 903 τόπου
2485 849 2812 926 προνόμιον.
2848 850 2945 904 Καὶ
3005 847 3118 905 ἐπεὶ
3182 851 3236 905 αἱ
3298 849 3668 924 μεταστάσεις,
3700 849 3813 920 ἤτοι

2175 945 2484 1018 μεταθέσεις
2527 953 2634 1003 τῶν
2669 947 3045 1025 πανηγύρεων,
3104 952 3384 1025 τετραχῶς
3432 949 3532 1017 τὴν
3570 946 3816 1024 διαίρεσιν

2173 1030 2446 1110 δέχονταιο
2480 1036 2515 1106 ἢ
2547 1037 2647 1114 γάρ
2706 1037 2812 1092 ἀπὸ
2873 1035 3116 1093 δυνατῶν
3178 1038 3253 1100 είς
3302 1036 3562 1100 δυνατοὺς
3610 1037 3814 1093 εἰώθασί

2175 1133 2572 1206 μετατίθεσθαι,
2604 1134 2638 1204 ἧ
2673 1133 2778 1189 ἀπὸ
2837 1133 3113 1190 ἀδυνάτων
3166 1134 3243 1196 εἷς
3295 1132 3614 1207 ἀδυνάτους,
3647 1137 3680 1205 ἢ
3714 1132 3814 1192 ἀπὸ

2173 1219 2412 1277 δυνατῶν
2445 1221 2522 1285 εἷς
2556 1217 2870 1292 ἀδυνάτους,
2904 1225 2938 1294 ἢ
2974 1224 3080 1278 ἀπὸ
3133 1221 3408 1279 ἀδυνάτων
3441 1224 3520 1282 εἷς
3555 1222 3814 1294 δυνατοὺς,

2170 1310 2238 1367 τά
2271 1311 2364 1385 μὲν
2395 1308 2504 1382 ἤδη
2544 1313 3001 1387 προθεσπισθέντα
3059 1311 3145 1368 ἐπὶ
3201 1318 3311 1368 τῶν
3365 1317 3531 1390 τριῶν
3591 1315 3810 1390 πρώτων

2171 1401 2262 1456 καὶ
2295 1399 2595 1474 μόνωντὴν
2631 1400 2788 1476 ἰσχὺν
2848 1397 2950 1472 ἔξει
3011 1401 3282 1474 θεμάτων,
3339 1401 3465 1472 ἤτοι
3527 1402 3615 1458 ἐπί
3642 1423 3698 1458 τι
3719 1407 3814 1458 τῶν

2173 1499 2233 1555 ἐκ
2263 1496 2500 1555 δυνατῶν
2547 1500 2621 1562 εἷς
2680 1497 2936 1563 δυνατοὺς
2997 1502 3330 1573 μεταθέσεων
3385 1502 3478 1557 καὶ
3534 1501 3641 1556 ἀπὸ
3697 1499 3817 1556 ἀδυ-

2172 1590 2344 1644 νάτων
2379 1591 2455 1652 εἱς
2515 1585 2810 1653 ἀδυνάτους
2840 1589 2931 1644 καὶ
2990 1590 3095 1645 ἀπὸ
3128 1588 3364 1646 δυνατῶν
3399 1590 3477 1654 εἷς
3512 1589 3814 1654 ἀδυνάτους.

2173 1681 2253 1738 Τὸ
2285 1679 2387 1756 γὰρ
2445 1681 2700 1756 τέταρτον
2758 1679 3055 1758 κεφάλαιον
3117 1679 3436 1757 ἱδικωτέρας
3490 1682 3583 1737 καὶ
3633 1679 3813 1756 φιλαν-

2176 1770 2524 1844 θρωποτέρας
2583 1768 2819 1842 τεύξεται
2877 1776 2979 1839 τῆς
3038 1769 3309 1846 ἡμετέρας
3368 1768 3813 1846 ἑρμηνείαςοέπεὶ

2172 1868 2274 1945 γὰρ
2306 1867 2558 1945 εὐχέρεια
2603 1873 2720 1932 τοῖς
2773 1865 3018 1932 δυνατοῖς
3050 1867 3238 1938 πολλή
3293 1891 3376 1933 τις
3437 1870 3547 1926 ἐστὶ
3602 1871 3732 1945 πρὸς
3760 1869 3815 1924 τὸ

2096 1953 2141 2018 Β
2167 1958 2261 2020 τὰς
2293 1956 2626 2033 πανηγύρεις
2664 1957 2770 2013 ἀπὸ
2819 1962 2929 2014 τῶν
2989 1956 3212 2014 δικαίων
3239 1963 3347 2014 τῶν
3378 1957 3657 2014 ἀδυνάτων
3685 1959 3808 2013 ἀπο·

2172 2057 2399 2111 σπᾶσθαι
2433 2101 2448 2126 ,
2511 2054 2832 2129 θεσπίζομεν
2888 2055 2938 2111 ἐν
2996 2056 3177 2129 τούτῳ

3259 2061 3338 2130 τῷ
3419 2057 3698 2135 κεφαλαίῳ
3745 2055 3813 2129 μή

2174 2143 2360 2208 ἄλλως
2417 2149 2578 2200 τοῦτο
2632 2149 2984 2220 παραχωρεῖν
3043 2145 3306 2222 γίνεσθαι,
3359 2144 3534 2224 ἤγουν
3580 2149 3678 2217 τὴν
3721 2144 3814 2200 ἀπὸ

2173 2245 2280 2297 τῶν
2337 2239 2613 2298 ἀδυνάτων
2644 2243 2722 2305 εἰς
2779 2239 3036 2305 δυνατοὺς
3087 2249 3189 2313 τῆς
3243 2243 3602 2321 πανηγύρεως
3660 2243 3813 2317 μετά-

2176 2332 2342 2403 θεσιν,
2375 2330 2420 2386 εἷ
2459 2331 2537 2404 μὴ
2598 2327 2948 2404 ὁμοθυμαδὸν
3005 2333 3283 2408 ἀναχωρεῖ
3333 2334 3516 2388 ἅπασα
3572 2332 3812 2393 ἑκουσίως

2174 2421 2264 2475 καὶ
2313 2419 2484 2476 ἐκεῖσε
2573 2420 2886 2494 μεθίσταται
2966 2418 3093 2486 ἔνθα
3160 2421 3250 2476 καὶ
3303 2423 3572 2499 πρότερον
3627 2421 3712 2478 καὶ
3765 2419 3817 2475 ὲκ

2176 2518 2416 2576 παλαιοῦ
2473 2520 2776 2576 συνίστατο·
2839 2520 2916 2583 ὡς
2976 2521 3293 2597 συντρέχειν
3355 2520 3582 2578 ἐνταῦθα
3619 2521 3684 2578 τὰ
3732 2518 3816 2574 δύο

2179 2606 2401 2686 εὔλογα,
2431 2611 2494 2664 τὸ
2528 2629 2587 2664 τε
2614 2613 2715 2679 τῇς
2765 2607 3136 2686 ἀρχαιότητος
3195 2608 3402 2666 δίκαιον
3461 2613 3550 2668 καὶ
3605 2611 3701 2680 τήν
3731 2610 3818 2664 τοῦ

2179 2709 2380 2771 παντὸς
2412 2706 2661 2780 πλήθους
2695 2707 2951 2785 σύῤῥοιάν
2978 2729 3038 2764 τε
3084 2709 3174 2764 καὶ
3204 2729 3537 2783 συμπνοιαν.
3567 2709 3669 2768 Καὶ
3694 2708 3809 2785 γὰρ,

2182 2796 2228 2852 εί
2257 2799 2403 2873 τάχα
2427 2797 2480 2854 ἐν
2512 2801 2628 2860 τοῖς
2659 2795 2856 2861 ἄλλοις
2889 2797 3037 2874 τρισὶ
3091 2799 3287 2871 θὲμασι
3314 2799 3404 2855 καὶ
3438 2802 3502 2856 τὸ
3533 2797 3584 2855 ἔν
3611 2795 3816 2874 εὔλογον

417 2887 475 2944 δν
511 2887 678 2962 μόνον
711 2883 850 2943 οἶδεν
883 2888 1086 2964 ἀρκεῖν,
1115 2887 1227 2943 οἷον
1265 2887 1436 2961 μόνην
1471 2888 1570 2956 τὴν
1599 2886 1901 2961 σύμπνοιαν
1934 2886 2024 2944 ὅτε
2081 2885 2261 2942 ἅπασα
2317 2885 2631 2960 μεθίσταται
2661 2889 2697 2957 ἠ
2729 2889 3052 2965 πανήγυρις,
3083 2887 3119 2958 ἢ
3155 2887 3329 2961 μόνην
3360 2891 3463 2959 τήν
3494 2887 3810 2964 ἀρχαιότητα

417 2975 770 3051 διϊσταμένης
832 2973 1093 3048 δηλονότι
1149 2976 1240 3034 καὶ
1285 2975 1713 3051 διατεμνομὲνης
1771 2977 1847 3040 είς
1915 2975 2011 3033 δύο
2057 2983 2158 3048 τῆς
2215 2978 2596 3052 πανηγύρεως,
2655 2975 2779 3032 ἀλλ’
2835 2975 2922 3032 ἐπὶ
2980 2981 3078 3033 τοῖ’)
3133 2977 3393 3054 τετάρτου
3451 2976 3614 3036 τοῦδε
3665 2995 3814 3052 κεφα-

415 3065 582 3124 λαίου
635 3067 736 3138 τήν
767 3070 875 3122 τῶν
937 3063 1034 3123 δύο
1089 3064 1331 3143 εὐλόγων
1392 3065 1700 3123 συνέλευσιν
1765 3067 1896 3122 εἶναι
1928 3065 2224 3140 κελεύομεν
2258 3063 2347 3121 ἐπὶ
2403 3069 2484 3138 τῷ
2541 3085 2733 3139 κρατεν
2791 3067 2889 3137 τὴν
2949 3065 3056 3122 ἀπὸ
3105 3064 3380 3124 ἀδυνάτων
3447 3069 3525 3132 εἰς
3581 3063 3817 3124 δυνατοὺς

423 3156 707 3230 μετάθεσιν
767 3159 875 3211 τῶν
933 3155 1290 3232 πανηγύρεων
1327 3199 1340 3226 ,
1396 3155 1497 3224 τήν
1551 3175 1609 3210 τε
1667 3154 1922 3232 ῥηθεῖσαν
1977 3159 2076 3210 τοῦ
2133 3175 2334 3219 παντὸς
2390 3153 2694 3228 σύμπνοιαν
2748 3155 2841 3210 καὶ
2919 3155 2981 3211 τὸ
3036 3163 3138 3226 τῆς
3190 3156 3566 3234 ἀρχαιότητος
3617 3153 3824 3212 δίκαιον

416 3250 534 3309 τοῖς
561 3245 758 3315 πένησι
787 3243 960 3317 πάντη
993 3250 1158 3321 χεῖρα
1189 3244 1388 3321 βοηθὸν
1422 3242 1700 3321 ὸρὲγοντες
1733 3245 1824 3300 καὶ
1854 3245 1917 3300 τὸ
1937 3244 2124 3321 περιὸν
2145 3250 2244 3314 τῆς
2277 3241 2558 3317 δυνάμεως
2589 3247 2696 3299 τῶν
2725 3242 3010 3318 δυνάμεως
3030 3243 3382 3302 τῶνδυνατῶν
3413 3242 3812 3304 ἀναστέλλοντες

419 3336 450 3392 ὸ
474 3335 563 3390 καὶ
593 3338 675 3408 τῷ
709 3334 978 3412 μακαρίτῃ
1015 3334 1224 3408 πάππῳ
1253 3338 1414 3410 ἡμῶν
1451 3333 1665 3412 βασιλεῖ
1693 3341 1844 3412 κυρῷ
1898 3337 2169 3408 Ῥωμανῷ
2217 3338 2297 3407 τῷ
2351 3336 2559 3412 γέρεντι
2618 3335 3023 3412 μεμερίμνηται
3051 3335 3221 3392 πάλαι
3253 3335 3447 3413 ἄριστα
3475 3335 3562 3395 ἐπί
3580 3340 3692 3397 ταῖς
3719 3335 3813 3386 τῶν

417 3425 690 3498 ἀκινήτων
723 3421 948 3482 δικαίων
975 3430 1083 3483 τῶν
1117 3423 1393 3483 ἀδυνάτων
1418 3425 1557 3502 πρὸς
1589 3423 1851 3492 δυνατοὺς
1879 3424 2248 3496 ἔκποῖήσεσιν.

2091 3569 2167 3626 γ.

1131 3716 1270 3784 Imp.
1319 3713 1516 3770 Basilii
1555 3714 2024 3786 Porphyrogem'ti
2055 3713 2122 3770 de
2149 3712 2625 3784 archiepiscopum
2673 3714 2950 3784 Bulgaria:
2994 3715 3127 3786 (H).

493 3859 638 3913 Cum
671 3856 861 3912 multa
891 3855 1012 3910 sint
1057 3859 1117 3910 et
1157 3871 1372 3927 magna
1415 3872 1547 3927 quae
1578 3872 1612 3910 a
1639 3856 1898 3928 benigno
1948 3858 2064 3912 Deo

2249 3855 2485 3910 Πολλῶν
2519 3849 2689 3910 ὄντῶν
2723 3857 2814 3911 καὶ
2850 3853 3100 3930 μεγάλων
3156 3860 3264 3911 τῶν
3325 3859 3476 3932 παρά
3502 3861 3596 3915 τοῦ
3623 3853 3799 3932 φιλαν-

428 3944 650 4002 donata
679 3950 818 4000 sunt
846 3944 1146 4016 majestati
1177 3949 1394 3999 nostrae
1426 3944 1602 4017 regiae
1633 3943 1790 3998 bona
1828 3944 2070 3999 diversis

2188 3943 2411 4015 θρώπου
2442 3947 2574 3998 Θεοῦ
2607 3941 2998 4019 δεδωρημὲνων
3031 3947 3100 4020 τῇ
3136 3943 3388 4018 βασιλείᾳ
3415 3948 3576 4023 ἡμῶν
3623 3943 3812 4019 ἀγαθῶν

424 4033 792 4106 temporibus
824 4038 882 4088 et
909 4048 1228 4087 numerum
1261 4033 1625 4106 superantia,
1659 4032 1808 4087 illud
1851 4038 1941 4088 est
1975 4049 2070 4086 su-

2185 4033 2320 4087 κατά
2349 4030 2642 4112 διαφόρους
2682 4035 2905 4110 καιροὺς
2934 4035 3022 4090 καὶ
3085 4035 3314 4109 ἀριθμὸν
3379 4031 3811 4112 ὑπερϐαινόντων,

423 4140 532 4198 per
569 4123 771 4178 omnia
818 4120 1116 4193 egregium
1164 4121 1324 4192 quod
1376 4121 1646 4177 additum
1702 4121 1778 4176 sit
1827 4121 2078 4194 imperio

425 4217 689 4270 Romano
727 4211 1113 4283 Bulgarorum
1167 4211 1486 4283 imperium
1527 4217 1586 4266 et
1622 4211 1730 4266 sub
1774 4228 1893 4266 uno
1934 4211 2078 4284 jugo

424 4303 685 4376 positum
715 4299 916 4355 fuerit.
951 4299 1091 4354 Inde
1140 4301 1319 4373 igitur
1365 4318 1474 4356 nos
1518 4299 2079 4356 reverendissimum

424 4391 783 4448 monachum
814 4391 1102 4445 Joannem
1121 4391 1634 4462 archiepiscopum
1659 4391 1943 4463 Bulgaria
1975 4389 2080 4444 de-

425 4481 718 4538 crevimus
751 4495 902 4547 esse,
936 4483 994 4534 et
1024 4495 1158 4550 qum
1193 4479 1267 4534 ad
1299 4480 1458 4535 hunc
1502 4480 2081 4552 archiepiscopatum

425 4571 750 4645 pertinent,
777 4568 880 4624 illa
911 4568 1105 4624 eidem
1138 4570 1428 4640 prmstari.
1475 4570 1545 4623 Et
1577 4569 1718 4640 quia
1763 4569 2083 4641 postulavit

427 4662 536 4716 iste
570 4659 787 4714 habere
815 4657 1199 4729 descriptum,
1234 4663 1378 4728 quot
1408 4657 1666 4712 debeant
1694 4659 1756 4712 in
1801 4657 2080 4712 Ecclesiis

427 4749 731 4806 diwcessis
763 4763 883 4802 sum
915 4752 974 4800 et
1021 4746 1436 4818 episcoporum
1496 4763 1739 4802 suorum
1792 4746 1990 4802 clerici
2025 4752 2084 4802 et

427 4839 646 4914 paroeci
693 4837 1056 4904 ministrare,
1117 4836 1390 4892 dedimus
1422 4838 1474 4893 ei
1505 4854 1769 4910 praesens
1820 4837 2080 4910 sigillum

429 4936 647 4988 nostra:
677 4927 854 5000 regiae
886 4927 1237 4998 majestatis.

499 5107 898 5175 Quamobrem
928 5105 1284 5161 mandamus
1325 5105 1495 5160 illum
1561 5106 1799 5178 quidem
1853 5108 2082 5165 archie-

425 5200 740 5272 piscopum
764 5195 982 5252 habere
1015 5195 1078 5250 in
1107 5195 1339 5266 oppidis
1362 5195 1632 5251 άὶιεοθεὶδ
1664 5196 1873 5262 sum,id
1904 5199 2079 5268 est,in

2183 4123 2345 4176 τοῦτό
2403 4121 2514 4177 ἐστι
2586 4123 2732 4197 παρὰ
2807 4123 2979 4178 πάντα
3050 4122 3317 4200 ἐξαίρετον
3401 4127 3468 4180 τὸ
3523 4121 3809 4201 προσθήκην

2187 4210 2432 4284 γενέσθαι
2463 4214 2532 4286 τῇ
2563 4213 2846 4287 Ῥωμαϊκῇ
2878 4213 3026 4288 ἀρχῇ
3057 4213 3148 4268 καὶ
3198 4214 3300 4283 τὴν
3338 4218 3445 4269 τῶν
3507 4211 3808 4286 Βουλγάρων

2186 4301 2426 4375 γενέσθαι
2463 4302 2566 4356 ὑπὸ
2627 4303 2782 4378 ζυγὸν
2837 4299 2950 4357 ἕνα·
3011 4300 3244 4367 ἐντεῦθεν
3291 4302 3382 4358 οὖν
3431 4304 3633 4360 καὶτὸν
3659 4297 3800 4355 εὐλα-

2189 4382 2447 4444 ϐέστατον
2481 4390 2725 4466 μοναχὸν
2781 4390 3034 4461 Ἰωάννην
3093 4391 3528 4467 ἀρχιεπίσκοπον
3587 4385 3805 4460 Βουλγαο

2189 4477 2306 4555 ρίας
2364 4479 2710 4556 ὲκυρώσαμεν
2777 4481 2908 4536 εἶναι
2990 4481 3080 4536 καὶ
3163 4481 3231 4536 τά
3308 4487 3378 4556 τῇ
3436 4474 3812 4557 ἀρχιεπισκοπῇ

2187 4569 2536 4643 προσήκοντα
2564 4571 2690 4645 παρ’
2725 4569 2888 4626 αὐτοῦ
2944 4569 3238 4628 ἰθύνεσθαι.
3300 4570 3397 4627 Καὶ
3452 4571 3563 4627 ἐπεὶ
3593 4567 3808 4643 ᾐτήσατο

2191 4659 2220 4713 ὁ
2273 4660 2524 4720 τοιοῦτος
2582 4657 2868 4733 ἐγγραφως
2923 4653 3071 4734 ἔχειν
3151 4659 3280 4722 τοὺς
3347 4660 3656 4738 ὀφείλοντας
3705 4653 3808 4710 ταῖς

2189 4743 2539 4818 Ἐκκλησίαις
2581 4753 2680 4817 τῆς
2735 4745 2943 4822 ἐνορίας
2998 4747 3164 4803 αὐτοῦ
3221 4748 3311 4804 καὶ
3365 4754 3477 4805 τῶν
3529 4744 3805 4803 ἐπισκόπων

2190 4834 2354 4890 αὐτοῦ
2403 4834 2709 4910 κληρικοὺς
2753 4835 2844 4891 καὶ
2922 4836 3218 4912 παροίκους
3286 4838 3567 4916 ὑπηρετεῖν
3600 4879 3614 4906 ,
3667 4825 3812 4886 δεδώ-

2187 4944 2358 4998 καμεν
2440 4925 2592 4998 αὐτῷ
2672 4929 2734 4980 τὸ
2818 4926 2987 5001 παρὸν
3048 4926 3324 5002 σιγίλλιον
3407 4914 3509 4999 τῆς
3560 4914 3813 5001 βασιλείας

2190 5013 2375 5086 ἡμῶν.

2263 5104 2340 5156 Δι’
2369 5101 2430 5159 οὗ
2461 5102 2966 5180 παρακελευόμεθα,
3011 5103 3171 5160 αὐτὸν
3234 5104 3328 5178 μὶν
3363 5105 3454 5160 τὸν
3481 5095 3808 5178 ἀρχιεπίσκο-

2192 5219 2296 5254 πον
2329 5193 2476 5272 ἔχειν
2510 5195 2585 5258 εἷς
2637 5195 2704 5250 τά
2733 5195 2935 5271 κάστρα
2991 5202 3094 5266 τῆς
3145 5195 3354 5271 ἐνορίας
3389 5197 3548 5252 αὐτοῦ
3599 5191 3712 5260 ἤτοι
3747 5180 3811 5241 εἷς

425 5249 740 5353 Ἇέιζιῖίῖιζ
759 5249 997 5356 ἰὶἕεερει,
1048 5249 1264 5350 Macro,
1295 5249 1354 5338 ει
1383 5249 1623 5339 eius."
1647 5249 1891 5339 cisia.
1911 5249 2070 5342 id};

2201 5249 2287 5254 ’⁷⁷⁷
2334 5249 2419 5272 Ἰν
2463 5249 2467 5250 ⁷
2514 5249 2527 5251 '
2568 5249 2583 5258 '
3049 5249 3092 5266 ιν
3152 5249 3354 5271 “⁷“Γ“ί-ν
3394 5249 3509 5252 ν--η
3622 5249 3633 5260 ,

2187 5288 2288 5355 τὴν
2353 5282 2602 5360 Ἀχρίδα,
2669 5286 2768 5353 τήν
2831 5283 3121 5359 Πρὲσπαν,
3183 5286 3262 5340 ἱὸν
3322 5287 3541 5363 Μάκρον
3594 5278 3675 5336 καί

424 5394 688 5450 parmcos
719 5379 786 5430 3O
811 5396 825 5442 ;
849 5375 1196 5446 episcopum
1220 5375 1501 5429 Castoria)
1526 5375 1585 5428 in
1611 5374 1844 5446 Oppidis
1869 5373 2078 5431 diazce-

423 5469 505 5523 sis
536 5484 682 5532 sua),
713 5466 772 5520 id
807 5470 896 5520 est
927 5465 986 5518 in
1021 5464 1149 5534 ipsa
1179 5464 1466 5528 Castoria,
1503 5464 1562 5518 in
1595 5465 1860 5531 Curesto,
1905 5465 2078 5520 Colo-

425 5574 522 5624 na,
554 5555 819 5617 Deaboli,
864 5555 1048 5608 Boosa
1098 5558 1156 5608 et
1205 5555 1362 5608 Moro
1423 5553 1670 5608 clericos
1703 5554 1770 5607 40
1801 5559 1860 5607 et
1885 5570 2078 5624 parce-

427 5665 528 5703 cos
559 5648 668 5712 30;
703 5645 815 5700 nisi
848 5644 999 5699 forte
1048 5643 1491 5698 numerosiores
1523 5643 1728 5698 habuit
1757 5643 1943 5714 prius,
1975 5643 2078 5699 sed

2190 5355 2469 5444 Κίτζαδιν-
2505 5355 2808 5449 κλήρικοὺς
2864 5355 2916 5446 μ’
2997 5373 3088 5429 καὶ
3166 5355 3469 5450 παροίκους
3525 5372 3587 5429 λ“’
3638 5365 3718 5421 τὸν
3751 5355 3810 5450 γδὶ

2188 5463 2482 5520 ἐπίσκοπον
2544 5463 2848 5537 Καστορίας
2931 5463 3008 5526 εἷς
3091 5466 3156 5518 τὰ
3213 5449 3420 5542 κάστρα
3475 5465 3570 5532 τῆς
3627 5449 3814 5542 ένορίξς

2189 5553 2352 5609 αὐτοῦ
2379 5551 2505 5623 ἤτοι
2556 5551 2632 5615 είς
2691 5551 2860 5621 αὐτὴν
2907 5553 3006 5621 τὴν
3061 5554 3385 5630 Καστορίαν,
3448 5553 3521 5614 εἰς
3555 5547 3658 5603 ιτὸν
3682 5534 3808 5630 Κούς

2190 5664 2398 5720 ρεστον,
2430 5643 2529 5712 τὴν
2563 5642 2854 5715 Κολώνην,
2885 5642 2985 5712 τήν
3035 5642 3136 5697 Δεά
3150 5624 3330 5716 ϐολιν,
3358 5624 3456 5714 τήν
3487 5643 3689 5699 Βοῶσαν
3730 5624 3807 5682 καῖ

501 5772 607 5844 (tl)
651 5772 811 5826 Hanc
839 5768 1340 5844 novellamprimi
1370 5767 1686 5844 ediderunt
1716 5768 1965 5844 Rhallis
1989 5773 2048 5844 et
2104 5771 2288 5844 Potlis
2316 5842 2323 5844 _
2348 5771 2411 5826 in
2467 5769 2750 5844 Collectn
2775 5784 2989 5844 canon.
3025 5771 3088 5838 V,
3123 5788 3179 5844 p.
3213 5774 3340 5844 268,
3372 5790 3442 5831 ex
3470 5766 3655 5826 codice
3704 5770 3801 5814 m5-

433 5840 693 5915 qu'od'am
730 5841 1013 5899 Gerasimi
1041 5841 1492 5913 archiepiscopi.
1523 5843 1601 5896 De
1633 5842 1761 5913 ejus
1791 5841 2159 5914 genuinitate
2187 5842 2421 5898 dubitat
2449 5842 2591 5898 clar.
2625 5840 2793 5897 Zach.
2828 5855 2862 5897 a
2899 5840 3264 5915 Lingenthal.
