4084 6202
288 446 405 506 633

1409 439 1798 501 NOVELLJE
1838 435 2540 501 CONSTITUTIONES.

3562 439 3684 503 634

357 578 445 633 τὸν
475 578 668 651 Μῶρον
700 572 1001 649 κλὴρικοὺς
1038 574 1095 645 μ’
1126 572 1216 627 καὶ
1255 573 1551 648 παροίκους
1581 572 1649 628 λ’·
1705 571 1751 627 εὶ
1779 571 1915 647 τάχα

2041 573 2320 630 nolumus
2354 591 2633 647 superare
2664 590 2978 629 numerum
3011 574 3361 630 clericorum
3393 580 3451 630 et
3495 594 3685 648 para:-

283 669 365 723 καῖ
400 663 806 739 περισσοτέρους
838 665 956 737 εἶχε
986 670 1201 735 πρῴην,
1234 660 1361 716 ἀλλ’
1386 659 1476 716 οὖν
1510 661 1571 715 οὐ
1608 660 1918 736 βουλόμεθα

280 751 610 830 ὑπερϐαίνειν
641 754 730 808 τὸν
765 751 996 826 ἀριθμὸν
1028 755 1137 805 τῶν
1165 748 1449 826 κληρικῶν
1493 751 1583 805 καὶ
1640 750 1914 827 παροίκων

275 849 370 900 τοῦ
423 841 873 918 ἀρχιεπισκὸπου.
930 842 1029 895 Τὸν
1092 837 1150 894 δὲ
1203 838 1496 895 ἐπίσκοπον
1557 836 1918 910 Γλαϐινίτζης

279 936 350 997 εἲς
379 934 539 1002 αὐτὴν
597 933 700 1001 τὴν
764 925 1118 999 Γλαόινίτζαν
1177 930 1268 984 καὶ
1328 928 1405 992 εἷς
1460 930 1527 985 τὰ
1584 930 1784 984 Κάνινα
1824 929 1916 984 καὶ

280 1029 350 1087 αῖς
388 1024 684 1079 Νεάνισκαν
767 1019 1065 1092 κελεύομεν
1131 1015 1277 1093 ἔχειν
1352 1017 1652 1092 κληρικοὺς
1713 1021 1770 1091 μ’
1826 1018 1915 1074 καὶ

278 1115 564 1189 παροίκους
600 1112 659 1185 μ’
696 1110 787 1166 τὸν
849 1106 907 1164 δὲ
966 1107 1261 1164 ἐπίσκοπον
1320 1106 1645 1183 Μογλαίνων
1680 1108 1755 1171 εἷς
1782 1108 1917 1164 αὖτὰ

273 1205 335 1259 τὰ
359 1199 635 1278 Μὸγλαινα
673 1199 762 1255 καὶ
820 1198 914 1253 τὸν
973 1197 1248 1274 Πρόσακον
1297 1203 1391 1253 καῖ
1431 1198 1531 1268 τὴν
1592 1194 1912 1275 Μυρίχοὸαν

272 1293 355 1350 καὶ
406 1293 504 1361 τὴν
567 1289 797 1360 Σετίνην
855 1287 945 1344 καὶ
1003 1290 1094 1343 τὸν
1158 1282 1453 1361 Ὀστροὸὸν
1540 1288 1628 1343 καὶ
1699 1288 1775 1352 εἰς
1848 1289 1915 1343 τὰ

272 1380 508 1457 Ζαόδρυα
551 1377 857 1453 κληρικοῦς
920 1386 976 1433 te‘
1032 1376 1122 1432 καὶ
1182 1376 1478 1452 παροίκους
1541 1378 1616 1432 ιε’·
1674 1377 1765 1433 καὶ
1819 1377 1912 1433 τὸν

271 1470 552 1527 ἐπίσκοπον
587 1469 903 1531 Βουτὲλεως
937 1468 1014 1532 εἷς
1068 1468 1165 1537 τήν
1206 1465 1542 1541 Ιίελαγονίαν
1602 1467 1689 1521 καὶ
1719 1466 1795 1529 εἷς
1820 1466 1912 1522 τὸν

271 1561 545 1632 Πρίλαπον
573 1562 668 1616 καὶ
700 1560 777 1622 εἷς
807 1560 909 1629 τήν
949 1558 1212 1633 Δευρετήν
1262 1557 1351 1612 καὶ
1404 1556 1480 1620 εἷς
1534 1558 1624 1612 τὸν
1681 1557 1912 1615 Βελεσὸν

272 1648 569 1727 κληρικοὺς
632 1651 692 1705 ιε’
721 1648 811 1704 καὶ
854 1647 1151 1725 παροίκους
1213 1648 1290 1702 ιε’·
1344 1647 1433 1701 καὶ
1486 1648 1575 1701 τὸν
1622 1645 1917 1703 ἐπίσκοπον

276 1739 694 1815 Στρουμμίτζής
724 1737 799 1799 εἷς
839 1737 1004 1807 αὐτὴν
1061 1737 1160 1806 τὴν
1220 1736 1640 1813 Στρούμμιτζαν
1686 1737 1776 1790 καὶ
1825 1736 1919 1791 τὸν

268 1824 606 1884 Ῥαδὸϐιστον
668 1826 760 1883 καί
813 1827 903 1882 τὸν
966 1825 1228 1896 Κονὲτζην
1287 1824 1590 1900 κληρικοὺς
1652 1825 1771 1901 ιβ’,
1828 1823 1918 1879 καὶ

272 1918 556 1992 πιροίκους
615 1919 727 1994 ιβ”
787 1918 875 1972 καὶ
934 1915 1025 1970 τὸν
1077 1914 1373 1970 ἐπίσκοπον
1436 1908 1787 1989 Μοροόίσδου
1844 1913 1922 1978 εἰς

275 2007 422 2063 αὗτὸν
477 2008 569 2062 τὸν
632 2001 978 2080 Μορόϐισδον
1037 2004 1127 2060 καὶ
1197 2005 1288 2060 τὸν
1349 2004 1614 2073 Κοζίακον
1667 2003 1757 2058 καὶ
1814 2004 1913 2072 τὴν

2030 680 2231 719 corum
2256 664 2708 736 archiepiscopi.
2733 664 3091 735 Episcopum
3114 664 3451 721 Glabinitzaa
3474 666 3533 722 in
3552 668 3682 740 ipsa

2030 753 2372 821 Glabinitza,
2407 761 2467 810 et
2495 755 2556 809 in
2588 754 2826 810 Caninis
2874 758 2932 808 et
2988 754 3276 809 Neanisca
3324 756 3680 815 mandamus

2028 841 2247 898 habere
2280 845 2528 899 clericos
2553 847 2620 898 49
2652 850 2709 899 et
2740 860 3004 914 parcecos
3044 845 3145 909 30;
3182 843 3523 916 episcopum
3548 866 3681 903 vero

2026 932 2447 1003 Moglaenorum
2480 934 2540 987 in
2570 934 2713 1005 ipsis
2761 932 3082 1004 Moglaanis,
3113 938 3170 986 et
3218 932 3489 1002 Prosaco,
3524 937 3684 991 Miri-

2025 1021 2236 1089 choba,
2277 1024 2499 1093 Setina,
2530 1022 2799 1089 Ostrobo,
2833 1027 2891 1076 et
2940 1021 3178 1076 Zaodris
3224 1022 3471 1079 clericos
3520 1029 3579 1079 15
3625 1030 3684 1081 et

2024 1126 2289 1182 parmcos
2317 1112 2418 1179 15;
2454 1112 2799 1183 episcopum
2835 1111 3062 1166 Butelei
3096 1111 3155 1165 in
3188 1111 3523 1185 Pelagonia,
3558 1115 3687 1171 Pri-

2024 1201 2183 1273 lapo,
2218 1200 2475 1257 Deureta
2499 1209 2556 1257 et
2588 1201 2813 1268 Beleso,
2843 1200 3090 1256 clericos
3124 1204 3186 1255 133
3210 1207 3268 1256 et
3296 1219 3557 1273 parmcos
3578 1206 3680 1271 15;

2026 1291 2370 1363 episcopum
2394 1291 2782 1346 Strummitzm
2807 1291 2867 1345 in
2890 1290 3017 1362 ipsa
3038 1290 3433 1359 Strummitza,
3449 1295 3684 1349 Rhado-

2024 1380 2201 1448 bisto,
2236 1386 2296 1436 et
2324 1382 2573 1436 Conetza
2627 1381 2884 1437 clericos
2920 1382 2984 1436 12
3015 1385 3073 1436 et
3102 1398 3364 1453 parwcos
3398 1385 3503 1450 12;
3561 1386 3683 1456 epi-

2026 1487 2271 1541 scopum
2320 1471 2638 1525 Morohisdi
2693 1472 2753 1526 in
2809 1471 2937 1542 ipso
2989 1471 3322 1527 Morobisdo
3357 1516 3370 1540 ,
3423 1475 3683 1542 Coziaco,

2027 1559 2304 1626 Slabista,
2337 1559 2663 1630 Sthleloba,
2700 1560 3028 1628 Lucobitzo,
3075 1561 3348 1616 Piavitza.
3400 1568 3459 1617 et
3504 1564 3683 1618 Μοιρ-

2030 1648 2174 1704 soba
2204 1648 2453 1705 clericos
2493 1653 2556 1703 15
2591 1655 2648 1704 et
2678 1666 2945 1721 paroacos
2990 1654 3050 1704 15
3082 1667 3095 1717 ;
3140 1652 3485 1723 episcopum
3520 1654 3689 1709 Bele-

2030 1736 2228 1792 busdii
2262 1738 2323 1792 in
2374 1738 2505 1809 ipsa
2562 1738 2912 1807 Belebusda,
2978 1740 3313 1808 Suntiasco,
3346 1742 3680 1812 Germania,

2032 1826 2353 1895 Terimero,
2381 1827 2577 1894 Stobo,
2611 1828 2890 1884 inferiore
2922 1829 3253 1885 Suadeasco
3277 1836 3333 1884 et
3364 1832 3681 1905 Rhmlogis,

2035 1915 2283 1971 clericos
2317 1919 2379 1971 15
2406 1922 2462 1971 et
2492 1934 2754 1987 parmcos
2790 1922 2850 1973 15
2877 1937 2890 1986 ;
2927 1918 3269 1991 episcopum
3291 1921 3590 1976 Triaditzas
3622 1923 3682 1976 in

2027 2006 2156 2078 ipsa
2179 2005 2488 2074 Triaditza,
2523 2012 2581 2062 et
2609 2008 2952 2064 Pernico....

276 2091 584 2167 Σληὸίστην
646 2096 738 2151 καὶ
794 2096 892 2165 τὴν
956 2088 1261 2149 Σθλετοὸἆν
1304 2094 1391 2147 καὶ
1456 2093 1547 2147 τὸν
1609 2087 1978 2163 Λουκόόιτζον
2034 2093 2123 2148 καὶ
2181 2094 2280 2161 τήν
2341 2094 2627 2163 Πιάνιτζαν
2697 2094 2786 2149 καὶ
2843 2096 2941 2163 τὴν
3001 2090 3319 2151 Μολὲσοὸαν
3380 2093 3683 2171 κληρικοὺς

272 2184 325 2238 ιε’
380 2186 462 2239 καὶ
525 2184 830 2259 παροίκους
898 2186 955 2239 ιε’
978 2202 1002 2241 ’.
1068 2183 1157 2239 xui
1246 2184 1338 2238 τὸν
1405 2181 1700 2237 ἐπίσκοπον

1796 2178 2193 2239 Βελεόὁυσδίου
2265 2179 2340 2243 εἷς
2420 2182 2591 2251 αὐτὴν
2658 2183 2758 2251 τὴν
2826 2177 3191 2238 Βελεϐουσδαν
3258 2184 3347 2239 καὶ
3411 2186 3501 2239 τὸν
3572 2192 3681 2239 Σο-

274 2272 540 2329 υντιασκὸν
558 2273 653 2329 καὶ
686 2275 785 2344 τὴν
818 2273 1142 2349 Γερμάνειαν
1176 2273 1265 2328 καὶ
1294 2271 1388 2328 τὸν
1435 2270 1729 2346 Τερίμερον
1784 2272 1873 2325 καὶ
1915 2272 2005 2326 τὸν
2037 2266 2239 2326 Στοϐὸν
2272 2270 2361 2325 καὶ
2391 2271 2484 2325 τὸν
2515 2266 2719 2326 Στοόὸν
2750 2272 2839 2327 καὶ
2860 2272 2951 2326 τὸν
2982 2272 3129 2326 κάτω
3188 2270 3557 2329 Σουαδέασκον
3588 2259 3676 2329 καὶ

272 2360 336 2415 τὰ
377 2361 636 2439 Ῥαίλογα
692 2361 994 2439 κληρικοὺς
1060 2363 1117 2417 ιε’
1174 2362 1262 2417 καί
1332 2359 1629 2437 παροίκους
1683 2360 1741 2414 ιε’
1773 2378 1786 2391 ⁸

272 2451 355 2505 τὸν
388 2451 787 2526 Πέρνικον......

1840 2359 1930 2415 καὶ
1987 2360 2079 2415 τὸν
2146 2357 2443 2414 ἐπίσκοπον
2497 2357 2819 2435 Τριαδίτζης
2870 2359 2945 2423 εἷς
3002 2360 3167 2429 αὐτὴν
3219 2359 3533 2437 Τριάδιτζαν
3591 2349 3679 2418 καἶ
