4082 6200
354 413 471 473 637
1627 421 1691 481 Ο.
1741 423 1809 482 Β.
1860 423 2068 485 HASII
2113 427 2555 493 PllIEFA'I‘IO.
3654 445 3771 503 638

361 554 647 654 veterum
700 557 1112 613 monumenta
1162 572 1194 613 e
1235 554 1361 614 situ
1391 554 1575 629 eruit,
1626 556 1987 619 Combeﬁsii
2016 560 2223 621 varios
2252 562 2520 640 labores,
2559 569 2738 646 quasi
2768 589 2801 630 e
2832 574 3106 650 quodam
3150 578 3530 640 inexhausto
3576 580 3770 654 fonte,

362 644 604 705 hauriri
633 646 778 707 inde
808 667 932 708 non
974 667 1174 728 pauca
1204 668 1386 729 posse
1435 651 1514 711 ad
1563 653 2000 715 collectionem
2032 663 2361 720 auctorum
2424 644 2910 741 Byzantinorum
2944 673 3327 735 cumulatius
3385 644 3767 753 augendam:

359 742 409 802 E
466 743 876 823 scriptoribus
933 752 1142 807 autem
1201 747 1289 807 ibi
1347 748 1610 809 servatis
1666 750 1824 811 duos
1876 771 2009 813 esse
2068 756 2485 832 potissimum,
2548 765 2817 823 Leonem
2872 768 3213 831 Diaconum
3273 780 3333 833 et
3392 742 3767 833 Miizhaelem

358 840 659 950 Psellum,
707 862 975 950 quorum
1035 845 1223 906 editio
1268 852 1331 906 et
1387 846 1851 950 desideraretur
1920 851 2159 913 dudum
2228 873 2265 914 a
2324 856 2471 917 viris
2531 859 2754 933 doctis,
2804 872 2864 924 et
2922 875 3083 928 esset
3134 871 3267 946 jam
3315 871 3659 950 aliquando
3716 872 3771 931 si

358 939 565 999 minus
594 941 903 1014 confecta,
937 949 1245 1022 concepta
1276 950 1441 1006 certe
1502 946 1714 1006 animo
1771 954 1961 1025 atque
2001 949 2249 1012 aﬂ'ecta.
2309 957 2464 1014 Nam
2501 956 2677 1017 illum
2720 960 2926 1038 ipsum
2968 939 3440 1028 Combeﬁsium.
3473 974 3770 1031 testatum

358 1044 450 1145 est
481 1058 558 1099 ex
581 1040 823 1103 Harles.
853 1042 1014 1103 Bibl.
1049 1046 1243 1105 Graec.
1279 1046 1407 1120 VII,
1445 1044 1759 1145 6615mm
1791 1055 1954 1109 esset
1983 1049 2193 1110 animo
2224 1059 2430 1113 erecto
2464 1056 2541 1114 ad
2575 1055 2936 1135 indaganda
2965 1062 3027 1122 in
3086 1064 3419 1145 lucemque
3446 1069 3770 1129 evocanda

359 1138 721 1200 Graecorum
751 1141 1007 1220 scripta,
1042 1141 1353 1221 imprimis
1383 1143 1805 1205 ecclesiastica
1840 1151 1902 1206 et
1928 1146 2293 1226 Byzantina,
2330 1150 2785 1214 Bibliothecam
2824 1159 3078 1236 Regiam
3111 1138 3497 1224 scrutantem
3529 1166 3767 1242 cepisse

360 1252 500 1339 cum
533 1238 757 1299 Leonis
789 1245 919 1299 tum
979 1240 1170 1300 Pselli
1226 1241 1410 1319 (XIV)
1470 1241 1892 1319 cognitionem
1952 1244 2420 1326 editionemque
2463 1250 2791 1330 utriusque
2848 1255 3208 1320 adornasse.
3268 1262 3428 1331 Quin
3484 1238 3621 1339 ipse
3680 1265 3767 1323 sic

359 1331 552 1437 habet
600 1336 765 1395 notis
819 1337 898 1396 ad
954 1338 1491 1399 Auctarznoviss.
1550 1338 1853 1399 Biblioth.
1914 1343 2186 1403 Graacor.
2246 1347 2418 1407 Patr.
2478 1348 2673 1408 Paris.
2718 1352 2895 1424 1672,
2959 1373 3017 1432 p.
3053 1358 3193 1434 545,
3245 1331 3617 1418 subhorride
3674 1360 3773 1437 (ut

357 1431 734 1511 plerumque
788 1434 1148 1514 incomptus
1180 1437 1360 1497 estin
1421 1437 1705 1498 oratione
1736 1438 1987 1517 Latina)
2019 1457 2032 1499 :
2068 1440 2284 1501 Photii
2340 1445 2577 1506 technas
2632 1447 2934 1530 malasque
2962 1431 3119 1513 artes
3149 1431 3283 1514 cum
3316 1455 3435 1515 alii
3453 1431 3769 1534 prosecuti

351 1539 485 1632 sunt
514 1529 710 1591 θνατοί
731 1532 1004 1632 aequales,
1029 1544 1134 1594 aut
1159 1554 1379 1632 parum
1409 1554 1719 1615 suppares,
1756 1544 1876 1597 tum
1904 1558 2063 1599 meus
2090 1539 2413 1618 Logot/teta
2437 1542 2564 1622 (hic
2596 1551 2689 1606 est
2720 1529 2971 1611 Simeon
2997 1553 3295 1631 magister
3325 1559 3386 1613 et
3418 1529 3769 1632 logotheta,

354 1627 429 1687 de
461 1648 589 1732 quo
648 1630 887 1732 Ilarles.
921 1632 1059 1705 VII,
1091 1635 1253 1712 417),
1288 1630 1630 1713 siquando,
1661 1654 1810 1712 pace
1840 1634 2027 1696 lenius
2063 1640 2383 1718 aspirante,
2417 1660 2487 1702 ac
2539 1642 3053 1709 Christianissimo
3085 1627 3225 1730 rege
3270 1627 3513 1732 semper.
3528 1652 3769 1725 victore,

357 1727 558 1804 Regia
628 1727 905 1810 Lupura,
985 1729 1250 1792 historia:
1335 1731 1695 1812 Byzantium
1767 1754 1940 1814 paene
2013 1738 2336 1798 necessario
2407 1742 2835 1821 supplemento,
2904 1767 3034 1807 cum
3111 1727 3299 1810 Leone
3373 1727 3637 1810 biacono
3715 1761 3773 1810 et

359 1824 655 1886 Michaele
710 1826 939 1903 Psello,
998 1830 1232 1909 regium
1291 1848 1427 1890 vere
1478 1829 1806 1912 multiplici
1864 1834 2036 1894 titulo
2110 1847 2554 1915 argumentum,
2611 1840 2774 1914 furis
2823 1844 3064 1922 publici
3125 1848 3293 1926 regia
3363 1847 3770 1926 muniﬁcentia

352 1924 704 2003 faciat:ne
761 1925 879 1985 sibi
929 1946 1039 2007 per
1093 1947 1293 1989 moras
1341 1928 1629 2002 Batavus,
1690 1939 1797 1991 aut
1850 1950 1995 2010 gens
2050 1934 2197 2008 alia,
2258 1953 2388 1995 eam
2444 1936 2705 2016 gloriam
2763 1942 2994 2018 rapiat.
3057 1924 3283 2005 Sedis.
3343 1946 3497 2005 1679
3528 1924 3583 2005 ia
3640 1945 3768 2005 vita

354 2021 644 2083 discessit
696 2024 1136 2099 Combeﬁsius,
1198 2026 1402 2105 deque
1460 2027 1706 2088 duobus
1762 2028 1948 2089 tomis
2004 2031 2288 2091 Auctarii
2362 2034 2712 2112 Byzantini,
2780 2058 2939 2116 quos
3014 2040 3290 2101 edendos
3365 2041 3481 2101 sibi
3528 2061 3765 2121 propo-

355 2127 595 2192 suerat,
657 2140 735 2183 ne
793 2124 1066 2201 priorem
1125 2125 1379 2203 quidem
1436 2125 1642 2203 potuit
1690 2126 2038 2204 divulgare.
2093 2130 2152 2189 Is
2210 2129 2397 2206 enim,
2460 2133 2795 2211 scriptores
2855 2143 2997 2213 post
3051 2138 3501 2217 Theophanem
3558 2140 3761 2199 conti-

353 2236 535 2289 nens,
617 2221 1095 2281 Constantinum
1170 2221 1801 2302 Porphyrogenetam
1879 2225 2019 2286 dico
2098 2225 2176 2287 de
2247 2227 2388 2288 Vita
2462 2230 2697 2302 Basilii,
2776 2234 3290 2296 Continuatorem
3371 2255 3758 2315 anonymum

350 2318 785 2397 Theophanis,
844 2321 1154 2381 Joannem
1230 2321 1687 2397 Cameniatam,
1772 2324 2111 2402 Georgium
2174 2326 2578 2400 monachum,
2636 2328 2819 2402 alios,
2878 2351 3004 2393 non
3062 2332 3183 2392 nisi
3238 2337 3535 2395 sexennio
3595 2342 3758 2414 post,

346 2425 615 2477 curante
671 2416 1040 2478 Sebastiano
1098 2416 1697 2499 Mabre—Cramoisy,
1759 2439 1834 2480 ex
1888 2422 2312 2501 typographia
2368 2424 2564 2501 Regia
2610 2443 2667 2485 a.
2705 2428 2857 2487 1685
2916 2429 2980 2488 in
3038 2429 3245 2490 lucem
3304 2431 3588 2510 prolatus
3645 2439 3760 2491 est.

342 2512 561 2574 Editio
644 2514 922 2589 alterius,
988 2515 1255 2575 Leonem
1316 2515 1821 2596 Michaelemque
1902 2518 2179 2578 Psellum
2263 2520 2675 2599 complexuri,
2760 2543 2958 2604 prope
3035 2526 3295 2605 triginta
3371 2528 3552 2587 annis
3621 2534 3768 2606 post

344 2611 688 2673 commissa
762 2618 855 2672 est
930 2612 1228 2673 Michaeli
1284 2615 1365 2673 Le
1423 2614 1642 2688 Quien,
1729 2633 1806 2675 ex
1883 2615 2129 2676 schedis
2196 2618 2671 2680 Combeﬁsianis
2745 2622 3117 2684 adornanda
3192 2642 3207 2684 :
3284 2625 3409 2685 vid.
3484 2625 3757 2685 Echard.

345 2710 676 2789 scriptorr.
709 2710 947 2771 ordinis
994 2710 1399 2771 Praedicator.
1453 2712 1528 2785 II,
1590 2713 1731 2774 684.
1794 2716 1925 2773 Nec
1983 2715 2261 2793 segniter
2312 2716 2367 2775 is
2420 2734 2484 2776 se
2536 2718 2615 2778 ad
2673 2738 2833 2798 opus
2890 2721 3191 2795 admovit,
3248 2722 3337 2784 ita
3394 2728 3462 2783 ut
3517 2726 3640 2784 Leo
3696 2723 3761 2783 in

349 2808 779 2888 typographia
830 2808 1021 2887 Regia
1077 2808 1364 2869 formulis
1410 2808 1544 2888 jam
1605 2817 1849 2891 coeptus
1905 2811 1984 2872 sit
2030 2812 2323 2891 describi,
2384 2813 2641 2895 ipseque
2700 2818 2783 2878 Le
2835 2819 3034 2890 Quien
3086 2820 3174 2881 sic
3229 2820 3463 2882 habeat
3519 2820 3757 2881 Orient.

349 2907 668 2967 Christian
725 2911 775 2977 Ι,
835 2910 949 2968 255
1003 2925 1017 2967 :
1084 2907 1225 2982 Qua:
1278 2907 1393 2968 Leo
1433 2907 1738 2970 Diaconus
1792 2917 1985 2986 refert
2040 2911 2099 2971 in
2158 2911 2450 2986 Historia,
2512 2914 2682 2993 cuius
2726 2935 2879 2997 pars
2924 2919 3083 2999 typis
3137 2920 3350 2999 Regiis
3394 2928 3531 2990 jam
3604 2919 3764 2980 edita

349 3015 452 3065 est.
519 3004 771 3066 Atenim
828 3006 1167 3067 intervenit
1232 3006 1630 3086 impressioni
1686 3008 2127 3087 ingravescens
2186 3009 2444 3085 bellum,
2503 3014 2675 3091 quod
2745 3016 2822 3075 de
2878 3017 3319 3095 Hispaniarum
3372 3018 3762 3078 successione

350 3109 598 3183 gestum
630 3108 746 3176 est,
798 3102 1250 3185 consiliumque,
1310 3110 1377 3166 ut
1432 3105 1648 3167 scribit
1703 3106 2030 3168 Echardus
2085 3108 2207 3168 loc.
2260 3109 2393 3183 cit.,
2452 3110 2615 3190 quod
2667 3112 2963 3174 Michaeli
3009 3114 3091 3173 Le
3148 3113 3337 3187 Quien
3392 3122 3761 3175 commissum

344 3214 475 3263 erat
501 3201 957 3284 exsequendum,
973 3203 1232 3284 jamque
1262 3203 1423 3283 typis
1453 3203 1661 3282 Regiis
1692 3204 2007 3284 inceptum,
2055 3205 2199 3267 bello
2232 3215 2354 3266 tum
2400 3210 2690 3269 atrociori
2735 3210 2954 3290 ubique
2997 3212 3295 3291 flagrante
3352 3212 3751 3290 interruptum

346 3310 424 3360 est
454 3320 526 3363 ac
549 3303 887 3381 prolatum.
925 3303 1087 3380 Ergo
1143 3319 1348 3381 neque
1376 3302 1733 3363 Combeﬁsii
1762 3321 1955 3381 opera
1994 3322 2199 3382 neque
2235 3304 2579 3381 Lequienii,
2613 3324 2670 3364 a.
2710 3307 2887 3382 1733,
2922 3308 3046 3367 vita
3078 3308 3295 3380 functi,
3334 3308 3520 3368 Leoni
3553 3298 3760 3385 potuit

348 3399 668 3478 prodesse.
706 3402 783 3460 Et
840 3399 1053 3460 mirari
1091 3399 1260 3477 licet,
1294 3400 1583 3479 plagulas
1640 3400 1782 3460 illas
1839 3408 1989 3462 tunc
2044 3401 2381 3479 impressas
2428 3402 2759 3481 interiisse,
2807 3424 3005 3483 prope
3062 3406 3292 3479 dicam,
3350 3406 3413 3465 in
3459 3405 3751 3477 nihilum,

349 3516 553 3575 neque
585 3516 853 3576 usquam
877 3498 1014 3578 jam
1072 3516 1463 3577 comparere.
1500 3501 1632 3577 Ego
1662 3504 1829 3559 certe
1861 3504 2176 3559 scrutatus
2219 3516 2356 3558 sum
2412 3518 2552 3577 quae
2589 3502 2786 3579 potui,
2835 3511 2895 3563 et
2950 3503 3313 3582 perquisivi,
3348 3509 3755 3583 percontatus

350 3613 604 3675 quoque
636 3602 895 3674 agentes
926 3595 1366 3676 typographiaa
1421 3596 1654 3675 Regiae,
1709 3596 1876 3656 viros
1904 3616 2028 3657 non
2060 3596 2263 3657 solum
2322 3597 2733 3675 peritissimos
2760 3600 2910 3660 artis
2940 3620 3091 3678 suae,
3150 3620 3367 3663 verum
3427 3602 3758 3663 historicos

352 3712 628 3772 quoque,
665 3700 1350 3774 monumentorumque
1398 3694 1667 3756 ofﬁcinae
1725 3694 2006 3773 ipsorum
2058 3694 2498 3773 percuriosos:
2563 3696 2860 3776 reliquias
2922 3698 3213 3759 editionis
3268 3698 3440 3759 illius
3488 3699 3757 3778 incepta:

350 3790 558 3851 nullas
586 3791 766 3869 potui
794 3792 1093 3854 nancisci.
1126 3792 1520 3872 Quapropter
1552 3791 1709 3872 (XV)
1765 3791 2070 3872 suspicor,
2123 3792 2509 3871 exemplaria
2540 3812 2613 3855 ea
2644 3796 2740 3857 vel
2792 3814 2939 3857 casu
2998 3798 3211 3876 aliquo
3269 3797 3593 3876 peculiari,
3658 3797 3756 3857 vel

354 3889 503 3949 data
532 3908 747 3969 opera,
783 3890 974 3951 fuisse
1006 3890 1232 3952 deleta.

431 4088 542 4148 III.
577 4086 940 4167 Reliquerat
967 4087 1160 4167 igitur
1188 4087 1621 4163 Combefisius,
1656 4107 1734 4150 ex
1764 4088 1883 4149 hac
1913 4087 2042 4149 vita
2092 4086 2397 4166 migrans,
2456 4106 2600 4150 cum
2654 4090 2776 4151 alia
2830 4090 3130 4171 praeclare
3184 4090 3484 4151 inchoata
3534 4091 3754 4166 multa,

353 4191 485 4248 tum
544 4187 916 4258 confectam,
982 4193 1051 4247 ut
1109 4185 1377 4259 videtur,
1436 4185 1661 4247 Leonis
1715 4185 2030 4264 Psellique
2086 4186 2437 4246 versionem
2510 4188 2822 4247 Latinam.
2883 4188 3005 4248 Sed
3075 4187 3183 4246 illa
3246 4188 3477 4264 priora,
3546 4187 3759 4246 multis

354 4285 631 4363 undique
657 4284 723 4344 in
752 4284 1015 4345 schedas
1043 4284 1332 4345 exstincti
1361 4284 1792 4346 involantibus
1819 4284 1916 4363 (ut
1944 4284 2073 4343 fere
2105 4283 2173 4343 fit
2211 4283 2274 4342 in
2306 4283 2698 4345 eruditorum
2729 4285 2954 4364 obitu),
2986 4284 3288 4363 dissipata
3316 4290 3702 4343 evanuerunt
3739 4299 3754 4343 :

353 4383 698 4442 versionem
732 4381 956 4442 Leonis
1011 4400 1085 4442 ac
1149 4381 1333 4443 Pselli
1385 4381 1643 4443 Parisiis
1696 4381 1762 4441 in
1820 4380 2060 4442 aedibus
2116 4381 2236 4439 FF.
2302 4381 2854 4442 Dominicanorum
2912 4381 2993 4441 ad
3051 4381 3244 4440 vitam
3302 4382 3362 4441 S.
3427 4380 3753 4454 Honorati,

355 4480 458 4540 ubi
490 4479 618 4540 vita
650 4480 832 4540 cessit
860 4479 1288 4552 Combeﬁsius,
1326 4480 1560 4541 multos
1592 4498 1790 4541 annos
1844 4483 2227 4540 asservatam
2285 4496 2417 4537 esse
2474 4484 2742 4550 constat,
2796 4477 3057 4556 ejusque
3087 4477 3332 4556 00piam
3374 4476 3522 4536 viris
3552 4475 3752 4536 doctis

355 4577 784 4656 compluribus
839 4578 1094 4638 factam.
1164 4579 1256 4639 Ita
1314 4578 1471 4640 varii
1529 4579 1716 4639 variis
1773 4578 1924 4639 locis
1981 4598 2107 4640 non
2167 4579 2371 4640 solum
2428 4575 2808 4637 mentionem
2868 4576 3147 4635 fecerunt
3215 4574 3458 4647 Leonis,
3536 4592 3752 4635 verum

354 4675 523 4735 illius
575 4676 931 4753 fragmenta
1001 4675 1249 4755 scriptis
1326 4694 1579 4755 quoque
1652 4677 2053 4739 inseruerunt
2131 4678 2283 4739 suis.
2346 4675 2533 4739 Velut
2578 4673 2932 4735 Bandurius
3008 4676 3240 4752 Imper.
3297 4672 3596 4734 Oriental.
3674 4673 3747 4744 ll,

354 4772 495 4843 465,
553 4773 693 4843 480,
752 4775 892 4846 481,
954 4774 1091 4845 726,
1153 4774 1322 4851 728;
1386 4774 1748 4854 Ducangius
1806 4793 1948 4835 cum
2007 4775 2071 4835 in
2149 4775 2462 4838 Glossario
2521 4790 2646 4832 non
2726 4790 2851 4832 uno
2910 4771 3069 4844 loco,
3126 4776 3259 4831 tum
3336 4770 3399 4830 in
3459 4771 3623 4832 notis
3677 4769 3756 4831 ad

354 4873 662 4931 Zonaram
729 4873 803 4943 ΙΙ,
858 4872 957 4946 90,
1018 4870 1156 4945 103,
1221 4872 1357 4950 105,
1443 4872 1607 4946 107;
1708 4872 1988 4933 omnium
2071 4874 2344 4935 maxime
2423 4877 2630 4933 autem
2713 4869 3029 4930 Francisc.
3113 4870 3341 4947 Pagius
3409 4869 3615 4929 Critic.
3694 4869 3759 4929 in

363 4968 626 5029 Annales
699 4968 955 5030 Baronii
1026 4969 1139 5048 III,
1221 4970 1364 5043 873,
1430 4989 1557 5031 eam
1632 4977 1961 5031 versionem
2036 4990 2220 5052 opera
2310 4966 2619 5031 Bernardi
2701 4964 3118 5045 Montfauconi
3187 4986 3222 5027 α
3269 4986 3326 5026 se
3403 4964 3631 5043 lectam,
3709 4976 3765 5028 et

351 5068 555 5146 quoad
574 5066 888 5148 praecipua
911 5065 1114 5143 capita
1144 5065 1312 5147 (utor
1339 5067 1535 5147 ipsius
1566 5068 1794 5149 verbis)
1817 5068 2169 5151 descriptam
2198 5088 2314 5130 esse
2334 5084 2715 5141 asseverans,
2750 5065 2828 5125 ad
2853 5064 3180 5124 historiam
3208 5083 3351 5125 saec.
3379 5084 3417 5125 Χ
3450 5065 3761 5144 vergentis

348 5166 565 5226 certius
596 5164 1038 5226 illustrandam.
1072 5169 1161 5226 Ac
1191 5168 1473 5244 profecto
1505 5166 1642 5246 ejus
1670 5168 2038 5245 fragmentis
2069 5167 2313 5227 refersit
2345 5183 2487 5227 cum
2520 5170 2870 5225 extremum
2904 5169 3143 5224 tomum
3181 5162 3431 5223 tertium
3471 5164 3752 5224 Criticor.

348 5266 489 5335 873,
524 5266 666 5336 875,
699 5264 840 5334 876,
874 5270 1008 5325 tum
1041 5282 1334 5325 exorsum
1366 5267 1522 5325 torni
1574 5267 1783 5343 quarti
1814 5269 1874 5325 3.
1908 5300 1984 5311 -
2009 5266 2106 5326 39.
2172 5265 2347 5328 Unde
2405 5265 2625 5325 eadem
2680 5263 2891 5323 hausit
2950 5261 3307 5340 partimque
3368 5262 3759 5340 transcripsit

347 5363 756 5425 Schloezerus
786 5363 850 5423 in
881 5361 1136 5423 Nestore
1163 5382 1211 5423 s.
1247 5362 1557 5423 Russisc/ze
1584 5362 1862 5424 Annalen
1904 5365 1961 5423 in
1994 5362 2163 5423 ihrer
2221 5361 2682 5443 Grundsprache
2738 5382 2797 5420 u.
2832 5380 2878 5420 ε.
2915 5379 2987 5419 w.
3038 5360 3100 5429 V,
3141 5360 3274 5429 125,
3309 5394 3383 5403 -
3414 5362 3550 5420 177.
3588 5360 3757 5419 Alios

349 5468 569 5522 contra
628 5460 890 5521 nimium
950 5460 1634 5541 quantum'neglexisse
1682 5480 1757 5521 ea
1801 5466 2059 5539 questus
2115 5467 2209 5521 est
2263 5462 2488 5521 Saxius
2533 5464 2853 5519 Onomast.
2900 5476 2967 5528 ιι,
3024 5459 3158 5534 156,
3221 5456 3588 5516 nobilissima
3650 5456 3756 5514 il:’a

349 5569 715 5640 fragmenta,
795 5561 1009 5620 Latine
1062 5556 1247 5637 edita,
1302 5557 1591 5639 quomodo
1664 5558 1911 5619 subinde
1966 5560 2226 5619 homines
2293 5559 2573 5631 eruditos,
2658 5567 2937 5636 tanquam
3022 5554 3212 5618 Guill.
3298 5554 3449 5614 Cave
3522 5554 3751 5611 Histor.

352 5658 612 5718 litterar.
665 5658 986 5737 scriptorr.
1049 5656 1389 5719 ecclesiast.
1464 5659 1541 5731 II,
1604 5657 1740 5730 106,
1802 5656 2195 5739 inprimisque
2247 5656 2307 5717 J.
2367 5661 2447 5718 A.
2520 5653 2868 5715 Fabricium
2930 5654 3084 5713 Bibl.
3146 5655 3247 5710 Gr.
3299 5652 3400 5723 Vl,
3449 5652 3528 5728 (is
3585 5649 3747 5706 enim

352 5774 539 5820 verus
578 5762 673 5819 est
728 5772 1031 5818 numerus
1064 5772 1077 5815 :
1108 5752 1279 5835 apud
1327 5755 1585 5817 Saxium
1646 5754 1874 5835 legitur
1928 5754 2028 5834 V,)
2079 5756 2195 5815 353
2251 5763 2308 5814 et
2362 5754 2499 5814 XIII
2557 5755 2698 5832 788,
2763 5754 2942 5815 latere
2988 5750 3317 5833 potuerint,
3372 5744 3748 5825 cogitatione
