4082 6200
337 444 454 504 639
1587 439 1651 497 Ο.
1699 439 1770 498 Β.
1823 439 2022 501 HASII
2063 440 2504 502 PR/EFATIO.
3603 437 3704 499 6&0

340 579 590 660 assequi
653 597 717 640 se
773 596 895 638 non
957 592 1163 654 posse.
1209 573 1484 635 Tametsi
1539 573 1602 634 in
1635 574 1732 634 his
1761 581 2038 636 erratum
2097 581 2190 638 est
2236 575 2434 655 ipsius
2479 575 2674 637 Saxii.
2736 579 2892 638 Nam
2938 575 3122 636 cadat
3163 573 3298 654 jam
3351 572 3481 652 ejus
3527 591 3709 651 repre-

340 681 562 741 hensio
618 677 680 736 in
741 674 1119 742 Fabricium,
1183 673 1361 751 cujus
1419 671 1740 733 volumina
1796 673 2085 735 exierunt
2151 675 2416 736 alterum
2497 694 2554 734 a.
2639 676 2815 748 1714,
2891 675 3156 736 alterum
3209 693 3266 734 a.
3332 672 3500 744 1726,
3559 671 3704 731 Guil.

339 780 543 840 Caveo
601 779 788 834 certe.
849 772 956 849 qui
1008 771 1252 849 scripsit
1312 789 1368 830 a.
1428 769 1602 845 1688,
1664 770 1814 832 vitio
1871 772 2090 851 nequit
2146 772 2302 847 dari,
2359 773 2529 851 quod
2577 778 2726 835 tunc
2781 774 3097 852 ignoravit
3180 792 3320 852 qua:
3392 769 3603 848 Pagius
3653 786 3704 827 a.

341 876 494 934 1705
555 877 688 932 erat
746 870 1048 931 editurus.
1112 869 1230 931 Sed
1288 875 1358 929 ut
1413 874 1691 930 revertar
1742 869 1822 929 ad
1882 869 2231 931 versionem
2291 871 2836 943 Combeﬁsianam,
2909 871 3287 951 superfuisse
3345 887 3418 928 ea
3485 867 3708 927 videtur

337 989 536 1050 usque
594 971 670 1030 ad
734 977 974 1029 motum
1034 968 1427 1048 repentinum
1509 987 1634 1047 quo
1704 967 1904 1028 Gallia
1982 973 2148 1044 tota,
2229 975 2525 1048 vergente
2595 970 2825 1031 saaculo
2891 971 3234 1049 superiore,
3314 968 3559 1028 confusa
3605 971 3704 1025 est.

337 1071 514 1132 Tunc
597 1067 706 1128 illa
780 1067 918 1146 ipsa
993 1065 1306 1146 procella,
1385 1085 1525 1143 quae
1602 1065 1768 1126 viros
1836 1065 2059 1127 studiis
2133 1085 2204 1127 ac
2287 1067 2587 1129 doctrinis
2657 1067 3162 1147 exquisitioribus
3227 1066 3428 1126 claros
3508 1063 3708 1144 partim

343 1167 573 1246 dejecit
658 1167 736 1227 de
787 1172 951 1227 statu
1009 1165 1203 1242 omni,
1268 1163 1496 1244 partim
1555 1164 1909 1244 praecipites
1967 1165 2358 1244 perturbavit
2409 1185 2483 1226 ex
2517 1166 2774 1246 patria;
2835 1165 3022 1246 (XVI)
3081 1184 3206 1244 quo
3265 1165 3416 1225 flatu
3477 1160 3716 1239 collegia

341 1265 647 1326 litteraria
707 1271 769 1325 et
815 1263 1107 1342 religiosa
1163 1263 1453 1322 universa
1529 1261 1774 1335 evertit,
1852 1263 2066 1324 eodem
2136 1270 2204 1324 ut
2260 1265 2458 1324 multa
2534 1264 2658 1324 alia
2723 1263 2961 1343 ingenii
3021 1267 3448 1331 monumenta,
3503 1257 3715 1320 chartis

340 1362 684 1425 reconditis
761 1362 1081 1439 mandata,
1163 1360 1250 1422 sic
1313 1361 1463 1420 item
1539 1361 1792 1421 ultimas
1868 1360 2166 1440 reliquias
2239 1362 2588 1423 sedulitatis
2663 1362 3138 1424 Combeﬁsiana:
3211 1359 3559 1439 dissipavit,
3619 1362 3714 1416 aut

333 1461 563 1522 obruit.
643 1461 820 1521 Certe
897 1477 1099 1539 neque
1177 1465 1308 1518 tum
1385 1477 1529 1518 cum
1606 1458 2033 1537 expilarentur
2106 1459 2365 1520 libraria
2442 1462 2560 1520 FF.
2645 1459 3223 1531 Dominicanorum,
3315 1475 3514 1535 neque
3585 1471 3708 1514 cum

333 1565 478 1640 post
533 1559 958 1638 surreptiones
1016 1558 1221 1618 varias
1279 1556 1422 1616 libri
1498 1557 1643 1617 inde
1717 1556 1949 1616 residui
2022 1574 2132 1636 per
2206 1557 2628 1619 bibliothecas
2705 1559 2979 1618 diversas
3049 1557 3490 1624 diriberenlur,
3548 1552 3710 1629 quid-

334 1677 524 1738 quam
585 1657 661 1718 de
718 1657 979 1736 repertis
1035 1655 1391 1717 Comheﬁsii
1447 1654 1693 1716 schedis
1750 1655 2033 1715 auditum
2093 1661 2208 1728 est,
2269 1656 2498 1716 nedum
2560 1657 2636 1716 de
2687 1657 3078 1716 versionibus
3129 1655 3350 1716 Leonis
3403 1659 3462 1714 et
3489 1649 3706 1717 Pselli;

339 1774 481 1834 qua)
512 1754 611 1815 vel
643 1755 706 1814 in
742 1753 980 1814 latebra
1041 1753 1254 1832 aliqua
1313 1751 1604 1830 ignorata
1662 1751 2039 1812 delitescunt
2093 1751 2323 1823 adhuc,
2382 1753 2479 1813 vel
2540 1751 2728 1832 (quod
2765 1753 2963 1832 magis
3010 1759 3104 1814 est
3132 1750 3453 1829 credibile)
3482 1746 3717 1808 omnino

335 1853 522 1914 hodie
552 1852 1028 1914 interciderunt.

427 1951 522 2012 1V.
575 1955 802 2023 Quare,
879 1950 986 2010 ubi
1061 1948 1257 2009 semel
1306 1949 1368 2008 in
1418 1947 1699 2008 animum
1750 1947 2124 2008 induxeram
2187 1952 2460 2010 Leonem
2513 1950 2574 2009 in
2640 1950 2844 2010 lucem
2903 1950 3201 2029 proferre,
3269 1947 3405 2007 ﬁeri
3465 1941 3729 2023 Oportuit

332 2069 558 2110 novam
619 2047 1206 2126 interpretationem
1266 2045 1402 2125 ejus
1466 2045 1803 2106 Latinam:
1863 2052 2042 2107 extra
2097 2065 2304 2126 pauca
2377 2068 2519 2127 quas.
2578 2067 2770 2128 supra
2827 2049 2978 2121 dixi,
3030 2047 3090 2107 in
3151 2045 3397 2108 Crilieis
3450 2037 3719 2120 Pagianis

332 2154 726 2209 conservata.
784 2146 1020 2208 Deinde
1077 2144 1428 2224 conquisivi
1483 2164 1625 2223 quae
1680 2144 1759 2206 ad
1808 2145 2255 2206 illustrandum
2312 2147 2683 2226 scriptorem
2740 2151 3121 2226 spectarent.
3182 2146 3328 2220 Sed,
3365 2159 3549 2222 opera
3597 2139 3716 2217 jam

332 2247 460 2306 fere
520 2246 694 2326 prelo
756 2252 998 2325 parata,
1062 2243 1416 2324 perspicere
1477 2243 1663 2322 coepi,
1726 2249 1995 2322 quantas
2056 2243 2192 2324 ejus
2245 2244 2436 2306 editio
2511 2245 2915 2306 difﬁcultates
2983 2250 3146 2306 esset
3202 2243 3519 2311 habitura,
3593 2253 3721 2297 cum

332 2345 510 2419 alias,
558 2363 714 2423 quas
764 2343 864 2403 hic
920 2343 1176 2403 deﬁnite
1233 2342 1489 2404 edisseri
1538 2341 1690 2421 quid
1749 2343 2030 2404 attinet?
2094 2348 2223 2403 tum
2279 2344 2776 2423 magnitudinem
2832 2344 3290 2424 impensarum,
3353 2339 3571 2419 quibus
3623 2351 3725 2394 nec

335 2443 566 2526 privati
637 2442 911 2521 cujusvis
987 2441 1172 2502 unius
1241 2446 1653 2520 suppeterent
1709 2440 1892 2502 facile
1966 2440 2190 2520 copim,
2249 2459 2363 2502 nec
2420 2447 2587 2503 certe
2649 2461 2828 2502 meae.
2912 2441 3290 2516 Accedebat,
3355 2443 3422 2500 ut
3476 2438 3602 2514 ipse
3665 2431 3720 2490 in

335 2540 718 2602 Bibliotheca
781 2539 978 2619 Regia
1038 2539 1154 2599 sub
1209 2537 1274 2598 id
1331 2543 1581 2617 tempus
1639 2555 1839 2598 essem
1893 2537 2436 2616 occupatissimus,
2509 2539 2798 2600 notitiam
2875 2538 3060 2600 codd.
3123 2540 3361 2598 Graece.
3422 2553 3494 2593 ex
3556 2527 3722 2592 Italia

335 2657 553 2700 recens
583 2638 918 2698 allatorum
954 2637 1261 2697 conﬁcere
1292 2653 1551 2708 conans,
1585 2629 1838 2714 qualem
1872 2633 1949 2696 de
1981 2635 2164 2695 codd.
2199 2635 2580 2696 Florentinis
2620 2636 2982 2709 Bandinius,
3019 2637 3092 2696 de
3147 2626 3724 2696 Vindobonensibus

332 2735 704 2799 Lambecius
781 2735 1136 2796 ediderunt.
1218 2733 1667 2806 Quamobrem,
1741 2751 1866 2812 quo
1942 2731 2164 2794 saltem
2262 2733 2702 2814 intelligerem,
2781 2733 2969 2813 quale
3054 2733 3335 2792 virorum
3413 2731 3721 2790 doctorum

325 2834 636 2915 judicium
688 2835 972 2895 futurum
1032 2837 1195 2894 esset
1251 2833 1330 2893 de
1383 2834 1612 2905 Leone,
1647 2831 1800 2892 satis
1852 2835 2003 2892 tunc
2057 2830 2275 2904 habui,
2335 2831 2566 2893 librum
2625 2839 2894 2905 sextum,
2950 2837 3020 2892 ut
3075 2835 3207 2892 erat
3257 2849 3298 2890 a
3333 2847 3431 2890 me
3499 2838 3722 2895 versus,

331 2952 612 2995 seorsum
669 2931 1026 3012 speciminis
1074 2949 1264 2992 causa
1295 2931 1357 2990 in
1389 2930 1590 2991 lucem
1646 2931 1927 3010 proferre
1985 2929 2220 2991 [Votz'ces
2249 2937 2304 2990 et
2337 2931 2627 2993 Extraz’ts
2677 2929 2776 2991 des
2831 2931 2971 2992 Mss.
3007 2928 3077 2990 de
3125 2928 3183 2990 la
3213 2926 3623 3006 Bibliothéque
3650 2918 3720 2979 du

335 3032 467 3105 Boi,
529 3036 650 3092 etc.
683 3031 843 3104 VIII,
895 3033 1010 3090 254
1037 3065 1115 3074 -
1136 3031 1275 3090 296.
1311 3029 1524 3108 Neque
1555 3027 1902 3108 quidquam
1935 3027 2198 3108 posthac
2229 3029 2524 3108 proprius
2546 3035 2638 3090 est
2668 3029 2928 3106 factum,
2960 3045 3146 3108 quam
3187 3031 3256 3087 ut
3287 3022 3715 3105 cogitationem

330 3129 625 3191 editionis
654 3129 916 3208 integrae
945 3127 1202 3189 omnino
1234 3126 1638 3188 dimitterem.
1671 3126 1931 3204 Aliquot
1960 3125 2111 3187 anni
2141 3144 2284 3187 eum
2317 3127 2405 3188 sic
2435 3127 2845 3202 efﬂuxissent,
2885 3143 2982 3187 me
3024 3125 3162 3187 aliis
3209 3117 3723 3186 sollicitudinibus

331 3228 627 3307 curisque
685 3226 977 3303 distento,
1038 3243 1184 3286 ecce
1238 3224 1333 3285 vir
1409 3223 1654 3301 doctus,
1705 3243 1837 3303 quo
1910 3241 2096 3285 nemo
2155 3225 2329 3285 omni
2387 3225 2784 3306 antiquitatis
2847 3222 3366 3304 septentrionalis
3441 3214 3727 3282 memoria

331 3325 783 3399 abundantior,
835 3343 1020 3386 nemo
1050 3324 1112 3383 in
1169 3321 1594 3384 monumentis
1649 3321 1926 3384 historiae
1985 3321 2259 3384 Russicm
2307 3323 2764 3398 examinandis,
2827 3321 3296 3402 comparandis,
3357 3309 3728 3403 explicandis

324 3423 572 3486 acutior
591 3429 702 3484 aut
729 3423 991 3496 felicior,
1027 3422 1358 3503 Philippus
1401 3423 1593 3496 KaUG,
1648 3420 2006 3483 Academias
2054 3421 2405 3500 Imperialis
2451 3422 2854 3484 scientiarum
2902 3420 3400 3500 Petropolitanm
3445 3417 3628 3478 decus
3671 3415 3728 3470 et

324 3528 788 3596 ornamentum,
822 3523 985 3582 ultro
1010 3539 1106 3583 me
1139 3521 1359 3582 litteris
1391 3520 1546 3581 mire
1572 3519 1767 3599 puris,
1793 3519 2035 3595 amicis,
2067 3519 2347 3581 candidis
2369 3519 2544 3592 adiit,
2570 3520 2854 3600 nihilque
2884 3519 3173 3601 opinanti
3200 3507 3726 3580 commonstravit,

325 3620 862 3698 quemadmodum
886 3619 974 3680 rei
1004 3619 1248 3698 pridem
1279 3619 1583 3678 instituta:
1613 3618 1898 3698 expediri
1927 3617 2130 3679 exitus
2159 3623 2387 3698 posset.
2427 3620 2662 3697 Nempe
2705 3617 2953 3698 imperii
2983 3616 3228 3680 Russici
3258 3609 3722 3677 cancellarium,

329 3723 477 3787 etc.,
511 3716 602 3776 ill.
635 3716 928 3776 comitem
958 3716 1284 3776 Nicolaum
1317 3733 1394 3775 ns
1425 3717 1817 3789 ROIANZOFF,
1842 3716 2070 3790 virum,
2107 3721 2175 3778 ut
2207 3714 2376 3777 omni
2426 3734 2798 3796 magnarum
2831 3735 3037 3776 rerum
3097 3715 3286 3775 laude
3324 3709 3724 3774 cumulatum:

333 3813 424 3872 ita
479 3818 698 3872 natum
756 3813 1177 3892 provehendis
1233 3812 1600 3873 liberalibus
1656 3813 1900 3886 studiis,
1961 3833 2103 3874 cum
2162 3815 2227 3874 in
2288 3832 2513 3876 manus
2571 3813 2707 3894 ejus
2773 3813 3096 3874 incidisset
3151 3813 3471 3892 specimen
3531 3799 3728 3885 (XVII)

331 3909 560 3972 Leonis
637 3909 702 3968 in
760 3907 1010 3970 Notitiis
1065 3909 1212 3970 Mss.
1274 3908 1536 3984 editum,
1616 3915 1859 3989 optare,
1919 3917 1990 3971 ut
2043 3912 2315 3992 scriptor
2370 3919 2538 3974 totus
2594 3914 2656 3974 in
2715 3913 2917 3974 lucem
2995 3913 3398 3991 proferatur:
3457 3911 3729 3982 sumptus

333 4006 722 4067 necessarios
777 4006 1067 4067 eumdem
1122 4005 1768 4068 subministraturum.
1838 4007 2097 4070 Mirifice
2152 4009 2348 4089 igitur
2403 4010 2752 4072 delectatus
2809 4011 2930 4071 hoc
2986 4009 3230 4082 nuntio,
3288 4007 3492 4069 multo
3535 3997 3726 4062 acrius

329 4103 535 4166 exarsi
593 4104 673 4166 ad
730 4103 1141 4184 cupiditatem
1209 4103 1438 4165 edendi
1497 4105 1752 4184 operis:
1812 4104 2136 4185 ipsiusque
2211 4107 2439 4168 illustr.
2502 4109 2748 4170 comitis
2803 4107 3028 4170 litteris
3082 4106 3276 4187 paulo
3343 4107 3490 4186 post
3543 4092 3730 4174 magis

325 4203 514 4264 etiam
563 4201 997 4281 confirmatus,
1060 4202 1364 4282 evestigio
1417 4221 1598 4264 orsus
1627 4222 1764 4264 sum
1813 4202 2178 4266 editionem.
2237 4208 2459 4286 Neque
2511 4207 2766 4268 aliunde
2814 4205 3358 4286 amplissimorum
3420 4197 3730 4262 hominum

327 4301 494 4365 mihi,
537 4301 739 4362 defuit
791 4300 1074 4362 studium
1133 4307 1244 4363 aut
1299 4301 1613 4362 voluntas.
1671 4305 1828 4363 Nam
1887 4308 1950 4364 et
2006 4303 2100 4363 vir
2151 4323 2436 4365 summus
2507 4324 2717 4366 comes
2772 4323 2847 4366 DE
2922 4305 3389 4375 Monrssourou,
3460 4291 3729 4360 Francizc

327 4418 466 4479 par,
529 4400 692 4480 regis
741 4399 1254 4461 Christianissimi
1307 4399 1703 4460 consiliarius
1745 4401 2025 4473 intimus,
2087 4419 2231 4461 cum
2299 4403 2908 4464 administrationem
2983 4401 3376 4471 interiorem,
3437 4403 3506 4458 ut
3572 4405 3728 4454 nunc

329 4516 653 4570 vocamus,
732 4497 794 4557 in
873 4496 1073 4558 Gallia
1147 4497 1431 4568 haberet,
1509 4498 1835 4576 redempto
1913 4498 2394 4578 exemplarium,
2469 4505 2537 4561 ut
2611 4501 2812 4573 aiunt,
2883 4517 3147 4561 numero
3226 4497 3407 4559 haud
3485 4491 3726 4570 exiguo.

329 4596 866 4672 expeditissimum
928 4595 1191 4656 reddere
1247 4600 1450 4656 totum
1508 4595 1917 4675 imprimendi
1975 4597 2306 4675 negotium
2365 4598 2664 4676 dignatus
2721 4605 2856 4659 est:
2905 4615 3095 4677 quam
3153 4595 3292 4675 ejus
3351 4593 3727 4655 voluntatem

331 4707 534 4760 ratam
604 4702 749 4761 fecit
806 4707 948 4780 post
995 4720 1137 4762 eum
1192 4702 1411 4762 eodem
1473 4720 1727 4763 munere
1783 4704 2050 4782 fungens
2105 4703 2194 4764 ill.
2256 4705 2437 4766 Dom.
2490 4723 2699 4768 comes
2753 4706 3048 4783 DECAZES,
3109 4709 3257 4776 etc.,
3313 4695 3728 4761 immortalem

324 4798 578 4857 laudem
637 4815 1036 4878 comparans,
1086 4799 1237 4861 dum
1264 4799 1506 4862 litteras
1536 4805 1597 4862 et
1626 4801 1938 4877 scientias,
2001 4801 2388 4882 omninoque
2417 4803 2616 4864 bonas
2673 4802 2928 4882 quasvis
2977 4799 3344 4878 disciplinas
3376 4800 3440 4859 in
3473 4793 3728 4858 Francia

327 4895 552 4956 ﬂorere
583 4902 772 4976 atque
797 4898 1008 4958 ornari
1029 4898 1204 4959 omni
1244 4903 1474 4960 conatu
1504 4905 1685 4960 curat
1713 4917 1728 4960 :
1763 4906 1827 4961 et
1856 4900 1950 4960 vir
1978 4899 2354 4974 eruditione,
2389 4902 2787 4976 auctoritate,
2813 4899 3152 4961 virtutibus
3176 4895 3726 4964 eminentissimus,

326 4992 632 5054 doctrinae
697 4995 1030 5057 Orientalis
1105 5015 1218 5076 per
1272 4997 1488 5058 orbem
1546 5004 1855 5060 terrarum
1907 4999 2220 5079 princeps,
2278 4999 2440 5060 liber
2515 5001 2675 5061 Baro
2730 5000 3070 5060 SILVESTsa
3128 5013 3212 5058 bs
3263 4996 3453 5068 SACY,
3519 4997 3732 5053 Rector

324 5091 762 5156 Universitatis
792 5095 1179 5168 Parisiensis,
1214 5095 1626 5158 institutionis
1656 5098 1926 5178 publica;
1959 5097 2416 5159 constituendae
2445 5099 2614 5172 Vvir,
2659 5098 2896 5160 ordinis
2924 5099 3074 5175 Reg.
3137 5095 3438 5174 Legionis
3465 5088 3728 5162 honorif,

328 5191 684 5270 prmfectus,
721 5193 1078 5254 Academiae
1106 5199 1261 5272 Reg.
1295 5194 1613 5275 lnscriptt.
1647 5201 1709 5257 et
1737 5197 2037 5258 litterarr.
2097 5196 2360 5258 human.
2397 5197 2596 5258 sodal.
2630 5203 2776 5270 etc.,
2806 5195 3165 5256 interventu
3196 5212 3312 5254 suo
3343 5189 3640 5262 obtinuit,
3671 5191 3732 5246 ut

324 5288 390 5348 in
441 5290 865 5371 typographia
922 5291 1114 5370 Regia
1172 5295 1292 5352 Leo
1323 5292 1612 5352 formulis
1667 5293 2152 5354 describeretur.
2187 5294 2303 5366 Ita,
2340 5293 2437 5354 his
2467 5293 2761 5374 auspiciis
2790 5293 3062 5370 incepta,
3123 5289 3366 5350 biennii
3423 5287 3628 5368 spatio
3657 5283 3730 5346 ad

325 5387 562 5448 exitum
613 5388 888 5451 adducta
915 5389 1244 5468 impressio
1293 5394 1434 5448 est:
1472 5388 1712 5450 tardius
1742 5389 2010 5451 fortasse
2064 5408 2254 5469 quam
2309 5393 2621 5466 volebam,
2677 5389 2937 5469 obsequi
2991 5387 3293 5449 continuo
3355 5389 3548 5448 tantis
3593 5381 3735 5443 viris

317 5484 848 5563 jucundissimum
907 5487 1276 5549 existimans
1311 5503 1324 5544 :
1359 5484 1510 5544 satis
1567 5485 1715 5560 cito,
1747 5487 1797 5547 si
1827 5485 2058 5547 molem
2115 5489 2453 5550 voluminis
2483 5489 2928 5567 difficilemque
2959 5485 3268 5546 rationem
3301 5477 3738 5546 commentarii

324 5582 889 5664 characterumque
921 5587 1278 5646 Grrecorum
1310 5586 1575 5660 spectes.

405 5680 478 5739 V.
516 5679 717 5742 Venio
768 5700 936 5742 nunc
992 5681 1073 5741 ad
1104 5698 1177 5740 ea
1229 5698 1371 5760 qum
1427 5685 1718 5742 constant
1775 5683 1853 5742 de
1907 5682 2035 5743 vita
2090 5684 2334 5759 Leonis,
2398 5704 2602 5766 pauca
2647 5703 2820 5758 sane,
2880 5699 2997 5743 nec
3045 5679 3290 5742 diversa
3342 5681 3476 5741 fere
3527 5678 3607 5739 ab
3661 5673 3730 5733 iis

338 5796 479 5855 quae
537 5777 759 5840 Notitt.
817 5780 962 5839 Mss.
1022 5778 1188 5850 VlIl,
1243 5777 1380 5853 257,
1444 5778 1688 5859 pridem
1747 5780 1950 5862 protul

2115 5781 2258 5842 itam
2337 5785 2461 5844 Leo
2520 5783 2676 5846 adiit
2727 5783 2940 5854 Caloe,
2999 5777 3128 5858 (τῆς
3159 5774 3466 5848 Καλοητῶν
3497 5770 3727 5837 πόλεως,
