4082 6200
396 282 507 344 641
1644 287 1711 346 C.
1756 286 1827 347 B.
1872 284 2008 348 HAS

2209 288 2546 351 .l/EFATIO
3704 305 3821 364 642

405 415 492 470 Le
523 407 720 480 Quien
775 407 1016 468 Orieut.
1070 407 1300 509 Christ.
1352 410 1399 468 Ι.
1444 408 1613 488 726.)
1657 428 1798 489 quas
1829 411 2048 472 civitas
2096 417 2189 472 est
2227 412 2392 474 Asiae
2444 412 2909 493 proconsularis
2958 413 3022 474 in
3068 417 3290 479 Tmolo
3342 429 3574 502 monte,
3623 446 3817 509 prope

398 510 637 570 fontem
694 508 939 587 Caystri
996 508 1201 568 amnis
1246 507 1432 587 (infra
1480 508 1573 588 2*)
1617 530 1631 570 :
1683 510 1735 569 is
1786 516 2020 571 tractus
2073 513 2279 572 omnis
2330 512 2591 572 themati
2641 512 3097 574 Thracensium
3149 522 3296 578 tunc
3341 507 3815 590 accensebatur.

390 610 476 667 De
555 613 887 685 parentum
964 606 1328 705 conditione
1398 626 1521 666 non
1602 607 1908 669 habemus
1983 610 2155 688 quod
2231 612 2469 689 liqueat
2535 629 2548 670 :
2633 610 2795 690 patri
2855 630 3081 673 nomen
3164 616 3378 677 Basilii
3433 620 3621 683 fuisse
3684 625 3819 705 ipse

392 705 479 764 ait
535 708 594 779 2,
651 722 724 763 ac
784 703 1053 782 primam
1132 703 1384 782 quidem
1465 706 1785 765 mtatulam
1846 706 1909 765 in
1987 709 2193 786 patria
2255 716 2712 787 parentumque
2771 709 3103 787 disciplina
3178 712 3423 775 videtur
3486 703 3811 799 exegisse:

387 803 531 872 inde
586 802 939 862 studiorum
998 820 1187 862 causa
1259 802 1870 881 Constantinopolim
1932 812 2236 883 tanquam
2299 808 2375 867 ad
2437 808 2695 866 domum
2769 807 3111 884 quamdam
3185 811 3495 875 doctrinae
3571 823 3814 895 profec-

391 904 514 974 tus,
576 900 660 960 ibi
732 920 769 961 a
818 902 958 976 966,
1024 919 1218 960 mens.
1290 900 1518 979 April.,
1589 920 1769 961 sacro
1844 903 2109 963 solemni
2175 904 2597 978 Ascensionis,
2671 911 2841 963 motu
2912 907 3201 985 populari
3260 909 3322 968 in
3393 912 3812 993 Nicephorum

390 999 636 1072 effecto,
718 998 1166 1076 imperatorem
1238 999 1554 1075 gradatim
1630 1017 1742 1077 per
1824 999 2042 1060 urbem
2119 1002 2509 1078 equitantem
2596 1002 2945 1079 conspexit,
3039 1004 3458 1085 virtutemque
3536 1013 3669 1090 ejus
3753 1022 3815 1078 et

385 1098 579 1159 animi
630 1097 993 1158 firmitatem
1053 1096 1298 1177 [XVIII]
1373 1097 1430 1156 vi
1494 1098 1728 1157 furiosa
1802 1096 1999 1176 plebis
2066 1098 2422 1176 perturbari
2497 1099 2992 1178 haudquaquam
3060 1121 3237 1180 posse
3274 1106 3619 1171 admiratus
3690 1122 3804 1177 est.

390 1199 538 1257 Haec
594 1215 660 1256 se
714 1195 1184 1256 adolescentulo
1239 1194 1538 1255 accidisse
1591 1194 1806 1255 scribit
1856 1196 1954 1254 40.
2022 1197 2113 1255 Ita
2143 1195 2193 1255 si
2224 1195 2581 1267 statuimus,
2647 1215 2705 1255 a.
2767 1197 2884 1257 966
2943 1215 3085 1257 eum
3145 1200 3343 1278 egisse
3402 1224 3636 1268 annum
3689 1212 3809 1271 cir-

387 1294 546 1355 citer
587 1300 830 1355 sextum
880 1299 942 1353 et
983 1292 1320 1365 decimum,
1375 1293 1681 1371 sequitur,
1726 1297 1943 1353 natum
1993 1310 2125 1353 esse
2165 1293 2280 1353 sub
2329 1312 2386 1353 a.
2430 1295 2567 1353 950.
2615 1295 2791 1354 Circa
2837 1314 2892 1353 a.
2944 1298 3083 1366 973,
3127 1316 3275 1376 quo,
3324 1302 3553 1365 Basilio
3585 1326 3811 1370 exauc-

386 1399 621 1465 torato,
685 1391 992 1452 Antonius
1049 1390 1410 1465 patriarcha
1462 1396 1711 1451 creatus
1768 1396 1883 1460 est,
1947 1391 2009 1450 in
2064 1391 2209 1451 Asia
2268 1392 2414 1451 fuit:
2478 1391 2565 1451 ibi
2621 1398 2787 1452 certe
2839 1392 3142 1469 gemellos
3193 1405 3643 1475 monstruosos,
3696 1407 3810 1466 im-

388 1491 551 1570 perii
609 1489 962 1569 provincias
1018 1488 1343 1561 obeuntes,
1413 1488 1632 1548 crebro
1692 1506 1756 1547 se
1822 1488 2048 1548 vidisse
2111 1488 2304 1548 tradit
2373 1492 2505 1550 102.
2578 1493 2728 1549 Post
2800 1489 3123 1568 aliquanto
3182 1492 3243 1551 in
3306 1496 3637 1574 collegium
3706 1524 3805 1564 sa-

386 1590 716 1649 cerdotum
776 1586 1201 1665 palatinorum
1258 1585 1513 1656 ascitus,
1578 1605 1635 1645 a.
1695 1588 1832 1656 981,
1894 1604 2036 1646 cum
2105 1587 2371 1647 Basilius
2431 1586 2583 1665 imp.
2650 1606 2878 1665 magno
2949 1597 3261 1667 apparatu
3332 1596 3619 1673 Bulgaria
3676 1600 3806 1661 bel-

388 1686 521 1747 lum
580 1685 860 1756 inferret,
899 1684 1247 1762 castrisque
1300 1685 1378 1743 ad
1439 1684 1812 1763 Stoponium
1881 1683 2101 1762 positis
2159 1684 2537 1744 'I‘riaditzam
2594 1693 2992 1763 oppugnaret
3048 1686 3252 1765 (Cedr.
3315 1692 3391 1750 II.
3451 1696 3617 1774 605),
3674 1699 3804 1759 ἀίὶιο

392 1784 533 1846 coni
593 1801 850 1844 munere
911 1783 1176 1860 fungens
1228 1788 1477 1843 secutus
1547 1782 1916 1843 comitatum
1968 1781 2634 1861 estzrlegionibusque
2701 1790 3040 1843 retrorsum
3097 1788 3316 1865 raptis,
3374 1809 3513 1851 cum
3574 1798 3807 1857 exerci-

389 1890 492 1944 tus
548 1881 918 1961 perterritus
973 1881 1355 1941 interneciva
1412 1882 1590 1941 clade
1644 1882 1706 1940 in
1768 1880 1993 1941 itinere
2053 1881 2426 1954 afficeretur,
2482 1882 2615 1959 ipse
2675 1900 2707 1941 e
2762 1882 3179 1959 Bulgarorum
3238 1888 3515 1966 undique
3573 1912 3799 1971 provo-

389 1980 658 2040 lantium
716 1979 1006 2039 manibus
1062 1979 1231 2060 (107)
1291 1998 1455 2058 azgre
1514 1979 1731 2039 evasit.
1793 1979 1996 2049 Quare
2054 1978 2280 2057 opinor
2336 1979 2397 2037 in
2458 1978 2750 2051 Historia,
2816 1981 3061 2057 quoties
3118 1984 3357 2044 Mmsiaa
3419 1990 3799 2052 mentionem

385 2079 538 2139 facit
566 2078 768 2158 (velut
823 2077 949 2155 38),
1007 2083 1272 2137 tremere
1328 2084 1389 2137 et
1446 2078 1845 2138 exalbescere
1904 2082 2206 2155 tanquam
2266 2075 2515 2155 objecta
2573 2076 2836 2136 terribili
2895 2096 2959 2137 re
3022 2079 3289 2161 videtur,
3350 2084 3504 2143 nihil
3564 2093 3632 2147 ut
3697 2091 3798 2164 sit,

384 2177 558 2254 quod
620 2195 796 2255 asque
844 2175 899 2235 ei
956 2175 1355 2235 formidinem
1412 2175 1583 2236 dicas
1635 2174 1953 2253 injecisse.
2014 2174 2210 2245 Quem
2282 2179 2497 2251 postea
2567 2174 2839 2234 tenuerit
2898 2175 3038 2236 vitae
3098 2196 3349 2238 cursum
3409 2200 3610 2261 neque
3665 2186 3801 2264 ipse

380 2274 643 2349 iudicat,
696 2291 900 2351 neque
952 2273 1058 2333 alii
1105 2274 1396 2333 tradunt:
1451 2273 1567 2334 nisi
1620 2292 1765 2334 vero
1819 2272 1871 2331 si
1918 2273 2059 2351 quis
2108 2278 2224 2350 est,
2280 2271 2387 2350 qui
2436 2271 2654 2332 addita
2708 2272 2961 2333 demum
3014 2281 3197 2337 aetate
3255 2297 3290 2338 a
3344 2298 3549 2341 rerum
3601 2285 3798 2346 eccle-

378 2372 773 2433 siasticarum
831 2388 983 2431 cura
1043 2390 1186 2431 eum
1235 2371 1572 2431 abduxisse
1628 2389 1762 2431 sese
1820 2376 2016 2449 putet,
2048 2374 2238 2448 atque
2296 2370 2359 2429 in
2418 2388 2754 2442 secessum,
2818 2371 3104 2433 Historiae
3173 2377 3515 2439 condendas
3571 2400 3788 2458 causa,

380 2487 444 2529 se
477 2471 811 2549 recepisse.
872 2472 1130 2530 Constat
1190 2475 1377 2538 certe,
1440 2488 1563 2529 nou
1623 2468 1823 2529 exisse
1880 2467 2286 2546 scriptionem
2346 2473 2491 2528 ante
2550 2486 2608 2529 a.
2674 2468 2813 2542 989,
2876 2488 2999 2547 quo
3051 2472 3285 2532 Bardas
3342 2475 3581 2539 Phocas
3638 2498 3791 2541 con-

382 2576 482 2630 tra
534 2568 832 2629 Basilium
882 2569 1037 2647 imp.
1098 2567 1410 2628 rebellans
1456 2585 1793 2646 oppressus
1852 2574 1980 2626 est:
2042 2566 2277 2644 quippe
2329 2566 2465 2643 ejus
2523 2567 2811 2626 interitus
2866 2567 3135 2629 refertur
3191 2572 3323 2631 I08.
3389 2575 3791 2654 Expugnatio

386 2666 743 2736 Chersonis,
804 2668 880 2726 de
940 2684 1066 2743 qua
1128 2668 1259 2735 108,
1318 2670 1379 2725 et
1436 2683 1604 2725 mors
1667 2663 1877 2723 Basilii
1934 2663 2219 2741 praesidis
2288 2662 2476 2743 (106),
2549 2683 2713 2723 anno
2774 2671 2919 2724 ante
2988 2665 3367 2728 acciderunt.
3428 2674 3589 2731 Num
3646 2693 3795 2735 con-

383 2764 595 2825 silium
668 2765 855 2824 fuerit
933 2763 1142 2836 Leoni,
1198 2764 1363 2823 ultra
1437 2762 1757 2823 'l‘zimiscaa
1830 2770 2096 2821 mortem
2175 2761 2484 2821 deducere
2556 2761 2910 2833 historiam,
2988 2763 3262 2824 dubitari
3335 2773 3557 2845 potest.
3638 2774 3795 2833 Nam

391 2863 563 2941 quod
630 2862 846 2923 scribit
902 2864 1039 2933 100,
1115 2862 1302 2931 mala,
1374 2879 1483 2940 per
1548 2860 1794 2920 stellam
1862 2860 2151 2920 crinitam
2222 2865 2706 2938 praemonstrata
2774 2857 2940 2940 (quas
3005 2868 3223 2940 postea
3292 2866 3523 2927 Basilio
3589 2869 3794 2948 impe-

386 2967 566 3023 rante
617 2960 1009 3040 evenerunt),
1058 2979 1171 3021 suo
1225 2959 1502 3039 quidque
1560 2960 1778 3020 ordine
1837 2959 1915 3019 ab
1971 2958 2234 3019 historia
2292 2958 2527 3018 dictum
2574 2958 2672 3027 iri,
2728 2958 2790 3017 id
2822 2958 3083 3020 fortasse
3143 2980 3267 3021 non
3300 2964 3386 3023 sic
3442 2965 3797 3046 intelligen-

390 3059 536 3120 dum
596 3071 709 3132 est,
770 3059 950 3138 quasi
1006 3059 1139 3137 ipse
1197 3059 1316 3118 sibi
1367 3077 1441 3119 ea
1497 3063 1833 3137 seponeret
1881 3057 2222 3128 narranda,
2275 3057 2380 3117 sed
2438 3055 2807 3135 generatim,
2871 3056 3009 3116 aliis
3068 3076 3137 3120 ea
3198 3060 3609 3139 scriptoribus
3668 3086 3793 3128 ma-

390 3158 613 3219 teriam
646 3157 898 3218 dicendi
929 3157 1295 3235 prasbitura.

462 3276 580 3333 VI.
632 3276 798 3352 Ergo
847 3273 969 3333 tria
1027 3272 1419 3352 potissimum
1472 3274 1677 3345 bella,
1740 3272 2073 3347 Creticum,
2127 3271 2499 3340 Asiaticum,
2554 3270 2925 3343 Russicum,
2981 3270 3388 3333 formidolosa
3436 3280 3626 3355 atque
3683 3280 3799 3341 dif-

388 3372 601 3445 ficilia,
662 3372 996 3432 scribenda
1052 3371 1169 3432 sibi
1220 3372 1509 3450 sumpsit,
1571 3372 1920 3449 afferreque
1974 3368 2186 3431 lumen
2247 3368 2446 3428 voluit
2501 3368 2698 3445 rebus
2751 3387 2863 3427 sua
2919 3373 3102 3428 {etate
3161 3368 3532 3453 (959—975)
3579 3376 3792 3452 gestis.

379 3470 497 3530 Sed
554 3476 647 3530 est
701 3488 998 3547 magnum
1059 3488 1288 3530 munus
1359 3469 1653 3548 historia,
1692 3475 1755 3529 et
1806 3487 1884 3529 ex
1940 3468 2112 3528 omni
2154 3466 2479 3544 scripturas
2537 3483 2766 3542 genere
2827 3483 3023 3544 prope
3068 3465 3271 3526 dicam
3324 3468 3790 3553 difficillimum,

374 3567 532 3628 Sunt
598 3567 934 3645 unicuique
998 3569 1229 3628 szeculo
1298 3587 1427 3628 suae
1494 3568 1809 3628 cecitates
1864 3564 2141 3625 mentis:
2204 3568 2300 3635 ut,
2362 3561 2645 3640 quamvis
2701 3568 2928 3622 cratera
2986 3563 3237 3624 ratione
3301 3573 3472 3626 recta
3522 3568 3794 3647 judicet,

375 3665 437 3726 in
489 3665 870 3744 quibusdam
928 3672 1137 3727 tamen
1197 3667 1425 3728 erroris
1481 3673 1673 3745 atque
1732 3663 2130 3726 hebetudinis
2188 3661 2268 3721 sit
2334 3660 2918 3721 condemnandum.
2984 3661 3307 3722 Infinitam
3376 3665 3499 3725 vim
3561 3668 3796 3734 habent

376 3763 743 3841 religiones,
823 3764 1172 3840 instituta,
1251 3766 1600 3838 factiones,
1677 3769 1921 3824 sectae:
1981 3780 2105 3821 non
2185 3760 2379 3833 [XIX]
2461 3777 2585 3817 uno
2659 3758 2843 3819 modo
2921 3759 3275 3837 praestringi
3349 3763 3515 3824 acies
3575 3769 3798 3828 mentis

385 3861 544 3921 solet
602 3861 847 3920 saeculis
906 3862 1089 3921 cultis
1161 3868 1221 3923 et
1296 3862 1586 3935 eruditis,
1651 3862 1878 3920 nedum
1940 3857 2177 3937 asperis
2242 3863 2304 3916 et
2376 3855 2817 3915 tenebricosis.
2873 3857 3151 3930 Accedit,
3220 3865 3288 3917 ut
3353 3862 3581 3922 Leonis
3646 3871 3796 3925 aetas

386 3959 814 4038 eloquentiam
877 3965 1137 4037 poneret
1194 3960 1252 4019 in
1324 3959 1572 4031 florida,
1636 3965 1706 4019 ut
1760 3960 1847 4018 ita
1904 3957 2130 4027 dicam,
2196 3953 2518 4015 oratione:
2580 3973 2724 4014 cum
2798 3972 3088 4032 magnam
3131 3974 3194 4015 se
3250 3957 3515 4038 quisque
3573 3961 3635 4020 in
3699 3964 3795 4024 di-

384 4057 583 4115 cendo
637 4056 889 4116 laudem
958 4058 1254 4135 adeptum
1320 4064 1590 4136 putaret,
1662 4058 1736 4129 si,
1801 4055 1998 4115 multa
2058 4051 2397 4113 acervatim
2471 4052 2838 4130 complexus
2895 4060 3286 4128 ornamenta,
3349 4058 3611 4134 poeticae
3670 4062 3795 4121 dic-

383 4154 570 4213 tionis
627 4154 1032 4214 mmulatione
1085 4156 1530 4233 grandioribus
1595 4154 1820 4231 verbis,
1875 4158 1938 4213 et
1994 4151 2190 4222 duris,
2255 4169 2329 4210 ne
2387 4149 2616 4228 ineptis
2674 4151 2898 4222 dicam,
2962 4152 3349 4229 metaphoris
3398 4162 3562 4215 esset
3620 4177 3789 4220 usus.

385 4254 589 4329 Atque
651 4251 819 4311 haud
895 4253 1022 4312 scio
1090 4272 1301 4313 annon
1368 4254 1714 4333 quidquam
1781 4250 1980 4328 magis
2046 4248 2325 4309 historiae
2400 4246 2655 4319 officiat,
2735 4266 2923 4325 quam
2992 4247 3238 4307 fucatus
3294 4250 3604 4328 ejusmodi
3660 4257 3794 4318 sine

380 4348 689 4426 dignitate
747 4349 962 4410 color:
1020 4352 1274 4429 quando
1330 4352 1419 4412 ita
1478 4351 1672 4411 nimio
1731 4349 2235 4411 calamistrorum
2295 4364 2408 4404 usu
2475 4344 2709 4404 incedit
2764 4343 2991 4415 oratio,
3048 4350 3118 4405 ut
3174 4351 3237 4405 et
3292 4350 3566 4410 sermoni
3620 4351 3796 4430 lepos

381 4448 588 4506 omnis
646 4447 986 4521 adimatur,
1064 4455 1125 4509 et
1197 4468 1406 4509 rerum
1484 4447 1861 4529 expositioni
1927 4445 2101 4506 fides.
2154 4444 2222 4503 Id
2292 4442 2512 4503 vitium
2589 4444 2737 4514 Leo,
2812 4441 3063 4502 tametsi
3118 4461 3241 4503 non
3310 4444 3467 4506 adeo
3524 4448 3797 4511 insaniat

382 4563 575 4625 quam
632 4544 1145 4625 TheOphylactus
1197 4547 1543 4609 Simocatta
1598 4552 1708 4608 aut
1761 4546 2008 4606 Nicetes
2064 4542 2401 4604 Choniates
2456 4539 2543 4619 (in
2603 4540 2992 4601 orationibus
3048 4542 3384 4621 pracipue,
3448 4545 3558 4607 ubi
3616 4566 3792 4609 cum-

382 4643 600 4723 primis
669 4645 932 4722 cupiunt
991 4645 1205 4706 diserti
1267 4646 1507 4726 videri),
1582 4645 1859 4723 effugere
1932 4647 2145 4703 tamen
2221 4638 2395 4699 omni
2448 4657 2517 4699 ex
2580 4644 2755 4716 parte
2815 4657 2939 4698 non
2995 4638 3219 4717 potuit,
3284 4640 3606 4722 Ielicisque
3664 4648 3793 4709 for-

381 4748 547 4804 tasse
603 4742 840 4820 ingenii
899 4761 1147 4804 cursum
1206 4745 1518 4824 oppressit
1573 4744 1732 4804 illud
1798 4748 2100 4820 tanquam
2167 4738 2439 4817 adipatas
2496 4736 2785 4797 dictionis
2844 4737 3145 4797 studium.
3207 4738 3487 4819 Cumque
3545 4761 3583 4803 a
3641 4747 3795 4808 Divo

376 4840 566 4911 Julio,
629 4841 832 4919 primo
880 4844 964 4901 De
1021 4842 1336 4921 analogia,
1414 4843 1651 4904 dictum
1703 4842 1805 4916 sit,
1862 4846 2166 4918 tanquam
2226 4834 2555 4913 scopulum
2617 4834 2704 4894 sic
2762 4834 3127 4913 fugiendum
3188 4836 3541 4900 inauditum
3601 4850 3792 4924 atque

378 4938 654 4998 insolens
705 4939 965 4999 verbum
1031 4958 1205 5014 esse,
1276 4946 1402 5003 Leo
1471 4947 1691 5002 contra
1746 4939 1927 5019 quasi
1983 4935 2289 5016 quasdam
2360 4938 2574 4993 cautes
2644 4932 3013 4993 reformidat
3072 4934 3380 4995 vocabula
3444 4938 3672 5004 idonea
3733 4950 3795 5005 et

382 5036 635 5096 usitata.
711 5039 939 5098 Vocem
993 5042 1227 5122 ἀδελφὸς
1294 5058 1438 5100 raro
1501 5044 1810 5119 usurpat:
1867 5036 1994 5097 crel

2178 5051 2244 5092 ne
2275 5035 2630 5113 αὐτάδελφος,
2690 5036 2966 5111 ὁμαίμων,
3020 5035 3304 5111 σύναιμος.
3350 5040 3528 5117 Πέλω,
3586 5045 3790 5115 τελὲοω

377 5130 475 5207 (ut
544 5138 711 5193 certe
779 5134 1001 5213 scripsi
1069 5136 1171 5216 90)
1228 5140 1422 5212 τελέω,
1470 5143 1726 5218 ὑπάρχω,
1770 5139 1979 5217 πέφῃνα

2226 5129 2349 5209 93),
2399 5133 2628 5210 πὲφυκα,
2663 5133 3013 5209 χρηματίζω,
3064 5129 3162 5189 vel
3238 5132 3516 5210 quidvis,
3587 5142 3794 5218 potius

377 5230 637 5291 adhibet
687 5250 878 5310 quam
924 5239 1058 5311 εἶμί·
1096 5240 1479 5313 ἀκουτίζομαι,
1513 5238 1809 5314 διενηχὲω,
1855 5237 1989 5292 Breve

2223 5231 2464 5301 ἐνωτίζω
2518 5226 2725 5304 potius
2772 5244 2959 5304 quam
3011 5233 3216 5289 ἀκούω.
3252 5228 3490 5293 Passim
3541 5255 3793 5318 quoque

374 5327 583 5386 verbis
627 5330 892 5390 vetustis
937 5348 970 5390 e
1027 5331 1354 5410 poetisque
1403 5332 1597 5393 erutis
1637 5330 1986 5391 orationem
2038 5334 2343 5406 tanquam
2395 5324 2591 5383 stellis
2642 5324 2739 5403 (ut
2788 5324 2904 5385 sibi
2950 5324 3224 5406 videtur)
3282 5339 3789 5417 οτηθι.ἰ’πιωγαῖς

373 5427 475 5500 22,
538 5425 807 5505 arripuit
863 5445 939 5488 ex
994 5429 1271 5507 Odyssea
1326 5431 1394 5490 E.
1454 5431 1593 5505 404,
1654 5429 1762 5489 ubi
1811 5446 1977 5489 nunc

2178 5442 2305 5484 mus
2362 5426 2614 5502 ἐπιωγαί·
2667 5429 2846 5501 Νέων,
2907 5422 3145 5501 vadens,
3204 5428 3304 5501 27,
3362 5448 3396 5490 e
3474 5452 3790 5511 gramma-

369 5518 492 5581 tico
553 5523 808 5602 aliquo,
859 5525 1085 5605 opinor
1140 5526 1306 5606 (vid.
1361 5526 1977 5607 perspicacissimum
2028 5527 2258 5585 Graacae
2328 5517 2732 5600 proprietatis
2793 5521 3101 5581 arbitrum
3151 5524 3322 5585 Frid.
3374 5528 3536 5605 Aug.
3596 5530 3786 5590 Wolf.

368 5620 732 5699 Prolegom.
796 5624 897 5699 IV,
962 5625 1109 5705 18):
1174 5626 1292 5686 nisi
1323 5626 1407 5686 ibi
1468 5627 1640 5687 dicas
1687 5633 1821 5687 νεὼν
1882 5622 2244 5703 legendum,
2297 5619 2555 5697 ejusque
2604 5617 2880 5697 glossam
2931 5638 3062 5680 esse
3113 5623 3431 5701 ἐκκλησίαν,
3490 5628 3790 5688 excidisse

440 5734 460 5755 '
488 5736 752 5809 Numeri,
785 5740 880 5797 hic
910 5745 967 5798 et
1019 5742 1193 5813 infra,
1227 5743 1476 5816 paginas
1506 5744 1645 5801 edit.
1683 5744 1867 5815 Paris,
1900 5741 2182 5819 principis
2231 5737 2677 5809 representant,
2713 5750 2870 5808 quas
2912 5736 3062 5793 inter
3096 5752 3282 5794 uncos
3315 5739 3373 5793 in
3404 5744 3563 5797 textu
3594 5745 3786 5799 Graeco

374 5809 711 5878 posuimus.
3128 5814 3286 5867 Enrr.
3329 5810 3503 5867 Pun.

489 5823 711 5871 “111108.

3128 5823 3286 5867 EDIT.
3329 5823 3502 5867 ΥΑΤΒ.

0 6090 569 6133 *ιώ-Α

4080 4132 4082 4159 |

4078 4218 4079 4265 l

4066 4396 4075 4429 4

4070 4444 4075 4493 l

4065 4508 4073 4589 l

4065 4714 4069 4828 ἐ

4080 4132 4082 4159 |

4078 4218 4079 4265 l

4072 4292 4077 4371 l

4066 4396 4075 4429 4

4070 4444 4075 4493 l

4062 4508 4073 4589 l

4060 4714 4069 4837 ἐ

4060 4858 4067 4921 l

4060 4950 4065 5051 l

4060 5062 4063 5115 λ

4060 5192 4061 5221 l
