4084 6202
315 250 430 308 643
1574 245 1642 307 C.
1691 245 1760 306 Β.
1806 242 1928 302 ΗΔΕ

2125 233 2476 298 ΒιΕῐθΑΤΙΟ
3619 249 3738 307 644

316 377 525 435 autem
574 380 927 460 ἀφικόμενος,
985 372 1081 434 vel
1132 371 1256 432 tale
1309 370 1571 450 aliquid.
1619 377 1850 452 "010%
1911 370 2010 445 32,
2069 363 2524 442 significatione
2571 359 2744 460 ripae,
2799 379 3011 460 rarum
3061 370 3175 436 est,
3225 356 3322 428 vel
3365 369 3556 448 apud
3589 389 3744 450 poe-

317 477 434 532 tas.
495 458 770 534 Verbum
827 474 1178 534 obsoletum
1229 477 1509 551 προσὲπω,
1571 470 1735 530 unde
1791 495 1930 550 προσ

2189 461 2382 522 habet
2437 461 2536 520 99.
2598 458 2720 520 Sed
2772 459 2918 520 nolo
2973 462 3209 524 multus
3259 466 3464 529 videri
3530 469 3600 529 in
3653 489 3752 532 re-

320 591 508 650 quam
570 574 735 634 inter
792 575 1123 651 legendum
1179 573 1611 651 unusquisque
1667 569 1847 630 facile
1890 585 2001 646 per
2057 584 2122 625 se
2180 560 2444 622 notabit.

398 689 530 747 VII.
583 688 767 747 Aliud
815 689 1042 748 Leonis
1099 689 1318 750 vitium
1367 693 1461 748 est
1506 700 2004 765 synonymorum
2053 698 2216 740 vana
2273 674 2716 736 accumulatio.
2767 675 2981 736 Sicubi
3041 680 3493 762 σοϐαρευόμενος
3548 686 3755 765 scrip-

318 787 398 846 sit
462 785 613 864 (13),
691 805 768 845 ne
839 805 1062 864 parum
1137 787 1337 847 multa
1412 784 1606 844 verba
1665 782 1853 842 scisse
1922 799 1931 819 π

2145 796 2230 852 ur,
2301 777 2600 836 continuo
2665 784 2726 836 et
2804 782 3180 857 γαυρούμενος
3251 781 3630 862 subjungit,
3698 791 3758 846 et

313 887 671 962 ἐπαιρόμενός
724 907 781 942 τε
836 889 926 942 καὶ
958 890 1367 965 βρενθυόμενος.
1427 882 1528 941 Sic
1575 879 1837 959 singulis
1885 898 1922 956 p

2137 874 2358 952 aginis.
2412 875 2734 952 Ejusmodi
2794 877 3158 956 tautologiis
3215 879 3537 940 cumulati
3599 888 3750 942 sunt

313 977 639 1055 Byzantini
695 996 912 1038 omnes
992 979 1179 1038 medii
1236 978 1408 1038 aevi:
1476 993 1589 1037 nec
1647 975 1764 1034 nisi
1825 981 2108 1052 tempore
2166 970 2665 1049 Palzeologorum
2732 972 2812 1033 ab
2869 973 3219 1034 acrioribus
3281 975 3573 1054 ingeniis
3628 979 3753 1038 De-

313 1076 535 1136 metrio
591 1076 891 1154 Cydonio,
947 1077 1103 1151 [XX]
1165 1076 1564 1155 Chrysolora,
1626 1071 1958 1134 Theodoro
2012 1073 2201 1140 Gaza,
2273 1069 2721 1148 Chalcondyla,
2779 1070 2844 1131 id
2895 1089 3094 1148 genus
3142 1073 3393 1134 dicendi
3451 1081 3748 1153 spretum

316 1179 408 1233 est
463 1191 535 1233 ac
585 1174 931 1252 repulsum.
992 1174 1192 1235 Simul
1239 1174 1426 1234 iidem
1480 1171 1666 1250 primi
1716 1173 2043 1248 coeperunt
2109 1167 2317 1226 minus
2373 1167 2682 1227 serviliter
2729 1174 3008 1230 veterum
3059 1171 3291 1249 stylum
3350 1189 3432 1232 ac
3477 1190 3750 1246 omnes;

317 1276 379 1330 et
436 1277 616 1331 erant
671 1277 976 1349 tanquam
1047 1271 1324 1332 anniculi
1381 1270 1671 1341 infantes,
1734 1268 1840 1346 qui
1899 1265 2148 1328 nonnisi
2203 1265 2268 1325 in
2325 1265 2662 1338 curriculo,
2736 1273 2846 1327 aut
2901 1275 3219 1347 prmeunte
3275 1269 3468 1339 duce,
3538 1271 3749 1332 inam-

320 1367 562 1428 bulant.
629 1370 764 1430 Non
827 1387 1158 1447 perennem
1219 1387 1292 1429 ac
1357 1373 1724 1447 perpetuam
1787 1372 1920 1426 tum
1977 1363 2355 1443 simplicium
2414 1369 2546 1424 tum
2600 1363 3051 1425 collocatorum
3113 1367 3457 1428 verborum
3519 1377 3585 1430 et
3643 1375 3743 1430 to-

317 1465 442 1523 tius
489 1471 820 1525 structuras
861 1465 1349 1527 concinnitatem
1402 1481 1864 1542 numerumque
1913 1461 2398 1534 aemulabantur,
2441 1479 2566 1521 non
2609 1460 2803 1539 (quod
2853 1468 3045 1540 caput
3089 1464 3247 1543 erat)
3293 1465 3557 1526 animos
3578 1483 3748 1526 erec-

320 1565 417 1620 tos
471 1567 750 1622 veterum
784 1581 803 1620 :
853 1564 960 1623 sed
1019 1564 1068 1623 si
1127 1582 1285 1642 quos
1344 1562 1792 1624 existimabant
1851 1560 2204 1620 imitatione
2259 1560 2505 1636 dignos,
2576 1577 2794 1619 eorum
2855 1561 3114 1638 phrases
3175 1562 3462 1641 undique
3520 1581 3746 1642 arrep-

318 1665 412 1716 tas
469 1658 548 1718 ad
607 1660 869 1720 verbum
925 1662 1389 1721 transferebant
1443 1661 1506 1721 in
1563 1661 1825 1739 propria
1873 1659 2150 1740 scriptaq
2191 1660 2413 1736 Neque
2471 1656 2596 1719 alio
2655 1666 2839 1736 pacto
2897 1661 3019 1720 Leo
3063 1659 3213 1738 egit.
3273 1662 3744 1721 Verumtamen

315 1754 479 1816 inter
533 1774 675 1817 eum
735 1765 795 1818 et
852 1759 1128 1836 aequales
1186 1759 1382 1838 ipsius
1448 1759 1604 1818 illud
1661 1758 1944 1830 interest,
2006 1756 2174 1834 quod
2233 1755 2320 1827 hi,
2383 1761 2692 1834 quantum
2751 1763 3028 1834 possent,
3104 1775 3323 1818 omnes
3392 1777 3743 1838 propemo-

317 1852 466 1911 dum
527 1855 804 1915 omnium
865 1863 1192 1917 auctorum
1270 1857 1574 1917 nobilium
1654 1860 2098 1916 consumerent
2163 1853 2412 1914 arculas
2476 1853 2809 1924 imitando,
2875 1855 3097 1916 Leonis
3154 1875 3362 1918 sermo
3438 1874 3475 1917 e
3539 1856 3742 1918 tribus

317 1950 571 2010 demum
637 1953 916 2014 fontibus
982 1955 1257 2026 ﬂuxerit,
1328 1973 1404 2015 ex
1463 1954 1745 2014 versione
1803 1955 1960 2014 LXX
2020 1955 2437 2032 Interpretum
2493 1951 2709 2030 (libros
2764 1953 2920 2014 Novi
2987 1954 3264 2014 Fmderis
3317 1956 3540 2016 minus
3599 1973 3736 2015 cre-

315 2039 834 2130 bro'compilat),
908 2069 979 2111 ex
1053 2055 1348 2124 Homero,
1420 2071 1495 2111 ex
1562 2051 1836 2130 Agathia
1909 2049 2277 2130 Myrinensi.
2338 2048 2490 2109 Inde
2562 2050 2835 2128 piscatus
2891 2057 2984 2112 est
3041 2052 3419 2127 locutiones,
3501 2053 3734 2132 quibus

316 2145 550 2224 scripta
597 2147 842 2208 infercit
898 2154 960 2209 et
1015 2150 1225 2228 explet
1283 2169 1420 2228 sua,
1483 2157 1785 2228 tauquam
1841 2148 1905 2208 in
1977 2166 2173 2208 unum
2239 2165 2460 2224 agrum
2522 2147 2704 2226 plura
2754 2149 2916 2210 inter
2972 2168 3038 2210 se
3091 2150 3350 2212 inimica
3422 2168 3736 2230 spargens

314 2243 574 2304 semina.
646 2246 768 2305 Sed
823 2266 948 2306 non
1008 2247 1198 2307 refert
1257 2247 1464 2308 alieno
1522 2254 1750 2308 ornatu
1821 2245 2205 2324 distinguere
2271 2263 2652 2322 sermonem,
2723 2245 2840 2306 nisi
2910 2265 3106 2325 queas
3166 2248 3228 2308 id
3288 2265 3437 2308 cum
3495 2247 3735 2326 judicio

313 2348 586 2421 apteque
635 2345 893 2406 facere:
957 2346 1290 2424 minusque
1352 2365 1552 2423 genus
1623 2345 1871 2406 dicendi
1942 2344 2077 2422 ejus
2151 2343 2470 2403 videretur
2533 2343 3004 2418 inconcinnum,
3077 2346 3129 2406 si
3187 2347 3507 2426 depositio
3563 2345 3736 2406 omni

311 2439 657 2502 rhetorices
713 2443 1001 2522 strepitu,
1063 2443 1457 2504 Constantini
1522 2443 2095 2523 Porphyrogenetaa
2154 2441 2445 2520 exemplo
2513 2440 2613 2501 vel
2669 2443 2750 2502 ad
2816 2443 3050 2504 inﬁmas
3107 2443 3309 2522 plebis
3370 2444 3727 2505 orationem

309 2542 435 2597 Leo
507 2557 640 2600 sese
697 2539 1045 2618 dejecisset.
1121 2542 1181 2600 Is
1249 2547 1470 2601 contra
1540 2540 1834 2619 Agathia,
1911 2539 2090 2618 cujus
2149 2538 2763 2618 grandiloquentiam
2825 2546 2887 2600 et
2946 2541 3328 2602 cothurnum
3394 2543 3503 2602 vix
3562 2560 3726 2603 nunc

309 2635 589 2707 ferimus,
641 2637 891 2698 videtur
947 2639 1262 2718 praecipue
1320 2639 1688 2700 delectatus.
1747 2641 1878 2698 Hoc
1934 2637 2365 2699 demonstravi
2415 2638 2622 2698 allatis
2678 2639 2741 2698 in
2794 2640 3264 2700 Commentario
3314 2639 3521 2717 (velut
3567 2639 3730 2718 206')

309 2732 479 2792 illius
530 2734 702 2804 locis,
760 2755 884 2795 non
935 2735 1170 2813 ubique
1228 2741 1476 2796 tamen:
1545 2755 1690 2796 nam
1743 2736 1957 2796 omnia
2013 2733 2275 2793 minima
2349 2735 2627 2794 maxima
2678 2735 2940 2814 vestigia
2992 2736 3364 2796 imitationis
3429 2737 3723 2814 colligere

308 2831 598 2908 putidum
659 2839 791 2893 erat
857 2851 971 2893 nec
1027 2833 1421 2894 conducebat
1479 2834 1824 2914 quidquam
1887 2833 1964 2892 ad
2024 2832 2302 2892 auctoris
2361 2849 2503 2890 cum
2577 2831 3162 2912 interpretationem
3224 2841 3356 2894 tum
3425 2833 3722 2896 emenda-

309 2929 566 2990 tionem.
620 2930 667 2990 E
719 2931 1046 3010 Procopio,
1104 2931 1421 3010 jejuniore
1473 2933 1635 3011 stylo
1702 2951 1798 2992 res
1859 2935 2191 3006 tractante,
2262 2928 2726 2999 nihilvidetur
2777 2931 3116 3010 sumpsisse
3192 2939 3433 3011 praeter
3483 2938 3727 2995 senten-

305 3028 490 3088 tiolas
545 3029 878 3107 quasdam,
937 3029 1197 3090 exordio
1230 3037 1291 3091 et
1359 3031 1752 3091 orationibus
1815 3028 2044 3109 passim
2108 3027 2399 3088 insertas.
2456 3031 2678 3106 Neque
2749 3048 3012 3107 usquam
3100 3029 3230 3090 ullo
3290 3032 3562 3110 vestigio
3618 3030 3724 3089 de-

310 3126 703 3204 prehendere
758 3127 937 3201 licet,
1010 3127 1342 3206 primarius
1416 3128 1799 3208 scriptores:
1862 3124 2320 3204 Thucydidem,
2397 3126 2754 3205 Polybium,
2814 3127 3249 3202 Plutarchum,
3311 3129 3400 3190 ab
3463 3148 3536 3192 eo
3595 3144 3720 3188 esse

310 3225 761 3304 pervolutatos.
811 3227 1123 3287 Praeterea
1179 3227 1449 3305 reperies
1504 3227 1565 3287 in
1627 3245 1701 3288 eo
1755 3227 2130 3307 plerumque
2181 3227 2435 3292 τοιοῦτος
2469 3225 2764 3303 positum,
2829 3225 2935 3286 ubi
2988 3226 3179 3287 Attici
3235 3234 3405 3298 οὗτος
3456 3225 3720 3305 scripsis-

313 3328 471 3383 sent.
533 3323 835 3384 Similiter
892 3343 1072 3385 usum
1134 3324 1581 3386 creberrimum
1640 3323 2104 3404 praepositionis
2159 3326 2296 3385 κατὰ
2353 3341 2467 3402 pro
2520 3331 2598 3385 ὶνο
2649 3323 2844 3401 velut,
2902 3330 2972 3385 ut
3028 3324 3149 3386 hoc
3194 3333 3356 3396 utar,
3422 3330 3560 3400 108,
3608 3335 3717 3391 τοῖς

305 3427 444 3480 κατὰ
469 3427 570 3495 τήν
617 3428 796 3483 ’Λσιαν
834 3429 1205 3498 στασιάζουσι,
1247 3422 1671 3484 rebellantibus
1720 3425 1781 3484 in
1831 3425 1912 3485 As

2101 3427 2282 3486 'erum
2336 3423 2472 3484 haec
2512 3422 2569 3483 ei
2611 3422 2971 3483 communia
3017 3440 3160 3483 cum
3203 3426 3454 3486 castoris
3495 3428 3714 3504 Byzan-

295 3517 464 3577 tinis.
521 3518 682 3578 Illud
744 3519 1080 3596 peculiare,
1148 3540 1384 3598 ponere
1458 3522 1841 3582 infinitivum
1902 3523 2119 3595 futuri,
2181 3523 2288 3583 ubi
2345 3521 2560 3582 aoristi
2617 3519 2712 3580 vel
2771 3520 3100 3599 praesentis
3154 3530 3502 3600 exspectes,
3563 3537 3712 3600 pras-

293 3615 474 3693 cipue
532 3621 676 3693 post
723 3620 1012 3694 βούλεστκι
1071 3615 1256 3696 [ΧΧΙ]
1316 3618 1410 3695 (ut
1466 3621 1567 3691 23,
1619 3620 1759 3698 2t):
1823 3620 2068 3694 deinde,
2133 3622 2297 3682 idem
2350 3617 2752 3691 vocabulum,
2813 3618 3056 3697 aliquot
3106 3619 3291 3680 lineis
3338 3617 3706 3698 interjectis,

292 3711 565 3770 libenter
595 3711 834 3771 iterari.

372 3825 537 3883 VIII.
599 3824 762 3896 Dixi,
813 3825 1210 3885 criminosius
1263 3829 1549 3900 fortasse,
1601 3849 1740 3907 quae
1789 3832 1851 3890 in
1915 3835 2116 3892 Leone
2172 3833 2383 3912 culpet
2431 3832 2696 3912 aliquis:
2760 3850 2874 3893 nec
2929 3832 3211 3910 profecto
3260 3852 3376 3912 ego
3439 3835 3490 3894 is
3550 3849 3704 3918 sum,

289 3921 397 3997 qui
452 3921 671 3982 laudes
702 3921 1026 4000 scriptoris
1066 3923 1448 4004 cujuspiam,
1502 3926 1600 3985 cui
1651 3929 2019 4001 studuerim,
2072 3931 2213 4009 plus
2263 3951 2455 4010 quam
2505 3930 2658 3991 satis
2711 3929 2790 3990 sit
2839 3929 3193 3992 decantem.
3239 3935 3420 3994 Nunc
3461 3945 3697 4010 aequum

291 4023 404 4088 est,
469 4037 608 4097 qua:
668 4019 747 4079 ab
803 4019 913 4080 illo
969 4021 1224 4095 faciant,
1282 4024 1431 4084 item
1492 4042 1881 4087 enumerare.
1941 4031 2032 4088 Ac
2101 4029 2306 4108 primo
2365 4030 2619 4108 quidem
2682 4047 2910 4108 magna
2959 4035 3054 4090 est
3114 4029 3344 4091 Leonis
3402 4045 3706 4092 commen.

287 4116 486 4190 datio,
546 4116 714 4196 quod
763 4136 904 4196 quas
959 4117 1090 4198 ipse
1137 4120 1364 4182 viderit
1413 4122 1633 4184 litteris
1684 4126 2025 4199 mandavit,
2062 4125 2517 4206 habendusque
2576 4132 2670 4187 est
2724 4126 2889 4186 inter
2936 4127 3278 4206 scriptores
3325 4129 3494 4196 illos,
3547 4123 3699 4186 unde

287 4214 426 4287 alii,
502 4216 610 4295 qui
685 4215 994 4294 posterius
1078 4217 1363 4294 fuerunt,
1435 4222 1615 4301 quasi
1671 4241 1703 4282 e
1759 4225 1928 4284 fonte
2000 4224 2331 4303 capiteque
2403 4224 2797 4285 narrationes
2863 4243 3070 4285 rerum
3119 4226 3546 4288 deduxerunt.
3605 4219 3697 4281 Sic

287 4312 618 4391 Scylitzem
679 4317 1034 4373 mutuatum
1095 4331 1230 4376 esse
1287 4318 1366 4378 ab
1427 4320 1630 4379 Leone
1691 4320 1890 4380 multa
1946 4320 2371 4382 demonstravi
2443 4321 2506 4380 in
2563 4321 2766 4382 notis:
2823 4339 2861 4382 a
2923 4321 3188 4400 Scylitze
3228 4328 3440 4384 autem
3495 4316 3697 4382 omnia

288 4408 548 4470 minima
607 4410 882 4471 maxima
931 4413 1272 4492 sumpsisse
1331 4417 1677 4478 Cedrenum
1714 4425 1930 4478 notum
1992 4424 2122 4480 est.
2184 4420 2494 4478 Zonaram
2555 4418 2703 4479 item
2739 4438 2916 4481 usum
2968 4438 3102 4482 esse
3149 4422 3426 4484 Historia
3480 4413 3693 4481 Leonis

288 4507 609 4568 arbitror:
669 4509 796 4570 vid.
855 4511 1136 4589 Ducang.
1209 4514 1286 4573 ad
1345 4518 1572 4575 Zonar.
1647 4518 1722 4586 Il,
1759 4519 1894 4577 l0'l.
1953 4516 2215 4594 Pagium
2275 4535 2527 4596 quoque
2595 4536 2671 4578 ex
2729 4523 2944 4580 nostro
3002 4538 3126 4582 non
3186 4539 3390 4599 pauca
3420 4519 3695 4580 videmus

286 4605 688 4683 emendasse,
763 4625 801 4666 a
857 4610 1315 4672 recentioribus
1370 4613 1430 4672 in
1493 4613 1733 4674 ratione
1789 4620 2143 4693 temporum
2205 4614 2616 4676 conturbata.
2701 4617 2796 4676 Ita
2857 4615 2936 4678 ab
2996 4617 3114 4678 hac
3176 4625 3352 4698 parte
3428 4635 3546 4678 non
3595 4613 3692 4671 in-

280 4699 566 4776 jucunda
640 4701 758 4762 erit
800 4704 1096 4766 studiosis
1173 4707 1612 4789 historicisque
1682 4711 2044 4772 hominibus
2121 4713 2512 4792 comparatio
2579 4713 2904 4794 scriptoris
2962 4716 3160 4776 nostri
3231 4735 3372 4777 cum
3441 4707 3690 4789 reliquis

287 4796 399 4874 qui
468 4797 686 4857 eadem
748 4799 1168 4866 tradiderunt.
1231 4809 1446 4888 Neque
1504 4816 1692 4888 neget
1747 4811 2062 4889 quisqam,
2121 4828 2219 4871 res
2276 4817 2414 4890 post
2476 4810 2718 4872 obitum
2783 4815 3049 4874 Romani
3103 4815 3383 4876 Junioris
3436 4814 3497 4874 in
3552 4806 3688 4868 aula

289 4900 496 4972 gestas
545 4895 643 4994 (i9
691 4896 845 4994 sq.),
897 4899 1307 4966 rebellionem
1356 4909 1580 4969 Leonis
1625 4909 2024 4988 Curopalatze
2075 4907 2234 4990 (90),
2296 4909 2460 4970 bella
2487 4910 2809 4972 Tzimiscm
2860 4931 2971 4991 per
3020 4913 3335 4974 Orientem
3378 4915 3480 4994 (98
3524 4902 3684 4985 sqq~)

289 4992 620 5052 commode
677 4992 755 5052 ab
831 4994 940 5054 illo
1009 5002 1275 5079 exponi.
1361 5004 1593 5065 bellum
1663 5005 2391 5085 Sphendosthlabianum
2473 5007 2607 5067 fuse
2677 5027 2930 5088 quoque
3004 5029 3078 5071 ac
3153 4992 3517 5090 diligenter.
3600 5004 3678 5061 De

288 5089 650 5167 Nicephoro
709 5090 967 5169 perjurii
1023 5114 1164 5168 reo,
1222 5099 1332 5174 25,
1395 5103 1546 5162 satis
1604 5122 1834 5182 magna
1891 5104 2223 5175 libertate,
2301 5104 2378 5165 de
2433 5104 2735 5166 'I‘zimisce
2791 5105 2980 5186 hujus
3048 5127 3412 5187 percussore
3482 5113 3678 5164 severe

287 5192 350 5245 et
402 5187 648 5246 fortiter
713 5187 995 5266 scripsit,
1059 5199 1125 5253 ut
1179 5196 1497 5260 hominem
1560 5203 1712 5261 recti
1771 5201 2144 5281 honestique
2210 5201 2559 5263 studiosum
2613 5203 2798 5264 facile
2854 5221 3198 5283 agnoscas.
3233 5207 3510 5284 Denique
3536 5204 3680 5259 Leo-

285 5303 460 5358 nem,
541 5286 929 5386 temporibus
991 5292 1229 5354 miseris
1304 5303 1367 5357 et
1422 5298 1602 5358 caecis
1671 5299 1752 5358 ad
1821 5299 2150 5359 historiam
2223 5319 2288 5362 se
2355 5300 2815 5375 conferentem,
2887 5302 3101 5382 inique
3170 5318 3491 5386 compares
3547 5307 3675 5356 cum

283 5381 872 5460 pronuntiatoribus
951 5405 1157 5451 rerum
1229 5387 1550 5472 gestarum
1618 5396 1880 5457 florente
1947 5397 2220 5470 Graecia,
2302 5398 2410 5476 qui
2473 5398 2854 5460 curriculum
2933 5381 3102 5462 nacti
3171 5381 3438 5473 felicius,
3495 5403 3669 5456 an?“

283 5479 588 5580 orationis
644 5479 944 5580 facultate
981 5487 1075 5548 usi
1134 5492 1248 5550 toti
1306 5498 1613 5552 terrarum
1646 5492 1784 5554 orbi
1820 5499 2012 5572 atque
2040 5494 2334 5556 omnibus
2362 5495 2610 5556 smculis
2657 5496 3034 5576 cognitionis
3062 5505 3124 5560 et
3149 5495 3518 5580 eloquentiae
3549 5485 3666 5550 cla-

171 5651 173 5653 .
279 5576 529 5638 rissima
567 5577 810 5638 lumina
849 5586 1198 5650 accendere
1229 5595 1591 5669 potuerunt.
1627 5593 1849 5654 Noster
1879 5590 2139 5671 judicio,
2175 5593 2486 5668 doctrina,
2517 5612 2747 5674 genere
2780 5595 3054 5669 dicendi,
3089 5576 3434 5679 exprimere
3472 5581 3666 5652 debuit

349 5692 494 5750 Vide
526 5693 779 5752 indicem
822 5705 892 5752 v0
919 5697 1188 5771 Agat/tia:
1239 5704 1398 5764 Enrr.
1432 5708 1601 5764 Pyra.
