4084 6202
310 263 429 325 645
1606 262 1674 320 C.
1720 261 1789 322 Β.
1838 262 1923 321 ΗΑ

2115 263 2273 323 ηιλΕ
2283 264 2516 327 FA'l‘IO
2630 218 2635 225 i
3610 277 3728 336 646

310 394 675 467 temporum
721 407 979 449 suorum
1030 387 1401 465 imaginem.
1437 388 1859 466 Quapropter,
1911 386 2101 448 modo
2160 388 2363 450 lucem
2417 390 2613 451 addat
2674 392 2860 452 rebus
2917 411 2990 453 ea
3050 399 3235 456 atate
3290 398 3481 475 gestis
3528 400 3730 478 (quod

311 488 600 566 profecto
665 486 867 564 facit),
950 485 1133 546 facile
1189 485 1467 545 feramus
1519 503 1663 544 eum
1715 484 2074 563 astrologia
2150 486 2336 547 ﬁdem
2396 488 2710 562 habuisse,
2776 493 2914 564 104,
2966 492 3258 570 exiguam
3318 496 3727 576 geographia

309 587 599 646 notitiam
634 585 921 665 prodere,
954 586 1054 663 80,
1092 582 1369 644 historia
1402 582 1646 655 veteris,
1682 583 2119 662 92.—Polybii
2149 603 2414 645 acumen
2452 587 2774 665 miramur,
2812 589 3129 649 Plutarchi
3166 591 3426 672 litteras,
3479 596 3726 674 copiam

310 681 669 743 Strabonis.
706 680 821 753 Qui
855 680 1017 739 tanti
1076 679 1192 738 viri
1251 683 1444 757 atque
1504 678 1685 752 tales,
1747 678 2053 757 prasidiis
2110 680 2435 767 sapientia
2494 682 2918 762 circumsepti,
2982 684 3033 743 si
3090 704 3333 747 errores
3384 690 3722 770 deponere,

309 780 528 861 lapsus
551 782 748 841 vitare
784 798 1002 840 omnes
1032 797 1157 839 non
1199 784 1561 857 potuerunt,
1598 778 1739 856 quis
1790 783 1919 838 tam
1952 779 2127 838 rudis
2174 786 2268 839 est
2314 786 2667 860 temporum
2720 783 3230 862 Byzantinorum,
3293 788 3398 865 qui
3449 793 3723 851 Leonem

308 879 375 939 id
406 880 687 959 potuisse
735 878 962 957 putet?

394 995 498 1055 IX.
559 996 737 1054 Hunc
816 993 1033 1072 igitur,
1122 992 1234 1053 illa
1302 992 1533 1053 virtute
1619 992 1942 1062 historica,
2002 1012 2393 1073 quacunque
2458 1001 2572 1074 est,
2636 997 2993 1075 praditum,
3059 1000 3279 1074 [XXII]
3332 1006 3726 1066 conservavit

324 1092 512 1152 nobis
569 1111 731 1152 unus
788 1091 1048 1152 omnino
1104 1091 1306 1152 codex
1361 1090 1766 1151 Bibliotheca
1838 1089 2073 1168 Regia,
2158 1092 2442 1169 signatus
2508 1094 2680 1172 prius
2737 1095 2915 1169 2561,
2980 1115 3145 1157 nunc
3198 1099 3373 1171 1712,
3436 1103 3586 1162 olim
3658 1103 3724 1164 in

309 1189 704 1270 supellectile
776 1190 1086 1251 litteraria
1165 1189 1503 1268 Raphaelis
1577 1188 1855 1249 Tricheti
1926 1190 2011 1249 du
2115 1191 2414 1251 Fresne:
2492 1192 2601 1270 qui
2657 1193 2956 1254 causidici
3006 1196 3477 1274 Burdigalensis
3527 1200 3716 1275 tilius,

310 1308 458 1350 cum
545 1308 776 1369 magno
836 1290 1171 1349 duceretur
1243 1288 1549 1349 librorum
1625 1289 2155 1366 acquirendorum
2232 1290 2464 1363 studio,
2543 1292 2874 1370 Hispanias
2940 1294 3314 1374 Italiamque
3380 1300 3573 1360 semel
3664 1307 3725 1361 et

308 1390 547 1468 sapius
621 1393 923 1467 regnante
997 1386 1314 1448 Ludovico
1369 1387 1496 1447 XIII
1560 1405 1705 1464 rege
1760 1386 2294 1448 Christianissimo
2352 1388 2440 1449 sic
2500 1389 2764 1464 obierat,
2828 1397 2917 1465 ut,
2969 1392 3265 1471 inspectis
3323 1397 3553 1473 passim
3606 1399 3723 1458 ho-

318 1489 564 1550 minum
650 1487 1090 1548 historicorum
1168 1486 1462 1562 librariis,
1542 1484 1859 1564 propriam
1938 1484 2386 1547 bibliothecam
2446 1487 2833 1567 locupletare
2899 1489 3044 1550 inde
3084 1500 3442 1553 conaretur.
3522 1497 3577 1554 Is
3646 1515 3720 1556 ex

315 1586 505 1647 Italia
536 1585 704 1645 hunc
764 1585 1040 1645 codicem
1075 1584 1133 1643 in
1169 1583 1433 1644 Galliam
1495 1582 1871 1662 deportavit,
1915 1588 2184 1642 testante
2216 1584 2589 1645 Combefisio
2622 1586 2861 1663 Origin.
2897 1588 3070 1664 Cpol.
3104 1588 3242 1648 265.
3282 1589 3515 1651 Deinde
3574 1610 3717 1652 cum

314 1685 453 1747 vita
514 1683 882 1744 excessisset
933 1682 1284 1760 Trichetus,
1340 1684 1399 1741 J.
1461 1682 1530 1741 B.
1593 1680 1943 1752 Colbertus,
2004 1680 2322 1741 Ludovico
2378 1683 2509 1743 XIV
2568 1685 2792 1761 Magno
2849 1685 2929 1745 ab
3005 1686 3242 1746 intimis
3319 1689 3596 1749 consiliis
3662 1698 3726 1751 et

316 1782 635 1862 generalis
668 1780 873 1842 ararii
902 1780 1283 1856 moderator,
1334 1777 1514 1856 cujus
1570 1778 1943 1838 immortalis
2003 1778 2154 1838 vivit
2213 1780 2500 1858 vivetque
2559 1781 2639 1840 ob
2689 1781 2990 1843 beneficia
3048 1783 3110 1842 in
3168 1784 3431 1845 Galliam
3492 1787 3728 1848 collata

316 1880 649 1951 memoria,
726 1879 878 1939 emit
953 1878 1030 1938 de
1106 1878 1294 1937 vidua
1369 1877 1432 1936 in
1491 1876 2075 1955 Bibliothecamque
2160 1877 2412 1954 Regiam
2492 1879 2703 1939 intulit
2774 1898 2956 1941 omne
3018 1881 3292 1941 Tricheti
3350 1883 3724 1945 litterarium

313 1980 835 2039 instrumentum.
899 1979 968 2036 In
1023 1994 1149 2052 quo
1208 1980 1388 2035 erant
1447 1973 1591 2033 libri
1662 1974 1949 2053 impressi
2013 1993 2276 2035 numero
2347 1975 2625 2053 plurimi,
2691 1995 2880 2038 muss.
2951 1979 3158 2039 Latini
3217 1985 3279 2039 et
3313 1981 3508 2041 Italici
3585 1983 3727 2060 plus

314 2076 530 2137 minus
585 2076 651 2146 C,
714 2073 913 2135 Graci
966 2074 1084 2133 XL.
1138 2076 1357 2149 Itaque
1393 2072 1455 2131 in
1517 2071 1905 2132 Bibliotheca
1961 2072 2212 2150 publica
2272 2073 2538 2133 collatus
2594 2074 2791 2134 codex
2850 2083 3080 2149 noster,
3145 2078 3490 2155 Ducangio,
3551 2080 3718 2139 Ban-

311 2174 512 2245 dinio,
589 2171 867 2250 reliquis,
947 2188 1107 2250 quos
1171 2170 1351 2230 initio
1425 2168 1771 2245 nominavi,
1849 2168 2148 2229 innotuit.
2216 2173 2474 2231 Constat
2544 2190 2689 2232 vero
2769 2173 2933 2233 foliis
3011 2175 3509 2236 membranaceis
3578 2178 3715 2251 422,

306 2269 666 2332 chartaceis
746 2274 913 2346 octo,
985 2267 1314 2328 continens
1367 2273 1597 2346 prater
1651 2265 1776 2326 alia
1834 2266 2094 2327 minoris
2154 2269 2457 2328 momenti
2515 2269 2658 2348 (vid.
2720 2271 2920 2331 Catal.
2982 2271 3180 2333 Codd.
3248 2292 3391 2333 mss.
3473 2277 3710 2335 Graec.

304 2367 476 2428 Bibl.
554 2370 705 2444 Iteg.
766 2367 844 2438 II,
908 2365 1048 2444 39l)
1102 2364 1243 2424 illa:
1318 2364 1409 2443 1.)
1475 2363 1830 2425 Chronicon
1905 2364 2213 2424 Simeonis
2281 2365 2644 2443 Logutheta
2708 2368 2984 2428 maxima
3041 2375 3221 2447 parte
3279 2370 3612 2451 ineditum,
3681 2392 3720 2433 a

303 2466 420 2526 fol.
478 2468 552 2526 18
598 2484 758 2525 verso
817 2464 897 2525 ad
954 2463 1066 2525 fol.
1123 2464 1240 2523 272
1298 2473 1565 2537 rectum;
1621 2462 1708 2542 2.)
1766 2462 1988 2524 Leonis
2048 2463 2306 2522 Diaconi
2372 2464 2733 2541 Historiam,
2791 2485 2933 2544 qua
2991 2486 3159 2526 nunc
3213 2467 3447 2546 prodit,
3508 2488 3545 2529 a
3600 2470 3714 2530 fol.

310 2562 435 2625 272
494 2570 648 2623 recto
696 2561 776 2622 ad
828 2561 943 2621 322
1003 2569 1282 2633 rectum;
1342 2560 1433 2639 3.)
1493 2558 1815 2620 Michaelis
1875 2558 2063 2619 Pselli
2122 2560 2710 2640 Chronographiam
2772 2563 2960 2623 tomis
3016 2582 3264 2637 novem,
3322 2566 3469 2625 item
3531 2565 3727 2625 inedi-

307 2666 468 2739 tam,
504 2679 542 2720 a
591 2658 842 2720 fol.322
875 2667 1031 2719 recto
1062 2657 1141 2719 ad
1172 2660 1291 2718 422
1349 2666 1595 2718 rectum.
1631 2659 1973 2717 Exaratum
2034 2675 2169 2717 esse
2224 2658 2273 2717 si
2335 2659 2542 2719 minus
2600 2678 2682 2731 χι,
2739 2666 2805 2721 at
2863 2667 3031 2723 certe
3087 2679 3175 2721 xu
3234 2663 3464 2723 saculo
3521 2664 3727 2724 forma

304 2757 663 2818 litterarum
734 2757 1148 2833 demonstrat,
1232 2755 1401 2814 haud
1477 2753 1781 2814 absimilis
1837 2753 1929 2813 illi
1987 2773 2180 2832 quam
2240 2756 2771 2817 Montefalconius
2831 2759 3093 2836 protulit
3150 2760 3459 2838 Palaogr.
3521 2761 3715 2821 Crac.

306 2856 454 2925 291,
530 2863 599 2915 n°
673 2856 804 2927 VII,
886 2861 953 2913 ut
1027 2853 1220 2931 igitur
1290 2852 1561 2912 nesciam
1637 2850 1783 2930 quid
1860 2851 1923 2910 in
2023 2858 2293 2913 mentem
2359 2855 2602 2915 venerit
2671 2857 3133 2917 coniectoribus
3209 2859 3495 2937 Catalogi
3552 2859 3716 2920 Bibl.

309 2957 466 3032 Reg.
500 2954 589 3023 Il,
636 2952 775 3031 391,
832 2952 1063 3029 dicere,
1125 2969 1267 3011 eum
1324 2950 1553 3010 saculo
1613 2950 1855 3009 decimo
1910 2950 2132 3027 quinto
2186 2951 2379 3010 videri
2435 2953 2781 3031 scriptum:
2838 2954 2953 3015 nisi
3011 2955 3072 3014 id
3124 2955 3201 3015 de
3269 2956 3342 3015 iis
3404 2958 3721 3017 duntaxat

305 3050 650 3129 intelligas,
685 3070 824 3128 qua
857 3051 919 3109 in
946 3055 1086 3110 octo
1117 3049 1282 3109 foliis
1309 3047 1656 3108 chartaceis
1687 3046 1765 3106 ad
1796 3052 2062 3107 exstent.
2097 3049 2235 3126 Ipse
2264 3049 2481 3121 codex,
2519 3051 2768 3110 tametsi
2795 3070 2920 3112 non
2976 3052 3133 3112 adeo
3165 3052 3375 3112 multis
3405 3055 3717 3132 profunde

305 3149 650 3210 latentibus
678 3147 918 3208 mendis
948 3153 1167 3219 scatet,
1204 3146 1394 3206 habet
1426 3152 1637 3206 tamen
1669 3145 2001 3205 itacismos
2034 3151 2145 3219 tot,
2186 3153 2340 3224 quot
2370 3148 2431 3207 in
2461 3147 2636 3207 libris
2664 3166 2807 3208 sac.
2842 3166 2925 3209 xu
2958 3150 3267 3227 peraratis
3293 3169 3425 3210 esse
3480 3151 3706 3224 solent,

302 3254 373 3308 ut
424 3246 716 3307 Videlicet
772 3268 796 3301 ε
855 3251 916 3306 et
947 3271 1023 3319 αι,
1057 3271 1093 3323 ῃ
1141 3250 1250 3305 tet
1279 3270 1348 3318 ει,
1381 3268 1408 3302 o
1433 3252 1493 3303 et
1519 3269 1586 3315 ω,
1620 3269 1670 3303 οι
1704 3249 1766 3304 et
1796 3268 1851 3317 υ,
1908 3262 1915 3301 1

2109 3263 2136 3303 s
2194 3244 2358 3304 inter
2415 3263 2480 3305 se
2537 3246 3029 3321 confundantur,
3090 3265 3294 3323 neque
3347 3247 3437 3307 ita
3494 3265 3716 3307 rarum

303 3346 406 3418 sit,
442 3343 519 3405 είς
548 3344 648 3413 τήν
684 3344 794 3404 fol.
828 3343 943 3404 315
976 3342 1265 3420 reclo(ed.
1293 3342 1423 3421 95.)
1457 3340 1759 3419 scriptum
1798 3341 2076 3419 conspici
2106 3341 2215 3411 sic,
2245 3347 2406 3415 ἠςήν.
2441 3342 2765 3420 Ejusmodi
2797 3343 3024 3403 menda
3081 3344 3296 3403 notavi
3354 3344 3667 3403 interdum
3698 3363 3712 3405 :

306 3442 710 3521 plerumque,
766 3441 1020 3520 quando
1079 3440 1233 3499 nihil
1292 3438 1612 3500 habebant
1666 3438 1833 3516 quod
1893 3438 2079 3498 fidem
2116 3445 2378 3518 recepta
2439 3439 2725 3499 lectionis
2776 3440 3158 3500 labefactare
3215 3447 3450 3519 posset,
3505 3441 3711 3501 omisi.

307 3544 380 3601 In
442 3558 713 3617 summa,
772 3542 970 3600 fateor
1028 3558 1151 3600 non
1211 3538 1511 3617 majorem
1575 3553 1670 3596 me
1728 3536 2008 3596 laborem
2070 3538 2442 3616 suscepisse,
2498 3556 2690 3616 quam
2745 3557 2851 3599 eos
2904 3540 3210 3599 sustinere
3293 3557 3542 3601 necesse
3594 3545 3709 3614 est,

304 3635 417 3713 qui
500 3636 714 3696 codice
791 3655 866 3697 ex
918 3636 1105 3696 unico
1159 3635 1431 3714 pendent
1480 3634 1541 3693 in
1618 3634 1864 3707 [XXIII]
1930 3633 2236 3712 scriptore
2293 3634 2564 3712 primum
2623 3635 2889 3696 edendo.
2948 3635 3061 3697 Ubi
3119 3636 3248 3697 fere
3300 3656 3423 3697 non
3480 3642 3711 3715 potest,

309 3733 465 3812 quin
525 3754 671 3813 pars
778 3735 1147 3794 mendorum
1260 3732 1537 3794 codicem
1624 3730 2189 3791 contaminantium
2278 3731 2669 3810 diligentiam
2727 3734 2820 3795 vel
2879 3734 3361 3795 minutissimam
3430 3734 3715 3813 effugiat,

312 3850 483 3910 nque
512 3833 711 3911 ipsam
746 3833 1084 3893 editionem
1117 3831 1446 3892 redundet.
1481 3833 1577 3891 Ita
1608 3829 1776 3907 quod
1810 3834 1943 3889 erat
1993 3830 2304 3910 reliquum
2359 3831 2617 3904 tentavi,
2672 3838 2739 3892 ut
2772 3850 2911 3910 qua
2968 3850 3241 3910 possem,
3306 3832 3713 3911 conjecturis,

299 3935 363 3988 et
420 3930 1001 4009 comparationibus
1066 3929 1492 4000 emendarem,
1580 3926 1809 3987 collato
1870 3928 2149 3989 Cedreno
2206 3936 2268 3989 et
2323 3920 2612 4007 Scylitie,
2665 3931 2768 4009 qui
2830 3933 3165 4009 complura
3224 3950 3298 3990 ex
3359 3934 3565 3992 Leone
3622 3928 3713 3989 ad

296 4027 560 4087 verbum
648 4028 711 4087 in
802 4028 1095 4089 historias
1180 4047 1323 4088 suas
1410 4024 1870 4086 transtulerunt
1946 4026 2096 4105 (vid.
2156 4028 2412 4106 supra§
2470 4029 2628 4099 Vlll,
2692 4029 2855 4088 intra
2914 4029 3105 4107 225):
3165 4035 3507 4108 postremo,
3564 4045 3705 4106 qua

291 4124 456 4185 ratio
487 4131 548 4185 et
578 4125 864 4186 doctrina
892 4126 1294 4205 prascribere
1324 4123 1721 4192 videbantur,
1748 4140 1824 4183 ea
1858 4142 1970 4201 pro
2004 4125 2304 4186 facultate
2337 4126 2399 4185 in
2433 4125 2870 4186 constituenda
2892 4126 3175 4186 oratione
3209 4128 3423 4187 Graca
3452 4130 3715 4186 conatus

298 4241 438 4282 sum
472 4228 798 4303 prastare.
1320 4228 1331 4233 ’

370 4321 444 4379 Χ.
507 4320 818 4380 Libellum
878 4326 1009 4402 Περὶ
1065 4323 1394 4401 παράδρμῆς
1454 4324 1659 4394 πολου,
1702 4319 1791 4379 De
1855 4318 1983 4377 veli;

2085 4324 2210 4378 Eone
2270 4317 2506 4392 bellica,
2569 4319 2776 4380 adhuc
2834 4320 3165 4397 ineditum,
3226 4319 3505 4379 secundo
3560 4319 3698 4377 loco

289 4416 617 4487 collocavi,
654 4423 724 4478 ut
775 4417 1101 4479 historiam
1156 4423 1473 4495 gestarum
1532 4436 1570 4478 a
1626 4416 1980 4497 Nicephoro
2039 4420 2201 4494 Aug.
2266 4435 2474 4476 rerum
2527 4416 2784 4495 scriptio
2844 4416 3129 4495 ejusdem
3182 4416 3362 4493 jussu
3424 4415 3715 4475 confecta

290 4514 636 4593 exciperet.
713 4518 909 4584 Quam
984 4534 1111 4575 non
1170 4514 1249 4575 ab
1308 4514 1444 4594 ipso
1506 4515 1860 4595 Nicephoro
1915 4513 2140 4575 litteris
2199 4513 2631 4591 consignatam
2692 4531 2848 4589 esse,
2907 4513 3445 4591 quemadmodum
3509 4512 3714 4573 Meur-

294 4612 429 4672 sius
490 4613 896 4674 existimabat
952 4613 1147 4692 (conf.
1210 4612 1500 4675 Lambec.
1561 4615 1913 4675 Comment.
1978 4613 2056 4672 de
2112 4612 2272 4672 Bibl.
2334 4614 2490 4672 Cas.
2570 4613 2698 4684 VII,
2777 4610 2969 4691 433.),
3051 4630 3194 4671 cum
3271 4630 3347 4672 ex
3418 4611 3717 4671 universo

294 4727 488 4788 opere
551 4710 953 4790 perspicitur,
1017 4717 1147 4772 tum
1206 4727 1352 4771 vero
1420 4712 1655 4790 apertis
1722 4710 1929 4774 verbis
1992 4710 2109 4770 sub
2174 4710 2362 4770 tinem
2423 4708 2836 4789 prafationis,
2898 4710 3037 4781 119,
3107 4708 3491 4769 declaratur.
3580 4710 3707 4768 Nec

299 4812 535 4874 tamen,
591 4807 643 4866 si
698 4808 774 4869 de
833 4808 1088 4868 nomine
1140 4806 1461 4885 scriptoris
1519 4827 1645 4869 non
1706 4808 2015 4868 habemus
2073 4808 2243 4886 quod
2296 4807 2555 4885 liqueat,
2594 4806 2671 4865 de
2725 4813 3007 4884 tempore
3066 4824 3194 4883 quo
3248 4806 3572 4866 confectus
3629 4804 3711 4865 sit

300 4903 356 4964 is
395 4905 923 4979 Commentarius,
966 4905 1276 4966 dubitatio
1320 4905 1566 4966 inﬁnita
1625 4926 1758 4967 esse
1816 4912 2048 4986 potest.
2110 4906 2211 4965 Ait
2267 4912 2509 4978 auctor,
2571 4904 2853 4983 quisquis
2908 4910 3002 4964 est
3055 4904 3183 4977 ille,
3243 4922 3282 4963 a
3341 4902 3696 4983 Nicephoro

290 5002 510 5063 Phoca
579 5005 737 5083 Imp.
821 5004 1189 5065 mandatum
1262 5003 1382 5063 sibi
1438 5023 1596 5077 esse,
1668 5011 1736 5065 ut
1794 5023 1991 5083 genus
2023 5002 2142 5062 hoc
2200 5001 2478 5062 bellandi
2534 5002 2846 5081 scriptura
2903 5006 3408 5080 persequeretur.
3507 5001 3691 5061 Illum

307 5107 522 5161 autem
611 5102 690 5162 ob
768 5122 866 5163 res
931 5102 1091 5163 bene
1161 5108 1369 5181 gestas
1447 5102 1741 5163 laudibus
1812 5103 1886 5163 iis
1960 5102 2161 5174 effert,
2242 5100 2470 5178 quibus
2535 5118 2849 5180 quemque
2913 5100 3283 5160 memoriam
3328 5099 3463 5179 ejus
3532 5116 3715 5159 reno-

299 5216 503 5270 vasse,
593 5201 927 5279 superstite
1002 5205 1064 5260 et
1143 5200 1495 5280 imperante
1582 5218 1949 5280 percussore
2029 5198 2166 5277 ejus
2244 5199 2487 5261 Joanne
2557 5199 2882 5273 Tzimisce,
2963 5199 3065 5259 vix
3125 5204 3219 5259 est
3298 5198 3708 5259 credendum.

306 5295 555 5357 Etenim
613 5298 925 5378 repentini
976 5298 1284 5376 homines,
1345 5316 1417 5358 ac
1475 5317 1586 5378 per
1641 5300 1843 5359 scelus
1899 5298 1979 5358 ad
2036 5316 2284 5359 summa
2338 5298 2557 5373 evecti,
2620 5317 2745 5378 quo
2803 5298 3119 5360 uberiores
3168 5298 3409 5357 fructus
3476 5297 3713 5374 patrati

293 5394 597 5456 facinoris
653 5396 933 5476 capiunt,
997 5415 1071 5458 eo
1155 5396 1591 5457 vehementius
1647 5395 1783 5475 ejus
1863 5395 2466 5457 commemoratione
2518 5400 3019 5457 commoventur.
3081 5396 3231 5455 Ideo
3282 5394 3565 5453 adducor
3624 5398 3691 5453 ut

290 5492 576 5569 credam,
612 5494 848 5575 scripta
882 5513 957 5557 ea
1012 5495 1268 5555 demum
1328 5512 1463 5554 esse
1518 5493 1634 5553 sub
1690 5494 1925 5555 Basilio
1985 5500 2048 5555 et
2096 5495 2528 5568 Constantino,
2587 5512 2797 5555 rerum
2854 5493 3068 5572 politis
3124 5510 3184 5552 a.
3248 5492 3387 5552 976.
3448 5488 3717 5550 Accedit

288 5589 488 5670 quod,
518 5592 770 5671 quoties
801 5592 1204 5672 principisfit
1234 5592 1494 5669 mentio,
1528 5592 1713 5653 toties
1763 5599 1901 5654 auct

2086 5611 2300 5655 umero
2358 5591 2588 5672 plurali
2647 5592 2884 5653 utitur:
2920 5598 2971 5652 οἱ
3003 5598 3149 5671 ἅγιοι
3208 5598 3369 5668 ήμῶν
3431 5590 3699 5668 βασιλεῖς,

290 5692 440 5757 155.
472 5700 580 5751 τῶν
615 5696 780 5773 ἁγίων
814 5696 1112 5772 βασιλέων,
1143 5692 1281 5769 155,
1312 5700 1418 5752 τῶν
1453 5695 1724 5773 βασιλέων
1757 5698 1903 5771 ήμῶπ

2099 5717 2141 5767 ν,
2177 5692 2313 5764 154,
2344 5689 2512 5769 quod
2568 5688 2632 5749 in
2689 5689 3079 5766 geminatum
3159 5685 3376 5748 Basilii
3433 5689 3497 5744 et
3550 5683 3712 5742 Con-

287 5791 555 5856 stantini
600 5788 934 5869 imperium
985 5788 1299 5868 quadrare
1355 5794 1499 5870 apte
1555 5788 1829 5852 videtur.
1902 5786 2223 5850 Habemus
2304 5787 2497 5866 igitur
2551 5786 2615 5847 in
2670 5785 2793 5848 hoc
2851 5783 3066 5847 libello
3125 5782 3542 5863 perscriptum
3600 5795 3712 5837 no-
