4084 6202
404 303 518 362 647
1683 293 1751 357 C.
1800 294 1869 355 Β.
1917 294 2017 356 ΗΑ

2188 292 2597 356 PRIEFATIO
3689 297 3801 358 648

405 427 631 504 titiam,
676 423 1209 506 quemadmodum
1271 420 1500 480 smculo
1550 438 1589 478 x
1647 419 1854 480 medio
1913 424 2023 479 aut
2082 425 2349 481 exeunte
2413 437 2450 478 a
2507 417 2741 481 Graecis
2799 417 2898 480 vel
2957 417 3526 482 administrabatur
3579 419 3800 484 bellum

406 524 472 586 in
504 525 743 605 asperis
771 523 982 596 Tauri,
1065 517 1403 591 Antitauri,
1493 517 1720 579 Amani
1761 516 1935 591 locis,
1998 516 2096 577 vel
2153 516 2581 579 administrari
2635 516 2971 580 debuisset.
3035 520 3126 578 Ea
3185 537 3307 579 una
3367 537 3472 579 me
3504 521 3808 598 permovit

408 625 592 697 ratio,
660 629 726 683 ut
783 623 845 682 in
905 619 1199 680 volumen
1259 616 1420 677 istuc
1477 614 1820 694 reciperem
1878 615 2280 694 opusculum,
2343 616 2513 694 quod
2573 613 2691 676 nisi
2745 634 2862 695 pro
2918 616 3376 677 commentario
3439 617 3696 679 militari
3748 620 3804 680 in

407 721 838 801 expeditiones
918 716 1145 776 Phocse
1203 713 1652 792 Tzimiscaeque
1707 732 1744 773 a
1796 717 2006 774 Leone
2082 731 2408 792 expressas
2464 712 2700 776 habere
2752 713 2945 788 velis;
2996 714 3279 792 alioquin
3335 715 3526 776 facile
3591 717 3804 806 fateor,

403 838 609 897 neque
655 835 862 876 rerum
922 813 1126 892 c0pia,
1176 831 1380 891 neque
1437 810 1713 872 auctoris
1771 810 2082 884 doctrina,
2139 811 2372 870 nedum
2433 810 2750 889 elegantia
2803 811 3078 889 dicendi,
3130 810 3372 892 [XXIV]
3436 811 3579 892 plus
3626 833 3806 893 quam

403 917 606 976 multa
644 914 769 974 alia
817 912 1101 992 ejusdem
1148 911 1373 981 aetatis,
1435 929 1576 989 quae
1627 909 1888 970 editioni
1942 914 2168 987 parata
2225 908 2516 981 habeam,
2575 908 2778 969 lucem
2824 927 3232 970 commerere.
3293 909 3446 969 Cavi
3499 918 3699 985 certe;
3744 918 3807 973 ut

406 1032 486 1073 ne
559 1012 714 1092 quid
766 1010 1034 1071 nimium
1093 1027 1127 1068 a
1187 1008 1368 1068 nobis
1417 1007 1479 1067 in
1537 1008 1657 1067 hac
1703 1013 1881 1086 parte
1940 1005 2257 1085 adjectum
2309 1024 2440 1068 esse
2487 1006 2820 1068 diceretur.
2894 1009 3178 1081 Quatuor
3237 1013 3420 1068 erant
3477 1008 3696 1080 Codd.,
3744 1011 3802 1070 in

400 1113 630 1192 quibus
683 1110 966 1172 libellum
1011 1109 1183 1168 hunc
1230 1107 1665 1168 offenderem:
1701 1105 1781 1186 Ι.)
1833 1105 2068 1183 Regius
2120 1105 2274 1166 2437
2309 1106 2418 1167 fol.
2451 1107 2562 1168 371
2625 1125 2797 1167 verso
2853 1141 2933 1152 —
2985 1106 3104 1168 409
3159 1115 3366 1181 recto;
3433 1108 3544 1188 Il.)
3586 1110 3801 1188 Regius

401 1213 562 1274 2445
621 1211 729 1270 fol.
781 1208 898 1270 320
981 1217 1248 1267 reclo—
1308 1207 1424 1266 335
1473 1224 1681 1280 verso;
1744 1204 1877 1284 IlI.)
1929 1204 2137 1266 Codex
2192 1207 2292 1264 N°.
2343 1204 2421 1266 26
2485 1204 2921 1284 Supplementi
2976 1205 3199 1278 nostri,
3305 1225 3499 1286 quem
3574 1208 3638 1269 in
3701 1227 3804 1274 ora

400 1310 589 1370 modo
617 1306 890 1368 iudicavi
919 1305 1126 1366 littera
1152 1308 1222 1382 B,
1261 1303 1446 1365 modo
1481 1303 1638 1382 siglo
1697 1302 1838 1374 hoc,
1901 1301 2044 1364 God.
2104 1304 2329 1384 suppl.,
2381 1301 2470 1363 ibi
2522 1303 2752 1382 legitur
2798 1303 2852 1363 is
2897 1302 3148 1366 libellus
3206 1305 3312 1366 fol.
3379 1308 3494 1368 171
3551 1315 3803 1367 recta—

401 1407 516 1468 172
577 1425 745 1468 verso
781 1422 796 1478 ;
857 1403 990 1482 1V.)
1021 1401 1348 1462 Palatinus
1379 1404 1456 1461 N°
1504 1404 1644 1474 393,
1679 1420 1737 1461 a.
1777 1401 1929 1461 I797
1987 1418 2014 1461 e

2190 1400 2263 1462 be
2291 1401 2592 1461 advectus
2624 1400 2688 1460 in
2735 1401 3216 1478 Bibliothecam,
3253 1422 3314 1465 a.
3352 1403 3511 1468 1815
3555 1407 3803 1470 Romam

397 1509 778 1586 reportatus.
817 1503 865 1563 E
908 1500 1138 1579 quibus
1185 1499 1248 1559 in
1293 1499 1535 1560 edendo
1577 1505 1826 1560 secutus
1876 1518 2011 1559 sum
2069 1499 2466 1580 potissimum
2521 1498 2674 1562 Cod.
2735 1500 2885 1579 Reg.
2947 1499 3144 1562 2437:
3200 1501 3384 1582 cujus
3443 1509 3515 1564 ut
3564 1503 3710 1564 folia
3733 1503 3791 1563 in

399 1604 679 1683 margine
705 1599 996 1664 editionis
1017 1597 1340 1672 annotavi,
1369 1597 1460 1658 ita
1491 1597 1791 1658 lectiones
1854 1597 2128 1677 intelligi
2179 1603 2452 1677 oportet,
2511 1597 2758 1676 quoties
2819 1597 2968 1662 Cod.
3028 1600 3106 1674 Α,
3166 1599 3294 1661 sive
3351 1601 3546 1664 etiam
3623 1601 3805 1676 Cod.,

396 1701 702 1782 singulari
731 1717 1016 1770 numero,
1052 1697 1116 1756 in
1147 1715 1258 1756 ora
1289 1697 1630 1775 ascriptum
1661 1696 1908 1774 legitur.
1943 1697 2064 1759 Ubi
2099 1695 2290 1760 Codd.
2327 1695 2680 1775 pluraliter,
2743 1695 3018 1776 reliquos
3046 1703 3170 1759 tres
3215 1699 3278 1760 in
3311 1699 3664 1762 subsidium
3696 1717 3797 1760 vo-

401 1802 560 1875 cavi,
592 1800 784 1878 idque
832 1815 1000 1875 smpe
1055 1795 1327 1855 frustra:
1389 1795 1624 1873 quippe
1670 1800 1852 1856 erant
1905 1799 2031 1854 tam
2065 1795 2392 1874 depravati
2451 1811 2694 1868 omnes,
2752 1800 2822 1854 ut
2875 1796 3201 1857 sententiae
3249 1804 3633 1877 complures,
3686 1796 3794 1857 nisi

401 1900 616 1978 aliqua
647 1914 879 1975 magna
911 1892 1220 1954 medicina
1250 1892 1557 1966 adhibita,
1594 1899 1886 1954 constare
1917 1893 2174 1954 omnino
2207 1912 2333 1954 non
2393 1897 2670 1972 possent.
2720 1891 3051 1972 Ejusmodi
3108 1895 3279 1956 locos
3309 1914 3389 1956 ex
3446 1895 3796 1974 conjectura

399 1997 736 2060 emendare
764 1999 1029 2055 conatus
1066 2009 1245 2051 sum:
1280 1991 1369 2052 ita
1416 1997 1628 2052 tamen
1689 1997 1782 2064 ut,
1838 1991 2338 2070 quotiescunque
2397 1991 2533 2051 fieri
2585 1996 2819 2070 posset,
2873 1993 3270 2072 transpositis
3330 1995 3546 2074 potius
3601 1993 3794 2054 verbis

399 2115 590 2178 quam
625 2091 904 2166 mutatis,
941 2108 1080 2150 meo
1123 2107 1296 2150 more
1334 2089 1596 2151 nimium
1651 2089 1983 2169 religiosus
2028 2089 2094 2151 in
2147 2089 2617 2169 exemplaribus
2669 2089 3026 2168 sequendis,
3086 2109 3280 2172 quam
3341 2090 3705 2156 temerarius
3732 2091 3790 2152 in

400 2191 809 2273 corrigendis,
843 2207 976 2250 esse
1005 2187 1282 2247 mallem.

476 2295 578 2356 XI.
615 2289 812 2370 Hujus
844 2292 1052 2348 autem
1084 2284 1380 2355 auctoris,
1423 2284 1709 2365 quisquis
1741 2285 1878 2362 fuit,
1911 2285 2161 2348 dicendi
2192 2303 2390 2366 genus
2419 2288 2593 2346 caret
2649 2284 2944 2347 omnibus
2973 2287 3391 2360 ornamentis,
3451 2286 3787 2350 horridius-

400 2410 523 2473 que
552 2396 645 2453 est
675 2408 748 2451 ac
778 2383 1192 2468 praefractius.
1226 2385 1592 2446 Sermonem
1624 2384 1946 2464 vulgarem
1979 2385 2337 2466 frequentat
2387 2401 2531 2445 saec.
2565 2401 2606 2442 ι
2628 2380 2762 2461 jam
2795 2383 3210 2464 plurimum-a
3239 2385 3497 2466 syntaxi
3551 2386 3788 2464 elegan-

412 2491 569 2552 tiore
680 2486 953 2548 abfuisse
1052 2481 1489 2543 demonstrant
1599 2482 1972 2544 nominativi

2172 2483 2373 2545 soluti
2431 2484 2586 2550 125:
2696 2489 2920 2560 Πλῆθος
2945 2481 3047 2564 γάρ
3156 2517 3235 2530 -
3325 2486 3464 2547 130.
3497 2489 3638 2566 δρῶν
3717 2515 3785 2528 -

417 2594 638 2650 contra
708 2604 898 2664 quam
1010 2579 1347 2660 oportebat
1429 2580 1659 2660 positi:
1774 2579 2030 2660 genitivi

2176 2581 2374 2642 soluti
2498 2583 2647 2646 item
2737 2584 2892 2644 1232
2931 2589 3340 2663 μάνθανόντων.
3395 2617 3470 2628 --
3495 2589 3789 2663 ὁρμήσωσι.

404 2687 540 2747 150,
577 2681 924 2766 ἐγγιζόντων.
963 2687 1096 2749 159.
1133 2681 1529 2759 διατιθεμένου·
1643 2677 2017 2757 snbjunctivu

2189 2679 2406 2740 aoristi
2523 2701 2633 2762 pro
2719 2683 2932 2744 futuro
3044 2685 3408 2760 usurpatos,
3523 2684 3588 2740 ut
3658 2677 3785 2750 MO,

401 2789 733 2866 ἐκφύγωσιν,
791 2785 1079 2864 effugient
1133 2779 1326 2864 (quod
1385 2776 1550 2838 idem
1613 2776 1674 2836 in
1717 2775 1930 2836 multis
1987 2776 2398 2856 praecipitata
2453 2779 2708 2842 Graeciae
2764 2779 3176 2859 scriptoribus
3233 2797 3352 2838 usu
3415 2776 3616 2838 venit:
3673 2772 3786 2836 vid.

387 2879 586 2940 Indic.
621 2900 672 2940 s.
724 2898 784 2941 v.
851 2877 1344 2960 Conjunctwus):
1383 2881 1434 2937 ἐν
1497 2879 1803 2954 perpetuo
1861 2873 2000 2934 adhl

2174 2893 2218 2934 n
2277 2893 2392 2954 pro
2425 2881 2503 2945 εἰς
2560 2879 2698 2950 126,
2764 2877 2900 2952 127,
2963 2876 3101 2950 133,
3156 2879 3309 2950 152;
3359 2881 3459 2938 σὺν
3520 2879 3787 2936 oonstru-

388 2984 559 3037 ctum
593 2996 734 3039 cum
767 2978 1042 3056 genitivo
1078 2980 1240 3054 158,.
1277 2989 1665 3052 casuumque
1713 2971 1972 3032 omnino
2020 2972 2242 3034 crebra
2290 2974 2599 3035 confusio.
2659 2976 2874 3055 Neque
2920 2974 2974 3036 is
3030 2980 3200 3035 certe
3256 2991 3663 3054 quemquam,
3723 2971 3786 3028 ut

388 3078 659 3136 Leonem
719 3075 939 3136 fecisse
1023 3071 1616 3143 demonstravimus,
1698 3069 1997 3147 exprimit
2051 3069 2369 3131 dicendo:
2433 3071 2824 3151 simplicibus
2894 3072 3093 3132 utitur
3148 3071 3510 3151 nativisque
3564 3065 3775 3128 verbis.

378 3171 582 3242 Quare
617 3173 874 3234 fuissem
925 3173 1179 3245 nimius,
1244 3171 1295 3230 si
1351 3169 1416 3228 in
1474 3166 1830 3228 scrutandis
1887 3167 2166 3228 fontibus
2219 3167 2592 3230 imitationis
2633 3174 2878 3230 tantum
2925 3169 3191 3248 egissem
3247 3169 3431 3248 satis,
3486 3168 3774 3247 quantum

379 3270 458 3332 ad
501 3273 768 3331 Leonem
811 3271 932 3350 egi.
988 3274 1180 3331 Notas
1237 3273 1471 3348 praeter
1525 3265 1761 3346 oppido
1817 3283 2074 3344 paucas,
2125 3266 2408 3327 resecui:
2472 3275 2792 3346 postrema
2845 3266 3306 3346 {undetriginta
3363 3264 3587 3346 capita,
3648 3277 3776 3340 qua:

381 3369 660 3432 habebat
717 3390 880 3432 unus
967 3371 1168 3432 codex
1253 3367 1606 3440 Palatinus,
1667 3364 1835 3446 quod
1881 3364 1960 3425 ab
2038 3365 2164 3427 alio
2224 3367 2444 3440 [XVV]
2505 3373 2761 3429 auctore
2809 3366 2892 3428 ad
2945 3366 3067 3429 hoc
3121 3366 3500 3446 opusculum
3580 3356 3780 3422 addita

389 3467 858 3548 existimabam,
892 3468 952 3529 in
989 3467 1329 3548 praisentia
1359 3463 1756 3545 praetermisi.
1792 3463 1954 3524 Sunt
1982 3467 2191 3525 autem
2226 3462 2508 3542 ejusdem
2540 3483 2740 3546 prope
2770 3465 3128 3544 argumenti
3183 3483 3314 3544 quo
3357 3461 3690 3544 superiora,
3719 3456 3780 3514 ut

391 3583 464 3627 ex
499 3567 694 3628 titulis
727 3571 933 3647 potest
961 3564 1252 3644 intelligi,
1286 3563 1396 3643 qui
1444 3563 1532 3626 sic
1557 3582 1623 3624 se
1655 3561 1892 3624 habent
1923 3579 1938 3622 :
2697 3646 2702 3650 γ

456 3681 650 3737 XXVI.
680 3680 802 3735 Ὅτι
836 3675 896 3732 οὐ
929 3675 1011 3731 δεῖ
1040 3675 1366 3746 ἀπληκεύειν
1401 3674 1452 3744 ἐξ
1483 3673 1670 3747 ἐτέρου
1702 3675 1934 3746 θεματος
1966 3672 2099 3729 λαὸν
2127 3673 2204 3738 εἷς
2235 3673 2418 3748 ἐτέρου
2452 3677 2684 3750 θέματος
2711 3677 2748 3746 ἢ
2777 3675 3051 3754 τάγματος
3081 3675 3393 3747 ἀπλῆκτον.

454 3768 690 3822 XXVII.
721 3764 854 3838 Περὶ
881 3768 992 3820 τῶν
1025 3763 1076 3819 ἐν
1108 3765 1260 3818 νυκτὶ
1291 3761 1629 3836 ὀφειλουσῶν
1661 3761 1938 3837 γὲγνεσθαι
1970 3760 2023 3817 ὲν
2055 3764 2206 3818 νυκτὶ
2236 3765 2327 3818 καὶ
2355 3766 2538 3841 ἡμέρᾳ
2571 3762 2796 3841 βιγλῶν.

449 3854 698 3909 XXVIII.
733 3852 862 3927 Περὶ
891 3855 998 3906 τῶν
1029 3850 1372 3928 ὁφειλουσῶν
1406 3848 1679 3924 γίγνεσθαι
1711 3849 1762 3903 ἐν
1795 3850 1945 3905 νυκτὶ
1974 3851 2065 3904 καὶ
2094 3852 2278 3926 ἡμέρᾳ
2310 3852 2539 3928 βιγλῶν.

453 3943 654 3999 XXIX.
690 3944 813 4002 Πῶς
849 3937 930 3994 δεῖ
983 3938 1370 4016 σμικρύνεσθαι
1427 3938 1490 3992 τὸ
1547 3937 1857 4010 ἀπλῆκτον,
1913 3937 2231 4015 ὁλοκλήρου
2277 3943 2378 4012 τῆς
2436 3948 2662 4013 πεζικῆς
2717 3949 2966 4020 στρατιᾶς
3029 3943 3411 4021 ὑπαρχούσης,
3469 3946 3567 4010 τῆς
3618 3932 3670 3990 δῖ
3722 3950 3777 4006 γε

386 4029 616 4099 ἱππικῆς
649 4028 962 4106 ὀλιγοστῆς.

453 4123 602 4177 XXX
634 4118 763 4194 Περὶ
793 4122 900 4174 τῶν
937 4120 1008 4193 ιβ’
1035 4119 1366 4193 ταξιαρχῶν.

448 4209 645 4266 XXXI.
677 4191 797 4265 Ὃτι
857 4191 971 4279 δεῖ,
1007 4191 1323 4283 ἐπισφαλῶν
1377 4205 1466 4261 καὶ
1526 4210 1724 4262 στενῶν
1782 4207 1965 4263 τόπων
1998 4206 2247 4265 ἁπάντων
2281 4213 2376 4283 (α),
2409 4210 2486 4273 εἷς
2541 4207 2642 4266 δύο
2697 4209 2923 4285 διαιρεῖν
2981 4213 3185 4268 ἅπασαν
3243 4213 3347 4283 τὴν
3407 4191 3774 4284 στρατιὰν,καῖ

385 4295 573 4360 ἷδικῶς
606 4295 962 4368 ἀπληκεύειν.

443 4390 672 4446 XXXII.
707 4387 837 4461 Περὶ
868 4391 986 4456 τοῦ,
1015 4385 1214 4441 ὁπόσον
1245 4385 1476 4462 ἀριθμὸν
1509 4385 1714 4464 ὀφείλει
1747 4380 1894 4461 ἔχειν
1924 4387 1987 4442 τὸ
2018 4387 2242 4444 ΐππικὸν
2277 4390 2601 4463 στράτευμα.

445 4480 688 4535 XXXIII.
727 4480 850 4539 [Ιῶς
881 4473 966 4531 δεῖ
993 4480 1170 4532 ποιεῖν
1202 4475 1300 4546 τήν
1335 4473 1396 4531 ἐκ
1421 4479 1519 4531 τοῦ
1553 4475 1841 4546 ἀπλήκτοο
1871 4474 2240 4552 στρατοπεδου
2269 4481 2472 4542 παντὸς
2503 4479 2850 4551 ἀποκίνησιν.

448 4569 700 4624 XXXIV.
735 4566 870 4641 Περὶ
897 4563 1237 4642 ὁδοιπορίας.

450 4659 665 4712 XXXV.
699 4655 829 4730 Περὶ
859 4659 978 4726 τοῦ,
1009 4659 1127 4718 πῶς
1161 4652 1244 4710 δεῖ
1272 4659 1499 4724 ποιεῖεν,
1533 4651 1622 4708 ὅτε
1647 4656 1934 4729 γνωσθῶσι
1965 4653 2227 4730 πολέμιοι
2259 4656 2311 4712 ἐν
2338 4656 2490 4714 νυκτῖ
2526 4657 2814 4734 βούλεσθιι
2845 4657 3089 4714 ἐπελθεῖν
3112 4662 3192 4731 τῷ
3222 4656 3445 4734 χάρακι.

450 4746 696 4800 XXXVI.
752 4725 872 4806 Πῶς
931 4741 1014 4800 δεῖ
1069 4749 1242 4799 ποιεῖν
1282 4788 1296 4814 ,
1353 4741 1504 4818 εἷ’περ
1569 4725 1967 4821 ὁδοιπορούσης
2034 4725 2135 4817 τῆς
2189 4753 2440 4822 στρατιᾶς
2500 4725 2762 4823 πολέμιοι
2827 4749 2961 4822 μετᾶ
3020 4725 3263 4824 βαρείας-
3297 4725 3566 4818 δυνάμεως
3617 4725 3767 4796 ταύτῖδ

379 4831 703 4889 ἐπέλθωσιν.

448 4924 718 4979 XXXVII.
754 4922 880 4997 Περὶ
911 4926 1030 4995 τοῦ,
1065 4921 1111 4977 εἰ
1142 4921 1439 4994 απαντησεί
1472 4919 1742 4997 στένωμα,
1773 4923 1809 4994 ἢ
1841 4923 2079 5000 γεφύρας
2107 4923 2198 4980 καὶ
2229 4930 2482 4999 ποταμοῦ
2518 4925 2722 5000 βαθέως
2750 4925 3066 5003 περαίωσις,
3095 4925 3149 4982 τί
3181 4921 3265 4981 δεῖ
3293 4925 3489 4980 ποιεῖν.

450 5013 742 5069 XXXVIII.
779 5013 907 5088 Περὶ
938 5015 1056 5082 τοῦ,
1093 5013 1170 5085 μὴ
1204 5011 1492 5087 ἐπάγεσθαι
1525 5010 1740 5081 πλῆθος
1765 5013 1928 5090 ἀργὸν
1967 5013 2019 5070 ἐν
2047 5018 2116 5090 τῇ
2142 5013 2406 5089 πολεμίᾳ.

447 5099 704 5156 XXXIX.
739 5099 870 5172 Περὶ
895 5106 995 5169 τῆς
1027 5100 1375 5172 ἁρμοζούσης
1406 5097 1732 5164 πανοπλίας.

449 5191 564 5246 XL.
598 5186 730 5262 Περὶ
761 5191 880 5256 τοῦ,
917 5187 993 5261 μή
1027 5183 1174 5262 ἔχειν
1205 5185 1334 5246 τοὺς
1367 5183 1774 5262 εὐτελεστέρους
1801 5193 1908 5243 τῶν
1941 5188 2224 5266 ἀρχόντων
2259 5192 2479 5262 σκηνάς.

453 5281 590 5335 XLI.
628 5279 752 5351 Περὶ
789 5274 1132 5351 δουκατόρων
1164 5275 1253 5330 καὶ
1283 5277 1660 5331 κατασκόπων.

451 5370 614 5424 XLII.
649 5366 776 5441 Περὶ
809 5363 1132 5428 διελεύσεως
1171 5364 1494 5440 κλεισούρας
1526 5366 1602 5438 μή
1633 5365 2011 5441 κατεχομένης
2042 5371 2188 5444 παρᾶ
2215 5374 2324 5427 τῶν
2358 5367 2665 5445 πολεμίων.

452 5458 638 5514 XLIII.
673 5456 802 5530 Περὶ
833 5452 1157 5529 χλεισούρας
1185 5455 1565 5529 κατεχομένης
1598 5454 1700 5510 ὑπὸ
1723 5459 1833 5510 τῶν
1864 5454 2173 5530 πολεμίων.

447 5548 639 5603 XLIV.
677 5545 808 5621 Περὶ
829 5543 1182 5618 πολιορκίας.

443 5636 602 5695 XLV.
633 5638 758 5699 Πῶς
791 5632 875 5691 δεῖ
901 5632 1262 5714 φυλάττεσθαι
1295 5632 1423 5699 τοὺς
1454 5632 1531 5696 εἰς
1566 5632 1844 5713 συλλογὴν
1867 5639 2071 5713 χρειῶν
2101 5634 2634 5715 ἀποστελλομένους,
2663 5638 2754 5696 καὶ
2780 5637 2909 5703 τοὺς
2937 5637 3200 5714 νόμοντας
3225 5633 3353 5696 τοὺς
3381 5627 3590 5686 ἵππουε⁶

450 5782 522 5857 (α)
546 5784 702 5842 Fort.
733 5777 1121 5842 ἀπαντώντων.
