4084 6202
295 403 420 466 649
1544 405 1611 463 C.
1655 404 1725 464 B.
1772 403 1992 465 HASII
2033 403 2478 467 PREFATIO.
3598 417 3720 478 650

367 532 552 589 XLVI.
588 534 710 593 Πῶς
743 528 827 585 δεῖ
855 531 1242 606 τροπώσασθαι
1273 530 1401 596 τοὺς
1430 532 1760 606 πολεμίους,
1786 531 1912 595 τοὺς
1947 531 2163 608 ἐνέδρας
2190 532 2505 607 τιθεμένους
2535 533 2671 589 κατᾶ
2697 539 2805 590 τῶν
2842 536 2919 600 εἷς
2965 536 3246 613 συλλογὴν
3307 546 3515 617 χρεῖῶν
3572 543 3723 620 ἐξερ-

349 642 582 677 ομενων.

349 643 377 675 ο
429 642 582 677 ενων.

305 639 576 768 χὶῗιλνίῐ.
601 709 729 786 Περὶ
758 712 882 781 τοῦ,
917 707 968 763 εἰ
1002 711 1318 783 γνωσθῶσιν
1353 710 1405 764 οἱ
1436 710 1682 786 ἀρχηγοὶ
1712 714 1818 765 τῶν
1852 710 2133 785 πολεμίων
2172 712 2305 784 μετᾶ
2332 718 2430 782 τῆς
2467 713 2557 768 ὑπ’
2598 711 2782 776 αὐτοῖς
2838 711 3117 789 δυνάμεως
3174 718 3355 795 κρύφα
3417 718 3722 793 μέλλοντες

291 796 779 863 ἐπιϐουλεύσασθαι
809 802 889 869 τῷ
919 796 1295 873 στρατοπέδῳ,
1332 801 1367 869 ἢ
1399 805 1518 861 τοῖς
1549 800 1685 873 πρὸς
1717 798 1998 876 συλλογὴν
2033 800 2263 873 ἐξιοῦσιν
2300 803 2616 878 ὁπουργοῖς.

367 892 608 947 XLVIII.
638 892 762 952 ιΙῶς
792 886 874 942 δεῖ
901 887 1096 950 νυκτὸς
1124 892 1203 960 τῷ
1244 886 1518 960 ἀπλήκτῳ
1544 892 1653 943 τῶν
1681 887 1964 962 πολεμίων
1988 888 2259 946 ἐπελθεῖν.

366 980 553 1037 XLIX.
584 982 709 1035 Πῶς
743 975 963 1033 δυνατόν
992 976 1101 1032 ἐστι
1138 978 1255 1051 μετ’
1285 975 1695 1047 ἐπιτηδεύσεως
1722 977 1852 1041 τοὺς
1879 976 2383 1055 πολιορκουμένους
2442 980 2579 1054 πρὸς
2637 979 2704 1035 τὰ
2751 979 2907 1043 ἐκτὸς
2964 981 3389 1057 ἑπισπάσασθαι,
3450 985 3539 1043 καί
3565 1008 3727 1063 τραυ-

299 1070 527 1144 ματίσαι
559 1066 780 1130 αὐτούς.

372 1161 435 1215 L.
472 1158 600 1234 Ηερὶ
629 1154 1033 1233 τειχομαχίας.

371 1249 463 1304 LI.
498 1245 627 1319 Περὶ
658 1250 779 1315 τοῦ,
811 1249 931 1307 πῶς
964 1243 1047 1299 δεῖ
1075 1243 1167 1299 τὸν
1203 1245 1505 1321 στρατηγὸν
1532 1243 1841 1315 δικάζεσθαι
1874 1248 1970 1318 (a).

373 1339 491 1393 LII.
532 1335 660 1410 Περὶ
692 1333 1029 1407 ἆδνουμίων.

370 1428 515 1483 LIII.
550 1424 678 1502 Περῖ
708 1428 804 1479 τοῦ
836 1421 1113 1479 διδάσκειν
1142 1424 1234 1479 τὸν
1299 1423 1526 1499 στρατὸν
1576 1423 1666 1479 καὶ
1722 1422 1922 1493 ἐθίζειν
1978 1419 2056 1480 ἔτι
2115 1423 2167 1479 ἐν
2198 1427 2267 1498 τῇ
2323 1421 2434 1497 ῗδίᾳ
2462 1419 2608 1497 ὄντα,
2638 1425 2774 1481 κατὰ
2826 1426 2973 1497 τᾶξιν
3030 1426 3361 1499 ἆπληκεύειν
3413 1431 3502 1485 καὶ
3562 1430 3717 1489 ὁδοι-

292 1520 492 1588 πορεῖν
503 1555 517 1569 .

371 1606 507 1660 LIV.
543 1603 797 1677 Περὶτοῦ
830 1599 1393 1667 ὗπαλλάττεσθαιτὰς
1421 1601 1750 1665 ἐκτελούσας
1805 1602 1983 1673 τάξεις
2033 1602 2134 1671 τὴν
2191 1606 2289 1658 τοῦ
2346 1600 2482 1657 σάκα
2540 1600 2838 1675 διακονίαν,
2898 1602 2988 1659 διὰ
3042 1606 3134 1660 τὸν
3194 1605 3368 1662 πολὺν
3413 1608 3584 1664 κόπον
3614 1614 3712 1664 τοῦ

292 1693 576 1767 ἄρχοντος
602 1694 697 1763 (ὁ).

372 1784 482 1837 LV.
513 1781 639 1856 Περὶ
668 1784 777 1834 τῶν
814 1779 1189 1853 ὑποκειμένων
1223 1778 1513 1850 δουλειῶν,
1546 1781 1631 1835 ὅτι
1662 1780 1775 1855 χρὴ
1808 1778 1914 1854 πρὸ
1936 1776 2207 1854 ἡμετερας
2233 1780 2436 1851 ταύτης
2461 1779 2865 1857 λελογισμὲνης
2905 1784 2967 1857 [1.
3023 1784 3235 1858 ἡμέρας
3289 1784 3491 1848 ταύτας
3550 1785 3722 1843 λελο-

294 1871 600 1946 γισμὲνως]
630 1873 838 1925 τυποῦν
872 1869 961 1924 καὶ
995 1867 1348 1933 διατίθεσθαι.

385 1999 626 2078 (XXVI)
681 1998 793 2077 Ea,
852 1999 1136 2077 inquam,
1200 1998 1429 2079 capita,
1490 1996 1962 2079 qualiacunque
2011 2006 2180 2079 sunt,
2252 2004 2314 2057 et
2371 1998 2671 2077 descripsi
2721 2000 3107 2079 jampridem
3162 2008 3225 2063 et
3293 2004 3508 2063 Latine
3564 2022 3720 2064 cou-

300 2081 488 2155 ve‘rti.
556 2087 625 2139 ut
678 2080 742 2139 in
800 2079 1209 2157 subsequenti
1267 2078 1481 2156 aliquo
1548 2078 1865 2138 volumine
1942 2078 2124 2137 facile
2198 2080 2437 2155 vulgari
2512 2088 2768 2157 queant,
2847 2078 2899 2141 si
2958 2083 3145 2143 modo
3204 2084 3365 2144 tanti
3426 2084 3719 2145 videntur

301 2159 589 2222 eruditis.
642 2160 919 2231 Quorum
946 2158 1254 2236 judicium
1288 2160 1407 2218 hac
1436 2159 1513 2219 de
1543 2177 1610 2219 re
1638 2158 1925 2237 exquiro,
1961 2177 2166 2219 meum
2198 2161 2442 2220 nullum
2474 2161 2899 2239 interponens.

416 2242 550 2300 XII.
607 2241 747 2301 Jam
807 2240 978 2319 quod
1028 2240 1107 2299 ad
1185 2240 1769 2317 interpretationem
1845 2240 2123 2299 Latinam
2208 2241 2495 2300 Historia
2552 2243 2774 2302 Leonis
2848 2242 3096 2315 attinet,
3154 2241 3327 2303 locos
3400 2242 3699 2304 versionis

300 2320 782 2403 Combeﬁsiana
841 2325 901 2380 in
959 2319 1196 2403 Criticis
1250 2320 1403 2396 Pagi
1443 2320 1624 2403 _(vide
1690 2338 1882 2403 supra
1955 2337 2099 2396 pag.
2159 2321 2297 2398 637)
2357 2327 2657 2393 servatos,
2720 2322 2838 2403 nisi
2914 2323 3022 2403 ubi
3098 2324 3430 2383 manifesto
3488 2324 3704 2403 lapsus

301 2408 473 2482 erat,
540 2401 758 2461 iisdem
821 2400 1280 2479 propemodum
1330 2400 1537 2460 verbis
1591 2401 1671 2482 in!
1712 2400 2049 2482 editionem
2102 2419 2302 2459 meam
2353 2403 2557 2461 retuli.
2621 2402 2811 2480 Cujus
2867 2402 2954 2462 rei
3028 2400 3569 2482 unumquemque
3602 2404 3718 2463 ad—

303 2480 614 2541 monitum
676 2500 808 2541 esse
865 2482 1092 2541 velim:
1143 2500 1241 2551 ne,
1305 2482 1356 2540 si
1414 2499 1600 2558 quem
1658 2480 1721 2539 in
1782 2480 2068 2539 versione
2143 2488 2251 2539 aut
2296 2482 2448 2562 styli
2504 2484 2951 2553 inconstantia,
3013 2489 3123 2543 aut
3180 2480 3508 2562 quippiam
3568 2484 3703 2543 for-

302 2571 472 2621 tasse
529 2581 652 2620 non
710 2562 859 2621 satis
928 2580 1082 2640 pure
1139 2568 1331 2639 atque
1387 2562 1720 2642 amendate
1800 2562 2037 2642 dictum
2101 2561 2453 2630 offenderit,
2533 2565 2831 2623 continuo
2908 2563 2969 2622 id
3029 2564 3090 2622 in
3153 2561 3702 2642 reprehensionem

302 2643 675 2703 vertendum
735 2647 931 2720 putet.
984 2644 1148 2703 Nam
1205 2647 1341 2701 erat
1396 2641 1804 2702 Combeﬁsius
1863 2641 2052 2700 homo
2103 2643 2239 2717 pius
2312 2643 2563 2719 quidem
2618 2651 2679 2704 et
2734 2644 2796 2703 in
2850 2645 3034 2703 rebus
3064 2641 3257 2703 sacris
3306 2644 3709 2721 singulariter

303 2725 555 2794 doctus,
623 2722 731 2781 sed
784 2723 891 2799 qui
950 2740 1274 2800 nunquam
1333 2722 1412 2781 ab
1468 2722 1770 2782 orationis
1819 2722 2155 2797 asperitate
2214 2722 2635 2801 mastitiaque
2682 2724 2899 2784 abesse
2946 2724 3170 2801 potuit.
3233 2725 3421 2784 Nobis
3452 2742 3708 2802 quoque

300 2805 367 2863 in
422 2804 715 2863 universo
772 2803 1089 2863 volumine
1145 2803 1376 2879 lingua
1434 2810 1626 2881 atque
1684 2802 2057 2863 elocutionis
2110 2820 2263 2861 cura
2318 2801 2584 2880 (vereor)
2642 2823 2766 2864 non
2828 2812 3002 2864 tanta
3058 2805 3196 2875 fuit,
3280 2812 3520 2882 quanta
3579 2822 3711 2865 esse

306 2890 581 2962 poterat,
634 2884 896 2943 fortasse
953 2886 1141 2943 etiam
1197 2883 1488 2943 debebat.
1549 2882 1669 2943 Sed
1729 2883 1976 2942 veniam
2024 2881 2333 2963 ejusmodi
2384 2884 2630 2945 facilius
2685 2885 2824 2944 dari
2882 2903 3060 2962 posse
3118 2881 3408 2946 existimo
3470 2888 3712 2963 Byzan-

303 2967 455 3024 tina
515 2963 794 3023 historia
870 2964 1187 3031 studiosis,
1270 2964 1659 3040 omninoque
1716 2963 1790 3044 iis
1841 2963 1961 3044 Aqui
2017 2962 2079 3020 in
2139 2964 2551 3044 scriptoribus
2630 2966 2819 3025 medii
2877 2966 3019 3035 avi,
3071 2966 3281 3027 nescio
3342 2962 3711 3044 quid’bar-

304 3046 533 3105 barum
571 3049 634 3103 et
687 3044 1132 3104 inconcinnum
1168 3043 1563 3111 sonantibus,
1598 3042 2042 3120 cogitationem
2078 3043 2298 3120 perdiu
2346 3052 2606 3122 ponunt.
2646 3048 2959 3105 Praterea
2991 3047 3296 3106 bonorum
3331 3042 3711 3123 scriptorum

304 3124 669 3203 exemplum
701 3130 1098 3201 consecutus,
1125 3124 1225 3183 vel
1254 3124 1318 3183 in
1350 3124 1555 3183 verbis
1585 3124 1662 3183 ad
1696 3123 2029 3200 religiones
2052 3123 2610 3203 persuasionesque
2644 3126 3121 3203 pertinentibus,
3155 3126 3262 3184 ubi
3293 3126 3709 3185 difﬁcilimum

305 3213 466 3275 erat,
519 3205 713 3264 malui
742 3204 1055 3264 interdum
1079 3204 1318 3282 aliquid
1350 3205 1581 3264 audere
1632 3204 1861 3281 potius,
1897 3222 2085 3281 quam
2126 3204 2405 3264 Latinam
2466 3206 2816 3265 orationem
2850 3205 3062 3264 multis
3106 3205 3333 3265 Gracis
3390 3206 3713 3265 vocabulis

303 3286 661 3363 inquinare.
696 3284 981 3364 (Nomina
1009 3304 1211 3345 rerum
1246 3290 1454 3365 Graeca
1482 3303 1610 3365 qua
1638 3287 2032 3344 convertimus
2065 3292 2130 3365 ut
2157 3284 2470 3344 Corniﬁcii
2502 3286 2705 3345 verbis
2737 3293 2896 3355 utar,
2919 3293 3145 3363 quarto
3180 3285 3704 3364 Rhetoricorum),

307 3386 379 3428 ea
436 3373 664 3425 remota
711 3363 861 3424 aunt
897 3384 935 3425 a
989 3364 1408 3425 consuetudine
1440 3382 1454 3423 :
1484 3363 1619 3445 eum
1647 3370 1803 3423 enim
1832 3383 1923 3423 res
1952 3363 2117 3444 apud
2140 3374 2367 3424 nostros
2394 3384 2513 3425 non
2542 3375 2738 3437 erant,
2769 3384 2980 3425 earum
3033 3376 3229 3424 rerum
3286 3366 3529 3425 nomina
3584 3384 3704 3424 non

302 3457 586 3527 poterant
615 3464 731 3505 esse
782 3452 1030 3527 usitata.
1067 3446 1561 3527 Designationes
1590 3445 1991 3527 dignitatum,
2055 3445 2437 3527 patriarcha,
2488 3446 2889 3514 domesticus,
2924 3445 3325 3522 drungarius,
3359 3446 3611 3527 aliaque
3642 3445 3708 3504 id

309 3524 533 3605 genus,
607 3525 952 3585 necessario
1009 3526 1259 3594 retinui,
1321 3526 1565 3585 tametsi
1598 3542 1671 3605 ex
1707 3524 2077 3584 nitidissimo
2120 3526 2429 3605 Latinatis
2487 3528 2657 3586 fonte
2714 3527 3209 3604 haudquaquam
3264 3526 3706 3604 profluxerint.

310 3611 480 3679 Quas
519 3605 567 3665 si
600 3606 861 3684 (XXVII)
891 3607 1031 3684 quis
1052 3614 1162 3666 aut
1193 3605 1385 3665 nimia
1408 3604 1675 3667 Romani
1697 3604 2001 3664 sermonis
2024 3604 2324 3685 religione
2345 3606 2593 3666 silentio
2616 3607 2959 3685 praterire,
2999 3613 3108 3666 aut
3142 3624 3251 3683 per
3279 3606 3710 3665 circuitionem

310 3687 632 3764 explicare
662 3686 951 3754 voluerit,
986 3705 1082 3746 na
1112 3686 1216 3746 ille
1265 3686 1419 3745 mihi
1470 3686 1858 3763 imprudens,
1920 3691 1978 3744 et
2033 3684 2212 3761 cujus
2268 3688 2571 3746 sententia
2622 3684 2895 3746 minime
2951 3687 3243 3746 standum
3293 3686 3394 3757 sit,
3463 3686 3713 3745 videtur

303 3766 707 3846 judicandus.
771 3767 1053 3826 Versioni
1103 3766 1327 3826 Leonis
1383 3765 1461 3825 ad
1523 3765 1883 3846 marginem,
1922 3766 2291 3825 exteriorem
2347 3766 2641 3827 lectiones
2690 3769 2921 3827 codicis
2968 3775 3114 3827 sunt
3142 3768 3469 3845 apposita,
3517 3765 3718 3825 sicubi

314 3845 562 3923 vocem,
623 3866 661 3907 a
720 3847 988 3907 librariis
1041 3848 1371 3906 manifesto
1427 3853 1812 3922 corruptam,
1874 3845 1936 3904 in
1995 3853 2167 3907 textu
2224 3848 2450 3926 recepi.
2506 3848 2621 3909 Ubi
2678 3848 2988 3908 dubitatio
3046 3848 3323 3916 suberat,
3386 3848 3716 3907 lectionem

313 3926 660 4007 codicis_in
712 3933 883 3987 textu
942 3928 1205 3997 servavi,
1261 3926 1723 4007 conjecturam,
1759 3944 1957 3985 meam
2018 3927 2223 4001 adjeci
2294 3927 2357 3986 in
2415 3947 2546 3997 ora,
2626 3929 2676 3987 si
2734 3930 2912 3988 valde
2972 3929 3387 4007 probabilem,
3455 3930 3720 4005 praeﬁxa

310 4010 525 4068 littera
555 4005 595 4066 Ι.
628 4007 747 4067 hoc
803 4016 896 4067 est
944 4008 1089 4086 lege,
1123 4009 1217 4067 sin
1276 4007 1503 4075 minus,
1566 4006 1824 4083 prafixa
1853 4024 1902 4083 /.
1935 4010 2236 4083 fortasse(
2273 4027 2415 4067 nam
2474 4014 2629 4085 forte
2658 4005 2986 4086 siquando
3016 4009 3415 4085 impressum,
3477 4016 3595 4079 est,
3654 4008 3719 4066 id

312 4106 535 4165 aquus
567 4088 761 4148 lector
789 4088 1137 4147 oscitantia
1206 4104 1542 4165 operarum
1600 4086 1924 4167 ascribat.)
1958 4087 2029 4167 In
2055 4106 2301 4147 summa
2330 4090 2392 4147 id
2444 4090 2568 4167 egi,
2604 4095 2663 4147 ut
2699 4090 2775 4149 de
2805 4089 3268 4166 suspicionibus
3317 4089 3489 4160 meis,
3522 4106 3716 4165 quam

314 4186 585 4248 quaque
610 4168 952 4245 probabilis
980 4169 1061 4228 sit
1088 4169 1215 4227 sive
1244 4186 1426 4237 vana,
1465 4184 1656 4248 penes
1688 4166 1983 4248 lectorem
2018 4166 2320 4242 iudicium
2352 4166 2827 4243 relinqueretur.

392 4249 551 4308 XIII.
586 4244 906 4325 Superest.
938 4255 1003 4307 ut
1035 4248 1111 4308 de
1140 4248 1424 4307 instituto
1456 4246 1880 4306 adnotationis
1912 4264 2089 4318 mea,
2128 4253 2395 4306 maxime
2428 4248 2507 4307 ad
2539 4252 2834 4313 Leonem,
2871 4248 2920 4306 si
2943 4248 3049 4325 qui
3081 4252 3377 4324 vagatum
3414 4263 3509 4325 me
3542 4245 3603 4303 in
3636 4244 3714 4303 iis

309 4328 502 4387 latius
531 4324 720 4405 atque
750 4329 1077 4388 deflexisse
1107 4346 1537 4406 sapenumero
1568 4327 1644 4386 de
1680 4326 1777 4386 via
1809 4332 2052 4403 putent,
2087 4327 2253 4403 apud
2282 4327 2743 4388 existimatores
2773 4324 2996 4387 harum
3047 4346 3253 4386 rerum
3286 4324 3715 4406 intelligentes

310 4416 377 4467 et
411 4402 633 4486 aquos'
662 4410 877 4486 paucis
909 4428 1006 4467 me
1040 4402 1323 4487 purgem.
1350 4407 1587 4467 Etenim
1614 4402 1891 4466 intellexi
1916 4407 2249 4484 tripliciter
2271 4407 2399 4465 ﬁeri
2430 4427 2629 4485 posse,
2658 4415 2723 4467 ut
2746 4408 3003 4467 editoris
3024 4406 3083 4465 in
3105 4425 3293 4487 Opere
3315 4402 3715 4487 exsequendo

310 4484 616 4548 sedulitas
638 4484 945 4549 fautorem
972 4484 1325 4548 nostrorum
1350 4488 1801 4548 benevolentia
1823 4487 2220 4565 aliquatenus
2242 4484 2666 4566 responderet.
2692 4492 2831 4549 Uno
2857 4489 3069 4564 modo,
3093 4488 3143 4546 si
3159 4486 3495 4566 scriptores
3518 4484 3713 4560 ipsos,

311 4570 614 4645 qualesin
654 4570 1008 4629 menbranis
1038 4569 1463 4637 offendissem,
1494 4568 1756 4627 sublatis
1788 4574 2029 4626 tantum
2070 4565 2412 4628 manifestis
2463 4568 2725 4645 mendis,
2764 4568 2977 4627 addita
3010 4568 3227 4627 Latina
3259 4565 3565 4645 versione,
3615 4581 3716 4645 ar-_

312 4642 503 4709 bitrio
525 4651 912 4710 eruditorum
938 4649 1386 4726 permitterem.
1422 4648 1677 4719 Deinde,
1712 4666 1852 4706 cum
1880 4648 2155 4725 plurima
2175 4657 2381 4707 essent
2412 4668 2613 4727 nuper
2641 4642 2718 4707 in-
2736 4647 3124 4708 Bibliotheca
3160 4648 3373 4723 Regia,
3399 4643 3600 4703 multa
3624 4642 3719 4703 sui

312 4731 647 4808 persintacl
669 4730 833 4789 hanc
846 4731 1035 4799 diem,
1054 4729 1135 4789 ad
1151 4728 2116 4808 resByzantinasquodammodo
2133 4729 2532 4805 pertinentia,
2555 4748 2755 4807 neque
2770 4729 2936 4787 edita
2954 4728 3182 4797 adhuc,
3211 4744 3416 4804 neque
3441 4742 3719 4808 unquam

314 4806 544 4888 opinor
574 4811 671 4889 (ut
716 4829 881 4869 nunc
912 4816 1058 4869 sunt
1088 4806 1396 4888 tempora)
1432 4808 1680 4885 integra
1712 4809 1911 4867 lucem
1948 4808 2178 4883 visura,
2216 4809 2370 4869 Vita
2401 4810 2800 4885 Sanctorum,
2834 4808 3114 4886 epistola
3148 4809 3409 4867 fratrum
3462 4806 3722 4865 devoto-

315 4908 484 4961 rum,
544 4891 921 4957 antistitum,
992 4889 1516 4967 patriarcharum,
1575 4895 1878 4948 tratactus
1954 4889 2319 4965 dogmatici,
2399 4890 2670 4962 ascetici,
2758 4890 3047 4966 polemici
3120 4906 3348 4965 magno
3425 4902 3712 4967 numero,

317 4970 581 5029 annales
612 4988 861 5048 quoque
894 4966 1132 5038 inediti,
1196 4969 1594 5047 pervolutare
1624 4988 1696 5027 ea
1754 4968 2031 5028 studiose
2080 4976 2267 5044 atque
2317 4987 2646 5046 excerpere
2704 4971 2863 5047 capi
2899 4969 3201 5046 quidquid
3238 4969 3439 5027 lucem
3498 4966 3721 5048 afferre

318 5057 570 5127 poterat
621 5043 800 5109 annis
847 5050 1115 5110 sedecim
1174 5043 1281 5123 qui
1339 5069 1375 5109 a
1407 5055 1607 5109 morte
1664 5048 2053 5108 Constantini
2100 5043 2205 5108 VII
2272 5043 2843 5128 Porphyrogenela
2896 5043 2999 5128 (15
3058 5043 3395 5108 Novembr.
3441 5048 3584 5122 959)
3642 5043 3721 5104 ad

315 5130 707 5200 'I‘zimisrem,
744 5131 817 5190 I0
848 5133 1106 5191 Januar.
1140 5130 1258 5193 976
1289 5148 1528 5190 veneno
1558 5129 1902 5200 sublatum,
1937 5129 2338 5197 efﬂuxerunt,
2365 5149 2759 5207 quorumque
2793 5129 3157 5189 memoriam
3196 5133 3314 5188 Leo
3358 5128 3725 5203 complexus

319 5216 431 5268 est.
495 5210 614 5271 Ubi
646 5229 785 5269 cum
822 5213 1137 5289 pracipue
1182 5210 1320 5269 usui
1351 5210 1501 5269 mihi
1532 5208 1764 5268 fuerint
1814 5209 2089 5269 historia
2122 5209 2283 5280 dua,
2320 5210 2520 5270 altera
2551 5211 2862 5269 Simeonis
2891 5209 3259 5287 Logotheta
3294 5208 3441 5288 (vid.
3478 5207 3718 5267 Harles.

315 5290 482 5349 Bibl.
521 5293 623 5351 Gr.
658 5292 790 5360 VII,
824 5294 964 5362 685,
1024 5292 1118 5369 1.),
1172 5291 1371 5351 altera
1421 5290 1572 5351 Julii
1609 5289 1908 5361 Pollucis,
1958 5289 2058 5349 hic
2105 5290 2308 5349 facere
2357 5310 2478 5350 non
2528 5310 2803 5368 possum,
2866 5290 3015 5367 quin
3068 5290 3422 5349 Italicorum
3472 5302 3725 5369 quoque

316 5372 714 5431 eruditorum
741 5373 803 5431 in
832 5390 929 5432 me
959 5368 1263 5443 animum,
1298 5389 1488 5449 quam
1544 5368 1852 5447 singulari
1894 5370 2101 5431 ofﬁcio
2151 5371 2358 5441 fuerit,
2392 5378 2609 5450 gratus
2638 5389 3154 5431 commemorem.
3190 5373 3344 5430 Nam
3397 5368 3725 5446 repentino

394 5630 469 5701 fa)
504 5628 697 5701 Codex
724 5629 900 5701 male,
944 5626 1347 5701 γυμνάζεσθαιι
1549 5698 1585 5701 --
1714 5699 1727 5701 -

2121 5629 2186 5701 Ili
2214 5634 2443 5701 mutare
2467 5629 2587 5684 sic:
2620 5625 2899 5694 -κόπον,
2932 5629 3030 5680 τοῦ
3062 5622 3361 5701 ἄρχοντος,
3412 5622 3456 5677 εἰ
3490 5617 3733 5687 δυνατὸς,

390 5700 469 5773 (ὁ)
505 5699 598 5754 Sic
630 5700 814 5756 codex
843 5717 856 5755 :
888 5698 990 5756 sed
1024 5699 1178 5754 lecto
1215 5699 1415 5772 capite
1444 5698 1653 5755 malim
1699 5699 1881 5756 ﬁnem
1917 5701 1990 5757 ti-

956 5698 990 5754 d
1024 5699 1178 5754 lecto
1215 5699 1415 5772 capite
1444 5698 1653 5755 malim
1699 5699 1881 5756 tinem
1917 5701 1990 5757 ti-
2100 5698 2355 5773 μένοντος
2386 5698 2569 5758 αὐτοῦ,

649 5818 908 5879 ΡΑτιιοι..
956 5818 1066 5878 Gn.
1115 5816 1287 5877 CXV.
3300 5811 3375 5871 21
