4082 6200
140 124 199 149 ΓΖ(

258 465 387 527 653
1512 464 1579 523 C.
1628 464 1697 524 B.
1746 464 1870 525 HA!

2072 464 2440 527 REFATIO.
3569 470 3684 531 654

264 617 376 682 me
424 598 711 682 adiutum
769 616 903 682 esse
939 614 1284 682 _nunquam
1340 597 1772 682 dissimulabo.
1831 601 1903 659 In
1962 598 2184 682 Gallia,
2244 600 2419 660 omni
2478 600 2787 680 politioris
2851 601 3221 662 litteraturae
3278 609 3338 664 et
3406 603 3686 682 antiqui-

266 680 452 748 tatis,
513 680 685 739 omni
737 679 1138 740 scientiarum
1198 695 1427 755 genere
1483 678 1826 748 excellens,
1887 682 2032 739 Ant.
2090 681 2330 741 Joann.
2390 678 2757 750 Lsinoxns,
2820 682 3034 741 multis
3096 682 3250 741 mihi
3322 678 3684 744 nominibus

265 763 526 831 charus,
590 778 731 843 non
775 760 1274 843 modo‘ingenio
1314 759 1897 843 splendidissimo,
1956 758 2069 843 sed
2127 770 2355 843 κριτικῇ
2423 780 2679 840 quoque
2750 760 3054 843 singulari
3102 769 3304 843 atque
3373 765 3687 843 exquisita

268 848 613 920 prmstans.
676 842 899 919 Neque
954 840 1041 899 ibi
1098 846 1240 918 post
1295 839 1721 911 Ameilhonis,
1763 840 2108 920 scriptoris
2142 839 2395 920 ppoliti.
2451 839 2661 919 neque
2719 850 2862 919 post
2919 842 3036 901 lib.
3099 839 3239 901 Bar.
3301 844 3377 903 de
3437 839 3685 904 Sainte-

270 918 492 996 Croix,
553 920 670 981 viri
726 918 1099 991 venerandi,
1157 920 1437 994 obitum,
1497 937 1700 997 neque
1757 919 1819 978 in
1871 918 2196 979 Britannia
2257 928 2398 998 post
2454 918 2803 983 Gibbonem
2864 922 2994 982 vita
3062 922 3388 993 functum,
3464 925 3691 984 desunt

271 1002 379 1064 alii
435 1002 664 1061 summi
720 1001 1004 1061 doctrina
1059 1018 1433 1077 summoque
1470 999 1708 1075 judicio
1770 1000 2076 1070 homines,
2138 1000 2201 1058 in
2260 1002 2650 1078 exploranda
2709 1001 3085 1079 scriptorum
3146 1004 3334 1063 medii
3391 1005 3507 1064 δινὶ
3566 1004 3689 1063 fide

274 1082 621 1143 exercitati.
679 1083 787 1142 Bis
844 1099 981 1159 ego,
1044 1084 1377 1141 transactis
1425 1079 1558 1156 jam
1623 1079 1775 1139 meis
1843 1080 2148 1157 partibus,
2232 1082 2498 1141 Leonem
2561 1082 2858 1142 historica
2916 1083 3158 1143 ratione
3214 1084 3686 1159 illustrandum,

276 1164 327 1223 si
387 1162 601 1229 velint,
660 1162 865 1222 trado.
928 1160 1075 1220 Mihi
1131 1161 1283 1222 satis
1341 1159 1479 1231 fuit,
1542 1159 2072 1241 materiamillis,
2117 1178 2242 1220 non
2302 1161 2625 1240 indignam
2680 1163 2977 1222 facultate
3030 1170 3092 1222 et
3148 1164 3330 1241 copia
3376 1164 3682 1240 ipsorum,

274 1241 618 1319 subjicere,
676 1241 1086 1323 interimque,
1145 1242 1208 1301 in
1265 1258 1456 1319 opere
1510 1240 1609 1323 sic
1669 1239 1933 1323 versari,
1992 1249 2063 1300 ut
2120 1242 2412 1323 quadam
2471 1243 2583 1302 otii
2640 1242 2761 1301 mei
2817 1249 3091 1303 exstaret
3156 1239 3350 1321 ratio,
3407 1239 3690 1323 indeque

273 1324 497 1384 litterae
558 1324 792 1384 Griecoe
850 1321 1065 1400 aliqua
1127 1340 1205 1383 ex
1276 1325 1452 1401 parte
1509 1320 2061 1401 locupletarentur.
2124 1321 2190 1379 ld
2248 1327 2451 1381 totum
2526 1323 2853 1382 consilium
2932 1324 3295 1401 factumque
3336 1320 3598 1384 'meum'
3636 1325 3691 1385 si

273 1422 311 1463 a
365 1402 566 1463 doctis
621 1399 1013 1481 probabitur,
1074 1402 1250 1462 nullo
1284 1399 1430 1461 alio
1488 1399 1770 1461 decorari
1832 1399 2111 1482 laborem
2166 1419 2371 1460 meum
2444 1402 2705 1479 praemio
2768 1404 3039 1481 postulo,
3099 1399 3521 1482 adialiosque
3578 1405 3691 1481 By-

274 1485 586 1555 zantinos,
643 1482 832 1543 simili
892 1484 1130 1543 ratione
1183 1482 1480 1556 edendos,
1541 1482 1746 1541 minus
1798 1481 2148 1541 verecunde
2206 1489 2725 1559 cunctanterque,
2778 1502 2966 1560 quam
3020 1482 3229 1543 adhuc
3283 1481 3435 1555 feci,
3473 1502 3690 1560 aggre-

276 1565 435 1623 diar.
493 1563 722 1656 .Habeo
781 1563 945 1623 enim
1016 1562 1192 1656 prelo
1242 1562 1377 1641 jam
1440 1560 1679 1700 pridem
1742 1567 1965 1654 parata
2034 1561 2363 1621 Michaelis
2429 1563 2620 1655 Pselli
2676 1564 2970 1655 Annales,
3038 1562 3283 1640 Georgii
3342 1563 3695 1655 llamartoli

276 1645 658 1700 Chromcon.
716 1644 1053 1700 Nicenhon
1103 1646 1394 1700 Gregoraa
1469 1641 1633 1700 ibros
1692 1642 1936 1700 aliauot
1981 1642 2190 1700 adhuc
2249 1642 2486 1700 ΓΧΧΧΠ
2542 1643 2833 1700 ineditos.
2898 1649 3257 1700 sanctorum
3318 1645 3491 1700 Vitas
3541 1650 3691 1700 item

275 1644 658 1713 Chronicon,
716 1644 1053 1722 Nicephori
1103 1646 1394 1720 Gregoraa
1444 1641 1633 1722 libros
1692 1642 1936 1719 aliquot
1981 1642 2190 1701 adhuc
2248 1642 2486 1722 [XXXI]
2542 1643 2833 1715 ineditos,
2898 1649 3257 1703 sanctorum
3318 1644 3491 1703 Vitas
3541 1644 3691 1703 item

272 1726 568 1797 ineditas,
648 1721 974 1784 historiam
1051 1723 1264 1784 saeculi
1330 1721 1556 1781 decimi
1608 1727 1670 1781 et
1717 1722 2012 1800 deinceps
2065 1721 2481 1799 sequentium
2504 1722 2917 1797 illustrantes,
2965 1724 3247 1802 Gregorii
3294 1724 3570 1784 Palamae
3612 1723 3691 1781 li-

268 1805 509 1865 bellum
572 1805 648 1864 de
705 1806 1068 1883 captivitate
1123 1822 1235 1864 sua
1290 1804 1370 1862 ad
1402 1802 2009 1883 'l‘hessalonicenses,
2044 1802 2295 1876 aliaque
2351 1803 2415 1862 id
2440 1822 2658 1881 genus,
2692 1822 2833 1882 quas
2893 1811 2960 1862 ut
2991 1806 3196 1881 primo
3237 1822 3492 1881 quoque
3532 1810 3691 1861 tem-

271 1904 432 1964 pore
460 1886 520 1944 in
556 1886 756 1945 lucem
790 1882 1116 1964 prodeant,
1154 1886 1340 1944 rebus
1366 1882 2212 1964 Byzantinis,Slavorumque
2240 1886 2586 1943 Turcarum
2626 1886 2845 1964 priscae
2903 1885 3177 1945 historiae
3220 1902 3444 1944 novam
3489 1884 3693 1943 lucem

272 1962 578 2039 allatura,
610 1962 929 2026 fautorum
963 1966 1152 2041 hujus
1179 1964 1388 2043 operis
1434 1962 1772 2041 singularis
1829 1963 2249 2023 munificentis
2277 1982 2531 2043 sperare
2575 1983 2689 2025 nos
2711 1963 2914 2042 jubet.

361 2099 727 2161 Scribebam
777 2099 994 2161 Paisiis
1038 2098 1103 2159 in
1147 2095 1536 2160 Bibliotheca
1588 2095 1799 2174 Hegio,
1851 2094 2117 2157 Kalend.
2167 2097 2428 2158 Januar.
2488 2097 2954 2159 MDCCCXVIII.

4060 88 4075 287 ἓ

4070 316 4077 375 l
