4084 6202
395 392 518 456 663

1795 391 2074 453 LEONlS
2117 389 2445 454 D'IACONI

3687 389 3799 450 66‘

399 523 477 580 ad
507 523 778 595 requiem
810 539 871 578 se
903 524 1069 578 trans
1117 519 1421 576 hominem
1473 521 1846 591 contulisset,
1897 522 2057 577 filius

2184 521 2253 576 ιαὶ
2311 521 2448 596 πρός
2505 521 2605 589 τὴν
2663 518 2835 573 ἐκεῖσε
2887 515 3218 573 κατάπαυσιν
3293 515 3679 586 ἁναλύσαντος,
3715 521 3803 587 τὴν

405 613 535 684 ejus
566 615 889 679 Ramanus,
923 610 1023 681 qui
1057 626 1126 664 ex
1181 609 1398 680 puerili
1445 615 1618 664 aetate
1671 625 1942 682 egressus
1993 610 2067 664 ad

409 701 785 770 virilemjam
819 699 1130 764 transibat,
1180 699 1553 770 principatus
1595 699 2068 754 administratio—

408 807 546 845 nem
581 789 860 859 suscepit.
894 790 1031 842 Erat
1081 788 1129 842 is
1180 789 1498 858 cznteroqui
1553 788 1768 856 bonus,
1819 789 2068 843 honesta

408 877 582 942 facie,
617 893 892 932 sermone
923 877 1142 947 lepido,
1171 878 1368 948 specie
1397 877 1890 948 decorus,plenus
1905 877 2068 932 omni

408 965 724 1038 probitate,
751 981 888 1037 erga
905 965 1210 1020 subditum
1237 967 1502 1037 quemvis
1527 966 1818 1038 benignus
1845 983 1912 1021 ac
1934 981 2064 1021 sua-

406 1055 524 1120 vis;
552 1054 655 1109 sed
683 1055 824 1108 item
847 1055 1637 1126 voluptatibusjuvenilibus
1659 1055 1940 1126 ludisque
1973 1056 2070 1110 ni-

407 1144 595 1199 mium
622 1142 878 1198 deditus.
909 1145 1062 1208 Quas
1085 1143 1158 1198 ad
1183 1161 1277 1198 res
1302 1144 1402 1214 qui
1426 1159 1487 1198 se
1505 1144 1930 1210 sollicitabant,
1965 1161 2066 1199 eos

409 1237 616 1287 contra
639 1237 815 1302 atque
837 1232 1568 1303 Oportebat,inducebatin
1583 1232 1892 1304 palatium.
1919 1233 2065 1287 Huic

410 1322 756 1393 imperatori
781 1321 1043 1376 Romano
1067 1322 1124 1374 in
1148 1327 1411 1376 mentem
1434 1330 1674 1377 venerat
1717 1322 1974 1377 Arabum
2003 1323 2064 1376 in

415 1411 585 1465 Creta
603 1411 953 1481 potentiam,
991 1411 1436 1482 superbientem
1454 1411 1620 1466 illam
1635 1411 1942 1482 caedesque
1963 1410 2064 1466 ad-

412 1515 618 1554 versus
653 1501 949 1554 Romanos
983 1501 1331 1571 spirantem,
1363 1517 1492 1556 cum
1531 1500 1637 1555 Dei
1669 1501 1889 1556 auxilio
1914 1517 2068 1555 ever-

414 1594 559 1643 tere.
599 1589 844 1660 Quippe,
905 1588 1072 1643 clade
1131 1589 1307 1660 paulo
1358 1595 1492 1644 ante
1553 1589 1725 1644 nobis
1783 1589 1948 1644 illata
2003 1591 2065 1644 in

414 1678 776 1732 immensum
809 1677 1022 1744 inﬂati,
1057 1695 1162 1748 per
1215 1696 1378 1733 oram
1431 1679 1666 1750 imperii
1722 1679 2064 1734 maritinam

415 1766 831 1838 populationes
865 1767 1152 1822 maximas
1182 1767 1502 1823 faciebant.
1537 1769 1721 1832 Quam
1762 1768 2068 1824 calamita-

419 1861 537 1910 tem
596 1855 1100 1926 quemadmodum
1178 1857 1427 1912 Romani
1501 1858 1768 1928 ceperint
1851 1857 2064 1914 dicam.

415 1945 839 1999 Constantinus
873 1944 1213 2015 imperator,
1241 1963 1375 2001 cum
1399 1947 1770 2002 Cretensium
1794 1964 2069 2020 arrogan-

414 2032 560 2087 tiam
593 2032 1088 2104 incursionesque
1122 2036 1470 2106 repentinas
1510 2035 1664 2090 ferre
1712 2052 1832 2091 non
1860 2038 1897 2090 7
1930 2054 2068 2108 pos-

415 2127 525 2191 set,
552 2121 845 2176 conducto
869 2123 1092 2193 optimo
1119 2124 1402 2192 exercitu,
1432 2125 1776 2180 triremibus
1803 2127 2070 2198 igniferis

415 2213 728 2267 instructis
754 2213 909 2268 bene
958 2213 1186 2281 multis,
1237 2215 1674 2286 expeditionem
1723 2215 1785 2270 in
1837 2215 2069 2271 Cretam

422 2303 704 2374 suscepit,
738 2303 896 2357 velut
933 2304 1126 2374 prima
1157 2305 1535 2375 aggressione
1584 2304 1842 2360 insulam
1896 2322 2067 2361 occu-

415 2397 682 2464 paturus.
744 2393 980 2447 Atenim
1029 2393 1259 2462 ignavia
1307 2400 1484 2464 atque
1534 2394 1832 2466 imperitia
1879 2394 2068 2463 ducis,

418 2481 518 2551 qui
551 2485 676 2535 erat
711 2479 893 2551 spado
926 2480 1310 2551 cubicularis,
1334 2483 1655 2537 homuncio
1680 2483 2073 2539 umbraticola

418 2569 819 2640 Paphlagonia
838 2575 1022 2636 ortus,
1049 2570 1474 2626 Constantinus
1495 2573 1738 2626 nomine
1779 2573 2070 2644 Gongyles

421 2663 832 2728 cognomento,
913 2659 1146 2713 tametsi
1233 2660 1606 2730 amplissima
1685 2661 2069 2732 patriciorum

420 2745 705 2818 dignitate
737 2746 1122 2818 gloriabatur,
1157 2749 1350 2803 omnis
1381 2749 1477 2804 hic
1509 2750 1803 2804 exercitus
1855 2755 2072 2821 praeter

417 2851 638 2906 paucos
671 2835 959 2905 quosdam
991 2834 1211 2891 milites
1261 2837 1707 2893 contrucidatus
1738 2853 1772 2893 a
1801 2837 2069 2893 barbaris

416 2939 484 2978 ac
517 2923 784 2979 delectus
817 2929 923 2978 est.

416 3015 616 3087 πρεπεῖ
691 3012 956 3083 ἀξιώματι
1035 3009 1376 3085 ἐσεμνύνετο,

414 3094 704 3175 βαρϐάρων
736 3100 826 3154 καὶ
856 3099 1243 3176 παραπώλετο.

483 3192 535 3247 3.
571 3190 736 3256 Quod
765 3191 1193 3246 detrimentum
1227 3191 1448 3248 sarcire
1479 3194 1727 3266 cupiens
1758 3196 2060 3250 Romanus
2092 3197 2133 3261 Ο

411 3281 756 3351 imperator,
791 3280 1188 3352 Nicephorum
1219 3282 1500 3350 Phocam,
1545 3283 1704 3339 inter
1753 3284 2066 3356 magistros

416 3369 866 3443 praefulgentem
901 3370 1374 3441 exercitibusque
1421 3371 1822 3427 Orientalibus
1853 3371 2066 3444 praefe-

423 3463 582 3514 ctum
616 3466 815 3530 (quam
848 3459 1198 3530 dignitatem
1229 3461 1693 3516 Domesticatum
1726 3461 2066 3517 scholarum

425 3549 674 3604 Romani
708 3550 958 3618 vocant),
987 3549 1178 3604 virum
1212 3555 1521 3605 strenuum
1555 3567 1622 3606 ac
1651 3549 2067 3618 navum,bello

419 3636 659 3706 fortem,
693 3639 742 3693 si
783 3639 1020 3706 invicta,
1069 3639 1281 3695 ducem
1330 3639 1588 3710 gerendo
1633 3639 1794 3696 bello
1843 3641 2069 3697 Cretico

2178 609 2607 682 αὐτοκρατορίαν
2667 608 2692 643 ⁸
2740 607 2765 642 θ
2822 603 3024 662 διέπειν
3079 609 3260 682 ἀρχὴν
3321 609 3437 680 (12)
3488 608 3839 679 Ῥωμανὸςὸ¹
3947 655 3954 662 .

2179 698 2386 752 ἐκείνου
2438 697 2553 760 υἱὸς
2601 695 2984 772 ἐγχειρίζεται,
3037 693 3147 767 ἤδη
3210 698 3309 765 τὴν
3367 701 3476 751 τῶν
3534 697 3806 770 μειρακίων

2177 783 2580 861 παραλλάττων
2612 784 2832 854 ἡλικίαν
2902 786 2988 838 καὶ
3049 785 3186 860 πρὸς
3246 782 3414 859 ἄνδρα
3469 785 3560 839 τὸν
3617 783 3805 839 τέλειον

2183 875 2733 950 μέτασκευαζόμενος·
2769 875 2905 947 ἀνὴρ
2936 873 3120 930 τᾶλλα
3149 875 3248 946 μὲν
3282 873 3546 944 ἐπιεικὴς,
3597 873 3806 948 εὐπρόσυ

2179 967 2330 1028 ωπός
2382 986 2440 1020 τε
2490 965 2580 1020 καὶ
2641 961 2905 1037 εὐόμιλος
2961 963 3051 1018 καὶ
3123 964 3226 1032 τὴν
3287 963 3430 1037 ὥραν
3491 963 3801 1037 ἀριπρεπὴς,

2179 1055 2269 1110 καὶ
2327 1051 2676 1122 παντοδαπῆς
2731 1051 3134 1126 καλοκάγαθίας
3218 1050 3530 1119 ἀνάπλεως,
3601 1051 3810 1124 εὐμενής

2173 1166 2232 1200 τε
2261 1143 2350 1198 καὶ
2382 1143 2625 1218 χρηστὸς
2654 1143 2790 1217 πρὸς
2829 1140 2967 1196 ἅπαν
3013 1142 3077 1196 τὸ
3129 1143 3370 1212 ὑπήκοον
3431 1144 3563 1213 (13),
3623 1139 3807 1209 ἐπτοη-

2181 1232 2343 1306 μένος
2377 1229 2433 1286 δὲ
2463 1235 2812 1306 νεωτερικαῖς
2843 1227 3200 1299 ἡδυπαθείαις
3254 1229 3344 1284 καὶ
3391 1227 3658 1296 παιδιαῖς,
3699 1229 3810 1290 τοὺς

2177 1321 2234 1378 δὲ
2291 1321 2626 1398 ἐρεθίζοντας
2685 1321 2822 1396 πρὸς
2897 1324 3066 1375 ταῦτα
3144 1320 3282 1374 κατὰ
3363 1322 3463 1388 τήν
3559 1319 3812 1396 βασίλειον

2177 1411 2376 1480 ἑστίαν,
2411 1413 2488 1473 ὼς
2521 1410 2620 1465 ούκ
2649 1407 2883 1486 ὣφελεν,
2943 1407 3280 1484 ἐπαγόμενος
3330 1413 3465 1480 (14).
3522 1411 3708 1482 Τοῦτῳ
3745 1412 3812 1479 τῷ

2178 1499 2537 1576 αὐτοκράτορι
2593 1500 2861 1572 Ῥωμανῷ
2912 1497 2989 1560 εἷς
3047 1493 3252 1553 ἔννοιαν
3333 1498 3458 1568 ἧκε,
3538 1501 3638 1566 τήν
3713 1501 3809 1552 τῶν

2175 1585 2479 1662 Ἀραϐιτῶν
2539 1592 2766 1664 Κρητῶν
2857 1585 3190 1650 δυναστείαν,
3279 1586 3672 1662 τραχηλιῶσαν
3732 1586 3809 1640 καὶ

2175 1679 2312 1734 κατά
2338 1680 2627 1750 Ῥωμαίων
2684 1677 2906 1755 φονικὸν
2965 1676 3250 1747 πνέουσαν,
3308 1680 3377 1750 τῇ
3435 1681 3535 1731 τοῦ
3589 1675 3807 1750 κρείττο-

2175 1791 2268 1830 νος
2301 1767 2444 1844 ῥοπῇ
2477 1764 2722 1822 ἐκποδὼν
2765 1767 3117 1836 ποιήσασθαι.
3173 1765 3269 1823 Καὶ
3313 1766 3416 1840 γὰρ
3469 1770 3550 1837 τῷ
3597 1765 3646 1838 ἐξ
3694 1766 3810 1819 ὑπο-

2174 1857 2335 1933 γυίοο
2367 1861 2482 1922 τοῖς
2537 1855 2836 1929 Ῥωμαίοις
2885 1849 3258 1928 συμϐεϐηκότι
3318 1855 3637 1932 ἀτυχήματι
3693 1852 3812 1927 ἁμέ.-

2177 1967 2320 2022 τρως
2374 1944 2774 2022 γαυρουμένην,
2834 1943 2901 1999 τὰ
2983 1944 3258 2019 παράκτια
3326 1951 3428 2013 τῆς
3519 1945 3811 2016 Ῥωμαϊκῆς

2179 2035 2521 2110 ἐπικρατείας
2562 2031 2814 2104 ἐληίζετο
2877 2032 3135 2106 μάλιστα,
3193 2035 3384 2095 Ὅπως
3446 2031 3511 2088 δὲ
3563 2034 3626 2088 τὸ
3670 2037 3811 2086 πταῖ-

2182 2146 2293 2198 σμα
2321 2123 2617 2197 Ῥωμαίοις
2659 2117 3025 2195 συμϐέϐηκεν,
3085 2119 3462 2198 ἐπιτροχάδην
3524 2121 3635 2197 ἐρᾷ.
3680 2128 3813 2175 Κων-

2182 2217 2457 2274 σταντῖνος
2491 2212 2920 2285 ὁαύτοκράτωρ,
2957 2213 3033 2284 μὴ
3099 2211 3297 2287 στὲγων
3358 2212 3468 2280 τήν
3529 2215 3631 2266 τῶν
3686 2215 3818 2282 Κρη-

2179 2307 2286 2356 τῶν
2320 2297 2474 2377 ὕϐριν
2534 2301 2624 2355 καὶ
2681 2301 2775 2362 τὰς
2834 2297 3130 2374 λαθραίους
3187 2297 3526 2375 ἐπιδρομὰς,
3587 2298 3816 2370 στρατιὰν

2181 2391 2481 2464 ἀξιόμαχον
2516 2388 2857 2464 συνειλοχὼς
2909 2389 3000 2443 καὶ
3056 2390 3301 2464 τριήρεις
3363 2388 3655 2464 ἐξαρτύσας
3693 2406 3816 2461 πυρ-

2181 2480 2380 2558 φόρους
2435 2477 2583 2551 μάλα
2639 2478 2874 2554 συχνὰς,
2937 2479 3074 2533 κατά
3124 2481 3225 2543 τῆς
3285 2479 3512 2553 Κρήτης
3570 2471 3818 2543 ἔστελλεν,

2181 2569 2256 2632 ὡς
2286 2563 2539 2622 αὐτοϐοεὶ
2571 2567 2673 2636 τὴν
2705 2573 2867 2636 νῆσον
2927 2566 3192 2642 αἱρήσων.
3242 2563 3403 2622 Ἀλλ’
3452 2564 3702 2641 ἀνανδρίᾳ
3741 2563 3820 2618 καὶ

2181 2659 2397 2733 ἀπειρίᾳ
2453 2661 2553 2712 τοῦ
2608 2660 2940 2731 στρατηγοῦ,
2999 2655 3206 2729 τομίου
3268 2655 3676 2729 θαλαμηπόλου
3723 2650 3817 2725 (15)

2179 2746 2491 2815 τελοῦντος,
2535 2747 2622 2801 καὶ
2685 2743 2976 2819 ἀνδραρίου
3034 2750 3398 2819 σκιατραφοῦς
3455 2745 3519 2801 ἐκ
3570 2749 3666 2810 τῆς
3719 2749 3813 2796 Πα-

2181 2834 2467 2913 φλαγόνων
2517 2835 2857 2911 ὡρμημένου
2915 2839 3343 2906 (Κωνσταντῖνος
3399 2834 3582 2908 ὄνομα
3631 2833 3813 2902 τούτῳ,

2180 2923 2461 3000 Γογγύλης
2493 2923 2825 2997 ἐπίκλησις),
2862 2922 3028 2978 εἶκαὶ
3072 2927 3151 2994 τῷ
3199 2928 3306 2978 τῶν
3355 2924 3660 2997 Πατρικίων
3707 2921 3812 2994 ἄριο

1463 3012 1639 3068 ἅπασα
1695 3016 1730 3084 ἡ
1790 3012 2049 3090 λεχθεῖσα
2131 3015 2374 3090 στρατια,
2431 3011 2578 3083 πλὴν
2645 3009 2852 3088 ὀλίγων
2908 3009 3138 3088 ἀνδρῶν,
3195 3012 3476 3085 κατεκόπη
3535 3013 3665 3089 πρὸς
3720 3012 3816 3064 τῶν

2245 3197 2312 3266 γ’.
2371 3189 2585 3258 Ταύτην
2645 3190 2742 3259 τὴν
2842 3189 3008 3258 ἧτταν
3070 3190 3098 3244 ὁ
3155 3188 3480 3264 αὐτοκροωρ
3560 3184 3816 3259 Ῥωμανὸς

2176 3277 2599 3335 ἀνακαλέσασθαι
2634 3277 3116 3352 προθυμούμενος,
3174 3279 3496 3356 Νικηφόρον
3558 3279 3648 3332 τὸν
3699 3281 3815 3329 Φω-

2177 3375 2272 3424 xiv
2333 3372 2467 3442 (16),
2525 3373 2643 3429 τοῖς
2700 3366 3018 3442 μαγίστροις
3095 3363 3532 3441 ἐνδιαπρέποντα
3585 3365 3670 3420 καὶ
3719 3367 3815 3417 τῶν

2176 3455 2602 3528 τῆςἈνατολῆς
2663 3455 3080 3532 στρατευμάτων
3144 3457 3497 3531 κατάρχοντα
3554 3453 3816 3529 (Δομὲστι-

2177 3569 2272 3603 κον
2319 3550 2426 3602 τῶν
2478 3544 2707 3621 σχολῶν
2765 3546 3035 3618 Ῥωμαῖοι
3093 3547 3139 3582 ¹⁰
3195 3545 3377 3620 ἀρχὴν
3435 3547 3542 3616 τήν
3591 3542 3819 3604 τοιαύτην

2181 3635 2651 3714 ἐπιφημίζουσιν),
2711 3632 2877 3709 ἄνδρα
2936 3632 3128 3710 ῥέκτην
3182 3654 3242 3689 τε
3309 3632 3399 3688 καὶ
3488 3632 3814 3710 δραστήριον,

1627 3794 1688 3847 C.
1729 3791 1792 3846 Β.
1833 3792 2020 3847 HASlI
2057 3789 2615 3847 ANNOTATIONES.

490 3930 535 3966 ³ο
562 3926 850 4000 Ῥωμαίοις
882 3928 1013 3984 cod.
1024 3971 1042 3999 ,
1073 3933 1139 3984 ut
1167 3929 1245 3984 sit
1274 3931 1443 4000 quasi
1478 3931 1707 3987 dativus
1735 3932 2043 3988 absolutus

2184 3931 2550 4005 participium
2581 3927 2998 4001 ἐπισημίζουσιν
3031 3928 3400 3985 referendus.

419 4082 731 4140 commode
763 4081 951 4136 versio
969 4081 1246 4155 vulgaris,
1273 4090 1679 4155 persecutorem
1712 4087 1770 4139 in
1793 4085 2073 4155 praedica-

421 4156 868 4228 toremrmutavit.
906 4153 1813 4228 Ρίι-Γῐίοἱρὶιιῐηᾼμετηλλσήοταςξ
1847 4157 1908 4210 in
1956 4174 2076 4228 qua.

420 4244 558 4284 voce
592 4225 1036 4300 interpretanda
1066 4225 1343 4300 nonnulli
1378 4226 1528 4298 lapsi
1563 4233 1726 4298 sunt,
1775 4245 1930 4300 saepe
1974 4225 2074 4284 He-

419 4305 637 4371 functos
663 4297 1018 4371 significare,
1053 4297 1284 4371 etiamsi
1321 4297 1529 4354 Lexica
1559 4317 1680 4354 non
1737 4297 2071 4370 monerent,

425 4368 810 4428 Constaret’ex
842 4368 1129 4423 Salmasio
1166 4369 1244 4423 De
1280 4371 1479 4425 usuris
1510 4373 1633 4436 391,
1668 4374 1732 4426 Α.

496 4445 606 4513 (12)
665 4439 884 4534 Μδιξω,
942 4439 1041 4534 τῂν
1101 4437 1477 4530 αὐτοκρὰτορα
1533 4439 1737 4534 ἀρχὴν,
1792 4443 1903 4532 vel,
1970 4441 2071 4533 την

423 4509 1154 4587 αὐτοκρατορίανλνειλτήν
1197 4509 1679 4587 αᾼύτοκρατοριςιὴν
1708 4509 1910 4587 ἀρχὴν,
1959 4513 2075 4569 Αὗ..

419 4583 707 4658 τοκράτωρ
739 4583 806 4638 ut
835 4583 1405 4658 a‘djectivrumhabet
1434 4583 1560 4658 ipse
1592 4586 1705 4640 Leo
1746 4583 1826 4652 18',
1859 4587 1923 4640 D.
1971 4591 2072 4651 τῆς

420 4637 1036 4744 αύτοκρξὶτοροςάβχῇς
1077 4637 1361 4744 1⁵11110199
1393 4637 1760 4744 passages
1775 4637 1922 4744 ﬁoé,
1947 4637 2070 4724 ne;
2107 4637 2148 4700 D

423 4730 486 4784 G.
519 4728 554 4794 ὴ
587 4725 1250 4798 αὐτοκράτωρῖυναστεία
1291 4725 1409 4782 Led
1455 4730 1538 4796 14,
1593 4731 1662 4783 Α.
1715 4725 2066 4798 Αὐτοκρατο-

423 4799 514 4868 ρία
544 4797 1293 4870 substantivumJosephus
1325 4800 1522 4870 Antiq.
1569 4799 1794 4855 Judaic.
1847 4797 1968 4866 679,
2001 4800 2065 4855 E.

423 4873 631 4925 Petrus
663 4868 892 4942 Siculus
927 4869 1180 4942 Historia
1206 4868 1667 4942 Manichaeorum
1701 4875 1754 4932 2.
1786 4872 1845 4925 B.
1899 4870 2071 4942 Adje-

423 4941 642 4995 ctivum
676 4937 1131 5013 adtoxparogmé:
1161 4940 1328 4994 Philo
1361 4943 1702 5013 ALegatione
1750 4943 1822 4997 ad
1864 4937 2067 4997 Caium

423 5014 552 5078 786,
585 5013 645 5064 E.
697 5012 823 5076 802,
884 5011 944 5072 F,
987 5011 1258 5065 Clemens
1309 5011 1745 5069 Alexandrinus
1790 5015 2065 5070 Stromat.

424 5085 549 5148 363,
581 5084 648 5144 D,
681 5085 806 5146 705,
841 5083 905 5136 D.
940 5082 994 5134 S.
1055 5082 1365 5154 Gregorius
1417 5087 1714 5154 Nyssenus
1767 5086 1831 5139 In
1873 5086 2071 5140 Canti-

425 5171 560 5210 eum
593 5153 875 5226 canticor.
905 5155 948 5218 Ι,
983 5154 1104 5212 618,
1145 5154 1206 5206 D.
1240 5153 1842 5210 Contra’Eunomium
1877 5159 1946 5222 Il,
1979 5160 2068 5226 42,

425 5227 489 5282 D.
539 5227 602 5279 ln
652 5225 866 5279 Christi
925 5226 1426 5279 resurrectionem
1481 5230 1604 5292 821,
1661 5229 1719 5282 C.
1783 5229 2071 5284 Eusebius

427 5297 553 5351 Vita
578 5297 944 5350 Constantini
981 5299 1105 5358 611,
1139 5298 1200 5349 Α.
1238 5298 1453 5352 Contra
1487 5299 1816 5354 Hieroclem
1845 5301 1968 5364 516,
2001 5303 2066 5354 Α.

427 5371 481 5423 S.
517 5367 769 5422 Basilius
799 5370 860 5422 ln
897 5369 1240 5433 Hexaemer,
1273 5370 1315 5437 Ι,
1351 5372 1439 5434 77,
1487 5372 1544 5423 C.
1594 5370 1831 5440 Regulis
1880 5370 2070 5426 fusius

425 5441 752 5511 disputatis,
773 5441 842 5494 Il.
876 5441 1004 5511 467,
1038 5440 1089 5491 Β.

501 5508 611 5582 (13)
645 5510 947 5582 Cedrepus
979 5508 1300 5582 Compend.
1350 5510 1564 5582 Histor.
1600 5512 1688 5582 VII.
1743 5514 1864 5582 945,
1900 5513 1960 5566 C.
1994 5509 2071 5582 To

427 5575 560 5651 ἦθος
588 5575 795 5658 ἥμερον
828 5575 972 5656 ἔχων
1013 5575 1142 5658 καῖ’
1178 5583 1368 5658 πρᾷον,
1421 5579 1511 5658 καὶ
1561 5581 1622 5635 τὸ
1680 5575 1936 5658 φρόνημα
1983 5580 2071 5654 μὲ-

427 5674 602 5727 τριον,
635 5655 746 5710 hoc
776 5655 891 5722 est,
919 5661 972 5709 et
1001 5655 1634 5727 ingenium_modestum,
1667 5655 1808 5725 non,
1864 5661 1918 5709 et
1958 5671 2070 5709 me-

430 5725 692 5786 diocriter
730 5729 1030 5796 animatus,
1086 5731 1152 5780 ut
1206 5725 1466 5782 reddidit
1518 5727 1852 5799 Xylander:
1903 5727 2072 5798 cujus

2184 4101 2480 4141 summam
2511 4083 2824 4156 utriusque
2865 4080 3084 4156 linguai
3133 4083 3432 4156 peritiam.
3489 4101 3662 4156 quam
3708 4097 3816 4138 non

2181 4157 2480 4213 immerito
2513 4155 2722 4209 tribuit
2750 4153 2838 4226 illi
2871 4153 3116 4226 Huetius
3149 4155 3230 4208 De
3286 4154 3466 4210 claris
3507 4153 3814 4226 interpret.

2182 4232 2306 4300 227,
2338 4232 2421 4296 C.,
2455 4228 2516 4282 in
2547 4227 2657 4281 hac
2688 4225 2930 4296 quidem
2961 4224 3208 4280 Cedreni
3237 4227 3512 4283 versione
3541 4229 3631 4282 vix
3651 4224 3818 4299 agno-

2184 4317 2333 4356 scas.

2253 4371 2359 4440 (14)
2385 4369 2522 4434 Quae
2556 4384 2591 4422 a
2613 4366 2841 4422 verbis:
2873 4369 3016 4424 Huic
3047 4369 3372 4440 imperatori
3401 4375 3542 4426 cett.
3601 4369 3659 4423 in
3701 4383 3816 4421 ver-

2184 4438 2349 4520 sione
2371 4440 2991 4520 rLatina_sequpnt.ui_-,
3037 4455 3084 4520 αθ.
3136 4438 3496 4520 Combefisip
3555 4452 3818 4520 conversa

2183 4513 2460 4584 leguntur
2489 4512 2552 4565 in
2583 4509 2744 4584 Pagii
2771 4510 3003 4565 Criticis
3035 4509 3095 4584 in
3133 4511 3398 4567 Annales
3446 4513 3683 4568 Baronii
3730 4509 3816 4576 ΙΙΙ,

2183 4582 2306 4640 875.
2340 4585 2478 4648 Quae
2510 4598 2619 4637 nos
2648 4582 2746 4636 hic
2771 4582 3239 4638 retractavimus.

2252 4659 2361 4724 (15)
2389 4653 2624 4709 Praeivit
2653 4653 2935 4724 Agathias
2963 4656 3049 4722 19,
3100 4653 3161 4707 Β.
3197 4653 3336 4709 Vide
3387 4654 3460 4710 de
3514 4655 3625 4710 hoc
3671 4651 3814 4708 bello

2177 4727 2507 4800 Cedrenum
2542 4726 2609 4792 ΙΙ,
2641 4726 2765 4800 6-40,
2800 4724 2865 4778 D.
3218 4795 3247 4800 _
3351 4796 3361 4800 _
3572 4797 3581 4800 _
3697 4795 3710 4800 _
3801 4790 3812 4800 ,

2248 4800 2358 4868 (16)
2417 4798 2594 4852 Plura
2650 4795 2724 4850 de
2775 4793 3150 4868 expeditione
3209 4795 3437 4868 Cretica
3519 4793 3813 4868 Nicepho_ri

2178 4865 2387 4925 Phocaa
2441 4865 3280 4937 Continuator’Theophanis,
3331 4869 3458 4932 296,
3503 4869 3589 4936 8.,
3621 4865 3718 4922 300
3754 4865 3812 4937 Ι).

2179 4942 2266 4996 Ad
2295 4941 2569 5010 Gongylae
2601 4937 3032 5010 navigationem
3053 4936 3314 5010 fortasse
3347 4940 3656 4996 referenda
3670 4936 3812 4992 noti-

2181 5013 2261 5068 tia
2291 4981 2490 5083 ampla
2520 5011 2593 5065 de
2633 4981 2923 5082 apptaratu
2956 5009 3148 5083 navali
3181 5010 3346 5083 apud
3365 5013 3670 5066 Constant.
3695 5011 3817 5083 Por:

2180 5075 2502 5156 phyroghn.
2536 5075 2849 5156 Cierimon.
2884 5080 3002 5156 aul.
3038 5075 3268 5151 Byzan't.
3295 5082 3381 5156 ΙΙ,
3409 5085 3532 5156 383,
3579 5084 3672 5146 C.;
3721 5075 3814 5132 sed

2179 5152 2308 5209 vide
2342 5152 2398 5209 et
2429 5171 2558 5224 quae
2589 5153 2660 5207 de
2693 5152 3083 5224 Gongylianze
3122 5152 3521 5222 expeditionis
3567 5160 3814 5224 tempore

2180 5233 2350 5282 acute
2391 5222 2652 5296 disputat
2707 5222 2977 5297 summus
3015 5223 3440 5297 Achronologiaa
3498 5222 3814 5297 Byzantin_aa

2180 5299 2403 5354 arbiter
2431 5293 2538 5352 Ph.
2572 5297 2746 5362 Krug,
2785 5293 3150 5366 Chronologie
3181 5295 3278 5349 der
3296 5293 3594 5366 Byzantiér
3615 5298 3731 5356 292,
3756 5293 3811 5345 Β.

2181 5377 2238 5449 et
2267 5387 2396 5449 quae
2427 5369 2498 5423 de
2529 5367 2766 5449 Candiae
2787 5365 2906 5449 sub
2939 5368 3204 5449 Itomano
3238 5368 3669 5449 expugnatione
3688 5366 3810 5449 306,

2179 5443 2239 5495 C.
2281 5436 2417 5495 inde
2451 5439 2754 5510 probatur,
2787 5437 3184 5510 Nicephorum
3216 5436 3518 5510 appulisse
3567 5437 3638 5492 ad
3666 5436 3815 5510 _Cre-_-

2183 5517 2366 5592 tam‘a
2395 5501 2526 5592 Chr.
2563 5513 2666 5592 960
2694 5501 3190 5592 (contraLCon‘tin.
3225 5501 3486 5592 TifeOph.
3511 5510 3636 5574 297,
3657 5508 3716 5568 C,
3745 5501 3810 5592 ad

2179 5600 2232 5639 a.
2267 5586 2371 5638 962
2401 5583 2460 5637 id
2495 5579 2891 5653 referentem),
2923 5579 3209 5653 Candiam
3247 5579 3498 5653 pepisse
3545 5595 3695 5653 anno
3727 5591 3808 5653 sco

2179 5655 2385 5726 quenti
2418 5657 2542 5718 961,
2575 5653 2754 5726 fratre
2789 5644 2916 5722 ejus
2944 5650 3136 5726 Leone
3165 5644 3394 5709 bellum
3432 5651 3670 5710 interim
3715 5644 3812 5702 ad-
3867 5691 3874 5702 .

2179 5720 2379 5781 versus
2410 5720 2860 5780 Chambdanum
2890 5720 3368 5782 administrante.
