4084 6202
390 370 516 431 665

1748 370 2146 435 HISTORIA
2187 375 2333 440 LIB.
2382 376 2431 436 Ι.

3673 378 3795 439 666

384 498 583 572 ἀγαθόν
613 518 669 552 τε
699 517 759 552 τα
787 494 1065 569 πολεμικᾶ
1120 495 1211 551 καὶ
1263 496 1363 564 τήν
1419 495 1579 571 ίσχὺν
1648 498 2030 571 ἀνυπόστατον,

2153 520 2385 563 summo
2418 522 2552 563 cum
2575 506 2825 580 imperio
2856 510 3089 565 creavit.
3126 507 3511 579 Nicephorus,
3556 514 3797 563 contra-

385 588 754 661 αὐτοκράτορα
810 585 1113 661 στρατηγὸν
1158 591 1258 655 τῆς
1320 586 1457 660 πρὸς
1515 585 1645 647 τοὺς
1677 590 1887 659 Κρῆτας
1934 596 2040 662 μά-

2149 594 2257 648 ctis
2280 594 2842 667 imperatorisjussu
2864 596 3137 650 Asiaticis
3160 595 3708 666 copiis,iisdemque
3733 597 3792 650 in

384 695 499 750 χης
528 678 992 751 κεχειροτόνηκεν.
1046 673 1219 736 Οὗτος
1266 675 1445 729 τοίνυν
1495 676 1522 729 ὁ
1553 676 1891 753 Νικηφόρος,
1942 681 2030 747 rip.

2146 696 2322 736 naves
2354 682 2671 753 impositis,
2691 683 2870 737 celeri
2885 683 3256 755 navigatione
3272 699 3412 736 usus
3428 698 3561 736 cum
3574 698 3787 753 magno

380 769 484 829 τῆς
544 764 722 827 Ἀσίας
777 766 1031 840 στρατιὰν
1082 769 1162 836 τῷ
1243 764 1512 838 βασιλικῷ
1573 766 1911 840 συνειλοχὼς
1950 789 2036 823 κε-

384 852 648 926 λεύσματι
707 854 794 909 καὶ
852 856 1036 908 ναυσὶν
1094 848 1414 926 ἐμϐιϐάσας,
1473 854 1562 908 καὶ
1620 854 2036 929 ταχυπλοήσας,

375 942 690 1020 πυρφόρους
753 964 813 998 τε
869 945 1117 1017 τριήρεις
1178 941 1438 1004 πλείστας
1496 943 1833 1018 ἐπαγόμενος
1888 944 2041 1020 (δρό-

382 1052 566 1103 μωνας
600 1031 798 1094 ταύτας
838 1033 1104 1106 Ῥωμαῖοι
1164 1030 1437 1103 καλοῦσι),
1495 1036 1564 1106 τῇ
1624 1035 1814 1107 Κρήτῃ
1871 1056 2039 1110 προσ-

371 1121 634 1195 ώρμισεν.
697 1121 849 1178 Ἐπεὶ
932 1120 988 1175 δὲ
1041 1127 1142 1190 τῆς
1216 1117 1541 1182 ἀποϐάσεως
1600 1118 1772 1176 ἐδόκει
1830 1124 2035 1198 καιρὸς,

370 1206 536 1279 ἔδειξε
598 1214 934 1285 πρακτικῶς,
989 1207 1056 1279 ἤν
1114 1210 1258 1286 εἶχεν
1311 1208 1597 1284 ἐμπειρίαν
1651 1205 1821 1286 ἔργων
1869 1210 2035 1267 πολε-

369 1302 569 1371 μικῶν’
596 1301 685 1372 [Ρ.
718 1302 774 1372 4]
804 1298 1081 1373 κλίμακας
1112 1300 1216 1374 γὰρ
1267 1298 1355 1353 ἐπὶ
1384 1304 1491 1353 τῶν
1541 1302 1856 1374 πορθμείων
1914 1300 2033 1357 ἐπι-

371 1389 701 1463 φερόμενος,
732 1388 930 1450 ταύτας
964 1386 1053 1443 ἐπὶ
1105 1390 1204 1457 τήν
1238 1390 1399 1457 ἠϊόνα
1437 1386 1846 1466 προσυφαπλῶν
1900 1393 2034 1463 (17),

372 1477 471 1544 τήν
501 1477 759 1552 στρατιὰν
793 1472 1025 1532 ἔνοπλόν
1057 1499 1114 1531 τε
1166 1477 1253 1532 xui
1314 1473 1547 1553 ἔφιππον
1580 1478 1686 1532 ἀπὸ
1740 1486 1839 1549 τῆς
1870 1479 2036 1554 ὑγρᾶς

372 1565 456 1619 ἐπὶ
488 1568 588 1634 τὴν
635 1567 806 1641 ξηρὰν
871 1562 1208 1639 μετεϐίϐαζε.
1267 1570 1358 1638 Τῷ
1407 1565 1465 1622 δὶ
1513 1572 1685 1637 καινῷ
1743 1567 1833 1623 καὶ
1865 1568 2035 1624 ἀλλο-

368 1654 511 1728 κότῳ
543 1660 643 1709 τοῦ
672 1656 949 1730 ὁράματος
1000 1653 1442 1731 καταπλαγέντες
1475 1657 1525 1711 oi
1590 1652 1854 1731 βάρϐαροι
1902 1659 2039 1713 κατὰ

366 1745 558 1819 χώραν
613 1742 809 1818 ἔμενον
870 1747 914 1783 ¹¹
975 1742 1183 1817 ἰλαδὸν,
1242 1742 1605 1800 ἀδιάσπαστον
1649 1750 2038 1822 συντηροῦντες

363 1836 453 1889 τὸν
487 1835 893 1908 συνασπισμὸν,
938 1836 1026 1890 καὶ
1082 1838 1182 1904 τὴν
1240 1840 1350 1890 τῶν
1381 1835 1673 1908 Ῥωμαίων
1718 1837 1794 1899 ὡς
1840 1834 2035 1891 αὐτους

369 1922 547 2001 ἄφιξιν
576 1922 1048 2000 προσδεχόμενοι.
1109 1926 1169 1981 Ὀ
1228 1922 1285 1979 δὲ
1331 1928 1441 1979 τῶν
1487 1925 1770 1998 Ῥωμαίων
1813 1920 2037 2001 στρατη’

364 2013 462 2088 γὸς
496 2014 843 2092 Νικηφόρος,
874 2017 1045 2090 τριχῇ
1101 2015 1199 2084 τὴν
1262 2013 1516 2089 φάλαγγα
1575 2012 1841 2085 διατάξας,
1876 2015 2033 2069 ἀσπί-

369 2123 417 2156 σι
448 2124 506 2157 τε
549 2102 645 2158 καὶ
685 2100 875 2179 δόρασι
921 2102 1124 2174 ταύτην
1172 2103 1619 2171 καταπυκνώσας,
1650 2105 1737 2159 καὶ
1792 2105 1854 2158 τὸ
1880 2104 2033 2159 Ξνυά-

365 2188 480 2246 λιον
514 2192 844 2259 παιωνίσας,
871 2193 935 2248 τὸ
969 2190 1026 2247 δὲ
1074 2193 1359 2267 σταῦρικὸν
1418 2191 1871 2267 ἐγκελευσάμενος
1896 2215 2031 2268 προ-

363 2281 695 2354 πορεύεσθαι
747 2282 1033 2356 τρόπαιον,
1114 2280 1492 2353 ἀντιμέτωπος
1550 2288 1669 2344 τοῖς
1734 2277 2029 2358 βαρϐάροις

362 2365 539 2440 ἐπῄει.
575 2375 772 2438 Δεινῆς
802 2369 859 2422 δὲ
897 2368 1084 2443 μάχης
1136 2369 1557 2444 ἀναρραγείσης,
1588 2371 1677 2424 καὶ
1738 2368 1892 2439 δίκην
1925 2390 2026 2445 χα-

364 2454 532 2527 λάζης
564 2463 683 2513 τῶν
713 2458 889 2533 βελῶν
915 2459 1497 2534 κεταφερομένων,ούκ
1518 2453 1754 2532 ἔμελλον
1776 2458 1859 2514 ἐπὶ
1886 2458 2029 2515 πολὺ

367 2542 741 2621 διακαρτερεῖν
772 2547 827 2600 οἱ
855 2542 1122 2621 βάρϐαροι
1154 2547 1244 2601 τὸν
1301 2552 1410 2601 τῶν
1473 2550 1515 2584 ¹²
1543 2548 1833 2621 Ῥωμαίων
1868 2546 2030 2624 δορα-

366 2636 577 2706 τισμόν·
614 2633 767 2689 ἀλλὰ
819 2637 886 2690 τὰ
936 2640 1082 2690 νῶτα
1148 2634 1471 2711 στρέψαντες
1518 2637 1608 2691 καὶ
1647 2639 1746 2707 τήν
1780 2637 2031 2713 φάλαγγα

368 2719 745 2791 διαλύσαντες,
778 2724 853 2787 ὡς
882 2726 1038 2800 εἶχον
1069 2716 1319 2798 δρόμων,
1347 2726 1483 2801 πρὸς
1509 2725 1571 2779 τό
1609 2747 1754 2803 σφων
1789 2726 2029 2801 ἀπῄεσαν

370 2808 561 2883 ἔρυμα,
590 2814 666 2869 Οἱ
700 2809 757 2866 δῖε
786 2813 1047 2885 Ῥωμαῖοι
1083 2812 1431 2889 ἐφεπόμενοι,
1489 2812 1771 2886 ἀμύθητον
1822 2815 2026 2871 τούτων

366 2899 525 2972 φόνον
554 2900 907 2976 εἴργάσαντο.
939 2904 1202 2957 Τοιοῦτον
1232 2902 1326 2974 μὲν
1351 2904 1385 2971 ἡ
1405 2905 1597 2974 πρώτη
1628 2899 1915 2979 προσϐολὴ
1938 2915 2030 2969 καὶ

364 2984 615 3063 διαμάχη
682 2992 851 3064 πέρας
908 2988 1083 3045 αἶ’σιον
1136 2996 1256 3054 τοῖς
1309 2991 1608 3064 Ῥωμαίοις
1667 2993 2025 3070 ἀπηνέγκατο,

362 3079 516 3133 Ἐπεὶ
549 3077 634 3146 δὲ,
670 3077 809 3155 ᾗπέρ
836 3100 931 3153 μοι
962 3078 1196 3155 εἴρηται,
1228 3085 1307 3153 τῷ
1364 3081 1604 3160 σφετέρῳ
1633 3068 1946 3158 τειχίσματι
1980 3068 2031 3139 οἱ

371 3163 644 3243 βάρϐαροι
680 3167 1157 3240 συνεκλείσθησαν,
1187 3170 1281 3233 τὰς
1341 3169 1595 3245 δυνάμεις
1626 3171 1964 3248 συγκαλέσας
2003 3176 2031 3229 ὁ

2146 768 2532 839 igniferarum
2563 771 2895 841 triremium
2948 786 3196 824 numero
3246 771 3415 839 (quas
3470 770 3788 825 dromouas

2146 858 2393 913 Romani
2426 860 2763 929 vocant),ad
2789 864 3016 914 Cretam
3030 859 3377 931 appulit.lbi
3404 876 3539 914 cum
3555 865 3789 929 tempus

2143 950 2441 1006 videretur
2466 952 2887 1020 exscendendi,
2921 970 3097 1023 quem
3126 969 3299 1007 usum
3320 953 3406 1006 rei
3436 951 3666 1006 bellicas
3690 952 3788 1005 ha-

2144 1038 2327 1107 beret,
2362 1041 2489 1111 ipso
2520 1041 2674 1096 facto
2707 1042 2985 1096 ostendit.
3022 1043 3161 1097 Nam
3214 1041 3401 1095 scalas
3450 1042 3510 1094 in
3542 1040 3787 1112 navigiis

2143 1127 2457 1184 advexerat
2488 1147 2501 1184 :
2536 1130 2750 1201 quibus
2782 1130 2843 1185 in
2868 1130 3033 1185 littus
3064 1130 3371 1201 explicatis
3419 1130 3649 1200 equites
3682 1146 3785 1183 ar-

2145 1223 2333 1273 matos
2364 1219 2650 1290 equisque
2681 1219 3008 1274 insidentes
3037 1236 3106 1273 ex
3132 1220 3280 1273 mari
3305 1219 3784 1273 incontinentem

2141 1305 2497 1361 transduxit.
2517 1307 2773 1375 Barbari,
2795 1325 2944 1362 novo
2963 1315 3139 1379 atque
3158 1307 3436 1362 insolenti
3451 1307 3786 1378 spectaculo

2144 1395 2190 1450 8
2212 1396 2472 1463 attoniti,
2496 1397 2835 1452 catervatim
2860 1398 2990 1452 loco
3015 1414 3076 1452 se
3099 1397 3505 1462 continebant,
3540 1395 3785 1451 indivul-

2143 1501 2239 1539 sos
2262 1485 2678 1557 confertosque
2708 1487 2949 1542 ordines
2996 1493 3318 1549 servantes,
3352 1488 3787 1540 Romanorum-

2143 1588 2259 1643 que
2292 1573 2366 1628 ad
2390 1591 2453 1628 se
2479 1581 2890 1645 exspectantes
2921 1576 3257 1630 adventum.
3294 1577 3637 1629 Nostrorum
3669 1574 3789 1628 dux

2142 1662 2526 1732 Nicephorus,
2559 1664 2856 1734 tripartita
2880 1665 3180 1735 scutisque
3205 1671 3261 1718 et
3292 1663 3478 1718 hastis
3527 1663 3785 1717 conden-

2143 1755 2270 1805 sata
2298 1752 2445 1816 acie,
2478 1750 2761 1807 bellicum
2813 1755 3167 1820 conclamat,
3227 1759 3284 1807 et
3340 1753 3531 1807 crucis
3568 1757 3786 1822 trOpzeo

2141 1838 2562 1909 praeirejusso,
2594 1840 2828 1896 infestis
2860 1842 3044 1911 signis
3066 1842 3290 1896 invadit
3318 1841 3620 1896 barbaros.
3653 1840 3788 1893 Acri

2142 1927 2461 1981 commisso
2481 1929 2707 1998 prmlio,
2728 1946 2861 1984 cum
2884 1930 3190 2002 grandinis
3210 1930 3324 1983 ritu
3346 1930 3463 1984 tela
3484 1929 3787 1995 caderent,

2144 2016 2366 2070 diutius
2398 2018 2799 2073 Romanorum
2832 2020 3188 2091 phalangem
3220 2019 3407 2073 hostis
3446 2019 3789 2072 horrentem

2140 2105 2378 2161 barbari
2421 2107 2713 2163 sustinere
2744 2125 2863 2163 non
2912 2098 3260 2180 potuerunt,
3301 2125 3368 2162 ac
3400 2113 3560 2179 terga
3599 2112 3786 2159 verte-

2140 2199 2318 2249 runt:
2373 2196 2584 2251 solutis
2623 2198 2933 2253 ordinibus
2964 2215 3141 2269 quam
3196 2198 3452 2253 maximo
3504 2212 3682 2251 cursu
3713 2194 3787 2249 ad

2140 2300 2276 2339 suas
2316 2286 2684 2341 munitiones
2726 2288 3181 2343 contenderunt.
3233 2287 3481 2344 Romani
3531 2285 3783 2340 insecuti

2138 2374 2553 2429 incredibilem
2585 2392 2789 2431 eorum
2812 2378 3033 2431 caedem
3057 2378 3259 2432 edunt.
3284 2379 3423 2432 Tam
3455 2375 3783 2431 secundum

2139 2463 2422 2519 Romanis
2454 2464 2676 2519 exitum
2709 2464 2917 2520 habuit
2945 2467 3176 2538 primus
3196 2483 3400 2521 eorum
3432 2480 3783 2536 congressus

2140 2558 2319 2623 atque
2350 2554 2683 2612 conflictus.
2718 2556 2957 2611 Barbari
2989 2573 3123 2612 cum
3154 2556 3215 2611 in
3250 2572 3469 2623 muros,
3504 2552 3779 2624 quemad.

2138 2642 2382 2697 modum
2442 2643 2996 2711 demonstravimus,
3056 2646 3347 2717 compulsi
3407 2649 3623 2705 essent,
3667 2642 3784 2695 dux

2138 2734 2475 2787 convocatis
2533 2735 2720 2805 copiis
2770 2752 2876 2805 pro
2922 2736 3287 2789 Cretensium
3325 2732 3541 2805 oppido
3590 2736 3783 2785 castra

2138 2821 2358 2875 muniit
2380 2838 2393 2876 :
2428 2823 2701 2879 triremes
2722 2824 3101 2896 reliquasque
3123 2825 3416 2880 actuarias
3447 2839 3623 2877 naves
3645 2837 3780 2874 con-

2137 2909 2319 2965 fertas
2349 2911 2413 2966 in
2445 2913 2696 2967 statione
2728 2930 2790 2969 se
2831 2919 2956 2969 tuta
3002 2914 3309 2969 continere
3331 2912 3523 2984 jubet,
3568 2909 3779 2965 simul-

2142 3015 2255 3069 que
2286 3016 2448 3055 mare
2479 3001 2774 3069 obsidere,
2807 3008 2866 3057 et
2897 3003 2947 3057 si
2998 3019 3175 3073 quam
3228 3002 3539 3057 barbaram
3575 3015 3786 3054 navem

2140 3094 2400 3144 evectam
2430 3090 2720 3158 viderent,
2754 3108 2880 3147 eam
2932 3092 3210 3163 persequi
3259 3098 3315 3146 et
3364 3092 3496 3163 igne
3540 3088 3786 3144 humido

2141 3195 2539 3234 concremare.
2577 3180 2799 3245 Quibus
2831 3181 3150 3254 diligenter
3178 3180 3519 3235 constitutis
3550 3196 3616 3233 ac
3650 3194 3786 3248 per-

364 3257 696 3331 στρατηγὸς,
758 3259 976 3333 χάρακα
1031 3260 1139 3333 πρὸ
1194 3262 1289 3314 τοῦ
1364 3261 1549 3321 ἄστεος
1604 3259 1838 3331 ἐπήξατο
1919 3266 2026 3316 τῶν

2140 3268 2333 3335 fectis,
2360 3285 2605 3324 manum
2635 3270 3000 3325 delectorum
3018 3271 3277 3326 militum
3304 3270 3630 3341 Nicephoro
3650 3267 3784 3321 duci

368 3343 639 3419 εὕρητῶνσ
700 3348 795 3407 τὰς
848 3344 904 3400 δέ
958 3367 1018 3421 γε
1068 3350 1314 3423 τριήρεις
1369 3353 1479 3421 (18)
1533 3348 1622 3403 καὶ
1679 3352 1775 3413 τὰς
1832 3347 2029 3413 λοιπὰς

359 3434 626 3512 φορτίδας
688 3436 763 3499 εἷς
824 3435 1109 3511 εὐλίμενον
1142 3438 1372 3494 ἐπίνειον
1437 3440 1636 3515 ἀθρόας
1664 3438 2029 3514 έλλιμενίζειν

358 3521 775 3594 διεκελεύσατο,
836 3526 1294 3603 θαλασσοκρατεῖν
1350 3550 1408 3585 τε
1488 3529 1579 3584 καὶ
1634 3530 1685 3584 εἷ’
1737 3552 1842 3584 που
1896 3532 2029 3606 βαρ-

357 3608 592 3688 ϐαρικὸν
679 3614 850 3687 ὁρῷεν
936 3618 1237 3691 πορθμεῖον
1348 3613 1589 3674 ἔππλουν
1673 3619 2030 3695 ποιούμενον,

357 3707 515 3762 τοῦτό
588 3727 648 3761 τε
701 3705 985 3778 ἐκδιώκεν,
1038 3709 1131 3764 καὶ
1186 3714 1266 3781 τῷ
1327 3710 1474 3786 ὑγρῷ
1528 3712 1659 3784 πυρὶ
1717 3709 2029 3789 ἐκτεφροῦν.

359 3797 538 3851 Ταῦτα
584 3795 639 3857 ἐς
668 3796 729 3850 τὸ
790 3791 1008 3872 ἀκριϐὲς
1071 3797 1505 3873 βουλευσάμενὸς
1563 3820 1621 3855 τε
1672 3800 1759 3855 καὶ
1821 3822 2032 3874 συμπε-

364 3884 558 3955 ράνας,
615 3890 836 3961 σπεῖραν
902 3883 1155 3960 λογάδων
1206 3884 1416 3964 ἀνδρῶν
1471 3889 1551 3961 τῷ
1600 3896 1892 3966 στρατηγῷ
1939 3894 2033 3948 Νι-

361 3975 623 4051 κηφὸρῳ,
656 3974 702 4045 ᾧ
730 3975 795 4029 τὸ
826 3973 1057 4044 ἐπίκλην
1092 3974 1392 4046 ΙΙαστιλᾶς,
1447 3975 1763 4054 ἐγχειρίζει,
1797 3980 1857 4043 ὅς
1910 4002 2037 4056 γεν-

362 4068 511 4127 ναῖος
547 4059 624 4116 ὥν
656 4061 907 4125 πολλοὺς
951 4062 1149 4128 ἀνέτλη
1206 4064 1513 4139 πολέμους·
1573 4067 1660 4121 xui
1717 4069 2033 4134 πλειστάκις

367 4152 458 4224 μὶν
493 4149 628 4223 ἥλω
686 4153 823 4229 πρὸς
878 4158 987 4207 τῶν
1050 4155 1392 4230 Ἀγαρηνῖὸν,
1436 4159 1759 4220 τοσαυτάκις
1818 4155 1875 4214 δὲ
1905 4159 2038 4215 ἐκεῖ.

364 4250 448 4303 θεν
476 4238 686 4315 διέδρα·
732 4242 823 4296 xui
855 4241 1072 4306 πολλὰς
1124 4243 1294 4307 οὐλὰς
1352 4245 1412 4301 ἐκ
1465 4251 1574 4302 τῶν
1604 4249 1740 4303 κατᾶ
1784 4247 2033 4321 πόλεμον

366 4327 766 4405 χαλκοτυπιῶν
801 4335 911 4405 (19)
941 4330 1030 4387 ἐπὶ
1076 4337 1174 4388 τοῦ
1232 4336 1557 4409 προσώπου-
1590 4337 1682 4392 καὶ
1737 4341 1853 4392 τῶν
1886 4340 2038 4413 στέρ-

2138 3362 2529 3428 cognomento
2562 3358 2795 3413 Pastilaa
2828 3360 3044 3413 tradit:
3078 3360 3200 3430 qui,
3227 3375 3342 3429 qua
3372 3363 3517 3425 erat,
3548 3357 3784 3419 virtute,

2137 3445 2312 3501 bellis
2343 3447 2801 3519 quamplurimis
2816 3449 3151 3517 defunctus,
3169 3450 3401 3521 quoties
3422 3466 3455 3504 a
3476 3448 3783 3503 Saracenis

2139 3541 2346 3606 captus
2380 3541 2525 3605 erat,
2560 3538 2731 3593 toties
2763 3556 2833 3593 ex
2877 3554 3081 3594 eorum
3131 3537 3406 3594 manibus
3456 3537 3782 3608 aufugerat,

2139 3640 2333 3694 neque
2364 3641 2583 3695 paucas
2611 3626 2659 3681 9
2691 3627 3147 3683 circumferebat
3174 3628 3486 3683 vulnerum
3509 3626 3665 3681 bello
3696 3641 3788 3679 ac-

2137 3719 2446 3784 ceptorum
2470 3716 2531 3770 in
2554 3715 2702 3771 facie
2726 3722 2784 3771 et
2802 3723 3042 3789 pectore
3064 3723 3255 3773 notas.
3278 3717 3441 3772 Tunc
3462 3732 3596 3771 vero
3615 3715 3787 3768 Thra-

2138 3803 2417 3858 censibus
2443 3806 2778 3876 praefectus,
2813 3813 3056 3880 accepta
3094 3808 3333 3864 cohorte
3374 3806 3448 3862 ad
3497 3804 3785 3877 populan-

2141 3895 2277 3952 dam
2308 3897 2852 3971 explorandamque
2875 3900 3093 3956 missus
3114 3900 3374 3955 insulam
3397 3904 3508 3965 est,
3529 3897 3786 3953 multum

2139 3986 2475 4042 obtestante
2507 3989 2859 4060 Nicephoro,
2881 3996 2945 4044 ut
2964 3995 3227 4046 attentus
3255 3996 3413 4046 esset
3435 4007 3501 4047 ac
3518 3989 3787 4059 vigilaret

2137 4092 2331 4145 neque
2364 4076 2595 4133 inertim
2628 4096 2690 4134 se
2721 4096 2789 4134 ac
2819 4080 3092 4134 mollitiei
3123 4080 3541 4146 committeret,
3563 4096 3637 4133 ne
3670 4094 3788 4148 qua

2138 4164 2283 4235 ipsis
2308 4166 2614 4222 calamitas
2643 4168 2716 4224 ad
2747 4169 3102 4224 adversariis
3136 4175 3501 4225 strueretur:
3536 4184 3787 4222 concur-

2143 4256 2554 4325 sarentpotius
2571 4258 2894 4329 regionem,
2927 4263 2986 4311 et
3014 4258 3317 4313 luculento
3345 4258 3545 4327 aliquo
3577 4260 3784 4312 effecto

2139 4342 2405 4400 facinore
2435 4345 2509 4401 ad
2539 4350 2733 4401 castra
2762 4347 3203 4418 quamprimum
3233 4350 3692 4401 reverterentur.

1582 4521 1648 4577 C.
1698 4521 1759 4576 Β.
1795 4523 1982 4578 HASII
2010 4523 2569 4583 ANNOTATIONES.

442 4667 485 4704 ¹¹
522 4660 640 4721 ἕνον
669 4667 855 4723 cod.‘2
882 4670 990 4722 τῶν
1021 4671 1129 4723 τῶν
1162 4669 1293 4726 cod.
1328 4671 1441 4728 Sed
1462 4672 1591 4729 vide
1626 4674 1784 4731 infra
1813 4678 1901 4733 82.
1935 4679 1993 4734 C.

438 4838 562 4920 (17).
615 4837 870 4925 κζθνξηιω
908 4837 1370 4925 ,προσυφαπλ“όω,
1439 4843 1631 4925 εηιέὺιετ-
1668 4847 1906 4925 explica,
1965 4848 2025 4903 in

2140 4849 2315 4925 habet
2334 4850 2748 4925 Schneiderus.
2775 4852 2969 4907 Pauca
2998 4853 3115 4909 alia
3135 4854 3464 4925 composita
3480 4869 3611 4908 cum
3638 4868 3777 4906 voco

373 4908 599 4984 gesiACis
627 4908 1019 4984 desideratur,
1035 4908 1228 4982 neque
1258 4908 1383 4984 ipse
1414 4915 1635 4971 offendi
1661 4908 1825 4972 extra
1850 4908 2027 4973 vitam

374 4979 431 5059 ξ,
451 4982 861 5059 βὴςχεοειοπιὶ
894 4982 965 5037 ab
1006 4979 1301 5059 anonymo
1361 4986 1655 5059 scriptam,
1699 4990 1844 5059 Opp.
1883 4992 2023 5057 VIII,

374 5052 492 5119 136,
551 5052 638 5106 3'3.
724 5052 869 5125 ζώσῃ
922 5052 1075 5127 φωνῇ
1117 5052 1244 5127 Δ’τὰς
1312 5062 1414 5123 τῆς
1462 5052 2025 5127 ἆληθείας”άκτῖνας

367 5125 1013 5205 προσυφ-απλῷνᾌίᾳιθὲᾷῐ
1042 5125 1288 5205 inferius
1323 5129 1434 5205 Leo
1490 5125 1581 5205 5Q,
1616 5132 1675 5185 C.
1717 5128 2021 5205 Ὑφαπλου-

372 5197 538 5273 μένων
573 5195 752 5273 habet
785 5198 882 5273 25,
1068 5196 1347 5273 ἐφήπλουν
1406 5204 1497 5270 4-9,
1541 5204 1604 5257 D.
1659 5195 2023 5272 primitivum

366 5263 618 5333 ἧπλωται
654 5270 710 5322 51
734 5312 745 5331 ,
782 5268 819 5320 Β
852 5272 911 5322 et
940 5270 1029 5335 99,
1063 5264 1128 5325 A‘.

439 5340 545 5412 (l8)
570 5339 870 5412 Cedrenus
904 5339 1029 5393 hwc
1070 5341 1280 5396 iisdem
1315 5342 1437 5398 fere
1483 5344 1673 5399 verbis
1705 5346 1771 5399 ΙΙ.
1800 5348 1923 5412 643,
1952 5350 2021 5401 Α.

371 5408 627 5487 ubipro,
661 5410 857 5487 πάσαις
892 5415 1169 5487 μηχαναῖς
1190 5412 1646 5487 πολιορκητικαῖς
1673 5408 2024 5487 χρησάμενος

371 5476 632 5557 ὀργάνων,
666 5498 737 5536 ex
766 5476 1270 5557 bonoia'dmodum
1302 5476 1562 5557 delitzaa
1621 5476 1823 5543 codice
1866 5476 2024 5545 inter

370 5554 997 5631 Coislin:nostros_N°
1054 5557 1174 5631 136,
1237 5554 1418 5613 sensu
1483 5558 1623 5613 item
1683 5560 2021 5631 postulante

374 5639 482 5678 scr.
513 5623 679 5678 πολιο
718 5626 957 5693 κητικῶν
990 5642 1084 5698 χρ.
1114 5626 1163 5681 ὁ.

443 5697 552 5750 (19)
605 5643 955 5750 Χαλκοτυπία
1012 5699 1163 5750 apud

443 5697 552 5768 (19)
605 5693 955 5752 Χαλκοτυπία
993 5693 1168 5769 apud
1226 5699 1470 5757 Suidam
1517 5702 1616 5773 Ill,
1672 5704 1793 5757 652.
1856 5703 2021 5759 Unde

2183 4921 2372 4987 αλκός,
2405 4922 2465 4975 in
2502 4922 2709 4977 Lexica
2747 4924 3012 4979 nondum
3068 4921 3324 4997 recepta,
3358 4931 3500 4981 nota
3530 4926 3653 4979 haec
3681 4940 3692 4977 τ
3724 4928 3774 4977 1.

2136 4938 2544 5047 ξαλκεντονον.
2599 4998 2855 5047 tormenti
2922 4997 3103 5047 bellici
3154 5015 3341 5047 lienus-
3401 5014 3507 5047 ner
3566 4996 3774 5047 fibulas

2185 4990 2544 5068 αλκεντονον,
2599 4998 2858 5068 tormenti
2922 4997 3103 5052 bellici
3154 4990 3341 5067 genus,
3401 5014 3507 5068 per
3566 4996 3779 5051 ﬁbulas

2134 5079 2328 5139 aeneas
2360 5065 2477 5119 tela
2507 5064 2915 5139 prOpellentis.
2952 5068 3047 5123 Bis
3074 5064 3230 5139 apud
3253 5064 3565 5124 Philonem
3589 5070 3668 5122 De
3700 5075 3779 5121 te-

2134 5133 2922 5211 lorumicons—tructioneﬁﬁ.
2954 5140 2994 5194 C
3030 5147 3087 5194 et
3105 5133 3193 5203 78.
3228 5143 3267 5195 Β
3318 5141 3429 5197 Sed
3461 5140 3779 5211 quinquies

2134 5206 2298 5272 alibi,
2328 5210 2415 5272 67,
2450 5209 2527 5274 F;
2562 5210 2649 5273 72,
2685 5211 2751 5271 A.
2800 5209 2859 5264 C.
2896 5211 2972 5274 F;
3008 5214 3094 5266 73.
3142 5214 3201 5267 C.
3250 5213 3454 5267 eadem
3480 5206 3783 5266 _mac'hina

2132 5285 2373 5353 vocatur
2403 5282 2767 5353 χαλκότονον,
2802 5283 3336 5353 (ιιιειηιίιθοιίοῐιοηι
3387 5284 3780 5353 Schneiderus

2134 5351 2441 5422 praitulit.‘
2476 5354 2578 5405 Est
2631 5356 2831 5406 tamen
2885 5351 3143 5422 ἐντόνιον,
3205 5357 3667 5411 instrumentum
3708 5351 3779 5406 ad

2132 5422 2465 5477 tendendas
2494 5423 2844 5494 catapultas,
2888 5426 3239 5482 vocabulum
3273 5429 3414 5481 item
3450 5427 3725 5482 exsulans
3749 5437 3778 5473 e

2133 5494 2377 5566 Lexicis.
2412 5495 2578 5549 Philo
2614 5495 2690 5549 De
2718 5494 2888 5548 telor.
2914 5505 3137 5554 constr.
3163 5502 3251 5566 57,
3280 5501 3350 5564 F‘;
3370 5503 3457 5561 58,
3486 5502 3530 5551 A
3556 5516 3569 5563 ;
3602 5499 3689 5560 61,
3716 5495 3775 5547 Β.

2135 5565 2285 5619 Hero
2318 5566 2838 5642 Relapmicis,_l35,
2872 5570 2918 5642 ᾼ
2946 5586 2961 5633 ;
2989 5572 3096 5642 _139
3129 5573 3219 5642 A.,
3240 5565 3350 5625 ubi
3397 5571 3639 5624 docetur
3663 5579 3778 5642 quo

2130 5641 2302 5707 pacto
2321 5636 2589 5708 construi
2619 5636 2851 5692 debeat.
2877 5640 3042 5695 Unde
3065 5636 3303 5697 defendi
3325 5642 3573 5708 fortasse
3594 5636 3783 5708 possit

2133 5704 2430 5779 icriptura
2458 5704 2847 5783 χαλκεντονον.
2878 5711 2933 5764 2.
2962 5710 3268 5780 Χάλκινος,
3294 5713 3334 5767 i.
3369 5729 3426 5783 q.
3459 5704 3695 5783 χάλκεος
3720 5709 3780 5760 et
