4082 6200
383 374 503 435 669

1744 378 2141 442 HISTORUE
2178 377 2331 439 LIB.
2378 379 2432 437 Ι.

3680 375 3800 436 670

392 502 460 574 δη
506 504 593 558 καὶ
652 505 781 560 τότε
843 505 1145 579 Ῥωμαίοις
1203 502 1568 581 συμϐέϐηκεν.
1628 512 1715 584 [Ρ.
1776 514 1830 584 5]
1887 511 2040 568 Ἐπεὶ

2157 512 2462 584 regionem
2492 508 2686 572 effusi,
2720 508 2987 563 omnium
3012 524 3212 564 rerum
3242 506 3555 563 afﬂuentes
3599 508 3799 578 copias

387 594 490 666 γὰρ
544 593 615 663 τῇ
643 592 803 667 χώρα
864 590 1231 667 προσέϐαλον,
1285 598 1375 651 καὶ
1429 599 1638 675 τρυφὴν
1696 597 2046 669 παντοδαπὴν

392 679 547 754 εὗρον
608 679 907 755 (εὐδαίμων
935 685 1036 759 γάρ
1082 687 1116 754 ἡ
1168 684 1346 761 χώρα,
1406 686 1495 741 καὶ
1554 689 1772 763 ὡραίων
1825 695 2047 762 καρπῶν

393 768 482 822 καὶ
508 775 706 842 χυμῶν
750 767 919 833 ἷδέάις
970 770 1225 837 ἐπιεικῶς
1271 771 1664 847 περιϐρίθουσα
1700 777 1765 847 ¹⁷,
1825 772 2047 839 εἰὶϐοτός

389 878 448 912 τε
476 857 566 911 καὶ
618 854 908 932 εὔμηλος),
944 857 1059 915 δέον
1087 862 1182 920 τάς
1214 862 1535 937 ἐπισκήψεις
1566 870 1662 919 τοῦ
1710 871 2042 941 στρατηγοῦ,

391 945 466 1009 ὠς
512 946 577 1002 τὸ
611 946 778 1017 εἰκὸς,
813 944 1112 1023 διατηρεῖν,
1146 951 1197 1005 οἱ
1253 948 1311 1006 δὲ
1366 953 1514 1028 παρά
1569 953 1772 1031 φαῦλον
1832 957 2044 1027 θέμενοι

387 1034 696 1092 καὶπολλὰ
755 1038 964 1113 χαίρειν
1023 1039 1244 1095 ταύταις
1303 1042 1570 1114 εἰπόντες,
1620 1044 1706 1098 ἐπὶ
1763 1044 2039 1119 ῥᾳστώνην

394 1126 686 1182 ἀπέκλιναν
746 1128 836 1183 καὶ
893 1131 1124 1207 τρυφήν.
1187 1131 1406 1187 Τούτων
1466 1133 1519 1187 οἱ
1580 1128 1875 1209 βάρϐαροι,
1922 1139 2040 1196 τοῖς

384 1213 822 1289 ἐπικαιροτάτοις
853 1228 944 1272 καί
977 1216 1318 1296 ἀμφιλαφέσι
1345 1226 1453 1275 τῶν
1490 1220 1631 1293 ὀρῶν
1662 1221 2037 1297 έλλοχῶντες,

383 1306 446 1359 τὸ
476 1305 777 1361 ἀκόλαστον
809 1309 1125 1379 τεθεαμένοι
1174 1310 1261 1362 καὶ
1294 1308 1626 1386 ἀφύλακτον,
1675 1316 1783 1365 τῶν
1819 1309 2037 1384 δρυμῶν

383 1396 472 1448 καί
506 1400 779 1470 χηραμῶν
824 1394 1145 1459 ὑπεκδύντες
1196 1398 1285 1453 καὶ
1343 1399 1395 1463 ές
1426 1400 1674 1476 φάλαγγα
1730 1401 2039 1476 παραταξά-

386 1503 539 1554 μενοι
571 1483 662 1537 καὶ
694 1484 1138 1555 συνασπίσαντες,
1186 1488 1302 1541 κατ’
1338 1486 1513 1542 αὐτῶν
1555 1488 1823 1565 ἐχώρουν.
1858 1491 1925 1547 Οἱ
1958 1488 2038 1561 δὲ,

381 1571 575 1646 καίπερ
610 1572 974 1651 ἀκροσφαλεῖς
1005 1578 1071 1647 τῇ
1112 1573 1245 1649 μέθῃ
1299 1575 1583 1640 τελοῦντες
1612 1578 1704 1633 καὶ
1735 1578 2039 1655 ἀκροχάλι-

380 1681 491 1726 κες,
524 1662 679 1734 ὅμως
710 1668 826 1724 τοῖς
858 1659 1156 1738 βαρϐάροις
1206 1664 1534 1737 ἀντεπῄεσαν
1594 1666 1685 1722 καὶ
1733 1667 2039 1743 ρωμαλέως

381 1750 867 1810 ἀντικαθίσταντο.
926 1753 1082 1827 Ἀρτι
1144 1754 1200 1807 δὲ
1251 1759 1350 1809 τοῦ
1425 1761 1732 1832 στρατηγοῦ
1797 1755 2042 1812 Παστιλᾶ

381 1838 667 1911 εὐρώστως
728 1838 1229 1915 διαγωνιζομένου,
1286 1843 1375 1898 καὶ
1432 1846 1531 1915 τήν
1591 1851 1695 1900 τῶν
1748 1841 2036 1921 βαρϐάρων
2070 1877 2115 1942 Β

385 1924 410 1942 ει
521 1930 533 1942 ,
888 1928 925 1942 ,κ
1169 1933 1194 1942 ..
1239 1930 1264 1942 ..
1523 1934 1536 1942 .
1620 1935 1639 1942 _
1742 1934 1756 1942 .
1816 1939 1838 1942 Α-
1931 1941 1946 1942 η

381 1924 772 1990 διακόπτοντος
830 1928 1101 2006 φάλαγγα,
1164 1933 1194 1985 δ
1239 1930 1431 2000 ἵππος,
1494 1934 1568 1996 είς
1619 1935 1676 1989 ’ὸν
1738 1934 2034 2010 έπῶχεῖτο,

382 2015 566 2090 βέλεσι
627 2018 717 2071 καὶ
778 2015 1052 2093 δορατίοις
1113 2020 1182 2075 τὰ
1262 2023 1446 2095 στέρνα
1501 2023 1737 2089 τυπεὶς,
1798 2022 2032 2086 ὀκλάσας

379 2102 785 2182 διαπεφωνήκει
842 2112 953 2180 (23)
987 2153 1000 2167 .
1070 2109 1131 2167 Ὀ
1190 2107 1248 2164 δὲ
1307 2108 1578 2173 Ιιαστιλᾶς
1640 2111 1877 2175 εὐπετῶς
1938 2118 2034 2168 τοῦ

372 2192 552 2249 ’ίππου
598 2195 900 2272 ἀναθορὼν,
938 2196 1104 2275 μέχρι
1161 2201 1255 2271 μέν
1312 2221 1460 2263 τινος
1518 2206 1599 2273 τῷ
1631 2204 1883 2278 φασγάνῳ
1911 2202 2037 2264 τοὺς

380 2282 631 2346 ἐπιόντας
690 2286 953 2357 ἠμύνετο,
999 2288 1088 2342 καὶ
1135 2288 1309 2344 πολὺν
1362 2294 1472 2344 τῶν
1533 2286 1822 2366 βαρϐάρων
1875 2292 2037 2369 φόνον

381 2372 688 2449 εἶργάσατο.
727 2376 872 2431 Ἐπεὶ
928 2374 985 2431 δὶ
1041 2375 1261 2451 ἕξαιμός
1318 2400 1378 2433 τε
1434 2380 1523 2433 καὶ
1582 2375 1889 2449 καταϐελὴς
1920 2381 2031 2457 ἐγει

377 2463 551 2538 γόνει,
604 2462 1019 2535 λειποθυμήσας
1119 2469 1265 2541 παρά
1346 2468 1408 2522 τὸ
1470 2470 1803 2543 μεταίχμιον
1860 2466 2031 2524 ἔπεσε.

379 2552 593 2608 Τούτου
645 2551 902 2615 πεσόντος
963 2553 1037 2616 εἲς
1095 2557 1272 2633 φυγήν
1306 2557 1359 2611 οἱ
1389 2557 1657 2629 Ῥωμαῖοι
1718 2558 2035 2629 ἀπέκλιναν,

379 2640 644 2714 καὶπρὸς
694 2646 801 2695 τῶν
868 2638 1154 2718 βαρϐάρων
1211 2641 1366 2715 δίκην
1430 2646 1802 2719 βοσκημάτων
1847 2646 2037 2701 ἐναπε-

382 2730 708 2806 σφάττοντο,
740 2731 814 2793 ὡς
849 2731 907 2785 έκ
954 2739 1053 2801 τῆς
1100 2732 1398 2808 εἰρημένης
1458 2735 1680 2808 σπείρας
1710 2733 2037 2811 ὀλιγοστοὺς

380 2817 746 2874 ἀνασεσῶσθαι
781 2820 857 2882 εἰς
915 2821 979 2875 τὸ
1031 2820 1420 2896 στρατόπεδον.
1484 2825 1661 2879 Τοῦτο
1713 2825 1776 2879 τὸ
1807 2826 1976 2887 πάθος
2009 2826 2036 2879 ὁ

381 2908 705 2985 Νικηφόρος
738 2915 937 2972 Φωκᾶς
998 2911 1319 2984 αἰσθόμενος
1359 2912 1447 2966 καὶ
1479 2911 1667 2967 πολλά
1721 2919 1822 2983 τῆς
1872 2909 2035 2968 ἀϐου-

382 2992 505 3055 λίας
554 2996 641 3049 καὶ
704 2995 972 3071 ῥᾳθυμίας
1037 2996 1163 3061 τοὺς
1210 2999 1472 3061 πεσόντας
1531 2999 1911 3074 μεμψάμενος,
1960 2997 2036 3056 ἔτι

379 3104 439 3138 τε
484 3086 548 3140 τὸ
627 3086 1000 3162 παλίντροπον
1073 3084 1497 3160 κατευλαϐηθεὶς
1574 3098 1674 3161 τῆς
1732 3091 1913 3166 τύχης
1948 3092 2037 3146 καὶ

2157 601 2527 655 invenissent
2552 603 2642 668 (ut
2672 598 2990 669 estopima,
3012 597 3800 670 frugibusquelzetissuccis-

2158 707 2273 761 que
2301 690 2478 744 variis
2508 688 2657 743 mire
2689 688 2845 750 fmta,
2878 687 3114 758 pascuis
3172 688 3307 741 lmta
3355 693 3413 741 et
3455 686 3799 757 pecudifera

2156 779 2401 843 insula),
2436 777 2766 832 cumoducis
2821 776 3164 846 praescripta
3206 775 3523 846 diligenter
3564 792 3794 829 servare

2154 869 2522 931 debuissent,
2554 867 2647 921 his
2680 866 2963 937 neglectis
2989 867 3254 931 omnino,
3296 872 3547 937 postque
3572 866 3792 931 missis,

2154 959 2382 1014 inertia:
2413 974 2475 1012 se
2507 956 2861 1011 dediderunt
2892 963 2950 1011 et
2978 956 3241 1027 ignavia).
3264 956 3420 1020 Quos
3444 954 3796 1009 insidiantes

2156 1048 2217 1102 in
2250 1044 3218 1117 opportunissimislatebrosisque
3236 1046 3529 1099 montium
3562 1042 3798 1098 barbari

2151 1153 2285 1192 cum
2320 1135 2885 1191 animadvertissent
2923 1133 3053 1187 sine
3101 1133 3416 1204 disciplina
3454 1133 3577 1188 ulla
3604 1148 3798 1205 agere,

2152 1226 2282 1281 sine
2313 1224 2602 1290 custodia,
2637 1240 2666 1277 e
2700 1222 2859 1277 silvis
2892 1239 2953 1277 se
2984 1222 3368 1292 latibulisque
3427 1223 3802 1294 proferentes

2151 1330 2333 1369 manu
2369 1313 2525 1368 facta
2554 1312 2896 1367 catervatim
2928 1313 2989 1365 in
3020 1328 3119 1365 eos
3160 1317 3540 1365 concurrunt.
3576 1311 3796 1377 Nostri,

2151 1404 2419 1475 quamvis
2443 1401 2764 1457 titubantes
2792 1401 3075 1456 ebrietate
3098 1417 3164 1455 ac
3193 1400 3557 1471 temulentia,
3582 1401 3797 1455 nihilo-

2150 1494 2351 1549 minus
2382 1492 2613 1547 obviam
2640 1492 2741 1545 10
2772 1495 2978 1546 contra
2994 1489 3276 1545 barbaros
3297 1490 3561 1554 veniunt,
3582 1491 3797 1543 acriter

2149 1583 2454 1638 resistunt.
2489 1582 2564 1635 At
2592 1579 2825 1635 Pastilze
2857 1580 2992 1634 duci
3021 1579 3251 1634 fortiter
3298 1578 3606 1650 pugnanti,
3653 1578 3793 1631 dum

2148 1670 2537 1726 barbarorum
2556 1668 2797 1723 ordines
2818 1668 3167 1739 perrumpit,
3193 1684 3526 1737 equus,quo
3552 1665 3798 1720 veheba-

2150 1764 2265 1827 tur,
2295 1760 2522 1827 sagittis
2544 1763 2603 1812 et
2622 1757 2809 1813 hastis
2827 1758 2888 1811 in
2912 1762 3116 1829 pectus
3138 1774 3475 1829 percussus,
3510 1773 3794 1811 corruens

2148 1848 2504 1904 confoditur.
2549 1848 2776 1902 Emicat
2805 1847 3113 1901 confestim
3175 1846 3245 1900 de
3306 1863 3457 1916 equo
3502 1845 3791 1900 Pastilas:

2145 1937 2441 1991 irruentes
2452 1935 2646 2008 gladio
2660 1936 3030 2005 aliquantum
3044 1933 3791 2005 propellit,magnabarba—

2145 2043 2348 2081 rorum
2381 2024 2539 2080 caade
2572 2025 2740 2079 facta.
2776 2024 2863 2078 Ad
2894 2030 3222 2078 extremum
3262 2023 3597 2095 exsanguis,
3652 2022 3785 2075 telis

2145 2116 2435 2183 confixus,
2468 2114 2837 2169 exanimatus
2865 2114 3021 2167 inter
3052 2113 3267 2168 infesta
3298 2112 3464 2182 signa
3503 2111 3785 2166 concidit.

2144 2206 2267 2271 Quo
2300 2221 2584 2276 oppresso
2616 2203 2676 2258 in
2706 2202 2904 2275 fugam
2936 2218 2998 2257 se
3046 2202 3296 2257 Romani
3348 2202 3678 2267 conferunt,
3732 2205 3790 2253 et

2147 2294 2433 2365 pecudum
2463 2294 2580 2347 ritu
2610 2310 2645 2348 a
2664 2292 2932 2347 barbaris
2950 2292 3473 2347 contrucidantur:
3498 2296 3564 2343 ut
3579 2288 3785 2344 admoo

2148 2384 2289 2438 dum
2330 2383 2502 2455 pauci
2535 2399 2605 2436 ex
2632 2382 2919 2452 praedicta
2946 2398 3129 2435 manu
3160 2380 3493 2435 incolumes
3512 2379 3573 2432 in
3595 2384 3790 2433 castra

2148 2472 2677 2545 pervenirent.Qua
2694 2470 2860 2525 clade
2883 2470 3138 2541 cognita,
3159 2470 3521 2539 Nicephorus
3542 2469 3788 2531 Phocus,

2146 2561 2541 2616 temeritatem
2556 2559 2963 2630 desidiamque
2976 2575 3262 2613 caasorum
3279 2558 3441 2612 valde
3457 2558 3795 2627 vituperans

2144 2650 2517 2720 fortunaeque
2574 2648 3032 2703 mutabilitatem
3098 2654 3276 2718 atque
3329 2646 3794 2701 inconstantiam

2146 2740 2391 2809 veritus,
2416 2738 2724 2793 constituit
2744 2753 2865 2791 non
2882 2736 3138 2807 amplius
3159 2736 3425 2790 cunctari
3444 2741 3795 2805 tempusque

2146 2834 2360 2895 terere,
2392 2826 2552 2882 unde
2585 2826 2863 2881 fiduciam
2894 2825 3127 2880 inderet
3145 2824 3432 2889 barbaris,
3457 2840 3592 2878 cum
3616 2823 3799 2877 latro-

2151 2917 2310 2973 cinia
2330 2915 2699 2985 insidiasque
2725 2914 3135 2983 faciendi,tum
3161 2914 3337 2968 etiam
3362 2913 3566 2985 przelio
3584 2912 3803 2981 signis-

2150 3023 2264 3076 que
2295 3006 2598 3060 collocatis
2620 3004 2943 3059 dimicandi
2968 3021 2981 3058 :
3006 3003 3167 3058 omni
3192 3004 3243 3057 vi
3270 3003 3551 3073 omnique
3571 3001 3798 3055 ratione

2156 3095 2487 3150 tollendum
2514 3110 2643 3149 esse
2676 3094 2787 3147 hoc
2817 3093 3063 3147 bellum.

380 3172 632 3244 ἄστατον,
664 3174 801 3251 ἔγνω
835 3175 1035 3249 μηκέτι
1068 3174 1387 3251 διαμέλλειν
1416 3180 1505 3233 καὶ
1535 3180 1627 3235 τὸν
1652 3182 1841 3255 καιρὸν
1871 3178 2266 3257 καταστρίϐειν,
2298 3183 2579 3237 κάντεῦθεν
2620 3178 2799 3234 ἄΓειαν
2856 3178 3049 3234 ἐνιέναι
3085 3184 3199 3239 τοῖς
3235 3173 3552 3251 βαρϐάροις,
3586 3174 3800 3249 saepe;

381 3263 470 3316 καὶ
506 3263 717 3339 λόχους
747 3266 1012 3333 τίθεσθαι,
1046 3266 1135 3322 καὶ
1170 3267 1245 3330 εἷς
1278 3266 1537 3343 φαλαγγα
1574 3267 1842 3340 συστάδην
1891 3269 2381 3335 ἀντικαθίστασθαιο
2413 3268 2558 3325 ἀλλὰ
2584 3268 2745 3323 παντὶ
2795 3266 2966 3331 σθένει
3024 3267 3113 3321 καὶ
3142 3268 3336 3327 πάσαις
3374 3270 3650 3339 μηχαναῖς
3683 3262 3801 3317 δια-

380 3352 587 3408 νύττειν
620 3355 708 3409 τὸν
740 3353 1009 3427 πόλεμον.

459 3444 520 3499 ε’.
559 3440 720 3500 Οὕτω
768 3440 1048 3499 διαλύοντι
1082 3446 1128 3483 ¹⁵
1154 3444 1335 3518 τούτῳ
1365 3447 1455 3501 καὶ
1489 3448 1899 3521 γνωματεύοντι
1931 3452 2040 3522 (2i)

2222 3453 2273 3505 6.
2294 3451 2441 3505 Dum
2462 3449 2535 3504 ad
2549 3449 2659 3504 has
2671 3465 2732 3503 se
2751 3446 3020 3501 versabat
3031 3444 3606 3518 cogitationes.aliud
3619 3451 3796 3515 atque

387 3532 474 3603 (ἦν
506 3532 610 3607 γὰρ
636 3533 902 3607 ἀγχίνους
958 3554 1017 3588 τε
1064 3538 1153 3589 καὶ
1199 3532 1550 3610 δραστήριος,
1590 3535 1838 3605 ἐννοῆσαί
1866 3558 1926 3592 τε
1980 3538 2044 3591 τὸ

390 3621 630 3690 ξυνοῖσον
663 3622 754 3676 καὶ
788 3622 862 3683 εἷς
925 3621 1090 3698 πέρας
1144 3624 1367 3699 ἀγαγεῖν
1429 3627 1666 3694 πάντων,
1728 3625 1800 3680 ὥν
1862 3625 2043 3699 ἴσμεν,

389 3706 837 3780 ἐπηϐολώτατος,
884 3710 1114 3788 σώφρων
1175 3734 1234 3768 τε
1292 3714 1380 3768 καὶ
1444 3716 1518 3787 μή
1580 3714 1738 3770 εἷ’κων
1793 3713 2040 3785 ἡδοναῖς·

389 3801 478 3854 καὶ
508 3801 738 3873 προσέτι
800 3798 971 3863 δεινὸς
1015 3801 1146 3867 τοὺς
1197 3802 1418 3878 καιροὺς
1484 3803 1573 3859 καὶ
1629 3806 1696 3859 τά
1752 3804 2042 3879 πράγματα

2156 3539 2317 3594 aliud
2350 3537 2703 3609 subjiciente
2732 3536 2932 3590 animo
2964 3540 3053 3605 (ut
3080 3540 3207 3589 erat
3234 3533 3596 3604 ingeniosus,
3646 3541 3796 3588 stre-

2157 3645 2331 3693 nuus,
2366 3633 2424 3681 et
2437 3627 2496 3680 in
2510 3625 2779 3681 consiliis
2795 3624 3118 3680 salutiferis
3133 3640 3268 3678 cum
3280 3622 3654 3677 inveniendis
3675 3627 3797 3676 tum

2153 3716 2552 3786 exsequendis
2575 3714 2866 3781 omnium,
2902 3731 3050 3785 quos
3071 3713 3367 3775 novimus,
3383 3711 3794 3778 felicissimus;

2156 3804 2777 3872 moderatus,minime
2800 3803 3016 3859 cedens
3036 3800 3464 3873 voluptatibus;
3484 3799 3801 3855 admirabi-

1617 3958 1677 4014 C.
1712 3958 1772 4014 B.
1805 3958 1995 4013 HASII
2025 3956 2583 4014 ANNOTATIONES.

459 4135 505 4170 ¹¹¹
536 4133 681 4190 Vide
712 4132 888 4201 infra,
922 4133 1009 4189 36.
1044 4135 1107 4202 Β,
1139 4133 1226 4191 Η.
1260 4137 1327 4191 Α.
1407 4134 1449 4171 ¹⁸
1480 4136 1636 4192 Fort.
1671 4131 1737 4204 δὴ
1779 4134 2021 4192 ἀλύοντι.

460 4288 575 4357 (23)
608 4280 901 4353 Διαφωνέω
943 4286 1043 4341 alii
1091 4286 1219 4357 jam
1277 4287 1759 4357 observaverunt,
1823 4305 1894 4343 ex
1928 4306 2045 4345 usu

390 4359 778 4414 Hellenistico
810 4359 1145 4428 signiﬁcare
1176 4358 1430 4414 ultimam
1476 4376 1659 4414 vocem
1690 4363 1883 4415 emitto
1922 4362 2045 4416 hoc

389 4437 490 4504 est
509 4433 813 4504 exanimae
832 4446 1016 4504 pereo.
1063 4430 1271 4485 Suidas
1330 4432 1528 4504 1,7563,
1579 4431 1639 4485 C.
1702 4433 1944 4504 Mangey
1974 4432 2046 4487 ad

387 4503 541 4576 Phil.
579 4504 660 4557 De
693 4501 900 4576 ehriet.
938 4501 976 4555 l.
1012 4504 1140 4576 375,
1181 4504 1244 4557 Ε.
1289 4501 1621 4576 Adhibetur
1650 4519 1719 4559 ea
1740 4501 2050 4576 significa-

388 4574 553 4660 tione
587 4573 884 4660 praecipue
911 4572 1170 4660 perfecto
1196 4574 1601 4660 etplusquqm
1620 4572 1879 4660 perfecto
1905 4592 1917 4629 :
1955 4592 2049 4660 ve:

386 4645 480 4721 lut
504 4642 820 4721 apud‘nxx‘.
873 4660 1066 4721 ῐιιιῐῐι.⁵
1096 4645 1203 4721 31,
1239 4642 1326 4697 49.
1497 4642 1927 4721 Αδιαξεεφώνηκεν
1958 4645 2047 4697 ἀπ’

386 4713 565 4769 αὐτῶν
602 4713 729 4769 οὐδὲ
759 4716 858 4775 εἷς.
906 4714 1071 4779 Quod
1103 4715 1371 4770 imitatur
1406 4717 1574 4771 Philo
1608 4713 1702 4770 De'
1737 4713 2046 4771 temulent.

390 4791 522 4851 200,
555 4789 597 4841 Β
625 4795 683 4842 et
710 4789 771 4842 ϐ.
808 4787 950 4841 ltem
985 4786 1313 4842 Scholiasta
1342 4787 1416 4841 ad
1448 4788 1501 4842 S.
1534 4787 1776 4841 Joannis
1803 4788 2045 4843 Climaci

2156 4288 2408 4344 ridicule
2438 4285 2927 4342 Montefalconius
2957 4285 3114 4356 apud
3142 4287 3350 4342 Euseb.
3376 4289 3705 4342 Comment.
3740 4284 3801 4339 in

2155 4362 2309 4417 Psal.
2343 4362 2387 4416 Ι.
2420 4362 2543 4413 259.
2578 4361 2620 4412 Ε
2652 4357 2723 4411 de
2756 4357 3033 4430 secundis
3065 4358 3383 4430 mulierum
3411 4375 3423 4412 :
3475 4357 3652 4429 ὥσπερ
3685 4375 3801 4430 χω-

2157 4433 2297 4503 ρίον,
2359 4431 2750 4503 ςιεεροχωρῆσανΔ
2794 4428 2899 4481 ἀπὸ
2949 4428 3224 4503 γυναικὸς,
3259 4425 3533 4503 -ούδεμιᾶς
3584 4425 3799 4501 μετέχει

2159 4488 2323 4575 ζωῆς,
2355 4488 2697 4575 διαλῖθὲνῇδέ
2727 4488 3003 4575 διαφωνεῗ·
3038 4488 3494 4575 quemadmodum
3534 4488 3802 4575 pellicu‘ld

2155 4592 2182 4629 e
2211 4573 2438 4629 muliere
2467 4572 2730 4636 prodiens
2755 4571 2879 4625 vitae
2936 4585 3152 4625 consors
3195 4571 3512 4624 nullatenus
3569 4579 3667 4636 est,
3711 4571 3803 4625 sed

2154 4644 2422 4701 dissoluta
2451 4641 2716 4700 dissonat.
2780 4644 2996 4697 Verte:
3054 4641 3512 4711 quemadmodum
3567 4643 3802 4697 secunda

2154 4717 2490 4783 membrana,
2526 4732 2554 4770 e
2601 4716 2831 4769 muliere
2866 4714 3248 4783 progrediens,
3294 4714 3500 4767 nullius
3551 4720 3628 4769 est
3677 4716 3801 4767 vitae

2147 4791 2433 4859 particeps
2486 4786 2871 4859 sed‘dissolu‘ta
2890 4787 3062 4859 perit.
3096 4786 3318 4859 Praeter
3337 4786 3489 4859 hanc
3507 4785 3777 4856 signiﬁca
3794 4815 3806 4824 -

390 4836 625 4930 Scalam
657 4858 920 4930 Paradis.
958 4860 1043 4923 19,
1069 4859 1127 4913 C.
1154 4858 1382 4930 aliquot
1437 4858 1739 4930 simplices
1773 4859 2047 4930 homines
2080 4836 2124 4900 Ῑ)
2147 4836 2562 4930 lt-ionemrverbi
2583 4853 2867 4930 διαφωνέω
2890 4836 3801 4930 ἶιθιῇῳιᾶεᾲυὲξίῐῖἷῦίέυξῦοίξιέ,

388 4929 827 5001 incredibiliter
873 4925 1272 5001 jejunantesf
1302 4927 1389 4981 καὶ
1429 4925 1756 4998 ἀδιακρίτως
1792 4927 1881 5001 βίᾳ
1918 4930 2041 4984 tau-

388 4945 827 4985 increainuuer
873 4945 1243 5052 éeJunantes,
1302 4948 1389 4981 και
1429 4945 1756 4998 αοιακριτως
1792 4945 1881 5001 μιᾳ
1918 4945 2041 4984 εαυ-

384 5001 516 5060 τοὺς
579 4998 869 5074 ἐκδόντεςῃ
915 5001 1349 5074 ιαᾼπεφωνήκασιν
1385 5044 1420 5074 ,_
1456 5001 1909 5074 succubuerunt:
1978 5004 2046 5055 Et

389 5078 682 5144 Apsyrtus
712 5074 773 5126 in
807 5068 1184 5144 Hippiatricis
1233 5072 1430 5144 256,Αο
1460 5071 1531 5126 de
1589 5068 2043 5144 θίιιιοηκίνᾷυνον

390 5141 481 5200 οὖν
516 5141 618 5213 ἕξει
651 5141 1020 5215 auemvagm.
1056 5143 1179 5196 Non
1211 5142 1619 5215 pauci‘tamen
1649 5141 1866 5215 eruditi
1894 5142 2044 5215 lapsi

390 5160 481 5200 ουν
516 5160 618 5213 eget
651 5160 1016 5215 οιαφωνησαι.
1056 5160 1179 5196 non
1211 5160 1381 5211 paucx
1419 5160 1619 5197 tamen
1651 5160 1866 5197 eruum
1894 5160 1951 5197 1a
1996 5161 2041 5197 SI

389 5224 534 5275 sunt
562 5218 624 5271 in
656 5217 769 5270 hoc
802 5212 975 5267 verbo
1008 5212 1475 5283 interpretando.
1514 5214 1686 5284 Yelut
1715 5160 2041 5284 apudPlii-

388 5291 516 5375 lon.
551 5296 625 5342 De
658 5285 882 5373 nomin.
907 5289 1126 5375 tmutat.
1168 5282 1413 5375 7822,13:
1459 5282 1732 5375 Πόλεμος,
1753 5282 1834 5337 -ἐν
1866 5283 1912 5354 ᾧ
1933 5288 2043 5372 τῶν

388 5356 873 5435 διαγωνισαμένων
904 5350 1240 5435 διεφώνησεν
1268 5352 1444 5416 οὐδεὶς
1494 5350 1621 5408 ἀλλ’
1679 5350 1921 5427 ἄτρωτός
1952 5356 2042 5409 καὶ

388 5426 530 5504 σῷός
563 5426 870 5504 émvﬁ).02'_
883 5426 1090 5504 vereor
1114 5432 1178 5504 ut
1206 5428 1412 5483 Petrus
1447 5426 2043 5504 Morellus’recteve-

390 5499 550 5571 terit,
586 5506 644 5557 in
693 5517 801 5570 quo
832 5499 1220 5553 dimicantium
1244 5515 1398 5553 nemo
1427 5499 1628 5554 discors
1658 5501 1794 5571 fuit.
1828 5502 1897 5571 Et
1920 5500 2047 5571 hinc

390 5566 629 5651 Apsf-ru
664 5566 735 5651 in.
776 5570 1059 5651 Hippiatr.
1122 5571 1357 5651 260,_B._
1409 5566 1675 5651 Διαφωνεξ
1733 5566 1803 5651 δὲ
1848 5567 2048 5644 ῥᾳδίως

390 5594 510 5648 Aps
556 5594 723 5629 rum
777 5594 1059 5641 nippidu'.
1124 5594 1244 5637 ζου,
1289 5594 1346 5624 ι).
1409 5594 1674 5642 Διαφωνει
1733 5594 1790 5624 οε
1848 5594 2048 5644 ρᾳοιως

390 5594 663 5705 Ruellius
722 5644 783 5697 in
842 5640 1126 5696 Medicina
1181 5643 1521 5697 veterinar.
1586 5644 1708 5697 101.
1769 5644 1845 5696 Β.
1908 5659 2050 5711 qua-

381 5726 620 5792 propter
646 5716 814 5785 facile
831 5713 1127 5783 despondet
1175 5717 1438 5771 animum.
1470 5716 1661 5785 Atque
1692 5719 2050 5769 tantumnon

2153 4946 2275 5016 una
2341 4928 2665 5016 admodum
2688 4928 2876 5016 gara,
2914 4928 3082 5016 edico
3126 4930 3454 5016 pronuntio.
3518 4928 3806 5016 Epsehius

2154 5002 2371 5075 Contra
2390 5000 2660 5075 _Marcell.
2689 5001 2778 5067 32,
2815 5001 2878 5054 Ι).
2905 4998 2999 5075 ΔἘν
3058 4995 3188 5075 θείῳ
3238 4996 3504 5075 πνεύματι
3554 4995 3806 5075 διεφώνει

2156 5070 2353 5143 λέγων.
2390 5073 2566 5127 Recte
2596 5070 3013 5143 Montacutius,
3045 5072 3248 5143 spiijitu
3289 5073 3382 5143 Dei
3411 5070 3805 5143 afﬂatus'pro-

2154 5139 2358 5212 fatur:
2391 5150 2489 5219 est
2510 5141 2791 5219 eni_m_hic
2824 5140 2978 5194 idem
3004 5140 3162 5219 quod
3201 5139 3479 5219 ἐξεφώνειζ
3515 5139 3805 5219 Διαπέφώ-

2155 5234 2317 5285 νηκα,
2349 5218 2577 5285 morior,
2610 5212 2764 5266 infra
2793 5228 3052 5285 quoque,
3087 5212 3176 5274 33,
3208 5216 3255 5267 A
3290 5212 3348 5269 et
3377 5218 3467 5280 41,
3500 5218 3565 5269 Α.

2227 5289 2337 5357 (24)
2371 5282 2609 5351 Διαλύω,
2637 5285 2822 5338 animo
2847 5284 3125 5353 perlustro
3156 5284 3241 5353 (ut
3278 5287 3361 5340 ait
3410 5288 3478 5339 M.
3530 5284 3799 5350 Tullius),

2158 5362 2357 5427 cogito,
2382 5357 2473 5411 vix
2495 5373 2643 5427 opus
2665 5360 2754 5410 est
2777 5359 3475 5427 moneam,compositum
3494 5374 3646 5421 esse,
3682 5372 3803 5410 non

2159 5424 2294 5483 cu'm
2326 5429 2501 5484 verbo
2530 5424 2669 5495 λύω,
2704 5426 2805 5481 sed
2820 5444 2955 5481 cum
2978 5424 3154 5481 ἀλύω.
3183 5424 3303 5483 Nisi
3328 5429 3510 5483 mavis
3524 5428 3800 5491 scribere,

2160 5498 2319 5571 Οίξτω
2352 5497 2419 5567 δὴ
2450 5498 2695 5571 ἀλύοντι·
2730 5499 2888 5571 quod
2937 5500 3189 5571 suadent
3230 5507 3289 5554 et
3337 5501 3572 5571 phrasis
3616 5503 3704 5571 6i,
3736 5500 3796 5550 C.

2161 5568 2413 5627 Ἀλύοντι
2447 5568 2504 5624 δὲ
2532 5569 2709 5640 τούτῳ
2750 5568 2855 5623 ήκαί
2907 5568 3357 5643 γνωματεύοντιξ
3390 5578 3476 5643 et_
3503 5568 3797 5643 Agathias,

2159 5644 2318 5699 unde
2348 5644 2549 5700 omnia
2582 5633 2709 5697 haec
2741 5633 3154 5702 manaverunt.
3188 5645 3275 5703 20,
3303 5644 3365 5696 D.
3394 5633 3648 5693 Ἀλυοῖντι
3671 5634 3725 5689 δέ
3748 5633 3800 5685 οἱ

2158 5715 2248 5768 καὶ
2288 5712 2711 5789 γνωματεύοντι,
2746 5714 3039 5769 Praeterea
3068 5711 3219 5765 ἁλῦω
3251 5714 3339 5778 34,
3375 5715 3420 5766 Α
3454 5717 3513 5765 et
3541 5712 3629 5779 74,
3663 5709 3724 5759 Β.
