4082 6200
346 403 467 465 675

1712 395 2004 458 LEONIS
2049 393 2376 455 DIACONI

3607 406 3710 466 θἾθ

347 538 676 604 attendere,
704 534 984 604 omnique
1023 530 1331 603 diligentia
1388 546 1456 586 ac
1510 532 1563 585 vi
1622 528 1904 601 indagare
1935 533 1995 584 et

2107 522 2379 600 ἐπίχειρα.
2416 530 2506 580 Δεῖ
2535 525 2628 580 οὗν
2657 525 2720 581 τὸ
2749 530 2856 581 τῶν
2907 525 3133 602 ἑταίρων
3186 533 3384 602 πτῶμα
3413 528 3716 603 εὐλαϐηθέν-

349 629 701 699 investigare
734 625 865 678 istic
896 621 1198 676 latitantes
1227 619 1460 675 belluas
1495 619 1800 686 barbaras,
1831 623 1897 673 ut
1923 634 1994 672 ex

2097 635 2194 675 τας
2249 618 2437 691 νήφειν
2514 636 2573 670 τε
2635 615 2727 670 καὶ
2784 615 3075 692 προσέχειν
3113 661 3126 686 ,

3205 617 3294 672 καί
3376 617 3478 694 ὁλῇ
3529 622 3716 698 σπουδῇ

350 716 615 773 cavernis
645 710 1005 779 latebrisque
1043 714 1370 780 protractas
1431 709 1505 763 ad
1554 708 1864 763 interitum
1896 723 1996 762 eas

2105 704 2187 757 καὶ
2248 702 2409 781 ῥώμῃ
2480 704 2823 778 ἐξερευνῆσαι
2905 705 2996 760 καὶ
3071 705 3381 782 ἀνιχνεῦσαι
3463 709 3525 765 τὰ
3574 710 3719 768 ἐλλοο

346 806 702 876 redigamus.
738 803 1065 864 Postremo,
1101 815 1176 852 ne
1205 799 1267 853 in
1301 799 1552 871 segnitie
1585 804 1643 852 et
1671 796 1996 852 vinolentia

346 900 607 947 teramus
642 894 894 957 tempus,
921 886 1024 941 sed
1057 886 1303 943 Romani
1357 887 1562 953 simus,
1598 891 1658 941 et
1684 886 1899 942 fortem
1930 901 1997 940 ac

346 980 607 1035 nobilem
639 977 905 1032 animum
936 975 1139 1047 stirpis
1189 981 1407 1030 nostrae
1464 976 1526 1030 in
1559 973 1992 1030 certaminibus

346 1067 757 1124 ostendamus.
795 1086 823 1113 »

420 1342 473 1393 ‘7.
507 1338 625 1391 Hac
654 1333 858 1390 habita
896 1334 1164 1388 oratione
1195 1349 1229 1388 a
1259 1332 1428 1398 duce,
1458 1330 1751 1386 exercitus
1802 1332 1999 1385 erecto

348 1427 549 1482 animo
572 1425 848 1496 plausum
880 1423 1063 1489 dedit,
1096 1421 1425 1493 gladiisque
1457 1438 1487 1475 e
1528 1420 1735 1492 vagina
1773 1418 2002 1474 eductis

349 1513 423 1567 ad
457 1510 829 1582 sequendum
853 1527 969 1580 quo
1028 1509 1207 1563 vellet
1264 1508 1673 1579 imperataque
1731 1505 2004 1561 facienda

352 1600 832 1673 promptissimus
855 1604 946 1653 est
963 1599 1171 1653 factus.
1196 1598 1449 1652 Tametsi
1473 1597 1572 1651 ille
1594 1601 1736 1650 tunc
1760 1594 2001 1666 quidem

356 1690 607 1758 monuit,
634 1690 1002 1743 sustinerent
1022 1704 1083 1742 se
1107 1687 1395 1758 tantisper
1416 1692 1592 1757 atque
1607 1686 2000 1756 quiescerent,

356 1781 546 1835 donec
572 1780 697 1849 ipse
728 1783 994 1849 tempore
1037 1777 1247 1832 idoneo
1268 1776 1509 1849 juberet
1543 1775 1617 1830 ad
1640 1791 1765 1829 rem
1795 1790 2003 1846 geren-

2101 797 2287 868 χῶντα
2326 790 2456 865 τῇδε
2512 789 2758 870 βάρϐαρα
2808 797 2994 868 θηρία,
3049 796 3139 851 καὶ
3197 801 3304 852 τῶν
3363 805 3612 874 χηραμῶν
3641 803 3718 857 καὶ

2101 880 2330 960 φωλεῶν
2391 882 2734 958 ἐξερύσαντας
2789 882 3038 957 ἀπωλείᾳ
3089 887 3541 961 παραπέμψασθαι
3573 933 3586 947 .
3639 894 3717 962 Μὴ

2100 971 2192 1026 οὖν
2249 972 2446 1043 νωθείᾳ
2496 972 2588 1028 καὶ
2649 974 2787 1047 μέθῇ
2863 974 3236 1049 προϊστάμεθα
3268 978 3312 1013 ³⁷
3370 978 3460 1033 τὸν
3509 981 3719 1054 καιρὸν,

2053 1116 2065 1124 ,
2100 1062 2245 1119 ἀλλὰ
2291 1064 2559 1137 Ῥωμαῖοι
2615 1064 2901 1127 τελοῦντες
2949 1066 3010 1120 τὸ
3060 1066 3300 1122 νεανικὸν
3363 1069 3453 1123 καὶ
3502 1076 3719 1147 γενναῖον

2099 1158 2202 1220 τῆς
2233 1153 2266 1221 ἡ
2278 1156 2396 1225 μῶν
2454 1150 2720 1227 εὐγενείας
2775 1153 3111 1227 παράστημα
3143 1154 3196 1209 ἐν
3223 1160 3343 1219 τοῖς
3398 1155 3589 1232 ἀγῶσιν
3619 1156 3725 1212 ἐπι-

2103 1237 2412 1313 δειξόμεθα,
2442 1264 2471 1292 ››

2178 1332 2237 1399 ζ’.
2301 1331 2461 1386 Εἶπεν
2520 1331 2549 1385 ὁ
2605 1333 2929 1409 στρατηγὸς,
2997 1332 3088 1388 καὶ
3136 1330 3275 1403 δῆτα
3324 1335 3389 1390 τὸ
3443 1336 3723 1411 στράτευμα

2104 1418 2428 1496 ἀνεθάρῥησέ
2454 1420 2504 1456 ⁸⁸
2538 1440 2598 1474 τε
2651 1419 2741 1475 καὶ
2802 1420 3153 1496 ἐπεκράτησε,
3204 1425 3294 1479 καὶ
3354 1429 3461 1479 τῶν
3509 1423 3725 1479 κουλεῶν

2103 1509 2169 1565 τὰ
2197 1510 2324 1584 ξίφη
2356 1508 2716 1582 σπασάμενον,
2741 1510 2990 1586 αὐθόρμη
3038 1532 3134 1566 τον
3187 1514 3255 1582 ἧν
3302 1511 3520 1571 ἕπεσθαι
3548 1515 3727 1586 τούτῳ,

2103 1599 2192 1652 καὶ
2240 1599 2579 1673 πειθαρχεῖν,
2640 1599 2764 1652 δποι
2819 1599 2909 1653 καὶ
2972 1599 3251 1675 βούλοιτο.
3310 1603 3372 1660 Ὀ
3418 1601 3472 1658 δὲ
3503 1604 3726 1677 ἀτρεμεῖν

2103 1686 2240 1748 τέως
2269 1686 2359 1742 καὶ
2392 1690 2618 1760 ἠρεμεῖν
2670 1686 2991 1759 διεκέλευεν,
3022 1687 3126 1753 ἓως
3187 1689 3247 1745 ἂν
3294 1693 3453 1755 αὐτὸς
3485 1692 3731 1765 ἐπισκήψῃ

2108 1774 2267 1851 ἔργου
2296 1773 2538 1851 ἔχεσθαι,
2571 1776 2808 1848 ὁπηνίκα
2838 1779 2926 1833 καὶ
2979 1778 3081 1835 δεῖ.
3133 1782 3292 1855 ’Ἄρτι
3324 1778 3383 1836 δὶ
3412 1787 3517 1837 τῶν
3548 1784 3733 1835 νυκτῶν

360 1870 497 1925 dam
523 1868 825 1923 accedere.
852 1872 1209 1938 Intempesta
1229 1872 1428 1922 autem
1450 1871 1622 1921 nocte
1650 1882 1784 1921 cum
1814 1864 1998 1919 fortis-

2108 1863 2246 1941 ἀωρὶ
2275 1865 2337 1919 τὸ
2389 1864 2631 1919 νεανικὸν
2686 1865 2776 1920 καὶ
2837 1866 3069 1939 ἀκμαῖον
3132 1865 3412 1943 διακριδὸν
3467 1874 3561 1925 τοῦ
3589 1890 3730 1943 στρα-

358 1960 509 2014 simo
539 1964 716 2028 atque
747 1957 1191 2029 expeditissimo
1215 1973 1472 2027 quoque,
1506 1955 1726 2010 selecto
1753 1972 1782 2010 e
1802 1954 2010 2009 cohor'

354 2049 535 2114 tibus,
569 2048 779 2103 castris
811 2046 1109 2119 egreditur
1130 2045 1390 2108 silentio,
1410 2061 1485 2099 ne
1500 2043 1755 2110 barbari,
1785 2043 2005 2099 disces-

354 2158 426 2194 su
459 2139 587 2209 ejus
618 2136 873 2209 cognito,
899 2134 1126 2206 aliquid
1155 2134 1513 2189 calamitatis
1544 2132 1748 2188 relicto
1780 2131 2005 2187 exerci-

352 2229 434 2284 tui
467 2226 845 2282 molirentur.
880 2225 1011 2295 Ipse
1044 2240 1075 2278 e
1103 2223 1313 2278 castris
1344 2222 1661 2295 profectus,
1704 2237 1838 2277 cum
1868 2238 2005 2293 par-

349 2327 472 2375 tem
506 2317 769 2390 regionis
827 2316 1242 2387 percurrisset,
1276 2331 1347 2369 ex
1392 2313 1638 2385 captivis
1692 2311 2003 2383 comperit,

350 2411 411 2465 in
430 2410 562 2464 loco
585 2406 843 2478 quodam
868 2406 1023 2460 edito
1043 2405 1369 2459 exercitum
1397 2403 1786 2458 barbarorum
1807 2401 2004 2474 colligi

350 2499 424 2555 ad
440 2495 834 2569 quadraginta
853 2494 1066 2560 millia,
1090 2498 1157 2549 ut
1177 2493 1249 2549 de
1265 2493 1587 2564 improviso
1604 2491 1757 2547 facto
1780 2492 2005 2563 impetu

355 2592 653 2644 Romanos
692 2584 1046 2649 adoriretur,
1079 2583 1291 2653 hisque
1323 2598 1393 2636 ex
1442 2579 1640 2636 insula
1667 2582 1771 2635 14
1800 2577 2006 2651 ejectis

352 2694 492 2732 suos
522 2675 832 2731 obsidione
863 2672 1063 2745 oppidi
1092 2672 1390 2727 liberaret.
1425 2670 1499 2726 lis
1523 2670 1701 2726 rebus
1731 2669 2003 2741 cognitis,

350 2768 467 2821 dux
499 2767 711 2821 lectam
738 2780 1005 2829 manum,
1038 2778 1215 2833 quam
1248 2777 1449 2817 secum
1478 2758 1754 2824 habebat,
1787 2764 1909 2814 toto
1937 2775 2004 2814 eo

348 2856 441 2909 die
475 2854 658 2926 quieti
704 2869 767 2908 se
816 2852 956 2907 dare
980 2851 1208 2923 jussit:
1265 2850 1340 2905 ad
1393 2849 1644 2905 multam
1698 2863 2005 2921 vesperam

344 2944 664 3016 profectus,
716 2947 1044 3012 nactusque
1100 2939 1411 3012 indigenas
1466 2939 1751 2994 itinerum
1797 2938 2000 3022 duces,

338 3052 473 3089 cum
496 3033 570 3089 ad
601 3034 727 3087 hinc
759 3032 955 3087 sidera
982 3030 1220 3086 claritas
1250 3046 1285 3085 a
1314 3029 1492 3101 plena
1533 3028 1678 3084 luna
1724 3027 2003 3084 subluce-

337 3130 447 3189 ret,
483 3124 659 3178 citato
693 3121 904 3175 itinere
946 3118 1273 3185 contendit,
1296 3117 1567 3189 nihilque
1600 3116 1672 3173 de
1699 3116 2001 3175 celeritate

338 3212 590 3280 remisit,
622 3209 810 3265 donec
838 3208 1022 3265 armis
1072 3208 1357 3264 cinxisset
1400 3206 1720 3276 tumulum,
1767 3206 1831 3262 in
1880 3223 1995 3279 quo

336 3267 590 3356 barbari,
605 3299 723 3355 alto
751 3314 961 3354 somno
991 3297 1366 3353 tenebantur.
1409 3297 1555 3351 Tum
1584 3267 1744 3351 tubis
1772 3267 1993 3365 inﬂari,
2026 3267 2069 3336 α

336 3388 636 3462 tympanis
665 3388 891 3460 pulsari
940 3387 1153 3460 jussis,
1182 3390 1449 3443 montem
1481 3384 1725 3441 invadit.
1780 3384 1997 3440 Audito

335 3495 638 3536 armorum
661 3479 932 3550 strepitu,
957 3476 1216 3543 barbari,
1231 3475 1398 3544 nudi,
1418 3474 1714 3547 imparati,
1738 3473 2001 3547 inspera-

332 3575 391 3623 to
425 3570 668 3625 incursu
699 3566 983 3633 exterriti,
1025 3567 1176 3638 fugaa
1212 3582 1274 3621 se
1308 3562 1746 3620 commendant.
1782 3563 1997 3619 Verum

333 3675 453 3711 non
487 3660 613 3712 erat
642 3654 927 3709 evadendi
956 3653 1227 3718 facultas,
1260 3657 1571 3723 pr0pterea
1588 3651 1746 3721 quod
1777 3651 1998 3706 montis

332 3744 564 3798 radices
596 3758 630 3796 a
652 3743 918 3796 Romana
955 3742 1080 3794 acie
1113 3739 1485 3794 tenebantur.
1519 3741 1605 3793 Ita
1631 3755 1806 3809 parvo
1838 3745 1995 3793 tem-

336 3832 498 3901 poris
527 3834 831 3883 momento
863 3827 1251 3882 barbarorum
1282 3826 1599 3881 multitudo
1639 3827 1712 3882 ad
1743 3828 1998 3897 quadra-

337 3917 501 3989 ginta
529 3915 722 3970 millia
748 3915 1017 3969 funditus
1049 3914 1243 3970 deleta
1276 3919 1385 3981 est,
1418 3914 1669 3985 telisque
1701 3917 1997 3971 Romano-

336 4021 469 4059 rum
503 4003 929 4060 contrucidata.
965 4003 1088 4068 Quo
1141 4018 1289 4057 novo
1319 4006 1541 4075 tropmo
1590 4002 1843 4057 alterum
1874 4009 1998 4058 tro-

336 4110 533 4166 paeum
564 4091 682 4147 dux
719 4091 1044 4147 adornavit.
1074 4090 1434 4147 Multitudini
1466 4107 1755 4146 caasorum
1804 4092 1998 4164 capita

335 4181 577 4253 praecidi
602 4180 806 4251 jussit,
830 4180 1137 4252 saccisque
1160 4180 1400 4236 condita
1422 4180 1484 4235 in
1517 4184 1713 4236 castra
1730 4179 1997 4253 deporta-

333 4272 405 4338 ri,
422 4271 731 4327 affirmans
751 4269 1094 4340 unicuique,
1116 4275 1294 4340 caput
1310 4268 1420 4325 sibi
1450 4269 1744 4334 aﬂ‘erenti,
1767 4286 1993 4326 merce-

336 4362 426 4416 dis
456 4361 586 4416 loco
615 4377 675 4415 se
705 4363 1157 4415 numeraturum
1187 4374 1501 4414 nummum
1530 4363 1896 4430 argenteum.
1932 4358 1994 4414 Id

337 4449 596 4504 edictum
666 4466 802 4504 cum
853 4447 1119 4518 reliquus
1171 4448 1463 4502 exercitus
1497 4487 1511 4513 ,
1560 4451 1686 4502 tum
1739 4447 1993 4502 maxime

342 4539 613 4593 cohortes
626 4537 922 4592 Armeniaa
946 4536 1207 4591 studiose
1224 4536 1993 4608 receperunt,hostiumque

2109 1957 2205 2007 τοῦ
2263 1954 2816 2030 προσεταιρισάμενος
2850 1999 2865 2025 ,
2949 1956 3136 2032 ήσύχη
3216 1959 3437 2033 ὑπεξῄει
3497 1964 3589 2014 τοῦ
3642 1960 3736 2034 χά-

2112 2063 2307 2117 ρακος,
2366 2044 2437 2098 ὡς
2498 2044 2575 2115 μὴ
2636 2040 2921 2107 αἴσθοιντο
2977 2047 3076 2114 τήν
3138 2046 3330 2103 τούτον
3379 2049 3432 2104 οἱ
3494 2043 3734 2126 βάρϐαροι

2111 2130 2342 2207 ἄπαρσιν
2378 2176 2393 2201 ,
2451 2132 2541 2186 καὶ
2596 2129 2768 2187 δεινόν
2809 2155 2863 2189 τι
2930 2138 2999 2208 τῇ
3059 2134 3476 2215 καταλειφθείσῃ
3538 2156 3738 2212 στρατια

2110 2221 2563 2291 σκαιωρήσοιντο,
2609 2219 2878 2295 Ἐεελθὼν
2935 2220 2994 2278 δὶ
3041 2228 3139 2279 τοῦ
3168 2228 3439 2300 χάρακος,
3468 2225 3554 2282 καὶ
3587 2226 3735 2299 μέρος

2109 2316 2207 2378 τῆς
2250 2314 2437 2385 χῶρας
2479 2307 2861 2385 καταδραμὼν,
2894 2309 2983 2366 ἐπὶ
3038 2312 3178 2389 πρὸς
3201 2318 3312 2369 τῶν
3361 2313 3733 2391 ἐζωγρημένων

2109 2399 2393 2471 ἀνεμαθεν,
2425 2397 2512 2453 ἐπί
2540 2418 2591 2453 τι
2638 2397 2926 2477 γεώλοφον
2987 2402 3235 2476 στρατιὰν
3289 2399 3575 2480 βαρϐάρων
3619 2400 3736 2457 ὡσεὶ

2114 2482 2391 2559 μυριάδων
2446 2486 2716 2561 τεττάρων
2775 2485 3159 2561 ἀθροίζεσθαι,
3213 2490 3289 2552 ὡς
3346 2490 3410 2545 ἂν
3461 2490 3511 2562 ἐξ
3556 2485 3737 2566 ἐφόδου

2110 2574 2439 2649 ἀπροόπτως
2493 2579 2611 2637 τοῖς
2694 2574 2993 2649 Ῥωμαίοις
3051 2575 3308 2652 eum“;
3392 2578 3485 2634 καὶ
3548 2583 3640 2647 τῆς
3687 2595 3740 2630 τε

2105 2664 2277 2734 νήσου
2304 2663 2534 2726 τούτους
2588 2662 2857 2739 ἀπελάσῃ,
2915 2663 3006 2719 καὶ
3049 2663 3179 2731 τοὺς
3226 2666 3516 2744 σφετέρους
3539 2672 3633 2735 τῆς
3653 2666 3739 2719 τοῦ

2108 2754 2299 2816 ἄστεος
2353 2752 2641 2828 ἀπαλλάξῃ
2698 2753 3044 2829 καθείρεεως.
3103 2755 3405 2813 Τούτωνη
3448 2753 3739 2829 ἀκηκοὼςὸ

2107 2845 2411 2919 στρατηγὸς
2468 2844 2559 2899 καὶ
2607 2846 2699 2900 τὸν
2749 2844 3086 2923 ἐφεπόμενον
3138 2851 3247 2904 τῶν
3293 2846 3542 2927 λογάδῶν
3597 2865 3744 2922 στρα-

2105 2935 2199 2990 τὸν
2254 2934 2593 3009 πανημέριον
2691 2931 3056 2999 διαναπαύσας
3088 2980 3104 3007 ,
3174 2937 3312 3011 πρὸς
3375 2939 3598 3014 ἑσπέραν
3653 2935 3744 3010 βα-

2110 3030 2254 3089 θεῖαν
2309 3024 2519 3099 ἀπάρας
2583 3024 2675 3080 καὶ
2735 3025 3009 3102 ἡγεμόνας
3083 3028 3192 3083 τῶν
3248 3030 3437 3085 τόπων
3494 3028 3742 3103 ἰθαγενεῖς

2108 3111 2305 3190 ἄνδρας
2354 3111 2667 3192 ἀνειληφὼς
2703 3159 2717 3185 ,
2801 3113 2918 3171 ἐπεὶ
2972 3117 3062 3171 καὶ
3142 3118 3205 3173 τὸ
3290 3115 3580 3190 σεληναῖον
3636 3117 3739 3193 φῶς

2112 3200 2402 3277 ὑπέλαμπε
2435 3247 2450 3273 ,
2507 3203 2954 3279 πεπληρωμένης
3005 3212 3108 3277 τῆς
3167 3207 3335 3281 μένης
3398 3204 3586 3279 οὔσης,
3628 3223 3739 3259 συν-

2105 3292 2293 3348 τείνων
2357 3288 2580 3347 ἔσπευδε
2612 3336 2627 3363 ,
2682 3290 2850 3366 μηδὲν
2908 3293 3113 3371 τάχους
3161 3295 3355 3352 ἀνίεισι
3388 3298 3439 3336 ³ο
3471 3316 3484 3331 ·
3537 3294 3623 3351 καὶ
3675 3290 3735 3361 δὴ

2105 3379 2369 3446 κυλκόθεν
2399 3380 2494 3437 τὸν
2522 3380 2806 3459 γεώλοφον
2860 3384 3317 3460 περιεστοίχισεν,
3379 3384 3472 3443 ἳνα
3505 3382 3659 3462 βαθὺν
3689 3382 3735 3436 οἱ

2106 3464 2370 3546 βάρϐαροι
2411 3467 2575 3524 ὕπνον
2637 3467 2944 3531 ἐκάθευδον.
3003 3469 3241 3528 Κάπειτα
3294 3472 3395 3537 τὰς
3446 3472 3735 3546 σάλπιγγας

2107 3557 2389 3634 ἐηγῆσαι
2420 3556 2511 3613 καὶ
2566 3556 2632 3613 τὰ
2676 3557 2933 3632 τύμπανα
2987 3568 3296 3635 παταγῆσαι
3326 3562 3375 3601 ³¹
3439 3560 3736 3638 ἐγκελευσά-

2110 3667 2298 3720 μενος,
2321 3648 2409 3719 [Ρ.
2427 3649 2481 3720 8]
2497 3643 2695 3702 διὰτοῦ
2715 3647 3008 3723 γεωλόφου
3029 3648 3251 3727 ἐχώρει.
3276 3652 3345 3709 Οἱ
3378 3649 3439 3707 δὶ
3463 3644 3734 3728 βάρϐαροι,

2099 3736 2191 3790 τὸν
2222 3736 2395 3813 ψόφον
2429 3740 2537 3790 τῶν
2594 3734 2780 3791 ὅπλων
2840 3736 3177 3811 αἰσθόμενοι,
3226 3739 3385 3814 ψιλοὶ
3432 3740 3522 3796 καὶ
3552 3734 3741 3810 ἀπαρά-

2102 3843 2281 3877 σκευοι
2314 3819 2487 3893 ὄντες,
2527 3823 2615 3877 καὶ
2645 3828 2723 3896 τῷ
2751 3823 3048 3900 ἀπροόπτῳ
3096 3833 3197 3896 τῆς
3244 3826 3444 3905 ἐφόδου
3475 3825 3740 3885 καταπλα-

2099 3911 2302 3987 γέντες,
2327 3911 2403 3973 εἰς
2436 3910 2721 3990 φυγαδείαν
2778 3911 3097 3973 ἀπέκλιναν.
3158 3915 3319 3975 ’Δλλ’
3351 3918 3455 3974 οὐκ
3481 3918 3546 3987 ἧν
3578 3911 3738 3971 ἀπαλ-

2101 4002 2281 4072 λάξαι,
2309 4008 2411 4071 τῆς
2436 4001 2705 4076 ὑπωρείας
2726 4003 2941 4074 ἀπάσης
2959 4006 3341 4081 κατεχομένης
3368 4011 3439 4083 τῇ
3471 4002 3736 4078 Ῥωμαϊκῇ

2099 4089 2360 4169 φάλαγγι.
2394 4090 2652 4146 ’Ἂκονιτὶ
2686 4090 2779 4147 οὖν
2829 4091 2883 4148 ἐν
2915 4099 3082 4170 μικρᾷ
3132 4096 3337 4170 χρόνου
3375 4097 3522 4175 ῥοπῇ
3551 4094 3611 4151 τὸ
3637 4094 3735 4147 τῶν

2097 4181 2365 4256 τεττάρων
2404 4177 2681 4255 μυριάδων
2702 4185 2809 4236 τῶν
2843 4176 3130 4257 βαρϐάρων
3162 4178 3375 4255 ἡϐηδὸν
3409 4187 3459 4223 ³³
3487 4180 3737 4258 παραπώ-

2098 4268 2227 4325 λετο
2284 4268 2501 4340 πλῆτος
2530 4313 2545 4340 ,
2598 4265 2751 4347 ἔργον
2837 4273 3061 4347 γεγονὸς
3132 4272 3348 4350 αῗχμῆς
3403 4276 3730 4349 Ῥωμαϊκῆς.

2098 4354 2274 4412 ’Λλλᾶ
2303 4360 2382 4428 τῷ
2408 4356 2645 4431 τοιούτῳ
2673 4362 2846 4431 καινῷ
2872 4360 3121 4433 τροπαίῳ
3168 4358 3353 4438 ἓτερον
3414 4356 3736 4437 ὁστρατηγὸς

2099 4443 2321 4521 ἐξήρτυε
2370 4445 2632 4518 τροπαίον
2664 4489 2678 4503 .
2722 4450 2826 4502 Τοῦ
2873 4448 2975 4525 γάρ
3028 4449 3289 4514 πεσόντος
3355 4451 3604 4523 πλήθους
3647 4445 3736 4505 τὰς

2096 4534 2266 4605 κάρας
2323 4532 2566 4607 ἐκτεμεῖν
2618 4532 2934 4612 διωρίσατο,
2992 4537 3084 4593 καὶ
3139 4539 3336 4603 ταύτας
3363 4546 3485 4604 ταῖς
3540 4540 3735 4610 πήραις

339 4632 642 4695 amputata
662 4627 857 4698 capita
883 4626 944 4680 in
971 4642 1173 4681 saccos
1191 4624 1553 4680 indiderunt.
1585 4626 1709 4679 Dux
1729 4623 1801 4679 de
1822 4629 1995 4680 nocte

2105 4622 2339 4687 ἐνθέπας
2399 4624 2757 4698 μετακομίσαι
2811 4626 2948 4702 πρὸς
2997 4626 3061 4682 τὸ
3120 4624 3507 4703 στρατόπεδον·
3555 4624 3738 4701 μισθὸν

341 4714 405 4767 in
438 4719 630 4768 castra
658 4713 853 4767 rediit.

334 4798 612 4875 ἀργύριον.
671 4803 845 4855 Τοῦτο
901 4800 964 4855 τὸ
1022 4798 1204 4877 δόγμα
1262 4798 1511 4874 ἀσμένως
1570 4796 1857 4873 δεξάμενος
1914 4800 1942 4855 6
1993 4801 2241 4876 στρατὸς,
2292 4800 2383 4856 καὶ
2444 4798 2683 4875 μάλιστα
2737 4802 2801 4858 τὸ
2849 4807 2957 4859 τῶν
3017 4805 3319 4881 ’Λρμενίων

2097 4709 2156 4768 δὶ
2209 4716 2290 4785 τῷ
2343 4711 2508 4789 κάραν
2583 4712 2867 4787 κομίζοντι
2947 4712 3192 4772 δίδοσθαί
3270 4714 3643 4775 διεϐεϐαιοῦτο
3691 4709 3734 4748 ³³

2097 4801 2241 4855 ατὸς.
2292 4800 2383 4855 καὶ
2446 4798 2683 4855 μάλιστα
2737 4802 2801 4855 τὸ
2849 4807 2957 4855 τῶν
3017 4805 3319 4855 ’Λοιιενίων
3406 4811 3619 4855 minae-
3672 4798 3733 4855 τά

3406 4811 3619 4883 στῖφος,
3672 4822 3699 4856 τ

1542 4970 1604 5025 G.
1646 4970 1707 5025 Β.
1751 4969 1937 5028 HASII
1973 4970 2526 5027 ANNOTATIONES.

409 5137 455 5173 ²⁷
483 5137 876 5209 προῖστάμεθα.
908 5139 1003 5195 Sic
1029 5140 1187 5206 cod.,
1218 5139 1373 5196 sicut
1404 5144 1616 5247 postea
1645 5134 1998 5211 ἐπιδειξόμεθε

416 5212 607 5248 ..ητις-ην
638 5209 743 5248 ρηιι
870 5209 918 5245 ao
949 5211 969 5248 ι
993 5227 1061 5248 οη
1112 5210 1275 5248 2.....1,
1436 5214 1450 5248 ι
1478 5210 1544 5248 ,Α
1575 5208 1789 5248 ...ιηηηυ
1834 5210 1998 5248 2......

2105 5138 2117 5175 '
2145 5137 2497 5248 dpfdgump:
2528 5138 2775 5248 ﬁdium
2789 5140 2966 5248 pau‘lo
2998 5144 3310 5248 pastk'togrg
3333 5150 3394 5201 et
3419 5139 3733 5248 Ponﬂowrz.

337 5208 389 5245 ’9
416 5208 607 5264 τοῦτον
638 5209 768 5265 cod.
870 5209 918 5245 ⁸ο
949 5211 1080 5284 Leg.
1111 5210 1297 5272 ἀνιείς.

332 5366 543 5434 signem
582 5380 797 5418 morum
821 5364 1215 5435 asperitatem:
1240 5362 1491 5435 malim;
1526 5360 1986 5435 amentiam_,_vel,

335 5428 517 5492 ariimi
563 5428 957 5506 insipientia'm.
1015 5428 1396 5506 Ἀϐελτηρίαις
1442 5428 1990 5506 ConciliumﬁEcu-L

332 5508 634 5577 menicum
662 5501 788 5577 vm.
822 5509 938 5574 VII,
994 5523 1068 5561 Iv.
1125 5501 1263 5577 ﬁll."
1302 5503 1591 5573 οὐμενοῦν·
1626 5501 1687 5555 οὐ
1736 5501 1838 5577 γὰρ
1868 5506 1988 5577 ταῖς

329 5596 495 5630 τινων
524 5570 889 5649 ἀϐελτηρίαις
922 5570 982 5632 κ.
1034 5595 1085 5631 τ.
1120 5575 1193 5649 L._
1233 5570 1581 5649 nequaquam
1610 5592 1630 5649 ζ
1684 5570 1794 5629 non
1810 5570 1827 5649 ί
1845 5576 1991 5631 enim

335 5649 699 5718 quorumdam
709 5644 938 5719 ineptiis
961 5653 1071 5703 etc.
1088 5646 1233 5702 Male
1251 5644 1586 5702 Harduinus
1607 5646 1668 5701 in
1681 5647 1947 5703 versione
1974 5665 1987 5702 :

334 5735 683 5792 nequaquam
711 5722 856 5776 enim
886 5719 1249 5791 quorumdam
1285 5719 1796 5792 profanationibus.
1832 5719 1987 5777 Scri-

1478 5210 1547 5264 τὰ
1575 5208 1789 5283 σύμπαν
1834 5208 2174 5285 ἀπαταγῆσαι
2194 5208 2345 5266 ὀοᾶ.

2442 5211 2487 5246 ³³
2528 5204 2754 5281 ἡϐηδίῶν
2790 5204 2935 5269 ὀοᾶ.
2998 5204 3018 5215 ’
3041 5213 3089 5249 ⁸³
3118 5204 3556 5279 διαϐεϐαιούσθω
3605 5208 3732 5269 cod.

2099 5360 2250 5436 bunt
2276 5364 2478 5436 tamen
2529 5366 2588 5416 et
2633 5364 2910 5436 nonnulli
2941 5366 3144 5423 Patres
3201 5360 3511 5436 ἀϐελτερια,
3560 5379 3665 5436 per
3691 5374 3733 5412 ε·

2099 5432 2241 5521 ξῐξῐξι
2272 5432 2695 5521 agathiasLﬁ,
2718 5435 2848 5521 C.et
2870 5436 2997 5519 ipse
3020 5439 3154 5521 Leo,
3176 5441 3265 5507 27,
3296 5440 3359 5494 D.
3381 5432 3732 5521 adverbium

2099 5500 2426 5580 ἀϐελτέρους.
2457 5505 2643 5580 stulte,
2679 5506 2741 5562 in
2772 5500 2997 5580 Lexicis
3037 5500 3344 5580 omissum,
3392 5508 3574 5580 habet
3600 5508 3735 5580 Eor-

2140 5574 2345 5654 hxrips
2375 5576 2470 5654 De‘
2487 5575 2849 5654 abstinentia
2906 5580 3030 5654 4129,
3063 5582 3160 5654 A.“
3190 5580 3242 5634 oi
3272 5574 3341 5635 δὲ’
3360 5577 3484 5654 περ-ί
3536 5574 3736 5654 τούτων

2134 5640 2412 5726 ϐελτὲρως
2451 5642 2723 5721 λέγοντες,
2760 5670 2788 5704 ε
2817 5652 2920 5726 qui
2960 5640 3239 5710 stolidius
3288 5654 3380 5710 his
3428 5640 3510 5708 'de
3562 5645 3737 5704 rebus

2100 5739 2129 5770 ιι
2164 5717 2511 5791 loquuntur.
2528 5717 2572 5770 ἰ
