4082 6200
403 381 522 444 687
1816 370 2093 433 LEONIS
2139 369 2460 431 DlACONI
3690 367 3808 429 688

403 517 708 572 berentur.
734 517 896 570 Hunc
916 514 1171 567 Leonem
1198 509 1409 564 ducem
1432 511 1731 563 Romanus
1764 507 2047 576 Augustus

2164 501 2253 556 καὶ
2310 505 2568 556 τοσοῦτον
2627 499 2784 579 φόνον
2840 495 3107 579 αἰφνίδιον
3184 499 3442 555 εἰσπεσὼν
3528 497 3579 554 ἐν
3641 501 3809 576 μικρᾷ

403 607 467 661 in
489 607 682 663 Asiam
697 600 1048 666 transmisit,
1065 598 1110 653 si
1127 614 1243 669 quo
1262 597 1435 652 modo
1449 597 1836 652 barbarorum
1852 593 2050 665 perni-

406 696 597 750 ciosas
626 690 1022 764 grassationes
1053 687 1329 743 cohibere
1359 692 1580 757 posset,
1616 690 1674 740 et
1703 683 1879 749 mala,
1922 699 2052 753 quae

404 781 783 853 impudenter
835 777 1054 833 inferre
1107 793 1227 831 non
1284 775 1653 843 verebamur,
1705 773 2054 844 reprimere.

404 873 550 936 Dux,
584 884 719 923 cum
753 883 820 920 ex
851 868 1085 932 EurOpa
1113 865 1411 936 profectus
1443 865 1503 920 in
1536 864 1733 919 Asiam
1775 861 2051 926 venisset,

401 955 887 1027 Chambdanique
920 954 1229 1010 audaciam
1261 971 1328 1010 ac
1361 953 1637 1010 duritiem
1661 951 1868 1007 auditu
1899 949 2052 1005 acci-

345 1069 348 1072 ’
401 1051 588 1119 peret,
625 1045 846 1117 templa
878 1050 936 1100 et
963 1043 1180 1116 oppida
1224 1060 1511 1098 succensa
1561 1042 1804 1108 videret,
1857 1039 2054 1094 diruta

403 1135 670 1202 castella,
704 1135 1030 1190 desolatam
1065 1133 1276 1188 incolis
1308 1134 1633 1206 regionem,
1665 1131 1740 1184 iis
1765 1129 2054 1184 violenter

403 1228 464 1282 in
496 1225 896 1298 captivitatem
927 1222 1218 1290 abductis,
1245 1239 1438 1294 operae
1471 1223 1727 1293 pretium
1758 1221 1944 1285 duxit,
1977 1237 2051 1274 ne

403 1321 464 1375 in
491 1320 762 1388 apertum
789 1312 1122 1385 periculum
1154 1329 1301 1383 quas
1333 1311 1586 1366 ducebat
1615 1311 1814 1382 copias
1863 1311 2054 1382 proji-

401 1411 582 1472 ceret,
615 1420 763 1460 neve
789 1407 994 1474 aperto
1027 1403 1205 1456 Marte
1249 1418 1384 1456 cum
1443 1405 1609 1456 tanta
1661 1400 2048 1455 barbarorum

401 1492 791 1549 multitudine
822 1491 1010 1546 aciem
1043 1493 1446 1561 componeret,
1485 1507 1617 1560 quas
1663 1488 1883 1544 multas
1925 1488 2052 1560 jam

401 1581 677 1636 victorias
714 1579 1038 1645 retulisset,
1080 1578 1380 1648 felicique,
1415 1594 1593 1649 quam
1637 1582 1881 1648 experta
1928 1582 2054 1631 erat

401 1676 618 1744 praeter
657 1668 1181 1740 exspectationem,
1215 1669 1453 1722 fortuna
1509 1666 1882 1738 superbiret:
1917 1683 2051 1720 cum

399 1759 734 1833 praesertim
767 1758 1083 1812 innumera
1113 1771 1283 1827 paene
1315 1755 1698 1810 multitudine
1743 1755 2050 1810 hominum

401 1849 583 1921 probe
615 1852 977 1902 armatorum
1020 1845 1317 1900 confertas
1368 1851 1592 1899 turmas
1623 1846 1725 1900 20
1763 1844 2048 1910 inferret;
2082 1870 2128 1935 Β

403 1938 531 2010 ipse
559 1937 828 2008 exiguam
861 1935 1280 2005 infirmamque
1307 1951 1552 1989 manum
1575 1934 1862 2000 ductaret,
1887 1935 2049 1988 Sara-

403 2042 688 2083 cenorum
716 2025 927 2080 faustis
957 2023 1102 2079 adeo
1135 2023 1507 2078 successibus
1534 2023 1825 2094 pavidam,
1857 2023 2049 2094 iisque

403 2114 666 2187 tropaeis,
702 2131 832 2185 quin
890 2113 1153 2182 quotidie
1206 2111 1557 2185 erigebant:
1599 2112 1703 2167 sed
1752 2117 1817 2166 ut
1855 2114 2050 2182 potius

402 2201 908 2275 opportunissima
929 2207 1344 2272 praeruptaque
1370 2199 1500 2255 loca
1525 2201 2049 2271 occuparet,inque

401 2292 612 2348 locatis
640 2290 878 2346 insidiis
903 2290 1044 2344 hinc
1068 2289 1206 2343 ind’e
1224 2295 1602 2344 transeuntes
1622 2290 1821 2344 hostes
1845 2289 2050 2344 obser-

399 2385 584 2448 varet,
617 2387 794 2452 atque
820 2379 940 2433 illis
964 2378 1026 2432 in
1056 2377 1300 2432 lubricis
1331 2377 1808 2448 ancipitibusque
1824 2379 2050 2432 viarum

402 2471 694 2543 angustiis
724 2483 1067 2534 occurrens,
1099 2467 1162 2521 in
1195 2467 1446 2522 transitu
1493 2465 1728 2522 fortiter
1784 2484 1920 2522 cum
1965 2467 2050 2522 eis

401 2558 734 2613 dimicaret.

472 2827 524 2880 3.
555 2824 648 2880 Sic
677 2821 877 2878 animo
905 2825 1131 2876 attento
1163 2819 1520 2876 deliberanti
1574 2820 1752 2876 Leoni
1805 2820 1939 2876 duci
1989 2822 2052 2875 in

399 2919 659 2973 mentem
689 2912 866 2980 venit,
889 2911 1083 2967 verbis
1115 2926 1350 2981 quoque
1382 2926 1666 2965 exacuere
1700 2911 2050 2978 exercitum,

401 3020 657 3075 cumque
677 3000 1187 3058 exhortationibus
1210 3000 1715 3071 ﬁrmare,quando
1737 3017 1808 3056 ex
1823 3017 1884 3055 re
1900 3000 2052 3055 foret

401 3094 682 3150 adversus
713 3091 996 3148 barbaros
1027 3090 1195 3163 signa
1225 3105 1479 3156 movere,
1513 3095 1573 3145 et
1601 3089 1952 3145 alacriorem
1975 3089 2049 3144 ad

400 3184 626 3240 bellum
657 3181 926 3238 reddere.
957 3181 1045 3235 Ita
1071 3180 1131 3234 in
1163 3180 1509 3235 concionem
1531 3179 1880 3246 ascendens,
1912 3196 2047 3235 cum

399 3273 704 3346 paulisper
734 3271 1015 3336 siluisset,
1049 3269 1516 3325 cohortationem
1550 3268 1843 3339 ejusmodi
1875 3269 2046 3323 insti-

399 3364 540 3419 tuit:
573 3385 600 3411 ‹‹
635 3361 851 3417 Omnes
882 3359 1146 3432 legiones
1171 3357 2047 3424 vestras,commilitones,com~

399 3452 598 3508 munis
631 3456 834 3505 noster
863 3448 1143 3503 dominus
1174 3453 1232 3503 et
1263 3447 1608 3518 imperator,
1639 3446 1798 3518 quod
1822 3447 2046 3513 ﬁrmas,

401 3559 511 3598 nec
540 3539 754 3594 virtute
785 3539 849 3593 in
879 3537 1054 3592 bellis
1078 3537 1274 3591 minus
1302 3553 1479 3607 quam
1510 3553 1622 3592 usu
1643 3537 1705 3591 in
1726 3553 1790 3591 re
1807 3536 2046 3592 militari

400 3629 682 3703 praeditas
713 3643 842 3681 esse
873 3627 1070 3690 sciret,
1105 3625 1166 3678 in
1197 3625 1398 3679 Asiam
1432 3625 1799 3680 Chambdani
1848 3625 2045 3682 incur-

403 3718 674 3774 sionibus
704 3713 1308 3787 populationibusque
1340 3713 1633 3768 defessam
1683 3715 1812 3786 jam
1869 3722 2047 3786 atque

401 3810 697 3869 ruentem,
727 3818 961 3857 summa
991 3800 1224 3871 imperii
1245 3801 1394 3855 mihi
1428 3801 1662 3870 tradita,
1696 3804 2045 3859 transmisit.

398 3891 790 3958 Quamobrem
824 3889 1030 3945 hortor
1060 3893 1118 3943 et
1148 3887 1388 3956 suadeo,
1423 3905 1544 3944 non
1574 3896 1640 3945 ut
1670 3890 1901 3946 fortiter
1919 3909 2045 3948 rem

396 3981 616 4056 geratis
644 3985 852 4035 contra
889 3977 1256 4032 adversarios
1298 3979 1515 4048 (neque
1555 3979 1716 4033 enim
1772 3980 2045 4037 cohorta-

399 4072 562 4126 tione
581 4085 682 4124 vos
706 4074 846 4140 puto
871 4067 1155 4140 indigere.
1185 4066 1286 4137 qui
1311 4067 1583 4121 virtutem
1611 4067 1990 4125 etaudaciam
2013 4087 2046 4126 a

393 4177 578 4235 puero
618 4157 1021 4231 prmstitistis),
1062 4155 1164 4211 sed
1216 4161 1280 4211 ut
1339 4173 1518 4228 quam
1575 4157 2041 4229 prudentissimo

394 4250 645 4309 consilio
677 4249 910 4304 hostem
942 4246 1312 4318 expugnetis.
1346 4247 1489 4301 Nam
1522 4261 1641 4302 non
1667 4253 1896 4303 tantum
1923 4249 2042 4304 vio-

391 4341 555 4398 lento
585 4340 812 4410 impetu
844 4335 1068 4391 bellum
1091 4334 1242 4389 solet
1258 4334 1816 4406 provehi,quantum
1829 4336 2041 4408 judicii

391 4429 712 4504 prudentia
742 4431 801 4483 et
831 4425 1094 4482 victoriis
1124 4440 1231 4496 per
1259 4423 1648 4480 calliditatem
1707 4433 2042 4498 opportune

2157 595 2351 664 καιροῦ
2383 591 2526 664 ῥοπῇ
2552 589 2941 666 ἀπειργάσατο,
3002 589 3076 650 ὡς
3143 589 3545 664 εὐαριθμήτους
3601 588 3662 644 ἐκ
3714 596 3809 645 τοῦ

2159 678 2442 756 ἀμυθήτου
2471 676 2720 750 πλήθους
2753 675 3034 758 διαφυγεῖν
3066 681 3193 751 (43).
3223 681 3432 735 Τοῦτον
3473 680 3564 734 τὸν
3614 701 3813 754 στρατ-

2159 769 2295 846 ηγὸν
2327 767 2526 823 Λέοντα
2579 769 2856 841 Ῥωμανὸς
2890 769 2918 822 ὁ
2947 767 3302 842 αὐτοκράτωρ
3357 768 3432 829 εἷς
3476 771 3576 838 τήν
3624 770 3811 824 Ἀσίαν

2161 852 2532 926 διεϐιϐάσατο,
2567 857 2616 911 εἷ’
2642 878 2759 918 πως
2804 854 2951 912 ἀλλὰ
2998 857 3093 917 τάς
3143 878 3200 911 τε
3250 858 3293 893 ³⁷
3352 862 3459 911 τῶν
3519 853 3813 932 βαρϐάρων

2159 945 2461 1022 ἐπιδρομὰς
2494 947 2846 1014 ἀναστείλειε,
2885 949 2975 1002 καὶ
3030 948 3125 1009 τὰς
3179 944 3401 1017 ἀναίδην
3443 945 3810 1022 τολμωμὲνας

2158 1039 2505 1118 ἀναχαιτίσοι
2565 1037 2878 1116 ἐπαγωγάς’
2939 1040 2999 1096 Ὁ
3050 1036 3106 1094 δὲ
3164 1040 3494 1116 στρατηγὸς,
3535 1038 3649 1094 ἐπεὶ
3707 1047 3810 1109 τῆς

2157 1129 2431 1202 Εὐρώπης
2485 1127 2696 1203 ἀπάρας
2787 1131 2886 1198 τὴν
2943 1129 3127 1184 Ἀσίαν
3210 1127 3530 1208 κατείληφε,
3598 1131 3691 1184 καὶ
3740 1130 3806 1183 τὸ

2157 1215 2381 1278 αὔθαδες
2413 1219 2503 1273 καὶ
2546 1217 2844 1292 ἀτέραμνον
2891 1223 2987 1272 τοῦ
3039 1212 3309 1291 Χαμϐδάν
3349 1218 3666 1288 ὴνωτίζετο,
3716 1219 3817 1272 καὶ

2154 1307 2287 1367 νεὼς
2317 1306 2410 1361 καὶ
2459 1307 2652 1381 κώμας
2711 1305 3209 1382 πεπυρπολημένας
3275 1308 3443 1381 ἑώρα,
3496 1307 3586 1361 καὶ
3645 1328 3819 1386 φρου-

2159 1397 2288 1471 ρίων
2368 1396 2738 1474 κατασκαφὰς,
2819 1394 3050 1470 ἐρημίαν
3107 1417 3164 1450 τε
3215 1401 3321 1450 τῶν
3403 1396 3674 1451 κατοίκων
3721 1397 3817 1451 καὶ

2159 1486 2338 1560 βιαίαν
2387 1484 2712 1561 ἀπαγωγὴν,
2761 1478 2921 1562 ἔγνω,
2984 1486 3059 1557 μὴ
3116 1482 3168 1545 ἐς
3225 1489 3512 1559 προῦπτον
3571 1483 3817 1540 κίνδυνον

2157 1573 2344 1629 ἐνιέναι
2374 1577 2472 1644 τὴν
2503 1573 2777 1648 στρατιὰν,
2815 1570 2954 1646 μηδὲ
3003 1578 3082 1646 τῷ
3145 1569 3469 1649 βαρϐαρίκῷ
3522 1575 3597 1636 εἰς
3644 1577 3793 1648 τοῦμ

2156 1665 2312 1744 φανὲς
2369 1663 2925 1736 ἀντιπαρατάττεσθαι
2983 1661 3207 1732 πλήθει,
3293 1660 3510 1724 πολλὰς
3573 1664 3666 1737 μὲν
3717 1663 3810 1719 ἐπ-

2155 1750 2480 1828 ανῃρημένῳ
2531 1751 2704 1818 νίκας,
2763 1755 2881 1811 ταῖς
2940 1747 2996 1805 δὲ
3053 1753 3178 1824 παρ’
3236 1749 3434 1806 ἐλπίδα
3514 1758 3816 1828 γαυριῶντι

2155 1843 2377 1921 τύχαις,
2423 1841 2873 1915 μυριανθρώπους
2931 1860 2990 1896 τε
3045 1840 3135 1894 καὶ
3195 1839 3248 1900 ἐς
3307 1840 3368 1896 τὸ
3426 1837 3645 1916 ἀκριϐὲς
3689 1832 3819 1896 καθ’

2157 1929 2507 2004 ωπλισμὲνας
2539 1929 2911 2010 ἐπιφερομένῳ
2953 1930 3049 1991 τὰς
3079 1929 3390 2008 φάλαγγας
3423 1932 3514 1985 καὶ
3568 1929 3811 2004 μάλιστα

2155 2021 2520 2097 εὐαρίθμητόν
2576 2041 2633 2076 τε
2689 2023 2788 2091 τήν
2847 2021 3102 2095 στρατιὰν
3176 2021 3265 2076 καὶ
3347 2020 3446 2076 οὐκ
3499 2021 3804 2100 ἀξιόχρεων

2155 2112 2320 2172 αὐτὸς
2353 2110 2709 2187 ἐπαγόμενος,
2761 2111 3175 2188 κατεπτηχυῖάν
3226 2131 3283 2165 τε
3335 2111 3432 2170 τὰς
3479 2117 3586 2165 τῶν
3637 2112 3811 2187 Ἀγα-

2158 2207 2332 2276 ρηνῶν
2389 2199 2682 2273 εὐημερίας
2739 2199 2830 2253 καὶ
2888 2200 2954 2254 τὰ
3037 2201 3154 2253 καθ’
3241 2199 3470 2269 ἑκάστην
3554 2201 3817 2274 τρόπαια·

2154 2289 2539 2369 κατειληφέναι
2591 2287 2648 2344 δὲ
2700 2288 2914 2364 μᾶλλον
2965 2290 3032 2344 τὰ
3081 2287 3470 2363 ἐπικαιρότατα
3525 2290 3617 2344 καὶ
3673 2311 3816 2362 κρη-

2160 2377 2345 2454 μνώδη
2381 2385 2488 2436 τῶν
2522 2379 2724 2458 χώρων
2753 2379 2844 2434 καὶ
2875 2377 3238 2457 προλοχίζειν
3280 2379 3417 2434 κατὰ
3475 2383 3669 2447 ταῦτα,
3718 2379 3811 2434 καὶ

2155 2471 2251 2530 τὰς
2296 2467 2566 2542 διεξόδους
2629 2469 2945 2542 ὑποτηρεῖνο
2998 2468 3337 2538 ὑπαντιάζειν
3393 2489 3451 2523 τε
3507 2474 3625 2529 τοῖς
3684 2471 3815 2543 βαρ-

2157 2554 2348 2634 ϐάροις
2397 2556 2449 2612 ἐν
2504 2562 2622 2620 ταῖς
2681 2555 3005 2638 ἐπισφαλέσι
3062 2558 3154 2612 καὶ
3209 2553 3646 2637 ἀμφιταλάντοις
3702 2562 3812 2612 τῶν

2156 2646 2469 2722 ἀταρπιτῶν
2517 2649 2586 2716 ⁸⁸,
2645 2647 2736 2702 καὶ
2793 2650 3069 2722 καρτερῶς
3140 2645 3518 2723 ἀγωνίζεσθαι,
3575 2645 3812 2714 ὁπηνίκα

2155 2736 2247 2790 καὶ
2281 2732 2596 2790 διοδεύοιεν.

2229 2825 2296 2902 γ’·
2329 2823 2488 2882 Οὕτω
2518 2822 2584 2895 δὴ
2637 2825 3128 2904 γνωσιμαχήσαντι
3157 2824 3206 2859 ⁸9
3243 2824 3334 2879 καὶ
3387 2821 3812 2899 βουλευσαμένῳ

2157 2920 2235 2988 τῷ
2263 2920 2554 2992 στρατηγῷ
2615 2913 2802 2970 Λέοντι
2852 2913 3058 2985 ἐπῆλθε
3116 2918 3248 2986 (44),
3307 2915 3398 2970 καὶ
3453 2913 3646 2991 λόγοις
3709 2915 3818 2969 ὑπ-

2156 3001 2379 3077 αλεῖψαι
2410 3005 2509 3073 τήν
2563 3005 2817 3078 στρατιὰν
2858 3009 2969 3074 (45)
3018 3003 3107 3058 καὶ
3163 3001 3533 3079 παραινέσεων
3584 3005 3668 3076 [Ρ.
3728 3008 3816 3073 l2]

2155 3091 2476 3166 ἐπιρῥῶσαι,
2511 3093 2649 3147 κατὰ
2693 3098 2800 3148 τῶν
2861 3087 3151 3167 βαρϐάρων
3203 3093 3362 3162 ἡνίκα
3412 3089 3524 3147 δέοι
3584 3099 3812 3170 χωρεῖν,

2159 3181 2250 3236 καὶ
2308 3178 2752 3256 θαρῥαλεωτέραν
2803 3179 3130 3259 ἐργάσασθαι
3185 3182 3322 3256 πρὸς
3378 3182 3470 3236 τὸν
3540 3179 3813 3254 πόλεμον.

2167 3271 2458 3330 Διαναστὰς
2491 3271 2579 3324 οὖν
2609 3269 2697 3326 ἐπὶ
2724 3276 2820 3326 τοῦ
2870 3269 3117 3341 πλήθους
3165 3271 3255 3325 καὶ
3306 3271 3500 3346 μικρὸν
3546 3268 3819 3347 ἐπισχὼν,

2169 3360 2427 3429 τοιαύτην
2457 3359 2732 3436 εἰσηγεῖτο
2761 3360 3090 3433 παραίνεσιν·
3145 3385 3172 3410 ‹‹
3201 3361 3377 3416 Ἀπαν
3433 3360 3526 3434 μὲν
3578 3359 3639 3413 τὸ
3690 3362 3819 3413 καθ’

2157 3448 2297 3522 ὑμᾶς
2335 3453 2446 3520 (46)
2505 3454 2692 3527 στῖφος
2752 3445 2910 3510 εἰδὼς
2963 3447 3202 3523 ἄριστον,
3265 3447 3309 3502 ὦ
3375 3453 3822 3524 συστρατιῶται,

2157 3537 2459 3614 αὐτουργόν
2490 3558 2548 3593 τε
2603 3537 2668 3593 τὰ
2725 3535 2990 3611 πολέμια,
3058 3538 3149 3592 καὶ
3195 3545 3459 3606 τακτικῆς
3521 3535 3820 3612 ἐμπειρίας

2161 3625 2457 3694 ὑπόπλεον,
2516 3623 2604 3682 ἐπὶ
2662 3629 2761 3696 τήν
2793 3626 2972 3683 Ἀσίαν
3021 3628 3049 3681 ὁ
3105 3627 3287 3688 κοινὸς
3338 3625 3662 3705 ἀμφοτέρων
3721 3622 3822 3681 δε-

2157 3716 2367 3784 σπότης
2395 3714 2486 3770 καὶ
2521 3713 2799 3790 βασιλεὺς,
2854 3716 3162 3790 κάμνουσαν
3218 3711 3326 3785 ἢδη
3387 3716 3477 3770 καὶ
3533 3713 3621 3770 ἐπὶ
3681 3715 3822 3790 γόνυ

2155 3801 2483 3877 κεκλιμένην
2529 3809 2649 3865 ταῖς
2701 3809 2798 3860 τοῦ
2854 3799 3118 3880 Χαμϐδὰν
3173 3801 3549 3879 καταδρομαῖς
3602 3825 3660 3858 τε
3717 3805 3824 3860 καὶ

2155 3898 2480 3968 προνομαῖς,
2507 3891 2632 3967 ἐμοὶ
2689 3896 2789 3964 τὴν
2841 3901 2942 3964 τῆς
2997 3895 3295 3971 ἡγεμονίας
3349 3893 3665 3974 ἐγχειρισας
3718 3893 3830 3968 ἀρ-

2157 3985 2289 4061 χὴν,
2347 3977 2640 4038 διεϐίϐασε.
2703 3987 2956 4057 Παραινῶ
3039 3983 3216 4039 τοίνυν
3271 3983 3360 4038 καὶ
3419 3979 3817 4056 ωμόουλεᾶω,

2156 4071 2266 4150 οὐχ
2295 4071 2445 4133 ὃπως
2476 4072 2731 4149 γενναίως
2763 4071 3129 4142 ἆντιτάξοισθε
3176 4078 3293 4133 τοῖς
3343 4071 3565 4150 ἐχθροῖς
3622 4073 3824 4144 (οἶμαι

2155 4161 2260 4238 γὰρ
2311 4163 2388 4236 μὴ
2452 4158 2658 4217 δεῖσθαι
2713 4160 2899 4240 λόγων
2958 4163 3098 4236 ὑμᾶς
3157 4161 3453 4239 ἐναγόντων
3509 4161 3562 4222 ἐς
3619 4161 3820 4218 εὐτολ-

2159 4250 2307 4323 μίαν,
2339 4251 2426 4311 οἴς
2458 4248 2506 4320 ἐξ
2560 4249 2786 4306 ἁπαλῶν
2840 4247 3056 4326 ἀνδρεία
3109 4252 3244 4324 μετὰ
3298 4249 3516 4325 τόλμης
3575 4250 3819 4322 ἐξήσκη-

2153 4343 2285 4410 ται),
2336 4337 2463 4395 ἀλλ’
2525 4341 2599 4402 ὡς
2655 4339 2714 4396 ἄν
2772 4340 2967 4416 ἄριστα
3019 4339 3448 4416 βουλευσάμενοι
3505 4343 3817 4417 καταγωνέ-

2154 4430 2336 4482 σοισθε
2394 4430 2486 4484 τὸν
2537 4429 2735 4509 ἐχθρόν
2792 4429 3044 4506 Πόλεμος
3101 4431 3204 4508 γὰρ
3288 4430 3348 4486 οὐ
3434 4435 3696 4487 τοσοῦτον
3759 4431 3817 4501 ἐξ

1608 4597 1668 4652 C.
1711 4597 1772 4653 Β.
1815 4598 2000 4654 HASII
2041 4601 2598 4659 ANNOTATIONES.

463 4747 507 4783 ³⁷
543 4740 818 4804 ἀλλαττάς
847 4761 906 4798 τε
934 4741 1066 4800 cod.
1141 4741 1187 4777 ⁸⁸
1216 4738 1561 4814 αὐταρπιτῶν
1593 4738 1722 4796 cod.
1797 4739 1844 4775 ³⁸
1871 4759 2047 4814 γνωσο

2159 4744 2369 4822 ιήσαντι
2391 4744 2525 4801 cod.

465 4916 577 4990 (43)
607 4912 952 4990 Hic_10c_us§
995 4913 1153 4990 lianc
1197 4912 1428 4964 Leonem
1482 4923 1695 4990 usque.
1731 4909 1805 4964 ad
1832 4909 2044 4990 ﬁnem

2159 4909 2538 4990 αλειφομένην.
2559 4915 2724 4990 ldem
2750 4915 2891 4972 ibid.
2920 4916 3046 4990 134.
3076 4917 3136 4970 C.
3163 4915 3198 4983 ἡ
3221 4913 3314 4990 ἀπ’
3330 4911 3534 4990 ἐκείνου
3560 4909 3820 4990 ἆνᾷδοσις

392 4981 602 5058 capitis
633 5001 668 5039 a
695 4982 1076 5058 Combeﬁs‘ioi
1111 4997 1451 5049 conversus,
1512 4985 1776 5036 servatus
1831 4981 2048 5055 legitur

391 5055 565 5130 apud
581 5056 823 5130 Pagium
855 5056 964 5130 Ill,_
983 5055 1106 5130 8_76.

463 5128 575 5202 (44)
608 5119 780 5202 Apud
805 5119 1112 5202 Agathiam
1145 5119 1446 5198 προσῆλθε,
1506 5125 1593 5178 56.
1631 5124 1694 5178 D.
1730 5124 1792 5178 in
1842 5125 2042 5196 phrasi

395 5196 571 5274 quam
607 5196 717 5274 Leo
734 5196 1030 5274 respexit,

461 5275 571 5345 (4-5)
601 5271 814 5345 Confer
850 5261 1177 5345 .Agathiam
1208 5267 1294 5320 27.
1344 5265 1409 5345 Β...
1451 5261 1795 5345 Ὑπαλείφειν
1851 5273 2043 5345 gnem-

388 5335 631 5418 ph‘ori’ce
655 5335 1198 5418 ιὶὶοξ-ριεο’ῐηοίεατςεζ
1226 5335 1526 5418 poncitafe,
1552 5335 2042 5418 jam'Stephanus

388 5405 623 5472 inonuit
652 5415 713 5468 in
745 5405 1091 5480 Thesauro,
1116 5407 1366 5469 Addam,
1409 5405 1711 5480 eleganter
1769 5405 2038 5480 usurpari

389 5489 461 5543 de
495 5480 988 5557 vaporibus,_qui
1049 5479 1240 5557 rigant
1270 5482 1472 5557 ‘atque
1531 5475 1932 5557 hunmectant:
1951 5483 2042 5537 Sic

387 5561 444 5614 S.
479 5546 792 5627 Gregorius
820 5546 1081 5627 Nissen.
1121 5546 1213 5601 Vde
1267 5546 1428 5627 hom.
1493 5546 1727 5616 opiﬁcio
1760 5549 1802 5602 Ι.
1836 5551 1934 5627 ,69.
1971 5557 2036 5627 ᾼ.

387 5617 800 5686 membranam
833 5617 1144 5690 cerebrum
1167 5617 1953 5690 ambire,_1tepmtuqaopévnv
1988 5622 2038 5676 ἐν

381 5701 558 5788 ιαυτῇ
587 5695 678 5748 τὸν
736 5689 1056 5769 ἐγκέφαλον,
1110 5689 1200 5743 καὶ
1255 5692 1372 5750 τοῖς
1425 5685 1626 5753 ἐκεῖθεν
1684 5685 1880 5763 ἀτμοῖς
1911 5685 2038 5748 ’ὑπ-

2159 4982 2444 5066 ῥπαλείὲρει
2478 4982 2487 4984 ἡ
2527 4986 2618 5066 τον
2681 4986 3054 5066 ’περιεκτικὸν
3091 4982 3196 5066 τ-οὖ
3249 4983 3568 5066 ἐγκεφάλου.
3621 4983 3812 5066 ὑμένα.

2159 5057 2322 5130 Unde
2363 5057 2777 5130 metaphorice'
2825 5059 2978 5114 sicut
3034 5057 3299 5130 imbuere
3333 5057 3489 5130 apud
3518 5057 3817 5130 latinos.

2155 5128 2211 5205 ξ.
2248 5123 2722 5205 ignauus—Epist.
2770 5133 2856 5186 19.
2906 5138 2972 5205 ΑΛ.
3029 5125 3126 5205 ἐμὲ
3176 5128 3282 5205 γὰρ
3339 5123 3448 5205 ἔδει
3505 5127 3601 5205 ῥφ’
3661 5127 3820 5205 ὑμιῖιν

2155 5197 2552 5277 61r_a_XeupOﬁvat
2585 5197 2791 5267 πίστει,
2832 5197 3110 5277 νουθεσία,
3169 5197 3439 5272 ὗπὸμονῆ.
3501 5197 3589 5254 Ita
3649 5200 3818 5277 enim

2153 5271 2410 5327 arbitror
2438 5289 2635 5327 veram
2667 5289 2798 5342 esse
2831 5271 3168 5328 lectionem.
3205 5271 3381 5328 Vetus
3403 5274 3700 5342 interpres
3729 5272 3819 5324 vi-

2153 5343 2326 5421 detur
2351 5343 2562 5421 legisse
2608 5341 3014 5421 ὑποληφθῆναι·
3073 5345 3269 5421 vertit,
3312 5360 3396 5398 me
3443 5341 3594 5421 enini
3635 5357 3815 5421 opor-

2153 5418 2258 5493 tuit
2287 5433 2321 5470 a
2350 5412 2518 5493 vobis
2541 5419 2762 5493 suscipi.
2809 5412 3365 5493 '_S_implex_a’z).eicpsw
3413 5430 3518 5485 pro
3573 5412 3816 5467 incitare

2151 5487 2332 5542 habet
2363 5487 2450 5542 vel
2481 5487 2786 5542 Cedrenus
2823 5488 2887 5543 ll.
2922 5487 3044 5542 678.
3083 5488 3147 5541 D.

2221 5560 2336 5627 (46)
2368 5560 2507 5622 Qum
2541 5559 2650 5614 Leo
2682 5559 2907 5614 Phocas
2948 5559 3043 5613 hic
3089 5558 3495 5620 concionatur,
3551 5555 3812 5627 imitatio

2321 5629 2609 5756 oriagiionés
2641 5630 2908 5686 Belisarii
2941 5629 3015 5685 ad
3058 5630 3384 5685 exercitum
3433 5625 3590 5699 apud
3640 5630 3805 5698 Aga-

2221 5718 2340 5756 1am
2493 5743 2506 5756 .
2589 5743 2600 5756 .

2152 5701 2340 5757 thiam
2383 5705 2506 5757 161.
2539 5701 2600 5756 C.
