4084 6202
319 404 445 466 689

1710 407 2104 467 HISTURl/E
2145 409 2292 469 LIB.
2342 410 2414 469 ΙΙ.

3622 409 3747 469 690

328 535 634 593 ἀντιπάλου
690 538 1078 611 κατορθοῦσθαι
1128 534 1303 610 ῥοπῆς
1351 540 1556 605 εἴωθεν,
1606 539 1729 592 ὅσον
1788 534 1978 593 εὐϐου-

2098 542 2302 612 partis.
2338 543 2547 615 COpias
2579 543 2673 598 2|
2712 542 2970 596 hostium
2995 557 3100 612 per
3124 542 3232 595 hos
3254 558 3495 613 campos
3523 544 3745 598 effusas

333 625 458 687 λίας
487 625 710 699 προνοίᾳ
740 625 829 679 καὶ
860 625 1167 699 τροπαίωνῖ
1190 623 1453 702 ἐπαγωγῆ
1516 623 1984 703 ῥᾳδιουργουμένῃ

329 714 466 768 κατὰ
507 713 713 786 καιρόν.
771 715 886 781 Τήν
945 712 1037 785 μὲν
1097 711 1187 766 οὖν
1244 714 1541 786 παράταξιν
1601 720 1708 768 τῶν
1765 713 1987 793 ἐχηρῶν

324 801 410 857 ἴτε
439 807 645 879 σαφῶς,
681 801 780 871 ὅση
818 798 907 856 διὰ
952 807 1059 856 τῶν
1115 799 1247 874 τῇδε
1294 799 1495 857 πεδίων
1548 801 1859 882 ἐκκέχυται,
1912 806 1986 864 ὡς

326 890 518 961 πολλή
575 889 633 945 τέ
688 889 801 945 ἐστι
866 890 957 945 καὶ
1017 891 1249 965 ἀριθμὸν
1311 887 1724 965 ὑπερϐαίνουσά
1780 896 1878 962 τὴν
1932 891 1988 948 δὲ

326 982 447 1035 καθ’
503 982 651 1053 ἡμᾶς
710 980 965 1054 στρατιὰν
1025 979 1266 1056 γενναίαν
1326 981 1419 1053 μὲν
1462 981 1553 1035 καὶ
1614 985 1858 1051 νεανικὴν
1916 985 1984 1056 τῇ

327 1091 387 1124 τε
419 1067 582 1143 ῥῶμῃ
615 1068 706 1123 καὶ
755 1074 872 1129 τοῖς
913 1071 1225 1147 φρονήμασι
1268 1069 1359 1123 καὶ
1408 1070 1570 1130 αὐτὸς
1622 1070 1755 1124 εἶναί
1815 1091 1982 1149 φημι·

326 1156 533 1227 πλήθει
559 1155 616 1212 δὲ
645 1158 735 1212 καὶ
790 1163 909 1218 ταῖς
956 1156 1221 1236 φάλαγξιν
1272 1158 1370 1213 οὐκ
1414 1158 1473 1213 ἄν
1521 1158 1653 1237 φαίη
1706 1180 1788 1219 τις
1845 1159 1987 1228 ἀξιό-

330 1268 517 1324 μαχον
547 1251 680 1319 (471.
718 1252 807 1301 Δεῖ
850 1247 939 1301 οὖν
980 1247 1291 1320 Ῥωμαίους
1351 1246 1506 1308 ὄντας
1563 1248 1986 1326 μεμηχανῆσθαί

326 1361 385 1394 τε
415 1340 507 1393 καὶ
543 1334 939 1413 βεϐουλεῦσθαι
993 1335 1222 1399 δεόντως
1280 1337 1332 1393 ἐν
1389 1344 1506 1399 τοῖς
1562 1338 1792 1413 ἀπόροις
1849 1337 1987 1408 ἐξευ-

326 1426 533 1500 ρίσκειν
565 1428 632 1483 τὰ
661 1428 970 1506 πρόσφορα,
1028 1426 1297 1502 αἱρεῖσθαί
1355 1449 1412 1483 τε
1470 1428 1576 1502 πρὸ
1634 1434 1742 1482 τῶν
1796 1426 1984 1483 δεινῶν

321 1518 392 1570 τὰ
423 1516 781 1596 ξυμφέροντα.
832 1519 919 1586 Μή
978 1517 1067 1571 οὗν
1123 1516 1408 1594 ἀλογίστῳ
1467 1522 1607 1597 φορᾷ
1662 1518 1752 1572 καὶ
1805 1539 1983 1592 παρα-

324 1602 522 1668 ϐόλοις
579 1605 939 1680 τολμήμασιν
996 1606 1071 1667 εἷς
1143 1612 1423 1681 προῦπτον
1506 1606 1983 1681 αὐτομολήσωμεν

323 1696 571 1769 ὄλεθρον.
615 1694 812 1771 Τόλμα
868 1696 972 1773 γὰρ
1029 1693 1377 1774 ἀχαλίνωτος
1431 1696 1483 1758 ἐς
1532 1694 1769 1752 κίνδυνον
1826 1696 1982 1753 εἶ’ωθε

325 1792 604 1854 συνωθεῖν,
651 1788 686 1855 ἡ
748 1782 805 1840 δὲ
864 1786 999 1859 μετὰ
1058 1783 1333 1862 λογισμοῦ
1382 1784 1655 1861 μέλλησις
1699 1783 1980 1856 διασώζειν

326 1872 448 1929 οἶδε
475 1876 601 1935 τοὺς
629 1873 1005 1953 κεχρημένους
1036 1874 1198 1948 αὐτῇ.

401 1962 470 2022 δ’.
524 1991 551 2017 ‹‹
615 1970 867 2039 Παραινῶ
916 1970 1228 2041 τοιγαροῦν,
1298 1963 1507 2041 ἄνδρες,
1571 1969 1645 2039 μὴ
1707 1964 1982 2022 διακινδυ-

320 2055 494 2108 νεῦειν
521 2054 658 2129 πρὸς
690 2055 817 2117 τοὺς
858 2049 1168 2129 βαρϐάρους
1209 2053 1296 2109 ἐπὶ
1346 2054 1528 2110 τόπων
1575 2061 1681 2111 τῶν
1725 2053 1982 2111 πεδεινῶν

322 2143 647 2207 άκαθέκτοις
679 2145 1015 2218 ὁρμήμασιν,
1047 2141 1178 2198 ἀλλ’
1227 2143 1314 2199 ἐπὶ
1361 2150 1468 2199 τῶν
1523 2143 1768 2219 ἐρυμνῶν
1816 2144 1984 2200 ἐλλο-

1700 2235 1982 2308 ὑπομένειν

318 2323 499 2403 ἄφιξιν
527 2324 618 2378 καὶ
673 2318 940 2378 διάϐασιν·
997 2329 1293 2393 τηνικαῦτα
1351 2321 1407 2379 δὲ
1464 2324 1692 2386 τούτοις
1745 2324 1983 2401 ὲρῥωμε-

321 2412 568 2487 νέστερον
636 2411 967 2476 ἐπιτίθεσθαι
1023 2412 1113 2467 καὶ
1171 2413 1421 2487 γενναίως
1480 2414 1979 2479 ἀντικαθίστασθαι.

321 2502 509 2576 Ταύτῃ
546 2501 648 2578 γὰρ
683 2502 840 2575 οἶμαι
873 2503 989 2569 (σὺν
1038 2507 1152 2573 Θεῷ
1211 2502 1393 2581 φάναι)
1436 2506 1724 2577 κρατήσειν
1771 2524 1827 2558 τε
1875 2509 1981 2559 τῶν

320 2589 558 2669 ἐχθρῶν,
589 2591 680 2645 καὶ
712 2593 810 2660 τήν
860 2588 1011 2645 λείαν
1065 2593 1272 2645 ἅπασαν
1328 2596 1434 2646 τῶν
1488 2591 1787 2671 ὁμοφύλων
1838 2594 1976 2667 πρὸς

548 2680 942 2736 ἀνασώσασθαι.
1027 2685 1112 2737 Τῶ
1198 2682 1301 2737 γὰο
1380 2680 1779 2737 ἀπροσδοκήτου
1872 2688 1979 2737 τῶν

320 2767 640 2843 ἐπιδρομῶν
698 2767 1028 2824 δουλοῦσθαι
1077 2768 1235 2825 εἷ’ωθε
1280 2771 1345 2825 τὰ
1393 2768 1638 2843 πολέμια
1694 2774 1826 2843 (4-8),
1887 2772 1977 2827 καὶ

321 2864 448 2919 ταῖς
482 2855 772 2937 αἷφνιδίοις
833 2857 1182 2927 ὑπεξελάσεσι
1237 2860 1303 2914 τὰ
1364 2858 1646 2938 ὑπέραυχα
1703 2860 1793 2915 καὶ
1850 2859 1982 2915 ἀλα-

321 2949 513 3017 ζονικὰ
568 2948 767 3026 πέφυκε
826 2950 1149 3027 φρονήματα
1238 2947 1545 3022 θραύεσθαι.
1606 2952 1715 3018 Τήν
1771 2971 1829 3005 τε
1886 2952 1977 3004 οὖν

317 3036 621 3105 ἡλικιῶτιν
671 3037 865 3111 ἀρετὴν
928 3034 1309 3111 διατηροῦντες
1368 3038 1458 3092 καὶ
1518 3040 1616 3107 τὴν
1688 3040 1980 3118 σύντροφον

316 3127 462 3200 πρὸς
494 3127 618 3188 τοὺς
648 3126 861 3203 ἀγῶνας
922 3126 1208 3203 εὐγένειαν,
1264 3132 1379 3190 τοῖς
1426 3124 1682 3188 ἐναντίοις
1729 3128 1981 3183 ὑπαντιά-

320 3224 464 3286 ζετε,
499 3217 588 3272 ὅτε
620 3220 853 3291 σημήνω
884 3223 1004 3278 ταῖς
1036 3216 1312 3291 σάλπιγξι.
1347 3240 1374 3267 ››
1434 3219 1518 3291 [Ρ.
1573 3222 1661 3286 13]
1702 3219 1973 3289 Τοιαύτην

322 3309 420 3380 μὲν
469 3309 497 3361 ὁ
554 3309 857 3384 στρατηγὸς
916 3310 1015 3378 τήν
1066 3308 1377 3381 παραίνεσιν
1442 3306 1768 3385 ἐξηγήσατο·
1829 3310 1857 3363 ὁ
1921 3306 1977 3363 δὲ

318 3397 551 3470 στρατὸς
608 3396 851 3467 ἠλάλαξέ
907 3418 965 3452 τε
1022 3397 1113 3451 καὶ
1189 3396 1542 3468 ἐπεκράτησε,
1628 3399 1718 3452 καὶ
1772 3399 1846 3459 ὡς
1910 3399 1976 3453 τὰ

317 3486 584 3561 κράτιστα
644 3487 957 3559 ὑποθεμένῳ
1005 3486 1040 3560 ᾖ
1092 3485 1153 3540 ἄν
1209 3488 1406 3562 ἡγοῖτο
1490 3485 1710 3541 ’ἔπεσθαι
1769 3488 1974 3561 προθύ-

324 3596 444 3649 μως
473 3579 517 3616 ⁸ο
546 3576 631 3644 ἦν’
668 3572 938 3649 Ἐνέδραις
973 3573 1063 3628 οὖν
1110 3571 1384 3653 διειλήφει
1426 3577 1525 3644 τὴν
1575 3572 1719 3643 ὁδὸν,
1770 3575 1977 3630 ἀποτό-

325 3686 466 3737 μους
516 3666 610 3726 τὰς
658 3664 957 3739 ἀκρωρείας
996 3658 1478 3738 προϐαλλομένην,
1524 3661 1869 3738 κρημνώδεις
1918 3687 1977 3721 τε

319 3754 415 3808 καὶ
470 3750 853 3830 σηραγγώδεις
912 3754 986 3813 ὡς
1043 3752 1108 3808 τὰ
1159 3749 1368 3820 πολλὰ,
1421 3753 1517 3813 τὰς
1589 3752 1860 3828 ὑπωρείας
1921 3751 1976 3808 δὲ

324 3841 701 3918 βαραθρώόεις
766 3864 825 3897 τε
878 3842 969 3897 καὶ
1024 3840 1361 3920 ἀμφιλαφεῖς
1437 3843 1690 3916 πρέμνων
1772 3865 1831 3898 τε
1885 3844 1975 3898 καὶ

319 3929 682 3987 παντοδαπῶν
770 3928 936 3992 ἰδέαις
1021 3936 1219 4009 φυτῶν.
1304 3930 1484 4005 Ταύτῃ
1546 3929 1889 4010 προλοχίσας
1949 3934 1975 3987 ὁ

321 4024 633 4099 στρατηγὸς
675 4024 937 4091 καθῆστο,
996 4023 1093 4091 τήν
1150 4026 1257 4076 τῶν
1317 4016 1607 4095 βαρϐάρων
1662 4021 1977 4095 προσμένων

317 4112 608 4182 ἐπήλυσιν.
637 4114 697 4169 Ὁ
732 4110 788 4167 δὲ
820 4106 1102 4183 Χαμϐδὰν,
1153 4115 1233 4182 τῷ
1286 4132 1343 4165 τε
1389 4108 1589 4178 πλήθει
1638 4116 1745 4165 τῶν
1789 4110 1978 4190 ἐφεπο-

320 4202 498 4273 μένων
554 4203 642 4255 καὶ
703 4206 823 4261 ταῖς
872 4198 1109 4279 φάλαγξι
1174 4194 1622 4273 οσοϐαρευόμενος
1705 4200 1796 4254 καὶ
1852 4222 1978 4276 γαυ-

317 4293 607 4366 ρούμενος,
640 4294 708 4363 τῇ
734 4312 792 4345 τε
822 4295 930 4345 τῶν
962 4288 1218 4366 λαφύρων
1262 4286 1558 4361 πλησμονῇ
1609 4288 1700 4342 καὶ
1750 4292 1818 4362 τῇ
1869 4294 1976 4343 τῶν

316 4379 700 4458 αἰχμαλώτων
783 4379 1057 4454 ἀπαγωγῇ
1142 4376 1497 4450 ἐπαιρόμενός
1554 4398 1611 4431 τε
1669 4377 1759 4431 καὶ
1828 4379 1977 4452 βρεν-

315 4470 603 4542 θυόμενος,
658 4467 874 4529 πολλὰς
952 4466 1087 4520 κατὰ
1173 4465 1370 4539 θάτερα
1453 4465 1547 4527 τὰς
1633 4464 1973 4535 ἐπεξελάσεις

316 4560 561 4614 ἐποιεῖτο
610 4562 745 4630 (49),
800 4556 880 4635 ἐφ’
921 4555 1098 4611 ἵππου
1157 4552 1379 4624 θηλείας
1438 4556 1529 4609 καὶ
1590 4557 1820 4631 μέγεθος
1879 4558 1972 4611 καὶ

322 2240 543 2311 χῶντας
601 2233 831 2289 τουτωνὶ
913 2232 1138 2311 χωρίων
1212 2236 1309 2304 τὴν
1392 2232 1607 2289 ἐκείνων

319 2683 473 2752 ἡμᾶς
548 2680 942 2736 ἀνασώσασθαι.
1027 2685 1112 2752 Τῷ
1198 2682 1301 2757 γὰρ
1380 2678 1779 2755 ἀπροσδοκήτῳ

2011 1906 2060 1971 Β

2096 631 2278 701 probe
2310 633 2497 687 nostis
2532 638 2616 686 tot
2647 648 2774 687 esse
2796 636 2861 686 ut
2887 646 3204 685 numerum
3228 638 3545 702 superent:
3583 650 3747 688 exer-

2093 720 2276 775 citum
2308 728 2577 776 nostrum
2611 720 2975 791 intrepidum
3007 724 3066 773 et
3094 720 3352 774 alacrem
3376 722 3587 776 virtute
3622 723 3747 777 ani-

2094 826 2310 880 moque
2332 828 2461 865 esse
2476 811 2567 866 vel
2590 812 2716 881 ipse
2738 809 2954 863 fateor:
2978 808 3363 864 multitudine
3379 811 3749 881 catervisque

2094 900 2357 955 militum
2374 901 2786 954 ﬁrmissimum
2812 898 2885 952 ad
2909 914 3166 969 pugnam
3190 915 3365 952 nemo
3390 898 3561 953 facile
3585 900 3751 953 dixe-

2094 988 2188 1041 rit.
2254 990 2511 1043 Proinde
2580 988 2889 1051 debemus,
2945 987 3431 1057 quandoquidem
3492 990 3745 1043 Romani

2094 1094 2299 1131 sumus
2339 1095 2592 1133 acumen
2640 1077 3079 1146 consiliumque
3130 1076 3393 1131 debitum
3436 1076 3742 1144 adhibere,

2094 1166 2597 1236 quemadmodum
2638 1167 2697 1220 in
2730 1166 2857 1220 loco
2900 1164 3130 1218 difﬁcili
3183 1166 3489 1219 constituti
3531 1182 3741 1220 conve-

2094 1255 2323 1309 nientia
2345 1255 2737 1320 inveniamus,
2765 1253 3053 1323 utiliaque
3075 1253 3272 1323 potius
3294 1271 3471 1325 quam
3497 1255 3747 1309 exitiosa

2092 1344 2349 1398 consilia
2378 1344 2703 1415 capiamus.
2738 1345 2817 1397 Ne
2843 1343 3021 1413 igitur
3048 1342 3497 1398 inconsiderato
3520 1344 3747 1414 impetu

2090 1433 2369 1503 ausisque
2398 1433 2733 1487 temerariis
2756 1432 2813 1485 in
2838 1437 3103 1502 apertam
3128 1448 3372 1485 ruamus
3395 1432 3741 1501 perniciem.

2091 1522 2233 1575 Nam
2269 1523 2554 1577 effrenata
2584 1519 2830 1576 audacia
2863 1520 2923 1575 in
2964 1519 3297 1591 periculum
3356 1520 3508 1574 solet
3556 1521 3743 1591 conji-

2090 1629 2248 1678 cere,
2289 1613 2587 1667 cunctatio
2647 1630 2781 1667 cum
2841 1611 3070 1684 judicio
3130 1612 3452 1683 conjuncta
3509 1628 3740 1666 servare

2088 1706 2283 1773 potest
2313 1702 2449 1757 illos
2481 1703 2579 1773 qui
2615 1719 2681 1757 ea
2711 1706 2979 1758 utuntur.

2161 1972 2215 2024 4.
2250 1993 2277 2020 ‹‹
2314 1972 2505 2036 Quare
2538 1988 2636 2025 vos
2675 1970 2901 2035 hortor,
2956 1969 3415 2036 commilitones,
3469 1986 3546 2023 ne
3597 1968 3745 2024 locis

2092 2061 2524 2131 campestribus
2556 2061 2617 2114 in
2649 2061 2971 2115 discrimen
3005 2078 3102 2114 vos
3136 2059 3416 2114 adversus
3462 2058 3745 2112 barbaros

2093 2148 2507 2221 intemperatis
2540 2149 2982 2204 incursionibus
3009 2149 3294 2216 afferatis,
3330 2164 3531 2202 verum
3565 2152 3650 2213 ut,
3684 2147 3745 2202 in

2092 2239 2436 2308 regionibus
2468 2246 2683 2294 natura
2713 2240 2959 2293 munitis
2991 2239 3110 2293 illis
3134 2237 3507 2302 insidiantes,
3537 2252 3742 2292 eorum

2098 2329 2525 2399 praestolemini
2556 2330 2870 2384 adventum
2904 2346 2965 2383 se
2998 2328 3345 2383 transitum:
3380 2333 3519 2381 tunc
3541 2331 3740 2382 autem

2092 2423 2157 2471 ut
2182 2418 2414 2474 fortiter
2444 2435 2543 2474 eos
2584 2419 2775 2473 adorti
2802 2420 3017 2473 acriter
3044 2435 3170 2472 rem
3197 2417 3432 2485 geratis.
3461 2416 3551 2470 Sic
3581 2416 3741 2470 enim

2091 2507 2304 2577 Opinor
2333 2512 2500 2579 (pace
2535 2508 2805 2562 Numinis
2838 2507 3110 2578 dixerim)
3143 2523 3253 2561 nos
3274 2512 3330 2560 et
3360 2511 3742 2576 superaturos

2092 2595 2315 2660 hostes,
2351 2602 2410 2650 et
2460 2596 2721 2667 praadam
2779 2612 3017 2651 omnem
3076 2594 3470 2667 p0pularibus
3524 2594 3745 2647 nostris

2091 2691 2353 2756 ereptam
2384 2692 2750 2757 recepturos.
2786 2686 3017 2740 Habent
3044 2685 3203 2740 enim
3238 2685 3349 2738 hoc
3401 2681 3744 2747 adversarii,

2090 2781 2155 2829 ut
2172 2775 2507 2846 improvisis
2525 2775 2929 2847 percellantur
2946 2773 3305 2839 incursibus,
3321 2778 3503 2843 utque
3517 2788 3746 2844 aggres-

2090 2864 2358 2919 sionibus
2390 2865 2721 2936 repentinis
2754 2865 2891 2919 elati
2920 2870 3097 2934 atque
3152 2863 3509 2933 impotentes
3558 2859 3743 2916 animi

2091 2971 2295 3009 eorum
2319 2955 2687 3027 frangantur.
2727 2957 2810 3009 Ita
2834 2954 3161 3026 juvenilem
3193 2954 3471 3008 virtutem
3504 2968 3740 3007 servan-

2090 3047 2583 3111 tes,etassuetam
2613 3044 2672 3097 in
2697 3042 2919 3114 prmliis
2950 3042 3430 3114 generositatem,
3464 3040 3741 3095 adversa-

2090 3132 2194 3187 riis
2226 3134 2543 3199 occurrite,
2578 3132 2679 3187 ubi
2714 3132 2872 3186 tubis
2904 3132 3137 3203 signum
3170 3131 3405 3185 dedero.
3439 3151 3461 3181 ι
3488 3129 3606 3184 Ilac
3638 3130 3742 3183 ha-

2087 3220 2211 3275 bita
2242 3222 2510 3277 oratione
2543 3238 2577 3277 a
2606 3221 2778 3286 duce,
2810 3222 3123 3283 exercitus,
3161 3220 3261 3275 22
3290 3218 3548 3274 clamore
3577 3218 3745 3287 plau-

2087 3327 2273 3380 suque
2307 3311 2537 3365 sublato
2572 3316 2812 3381 paratus
2846 3315 2972 3363 erat
3011 3325 3168 3377 eum,
3214 3314 3279 3363 ut
3328 3308 3553 3378 optima
3607 3321 3742 3360 sua-

2086 3399 2347 3465 dentem,
2384 3400 2554 3470 sequi
2588 3414 2964 3470 quacumque
2996 3398 3258 3452 duceret.
3292 3395 3547 3450 Proinde
3594 3394 3740 3447 insi-

2086 3488 2200 3543 diis
2224 3489 2337 3542 iter
2358 3488 2725 3558 cingit,quod
2742 3504 2877 3542 cum
2894 3486 3209 3541 cacumina
3224 3483 3737 3556 praerupta,ardua

2088 3583 2144 3630 et
2173 3593 2492 3631 cavernosa
2523 3594 2666 3631 sane
2698 3576 3111 3647 protendebat,
3174 3581 3298 3630 tum
3339 3574 3517 3629 dorsa
3566 3588 3734 3626 mon-

2088 3666 2234 3720 tium
2265 3666 2632 3738 voraginosa,
2668 3666 2830 3720 Silvis
2854 3671 2911 3719 et
2940 3665 3229 3735 cujusque
3252 3663 3413 3718 modi
3447 3661 3729 3733 stirpibus

2086 3762 2348 3826 opacata.
2375 3756 2458 3809 Ibi
2484 3755 2717 3810 insidiis
2738 3760 2877 3810 ante
2898 3754 3105 3826 positis
3124 3759 3341 3824 prastor
3360 3751 3729 3817 consederat,

2086 3845 2472 3899 barbarorum
2532 3852 2880 3916 exspectans
2946 3844 3281 3898 adventum.
3363 3840 3729 3907 Chambdan,

2087 3931 2579 4006 subsequentium
2614 3934 2995 3989 multitudine
3026 3935 3392 4004 catervisque
3439 3933 3624 3987 fretus
3678 3937 3736 3985 et

2090 4023 2376 4092 insolens,
2408 4041 2600 4095 neque
2633 4024 2832 4078 minus
2864 4023 3053 4077 elatus
3082 4028 3259 4093 atque
3319 4021 3608 4093 superbus
3661 4020 3735 4074 ob

2090 4114 2304 4184 prmdze
2332 4115 2563 4184 copiam
2578 4130 2756 4183 quam
2775 4112 2848 4167 ob
2870 4112 3333 4167 abstractionem
3347 4112 3732 4183 captivorum,

2086 4201 2434 4271 frequenter
2462 4207 2716 4271 utroque
2746 4200 3156 4270 procurrebat,
3190 4205 3389 4254 vectus
3422 4216 3593 4269 equa,
3610 4204 3737 4252 tum

2086 4290 2514 4362 magnitudine,
2545 4296 2670 4344 tum
2690 4290 3039 4360 pernic1tate
3064 4287 3552 4359 singulari,modo
3572 4286 3735 4340 clau-

2086 4381 2234 4435 dens
2266 4379 2440 4433 modo
2464 4378 2822 4433 antecedens
2851 4393 3084 4449 agmen,
3108 4376 3377 4430 lanceam
3403 4375 3735 4439 vibrans,ac

2085 4486 2247 4524 nunc
2277 4468 2631 4539 permittens
2663 4469 2844 4531 auris,
2880 4484 3041 4521 nunc
3074 4482 3277 4520 rursus
3308 4465 3624 4535 crispatam
3656 4464 3731 4518 ad

2085 4575 2147 4613 se
2177 4558 2495 4629 recipiens.
2531 4558 2637 4613 Ubi
2670 4573 2805 4612 vero
2866 4573 3108 4611 emensa
3160 4553 3469 4625 equitabili
3514 4554 3610 4609 via
3655 4553 3730 4609 ad

1530 4705 1588 4755 C.
1636 4702 1697 4758 Β.
1742 4702 1929 4757 HASII
1966 4703 2520 4760 ANNOTATIONES.

393 4820 440 4855 4°
470 4818 789 4894 προθύμως.
821 4819 915 4876 Sic
947 4818 1076 4876 cod.

393 4949 505 5017 (47)
564 4947 811 5003 Reddidi
876 4947 1246 5016 ﬁrmissimum
1312 4961 1325 4997 :

308 5036 536 5091 parem.
1276 5078 1279 5081 γ

394 5090 505 5161 (48)
538 5092 647 5145 Leo
681 5091 1021 5161 frequentat
1054 5093 1395 5161 utrumque,
1422 5084 1694 5161 πολέμιος
1724 5085 1973 5141 eti-cole-

319 5156 506 5233 μικός.
541 5161 768 5234 Ἀγαθὸν
790 5156 863 5214 τὰ
895 5156 1136 5234 πολέμια
1164 5162 1250 5234 2Q.
1278 5156 1353 5213 Ὁ.
1410 5160 1497 5234 23.
1560 5160 1619 5213 Β.
1662 5164 1767 5234 _(ex
1806 5162 1970 5234 _A_;za-

319 5228 449 5289 thia
484 5228 781 5302 1748.24.
821 5234 858 5285 Β
916 5234 1002 5287 30.
1039 5228 1128 5302 Β.)
1168 5228 1464 5302 αὐτουργόν
1512 5249 1570 5282 τε
1621 5229 1687 5282 τὰ
1729 5228 1971 5302 πολέμια

318 5310 409 5360 12.
474 5312 537 5358 Α.
581 5300 1135 5376 δραστικώτατοςλτὰ
1176 5297 1445 5376 ’πολεμία
1489 5304 1574 5376 54:.
1761 5297 1970 5376 ἐξήσκει

313 5377 383 5430 τὰ
416 5397 475 5429 π.
525 5369 623 5431 22ί
662 5375 940 5434 νεανικοὺς
1000 5373 1063 5427 τὰ
1098 5369 1342 5443 πολέμια
1392 5375 1475 5443 52.
1542 5374 1600 5443 Β..
1625 5441 1631 5443 Α
1658 5373 1971 5443 Dionysius

313 5466 557 5518 quoque
590 5445 1130 5503 Halicarnassensis
1176 5439 1328 5497 dixit
1381 5441 1448 5518 τὰ
1500 5439 1745 5518 πολέμια
1778 5439 1966 5518 δίέινᾷς.

315 5511 399 5575 De
456 5511 624 5586 Lysia
654 5523 706 5573 5.
749 5521 871 5573 481.
931 5527 998 5573 Α.
1047 5520 1262 5572 Contra
1304 5511 1582 5586 πολεμικά
1632 5511 1742 5568 Leo
1792 5517 1842 5569 3.
1904 5517 1968 5571 D.

314 5592 452 5647 his:
490 5583 574 5647 14.
607 5593 666 5645 C.
702 5592 787 5645 3i.
823 5592 885 5645 Β,
928 5591 1015 5644 39.
1050 5591 1117 5642 Α.
1178 5590 1263 5642 75.
1299 5587 1357 5642 C.
1396 5583 1972 5658 HonépmiAgathias,

313 5679 499 5734 quem
522 5669 727 5717 noster
764 5662 1049 5725 imitatur,
1083 5675 1237 5730 saepe
1268 5660 1354 5734 (ut
1382 5674 1540 5734 n_unc
1563 5657 1811 5734 quidem
1835 5664 1974 5734 sunt

313 5731 457 5807 edd)
488 5735 748 5805 adhibet,
788 5736 873 5791 19.
912 5734 970 5789 Β.
1010 5735 1097 5786 34.
1146 5741 1212 5786 Α.
1266 5732 1355 5786 56.
1408 5731 1468 5784 Β.
1515 5732 1603 5784 60.
1652 5731 1714 5785 Β.
1771 5734 1854 5786 75,
1908 5731 1968 5787 c.

1409 4944 1662 5000 fortasse
1748 4945 1970 5001 rectius

2091 4949 2172 5001 92.
2206 4948 2270 5000 A.
2307 4949 2427 5002 105.
2453 4947 2514 5000 Β.
2554 4949 2671 5001 117.
2708 4947 2767 5003 Β.
2804 4947 2926 5001 159.
2958 4945 3019 5002 C.
3074 4948 3192 5001 101.
3238 4946 3302 5000 Β.
3355 4946 3475 5000 162.
3510 4947 3578 5001 Α.
3630 4964 3730 5000 πο·

2089 5015 2290 5088 λεμικᾶ
2330 5019 2541 5083 rarius,
2604 5020 2725 5072 130.
2786 5020 2847 5074 Β.
2905 5019 3025 5072 160.
3089 5020 3154 5072 Α.
3214 5018 3505 5072 Caaterum
3568 5018 3733 5073 locus

2086 5090 2420 5144 communis
2440 5090 2596 5160 apud
2619 5091 2870 5145 Leonem
2897 5088 3267 5144 commodius
3300 5090 3385 5143 sic
3409 5088 3690 5144 reddatur
3717 5106 3731 5144 :

2081 5162 2235 5230 Szepe
2264 5163 2409 5215 enim
2440 5177 2521 5216 res
2554 5161 2790 5216 hostium
2820 5164 2983 5231 impr.
3044 5163 3153 5215 inc.
3208 5161 3611 5229 percelluntur,
3647 5178 3735 5217 re-

2078 5232 2431 5302 pentinisque
2488 5234 2928 5301 aggressionibus
2979 5235 3309 5300 franguntur
3378 5234 3510 5287 elati
3567 5240 3735 5303 atque

2082 5305 2406 5373 impotentes
2435 5306 2629 5359 animi.
2671 5307 2732 5358 ln
2766 5305 3034 5358 versione
3070 5320 3239 5357 secus
3272 5309 3380 5357 est.

2151 5378 2257 5443 (49)
2318 5377 2499 5430 Voces
2556 5373 2863 5443 ἐπεξέλαςις
2925 5382 2984 5430 et
3042 5373 3356 5442 ὑπεξέλασις
3416 5391 3535 5429 non
3595 5380 3733 5429 sunt

2081 5446 2143 5499 in
2178 5448 2399 5502 Lexicis
2431 5464 2442 5501 :
2481 5448 2590 5503 hac
2618 5449 2802 5503 utitur
2834 5449 2944 5502 Leo
2981 5449 3064 5500 12.
3113 5446 3156 5500 D
3228 5446 3331 5500 illa
3381 5446 3475 5499 hic
3530 5451 3587 5499 et
3638 5448 3724 5499 32.

2083 5521 2147 5572 A.
2181 5520 2268 5573 45.
2304 5520 2361 5590 Β.
2400 5521 2457 5590 C.
2495 5524 2579 5572 77.
2616 5521 2676 5575 C.
2717 5522 2805 5590 82.
2862 5521 2920 5573 Β.
2975 5514 3357 5590 Παρίεξελαῦνω
3553 5518 3613 5570 Β.
3672 5522 3730 5570 et

2081 5591 2168 5642 94.
2204 5590 2261 5643 C.
2294 5589 2404 5650 Τὰς
2438 5588 2716 5651 ἐπελάσεις
2750 5588 3034 5644 ἐποιοῦντο
3059 5588 3263 5643 Ἠεώθι
3303 5588 3579 5660 Agathias
3634 5590 3721 5642 25.
