4084 6202
367 311 481 370 691

1807 307 2088 368 LEONIS
2134 309 2457 372 DlACONl

3662 309 3787 370 692

368 442 568 498 fauces
602 443 1198 515 apprOpinquaverat,
1247 441 1631 512 angustisque
1687 443 1745 493 et
1794 439 2020 510 asperis

2155 441 2338 515 ἱρόμον
2397 441 2700 520 ὑπερφυοῦς
2755 438 3150 518 ἐποχούμενος,
3208 439 3302 494 καὶ
3360 444 3461 509 τῆς
3525 445 3786 514 στρατιᾶς

374 533 525 588 locis
557 533 818 588 conclusi
847 531 1080 587 barbari
1105 530 1230 586 acie
1255 529 1448 585 soluta
1479 534 1542 584 ut
1573 529 1824 600 quisque
1856 532 2024 599 pote-

373 628 468 677 rat
497 638 605 692 per
660 619 992 692 crepidines
1049 618 1412 684 nitebantur,
1472 624 1593 672 tum
1657 616 1795 684 dux,
1855 616 2021 688 signo

377 713 535 768 tubis
560 711 716 776 dato,
752 709 1019 764 excitatis
1051 709 1207 766 circa
1239 725 1366 764 sese
1395 707 1649 776 insidiis,
1698 706 1927 762 obviam
1958 723 2020 762 se

374 799 642 855 barbaris
675 799 907 853 obtulit.

2132 535 2208 597 πῆ
2271 529 2365 602 μὲν
2430 529 2699 606 οὐραγῶν,
2759 537 2833 600 πῆ
2898 526 2955 584 δὲ
3004 527 3316 604 προοδεύων
3383 531 3520 601 (50),
3583 528 3676 584 καὶ
3725 529 3788 583 τὸ

2133 613 2262 690 δόρυ
2295 617 2472 686 σείων,
2505 619 2593 672 καὶ
2627 624 2746 681 ταῖς
2777 613 2966 694 αὔραις
3011 618 3237 693 μεθιεὶς,
3298 619 3396 674 εἴτ’
3439 617 3591 678 αὗθις
3655 619 3789 692 μεθ-

2131 703 2305 761 έλκῶν
2373 707 2510 782 πρὸς
2567 708 2754 763 ἑαυτὸν
2809 705 3252 783 κραδαινόμενον·
3339 708 3491 764 Ἐπεὶ
3571 703 3628 762 δὲ
3690 709 3790 776 τήν

2129 793 2446 866 ἱππήλατον
2477 793 2600 850 ὁδὸν
2631 793 2860 852 διελθὼν
2890 802 3008 859 ταῖς
3050 794 3390 876 δυσχωρίαις
3419 792 3789 872 προσέϐαλλε,

371 888 463 942 καὶ
519 891 635 947 τοῖς
691 885 1046 948 στενωτάτοις
1095 888 1184 943 καὶ
1244 884 1561 960 ἀνωμάλοις
1604 884 2014 956 συνειληθέντες
2073 890 2180 939 τῶν
2235 885 2417 940 τόπων
2465 887 2518 940 οἱ
2581 882 2851 961 βάρϐαροι
2933 889 3033 957 τήν
3107 885 3365 966 φάλαγγα
3446 884 3793 953 διελύσαντο,

371 973 567 1038 καίὥς
597 997 672 1045 πη
707 973 824 1030 ἐνὸν
855 977 920 1044 ἦν
967 976 1200 1049 ἑκάστῳ,
1258 977 1392 1030 κατὰ
1451 973 1750 1050 κρημνώδη
1805 973 2040 1048 διῄεσαν,
2095 977 2387 1044 τηνικαῦτα
2435 981 2554 1037 ταῖς
2613 974 2869 1052 σάλπιγξι
2923 977 2986 1032 τὸ
3046 975 3292 1032 ἐνυάλιον
3352 977 3709 1051 ὑποσημήνας
3762 977 3791 1031 ὁ

372 1063 677 1138 στρατηγὸς
704 1063 794 1117 καὶ
823 1069 931 1118 τῶν
963 1061 1153 1142 λόχων
1184 1061 1539 1134 διαναστήσας
1568 1064 1696 1124 τοὺς
1716 1061 1852 1142 ἀμφ’
1879 1062 2066 1133 αὐτὸν,
2101 1061 2392 1132 ὑπηντίαζε
2427 1069 2542 1126 τοῖς
2574 1059 2894 1140 βαρϐάροις.

449 1198 500 1249 5.
537 1196 624 1249 Ita
655 1193 874 1262 cuncti,
905 1192 1132 1266 gladios
1192 1193 1504 1248 destrictos
1561 1193 1621 1247 in
1670 1209 1885 1247 manus
1933 1208 2025 1246 su-

377 1290 631 1352 mentes,
664 1285 865 1338 hostes
897 1283 1111 1338 itinere
1141 1283 1489 1354 defatigatos
1529 1288 1769 1337 strenue
1800 1280 2024 1337 cecide-

380 1380 542 1439 runt,
574 1391 710 1428 cum
741 1373 855 1444 ipsi
887 1373 1101 1444 integri
1132 1372 1206 1427 ad
1239 1373 1374 1427 illos
1404 1372 2024 1442 accessissent.Neque

380 1464 636 1519 multum
665 1461 852 1517 abfuit
875 1462 1020 1532 quin
1041 1461 1166 1532 ipse
1199 1461 1542 1516 Chambdan
1567 1476 1600 1516 a
1631 1460 1912 1516 Romanis
1937 1477 2026 1515 ca-

381 1558 622 1624 peretur
650 1567 662 1604 :
696 1550 905 1618 nisi,ut
938 1551 1036 1606 23
1066 1558 1188 1606 erat
1216 1550 1363 1605 alias
1391 1556 1598 1605 acutus
1631 1554 1688 1604 et
1718 1554 2026 1621 promptus

383 1641 457 1696 ad
490 1645 649 1694 recta
687 1639 938 1694 consilia
977 1639 1039 1692 in
1072 1638 1524 1693 difﬁcultatibus
1557 1637 2029 1701 invenienda,ar-

383 1739 624 1802 gentum
659 1733 718 1782 et
747 1744 981 1796 aurum,
1016 1727 1172 1797 quod
1204 1743 1402 1781 secum
1433 1731 1786 1798 portaverat,
1809 1733 2028 1781 temere

2207 1190 2263 1245 ε’.
2299 1191 2402 1248 Καὶ
2445 1191 2638 1253 πάντες
2690 1190 2776 1247 ἐπὶ
2833 1197 2940 1248 τῶν
2991 1192 3158 1274 ξιφῶν
3219 1193 3374 1272 εἶχον
3431 1193 3529 1253 τὰς
3588 1188 3793 1262 δεξιὰς,

2133 1279 2221 1332 καὶ
2279 1284 2448 1336 ταῦτα
2505 1282 2840 1356 σπασάμενοι
2896 1282 2937 1320 ⁴¹
2999 1281 3369 1363 έπιστρφάδην
3439 1277 3670 1338 ἔκτεινον
3729 1281 3794 1336 τὸ

2134 1367 2428 1426 ἀντίπαλον
2459 1371 2739 1445 κεκμηκὸς
2782 1375 2851 1446 τῇ
2909 1362 3222 1448 ὁδοιπορίᾳ,
3270 1372 3519 1448 ἀκμῆτες
3545 1372 3600 1408 ⁴²
3637 1362 3794 1426 αὐτοἲ

2136 1459 2316 1531 τούτῳ
2356 1457 2700 1530 πελάζοντες.
2761 1462 2858 1516 Καὶ
2926 1460 3022 1516 κείν
3077 1462 3168 1516 καὶ
3226 1461 3388 1524 αύτὸς
3445 1463 3473 1516 ὁ
3531 1455 3797 1534 Χαμϐδὰν

2137 1545 2263 1617 ἢλω
2326 1553 2524 1623 μικροῦ
2576 1549 2713 1624 πρὸς
2769 1556 2876 1605 τῶν
2942 1551 3231 1627 Ῥωμαίων
3309 1548 3686 1627 δορυάλωτοςσ
3749 1550 3796 1604 εί

2143 1638 2242 1709 μή,
2276 1635 2570 1708 τηνάλλως
2614 1638 2877 1718 ἀγχίνους
2917 1637 2990 1694 ὥν
3046 1641 3143 1695 κὰν
3201 1645 3318 1703 τοῖς
3378 1640 3609 1714 ἀπόροις
3671 1639 3796 1708 ὀξὺς

2141 1723 2388 1794 ἐννοῆσαι
2416 1727 2484 1781 τὰ
2525 1724 2733 1799 δέοντα,
2793 1729 2886 1784 τὸν
2943 1728 3001 1784 ὅν
3058 1728 3346 1810 ἐπεφέρετο
3405 1729 3644 1806 ἄργυρον
3702 1729 3796 1783 καὶ

385 1835 492 1890 per
523 1819 672 1872 viam
706 1817 898 1889 spargi
923 1818 1205 1889 jussisset
1234 1833 1246 1871 :
1282 1834 1400 1888 qua
1427 1835 1490 1872 re
1532 1820 1932 1873 Romanorum
1964 1817 2026 1870 in

2155 1816 2340 1893 (ρυσὸν
2370 1813 2547 1895 χύδην
2577 1815 2665 1873 ἐπὶ
2722 1826 2822 1888 τῆς
2870 1819 3173 1895 ἀτραπιτοῦ
3231 1818 3559 1896 διασπείρειν
3618 1840 3799 1895 προσ-

387 1906 722 1978 colligendo
744 1923 886 1960 auro
909 1911 1330 1977 occupatorum
1349 1907 2032 1978 distractoimpetu,cum

387 1997 594 2070 paucis
623 1995 1060 2068 protectoribus
1091 1996 1421 2067 periculum
1456 1997 1677 2068 effugit.
1717 1998 1900 2051 Tanta
1931 2011 2036 2050 au-

391 2093 512 2141 tem
545 2085 762 2140 dicitur
793 2086 902 2140 hoc
931 2085 1137 2156 praelio
1167 2085 1434 2141 barbaras
1464 2086 1868 2142 multitudinis
1883 2085 2038 2141 facta

393 2191 522 2230 esse
546 2175 766 2245 clades,
795 2181 859 2228 ut
888 2191 995 2246 per
1015 2191 1185 2247 agros
1206 2175 1344 2230 illos
1365 2177 1552 2231 acervi
1580 2177 1803 2232 ossium
1823 2176 2037 2231 huma-

393 2285 609 2323 norum
641 2267 714 2322 ad
744 2268 903 2322 hunc
931 2285 1122 2338 usque
1163 2268 1322 2324 diem
1379 2269 1842 2341 conspiciantur.
1892 2271 2037 2336 Dux,

396 2357 740 2429 bujusmodi
764 2357 1022 2412 victoriis
1040 2375 1106 2413 ac
1129 2359 1564 2431 stratagematis
1585 2359 1808 2431 ingenti
1829 2358 2038 2414 barba-

393 2464 596 2503 rerum
629 2447 1014 2502 multitudine
1048 2447 1346 2503 debellata
1375 2465 1442 2504 ac
1469 2448 1684 2514 deleta,
1725 2453 2040 2520 postquam

389 2542 766 2609 arrogantem
790 2536 1180 2608 jactationem
1231 2537 1599 2594 Chambdani
1638 2538 1699 2592 in
1723 2537 2043 2610 ignobilem

393 2631 572 2697 atque
603 2627 876 2698 ignavam
907 2626 1288 2682 timiditatem
1321 2626 1636 2699 fugamque
1660 2628 2047 2682 convertisset

396 2717 926 2788 compulissetque,
962 2717 1085 2771 suis
1118 2733 1302 2771 unum
1334 2717 1394 2771 in
1425 2716 1626 2771 locum
1656 2718 2044 2790 congregatis,

395 2813 695 2874 convecta,
715 2811 842 2860 tum
855 2805 1188 2874 barbarica,
1205 2811 1330 2861 tum
1346 2806 1525 2861 etiam
1539 2808 1804 2862 Romana
1824 2807 2046 2878 prmda,

396 2913 575 2968 quam
603 2896 664 2950 in
695 2895 1080 2967 populatione
1115 2895 1354 2951 barbari
1372 2895 1755 2968 collegerant,
1779 2896 1908 2967 ejus
1922 2912 2047 2951 ma-

391 2987 586 3058 jorem
618 2989 847 3055 partem
880 2984 1164 3040 exercitui
1197 2983 1502 3040 distribuit
1525 3001 1538 3039 :
1563 2985 1823 3055 captivos
1841 2985 2047 3039 viatico

403 3075 653 3130 donatos
683 3073 756 3129 ad
789 3091 958 3128 suam
990 3091 1288 3145 quemque
1320 3074 1563 3130 domum
1595 3075 1808 3130 reverti
1833 3073 2045 3146 jussit:

2138 1903 2332 1974 έταξεν·
2419 1907 2464 1980 ᾧ
2546 1907 2637 1961 καὶ
2715 1909 3051 1984 περισπάσας
3133 1913 3233 1982 τὴν
3314 1916 3422 1966 τῶν
3503 1908 3794 1984 Ῥωμαίων

2139 1996 2339 2071 ὁρμὴν,
2381 1982 2803 2076 ἀσχοληθέντων
2832 2003 2901 2074 τῇ
2937 2005 3036 2056 τοῦ
3085 2004 3294 2080 χρυσοῦ
3344 1998 3620 2077 συλλογῇ,
3673 1982 3799 2072 μετ⁹

2140 2082 2348 2163 ὀλίγων
2390 2087 2739 2144 ὑπασπιστῶν
2798 2088 2961 2166 μόγις
3018 2090 3110 2146 τὸν
3161 2093 3408 2146 τοιοῦτον
3467 2087 3794 2167 διαπέφευγε

2139 2174 2404 2238 κίνδυνον.
2439 2181 2664 2257 Λέγεται
2721 2177 2778 2235 δὲ
2828 2187 3087 2237 τοσοῦτον
3140 2182 3578 2260 αῦτουργηθῆναι
3635 2182 3798 2262 φόνον

2141 2273 2238 2322 τοῦ
2273 2264 2608 2344 βαρϐαρικοῦ
2661 2267 2912 2340 πλήθους
2965 2273 3102 2346 πρὸς
3157 2278 3265 2328 τῶν
3323 2271 3610 2346 Ῥωμαίων
3657 2269 3801 2326 κατὰ

2143 2359 2357 2414 τουτονὶ
2387 2359 2478 2413 τὸν
2508 2358 2776 2435 πόλεμον,
2810 2361 2884 2422 ὡς
2915 2359 3215 2441 πολλαχοῦ
3244 2367 3352 2417 τῶν
3408 2360 3611 2442 χῶρων
3659 2358 3802 2416 ἐκεί-

2144 2470 2248 2503 νων
2281 2449 2507 2522 σωρείας
2565 2450 2908 2525 ἀνθρωπείων
2965 2451 3141 2506 ὀστῶν
3201 2452 3423 2527 ὀρῦσθαι
3484 2452 3652 2532 μέχρι
3711 2450 3805 2506 καὶ

2145 2543 2254 2594 νῦν.
2283 2539 2431 2594 Ἐπεὶ
2466 2536 2522 2594 δέ
2553 2541 2826 2604 τοιούτοις
2851 2542 3174 2617 τρροπαίοις
3233 2543 3324 2597 καὶ
3383 2544 3808 2620 στρατηγήμασι

2148 2630 2247 2698 τήν
2303 2626 2732 2704 πολυάνθρωπον
2786 2627 2999 2699 πληθὺν
3054 2637 3163 2686 τῶν
3216 2627 3508 2708 βαρϐάρων
3557 2633 3584 2687 ὁ
3617 2653 3808 2708 στρ-ατ-

2149 2717 2286 2794 ηγὸς
2320 2716 2632 2793 ἠγωνίσατο
2663 2718 2826 2772 ⁴³καὶ
2887 2715 3172 2799 διέφθειρε,
3231 2721 3320 2776 καὶ
3381 2721 3442 2777 τὸ
3502 2721 3806 2799 ὑψαύχενον

2149 2812 2248 2863 τοῦ
2306 2801 2575 2879 Χαμϐδὰν
2625 2807 2716 2861 καὶ
2745 2807 3122 2887 τετυφωμένον
3154 2809 3230 2871 εἷς
3275 2809 3464 2887 ἀγεννῆ
3517 2809 3609 2865 καὶ
3658 2809 3808 2864 ἄναν-

2153 2893 2276 2970 δρον
2308 2892 2516 2950 δειλίαν
2545 2895 2636 2951 καὶ
2656 2894 2948 2975 φυγαδείαν
2978 2898 3278 2954 κατέσπασε
3334 2899 3423 2954 καὶ
3474 2897 3802 2968 συνέκλεισε,

2151 2985 2276 3046 τοὺς
2303 2983 2438 3064 ἀμφ’
2461 2983 2618 3040 αὐτὸν
2662 2986 3025 3066 συναγηοχὼς
3075 2987 3164 3042 καὶ
3223 2990 3322 3058 τήν
3379 2987 3528 3044 λείαν
3584 2987 3805 3043 ἐπισυν-

2154 3074 2302 3144 άξας,
2335 3073 2434 3144 ’ὸση
2467 3095 2526 3128 τε
2550 3074 2616 3143 ἦν
2651 3069 2984 3150 βαρϐαρικὴ,
3047 3078 3130 3150 [Ρ.
3163 3079 3253 3146 44]
3300 3077 3391 3132 καὶ
3426 3079 3613 3151 δὁπόση
3663 3078 3806 3135 Ῥω-

403 3164 615 3220 deinde
658 3163 988 3228 Saracenis,
1016 3180 1165 3234 quos
1194 3165 1306 3219 hoc
1336 3163 1496 3218 bello
1518 3163 1782 3236 captivos
1807 3164 2046 3232 fecerat,

2168 3164 2334 3254 μαῖκή
2369 3161 2567 3254 ἐκ-τῆςλ
2589 3171 2875 3238 προνομῆς
2910 3171 3027 3226 τοῖς
3079 3161 3380 3254 βαρϐάροις
3429 3169 3808 3243 συνήθροιστο,

402 3255 462 3309 in
495 3253 729 3308 vincula
759 3253 1065 3324 conjectis,
1100 3253 1470 3308 conclamata
1499 3253 1764 3319 victoria,
1790 3252 2048 3324 gratula-

403 3345 563 3400 tione
595 3345 682 3399 rei
712 3343 867 3398 bene
892 3348 1070 3415 gestaa
1098 3342 1489 3398 Providentia:
1512 3343 1686 3411 facta,
1709 3343 1781 3398 ad
1805 3343 2055 3414 impera-

402 3435 546 3489 toris
577 3451 800 3490 numen
834 3433 919 3488 ire
951 3432 1281 3500 contendit,
1304 3433 1816 3503 Constantinopoli
1841 3433 2052 3487 trium-

401 3526 714 3596 phaturus.
748 3525 826 3578 At
854 3523 1077 3577 milites
1108 3523 1320 3578 ducem
1351 3522 1566 3593 plausu
1597 3521 2052 3592 eil‘erebant,ad-

402 3615 690 3669 mirantes
722 3611 881 3666 haud
913 3611 1234 3680 immerito,
1289 3617 1346 3665 et
1395 3611 1585 3666 virum
1638 3611 2050 3682 praedicantes,

405 3703 644 3774 qualem
676 3701 982 3755 neminem
1015 3699 1200 3753 alium
1237 3700 1471 3754 tulisset
1513 3717 1582 3754 ea
1625 3707 1804 3755 tetas:
1860 3717 2055 3771 neque

408 3793 611 3846 minus
645 3807 680 3844 a
709 3789 992 3844 felicitate
1017 3805 1150 3844 eum
1175 3788 1575 3855 celebrabant,
1609 3806 1738 3843 cum
1768 3790 2055 3857 viderent,

410 3895 481 3934 ex
512 3879 810 3935 sententia
831 3878 892 3932 in
920 3878 1094 3933 bellis
1123 3878 1210 3932 illi
1233 3879 1338 3932 uni
1359 3879 1559 3933 omnia
1579 3879 2057 3952 procedere.lpse

410 3975 476 4023 ut
505 3970 606 4025 24
645 3968 1220 4039 Constantinopolim
1252 3969 1429 4039 venit,
1463 3986 1596 4024 cum
1627 3969 1828 4040 praeda
1848 3987 2060 4040 quam-

409 4058 670 4129 plurima
703 4063 760 4112 et
789 4057 1033 4130 captivis
1067 4057 1375 4114 Saracenis
1400 4059 1713 4130 permultis
1734 4059 2059 4131 ingressus,

411 4168 444 4207 a
504 4150 766 4205 Romano
826 4147 1182 4220 imperatore
1238 4147 1550 4220 magniﬁce
1619 4156 1894 4222 receptus
1951 4153 2064 4217 est,

2161 3252 2363 3323 ταύτης
2390 3252 2453 3307 τὸ
2509 3249 2768 3308 πλεῖσσον
2825 3257 2894 3328 τῇ
2962 3259 3187 3330 στρατιᾷ
3234 3253 3487 3331 διένειμε·
3543 3259 3634 3312 καί
3685 3257 3814 3321 τοὺς

2161 3340 2560 3422 αἰχμαλώτους
2586 3339 2880 3421 έφοδιάσας
2912 3343 2999 3399 ἐπὶ
3027 3345 3095 3399 τὰ
3127 3351 3273 3423 σφῶν
3323 3346 3431 3417 ἢθη
3482 3345 3812 3424 ἀποτρέχειν

2159 3431 2441 3506 ἐξέπεμπε·
2502 3432 2631 3495 τοὺς
2687 3429 2744 3486 δὲ
2801 3437 2880 3505 τῷ
2950 3430 3184 3508 πολέμῳ
3239 3433 3538 3514 ληφθέντας
3623 3433 3816 3496 πέδαις

2160 3522 2597 3602 ἀσφαΛισάμενος
2649 3527 2756 3577 τῶν
2803 3523 3136 3600 Ἀγαρηνῶν,
3188 3524 3499 3595 έπαιὼνιζεν
3557 3523 3812 3594 ἐπινίκια,

2161 3612 2246 3666 καὶ
2266 3615 2334 3684 τῇ
2387 3611 2623 3686 Προνοίᾳ
2679 3611 2774 3672 τὰς
2815 3611 3275 3690 εὐχαριστηρίους
3322 3611 3602 3669 ἐσπένδετο
3651 3635 3818 3688 προσ-

2164 3700 2352 3778 ευχὰς,
2385 3699 2475 3754 καὶ
2524 3700 2660 3774 πρὸς
2713 3703 2812 3771 τήν
2861 3703 3236 3778 αὐτοκράτορα
3293 3701 3601 3758 δυναστείαν
3650 3703 3813 3776 ᾐπεί-

2165 3785 2722 3866 γετο,θριαμϐεύσων
2753 3791 2826 3852 εἷς
2869 3791 2932 3846 τὸ
2991 3793 3300 3862 Βυζάντιον.
3360 3794 3421 3850 Ὀ
3479 3789 3534 3847 δὲ
3587 3792 3816 3866 στρατὸς

2165 3876 2217 3933 ἐν
2247 3879 2468 3953 κρότοις
2509 3880 2630 3958 εἶχε
2680 3880 2772 3934 τὸν
2816 3882 3145 3958 στρατηγὸν,
3183 3883 3443 3959 ἀγάμενοι
3490 3887 3701 3950 τοῦτον,
3739 3882 3814 3942 ὡς

2165 3969 2228 4023 τὸ
2259 3968 2422 4038 εἰκὸς,
2453 3969 2545 4024 καὶ
2601 3965 2765 4043 ἄνδρα
2822 3968 3264 4049 ἐπιφημίζοντες,
3325 3973 3442 4026 οἷον
3502 3972 3579 4045 μή
3637 3971 3816 4050 φέρειν

2167 4057 2340 4114 ἄλλον
2397 4061 2495 4129 τήν
2549 4059 2673 4114 τότε
2729 4061 2930 4137 γενεὰν,
2989 4061 3080 4116 καὶ
3133 4070 3232 4132 τῆς
3313 4061 3568 4142 εὐτυχίας
3653 4062 3819 4117 αὐτὸν

2169 4146 2477 4218 ἐξεθείαξον,
2555 4149 2692 4203 κατὰ
2751 4150 2879 4224 ῥοῦν
2929 4150 3076 4224 αὐτῷ
3133 4157 3532 4231 προχωροῦντα
3586 4152 3654 4207 τὰ
3712 4157 3822 4206 τῶν

1621 4275 1681 4330 C.
1725 4275 1786 4329 Β.
1829 4275 2019 4330 HASII
2056 4271 2611 4332 ANNOTATIONES.

478 4425 521 4464 ⁴¹
558 4419 894 4496 σπασάμενος
924 4419 1055 4476 cod.

1156 4418 1202 4453 “
1231 4415 1504 4489 ἀκμήταις
1533 4416 1664 4473 cod.
1741 4417 1788 4453 ‘3
1818 4417 1846 4471 ὁ
1878 4437 2042 4492 στρατ

2155 4436 2336 4471 νισατο
2367 4417 2500 4474 cod.
2535 4419 2683 4491 Lege
2712 4419 3142 4496 κατηγωνίσατο.
3174 4420 3288 4476 vid.
3326 4423 3412 4478 14.
3448 4427 3502 4477 Β.

480 4587 593 4658 (50)
625 4581 884 4636 Verbum
943 4570 1227 4658 προοδεύω
1285 4574 1481 4658 miror.
1515 4573 1657 4629 item
1715 4575 1776 4658 in
1827 4575 2046 4658 ‘Lexicis

2168 4593 2232 4658 τε
2251 4569 2402 4658 βντες
2425 4568 2556 4651 ἴχνη
2590 4575 2789 4658 γυμνὰ,
2829 4577 2928 4646 τήν
2986 4575 3152 4658 αὐτὴν
3197 4579 3334 4650 ἡμῖν
3391 4575 3820 4652 προωδευκότων

413 4645 723 4721 omissum,
756 4666 890 4706 cum
923 4654 1184 4721 utantur,
1217 4645 1716 4721 prmter_Leonem
1743 4649 1806 4721 7h.
1827 4647 1892 4712 1.,
1917 4647 2060 4721 scri-

414 4737 614 4800 ptores
637 4717 784 4779 bene
809 4720 1090 4800 multizus.
1111 4720 1381 4800 AJpan’n‘es
1397 4717 1703 4800 phrysost.
1738 4720 1805 4774 ln
1838 4719 2059 4800 nativi-

416 4787 520 4855 tat.
547 4793 934 4852 Prmcursoris
957 4791 1054 4846 VII
1109 4792 1231 4845 393.
1265 4792 1354 4843 27.
1389 4787 1416 4841 ὀ
1449 4787 1706 4862 Ἰωάννης
1746 4787 2058 4862 προοδεύων

416 4873 513 4922 τοῦ
545 4866 766 4923 Κυρίου.
823 4865 878 4918 S.
947 4862 1198 4918 Basilius
1257 4863 1380 4915 Non
1448 4860 1873 4917 adhzerendum
1933 4879 2060 4918 esse

937 4917 1135 4998 1,569.
1181 4934 1240 4988 C.
1293 4931 1345 4984 οἱ
1398 4927 1455 4984 δὲ
1502 4929 1925 5000 προοδεύσαντες
1980 4932 2064 4986 ἀν-

421 5013 609 5081 έμενον
642 5010 737 5083 τὸν.
764 5003 1292 5083 φυτεύσαντα-Ωιιῆ
1317 5003 1446 5075 ipsa
1475 5005 1650 5083 verba
1680 5006 1871 5083 iterat
1885 5007 2060 5083 Nice-

421 5075 509 5139 tas
539 5075 831 5137 Heracleae
853 5077 1232 5147 metropolita
1256 5075 1546 5131 Catenain
1565 5077 1669 5131 Job
1693 5079 1816 5132 608.
1834 5078 1893 5132 C.
1917 5078 2060 5132 ltem

417 5153 728 5238 participio
763 5145 1072 5238 1.903356?
1103 5149 1460 5238 “Germanus
1513 5147 1856 5238 tlpolitanus
1901 5149 2058 5204 Orat.

419 5219 481 5281 in
513 5228 567 5279 S.
602 5219 838 5280 crucem
870 5224 991 5283 320,
1015 5222 1075 5274 Β.
1103 5219 1495 5292 Frequentius
1516 5224 1714 5292 tamen
1745 5227 2065 5292 usurpatur

420 5292 1109 5370 participiumprzpterit.
1148 5289 1293 5370 act.,
1347 5289 1568 5370 veluta
1615 5289 2061 5370 [λυοίίιῃοᾘθπ-

419 5359 652 5424 ἱηοῐίιΠΪ
686 5368 726 5423 l.
762 5359 885 5421 813.
917 5366 982 5417 23
1036 5359 1330 5431 ἠκολούθει
1364 5364 1478 5420 τοῖς
1501 5363 1606 5413 τῶν
1633 5359 2060 5431 προωδευκότων

419 5439 615 5515 ἴχνεσι.
650 5435 1208 5515 Unde_forta_sse“S.
1266 5433 1585 5515 Δ(ἔνθεοι-ἱείς
1642 5435 1939 5515 Nyssenus
1998 5434 2062 5489 In

417 5501 639 5570 cantio.
675 5508 968 5566 Canticor.
1001 5509 1043 5560 Ι.
1076 5509 1197 5560 501.
1249 5506 1314 5559 Α.
1347 5501 1463 5578 τόᾃῐς
1527 5501 1706 5578 ἴχνεσί
1758 5508 1881 5578 τῶν,
1924 5524 2060 5578 προ-

419 5581 738 5638 ωδευκότων
799 5579 1084 5650 ἑπόμενος·
1137 5582 1196 5632 et
1251 5576 1810 5650 Eusebius—Histor.
1870 5576 2060 5650 Ecclej

421 5659 583 5716 siast.
617 5659 668 5712 4.
706 5658 772 5710 Α.
805 5643 1104 5726 ἀνθρώπων
1137 5668 1202 5724 γε
1253 5648 1360 5720 μὴν
1413 5643 1667 5720 οὐδαμῶς
1722 5647 1893 5723 εύρεῖν
1956 5647 2062 5704 οἷοί

2171 4642 2318 4710 ὁδόν,
2347 4662 2409 4701 se
2449 4642 2927 4704 c'onscribentem
2985 4642 3297 4705 historiam
3355 4642 3818 4709 ecclesiasticam

2173 4735 2389 4797 novum
2423 4735 2615 4797 neque
2651 4719 2758 4774 ulli
2791 4727 2966 4776 antea
2999 4726 3286 4797 tentatum
3319 4722 3432 4797 iter
3483 4724 3817 4797 ingressum

2171 4791 2392 4868 (minus
2424 4791 2636 4868 opinor
2687 4799 2993 4868 accurate:
3049 4791 3818 4868 quandoquidem'primus

2171 4861 2478 4917 historiam
2509 4861 2971 4919 ecclesiasticam
3003 4861 3340 4920 condidisse
3372 4867 3426 4920 S.
3471 4861 3656 4922 Lucas
3704 4869 3817 4924 dici

2171 4938 2384 5010 potest,
2405 4934 2556 5010 inde
2588 4933 2660 5010 ab
2692 4941 2825 5010 ortu
2865 4935 3104 5003 Christi,
3162 4953 3292 5010 qua:
3337 4937 3584 4994 historia
3635 4939 3823 5010 ipsius

2171 5005 2495 5094 Evangelia,
2517 5011 2575 5060 et
2603 5007 2988 5094 actisapost.
3021 5005 3820 5094 conti—nemusParticipium

2171 5077 2537 5149 προωδευκώς
2569 5077 2881 5158 pluraliter
2910 5079 3066 5150 apud
3097 5079 3151 5134 S.
3189 5080 3531 5153 Gregorium
3576 5077 3823 5152 Nyssen.

2173 5149 2251 5203 De
2295 5147 2647 5204 beatitudm.
2699 5151 2820 5204 813.
2885 5151 2947 5204 Ι).
3008 5147 3152 5209 τινὸς
3213 5155 3320 5204 τῶν
3371 5149 3823 5209 προωδευκότων·

2173 5171 2251 5203 υθ
2295 5171 2647 5204 υθίιιιιυιιιιι.
2699 5171 2820 5204 Old.
2885 5171 2947 5204 U.
3008 5171 3152 5209 τινος
3213 5171 3320 5204 των
3371 5171 3823 5224 προωοευκοτων·

2173 5225 2232 5274 et
2260 5219 2594 5299 In‘lauc‘lem
2625 5221 2824 5299 fratris
2849 5221 3046 5299 Basilii
3077 5223 3147 5299 Il.
3179 5221 3304 5299 ωε
3343 5225 3554 5299 ῡκτῶν
3578 5221 3628 5299 έν
3657 5223 3826 5299 ἀρετῇ

2170 5286 2617 5364 προωδευκότων.
2649 5293 2902 5348 Numero
2941 5292 3229 5365 singulari
3262 5295 3546 5351 Eusebius
3576 5286 3832 5354 Demon:

2173 5369 2340 5418 strat.
2375 5365 2585 5425 Evang.
2635 5363 2756 5418 187.
2819 5364 2880 5418 D.
2945 5362 3035 5418 τὸν
3081 5360 3470 5425 προωδευκότα
3527 5370 3624 5421 τοῦ
3683 5371 3827 5425 Χοι-

2173 5369 2340 5418 strat.
2375 5369 2756 5444 Evang..l87.
2819 5369 2880 5418 D.
2945 5369 3035 5418 τὸν
3081 5369 3470 5436 προωδευκότα
3527 5370 3624 5421 τοῦ
3683 5371 3827 5442 Χρι-

2173 5437 2302 5512 στοῦ
2336 5437 2717 5512 Particlpium
2751 5435 2894 5512 perf.
2927 5453 3086 5507 pass,
3121 5436 3342 5492 ibidem
3401 5443 3519 5493 l25.
3573 5440 3632 5496 B.
3689 5441 3828 5512 πρὸς

2171 5503 2236 5559 τὰ
2285 5501 2691 5578 προωδευμένα,
2749 5501 2824 5561 ad
2887 5501 2950 5562 εᾶ
3007 5501 3149 5578 φιω
3183 5516 3604 5568 antecesserunt.
3665 5501 3827 5568 Alias

2173 5578 2289 5653 beo
2317 5577 2524 5653 eodem
2557 5594 2736 5653 sensu
2769 5579 2850 5634 ait
2877 5577 3295 5653 προπορεύομαι
3327 5583 3376 5636 4.
3411 5585 3477 5638 Α.
3513 5585 3603 5640 79.
3634 5584 3697 5640 Β.
3730 5585 3820 5642 81.

2171 5649 2235 5704 D.
2269 5652 2357 5706 95.
2391 5650 2456 5705 D.
2488 5651 2844 5725 προηγοῦμαι
2870 5649 2959 5707 95.
2995 5651 3056 5706 Β.
