4084 6202
439 397 555 458 695

1861 394 2126 456 LEONIS
2174 393 2482 456 DIACONI

3717 394 3824 457 696

443 532 754 588 Cretenses
809 528 1348 594 vaticinationibus,
1402 529 1709 584 fraudibus
1778 529 1976 600 impiis
2034 536 2090 584 et

2206 521 2441 596 ἐπῳδάς·
2499 521 2727 600 Λέγεται
2785 523 2889 600 γὰρ
2945 522 3223 598 κατόχους
3273 522 3405 578 εἶναι
3468 528 3681 597 Κρῆτας
3713 546 3828 598 μανς

443 619 746 673 erroribus
768 617 1032 672 addictos
1055 616 1540 686 esse,harumque
1559 632 1757 670 rerum
1779 616 2089 671 scientiam

443 724 476 760 a
505 707 842 762 Manichaais
882 711 940 758 et
969 722 1002 759 a
1029 706 1356 760 Moametbe
1407 705 1736 775 antiquitus
1767 706 2085 776 accepisse.

443 797 641 866 Neque
677 797 784 850 hac
815 795 941 849 sola
964 796 1058 851 25
1088 811 1150 848 re
1181 794 1456 866 petulans
1487 795 1837 850 muliercula
1873 800 2093 866 proter-

439 883 677 938 vitatem
736 891 913 954 atque
975 884 1285 939 audaciam
1359 884 1734 939 manifestam
1795 883 2086 938 reddidit:

437 989 659 1036 verum,
685 974 917 1030 sublata
939 991 1175 1045 quoque
1207 974 1340 1046 plus
1364 991 1540 1044 quam
1567 979 1797 1045 tempus
1827 973 2089 1045 postula-

437 1063 539 1117 bat
569 1065 768 1118 tunica
791 1064 1132 1135 nudatoque
1153 1081 1420 1135 corpore,
1445 1064 1507 1118 in
1530 1063 1741 1118 ducem
1765 1063 2013 1118 dicteria
2033 1069 2092 1118 et

437 1154 874 1208 exsecrationes
888 1154 1054 1224 jecit.
1073 1156 1217 1208 Tum
1241 1170 1374 1209 vero
1401 1153 1838 1224 sagittariorum
1870 1153 2091 1223 perito-

436 1259 569 1296 rum
600 1243 817 1313 aliquis
858 1243 1088 1297 intento
1145 1259 1285 1298 arcu
1343 1243 1742 1312 importunam
1776 1241 2089 1296 mulierem

437 1333 732 1386 confixam
765 1333 834 1386 de
868 1332 1129 1386 turribus
1157 1333 1216 1386 in
1251 1339 1462 1387 terram
1491 1331 1725 1402 dejecit,
1759 1337 1846 1398 ut,
1879 1332 2087 1386 evesti-

437 1421 530 1493 gio
581 1420 870 1492 disrupta,
912 1420 1112 1476 efllata
1158 1420 1424 1476 animula
1467 1437 1703 1492 pamam
1754 1419 2086 1475 insolentiae

438 1510 650 1564 acerbo
683 1510 926 1565 interitu
979 1516 1462 1581 consequeretur.
1497 1510 1608 1581 (56)
1639 1511 1766 1564 Jam
1799 1527 1932 1564 vero
1967 1509 2086 1564 acri

438 1615 635 1670 pugna
664 1606 957 1665 conserta,
993 1601 1339 1654 restiterunt
1396 1616 1504 1671 per
1559 1605 1792 1670 tempus
1843 1598 2088 1669 aliquod

439 1689 771 1756 Cretenses,
819 1694 1061 1744 strenuo
1107 1688 1367 1759 fortique
1417 1689 1618 1744 animo
1667 1705 1737 1742 ex
1784 1688 1970 1743 muris
1997 1687 2089 1742 di-

438 1778 749 1846 micantes,
781 1794 848 1831 ac
894 1779 1295 1832 Romanorum
1344 1795 1463 1832 non
1511 1794 1729 1848 paucos
1771 1777 2088 1832 vulneran-

441 1872 549 1920 tes.

515 1959 566 2010 7.
596 1957 719 2020 Qua
749 1973 809 2010 re
837 1961 1165 2028 perspecta,
1225 1963 1443 2028 praetor
1498 1959 1786 2029 petrarias
1823 1958 2097 2014 celeriter

2196 613 2365 672 τείαις
2396 611 2487 666 καὶ
2531 610 2922 686 βωμολοχίαις
2979 611 3070 666 καὶ
3126 609 3380 679 πλάναις,
3422 613 3564 686 πρὸς
3596 618 3698 668 τῶν
3728 616 3834 670 Μα-

2194 703 2425 776 νιχαίων
2476 702 2566 756 καὶ
2633 706 2730 756 τοῦ
2815 701 3060 774 Μωάμεθ
3117 699 3532 780 παρειληφότας
3581 700 3824 757 ἀνέκαθεν.

2195 792 2275 848 Ού
2334 791 2505 865 ταύτῃ
2566 787 2622 845 δὲ
2684 791 2844 864 μόνον
2899 791 2962 846 τὸ
3030 789 3225 864 ἰταμὸν
3282 789 3450 845 ἐκεῖνο
3511 791 3726 866 γύναιον
3777 793 3829 846 τὸ

2195 879 2404 943 ἀναιδὲς
2461 881 2552 936 καὶ
2607 879 2911 936 ἀκόλαστον
2998 879 3360 936 ἐπεδείκνυτο·
3421 879 3572 936 ἀλλὰ
3627 883 3713 936 καὶ
3757 883 3833 936 τὸν

2195 972 2521 1046 χιτωνίσκον
2576 972 2721 1045 παρὰ
2778 972 2841 1026 τὸ
2905 970 3123 1046 μέτριον
3179 971 3540 1045 ἀνασεσυρκὸς
3595 975 3709 1044 (57)
3757 993 3835 1042 καῖ

2194 1063 2543 1140 ἀπογυμνοῦν
2573 1065 2638 1119 τὰ
2698 1062 2835 1139 μέρη
2897 1068 2994 1119 τοῦ
3027 1065 3307 1138 σώματος,
3339 1062 3392 1126 ἐς
3423 1065 3518 1120 τὸν
3551 1067 3832 1140 στρατηγὸν

2195 1152 2501 1210 ἐπέκωπτεν
2558 1153 2925 1228 ἐπαρώμενον,
2988 1154 3085 1208 Καὶ
3146 1151 3214 1226 δή
3273 1175 3356 1216 τις
3416 1160 3527 1210 τῶν
3576 1155 3832 1228 εύστὸχων

2195 1245 2449 1313 τοξοτῶν,
2509 1247 2607 1315 τήν
2663 1245 2850 1319 νευρὰν
2907 1244 3292 1319 ἐντεινάμενος,
3356 1249 3443 1319 [Ρ.
3509 1248 3599 1319 15]
3657 1244 3834 1319 βάλλει

2193 1332 2254 1388 τὸ
2311 1330 2616 1387 ἀκόλαστον
2674 1332 2911 1409 γύναιον,
2988 1332 3079 1387 καὶ
3139 1332 3516 1412 χαμαιρῥιφὶς
3580 1337 3686 1406 (58)
3739 1339 3831 1387 τῶν

2192 1420 2416 1496 πύργων
2463 1423 2782 1498 κατήνεγκε,
2845 1417 3134 1498 διαρῥαγὲν
3191 1421 3408 1490 αὐτίκα,
3459 1421 3553 1476 καὶ
3597 1422 3656 1476 τὸ
3687 1422 3834 1496 ψυχί-

2193 1505 2308 1563 διον
2336 1509 2710 1589 ἀποφυσῆσαν,
2768 1510 2859 1564 καὶ
2912 1515 3052 1565 τῖσιν
3110 1517 3210 1579 τῆς
3262 1505 3478 1584 ὕϐρεως
3516 1511 3607 1566 τὸν
3639 1510 3833 1583 οἰκτρὸν

2192 1595 2626 1672 ἐπισπασάμενον
2655 1596 2898 1674 ὄλεθρον.
2954 1601 3114 1674 ’Ἄρτι
3168 1596 3224 1655 δὲ
3272 1606 3375 1669 τῆς
3439 1600 3629 1675 μάχης
3656 1620 3828 1673 καρτε-

2195 1692 2288 1761 ρᾶς
2345 1687 2844 1764 ἀναρριπισθείσης,
2903 1689 3102 1765 χρόνον
3165 1689 3259 1763 μέν
3315 1711 3437 1744 τινα
3489 1689 3726 1764 ἀντεῖχον
3781 1689 3827 1742 οἱ

2195 1781 2419 1852 Κρῆτες,
2477 1777 2538 1833 ἐκ
2593 1784 2700 1834 τῶν
2756 1784 2958 1853 τειχῶν
3011 1777 3262 1852 ἐκθύμως
3312 1778 3726 1856 ἀγωνιζόμενοι,
3755 1791 3830 1844 καὶ

2124 1882 2171 1947 Β
2201 1864 2449 1927 πολλοὺς
2481 1873 2588 1922 τῶν
2615 1867 2906 1941 Ῥωμαίων
2946 1868 3358 1942 τιτρώσκοντες.

2277 1962 2336 2025 ζ’.
2413 1957 2472 2014 Ὁ
2551 1953 2606 2011 δὲ
2680 1958 3010 2034 στρατηγὸς,
3086 1961 3249 2013 τοῦτο
3333 1958 3682 2033 καταμαθὼν,
3749 1955 3831 2015 τὰς

2203 2043 2532 2123 ἀφετηρίους
2589 2048 2781 2101 θᾶττον
2830 2048 3124 2123 παγήγαγε
3185 2047 3466 2120 μηχανὰς,
3514 2046 3602 2100 καὶ
3635 2041 3833 2120 βάλλειν

2202 2133 2329 2194 τοὺς
2408 2130 2718 2208 βαρϐάρους
2778 2132 3010 2190 ἐκέλευε.
3093 2134 3192 2189 Καὶ
3249 2135 3393 2209 πρὸς
3474 2134 3684 2193 τούτοις
3734 2135 3832 2190 τοῖς

2202 2224 2409 2297 τείχεσι
2460 2221 2835 2297 προσεπέλασε
2895 2226 2994 2293 τήν
3052 2221 3330 2278 ἑλέπολιν
3396 2223 3548 2298 κριὸν
3601 2226 3833 2295 Ῥωμαῖοι

2203 2312 2264 2366 τὸ
2296 2312 2688 2389 τεχνούργημα
2731 2311 3082 2386 ὀνομάζουσι,
3143 2318 3222 2385 τῷ
3280 2309 3444 2384 δίκην
3474 2317 3628 2385 κριοῦ
3654 2329 3833 2384 προτο-

2205 2409 2315 2476 μῆς
2360 2403 2450 2457 τὸν
2497 2400 2722 2478 σίδηρον
2769 2402 3174 2473 ἀπεικάζεσθαι,
3225 2404 3284 2465 ’ὀς
3338 2401 3732 2479 ἐνηρμοσμένος
3769 2398 3832 2453 ὢν

2202 2495 2270 2566 τῇ
2303 2489 2449 2565 δοκῷ
2482 2493 2632 2548 παίει
2662 2494 2708 2528 ⁴⁸
2741 2493 2832 2548 τὸν
2885 2489 3055 2567 δόμον
3106 2497 3204 2548 τοῦ
3251 2491 3468 2555 ἄστεος.
3519 2496 3634 2550 Τῶν
3663 2489 3714 2546 δὲ
3745 2510 3829 2544 πε-

2202 2577 2487 2655 τροϐόλων
2555 2582 2698 2657 βάρη
2796 2583 2992 2656 θαμινὰ
3086 2588 3193 2637 τῶν
3274 2579 3451 2638 λίθων
3510 2580 3825 2662 ἐπαφιέντων,

2203 2673 2443 2733 εὐπετῶς
2503 2673 2555 2726 οἱ
2615 2667 2884 2747 βάρϐαροι
2941 2669 3353 2728 ἀνεστέλλοντο’
3417 2673 3506 2728 καὶ
3561 2675 3653 2727 τοῦ
3691 2671 3826 2744 κριοῦ

447 2044 712 2112 adduxit,
744 2045 1027 2100 barbaros
1083 2046 1379 2118 lapidibus
1436 2047 1554 2118 peti
1601 2047 1802 2118 jussit.
1854 2047 1940 2103 Ad
1974 2048 2098 2103 haec

448 2137 636 2191 muris
667 2136 925 2191 admovit
953 2135 1312 2208 helepolim:
1361 2137 1604 2192 arietem
1637 2137 1749 2192 hoc
1793 2138 2096 2192 inventum

447 2227 694 2282 Romani
717 2232 945 2292 vocant,
979 2232 1292 2298 propterea
1321 2226 1476 2297 quod
1500 2227 1745 2292 ferrum,
1767 2228 1924 2298 quod
1948 2224 2098 2282 trabi

445 2318 755 2387 praifixum
787 2316 988 2388 oppidi
1020 2317 1238 2371 moenia
1268 2315 1485 2388 pulsat,
1515 2316 1588 2371 ad
1619 2317 1828 2388 capitis
1857 2317 2094 2372 arietini

442 2405 693 2461 formam
756 2405 1018 2462 efﬁctum
1076 2411 1182 2460 est.
1235 2405 1514 2460 Petrariis
1564 2405 1772 2460 crebra
1819 2422 2096 2461 saxorum

443 2495 708 2566 pondera
737 2495 1090 2560 rotantibus,
1117 2512 1294 2566 parvo
1316 2495 1549 2568 negotio
1582 2494 1816 2550 barbari
1839 2495 2096 2566 repressi

446 2590 602 2640 sunt.
634 2585 900 2653 Interim,
935 2585 1118 2640 ariete
1165 2583 1352 2639 muris
1393 2584 1715 2649 insinuata,
1747 2584 2095 2655 majoreque

444 2675 670 2746 impetu
702 2692 802 2730 eos
831 2675 1154 2746 quatiente,
1183 2674 1290 2728 viri
1322 2691 1442 2728 non
1474 2675 1670 2746 pauci,
1703 2673 2096 2744 lapicidarum

445 2765 842 2819 instrumenta
871 2769 1162 2836 gerentes,
1197 2763 1417 2818 fossam
1449 2763 1698 2835 ingressi
1733 2767 1872 2817 sunt
1901 2779 1914 2816 :
1956 2761 2094 2817 inde

446 2853 739 2908 suil‘odere
771 2854 890 2908 orsi
921 2852 1346 2908 exscindebant
1375 2852 1662 2924 paulatim
1702 2851 2094 2906 dirimebant-

446 2959 560 3012 que
592 2942 842 3013 lapides,
875 2941 1091 3014 quibus
1126 2941 1280 2996 muri
1311 2940 1700 2995 fundamenta
1728 2940 2092 2995 nitebantur.

444 3032 595 3085 Casu
627 3039 821 3086 autem
854 3030 1071 3086 accidit
1117 3037 1182 3085 ut
1233 3030 1404 3101 lapis,
1439 3036 1751 3101 propterea
1781 3029 1940 3100 quod
1971 3033 2098 3084 erat

444 3120 548 3174 illa
579 3136 644 3174 ex
677 3127 845 3192 parte
868 3120 1194 3187 erenosior,
1213 3119 1494 3174 facillime
1517 3118 1755 3174 cederet
1778 3119 2096 3190 locumque

443 3207 628 3263 daret.
663 3211 859 3279 Neque
891 3208 1044 3263 aries
1072 3207 1394 3261 intermisit
1433 3207 1662 3261 interea
1691 3206 1929 3277 pulsare
1961 3222 2088 3259 mu-
2129 3248 2172 3313 C

438 3299 608 3371 rique
667 3303 1028 3365 contextum,
1088 3296 1468 3368 quantumvis
1546 3295 1798 3350 densum
1864 3296 1964 3352 26
2022 3313 2091 3350 ac

437 3394 933 3462 coagmentatum,
965 3387 1252 3459 paulatim
1277 3386 1628 3442 distrahere.
1652 3386 1904 3457 Fastigia
1936 3387 2090 3440 muri

437 3496 571 3533 cum
604 3479 884 3534 submissi
916 3479 1172 3533 fossores
1203 3476 1465 3549 pendula
1512 3483 1689 3546 atque
1723 3491 1996 3542 concava,
2029 3475 2090 3529 id

437 3569 595 3640 quod
643 3587 885 3625 necesse
933 3575 1060 3625 erat
1106 3569 1396 3636 accidere,
1447 3566 1866 3634 reddidissent,
1916 3567 2090 3639 lignis

439 3663 651 3718 erectis
711 3661 1122 3727 suffulserunt,
1167 3660 1532 3729 materiaque
1588 3657 1764 3712 facile
1817 3657 2090 3730 ﬂagranti

439 3757 614 3819 atque
645 3749 812 3804 arida
841 3749 1090 3818 ingesta,
1124 3747 1222 3799 ubi
1257 3747 1450 3818 ignem
1474 3745 1879 3810 subdiderant,
1913 3747 2088 3801 cuni-

439 3838 570 3892 culo
603 3841 1003 3892 excesserunt.
1025 3835 1289 3889 Flamma
1309 3835 1560 3888 excitata
1580 3851 1714 3888 cum
1741 3835 2092 3889 fulcimenta

438 3925 917 3991 adsumerentur,
951 3931 1142 3978 turres
1189 3923 1319 3978 dua)
1370 3939 1503 3977 cum
1536 3939 1703 3976 muro
1735 3923 2088 3978 intermedio

437 4023 682 4087 repente
737 4015 979 4070 divulsa:
1041 4013 1454 4082 subsederunt,
1509 4013 1799 4084 ruinaque
1838 4013 1998 4068 edita
2027 4013 2086 4068 in

437 4116 656 4164 terram
688 4107 898 4162 delataa
927 4112 1082 4162 sunt.
1116 4106 1446 4172 Cretenses,
1479 4105 1736 4159 novitate
1767 4103 2088 4175 spectaculi

435 4199 768 4272 stupefacti,
802 4213 1124 4270 parumper
1151 4212 1406 4268 pugnam
1439 4195 1907 4257 declinaverunt,
1940 4212 2086 4266 pro-

435 4291 576 4364 digii
609 4289 978 4346 immanitate
1013 4286 1271 4343 attoniti.
1303 4287 1449 4342 Tum
1497 4302 1705 4342 rursus
1733 4285 2086 4356 captivitatis

2201 2767 2317 2822 τοῖς
2377 2761 2613 2836 τείχεσιν
2680 2759 3114 2840 ἐγχριμφθέντος
3193 2761 3284 2816 καὶ
3363 2767 3632 2837 κραταιῶς
3685 2764 3827 2814 ταῦτα

2202 2851 2520 2920 τύπτοντος,
2580 2847 2766 2924 ἄνδρες
2827 2847 3117 2911 ὑποδύντες
3175 2853 3275 2921 τὴν
3335 2853 3591 2931 ταφρείαν
3641 2847 3823 2924 συχνοὶ,

2203 2937 2478 3013 λιθοτόμα
2504 2938 2705 3018 ὄργανα
2767 2938 3017 3018 φέροντες
3078 2944 3215 3010 (59),
3269 2941 3365 2997 καὶ
3398 2941 3692 3016 ἀνορύττειν
3717 2936 3828 2991 ἐκεῖ·

2202 3032 2286 3084 θεν
2339 3029 2650 3104 ἀρξάμενοι,
2710 3027 3071 3099 ἐξεκόλαπτον
3128 3029 3331 3104 ἠρέμα,
3386 3031 3476 3086 καὶ
3552 3031 3645 3098 τήν
3697 3025 3824 3082 λίθον

2203 3116 2506 3187 διέκοπτον,
2535 3119 2624 3173 ἳνα
2653 3121 2749 3174 τοῦ
2780 3118 3000 3193 τείχους
3049 3120 3084 3188 ἠ
3145 3119 3303 3193 βάσις
3345 3118 3644 3195 ἐρήρειστο.
3678 3122 3827 3188 Παρα-

2201 3207 2368 3283 τυχὸν
2400 3203 2456 3261 δὲ
2486 3203 2790 3281 ψαμμῶδες
2821 3206 2992 3281 ταύτῃ
3041 3206 3104 3262 τὸ
3153 3205 3317 3282 μέρος
3356 3210 3393 3277 ἡ
3427 3206 3576 3267 λίθος
3606 3203 3822 3279 λαχοῐσα

2202 3297 2386 3352 ὑπεῖκέ
2438 3318 2495 3352 τε
2545 3297 2636 3354 καὶ
2719 3293 2954 3351 ἐνεδίδου
3014 3296 3088 3357 ὡς
3151 3295 3416 3371 μάλιστα.
3478 3299 3538 3355 Ὀ
3590 3293 3641 3350 δὲ
3692 3291 3820 3368 κριὸς

2199 3388 2415 3443 τύπτων
2445 3386 2544 3442 οὐκ
2584 3386 2707 3456 ἀνίη
2759 3382 2956 3460 ἔρυμα,
3014 3387 3106 3441 καὶ
3163 3387 3301 3442 κατὰ
3361 3388 3553 3462 μικρὸν
3609 3381 3819 3439 διασπῶν

2201 3480 2298 3547 τὴν
2352 3473 2692 3550 οἰκοδομίαν,
2778 3473 2831 3535 ἐς
2909 3476 2970 3531 τὸ
3055 3471 3277 3550 ἀκριϐὲς
3357 3471 3814 3550 συμπεπιλημένην

2202 3565 2363 3621 οὖσαν
2393 3566 2483 3621 καὶ
2515 3563 2982 3620 δυσαπόσπαστον.
3017 3565 3170 3622 Ἐπεὶ
3223 3562 3279 3620 δὲ
3335 3567 3406 3621 τὰ
3455 3570 3604 3642 γεῖσα
3631 3565 3669 3599 ‘7
3694 3562 3809 3632 ᾗπερ

2201 3654 2501 3731 διώρυττον
2559 3655 2611 3710 οἳ
2669 3653 2756 3710 ἐπὶ
2842 3658 3005 3710 τοῦτο
3075 3652 3388 3731 ταχθέντες,
3446 3654 3673 3728 ἐκκρεμῆ
3740 3645 3811 3703 καὶ

2202 3745 2454 3814 ὑπόκενα,
2513 3745 2586 3805 ὡς
2669 3745 2731 3800 τὸ
2800 3743 2964 3811 εἰκὸς,
3045 3741 3446 3820 ἐξειργάσαντο,
3528 3734 3818 3817 ὀρθοστάδην

2200 3834 2388 3905 ξύλοις
2449 3832 2762 3910 ὑπήρειδον,
2818 3833 2958 3906 ὕλην
3013 3855 3072 3890 τε
3127 3830 3384 3908 ταχυδᾳῆ
3447 3838 3554 3907 (60)
3607 3830 3689 3885 καὶ
3717 3825 3819 3880 αὖον

2200 3927 2548 3995 συννήσαντες
2605 3924 2696 3978 καὶ
2753 3929 2858 3999 πῦρ
2935 3922 3176 3991 ἐνιέντες,
3260 3929 3363 3990 τῆς
3425 3920 3685 3997 διώρυχος
3738 3915 3818 3968 ὓπ-

2199 4014 2433 4089 εξῂεσαν.
2495 4017 2604 4082 Τῆς
2664 4011 2720 4068 δὲ
2776 4012 2986 4093 φλογὸς
3044 4011 3375 4092 ἀναφθείσης
3435 4012 3524 4067 καὶ
3576 4015 3675 4065 τῶν
3709 4026 3818 4072 στη-

2205 4105 2489 4181 ριγμάτων
2571 4101 3035 4177 ἀνθρακωθέντων,
3125 4098 3220 4155 δύο
3306 4102 3512 4178 πύργοι
3576 4099 3704 4171 ὁμοῦ
3755 4095 3818 4160 τῷ

2204 4190 2448 4266 διαμέσῳ
2479 4192 2527 4228 ⁴⁸
2567 4191 2776 4247 τούτων
2819 4187 3107 4265 δομήματι
3155 4193 3252 4245 τοῦ
3284 4191 3507 4265 τείχους
3535 4183 3816 4257 ἐξαπιναίως

2202 4280 2618 4358 ἀπορῥαγέντες,
2679 4281 2929 4360 ὑφίζανόν
2983 4300 3040 4336 τε
3118 4279 3209 4335 καὶ
3283 4277 3688 4341 ὑπωλίσθαινον,
3740 4289 3796 4324 κα

3803 4391 3815 4424 ι

1637 4441 1693 4494 C.
1740 4440 1801 4497 Β.
1854 4439 2043 4495 HASII
2082 4439 2636 4496 ANNOTATIONES.

508 4602 553 4639 “
578 4599 703 4656 παίε
730 4601 858 4658 cod.
935 4602 979 4636 ιτ
1003 4601 1229 4673 ταγεῖσα
1258 4597 1389 4656 cod.
1423 4613 1544 4653 uno
1569 4598 1767 4654 verbo.
1842 4596 1894 4632 ⁴⁸
1923 4593 2086 4670 διαμέ

2221 4599 2352 4655 cod.

514 4753 622 4823 (56)
657 4751 797 4806 Inde
829 4768 864 4806 a
891 4751 1022 4806 vbb.
1053 4753 1178 4806 Jam
1222 4766 1349 4805 vero
1390 4751 1510 4806 acri
1552 4750 1748 4805 denuo
1787 4749 2083 4806 Combefi—

2201 4751 2374 4838 epist.
2429 4753 2452 4806 I
2508 4755 2597 4838 eo.
2653 4754 2713 4810 Β.
2773 4758 3152 4838 χαμᾳιρεφεῖςη
3184 4755 3489 4838 [ερ91,τινες
3523 4737 3809 4838 ,γενδὲἑϊῖἶξ

441 4839 626 4878 sxana.

511 4896 622 4964 (57)
660 4897 802 4949 Rem
863 4894 1119 4949 similem
1178 4893 1464 4949 accidisse
1498 4894 1756 4949 Manueli
1788 4893 2089 4950 Comneno

442 4967 585 5038 imp.
606 4968 897 5038 Zeugmen
921 4965 1202 5036 oppidum
1229 4966 1592 5038 oppugnanti
1617 4967 1936 5038 Cinnamus
1959 4982 2091 5020 auc-

442 5036 545 5092 tor
591 5044 680 5094 est
729 5036 942 5108 Hister.
994 5039 1114 5108 142.
1165 5039 1224 5094 C.
1285 5036 1501 5108 γύναιόν
1533 5057 1608 5108 ,τι
1661 5069 1730 5078 ——
1780 5036 1846 5090 τὰ
1897 5037 2090 5107 ἱμάτια

438 5107 631 5178 κόσμῳ
661 5107 840 5161 οὐδενί
880 5107 1200 5182 ἀνασείρασα
1253 5106 1320 5180 [Ι.
1380 5106 1709 5180 ἀνασύρασα]
1744 5115 1802 5163 et
1831 5106 1963 5180 quin
1995 5126 2089 5165 se-

483 5189 723 5237 uuntur.

441 5200 1040 5334 Tiggigapazpﬁupﬁs
1057 5251 1186 5334 {sic
1205 5250 1540 5334 analogiam
1568 5255 1806 5334 secutus
1837 5252 2085 5334 scripsi:

439 5325 500 5378 in
533 5325 672 5378 Cod.
712 5329 770 5378 et
798 5323 894 5377 hic
925 5323 983 5376 et
1012 5328 1096 5376 71.
1146 5323 1206 5378 C.
1259 5327 1565 5394 exaratum
1596 5329 1706 5394 rest
1730 5339 1850 5376 uno
1882 5325 1934 5394 ρ)
1964 5323 2090 5394 pri-

439 5413 571 5450 mus
604 5397 663 5450 in
696 5396 903 5450 Lexica
933 5401 1134 5449 nostra
1172 5396 1257 5449 vir
1287 5393 1639 5448 eruditionis
1671 5393 1918 5447 summa:
1951 5393 2089 5447 Sch-

438 5469 719 5522 neiderus
751 5467 992 5536 recepit.
1028 5468 1149 5530 636,
1205 5482 1273 5520 ex
1330 5463 1508 5519 Suida
1558 5466 1656 5518 Ill.
1694 5468 1817 5517 552.
1851 5467 1910 5519 C.
1945 5464 2088 5519 Alia:

439 5540 820 5595 auctoritates
849 5537 1118 5593 vocabuli
1160 5542 1298 5593 sunt
1343 5538 1400 5608 S.
1447 5536 1760 5608 Gregorius
1793 5537 2090 5608 Nyssenus

439 5613 656 5668 Contra
686 5613 932 5665 Eunom.
969 5611 1035 5665 ΙΙ.
1073 5614 1190 5664 121,
1225 5610 1283 5665 C.
1316 5607 1382 5661 τὰ

445 5682 629 5754 μάτων
678 5685 894 5738 Contra
951 5684 1178 5738 Eunon.
1226 5682 1325 5754 ΔΙΙΙ.
1383 5676 1688 5754 161έοξτό
1719 5676 2090 5754 χαμαιρῥιιρές

437 5748 498 5813 τε
525 5754 616 5812 καὶ
647 5757 837 5834 γήϊνον
885 5757 992 5809 τῶν
1038 5759 1136 5826 τῆς
1191 5751 1445 5828 αἱρέσεως
1494 5748 1805 5828 δογμάτων.
1839 5748 2089 5809 ΞίΝίῐιιε

1428 5602 1778 5684 χαμᾷιρἑφῆ
1817 5602 2091 5684 1132.307.-

2199 4813 2480 4900 ὤφθημεν,
2515 4813 2866 4897 Αῐιοιιγῐῐίῦέ
2889 4813 3050 4882 Actis
3082 4813 3535 4882 SS.‘Philoromi
3560 4813 3622 4878 ac
3651 4813 3808 4906 Ifhilm

2205 4900 2328 4951 178.
2387 4902 2456 4951 Α.
2513 4895 2674 4950 αύτὸν
2729 4895 3083 4951 γαιιαιόὁιωῆ
3156 4894 3239 4951 ἐπ’
3316 4895 3484 4951 ὀξέσιν
3536 4893 3804 4951 ὀστρακοιςο

2205 4896 2328 4952 178.
2387 4902 2456 4951 Α.
2513 4896 3083 4975 αύτὸνίχαμαιρῥιφῆ
3156 4896 3239 4951 ἐπ’
3316 4896 3484 4966 ὀξέσιν
3536 4896 3803 4962 ὀστράκοις.

2203 4968 2618 5036 Confunditur,
2651 4975 2717 5024 ut
2745 4976 2903 5025 recte
2952 4969 3223 5026 observat
3269 4967 3668 5036 Schneiderus,
3695 4969 3803 5036 cur}!

2201 5025 2618 5114 χαμαιρῥεπήςί
2676 5041 3134 5114 Velut_0rigen.
3196 5042 3394 5114 Calen.
3449 5041 3507 5094 in
3548 5025 3802 5114 Psalle-ﬁ

2201 5103 2304 5167 '8‘“)
2327 5103 2397 5166 Αἱ
2423 5103 2715 5167 Baltbasa.
2739 5103 3055 5168 Corderitis
3075 5115 3265 5172 vertit.
3292 5113 3440 5166 humi
3467 5107 3671 5180 reptiles
3688 5103 3799 5169 [um

2199 5201 2383 5240 sumus
2405 5184 2518 5259 .°_in
2547 5184 2752 5259 βαεοο
2784 5191 2892 5259 est,
2927 5181 3323 5259 χαμαιρῥιφεῑς
3346 5177 3682 5259 χεγενῆμεθα.

2271 5259 2388 5328 (59)-
2413 5256 2628 5309 Confer
2666 5241 3040 5327 Agatbim'am
3085 5241 3175 5322 2'1',
3219 5241 3317 5311 ’Λξ
3343 5241 3552 5328 ὅργανοῖ
3583 5242 3796 5324 φέροντες

2203 5324 2497 5398 λιθοτόμα,
2531 5332 2590 5381 et
2619 5324 2749 5397 qua}
2780 5335 3164 5398 sequuntur._
3377 5324 3385 5327 ⁷
3422 5324 3431 5328 ⁷
3742 5375 3795 5398 Α,

2272 5403 2383 5466 (6οι
2401 5393 2977 5455 Ὁοάἱοίέιεοιὶοιίθω
2997 5394 3294 5468 muscus,
3318 5398 3378 5451 in
3401 5398 3552 5468 textu
3574 5393 3794 5468 capras?!

2201 5457 2322 5548 iota
2353 5457 2707 5548 subscripto,
2729 5470 2900 5548 quod
2926 5472 2991 5548 in
3023 5457 3513 5548 librisveteribus
3539 5457 3800 5548 velolrlljf",

2200 5542 2344 5596 titur
2363 5537 2630 5608 omnino,
2654 5537 2853 5608 vel,—ut
2880 5543 2996 5610 hic,
3020 5542 3404 5599 adscribitur.
3427 5537 3540 5610 Yon
3559 5537 3802 5610 ταχυξδᾞξ

2199 5630 2377 5684 quam
2409 5614 2559 5688 alias
2609 5605 2905 5688 nusquam
2962 5605 3156 5688 legere
3213 5607 3482 5674 memini,
3513 5605 3804 5676 Agathianw

2202 5691 2291 5740 est
2315 5685 2693 5757 preprietatis
2724 5689 2784 5740 21
2820 5687 2882 5744 C.
