4082 6200
372 392 491 455 697

1749 392 2140 457 HISTORIA]
2186 394 2329 455 LIB.
2378 396 2450 454 ll.

3663 387 3783 447 698

364 526 502 602 πρὸς
553 512 824 603 τοῦδαφος
854 521 1230 603 κατεφέροντο.
1266 525 1335 580 Οἱ
1378 522 1434 580 δὲ
1487 528 1711 600 Κρῆτες,
1746 532 1824 599 τῷ
1854 531 2012 600 καινῷ

2136 529 2469 600 periculum
2491 544 2559 583 ac
2580 526 2878 582 servitutis
2899 525 3097 581 animo
3123 520 3778 590 recolentes,constipa-

370 620 467 671 τοῦ
528 616 807 689 ὁράματος
864 609 1253 687 θαμϐηθὲντες,
1310 612 1393 667 ἐπ’
1446 611 1637 690 ὀλίγον
1688 616 1886 690 χρόνον
1926 618 2024 685 τήν

372 705 561 779 μάχην
626 702 914 773 ἐξέκλιναν,
975 708 1053 775 τῷ
1109 703 1377 777 τεραστίῳ
1434 702 1871 780 καταπλαγέντες
1925 709 2021 759 τοῦ

367 794 716 869 πράγματος.
782 793 896 848 Εἶτ’
952 791 1105 852 αὖθις
1184 792 1276 846 τὸν
1332 798 1430 860 τῆς
1484 791 1874 867 αἰχμαλωσίας
1930 793 2020 847 καὶ

370 878 624 942 δουλείας
684 879 1147 956 ὑπολογισάμενοι
1203 877 1463 948 κίνδυνον,
1520 881 1594 941 είς
1652 881 1863 958 ἀρέαγῆ
1915 904 2021 937 πα-

370 971 536 1044 ράταξ
549 993 590 1023 ιν
621 970 1057 1044 συνηθροίζοντο,
1091 968 1182 1024 καὶ
1241 966 1329 1023 διὰ
1385 975 1492 1024 τῶν
1520 970 2021 1044 κατερειπωθέντων

367 1066 573 1134 τειχῶν
626 1062 724 1129 την
776 1061 1094 1132 Ῥωμαϊκὴν
1152 1053 1531 1114 διαϐαίνουσαν
1562 1061 1815 1139 φάλαγγα
1846 1059 2020 1136 ἐρῥω-

367 1148 665 1222 μενέστατα
724 1145 1075 1223 ὑπεδέχοντο,
1133 1145 1431 1222 δαιμονίως
1489 1170 1546 1203 τε
1604 1146 2017 1224 διηγωνίζοντο,

361 1237 494 1311 περὶ
546 1239 730 1312 ψυχὴν
786 1238 833 1273 ⁴⁸
886 1233 1297 1297 κινδυνεόοντες.
1333 1239 1492 1311 ’Ἄρτι
1525 1234 1581 1291 δὲ
1612 1235 1839 1291 πολλῶν
1868 1237 2019 1291 ἀναι-

362 1323 646 1398 ρεθέντων,
698 1323 815 1379 ἐπεὶ
870 1325 1006 1399 πρὸς
1059 1326 1327 1396 τοσαύτην
1356 1325 1815 1403 ἀνανταγώνιστον
1846 1328 2019 1399 ροπὴν

362 1412 478 1488 οὐχ
538 1414 650 1467 οἶοί
704 1435 760 1469 τε
816 1415 950 1483 ἦσαν
1006 1414 1375 1470 ἀντικαθίσθαι
1432 1411 1738 1488 (ἐπέϐρισαν
1804 1415 1907 1491 γὰρ
1962 1416 2016 1469 αἱ

362 1500 622 1576 δυνάμεις
679 1505 927 1569 κατόπιν,
1010 1504 1101 1559 καὶ
1177 1505 1421 1579 ὠθισμὸς
1481 1505 1848 1565 ἀνυπόστατος
1905 1505 2015 1577 ἦν),

365 1595 442 1654 εἷς
503 1596 682 1673 φυγήν
743 1598 825 1668 [Ρ.
881 1598 966 1669 16]
1026 1594 1334 1670 τρέπονται,
1398 1601 1704 1672 χωροῦντες
1763 1592 1851 1650 διὰ
1910 1600 2017 1650 τῶν

360 1690 672 1739 στενωπῶν·
733 1685 998 1757 Ῥωμαῖοι
1057 1682 1113 1739 δὲ
1171 1684 1495 1765 ἐφεπόμενοι
1526 1686 1754 1745 τούτους
1786 1684 2016 1758 ἀνῄρουν

354 1770 628 1842 ἀνηλεῶς.
692 1774 754 1826 Οἱ
809 1770 864 1828 δὲ
920 1772 1352 1854 περιλειφθέντες
1409 1776 1500 1830 καὶ
1560 1775 1719 1835 ὅσους
1752 1773 1849 1829 οὐκ
1879 1770 2011 1852 ἔφθη

2135 624 2191 673 to
2214 619 2450 690 agmine
2482 618 2670 673 aciem
2703 621 3041 687 coegerunt,
3075 630 3299 685 perque
3338 626 3645 666 murorum
3680 626 3779 662 ru-

2130 707 2271 762 dera
2293 710 2693 762 Romanorum
2715 704 3067 776 phalangem
3092 701 3511 772 pervadentem
3533 696 3782 753 fortissi-

2130 814 2223 853 me
2256 798 2641 869 excipientes,
2674 794 2998 866 majoribus
3031 808 3207 863 quam
3240 808 3345 862 pro
3372 791 3634 843 humana
3662 788 3776 840 vir-

2130 893 2252 942 tute
2274 886 2491 941 animis
2515 887 2574 941 in
2599 886 2726 939 vitaa
2750 883 3095 939 discrimine
3117 882 3495 936 dimicarunt.
3520 877 3778 931 Tandem

2128 975 2332 1030 multis
2354 976 2681 1039 caasis,cum
2701 981 2907 1029 contra
2925 979 3042 1027 tam
3063 971 3470 1025 vehementem
3490 968 3777 1036 impetum

2128 1063 2350 1119 diutius
2372 1065 2649 1119 resistere
2680 1080 2798 1117 non
2832 1068 3075 1133 possent
3095 1059 3430 1132 (ingruebat
3452 1055 3611 1111 enim
3634 1055 3718 1108 vis
3746 1070 3779 1108 a

2128 1157 2311 1225 tergo,
2345 1153 2738 1225 impressione
2769 1168 3012 1223 prorsus
3046 1148 3451 1216 intolerabili),
3486 1147 3548 1199 in
3578 1144 3775 1215 fugam

2126 1241 2393 1296 conversi
2451 1242 2511 1295 in
2572 1240 2898 1312 angiportis
2957 1255 3018 1294 se
3076 1238 3459 1309 dejecerunt:
3528 1231 3775 1289 Romani

2126 1347 2261 1385 vero
2297 1331 2548 1385 insecuti
2583 1330 2709 1385 dire
2733 1346 2832 1384 eos
2858 1326 3251 1383 trucidabant.
3274 1327 3417 1379 Tum
3451 1324 3550 1395 qui
3582 1324 3779 1378 hacte-

2125 1437 2237 1475 nus
2268 1420 2617 1491 superstites
2649 1425 2838 1485 erant,
2862 1435 2929 1473 ac
2955 1421 3246 1488 quotquot
3274 1414 3496 1467 bellum
3530 1428 3647 1466 non
3682 1410 3778 1465 de—

2126 1509 2783 1581 messuerat,projectus
2814 1507 2995 1562 armis
3026 1505 3099 1560 ad
3130 1520 3334 1576 preces
3365 1501 3774 1572 confugerunt.

2123 1600 2245 1664 Qua
2304 1616 2367 1654 re
2425 1600 2567 1667 visa,
2628 1604 2862 1669 praator,
2925 1594 3256 1651 calcaribus
3302 1607 3454 1662 equo
3485 1589 3774 1652 subdidis,

2124 1689 2418 1743 concitato
2451 1705 2629 1743 cursu
2661 1686 2944 1759 oppidum
2977 1686 3159 1739 intrat
3202 1687 3259 1737 et
3297 1680 3553 1736 militum
3586 1678 3775 1748 impe-

2126 1781 2249 1830 tum
2281 1776 2574 1831 inhibuit:
2609 1792 2730 1830 non
2764 1791 2893 1829 esse
2943 1769 3326 1827 trucidandos
3358 1766 3636 1826 suadens,
3671 1763 3773 1833 qui

356 1860 648 1936 ἐκθερίζειν
705 1866 816 1935 (61)
874 1863 901 1917 6
961 1862 1229 1937 πόλεμος,
1290 1864 1354 1918 τὰ
1428 1862 1576 1921 ὅπλα
1634 1864 1881 1940 ῥίψαντες
1935 1863 2011 1923 εἷς

2127 1881 2292 1921 arma
2338 1865 2716 1937 abjecissent,
2771 1881 2882 1919 nec
2938 1863 2999 1917 in
3046 1863 3138 1918 27
3198 1859 3388 1914 nudos
3418 1872 3485 1911 ac
3516 1856 3776 1909 inermes

352 1954 592 2007 ἱκετείαν
642 1950 958 2026 ἐτράποντο.
1012 1954 1181 2028 Ὅπερ
1231 1955 1258 2009 ὁ
1314 1954 1622 2030 στρατηγὸς
1661 1954 2007 2027 θεασάμενος,

352 2042 447 2096 τὸν
505 2040 677 2096 ’ἰππον
727 2044 1005 2116 κεντρίσας
1074 2042 1164 2097 καὶ
1249 2043 1339 2098 τὸν
1398 2040 1601 2117 δρόμον
1656 2042 2008 2117 ἐπιταχόνας,

354 2129 650 2201 εἰσήλαυνὲ
707 2153 765 2187 τε
821 2132 911 2186 καὶ
969 2137 1077 2187 τῶν
1133 2138 1482 2206 στρατιωτῶν
1536 2135 1635 2202 τήν
1684 2133 1863 2206 ὁρμήν
1920 2132 2011 2185 ἀν-

353 2222 597 2296 ετείχιζε
654 2223 723 2290 ⁵ο,
786 2223 861 2297 μή
921 2222 1144 2277 κτείνειν
1195 2221 1492 2277 ἀναπείθων
1548 2222 1675 2283 τοὺς
1741 2222 1807 2277 τὰ
1866 2220 2011 2276 ὅπλα

354 2312 621 2387 ῥίψαντας
697 2309 911 2386 ἄνδρας,
984 2310 1124 2386 μηδὲ
1202 2314 1339 2368 κατὰ
1405 2310 1584 2386 ψιλῶν
1639 2312 1729 2367 καὶ
1788 2309 2012 2365 ἀόπλων

2124 1955 2446 2011 crudeliter
2474 1961 2532 2010 et
2557 1955 2685 2010 sine
2716 1954 3082 2009 humanitate
3115 1949 3461 2005 irruendum
3490 1963 3502 2000 :
3537 1968 3563 1994 ‹‹
3599 1944 3774 1998 inhu-

2121 2044 2425 2100 manitatis
2465 2061 2594 2099 esse
2647 2043 2860 2107 aiebat,
2908 2059 3007 2097 eos
3057 2041 3157 2111 qui
3203 2038 3418 2094 cedant
3446 2041 3505 2090 et
3539 2051 3601 2089 se
3633 2032 3772 2087 sub-

2113 2133 2347 2203 jiciant,
2398 2150 2516 2187 non
2565 2149 2735 2187 secus
2783 2138 2958 2202 atque
3009 2131 3207 2184 hostes
3245 2127 3492 2198 perdere
3546 2130 3604 2178 et
3658 2122 3770 2176 ob-

2124 2229 2418 2278 truncare.
2457 2244 2479 2272 »
2516 2223 2615 2277 His
2648 2221 2837 2277 verbis
2886 2236 3037 2293 aegre
3089 2219 3207 2273 dux
3246 2215 3550 2272 crudelem
3576 2214 3769 2283 impe-

2123 2319 2248 2367 tum
2280 2313 2572 2368 exercitus
2604 2311 2863 2366 inhibuit
2891 2327 2958 2365 ac
2987 2308 3231 2364 sedavit.

354 2402 528 2473 ὠμῶς
562 2402 652 2456 καὶ
683 2403 1063 2478 ἀπανθρώπως
1098 2408 1323 2476 χωρεῖν,
1357 2402 1747 2478 ἀπανθρωπίας
1789 2399 1967 2476 λέγων
1997 2403 2157 2469 εἴναι,
2203 2402 2265 2455 τὸ
2320 2400 2538 2469 ὑπεῖξαν
2569 2400 2659 2454 καὶ
2692 2400 2917 2475 γεγονὸς
2949 2397 3267 2471 ὑποχείριον
3300 2392 3624 2471 διαφθείρειν
3655 2388 3762 2458 ἤδη

351 2491 443 2545 καὶ
506 2491 880 2547 ἀποκτιννύειν
936 2492 1168 2569 ὠσπερεὶ
1219 2491 1511 2566 πολέμιον.
1574 2491 1808 2556 Τούτοις
1860 2496 1977 2554 τοῖς
2038 2490 2229 2566 λόγοις
2289 2490 2455 2563 μόλις
2516 2489 2743 2565 ἐπέσχεν
2802 2490 2830 2544 6
2884 2488 3185 2563 στρατηγὸς
3225 2490 3325 2551 τῆς
3372 2489 3619 2558 στρατιᾶς
3664 2480 3764 2547 τὴν

356 2580 656 2658 μιαιφόνον
691 2580 893 2656 ὁρμήν.

427 2700 502 2771 η’.
538 2700 691 2756 Ἐπεὶ
746 2696 801 2754 δὲ
843 2701 979 2755 κατὰ
1026 2700 1224 2774 κράτος
1277 2698 1403 2771 ἥλω
1451 2703 1485 2771 ἡ
1534 2698 1721 2767 πόλις,
1761 2700 1826 2755 τὰ
1856 2721 2012 2774 πρω-

353 2788 554 2844 τόλεια
606 2787 817 2868 ὑφελὼν
874 2791 902 2844 6
961 2790 1289 2866 στρατηγὸς,
1349 2791 1439 2845 καὶ
1498 2791 1560 2845 τὸ
1616 2790 1849 2863 ἀκμαῖον
1904 2795 2010 2844 τῶν

353 2876 746 2955 αἰχμαλώτων
799 2877 1352 2953 ἀνδραποδισάμενος,
1412 2878 1715 2959 διειληφώς
1747 2902 1803 2935 τε
1843 2884 2011 2934 ταῦτα

352 2968 447 3023 καὶ
503 2968 580 3028 εἷς
612 2970 668 3023 ὸν
708 2965 909 3041 ἔμελλε
965 2970 1220 3046 κατάγειν
1271 2964 1538 3043 θρίαμϐον
1569 2967 1905 3043 διατηρήσας
1937 2970 2011 3029 ὡς

355 3056 628 3131 μάλιστα,
696 3058 761 3113 τὰ
839 3055 1008 3112 λοιπὰ
1059 3063 1176 3119 τοῖς
1228 3059 1590 3133 στρατιώταις
1656 3059 2012 3133 προνομεύειν

347 3146 717 3223 προτέθεικεν.
778 3148 845 3204 Οἱ
900 3144 956 3201 δὲ
1024 3144 1112 3202 διὰ
1188 3154 1294 3203 τῶν
1373 3145 1643 3222 δωμάτων
1703 3154 2011 3224 χωροῦντες

2190 2702 2240 2754 8.
2276 2698 2501 2771 Oppido
2531 2698 2583 2753 vi
2613 2703 2963 2772 expugnato,
3010 2703 3229 2769 prmtor
3277 2694 3607 2751 subtractas
3651 2706 3771 2745 ma.

2121 2789 2440 2844 nubiarum
2471 2790 2765 2860 primitias
2784 2788 3162 2860 captivosque
3184 2785 3539 2841 valentiores
3560 2782 3621 2835 in
3646 2797 3767 2834 ser-

2120 2882 2367 2935 vitutem
2424 2880 2695 2936 redactos
2775 2879 3060 2952 seposuit,
3120 2879 3193 2934 ad
3262 2876 3769 2947 triumphumque,

2126 2987 2303 3040 quem
2332 2970 2617 3025 ducturus
2640 2976 2785 3037 erat,
2812 2969 3127 3042 diligenter
3153 2966 3470 3021 reservavit
3495 2980 3506 3017 :
3541 2963 3772 3032 reliqua

2121 3059 2411 3114 militibus
2469 3059 2805 3131 diripienda
2869 3056 3198 3130 proposuit.
3256 3055 3349 3109 Illi
3403 3070 3507 3125 per
3563 3053 3771 3107 domos

2124 3150 2293 3204 effusi
2326 3148 2581 3220 praedam
2614 3149 2935 3220 plurimam
2968 3154 3026 3201 et
3074 3145 3448 3217 magniﬁcam
3480 3142 3768 3197 fecerunt.

348 3236 575 3296 πολλὰς
632 3237 721 3291 καὶ
772 3235 1098 3297 πολυτελεῖς
1170 3236 1501 3312 ἐκαρποῦντο
1562 3240 1656 3299 τὰς
1717 3238 2004 3318 ὠφελείας.

2124 3239 2330 3292 Fertur
2386 3238 2543 3293 enim
2602 3237 2969 3293 Cretensium
3019 3235 3301 3307 oppidum
3333 3248 3473 3303 opes
3502 3232 3773 3301 ingentes

356 3326 630 3381 Πλεῖστον
679 3326 783 3402 γὰρ
840 3327 930 3380 καὶ
984 3325 1370 3398 ἀνεξάντλητον
1426 3333 1532 3382 τῶν
1562 3330 1604 3365 ⁸¹
1662 3334 1887 3402 Κρητῶν
1918 3327 2013 3383 λέ-

352 3437 515 3492 γεται
570 3413 735 3470 πόλιν
792 3410 937 3470 ἔνδον
995 3417 1085 3471 τὸν
1135 3412 1302 3471 ὄλϐον
1347 3419 1768 3493 παρακατέχειν,
1802 3418 1888 3473 ἐπὶ
1917 3441 2013 3473 συ-

354 3507 488 3581 χνὸν
548 3505 659 3580 οὐχ
714 3503 913 3573 ἥκιστα
991 3505 1425 3580 εὐημερήσασαν,
1494 3506 1749 3580 εὐμενοῦς
1808 3528 1867 3562 τε
1921 3508 2011 3563 καὶ

355 3593 651 3669 μειλιχίου
680 3598 1022 3669 πειραθεῖσαν
1050 3602 1150 3664 τῆς
1196 3597 1396 3670 τύχης,
1454 3597 1544 3651 καὶ
1583 3594 1752 3670 μηδὲν
1802 3618 1854 3651 τι
1906 3604 2013 3653 τῶν

347 3683 700 3738 ἀπευκταίων
753 3683 1219 3757 καθυπομείνασαν
1275 3687 1405 3757 (62),
1468 3686 1500 3739 ἃ
1557 3688 1591 3755 ἠ
1643 3684 2013 3761 παλίντροπος

352 3778 464 3827 τῶν
518 3772 733 3846 χρόνων
784 3774 926 3852 φορά
981 3772 1174 3828 ὡσανεί
1231 3795 1376 3835 τινας
1430 3781 1603 3848 κῆρας
1654 3773 2013 3831 ἐπικυλίνδειν

354 3861 542 3917 εἴωθε·
609 3861 848 3935 μάλιστα
915 3860 971 3917 δὲ
1025 3869 1366 3937 πειρατικαῖς
1416 3864 1507 3918 καὶ
1568 3862 1891 3939 λῃστρικαῖς
1931 3888 2014 3921 κε-

357 3952 650 4026 χρημένην
680 3950 1020 4021 ἐκπλεύσεσι,
1072 3959 1178 4007 τῶν
1230 3959 1401 4029 γαιῶν
1458 3953 1780 4032 ἀμφοτέρων
1811 3954 2012 4025 λη’ῐσα-

351 4046 476 4096 σθαι
512 4043 579 4096 τὰ
609 4043 902 4116 παράκτια,
959 4044 1065 4097 κὰκ
1120 4048 1227 4097 τῶν
1256 4044 1521 4099 τοιούτων
1561 4042 2011 4118 ἐπιτηδευμάτων

347 4131 795 4205 ἀποθησαυρίσαι
843 4129 1083 4186 πλοῦτον
1139 4132 1438 4205 ἀμύθητον.
1473 4132 1652 4189 Ἀλλά
1694 4139 1885 4190 τοῦτον
1918 4136 2010 4209 μὲν

351 4222 441 4276 τὸν
474 4222 683 4295 τρόπον
710 4219 832 4289 ἦλω
863 4221 923 4275 τὸ
970 4222 1018 4257 ⁵³
1072 4219 1203 4276 ἄστυ
1243 4222 1333 4277 καὶ
1390 4223 1527 4296 πρὸς
1553 4229 1659 4278 τῶν
1688 4225 2012 4297 Ῥωμαϊκῶν

354 4312 577 4390 ἐλήφθη
632 4316 854 4385 χειρῶν.
918 4311 1069 4366 Ἐπεὶ
1154 4307 1209 4365 δὲ
1294 4312 1358 4366 τὰ
1433 4309 1578 4366 ἔνδον
1653 4311 2010 4386 ἐκκεκόμιστο

355 4404 591 4469 ἅπαντα,
650 4401 742 4455 τὸν
798 4394 1094 4473 περίϐολον
1152 4401 1180 4454 6
1239 4399 1550 4479 Νικηφόρος
1616 4403 2012 4458 κατασκάπτειν

352 4488 753 4547 διακελεύεται·
794 4492 890 4544 τοῦ
947 4485 1004 4543 δὲ
1057 4487 1327 4563 πολλαχῆ
1359 4490 1867 4563 κατερειπωθέντος,
1922 4490 2010 4547 ἐπὶ

349 4582 449 4648 τὴν
483 4578 675 4653 χώραν
720 4575 876 4639 αὖθις
916 4575 1096 4651 ἀπῆγε
1142 4578 1242 4645 τήν
1287 4572 1530 4649 δύναμιν.
1580 4574 2012 4653 Ἀνδραποδισά-
2037 4601 2082 4665 D

359 4688 517 4742 μενος
574 4688 634 4722 τε
689 4666 891 4736 ταύτην
947 4664 1038 4720 καὶ
1095 4662 1446 4741 ληϊσάμενος,
1505 4665 1596 4721 καὶ
1644 4667 1706 4722 τὸ
1763 4666 2004 4739 ἀντίξουν

2119 3334 2297 3399 atque
2319 3328 2702 3382 inexhaustas
2724 3326 3090 3381 continuisse
3115 3341 3127 3378 :
3152 3329 3466 3395 propterea
3490 3318 3644 3390 quod
3670 3318 3771 3371 diu

2118 3433 2236 3471 non
2264 3432 2474 3487 parum
2504 3415 2666 3481 felix,
2702 3414 3019 3486 propitiam
3061 3412 3414 3482 facilemque
3462 3415 3767 3480 expertum

2116 3508 2438 3571 fortunam,
2493 3507 2897 3562 calamitatum
2947 3505 3174 3560 nullam
3224 3503 3587 3575 pertulisset,
3621 3516 3768 3570 quas

2118 3596 2433 3650 mutabiles
2452 3601 2784 3667 temporum
2803 3611 3011 3650 cursus
3026 3599 3311 3663 tanquam
3327 3592 3555 3661 aliquot
3575 3596 3767 3660 pestes

2117 3692 2387 3765 infligere
2438 3692 2632 3747 solet:
2686 3698 2806 3747 tum
2853 3691 3130 3757 maxime,
3169 3690 3327 3759 quod
3359 3687 3623 3759 piraticis
3655 3704 3761 3740 ex-

2118 3783 2494 3838 cursionibus
2524 3787 2583 3837 et
2612 3783 2940 3838 latrociniis
2997 3796 3192 3846 usum,
3227 3780 3537 3849 utriusque
3578 3778 3769 3832 conti-

2117 3872 2317 3926 nentis
2349 3872 2687 3944 populando
2744 3872 2966 3939 littora,
3026 3868 3321 3942 ejusmodi
3364 3868 3590 3923 artibus
3622 3867 3771 3921 divi.

2118 3963 2229 4018 tias
2253 3964 2589 4019 ineffabiles
2612 3968 3037 4019 coacervasset.
3059 3963 3125 4016 In
3149 3962 3307 4016 hunc
3339 3960 3581 4014 modum
3612 3959 3772 4029 Oppi-

2118 4051 2258 4105 dum
2280 4058 2681 4124 expugnatum
2699 4055 3220 4120 Romanorumque
3237 4048 3516 4104 manibus
3535 4053 3770 4117 captum

2118 4145 2226 4194 est.
2260 4142 2474 4195 Evecta
2522 4147 2653 4211 post
2682 4141 2808 4195 haec
2843 4141 3004 4194 omni
3037 4138 3425 4209 supellectile.
3462 4152 3767 4191 murorum

2116 4226 2405 4281 ambitum
2437 4227 2666 4297 perfodi
2700 4233 2876 4298 atque
2934 4227 3128 4298 disjici
3168 4224 3764 4297 Nicephorusjussit:

2118 4333 2233 4386 quo
2288 4316 2494 4370 multis
2552 4317 2615 4371 in
2673 4316 2819 4372 locis
2876 4316 3195 4383 destructo,
3230 4315 3290 4368 in
3322 4329 3525 4386 agrum
3560 4327 3764 4365 rursus

2116 4405 2315 4461 educit
2342 4405 2565 4477 copias.
2596 4407 2779 4471 Quem
2812 4405 3148 4477 populatus,
3172 4402 3516 4457 hominibus
3546 4400 3607 4453 in
3640 4415 3765 4453 sero

2115 4495 2359 4549 vitutem
2392 4495 2637 4561 redacti,
2663 4512 2797 4551 cum
2829 4493 3118 4565 quidquid
3149 4492 3429 4546 infestum
3461 4488 3767 4560 superfue-

2115 4588 2207 4639 rat
2250 4585 2348 4641 28
2410 4585 2538 4639 sine
2601 4584 2887 4657 sanguine
2945 4582 3292 4653 subegisset,
3348 4580 3408 4634 in
3468 4578 3764 4633 tumulum

2114 4672 2433 4730 sublimem
2463 4673 2834 4744 arduumque
2864 4671 3021 4727 haud
3050 4670 3259 4743 procul
3288 4668 3359 4725 ab
3394 4668 3590 4724 excisa
3618 4666 3766 4722 urbe

1571 4845 1630 4901 C-
1674 4849 1734 4905 Β.
1777 4848 1967 4904 HASII
2005 4851 2560 4908 ANNOTATIONES.

424 5023 474 5059 ⁴⁹
502 5027 660 5081 Fort.
695 5026 902 5100 ψυχῆς.
978 5025 1028 5061 ⁵ο
1057 5027 1212 5084 Fort.
1244 5024 1572 5101 ἀνεχαίτιζι.
1649 5027 1696 5063 δι
1725 5032 1856 5085 τῶν.
1888 5031 2012 5103 Leg.

2124 5049 2150 5083 ν
2184 5030 2303 5087 sive
2330 5030 2430 5097 τὴν
2461 5032 2591 5085 τῶν.
2667 5028 2718 5066 ⁵⁸
2747 5027 2868 5085 σῖλο
2895 5030 2959 5085 τὸ
2990 5030 3122 5088 cod.

431 5218 1254 5302 (bilOportebat_éx0epl§mv,
1283 5223 1403 5302 _vel
1461 5224 1656 5302 potius
1702 5219 2009 5302 itaet-taleam.

360 5292 469 5365 sed
496 5294 592 5347 hic
629 5292 881 5365 Leonem
914 5295 975 5349 in
1009 5292 1183 5365 culpa
1214 5292 1507 5349 arbitror:
1560 5296 1663 5350 lin.
1692 5298 1782 5358 23,
1816 5292 1914 5351 tibi
1946 5298 2007 5352 in

358 5363 499 5443 God.
534 5370 626 5443 est
653 5363 970 5443 ἀνετείχιζε,
999 5363 1124 5443 fere
1166 5370 1401 5443 credam
1451 5367 1759 5443 scripsisse
1789 5366 2007 5443 ἀνεχαί-

356 5438 490 5527 ξιζε.
528 5436 697 5527 certe
754 5435 1275 5527 a’zvdZainIELZA-rfpu
1336 5439 1514 5527 ὁρμήν
1543 5435 1635 5526 ’23
1810 5435 1920 5527 84::
1946 5442 2005 5495 C.

360 5482 823 5588 &v;x|a-:5Cov;_ti‘r,v_
855 5482 1047 5586 ἔφοδοξ
1100 5512 1182 5588 29.
1204 5482 1304 5588 *15η
1337 5482 1445 5588 τζῖ
1462 5482 2013 5588 ἐφόδουςυΝίοὶῖίιξλ

362 5592 464 5665 rus
491 5581 634 5660 l_mp.
669 5581 1097 5665 Tacticfsupra
1130 5584 1247 5665 ll7‘.
1278 5584 1342 5637 A.
1378 5583 1477 5637 Est
1500 5581 1748 5665 verbum
1784 5581 2014 5665 [lentos-

366 5648 691 5717 thenicum,
747 5668 904 5724 ξιξερο
950 5648 1032 5705 ibi
1078 5657 1349 5708 notatum
1380 5669 1413 5708 a
1442 5655 1683 5726 criticis,
1723 5661 2009 5712 veterum.

359 5719 491 5777 Yid.
526 5723 806 5779 Maussac.
834 5722 910 5780 ad
940 5723 1279 5798 Harpocrat.
1312 5726 1400 5780 42.
1434 5725 1494 5781 C.

2196 5226 2308 5296 (62)
2345 5225 2734 5300 AKaOunopévw
2776 5227 3047 5300 gadjunge
3108 5227 3330 5283 Lexicis
3387 5244 3457 5283 ex
3498 5226 3609 5282 hoc
3639 5228 3766 5281 loco

2124 5312 2273 5368 eque
2305 5298 2491 5353 altero
2512 5300 2601 5352 ‘20.
2626 5301 2682 5353 Β.
2704 5299 2930 5355 Addam
2955 5298 3337 5355 auctoritates
3364 5307 3768 5371 quantaecum-

2120 5386 2233 5444 que
2266 5372 2725 5444 sunt_Anonymi
2768 5372 2849 5444 De
2890 5372 3028 5444 AVita
3074 5372 3131 5425 S.
3183 5370 3586 5444 Chrysostom.
3623 5370 3766 5444 Vll_I.

2120 5442 2243 5525 $171.
2303 5441 2660 5525 9.”é£o'io::ov
2719 5441 3003 5525 tﬁvﬁpizv
3059 5441 3560 5525 καθυπομένονταςο
3613 5446 3673 5525 Et

2123 5514 2416 5601 Qregentii
2447 5514 2804 5601 Tephrensis
2835 5512 3122 5601 Qisputat.
3304 5515 3510 5601 gudmo

2122 5579 2285 5659 εἱς-τὸ
2319 5579 2587 5659 ζωοποιδν
2621 5583 2796 5659 ἀνομα
2824 5579 3130 5659 τῆίάγίας
3160 5583 3390 5659 Τριάδος
3423 5582 3509 5636 καὶ
3544 5579 3771 5654 χείρονα

2120 5655 2327 5709 τούτων
2354 5657 2563 5711 καθυπο
2572 5655 2841 5730 μένουσιν.
