4082 6200
366 382 482 444 705

362 514 791 589 συνεκφορήσας,
878 511 968 568 καὶ
1038 511 1193 584 νίκην
1253 511 1671 588 ἐπιφανεστάτην
1726 511 1816 567 καὶ
1894 516 2010 565 οἷαν

371 606 472 661 οὐκ
500 602 673 666 ἄλλος
732 599 1162 675 ἀναδησάμενος,
1220 601 1419 667 ἐκεῖθεν
1480 604 1577 672 τὴν
1635 600 1860 675 δύναμιν
1912 602 2012 656 ἆν-

1784 377 2173 439 ΗΙΒΤΟΗΙᾸΞ
2214 377 2365 436 LlB.
2421 376 2499 436 ΙΙ.

3648 386 3768 447 706

2116 510 2601 582 congessissent:
2665 512 2791 583 ipse
2845 513 2918 568 ad
2974 514 3396 585 imperatorem
3429 519 3761 591 contendit,

2115 602 2388 658 laborum
2422 604 2666 675 praemia
2702 611 3077 677 accepturus.

367 689 665 768 ελᾶμϐανε,
697 694 786 748 καὶ
814 693 954 747 κατὰ
980 693 1047 748 τὰ
1076 696 1223 771 σφῶν
1253 690 1509 747 ἓστελλεν
1540 692 1674 763 ἤθη,
1705 691 1981 765 ἀμύθητον
2008 692 2099 747 τὸν
2132 689 2369 747 πλοῦτον
2406 691 2726 765 ἀθροίσασαν
2751 693 2814 729 ⁸⁸·
2841 692 3000 755 αὐτὸς
3025 692 3081 748 δὲ
3109 696 3245 770 πρὸς
3274 697 3365 751 τὸν
3400 697 3773 777 αὐτοκράτορα

362 782 471 848 ἔθει
504 785 572 855 5°,
601 787 709 837 τῶν
742 780 923 836 πόνων
954 781 1020 835 τὰ
1049 781 1182 856 γέρα
1214 780 1554 855 ληψόμενος.

438 902 487 956 ι’.
520 902 678 975 “Apri
712 897 769 953 δὲ
794 902 1046 971 μεσοῦντι
1077 900 1176 967 τὴν
1222 896 1537 975 ὁδοιπορίαν
1595 904 1673 971 τῷ
1731 905 2015 973 στρατηγῷ

364 992 527 1067 φήμη
589 1011 672 1053 τις
746 989 1058 1058 ὑπηντίαζε,
1110 990 1211 1057 τὴν
1299 989 1532 1052 ἐντεῦθεν
1594 986 1859 1061 ἐκδημίαν
1918 993 2015 1043 τοῦ

366 1078 597 1141 ἄνακτος
657 1080 947 1151 Ῥωμανοῦ
1004 1083 1114 1148 (72).
1173 1076 1594 1154 διαγγέλλουσα.
1654 1079 1714 1135 Ὀ
1799 1076 1877 1148 δὲ,
1936 1082 2016 1150 τῷ

366 1167 769 1242 ἀπροσδοκήτῳ
796 1174 896 1237 τῆς
930 1168 1121 1243 φήμης
1151 1166 1528 1242 ἐκταραχθεὶς,
1570 1166 1765 1242 ἐπέσχε
1820 1188 1876 1221 τε
1918 1168 2016 1235 τὴν

367 1255 705 1333 διαπορείαν,
736 1256 993 1312 καὶκατὰ
1025 1256 1211 1331 χώραν
1271 1258 1499 1329 ὑπεμενε
1553 1257 1621 1313 ⁸ο.
1680 1258 1905 1331 Λέγεται
1959 1254 2017 1311 δὲ

363 1350 556 1401 τοῦτον
589 1348 682 1401 τὸν
710 1345 911 1419 τρόπον
944 1343 1216 1414 ἐκπλῆσαι
1247 1346 1337 1399 τὸν
1376 1345 1493 1420 βίον
1526 1350 1615 1400 τὸν
1645 1344 2016 1419 αὐτοκράτορα

364 1438 672 1511 Ῥωμανόνο
734 1435 958 1505 Ἐπειδή
1015 1435 1378 1511 παρειληφὼς
1423 1437 1524 1505 τήν
1581 1436 1760 1511 ἀρχὴν
1802 1435 2013 1505 ἐπιεικῆ

373 1528 550 1584 τεκαὶ
608 1529 829 1602 μέτριον
886 1525 1044 1579 αὐτὸν
1076 1526 1165 1579 καὶ
1217 1525 1547 1602 εὐεργετικὸν
1624 1530 1703 1597 τῷ
1789 1523 2017 1598 ὑπηκόῳ

369 1619 688 1693 παρείχετο,
770 1614 1061 1679 ὑποδύντες
1144 1616 1282 1677 τινὲς
1332 1615 1422 1669 καὶ
1498 1614 1846 1689 μετελθόντες
1925 1616 2015 1670 τὸν

372 1710 681 1783 ἄνθρωπον,
720 1706 999 1781 μοχθηροί
1053 1725 1112 1759 τε
1140 1706 1228 1759 καὶ
1286 1702 1476 1760 δοῦλοι
1532 1705 1762 1780 γαστρὸς
1791 1706 2019 1759 καὶτῶν

372 1800 477 1855 ὑπὸ
498 1797 752 1874 γαστέρα,
803 1795 1174 1870 διαφθείρουσι
1230 1796 1322 1851 τὸν
1380 1796 1759 1870 καλοκάγαθον
1816 1798 2019 1868 τρόπον

371 1893 470 1943 τοῦ
500 1889 645 1955 νὲου,
679 1888 890 1961 τρυφὴν
924 1886 1264 1950 ὑποτιθέντες
1293 1883 1382 1939 καί
1430 1885 1731 1940 ἀκόλαστον
1788 1882 2015 1955 ἡδονήν,

2199 902 2283 954 10.
2316 902 2442 955 Jam
2473 917 2608 955 vero
2642 918 2778 955 cum
2813 901 2927 956 dux
2982 902 3043 956 in
3102 904 3295 959 medio
3352 905 3562 961 itinere
3595 917 3771 977 esset,

2124 988 2283 1043 fama
2315 989 2585 1059 quaedam
2630 991 2907 1060 pervasit,
2964 993 3295 1047 Romanum
3355 995 3774 1066 imperatorem

2126 1078 2404 1132 humanis
2436 1080 2782 1133 excessisse.
2817 1081 2939 1143 Quo
2972 1080 3071 1133 ille
3102 1081 3503 1152 inexspectato
3537 1102 3774 1141 rumore

2126 1169 2481 1239 perterritus
2513 1171 2626 1225 iter
2658 1171 2957 1240 inhibuit;
2991 1174 3320 1245 eodemque
3381 1177 3441 1231 in
3474 1178 3601 1234 loco
3628 1181 3775 1235 sub-

2128 1262 2297 1315 stitit.
2332 1265 2399 1316 At
2428 1263 2752 1334 imperator
2783 1267 3081 1321 Romanus
3114 1268 3271 1322 hunc
3323 1271 3383 1323 in
3444 1272 3682 1327 modum
3745 1292 3774 1328 ο

2128 1352 2243 1405 vita
2275 1353 2598 1407 excessisse
2631 1352 2869 1407 dicitur.
2932 1356 2980 1408 A
3029 1356 3322 1427 principio
3374 1359 3603 1430 imperii
3638 1379 3769 1416 cum

2128 1440 2351 1495 bonum
2375 1458 2440 1497 ac
2463 1442 2835 1497 moderatum
2871 1459 3001 1497 sese
3032 1449 3090 1498 et
3119 1444 3455 1502 beneficum
3487 1449 3547 1503 in
3582 1450 3777 1505 subdi-

2128 1538 2219 1589 tos
2252 1535 2619 1605 praebuisset,
2655 1542 2859 1606 postea
2918 1544 3297 1608 surrepentes
3354 1542 3628 1597 nonnulli
3688 1558 3777 1597 ca-

2128 1633 2481 1697 ptantesque
2512 1627 2839 1693 hominem,
2874 1627 3126 1698 improbi
3163 1629 3248 1683 illi
3294 1630 3558 1700 quidem,
3587 1633 3774 1687 ventri

2130 1721 2188 1769 et
2244 1716 2317 1769 iis
2373 1733 2502 1786 qua}
2589 1716 2695 1769 sub
2756 1722 2956 1770 ventre
3016 1724 3155 1771 sunt
3211 1720 3621 1783 inservientes.
3676 1722 3779 1776 bo-

2131 1825 2265 1862 nam
2299 1808 2693 1863 adolescentis
2755 1808 3015 1863 indolem
3070 1810 3569 1881 depravaverunt;
3619 1815 3777 1885 quod

2133 1900 2204 1955 ad
2272 1900 2476 1955 luxum
2549 1918 2683 1955 eum
2754 1902 3328 1974 immoderatamque
3414 1906 3773 1979 voluptatem

376 1975 734 2053 διεγείροντὲς
794 1997 850 2030 τε
906 1976 1042 2051 πρὸς
1101 1974 1438 2038 ἀλλοκότους
1486 1975 1771 2049 ἐπιθυμίας
1831 1976 2023 2029 τούτου

2139 1994 2496 2055 revocarent,
2577 1990 2649 2043 ad
2706 1992 3004 2061 mirasque
3089 1992 3370 2048 libidines
3448 1997 3775 2050 excitarent

371 2068 472 2135 τήν
506 2062 705 2139 ὄρεξιν.
743 2066 1016 2127 Ἐντεῦθεν
1048 2065 1192 2137 παρὰ
1220 2064 1310 2118 τὸν
1344 2065 1531 2137 καιρὸν
1572 2069 1677 2119 τῶν
1738 2068 2022 2134 νηστειῶν,

364 2158 429 2218 ἃς
464 2157 605 2229 πρὸς
637 2156 896 2228 κάθαρσιν
924 2156 1118 2228 ψυχῶν
1147 2154 1236 2207 καὶ
1294 2152 1559 2229 ποδηγίαν
1620 2158 1723 2208 τῶν
1781 2155 2021 2228 κρειττόο

371 2267 481 2301 νων
568 2245 780 2319 ἐξεῦρον
860 2240 1049 2316 ἄνδρες
1122 2242 1565 2321 θεοφορούμενοι,
1624 2244 2025 2321 παρειληφότες

363 2335 461 2390 τὸν
486 2333 775 2406 Ῥωμανὸν
800 2332 850 2386 οἱ
884 2330 1076 2405 λοιμοὶ
1108 2334 1244 2406 ('73),
1276 2331 1362 2386 ἐπὶ
1424 2330 1641 2408 θηρείαν
1702 2334 1744 2370 ⁶¹
1808 2332 2022 2410 ἐλάφων

358 2424 560 2494 τἰενται,
620 2421 672 2475 ἐν
725 2416 1013 2483 δυσϐάτοις
1074 2420 1386 2483 ἐλαύνοντες
1445 2418 1644 2497 ὄρεσιν.
1680 2421 1913 2478 Ἐκεῖθὲν
1968 2443 2025 2477 τι

360 2511 738 2581 ἀναζεύξαντες
796 2515 888 2565 τὸν
944 2510 1315 2585 αὐτοκράτορα
1392 2512 1786 2586 συγκομίζουσι
1872 2532 2024 2587 περι-

358 2600 703 2675 ημεκτέοντα
755 2601 842 2655 καὶ
926 2600 993 2654 τά
1042 2598 1361 2655 ἐπιθανάτια
1416 2602 1668 2658 πνέοντα.
1730 2600 1826 2655 Καί
1881 2622 2025 2663 τινες

363 2693 459 2765 μὲν
492 2690 553 2745 ἐκ
602 2697 704 2759 τῆς
749 2689 977 2762 ἀκαίρου
1036 2689 1194 2767 φασὶν
1250 2689 1507 2751 ἱππασίας
1568 2690 1814 2762 σπασμὸν
1876 2690 2024 2765 ἐγγε-

359 2782 543 2835 νέσθαι
573 2777 756 2851 τούτῳ
786 2777 911 2854 περὶ
964 2779 1031 2833 τά
1060 2778 1265 2853 καίρια.
1298 2779 1387 2840 Ὠς
1448 2776 1506 2832 δὲ
1530 2781 1565 2847 ἡ
1617 2783 1721 2833 τῶν
1755 2780 2023 2834 πλειόνων

362 2868 592 2923 ὑπόνοια
649 2864 790 2943 ἔχει,
849 2868 1086 2921 κώνειον
1149 2865 1312 2921 αὐτὰν
1372 2869 1683 2922 πεπωκέναι
1743 2869 1879 2941 πρὸς
1928 2873 2028 2934 τῆς

358 2954 840 3032 γυναικωνίτιδος.
880 2956 1007 3013 Εἳτε
1029 2954 1086 3011 δὲ
1120 2956 1355 3025 ἐκείνως,
1392 2954 1497 3011 ε’ίτε
1542 2958 1631 3011 καὶ
1682 2955 1855 3018 οὓτως
1891 2960 2023 3028 (74),

363 3041 581 3119 ἀμείϐει
610 3047 706 3101 τὸν
747 3045 915 3121 βίονὸ
946 3046 1229 3107 Ῥωμανὸς
1284 3048 1383 3115 τήν
1438 3053 1538 3115 τῆς
1590 3046 1811 3116 ἡλικίας
1864 3046 2023 3101 ἐλαύ-

361 3159 473 3191 νων
510 3137 719 3209 ἆκμήν,
770 3141 917 3210 τρεῖς
980 3135 1255 3197 ἐνιαυτοὺς
1308 3136 1444 3209 πρὸς
1503 3135 1660 3190 πέντε
1713 3136 1871 3209 μησὶ,
1928 3139 2024 3204 τὴν

374 3225 754 3301 αὐτοκράτορα
785 3223 1025 3287 διιθύνας
1058 3226 1259 3299 ἀρχήν.
1294 3225 1503 3281 Τούτου
1535 3223 1593 3279 δὲ
1621 3225 1671 3296 ἐξ
1730 3226 2029 3299 ἀνθρώπων

368 3314 682 3390 γεγονότος,
741 3315 839 3383 τήν
894 3316 994 3381 τῆς
1078 3312 1355 3388 βασιλείας
1414 3314 1592 3389 ἀρχὴν
1622 3316 1769 3387 παρά
1822 3335 1880 3368 τε
1925 3319 2021 3368 τοῦ

366 3407 845 3478 πατριαρχοῦντος
903 3401 1249 3457 Πολυεύκτου
1278 3402 1368 3457 καὶ
1414 3410 1511 3472 τῆς
1549 3402 1855 3476 συγκλήτου
1891 3404 2022 3479 βου-

370 3491 475 3562 λῆς
509 3494 562 3547 o't
620 3492 826 3547 ἐκείνου
880 3489 1073 3555 παῖδες
1131 3491 1414 3554 Βασίλειος
1454 3493 1542 3547 καὶ
1595 3495 2018 3564 Κωνσταντῖνος,

366 3584 558 3653 νήπιοι
589 3580 794 3656 κομιδῇ
825 3581 1109 3647 τελοῦντες
1138 3585 1249 3656 (75)
1306 3582 1394 3638 xxi
1443 3581 1851 3655 τιθηνούμενοι,
1889 3584 2023 3655 μετὰ

2130 2078 2511 2133 voluntatem.
2576 2080 2830 2135 Proinde
2882 2086 3145 2152 tempore
3195 2083 3591 2154 jejuniorum,
3642 2103 3771 2156 qua:

2131 2169 2201 2223 ad
2234 2170 2571 2242 purgandos
2594 2169 3027 2240 rapiendosque
3082 2173 3334 2228 sublime
3381 2176 3611 2230 animos
3669 2176 3773 2229 viri

2130 2258 2327 2312 divino
2352 2259 2569 2330 Spiritu
2628 2259 2787 2329 pleni
2850 2260 3258 2327 instituerunt,
3307 2265 3637 2319 Romanum
3670 2282 3774 2319 na-

2130 2357 2239 2406 ctaa
2271 2351 2387 2405 illm
2422 2357 2616 2423 pestes
2650 2369 2852 2406 cervos
2894 2359 3167 2408 venatum
3227 2361 3389 2424 eunt,
3448 2374 3554 2428 per
3610 2375 3774 2413 mon-

2132 2444 2215 2494 tes
2245 2439 2562 2510 impeditos
2593 2457 2777 2510 equos
2796 2441 3106 2512 agitantes.
3140 2443 3281 2498 Inde
3326 2446 3541 2500 reversi
3600 2447 3779 2517 impe-

2132 2538 2385 2587 ratorem
2417 2532 2669 2603 graviter
2697 2533 3067 2589 laborantem
3103 2535 3193 2589 8|
3224 2537 3472 2608 jamque
3515 2539 3776 2593 animam

2130 2627 2402 2694 agentem
2436 2639 2635 2677 secum
2668 2618 2952 2677 referunt.
3007 2622 3153 2676 Sunt
3192 2625 3292 2694 qui
3326 2625 3645 2692 afﬁrment,
3707 2645 3776 2682 ex

2134 2708 2496 2777 equitatione
2548 2709 2965 2779 intempestiva
3022 2710 3439 2765 convulsiones
3470 2712 3521 2765 ei
3554 2713 3777 2768 circum

2131 2792 2331 2847 vitalia
2344 2794 3085 2864 accidissePlerorumque
3100 2795 3357 2866 suspicio
3372 2802 3779 2860 est,venenum

2134 2877 2187 2931 ei
2221 2893 2347 2931 esse
2381 2878 2453 2932 de
2482 2879 2743 2950 gynaacio
2804 2879 3028 2933 datum.
3092 2879 3224 2943 Sed,
3266 2880 3383 2934 sive
3416 2882 3498 2936 sic
3522 2889 3629 2949 est,
3663 2884 3781 2937 sive

2132 2961 2235 3015 illo
2270 2963 2465 3029 modo,
2500 2965 2801 3018 Romanus
2825 2969 2995 3018 aatate
3058 2963 3277 3019 florens
3339 2966 3587 3031 interiit,
3618 2973 3781 3039 post-

2136 3064 2315 3117 quam
2348 3048 2744 3119 principatum
2790 3048 3130 3103 obtinuerat
3159 3066 3349 3105 annos
3383 3057 3501 3106 tres
3547 3069 3782 3107 menses

2136 3135 2422 3204 quinque.
2474 3136 2596 3199 Quo
2655 3134 2771 3188 vita
2826 3134 3051 3200 functo,
3111 3134 3217 3187 lilii
3259 3138 3390 3206 ejus
3424 3138 3673 3192 Basilius
3727 3145 3781 3193 et

2137 3220 2848 3289 Constantinus,infantes
2878 3221 3199 3275 admodum
3249 3229 3307 3275 et
3336 3223 3491 3276 inter
3520 3224 3784 3277 nutrices

2136 3321 2462 3382 versantes,
2496 3331 2614 3369 una
2641 3331 2774 3368 cum
2800 3320 2989 3368 matre
3021 3314 3377 3382 Theophano
3411 3316 3727 3386 imperium
3752 3334 3785 3371 a

2134 3407 2450 3479 Polyeucto
2509 3408 2845 3478 patriarcha
2891 3412 3067 3477 atque
3118 3406 3382 3477 patribus
3432 3410 3785 3480 conscriptis

2132 3500 2416 3554 traditum
2449 3500 2769 3571 accipiunt.
2804 3500 2935 3554 Haec
2956 3499 3337 3571 Theophano,
3372 3500 3625 3556 obscuro
3654 3503 3784 3557 loco

2132 3597 2290 3658 nata,
2316 3593 2760 3664 pulchritudine
2793 3608 2925 3648 vero
2958 3594 3344 3665 corporisque
3377 3594 3669 3668 elegantia
3690 3596 3781 3650 in-

1572 3759 1629 3814 C.
1674 3761 1736 3817 Β.
1778 3760 1968 3815 HASII
2006 3758 2571 3815 ANNOTATIONES.

444 3900 492 3936 ⁸⁸
520 3899 815 3976 ἀθροίσασα
844 3902 973 3958 cod.
998 3900 1044 3937 ⁸9
1073 3899 1205 3975 ἔθει]
1231 3895 1327 3971 ἔθη
1362 3902 1490 3958 cod.
1526 3907 1584 3958 et
1611 3903 1789 3974 paulo
1822 3908 1956 3975 post
1986 3900 2017 3955 λ

2146 3920 2326 3974 μενος.
2357 3901 2411 3937 ⁶⁰
2433 3903 2588 3957 Fort.
2624 3896 2901 3974 ὑπέμεινε.
2934 3902 2978 3937 ⁸1
3010 3900 3253 3977 θηρείαν.
3299 3904 3394 3960 Sic
3424 3905 3555 3961 cod.

378 4055 635 4130 Historia
666 4057 1072 4130 Saracen.edit
1092 4057 1281 4128 Erpen
1313 4059 1435 4130 223.
1461 4058 1519 4112 C.
1546 4057 2021 4130 Abulpharagius

378 4128 797 4200 Chronic.Syr.
833 4130 871 4185 Ι.
910 4129 1473 4184 194.Ο.ειΑὺιιιΓράἃ
1492 4130 1706 4184 Annal.
1729 4128 2020 4184 Mosle'mi-

379 4201 463 4255 cis
490 4199 627 4255 edit.
674 4199 872 4255 A’dler.
908 4202 977 4266 II,
1010 4203 1134 4255 476.
1196 4204 1265 4256 Α.
1324 4200 1604 4267 Delmitae,
1649 4218 1904 4271 quorum
1957 4202 2023 4254 ﬁt

378 4272 603 4345 mentio
626 4288 804 4343 supra
822 4273 1016 4327 203.0.
1033 4277 1172 4345 sunt
1201 4289 1344 4345 gens
1366 4272 1425 4326 in
1443 4274 1682 4327 Parthia
1694 4273 1850 4327 circa
1864 4288 2022 4327 mare

378 4344 675 4414 Caspium,
710 4346 771 4397 in
800 4345 944 4415 jugo
978 4344 1270 4398 montium
1327 4360 1443 4414 quo
1501 4361 1661 4399 nunc
1720 4344 1931 4398 Ghilan
1967 4349 2025 4397 et

379 4415 786 4470 Mazenderam
835 4432 869 4469 a
928 4416 1246 4486 provinciis
1305 4416 1546 4486 Algebal
1577 4423 1636 4471 et
1668 4417 1798 4470 lrak
1830 4415 2021 4486 Ajami

381 4486 891 4541 disterminantur.
928 4484 1264 4541 Dilimnitas
1296 4484 1665 4559 [Διλιμνίτας]
1696 4484 2027 4542 memorant

371 4559 499 4631 iam
534 4558 813 4631 Agathias
834 4561 920 4612 92.
998 4560 1062 4613 D.
1127 4566 1185 4613 et
1219 4558 1691 4631 TheOphylactus
1723 4560 2022 4631 Simocatt.

379 4629 439 4683 C.
474 4632 563 4685 96.
593 4629 935 4685 Militabant
954 4635 1094 4684 tunc
1110 4647 1244 4685 cum
1277 4629 1484 4685 Curdis
1508 4630 1853 4686 ﬁnitimisin
1871 4646 2030 4684 exer-

380 4701 596 4756 citibus
629 4701 908 4755 Arabum.
930 4701 1294 4757 Theodosius
1317 4701 1603 4758 diaconus
1636 4704 1715 4758 De
1739 4718 2032 4773 expugna-

381 4773 542 4827 tione
569 4774 754 4827 Cretaa
786 4776 1022 4827 Acroas.
1062 4775 1123 4827 V.
1157 4777 1225 4827 22
1252 4791 1263 4827 :

882 4911 963 4955 -_-—_
980 4878 1126 4955 πλὴν
1160 4878 1212 4933 ἐν
1233 4880 1394 4955 τάχει

382 4952 505 5025 Τᾧν
537 4951 847 5025 Δελεμιτῷν
885 4945 1181 5025 βελιϐιτ-ᾧν
1213 4945 1343 5011 τοὺς
1370 4952 1571 5013 τόπους

380 5020 560 5074 Ιιείσει
593 5018 894 5094 χαλεῖσθαί
928 5024 1018 5075 σὸν
1057 5021 1238 5098 βέλος,
1272 5018 1742 5096 σκηπτροκρὸίτορ.

381 5131 639 5185 Tametsi
664 5132 742 5185 ibi
777 5132 1065 5204 Fogginus
1099 5134 1220 5186 389.
1256 5132 1321 5187 ι).
1356 5127 1662 5200 Δελεμιτῶν
1699 5148 1817 5185 non
1842 5130 2035 5201 gentis

383 5218 629 5267 nomen,
692 5203 796 5257 sed
862 5204 1219 5275 generaliter
1276 5204 1545 5259 omnium
1607 5205 2034 5258 Saracenorum

384 5281 849 5343 cognomentum
892 5292 1021 5329 esse
1082 5280 1266 5345 putet.
1326 5275 1581 5337 Fluvius,
1643 5290 1824 5345 prope
1858 5289 2035 5343 quem

384 5352 716 5415 pugnatum
747 5347 879 5407 fuit,
943 5352 1033 5401 est
1084 5344 1335 5401 fortasse
1395 5344 1779 5417 antiquorum
1822 5344 2037 5398 Clialus

389 5418 686 5472 Arabibus
724 5420 948 5489 Kowaik
988 5435 1091 5473 seu
1125 5420 1273 5479 Caio,
1325 5434 1529 5489 agrum
1592 5418 2035 5489 Berrhmensem

386 5488 590 5559 rigans
625 5490 868 5549 rivulus.
903 5488 976 5542 de
1025 5505 1141 5559 quo
1184 5486 1471 5559 Excerpta
1511 5489 1616 5543 lbn
1667 5489 1733 5543 Ol
1818 5486 2037 5553 Wardi,

389 5560 536 5615 cale.
571 5560 753 5630 Syriae
785 5560 1001 5615 Albulf.
1054 5560 1143 5615 ed.
1202 5560 1404 5615 Kochl.
1460 5563 1580 5615 190.
1631 5562 1695 5613 Α.
1756 5565 1857 5615 aut
1887 5575 2040 5614 unus

390 5647 420 5686 e
453 5632 836 5696 terrentibus,
871 5632 971 5703 qui
1006 5649 1076 5687 ex
1102 5634 1327 5687 Amano
1388 5637 1698 5687 manantes
1729 5631 1789 5685 in
1844 5631 2040 5703 lacum

390 5703 852 5758 Antiochensem
888 5701 1219 5770 transeunt,
1252 5709 1317 5757 ut
1371 5704 1641 5771 Ufrenus,
1693 5703 1912 5773 aliique
1966 5701 2041 5757 ad

2132 4056 2454 4112 Gindarum
2487 4056 2575 4109 vel
2604 4056 2956 4129 Gephyram.
2982 4058 3248 4112 Narratio
3275 4059 3580 4129 scriptoris
3595 4062 3781 4115 nostri

2132 4130 2361 4199 egregie
2394 4128 2669 4182 convenit
2699 4144 2834 4182 cum
2868 4128 3168 4183 Elmacino
3201 4128 3412 4183 223.0.7
3433 4132 3533 4199 qui
3554 4133 3781 4199 scribit,

2132 4168 2607 4261 Cbarbbdanum,
2668 4199 2779 4253 hoc
2838 4205 2927 4253 est
2982 4168 3467 4261 Seil‘eddaulam,‘i
3490 4174 3778 4256 Hamdani

2133 4278 2430 4350 nepotem,
2463 4270 2647 4339 copiis
2672 4270 2966 4350 bipartitis
2988 4272 3275 4339 majorem
3308 4277 3535 4350 partem
3567 4274 3783 4343 Nagjao

2132 4342 2321 4413 legato
2351 4358 2455 4396 suo
2488 4341 2857 4395 commisisse
2885 4358 2897 4394 :
2936 4341 3130 4411 ipsum
3162 4358 3295 4394 cum
3354 4342 3564 4413 exigua
3604 4341 3780 4398 manu

2135 4414 2282 4484 (haec
2336 4419 2425 4467 est
2481 4413 2666 4466 nostri
2726 4413 3032 4482 scriptoris
3089 4413 3302 4484 cohors
3374 4413 3448 4467 ad
3506 4416 3781 4484 superius

2058 4493 2105 4557 Ι)
2139 4483 2349 4540 vadum
2379 4484 2644 4557 ﬂuminis
2675 4484 3012 4557 considens)
3042 4483 3425 4557 remansisse,
3474 4502 3650 4554 quam
3684 4486 3782 4539 Ni-

2137 4558 2428 4684 Sephorus
2460 4555 2648 4609 solam
2679 4562 2909 4619 nactus,
2941 4555 3333 4625 impressione
3365 4554 3520 4610 facta
3541 4558 3779 4628 penitus

2183 4646 2212 4682 e
2241 4634 2375 4683 ev1t.

2183 4646 2375 4683 θιθνιι.

2210 4703 2322 4767 (‘72)
2354 4699 2510 4754 Obiit
2538 4700 2840 4752 Romanus
2869 4699 3077 4754 Iunior
3105 4699 3252 4767 Imp.
3306 4697 3401 4752 die
3464 4702 3547 4753 16.
3596 4698 3785 4751 Martii

2140 4788 2193 4827 a.
2227 4773 2351 4833 963,
2386 4770 2831 4823 demonstrante
2858 4771 3031 4841 Pagio
3064 4770 3260 4824 Critic.
3295 4769 3368 4823 ad
3392 4771 3521 4825 Bar.
3550 4772 3634 4824 IV.
3661 4773 3712 4823 ὃ.
3744 4773 3787 4824 Α

2142 4849 2200 4897 et
2228 4844 2384 4914 Krug
2414 4841 2638 4910 (Chron.
2663 4841 2761 4895 der
2790 4841 3083 4914 Byz.4326.
3118 4846 3171 4896 Β.
3206 4841 3788 4914 Nicephorus,Cplim

2141 4913 2327 4968 redux
2360 4912 2601 4967 'mense
2658 4912 2849 4983 Aprili
2904 4912 3170 4981 (Cedren.
3226 4913 3463 4967 11.645.
3527 4915 3636 4979 0.),
3692 4913 3787 4967 die

2142 4990 2193 5042 2.
2227 4984 2363 5039 Julii
2398 4984 2458 5037 in
2490 5000 2697 5053 campo
2725 4992 2859 5039 aute
2892 4986 3218 5039 Caesaream
3244 4984 3315 5038 ab
3366 4986 3628 5039 exercitu
3677 4986 3789 5039 im-

2144 5062 2381 5129 perator
2412 5055 2810 5129 renuntiatus
2869 5062 2958 5110 est
3013 5057 3367 5127 (Constant.
3426 5056 3787 5129 Porphyrog.

2144 5127 2371 5184 Caarim.
2410 5128 2639 5197 Byzant.
2676 5127 2716 5180 Ι.
2747 5129 2868 5180 251.
2906 5129 2997 5195 D.)
3025 5145 3037 5182 :
3063 5129 3143 5182 ita
3195 5144 3326 5198 qua,
3377 5136 3697 5182 narrantur
3744 5127 3789 5183 ἐι

2146 5202 2338 5255 Leone
2362 5215 2487 5268 cap.
2528 5215 2602 5271 xi.
2628 5205 2686 5251 et
2716 5215 2812 5252 xu.
2838 5200 3016 5267 hujus
3048 5199 3204 5264 libri,
3238 5215 3483 5254 necesse
3506 5200 3792 5271 estAprili

2146 5279 2206 5328 et
2235 5271 2381 5325 Maio
2415 5269 2681 5336 ejusdem
2723 5271 2863 5324 anni
2896 5272 2999 5324 963
3057 5271 3361 5325 accidisse.

2216 5345 2332 5409 (73)
2364 5341 2503 5396 lnde
2536 5342 2789 5395 Zonaras
2846 5341 2909 5395 ll.
2974 5345 3094 5395 196.
3158 5344 3221 5411 1).
3256 5341 3412 5411 quod
3445 5342 3543 5404 ait,
3579 5343 3792 5396 Roma-

2148 5413 2611 5488 numjuniorem
2668 5428 2730 5465 se
2782 5412 3038 5481 dedisse,
3099 5408 3321 5488 ἀνδράσι
3382 5408 3793 5487 διεφθαρμένοις

2146 5506 2204 5538 τε
2235 5482 2321 5538 καὶ
2358 5482 2603 5553 λοιμοῖς.

2222 5560 2328 5627 (74)
2358 5549 2744 5628 Τςειηεροειιίῐ
2774 5555 2900 5610 haac
2930 5557 3191 5628 Agathiae
3224 5560 3310 5611 69.
3346 5555 3408 5607 Β.
3443 5549 3570 5607 Εἴτε
3602 5549 3669 5618 δὴ
3704 5550 3792 5602 οὗν

2151 5623 2346 5695 οὕτως,
2378 5624 2483 5679 εἷ’τε
2518 5623 2755 5685 ἐκείνως.

2222 5700 2339 5770 (75)
2362 5696 2577 5753 Confer
2608 5697 2919 5769 Agathiam
2950 5700 3038 5752 90.
3063 5699 3126 5751 D.
