4084 6202
397 347 509 409 711

1798 343 2095 404 LEONIS
2143 342 2454 403 DlACONl

3685 346 3789 407 712

394 492 462 543 ut
474 485 713 558 nos,qui
734 483 982 540 Romani
1003 497 1209 536 sumus
1223 483 1280 535 et
1293 479 1508 535 divinis
1529 477 1760 552 legibus
1779 477 2032 548 regimur

2151 473 2277 529 τίκα
2307 475 2533 550 γνώμην
2594 474 2727 550 ἐρῶ.
2792 481 2881 531 Δεῖ
2931 477 3239 552 Ῥωμαίους
3296 474 3466 540 ὄντας
3524 482 3793 552 ἠμᾶς,καὶ

396 577 653 634 tenellos
684 573 932 631 Romani
971 569 1346 642 imperatoris
1389 569 1629 636 liberos,
1664 565 2044 639 quandoqui-

400 668 535 724 dem
567 671 770 721 nostro
801 659 1179 730 universique
1228 657 1432 730 populi
1464 657 1743 729 suffragio
1791 656 2022 728 impera

401 763 555 813 tores
586 750 908 809 renuntiati
950 753 1108 816 sunt,
1143 749 1204 804 in
1253 749 1480 803 honore
1511 747 1664 802 avito
1716 761 2042 802 conserve-

395 841 952 911 mus,eumdemque
985 839 1070 894 eis
1099 837 1346 899 cultum,
1381 853 1559 908 quem
1582 837 1684 891 34
1711 835 2042 907 majoribus

393 949 618 996 eorum,
647 929 1000 985 tribuamus.
1035 926 1325 993 Quoniam
1355 942 1490 980 vero
1521 924 1788 980 barbarae
1838 929 2043 995 gentes

392 1025 719 1078 Romanam
749 1019 1038 1072 ditionem
1099 1015 1353 1086 diripere
1394 1031 1513 1068 non
1547 1018 1804 1075 cessant,
1838 1018 2044 1068 auctor

391 1111 556 1168 vobis
577 1126 732 1176 sum,
766 1112 832 1162 ut
855 1108 1044 1161 virum
1075 1105 1234 1160 hunc
1265 1105 1525 1175 (ostenso
1572 1103 1947 1173 Nicephoro),
1979 1106 2044 1155 ut

391 1203 626 1260 solertis
653 1199 875 1272 ingenii
907 1202 1015 1264 est,
1057 1197 1142 1252 rei
1200 1195 1476 1250 militaris
1507 1195 1775 1266 apprime
1824 1209 2042 1265 gnarus

393 1311 460 1350 ac
490 1291 647 1348 bello
678 1291 869 1356 fortis,
904 1286 1387 1358 quandoquidem
1409 1285 1682 1339 victorias
1705 1300 1882 1354 quam
1913 1282 2043 1354 plu-

391 1385 574 1438 rimas
599 1379 825 1446 retulit,
855 1375 1014 1448 quod
1047 1381 1104 1430 et
1130 1374 1448 1448 agnoscitis
1479 1391 1578 1428 vos
1608 1373 1743 1444 ipsi,
1785 1389 2040 1443 eumque

390 1490 510 1544 prae
540 1469 769 1526 caateris
797 1471 856 1522 ut
885 1465 1062 1520 «leum
1093 1463 1480 1531 veneramini,
1507 1461 1902 1534 jurejurando
1937 1461 2039 1516 ob-

392 1560 597 1616 stricta
627 1558 765 1624 ﬁde,
791 1555 942 1610 nihil
973 1554 1298 1609 inconsulti
1337 1553 1616 1608 adversus
1647 1553 1946 1624 principes
1974 1567 2040 1606 ac

391 1654 664 1704 senatum
695 1645 1045 1700 moliturum
1089 1643 1302 1698 ducem
1334 1659 1564 1697 summo
1597 1658 1732 1696 cum
1791 1641 2039 1711 imperio

387 1738 827 1803 renuntiemus,
879 1735 1051 1805 eique
1112 1732 1418 1788 tradamus
1470 1731 1671 1803 copias
1724 1731 2039 1802 Asiaticas,

2161 562 2328 624 θείοις
2387 561 2816 638 ῥυθμιζομὲνους
2867 567 3257 646 προστάγμασι
3330 571 3400 625 τὰ
3469 571 3657 648 νεογνὰ
3709 578 3792 628 τοῦ

2157 653 2560 731 αὐτοκράτορος
2607 661 2887 732 Ῥωμανοῦ
2949 659 3126 734 τέκνα,
3191 661 3304 719 ἐπεὶ
3358 665 3501 738 πρὸς
3532 665 3792 738 ἡμῶνκαὶ

2156 747 2254 796 τοῦ
2301 739 2484 818 δήμου
2545 747 2745 806 παντὸς
2804 746 3160 822 ἀνερῥέθησαν
3243 753 3676 828 αὐτοκράτορες,
3726 752 3792 812 εἷς

2154 833 2254 900 τὴν
2291 835 2626 909 προγονικὴν
2680 837 2850 910 τιμὴν
2911 843 3191 912 συντηρεῖν
3246 840 3338 894 καὶ
3403 835 3566 901 σέϐας
3625 840 3797 896 ἀπονέ-

2157 941 2276 994 μειν
2329 923 2448 976 οἷον
2504 924 2596 977 καὶ
2643 930 2761 985 τοῖς
2812 927 3108 1003 προγόνοις
3165 928 3373 983 αὐτῶν·
3438 927 3555 985 ἐπεὶ
3612 927 3666 985 δὲ
3717 931 3795 985 καὶ

2149 1010 2216 1064 τὰ
2251 1011 2563 1086 βαρβαρικὰ
2620 1011 2766 1092 φῦλα
2826 1013 3119 1086 ληίζεσθαι
3184 1019 3284 1088 τήν
3343 1020 3661 1092 Ῥωμαϊκὴν
3715 1020 3800 1074 οὑκ

2151 1097 2449 1178 ἀπέχονται
2481 1109 2610 1178 γῆν,
2644 1099 3034 1177 συμϐουλεύω⁹
3076 1107 3167 1161 τὸν
3225 1104 3392 1183 ἄνδρα
3451 1109 3662 1163 τουτονέ
3694 1109 3796 1182 (τὸν

2153 1190 2472 1268 Νικηφόρον
2525 1189 2890 1266 ὑποδεικνὺς),
2950 1195 3178 1274 ἀγχίνον
3241 1219 3298 1253 τε
3359 1196 3491 1252 ὐντα
3548 1198 3792 1275 καὶάγα-

2151 1277 2240 1332 θὸν
2270 1279 2335 1333 τὰ
2383 1278 2649 1353 πολέμια,
2708 1283 2798 1336 καὶ
2854 1283 3003 1346 νίκας
3065 1283 3149 1340 ὅτι
3209 1283 3478 1347 πλείστας
3536 1285 3791 1362 ἐπανῃρη-

2154 1365 2327 1439 μὲνον,
2363 1369 2390 1423 ὃ
2421 1369 2512 1423 καὶ
2563 1368 2718 1425 αὐτοὶ
2779 1370 3230 1451 συνομυλογεῖτε,
3288 1375 3384 1430 καὶ
3453 1380 3644 1430 τοῦτον
3697 1382 3790 1431 τῶν

2151 1453 2339 1510 ἄλλων
2384 1456 2683 1529 ἐκθειάζετε
2713 1463 2758 1496 ⁸³
2817 1459 3081 1535 μάλιστα,
3135 1462 3322 1538 ὅρκοις
3395 1463 3791 1545 κατασφαλισα-

2153 1545 2343 1623 μένους
2401 1551 2478 1624 μή
2538 1573 2590 1606 τι
2648 1553 2784 1608 κατὰ
2842 1555 2938 1609 τού
2996 1554 3230 1630 κράτους
3284 1558 3378 1612 καὶ
3437 1566 3539 1629 τῆς
3596 1556 3790 1634 βουλῆ-

2155 1635 2453 1711 μελετῆσαι
2483 1634 2819 1712 ἀϐούλητον,
2877 1642 3109 1700 ἀνειπεῖν
3165 1644 3553 1722 αὐτοκράτορα
3609 1668 3787 1722 στρατ-

2149 1727 2326 1804 ηγὸν,
2382 1727 2472 1782 καὶ
2559 1729 2655 1790 τὰς
2734 1738 2834 1800 τῆς
2918 1733 3106 1795 Ἀσίας
3187 1731 3447 1811 δυνάμεις
3503 1735 3788 1814 ἐγχειρίσαι

389 1829 606 1902 quibus
634 1825 1024 1881 barbarorum
1058 1824 1346 1895 impetum
1379 1828 1648 1878 coerceat
1667 1839 1735 1877 ac
1765 1821 2032 1893 repellat.

2149 1817 2322 1916 αὐτῷ,
2353 1818 2426 1879 ὡς
2460 1818 2728 1894 ἀμύνοιτο
2787 1822 2881 1878 καὶ
2929 1822 3277 1903 ἀναχαιτίζοι
3307 1831 3420 1882 τῶν
3474 1824 3787 1905 ἀλλοφύλων

387 1920 547 1973 Hanc
579 1916 738 1970 enim
770 1915 823 1970 ei
855 1914 1200 1986 dignitatem
1237 1915 1534 1967 Romanus
1567 1927 1800 1983 quoque
1846 1911 2030 1982 impe-

384 2013 546 2076 rator
576 2011 634 2060 et
655 2004 813 2060 vivus
838 2003 1063 2068 tribuit,
1097 2008 1155 2056 et
1175 2002 1437 2056 moriens
1468 2005 1826 2056 testamento
1859 2001 2030 2066 cavit,

382 2113 457 2152 ne
477 2097 562 2150 vir
578 2094 800 2166 optime
829 2093 1126 2148 animatus
1151 2090 1445 2163 ejusmodi
1476 2089 1725 2161 imperio
1763 2105 2033 2144 movere-

385 2191 502 2242 tur.
531 2207 551 2233 ι
589 2181 993 2238 Patriarcham
1016 2181 1078 2236 in
1108 2181 1234 2236 haec
1250 2179 1428 2235 verba
1449 2178 1806 2234 sententiam
1831 2177 2028 2234 feren-

383 2281 504 2332 tem
526 2291 660 2331 cum
688 2278 927 2328 senatus
949 2270 1372 2342 comprobavit,
1396 2275 1522 2324 tum
1545 2285 1678 2324 vero
1708 2269 1884 2324 etiam
1905 2269 2030 2340 ipse

381 2365 672 2437 Iosephus
725 2361 984 2418 cubiculi
1043 2360 1358 2432 prtefectus
1409 2376 1688 2414 assensus
1749 2362 1858 2426 est,
1908 2375 2029 2413 non

386 2459 598 2528 sponte
628 2453 729 2508 ille
752 2451 1014 2524 quidem,
1040 2450 1142 2505 sed
1171 2449 1365 2505 studio
1390 2453 1630 2504 senatus
1651 2452 1911 2503 coactus.
1945 2449 2031 2504 Ita

382 2543 771 2600 horribilibus
819 2540 1184 2613 juramentis
1221 2538 1505 2594 obstricto
1566 2537 1923 2608 Nicephoro,
1953 2554 2028 2594 ne

384 2633 714 2691 infantibus
761 2631 963 2703 pueris
1002 2629 1268 2702 augustis
1326 2627 1746 2699 superstitibus
1803 2627 2028 2698 aliquid

382 2725 525 2780 mali
566 2723 846 2778 adversus
878 2721 1250 2792 majestatem
1283 2733 1488 2773 eorum
1529 2715 1858 2783 moliretur,
1892 2732 2026 2771 cum

381 2815 492 2886 ipsi
526 2812 923 2884 adjurassent,
949 2808 1254 2865 neminem
1295 2823 1356 2862 se
1388 2806 1808 2878 primariorum
1839 2805 2025 2860 homi-

381 2919 524 2958 num
574 2900 902 2971 Nicephoro
961 2897 1140 2952 invito
1173 2897 1263 2952 vel
1309 2901 1575 2951 moturos
1632 2894 1762 2950 loco
1812 2893 1904 2950 vel
1955 2894 2028 2949 ad

382 2994 677 3064 majorum
745 2987 1092 3058 dignitatem
1149 2991 1531 3058 provecturos
1565 3025 1581 3050 ,
1634 3000 1838 3039 verum
1899 2983 2028 3056 ejus

377 3081 630 3138 consilio
662 3079 734 3134 de
794 3077 1098 3134 communi
1153 3075 1450 3131 sententia
1502 3073 2028 3130 administraturos

379 3168 810 3242 rempublicam
846 3184 860 3233 ;
893 3167 1051 3222 hunc
1080 3165 1182 3220 ubi
1213 3164 1422 3220 ducem
1453 3163 1606 3219 Asiaa
1629 3179 1862 3219 summo
1894 3179 2028 3218 cum

377 3259 626 3331 imperio
674 3256 1225 3330 pronuntiaverant,
1278 3251 1597 3308 consilium
1648 3251 2028 3318 dimiserunt,

374 3368 461 3415 ac,
494 3348 713 3422 palatio
745 3346 988 3420 egressi,
1022 3343 1098 3401 ad
1142 3359 1310 3400 suam
1371 3343 1624 3414 quisque
1668 3341 1910 3398 domum
1967 3357 2029 3396 se

375 3457 509 3497 rece
520 3443 755 3511 perunt.

449 3621 496 3655 ⁶²
523 3618 830 3689 ἐκθεάζεται
862 3618 990 3676 ced.

377 3748 2298 3773 Μ

2144 1907 2252 1976 τήν
2289 1901 2502 1986 ἔφοδον.
2567 1910 2785 1981 Ταύτην
2845 1913 2949 1989 γὰρ
3009 1901 3157 1986 αύτῷ
3212 1915 3306 1972 καὶ
3368 1916 3398 1970 ὁ
3455 1901 3784 1990 αὐτοκράτωρ

2145 1994 2254 2050 Ῥω
2272 1997 2465 2068 μανὸς,
2499 1992 2578 2054 ἔτι
2639 2000 2814 2074 βιοὺς,
2847 1999 3140 2080 ἐνεχείρισε
3196 2005 3296 2074 τὴν
3351 2006 3543 2079 τιμήν,
3580 2005 3665 2059 καὶ
3712 2023 3790 2057 τε-

2154 2081 2363 2140 λευτῶν
2409 2085 2461 2141 ἐν
2513 2093 2632 2149 ταῖς
2685 2085 2972 2161 διαθήκαις
3030 2092 3294 2167 ὡρίσατο,
3363 2096 3441 2168 μή
3507 2096 3782 2168 μετακινεῖν

2151 2179 2251 2242 τῆς
2308 2175 2569 2248 τοιαύτης
2628 2181 2964 2257 στρατηγίας
3021 2180 3474 2259 εὐγνωμονοὖντα
3554 2183 3642 2238 τὸν
3702 2179 3784 2236 ἄν·

2145 2263 2382 2337 θρωπον.
2420 2289 2448 2316 ››
2489 2267 2703 2339 Ταύτην
2755 2268 3065 2332 ἀνειπόντος
3123 2264 3220 2326 τοῦ
3288 2272 3640 2351 πατριάρχου
3690 2270 3782 2339 τήν

2143 2353 2388 2428 γνώμην,
2439 2353 2738 2436 ἐπεψήφιζέ
2789 2379 2846 2414 τε
2877 2360 2910 2429 ἡ
2947 2359 3150 2434 βουλὴ,
3209 2361 3427 2438 συνῂνει
3480 2358 3535 2417 δὲ
3572 2363 3657 2417 καὶ
3685 2358 3781 2418 αὖε

2158 2445 2252 2506 τὸς
2311 2445 2338 2499 ὁ
2395 2446 2893 2521 παρακοιμώμενος
2951 2448 3178 2529 Ἰωσὴφ,
3235 2449 3348 2531 οὐχ
3402 2453 3559 2522 ὲκὼς,
3612 2455 3676 2525 τῇ
3729 2447 3779 2507 δὲ

2141 2534 2284 2608 ῥοπῇ
2343 2540 2444 2604 τῆς
2505 2532 2822 2612 συγκλήτου
2873 2537 3287 2612 ἐκβιαζόμενος·
3323 2542 3430 2598 Καὶ
3488 2538 3552 2612 δὴ
3610 2540 3778 2617 ὅρκοις

2138 2620 2604 2702 φρικωδεςτάτοις
2631 2625 2745 2696 (82)
2800 2625 2891 2680 τὸν
2948 2629 3262 2707 Νικηφόρον
3326 2627 3774 2705 ἐμπεδωσάμενοι,

2143 2715 2227 2786 [Ρ.
2261 2715 2352 2786 21]
2391 2715 2468 2786 μή
2508 2734 2641 2769 ποτε
2671 2715 2972 2790 περιόντων
3018 2721 3126 2772 τῶν
3153 2725 3388 2796 νεογνῶν
3443 2717 3645 2776 παίδων
3686 2718 3765 2774 καὶ

2141 2799 2414 2876 βασιλέων
2469 2801 2723 2858 ἀπαίσιόν
2769 2825 2823 2859 τι
2851 2805 2989 2860 κατὰ
3035 2811 3132 2861 τοῦ
3165 2811 3316 2887 σφῶν
3363 2810 3592 2884 κράτους
3644 2809 3763 2882 βου-

2140 2889 2456 2946 λεύσασθαι·
2490 2889 2902 2968 ἐπομοσάμενοι
2961 2891 3134 2950 δὲκαὶ
3195 2897 3382 2969 αὐτοὶ,
3437 2895 3631 2974 μηδὲνα
3685 2901 3778 2952 τῶν

2139 2979 2189 3036 ἐν
2219 2977 2365 3036 τέλει
2413 2981 2729 3044 ἀπεναντίας
2759 2989 2859 3052 τῆς
2921 2983 3123 3039 ἐκείνου
3177 2987 3411 3063 γνώμης
3472 2990 3774 3062 μετακινεῖν,

2137 3071 2172 3141 ἢ
2205 3072 2344 3145 πρὸς
2409 3073 2634 3146 μείζονα
2683 3069 3099 3144 ἐπαναϐιϐάζειν
3155 3076 3362 3155 ἀρχὴν,
3399 3079 3531 3152 μετὰ
3587 3074 3640 3132 δὲ
3690 3074 3770 3129 καὶ

2141 3166 2242 3229 τῆς
2300 3159 2466 3216 αὐτοῦ
2527 3158 2863 3236 διασκέψεως
2916 3167 3076 3236 κοινῇ
3133 3165 3335 3242 γνώμῃ
3393 3164 3668 3222 διευθύνειν
3705 3163 3761 3217 τὰ

2141 3254 2238 3306 τοῦ
2267 3255 2475 3317 κοινοῦ,
2524 3249 2899 3326 αὐτοκράτορα
2931 3253 3236 3330 στρατηγὸν
3296 3263 3400 3326 τῆς
3452 3255 3627 3314 Ἀσίας
3655 3255 3767 3307 τοῦ-

2138 3361 2231 3396 τον
2271 3339 2698 3415 ἀνακηρύξαντες
2730 3343 2822 3398 τόν
2879 3364 2936 3398 τε
2995 3341 3271 3422 σύλλογον
3335 3345 3634 3413 διαλύουσι,
3665 3341 3767 3407 καὶ,

2137 3434 2244 3485 τῶν
2320 3428 2616 3506 βασιλείων
2694 3431 3001 3507 ἀπάραντες
3076 3433 3159 3512 ἐφ’
3260 3435 3444 3498 ἑστίας
3549 3433 3762 3508 ἀπῄεσαν

2136 3515 2373 3577 ἔκαστοι.

2300 3742 3761 3770 W

1582 3853 1954 3948 LIBER
2045 3851 2596 3951 TERTIUS.

444 4163 843 4216 Ancuusnrun.
869 4193 941 4206 --
970 4159 1282 4232 Nicephori
1312 4156 1535 4232 bellum
1581 4157 1786 4210 contra
1813 4155 2174 4232 Tarsenses.‘
2211 4151 2501 4232 Iosephus
2531 4169 2738 4232 rursus
2767 4155 2856 4232 illi
2912 4153 3248 4232 insidiatur.
3295 4157 3467 4227 (Cap.
3501 4141 3752 4232 l_)..Mari-

376 4249 522 4287 num
546 4239 604 4287 et
640 4234 926 4289 Joannem
949 4216 1293 4288 Tzimiscem
1325 4229 1539 4284 litteris
1569 4233 1774 4300 contra
1799 4224 2246 4300 eum_sollicitat
2274 4216 2368 4292 (2):
2400 4225 2619 4300 Contra
2639 4226 2946 4282 Tzimisces
2979 4216 3379 4300 Nicephorum
3411 4216 3483 4282 ad
3508 4216 3752 4300 defectio-

373 4285 518 4378 iie'hi
545 4285 827 4378 hortatu?
953 4285 1315 4378 Rilé'ﬁhb‘rﬁs
1345 4302 1626 4378 Cresareaa
1659 4298 1732 4378 ab
1764 4285 2707 4378 exercitqimperaton‘salutatus
2739 4301 2814 4364 (4)
2836 4299 3048 4378 gratio
3075 4285 3204 4370 ej‘us
3233 4299 3307 4354 ad
3340 4295 3646 4378 exercitum
3657 4285 3750 4378 λεί-ξ

373 4377 737 4447 Nicephorus
767 4368 1326 4447 Constantinopolin
1364 4374 1665 4447 ireparat,
1694 4372 1981 4447 Joannem
2007 4368 2784 4447 Tzim_iscem_Domesticum
2797 4370 3092 4447 __Orientis
3105 4368 3278 4447 :creat
3334 4372 3434 4441 (6).

3491 4360 3751 4439 Iosephus

368 4436 586 4504 frustra
617 4448 824 4504 urbem
856 4449 1126 4504 obtinere
1155 4436 1424 4513 conatus,
1457 4436 1756 4498 intestinis
1778 4440 2038 4514 motibus
2060 4440 2227 4500 ortis,
2247 4438 2320 4492 ad
2341 4440 2539 4509 fugam
2557 4441 2938 4514 compellitur
2957 4442 3054 4513 (7).
3077 4436 3440 4514 Nicephorus
3461 4436 3654 4514 urbem
3673 4436 3752 4514 ill:

369 4536 606 4592 gressus
625 4527 962 4576 coronatur.
985 4520 1260 4590 Corporis
1282 4524 1340 4572 et
1362 4498 1544 4592 animi
1568 4517 1618 4592 ej
1631 4531 1697 4570 us
1716 4513 2059 4592 descriptio:
2077 4498 2364 4592 Cognatos
2391 4498 2449 4566 et
2465 4498 2848 4592 amicos‘suos
2873 4498 3122 4592 suminis
3141 4498 3314 4570 ornat
3336 4508 3648 4592 honoribus
3664 4498 3749 4578 (φ’

370 4580 733 4662 Nicephorus
764 4580 1122 4663 TheOphano
1155 4592 1216 4645 in
1247 4580 1694 4663 matrimonium
1728 4580 1929 4663 ducit:
1959 4580 2314 4663 Polyeuctus
2371 4583 2710 4663 patriarcha
2735 4601 2870 4663 eum
2902 4585 3155 4663 ecclesia
3185 4591 3386 4651 arcet;
3419 4580 3520 4638 sed
3548 4583 3749 4663 qu‘lﬂ

372 4646 624 4733 gratiam
650 4646 786 4718 cum
813 4646 1072 4719 eorredit
1100 4664 1196 4733 (9).
1229 4659 1573 4731 Insequenti
1624 4673 1758 4712 vere
1791 4646 2154 4733 Nicephorus
2185 4646 2390 4733 contra
2455 4655 3020 4733 Saracenos__duci_t.
3054 4659 3232 4733 Tarso
3263 4646 3483 4733 frustra
3510 4646 3750 4733 ‘teljfﬁj‘?’

374 4712 789 4805 ξίἰῧῖιῖὂὲιῖιῖὧ
819 4712 1069 4790 castella
1099 4712 1324 4805 recipit
1337 4712 1851 4804 (lbilllopsuestia
1871 4712 1972 4783 diu
1995 4727 2239 4782 obsessa
2261 4726 2311 4780 vi
2357 4742 2742 4799 expugnagur.
2795 4712 3157 4801 Nicephorus
3189 4730 3250 4783 in
3295 4717 3650 4799 Cappadocia
3674 4712 3750 4766 hi-

376 4803 590 4861 bernat
627 4806 761 4878 (11).

373 5006 472 5063 35
509 5011 557 5063 l.
588 5007 774 5062 Medio
799 5007 927 5079 jam
953 5023 1108 5074 vere,
1139 5023 1275 5062 cum
1331 5003 1544 5060 lucifer
1599 5001 1672 5058 ad
1731 5001 2020 5057 arcticum

369 5097 572 5167 polum
594 5095 881 5168 paulatim
907 5111 1148 5152 cursum
1171 5095 1530 5160 ﬂecteret,ac
1549 5107 1752 5147 versus
1767 5092 2021 5146 Taurum

2206 4999 2290 5071 [P.
2326 4999 2416 5071 2?]
2452 5003 2515 5052 α’.
2553 4999 2662 5070 (83)
2711 4995 2850 5068 Ἤδη
2911 4995 2967 5053 δὲ
3022 5002 3118 5054 τοῦ
3147 4997 3284 5071 ἦρος
3327 4997 3606 5072 μεσοῦντος
3631 4979 3742 5072 (ἦθ’

2130 5086 2350 5141 καὶτοῦ
2398 5087 2690 5167 φωσφόρου
2740 5087 2879 5162 πρὸς
2936 5087 3028 5142 τὸν
3083 5086 3340 5162 ἀρκτικὸν
3392 5080 3556 5140 πόλον
3585 5067 3742 5146 ἡμέρᾳ

1576 5209 1636 5263 C.
1670 5209 1732 5263 B.
1786 5207 1973 5262 HASlI
2002 5205 2560 5263 ANNOTATIONES.

373 5341 575 5469 “(822)
606 5339 1037 5396 Constantinus
1093 5342 1392 5395 Manasses
1451 5334 1744 5390 Breviario
1806 5333 2023 5388 Histor.

446 5434 497 5469 ο.
604 5428 618 5466 :

446 5428 618 5480 5,1):

366 5502 594 5575 ’Όρκοις
623 5520 683 5577 γε
714 5505 964 5578 φρικτοῖς
993 5496 1256 5561 αἰδεσθεὶς
1290 5497 1394 5552 ὑπὸ
1421 5501 1520 5564 τῆς
1553 5491 1896 5570 βασιλίσσης.

371 5686 484 5756 Pro
521 5700 636 5756 quo
669 5699 840 5738 versu
883 5679 1054 5740 codd.
1085 5678 1566 5756 ‘nostri‘meliusg

371 5743 595 5828 Ὀρκοῖς
624 5756 878 5829 φρικτοῖς
942 5748 1252 5814 καταδεθεὶς
1282 5748 1384 5805 ὑπὸ
1412 5755 1518 5819 κῆς
1549 5743 1851 5822 βασιλίδος.

2207 5333 2318 5396 (83)
2349 5331 2615 5387 Primum
2674 5336 2852 5403 caput
2899 5332 3076 5403 hujus
3135 5332 3271 5388 libri
3329 5349 3362 5388 a
3416 5313 3733 5403 Combe???

2138 5387 2374 5460 versum
2407 5403 2565 5475 apud
2595 5387 2836 5476 Pagium
2869 5387 3037 5458 IV."6
3067 5387 3290 5476 passim
3319 5387 3464 5460 ame
3493 5387 3739 5448 retracta-

2145 5481 2275 5533 tum
2303 5480 2411 5531 est.

2209 5527 2606 5620 ξέᾎῖΤὲπιριιε
2638 5562 2762 5620 quo
2785 5546 3152 5620 Nicephorus
3202 5546 3275 5602 ab
3307 5544 3446 5620 urbe
3476 5527 3741 5620 Ρτοίξῗξιξθ

2140 5605 2248 5684 est,
2280 5605 2615 5691 accuratius
2645 5605 2870 5674 indicat
2921 5605 3270 5691 Anonymus
3301 5605 3736 5691 in_hi§lOijamﬁ‘

2141 5659 3270 5763 Ξῖιῆὐζῖπὶέὲἔᾷιῖἔιὶῇἒῖυίιῖιΐῐόὸζ’Υ
3285 5659 3503 5763 ἐόιζξᾹζ
3548 5659 3736 5763 ερῄξζ

2142 5739 3134 5830 ἑὸὶξῦῗιῗὸῐίξἷιὶὲθὶνῖιῗῖὶζὲίὲἲὶὲ
3161 5739 3551 5835 ’έιιῖἑᾹίίίοηο
3593 5739 3736 5796 Nice-
