4084 6202
424 350 534 410 723
1828 351 2106 415 LEUNIS

2220 351 2240 411 l
2265 349 2448 411 \CON
2461 351 2480 410 l
3712 354 3810 412 724

427 501 606 558 quam
633 487 854 560 optime
882 489 1284 551 constitueret.
1302 506 1409 562 pro
1431 489 1774 563 viribusque
1788 492 2078 546 ﬁrmaret.

2218 485 2446 562 πέφυκεν,
2506 479 2820 551 ὑποδύεται,
2882 483 3052 557 μικρά
3109 480 3403 560 φροντίσας
3471 487 3580 537 τῶν
3639 503 3820 557 φρικω-

429 577 519 632 Ita
549 583 607 630 et
633 583 905 632 anteacta
935 578 1262 649 posteriora
1292 579 1484 635 salute
1517 597 1625 636 sua
1655 580 1841 647 duxit,
1895 583 1953 633 et
1973 579 2076 650 ju-

2225 575 2457 630 εστάτων
2487 572 2689 646 ὅρκων,
2743 571 2834 635 οὕς
2885 572 3020 648 πρός
3071 592 3130 627 τε
3185 571 3276 627 τόν
3333 571 3682 647 πατριάρχην
3732 579 3821 629 llo-

434 666 754 737 risjurandi
781 667 1070 721 rationem
1087 667 1293 722 habuit
1313 669 1634 724 nullam.ln
1653 670 1813 725 hunc
1835 668 2078 724 modum

2218 662 2452 718 ,ύευκτον
2475 663 2731 726 κατέθετο
2784 659 2873 716 καὶ
2922 662 3019 728 τήν
3067 659 3399 735 σύγκλητον.
3433 661 3506 714 Τὸ
3537 662 3638 735 γὰρ
3686 661 3820 716 ἀστα-

439 761 711 826 suscepto
744 755 993 826 imperio
1025 755 1410 828 Nicephorus,
1435 759 1772 814 succinctus
1804 757 2080 831 pugione,

2218 773 2402 824 ιμητον
2433 754 2530 819 τῆς
2561 750 2739 826 τύχης
2797 752 2886 805 καί
2941 747 3173 819 ἄδηλον,
3229 749 3318 804 καὶ
3378 749 3445 804 τὸ
3491 753 3590 804 τοῦ
3644 751 3820 826 Ἰωσὴφ

441 842 637 898 hastili
662 843 858 904 nixus.
881 846 1170 915 processit
1195 861 1228 900 a
1252 847 1918 919 tabernaculo;cumque
1951 847 2082 902 loco

2218 841 2446 914 ἱυσμενές
2473 861 2532 895 τε
2562 841 2651 895 καὶ
2712 836 2982 894 ἄσπονδον
3045 837 3547 912 ὑπολογιζόμενος,
3597 838 3823 914 ἠπείγετο

437 931 756 1002 conspicuo
797 938 973 1003 atque
1022 934 1307 1005 praecelsa
1357 935 1465 991 sub
1515 936 1646 992 divo
1697 935 2082 1004 constitisset,

2218 931 2547 1004 ιροτερήσειν
2581 929 2678 998 τήν
2727 932 2824 983 τοῦ
2882 924 3076 1004 ἀνδρὸς
3126 929 3480 998 κακοήθειαν,
3541 927 3591 982 ἐν
3647 931 3722 1000 τῷ
3769 927 3823 982 τὰ

435 1019 634 1076 dicere
666 1019 751 1076 sic
780 1026 871 1076 est
899 1037 1144 1078 exorsus
1169 1040 1182 1077 :

2218 1021 2310 1075 ιατ⁹
2342 1018 2500 1074 αὐτὸν
2531 1019 2587 1073 εὖ
2618 1017 2820 1086 Θέσθαι,
2871 1018 2962 1073 καὶ
3007 1017 3081 1079 ὡς
3142 1017 3254 1072 οἷόν
3311 1037 3373 1072 τε
3429 1014 3823 1095 ἀσφαλίσασθαι.

435 1109 528 1180 Τῷ
583 1128 669 1162 τοι
720 1108 809 1163 καὶ
870 1106 1092 1180 δεύτερα
1143 1111 1209 1165 τὰ
1262 1111 1534 1189 φθάσαντα
1585 1120 1684 1182 τῆς
1741 1113 1934 1168 ἑαυτοῦ
1993 1109 2266 1185 σωτῆρίας
2320 1107 2656 1182 ἡγούμενος,
2706 1108 2852 1180 παρά
2907 1105 3114 1182 φαῦλον
3173 1107 3272 1175 τὴν
3324 1104 3676 1181 ὁρκωμοσίαν
3731 1104 3823 1160 Eti-

435 1197 576 1251 θετο.
611 1200 810 1252 Τοῦτον
843 1194 910 1267 δή
942 1199 1033 1254 τὸν
1092 1199 1291 1275 τρόπον
1349 1207 1453 1270 τῆς
1507 1202 1554 1236 ⁷⁷
1624 1199 1902 1277 βασιλείας
1956 1200 2138 1274 ἀρχήν
2200 1199 2228 1253 ὁ
2284 1197 2601 1274 Νικηφόρος
2660 1194 3072 1269 ἀναδεξάμενος,
3121 1198 3220 1264 τῆς
3279 1199 3492 1266 σκηνῆς
3551 1195 3824 1269 προῆλθεν,

436 1285 697 1358 ἀκινάκην
750 1285 1112 1362 διεζωσμένος
1170 1292 1260 1346 καὶ
1321 1289 1508 1368 δόρατι
1567 1291 2026 1367 σκηριπτόμενος.
2085 1292 2168 1361 [Ρ.
2229 1291 2321 1361 26]
2375 1288 2426 1359 ἐξ
2482 1287 2730 1344 ἀπόπτου
2781 1308 2840 1344 τε
2891 1287 2981 1342 καί
3037 1308 3189 1349 τινος
3246 1293 3542 1362 περιωπῆς
3601 1285 3728 1342 κατά
3773 1285 3825 1339 τὸ

438 1374 700 1450 ὕπαιθρον
733 1377 881 1445 στὰς,
915 1377 1061 1450 ἔλεξε
1088 1378 1292 1439 τοιάδε.

513 1469 614 1525 42
646 1472 698 1526 5.
734 1493 761 1520 «
794 1473 919 1526 Non
949 1471 1244 1528 desiderio
1277 1490 1370 1528 me
1404 1473 1756 1547 tyrannidis,
1790 1472 2090 1530 commili-

447 1562 922 1617 tones.ornatum
942 1561 1120 1616 istum
1143 1561 1589 1634 imperatorium
1607 1563 1956 1636 sumpsisse,
1985 1561 2090 1616 sed

451 1647 663 1703 studiis
683 1649 890 1703 vestris
913 1651 1324 1722 exercitusque
1351 1652 1644 1721 adactum,
1668 1670 1768 1706 vos
1801 1652 1912 1724 ipsi
1947 1650 2090 1705 mihi

451 1741 633 1792 testes
663 1739 827 1805 estis,
860 1739 960 1810 qui
996 1756 1109 1806 me,
1161 1747 1529 1797 aversantem
1584 1741 1916 1797 molestiam
1973 1747 2091 1795 tam

2271 1473 2328 1525 ε’.
2390 1493 2417 1519 ‹‹
2451 1473 2572 1525 ’Ότι
2625 1467 2719 1540 μὶν
2781 1466 2882 1522 οὐκ
2938 1465 3114 1544 ἐφέσει
3169 1464 3589 1540 τυραννίδος,ὦ
3623 1484 3827 1537 συστρα-

2198 1562 2410 1624 τιῶται,
2442 1554 2567 1612 τόδε
2595 1559 2658 1611 τὸ
2689 1563 2886 1632 σχῆμα
2916 1563 3015 1626 τῆς
3050 1555 3329 1631 βασιλείας
3379 1553 3670 1632 ἀνείληφα,
3716 1574 3828 1608 κατ-

2200 1647 2408 1722 ανάγκῃ
2443 1644 2499 1701 δὲ
2545 1647 2696 1719 ὑμῶν
2755 1649 2852 1700 τοῦ
2908 1649 3139 1720 στρατοῦ
3201 1645 3468 1718 βιασθεὶς,
3532 1641 3826 1718 μαρτυρεῖτέ

2207 1755 2298 1807 μοι
2341 1734 2431 1788 καὶ
2488 1732 2664 1803 αὐτοὶ,
2723 1734 2776 1786 οἳ
2832 1753 2894 1808 γε
2948 1735 3037 1789 καὶ
3101 1731 3644 1806 ἀποτροπιαζόμενόν
3692 1751 3744 1784 τε
3791 1731 3825 1764 7⁸

451 1843 748 1898 magnam,
790 1830 1267 1899 procurationem
1318 1831 1658 1902 reipublicae
1709 1830 1798 1886 vel
1845 1831 2091 1885 invitum

2218 1824 2300 1892 τήν
2358 1823 2625 1893 τοσαύτην
2685 1819 2948 1900 φροντίδα
2997 1822 3088 1878 καὶ
3144 1821 3406 1897 πρόνοιαν
3469 1823 3566 1876 τοῦ
3635 1816 3830 1883 παντὸς,

449 1917 751 1988 suscipere
780 1918 1075 1990 coegistis.
1111 1918 1276 1984 Quod
1304 1927 1501 1975 autem
1520 1936 1660 1976 cura
1683 1921 1860 1975 vestri
1880 1919 2096 1991 potius,

447 2020 717 2076 measque
749 2007 1176 2065 incolumitatis
1199 2010 1524 2065 retinendaa
1556 2027 1752 2077 causa,
1785 2010 1846 2064 in
1869 2014 2099 2065 tantum

448 2109 542 2150 me
585 2093 905 2151 discrimen
964 2098 1304 2164 obtulerim,
1353 2099 1502 2154 scire
1551 2116 1651 2154 vos
1691 2115 1899 2154 omnes
1946 2099 2096 2154 volo.

450 2183 888 2240 Providentiam
916 2192 1120 2256 testor,
1147 2205 1278 2258 qua)
1303 2189 1643 2243 universum
1665 2187 1974 2260 gubernat,
1999 2203 2098 2258 pa-

449 2277 645 2327 ratum
669 2289 763 2328 me
787 2290 915 2330 esse
938 2276 1027 2330 vel
1049 2277 1238 2348 ipsam
1261 2277 1438 2332 vitam
1461 2294 1567 2349 pro
1592 2277 1757 2332 vobis
1780 2276 2098 2349 deponere,

453 2377 648 2433 neque
679 2362 866 2418 ullum
899 2364 1341 2422 incommodum
1376 2383 1468 2422 me
1517 2366 1588 2421 de
1637 2367 1749 2421 hoc
1799 2365 2100 2438 proposito

455 2450 1242 2524 deducturuni.thuoniam
1262 2472 1380 2510 non
1401 2454 1776 2527 permisistis.
1793 2460 1857 2508 ut
1877 2453 2105 2526 perfida

457 2542 739 2612 amentia,
772 2549 838 2598 ut
868 2544 1102 2601 rabiosa
1126 2552 1182 2601 et
1207 2546 1476 2601 insolens
1501 2545 1805 2602 temeritas
1824 2544 2103 2616 spadonis

459 2629 534 2686 ad
565 2633 787 2688 exitum
819 2636 1173 2705 perveniret,
1209 2635 1332 2703 sed,
1373 2637 1476 2692 illo
1527 2641 1810 2706 tanquam
1857 2634 2104 2690 vecorde

457 2728 686 2777 rectore
718 2725 960 2793 rejecto,
994 2742 1088 2780 me
1130 2728 1424 2798 imperare
1472 2727 1638 2782 vobis
1696 2726 1994 2791 voluistis,
2043 2741 2105 2780 re

457 2812 750 2881 praestabo
768 2814 1730 2886 utintelligatis,quemadmodum
1745 2831 1954 2887 parere
1969 2813 2110 2868 scivi

460 2898 604 2955 item
637 2917 732 2956 me
761 2919 941 2971 nunc,
975 2904 1092 2958 Deo
1122 2905 1400 2976 propitio,
1435 2912 1592 2961 recte
1625 2921 1880 2977 praeesse
1911 2919 2108 2976 posse.

462 2991 696 3058 Verum,
730 3007 798 3046 ea
828 2992 1072 3047 caritate
1104 2993 1422 3058 animatus,
1477 3011 1594 3065 qua
1643 2999 1812 3066 pater
1852 2993 2112 3048 filiorum

459 3095 688 3147 amans,
723 3080 886 3135 vobis
916 3085 983 3134 ut
1015 3081 1155 3136 ﬁliis
1184 3082 1298 3153 piis
1329 3088 1538 3138 auctor
1555 3099 1708 3150 sum,
1732 3088 1800 3137 ut
1821 3080 2112 3136 desidiam

2203 1913 2292 1967 καὶ
2321 1910 2524 1968 ἄκοντα
2581 1911 3024 1986 κατηναγκάσατε
3080 1909 3348 1982 δέξασθαι.
3398 1911 3523 1968 ’Ότι
3576 1906 3632 1963 δέ
3675 1905 3831 1974 εὐνοίᾳ

2209 2001 2423 2075 μᾶλλον
2481 2003 2633 2076 ὑμῶν
2687 2023 2744 2057 τε
2800 2001 2891 2058 καὶ
2977 1999 3241 2079 ἀσφαλείᾳ
3325 2001 3524 2056 hinc?)
3577 1998 3707 2073 πρὸς
3753 1995 3830 2049 τὸν

2201 2096 2469 2148 τοσοῦτον
2501 2090 2679 2166 ἀγῶνα
2709 2088 2956 2146 ἐπέδωκα
3017 2089 3268 2164 ἐμαυτὸν,
3327 2086 3530 2144 εἰδέναι
3586 2083 3833 2162 βούλομαι

2204 2181 2409 2245 πάντας
2471 2181 2634 2253 ὑμᾶς.
2685 2179 3046 2256 Μαρτύρομαι
3105 2176 3162 2234 δὲ
3215 2181 3317 2248 τὴν
3371 2179 3436 2234 τὸ
3495 2181 3596 2232 πᾶν
3651 2171 3835 2229 διευθύ-

2206 2289 2397 2324 νουσαν
2432 2269 2722 2342 Πρόνοιαν,
2755 2268 2829 2330 ὡς
2881 2267 3164 2343 πρόθυμός
3217 2267 3358 2340 εἶμι,
3411 2266 3502 2322 καὶ
3551 2264 3707 2330 αὐτὴν
3751 2261 3836 2327 τὴν

2205 2360 2393 2434 ψυχὴν
2439 2360 2608 2414 θεῖναι
2673 2359 2804 2432 ὑπὲρ
2867 2358 3042 2430 ὑμῶν,
3104 2357 3192 2412 καὶ
3253 2356 3355 2412 οὐκ
3413 2354 3474 2411 ἄν
3535 2353 3599 2428 μέ
3650 2373 3699 2406 τι
3749 2353 3839 2403 τῶν

2209 2447 2396 2519 ἀηδῶν
2454 2452 2551 2504 τοῦ
2607 2448 2865 2504 τοιούτου
2922 2448 3188 2522 ἀπαγάγοι
3270 2450 3506 2504 σκοποῦ.
3579 2441 3720 2502 Ἐπεὶ
3767 2438 3843 2492 οὖν

2210 2538 2309 2593 οὐκ
2337 2538 2600 2613 ἠνέγκατε
2625 2538 2725 2606 τήν
2756 2535 2958 2609 τομίου
2989 2530 3284 2590 ἔκσπονδον
3321 2534 3584 2590 ἀπόνοιαν
3629 2528 3712 2585 καὶ
3754 2526 3838 2592 τὴν

2211 2633 2468 2705 λυσσώδη
2510 2634 2602 2689 καὶ
2663 2633 2914 2709 ὀργῶσαν
2975 2632 3181 2688 ἰκείνου
3235 2629 3527 2688 αὐθάδειαν
3581 2627 3652 2688 εἰς
3701 2623 3837 2698 ἔργον

2215 2727 2491 2801 χωρῆσαι,
2547 2722 2677 2778 ἀλλ’
2734 2721 2930 2777 ὡσανεί
2972 2742 3094 2776 τινα
3153 2717 3524 2797 βαρυκάρδιον
3581 2712 3838 2801 ἐπιστάτην

2214 2797 2659 2886 ἀποσεισάμενοι,
2691 2811 2788 2884 έμὶ
2823 2809 3130 2887 βασιλεύειν
3183 2810 3339 2882 ὑμῶν
3385 2806 3714 2884 ᾑρετίσασθε,
3767 2797 3840 2854 ἐπὶ

2213 2907 2323 2958 τῶν
2356 2901 2688 2978 πραγμάτων
2721 2898 2878 2974 δείξω
2909 2904 3116 2978 σαφῶς,
3145 2898 3228 2954 ὅτι
3265 2919 3328 2954 τε
3375 2897 3527 2974 ᾒδειν
3574 2898 3829 2969 ἄρχεσθαι,

2215 2993 2306 3048 καὶ
2337 2991 2428 3046 νῦν
2485 2989 2676 3066 ἄρχειν
2734 2989 3116 3067 ἀνεπισφαλῶς
3173 2987 3266 3042 σὺν
3325 2987 3446 3062 Θεῷ
3503 2983 3837 3067 ἐξεπίσταμαι.

2220 3080 2446 3139 Εὕνοιαν
2480 3080 2570 3134 οὖν
2600 3077 2743 3154 ἔχων
2779 3080 2852 3143 ὥς
2880 3066 2964 3142 τις
2993 3073 3252 3156 φιλόπαις
3282 3078 3488 3149 πατήρ,
3512 3066 3839 3144 συμϐουλεύω

459 3167 822 3241 deliciasque
853 3187 929 3225 ne
961 3171 1314 3242 respiciatis.
1360 3172 1662 3227 Excubare
1685 3171 2001 3243 oportebit,
2027 3171 2106 3224 vi-

2218 3175 2377 3225 πᾶσιν
2414 3171 2545 3242 ὑμῖν
2577 3170 2651 3230 ὡς
2685 3170 2824 3230 υἱοῖς
2855 3167 3246 3245 φιλοπάτορσι,
3281 3169 3360 3239 μή
3404 3165 3541 3240 πρὸς
3585 3157 3836 3238 ρᾳσνώνην

461 3258 665 3331 gilare,
691 3275 861 3314 casus
883 3262 1240 3331 praemunita
1264 3266 1462 3316 mente
1487 3262 1799 3315 sustinere.
1824 3263 1948 3316 Non
1980 3261 2109 3314 sine

465 3347 752 3421 sanguine
782 3349 1056 3404 existimo
1087 3365 1214 3405 rem
1247 3350 1638 3421 dijudicatum
1671 3350 1764 3406 iri.
1799 3351 1940 3405 Nam
1992 3366 2107 3420 quo

468 3443 558 3492 est
587 3438 774 3510 magis
803 3439 1054 3494 arduum
1085 3455 1337 3494 ascensu
1388 3439 1624 3512 imperii
1671 3439 1991 3511 fastigium,
2043 3455 2111 3493 eo

467 3528 696 3600 gravior
725 3527 948 3582 invidia
977 3534 1036 3583 et
1064 3530 1365 3584 contentio
1411 3534 1520 3596 est,
1574 3546 1705 3599 quia
1753 3530 1820 3583 ﬁt
1866 3528 1938 3583 de
1984 3527 2108 3583 illo.

473 3618 588 3672 Nec
617 3632 753 3670 vero
785 3633 919 3671 cum
950 3617 1330 3673 Cretensibus
1369 3634 1530 3672 nunc
1576 3619 1741 3674 vobis
1788 3624 2112 3683 certamen,

472 3723 582 3760 nec
613 3724 746 3760 cum
781 3707 1010 3777 Scythis
1044 3713 1101 3760 et
1131 3707 1444 3774 Arabibus,
1479 3725 1626 3779 quos
1666 3709 1875 3763 virtute
1924 3715 2118 3763 vestra

472 3793 790 3857 devicistis,
820 3793 922 3848 sed
955 3795 1055 3849 48
1079 3811 1212 3848 cum
1237 3797 1636 3850 Romanorum
1662 3797 1916 3864 civitate,
1942 3796 2116 3852 bouis

470 3883 747 3938 omnibus
778 3884 1038 3956 undique
1072 3885 1361 3949 afﬂuenti,
1397 3902 1530 3957 quae
1571 3903 1690 3941 non
1747 3894 1944 3958 potest
1992 3894 2116 3942 tan-

473 3991 649 4044 quam
682 3975 923 4046 aliquod
954 3975 1265 4030 castellum
1300 3983 1602 4032 momento
1633 3978 1784 4048 capi.
1829 3978 1969 4033 Mari
2002 3978 2113 4032 cir-

471 4064 734 4120 cumﬂua
759 4071 936 4136 atque
969 4065 1215 4128 munita.
1236 4067 1696 4140 propugnaculis
1720 4068 2116 4125 ﬁrmiscincla

475 4171 941 4226 quoquoversus,
975 4155 1128 4228 pube
1161 4155 1418 4227 plurima
1447 4157 1642 4228 plena,
1674 4159 1904 4214 caeteris
1946 4159 2118 4215 terris

471 4261 636 4304 auro.
654 4245 883 4316 Opibus,
901 4247 1268 4301 ornamentis
1282 4246 1536 4302 multum
1550 4254 1808 4319 praestat.
1832 4249 2118 4314 Quocirca

469 4339 702 4404 Oportet
729 4350 850 4396 vos,
885 4339 1162 4390 renovata
1189 4333 1376 4389 nobili
1411 4335 1622 4390 virtute
1654 4337 1776 4405 illa,
1801 4353 1917 4407 qua
1939 4337 2026 4390 usi
2054 4337 2115 4390 in

469 4421 692 4494 prailiis
718 4421 1086 4478 adversarios
1107 4439 1316 4479 omnes
1338 4424 1762 4490 debellavistis,
1787 4426 1920 4497 plus
1947 4442 2116 4498 paene

2216 3259 2304 3315 καὶ
2357 3259 2567 3336 τρυφὴν
2626 3254 2862 3326 ἀπιδεῖν,
2921 3255 3050 3312 ἀλλ’
3101 3254 3465 3330 ἐγρηγορέναι
3521 3251 3606 3307 καὶ
3657 3248 3840 3336 νῆφξίνν

2217 3348 2406 3404 καὶτά
2435 3334 2815 3420 συμπίπτοντα
2868 3345 3311 3418 εὐπρεπισμένως
3365 3345 3413 3382 79
3455 3334 3838 3431 προσδέχεσθαι,

2221 3439 2605 3512 Τεκμαίρομαι
2671 3435 2800 3511 γὰρ,
2858 3436 2936 3508 μὴ
3021 3434 3294 3507 ἀναιμωτὶ
3384 3432 3715 3506 διακριθῆναι
3786 3438 3842 3472 τι

2221 3529 2536 3603 πράγματα,
2583 3525 2679 3581 Καὶ
2738 3525 2864 3601 γὰρ,
2923 3523 3048 3579 ὅσον
3104 3523 3180 3586 εἷς
3236 3522 3524 3597 ἀνέφικτον
3582 3518 3707 3590 ὕψος
3757 3514 3838 3574 τῆς

2227 3625 2501 3703 βασιλείας
2544 3626 2605 3681 τὸ
2660 3624 2855 3700 κράτος
2913 3622 3191 3692 ἀνέστηκε,
3247 3627 3507 3678 τοσοῦτον
3561 3606 3835 3714 καὶὁφθξίο

2221 3740 2314 3781 νος
2342 3718 2430 3771 καὶ
2483 3718 2510 3772 ὁ
2569 3716 2812 3787 πόλεμος
2870 3716 2991 3790 περὶ
3051 3715 3221 3782 αὐτὴν
3278 3715 3495 3784 αὔξεται
3553 3699 3831 3799 suadae:-

2224 3829 2357 3868 πενα
2385 3807 2432 3845 80
2462 3811 2594 3880 (99),
2627 3786 2872 3879 Οὖγπρὸς
2904 3786 3117 3880 Κρῆτας
3150 3805 3241 3859 οὗν
3291 3805 3422 3877 ὑμῖν
3456 3804 3490 3871 ἡ
3521 3786 3835 3890 Ralm-03:55

2223 3898 2360 3972 πρὸς
2394 3897 2604 3960 Σκύθας
2635 3896 2725 3950 καὶ
2773 3889 3040 3968 Ἀραῦας,
3092 3891 3186 3954 οὕς
3239 3896 3309 3966 τῇ
3362 3895 3509 3970 σφῶν
3569 3883 3721 3959 ἀρετῇ
3765 3891 3833 3978 ξι·

2227 3986 2636 4062 εχειρισάμεθα,
2668 3984 2815 4040 ἀλλά
2856 3985 2992 4058 πρὸς
3036 3984 3136 4052 τὴν
3190 3986 3298 4038 τῶν
3358 3978 3642 4054 Ῥωμαίων
3699 3979 3834 4074 πολέ-

2226 4079 2392 4143 τείαν,
2426 4079 2545 4142 καθ’
2574 4077 2640 4146 ἤν
2672 4073 2876 4151 ἄκρατα
2916 4079 2990 4150 (1)
3025 4074 3363 4150 πανταχόθεν
3427 4071 3610 4143 εἰσρεῖ,
3657 4071 3745 4158 κξιί.
3780 4075 3832 4120 ην

2225 4170 2329 4225 οὐκ
2358 4167 2435 4224 ἔνι
2467 4163 2716 4222 αὐτοϐοεὶ
2749 4166 2821 4226 ὥς
2852 4188 2903 4222 τι
2935 4171 3040 4221 τῶν
3090 4165 3364 4244 φρουρίων
3415 4161 3575 4219 ξλεῑνο
3627 4149 3835 4250 θαλασσῃ

2222 4279 2281 4313 τε
2311 4256 2732 4332 περιρρεόμενον
2756 4257 2798 4292 ⁸⁸
2827 4256 2915 4310 καὶ
2947 4255 3138 4330 εὐερκῆ
3197 4254 3382 4324 οὖσαν,
3429 4249 3517 4308 καὶ
3561 4249 3833 4336 πυργξζμφ

2226 4368 2306 4401 σιν
2341 4345 2594 4418 ἐρυμνοῖς
2644 4342 3100 4419 περικλειομένην
3155 4343 3482 4418 ἑκασταχοῦ,
3529 4333 3612 4390 καὶ
3655 4321 3831 4419 ᾗδιςητι

2227 4435 2346 4507 λαῷ
2370 4410 2848 4507 *περιπλήθούσαη
2879 4410 2969 4488 καὶ
3000 4410 3192 4508 χρυσῷ
3221 4431 3310 4487 καὶ
3341 4410 3566 4498 πλούτῳ
3598 4417 3678 4476 καὶ
3726 4410 3832 4508 ἂνξ·

471 4527 648 4582 quam
672 4512 942 4583 poteritis
963 4529 1123 4568 nunc
1143 4513 1520 4585 potissimum
1539 4522 1744 4570 contra
1761 4495 1962 4570 hostes
1984 4515 2106 4570 niti.

2225 4525 2429 4596 θήμασι
2461 4522 2662 4597 πολλῷ
2688 4530 2789 4594 τῆς
2835 4522 3155 4596 οἷκουμένης
3208 4517 3582 4599 διαφέρουσαν.
3628 4508 3710 4599 Δεῖ
3751 4495 3828 4599 “Et

471 4602 816 4670 Quanquam
849 4600 1108 4670 confido,
1139 4602 1199 4656 in
1263 4603 1373 4658 hoc
1415 4604 1739 4659 certamine
1787 4619 1880 4658 me
1929 4605 2113 4660 Deum

469 4705 705 4759 quoque
735 4689 1068 4761 adjutorem
1092 4691 1452 4748 habiturum.
1479 4695 1655 4749 Pacta
1676 4694 1835 4748 enim
1858 4694 2112 4766 etjusju-

469 4777 721 4832 randum
755 4795 875 4834 non
907 4797 1014 4835 nos
1035 4781 1406 4851 violavimus,
1437 4783 1538 4840 sed
1559 4785 1796 4858 losephi
1819 4785 2110 4855 simultes,

467 4865 569 4936 qui
601 4871 725 4921 tum
757 4869 1122 4942 propinquos
1149 4873 1280 4928 sine
1312 4889 1491 4930 causa
1519 4875 1644 4930 ulla
1682 4892 1846 4931 meos
1878 4876 1940 4932 in
1965 4877 2113 4932 exsi-

2225 4615 2286 4668 τὸ
2304 4594 2551 4688 γενναῖον
2584 4594 2948 4687 ἀνειληφότας
2993 4594 3424 4688 παράστημα,
3452 4594 3764 4679 κεχρημένοι

2224 4673 2374 4776 πακτίά
2401 4700 2496 4762 τὰς
2529 4700 2711 4776 μάχαι-
2859 4673 3101 4771 ἀντίξουν
3151 4673 3286 4753 ἅπαν
3333 4673 3746 4776 κατηγωνίζισθξ
3771 4673 3826 4735 ⁸³,

2223 4789 2312 4844 καὶ
2347 4789 2480 4864 ὑπὲρ
2510 4790 2573 4845 τὸ
2616 4789 2730 4845 ένὸν
2765 4787 2883 4865 ἄρτι
2952 4786 3164 4864 μᾶλλον
3213 4787 3350 4842 κατά
3398 4789 3506 4841 τῶν
3548 4764 3826 4870 ἀντιπαξων

2222 4884 2449 4954 χωρεῖν.
2486 4880 2788 4953 Πέπεισμαι
2815 4879 2915 4955 γάρ
2975 4876 3106 4949 ἕξειν
3152 4875 3240 4932 ἐπὶ
3289 4873 3503 4932 τουτονὶ
3543 4867 3628 4924 τὸν
3675 4867 3825 4930 MM

1674 5063 1735 5121 C.
1773 5065 1836 5120 B.
1879 5067 2070 5123 HASII
2105 5068 2656 5126 ANNOTATIONES.

537 5216 580 5301 ῖτ
612 5223 742 5301 Eii;
764 5220 918 5301 Fort.
950 5219 1051 5301 τὴν
1079 5226 1200 5288 τῆς.
1233 5222 1327 5301 41⁷⁸
1361 5242 1439 5280 τε.
1501 5225 1707 5301 Melius
1737 5226 1858 5301 _ve1
1905 5227 2026 5301 Leo
2065 5245 2106 5281 Vt

2218 5228 2492 5301 librarius
2549 5229 2884 5301 scripsisset
2941 5229 3025 5301 μέ.

544 5247 577 5253 -·
612 5247 730 5286 της.
764 5247 918 5274 run.
950 5247 1048 5287 την
1079 5247 1200 5288 της.
1285 5247 1327 5257 "'
1361 5247 1439 5280 τε.
1501 5247 1707 5281 manus
1767 5247 1858 5282 vei
1917 5247 2026 5283 L80
2065 5247 2106 5281 νε

455 5291 583 5371 Vid.
707 5291 985 5371 Basilium
1020 5292 1091 5371 de
1121 5293 1441 5371 gratiarum
1474 5297 1706 5371 actione
1737 5298 1778 5354 Ι.
1811 5299 1934 5371 365.
1967 5300 2027 5371 C.
2105 5320 2106 5326 η

2218 5247 2492 5285 llDrarlus
2549 5247 2661 5285 scr]
2711 5251 2715 5283 ε

2220 5298 2625 5371 ιαμιλλώμενα.
2662 5247 2715 5357 ἕξ

2703 5301 2774 5357 ic.
2799 5296 3120 5358 codfFort.
3154 5296 3606 5369 διαμῖλλωμένῳ.

455 5361 805 5439 ριρῥεόμενον
865 5365 955 5420 Sic
987 5361 1284 5438 cod.'Leg.
1315 5365 1764 5442 ηεριρρεομὲνῃν,
1796 5375 1861 5422 ut
1890 5369 2046 5424 infra
2070 5372 2106 5424 3

2218 5361 2287 5426 2.·
2356 5371 2404 5406 ⁸³
2432 5361 2519 5426 καὶ
2554 5371 2827 5447 χρημένοι
2870 5373 2998 5428 cod.
3130 5373 3176 5408 ⁸³
3223 5361 3664 5444 κάτηγωνίζεσθαι

3130 5227 3176 5264 ⁷³
3206 5230 3353 5302 L088
3411 5222 3818 5314 eﬁtfemoyévwf.

3158 5296 3180 5318 ⁸
3321 5299 3339 5318 ‘
3359 5297 3380 5318 ‘
3496 5315 3520 5318 η
3549 5314 3558 5318 -
3578 5313 3585 5318 .
3677 5284 3717 5318 8!
3747 5294 3820 5318 τε..

3706 5313 3816 5407 ὲόὲ.

2278 5543 2354 5610 (1)
2386 5544 2670 5619 Exempla
2699 5543 2971 5619 adjectivi
3003 5539 3258 5619 hau-:95,
3292 5560 3368 5619 (ιοΔ
3382 5552 3575 5619 sensu
3601 5516 3812 5619 qus-Ei"

2204 5597 3120 5741 retiari;co‘llegitdcatakerus
3176 5597 3491 5672 Misce—Han.
3545 5597 3806 5678 posthum.

2236 5726 2247 5738 .
2283 5705 2350 5740 ω
2392 5729 2404 5741 .
2490 5729 2502 5741 .

442 5539 478 5590 f5
513 5539 624 5610 (99)
663 5536 946 5608 Proposui
980 5531 1436 5607 διαμιλλιυμὲνω·
1472 5538 1586 5593 nisi
1619 5538 1783 5595 dicas
1815 5545 2094 5596 neutrum

443 5611 700 5740 positum
728 5626 836 5691 pro
861 5610 1190 5665 masculino
1217 5626 1228 5664 :
1255 5611 1370 5666 vid.
1400 5610 1669 5682 Vigerum
1706 5613 1784 5667 De
1808 5611 2092 5666 idiotism.

479 5686 532 5740 3.
565 5684 626 5740 C.
661 5683 860 5740 ibique
895 5687 1085 5739 notas.

479 5686 532 5740 3.
565 5684 626 5742 C.
661 5683 860 5756 ibique
895 5687 1085 5739 notas.
