4082 6200
427 408 538 468 727

1852 395 2117 458 LEONIS
2163 393 2473 455 DIACONI

3690 395 3791 453 728

427 545 503 600 rii
536 558 678 616 Opes
699 537 1063 595 facinoribus
1106 532 1338 588 bellicis
1369 535 1700 588 aucturum.
1738 531 1800 587 Id
1832 530 1879 586 si
1937 531 2071 586 nol-

2190 544 2299 585 πως
2357 519 2754 598 διαπήγγελλεν
2815 522 2857 558 θί
2914 523 2948 590 ἡ
3007 522 3212 597 γραφή·
3273 518 3516 593 δέξασθαί
3553 543 3608 578 τε
3646 524 3784 578 αὐτὸν

440 635 585 699 lent,
621 635 967 687 eventurum
992 630 1056 679 ut
1085 623 1245 696 ipsos
1266 621 1616 676 temeritatis
1638 620 2078 694 pceniteret,ubi

433 723 599 778 ferro
631 727 686 774 et
708 717 865 772 caede
898 731 991 769 res
1023 719 1182 767 esset
1236 711 1613 767 decernenda
1646 728 1658 765 :
1710 727 1906 782 neque
1945 715 2081 764 tunc

431 813 597 868 locus
633 807 868 863 dabitur
898 802 1261 859 defensionis
1287 801 1407 857 illis
1439 801 1541 873 qui
1575 817 1679 872 pro
1734 799 1908 855 bonis
1955 817 2082 872 pes-

433 901 586 956 sima
615 895 924 968 elegerint.
971 916 997 942 ι)

2193 612 2585 686 αὐτοκράτορα,
2673 613 3186 690 περιφρουρήσοντα
3265 611 3353 665 καὶ
3453 610 3526 676 εἲς
3602 610 3793 683 αὔξησιν

2191 709 2414 780 ἡλικίας
2449 711 2876 783 σωμασκήσοντα
2928 709 3056 772 τοὺς
3106 713 3204 765 τοῦ
3263 709 3489 770 ἄνακτος
3542 711 3794 783 Ῥωμανοῦ

2189 796 2404 862 παῖδας·
2437 799 2525 854 καὶ
2584 799 2806 872 προσέτι
2861 798 2928 853 τά
2989 798 3213 874 μέγιστα
3262 800 3360 868 τὴν
3393 797 3655 854 πολιτείαν
3687 799 3793 869 civ/,-

2191 910 2374 958 σοντα,
2429 889 2518 943 καὶ
2576 895 2676 958 τῆς
2734 890 3051 961 Ῥωμαϊκῆς
3110 889 3285 963 ἀρχῆς
3343 889 3443 957 τὴν
3491 887 3797 962 ἐπικράτειαν

437 986 738 1059 αύξήσοντα
769 988 885 1044 τοῖς
918 983 1052 1036 κατᾶ
1081 979 1362 1052 πολέμους
1393 974 1890 1054 ἀνδραγαθήμασιν.
1925 977 1992 1033 Εἴ
2024 974 2080 1033 δὲ
2115 980 2190 1052 μή
2223 983 2382 1034 τοῦτο
2419 976 2761 1054 βουληθεῖεν,
2786 979 2870 1051 [Ρ.
2901 982 2992 1051 28]
3047 977 3230 1040 αὐτοῖς
3296 975 3676 1050 μεταμελήσειν
3701 984 3792 1046 τῆς

430 1070 749 1145 ἀϐελτερίας
777 1071 1086 1144 μετέπειτα,
1127 1067 1364 1138 ὁπηνίκα
1391 1065 1601 1141 σιδήρῳ
1630 1067 1720 1121 καὶ
1753 1072 1984 1145 σφαγαῖς
2012 1068 2075 1120 τά
2107 1066 2396 1144 πράγματα
2427 1063 2810 1141 διακρίνοιντο·
2845 1067 2934 1121 καὶ
2959 1067 3146 1140 καιρὸς
3179 1065 3240 1121 οὐ
3295 1065 3504 1139 μέτεστι
3538 1063 3793 1121 δικαιολο-

429 1164 551 1241 γίας
575 1167 691 1224 τοῖς
717 1158 1149 1236 αἱρετισαμὲνοις
1181 1157 1228 1193 9³
1259 1161 1366 1211 τῶν
1403 1155 1697 1230 βελτιόνων
1721 1156 1787 1210 τά
1817 1156 2091 1231 χείρεστα.

499 1260 550 1310 ’7.
585 1256 703 1310 Hoc
735 1252 1021 1323 scriptum
1051 1267 1173 1305 non
1199 1248 1373 1304 aliter
1402 1264 1469 1303 ac
1492 1247 1826 1318 Scythicam
1849 1247 2072 1319 jussio-

430 1361 568 1402 nem
596 1343 734 1399 tulit
757 1341 1085 1412 Iosephus;
1119 1339 1446 1410 quin,sicut
1476 1337 1718 1392 stimulo
1757 1337 1956 1408 aliquo
1982 1337 2074 1391 vel

430 1434 648 1491 calcari
667 1434 727 1488 in
744 1449 844 1487 cor
861 1431 1033 1494 ictus,
1059 1429 1403 1500 episcopum
1425 1427 1484 1482 in
1504 1427 1740 1482 vincula
1769 1427 2074 1482 conditum

432 1521 716 1577 custodiae
741 1517 986 1573 mandat
1009 1514 1788 1581 ;Marianum,Paschalium.
1812 1514 2076 1569 Tornici-

433 1626 521 1677 os,
549 1610 708 1664 viros
733 1606 1012 1678 patricios
1035 1605 1294 1660 audaciae
1318 1607 1590 1676 cognitae.
1623 1603 1732 1658 sibi
1758 1603 2029 1676 adjungit
2061 1621 2075 1670 ;

435 1701 528 1756 his
559 1698 941 1754 Macedonum
983 1697 1223 1750 cohorte
1282 1695 1498 1749 tradita
1554 1694 1790 1748 obsistit
1839 1693 2074 1761 acriter,

435 1788 745 1843 introitum
779 1787 841 1840 in
871 1784 1079 1839 urbem
1110 1783 1436 1854 Nicephoro
1466 1782 1795 1853 prmcludit.
1822 1781 2077 1836 Eatenus

2267 1247 2328 1314 ζ’.
2391 1245 2608 1316 Ταύτην
2668 1245 2796 1301 ὡσεί
2851 1267 2970 1300 τινα
3003 1248 3157 1322 ῥῆσιν
3188 1247 3293 1301 ἀπὸ
3326 1251 3545 1310 Σκυθῶν
3573 1247 3598 1300 ὁ
3627 1245 3800 1322 Ἰωσὴφ

2186 1329 2476 1406 δεξάμενος
2523 1335 2622 1403 τὴν
2683 1336 2922 1414 γραφὴν,
2979 1335 3090 1402 καὶ,
3151 1334 3332 1410 ὥσπερ
3365 1331 3799 1409 ὕσπληγγίτινιῆ

2189 1421 2376 1496 μύωπι
2436 1423 2534 1491 τήν
2585 1421 2809 1498 καρδίαν
2873 1425 3098 1499 βληθεὶς
3157 1428 3257 1498 (3),
3287 1424 3378 1480 τὸν
3411 1425 3505 1498 μὶν
3537 1423 3800 1478 ἐπίσκοπον

2186 1509 2428 1581 πεδήτην
2487 1507 2780 1584 ἀπέφηνεν,
2865 1512 3051 1588 εἱρκτῇ
3127 1517 3512 1588 παραπέμψας·
3566 1513 3650 1566 τὸν
3705 1517 3805 1565 Μα-

2187 1603 2362 1675 ριανὸν
2397 1597 2476 1670 δὲ,
2533 1602 2622 1655 καί
2680 1602 2770 1656 τὸν
2829 1599 3166 1676 Πασχάλιον,
3201 1604 3290 1656 καὶ
3337 1601 3463 1664 τοὺς
3493 1600 3802 1677 Τορνικίους,

2187 1694 2238 1750 ἐν
2305 1691 2609 1764 πατρικίοις
2691 1689 2979 1754 τελοῦντας
3059 1692 3150 1746 καὶ
3233 1693 3599 1767 θερμουργοὺς
3653 1712 3806 1767 τεῳ,-

2187 1780 2344 1841 νότας
2402 1781 2830 1854 ἑταιρισάμενος,
2885 1781 2974 1836 καὶ
3033 1778 3405 1851 Μακεδονικὴν
3439 1781 3617 1844 αὐτοῖς
3645 1779 3807 1854 ἐγχει-

441 1875 619 1933 dubio
668 1890 867 1930 rerum
909 1874 1070 1929 exitu
1128 1873 1239 1927 Leo
1301 1872 1610 1944 Nicephori
1671 1871 1873 1939 frater,
1907 1873 2076 1942 cujus

2192 1867 2343 1942 ρίσας
2403 1867 2672 1946 φάλαγγα,
2753 1869 3028 1945 ἀντείχετο
3112 1875 3406 1945 κραταιῶς,
3468 1871 3804 1944 ἀποτειχίζων

439 1963 686 2020 bellicas
712 1962 984 2018 victorias
1010 1961 1137 2033 jam
1187 1960 1460 2030 superius
1491 1959 1552 2014 in
1583 1959 1835 2014 transitu
1857 1975 2083 2014 memo-

437 2053 587 2110 ravit
609 2049 1332 2123 oratio,opportunitatem
1356 2053 1567 2103 nactus
1584 2049 2086 2120 (commorabatur

436 2143 595 2198 enim
624 2146 762 2196 tunc
777 2137 1576 2209 Constantinopoli),sumpto
1599 2135 1830 2208 plebeio
1845 2137 2082 2206 vestitu,

435 2249 542 2304 per
579 2246 791 2303 specus
837 2227 992 2282 muri
1058 2226 1294 2298 elapsus
1351 2243 1679 2282 conscensa
1735 2226 1953 2298 scapha
2007 2225 2083 2280 ad

431 2321 828 2392 Nicephorum
851 2320 950 2374 40
976 2317 1262 2389 enavigat,
1306 2317 1434 2388 jam
1467 2321 1606 2372 tunc
1638 2321 1881 2388 propter
1919 2317 2078 2388 pala~

431 2412 581 2467 tium
605 2412 667 2466 in
700 2412 885 2465 Hereo
914 2407 1352 2473 adventantem,
1387 2405 1832 2477 exercitumque
1880 2405 2083 2477 dispo-

428 2505 690 2557 nentem.
719 2497 938 2554 Eodem
974 2503 1266 2568 tempore,
1312 2495 1549 2559 Bardas,
1615 2493 1856 2548 illorum
1891 2501 2080 2566 pater,

430 2607 585 2645 unus
618 2587 690 2643 de
731 2585 1049 2660 magistris,
1103 2584 1476 2658 prmcipitata
1527 2588 1697 2638 wtate
1747 2583 1948 2652 homo,
2008 2584 2079 2639 ab

429 2678 681 2750 Josepho
708 2675 1036 2748 periculum
1059 2675 1300 2730 veritus.
1336 2673 1548 2728 timore
1573 2678 1796 2744 captus,
1833 2674 2082 2745 supplex

430 2767 628 2840 magni
663 2765 867 2837 templi
897 2763 1088 2819 factus
1117 2761 1439 2817 est.Eratis
1469 2762 1542 2816 ab
1603 2762 1731 2833 ipsa
1770 2763 2079 2833 pubertate

430 2857 494 2913 in
526 2854 702 2912 bellis
742 2853 1084 2926 praeliisque
1108 2856 1394 2917 versatus,
1428 2855 1486 2905 et
1511 2851 1825 2907 Domestici
1849 2853 2079 2908 schola-

431 2961 561 3001 rum
595 2961 702 3016 per
729 2943 973 3015 longum
1009 2947 1248 3012 tempus
1271 2939 1583 2995 decoratus
1600 2939 1816 2996 ofﬁcio.
1849 2942 2082 2997 Interea
2133 2979 2136 2981 λ

438 3035 734 3090 Marianus
756 3029 1188 3094 etPaschalius,
1215 3029 1556 3084 cohortibus
1569 3029 1952 3086 Macedonum
1977 3048 2082 3103 per

433 3125 554 3180 vias
583 3121 1034 3188 circummissis,
1066 3119 1409 3174 frendentes
1432 3119 1543 3191 ipsi
1564 3121 1726 3175 inani
1751 3120 2080 3191 jactatione

430 3219 488 3269 et
514 3212 859 3280 elati,novas
886 3210 946 3264 in
961 3209 1168 3264 horam
1193 3208 1394 3264 turbas
1423 3208 1616 3264 facere
1638 3226 1757 3264 non
1781 3210 2080 3266 intermit-

429 3304 670 3371 tebant;
706 3318 895 3373 usque
941 3301 1109 3368 adeo,
1166 3305 1232 3354 ut
1289 3299 1456 3371 plebs
1487 3299 1689 3355 furens
1746 3300 1820 3355 ad
1852 3301 1966 3356 vim
2015 3318 2076 3356 se

429 3398 814 3456 converteret,
835 3391 1160 3462 prmlioque
1191 3389 1462 3445 cominus
1487 3389 1640 3445 facto
1674 3389 1980 3458 resistens,
2014 3391 2074 3446 in

426 3487 625 3559 fugam
656 3489 926 3557 apertam
959 3499 1057 3536 eos
1081 3481 1239 3536 velut
1267 3481 1745 3536 adolescentulos
1791 3481 2076 3538 delicatos

428 3589 761 3648 pugnaaque
784 3572 1128 3642 inexpertos
1159 3570 1693 3641 compelleret.Quo
1717 3572 1780 3626 in
1797 3571 2076 3627 conﬂictu

429 3661 844 3719 mulierculam
879 3676 975 3714 vas
1010 3659 1192 3713 ﬁctile
1224 3665 1398 3712 terras
1429 3659 1695 3728 plenum,
1721 3659 1792 3715 de
1841 3661 1914 3716 iis
1945 3679 2076 3732 qum

429 3751 619 3806 hortis
649 3749 785 3804 usui
818 3753 976 3815 sunt,
1004 3747 1280 3802 manibus
1312 3762 1347 3800 a
1371 3752 1522 3802 tecto
1559 3754 1792 3818 raptum
1818 3750 2077 3806 vibrasse

430 3837 494 3890 in
529 3835 879 3900 Marianum,
912 3833 1162 3903 ejusque
1221 3837 1489 3902 tempora
1518 3832 1682 3887 feriis
1730 3851 1792 3889 se
1823 3835 2032 3892 dicunt
2063 3863 2076 3904 ς

430 3930 671 3994 tamque
701 3938 933 3994 gravem
983 3921 1166 3976 fuisse
1215 3923 1466 3991 jactum,
1526 3925 1590 3975 ut
1644 3922 1898 3979 calvaria
1945 3943 2075 3996 per-

429 4014 616 4068 fracta
673 4009 983 4066 cerebrum
1060 4009 1481 4081 afﬂigeretur:
1542 4010 1735 4080 ipsum
1794 4012 2078 4083 postridie

429 4103 608 4158 vitam
641 4101 978 4172 reliquisse.
1017 4100 1115 4154 [Iis
1151 4099 1326 4154 rebus
1359 4099 1620 4154 animum
1646 4101 1886 4172 capiens
1919 4103 2075 4159 Basi-

429 4192 546 4247 lius
579 4191 782 4264 spado,
803 4189 1292 4261 quiConstantini
1321 4188 1695 4260 imperatoris
1713 4193 2078 4262 temporibus

431 4280 778 4338 cubicularii
804 4278 1088 4350 dignitate
1111 4278 1306 4349 etipse
1331 4277 2081 4346 decoratusfueratJtoma-

429 4371 491 4427 ni
511 4370 764 4425 senioris
818 4367 1196 4441 imperatoris
1231 4367 1480 4422 muliere
1509 4369 1806 4440 Scythissa
1838 4372 2076 4440 nothus,

431 4458 877 4522 strenuus,etin
909 4457 1175 4512 consiliis
1207 4457 1604 4527 exsequendis
1639 4459 1882 4514 rationis
1902 4461 2079 4515 mini-

433 4566 527 4604 me
559 4566 788 4620 expers,
824 4548 1041 4619 quippe
1098 4547 1198 4617 qui
1230 4546 1462 4618 generis
1494 4547 1660 4602 mixti
1695 4555 1852 4602 esset
1888 4566 1898 4603 :
1935 4549 2075 4604 alie-

2189 1961 2268 2029 τῷ
2334 1958 2633 2031 Νικηφόρῳ
2689 1959 2788 2027 τήν
2853 1957 2929 2020 εἷς
2987 1959 3048 2012 τὸ
3108 1961 3399 2028 Βυζάντιον
3457 1955 3704 2034 παροδον.
3735 1957 3808 2012 Ἐν

2189 2046 2402 2109 τούτοις
2465 2045 2556 2100 οὖν
2613 2051 2722 2102 τῶν
2781 2045 3114 2123 πραγμάτων
3176 2045 3545 2122 ᾖωρημένων,
3601 2045 3737 2102 Λέων
3783 2045 3808 2098 ὁ

2187 2140 2284 2191 τοῦ
2315 2135 2634 2212 Νικηφόρου
2665 2134 2952 2209 σύναιμος,
3001 2135 3064 2190 οὗ
3109 2136 3198 2192 καὶ
3230 2136 3422 2212 πρώην
3453 2139 3482 2193 ὁ
3513 2136 3671 2212 λόγος
3695 2133 3811 2189 κατά

2188 2222 2550 2300 παραδρομὴν
2606 2226 2673 2279 τά
2728 2227 2848 2299 περί
2918 2225 3013 2288 τάς
3093 2227 3272 2301 μάχας
3359 2225 3724 2301 ἐπεξηγήσατο
3773 2223 3812 2259 ’³

2185 2317 2441 2394 τρόπαια,
2505 2317 2776 2392 εὐκαιρίας
2843 2314 3173 2392 δραξάμενος
3228 2317 3414 2394 (ἔτυχε
3471 2319 3568 2394 γάρ
3624 2315 3814 2391 ἐπιχω-
3865 2383 3868 2387 1

2189 2407 2388 2481 ριάζων
2436 2410 2515 2478 τῷ
2567 2406 2870 2479 Βυζαντίῳ)
2925 2411 3035 2461 τῶν
3089 2428 3237 2470 τινος
3296 2407 3576 2484 βαναύσων
3632 2401 3811 2464 ὑποδὺς

2187 2495 2512 2572 ἀμπεχόνην
2565 2497 2654 2552 καὶ
2709 2495 2796 2552 διά
2848 2501 2956 2551 τῶν
3007 2496 3294 2570 ὑπόνομων
3345 2502 3443 2552 τοῦ
3491 2497 3698 2572 τείχους
3729 2495 3812 2548 ὑπ-

2187 2585 2504 2657 ολισθήσας,
2565 2585 2766 2658 ἀκατίῳ
2821 2582 3178 2662 προσεπιόάς,
3239 2586 3327 2642 ἐπὶ
3382 2588 3478 2642 τὸν
3527 2591 3812 2662 Νικηφὸρον

2186 2674 2545 2743 ἀπέπλευσεν,
2585 2675 2748 2729 αὐτοῦ
2787 2695 2892 2729 που
2949 2675 3074 2749 περὶ
3129 2675 3196 2730 τὰ
3251 2674 3302 2730 ἐν
3370 2682 3491 2740 τοῖς
3518 2677 3717 2750 Ἦρίοις
3750 2675 3816 2746 (4)

2187 2763 2455 2839 ἀνάκτορα
2486 2764 2855 2837 εἶσελάσαντα,
2903 2766 2994 2821 καὶ
3049 2765 3142 2820 τὸν
3195 2767 3420 2842 στρατὸν
3469 2765 3814 2822 διατάττοντα.

2187 2854 2326 2910 Τότε
2356 2855 2444 2909 καὶ
2504 2851 2734 2928 Βάρδας,
2788 2855 2816 2909 ὁ
2874 2854 3081 2910 τούτων
3135 2852 3381 2929 γενέτης,
3428 2854 3484 2911 ἐν
3527 2861 3642 2916 τοῖς
3675 2851 3817 2926 μαγί-

2188 2963 2370 3018 στροις
2427 2942 2600 2998 τελῶν
2653 2942 2742 2997 καὶ
2797 2942 2872 3004 εἷς
2933 2950 3106 3020 γῆρας
3166 2944 3468 3019 βαθύτατον
3529 2941 3815 3014 ἐληλακὼς.

2185 3029 2276 3086 τὸν
2309 3030 2368 3085 ὲκ
2397 3036 2494 3086 τοῦ
2554 3033 2756 3109 Ἰωσήφ
2813 3029 3062 3088 κίνδυνον
3128 3031 3512 3106 ὑπειδόμενος,
3556 3031 3657 3088 δὲει
3688 3050 3819 3103 mp:-

2188 3119 2417 3198 ληφθεὶς
2448 3119 2632 3190 ἱκέτης
2693 3121 2842 3196 ἱεροῦ
2900 3125 2997 3176 τοῦ
3060 3121 3299 3196 μεγάλου
3357 3123 3665 3187 καθίστατο·
3699 3119 3818 3190 ἀνὴρ

2191 3208 2242 3279 ἐξ
2275 3208 2440 3278 αὐτῆς
2486 3204 2629 3278 ἥϐης
2681 3207 2733 3264 ἐν
2784 3206 3059 3282 πολέμοις
3099 3211 3186 3264 καῖ
3225 3212 3432 3286 μάχαις
3465 3206 3820 3285 ἀναπραςρεῖς,

2191 3299 2287 3351 κάν
2315 3303 2394 3370 τῷ
2423 3303 2520 3353 τοῦ
2552 3295 2879 3372 δομεστίκου
2932 3303 3038 3352 τῶν
3091 3297 3312 3374 σχολῶν
3349 3300 3437 3354 ἐπὶ
3474 3300 3668 3375 συχνὸν
3701 3295 3820 3372 χρό-

2186 3406 2279 3439 νον
2343 3383 2699 3461 ἐνδιαπρὲψας
2759 3389 3048 3460 ἀξιώματι.
3106 3389 3163 3441 Ὃ
3221 3385 3276 3442 δὲ
3337 3390 3610 3463 Μαριανὸς
3663 3385 3746 3441 καὶ
3797 3383 3820 3436 ὁ

2187 3474 2508 3551 Πασχάλιος
2563 3477 2662 3544 τήν
2716 3480 2823 3530 τῶν
2885 3473 3211 3534 Μακεδόνων
3271 3476 3497 3554 σπείραν
3555 3477 3685 3533 κατὰ
3735 3473 3816 3532 τὰς

2185 3566 2377 3643 ἀγυιάς
2425 3565 2828 3643 περιφέροντες,
2878 3562 3336 3642 ἐμϐρενθυόμενοί
3366 3589 3424 3623 τε
3457 3573 3598 3640 κενῷ
3637 3566 3816 3638 κόμπῳ

2185 3657 2277 3712 καὶ
2333 3655 2758 3728 ἐξυπτιάζοντες,
2813 3654 3044 3729 νεώτερα
3109 3654 3454 3732 ῥᾳδιουργεῖν
3517 3657 3614 3713 οὐκ
3668 3653 3818 3709 ἐνέλι-

2187 3765 2310 3800 πον·
2342 3743 2414 3806 ὠς
2450 3740 2744 3817 ἐκμανέντα
2796 3744 2887 3799 τὸν
2948 3741 3124 3818 δῆμον
3180 3747 3315 3822 πρὸς
3369 3746 3549 3818 ἀλκὴν
3607 3741 3816 3808 ἀπιδεῖν,

2186 3835 2276 3890 καὶ
2309 3835 2496 3896 αὐτοῖς
2547 3834 2995 3903 ἀντικαταστῆναι
3056 3833 3324 3906 συστάδην
3375 3835 3455 3900 είς
3507 3833 3714 3911 μάχην,
3740 3828 3816 3886 καὶ

2189 3923 2263 3986 εἰς
2321 3923 2493 3996 φυγήν
2553 3921 2820 3997 ὕπαιθρον
2875 3929 3246 3992 κατακλεῖσαι,
3298 3924 3428 3979 ὠτεί
3487 3947 3608 3980 τινα
3653 3919 3819 3997 μειρά-

2186 4033 2280 4067 κια
2310 4006 2630 4086 ἀϐροὸίαιτα
2681 4011 2770 4066 καὶ
2834 4011 3022 4087 μάχης
3079 4011 3360 4086 ἀπείρατα.
3403 4017 3716 4084 Τηνικαῦτα
3745 4007 3818 4062 λέ-

2191 4123 2342 4179 γεται
2372 4101 2458 4156 καὶ
2516 4099 2736 4174 γύναιον
2801 4103 2989 4162 σκεῦος
3047 4106 3320 4177 κεραμοῦν
3361 4105 3499 4177 χοὸς
3533 4098 3819 4165 ἀνάπλεων,

2185 4195 2292 4245 τῶν
2321 4191 2456 4262 πρὸς
2488 4187 2716 4259 κηπείαν
2765 4187 3111 4260 ἐπιτηδείων,
3165 4196 3282 4252 ταῖς
3338 4193 3499 4267 χερσὶ
3531 4196 3626 4246 τοῦ
3655 4190 3820 4263 τέγους

2189 4281 2454 4354 ἀράμενον
2485 4282 2532 4317 ’⁸
2561 4279 2836 4334 ἀκοντίσαι
2893 4282 3028 4334 κατά
3081 4284 3177 4335 τοῦ
3236 4283 3544 4356 Μαριανοῦ,
3587 4281 3672 4336 καὶ
3701 4279 3820 4332 τοῦ-

2193 4391 2284 4424 τον
2340 4370 2474 4424 κατά
2529 4373 2626 4424 τοῦ
2682 4371 2961 4444 κροτάφου
3022 4368 3229 4445 βαλεῖν·
3301 4370 3444 4427 οὕτω
3508 4371 3573 4427 δὲ
3629 4368 3818 4439 καιρίαν

2186 4457 2424 4533 γενέσθαι
2479 4459 2578 4528 τὴν
2635 4456 2830 4533 βολήν,
2885 4459 2959 4521 ὠς
3015 4459 3337 4536 καταγνύναι
3369 4482 3428 4516 τε
3458 4462 3523 4517 τὸ
3551 4459 3756 4537 κρανίον
3785 4452 3824 4490 ⁸³

2188 4546 2277 4602 καὶ
2307 4548 2760 4624 προσαραχθῆναι
2819 4549 2964 4621 αύτῷ
3015 4549 3107 4604 τὸν
3165 4548 3492 4624 ἐγκέφαλον,
3537 4550 3625 4605 καὶ
3660 4546 3822 4602 δευτε-

435 4655 548 4692 nus
573 4615 710 4691 tunc
745 4653 778 4690 a
828 4615 1132 4706 Iosephop
1165 4615 1617 4706 simultatesque
1656 4636 1886 4707 pridem
1944 4655 2077 4693 cum

2190 4641 2338 4710 ραῖον
2397 4635 2490 4690 τὸν
2551 4635 2667 4711 βίον
2723 4633 3034 4694 ἀπολιπεῖν.
3096 4638 3187 4694 Ἐκ
3235 4638 3434 4693 τούτου
3475 4629 3822 4713 παῤῥησῖανό

432 4725 536 4781 illo
560 4741 792 4798 gerens,
816 4725 908 4778 47
948 4740 1156 4780 vernas
1186 4741 1326 4780 suos
1356 4723 1578 4794 loricis,
1613 4725 1829 4793 mitris,
1873 4726 2081 4798 galeis,

2193 4724 2480 4789 Βασίλειος
2537 4726 2614 4798 (5)
2657 4723 2923 4802 εἰληφὼς,
2981 4726 3039 4784 ὃς
3091 4726 3352 4800 ἐκτομίας
3413 4729 3512 4800 μὶν
3545 4729 3610 4797 ἦν
3646 4724 3729 4780 καὶ
3757 4725 3824 4791 τῷ

1643 4939 1704 4995 C.
1738 4940 1799 4995 Β.
1851 4941 2037 4997 HASII
2064 4941 2624 4998 ANNOTATIONES.

503 5153 549 5190 θί
583 5151 946 5230 διηπάγγελεν
975 5155 1105 5212 cod.
1138 5156 1185 5192 ⁸³
1215 5155 1666 5230 αἱρετισαμένοις,
1701 5159 1825 5212 Non
1856 5171 2034 5230 ausus
2066 5173 2077 5209 ξ

2190 5177 2197 5210 ι
2229 5155 2524 5230 corrigere
2579 5151 2754 5230 ούκὲτ’
2777 5149 2921 5230 ’ἔστι
2954 5150 3062 5211 δικ.
3123 5158 3184 5230 e_t
3207 5153 3313 5230 πρὸ
3371 5157 3507 5219 τῶν,
3544 5171 3618 5209 ne
3651 5149 3818 5230 nimis

431 5222 704 5302 limarem
731 5222 997 5302 phrasim
1028 5222 1307 5302 auctoris.
1348 5227 1398 5262 93
1429 5222 1798 5302 ἐπεξηρήσατο
1831 5227 1959 5283 cod.
1993 5228 2038 5263 9‘
2066 5244 2077 5273 ι

2213 5222 2526 5300 χεροῖν’τοῦ
2550 5225 2736 5301 τέγους
2766 5224 3028 5300 ἀράμενοι
3059 5225 3192 5283 cod.
3253 5227 3409 5282 Fort.
3459 5229 3582 5279 ταῖν
3643 5222 3815 5296 χεροῖς

431 5303 528 5353 τοῦ
556 5297 751 5374 τέγους
777 5297 1042 5376 ἀραμένη.
1076 5298 1122 5334 9⁵
1151 5299 1368 5372 κράνιον
1402 5299 1534 5355 cod.

506 5451 582 5519 (3)
617 5449 776 5504 Adeo
807 5451 873 5501 ut
905 5446 1082 5519 minis
1110 5449 1488 5519 exasperaret
1516 5443 1774 5519 plebem,
1833 5449 2071 5519 auctore

437 5511 663 5579 Zo‘nara
693 5521 761 5574 ll.
799 5520 914 5572 l99.
953 5521 1011 5570 Β.
1046 5515 1073 5567 ὁ
1107 5511 1163 5567 δὲ
1222 5511 1472 5573 ἀπειλαῖς
1516 5511 1752 5581 ’μᾶλλον
1811 5511 1940 5566 αὐτὸ
1998 5514 2072 5583 ἐξ-

439 5591 752 5662 ιτράγουνεν.
787 5589 880 5641 Sic
911 5587 1070 5641 enim
1101 5587 1162 5640 in
1194 5585 1415 5654 optimo
1456 5585 1592 5639 Cod.
1629 5587 1764 5657 Reg.
1803 5585 1935 5640 1715
1965 5604 1978 5640 :
2011 5587 2071 5640 in

440 5678 581 5721 cuso
612 5676 782 5717 secus
812 5663 920 5714 est.

515 5732 589 5805 (4)
623 5733 702 5788 De
742 5732 851 5787 hoc
881 5728 1097 5801 palatio
1125 5724 1542 5784 suburbanoin
1564 5729 2072 5802 ConstantinoPoli

2185 5444 2502 5499 Christian.
2539 5446 2659 5498 I75.
2687 5445 2746 5500 C.
2776 5445 3130 5512 Ducangius,
3156 5445 3326 5514 cujus
3347 5439 3822 5516 orthographiam

2185 5517 2518 5640 intnomine
2579 5516 2779 5572 Latine
2839 5533 2906 5571 ac
2966 5519 3156 5571 Graece
3217 5514 3552 5572 scribendo'
3584 5529 3712 5569 sum
3745 5525 3822 5565 se-

2181 5604 2253 5643 cu
2285 5605 2372 5642 us.

2257 5663 2327 5726 (ὅ)
2361 5665 2412 5712 Is
2447 5664 2640 5713 motus
2686 5657 3197 5728 Constantinopoli
3230 5657 3442 5728 accidit
3472 5673 3528 5728 a.
3561 5655 3618 5710 d.
3650 5655 3716 5728 Υ.
3747 5650 3822 5705 Id.

2187 5725 2428 5802 August.
2463 5737 2528 5785 ut
2557 5731 2640 5785 ait
2668 5731 2912 5785 Cedren.
2973 5734 3040 5785 ll.
3081 5725 3226 5784 348·
3271 5731 3338 5786 Α.
3380 5726 3604 5795 ἐννάτην
3637 5725 3826 5799 ἄγουσα
