4084 6202
453 358 566 418 731

460 587 764 655 ingressus
793 583 1220 640 asacerdotum
1274 599 1518 653 corpore
1562 582 1792 638 debitos
1851 582 2108 637 honores

462 681 824 745 susceperat,
859 689 892 727 a
922 671 1619 743 Polyeucto,patriarcha3
1652 689 1870 728 munus
1893 671 2111 726 obeun-

461 769 538 829 te,
573 762 866 834 imperiali
899 777 1118 816 corona
1168 768 1344 833 caput
1392 762 1670 834 cingitur,
1729 779 1862 817 cum
1921 777 2106 816 unum

462 868 640 922 supra
654 851 1214 922 quinquagesimum
1228 851 1417 906 aetatis
1435 867 1657 906 annum
1679 868 1780 923 age
1790 857 1891 906 ret.
1903 851 2107 922 Specie

459 947 657 996 autem
683 945 808 995 erat
829 940 1123 1012 ejusmodi
1157 939 1280 994 fere
1306 957 1318 994 :
1343 940 1524 996 facies
1565 941 1636 996 ad
1661 941 1891 1014 nigrum
1920 940 2108 1012 magis

461 1047 640 1102 quam
672 1029 745 1084 ad
778 1029 1095 1085 candidum
1147 1029 1407 1084 colorem
1463 1047 1706 1103 vergens
1733 1047 1746 1084 :
1780 1046 1948 1086 coma
1969 1046 2106 1102 pro-

460 1119 663 1188 missa,
700 1125 864 1174 atra:
900 1118 1055 1173 oculi
1091 1119 1268 1190 nigri,
1321 1118 1482 1174 velut
1539 1119 1894 1190 cogitatione
1952 1124 2104 1174 sata-

459 1214 684 1280 gentes,
713 1207 921 1280 spissis
962 1207 1298 1278 superciliis
1357 1208 1655 1280 subjecti:
1716 1224 1896 1264 nasus
1950 1209 2109 1262 inter

457 1299 811 1354 tenuitatem
862 1303 920 1353 et
973 1297 1430 1353 crassitudinem
1491 1298 1744 1366 medius,
1818 1296 2102 1370 paulatim

461 1389 758 1444 transiens
789 1388 849 1442 in
883 1387 1282 1442 aduncitatem
1312 1405 1322 1441 :
1359 1386 1540 1442 barba
1565 1387 1748 1459 justa,
1782 1387 1932 1442 raris
1949 1386 2106 1441 circa

461 1478 652 1534 malas
679 1477 959 1550 projectis
989 1476 1154 1530 canis
1189 1492 1201 1530 :
1237 1481 1462 1531 statura
1517 1475 1770 1530 rotunda
1799 1491 1865 1531 ac
1910 1476 2103 1542 firma,

455 1574 663 1639 pectus
691 1572 749 1621 et
778 1565 1010 1621 humeri
1051 1566 1316 1638 apprime
1345 1567 1481 1632 lata,
1515 1567 1600 1620 vis
1627 1583 1693 1622 ac
1723 1567 1906 1622 robur
1927 1567 2100 1638 juxta

460 1657 821 1712 celebratum
857 1655 1198 1710 Herculem:
1234 1655 1550 1726 prudentia
1581 1673 1736 1722 vero,
1771 1661 1829 1709 et
1869 1661 2103 1726 tempe-

460 1743 1196 1815 rantia,etopportunitate
1219 1742 1503 1814 singulari
1518 1743 1925 1820 consiliorum,
1951 1744 2107 1798 inter

460 1851 669 1890 omnes
703 1834 1024 1905 praestabat
1056 1850 1163 1888 sua
1222 1839 1568 1904 tempestate
1609 1838 1779 1888 natos
1810 1834 1985 1889 viros.
2023 1834 2106 1890 lta
2139 1867 2184 1932 Β

456 1925 769 1979 redimitus
795 1924 1179 1996 imperatoria
1210 1940 1427 1978 corona
1456 1924 1520 1978 in
1577 1929 1892 1996 augustum
1941 1923 2105 1996 pala-

457 2012 603 2066 tium
635 2013 923 2079 ascendit,
945 2030 978 2067 a
1007 2011 1225 2085 populo
1256 2011 1815 2084 magistratibusque
1833 2013 2105 2084 stipatus,

454 2103 877 2175 ingressusque
905 2104 966 2158 in
989 2103 1172 2176 regali
1232 2103 1645 2158 asseditsolio.
1683 2103 1919 2159 Licebat
1965 2109 2106 2159 tunc

453 2192 1361 2265 videre,fortunam,gestientem
1393 2199 1572 2263 atque
1592 2192 1990 2248 exsultantem
2012 2193 2105 2248 his

450 2283 695 2346 eventis,
740 2287 982 2336 cunctas
1015 2282 1113 2336 49
1166 2282 1280 2337 sibi
1324 2281 1625 2336 vindicare
1657 2282 1952 2337 humanas
1986 2298 2102 2351 res,

451 2387 561 2426 nec
578 2370 902 2442 quidquam
918 2371 1291 2426 terrestrium
1313 2370 1591 2441 cuiquam
1610 2387 1740 2425 esse
1771 2375 2101 2442 prOprium.

449 2464 524 2517 Αι
553 2461 1069 2532 Nicephorus(l3),
1115 2467 1430 2531 postquam
1482 2459 1799 2530 imperium
1827 2477 2100 2532 suscepe-

450 2556 695 2616 rat,tuto
717 2567 785 2606 ac
835 2566 1038 2605 secure
1085 2547 1502 2622 gubernaculis
1547 2565 1746 2604 rerum
1779 2550 2100 2621 occupatis,

453 2639 700 2696 Bardam
734 2639 922 2712 ipsius
952 2645 1178 2711 patrem
1235 2637 1484 2692 Caesaris
1515 2637 1800 2710 dignitate
1831 2639 2098 2693 ornavit:

451 2731 760 2792 Joannem,
795 2734 1186 2798 cognomento
1218 2727 1582 2788 Tzimiscem,
1633 2727 1760 2798 jam
1796 2727 1868 2781 ab
1927 2727 2100 2782 initio

449 2825 646 2876 motus
680 2817 791 2872 sibi
823 2816 1200 2889 opitulatum,
1255 2817 1651 2871 Domesticum
1700 2815 1956 2871 Orientis
2041 2823 2102 2872 et

448 2908 786 2979 Magistrum
860 2905 1078 2961 creavit
1146 2922 1158 2959 :
1221 2906 1496 2968 Leonem,
1577 2904 1818 2960 fratrem
1897 2922 2092 2972 suum,

445 2997 861 3069 Curopalatem
885 3003 944 3052 et
999 2995 1337 3069 Magistrum
1386 2994 1705 3050 declaravit
1735 3013 1746 3049 :
1782 2995 2090 3059 Basilium,

1898 359 2176 420 LEONIS
2223 361 2537 422 DIACUNI

459 500 687 553 rentur.
722 495 966 562 Deinde,
1013 494 1110 550 ubi
1167 491 1622 549 celeberrimum
1679 493 1780 549 Dei
1813 493 2098 567 templum

2216 499 2316 562 τῆς
2359 490 2522 564 εκτης
2592 492 2848 566 ἶνδίκτου,
2908 494 2962 552 ἐν
3019 501 3096 571 τῷ
3151 499 3278 568 ,ςυο’
3333 498 3465 569 ἔτει,
3559 500 3645 557 ὅτε

3737 374 3840 431 732

3703 524 3844 560 ταυτα

2222 580 2535 656 ἐπράττετο.
2570 585 2731 657 Ἀρτι
2763 582 2841 654 δὲ,
2875 583 2989 640 ἐπεὶ
3049 586 3186 658 πρὸς
3242 589 3332 643 τὸν
3391 594 3492 645 τοῦ
3541 590 3691 646 θείου
3718 593 3848 667 περί-

2220 691 2423 726 πυστον
2455 673 2622 743 σηκὸν
2655 673 3016 751 εἰσεφοίτησε,
3056 675 3146 730 καὶ
3206 677 3310 731 ἀπὸ
3357 683 3460 733 τοῦ
3517 683 3624 734 τῶν
3681 681 3841 754 ἱερέων

2221 758 2604 834 πληρώματος
2635 763 2956 839 ἀξιοχρέους
2985 766 3149 838 τιμὰς
3211 765 3526 838 ὑπεδέξατο,
3583 770 3714 843 πρὸς
3760 776 3840 827 τοῦ

2217 850 2316 916 τήν
2351 850 2716 924 πατριαρχίαν
2751 852 3028 916 ίθύνοντος
3083 852 3435 912 Πολυεύκτου
3463 858 3544 929 τῷ
3600 859 3842 934 βασιλικῷ

2219 935 2515 1011 διαδήματι
2577 941 2984 1018 στέφεταιῌΟ),
3069 941 3122 999 ἓν
3182 945 3272 998 καὶ
3319 949 3686 1016 πεντηκοστὸν
3738 947 3840 1011 ἔτος

2216 1033 2314 1097 τῆς
2343 1025 2567 1098 ἡλικίας
2591 1028 2853 1084 ἐλαύνων.
2889 1033 3005 1101 Τὴν
3039 1031 3096 1088 δὶ
3153 1030 3294 1088 ἰδέαν
3355 1039 3468 1107 (Η)
3524 1034 3732 1092 τοιόσδε
3779 1059 3847 1099 τις

2219 1118 2307 1188 ἦν·
2342 1114 2466 1193 ὄψις
2501 1118 2648 1192 αὐτῷ
2701 1121 2838 1197 πρὸς
2889 1121 2952 1176 τὸ
3013 1123 3182 1196 μέλαν
3243 1125 3413 1180 πλέον
3470 1125 3506 1196 ἢ
3563 1127 3625 1182 τὸ
3681 1126 3846 1182 λευκὸν

2215 1205 2610 1272 ἀποκλίνουσα,
2642 1207 2790 1280 κόμη
2853 1206 2910 1264 δέ
2971 1211 3161 1286 βαθεῖα
3213 1213 3304 1267 καὶ
3351 1221 3548 1284 κυανῆ·
3593 1213 3845 1292 ὀφθαλμοὶ

2219 1295 2471 1369 μέλανες,
2514 1297 2603 1351 ἐπὶ
2661 1319 2912 1363 συννοιας
2957 1301 3398 1378 πεφροντικότες,
3461 1299 3694 1367 δασείαις
3743 1310 3847 1368 ταῖς

2217 1384 2438 1464 ὀφρύσιν
2467 1387 2892 1460 ὑποκαθήμενον
2957 1387 3039 1464 ῥὶς
3073 1391 3254 1462 μέσως
3314 1391 3360 1428 ⁹⁹
3417 1390 3624 1468 ἔχουσα
3673 1392 3844 1449 λεπτό-

2212 1495 2378 1544 τητος
2419 1475 2506 1529 καὶ
2567 1474 2910 1550 παχύτητος,
2961 1479 3144 1554 ἡρέμα
3202 1483 3681 1556 συμπεραινομένης
3734 1503 3845 1556 γρυ-

2215 1563 2545 1638 πότητι·[Ρ.
2577 1567 2664 1637 30]
2706 1565 2882 1635 ὑπήνη
2939 1565 3271 1644 σύμμετρος,
3328 1569 3522 1645 ἀραιὰν
3572 1571 3710 1642 παρ’)
3759 1572 3841 1633 τας

2214 1652 2442 1727 γνάθους
2471 1649 2907 1728 προϐαλλομένη
2955 1657 3053 1724 τήν
3114 1654 3333 1711 πολιάν·
3388 1657 3701 1732 ἀγκυλεὸς¹
3754 1660 3838 1726 τήν

2214 1741 2441 1810 ἡλικίαι
2498 1743 2588 1797 καὶ
2651 1739 2925 1816 στιϐαρὸς,
3013 1744 3301 1818 εὐρύτατος
3355 1747 3420 1800 τὸ
3507 1748 3714 1820 στέρνον
3756 1746 3833 1801 καὶ

2215 1829 2402 1903 ὤμους
2433 1831 2509 1892 ὡς
2543 1830 2800 1904 μάλιστα,
2833 1833 2932 1902 τήν
2971 1832 3156 1906 μέντοι
3214 1832 3462 1910 ἀνδρείαν
3521 1835 3611 1890 καὶ
3667 1836 3837 1910 ῥώμην

2218 1920 2356 1974 κατὰ
2384 1921 2476 1974 τὸν
2516 1919 2928 1995 θρυλλούμενον
2987 1921 3287 1998 Ἡρακλῆν·
3351 1926 3608 2002 φρονήσει
3664 1922 3716 1979 δὲ
3765 1924 3842 1979 καὶ

2218 2007 2540 2086 σωφροσύνῃ
2567 2008 2658 2064 καὶ
2715 2014 2795 2082 τῷ
2827 2012 2850 2046 ³
2904 2013 2966 2066 τὸ
3025 2007 3143 2066 δέον
3203 2011 3586 2090 ἁνεπισφαλῶς
3639 2011 3842 2090 ἐπιφρᾶ-

2217 2100 2564 2172 σασθαι(12),
2624 2099 2836 2154 πάντων
2898 2100 3275 2177 κατευμεγέθει
3331 2107 3439 2157 τῶν
3497 2104 3612 2158 κατ’
3668 2101 3842 2156 ἐκείνου

2213 2190 2317 2258 τήν
2350 2188 2536 2263 γενεὰν
2566 2187 2948 2264 γεγενημένων
3006 2188 3238 2266 ἀνδρῶν.
3290 2194 3608 2256 Ταινιωθεὶς
3639 2191 3722 2246 οὖν
3773 2196 3842 2263 τῷ

2219 2275 2486 2353 βασιλείῳ
2546 2276 2726 2352 στέφει
2786 2277 2872 2333 ἐπὶ
2930 2279 3029 2347 τὴν
3095 2279 3372 2354 βασίλειον
3445 2279 3617 2350 αὐλὴν
3671 2281 3837 2348 ἁνεισι,

2213 2367 2360 2440 παρᾶ
2382 2370 2479 2421 τοῦ
2509 2363 2758 2436 πλήθους
2781 2365 2872 2422 καί
2901 2372 3008 2422 τῶν
3051 2367 3103 2424 ἐν
3161 2367 3308 2425 τέλει
3369 2368 3836 2443 δορυφορούμενος,

2213 2455 2302 2510 καὶ
2331 2452 2398 2524 δὴ
2431 2453 2718 2531 παρελθὼν
2753 2455 2839 2511 ἐπὶ
2882 2459 3073 2530 θρόνον
3135 2457 3351 2524 έκάθισε
3409 2458 3501 2514 τὸν
3557 2457 3832 2536 βασιλικόν.

2211 2545 2313 2600 Ἦν
2348 2544 2437 2599 οὖν
2473 2545 2599 2619 ὁρᾷν
2631 2546 2731 2613 τήν
2779 2546 2954 2621 τύχην
3016 2546 3451 2625 ἐνωραϊζομὲνην
3505 2549 3592 2603 καὶ
3647 2546 3836 2620 ἐπιγαν-

2211 2633 2447 2706 νυμένην
2478 2639 2595 2696 τοῖς
2647 2632 3029 2708 τελουμένοις,
3083 2638 3171 2691 καί
3230 2639 3407 2693 πάντα
3466 2639 3654 2705 ἑαυτῆς
3688 2639 3832 2698 τιθεῖ-

2211 2723 2400 2778 σαντᾶ
2435 2723 2743 2799 ἀνθρώπινα
2800 2723 3118 2799 πράγματα,
3174 2727 3264 2780 καὶ
3323 2725 3495 2799 μηδὲν
3550 2731 3652 2780 τῶν
3683 2725 3824 2800 φθαρ-

2206 2817 2318 2868 τῶν
2369 2809 2601 2886 μηδενὸς
2662 2813 3013 2877 καθίστασθαι
3073 2811 3232 2871 ἴδιον.
3285 2817 3350 2874 Ὀ
3410 2813 3487 2884 δὲ,
3544 2814 3698 2870 ἐπεὶ³
3748 2818 3832 2877 τῆς

2210 2901 2492 2976 βασιΛείας
2525 2895 2718 2972 ἐπέϐη,
2777 2902 2867 2957 καὶ
2924 2907 3031 2957 τῶν
3091 2902 3290 2959 οἰάκων
3346 2904 3603 2983 ἀσφαλῶς
3650 2923 3704 2957 τε
3750 2899 3826 2956 καὶ

2207 2987 2380 3054 ἀδεῶς
2429 2990 2635 3058 ταύτης
2688 2990 2988 3066 ἀντείχετο,
3046 2989 3253 3067 Βάρδαν
3344 2995 3462 3068 μέν,
3518 2994 3605 3049 τὸν
3660 2993 3825 3048 ἑαυτοῦ

447 3088 550 3159 qui
578 3087 816 3158 Josephi
849 3103 1014 3157 opes,
1047 3091 1110 3140 ut
1141 3101 1288 3140 ame
1323 3084 1547 3139 dictum
1573 3090 1683 3155 est,
1742 3092 1907 3140 motu
1941 3085 2096 3140 facto

2214 3081 2434 3156 πατέρα,
2495 3078 2570 3142 εἰς
2625 3080 2725 3149 τήν
2777 3085 2874 3136 τοῦ
2931 3081 3202 3154 Καίσαρος
3276 3085 3418 3156 τιμή
3502 3075 3822 3158 προεϐίϐασε·

442 3177 716 3248 fregerat,
751 3175 825 3230 ad
857 3176 1093 3247 proedri
1125 3175 1414 3230 honorem
1443 3173 1648 3229 evexit.

2202 3171 2294 3226 τὸν
2356 3168 2414 3225 δέ
2472 3171 2838 3245 συναράμενον
2894 3169 3040 3242 αὐτῷ
3100 3171 3361 3241 Ἰωάννην
3420 3173 3552 3227 κατᾶ
3603 3172 3695 3239 τὴν
3742 3171 3825 3223 τοῦ

445 3266 747 3335 κινήματος
781 3263 984 3338 ἀρχὴν,
1017 3265 1062 3337 ᾧ
1089 3269 1388 3336 Τζιμισκῆς
1419 3264 1482 3318 τὸ
1526 3261 1758 3334 ἐπίκλην
1791 3265 1922 3335 (Ml,
1958 3257 2286 3335 δομέστικον
2341 3259 2636 3326 Ἀνατολῆς
2691 3260 2780 3314 καὶ
2841 3258 3134 3337 μάγιστρον
3169 3259 3506 3338 ἀναδέδειχε·
3541 3258 3728 3317 Λέοντα
3753 3255 3819 3322 δὲ,

445 3365 536 3419 τὸν
573 3361 711 3418 ἴδιον
741 3362 1026 3436 σύναιμον,
1058 3363 1479 3441 κουροπαλάτην
1513 3364 1603 3419 καὶ
1644 3364 1938 3439 μάγιστρον
1991 3356 2383 3437 προϐάλλεται·
2445 3359 2536 3412 τὸν
2591 3355 2647 3412 δέ
2691 3379 2750 3432 γε
2784 3358 3090 3432 Βασίλειον,
3150 3359 3240 3416 τὸν
3295 3361 3524 3434 Ἰωσήφ,
3579 3357 3708 3434 ᾖπέρ
3737 3375 3816 3430 μοι

448 3452 672 3530 ἒρῥῆθο,
701 3453 1129 3507 καταστασιάσαν
1144 3475 1223 3519 τα,
1256 3453 1329 3514 εἷς
1359 3455 1421 3508 τὸ
1441 3458 1537 3509 τοῦ
1569 3451 1838 3528 προέδρου
1869 3449 2028 3513 κλέος
2061 3443 2436 3505 ἀνεϐιϐάσατο.

517 3546 570 3598 9.
604 3545 735 3615 Ipse
767 3559 900 3599 vero
943 3543 1338 3616 profitebatur
1367 3545 1605 3600 solitam
1637 3543 2095 3616 temperantiam

438 3617 852 3688 intemeratam
885 3650 947 3688 se
995 3639 1384 3700 servaturum,
1438 3651 1572 3689 cum
1631 3634 1832 3688 uxoris
1889 3633 2094 3702 conju-

444 3723 607 3796 gium
639 3723 996 3790 vitans,tunc
1018 3723 1288 3778 carnium
1307 3737 1474 3777 esum
1511 3721 1852 3792 repudians.
1880 3723 2092 3776 Verum

448 3814 795 3868 monasticae
842 3814 974 3867 vitm
1033 3813 1312 3878 cultores,
1349 3812 1449 3882 qui
1489 3812 1727 3883 quidem
1759 3811 1936 3864 vitam
1966 3811 2095 3882 ejus

446 3903 856 3973 gubernabant
884 3901 1254 3971 (observabat
1285 3901 1440 3955 enim
1477 3901 1725 3954 mirifice
1754 3899 2011 3964 fratres),
2033 3899 2095 3953 in

447 3993 739 4047 institutis
766 3991 1058 4061 ejusmodi
1079 4005 1427 4060 permanere
1447 3990 1632 4043 virum
1662 4005 1779 4043 non
1797 3987 2092 4055 sinebant,

449 4081 550 4138 sed
585 4081 994 4142 hortabantur,
1027 4085 1091 4132 ut
1120 4085 1179 4133 et
1215 4079 1556 4151 conjugium
1610 4079 2090 4150 amplecteretur,

445 4188 555 4227 nec
593 4170 858 4224 carnium
895 4185 1019 4232 esu,
1056 4173 1119 4222 ut
1149 4185 1211 4223 re
1254 4167 1502 4235 nefasta,
1537 4168 1882 4223 abstineret.
1920 4170 2090 4223 Vere-

449 4260 666 4315 bantur
695 4257 876 4316 enim.
902 4272 976 4310 ne
997 4275 1182 4328 prono
1205 4258 1264 4312 in
1289 4256 1532 4314 delicias
1555 4263 1611 4314 et
1629 4259 2092 4316 comessationes

445 4351 646 4404 animo
677 4348 739 4402 in
773 4352 974 4418 turpes
1041 4346 1421 4403 delaberetur
1473 4347 1825 4420 voluptates,
1885 4349 2093 4420 quales

2283 3547 2345 3610 θ’.
2383 3545 2555 3607 Αὐτὸς
2587 3542 2643 3600 δέ
2671 3546 2772 3614 τὴν
2819 3547 3025 3615 συνήθη
3085 3555 3480 3622 προσεποιεῖτο
3531 3541 3823 3619 ἀπαρεγχεί-

2210 3648 2374 3710 ρητον
2427 3633 2783 3713 σωφροσύνην
2845 3632 3145 3707 διατηρεῖν,
3201 3638 3460 3712 γυναικός
3513 3657 3570 3692 τε
3607 3631 3824 3705 συζυγίας

2207 3722 2471 3779 ἐκκλίνων
2505 3723 2593 3778 καὶ
2624 3723 2966 3799 κρεωφαγίαν
3027 3721 3635 3799 ἀποδιοπομπούμενος.
3685 3715 3824 3775 Ἀλλ’

2207 3813 2258 3866 οἱ
2287 3815 2380 3867 τάν
2413 3815 2628 3885 μονήρη
2673 3813 2789 3888 βίον
2827 3813 3106 3886 μετιόντες
3139 3814 3231 3870 καὶ
3288 3815 3456 3871 αὐτοῦ
3509 3814 3595 3868 τὸν
3649 3809 3823 3885 τρόπον

2205 3898 2367 3970 δῆθεν
2427 3903 2780 3978 ρυθμίζοντες
2843 3902 3024 3976 (ἐτίμα
3110 3904 3214 3980 γὰρ
3297 3903 3654 3981 διαφερόντως
3713 3895 3820 3954 τοὺς

2207 3994 2517 4064 μοναστδις),
2552 3993 2656 4047 οὐκ
2687 3991 2811 4048 εἶ’ων
2844 3992 2936 4048 τὸν
2984 3990 3155 4065 ἄνδρα
3206 3993 3463 4068 ἐμμένειν
3520 3995 3599 4056 οἷς
3651 3987 3819 4062 ἔκρινε.

2203 4080 2616 4156 προὺτρέποντο
2702 4079 2760 4136 δὲ
2835 4080 2925 4137 καί
3011 4083 3263 4158 συζυγίαν
3348 4083 3672 4144 ἀσπάσασθαι
3742 4072 3816 4128 καὶ

2205 4170 2551 4246 κρεωφαγίαν
2589 4171 2664 4243 μὴ
2700 4169 2774 4233 ὥς
2805 4193 2857 4226 τι
2914 4170 3166 4226 ἀπαίσιον
3226 4171 3544 4251 ἀποφυγεῖν.
3599 4161 3816 4225 Ἐδεδίει-

2210 4279 2303 4313 σαν
2371 4259 2496 4335 γὰρ,
2557 4261 2631 4332 μή
2689 4267 2918 4338 τρυφαῖς
2975 4261 3063 4316 καὶ
3147 4250 3360 4334 κώμοις
3427 4258 3713 4326 έπικΛινὴς,
3755 4250 3816 4310 ὡς

2206 4347 2376 4414 εἰκὸς,
2409 4349 2655 4423 γεγονὼς
2681 4349 2758 4413 είς
2801 4347 3144 4413 ἀλλοκότους
3191 4348 3598 4423 ὑπολισθήσειεν
3629 4341 3815 4415 ἡδονᾶς,

1621 4499 1680 4555 C.
1715 4500 1778 4555 B.
1811 4501 1995 4556 HASII
2018 4501 2574 4559 ANNOTATIONES.

516 4691 560 4725 ⁰⁹
588 4687 748 4762 μέσος
778 4689 908 4747 cod.
942 4689 960 4724 ί
988 4687 1269 4762 ἀγκυλεός.
1305 4690 1399 4747 Sic
1421 4689 1625 4745 codex.
1655 4688 1678 4722 ⁸
1703 4688 1802 4762 τῷ]
1831 4689 1928 4742 τοῦ
1959 4688 2088 4745 cod.

2214 4688 2267 4742 πὶ
2299 4688 2429 4745 cod.

441 4842 592 4899 aulae
625 4843 924 4914 Byzantia.
957 4845 1001 4910 l,
1037 4846 1160 4910 251,
1184 4857 1442 4914 quocum
1464 4840 1895 4914 conferBeisk.
1917 4840 2087 4896 Com-
2125 4845 2165 4908 D

446 4911 699 4970 mentar.
728 4916 800 4982 ll,
836 4916 956 4970 141.
1019 4911 1368 4986 (Patro—logia?
1425 4919 1558 4969 tom.
1612 4913 1776 4977 XCII,
1809 4911 1923 4968 col.
1955 4915 2085 4976 797,

447 4991 570 5043 not.
605 4990 714 5043 t7.)
879 5023 881 5025 ι

519 4986 731 5130 ίιίοῗίέι
763 5023 1008 5140 ϐεδε-θη.
1035 5056 1357 5140 Compend.
1385 5056 1622 5140 Hist.ull.
1648 5051 2095 5140 648.ρ.[12λ·3ξυο

447 5148 574 5201 κτον
617 5126 1038 5201 παρεσκεύασαν
1147 5126 1238 5181 τὸν
1283 5127 1660 5201 [ζατριᾴρ7.ην,
1713 5126 1811 5201 καί
1859 5129 1936 5197 τῷ
1995 5126 2091 5201 βαι

443 5196 642 5267 σιλικῷ
717 5196 882 5252 αὐτὸν
938 5202 1224 5253 ταινιῶσαι
1306 5196 1624 5269 διαδήματι,
1713 5199 1853 5253 tolle
1912 5196 2096 5253 verba

444 5270 534 5325 καὶ
566 5275 663 5342 τῷ,
696 5280 756 5327 et
783 5277 964 5335 verte,
1024 5272 1412 5328 Patriarcham
1467 5275 1897 5341 apparave-runt.
1946 5341 1951 5342 γ
1984 5272 2094 5324 hoc

445 5350 553 5404 est.
587 5349 1025 5415 permovrrunt.
1046 5349 1171 5398 ut...
1198 5345 1394 5414 Neque
1427 5343 1601 5415 aliter
1633 5341 1876 5412 Scylitza
1891 5341 2092 5415 llisto:

445 5416 535 5470 ria
568 5412 675 5470 ms.
719 5415 907 5468 Verba
937 5412 1614 5485 interpolata'Xylaudro
1639 5429 1874 5482 quoque
1900 5412 2091 5466 fraudi

449 5489 692 5544 fuerunt
723 5487 783 5542 in
806 5487 1098 5541 versione.

518 5562 627 5626 (Η)
690 5559 823 5613 Haec
881 5574 1069 5629 usque
1149 5556 1224 5612 ad
1307 5555 1484 5611 verba
1564 5551 1963 5629 γεγενημένων-
2003 5552 2091 5629 αν-

447 5625 615 5695 δςὼν,
648 5631 782 5700 Pag.
853 5631 920 5683 48
974 5625 1112 5684 Ἰίη.
1174 5631 1260 5693 20,
1331 5625 1659 5700 Duezuigius
1702 5628 1898 5681 (irrrce
1933 5625 2096 5681 dedit

447 5702 611 5761 Notis
641 5701 941 5760 historicis
973 5701 1036 5758 in
1060 5703 1263 5759 Zonar.
1302 5701 1368 5758 ll.
1409 5704 1528 5757 107.
1562 5709 1628 5756 Α.

2269 4839 2692 4914 (12)Ducangio
2708 4840 3007 4914 negotium
3023 4841 3290 4900 exhibuit
3319 4845 3380 4901 in
3397 4841 3592 4914 codice
3617 4830 3801 4914 εἱκιυιξι

2198 4910 2381 4971 verbi.
2414 4911 2584 4988 cujus
2604 4910 2846 4988 partem
2877 4913 3165 4970 duntaxat
3191 4915 3356 4972 dedit
3383 4910 3610 4988 punctis
3629 4913 3801 4961 term!-

2204 4989 2428 5047 natam,
2461 4980 2828 5054 ἐπιφρασας...

2277 5059 2388 5119 (13)
2421 5056 2743 5129 Sequentia
2772 5073 2960 5129 usque
2991 5057 3064 5112 ad
3096 5059 3228 5129 Pag.
3264 5061 3352 5112 51.
3378 5058 3480 5114 lin.
3505 5057 3587 5109 20.
3627 5053 3806 5103 rursus

2205 5125 2326 5202 fere
2345 5127 2669 5202 _or_n_nia_ex_
2688 5125 3062 5193 Comb’eﬁsio,
3098 5125 3240 5202 Pagi
3281 5131 3370 5183 ιν.
3405 5133 3454 5186 6.

2277 5199 2384 5267 (14)
2418 5198 2780 5271 Vocabulum
2811 5204 2900 5253 est
2925 5193 3286 5271 ex_Agatliia
3318 5204 3436 5257 124.
3495 5199 3554 5271 Βτ
3609 5193 3708 5271 ΡΣο
3725 5194 3801 5271 οἷο

2208 5253 2582 5347 ιςεερειεείιρ,
2604 5269 2848 5347 arma
2871 5253 3298 5347 εήῖέτιίῖλέέσίμ
3325 5253 3466 5347 isi‘c.
3498 5270 3579 5322 δσ-
3636 5261 3687 5347 β-
3723 5253 3796 5347 93-

2207 5340 2270 5394 1).
2298 5324 2385 5411 δέ.
2413 5342 2610 5411 ξιτεδ.
2645 5342 2701 5394 c.
2729 5344 2816 5395 95.
2869 5324 2941 5396 D.’
2998 5345 3118 5397 107.
3165 5324 3224 5411 o'.
3283 5324 3382 5411 τήᾴ
3419 5324 3800 5411 impiger”!-

2207 5411 2271 5464 D.
2312 5409 2374 5464 τὸ
2409 5409 2665 5482 ἐπώνυμα
2720 5413 2807 5466 36.
2977 5395 3051 5465 τὸ⁷
3080 5395 3372 5483 δέπῶνυμοιν
3395 5415 3478 5468 48.

2206 5483 2292 5536 51.
2328 5467 2602 5538 A.C.69:
2662 5484 2722 5538 C.
2782 5487 2868 5536 77.
2927 5485 2987 5539 Ο.
3045 5484 3136 5538 τὸν
3198 5467 3597 5553 κατεπωνυμίαγ
3623 5474 3700 5527 89’

2207 5533 2767 5680 (adﬁgunt...
2795 5533 3158 5613 'iidn'ést'hx
3199 5533 3514 5628 131855)":
3547 5547 3604 5602 τὸ
3656 5533 3795 5613 πρ⁶σ’

2208 5642 2356 5680 οηαα
2391 5661 2404 5678 ι
2465 5665 2476 5678 ο
2562 5669 2572 5680 .

2208 5642 2356 5696 ρημα
2391 5642 2476 5678 no.
2505 5642 2572 5681 ﬂ.
