4082 6200
40 1493 52 1672 1

441 389 563 450 735
1882 383 2162 444 LEONIS
2217 383 2526 445 DIACONI
3702 388 3806 448 736

449 527 649 595 pestas
671 523 730 577 in
754 538 1023 578 serenam
1049 523 1376 574 mutaverat
1390 517 1851 589 jucunditatem,
1869 517 2091 572 indicta

2211 512 2411 586 ἐαριναῖ
2469 517 2669 592 τροπαὶ
2737 517 2760 552 ⁸
2816 516 2951 590 πρὸς
3027 515 3372 592 γαληνιῶσαν
3454 517 3810 591 μετεσκενὸαζον

452 613 730 669 adversus
778 613 1098 666 Saracenos
1147 608 1520 681 eXpeditione
1579 607 2092 678 ConstantinOpoli

449 703 886 776 proficiscitur:
921 705 1302 770 moratusque
1361 700 1422 753 in
1477 698 1863 769 Cappadocia,
1915 697 2095 767 justis

452 789 714 844 collectis
746 787 930 858 copiis
969 787 1044 841 ad
1073 788 1422 841 Tarsensem
1455 786 1664 842 urbem
1718 785 1978 847 accessit,
2012 784 2092 838 ci-

449 878 606 932 vium
639 893 773 930 cum
804 876 1038 944 virtute,
1069 879 1190 930 tum
1210 891 1479 939 numero,
1517 881 1638 930 tum
1671 891 1782 929 usu
1815 874 1899 930 rei
1930 873 2098 928 belli-

447 982 529 1020 cae
560 964 944 1019 ferocientem
976 979 1045 1017 ea
1072 968 1440 1034 tempestate,
1478 962 1852 1033 nimiumque
1879 977 2094 1032 super-

449 1053 1146 1124 bientem,p1urimasque
1160 1052 1357 1124 palam
1374 1053 1751 1107 incursiones
1766 1052 2095 1122 insperatae

449 1143 785 1198 facientem.
819 1144 897 1196 Eo
932 1159 1062 1197 cum
1096 1142 1480 1214 pervenisset,
1505 1142 1808 1213 probeque
1839 1156 2097 1195 commu-

449 1234 590 1288 nitis
614 1233 821 1287 castris
845 1231 1128 1303 oppidum
1151 1231 1436 1286 cinxisset
1463 1230 1746 1286 custodiis
1768 1229 1976 1302 positis
1992 1229 2093 1283 ob-

449 1322 621 1377 sidet.
665 1321 939 1375 Saraceni
1011 1321 1072 1374 in
1149 1319 1386 1391 appido,
1457 1321 1627 1390 c0pia
1697 1319 2096 1374 necessariam

452 1429 657 1468 rerum
707 1417 845 1465 tunc
892 1409 1116 1477 referti,
1174 1409 1493 1480 oppidique
1544 1408 1908 1464 ﬁrmitudine
1960 1407 2094 1462 freti

448 1501 610 1572 (nam
643 1499 704 1552 in
735 1498 1030 1553 inﬁnitam
1075 1498 1474 1553 excelsitatem
1509 1496 1786 1570 surgebat
1813 1495 2094 1551 mcenium

454 1595 770 1656 structura,
803 1589 1037 1662 gemino
1074 1589 1214 1644 orbe
1262 1589 1778 1660 circumjectorum
1807 1605 1819 1642 :
1855 1594 2097 1658 eratque

455 1681 596 1735 item
643 1679 866 1734 circino
922 1678 1343 1740 circumducta,
1379 1678 1436 1732 in
1492 1677 1870 1733 altitudinem
1917 1693 2094 1748 quam

457 1769 776 1841 plurimam
811 1767 1534 1840 depressa,lapidibusque
1563 1766 1962 1823 albicantibus
1993 1782 2099 1837 po-

2207 603 2530 679 Ῑλαρότητα,
2575 605 2918 681 ἐκστρατείαν
2967 606 3104 660 κατά
3158 609 3266 660 τῶν
3327 607 3632 682 Ἀγαρηνῶν
3683 625 3812 681 παρ-

2205 690 2490 766 αγγείλας,
2537 699 2634 750 τοῦ
2695 695 2993 764 Βυζαντίου
3043 694 3258 770 ἀπαίρει
3314 699 3353 733 ⁷·
3414 696 3500 750 καὶ
3555 699 3620 768 τῇ
3675 702 3810 750 Καπ-

2204 779 2456 836 παδοκῶν
2486 781 2902 863 ἐναυλιζόμενος
2949 785 3108 860 χώρᾳ
3153 785 3240 839 καί
3291 786 3537 856 στρατιὰν
3594 782 3808 838 συνειλο-

2204 873 2325 944 χὼς
2383 872 2713 949 ἀξιόμαχον,
2773 873 2859 928 ἐπὶ
2924 874 3022 942 τήν
3094 879 3204 928 τῶν
3287 873 3535 948 Ταρσέων
3593 873 3813 942 ἤλαυνεν,

2205 958 2415 1030 ἀνδρῶν
2452 961 2617 1036 ἀρετῇ
2649 961 2738 1017 καὶ
2768 960 2970 1032 πλήθει
3026 962 3114 1017 καὶ
3177 961 3385 1038 μελέτῃ
3443 968 3548 1018 τῶν
3575 966 3814 1017 ’τακτικῶν

2201 1049 2597 1126 τραχηλιῶσαν
2630 1053 2753 1106 τότε
2801 1052 2896 1106 καὶ
2947 1051 3361 1124 νεανιευομένην
3427 1053 3714 1126 ὑπέραυχα,
3741 1051 3817 1105 καὶ

2203 1137 2462 1200 πλείστας
2493 1138 2791 1217 ἀναφανδὸν
2853 1139 3123 1216 ἐκδρομὰς
3199 1141 3553 1200 ἀνελπίστους
3591 1140 3816 1212 είτπράτ-

2200 1251 2419 1287 τουσαν.
2455 1231 2606 1286 Ἐπεὶ
2639 1229 2696 1285 δὲ
2724 1231 2894 1305 ταύτῃ
2934 1231 3232 1306 προσέσχε,
3287 1232 3544 1305 καρτερὸν
3601 1229 3818 1302 πηξάμεο

2203 1339 2294 1377 νος
2323 1319 2539 1392 χάρακα
2594 1319 2683 1373 καὶ
2744 1317 3005 1373 κυκλόθεν
3061 1315 3363 1395 διειληφὼς
3407 1323 3544 1390 (20),
3597 1316 3820 1391 ἐφρούρει

2205 1409 2679 1482 παρακαθήμενος.
2735 1409 2802 1466 Oi
2861 1406 2918 1463 δὲ
3000 1403 3151 1464 ἔνδον
3202 1408 3519 1483 Ἀγαρηνοὶ,
3598 1404 3827 1479 δαψιλείᾳ

2202 1498 2340 1559 τέως
2367 1501 2474 1552 τῶν
2521 1497 2820 1571 ἀναγκαίων
2876 1494 3025 1560 ὄντες
3087 1498 3426 1573 ὑπερκορεῖς,
3485 1497 3571 1553 καὶ
3743 1499 3826 1550 τοῦ

2205 1586 2546 1658 πολίσματος
2584 1586 2978 1663 τεθαρρηκότες
3037 1585 3369 1660 ἐρυμνότητι
3416 1585 3493 1659 (ἐς
3552 1585 3678 1660 ὖψος
3736 1586 3826 1658 γὰρ

2204 1672 2498 1748 ἀμήχανον
2530 1673 2769 1748 ᾐωρεῖτο
2797 1678 2905 1728 τῶν
2934 1669 3246 1748 περιϐόλων
3269 1674 3334 1728 τὸ
3391 1672 3639 1745 δόμημα,
3674 1669 3826 1741 διπλῇ

2204 1762 2660 1836 περιελισσόντων
2715 1761 2867 1816 αὐτό·
2936 1763 3026 1817 καὶ
3082 1762 3309 1839 ταφρείᾳ
3389 1761 3648 1826 κυκλόθεν
3704 1758 3829 1814 διεί-

459 1858 580 1912 litis
628 1858 857 1920 vestita,
915 1863 974 1911 et
1020 1857 1222 1928 pinnis
1281 1857 1598 1912 terminata
1652 1857 1832 1912 fossa.
1895 1857 2095 1925 Neque

2211 1851 2412 1922 ληπτο,
2446 1852 2500 1916 ἐς
2534 1852 2699 1928 βάθος
2740 1852 2823 1907 ὅτι
2887 1851 3146 1908 πλεῖστον
3204 1853 3626 1927 καθικνουμένῃ,
3680 1849 3828 1914 λίθων

455 1948 656 2002 minus
697 1945 952 2001 habebat
979 1945 1247 2018 Cydnum
1271 1962 1375 2017 pro
1407 1947 1799 2013 munimento,
1833 1944 2098 2000 medium

455 2037 738 2108 oppidum
785 2037 1242 2091 intersecantem
1269 2052 1282 2090 :
1307 2035 1429 2106 qui,
1463 2035 1534 2090 ab
1568 2037 1696 2108 ipso
1741 2035 1902 2090 fonte
1931 2034 2101 2100 uber,

458 2125 688 2198 gelidus
719 2131 777 2179 et
804 2125 1146 2196 perlucidus
1177 2140 1428 2179 manans
1464 2125 1725 2197 proﬂuit,
1759 2123 2102 2196 praesidium

460 2212 617 2267 haud
647 2227 890 2283 parvum
937 2213 1112 2265 Tarso
1144 2211 1438 2282 praabens,
1469 2211 1870 2283 pontibusque
1917 2213 2104 2267 tribus

460 2303 617 2356 intra
644 2301 745 2358 52
760 2300 1329 2372 oppidumjungitur
1344 2317 1354 2354 :
1372 2301 1527 2356 bello
1541 2307 1736 2357 autem
1753 2302 2104 2357 imminente

459 2389 521 2443 in
551 2389 770 2444 fossam
802 2387 973 2442 illum
1005 2388 1358 2453 immittunt,
1390 2404 1567 2459 quam
1599 2388 1758 2442 horae
1780 2389 1955 2442 unius
1979 2403 2106 2459 spa-

457 2478 538 2532 tio
569 2483 1010 2549 restagnantem
1050 2475 1299 2547 reddit):
1333 2476 1424 2531 his
1473 2477 1651 2549 igitur
1696 2477 1830 2531 freti
1870 2476 2104 2532 barbari

459 2570 880 2641 imperatorem
909 2569 1376 2635 subsannabant,
1419 2571 1700 2625 conviciis
1731 2571 2109 2642 impudenter

459 2657 518 2712 in
551 2673 683 2712 eum
712 2657 912 2728 jactis,
947 2657 1281 2728 saepiusque
1301 2656 1444 2712 urbe
1467 2658 1658 2722 eﬂ'usi,
1683 2658 2106 2730 factaimpres-

459 2746 644 2809 sione,
667 2748 1067 2801 Romanorum
1100 2746 1390 2817 plurimos
1421 2747 1816 2802 trucidabant.
1846 2749 2113 2819 Impera-

463 2839 558 2889 tor
590 2835 974 2906 Nicephorus,
1008 2835 1152 2890 satis
1184 2835 1358 2906 longo
1395 2841 1660 2906 tempore
1699 2836 1779 2890 ibi
1813 2837 2102 2902 confecto,

455 2924 559 2979 ubi
595 2924 894 2996 negotium
926 2923 1092 2979 valde
1139 2924 1390 2979 arduum
1423 2925 1755 2996 suscepisse
1800 2942 1861 2980 se
1893 2942 2107 2998 cogno-

455 3015 704 3081 vit,inde
726 3030 966 3069 movens
990 3014 1206 3070 reﬂexo
1229 3015 1440 3070 itinere
1459 3016 1908 3086 circumpositas
1929 3019 2106 3072 Tarso

455 3121 622 3160 arces
653 3103 1011 3176 aggreditur,
1037 3103 1426 3176 Adanamque
1458 3110 1516 3158 et
1545 3104 1934 3170 Anabarzam,
1964 3106 2108 3162 alia-

455 3209 568 3264 que
599 3210 778 3264 supra
815 3193 1018 3266 viginti
1051 3194 1343 3266 ejusmodi
1378 3194 1623 3249 castella
1659 3194 1851 3265 primo
1882 3195 2104 3266 impetu

2212 1939 2421 1996 λευκῶν
2450 1942 2916 2016 κατεσκευασμένῃ
2978 1943 3292 2015 ξεστῶν,καὶ
3344 1941 3395 2002 ἐς
3451 1945 3829 2016 προμαχεῶνας

2212 2033 2710 2106 συμπεραινομένῃ.
2746 2032 2829 2106 [Ρ.
2864 2033 2952 2106 32]
2985 2035 3123 2107 Εἶχε
3157 2032 3251 2105 μὶν
3309 2031 3400 2085 καὶ
3454 2031 3547 2085 τὸν
3604 2027 3789 2087 Κύδνον
3820 2029 3837 2063 ⁸

2211 2121 2274 2176 τὸ
2357 2117 2551 2195 ἔρυμα,
2609 2120 2745 2176 κατά
2833 2121 2995 2194 μέσον
3071 2121 3202 2176 αὐτὸ
3256 2117 3631 2192 διατέμνοντα,
3681 2117 3736 2179 ὅς
3788 2116 3832 2185 ἐξ

2213 2208 2394 2263 αὐτῶν
2419 2212 2528 2262 τῶν
2561 2213 2754 2282 πηγῶν
2811 2209 3185 2283 πολυχεόμων
3241 2228 3344 2274 τις,
3385 2206 3602 2282 ψυχρός
3655 2226 3709 2260 τε
3759 2205 3836 2258 καὶ

2215 2293 2421 2366 διειδής
2476 2299 2742 2366 περινάιυν
2801 2299 2912 2370 (21)
2973 2293 3240 2373 πρόεισιν,
3291 2297 3588 2374 ἀσφάλειαν
3651 2297 3714 2350 οὐ
3758 2314 3838 2366 μι-

2211 2386 2344 2460 κράν
2371 2389 2440 2459 τῇ
2491 2388 2697 2460 Ταρσῷ
2745 2387 3150 2461 παρεχόμενος,
3207 2386 3297 2442 καὶ
3355 2387 3617 2463 γεφύραις
3683 2383 3836 2457 τρισὶν

2213 2470 2364 2530 ἔνδον
2424 2479 2522 2529 τοῦ
2575 2475 2764 2536 ἄστεος
2822 2472 3269 2547 διαζωννόμενος·
3359 2474 3452 2530 ὅτε
3509 2471 3566 2528 δὲ
3617 2471 3838 2543 πόλεμος

2214 2562 2400 2625 αὐτοῖς
2434 2557 2698 2638 ἐπιϐρίθει
2755 2567 2796 2631 ³,
2853 2564 2989 2619 κατά
3045 2571 3142 2633 τῆς
3199 2565 3408 2640 τάφρου
3467 2562 3624 2618 αὐτὸν
3676 2562 3840 2636 ἀφιᾶσι

2213 2651 2302 2707 καὶ
2362 2650 2413 2706 ἐν
2473 2651 2589 2726 ὥρᾳ
2649 2657 2747 2725 μιᾷ
2801 2657 3246 2727 πΑημμυροῦσαν
3277 2651 3486 2721 ταύτην
3536 2651 3836 2726 ἐργάζεται)·

2213 2751 2428 2812 τούτοις
2455 2750 2851 2827 τεθαρρηκότες
2911 2752 2962 2806 οἱ
3020 2747 3288 2827 βάρϐαροι
3353 2749 3625 2820 ἐτώθαζόν
3681 2769 3734 2802 τε
3759 2748 3836 2801 τὸν

2221 2841 2450 2918 βασιλέα
2477 2841 2567 2895 καὶ
2595 2836 2813 2912 ὕϐρεσιν
2841 2841 3001 2897 αὐτὸν
3042 2839 3212 2904 ἀδεῶς
3269 2837 3536 2910 ἔϐαλλον,
3593 2836 3839 2909 ἐκδιῖομάς

2213 2929 2392 2986 τεκαὶ
2457 2929 2796 3000 ἐπεξελάσεις
2855 2930 3178 3002 ποιούμενοι
3232 2929 3532 2992 πλείστους
3587 2934 3690 2985 τῶν
3719 2928 3840 2985 Ῥω-

2222 3019 2392 3092 μαίων
2426 3019 2776 3074 ἀπεκτίννυον
2814 3021 2876 3075 ιο.
2936 3019 2998 3076 Ὁ
3048 3020 3106 3075 δὲ
3163 3018 3518 3093 αὐτοκράτωρ
3559 3015 3844 3093 Νικηφόρος

2219 3107 2301 3185 ἐφ’
2355 3109 2538 3163 ἱκανὸν
2587 3109 2755 3184 ταύτῃ
2817 3109 3013 3186 χρόνον
3095 3106 3560 3184 προσδιατρίψας,
3645 3105 3839 3178 ἐπείπερ

2221 3196 2506 3266 ἀνηνύτοις
2567 3196 2862 3272 ἐπιχειρῶν
2891 3196 3110 3273 ᾔσθετο,
3167 3197 3364 3262 ἐκεῖθεν
3432 3195 3752 3270 μεταναστάς
3797 3211 3845 3244 τε

455 3283 628 3353 cepit.
662 3281 804 3336 Inde
827 3283 1244 3353 Mopsuestiam
1269 3299 1580 3355 aggressus
1608 3299 1831 3339 corona
1860 3284 2100 3339 circum-

2219 3285 2306 3340 καὶ
2365 3284 2759 3360 παρεγκλίνας,
2813 3292 2930 3347 τοῖς
2989 3284 3164 3362 ἔγγιον
3243 3285 3380 3359 αὐτῇ
3444 3283 3848 3359 κατῳκισμένοες

459 3371 598 3427 data
644 3371 874 3427 lortiter
917 3378 1238 3444 oppugnat,
1287 3373 1720 3444 tormentisque
1779 3373 2109 3429 missilibus

456 3458 720 3530 undique
745 3461 1210 3532 petit.0ppidani
1243 3466 1302 3516 et
1321 3461 1432 3532 ipsi
1463 3467 1699 3516 strenue
1721 3461 2108 3528 resistebant;

456 3550 642 3623 ignita
685 3552 802 3606 tela
845 3557 902 3606 et
931 3567 1206 3606 saxorum
1255 3551 1520 3622 pondera
1551 3553 1612 3606 in
1643 3554 1939 3608 Romanos
1968 3553 2107 3608 mit-

449 3645 669 3704 tentes,
701 3641 986 3711 omnique
1018 3646 1234 3696 conatu
1257 3657 1327 3696 ex
1359 3642 1620 3696 turribus
1685 3642 1821 3698 illos
1851 3642 2102 3715 propul-

450 3733 668 3783 santes.

2217 3370 2558 3450 προσϐάλλει
2619 3375 2923 3450 φρουρίοις,
2980 3374 3070 3428 καὶ
3127 3373 3355 3431 Ἀδαναν
3451 3375 3549 3447 μὶν
3628 3375 3713 3428 καί
3763 3371 3847 3435 τήν

2219 3459 2578 3537 Ἀνάϐαρζαν,
2621 3464 2710 3517 καὶ
2768 3461 2915 3518 ἄλλα
2967 3463 3099 3537 ὑπὲρ
3157 3462 3225 3518 τά
3283 3461 3458 3518 εἴκοσι
3514 3461 3738 3540 φρούρια
3781 3456 3850 3510 αἱ·

2216 3557 2299 3628 ρἐῐ
2355 3547 2628 3609 αὖτοϐοεί.
2694 3549 2928 3607 Κᾶπειτα
3015 3551 3365 3625 Μοψουεστίᾳ
3429 3545 3754 3627 προσϐαλών
3801 3564 3848 3597 τε

2211 3640 2301 3697 καὶ
2331 3639 2778 3714 κυκλωσάμενος,
2811 3639 3063 3713 ἐκθύμως
3091 3637 3432 3715 ἐπολιόρκει,
3493 3645 3610 3701 ταῖς
3664 3638 3837 3713 ἀφετη-

2211 3730 2350 3806 ρίοις
2408 3730 2681 3802 μηχαναῖς
2735 3730 3044 3805 ἕκασταχοῦ
3101 3725 3627 3804 ἀκροϐολιζόμενος.
3681 3727 3745 3785 Οἱ
3795 3719 3842 3778 δὲ

443 3810 594 3867 ἔνδον
625 3812 714 3867 καὶ
746 3814 902 3867 αὐτοὶ
932 3815 1192 3886 γενναίως
1220 3816 1692 3884 ἀντικαθίσταντο,
1725 3819 1977 3894 πυρφόρα
1999 3839 2057 3873 τε
2089 3817 2226 3895 βέλη
2257 3819 2347 3875 καὶ
2384 3819 2526 3894 βάρη
2563 3819 2732 3874 λίθων
2757 3819 2895 3875 κιτά
2912 3825 3020 3875 τῶν
3051 3820 3338 3892 Ῥωμαίων
3403 3820 3720 3896 βάλλοντες,
3747 3811 3824 3868 καὶ

451 3901 602 3955 παντὶ
636 3901 805 3955 σθένει
833 3900 892 3956 ἐκ
918 3906 1028 3956 τῶν
1061 3903 1284 3978 πύργων
1317 3901 1513 3967 αὐτοὺς
1543 3905 1900 3978 ἀμυνόμενοι.

525 4022 583 4072 11
600 4020 1176 4090 .Imperator,uterat
1195 4025 1503 4092 promptus
1521 4027 1578 4076 et
1598 4022 1890 4078 mirabilis
1913 4024 1971 4078 in
1995 4042 2090 4080 re-

453 4109 666 4165 mediis
683 4110 1192 4166 incommodorum
1211 4111 1854 4180 inveniendis,circuito
1873 4114 2102 4186 inspec-

457 4205 632 4270 toque
655 4199 929 4272 loco,qua
948 4207 1073 4256 erat
1094 4208 1516 4273 opportunum,
1543 4209 1714 4259 nocte
1747 4203 2103 4276 intempesta

452 4288 728 4343 homines
751 4287 824 4342 ad
852 4295 1041 4344 turres
1065 4290 1348 4345 adductos
1364 4307 1602 4346 murum
1622 4292 1976 4363 pedetentim
1999 4311 2097 4350 su-

455 4375 872 4448 bruerejubet,
892 4395 923 4433 a
957 4379 1084 4449 ripa
1107 4379 1339 4449 Pyrami
1372 4381 1565 4435 amnis
1588 4381 1666 4434 ibi
1694 4387 2098 4452 praeterﬂuen-

2288 4030 2375 4082 ια’.
2406 4025 2468 4081 Ὀ
2501 4021 2557 4079 δὲ
2591 4023 2868 4101 βασιλεὺς,
2929 4022 3258 4100 δραστήριός
3314 4045 3372 4080 τε
3433 4023 3508 4079 ὢν
3564 4023 3656 4079 καί
3687 4018 3838 4076 δεινὸς

2213 4113 2266 4168 ἐν
2317 4111 2630 4190 ἀμηχάνοις
2685 4114 3011 4189 πορίσασθαι
3077 4115 3357 4188 μηχανὴν,
3413 4111 3716 4187 περιελθὼν
3766 4105 3840 4161 καὶ

2207 4205 2755 4278 καταστοχασάμενος
2783 4205 2873 4257 τὸν
2934 4208 3141 4278 χῶρον,
3199 4203 3337 4278 ᾗπερ
3388 4204 3457 4272 ἦν
3514 4198 3840 4274 εὐεπιχείρηο

2211 4313 2325 4357 τον,
2358 4297 2466 4346 τῶν
2500 4291 2718 4368 πύργων
2751 4293 3084 4369 παραγαγὼν
3146 4291 3340 4365 ἀνδρας
3398 4293 3542 4368 ἀωρὶ
3595 4295 3701 4346 τῶν
3751 4307 3837 4339 νυ·

2210 4384 2353 4433 κτῶν
2378 4381 2686 4454 ἀνορύττειν
2716 4380 2897 4453 ἠρέμα
2956 4379 3354 4451 ἐνεκελεύσατο,
3405 4381 3514 4435 ἀπὸ
3546 4384 3650 4434 τῶν
3678 4374 3838 4449 ὄχθων

453 4469 532 4522 tis
563 4483 752 4532 orsos,
786 4482 859 4521 ne
894 4467 1502 4523 animauvertentibus
1545 4469 1814 4524 barbaris
1846 4471 1918 4526 ad
1948 4471 2098 4527 nibi-

2213 4467 2604 4542 ἐναρξαμένους
2653 4474 2749 4524 τοῦ
2804 4469 2974 4524 ἐκεῖσε
3025 4469 3429 4544 παραρρέοντος
3484 4469 3738 4545 ἰιυράμου
3760 4465 3842 4516 τοῦ

453 4558 579 4612 lum
611 4556 839 4612 veniret
863 4558 912 4611 is
949 4558 1629 4614 conatulelisuﬂodere
1661 4560 2105 4632 cceperunt,hu-

454 4661 619 4700 mum
653 4651 906 4717 egestam
961 4646 1230 4702 ﬂuminis
1271 4647 1444 4702 undae
1493 4648 1883 4704 committere.
1918 4650 2106 4720 Opere

2215 4563 2494 4632 ποταμοῦ,
2553 4558 2629 4621 ὡς
2689 4559 2766 4631 μὴ
2824 4558 3099 4623 αἴσθοιντο
3157 4559 3210 4613 οἱ
3271 4553 3562 4633 βάρϐαροι,
3643 4553 3728 4610 καὶ
3781 4549 3844 4609 εἷς

2215 4647 2365 4702 κενὸν
2400 4641 2659 4721 1ίιίιποϐἦ
2695 4647 2757 4702 τὸ
2811 4650 3059 4703 τοιοῦτον
3115 4645 3476 4721 ἐπιχείρημα.
3538 4647 3602 4700 Oi.
3657 4640 3712 4698 δε
3763 4639 3842 4693 ἀν-

1658 4853 1718 4909 C.
1753 4853 1811 4908 Β.
1866 4853 2056 4908 HASII
2088 4850 2646 4908 ANNOTATIONES.

524 5009 546 5042 ⁵
579 5007 663 5062 ἐπὶ
701 5016 759 5064 et
788 5011 964 5084 paulo
985 5017 1129 5084 post
1165 5012 1297 5082 μετά
1332 5011 1588 5079 σκευάζον
1623 5012 1752 5068 cod.
1786 5013 1806 5047 ’⁸
1839 5009 2082 5083 ἀπαίρειν

2211 5012 2239 5064 l.
2264 5009 2286 5045 ⁸
2306 5007 2394 5062 καὶ
2417 5009 2478 5063 τὸ
2508 5005 2708 5081 κύδρον
2737 5009 2870 5084 (sit?)
2905 5006 3092 5084 cod._’
3121 4999 3390 5079 ἐπιϐρισει
3414 5007 3550 5084 43οᾶἒ
3572 5004 3631 5084 μ¹⁰
3659 5003 3839 5084 ﬁfty:

450 5077 664 5155 {:iwuov
695 5064 824 5155 cod:
859 5064 1040 5138 Paulb
1073 5064 1369 5154 posterius
1401 5085 1462 5138 Β.
1496 5064 1661 5140 nolui
1695 5064 2020 5155 quidquam
2056 5099 2100 5136 ω

2211 5099 2348 5155 ire;
2379 5064 2868 5151 nomen'oppidi'
2900 5079 3058 5150 apud
3107 5064 3335 5135 veteres
3393 5084 3489 5133 est
3538 5064 3839 5144 Ἀναζαρθά.

456 5152 497 5189 ³1
532 5153 686 5206 κανὸν
723 5154 850 5210 cod.
887 5160 944 5209 et
974 5151 1178 5226 postea
1202 5162 1407 5211 auctor
1430 5151 1756 5229 elegantior
1787 5151 2092 5227 scripsisse

2211 5151 2411 5222 εοοαίη.

527 5329 636 5399 (0)
714 5319 1102 5394 Διαλαμϐάνω,
1189 5325 1280 5399 vel
1361 5330 1517 5399 certe
1567 5324 1896 5399 perfectum
1947 5320 2095 5399 ,διεί-

457 5397 627 5470 ληφα,
686 5399 842 5470 apud
871 5400 1129 5470 Leonem,
1155 5397 1478 5470 valetcinwi
1509 5413 1550 5470 :_
1577 5397 1661 5450 sic
1695 5412 1874 5470 supra
1909 5397 2091 5470 13.-.Α.

451 5457 786 5529 et'iortasse
819 5469 972 5522 infra
997 5471 1082 5522 36.
1118 5469 1180 5523 D.
1213 5468 1371 5536 Quin,
1398 5468 1506 5520 hac
1537 5466 1666 5536 ipsa
1727 5457 1939 5536 pagina
1986 5465 2090 5519 lin.

455 5547 536 5627 1‘8.
607 5542 887 5636 passive,‘
919 5537 1182 5599 κυκλόθεν
1253 5533 1576 5605 διείληπτοξ
1639 5533 1862 5590 Εοᾶθῖη
1917 5551 2097 5592 sensu

469 5613 481 5664 Ξ
523 5613 710 5668 ξῗνυσεν
742 5613 828 5664 3⁸7.
861 5613 921 5664 Α.

527 5686 639 5756 (at)
682 5685 881 5751 Neque
937 5675 1310 5751 πολυχείιμων
1357 5686 1445 5736 est
1501 5679 1560 5733 in
1620 5678 1843 5734 Lexicis
1905 5695 2098 5751 neque

2205 5320 2650 5394 mpwa’zm._lllud
2682 5317 3170 5394 invenitur‘apud
3187 5316 3548 5394 S._Basilium
3573 5317 3842 5387 Epistcu

2206 5387 2284 5449 II.
2309 5397 2432 5449 946.
2467 5391 2512 5445 ὣ
2543 5397 2726 5465 πηγῆς
2757 5387 3190 5465 πολυχεύμῖονος
3244 5392 3383 5465 (q_uo
3435 5389 3843 5465 eodem‘sens‘u

2207 5466 2262 5520 S.
2284 5466 2558 5534 Justinus
2591 5451 2805 5534 M'artyr
2838 5451 3080 5534 Dialogo
3115 5451 3257 5534 cum‘
3284 5451 3586 5534 Tryphon.
3646 5451 3841 5534 εερηο.

2205 5533 2520 5608 πολυῦὂρου
2551 5533 2646 5608 καί
2675 5530 2904 5608 igni-api;
2949 5530 3168 5608 πήγῆς)
3201 5549 3213 5586 ε
3251 5530 3372 5604 pro
3413 5531 3530 5586 hoc
3590 5530 3842 5585 usitatius

2205 5605 2458 5681 περινέώ,
2495 5606 2652 5678 quod
2684 5606 2907 5661 habent
2947 5605 3173 5660 Lexica.
