4082 6200
389 417 508 478 ’147

1796 408 2074 472 LEONIS
2117 405 2442 472 DIAGONI

3646 413 3745 475 τιε

394 554 579 617 ratus,
613 546 1015 621 prmliabatur,
1044 542 1133 598 vir
1156 541 1390 598 ardenti
1420 540 1680 613 ingenio,
1725 541 1828 613 qui
1859 541 2041 598 auda-

2156 540 2248 596 καί
2287 536 2646 615 σφενδονήτας
2712 537 2939 616 βάλλειν
2995 535 3125 601 τοὺς
3180 536 3449 605 ἐναντίους
3497 560 3751 616 προστετα-

393 655 524 694 cem
550 654 612 692 se
635 642 693 691 et
710 632 999 691 fervidum
1023 632 1073 687 si
1096 631 1229 703 quis
1253 629 1406 686 alius
1428 630 1788 700 ostenderat,
1808 629 2044 686 tametsi

396 741 641 798 corpore
659 724 852 780 brevis
876 722 1202 794 plusquam
1222 719 1515 777 attinebat
1538 718 1767 783 erat,ad
1787 719 2045 794 efﬁgiem

396 814 642 871 fabulati
673 812 852 884 Tydei
898 811 1344 883 bellipotentis;
1378 826 1583 867 verum
1614 810 1854 865 heroica
1883 826 2045 881 qum-

397 905 530 960 dam
562 906 755 959 inerat
772 903 956 958 virtus
985 919 1054 959 ac
1072 902 1158 958 vis
1171 903 1232 957 in
1250 918 1461 975 parum
1489 901 1759 973 specioso
1777 917 2045 972 corpore.

394 995 725 1066 Imperator
753 992 855 1049 ubi
894 992 1214 1049 classicum
1245 992 1376 1048 cani
1414 992 1615 1063 jussit,
1665 989 1949 1046 videndae
1984 1005 2047 1045 se

396 1084 783 1155 praebuerunt
812 1082 1151 1138 admirabili
1182 1082 1390 1138 ordine
1430 1086 1740 1136 commotae
1781 1079 2047 1153 legiones

398 1175 766 1240 Romanm,et
790 1189 1036 1245 campus
1066 1177 1223 1228 totus
1245 1172 1471 1245 fulgore
1493 1186 1793 1227 armorum
1815 1169 2044 1225 micuit.

394 1264 511 1318 Nec
544 1261 811 1317 tulerunt
837 1262 994 1318 hanc
1025 1261 1483 1333 impressionem
1528 1262 1885 1315 Tarsenses:
1919 1257 2046 1326 sed,

393 1358 556 1408 strue
584 1354 889 1409 hastarum
930 1351 1189 1423 telisque
1223 1367 1430 1407 eorum
1455 1350 1556 1422 qui
1584 1365 1618 1405 a
1643 1356 1806 1423 tergo
1823 1347 2049 1421 jacula-

393 1442 613 1498 bantur
624 1440 1200 1514 propulsi,evestigio
1218 1441 1279 1496 in
1296 1439 1495 1514 fugam
1516 1455 1578 1496 se
1600 1443 2047 1506 converterunt,

393 1530 576 1602 inque
610 1529 895 1602 oppidum
942 1530 1197 1602 turpiter
1243 1528 1511 1586 conclusi
1559 1533 1719 1596 sunt,
1772 1527 2049 1600 plurimis

397 1634 642 1675 suorum
673 1619 784 1675 hoc
814 1618 876 1673 in
907 1619 1189 1675 conﬂictu
1229 1617 1573 1691 deperditis.
1607 1619 1849 1690 Magnus
1894 1634 2050 1690 prm-

396 1714 561 1764 terea
592 1709 772 1764 timor
801 1725 902 1764 eos
933 1708 1194 1776 incessit,
1219 1713 1606 1780 posteaquam
1630 1711 1860 1763 tantum
1889 1722 2051 1762 exer-

395 1798 581 1852 citum
623 1797 829 1853 ordine
862 1796 1286 1870 procedentem
1320 1802 1771 1869 conspexerant.
1802 1798 1891 1852 Ita
1917 1812 2047 1852 mu-

394 1901 529 1941 rum
565 1885 766 1957 oppidi
800 1903 834 1941 a
860 1902 923 1941 se
955 1891 1305 1958 occupatum
1353 1886 1667 1943 tormentis
1715 1884 2046 1942 missdibus

2151 630 2291 706 χώς.
2319 628 2413 692 Εἷς
2441 628 2504 685 τὸ
2536 626 2706 701 δεξιὸν
2740 626 2799 684 δὲ
2842 629 3000 703 κέρας
3049 628 3214 691 αὐτὸς
3263 628 3513 699 εἱστήκει,
3561 630 3750 705 μυρίανο

2155 717 2281 795 δρον
2307 718 2515 774 ἳππέων
2548 715 2675 790 ἴλην
2727 716 3145 798 ἐπιφερόμενος*
3202 718 3341 775 κατά
3380 715 3436 774 Si
3478 720 3539 775 τὸ
3582 720 3753 777 εὐώνυ-

2158 828 2259 881 μον
2314 809 2595 882 Ἰωάννης,
2651 808 2698 881 ᾧ
2751 806 2816 863 τὸ
2872 805 3135 880 ἐπώνυμα
3187 808 3501 882 Τζιμίσκῆς,
3564 812 3626 884 τῇ
3676 814 3756 866 τοῦ

2156 895 2349 961 δουκὸς
2375 899 2515 972 τιμῇ
2567 898 2986 972 σεμνυνόμενος,
3043 894 3422 973 διδγωνίζετο,
3478 897 3605 975 ἀνὴρ
3657 920 3763 977 σφα-

2157 985 2334 1057 δάζων
2362 1007 2423 1044 τε
2450 991 2529 1060 τῷ
2556 988 2717 1061 θυμῷ
2746 989 2875 1061 (41),
2925 986 3014 1043 καὶ
3069 984 3375 1060 τολμητίας
3421 986 3645 1051 ἐκτόπως
3686 988 3760 1044 καὶ

2154 1077 2492 1153 θερμουργὸς
2523 1075 2569 1132 εἰ
2598 1075 2689 1132 καί
2726 1096 2811 1139 τις
2865 1073 3041 1138 ἄλλος
3088 1073 3558 1150 ἀποδεικνύμενος,
3608 1076 3652 1132 εἲ
3688 1078 3765 1133 καὶ

2152 1167 2215 1224 τὸ
2246 1171 2408 1241 σῶμα
2441 1166 2653 1244 βραχὺς
2686 1186 2773 1229 τις
2803 1165 2936 1242 ὑπερ
2975 1166 3040 1222 τὸ
3102 1164 3319 1244 μέτριον
3377 1168 3462 1238 ἦν,
3513 1169 3641 1223 κατά
3684 1168 3760 1224 τὸν

2159 1255 2637 1334 μυθολογούμενον
2694 1253 2873 1314 Τυδέα
2954 1254 3047 1312 τὸν
3127 1258 3408 1333 μαχητηνο
3492 1255 3630 1313 ἀλλά
3696 1276 3767 1319 τις

2155 1347 2375 1423 ἡρωϊκή
2435 1346 2560 1416 ἐνῆν
2618 1346 2762 1414 ἀλκὴ
2817 1343 2909 1401 καὶ
2967 1344 3117 1422 ὁρμὴ
3176 1343 3229 1401 ἐν
3278 1349 3359 1418 τῷ
3442 1349 3768 1422 μικροπρεπεῖ
3817 1364 3823 1370 ’

2155 1434 2365 1492 ἑκείνου
2422 1436 2659 1510 σώματι.
2717 1436 2829 1493 Τοῖ’)
2885 1431 2945 1490 δὶ
2997 1432 3402 1511 αὐτοκράτορος
3478 1433 3768 1510 ἐγκελευσα-

2160 1524 2322 1599 μένου
2346 1524 2410 1580 τὸ
2440 1524 2690 1580 ἐνυάλιον
2732 1521 3012 1595 ἐπαυλεῖν,
3060 1523 3131 1593 ἦν
3189 1520 3323 1579 ἰδεῖν
3380 1522 3642 1599 ἀμηχάνῳ
3686 1521 3770 1578 κό-

2154 1636 2281 1689 σμῳ
2335 1614 2434 1679 τὰς
2481 1614 2798 1688 Ῥωμαϊκὰς
2849 1608 3175 1687 κινουμένας
3232 1610 3538 1690 φάλαγγας,
3592 1612 3676 1667 καὶ
3716 1611 3773 1667 τὸ

2154 1700 2341 1760 πεδίον
2407 1705 2546 1759 ἅπαν
2601 1707 2672 1779 τῇ
2729 1702 2868 1779 αὐγῇ
2917 1706 3027 1758 τῶν
3085 1700 3272 1759 ὅπλων
3324 1701 3775 1778 καταστραπτὸμε-

2152 1814 2264 1850 νον.
2291 1792 2407 1852 Οὐκ
2444 1791 2675 1869 ἤνεγκαν
2732 1793 2832 1861 τήν
2887 1790 3158 1862 τοσαύτην
3213 1789 3392 1869 ῥοπὴν
3451 1793 3502 1846 οἰ
3556 1793 3773 1866 Ταρσεῖς·

2155 1888 2279 1949 τοῖς
2307 1880 2366 1939 δὲ
2395 1882 2668 1956 ὠθισμοῖς
2695 1886 2803 1938 τῶν
2837 1880 3079 1939 ἀκόντων
3107 1882 3195 1939 καὶ
3222 1887 3343 1945 τοῖς
3374 1876 3779 1957 ἀκροϐολισμοῖς

400 1938 701 2030 sai—1555
718 1938 836 2047 ipsi
861 1938 1176 2031 satiata;
1187 1938 1405 2031 abditi
1418 1938 1823 2045 instiga;
1835 1938 2041 2033 ’έᾶᾆεῖ

2163 1938 2276 2031 τῶν
2305 1938 2629 2049 βαλλόντων
2653 1938 2935 2046 *ἐξόπισθεν
2988 1938 3341 2048 βιαζόμενοι,
3379 1938 3600 2042 ἐξάυτῆς
3648 1938 3782 2024 ἔαλιέ

403 2070 529 2120 tum
556 2065 817 2122 hostium
851 2067 1175 2138 excepturi.

2165 2084 2256 2119 ναν
2290 2062 2368 2126 εἰς
2398 2063 2602 2138 φυγήν,
2632 2061 2723 2118 καὶ
2748 2061 2889 2138 πρὸς
2917 2060 2982 2117 τὸ
3010 2059 3141 2117 ἄστυ
3171 2060 3547 2118 συνεκλείοντο
3576 2058 3784 2128 ἀκλεῶς,

391 2150 685 2219 πλείστους
710 2158 820 2209 τῶν
853 2152 1067 2209 οἰκείων
1097 2155 1246 2231 ποιρά
1300 2153 1502 2226 ταύτην
1551 2150 1962 2217 ἀποϐάλλοντες
1991 2156 2036 2192 ²⁷
2059 2154 2159 2223 τὴν
2190 2147 2538 2224 προσϐολήν.
2585 2151 2743 2221 Δεινή
2792 2148 2852 2206 δέ
2891 2172 2976 2215 τις
3029 2150 3276 2225 ὗπεισῄει
3327 2150 3554 2207 τούτους
3606 2146 3784 2216 δειλία,

390 2242 731 2314 τηλικαύτην
785 2244 902 2315 μετ’
960 2242 1244 2318 ἐμπειρίας
1302 2244 1566 2320 ἀθρήσασι
1624 2248 1912 2320 χωροῦσαν
1970 2241 2211 2313 πληθύν.
2262 2240 2362 2298 Τὸν
2415 2235 2711 2314 περίϐολον
2768 2240 2861 2296 οὗν
2922 2236 3270 2319 διειληφότες
3329 2244 3431 2296 τοῦ
3484 2239 3662 2301 ἄστεος
3709 2234 3790 2291 καὶ

391 2336 583 2388 τοῦτον
612 2339 733 2397 ταῖς
764 2333 1083 2411 ἀφετηρίοις
1119 2336 1202 2409 [Ρ.
1230 2334 1323 2406 37]
1353 2336 1887 2411 κατοχυρωσάμενος
1941 2336 2052 2407 (42)
2117 2336 2419 2409 μηχαναῖς,
2473 2329 2850 2407 διεκαρτέρουν
2900 2328 3177 2406 ἀπρόϊτοι,
3230 2331 3334 2401 τήν
3394 2327 3654 2402 ἐπήλυσιν
3694 2330 3790 2382 τῶν

390 2417 645 2479 ἐναντίων
677 2421 918 2499 ύποδεχό
927 2444 1101 2497 μενοι.

465 2514 567 2571 60
598 2515 651 2569 4.
685 2516 1051 2587 Nicephorus
1084 2516 1408 2587 imperator
1437 2532 1572 2572 cum
1598 2530 1840 2572 accessu
1871 2514 2049 2587 plane

2231 2509 2293 2570 δ’.
2355 2510 2670 2589 Νικηφόρος
2728 2506 2786 2565 δε
2845 2510 2875 2566 ὁ
2933 2508 3310 2587 αὐτοκράτωρ,
3364 2508 3480 2566 ἐπεὶ
3539 2504 3784 2581 δυσπρόσ-

395 2609 854 2676 expugnatuque
884 2604 1130 2659 difﬁcile
1160 2621 1290 2661 esse
1323 2605 1606 2678 oppidum
1630 2604 1825 2671 sciret,
1852 2619 2041 2675 neque

2156 2599 2283 2657 οδον
2340 2602 2391 2639 ³⁸
2444 2601 2689 2676 ἀτεχνῶς
2742 2596 2862 2675 ᾔδει
2918 2599 3010 2656 καὶ
3089 2595 3441 2673 δυσέμϐολον
3486 2597 3645 2654 οὖσαν
3692 2595 3781 2663 τὴν

391 2707 613 2747 corona
643 2692 773 2764 capi
800 2708 995 2764 posse,
1029 2692 1358 2758 constituit,
1391 2709 1511 2748 non
1542 2694 1605 2748 in
1629 2693 1950 2749 discrimen
1982 2708 2041 2747 se

2153 2688 2343 2759 πόλιν,
2373 2690 2464 2747 καὶ
2500 2691 2576 2766 μὴ
2610 2690 2660 2761 ἐξ
2690 2687 2892 2768 ἐφόδου
2922 2686 3232 2762 ἁλώσιμον,
3286 2685 3436 2765 ἔγνω
3485 2688 3562 2761 μή
3594 2684 3783 2741 διακιν-

392 2781 608 2835 oiferre
634 2781 1076 2837 inconsiderata
1097 2782 1365 2838 certandi
1387 2782 1735 2855 cupiditate,
1769 2782 1873 2837 sed
1902 2780 2041 2837 fami

2154 2777 2389 2836 δυνεύειν
2446 2777 2836 2853 πολεμησείων
2895 2774 3222 2847 ἀϐούλευτα,
3314 2777 3465 2835 ἀλλά
3513 2780 3592 2848 τῷ
3651 2773 3785 2846 λιμῷ

390 2869 685 2925 civitatem
707 2870 958 2938 tradere,
982 2887 1115 2942 qua;
1137 2870 1365 2927 crudeli
1392 2872 1751 2927 necessitate
1774 2876 1933 2926 esset
1950 2872 2041 2927 vel

2153 2866 2494 2945 παραδώσειν
2556 2869 2629 2939 ³9,
2687 2869 2746 2930 6';
2802 2888 2867 2944 γε
2920 2871 2990 2941 τῇ
3048 2866 3275 2943 χαλεπῇ
3356 2867 3660 2942 κατανάγκῃ
3709 2858 3785 2916 καὶ

386 2958 635 3013 invitam
669 2959 1005 3015 subactura.
1037 2961 1157 3016 Hoc
1186 2960 1335 3015 inito
1367 2961 1618 3016 consilio
1655 2960 2041 3033 diligentibus

2153 2955 2380 3014 ἄκουσαν
2436 2957 2857 3033 παραστήσεται.
2937 2959 3115 3015 Τοῦτο
3202 2954 3274 3026 δὴ
3373 2952 3787 3032 βουλευσάμενος

383 3047 666 3103 custodiis
679 3049 961 3121 oppidum
977 3049 1729 3122 cinxit.Tarsenses,quoad
1746 3050 2041 3105 intensior

2153 3042 2393 3121 ἀκριϐέσι
2425 3052 2686 3125 φρουραῖς
2714 3047 2779 3101 τὸ
2825 3045 2956 3102 ἄστυ
3013 3043 3260 3116 διεζωσε.
3316 3049 3554 3120 Ταρσεῖς
3597 3036 3787 3110 δέ,ἐως

380 3137 569 3194 fames
593 3156 711 3195 non
736 3140 973 3211 penitus
1000 3155 1100 3195 eos
1121 3140 1535 3211 exhauserat,e
1552 3140 1817 3196 turribus
1832 3139 2036 3212 jacula

2153 3136 2245 3210 μὶν
2277 3133 2430 3192 οὔπω
2476 3137 2551 3210 μή
2612 3131 2917 3211 ἐμϐαθύνας
2975 3136 3003 3190 ὁ
3056 3133 3222 3209 λιμὸς
3274 3133 3558 3197 ὀλοτελῶς
3614 3127 3788 3189 αὐτοὺς

384 3229 449 3285 in
472 3232 768 3287 Romanos
791 3230 1210 3303 coujiciebant.
1240 3232 1543 3288 Posterius
1571 3247 1731 3302 vero,
1765 3249 1900 3288 cum
1925 3232 2039 3286 mi-

387 3318 722 3377 serabiliter
734 3336 835 3377 eos
852 3326 1567 3394 consumeretrerumque
1582 3323 2038 3378 necessariarun

385 3407 586 3479 inopia
607 3425 855 3480 corpora
888 3409 1241 3479 inﬁrmaret,
1276 3409 1527 3466 vidisses
1557 3409 2040 3483 desperationem

385 3497 680 3566 ultimam,
713 3498 903 3555 diram
934 3500 1278 3555 maestitiam
1312 3517 1444 3572 quas
1469 3506 1861 3572 occupaverat
1879 3500 2043 3572 oppi-

385 3584 548 3651 dum,
582 3593 919 3642 mortuosos
952 3588 1252 3655 homines,
1285 3589 1358 3644 ab
1389 3589 1602 3645 umbra
1630 3590 1846 3661 spectri
1889 3588 2041 3644 nihil

384 3672 752 3731 differentes.
788 3678 931 3730 Nam
970 3676 1186 3731 inedire
1220 3676 1529 3732 calamitas
1585 3678 1923 3734 miserrima
1952 3683 2042 3733 est

384 3761 742 3832 penitusque
775 3763 1014 3818 lethalis
1041 3781 1053 3818 :
1079 3766 1345 3836 corporis
1364 3765 1795 3822 formositatem
1817 3782 2042 3823 emace-

387 3854 498 3911 rat,
530 3849 787 3905 calorem
814 3851 1030 3923 frigore
1061 3853 1402 3922 exstinguit,
1435 3855 1639 3909 aranei
1680 3857 1817 3911 texti
1852 3856 2043 3911 instar

386 3937 649 4005 tegmina
676 3939 836 3995 circa
866 3956 1002 3996 ossa
1028 3941 1329 4012 pendeant
1358 3942 1561 4010 efﬁcit,
1584 3950 1955 4015 mortemque
1977 3950 2043 4000 ut

388 4045 423 4099 Ρ
435 4028 754 4084 edetentim
770 4029 1339 4087 accedatevocat.Ad
1355 4037 1708 4099 extremum,
1726 4049 1859 4088 cum
1884 4032 2038 4089 into-

387 4117 622 4173 lerabili
649 4118 825 4175 famis
853 4120 1228 4176 incommodo
1251 4126 1491 4193 tamque
1514 4139 1727 4196 magno
1755 4123 2040 4180 exercitui

389 4207 679 4263 obsistere
711 4226 832 4265 non
860 4215 1124 4282 possent,
1156 4212 1492 4283 pactionem
1519 4229 1655 4269 cum
1684 4214 2040 4286 imperatore

386 4299 630 4370 faciunt,
665 4317 848 4374 seque
879 4302 931 4357 ei
963 4300 1210 4369 dedunt,
1244 4303 1318 4359 iis
1343 4304 1809 4374 conditionibus,
1842 4312 1909 4361 ut
1937 4307 2039 4377 qui

388 4391 615 4447 vellent
642 4398 996 4464 potestatem
1046 4392 1339 4449 haberent
1384 4394 1457 4449 ad
1514 4395 1803 4452 interiora
1857 4395 2039 4467 Syrim

2147 3224 2432 3297 ἐξεπίεζεν,
2491 3224 2599 3282 ἀπὸ
2652 3228 2762 3281 τῶν
2820 3222 3044 3301 πύργων
3130 3223 3517 3295 ἀκοντίζοντες
3573 3220 3627 3284 ἐς
3678 3215 3790 3278 τοὺς

2146 3314 2456 3389 Ῥωμαίους
2513 3310 2773 3372 ἔϐαλλον.
2830 3313 2981 3371 Ἐπεὶ
3030 3311 3090 3370 δὶ
3134 3312 3374 3377 τούτους
3430 3311 3662 3386 οἷκτρῶς
3710 3305 3792 3360 ἒπ-

2147 3402 2428 3480 εϐόσκετο,
2485 3406 2576 3463 καὶ
2632 3405 2835 3484 ἀπορία
2905 3410 3017 3462 τῶν
3097 3405 3417 3483 ἀναγκαίων
3466 3404 3536 3461 τὰ
3590 3403 3795 3475 σώματα

2146 3494 2494 3569 ἐλυμαίνετο,
2525 3497 2593 3566 ἦν
2624 3492 2757 3551 ἰδεῖν
2790 3495 3106 3571 ἀμηχανίαν
3162 3492 3381 3567 δεινήν,
3432 3493 3526 3550 καὶ
3563 3487 3793 3569 χαλεπὴν

2148 3584 2597 3660 σκυθρωπότητα,
2631 3584 2755 3654 ἣτις
2812 3589 3037 3659 κατεῖχε
3091 3584 3192 3652 τήν
3253 3584 3454 3655 πόλιν,
3512 3579 3789 3655 ἐνερὸχρω·

2145 3673 2240 3736 τάς
2267 3694 2327 3730 τε
2361 3672 2490 3735 τοὺς
2541 3670 2759 3749 ἄνδρας,
2811 3673 2902 3729 καὶ
2955 3676 3107 3735 σκιᾶς
3148 3671 3411 3730 εἰδώλων
3465 3669 3625 3729 οὐδὲν
3680 3666 3788 3723 δια-

2147 3765 2429 3837 φέροντας.
2461 3765 2539 3821 Τὸ
2597 3762 2701 3839 γὰρ
2745 3766 2844 3818 τοῦ
2890 3759 3060 3836 λιμοῦ
3090 3764 3134 3799 ³ο
3162 3762 3348 3826 πάθος
3398 3762 3671 3818 οἳκτιστον
3716 3752 3793 3812 καὶ

2146 3851 2269 3908 λίαν
2301 3851 2576 3929 ὀλέθριον⁸
2609 3850 2837 3921 ἐκτῆκον
2884 3851 2984 3928 γὰρ
3034 3851 3129 3908 τὸν
3179 3849 3356 3928 ὄγκον
3407 3856 3508 3907 τοῦ
3561 3850 3791 3917 σώματος

2145 3941 2235 3998 καὶ
2290 3943 2353 3998 τὸ
2413 3941 2612 4015 θερμὸν
2681 3936 3045 3997 ἀποσϐεννύον
3103 3944 3460 4018 ψυχρότητι,
3518 3937 3709 3996 ὡσανεὶ
3756 3933 3795 3971 ³⁸

2144 4029 2201 4085 ὅν
2235 4030 2500 4106 ἀράχνιον
2531 4034 2646 4104 (43)
2693 4035 2813 4092 τοῖς
2871 4029 3089 4093 ὀστέοις
3155 4031 3219 4085 τὸ
3283 4028 3525 4105 ἔλυτρον
3585 4020 3797 4101 περιτεί-

2142 4120 2323 4175 νεσθαι
2363 4116 2659 4191 διατίθησι,
2714 4118 2850 4176 κατά
2908 4120 3103 4196 μικρὸν
3159 4117 3384 4175 ἐπιέναι
3444 4117 3541 4176 τὸν
3595 4117 3792 4173 θάνατον

2144 4208 2572 4284 ἐπικαλούμενον.
2605 4209 2756 4267 Ἐπεὶ
2809 4210 2900 4266 οὗν
2960 4210 3067 4285 οὐγ
3112 4208 3224 4266 οἷοί
3272 4231 3337 4267 τε
3392 4211 3531 4280 ἦσαν
3586 4206 3712 4282 πρός
3746 4220 3795 4256 τε

2140 4300 2206 4356 τὸ
2262 4296 2483 4376 ἄμαχον
2537 4302 2635 4355 τοῦ
2692 4297 2861 4373 λιμοῦ
2910 4300 3084 4365 πάθος
3134 4300 3229 4355 καὶ
3323 4301 3471 4376 πρὸς
3550 4296 3795 4362 τοσαύτην

2145 4388 2395 4462 στρατιὰν
2488 4386 2876 4464 διαμάχεσθαι,
2962 4384 3292 4445 σπένδονταί
3351 4409 3416 4444 τε
3470 4392 3555 4459 τῷ
3605 4380 3799 4462 βασιλεῖ

384 4481 570 4536 libere
602 4498 665 4536 se
696 4481 1060 4538 conferendi.
1096 4481 1161 4537 Id
1181 4499 1315 4538 cum
1340 4484 1755 4552 concessisset,
1779 4484 2035 4541 induciis

2153 4476 2235 4532 καὶ
2270 4475 2583 4533 ὑπείκουσιν
2624 4480 2694 4550 ³⁵,
2746 4477 2825 4556 ἐφ’
2854 4476 2901 4551 ᾧ
2929 4478 3021 4533 τὸν
3074 4475 3439 4553 βουλόμενον
3497 4474 3587 4532 ἐπὶ
3630 4472 3694 4529 τά
3734 4467 3801 4524 ἦν·

380 4568 575 4637 factis,
604 4569 1021 4626 incunctanter
1038 4571 1198 4626 exire
1221 4587 1293 4626 ex
1317 4571 1533 4644 oppido
1566 4587 1665 4627 eos
1687 4571 1872 4643 jussit
1899 4589 2034 4628 cor-

383 4674 527 4727 pora
548 4662 607 4713 et
635 4660 1038 4715 necessarium
1064 4660 1341 4715 vestitum
1366 4660 1560 4716 solum
1579 4662 1915 4717 efferentes.
1941 4661 2035 4717 Sic

377 4746 473 4801 es
506 4745 651 4802 urbe
682 4754 966 4820 occupata
985 4747 1199 4821 praadaa
1220 4753 1472 4821 partem,
1503 4748 1737 4806 divitias
1759 4749 2034 4806 innume-

2149 4566 2356 4647 δοτέρω
2385 4571 2587 4648 Συρίας
2624 4569 2924 4634 ἀκωλύτως
2985 4574 3212 4648 χωρεῖν.
3273 4570 3342 4630 Ὀ
3398 4569 3484 4641 δὶ,
3543 4567 3678 4642 ε’ίξας
3725 4558 3801 4615 καί

2141 4656 2366 4721 τούτοις
2449 4660 2834 4734 σπεισάμενος,
2920 4659 3114 4715 θᾶττον
3173 4656 3387 4730 ἐξιέναι
3439 4666 3544 4731 τῆς
3608 4651 3802 4711 πόλεως

2145 4745 2490 4823 ἐκελεύσατο,
2517 4750 2586 4805 τὰ
2624 4753 2772 4829 σφῶν
2820 4749 3051 4824 σώματα
3097 4747 3189 4804 καὶ
3249 4754 3371 4806 τῶν
3435 4744 3729 4824 ἀναγκαίων
3764 4739 3803 4774 ³³

1575 4918 1636 4975 C.
1682 4920 1739 4974 Β.
1784 4919 1980 4976 HASII
2017 4920 2580 4978 ANNOTATIONES.

455 5098 499 5135 υ
534 5094 964 5164 ἀποϐάλλοντες.
998 5104 1153 5161 Fort.
1187 5096 1582 5167 ἀποϐαλόντες.

379 5171 852 5265 πάθηοῗκτισστον.
904 5175 1118 5265 'Odj’ss.
1174 5177 1245 5255 Μ.

1685 5104 1735 5181 ξξ
1766 5101 2070 5181 δύσπροδον
2099 5106 2230 5181 cod,

1305 5178 1410 5231 342
1463 5172 1628 5253 λιμῷ-
1678 5172 1725 5230 δ’
1763 5172 2317 5253 _o’imiatov_91vésw
2376 5172 2751 5253 καῖ’πύτμονί
2805 5177 3073 5253 ἐπισπεῖν.

2334 5109 2378 5144 ’θ
2407 5103 2767 5185 παραδώσειν.
2800 5106 3021 5185 Melius
3063 5102 3491 5185 παραδιδόναιη
3650 5098 3800 5185 λι-μρῆ

2449 5176 2736 5236 ὶ’πύτμον
2805 5177 3073 5235 ἐπισπεῖν.
3144 5176 3222 5214 ’³⁸
3286 5177 3495 5236 ὡσανεὶ
3562 5176 3643 5234 ὃν.
3698 5176 3803 5232 Nisi

381 5245 568 5302 mavis
600 5247 858 5303 scribere
889 5246 964 5310 ὡς
988 5245 1209 5315 ἀναειον,
1242 5248 1354 5304 hoc
1387 5254 1476 5304 est
1505 5245 1963 5323 ὡςάνθρώπειον.
2038 5254 2041 5282 ³

2153 5251 2415 5322 πηκουσιν
2449 5251 2579 5309 cod.
2636 5245 2700 5287 ’³³
2735 5252 2864 5327 Leg.
2898 5251 2991 5308 τὸν
3018 5248 3349 5326 ἀναγκαῖον.

590 5413 966 5493 ξφαδάζοντες
995 5420 1076 5487 τῷ
1105 5416 1264 5493 θυμῷ
1294 5417 1579 5493 Agathias
1610 5418 1700 5472 42.
1735 5419 1799 5473 Β.

448 5485 559 5561 (4-2)
592 5485 848 5544 verbum
879 5485 1245 5561 xatoyppdw,
1276 5485 1489 5561 munia,
1547 5489 1877 5561 communio,
1909 5494 1966 5545 et
1998 5505 2029 5545 e

376 5557 602 5615 Lekicis
633 5561 820 5630 abest,
852 5565 910 5614 et
942 5557 1453 5630 ex'rsc'riptoribus,
1486 5564 1552 5613 ut
1595 5559 1891 5630 existimo,
1924 5574 2029 5617 an-

375 5631 577 5702 tiquis.
611 5629 784 5702 Apud
814 5629 1177 5702 recentiores
1202 5629 1429 5702 inveni,
1461 5630 1621 5686 velut
1666 5630 1761 5688 bis
1808 5632 1872 5689 in
1904 5632 2033 5689 Vita

379 5700 593 5756 SCNili
644 5700 968 5776 juniorisa
1016 5700 1429 5776 contubernali
1481 5702 1610 5776 ejus
1661 5704 1901 5776 scripta,
1955 5704 2030 5762 ad

374 5771 940 5844 cognocendumque
996 5771 1224 5845 Apuliae
1264 5789 1400 5833 smc.
1450 5771 1528 5834 1x:
1581 5771 1802 5833 statum
1856 5777 2029 5834 vehe-

2140 5426 2374 5478 menter
2400 5421 2586 5490 utilis,
2618 5424 2708 5477 62.
2742 5421 2804 5477 Β.
2836 5418 3003 5476 πάλιν
3059 5422 3480 5497 κατοχυρώσας
3532 5412 3801 5556 ἱαυτὸνγῗ

2140 5493 2277 5556 πρὸς
2305 5494 2398 5549 τὸν
2425 5492 2575 5548 ’ὀσιον
2603 5492 2802 5547 πίστει·
2838 5498 2897 5550 et
2943 5496 3033 5549 99.
3086 5494 3148 5550 C.
3201 5494 3638 5556 κατωγυρώσας
3682 5492 3780 5556 [sm

2139 5493 2277 5585 πρὸς
2305 5494 2398 5549 τὸν
2425 5492 2575 5548 ’ὀσιον
2603 5492 2802 5547 πίστει·
2838 5498 2897 5550 et
2943 5496 3033 5549 99.
3086 5494 3148 5550 C.
3201 5492 3638 5569 κατωχυρώσας
3682 5492 3801 5571 [sic]

2139 5567 2308 5638 αυτοῦ
2335 5564 2435 5634 τήν
2464 5561 2813 5638 καρδίανᾲτῇ
2844 5562 3042 5623 πίστει.
3102 5567 3261 5638 Item
3320 5567 3520 5638 semel
3580 5566 3643 5621 in
3688 5562 3803 5638 Vita

2140 5637 2195 5693 S.
2220 5635 2644 5718 lfAbrXsostQmi
2676 5636 2756 5718 ab_
2780 5635 3079 5718 anonymo
3113 5635 3286 5718 edita
3313 5637 3466 5697 νιιι.
3498 5640 3628 5718 329.
3658 5636 3770 5718 ll.‘

2212 5710 2324 5784 (i3)
2345 5704 2513 5784 _Fo_rt.
2546 5706 2780 5782 legend.
2813 5704 2961 5764 ὤσειν
2999 5709 3116 5764 οἷον
3147 5705 3463 5784 ἀράχνιον,
3513 5711 3629 5779 vel,
3674 5704 3802 5760 ὡσὰν

2139 5778 2312 5848 νητὸν
2333 5778 2536 5856 ἀράχν.
