4060 6198
415 488 530 548 ’751

1797 475 2073 540 LEONIS
2117 477 2437 543 DIACONI

3673 500 3771 558 753

413 620 537 676 lum
568 619 725 674 malo
747 615 976 689 gravius
999 629 1180 685 super
1201 613 1424 685 ingruit
1444 627 1667 684 usque:
1695 609 2058 666 nsaltuosum

2181 611 2267 678 ἦν,
2304 609 2446 667 εἷλεν
2478 610 2530 683 ἐξ
2580 610 2907 690 ἐπιδρομῆς.
2972 617 3087 686 Τήν
3145 615 3204 674 δὲ
3261 621 3446 697 χώραν
3494 630 3776 700 περισκεψιιο

410 725 478 764 ac
498 708 826 763 silvestrem
850 705 1043 758 locum
1066 718 1422 758 cavernosus
1447 701 1804 771 etabruptus
1830 697 2068 769 excipit,

411 804 469 852 et
490 799 647 851 hunc
670 810 874 848 rursus
900 792 1166 864 paluster
1195 808 1262 847 ac
1295 790 1599 846 madidus:
1631 805 1858 860 aquosa
1887 787 2065 858 plane

408 886 590 957 regio.
625 881 990 938 memoribus
1022 881 1228 947 densa,
1263 880 1566 936 montibus
1591 879 1767 934 inviis
1799 876 2066 946 undique

411 973 726 1040 clauditur,
756 972 830 1028 ad
868 973 1101 1026 Emum
1125 977 1302 1042 atque
1331 971 1652 1041 Rhodopen
1713 967 1844 1033 sita,
1874 965 2072 1021 amni-

412 1065 641 1134 busque
702 1062 976 1117 maximis
1035 1059 1442 1132 circumflua):
1504 1059 1659 1114 hanc
1707 1056 2069 1127 Nicephorus

415 1154 738 1224 imperator
767 1151 993 1217 videns,
1028 1148 1672 1205 committendum'non
1729 1145 1972 1218 putavit,
2005 1148 2072 1199 ut

416 1243 616 1314 copias
649 1243 749 1297 68
783 1243 1079 1296 Romanas
1111 1239 1505 1310 incomposito
1540 1237 1748 1292 ordine
1778 1252 1884 1308 per
1939 1234 2070 1289 loca

413 1348 626 1404 parum
656 1335 784 1386 tuta
814 1329 1022 1384 ductas
1052 1328 1211 1383 velut
1241 1343 1456 1399 pecora
1507 1326 1699 1380 Mwsis
1747 1323 2068 1380 conciden-

413 1422 518 1478 das
550 1419 860 1492 praeberet.
893 1418 1076 1472 Aiunt
1103 1417 1261 1472 enim
1292 1415 1455 1471 haud
1515 1414 1701 1470 semel
1746 1412 2068 1469 offendisse

410 1517 712 1567 Romanos
743 1508 804 1562 in
835 1507 1124 1580 angustiis
1154 1506 1389 1574 Moesias,
1425 1521 1676 1576 esseque
1707 1503 1779 1560 ad
1803 1503 2065 1558 interne-

409 1601 644 1656 cionem
679 1597 1018 1653 trucidatos.

2185 719 2366 771 μενος,
2396 701 2486 756 καὶ
2516 702 2718 774 ταύτης
2749 704 2810 758 τὸ
2842 704 3156 784 ἀμφιλαφές
3184 709 3273 763 καὶ
3327 711 3628 785 κρημνῶδες
3669 714 3775 772 ἰδὼν

2181 790 2508 860 (ποιητικῶς
2533 792 2632 868 γὰρ
2666 792 2861 862 εἰπεῖν,
2893 798 2962 869 τῇ
2993 800 3100 850 τῶν
3132 799 3334 854 Μυσῶν
3366 801 3516 878 χώρᾳ
3566 809 3713 877 πάντη
3739 808 3778 843 ³⁸

2178 879 2343 934 γακὸν
2397 885 2550 954 κακῷ
2604 881 2940 957 ἐστήρικται,
3013 885 3102 940 καὶ
3184 889 3285 956 τήν
3361 890 3634 969 ἀμφιλαφῆ
3705 915 3780 950 και

2182 965 2457 1055 λοχμώδη
2494 971 2680 1046 χώραν
2713 971 3078 1050 σηραγγώδης
3104 977 3148 1012 ⁴⁰
3178 979 3291 1050 (46)
3344 978 3432 1032 καί
3455 965 3460 966 ⁷
3486 965 3778 1055 κρημνώδης

2180 1053 2458 1132 ἐκδέχεται
2518 1062 2616 1116 εἴτ’
2667 1063 2816 1126 αὖθις
2899 1064 3106 1135 ἐκείνην
3187 1065 3543 1140 τελματώδης
3594 1053 3662 1126 ⁷τε
3706 1053 3780 1128 καὶ

2180 1145 2504 1224 σομφώδηςο
2539 1147 2755 1226 ὑδρηλῆ
2789 1152 2887 1228 γάρ
2940 1153 3183 1218 ἐκτόπως
3235 1159 3270 1226 ἡ
3327 1158 3504 1232 χώρα,
3551 1160 3632 1215 καὶ
3679 1160 3780 1217 λίαν

2178 1233 2460 1308 ἀλσώδης,
2493 1240 2582 1294 καὶ
2614 1236 2760 1314 ὄρεσι
2823 1237 3108 1306 δυσϐάτοις
3159 1245 3462 1322 ἑκασταχοῦ
3516 1249 3783 1324 περικλείε-

2177 1345 2287 1398 ται,
2319 1327 2464 1403 παρά
2511 1330 2602 1384 τὸν
2663 1332 2844 1404 Αἷμον
2898 1333 3009 1405 (47)
3065 1333 3156 1388 καὶ
3210 1334 3309 1404 τὴν
3368 1334 3624 1409 Ῥοδόπην
3678 1359 3786 1394 κατ-

2227 1434 2238 1446 ,
2372 1415 2382 1436 ι
2560 1419 2574 1437 ς
2803 1424 2826 1436 ν
2965 1427 2988 1438 υ

2179 1434 2456 1503 ῳοιισμενη
2489 1437 2575 1473 και
2607 1439 2870 1494 ποταμων
2899 1443 3016 1484 τοις
3065 1423 3338 1500 μεγίστοις
3385 1426 3788 1503 περιρῥεομὲνη).

2175 1502 2376 1575 ταύτην
2436 1509 2749 1586 Νικηφόρος
2780 1511 2808 1566 ὁ
2841 1510 3095 1586 βασιλεὺς
3148 1502 3520 1588 θεασάμενος,
3546 1502 3637 1571 οὐκ
3677 1517 3790 1588 ᾤετο

2179 1589 2287 1649 δεῖν
2319 1591 2542 1668 δύναμιν
2571 1599 2672 1669 τήν
2703 1599 3019 1672 Ῥωμαϊκὴν
3051 1600 3373 1659 ἀσύντακτον
3408 1602 3477 1659 δι’
3505 1603 3788 1679 ἐπισφαλῶν

408 1686 630 1763 χωρίων
663 1684 937 1762 ἐξάγοντα,
970 1683 1162 1739 ὡσανεὶ
1219 1684 1542 1759 βοσκήματα
1590 1676 1998 1758 παρασκευάσαι
2049 1681 2420 1753 κατακοπῆναι
2473 1686 2610 1762 πρὸς
2665 1688 2772 1742 τῶν
2825 1691 3044 1748 Μυσῶν.
3098 1691 3325 1769 Λέγεται
3374 1695 3501 1769 γὰρ,
3547 1676 3792 1758 πολλάκις

408 1781 624 1848 ηταῖσαι
655 1774 962 1847 Ῥωμαίους
988 1779 1106 1835 ταῖς
1137 1771 1472 1848 δυσχωρίαις
1505 1773 1736 1842 Μυσίας,
1769 1768 2103 1844 πανολεορίᾳ
2133 1780 2466 1847 περιπεσεῖν.

480 1871 532 1922 6.
565 1866 881 1922 Constituit
909 1865 1107 1936 igitur,
1141 1881 1246 1936 per
1275 1879 1486 1936 aspera
1542 1869 1718 1934 atque
1769 1861 2054 1933 ancipitia
2083 1867 2127 1929 Β

409 1955 542 2012 loca
570 1955 816 2010 minime
849 1954 1048 2009 subire
1081 1953 1431 2026 periculum.
1486 1952 1738 2008 Proinde
1792 1957 2062 2009 revocato

412 2045 674 2101 exercitu
705 2043 1280 2115 Constantinopolim
1313 2043 1574 2109 revertit,
1605 2047 1663 2098 et
1700 2041 2063 2114 Calocyrem,

412 2134 662 2206 patricia
690 2132 975 2206 dignitate
1033 2138 1294 2201 auctum,
1354 2132 1733 2187 temerarium
1779 2135 2068 2203 prasterea

411 2224 779 2295 calentisque
823 2223 1045 2295 ingenii
1100 2222 1432 2290 hominem,
1485 2221 1557 2277 ad
1610 2220 2062 2292 Tauroscythas,

415 2330 563 2385 quos
593 2313 847 2384 vulgaris
880 2312 1082 2382 lingua
1111 2313 1331 2367 Russos
1382 2311 1694 2366 nominare
1741 2308 2062 2376 consuevit,

408 2405 592 2472 misit,
624 2409 690 2460 ut
719 2405 813 2458 his
845 2420 1056 2459 aurum
1090 2402 1475 2458 distribueret
1505 2419 1539 2458 a
1559 2418 1620 2457 se
1641 2401 1726 2456 illi
1757 2400 2061 2466 traditum,

407 2495 480 2550 ad
511 2493 853 2549 centenaria
889 2492 1230 2564 quindecim
1265 2491 1488 2563 pondo,
1523 2507 1742 2562 eosque
1765 2490 1827 2545 in
1855 2491 2062 2545 Masso-

405 2603 539 2641 rum
563 2586 712 2640 fines
737 2583 1109 2656 perduceret,
1137 2599 1287 2652 quos
1310 2586 1688 2654 occuparent.
1713 2582 1800 2635 Ita
1822 2579 2062 2650 Calocy-

406 2694 501 2732 res
525 2675 768 2748 quidem
795 2674 870 2730 ad
887 2673 1317 2743 Tauroscythas
1351 2672 1651 2744 profectus
1681 2676 1806 2726 est:
1840 2671 1966 2742 ipse
2000 2670 2061 2724 in

407 2767 631 2822 circum
664 2764 997 2820 oscendens
1031 2768 1336 2835 equestres
1369 2763 1541 2818 ludos
1574 2762 1842 2818 editurus
1864 2779 2064 2818 conse-

408 2859 512 2914 dit.
537 2859 698 2912 Inter
725 2872 856 2927 qua:
879 2853 1188 2926 imperavit
1216 2853 1454 2916 scholis,
1477 2858 1545 2908 ut
1565 2852 1624 2908 in
1657 2868 1898 2908 arenam
1926 2851 2062 2907 des-

407 2950 730 3005 cendentes
748 2947 928 3018 inque
951 2944 1110 3001 acies
1132 2944 1432 3016 oppositas
1460 2941 2059 3015 separatae,districtis

405 3039 617 3112 gladiis
648 3036 970 3110 perludum
991 3036 1146 3090 inter
1163 3050 1224 3090 se
1247 3038 1694 3100 concurrerent,
1715 3031 1788 3088 ad
1810 3031 2060 3086 bellum-

409 3146 522 3200 que
551 3130 632 3183 ita
650 3130 1090 3183 exercerentur.
1119 3123 1766 3196 Constantinopolitani
1791 3139 1949 3186 vero,
1972 3120 2058 3177 rei

2237 1863 2300 1931 ζ’.
2336 1869 2522 1939 ’Έγνω
2554 1863 2668 1934 οὖν,
2705 1867 2783 1940 μή
2818 1864 2907 1923 διὰ
2940 1865 3296 1944 δυσεμϐόλων
3326 1873 3418 1927 καὶ
3477 1869 3796 1949 περισφαλῶν

2178 1951 2404 2028 χωρίων
2452 1952 2896 2016 διακινδυνεύειν.
2957 1960 3115 2016 Ὅθεν
3165 1956 3454 2016 ἀναλαϐὼν
3507 1962 3602 2029 τήν
3659 1979 3800 2032 στρα-

2174 2043 2294 2096 τιάν
2353 2045 2490 2120 πρὸς
2538 2045 2599 2100 τὸ
2654 2048 2946 2116 Βυζάντιον
3005 2047 3231 2120 ἤλαυνε,
3318 2051 3411 2106 καὶ
3497 2048 3802 2124 Καλοκύρην

2176 2129 2378 2187 ἐκεῖνον
2409 2138 2488 2206 τῷ
2515 2139 2623 2189 τῶν
2665 2137 2963 2212 πατρικίων
3019 2140 3256 2210 τιμήσας
3311 2141 3600 2212 ἀξιώματι,
3657 2134 3803 2211 ἄνδρα

2177 2221 2447 2297 ὁρμητίαν
2469 2224 2763 2297 τηνάλλως
2822 2227 2911 2282 καὶ
2971 2230 3334 2305 θερμουργὸν,
3399 2229 3454 2293 ἐς
3510 2229 3636 2292 τοὺς
3685 2233 3806 2282 Ταυο

2175 2310 2441 2384 ροσκύοας
2497 2313 2810 2390 ἐξέπεμψεν,
2871 2315 2964 2379 οὕς
3018 2319 3053 2387 ἡ
3110 2319 3267 2388 κοινῆ
3331 2315 3618 2382 διάλεκτος
3685 2318 3806 2380 Ῥῶς

2176 2398 2360 2456 εἷ’ωθεν
2391 2400 2701 2477 ὀνομάζειν,
2755 2403 2841 2483 ἐφ’
2868 2405 2912 2478 ᾧ
2946 2403 3296 2481 διανείμαντα
3343 2408 3566 2470 τούτοις
3616 2409 3697 2480 ὶΡ.
3725 2391 3809 2464 39)

2175 2493 2402 2566 χρυσὸν,
2433 2493 2490 2548 ὃν
2550 2495 2699 2566 αὐτῷ
2754 2493 3097 2571 ἐνεχείρισεν,
3152 2497 3226 2559 εἷς
3273 2499 3602 2572 κεντηνάρια
3646 2515 3808 2550 πεντε·

2169 2578 2394 2636 καίδεκα
2424 2586 2538 2652 (48)
2586 2585 3178 2663 συγκεφαλαιούμενον,
3213 2587 3265 2649 ἐς
3296 2589 3402 2657 τήν
3458 2587 3642 2662 χώραν
3687 2605 3806 2640 κατ-

2171 2676 2385 2747 αγαγεῖν
2442 2677 2550 2726 τῶν
2605 2679 2826 2744 Μυσῶν,
2885 2675 3078 2746 ἐαύτην
3167 2676 3521 2752 αἱρήσοντας.
3582 2672 3733 2732 Ἀλλ’
3784 2673 3808 2726 ὁ

2175 2760 2270 2832 μὲν
2327 2757 2657 2836 Καλοκύρης
2740 2761 2794 2826 ἐς
2875 2763 3003 2827 τοὺς
3089 2766 3474 2841 Ταυροσκύοας
3555 2764 3811 2838 ἠπείγετοο

2172 2847 2331 2911 αὐτὸς
2364 2847 2420 2904 δὲ
2476 2851 2624 2921 παρά
2679 2853 2742 2908 τὸ
2799 2851 3020 2930 Θὲατρον
3077 2851 3298 2924 ἀναϐάς,
3363 2856 3593 2910 ἱππικὸν
3652 2855 3818 2925 ἀγῶνα

2167 2939 2406 3008 καθῆστο
2436 2939 2633 2997 τελῶν.
2669 2941 2771 2996 Καὶ
2804 2939 2941 3011 δῆτα
2994 2948 3114 3006 τοῖς
3167 2943 3290 3018 περὶ
3346 2944 3513 2999 αὐτὸν
3574 2940 3821 3016 στρατιώ-

2166 3049 2286 3091 ταις
2341 3028 2577 3100 ἑκελευε,
2662 3026 2996 3096 καταϐάντας
3049 3031 3139 3088 ἐπὶ
3193 3034 3256 3088 τὸ
3319 3032 3550 3090 στάδιον
3611 3032 3698 3088 καὶ
3755 3029 3823 3092 είς

2167 3117 2499 3184 ἀντιπάλους
2547 3122 2937 3196 ἀποκριθέντας
2988 3122 3272 3201 φάλαγγας
3325 3125 3718 3198 σπασαμένους
3763 3120 3823 3175 τὶ

405 3217 684 3274 militaris
714 3217 924 3289 ignari,
967 3215 1300 3289 gladiorum
1358 3213 1585 3287 fulgore
1639 3211 2054 3284 pertimefacti,

2177 3207 2321 3286 Ξίφη,
2355 3209 2492 3264 κατὰ
2521 3207 2742 3265 παιδιὰν
2789 3209 3137 3284 ἐπαλλήλοις
3173 3216 3214 3249 “
3245 3220 3491 3290 χωρεῖν,
3539 3213 3629 3269 καὶ
3675 3210 3829 3283 ταύτῃ

403 3309 702 3380 simulque
736 3307 994 3362 militum
1029 3321 1386 3362 concursum
1410 3303 1842 3376 strepitumque
1864 3301 2055 3371 veriti,

402 3407 578 3473 atque
600 3400 672 3455 ob
701 3397 1021 3471 spectaculi
1048 3397 1373 3452 novitatem
1396 3394 1714 3451 formidine
1747 3393 1965 3463 affecti,
1997 3394 2058 3448 in

398 3492 597 3562 fugam
631 3506 692 3545 se
725 3488 1130 3560 conjecerunt,
1164 3485 1238 3541 ad
1291 3501 1548 3556 suosque
1601 3485 1854 3556 quisque
1903 3483 2060 3539 lares

345 3613 349 3618 τ
405 3580 628 3635 cursim
651 3575 1020 3649 perrexit.lbi
1046 3574 1306 3646 impulsu
1332 3579 1553 3628 temere
1573 3573 1875 3628 ruentium
1902 3571 2059 3628 haud

409 3670 619 3736 exigua
651 3673 874 3737 strages
913 3665 1070 3719 facta
1099 3669 1206 3732 est,
1241 3662 1606 3717 conculcatis
1638 3663 2060 3733 suﬂ'ocatisque

408 3759 622 3812 misere
657 3754 949 3826 plurimis.
987 3754 1120 3806 Haec
1169 3751 1478 3806 calamitas
1533 3749 1654 3804 odii
1697 3750 1946 3805 civitatis
1995 3751 2057 3806 in

408 3846 509 3900 64
540 3844 959 3914 imperatorem
981 3841 1144 3911 origo
1168 3839 1411 3895 exstitit.
1430 3839 1694 3894 Accessit
1713 3839 1912 3894 fratris
1931 3839 2059 3910 ejus

409 3933 620 3989 Leonis
647 3930 1012 4002 Curopalatzn
1040 3928 1326 3998 iniquitas
1355 3929 1489 3999 :qui
1513 3928 1667 3982 virili
1692 3928 2059 3999 militarique

407 4025 539 4078 vitae
571 4036 782 4094 genere
815 4019 1020 4074 relicto
1053 4019 1126 4073 ad
1149 4017 1550 4074 sedentarium
1575 4023 1634 4074 et
1653 4023 2058 4089 qumstuosum

411 4130 472 4168 se
501 4109 909 4176 transtulerat,
941 4108 1234 4179 hiansque
1265 4107 1509 4163 avaritia
1535 4113 1710 4178 atque
1735 4107 2058 4180 cupiditate

408 4219 544 4258 cum
567 4216 820 4257 annona:
839 4198 1140 4270 angustias
1165 4196 1478 4265 inferebat,
1497 4202 1617 4252 tum
1634 4213 1832 4252 rerum
1852 4215 2055 4254 neces-

407 4291 697 4348 sariarum
731 4291 1052 4344 immanem
1075 4287 1597 4359 penuriam.Parvo
1613 4287 1772 4342 enim
1791 4294 2056 4360 emptum

399 4383 766 4436 frumentum
800 4378 1096 4434 vendebat
1117 4393 1350 4450 magno.
1380 4375 1768 4448 Manabatque
1793 4394 2060 4432 susurra-

402 4473 482 4526 tio
515 4488 620 4542 per
649 4469 968 4534 civitatem,
1003 4466 1280 4538 querelas
1313 4471 1624 4538 spargente
1655 4466 1848 4538 plebe,
1886 4466 2054 4537 quasi

399 4561 704 4633 geminum
722 4575 829 4630 par
844 4559 1115 4622 fratrum,
1135 4555 1402 4627 publicas
1417 4555 1784 4612 calamitates
1797 4556 2047 4626 quaestui

400 4649 652 4720 habens,
685 4650 745 4704 in
774 4647 1046 4704 eamdem
1097 4650 1428 4718 turgentem
1477 4661 1681 4717 peram
1729 4645 2051 4701 corrivaret

2169 3297 2540 3374 γυμνάσασοαι
2570 3300 2708 3373 πρὸς
2738 3301 2830 3356 τὸν
2863 3300 3132 3376 πόλεμον.
3167 3302 3468 3372 Βυζάντιοι
3531 3301 3610 3367 δὲ,
3663 3297 3826 3356 πολε-

2173 3392 2348 3460 μικῶν
2409 3385 2583 3464 ἔργων
2639 3391 2879 3465 ἀγνῶτες
2951 3392 3320 3467 τυγχάνοντες
3376 3397 3523 3467 (49),
3574 3394 3673 3462 τήν
3730 3392 3827 3445 τῶν

2169 3475 2332 3552 ξιφῶν
2421 3475 2849 3552 καταπλαγέντες
2932 3477 3128 3552 αὐγὴν,
3187 3479 3277 3533 καὶ
3335 3481 3444 3549 τήν
3519 3479 3688 3552 ὁμόσε
3733 3478 3829 3530 τῶν

2169 3569 2511 3636 στρατιωτῶν
2573 3567 2751 3641 ὁρμήν
2812 3566 2900 3622 καὶ
2953 3567 3046 3622 τὸν
3103 3568 3347 3644 πάταγον
3436 3565 3832 3633 ὑποδείσαντες,

2168 3651 2655 3727 ἐκδειματωθέντες
2714 3653 2770 3710 δὲ
2825 3659 2904 3728 τῷ
2958 3661 3130 3728 καινῷ
3216 3662 3317 3712 τοῦ
3415 3660 3716 3732 θεάματος,
3769 3653 3833 3713 είς

2169 3747 2342 3822 φυγήν
2402 3746 2702 3820 ἐτράποντο
2762 3748 2853 3804 καὶ
2910 3750 3046 3823 πρὸς
3103 3749 3200 3812 τὰς
3271 3755 3431 3829 σιρῶν
3499 3751 3681 3813 οἰκίας
3738 3747 3830 3802 ἁπ-

2166 3836 2412 3912 ἐτρεχον.
2443 3839 2543 3893 Ἐκ
2575 3834 2628 3892 δὲ
2661 3841 2757 3892 τοῦ
2782 3837 3030 3909 ὠθισμοῦ
3056 3838 3146 3892 καὶ
3175 3845 3278 3908 τῆς
3309 3842 3561 3896 ἀτάκτου
3598 3842 3762 3914 φορᾶς
3790 3835 3832 3870 ⁸²

2166 3924 2266 3980 οὐκ
2322 3923 2506 4002 ὀλίγος
2561 3927 2725 4001 φόνος
2781 3921 3113 3999 συμϐέϐηκε,
3176 3927 3466 3985 πλείστων
3561 3947 3833 4002 συμπατη.

2167 4016 2363 4080 οὲντων
2391 4017 2482 4070 καὶ
2522 4016 2928 4091 ἀποπνιγέντων
2988 4019 3243 4092 οἷκτρῶς.
3297 4021 3494 4076 Τοῦτο
3547 4021 3611 4074 τὸ
3667 4015 3832 4091 δρᾶμα

2169 4109 2361 4178 μίσους
2405 4107 2450 4141 ⁴³
2506 4105 2729 4184 ἀφορμή
2791 4126 2874 4168 τις
2930 4106 3119 4180 γέγονε
3177 4109 3502 4176 Βυζαντίου
3566 4108 3706 4185 πρὸς
3750 4103 3833 4159 τὸν

2164 4196 2556 4270 αὐτοκράτορα,
2619 4197 2798 4271 Ταύτῃ
2857 4196 3150 4270 παρείπετο
3207 4198 3302 4252 καῖ
3377 4199 3448 4256 τὸ
3511 4203 3615 4254 τοῦ
3673 4194 3839 4251 συναίο

2168 4305 2272 4358 μου
2315 4283 2478 4340 αὐτοῦ
2537 4283 2765 4348 Λέοντος
2830 4284 2920 4339 καὶ
2980 4283 3417 4360 κουροπαλάτου
3481 4283 3834 4361 πλημμελὲς·

2163 4373 2309 4436 ὅστις
2338 4374 2430 4429 τὸν
2463 4370 2713 4449 ἀνδρώδη
2747 4375 2833 4429 καὶ
2868 4374 3259 4449 στρατιωτικὸν
3291 4375 3481 4433 αὐτοῦ
3540 4379 3660 4453 βίον
3711 4393 3843 4446 παρ-

2163 4464 2443 4538 ωσάμενος
2474 4463 2610 4539 πρὸς
2647 4465 2741 4519 τὸν
2797 4463 3016 4519 ἀστικὸν
3072 4463 3160 4518 καὶ
3220 4463 3557 4542 φιλοκερδῆ
3627 4463 3838 4540 μετετά-

2161 4556 2311 4628 ξατο,
2359 4552 2540 4625 ἤττων
2593 4576 2654 4611 τε
2709 4554 3012 4631 χρημάτων
3066 4555 3156 4610 καὶ
3215 4554 3564 4632 λημμάτων
3625 4557 3844 4634 γενόμε·

2158 4665 2272 4718 νος,
2305 4641 2571 4700 σιτοδείαν
2597 4643 2883 4722 εἴργάσατο
2940 4645 3028 4700 καὶ
3089 4643 3280 4700 σπάνιν
3347 4652 3471 4703 τῶν
3543 4645 3839 4724 ἀναγκαίων

1597 4819 1658 4874 C.
1701 4819 1763 4874 Β.
1806 4819 1996 4878 HASII
2035 4820 2593 4880 ANNOTATIONES.

466 5003 713 5083 3°_1ta'mn
745 5039 814 5083 τ-
843 5006 1175 5083 ὲστήρικται.
1217 5005 1388 5062 Iliad.
1416 5005 1486 5062 ΙΙ.
1539 5009 1660 5063 ill.

395 5079 443 5116 ⁴³
476 5078 633 5153 μίσος
661 5080 792 5136 cod.

392 5258 560 5328 gusto
591 5269 686 5310 an.
721 5255 843 5308 968.
879 5249 1411 5328 in‘eirpeditionem
1442 5249 1740 5321 Syriacam
1784 5253 2035 5328 prolici-

389 5322 657 5382 scentem
677 5323 1299 5396 conspexit.Ca}terum
1314 5322 1438 5377 haec
1454 5322 2036 5396 etsequentiausque

391 5399 462 5454 ad
497 5399 677 5454 ﬁnem
708 5393 916 5468 capitis
947 5395 1298 5468 plerumque
1331 5410 1401 5448 ex
1444 5393 1876 5450 (Iombeﬁsiana
1905 5393 2034 5452 ver-

389 5472 556 5526 sione
583 5475 740 5536 sunt,
784 5466 921 5536 Pagi
953 5469 1044 5520 ιν.
1079 5466 1162 5522 13.

461 5544 568 5610 (46)
603 5532 810 5595 νοτοι
843 5532 1021 5594 Leoni
1051 5537 1325 5594 adamata
1358 5539 1417 5589 et
1441 5532 1700 5606 Agathiaa
1733 5537 1820 5592 37.
1852 5539 1911 5592 C.
1941 5541 2030 5595 52.

457 5685 569 5752 (47)
627 5684 706 5737 De
763 5681 912 5752 .IEmi
969 5677 1336 5736 convallibus
1393 5677 1692 5752 umbrosis
1775 5682 2030 5737 oratorie

385 5749 575 5834 multa
605 5751 1469 5834 Theppliylac.tus_§imocatta“
1493 5749 1710 5834 Hister.
1878 5759 2035 5834 περι

385 5829 522 5879 ante
555 5839 687 5880 eum
723 5821 919 5880 Livius
950 5823 1053 5880 lib.
1086 5823 1207 5880 XL.
1239 5836 1369 5892 cap.
1402 5824 1492 5880 22.
1552 5821 1875 5896 Splendida
1905 5826 2032 5882 Vir-

1765 5008 1812 5044 ‘°
1857 5003 2210 5085 συραγγώδης
2251 5009 2380 5066 cod.

2484 5011 2528 5049 ⁴¹
2580 5011 2736 5066 Fort.
2783 5007 2864 5064 ἐπ’
2912 5005 3210 5082 ἀλλήλοις.
3329 5012 3386 5051 ⁴²
3443 5017 3668 5093 φθορᾶς
3720 5007 3842 5071 cod.

2147 5254 2326 5327 gilius
2361 5255 2566 5328 Georg.
2594 5255 2664 5328 Il.
2698 5256 2841 5311 488:

2220 5365 2233 5379 .
2279 5368 2292 5381 .
2339 5371 2354 5387 .
2400 5369 2410 5382 .
2457 5369 2471 5383 .
2516 5326 2537 5382 ζ
2571 5327 2614 5383 0
2643 5330 2742 5396 qui
2769 5344 2852 5383 me
2879 5326 3080 5397 gelidis
3110 5328 3168 5382 in
3199 5329 3472 5389 vallibus
3506 5337 3665 5390 .Emi

2217 5401 2388 5458 Sistat
2421 5405 2470 5453 et
2499 5400 2712 5468 ingenti
2736 5415 3015 5454 ramorum
3039 5407 3312 5469 protegat
3350 5406 3624 5460 umbra!

2216 5473 2330 5544 (48)
2364 5476 2444 5528 De
2464 5470 2651 5544 hujus
2681 5471 2950 5544 pecunias
2980 5487 3215 5527 summa
3266 5474 3700 5534 Schloezerus
3731 5477 3856 5533 Nes-

2147 5549 2257 5598 tors
2286 5541 2634 5620 Annalgnv.
2669 5541 2770 5620 {3Q
2800 5541 3400 5620 5._de‘§er_1tenari_is
3459 5556 3699 5620 prmter
3744 5549 3855 5602 Du-

2219 5617 2422 5677 ngium
2456 5613 2710 5670 Glossar.
2733 5616 2827 5670 Gr.
2861 5614 2905 5668 Ι.
2933 5615 3058 5670 633.
3081 5615 3143 5672 C.
3167 5613 3483 5676 Reiskius
3507 5621 3850 5677 Comment.

2146 5631 2422 5742 cgnénum
2456 5631 2710 5670 blOSSEH‘.
2733 5631 2827 5670 bl‘.
2861 5631 2905 5668 ι.
2933 5631 3058 5670 οόό.
3081 5631 3143 5672 U.
3168 5631 3368 5672 HBISK

2145 5703 2179 5741 ⁸
2217 5686 2754 5828 (ιρῗῖτὲδῗὲἰαέ“ίέ⁰.
2779 5687 2857 5814 ίὲἔ
2861 5685 3117 5828 ﬂia-3.1.1;
3149 5687 3246 5812 4452i
3287 5691 3377 5816 ἒ.

2239 5762 2328 5830 49)
2360 5757 2639 5838 Agathias
2878 5755 3112 5838 ἀγνῶτες
3171 5755 3238 5812 τὰ
3287 5759 3598 5838 πολέμιαο
3652 5761 3853 5822 confer

2144 5829 2380 5902 quoque
2412 5829 2498 5887 76.
2533 5831 2599 5886 Ι).
2637 5834 2696 5886 et
2725 5831 2847 5888 105,
2878 5829 2940 5884 Β.
