4108 6198
359 340 476 399 ’153

1666 338 2066 403 HISTORIA!
2109 337 2258 398 LIB.
2305 334 2408 397 IV.

3655 340 3776 401 754

358 468 806 546 ἀφιλάνθρωπον.
867 471 1092 548 Ὀλίγου
1164 472 1266 549 γὰρ
1350 473 1441 529 τὸν
1498 478 1644 530 σῖτον
1705 473 1990 547 ὠνούμενοη

2129 471 2283 526 bona
2312 469 2732 526 multitudinis.
2785 469 2938 536 Quin
2994 469 3171 526 etiam
3203 470 3527 544 imperator
3557 473 3778 529 tributa

355 559 612 616 ἀπεδίδου
680 560 918 619 πολλοῦ.

353 831 388 898 ἡ
451 829 699 904 ξυνωρὶς,
759 829 812 891 ἐς
868 830 968 897 τήν
1027 828 1408 906 κερδαίνουσαν
1469 835 1780 896 συνωοοῦσα
1828 833 2006 903 πήραν

352 918 420 972 τὰ
448 923 554 973 τῶν
589 917 840 975 πολλῶν.
899 919 1002 976 Καὶ
1055 922 1157 996 γὰρ
1214 918 1280 991 δὴ
1339 920 1428 976 καὶ
1461 923 1488 976 6
1525 919 1776 995 βασιλεὺς
1807 922 2006 997 φόρους

348 1007 477 1070 τοὺς
530 1011 700 1083 μήπω
748 1009 1129 1080 ἐπινοηθέντας
1187 1015 1301 1085 (50)
1359 1012 1741 1082 ἀπαραιτήτως
1801 1008 2008 1064 ἐκαινο-

347 1099 533 1171 τόμει,
601 1097 653 1160 ἐς
717 1099 780 1153 τὸ
848 1099 1236 1173 στρατιωτικὸν
1309 1099 1481 1174 λέγων
1549 1098 1854 1176 χρημάτων
1922 1097 2004 1153 δτι

348 1187 554 1244 δεῖσθαι
588 1194 828 1264 συχνῶν,
884 1190 974 1245 καὶ
1031 1191 1245 1253 τούτοις
1300 1191 1598 1266 κατέτρυχε
1643 1190 1706 1246 τὸ
1738 1190 2003 1260 ὑπήκοον.

348 1285 578 1354 Λέγεται
638 1278 714 1349 δέ,
777 1279 882 1337 εἶ’τε
938 1282 1074 1357 πρὸς
1127 1286 1234 1337 τῶν
1300 1282 1367 1338 τὰ
1435 1283 1682 1357 μετέωρα
1749 1300 2005 1355 περισκο-

349 1369 598 1424 ποῦντων
634 1370 803 1434 τινὸς,
863 1369 971 1426 εἴτε
1024 1371 1113 1425 καὶ
1162 1375 1270 1426 τῶν
1334 1367 1539 1445 μονάδα
1575 1370 1690 1446 βίον
1724 1369 2002 1444 ἐπανῃρηο

352 1461 530 1532 μένων
590 1460 679 1515 καὶ
737 1459 926 1534 ἄζυγα,
984 1457 1395 1530 διενωτισθῆναι
1452 1461 1543 1515 τὸν
1604 1459 1999 1534 αὐτοκράτορα,

273 1583 276 1586 ~
344 1548 423 1612 ὡς
481 1551 628 1624 ποιρά
683 1551 782 1620 τὴν
840 1550 1115 1626 βασίλειον
1176 1550 1350 1606 ἑστίαν
1408 1549 1668 1620 ἐκπλήσει
1727 1549 1816 1604 τὸν
1855 1549 1992 1624 βίον,

335 1640 639 1716 ἀναιρεθεὶς
698 1641 844 1714 παρά
899 1645 1004 1695 τῶν
1073 1641 1366 1714 ὁμοεθνῶν.
1443 1636 1705 1716 Περιδεὴς
1765 1639 1856 1694 οὗν
1915 1641 1993 1710 τῷ

1007 564 1108 620 Καὶ
1180 564 1509 640 ψιθυρισμὸς
1589 565 1687 619 ἀνά
1753 564 1814 620 τὸ
1883 561 2012 619 ἄστο

349 649 576 725 ἐχώρει,
634 646 1032 706 καταϐοώντων
1083 655 1189 707 τῶν
1241 652 1499 724 ἀστικῶν,
1554 652 1600 709 εὶ
1647 653 1740 715 τάς
1767 657 1864 708 τοῦ
1894 672 2012 707 κοι-

350 744 453 792 νοῦ
486 740 772 817 συμφορὰς
807 737 915 794 ἴδια
960 737 1126 815 κέρδη
1187 743 1466 812 ποιήσειεν
1517 746 1625 798 τῶν
1659 739 2012 815 αὐταδέλφων

2125 576 2432 632 nunquam
2464 559 2714 614 antehac
2747 561 3070 632 excogitata
3112 560 3462 615 inexorabili
3495 561 3773 618 aviditate

2121 648 2704 715 comminiscebatur,
2738 649 2814 704 ad
2856 648 3144 704 militares
3193 656 3462 721 sumptus
3493 649 3773 707 dictitans

2120 756 2268 810 opus
2282 738 2392 794 sibi
2410 755 2538 793 esse
2553 738 2863 809 pecuniam
2879 755 3261 811 permagnam
3283 739 3638 811 tributisque
3652 741 3772 795 illis

2119 832 2370 887 vexabat
2391 831 2680 886 subditos.
2713 833 2895 886 Aiunt
2925 839 3143 899 autem,
3179 832 3296 886 sive
3337 833 3770 905 astrologorum

2117 921 2317 992 aliquo
2351 922 2674 986 divinante,
2712 922 2830 976 sive
2863 921 3120 992 quodam
3153 923 3580 977 monachorum
3613 923 3770 977 caeli-

2120 1010 2372 1082 bemque
2405 1011 2580 1064 vitam
2616 1011 3046 1082 profitentium,
3072 1012 3132 1065 in
3161 1011 3534 1083 imperatoris
3565 1030 3770 1067 aurem

2114 1101 2368 1167 venisse,
2399 1101 2577 1155 vitam
2604 1100 2690 1154 illi
2723 1100 2784 1154 in
2808 1100 3026 1171 palatio
3061 1101 3434 1173 explendam,
3457 1119 3490 1157 a
3517 1103 3771 1157 civibus-

2115 1206 2229 1261 que
2263 1189 2386 1243 suis
2409 1205 2544 1243 eum
2571 1195 2847 1244 necatum
2873 1189 3095 1254 iri.Qua
3118 1189 3503 1260 prmdictione
3527 1191 3768 1246 timidus

2111 1279 2324 1346 factus,
2359 1278 2754 1332 munitionem
2781 1277 2852 1332 ab
2877 1277 3064 1332 altera
3095 1285 3260 1348 parte
3291 1279 3491 1350 palatii
3522 1281 3581 1334 in
3605 1297 3767 1336 mare

2111 1373 2384 1440 vergente
2417 1367 2490 1422 ad
2521 1367 2768 1422 alteram
2815 1368 2956 1422 item
2990 1385 3150 1422 mare
3211 1375 3576 1439 spectantem
3632 1387 3768 1441 per—

2109 1458 2298 1524 duxit,
2334 1473 2624 1528 muroque
2667 1457 2768 1528 qui
2817 1457 3009 1512 adhuc
3055 1457 3322 1511 cernitur
3351 1457 3590 1512 sublimi
3623 1476 3763 1514 sane

2107 1565 2173 1603 ac
2209 1549 2378 1603 ﬁrmo
2413 1551 2708 1602 exstructo
2740 1546 3190 1618 imperatorium
3237 1546 3420 1602 limen
3453 1553 3664 1615 tutum,
3700 1555 3765 1603 ut

2107 1636 2526 1704 arbitrabatur,
2553 1635 2829 1691 reddidit.

330 1734 574 1804 χρησμῷ
605 1731 867 1805 γεγονὼς,
900 1724 1198 1804 περίϐολον
1232 1729 1289 1784 ἐκ
1316 1733 1412 1785 τοῦ
1443 1730 1669 1804 θατέρου
1703 1724 1901 1803 μέρους
1956 1730 2052 1782 τοῦ
2097 1725 2233 1802 πρὸς
2295 1724 2561 1788 θάλατταν
2623 1722 2940 1786 ἐπικλινοῦς
2997 1727 3102 1778 τῶν
3149 1724 3461 1799 ἀνακτόρων
3493 1724 3757 1801 τειχίζειν

327 1817 649 1892 ἀρξάμενος,
681 1819 814 1873 κατά
837 1817 1059 1895 θάτερον
1091 1819 1226 1893 πρὸς
1256 1817 1520 1874 θάλατταν
1555 1819 1898 1892 συνεπέρανε,
1929 1816 2018 1872 καὶ
2048 1820 2238 1890 τεῖχος
2283 1813 2346 1868 τὸ
2394 1817 2484 1867 νῦν
2538 1813 2815 1887 ὁρώμενον
2851 1811 3062 1886 ὑψηλόν
3087 1833 3147 1868 τε
3175 1814 3262 1867 καὶ
3301 1812 3505 1888 ὀχυρὸν
3538 1811 3711 1887 ἐδομή
3734 1847 3757 1858 -

331 1927 484 1975 σατο,
519 1907 609 1960 καὶ
640 1907 739 1976 τήν
774 1906 1050 1983 βασίλειον
1079 1908 1278 1978 ἑστίαν,
1311 1909 1386 1972 ὡς
1417 1908 1769 1978 ὑπετόπαζεν,
1800 1903 2163 1984 ἠσφαλίσατο.

403 1999 490 2070 [Ρ.
523 1999 616 2070 4-0]
651 1998 709 2066 ζ’.
774 1996 1076 2071 Πρόκενσον
1130 1995 1186 2053 δὲ
1243 1998 1378 2053 κατά
1434 1998 1532 2066 τὴν
1586 2001 1684 2052 τοῦ
1727 2000 1988 2070 Σωτῇρος
2023 2000 2070 2065 Β

333 2083 610 2158 ἀνάληψιν
672 2088 809 2142 κατά
863 2087 925 2142 τὸ
983 2086 1286 2160 εἰθισμένον
1339 2083 1440 2161 ἔξω
1496 2092 1698 2162 τειχῶν
1762 2085 1849 2141 ἐπὶ
1889 2087 1988 2154 τήν

328 2175 679 2248 καλουμένην
743 2179 928 2249 Πηγήν
989 2179 1370 2250 ποιησαμένου
1398 2182 1495 2233 τοῦ
1529 2176 1801 2254 βασιλέως
1833 2177 1989 2250 (νεὼς

330 2265 390 2323 δὲ
439 2268 608 2343 ταύτῃ
661 2268 1001 2344 περικαλλὴς
1070 2273 1136 2343 τῇ
1187 2271 1436 2342 Θεοτὸκῳ
1491 2267 1836 2342 δεδόμηται),
1881 2265 1990 2322 δια-

327 2359 484 2433 μάχη
554 2379 635 2420 τις
709 2358 904 2430 μεταξῦ
975 2359 1282 2428 Βυζαντίων
1345 2359 1433 2413 καὶ
1502 2359 1806 2430 Ἀρμενίων
1874 2379 1992 2411 συνο

322 2433 553 2506 έϐαινεν,
589 2438 661 2500 ὠς
716 2437 966 2500 πολλοὺς
1025 2440 1164 2514 πρὸς
1219 2443 1328 2494 τῶν
1379 2438 1681 2512 Ἀρμενίων
1713 2445 1986 2513 τρωθῆναι

321 2531 431 2581 τῶν
487 2529 745 2584 ἀστικῶν.
805 2529 966 2600 Ἀρτι
1025 2525 1081 2583 δὲ
1136 2529 1275 2603 πρὸς
1333 2528 1557 2601 ἑσπέραν
1622 2525 1710 2582 ἐπὶ
1761 2528 1828 2581 τὰ
1868 2524 1988 2582 ἀνά-

324 2637 496 2690 κτορα
553 2616 650 2672 τοῦ
710 2615 981 2692 βασιλέως
1059 2617 1405 2687 ἐλαύνοντος,
1465 2612 1674 2692 ὕϐρεσι,
1732 2617 1837 2671 κάκ
1891 2620 1987 2670 τοῦ

327 2705 628 2780 ἀναφανδὸν
700 2707 947 2783 ἐχρῶντο
1009 2710 1315 2777 Βυζάντιον.
1377 2711 1476 2762 Καὶ
1531 2729 1583 2762 τι
1625 2706 1848 2783 γύναιον
1891 2705 1987 2760 σὺν

322 2802 404 2869 τῷ
433 2798 710 2873 θυγατρίῳ
770 2797 845 2858 εἷς
899 2796 1168 2866 τοσαύτην
1228 2797 1489 2852 ἀπόνοιαν
1522 2794 1752 2866 ἤλασεν,
1787 2795 1862 2858 ὠς
1889 2799 1988 2850 τοῦ

326 2885 548 2961 στέγους
622 2887 898 2959 προκύψαι
973 2887 1064 2941 καὶ
1133 2885 1322 2950 λίθους
1408 2884 1594 2960 βαλεῖν
1688 2887 1824 2940 κατά
1889 2888 1987 2939 τοῦ

326 2969 576 3035 ἄνακτος.
630 2975 695 3030 *Ο
745 2974 834 3028 καὶ
882 2978 952 3048 τῇ
1027 2975 1282 3050 ὑστεραίᾳ
1329 2975 1465 3049 πρὸς
1530 2977 1628 3028 τοῦ
1675 2975 1990 3049 πραίτωρος

330 3060 536 3140 ληφθέν
595 3060 748 3125 δίκας
793 3064 925 3136 μετά
981 3067 1078 3118 τοῦ
1119 3062 1410 3138 θυγατρίου
1471 3063 1741 3136 ἀπέτισεν,
1798 3062 1884 3118 ἐπὶ
1934 3085 1988 3118 τι

329 3155 650 3226 προάστειον
709 3152 882 3226 πυρὸς
939 3154 1159 3229 γεγονὸς
1235 3151 1522 3225 ἀνάλωμα,
1584 3151 1884 3228 ’Λναράτας
1943 3154 1989 3190 ⁸⁴

322 3240 692 3313 καλούμενον.
725 3241 856 3296 Τότε
901 3238 968 3308 δὴ
999 3243 1088 3296 καὶ
1143 3240 1301 3303 αὐτὸς
1350 3239 1722 3316 έπεχωριάζον
1761 3242 1788 3296 6
1819 3241 1990 3296 ταῦτα

324 3331 588 3406 γράνροντι
636 3332 682 3367 4⁵
730 3328 1043 3398 Βυζάντιος,
1095 3328 1181 3385 ἐπὶ
1234 3329 1412 3403 Λόγων
1467 3328 1746 3405 συλλογήν
1779 3351 1839 3385 τε
1893 3331 1982 3384 καὶ

325 3417 629 3488 παίδευσιν,
674 3423 954 3493 μειράκιον
1009 3417 1105 3479 ὢν.
1156 3420 1432 3493 Ἔφιππόν
1477 3441 1536 3475 τε
1582 3421 1675 3474 τὸν
1715 3420 1984 3496 αὐτοκρά-

323 3529 457 3585 τορα
499 3511 809 3587 Νικηφόρον
848 3507 1018 3584 βάδην
1071 3509 1221 3565 ἰόντα
1274 3507 1492 3585 βλέπων
1526 3506 1614 3564 ’διά
1641 3509 1736 3564 τοῦ
1769 3507 1978 3578 ἄστεος,

321 3599 412 3654 καὶ
489 3599 925 3672 ἀπερικτῦπητον
1003 3602 1115 3673 (Ἠ)
1188 3604 1306 3662 ταῖς
1406 3597 1690 3661 τοσαύταις
1793 3594 1977 3674 ὕϐρεσι

322 3687 582 3757 πέὶοντα,
625 3687 714 3744 καὶ
762 3689 824 3743 τὸ
878 3687 1133 3765 φρόνημα
1185 3688 1451 3760 σταθηρὸν
1502 3684 1858 3758 διασώζοντα,
1888 3689 1978 3742 καὶ

325 3779 404 3844 ὡς
456 3781 530 3854 μή
579 3800 728 3842 τινος
779 3776 1178 3854 έπισυμϐἀντος
1227 3781 1418 3834 καινοῦ
1464 3775 1822 3852 διακείμενον,
1867 3775 1978 3834 ἐτε-

2173 1997 2226 2048 7.
2260 1993 2622 2048 Ascensione
2656 1998 2856 2048 autem
2895 1993 3239 2060 Servatoris,
3273 2010 3408 2049 cum
3440 1993 3764 2064 imperator

2102 2099 2382 2155 pompam
2416 2099 2580 2138 more
2613 2081 2786 2137 solito
2821 2087 2984 2137 extra
3018 2099 3219 2137 muros
3245 2082 3318 2137 ad
3342 2084 3762 2154 Pegam,quam

2101 2177 2330 2236 vocant,
2361 2176 2563 2243 ageret
2611 2171 2925 2242 (templum
2959 2170 3038 2224 ibi
3086 2171 3250 2226 mirae
3296 2171 3761 2242 pulchritudinis

2100 2260 2366 2332 Deiparm
2399 2259 2756 2315 aediﬁcatum
2789 2260 3124 2332 cst),pugna
3155 2261 3759 2332 Constantinopolita-

2101 2367 2210 2404 nos
2240 2349 2399 2404 inter
2424 2354 2484 2404 et
2513 2349 2825 2404 Armenios
2849 2349 2943 2405 65
2972 2349 3126 2404 facta
3149 2354 3256 2413 est,
3281 2349 3425 2404 adeo
3451 2355 3517 2404 ut
3543 2349 3757 2405 urbani

2101 2439 2438 2510 complures
2489 2437 2558 2493 ab
2591 2438 2890 2493 Armeniis
2920 2439 3470 2494 consauciarentur.
3512 2441 3758 2510 Jamque

2101 2529 2209 2584 sub
2241 2545 2556 2600 vesperum
2585 2545 2720 2583 cum
2753 2527 2826 2583 ad
2850 2528 3135 2598 palatium
3161 2528 3482 2599 imperator
3513 2529 3755 2594 rediret,

2100 2618 2364 2674 convicia
2415 2617 2612 2689 palam
2667 2617 2730 2671 in
2789 2634 2925 2671 eum
2976 2617 3222 2688 jactavit
3277 2617 3508 2672 urbana
3565 2618 3754 2689 plebs.

2099 2718 2252 2782 Quin
2286 2718 2464 2771 etiam
2498 2715 2854 2770 muliercula
2887 2715 3062 2770 simul
3092 2732 3225 2770 cum
3250 2716 3434 2770 filiola
3465 2716 3652 2787 ipsius
3685 2733 3752 2771 eo

2101 2806 2376 2862 amentia:
2398 2806 2782 2877 processit,ut
2799 2821 2869 2860 ex
2891 2810 3044 2860 tecto
3067 2805 3439 2876 prospiciens
3462 2805 3759 2877 lapidibus

2101 2899 2409 2966 appeteret
2485 2894 2839 2966 principem.
2927 2895 3275 2965 Quanquam
3337 2894 3441 2949 illa
3492 2895 3755 2966 quidem,

2099 2984 2387 3057 postridie
2418 2983 2548 3054 ejus
2575 2983 2691 3038 diei
2723 3000 2758 3038 a
2786 2990 3037 3056 praetore
3068 2984 3521 3055 comprehensa,
3555 3001 3759 3058 pwnas

2099 3090 2220 3128 una
2243 3090 2376 3128 cum
2407 3072 2592 3128 filiola
2617 3073 2788 3128 luens
2813 3072 2873 3128 in
2899 3073 3471 3128 suburbio.Anarata
3492 3074 3756 3145 nomine,

2098 3163 2235 3235 igne
2259 3167 2520 3218 cremata
2543 3167 2650 3217 est.
2666 3163 2826 3216 Tunc
2848 3167 2906 3217 et
2926 3179 3031 3233 ego
3051 3162 3483 3226 commorabar.
3509 3165 3610 3233 qui
3632 3164 3758 3218 haec

2101 3251 2385 3318 scribo,in
2405 3250 2551 3306 urbe
2573 3251 3201 3322 Byzantis,litterarum
3222 3250 3752 3320 perdiscendarum

2099 3340 2573 3411 eruditionisque
2609 3340 2824 3406 studio,
2856 3339 3338 3394 adolescentulus
3369 3357 3504 3394 cum
3535 3356 3746 3396 essem.

2097 3433 2182 3485 Ita
2213 3431 2634 3502 imperatorem
2658 3429 3049 3500 Nicephorum
3077 3429 3135 3483 in
3158 3446 3310 3499 equo
3333 3429 3622 3500 gradatim
3648 3446 3753 3500 per

2091 3514 2297 3569 urbem
2329 3519 2567 3569 euntem
2600 3515 2998 3586 conspicatus,
3024 3513 3180 3585 quod
3205 3520 3262 3568 et
3284 3513 3748 3585 imperturbatus

2089 3603 2270 3658 tantis
2327 3602 2702 3658 contumeliis
2759 3608 2935 3671 esset,
2969 3609 3028 3658 et
3058 3608 3318 3658 mentem
3372 3609 3744 3658 constantem

2087 3692 2392 3761 retineret,
2426 3693 2672 3765 perinde
2730 3710 2798 3749 ac
2831 3693 2879 3747 si
2912 3693 3064 3748 nihil
3097 3693 3412 3748 accidisset
3441 3693 3575 3748 novi
3603 3694 3745 3748 atl‘e~

2091 3781 2587 3852 ctus,admirabar
2600 3783 3090 3854 tranquillitatem
3107 3783 3210 3838 viri
3222 3781 3745 3854 ,quemadmodum

1543 3932 1606 3987 C.
1649 3931 1712 3989 Β.
1755 3930 1943 3986 HASII
1982 3932 2540 3990 ANNOTATIONES.

391 4103 436 4180 ‘_‘
464 4103 602 4180 Leg.
635 4101 929 4180 Ovmp_1'1_a_;
958 4119 1006 4157 s.
1040 4097 1394 4180 'vapa'mtc:
1429 4100 1575 4180 Vid._
1593 4101 1961 4180 Ducangium

2102 4103 2442 4180 istantinop.
2473 4103 2789 4180 Christian.
2826 4103 2926 4158 184
2957 4104 3022 4157 D.
3068 4103 3114 4138 ⁴⁸
3141 4102 3429 4180 γράφοντι.
3460 4103 3554 4160 Sic
3586 4103 3742 4171 cod.,

323 4175 433 4230 sed
456 4170 581 4231 fere
612 4191 736 4231 non
766 4170 974 4231 dubito
1007 4174 1152 4246 quin
1183 4173 1499 4246 legendum
1531 4173 1608 4229 sit
1634 4170 1856 4249 γράφῶν
1887 4175 1957 4246 τῇ

2104 4192 2284 4244 αντος,
2313 4170 2492 4245 atque
2521 4175 2602 4230 ita
2629 4175 2794 4229 verti.

397 4326 510 4396 (50)
561 4325 756 4381 Aliam
801 4341 1041 4380 causam
1093 4324 1395 4380 Cedrenus
1443 4323 1610 4379 addit
1656 4325 1724 4381 ll.
1757 4327 1881 4379 658.
1916 4326 1978 4382 Β.

329 4396 583 4452 nimium
614 4397 876 4453 bellandi
900 4413 1165 4452 amorem
1191 4397 1527 4467 Nicephori,
1551 4396 1827 4467 quodque
1852 4397 1985 4452 sub-

327 4468 483 4524 ditos
513 4470 575 4524 in
606 4471 920 4524 continuas
952 4468 1366 4540 expeditiones
1381 4468 1788 4540 raptosmale
1825 4471 1984 4540 Inul-

331 4546 538 4597 ctaret.
572 4541 664 4612 Sic
695 4541 856 4612 enim
911 4535 1300 4612 intelligenda
1355 4535 1480 4612 illa,
1525 4538 1660 4612 πρὸς
1701 4535 1979 4610 Ταξείδιον

327 4615 578 4694 συνεχῆς
607 4609 786 4694 ἐξιών·
822 4611 980 4694 quod
1027 4609 1730 4694 adigameidiurnussidue
1767 4609 1984 4693 veniens

328 4682 504 4764 vertit
531 4682 858 4764 Xylander,
879 4684 1054 4764 homo
1078 4689 1142 4736 ut
1167 4682 1370 4764 lingua
1389 4683 1581 4764 Attica
1611 4699 1746 4737 cum
1779 4683 1987 4753 primis

329 4755 562 4814 doctus.
592 4753 680 4809 ita
720 4755 1048 4810 Graacitatis
1077 4753 1290 4808 media)
1322 4759 1380 4808 et
1413 4755 1634 4808 intima)
1666 4771 1988 4825 rerumque

331 4827 785 4897 Byzantinarum
808 4826 1054 4881 omnino
1079 4825 1279 4880 rudis:
1304 4825 1485 4897 inque
1503 4826 1988 4880 annotationibus

329 4899 494 4953 25.D.
527 4899 833 4953 Taxidium
865 4898 1060 4952 locum
1093 4897 1274 4952 fuisse
1295 4897 1450 4970 vult,
1482 4897 1583 4970 ubi
1615 4897 1987 4970 vectigalium

329 4970 596 5025 rationes
627 4970 1010 5026 ducerentur.
1045 4970 1244 5040 Neque
1277 4969 1447 5033 Goar,
1469 4968 1570 5039 qui
1604 4968 1986 5040 Nottfposte-

323 5041 593 5096 rioribus
625 5044 712 5097 53.
756 5043 819 5096 D.
855 5035 1216 5112 Xylandrum
1251 5035 1504 5110 carpens
1529 5035 1988 5107 ταξείδιονήαυί-

324 5112 609 5180 gationem
639 5129 732 5167 seu
767 5115 873 5166 iter
918 5113 1061 5167 mari
1106 5112 1503 5179 conﬁcimidum
1539 5112 1985 5182 interpretatur,

326 5184 400 5239 ab
435 5184 597 5238 omni
619 5184 904 5238 immunis
928 5199 1128 5237 errore
1156 5189 1264 5238 est.
1289 5185 1429 5238 Nam
1465 5183 1622 5254 apud
1650 5182 1984 5254 Qedrenum

325 5255 768 5326 scriptoresque
800 5255 939 5309 huic
971 5260 1143 5308 aetate
1188 5271 1474 5326 suppares
1505 5251 1778 5326 ’ταξείδιον
1811 5272 1858 5309 s.
1891 5271 1983 5326 τας

326 5323 498 5396 ξίδιὸν
533 5323 689 5382 valet
717 5326 1122 5396 expeditionem
1175 5323 1426 5381 bellicam
1447 5343 1466 5380 :
1509 5325 1640 5396 vide
1669 5327 1800 5380 loca
1828 5323 1986 5396 apud

332 5393 590 5470 Ducang.
627 5393 884 5470 Glossar.
918 5399 988 5452 Il.
1027 5397 1183 5452 1528.
1217 5399 1278 5451 Β.
1315 5396 1455 5470 inde
1500 5393 1831 5465 ταξιδιάριος
1865 5393 1982 5470 sive

325 5465 667 5542 ταξιδιάῥης,
701 5470 772 5542 de
818 5469 1200 5542 imperatore,
1249 5468 1778 5542 expeditionarium.
1812 5473 1877 5542 ut
1904 5468 1986 5522 ita

327 5539 551 5606 dieam,
580 5541 906 5612 signiﬁcat:
967 5540 1242 5612 hoc‘es‘t,
1302 5539 1708 5610 expeditiones
1744 5539 1982 5612 crebras

328 5610 778 5684 suscipientem,
799 5612 1068 5684 adeoque
1093 5610 1627 5684 bellatoremNeque
1649 5611 1983 5684 audiendus

329 5681 771 5756 apud—Ducang.
823 5681 1005 5739 Nicol.
1058 5682 1443 5748 Alemannus,
1477 5681 1798 5738 ordinarius
1832 5683 1982 5737 hanc

2091 4343 2142 4383 v.
2173 4326 2570 4396 interpretans
2592 4330 2695 4380 aut
2721 4325 3033 4396 gregarius,
3059 4323 3261 4395 sicque
3292 4323 3580 4396 appellari
3613 4323 3742 4394 opi-

2093 4403 2268 4454 natus
2300 4395 3008 4469 imperatores,quotquot
3037 4413 3174 4467 sago
3200 4395 3443 4469 militari
3469 4395 3744 4469 deposito

2091 4467 2415 4540 purpuram
2445 4467 3115 4540 induerintﬂbronicon
3150 4485 3261 4540 ms.
3295 4468 3367 4522 de
3400 4467 3745 4537 reb.Byzan-

2094 4537 2270 4596 tinis:
2305 4543 2708 4610 Κωνσταντῖνος
2751 4540 2778 4593 ὁ
2827 4539 2943 4598 υἱὸς
2995 4537 3748 4610 a6106[nempe70onstan-

2095 4614 2201 4668 tini
2234 4613 2331 4684 M.]
2360 4608 2698 4682 ταξειδάρης.
2760 4614 2830 4684 Et
2895 4608 3205 4684 inferiusf
3244 4608 3392 4664 Λέων
3427 4609 3454 4662 6
3479 4608 3602 4684 Δυἰὸς
3647 4609 3746 4684 αὐ,-

2093 4687 2188 4737 τοῦ
2221 4679 2452 4756 [Βειῖδὶιίἶ
2501 4679 2880 4756 Macedonis],
2919 4682 2966 4756 ,ὁ
3001 4680 3343 4756 ’φιλόσοφοῆ
3386 4679 3619 4756 χρόνους
3650 4681 3744 4748 κε’,

2101 4749 2272 4826 μῆνάς
2308 4754 2470 4809 ὀκτώ·
2503 4749 3188 4827 ,ὀρθοδοξος,μῖταξειδᾶρης.
3221 4749 3488 4827 Ῐάοῐηξᾶο
3517 4758 3747 4809 Joanne

2097 4823 2440 4883 Comneno:
2500 4823 2754 4897 Ἰωάννης
2790 4825 2840 4897 ,ὁ
2867 4825 3024 4897 *υἱὸς
3069 4823 3272 4897 αὐτοῦ
3304 4825 3516 4897 [Alexii
3576 4828 3748 4880 Com-

2097 4899 2282 4968 neni],
2339 4897 2366 4950 6
2425 4890 2656 4969 εὐσεϐὴς
2712 4890 2804 4969 καὶ
2847 4894 3137 4969 ἐλεήμων,
3173 4890 3406 4969 χρόνους
3437 4893 3537 4960 κδ’,
3571 4903 3744 4966 μῆνας

2099 4970 2159 5036 ζ’,
2218 4965 2428 5042 ἡμέρας
2481 4965 2580 5022 κδ’·
2641 4965 2955 5042 ὀρθὸδοξος,
3002 4965 3378 5042 -τ-αξειδνάρηςη
3451 4965 3596 5042 Item
3673 4969 3744 5024 de

2098 5040 2362 5110 Manuele
2396 5038 2742 5096 successore
2769 5057 2780 5094 :
2816 5038 3084 5110 Μανουὴλ
3119 5039 3146 5092 ὁ
3175 5041 3291 5100 υἱὸς
3323 5038 3510 5107 αὐτοῦ,
3542 5040 3569 5092 ὁ
3601 5045 3743 5110 Πορ-

2096 5108 2515 5198 φυρογέννητος,
2547 5112 2785 5183 χρόνους
2842 5107 2944 5178 λζ’,
3007 5117 3180 5182 μῆνας
3223 5112 3278 5180 ε’,
3312 5112 3524 5183 ἡμέρας
3554 5112 3618 5184 γ”
3653 5107 3749 5184 ὁρ-

2101 5194 2117 5198 -
2144 5183 2154 5198 1
2234 5181 2254 5198 ι
2441 5185 2460 5198 Ι-
2526 5179 2547 5198 Ν
2569 5183 2579 5196 ο
2747 5185 2784 5198 Α
3160 5191 3168 5198 ι
3323 5184 3331 5194 ³
3556 5192 3564 5198 .

2097 5179 2338 5250 ὁὸδοξος,
2369 5179 2710 5254 “suam.
2745 5179 3289 5255 Quorum'quatuor
3321 5179 3747 5255 imperatorum

2096 5255 2296 5310 nullus
2331 5255 2500 5310 miles
2545 5256 2848 5327 gregarius
2905 5254 3034 5323 fuit,
3067 5262 3388 5325 antequam
3413 5254 3747 5326 purpuram

2095 5332 2375 5382 sumeret.
2409 5328 2472 5381 In
2504 5321 2939 5398 νδέθνταξείδιον
2971 5321 3253 5382 vertenda
3293 5321 3568 5382 similiter
3600 5327 3746 5398 lapsi

2095 5404 2235 5453 sunt
2267 5399 2687 5454 Levenklavius
2717 5398 2791 5454 ad
2823 5397 3084 5470 Glycam,
3116 5401 3239 5453 307.
3272 5399 3332 5454 C.
3367 5397 3747 5470 Ileiskius’ad

2095 5471 2464 5524 Constantin.
2518 5470 2957 5542 Porphyrogen.
3019 5471 3333 5542 Cmrimon.
3394 5472 3625 5542 Byzant.
3677 5469 3743 5523 Il.

2095 5545 2221 5595 352.
2265 5543 2324 5596 D.
2364 5543 2486 5596 334.
2515 5543 2575 5598 C.
2611 5540 2890 5612 idemque
2925 5541 2988 5597 in
3017 5541 3297 5597 vertendo
3328 5540 3586 5610 ταξεὼται
3619 5542 3741 5596 354.

2093 5615 2151 5666 Β.
2188 5615 2309 5668 3Ξὶὸ.
2345 5616 2411 5667 Α.
2445 5616 2502 5667 C.

2165 5685 2276 5755 (51)
2311 5685 2389 5739 De
2417 5684 2528 5739 hoc
2557 5683 2840 5739 vocabulo
2870 5683 3000 5739 vide
3030 5685 3288 5740 Suidam.
3323 5685 3362 5740 l.
3553 5687 3614 5740 Β.
