4108 6198
336 367 452 431 ’761

1692 366 2088 430 HISTORle
2130 366 2283 427 LIB.
2332 366 2433 428 ιν.

3641 372 3761 432 ’762

336 500 642 577 δρωμένοις
666 498 888 572 θεσμὸν,
931 497 983 555 εἴ
1033 518 1151 561 πως
1213 495 1360 553 ἀλλᾶ
1390 500 1441 535 ⁵⁸
1494 502 1663 575 ταύτῃ
1726 498 1997 561 δείσαντες

2137 504 2485 555 ert-(emotus
2506 514 2542 554 a
2567 498 2973 555 fundamentis
3005 515 3205 556 eversa
3232 505 3372 557 tunc
3406 506 3524 559 tota
3553 508 3662 572 est,
3685 510 3766 560 at-

336 588 617 661 ἄνορωποι
672 593 781 645 τῶν
847 589 943 663 μὲν
1001 586 1225 667 φαύλων
1284 586 1460 664 ἔργων
1518 589 1821 666 ἀφέξοιντο,
1872 588 1999 652 ἀνθ-

2112 607 2227 663 que
2259 590 2524 656 confusa,
2555 590 2658 645 iraa
2681 591 2892 645 divina)
2926 597 3172 663 epotans
3196 610 3427 649 merum
3458 595 3759 667 poculum.

336 680 541 753 ἐξοιντο
571 682 617 717 ⁵¹
652 677 709 734 δὲ
747 682 856 734 τῶν
919 677 1209 733 ἐπαινετῶν
1272 681 1382 752 (64)
1443 678 1603 737 Ἀλλ’
1660 679 1802 734 οὕτω
1838 679 1931 751 μὶν
1962 679 1997 747 ἡ

2134 680 2329 736 Eodem
2360 697 2539 749 anno,
2572 685 2774 735 aestate
2808 680 2983 752 plane
3018 681 3232 745 media,
3285 684 3407 739 sole
3449 685 3577 756 jam
3608 702 3758 741 can-

336 765 792 830 Κλαυδιούπολις
846 766 914 842 τῇ
963 772 1062 823 τοῦ
1118 772 1351 841 σεισμοῦ
1400 768 1489 843 βίᾳ
1520 768 1578 823 ἐκ
1639 769 1850 844 βάθρων
1911 767 2000 821 ἀν-

334 860 545 936 ετράπη
576 858 702 914 τότε
731 863 896 927 πᾶσα,
931 858 1020 912 καὶ
1060 857 1361 933 συνεχύθη,
1391 865 1492 927 τῆς
1538 859 1711 934 ὀργῆς
1739 862 1836 912 τοῦ
1867 859 2002 912 Θεοῦ

336 952 601 1007 έκπιοῦσα
627 949 690 1005 τὸ
731 950 998 1023 ποτήριον
1064 946 1321 1023 ἄκρατον.
1370 949 1524 1022 Παρᾶ
1573 946 1764 1003 τοῦτον
1826 945 1884 1003 δὲ
1908 947 2001 1002 τὸν

341 1041 587 1097 ἐνιαυτὸν
622 1085 636 1112 ,
693 1039 901 1113 θερείας
958 1036 1108 1112 ὥρας
1160 1036 1297 1092 κατᾶ
1364 1038 1429 1092 τὸ
1486 1038 1827 1110 μεσαίτατον,
1883 1033 2002 1110 ἄρτι

343 1136 439 1187 τοῦ
469 1130 634 1201 ἡλίου
662 1133 743 1202 τῷ
784 1127 1027 1204 καρκίνῳ
1086 1126 1622 1201 προσεπιϐαίνοντος,
1679 1123 1889 1202 ὄμϐρος
1949 1125 2003 1181 ἐν

346 1220 621 1293 Βυζαντίῳ
648 1217 952 1294 κατερράγη
1013 1218 1103 1272 καί
1161 1222 1279 1278 τοῖς
1339 1221 1778 1293 προσομοροῦσιν
1836 1215 2003 1286 αὐτῷ,

349 1312 464 1367 οἷον
498 1309 561 1365 οὑ
610 1303 807 1378 συνέϐη
860 1308 1252 1383 κατενεχθῆναι
1308 1308 1371 1362 τὸ
1429 1303 1717 1382 πρότερον.
1777 1304 2009 1361 Κλινού-

343 1421 448 1471 σης
477 1400 580 1475 γὰρ
631 1404 734 1467 τῆς
778 1396 991 1470 ἡμέρας
1053 1397 1385 1469 (παρασκευή
1446 1394 1505 1451 δὲ
1561 1398 1654 1469 ἧν)
1708 1395 2008 1470 ἀρξάμενον

344 1492 414 1545 τὸ
471 1486 644 1543 δεινὸν
701 1486 779 1549 εἰς
836 1485 1055 1555 ἐννάτην
1142 1484 1286 1559 ὥραν
1345 1484 1692 1561 κατέληγεν·
1754 1486 1900 1539 οὕτω
1954 1481 2011 1538 δὲ

352 1576 585 1656 ῥαγδαία
610 1597 696 1639 τις
740 1578 775 1645 ἡ
841 1574 1038 1637 ὑέτισις
1095 1578 1206 1649 (65)
1258 1578 1602 1654 κατεφέρετο,
1636 1576 1711 1638 ὡς
1779 1576 1855 1647 μή
1885 1595 2010 1628 στα-

354 1670 517 1744 γόνας
575 1668 703 1741 ὁρᾷν
767 1660 1174 1740 ὀμϐριζομένας
1227 1664 1363 1719 κατᾶ
1416 1666 1478 1720 τὸ
1538 1665 1807 1736 σύνηθες,
1868 1661 2014 1719 ἀλλά

351 1778 506 1819 τινας
564 1753 913 1823 ἐπικόζοντας
972 1751 1159 1808 ὕδασιν
1220 1752 1474 1828 ὀχετοὺς.
1535 1752 1660 1829 Οὐχ
1713 1751 2011 1829 ὑπελείφθη

2112 787 2277 826 crum
2311 771 2574 836 ineunte,
2599 769 2790 825 imber
2820 770 2929 824 fuit
2958 772 3465 845 Constantinopoli
3494 774 3760 846 locisque

2115 861 2415 925 finitimis,
2477 860 2715 930 qualem
2776 877 3083 931 nunquam
3137 868 3314 918 antea
3371 864 3760 933 contigitde-

2116 950 2376 1005 ﬂuxisse.
2413 949 2643 1004 Etenim
2674 955 2947 1021 vergente
2978 950 3072 1005 die
3095 952 3243 1021 (erat
3271 958 3469 1008 autem
3493 953 3620 1008 dies
3656 956 3762 1009 νου

2117 1040 2300 1107 neris)
2334 1039 2628 1111 incipiens
2659 1038 2882 1094 malum
2914 1040 3022 1093 sub
3054 1040 3259 1096 horam
3292 1058 3515 1098 nonam
3546 1043 3762 1099 desiit:

2119 1134 2360 1200 tamque
2392 1130 2710 1183 vehemens
2756 1129 3028 1183 incubuit
3060 1130 3274 1200 pluvia,
3306 1138 3371 1186 ut
3402 1150 3522 1188 non
3567 1140 3762 1206 guttas

2118 1218 2368 1285 videres,
2392 1225 2457 1273 ut
2481 1219 2564 1284 tit,
2590 1218 2955 1285 delabentes,
2972 1219 3073 1274 sed
3092 1221 3259 1289 quasi
3282 1223 3568 1291 quasdam
3592 1225 3761 1295 aquis

2118 1309 2376 1381 repletas
2406 1308 2654 1363 ﬁstulas.
2692 1310 2890 1378 Neque
2941 1308 3204 1379 profecto
3236 1310 3424 1365 ullum
3476 1314 3763 1384 templum

2121 1414 2314 1469 neque
2344 1398 2587 1452 omnino
2620 1396 2909 1451 nobilium
2944 1398 3160 1452 aedium
3211 1399 3333 1454 ulla
3390 1400 3598 1457 relicta
3652 1409 3761 1471 est,

2122 1488 2267 1558 quin
2299 1502 2555 1557 superne
2587 1504 2656 1540 ex
2706 1492 2858 1541 tecto
2890 1503 3044 1558 aqua
3094 1488 3478 1559 impleretur;
3532 1493 3766 1546 tametsi

2122 1577 2278 1631 hanc
2309 1575 2549 1646 quidem
2582 1575 2943 1630 habitatores
2967 1592 3213 1647 operose
3247 1577 3308 1632 in
3333 1578 3454 1633 vias
3478 1580 3773 1635 transfun-

2126 1666 2383 1721 debant:
2419 1666 2521 1720 sed
2555 1671 2843 1736 quantum
2896 1666 3226 1735 efﬂuxerat,
3290 1674 3520 1724 tantum
3577 1670 3770 1726 denuo

2126 1754 2426 1822 aftluebat,
2460 1759 2526 1809 ut
2554 1755 2682 1810 sine
2712 1755 2976 1810 remedio
3011 1764 3167 1811 esset
3198 1757 3442 1813 malum.
3478 1762 3563 1814 Ita
3595 1762 3773 1816 trium

358 1852 493 1923 γοῦν
541 1850 649 1901 τῶν
707 1848 886 1914 σηκῶν
941 1846 976 1914 ἢ
1036 1846 1144 1898 τῶν
1205 1842 1552 1917 περιπύστων
1613 1841 1802 1911 οἷ’κων,
1862 1841 2012 1903 ὅστις

2134 1845 2409 1900 horarum
2440 1845 2629 1915 spatio
2651 1844 2908 1899 obtinuit
2958 1845 3148 1900 imber
3177 1862 3191 1899 :
3252 1849 3776 1919 conspiciebantur

360 1940 562 2002 ἄνωθεν
597 1938 657 1992 ἐκ
681 1942 780 2004 τῆς
824 1936 1031 2013 ὀροφῆς
1091 1933 1194 1990 οὐκ
1249 1932 1564 2010 ἐπληροῦτο
1588 1935 1636 1970 ⁵³
1666 1934 1767 1988 τοῦ
1798 1930 2015 2003 ὕδατος,

357 2029 536 2084 καίτοι
570 2031 677 2082 τῶν
704 2024 975 2080 κατοίκων
1014 2023 1210 2100 μόχθῳ
1239 2022 1659 2079 ἀπαντλούντων
1722 2021 1852 2078 αὐτὸ
1881 2023 2017 2097 πρὸς

358 2121 427 2175 τὰ
484 2114 705 2192 ἄμφοδα
739 2134 752 2148 ·
813 2116 877 2169 τὸ
949 2115 1043 2184 μὶν
1092 2112 1342 2189 ἀπέρρεε,
1397 2115 1461 2168 τὸ
1527 2110 1574 2168 δ’
1629 2111 1868 2188 ὲπέῤῥεε,
1926 2112 2016 2166 καὶ

361 2206 802 2282 ἀκαταγώνιστον
834 2205 901 2273 ἦν
960 2204 1023 2258 τὸ
1074 2200 1271 2258 δεινόν.
1326 2202 1450 2259 Ἑπῖ
1507 2207 1674 2277 τριῶν
1735 2202 1826 2256 οὖν
1856 2202 2013 2276 ὡρῶν

363 2296 695 2369 διαστήματι
738 2293 997 2368 κατέσχεν
1032 2293 1059 2347 ὁ
1095 2292 1271 2360 ὑετὸς,
1302 2293 1392 2346 καὶ
1423 2295 1490 2361 ἡν
1548 2293 1677 2367 ὁρᾷν
1735 2290 2017 2364 ποταμούς

355 2387 762 2462 πελαγίζοντας
797 2381 888 2438 διὰ
916 2386 1023 2437 τῶν
1054 2390 1155 2451 τῆς
1207 2379 1424 2443 πόλεως
1488 2385 1798 2453 στενωπῶν,
1832 2382 1920 2435 καὶ
1953 2380 2015 2435 τὸ

358 2474 814 2551 παρασυρόμενον
872 2475 981 2526 τῶν
1051 2470 1318 2546 ἐμψύχων
1379 2467 1809 2547 διαφθείροντας.
1859 2470 1927 2526 Οἱ
1959 2467 2017 2525 δὲ

356 2568 639 2640 ἄνθρωποι
693 2562 948 2623 ἐλεεινῶς
1005 2560 1349 2634 ἀπεθρήνουν
1412 2560 1748 2632 οὶμώζοντες
1781 2603 1795 2628 ,
1852 2580 2014 2614 κατα-

351 2655 601 2729 κλυσμὸν
662 2653 815 2716 αὖθις
874 2649 1172 2724 ἐπισκῆψαι
1231 2651 1347 2704 κατ’
1397 2648 1602 2704 ἐκεῖνον
1657 2648 1749 2703 τὸν
1781 2647 2015 2723 τεθρυλ-

357 2744 599 2819 λημένον
658 2742 1117 2810 ὑποτοπάζοντες*
1152 2738 1280 2794 ἀλλ’
1336 2740 1371 2808 ἡ
1427 2739 1717 2811 συμπαθὴς
1764 2739 1852 2793 καὶ
1887 2736 2013 2816 φιλ-

361 2836 650 2910 ἀνθρωπος
709 2829 947 2903 Πρόνοια
983 2829 1093 2903 ἶριν
1153 2824 1243 2882 διὰ
1296 2833 1398 2897 τῆς
1448 2826 1681 2905 νεφέλης
1745 2825 2012 2901 ἐρείσασα,

356 2927 430 2998 τῇ
476 2921 678 2992 ταύτης
734 2918 1042 2991 ἀναλάμψει
1083 2919 1193 2990 (66)
1226 2917 1324 2985 τὴν
1355 2919 1451 2971 τοῦ
1515 2916 1668 2971 ὑετοῦ
1717 2920 2012 2992 κατήφειαν

2128 1950 2335 1990 amnes
2393 1939 2738 1988 mstutantes
2778 1950 2884 2005 per
2939 1934 3095 1989 vicos
3152 1935 3335 2003 urbis,
3398 1942 3456 1991 et
3483 1938 3776 2009 quidquid

2130 2024 2528 2079 animantium
2562 2040 2763 2078 secum
2796 2029 3172 2089 raptaverant
3195 2026 3628 2098 extinguentes.
3663 2029 3778 2082 Ho-

2130 2115 2324 2169 mines
2350 2112 2775 2168 miserabiliter
2803 2112 3025 2168 ﬂebant
3054 2114 3468 2181 lamentantes,
3493 2110 3651 2187 quod
3684 2117 3775 2171 di-

2128 2204 2353 2258 luvium
2386 2204 2599 2257 iterum
2634 2203 2911 2273 ingruere
2938 2204 3112 2273 quale
3143 2204 3343 2259 nobile
3389 2205 3537 2261 illud
3585 2205 3778 2262 fuerat

2124 2293 2520 2348 verebantur:
2590 2309 2792 2347 verum
2853 2294 3285 2349 commiserans
3343 2296 3773 2368 hominumque

2122 2399 2328 2438 amans
2360 2382 2746 2455 providentia,
2773 2399 2914 2438 arcu
2962 2400 3069 2454 per
3095 2383 3315 2439 nubem
3367 2402 3647 2457 expanso,
3673 2387 3774 2442 illo

2125 2472 2455 2545 refulgente
2487 2472 2693 2526 imbris
2726 2472 3030 2526 tristitiam
3071 2472 3395 2544 dissipavit,
3449 2492 3775 2546 rursusque

2126 2569 2356 2619 natura:
2414 2562 2698 2617 fabricam
2760 2562 2820 2617 in
2870 2563 3191 2633 pristinum
3242 2569 3459 2620 statum
3518 2565 3773 2622 reduxit.

2124 2652 2380 2709 Tametsi
2405 2652 2702 2723 posterius
2724 2668 2963 2722 quoque
2994 2651 3229 2719 accidit,
3255 2658 3320 2707 ut
3348 2654 3563 2708 iterum
3587 2655 3778 2710 imber

2126 2741 2418 2797 deflueret
2449 2742 2547 2796 70
2579 2740 2851 2795 turbidus
2898 2740 3097 2796 favilla
3127 2742 3297 2812 quasi
3328 2758 3399 2797 ex
3444 2743 3774 2800 fornacium

2124 2831 2372 2904 fuligine
2415 2832 2648 2899 mistus,
2694 2831 3076 2903 tepidamque
3114 2832 3446 2889 declararet
3478 2835 3777 2908 tangenti-

2128 2920 2238 2975 bus
2271 2936 2438 2976 suam
2480 2926 2775 2975 naturam.

368 3009 696 3080 διεσκέδασε,
729 3008 819 3063 καὶ
850 3008 1001 3071 αὖθις
1032 3007 1096 3061 τὸ
1127 3012 1227 3075 τῆς
1252 3004 1464 3079 φύσεως
1527 3005 1797 3082 σύγκριμα
1855 3008 1938 3079 [Ρ.
1973 3009 2063 3081 43]
2124 3006 2210 3062 ἐπὶ
2266 3009 2364 3077 τήν
2424 3009 2688 3080 προτέραν
2743 3011 3064 3063 κατάστασιν
3122 3007 3446 3084 ἐπανήγετο.
3484 3007 3687 3083 Συνέϐη
3723 3010 3783 3067 δὲ

361 3101 453 3156 καὶ
488 3100 641 3161 αὖθις
672 3093 883 3173 ὄμϐρον
941 3094 1348 3172 καταρραγῆναι
1402 3094 1777 3167 τεθολωμένον
1838 3095 1924 3150 καὶ
1988 3117 2297 3170 σύμμικτον
2326 3098 2516 3173 τέφρα,
2573 3096 2649 3161 ὠς
2706 3097 2792 3152 ἐπὶ
2850 3096 3163 3170 καμινιαίας
3220 3098 3452 3169 αἱθάλης
3508 3104 3642 3175 (67),
3689 3102 3781 3157 καὶ

362 3191 601 3267 Χλίαράν
634 3186 690 3244 δὲ
716 3192 947 3263 παρεῖχε
973 3191 1089 3248 τοῖς
1123 3184 1506 3257 ἐπαφωμένοις
1537 3185 1701 3239 αἱδτοῦ
1728 3186 1826 3255 τὴν
1861 3185 2160 3256 ποιότητα,

439 3282 493 3338 ι”.
524 3281 585 3336 Ὀ
616 3277 673 3334 δὲ
738 3276 992 3352 βασιλεὺς
1045 3274 1363 3351 Νικησρὸρος
1417 3273 1595 3347 (αὖθις
1654 3276 1756 3349 γὰρ
1791 3276 1817 3329 ὁ
1850 3273 2020 3349 λόγος
2055 3280 2097 3345 ρ

362 3370 655 3436 ἐπάνεισιν,
690 3365 831 3430 ἔνθεν
862 3366 925 3420 τὸ
966 3363 1132 3439 ’ίχνος
1192 3363 1491 3435 ἀπέκλινε),
1548 3366 1649 3431 τήν
1693 3364 2011 3436 Ῥωμαῖκὴν

364 3458 672 3532 ἀνειληφὼς
705 3454 957 3529 δύναμιν,
988 3453 1073 3509 ἐπὶ
1112 3454 1211 3523 τὴν
1267 3452 1356 3507 ἐπὶ
1417 3452 1619 3526 Συρίας
1678 3452 2022 3527 ’Δντιόχειαν

364 3548 466 3605 ἔθει
526 3549 634 3620 (68)
667 3589 681 3615 ,
739 3543 828 3599 καί
887 3562 1103 3619 χαρακα
1156 3542 1326 3616 ταύτῃ
1379 3540 1737 3613 πηξάμενος,
1799 3540 2021 3615 ἐπείπερ

366 3638 741 3712 ἀποχρώντως
780 3631 986 3709 ἔχουσα
1040 3636 1148 3687 τῶν
1208 3629 1509 3706 ἀναγκαίων
1570 3627 1897 3705 ἐτραχηλία,
1930 3631 2022 3685 καὶ

365 3723 709 3803 γαυρουμένη
744 3723 803 3778 ἐκ
830 3727 927 3778 τοῦ
967 3721 1168 3786 εύθέως
1229 3719 1543 3783 σπείσασθαι
1603 3717 1704 3773 οὑκ
1746 3718 2022 3793 ἠνείχετο,

372 3820 448 3893 μὴ
511 3814 847 3894 βουλόμενος
896 3815 1064 3884 αὐτὴν
1122 3812 1411 3869 ἑλεπόλεσι
1469 3816 1841 3885 κιτεριπῶσαι
1877 3806 2023 3886 (ᾔδει

2208 3279 2289 3332 10.
2320 3277 2683 3348 Nicephorus
2715 3281 2912 3331 autem
2948 3276 3270 3348 imperator
3289 3279 3434 3349 (jam
3467 3282 3625 3335 enim
3658 3298 3789 3337 ora-

2127 3368 2206 3422 tio
2260 3384 2327 3421 eo
2367 3368 2702 3433 revertitur,
2734 3367 2892 3421 unde
2924 3368 3230 3437 vestigium
3292 3369 3643 3442 inflexerat),
3678 3374 3793 3427 Ro-

2133 3456 2330 3511 manis
2358 3456 2681 3525 assumptis
2712 3456 2898 3525 copiis
2933 3497 2945 3522 ,
2979 3455 3050 3509 ad
3111 3457 3489 3512 Antiochiam
3523 3459 3583 3513 in
3616 3461 3783 3531 Syria

2133 3545 2362 3617 magnis
2390 3545 2703 3599 itineribus
2734 3544 3078 3611 contendit;
3112 3548 3441 3619 castrisque
3475 3549 3549 3604 ad
3574 3551 3783 3606 urbem

2133 3635 2359 3706 positis,
2396 3650 2527 3689 cum
2576 3636 2931 3690 necessariis
2964 3635 3141 3691 rebus
3198 3636 3432 3693 abunde
3493 3638 3785 3697 instructa

2134 3724 2734 3795 superbiret,praeque
2757 3726 3094 3798 arrogantia
3114 3726 3395 3799 evestigio
3420 3728 3786 3785 deditionem

2132 3813 2327 3870 facere
2386 3821 2707 3883 recusaret,
2756 3815 2881 3888 ipse
2932 3833 3066 3872 vero
3097 3816 3286 3873 nollet
3332 3834 3463 3874 eam
3496 3820 3788 3876 machinis

1583 3965 1646 4020 C.
1680 3964 1739 4019 Β.
1794 3966 1983 4021 IIASIl
2014 3967 2571 4023 ANNOTATIONES.

438 4149 486 4185 ⁵ο
514 4144 569 4202 εἷ’
590 4165 706 4207 πως
735 4142 881 4199 ἀλλὰ
911 4149 1000 4216 est
1022 4144 1149 4216 jam
1182 4160 1362 4215 supra
1396 4143 1478 4199 ll.
1542 4145 1599 4199 Β.

367 4217 763 4292 ἐξεπληροῦντο
794 4219 913 4273 sive
946 4214 1122 4285 ἐκπλη
1134 4214 1309 4290 ροῖτο.

438 4372 862 4446 (64)Εξιιῐιᾶθιῐι
893 4371 1239 4446 obcausam
1300 4368 1442 4446 belli
1502 4368 1660 4446 mala
1719 4369 2025 4424 amumine

370 4441 608 4501 immitti
643 4446 921 4516 opinatur
950 4443 1005 4498 S.
1057 4442 1331 4513 Ephrmm
1379 4441 1559 4512 Syrus
1612 4442 1894 4496 Sermone
1926 4458 1991 4496 as

370 4519 562 4575 cetico
596 4519 637 4571 Ι.
671 4520 761 4571 42.
794 4518 863 4571 Α.

443 4589 555 4659 (63)
596 4587 656 4643 ld
685 4603 925 4651 nomen,
972 4586 1113 4659 item
1154 4584 1215 4639 in
1256 4584 1481 4659 Lexicis
1511 4585 2023 4659 praetermissum,

373 4656 673 4717 derivatur
702 4677 736 4715 a
766 4659 940 4713 verbo
983 4656 1197 4723 ὑετιζω,
1232 4656 1390 4725 quod
1436 4656 1683 4726 primus,
1739 4663 2031 4727 quantum

377 4732 646 4793 memini.
680 4730 1079 4787 Schneiderus
1128 4728 1220 4780 vir
1268 4744 1536 4781 summus
1570 4728 1637 4783 Il.
1671 4731 1794 4781 253.
1828 4731 1893 4781 Α.
1927 4743 2030 4781 en-

375 4805 557 4860 otavit
587 4820 616 4857 e
650 4803 851 4858 Niceta
880 4800 1163 4856 Cboniate
1193 4802 1316 4852 211.
1352 4800 1416 4853 D.
1478 4800 1572 4853 Est
1596 4817 1706 4853 vox
1736 4798 2028 4853 hellenis-

376 4877 510 4943 tica,
533 4876 789 4931 Ieremia
809 4890 917 4928 xw.
939 4875 1029 4927 22.
1054 4877 1107 4925 et
1130 4870 1235 4925 Job
1258 4887 1490 4943 xxxviii.
1524 4873 1609 4924 26.
1639 4871 1733 4926 hic
1753 4870 2031 4943 Hebrzeo-

372 4941 505 5004 rum
531 4957 759 5013 πτιοοη,
816 4945 939 4999 illic
989 4952 1216 5002 επωη
1272 4942 1631 5012 exprimens.
1682 4941 1822 4995 Inde
1858 4958 2025 4995 usur—

372 5025 660 5092 paverunt
680 5016 1017 5092 SLBasilius
1042 5014 1521 5092 Commentar._i_n
1546 5020 1723 5092 caput
1744 5014 1962 5092 visaiaa
1985 5014 2028 5065 Ι.

374 5085 499 5146 945.
530 5098 595 5146 Α.
631 5090 686 5143 S.
722 5086 1404 5160 EpiphaniusAncorat.
1440 5086 1508 5138 II.
1560 5085 1740 5160 89.9.
1768 5085 2029 5160 βιαιο-οη

374 5156 800 5233 Metaphrastes
833 5156 971 5213 'Vita
1000 5158 1057 5211 S.
1090 5158 1301 5233 Joann.
1338 5157 1541 5233 Chrys.
1590 5156 1730 5233 Vlll.
1764 5156 1886 5209 382.

371 5238 497 5289 401.
529 5222 618 5287 25.
661 5233 786 5287 alii.
821 5234 1107 5286 Neutrum
1138 5227 1200 5281 τὸ
1235 5222 1406 5280 ὑέτιον
1442 5222 1809 5282 substantive
1843 5228 2026 5280 sumi-

377 5313 472 5361 tur
502 5303 659 5376 apud
683 5305 972 5376 Joannem
1000 5301 1397 5376 Philoponum
1433 5299 1745 5376 Demundi
1779 5299 2027 5376 creatio-

375 5393 451 5433 ne
485 5371 572 5431 ΞΠ.
599 5379 663 5430 Α.
691 5371 783 5427 ’ίνα
810 5374 872 5427 τὸ
907 5372 1078 5426 ὑέτιον
1114 5371 1354 5443 σημάνῃ,
1385 5379 1446 5443 ut
1466 5373 1712 5440 pluviam
1742 5373 2028 5443 signiﬁcet.

380 5451 459 5504 De
492 5448 682 5502 imbre
712 5447 895 5517 largo,
919 5444 1041 5499 fere
1072 5444 1285 5499 iisdem
1319 5442 1511 5498 verbis
1541 5459 1607 5497 ac
1642 5443 1772 5509 Leo,
1807 5442 2029 5513 Pachy-

384 5536 577 5575 meres
608 5519 826 5574 Hister.
865 5518 905 5572 Ι.
942 5518 1063 5571 182.
1101 5520 1159 5571 Λ.

454 5593 565 5659 (66)
616 5588 982 5660 Ἀνάλαμψις,
1043 5605 1159 5658 quo
1219 5585 1495 5660 similiter
1546 5590 1751 5660 carent
1799 5583 2026 5660 Lexica,

376 5656 616 5721 habent.
652 5656 896 5733 praeter"
934 5656 1186 5733 Leonem
1248 5660 1357 5712 hoc
1408 5656 1883 5733 lo_co,§Phil_oADe
1914 5658 2030 5733 vita

386 5735 561 5793 Hosis
579 5727 779 5793 492.0.
804 5732 1155 5789 Plutarchus
1176 5738 1250 5787 De
1274 5729 1650 5786 oraculorum
1700 5727 1933 5784 defectu
1956 5731 2024 5785 II.

1690 4143 1735 4178 ‘1
1767 4142 2017 4214 ἄνοέξοντ

2134 4146 2215 4201 ›ι1.
2293 4146 2337 4181 ⁵³
2366 4142 2668 4219 ἐκληροῦτο
2701 4147 2830 4203 cod.
2886 4150 3106 4204 Auctor
3161 4148 3411 4207 fortasse
3471 4152 3790 4224 scripserat

2134 4368 2258 4443 419.
2294 4368 2522 4443 etinde
2554 4367 2844 4443 Eusebius
2876 4371 3130 4440 Prmpar.
3166 4372 3381 4443 Evang.
3416 4374 3539 4427 207.
3576 4373 3639 4427 D.

2206 4442 2321 4511 (67)
2354 4442 2433 4494 Ex
2464 4441 2660 4495 Exodo
2692 4441 2789 4495 1X.
2814 4444 2866 4495 8.
2893 4447 2950 4495 et
2984 4446 3067 4495 10.
3101 4444 3259 4497 unde
3291 4441 3565 4498 certatim
3615 4444 3785 4499 adhi-

2056 4540 2101 4603 Ι)
2133 4511 2394 4594 buerunt
2422 4513 2929 4603 comparatipnenl
2962 4514 3017 4567 S.
3048 4514 3325 4603 Joannes.
3345 4516 3646 4603 Chrysgst:
3703 4516 3789 4571 Ad

2142 4602 2243 4639 eos
2267 4584 2367 4655 qui
2412 4584 2789 4639 scandalizati
2846 4584 3088 4639 fuerunt
3120 4588 3234 4639 VII.
3272 4588 3356 4641 11.
3391 4584 3477 4642 31.
3530 4588 3584 4641 S.
3616 4590 3785 4644 Joan.

2144 4658 2412 4711 Damasc.
2448 4658 2527 4710 De
2558 4656 2831 4711 bmresib.
2892 4658 3010 4710 158.
3062 4662 3128 4713 Α.
3164 4657 3509 4714 Severianus
3541 4660 3788 4715 Gabalo-

2146 4746 2277 4782 rum
2310 4728 2623 4798 episcopus
2656 4728 2715 4781 1n
2744 4727 2898 4783 diem
2932 4728 3185 4783 alterum
3217 4731 3533 4785 creationis
3578 4732 3786 4787 mund.

2146 4802 2257 4853 Vll.
2294 4802 2415 4853 594.
2451 4801 2535 4872 3⁸8.
2568 4799 2789 4872 aliique
2825 4800 3016 4853 multi.
3044 4801 3262 4856 Partim
3297 4820 3400 4872 pro
3422 4799 3623 4868 αἷθάλη
3658 4805 3791 4860 sub-

2142 4872 2399 4944 stituunt
2427 4868 2700 4944 advntu}
2758 4871 2813 4944 S.
2866 4872 3176 4944 Gregorius
3234 4868 3531 4944 Ny—‘ssenus
3563 4877 3642 4929 De
3674 4878 3791 4931 vita

2142 4942 2316 4997 Mosis
2351 4942 2388 4996 l.
2423 4945 2542 4995 202.
2581 4943 2640 4996 C.
2671 4943 2735 4996 In
2765 4942 2997 4997 Cantic.
3038 4942 3402 5000 canticorum
3435 4950 3559 5002 i306.
3595 4949 3655 5002 Β.
3689 4947 3789 5001 alii

2138 5011 2326 5087 τέφρα,
2360 5018 2423 5067 ut
2454 5013 2685 5087 Nicetas
2716 5014 3011 5087 Heraclea:
3042 5017 3422 5087 metropolita
3450 5020 3515 5072 In
3548 5018 3787 5073 beatum

2139 5072 2247 5139 Job
2280 5072 2397 5157 169.
2434 5087 2501 5157 Α.
2536 5091 2595 5138 et
2622 5085 2749 5155 ipse
2779 5072 3426 5157 Chrysostomus‘Quod
3460 5108 3529 5145 ex
3562 5072 3790 5145 desidia

2140 5163 2334 5211 ortum
2364 5156 2580 5210 habeat
2615 5156 2963 5227 improbitas
2998 5159 3082 5212 Vl.
3116 5163 3238 5214 849.
3278 5164 3358 5215 12.

2212 5230 2322 5299 (68)
2358 5228 2607 5304 Haecest
2646 5228 2751 5282 illa
2805 5229 3037 5304 Syriaca
3108 5232 3402 5304 expeditio
3453 5233 3788 5304 Nicephori,

2141 5316 2343 5370 quam,
2367 5306 2432 5353 ut
2461 5299 2577 5353 dixi
2607 5316 2785 5370 supra
2817 5303 2939 5357 214.
2996 5303 3059 5356 D.
3107 5299 3407 5358 Cedrenus
3443 5306 3506 5359 ll.
3566 5299 3689 5359 63:5.
3723 5299 3787 5359 D.

2141 5377 2198 5444 et
2231 5373 2301 5425 Le
2338 5372 2489 5425 Beau
2524 5371 2666 5426 XV].
2705 5373 2825 5425 114.
2858 5378 2915 5427 C.
2950 5390 3260 5444 perperam
3314 5393 3472 5430 anno
3526 5379 3648 5430 966.
3685 5377 3792 5429 tri-

2140 5443 2347 5509 buunt,
2384 5444 2495 5497 Leo
2528 5449 2586 5498 et
2628 5444 2764 5514 Pagi
2796 5443 2867 5497 ad
2913 5443 3122 5501 Baroh.
3187 5449 3274 5500 ιν.
3340 5451 3420 5503 19.
3456 5449 3512 5502 C.
3546 5448 3786 5501 biennio

2138 5521 2271 5589 post
2301 5514 2592 5589 accidisse
2609 5514 3040 5570 demonstrant.
3068 5519 3371 5589 Octoginta
3388 5522 3455 5573 Μ.
3477 5520 3787 5573 hominum

2138 5587 2211 5660 ad
2236 5587 2386 5641 hanc
2409 5586 2616 5660 exped.
2643 5603 3032 5660 congregasse
3051 5586 3447 5660 Nicephorum
3474 5591 3782 5660 Luitpran-

2137 5659 2267 5785 (Il)ilis,
2303 5665 2442 5785 tuinel
2472 5658 2599 5783 CApli
2631 5658 2873 5731 degens,
2922 5666 3128 5715 auctor
3177 5658 3286 5729 est,
3326 5664 3516 5734 Legat.
3552 5658 3625 5717 ad
3658 5662 3781 5718 Nic.

2206 5748 2315 5785 lOC.
2384 5750 2416 5783 ο
2460 5771 2471 5784 .
2561 5770 2573 5784 .

2206 5748 2315 5785 lOC.
2353 5748 2442 5785 10!
2460 5771 2471 5784 .
2507 5748 2573 5784 Α.
