4060 6198
395 391 511 453 765

1715 394 2110 457 ΗΙΞΤΟΒΙιΕ
2153 393 2300 455 LIB.
2345 392 2447 454 IV.

3686 394 3805 456 766

388 524 538 599 αὗτῷ
597 524 929 591 ἀντιπνοίαις
985 526 1200 602 ἀνέμων
1260 528 1656 603 ἐκκρουόμεναι
1711 529 2027 603 καθυστέρη·

2161 527 2512 585 reﬂantibus
2544 527 2731 583 ventis
2766 526 3001 599 rejectte
3034 528 3439 597 morabantur,
3475 544 3605 585 eam
3628 544 3806 587 cursu

391 636 509 685 σαν,
565 613 767 687 ταύτην
824 614 1196 692 παραδραμὼν
1255 618 1317 673 τὸ
1370 619 1544 695 Ἂρκα
1600 618 1860 694 φρούριον
1914 616 2046 692 ἔγνω

388 702 733 780 πολιορκεῖν,
766 713 962 780 χρῆμα.
992 706 1236 762 πλούτου
1265 706 1499 783 κατέχον
1544 703 1695 762 ἔνδον
1740 705 2044 779 ἀμύθητον.

393 793 667 850 Ἐντεῦθεν
715 797 860 871 τρισὶ
913 796 1108 871 χάραξι
1160 798 1467 871 περιζώσας
1519 796 1670 865 αὐτὸ,
1731 795 2042 871 ἐπολιόρκει

392 879 855 956 ἐρρωμενέστατα,
902 883 993 937 καὶ
1048 890 1168 946 ταῖς
1222 881 1609 939 ἐλεπὸλεσιτά
1663 881 1858 937 τούτου
1916 902 2047 957 πυρ-

390 970 622 1044 γώματα
652 976 921 1040 καθελῶν,
984 971 1065 1045 ἐφ’
1119 972 1274 1036 ὅλοις
1332 972 1519 1042 ἡλίοις
1574 971 1722 1028 ἐννέα
1774 970 2043 1046 ἐπόρθησέ

390 1079 472 1129 τε,
529 1059 620 1115 καὶ
678 1059 958 1133 ἀμύθητον
1018 1060 1221 1118 ἐκεῖθεν
1305 1059 1547 1117 πλοῦτον
1632 1060 2040 1139 συνεξεφόρησεο

390 1148 483 1203 καὶ
512 1145 658 1203 ἄλλα
689 1147 747 1204 δὲ
777 1151 1013 1228 φρούρια
1036 1150 1267 1208 πλεῖστα
1298 1150 1441 1208 εἷλεν
1471 1145 1746 1209 αὐτοϐοεί.

467 1238 552 1293 ια’.
589 1239 675 1295 Ἐν
708 1238 753 1312 ᾦ
786 1237 845 1295 δὶ
869 1244 1037 1295 ταῦτα
1081 1246 1160 1313 τῷ
1222 1241 1438 1317 βασιλεῖ
1492 1240 1628 1296 κατὰ
1681 1241 1779 1310 τὴν
1844 1238 2037 1314 Συρίαν

390 1326 706 1404 ἐπράττετο,
739 1324 981 1404 ἔκλειψιν
1025 1326 1221 1402 συνέϐη
1281 1332 1406 1409 περὶ
1463 1330 1780 1407 χειμερινὰς
1835 1328 2041 1404 τροπάς

386 1421 487 1473 τοῦ
518 1417 686 1488 ἡλίου
742 1422 987 1495 γενέσθαι
1049 1423 1181 1496 (73),
1236 1421 1353 1477 οἷαν
1415 1418 1646 1495 μηδέπω
1704 1414 1898 1489 συνέϐη
1945 1440 2036 1494 γε-

388 1505 569 1562 νέσθαι
600 1508 663 1563 τὸ
692 1508 980 1587 πρότερον,
1012 1510 1159 1579 πλὴν
1194 1510 1405 1582 ἐκείνην
1437 1511 1536 1580 τήν
1571 1509 1659 1565 ἐπὶ
1688 1514 1785 1565 τοῦ
1835 1519 2039 1564 Δεσπο-

384 1601 543 1652 τικοῦ
572 1599 779 1661 πάθους
810 1594 1087 1673 προϐἆσαν
1123 1597 1213 1655 διὰ
1266 1602 1365 1669 τὴν
1426 1605 1533 1656 τῶν
1589 1599 1868 1658 Ἰουδαίων
1902 1597 2038 1653 ἀπό·-

385 1701 567 1758 νοιαν,
626 1687 693 1756 ἢν
750 1687 1194 1763 ἐπλημμέλησαν
1228 1734 1242 1760 ,
1304 1691 1519 1763 σταυρῷ
1572 1690 1664 1745 τὸν
1722 1690 1828 1744 τῶν
1891 1686 2034 1743 ὅλων

387 1777 736 1853 Δημιουργὸν
795 1778 1275 1853 προσηλώσαντες.
1345 1780 1424 1837 Τὸ
1482 1776 1541 1835 δὲ
1583 1785 1684 1848 τῆς
1740 1776 2035 1851 ἐκλείψεως

2155 624 2574 691 praetervectus
2632 620 2783 672 Arca
2840 621 3100 672 castrum
3158 634 3497 690 oppugnare
3553 619 3804 685 statuit,

2155 712 2312 783 quod
2342 713 2573 783 copiam
2606 710 2941 765 divitiarum
2983 709 3397 765 incredibilem
3440 711 3800 766 continebat.

2154 803 2241 856 Ita
2271 802 2554 873 oppidum
2588 800 2775 855 tribus
2805 801 3014 855 castris
3048 800 3479 855 circumdatum
3513 802 3799 857 acerrime

2153 890 2416 958 adortus,
2447 895 2761 962 postquam
2794 890 3087 944 machinis
3122 907 3321 945 muros
3352 890 3669 961 dejecerat,
3697 907 3803 961 per

2154 997 2365 1035 novem
2399 986 2551 1035 totos
2582 980 2709 1035 dies
2750 979 3012 1047 vastavit,
3045 985 3221 1050 atque
3282 980 3615 1034 ineffabiles
3661 980 3797 1035 inde

2154 1070 2478 1141 exportavit
2515 1086 2674 1141 opes.
2708 1070 2856 1124 Item
2896 1069 3013 1124 alia
3042 1069 3287 1125 castella
3318 1068 3576 1141 plurima
3605 1068 3796 1140 primo

2152 1160 2378 1230 impetu
2411 1160 2586 1229 cepit.

2228 1251 2323 1305 72
2358 1253 2441 1303 11.
2477 1251 2610 1305 Haec
2643 1249 2783 1304 dum
2815 1249 2887 1304 ab
2915 1248 3269 1321 imperatore
3300 1250 3361 1304 in
3395 1250 3561 1321 Syria
3580 1264 3793 1321 gerun-

2150 1343 2266 1407 tur,
2301 1338 2408 1393 sub
2437 1338 2689 1394 solstitio
2722 1339 2971 1394 hiberno
3004 1339 3145 1393 solis
3174 1339 3288 1393 fuit
3316 1339 3566 1394 defectio
3602 1338 3796 1409 qualis

2148 1447 2457 1501 nunquam
2485 1435 2660 1485 antea
2689 1431 2921 1494 accidit,
2956 1435 3171 1501 prwter
3200 1429 3366 1484 illam
3398 1447 3527 1501 quae
3568 1430 3629 1483 in
3662 1445 3798 1499 pas-

2151 1520 2316 1575 sione
2348 1520 2658 1575 Dominica
2680 1520 2851 1574 terris
2908 1519 3151 1575 inducta
3183 1524 3272 1574 est
3327 1518 3399 1573 ob
3456 1518 3795 1573 Judaaorum

2150 1612 2534 1679 dementiam,
2577 1628 2695 1682 qua
2724 1611 2996 1666 occaecati
3055 1611 3477 1665 azdificatorem
3535 1610 3796 1665 universi

2147 1703 2307 1757 cruci
2338 1702 2675 1758 afflxerunt.
2726 1701 2999 1757 Defectus
3029 1701 3225 1772 specie
3261 1699 3361 1754 tali
3401 1704 3542 1754 erat.
3580 1699 3799 1754 Vicesi-

2148 1807 2279 1846 mus
2298 1792 2594 1849 secundus
2613 1791 2739 1847 dies
2763 1790 3045 1863 agebatur
3062 1790 3285 1844 mensis
3300 1788 3637 1844 Decembris
3651 1790 3799 1845 hora

385 1862 531 1928 εἶδος
574 1871 821 1922 τοιοῦτον
876 1864 1202 1924 συνέϐαινεν·
1238 1867 1443 1927 Εἰκάδα
1498 1866 1746 1944 δευτέραν
1802 1865 2027 1937 ἤλαυνεν

2147 1881 2265 1936 diei
2295 1887 2526 1952 quarta,
2560 1882 2702 1936 caelo
2735 1896 2968 1947 sereno,
3002 1896 3134 1934 cum
3180 1878 3437 1933 tenebrae
3489 1883 3657 1933 terra:
3704 1878 3793 1932 of-

385 1956 416 2009 ὁ
476 1955 807 2032 Δεκέμϐριος
842 2002 855 2028 ,
912 1959 1140 2035 τετάρτῃ
1197 1963 1307 2033 (74)
1368 1956 1425 2015 δέ
1474 1966 1575 2028 τῆς
1632 1955 1845 2032 ἡμέρας
1900 1956 2035 2030 ὥρᾳ,

388 2053 663 2121 παθηρᾶς
694 2046 901 2122 αἰθρίας
936 2047 1125 2120 οῧσης,
1166 2048 1360 2112 σκότος
1418 2044 1617 2125 ἐπέσχε
1658 2049 1758 2117 τήν
1791 2053 1919 2121 γῆν,
1946 2044 2038 2100 καὶ

386 2137 443 2189 οἱ
508 2134 786 2214 διαφανεῖς
832 2138 945 2193 τῶν
1004 2140 1242 2213 ἀστέρων
1321 2139 1549 2201 ἅπαντες
1629 2138 2034 2214 κατεφαίνοντο.

385 2226 490 2281 ἸΙν
521 2222 579 2280 δὲ
608 2227 737 2300 ὁρᾷν
769 2226 862 2282 τόν
892 2232 990 2283 τοῦ
1040 2228 1208 2297 ἤλίου
1268 2225 1450 2283 δίσκον
1509 2226 1737 2300 ἀλαμπῆ
1769 2227 1862 2282 καὶ
1894 2227 2036 2302 ἀφώ-

382 2335 591 2385 τιστον,
623 2315 824 2391 αἴγλην
872 2315 929 2372 δέ
957 2339 1077 2373 τινα
1126 2315 1369 2391 ἀμυδρὰν
1427 2318 1517 2373 καὶ
1575 2318 1794 2392 ἰσχνὴν,
1824 2317 2036 2378 ταινίας

386 2401 548 2474 δίκην
577 2401 802 2474 λεπτῆς,
861 2408 997 2462 κατά
1051 2408 1112 2461 τὸ
1172 2407 1333 2483 ἀκρον
1391 2404 1655 2471 κυκλόθεν
1701 2407 1792 2461 τὸν
1848 2403 2030 2461 δίσκον

384 2497 876 2568 περιαυγάζουσαν.
931 2498 1080 2553 Κατά
1114 2498 1305 2573 μικρὸν
1370 2494 1428 2552 δὲ
1481 2499 1582 2567 τὴν
1636 2494 1869 2568 σελήνην
1929 2516 2033 2549 πα-

385 2578 664 2657 ραμείϐων
716 2585 744 2638 ὁ
802 2584 958 2653 ἣλιος
1016 2586 1217 2663 (ὡρᾶτο
1275 2587 1378 2662 γάρ
1434 2586 1569 2657 αὕτη
1618 2587 1753 2641 κατὰ
1808 2587 2029 2650 κάθετον

382 2672 545 2728 αὐτὸν
602 2673 1079 2751 ἀντιφράττουσα)
1153 2678 1249 2738 τάς
1300 2675 1438 2738 ἰδίας
1493 2675 1712 2738 ἀκτῖνας
1770 2674 2032 2748 ἐξέπεμπε

379 2762 474 2816 καὶ
498 2762 679 2836 φωτὸς
721 2761 875 2828 αὖθις
933 2763 1180 2840 ἐπλήρου
1236 2766 1335 2834 τήν
1388 2772 1513 2842 γῆν.
1567 2769 1657 2837 Τῷ
1710 2769 1880 2837 καινῷ
1937 2764 2028 2819 οὗν

380 2850 474 2907 καὶ
554 2852 806 2923 ἀσυνήθει
884 2858 983 2909 τοῦ
1070 2854 1343 2931 ὁράματος
1428 2852 1911 2927 ἐκδειματωθὲντες
1979 2854 2031 2908 οἱ

379 2942 686 3016 ἄνθρωποι,
714 2942 777 2998 τὸ
832 2948 987 2999 Θεῖον
1030 2945 1357 3020 ἱκετηρίαις,
1416 2944 1493 3006 ὠς
1547 2946 1608 2999 τὸ
1654 2943 1821 3013 είλὸς,
1854 2942 2027 3013 ἐξιλά-

382 3050 598 3087 σκοντο.
633 3032 774 3089 Τότε
811 3032 901 3086 καὶ
959 3032 1119 3096 αὐτὸς
1178 3031 1285 3109 ἐγὼ
1341 3038 1418 3105 τῷ
1477 3034 1757 3106 Βυζαντίῳ
1816 3032 2029 3108 ἐπεχω-

383 3120 594 3196 ρίαζον,
655 3121 852 3193 μετιὼν
911 3122 1009 3191 τὴν
1070 3120 1354 3198 ἐγκύκλιον
1419 3120 1693 3177 παίδευσιν
1750 3123 1817 3178 ³⁸.
1878 3123 1933 3174 Ὀ
1975 3118 2032 3176 δὲ

386 3208 644 3285 βασιλεὺς
672 3207 779 3284 (δεῖ
809 3211 911 3285 γὰρ
942 3211 1033 3265 τὸν
1094 3209 1261 3285 λόγον
1316 3216 1411 3265 τοῦ
1457 3212 1648 3285 εἱρμοῦ
1705 3209 2030 3284 ἐκτραπέντα

383 3298 470 3353 ἐπ’
512 3299 672 3354 αὐτὸν
728 3304 920 3354 τοῦτον
972 3299 1124 3364 αὖθις
1180 3299 1582 3375 ἐπαναγαγεῖν),
1639 3299 1752 3356 ἐπεὶ
1804 3301 1870 3355 τά
1920 3305 2028 3355 τῶν
2063 3283 2104 3348 C

384 3387 643 3444 ἐναντίων
676 3389 909 3467 φρούρια
952 3390 1094 3445 εἷλεν
1154 3390 1385 3460 ἀκονιτὶ,
1439 3390 1527 3445 ἐπὶ
1581 3392 1681 3460 τήν
1741 3390 2032 3465 Ἀντιόχου

383 3476 674 3551 ἐπορεύετο
732 3480 1078 3552 παμπληοεὶ,
1136 3481 1225 3535 καὶ
1281 3480 1387 3555 πρὸ
1445 3484 1551 3535 τῶν
1606 3484 1808 3553 τειχῶν
1863 3479 2029 3548 αὐτῆς

383 3568 696 3642 πηξάμενος
739 3573 976 3645 χάρακα,
1035 3569 1168 3633 τοὺς
1215 3570 1549 3646 στρατηγοὺς
1602 3570 1691 3625 καὶ
1750 3568 2029 3646 λοχαγοὺς

384 3660 772 3734 συναγηοχὼς,
808 3659 860 3714 ἐν
893 3664 1146 3735 περιωπῇ
1176 3681 1235 3715 τε
1263 3660 1399 3715 κατὰ
1436 3661 1499 3715 τὸ
1556 3659 1816 3734 ὕπαιθρον
1877 3658 2026 3730 στὰς,

378 3747 529 3821 ἔλεξε
580 3751 843 3804 tat-31:25"
906 3776 931 3801 ‹‹
968 3750 1050 3806 Τά
1109 3751 1204 3823 μὲν
1265 3750 1510 3805 ἐπέκεινα
1567 3749 1767 3818 ταύτης
1823 3751 2024 3822 ἀνῳκι-

377 3840 547 3910 σμένα
584 3845 683 3909 τῆς
737 3836 952 3901 πόλεως
1011 3838 1245 3917 φρούρια
1298 3843 1366 3913 τῇ
1424 3845 1523 3907 τῆς
1572 3838 1835 3914 Προνοίας
1880 3838 2023 3914 ῥοπῇ

369 3928 464 3983 καὶ
496 3933 565 4003 τῇ
597 3934 744 4007 σφῶν
778 3928 1031 4003 ἐμπειρίᾳ
1066 3929 1200 4003 μετά
1256 3936 1355 3999 τῆς
1415 3930 1725 4005 προσούσης
1777 3926 2022 4002 ἀνδρείας

367 4016 620 4093 εἵλομεν,
654 4021 728 4081 ὡς
789 4019 922 4088 ἴστε,
981 4024 1398 4095 συστρατιῶται,
1457 4019 1602 4093 παρά
1665 4023 1836 4073 πᾶσαν
1889 4019 2021 4073 ὑπό-

358 4129 541 4164 νοιαν.
576 4110 677 4164 Καὶ
722 4110 887 4183 χάριν
941 4109 1211 4181 ὁμολογῶ
1265 4108 1528 4179 πλείστην
1588 4109 1739 4180 ὑμῖν,
1773 4108 1857 4163 ὅτι
1887 4108 2024 4182 πρὸς

353 4197 464 4270 ἐμὲ
520 4197 610 4251 τὸν
676 4199 829 4269 ὑμῶν
886 4199 1197 4273 ἀνρορῶντες
1257 4197 1523 4273 ἡγεμόνα,
1579 4198 1677 4253 οὐκ
1734 4195 2022 4252 ὠκλάσατε

350 4286 491 4361 περὶ
520 4307 578 4340 τε
602 4290 710 4341 τῶν
745 4284 953 4356 ἀηδῶν,
986 4286 1017 4341 ἃ
1047 4286 1277 4342 πλεῖστα
1331 4287 1421 4341 καὶ
1488 4288 1684 4361 ἀπηχῆ
1746 4286 2018 4363 ἐπιφέρειν

353 4374 508 4431 οἶδεν
542 4376 568 4429 ὁ
600 4376 866 4449 πόλεμος,
921 4379 1005 4449 [Ρ.
1044 4378 1132 4449 dii]
1192 4375 1316 4431 ἀλλ’
1350 4374 1492 4430 οὕτω
1526 4377 1660 4449 μετά
1708 4376 2017 4451 προθυμίας

350 4467 456 4521 καὶ
489 4463 884 4540 λελογισμένης
921 4465 1114 4542 ῥώμης
1171 4463 1588 4540 διηγωνίσασοε,
1623 4466 1759 4522 ὥστε
1823 4463 2014 4538 μηδὲν,

358 4557 451 4617 οἷς
483 4550 836 4628 προϐάλομεν
867 4556 914 4592 ⁶⁰
942 4560 1049 4610 τῶν
1097 4557 1396 4633 φρουρίων,
1431 4556 1717 4631 ὑπέρτερον
1776 4555 2015 4629 γενέσθαι

355 4650 466 4712 τῆς
526 4645 677 4715 ὑμῶν
738 4645 932 4716 ἀρετῆς
968 4690 982 4714 ,
1061 4645 1150 4698 καὶ

357 4731 505 4787 Οἶδα
535 4731 591 4789 δὲ
645 4733 737 4788 καὶ
786 4735 847 4788 τὸ
910 4735 1041 4806 πρὸς
1092 4737 1191 4801 τήν
1252 4734 1594 4812 κατασκαιρὴν
1648 4733 1874 4803 ταυτησὶ
1916 4740 2015 4801 τῆς

354 4821 585 4885 πόλεως
618 4823 896 4898 πρόθυμον
934 4824 1111 4896 ὑμῶν,
1144 4824 1293 4885 ὅπως
1336 4825 1530 4897 ὀργᾶτε
1581 4824 1667 4877 καὶ
1724 4820 2018 4897 σφαὸαζετε

352 4915 401 4982 ἡ
432 4913 677 4986 στρατιὰ,
705 4911 909 4982 ταύτην
942 4912 1329 4986 κατεριπώσειν
1373 4912 1460 4967 καὶ
1513 4911 1737 4986 δῃώσειν
1762 4913 1808 4949 θί
1858 4911 2012 4986 πυρί.

2150 1970 2298 2026 fusa:
2331 1976 2490 2040 sunt,
2526 1970 2833 2041 stellaeque
2868 1969 3188 2024 lucidiores
3215 1984 3423 2021 omnes
3454 1984 3514 2021 se
3545 1983 3794 2038 aperue-

2149 2065 2307 2115 runt.
2342 2062 2577 2114 Poterat
2606 2060 2801 2114 videre
2825 2058 3234 2129 unusquisque
3263 2056 3404 2111 solis
3429 2055 3631 2110 orbem
3663 2056 3793 2110 sine

2149 2149 2485 2220 splendore,
2518 2150 2668 2204 lucis
2700 2154 3022 2220 expertem,
3065 2146 3475 2218 fulgoremque
3530 2143 3791 2213 aliquem

2147 2238 2465 2293 obscurum
2481 2255 2546 2294 ac
2568 2244 2831 2302 tenuem,
2864 2236 3059 2291 fascia:
3083 2240 3345 2307 angustae
3368 2235 3575 2301 instar,
3594 2239 3788 2288 extre-

2146 2328 2260 2382 mis
2284 2328 2550 2399 partibus
2571 2344 2676 2398 per
2696 2343 2861 2381 oram
2883 2324 3042 2380 orbis
3066 2323 3616 2379 circumlucentem.
3645 2324 3789 2377 Pau-

2148 2418 2316 2474 latim
2349 2435 2483 2473 vero
2517 2418 2603 2473 sol
2637 2414 3132 2488 praetergrediens
3186 2415 3389 2469 lunam
3448 2414 3791 2485 (apparebat

2147 2509 2306 2563 enim
2337 2509 2462 2563 haac
2492 2507 2565 2562 ad
2592 2505 3084 2578 perpendiculum
3116 2504 3285 2559 illum
3319 2504 3641 2571 obducens)
3673 2505 3792 2575 pri-

2146 2598 2331 2653 stinos
2356 2597 2555 2651 radios
2587 2594 2804 2661 emisit,
2829 2595 3078 2664 luceque
3111 2592 3304 2648 denuo
3336 2592 3655 2664 complevit
3676 2598 3795 2646 ter-

2143 2703 2291 2742 ram.
2327 2687 2450 2751 Quo
2477 2702 2627 2740 novo
2667 2690 2846 2754 atque
2899 2682 3139 2737 insolito
3174 2682 3511 2752 spectaculo
3552 2687 3794 2736 contur-

2142 2774 2262 2830 bati
2297 2774 2593 2831 homines.
2634 2789 2878 2839 numen,
2938 2778 3004 2827 ut
3060 2788 3166 2843 par
3222 2776 3368 2838 erat,
3427 2769 3795 2842 supplicibus

2144 2863 2292 2919 votis
2325 2862 2661 2934 placabant.
2704 2861 2923 2917 Eadem
2976 2866 3326 2932 tempestate
3372 2860 3499 2931 ipse
3557 2875 3793 2930 quoque

2143 2952 2655 3024 Constantinopoli
2686 2950 3120 3020 commorabar,
3143 2965 3502 3021 operamque
3528 2948 3793 3003 liberali-

2142 3042 2252 3098 bus
2285 3041 2617 3114 disciplinis
2648 3040 2881 3096 dabam.
2916 3042 3245 3111 Imperator
3297 3045 3496 3094 autem
3543 3040 3796 3109 (oportet

2144 3130 2302 3184 enim
2325 3130 2657 3184 orationem
2680 3145 2710 3182 e
2741 3133 3019 3183 contextu
3044 3143 3341 3198 egressam
3368 3126 3441 3179 ad
3470 3126 3639 3180 illum
3667 3142 3794 3179 rur-

2144 3236 2244 3274 sus
2266 3218 2514 3289 reduci),
2548 3218 3021 3273 adversariorum
3054 3215 3314 3271 castellis
3354 3214 3519 3268 nullo
3554 3215 3788 3285 negotio

2144 3309 2353 3379 captis,
2381 3325 2515 3362 cum
2549 3306 2823 3361 omnibus
2856 3306 3045 3376 copiis
3085 3304 3460 3359 Antiochiam
3493 3303 3791 3373 profectus

2144 3402 2251 3463 est,
2295 3397 2622 3467 castrisque
2654 3394 2725 3448 ad
2760 3410 2994 3448 murum
3026 3392 3255 3463 positis,
3294 3391 3547 3446 tribunis
3579 3398 3786 3445 centu-

2142 3485 2524 3554 rionibusque
2564 3483 2919 3547 convocatis,
2952 3498 3081 3536 cum
3126 3482 3254 3535 loco
3311 3480 3629 3551 conspicuo
3681 3479 3788 3533 sub

2140 3573 2270 3628 divo
2328 3573 2712 3635 constitisset,
2764 3570 3055 3643 ejusmodi
3133 3570 3480 3625 concionem
3534 3568 3786 3623 habuit:

2139 3665 2442 3718 «Remota
2476 3663 2571 3717 73
2614 3661 2769 3717 ultra
2826 3662 2977 3716 hanc
3044 3660 3253 3715 urbem
3293 3660 3538 3715 castella
3594 3660 3784 3730 provi-

2136 3752 2354 3807 dentia}
2385 3757 2532 3809 nutu
2564 3768 2794 3823 usuque
2824 3756 3013 3806 vestro
3042 3750 3105 3805 in
3127 3766 3189 3805 re
3222 3749 3485 3819 militari,
3506 3766 3639 3805 cum
3670 3750 3784 3804 vir-

2136 3846 2259 3895 tute
2294 3841 2633 3912 conjuncto,
2669 3839 3153 3912 expugnavimus,
3197 3843 3264 3893 ut
3315 3838 3499 3904 scitis,
3535 3838 3783 3893 commi-

2135 3929 2371 3995 litones,
2414 3936 2628 4001 praeter
2694 3945 2931 3984 omnem
2992 3929 3357 4000 opinionem.
3418 3929 3787 3999 Quapropter

2133 4021 2385 4091 gratiam
2400 4037 2493 4075 me
2525 4019 2741 4075 habere
2765 4018 2925 4074 vobis
2947 4018 3267 4089 plurimam
3293 4018 3599 4083 conﬁteor,
3626 4018 3783 4089 quod

2133 4109 2195 4163 in
2227 4126 2343 4174 me,
2380 4109 2589 4163 ducem
2631 4114 2913 4174 vestrum,
2960 4107 3263 4161 intuentes
3293 4106 3399 4161 ulli
3432 4106 3620 4160 labori
3661 4122 3781 4159 non

2133 4198 2550 4264 succubuistis,
2567 4214 2714 4267 quos
2738 4196 3027 4267 plurimos
3051 4196 3451 4265 molestosque
3471 4195 3777 4265 imponere

2134 4287 2284 4341 solet
2306 4286 2551 4352 bellum,
2581 4285 2861 4356 quodque
2884 4284 3079 4355 potius
3100 4290 3263 4338 tanta
3292 4300 3425 4337 cum
3449 4282 3778 4350 alacritate,

2130 4376 2402 4445 consilio,
2434 4375 2807 4441 fortitudine,
2841 4390 2965 4428 rem
3006 4374 3291 4445 gessistis,
3321 4377 3385 4426 ut
3416 4370 3645 4425 nullum
3678 4371 3774 4426 cui

2128 4484 2237 4521 nos
2267 4467 2637 4521 admovimus
2672 4464 2983 4520 castellum
3027 4464 3301 4517 virtutem
3362 4466 3615 4517 vestram
3676 4480 3777 4517 su-

2126 4558 2438 4628 peraverit,
2470 4557 2865 4625 relictumque
2897 4556 2973 4609 sit
3002 4554 3146 4624 quin
3178 4559 3633 4626 expugnaretur.
3666 4556 3778 4609 Ne-

1235 4647 1658 4721 καταλειιρθῆναι
1710 4644 2009 4700 ἀνάλωτον.

2142 4664 2241 4717 ιιιθ
2273 4647 2472 4701 minus
2502 4651 2808 4717 perspecta
2841 4644 2985 4698 mihi
3021 4649 3111 4698 est
3130 4649 3322 4697 vestra
3358 4642 3775 4698 exscindenda

2128 4736 2307 4807 hujus
2337 4736 2503 4790 urbis
2534 4733 2849 4805 cupiditas,
2884 4738 3249 4804 quantopere
3283 4731 3570 4803 expetatis
3608 4738 3776 4803 opte-

2127 4825 2322 4896 tisque
2352 4842 2452 4879 vos
2512 4823 2797 4894 legiones,
2860 4822 3096 4877 diruere
3155 4821 3318 4877 illam
3375 4821 3771 4891 incendioque

2124 4920 2374 4971 vastare.
2414 4915 2628 4968 Verum
2663 4911 3103 4967 commiseratio
3137 4927 3231 4967 me
3284 4912 3556 4983 quaedam
3617 4910 3776 4966 subit

1553 5066 1615 5121 C.
1661 5068 1719 5121 Β.
1764 5066 1952 5121 llASIl
1993 5064 2557 5121 ANNOTATIONES.

429 5208 480 5244 ⁵⁸
508 5205 803 5280 παίδευσιν.
838 5208 963 5265 Vid.
1000 5225 1187 5280 supra
1208 5212 1297 5280 4ο.
1334 5210 1393 5263 Α.
1426 5210 1485 5262 Β.

1561 5208 1609 5243 ⁵ο
1646 5211 1832 5265 ταῦτα.
1864 5209 2030 5264 Alius
2060 5214 2265 5263 auctor
2288 5207 2535 5263 dixisset
2562 5201 2711 5263 τάδε.

2786 5206 2831 5241 ⁸ο
2862 5206 2991 5279 Leg.
3026 5199 3458 5279 προσεϐάλομεν,
3492 5205 3577 5260 vel
3614 5209 3770 5261 certe

344 5289 462 5339 aut
490 5274 877 5356 προύϐάλομεν
911 5287 1013 5336 aut
1040 5274 1461 5354 π’ροϐάλλομεν,
1540 5280 1583 5317 ⁶¹
1616 5276 1818 5348 δωὴσιν
1856 5282 1985 5352 (sic)
2016 5280 2146 5335 cod.

429 5452 539 5519 (73)
570 5453 649 5506 De
682 5452 791 5505 hoc
825 5451 966 5505 solis
996 5450 1258 5521 deliquo,
1303 5450 1461 5505 unde
1493 5450 1787 5521 praecipue
1820 5455 2001 5520 patet,

346 5523 798 5594 expeditionem
832 5523 1127 5594 Syriacam
1187 5523 1501 5593 Nicephori
1562 5521 1637 5594 ad,
1691 5538 1832 5594 ann.
1879 5523 2001 5575 968.

346 5593 1109 5670 pertineretnecLeonem
1136 5599 1470 5670 temporum
1516 5593 2002 5670 ordineinjnter-

344 5665 626 5732 vertisse,
658 5665 787 5720 vide
816 5665 1004 5736 Calvis
1058 5668 1161 5736 Op.
1224 5665 1493 5719 chronol.
1548 5668 1669 5720 699.
1714 5667 1757 5719 D
1794 5666 2001 5736 Baron.

351 5737 569 5797 Annal.
604 5737 759 5794 Eccl.
793 5735 933 5792 XVI.
988 5735 1122 5792 375.7
1162 5738 1225 5792 A.
1261 5736 1505 5809 Pagium
1535 5736 1732 5791 Critic.
1789 5735 1878 5791 IV.
1918 5738 2001 5791 19.

2112 5454 2175 5504 Ῐ).
2206 5448 2441 5512 accidit,
2475 5454 2540 5502 ut
2570 5454 2727 5503 recte
2761 5448 2844 5503 ait
2903 5450 3032 5514 Leo,
3079 5449 3114 5503 d
3172 5452 3258 5502 22.
3294 5449 3633 5503 Decembris
3665 5464 3762 5502 an.

2113 5523 2235 5576 968.
2272 5538 2404 5575 cum
2466 5521 2826 5591 Nicephorus
2859 5521 2917 5573 in
2952 5521 3117 5591 Syria
3172 5528 3393 5589 ageret,
3456 5522 3765 5589 Luitpran—

2113 5593 2222 5647 dus
2248 5592 2307 5646 in
2352 5592 2581 5646 Italiam
2618 5592 2853 5646 rediens
2885 5592 3150 5661 Corcyra:
3209 5595 3265 5644 in
3324 5609 3507 5645 mensa
3551 5592 3763 5660 positus

2106 5680 2312 5735 panem
2343 5664 2660 5735 comederet.
2706 5664 2898 5734 Legat.
2933 5663 3005 5717 ad
3040 5663 3280 5735 Niceph.
3318 5665 3438 5735 159.
3482 5663 3546 5735 D_.

2186 5737 2299 5807 (74)
2332 5734 2724 5789 Combeﬁsius
2756 5732 2920 5790 tertia
2950 5751 3041 5805 ap.
3072 5732 3314 5804 Pagium
3349 5734 3439 5785 ιν.
3471 5733 3555 5785 20.
