4108 6198
376 336 496 402 ’767

1754 329 2046 391 LEONIS
2089 327 2406 391 DIACONI

3668 333 3791 394 768

381 469 533 541 ejus,
567 469 614 523 si
649 468 888 539 quidem
913 465 1077 532 urbs,
1128 479 1259 534 quas
1299 463 1542 517 tertium
1572 461 1770 516 locum
1797 462 1858 516 in
1889 461 2019 516 orbe

2143 457 2299 516 Ἀλλ’
2327 459 2508 522 οἶκτός
2545 457 2612 533 μέ
2664 479 2748 523 τις
2805 459 3184 536 ὑπεισέρχεται
3239 461 3462 534 ταύτης,
3521 461 3569 518 εί
3627 461 3791 538 τρίτη

381 566 552 615 terrm
585 559 831 622 obtinet,
867 573 970 611 seu
993 552 1501 626 pulchritudinem
1526 557 1702 622 atque
1733 551 2030 623 magnitu-

373 650 574 704 dinem
609 647 892 702 moanium
921 644 1152 713 (videtis
1179 643 1338 697 enim
1370 643 1429 696 in
1453 647 1738 713 quantam
1762 641 2030 696 altitudi-

373 754 511 792 nem
535 751 601 788 ea
625 739 911 802 surgunt),
933 732 1050 785 sive
1079 731 1522 785 multitudinem
1549 730 1755 802 populi
1779 729 2026 784 mdium-

377 842 491 896 que
519 824 818 878 inﬁnitam
853 822 1285 892 supellcctilem
1333 821 1657 892 aspexeris,
1713 821 2029 876 ruderibus

378 912 868 985 obtectajacebit,
895 912 1062 983 quasi
1094 911 1405 966 castellum
1436 911 1886 982 pauperculum.
1919 911 2026 964 Ne-

378 1019 492 1074 que
524 1002 710 1074 magis
743 1001 1035 1056 exercitus
1067 999 1312 1054 Romani
1337 1000 1398 1053 in
1425 1015 1494 1054 ea
1524 999 1838 1054 evertenda
1868 1014 2026 1054 com-

378 1093 652 1161 moratio,
686 1098 752 1147 ut
782 1110 912 1163 qum
964 1108 1000 1146 a
1048 1091 1221 1145 nobis
1281 1089 1503 1144 domita
1525 1090 1650 1161 jam
1703 1089 1858 1145 bello
1909 1089 2028 1144 sint

375 1183 841 1255 pessumdentur
863 1183 1078 1236 iterum
1104 1180 1600 1252 diripianturque,
1633 1179 1864 1234 videtur
1881 1179 2026 1234 mihi

374 1273 668 1328 rationem
701 1272 942 1326 habere.
1005 1271 1236 1324 Etenim
1297 1285 1400 1342 ego
1434 1269 1592 1324 hunc
1650 1270 2026 1341 potissimum

379 1363 629 1420 dixerim
661 1363 1006 1430 diligentem
1038 1362 1272 1430 ducem,
1309 1362 1408 1432 qui
1437 1361 1888 1432 irruptionibus,
1922 1361 2024 1432 qui

379 1455 604 1509 stativis
635 1453 1109 1508 adversariorum
1158 1451 1289 1506 loca
1348 1457 1518 1506 vexat
1555 1457 1729 1522 atque
1787 1451 2022 1524 perdit:

381 1545 484 1600 sed
508 1545 556 1600 si
579 1545 713 1615 quis
741 1561 879 1599 suos
911 1545 1060 1599 fines
1092 1561 1224 1599 cum
1275 1543 1724 1598 excursionibus
1758 1549 1883 1598 tum
1916 1544 2023 1598 do-

378 1652 541 1690 mum
573 1633 1009 1690 reversionibus
1032 1634 1334 1704 copiarum
1359 1632 1704 1704 pessumdat
1722 1637 1900 1703 atque
1925 1635 2024 1688 74

375 1725 648 1792 conterit,
682 1725 840 1778 hunc
887 1722 1054 1777 nulla
1083 1723 1171 1777 vel
1201 1722 1398 1794 potius
1454 1722 1613 1776 mala
1643 1728 1840 1776 mente
1868 1739 2022 1794 pra)-

376 1813 566 1868 ditum
599 1813 795 1868 dicere
828 1828 947 1866 non
980 1811 1321 1868 reformido.
1357 1811 1640 1866 Similiter
1670 1812 1832 1867 enim
1881 1812 2022 1868 facit

375 1908 442 1958 ut
463 1918 640 1958 canes
671 1902 729 1956 in
752 1901 952 1956 fabula
982 1901 1188 1966 notati,
1220 1901 1320 1972 qui
1353 1917 1488 1956 cum
1518 1901 1691 1973 lupos
1720 1901 1792 1956 ab
1817 1902 2020 1957 ovibus

373 1991 664 2063 repellere
696 1990 970 2058 debeant,
1021 1988 1397 2062 pecudesque
1452 1989 1523 2044 ab
1583 1990 1817 2044 insidiis
1847 1990 2020 2057 tueri,

370 2086 766 2153 praeterquam
801 2080 957 2151 quod
987 2079 1160 2151 lupos
1186 2096 1305 2134 non
1337 2079 1656 2150 repellunt,
1689 2079 1801 2150 ipsi
1835 2080 2020 2152 magis

371 2186 548 2242 quam
581 2171 671 2225 hze
708 2170 922 2225 bellua:
951 2169 1206 2240 pecudes
1237 2170 1639 2224 conscindunt
1669 2176 1846 2241 atque
1872 2171 2020 2225 dila-

375 2261 560 2316 niant.
596 2260 874 2323 Proinde,
909 2259 957 2313 si
989 2259 1150 2314 vobis
1181 2259 1410 2313 videtur
1458 2260 1723 2330 mihique
1755 2259 2018 2328 creditis,

375 2350 859 2423 quandoquidem
879 2350 972 2403 hic
993 2349 1256 2403 tumulus
1272 2348 1652 2403 ﬁrmissimus
1673 2349 1924 2418 videtur,
1949 2350 2023 2404 ir-

365 2444 692 2516 riguusque
726 2443 895 2512 aquis
915 2448 1022 2504 est,
1049 2441 1219 2496 illum
1243 2441 1520 2513 evestigio
1543 2441 2020 2497 communiamus

366 2532 460 2587 ala
513 2531 780 2601 equitum
838 2537 897 2585 et
954 2531 1193 2585 cohorte
1245 2531 1504 2585 militum
1558 2531 1638 2585 ibi
1671 2532 1923 2586 relicto:
1956 2538 2021 2587 ut

366 2620 733 2693 quotidianis
757 2620 1188 2691 eruptionibus,
1213 2619 2015 2688 decursionibus,alimento-

365 2727 501 2765 rum
534 2708 994 2779 direptionibus,
1017 2709 1266 2764 fractam
1296 2709 1694 2777 Antiochiam,
1719 2710 1780 2765 in
1803 2727 2018 2784 angus-

368 2803 600 2872 tiasque
632 2817 896 2856 summas
927 2801 1319 2872 compulsam,
1341 2800 1434 2856 vel
1463 2801 1708 2857 invitam
1740 2819 2018 2875 cogamus

367 2893 770 2946 Romanorum
799 2907 860 2945 se
893 2891 1239 2962 permittere
1269 2891 1503 2945 ditioni.
1539 2913 1568 2942 »
1601 2892 1718 2947 Hac
1749 2893 2017 2948 oratione

369 2980 590 3044 habita,
623 2981 968 3052 imperator,
1004 2979 1263 3051 lapidem
1294 2980 1355 3034 in
1387 2981 1667 3036 humeros
1725 2982 2017 3038 extollens

369 3071 519 3140 (erat
544 3070 705 3124 enim
735 3069 1038 3142 popularis
1065 3070 1124 3124 in
1157 3070 1452 3141 ejusmodi
1485 3070 1662 3126 rebus
1693 3087 1759 3126 ac
1803 3071 2014 3126 mode-

364 3161 530 3229 stus),
563 3158 914 3214 ascenditin
952 3159 1267 3226 tumulum,
1303 3164 1424 3214 toto
1458 3159 1720 3215 exercitu
1751 3160 1909 3214 idem
1932 3160 2012 3215 fa-

2133 553 2241 603 τῶν
2287 549 2410 624 περὶ
2467 551 2567 619 τήν
2625 547 2956 623 οἰκουμένην
3011 549 3246 606 τελοῦσα
3304 551 3542 622 πόλεων,
3596 557 3678 624 τῷ
3729 573 3794 607 τε

2133 637 2328 693 κάλλει
2359 640 2447 694 καί
2476 643 2556 711 τῷ
2618 640 2830 714 μεγέθει
2895 645 3003 696 τῶν
3071 636 3383 712 περιόόλων
3443 643 3628 716 (ὁρᾶτε
3681 644 3792 717 γάρ

2165 725 2184 748 λ
2267 728 2274 743 ν
2406 729 2460 768 η,
2516 750 2537 764 Α
2593 730 2608 745 ς
2762 751 2791 763 ,-
2830 730 2842 750 ο
3111 731 3135 748 ν·
3326 727 3351 764 1’
3465 728 3517 762 (κε
3659 733 3692 761 .'

2135 748 2212 790 εις
2245 731 2372 784 ὅσον
2404 750 2536 803 ego.
2591 751 3027 786 επαναιεινονται
3075 735 3268 803 ουτοι),
3326 753 3404 786 ετι
3461 751 3519 786 οε
3573 729 3789 801 πληοει

2132 821 2228 872 τοῦ
2271 815 2452 892 δήμου
2511 820 2601 874 καὶ
2656 825 2764 876 τῶν
2798 819 2988 875 οἷκιῶν
3049 820 3361 894 ἀμηχάνοις
3407 826 3789 889 κατασκευαῖς,

2134 905 2371 983 ἐρείπιον
2428 907 2681 979 κείσεται,
2739 910 2876 965 κατὰ
2930 931 2984 965 τι
3051 910 3310 988 φρούριον
3365 910 3648 986 πενιχράν.
3709 911 3792 967 Τὸ

2133 993 2191 1051 δὲ
2229 999 2328 1065 τήν
2369 1000 2684 1072 Ῥωμαῖκήν
2737 1001 2988 1075 στρατιὰν
3040 1001 3177 1055 κατᾶ
3227 1001 3326 1070 τὴν
3383 1001 3584 1071 ταύτης
3615 1021 3789 1056 καταο

2129 1083 2332 1162 τρίϐειν
2395 1085 2746 1161 ἐκπόρθησιν,
2802 1090 2890 1144 καὶ
2946 1089 3014 1145 τὰ
3073 1091 3198 1164 ὑμῖν
3263 1090 3666 1162 ὑποποιηθέντα
3704 1097 3792 1166 τῷ

2130 1177 2398 1249 πολεμεῖν
2429 1176 2578 1240 αὖθις
2639 1175 2969 1256 διαφθείρειν
3021 1200 3081 1235 τε
3109 1179 3200 1234 καὶ
3238 1177 3557 1251 λεηλατεῖν,
3593 1179 3656 1234 οίί
3689 1202 3789 1254 μοι

2129 1271 2252 1322 νοῦν
2283 1265 2428 1343 ἔχειν
2485 1266 2654 1328 δοκεῖ.
2712 1271 2851 1344 Ἐγὼ
2907 1270 3012 1346 γὰρ
3071 1269 3274 1326 ἐκεῖνον
3339 1269 3582 1344 μάλιστα
3610 1271 3784 1349 φαίην

2128 1355 2493 1430 κηδεμονικὸν
2555 1359 2898 1434 στρατηγὸν,
2951 1361 3043 1415 τὸν
3108 1365 3230 1424 ταῖς
3288 1359 3628 1434 έπεξελᾶσεσι
3691 1363 3788 1417 καὶ

2129 1445 2525 1519 διαμελλήσεσι
2555 1449 2656 1516 τήν
2686 1453 2796 1504 τῶν
2827 1448 3078 1504 ἐναντίων
3139 1454 3406 1506 κακοῦντα
3472 1451 3662 1526 χώραν
3690 1452 3786 1507 καὶ

2129 1533 2528 1613 διαφθείροντα’
2561 1536 2734 1594 τὸνδέ
2774 1559 2838 1614 γε
2891 1541 2991 1610 τὴν
3041 1538 3245 1595 οἰκείαν
3297 1545 3416 1602 ταῖς
3463 1547 3566 1611 τῆς
3618 1562 3783 1614 στραο

2127 1632 2245 1692 τιᾶς
2275 1625 2571 1704 ἐκδρομαῖς
2615 1629 2702 1684 καὶ
2761 1630 2911 1692 αὖθις
2965 1632 3102 1686 κατᾶ
3167 1631 3356 1706 χώραν
3415 1631 3785 1710 ἀναστροφαῖς

2127 1716 2590 1792 παραπολλύοντα
2646 1719 2737 1774 καὶ
2814 1716 3133 1796 ἐκτρίϐοντα
3165 1765 3178 1792 ,
3237 1725 3430 1778 τοῦτον
3516 1722 3782 1793 ἀνόητον,

2051 1842 2097 1906 Β
2130 1805 2344 1880 μᾶλλον
2393 1806 2451 1862 δὲ
2501 1810 2930 1865 κακονούστατον
2988 1811 3274 1884 ὀνομάζειν
3308 1809 3408 1867 ούκ
3436 1810 3494 1866 ἂν
3528 1811 3786 1883 ἀποκνη-

2125 1915 2304 1970 σαιμι·
2345 1897 2652 1972 παρόμυίόν
2681 1919 2734 1954 τι
2768 1895 3184 1976 διεργαζόμενον
3239 1905 3346 1956 τῶν
3380 1905 3450 1974 τῇ
3507 1902 3786 1978 παροιμίᾳ

2124 1983 2583 2060 κωμῳδουμένων
2621 1991 2821 2058 κυνῶν,
2854 1986 2906 2044 οἵ
2935 1988 3064 2054 τοὺς
3111 1988 3314 2052 λύκους
3347 1994 3453 2046 τῶν
3488 1986 3783 2065 προϐάτων

2125 2071 2416 2130 ἀποσοϐεῖν
2463 2075 2862 2155 ἐποφείλοντες,
2917 2079 3006 2134 καὶ
3058 2079 3126 2135 τά
3187 2080 3510 2156 βοσκήματα
3567 2081 3784 2159 φυλατ-

2121 2185 2232 2220 τειν
2267 2161 2743 2234 ἀνεπιϐούλευτον,
2793 2167 2846 2222 οἱ
2905 2164 2984 2237 δὲ,
3042 2169 3183 2244 πρὸς
3230 2173 3310 2240 τῷ
3349 2170 3427 2242 μή
3460 2165 3782 2241 ἀποσοϐεῖν,

2130 2253 2345 2328 μᾶλλον
2375 2256 2481 2310 τῶν
2537 2256 2742 2331 θηρίων
2802 2257 2956 2314 αὐτοὶ
3015 2256 3368 2314 διακόπτουσι
3423 2261 3513 2314 καὶ
3546 2257 3782 2316 διασπα-

2126 2345 2430 2416 ράττοιισιν.
2487 2345 2552 2401 Εἰ
2613 2345 2704 2400 οὖν
2767 2343 3039 2402 δοκεῖκαὶ
3081 2348 3325 2412 πείθεσθέ
3385 2371 3505 2422 μοι,
3553 2349 3777 2425 ἐπείπερ

2125 2431 2358 2512 ὁλόφος
2417 2433 2770 2510 ὀχυρώτατος
2830 2436 3013 2492 οὐτοσὶ
3070 2438 3470 2511 καταφαίνεται,
3529 2438 3620 2494 καὶ
3678 2461 3781 2494 κα·-

2121 2522 2387 2599 τάῤῥυτός
2431 2522 2571 2579 ἐστιν
2633 2522 2817 2580 ὕδασιν
2877 2527 2951 2588 ὡς
3010 2528 3190 2603 ὁρᾶτε,
3221 2531 3413 2583 τοῦτον
3471 2525 3540 2597 δή
3596 2548 3778 2604 τειχι-

2125 2613 2276 2667 στέον
2310 2611 2555 2686 ἐξαυτῆς,
2594 2615 2684 2670 καὶ
2745 2613 2872 2686 ἴλην
2905 2615 3114 2672 ἱππέων
3164 2616 3255 2672 καὶ
3315 2621 3535 2690 σπεῖραν
3595 2623 3776 2688 πεζῶν

2123 2700 2176 2755 ἐν
2211 2701 2357 2774 αὐτῷ
2397 2701 2600 2758 ἐατέον·
2663 2702 2801 2759 ὥστε
2853 2707 2972 2769 καθ’
3032 2705 3258 2778 ἑκάστην
3317 2706 3655 2778 ἐπεξελάσεσι
3687 2708 3778 2762 καὶ

2121 2788 2498 2865 καταδρομαῖς
2528 2835 2543 2862 ,
2599 2791 2691 2848 καὶ
2743 2798 2852 2850 τῶν
2904 2793 3230 2868 ἐπιτηδείων
3291 2794 3621 2872 διαρπαγαῖς
3676 2799 3776 2866 τήν

2126 2880 2426 2954 Ἀντιόχου
2475 2881 2900 2954 ταπεινώσωσι,
2940 2885 3028 2939 καὶ
3087 2884 3168 2947 εἷς
3226 2884 3540 2962 ἀμηχανίαν
3598 2884 3780 2956 δεινὴν

2122 2966 2574 3034 καταγλείσαντες
2611 2971 2702 3026 καὶ
2759 2972 2992 3029 ἄκουσαν
3049 2973 3410 3049 ἀναγκάσωσι,
3479 2976 3784 3049 Ῥωμαίοις

2121 3059 2371 3135 γενέσθαι
2421 3058 2788 3121 ὑπόσπονδον.
2822 3087 2851 3114 ››
2907 3065 3072 3118 Εἶπεν
3121 3064 3148 3118 ὁ
3184 3063 3460 3138 βασιλεὺς,
3490 3064 3582 3120 καὶ
3622 3065 3780 3121 λίθον

2125 3149 2536 3223 ἐπομισάμενος
2564 3153 2649 3224 (ἦν
2682 3151 2783 3224 γάρ
2827 3153 2952 3227 περὶ
2999 3152 3065 3208 τὰ
3118 3158 3345 3209 τοιαῦτα
3405 3157 3780 3229 μετριοπαθής

355 3211 702 3320 ccreljusso.
733 3247 1071 3320 Apparebat
1114 3211 1291 3321 igitur
1323 3249 1502 3304 trium
1549 3248 1780 3304 dierum
1815 3250 2005 3321 spatio

2125 3260 2179 3295 τε
2236 3239 2326 3295 καί
2381 3241 2676 3313 ταπεινὸς),
2725 3240 2894 3297 ἄνεισι
2951 3241 3039 3298 ἐπὶ
3093 3244 3185 3299 τὸν
3245 3241 3441 3322 λόφον,
3496 3246 3644 3319 πάσῃ
3701 3249 3774 3318 τῇ

356 3338 669 3394 castellum
693 3339 753 3394 in
779 3339 1006 3392 tumulo
1030 3337 1481 3406 exmditicatum,
1509 3337 1659 3393 bene
1694 3344 1926 3410 septum
1951 3344 2011 3396 et

355 3429 843 3483 munitissimum.
877 3430 998 3494 Quo
1032 3428 1091 3483 in
1124 3427 1368 3484 castello
1429 3434 1745 3500 postquam
1797 3428 2005 3500 praesi-

311 3549 314 3552 ~
359 3517 523 3573 dium
557 3518 1019 3589 quingentorum
1063 3519 1331 3588 equitum
1389 3519 1811 3589 cohortemque
1844 3518 2006 3574 mille

358 3606 618 3660 militum
649 3623 783 3660 cum
832 3606 1072 3661 cibariis
1131 3606 1361 3660 idoneis
1418 3607 1763 3678 reliquerat,
1788 3608 2007 3678 jubens

359 3699 423 3748 ut
455 3695 718 3764 quotidie
751 3695 1130 3748 cxcursiones
1189 3695 1563 3750 Antiochiam
1593 3713 1795 3751 versus
1851 3697 2006 3752 face-

359 3787 512 3844 rent,
548 3787 723 3852 atque
755 3781 925 3836 obvia
966 3783 1184 3852 qumvis
1216 3783 1474 3838 caadibus
1505 3785 1852 3856 rapinisque
1882 3785 2010 3840 exi-

357 3870 661 3938 nanirent,
695 3870 822 3940 ipse
853 3870 992 3925 inde
1025 3871 1236 3926 castris
1269 3872 1444 3926 motis
1470 3873 1544 3928 ad
1576 3872 1787 3929 urbem
1818 3875 2007 3946 impe-

356 3959 639 4016 ratoriam
686 3959 882 4026 rediit,
918 3959 1349 4032 splendideque
1381 3978 1415 4017 a
1467 3961 1702 4018 civitate
1733 3969 2008 4036 receptus

356 4048 436 4105 ibi
469 4053 559 4104 est
583 4052 1006 4104 commoratus'

2118 3333 2341 3402 στρατιᾷ
2425 3328 2567 3385 οὕτω
2653 3336 2830 3386 ποιεῖν
2908 3330 3414 3408 διακελευσάμενος.
3508 3339 3608 3390 Ἦν
3679 3334 3774 3391 οὖν

2119 3415 2254 3474 ἰδεῖν
2284 3417 2336 3474 ἐν
2393 3419 2567 3492 τρισὶν
2624 3419 2860 3494 ἡμέραις
2907 3419 3036 3476 ἄστυ
3095 3423 3464 3496 άνῳκισμένον
3526 3422 3615 3480 ἐπὶ
3670 3425 3766 3480 τὸν

2118 3505 2312 3586 λόφον,
2345 3507 2560 3583 εύερκές
2595 3528 2654 3564 τε
2681 3508 2772 3564 καὶ
2803 3508 3178 3586 ὀχυρώτατον.
3227 3509 3498 3587 Φάλαγγα
3539 3531 3767 3587 τοιγαρ-

2119 3601 2210 3652 οὖν
2236 3597 2602 3652 πεντακοσίων
2645 3596 2878 3668 ἱππέων,
2935 3598 3025 3654 καὶ
3085 3605 3306 3676 σπεῖραν
3359 3601 3561 3675 χιλίων
3589 3606 3766 3671 πεζῶν

2119 3685 2172 3742 ἐν
2228 3691 2307 3758 τῷ
2364 3686 2612 3764 φρουρίῳ
2667 3686 3007 3761 καταλιπὼν,
3075 3691 3164 3746 καὶ
3222 3691 3554 3766 ἀποχρῶσαν
3600 3691 3768 3767 χιλὸν

2119 3775 2303 3839 αὐτοῖς
2363 3777 2818 3849 ἀποσιτισάμενος
2853 3822 2867 3848 ,
2927 3778 3310 3854 ἐντειλάμενόν
3372 3801 3431 3836 τε
3496 3782 3770 3856 ὁσημέραι

2119 3862 2390 3941 ἐκδρομὰς
2419 3866 2554 3923 κατὰ
2610 3873 2710 3938 τῆς
2769 3868 3113 3944 Ἀντιοχείας
3171 3875 3372 3942 ποιεῖν,
3427 3870 3520 3926 καὶ
3574 3873 3638 3926 τὸ
3668 3891 3776 3926 πα-

2119 3956 2357 4030 ρατυχὸν
2420 3954 2697 4032 μαχαίρας
2755 3952 2912 4033 ἔργον
2968 3957 3058 4014 καὶ
3125 3966 3416 4036 προνομῆς
3469 3959 3770 4036 ἀπεργάζε-

2119 4045 2264 4114 σθαι,
2290 4045 2453 4107 αὐτὸς
2510 4044 2709 4111 ἐκεῖθεν
2770 4047 2978 4123 ἀπάρας
3024 4048 3161 4124 πρὸς
3214 4050 3313 4118 τὴν
3377 4047 3769 4126 βασιλεύουσαν

2119 4132 2430 4205 ἐπανέζευξε
2461 4177 2477 4204 ,
2535 4136 2626 4189 καὶ
2683 4135 3122 4214 μεγαλοπρεπῶς
3175 4139 3312 4214 πρὸς
3368 4143 3475 4195 τῶν
3533 4138 3770 4196 ἀστικῶν

2120 4220 2446 4298 ὑποδεχθεὶς
2479 4221 2651 4280 ἐκεῖσε
2681 4221 2968 4302 διέτριϐεν.

360 4381 3766 4407 mw

1577 4486 1950 4581 LIBER
2017 4487 2585 4597 QUINTUS.

428 4867 826 4950 Augurinum.
859 4903 927 4910 —
959 4873 1322 4950 Nicephorus
1354 4875 1644 4950 captosin
1678 4873 1876 4950 Sicilia
1897 4876 2194 4950 Romanos
2224 4891 2258 4930 a
2282 4876 2590 4950 Saracenis
2617 4876 2899 4950 exposcit.
2932 4876 3243 4950 Calocyres
3275 4877 3594 4950 imperium
3624 4879 3769 4934 απο-

359 4941 662 5022 ςιοῌςίιρ,
700 4941 770 5010 1).
805 4949 845 4994 Α
874 4959 988 5022 quo
1022 4941 1256 5022 excitati
1290 4941 1460 5000 liussi
1488 4947 1816 5022 Bulgariam
1851 4945 2135 5022 invadunt
2163 4951 2256 5016 (2).
2279 4947 2642 5022 Nicephorus
2673 4941 2894 5022 legatos
2916 4941 3189 5022 mittitad
3210 4941 3616 5022 Bulgaros(3).
3645 4961 3770 5007 An-

361 5007 657 5092 ti‘ochiavi
691 5007 1024 5092 erpugnata
1053 5019 1146 5092 (4)Ζ
1177 5007 1764 5092 ῐηιροτίιιοιῆΐυῐιρειο
1792 5019 2068 5073 vaticinio
2099 5007 2449 5092 commotus.
2486 5007 3069 5092 BardasiNicephori
3088 5027 3256 5092 pater
3285 5007 3767 5078 mJoritur.'Tlieo-

361 5079 558 5162 pllano
593 5079 1702 5162 insidias-struitadversusconjugem

1753 5093 1845 5165 (ὅ)ἶ
1880 5093 2137 5146 Joannes
2175 5090 2486 5165 'l‘zimisces
2523 5091 2594 5165 in
2652 5091 2858 5146 urbem
2901 5090 3259 5165 arcessitus.
3315 5094 3659 5165 Conjuratio
3693 5094 3768 5150 ad

361 5151 991 5243 cui-demimperatoris
1022 5151 1614 5243 perpetrandamltii.
1651 5151 2010 5243 l‘ficephorus
2060 5161 2383 5243 crudeliter
2413 5163 2642 5243 occisus
2684 5166 2776 5232 (7).
2801 5165 2950 5243 Ejus
2981 5164 3286 5243 ingenium
3317 5171 3376 5220 et
3403 5151 3636 5221 indoles
3667 5166 3764 5238 (8).

353 5224 612 5279 Joannes
639 5227 949 5283 Tzimisces
982 5224 1179 5283 rerum
1212 5232 1454 5302 potitur.
1491 5224 1808 5303 N‘icephori
1831 5251 2045 5305 corpus
2077 5233 2139 5288 in
2170 5234 2329 5306 regio
2361 5234 2633 5305 sepulcro
2665 5224 2942 5290 conditur
2973 5224 3066 5304 t9):

423 5521 513 5578 75
552 5525 596 5575 1.
633 5520 718 5575 Ita
743 5536 809 5575 eo
839 5537 955 5592 quo
990 5535 1169 5592 supra
1205 5521 1676 5577 demonstratum
1702 5529 1792 5579 est
1823 5523 1996 5580 modo
2029 5533 2074 5598 Ι)

351 5612 717 5682 Nicephorus
749 5611 1092 5683 imperator,
1129 5611 1355 5684 Syriam
1387 5628 1670 5683 oramque
1714 5615 1842 5685 ejus
1875 5630 1997 5670 ma-

351 5701 616 5758 ritimam
649 5719 950 5772 emensus,
1008 5707 1324 5774 postquam
1383 5701 1616 5774 objecta
1672 5703 1871 5759 omnia
1910 5703 2000 5759 vel

2181 5526 2266 5597 [Ρ.
2299 5526 2391 5596 46]
2423 5525 2488 5581 α’.
2523 5522 2684 5583 Ἀλλ’
2716 5525 2860 5582 οὕτω
2895 5526 3014 5600 μιν,
3044 5527 3183 5601 ᾖπέρ
3212 5528 3336 5601 ῖμοι
3364 5525 3474 5599 ἤδη
3531 5525 3762 5604 ἐῤῥήοη,

2112 5612 2140 5666 ὁ
2180 5613 2528 5688 αὐτοκράτωρ
2591 5617 2906 5692 Νικηφόρος
2967 5617 3165 5692 Συρίαν
3227 5617 3316 5672 καὶ
3377 5618 3442 5672 τά
3492 5618 3761 5693 παράκτια

2107 5703 2308 5774 ταύτης
2338 5701 2726 5779 καταδραμὼν,
2771 5705 2859 5760 καὶ
2903 5706 2965 5762 τὸ
3023 5706 3262 5778 ἀντίξουν
3319 5709 3456 5763 ἅπαν
3513 5705 3756 5764 ἐκποδὼν
