4108 6198
410 290 531 354 769

1744 284 2142 349 HISTORIIE
2181 286 2335 347 LIB.
2382 288 2461 348 V.

3709 304 3829 363 770

409 422 805 495 ποιησάμενος,
854 421 943 475 καὶ
997 418 1147 476 λείαν
1196 421 1396 476 Μυσῶν
1427 414 1671 492 θέμενος,
1709 418 1798 474 καὶ
1830 418 2055 475 πλεῖστα

2174 426 2572 477 summoverat
2599 423 2689 479 vel
2720 426 3015 497 Mysorum
3046 429 3328 500 praedam,
3361 437 3429 487 ut
3474 433 3663 501 aiunt,
3714 436 3822 491 du-

409 511 757 583 πεολίσματα
811 506 1081 578 καθελὼν,
1138 508 1234 563 κάν
1287 513 1406 570 τοῖς
1465 507 1904 583 ἐπικαιροτάτοις
1958 510 2060 572 τῆς

412 599 657 676 μεγάλης
688 597 1024 673 ’Λντιοχείας
1079 596 1335 675 φρούριον
1394 595 1625 671 ἐρυμνὸν
1672 594 2059 670 δομησάμενος

409 690 463 747 ἐν
520 689 697 764 τρισὶν
755 690 989 764 ἠμὲραις
1059 688 1149 742 καὶ
1207 685 1469 756 πολίσας,
1530 685 1581 749 ἐς
1644 687 1708 742 τὸ
1771 687 2059 756 Βυζάντιον

407 779 769 849 ἐπανέζευξεν.
830 777 1102 841 Ἐντεῦθεν
1179 777 1324 852 παρᾶ
1409 776 1502 831 τὸν
1559 777 1608 812 ’⁵³
1661 781 1769 831 τῶν
1829 778 2062 849 Καρχη-

407 868 604 926 δονίων
645 868 771 944 ἀγὸν
821 864 1255 941 διεκηρυκεῦετο,
1310 866 1397 920 καὶ
1447 867 1509 920 τὸ
1564 869 1662 920 τοῦ
1712 863 2061 937 ἐναγεστάτσυ

403 958 497 1015 καὶ
562 952 918 1013 ἀσεϐεστάτου
974 956 1217 1028 Μωσίμεθ
1286 955 1435 1032 ξίφος
1502 951 1676 1029 δῶρον
1744 953 2060 1025 ἐξέπεμπεν,

405 1044 541 1122 ὅπερ
569 1046 809 1123 λάφυρον
845 1044 904 1100 ἔκ
940 1065 1088 1107 τινος
1118 1048 1224 1098 τῶν
1257 1044 1394 1099 κατὰ
1416 1041 1782 1113 Παλαιστίνην
1816 1041 2059 1096 ἀλοντων

406 1136 685 1213 φρουρίων
715 1136 1005 1208 ἀνείληιρε,
1055 1133 1144 1190 καὶ
1197 1135 1290 1190 τὸν
1347 1132 1631 1206 πατρίκιον
1675 1131 1848 1205 ἐξῄτει
1883 1132 2062 1201 Νική-

404 1246 526 1297 ταν,
557 1223 614 1279 δν
650 1218 841 1294 συνέϐη
874 1227 936 1278 τὸ
983 1222 1246 1299 πρότερον
1299 1220 1351 1277 ἐν
1401 1226 1482 1295 τῷ
1512 1222 1635 1296 περὶ
1671 1219 1923 1275 Σικελίαν
1954 1223 2063 1273 τῶν

402 1316 694 1389 Ῥωμαίων
770 1319 1070 1388 πταίσματι
1157 1310 1504 1388 δορυάλωτον
1611 1312 1910 1389 ληφθέντα,
1983 1313 2064 1381 τῷ

407 1409 649 1481 τοιούτῳ
704 1411 812 1462 τῶν
879 1408 1103 1484 ’Ἄφρων
1176 1411 1633 1479 παραπεμφθῆναι
1708 1405 2062 1478 κατάρχοντι,

406 1497 484 1559 ὡς
518 1498 546 1551 6
576 1496 742 1573 λόγος
774 1494 1044 1566 ἐδήλωσε.
1078 1496 1175 1550 Διά
1204 1497 1544 1570 γραμμάτων
1583 1493 1675 1549 οὖν
1706 1491 2060 1561 ἐπέσκηπτεν,

406 1586 503 1658 ὠς,
536 1587 580 1642 εί
614 1585 864 1661 ἐνδοιάσῃ
895 1587 1031 1661 πρὸς
1058 1587 1158 1655 τὴν
1198 1589 1295 1640 τοῦ
1324 1584 1613 1659 πατρικίου
1658 1580 1939 1652 ἀπόδοσιν,
1970 1581 2061 1636 καὶ

407 1676 739 1749 οὐκὲξαυτῆς
764 1680 956 1730 τοῦτον
980 1675 1172 1747 ἀνησοι
1198 1675 1246 1711 ⁸³
1264 1695 1323 1729 τε
1349 1678 1458 1729 τῶν
1484 1670 1722 1747 δεσμῶν,
1742 1673 1831 1727 καὶ
1863 1670 1938 1733 ὡς
1970 1670 2063 1725 αὖε

2177 515 2363 575 xerat,
2387 510 2779 584 plurimisque
2802 516 3035 587 Oppidis
3058 520 3291 590 excisis,
3319 521 3826 595 inopportunissi-

2177 599 2290 654 mis
2316 600 2390 654 ad
2423 618 2696 673 magnam
2728 606 3102 662 Antiochiam
3135 608 3279 665 locis
3302 612 3613 668 castellum
3646 614 3825 670 trium

2177 687 2409 744 dierum
2459 693 2646 762 spatio
2680 694 3149 752 exaediﬁcaverat
3203 704 3381 770 atque
3438 701 3823 772 instruxerat,

2176 777 2750 852 Constantinopolim
2774 784 2968 839 rediit.
2990 786 3131 842 Inde
3157 787 3230 842 ad
3248 789 3821 863 Carthaginiensium

2176 872 2489 936 prmtorem
2520 877 2785 928 oratores
2812 873 3013 945 legans
3043 876 3432 948 impurissimi
3457 886 3653 952 ,atque
3704 882 3821 936 im-

2176 954 2429 1024 piissimi
2461 960 2557 1013 76
2588 962 2936 1018 Moamethis
2966 964 3227 1037 gladium
3270 969 3450 1035 misit,
3484 987 3662 1040 quem
3714 988 3819 1042 pro

2177 1045 2474 1101 manubiis
2506 1065 2575 1103 ex
2605 1049 2806 1121 aliquo
2838 1059 3144 1123 captorum
3176 1056 3233 1110 in
3267 1058 3584 1114 Palmstiua
3609 1061 3821 1116 castel-

2176 1132 2368 1189 lorum
2397 1136 2738 1194 abstulerat.
2776 1141 2962 1196 Simul
2994 1145 3257 1199 Nicetam
3300 1147 3614 1217 patricium
3647 1166 3818 1221 repe-

2176 1224 2264 1292 tit,
2298 1226 2391 1279 cui
2426 1227 2588 1297 prius
2622 1230 2968 1301 contigerat,
3002 1239 3067 1286 ut
3094 1233 3153 1287 in
3196 1235 3485 1291 Siciliensi
3521 1240 3817 1293 Romano-

2174 1330 2307 1367 rum
2341 1315 2508 1371 clade
2541 1319 2802 1389 captivus
2833 1321 3021 1376 factus
3052 1322 3191 1377 huic
3240 1324 3513 1381 Afrorum
3563 1328 3817 1399 principi

2178 1405 2703 1472 transmitteretur,
2736 1409 2889 1464 sicut
2918 1412 3176 1466 narratio
3210 1413 3562 1485 signiﬁcavit
3592 1422 3820 1473 nostra.

2175 1491 2408 1548 Litteris
2438 1500 2633 1551 autem
2663 1496 2977 1554 denuntiat
3007 1500 3052 1554 si
3086 1507 3466 1557 cunctaretur
3504 1505 3820 1574 patricium

2172 1582 2507 1649 restituere,
2540 1602 2735 1655 neque
2767 1589 3042 1660 evestigio
3076 1590 3244 1645 illum
3275 1591 3525 1647 vinculis
3558 1593 3820 1649 solutum

2172 1671 2246 1726 ad
2280 1688 2339 1727 se
2373 1673 2658 1741 mitteret,
2691 1682 2755 1730 ut
2804 1676 3026 1732 bellum
3080 1679 3381 1735 infinitum
3433 1688 3821 1753 exspectaret,

401 1766 497 1821 τὸν
517 1766 880 1840 παραπεμψῃ,
904 1763 1149 1837 πόλεμον
1175 1764 1485 1838 ἀκήρυκτον
1512 1761 1631 1833 ἤτω
1651 1763 1700 1800 ⁶⁴
1719 1758 2055 1836 προσδοκῶν,

2177 1761 2445 1832 finesque
2478 1763 2664 1833 ipsius
2695 1781 2923 1831 omnes,
2956 1784 2990 1821 a
3023 1767 3305 1823 Romanis
3338 1771 3694 1826 exercitibus
3725 1772 3819 1826 di-

404 1856 498 1911 καὶ
530 1862 702 1909 πᾶσαν
732 1855 832 1923 τὴν
892 1854 1061 1908 αὐτοῦ
1113 1851 1453 1928 ἐπικράτειαν
1508 1846 1910 1926 ἀνεκτριὸῆνατ,
1943 1855 2060 1911 τοῖς

402 1946 737 2017 Ῥωμαϊκοῖς
793 1941 1129 2016 δηϊουμένην
1189 1943 1571 2018 στρατεύμασι.
1605 1945 1740 2004 Ταῖς
1788 1940 2065 2000 τοιαὲττες

405 2032 498 2089 οὖν
530 2034 558 2088 6
589 2031 964 2109 Καρχηδόνιος
996 2030 1415 2105 ὲκδειματωθεὶς
1439 2030 1742 2107 ἀγγελίαις,
1766 2030 1841 2094 ὡς
1868 2028 2063 2091 ἄλλαις

402 2125 539 2195 τισί,
570 2126 708 2178 κατα
736 2125 835 2193 τὴν
868 2123 1186 2197 παροιμίαν,
1226 2122 1334 2177 ἀπὸ
1384 2127 1604 2186 Σκυθῶν
1649 2121 1835 2198 ῥήσεσι
1867 2121 1934 2190 ⁸⁵,
1967 2118 2058 2175 τόν

402 2233 465 2268 τε
508 2212 792 2286 πατρίκιον
851 2215 1087 2283 Νικήταν
1144 2212 1233 2268 καὶ
1288 2212 1415 2275 τοὺς
1457 2211 1548 2266 σὺν
1582 2210 1729 2284 αὐτῷ
1756 2210 2060 2288 ληφθὲντας

393 2302 804 2377 δορυαλώτους,
880 2302 970 2356 ααὶ
1037 2303 1196 2364 ὅσους
1263 2300 1549 2374 Ῥωμαίων
1625 2300 1686 2355 ἐκ
1787 2297 2061 2376 διαφόρων

402 2394 606 2468 χώρων
639 2391 692 2446 ἐν
725 2392 964 2467 εἱρκταῖς
1022 2388 1261 2462 πεδήτας
1322 2395 1713 2465 παρακατεῖχε,
1775 2386 1952 2463 δῶρον
1978 2392 2058 2460 τῷ

411 2481 627 2558 βασιλεῖ
657 2482 959 2559 Νικηφόρῳ
1000 2479 1283 2554 ἐξέπεμπε·
1348 2475 1468 2542 δέος
1525 2480 1627 2555 γὰρ
1685 2479 1843 2534 αὐτὸν
1875 2478 2056 2533 ὑπεισ-

406 2576 517 2641 ἤει,
569 2570 909 2644 ἐκστρατείαν
962 2570 1052 2627 καὶ
1092 2569 1327 2627 ἔκπλουν
1384 2570 1582 2625 τούτου
1636 2568 2051 2641 ἐνωτισάμενον.

409 2662 487 2720 Τὸ
533 2661 632 2736 γάρ
686 2662 1119 2737 ἀκαταγώνιστον
1173 2665 1269 2715 τοῦ
1327 2657 1668 2733 ἀνδρὸς,κὰν
1691 2665 1809 2722 ταῖς
1846 2657 2052 2734 μάχαις

403 2747 771 2806 ἀνυπόστατον
832 2750 921 2805 καὶ
980 2750 1297 2824 ἀπρόσιτον,
1347 2751 1433 2805 καὶ
1498 2749 1648 2813 ὅπως
1700 2749 1938 2812 εὐπετῶς
1989 2746 2053 2804 τὸ

397 2840 693 2897 ἀντίπαλον
740 2842 876 2895 ἅπαν
938 2839 1011 2902 ὠς
1071 2838 1131 2895 ἔκ
1185 2860 1335 2901 τινος
1392 2839 1536 2903 θείας
1590 2840 1763 2916 ῥοπῆς
1796 2840 2054 2901 εὖείκτως

393 2926 803 3008 κατεστρέφετο,
858 2926 1104 3007 ἔφριττόν
1176 2950 1234 2984 τε
1309 2931 1478 2984 πάντα
1528 2926 1652 3000 ἔθνη
1710 2929 1801 2983 καὶ
1861 2929 2050 3000 ἐτεθήο

396 3041 585 3088 πεσαν,
617 3023 704 3090 [Ρ.
745 3024 837 3091 47]
894 3020 981 3073 καὶ
1043 3019 1107 3074 οὗ
1165 3016 1438 3093 πολέμιον
1505 3014 1675 3094 ἔχειν,
1712 3018 1857 3074 ἀλλά
1888 3017 2048 3096 φίλον

391 3108 482 3163 καὶ
514 3106 779 3179 δεσπότην
836 3108 1150 3184 ἠπείγοντο.
1209 3108 1367 3165 Οὕτω
1428 3109 1525 3182 μὲν
1577 3106 1643 3178 δὴ
1696 3110 1724 3163 6
1765 3108 2050 3183 πατρίκιος

396 3200 641 3269 Νικήτας
692 3198 781 3253 καὶ
836 3199 887 3252 οἱ
946 3196 1134 3254 λοιποὶ
1189 3202 1296 3253 τῶν
1354 3197 1638 3272 Ῥωμαίων
1691 3197 2048 3273 αἴχμάλωτοι

400 3293 507 3344 τῶν
564 3286 775 3362 δεσμῶν
836 3286 1118 3363 ῥυσθέντες
1190 3289 1281 3343 καὶ
1337 3295 1439 3358 τῆς
1505 3289 1743 3363 εἱρκτῆς,
1800 3289 1935 3362 πρὸς
1991 3288 2054 3341 τὸ

404 3378 695 3448 Βυζάντιον
752 3376 1071 3452 ἐπανῄεσαν.
1148 3378 1208 3435 Ὁ
1285 3375 1342 3432 δὲ
1412 3377 1666 3452 βασιλεὺς
1734 3375 2054 3455 Νικηφόρος

398 3467 536 3538 ἥσθη
590 3487 669 3539 τε,
730 3467 803 3530 ὠς
855 3468 917 3522 τὸ
976 3466 1139 3538 εἰκὸς,
1196 3466 1287 3522 καὶ
1346 3466 1556 3542 ἡμέραν
1627 3467 1757 3542 ἦγεν
1818 3466 2057 3541 ἐόρτιον,

405 3556 494 3611 καὶ
523 3557 618 3618 τάς
651 3556 1107 3631 εὐχαριστηρίους
1139 3560 1218 3628 τῷ
1249 3559 1366 3628 Θεῷ
1396 3554 1482 3610 ἐπὶ
1512 3559 1580 3629 τῇ
1609 3560 1717 3611 τῶν
1752 3553 2051 3633 ὁμοφύλων

400 3643 778 3720 ἀπολυτρώσει
839 3641 1094 3699 ἀπεδίδου
1154 3644 1338 3719 εὐχάς.
1397 3646 1487 3700 Ἐν
1538 3645 1584 3710 ᾧ
1633 3642 1689 3698 δὲ
1737 3648 1902 3698 ταῦτα
1944 3645 2054 3715 (75)

398 3734 533 3789 κατά
587 3755 645 3789 τε
698 3736 797 3804 τὴν
859 3734 1052 3809 Συρίαν
1107 3734 1193 3788 καὶ
1252 3734 1317 3789 τὸ
1374 3735 1663 3803 Βυζάντιον
1712 3737 1793 3805 τῷ
1840 3730 2059 3808 βασιλεῖ

401 3821 769 3899 διεπράττετο,
820 3826 848 3878 6
907 3822 1043 3899 πρὸς
1100 3822 1227 3885 τοὺς
1282 3823 1665 3897 Ταυροσκύθας
1698 3826 1806 3897 (76)
1841 3822 2056 3885 σταλεὶς

410 3914 677 3988 βασιλικῷ
714 3914 937 3988 νεύματι
997 3912 1317 3990 Καλοκ·3ρης
1369 3915 1397 3968 6
1445 3914 1729 3989 πατρίκιος
1762 3916 1895 3985 (77),
1922 3913 2060 3968 κατὰ

396 4004 493 4071 τὴν
529 4001 760 4058 Σκυθίαν
808 4003 1120 4079 γενόμενος,
1180 4002 1269 4058 καὶ
1328 4007 1407 4074 τῷ
1456 4007 1563 4057 τῶν
1595 4002 1823 4077 Ταόρων
1856 4003 2057 4077 κατάρ-

410 4111 566 4168 χοντι
623 4092 931 4170 φιλιωθεῖς,
993 4091 1195 4169 δώροις
1249 4113 1308 4148 τε
1361 4094 1551 4148 τοῦτον
1612 4090 1921 4170 διαφθείρας
1968 4091 2058 4147 καὶ

406 4181 597 4257 λόγοις
670 4181 1107 4258 καταγοητεύσας
1184 4182 1497 4258 ἐπαγωγοῖς
1577 4179 1925 4261 (φιλοκερδὲς
2003 4178 2060 4235 δὲ

401 4272 537 4327 ἅπαν
572 4270 813 4337 ἐκτόπως
858 4272 920 4328 τὸ
982 4273 1267 4341 Σκυθικὸν,
1328 4272 1418 4327 καὶ
1454 4272 1644 4348 λίχνον
1678 4276 1761 4329 ὅτι
1798 4272 2058 4346 μάλιστα,

404 4359 813 4438 καὶέπιρῥεπες
872 4361 1008 4437 πρὸς
1068 4360 1380 4435 λημμάτων
1445 4362 1742 4439 ὑπόσχεσιν
1798 4362 1887 4417 καὶ
1930 4360 2063 4416 ἀνά-

399 4448 589 4525 ληψιν)
675 4447 912 4507 ἐνέπεισε
992 4453 1245 4526 στρατιάν
1342 4452 1725 4527 συναγηοχότα
1813 4453 2054 4528 βαρεῖαν,

2178 1855 2396 1920 rcptos,
2448 1858 2737 1908 vastatum
2794 1854 2886 1909 iri.
2943 1856 3165 1920 Quibus
3224 1859 3451 1913 nuntiis
3518 1861 3821 1934 Carthagi—

2176 1940 2402 1994 niensis
2430 1943 2764 2011 exterritus,
2797 1946 2964 2015 quasi
2999 1946 3353 2016 quibusdam
3386 1948 3817 2021 Scythicisjus-

2175 2029 2465 2099 sionibus,
2497 2038 2560 2086 ut
2588 2032 2646 2086 in
2680 2034 2986 2104 proverbio
3019 2042 3127 2100 est,
3157 2042 3281 2091 tum
3315 2038 3575 2093 Nicetam
3624 2039 3817 2110 patri-

2172 2120 2353 2188 cium,
2389 2127 2511 2176 tum
2543 2124 2643 2193 qui
2677 2141 2795 2179 una
2829 2142 2962 2180 cum
2996 2126 3097 2181 illo
3129 2128 3338 2199 captivi
3370 2128 3507 2184 facti
3549 2130 3809 2195 fuerant,

2172 2216 2231 2265 et
2260 2212 2504 2267 omnino
2537 2215 2831 2269 Romanos
2862 2231 3269 2287 quoscumque
3302 2218 3548 2273 diversis
3579 2218 3726 2274 locis
3758 2219 3819 2275 in

2171 2301 2439 2356 custodia
2468 2302 2695 2358 vinctos
2726 2305 3080 2360 asservabat.
3116 2306 3445 2378 Nicephoro
3468 2308 3812 2379 imperatori

2169 2391 2324 2446 dono
2358 2391 2537 2446 misit.
2600 2394 2870 2448 Formido
2922 2395 3080 2449 enim
3130 2396 3298 2450 illum
3344 2397 3689 2465 incesserat,
3743 2398 3814 2452 de

2170 2481 2434 2535 terrestri
2494 2482 2809 2553 navalique
2858 2491 3143 2555 apparatu
3191 2493 3393 2541 nostro
3449 2487 3815 2544 audientem.

2168 2569 2393 2641 Quippe
2426 2570 2703 2626 invictam
2747 2572 3123 2644 imperatoris
3156 2575 3293 2637 vim,
3353 2575 3728 2630 intolerabile
3760 2576 3820 2631 in

2166 2660 2389 2731 prmliis
2415 2667 2595 2731 atque
2628 2662 3001 2719 inaccessum
3063 2665 3268 2733 robur,
3320 2667 3821 2736 quemadmodum

2170 2750 2338 2805 nullo
2370 2752 2607 2819 negotio
2651 2752 3019 2809 adversarios
3060 2755 3358 2824 quoslibet
3407 2757 3574 2827 quasi
3623 2757 3819 2814 divino

2168 2840 2425 2910 quodam
2467 2840 2727 2912 impulsu
2778 2849 3049 2914 prompte
3098 2844 3415 2916 subigeret,
3470 2845 3822 2902 verebantur

2164 2945 2371 2984 omnes
2398 2930 2672 2985 nationes
2710 2936 2886 3002 atque
2919 2932 3437 3003 obstupescebant,
3491 2952 3685 3005 neque
3720 2937 3823 2991 ho-

2164 3023 2311 3073 stem
2346 3018 2562 3075 habere
2596 3020 2785 3086 illum,
2820 3037 3020 3076 verum
3075 3023 3335 3077 amicum
3389 3040 3456 3078 ac
3500 3024 3814 3081 dominum

2168 3109 2585 3180 properabant.
2642 3111 2704 3164 In
2756 3110 2914 3165 hunc
2964 3111 3205 3165 modum
3257 3112 3487 3167 Nicetas
3530 3115 3815 3183 patricius

2168 3199 2519 3269 cmterisque
2544 3199 2757 3269 captivi
2783 3200 3030 3254 Romani
3048 3217 3077 3254 e
3101 3201 3352 3255 vinculis
3377 3218 3525 3272 eque
3544 3204 3812 3260 custodia

2162 3289 2740 3360 Constantinopolim
2772 3296 3161 3346 reverterunt.
3197 3292 3561 3363 Nicephorus
3609 3300 3809 3351 autem

2164 3378 2507 3449 imperator,
2548 3379 2800 3446 laetatus,
2830 3385 2896 3434 ut
2948 3398 3053 3451 par
3123 3383 3213 3435 77
3280 3389 3425 3449 erat,
3485 3384 3641 3439 diem
3698 3386 3818 3457 egit

2162 3466 2402 3532 festum,
2425 3473 2738 3539 gratusque
2766 3470 2882 3523 Deo
2907 3468 2978 3523 ob
2994 3469 3371 3540 popularium
3392 3472 3816 3529 liberationem

2164 3556 2445 3626 persolvit
2475 3572 2702 3629 preces.
2738 3558 2872 3613 Haec
2903 3557 3044 3612 dum
3077 3559 3135 3613 in
3168 3560 3336 3632 Syria
3366 3567 3544 3632 atque
3576 3563 3637 3617 in
3670 3563 3815 3618 urbe

2164 3645 2235 3701 ab
2268 3645 2621 3717 imperatore
2652 3653 2960 3718 geruntur,
2994 3648 3304 3720 Calocyres
3354 3652 3663 3721 patricius,
3712 3654 3815 3723 qui

2162 3741 2412 3807 augusto
2444 3742 2592 3791 nutu
2625 3736 2700 3791 ad
2731 3738 3162 3810 Tauroscythas
3183 3739 3402 3795 missus
3436 3741 3645 3809 fuerat,
3681 3759 3815 3798 cum

2164 3824 2225 3879 in
2258 3825 2556 3897 Scythiam
2590 3826 2975 3897 pervenisset,
3009 3829 3333 3884 Taurorum
3365 3831 3503 3903 Regi
3554 3832 3817 3887 amicitia

2156 3916 2404 3986 junctus
2436 3916 2785 3971 muneribus
2818 3933 2953 3971 eum
2984 3918 3269 3989 corrupit,
3304 3920 3615 3991 verbisque
3646 3921 3812 3978 blan-

2166 4004 2255 4059 dis
2288 4004 2574 4060 fascinato
2604 4004 2777 4071 (lucri
2814 4006 2971 4060 enim
3004 4006 3219 4076 cupida
3258 4013 3345 4062 est
3375 4015 3537 4064 extra
3569 4011 3812 4065 modum

2165 4093 2443 4149 universa
2471 4094 2819 4164 Scytharum
2847 4096 3030 4160 natio,
3060 4095 3347 4167 avidaque
3396 4098 3456 4151 in
3486 4099 3711 4169 primis,
3745 4117 3813 4154 ac

2164 4182 2460 4254 proclivis,
2487 4183 2606 4237 sive
2630 4184 2942 4253 promittas
2965 4191 3279 4254 quaestum,
3313 4187 3430 4241 sive
3450 4189 3811 4259 suppedites)

2166 4278 2372 4327 auctor
2392 4271 2521 4341 fuit,
2555 4277 2620 4326 ut
2657 4272 2812 4344 gravi
2836 4278 3037 4328 coacto
3057 4275 3346 4329 exercitus
3369 4282 3575 4331 contra
3604 4279 3809 4332 Mmsos

2167 4362 2674 4433 proficisceretur:
2700 4360 2915 4431 quibus
2934 4362 3244 4418 debellatis
3268 4370 3331 4418 ut
3352 4365 3651 4437 regionem
3688 4384 3807 4421 sua)

2166 4452 2475 4524 potestatis
2505 4452 2744 4518 faceret,
2779 4468 2966 4523 eaque
2998 4470 3102 4524 pro
3133 4453 3431 4510 domicilio
3466 4456 3590 4527 ipse
3620 4462 3809 4512 utere-

401 4539 642 4596 ἐλαύνειν
698 4541 834 4597 κατᾶ
890 4544 1112 4599 Μυσῶν’
1175 4540 1400 4606 τούτους
1461 4540 1518 4597 δέ
1547 4544 2048 4620 καταγωνισάμενον

2167 4550 2278 4611 tur,
2314 4541 2424 4597 sibi
2466 4558 2598 4597 vero
2628 4541 2905 4596 adversus
2939 4544 3234 4599 Romanos
3266 4561 3437 4615 opem
3490 4546 3691 4614 ferret,
3742 4552 3808 4601 ut

405 4631 843 4704 ὑποποιήσασθαι
908 4632 1001 4707 μὶν
1053 4633 1153 4703 τήν
1219 4634 1406 4710 χώραν
1477 4631 1567 4689 καὶ
1624 4632 1823 4705 ταύτην
1880 4654 2052 4709 ρπαα-

2164 4635 2413 4707 imperio
2462 4634 2773 4706 potiretur,
2833 4635 3355 4708 Romanorumque
3408 4636 3805 4709 principatum

1594 4806 1655 4863 C.
1698 4807 1759 4863 Β.
1811 4806 1999 4863 HASII
2048 4804 2603 4861 ANNOTATIONES.

462 4976 650 5050 53.:va
678 4980 784 5031 τῶν
816 4976 944 5050 αφά,
1048 4976 1094 5013 6³
1124 4976 1338 5047 civ-psam,
1371 4978 1464 5033 Sic
1495 4977 1623 5033 cod.
1658 4979 1810 5035 Fort.
1844 4976 1968 5050 ἂνῇ.

396 5050 418 5085 ⁸
446 5048 552 5104 ἀπὸ
593 5048 818 5104 Σκυθῶν
853 5048 1061 5125 ῥήσεσι.
1096 5050 1225 5107 Vid.
1261 5067 1439 5121 supra
1469 5052 1557 5104 28.
1592 5053 1659 5105 A.

467 5202 576 5273 (75)
599 5203 716 5258 Sub
741 5202 897 5258 idem
922 5207 1155 5274 tempus
1178 5201 1408 5257 videtur
1426 5201 1711 5257 accidisse
1734 5199 2044 5274 Nicephori

399 5272 818 5346 peregrinatio.
854 5275 952 5347 qui
986 5272 1141 5347 apud
1173 5274 1504 5347 Cedrenum
1542 5276 1612 5347 Il:
1648 5276 1773 5347 660.
1802 5275 1861 5328 Β.
1896 5272 2043 5347 urbe

398 5342 648 5402 movisse
698 5342 914 5418 dicitur
959 5342 1052 5406 τάξ
1098 5344 1153 5418 ἐν
1195 5349 1264 5417 τῇ
1309 5343 1489 5418 Θρᾴκῃ
1522 5343 1714 5404 πόλεις
1757 5342 2042 5418 ἐπισκεπό-

398 5436 579 5487 μενος.
624 5419 745 5491 VUbi
805 5419 844 5474 l.
900 5415 1620 5491 ἐπισκεψόμενος,⁷]ιώθηιθ
1660 5417 2045 5489 grammatica

395 5490 996 5635 tﬁt(f'lzgshéombeilsius
1021 5579 1115 5633 ap.
1147 5562 1280 5635 Pag.
1314 5562 1404 5617 IV.
1437 5564 1525 5635 20.
1562 5561 1685 5617 haec
1715 5561 2038 5617 mendose:

393 5632 653 5706 Calocyri
682 5635 810 5708 (sic)
844 5665 911 5679 -υ
935 5632 1147 5693 ειιηίίη
1191 5632 1360 5706 Suria
1395 5633 1525 5706 (sic)
1563 5649 1784 5692 versans
1837 5636 2042 5692 Tauro-

2071 4974 2119 5009 64
2148 4972 2285 5042 ἤτω.
2349 4973 2440 5028 Sic
2481 4971 2611 5030 cod.
2658 4972 3039 5045 imperative:
3072 4975 3217 5031 verti
3268 4992 3335 5032 ac
3389 4977 3437 5032 si
3490 4983 3645 5034 esset
3674 4977 3797 5047 ἦτο.

2150 5213 2269 5255 rum
2299 5197 2546 5279 amicitia
2566 5196 2795 5265 junctus
2826 5203 2977 5266 esset,
3003 5215 3065 5253 ac
3079 5200 3395 5256 muneribus
3412 5219 3530 5257 eum
3552 5202 3798 5273 (quem?)

2148 5275 2494 5338 corrupisset.

2219 5342 2328 5410 (77)
2361 5336 2678 5410 Καλοκυρὸς
2710 5339 2956 5411 Scylitza
3004 5342 3253 5399 historia
3284 5363 3393 5402 ms.
3458 5352 3515 5401 et
3570 5347 3782 5401 Cedre-

2147 5429 2260 5489 nus
2292 5413 2359 5489 l_[.
2395 5414 2517 5489 666.
2550 5412 2610 5465 Β.
2644 5411 2763 5489 (ubi
2791 5413 2850 5489 in
2884 5413 3096 5482 verbis,
3130 5414 3291 5476 αὐτὸς
3331 5423 3430 5489 τῆς
3459 5437 3516 5469 τε
3548 5417 3796 5489 Βουλγα-

2148 5485 2266 5558 ρίας
2297 5481 2634 5560 ἐκστήσεται,
2666 5483 2908 5560 virgula,
2972 5504 3103 5560 quae
3135 5493 3287 5560 ante
3342 5487 3497 5549 αὐτὸς
3554 5481 3795 5560 legitur,

2147 5554 2282 5628 post
2312 5555 2582 5623 locanda,
2609 5554 2961 5627 jubentibus
2990 5554 3173 5615 Codd.
3207 5561 3522 5620 omnibus.)
