4108 6198
306 296 431 356 77'7

1655 299 1699 354 Η
1714 294 2048 357 ΙὸΤΟΗῐᾸῦ
2092 290 2238 351 LIB.
2284 289 2385 349 Vl.

3619 302 3738 361 778

309 429 577 491 Ἀλωέως
608 427 795 490 παῖδες
847 432 1011 489 Ὦτος
1064 428 1155 484 καὶ
1214 429 1537 510 Ἐφιάλτης,
1571 431 1647 491 εἷς
1708 430 1969 505 ούρανοὺς

2101 429 2628 499 ricissitudinisque
2658 429 2852 501 plena;
2885 437 3023 486 sunt
3052 449 3147 488 res
3178 436 3546 505 mortalium,
3577 439 3741 495 velut

309 523 460 579 κατὰ
490 523 581 577 τὸν
616 526 786 595 μῦθον
830 522 1166 595 πειρώμενοι
1219 520 1480 592 ἀνελθεῖν,
1532 524 1622 577 καὶ
1679 518 1983 599 Ναϐουχο-

316 610 550 685 δονόσορ
610 614 637 666 ὁ
682 606 1055 679 Βαϐυλώνιος,
1117 612 1295 667 εἰκόνα
1353 614 1693 687 στησάμενος
1759 614 1982 682 ἑαυτοῦ,

315 699 791 756 καὶὸφιλίππου
847 698 1220 775 Ἀλέξανδρος,
1282 702 1584 775 Ἀμμωνος
1642 704 1758 763 υἱὸς
1818 702 1982 771 ἀξιῶν

320 790 707 863 ὀνομάζεσθαι.
766 789 1008 849 Εἰκότως
1056 790 1147 844 οὗν
1203 792 1406 864 τρεπτὰ
1481 793 1572 846 καὶ
1633 790 1980 865 παλίντροπα

318 879 626 950 καθέστηκε
655 884 773 941 τοῖς
797 879 1104 953 ἀνθρώποις
1134 881 1200 935 τὰ
1231 882 1529 958 πράγματα
1563 886 1697 956 (85),
1757 884 1852 937 οἷα
1909 879 1975 950 δὴ

318 969 417 1025 καὶ
475 970 600 1025 τότε
658 969 957 1042 Ῥωμαίοις
1018 964 1338 1036 συνέϐαινεν,
1414 967 1758 1026 ἀποϐαλοῦσι
1844 971 1981 1043 μετά

325 1060 526 1132 μικρὸν
554 1059 801 1135 ἡγεμόνα
831 1058 924 1113 τὸν
954 1058 1180 1126 ἑαυτῶν,
1213 1060 1332 1113 οἷον
1381 1060 1479 1115 οὐκ
1529 1058 1686 1138 ἔσχεν
1734 1058 1907 1114 ἄλλον
1943 1062 1978 1127 ἡ

317 1149 643 1221 Ῥωμαῖκὴν
701 1144 981 1201 δυναστεία
1034 1148 1097 1202 τὸ
1154 1148 1437 1223 πρότερον.
1494 1150 1555 1206 Εἰ
1609 1149 1713 1225 γὰρ
1778 1151 1852 1221 μὴ
1914 1150 1983 1220 τῇ

2094 527 2232 575 tunc
2262 535 2500 590 quoque
2532 521 2811 575 Romanis
2842 538 2956 576 usu
2986 526 3163 592 venit,
3215 543 3351 581 cum
3401 534 3533 598 post
3563 530 3739 599 paulo

2090 611 2421 681 principem
2454 610 2720 680 ipsorum
2752 612 3115 680 amitterent,
3151 615 3387 685 qualem
3431 635 3738 689 nunquam

2091 706 2266 753 antea
2296 700 2504 753 habuit
2536 701 2865 754 Romanum
2899 701 3240 771 imperium.
3277 706 3443 769 Quod
3479 708 3525 762 si
3561 708 3741 779 hujus

2091 788 2250 843 caede
2292 804 2411 842 non
2444 794 2601 842 retro
2635 805 2695 842 se
2728 789 2961 843 tulisset
3005 807 3211 846 eorum
3268 793 3527 862 fortuna,
3590 797 3742 851 nihil

2092 877 2314 937 aberat,
2339 878 2482 947 quin
2515 876 2617 930 illo
2663 879 2982 948 superstite
3039 881 3188 935 fines
3234 882 3478 939 ditionis
3538 902 3740 941 versus

2092 967 2383 1020 orientem
2416 966 2599 1019 solem
2635 966 3109 1031 inlndia,versus
3141 970 3459 1027 obeuntem
3481 974 3555 1028 ad
3582 975 3743 1045 ipsos

2092 1054 2301 1110 mundi
2336 1056 2485 1109 fines
2518 1056 2973 1110 constituerent.
3010 1060 3225 1113 Verum
3282 1061 3624 1117 reducenda
3658 1068 3747 1118 est

2086 1143 2253 1199 unde
2277 1161 2306 1197 e
2338 1149 2619 1197 contextu
2650 1144 2968 1199 declinavit
2998 1149 3210 1204 oratio.

320 1237 526 1291 τούτου
550 1236 820 1309 ἀναιρέσει
877 1236 953 1297 εἰς
1009 1236 1071 1291 τὸ
1126 1234 1366 1309 ἔμπαλιν
1424 1240 1459 1307 ἡ
1519 1238 1665 1316 τύχη
1723 1236 1941 1297 τούτοις
1998 1232 2320 1310 ἀπέτρεχεν,
2370 1228 2543 1296 οὐδὲν,
2606 1228 2790 1298 ἐνέδει,
2851 1227 3195 1297 ἐπιϐιοῦντος
3254 1234 3481 1306 ἐκείνου,
3541 1240 3617 1311 μὴ
3676 1238 3745 1293 τὰ

321 1328 451 1402 ὅρια
504 1327 774 1396 πήξασθαι
837 1332 938 1393 τῆς
997 1331 1146 1402 σφῶν
1200 1326 1541 1403 ἐπικρατείας
1600 1328 1736 1403 πρὸς
1792 1326 2087 1404 ἀνίσχοντα
2145 1320 2307 1392 ἣλιον
2363 1321 2499 1375 κατὰ
2557 1322 2655 1389 τήν
2714 1318 2962 1391 Ἰνδικὴν,
3022 1324 3112 1377 καὶ
3169 1325 3325 1387 αὗθις
3379 1325 3731 1401 έπιδυόμενον

321 1417 464 1490 πρὸς
522 1414 658 1470 αὐτὰ
714 1421 815 1484 τῆς
867 1414 1194 1487 οἰκουμένης
1268 1418 1338 1472 τὰ
1386 1418 1648 1491 τέρματα.
1715 1413 1890 1472 Ἀλλᾶ
1958 1414 2065 1489 γὰρ
2125 1409 2450 1466 έπανακτέον
2538 1409 2630 1464 τὸν
2715 1407 2905 1486 λόγον,
2966 1410 3084 1466 ὅθεν
3146 1412 3402 1469 ἀπέκλινε
3458 1421 3558 1471 τοῦ
3639 1417 3747 1490 εἰρ-

330 1528 461 1580 μου.

405 1622 563 1682 δ’.οἱ
616 1624 709 1698 μέν
766 1621 832 1695 δὴ
893 1622 1068 1680 Μυσοὶ
1128 1630 1320 1703 χεῖρας
1376 1621 1614 1685 ἱκέτιδας
1672 1620 1980 1703 έφήπλουν,

331 1713 604 1787 ἐπαμῦναί
662 1734 813 1792 σφισι
875 1710 1251 1774 δυσωποῦντες
1308 1714 1399 1769 τὸν
1464 1713 1858 1787 αὐτοκράτορα.
1894 1712 1983 1767 Ἐν

331 1806 378 1876 ᾧ
429 1800 485 1858 δέ
552 1803 687 1877 πρὸς
755 1805 856 1872 τήν
910 1801 1254 1878 ἐκστρατείαν
1325 1800 1718 1873 διεσκευάζετο,
1773 1803 1808 1870 ὴ
1881 1807 1982 1869 τῆς

335 1891 590 1970 μεγάλης
625 1892 965 1971 Ἀντιοχείας
1014 1891 1223 1953 ἅλωσις
1256 1895 1367 1967 (86)
1422 1890 1824 1969 ἐπηγγέλλετο,
1858 1890 1981 1965 ἄρτι

329 1984 467 2038 κατὰ
495 1983 592 2043 τὰς
624 1980 828 2037 ἐκείνου
859 1983 1140 2053 ὑποθήκας
1175 1981 1405 2051 ἀλοῦσα,
1434 1981 1495 2043 ἀς
1546 1979 1611 2052 δὴ
1668 1987 1784 2041 τοῖς
1815 2001 1984 2035 κατα-

332 2072 607 2149 λειφθεῖσι
687 2073 824 2146 πρὸς
910 2071 1079 2127 αὐτοῦ
1136 2073 1212 2133 εἷς
1295 2073 1357 2127 τὸ
1415 2073 1618 2142 ταύτην
1696 2069 1986 2141 λεηλατεῖν

329 2162 699 2237 στρατιώταις
758 2160 1081 2231 ἐπέσκηπτε.
1144 2160 1374 2238 Λέγεται
1433 2162 1560 2239 γὰρ,
1609 2158 1705 2229 ὥς,
1765 2158 1984 2234 ἐπείπερ

328 2259 455 2312 ταῖς
513 2253 635 2315 καθ’
691 2251 901 2325 ἡμέραν
948 2249 1322 2327 καταδρομαῖς
1382 2252 1457 2313 εἷς
1539 2251 1853 2329 ἀμηχανίαν
1895 2249 1985 2304 καὶ

334 2343 525 2397 σπάνιν
600 2346 708 2396 τῶν
764 2340 1070 2417 ἀναγκαίων
1130 2342 1240 2415 (8'7)
1302 2339 1541 2420 ἐσχάτην
1599 2339 1983 2410 συνηλαύνετο,

333 2434 425 2487 τὸν
469 2431 759 2505 Ποιτρίκιον
817 2429 1017 2505 Πέτρον
1073 2431 1163 2485 καὶ
1225 2427 1733 2506 στρατοπεδάργην,
1792 2428 1989 2503 τομίαν

339 2524 434 2597 μὲν
471 2518 596 2577 ὄντα
630 2524 762 2595 (88),
799 2520 992 2596 ῥέκτην
1032 2519 1088 2576 δὲ
1121 2524 1205 2596 [Ρ.
1269 2524 1358 2594 50]
1417 2518 1710 2590 τηνάλλως
1763 2519 1853 2574 καὶ
1887 2520 1988 2593 ῥω-

340 2611 718 2686 μαλεώτατον,
751 2609 1159 2689 κατατρέχοντα
1214 2610 1435 2685 Συρίαν,
1492 2608 1661 2664 ἐκεῖσε
1723 2608 1858 2682 μετά
1887 2616 1988 2676 τῆς

338 2700 620 2775 δυνάμεως
678 2698 988 2767 ἀφικέσθαι,
1049 2698 1139 2753 καὶ
1223 2696 1458 2777 Μιχαὴλ
1519 2697 1737 2767 ἐκεῖνον,
1788 2696 1839 2751 έν
1896 2718 1988 2751 τα-

335 2791 589 2869 ξιάρχοις
622 2788 910 2855 τελοῦντα,
943 2789 989 2860 ᾧ
1016 2788 1293 2862 Βούρτζης
1328 2786 1631 2862 ἐπώνυμον,
1665 2786 1754 2842 ἐπὶ
1821 2806 1988 2841 κατα-

334 2882 545 2949 σκοπὴν
600 2877 876 2953 ἐκπέμψαι
927 2884 1028 2947 τῆς
1087 2876 1326 2938 πόλεως.
1409 2879 1508 2931 Τὸν
1569 2874 1625 2932 δὲ
1713 2877 1846 2950 μετὰ
1898 2876 1989 2930 καὶ

340 2970 530 3026 ἄλλων
560 2968 816 3047 λογάδων
846 2969 1031 3047 ἀγχοῦ
1062 2969 1268 3039 ταύτης
1309 2968 1614 3044 γενόμενον,
1672 2968 1763 3023 τὸν
1793 2961 1993 3022 ἐπίϐα-

325 3083 418 3116 τον
442 3062 489 3097 ⁸ο
518 3065 615 3115 τού
648 3060 871 3139 τείχους
934 3064 1363 3133 περισκοπῆσαι,
1422 3058 1513 3112 καὶ
1575 3057 1989 3132 ὀπισθὸρμητον

2163 1622 2214 1674 4.
2240 1621 2305 1674 In
2336 1620 2495 1674 hunc
2534 1618 2776 1674 modum
2812 1618 2973 1675 Mmsi
3006 1637 3219 1677 manus
3253 1624 3548 1696 supplices
3598 1642 3748 1697 pan-

2092 1710 2330 1773 debant,
2365 1708 3212 1780 obsecrantesimperatorem,
3244 1718 3308 1767 ut
3368 1713 3477 1768 sibi
3529 1715 3746 1771 subve-

2092 1801 2267 1854 niret.
2319 1798 2426 1861 Qui
2477 1798 2616 1853 dum
2677 1816 2739 1854 se
2795 1800 2870 1853 ad
2924 1800 3365 1872 expeditionem
3419 1811 3744 1875 comparat,

2094 1888 2423 1943 Antiochia:
2454 1903 2681 1959 magum
2715 1890 3069 1960 expugnatio
3121 1892 3395 1946 nuntiata
3454 1899 3564 1960 est,
3611 1894 3740 1964 jam

2084 1979 2258 2051 juxta
2281 1976 2563 2031 mandata
2593 1977 2779 2047 ipsius
2811 1977 2985 2041 facta,
3022 1996 3152 2049 quae
3206 1981 3430 2035 relictis
3480 1998 3513 2036 a
3572 2000 3633 2037 se
3665 1984 3738 2037 ad

2095 2084 2227 2123 eam
2256 2065 2578 2121 vexandam
2614 2066 2902 2121 militibus
2958 2066 3220 2123 dederat.
3282 2070 3507 2125 Dicitur
3556 2073 3738 2142 enim,

2094 2175 2227 2214 cum
2262 2156 2626 2229 quotidianis
2657 2156 3112 2213 decursionibus
3145 2160 3206 2214 in
3237 2161 3570 2232 angustiam
3605 2163 3737 2218 ino-

2096 2248 2375 2319 piamque
2397 2262 2593 2300 rerum
2629 2247 3101 2302 necessariarum
3123 2248 3394 2304 ultimam
3431 2252 3741 2324 compulsa

2097 2338 2520 2401 esset,Petrum
2536 2335 2850 2405 patricium
2870 2336 3197 2408 castrisque
3215 2338 3583 2409 praefectum,
3616 2344 3739 2413 qui,

2097 2426 2367 2497 quamvis
2384 2424 2589 2496 spado,
2612 2430 2891 2479 strenuus
2914 2431 3111 2480 tamen
3135 2427 3354 2498 alioqui
3382 2436 3539 2484 esset
3564 2437 3742 2502 atque

2094 2519 2475 2585 fortissimus,
2509 2517 2738 2587 Syriam
2771 2517 3212 2587 pervadentem,
3248 2536 3315 2573 eo
3365 2536 3498 2574 cum
3559 2523 3746 2593 capiis

2096 2605 2928 2681 pervenisse,Michaelemque
2947 2605 3117 2661 illum
3134 2623 3200 2661 ex
3218 2608 3591 2675 tribunis,cui
3614 2613 3752 2666 Bur-

2098 2704 2197 2753 tzze
2230 2712 2584 2769 cognomen,
2616 2695 2689 2751 ad
2720 2696 3149 2767 explorandam
3207 2698 3417 2754 urbem
3452 2700 3743 2757 emisisse.

2098 2786 2442 2841 Michaelem
2473 2801 2594 2839 una
2623 2801 2757 2840 cum
2817 2785 2949 2840 aliis
3003 2785 3209 2841 electis
3248 2788 3610 2860 hominibus,
3644 2789 3745 2845 ubi

2097 2876 2342 2948 propius
2392 2875 2760 2941 accessisset,
2820 2891 3072 2930 ascensu
3128 2877 3283 2931 muri
3362 2878 3627 2950 inspecto
3683 2881 3743 2935 in

2099 2971 2293 3021 castra
2350 2965 2450 3020 82
2530 2981 2829 3019 reversum
2886 2966 3075 3020 scalas
3135 2966 3438 3021 altitudini
3487 2970 3741 3025 turrium

2099 3062 2528 3135 respondentes
2559 3062 2879 3118 fabricasse
2906 3081 2920 3128 ;
2971 3064 3183 3134 hisque
3212 3065 3273 3119 in
3305 3066 3740 3139 sarcinariaju-

329 3148 723 3227 ἀπαλλαγῆναι
780 3148 915 3223 πρὸς
979 3150 1041 3203 τὸ
1129 3143 1514 3222 στρατόπεδον,
1591 3145 1870 3220 κλίμακάς
1929 3166 1986 3201 τε

341 3242 354 3252 .
431 3240 496 3252 ..
731 3244 758 3252 _
831 3240 889 3252 ...
1050 3242 1080 3252 ..
1230 3239 1242 3252 ,
1609 3239 1621 3252 ,
1727 3239 1749 3252 ,.
1936 3236 1950 3252 .

2101 3158 2303 3210 menta
2333 3152 2647 3223 impositis,
2667 3169 2801 3206 cum
2832 3151 3063 3223 legione
3095 3152 3555 3209 fortissimorum
3577 3158 3742 3211 mili-

328 3240 634 3317 ἀναλόγους
692 3244 771 3312 τῷ
831 3240 955 3313 ὕψει
1012 3242 1119 3293 τῶν
1175 3239 1399 3316 πύργων
1457 3239 1833 3308 τεκτήνασθαν
1888 3236 1985 3292 κάν

330 3335 448 3390 τοῖς
500 3329 838 3408 ἀχθοφόροις
902 3328 1065 3398 ζώοις
1113 3329 1313 3388 ταύτας
1367 3326 1838 3405 ἐπιφορτίσασθαι,
1893 3326 1984 3381 καὶ

336 3421 473 3494 μετὰ
505 3418 772 3495 λεγεῶνος
804 3418 1200 3495 γενναιοτάτων
1253 3423 1603 3493 στρατιωτῶν
1664 3415 1772 3487 ἤδη
1811 3416 1986 3491 μέσων

330 3516 539 3565 νυκτῶν
583 3510 673 3563 τὸν
724 3515 824 3578 τῆς
857 3509 1197 3587 Ἀντιοχείας
1252 3504 1549 3583 περίϐολον
1606 3509 1760 3571 αὗθις
1817 3527 1985 3561 κατα-

334 3595 750 3673 λαϐεῖν,ἢρεμά
807 3600 853 3636 εί
912 3620 970 3653 τε
1028 3600 1228 3659 ταύτας
1283 3604 1631 3672 προσερεῖσαι
1684 3603 1763 3670 τῷ
1806 3596 1983 3674 τείχει

334 3690 427 3744 καὶ
486 3687 686 3742 ἀνιέναι
754 3685 843 3742 διὰ
902 3692 1011 3742 τῶν
1070 3686 1381 3761 κλιμάκων·
1444 3688 1571 3748 τοὺς
1618 3683 1674 3741 δὲ
1741 3684 1986 3762 φύλακας

334 3785 445 3835 τῶν
494 3780 834 3854 Ἀγαρηνῶν,
881 3778 1037 3851 βαθεῖ
1092 3782 1171 3849 τῷ
1227 3777 1380 3849 ’ὀπνῳ
1436 3773 1813 3847 καθεύδοντας,
1871 3781 1988 3835 τοῖς

336 3869 513 3946 ξίφεσι
543 3864 969 3945 διαχρήσασθαι.
1006 3867 1319 3942 Ἐγκρατεῖς
1378 3863 1434 3920 δὲ
1481 3871 1588 3920 τῶν
1636 3872 1840 3944 τειχῶν
1898 3866 1989 3920 τὸν

336 3957 539 4031 τρόπον
597 3960 792 4011 τοῦτον
851 3954 1166 4028 Ῥωμαίους
1218 3955 1612 4032 γεγενημένους
1686 3950 1990 4024 καταϐῆναι

336 4067 395 4101 τε
420 4051 527 4100 τῶν
577 4045 827 4120 πύργων,
884 4045 977 4097 καὶ
1036 4049 1322 4121 τετραχῶς
1372 4043 1434 4098 τὸ
1482 4042 1614 4099 ἄστυ
1666 4042 1987 4118 πυρπολεῖν·

336 4136 642 4213 Ἀντιοχεῖς
674 4131 751 4201 δὲ,
784 4139 863 4206 τῷ
927 4130 1330 4207 ἀπροσδοκήτῳ
1387 4130 1854 4209 καταπλαγέντας,
1915 4134 1990 4194 είς

337 4224 591 4300 οἰμωγὰς
641 4222 733 4277 καὶ
767 4223 999 4296 θρήνους
1058 4229 1325 4296 τραπῆναι
1379 4223 1469 4276 καὶ
1528 4222 1844 4300 ἀμηχανίαν
1893 4218 1995 4276 δει-

332 4316 429 4382 νην
514 4309 1004 4386 διενθυμουμένους
1055 4310 1085 4365 ὅ
1143 4332 1197 4366 τι
1253 4312 1343 4366 καὶ
1403 4308 1670 4385 δράσαιεν.
1735 4309 1874 4381 Ἤδη
1937 4302 1991 4365 δὲ

335 4403 475 4476 πρὸς
523 4400 697 4471 ἀλκὴν
747 4402 922 4474 ὁρμᾷν
980 4397 1473 4477 διαλογιζομένων,
1532 4401 1623 4455 καὶ
1684 4400 1990 4475 ῥωμαλέως

338 4497 456 4551 τοῖς
540 4489 799 4553 ἐναντίοις
856 4487 1125 4559 συστάδην
1193 4489 1689 4558 ἀντικαθίστασθαι,
1760 4498 1861 4560 τῆς
1916 4490 1990 4544 ἓω

2100 3248 2223 3298 tum
2249 3243 2376 3314 jam
2408 3241 2605 3296 media
2636 3246 2806 3295 nocte
2840 3240 2910 3295 ad
2926 3242 3255 3295 Antiochia":
3286 3243 3739 3300 mazniaiterum

2099 3349 2159 3387 se
2194 3330 2535 3396 contulisse,
2575 3330 2869 3399 scalisque
2903 3330 3139 3385 silentio
3170 3330 3242 3385 ad
3276 3347 3477 3387 muros
3532 3334 3740 3404 positis

2096 3438 2203 3493 per
2233 3437 2331 3474 eas
2364 3419 2655 3474 evasisse:
2698 3418 3071 3473 excubitores
3124 3420 3569 3488 Saracenorum,
3621 3423 3739 3478 alto

2099 3526 2306 3565 somno
2335 3508 2618 3580 sepultos,
2676 3506 2887 3580 gladiis
2926 3508 3270 3564 confecisse.
3305 3511 3391 3565 Ita
3447 3514 3742 3567 Romanos

2100 3614 2405 3654 murorum
2440 3598 2550 3652 hoc
2584 3597 2758 3653 modo
2781 3598 2999 3669 potitos
3022 3599 3334 3655 demisisse
3368 3617 3496 3655 sese
3528 3618 3598 3656 ex
3622 3608 3743 3657 tur-

2099 3689 2284 3755 ribus,
2314 3687 2597 3760 oppidum
2642 3687 2864 3758 ubique
2896 3687 3234 3744 incendisse
3264 3704 3277 3743 :
3322 3691 3742 3762 Antiochenos,

2101 3778 2417 3849 improviso
2449 3776 2605 3831 malo
2638 3777 3041 3845 conturbatos,
3065 3778 3139 3833 ad
3169 3779 3440 3851 gemitus,
3464 3780 3741 3851 ejulatus,

2100 3868 2575 3940 desperationem
2608 3884 2903 3922 summam
2924 3868 3175 3935 venisse,
3206 3869 3569 3939 quaesivisse,
3601 3870 3743 3941 quid

2092 3959 2219 4031 jam
2252 3957 2364 4013 sibi
2396 3963 2553 4013 esset
2599 3957 2914 4029 agendum.
2972 3959 3099 4013 Jam
3159 3974 3293 4012 vero
3350 3976 3483 4014 cum
3542 3961 3741 4015 animo

2102 4048 2451 4102 statuissent
2507 4046 2579 4101 ad
2662 4048 2937 4101 virtutem
2991 4047 3329 4119 confugere,
3406 4049 3740 4120 acriterque

2100 4135 2250 4206 pede
2284 4134 2498 4189 collato
2532 4134 2841 4198 obsistere,
2900 4134 3001 4188 ubi
3070 4151 3243 4189 mane
3275 4136 3500 4190 clarum
3548 4137 3746 4191 sublu-

2100 4225 2208 4293 xit,
2271 4223 2537 4294 praecidit
2612 4239 2817 4277 eorum
2912 4223 3199 4294 impetum
3258 4226 3465 4277 Petrus
3528 4230 3747 4279 castro-

2102 4330 2232 4369 rum
2266 4312 2600 4384 prazfectus,
2635 4328 2766 4367 cum
2802 4313 3063 4367 exercitu
3102 4313 3159 4365 in
3184 4312 3393 4366 urbem
3450 4329 3557 4383 per
3610 4330 3747 4383 por-

2102 4410 2191 4458 tas
2250 4419 2311 4457 se
2366 4402 2651 4468 inferens,
2710 4418 2857 4471 quas
2923 4401 3087 4472 prius
3136 4401 3417 4471 oppidum
3497 4402 3747 4473 ingressi

2103 4492 2352 4547 Romani
2386 4490 2474 4545 illi
2522 4496 2894 4561 aperuerant.
2954 4491 3407 4554 Antiochenses,
3459 4507 3593 4544 cum
3643 4490 3748 4546 ad-

340 4578 638 4656 τηλαυγῶς
722 4579 1166 4656 ὑπαυγαζούσης,
1226 4580 1533 4657 προέφθασε
1618 4582 1716 4649 την
1773 4578 1986 4634 ἐκείνων

2101 4597 2303 4636 versus
2336 4585 2528 4636 tantas
2567 4580 2764 4650 copias
2822 4596 2895 4633 ne
2956 4580 3257 4650 suspicere
3314 4578 3553 4648 quidem
3614 4597 3748 4651 pos-

342 4670 521 4741 ὁρμὴν
570 4669 598 4722 ὁ
660 4664 1150 4745 στρατοπεδάρχης
1212 4666 1435 4741 Πέτρος,
1496 4667 1629 4741 μετὰ
1675 4675 1774 4736 τῆς
1837 4665 1987 4721 δυνά-

2105 4676 2259 4737 sent,
2292 4670 2539 4742 abjectis
2570 4669 2749 4723 armis
2781 4667 2852 4722 ad
2886 4685 3089 4740 preces
3148 4668 3444 4739 supplices
3488 4685 3549 4723 se
3608 4686 3749 4724 con-

1556 4801 1615 4852 C.
1649 4798 1711 4853 Β.
1759 4797 2540 4865 ΗΑΞΙΙΑΝΝΟΤΔΤΙΟΝΕΞ.

411 4913 459 4948 ⁸ο
489 4907 761 4968 ἐπίϐατον.
801 4913 894 4968 Sic
923 4912 1053 4969 cod.
1092 4910 1137 4946 3‘
1167 4909 1369 4984 ἤρεμα.
1408 4911 1501 4967 Sic
1533 4911 1662 4969 cod.
1693 4928 1798 4984 pro
1829 4911 2029 4987 ἡρέμα.

414 5054 528 5136 (ἒξ)
562 5055 727 5136 (Ion?-
757 5053 1040 5136 ᾼεειιιιίαες
1074 5056 1193 5136 409-:
1226 5056 1293 5136 ᾼι

417 5123 529 5195 (86)
563 5123 876 5181 Antiochia
909 5131 1081 5197 capta
1112 5130 1202 5179 est
1230 5124 1486 5197 (opinor)
1510 5123 1679 5197 initio
1702 5124 1843 5179 anni
1865 5126 1987 5179 969.

348 5199 657 5254 Rationem
698 5196 1033 5267 temporum
1050 5197 1300 5251 fortasse
1318 5196 1576 5250 turbavit
1605 5196 1905 5250 Cedrenus
1924 5198 1971 5249 ΙΙ

345 5274 469 5325 657.
505 5274 570 5323 Α.
604 5271 705 5339 qui
739 5269 1064 5325 attribuere
1096 5268 1328 5322 videtur
1357 5283 1412 5321 a.
1461 5269 1586 5320 967.
1626 5267 1763 5321 Vide
1815 5284 1997 5339 supra

346 5345 469 5396 214.
506 5342 569 5395 D.
602 5338 726 5396 215.
788 5347 854 5395 Α.
910 5342 1048 5405 Quae
1104 5338 1244 5393 inde
1298 5345 1621 5393 narrantur
1679 5355 1867 5408 usque
1924 5338 1997 5393 ad

348 5415 529 5469 ﬁnem
562 5413 699 5468 libri
727 5412 947 5483 quinti,
989 5409 1578 5483 comprehenduntur
1634 5409 1841 5465 eodem
1892 5427 1999 5466 an-

350 5502 426 5539 no
455 5487 580 5538 969.

421 5557 536 5625 (87}
566 5555 831 5610 Emenda
855 5553 1188 5625 Cedrenum
1218 5554 1287 5606 ll.
1311 5554 1438 5625 6576.
1466 5557 1528 5604 A.
1566 5547 2005 5625 ἐπιλελοιπότων

352 5620 437 5681 δέ
486 5620 575 5681 καὶ
658 5630 763 5680 τῶν
825 5620 1174 5701 Ἀντιοχέων-
1257 5624 1568 5694 scribeque
1651 5625 1757 5675 τῶν
1843 5621 2007 5701 ἀναγο

674 5756 954 5817 ΡΑτιιοι..
999 5758 1117 5816 Gn.
1162 5751 1403 5819 CXVII.

3365 5752 3441 5811 25

2101 5051 2299 5121 καίων,
2332 5059 2397 5109 ut
2419 5055 2545 5127 jam
2577 5056 2916 5127 conjecerat
2970 5054 3296 5127 Xylander.
3345 5057 3544 5127 Neque
3574 5056 3743 5111 aliter

2106 5126 2357 5198 Scylitza
2388 5126 2643 5201 Historia
2673 5126 2785 5184 ms.
2820 5126 3059 5201 Legitur
3110 5127 3250 5181 alibi
3303 5144 3537 5198 quoque
3597 5127 3753 5198 apud

2106 5205 2378 5272 nostrum
2408 5200 2601 5272 σπάνις
2667 5203 2777 5252 τῶν
2831 5198 3138 5272 ἀνάγκαίων
3200 5202 3286 5253 39.
3343 5201 3633 5256 C.et106.
3694 5201 3756 5256 Β.

2108 5285 2179 5324 ex
2208 5270 2458 5341 Agathia
2492 5273 2609 5325 131.
2647 5272 2710 5325 D.
2752 5272 2872 5325 158.
2905 5270 2969 5325 Π.

2326 5342 2626 5412 Cedrenus
2660 5344 2728 5397 II.
2762 5346 2886 5396 656.
2939 5346 2997 5397 C.
3056 5343 3259 5412 Πέτρον
3290 5335 3385 5412 ἕνα
3410 5343 3518 5393 τῶν
3554 5340 3751 5392 ἑαυτοῦ

2113 5409 2391 5487 ερνούχων
2427 5409 2622 5487 δοῦλον
2661 5413 2998 5487 ὑπάρχοντα.
3036 5415 3139 5469 Ubi
3190 5409 3389 5487 δοῦλον
3422 5417 3486 5467 ut
3515 5417 3757 5465 antece-

2115 5484 2313 5557 dentis
2345 5485 2502 5539 vocis
2531 5484 2787 5557 glossam
2814 5484 3193 5557 ejiciendam
3249 5484 3543 5540 arbitror:
3598 5487 3754 5535 Certo

2117 5572 2236 5610 non
2270 5556 2487 5628 legitur
2516 5556 2576 5611 in
2626 5556 2881 5628 Scylitza’
2903 5574 3012 5613 ms.
