4108 6198
394 337 513 397 ’7⁵79

398 477 723 529 verterunt.
752 470 978 538 Quibus
998 469 1059 524 in
1089 466 1431 523 servitutem
1461 465 1614 523 datis
1644 464 2051 534 restinctoque

402 560 706 631 incendio,
740 565 980 632 praator,
1012 555 1313 612 manubiis
1343 572 1375 610 e
1404 554 1608 628 praeda
1654 552 1923 617 delectis,
1946 567 2049 624 apo

399 652 609 723 pidum
636 651 689 705 vi
720 649 934 715 tenuit,
966 646 1029 701 in
1060 645 1367 716 murisque
1397 643 1557 716 quod
1584 649 1713 699 erat
1732 641 2049 698 labefacta-

394 746 523 796 tum
555 737 966 795 communivit.

1782 324 2061 389 LEONIS
2101 324 2421 386 DIACONI

3526 36 4084 120 "'5"

3693 323 3816 384 780

2161 478 2308 534 μεως
2338 457 2416 519 είς
2444 459 2545 527 τὴν
2568 454 2733 513 πόλιν
2762 453 2853 511 διὰ
2896 453 3229 513 τῶνπυλῶν
3256 454 3549 521 εἰσελάσας
3582 460 3719 533 (89),
3752 459 3817 521 ἇς

2160 552 2211 606 οἱ
2266 549 2745 628 προκατασχόντες
2803 550 2867 603 τὸ
2922 548 3058 605 ἄστυ
3108 550 3379 624 Ῥωμαῖοι
3434 550 3586 623 αὖτῷ
3636 552 3821 608 ἀνεπε-

2159 660 2343 696 τασαν.
2376 641 2685 718 Ἀντιοχεῖς
2724 635 2783 693 δὲ
2837 639 2975 713 πρὸς
3026 639 3298 709 τοσαύτην
3354 641 3612 714 στρατιὰν
3671 639 3819 716 μηδὶ

2160 727 2426 783 ἀντωπεῖν
2481 725 2845 805 ἐξισχύοντες,
2898 726 2965 781 τὰ
3022 724 3170 782 ὅπλα
3227 727 3522 801 ῥίψαντες;
3572 729 3652 793 εἰς
3706 732 3818 785 ἱκε-

389 827 537 884 τείαν
592 825 913 901 ἐτράποντο.
970 823 1081 885 Οὓς
1156 824 1185 878 6
1243 817 1734 900 στρατοπεδάρχης
1790 813 2347 894 ἀνδραποδισάμενος,
2438 815 2531 872 καὶ
2612 817 2714 884 τήν
2798 816 3069 890 πυρκαϊὰν
3153 812 3484 887 ἀποσϐέσας,
3540 820 3634 873 καὶ
3696 825 3811 875 τῶν

392 914 581 970 σύλων
637 911 838 985 ἐξελὼν
891 911 960 970 τὰ
1009 909 1347 990 πρωτόλεια,
1402 912 1504 982 τήν
1570 930 1631 966 τε
1683 906 1849 965 πόλιν
1897 906 2037 964 κατὰ
2089 906 2292 982 κράτος
2334 910 2582 985 κατεῖχε,
2640 905 2732 960 καὶ
2787 909 2898 960 τῶν
2953 911 3160 984 τειχῶν
3212 908 3282 963 τὰ
3329 905 3606 982 ἐπισφαλῆ
3643 907 3809 983 ἐκραο

389 1006 601 1064 τύνετο.

464 1129 517 1182 5.
552 1123 779 1181 Nobilis
798 1128 978 1195 atque
1008 1138 1224 1195 magna
1271 1119 1585 1176 Antiochia
1630 1118 1790 1174 hunc
1818 1118 1883 1193 in
1912 1133 2014 1173 moi

2228 1115 2285 1170 ε’.
2318 1112 2481 1170 Ἀλλ’
2510 1116 2660 1169 οὕτω
2695 1114 2789 1188 μὲν
2819 1116 2855 1185 ἡ
2904 1116 3204 1194 περιφανὴς
3256 1115 3349 1171 καὶ
3411 1114 3631 1194 μεγάλη
3679 1117 3813 1174 Ἀν-

389 1214 533 1273 dum
563 1231 599 1270 a
630 1214 910 1271 Romanis
960 1217 1134 1284 capta
1190 1217 1250 1266 et
1292 1215 1520 1265 vastata
1575 1214 1683 1264 est.
1734 1207 1915 1280 Cujus
1972 1206 2045 1261 de

358 1304 830 1376 'expugnatione
861 1317 997 1357 cum
1040 1301 1367 1372 imperator
1409 1297 1694 1364 audisset,
1728 1312 1853 1351 rem
1910 1294 2044 1349 laete

390 1392 493 1463 83
528 1392 685 1460 tulit,
715 1390 1071 1462 numinique
1095 1388 1555 1462 gratulationem
1588 1386 2042 1455 tecit.Forteque

391 1482 607 1550 evenit,
641 1486 705 1536 ut
734 1485 877 1535 tunc
922 1478 1271 1551 angelorum
1314 1477 1555 1549 synaxis
1608 1474 2038 1531 interveniret:

386 1568 469 1624 ibi
503 1569 859 1626 monachum
893 1567 1101 1622 dicunt
1125 1582 1195 1621 ex
1224 1566 1299 1620 iis
1324 1566 1425 1637 qui
1470 1565 1649 1620 vitam
1709 1562 2037 1619 solitariam

386 1664 589 1731 agunt,
621 1655 932 1713 codicillos
964 1654 1283 1710 tradidisse
1313 1653 1681 1726 imperatori,
1733 1653 2036 1708 continuo~

385 1764 502 1818 que
530 1763 561 1802 e
591 1751 915 1817 conspectu
945 1746 1279 1801 evanuisse.
1312 1743 1455 1799 Illos
1498 1759 1633 1798 cum
1682 1740 2038 1814 explicasset

381 1837 728 1908 imperator,
779 1840 1314 1907 argumentumque
1380 1831 1800 1897 intellexisset,
1849 1830 2033 1886 fuisse

384 1943 593 1983 eorum
623 1925 1121 2000 signiﬁcationem
1164 1923 1496 1996 ejusmodi:
1533 1945 1561 1974 κ
1597 1923 1761 1991 Mihi,
1794 1922 2030 1978 tametsi

378 2017 597 2074 vermis
628 2033 822 2081 sum,a
850 2014 1220 2088 providentia
1248 2013 1609 2087 patefactum
1632 2018 1741 2080 est,
1763 2012 2027 2080 domine,

376 2124 411 2164 a
438 2109 556 2165 vita
584 2114 640 2164 te
657 2123 1033 2163 recessurum
1048 2121 1252 2161 mense
1272 2105 1446 2160 tertio
1470 2109 1605 2176 post
1619 2102 2027 2176 Septembrem

373 2198 551 2254 modo
578 2196 1052 2270 prmterlapsum.
1089 2216 1117 2243 ››
1149 2196 1351 2265 Neque
1384 2194 1728 2265 imperator,
1752 2193 2023 2264 quamvis

372 2288 630 2345 multum
662 2285 1050 2358 investigans,
1083 2283 1345 2355 reperire
1384 2283 1580 2355 potuit
1624 2282 1784 2337 hunc
1812 2297 2023 2337 mona-

371 2380 572 2435 chum.
602 2379 792 2449 Atque
823 2374 963 2430 inde
992 2374 1053 2429 in
1077 2389 1330 2429 mmrore
1352 2378 1616 2427 versatus
1636 2377 1726 2426 est
1740 2388 1810 2426 ac
1840 2388 2016 2442 squa-

2159 1204 2377 1284 τιόχεια
2405 1204 2543 1280 πρὸς
2571 1209 2680 1259 τῶν
2708 1204 3001 1279 Ῥωμαίων
3056 1202 3183 1274 ἥλω
3238 1225 3298 1260 τε
3348 1205 3441 1260 καὶ
3496 1204 3808 1281 ἐπορθήθη.

2153 1296 2269 1364 Τήν
2325 1298 2458 1371 γοῦν
2508 1294 2713 1365 ταύτην
2765 1294 2795 1348 6
2874 1294 3235 1369 αὐτοκράτωρ
3289 1291 3584 1357 διακούσας
3639 1298 3813 1353 κατά-

2152 1404 2361 1462 σχεσιν,
2392 1381 2645 1460 ἐγεγήθει
2672 1403 2732 1439 τε
2786 1382 2879 1439 καὶ
2934 1387 3016 1456 τῷ
3067 1383 3339 1458 κρείττονι
3396 1384 3807 1465 εὖχαριστὴρια

2148 1470 2350 1536 ἔθυσεν.
2404 1474 2611 1551 Ἔτυχε
2667 1469 2725 1528 δὲ
2778 1473 2905 1528 τότε
2959 1474 3059 1542 τήν
3096 1478 3205 1529 τῶν
3252 1474 3589 1548 Ἀσωμάτων
3628 1475 3809 1532 ἀπαν-

2147 1568 2312 1631 τῆσαι
2341 1561 2573 1631 σύναξιν,
2605 1559 2657 1616 ἐν
2802 1560 2893 1617 καὶ
2951 1561 3195 1640 μοναχόν
3248 1583 3366 1618 τινα
3423 1561 3645 1641 λέγεται
3691 1572 3805 1621 τῶν

2145 1648 2429 1725 ἐρημικῶν
2456 1648 2774 1707 ἐπιστόλιον
2821 1647 3077 1707 ἐπιδόντα
3130 1657 3211 1725 τῷ
3264 1650 3504 1727 βασιλεῖ,
3551 1652 3804 1711 ἐκποδὼν

2144 1736 2371 1807 ἐξαυτῆς
2401 1735 2672 1816 οἴχεσθαι.
2703 1737 2807 1794 Τὸν
2854 1734 2911 1792 δὲ
2938 1735 3179 1808 ἆνελῖξαί
3208 1759 3267 1794 τε
3316 1744 3504 1808 τοῦτο,
3562 1742 3655 1796 καὶ
3706 1743 3803 1798 τὸν

2140 1830 2264 1881 νοῦν
2292 1826 2465 1881 αὐτοῦ
2489 1824 2866 1896 ἀναλέξασθαιο
2898 1827 3038 1881 εἶναι
3094 1823 3153 1882 δὲ
3208 1829 3308 1898 τήν
3362 1829 3562 1884 τούτου
3616 1828 3802 1910 ἔμφα-

2142 1937 2224 1972 σιν
2251 1916 2536 1986 τοιαύτην·
2568 1941 2598 1969 ‹‹
2632 1917 2794 1991 Ἐμοὶ
2845 1922 2926 1991 τῷ
2974 1915 3229 1989 σκώληκι
3284 1920 3431 1994 παρὰ
3481 1927 3585 1990 τῆς
3650 1942 3798 1996 προ-

2137 2006 2288 2067 νοίας
2345 2004 2728 2085 ἀπεκαλύφθη,
2800 2004 3053 2082 βασιλεῦ,
3115 2010 3512 2081 μεταναστῆναί
3570 2030 3630 2065 σε
3682 2017 3794 2067 τῶν

2135 2093 2270 2169 τῇδε
2303 2101 2383 2169 τῷ
2417 2096 2554 2171 μετὰ
2610 2096 2703 2152 τὸν
2767 2093 3110 2171 παρελθόντα
3189 2093 3567 2174 Σεπτεμϐριον
3616 2102 3795 2175 τρίτῳ

2139 2186 2290 2260 μηνί.
2354 2210 2382 2238 ››
2439 2183 2634 2242 Πολλᾶ
2689 2186 2868 2241 τοίνυν
2924 2184 3361 2264 ἀναψηλαφήσας
3417 2189 3447 2243 6
3502 2188 3789 2265 βασιλεύς,

2133 2273 2242 2353 οὐχ
2270 2275 2393 2349 εὗρε
2419 2274 2512 2330 τὸν
2544 2274 2807 2353 μοναχόν.
2861 2275 3133 2338 Ἐντεῦθεν
3188 2273 3242 2330 ἐν
3296 2277 3567 2356 κατηφείᾳ
3622 2275 3789 2356 διῆγε

2126 2363 2219 2421 καὶ
2248 2364 2693 2439 σκυθρωπότητι·
2730 2367 2816 2437 [Ρ.
2857 2366 2948 2438 51]
2979 2362 3069 2420 ἐπὶ
3114 2362 3309 2435 κλίνης
3363 2387 3423 2422 τε
3476 2367 3540 2423 τὸ
3594 2369 3780 2444 παρά-

366 2467 534 2533 lore;
566 2447 932 2535 omninoque
964 2463 1026 2517 in
1059 2462 1212 2517 lecto
1244 2461 1460 2517 cubare
1491 2476 1560 2516 eo
1618 2476 1689 2515 ex
1744 2466 2012 2532 tempore

2128 2475 2228 2510 παν
2259 2452 2446 2510 ἔκτοτε
2474 2452 2576 2509 οὐκ
2628 2447 2909 2525 ἐϐουλήθη
2971 2450 3453 2524 διαναπαύσασθαι,
3508 2454 3636 2512 ἀλλ’
3692 2456 3779 2514 ἐπ’

363 2555 594 2611 noluit:
627 2553 731 2608 sed
753 2569 933 2623 super
960 2551 1115 2624 pelle
1138 2551 1494 2622 pautherina
1522 2566 1839 2619 crassoque
1869 2565 2013 2604 coa-

2128 2540 2354 2622 ἐδάφους
2408 2542 2834 2617 ύποστρωνρύων
2876 2544 2987 2617 (90)
3039 2539 3213 2618 δέρμα
3277 2541 3626 2620 παρδάλεως,
3681 2549 3778 2604 καὶ

366 2643 491 2698 ctili
524 2642 766 2697 coccino
784 2641 948 2695 humi
982 2640 1182 2694 stratis
1212 2637 1581 2705 dormiebat;
1614 2638 1795 2709 pallio
1817 2644 2017 2693 autem

364 2730 667 2786 Michaelis
719 2727 1023 2794 monachi,
1083 2728 1279 2799 patrui
1349 2726 1558 2798 ipsius,
1614 2726 1711 2782 cui
1764 2726 2015 2782 Maleino

364 2834 693 2892 cognomen
722 2816 934 2884 fuerat,
959 2832 1216 2888 superne
1239 2816 1590 2887 contegebat
1619 2815 1733 2870 sibi
1764 2832 2013 2887 corpus:

296 2970 305 2981 .
362 2908 666 2981 quibusin
698 2905 879 2962 rebus
915 2909 1270 2978 pernoctare
1308 2910 1715 2971 consueverat,
1758 2905 2013 2976 quoties,

359 2998 716 3055 imminente
748 2995 1058 3052 Dominica
1088 2994 1466 3051 solemnitate
1503 2994 1726 3066 aliqua,
1758 2995 2015 3050 inteme-

354 3088 503 3144 ratis
531 3086 749 3143 Christi
795 3085 1097 3157 mysteriis
1149 3084 1543 3140 constituerat
1592 3083 1729 3140 frui.
1790 3084 2011 3141 Iisdem

278 3170 291 3183 “
353 3192 539 3250 prope
569 3175 783 3231 diebus
807 3172 1045 3242 accidit,
1078 3180 1146 3229 ut
1193 3173 1412 3229 Bardas
1451 3174 1667 3240 Caasar,
1698 3174 2010 3245 Nicephori

347 3264 725 3337 imperatoris
766 3268 956 3335 pater,
1020 3278 1092 3318 ex
1150 3262 1262 3318 hac
1315 3262 1435 3318 vita
1470 3263 1772 3335 migraret,
1832 3268 2009 3318 natus

345 3371 543 3411 annos
575 3353 834 3426 amplius
860 3353 1208 3423 nonaginta,
1240 3368 1377 3408 cum
1410 3352 1472 3407 in
1502 3353 1768 3408 numeris
1787 3352 2005 3409 milita-

344 3443 769 3516 ribusabipsa
820 3441 1132 3514 pubertate
1180 3441 1617 3507 consenuisset,
1672 3441 2006 3515 triumphos

351 3538 531 3604 atque
558 3531 834 3588 victorias
862 3530 1231 3587 facinoribus
1270 3529 1502 3586 bellicis
1519 3530 1861 3602 complures
1878 3531 2010 3586 ade-

348 3627 505 3693 ptus.
534 3620 702 3675 Hunc
724 3620 1051 3690 imperator
1069 3623 1469 3685 mortuum,ut
1491 3636 1599 3690 par
1627 3624 1776 3685 erat,
1806 3619 1958 3675 luxit
1988 3636 2003 3676 :

352 3723 504 3778 eque
530 3707 749 3778 palatio
774 3723 966 3776 usque
1005 3705 1079 3761 ad
1111 3706 1353 3761 domum
1386 3707 1539 3777 ejus,
1600 3708 1661 3762 iu
1700 3713 1867 3779 parte
1898 3724 2002 3763 au-

347 3795 515 3851 strali
546 3794 712 3849 urbis
741 3795 1005 3859 sitam,in
1029 3793 1179 3849 clivo
1208 3794 1315 3848 vise
1355 3809 1474 3865 qua
1528 3795 1603 3851 ad
1632 3812 1797 3852 mare
1851 3797 1991 3863 itur,

346 3849 706 3954 sophimque
735 3849 942 3953 portus
972 3881 1073 3937 84
1095 3849 1398 3953 panditur,
1429 3849 1806 3953 corpus—ejus
2032 3849 2075 3915 θ

347 3976 587 4027 secutus
619 3975 729 4038 est,
763 3975 824 4025 et
851 3969 914 4025 in
967 3984 1108 4026 arca
1135 3970 1489 4041 composuit.
1558 3970 1802 4041 Aliquot
1863 3977 2000 4043 post

2119 2627 2437 2711 κοκκοϐαφῆ
2471 2633 2519 2669 ⁸²
2546 2630 2731 2701 πῖλον,
2800 2630 2889 2688 ἐπὶ
2945 2632 3154 2688 τούτων
3228 2630 3499 2704 ἐκάθευδε,
3561 2634 3772 2713 μανδύῃ

2118 2726 2199 2794 τῷ
2226 2726 2326 2777 τοῦ
2361 2726 2609 2800 μοναχοῦ
2664 2719 2900 2800 Μιχαὴλ
2956 2721 3053 2777 καὶ
3111 2722 3259 2778 θείου
3310 2723 3502 2794 αὐτοῦ,
3558 2726 3606 2799 ᾧ
3652 2731 3779 2783 Μα-

2119 2806 2296 2871 λεῖνος
2326 2810 2373 2847 ³³
2426 2808 2734 2885 ἐπώνυμον,
2791 2808 2992 2875 ἄνωθεν
3046 2808 3436 2869 ἐπικαλύπτων
3492 2813 3662 2872 αὐτοῦ
3708 2817 3773 2872 τὸ

2116 2898 2416 2972 σωμάτιονο
2449 2896 2502 2954 ἐν
2534 2900 2620 2961 οἷς
2674 2897 2885 2956 ε’ίθιστο
2914 2897 3216 2970 καθεύδειν,
3249 2901 3484 2972 ὁπηνίκα
3532 2909 3640 2961 τῶν
3673 2915 3774 2963 Δε-

2116 2992 2390 3043 σποτικῶν
2413 2987 2616 3063 ἒορτῶν
2671 3008 2757 3050 τις
2814 2987 3101 3060 εἰσήλαυνε
3138 2988 3232 3046 καὶ
3289 2996 3398 3047 τῶν
3449 2996 3773 3070 μυστηρίων

2115 3078 2356 3151 Χριστοῦ
2386 3082 2494 3133 τῶν
2521 3077 2810 3157 ἀχράντων
2831 3073 3107 3149 ἠϐούλετο
3132 3086 3446 3160 μετασχεῖν.
3472 3085 3620 3139 Κατὰ
3640 3085 3769 3141 ταύο

2114 3185 2209 3226 τας
2236 3161 2411 3227 δὲτὰς
2441 3165 2655 3241 ἡμέρας
2697 3162 2894 3237 συνέϐη
2926 3168 3018 3223 καὶ
3069 3169 3164 3224 τὸν
3224 3170 3471 3246 Καίσαρα
3527 3170 3765 3248 Βάρδαν,

2111 3254 2203 3311 τὸν
2257 3259 2356 3310 τοῦ
2410 3254 2817 3331 αὐτοκράτορος
2847 3258 3170 3336 Νικηφόρου
3217 3257 3426 3335 πατέρα
3471 3262 3606 3336 (91),
3665 3268 3767 3318 τοῦ

2114 3343 2238 3418 βίου
2300 3351 2716 3418 μεταναστῆναι,
2767 3344 2898 3420 ὑπὲρ
2963 3346 3031 3401 τὰ
3094 3344 3406 3418 ἐνενήκοντα
3460 3345 3556 3420 ἔτη
3642 3347 3767 3407 δια-

2110 3427 2406 3505 ϐιώσαντα,
2436 3433 2534 3489 κᾶν
2562 3440 2679 3496 τοῖς
2712 3441 3135 3510 στρατιωτικοῖς
3185 3435 3521 3515 καταλόγοις
3580 3438 3630 3510 ἐξ
3662 3441 3765 3496 αὗ-

2108 3529 2209 3592 τῆς
2238 3518 2384 3594 ἥϐης
2413 3524 2889 3601 καταγηράσαντα,
2940 3525 3032 3580 καὶ
3061 3522 3251 3581 πολλὰ
3289 3527 3527 3603 τρόπαια
3555 3530 3647 3585 καὶ
3677 3532 3762 3585 νί-

2106 3631 2206 3673 κας
2258 3609 2310 3668 ἐν
2359 3619 2476 3674 τοῖς
2530 3613 2670 3669 κατὰ
2725 3611 2973 3688 πόλεμον
3024 3611 3506 3692 ἀνδραγαθήμασιν
3558 3616 3759 3689 ἀναδη-

2108 3702 2336 3776 σάμενον
2367 3705 2499 3778 (92).
2551 3705 2649 3762 ¹’ον
2700 3702 2984 3774 ἐπένθησεν
3033 3705 3061 3760 6
3116 3704 3376 3781 βασιλεὺς
3435 3710 3758 3780 τεθνηκότα,

2106 3792 2182 3854 ὡς
2212 3793 2276 3848 τὸ
2309 3793 2477 3862 εἰκὸς,
2508 3792 2569 3849 ἐκ
2624 3799 2734 3850 τῶν
2789 3793 3101 3879 ἀνακτόρων
3157 3818 3216 3853 τε
3274 3796 3365 3853 καὶ
3430 3798 3600 3879 μέχρι
3655 3808 3758 3871 τῆς

2104 3881 2284 3944 ἑστίας
2314 3880 2482 3939 αὐτοῦ
2511 3884 2649 3939 κατᾶ
2704 3878 3052 3961 μεσημϐρίαν
3106 3886 3363 3960 κειμένης
3413 3893 3511 3944 τοῦ
3532 3878 3754 3971 (ἄστεος,

2103 3969 2241 4045 πρὸς
2270 3971 2334 4027 τὸ
2363 3972 2620 4034 κάταντες
2648 3980 2750 4043 τῆς
2805 3970 2897 4028 ἐπὶ
2940 3970 3213 4036 θάλασσαν
3269 3976 3540 4054 φερούσης
3598 3969 3753 4049 ὁδοῦ,

340 4059 574 4126 diebus,
606 4076 742 4117 cum
775 4066 934 4116 esset
960 4059 1269 4133 paululum
1302 4059 1491 4116 levata
1519 4061 1895 4134 imperatoris
1920 4061 1994 4118 de

2130 4082 2193 4117 να
2224 4062 2253 4117 ὁ
2274 4070 2376 4133 τῆς
2410 4065 2616 4144 Σοφίας
2664 4062 2840 4139 λιμὴν
2870 4061 3153 4135 ἥπλωται,
3185 4065 3278 4121 τὸν
3336 4068 3534 4124 τούτου
3564 4071 3753 4145 νεκρὸν

342 4154 511 4222 patre
540 4147 848 4222 agritudo,
871 4148 1230 4220 The0phano
1260 4150 1991 4221 Augusta.opportunitate

2128 4150 2440 4227 προέπεμψε.
2473 4153 2565 4209 καὶ
2595 4157 2665 4226 τῇ
2695 4159 2842 4229 σορῷ
2894 4152 3252 4228 περιέστειλε.
3288 4157 3436 4212 Μετὰ
3495 4154 3551 4213 δέ
3601 4179 3753 4223 τινας

342 4254 471 4304 usa,
502 4242 731 4294 secreto
760 4254 896 4293 eum
927 4236 1113 4306 addit,
1130 4237 1502 4310 multamque
1533 4246 1896 4297 connectens
1927 4242 1989 4298 in

2128 4239 2310 4316 ιμέρας
2340 4246 2439 4297 τοῦ
2469 4240 2559 4298 ἐπὶ
2605 4247 2686 4315 τῷ
2714 4243 2880 4318 πατρὶ
2927 4241 3155 4306 πένθους
3209 4249 3290 4319 τῷ
3345 4244 3568 4321 βασιλεῖ
3621 4248 3752 4304 ὑπο-

336 4328 530 4385 verbis
559 4326 1117 4400 suaviloquentiam,
1149 4344 1256 4400 pro
1283 4328 1512 4385 Joanne
1554 4329 1828 4404 Magistro
1886 4348 1988 4386 co-

2098 4328 2479 4410 λωφήσαντος,
2527 4329 2804 4407 εὐκαιρίας
2858 4334 2895 4402 ἡ
2956 4332 3248 4410 Δύγούστα
3305 4337 3558 4416 Θεοφανὼ
3617 4334 3747 4413 δρας

1544 4487 1604 4544 C.
1637 4488 1678 4543 Β
1736 4488 1926 4544 HASII
1972 4490 2531 4548 ANNOTATIONES.

401 4650 448 4685 "
475 4643 798 4726 κοκκηϐαφῆ
837 4648 968 4709 cod.
1002 4648 1115 4706 Sed
1142 4642 1465 4723 κοκκοϐαφῆ
1490 4647 1647 4704 infra
1684 4649 1772 4703 53.
1805 4653 1870 4702 Λ.
1902 4647 1951 4685 ⁸³
1976 4652 2014 4704 Μ

2128 4646 2266 4714 ι’ίνος.
2302 4651 2397 4709 Sic
2428 4652 2557 4708 cod.

401 4836 519 4910 (89)_
560 4837 821 4910 Quarum
878 4836 1163 4910 repagula
1227 4854 1262 4893 a
1291 4838 1498 4893 Burtza
1547 4853 1688 4910 ense
1720 4837 1976 4894 dissecta

2128 4838 2371 4895 cribitur
2401 4835 2693 4900 Μαλεῖνός·
2727 4839 2856 4895 vide
2889 4845 3091 4897 notam
3118 4842 3194 4898 ad
3254 4844 3355 4898 H8
3410 4844 3474 4898 Ι).
3533 4848 3738 4900 Κοκκυ-

330 4902 459 4993 esse
482 4902 783 4990 Cedrenus
807 4902 1141 4993 auctor-"est
1172 4910 1243 4973 II,
1269 4911 1399 4993 ¹65⁸1.
1432 4909 1616 4993 D.nlbi
1649 4909 1760 4992 lin,
1788 4912 1976 4993 9._pro
2077 4902 2290 4993 6:23:61,
2325 4918 2541 4993 praeter
2570 4910 2977 4993 locumquem
3029 4913 3092 4993 in
3149 4930 3254 4993 ora
3306 4915 3501 4993 attuli,
3526 4915 3744 4988 legitur

325 4975 505 5051 πάλην
540 4979 676 5051 quis
710 4996 830 5035 non
861 4980 1019 5035 videt
1074 4978 1392 5051 legendum
1450 4977 1655 5049 πύλην,
1715 4975 1886 5036 sicut'
1913 4983 1976 5037 in

324 5050 573 5105 Schowi"
607 5050 748 5106 edit.
816 5051 1113 5106 Laurentii
1140 5050 1299 5108 ’Lvdi
1352 5052 1432 5106 De
1491 5052 1801 5108 mensibus
1850 5056 1970 5108 124.

320 5120 428 5177 lin.
472 5124 554 5177 19'
588 5120 731 5177 item
756 5121 859 5176 lin.
898 5122 1004 5177 ult.
1034 5120 1322 5204 .ejusdem
1338 5139 1485 5235 1‘pag.
1533 5124 1971 5181 restituendum

320 5189 374 5235 ἐν
406 5190 603 5235 «him:
660 5200 717 5235 pl,
747 5195 851 5235 mm
914 5195 969 5235 A,
1010 5193 1088 5235 Im
1146 5196 1179 5235 9.
1223 5211 1331 5235 πη
1366 5212 1495 5235 nvru
1526 5193 1556 5235 9

319 5189 374 5247 ἐν
406 5190 628 5257 αἰτίαις,
660 5200 718 5248 et
747 5195 869 5249 658.
907 5195 973 5247 A.
1008 5189 1114 5249 lin'.
1146 5196 1197 5247 2.
1223 5189 1495 5263 παρέσχεν
1526 5193 1556 5249 ?

2077 4986 2324 5069 ‘quuoque
2355 4985 2443 5037 74.
2478 4984 2542 5037 D.
2579 4984 2735 5054 apud
2767 4986 3135 5039 Constantin.
3187 4984 3734 5112 Porphnrogennet.

2089 5056 2186 5108 13o
2241 5056 2281 5109 C
2336 5061 2395 5109 et
2441 5054 2595 5112 apud
2628 5054 2960 5112 Cedrenum
2984 5059 3051 5112 11.
3086 5058 3191 5111 662
3267 5058 3326 5112 C.
3435 5066 3594 5112 ausu
3624 5061 3734 5112 Leo

2089 5056 2186 5108 135
2241 5056 2281 5109 C
2336 5061 2395 5109 et
2441 5054 2595 5124 apud
2628 5054 2960 5112 Cedrenum
2984 5059 3051 5113 ll.
3086 5058 3191 5111 662
3267 5054 3326 5112 C'.

2084 5140 2155 5180 ex
2184 5125 2430 5197 Agathia
2452 5128 2539 5180 90.
2574 5125 2635 5197 Β.

3435 5060 3594 5115 ausit
3623 5061 3736 5118 Leo

2151 5196 2266 5273 (91)
2291 5197 2390 5273 [lic
2416 5203 2512 5273 est
2541 5196 2643 5252 ille
2675 5206 3055 5273 senex_,n_atus
3076 5206 3735 5273 centumiqmnquaginta

389 5268 502 5343 (90)_
526 5265 660 5320 Hinc
784 5264 1148 5343 Glossarium
1180 5264 1964 5343 retulit‘Ducaugiu-s1:867:
2078 5264 2257 5343 canis
2300 5268 2457 5343 [sic],
2495 5285 2766 5343 _quocum
2840 5270 3239 5343 Luitprandus
3292 5264 3422 5343 L'eg.
3467 5264 3730 5331 -ad'I\‘ic.

317 5336 378 5392 C.
413 5330 522 5424 sub
581 5353 632 5392 v.
691 5330 971 5424 Μανδύρις,
1033 5336 1359 5424 usque‘ad
1420 5330 1840 5424 verba,:a610ii
1904 5337 1969 5391 τὸ

2128 5338 2267 5424 hoc;
2301 5330 2454 5394 .144"
2494 5330 2542 5395 Π
2621 5356 2683 5395 se
2743 5330 3008 5398 cmuassc
3068 5343 3153 5397 ait
3203 5330 3407 5400 mens'é
3466 5346 3732 5417 Augusto

315 5406 616 5491 σωμάτιον·
654 5425 760 5491 pro
793 5406 1172 5491 quibusuille
1221 5406 1407 5490 dedit,
1466 5406 1527 5491 16
1586 5406 1963 5489 σῶμααύτοῦ·

2128 5451 2130 5461 ν
2154 5412 2288 5491 .998-

309 5477 422 5537 nec
442 5477 676 5561 reliqua
707 5477 1434 5561 singuladil‘igentissime
1489 5477 1964 5561 descripsit.”llo-

2147 5482 2255 5561 (92)
2288 5482 2909 5561 Hormidictioniser
2929 5557 2946 5561 Α
2968 5484 3238 5561 Agathia,
3286 5486 3390 5561 cui
3444 5486 3732 5561 frequens

307 5549 926 5625 gnomen'Michaelis,
952 5549 1335 5625 Maleiuusﬁn
1366 5549 1609 5625 familiis
1632 5549 1965 5625 Byzantinis

2128 5549 2165 5608 st
2197 5569 2211 5608 :
2239 5549 2425 5610 veluti
2455 5554 2547 5621 27,
2579 5558 2645 5610 Α.
2671 5557 2760 5611 60.
2791 5555 2832 5610 C
2886 5557 2954 5611 99
3009 5549 3077 5625 Il,
3112 5549 3233 5611 140.
3265 5559 3332 5612 Α.

308 5618 432 5681 ῖ49.
468 5624 509 5681 C
542 5640 668 5679 non
703 5628 995 5681 memorat
1045 5622 1383 5696 Ducangius
1416 5639 1430 5678 :
1490 5621 1640 5679 alias
1677 5618 1964 5694 ’ὀξυτόνως
