4060 6198
181 375 291 436 781
1555 371 1948 432 HlSTORIIE
1993 373 2143 434 LIB.
2190 375 2265 435 V.
3472 383 3592 440 ’182

183 505 410 583 ξαμένη,
475 507 725 582 πρόσεισι
781 505 963 576 τούτῳ
1042 504 1376 578 καταμόνας,
1424 503 1643 573 πολλήν
1704 526 1828 559 συν-

1972 515 2260 570 ςῐιοηιειιιο
2311 512 2592 566 'l'zimisce
2653 511 2955 584 deprecari
3004 513 3382 584 implorando
3414 519 3591 586 atque

184 599 404 673 είρουσα
463 595 646 674 λόγων
701 596 897 663 πειθὼ,
931 595 1185 664 Ἰωάννην
1244 617 1302 650 τε
1360 596 1450 652 τὸν
1512 595 1835 672 μάγιστρον,

182 690 230 761 ᾤ
289 691 598 760 Τζιμισκῆς
658 687 719 742 τὸ
774 685 1078 759 ἐπώνυμον,
1134 686 1235 740 ούκ
1289 685 1409 754 ἀνίη
1462 685 1836 758 ἐξαιτουμένη,

181 776 641 852 προσλιπαροῦσά
727 798 785 832 τε
867 777 957 831 καὶ
1016 774 1382 849 ποτνιωμένη.
1466 777 1568 832 Καὶ
1628 773 1838 831 δικαίαν

191 863 354 935 δῆθεν
416 869 516 934 τήν
580 867 779 938 σκῆψιν
831 862 1246 940 προτεινομένη,
1305 864 1476 931 καὶ,‹‹
1536 865 1643 918 Ὶνα
1701 864 1754 918 τί
1792 865 1840 899 ⁸⁴

185 956 361 1010 πάντα
399 954 582 1030 μέτρῳ
606 955 698 1008 καὶ
729 956 956 1026 σταθμῷ
983 953 1260 1026 ῥυθμίζων
1316 953 1382 1007 τὰ
1441 953 1526 1019 σὰ,
1588 951 1838 1026 βασιλεῦ,

185 1046 266 1105 ὡς
307 1041 507 1119 ἀκριϐῆ
562 1045 806 1118 στάθμην
860 1043 997 1097 εἶναί
1045 1064 1102 1097 σε
1158 1042 1249 1096 καὶ
1306 1043 1497 1096 κανόνα
1555 1043 1841 1119 σωφροσύ-

181 1155 284 1205 νης
341 1135 657 1202 εὐθύτατον,
710 1137 954 1208 παρορᾷς
1013 1129 1176 1206 ἄνδρα
1251 1138 1489 1208 γενναῖον
1547 1133 1692 1188 οὕτω
1749 1132 1838 1186 καὶ

182 1225 449 1292 νεανικὸν,
504 1223 778 1298 ἀριπρεπῆ
840 1225 885 1258 ’⁵⁵
914 1243 972 1277 τε
1030 1223 1167 1277 κατὰ
1220 1222 1314 1281 τὰς
1387 1222 1572 1300 μάχας
1627 1222 1842 1299 τυγχά-

181 1335 344 1369 νοντα
429 1313 521 1367 καὶ
603 1312 1062 1388 ἀκαταγώνιστον,
1140 1307 1566 1386 ἐγκυλινδεῖσθαι
1642 1311 1688 1346 ⁸⁸
1764 1315 1843 1382 τῷ

187 1397 453 1477 βορϐόρῳ
513 1406 620 1455 τῶν
674 1397 904 1468 ἡδονῶν,
965 1399 1056 1454 καὶ
1117 1399 1236 1474 βίον
1297 1395 1649 1471 μεταδιώκειν
1704 1420 1845 1472 παρ-

189 1487 569 1562 εξηυλημένον
605 1489 713 1563 (93)
773 1489 862 1542 καὶ
910 1487 1112 1555 ἄνετον,
1171 1492 1483 1566 σφριγῶντα
1541 1487 1630 1541 καὶ
1678 1486 1845 1557 αὖτήν

186 1587 293 1648 τῆς
326 1577 556 1648 ἡλικίας
619 1577 820 1655 ἄγοντα
876 1579 976 1647 τὴν
1033 1576 1238 1650 ἀκμὴν,
1293 1577 1384 1630 καὶ
1425 1580 1595 1632 ταῦτα
1624 1576 1845 1631 αὐτανε-

185 1669 319 1742 qua»
375 1672 474 1722 τοῦ
530 1672 627 1721 σοῦ
684 1667 963 1746 πεφηνότα
1004 1666 1261 1740 κράτους,
1323 1662 1582 1739 λαμπράν
1639 1687 1697 1720 τε
1748 1670 1845 1720 τοῦ

186 1757 382 1834 γένους
411 1755 643 1812 ἕλκοντα
703 1759 802 1826 τὴν
861 1755 1039 1830 σειράν
1073 1773 1086 1822 ;
1123 1752 1301 1821 Ἀλλ’,
1356 1754 1401 1808 εἷ
1434 1751 1602 1823 δοκεῖ,
1660 1753 1848 1809 κέλευε

1949 598 2299 655 obtestando
2332 618 2452 657 non
2511 603 2852 658 intermisit.
2913 604 3248 674 Speciosam
3309 605 3594 660 nimirum

1948 704 2182 743 causam
2217 697 2571 761 prmtexens,
2607 717 2633 742 ‹‹
2659 694 2791 754 Cur,
2831 716 2856 741 ››
2890 692 3105 763 inquit,
3137 717 3163 742 ‹‹
3201 700 3260 748 tu
3291 695 3388 764 qui
3419 695 3595 749 modo

1947 783 2006 830 et
2036 780 2264 834 ratione
2297 784 2499 837 omnia
2528 782 2694 846 facis,
2729 783 2995 852 Domine,
3035 784 3182 838 adeo
3214 790 3280 838 ut
3316 785 3396 840 sis
3451 801 3596 839 con-

1949 875 2310 923 summatum
2344 871 2678 942 exemplum
2711 888 2776 925 ac
2805 889 3014 926 norma
3045 874 3335 927 acerrima
3367 879 3596 944 tempe-

1947 957 2178 1022 rantiae,
2214 959 2379 1013 nullo
2413 959 2541 1013 loco
2576 977 2878 1022 numeras,
2924 962 3109 1015 virum
3143 969 3260 1016 tam
3295 963 3509 1016 fortem
3540 968 3599 1016 et

1948 1045 2306 1112 animosum,
2349 1049 2576 1103 clarum
2608 1049 2764 1103 bello
2804 1057 2982 1120 atque
3017 1050 3600 1120 invictum,volutari

1949 1134 2008 1187 in
2026 1134 2148 1189 luto
2165 1137 2860 1210 voluptatum,vitamque
2884 1156 3055 1211 agere
3077 1147 3366 1194 extorrem
3386 1141 3603 1195 etotio-

1951 1240 2077 1278 sam
2103 1226 2130 1279 ‘I
2169 1227 2236 1279 Et
2269 1232 2464 1281 tamen
2497 1228 2648 1299 viget
2680 1228 2777 1281 ille
2809 1228 2935 1298 ipso
2976 1229 3166 1282 mtatis
3209 1229 3440 1293 robore,
3476 1235 3598 1283 tum

1950 1313 2129 1368 etiam
2164 1315 2558 1370 consobrinus
2609 1323 2723 1371 tua)
2781 1317 3112 1386 majestatis
3160 1323 3268 1382 est,
3305 1318 3598 1372 illustrem

1951 1404 2132 1457 trahit
2162 1406 2396 1475 generis
2429 1406 2971 1471 seriem.Verum,si
2994 1407 3404 1477 videtur,jube
3427 1407 3599 1461 illum

1952 1494 2418 1563 quamprimum.
2454 1512 2589 1550 rure
2614 1495 2714 1550 ubi
2745 1502 2832 1550 est
2859 1496 3087 1562 relicto,
3131 1496 3203 1550 ad
3235 1513 3346 1551 nos
3375 1496 3599 1563 venire,

1955 1586 2012 1635 et
2036 1598 2284 1637 uxorem
2316 1583 2580 1654 aliquam
2613 1601 2643 1638 e
2671 1585 2936 1656 patriciis
2967 1585 3406 1650 ducere.Quam
3440 1586 3602 1640 enim

1957 1670 2122 1743 prius
2154 1672 2213 1726 in
2249 1673 2630 1728 matrimonio
2664 1675 2942 1742 habebat,
3003 1676 3238 1738 acerba,
3272 1681 3338 1729 ut
3368 1675 3503 1740 scis,
3536 1691 3604 1729 ac

1956 1760 2225 1815 membra
2255 1760 2488 1816 solvens
2505 1779 2662 1817 mors
2677 1763 3110 1835 perculit.Cede
3133 1763 3601 1834 igitur.domine.

185 1849 292 1917 τὴν
321 1847 618 1924 ταχίστην,
647 1851 755 1900 τῶν
812 1846 1014 1923 χώρων
1067 1841 1159 1898 ’ίνα
1217 1838 1486 1918 διατρίϐει
1543 1843 1841 1919 ἀπάραντα,

1972 1849 2121 1914 Quod
2149 1850 2625 1915 suadeo,rectum
2659 1858 2766 1906 est.
2804 1854 2947 1906 Gere
2983 1853 3125 1906 mihi
3161 1851 3604 1920 morem.Neja-

185 1937 487 2015 ἀᾳικέσθαι
546 1957 604 1992 τε
655 1936 792 2011 πρὸς
832 1939 981 2010 ἡμᾶς
1033 1935 1124 1990 καὶ
1183 1935 1402 2011 συζύγῳ
1458 1941 1565 1990 τῶν
1617 1935 1845 2012 εὐγενῶν

187 2028 561 2100 ἁρμοσθῆναι.
596 2027 705 2095 Τὴν
763 2026 867 2102 γὰρ
924 2021 1032 2094 ἢδη
1091 2024 1247 2097 νόμῳ
1305 2024 1487 2100 γάμου
1526 2045 1840 2098 προσαρμο-

187 2118 408 2170 σθεῖσαν
432 2115 582 2187 αὐτῷ
614 2115 642 2169 ὁ
672 2115 891 2190 πικρὸς,
944 2115 1018 2174 ὡς
1079 2115 1260 2182 οἶσθα,
1317 2113 1408 2167 καὶ
1467 2111 1775 2186 λυσιμελὴς
1805 2116 1848 2150 ⁸⁷

1955 1945 2085 1994 ceat
2114 1940 2186 1994 ad
2221 1940 2544 1995 ludibrium
2579 1947 2636 1996 et
2668 1943 3006 1996 irrisionem
3039 1942 3375 2012 linguarum
3429 1946 3602 2011 petu-

1955 2029 2208 2083 lantium
2242 2031 2341 2100 qui
2375 2035 2434 2084 et
2457 2047 2672 2102 genere
2705 2036 2760 2085 te
2785 2032 3042 2102 attingit,
3077 2038 3134 2086 et
3164 2029 3236 2085 ob
3279 2029 3494 2084 bellica
3524 2029 3606 2083 fa-

1959 2119 2164 2173 cinora
2193 2119 2264 2172 ab
2297 2120 2574 2174 omnibus
2606 2120 2982 2192 praedicatur.
3021 2141 3048 2169 ››

187 2201 464 2279 ὲξεθέρισε
485 2204 733 2266 θάνατος.
767 2204 927 2272 Εἶξον
958 2201 1174 2270 λοιπὸν,
1209 2199 1460 2276 βασιλεῦ,
1491 2201 1582 2254 καὶ
1610 2201 1975 2278 εἰσηγουμένῃ
2008 2205 2076 2259 τὰ
2105 2201 2289 2260 δέοντα
2319 2207 2596 2276 πείσθητι,
2628 2208 2717 2261 καὶ
2755 2209 2829 2280 μή
2864 2207 3174 2281 προκείσθω
3221 2211 3342 2268 ταῖς
3370 2203 3610 2259 ἀκολάσ-

187 2314 315 2355 τοις
348 2291 630 2370 γλώσσαις
660 2289 932 2365 κωμῳδία
956 2291 1047 2346 καὶ
1080 2291 1393 2364 σαρκασμὸς
1422 2291 1449 2344 ὁ
1478 2288 1537 2344 ἐκ
1561 2295 1659 2345 τοῦ
1691 2296 1788 2344 σοῦ
1819 2293 2010 2368 γένους
2042 2291 2387 2369 ἀναδραμὼν,
2421 2297 2516 2351 κάν
2574 2303 2694 2358 ταῖς
2750 2302 2858 2352 τῶν
2917 2294 3180 2370 πολέμων
3227 2292 3612 2371 ἀνδραγαθίαις

189 2382 346 2457 παρᾶ
377 2381 591 2436 πάντων
627 2379 1178 2459 μεγαλαυχούμενος.
1216 2403 1244 2430 ››

263 2504 354 2575 [Ρ.
397 2503 486 2574 52]
543 2501 606 2564 ς’.
667 2501 898 2560 Τούτοις
947 2503 1064 2560 τοῖς
1123 2496 1317 2574 λόγοις
1381 2494 1717 2571 μετελθοῦσα
1759 2499 1852 2555 τὸν

187 2590 580 2664 αὐτοκράτορα
657 2590 770 2658 καὶ,
853 2589 928 2650 ὡς
1007 2589 1070 2643 τὸ
1147 2587 1313 2655 εἰκὸς,
1371 2588 1852 2665 καταγοητεύσασα

187 2678 434 2754 (εὔνοιαν
491 2679 596 2755 γὰρ
667 2678 798 2752 ὑπὲρ
856 2678 919 2733 τὸ
986 2684 1264 2752 προσῆκον
1344 2682 1605 2755 παρεῖχεν
1687 2677 1850 2750 αὐτῇ,

187 2768 452 2827 ἐκτόπως
514 2775 615 2836 τῆς
675 2766 819 2842 ὥρας
877 2767 1080 2836 ταύτης
1137 2766 1500 2839 ἡττώμενος),
1586 2765 1853 2822 ἀνέπεισεν

181 2855 510 2913 εἰσκαλέσαι
540 2857 632 2912 τὸν
666 2857 936 2926 Ἰωάννην,
988 2856 1078 2911 καὶ
1114 2861 1306 2919 θᾶττον
1361 2856 1669 2925 ἀπαντῆσαι
1711 2857 1851 2930 πρὸς

182 2949 243 3002 τὸ
283 2946 613 3016 Βυζάντιον.
648 2947 709 3003 Ὀ
753 2942 811 3000 δὲ
867 2946 1004 3020 πρὸς
1054 2947 1153 3015 τήν
1207 2943 1602 3020 βασιλεύουσαν
1649 2943 1856 3000 εἰσελά-

186 3057 285 3097 σας
325 3035 431 3090 καὶ
463 3039 542 3107 τῷ
593 3032 812 3110 βασιλεῖ
865 3034 1166 3108 παραστὰς,
1197 3031 1416 3107 ἐπείπερ
1460 3033 1780 3108 ἐπισκήψεις
1810 3034 1858 3072 ⁸⁸

2031 2506 2082 2558 6.
2119 2505 2219 2560 His
2250 2505 2494 2561 vocibus
2525 2506 2825 2561 insectans
2867 2505 3286 2577 imperatorem
3319 2510 3396 2571 et,
3423 2509 3486 2559 ut
3520 2506 3609 2576 ﬁt,

1960 2593 2262 2650 fascinans
2296 2595 2596 2665 (studebat
2625 2595 2724 2651 85
2758 2595 2917 2651 enim
2949 2597 3226 2667 Augustae
3258 2594 3391 2665 plus
3442 2610 3609 2664 quam

1961 2684 2270 2750 attinebat,
2304 2691 2547 2756 eratque
2577 2685 2767 2740 forma
2788 2686 2918 2757 ejus
2974 2683 3331 2739 mirabiliter
3359 2683 3611 2753 captus),

1963 2776 2259 2846 persuasit
2289 2775 2374 2830 illi
2405 2781 2471 2830 ut
2499 2777 2788 2831 Joannem
2820 2781 3306 2845 accerseret,quo
3334 2775 3616 2829 Constan-

1963 2865 2280 2936 tinopolim
2306 2866 2577 2937 protinus
2609 2865 2659 2920 is
2699 2882 2760 2920 se
2791 2865 3106 2920 conferret.
3131 2865 3210 2919 Eo
3250 2880 3383 2918 cum
3407 2879 3614 2934 perve-

1965 2954 2173 3020 nisset,
2207 2953 2281 3009 ad
2343 2955 2762 3026 imperatorem
2820 2954 3138 3017 admissus,
3202 2957 3408 3024 postea
3437 2967 3615 3022 quam

1966 3043 2180 3097 vetitus
2209 3042 2402 3098 fuerat
2433 3043 2682 3115 singulis
2713 3042 2925 3097 diebus
2958 3043 3021 3096 in
3072 3041 3362 3112 palatium
3392 3042 3613 3106 venire,

192 3123 423 3195 ἐδέξατο
488 3129 605 3184 τοῖς
655 3123 964 3193 ῆασιλείοις
1013 3121 1282 3197 ὁσημέραι
1341 3129 1550 3202 φοιτᾷν,
1578 3126 1701 3180 τότε
1765 3126 1856 3198 μὲν

1972 3134 2112 3185 tunc
2143 3131 2382 3201 quidem
2415 3131 2693 3202 evestigio
2747 3129 2985 3182 domum
3019 3144 3080 3181 se
3107 3127 3366 3197 recepit:
3400 3126 3614 3179 deinde

203 3215 288 3294 ἐφ’
355 3213 543 3274 ἑστίας
596 3212 748 3274 εὐθὺς
806 3211 1217 3282 ἀπηλλάττετο·
1281 3212 1569 3286 μετέπειτα
1628 3210 1684 3268 δὲ
1714 3215 1861 3290 παρὰ

190 3310 294 3375 τὴν
334 3302 626 3380 βασίλειον
657 3302 833 3373 αὐλήν
893 3303 954 3358 οὐ
1010 3301 1362 3376 διελίμπανεν
1420 3303 1600 3358 ἀνιών.
1638 3310 1764 3362 Ἀτε
1809 3302 1865 3360 δὲ

191 3393 554 3469 θερμουργός
585 3412 668 3453 τις
700 3392 834 3466 ἀνὴρ
864 3392 1141 3470 πεφυκὼς,
1200 3392 1290 3446 καὶ
1353 3389 1641 3465 τολμήσας
1672 3393 1719 3430 ⁸⁸
1752 3395 1862 3467 (84)

194 3484 238 3538 εἰ
269 3483 374 3539 καί
399 3501 485 3541 τις
523 3480 720 3549 ἄλλος,
773 3481 863 3536 καὶ
918 3481 1236 3557 πράγμασιν
1292 3478 1592 3559 ἐπιχειρεῖν
1620 3480 1865 3536 ἀλλοκό-

195 3593 317 3634 τοις
416 3566 911 3645 παραόολώτατος,
973 3568 1149 3644 ἐξεῦρε
1228 3572 1508 3648 μηχανὴν,
1585 3567 1725 3625 ὥστε
1776 3568 1864 3625 διά

193 3687 365 3720 τινων
399 3663 615 3740 ἀφανῶν
674 3659 897 3718 εἰσόδων
953 3663 1091 3737 πρὸς
1149 3669 1249 3731 τῆς
1299 3661 1622 3738 Αύγούστης
1670 3664 1865 3737 ἕτοιμά

193 3757 436 3808 σθεισῶν
474 3749 801 3816 ὑποδύεσθαί
827 3772 885 3806 τε
941 3750 1030 3805 καὶ
1087 3750 1162 3811 εἷς
1221 3749 1424 3827 λόγους
1477 3751 1647 3826 ταύτῃ
1681 3751 1866 3827 συνέρ-

194 3845 426 3922 χεσθαι,
459 3842 550 3896 καὶ
608 3842 709 3910 τὴν
765 3845 863 3896 τοῖ’)
920 3840 1326 3914 αὐτοκράτορος
1383 3840 1702 3915 Νικηφόρου
1759 3847 1866 3897 τῶν

193 3930 521 4005 ἀνακτόρων
571 3933 618 3968 ⁹⁰
678 3927 978 4004 μελετῆσαι
1036 3929 1344 4004 καθαίρεσιν
1403 3930 1535 4003 (95).
1598 3931 1866 3986 Ἐντεῦθεν

1976 3225 2172 3274 tamen
2207 3220 2403 3274 aulam
2435 3215 3455 3289 frequentarenonintermisit.Nam
3478 3230 3614 3268 cum

1975 3314 2132 3363 esset
2161 3309 2247 3361 vir
2267 3308 2489 3363 fervida
2519 3313 2748 3372 natura,
2787 3311 2843 3360 et
2873 3303 3205 3370 conﬁdens,
3240 3303 3287 3357 si
3320 3302 3453 3372 quis
3505 3301 3617 3354 fuit

1973 3413 2258 3466 unquam,
2285 3402 2343 3450 et
2372 3397 2446 3452 ad
2477 3413 2571 3451 res
2625 3396 2918 3450 immanes
2975 3391 3290 3446 tentandas
3348 3389 3619 3445 audacis-

1975 3487 2182 3548 simus,
2217 3486 2461 3541 modum
2483 3485 2725 3556 reperit,
2759 3481 3266 3555 quemadmodum
3298 3497 3406 3551 per
3445 3495 3620 3549 quos-

1975 3574 2111 3630 dam
2144 3575 2408 3630 occultos
2461 3574 2656 3629 aditus
2696 3573 2768 3628 ab
2835 3575 3096 3644 Augusta
3174 3575 3411 3641 paratos
3467 3568 3620 3622 clam

1975 3665 2268 3730 introiret,
2296 3665 2356 3718 in
2390 3665 2638 3735 ejusque
2670 3662 2896 3716 veniret
2919 3659 3305 3730 colloquium,
3341 3663 3398 3712 et
3428 3658 3618 3728 impe-

1973 3754 2186 3809 ratoris
2209 3753 2519 3824 Nicephori
2552 3753 2942 3808 remotionem
2961 3767 2996 3804 a
3015 3748 3349 3820 principatu
3373 3745 3621 3801 medita-

1973 3849 2155 3898 retur.
2190 3843 2443 3897 Proinde
2462 3843 2736 3899 homines
2766 3841 3041 3897 robustos
3058 3856 3124 3894 ac
3155 3837 3312 3892 bello
3346 3843 3620 3892 strenuos

1975 3950 2045 3988 ex
2092 3932 2422 3989 intervallis
2481 3933 2553 3988 ad
2611 3934 2935 4004 Augustam
2979 3927 3274 3996 submisit,
3336 3943 3485 3998 quos
3519 3925 3624 3981 illa

1418 4081 1480 4136 C.
1515 4083 1579 4141 Β.
1627 4083 1813 4137 HASII
1845 4086 2400 4140 ANNOTATIONES.

273 4236 323 4271 3"
351 4233 456 4310 *ἵνα
487 4233 563 4288 τί.
597 4233 842 4310 Videtur
871 4234 967 4289 hic
989 4233 1194 4310 deesse
1226 4232 1360 4310 φησί
1390 4231 1437 4268 ⁸⁵
1465 4231 1730 4310 ᾀριτρεπῆ
1787 4251 1854 4288 co

1975 4233 2024 4310 δί’
2077 4229 2702 4310 ¹ἐγκοιλινδεῖσθαιἰδοά.
2857 4232 3166 4310 λυσιμενῆς.
3206 4231 3338 4286 cod.
3395 4228 3625 4310 8f’HVe'l.

201 4305 539 4377 ἐπισκήψεις
557 4305 911 4380 vertendum
943 4312 1036 4380 est
1055 4301 1492 4380 interdicta._ve_l_
1505 4301 1687 4380 deest
1706 4311 1840 4380 post

1972 4301 2441 4380 'tleloignegatio
2477 4307 2551 4379 μή
2588 4324 2692 4362 seu
2725 4302 2852 4380 οὔχ.
2891 4301 3018 4360 νίεῖ.
3051 4303 3388 4360 Cedrenum
3411 4303 3534 4355 662.
3562 4301 3624 4358 Β.

201 4380 248 4414 ⁸⁸
279 4374 452 4436 Fort.
487 4374 821 4448 τολμητίας,
853 4379 1025 4432 ut23.
1059 4378 1118 4433 C.
1146 4380 1232 4432 36.
1269 4382 1324 4430 Β.
1359 4378 1418 4431 C.
1453 4377 1496 4412 ⁹⁰
1528 4377 1681 4431 Fort.
1707 4374 1858 4430 ἀνακ·

1974 4398 2069 4431 ων.
2111 4378 2234 4433 Vid.
2269 4374 2460 4433 notas.

272 4550 395 4622 (93)
455 4549 585 4622 Yim
625 4548 792 4622 vocis
851 4547 1108 4619 explicat
1150 4547 1414 4622 illustris
1473 4547 1873 4604 Schneiderus
1903 4554 1947 4618 υ
1985 4554 2071 4622 51.
2108 4551 2168 4604 B.
2206 4551 2394 4622 60.70.
2433 4553 2520 4622 79.
2554 4551 2620 4622 Α.
2655 4551 2714 4603 Β.

203 4620 425 4678 ιθκίοο
458 4620 584 4675 223.
619 4621 684 4674 D.
720 4620 996 4686 Leonem,
1048 4620 1224 4674 verba
1275 4635 1410 4690 rara
1452 4626 1871 4690 aucupantem,

203 4693 517 4764 invenisse
549 4691 914 4764 credendum
947 4695 1037 4764 est
1065 4692 1125 4746 in
1147 4689 1441 4764 Glossario
1473 4689 1872 4764 aliquo.ﬂape-

205 4762 590 4833 ξηυλημένος·
671 4758 1083 4836 διεφθαρμένος,
1169 4757 1434 4836 αμυδρόςς
1498 4757 1645 4836 qua}
1699 4757 1875 4836 hodie

207 4835 690 4909 legunturgapud
723 4834 1320 4909 Phavorinum__1§47.
1371 4834 1437 4886 23
1486 4834 1682 4909 (paulo
1744 4835 1875 4889 lon—

211 4905 346 4980 gior
376 4912 476 4962 est
504 4906 714 4962 Suidas
745 4908 844 4961 III.
870 4909 938 4960 46
974 4907 1082 4980 (3.),
1106 4905 1338 4980 sibique
1361 4905 1728 4976 persuasisse
1748 4923 1882 4976 syn-

215 4977 446 5051 onyma
467 4995 598 5033 esse
645 4980 772 5034 haec
830 4979 1051 5051 omnia,
1112 4977 1440 5051 eodemque
1493 4993 1672 5051 sensu
1713 4995 1882 5051 usur-

215 5048 420 5123 passe.
455 5051 598 5114 Qua:
629 5051 677 5104 si
710 5051 843 5123 quis
901 5050 1098 5123 minus
1159 5049 1406 5123 p_robet,_
1437 5048 1658 5102 scribat
1685 5049 1879 5123 παρεξ-

219 5118 536 5189 ὴ).αμένος,
570 5137 604 5175 a
627 5118 1027 5195 παρεξελαύνων,
1053 5118 1210 5191 quod
1241 5119 1370 5195 vide
1395 5119 1453 5172 in
1476 5121 1703 5195 nott.ad
1725 5124 1792 5175 94
1819 5125 1878 5195 (3.

291 5196 409 5261 (94)
443 5190 732 5264 Ρι-οροειιῖ
776 5190 1106 5263 τολμητίας,
1164 5191 1342 5262 quod,
1397 5197 1612 5262 praster
1644 5192 1773 5247 loca
1821 5193 1881 5247 in

221 5266 503 5336 margine
524 5265 724 5330 allata,
759 5265 971 5336 legitur
999 5264 1180 5336 75.76.
1213 5267 1420 5317 mutuo
1479 5271 1781 5334 sumptum
1815 5282 1885 5320 ex

224 5335 486 5407 Agathia
519 5338 604 5407 14.
632 5338 695 5390 Ι).
728 5335 1139 5407 42.8.1356.

293 5402 412 5476 195)
450 5406 609 5461 Infra
631 5411 718 5460 70.
747 5407 808 5464 Β.
859 5406 959 5472 τήν
1017 5408 1113 5458 τοῦ
1163 5403 1416 5458 Ἰωάννου
1454 5408 1583 5476 ,τῶν
1657 5402 1884 5458 ἀνακτο-

221 5475 401 5550 ρίωνς
447 5477 775 5550 καθαίρεσιν.
831 5479 1030 5550 Neque
1115 5476 1260 5550 adeo
1321 5475 1599 5550 dissimili
1684 5477 1886 5550 phrasi

215 5549 311 5602 7L
367 5549 432 5604 Β.
490 5548 622 5602 τῶν
659 5548 982 5617 τυραννείων
1027 5549 1288 5614 κατιέναι,
1340 5548 1407 5600 de
1455 5549 1686 5617 imperio
1734 5549 1887 5604 dece-

131 5657 138 5664 .
219 5620 376 5692 dere.
435 5620 624 5674 Habet
653 5621 924 5692 quidem,
957 5621 1067 5674 Leo
1111 5621 1259 5675 alias
1317 5635 1518 5692 vocem
1574 5617 1885 5692 ἀνάκτορον,

120 5699 124 5706 ’
227 5691 336 5746 sed
370 5692 478 5758 ita,
500 5691 863 5763 utpalatium
893 5691 1155 5762 denotet,
1192 5694 1275 5745 19.
1310 5691 1370 5744 C.
1431 5691 1516 5744 39.
1559 5691 1623 5744 Ι).
1675 5691 1783 5746 40.
1822 5695 1886 5746 Λ.

124 5763 160 6163 l

2752 4548 2909 4620 quod
2941 4547 3080 4602 alibi
3112 4542 3289 4599 ἑστίαν
3343 4538 3627 4620 τήνγβασί-

1985 4619 2132 4675 λειον
2167 4620 2593 4693 εθυίβασιλικήν
2625 4616 2821 4693 __vocat
2876 4620 3026 4687 (vide
3085 4633 3322 4693 quoque
3363 4617 3506 4693 “189;
3538 4616 3622 4693 (ξ.)

1986 4695 2104 4748 sive
2133 4693 2232 4758 τήν
2268 4687 2777 4758 βασίλειοναύλήν,
2836 4693 2923 4745 30.
2983 4693 3049 4746 Α.
3103 4687 3190 4744 32.
3229 4687 3316 4742 7A.
3350 4691 3409 4742 Ο.
3443 4688 3531 4742 62.
3565 4687 3626 4739 Β.

1987 4765 2129 4819 alibi
2159 4765 2226 4819 τὰ
2260 4760 2528 4834 βασίλεια,
2561 4768 2648 4818 20.
2682 4766 2744 4819 Β.
2804 4767 2891 4816 21.
2951 4771 3018 4817 Α.
3082 4765 3170 4818 29.
3287 4762 3374 4834 52..
3411 4761 3476 4813 Α.
3539 4760 3627 4814 57.

1987 4837 2048 4891 C.
2085 4839 2172 4890 59.
2210 4828 2273 4892 A'.
2309 4841 2376 4891 60
2439 4828 2616 4892 3.90.
2652 4837 2712 4889 Β.
2750 4837 2871 4890 100.
2907 4835 2971 4888 1).
3015 4834 3134 4889 sive
3189 4831 3291 4898 τὴν
3345 4828 3632 4898 ἀνακτορι-

1990 4905 2307 4975 κήνέστίαν,
2349 4910 2436 4962 98.
2499 4909 2561 4961 Β.
2607 4911 2724 4960 102.
2777 4907 2837 4960 C.
2901 4909 3021 4961 HO.
3083 4907 3144 4958 Β.
3201 4897 3276 4955 Ta
3333 4897 3634 4975 omani-

1988 4972 2158 5046 κτορα
2187 4982 2275 5033 60.
2297 4972 2367 5034 'C.
2401 4981 2679 5034 ecclesiam
2711 4977 2972 5040 denotat,
3034 4976 3106 5030 de
3172 4992 3289 5045 qua
3333 4972 3633 5046 significa-

1993 5043 2153 5105 tione
2183 5050 2300 5105 vid.
2333 5052 2418 5105 Jo.
2440 5050 2712 5104 Wolﬁum
2734 5049 2808 5102 ad
2839 5048 3114 5102 Photium
3139 5043 3350 5100 Contra
3382 5043 3633 5098 Manich.

1992 5123 2214 5177 Anecd.
2255 5125 2345 5178 Gr.
2381 5123 2450 5176 ll.
2485 5124 2607 5193 21.3.
2633 5120 2702 5193 _C.
2737 5116 3056 5193 Ka0a_ipeatc
3090 5124 3286 5193 autem
3311 5115 3636 5193 hic_e_odem

1995 5211 2194 5257 sensu,
2263 5211 2379 5264 quo
2437 5189 2682 5254 καθελών
2743 5187 2922 5264 δριξᾶ
3085 5191 3381 5264 Athanas._
3420 5187 3635 5264 Histor.

1996 5254 2196 5320 Arian.
2239 5254 2297 5319 Ι.⁵
2336 5266 2560 5336 389._A.
2609 5254 2798 5336 rjcps'ic-
2828 5259 3095 5336 βασιλεῖς,
3161 5256 3515 5336 Βρετανίωνα,
3547 5254 3637 5309 καὶ

1997 5281 2196 5320 Arian.
2239 5281 2281 5319 1.
2336 5281 2458 5319 669.
2493 5281 2560 5319 A.
2627 5283 2656 5316 τ
2698 5282 2773 5322 εις
2828 5281 3095 5336 μασιΑεις,
3163 5281 3515 5333 υρετανιωνα,
3547 5281 3637 5309 και

1997 5336 2355 5408 Μαγνέντιον,
2405 5333 2494 5388 καὶ
2550 5281 2760 5388 Γάλλον
2810 5330 3074 5408 καθελών,
3130 5349 3250 5408 cum
3302 5338 3408 5408 tres
3465 5332 3637 5408 impp.

2007 5401 2411 5473 Vetranionem,
2453 5409 2854 5475 Magnentium,
2912 5405 3129 5461 Gallum
3180 5405 3415 5473 imperio
3441 5401 3644 5475 iaetu]:-

1999 5481 2220 5544 basset;
2279 5471 2765 5534 Montefalconius
2818 5471 2848 5544 ;’
2887 5493 3022 5550 cum,
3063 5483 3169 5530 tres
3216 5471 3390 5544 reges.
3426 5473 3500 5550 _V.

1999 5558 2050 5605 et
2082 5553 2167 5614 ϐ..
2196 5543 2326 5622 imp.
2363 5553 2688 5606 abdicasset.
2722 5543 2900 5622 Porro
2935 5547 3229 5619 καθαιρεῖν,
3263 5543 3444 5622 apud
3498 5543 3641 5594 scri-

1999 5629 2200 5693 ptores
2259 5615 2696 5677 ecclesiasticos
2757 5621 3043 5684 solemne,
3097 5615 3277 5693 sonat
3311 5615 3641 5693 _;dep_07‘I_07'f—?,

2001 5681 2382 5761 exauctorare,
2442 5695 2510 5748 ab
2567 5695 2751 5764 ofﬁcio
2807 5681 3096 5746 removere.
3149 5686 3368 5745 Concil.
3404 5681 3645 5738 Chalce-

3907 0 3921 32 ‘|

3907 104 3927 180 ί

3919 183 3929 236 i

3919 251 3931 298 ἒ

3927 301 3933 342 Ἰ
