4108 6198
320 371 451 430 785

1743 377 2140 438 HISTORIIE
2186 379 2331 440 LIB.
2378 380 2452 439 V.

3634 390 3749 451 786

318 501 520 557 τδῦτον
553 501 758 558 κλείσω
789 501 1004 558 λοιπόν·
1043 528 1067 555 ›;
1110 507 1294 561 Ταῦτα
1353 506 1722 581 προσειποῦσα
1782 508 1949 563 ἐκεῖοε

2065 512 2367 583 _Deiparaa
2401 517 2458 567 et
2513 513 2693 569 divini
2754 516 3143 573 Praecursoris
3198 525 3373 590 atque
3430 524 3741 593 praeconis,

323 591 495 667 ἐξῄει·
528 595 587 651 '0
620 590 674 648 δὲ
703 595 959 668 βασιΛεὺς
993 591 1063 649 δι’
1094 592 1235 665 ὅλης
1297 596 1389 668 μὲν
1437 605 1535 668 τῆς
1586 596 1835 678 φυλακῆς
1883 604 1982 667 τῆς

314 684 516 745 νυκτὸς
551 684 648 746 τὰς
702 686 951 754 συνήθεις
1004 684 1170 765 εὐχὰς
1233 685 1505 761 ἀνέπεμπε
1562 694 1641 761 τῷ
1696 687 1832 761 Θεῷ,
1891 687 1981 742 καὶ

2098 600 2285 666 humi,
2321 618 2499 672 super
2526 602 2682 672 pelle
2713 604 3071 674 pantherina
3102 610 3159 659 et
3188 608 3421 662 coactili
3478 609 3741 675 coccino,

2096 690 2277 759 quieti
2314 707 2373 745 se
2404 690 2663 745 tradidit.

315 780 391 841 τῆ
433 772 633 848 μελέτῃ
666 778 771 828 τῶν
804 776 961 829 θείων
990 780 1215 853 Γραφῶν
1249 773 1619 853 διεσχόλαζεν.
1657 779 1806 835 Ἐπεὶ
1840 775 1897 832 δε
1945 778 2035 832 τὸν
2098 777 2261 831 ὕπνον
2321 781 2355 846 ἡ
2426 779 2583 840 φύσις
2642 779 2858 852 ἀπῄτει,
2916 781 3021 853 πρὸ
3080 786 3185 836 τῶν
3248 788 3455 838 σεπτῶν
3516 784 3737 841 ε’ίκόνων

316 870 425 931 τῆς
482 885 542 918 τε
594 861 913 939 θεανδρικῆς
969 869 1065 919 τοῦ
1125 866 1361 941 Χριστοῦ
1422 875 1665 945 μορςνῆς,
1720 866 1808 923 καί
1862 874 1961 936 τῆς
2022 868 2390 941 Θεομήτορος,
2448 867 2535 921 καὶ
2589 872 2685 923 τοῦ
2746 869 2891 933 θείου
2950 868 3275 946 Προδρόμου
3330 873 3419 927 καὶ
3475 876 3737 947 κήρυκος,

319 952 473 1025 παρᾶ
501 953 563 1007 τὸ
594 950 922 1029 παρδάλειον
955 951 1143 1029 δέῤῥος
1175 955 1263 1010 καὶ
1293 957 1383 1011 τὸν
1411 952 1733 1036 κοκκοϐαφῆ
1767 955 1954 1024 πῖλον,
1989 954 2068 1009 ἐπ’
2102 953 2329 1035 ἐδάφους
2364 954 2729 1012 διακιεπαῦετο.

394 1069 457 1136 ζ’.
493 1069 559 1125 Οἱ
596 1065 652 1124 δὲ
692 1070 829 1143 πρὸς
887 1077 988 1140 τῆς
1047 1070 1371 1147 Αὐγούστης
1426 1070 1815 1150 ὑποδεχθέντες
1877 1070 1979 1125 ὑπ-

312 1157 513 1230 ηρέται
570 1164 666 1213 τοῦ
722 1160 990 1230 Ἰωάννου,
1042 1164 1140 1215 τοῦ
1176 1158 1454 1234 δωματίου
1504 1163 1749 1241 ξιφήρεις
1808 1160 1979 1230 ἐκπη-

313 1246 601 1318 δήσαντες,
632 1253 731 1321 τήν
781 1250 986 1307 ἐκείνου
1035 1251 1213 1331 ἄφιξιν
1269 1251 1670 1332 προσεδέχοντα
1727 1254 1794 1324 9⁸,
1853 1253 1975 1327 περὶ

312 1342 381 1394 τὰ
416 1340 650 1416 ὕπαιθρα
693 1345 800 1397 τῶν
859 1340 1153 1416 βασιλείων
1215 1344 1475 1418 ὑπερῴων
1526 1344 1977 1417 κατασκοπούμε-

314 1452 424 1485 νοι.
456 1429 719 1504 Ηὲμπτην
750 1434 849 1499 τῆς
882 1432 1072 1493 νυκτὸς
1132 1430 1276 1507 ὥραν
1324 1434 1351 1486 ὁ
1401 1434 1639 1510 γνώμων
1686 1430 1793 1503 ἢδη
1844 1454 1975 1488 κατ-

311 1520 720 1597 επηγγέλλετο·
748 1519 970 1595 δριμεῖα
1001 1519 1058 1577 δέ
1088 1544 1172 1583 τις
1206 1521 1400 1596 βορέου
1426 1524 1559 1597 αὖρα
1590 1524 1650 1578 τὸ
1674 1528 1770 1578 τοῦ
1815 1522 1973 1597 ἀέρος

314 1611 509 1689 ἐπεῖχε
550 1612 899 1684 κατάστημα,
951 1612 1040 1666 καὶ
1096 1612 1239 1690 χιὼν
1304 1611 1488 1688 ἐγεῖτο
1548 1610 1759 1681 πολλή·
1823 1613 1971 1666 καὶὸ

304 1700 567 1770 Ἰωάννης
644 1699 865 1779 ἀφίκετο
951 1703 995 1737 ⁹⁴
1083 1701 1217 1774 μετὰ
1297 1705 1404 1755 τῶν
1470 1705 1819 1774 συνωμοτῶν,
1883 1700 1969 1755 ἐπὶ

305 1782 527 1859 λέμϐου
569 1787 661 1841 τὸν
710 1786 963 1863 αἰγιαλὸν
1020 1786 1377 1862 παραπλέων,
1436 1789 1525 1843 καὶ
1583 1795 1680 1857 τῆς
1736 1788 1964 1862 ἠπείρου

2160 1071 2255 1127 87
2293 1077 2345 1126 7.
2380 1075 2540 1129 Inter
2568 1074 2694 1129 haec
2722 1075 2966 1129 Joannis
3015 1075 3375 1145 administri,
3422 1097 3569 1150 quos
3618 1083 3733 1135 Au-

2088 1167 2257 1234 gusta
2288 1169 2614 1234 receperat,
2649 1179 2678 1217 e
2711 1164 2861 1218 cella
2890 1181 3024 1218 cum
3056 1165 3269 1237 gladiis
3287 1170 3499 1223 emersi
3525 1170 3734 1224 adven-

2088 1256 2214 1305 tum
2251 1252 2380 1322 ejus
2432 1252 2950 1322 prmstolabantur,
3012 1271 3041 1308 e
3096 1255 3311 1309 solario
3364 1256 3736 1329 fastigiorum

2086 1339 2289 1410 palatii
2322 1340 2718 1411 speculantes.
2748 1343 2993 1411 Jamque
3015 1343 3284 1412 quintam
3315 1346 3506 1400 noctis
3528 1347 3734 1401 horam

2085 1446 2344 1501 gnomon
2377 1429 2716 1486 indicabat:
2749 1431 2943 1503 gelida
2973 1432 3270 1501 aquilonis
3298 1450 3443 1489 aura
3463 1436 3735 1507 regiones

2084 1519 2374 1590 perﬂabat
2399 1520 2612 1583 aerias,
2646 1521 2745 1574 nix
2777 1526 2975 1575 autem
3017 1521 3404 1577 delabebatur
3433 1524 3689 1594 plurima
3718 1542 3731 1579 :

2082 1625 2217 1662 cum
2246 1609 2503 1663 Joannes
2535 1608 2773 1663 advenit
2802 1627 2935 1663 cum
2967 1611 3315 1682 conjuratis,
3368 1613 3428 1666 in
3460 1614 3734 1669 navicula

2080 1696 2247 1751 littus
2281 1697 2503 1767 legens,
2538 1703 2714 1768 atque
2748 1698 2845 1752 ubi
2882 1699 2973 1753 leo
3008 1699 3275 1770 lapideus
3310 1706 3545 1756 taurum
3577 1704 3735 1774 capit

2080 1786 2496 1853 (Bucoleonem
2528 1787 2723 1841 locum
2756 1793 2965 1841 vocant
2994 1789 3211 1860 vulgo),
3237 1790 3297 1844 in
3328 1795 3542 1845 terram
3578 1793 3727 1847 exit:

301 1873 742 1951 προσεπιϐαίνων
791 1881 922 1947 (9⁸7),
978 1875 1128 1930 ’ίναὸ
1161 1875 1372 1941 λίθινος
1428 1876 1567 1931 λέων
1624 1878 1714 1932 τὸν
1771 1882 1951 1951 ταῦρος

2076 1880 2281 1944 estque
2314 1875 2385 1929 ab
2418 1874 2814 1946 adjutoribus,
2848 1893 3104 1946 superne
3137 1894 3166 1931 e
3199 1878 3416 1932 solario
3461 1880 3728 1944 intentis,

304 1970 516 2043 ζωγρεῖ
544 1963 939 2034 (Βουκολέοντα
969 1966 1060 2020 τὸν
1091 1987 1261 2020 τοπον
1307 1964 1570 2036 κέκληκεν
1600 1970 1634 2036 ἡ
1669 1969 1961 2039 συνήθεια).

1200 2054 1481 2131 ὑπαίφρων
1558 2056 1967 2129 προκόπτουσιν

299 2143 601 2218 ὑπηρέταις
683 2144 949 2215 συρίττων
1016 2143 1435 2221 ἐπεγινώσκετο.
1523 2147 1787 2201 Τοιοῦτον
1860 2145 1963 2222 γὰρ

302 2239 426 2294 τοῖς
484 2230 854 2306 παλαμναίοις
914 2231 1131 2290 ἐδέδοτο
1219 2235 1484 2307 σύνθημα.
1561 2234 1792 2314 Κόφινον
1873 2238 1965 2288 οὖν

296 2319 604 2384 καλωδίοις
687 2321 1049 2397 ἐξηρτημένον
1134 2322 1475 2402 χαλάσαντες
1562 2322 1785 2392 ἄνωθεν,
1847 2325 1964 2378 καθ’

300 2412 402 2466 ’ἐνα
446 2413 573 2475 τοὺς
627 2411 951 2484 συνωμότας
1006 2412 1273 2487 πρότερον
1324 2414 1562 2474 ἅπαντας
1607 2412 1962 2486 ἀνιμήσαντο,

309 2496 501 2556 ἔπειτα
536 2498 591 2555 δὲ
645 2502 733 2555 καὶ
787 2502 879 2556 τὸν
932 2500 1182 2573 Ἰωάννην
1230 2501 1413 2558 αὐτόν,
1477 2500 1820 2566 Ἀνελθόντες
1871 2501 1961 2555 οὖν

299 2592 454 2663 παρὰ
538 2596 709 2645 πᾶσαν
797 2590 1135 2665 ἀνθρωπίνην
1225 2590 1501 2660 ὑπόνοιαν,
1560 2591 1650 2646 καὶ
1719 2591 1785 2647 τὰ
1837 2591 1961 2669 ξίφη

298 2679 716 2755 γυμνώσαντες,
761 2678 834 2733 εἰς
867 2680 959 2734 τὸν
1019 2678 1305 2754 βασιλικὸν
1368 2678 1734 2735 εἰσελαύνουσι
1794 2679 1965 2745 θάλα-

301 2055 367 2118 δς
424 2060 540 2114 τοῖς
596 2052 798 2117 ἄνωθεν
854 2052 939 2108 ἐπὶ
1002 2060 1108 2109 τῶν

307 2791 411 2843 μον
458 2769 546 2823 καὶ
607 2771 706 2838 τήν
765 2766 958 2839 κλίνην
1009 2768 1425 2849 κατειληφότες,
1471 2770 1559 2825 καὶ
1620 2772 1823 2840 ταύτην
1884 2772 1965 2826 εὑ-

312 2860 494 2932 ρόντες
529 2859 689 2927 κενὴν
721 2858 810 2911 καὶ
859 2860 934 2931 μή
995 2880 1115 2913 τινα
1171 2858 1222 2912 ἐν
1284 2858 1419 2931 αὐτῇ
1472 2856 1961 2933 διαναπαυόμενον,

304 2947 644 3023 ἐπεπήγεσαν
728 2948 834 3002 ἀπὸ
915 2952 1011 3002 τοῦ
1086 2945 1264 3016 δέους,
1349 2948 1438 3002 καὶ
1503 2954 1963 3024 κατακρημνίζειν

305 3037 504 3098 αὐτοὺς
564 3036 860 3111 ἐπειρῶντο
918 3037 1053 3111 πρὸς
1111 3035 1401 3092 Θάλασσαν.
1463 3035 1621 3095 Ἀλλ’
1680 3036 1963 3113 ἀνδράριόν

306 3148 366 3181 τε
398 3133 505 3181 τῶν
541 3125 599 3181 ἐκ
656 3130 753 3195 τῆς
807 3124 1251 3202 γυναικωνίτιδος
1307 3127 1538 3200 ἷταμῶν,
1597 3127 1772 3182 αὐτῶν
1825 3131 1962 3203 ἡγη-

301 3217 553 3290 σάμενον,
618 3214 956 3272 ὑποδεικνόει
1037 3217 1129 3271 τὸν
1192 3215 1421 3291 βασιλέα
1491 3216 1837 3288 καθεύδοντα,
1897 3217 1953 3272 ὅν

294 3308 489 3382 κύκλῳ
546 3310 894 3385 περιστάντες
950 3305 1169 3365 ἔνυττον
1247 3316 1362 3371 τοῖς
1441 3310 1598 3365 ποσὶν
1654 3309 1957 3385 ἐναλλόμε-

297 3420 384 3452 νοι
417 3401 479 3454 ⁸⁵.
518 3398 904 3463 Διυπνισθέντα
958 3396 1014 3453 δὲ
1064 3403 1255 3453 τοῦτον
1307 3399 1397 3452 καὶ
1446 3402 1544 3468 τήν
1588 3398 1830 3478 κεφαλὴν
1878 3399 1955 3455 ἐπ’

300 3487 548 3563 ἀγκῶνος
606 3488 900 3562 ἐρείσαντα,
959 3488 1096 3567 ξίφει
1148 3488 1341 3563 βιαίως
1393 3488 1538 3542 παίει
1596 3488 1743 3542 Λέων
1777 3490 1804 3542 ὁ
1860 3496 1953 3543 Βα-

300 3575 506 3647 λάντης
552 3578 975 3651 ὀνομαζόμενος.
1037 3578 1097 3633 Ὀ
1142 3574 1198 3631 δὲ
1238 3574 1613 3652 περιαλγήσας
1655 3582 1733 3650 τῷ
1788 3578 1949 3652 τραύ-

297 3687 428 3738 ματι
458 3665 651 3744 (μέχρι
682 3668 729 3703 ⁸6
775 3673 874 3735 τῆς
924 3666 1125 3744 ὀφρῦοξ
1167 3667 1258 3719 καὶ
1308 3672 1406 3733 τῆς
1460 3663 1791 3743 βΛεφαρίδος
1820 3669 1859 3704 θι
1887 3667 1947 3721 τὸ

295 3755 451 3833 ξίφος
478 3758 754 3823 καθίκετο,
797 3755 1070 3829 ἀπαράξαν
1105 3755 1197 3828 μὲν
1250 3754 1311 3808 τὸ
1365 3754 1576 3824 ὀστοῦν,
1622 3756 1697 3827 μὴ
1738 3754 1949 3824 πλῆξαν

300 3840 355 3897 δὲ
386 3844 478 3898 τὸν
510 3843 860 3923 ἐγκέφαλον),
893 3868 919 3893 «ι
956 3843 1207 3911 Θεοτόκε,
1261 3845 1474 3917 βοήθει,
1512 3867 1539 3893 ››
1572 3842 1826 3920 ἐκέκραγε
1856 3865 1948 3918 γε·

302 3934 577 4010 γωνοτέρᾳ
637 3939 813 4013 φωνῆ·
846 3933 1055 4008 ἐρρεῖτο
1116 3930 1172 3988 δὲ
1227 3935 1569 4011 πανταγόθεν
1618 3940 1697 4006 τῷ
1756 3933 1947 4006 α’ίματι

291 4029 379 4078 καί
412 4026 870 4102 κατεφοινίσσετο.
906 4024 966 4080 Ὀ
995 4020 1071 4093 ξδὲ
1124 4023 1401 4092 Ἰωάννης,
1447 4021 1534 4078 ἐπὶ
1582 4030 1683 4091 τῆς
1735 4023 1948 4098 βασιλι-

285 4119 390 4181 κῆς
421 4114 645 4176 καθίσας
674 4118 985 4187 στρωμνῆς,
1042 4110 1262 4166 ἐλκῦσιν
1308 4112 1381 4173 ὡς
1431 4110 1592 4166 αὐτὸν
1641 4112 1731 4166 τὸν
1795 4114 1948 4185 βασι-

293 4201 391 4258 λέα
442 4200 896 4277 παρεκελεύσατο·
957 4203 1054 4257 ’Όν
1118 4199 1466 4268 ἐλκυσθέντα,
1529 4199 1832 4270 ὀκλάζοντά
1888 4224 1944 4258 τε

357 4293 369 4308 ι
406 4291 429 4346 ἐ
476 4292 489 4310 \
565 4292 577 4308 \
633 4286 687 4312 NN
878 4288 901 4307 εκ
980 4289 1059 4344 ιοὲ
1303 4288 1377 4310 ἀἱ
1480 4290 1493 4309 \

279 4313 372 4348 και
432 4314 492 4346 πι
526 4313 587 4347 το
632 4306 826 4368 εοαφος
874 4308 1029 4366 οιαρρ
1063 4312 1193 4345 οντα
1238 4294 1386 4362 (ουοε
1435 4311 1539 4366 γαρ
1591 4290 1710 4353 οἷός
1756 4312 1816 4346 τε
1872 4292 1937 4361 ἧν

2077 1964 2249 2017 sibilo
2282 1965 2534 2035 agnitus.
2571 1965 2873 2036 Ejusmodi
2908 1966 3067 2019 enim
3103 1966 3302 2036 impiis
3350 1967 3553 2021 datum
3605 1976 3730 2023 erat

2076 2052 2327 2124 signum.
2363 2054 2615 2108 Proinde
2650 2060 2849 2124 sporta
2880 2071 2984 2125 per
3014 2061 3202 2111 restes
3232 2057 3501 2129 alligatas
3550 2058 3726 2112 desu-

2071 2159 2255 2212 perne
2288 2142 2567 2207 demissa,
2602 2144 2792 2213 primo
2816 2144 3157 2215 conjuratos
3189 2163 3397 2200 omnes
3420 2146 3725 2217 sigillatim

2073 2238 2461 2299 attraxerunt,
2497 2232 2712 2287 deinde
2745 2234 2939 2304 ipsum
2990 2251 3223 2305 quoque
3276 2237 3581 2291 Joannem.
3639 2239 3725 2292 Ita

2073 2339 2208 2377 cum
2240 2328 2456 2393 praeter
2485 2338 2726 2376 omnem
2770 2323 3113 2394 opinionem
3150 2325 3471 2380 humanam
3506 2327 3724 2381 evasis-

2072 2426 2225 2487 sent,
2262 2421 2563 2475 destrictis
2592 2420 2806 2492 gladiis
2846 2421 3186 2493 irrumpunt
3232 2424 3292 2477 in
3345 2425 3722 2495 imperatoris

2072 2509 2435 2574 cubiculum,
2472 2509 2810 2579 lectumque
2842 2509 3167 2565 invadunt:
3202 2529 3378 2582 quem
3422 2530 3557 2568 cum
3592 2515 3720 2568 ina-

2072 2614 2209 2651 nem
2233 2597 2623 2661 invenissent,
2648 2613 2842 2666 neque
2866 2600 3302 2668 quemquamin
3326 2616 3392 2654 eo
3419 2600 3723 2670 quiescen-

2073 2691 2214 2754 tem,
2245 2685 2634 2758 obriguerunt
2674 2702 2910 2756 pavore,
2961 2703 3209 2757 seseque
3260 2689 3630 2760 praecipitare
3661 2689 3723 2743 in

2073 2792 2235 2830 mare
2267 2775 2461 2829 conati
2525 2780 2682 2829 sunt.
2744 2777 2955 2830 Verum
3009 2777 3332 2832 homuncio
3383 2778 3601 2849 aliquis
3650 2778 3721 2832 de

2072 2866 2292 2919 scurris
2322 2881 2351 2919 e
2382 2880 2678 2936 gynaeceo,
2715 2866 2814 2935 qui
2851 2881 2952 2919 eos
2999 2865 3267 2936 duxerat,
3319 2866 3726 2922 submonstrat

2072 2953 2142 3006 iis
2173 2953 2592 3023 imperatorem
2628 2952 3063 3009 dormientem:
3100 2972 3273 3023 quem
3318 2956 3378 3009 in
3412 2956 3552 3011 orbe
3607 2956 3723 3011 cir-

2068 3046 2433 3096 cumstantes
2447 3041 2697 3112 pedibus
2711 3042 3258 3113 feriunt,supraque
3272 3059 3408 3098 eum
3426 3044 3719 3100 insiliunt.

2069 3132 2397 3185 Excitatum
2432 3147 2501 3184 ex
2534 3147 2740 3185 somno
2777 3136 2835 3184 et
2863 3137 3040 3201 caput
3070 3132 3267 3186 cubito
3323 3135 3717 3189 sustinentem

2072 3222 2204 3285 Leo,
2229 3220 2470 3274 nomine
2500 3220 2795 3283 Balantes,
2820 3221 3201 3274 vehementer
3216 3220 3411 3291 gladio
3441 3224 3717 3291 percutit.

2070 3310 2335 3364 Percitus
2364 3308 2567 3363 dolore
2609 3308 2709 3363 88
2732 3309 2993 3362 vulneris
3016 3310 3175 3378 (nam
3204 3326 3391 3378 usque
3416 3310 3489 3364 ad
3516 3327 3716 3381 super-

2067 3408 2202 3463 cilia
2260 3413 2318 3461 et
2372 3406 2685 3478 palpebras
2750 3406 2981 3477 gladius
3039 3413 3467 3477 penetraverat,
3527 3425 3710 3479 osque

2064 3496 2409 3563 resciderat,
2445 3496 2631 3550 illaeso
2661 3502 2857 3550 tamen
2890 3495 3174 3565 cerebro),
3226 3496 3519 3551 clamabat
3557 3497 3711 3552 elata

2060 3601 2222 3649 voce,
2258 3608 2282 3634 ‹‹
2320 3583 2593 3654 Deipara.
2626 3583 2810 3654 juva:
2847 3605 2873 3631 ››
2926 3582 3204 3638 difﬂuens
3258 3585 3522 3654 undique
3568 3602 3705 3640 san-

2061 3674 2237 3746 guine
2262 3679 2319 3727 et
2338 3679 2643 3727 cruentus.
2676 3679 2747 3726 At
2766 3674 3042 3735 Joannes,
3065 3674 3168 3743 qui
3193 3674 3253 3727 in
3275 3679 3522 3746 augusto
3553 3674 3705 3729 lecto

2062 3761 2591 3825 consederat,trahi
2610 3761 2683 3816 ad
2708 3778 2768 3815 se
2789 3761 3703 3833 imperatoremjussit.Raptum,

2061 3870 2195 3907 cum
2230 3852 2439 3906 solutis
2470 3850 2757 3906 membris
2789 3849 2861 3905 ad
2889 3850 3083 3905 solum
3129 3851 3526 3906 collaberetur
3573 3858 3708 3923 (nec

2060 3943 2217 3995 enim
2249 3957 2403 4012 genu
2434 3941 2541 3995 niti
2575 3945 2828 4010 poterat,
2860 3940 3077 4012 insigni
3110 3941 3238 4011 ejus
3269 3940 3477 3995 robore
3535 3941 3709 4013 plaga

2056 4030 2237 4102 gladii
2268 4030 2496 4098 fracto),
2550 4028 2875 4099 interrogat
2928 4046 3063 4083 cum
3124 4029 3322 4094 minis,
3380 4035 3480 4083 et:
3540 4051 3567 4078 «
3603 4031 3705 4085 Dic

2057 4119 2223 4186 mihi,
2257 4141 2284 4167 »
2320 4119 2533 4188 inquit,
2571 4139 2597 4166 «
2630 4117 2842 4171 stolide
2873 4124 2931 4171 et
2959 4118 3153 4172 invide
3183 4125 3451 4187 tyranne,
3500 4134 3701 4173 annon

2052 4224 2161 4278 per
2186 4223 2279 4261 me
2302 4206 2620 4261 ascendisti
2646 4206 2720 4260 ad
2744 4206 3141 4276 principatum
3164 4208 3491 4260 Romanum
3515 4206 3543 4259 Ἰ
3572 4209 3698 4261 Non

2053 4311 2159 4367 per
2190 4312 2282 4350 me
2315 4295 2425 4349 hoc
2459 4300 2691 4349 tantum
2722 4294 3040 4364 imperium
3073 4293 3433 4364 suscepisti?
3460 4293 3567 4357 Qui
3590 4294 3697 4365 igi-

1484 4451 1544 4505 C.
1598 4452 1661 4506 B.
1704 4452 1890 4507 HASII
1928 4453 2483 4509 ANNOTATIONES.

349 4597 393 4632 9³
416 4592 782 4669 προσεδέχετο
801 4596 942 4669 cod.

276 4669 321 4705 ω
352 4661 506 4724 [θοι-ἐ,
545 4661 713 4745 μέχβι
743 4667 868 4741 γάρ,
974 4664 1020 4700 ⁸⁷
1057 4661 1404 4743 βκεᾴαρίδος]
1439 4661 1773 4742 φλέϐαρίὸὀς
1807 4661 1937 4725 cdd.

1046 4593 1092 4629 ⁹⁴
1121 4588 1340 4671 ἀφίκετο
1368 4594 1505 4649 Cod.
1535 4595 1671 4665 plus
1720 4613 1951 4669 uampei

1057 4661 1404 4721 Βκεοαοίδος]
1439 4614 1773 4721 ωλεόαοίὲος
1807 4671 1937 4721 cod.

2066 4605 2144 4670 to,
2179 4598 2395 4675 ἀφῖκτο,
2428 4602 2493 4652 ut
2552 4595 2706 4650 infra
2760 4596 2847 4649 69.
2903 4595 2965 4648 Β.
3070 4593 3113 4629 ⁸⁸
3143 4588 3507 4663 εναλλόμενον
3559 4594 3691 4651 cod.

350 4845 464 4914 (97)
517 4833 1241 4914 Verbum_npoaam€u€_w_u
1300 4840 1481 4911 (quod
1540 4860 1660 4897 non
1719 4847 1809 4897 est
1867 4844 1926 4896 in

2071 4847 2155 4903 αῖς
2217 4846 2546 4914 συμφοραῖς.
2611 4840 3065 4914 Olympiodorus
3130 4840 3349 4914 Catena
3408 4839 3467 4914 in
3530 4838 3686 4899 beat.

284 4912 531 4981 Lexicis)
552 4914 662 4967 Leo
683 4912 858 4967 modo
882 4928 1012 4967 cum
1037 4912 1291 4983 genitivo
1312 4914 1622 4979 construit,
1646 4914 1805 4968 velut
1834 4915 1929 4969 hic

280 4990 368 5041 60.
403 4987 462 5038 Β.
499 4992 556 5039 et
586 4988 672 5038 97.
712 4986 767 5039 Ο.
806 4983 980 5038 modo
1024 5000 1158 5038 cum
1210 4984 1422 5047 dativo,
1469 4992 1534 5038 ut
1563 4988 1613 5039 6.
1650 4986 1709 5038 Β.
1744 4988 1831 5038 42.
1866 4987 1925 5038 C.

278 5057 497 5111 Eodem
532 5073 671 5110 casu
733 5062 824 5109 est
880 5054 1035 5125 apud
1096 5055 1597 5126 TheOphylactum
1647 5057 1802 5111 Orat.
1856 5056 1927 5109 de

278 5135 482 5184 sancta
512 5130 695 5201 Cruce
728 5124 944 5201 398._C.
992 5124 1543 5201 προσεπιϐαίνωνΑτῆ
1596 5128 1689 5201 γῇ.
1746 5128 1925 5201 Περι-τ

275 5208 452 5271 patur
478 5200 656 5271 etiam
687 5214 721 5252 a
754 5197 1000 5271 Philone
1034 5197 1498 5271 Detemulentia
1548 5196 1669 5253 197⁷.
1720 5201 1782 5252 Ε.
1840 5196 1925 5250 καὶ

275 5264 716 5343 προσεπιϐαίνειν
750 5266 1003 5343 ἠξίωσεν,
1035 5269 1133 5324 ubi
1178 5270 1493 5343 exponitur
1539 5272 1921 5343 praevaricari.

278 5333 537 5397 Alterius
595 5333 1005 5413 decompositi,
1036 5412 1041 5413 γ
1075 5333 1556 5409 προσεπεμϐαἱνωζ
1602 5340 1925 5395 secundam

280 5416 711 5486 tiguratamque
735 5412 1249 5486 signiﬁcationem.
1274 5413 1924 5486 insulto,_irrideo,a3que

276 5483 348 5539 in'
390 5483 725 5540 novissimis
782 5483 1143 5555 optimisque
1198 5483 1429 5555 Lexicis
1470 5483 1636 5537 video
1685 5490 1922 5553 przeter-

271 5557 539 5613 missam.
574 5554 922 5626 Quanquam
956 5572 1075 5608 non
1112 5554 1305 5607 desint
1336 5554 1511 5623 hujus
1542 5571 1684 5607 usus
1717 5561 1922 5608 aucto-

270 5629 479 5684 ritales
514 5628 760 5683 idonere.
797 5628 850 5680 S.
912 5628 1073 5681 Joan.
1137 5628 1589 5695 Clirysostqmus
1649 5627 1803 5681 Orat.
1862 5644 1919 5681 ιι.

275 5701 337 5757 in
371 5702 563 5756 Lazar.
602 5699 672 5755 V.
720 5701 845 5753 241.
890 5700 959 5751 28
1020 5698 1094 5768 μή
1144 5690 1701 5771 προσεπεμϐαίνωμεν
1756 5697 1921 5752 αὑτοῦ

2038 4914 2142 4992 Job
2174 4904 2296 4992 3‘29...
2332 4904 2562 4992 δίκατᾶ
2592 4904 2883 4992 πρόσωπον
2921 4906 3346 4992 λοιδορεῖ-τέλη,
3377 4910 3465 4992 καὶ
3515 4930 3686 4992 προσ.

2039 4978 2389 5075 ἐπεμϐαίνετὲ
2424 5005 2533 5055 μοι.
2573 4978 2711 5049 Quae
2745 4984 3046 5075 locaznaut
3084 4978 3340 5075 similia,
3398 4978 3685 5075 Hesgchio

2039 5057 2346 5112 obversata
2378 5063 2536 5117 sunt.
2587 5072 2723 5125 cum
2768 5056 2809 5107 Ι.
2874 5054 3030 5125 1044.
3094 5055 3152 5125 Β.
3220 5054 3684 5125 Προσεπεμϐαίνει

2040 5129 2463 5197 interpretatus
2519 5135 2607 5182 est
2673 5123 3015 5191 ἐπιτωθάζει,
3104 5123 3345 5197 ἐπιγελᾷ.
3434 5123 3686 5183 Verbum

2036 5195 2349 5271 ἐπεμϐαίνω
2382 5200 2568 5253 simili
2602 5215 2776 5271 sensu
2815 5203 3159 5271 usurpatur,
3192 5195 3256 5251 ut
3287 5198 3425 5271 duo,
3460 5200 3590 5255 loca
3620 5217 3688 5254 ex

2038 5270 2239 5325 multis
2272 5272 2597 5336 nominem,
2632 5271 2691 5324 in
2725 5268 2909 5339 Epist.
2954 5268 3196 5322 nomine
3238 5270 3431 5325 concil
3464 5274 3681 5325 Nicmn.

2037 5343 2275 5413 scripta,
2310 5342 2463 5413 apud
2498 5343 2716 5397 Socrat.
2744 5411 2752 5413 ᾗ
2776 5342 2919 5413 Hist.
2978 5341 3195 5413 Eccles.
3238 5344 3325 5395 28.
3379 5345 3445 5397 A.
3482 5343 3621 5397 item
3654 5358 3688 5396 a

2036 5405 2305 5468 Cedreno
2343 5405 2407 5469 ll.
2440 5417 2561 5467 670.
2618 5415 2681 5468 D.
2738 5405 3021 5485 ἐπιϐαίνω,
3083 5412 3240 5466 idem
3282 5413 3683 5485 Asigniticante,

2034 5486 2309 5556 copiosus
2338 5487 2382 5540 J.
2419 5485 2628 5539 Tobias
2660 5483 2939 5539 Krebsius
2970 5483 3326 5556 inDecretis
3356 5483 3681 5539 ‘Romano-

2034 5555 2161 5611 rum
2198 5574 2301 5627 pro
2332 5556 2547 5611 Judaeis
2578 5557 2749 5610 factis
2779 5556 2985 5627 25.78..
3021 5555 3459 5627 demonstrans,
3482 5557 3683 5610 omnia

2032 5628 2152 5683 fere
2185 5625 2454 5682 veniendi
2488 5628 2661 5681 verba
2693 5645 2824 5681 cum
2877 5625 2982 5683 ἐπί.
3034 5626 3315 5693 adjuncto
3366 5643 3504 5681 casu
3552 5644 3682 5697 per-

2032 5716 2213 5769 sonaa,
2247 5700 2553 5753 notionem
2604 5699 2840 5753 hostilis
2872 5698 3193 5751 invasionis
3227 5697 3461 5752 habere'
