4108 6198
388 430 507 515 789

1762 452 2156 515 ΗῙΞΤΟΒΙᾸΞ
2198 449 2346 511 LIB.
2388 449 2467 511 ν.

3678 453 3802 512 ’790

382 593 483 655 τῆς
516 590 661 655 ζωῆς
694 588 894 662 χρόνον
932 588 1272 658 πεντήκοντα
1327 588 1417 642 καὶ
1450 587 1581 642 ἐπτᾶ
1633 583 1725 654 ἔτη
1763 582 2009 649 διαϐιοὺς

2144 590 2261 640 tate
2294 585 2422 638 sine
2439 582 2840 638 controversia
2864 583 3252 651 antecellens,
3282 594 3514 640 Summa
3530 584 3589 638 in
3622 584 3798 639 bellis

380 672 431 748 ἓξ
469 674 524 729 δὲ
554 679 645 730 καὶ
682 677 882 749 μόνους
914 675 1190 738 ἐνιαυτοὺς
1236 677 1371 751 πρὸς
1433 677 1564 749 μησί
1623 677 1874 750 τέσσαρσι
1930 677 2030 745 την

384 772 486 833 τῆς
512 764 788 840 βασιλείας
819 766 1001 828 ἶθῦνας
1051 766 1256 841 ἀρχήν·
1316 766 1451 841 ἀνὴρ
1502 762 1717 840 ἀνδρείᾳ
1773 765 1861 820 καὶ
1923 765 2027 818 σώ-

385 876 555 927 ματος
617 855 778 931 ῥώμῃ
812 861 982 911 πᾶσαν
1016 854 1291 931 ἀδηρίτως
1331 851 1668 928 ὑπερϐαίνων
1751 856 1850 923 τὴν
1911 856 2029 909 κατ’

377 943 540 997 αὐτὸν
582 946 788 1021 γενεάν,
853 944 1246 1018 ἐμπειρότατὸς
1299 966 1357 999 τε
1412 944 1501 998 καὶ
1590 942 2025 1015 δραστικώτατος

373 1031 442 1085 τὰ
472 1030 737 1104 πολέμια,
769 1033 859 1088 καὶ
892 1034 1029 1109 πρὸς
1060 1040 1232 1087 πᾶσαν
1289 1030 1431 1087 ἰδέαν
1492 1033 1670 1087 πόνων
1723 1030 2024 1103 ἀνὲνδοτος,

366 1120 460 1174 καὶ
518 1126 774 1195 σώματος
833 1121 1152 1196 ἀμείλικτος
1210 1123 1297 1178 καὶ
1360 1122 1722 1184 ἀκολάκευτος
1780 1119 2024 1191 ἡδοναῖς·

375 1211 741 1290 μεγαλόφρων
773 1236 828 1269 τε
866 1215 956 1269 καὶ
1019 1213 1370 1290 μεγαλοφυής
1420 1216 1487 1269 τὰ
1537 1214 1820 1281 πολιτικά,
1878 1214 2025 1267 ἐννο-

377 1302 607 1373 μώτατα
638 1300 893 1374 δικάζων,
925 1305 1014 1359 καὶ
1050 1309 1365 1377 νομοθετῶν
1424 1303 1703 1371 ἀσφαλῶς,
1760 1304 1849 1357 καὶ
1912 1325 2023 1376 μη-

370 1388 528 1452 δενὸς
560 1396 665 1446 τῶν
696 1393 747 1447 ἐν
796 1394 1015 1458 τούτοις
1078 1389 1506 1469 κατατριϐέντων
1564 1392 1905 1466 ἡττώμενος·
1967 1394 2018 1449 ἐν

366 1476 428 1533 δὲ
458 1485 578 1541 ταῖς
603 1482 795 1556 εὐχαῖς
826 1483 914 1536 καὶ
948 1489 1066 1545 ταῖς
1098 1483 1399 1558 παννῦχοις
1445 1483 1581 1552 πρὸς
1638 1484 1766 1537 Θεὸν
1829 1484 2017 1537 στάσε-

365 1590 451 1622 σιν
486 1567 767 1641 ἄκαμπτός
824 1593 882 1627 τε
932 1574 1023 1626 καὶ
1078 1570 1461 1645 ἀδαμάντινος,
1508 1572 1908 1646 ἀμετεώριστον
1960 1572 2012 1627 ἐν

360 1663 485 1719 ταῖς
520 1658 820 1731 ὑμνῳδίαις
846 1661 938 1715 τὸν
967 1666 1087 1716 νοῦν
1121 1667 1425 1735 συντηρῶν,
1475 1662 1565 1715 καὶ
1610 1662 1743 1735 πρὸς
1799 1662 1867 1715 τά
1899 1663 2011 1733 μά-

355 1767 488 1801 ταια
521 1745 786 1820 μηδόλως
845 1745 1201 1825 ῥεμϐόμενον.
1262 1754 1346 1823 [Ρ.
1402 1754 1491 1824 55]
1555 1750 1879 1822 Ἑλάττωμα
1956 1749 2012 1805 δὲ

358 1840 526 1890 τοῦτο
558 1840 871 1911 προσῆπτον
904 1840 957 1893 οἱ
987 1839 1192 1894 πολλοὶ
1220 1845 1301 1912 τῷ
1331 1838 1509 1914 ἀνδρὶ,
1542 1836 1624 1893 ὅτι
1682 1860 1740 1893 τε
1769 1840 2008 1913 ἀπαρεγ-

2141 692 2277 730 cum
2301 674 2517 728 Peritia
2534 679 2659 727 tum
2676 672 3000 739 alacritate,
3022 672 3095 727 ad
3116 690 3293 728 omne
3314 691 3501 745 genus
3522 674 3793 729 laborum

2141 764 2467 827 obdurans,
2513 762 2912 832 voluptatibus
2969 763 3235 833 corporis
3294 763 3674 834 incorruptus
3735 769 3788 817 et

2140 852 2574 918 indelectatus;
2610 851 2874 906 liberalis
2917 858 3206 921 praeterea
3238 857 3295 905 et
3341 851 3692 923 magniﬁcus
3724 853 3785 905 in

2138 941 2654 996 administratione
2672 940 3453 1011 civili,judexjustissimus,
3485 940 3788 1011 legislator

2139 1032 2369 1097 ﬁrmus,
2394 1047 2587 1100 neque
2618 1029 2726 1083 ulli
2761 1045 2986 1087 eorum.
3021 1030 3120 1098 qui
3151 1029 3244 1082 his
3276 1029 3336 1083 in
3368 1028 3548 1083 rebus
3568 1030 3781 1083 versati

2139 1126 2299 1187 sunt,
2332 1119 2799 1191 postponendus.
2834 1120 2898 1172 In
2931 1119 3205 1189 precibus
3232 1124 3429 1173 autem
3480 1118 3781 1189 pernocti-

2136 1210 2366 1280 busque
2388 1214 2524 1263 ante
2556 1210 2784 1262 Numen
2807 1207 3162 1261 stationibus
3188 1224 3424 1262 severus
3457 1213 3583 1262 erat
3602 1212 3779 1277 atque

2134 1308 2577 1370 adamantinus,
2608 1305 2969 1361 inturbatam
3011 1305 3071 1359 in
3102 1306 3346 1360 canticis
3378 1311 3637 1359 mentem
3666 1322 3783 1359 ser-

2131 1415 2293 1463 vans,
2328 1397 2400 1452 ad
2429 1396 2716 1451 vanitates
2747 1395 3206 1465 haudquaquam
3247 1394 3646 1449 delabentem.
3682 1395 3778 1448 Ni-

2132 1487 2460 1541 hilominus
2488 1485 2597 1539 hoc
2628 1484 2833 1538 vitium
2862 1482 3301 1553 exprobrabant
3330 1484 3389 1536 in
3424 1484 3526 1536 illo
3585 1482 3777 1553 vulgo,

2128 1577 2286 1649 quod
2316 1575 2387 1630 ab
2419 1574 2699 1629 omnibus
2737 1574 3140 1644 incorruptam
3171 1574 3275 1627 90
3321 1573 3598 1627 virtutem
3640 1572 3776 1639 coli,

2124 1683 2317 1737 neque
2342 1665 2587 1719 omnino
2613 1679 2647 1717 a
2663 1678 2898 1717 summa
2921 1663 3197 1733 aequitate
3213 1661 3409 1716 recedi
3426 1661 3777 1724 vellet.Quo-

2123 1758 2279 1813 circa
2309 1754 2692 1810 inexorabilis
2722 1759 2849 1807 erat
2877 1754 2935 1806 in
2966 1753 3340 1820 vindicando,
3367 1752 3772 1821 delinquenti-

2119 1845 2349 1915 busque
2379 1844 2561 1898 durus
2588 1841 2895 1896 videbatur
2923 1847 3100 1911 atque
3117 1841 3325 1911 gravis,
3360 1841 3766 1908 molestusque

362 1926 626 2001 χείρητον
657 1923 919 1983 ἐϐούλετο
976 1930 1109 2002 πρὸς
1168 1930 1421 1984 ἀπάντων
1472 1932 1846 2003 συντηρεῖσθαι
1904 1930 2003 1997 τὴν

2125 1935 2260 1999 illis,
2294 1933 2393 2003 qui
2425 1931 2767 1986 liberiorem
2816 1931 2991 1984 vitam
3041 1946 3212 2000 agere
3261 1929 3599 1999 cupiebant.
3646 1929 3762 1999 Ego

364 2014 586 2087 ἀρετὴν,
635 2017 724 2071 καὶ
789 2020 862 2091 μὴ
920 2021 1429 2094 παραχαράττεσθαι
1490 2022 1590 2090 τήν
1649 2025 1745 2075 τοῦ
1800 2018 2013 2075 δικαίου

358 2100 660 2179 ἀκρίϐειαν.
700 2106 793 2161 Διὸ
848 2109 937 2161 καὶ
995 2109 1367 2184 ἀπαραίτητος
1404 2110 1471 2179 ἦν
1514 2110 1591 2173 εἰς
1642 2113 1743 2180 τήν
1798 2110 2005 2165 τούτων

359 2193 661 2267 ἐκδίκησιν,
720 2197 810 2252 καὶ
870 2204 988 2261 τοῖς
1049 2198 1446 2254 ὀλισθαίνουσιν
1509 2198 1866 2270 ἀδυσώπητος
1919 2201 2010 2255 καὶ

359 2287 619 2361 φορτικὸς
653 2285 847 2355 ἐδόκει,
879 2288 967 2343 καὶ
1001 2287 1251 2364 ἐπαχθὴς
1282 2292 1401 2351 τοῖς
1455 2287 1754 2367 ἀδιάφορον
1798 2290 2011 2346 ἀντλεῖν

353 2377 446 2431 τὸν
486 2375 606 2451 βίον
641 2376 937 2433 ἐθέλουσιν.
976 2380 1120 2454 Ἐγὼ
1150 2378 1207 2433 δὲ
1248 2402 1413 2457 φημι,
1449 2381 1523 2441 ὡς
1555 2380 1598 2435 εἰ
1663 2383 1737 2452 μή
1769 2403 1853 2443 τις
1879 2385 2016 2436 κατά

363 2469 489 2542 ῥοῦν
519 2466 842 2543 φερομένοις
872 2470 920 2505 9°
963 2475 1081 2531 τοῖς
1112 2472 1395 2545 πράγμασι
1465 2471 1726 2545 βάσκανος
1774 2475 2017 2546 νεμεσή-

360 2577 496 2609 σασα
536 2557 679 2624 τύχη
711 2558 802 2611 τὸν
837 2556 1002 2634 ἄνδρα
1032 2565 1224 2615 τοῦτον
1246 2560 1387 2635 ταχὺ
1439 2565 1536 2615 τοῦ
1571 2561 1690 2636 βίου
1743 2563 2014 2639 ἀπήγαγε,

363 2647 627 2719 μεγίστην
663 2645 723 2700 ἄν
756 2650 789 2715 ἡ
825 2654 932 2703 τῶν
966 2650 1253 2724 Ῥωμαίων
1288 2652 1563 2724 ἡγεμονία
1592 2651 1680 2705 καὶ
1742 2652 1859 2707 οἳαν
1920 2654 2017 2707 οὐκ

2119 2048 2257 2085 vero
2290 2030 2442 2093 dico,
2478 2028 2592 2082 nisi
2624 2028 2802 2082 rebus
2834 2028 2917 2081 sic
2948 2026 3207 2081 secundo
3240 2042 3416 2080 cursu
3438 2024 3761 2079 fluentibus

2118 2140 2225 2194 per
2246 2119 2529 2175 invidiam
2554 2118 2857 2187 indignata
2879 2118 3116 2171 fortuna
3138 2117 3297 2170 hunc
3324 2116 3512 2169 virum
3537 2114 3712 2168 citius
3734 2129 3764 2166 e

2120 2212 2237 2265 vita
2260 2206 2950 2273 sustulisset,maximum
2974 2204 3354 2276 splendorem
3370 2220 3465 2258 res
3480 2203 3765 2265 Romana,

2130 2305 2187 2354 et
2216 2298 2452 2370 qualem
2484 2313 2792 2366 nunquam
2828 2295 2997 2363 alias,
3031 2295 3407 2348 obtinuisset.
3443 2291 3554 2347 Sed
3576 2291 3778 2345 Provi—

2130 2388 2359 2449 dentia.
2396 2387 2575 2440 duros
2609 2392 2784 2455 atque
2809 2385 2995 2439 elatos
3025 2385 3333 2438 hominum
3366 2382 3599 2436 animos
3620 2381 3777 2435 male

2133 2496 2255 2542 osa,
2288 2476 2508 2545 frangit
2547 2475 3019 2543 comminuitque
3050 2490 3150 2528 eos
3180 2473 3253 2527 ad
3285 2472 3660 2539 nihilumque
3690 2485 3778 2523 re-

2125 2568 2273 2637 digit
2297 2563 3025 2635 incomprehensibilibus,
3061 2579 3192 2632 qua;
3225 2560 3671 2630 novit,judiciis
3701 2558 3774 2612 ad

2127 2655 2439 2711 commoda
2468 2659 2673 2708 nostra
2702 2652 2973 2723 cymbam
3006 2653 3135 2705 vitm
3166 2651 3456 2722 dirigens.

350 2734 559 2791 ἄλλοτε
609 2733 855 2792 εὔκλειαν
916 2739 1277 2814 ἀπηνέγκατο.
1337 2738 1515 2795 Ἀλλά
1570 2742 1670 2815 γάρ
1728 2745 1762 2811 ἡ
1818 2743 2066 2818 πρόνοια,
2120 2745 2187 2799 τά
2243 2741 2458 2814 σκληρᾶ
2513 2740 2602 2795 καὶ
2668 2738 2951 2813 ὑπέραυχα
3006 2742 3114 2792 τῶν
3173 2737 3473 2811 ἀνθρώπων
3530 2737 3765 2789 ἀποστυ-

352 2829 526 2897 γοῦσα
560 2829 908 2903 φρονήματα,
940 2827 1162 2884 κολούει
1219 2851 1277 2884 τε
1333 2830 1423 2883 καὶ
1481 2831 1829 2905 περιστέλλει
1884 2833 1973 2887 καὶ
2036 2833 2111 2896 εἷς
2168 2833 2232 2887 τὸ
2294 2828 2462 2904 μηδὲν
2522 2834 2772 2900 συνωθεῖ,
2829 2830 2916 2889 οἷς
2975 2824 3122 2881 οἶδεν
3184 2825 3486 2904 ἀνεφίκτοις
3542 2824 3769 2898 κρίμασι

353 2914 492 2988 πρὸς
522 2916 584 2969 τὸ
611 2915 884 2995 συμφέρον
920 2918 983 2972 τὸ
1013 2922 1110 2972 τοῦ
1145 2918 1267 2993 βίου
1300 2926 1601 2993 πορθμεῖον
1633 2921 1946 2977 εὐθύνουσα.

424 3036 486 3092 θ’.
517 3032 578 3087 Ὀ
611 3028 668 3085 δὲ
697 3052 756 3106 γε
788 3034 1068 3104 Ἰωάννης,
1129 3033 1243 3089 ἐπεὶ
1293 3036 1354 3090 τὸ
1409 3042 1656 3091 τοιοῦτον
1716 3039 1996 3112 Θεοστυγὶς

348 3118 437 3172 καὶ
478 3119 696 3175 ἀνόσιον
730 3126 901 3192 μῦσος
932 3122 1240 3197 εἰργάσατο,
1275 3125 1360 3179 ἐπὶ
1414 3126 1505 3180 τὸν
1556 3126 1808 3199 λαμπρὸν
1844 3129 1997 3182 οἷκον

2182 3050 2239 3104 9.
2273 3048 2788 3115 Joannes,patrato
2805 3042 3099 3114 ejusmodi
3124 3041 3359 3096 Numini
3390 3057 3566 3095 exoso
3589 3045 3765 3111 atque

2112 3136 2295 3207 impio
2331 3136 2615 3199 facinore,
2641 3132 3025 3203 magniﬁcum
3042 3148 3209 3185 oecon
3239 3130 3441 3201 palatii
3464 3131 3767 3201 ingressus

353 3214 451 3276 τῆς
489 3209 778 3283 βασιλικῆς
812 3212 987 3274 ἑστίας
1045 3213 1333 3286 παρελθὼν
1396 3215 1877 3291 (Χρυσοτρίκλινον
1907 3219 2001 3271 τὸν

2125 3223 2689 3295 [Chrysotriclinium
2714 3221 2773 3274 id
2788 3221 3063 3275 conclave
3086 3225 3337 3285 vocant).
3363 3218 3769 3272 calceamenta

359 3294 527 3369 δόμον
562 3301 1044 3374 κατονομάζουσι),
1077 3304 1137 3357 τό
1169 3324 1227 3357 τε
1271 3301 1491 3358 πέδιλον
1528 3305 1591 3359 τὸ
1633 3305 1856 3380 ἐρυθρὸν
1890 3313 2005 3368 τοῖς

358 3395 518 3442 ποσὶν
575 3388 942 3464 ἐνηρμόσατο,
1001 3392 1088 3445 καὶ
1151 3392 1297 3466 παρᾶ
1353 3393 1444 3447 τὸν
1514 3394 1703 3469 Θρόνον
1760 3396 2009 3450 κεκάθικε

356 3480 447 3533 τὸν
514 3479 815 3553 βασιλικὸν,
898 3484 985 3536 καὶ
1065 3483 1190 3557 περὶ
1247 3489 1355 3538 τῶν
1412 3490 1610 3538 κοινῶν
1670 3490 2008 3562 πραγμάτων

360 3568 691 3642 ἐφρόντιζεν,
725 3571 875 3635 ὅπως
914 3572 1123 3627 τούτων
1181 3572 1451 3648 ἐγκρατής
1507 3596 1564 3629 τε
1623 3576 1858 3651 γένοιτο,
1917 3576 2007 3630 καὶ

362 3661 436 3730 μή
472 3681 554 3713 τις
590 3659 737 3731 αὐτῷ
770 3658 1134 3717 διαπασιάσοι
1167 3667 1273 3717 τῶν
1331 3661 1381 3732 ἐξ
1431 3661 1665 3736 αἳματος
1695 3665 2006 3739 προσηκόν-

357 3770 465 3802 των
499 3753 577 3819 τῷ
610 3748 997 3826 αὐτοκράτορι.
1029 3753 1096 3808 Οἱ
1129 3750 1186 3806 δὲ
1244 3756 1341 3806 τοῦ
1398 3753 1719 3829 Νικηφόρου
1782 3756 2007 3809 ὑπασπιο

359 3837 501 3905 σταὶ,
535 3838 633 3911 ὀψὲ
662 3860 797 3894 ποτε
847 3843 945 3910 τὴν
1005 3840 1276 3915 ᾆναίρεσιν
1346 3842 1543 3897 τούτου
1604 3843 2005 3914 ἐνωτισθὲντες,

356 3924 621 3999 ὥρμησαν
685 3927 943 4004 ἒπαρῦναι
1001 3931 1171 4003 αὐτῷ,
1236 3931 1692 4001 ὑποτοπάζοντες,
1781 3934 1831 3988 ἐν
1892 3940 2008 3996 τοῖς

358 4020 519 4084 ζῶσιν
585 4015 663 4071 ἔτι
722 4023 987 4093 περιεῖναι
1046 4021 1136 4074 τὸν
1198 4018 1389 4094 ἄνδρα,
1442 4042 1531 4075 και
1589 4023 1684 4082 τάς
1752 4021 2005 4097 σιδηρέας

355 4104 531 4167 πύλας
571 4109 581 4141 ²
616 4106 774 4160 παντὶ
808 4107 976 4162 σθένει
1010 4108 1409 4187 ἀναμοχλεύειν
1457 4109 1773 4183 ἐπειρῶντο.
1835 4111 2009 4169 Ἀλλά

359 4196 386 4248 ὁ
424 4196 679 4265 Ἰωάννης
725 4199 825 4266 τὴν
881 4198 1121 4274 κεφαλὴν
1173 4200 1463 4277 ἐνεχθῆναι
1531 4205 1626 4255 τοῦ
1688 4203 2007 4279 Νικηφόρου

360 4285 760 4353 ἐνεκελεύσατο,
794 4288 882 4341 καί
940 4288 1139 4359 ταύτην
1203 4287 1596 4365 ὑποδειχθῆναι
1656 4288 1744 4346 διά
1800 4312 2007 4367 τρυμα-

359 4376 482 4437 λιᾶς
513 4384 633 4438 τοῖς
659 4378 865 4433 ἐκείνου
916 4381 1361 4459 σωματοφύλαξι.
1424 4382 1715 4457 Παρελθὼν
1773 4382 1828 4440 δέ
1902 4408 2005 4457 τις,

358 4466 872 4544 Ἀτζυποθεόδωρος
903 4469 1265 4543 καλούμενος,
1313 4472 1526 4545 ἐξέτεμὲ
1581 4495 1639 4528 τε
1692 4478 1792 4545 τήν
1850 4497 2009 4553 κεφα-

2118 3314 2297 3368 rubra
2322 3313 2572 3385 pedibus
2606 3311 2847 3382 aptavit,
2901 3310 2959 3362 in
2994 3309 3260 3380 solioque
3315 3308 3527 3362 sedens
3578 3308 3768 3377 impe-

2117 3405 2337 3459 ratorio
2369 3402 2441 3457 ad
2476 3417 2769 3456 summam
2800 3416 2999 3453 rerum
3028 3400 3293 3453 animum
3316 3397 3622 3466 convertit,
3649 3412 3765 3467 quo

2118 3500 2290 3565 pacto
2324 3508 2391 3547 ea
2417 3491 2727 3562 potiretur,
2756 3487 3229 3558 seditionemque
3258 3503 3462 3542 eorum
3485 3486 3765 3557 praeveni-

2118 3589 2227 3647 ret,
2262 3581 2361 3652 qui
2396 3582 2814 3651 imperatorem
2844 3578 3190 3649 cognatione
3213 3574 3767 3646 attingebant.lnter

2118 3673 2244 3726 haec
2276 3670 2587 3741 Nicephori
2621 3672 3007 3739 protectores,
3040 3666 3157 3720 fato
3208 3665 3336 3736 ejus
3388 3663 3614 3719 tardius
3662 3681 3763 3718 co-

2117 3771 2303 3843 gnito,
2322 3770 2395 3824 ad
2419 3785 2591 3840 opem
2616 3766 2924 3824 ferendam
2946 3770 3366 3837 proruperunt,
3383 3762 3541 3835 quod
3565 3781 3764 3835 super-

2118 3862 2313 3916 stitem
2336 3860 2679 3914 etiamnunc
2698 3874 2826 3912 esse
2842 3873 2975 3911 eum
2999 3854 3763 3927 suspicabantur,omnique

2117 3952 2169 4004 vi
2204 3950 2434 4005 emoliri
2469 3950 2691 4003 ferreas
2713 3947 2909 4002 conati
2934 3950 3132 4017 portas
3160 3950 3317 3999 sunt.
3341 3946 3484 3997 Tum
3507 3944 3762 3998 Joannes

2117 4045 2295 4110 caput
2353 4036 2665 4108 Nicephori
2726 4034 2998 4106 proferri,
3052 4050 3276 4104 perque
3331 4033 3425 4086 9|
3491 4031 3762 4086 foramen

2119 4126 2551 4199 protectoribus
2584 4123 2815 4179 ostendi
2845 4123 3047 4193 jussit.
3080 4123 3166 4176 Ita
3198 4120 3484 4176 accedens
3525 4120 3762 4189 aliquis,

2119 4214 2659 4286 Atzypotheodorus
2689 4212 2951 4279 nomine,
2986 4210 3044 4264 id
3093 4210 3380 4280 praicidit,
3440 4215 3499 4264 et
3542 4208 3763 4262 tumul-

2120 4303 2426 4359 tuantibus
2459 4300 2829 4365 exhibet.Qui
2858 4300 3091 4370 objecta
3114 4299 3357 4353 immani
3380 4303 3554 4367 atque
3577 4296 3766 4365 inopi-

2120 4401 2260 4449 nata
2312 4392 2507 4463 specie
2557 4390 2785 4462 gladios
2844 4390 3171 4444 emiserunt
3223 4388 3296 4441 de
3352 4386 3648 4450 manibus,
3710 4390 3768 4439 et

2118 4489 2345 4539 mutata
2369 4482 2494 4552 jam
2526 4497 2665 4534 voce
2694 4481 2979 4533 Joannem
3012 4479 3429 4551 imperatorem
3472 4478 3764 4529 Romano-

359 4555 486 4626 λὴν,
520 4558 610 4612 καὶ
658 4564 774 4621 τοῖς
835 4562 1211 4630 στασιάζουσιν
1269 4561 1625 4621 ὑπεδείκνυεν.
1686 4566 1751 4623 Οἱ
1809 4563 1889 4636 δὲ,
1944 4569 2005 4621 τὸ

2128 4589 2259 4627 rum
2292 4586 2410 4625 una
2432 4568 2825 4625 consensione
2852 4568 3358 4621 renuntiaverunt.
3394 4568 3459 4620 ln
3493 4565 3622 4618 nive
3658 4580 3764 4618 au-

353 4646 658 4703 ἀλΛὸκοτον
710 4651 798 4703 καὶ
876 4650 1104 4705 ἃπιστον
1159 4651 1488 4727 ἀθρήσαντες
1576 4654 1770 4728 θὲαμα,
1829 4655 1895 4710 τά
1951 4678 2009 4712 τε

357 4736 481 4813 ξίφη
514 4743 623 4791 τῶν
657 4744 861 4815 χειρῶν
914 4741 1174 4812 μεθῆκαν,
1232 4741 1321 4794 καὶ
1352 4740 1688 4814 παλινῳδίαν
1719 4744 1852 4818 ᾖσαν
1908 4750 2007 4818 (2),

355 4826 443 4879 καὶ
475 4827 564 4880 τὸν
610 4827 868 4898 Ἰωάννην
927 4828 1299 4904 αὐτοκράτορα
1356 4831 1644 4903 Ῥωμαίων
1698 4834 2007 4910 ὁμοφώνως

359 4912 676 4989 ἐκήρυττον.
729 4918 790 4974 Ὀ
850 4914 908 4971 δὶ
966 4922 1067 4973 τοῦ
1116 4919 1435 4997 Νικηφόρου
1493 4922 1678 4997 νεκρὸς
1735 4924 1870 4977 κατὰ
1945 4924 2009 4979 τὸ

2124 4668 2242 4717 tem
2279 4660 2384 4715 sub
2416 4660 2546 4715 divo
2572 4659 2761 4729 jacuit
2787 4657 3096 4727 Nicephori
3129 4672 3341 4726 corpus
3373 4660 3495 4709 toto
3526 4671 3593 4709 eo
3648 4653 3762 4719 die,

2122 4753 2220 4822 qui
2254 4750 2380 4805 dies
2412 4753 2538 4804 erat
2567 4746 2918 4801 undecimus
2949 4746 3307 4811 Decembris,
3332 4744 3583 4800 Sabbato
3609 4762 3622 4800 :
3657 4744 3763 4798 do-

2121 4858 2229 4895 nec
2260 4841 2344 4893 illi
2380 4838 2453 4893 ad
2486 4836 2737 4891 multum
2770 4852 3078 4907 vesperum
3108 4837 3363 4891 Joannes
3404 4836 3570 4906 justa
3617 4833 3763 4888 solvi

2115 4928 2318 5000 jussit.
2352 4929 2438 4981 Ita
2468 4926 2528 4979 in
2560 4922 2755 4978 loculo
2787 4923 2982 4996 ligneo
3014 4925 3229 4996 raptim
3257 4924 3411 4979 facto
3428 4931 3495 4979 ut
3515 4941 3668 4980 unus
3691 4922 3763 4978 de

1554 5080 1614 5133 C.
1659 5079 1719 5134 Β.
1764 5080 1952 5136 HASII
1987 5080 2545 5171 ᾼῌΝΟΤΑΤΙΟΝΕΞ.

436 5237 481 5314 ξ’
506 5237 802 5314 φερόμενος
834 5239 963 5295 cod.

363 5305 602 5379 χάλκεος
631 5305 814 5370 οὐδός.

364 5467 559 5521 denuo
594 5468 998 5524 in’historiam
1048 5465 1274 5534 recepit
1329 5465 1631 5520 Cedrenus
1690 5467 1888 5521 11.663
1942 5470 2007 5523 D.

362 5540 574 5593 Omisit
605 5549 803 5596 autem
839 5538 1167 5593 senariolos
1196 5538 1439 5591 Joannis
1463 5538 2011 5605 Melitenensis,sive

364 5611 519 5683 quod
556 5614 727 5682 paulo
772 5612 1070 5683 longiores
1096 5611 1153 5683 ei
1178 5622 1531 5683 _lvereorne
1558 5612 1739 5683 etiam
1784 5611 2009 5675 lectori)

364 5680 723 5749 viderentur,
756 5680 1059 5752 sivo'quod
1094 5680 1267 5734 ludus
1326 5681 1519 5751 potius
1554 5682 1773 5753 ingenii
1833 5701 2010 5753 quam

365 5771 501 5809 vera
530 5772 680 5811 arca)
713 5755 1041 5825 inscriptio.
1079 5755 1246 5806 Certe
1274 5753 1530 5808 Joannes
1588 5754 2010 5820 Melitenensis,

1044 5242 1058 5275 ¹
1093 5235 1347 5313 σιδηρὲας
1380 5237 1577 5300 πύλας.
1612 5241 1691 5296 Ex
1719 5242 1992 5310 Homero,

2135 5247 2299 5314 puto,
2362 5242 2528 5298 Iliad.
2591 5249 2650 5298 Θ.
2712 5247 2798 5298 l5.
2854 5236 2977 5295 ἔνθα
3025 5237 3293 5314 σιδήρειαί
3349 5257 3409 5294 τε
3463 5236 3634 5294 πύλαι
3681 5236 3771 5293 καὶ

2122 5467 2169 5522 si
2202 5468 2251 5524 is
2283 5472 2373 5523 est
2410 5468 2481 5523 de
2540 5486 2657 5539 quo
2720 5470 2978 5540 Lequien
3038 5468 3260 5525 Orient.
3313 5469 3526 5523 Christ.
3565 5469 3605 5522 Ι.
3640 5469 3763 5521 445.

2120 5540 2180 5593 C.
2215 5541 2356 5593 vixit
2395 5541 2551 5595 circa
2594 5558 2647 5595 a.
2708 5544 2864 5601 1027,
2916 5541 3050 5612 plus
3109 5542 3540 5612 quinquaginta
3593 5540 3768 5592 annis

2121 5618 2255 5681 post
2294 5611 2686 5681 Nicephorum
2722 5613 2782 5666 in
2816 5611 3013 5667 arcam
3045 5612 3371 5666 conditum.

2194 5682 2269 5753 (2)
2306 5684 2580 5754 Agathias
2609 5686 2697 5738 89.
2732 5685 2791 5739 Β.
