4060 6198
359 414 475 477 ’191

1745 411 2026 473 LEONIS
2069 411 2384 476 DIACONI
3632 409 3730 468 792

365 550 570 606 multis
601 549 981 621 compositus,
1015 546 1210 601 media
1262 550 1434 600 nocte
1465 545 1618 600 clam
1651 546 1708 599 in
1741 553 2009 602 sanctum

2129 546 2384 619 ὕπαιθρον
2415 547 2499 602 ἐπὶ
2533 555 2634 615 τῆς
2665 547 2857 625 χιόνος
2887 540 3230 618 πανημέριος
3279 537 3472 598 ἔκειτο·
3505 539 3730 611 ἐνδακάτη

370 640 786 711 Apostolorum
818 636 1104 707 templum
1139 634 1328 689 elatus
1360 641 1468 701 est,
1502 635 1564 688 in
1623 635 2015 706 sepulcroque

369 729 492 795 illo,
527 727 626 782 ubi
659 726 840 781 divini
898 725 1256 797 hymnisque
1308 723 1587 778 celebrali
1643 724 2014 779 Constantini

366 816 769 887 corpusjacet,
795 815 856 868 in
878 830 998 868 una
1018 831 1088 868 ex
1109 813 1510 885 imperatoriis
1541 813 1694 868 arcis
1718 813 2012 869 conditus.

360 909 436 958 At
465 904 622 958 enim
657 908 791 974 post
817 903 1108 957 nefariam
1139 902 1360 957 caedem
1392 901 1464 956 ab
1495 902 1587 956 his
1645 901 1870 957 devotis
1919 920 2013 958 ca-

359 992 580 1062 pitibus
612 997 904 1063 patratam
937 1008 1056 1046 non
1107 991 1456 1046 obdormivit
1507 990 1759 1063 justitia,
1812 1007 2014 1046 verum

359 1081 620 1136 vindicta
663 1087 936 1136 assecuta
989 1097 1197 1135 omnes
1257 1081 1500 1150 posthac
1557 1087 1684 1134 est:
1745 1080 1890 1136 adeo
1952 1086 2018 1134 ut

363 1171 704 1242 quicunque
719 1187 961 1226 manum
976 1169 1046 1224 ad
1064 1170 1592 1225 occisionemillius
1607 1169 2012 1240 praebuerunt,

363 1262 400 1315 ii
427 1277 634 1316 omnes
662 1260 834 1314 bonis
861 1258 1178 1330 publicatis
1209 1258 1283 1312 ad
1307 1273 1599 1312 summam
1627 1258 2014 1328 indigentiam

362 1350 587 1405 redacti
621 1349 888 1403 exitiales
921 1348 1111 1402 exitus
1140 1346 1476 1404 habuerint.
1503 1349 1715 1402 Verum
1743 1347 1814 1402 de
1837 1347 2014 1402 rebus

362 1439 542 1510 gestis
575 1437 886 1507 Nicephori
915 1436 1336 1506 iimperatoris,
1385 1436 1578 1506 deque
1621 1437 1740 1490 vita
1790 1441 1849 1490 et
1893 1435 2014 1490 fato

363 1527 514 1597 ejus,
547 1526 688 1580 satis
711 1524 1105 1590 abundanter,
1139 1530 1205 1578 ut
1233 1525 1506 1594 arbitror,
1540 1525 2012 1580 demonstratum

364 1620 472 1669 est.
507 1616 650 1669 Nam
683 1619 849 1668 extra
877 1613 1122 1668 modum
1154 1615 1508 1669 commorari
1540 1620 1717 1685 atque
1765 1614 2012 1669 dilatare

363 1703 694 1758 orationem
727 1703 837 1757 hoc
867 1702 928 1755 in
958 1701 1113 1767 loco,
1145 1702 1772 1774 hominum,’;:opinor,
1835 1704 2014 1759 nimis

365 1791 734 1846 curiosorum
767 1796 924 1845 esset
953 1791 1180 1858 vitium,
1234 1792 1356 1862 qui,
1409 1793 1590 1846 finem
1641 1798 2015 1849 transeuntes

2124 635 2190 702 ἦν
2223 639 2318 690 τοῦ
2351 634 2684 710 Δεκεμϐρίου
2729 635 2900 710 μηνὸς
2946 636 3145 710 ἡμέρα,
3195 627 3483 705 Σαϐϐάτῳ·
3536 630 3588 686 δν
3622 631 3734 704 πρὸς

2124 723 2346 798 ἐσπέραν
2410 726 2626 798 βαθεῖαν
2684 732 2750 794 τῆ
2811 724 2931 794 ὁσίᾳ
3007 727 3465 800 παραπεμφθῆναι
3506 721 3532 775 ὁ
3587 720 3736 776 Ἰωάν-

2121 834 2220 883 νης
2285 815 2579 888 προσέταξε
2610 817 2648 870 ³.
2682 816 2834 888 Θήκῃ
2885 813 2975 867 οὗν
3020 808 3400 890 σχεδιασθείσῃ
3455 807 3630 882 ξυλίνῃ
3674 809 3735 870 ὡς

2123 897 2285 981 ἔτυχε
2340 901 2802 978 περιστείλαντες,
2860 903 3021 974 μέσον
3069 907 3174 956 τῶν
3234 904 3441 954 νυκτῶν
3497 897 3739 971 λαθραίως

2126 992 2200 1053 εἰς
2256 993 2346 1046 τὸν
2407 994 2551 1047 θεῖον
2613 997 2719 1046 τῶν
2795 989 3118 1047 ἀποστόλων
3187 990 3350 1059 σηκὸν
3437 987 3740 1059 ἐξεκόμισαν,

2122 1082 2211 1136 καὶ
2243 1082 2378 1136 κατὰ
2407 1081 2470 1136 τὸ
2510 1084 2717 1156 ἡρῷον,
2773 1075 2891 1135 ἔνθα
2939 1081 3001 1135 τὸ
3049 1084 3147 1134 τοῦ
3188 1079 3332 1142 θείου
3383 1078 3473 1132 καὶ
3517 1073 3743 1148 ἀοιδίμου

2125 1171 2531 1226 Κωνσταντίνου
2581 1177 2741 1245 σῶμα
2799 1170 3131 1239 κατάκειται,
3189 1166 3241 1222 ἐν
3305 1172 3403 1240 μιᾷ
3460 1171 3564 1222 τῶν
3609 1167 3745 1240 βασι-

2130 1259 2305 1316 λικῶν
2354 1265 2528 1336 σορῶν
2584 1257 2898 1330 ἐκήδευσαν·
2951 1256 3128 1315 Ἀλλὰ
3191 1257 3295 1332 γὰρ
3337 1257 3440 1311 οὐκ
3487 1254 3747 1310 ἐπενῦστα-

2129 1351 2210 1419 ξεν
2244 1353 2328 1419 δή
2381 1348 2504 1420 δίκη
2563 1357 2630 1419 τῆ
2683 1348 2970 1428 μιαιφονίᾳ
3025 1354 3132 1403 τῶν
3188 1342 3507 1422 ἀλαστόρων
3556 1345 3743 1400 ἐκείνων

2133 1437 2364 1508 ἀνδρῶν,
2425 1443 2506 1510 [Ρ.
2562 1441 2650 1512 56]
2714 1436 2953 1513 μετῆλθε
2991 1435 3046 1493 δέ
3103 1439 3306 1498 πάντας
3364 1433 3748 1506 ποινηλατοῦσα

2137 1533 2448 1604 μετέπειτα,
2479 1530 2568 1584 καὶ
2618 1527 2997 1604 δημευθέντες,
3056 1530 3193 1584 κατὰ
3248 1530 3314 1584 τὰ
3361 1522 3564 1606 ἔσχατα
3604 1547 3748 1594 πένη-

2123 1621 2424 1690 τεύσαντες,
2456 1619 2612 1674 κακοὶ
2643 1625 2825 1682 κακῶς
2881 1624 2978 1674 τοῦ
3031 1621 3126 1690 ζῇν
3176 1616 3602 1694 ἀπηλλάγησαν,
3647 1614 3750 1669 ὅσοι

2121 1713 2220 1778 τῆς
2277 1709 2481 1765 ἐκείνου
2535 1715 2747 1789 σφαγῆς
2807 1708 3128 1788 αὐτόχειρες
3213 1707 3539 1784 ἐξεγένοντο.
3614 1702 3751 1762 Ἀλλ’

2133 1799 2508 1878 ἀποχρώντως
2535 1799 2637 1874 γάρ
2689 1799 2934 1874 εἰρῆσθαί
2986 1819 3079 1872 μοι
3138 1797 3286 1852 δοκεῖ
3340 1796 3468 1871 περὶ
3521 1799 3624 1850 τῶν
3667 1814 3751 1848 πε-

368 1879 688 1946 scribendi,
743 1896 818 1934 ne
877 1881 1126 1936 minima
1178 1881 1420 1950 quidem
1475 1881 2015 1952 relinqui.vellent

2129 1887 2448 1964 πραγμένων
2479 1893 2560 1960 τῷ
2590 1887 2948 1964 αὐτοκράτορι
2996 1889 3321 1966 Νικηφόρῳ,
3380 1887 3472 1941 καὶ
3523 1892 3616 1954 τῆς
3670 1883 3752 1938 αὖ-

371 1969 761 2041 inexplorata.
789 1972 1042 2042 Tempus
1074 1971 1402 2043 igiturjam
1435 1972 1581 2026 mihi
1631 1973 1881 2040 videtur,
1913 1973 2013 2028 92

373 2060 716 2114 narratione
749 2059 819 2114 de
851 2060 956 2114 illo
980 2067 1038 2115 et
1056 2060 1390 2115 actionibus
1415 2061 1576 2116 illius
1603 2068 1916 2130 coarctata,
1943 2062 2013 2116 de

375 2149 553 2206 rebus
583 2152 764 2222 gestis
793 2151 1058 2216 Joannis,
1109 2157 1500 2223 cognomento
1550 2152 1650 2222 qui
1705 2152 2015 2207 Tzimisces

375 2241 799 2310 perliibebatur
877 2243 1026 2313 (haec
1080 2242 1298 2315 linguae
1349 2243 1643 2298 Armenia)
1696 2241 2014 2316 appellatio

373 2347 561 2401 graace
591 2349 876 2387 conversa
903 2333 1259 2388 muzacitzen
1292 2333 1482 2388 valet:
1515 2333 1574 2388 id
1605 2340 1825 2402 autem,
1877 2335 2016 2405 quia

376 2427 504 2476 erat
532 2427 757 2476 statura
787 2422 1192 2490 brevissimus,
1243 2439 1571 2495 cognomen
1612 2424 1876 2495 invenit),
1909 2441 2014 2496 pro

369 2512 650 2568 facultate
689 2513 908 2580 dicere,
939 2519 1005 2569 ut
1033 2532 1129 2569 res
1159 2515 1310 2570 scitu
1337 2515 1514 2570 utiles
1545 2522 1604 2570 et
1624 2516 1914 2570 memoria
1934 2515 2017 2569 di-

367 2617 496 2672 gnae
530 2602 846 2658 oblivionis
871 2604 1248 2676 voraginibus
1279 2621 1353 2660 ne
1395 2605 1871 2678 submergantur.

2125 1983 2225 2034 τοῦ
2260 1981 2452 2054 βιοτῆς
2498 1979 2588 2032 καὶ
2646 1981 3048 2057 καταστροφῆς.
3101 1975 3266 2032 Τὸδέ
3321 1975 3462 2050 πέρα
3529 1979 3620 2030 τοῦ
3675 1993 3751 2045 με·

2124 2070 2278 2144 τρίου
2335 2063 2652 2144 κατατρίϐεν
2705 2069 2798 2123 τὸν
2855 2065 3018 2143 λόγον
3075 2067 3166 2122 καὶ
3258 2066 3585 2121 κατατείνειν
3637 2061 3750 2128 ἐκεῖ,

2127 2153 2608 2232 πολυπραγμόνων
2634 2157 2876 2230 ἡγοῦμαι
2923 2158 2984 2208 τὸ
3037 2154 3209 2217 πάθος
3265 2153 3357 2207 καὶ
3414 2159 3516 2222 τῆς
3557 2155 3749 2228 γραφῆς

2129 2239 2558 2319 ὐπερϐαινόντων
2587 2244 2650 2298 τὸ
2681 2241 2986 2317 πλήσμιον,
3028 2244 3113 2304 οἷς
3166 2239 3306 2315 μηδέ
3343 2241 3407 2296 τὸ
3455 2241 3620 2318 τυχὸν
3664 2259 3753 2291 πα-

2132 2341 2304 2408 ρεῖται
2388 2333 2810 2407 ἀνεξερεύνητον.
2900 2331 3024 2387 Δέον
3105 2333 3194 2386 οὖν
3245 2331 3383 2387 εἶναί
3453 2352 3548 2404 μοι
3603 2326 3755 2391 δοκεῖ,

2125 2425 2326 2496 ταύτην
2355 2426 2453 2494 τήν
2482 2423 2606 2499 περὶ
2654 2422 2858 2479 ἐκείνου
2913 2422 3005 2478 καὶ
3058 2426 3166 2478 τῶν
3221 2421 3370 2494 αὐτῷ
3431 2416 3759 2498 πραχθέντων

2128 2511 2381 2589 διήγησιν
2435 2510 2867 2588 περιστείλαντα,
2927 2513 3018 2566 καὶ
3081 2512 3204 2586 περὶ
3262 2515 3371 2566 τῶν
3423 2508 3504 2582 τῷ
3559 2507 3756 2576 Ἰωάννῃ

2125 2601 2497 2681 πραχθέντων,
2548 2601 2608 2665 ὅς
2663 2603 2782 2656 κατ’
2837 2598 3124 2671 ἐπίκλησιν
3168 2603 3488 2674 Τζιμισκῆς
3535 2594 3760 2653 ἐκαλεῖτο

363 2693 548 2758 (τοῦτο
607 2687 662 2744 δὲ
719 2690 781 2744 τὸ
834 2697 935 2760 τῆς
993 2692 1289 2765 Ἀρμενίων
1339 2689 1627 2747 διαλέκτου
1681 2692 1998 2766 πρόσρημα,
2055 2693 2134 2762 ὅν,
2195 2691 2270 2753 εἰς
2329 2693 2428 2759 τὴν
2488 2688 2727 2748 Ἐλλάδα
2786 2688 3321 2766 μεθερμηνευόμενον
3411 2687 3758 2762 μουζακίτζην

365 2775 527 2842 δηλοῖ
569 2783 667 2851 (3)·
729 2779 1077 2858 βραχύτατος
1126 2782 1228 2856 γάρ
1283 2782 1384 2850 τὴν
1441 2781 1664 2850 ἡλικίαν
1717 2779 1890 2836 τελῶν
1947 2780 2260 2854 ἐπωνυμίαν
2314 2782 2514 2851 ταύτην
2569 2779 2876 2852 ἐκτήσατο),
2924 2779 3060 2836 κατᾶ
3106 2780 3170 2835 τὸ
3222 2779 3334 2834 ἐνὸν
3389 2777 3637 2850 ἐξειπεῖν,
3695 2773 3758 2833 ὡς

362 2868 422 2924 ἄν
456 2870 531 2942 μὴ
568 2864 743 2938 λήθης
777 2869 967 2941 βυθοῖς
995 2867 1284 2945 παραῤῥυῇ
1315 2867 1446 2946 ἔργα
1480 2867 1731 2949 βιωφελῆ
1756 2870 1846 2924 καὶ
1885 2871 2109 2943 μνήμης
2137 2869 2344 2942 ἐπάξια.

1565 2988 1625 3043 C.
1671 2989 1729 3042 Β.
1774 2987 1969 3042 HASII
2009 2987 2566 3045 ANNOTATIONES.

458 3105 606 3159 3111.
668 3120 718 3159 e.

438 3107 508 3174 (3)
541 3107 606 3158 Η.
668 3120 718 3159 e.
774 3107 1079 3174 pusillum:
1133 3107 1246 3156 vid.
1310 3107 1566 3176 Ducang.
1625 3107 1878 3158 Glossar.
1939 3107 2007 3156 II.

370 3179 527 3232 1570.
553 3178 613 3230 Β.
648 3176 758 3230 Sed
791 3177 943 3230 hanc
972 3175 1389 3247 etymologiam
1421 3176 1682 3230 nominis
1703 3176 2012 3230 Tzimisces

370 3265 614 3320 prorsus
669 3247 1116 3320 improbatis/ir
1185 3247 1565 3302 doctissimus
1639 3247 1917 3320 Cirbied,
1953 3248 2014 3301 in

371 3318 574 3375 schola
603 3320 759 3389 regia
790 3319 1032 3390 speciali
1083 3319 1418 3391 linguarum
1469 3318 1858 3391 Orientalium
1907 3319 2014 3372 ho-

373 3392 714 3446 diernarum
748 3392 1042 3446 cathedras
1094 3390 1451 3446 Armeniacaa
1502 3390 1683 3445 decus
1731 3397 1790 3445 et
1837 3407 2015 3445 orna-

369 3471 657 3519 mentum.
692 3465 831 3518 Esse
863 3463 1146 3517 nimirum
1175 3463 1236 3516 in
1269 3462 1549 3517 Armenia
1576 3463 1789 3532 Majore
1808 3462 2014 3516 urbem

369 3535 945 3606 'l‘schemischgaizag
975 3534 1111 3601 (vid.
1168 3551 1346 3604 quoq.
1404 3533 1602 3588 Détails
1647 3549 1742 3588 sur
1791 3535 1844 3588 la
1883 3550 2013 3604 pre-

370 3610 538 3660 miére
567 3607 762 3675 expect.
798 3607 888 3660 des
939 3606 1216 3659 Chrétiens
1262 3606 1399 3659 dans
1450 3606 1504 3659 la
1548 3607 1844 3670 Palestine,
1897 3612 2013 3658 tra-

368 3678 516 3730 duits
573 3679 639 3731 de
698 3675 1015 3729 l’arménien
1073 3693 1137 3729 en
1193 3677 1440 3742 francais
1501 3693 1610 3744 par
1664 3678 1724 3730 F.
1783 3677 2010 3731 Martin.

374 3747 632 3816 Magasin
685 3746 1000 3816 Encyclop.
1070 3747 1370 3814 Septembr.
1431 3747 1587 3800 1811.
1643 3764 1704 3816 p.
1764 3749 1891 3815 38):
1954 3745 2013 3801 id

366 3833 585 3870 nomen
617 3817 952 3886 signiﬁcare
995 3832 1210 3870 soccum
1263 3817 1634 3886 splendentem
1691 3835 1736 3870 s.
1786 3834 2011 3887 purpu-

366 3904 538 3953 reum,
571 3903 686 3957 quo
715 3887 1056 3941 calceentur
1078 3887 1360 3941 mulieres
1386 3903 1490 3957 per
1519 3887 1841 3942 Orientem.
1870 3888 2012 3942 Inde

363 3957 686 4013 oriundum
717 3957 1058 4013 Tzimiscem
1084 3975 1096 4012 :
1131 3961 1380 4030 ejusque
1412 3975 1632 4013 nomen
1661 3959 2010 4014 Armeniace

774 3103 1079 3186 pusillum:
1133 3101 1246 3186 vid.
1275 3175 1284 3185 _
1310 3105 1580 3186 Ducang._
1625 3103 1878 3186 (Ἀρ-δεον.
1939 3105 2007 3156 Il.
2045 3104 2088 3170 C
2133 3103 2651 3186 Ischemesghghiglt
2680 3103 2986 3186 scriptum,
3023 3119 3150 3186 esse
3181 3103 3605 3186 diminutivum
3637 3100 3740 3186 alte

2128 3176 2273 3240 rius,
2307 3175 2570 3244 vertique
2619 3175 2834 3230 debere
2893 3176 3166 3230 socculum
3219 3177 3617 3246 splendentem.
3664 3174 3758 3246 Be-

2127 3263 2287 3320 eram
2319 3248 2448 3318 ipsa
2476 3246 2653 3320 verba
2681 3247 3026 3320 amicissimi
3079 3245 3375 3320 collaagaa:
3439 3271 3467 3296 ‹‹
3509 3245 3760 3301 Tsehemi-

2125 3319 2411 3388 chgaizag,
2445 3319 2542 3388 qui
2570 3320 2788 3387 signiﬁe
2818 3318 3061 3374 sandale
3093 3318 3456 3374 étincelante
3503 3320 3572 3372 οιὶ
3601 3329 3760 3384 rouge

2163 3407 2229 3444 ue
2252 3396 2476 3460 portent
2511 3389 2580 3442 les
2605 3393 2826 3461 femmes
2882 3391 3174 3445 orientales
3204 3395 3239 3444 ὰ
3269 3391 3418 3446 leurs
3461 3394 3640 3461 pieds,
3697 3389 3763 3439 est

2139 3460 2172 3515 Ie
2195 3478 2320 3516 nom
2349 3461 2511 3515 d’une
2540 3460 2670 3515 ville
2701 3460 2766 3514 de
2797 3461 2852 3515 la
2888 3461 3098 3530 grande
3132 3463 3394 3517 Armenia
3424 3460 3524 3532 qui
3559 3462 3759 3529 s’appe-

2126 3533 2227 3586 lait
2257 3534 2404 3587 aussz'
2441 3533 2858 3587 anciennement
2891 3533 3218 3604 Hierapolis
3255 3551 3266 3586 :
3300 3533 3408 3589 elle
3445 3537 3533 3602 fut
3575 3533 3626 3586 la
3671 3544 3762 3604 pa;

2125 3607 2231 3658 trie
2255 3605 2321 3658 de
2349 3605 2486 3658 Jean
2527 3604 2795 3659 Zimisres.
2854 3603 2920 3659 σε
2971 3601 3193 3658 derhier
3249 3622 3380 3659 nom
3424 3601 3588 3675 Qu’on
3639 3601 3764 3675 terit

2123 3692 2189 3729 en
2221 3677 2499 3750 armenien
2529 3675 3124 3750 Tschemescbghigh,
3181 3675 3318 3750 n’est
3367 3672 3481 3750 que
3522 3677 3570 3750 le

2121 3748 2281 3818 nurtif
2298 3747 2372 3800 du
2395 3748 2657 3818 premier,
2691 3753 2741 3800 et
2771 3747 2815 3801 τι
2841 3747 3059 3817 signi/le
3089 3747 3270 3818 petite
3331 3747 3582 3803 sandale
3626 3747 3761 3799 étin-

2123 3817 2375 3872 celante.
2411 3817 2553 3891 Telle
2581 3824 2673 3891 est‘
2687 3818 2742 3871 la
2769 3817 3144 3891 signiﬁcation
3175 3819 3248 3873 du
3261 3827 3395 3891 gmot
3427 3818 3716 3874 Zimisces.
3739 3834 3762 3891 ξ

2121 3891 2258 3954 Quae
2281 3887 2779 3961 quemadmodum
2795 3887 2928 3944 cum
2956 3890 3235 3961 opinione
3260 3889 3481 3946 Leonis
3507 3887 3760 3959 componi

2121 3959 2372 4031 possint,
2406 3959 2657 4014 viderint
2686 3961 2914 4017 litteras
2941 3959 3260 4016 orientales
3290 3961 3482 4018 docti.

1597 4146 1970 4241 LIBER
2047 4147 2539 4242 SEXTUS.

445 4509 846 4587 Assanitarum.
879 4505 1233 4587 ——_Joannes
1261 4504 1570 4587 Tzimisces
1593 4521 1635 4587 a
1665 4503 1881 4587 Basili?
1914 4502 2472 4587 Notbo'imperator.
2487 4503 2861 4587 renuntiatus
2891 4503 3044 4587 (cap.
3081 4507 3150 4586 l):
3185 4505 3316 4587 ‘Leo
3373 4502 3772 4587 Cur0p_alates,

373 4582 684 4652 Nicephori
718 4581 920 4646 frater,
953 4580 1354 4652 Methymnam
1387 4577 1680 4652 relegatus
1713 4577 1803 4646 (2).
1836 4575 2078 4652 Joannis
2107 4575 2404 4652 Tzimisca;
2446 4574 2638 4629 forma
2689 4581 2748 4630 et
2793 4580 3038 4652 statura,
3090 4575 3339 4652 virtutes
3393 4585 3458 4652 e_t
3509 4574 3647 4630 vitia
3687 4574 3770 4642 (3).

372 4646 725 4722 Polyeuctus
757 4668 892 4706 eum
925 4650 996 4704 ab
1029 4646 1192 4705 aditu
1222 4646 1541 4722 S.7Sophiaé
1573 4653 1733 4722 arcet
1760 4663 1772 4712 ;
1806 4647 2276 4722 moximperatis
2303 4646 2646 4722 defunctum
2679 4647 3055 4722 coronati/1).
3102 4649 3364 4722 Joannes
3421 4649 3604 4722 bona.
3653 4658 3771 4714 qum

413 4717 630 4777 rivatus
664 4722 1027 4794 possederat,
1063 4717 1422 4794 pauperibus
1455 4719 1758 4794 distribuit
1787 4718 2254 4794 (tia._Theodorus
2283 4717 2652 4794 Coloniensis
2675 4718 3012 4794 patriarcha
3031 4719 3367 4774 Antiochia;
3398 4720 3770 4794 constitutus.

413 4741 630 4777 Γινᾶῐιιὸ
664 4741 1027 4794 possederat,
1063 4741 1422 4792 pauperqu
1455 4741 1758 4774 ωδιῐΊυωι
1787 4741 1882 4786 (οι.
1925 4741 2254 4772 ιιιυυιιυιύδ
2283 4741 2652 4772 υυιυιιιυιιδιδ
2675 4741 3012 4789 pau‘larcuu
3031 4741 3367 4774 Λιιιιοοωω
3399 4741 3768 4776 οουδιιιυιυδ.

369 4741 670 4865 Bolyeucti
707 4811 865 4849 mors
893 4795 992 4864 (6).
1027 4793 1226 4865 Basilii
1261 4790 1859 4865 patriarcbaacreatio
1891 4790 1986 4859 (7).
2020 4789 2252 4865 Legatio
2283 4789 2355 4844 ad
2384 4789 2928 4865 Sphendoslabum.
2957 4791 3281 4865 Russorum
3313 4793 3654 4865 principem
3682 4787 3768 4865 (θ).

370 4857 753 4938 Bulgarorum
784 4857 1040 4936 origines
1074 4867 1172 4938 (9).
1207 4857 1639 4938 Sphendoslabi
1669 4857 2022 4938 responsum
2055 4857 2316 4938 et'_m_inm
2348 4857 2481 4938 (Ψ).
2515 4860 2719 4938 _Bardaa
2749 4861 2932 4938 S_cleri
2965 4869 3022 4916 et
3051 4862 3227 4938 Petri
3241 4857 3486 4938 Pa'tricii
3519 4857 3772 4938 'expedij

366 4937 448 4990 tio
479 4931 684 4992 contra
713 4931 932 4992 Russos
966 4931 1097 5005 (11).
1129 4931 1385 4990 Joannes
1419 4934 1628 4990 Alacas
1661 4931 2032 5004 speCulatum
2056 4933 2337 5006 mittitur.
2384 4931 2601 4986 Bardas
2651 4937 2709 4986 et
2762 4933 2970 4987 Petrus
3013 4950 3148 4988 cum
3200 4935 3410 4990 Russis
3457 4931 3780 5006 conﬂigunt

363 5011 500 5078 (12).
533 5010 735 5063 Bardas
765 5008 947 5063 Scleri
974 5003 1230 5080 insignis
1261 5008 1468 5062 virtus.
1503 5007 1660 5078 Fuga
1688 5003 2010 5060 Russorum
2045 5003 2178 5076 (13).

439 5205 540 5260 93
576 5209 625 5258 1.
658 5203 985 5275 Nicephoro
1031 5203 1292 5276 Augusto
1353 5203 1456 5270 sic,
1517 5199 2019 5272 quemadmodum
2051 5201 2098 5266 D

370 5293 634 5365 exposui,
669 5291 742 5348 de
774 5293 970 5349 medio
1002 5291 1258 5360 sublato,
1289 5306 1490 5346 rerum
1539 5289 1807 5344 habenas
1841 5291 2018 5344 Joan-

2201 5199 2286 5271 [Ρ.
2318 5199 2408 5272 57]
2451 5198 2516 5254 a‘.
2576 5201 2684 5255 Τοῦ
2743 5194 2801 5252 δέ
2857 5198 3267 5274 αὐτοκράτορος
3309 5200 3641 5278 Νικηφόρου
3695 5196 3775 5249 τὸν

2126 5286 2329 5362 τρόπον
2359 5289 2457 5360 (4),
2517 5284 2574 5340 ὅν
2633 5283 2849 5361 εἴρηταί
2912 5307 3029 5360 μοι,
3086 5286 3481 5362 ἀναιρεθέντος,
3540 5289 3636 5350 τὰς
3687 5289 3778 5352 τῆς

1570 5438 1633 5494 C.
1675 5439 1738 5494 Β.
1782 5439 1972 5494 HASII
2015 5439 2570 5497 ANNOTATIONES.

446 5569 467 5604 ³
497 5565 808 5642 προσέταξε.
843 5567 1118 5624 Additum
1149 5566 1245 5622 hic
1277 5569 1368 5620 est
1396 5561 1656 5620 secunda
1685 5579 1870 5619 manu
1893 5564 2015 5640 ταφῇ

2134 5564 2157 5600 ³
2185 5561 2422 5635 ἐπένυξεν
2456 5565 2584 5622 cod.

446 5693 938 5764 (4)01)1Ρι]ῐιοαιιιε
962 5696 1050 5746 est
1075 5689 1436 5760 Nicephorus
1465 5704 1621 5744 anno
1670 5689 1795 5764 969.
1836 5689 1901 5764 _d_.
1933 5706 2010 5744 xx.

373 5761 600 5822 mensis
631 5764 970 5820 Decembris
998 5780 1010 5817 :
1045 5763 1127 5818 ita
1158 5778 1288 5832 qum
1319 5767 1639 5818 narrantur
1668 5762 1780 5818 hoc
1836 5761 2009 5825 libro,

2124 5691 2197 5763 ad
2228 5691 2488 5762 priorem
2518 5695 2748 5763 partem
2780 5689 2922 5746 anni
2954 5692 3078 5760 970,
3131 5691 3477 5763 pertinent:
3511 5691 3643 5750 vide
3670 5693 3767 5747 Pa-

2121 5761 2282 5835 gium
2313 5761 2634 5818 CriticflV.
2666 5761 2754 5816 21.
2788 5763 2854 5820 Α.
