4108 6198
356 450 476 510 793

1720 446 2113 508 HISTORUE
2157 446 2280 507 LIB
2321 447 2422 506 VI.

3650 450 3764 508 794

364 576 645 654 βασιλείας
688 576 842 646 ἡνίας
906 576 1183 647 Ἰωάννης,
1246 577 1273 630 6
1331 575 1448 631 κατ’
1494 574 1780 647 ἐπίκλησιν
1809 579 2010 650 Τζιμι-

2128 595 2227 634 nes
2261 583 2649 650 cognomento
2682 578 3013 641 Tzimisces,
3070 579 3348 649 suscepit.
3399 580 3525 635 Jam
3558 586 3769 652 quarta

363 675 520 736 σκῆς,
583 667 976 736 ὁποζώννυται.
1021 662 1163 736 Ἤδη
1217 662 1275 719 δὲ
1305 665 1569 739 τετάρτης
1628 668 1703 738 (5)
1762 663 2014 744 φυλακῆς

362 766 464 827 τῆς
512 756 703 817 νυκτὸς
760 753 1099 835 ἀρχομένης,
1163 749 1409 828 ἑϐδόμης
1457 754 1665 830 ἡμέρας
1723 752 2015 834 διαφανού-

361 868 460 916 σης
483 848 528 917 ⁴,
592 842 879 916 ἑνδεκάτης
940 844 1209 915 τελούσης
1269 849 1366 900 τοῦ
1422 840 1757 918 Δεκεμϐρίου
1822 845 2014 918 μηνὸς,

363 938 502 992 κατὰ
561 939 660 1006 τὴν
716 933 1169 1007 τρισκαιδεκάτην
1236 932 1471 990 ἰ’νδικτον
1501 940 1598 989 τού
1649 933 2017 1012 έξακισχιλιο-

362 1032 492 1081 στου
546 1030 1000 1100 τετρακοσιοστοῦ
1086 1020 1505 1098 έϐδομηκοστοῦ
1568 1021 1767 1100 ὀγδόου
1822 1020 2014 1093 ἔτους,

358 1113 616 1191 λογάδων
646 1112 853 1189 ἀνδρῶν
890 1120 1099 1193 στῖφος,
1135 1112 1222 1168 διὰ
1282 1120 1388 1169 τῶν
1446 1114 1652 1189 ἀγυιῶν
1685 1117 1782 1167 τοῦ
1814 1112 2017 1175 ἄστεως

358 1201 762 1282 διερχόμενον,
824 1204 1203 1278 αὐτοκράτορα
1263 1202 1552 1278 Ῥωμαίων
1610 1205 1703 1257 τὸν
1762 1202 2014 1271 Ἰωάννην

354 1295 449 1348 σὺν
494 1300 613 1355 τοῖς
668 1299 764 1349 τοῦ
824 1291 932 1365 ἤδη
1001 1294 1428 1368 βασιλεύσαντος
1487 1295 1774 1366 Ῥωμανοῦ
1830 1291 2015 1346 παισὶν

355 1384 711 1460 ἀνηγόρευον·
750 1386 837 1446 οἷς
896 1383 955 1439 ἐκ
1007 1381 1382 1458 διαστήματος
1420 1382 1667 1461 ἐφείπετο
1728 1379 2017 1443 Βασίλειος

362 1476 390 1528 ὁ
425 1475 624 1542 Νόθος,
652 1476 939 1547 Ῥωμανοῦ
997 1480 1094 1528 τοῦ
1145 1473 1317 1529 πάλαι
1349 1472 1752 1548 αὒτοκράτορος
1784 1472 1845 1526 ἐκ
1877 1478 2018 1525 Σκυ-

359 1560 510 1623 θίδος
542 1564 683 1633 υἱὸς,
713 1568 791 1635 τῷ
821 1569 919 1618 τοῦ
976 1561 1245 1639 προέδρου
1306 1560 1684 1634 έκδιαπρέπων
1718 1561 2013 1633 ἀξιώματι.

362 1653 682 1731 Νικηφόρος
715 1650 791 1721 δὲ,
826 1654 988 1727 μόνος
1018 1658 1124 1707 τῶν
1184 1651 1396 1708 λοιπῶν
1427 1647 1722 1720 σεϐαστῶν,
1754 1648 1806 1710 ἐς
1859 1648 2020 1725 γέρας

365 1747 446 1814 τῷ
473 1739 628 1816 ἀνδρὶ
661 1744 864 1813 ταύτην
913 1742 1307 1817 ἐκαινοτόμησε
1337 1744 1436 1811 τὴν
1492 1744 1662 1815 τιμήν
1828 1739 2015 1812 ὅσπερ,

368 1830 419 1886 εἴ
445 1834 537 1887 καὶ
570 1831 829 1907 ἐκτομίας
883 1832 1196 1912 ἐτύγχανεν,
1224 1831 1371 1888 ἀλλὰ
1425 1830 1721 1902 τηνάλλως
1781 1828 2019 1904 δραστή-

2119 668 2312 723 noctis
2344 668 2537 739 vigilia
2586 668 2849 735 ineunte,
2908 666 3157 723 Sabbato
3218 667 3638 738 dilucescente,
3672 672 3767 726 die

2121 758 2345 813 mensis
2377 757 2716 812 Decembris
2775 757 3119 825 undecimo,
3184 758 3509 814 indictione
3542 760 3772 815 decima

2124 848 2297 902 tertia
2328 848 2467 902 anni
2501 847 2691 902 sexies
2723 847 3027 901 millesimi
3059 847 3633 918 quadringentesimi
3678 867 3767 904 se-

2124 937 2473 1008 ptuagesimi
2507 937 2713 1002 octavi,
2748 936 3037 992 lectorum
3082 937 3340 991 virorum
3387 954 3635 1005 cuneus,
3669 955 3774 1010 per

2122 1026 2286 1079 urbis
2318 1026 2575 1096 compita
2606 1026 3099 1090 circumcursans,
3132 1028 3420 1081 Joannem
3446 1028 3764 1097 imperato-

2120 1132 2247 1169 rem
2277 1117 2378 1169 94
2410 1117 2834 1182 Romanorum,
2866 1116 3161 1186 adjunctis
3194 1116 3441 1171 Romani
3483 1116 3639 1171 haud
3686 1117 3766 1172 ita

2124 1204 2353 1275 pridem
2384 1206 2629 1277 Augusti
2664 1204 2888 1267 liberis,
2937 1205 3353 1260 renuntiabat:
3388 1223 3536 1275 quos
3565 1222 3634 1260 ex
3672 1206 3766 1261 in-

2128 1294 2367 1349 tervallo
2401 1293 2876 1363 subsequebatur
2924 1294 3179 1349 Basilius
3239 1295 3484 1362 Nothus,
3519 1296 3769 1351 Romani

2128 1384 2427 1455 quondam
2464 1384 2700 1457 Augusti
2733 1401 2801 1438 ex
2833 1385 3102 1456 Scythica
3146 1384 3369 1440 femina
3402 1386 3578 1453 filius,
3622 1404 3771 1457 prae-

2129 1474 2275 1529 sidis
2305 1474 2589 1545 dignitate
2622 1474 2951 1529 decoratus.
2999 1475 3116 1528 Hoc
3146 1491 3364 1528 munus
3411 1476 3773 1546 Nicephorus

2129 1564 2358 1634 primus
2388 1563 2655 1618 omnium
2680 1564 3108 1634 imperatorum
3136 1563 3494 1617 inhonorem
3518 1564 3777 1619 hominis

2125 1662 2460 1712 creaverat:
2494 1658 2617 1728 qui,
2663 1657 2930 1727 quamvis
2991 1657 3194 1727 spado,
3254 1656 3401 1711 alias
3447 1656 3775 1711 industrius

2124 1751 2184 1801 et
2213 1746 2558 1817 ingeniosus
2580 1752 2707 1800 erat
2736 1746 2843 1812 vir,
2879 1746 3249 1818 negotiorum
3278 1763 3382 1816 pro
3408 1745 3775 1816 temporibus

2123 1835 2272 1889 bene
2305 1851 2532 1907 gerens.
2572 1835 2673 1889 Hic
2704 1852 2837 1889 cum
2861 1836 3085 1890 Joanne
3118 1835 3579 1905 conspiraverat,
3609 1851 3772 1889 sum-

367 1923 485 1997 ριός
512 1943 570 1976 τε
609 1923 700 1977 καὶ
732 1923 1000 2001 ἀγχίτους
1060 1924 1307 2000 ὑπῆρχεν
1362 1922 1519 1995 ἀνὴρ,
1580 1921 1787 1999 εὐφυῶς
1818 1921 1843 1954 ⁵
1899 1925 2016 1981 τοῖς

2128 1941 2221 1979 ma
2259 1924 2698 1979 necessitudine
2724 1924 2774 1978 ei
2807 1924 3143 1995 adjunctus,
3176 1924 3554 1994 primumque
3588 1924 3773 1978 simu-

361 2011 680 2087 πράγμασιν
726 2010 778 2065 ἐν
835 2012 1207 2085 περιστάσεσιν
1268 2011 1698 2084 ἁρμοττόμενος.
1753 2008 2015 2081 Συνωμό-

363 2120 464 2170 της
488 2097 544 2153 δὲ
578 2098 649 2154 ὢν
683 2100 930 2174 Ἰωάννῃ,
964 2099 1055 2154 καὶ
1117 2102 1238 2153 Λίαν
1294 2098 1540 2159 ἐκτόπως
1574 2098 1724 2171 αὐτῷ
1774 2096 2012 2176 φιλικῶς

364 2186 739 2262 διασκείμενος
773 2234 790 2259 ,
845 2188 1143 2259 ἐσκήπτετο
1214 2190 1477 2263 πρότερον
1534 2193 1731 2257 νοσεῖν,
1786 2185 2014 2241 κᾶπειτα

364 2280 622 2352 πονήρως
656 2280 802 2357 εἶχε,
831 2279 922 2333 καὶ
954 2276 1281 2347 κλινοπετὴς
1302 2278 1385 2346 ἦν.
1426 2278 1636 2355 Νύχιον
1667 2278 1758 2331 οὗν
1790 2277 1887 2345 τήν
1916 2281 2013 2330 τού

364 2368 681 2447 Νικηφόρου
740 2368 1075 2442 μεμαθηκὼς
1140 2367 1434 2440 ἀναίρεσιν,
1512 2371 1591 2439 τῷ
1648 2364 2013 2443 προειληφότι

365 2458 540 2535 στίφει
631 2457 768 2531 μετὰ
816 2455 1039 2531 σπείρας
1123 2457 1381 2533 γενναίων
1440 2456 1730 2510 νεανίσκων
1786 2452 2011 2508 ἐπισπό-

368 2566 523 2618 μενος
557 2588 571 2614 ,
626 2540 885 2600 σεϐαστὸν
945 2543 1174 2620 βασιλέα
1248 2546 1540 2618 Ῥωμαίων
1607 2545 1700 2599 τὸν
1757 2544 2012 2612 Ἰωάννην

365 2634 741 2708 ἀνεκήρυττεν·
801 2634 875 2696 είς
933 2635 998 2689 τὰ
1059 2632 1311 2707 βασίλειά
1368 2656 1425 2689 τε
1482 2635 1635 2695 αὖθις
1691 2632 1868 2707 ἀνῄει,
1923 2632 2013 2686 καὶ

367 2724 489 2799 περὶ
547 2730 654 2780 τῶν
734 2730 931 2779 κοινῶν
1011 2724 1243 2798 τΙωάννῃ
1335 2723 1679 2798 συνέπραττε,
1740 2725 1838 2793 τήν
1918 2727 2015 2777 τοῦ

376 2809 877 2888 παρακοιμωμένόυ
915 2812 1052 2886 πρὸς
1104 2811 1309 2867 ἐκείνου
1360 2816 1527 2886 τιμὴν
1584 2810 1848 2891 εἰληφώς·
1887 2810 2014 2885 Περὶ

362 2908 471 2958 τῶν
528 2903 888 2972 Ευνοισόντων
942 2903 1032 2956 οὖν
1079 2901 1265 2965 αὐτοῖς
1318 2900 1771 2977 βουλευσάμενοι,
1822 2899 2015 2955 ἐντάλ-

371 3014 512 3066 ματα
542 2992 632 3047 καὶ
684 2992 1084 3068 προστάγματα
1143 2988 1230 3044 διὰ
1289 2992 1489 3055 παντὸς
1546 2996 1641 3045 τοῦ
1700 2990 1888 3050 ἄστεος
1916 2987 2015 3044 αὕ-

366 3086 541 3155 θωρον
570 3079 844 3146 ἔστελλον,
911 3084 985 3154 μὴ
1043 3079 1230 3150 ἐξεῖναί
1276 3101 1383 3135 τινι
1433 3086 1732 3154 νεωτεριεῖν
1761 3083 1801 3147 ⁸,
1834 3081 1868 3150 ἢ
1925 3078 2012 3134 ἐπὶ

365 3168 668 3247 διαρπαγὰς
746 3168 1078 3225 ἀποκλίνεινο
1156 3166 1396 3223 κίνδυνον
1461 3170 1561 3244 γὰρ
1616 3170 1749 3223 εἶναι
1807 3171 2008 3241 [Ρ.

364 3266 442 3333 τῷ
500 3260 924 3334 τοιουτότροπόν
980 3281 1032 3312 τι
1090 3257 1479 3332 τολμήσαντι,
1528 3258 1867 3338 ἀςιαιρεῖσθαι
1915 3265 2014 3326 τῆς

366 3349 628 3429 κεφαλῆς.
665 3353 843 3406 Τοῦτο
874 3350 935 3403 τὸ
968 3346 1339 3424 παράγγελμα
1388 3347 1640 3410 ἐπιεικῶς
1692 3347 2014 3417 Βυζαντίους

370 3437 779 3513 ἐξεδειμάτωσε,
810 3439 900 3493 καὶ
933 3434 1112 3498 οὐδεὶς
1146 3436 1354 3511 ἐτόλμα
1410 3439 1732 3515 νεοχμῶσαί
1786 3459 1838 3491 τι
1870 3438 2013 3511 παρὰ

368 3531 430 3584 τὸ
486 3528 827 3606 προσταχθέν
864 3570 875 3582 .
946 3527 1220 3583 Εἶώθεσαν
1277 3528 1380 3603 γὰρ
1457 3525 1507 3580 έν
1569 3531 1687 3587 ταῖς
1741 3527 2016 3589 τοιαύταις

369 3613 705 3692 μεταϐολαῖς
739 3618 791 3670 οἱ
822 3617 978 3690 ἀργοὶ
1023 3621 1120 3670 τοῦ
1173 3613 1376 3689 δήμου,
1405 3614 1493 3669 καὶ
1526 3614 1746 3688 ἄποροι,
1779 3613 1826 3684 ἐξ
1862 3612 2015 3690 διαρ-

366 3708 546 3783 παγὰς
608 3707 917 3785 χρημάτων
974 3705 1061 3758 καὶ
1112 3705 1456 3783 κατασκαφὰς
1517 3702 1682 3758 οἷ’κων
1717 3748 1730 3773 ,
1791 3702 1898 3758 ἔσθ’
1928 3706 2015 3759 ὅτε

366 3796 456 3850 καὶ
487 3802 594 3849 τῶν
626 3792 927 3874 ὁμοφύλων
971 3794 1177 3872 σφαγὰς
1232 3791 1539 3866 τρέπεσθαι,
1596 3794 1733 3848 καθά
1791 3815 1894 3848 που
1925 3794 2012 3849 καὶ

365 3884 417 3939 ἐν
446 3884 513 3959 τῇ
554 3883 845 3959 ἀναῤῥήσει
901 3888 999 3937 τοῦ
1057 3882 1462 3956 αὐτοκράτορος
1522 3883 1842 3962 Νικηφόρου
1875 3906 2015 3958 συμ-

2047 3312 2097 3376 C

2131 2014 2250 2069 lata
2263 2013 2603 2069 valetudine
2626 2020 2831 2084 postea
2844 2019 3098 2085 aegrotus
3117 2013 3541 2083 erat,lectoque
3563 2012 3773 2067 afﬁxus

2129 2105 2204 2171 ls,
2223 2110 2287 2157 ut
2310 2108 2488 2158 noctu
2520 2103 2589 2157 de
2615 2103 2927 2173 Nicephori
2952 2102 3109 2157 caade
3134 2108 3503 2173 cognoverat,
3537 2107 3776 2157 antece—

2126 2194 2363 2248 dentem
2396 2194 2697 2247 cohortem
2739 2209 2873 2247 cum
2930 2192 3102 2264 globo
3162 2197 3539 2247 strenuorum
3573 2191 3772 2247 adole-

2126 2283 2420 2338 scentium
2450 2282 2775 2348 insecutus,
2797 2283 3084 2336 Joannem
3107 2282 3433 2354 Augustum
3457 2281 3774 2351 imperato-

2123 2388 2248 2427 rem
2279 2374 2681 2427 Romanorum
2720 2371 3119 2426 renuntiavit:
3154 2387 3269 2441 quo
3322 2370 3476 2426 facto
3509 2370 3571 2425 in
3602 2369 3768 2440 pala-

2122 2463 2271 2516 tium
2324 2461 2522 2525 rediit,
2592 2476 3005 2531 summamque
3062 2476 3262 2514 rerum
3323 2476 3457 2514 eum
3542 2459 3767 2513 Joanne

2122 2550 2575 2612 administravit,
2603 2566 2637 2604 a
2659 2566 2774 2620 quo
2806 2550 3217 2620 praefecturam
3241 2547 3497 2603 cubiculi
3520 2547 3772 2617 accepit.

2123 2640 2263 2711 Ipsi,
2299 2639 2369 2695 de
2397 2640 2491 2694 his
2524 2656 2653 2710 quae
2684 2656 2715 2693 e
2746 2656 2810 2694 re
2844 2656 2951 2694 sua
2988 2639 3184 2693 forent
3205 2637 3631 2692 deliberatione
3665 2636 3768 2689 ha-

2124 2729 2268 2797 bita,
2303 2728 2582 2783 mandata
2609 2733 2667 2783 et
2719 2728 2910 2783 edicta
2962 2744 3067 2799 per
3124 2732 3307 2781 totam
3366 2724 3573 2779 urbem
3608 2723 3769 2778 illico

2126 2819 2428 2886 emittunt,
2451 2840 2478 2867 ‹‹
2504 2818 2708 2873 turbas
2733 2817 2909 2883 ciere,
2935 2815 3539 2888 direptionemfacere
3565 2814 3673 2868 ulli
3696 2829 3770 2867 ne

2125 2907 2332 2962 liceret
2356 2924 2368 2961 :
2398 2907 2556 2978 quod
2574 2906 2621 2961 si
2647 2908 2782 2978 quis
2803 2906 3096 2977 ejusmodi
3124 2906 3349 2977 aliquid
3371 2921 3551 2959 ausus
3572 2903 3769 2970 fuerit,

2124 3014 2297 3068 paena
2330 3002 2474 3058 esto,
2497 3002 2563 3051 ut
2592 3002 2770 3067 caput
2799 2997 2851 3051 ei
2882 3002 3241 3067 amputetur.
3270 3017 3297 3043 »
3316 2993 3481 3059 Quod
3514 2993 3772 3047 edictum

2124 3103 2246 3141 non
2278 3085 2639 3141 mediocrem
2667 3091 2953 3139 terrorem
2975 3082 3651 3153 Constantinopolitanis
3679 3082 3770 3135 in-

2117 3176 2286 3248 jecit,
2318 3193 2429 3231 nec
2461 3176 2775 3246 quisquam
2821 3180 3027 3229 contra
3083 3174 3431 3228 mandatum
3490 3172 3564 3225 ad
3621 3187 3771 3225 nova

2128 3265 2378 3320 consilia
2402 3264 2669 3320 animum
2694 3264 2973 3318 inducere
2999 3268 3088 3317 est
3108 3279 3308 3317 ausus.
3336 3263 3476 3314 Nam
3501 3258 3775 3313 solebant

2129 3355 2188 3409 in
2223 3355 2563 3425 hujusmodi
2588 3370 2791 3408 rerum
2824 3352 3252 3407 mutationibus
3276 3368 3346 3405 ex
3377 3349 3550 3420 plebe
3581 3348 3774 3402 homi-

2126 3461 2232 3499 nes
2266 3446 2383 3499 otio
2408 3450 2785 3517 egestateque
2818 3443 3052 3515 perditi,
3078 3443 3151 3498 ad
3178 3441 3569 3513 expilationes
3599 3438 3775 3491 bono—

2124 3551 2256 3588 rum
2316 3534 2677 3603 domumque
2738 3533 3075 3587 eversiones
3134 3531 3413 3595 converti,
3475 3527 3775 3583 interdum

2126 3639 2359 3693 quoque
2394 3622 2466 3676 ad
2490 3622 2706 3676 civium
2738 3623 2834 3679 95
2872 3621 3114 3689 caedem,
3147 3626 3212 3674 ut
3241 3621 3303 3674 in
3333 3616 3775 3674 renuntiatione

2126 3711 2436 3783 Nicephori
2479 3715 2724 3783 Augusti
2783 3716 3075 3766 evenerat.
3138 3709 3247 3764 Sed
3308 3710 3466 3764 hunc
3522 3706 3775 3761 forensis

2125 3800 2401 3856 colluviei
2426 3816 2645 3855 caecum
2670 3800 2958 3871 impetum
2989 3799 3235 3854 Joannis
3260 3798 3518 3853 edictum
3552 3812 3770 3868 praeve-

2126 3890 2348 3945 niendo
2382 3890 2754 3961 compressit.

362 3970 608 4044 ϐέϐηκεν.
644 3971 821 4027 Ἀλλὰ
855 3974 949 4041 τήν
1005 3972 1261 4042 τοιαύτην
1318 3970 1608 4026 ἀκάθεκτον
1673 3976 1771 4025 τοῦ
1823 3972 2087 4049 ἀγοραίου
2119 3972 2299 4056 ὄχλου
2358 3979 2527 4057 φορὰν
2584 3978 2898 4055 προφθάσας
2944 3974 3217 4031 ἀνέστειλε
3271 3976 3335 4030 τὸ
3387 3978 3481 4029 τοῦ
3529 3970 3780 4027 Ἰωάννου

366 4062 456 4119 διά
470 4062 590 4140 ίγελ
601 4084 693 4137 μα.

442 4189 508 4264 β’.
575 4189 661 4245 Ἐν
712 4186 930 4246 τούτοις
986 4191 1094 4241 τῶν
1152 4190 1493 4263 πραγμάτων
1558 4185 1899 4260 ᾐωρημένων
1946 4186 1969 4222 ’⁷
2003 4230 2018 4256 ,

368 4277 517 4333 Λέων
549 4274 1008 4351 Κουροπαλάτης,
1033 4276 1060 4329 6
1090 4280 1186 4331 τοῦ
1244 4277 1566 4354 Νικηφόρου
1626 4295 1907 4349 συναιμος,
1939 4274 2020 4355 ἐφ’

369 4369 549 4428 ἑστίας
580 4363 876 4435 καθεύδων,
906 4368 1005 4435 τήν
1039 4370 1135 4419 τοῦ
1188 4361 1427 4443 ἀδελφοῦ
1480 4367 1693 4443 σφαγὴν
1747 4362 2019 4444 διενηχη-

369 4458 500 4529 θεὶς,
532 4454 644 4511 διον
674 4455 844 4527 αὐτῷ,
903 4459 1113 4532 χρυσοῦ
1174 4454 1480 4527 θησαυροὺς
1510 4454 1825 4527 κεκτημένῳ
1851 4453 2023 4509 πολυ-

369 4546 693 4617 ταλάντους,
754 4545 889 4600 κατὰ
951 4541 1198 4623 ἄμφοδον
1256 4541 1606 4617 διασπείρειν,
1665 4545 1753 4598 καὶ
1804 4545 2020 4605 τούτοις

2199 4182 2253 4237 2.
2288 4182 2481 4238 Rebus
2508 4183 2590 4237 ita
2628 4182 2953 4254 suspensis,
2987 4184 3098 4237 Leo
3151 4182 3553 4253 Curopalates,
3606 4181 3774 4235 Nice-

2129 4272 2302 4344 phori
2329 4272 2530 4339 frater,
2563 4272 2722 4327 domi
2745 4271 3068 4342 dormiens,
3093 4288 3227 4326 cum
3258 4271 3581 4338 debuisset,
3597 4271 3777 4324 simul

2131 4368 2197 4418 ut
2217 4363 2289 4417 de
2320 4363 2478 4418 caade
2508 4363 2709 4418 fratris
2739 4361 3061 4426 audiverat,
3112 4362 3240 4415 auri
3262 4361 3594 4426 thesauros,
3626 4377 3773 4429 quos

2131 4452 2492 4526 pergrandes
2515 4452 2788 4517 habebat,
2810 4452 3078 4523 perviam
3101 4467 3394 4522 spargere,
3417 4450 3773 4520 plebemque

2132 4543 2445 4609 urbanam,
2474 4558 2543 4597 ea
2573 4559 2633 4598 re
2666 4541 3002 4605 excitatam,
3035 4540 3107 4594 ad
3152 4540 3440 4593 ultionem
3486 4540 3547 4592 in
3578 4545 3778 4609 tyran-

371 4638 499 4697 τους
550 4635 804 4695 ἀστικούς
853 4630 1212 4706 δεξιούμενον,
1270 4634 1341 4693 εἷς
1398 4629 1672 4703 ἐκδίκησιν
1729 4633 1864 4688 κατὰ
1920 4638 2016 4688 τῶκ

2136 4650 2243 4688 nos
2276 4632 2581 4703 impellere
2639 4630 2819 4701 (quod
2852 4630 2897 4684 si
2931 4629 3141 4683 inisset
3199 4628 3539 4691 consilium,
3572 4628 3773 4683 forsan

375 4726 644 4800 τυράννων
697 4720 1033 4797 παρακαλεῖν
1090 4722 1155 4794 (εἴ
1213 4721 1316 4797 γὰρ
1377 4720 1519 4776 οὓτω
1568 4718 1845 4793 διενοήθη,
1894 4723 2024 4800 τάχ’

374 4814 728 4889 ἂνὶάναιμωτὶ
777 4814 867 4867 τὸν
924 4813 1174 4882 Ἰωάννην
1227 4819 1332 4866 τῶν
1388 4812 1627 4890 ἀρχείων
1673 4812 2019 4868 κατέσπασεν.

374 4908 459 4961 ὅτι
488 4928 545 4961 τε
575 4906 627 4960 οἱ
656 4905 752 4965 τὰς
809 4910 909 4972 τῆς
966 4901 1251 4965 πολιτείας
1306 4900 1774 4981 ἐγκεχειρισμένοι
1796 4905 1816 4939 ⁸
1847 4903 2023 4981 ἀρχὰς

368 4997 504 5071 πρὸς
532 4999 629 5050 τοῦ
662 4993 984 5071 Νικηφόρου
1014 4992 1213 5052 ταύτας
1261 4990 1570 5070 εἰλήφεσαν
1627 4991 1717 5047 καὶ
1748 4992 1833 5046 ὅτι
1864 5013 2023 5067 στραο

369 5082 623 5139 τιωτικὸν
666 5080 969 5158 ἀξιόχρεων
1008 5085 1115 5133 τῶν
1169 5080 1257 5134 ὑπ’
1316 5078 1501 5151 ἐκείνῳ
1558 5078 1899 5156 τεταγμένων
1944 5084 2024 5150 τῷ

376 5175 652 5247 Βυυαντίῳ
698 5170 1083 5251 ἐπεχωρίαζενο
1136 5170 1189 5225 οἲ
1218 5171 1408 5232 πάντες
1467 5173 1618 5245 αὑτῷ
1678 5170 2023 5247 βουληθέντι,

2135 4723 2262 4777 sine
2294 4721 2597 4793 sanguinis
2629 4719 2914 4774 effusione
2944 4719 3231 4772 Joannem
3262 4718 3511 4787 imperio
3556 4717 3778 4788 pellere

2135 4812 2428 4882 potuisset
2456 4827 2468 4862 :
2502 4809 2659 4878 quod
2682 4808 2783 4877 qui
2816 4813 2955 4861 tunc
2983 4807 3363 4875 magistratus
3387 4807 3644 4877 majores
3675 4823 3778 4878 ge-

2135 4900 2474 4962 rebant,eos
2496 4916 2530 4953 a
2547 4897 2871 4967 Nicephoro
2890 4901 3241 4967 acceperant
3266 4912 3277 4949 :
3308 4902 3429 4950 tum
3456 4897 3596 4967 quia
3622 4895 3781 4950 haud

2136 4986 2728 5061 aspernandusmiles
2749 4987 2800 5040 ei
2819 4985 3090 5040 subditus
3105 4985 3615 5056 Constantinopoli
3636 4993 3781 5040 erat:

2137 5080 2235 5151 qui
2268 5077 2552 5141 universi,
2574 5074 2896 5129 dummodo
2928 5074 3246 5128 consilium
3277 5090 3509 5145 capere,
3542 5075 3783 5145 acrique

2136 5168 2335 5223 animo
2367 5182 2461 5220 res
2493 5179 2670 5219 novas
2702 5163 2903 5218 moliri
2954 5162 3255 5230 voluisset,
3292 5164 3342 5218 ei
3385 5168 3595 5234 praests
3638 5164 3786 5219 fuis-

1588 5308 1650 5365 C.
1686 5309 1746 5362 Β.
1791 5306 1983 5360 HASII
2021 5299 2572 5359 ANNOTATIONES.

445 5438 624 5512 ‘_Leg.
667 5430 1128 5512 .BIGQGDOISO’HCJ.
1154 5438 1220 5489 ut
1265 5435 1334 5486 25
1366 5476 1379 5489 .
1418 5435 1507 5512 'A.

373 5510 393 5545 ’¹
452 5500 798 5580 ἠωθῖῖνιμένων¹
822 5506 952 5562 cod.
1012 5500 1519 5581 ⁷⁸ἐγχειρισμένοι
1552 5502 1684 5558 cod.

450 5645 523 5712 (5)
558 5644 684 5696 Baec
713 5655 904 5711 usque
962 5638 1036 5694 ad
1100 5639 1194 5693 vb.
1253 5635 1583 5711 ἀνηγόρευον
1641 5636 2032 5693 Combefisius

378 5713 982 5858 “(cfzé'dgriﬁ'IL
1045 5783 1167 5835 663.
1204 5782 1267 5835 D.
1324 5779 1493 5853 μήπω
1553 5779 1814 5854 πρότερον
1874 5774 2027 5839 ὄντος

1611 5430 1659 5507 ⁵-
1694 5430 1970 5487 Mendose
2028 5428 2222 5507 εὖφυΰς
2280 5427 2406 5497 (sic)
2464 5423 2595 5479 cod.

3158 5422 3284 5478 Vid.
3346 5421 3500 5477 infra
3572 5422 3658 5476 71.
3718 5422 3785 5476 D.

2698 5420 2722 5456 ⁸
2749 5424 3047 5496 νεωτεριεῖν
3082 5463 3095 5477 .

2139 5636 2237 5688 τοῦ
2278 5630 2612 5702 ἀξιώματος,
2663 5622 2963 5702 ⁴ιξερώτουδ
2995 5627 3126 5681 αὐτὸ
3178 5632 3338 5681 τοῦτο
3398 5624 3780 5702 ἰφευρηκότος,

2139 5705 2250 5760 Sed
2280 5695 2392 5777 leg.
2421 5695 2642 5775 πρώτου
2675 5695 2722 5752 δ’
2746 5697 2932 5769 αὐτοῦ,
2958 5716 3081 5777 cum
3102 5703 3216 5769 ipse
3236 5695 3476 5771 primus,
3509 5695 3590 5754 exi
3609 5698 3781 5754 codd.

2146 5770 2444 5845 omnib'us,
2466 5770 2658 5829 sensu
2683 5787 2919 5842 quoque
2950 5770 3273 5845 ﬂagitante.
