4108 6198
316 425 434 489 795

1704 412 1982 483 LEONIS
2027 419 2347 482 DIACONI

3616 397 3738 478 796

318 562 503 627 sent):
559 558 683 623 ille,
716 556 788 612 ob
842 552 1311 627 magnitudinem
1361 551 1716 608 calamitatis
1764 557 1963 608 mente

2094 551 2166 605 ιαὶ
2222 552 2359 626 πρὸς
2430 548 2606 620 ἀλκὴν
2659 549 2753 605 καὶ
2804 549 3164 624 νεωτερισμὸν
3234 547 3551 624 ὡρμηκῦτι,
3610 568 3735 601 συνο

320 648 613 715 turbatus,
646 645 796 701 nihil
829 644 944 698 tale
973 659 1049 698 ne
1093 642 1293 697 animo
1323 640 1564 713 quidem
1597 641 1964 713 complexus,

2094 640 2266 713 ipavro
2316 638 2418 710 ἃν)·
2474 637 2622 694 ἀλλὰ
2682 638 2809 715 γὰρ,
2865 641 2947 709 τῷ
3003 635 3216 714 μεγέθει
3255 640 3353 691 τοῦ
3400 636 3610 697 πάθους
3637 637 3737 695 τάς

323 754 501 809 quam
532 734 724 806 potuit
747 732 1201 788 contentissima
1231 747 1409 787 cursu
1440 731 1501 785 in
1534 731 1795 787 nobilem
1820 730 1964 785 divi-

324 843 416 880 nm
447 823 760 895 Sapientiae
793 822 1106 877 ecclesiam
1138 838 1201 876 se
1242 820 1520 892 conjecit,
1568 819 1821 875 fortunae
1869 836 1964 875 ca-

325 914 536 983 suique
550 914 674 967 haec
695 911 1092 967 committens.
1113 911 1632 977 IntereaJoannes,
1648 915 1969 980 antequam

323 1002 481 1057 clare
512 1003 573 1056 in
602 1007 821 1057 terram
861 1001 1060 1056 radios
1091 1000 1181 1055 sol
1202 999 1542 1062 diffuderat,
1575 998 1651 1055 ad
1703 1015 1969 1054 summas

320 1091 556 1162 imperii
579 1090 898 1163 dignitates
919 1107 1056 1145 suos
1074 1089 1348 1144 homines
1370 1087 1602 1143 extollit
1621 1104 1633 1155 ;
1652 1092 1969 1159 praetorem

322 1181 504 1236 ofﬁcii
537 1180 822 1235 maritimi
844 1178 1254 1250 drungarium,
1286 1177 1527 1249 vigilum
1560 1176 1968 1248 praepositum,

322 1276 381 1325 et
410 1286 587 1341 quem
619 1269 812 1324 noctis
842 1267 1185 1339 praefectum
1216 1271 1448 1331 vocant,
1484 1265 1972 1336 Nicephorianos,

321 1358 397 1413 ab
428 1360 569 1429 Rep.
604 1362 905 1412 removet:
936 1356 1065 1423 hos,
1099 1360 1163 1410 et
1219 1355 1560 1426 quicunque
1610 1353 1698 1407 illi
1726 1353 1970 1425 propin-

323 1446 648 1517 quitatibus
678 1445 781 1499 96
811 1443 1116 1515 conjuncti
1151 1447 1340 1509 erant,
1388 1442 1462 1497 ad
1493 1441 1719 1512 praedia
1766 1457 1973 1496 eorum

325 1536 565 1604 rustica,
592 1540 660 1588 ut
686 1534 765 1588 ibi
806 1533 1106 1606 degerent,
1149 1532 1450 1587 amandat.
1490 1533 1752 1586 Fratrem
1803 1530 1972 1585 Nice-

326 1623 520 1695 phori,
557 1623 811 1677 Leonem
851 1620 1289 1692 Curopalatam,
1323 1625 1383 1675 et
1437 1619 1833 1690 Nicephorum
1865 1620 1972 1673 Pan

327 1712 588 1777 tricinm,
622 1711 831 1766 Leonis
862 1711 947 1776 F.,
979 1708 1053 1764 de
1084 1708 1350 1780 corporis
1393 1708 1804 1763 incolumitate
1856 1706 1974 1762 fide

330 1801 488 1864 data,
520 1800 938 1870 Methymnam.
960 1799 1120 1870 quod
1143 1804 1230 1853 est
1262 1798 1324 1853 in
1356 1797 1538 1852 Lesbo
1572 1797 1770 1852 insula
1807 1796 1975 1868 oppi-

2068 724 2260 806 φρένας
2291 726 2624 801 έκθροηθεὶς,
2655 730 2817 782 τοῦτο
2868 726 2961 800 μέν
2992 723 3107 780 οὐδ’
3136 723 3223 781 ἐπὶ
3278 728 3400 780 νοῦν
3453 718 3653 779 ἔλαϐεν
3685 726 3732 783 ⁸,

2069 816 2145 879 ὡς
2202 818 2327 896 εἶχε
2382 814 2439 871 δὲ
2492 813 2712 891 δρόμων
2757 816 2849 871 τὸν
2890 816 3220 890 περίπυστον
3275 821 3378 884 τῆς
3426 818 3526 869 τοῦ
3576 818 3715 869 Θεοῦ

2072 905 2275 985 Σοφὶας
2305 899 2715 979 καταλαμϐάνει
2764 905 2950 975 σηκὸν,
3130 903 3279 981 τύχῃ
3338 901 3428 957 καὶ
3476 904 3550 976 τῇ
3581 905 3727 981 φορᾷ

2069 1000 2179 1049 τῶν
2208 996 2549 1072 πραγμάτων
2577 998 2744 1050 ταῦτα
2789 991 3126 1048 καταλιπων.
3189 993 3247 1046 ⁸0
3304 988 3361 1046 δέ
3414 1012 3479 1069 γε
3542 990 3734 1048 Ἰωάν-

2071 1104 2190 1153 νης,
2217 1084 2343 1158 πρὶν
2374 1082 2670 1160 τηλαυγῶς
2697 1086 2766 1157 τῇ
2798 1086 2871 1157 γῇ
2901 1082 2999 1143 τὰς
3047 1081 3265 1142 ἀκτῖνας
3320 1077 3736 1161 προσυφαπλῶ-

2073 1191 2162 1225 σαι
2196 1173 2290 1226 τὸν
2318 1170 2503 1242 ἣλιον,
2536 1177 2659 1233 ταῖς
2693 1172 2975 1249 μεγίσταις
3033 1178 3133 1241 τῆς
3189 1167 3473 1227 πολιτείας
3522 1168 3732 1248 ἀρχαῖς

2076 1258 2311 1323 οῗκείους
2371 1257 2566 1335 ἄνδρας
2650 1260 3066 1332 ἀποκαθίστησι,
3142 1260 3449 1335 πραίτωρα,
3506 1258 3731 1313 καὶτοῦ

2073 1348 2320 1425 πλοίμου
2352 1346 2736 1428 δρουγγάριον,
2767 1352 2866 1419 τῆς
2895 1371 2953 1405 τε
3007 1348 3234 1428 βίγλης,
3265 1348 3358 1404 καὶ
3388 1349 3445 1403 ’ὸν
3498 1345 3737 1403 καλοῦσι

2073 1438 2620 1518 νυκτέπαρχον,τοί›ς
2666 1442 2763 1495 τοῦ
2822 1440 3167 1519 Νικηφόρου,
3223 1438 3728 1513 παραιτησάμενος·

2077 1527 2174 1589 οὓς
2203 1522 2318 1600 ἅμα
2344 1533 2462 1588 τοῖς
2491 1525 2542 1597 ἐξ
2602 1524 2833 1601 α’ίματος
2886 1525 3098 1598 ᾳκείνου
3158 1527 3447 1597 ἀνήκουσιν
3500 1523 3552 1579 ἐν
3602 1530 3726 1587 τοῖς

2075 1616 2352 1697 σφετέροις
2410 1617 2604 1694 ἀγροῖς
2662 1612 2957 1691 διατρίϐειν
3011 1615 3354 1692 παρέπεμψε.
3393 1615 3608 1677 Πίστεις
3674 1637 3736 1671 τε

2077 1711 2155 1779 τῷ
2182 1711 2278 1763 τοῦ
2322 1705 2722 1781 αὐτοκράτορος
2745 1714 2785 1761 Ν
2797 1707 3061 1787 ιοιηφόρου
3093 1705 3358 1781 ὁμαίμονι
3417 1705 3605 1761 Λέοντι
3652 1707 3737 1776 τῷ

2079 1793 2500 1870 Κουροπαλάτῃ,
2543 1794 2633 1850 καὶ
2690 1796 2989 1875 Νικηφόρῳ
3042 1795 3322 1871 Πατρικίῳ
3369 1798 3452 1867 τῷ
3495 1794 3603 1865 υίῷ
3630 1794 3735 1847 τοῦ

328 1890 492 1954 dum,
543 1888 798 1960 relegat:
847 1887 1157 1959 praefectos
1214 1887 1484 1942 omnium
1534 1887 1971 1958 provinciarum

2094 1884 2330 1942 τοιούτου
2362 1883 2756 1960 Λέοντος,περὶ
2791 1885 2839 1921 ¹⁰
2894 1889 3002 1940 τῶν
3059 1906 3207 1965 σφων
3260 1882 3530 1958 σωμάτων
3588 1881 3738 1937 ἀπα-

327 1978 587 2045 devocat,
621 1994 761 2032 suos
792 1977 1065 2032 homines
1096 1977 1157 2031 in
1185 1993 1393 2032 eorum
1422 1976 1617 2032 locum
1644 1974 1969 2031 substituit.

326 2067 668 2139 Eodemque
691 2074 958 2138 tempore
989 2066 1259 2130 Bardam,
1282 2066 1537 2122 alterum
1560 2066 1767 2121 Leonis
1797 2065 1975 2120 Curo.

327 2157 540 2228 palatae
571 2158 655 2225 F.,
688 2173 719 2212 e
748 2157 1133 2227 patriciorum
1173 2172 1445 2223 numero,
1478 2154 1648 2211 ducis
1688 2154 1974 2228 dignitate

328 2252 625 2314 ornatum,
654 2252 913 2317 tuncque
946 2245 1101 2317 apud
1133 2245 1474 2301 Chaldaeum
1505 2244 1756 2299 limitem
1786 2261 1974 2317 agen-

331 2341 474 2403 tem,
506 2336 746 2407 dempto
779 2335 987 2391 ordine
1011 2335 1389 2398 discinctum,
1413 2334 1713 2390 Amasiam
1746 2335 1807 2389 in
1828 2334 1977 2389 exsi~

332 2424 481 2479 lium
513 2424 714 2478 mittit.
748 2422 895 2477 Cum
927 2438 1063 2495 ergo
1096 2427 1222 2477 tum
1261 2422 1397 2487 sibi,
1438 2427 1565 2476 tum
1623 2420 1803 2476 rebus
1833 2420 1978 2489 suis,

338 2514 484 2569 satis
516 2513 938 2583 prospexisset,
971 2528 1039 2567 ac
1068 2511 1358 2582 quidquid
1380 2516 1722 2582 suspectum
1754 2510 1985 2567 videba-

338 2608 456 2666 tur,
490 2615 521 2653 e
553 2601 785 2655 civitate
810 2599 1089 2654 amolitus
1111 2606 1270 2655 esset
1290 2601 1351 2655 in
1378 2599 1598 2671 palatio
1618 2599 1980 2659 morabatur.

338 2693 577 2744 Annum
608 2693 734 2742 tum
765 2688 955 2743 astatis
984 2688 1191 2760 agebat
1222 2690 1498 2758 quintum
1528 2705 1708 2760 supra
1727 2688 1979 2760 quadra-

337 2778 651 2852 gesimum,
683 2792 819 2832 cum
845 2792 1045 2831 rerum
1075 2793 1372 2832 summam
1403 2778 1739 2850 capessivit.

2079 1975 2225 2038 θείας
2256 1972 2407 2045 δοὺς,
2467 1974 2521 2038 ές
2578 1977 2896 2049 Μήθυμναν,
2949 1978 3048 2046 τήν
3104 1975 3157 2031 ἐν
3213 1970 3403 2047 Λέσϐῳ
3458 1978 3530 2048 τῇ
3582 1974 3741 2045 νήσῳ

2077 2063 2487 2139 κατῳκισμένην
2521 2109 2536 2135 ,
2592 2065 2913 2139 περιορίζει.
2984 2064 3115 2127 τούς
3171 2084 3229 2120 τε
3282 2062 3570 2142 τοπάρχας
3625 2066 3736 2118 τῶν

2082 2157 2284 2235 χώρων
2310 2155 2558 2211 ἀπάντων
2591 2155 2900 2229 μεθίστησι,
2956 2154 3047 2210 καὶ
3081 2153 3314 2235 οἰκείους
3346 2154 3459 2209 ἀντ’
3514 2151 3737 2208 ἐκείνων

2082 2230 2496 2316 ἀποκαθίστησι.
2529 2244 2669 2302 Τότε
2715 2241 2782 2316 δὴ
2837 2244 2930 2300 καὶ
2962 2230 3195 2320 Βάρδαν,
3239 2242 3333 2299 τὸν
3385 2247 3483 2298 τοῦ
3531 2249 3738 2318 Κουρο-

2083 2332 2333 2391 παλάτου
2382 2333 2608 2398 Λέοντος
2662 2334 2801 2406 υἱὸν,
2859 2332 2911 2389 έν
2957 2334 3268 2409 πατρικίοις
3322 2331 3607 2399 τελοῦντα,
3637 2330 3735 2386 καὶ

2085 2425 2184 2494 τήν
2232 2427 2331 2479 τοῦ
2388 2420 2580 2486 δουκὸς
2636 2422 2784 2493 ἀξίαν
2843 2421 3219 2497 ὑπεζωσμένον
3252 2466 3267 2493 ,
3314 2422 3412 2477 κὰν
3458 2425 3578 2483 τοῖς
3630 2424 3736 2486 τῆς

2089 2501 2370 2574 Χαλδαίας
2401 2512 2574 2587 ὁρίοις
2604 2506 2968 2587 διατρίϐοντα,
2999 2518 3103 2582 τῆς
3146 2510 3332 2590 ἀρχῆς
3384 2510 3738 2587 παγανώσας,

2090 2601 2168 2666 εἰς
2216 2600 2508 2675 ’Ἀμάσειαν
2560 2602 2862 2677 περιορίζει
2895 2616 2910 2635 ⁵
2977 2602 3188 2672 Ἰκτνήν
3245 2600 3341 2655 οὖν
3370 2601 3448 2673 (7)
3506 2597 3746 2677 ἐντεῦθεν

2096 2693 2181 2765 [Ρ.
2241 2693 2331 2763 59]
2390 2687 2687 2770 ἀσφάλειαν
2742 2691 2917 2763 ἑαυτῷ
2967 2710 3027 2745 τε
3098 2688 3189 2744 καὶ
3245 2694 3365 2750 τοῖς
3419 2689 3743 2764 πράγμασιν

2093 2773 2515 2854 έπιόραϐεύσας,
2560 2779 2652 2835 καὶ
2709 2778 2849 2835 ἅπαν
2892 2779 2955 2834 τὸ
3013 2779 3253 2835 ὕποπτον
3301 2783 3403 2846 τῆς
3460 2774 3753 2835 πολιτείας

339 2861 693 2949 ἀνακαθάρας,
726 2862 777 2918 ἐν
804 2868 921 2926 τοῖς
958 2862 1264 2940 βασιλείοις
1297 2860 1551 2940 διέτριϐε.
1582 2865 1837 2940 Πέμπτον
1864 2865 1956 2922 καὶ
1983 2869 2409 2942 τεσσαρακοστὸν
2458 2864 2577 2931 ἔτος
2622 2870 2689 2938 ἧν
2717 2867 2865 2942 αὐτῷ
2891 2874 2992 2939 τῆς
3020 2866 3268 2939 ἡλικίας,
3325 2868 3423 2922 ὅτα
3449 2872 3552 2949 τῆς
3580 2867 3747 2941 βασιο

340 2951 490 3010 λείου
520 2948 688 3025 ἐπέϐη
729 2951 932 3032 ἀρχῆς.

410 3071 463 3125 3.
497 3069 664 3136 Quod
711 3070 786 3126 ad
843 3071 1105 3143 speciem
1161 3070 1291 3142 ejus
1346 3072 1580 3141 attinet,
1636 3071 1775 3128 talis
1816 3078 1987 3129 erat:

2171 3074 2239 3151 γ’.
2270 3076 2379 3145 Τὴν
2429 3068 2486 3129 δὲ
2514 3070 2656 3128 ἰδέαν
2710 3070 2928 3129 τοιόσδε
2977 3074 3044 3143 ἧν
3099 3076 3194 3147 (8).
3250 3070 3445 3133 λευκὸς
3507 3071 3603 3145 μὲν
3650 3070 3754 3139 τήν

338 3159 535 3215 vultus
565 3159 877 3229 candidus,
906 3159 1077 3231 probi
1099 3159 1350 3215 coloris:
1378 3177 1548 3216 coma
1578 3160 1821 3224 ﬂavens,
1854 3176 1987 3215 rara

2108 3147 2252 3237 ὄψιν,
2308 3162 2399 3218 καὶ
2447 3163 2684 3241 εὕχρους
2718 3205 2734 3231 ,
2792 3165 2891 3233 τὴν
2948 3163 3128 3237 κόμην
3183 3160 3359 3242 φέρων
3414 3161 3605 3230 ξανθὴν
3658 3157 3754 3213 καὶ

336 3266 442 3322 per
469 3248 727 3305 frontem
759 3266 772 3304 :
805 3249 961 3305 oculi
992 3265 1179 3318 acres,
1226 3249 1464 3306 caarulei
1494 3266 1507 3304 :
1558 3265 1741 3305 nasus
1773 3249 1989 3322 graciis

340 3343 398 3393 et
419 3340 599 3410 justaa
648 3338 1074 3411 magnitudinis
1103 3355 1116 3393 :
1173 3339 1358 3394 barba
1388 3339 1451 3394 in
1483 3339 1789 3411 superiore
1822 3338 1988 3394 labro

343 3428 476 3483 rufa
515 3433 575 3482 et
602 3427 677 3483 ad
707 3428 863 3484 latus
895 3429 1081 3484 nimio
1110 3427 1243 3500 plus
1274 3429 1576 3501 depressa,
1611 3428 1673 3484 in
1702 3428 1986 3484 inferiore

339 3516 509 3571 bonae
537 3518 1062 3589 convenientisque
1085 3534 1403 3585 mensura),
1434 3519 1587 3573 nihil
1617 3517 1990 3574 decurtatum

340 3605 587 3661 habens.
607 3607 772 3672 Quod
803 3607 877 3662 ad
924 3613 1233 3674 staturam,
1265 3613 1505 3678 pectore
1554 3608 1696 3664 licet
1727 3613 1786 3663 et
1813 3612 1991 3664 dorso

340 3697 494 3751 bene
526 3695 685 3760 latis,
716 3695 971 3766 pusillus
1002 3702 1202 3751 tamen
1242 3696 1587 3752 videbatur:
1620 3696 1725 3752 sed
1756 3702 1883 3753 erat
1928 3697 1993 3752 in

341 3784 587 3839 homine
614 3784 956 3857 giganteum
1005 3783 1206 3851 robur,
1262 3784 1325 3839 in
1364 3785 1642 3840 manibus
1673 3784 1905 3857 agilitas
1936 3790 1996 3840 et

342 3874 428 3929 vis
452 3874 748 3945 quaedam,
771 3878 979 3928 contra
1008 3889 1186 3945 quam
1206 3873 1484 3929 resistere
1509 3890 1725 3930 vanum
1747 3874 1992 3929 fuisset:

349 3964 496 4029 hazc,
517 3967 680 4018 tanta
696 3968 919 4034 quanta
940 3962 1001 4017 in
1031 3962 1312 4017 heroibus
1326 3962 1511 4018 fuisse
1533 3963 1769 4028 dicitur,
1795 3962 1995 4018 animo

346 4055 477 4127 ejus
503 4053 777 4123 admista,
810 4059 973 4109 metu
1003 4069 1232 4123 carens,
1266 4052 1528 4109 adversis
1569 4054 1666 4110 97
1725 4055 1993 4121 immota,

347 4144 759 4201 incredibilem
789 4145 852 4200 in
906 4150 1025 4200 tam
1075 4144 1285 4217 exiguo
1344 4160 1590 4216 corpore
1629 4144 1899 4217 pariebat
1923 4144 1995 4198 fi-

349 4235 633 4291 dentiam.
664 4236 732 4289 In
763 4233 1093 4290 confertam
1118 4233 1377 4289 hosiium
1406 4233 1663 4290 frontem
1681 4251 1801 4290 non
1823 4234 1995 4288 time-

347 4325 451 4381 bat
481 4326 643 4380 solus
697 4324 1030 4396 irrumpere
1061 4367 1076 4393 ,
1110 4323 1637 4395 compluribusque
1667 4321 1999 4379 interfectis

347 4415 638 4488 praecipiti
670 4414 972 4470 celeritate
994 4412 1068 4468 ad
1100 4430 1343 4468 suorum
1365 4413 1555 4469 aciem
1586 4413 1904 4469 incolumis
1936 4430 1998 4469 se

348 4505 700 4577 recipiebat:
721 4503 898 4573 saltu,
914 4503 1057 4575 pila,
1065 4502 1638 4575 jaculatione,arcus
1657 4503 1997 4559 intentione

2099 3251 2291 3326 ἀραιὰν
2320 3250 2409 3307 ἐπὶ
2445 3249 2714 3325 μέτωπον·
2773 3248 3053 3331 ὀφθαλμοὶ
3082 3251 3260 3323 τούτῳ
3318 3246 3608 3325 ἀνδρώδεις
3652 3246 3749 3302 καὶ

2100 3341 2379 3421 χαρωποί·
2431 3339 2514 3416 ῥὶς
2576 3339 2750 3412 λεπτή
2842 3361 2902 3396 τε
2964 3340 3054 3396 καὶ
3112 3340 3443 3414 σύμμετρος·
3495 3337 3648 3417 γένυς
3705 3339 3743 3407 ἡ

2099 3427 2296 3484 ἀνωθεν
2344 3429 2549 3503 πυρσή,
2589 3426 2681 3482 καὶ
2737 3427 2813 3490 είς
2861 3425 3116 3483 πλαίσιον
3173 3425 3465 3501 καθειμένη
3501 3430 3541 3464 ¹¹
3597 3426 3749 3501 παρᾶ

2098 3519 2162 3574 τὸ
2189 3518 2430 3594 μέτριον,
2461 3520 2497 3587 ἡ
2530 3514 2589 3573 δὲ
2629 3520 2865 3573 κατωθεν
2921 3515 3305 3593 μεμετρημένη
3339 3517 3415 3581 ὡς
3458 3517 3522 3572 τὸ
3577 3516 3749 3585 είκὸς,

2101 3608 2193 3664 καὶ
2227 3609 2364 3683 μήτι
2392 3604 2583 3668 ἐνδεῶς
2614 3605 2837 3686 ἔχουσα.
2872 3608 2984 3678 Τὴν
3041 3603 3098 3662 δὲ
3151 3604 3371 3676 ἡλικίαν
3421 3604 3636 3684 βραχὺς
3666 3625 3751 3667 τις

2101 3698 2189 3767 ἧν,
2222 3697 2268 3752 εί
2324 3696 2417 3752 καὶ
2471 3695 2683 3771 στέρνον
2740 3695 2865 3771 εὐρὺ
2920 3695 3013 3750 καὶ
3068 3696 3394 3775 μετάφρενον
3448 3695 3592 3774 εἶχε·
3655 3716 3747 3773 γι-

2104 3784 2386 3865 γαντώδης
2412 3783 2468 3841 δὲ
2490 3785 2668 3859 τούτῳ
2719 3785 2842 3851 ἐνῆς
2876 3784 3058 3864 ἰσχὺς,
3105 3787 3197 3840 καὶ
3252 3789 3372 3846 ταῖς
3422 3785 3607 3864 χερσὶν
3668 3784 3753 3840 εὖ-

2103 3876 2341 3954 αγωγία,
2370 3875 2462 3931 καὶ
2504 3873 2647 3945 ἀλκὴ
2701 3894 2785 3937 τις
2829 3873 3310 3951 ἀνανταγώνιστος·
3359 3876 3575 3949 ἡρωϊκή
3634 3873 3743 3951 γὰρ

2104 3964 2254 4038 αὗτῷ
2303 3967 2380 4038 (9)
2439 3962 2779 4038 ἀνέκέκρατο,
2836 3959 3000 4033 ἀδεής
3056 3983 3115 4018 τε
3158 3961 3250 4018 καὶ
3308 3959 3754 4034 ἀκατάπληκτος.

2106 4053 2157 4110 ἐν
2188 4054 2333 4110 οὓτω
2393 4055 2598 4131 βραχεῖ
2643 4052 2860 4126 σώματι
2890 4048 3319 4129 ἀποδεδειγμένη
3348 4049 3562 4125 τόλμαν
3597 4052 3758 4127 ὑπερ-

2107 4152 2238 4224 φυῆο
2272 4145 2357 4206 Ἐς
2388 4141 2524 4214 ὅλην
2556 4143 2660 4218 γὰρ
2693 4139 2985 4197 ἀντίπαλον
3015 4139 3276 4221 φάλαγγα
3323 4139 3423 4196 οὐκ
3474 4138 3760 4198 ἀπεδειλία

2112 4235 2274 4308 μόνος
2328 4233 2522 4307 ὁρμᾷν,
2579 4228 2872 4291 πλείστους
2927 4250 2987 4284 τε
3051 4228 3419 4285 κατακταίνων
3449 4230 3535 4300 1³,
3591 4230 3761 4286 ἀπτε-

2111 4324 2271 4399 ρώτῳ
2316 4321 2478 4399 τάχει
2563 4318 2702 4393 πρὸς
2781 4318 2873 4374 τὸν
2931 4317 3132 4374 οἰκεῖον
3182 4319 3336 4379 αὗθις
3388 4319 3761 4393 συνασπισμὸν

2112 4408 2493 4484 διανέκαμπτε,
2525 4413 2706 4463 κακῶν
2737 4408 2969 4479 ἀπαθής·
3015 4407 3068 4462 ἐν
3119 4402 3329 4482 ἅλματι
3358 4409 3470 4481 (10)
3530 4404 3609 4475 δὲ,
3661 4406 3757 4463 καὶ

2113 4503 2466 4580 σφαιρισμοῖς
2501 4541 2515 4568 ,
2572 4495 2664 4552 καὶ
2720 4496 3093 4572 ἀκοντισμοῖς,
3142 4498 3236 4551 καὶ
3288 4496 3460 4568 τόξων
3525 4494 3765 4553 ἐντάσεσι

1559 4706 1624 4761 C.
1655 4704 1724 4761 B.
1763 4701 1949 4757 HASII
1988 4699 2549 4759 ANNOTATIONES.

426 4890 448 4926 ⁸
477 4882 688 4963 ἔλαϐεν.
722 4890 880 4963 Fort-
912 4884 1159 4963 €6alsv._
1188 4889 1397 4963 Odyss.
1432 4896 1498 4947 Α.
1555 4893 1684 4955 201,
1734 4894 1866 4960 202,
1920 4890 1987 4952 ὡς

2094 4887 2113 4943 ὶ
2170 4891 2331 4963 θυμῷ
2388 4886 2672 4963 ’Δθάνατοι
2730 4880 3021 4963 βάλλουσι.

3130 4885 3187 4963 ¹⁴ξ
3204 4883 3329 4963 περί
3386 4888 3584 4963 malim
3640 4886 3769 4963 περὶ

356 4965 474 5030 τῆς.
555 4961 601 4998 ¹¹
631 4958 916 5035 καθημένη
949 4962 1080 5018 cod.
1115 4960 1163 4999 ¹²
1190 4955 1593 5034 κατακταίνων,
1624 4955 1946 5039 ἀπτερώτῳ.
1981 4966 1987 5018 1

2096 4961 2227 5019 cod.
2244 4955 2417 5018 Ἕω.
2448 4955 2843 5029 κατακτέννων,
2875 4955 3092 5031 ἀπτέρῳ
3119 4961 3201 5029 τῷ
3228 4959 3406 5032 τάχει.
3441 4960 3535 5016 Sic
3553 4955 3772 5034 ἀπτέρῳ

432 5160 509 5234 (7)
541 5160 774 5234 Exitum
801 5161 982 5233 hujus
1014 5161 1224 5234 capitis
1261 5163 1653 5223 Combeﬁsius
1704 5163 1880 5219 vertit
1913 5178 2010 5234 ap.

362 5234 500 5290 Pan.
534 5233 626 5287 IV.
660 5235 750 5290 22.

433 5304 507 5374 (8)
542 5304 677 5377 Haec
709 5320 778 5359 ex
810 5304 1097 5377 scriptore
1118 5310 1340 5377 nostro
1394 5307 1689 5361 contraxit
1716 5304 2013 5377 Scylitzes,

363 5375 792 5447 subjunxitque
822 5377 885 5430 in
920 5376 1170 5432 historia
1198 5393 1310 5432 ms.
1362 5377 1690 5433 narrationi
1722 5375 1803 5431 de
1825 5381 2016 5430 morte

2126 5178 2238 5242 sese
2266 5160 2682 5242 nescioquar‘e
2711 5157 3116 5242 prastermisit,
3149 5162 3216 5242 ut
3255 5158 3435 5242 igitur
3478 5158 3539 5230 in
3579 5158 3773 5214 Leone

2124 5234 2412 5289 duntaxat
2441 5230 2591 5286 etin
2623 5230 2871 5301 Scylitza
2900 5245 3012 5287 ms.
3053 5230 3306 5285 exstent.

2129 5378 2162 5383 _
2196 5310 2269 5383 (9]
2304 5303 2554 5383 Scylitza
2566 5301 2733 5383 addit
2759 5301 2939 5383 ψυχή,
2959 5316 3030 5383 ac
3047 5300 3302 5383 fortasse
3320 5302 3405 5383 sic
3433 5300 3777 5383 legendum.

2129 5370 2312 5450 Paulo
2332 5370 2497 5450 post,
2529 5377 2617 5429 97.
2648 5373 2759 5450 lin.
2776 5370 3104 5450 '3fScylitza
3132 5371 3313 5450 habet
3337 5370 3565 5450 ἀπτέρξρ-
3590 5372 3779 5450 τάχει,

362 5444 659 5519 Tzimiscaa
690 5444 711 5501 Ξ
738 5465 868 5519 qum
912 5446 1295 5519 terminatur
1326 5448 1429 5519 sic.
1489 5448 1577 5501 καὶ
1612 5449 2021 5519 Κωνσταντῖνρν
2129 5448 2287 5503 unde
2320 5444 2593 5503 firmatur
2620 5445 2966 5519 conjectura
2993 5460 3128 5500 mea
3156 5445 3231 5500 ad
3251 5461 3419 5519 oram
3450 5444 3606 5519 (vide
3628 5444 3780 5519 quo-

363 5520 491 5581 τοῦς
524 5514 722 5578 παῖδας
756 5514 856 5571 τοῦ
886 5520 1186 5588 Ῥωμανοῦ.
1239 5518 1378 5573 Vide
1415 5520 1663 5576 Cedren.
1698 5520 1766 5575 II.
1802 5519 1925 5575 684.
1956 5516 2018 5572 Β.

367 5593 671 5649 Cedrenus
698 5598 919 5653 autem,
955 5605 1087 5645 cum
1131 5591 1334 5645 omnia
1365 5591 1615 5648 minima
1662 5591 1919 5647 maxima
1949 5588 2023 5645 ad

368 5665 619 5736 verbum
646 5679 677 5717 e
703 5663 953 5736 Scylitza
980 5664 1042 5717 in
1057 5662 1264 5736 ipsius
1287 5664 1716 5736 compendium
1748 5662 2022 5736 historia-

365 5753 505 5795 rum
527 5732 800 5805 referret,
825 5741 1025 5792 tamen
1056 5732 1183 5791 hinc
1209 5734 1282 5791 de
1312 5732 1502 5792 forma
1524 5753 1595 5795 ac
1615 5735 1812 5810 specie
1827 5732 2030 5790 Tzimi-

2132 5535 2273 5605 q‘ue'
2299 5535 2478 5605 supra
2520 5519 2609 5603 ξιο.
2661 5514 2745 5570 Di
2787 5514 2895 5571 lin.
2946 5515 3363 5588 antepenult.),
3396 5514 3467 5571 et
3491 5514 3630 5589 πρὸς
3648 5514 3787 5577 τοὺς

2135 5585 2389 5649 οἷκεέουξ
2405 5585 2819 5660 διανέκαμπτεν·

2207 5664 2319 5735 (10)
2350 5652 2887 5733 δογὶίῐιᾶ,’ἀλμασι.
