4108 6198
355 433 471 494 797

1695 430 2092 493 HISTORIE
2132 430 2281 491 LIB.
2328 432 2431 491 VI.

3646 435 3762 493 798

352 563 442 618 καὶ
508 562 702 638 βολαῖς
734 608 749 633 ,
802 564 1015 618 πάντων
1100 563 1492 640 κατηυμεγέθει
1548 568 1655 618 τῶν
1710 565 1846 618 κατὰ
1894 563 1994 631 τήν

2123 564 2376 634 etjactu,
2412 581 2617 619 omnes
2648 564 2808 620 illius
2841 566 3030 620 mtatis
3077 565 3412 635 superabat.
3449 568 3521 622 Ut
3550 567 3762 633 fertur,

356 655 525 723 αὐτὴν
555 655 742 727 γενεάν
774 657 905 727 (11).
955 655 1201 728 Λέγεται,
1257 654 1331 717 ὡς
1392 653 1626 726 κέλητας
1681 652 1886 715 ’ίππους
1919 658 2008 708 τέ-

353 764 521 817 ταρας
555 740 856 818 στοιχηδὸν
888 744 1058 809 ὶστας,
1119 743 1179 797 ἐκ
1232 747 1329 797 τοῦ
1365 743 1588 820 θατέρου
1624 743 1820 816 μέρους
1879 744 2008 796 καθ-

355 831 690 904 αλλόμενος,
752 831 838 886 ἐπὶ
895 833 984 886 τὸν
1045 832 1292 905 πύματον
1355 835 1466 905 (12)
1529 832 1602 893 ὥς
1667 853 1748 893 τις
1805 831 2008 900 πτηνὸς

356 923 589 1003 ἐφίζανε.
637 922 804 986 Βέλος
863 946 921 979 τε
981 924 1158 1000 ἀφιεὶς
1226 925 1372 978 οὕτω
1432 924 1858 998 κατεστοχάζετο
1911 926 2007 974 τοῦ

356 1021 588 1088 σκοποῦ,
648 1016 722 1078 ὡς
791 1013 880 1071 διὰ
950 1014 1242 1070 δακτυλίου
1300 1016 1439 1085 ὀπῆς
1503 1015 1634 1070 ἰέναι
1694 1013 2005 1068 ἀπευθῦνειν

354 1105 510 1159 αὐτό·
564 1109 825 1159 τοσοῦτον
887 1100 1229 1179 ὑπερέϐαλλε
1279 1105 1371 1159 καὶ
1427 1105 1517 1158 τὸν
1573 1105 1701 1177 παρ’
1757 1103 2007 1176 Ὀμήρου

360 1194 888 1273 μεγαλαυχούμενον
939 1196 1241 1265 νησιώτην,
1272 1197 1362 1248 τὸν
1421 1191 1512 1249 διὰ
1565 1199 1675 1249 τῶν
1734 1190 2005 1248 πελέκεων

350 1286 445 1338 τὸν
505 1283 685 1337 ὀϊστὸν
717 1284 762 1318 ‘3
821 1282 1188 1346 διευθῦναντα.
1257 1286 1496 1360 Σφαῖραν
1554 1303 1610 1336 τε
1667 1281 1726 1336 ἐκ
1782 1280 2010 1343 σκύτους

352 1371 816 1449 κατειργασμένην
849 1372 1062 1428 ὑελίνου
1111 1373 1345 1452 σκύφους
1405 1372 1458 1427 ἐν
1513 1377 1593 1444 τῷ
1623 1372 1856 1445 πυθμένι
1890 1370 2009 1424 ἐπι-

350 1464 546 1531 τιθεὶς,
583 1465 768 1537 μύωπί
797 1485 854 1518 τε
883 1465 972 1518 τὸν
1002 1462 1172 1519 ἵππον
1227 1463 1516 1537 κεντρίζων
1559 1463 1645 1516 καὶ
1678 1462 1769 1516 τὸν
1801 1459 2005 1535 δρόμον

355 1551 727 1626 ἐπιταχύνων,
761 1547 946 1625 ῥάϐδῳ
1006 1552 1180 1606 παίων
1216 1553 1315 1620 τήν
1370 1557 1618 1628 σφαῖραν,
1680 1550 1849 1620 αὐτὴν
1910 1550 2004 1621 μὲν

352 1641 716 1716 ἆναθρώσκειν
775 1643 864 1695 καὶ
927 1641 1181 1696 πέτασθαι
1236 1641 1643 1716 κατειργάζετο·
1701 1639 1765 1694 τὸ
1821 1637 1878 1693 δὲ

356 1735 560 1806 σκῦφος
644 1730 1037 1802 ἀμετακίνητον
1121 1731 1210 1786 καὶ
1269 1730 1562 1806 ἄθραυστον
1621 1729 1758 1783 κατά
1815 1729 2002 1807 χώραν

361 1819 534 1894 μένειν
568 1819 854 1892 ἐλίμπανε.
900 1817 1298 1895 Μεγαλὸδωρύς
1357 1823 1467 1892 (13)
1520 1840 1580 1873 τε
1637 1819 1727 1872 καὶ
1760 1815 2005 1892 φιλοδω-

2119 654 2288 723 equis
2341 654 2684 710 desultoriis
2722 672 2775 708 ιν
2807 660 3038 725 aequata
3075 655 3268 709 fronte
3328 655 3656 720 collocatis,
3690 655 3762 710 ab

2115 759 2234 797 una
2283 749 2446 814 parte
2509 745 2792 810 emicans,
2842 744 2901 798 in
2950 744 3292 808 novissimo,
3327 744 3426 814 qui
3487 746 3546 798 in
3577 745 3766 799 altera

2119 839 2281 902 parte
2305 839 2449 896 erat,
2478 838 2758 904 tanquam
2783 833 3035 887 volucris
3066 833 3284 903 aliquis
3317 832 3603 887 subsedit.
3634 835 3762 904 Spi-

2119 923 2318 977 culum
2352 925 2629 978 emittens
2660 925 2740 979 ita
2786 923 3128 978 collimabat
3159 922 3218 977 in
3253 940 3520 994 scopum,
3555 930 3618 977 ut
3657 941 3764 994 per

2119 1013 2324 1066 annuli
2345 1013 2608 1067 foramen
2635 1013 3096 1084 illudtrajiceret
3122 1018 3313 1067 :tanto
3339 1013 3760 1083 superabatvel

2119 1101 2442 1156 insularem
2469 1102 2638 1156 illum
2662 1103 2732 1157 ab
2761 1104 3008 1156 Homero
3034 1102 3420 1166 celebratum,
3449 1120 3553 1173 per
3573 1103 3762 1157 ascias

2120 1192 2392 1264 sagittam
2424 1195 2944 1248 transmittentem.
2981 1192 3230 1246 Globum
3250 1209 3320 1246 ex
3349 1193 3506 1247 corio
3538 1193 3760 1248 factum

2121 1279 2180 1334 in
2212 1281 2376 1335 vitrei
2409 1282 2613 1353 scyphi
2646 1282 2899 1336 fundum
2931 1281 3236 1352 deponens
3275 1281 3584 1352 calcarque
3610 1299 3760 1352 equo

2118 1369 2464 1441 subjiciens,
2489 1372 2666 1426 citato
2700 1389 2876 1426 cursu
2899 1377 3335 1442 praetervectus,
3367 1371 3604 1441 globum
3631 1371 3759 1441 qui-

2119 1457 2275 1526 dem,
2311 1459 2524 1514 bacillo
2557 1477 2928 1531 percussum,
2958 1459 3320 1530 impellebat.
3355 1465 3419 1512 ut
3450 1459 3521 1512 de
3572 1459 3755 1513 fundo

2118 1548 2398 1604 exsiliens
2421 1567 2526 1620 per
2557 1567 2754 1605 aerem
2777 1551 3059 1604 ferretur:
3085 1549 3372 1620 scyphum
3423 1548 3756 1614 immotum,

2117 1637 2336 1691 nedum
2368 1638 2753 1696 incolumem.
2789 1639 2850 1693 in
2882 1638 3091 1692 eodem
3137 1637 3264 1692 loco
3298 1642 3636 1690 manentem
3667 1653 3752 1688 re-

2116 1725 2312 1795 liquit.
2347 1727 2527 1781 Donis
2557 1728 2908 1800 magnificus
2941 1733 2998 1781 et
3055 1727 3376 1781 munificus
3427 1742 3604 1796 supra
3635 1741 3758 1778 om-

2117 1831 2221 1868 nes
2255 1821 2416 1870 erat:
2453 1816 2725 1886 quisquis
2757 1816 2916 1870 enim
2949 1816 3020 1870 ab
3047 1833 3114 1870 eo
3145 1815 3431 1886 petiisset,
3469 1833 3570 1885 spe
3605 1831 3758 1867 nun-

361 1910 588 1985 ρὸτατος
635 1911 779 1985 παρὰ
838 1911 1038 1974 πάντας
1085 1913 1170 1978 ἦν’
1205 1907 1384 1970 οὐδεὶς
1431 1909 1531 1984 γὰρ
1572 1908 1728 1962 αὐτὸν
1785 1908 2005 1979 αἰτησα-

2123 1920 2294 1972 quam
2327 1904 2645 1959 frustratus
2697 1904 2915 1959 abibat.
2949 1907 3035 1958 Ita
3093 1904 3324 1959 cunctis
3380 1903 3635 1974 benigne
3693 1920 3760 1956 ac

1754 2003 1894 2054 Πᾶσι
1949 1998 2005 2052 δέ

358 2087 677 2166 φιλαγάθως
708 2089 797 2142 καὶ
847 2089 1056 2163 ἱλαρῶς
1093 2087 1616 2168 ἐφιλανθρωπεύετο,
1647 2092 2004 2166 προφητικῶς

364 2021 520 2072 μενος
578 2005 684 2053 τῶν
746 1997 983 2054 ἐλπίδων
1057 2001 1207 2060 κενὸς
1263 1997 1642 2069 ἀπηλλάττετο
1679 2044 1690 2056 .

355 2179 419 2232 τὸ
449 2175 634 2232 ’έλαιον
657 2185 756 2247 τῆς
790 2178 1035 2240 εὐποιίας
1067 2184 1277 2256 κιχρῶν
1315 2181 1375 2232 ³⁸.
1401 2178 1489 2232 καὶ
1521 2178 1566 2232 εἰ
1605 2180 1681 2251 μὴ
1717 2179 2002 2237 Βασίλειος

357 2269 384 2321 ὁ
415 2268 913 2342 παρακοιμώμενος
947 2269 1106 2322 αὐτὸν
1160 2269 1349 2342 ἐπεῖχε
1376 2275 1476 2336 τῆς
1536 2267 1822 2337 ἀπλήστου
1878 2267 2000 2340 περὶ

351 2359 414 2412 τὸ
441 2357 736 2434 εὐεργετεῖν
779 2359 904 2421 τοὺς
956 2359 1274 2435 ὁμοφύλους
1303 2359 1501 2433 ῥοπῆς,
1558 2359 1654 2414 κᾶν
1696 2360 1822 2420 τοὺς
1859 2361 2005 2432 βασι-

358 2444 547 2509 λικοὺς
599 2449 904 2522 θησαυροὺς
962 2448 1036 2510 εἰς
1095 2451 1194 2518 τὴν
1245 2454 1351 2503 τῶν
1407 2446 1679 2519 δεομένων
1741 2445 2004 2519 διανομὴν

355 2538 544 2592 θᾶττον
600 2537 1037 2616 συνεξεφόρησεν.
1110 2537 1437 2608 Ἐλάττωμα
1495 2534 1552 2591 δὲ
1592 2539 1813 2612 Ἰὧαννῃ
1845 2540 2005 2590 τοῦτο

357 2633 593 2702 προσῆν,
627 2626 710 2681 ὅτι
742 2648 798 2681 τε
844 2626 966 2702 περῖ
1016 2628 1217 2688 πότους
1277 2625 1416 2681 ἔστιν
1451 2627 1539 2682 ὅτε
1570 2628 1714 2701 παρὰ
1742 2628 1803 2681 τὸ
1835 2647 2008 2701 προσ-

355 2723 494 2785 ῆκον
526 2720 635 2789 (14)
663 2717 932 2790 ἐκώμαζε,
977 2718 1064 2772 καὶ
1118 2719 1242 2793 περί
1291 2718 1386 2780 τὰς
1441 2722 1536 2772 τοῦ
1585 2719 1841 2792 σώματος
1869 2713 2004 2785 ἡδο-

357 2805 453 2866 νὰς
481 2803 776 2875 διεπτόητο
803 2809 931 2878 (15).

436 2897 520 2966 [Ρ.
556 2897 646 2967 60]
681 2891 747 2950 δ’.
791 2893 951 2949 ’Λλλ⁹
983 2896 1129 2950 οὕτω
1164 2897 1256 2969 μὲν
1289 2893 1341 2949 ἐν
1370 2895 1604 2971 ἡμέραις
1637 2898 1770 2952 ἑπτά
1798 2897 1863 2950 τὰ
1905 2905 2005 2966 τῆς

360 2984 649 3048 πολιτείας¹
689 2983 1128 3059 διοικησάμενος,
1175 2987 1264 3042 καὶ
1315 2989 1414 3055 τήν
1444 2989 1622 3062 ἀρχὴν
1671 2988 1846 3060 ἑαυτῷ
1875 3009 2005 3062 κρα-

359 3075 672 3150 τυνάμενος,
717 3076 807 3131 καὶ
861 3077 934 3138 ὡς
986 3077 1085 3131 οὐκ
1114 3076 1174 3131 ἂν
1230 3099 1311 3140 τις
1369 3077 1526 3150 ᾠήθη
1586 3079 1718 3133 ποτὲ
1774 3077 1849 3148 (ἐν
1901 3078 2006 3153 γὰρ

358 3171 476 3226 ταῖς
513 3165 787 3240 μεγίσταις
814 3171 922 3219 τῶν
981 3168 1318 3243 πραγμάτων
1357 3162 1709 3240 μεταϐολαῖς,
1762 3165 2007 3236 πολλῆς,

361 3257 435 3316 ὡς
491 3254 680 3324 εἰκός,
737 3257 975 3316 στάσεως
1023 3254 1521 3331 ἀναῤῥιπιζομένης
1589 3257 1680 3310 καὶ
1727 3263 2002 3335 ταραχῆς,

357 3343 500 3410 τότε,
555 3343 655 3398 οὐκ
706 3341 808 3398 οἶδ’
866 3343 1036 3414 ὅπως,
1098 3348 1417 3424 παρατυχυν
1475 3345 1737 3418 εὐκοσμία
1792 3367 1846 3400 τι
1912 3343 2003 3400 καὶ

364 3434 551 3507 βαθεῖα
610 3435 732 3508 σιγὴ
787 3434 880 3488 τὸν
933 3431 1108 3506 δῆμον
1173 3432 1427 3512 κατέσχε,
1471 3439 1569 3490 τοῦ
1607 3435 2009 3510 αὐτοκράτορος

359 3522 681 3601 Νικηφόρου
710 3522 1098 3598 ἀναιρεθέντος,
1125 3523 1214 3578 καὶ
1272 3545 1420 3588 τινος
1467 3524 1583 3586 ἑνὸς
1613 3523 1718 3578 τῶν
1774 3525 2010 3580 ὑπασπι-

363 3617 502 3666 στῶν
534 3607 718 3688 ἑτέρου
754 3610 987 3685 μηδενὸς
1033 3613 1128 3668 κᾶν
1195 3612 1284 3668 ἐπὶ
1343 3613 1546 3689 κόρρης
1605 3612 1856 3692 εἰλφὸτος
1889 3615 2012 3668 κόν-

362 3698 573 3773 δυλον),
619 3701 670 3763 ἐς
702 3703 793 3756 τὸν
827 3703 969 3756 θεῖον
1003 3701 1092 3756 καὶ
1137 3704 1305 3778 μέγαν
1334 3710 1433 3772 τῆς
1487 3707 1584 3758 τοῦ
1614 3708 1748 3758 Θεοῦ
1805 3705 2010 3780 Σοφίας

363 3791 531 3860 σηκὸν
573 3791 820 3870 εἰσφοιτᾷ
849 3794 982 3864 (16),
1033 3793 1107 3854 ὡς
1152 3794 1288 3866 πρὸς
1345 3797 1442 3846 τοῦ
1500 3795 1846 3872 πατριάρχου
1878 3795 2014 3850 κατὰ.

361 3878 424 3934 τὰ
457 3879 758 3952 εἰθισμένον
801 3885 880 3952 τῷ
910 3880 1175 3956 βασιλείῳ
1232 3879 1530 3955 διαδήματι
1577 3884 2014 3957 ταινιωθησύμε-

361 3991 473 4031 νος.
505 3967 750 4026 ΕἶὉισΘαι
779 3970 878 4044 γὰρ
908 3969 1038 4033 τοὺς
1070 3969 1182 4024 νέον
1224 3973 1323 4040 τῆς
1376 3972 1687 4042 Ῥωμαϊκῆς
1718 3973 2015 4046 ἡγεμονίας

363 4055 878 4133 προσεπιϐαίνοντας
927 4059 1011 4115 ἐπὶ
1044 4081 1102 4114 τε
1157 4062 1246 4115 τὸν
1303 4055 1535 4134 ἄμϐωνα
1591 4065 1686 4116 τοῦ
1742 4063 1844 4117 νεὼ
1903 4067 2012 4136 (17)

364 4151 585 4215 ἀνιέναι,
628 4149 880 4221 καὶπρὸς
938 4155 1035 4204 τοῦ
1095 4150 1230 4204 κατὰ
1286 4151 1508 4222 καιροὺς
1558 4152 1821 4230 ἱεράρχου
1855 4151 2015 4206 εὐλο-

365 4239 570 4312 γεῖσοαί
606 4259 685 4305 τε,
720 4239 807 4292 καὶ
843 4243 922 4310 τῷ
985 4237 1251 4313 βασιλείῳ
1305 4237 1485 4318 στέφει
1529 4243 1860 4294 ταινιοῦσθαι
1915 4242 2014 4309 τήν

364 4325 606 4405 κεφαλὴν
639 4370 651 4382 .
705 4333 758 4381 '0
825 4325 881 4382 δὲ
947 4326 1290 4391 Πολύευκτος
1344 4329 1434 4382 τὸν
1489 4336 1590 4398 τῆς
1647 4330 2013 4408 πατριαρχίας

363 4417 489 4470 τότε
515 4416 703 4490 θρόνον
754 4423 996 4495 κατεῖχε.
1059 4418 1212 4479 Θεῖός
1251 4415 1308 4471 τέ
1356 4439 1438 4480 τις
1492 4417 1564 4472 ὢν
1603 4419 1692 4473 καὶ
1744 4419 1876 4489 ζέων
1937 4425 2014 4492 τῷ

365 4506 652 4580 πνεύματι,
687 4506 732 4560 εί
763 4507 852 4561 καὶ
875 4509 973 4575 τήν
1003 4505 1225 4576 ἡλικίαν
1281 4504 1479 4582 ἔξωρος
1539 4511 1628 4576 ἦν,
1692 4511 1766 4580 μὴ
1827 4508 2016 4578 ἐξεῖναί

367 4593 417 4648 οἱ
450 4591 651 4664 ἐδήλου
681 4599 762 4668 τῷ
789 4592 1009 4670 βασιλεῖ
1064 4593 1116 4656 ἐς
1169 4596 1232 4650 τὸ
1291 4596 1434 4669 ἱερὸν
1495 4594 1843 4668 εἰσελαύνειν,
1890 4597 2014 4672 πρὶν

2114 1991 2382 2046 hilariter
2429 1993 2816 2048 humanitatis
2861 1993 3057 2048 officia
3086 1991 3420 2062 praestabat,
3457 1991 3758 2061 pr0pheta2

2111 2081 2287 2135 modo
2315 2082 2510 2137 oleum
2533 2083 2942 2137 beneficentiae
2973 2081 3361 2136 commodans
3386 2097 3398 2133 :
3429 2097 3494 2134 ac
3519 2080 3632 2134 nisi
3661 2081 3759 2134 [1a-

2111 2169 2279 2224 silius
2311 2171 2569 2225 cubiculi
2601 2172 2914 2242 praefectus
2945 2170 3346 2225 insatiabilem
3373 2169 3542 2223 illum
3568 2170 3757 2239 impe-

2113 2263 2236 2312 tum
2295 2260 2446 2315 cives
2492 2260 2837 2316 demerendi
2897 2260 3278 2326 retardasset,
3333 2260 3490 2330 ipsos
3523 2275 3756 2328 quoque

2111 2350 2345 2420 imperii
2380 2352 2690 2406 thesauros
2747 2352 3088 2424 erogatione
3118 2351 3179 2404 in
3211 2366 3426 2423 egenos
3485 2349 3759 2404 celeriter

2112 2441 2499 2496 exhausisset.
2537 2443 2653 2496 Hoc
2681 2442 2892 2496 Joanni
2925 2441 3130 2495 vitium
3161 2440 3441 2504 haerebat,
3471 2438 3572 2492 98
3601 2437 3758 2508 quod

2111 2530 2397 2585 nimirum
2423 2531 2680 2601 potibus,
2737 2531 2992 2600 vinoque
3043 2547 3110 2585 ac
3159 2527 3759 2584 commessationibus

2113 2619 2469 2691 quandoque
2530 2619 2664 2692 plus
2720 2637 2888 2690 {equo
2945 2618 3313 2691 indulgebat,
3372 2616 3759 2687 corporisque

2111 2709 2511 2780 voluptatibus
2542 2708 2707 2764 avide
2740 2708 3024 2764 inhiabat.

2184 2911 2235 2962 4.
2271 2910 2484 2962 Verum
2509 2908 2592 2962 sic
2619 2907 2860 2978 quidem
2879 2912 3105 2978 septem
3127 2905 3360 2962 dierum
3384 2905 3574 2976 spatio
3598 2921 3760 2958 com-

2112 2998 2307 3069 posita
2332 2997 2420 3052 illi
2449 2999 2615 3068 Rep.,
2673 3002 3020 3067 assertoque
3077 2996 3350 3068 imperio,
3410 3011 3527 3066 qua
3585 3011 3759 3048 nemo

2112 3089 2345 3142 ratione
2375 3103 2640 3158 unquam
2673 3088 2964 3158 putaverit
3005 3088 3158 3156 (cum
3195 3086 3351 3140 enim
3382 3086 3440 3139 in
3486 3084 3762 3139 maximis

2114 3194 2312 3231 rerum
2346 3176 2781 3230 mutationibus
2831 3192 3043 3246 magna
3075 3175 3424 3246 plerumque
3459 3174 3671 3227 seditio
3706 3179 3762 3226 et

2120 3266 2378 3320 turbatio
2405 3266 2742 3330 suscitetur,
2777 3270 2938 3330 tunc,
2971 3265 3208 3318 fortuna
3239 3263 3439 3316 nescio
3463 3279 3600 3332 qua,
3635 3279 3760 3316 mo-

2121 3355 2312 3409 destia
2331 3354 2638 3423 altumque
2658 3353 2960 3407 silentium
2985 3352 3268 3422 populum
3293 3351 3502 3413 tenuit,
3531 3350 3763 3404 sublato

2118 3444 2445 3512 Nicephoro
2492 3444 2774 3513 Augusto,
2835 3457 2972 3495 cum
3032 3445 3320 3512 prmterea
3376 3455 3550 3494 nemo
3610 3439 3762 3493 alius

2118 3530 2443 3586 satellitum
2475 3529 2563 3582 vel
2595 3529 2655 3583 in
2708 3545 2918 3601 genam
2977 3546 3239 3600 pugnum
3297 3528 3662 3599 accepisset),
3690 3525 3764 3580 ad

2119 3621 2383 3676 divinum
2415 3635 2814 3690 magnumque
2846 3619 2946 3674 Dei
2985 3619 3298 3691 Sapientiae
3323 3617 3636 3672 delubrum
3668 3633 3760 3671 ve-

2118 3709 2226 3776 nit,
2260 3714 2325 3763 ut
2353 3725 2386 3764 a
2416 3708 2754 3779 patriarcha
2783 3724 2852 3762 ex
2883 3725 3047 3763 more
3070 3707 3402 3762 diademate
3435 3712 3612 3777 caput
3641 3706 3769 3760 cin-

2118 3803 2372 3867 geretur.
2399 3799 2484 3852 Ita
2506 3797 2665 3852 enim
2696 3797 2959 3852 moribus
2989 3803 3311 3868 receptum,
3337 3802 3400 3850 ut
3426 3796 3526 3866 qui
3553 3798 3769 3850 Roma-

2121 3904 2263 3942 num
2286 3886 2602 3957 imperium
2635 3886 2872 3954 adeant,
2901 3886 2961 3939 in
2986 3886 3191 3957 templi
3222 3885 3535 3940 ambonem
3561 3900 3770 3939 ascen-

2123 3976 2284 4043 dant,
2319 3976 2469 4030 etab
2502 3993 2569 4030 eo
2591 3976 2690 4047 qui
2719 3994 2825 4047 pro
2853 3982 3116 4048 tempore
3151 3976 3332 4030 sacris
3356 3979 3590 4045 prmest,
3614 3973 3766 4027 bene

2121 4065 2266 4135 ipsis
2297 4072 2634 4135 apprecato,
2668 4065 2946 4120 diadema
3003 4064 3181 4136 capiti
3236 4065 3580 4135 impositum
3610 4063 3768 4118 acci—

2121 4154 2308 4223 piant.
2342 4153 2698 4224 Polyeuctus
2721 4160 2859 4208 tunc
2891 4154 3092 4208 sedem
3125 4152 3580 4224 patriarchalem
3607 4158 3768 4204 tene-

2122 4239 2242 4297 bat.
2271 4243 2345 4307 Is,
2369 4242 2456 4294 vir
2478 4259 2618 4297 sane
2651 4242 2884 4297 divinus
2903 4248 2962 4296 et
2986 4242 3197 4312 spiritu
3231 4241 3482 4306 fervens,
3500 4239 3768 4309 quamvis

2123 4336 2293 4386 aetate
2327 4331 2574 4397 elluatus,
2607 4331 2952 4402 imperatori
2986 4331 3318 4396 denuntiat,
3355 4346 3473 4382 non
3506 4329 3558 4381 ei
3591 4327 3769 4381 licere

2124 4420 2184 4473 in
2227 4419 2538 4474 ecclesiam
2571 4420 2819 4492 ingredi,
2853 4419 2968 4474 nisi
3027 4425 3202 4474 antea
3260 4423 3578 4489 Augustam
3630 4414 3767 4468 aula

2124 4509 2435 4580 expulerit,
2467 4527 2535 4565 ac
2566 4511 2877 4581 Nicephori
2911 4510 3286 4580 imperatoris
3329 4521 3763 4578 percussorem,

2124 4599 2396 4670 quisquis
2425 4600 2512 4653 illi
2539 4605 2715 4669 esset,
2749 4599 3112 4654 ostenderit:
3144 4599 3217 4653 ad
3275 4599 3408 4666 hoc,
3459 4596 3763 4651 decretum

1523 4754 1584 4805 C.
1639 4755 1701 4805 Β.
1763 4751 1955 4807 HASII
2009 4753 2614 4808 ANNOTATIONNES.

439 4932 484 4968 ¹³
515 4929 708 4985 ὀιστόν.
742 4928 887 4985 ἱστόν
922 4930 1051 4987 cod.

437 5117 546 5189 (11)
579 5118 847 5242 Angplior
876 5119 1084 5175 eadem
1127 5119 1363 5191 phrasis
1423 5135 1601 5192 supra
1657 5121 1744 5175 30.
1811 5119 1875 5174 Α.
1910 5117 2010 5174 ubi

437 5207 664 5242 τευμεγε
703 5209 766 5242 ει.

364 5207 766 5242 κατευμεγευει.

839 5279 1030 5326 secus,
1078 5260 1164 5334 ἐπὶ
1225 5263 1314 5316 τὸν
1357 5261 1624 5334 πέμπτον,
1654 5263 2016 5334 calligrapho

364 5349 566 5407 vocem
599 5333 1018 5389 obsoletiorem
1059 5333 1312 5406 π·3ματος
1368 5337 1428 5390 in
1478 5336 1663 5407 magis
1694 5333 1918 5404 notam,
1952 5340 2017 5388 ut

369 5404 455 5468 ﬁt,
486 5413 910 5459 commutante.

442 5477 533 5556 (13_
585 5477 718 5556 llaec
761 5493 959 5556 usque,
1003 5476 1078 5530 ad
1127 5496 1255 5556 pag.
1305 5481 1565 5556 _1_(_)0._7:
1625 5480 1790 5556 τῦφον
1847 5476 2014 5539 τιθεὶς

371 5546 764 5623 Combefisius
791 5546 969 5623 vertit
998 5565 1097 5619 ap.
1127 5546 1268 5623 Pag.
1303 5552 1394 5605 IV.
1420 5553 1506 5603 22.

591 5621 872 5696 égathias
903 5617 1054 5689 πέρσῖ
1070 5624 1167 5673 τοῦ
1197 5617 1592 5696 ¹ι-ἷροσιςκοντος.Δ
1618 5623 1706 5674 81.
1745 5622 1804 5676 Β.

449 5693 556 5764 (15)
591 5692 884 5746 Hactenus
916 5708 1047 5762 qua)
1093 5709 1162 5748 ex
1195 5692 1386 5750 Leone
1443 5693 1691 5764 Scylitza
1719 5693 2026 5748 transtulit

381 5759 443 5815 in
469 5759 779 5818 hiStoriam
809 5780 921 5820 ms.

1132 4933 1176 4968 ιι
1204 4934 1438 5009 κιχρῶν.
1472 4931 1637 4987 Conf.
1671 4931 1747 4987 III
1787 4933 1926 5004 Reg.
1959 4949 2092 5000 xvu,
2146 4936 2232 4990 16.

2198 5119 2308 5210 S16)
2366 5119 2666 5210 gedren‘us
2729 5120 2947 5210 Ηίξῐοῐ·ἔ
3005 5120 3074 5176 Il.
3299 5120 3359 5210 B;
3415 5114 3591 5210 ὂξπεισι

2128 5188 2404 5265 ὀλίγων-ὁ
2455 5189 2708 5265 βασιλεὺς
2765 5190 2840 5251 είς
2887 5191 2985 5265 τήν
3031 5188 3275 5265 μεγάλην
3334 5188 3774 5265 ἐκκλησιανίιώὶ

2127 5259 2465 5334 Χγῐδηὰθή
2487 5281 2657 5318 secus
2679 5265 2909 5335 opinor,
2944 5259 3155 5334 legisse
3189 5263 3418 5318 videtur
3443 5259 3554 5334 μετ’
3580 5259 3769 5333 ὀλίγον

2126 5352 2265 5390 nam
2296 5336 2470 5390 vertit
2495 5336 2664 5406 paulo
2682 5342 2807 5404 post
2837 5353 2942 5406 pro
2993 5352 3111 5389 cum
3163 5338 3358 5405 paucis
3389 5352 3406 5388 :
3455 5335 3769 5406 deinceps,

2125 5409 2184 5462 C.
2217 5407 2320 5462 lin.
2356 5411 2407 5463 5.
2444 5403 2755 5462 manifesto
2789 5403 3005 5462 mendo
3047 5403 3270 5461 edit—um
3327 5411 3418 5460 est
3447 5403 3777 5476 ὰπολογισα-

2131 5480 2298 5550 μένου
2330 5476 2781 5554 Ριιο-ᾀπολογησί
2874 5550 2884 5554 _
3245 5549 3278 5554 η
3393 5549 3429 5554 __
3540 5549 3579 5554 _
3733 5543 3768 5554 ..

2199 5554 2306 5621 (1‘7)
2335 5549 2401 5604 In
2431 5549 2720 5626 iﬂederi’ei
2749 5550 2958 5626 rherxice
3021 5549 3282 5626 manuali
3341 5549 3479 5626 edit.
3540 5549 3772 5626 Ernesti

2133 5618 2474 5693 Lips.’1768.
2508 5624 2559 5675 8.
2593 5621 2705 5693 col.
2739 5624 2893 5676 1371.
2927 5622 2978 5676 is
3008 5621 3299 5693 genitivus
3340 5619 3440 5693 νεώ
3473 5618 3770 5693 scribitur,

2132 5690 2466 5819 gg'rlifram.
2503 5692 2642 5747 Vide
2671 5693 2960 5748 Maittaire
3006 5690 3084 5746 De
3125 5692 3394 5746 dialectis
3444 5690 3537 5744 ed.
3587 5690 3770 5741 Sturz.
