4108 6198
264 435 387 495 813

1608 433 2001 496 HISTORIA!
2041 434 2195 497 LIB.
2246 436 2346 498 IV.

3558 449 3679 510 8M

264 563 653 639 Κοπρωνύμου
710 567 1016 635 ἡσσηθῆναι
1100 564 1343 636 Μυσοὺς,
1400 564 1490 620 καὶ
1566 566 1718 630 αὗθις
1773 563 1901 640 παρέ

2033 570 2322 625 memoria
2344 571 2415 626 ab
2437 576 2666 627 Joanne
2689 576 2967 647 Augusto,
3003 578 3101 648 qui
3132 580 3441 635 Maasorum
3469 583 3690 655 oppida

262 660 364 711 τοῦ
422 655 651 731 ἐγγόνου
707 656 872 709 αὑτοῦ
931 656 1341 711 Κωνσταντίνου
1396 660 1493 710 τοῦ
1550 662 1649 726 τῆς
1713 654 1923 730 Αὐγού-

260 766 396 815 στης
446 745 686 820 Εἰρήνης
746 746 887 815 υἱοῦ,
946 746 1033 799 καὶ
1096 745 1161 799 τὰ
1213 749 1305 798 νῦν
1364 741 1420 799 ἓὶ
1475 746 1610 818 πρὸς
1662 746 1918 801 Ἰωάννου

258 839 360 889 τοῦ
396 834 820 908 αὐτοκράτορος,
856 835 913 896 ὅς
941 835 1035 896 τὰς
1088 838 1194 888 τῶν
1246 838 1441 889 Μυσῶν
1490 833 1686 898 πολεις
1734 835 1917 909 αἰχμῇ

2020 656 2073 709 vi
2105 660 2479 729 expugnavit,
2513 662 2695 715 victos
2746 663 3029 735 Bulgaros
3080 667 3434 737 perhibent:
3486 688 3682 743 neque

2021 746 2179 801 ullus
2202 747 2354 802 alius
2382 751 2782 805 Romanorum
2802 754 3096 809 exstitisse
3124 756 3397 821 traditur,
3423 761 3521 828 qui
3539 761 3675 816 illos

2022 835 2081 888 in
2116 835 2382 905 ipsorum
2413 839 2653 910 regione
2686 840 3017 898 debellarit.
3054 845 3162 898 Sed
3196 845 3267 900 de
3300 846 3393 901 his
3422 850 3588 904 satis.

261 935 664 1004 παρεστήσατο·
726 933 833 1008 οὐχ
889 932 1170 1005 ἱστόρηται
1232 930 1289 987 δὲ
1349 954 1431 995 τις
1489 934 1782 1006 Ῥωμαίων
1840 929 2046 1008 ἕτερος,
2092 931 2317 994 τούτους
2369 934 2455 988 ἐπὶ
2523 937 2623 1004 τῆς
2710 939 2965 1015 σφετέρας
3050 948 3151 1014 γῆς
3241 948 3682 1019 καταγωνισάμε-

258 1043 380 1084 νος.
417 1022 592 1079 Ἀλλά
620 1023 745 1095 περὶ
781 1026 874 1096 μὲν
913 1022 1123 1077 τούτων
1155 1021 1299 1084 ἅλις.

342 1140 475 1196 ι“.“Ο
508 1137 562 1192 δὲ
595 1133 1037 1216 Σφενδοσλάϐος,
1078 1144 1197 1202 ταῖς
1246 1139 1380 1193 κατά
1426 1144 1534 1194 τῶν
1592 1142 1785 1192 Μυσῶν
1836 1137 1914 1190 νί-

261 1227 504 1289 καιςέπῖ
547 1229 687 1301 μέγα
746 1227 1059 1302 αἰρόμενος,
1114 1230 1203 1281 καὶ
1254 1232 1322 1301 τῇ
1385 1223 1693 1303 βαρϐαρικῇ
1747 1226 1915 1280 αὐθα-

264 1314 385 1387 δείᾳ
416 1315 700 1393 ύπὲροπλα
762 1316 1159 1391 βρενθυόμενος
1216 1314 1347 1389 (ἤδη
1408 1318 1510 1390 γὰρ
1567 1318 1668 1384 τήν
1726 1315 1912 1390 χώραν

266 1401 507 1481 βεϐαίως
562 1406 863 1475 ἐκέκτητο),
924 1402 1311 1479 περιδεῖς“καὶ
1390 1403 1740 1477 καταπλῆγας
1799 1410 1911 1457 Μυ-

262 1496 394 1559 σοὺς
423 1500 490 1569 τῇ
523 1495 746 1571 ἐμφύτῳ
804 1494 1035 1564 ἀπηνείᾳ
1084 1497 1546 1571 κατεργασάμενος
1606 1493 1753 1570 (φασὶ
1809 1495 1911 1567 γαρ

258 1587 363 1653 τήν
399 1583 684 1641 Φιλίππου
716 1582 875 1639 πόλιν
905 1588 983 1656 τῷ
1013 1583 1276 1656 πολεμεῖν
1318 1583 1535 1656 ἐξελὼν,
1592 1581 1913 1657 δισμυρίους

258 1680 371 1729 τῶν
401 1672 452 1729 ἐν
483 1678 561 1745 τῷ
592 1672 736 1728 ἄστει
804 1672 1117 1749 ληφθέντων
1182 1674 1348 1745 ὠμῶς
1396 1674 1485 1727 καὶ
1532 1673 1911 1745 ἀπανθρώπως

262 1761 720 1831 ἀνασκολοπίσαι,
754 1764 843 1816 καὶ
899 1762 1066 1836 ταύτῃ
1123 1764 1183 1816 τὸ
1243 1762 1485 1832 ἀντίξοῦν
1542 1763 1676 1815 ἅπαν
1735 1757 1908 1815 ἐκδει-

266 1857 513 1927 ματῶσαι
564 1852 652 1906 καὶ
713 1857 881 1914 θεῖναι
943 1848 1334 1923 ὑπόσπονδον),
1393 1850 1737 1925 ὑπεραύχους
1819 1850 1908 1904 καὶ
1944 1889 1987 1954 Β

308 1944 320 1954 .
386 1940 432 1954 ...
614 1943 626 1954 .
734 1942 747 1954 .
911 1940 924 1954 .
1156 1946 1182 1954 ..
1377 1935 1461 1954 ,ο
1619 1941 1672 1954 ,λ
1819 1939 1829 1954 .

263 1940 513 2006 αὐθάδεις
572 1943 665 2003 τὰς
723 1940 1038 2015 ἀποκρίσεις
1095 1946 1211 2001 τοῖς
1291 1935 1543 2015 πρέσϐεσι
1619 1939 1905 2011 Ῥωμαίων

261 2032 496 2106 ἐξέφερε
532 2059 550 2080 ι
599 2032 691 2099 Μὴ
749 2032 848 2105 γὰρ
912 2031 1192 2105 ἀφέξεσθαι
1250 2037 1348 2100 τῆς
1390 2032 1600 2105 χώρας,
1661 2028 1910 2101 εύδαίμο·

258 2144 353 2183 νος
384 2122 573 2190 οὔσης,
608 2120 653 2175 εἰ
690 2122 764 2193 μή
798 2120 886 2175 ἐπὶ
927 2121 1232 2194 χρημάτων
1266 2118 1693 2176 πολυταλάντων
1744 2141 1906 2175 κατα-

260 2209 406 2286 ϐολῇ
433 2212 520 2267 καὶ
544 2212 930 2284 ἀπεμπολήσει
955 2215 1063 2265 τῶν
1086 2232 1142 2265 τε
1168 2211 1381 2265 πόλεων
1405 2212 1493 2265 καὶ
1518 2216 1625 2265 τῶν
1646 2207 1911 2283 ἀνδραπό-

261 2300 391 2367 δων,
426 2303 524 2355 ὅσα
553 2306 633 2373 τῷ
659 2301 922 2374 πολεμεῖν
950 2299 1336 2370 ἐπεκτήσαντο.
1365 2300 1431 2357 Εἰ
1456 2297 1501 2354 δ’
1525 2301 1589 2357 οὐ
1615 2299 1907 2375 βούλεσθαι

255 2391 563 2464 Ῥωμαίους
628 2395 793 2445 ταῦτα
850 2386 1201 2458 καταϐαλεῖν,
1257 2389 1403 2445 ἀλλᾶ
1484 2394 1579 2455 τῆς
1635 2390 1906 2465 Εὐρώπης

258 2485 452 2544 θᾶττον
479 2480 822 2560 ἀφίστασθαι,
858 2481 930 2542 ὡς
987 2482 1061 2552 μὴ
1117 2480 1505 2554 προσηκούσης
1558 2480 1767 2548 αὐτοῖς,
1816 2482 1906 2534 καὶ

256 2571 395 2640 πρὸς
436 2571 535 2637 τὴν
594 2569 780 2623 Ἀσίαν
845 2568 1355 2641 μετασκευάζεσθαι·
1424 2568 1610 2629 ἄλλως
1668 2569 1766 2642 γὰρ
1829 2570 1905 2640 μή

256 2658 488 2723 οἲεσθαι.
542 2658 916 2734 Ταυροσκύθας
972 2657 1048 2719 εἷς
1101 2655 1355 2720 σπονδὰς
1417 2657 1701 2732 Ῥωμαίων
1775 2660 1907 2730 ξυμ-

255 2744 543 2819 ϐήσεσθαι.
579 2772 606 2799 ››
663 2747 916 2817 Ἰωάννης
979 2744 1035 2801 δὲ
1069 2748 1109 2801 ὁ·
1137 2746 1513 2821 αὐτοκράτωρ,
1567 2746 1665 2808 τὰς
1719 2748 1909 2802 τοιαύ-

254 2858 355 2899 τας
416 2835 729 2911 ἀποκρίσεις
784 2841 881 2891 τοῦ
970 2836 1181 2900 Σγύθου
1243 2834 1549 2909 δεξάμενος,
1612 2836 1703 2891 καὶ
1756 2837 1908 2901 αὖθις

254 2933 378 2989 τοῖς
447 2923 993 3001 προαπεσταλμένοις
1047 2920 1327 2998 ἀμείϐεται
1413 2923 1559 2980 τάδε’
1628 2951 1647 2975 ιι
1683 2928 1795 2995 Τὴν
1848 2924 1909 2980 ἐκ

257 3014 506 3090 πατέρων
540 3016 592 3080 ἐς
641 3018 789 3088 ἡμᾶς
851 3010 1107 3070 διαϐᾶσαν
1164 3014 1386 3091 εῗρήνην
1442 3010 1733 3085 ἀλώϐητον
1788 3016 1906 3079 καθ’

252 3102 326 3174 ἤν
359 3104 488 3165 Θεὸς
548 3103 908 3176 ἐμεσίτευσεν,
970 3103 1031 3158 ού
1091 3101 1200 3157 δεῖν
1260 3103 1488 3175 οἲόμεθα
1546 3102 1691 3158 λύειν
1755 3102 1906 3158 αὐτοί

251 3198 344 3249 ἅτε
391 3194 649 3269 πρόνοιαν
702 3193 836 3249 εἶναι
884 3194 1226 3256 πιστεύοντες
1273 3196 1373 3263 τήν
1420 3194 1481 3249 τὸ
1526 3199 1627 3248 πᾶν
1680 3190 1901 3248 διεοθύ-

247 3305 466 3351 νουσαν,
526 3282 617 3337 καὶ
690 3284 754 3336 τὰ
838 3287 1169 3359 Χριστιανῶν
1247 3277 1634 3358 πρεσϐεύοντες
1716 3280 1897 3355 ἔθιμα’

249 3374 354 3428 Διά
381 3376 551 3427 ταῦτα
583 3371 955 3447 εἰσηγούμεθα
982 3392 1041 3426 τε
1074 3372 1201 3444 ὑμῖν
1235 3370 1309 3433 ὡς
1363 3370 1576 3445 φίλοις,
1624 3372 1712 3425 καὶ
1763 3392 1904 3444 συμ-

247 3458 620 3533 ϐουλεύομεν,
652 3460 879 3533 ἐξαυτῆς
929 3460 1176 3532 ἀπαίρειν
1227 3466 1328 3529 τῆς
1378 3457 1545 3533 μηδὲν
1592 3481 1643 3514 τι
1694 3480 1904 3531 προση-

247 3553 458 3620 κούσης
482 3552 670 3626 χώρας
703 3552 855 3625 ὑμῖν,
913 3553 1000 3606 καὶ
1069 3554 1144 3625 μὴ
1202 3549 1542 3623 διαμέλλειν,
1589 3547 1719 3623 μηδ’
1771 3550 1905 3604 ἀνα-

247 3640 493 3709 δύεσθαι,
535 3638 767 3707 είδότας,
830 3640 903 3703 ὡς
964 3642 1009 3695 εἱ
1074 3642 1147 3713 μὴ
1210 3640 1550 3701 καταπειθεῖς
1607 3639 1775 3714 ταύτῃ
1833 3643 1900 3713 τῇ

252 3728 572 3806 ὂνησιφόρῳ
597 3725 886 3802 ξυμϐουλῇ
911 3728 1171 3805 γένοισθε,
1206 3728 1316 3803 οὐχ
1370 3730 1540 3799 ἡμᾶς,
1595 3726 1787 3789 αὐτοὺς
1822 3725 1900 3799 δὲ,

250 3818 404 3873 λύειν
434 3818 526 3879 τὰς
564 3816 818 3873 ἀνὲκαθεν
867 3818 1203 3881 συντεθείσας
1245 3814 1498 3878 σπονδάς.
1549 3818 1649 3874 Καὶ
1713 3818 1786 3890 μή
1840 3838 1902 3893 γε

249 3905 494 3980 δόξωμεν
560 3906 944 3982 μεγαλαύχους
1002 3909 1047 3944 2⁸
1129 3908 1323 3968 ταύτας
1406 3907 1501 3968 τὰς
1588 3906 1903 3980 ἀποκρίσεις

247 4002 431 4052 ποιεῖν
468 4001 599 4067 (36).
636 3998 723 4052 Ἐν
769 3998 987 4070 Χριστῷ
1029 3997 1129 4071 γὰρ
1183 3995 1477 4073 θαῤῥοῦλεν
1526 4001 1605 4068 τῷ
1652 3996 1900 4068 ἀθανάτῳ

245 4091 383 4157 Θεῷ,
420 4087 515 4154 ὡς,
554 4085 598 4140 εἷ
663 4087 738 4158 μή
796 4093 898 4154 τῆς
945 4087 1135 4161 χώρας
1193 4084 1473 4155 ἁπὲλθιτε,
1531 4084 1622 4138 καὶ
1681 4082 1901 4147 ἄκοντες

241 4177 371 4247 παρ’
404 4179 564 4248 ἡμῶν
603 4176 806 4245 ταύτης
858 4173 1258 4245 ἀπελαθήσεσθε
1306 4178 1434 4246 (37)’
1486 4174 1644 4246 οἶμαι
1690 4175 1792 4248 γάρ
1842 4194 1900 4227 σε

244 4265 325 4337 μή
360 4263 651 4333 λεληθέναι
680 4265 742 4318 τὸ
776 4267 859 4337 [Ρ.
893 4266 983 4339 6'5]
1013 4267 1110 4317 τοῦ
1142 4268 1238 4318 σοῦ
1271 4269 1517 4335 πταῖσμα
1548 4265 1752 4336 πατρὸς
1783 4264 1897 4336 Ἰγ-

236 4375 413 4429 γορος
439 4358 573 4426 (38),
609 4356 667 4417 ὅς
700 4375 757 4409 τε
798 4356 894 4418 τὰς
951 4354 1206 4430 ἐνόρκους
1267 4351 1500 4415 σπονδὰς
1559 4354 1705 4428 παρὰ
1763 4356 1895 4429 φαῦ-

2104 1139 2252 1195 105
2293 1143 2379 1194 10,
2414 1140 2919 1211 Sphendoslabus,
2955 1147 3261 1219 Bulgarica
3292 1151 3534 1208 victoria
3563 1153 3683 1210 ela-

2028 1233 2143 1289 tus,
2176 1233 2233 1281 et
2263 1228 2517 1284 barbara
2549 1231 2796 1287 audacia
2854 1250 3097 1306 magnos
3148 1238 3390 1307 spiritus
3439 1258 3683 1298 sumens

2022 1317 2170 1385 (jam
2205 1318 2363 1371 enim
2397 1319 2566 1373 firme
2598 1322 2901 1391 regionem
2948 1324 3229 1395 tenebat),
3272 1344 3403 1382 cum
3438 1330 3680 1387 timidos

2024 1406 2308 1477 Bulgaros
2336 1410 2738 1480 attonitosque
2756 1412 2934 1466 insita
2954 1414 3305 1471 crudelitate
3325 1418 3685 1476 reddidisset

2022 1502 2205 1564 (nam,
2230 1514 2363 1551 cum
2396 1499 2859 1571 PhilippOpolim
2884 1503 3039 1557 bello
3058 1506 3334 1575 cepisset,
3362 1507 3673 1564 hominum

2024 1584 2212 1639 millia
2236 1586 2439 1653 viginti
2466 1587 2524 1641 in
2542 1589 2759 1658 Oppido
2775 1592 3343 1661 comprehensorum
3357 1596 3680 1651 crudeliter

2028 1688 2194 1726 more
2219 1672 2471 1728 barbaro
2495 1676 2647 1745 palis
2682 1680 2978 1734 sul‘ﬁxisse
3006 1681 3244 1749 dicitur,
3279 1685 3687 1757 sicque,quos-

2020 1776 2254 1831 cunque
2281 1763 2353 1816 ad
2379 1763 2549 1817 illum
2572 1765 2729 1820 diem
2757 1769 3524 1835 restitissent,vehementer
3546 1793 3682 1846 per-

2019 1850 2216 1904 culsos
2239 1852 2299 1904 in
2323 1852 2690 1909 deditionem
2714 1858 3056 1929 accepisse),
3075 1862 3333 1931 superba
3356 1868 3413 1916 et
3429 1865 3677 1920 audacia

2020 1956 2305 2010 responsa
2336 1941 2542 2012 legatis
2601 1945 3004 2000 Romanorum
3061 1946 3263 2003 dedit:
3298 1972 3325 1999 ‹‹
3358 1954 3671 2022 Nunquam

2015 2029 2162 2097 fore,
2192 2034 2255 2082 ut
2274 2030 2513 2101 regione
2537 2031 2717 2086 fertili
2744 2050 2805 2087 se
2831 2034 3175 2102 abstineret,
3201 2038 3468 2110 nisipost
3495 2058 3675 2113 gran-

2016 2117 2108 2171 dis
2122 2119 2389 2187 pecunias
2416 2120 3068 2194 pensionem,factaque
3085 2126 3496 2197 redemptione
3510 2131 3677 2202 oppi-

2015 2207 2225 2261 dorum
2243 2209 2674 2279 etcaptivorum
2690 2214 3152 2283 quotquotbello
3169 2217 3676 2287 cepissent.Quam

2017 2297 2064 2349 si
2097 2297 2407 2367 pecuniam
2436 2300 2683 2352 Romani
2706 2300 2965 2370 pendere
2984 2303 3236 2371 nollent,
3264 2307 3408 2376 quin
3431 2307 3677 2363 decede-

2018 2391 2151 2439 rent
2172 2385 2333 2440 illico
2352 2403 2421 2440 ex
2444 2389 2766 2458 Europa,in
2790 2407 2967 2459 quam
2983 2392 3085 2462 jus
3105 2392 3670 2467 haberentnullum,

2016 2476 2075 2528 in
2103 2475 2301 2529 Asiam
2325 2477 2679 2531 transirent:
2710 2495 2831 2532 non
2864 2480 3037 2535 aliter
3057 2498 3186 2536 sese
3212 2489 3669 2554 putare,Russos

2014 2582 2149 2619 cum
2182 2567 2465 2620 Romanis
2497 2582 2701 2636 pacem
2725 2568 3004 2624 facturos.
3033 2595 3054 2622 ι
3083 2572 3340 2628 Joannes
3367 2578 3666 2647 Augustus

2012 2654 2112 2709 ubi
2146 2670 2179 2709 a
2204 2654 2420 2725 Scytha
2450 2655 2561 2710 hoc
2592 2673 2946 2728 responsum
2981 2660 3217 2729 tulerat,
3251 2680 3356 2733 per
3384 2665 3671 2721 remissos

2014 2742 2237 2816 legatos
2271 2745 2396 2799 haec
2427 2746 2764 2801 renuntiat:
2797 2768 2820 2797 σι
2859 2750 3071 2803 Pacem
3114 2750 3241 2820 jam
3286 2768 3475 2823 usque
3502 2770 3535 2809 a
3565 2770 3672 2826 pa-

2013 2838 2168 2887 trum
2193 2838 2459 2905 tempore
2487 2834 2560 2889 ad
2582 2851 2691 2889 nos
2723 2836 3092 2906 perductam,
3127 2856 3428 2912 quamque
3461 2844 3670 2899 incon-

2012 2939 2246 2978 cussam
2271 2924 2606 2979 interventu
2637 2943 2741 2980 suo
2764 2926 2919 2982 Deus
2941 2933 3327 3000 conservavit,
3362 2934 3606 2989 minime
3638 2952 3673 2991 a

2014 3012 2188 3067 nobis
2219 3012 2579 3068 arbitramur
2611 3015 2849 3070 dissolvi
2883 3017 3098 3073 debere
3127 3036 3139 3072 :
3173 3020 3331 3090 quod
3372 3023 3671 3080 credimus

2011 3102 2442 3173 providentiam
2466 3119 2594 3157 esse
2612 3111 2825 3160 cuncta
2842 3106 3358 3163 administrantem
3372 3113 3670 3183 ,quodque

2017 3193 2487 3248 Christianorum
2534 3199 2752 3249 statuta
2807 3195 3178 3266 profitemur.
3228 3200 3417 3262 Quare
3460 3202 3669 3257 suade-

2016 3299 2150 3336 mus
2183 3282 2343 3337 vobis
2374 3287 2438 3336 ut
2490 3284 2720 3349 amicis,
2783 3290 2840 3337 et
2890 3285 3219 3353 hortamur,
3276 3305 3305 3341 e
3366 3291 3669 3360 provincia

2014 3372 2365 3441 neutiquam
2412 3371 2485 3425 ad
2542 3389 2644 3425 vos
2728 3373 3064 3443 pertinente
3134 3376 3333 3430 statim
3418 3378 3667 3447 abeatis,

2019 3462 2149 3515 sine
2181 3461 2304 3515 ulla
2333 3478 2501 3516 mora
2549 3468 2651 3516 aut
2696 3464 3093 3533 recusatione,
3144 3468 3671 3537 persuasissimum

2014 3549 2324 3615 habentes,
2390 3550 2635 3605 salutari
2702 3552 2839 3606 huic
2892 3555 3141 3609 consilio
3202 3557 3249 3611 si
3310 3558 3509 3613 minus
3566 3578 3667 3615 vos

2015 3640 2412 3710 obsequentes
2443 3640 2851 3708 exhibueritis,
2902 3659 3021 3697 non
3080 3661 3208 3710 nos,
3244 3646 3347 3701 sed
3387 3650 3667 3705 vosmeti-

2013 3746 2170 3800 psos,
2233 3729 2469 3784 turbare
2526 3746 2733 3801 pacem
2820 3733 3148 3803 antiquitus
3221 3737 3358 3791 £06
3428 3739 3666 3795 confec-

2012 3825 2151 3874 tam.
2186 3822 2385 3890 Neque
2416 3821 2789 3893 arrogantius
2822 3822 2931 3876 hoc
2976 3840 3084 3878 nos
3123 3840 3476 3896 responsum
3531 3829 3664 3883 red-

2011 3910 2149 3964 dere
2176 3909 2506 3981 putandum
2537 3915 2646 3966 est.
2672 3913 2815 3965 Nam
2838 3911 2900 3964 in
2924 3912 3155 3967 Christo
3186 3915 3303 3969 Deo
3338 3916 3662 3973 immortali

2008 3997 2272 4052 futurum
2308 4014 2436 4052 esse
2468 3997 2846 4066 conﬁdimus,
2885 4000 2991 4063 uti,
3041 4000 3155 4055 nisi
3190 4009 3398 4072 sponte
3449 4021 3517 4059 ex
3570 4022 3660 4059 re-

2007 4089 2179 4160 gione
2213 4086 2534 4154 decedatis,
2568 4088 2657 4141 vel
2682 4088 2861 4141 invidi
2888 4088 3026 4142 inde
3056 4106 3090 4142 a
3121 4089 3292 4144 nobis
3312 4092 3660 4162 ejiciamini.

2008 4179 2122 4231 Nec
2153 4182 2207 4231 te
2239 4176 2488 4230 oblitum
2522 4177 2792 4231 existimo
2843 4178 3028 4232 cladis
3076 4180 3262 4249 patris
3293 4181 3377 4234 tui
3411 4183 3657 4253 lngoris,

2009 4265 2108 4336 qui
2136 4266 2542 4334 cum,juratas
2570 4266 2871 4336 pactiones
2901 4283 3005 4336 pro
3053 4268 3240 4321 nihilo
3294 4274 3531 4338 putans,
3568 4270 3660 4323 in-

2007 4359 2166 4427 genti
2194 4358 2479 4424 apparatu
2511 4369 2842 4426 magnaque
2870 4353 3141 4408 lintrium
3173 4355 3223 4408 vi
3257 4354 3471 4410 infesta
3501 4358 3661 4411 navi-

1447 4507 1506 4561 C.
1551 4506 1614 4561 Β.
1656 4506 1841 4561 HASII
1879 4503 2437 4561 ANNOTATIONES.

311 4658 357 4693 ⁸⁵
386 4660 543 4714 Fort.
580 4655 968 4733 μεγαλαύχως.

233 4814 405 4877 nacti,
474 4813 673 4867 caedem
731 4828 918 4866 eorum
970 4811 1274 4881 plurimam
1325 4813 1591 4879 fecerunt,
1660 4812 1889 4877 nemini,
1922 4813 1966 4877 Ι)
1998 4810 2254 4863 obierunt
2276 4825 2298 4881 ς
2321 4806 2383 4861 in
2413 4806 2552 4861 alios
2583 4823 2807 4881 carcere
2826 4815 2877 4863 et
2906 4812 3053 4881 fame
3082 4813 3524 4881 animadversum
3553 4820 3650 4869 est.

233 4890 508 4953 quantum
540 4887 599 4937 in
629 4885 762 4953 ipsis
791 4884 926 4952 fuit,
959 4889 1264 4953 parcentes,
1294 4899 1471 4953 neque
1499 4885 1609 4952 ipsi
1656 4883 1891 4951 impera-

235 4959 363 5010 tori.
398 4955 528 5009 Inde
588 4963 852 5025 quotquot
907 4957 1199 5023 mortifera
1256 4955 1486 5008 vulnera
1543 4960 1886 5022 acceperant,

233 5029 491 5094 evestigio
514 5033 859 5081 accesserunt
884 5029 1030 5080 vita:
1065 5029 1161 5096 qui
1190 5043 1299 5079 non
1330 5027 1411 5080 ita
1439 5026 1648 5085 letalia,
1678 5027 1733 5078 in
1768 5025 1887 5077 loca

232 5114 513 5152 nemerosa
533 5114 587 5152 se
614 5099 983 5167 conjecerunt.
1012 5097 1119 5162 Qui
1147 5099 1258 5151 υἰυὶ
1281 5099 1435 5167 capti
1462 5099 1711 5165 fuerunt,
1736 5096 1886 5149 mille

232 5169 405 5224 modis
448 5170 847 5239 suppliciorum
900 5176 952 5223 et
1006 5171 1349 5223 cruciatuum
1406 5170 1717 5236 conflictati
1760 5173 1887 5239 sunt

232 5242 384 5310 quod
410 5243 702 5294 Dominum
733 5247 980 5295 nostrum
1018 5242 1201 5295 Jesum
1234 5241 1513 5295 Christum
1539 5243 1782 5312 ejurare,
1813 5238 1887 5291 ad

232 5312 668 5381 Scytharumque
692 5314 1100 5382 persuasionem
1130 5328 1183 5366 se
1222 5314 1474 5380 conferre
1525 5312 1752 5365 nollent.
1800 5312 1886 5363 Ita

232 5399 358 5437 cum
391 5383 452 5436 hi
482 5391 763 5452 urgerent,
797 5385 1015 5454 vimque
1068 5384 1338 5453 inferer
1384 5389 1446 5437 ut
1492 5382 1682 5437 eadem
1719 5387 1886 5451 atque

230 5456 341 5523 ipsi
371 5457 636 5522 facerent,
671 5456 943 5524 abnegato
976 5455 1207 5517 Christo,
1254 5454 1340 5507 illi
1388 5455 1613 5521 fortiter
1664 5455 1882 5507 resiste.

230 5531 403 5605 rents
433 5528 983 5605 afﬁrmarentquese
1026 5528 1165 5605 mori
1210 5525 1374 5605 malle
1428 5540 1595 5605 quam
1644 5524 1884 5605 prodere

224 5599 512 5665 pietatem,
547 5601 702 5653 vario
732 5596 922 5667 generi
950 5599 1157 5653 acerba:
1206 5598 1395 5650 mortis
1446 5596 1677 5663 subjecti
1704 5603 1880 5667 sunt.

228 5667 366 5747 {iliis
405 5669 594 5747 gladio
625 5666 814 5747 capita
857 5676 983 5725 sunt
1038 5671 1250 5747 ahscisa
1271 5668 1433 5747 _:A_alii
1472 5666 1766 5747 suspendio
1793 5684 1883 5747 ei;

233 5737 335 5793 hac
365 5737 483 5795 vita
512 5737 801 5797 exturbati
834 5758 845 5795 :
877 5743 1137 5796 nonnulli
1161 5741 1379 5811 sagittis
1424 5738 1626 5794 crebris
1677 5738 1883 5810 conﬁxi

2069 4882 2186 4955 (36)
2220 4879 2303 4932 Ad
2331 4894 2505 4955 _oram_
2534 4880 2813 4955 proposui
2852 4879 3238 4955 μεχαλαύχως·
3274 4885 3432 4954 quod
3487 4902 3516 4940 θ
3549 4888 3652 4941 Le-

1999 4952 2148 5005 xicis
2181 4949 2458 5026 essulans
2492 4949 2707 5026 legitur
2736 4949 2971 5026 apudﬂS.
3001 4949 3381 5026 Hippolytum
3409 4958 3651 5013 Damon.

2000 5021 2274 5103 strat._de
2316 5021 2691 5103 Aptechristo
2729 5025 2829 5103 14ζξ
2888 5025 2947 5079 Β.
2990 5023 3042 5103 τί
3075 5021 3490 5103 ίμεγαλαύχωςλ
3524 5026 3655 5103 βλα..

1998 5096 2236 5172 σφημεῖς
2268 5110 2316 5172 ;_
2350 5097 2405 5172 Ε,
2459 5092 2690 5172 duobus
2742 5092 3123 5172 substantivis
3173 5092 3293 5153 non
3342 5092 3533 5172 magis
3588 5103 3651 5157 in

1998 5163 2206 5245 Lexica
2238 5163 2439 5245 relatis
2472 5164 3379 5245 alterum_pe_yam:5_xn_cic,_quod
3406 5163 3495 5226 est
3525 5173 3561 5225 i.
3590 5191 3646 5245 q.

1998 5231 2699 5307 peyalaozladaclantia,
2736 5231 2914 5307 habet
2962 5231 3290 5296 M'éthodius
3341 5244 3417 5296 De
3464 5231 3649 5299 Cruc‘e

1995 5306 2117 5363 500.
2153 5308 2192 5361 Β
2249 5308 2501 5361 alterum
2538 5306 2968 5382 μεγαλαύχημα,
3004 5312 3184 5375 decus,
3229 5313 3299 5367 de
3349 5332 3464 5385 quo
3514 5317 3614 5385 qui

1993 5396 2295 5468 glorietur,
2328 5395 2497 5468 Philo
2530 5396 2608 5449 De
2640 5404 2924 5453 exsecrat.
2957 5399 3081 5454 724.
3117 5402 3179 5454 D.

2064 5468 2199 5545 (37)_
2232 5467 2487 5545 Imitatio
2520 5468 2806 5523 orationis
2837 5471 3238 5543 Nachoragani
3271 5475 3462 5528 Persae
3490 5475 3646 5545 apud

1994 5539 2303 5607 Agathiam
2335 5541 2423 5592 96.
2457 5541 2520 5591 A.

2063 5612 2285 5686 (38)_De
2317 5612 2424 5663 hac
2457 5610 2685 5681 Ingoris
2714 5611 2886 5686 clade
2914 5614 3071 5670 conf.
3129 5615 3520 5686 Luitprandus
3569 5617 3646 5669 De

1993 5681 2168 5736 rebus
2190 5682 2464 5751 imperat.
2500 5686 2558 5734 et
2586 5698 2704 5753 reg.
2749 5686 2838 5736 95.
2870 5685 2931 5739 Β.
