4108 6198
472 495 592 559 815

1860 489 2139 551 LEONIS
2181 490 2507 553 DIACONI

3759 497 3890 558 816

478 631 713 704 gatione
743 628 987 699 petisset
1016 622 1282 696 reginam
1315 621 1577 691 urbium,
1601 622 1728 694 ipse
1784 621 2108 677 domestica

2239 619 2336 676 λον
2369 617 2615 694 θέμενος,
2648 621 2740 676 σὺν
2777 621 3002 698 μεγάλῳ
3031 624 3293 696 κινήματι
3336 623 3425 678 καὶ
3480 624 3703 700 μυρίοις
3751 626 3887 682 σκᾶ-

481 719 667 774 cladis
701 716 946 770 nuntius
977 713 1184 780 factus,
1221 727 1372 784 egre
1403 728 1538 766 cum
1589 710 1875 766 naviculis
1926 709 2130 766 decem

482 807 555 862 ad
577 804 960 860 Cimmerium
991 803 1316 873 Bosporum
1348 805 1438 855 est
1490 816 1778 855 reversus.
1838 802 2130 854 Praatereo

480 896 818 950 luctuosum
834 894 962 964 ejus
985 891 1456 956 interitum,cum
1474 889 1631 944 bello
1647 890 1953 944 Germanis
1966 889 2130 943 illato

481 985 554 1038 ab
576 984 722 1055 ipsis
744 988 951 1053 captus
969 980 1159 1046 est,ad
1178 979 1578 1050 arborumque
1592 985 1834 1033 truncos
1855 978 2130 1050 alligatus

483 1091 549 1130 ac
569 1075 630 1129 in
653 1074 800 1128 duas
827 1077 1024 1143 partes
1049 1070 1402 1140 discerptus.
1431 1071 1630 1140 Neque
1652 1069 1932 1140 teipsum,
1957 1069 2130 1122 sillo-

482 1181 722 1220 manam
754 1168 1117 1218 armaturam
1175 1166 1384 1214 contra
1415 1165 1470 1213 te
1502 1159 1796 1230 proficisci
1845 1159 2128 1230 coegeris,

483 1254 727 1308 domum
759 1266 1133 1306 reversurum
1193 1264 1320 1303 esse
1381 1265 1532 1312 reor,
1586 1247 1687 1302 sed
1733 1247 1795 1302 in
1846 1247 1949 1301 illa
2001 1247 2131 1317 ipsa

482 1343 724 1415 regione
750 1357 868 1395 una
892 1356 1027 1394 cum
1059 1337 1338 1392 omnibus
1361 1336 1546 1408 copiis
1569 1336 1832 1392 deletum
1855 1335 1925 1390 iri
1956 1334 2125 1402 adeo,

479 1437 545 1484 ut
575 1446 648 1484 ne
681 1444 799 1482 una
829 1427 1072 1498 quidem
1105 1425 1356 1498 ignifera
1387 1424 1551 1479 navis
1590 1425 1653 1479 in
1703 1425 2001 1495 Scythiam
2051 1425 2129 1478 sit

479 1519 777 1590 elapsura,
838 1533 969 1587 qum
1029 1515 1188 1570 diros
1247 1531 1420 1569 casus
1478 1519 1704 1568 vestros
1786 1514 2039 1568 nuntiet.
2097 1535 2124 1562 ››

475 1605 982 1678 Sphendoslabus,
1016 1603 1420 1659 stomachatus
1453 1603 1554 1657 tali
1587 1619 1897 1674 responso,
1919 1601 2125 1656 barba-

468 1696 712 1766 ricoque
741 1694 940 1748 furore
968 1698 1144 1763 atque
1176 1691 1412 1746 insania
1443 1691 1744 1762 abreptus,
1771 1691 1852 1746 ita
1882 1708 2125 1761 respon-

469 1782 582 1836 dit:
607 1805 634 1831 α
661 1782 894 1836 Nullam
917 1779 1192 1850 equidem
1216 1778 1636 1834 necessitatem
1663 1777 1829 1832 video
1853 1779 2119 1850 impera-

466 1876 655 1925 torem
688 1873 1088 1925 Romanorum
1119 1873 1449 1940 cogentem,
1482 1874 1546 1920 ut
1593 1867 1667 1922 ad
1716 1884 1824 1922 nos
1878 1869 2118 1933 veniat;

2242 729 2361 786 φεσι
2394 710 2526 764 κατά
2570 718 2670 780 τῆς
2732 709 3130 787 βασιλευούσης
3189 710 3506 784 ἐκπλεύσας,
3571 715 3738 787 μόλις
3789 717 3887 770 σὺν

2235 795 2360 852 δέκα
2387 794 2618 871 λέμϐοις
2671 798 2724 862 ἐς
2780 801 2873 854 τὸν
2933 802 3242 874 Κιμμέριον
3305 802 3528 880 ἀφικετο
3579 805 3890 874 Βόσπορον,

2234 888 2564 964 αὐτάγγελος
2619 891 2727 945 τῶν
2782 891 2996 946 οἰκείων
3077 892 3314 967 γεγονὼς
3371 899 3691 969 συμφορῶν.
3782 897 3886 953 Καὶ

2233 979 2472 1052 παρίημι
2531 981 2623 1034 τὸν
2686 981 2836 1044 αὖθις
2897 979 3164 1035 οἷ’κτιστον
3227 981 3394 1057 μόρον
3446 981 3672 1054 ἐκείνου,
3731 986 3888 1060 παρά

2230 1067 2357 1130 τοὺς
2417 1068 2727 1142 Γερμανοὺς
2802 1069 3305 1146 ἐκστρατεύσαντος,
3387 1072 3478 1126 καὶ
3548 1073 3686 1146 πρὸς
3739 1072 3891 1128 ἐκεί-

2231 1178 2336 1212 νων
2396 1159 2719 1238 ληφθέντος,
2777 1160 2868 1214 καὶ
2942 1164 3124 1239 φυτῶν
3203 1158 3490 1235 στελέχεσι
3548 1160 3881 1235 προσδεθέν-

2229 1268 2344 1315 τος,
2415 1248 2502 1301 καὶ
2561 1247 2638 1311 είς
2698 1245 2792 1303 δύο
2871 1246 3315 1322 διαμερισθέντας
3395 1251 3680 1322 τμήματα.
3768 1254 3883 1307 Καὶ

2231 1335 2289 1390 σέ
2344 1339 2472 1410 γοῦν
2533 1335 2632 1390 οὐκ
2691 1335 2846 1408 οἶμαι
2927 1336 3061 1409 πρὸς
3153 1337 3252 1405 τήν
3334 1339 3434 1406 σήν
3520 1336 3875 1410 ἐπαναζεῦξαι

2229 1422 2484 1499 πατρίδα,
2546 1423 2599 1478 εἷ’
2647 1445 2711 1498 γε
2765 1426 2862 1492 τὴν
2922 1425 3243 1497 Ῥωμαϊκὴν
3327 1427 3658 1501 παντευχίαν
3743 1426 3888 1482 κατά

2228 1520 2326 1570 σοῦ
2379 1522 2584 1592 χωρεῖν
2641 1515 3014 1592 ἀναγκάσειας,
3084 1514 3210 1572 ἀλλ’
3297 1516 3487 1571 αὐτόθι
3571 1515 3890 1594 διαφθαρή-

2228 1607 2408 1659 σεσθαι
2475 1602 2755 1673 πανσυδεί,
2843 1606 2915 1666 ὡς
2998 1601 3138 1677 μηδὲ
3229 1605 3508 1683 πυρφόρον
3592 1604 3646 1668 ές
3733 1611 3891 1660 Σκυ-

2227 1693 2341 1758 θίαν
2375 1691 2676 1772 ἀφικέσθαι,
2727 1694 2822 1756 τάς
2882 1693 3260 1768 κατασχούσας
3319 1694 3456 1766 ὑμᾶς
3512 1693 3888 1755 ἀπευκταίους

2225 1783 2638 1860 ἀπαγγελοῦντα
2667 1783 2858 1858 τύχας.
2895 1807 2921 1833 ››
2951 1784 3012 1840 Ὁ
3041 1780 3098 1837 δὲ
3130 1777 3567 1860 Σφενδοσλάϐος,
3615 1782 3702 1837 ἐπὶ
3753 1788 3884 1845 ταῖς

2219 1872 2496 1932 τοιαύταις
2528 1871 2844 1946 ἀποκρίσεσι
2903 1869 3256 1946 σχετλιάσας,
3312 1875 3382 1944 τῇ
3438 1891 3498 1926 τε
3553 1866 3880 1946 βαρϐαρικῇ

464 1967 828 2033 quapropter
848 1977 922 2014 ne
944 1958 1387 2030 defatigetur,in
1413 1959 1566 2012 hanc
1594 1963 1813 2013 terram
1842 1958 2108 2029 proﬁcis-

2225 1962 2389 2034 μανίᾳ
2445 1960 2534 2016 καὶ
2593 1961 2827 2032 ἀπονοίᾳ
2882 1961 3352 2036 παραφερόμενος,
3437 1958 3685 2031 ἀντέλεξε
3758 1982 3884 2016 τοι-

463 2067 634 2105 cens:
664 2066 923 2120 namque
947 2049 1058 2120 ipsi
1085 2065 1221 2102 mox
1245 2047 1318 2102 ad
1341 2047 1598 2118 Byzantii
1633 2054 1832 2118 portas
1860 2047 2116 2102 colloca-

463 2139 661 2194 bimus
695 2138 1100 2202 tabernacula,
1132 2137 1362 2191 munito
1391 2137 1543 2190 vallo
1561 2136 1770 2191 urbem
1785 2137 2111 2209 cingemus,

466 2233 660 2304 ipsum
683 2229 1376 2302 erumpentem,sipergit
1399 2234 1579 2283 tantaa
1605 2245 1886 2283 terumnaa
1901 2229 2114 2295 obniti,

465 2323 700 2377 fortiter
721 2319 1402 2391 excipiemus,factisque
1425 2319 1571 2372 107
1593 2318 1736 2389 ipsis
1749 2318 2112 2386 docebimus,

463 2429 587 2467 non
608 2429 676 2467 ex
693 2412 835 2465 faece
853 2409 1292 2464 sellulariorum
1306 2407 1703 2478 manibusque
1721 2408 2115 2462 victitantium

462 2517 572 2556 nos
599 2499 860 2566 esse,sed
885 2499 1039 2552 viros
1059 2496 1578 2568 sanguinis.armis
1591 2497 1794 2551 hostes
1809 2497 2115 2551 debellan-

460 2595 572 2653 tes;
589 2589 636 2642 si
657 2587 897 2658 quidem
917 2588 1028 2640 iste
1042 2602 1148 2656 per
1165 2584 1627 2655 imprudentiam
1648 2601 1715 2639 ex
1745 2585 2115 2640 mulierculis

460 2694 566 2748 per
595 2675 947 2731 umbracula
979 2675 1354 2730 latitantibus
1383 2674 1693 2728 Russicum
1719 2675 1901 2728 robur
1922 2675 2120 2728 existi-

456 2771 600 2832 mat,
635 2771 816 2834 utque
848 2763 1136 2818 lactentes
1169 2779 1387 2833 pueros
1419 2761 1597 2816 larvis
1629 2764 1832 2816 nescio
1873 2762 2112 2833 quibus,

454 2853 796 2924 hujusmodi
839 2869 946 2906 nos
979 2851 1157 2906 minis
1189 2857 1410 2905 terrere
1442 2855 1650 2906 tentat.
1685 2872 1714 2900 »

452 2939 905 3018 ταγωνιζόμενοι·
963 2939 1009 2993 εἷ
1066 2937 1156 2993 καὶ
1214 2937 1376 3000 αὐτὸς
1446 2939 1496 3008 ἒξ
1554 2937 1778 3012 ἀγνοίας
1837 2939 1972 2994 κατά
2027 2941 2094 2996 τά
2149 2946 2577 3018 αιατραφοῦντα
2634 2942 2831 3018 γύναια
2885 2942 2985 3009 τήν

453 3031 576 3098 κήν,
633 3029 746 3099 καὶ,
803 3026 877 3090 ὥς
934 3049 1054 3083 τινα
1111 3030 1278 3098 νήπια
1337 3027 1617 3101 ὑπομάζια
1675 3027 2105 3102 μορμολυκείοις
2158 3032 2292 3104 τισὶ,
2349 3031 2570 3091 ταύταις
2626 3035 2747 3092 ταῖς
2803 3029 3076 3100 ἀπειλαῖς,
3135 3033 3282 3103 ἡμᾶς
3357 3036 3605 3104 πειρᾶται

451 3121 658 3174 τεσθαι.
694 3142 722 3169 ››

527 3241 612 3292 ll.
645 3239 996 3308 Imperator,
1029 3251 1162 3290 cum
1195 3235 1359 3290 illius
1388 3240 1508 3290 tam
1532 3250 1812 3290 vesanum
1846 3253 2102 3309 respon-
2144 3241 2187 3308 C

457 3344 588 3383 sum
613 3326 856 3382 auribus
883 3325 1677 3396 accepisset,intellexit,non
1701 3327 2102 3381 cunctandum

452 3432 602 3478 esse,
637 3414 740 3470 sed
773 3431 1004 3468 summo
1030 3413 1223 3468 studio
1247 3415 1451 3469 omnia
1472 3413 1545 3469 ad
1568 3413 1791 3469 bellum
1818 3415 2100 3485 paranda,

451 3512 515 3560 ut
536 3505 700 3558 illius
726 3504 1092 3558 invasionem
1124 3504 1679 3573 pra:veniret,eique
1703 3503 1926 3558 aditum
1951 3522 2100 3575 pra)-

447 3593 715 3650 cluderet
745 3593 817 3648 ad
851 3595 1113 3665 reginam
1149 3593 1408 3647 urbium.
1455 3594 1661 3647 Statim
1697 3600 1890 3648 turma
1921 3611 2098 3666 gene-

445 3700 720 3738 rosorum
750 3683 1220 3737 adolescentium
1253 3682 1524 3751 eligitur:
1573 3683 1682 3735 hos
1733 3683 2099 3738 immortales

442 3773 753 3827 nominat:
787 3771 860 3825 ad
892 3770 1047 3825 latus
1106 3770 1214 3824 sibi
1267 3777 1482 3841 praesto
1537 3785 1665 3824 esse
1706 3770 1896 3840 jubet.
1951 3772 2096 3826 Dein

442 3861 784 3934 Magistrum
809 3859 1037 3914 militiai
1068 3858 1334 3916 Bardam.
1361 3858 1456 3911 cui
1480 3858 1716 3911 Sclerus
1737 3875 2091 3930 cognomen,

441 3950 683 4006 fratrem
708 3951 922 4015 Marias,
950 3967 1081 4020 quas
1104 3947 1446 4018 imperatori
1470 3953 1655 4016 nupta
1668 3953 1804 4001 ante
1823 3947 2095 4003 decesse-

442 4046 552 4108 rat,
586 4041 775 4094 virum
823 4046 1131 4095 strenuum
1185 4036 1470 4108 singulari
1519 4035 1773 4090 virtute:
1821 4037 1982 4092 hunc
2038 4044 2096 4093 et

442 4132 681 4185 Petrum
706 4128 1175 4198 Patricium,jam
1191 4143 1224 4180 a
1239 4125 1566 4196 Nicephoro
1586 4129 1845 4195 Augusto
1869 4126 1942 4180 ob
1963 4128 2092 4198 ejus

439 4219 713 4274 virtutem
747 4217 1271 4290 pulcherrimaque
1303 4215 1363 4268 in
1391 4214 1564 4269 bellis
1624 4215 1782 4270 edita
1828 4216 2093 4272 facinora

440 4309 650 4365 castris
680 4307 1023 4379 praafectum
1065 4307 1250 4374 (nam,
1303 4320 1438 4358 cum
1491 4304 1728 4374 Scythia
1783 4305 2088 4360 Thraciam

439 4397 881 4454 incursantibus
911 4412 1046 4450 cum
1100 4395 1332 4466 legione
1383 4411 1490 4449 sua
1541 4396 1764 4463 Petrus,
1821 4395 2086 4466 quamvis

438 4487 712 4558 spado,se
736 4484 1077 4555 objecisset,
1110 4484 1460 4554 Scytharum
1485 4483 1620 4550 dux,
1646 4483 2086 4539 homoimmani

2227 2055 2380 2106 αὖτα’
2432 2075 2459 2100 α
2520 2047 2794 2122 Ούδεμίαν
2849 2050 3082 2125 ἀνάγκην
3136 2050 3228 2103 τὸν
3300 2049 3675 2125 αὐτοκράτορα
3733 2050 3882 2106 Ῥω-

2229 2140 2402 2213 μαίων
2436 2141 2509 2201 ὠς
2566 2141 2715 2210 ἡμᾶς
2765 2137 3049 2212 ἀφικέσθαι
3109 2139 3222 2211 ὁρῶ
3280 2138 3730 2212 κατεπείγουσαν·
3792 2137 3887 2194 διὸ

2230 2231 2306 2301 μὴ
2346 2229 2522 2303 κάμῃ,
2587 2229 2753 2302 μέχρι
2811 2225 2975 2296 τῆσδε
3031 2234 3130 2296 τῆς
3188 2234 3292 2303 γῆς
3352 2227 3686 2304 ἀφικόμενος
3741 2231 3885 2300 (39)°

2225 2318 2379 2373 αὐτοὶ
2407 2319 2510 2394 γὰρ
2541 2319 2664 2372 ὅσον
2694 2313 2846 2371 οὔπω
2876 2317 2983 2392 πρὸ
3024 2321 3132 2372 τῶν
3182 2321 3280 2372 τοῦ
3335 2315 3633 2386 Βυζαντίου
3685 2315 3884 2372 πυλῶν

2223 2407 2506 2479 πηξόμεθα
2534 2407 2630 2469 τάς
2686 2407 2911 2475 σκηνὰς,
2971 2405 3062 2460 καὶ
3118 2406 3380 2482 καρτερὸν
3437 2405 3652 2480 χάρακα
3705 2405 3887 2480 ταύτῃ

2223 2492 2651 2570 περιϐαλοῦμεν,
2713 2495 2918 2568 ἐξιόντα
2976 2517 3035 2550 τε
3092 2500 3305 2564 τοῦτον,
3343 2492 3394 2550 εἷ’
3417 2517 3475 2570 γε
3531 2495 3622 2550 καὶ
3679 2516 3889 2572 καρτε-

2225 2589 2378 2662 ρήσει
2439 2587 2572 2659 πρὸς
2624 2585 2900 2640 τοσούτων
2961 2585 3140 2639 πόνων
3173 2585 3220 2621 ²⁶
3250 2581 3692 2660 διαγωνίσασθαι,
3751 2606 3888 2660 γεν-

2222 2675 2385 2736 ναίως
2421 2672 2790 2746 ὑποδεξάμεθα
2821 2671 3106 2746 διδάξομέν
3155 2695 3211 2730 τε
3256 2679 3372 2736 τοῖς
3424 2671 3626 2749 ἔργοις,
3682 2674 3885 2738 αὐτοῖς

2223 2764 2299 2825 ὡς
2333 2764 2394 2818 ού
2425 2762 2681 2837 βάναυσοί
2713 2763 2758 2798 ³⁷
2787 2783 2928 2824 τινες
2988 2757 3481 2838 ἀποχειροϐίωτοι,
3534 2760 3660 2816 ἀλλ’
3709 2763 3881 2834 αἱμά-

2222 2875 2329 2908 των
2363 2850 2548 2928 ἄνὸρες
2574 2853 2951 2926 τυγχάνομεν,
2977 2857 3095 2913 τοῖς
3128 2850 3322 2914 ὅπλοις
3353 2852 3414 2906 τὸ
3474 2847 3734 2923 δυσμενὲς
3776 2873 3877 2905 κα-

3077 2942 3376 3010 Ῥωσσικήν
3471 2942 3687 3014 ἡγεῖται
3772 2938 3877 2995 άλ-

3696 3027 3786 3085 ὂεδ
3797 3031 3878 3085 ίτ·

2284 3237 2371 3291 ια“.
2403 3235 2620 3289 Τούτων
2650 3238 2758 3289 τῶν
2785 3233 3235 3306 ἀπονενοημένων
3279 3238 3377 3289 τοῦ
3425 3233 3625 3299 ἐκεῖθεν
3674 3233 3864 3310 λόγων

2217 3326 2244 3378 ὁ
2280 3322 2538 3398 βασιλεὺς
2595 3319 2944 3396 διενηχηθεὶς
3002 3319 3140 3396 ἔγνω
3183 3324 3259 3394 μή
3316 3319 3662 3394 διαμέλλειν,
3715 3320 3871 3378 ἀλλὰ

2215 3416 2358 3479 πάση
2392 3410 2603 3484 σπουδῇ
2634 3412 2700 3466 τά
2725 3410 2777 3473 ἐς
2810 3413 2901 3465 τὸν
2953 3409 3200 3484 πόλεμον
3251 3411 3618 3486 ἐξαρτύεσθαι,
3670 3411 3747 3473 ὡς
3801 3411 3866 3466 ἄν

2215 3504 2545 3576 προτερὴσοι
2575 3502 2675 3568 τήν
2737 3502 2872 3572 πρὸς
2919 3500 3122 3554 ἐκεῖνον
3171 3497 3371 3573 ἄφιξιν,
3423 3499 3758 3575 ἐπιτειχίσοι
3805 3521 3867 3556 τε

2211 3593 2391 3664 τούτῳ
2420 3593 2518 3658 τήν
2565 3591 2701 3644 κατά
2756 3594 2854 3653 τῆς
2919 3589 3314 3665 βασιλευούσης
3372 3590 3626 3646 ἐπίθεσιν.
3691 3589 3870 3652 Εὐθὺς

2212 3679 2304 3734 οὖν
2340 3679 2462 3748 ἴλην
2494 3678 2752 3754 γενναίων
2785 3679 2876 3733 καὶ
2906 3683 3164 3733 τεανικῶν
3211 3677 3420 3753 ἀνδρῶν
3477 3677 3866 3751 ἐκλεξάμενος,

2211 3769 2506 3823 ἀθανάτους
2537 3789 2596 3823 τε
2635 3766 2862 3829 τούτους
2919 3768 3319 3840 κατονομάσας,
3376 3768 3499 3839 περὶ
3562 3768 3725 3822 αὐτὸν
3783 3769 3865 3823 εἷ-

2209 3880 2294 3912 ναι
2328 3856 2738 3915 διεκελεύσατο.
2782 3859 3053 3914 Ἐντεῦθεν
3105 3857 3196 3912 τὸν
3252 3860 3561 3934 Μάγιστρον
3622 3856 3865 3934 Βάρδαν,

2209 3945 2255 4019 ᾧ
2287 3945 2542 4022 Σκληρὸς
2570 3950 2604 4016 ἡ
2639 3945 2952 4017 ἐπίκλησίς,
2993 3947 3268 4020 ὁμαίμονα
3318 3953 3418 4017 τῆς
3472 3947 3866 4022 ἀποιχομένης

2206 4037 2440 4112 Μαρίας,
2469 4041 2570 4102 τῆς
2623 4041 2720 4092 τοῦ
2774 4038 3028 4092 τοιούτου
3081 4035 3352 4112 βασιλέως
3404 4049 3685 4107 ωνεὺνου,
3729 4059 3864 4112 τυγ-

2207 4127 2464 4200 χάνοντα,
2497 4124 2824 4201 δραστήριον
2881 4123 3046 4198 ἄνδρα
3092 4127 3179 4180 καὶ
3228 4127 3324 4196 τὴν
3375 4125 3551 4196 ἀλκὴν
3604 4127 3864 4202 γενναιό-

2202 4235 2385 4269 τατον-
2416 4215 2505 4269 καὶ
2534 4215 2625 4269 τὸν
2661 4215 2950 4290 Πατρίκιον
3011 4214 3235 4287 Πέτρον,
3284 4215 3376 4269 τὸν
3423 4215 3560 4287 πρὸς
3608 4218 3706 4268 τοῦ
3757 4214 3860 4269 αύ-

2201 4303 2530 4376 τοκράτορος
2587 4304 2908 4380 Νικηφύρου
2991 4301 3472 4379 στρατοπεδάρχην
3555 4324 3854 4380 προχειρι-

2205 4391 2393 4455 σθέντα
2424 4390 2512 4446 διά
2561 4413 2620 4448 τε
2663 4393 2763 4460 τὴν
2813 4398 3120 4469 προσοῦσαν
3173 4393 3320 4464 αὐτῷ
3365 4394 3586 4468 ἀρετὴν,
3637 4395 3726 4448 καὶ
3787 4395 3859 4450 τὰ

2201 4483 2336 4536 κατά
2363 4481 2492 4544 τοὺς
2523 4481 2803 4554 πολέμους
2827 4480 3134 4557 ἀνδραγαθή
3147 4503 3287 4554 ματα
3316 4483 3552 4558 (λέγεται
3583 4483 3688 4557 γάρ
3721 4505 3859 4539 ποτε

435 4591 704 4645 corpore,
739 4574 887 4628 bene
922 4573 1226 4642 loricatus,
1261 4573 1546 4627 trabalem
1580 4573 1811 4626 hastam
1848 4578 2084 4628 contor-

2217 4575 2424 4635 Σκυθῶν
2455 4573 2556 4641 τήν
2605 4572 2820 4646 Θρᾴκην
2878 4570 3359 4646 καταδραμόντων,
3418 4572 3534 4627 ἐπεὶ
3592 4572 3645 4644 ἐξ
3705 4575 3856 4628 ἀντι-

435 4679 644 4734 quens,
678 4663 738 4717 in
771 4663 1033 4718 medium
1067 4662 1222 4717 intra
1253 4661 1398 4716 duas
1430 4661 1587 4716 acies
1610 4678 1762 4731 equo
1790 4663 2086 4732 profectus

433 4751 505 4806 ad
539 4769 796 4825 pugnam
827 4768 1175 4823 provocasse
1207 4751 1444 4817 dicitur,
1480 4750 1579 4822 qui
1631 4767 1767 4804 cum
1815 4751 1966 4806 I08
2015 4767 2082 4806 eo

433 4843 713 4914 congredi
733 4843 936 4898 vellet:
965 4839 1762 4910 Petrum,roboreassumpto
1779 4839 2082 4910 animique

433 4933 1002 5005 magnitudinequm
1019 4931 1283 4986 omnium
1301 4931 1805 5001 exspectationem
1824 4929 2086 4984 vinceret

432 5022 761 5077 calcaribus
791 5038 941 5092 equo
972 5021 1188 5076 acriter
1217 5019 1472 5074 admotis
1506 5025 1564 5074 et
1615 5019 1823 5074 lancea
1853 5019 2085 5072 fortiter

429 5110 675 5177 vibrata,
708 5109 996 5166 ambabus
1024 5125 1157 5164 eam
1187 5108 1464 5163 manibus
1495 5108 1556 5162 in
1617 5108 1844 5178 Scythae
1877 5114 2082 5178 pectus

430 5200 696 5273 adegisse
721 5217 736 5269 ;
755 5200 956 5270 itaque
978 5197 1242 5253 validum
1267 5196 1451 5252 fuisse
1484 5197 1762 5266 ictum,ut
1783 5197 2080 5268 perforato

2195 4661 2376 4715 πάλου
2404 4662 2495 4715 τὸν
2536 4661 2757 4734 Πέτρον,
2790 4659 2966 4716 καίτοι
2997 4661 3194 4732 τομίαν
3225 4660 3374 4732 ὅννα,
3409 4662 3543 4734 μετά
3572 4666 3675 4716 τοῦ
3717 4684 3853 4717 συν-

2194 4749 2464 4821 επομένου
2518 4748 2738 4828 στίφους
2793 4744 3094 4819 ξυνέϐαινεν
3151 4751 3342 4811 αὑτοῖς
3413 4750 3848 4824 ἀντιτάττεσθαι,

2191 4840 2277 4910 [Ρ.
2312 4841 2403 4914 66]
2433 4839 2523 4892 τὸν
2556 4842 2661 4892 τῶν
2701 4839 2921 4892 Σκυθῶν
2967 4837 3118 4913 ἀγὸν,
3168 4839 3448 4914 πελώριον
3508 4837 3702 4914 ἄνδρα,
3752 4840 3846 4895 καὶ

2193 4927 2245 4988 ἐς
2277 4929 2339 4981 τὸ
2371 4926 2609 5007 ἀσφαλες
2655 4925 3146 4998 τεθωρακισμένον,
3200 4929 3347 5000 παρά
3391 4927 3454 4982 τὸ
3507 4917 3846 5004 μεταίχμιον

2191 5016 2602 5086 ἐξιππάσασθαι,
2657 5015 2846 5070 κοντὸν
2898 5014 3144 5087 ἐπιμήκη
3201 5014 3585 5092 κραδαίνοντα,
3671 5039 3841 5092 προσ.

2190 5104 2472 5160 καλεῖσθαί
2503 5106 2552 5141 ³⁸
2577 5125 2637 5159 τε
2690 5105 2781 5158 τὸν
2843 5101 3255 5180 βεϐουλημένον
3315 5107 3466 5178 αύτῷ
3526 5110 3842 5163 ἀντιτάττε-

2190 5195 2448 5259 σθαιιτὸν
2505 5192 2562 5249 δὲ
2608 5195 2832 5270 Πέτρον,
2889 5193 3065 5265 ἀλκῆς
3117 5197 3204 5250 καὶ
3270 5194 3464 5270 μένους
3521 5199 3650 5272 παρ’
3710 5197 3843 5253 ὑπό-

1635 5401 1696 5456 C.
1719 5401 1784 5457 Β.
1806 5401 1994 5456 HASII
2024 5403 2585 5460 ANNOTATIONES.

489 5608 538 5644 ⁴⁶
569 5610 699 5682 Leg.
731 5608 988 5661 τοσοῦτον
1013 5603 1197 5663 κόνον.
1271 5603 1317 5641 ³⁷
1347 5605 1604 5659 κάναυσοι
1631 5603 1762 5661 cod.
1839 5604 1885 5640 ³⁸
1914 5606 2108 5663 ForL'z

2217 5603 2508 5672 ιαλεῖσθαί.

488 5799 598 5870 (39)
627 5798 885 5854 Zonaras
917 5794 986 5853 ll.
1019 5796 1148 5864 209,
1185 5795 1249 5851 D.
