  <div class='ocr_page' id='page_1' title='image "/cluster/home/n/w/nwhite01/storage/ocr_20150623/117/hvd.32044073502239/414.png"; bbox 0 0 4060 6198; ppageno 0'>
   <div class='ocr_carea' id='block_1_1' title="bbox 293 352 406 412">
    <p class='ocr_par' dir='ltr' id='par_1_1' title="bbox 293 352 406 412">
     <span class='ocr_line' id='line_1_1' title="bbox 293 352 406 412; baseline -0.018 0"><span class='ocrx_word' id='word_1_1' title='bbox 293 352 406 412; x_wconf 78' lang='grc'>81⁵1</span> 
     </span>
    </p>
   </div>
   <div class='ocr_carea' id='block_1_2' title="bbox 1604 348 2351 411">
    <p class='ocr_par' dir='ltr' id='par_1_2' title="bbox 1604 348 2351 411">
     <span class='ocr_line' id='line_1_2' title="bbox 1604 348 2351 411; baseline -0.004 0"><span class='ocrx_word' id='word_1_2' title='bbox 1604 348 2001 411; x_wconf 67' lang='grc' dir='ltr'>ΗΙΞΤΟΗΙΕ</span> <span class='ocrx_word' id='word_1_3' title='bbox 2040 350 2194 410; x_wconf 86' lang='lat' dir='ltr'>LIB.</span> <span class='ocrx_word' id='word_1_4' title='bbox 2242 351 2351 409; x_wconf 86' lang='lat' dir='ltr'>VI.</span> 
     </span>
    </p>
   </div>
   <div class='ocr_carea' id='block_1_3' title="bbox 3590 346 3710 407">
    <p class='ocr_par' dir='ltr' id='par_1_3' title="bbox 3590 346 3710 407">
     <span class='ocr_line' id='line_1_3' title="bbox 3590 346 3710 407; baseline -0.017 0"><span class='ocrx_word' id='word_1_5' title='bbox 3590 346 3710 407; x_wconf 80' lang='grc'>818</span> 
     </span>
    </p>
   </div>
   <div class='ocr_carea' id='block_1_4' title="bbox 293 479 1933 558">
    <p class='ocr_par' dir='ltr' id='par_1_4' title="bbox 293 479 1928 558">
     <span class='ocr_line' id='line_1_4' title="bbox 293 479 1928 558; baseline -0.002 -20"><span class='ocrx_word' id='word_1_6' title='bbox 293 504 444 538; x_wconf 85' lang='grc' dir='ltr'>νοιαν</span> <span class='ocrx_word' id='word_1_7' title='bbox 472 479 922 551; x_wconf 77' lang='grc' dir='ltr'>ὑποπλησθέντα,</span> <span class='ocrx_word' id='word_1_8' title='bbox 976 483 1068 536; x_wconf 86' lang='grc' dir='ltr'>τὸν</span> <span class='ocrx_word' id='word_1_9' title='bbox 1120 479 1295 535; x_wconf 77' lang='grc' dir='ltr'>’ίππον</span> <span class='ocrx_word' id='word_1_10' title='bbox 1346 503 1403 535; x_wconf 89' lang='grc' dir='ltr'>τε</span> <span class='ocrx_word' id='word_1_11' title='bbox 1466 479 1719 558; x_wconf 82' lang='grc' dir='ltr'>σφοδρῶς</span> <span class='ocrx_word' id='word_1_12' title='bbox 1748 483 1928 555; x_wconf 87' lang='grc' dir='ltr'>κεντρί</span> 
     </span>
    </p>
   </div>
   <div class='ocr_carea' id='block_1_5' title="bbox 2046 479 3713 558">
    <p class='ocr_par' dir='ltr' id='par_1_5' title="bbox 2070 480 3713 553">
     <span class='ocr_line' id='line_1_5' title="bbox 2070 480 3713 553; baseline -0.002 -16"><span class='ocrx_word' id='word_1_13' title='bbox 2070 500 2315 553; x_wconf 89' lang='lat' dir='ltr'>corpore</span> <span class='ocrx_word' id='word_1_14' title='bbox 2346 482 2545 553; x_wconf 85' lang='lat' dir='ltr'>cuspis</span> <span class='ocrx_word' id='word_1_15' title='bbox 2576 481 2648 536; x_wconf 88' lang='lat' dir='ltr'>ad</span> <span class='ocrx_word' id='word_1_16' title='bbox 2679 480 2923 535; x_wconf 82' lang='lat' dir='ltr'>dorsum</span> <span class='ocrx_word' id='word_1_17' title='bbox 2954 480 3309 552; x_wconf 89' lang='lat' dir='ltr'>pervolaret,</span> <span class='ocrx_word' id='word_1_18' title='bbox 3348 481 3543 535; x_wconf 87' lang='lat' dir='ltr'>hamis</span> <span class='ocrx_word' id='word_1_19' title='bbox 3570 496 3713 534; x_wconf 88' lang='lat' dir='ltr'>con-</span> 
     </span>
    </p>
   </div>
   <div class='ocr_carea' id='block_1_6' title="bbox 294 567 1956 645">
    <p class='ocr_par' dir='ltr' id='par_1_6' title="bbox 294 567 1956 645">
     <span class='ocr_line' id='line_1_6' title="bbox 294 567 1956 645; baseline -0.002 -18"><span class='ocrx_word' id='word_1_20' title='bbox 294 593 383 627; x_wconf 90' lang='grc' dir='ltr'>σαι</span> <span class='ocrx_word' id='word_1_21' title='bbox 410 577 528 634; x_wconf 85' lang='grc' dir='ltr'>τοῖς</span> <span class='ocrx_word' id='word_1_22' title='bbox 564 574 774 643; x_wconf 72' lang='grc' dir='ltr'>μυωψι,</span> <span class='ocrx_word' id='word_1_23' title='bbox 808 570 898 625; x_wconf 75' lang='grc' dir='ltr'>καὶ</span> <span class='ocrx_word' id='word_1_24' title='bbox 947 570 1009 625; x_wconf 88' lang='grc' dir='ltr'>τὸ</span> <span class='ocrx_word' id='word_1_25' title='bbox 1068 567 1199 645; x_wconf 80' lang='grc' dir='ltr'>δόρυ</span> <span class='ocrx_word' id='word_1_26' title='bbox 1249 577 1524 644; x_wconf 77' lang='grc' dir='ltr'>κραταιῶς</span> <span class='ocrx_word' id='word_1_27' title='bbox 1585 568 1956 643; x_wconf 84' lang='grc' dir='ltr'>διαγκυλησά-</span> 
     </span>
    </p>
   </div>
   <div class='ocr_carea' id='block_1_7' title="bbox 300 657 1952 737">
    <p class='ocr_par' dir='ltr' id='par_1_7' title="bbox 300 657 1952 737">
     <span class='ocr_line' id='line_1_7' title="bbox 300 657 1952 737; baseline -0.002 -23"><span class='ocrx_word' id='word_1_28' title='bbox 300 682 484 734; x_wconf 88' lang='grc' dir='ltr'>μενον,</span> <span class='ocrx_word' id='word_1_29' title='bbox 517 659 855 737; x_wconf 72' lang='grc' dir='ltr'>ἀμφοτέραις</span> <span class='ocrx_word' id='word_1_30' title='bbox 902 657 1039 712; x_wconf 84' lang='grc' dir='ltr'>ὦσαι</span> <span class='ocrx_word' id='word_1_31' title='bbox 1096 660 1231 713; x_wconf 81' lang='grc' dir='ltr'>κατὰ</span> <span class='ocrx_word' id='word_1_32' title='bbox 1276 664 1375 714; x_wconf 78' lang='grc' dir='ltr'>τοῦ</span> <span class='ocrx_word' id='word_1_33' title='bbox 1415 660 1634 733; x_wconf 97' lang='grc' dir='ltr'>στέρνου</span> <span class='ocrx_word' id='word_1_34' title='bbox 1666 660 1757 713; x_wconf 82' lang='grc' dir='ltr'>τὸν</span> <span class='ocrx_word' id='word_1_35' title='bbox 1820 658 1952 712; x_wconf 77' lang='grc' dir='ltr'>Σκύ-</span> 
     </span>
    </p>
   </div>
   <div class='ocr_carea' id='block_1_8' title="bbox 295 745 1949 823">
    <p class='ocr_par' dir='ltr' id='par_1_8' title="bbox 295 745 1949 823">
     <span class='ocr_line' id='line_1_8' title="bbox 295 745 1949 823; baseline -0.002 -20"><span class='ocrx_word' id='word_1_36' title='bbox 295 761 417 820; x_wconf 85' lang='grc' dir='ltr'>θην·</span> <span class='ocrx_word' id='word_1_37' title='bbox 490 749 632 803; x_wconf 79' lang='grc' dir='ltr'>οὕτω</span> <span class='ocrx_word' id='word_1_38' title='bbox 720 745 777 802; x_wconf 75' lang='grc' dir='ltr'>δὲ</span> <span class='ocrx_word' id='word_1_39' title='bbox 830 748 1075 823; x_wconf 86' lang='grc' dir='ltr'>γενέσθαι</span> <span class='ocrx_word' id='word_1_40' title='bbox 1149 749 1247 815; x_wconf 74' lang='grc' dir='ltr'>τήν</span> <span class='ocrx_word' id='word_1_41' title='bbox 1310 750 1604 821; x_wconf 72' lang='grc' dir='ltr'>ἀντέρεισιν</span> <span class='ocrx_word' id='word_1_42' title='bbox 1665 749 1949 822; x_wconf 79' lang='grc' dir='ltr'>καρτερὰν,</span> 
     </span>
    </p>
   </div>
   <div class='ocr_carea' id='block_1_9' title="bbox 293 831 1946 912">
    <p class='ocr_par' dir='ltr' id='par_1_9' title="bbox 293 831 1946 912">
     <span class='ocr_line' id='line_1_9' title="bbox 293 831 1946 912; baseline -0.002 -23"><span class='ocrx_word' id='word_1_43' title='bbox 293 836 369 897; x_wconf 84' lang='grc' dir='ltr'>ὡς</span> <span class='ocrx_word' id='word_1_44' title='bbox 402 836 784 909; x_wconf 82' lang='grc' dir='ltr'>ἀντιτορῆσαι,</span> <span class='ocrx_word' id='word_1_45' title='bbox 815 835 904 888; x_wconf 84' lang='grc' dir='ltr'>καὶ</span> <span class='ocrx_word' id='word_1_46' title='bbox 961 831 1259 910; x_wconf 75' lang='grc' dir='ltr'>διαμπερὲς</span> <span class='ocrx_word' id='word_1_47' title='bbox 1306 838 1441 891; x_wconf 74' lang='grc' dir='ltr'>κατά</span> <span class='ocrx_word' id='word_1_48' title='bbox 1498 857 1558 891; x_wconf 91' lang='grc' dir='ltr'>το</span> <span class='ocrx_word' id='word_1_49' title='bbox 1617 835 1946 912; x_wconf 75' lang='grc' dir='ltr'>μετάφρενον</span> 
     </span>
    </p>
   </div>
   <div class='ocr_carea' id='block_1_10' title="bbox 290 922 1950 998">
    <p class='ocr_par' dir='ltr' id='par_1_10' title="bbox 290 922 1950 998">
     <span class='ocr_line' id='line_1_10' title="bbox 290 922 1950 998; baseline -0.002 -18"><span class='ocrx_word' id='word_1_50' title='bbox 290 922 584 995; x_wconf 81' lang='grc' dir='ltr'>διαπτῆναι</span> <span class='ocrx_word' id='word_1_51' title='bbox 610 925 677 991; x_wconf 70' lang='grc'>⁵9,</span> <span class='ocrx_word' id='word_1_52' title='bbox 716 925 790 996; x_wconf 82' lang='grc' dir='ltr'>μή</span> <span class='ocrx_word' id='word_1_53' title='bbox 825 924 1157 998; x_wconf 85' lang='grc' dir='ltr'>ἀντισχόντα</span> <span class='ocrx_word' id='word_1_54' title='bbox 1211 926 1301 980; x_wconf 77' lang='grc' dir='ltr'>τὸν</span> <span class='ocrx_word' id='word_1_55' title='bbox 1355 922 1694 980; x_wconf 78' lang='grc' dir='ltr'>ἁλυσιδωτὸν</span> <span class='ocrx_word' id='word_1_56' title='bbox 1730 924 1950 996; x_wconf 81' lang='grc' dir='ltr'>θώρακα</span> 
     </span>
    </p>
   </div>
   <div class='ocr_carea' id='block_1_11' title="bbox 288 1010 1944 1088">
    <p class='ocr_par' dir='ltr' id='par_1_11' title="bbox 288 1010 1944 1088">
     <span class='ocr_line' id='line_1_11' title="bbox 288 1010 1944 1088; baseline -0.001 -21"><span class='ocrx_word' id='word_1_57' title='bbox 288 1012 418 1068; x_wconf 83' lang='grc' dir='ltr'>ἀλλ’</span> <span class='ocrx_word' id='word_1_58' title='bbox 452 1010 683 1069; x_wconf 80' lang='grc' dir='ltr'>ἄναυδον</span> <span class='ocrx_word' id='word_1_59' title='bbox 734 1014 825 1067; x_wconf 83' lang='grc' dir='ltr'>τὸν</span> <span class='ocrx_word' id='word_1_60' title='bbox 882 1011 1159 1087; x_wconf 74' lang='grc' dir='ltr'>πελώριον</span> <span class='ocrx_word' id='word_1_61' title='bbox 1220 1013 1421 1068; x_wconf 79' lang='grc' dir='ltr'>ἐκεῖνον</span> <span class='ocrx_word' id='word_1_62' title='bbox 1490 1019 1944 1088; x_wconf 79' lang='grc' dir='ltr'>προσαραχθῆναι</span> 
     </span>
    </p>
   </div>
   <div class='ocr_carea' id='block_1_12' title="bbox 284 1101 1945 1178">
    <p class='ocr_par' dir='ltr' id='par_1_12' title="bbox 284 1101 1945 1178">
     <span class='ocr_line' id='line_1_12' title="bbox 284 1101 1945 1178; baseline -0.001 -22"><span class='ocrx_word' id='word_1_63' title='bbox 284 1105 353 1174; x_wconf 81' lang='grc' dir='ltr'>τῇ</span> <span class='ocrx_word' id='word_1_64' title='bbox 389 1101 601 1178; x_wconf 81' lang='grc' dir='ltr'>γῆ·καί</span> <span class='ocrx_word' id='word_1_65' title='bbox 655 1102 838 1173; x_wconf 77' lang='grc' dir='ltr'>τούτῳ</span> <span class='ocrx_word' id='word_1_66' title='bbox 895 1101 974 1171; x_wconf 82' lang='grc' dir='ltr'>τῷ</span> <span class='ocrx_word' id='word_1_67' title='bbox 1005 1103 1174 1173; x_wconf 88' lang='grc' dir='ltr'>καινῷ</span> <span class='ocrx_word' id='word_1_68' title='bbox 1232 1102 1322 1156; x_wconf 87' lang='grc' dir='ltr'>καὶ</span> <span class='ocrx_word' id='word_1_69' title='bbox 1373 1102 1509 1174; x_wconf 80' lang='grc' dir='ltr'>ξένῳ</span> <span class='ocrx_word' id='word_1_70' title='bbox 1557 1103 1787 1173; x_wconf 87' lang='grc' dir='ltr'>θεάματι</span> <span class='ocrx_word' id='word_1_71' title='bbox 1846 1122 1945 1155; x_wconf 87' lang='grc' dir='ltr'>κα-</span> 
     </span>
    </p>
   </div>
   <div class='ocr_carea' id='block_1_13' title="bbox 281 1190 1942 1267">
    <p class='ocr_par' dir='ltr' id='par_1_13' title="bbox 281 1190 1942 1267">
     <span class='ocr_line' id='line_1_13' title="bbox 281 1190 1942 1267; baseline 0 -22"><span class='ocrx_word' id='word_1_72' title='bbox 281 1190 636 1265; x_wconf 84' lang='grc' dir='ltr'>ταπλαγῆναί</span> <span class='ocrx_word' id='word_1_73' title='bbox 666 1212 725 1245; x_wconf 92' lang='grc' dir='ltr'>τε</span> <span class='ocrx_word' id='word_1_74' title='bbox 769 1191 899 1251; x_wconf 80' lang='grc' dir='ltr'>τοὺς</span> <span class='ocrx_word' id='word_1_75' title='bbox 962 1191 1193 1262; x_wconf 66' lang='grc' dir='ltr'>Σκύθας,</span> <span class='ocrx_word' id='word_1_76' title='bbox 1244 1191 1334 1246; x_wconf 85' lang='grc' dir='ltr'>καὶ</span> <span class='ocrx_word' id='word_1_77' title='bbox 1392 1192 1529 1266; x_wconf 87' lang='grc' dir='ltr'>πρὸς</span> <span class='ocrx_word' id='word_1_78' title='bbox 1584 1192 1760 1267; x_wconf 79' lang='grc' dir='ltr'>φυγὴν</span> <span class='ocrx_word' id='word_1_79' title='bbox 1818 1191 1942 1245; x_wconf 82' lang='grc' dir='ltr'>ἀπι-</span> 
     </span>
    </p>
   </div>
   <div class='ocr_carea' id='block_1_14' title="bbox 281 1277 1941 1357">
    <p class='ocr_par' dir='ltr' id='par_1_14' title="bbox 281 1277 1941 1357">
     <span class='ocr_line' id='line_1_14' title="bbox 281 1277 1941 1357; baseline 0.001 -23"><span class='ocrx_word' id='word_1_80' title='bbox 281 1277 693 1353; x_wconf 74' lang='grc' dir='ltr'>δεῖν)·τούτοις</span> <span class='ocrx_word' id='word_1_81' title='bbox 720 1286 837 1341; x_wconf 86' lang='grc' dir='ltr'>τοῖς</span> <span class='ocrx_word' id='word_1_82' title='bbox 888 1286 1212 1355; x_wconf 79' lang='grc' dir='ltr'>στρατηγοῖς</span> <span class='ocrx_word' id='word_1_83' title='bbox 1271 1280 1637 1357; x_wconf 68' lang='grc' dir='ltr'>παρήγγειλεν</span> <span class='ocrx_word' id='word_1_84' title='bbox 1699 1282 1725 1336; x_wconf 83' lang='grc' dir='ltr'>ὁ</span> <span class='ocrx_word' id='word_1_85' title='bbox 1790 1281 1941 1356; x_wconf 86' lang='grc' dir='ltr'>βασι-</span> 
     </span>
    </p>
   </div>
   <div class='ocr_carea' id='block_1_15' title="bbox 279 1368 1941 1447">
    <p class='ocr_par' dir='ltr' id='par_1_15' title="bbox 279 1368 1941 1447">
     <span class='ocr_line' id='line_1_15' title="bbox 279 1368 1941 1447; baseline -0.001 -22"><span class='ocrx_word' id='word_1_86' title='bbox 279 1371 426 1438; x_wconf 76' lang='grc' dir='ltr'>λεὺς,</span> <span class='ocrx_word' id='word_1_87' title='bbox 461 1373 555 1434; x_wconf 73' lang='grc' dir='ltr'>τὰς</span> <span class='ocrx_word' id='word_1_88' title='bbox 578 1368 833 1442; x_wconf 82' lang='grc' dir='ltr'>δυνάμεις</span> <span class='ocrx_word' id='word_1_89' title='bbox 863 1370 1230 1447; x_wconf 76' lang='grc' dir='ltr'>ἀνειληφότας</span> <span class='ocrx_word' id='word_1_90' title='bbox 1286 1370 1374 1425; x_wconf 81' lang='grc' dir='ltr'>ἐπὶ</span> <span class='ocrx_word' id='word_1_91' title='bbox 1434 1373 1533 1440; x_wconf 79' lang='grc' dir='ltr'>τήν</span> <span class='ocrx_word' id='word_1_92' title='bbox 1590 1370 1795 1446; x_wconf 79' lang='grc' dir='ltr'>ὅμορον</span> <span class='ocrx_word' id='word_1_93' title='bbox 1852 1369 1941 1424; x_wconf 78' lang='grc' dir='ltr'>καὶ</span> 
     </span>
    </p>
   </div>
   <div class='ocr_carea' id='block_1_16' title="bbox 277 1455 1942 1538">
    <p class='ocr_par' dir='ltr' id='par_1_16' title="bbox 277 1455 1942 1538">
     <span class='ocr_line' id='line_1_16' title="bbox 277 1455 1942 1538; baseline 0 -25"><span class='ocrx_word' id='word_1_94' title='bbox 277 1457 666 1538; x_wconf 80' lang='grc' dir='ltr'>ἆγχιτέρμονα</span> <span class='ocrx_word' id='word_1_95' title='bbox 696 1466 795 1528; x_wconf 83' lang='grc' dir='ltr'>τῆς</span> <span class='ocrx_word' id='word_1_96' title='bbox 829 1461 1040 1523; x_wconf 78' lang='grc' dir='ltr'>Μυσίας</span> <span class='ocrx_word' id='word_1_97' title='bbox 1095 1455 1411 1515; x_wconf 78' lang='grc' dir='ltr'>διαϐαίνειν·</span> <span class='ocrx_word' id='word_1_98' title='bbox 1466 1460 1581 1515; x_wconf 72' lang='grc' dir='ltr'>ἐκεῖ</span> <span class='ocrx_word' id='word_1_99' title='bbox 1626 1481 1683 1515; x_wconf 84' lang='grc' dir='ltr'>τε</span> <span class='ocrx_word' id='word_1_100' title='bbox 1735 1457 1942 1538; x_wconf 87' lang='grc' dir='ltr'>διαχει-</span> 
     </span>
    </p>
   </div>
   <div class='ocr_carea' id='block_1_17' title="bbox 283 1548 1940 1628">
    <p class='ocr_par' dir='ltr' id='par_1_17' title="bbox 283 1548 1940 1628">
     <span class='ocr_line' id='line_1_17' title="bbox 283 1548 1940 1628; baseline 0.001 -26"><span class='ocrx_word' id='word_1_101' title='bbox 283 1553 502 1621; x_wconf 79' lang='grc' dir='ltr'>μάζειν,</span> <span class='ocrx_word' id='word_1_102' title='bbox 534 1549 621 1604; x_wconf 76' lang='grc' dir='ltr'>καὶ</span> <span class='ocrx_word' id='word_1_103' title='bbox 652 1550 945 1625; x_wconf 82' lang='grc' dir='ltr'>γυμνάζειν</span> <span class='ocrx_word' id='word_1_104' title='bbox 977 1550 1077 1617; x_wconf 70' lang='grc' dir='ltr'>τὴν</span> <span class='ocrx_word' id='word_1_105' title='bbox 1140 1550 1413 1625; x_wconf 76' lang='grc' dir='ltr'>στρατιάν,</span> <span class='ocrx_word' id='word_1_106' title='bbox 1461 1548 1551 1603; x_wconf 84' lang='grc' dir='ltr'>καὶ</span> <span class='ocrx_word' id='word_1_107' title='bbox 1609 1551 1698 1604; x_wconf 88' lang='grc' dir='ltr'>τὸν</span> <span class='ocrx_word' id='word_1_108' title='bbox 1755 1554 1940 1628; x_wconf 81' lang='grc' dir='ltr'>χῶρον</span> 
     </span>
    </p>
   </div>
   <div class='ocr_carea' id='block_1_18' title="bbox 278 1633 1936 1711">
    <p class='ocr_par' dir='ltr' id='par_1_18' title="bbox 278 1633 1936 1711">
     <span class='ocr_line' id='line_1_18' title="bbox 278 1633 1936 1711; baseline 0 -20"><span class='ocrx_word' id='word_1_109' title='bbox 278 1636 581 1710; x_wconf 82' lang='grc' dir='ltr'>περιέπειν,</span> <span class='ocrx_word' id='word_1_110' title='bbox 614 1638 688 1699; x_wconf 89' lang='grc' dir='ltr'>ὡς</span> <span class='ocrx_word' id='word_1_111' title='bbox 725 1640 801 1711; x_wconf 78' lang='grc' dir='ltr'>μή</span> <span class='ocrx_word' id='word_1_112' title='bbox 836 1660 920 1699; x_wconf 86' lang='grc' dir='ltr'>τις</span> <span class='ocrx_word' id='word_1_113' title='bbox 951 1636 1033 1707; x_wconf 58' lang='grc' dir='ltr'>εἴη</span> <span class='ocrx_word' id='word_1_114' title='bbox 1086 1638 1265 1710; x_wconf 65' lang='grc' dir='ltr'>τούτῳ</span> <span class='ocrx_word' id='word_1_115' title='bbox 1297 1633 1455 1708; x_wconf 77' lang='grc' dir='ltr'>λώϐη</span> <span class='ocrx_word' id='word_1_116' title='bbox 1492 1643 1610 1699; x_wconf 88' lang='grc' dir='ltr'>ταῖς</span> <span class='ocrx_word' id='word_1_117' title='bbox 1641 1634 1936 1711; x_wconf 74' lang='grc' dir='ltr'>ἐκδρομαῖς</span> 
     </span>
    </p>
   </div>
   <div class='ocr_carea' id='block_1_19' title="bbox 2068 569 3709 640">
    <p class='ocr_par' dir='ltr' id='par_1_19' title="bbox 2068 569 3709 640">
     <span class='ocr_line' id='line_1_19' title="bbox 2068 569 3709 640; baseline -0.003 -14"><span class='ocrx_word' id='word_1_118' title='bbox 2068 578 2225 626; x_wconf 90' lang='lat' dir='ltr'>serta</span> <span class='ocrx_word' id='word_1_119' title='bbox 2263 571 2447 626; x_wconf 88' lang='lat' dir='ltr'>lorica</span> <span class='ocrx_word' id='word_1_120' title='bbox 2474 570 2935 640; x_wconf 79' lang='lat' dir='ltr'>haudquaquam</span> <span class='ocrx_word' id='word_1_121' title='bbox 2969 570 3285 639; x_wconf 84' lang='lat' dir='ltr'>prohibita,</span> <span class='ocrx_word' id='word_1_122' title='bbox 3313 569 3709 637; x_wconf 83' lang='lat' dir='ltr'>immanisque</span> 
     </span>
    </p>
   </div>
   <div class='ocr_carea' id='block_1_20' title="bbox 2064 659 3707 727">
    <p class='ocr_par' dir='ltr' id='par_1_20' title="bbox 2064 659 3707 727">
     <span class='ocr_line' id='line_1_20' title="bbox 2064 659 3707 727; baseline -0.003 -12"><span class='ocrx_word' id='word_1_123' title='bbox 2064 662 2251 716; x_wconf 89' lang='lat' dir='ltr'>hostis</span> <span class='ocrx_word' id='word_1_124' title='bbox 2287 661 2453 715; x_wconf 90' lang='lat' dir='ltr'>nulla</span> <span class='ocrx_word' id='word_1_125' title='bbox 2482 676 2620 714; x_wconf 88' lang='lat' dir='ltr'>voce</span> <span class='ocrx_word' id='word_1_126' title='bbox 2654 660 2872 714; x_wconf 89' lang='lat' dir='ltr'>emissa</span> <span class='ocrx_word' id='word_1_127' title='bbox 2918 659 3083 712; x_wconf 91' lang='lat' dir='ltr'>humi</span> <span class='ocrx_word' id='word_1_128' title='bbox 3146 663 3512 712; x_wconf 82' lang='lat' dir='ltr'>sterneretur</span> <span class='ocrx_word' id='word_1_129' title='bbox 3546 675 3557 710; x_wconf 95' lang='lat'>:</span> <span class='ocrx_word' id='word_1_130' title='bbox 3592 674 3707 727; x_wconf 92' lang='lat' dir='ltr'>quo</span> 
     </span>
    </p>
   </div>
   <div class='ocr_carea' id='block_1_21' title="bbox 2062 747 3709 820">
    <p class='ocr_par' dir='ltr' id='par_1_21' title="bbox 2062 747 3709 820">
     <span class='ocr_line' id='line_1_21' title="bbox 2062 747 3709 820; baseline -0.003 -15"><span class='ocrx_word' id='word_1_131' title='bbox 2062 768 2211 805; x_wconf 92' lang='lat' dir='ltr'>novo</span> <span class='ocrx_word' id='word_1_132' title='bbox 2244 751 2514 820; x_wconf 91' lang='lat' dir='ltr'>miroque</span> <span class='ocrx_word' id='word_1_133' title='bbox 2550 748 2886 820; x_wconf 88' lang='lat' dir='ltr'>spectaculo</span> <span class='ocrx_word' id='word_1_134' title='bbox 2932 748 3167 803; x_wconf 85' lang='lat' dir='ltr'>territos</span> <span class='ocrx_word' id='word_1_135' title='bbox 3225 748 3469 818; x_wconf 85' lang='lat' dir='ltr'>Scythas</span> <span class='ocrx_word' id='word_1_136' title='bbox 3512 747 3709 817; x_wconf 84' lang='lat' dir='ltr'>fugam</span> 
     </span>
    </p>
   </div>
   <div class='ocr_carea' id='block_1_22' title="bbox 2062 837 3712 911">
    <p class='ocr_par' dir='ltr' id='par_1_22' title="bbox 2062 837 3712 911">
     <span class='ocr_line' id='line_1_22' title="bbox 2062 837 3712 911; baseline -0.002 -18"><span class='ocrx_word' id='word_1_137' title='bbox 2062 839 2411 911; x_wconf 77' lang='lat' dir='ltr'>respexisse)</span> <span class='ocrx_word' id='word_1_138' title='bbox 2450 856 2461 892; x_wconf 92' lang='lat'>:</span> <span class='ocrx_word' id='word_1_139' title='bbox 2498 840 2604 893; x_wconf 92' lang='lat' dir='ltr'>hos</span> <span class='ocrx_word' id='word_1_140' title='bbox 2636 839 2816 892; x_wconf 88' lang='lat' dir='ltr'>duces</span> <span class='ocrx_word' id='word_1_141' title='bbox 2848 838 3170 908; x_wconf 81' lang='lat' dir='ltr'>imperator</span> <span class='ocrx_word' id='word_1_142' title='bbox 3192 837 3373 907; x_wconf 86' lang='lat' dir='ltr'>jussit</span> <span class='ocrx_word' id='word_1_143' title='bbox 3392 837 3712 905; x_wconf 76' lang='lat' dir='ltr'>assumptis</span> 
     </span>
    </p>
   </div>
   <div class='ocr_carea' id='block_1_23' title="bbox 2060 924 3707 988">
    <p class='ocr_par' dir='ltr' id='par_1_23' title="bbox 2060 924 3707 988">
     <span class='ocr_line' id='line_1_23' title="bbox 2060 924 3707 988; baseline -0.002 -6"><span class='ocrx_word' id='word_1_144' title='bbox 2060 930 2326 983; x_wconf 88' lang='lat' dir='ltr'>numeris</span> <span class='ocrx_word' id='word_1_145' title='bbox 2355 929 2414 981; x_wconf 94' lang='lat' dir='ltr'>in</span> <span class='ocrx_word' id='word_1_146' title='bbox 2449 928 2641 982; x_wconf 86' lang='lat' dir='ltr'>vicina</span> <span class='ocrx_word' id='word_1_147' title='bbox 2672 932 2729 981; x_wconf 91' lang='lat' dir='ltr'>et</span> <span class='ocrx_word' id='word_1_148' title='bbox 2764 928 3017 980; x_wconf 80' lang='lat' dir='ltr'>finitima</span> <span class='ocrx_word' id='word_1_149' title='bbox 3048 924 3411 980; x_wconf 85' lang='lat' dir='ltr'>descendere</span> <span class='ocrx_word' id='word_1_150' title='bbox 3470 925 3707 988; x_wconf 63' lang='lat' dir='ltr'>Mnasias,</span> 
     </span>
    </p>
   </div>
   <div class='ocr_carea' id='block_1_24' title="bbox 2059 1013 3706 1088">
    <p class='ocr_par' dir='ltr' id='par_1_24' title="bbox 2059 1013 3706 1088">
     <span class='ocr_line' id='line_1_24' title="bbox 2059 1013 3706 1088; baseline -0.003 -17"><span class='ocrx_word' id='word_1_151' title='bbox 2059 1018 2250 1088; x_wconf 85' lang='lat' dir='ltr'>iisque</span> <span class='ocrx_word' id='word_1_152' title='bbox 2284 1018 2341 1071; x_wconf 89' lang='lat' dir='ltr'>in</span> <span class='ocrx_word' id='word_1_153' title='bbox 2373 1018 2519 1071; x_wconf 91' lang='lat' dir='ltr'>locis</span> <span class='ocrx_word' id='word_1_154' title='bbox 2549 1017 2802 1071; x_wconf 89' lang='lat' dir='ltr'>hiberna</span> <span class='ocrx_word' id='word_1_155' title='bbox 2842 1017 3200 1071; x_wconf 76' lang='lat' dir='ltr'>constituere</span> <span class='ocrx_word' id='word_1_156' title='bbox 3228 1032 3240 1069; x_wconf 89' lang='lat'>:</span> <span class='ocrx_word' id='word_1_157' title='bbox 3302 1015 3502 1078; x_wconf 69' lang='lat' dir='ltr'>cooias</span> <span class='ocrx_word' id='word_1_158' title='bbox 3561 1013 3706 1067; x_wconf 91' lang='lat' dir='ltr'>dili-</span> 
     </span>
    </p>
   </div>
   <div class='ocr_carea' id='block_1_25' title="bbox 2058 1103 3706 1178">
    <p class='ocr_par' dir='ltr' id='par_1_25' title="bbox 2058 1103 3706 1178">
     <span class='ocr_line' id='line_1_25' title="bbox 2058 1103 3706 1178; baseline 0 -21"><span class='ocrx_word' id='word_1_159' title='bbox 2058 1112 2263 1178; x_wconf 77' lang='lat' dir='ltr'>genter</span> <span class='ocrx_word' id='word_1_160' title='bbox 2285 1111 2648 1171; x_wconf 85' lang='lat' dir='ltr'>exercerent,</span> <span class='ocrx_word' id='word_1_161' title='bbox 2679 1105 2913 1159; x_wconf 91' lang='lat' dir='ltr'>obirent</span> <span class='ocrx_word' id='word_1_162' title='bbox 2943 1105 3264 1175; x_wconf 76' lang='lat' dir='ltr'>regionem.</span> <span class='ocrx_word' id='word_1_163' title='bbox 3285 1121 3359 1158; x_wconf 91' lang='lat' dir='ltr'>ne</span> <span class='ocrx_word' id='word_1_164' title='bbox 3384 1103 3525 1174; x_wconf 90' lang='lat' dir='ltr'>quid</span> <span class='ocrx_word' id='word_1_165' title='bbox 3546 1103 3706 1157; x_wconf 86' lang='lat' dir='ltr'>cala-</span> 
     </span>
    </p>
   </div>
   <div class='ocr_carea' id='block_1_26' title="bbox 2055 1195 3708 1265">
    <p class='ocr_par' dir='ltr' id='par_1_26' title="bbox 2055 1195 3708 1265">
     <span class='ocr_line' id='line_1_26' title="bbox 2055 1195 3708 1265; baseline -0.004 -12"><span class='ocrx_word' id='word_1_166' title='bbox 2055 1199 2279 1253; x_wconf 86' lang='lat' dir='ltr'>mitatis</span> <span class='ocrx_word' id='word_1_167' title='bbox 2312 1215 2378 1252; x_wconf 84' lang='lat' dir='ltr'>ex</span> <span class='ocrx_word' id='word_1_168' title='bbox 2414 1201 2736 1253; x_wconf 79' lang='lat' dir='ltr'>Russorum</span> <span class='ocrx_word' id='word_1_169' title='bbox 2765 1195 3206 1251; x_wconf 88' lang='lat' dir='ltr'>incursionibus</span> <span class='ocrx_word' id='word_1_170' title='bbox 3237 1196 3532 1265; x_wconf 89' lang='lat' dir='ltr'>acciperet</span> <span class='ocrx_word' id='word_1_171' title='bbox 3565 1211 3708 1264; x_wconf 90' lang='lat' dir='ltr'>:per</span> 
     </span>
    </p>
   </div>
   <div class='ocr_carea' id='block_1_27' title="bbox 2056 1284 3703 1355">
    <p class='ocr_par' dir='ltr' id='par_1_27' title="bbox 2056 1284 3703 1355">
     <span class='ocr_line' id='line_1_27' title="bbox 2056 1284 3703 1355; baseline -0.003 -13"><span class='ocrx_word' id='word_1_172' title='bbox 2056 1288 2342 1343; x_wconf 85' lang='lat' dir='ltr'>stationes</span> <span class='ocrx_word' id='word_1_173' title='bbox 2376 1287 2583 1342; x_wconf 88' lang='lat' dir='ltr'>etloca</span> <span class='ocrx_word' id='word_1_174' title='bbox 2613 1287 2872 1340; x_wconf 89' lang='lat' dir='ltr'>hostium</span> <span class='ocrx_word' id='word_1_175' title='bbox 2908 1285 3061 1338; x_wconf 90' lang='lat' dir='ltr'>viros</span> <span class='ocrx_word' id='word_1_176' title='bbox 3089 1290 3402 1353; x_wconf 89' lang='lat' dir='ltr'>utramque</span> <span class='ocrx_word' id='word_1_177' title='bbox 3438 1284 3703 1355; x_wconf 82' lang='lat' dir='ltr'>linguam</span> 
     </span>
    </p>
   </div>
   <div class='ocr_carea' id='block_1_28' title="bbox 2054 1372 3701 1444">
    <p class='ocr_par' dir='ltr' id='par_1_28' title="bbox 2054 1372 3701 1444">
     <span class='ocr_line' id='line_1_28' title="bbox 2054 1372 3701 1444; baseline -0.003 -13"><span class='ocrx_word' id='word_1_178' title='bbox 2054 1376 2340 1431; x_wconf 88' lang='lat' dir='ltr'>callentes</span> <span class='ocrx_word' id='word_1_179' title='bbox 2371 1376 2714 1429; x_wconf 89' lang='lat' dir='ltr'>emitterent</span> <span class='ocrx_word' id='word_1_180' title='bbox 2744 1374 3013 1444; x_wconf 83' lang='lat' dir='ltr'>Scythico</span> <span class='ocrx_word' id='word_1_181' title='bbox 3038 1389 3201 1426; x_wconf 88' lang='lat' dir='ltr'>more</span> <span class='ocrx_word' id='word_1_182' title='bbox 3230 1373 3608 1443; x_wconf 80' lang='lat' dir='ltr'>vestitos.qui</span> <span class='ocrx_word' id='word_1_183' title='bbox 3630 1372 3701 1426; x_wconf 92' lang='lat' dir='ltr'>de</span> 
     </span>
    </p>
   </div>
   <div class='ocr_carea' id='block_1_29' title="bbox 2051 1462 3705 1533">
    <p class='ocr_par' dir='ltr' id='par_1_29' title="bbox 2051 1462 3705 1533">
     <span class='ocr_line' id='line_1_29' title="bbox 2051 1462 3705 1533; baseline -0.003 -13"><span class='ocrx_word' id='word_1_184' title='bbox 2051 1482 2256 1520; x_wconf 88' lang='lat' dir='ltr'>eorum</span> <span class='ocrx_word' id='word_1_185' title='bbox 2289 1465 2555 1520; x_wconf 84' lang='lat' dir='ltr'>consiliis</span> <span class='ocrx_word' id='word_1_186' title='bbox 2588 1466 3035 1533; x_wconf 71' lang='lat' dir='ltr'>cognoscerent,</span> <span class='ocrx_word' id='word_1_187' title='bbox 3063 1462 3220 1516; x_wconf 91' lang='lat' dir='ltr'>unde</span> <span class='ocrx_word' id='word_1_188' title='bbox 3254 1478 3320 1515; x_wconf 90' lang='lat' dir='ltr'>ea</span> <span class='ocrx_word' id='word_1_189' title='bbox 3353 1462 3705 1532; x_wconf 84' lang='lat' dir='ltr'>patefierent</span> 
     </span>
    </p>
   </div>
   <div class='ocr_carea' id='block_1_30' title="bbox 2052 1550 3699 1625">
    <p class='ocr_par' dir='ltr' id='par_1_30' title="bbox 2052 1550 3699 1625">
     <span class='ocr_line' id='line_1_30' title="bbox 2052 1550 3699 1625; baseline -0.003 -16"><span class='ocrx_word' id='word_1_190' title='bbox 2052 1554 2413 1625; x_wconf 84' lang='lat' dir='ltr'>imperatori.</span> <span class='ocrx_word' id='word_1_191' title='bbox 2452 1551 2755 1624; x_wconf 83' lang='lat' dir='ltr'>Ejusmodi</span> <span class='ocrx_word' id='word_1_192' title='bbox 2786 1550 3079 1605; x_wconf 88' lang='lat' dir='ltr'>mandatis</span> <span class='ocrx_word' id='word_1_193' title='bbox 3112 1550 3183 1604; x_wconf 90' lang='lat' dir='ltr'>ab</span> <span class='ocrx_word' id='word_1_194' title='bbox 3216 1551 3571 1620; x_wconf 88' lang='lat' dir='ltr'>imperatore</span> <span class='ocrx_word' id='word_1_195' title='bbox 3600 1566 3699 1604; x_wconf 87' lang='lat' dir='ltr'>ac-</span> 
     </span>
    </p>
   </div>
   <div class='ocr_carea' id='block_1_31' title="bbox 2050 1638 3263 1713">
    <p class='ocr_par' dir='ltr' id='par_1_31' title="bbox 2050 1638 3263 1713">
     <span class='ocr_line' id='line_1_31' title="bbox 2050 1638 3263 1713; baseline -0.005 -16"><span class='ocrx_word' id='word_1_196' title='bbox 2050 1643 2257 1713; x_wconf 85' lang='lat' dir='ltr'>ceptis,</span> <span class='ocrx_word' id='word_1_197' title='bbox 2289 1644 2580 1711; x_wconf 85' lang='lat' dir='ltr'>Europam</span> <span class='ocrx_word' id='word_1_198' title='bbox 2626 1639 2799 1711; x_wconf 80' lang='lat' dir='ltr'>legati</span> <span class='ocrx_word' id='word_1_199' title='bbox 2828 1638 3263 1710; x_wconf 81' lang='lat' dir='ltr'>ingrediuntur.</span> 
     </span>
    </p>
   </div>
   <div class='ocr_carea' id='block_1_32' title="bbox 276 1724 3699 1803">
    <p class='ocr_par' dir='ltr' id='par_1_32' title="bbox 276 1724 3699 1803">
     <span class='ocr_line' id='line_1_32' title="bbox 276 1724 3699 1803; baseline -0.001 -23"><span class='ocrx_word' id='word_1_200' title='bbox 276 1732 385 1781; x_wconf 82' lang='grc' dir='ltr'>τῶν</span> <span class='ocrx_word' id='word_1_201' title='bbox 414 1729 655 1783; x_wconf 83' lang='grc' dir='ltr'>Σκυθῶν’</span> <span class='ocrx_word' id='word_1_202' title='bbox 688 1724 742 1788; x_wconf 68' lang='grc' dir='ltr'>’ἐς</span> <span class='ocrx_word' id='word_1_203' title='bbox 771 1748 827 1783; x_wconf 85' lang='grc' dir='ltr'>τε</span> <span class='ocrx_word' id='word_1_204' title='bbox 870 1728 962 1789; x_wconf 75' lang='grc' dir='ltr'>τάς</span> <span class='ocrx_word' id='word_1_205' title='bbox 996 1726 1253 1789; x_wconf 72' lang='grc' dir='ltr'>ἐπαῦλεις</span> <span class='ocrx_word' id='word_1_206' title='bbox 1283 1728 1373 1782; x_wconf 76' lang='grc' dir='ltr'>καὶ</span> <span class='ocrx_word' id='word_1_207' title='bbox 1402 1729 1469 1782; x_wconf 74' lang='grc' dir='ltr'>τά</span> <span class='ocrx_word' id='word_1_208' title='bbox 1498 1725 1605 1797; x_wconf 72' lang='grc' dir='ltr'>ἤδη</span> <span class='ocrx_word' id='word_1_209' title='bbox 1640 1728 1687 1764; x_wconf 80' lang='grc' dir='ltr'>³ο</span> <span class='ocrx_word' id='word_1_210' title='bbox 1714 1732 1821 1781; x_wconf 80' lang='grc' dir='ltr'>τῶν</span> <span class='ocrx_word' id='word_1_211' title='bbox 1853 1725 2132 1801; x_wconf 77' lang='grc' dir='ltr'>δυσμενῶν</span> <span class='ocrx_word' id='word_1_212' title='bbox 2164 1726 2502 1801; x_wconf 86' lang='grc' dir='ltr'>διγλώσσους</span> <span class='ocrx_word' id='word_1_213' title='bbox 2543 1726 2740 1801; x_wconf 74' lang='grc' dir='ltr'>ἄνδρας</span> <span class='ocrx_word' id='word_1_214' title='bbox 2772 1724 3066 1798; x_wconf 60' lang='grc' dir='ltr'>ἐκπέμπεμν</span> <span class='ocrx_word' id='word_1_215' title='bbox 3102 1726 3363 1789; x_wconf 83' lang='grc' dir='ltr'>Σκυθικὸν</span> <span class='ocrx_word' id='word_1_216' title='bbox 3394 1727 3699 1803; x_wconf 73' lang='grc' dir='ltr'>ἧμπισχη-</span> 
     </span>
    </p>
   </div>
   <div class='ocr_carea' id='block_1_33' title="bbox 279 1811 3695 1894">
    <p class='ocr_par' dir='ltr' id='par_1_33' title="bbox 279 1811 3695 1894">
     <span class='ocr_line' id='line_1_33' title="bbox 279 1811 3695 1894; baseline -0.001 -23"><span class='ocrx_word' id='word_1_217' title='bbox 279 1816 476 1889; x_wconf 77' lang='grc' dir='ltr'>μένους</span> <span class='ocrx_word' id='word_1_218' title='bbox 507 1818 824 1890; x_wconf 69' lang='grc' dir='ltr'>ἱματισμὸν,</span> <span class='ocrx_word' id='word_1_219' title='bbox 857 1818 929 1877; x_wconf 84' lang='grc' dir='ltr'>ὡς</span> <span class='ocrx_word' id='word_1_220' title='bbox 959 1816 1024 1871; x_wconf 88' lang='grc' dir='ltr'>τά</span> <span class='ocrx_word' id='word_1_221' title='bbox 1055 1838 1201 1894; x_wconf 75' lang='grc' dir='ltr'>σφων</span> <span class='ocrx_word' id='word_1_222' title='bbox 1234 1811 1524 1871; x_wconf 68' lang='grc' dir='ltr'>διαϐοὖλια</span> <span class='ocrx_word' id='word_1_223' title='bbox 1546 1821 1740 1890; x_wconf 81' lang='grc' dir='ltr'>γνοῖεν,</span> <span class='ocrx_word' id='word_1_224' title='bbox 1773 1816 1862 1870; x_wconf 79' lang='grc' dir='ltr'>καὶ</span> <span class='ocrx_word' id='word_1_225' title='bbox 1900 1818 2117 1889; x_wconf 79' lang='grc' dir='ltr'>βασιλεῖ</span> <span class='ocrx_word' id='word_1_226' title='bbox 2145 1821 2312 1872; x_wconf 75' lang='grc' dir='ltr'>ταῦτα</span> <span class='ocrx_word' id='word_1_227' title='bbox 2345 1816 2639 1892; x_wconf 80' lang='grc' dir='ltr'>κατάφωρα</span> <span class='ocrx_word' id='word_1_228' title='bbox 2670 1815 2963 1891; x_wconf 79' lang='grc' dir='ltr'>γίγνοιντο.</span> <span class='ocrx_word' id='word_1_229' title='bbox 2986 1816 3094 1883; x_wconf 75' lang='grc' dir='ltr'>Τὴν</span> <span class='ocrx_word' id='word_1_230' title='bbox 3122 1815 3381 1881; x_wconf 72' lang='grc' dir='ltr'>τοιαῦτην</span> <span class='ocrx_word' id='word_1_231' title='bbox 3414 1815 3505 1869; x_wconf 79' lang='grc' dir='ltr'>οὗν</span> <span class='ocrx_word' id='word_1_232' title='bbox 3536 1814 3695 1891; x_wconf 85' lang='grc' dir='ltr'>φάσιν</span> 
     </span>
    </p>
   </div>
   <div class='ocr_carea' id='block_1_34' title="bbox 281 1901 2204 1981">
    <p class='ocr_par' dir='ltr' id='par_1_34' title="bbox 281 1901 2204 1981">
     <span class='ocr_line' id='line_1_34' title="bbox 281 1901 2204 1981; baseline 0.001 -21"><span class='ocrx_word' id='word_1_233' title='bbox 281 1907 421 1981; x_wconf 85' lang='grc' dir='ltr'>πρὸς</span> <span class='ocrx_word' id='word_1_234' title='bbox 456 1903 552 1960; x_wconf 79' lang='grc' dir='ltr'>τοῦ</span> <span class='ocrx_word' id='word_1_235' title='bbox 586 1904 856 1980; x_wconf 83' lang='grc' dir='ltr'>βασιλέως</span> <span class='ocrx_word' id='word_1_236' title='bbox 890 1904 1199 1981; x_wconf 73' lang='grc' dir='ltr'>εἰληφότες,</span> <span class='ocrx_word' id='word_1_237' title='bbox 1234 1907 1331 1973; x_wconf 75' lang='grc' dir='ltr'>τήν</span> <span class='ocrx_word' id='word_1_238' title='bbox 1364 1905 1632 1976; x_wconf 78' lang='grc' dir='ltr'>Εὐρώπην</span> <span class='ocrx_word' id='word_1_239' title='bbox 1666 1901 2204 1977; x_wconf 75' lang='grc' dir='ltr'>καταλαμϐάνουσιν.</span> 
     </span>
    </p>
   </div>
   <div class='ocr_carea' id='block_1_35' title="bbox 348 2019 2004 2097">
    <p class='ocr_par' dir='ltr' id='par_1_35' title="bbox 348 2019 2004 2097">
     <span class='ocr_line' id='line_1_35' title="bbox 348 2019 2004 2097; baseline 0 -22"><span class='ocrx_word' id='word_1_240' title='bbox 348 2024 441 2097; x_wconf 76' lang='grc' dir='ltr'>ιβ’.</span> <span class='ocrx_word' id='word_1_241' title='bbox 475 2022 880 2094; x_wconf 72' lang='grc' dir='ltr'>Ταυροσοκῦθαι</span> <span class='ocrx_word' id='word_1_242' title='bbox 912 2019 989 2090; x_wconf 74' lang='grc' dir='ltr'>δὲ,</span> <span class='ocrx_word' id='word_1_243' title='bbox 1022 2024 1121 2090; x_wconf 73' lang='grc' dir='ltr'>τήν</span> <span class='ocrx_word' id='word_1_244' title='bbox 1159 2022 1367 2076; x_wconf 49' lang='grc' dir='ltr'>τοθέτων</span> <span class='ocrx_word' id='word_1_245' title='bbox 1404 2021 1780 2085; x_wconf 79' lang='grc' dir='ltr'>ἐνωτισθέντες</span> <span class='ocrx_word' id='word_1_246' title='bbox 1804 2020 1920 2075; x_wconf 81' lang='grc' dir='ltr'>διά-</span> <span class='ocrx_word' id='word_1_247' title='bbox 1960 2029 2004 2090; x_wconf 82' lang='grc' dir='ltr'>Β</span> 
     </span>
    </p>
   </div>
   <div class='ocr_carea' id='block_1_36' title="bbox 270 2107 1940 2186">
    <p class='ocr_par' dir='ltr' id='par_1_36' title="bbox 270 2107 1940 2186">
     <span class='ocr_line' id='line_1_36' title="bbox 270 2107 1940 2186; baseline 0 -21"><span class='ocrx_word' id='word_1_248' title='bbox 270 2107 455 2177; x_wconf 73' lang='grc' dir='ltr'>ϐάσιν,</span> <span class='ocrx_word' id='word_1_249' title='bbox 512 2110 820 2184; x_wconf 82' lang='grc' dir='ltr'>ἀπόμοιραν</span> <span class='ocrx_word' id='word_1_250' title='bbox 881 2118 982 2179; x_wconf 81' lang='grc' dir='ltr'>τῆς</span> <span class='ocrx_word' id='word_1_251' title='bbox 1066 2112 1324 2186; x_wconf 77' lang='grc' dir='ltr'>σφετέρας</span> <span class='ocrx_word' id='word_1_252' title='bbox 1384 2117 1640 2186; x_wconf 76' lang='grc' dir='ltr'>στρατιᾶς</span> <span class='ocrx_word' id='word_1_253' title='bbox 1730 2108 1940 2185; x_wconf 81' lang='grc' dir='ltr'>διαιρέ-</span> 
     </span>
    </p>
   </div>
   <div class='ocr_carea' id='block_1_37' title="bbox 278 2199 1937 2274">
    <p class='ocr_par' dir='ltr' id='par_1_37' title="bbox 278 2199 1937 2274">
     <span class='ocr_line' id='line_1_37' title="bbox 278 2199 1937 2274; baseline 0 -21"><span class='ocrx_word' id='word_1_254' title='bbox 278 2221 498 2269; x_wconf 88' lang='grc' dir='ltr'>σαντες,</span> <span class='ocrx_word' id='word_1_255' title='bbox 532 2199 743 2254; x_wconf 78' lang='grc' dir='ltr'>Οὕννων</span> <span class='ocrx_word' id='word_1_256' title='bbox 778 2200 952 2255; x_wconf 82' lang='grc' dir='ltr'>τεκαὶ</span> <span class='ocrx_word' id='word_1_257' title='bbox 1004 2206 1199 2255; x_wconf 78' lang='grc' dir='ltr'>Μυσῶν</span> <span class='ocrx_word' id='word_1_258' title='bbox 1254 2199 1470 2269; x_wconf 73' lang='grc' dir='ltr'>πλῆθος</span> <span class='ocrx_word' id='word_1_259' title='bbox 1526 2200 1696 2274; x_wconf 71' lang='grc' dir='ltr'>ταύτῃ</span> <span class='ocrx_word' id='word_1_260' title='bbox 1758 2220 1937 2274; x_wconf 85' lang='grc' dir='ltr'>προσ-</span> 
     </span>
    </p>
   </div>
   <div class='ocr_carea' id='block_1_38' title="bbox 280 2288 1939 2368">
    <p class='ocr_par' dir='ltr' id='par_1_38' title="bbox 280 2288 1939 2368">
     <span class='ocr_line' id='line_1_38' title="bbox 280 2288 1939 2368; baseline -0.002 -24"><span class='ocrx_word' id='word_1_261' title='bbox 280 2289 671 2362; x_wconf 83' lang='grc' dir='ltr'>εταιρίσαντες,</span> <span class='ocrx_word' id='word_1_262' title='bbox 758 2290 896 2343; x_wconf 83' lang='grc' dir='ltr'>κατᾶ</span> <span class='ocrx_word' id='word_1_263' title='bbox 977 2291 1262 2363; x_wconf 80' lang='grc' dir='ltr'>Ῥωμαίων</span> <span class='ocrx_word' id='word_1_264' title='bbox 1362 2295 1566 2368; x_wconf 81' lang='grc' dir='ltr'>χωρεῖν</span> <span class='ocrx_word' id='word_1_265' title='bbox 1656 2288 1939 2361; x_wconf 84' lang='grc' dir='ltr'>ἐκπεπόμ-</span> 
     </span>
    </p>
   </div>
   <div class='ocr_carea' id='block_1_39' title="bbox 272 2375 1937 2455">
    <p class='ocr_par' dir='ltr' id='par_1_39' title="bbox 272 2375 1937 2455">
     <span class='ocr_line' id='line_1_39' title="bbox 272 2375 1937 2455; baseline -0.001 -23"><span class='ocrx_word' id='word_1_266' title='bbox 272 2399 461 2450; x_wconf 77' lang='grc' dir='ltr'>φεσαν.</span> <span class='ocrx_word' id='word_1_267' title='bbox 500 2378 660 2451; x_wconf 77' lang='grc' dir='ltr'>Ἀρτι</span> <span class='ocrx_word' id='word_1_268' title='bbox 696 2375 752 2432; x_wconf 75' lang='grc' dir='ltr'>δὲ</span> <span class='ocrx_word' id='word_1_269' title='bbox 788 2380 886 2446; x_wconf 80' lang='grc' dir='ltr'>τήν</span> <span class='ocrx_word' id='word_1_270' title='bbox 948 2379 1159 2433; x_wconf 78' lang='grc' dir='ltr'>τούτων</span> <span class='ocrx_word' id='word_1_271' title='bbox 1208 2377 1475 2448; x_wconf 79' lang='grc' dir='ltr'>ἐπήλυσιν</span> <span class='ocrx_word' id='word_1_272' title='bbox 1534 2378 1562 2432; x_wconf 86' lang='grc' dir='ltr'>ὁ</span> <span class='ocrx_word' id='word_1_273' title='bbox 1620 2377 1937 2455; x_wconf 86' lang='grc' dir='ltr'>Μάγιστρος</span> 
     </span>
    </p>
   </div>
   <div class='ocr_carea' id='block_1_40' title="bbox 275 2463 1935 2542">
    <p class='ocr_par' dir='ltr' id='par_1_40' title="bbox 275 2463 1935 2542">
     <span class='ocr_line' id='line_1_40' title="bbox 275 2463 1935 2542; baseline -0.002 -20"><span class='ocrx_word' id='word_1_274' title='bbox 275 2463 500 2542; x_wconf 81' lang='grc' dir='ltr'>Βάρδας</span> <span class='ocrx_word' id='word_1_275' title='bbox 530 2466 878 2540; x_wconf 80' lang='grc' dir='ltr'>αἰσθόμενος,</span> <span class='ocrx_word' id='word_1_276' title='bbox 937 2467 1024 2522; x_wconf 79' lang='grc' dir='ltr'>καὶ</span> <span class='ocrx_word' id='word_1_277' title='bbox 1076 2465 1265 2530; x_wconf 77' lang='grc' dir='ltr'>ἄλλως</span> <span class='ocrx_word' id='word_1_278' title='bbox 1319 2466 1556 2542; x_wconf 84' lang='grc' dir='ltr'>γενναῖός</span> <span class='ocrx_word' id='word_1_279' title='bbox 1602 2489 1659 2522; x_wconf 88' lang='grc' dir='ltr'>τε</span> <span class='ocrx_word' id='word_1_280' title='bbox 1714 2467 1804 2521; x_wconf 90' lang='grc' dir='ltr'>καὶ</span> <span class='ocrx_word' id='word_1_281' title='bbox 1851 2466 1935 2540; x_wconf 80' lang='grc' dir='ltr'>ρέ-</span> 
     </span>
    </p>
   </div>
   <div class='ocr_carea' id='block_1_41' title="bbox 283 2553 1936 2634">
    <p class='ocr_par' dir='ltr' id='par_1_41' title="bbox 283 2553 1936 2634">
     <span class='ocr_line' id='line_1_41' title="bbox 283 2553 1936 2634; baseline -0.001 -24"><span class='ocrx_word' id='word_1_282' title='bbox 283 2578 426 2626; x_wconf 83' lang='grc' dir='ltr'>κτης</span> <span class='ocrx_word' id='word_1_283' title='bbox 468 2558 762 2634; x_wconf 83' lang='grc' dir='ltr'>τυγχάνων</span> <span class='ocrx_word' id='word_1_284' title='bbox 817 2556 978 2629; x_wconf 78' lang='grc' dir='ltr'>ἀνὴρ,</span> <span class='ocrx_word' id='word_1_285' title='bbox 1036 2555 1160 2611; x_wconf 79' lang='grc' dir='ltr'>τότε</span> <span class='ocrx_word' id='word_1_286' title='bbox 1217 2554 1273 2610; x_wconf 72' lang='grc' dir='ltr'>δὲ</span> <span class='ocrx_word' id='word_1_287' title='bbox 1328 2553 1583 2634; x_wconf 84' lang='grc' dir='ltr'>σφαδάζω</span> <span class='ocrx_word' id='word_1_288' title='bbox 1643 2559 1799 2629; x_wconf 77' lang='grc' dir='ltr'>θυμῷ</span> <span class='ocrx_word' id='word_1_289' title='bbox 1846 2555 1936 2609; x_wconf 84' lang='grc' dir='ltr'>καὶ</span> 
     </span>
    </p>
   </div>
   <div class='ocr_carea' id='block_1_42' title="bbox 279 2641 1935 2722">
    <p class='ocr_par' dir='ltr' id='par_1_42' title="bbox 279 2641 1935 2722">
     <span class='ocr_line' id='line_1_42' title="bbox 279 2641 1935 2722; baseline -0.001 -24"><span class='ocrx_word' id='word_1_290' title='bbox 279 2646 483 2719; x_wconf 73' lang='grc' dir='ltr'>ῥώμης</span> <span class='ocrx_word' id='word_1_291' title='bbox 517 2646 687 2718; x_wconf 81' lang='grc' dir='ltr'>ὁρμῃ,</span> <span class='ocrx_word' id='word_1_292' title='bbox 721 2644 847 2706; x_wconf 73' lang='grc' dir='ltr'>τοὺς</span> <span class='ocrx_word' id='word_1_293' title='bbox 900 2644 1035 2722; x_wconf 81' lang='grc' dir='ltr'>ἀμφ’</span> <span class='ocrx_word' id='word_1_294' title='bbox 1066 2645 1228 2699; x_wconf 81' lang='grc' dir='ltr'>αὑτὸν</span> <span class='ocrx_word' id='word_1_295' title='bbox 1286 2646 1328 2680; x_wconf 68' lang='grc'>³1</span> <span class='ocrx_word' id='word_1_296' title='bbox 1381 2641 1622 2720; x_wconf 79' lang='grc' dir='ltr'>λογάδας</span> <span class='ocrx_word' id='word_1_297' title='bbox 1682 2658 1935 2713; x_wconf 74' lang='grc' dir='ltr'>συνειλη-</span> 
     </span>
    </p>
   </div>
   <div class='ocr_carea' id='block_1_43' title="bbox 269 2731 1932 2812">
    <p class='ocr_par' dir='ltr' id='par_1_43' title="bbox 269 2731 1932 2812">
     <span class='ocr_line' id='line_1_43' title="bbox 269 2731 1932 2812; baseline -0.002 -24"><span class='ocrx_word' id='word_1_298' title='bbox 269 2736 417 2812; x_wconf 77' lang='grc' dir='ltr'>φὼς,</span> <span class='ocrx_word' id='word_1_299' title='bbox 450 2735 584 2807; x_wconf 88' lang='grc' dir='ltr'>πρὸς</span> <span class='ocrx_word' id='word_1_300' title='bbox 644 2734 741 2802; x_wconf 75' lang='grc' dir='ltr'>τὴν</span> <span class='ocrx_word' id='word_1_301' title='bbox 803 2738 910 2788; x_wconf 82' lang='grc' dir='ltr'>τῶν</span> <span class='ocrx_word' id='word_1_302' title='bbox 969 2733 1215 2788; x_wconf 79' lang='grc' dir='ltr'>ἐναντίων</span> <span class='ocrx_word' id='word_1_303' title='bbox 1270 2733 1527 2806; x_wconf 77' lang='grc' dir='ltr'>ἠπείγετο</span> <span class='ocrx_word' id='word_1_304' title='bbox 1587 2731 1932 2806; x_wconf 85' lang='grc' dir='ltr'>συμπλοκήν.</span> 
     </span>
    </p>
   </div>
   <div class='ocr_carea' id='block_1_44' title="bbox 270 2820 1936 2898">
    <p class='ocr_par' dir='ltr' id='par_1_44' title="bbox 270 2820 1936 2898">
     <span class='ocr_line' id='line_1_44' title="bbox 270 2820 1936 2898; baseline -0.001 -23"><span class='ocrx_word' id='word_1_305' title='bbox 270 2824 380 2880; x_wconf 76' lang='grc' dir='ltr'>Καὶ</span> <span class='ocrx_word' id='word_1_306' title='bbox 440 2820 507 2890; x_wconf 78' lang='grc' dir='ltr'>δὴ</span> <span class='ocrx_word' id='word_1_307' title='bbox 556 2824 816 2893; x_wconf 83' lang='grc' dir='ltr'>Ἰωάννην</span> <span class='ocrx_word' id='word_1_308' title='bbox 876 2823 968 2878; x_wconf 87' lang='grc' dir='ltr'>τὸν</span> <span class='ocrx_word' id='word_1_309' title='bbox 1016 2821 1223 2879; x_wconf 85' lang='grc' dir='ltr'>Ἀλακᾶ</span> <span class='ocrx_word' id='word_1_310' title='bbox 1301 2824 1410 2898; x_wconf 78' lang='grc'>(40)</span> <span class='ocrx_word' id='word_1_311' title='bbox 1470 2822 1805 2892; x_wconf 68' lang='grc' dir='ltr'>εἰσκαλέσας,</span> <span class='ocrx_word' id='word_1_312' title='bbox 1862 2820 1936 2882; x_wconf 81' lang='grc' dir='ltr'>εἷς</span> 
     </span>
    </p>
   </div>
   <div class='ocr_carea' id='block_1_45' title="bbox 281 2909 1939 2987">
    <p class='ocr_par' dir='ltr' id='par_1_45' title="bbox 281 2909 1939 2987">
     <span class='ocr_line' id='line_1_45' title="bbox 281 2909 1939 2987; baseline -0.001 -22"><span class='ocrx_word' id='word_1_313' title='bbox 281 2913 636 2979; x_wconf 76' lang='grc' dir='ltr'>κατασκοπὴν</span> <span class='ocrx_word' id='word_1_314' title='bbox 696 2911 1034 2981; x_wconf 74' lang='grc' dir='ltr'>ἀπέστειλεν,</span> <span class='ocrx_word' id='word_1_315' title='bbox 1092 2911 1357 2987; x_wconf 80' lang='grc' dir='ltr'>ἀνθρῆσαί</span> <span class='ocrx_word' id='word_1_316' title='bbox 1410 2914 1455 2948; x_wconf 73' lang='grc'>³³</span> <span class='ocrx_word' id='word_1_317' title='bbox 1510 2934 1568 2966; x_wconf 87' lang='grc' dir='ltr'>τε</span> <span class='ocrx_word' id='word_1_318' title='bbox 1622 2912 1751 2972; x_wconf 73' lang='grc' dir='ltr'>τοὺς</span> <span class='ocrx_word' id='word_1_319' title='bbox 1804 2909 1939 2965; x_wconf 78' lang='grc' dir='ltr'>Σκύ-</span> 
     </span>
    </p>
   </div>
   <div class='ocr_carea' id='block_1_46' title="bbox 277 3000 1934 3076">
    <p class='ocr_par' dir='ltr' id='par_1_46' title="bbox 277 3000 1934 3076">
     <span class='ocr_line' id='line_1_46' title="bbox 277 3000 1934 3076; baseline -0.001 -20"><span class='ocrx_word' id='word_1_320' title='bbox 277 3015 373 3065; x_wconf 86' lang='grc' dir='ltr'>θας</span> <span class='ocrx_word' id='word_1_321' title='bbox 409 3003 541 3076; x_wconf 80' lang='grc'>(41),</span> <span class='ocrx_word' id='word_1_322' title='bbox 574 3002 661 3055; x_wconf 83' lang='grc' dir='ltr'>καὶ</span> <span class='ocrx_word' id='word_1_323' title='bbox 692 3004 753 3057; x_wconf 87' lang='grc' dir='ltr'>τὸ</span> <span class='ocrx_word' id='word_1_324' title='bbox 786 3007 881 3057; x_wconf 70' lang='grc' dir='ltr'>τοῦ</span> <span class='ocrx_word' id='word_1_325' title='bbox 912 3002 1159 3072; x_wconf 88' lang='grc' dir='ltr'>πλήθους</span> <span class='ocrx_word' id='word_1_326' title='bbox 1195 3000 1400 3057; x_wconf 75' lang='grc' dir='ltr'>εἰκάσαι</span> <span class='ocrx_word' id='word_1_327' title='bbox 1450 3003 1613 3057; x_wconf 87' lang='grc' dir='ltr'>ποσὸν</span> <span class='ocrx_word' id='word_1_328' title='bbox 1652 3003 1784 3076; x_wconf 75' lang='grc'>(42),</span> <span class='ocrx_word' id='word_1_329' title='bbox 1845 3000 1934 3054; x_wconf 79' lang='grc' dir='ltr'>καὶ</span> 
     </span>
    </p>
   </div>
   <div class='ocr_carea' id='block_1_47' title="bbox 265 3089 1933 3165">
    <p class='ocr_par' dir='ltr' id='par_1_47' title="bbox 265 3089 1933 3165">
     <span class='ocr_line' id='line_1_47' title="bbox 265 3089 1933 3165; baseline -0.001 -20"><span class='ocrx_word' id='word_1_330' title='bbox 265 3093 397 3145; x_wconf 89' lang='grc' dir='ltr'>καθ’</span> <span class='ocrx_word' id='word_1_331' title='bbox 431 3091 490 3145; x_wconf 82' lang='grc' dir='ltr'>ὅν</span> <span class='ocrx_word' id='word_1_332' title='bbox 523 3089 830 3160; x_wconf 76' lang='grc' dir='ltr'>αὑλίζοιντο</span> <span class='ocrx_word' id='word_1_333' title='bbox 862 3092 1051 3158; x_wconf 86' lang='grc' dir='ltr'>τόπον,</span> <span class='ocrx_word' id='word_1_334' title='bbox 1103 3090 1191 3145; x_wconf 88' lang='grc' dir='ltr'>καὶ</span> <span class='ocrx_word' id='word_1_335' title='bbox 1252 3090 1281 3146; x_wconf 77' lang='grc' dir='ltr'>ὅ</span> <span class='ocrx_word' id='word_1_336' title='bbox 1311 3114 1364 3146; x_wconf 90' lang='grc' dir='ltr'>τι</span> <span class='ocrx_word' id='word_1_337' title='bbox 1416 3093 1727 3165; x_wconf 86' lang='grc' dir='ltr'>πράττοιεν·</span> <span class='ocrx_word' id='word_1_338' title='bbox 1784 3091 1933 3163; x_wconf 84' lang='grc' dir='ltr'>πέμ-</span> 
     </span>
    </p>
   </div>
   <div class='ocr_carea' id='block_1_48' title="bbox 267 3176 1934 3256">
    <p class='ocr_par' dir='ltr' id='par_1_48' title="bbox 267 3176 1934 3256">
     <span class='ocr_line' id='line_1_48' title="bbox 267 3176 1934 3256; baseline -0.002 -20"><span class='ocrx_word' id='word_1_339' title='bbox 267 3202 393 3236; x_wconf 84' lang='grc' dir='ltr'>πειν</span> <span class='ocrx_word' id='word_1_340' title='bbox 428 3202 485 3236; x_wconf 88' lang='grc' dir='ltr'>τε</span> <span class='ocrx_word' id='word_1_341' title='bbox 516 3181 614 3249; x_wconf 78' lang='grc' dir='ltr'>τὴν</span> <span class='ocrx_word' id='word_1_342' title='bbox 640 3181 908 3255; x_wconf 78' lang='grc' dir='ltr'>ταχίστην</span> <span class='ocrx_word' id='word_1_343' title='bbox 946 3180 1019 3242; x_wconf 81' lang='grc' dir='ltr'>ὡς</span> <span class='ocrx_word' id='word_1_344' title='bbox 1073 3181 1255 3246; x_wconf 84' lang='grc' dir='ltr'>αὐτὸν,</span> <span class='ocrx_word' id='word_1_345' title='bbox 1307 3182 1394 3235; x_wconf 78' lang='grc' dir='ltr'>καὶ</span> <span class='ocrx_word' id='word_1_346' title='bbox 1458 3185 1629 3236; x_wconf 77' lang='grc' dir='ltr'>πάντα</span> <span class='ocrx_word' id='word_1_347' title='bbox 1679 3176 1934 3256; x_wconf 85' lang='grc' dir='ltr'>διαγγέλ-</span> 
     </span>
    </p>
   </div>
   <div class='ocr_carea' id='block_1_49' title="bbox 266 3269 1932 3347">
    <p class='ocr_par' dir='ltr' id='par_1_49' title="bbox 266 3269 1932 3347">
     <span class='ocr_line' id='line_1_49' title="bbox 266 3269 1932 3347; baseline 0.001 -20"><span class='ocrx_word' id='word_1_348' title='bbox 266 3271 409 3339; x_wconf 80' lang='grc' dir='ltr'>λειν,</span> <span class='ocrx_word' id='word_1_349' title='bbox 447 3271 522 3333; x_wconf 84' lang='grc' dir='ltr'>ὡς</span> <span class='ocrx_word' id='word_1_350' title='bbox 548 3269 892 3340; x_wconf 75' lang='grc' dir='ltr'>συσκευᾶσοι,</span> <span class='ocrx_word' id='word_1_351' title='bbox 946 3272 1036 3325; x_wconf 77' lang='grc' dir='ltr'>καὶ</span> <span class='ocrx_word' id='word_1_352' title='bbox 1097 3271 1306 3341; x_wconf 77' lang='grc' dir='ltr'>έκτάξοι</span> <span class='ocrx_word' id='word_1_353' title='bbox 1360 3274 1458 3340; x_wconf 77' lang='grc' dir='ltr'>τὴν</span> <span class='ocrx_word' id='word_1_354' title='bbox 1501 3273 1755 3347; x_wconf 70' lang='grc' dir='ltr'>στρατιὰν</span> <span class='ocrx_word' id='word_1_355' title='bbox 1795 3270 1932 3341; x_wconf 84' lang='grc' dir='ltr'>πρὸς</span> 
     </span>
    </p>
   </div>
   <div class='ocr_carea' id='block_1_50' title="bbox 2110 2020 3697 2081">
    <p class='ocr_par' dir='ltr' id='par_1_50' title="bbox 2110 2020 3697 2081">
     <span class='ocr_line' id='line_1_50' title="bbox 2110 2020 3697 2081; baseline -0.001 -4"><span class='ocrx_word' id='word_1_356' title='bbox 2110 2029 2196 2079; x_wconf 79' lang='grc'>12.</span> <span class='ocrx_word' id='word_1_357' title='bbox 2260 2023 2452 2081; x_wconf 80' lang='lat' dir='ltr'>Hussi.</span> <span class='ocrx_word' id='word_1_358' title='bbox 2505 2039 2640 2077; x_wconf 88' lang='lat' dir='ltr'>cum</span> <span class='ocrx_word' id='word_1_359' title='bbox 2700 2022 2771 2075; x_wconf 89' lang='lat' dir='ltr'>de</span> <span class='ocrx_word' id='word_1_360' title='bbox 2828 2038 3033 2077; x_wconf 91' lang='lat' dir='ltr'>eorum</span> <span class='ocrx_word' id='word_1_361' title='bbox 3095 2022 3347 2076; x_wconf 89' lang='lat' dir='ltr'>transitu</span> <span class='ocrx_word' id='word_1_362' title='bbox 3387 2020 3697 2075; x_wconf 88' lang='lat' dir='ltr'>audissent</span> 
     </span>
    </p>
   </div>
   <div class='ocr_carea' id='block_1_51' title="bbox 2046 2110 3698 2184">
    <p class='ocr_par' dir='ltr' id='par_1_51' title="bbox 2046 2110 3698 2184">
     <span class='ocr_line' id='line_1_51' title="bbox 2046 2110 3698 2184; baseline -0.002 -17"><span class='ocrx_word' id='word_1_363' title='bbox 2046 2120 2273 2184; x_wconf 87' lang='lat' dir='ltr'>partem</span> <span class='ocrx_word' id='word_1_364' title='bbox 2307 2113 2617 2178; x_wconf 85' lang='lat' dir='ltr'>exercitus,</span> <span class='ocrx_word' id='word_1_365' title='bbox 2648 2112 2739 2165; x_wconf 90' lang='lat' dir='ltr'>cui</span> <span class='ocrx_word' id='word_1_366' title='bbox 2787 2112 3135 2165; x_wconf 85' lang='lat' dir='ltr'>Hunnorum</span> <span class='ocrx_word' id='word_1_367' title='bbox 3195 2110 3698 2182; x_wconf 82' lang='lat' dir='ltr'>Bulgarorumque</span> 
     </span>
    </p>
   </div>
   <div class='ocr_carea' id='block_1_52' title="bbox 2046 2199 3696 2272">
    <p class='ocr_par' dir='ltr' id='par_1_52' title="bbox 2046 2199 3696 2272">
     <span class='ocr_line' id='line_1_52' title="bbox 2046 2199 3696 2272; baseline -0.002 -15"><span class='ocrx_word' id='word_1_368' title='bbox 2046 2202 2493 2257; x_wconf 86' lang='lat' dir='ltr'>multitudinem</span> <span class='ocrx_word' id='word_1_369' title='bbox 2532 2201 2949 2272; x_wconf 88' lang='lat' dir='ltr'>adjunxerant,</span> <span class='ocrx_word' id='word_1_370' title='bbox 2980 2201 3041 2254; x_wconf 91' lang='lat' dir='ltr'>in</span> <span class='ocrx_word' id='word_1_371' title='bbox 3098 2202 3393 2254; x_wconf 82' lang='lat' dir='ltr'>Romanos</span> <span class='ocrx_word' id='word_1_372' title='bbox 3432 2199 3696 2269; x_wconf 67' lang='lat' dir='ltr'>praemit-</span> 
     </span>
    </p>
   </div>
   <div class='ocr_carea' id='block_1_53' title="bbox 2045 2288 3698 2360">
    <p class='ocr_par' dir='ltr' id='par_1_53' title="bbox 2045 2288 3698 2360">
     <span class='ocr_line' id='line_1_53' title="bbox 2045 2288 3698 2360; baseline -0.004 -13"><span class='ocrx_word' id='word_1_373' title='bbox 2045 2298 2197 2347; x_wconf 92' lang='lat' dir='ltr'>tunt.</span> <span class='ocrx_word' id='word_1_374' title='bbox 2232 2291 2445 2346; x_wconf 82' lang='lat' dir='ltr'>Audito</span> <span class='ocrx_word' id='word_1_375' title='bbox 2472 2308 2677 2345; x_wconf 91' lang='lat' dir='ltr'>eorum</span> <span class='ocrx_word' id='word_1_376' title='bbox 2711 2288 3217 2355; x_wconf 86' lang='lat' dir='ltr'>adventu,Bardas</span> <span class='ocrx_word' id='word_1_377' title='bbox 3250 2288 3698 2360; x_wconf 89' lang='lat' dir='ltr'>magistermili-</span> 
     </span>
    </p>
   </div>
   <div class='ocr_carea' id='block_1_54' title="bbox 2046 2379 3695 2449">
    <p class='ocr_par' dir='ltr' id='par_1_54' title="bbox 2046 2379 3695 2449">
     <span class='ocr_line' id='line_1_54' title="bbox 2046 2379 3695 2449; baseline -0.003 -13"><span class='ocrx_word' id='word_1_378' title='bbox 2046 2388 2191 2449; x_wconf 89' lang='lat' dir='ltr'>tum,</span> <span class='ocrx_word' id='word_1_379' title='bbox 2225 2398 2357 2436; x_wconf 91' lang='lat' dir='ltr'>cum</span> <span class='ocrx_word' id='word_1_380' title='bbox 2392 2386 2449 2435; x_wconf 85' lang='lat' dir='ltr'>et</span> <span class='ocrx_word' id='word_1_381' title='bbox 2480 2381 2629 2435; x_wconf 88' lang='lat' dir='ltr'>alias</span> <span class='ocrx_word' id='word_1_382' title='bbox 2662 2380 2850 2434; x_wconf 89' lang='lat' dir='ltr'>virum</span> <span class='ocrx_word' id='word_1_383' title='bbox 2910 2384 3219 2433; x_wconf 89' lang='lat' dir='ltr'>strenuum</span> <span class='ocrx_word' id='word_1_384' title='bbox 3270 2379 3599 2447; x_wconf 83' lang='lat' dir='ltr'>fortemque</span> <span class='ocrx_word' id='word_1_385' title='bbox 3633 2393 3695 2432; x_wconf 88' lang='lat' dir='ltr'>se</span> 
     </span>
    </p>
   </div>
   <div class='ocr_carea' id='block_1_55' title="bbox 2044 2467 3695 2539">
    <p class='ocr_par' dir='ltr' id='par_1_55' title="bbox 2044 2467 3695 2539">
     <span class='ocr_line' id='line_1_55' title="bbox 2044 2467 3695 2539; baseline -0.002 -14"><span class='ocrx_word' id='word_1_386' title='bbox 2044 2470 2561 2539; x_wconf 83' lang='lat' dir='ltr'>exhibuisset,tum</span> <span class='ocrx_word' id='word_1_387' title='bbox 2587 2470 2841 2524; x_wconf 87' lang='lat' dir='ltr'>maxime</span> <span class='ocrx_word' id='word_1_388' title='bbox 2858 2485 2925 2523; x_wconf 90' lang='lat' dir='ltr'>ea</span> <span class='ocrx_word' id='word_1_389' title='bbox 2939 2468 3246 2523; x_wconf 88' lang='lat' dir='ltr'>occasione</span> <span class='ocrx_word' id='word_1_390' title='bbox 3265 2483 3479 2539; x_wconf 83' lang='lat' dir='ltr'>magno</span> <span class='ocrx_word' id='word_1_391' title='bbox 3495 2467 3695 2521; x_wconf 88' lang='lat' dir='ltr'>animo</span> 
     </span>
    </p>
   </div>
   <div class='ocr_carea' id='block_1_56' title="bbox 2044 2556 3694 2631">
    <p class='ocr_par' dir='ltr' id='par_1_56' title="bbox 2044 2556 3694 2631">
     <span class='ocr_line' id='line_1_56' title="bbox 2044 2556 3694 2631; baseline -0.003 -17"><span class='ocrx_word' id='word_1_392' title='bbox 2044 2560 2388 2631; x_wconf 89' lang='lat' dir='ltr'>impetuque</span> <span class='ocrx_word' id='word_1_393' title='bbox 2430 2560 2733 2619; x_wconf 88' lang='lat' dir='ltr'>incitatus,</span> <span class='ocrx_word' id='word_1_394' title='bbox 2785 2564 2987 2613; x_wconf 90' lang='lat' dir='ltr'>coacto</span> <span class='ocrx_word' id='word_1_395' title='bbox 3042 2557 3366 2612; x_wconf 89' lang='lat' dir='ltr'>electorum</span> <span class='ocrx_word' id='word_1_396' title='bbox 3427 2556 3583 2610; x_wconf 89' lang='lat' dir='ltr'>circa</span> <span class='ocrx_word' id='word_1_397' title='bbox 3632 2571 3694 2610; x_wconf 89' lang='lat' dir='ltr'>se</span> 
     </span>
    </p>
   </div>
   <div class='ocr_carea' id='block_1_57' title="bbox 2044 2645 3700 2721">
    <p class='ocr_par' dir='ltr' id='par_1_57' title="bbox 2044 2645 3700 2721">
     <span class='ocr_line' id='line_1_57' title="bbox 2044 2645 3700 2721; baseline -0.001 -18"><span class='ocrx_word' id='word_1_398' title='bbox 2044 2650 2475 2721; x_wconf 79' lang='lat' dir='ltr'>agmine,signa</span> <span class='ocrx_word' id='word_1_399' title='bbox 2498 2649 2694 2713; x_wconf 83' lang='lat' dir='ltr'>movit,</span> <span class='ocrx_word' id='word_1_400' title='bbox 2724 2649 2874 2703; x_wconf 75' lang='lat'>109</span> <span class='ocrx_word' id='word_1_401' title='bbox 2890 2654 2956 2702; x_wconf 91' lang='lat' dir='ltr'>ut</span> <span class='ocrx_word' id='word_1_402' title='bbox 2977 2665 3108 2702; x_wconf 92' lang='lat' dir='ltr'>cum</span> <span class='ocrx_word' id='word_1_403' title='bbox 3129 2647 3398 2701; x_wconf 89' lang='lat' dir='ltr'>hostibus</span> <span class='ocrx_word' id='word_1_404' title='bbox 3421 2645 3700 2702; x_wconf 84' lang='lat' dir='ltr'>decerne-</span> 
     </span>
    </p>
   </div>
   <div class='ocr_carea' id='block_1_58' title="bbox 2042 2736 3696 2810">
    <p class='ocr_par' dir='ltr' id='par_1_58' title="bbox 2042 2736 3696 2810">
     <span class='ocr_line' id='line_1_58' title="bbox 2042 2736 3696 2810; baseline -0.003 -16"><span class='ocrx_word' id='word_1_405' title='bbox 2042 2742 2563 2810; x_wconf 88' lang='lat' dir='ltr'>ret.Joannemque</span> <span class='ocrx_word' id='word_1_406' title='bbox 2583 2743 2621 2793; x_wconf 85' lang='lat' dir='ltr'><strong>A</strong></span> <span class='ocrx_word' id='word_1_407' title='bbox 2635 2740 2761 2794; x_wconf 83' lang='lat' dir='ltr'>Iaca</span> <span class='ocrx_word' id='word_1_408' title='bbox 2774 2738 2843 2793; x_wconf 92' lang='lat' dir='ltr'>ad</span> <span class='ocrx_word' id='word_1_409' title='bbox 2855 2744 3119 2793; x_wconf 87' lang='lat' dir='ltr'>vocatum</span> <span class='ocrx_word' id='word_1_410' title='bbox 3142 2736 3486 2809; x_wconf 84' lang='lat' dir='ltr'>speculandi</span> <span class='ocrx_word' id='word_1_411' title='bbox 3508 2737 3696 2808; x_wconf 87' lang='lat' dir='ltr'>gratia</span> 
     </span>
    </p>
   </div>
   <div class='ocr_carea' id='block_1_59' title="bbox 2042 2826 3693 2901">
    <p class='ocr_par' dir='ltr' id='par_1_59' title="bbox 2042 2826 3693 2901">
     <span class='ocr_line' id='line_1_59' title="bbox 2042 2826 3693 2901; baseline -0.003 -16"><span class='ocrx_word' id='word_1_412' title='bbox 2042 2847 2177 2885; x_wconf 89' lang='lat' dir='ltr'>cum</span> <span class='ocrx_word' id='word_1_413' title='bbox 2211 2830 2510 2885; x_wconf 88' lang='lat' dir='ltr'>mandatis</span> <span class='ocrx_word' id='word_1_414' title='bbox 2538 2829 2826 2901; x_wconf 69' lang='lat' dir='ltr'>praemisit</span> <span class='ocrx_word' id='word_1_415' title='bbox 2861 2846 2872 2882; x_wconf 92' lang='lat'>:</span> <span class='ocrx_word' id='word_1_416' title='bbox 2924 2828 3261 2883; x_wconf 85' lang='lat' dir='ltr'>observaret</span> <span class='ocrx_word' id='word_1_417' title='bbox 3311 2827 3577 2897; x_wconf 86' lang='lat' dir='ltr'>Scythas,</span> <span class='ocrx_word' id='word_1_418' title='bbox 3620 2826 3693 2880; x_wconf 84' lang='lat' dir='ltr'>de</span> 
     </span>
    </p>
   </div>
   <div class='ocr_carea' id='block_1_60' title="bbox 2043 2914 3689 2986">
    <p class='ocr_par' dir='ltr' id='par_1_60' title="bbox 2043 2914 3689 2986">
     <span class='ocr_line' id='line_1_60' title="bbox 2043 2914 3689 2986; baseline -0.003 -13"><span class='ocrx_word' id='word_1_419' title='bbox 2043 2936 2247 2974; x_wconf 91' lang='lat' dir='ltr'>eorum</span> <span class='ocrx_word' id='word_1_420' title='bbox 2280 2935 2529 2973; x_wconf 90' lang='lat' dir='ltr'>numero</span> <span class='ocrx_word' id='word_1_421' title='bbox 2560 2920 2964 2986; x_wconf 82' lang='lat' dir='ltr'>conjecturam</span> <span class='ocrx_word' id='word_1_422' title='bbox 2996 2917 3299 2975; x_wconf 89' lang='lat' dir='ltr'>faceret.et</span> <span class='ocrx_word' id='word_1_423' title='bbox 3320 2932 3436 2986; x_wconf 91' lang='lat' dir='ltr'>quo</span> <span class='ocrx_word' id='word_1_424' title='bbox 3467 2914 3527 2968; x_wconf 90' lang='lat' dir='ltr'>in</span> <span class='ocrx_word' id='word_1_425' title='bbox 3561 2914 3689 2969; x_wconf 93' lang='lat' dir='ltr'>loco</span> 
     </span>
    </p>
   </div>
   <div class='ocr_carea' id='block_1_61' title="bbox 2041 3005 3688 3079">
    <p class='ocr_par' dir='ltr' id='par_1_61' title="bbox 2041 3005 3688 3079">
     <span class='ocr_line' id='line_1_61' title="bbox 2041 3005 3688 3079; baseline -0.003 -16"><span class='ocrx_word' id='word_1_426' title='bbox 2041 3008 2747 3079; x_wconf 91' lang='lat' dir='ltr'>consedissent,quidque</span> <span class='ocrx_word' id='word_1_427' title='bbox 2779 3013 3057 3079; x_wconf 80' lang='lat' dir='ltr'>agerent:</span> <span class='ocrx_word' id='word_1_428' title='bbox 3088 3006 3304 3078; x_wconf 89' lang='lat' dir='ltr'>quibus</span> <span class='ocrx_word' id='word_1_429' title='bbox 3337 3005 3688 3076; x_wconf 90' lang='lat' dir='ltr'>perspectis,</span> 
     </span>
    </p>
   </div>
   <div class='ocr_carea' id='block_1_62' title="bbox 2039 3098 3691 3169">
    <p class='ocr_par' dir='ltr' id='par_1_62' title="bbox 2039 3098 3691 3169">
     <span class='ocr_line' id='line_1_62' title="bbox 2039 3098 3691 3169; baseline -0.002 -16"><span class='ocrx_word' id='word_1_430' title='bbox 2039 3101 2491 3169; x_wconf 85' lang='lat' dir='ltr'>mitteretquam</span> <span class='ocrx_word' id='word_1_431' title='bbox 2509 3098 2820 3152; x_wconf 85' lang='lat' dir='ltr'>celerrime</span> <span class='ocrx_word' id='word_1_432' title='bbox 2843 3099 2913 3153; x_wconf 92' lang='lat' dir='ltr'>ad</span> <span class='ocrx_word' id='word_1_433' title='bbox 2929 3114 3262 3168; x_wconf 88' lang='lat' dir='ltr'>se,remque</span> <span class='ocrx_word' id='word_1_434' title='bbox 3286 3113 3525 3150; x_wconf 89' lang='lat' dir='ltr'>omnem</span> <span class='ocrx_word' id='word_1_435' title='bbox 3542 3113 3691 3151; x_wconf 90' lang='lat' dir='ltr'>nuu-</span> 
     </span>
    </p>
   </div>
   <div class='ocr_carea' id='block_1_63' title="bbox 2042 3187 3688 3260">
    <p class='ocr_par' dir='ltr' id='par_1_63' title="bbox 2042 3187 3688 3260">
     <span class='ocr_line' id='line_1_63' title="bbox 2042 3187 3688 3260; baseline -0.002 -17"><span class='ocrx_word' id='word_1_436' title='bbox 2042 3190 2309 3255; x_wconf 90' lang='lat' dir='ltr'>tiaret,ut</span> <span class='ocrx_word' id='word_1_437' title='bbox 2340 3190 2465 3260; x_wconf 89' lang='lat' dir='ltr'>ipse</span> <span class='ocrx_word' id='word_1_438' title='bbox 2498 3188 2885 3243; x_wconf 84' lang='lat' dir='ltr'>conclamatis</span> <span class='ocrx_word' id='word_1_439' title='bbox 2916 3189 3067 3242; x_wconf 85' lang='lat' dir='ltr'>vasis</span> <span class='ocrx_word' id='word_1_440' title='bbox 3098 3193 3335 3258; x_wconf 81' lang='lat' dir='ltr'>pararet</span> <span class='ocrx_word' id='word_1_441' title='bbox 3365 3187 3688 3240; x_wconf 85' lang='lat' dir='ltr'>exercitum</span> 
     </span>
    </p>
   </div>
   <div class='ocr_carea' id='block_1_64' title="bbox 2038 3274 3683 3348">
    <p class='ocr_par' dir='ltr' id='par_1_64' title="bbox 2038 3274 3683 3348">
     <span class='ocr_line' id='line_1_64' title="bbox 2038 3274 3683 3348; baseline -0.004 -13"><span class='ocrx_word' id='word_1_442' title='bbox 2038 3281 2111 3335; x_wconf 89' lang='lat' dir='ltr'>ad</span> <span class='ocrx_word' id='word_1_443' title='bbox 2145 3280 2508 3335; x_wconf 85' lang='lat' dir='ltr'>conﬂictum.</span> <span class='ocrx_word' id='word_1_444' title='bbox 2542 3280 2797 3334; x_wconf 88' lang='lat' dir='ltr'>Joannes</span> <span class='ocrx_word' id='word_1_445' title='bbox 2829 3278 3148 3348; x_wconf 87' lang='lat' dir='ltr'>assumptis</span> <span class='ocrx_word' id='word_1_446' title='bbox 3191 3277 3415 3343; x_wconf 82' lang='lat' dir='ltr'>electis,</span> <span class='ocrx_word' id='word_1_447' title='bbox 3449 3274 3549 3346; x_wconf 91' lang='lat' dir='ltr'>qui</span> <span class='ocrx_word' id='word_1_448' title='bbox 3583 3291 3683 3329; x_wconf 90' lang='lat' dir='ltr'>se-</span> 
     </span>
    </p>
   </div>
   <div class='ocr_carea' id='block_1_65' title="bbox 266 3357 1933 3453">
    <p class='ocr_par' dir='ltr' id='par_1_65' title="bbox 266 3357 1922 3437">
     <span class='ocr_line' id='line_1_65' title="bbox 266 3357 1922 3437; baseline 0.002 -22"><span class='ocrx_word' id='word_1_449' title='bbox 266 3361 362 3415; x_wconf 80' lang='grc' dir='ltr'>τὸν</span> <span class='ocrx_word' id='word_1_450' title='bbox 390 3358 662 3433; x_wconf 57' lang='grc' dir='ltr'>πόλεμον.</span> <span class='ocrx_word' id='word_1_451' title='bbox 701 3361 953 3429; x_wconf 81' lang='grc' dir='ltr'>Ἰωάννης</span> <span class='ocrx_word' id='word_1_452' title='bbox 1014 3357 1093 3429; x_wconf 75' lang='grc' dir='ltr'>δὲ,</span> <span class='ocrx_word' id='word_1_453' title='bbox 1152 3361 1280 3423; x_wconf 81' lang='grc' dir='ltr'>τοὺς</span> <span class='ocrx_word' id='word_1_454' title='bbox 1332 3359 1631 3435; x_wconf 75' lang='grc' dir='ltr'>ἑπομένους</span> <span class='ocrx_word' id='word_1_455' title='bbox 1684 3361 1922 3437; x_wconf 85' lang='grc' dir='ltr'>λογάδας</span> 
     </span>
    </p>
   </div>
   <div class='ocr_carea' id='block_1_66' title="bbox 2046 3357 3686 3453">
    <p class='ocr_par' dir='ltr' id='par_1_66' title="bbox 2046 3366 3686 3440">
     <span class='ocr_line' id='line_1_66' title="bbox 2046 3366 3686 3440; baseline -0.003 -17"><span class='ocrx_word' id='word_1_456' title='bbox 2046 3368 2680 3440; x_wconf 86' lang='lat' dir='ltr'>quebantur,celeriter</span> <span class='ocrx_word' id='word_1_457' title='bbox 2710 3368 2781 3422; x_wconf 89' lang='lat' dir='ltr'>ad</span> <span class='ocrx_word' id='word_1_458' title='bbox 2816 3368 3057 3439; x_wconf 85' lang='lat' dir='ltr'>Scythas</span> <span class='ocrx_word' id='word_1_459' title='bbox 3090 3366 3425 3436; x_wconf 86' lang='lat' dir='ltr'>adequitat:</span> <span class='ocrx_word' id='word_1_460' title='bbox 3469 3366 3686 3437; x_wconf 87' lang='lat' dir='ltr'>postri-</span> 
     </span>
    </p>
   </div>
   <div class='ocr_carea' id='block_1_67' title="bbox 266 3447 1919 3526">
    <p class='ocr_par' dir='ltr' id='par_1_67' title="bbox 266 3447 1919 3526">
     <span class='ocr_line' id='line_1_67' title="bbox 266 3447 1919 3526; baseline 0.001 -22"><span class='ocrx_word' id='word_1_461' title='bbox 266 3450 611 3526; x_wconf 77' lang='grc' dir='ltr'>ἀνειληφὼς,</span> <span class='ocrx_word' id='word_1_462' title='bbox 645 3449 781 3504; x_wconf 84' lang='grc' dir='ltr'>κατᾶ</span> <span class='ocrx_word' id='word_1_463' title='bbox 811 3448 981 3523; x_wconf 83' lang='grc' dir='ltr'>τάχος</span> <span class='ocrx_word' id='word_1_464' title='bbox 1039 3447 1123 3502; x_wconf 66' lang='grc' dir='ltr'>έπῗ</span> <span class='ocrx_word' id='word_1_465' title='bbox 1184 3449 1309 3509; x_wconf 77' lang='grc' dir='ltr'>τοὺς</span> <span class='ocrx_word' id='word_1_466' title='bbox 1364 3450 1569 3511; x_wconf 79' lang='grc' dir='ltr'>Σκύθας</span> <span class='ocrx_word' id='word_1_467' title='bbox 1625 3451 1919 3507; x_wconf 72' lang='grc' dir='ltr'>ἱππάσατο·</span> 
     </span>
    </p>
   </div>
   <div class='ocr_carea' id='block_1_68' title="bbox 264 3536 1927 3613">
    <p class='ocr_par' dir='ltr' id='par_1_68' title="bbox 264 3536 1927 3613">
     <span class='ocr_line' id='line_1_68' title="bbox 264 3536 1927 3613; baseline 0.001 -20"><span class='ocrx_word' id='word_1_468' title='bbox 264 3542 340 3612; x_wconf 78' lang='grc' dir='ltr'>τῇ</span> <span class='ocrx_word' id='word_1_469' title='bbox 402 3536 461 3593; x_wconf 76' lang='grc' dir='ltr'>δὲ</span> <span class='ocrx_word' id='word_1_470' title='bbox 510 3538 764 3611; x_wconf 81' lang='grc' dir='ltr'>ὑστεραίᾳ</span> <span class='ocrx_word' id='word_1_471' title='bbox 821 3538 965 3612; x_wconf 77' lang='grc' dir='ltr'>παρὰ</span> <span class='ocrx_word' id='word_1_472' title='bbox 1018 3538 1107 3592; x_wconf 86' lang='grc' dir='ltr'>τὸν</span> <span class='ocrx_word' id='word_1_473' title='bbox 1165 3538 1476 3613; x_wconf 83' lang='grc' dir='ltr'>Μάγιστρον</span> <span class='ocrx_word' id='word_1_474' title='bbox 1532 3538 1773 3609; x_wconf 76' lang='grc' dir='ltr'>στέλλει,</span> <span class='ocrx_word' id='word_1_475' title='bbox 1807 3540 1927 3595; x_wconf 78' lang='grc' dir='ltr'>ἑπι-</span> 
     </span>
    </p>
   </div>
   <div class='ocr_carea' id='block_1_69' title="bbox 270 3624 1923 3706">
    <p class='ocr_par' dir='ltr' id='par_1_69' title="bbox 270 3624 1923 3706">
     <span class='ocr_line' id='line_1_69' title="bbox 270 3624 1923 3706; baseline 0.003 -25"><span class='ocrx_word' id='word_1_476' title='bbox 270 3624 523 3682; x_wconf 70' lang='grc' dir='ltr'>σπεῦδων</span> <span class='ocrx_word' id='word_1_477' title='bbox 557 3631 747 3682; x_wconf 77' lang='grc' dir='ltr'>τοῦτον</span> <span class='ocrx_word' id='word_1_478' title='bbox 780 3628 988 3691; x_wconf 74' lang='grc' dir='ltr'>ἱκέσθαι</span> <span class='ocrx_word' id='word_1_479' title='bbox 1024 3627 1157 3699; x_wconf 83' lang='grc' dir='ltr'>μετᾶ</span> <span class='ocrx_word' id='word_1_480' title='bbox 1186 3624 1283 3681; x_wconf 79' lang='grc' dir='ltr'>τοῧ</span> <span class='ocrx_word' id='word_1_481' title='bbox 1312 3627 1585 3697; x_wconf 83' lang='grc' dir='ltr'>πλήθους·</span> <span class='ocrx_word' id='word_1_482' title='bbox 1624 3631 1699 3701; x_wconf 75' lang='grc' dir='ltr'>μὴ</span> <span class='ocrx_word' id='word_1_483' title='bbox 1734 3629 1923 3706; x_wconf 75' lang='grc' dir='ltr'>πόρῥω</span> 
     </span>
    </p>
   </div>
   <div class='ocr_carea' id='block_1_70' title="bbox 265 3714 1923 3795">
    <p class='ocr_par' dir='ltr' id='par_1_70' title="bbox 265 3714 1923 3795">
     <span class='ocr_line' id='line_1_70' title="bbox 265 3714 1923 3795; baseline 0.003 -24"><span class='ocrx_word' id='word_1_484' title='bbox 265 3718 402 3794; x_wconf 72' lang='grc' dir='ltr'>γάρ,</span> <span class='ocrx_word' id='word_1_485' title='bbox 436 3715 565 3771; x_wconf 83' lang='grc' dir='ltr'>ἀλλ’</span> <span class='ocrx_word' id='word_1_486' title='bbox 594 3716 840 3795; x_wconf 69' lang='grc' dir='ltr'>ἐγγύθεν,</span> <span class='ocrx_word' id='word_1_487' title='bbox 874 3716 1003 3779; x_wconf 80' lang='grc' dir='ltr'>τοὺς</span> <span class='ocrx_word' id='word_1_488' title='bbox 1038 3717 1246 3779; x_wconf 78' lang='grc' dir='ltr'>Σκύθας</span> <span class='ocrx_word' id='word_1_489' title='bbox 1300 3714 1609 3785; x_wconf 79' lang='grc' dir='ltr'>αὐλίζεσθαι</span> <span class='ocrx_word' id='word_1_490' title='bbox 1672 3719 1803 3793; x_wconf 71' lang='grc'>(43).</span> <span class='ocrx_word' id='word_1_491' title='bbox 1861 3720 1923 3776; x_wconf 90' lang='grc' dir='ltr'>Ὁ</span> 
     </span>
    </p>
   </div>
   <div class='ocr_carea' id='block_1_71' title="bbox 264 3802 1922 3882">
    <p class='ocr_par' dir='ltr' id='par_1_71' title="bbox 264 3802 1922 3882">
     <span class='ocr_line' id='line_1_71' title="bbox 264 3802 1922 3882; baseline 0.001 -20"><span class='ocrx_word' id='word_1_492' title='bbox 264 3805 349 3874; x_wconf 74' lang='grc' dir='ltr'>δὲ,</span> <span class='ocrx_word' id='word_1_493' title='bbox 384 3810 491 3861; x_wconf 80' lang='grc' dir='ltr'>τῶν</span> <span class='ocrx_word' id='word_1_494' title='bbox 525 3806 789 3861; x_wconf 77' lang='grc' dir='ltr'>τοιούτων</span> <span class='ocrx_word' id='word_1_495' title='bbox 849 3803 1031 3882; x_wconf 85' lang='grc' dir='ltr'>λόγων</span> <span class='ocrx_word' id='word_1_496' title='bbox 1094 3802 1401 3875; x_wconf 72' lang='grc' dir='ltr'>διακούσας,</span> <span class='ocrx_word' id='word_1_497' title='bbox 1451 3807 1618 3881; x_wconf 62' lang='grc' dir='ltr'>τριχῆ</span> <span class='ocrx_word' id='word_1_498' title='bbox 1673 3804 1922 3878; x_wconf 83' lang='grc' dir='ltr'>διατάξας</span> 
     </span>
    </p>
   </div>
   <div class='ocr_carea' id='block_1_72' title="bbox 259 3892 1925 3972">
    <p class='ocr_par' dir='ltr' id='par_1_72' title="bbox 259 3892 1925 3972">
     <span class='ocr_line' id='line_1_72' title="bbox 259 3892 1925 3972; baseline 0.001 -22"><span class='ocrx_word' id='word_1_499' title='bbox 259 3897 368 3964; x_wconf 75' lang='grc' dir='ltr'>τὴν</span> <span class='ocrx_word' id='word_1_500' title='bbox 424 3893 702 3972; x_wconf 84' lang='grc' dir='ltr'>φάλαγγα,</span> <span class='ocrx_word' id='word_1_501' title='bbox 763 3898 830 3967; x_wconf 75' lang='grc' dir='ltr'>τῇ</span> <span class='ocrx_word' id='word_1_502' title='bbox 890 3894 983 3967; x_wconf 77' lang='grc' dir='ltr'>μὲν</span> <span class='ocrx_word' id='word_1_503' title='bbox 1046 3892 1334 3966; x_wconf 85' lang='grc' dir='ltr'>ἐφέπεσθαι</span> <span class='ocrx_word' id='word_1_504' title='bbox 1391 3894 1736 3971; x_wconf 87' lang='grc' dir='ltr'>παρήγγειλε</span> <span class='ocrx_word' id='word_1_505' title='bbox 1786 3896 1925 3951; x_wconf 78' lang='grc' dir='ltr'>κατὰ</span> 
     </span>
    </p>
   </div>
   <div class='ocr_carea' id='block_1_73' title="bbox 264 3980 1921 4063">
    <p class='ocr_par' dir='ltr' id='par_1_73' title="bbox 264 3980 1921 4063">
     <span class='ocr_line' id='line_1_73' title="bbox 264 3980 1921 4063; baseline 0.009 -26"><span class='ocrx_word' id='word_1_506' title='bbox 264 3984 552 4057; x_wconf 80' lang='grc' dir='ltr'>μέτωπον,</span> <span class='ocrx_word' id='word_1_507' title='bbox 593 3988 714 4044; x_wconf 83' lang='grc' dir='ltr'>ταῖς</span> <span class='ocrx_word' id='word_1_508' title='bbox 746 3980 803 4036; x_wconf 75' lang='grc' dir='ltr'>δὲ</span> <span class='ocrx_word' id='word_1_509' title='bbox 831 3981 969 4037; x_wconf 75' lang='grc' dir='ltr'>κατὰ</span> <span class='ocrx_word' id='word_1_510' title='bbox 998 3981 1130 4044; x_wconf 79' lang='grc' dir='ltr'>τοὺς</span> <span class='ocrx_word' id='word_1_511' title='bbox 1186 3981 1504 4058; x_wconf 79' lang='grc' dir='ltr'>ἐγκαρσίους</span> <span class='ocrx_word' id='word_1_512' title='bbox 1562 3983 1921 4063; x_wconf 69' lang='grc' dir='ltr'>προλοχίζειν</span> 
     </span>
    </p>
   </div>
   <div class='ocr_carea' id='block_1_74' title="bbox 259 4069 1922 4148">
    <p class='ocr_par' dir='ltr' id='par_1_74' title="bbox 259 4069 1922 4148">
     <span class='ocr_line' id='line_1_74' title="bbox 259 4069 1922 4148; baseline -0.001 -20"><span class='ocrx_word' id='word_1_513' title='bbox 259 4072 535 4148; x_wconf 69' lang='grc' dir='ltr'>δρυμοῦςο</span> <span class='ocrx_word' id='word_1_514' title='bbox 568 4074 648 4146; x_wconf 88' lang='grc' dir='ltr'>[Ρ.</span> <span class='ocrx_word' id='word_1_515' title='bbox 701 4075 791 4145; x_wconf 85' lang='lat'>6&#39;7]</span> <span class='ocrx_word' id='word_1_516' title='bbox 826 4076 1125 4142; x_wconf 73' lang='grc' dir='ltr'>τηνικαῦτα</span> <span class='ocrx_word' id='word_1_517' title='bbox 1156 4069 1211 4126; x_wconf 77' lang='grc' dir='ltr'>δὲ</span> <span class='ocrx_word' id='word_1_518' title='bbox 1241 4076 1341 4136; x_wconf 79' lang='grc' dir='ltr'>τῆς</span> <span class='ocrx_word' id='word_1_519' title='bbox 1376 4070 1586 4147; x_wconf 73' lang='grc' dir='ltr'>ἐνέδρας</span> <span class='ocrx_word' id='word_1_520' title='bbox 1645 4070 1922 4146; x_wconf 85' lang='grc' dir='ltr'>διεκθέειν,</span> 
     </span>
    </p>
   </div>
   <div class='ocr_carea' id='block_1_75' title="bbox 260 4159 1922 4240">
    <p class='ocr_par' dir='ltr' id='par_1_75' title="bbox 260 4159 1922 4240">
     <span class='ocr_line' id='line_1_75' title="bbox 260 4159 1922 4240; baseline 0.001 -23"><span class='ocrx_word' id='word_1_521' title='bbox 260 4163 511 4232; x_wconf 78' lang='grc' dir='ltr'>ὁπηνίκα</span> <span class='ocrx_word' id='word_1_522' title='bbox 541 4169 639 4231; x_wconf 78' lang='grc' dir='ltr'>τῆς</span> <span class='ocrx_word' id='word_1_523' title='bbox 670 4161 1002 4239; x_wconf 85' lang='grc' dir='ltr'>σάλπιγγος,</span> <span class='ocrx_word' id='word_1_524' title='bbox 1032 4162 1095 4216; x_wconf 83' lang='grc' dir='ltr'>τὸ</span> <span class='ocrx_word' id='word_1_525' title='bbox 1129 4159 1375 4216; x_wconf 80' lang='grc' dir='ltr'>ἐνυάλιον</span> <span class='ocrx_word' id='word_1_526' title='bbox 1423 4161 1767 4240; x_wconf 69' lang='grc' dir='ltr'>έπηχούσης,</span> <span class='ocrx_word' id='word_1_527' title='bbox 1803 4161 1922 4219; x_wconf 87' lang='grc' dir='ltr'>δια-</span> 
     </span>
    </p>
   </div>
   <div class='ocr_carea' id='block_1_76' title="bbox 261 4246 1922 4329">
    <p class='ocr_par' dir='ltr' id='par_1_76' title="bbox 261 4246 1922 4329">
     <span class='ocr_line' id='line_1_76' title="bbox 261 4246 1922 4329; baseline 0.001 -23"><span class='ocrx_word' id='word_1_528' title='bbox 261 4253 543 4307; x_wconf 72' lang='grc' dir='ltr'>κούσαιεν.</span> <span class='ocrx_word' id='word_1_529' title='bbox 598 4254 781 4307; x_wconf 76' lang='grc' dir='ltr'>Ταῦτα</span> <span class='ocrx_word' id='word_1_530' title='bbox 835 4256 951 4311; x_wconf 87' lang='grc' dir='ltr'>τοῖς</span> <span class='ocrx_word' id='word_1_531' title='bbox 1039 4249 1306 4329; x_wconf 81' lang='grc' dir='ltr'>λοχαγεῖς</span> <span class='ocrx_word' id='word_1_532' title='bbox 1356 4246 1922 4325; x_wconf 85' lang='grc' dir='ltr'>παρακελευσάμενος,</span> 
     </span>
    </p>
   </div>
   <div class='ocr_carea' id='block_1_77' title="bbox 259 4339 1923 4419">
    <p class='ocr_par' dir='ltr' id='par_1_77' title="bbox 259 4339 1923 4419">
     <span class='ocr_line' id='line_1_77' title="bbox 259 4339 1923 4419; baseline 0.001 -23"><span class='ocrx_word' id='word_1_533' title='bbox 259 4341 405 4396; x_wconf 71' lang='grc' dir='ltr'>κατὰ</span> <span class='ocrx_word' id='word_1_534' title='bbox 436 4340 614 4413; x_wconf 82' lang='grc' dir='ltr'>στόμα</span> <span class='ocrx_word' id='word_1_535' title='bbox 645 4345 763 4403; x_wconf 79' lang='grc' dir='ltr'>τοῖς</span> <span class='ocrx_word' id='word_1_536' title='bbox 785 4340 1017 4403; x_wconf 69' lang='grc' dir='ltr'>Σκύθαις</span> <span class='ocrx_word' id='word_1_537' title='bbox 1073 4339 1347 4413; x_wconf 71' lang='grc' dir='ltr'>ἀντεπῄει,</span> <span class='ocrx_word' id='word_1_538' title='bbox 1397 4346 1665 4416; x_wconf 82' lang='grc' dir='ltr'>κραταιῶς</span> <span class='ocrx_word' id='word_1_539' title='bbox 1719 4339 1923 4419; x_wconf 87' lang='grc' dir='ltr'>διαγω-</span> 
     </span>
    </p>
   </div>
   <div class='ocr_carea' id='block_1_78' title="bbox 256 4426 1923 4505">
    <p class='ocr_par' dir='ltr' id='par_1_78' title="bbox 256 4426 1923 4505">
     <span class='ocr_line' id='line_1_78' title="bbox 256 4426 1923 4505; baseline 0.002 -23"><span class='ocrx_word' id='word_1_540' title='bbox 256 4430 579 4503; x_wconf 80' lang='grc' dir='ltr'>νιζόμενος.</span> <span class='ocrx_word' id='word_1_541' title='bbox 616 4426 997 4487; x_wconf 78' lang='grc' dir='ltr'>Ἐπλεονέκτει</span> <span class='ocrx_word' id='word_1_542' title='bbox 1028 4427 1083 4483; x_wconf 83' lang='grc' dir='ltr'>δὲ</span> <span class='ocrx_word' id='word_1_543' title='bbox 1112 4430 1318 4499; x_wconf 82' lang='grc' dir='ltr'>πΛήθει</span> <span class='ocrx_word' id='word_1_544' title='bbox 1365 4430 1428 4485; x_wconf 88' lang='grc' dir='ltr'>τὸ</span> <span class='ocrx_word' id='word_1_545' title='bbox 1477 4430 1786 4505; x_wconf 85' lang='grc' dir='ltr'>στράτευμα</span> <span class='ocrx_word' id='word_1_546' title='bbox 1816 4436 1923 4488; x_wconf 81' lang='grc' dir='ltr'>τῶν</span> 
     </span>
    </p>
   </div>
   <div class='ocr_carea' id='block_1_79' title="bbox 258 4519 1925 4596">
    <p class='ocr_par' dir='ltr' id='par_1_79' title="bbox 258 4519 1925 4596">
     <span class='ocr_line' id='line_1_79' title="bbox 258 4519 1925 4596; baseline -0.001 -22"><span class='ocrx_word' id='word_1_547' title='bbox 258 4519 526 4575; x_wconf 75' lang='grc' dir='ltr'>ἐναντίων</span> <span class='ocrx_word' id='word_1_548' title='bbox 562 4519 693 4592; x_wconf 74' lang='grc' dir='ltr'>ὑπὲρ</span> <span class='ocrx_word' id='word_1_549' title='bbox 726 4519 851 4580; x_wconf 74' lang='grc' dir='ltr'>τοὺς</span> <span class='ocrx_word' id='word_1_550' title='bbox 881 4519 1244 4594; x_wconf 86' lang='grc' dir='ltr'>τρισμυρίους</span> <span class='ocrx_word' id='word_1_551' title='bbox 1302 4522 1520 4573; x_wconf 77' lang='grc' dir='ltr'>τελοῦν·</span> <span class='ocrx_word' id='word_1_552' title='bbox 1565 4521 1620 4573; x_wconf 79' lang='grc' dir='ltr'>οἱ</span> <span class='ocrx_word' id='word_1_553' title='bbox 1679 4521 1783 4596; x_wconf 78' lang='grc' dir='ltr'>γὰρ</span> <span class='ocrx_word' id='word_1_554' title='bbox 1845 4527 1925 4594; x_wconf 81' lang='grc' dir='ltr'>τῷ</span> 
     </span>
    </p>
   </div>
   <div class='ocr_carea' id='block_1_80' title="bbox 2038 3456 3682 3528">
    <p class='ocr_par' dir='ltr' id='par_1_80' title="bbox 2038 3456 3682 3528">
     <span class='ocr_line' id='line_1_80' title="bbox 2038 3456 3682 3528; baseline -0.001 -17"><span class='ocrx_word' id='word_1_555' title='bbox 2038 3457 2131 3512; x_wconf 91' lang='lat' dir='ltr'>die</span> <span class='ocrx_word' id='word_1_556' title='bbox 2164 3460 2291 3528; x_wconf 83' lang='lat' dir='ltr'>ejus</span> <span class='ocrx_word' id='word_1_557' title='bbox 2320 3457 2435 3511; x_wconf 91' lang='lat' dir='ltr'>diei</span> <span class='ocrx_word' id='word_1_558' title='bbox 2464 3456 2535 3511; x_wconf 89' lang='lat' dir='ltr'>ad</span> <span class='ocrx_word' id='word_1_559' title='bbox 2564 3458 2899 3528; x_wconf 82' lang='lat' dir='ltr'>Magistrum</span> <span class='ocrx_word' id='word_1_560' title='bbox 2936 3456 3191 3510; x_wconf 91' lang='lat' dir='ltr'>militum</span> <span class='ocrx_word' id='word_1_561' title='bbox 3222 3456 3404 3509; x_wconf 89' lang='lat' dir='ltr'>mittit</span> <span class='ocrx_word' id='word_1_562' title='bbox 3437 3473 3449 3511; x_wconf 91' lang='lat'>:</span> <span class='ocrx_word' id='word_1_563' title='bbox 3484 3456 3682 3510; x_wconf 90' lang='lat' dir='ltr'>horta-</span> 
     </span>
    </p>
   </div>
   <div class='ocr_carea' id='block_1_81' title="bbox 2037 3545 3681 3617">
    <p class='ocr_par' dir='ltr' id='par_1_81' title="bbox 2037 3545 3681 3617">
     <span class='ocr_line' id='line_1_81' title="bbox 2037 3545 3681 3617; baseline -0.001 -18"><span class='ocrx_word' id='word_1_564' title='bbox 2037 3551 2167 3600; x_wconf 89' lang='lat' dir='ltr'>tur:</span> <span class='ocrx_word' id='word_1_565' title='bbox 2204 3546 2411 3600; x_wconf 89' lang='lat' dir='ltr'>Veniat</span> <span class='ocrx_word' id='word_1_566' title='bbox 2440 3562 2572 3600; x_wconf 92' lang='lat' dir='ltr'>cum</span> <span class='ocrx_word' id='word_1_567' title='bbox 2605 3546 2656 3599; x_wconf 87' lang='lat' dir='ltr'>vi</span> <span class='ocrx_word' id='word_1_568' title='bbox 2680 3546 2823 3601; x_wconf 90' lang='lat' dir='ltr'>belli</span> <span class='ocrx_word' id='word_1_569' title='bbox 2850 3564 2862 3612; x_wconf 92' lang='lat'>;</span> <span class='ocrx_word' id='word_1_570' title='bbox 2896 3563 3015 3600; x_wconf 91' lang='lat' dir='ltr'>non</span> <span class='ocrx_word' id='word_1_571' title='bbox 3045 3546 3218 3617; x_wconf 84' lang='lat' dir='ltr'>longe</span> <span class='ocrx_word' id='word_1_572' title='bbox 3278 3545 3483 3600; x_wconf 90' lang='lat' dir='ltr'>abesse</span> <span class='ocrx_word' id='word_1_573' title='bbox 3530 3545 3681 3599; x_wconf 84' lang='lat' dir='ltr'>Rus-</span> 
     </span>
    </p>
   </div>
   <div class='ocr_carea' id='block_1_82' title="bbox 2035 3634 3680 3705">
    <p class='ocr_par' dir='ltr' id='par_1_82' title="bbox 2035 3634 3680 3705">
     <span class='ocr_line' id='line_1_82' title="bbox 2035 3634 3680 3705; baseline -0.002 -16"><span class='ocrx_word' id='word_1_574' title='bbox 2035 3652 2131 3689; x_wconf 88' lang='lat' dir='ltr'>sos</span> <span class='ocrx_word' id='word_1_575' title='bbox 2158 3652 2171 3690; x_wconf 93' lang='lat'>:</span> <span class='ocrx_word' id='word_1_576' title='bbox 2204 3635 2481 3705; x_wconf 88' lang='lat' dir='ltr'>proprius</span> <span class='ocrx_word' id='word_1_577' title='bbox 2513 3640 2708 3691; x_wconf 88' lang='lat' dir='ltr'>castra</span> <span class='ocrx_word' id='word_1_578' title='bbox 2737 3634 2975 3689; x_wconf 90' lang='lat' dir='ltr'>habere.</span> <span class='ocrx_word' id='word_1_579' title='bbox 3001 3634 3223 3700; x_wconf 92' lang='lat' dir='ltr'>Quibus</span> <span class='ocrx_word' id='word_1_580' title='bbox 3253 3634 3489 3698; x_wconf 84' lang='lat' dir='ltr'>auditis,</span> <span class='ocrx_word' id='word_1_581' title='bbox 3514 3649 3680 3687; x_wconf 87' lang='lat' dir='ltr'>exer-</span> 
     </span>
    </p>
   </div>
   <div class='ocr_carea' id='block_1_83' title="bbox 2034 3722 3680 3796">
    <p class='ocr_par' dir='ltr' id='par_1_83' title="bbox 2034 3722 3680 3796">
     <span class='ocr_line' id='line_1_83' title="bbox 2034 3722 3680 3796; baseline -0.002 -17"><span class='ocrx_word' id='word_1_582' title='bbox 2034 3725 2219 3779; x_wconf 89' lang='lat' dir='ltr'>citum</span> <span class='ocrx_word' id='word_1_583' title='bbox 2255 3725 2589 3796; x_wconf 90' lang='lat' dir='ltr'>tripertitur</span> <span class='ocrx_word' id='word_1_584' title='bbox 2620 3725 2837 3780; x_wconf 89' lang='lat' dir='ltr'>Bardas</span> <span class='ocrx_word' id='word_1_585' title='bbox 2872 3742 2884 3779; x_wconf 89' lang='lat'>:</span> <span class='ocrx_word' id='word_1_586' title='bbox 2946 3731 3172 3796; x_wconf 90' lang='lat' dir='ltr'>partem</span> <span class='ocrx_word' id='word_1_587' title='bbox 3213 3722 3408 3777; x_wconf 84' lang='lat' dir='ltr'>medio</span> <span class='ocrx_word' id='word_1_588' title='bbox 3465 3722 3680 3776; x_wconf 91' lang='lat' dir='ltr'>itinere</span> 
     </span>
    </p>
   </div>
   <div class='ocr_carea' id='block_1_84' title="bbox 2036 3812 3683 3885">
    <p class='ocr_par' dir='ltr' id='par_1_84' title="bbox 2036 3812 3683 3885">
     <span class='ocr_line' id='line_1_84' title="bbox 2036 3812 3683 3885; baseline -0.001 -17"><span class='ocrx_word' id='word_1_589' title='bbox 2036 3814 2203 3884; x_wconf 89' lang='lat' dir='ltr'>sequi</span> <span class='ocrx_word' id='word_1_590' title='bbox 2227 3831 2288 3869; x_wconf 91' lang='lat' dir='ltr'>se</span> <span class='ocrx_word' id='word_1_591' title='bbox 2317 3814 2510 3885; x_wconf 89' lang='lat' dir='ltr'>jubet,</span> <span class='ocrx_word' id='word_1_592' title='bbox 2559 3814 2705 3870; x_wconf 90' lang='lat' dir='ltr'>duas</span> <span class='ocrx_word' id='word_1_593' title='bbox 2752 3815 2970 3870; x_wconf 87' lang='lat' dir='ltr'>alteras</span> <span class='ocrx_word' id='word_1_594' title='bbox 3002 3830 3107 3885; x_wconf 89' lang='lat' dir='ltr'>per</span> <span class='ocrx_word' id='word_1_595' title='bbox 3158 3829 3406 3867; x_wconf 88' lang='lat' dir='ltr'>nemora</span> <span class='ocrx_word' id='word_1_596' title='bbox 3434 3829 3468 3867; x_wconf 89' lang='lat' dir='ltr'>a</span> <span class='ocrx_word' id='word_1_597' title='bbox 3498 3812 3683 3867; x_wconf 86' lang='lat' dir='ltr'>latere</span> 
     </span>
    </p>
   </div>
   <div class='ocr_carea' id='block_1_85' title="bbox 2033 3900 3690 3974">
    <p class='ocr_par' dir='ltr' id='par_1_85' title="bbox 2033 3900 3690 3974">
     <span class='ocr_line' id='line_1_85' title="bbox 2033 3900 3690 3974; baseline -0.002 -17"><span class='ocrx_word' id='word_1_598' title='bbox 2033 3903 2266 3974; x_wconf 83' lang='lat' dir='ltr'>objecta</span> <span class='ocrx_word' id='word_1_599' title='bbox 2304 3903 2461 3959; x_wconf 87' lang='lat' dir='ltr'>locat</span> <span class='ocrx_word' id='word_1_600' title='bbox 2511 3920 2523 3957; x_wconf 94' lang='lat'>:</span> <span class='ocrx_word' id='word_1_601' title='bbox 2567 3904 2764 3970; x_wconf 82' lang='lat' dir='ltr'>edicit,</span> <span class='ocrx_word' id='word_1_602' title='bbox 2820 3920 2887 3957; x_wconf 89' lang='lat' dir='ltr'>ex</span> <span class='ocrx_word' id='word_1_603' title='bbox 2936 3902 3170 3957; x_wconf 91' lang='lat' dir='ltr'>insidiis</span> <span class='ocrx_word' id='word_1_604' title='bbox 3233 3906 3570 3973; x_wconf 88' lang='lat' dir='ltr'>erumpant,</span> <span class='ocrx_word' id='word_1_605' title='bbox 3614 3900 3690 3956; x_wconf 88' lang='lat' dir='ltr'>si-</span> 
     </span>
    </p>
   </div>
   <div class='ocr_carea' id='block_1_86' title="bbox 2035 3990 3683 4059">
    <p class='ocr_par' dir='ltr' id='par_1_86' title="bbox 2035 3990 3683 4059">
     <span class='ocr_line' id='line_1_86' title="bbox 2035 3990 3683 4059; baseline 0.001 -14"><span class='ocrx_word' id='word_1_606' title='bbox 2035 3990 2159 4045; x_wconf 92' lang='lat' dir='ltr'>mul</span> <span class='ocrx_word' id='word_1_607' title='bbox 2191 4007 2258 4046; x_wconf 89' lang='lat' dir='ltr'>ac</span> <span class='ocrx_word' id='word_1_608' title='bbox 2291 3991 2467 4058; x_wconf 74' lang='lat' dir='ltr'>tubae,</span> <span class='ocrx_word' id='word_1_609' title='bbox 2502 3991 2816 4046; x_wconf 89' lang='lat' dir='ltr'>classicum</span> <span class='ocrx_word' id='word_1_610' title='bbox 2851 3992 3142 4059; x_wconf 90' lang='lat' dir='ltr'>canentis,</span> <span class='ocrx_word' id='word_1_611' title='bbox 3177 3991 3435 4046; x_wconf 90' lang='lat' dir='ltr'>sonitum</span> <span class='ocrx_word' id='word_1_612' title='bbox 3478 3990 3683 4048; x_wconf 85' lang='lat' dir='ltr'>audis-</span> 
     </span>
    </p>
   </div>
   <div class='ocr_carea' id='block_1_87' title="bbox 2034 4080 3683 4147">
    <p class='ocr_par' dir='ltr' id='par_1_87' title="bbox 2034 4080 3683 4147">
     <span class='ocr_line' id='line_1_87' title="bbox 2034 4080 3683 4147; baseline 0.001 -12"><span class='ocrx_word' id='word_1_613' title='bbox 2034 4087 2186 4135; x_wconf 91' lang='lat' dir='ltr'>sent.</span> <span class='ocrx_word' id='word_1_614' title='bbox 2252 4083 2389 4146; x_wconf 59' lang='lat' dir='ltr'>Quas</span> <span class='ocrx_word' id='word_1_615' title='bbox 2443 4098 2576 4135; x_wconf 91' lang='lat' dir='ltr'>cum</span> <span class='ocrx_word' id='word_1_616' title='bbox 2637 4080 2893 4136; x_wconf 90' lang='lat' dir='ltr'>tribunis</span> <span class='ocrx_word' id='word_1_617' title='bbox 2982 4080 3341 4147; x_wconf 86' lang='lat' dir='ltr'>mandasset,</span> <span class='ocrx_word' id='word_1_618' title='bbox 3418 4086 3577 4136; x_wconf 89' lang='lat' dir='ltr'>recta</span> <span class='ocrx_word' id='word_1_619' title='bbox 3622 4082 3683 4137; x_wconf 91' lang='lat' dir='ltr'>in</span> 
     </span>
    </p>
   </div>
   <div class='ocr_carea' id='block_1_88' title="bbox 2034 4169 3681 4241">
    <p class='ocr_par' dir='ltr' id='par_1_88' title="bbox 2034 4169 3681 4241">
     <span class='ocr_line' id='line_1_88' title="bbox 2034 4169 3681 4241; baseline 0 -17"><span class='ocrx_word' id='word_1_620' title='bbox 2034 4172 2251 4224; x_wconf 81' lang='lat' dir='ltr'>Russos</span> <span class='ocrx_word' id='word_1_621' title='bbox 2282 4170 2474 4224; x_wconf 86' lang='lat' dir='ltr'>vadit:</span> <span class='ocrx_word' id='word_1_622' title='bbox 2509 4170 2739 4223; x_wconf 88' lang='lat' dir='ltr'>fortiter</span> <span class='ocrx_word' id='word_1_623' title='bbox 2760 4170 3029 4240; x_wconf 66' lang='lat' dir='ltr'>praelium</span> <span class='ocrx_word' id='word_1_624' title='bbox 3064 4170 3388 4223; x_wconf 86' lang='lat' dir='ltr'>committit.</span> <span class='ocrx_word' id='word_1_625' title='bbox 3423 4169 3681 4241; x_wconf 87' lang='lat' dir='ltr'>Supera-</span> 
     </span>
    </p>
   </div>
   <div class='ocr_carea' id='block_1_89' title="bbox 2034 4257 3681 4328">
    <p class='ocr_par' dir='ltr' id='par_1_89' title="bbox 2034 4257 3681 4328">
     <span class='ocr_line' id='line_1_89' title="bbox 2034 4257 3681 4328; baseline 0 -17"><span class='ocrx_word' id='word_1_626' title='bbox 2034 4257 2134 4311; x_wconf 89' lang='lat' dir='ltr'>bat</span> <span class='ocrx_word' id='word_1_627' title='bbox 2163 4258 2546 4312; x_wconf 89' lang='lat' dir='ltr'>multitudine</span> <span class='ocrx_word' id='word_1_628' title='bbox 2578 4258 2813 4312; x_wconf 89' lang='lat' dir='ltr'>hostilis</span> <span class='ocrx_word' id='word_1_629' title='bbox 2856 4258 3147 4312; x_wconf 88' lang='lat' dir='ltr'>exercitus</span> <span class='ocrx_word' id='word_1_630' title='bbox 3181 4274 3193 4324; x_wconf 91' lang='lat'><strong>;</strong></span> <span class='ocrx_word' id='word_1_631' title='bbox 3226 4258 3444 4328; x_wconf 91' lang='lat' dir='ltr'>quippe</span> <span class='ocrx_word' id='word_1_632' title='bbox 3472 4257 3532 4310; x_wconf 91' lang='lat' dir='ltr'>in</span> <span class='ocrx_word' id='word_1_633' title='bbox 3565 4274 3681 4327; x_wconf 90' lang='lat' dir='ltr'>quo</span> 
     </span>
    </p>
   </div>
   <div class='ocr_carea' id='block_1_90' title="bbox 2036 4346 3677 4417">
    <p class='ocr_par' dir='ltr' id='par_1_90' title="bbox 2036 4346 3677 4417">
     <span class='ocr_line' id='line_1_90' title="bbox 2036 4346 3677 4417; baseline 0.001 -18"><span class='ocrx_word' id='word_1_634' title='bbox 2036 4363 2215 4417; x_wconf 90' lang='lat' dir='ltr'>supra</span> <span class='ocrx_word' id='word_1_635' title='bbox 2240 4347 2481 4417; x_wconf 87' lang='lat' dir='ltr'>triginta</span> <span class='ocrx_word' id='word_1_636' title='bbox 2530 4347 2720 4401; x_wconf 88' lang='lat' dir='ltr'>millia</span> <span class='ocrx_word' id='word_1_637' title='bbox 2759 4346 3114 4400; x_wconf 90' lang='lat' dir='ltr'>bellatorum</span> <span class='ocrx_word' id='word_1_638' title='bbox 3163 4351 3624 4399; x_wconf 89' lang='lat' dir='ltr'>numerarentur</span> <span class='ocrx_word' id='word_1_639' title='bbox 3663 4361 3677 4401; x_wconf 90' lang='lat'>:</span> 
     </span>
    </p>
   </div>
   <div class='ocr_carea' id='block_1_91' title="bbox 2035 4433 3681 4506">
    <p class='ocr_par' dir='ltr' id='par_1_91' title="bbox 2035 4433 3681 4506">
     <span class='ocr_line' id='line_1_91' title="bbox 2035 4433 3681 4506; baseline -0.001 -17"><span class='ocrx_word' id='word_1_640' title='bbox 2035 4435 2238 4490; x_wconf 69' lang='lat' dir='ltr'>Bardas</span> <span class='ocrx_word' id='word_1_641' title='bbox 2270 4436 2515 4503; x_wconf 89' lang='lat' dir='ltr'>milites,</span> <span class='ocrx_word' id='word_1_642' title='bbox 2551 4452 2684 4490; x_wconf 91' lang='lat' dir='ltr'>cum</span> <span class='ocrx_word' id='word_1_643' title='bbox 2708 4435 2801 4489; x_wconf 91' lang='lat' dir='ltr'>his</span> <span class='ocrx_word' id='word_1_644' title='bbox 2829 4435 2925 4506; x_wconf 89' lang='lat' dir='ltr'>qui</span> <span class='ocrx_word' id='word_1_645' title='bbox 2956 4436 3017 4488; x_wconf 91' lang='lat' dir='ltr'>in</span> <span class='ocrx_word' id='word_1_646' title='bbox 3050 4434 3285 4489; x_wconf 89' lang='lat' dir='ltr'>insidiis</span> <span class='ocrx_word' id='word_1_647' title='bbox 3316 4433 3681 4498; x_wconf 87' lang='lat' dir='ltr'>latebant,ad</span> 
     </span>
    </p>
   </div>
   <div class='ocr_carea' id='block_1_92' title="bbox 2038 4523 3681 4595">
    <p class='ocr_par' dir='ltr' id='par_1_92' title="bbox 2038 4523 3681 4595">
     <span class='ocr_line' id='line_1_92' title="bbox 2038 4523 3681 4595; baseline 0 -16"><span class='ocrx_word' id='word_1_648' title='bbox 2038 4523 2234 4579; x_wconf 84' lang='lat' dir='ltr'>decies</span> <span class='ocrx_word' id='word_1_649' title='bbox 2268 4525 2433 4579; x_wconf 90' lang='lat' dir='ltr'>mille</span> <span class='ocrx_word' id='word_1_650' title='bbox 2466 4530 2654 4590; x_wconf 89' lang='lat' dir='ltr'>erant,</span> <span class='ocrx_word' id='word_1_651' title='bbox 2690 4541 2800 4580; x_wconf 88' lang='lat' dir='ltr'>nec</span> <span class='ocrx_word' id='word_1_652' title='bbox 2845 4523 3121 4595; x_wconf 85' lang='lat' dir='ltr'>amplius.</span> <span class='ocrx_word' id='word_1_653' title='bbox 3172 4524 3299 4579; x_wconf 83' lang='lat' dir='ltr'>Jam</span> <span class='ocrx_word' id='word_1_654' title='bbox 3348 4524 3504 4579; x_wconf 89' lang='lat' dir='ltr'>inter</span> <span class='ocrx_word' id='word_1_655' title='bbox 3534 4523 3681 4579; x_wconf 86' lang='lat' dir='ltr'>duas</span> 
     </span>
    </p>
   </div>
   <div class='ocr_carea' id='block_1_93' title="bbox 1475 4674 2470 4735">
    <p class='ocr_par' dir='ltr' id='par_1_93' title="bbox 1475 4674 2470 4735">
     <span class='ocr_line' id='line_1_93' title="bbox 1475 4674 2470 4735; baseline 0.007 -8"><span class='ocrx_word' id='word_1_656' title='bbox 1475 4674 1535 4728; x_wconf 89' lang='lat' dir='ltr'>C.</span> <span class='ocrx_word' id='word_1_657' title='bbox 1579 4675 1641 4728; x_wconf 89' lang='grc' dir='ltr'>Β.</span> <span class='ocrx_word' id='word_1_658' title='bbox 1686 4675 1873 4731; x_wconf 81' lang='lat' dir='ltr'><strong>HASII</strong></span> <span class='ocrx_word' id='word_1_659' title='bbox 1918 4677 2470 4735; x_wconf 84' lang='lat' dir='ltr'>ANNOTATIONES.</span> 
     </span>
    </p>
   </div>
   <div class='ocr_carea' id='block_1_94' title="bbox 337 4841 1933 4925">
    <p class='ocr_par' dir='ltr' id='par_1_94' title="bbox 337 4841 1933 4925">
     <span class='ocr_line' id='line_1_94' title="bbox 337 4841 1933 4925; baseline 0.001 -24"><span class='ocrx_word' id='word_1_660' title='bbox 337 4848 389 4884; x_wconf 79' lang='grc'>²⁹</span> <span class='ocrx_word' id='word_1_661' title='bbox 419 4843 728 4925; x_wconf 46' lang='grc' dir='ltr'>διαῃῆναι.</span> <span class='ocrx_word' id='word_1_662' title='bbox 762 4848 845 4925; x_wconf 79' lang='lat' dir='ltr'>Ex_</span> <span class='ocrx_word' id='word_1_663' title='bbox 875 4844 1251 4925; x_wconf 38' lang='lat' dir='ltr'>Iliad..E.‘9.9.</span> <span class='ocrx_word' id='word_1_664' title='bbox 1284 4844 1334 4880; x_wconf 79' lang='grc' dir='ltr'>³ο</span> <span class='ocrx_word' id='word_1_665' title='bbox 1361 4841 1492 4925; x_wconf 52' lang='lat' dir='ltr'>fing</span> <span class='ocrx_word' id='word_1_666' title='bbox 1527 4849 1726 4925; x_wconf 57' lang='lat' dir='ltr'>Rossis</span> <span class='ocrx_word' id='word_1_667' title='bbox 1755 4867 1933 4925; x_wconf 76' lang='lat' dir='ltr'>quogi</span> 
     </span>
    </p>
   </div>
   <div class='ocr_carea' id='block_1_95' title="bbox 2046 4841 3682 4925">
    <p class='ocr_par' dir='ltr' id='par_1_95' title="bbox 2046 4849 3682 4925">
     <span class='ocr_line' id='line_1_95' title="bbox 2046 4849 3682 4925; baseline 0.002 -17"><span class='ocrx_word' id='word_1_668' title='bbox 2046 4852 2289 4909; x_wconf 76' lang='lat' dir='ltr'>scribere</span> <span class='ocrx_word' id='word_1_669' title='bbox 2320 4853 2417 4908; x_wconf 87' lang='lat' dir='ltr'>hic</span> <span class='ocrx_word' id='word_1_670' title='bbox 2444 4849 2659 4923; x_wconf 78' lang='grc' dir='ltr'>πλήθη,</span> <span class='ocrx_word' id='word_1_671' title='bbox 2694 4853 2852 4925; x_wconf 91' lang='lat' dir='ltr'>quod</span> <span class='ocrx_word' id='word_1_672' title='bbox 2898 4860 2988 4910; x_wconf 85' lang='lat' dir='ltr'>est</span> <span class='ocrx_word' id='word_1_673' title='bbox 3044 4856 3199 4912; x_wconf 84' lang='lat' dir='ltr'>infra</span> <span class='ocrx_word' id='word_1_674' title='bbox 3243 4858 3307 4911; x_wconf 91' lang='lat' dir='ltr'>D.</span> <span class='ocrx_word' id='word_1_675' title='bbox 3344 4857 3508 4912; x_wconf 81' lang='lat' dir='ltr'>lin.t.</span> <span class='ocrx_word' id='word_1_676' title='bbox 3580 4859 3682 4913; x_wconf 85' lang='lat' dir='ltr'>Ta-</span> 
     </span>
    </p>
   </div>
   <div class='ocr_carea' id='block_1_96' title="bbox 261 4916 1926 4994">
    <p class='ocr_par' dir='ltr' id='par_1_96' title="bbox 261 4916 1926 4994">
     <span class='ocr_line' id='line_1_96' title="bbox 261 4916 1926 4994; baseline 0.002 -19"><span class='ocrx_word' id='word_1_677' title='bbox 261 4937 411 4975; x_wconf 89' lang='lat' dir='ltr'>men</span> <span class='ocrx_word' id='word_1_678' title='bbox 439 4920 591 4975; x_wconf 85' lang='lat' dir='ltr'>nihil</span> <span class='ocrx_word' id='word_1_679' title='bbox 622 4920 864 4975; x_wconf 88' lang='lat' dir='ltr'>mutavi.</span> <span class='ocrx_word' id='word_1_680' title='bbox 895 4918 939 4953; x_wconf 83' lang='grc'>⁸¹</span> <span class='ocrx_word' id='word_1_681' title='bbox 972 4916 1061 4994; x_wconf 82' lang='grc' dir='ltr'>ἀφ’</span> <span class='ocrx_word' id='word_1_682' title='bbox 1090 4916 1251 4970; x_wconf 77' lang='grc' dir='ltr'>αὐτὸν</span> <span class='ocrx_word' id='word_1_683' title='bbox 1281 4918 1411 4974; x_wconf 91' lang='lat' dir='ltr'>cod.</span> <span class='ocrx_word' id='word_1_684' title='bbox 1444 4918 1492 4953; x_wconf 67' lang='grc'>³³</span> <span class='ocrx_word' id='word_1_685' title='bbox 1516 4916 1926 4989; x_wconf 67' lang='grc' dir='ltr'>ἀθροῖσαΓοοίίῖ</span> 
     </span>
    </p>
   </div>
   <div class='ocr_carea' id='block_1_97' title="bbox 336 5072 1994 5151">
    <p class='ocr_par' dir='ltr' id='par_1_97' title="bbox 336 5072 1994 5151">
     <span class='ocr_line' id='line_1_97' title="bbox 336 5072 1994 5151; baseline 0.001 -19"><span class='ocrx_word' id='word_1_686' title='bbox 336 5082 450 5151; x_wconf 64' lang='lat' dir='ltr'>(lion</span> <span class='ocrx_word' id='word_1_687' title='bbox 483 5078 783 5151; x_wconf 64' lang='lat' dir='ltr'>gedrenus</span> <span class='ocrx_word' id='word_1_688' title='bbox 841 5079 909 5132; x_wconf 90' lang='lat' dir='ltr'>II.</span> <span class='ocrx_word' id='word_1_689' title='bbox 960 5079 1081 5151; x_wconf 86' lang='lat'>667_.</span> <span class='ocrx_word' id='word_1_690' title='bbox 1140 5077 1231 5151; x_wconf 83' lang='lat' dir='ltr'>C._</span> <span class='ocrx_word' id='word_1_691' title='bbox 1272 5072 1589 5151; x_wconf 77' lang='grc' dir='ltr'>Ἀλακασέα.</span> <span class='ocrx_word' id='word_1_692' title='bbox 1624 5079 1916 5151; x_wconf 88' lang='lat' dir='ltr'>Scylitzes</span> <span class='ocrx_word' id='word_1_693' title='bbox 1954 5083 1994 5147; x_wconf 89' lang='lat' dir='ltr'><strong>D</strong></span> 
     </span>
    </p>
   </div>
   <div class='ocr_carea' id='block_1_98' title="bbox 264 5147 1915 5221">
    <p class='ocr_par' dir='ltr' id='par_1_98' title="bbox 264 5147 1915 5221">
     <span class='ocr_line' id='line_1_98' title="bbox 264 5147 1915 5221; baseline -0.001 -16"><span class='ocrx_word' id='word_1_694' title='bbox 264 5168 380 5205; x_wconf 89' lang='lat' dir='ltr'>ms.</span> <span class='ocrx_word' id='word_1_695' title='bbox 419 5147 775 5203; x_wconf 75' lang='grc' dir='ltr'>’Λλακασσέα.</span> <span class='ocrx_word' id='word_1_696' title='bbox 813 5151 866 5203; x_wconf 91' lang='lat' dir='ltr'>Is</span> <span class='ocrx_word' id='word_1_697' title='bbox 898 5147 1167 5218; x_wconf 64' lang='lat' dir='ltr'>quaedam</span> <span class='ocrx_word' id='word_1_698' title='bbox 1202 5148 1273 5202; x_wconf 90' lang='lat' dir='ltr'>de</span> <span class='ocrx_word' id='word_1_699' title='bbox 1306 5150 1416 5203; x_wconf 85' lang='lat' dir='ltr'>hoc</span> <span class='ocrx_word' id='word_1_700' title='bbox 1468 5150 1671 5219; x_wconf 79' lang='lat' dir='ltr'>praelio</span> <span class='ocrx_word' id='word_1_701' title='bbox 1717 5147 1915 5221; x_wconf 54' lang='lat' dir='ltr'>&#39;(quod</span> 
     </span>
    </p>
   </div>
   <div class='ocr_carea' id='block_1_99' title="bbox 263 5220 1913 5287">
    <p class='ocr_par' dir='ltr' id='par_1_99' title="bbox 263 5220 1913 5287">
     <span class='ocr_line' id='line_1_99' title="bbox 263 5220 1913 5287; baseline 0 -10"><span class='ocrx_word' id='word_1_702' title='bbox 263 5222 561 5278; x_wconf 88' lang='lat' dir='ltr'>accidisse</span> <span class='ocrx_word' id='word_1_703' title='bbox 590 5222 821 5276; x_wconf 89' lang='lat' dir='ltr'>videtur</span> <span class='ocrx_word' id='word_1_704' title='bbox 852 5220 910 5273; x_wconf 92' lang='lat' dir='ltr'>in</span> <span class='ocrx_word' id='word_1_705' title='bbox 945 5225 1231 5274; x_wconf 89' lang='lat' dir='ltr'>autumno</span> <span class='ocrx_word' id='word_1_706' title='bbox 1264 5238 1315 5274; x_wconf 87' lang='lat' dir='ltr'>a.</span> <span class='ocrx_word' id='word_1_707' title='bbox 1378 5223 1523 5287; x_wconf 81' lang='lat'>970.)</span> <span class='ocrx_word' id='word_1_708' title='bbox 1583 5238 1652 5275; x_wconf 85' lang='lat' dir='ltr'>ex</span> <span class='ocrx_word' id='word_1_709' title='bbox 1721 5220 1913 5277; x_wconf 85' lang='lat' dir='ltr'>Leone</span> 
     </span>
    </p>
   </div>
   <div class='ocr_carea' id='block_1_100' title="bbox 263 5292 1916 5356">
    <p class='ocr_par' dir='ltr' id='par_1_100' title="bbox 263 5292 1916 5356">
     <span class='ocr_line' id='line_1_100' title="bbox 263 5292 1916 5356; baseline -0.001 -7"><span class='ocrx_word' id='word_1_710' title='bbox 263 5294 488 5352; x_wconf 85' lang='lat' dir='ltr'>hausit.</span> <span class='ocrx_word' id='word_1_711' title='bbox 521 5294 638 5349; x_wconf 89' lang='lat' dir='ltr'>alia</span> <span class='ocrx_word' id='word_1_712' title='bbox 669 5310 735 5347; x_wconf 89' lang='lat' dir='ltr'>ex</span> <span class='ocrx_word' id='word_1_713' title='bbox 771 5293 929 5345; x_wconf 88' lang='lat' dir='ltr'>fonte</span> <span class='ocrx_word' id='word_1_714' title='bbox 990 5292 1208 5356; x_wconf 77' lang='lat' dir='ltr'>ignoto.</span> <span class='ocrx_word' id='word_1_715' title='bbox 1259 5292 1458 5345; x_wconf 90' lang='lat' dir='ltr'>Mendi</span> <span class='ocrx_word' id='word_1_716' title='bbox 1500 5293 1781 5348; x_wconf 89' lang='lat' dir='ltr'>editionis</span> <span class='ocrx_word' id='word_1_717' title='bbox 1812 5299 1916 5349; x_wconf 90' lang='lat' dir='ltr'>Ce-</span> 
     </span>
    </p>
   </div>
   <div class='ocr_carea' id='block_1_101' title="bbox 262 5358 1918 5431">
    <p class='ocr_par' dir='ltr' id='par_1_101' title="bbox 262 5358 1918 5431">
     <span class='ocr_line' id='line_1_101' title="bbox 262 5358 1918 5431; baseline -0.002 -11"><span class='ocrx_word' id='word_1_718' title='bbox 262 5367 437 5420; x_wconf 83' lang='lat' dir='ltr'>dren.</span> <span class='ocrx_word' id='word_1_719' title='bbox 476 5368 541 5425; x_wconf 79' lang='grc' dir='ltr'>ΙΙ,</span> <span class='ocrx_word' id='word_1_720' title='bbox 575 5368 697 5419; x_wconf 80' lang='lat'>667.</span> <span class='ocrx_word' id='word_1_721' title='bbox 726 5364 833 5417; x_wconf 85' lang='lat' dir='ltr'>lin.</span> <span class='ocrx_word' id='word_1_722' title='bbox 867 5365 913 5417; x_wconf 31' lang='lat'>8.</span> <span class='ocrx_word' id='word_1_723' title='bbox 953 5358 1105 5414; x_wconf 79' lang='grc' dir='ltr'>ένδόν</span> <span class='ocrx_word' id='word_1_724' title='bbox 1137 5364 1355 5431; x_wconf 69' lang='grc' dir='ltr'>τείδίο)</span> <span class='ocrx_word' id='word_1_725' title='bbox 1384 5369 1501 5423; x_wconf 85' lang='grc' dir='ltr'>τοῖς</span> <span class='ocrx_word' id='word_1_726' title='bbox 1553 5361 1754 5424; x_wconf 62' lang='grc' dir='ltr'>ἵπποις</span> <span class='ocrx_word' id='word_1_727' title='bbox 1792 5365 1918 5425; x_wconf 80' lang='grc' dir='ltr'>τοὺς</span> 
     </span>
    </p>
   </div>
   <div class='ocr_carea' id='block_1_102' title="bbox 264 5430 1841 5511">
    <p class='ocr_par' dir='ltr' id='par_1_102' title="bbox 264 5430 1841 5511">
     <span class='ocr_line' id='line_1_102' title="bbox 264 5430 1841 5511; baseline 0.001 -23"><span class='ocrx_word' id='word_1_728' title='bbox 264 5434 558 5511; x_wconf 64' lang='grc' dir='ltr'>χαλινούς,</span> <span class='ocrx_word' id='word_1_729' title='bbox 589 5437 782 5491; x_wconf 78' lang='lat' dir='ltr'>facilis</span> <span class='ocrx_word' id='word_1_730' title='bbox 815 5433 1113 5511; x_wconf 78' lang='lat' dir='ltr'>medicina</span> <span class='ocrx_word' id='word_1_731' title='bbox 1140 5450 1152 5486; x_wconf 88' lang='lat'>:</span> <span class='ocrx_word' id='word_1_732' title='bbox 1199 5430 1591 5511; x_wconf 40' lang='grc' dir='ltr'>ἐνδόντας-τοῖς</span> <span class='ocrx_word' id='word_1_733' title='bbox 1620 5432 1747 5511; x_wconf 38' lang='grc' dir='ltr'>’ί1-τ,</span> <span class='ocrx_word' id='word_1_734' title='bbox 1783 5456 1841 5511; x_wconf 85' lang='grc' dir='ltr'>χ.</span> 
     </span>
    </p>
   </div>
   <div class='ocr_carea' id='block_1_103' title="bbox 294 5501 1914 5581">
    <p class='ocr_par' dir='ltr' id='par_1_103' title="bbox 294 5501 1914 5581">
     <span class='ocr_line' id='line_1_103' title="bbox 294 5501 1914 5581; baseline 0.001 -21"><span class='ocrx_word' id='word_1_735' title='bbox 294 5501 448 5581; x_wconf 32' lang='lat' dir='ltr'>fuit</span> <span class='ocrx_word' id='word_1_736' title='bbox 501 5508 593 5562; x_wconf 92' lang='lat' dir='ltr'>Sic</span> <span class='ocrx_word' id='word_1_737' title='bbox 659 5507 898 5581; x_wconf 66' lang='lat' dir='ltr'>mutavi</span> <span class='ocrx_word' id='word_1_738' title='bbox 940 5505 1295 5581; x_wconf 80' lang='lat' dir='ltr'>scripturam</span> <span class='ocrx_word' id='word_1_739' title='bbox 1352 5506 1585 5562; x_wconf 89' lang='lat' dir='ltr'>Codicis</span> <span class='ocrx_word' id='word_1_740' title='bbox 1643 5501 1869 5581; x_wconf 71' lang='grc' dir='ltr'>ἀθροῗσα</span> <span class='ocrx_word' id='word_1_741' title='bbox 1902 5550 1914 5562; x_wconf 95' lang='grc'><strong>.</strong></span> 
     </span>
    </p>
   </div>
   <div class='ocr_carea' id='block_1_104' title="bbox 267 5576 1105 5649">
    <p class='ocr_par' dir='ltr' id='par_1_104' title="bbox 267 5576 1105 5649">
     <span class='ocr_line' id='line_1_104' title="bbox 267 5576 1105 5649; baseline -0.004 -19"><span class='ocrx_word' id='word_1_742' title='bbox 267 5576 462 5649; x_wconf 82' lang='lat' dir='ltr'>Supra</span> <span class='ocrx_word' id='word_1_743' title='bbox 496 5582 576 5633; x_wconf 76' lang='lat' dir='ltr'>li.</span> <span class='ocrx_word' id='word_1_744' title='bbox 612 5580 672 5634; x_wconf 88' lang='grc' dir='ltr'>Β.</span> <span class='ocrx_word' id='word_1_745' title='bbox 714 5576 1105 5649; x_wconf 75' lang='grc' dir='ltr'>περιαθρήσας,</span> 
     </span>
    </p>
   </div>
   <div class='ocr_carea' id='block_1_105' title="bbox 368 5648 1340 5722">
    <p class='ocr_par' dir='ltr' id='par_1_105' title="bbox 368 5648 1340 5722">
     <span class='ocr_line' id='line_1_105' title="bbox 368 5648 1340 5722; baseline -0.003 -18"><span class='ocrx_word' id='word_1_746' title='bbox 368 5652 458 5722; x_wconf 68' lang='grc'>42)</span> <span class='ocrx_word' id='word_1_747' title='bbox 485 5648 795 5721; x_wconf 83' lang='lat' dir='ltr'>Expressit</span> <span class='ocrx_word' id='word_1_748' title='bbox 816 5648 1126 5720; x_wconf 81' lang='lat' dir='ltr'>Agathiam</span> <span class='ocrx_word' id='word_1_749' title='bbox 1158 5649 1245 5701; x_wconf 86' lang='lat'>58.</span> <span class='ocrx_word' id='word_1_750' title='bbox 1281 5648 1340 5702; x_wconf 91' lang='lat' dir='ltr'>C.</span> 
     </span>
    </p>
   </div>
   <div class='ocr_carea' id='block_1_106' title="bbox 2021 5222 3244 5299">
    <p class='ocr_par' dir='ltr' id='par_1_106' title="bbox 2021 5222 3244 5299">
     <span class='ocr_line' id='line_1_106' title="bbox 2021 5222 3244 5299; baseline 0.007 -25"><span class='ocrx_word' id='word_1_751' title='bbox 2021 5226 2225 5299; x_wconf 56' lang='grc' dir='ltr'>τειχῶν</span> <span class='ocrx_word' id='word_1_752' title='bbox 2260 5222 2943 5299; x_wconf 50' lang='grc' dir='ltr'>Ἀρκαδιουπόλειοςηιιω</span> <span class='ocrx_word' id='word_1_753' title='bbox 2966 5233 3088 5281; x_wconf 89' lang='lat' dir='ltr'>erat</span> <span class='ocrx_word' id='word_1_754' title='bbox 3110 5229 3244 5299; x_wconf 83' lang='lat' dir='ltr'>Oppi</span> 
     </span>
    </p>
   </div>
   <div class='ocr_carea' id='block_1_107' title="bbox 2084 5080 3678 5161">
    <p class='ocr_par' dir='ltr' id='par_1_107' title="bbox 2084 5080 3678 5161">
     <span class='ocr_line' id='line_1_107' title="bbox 2084 5080 3678 5161; baseline 0.004 -27"><span class='ocrx_word' id='word_1_755' title='bbox 2084 5082 2211 5161; x_wconf 37' lang='lat'>.(43)</span> <span class='ocrx_word' id='word_1_756' title='bbox 2232 5083 2497 5161; x_wconf 83' lang='lat' dir='ltr'>_Nemque</span> <span class='ocrx_word' id='word_1_757' title='bbox 2515 5080 3409 5161; x_wconf 39' lang='lat' dir='ltr'>ad_Arcadiopolimiauctoribus</span> <span class='ocrx_word' id='word_1_758' title='bbox 3433 5086 3678 5156; x_wconf 86' lang='lat' dir='ltr'>Scylitza</span> 
     </span>
    </p>
   </div>
   <div class='ocr_carea' id='block_1_108' title="bbox 2031 5152 3673 5228">
    <p class='ocr_par' dir='ltr' id='par_1_108' title="bbox 2031 5152 3673 5228">
     <span class='ocr_line' id='line_1_108' title="bbox 2031 5152 3673 5228; baseline 0.003 -25"><span class='ocrx_word' id='word_1_759' title='bbox 2031 5152 2283 5228; x_wconf 65' lang='lat' dir='ltr'>Historia</span> <span class='ocrx_word' id='word_1_760' title='bbox 2312 5170 2456 5228; x_wconf 54' lang='grc' dir='ltr'>ῐῐιδ.ι</span> <span class='ocrx_word' id='word_1_761' title='bbox 2480 5159 2537 5207; x_wconf 90' lang='lat' dir='ltr'>et</span> <span class='ocrx_word' id='word_1_762' title='bbox 2565 5154 2833 5228; x_wconf 75' lang='lat' dir='ltr'>Gedreno</span> <span class='ocrx_word' id='word_1_763' title='bbox 2868 5156 2934 5208; x_wconf 85' lang='grc' dir='ltr'>ΙΙ.</span> <span class='ocrx_word' id='word_1_764' title='bbox 2968 5156 3089 5208; x_wconf 90' lang='grc'>666.</span> <span class='ocrx_word' id='word_1_765' title='bbox 3120 5157 3182 5209; x_wconf 91' lang='lat' dir='ltr'>D.</span> <span class='ocrx_word' id='word_1_766' title='bbox 3220 5155 3396 5228; x_wconf 84' lang='grc' dir='ltr'>ἀγχοῦ</span> <span class='ocrx_word' id='word_1_767' title='bbox 3430 5152 3533 5209; x_wconf 71' lang='grc' dir='ltr'>που</span> <span class='ocrx_word' id='word_1_768' title='bbox 3565 5160 3673 5209; x_wconf 80' lang='grc' dir='ltr'>τῶν</span> 
     </span>
    </p>
   </div>
   <div class='ocr_carea' id='block_1_109' title="bbox 3255 5176 3675 5283">
    <p class='ocr_par' dir='ltr' id='par_1_109' title="bbox 3255 5176 3675 5283">
     <span class='ocr_line' id='line_1_109' title="bbox 3255 5176 3673 5283; baseline 0.002 -76"><span class='ocrx_word' id='word_1_769' title='bbox 3255 5176 3396 5283; x_wconf 45' lang='grc' dir='ltr'>ἔχου</span> <span class='ocrx_word' id='word_1_770' title='bbox 3430 5176 3533 5209; x_wconf 79' lang='grc' dir='ltr'>που</span> <span class='ocrx_word' id='word_1_771' title='bbox 3565 5176 3673 5209; x_wconf 86' lang='grc' dir='ltr'>των</span> 
     </span>
     <span class='ocr_line' id='line_1_110' title="bbox 3295 5245 3675 5283; baseline 0 0"><span class='ocrx_word' id='word_1_772' title='bbox 3295 5246 3395 5283; x_wconf 93' lang='lat' dir='ltr'>um</span> <span class='ocrx_word' id='word_1_773' title='bbox 3418 5245 3675 5283; x_wconf 80' lang='lat' dir='ltr'>v1c1num</span> 
     </span>
    </p>
   </div>
   <div class='ocr_carea' id='block_1_110' title="bbox 2035 5296 3678 5371">
    <p class='ocr_par' dir='ltr' id='par_1_110' title="bbox 2035 5296 3678 5371">
     <span class='ocr_line' id='line_1_111' title="bbox 2035 5296 3678 5371; baseline 0.005 -24"><span class='ocrx_word' id='word_1_774' title='bbox 2035 5296 2391 5371; x_wconf 63' lang='lat' dir='ltr'>Druziparm,</span> <span class='ocrx_word' id='word_1_775' title='bbox 2426 5296 2620 5371; x_wconf 78' lang='lat' dir='ltr'>medio</span> <span class='ocrx_word' id='word_1_776' title='bbox 2664 5298 2877 5371; x_wconf 85' lang='lat' dir='ltr'>itinere</span> <span class='ocrx_word' id='word_1_777' title='bbox 2934 5298 3090 5371; x_wconf 81' lang='lat' dir='ltr'>inter</span> <span class='ocrx_word' id='word_1_778' title='bbox 3141 5296 3585 5371; x_wconf 73' lang='lat' dir='ltr'>AdrianOpolim</span> <span class='ocrx_word' id='word_1_779' title='bbox 3620 5307 3678 5355; x_wconf 91' lang='lat' dir='ltr'>et</span> 
     </span>
    </p>
   </div>
   <div class='ocr_carea' id='block_1_111' title="bbox 2033 5367 3672 5433">
    <p class='ocr_par' dir='ltr' id='par_1_111' title="bbox 2033 5367 3672 5433">
     <span class='ocr_line' id='line_1_112' title="bbox 2033 5367 3672 5433; baseline 0.002 -14"><span class='ocrx_word' id='word_1_780' title='bbox 2033 5367 2373 5422; x_wconf 81' lang='lat' dir='ltr'>Heracleam</span> <span class='ocrx_word' id='word_1_781' title='bbox 2411 5368 2566 5424; x_wconf 90' lang='lat' dir='ltr'>:vid.</span> <span class='ocrx_word' id='word_1_782' title='bbox 2600 5370 2671 5423; x_wconf 89' lang='lat' dir='ltr'>Le</span> <span class='ocrx_word' id='word_1_783' title='bbox 2729 5369 2920 5433; x_wconf 86' lang='lat' dir='ltr'>Quien</span> <span class='ocrx_word' id='word_1_784' title='bbox 2972 5370 3195 5426; x_wconf 91' lang='lat' dir='ltr'>Orient.</span> <span class='ocrx_word' id='word_1_785' title='bbox 3254 5367 3567 5426; x_wconf 84' lang='lat' dir='ltr'>Christian.</span> <span class='ocrx_word' id='word_1_786' title='bbox 3630 5373 3672 5424; x_wconf 88' lang='grc' dir='ltr'>Ι.</span> 
     </span>
    </p>
   </div>
   <div class='ocr_carea' id='block_1_112' title="bbox 2032 5440 3673 5511">
    <p class='ocr_par' dir='ltr' id='par_1_112' title="bbox 2032 5440 3673 5511">
     <span class='ocr_line' id='line_1_113' title="bbox 2032 5440 3673 5511; baseline 0.002 -21"><span class='ocrx_word' id='word_1_787' title='bbox 2032 5440 2187 5511; x_wconf 59' lang='grc'>1136.</span> <span class='ocrx_word' id='word_1_788' title='bbox 2214 5441 2273 5495; x_wconf 86' lang='grc' dir='ltr'>Β.</span> <span class='ocrx_word' id='word_1_789' title='bbox 2311 5440 2621 5510; x_wconf 78' lang='lat' dir='ltr'>Xylander,</span> <span class='ocrx_word' id='word_1_790' title='bbox 2650 5457 2824 5510; x_wconf 86' lang='lat' dir='ltr'>prope</span> <span class='ocrx_word' id='word_1_791' title='bbox 2852 5455 3034 5493; x_wconf 89' lang='lat' dir='ltr'>muros</span> <span class='ocrx_word' id='word_1_792' title='bbox 3060 5442 3446 5511; x_wconf 82' lang='lat' dir='ltr'>Adrianopolis</span> <span class='ocrx_word' id='word_1_793' title='bbox 3477 5460 3494 5496; x_wconf 89' lang='lat'>:</span> <span class='ocrx_word' id='word_1_794' title='bbox 3519 5441 3673 5511; x_wconf 92' lang='lat' dir='ltr'>quod</span> 
     </span>
    </p>
   </div>
   <div class='ocr_carea' id='block_1_113' title="bbox 2030 5509 3670 5636">
    <p class='ocr_par' dir='ltr' id='par_1_113' title="bbox 2030 5509 3670 5636">
     <span class='ocr_line' id='line_1_114' title="bbox 2030 5509 3670 5636; baseline 0.001 -74"><span class='ocrx_word' id='word_1_795' title='bbox 2030 5509 2077 5633; x_wconf 65' lang='grc' dir='ltr'>ῗί</span> <span class='ocrx_word' id='word_1_796' title='bbox 2102 5516 2191 5636; x_wconf 52' lang='lat' dir='ltr'>est</span> <span class='ocrx_word' id='word_1_797' title='bbox 2221 5528 2357 5567; x_wconf 88' lang='lat' dir='ltr'>vera</span> <span class='ocrx_word' id='word_1_798' title='bbox 2384 5512 2580 5580; x_wconf 87' lang='lat' dir='ltr'>lectio,</span> <span class='ocrx_word' id='word_1_799' title='bbox 2616 5509 2774 5567; x_wconf 82' lang='lat' dir='ltr'>certe</span> <span class='ocrx_word' id='word_1_800' title='bbox 2806 5513 3007 5565; x_wconf 77' lang='lat' dir='ltr'>Graeca</span> <span class='ocrx_word' id='word_1_801' title='bbox 3032 5509 3491 5583; x_wconf 44' lang='lat' dir='ltr'>fuissent—teque</span> <span class='ocrx_word' id='word_1_802' title='bbox 3539 5509 3670 5564; x_wconf 74' lang='lat' dir='ltr'>inu-</span> 
     </span>
     <span class='ocr_line' id='line_1_115' title="bbox 2053 5597 2226 5636; baseline 0 0"><span class='ocrx_word' id='word_1_803' title='bbox 2053 5597 2128 5636; x_wconf 89' lang='lat' dir='ltr'>an</span> <span class='ocrx_word' id='word_1_804' title='bbox 2175 5599 2226 5636; x_wconf 88' lang='lat' dir='ltr'>a.</span> 
     </span>
    </p>
   </div>
   <div class='ocr_carea' id='block_1_114' title="bbox 2053 5597 2226 5637">
    <p class='ocr_par' dir='ltr' id='par_1_114' title="bbox 2053 5597 2226 5637">
     <span class='ocr_line' id='line_1_116' title="bbox 2053 5597 2226 5637; baseline 0 -1"><span class='ocrx_word' id='word_1_805' title='bbox 2053 5597 2226 5637; x_wconf 84' lang='lat' dir='ltr'>anaa.</span> 
     </span>
    </p>
   </div>
  </div>
