4108 6198
415 366 532 426 819

1791 363 2084 422 LEONIS
2127 361 2440 424 DIACONI

3701 351 3828 411 820

416 497 574 553 acies
606 497 878 554 cominus
909 512 1003 550 res
1033 494 1530 566 gerebatur,caade
1553 493 1864 548 fortiorum
1887 492 2061 560 facta,

2177 492 2479 568 Μαγίστρῳ
2507 491 2952 569 συνεφεπόμενοι,
2989 487 3125 562 μετὰ
3172 491 3278 541 τῶν
3309 483 3526 563 λόχων,
3560 482 3625 537 οὐ
3657 480 3829 536 πΛέο-

416 603 550 642 cum
580 589 904 642 Russorum
937 584 1153 653 aliquis
1186 583 1291 644 (sic
1325 584 1481 639 fama
1513 583 2070 654 perhibet),viribus

417 678 808 745 vastitateque
831 673 1094 743 corporis
1126 672 1562 741 ﬁsus,admisso
1596 689 1748 744 equo
1781 689 1848 726 ex
1873 679 2070 727 turma

422 782 529 820 sua
556 780 935 835 procurrens,
970 763 1194 833 impetu
1236 763 1295 816 in
1354 762 1605 818 Bardam
1649 762 1803 816 facto
1835 761 2066 833 galeam

422 855 550 923 ejus
583 852 777 923 gladio
801 851 974 906 ferit:
1009 851 1113 906 sed
1143 853 1340 907 inanis
1373 852 1564 907 evadit
1586 850 2066 910 ictus.laminain

416 940 645 996 casside
682 942 835 995 110
860 947 1078 1006 retusa,
1115 948 1172 996 et
1194 942 1266 996 ob
1295 942 1424 1013 ejus
1451 941 1728 996 duritiem
1761 941 1879 995 alia
1900 945 2066 1012 parte

417 1029 749 1084 delabente.
779 1033 852 1084 At
881 1031 1303 1086 Constantinus
1322 1049 1352 1086 e
1385 1032 1766 1102 patriciorum
1790 1046 2063 1095 numero,

419 1118 622 1174 Bardaa
653 1120 854 1183 frater,
877 1120 1003 1190 jam
1027 1121 1219 1192 prima
1277 1121 1554 1193 languine
1584 1119 1773 1174 malas
1804 1118 2064 1184 fuscans,

416 1208 626 1279 grandi
654 1225 900 1279 corpore
925 1209 1660 1279 adolescens,viribusque,
1686 1209 1736 1261 vi
1762 1215 1818 1262 et
1840 1207 2066 1278 impetu

417 1297 617 1352 omnia
639 1298 904 1362 vincens,
930 1299 1134 1353 stricto
1167 1315 1452 1354 mucrone
1481 1298 1702 1352 invadit
1746 1297 2020 1368 Scytham
2047 1312 2060 1350 :

413 1387 486 1456 is,
519 1387 681 1440 illius
713 1387 946 1459 plagam
979 1388 1390 1455 extimescens,
1444 1403 1691 1458 corpore
1740 1385 1812 1440 ad
1858 1384 2064 1440 clunes

415 1478 550 1547 equi
585 1477 952 1548 resupinato,
984 1478 1127 1533 vitat
1183 1479 1390 1534 ictum.
1452 1479 1615 1532 Hunc
1675 1493 1862 1547 equus
1911 1475 2063 1530 collo

412 1565 648 1636 accipit,
685 1565 842 1636 quod
874 1571 1063 1621 totum
1115 1572 1452 1622 resecatur:
1491 1567 1726 1638 Scytha,
1758 1582 1878 1620 una
1927 1581 2062 1620 cum

412 1672 566 1726 equo
591 1655 756 1710 humi
789 1673 991 1724 ruens,
1021 1673 1054 1712 a
1084 1657 1474 1712 Constantino
1507 1657 1846 1712 conﬁcitur.

2179 602 2264 644 νες
2290 586 2397 635 τῶν
2435 579 2643 654 μυρίων
2687 578 2988 658 ἐτύγχανον
3023 578 3156 652 (44).
3219 578 3334 644 Τῆς
3378 571 3435 628 δὲ
3494 569 3828 644 συμπλοκῆς

2179 672 2482 747 γενομένης
2540 671 2667 746 παρ’
2721 669 3069 748 ἀμφοτέρων,
3125 665 3348 720 ἔπιπτον
3403 664 3454 717 οἱ
3507 660 3829 716 νεανικώτε-

2179 780 2284 834 ροι.
2337 761 2596 814 Ἐνταῦθα
2655 756 2720 828 δὴ
2783 747 3000 834 λέγεται
3062 761 3168 811 τῶν
3231 775 3350 808 τινα
3394 756 3621 815 Σκυθῶν
3677 747 3824 822 ἀλκῇ

2175 851 2266 902 καὶ
2317 849 2569 921 σώματος
2623 844 2772 925 ὄγκῳ
2846 846 3244 924 γαυρούμενον,
3301 850 3402 912 τῆς
3457 841 3595 916 ἀμφ’
3655 838 3826 894 αὐτὸν

2176 938 2533 1012 ἀποκριθέντα
2564 935 2845 1017 φάλαγγος
2883 935 3199 1006 ἐξιππεῦσαί
3257 955 3316 989 τε
3358 933 3447 986 καὶ
3504 935 3585 1003 τῷ
3646 924 3827 1001 Βάρδᾳ

2175 1024 2520 1101 ἐπιδραμεῖν,
2551 1025 2640 1081 καὶ
2671 1026 2813 1100 ξίφει
2869 1030 3062 1080 τοῦτον
3118 1021 3324 1092 πλῆξαι
3381 1021 3517 1076 κατᾶ
3563 1025 3666 1086 τῆς
3723 1018 3826 1071 κά·

2177 1128 2360 1190 ρυθος·
2392 1118 2552 1186 κενῆν
2589 1113 2646 1170 δὲ
2671 1111 2916 1192 γενέσθαι
2949 1115 3047 1184 τήν
3105 1118 3200 1168 τοῦ
3253 1112 3440 1190 ξίφους
3492 1109 3826 1186 καταφορὰν,

2175 1210 2272 1260 τοῦ
2304 1205 2494 1280 ἀθέρος
2524 1204 3001 1281 ἀναγναμφθέντος
3060 1205 3129 1275 τῇ
3177 1204 3336 1274 κυνῇ,
3385 1199 3471 1254 καὶ
3533 1193 3830 1272 ἀλλαχόσε

2175 1297 2242 1369 τῇ
2273 1294 2477 1365 ταύτης
2525 1294 2881 1371 στεγανότητι
2938 1289 3462 1367 περιολισθῆσαντος
3509 1287 3640 1360 (45).
3679 1291 3829 1339 Κωνα

2173 1389 2452 1445 σταντῖνος
2484 1380 2540 1438 δὲ
2570 1384 2598 1437 6
2624 1383 2929 1458 πατρίκιος,
2954 1381 3212 1455 σύναιμος
3245 1384 3322 1452 τῷ
3383 1373 3563 1451 Βάρδᾳ
3621 1371 3828 1440 τελῶν,

2173 1472 2298 1548 ἄρτι
2327 1478 2404 1546 τῷ
2433 1471 2611 1545 ἱούλῳ
2667 1475 2767 1544 τήν
2823 1473 2977 1550 γένυν
3034 1470 3400 1550 ἐπιχνοάζων,
3434 1464 3716 1540 πελώριός
3765 1482 3827 1516 τε

2171 1562 2427 1638 πεφυκὼς
2457 1567 2536 1634 τῶ
2567 1563 2784 1636 σώματι
2813 1559 2904 1616 καὶ
2935 1563 3032 1630 τῆν
3093 1559 3252 1637 ἷσγὺν
3287 1553 3673 1620 δυσεκϐίαστος
3728 1556 3826 1612 καὶ

2172 1651 2638 1728 ἀκαταγώνιστος,
2671 1653 2733 1707 τὸ
2764 1651 2918 1730 ξίφος
2974 1651 3319 1724 σπασάμενος
3381 1647 3519 1704 ἵεται
3551 1649 3645 1704 τὸν
3684 1649 3821 1704 Σκύ.

415 1744 514 1814 θην
544 1742 752 1818 βαλεῖν
787 1745 814 1798 6
847 1741 915 1812 δὴ
945 1745 1044 1813 τὴν
1075 1745 1242 1823 φορὰν
1272 1745 1438 1800 αὐτοῦ
1473 1741 1844 1817 ὑπειδόμενος,
1877 1741 2110 1797 ἐκκλίνει
2140 1743 2237 1810 τῆν
2268 1740 2507 1816 πληγὴν,
2539 1742 2657 1798 κατ’
2688 1741 2870 1798 ἰσχίον
2901 1741 3161 1803 ὑπτιάσας
3192 1744 3290 1796 τοῦ
3312 1737 3514 1798 ἵππου.
3577 1739 3812 1814 Δέχεται

411 1827 469 1885 δὲ
496 1832 700 1902 ταύτην
728 1832 873 1907 παρὰ
897 1835 987 1888 τὸν
1017 1831 1218 1912 αὐχένα
1250 1835 1278 1888 6
1305 1830 1500 1906 'imro;,
1525 1835 1581 1888 ὅν
1613 1830 1908 1907 διαμπερὲς
1940 1828 2314 1904 ἀποτέμνεται·
2349 1831 2378 1885 6
2411 1828 2468 1886 δὲ
2501 1831 2738 1902 Σκύθης,
2773 1831 2888 1904 ἅμα
2933 1834 3014 1903 τῷ
3069 1827 3231 1903 τίππῳ
3280 1826 3644 1906 κατενεχθεὶς,
3677 1827 3824 1901 πρὸς

411 1923 510 1974 τοῦ
540 1921 944 1976 Κωνσταντίνου
975 1920 1450 1999 ἐναποσφάττεται.

485 2041 572 2096 13.
605 2041 732 2097 Jam
782 2042 1106 2096 certamine
1163 2042 1336 2097 modo
1397 2043 1512 2097 huc
1558 2041 1734 2097 modo
1794 2041 1936 2096 illuc
1997 2059 2057 2096 se
2090 2044 2136 2108 B

413 2128 1167 2201 inclinaute,crebriusque
1194 2137 1461 2186 mutante
1495 2129 1808 2201 utrobique
1841 2129 2060 2184 variam

414 2217 739 2287 fortunam,
773 2219 1090 2274 classicum
1123 2219 1340 2275 Bardas
1381 2220 1514 2275 cani
1539 2219 1734 2292 jubet,
1785 2225 2064 2290 tympana

411 2307 535 2363 ictu
563 2308 772 2364 crebro
803 2309 1027 2380 pulsari
1061 2325 1073 2363 :
1106 2310 1410 2382 consurgit
1461 2308 1542 2380 (id
1595 2312 1950 2364 convenerat
1983 2308 2063 2361 si-

412 2413 594 2469 gnum
628 2415 698 2452 ex
729 2398 966 2453 insidiis
987 2398 1164 2463 acies,
1193 2399 1660 2470 Scytharumque
1693 2403 1858 2470 terga
1888 2397 2058 2451 inva-

416 2485 523 2552 dit,
557 2486 681 2556 qui,
717 2487 927 2541 timore
959 2486 1242 2558 perculsi,
1274 2488 1338 2541 in
1393 2487 1838 2542 conversionem
1896 2485 2061 2540 incli-

415 2581 579 2630 nant.
603 2575 861 2630 Necdum
895 2581 1023 2631 erat
1041 2576 1356 2632 manifesta
1378 2576 1514 2649 fuga
1543 2594 1678 2632 cum
1710 2575 1928 2631 nobilis
1950 2575 2061 2630 ali-

416 2665 549 2736 quis
581 2667 826 2735 Russus,
875 2666 1284 2736 magnitudine
1333 2666 1598 2738 corporis
1656 2672 1713 2720 et
1759 2682 2060 2720 armorum

413 2753 640 2826 fulgore
671 2761 884 2826 praeter
915 2754 1065 2810 alios
1094 2755 1410 2822 excellens,
1454 2755 1610 2810 inter
1650 2754 1865 2809 infesta
1896 2754 2063 2826 signa

415 2843 900 2910 circumcusaret,
930 2844 1004 2899 ad
1033 2845 1308 2898 virtutem
1351 2861 1488 2899 suos
1545 2845 1884 2899 cohortans.
1918 2843 2063 2898 Huic

419 2933 638 2988 Bardas
669 2933 902 2989 Sclerus
925 2934 1278 3006 adequitans
1301 2940 1477 3006 caput
1495 2935 1806 3006 percussit,
1867 2933 2060 3004 adque

417 3013 901 3094 cinetum‘usque
919 3024 1181 3096 gladium
1195 3023 1409 3096 adegit,
1431 3041 1624 3094 neque
1638 3024 1804 3096 galea
1818 3040 1952 3078 eum
1976 3039 2062 3078 re-

413 3112 698 3184 pellente,
733 3129 927 3184 neque
981 3113 1219 3168 thorace
1260 3130 1471 3168 manus
1513 3113 1697 3168 robur
1726 3112 2060 3178 cohibente,

411 3201 664 3275 gladiive
695 3207 1012 3258 secturam.
1046 3204 1168 3268 Quo
1201 3202 1472 3258 bifariam
1498 3203 1744 3257 discisso
1777 3202 2062 3272 humique

411 3291 503 3363 dej
515 3292 1050 3359 ecto,conclamant
1070 3310 1190 3364 pra:
1203 3292 1415 3364 gaudio
1435 3291 2061 3361 Romani,animosque

2244 2039 2328 2115 ιγ’.
2363 2034 2565 2107 Τῆςδέ
2608 2037 2797 2113 μάχης
2851 2035 2983 2110 τῇδε
3040 2036 3256 2092 κάκεῖσε
3320 2036 3820 2113 μετακλινομένης,

2170 2127 2259 2181 καὶ
2319 2129 2521 2206 συχνὰς
2579 2127 2668 2182 καὶ
2726 2125 3170 2204 ἀμφιταλάντους
3229 2121 3691 2200 μεταϐαλλούσης
3724 2128 3823 2202 ῥο-

2169 2216 2272 2278 πᾶς
2332 2215 2414 2294 ἐφ’
2471 2216 2718 2291 ἑκάτερα,
2777 2218 2839 2272 τὸ
2896 2213 3147 2271 ἐνυάλιον
3212 2217 3240 2270 ὁ
3309 2213 3518 2292 Βάρδας
3597 2215 3824 2296 ἐνηχεῖν

2170 2303 2538 2382 ἐγκελεύεται,
2596 2306 2664 2362 τά
2694 2327 2751 2362 τε
2809 2307 3065 2380 τύμπανα
3124 2306 3325 2380 θαμινᾶ
3378 2312 3658 2382 παταγεῖψ
3717 2315 3822 2378 τῆς

2171 2390 2228 2448 δὲ
2258 2392 2544 2473 φάλαγγος
2584 2393 2642 2450 ἐκ
2671 2399 2780 2450 τῶν
2814 2392 3006 2473 λόχων
3038 2392 3397 2465 ἐξαναστάσης
3428 2397 3566 2450 κατά
3594 2398 3658 2453 τὸ
3690 2397 3824 2452 σύν-

2170 2483 2346 2557 θημα,
2376 2484 2465 2539 καὶ
2497 2485 2634 2539 κατᾶ
2661 2484 2838 2539 νώτου
2869 2489 2977 2539 τῶν
3029 2485 3254 2539 Σκυθῶν
3315 2487 3638 2562 γενομένης,
3698 2484 3820 2550 δέος

2166 2603 2224 2636 τε
2275 2581 2460 2644 αὐτοῖς
2553 2581 2724 2657 είσῂει
2789 2582 2876 2637 καὶ
2945 2583 3081 2656 πρὸς
3129 2579 3420 2659 φυγαδείαν
3497 2581 3818 2641 ἀπέκλιναν.

2169 2671 2357 2740 Μῆπω
2388 2668 2446 2726 δὲ
2494 2669 2880 2754 γεγενημένης.
2915 2668 3173 2746 λαμπρᾶς
3234 2678 3334 2741 τῆς
3387 2669 3645 2742 διώξεως,
3707 2679 3819 2730 τῶν

2169 2765 2442 2845 ἐπιφανῶν
2472 2789 2555 2830 τις
2608 2774 2855 2840 Σκυθῶν,
2919 2771 3136 2845 μεγέθει
3194 2769 3454 2844 σώματος
3492 2769 3581 2824 καί
3629 2769 3819 2828 ὃπλων

2170 2855 2525 2932 λαμπρότητι
2557 2858 2810 2936 πεφυκὼς
2839 2862 2948 2912 τῶν
2978 2855 3168 2912 ἄλλων
3199 2857 3529 2932 ἀριπρεπῆς,
3588 2862 3728 2916 κατὰ
3756 2861 3818 2916 τὸ

2173 2947 2510 3025 μεταίχμιον
2542 2947 2782 3022 περιῄει,
2816 2946 2900 3002 ἐπ’
2929 2944 3106 3016 ἀλκὴν
3159 2947 3287 3010 τοὺς
3356 2946 3601 3022 ἑταίρους
3662 2948 3819 3025 ἐτειρ-

2172 3033 2393 3110 ῥωννύς.
2455 3038 2662 3092 Τοῦτον
2725 3033 2930 3110 Βάρδας
2983 3037 3010 3090 6
3073 3034 3328 3108 Σκληρὸς
3388 3035 3824 3113 ἐξιππασάμενος

2170 3127 2318 3182 παίει
2361 3129 2499 3182 κατὰ
2555 3134 2654 3197 τῆς
2713 3125 2956 3204 κεφαλῆς
3005 3127 3094 3182 καὶ
3151 3126 3320 3206 μέχρι
3379 3133 3476 3184 τοῦ
3537 3135 3827 3206 ζωστῆρος

2171 3226 2233 3279 τὸ
2265 3225 2417 3302 ξίφος
2451 3221 2702 3296 διήλασε,
2747 3227 2889 3298 μήτε
2945 3230 3043 3280 τοῦ
3107 3227 3339 3300 κράνους
3388 3227 3541 3299 αὐτῷ
3593 3225 3826 3303 ἐπαρκέ-

2176 3334 2389 3382 σαντος,
2427 3317 2566 3387 μήτε
2598 3319 2695 3369 τοῦ
2729 3315 2974 3390 θώρακος
3007 3316 3106 3384 τῆν
3146 3317 3245 3380 τῆς
3304 3315 3491 3393 χειρὸς
3559 3315 3828 3396 ἐπισχόνο

408 3386 656 3436 sumunt
681 3383 880 3437 :Russi
911 3399 1058 3437 novo
1085 3383 1194 3437 hoc
1217 3388 1678 3454 portentosoque
1706 3382 1824 3436 ictu
1850 3380 2060 3447 territi,

2174 3425 2267 3464 τος
2301 3403 2483 3482 ἰσχὺν,
2517 3403 2551 3472 ἢ
2580 3406 2678 3473 τῆν
2708 3409 2806 3458 τοῦ
2829 3403 3016 3482 ξίφους
3045 3405 3246 3478 τομήν.
3301 3412 3444 3484 Διχῆ
3510 3402 3568 3460 δὲ
3625 3380 3827 3462 τούτου

411 3470 649 3526 ululatu
671 3470 902 3526 sublato
937 3473 1111 3538 111,
1145 3472 1355 3527 solutis
1397 3471 1708 3527 ordinibus
1756 3471 1904 3542 fugas
1932 3487 2062 3526 sese

410 3560 724 3616 mandant.
757 3562 914 3626 Quos
947 3562 1242 3633 persecuti
1267 3562 1516 3616 Romani
1547 3561 1623 3616 ad
1656 3578 1851 3616 serum
1876 3577 2064 3631 usque

410 3649 834 3720 crepusculum
889 3649 1017 3704 sine
1051 3651 1463 3706 misericordia
1492 3651 1855 3706 ceciderunt.
1891 3651 2069 3704 Fama

411 3743 522 3804 est,
555 3738 666 3793 hoc
697 3739 902 3810 prwlio
957 3756 986 3794 e
1019 3740 1301 3795 Romanis
1361 3746 1625 3794 mortuos
1683 3756 1813 3794 esse
1848 3738 2066 3792 milites

413 3827 678 3899 quinque
703 3835 760 3883 et
790 3830 1240 3901 quinquaginta,
1276 3829 1570 3883 sauciatos
1617 3844 1794 3898 quam
1825 3827 2064 3892 multos,

413 3933 702 3988 equorum
735 3917 1053 3989 plerosque
1080 3917 1386 3972 confossos
1411 3933 1424 3970 :
1451 3917 1799 3988 Scytharum
1829 3917 1963 3988 plus
1985 3917 2068 3970 vi-

409 4005 558 4080 ginti
591 4007 784 4064 millia
814 4008 1083 4080 periisse.
1149 4009 1312 4062 Hunc
1339 4007 1515 4062 finem
1546 4007 1753 4062 habuit
1775 4009 2063 4062 Romano-

407 4114 541 4152 rum
575 4114 708 4152 cum
733 4098 939 4152 Russis
962 4103 1102 4152 tunc
1124 4097 1442 4153 commissa
1473 4115 1688 4171 pugna.
1725 4098 1795 4151 Et
1817 4097 1944 4169 jam
1967 4113 2063 4150 ur-

405 4187 578 4260 gebat
607 4187 895 4242 Asiaticos
917 4203 1200 4243 numeros
1222 4189 1480 4243 Joannes
1516 4193 1806 4261 Augustus
1838 4187 1900 4242 in
1949 4188 2062 4240 Eu-

407 4293 615 4348 ropam
647 4293 755 4348 per
785 4275 1237 4349 Hellespontum
1275 4278 1661 4348 trajiciendos
1688 4294 1700 4332 :
1723 4277 2067 4333 biemarent

412 4381 520 4438 per
549 4366 804 4421 Thraciae
838 4371 896 4420 et
927 4366 1284 4422 Macedonia)
1318 4372 1561 4433 tractus,
1583 4366 1970 4437 quotidieque
2003 4381 2064 4420 se

404 4457 466 4512 in
493 4456 676 4512 armis
701 4461 1170 4524 exercerent,ne,
1207 4455 1578 4509 incumbenti
1609 4455 1918 4510 certamini
1951 4454 2064 4509 mi-

408 4562 522 4601 nus
557 4545 774 4614 idonei,
809 4545 881 4600 ab
944 4545 1212 4599 hostibus
1280 4545 1340 4597 in
1373 4561 1568 4616 pugna
1625 4544 2016 4598 funderentur
2049 4559 2061 4596 :

408 4649 776 4704 vernumque
804 4641 1038 4704 tempus
1059 4634 1604 4705 exspectarent.Ubi
1638 4633 1794 4688 enim
1819 4637 1954 4704 post
1974 4632 2062 4687 hi-

408 4723 580 4777 berni
617 4723 747 4777 cceli
783 4723 1083 4777 tristitiam
1110 4739 1214 4778 ver
1244 4739 1552 4795 emergens
1597 4722 1658 4777 in
1689 4727 2061 4777 constantem

408 4813 792 4868 serenitatem
824 4819 1084 4870 mutaret
1106 4814 1310 4870 mundi
1335 4814 1571 4881 faciem,
1638 4813 2056 4885 imperatorem

405 4905 602 4976 ipsum
635 4903 859 4968 adfore,
889 4921 1024 4959 cum
1055 4904 1345 4960 universis
1405 4905 1506 4976 qui
1561 4905 1908 4959 comitatum
1964 4919 2057 4957 se-

405 4999 1118 5065 querentur,omnemque
1145 4994 1288 5050 belli
1319 4994 1538 5050 molem
1571 4995 1632 5050 in
1665 4994 1908 5066 Scythas
1925 5009 2050 5047 ver-

405 5101 630 5139 surum.

2174 3490 2566 3565 διατμηθέντος
2607 3492 2697 3546 καὶ
2749 3490 3226 3570 προσαραχθέντος
3285 3496 3354 3566 τῇ
3412 3497 3508 3570 γῇ,
3555 3499 3828 3568 Ῥωμαῖοι

2175 3589 2269 3663 μὲν
2296 3589 2382 3666 ὑφ’
2413 3586 2619 3658 ἡδονῆς
2667 3586 3042 3661 ἐπηλάλαξαν,
3101 3589 3191 3644 καὶ
3248 3590 3385 3666 πρὸς
3439 3589 3615 3662 ἀλκὴν
3665 3589 3829 3668 ἐτιερ-

2173 3676 2479 3752 ῥώσθησαν.
2516 3677 2720 3741 Σκύθαι
2752 3673 2809 3732 δὲ
2868 3681 2946 3749 τῷ
2999 3682 3171 3751 καινῷ
3229 3677 3319 3732 καὶ
3366 3676 3661 3752 ἀλλοκότῳ
3721 3688 3826 3751 τῆς

2170 3763 2397 3844 πληγῆς
2427 3756 2908 3828 ἀποδειλιάσαντες
2985 3767 3078 3821 σὺν
3135 3766 3356 3842 οἰμωγῇ
3422 3769 3515 3823 τὸν
3569 3791 3828 3825 συνασπι-

2173 3865 2308 3938 σμὸν
2345 3862 2722 3934 διαλύσαντες,
2755 3867 2830 3927 εἰς
2860 3863 3153 3942 φυγαδείαν
3207 3864 3526 3941 ἐτράποντο.
3581 3870 3667 3944 [Ρ.
3728 3874 3826 3944 68]

2173 3950 2281 4011 Οὓς
2336 3949 2694 4024 ἐπισπόμενοι
2737 3951 3008 4024 Ῥωμαῖοι
3059 3953 3229 4030 μέχρι
3282 3952 3497 4028 βαθείας
3588 3953 3822 4027 ἑσπέρας

2171 4037 2404 4112 ἀνῄρουν
2437 4036 2705 4110 ἀνηλεῶς.
2743 4042 2884 4096 Κατὰ
2914 4045 3106 4096 τοῦτον
3141 4040 3206 4111 δὴ
3241 4039 3464 4119 λέγεται
3513 4042 3604 4097 τὸν
3631 4042 3827 4120 ἀγῶνα

2171 4150 2508 4219 πεντήκοντα
2564 4150 2651 4204 καὶ
2707 4150 2866 4205 πέντε
2917 4149 3207 4223 Ῥωμαίων
3284 4147 3478 4226 ἄνδρας
3537 4154 3649 4226 (46)
3708 4154 3827 4208 τεθ-

2170 4239 2343 4306 νάναι,
2374 4238 2712 4312 τραυματίας
2764 4235 2821 4294 δὲ
2869 4239 3114 4314 γενέσθαι
3171 4240 3427 4318 συχνοὺς,
3485 4241 3575 4295 καὶ
3627 4238 3824 4297 ’ίππων

2168 4329 2661 4396 κατακοντισθῆναι
2692 4329 2818 4390 τοὺς
2873 4327 3128 4391 πλέονας⁸
3164 4331 3385 4384 Σκυθῶν
3435 4351 3495 4385 τε
3526 4329 3658 4405 ὑπὲρ
3691 4331 3825 4394 τοὺς

2171 4411 2494 4490 δισμυρίους
2525 4414 2906 4496 διαφθαρῆναι.
2943 4416 3097 4474 Ἀλλ’
3129 4421 3164 4488 ἡ
3201 4419 3294 4493 μὲν
3343 4419 3484 4494 πρὸς
3515 4420 3643 4482 τοὺς
3678 4419 3822 4474 Σκύ-

2171 4523 2264 4584 θας
2296 4522 2630 4600 γεγενημένη
2667 4525 2790 4581 τότε
2821 4525 3107 4599 Ῥωμαίων
3143 4523 3396 4605 διαμάχη
3455 4527 3530 4588 εἷς
3559 4532 3815 4582 τοιοῦτον

2170 4609 2426 4668 ἐτελεύτα
2457 4613 2517 4669 τὸ
2549 4611 2728 4677 τέλος.
2791 4613 3048 4685 Ἰωάννης
3099 4612 3156 4670 δὲ
3214 4617 3241 4670 6
3301 4617 3655 4692 αὐτοκράτωρ
3715 4617 3816 4679 τὰς

2169 4702 2355 4763 Ἀσίας
2381 4699 2635 4778 δυνάμεις
2663 4703 2739 4768 εἰς
2791 4706 2889 4772 τήν
2945 4703 3216 4779 Εὐρώπην
3274 4702 3363 4760 διὰ
3418 4711 3516 4761 τοῦ
3574 4703 3819 4777 Ἑλλησ-

2169 4791 2373 4847 πόντου
2403 4795 2756 4868 περαιοῦσθαι
2785 4796 3132 4869 κατήπειγεν,
3191 4793 3242 4856 ἐς
3297 4794 3426 4850 τάπὶ
3484 4795 3702 4869 Θρᾴκης
3758 4817 3818 4851 τε

2157 4901 2245 4955 καὶ
2278 4898 2616 4964 Μακεδονίας
2651 4899 3027 4980 διαχειμάζειν
3053 4901 3258 4980 χωρία,
3308 4903 3399 4958 καὶ
3457 4908 3575 4966 τοῖς
3607 4900 3818 4967 ὅπλοις

2157 4989 2422 5065 ὁσημέραι
2485 4992 2870 5069 γυμνάζεσθαι,
2921 4991 2995 5054 ὡς
3075 4993 3150 5064 μή
3212 4991 3505 5071 ἀπόμαχοι
3563 4994 3671 5048 εἷεν
3726 4991 3817 5048 ἐπὶ

2153 5079 2244 5136 τὸν
2279 5084 2388 5134 τῶν
2415 5079 2646 5157 ἀγώνων
2673 5081 2884 5158 καιρὸν,
2938 5084 3378 5154 μειονεκτοῦντες
3434 5079 3488 5135 ἐν
3547 5081 3617 5157 τῇ
3655 5083 3811 5161 μάχῃ

1611 5215 1669 5267 C.
1711 5212 1774 5265 Β.
1816 5211 1999 5266 HASII
2037 5209 2596 5266 ANNOTATIONES.

480 5340 587 5409 (44)
619 5337 711 5398 Εἷς
734 5333 945 5392 δώδεκα
983 5332 1260 5410 χιλιάδας.
1305 5336 1478 5410 juxta
1531 5336 1840 5408 Scylitzam
1875 5341 1933 5390 et.
1956 5336 2052 5410 Cie-

407 5408 658 5466 drenum
701 5413 770 5466 ll.
803 5411 926 5463 667.
962 5408 1028 5465 Α.
1113 5408 1410 5479 copiosius
1467 5408 1593 5464 haac
1622 5414 1954 5462 narrantes.
1990 5409 2052 5461 In

408 5483 674 5538 Cedreno
705 5485 829 5536 667.
861 5484 932 5550 Αἐ
957 5480 1060 5535 lin.
1085 5483 1169 5535 12.
1200 5496 1268 5534 ex
1302 5479 1416 5534 fide
1446 5480 1726 5536 Codicum
1752 5497 1853 5550 pro
1878 5480 2051 5534 Βουλο

407 5553 598 5627 γάροις
633 5555 757 5625 lege
791 5547 1110 5627 Βαρϐάροις·
1145 5551 1516 5627 et‘deinceps
1553 5547 1767 5627 B._lin.'
1798 5553 1852 5627 2ἶ
1911 5555 1969 5605 et

410 5619 765 5697 interpunge
799 5619 901 5697 sic,
957 5619 1188 5697 τείχους.
1221 5619 1366 5674 ἔνδον
1425 5619 1519 5684 τὰς
1579 5621 1892 5693 Ῥωμαϊκὰς
1947 5621 2048 5696 φά-

408 5692 642 5770 λαγγας,
666 5692 970 5770 ἐπεξελθεῖν
999 5692 1082 5766 μὴ’
1105 5692 1353 5770 τολμῶν.

483 5765 590 5841 (45)
625 5771 754 5826 Haec
774 5765 920 5824 item
950 5765 1075 5823 fera
1099 5767 1172 5822 ad
1208 5765 1462 5841 _verbum
1494 5765 1792 5841 Cedrenus
1815 5767 1888 5841 ll.
1923 5766 2048 5841 668.

411 5835 627 5898 Cfni'si
649 5841 808 5916 quod
838 5841 1018 5898 habet
1061 5835 1588 5916 παρολισθήσαντος.
1639 5839 1752 5896 Sed
1809 5837 2056 5910 Scylitza

2165 5352 2278 5392 ms.
2311 5331 2526 5412 περιολ.
2561 5341 2627 5391 ut
2657 5336 2788 5412 Leo;
2825 5335 3006 5412 Ambo
3040 5335 3288 5412 Bardam
3321 5335 3612 5412 Sclerum
3643 5355 3815 5412 agre-

2166 5425 2361 5480 sorem
2382 5406 2579 5478 ipsius
2611 5425 2729 5463 uno
2760 5406 3188 5480 ictubifariam
3219 5408 3488 5466 divisisse
3539 5406 3813 5480 narrant,

2163 5479 2618 5561 Constantinum
2652 5497 2770 5534 non
2801 5479 3004 5561 hujus,
3039 5480 3606 5561 s_ed_aliusA_Scythae
3658 5479 3812 5561 equo

2162 5551 2381 5627 collum
2411 5551 3018 5627 amputassetdeinde
3050 5551 3481 5627 ipsi__Scyt_hai_
3513 5551 3810 5627 caputﬂtﬁ

2162 5622 2443 5700 xatpi‘ﬁg
2463 5619 3121 5700 γενειάδος-δραξάμενος.
3155 5619 3437 5700 Sicenim
3468 5619 3808 5700 lege-ndme,

2161 5689 2282 5748 iion
2317 5689 2629 5766 δεξάμενος,
2659 5701 2723 5750 ut
2749 5689 2970 5750 habent
2991 5693 3123 5766 edd.
3159 5699 3223 5748 υ.
3259 5695 3346 5750 lin
3396 5697 3446 5750 8.

2234 5767 2345 5839 (46)
2373 5765 2594 5840 Viginti
2625 5767 2887 5838 quinque
2945 5765 3104 5838 apud
3147 5766 3398 5824 Cedren.
3461 5767 3534 5826 ll.
3566 5771 3692 5832 669.
3734 5773 3804 5830 Δ.
