  <div class='ocr_page' id='page_1' title='image "/cluster/home/n/w/nwhite01/storage/ocr_20150623/117/hvd.32044073502239/417.png"; bbox 0 0 4108 6198; ppageno 0'>
   <div class='ocr_carea' id='block_1_1' title="bbox 418 355 536 415">
    <p class='ocr_par' dir='ltr' id='par_1_1' title="bbox 418 355 536 415">
     <span class='ocr_line' id='line_1_1' title="bbox 418 355 536 415; baseline 0.008 -1"><span class='ocrx_word' id='word_1_1' title='bbox 418 355 536 415; x_wconf 75' lang='lat'>823</span> 
     </span>
    </p>
   </div>
   <div class='ocr_carea' id='block_1_2' title="bbox 1797 345 2440 409">
    <p class='ocr_par' dir='ltr' id='par_1_2' title="bbox 1797 345 2440 409">
     <span class='ocr_line' id='line_1_2' title="bbox 1797 345 2440 409; baseline 0.005 -3"><span class='ocrx_word' id='word_1_2' title='bbox 1797 345 2074 408; x_wconf 86' lang='lat' dir='ltr'>LEONIS</span> <span class='ocrx_word' id='word_1_3' title='bbox 2118 347 2440 409; x_wconf 75' lang='lat' dir='ltr'>DIACONI</span> 
     </span>
    </p>
   </div>
   <div class='ocr_carea' id='block_1_3' title="bbox 3655 11 4092 270">
    <p class='ocr_par' dir='ltr' id='par_1_3' title="bbox 3655 11 4092 270">
     <span class='ocr_line' id='line_1_3' title="bbox 3655 11 4092 270; baseline 0.005 -195"><span class='ocrx_word' id='word_1_4' title='bbox 3655 11 4092 270; x_wconf 53' lang='grc' dir='ltr'>...ι</span> 
     </span>
    </p>
   </div>
   <div class='ocr_carea' id='block_1_4' title="bbox 3713 361 3832 420">
    <p class='ocr_par' dir='ltr' id='par_1_4' title="bbox 3713 361 3832 420">
     <span class='ocr_line' id='line_1_4' title="bbox 3713 361 3832 420; baseline -0.017 0"><span class='ocrx_word' id='word_1_5' title='bbox 3713 361 3832 420; x_wconf 68' lang='grc'>824</span> 
     </span>
    </p>
   </div>
   <div class='ocr_carea' id='block_1_5' title="bbox 419 475 2092 562">
    <p class='ocr_par' dir='ltr' id='par_1_5' title="bbox 419 480 2064 559">
     <span class='ocr_line' id='line_1_5' title="bbox 419 480 2064 559; baseline -0.007 -16"><span class='ocrx_word' id='word_1_6' title='bbox 419 487 600 543; x_wconf 88' lang='lat' dir='ltr'>rubra</span> <span class='ocrx_word' id='word_1_7' title='bbox 631 487 908 559; x_wconf 90' lang='lat' dir='ltr'>evestigio</span> <span class='ocrx_word' id='word_1_8' title='bbox 940 483 1348 552; x_wconf 84' lang='lat' dir='ltr'>induxit,aque</span> <span class='ocrx_word' id='word_1_9' title='bbox 1372 480 2064 552; x_wconf 87' lang='lat' dir='ltr'>conspiratisimperator</span> 
     </span>
    </p>
   </div>
   <div class='ocr_carea' id='block_1_6' title="bbox 2202 475 3836 562">
    <p class='ocr_par' dir='ltr' id='par_1_6' title="bbox 2211 475 3836 562">
     <span class='ocr_line' id='line_1_6' title="bbox 2211 475 3836 562; baseline 0.007 -31"><span class='ocrx_word' id='word_1_10' title='bbox 2211 477 2266 531; x_wconf 87' lang='grc' dir='ltr'>ὸν</span> <span class='ocrx_word' id='word_1_11' title='bbox 2301 475 2567 551; x_wconf 70' lang='grc' dir='ltr'>ὁΒάρδας</span> <span class='ocrx_word' id='word_1_12' title='bbox 2601 477 2724 552; x_wconf 65' lang='grc' dir='ltr'>περὶ</span> <span class='ocrx_word' id='word_1_13' title='bbox 2775 479 2933 534; x_wconf 84' lang='grc' dir='ltr'>αὐτὸν</span> <span class='ocrx_word' id='word_1_14' title='bbox 2991 481 3136 555; x_wconf 69' lang='grc' dir='ltr'>ἑώρα</span> <span class='ocrx_word' id='word_1_15' title='bbox 3194 487 3383 562; x_wconf 82' lang='grc' dir='ltr'>στῖφος</span> <span class='ocrx_word' id='word_1_16' title='bbox 3441 485 3836 562; x_wconf 69' lang='grc' dir='ltr'>συνερρυηκὸς,</span> 
     </span>
    </p>
   </div>
   <div class='ocr_carea' id='block_1_7' title="bbox 423 571 2071 642">
    <p class='ocr_par' dir='ltr' id='par_1_7' title="bbox 423 571 2071 642">
     <span class='ocr_line' id='line_1_7' title="bbox 423 571 2071 642; baseline -0.007 -8"><span class='ocrx_word' id='word_1_17' title='bbox 423 581 826 634; x_wconf 80' lang='lat' dir='ltr'>Romanorum</span> <span class='ocrx_word' id='word_1_18' title='bbox 858 572 1234 631; x_wconf 72' lang='lat' dir='ltr'>renuntiatus</span> <span class='ocrx_word' id='word_1_19' title='bbox 1263 576 1465 642; x_wconf 91' lang='lat' dir='ltr'>aperte</span> <span class='ocrx_word' id='word_1_20' title='bbox 1490 577 1595 625; x_wconf 92' lang='lat' dir='ltr'>est.</span> <span class='ocrx_word' id='word_1_21' title='bbox 1616 571 1863 640; x_wconf 83' lang='lat' dir='ltr'>Jamque</span> <span class='ocrx_word' id='word_1_22' title='bbox 1890 584 2071 640; x_wconf 90' lang='lat' dir='ltr'>pecu—</span> 
     </span>
    </p>
   </div>
   <div class='ocr_carea' id='block_1_8' title="bbox 427 658 2071 734">
    <p class='ocr_par' dir='ltr' id='par_1_8' title="bbox 427 658 2071 734">
     <span class='ocr_line' id='line_1_8' title="bbox 427 658 2071 734; baseline -0.008 -11"><span class='ocrx_word' id='word_1_23' title='bbox 427 670 540 724; x_wconf 68' lang='lat' dir='ltr'>niae</span> <span class='ocrx_word' id='word_1_24' title='bbox 573 666 1025 723; x_wconf 79' lang='lat' dir='ltr'>distributiones</span> <span class='ocrx_word' id='word_1_25' title='bbox 1048 661 1462 734; x_wconf 84' lang='lat' dir='ltr'>pollicebatur,</span> <span class='ocrx_word' id='word_1_26' title='bbox 1516 658 1861 714; x_wconf 80' lang='lat' dir='ltr'>conferebat</span> <span class='ocrx_word' id='word_1_27' title='bbox 1891 658 2071 712; x_wconf 91' lang='lat' dir='ltr'>hono-</span> 
     </span>
    </p>
   </div>
   <div class='ocr_carea' id='block_1_9' title="bbox 427 747 2071 822">
    <p class='ocr_par' dir='ltr' id='par_1_9' title="bbox 427 747 2071 822">
     <span class='ocr_line' id='line_1_9' title="bbox 427 747 2071 822; baseline -0.008 -10"><span class='ocrx_word' id='word_1_28' title='bbox 427 775 522 813; x_wconf 85' lang='lat' dir='ltr'>res</span> <span class='ocrx_word' id='word_1_29' title='bbox 553 749 1809 822; x_wconf 81' lang='lat' dir='ltr'>ofﬁciorum,tribunos,duces,magistratus</span> <span class='ocrx_word' id='word_1_30' title='bbox 1827 747 2071 818; x_wconf 90' lang='lat' dir='ltr'>amplis-</span> 
     </span>
    </p>
   </div>
   <div class='ocr_carea' id='block_1_10' title="bbox 429 835 2076 914">
    <p class='ocr_par' dir='ltr' id='par_1_10' title="bbox 429 835 2076 914">
     <span class='ocr_line' id='line_1_10' title="bbox 429 835 2076 914; baseline -0.007 -14"><span class='ocrx_word' id='word_1_31' title='bbox 429 848 608 901; x_wconf 90' lang='lat' dir='ltr'>simos</span> <span class='ocrx_word' id='word_1_32' title='bbox 632 843 1104 914; x_wconf 80' lang='lat' dir='ltr'>creabat,quales</span> <span class='ocrx_word' id='word_1_33' title='bbox 1133 843 1456 912; x_wconf 80' lang='lat' dir='ltr'>imperator</span> <span class='ocrx_word' id='word_1_34' title='bbox 1485 835 2076 893; x_wconf 83' lang='lat' dir='ltr'>consueverattldeli-</span> 
     </span>
    </p>
   </div>
   <div class='ocr_carea' id='block_1_11' title="bbox 427 929 2076 989">
    <p class='ocr_par' dir='ltr' id='par_1_11' title="bbox 427 929 2076 989">
     <span class='ocr_line' id='line_1_11' title="bbox 427 929 2076 989; baseline -0.006 0"><span class='ocrx_word' id='word_1_35' title='bbox 427 936 537 989; x_wconf 89' lang='lat' dir='ltr'>bus</span> <span class='ocrx_word' id='word_1_36' title='bbox 569 934 898 988; x_wconf 79' lang='lat' dir='ltr'>liberaliter</span> <span class='ocrx_word' id='word_1_37' title='bbox 919 935 1154 987; x_wconf 73' lang='lat' dir='ltr'>offerre.</span> <span class='ocrx_word' id='word_1_38' title='bbox 1189 929 1643 986; x_wconf 86' lang='lat' dir='ltr'>Obsecundabat</span> <span class='ocrx_word' id='word_1_39' title='bbox 1665 929 1806 982; x_wconf 89' lang='lat' dir='ltr'>item</span> <span class='ocrx_word' id='word_1_40' title='bbox 1831 929 1967 981; x_wconf 82' lang='lat' dir='ltr'>huic</span> <span class='ocrx_word' id='word_1_41' title='bbox 1989 943 2076 980; x_wconf 90' lang='lat' dir='ltr'>se-</span> 
     </span>
    </p>
   </div>
   <div class='ocr_carea' id='block_1_12' title="bbox 428 1015 2078 1092">
    <p class='ocr_par' dir='ltr' id='par_1_12' title="bbox 428 1015 2078 1092">
     <span class='ocr_line' id='line_1_12' title="bbox 428 1015 2078 1092; baseline -0.004 -15"><span class='ocrx_word' id='word_1_42' title='bbox 428 1023 639 1078; x_wconf 87' lang='lat' dir='ltr'>ditioni</span> <span class='ocrx_word' id='word_1_43' title='bbox 675 1024 785 1076; x_wconf 89' lang='lat' dir='ltr'>Leo</span> <span class='ocrx_word' id='word_1_44' title='bbox 801 1020 1249 1092; x_wconf 87' lang='lat' dir='ltr'>Curopalates,l</span> <span class='ocrx_word' id='word_1_45' title='bbox 1267 1022 1302 1072; x_wconf 88' lang='grc' dir='ltr'><strong>Ι</strong></span> <span class='ocrx_word' id='word_1_46' title='bbox 1319 1022 1365 1072; x_wconf 74' lang='grc'><strong>4</strong></span> <span class='ocrx_word' id='word_1_47' title='bbox 1389 1018 1587 1072; x_wconf 80' lang='lat' dir='ltr'>Bardaa</span> <span class='ocrx_word' id='word_1_48' title='bbox 1613 1017 1864 1087; x_wconf 85' lang='lat' dir='ltr'>pater,in</span> <span class='ocrx_word' id='word_1_49' title='bbox 1881 1015 2078 1070; x_wconf 86' lang='lat' dir='ltr'>insula</span> 
     </span>
    </p>
   </div>
   <div class='ocr_carea' id='block_1_13' title="bbox 427 1105 2081 1179">
    <p class='ocr_par' dir='ltr' id='par_1_13' title="bbox 427 1105 2081 1179">
     <span class='ocr_line' id='line_1_13' title="bbox 427 1105 2081 1179; baseline -0.005 -12"><span class='ocrx_word' id='word_1_50' title='bbox 427 1113 611 1168; x_wconf 89' lang='lat' dir='ltr'>Lesbo</span> <span class='ocrx_word' id='word_1_51' title='bbox 643 1111 993 1167; x_wconf 88' lang='lat' dir='ltr'>custoditus.</span> <span class='ocrx_word' id='word_1_52' title='bbox 1019 1111 1073 1164; x_wconf 90' lang='lat' dir='ltr'>1s</span> <span class='ocrx_word' id='word_1_53' title='bbox 1095 1126 1200 1179; x_wconf 91' lang='lat' dir='ltr'>per</span> <span class='ocrx_word' id='word_1_54' title='bbox 1221 1109 1605 1178; x_wconf 86' lang='lat' dir='ltr'>Stephanum,</span> <span class='ocrx_word' id='word_1_55' title='bbox 1640 1105 1827 1177; x_wconf 84' lang='lat' dir='ltr'>Abydi</span> <span class='ocrx_word' id='word_1_56' title='bbox 1856 1106 2081 1176; x_wconf 92' lang='lat' dir='ltr'>episco-</span> 
     </span>
    </p>
   </div>
   <div class='ocr_carea' id='block_1_14' title="bbox 425 1194 2077 1273">
    <p class='ocr_par' dir='ltr' id='par_1_14' title="bbox 425 1194 2077 1273">
     <span class='ocr_line' id='line_1_14' title="bbox 425 1194 2077 1273; baseline -0.005 -17"><span class='ocrx_word' id='word_1_57' title='bbox 425 1219 588 1273; x_wconf 88' lang='lat' dir='ltr'>pum,</span> <span class='ocrx_word' id='word_1_58' title='bbox 623 1199 1040 1256; x_wconf 85' lang='lat' dir='ltr'>Macedonibus</span> <span class='ocrx_word' id='word_1_59' title='bbox 1080 1197 1364 1270; x_wconf 87' lang='lat' dir='ltr'>pecunias</span> <span class='ocrx_word' id='word_1_60' title='bbox 1395 1195 1831 1268; x_wconf 85' lang='lat' dir='ltr'>dignitatesque</span> <span class='ocrx_word' id='word_1_61' title='bbox 1855 1194 2077 1265; x_wconf 88' lang='lat' dir='ltr'>promi-</span> 
     </span>
    </p>
   </div>
   <div class='ocr_carea' id='block_1_15' title="bbox 428 1284 2076 1358">
    <p class='ocr_par' dir='ltr' id='par_1_15' title="bbox 428 1284 2076 1358">
     <span class='ocr_line' id='line_1_15' title="bbox 428 1284 2076 1358; baseline -0.006 -10"><span class='ocrx_word' id='word_1_62' title='bbox 428 1300 604 1358; x_wconf 88' lang='lat' dir='ltr'>serat,</span> <span class='ocrx_word' id='word_1_63' title='bbox 641 1292 931 1356; x_wconf 88' lang='lat' dir='ltr'>hortatus,</span> <span class='ocrx_word' id='word_1_64' title='bbox 963 1294 1028 1343; x_wconf 90' lang='lat' dir='ltr'>ut</span> <span class='ocrx_word' id='word_1_65' title='bbox 1061 1305 1188 1343; x_wconf 90' lang='lat' dir='ltr'>sese</span> <span class='ocrx_word' id='word_1_66' title='bbox 1221 1304 1289 1342; x_wconf 86' lang='lat' dir='ltr'>ex</span> <span class='ocrx_word' id='word_1_67' title='bbox 1325 1286 1520 1341; x_wconf 91' lang='lat' dir='ltr'>insula</span> <span class='ocrx_word' id='word_1_68' title='bbox 1550 1285 1818 1356; x_wconf 88' lang='lat' dir='ltr'>elapsum</span> <span class='ocrx_word' id='word_1_69' title='bbox 1850 1284 2076 1355; x_wconf 88' lang='lat' dir='ltr'>recipe-</span> 
     </span>
    </p>
   </div>
   <div class='ocr_carea' id='block_1_16' title="bbox 427 1372 2079 1452">
    <p class='ocr_par' dir='ltr' id='par_1_16' title="bbox 427 1372 2079 1452">
     <span class='ocr_line' id='line_1_16' title="bbox 427 1372 2079 1452; baseline -0.007 -14"><span class='ocrx_word' id='word_1_70' title='bbox 427 1389 581 1448; x_wconf 90' lang='lat' dir='ltr'>rent,</span> <span class='ocrx_word' id='word_1_71' title='bbox 613 1381 952 1452; x_wconf 88' lang='lat' dir='ltr'>pariterque</span> <span class='ocrx_word' id='word_1_72' title='bbox 993 1376 1321 1432; x_wconf 89' lang='lat' dir='ltr'>rebellione</span> <span class='ocrx_word' id='word_1_73' title='bbox 1352 1375 1506 1430; x_wconf 86' lang='lat' dir='ltr'>facta</span> <span class='ocrx_word' id='word_1_74' title='bbox 1535 1374 1608 1428; x_wconf 89' lang='lat' dir='ltr'>ad</span> <span class='ocrx_word' id='word_1_75' title='bbox 1641 1372 2079 1429; x_wconf 87' lang='lat' dir='ltr'>exturbandum</span> 
     </span>
    </p>
   </div>
   <div class='ocr_carea' id='block_1_17' title="bbox 429 1465 1651 1542">
    <p class='ocr_par' dir='ltr' id='par_1_17' title="bbox 429 1465 1651 1542">
     <span class='ocr_line' id='line_1_17' title="bbox 429 1465 1651 1542; baseline -0.007 -16"><span class='ocrx_word' id='word_1_76' title='bbox 429 1471 678 1542; x_wconf 89' lang='lat' dir='ltr'>imperio</span> <span class='ocrx_word' id='word_1_77' title='bbox 708 1471 995 1524; x_wconf 84' lang='lat' dir='ltr'>Joannem</span> <span class='ocrx_word' id='word_1_78' title='bbox 1019 1483 1260 1537; x_wconf 86' lang='lat' dir='ltr'>operam</span> <span class='ocrx_word' id='word_1_79' title='bbox 1293 1465 1651 1520; x_wconf 89' lang='lat' dir='ltr'>conferrent.</span> 
     </span>
    </p>
   </div>
   <div class='ocr_carea' id='block_1_18' title="bbox 430 1543 2388 1632">
    <p class='ocr_par' dir='ltr' id='par_1_18' title="bbox 430 1543 2388 1632">
     <span class='ocr_line' id='line_1_18' title="bbox 430 1543 2388 1632; baseline -0.006 -20"><span class='ocrx_word' id='word_1_80' title='bbox 430 1555 606 1632; x_wconf 85' lang='grc' dir='ltr'>Βάρδα</span> <span class='ocrx_word' id='word_1_81' title='bbox 660 1557 875 1624; x_wconf 80' lang='grc' dir='ltr'>τοκεὺς,</span> <span class='ocrx_word' id='word_1_82' title='bbox 931 1553 986 1616; x_wconf 86' lang='grc' dir='ltr'>ἐς</span> <span class='ocrx_word' id='word_1_83' title='bbox 1046 1555 1139 1626; x_wconf 75' lang='grc' dir='ltr'>μὲν</span> <span class='ocrx_word' id='word_1_84' title='bbox 1192 1555 1290 1622; x_wconf 76' lang='grc' dir='ltr'>τήν</span> <span class='ocrx_word' id='word_1_85' title='bbox 1345 1558 1505 1622; x_wconf 85' lang='grc' dir='ltr'>νῆσον</span> <span class='ocrx_word' id='word_1_86' title='bbox 1558 1545 1764 1606; x_wconf 78' lang='grc' dir='ltr'>Λέσϐον</span> <span class='ocrx_word' id='word_1_87' title='bbox 1813 1547 2238 1626; x_wconf 79' lang='grc' dir='ltr'>φρουρούμενος,</span> <span class='ocrx_word' id='word_1_88' title='bbox 2299 1543 2388 1602; x_wconf 77' lang='grc' dir='ltr'>διὰ</span> 
     </span>
    </p>
   </div>
   <div class='ocr_carea' id='block_1_19' title="bbox 974 1633 3851 1723">
    <p class='ocr_par' dir='ltr' id='par_1_19' title="bbox 974 1633 3851 1723">
     <span class='ocr_line' id='line_1_19' title="bbox 974 1633 3851 1723; baseline 0.002 -27"><span class='ocrx_word' id='word_1_89' title='bbox 974 1645 1240 1722; x_wconf 73' lang='grc' dir='ltr'>χρήματα</span> <span class='ocrx_word' id='word_1_90' title='bbox 1320 1641 1410 1696; x_wconf 82' lang='grc' dir='ltr'>καὶ</span> <span class='ocrx_word' id='word_1_91' title='bbox 1493 1639 1656 1714; x_wconf 64' lang='grc' dir='ltr'>τιμὰς</span> <span class='ocrx_word' id='word_1_92' title='bbox 1742 1639 2194 1714; x_wconf 88' lang='grc' dir='ltr'>ὑπισχνούμενος,</span> <span class='ocrx_word' id='word_1_93' title='bbox 2272 1635 2362 1690; x_wconf 82' lang='grc' dir='ltr'>καὶ</span> <span class='ocrx_word' id='word_1_94' title='bbox 2449 1633 2700 1712; x_wconf 83' lang='grc' dir='ltr'>δέχεσθαι</span> <span class='ocrx_word' id='word_1_95' title='bbox 2774 1638 2938 1694; x_wconf 82' lang='grc' dir='ltr'>αὑτὸν</span> <span class='ocrx_word' id='word_1_96' title='bbox 3016 1639 3078 1697; x_wconf 62' lang='lat' dir='ltr'>lx</span> <span class='ocrx_word' id='word_1_97' title='bbox 3132 1649 3230 1709; x_wconf 84' lang='grc' dir='ltr'>τῆς</span> <span class='ocrx_word' id='word_1_98' title='bbox 3284 1646 3452 1714; x_wconf 75' lang='grc' dir='ltr'>νήσου</span> <span class='ocrx_word' id='word_1_99' title='bbox 3510 1644 3851 1723; x_wconf 81' lang='grc' dir='ltr'>ἀναγόμενον</span> 
     </span>
    </p>
   </div>
   <div class='ocr_carea' id='block_1_20' title="bbox 429 1642 879 1707">
    <p class='ocr_par' dir='ltr' id='par_1_20' title="bbox 429 1642 879 1707">
     <span class='ocr_line' id='line_1_20' title="bbox 429 1642 879 1707; baseline -0.011 -5"><span class='ocrx_word' id='word_1_100' title='bbox 429 1651 546 1707; x_wconf 83' lang='grc' dir='ltr'>τοῖς</span> <span class='ocrx_word' id='word_1_101' title='bbox 602 1642 879 1703; x_wconf 82' lang='grc' dir='ltr'>Μακεδόσι</span> 
     </span>
    </p>
   </div>
   <div class='ocr_carea' id='block_1_21' title="bbox 2183 567 3836 652">
    <p class='ocr_par' dir='ltr' id='par_1_21' title="bbox 2183 567 3836 652">
     <span class='ocr_line' id='line_1_21' title="bbox 2183 567 3836 652; baseline 0.008 -34"><span class='ocrx_word' id='word_1_102' title='bbox 2183 567 2256 626; x_wconf 88' lang='grc' dir='ltr'>ὠς</span> <span class='ocrx_word' id='word_1_103' title='bbox 2288 567 2398 620; x_wconf 74' lang='grc' dir='ltr'>οἶόν</span> <span class='ocrx_word' id='word_1_104' title='bbox 2431 587 2490 621; x_wconf 92' lang='grc' dir='ltr'>τε</span> <span class='ocrx_word' id='word_1_105' title='bbox 2521 567 2656 621; x_wconf 78' lang='grc' dir='ltr'>εἶναι</span> <span class='ocrx_word' id='word_1_106' title='bbox 2697 568 2786 621; x_wconf 84' lang='grc' dir='ltr'>καὶ</span> <span class='ocrx_word' id='word_1_107' title='bbox 2845 569 2923 631; x_wconf 81' lang='grc' dir='ltr'>είς</span> <span class='ocrx_word' id='word_1_108' title='bbox 2983 575 3352 646; x_wconf 83' lang='grc' dir='ltr'>συνασπισμὸν</span> <span class='ocrx_word' id='word_1_109' title='bbox 3413 575 3625 651; x_wconf 79' lang='grc' dir='ltr'>ἀρῥαγη</span> <span class='ocrx_word' id='word_1_110' title='bbox 3662 597 3836 652; x_wconf 80' lang='grc' dir='ltr'>παρα-</span> 
     </span>
    </p>
   </div>
   <div class='ocr_carea' id='block_1_22' title="bbox 2180 654 3838 734">
    <p class='ocr_par' dir='ltr' id='par_1_22' title="bbox 2180 654 3838 734">
     <span class='ocr_line' id='line_1_22' title="bbox 2180 654 3838 734; baseline 0.008 -27"><span class='ocrx_word' id='word_1_111' title='bbox 2180 654 2483 723; x_wconf 73' lang='grc' dir='ltr'>τάττεσθαι,</span> <span class='ocrx_word' id='word_1_112' title='bbox 2526 654 2576 728; x_wconf 76' lang='grc' dir='ltr'>ἐξ</span> <span class='ocrx_word' id='word_1_113' title='bbox 2629 656 2931 712; x_wconf 74' lang='grc' dir='ltr'>ἀντιπάλου</span> <span class='ocrx_word' id='word_1_114' title='bbox 2988 681 3045 714; x_wconf 92' lang='grc' dir='ltr'>τε</span> <span class='ocrx_word' id='word_1_115' title='bbox 3103 658 3501 734; x_wconf 75' lang='grc' dir='ltr'>διαμιλλᾶσθαι</span> <span class='ocrx_word' id='word_1_116' title='bbox 3559 670 3682 726; x_wconf 86' lang='grc' dir='ltr'>τοῖς</span> <span class='ocrx_word' id='word_1_117' title='bbox 3744 665 3838 718; x_wconf 85' lang='grc' dir='ltr'>ἀν-</span> 
     </span>
    </p>
   </div>
   <div class='ocr_carea' id='block_1_23' title="bbox 2184 743 3835 826">
    <p class='ocr_par' dir='ltr' id='par_1_23' title="bbox 2184 743 3835 826">
     <span class='ocr_line' id='line_1_23' title="bbox 2184 743 3835 826; baseline 0.008 -30"><span class='ocrx_word' id='word_1_118' title='bbox 2184 744 2524 813; x_wconf 89' lang='grc' dir='ltr'>τιπίπτουσι,</span> <span class='ocrx_word' id='word_1_119' title='bbox 2579 745 2644 799; x_wconf 85' lang='grc' dir='ltr'>τὸ</span> <span class='ocrx_word' id='word_1_120' title='bbox 2707 743 3063 826; x_wconf 74' lang='grc' dir='ltr'>μελαμϐαφές</span> <span class='ocrx_word' id='word_1_121' title='bbox 3116 753 3595 825; x_wconf 79' lang='grc' dir='ltr'>παραιτησάμενος</span> <span class='ocrx_word' id='word_1_122' title='bbox 3677 752 3835 808; x_wconf 83' lang='grc' dir='ltr'>πέδι-</span> 
     </span>
    </p>
   </div>
   <div class='ocr_carea' id='block_1_24' title="bbox 2185 831 3842 920">
    <p class='ocr_par' dir='ltr' id='par_1_24' title="bbox 2185 831 3842 920">
     <span class='ocr_line' id='line_1_24' title="bbox 2185 831 3842 920; baseline 0.007 -33"><span class='ocrx_word' id='word_1_123' title='bbox 2185 831 2308 898; x_wconf 88' lang='grc' dir='ltr'>λον,</span> <span class='ocrx_word' id='word_1_124' title='bbox 2347 835 2425 905; x_wconf 83' lang='grc' dir='ltr'>[Ρ.</span> <span class='ocrx_word' id='word_1_125' title='bbox 2490 835 2576 906; x_wconf 78' lang='grc'>70]</span> <span class='ocrx_word' id='word_1_126' title='bbox 2631 836 2693 888; x_wconf 89' lang='grc' dir='ltr'><strong>τὸ</strong></span> <span class='ocrx_word' id='word_1_127' title='bbox 2751 835 2975 912; x_wconf 83' lang='grc' dir='ltr'>ἐρυθρὸν</span> <span class='ocrx_word' id='word_1_128' title='bbox 3038 840 3340 912; x_wconf 79' lang='grc' dir='ltr'>παραυτίκα</span> <span class='ocrx_word' id='word_1_129' title='bbox 3391 845 3842 920; x_wconf 72' lang='grc' dir='ltr'>μετημφιάσατο,</span> 
     </span>
    </p>
   </div>
   <div class='ocr_carea' id='block_1_25' title="bbox 2183 922 3837 1006">
    <p class='ocr_par' dir='ltr' id='par_1_25' title="bbox 2183 922 3837 1006">
     <span class='ocr_line' id='line_1_25' title="bbox 2183 922 3837 1006; baseline 0.009 -33"><span class='ocrx_word' id='word_1_130' title='bbox 2183 922 2273 974; x_wconf 83' lang='grc' dir='ltr'>καὶ</span> <span class='ocrx_word' id='word_1_131' title='bbox 2354 922 2640 994; x_wconf 86' lang='grc' dir='ltr'>Ῥωμαίων</span> <span class='ocrx_word' id='word_1_132' title='bbox 2718 925 3070 1002; x_wconf 75' lang='grc' dir='ltr'>αὐτοκράτωρ</span> <span class='ocrx_word' id='word_1_133' title='bbox 3173 928 3472 1006; x_wconf 83' lang='grc' dir='ltr'>ἀναφανδὸν</span> <span class='ocrx_word' id='word_1_134' title='bbox 3559 931 3837 1006; x_wconf 73' lang='grc' dir='ltr'>ἀνερῥήθη</span> 
     </span>
    </p>
   </div>
   <div class='ocr_carea' id='block_1_26' title="bbox 2185 1011 3841 1095">
    <p class='ocr_par' dir='ltr' id='par_1_26' title="bbox 2185 1011 3841 1095">
     <span class='ocr_line' id='line_1_26' title="bbox 2185 1011 3841 1095; baseline 0.008 -32"><span class='ocrx_word' id='word_1_135' title='bbox 2185 1011 2321 1083; x_wconf 86' lang='grc' dir='ltr'>πρὸς</span> <span class='ocrx_word' id='word_1_136' title='bbox 2369 1016 2477 1064; x_wconf 89' lang='grc' dir='ltr'>τῶν</span> <span class='ocrx_word' id='word_1_137' title='bbox 2567 1020 2967 1072; x_wconf 89' lang='grc' dir='ltr'>συστασιωτῶν.</span> <span class='ocrx_word' id='word_1_138' title='bbox 3031 1019 3345 1090; x_wconf 76' lang='grc' dir='ltr'>Χρημάτων</span> <span class='ocrx_word' id='word_1_139' title='bbox 3409 1019 3502 1074; x_wconf 80' lang='grc' dir='ltr'>οὗν</span> <span class='ocrx_word' id='word_1_140' title='bbox 3569 1017 3841 1095; x_wconf 78' lang='grc' dir='ltr'>διανομὰς</span> 
     </span>
    </p>
   </div>
   <div class='ocr_carea' id='block_1_27' title="bbox 2189 1100 3843 1182">
    <p class='ocr_par' dir='ltr' id='par_1_27' title="bbox 2189 1100 3843 1182">
     <span class='ocr_line' id='line_1_27' title="bbox 2189 1100 3843 1182; baseline 0.008 -30"><span class='ocrx_word' id='word_1_141' title='bbox 2189 1100 2530 1175; x_wconf 73' lang='grc' dir='ltr'>ὑπισχνεῖτο,</span> <span class='ocrx_word' id='word_1_142' title='bbox 2601 1102 2691 1156; x_wconf 76' lang='grc' dir='ltr'>καὶ</span> <span class='ocrx_word' id='word_1_143' title='bbox 2777 1105 3099 1177; x_wconf 76' lang='grc' dir='ltr'>ἀξιωμάτων</span> <span class='ocrx_word' id='word_1_144' title='bbox 3158 1113 3391 1182; x_wconf 84' lang='grc' dir='ltr'>παρεῖχε</span> <span class='ocrx_word' id='word_1_145' title='bbox 3473 1112 3658 1182; x_wconf 83' lang='grc' dir='ltr'>τιμάς,</span> <span class='ocrx_word' id='word_1_146' title='bbox 3742 1133 3843 1166; x_wconf 65' lang='grc' dir='ltr'>τας</span> 
     </span>
    </p>
   </div>
   <div class='ocr_carea' id='block_1_28' title="bbox 2188 1192 3845 1276">
    <p class='ocr_par' dir='ltr' id='par_1_28' title="bbox 2188 1192 3845 1276">
     <span class='ocr_line' id='line_1_28' title="bbox 2188 1192 3845 1276; baseline 0.008 -34"><span class='ocrx_word' id='word_1_147' title='bbox 2188 1192 2448 1264; x_wconf 78' lang='grc' dir='ltr'>ξιαρχους</span> <span class='ocrx_word' id='word_1_148' title='bbox 2505 1192 2594 1246; x_wconf 85' lang='grc' dir='ltr'>καί</span> <span class='ocrx_word' id='word_1_149' title='bbox 2682 1194 3020 1269; x_wconf 84' lang='grc' dir='ltr'>στρατηγοὺς</span> <span class='ocrx_word' id='word_1_150' title='bbox 3097 1192 3576 1270; x_wconf 75' lang='grc' dir='ltr'>προϐαλλόμενος,</span> <span class='ocrx_word' id='word_1_151' title='bbox 3662 1201 3845 1276; x_wconf 86' lang='grc' dir='ltr'>ἀρχας</span> 
     </span>
    </p>
   </div>
   <div class='ocr_carea' id='block_1_29' title="bbox 2187 1278 3848 1360">
    <p class='ocr_par' dir='ltr' id='par_1_29' title="bbox 2187 1278 3848 1360">
     <span class='ocr_line' id='line_1_29' title="bbox 2187 1278 3848 1360; baseline 0.008 -29"><span class='ocrx_word' id='word_1_152' title='bbox 2187 1299 2246 1332; x_wconf 90' lang='grc' dir='ltr'>τε</span> <span class='ocrx_word' id='word_1_153' title='bbox 2290 1279 2386 1339; x_wconf 76' lang='grc' dir='ltr'>τὰς</span> <span class='ocrx_word' id='word_1_154' title='bbox 2445 1278 2708 1351; x_wconf 81' lang='grc' dir='ltr'>εὐκλεεῖς,</span> <span class='ocrx_word' id='word_1_155' title='bbox 2788 1279 2914 1344; x_wconf 79' lang='grc' dir='ltr'>ὅσας</span> <span class='ocrx_word' id='word_1_156' title='bbox 2995 1283 3086 1338; x_wconf 88' lang='grc' dir='ltr'>καὶ</span> <span class='ocrx_word' id='word_1_157' title='bbox 3173 1284 3427 1360; x_wconf 81' lang='grc' dir='ltr'>βασιλεὺς</span> <span class='ocrx_word' id='word_1_158' title='bbox 3486 1288 3665 1344; x_wconf 73' lang='grc' dir='ltr'>εἰώθει</span> <span class='ocrx_word' id='word_1_159' title='bbox 3725 1296 3848 1352; x_wconf 87' lang='grc' dir='ltr'>τοῖς</span> 
     </span>
    </p>
   </div>
   <div class='ocr_carea' id='block_1_30' title="bbox 2190 1367 3838 1452">
    <p class='ocr_par' dir='ltr' id='par_1_30' title="bbox 2190 1367 3838 1452">
     <span class='ocr_line' id='line_1_30' title="bbox 2190 1367 3838 1452; baseline 0.007 -31"><span class='ocrx_word' id='word_1_160' title='bbox 2190 1367 2367 1430; x_wconf 68' lang='grc' dir='ltr'>είὶθοις</span> <span class='ocrx_word' id='word_1_161' title='bbox 2416 1369 2728 1445; x_wconf 71' lang='grc' dir='ltr'>φιλοτίμως</span> <span class='ocrx_word' id='word_1_162' title='bbox 2789 1373 3183 1446; x_wconf 78' lang='grc' dir='ltr'>προτείνεσθαι.</span> <span class='ocrx_word' id='word_1_163' title='bbox 3245 1377 3560 1452; x_wconf 85' lang='grc' dir='ltr'>Συνεκρὸτει</span> <span class='ocrx_word' id='word_1_164' title='bbox 3620 1376 3678 1433; x_wconf 74' lang='grc' dir='ltr'>δὲ</span> <span class='ocrx_word' id='word_1_165' title='bbox 3735 1381 3838 1447; x_wconf 76' lang='grc' dir='ltr'>τήν</span> 
     </span>
    </p>
   </div>
   <div class='ocr_carea' id='block_1_31' title="bbox 2191 1457 3849 1540">
    <p class='ocr_par' dir='ltr' id='par_1_31' title="bbox 2191 1457 3849 1540">
     <span class='ocr_line' id='line_1_31' title="bbox 2191 1457 3849 1540; baseline 0.007 -29"><span class='ocrx_word' id='word_1_166' title='bbox 2191 1457 2524 1513; x_wconf 80' lang='grc' dir='ltr'>ἀποστασίαν</span> <span class='ocrx_word' id='word_1_167' title='bbox 2632 1461 2722 1514; x_wconf 83' lang='grc' dir='ltr'>καὶ</span> <span class='ocrx_word' id='word_1_168' title='bbox 2824 1463 2974 1517; x_wconf 88' lang='grc' dir='ltr'>Λέων</span> <span class='ocrx_word' id='word_1_169' title='bbox 3088 1463 3546 1540; x_wconf 86' lang='grc' dir='ltr'>Κουροπαλάτης,</span> <span class='ocrx_word' id='word_1_170' title='bbox 3632 1470 3661 1521; x_wconf 85' lang='grc' dir='ltr'><strong>ὁ</strong></span> <span class='ocrx_word' id='word_1_171' title='bbox 3748 1473 3849 1522; x_wconf 77' lang='grc' dir='ltr'>τοῦ</span> 
     </span>
    </p>
   </div>
   <div class='ocr_carea' id='block_1_32' title="bbox 2495 1547 3849 1625">
    <p class='ocr_par' dir='ltr' id='par_1_32' title="bbox 2495 1547 3849 1625">
     <span class='ocr_line' id='line_1_32' title="bbox 2495 1547 3849 1625; baseline 0.01 -23"><span class='ocrx_word' id='word_1_172' title='bbox 2495 1547 2770 1625; x_wconf 78' lang='grc' dir='ltr'>Στεφάνου</span> <span class='ocrx_word' id='word_1_173' title='bbox 2849 1547 2927 1620; x_wconf 64' lang='grc' dir='ltr'>δὲ,</span> <span class='ocrx_word' id='word_1_174' title='bbox 3008 1556 3107 1608; x_wconf 78' lang='grc' dir='ltr'>τοῦ</span> <span class='ocrx_word' id='word_1_175' title='bbox 3197 1551 3496 1610; x_wconf 84' lang='grc' dir='ltr'>ἐπισκόπου</span> <span class='ocrx_word' id='word_1_176' title='bbox 3581 1552 3849 1616; x_wconf 71' lang='grc' dir='ltr'>Ἀϐύδου»</span> 
     </span>
    </p>
   </div>
   <div class='ocr_carea' id='block_1_33' title="bbox 435 1725 3848 1811">
    <p class='ocr_par' dir='ltr' id='par_1_33' title="bbox 435 1725 3848 1811">
     <span class='ocr_line' id='line_1_33' title="bbox 435 1725 3848 1811; baseline 0 -21"><span class='ocrx_word' id='word_1_177' title='bbox 435 1733 880 1811; x_wconf 82' lang='grc' dir='ltr'>προτρεπόμενος</span> <span class='ocrx_word' id='word_1_178' title='bbox 934 1733 1024 1788; x_wconf 91' lang='grc' dir='ltr'>καὶ</span> <span class='ocrx_word' id='word_1_179' title='bbox 1076 1731 1519 1799; x_wconf 86' lang='grc' dir='ltr'>συνεπιτίθεσθαι,</span> <span class='ocrx_word' id='word_1_180' title='bbox 1572 1728 1664 1785; x_wconf 87' lang='grc' dir='ltr'>καὶ</span> <span class='ocrx_word' id='word_1_181' title='bbox 1718 1726 2134 1804; x_wconf 79' lang='grc' dir='ltr'>συνεργάζεσθαι</span> <span class='ocrx_word' id='word_1_182' title='bbox 2215 1725 2364 1798; x_wconf 84' lang='grc' dir='ltr'>αὐτῷ</span> <span class='ocrx_word' id='word_1_183' title='bbox 2446 1727 2548 1795; x_wconf 81' lang='grc' dir='ltr'>τήν</span> <span class='ocrx_word' id='word_1_184' title='bbox 2630 1730 2728 1782; x_wconf 79' lang='grc' dir='ltr'>τοῦ</span> <span class='ocrx_word' id='word_1_185' title='bbox 2785 1729 3041 1786; x_wconf 87' lang='grc' dir='ltr'>Ἰωάννου</span> <span class='ocrx_word' id='word_1_186' title='bbox 3095 1735 3203 1786; x_wconf 88' lang='grc' dir='ltr'>τῶν</span> <span class='ocrx_word' id='word_1_187' title='bbox 3257 1731 3596 1808; x_wconf 81' lang='grc' dir='ltr'>ἀνακτορίων</span> <span class='ocrx_word' id='word_1_188' title='bbox 3650 1735 3848 1800; x_wconf 80' lang='grc' dir='ltr'>καθαίο</span> 
     </span>
    </p>
   </div>
   <div class='ocr_carea' id='block_1_34' title="bbox 437 1844 604 1899">
    <p class='ocr_par' dir='ltr' id='par_1_34' title="bbox 437 1844 604 1899">
     <span class='ocr_line' id='line_1_34' title="bbox 437 1844 604 1899; baseline -0.006 -20"><span class='ocrx_word' id='word_1_189' title='bbox 437 1844 604 1899; x_wconf 85' lang='grc' dir='ltr'>ρεσιν·</span> 
     </span>
    </p>
   </div>
   <div class='ocr_carea' id='block_1_35' title="bbox 508 1931 2092 2017">
    <p class='ocr_par' dir='ltr' id='par_1_35' title="bbox 508 1937 2077 2014">
     <span class='ocr_line' id='line_1_35' title="bbox 508 1937 2077 2014; baseline -0.005 -16"><span class='ocrx_word' id='word_1_190' title='bbox 508 1947 560 1998; x_wconf 82' lang='grc'>2.</span> <span class='ocrx_word' id='word_1_191' title='bbox 597 1948 671 1996; x_wconf 78' lang='lat' dir='ltr'>At</span> <span class='ocrx_word' id='word_1_192' title='bbox 701 1943 1044 2014; x_wconf 89' lang='lat' dir='ltr'>imperator,</span> <span class='ocrx_word' id='word_1_193' title='bbox 1078 1940 1384 1994; x_wconf 86' lang='lat' dir='ltr'>intellecto</span> <span class='ocrx_word' id='word_1_194' title='bbox 1417 1937 1714 2011; x_wconf 89' lang='lat' dir='ltr'>ejusmodi</span> <span class='ocrx_word' id='word_1_195' title='bbox 1740 1943 2077 2002; x_wconf 85' lang='lat' dir='ltr'>motu,con-</span> 
     </span>
    </p>
   </div>
   <div class='ocr_carea' id='block_1_36' title="bbox 2202 1931 3856 2017">
    <p class='ocr_par' dir='ltr' id='par_1_36' title="bbox 2264 1931 3856 2017">
     <span class='ocr_line' id='line_1_36' title="bbox 2264 1931 3856 2017; baseline 0.006 -28"><span class='ocrx_word' id='word_1_196' title='bbox 2264 1933 2357 2007; x_wconf 89' lang='grc' dir='ltr'>β’.</span> <span class='ocrx_word' id='word_1_197' title='bbox 2389 1933 2450 1990; x_wconf 76' lang='grc' dir='ltr'>Ὀ</span> <span class='ocrx_word' id='word_1_198' title='bbox 2503 1931 2559 1988; x_wconf 68' lang='grc' dir='ltr'>δὲ</span> <span class='ocrx_word' id='word_1_199' title='bbox 2593 1931 2872 2007; x_wconf 78' lang='grc' dir='ltr'>βασιλεὺς,</span> <span class='ocrx_word' id='word_1_200' title='bbox 2923 1935 3016 1991; x_wconf 91' lang='grc' dir='ltr'>τὸν</span> <span class='ocrx_word' id='word_1_201' title='bbox 3071 1942 3320 1995; x_wconf 81' lang='grc' dir='ltr'>τοιοῦτον</span> <span class='ocrx_word' id='word_1_202' title='bbox 3368 1941 3532 2016; x_wconf 83' lang='grc' dir='ltr'>γνοὺς</span> <span class='ocrx_word' id='word_1_203' title='bbox 3590 1963 3856 2017; x_wconf 88' lang='grc' dir='ltr'>νεωτερι-</span> 
     </span>
    </p>
   </div>
   <div class='ocr_carea' id='block_1_37' title="bbox 439 2027 2086 2104">
    <p class='ocr_par' dir='ltr' id='par_1_37' title="bbox 439 2027 2086 2104">
     <span class='ocr_line' id='line_1_37' title="bbox 439 2027 2086 2104; baseline -0.005 -16"><span class='ocrx_word' id='word_1_204' title='bbox 439 2033 710 2088; x_wconf 90' lang='lat' dir='ltr'>turbatus</span> <span class='ocrx_word' id='word_1_205' title='bbox 736 2038 801 2086; x_wconf 88' lang='lat' dir='ltr'>ut</span> <span class='ocrx_word' id='word_1_206' title='bbox 823 2049 929 2104; x_wconf 89' lang='lat' dir='ltr'>par</span> <span class='ocrx_word' id='word_1_207' title='bbox 959 2036 1106 2094; x_wconf 90' lang='lat' dir='ltr'>erat,</span> <span class='ocrx_word' id='word_1_208' title='bbox 1139 2029 1475 2085; x_wconf 89' lang='lat' dir='ltr'>incredibili</span> <span class='ocrx_word' id='word_1_209' title='bbox 1503 2029 1808 2084; x_wconf 88' lang='lat' dir='ltr'>celeritate</span> <span class='ocrx_word' id='word_1_210' title='bbox 1841 2027 2086 2098; x_wconf 91' lang='lat' dir='ltr'>Stepha-</span> 
     </span>
    </p>
   </div>
   <div class='ocr_carea' id='block_1_38' title="bbox 439 2116 2084 2194">
    <p class='ocr_par' dir='ltr' id='par_1_38' title="bbox 439 2116 2084 2194">
     <span class='ocr_line' id='line_1_38' title="bbox 439 2116 2084 2194; baseline -0.005 -16"><span class='ocrx_word' id='word_1_211' title='bbox 439 2140 583 2178; x_wconf 90' lang='lat' dir='ltr'>num</span> <span class='ocrx_word' id='word_1_212' title='bbox 613 2123 980 2194; x_wconf 89' lang='lat' dir='ltr'>episcopum,</span> <span class='ocrx_word' id='word_1_213' title='bbox 1014 2121 1216 2190; x_wconf 86' lang='lat' dir='ltr'>Abydo</span> <span class='ocrx_word' id='word_1_214' title='bbox 1260 2131 1517 2189; x_wconf 88' lang='lat' dir='ltr'>raptum,</span> <span class='ocrx_word' id='word_1_215' title='bbox 1543 2119 1789 2190; x_wconf 86' lang='lat' dir='ltr'>judiciis</span> <span class='ocrx_word' id='word_1_216' title='bbox 1821 2116 2084 2171; x_wconf 86' lang='lat' dir='ltr'>tradidit.</span> 
     </span>
    </p>
   </div>
   <div class='ocr_carea' id='block_1_39' title="bbox 439 2204 2085 2282">
    <p class='ocr_par' dir='ltr' id='par_1_39' title="bbox 439 2204 2085 2282">
     <span class='ocr_line' id='line_1_39' title="bbox 439 2204 2085 2282; baseline -0.005 -16"><span class='ocrx_word' id='word_1_217' title='bbox 439 2215 707 2282; x_wconf 91' lang='lat' dir='ltr'>Eumque</span> <span class='ocrx_word' id='word_1_218' title='bbox 741 2210 990 2265; x_wconf 89' lang='lat' dir='ltr'>crimine</span> <span class='ocrx_word' id='word_1_219' title='bbox 1015 2207 1445 2276; x_wconf 89' lang='lat' dir='ltr'>convictum,in</span> <span class='ocrx_word' id='word_1_220' title='bbox 1475 2207 1667 2261; x_wconf 91' lang='lat' dir='ltr'>lucem</span> <span class='ocrx_word' id='word_1_221' title='bbox 1700 2205 1951 2278; x_wconf 89' lang='lat' dir='ltr'>prolatis</span> <span class='ocrx_word' id='word_1_222' title='bbox 1982 2204 2085 2258; x_wconf 89' lang='lat' dir='ltr'>do-</span> 
     </span>
    </p>
   </div>
   <div class='ocr_carea' id='block_1_40' title="bbox 440 2294 2086 2371">
    <p class='ocr_par' dir='ltr' id='par_1_40' title="bbox 440 2294 2086 2371">
     <span class='ocr_line' id='line_1_40' title="bbox 440 2294 2086 2371; baseline -0.006 -14"><span class='ocrx_word' id='word_1_223' title='bbox 440 2303 536 2364; x_wconf 89' lang='lat' dir='ltr'>lis,</span> <span class='ocrx_word' id='word_1_224' title='bbox 555 2300 630 2356; x_wconf 90' lang='lat' dir='ltr'>ad</span> <span class='ocrx_word' id='word_1_225' title='bbox 662 2299 954 2371; x_wconf 87' lang='lat' dir='ltr'>synodum</span> <span class='ocrx_word' id='word_1_226' title='bbox 979 2297 1394 2368; x_wconf 86' lang='lat' dir='ltr'>episcOporum</span> <span class='ocrx_word' id='word_1_227' title='bbox 1413 2296 1760 2358; x_wconf 85' lang='lat' dir='ltr'>transmisit,</span> <span class='ocrx_word' id='word_1_228' title='bbox 1795 2300 1855 2348; x_wconf 89' lang='lat' dir='ltr'>ut</span> <span class='ocrx_word' id='word_1_229' title='bbox 1889 2294 1969 2347; x_wconf 91' lang='lat' dir='ltr'>ibi</span> <span class='ocrx_word' id='word_1_230' title='bbox 1995 2310 2086 2348; x_wconf 87' lang='lat' dir='ltr'>sa-</span> 
     </span>
    </p>
   </div>
   <div class='ocr_carea' id='block_1_41' title="bbox 441 2384 2086 2456">
    <p class='ocr_par' dir='ltr' id='par_1_41' title="bbox 441 2384 2086 2456">
     <span class='ocr_line' id='line_1_41' title="bbox 441 2384 2086 2456; baseline -0.005 -11"><span class='ocrx_word' id='word_1_231' title='bbox 441 2390 704 2445; x_wconf 90' lang='lat' dir='ltr'>cerdotio</span> <span class='ocrx_word' id='word_1_232' title='bbox 735 2393 1090 2443; x_wconf 89' lang='lat' dir='ltr'>moveretur.</span> <span class='ocrx_word' id='word_1_233' title='bbox 1118 2387 1372 2440; x_wconf 88' lang='lat' dir='ltr'>Leonem</span> <span class='ocrx_word' id='word_1_234' title='bbox 1421 2384 1832 2456; x_wconf 89' lang='lat' dir='ltr'>Curopalatem</span> <span class='ocrx_word' id='word_1_235' title='bbox 1864 2389 2086 2449; x_wconf 89' lang='lat' dir='ltr'>autem,</span> 
     </span>
    </p>
   </div>
   <div class='ocr_carea' id='block_1_42' title="bbox 444 2472 2090 2549">
    <p class='ocr_par' dir='ltr' id='par_1_42' title="bbox 444 2472 2090 2549">
     <span class='ocr_line' id='line_1_42' title="bbox 444 2472 2090 2549; baseline -0.005 -15"><span class='ocrx_word' id='word_1_236' title='bbox 444 2478 959 2549; x_wconf 79' lang='lat' dir='ltr'>Nicephorumque</span> <span class='ocrx_word' id='word_1_237' title='bbox 991 2476 1171 2547; x_wconf 88' lang='lat' dir='ltr'>hujus</span> <span class='ocrx_word' id='word_1_238' title='bbox 1203 2475 1414 2540; x_wconf 83' lang='lat' dir='ltr'>ﬁlium,</span> <span class='ocrx_word' id='word_1_239' title='bbox 1465 2475 1674 2544; x_wconf 86' lang='lat' dir='ltr'>capitis</span> <span class='ocrx_word' id='word_1_240' title='bbox 1703 2490 1737 2528; x_wconf 88' lang='lat' dir='ltr'>a</span> <span class='ocrx_word' id='word_1_241' title='bbox 1785 2472 2090 2543; x_wconf 82' lang='lat' dir='ltr'>judicibus</span> 
     </span>
    </p>
   </div>
   <div class='ocr_carea' id='block_1_43' title="bbox 444 2562 2093 2635">
    <p class='ocr_par' dir='ltr' id='par_1_43' title="bbox 444 2562 2093 2635">
     <span class='ocr_line' id='line_1_43' title="bbox 444 2562 2093 2635; baseline -0.004 -13"><span class='ocrx_word' id='word_1_242' title='bbox 444 2567 896 2632; x_wconf 88' lang='lat' dir='ltr'>condemnatos,</span> <span class='ocrx_word' id='word_1_243' title='bbox 952 2566 1295 2635; x_wconf 86' lang='lat' dir='ltr'>imperator,</span> <span class='ocrx_word' id='word_1_244' title='bbox 1328 2563 1402 2618; x_wconf 88' lang='lat' dir='ltr'>ad</span> <span class='ocrx_word' id='word_1_245' title='bbox 1459 2562 1766 2616; x_wconf 87' lang='lat' dir='ltr'>lenitatem</span> <span class='ocrx_word' id='word_1_246' title='bbox 1818 2567 2093 2616; x_wconf 89' lang='lat' dir='ltr'>revocata</span> 
     </span>
    </p>
   </div>
   <div class='ocr_carea' id='block_1_44' title="bbox 446 2651 2094 2722">
    <p class='ocr_par' dir='ltr' id='par_1_44' title="bbox 446 2651 2094 2722">
     <span class='ocr_line' id='line_1_44' title="bbox 446 2651 2094 2722; baseline -0.004 -12"><span class='ocrx_word' id='word_1_247' title='bbox 446 2662 670 2722; x_wconf 90' lang='lat' dir='ltr'>mente,</span> <span class='ocrx_word' id='word_1_248' title='bbox 701 2671 822 2710; x_wconf 90' lang='lat' dir='ltr'>non</span> <span class='ocrx_word' id='word_1_249' title='bbox 845 2652 1161 2722; x_wconf 84' lang='lat' dir='ltr'>interfecit,</span> <span class='ocrx_word' id='word_1_250' title='bbox 1186 2651 1632 2721; x_wconf 88' lang='lat' dir='ltr'>luminibusque</span> <span class='ocrx_word' id='word_1_251' title='bbox 1657 2651 1944 2705; x_wconf 82' lang='lat' dir='ltr'>duntaxat</span> <span class='ocrx_word' id='word_1_252' title='bbox 1972 2666 2094 2704; x_wconf 88' lang='lat' dir='ltr'>am-</span> 
     </span>
    </p>
   </div>
   <div class='ocr_carea' id='block_1_45' title="bbox 447 2740 2090 2814">
    <p class='ocr_par' dir='ltr' id='par_1_45' title="bbox 447 2740 2090 2814">
     <span class='ocr_line' id='line_1_45' title="bbox 447 2740 2090 2814; baseline -0.003 -15"><span class='ocrx_word' id='word_1_253' title='bbox 447 2743 819 2813; x_wconf 90' lang='lat' dir='ltr'>bos,Lesbon</span> <span class='ocrx_word' id='word_1_254' title='bbox 850 2742 1171 2814; x_wconf 79' lang='lat' dir='ltr'>ablegatos,</span> <span class='ocrx_word' id='word_1_255' title='bbox 1205 2740 1449 2795; x_wconf 87' lang='lat' dir='ltr'>orbavit.</span> <span class='ocrx_word' id='word_1_256' title='bbox 1486 2740 1835 2812; x_wconf 72' lang='lat' dir='ltr'>Hujusmodi</span> <span class='ocrx_word' id='word_1_257' title='bbox 1868 2740 2090 2794; x_wconf 84' lang='lat' dir='ltr'>exitum</span> 
     </span>
    </p>
   </div>
   <div class='ocr_carea' id='block_1_46' title="bbox 449 2832 2091 2905">
    <p class='ocr_par' dir='ltr' id='par_1_46' title="bbox 449 2832 2091 2905">
     <span class='ocr_line' id='line_1_46' title="bbox 449 2832 2091 2905; baseline -0.002 -15"><span class='ocrx_word' id='word_1_258' title='bbox 449 2835 658 2891; x_wconf 84' lang='lat' dir='ltr'>habuit</span> <span class='ocrx_word' id='word_1_259' title='bbox 692 2833 1061 2905; x_wconf 68' lang='lat' dir='ltr'>Curopalatai</span> <span class='ocrx_word' id='word_1_260' title='bbox 1119 2838 1260 2887; x_wconf 92' lang='lat' dir='ltr'>tunc</span> <span class='ocrx_word' id='word_1_261' title='bbox 1317 2832 1636 2887; x_wconf 91' lang='lat' dir='ltr'>meditatus</span> <span class='ocrx_word' id='word_1_262' title='bbox 1694 2833 1755 2886; x_wconf 88' lang='lat' dir='ltr'>in</span> <span class='ocrx_word' id='word_1_263' title='bbox 1795 2833 2091 2902; x_wconf 87' lang='lat' dir='ltr'>Europam</span> 
     </span>
    </p>
   </div>
   <div class='ocr_carea' id='block_1_47' title="bbox 448 2923 2088 2997">
    <p class='ocr_par' dir='ltr' id='par_1_47' title="bbox 448 2923 2088 2997">
     <span class='ocr_line' id='line_1_47' title="bbox 448 2923 2088 2997; baseline -0.002 -17"><span class='ocrx_word' id='word_1_264' title='bbox 448 2927 750 2997; x_wconf 88' lang='lat' dir='ltr'>trajectus,</span> <span class='ocrx_word' id='word_1_265' title='bbox 775 2931 843 2980; x_wconf 87' lang='lat' dir='ltr'>ut</span> <span class='ocrx_word' id='word_1_266' title='bbox 870 2940 1006 2980; x_wconf 89' lang='lat' dir='ltr'>cum</span> <span class='ocrx_word' id='word_1_267' title='bbox 1058 2923 1169 2995; x_wconf 92' lang='lat' dir='ltr'>ipsi</span> <span class='ocrx_word' id='word_1_268' title='bbox 1231 2923 1409 2978; x_wconf 91' lang='lat' dir='ltr'>talem</span> <span class='ocrx_word' id='word_1_269' title='bbox 1469 2940 1704 2994; x_wconf 78' lang='lat' dir='ltr'>pamam</span> <span class='ocrx_word' id='word_1_270' title='bbox 1758 2923 2088 2990; x_wconf 89' lang='lat' dir='ltr'>induceret,</span> 
     </span>
    </p>
   </div>
   <div class='ocr_carea' id='block_1_48' title="bbox 449 3014 2089 3084">
    <p class='ocr_par' dir='ltr' id='par_1_48' title="bbox 449 3014 2089 3084">
     <span class='ocr_line' id='line_1_48' title="bbox 449 3014 2089 3084; baseline -0.001 -14"><span class='ocrx_word' id='word_1_271' title='bbox 449 3023 574 3072; x_wconf 90' lang='lat' dir='ltr'>tum</span> <span class='ocrx_word' id='word_1_272' title='bbox 603 3016 782 3071; x_wconf 91' lang='lat' dir='ltr'>etiam</span> <span class='ocrx_word' id='word_1_273' title='bbox 813 3015 1036 3070; x_wconf 89' lang='lat' dir='ltr'>amicos</span> <span class='ocrx_word' id='word_1_274' title='bbox 1068 3014 1252 3083; x_wconf 88' lang='lat' dir='ltr'>illius,</span> <span class='ocrx_word' id='word_1_275' title='bbox 1269 3014 1606 3084; x_wconf 89' lang='lat' dir='ltr'>complures</span> <span class='ocrx_word' id='word_1_276' title='bbox 1639 3030 1802 3080; x_wconf 90' lang='lat' dir='ltr'>sane,</span> <span class='ocrx_word' id='word_1_277' title='bbox 1833 3014 2089 3069; x_wconf 82' lang='lat' dir='ltr'>fortunis</span> 
     </span>
    </p>
   </div>
   <div class='ocr_carea' id='block_1_49' title="bbox 448 3102 2093 3175">
    <p class='ocr_par' dir='ltr' id='par_1_49' title="bbox 448 3102 2093 3175">
     <span class='ocr_line' id='line_1_49' title="bbox 448 3102 2093 3175; baseline -0.001 -16"><span class='ocrx_word' id='word_1_278' title='bbox 448 3105 845 3175; x_wconf 89' lang='lat' dir='ltr'>domibusque</span> <span class='ocrx_word' id='word_1_279' title='bbox 876 3103 1235 3170; x_wconf 80' lang='lat' dir='ltr'>exturbaret,</span> <span class='ocrx_word' id='word_1_280' title='bbox 1268 3102 1316 3156; x_wconf 91' lang='lat' dir='ltr'>si</span> <span class='ocrx_word' id='word_1_281' title='bbox 1347 3103 1442 3172; x_wconf 82' lang='lat' dir='ltr'>qui</span> <span class='ocrx_word' id='word_1_282' title='bbox 1457 3103 1691 3157; x_wconf 90' lang='lat' dir='ltr'>consilii</span> <span class='ocrx_word' id='word_1_283' title='bbox 1717 3105 1846 3174; x_wconf 90' lang='lat' dir='ltr'>ejus</span> <span class='ocrx_word' id='word_1_284' title='bbox 1873 3103 1945 3157; x_wconf 88' lang='lat' dir='ltr'>de</span> <span class='ocrx_word' id='word_1_285' title='bbox 1979 3102 2093 3157; x_wconf 90' lang='lat' dir='ltr'>im-</span> 
     </span>
    </p>
   </div>
   <div class='ocr_carea' id='block_1_50' title="bbox 448 3192 2090 3266">
    <p class='ocr_par' dir='ltr' id='par_1_50' title="bbox 448 3192 2090 3266">
     <span class='ocr_line' id='line_1_50' title="bbox 448 3192 2090 3266; baseline 0 -18"><span class='ocrx_word' id='word_1_286' title='bbox 448 3199 720 3266; x_wconf 89' lang='lat' dir='ltr'>peratore</span> <span class='ocrx_word' id='word_1_287' title='bbox 793 3193 1056 3248; x_wconf 74' lang='lat' dir='ltr'>tollendo</span> <span class='ocrx_word' id='word_1_288' title='bbox 1129 3192 1384 3247; x_wconf 87' lang='lat' dir='ltr'>fuissent</span> <span class='ocrx_word' id='word_1_289' title='bbox 1447 3193 1786 3264; x_wconf 87' lang='lat' dir='ltr'>participes.</span> <span class='ocrx_word' id='word_1_290' title='bbox 1859 3193 2090 3248; x_wconf 82' lang='lat' dir='ltr'>Atenim</span> 
     </span>
    </p>
   </div>
   <div class='ocr_carea' id='block_1_51' title="bbox 2197 2021 3850 2111">
    <p class='ocr_par' dir='ltr' id='par_1_51' title="bbox 2197 2021 3850 2111">
     <span class='ocr_line' id='line_1_51' title="bbox 2197 2021 3850 2111; baseline 0.008 -33"><span class='ocrx_word' id='word_1_291' title='bbox 2197 2024 2359 2096; x_wconf 89' lang='grc' dir='ltr'>σμὸν,</span> <span class='ocrx_word' id='word_1_292' title='bbox 2392 2021 2722 2100; x_wconf 85' lang='grc' dir='ltr'>διεταράχθη</span> <span class='ocrx_word' id='word_1_293' title='bbox 2761 2025 2881 2098; x_wconf 75' lang='grc' dir='ltr'>μέν,</span> <span class='ocrx_word' id='word_1_294' title='bbox 2913 2027 2988 2090; x_wconf 85' lang='grc' dir='ltr'>ὡς</span> <span class='ocrx_word' id='word_1_295' title='bbox 3017 2028 3080 2082; x_wconf 87' lang='grc' dir='ltr'>τὸ</span> <span class='ocrx_word' id='word_1_296' title='bbox 3129 2028 3299 2100; x_wconf 77' lang='grc' dir='ltr'>εἰκὸς,</span> <span class='ocrx_word' id='word_1_297' title='bbox 3329 2034 3547 2110; x_wconf 74' lang='grc' dir='ltr'>ὰπτέρῳ</span> <span class='ocrx_word' id='word_1_298' title='bbox 3580 2032 3638 2089; x_wconf 75' lang='grc' dir='ltr'>δὲ</span> <span class='ocrx_word' id='word_1_299' title='bbox 3683 2037 3850 2111; x_wconf 87' lang='grc' dir='ltr'>τάχει</span> 
     </span>
    </p>
   </div>
   <div class='ocr_carea' id='block_1_52' title="bbox 2193 2113 3852 2202">
    <p class='ocr_par' dir='ltr' id='par_1_52' title="bbox 2193 2113 3852 2202">
     <span class='ocr_line' id='line_1_52' title="bbox 2193 2113 3852 2202; baseline 0.008 -35"><span class='ocrx_word' id='word_1_300' title='bbox 2193 2115 2285 2167; x_wconf 90' lang='grc' dir='ltr'>τὸν</span> <span class='ocrx_word' id='word_1_301' title='bbox 2320 2113 2612 2168; x_wconf 77' lang='grc' dir='ltr'>ἐπίσκοπον</span> <span class='ocrx_word' id='word_1_302' title='bbox 2656 2114 2928 2188; x_wconf 84' lang='grc' dir='ltr'>Στέφανον</span> <span class='ocrx_word' id='word_1_303' title='bbox 2982 2115 3042 2172; x_wconf 88' lang='grc' dir='ltr'>έκ</span> <span class='ocrx_word' id='word_1_304' title='bbox 3088 2126 3188 2188; x_wconf 79' lang='grc' dir='ltr'>τῆς</span> <span class='ocrx_word' id='word_1_305' title='bbox 3246 2117 3478 2178; x_wconf 74' lang='grc' dir='ltr'>Ἀϐύδου</span> <span class='ocrx_word' id='word_1_306' title='bbox 3540 2125 3852 2202; x_wconf 83' lang='grc' dir='ltr'>ἀναγαγὼν,</span> 
     </span>
    </p>
   </div>
   <div class='ocr_carea' id='block_1_53' title="bbox 2194 2200 3857 2287">
    <p class='ocr_par' dir='ltr' id='par_1_53' title="bbox 2194 2200 3857 2287">
     <span class='ocr_line' id='line_1_53' title="bbox 2194 2200 3857 2287; baseline 0.009 -31"><span class='ocrx_word' id='word_1_307' title='bbox 2194 2208 2311 2264; x_wconf 88' lang='grc' dir='ltr'>τοῖς</span> <span class='ocrx_word' id='word_1_308' title='bbox 2344 2200 2718 2278; x_wconf 86' lang='grc' dir='ltr'>δικαστηρίοις</span> <span class='ocrx_word' id='word_1_309' title='bbox 2743 2202 3019 2260; x_wconf 82' lang='grc' dir='ltr'>έκδίδωσι’</span> <span class='ocrx_word' id='word_1_310' title='bbox 3053 2213 3164 2263; x_wconf 91' lang='grc' dir='ltr'>τῶν</span> <span class='ocrx_word' id='word_1_311' title='bbox 3232 2207 3290 2264; x_wconf 72' lang='grc' dir='ltr'>δὲ</span> <span class='ocrx_word' id='word_1_312' title='bbox 3347 2200 3683 2287; x_wconf 84' lang='grc' dir='ltr'>πραγμάτων</span> <span class='ocrx_word' id='word_1_313' title='bbox 3725 2200 3857 2286; x_wconf 49' lang='lat' dir='ltr'>lien</span> 
     </span>
    </p>
   </div>
   <div class='ocr_carea' id='block_1_54' title="bbox 2198 2289 3854 2376">
    <p class='ocr_par' dir='ltr' id='par_1_54' title="bbox 2198 2289 3854 2376">
     <span class='ocr_line' id='line_1_54' title="bbox 2198 2289 3854 2376; baseline 0.008 -31"><span class='ocrx_word' id='word_1_314' title='bbox 2198 2289 2537 2366; x_wconf 71' lang='grc' dir='ltr'>λεγχθέντων</span> <span class='ocrx_word' id='word_1_315' title='bbox 2567 2291 2655 2346; x_wconf 81' lang='grc' dir='ltr'>καὶ</span> <span class='ocrx_word' id='word_1_316' title='bbox 2687 2298 3024 2370; x_wconf 76' lang='grc' dir='ltr'>καταφανοῦς</span> <span class='ocrx_word' id='word_1_317' title='bbox 3055 2298 3348 2372; x_wconf 87' lang='grc' dir='ltr'>γεγονότος</span> <span class='ocrx_word' id='word_1_318' title='bbox 3394 2305 3491 2356; x_wconf 83' lang='grc' dir='ltr'>τοῦ</span> <span class='ocrx_word' id='word_1_319' title='bbox 3547 2300 3854 2376; x_wconf 83' lang='grc' dir='ltr'>δράματος,</span> 
     </span>
    </p>
   </div>
   <div class='ocr_carea' id='block_1_55' title="bbox 2196 2379 3852 2466">
    <p class='ocr_par' dir='ltr' id='par_1_55' title="bbox 2196 2379 3852 2466">
     <span class='ocr_line' id='line_1_55' title="bbox 2196 2379 3852 2466; baseline 0.01 -34"><span class='ocrx_word' id='word_1_320' title='bbox 2196 2380 2287 2434; x_wconf 87' lang='grc' dir='ltr'>τὸν</span> <span class='ocrx_word' id='word_1_321' title='bbox 2355 2381 2448 2452; x_wconf 77' lang='grc' dir='ltr'>μὲν</span> <span class='ocrx_word' id='word_1_322' title='bbox 2509 2384 2578 2454; x_wconf 77' lang='grc' dir='ltr'>τῇ</span> <span class='ocrx_word' id='word_1_323' title='bbox 2629 2379 2836 2455; x_wconf 85' lang='grc' dir='ltr'>συνόδῳ</span> <span class='ocrx_word' id='word_1_324' title='bbox 2891 2388 2999 2438; x_wconf 89' lang='grc' dir='ltr'>τῶν</span> <span class='ocrx_word' id='word_1_325' title='bbox 3071 2386 3382 2443; x_wconf 78' lang='grc' dir='ltr'>ἐπισκόπων</span> <span class='ocrx_word' id='word_1_326' title='bbox 3469 2393 3852 2466; x_wconf 78' lang='grc' dir='ltr'>παρέπεμψεν,</span> 
     </span>
    </p>
   </div>
   <div class='ocr_carea' id='block_1_56' title="bbox 2197 2468 3856 2553">
    <p class='ocr_par' dir='ltr' id='par_1_56' title="bbox 2197 2468 3856 2553">
     <span class='ocr_line' id='line_1_56' title="bbox 2197 2468 3856 2553; baseline 0.009 -29"><span class='ocrx_word' id='word_1_327' title='bbox 2197 2468 2461 2526; x_wconf 81' lang='grc' dir='ltr'>ἔκπτωσιν</span> <span class='ocrx_word' id='word_1_328' title='bbox 2490 2479 2590 2541; x_wconf 83' lang='grc' dir='ltr'>τῆς</span> <span class='ocrx_word' id='word_1_329' title='bbox 2646 2473 2948 2547; x_wconf 78' lang='grc' dir='ltr'>ἱερωσύνης</span> <span class='ocrx_word' id='word_1_330' title='bbox 3009 2477 3474 2553; x_wconf 76' lang='grc' dir='ltr'>ὑποστησάμενον.</span> <span class='ocrx_word' id='word_1_331' title='bbox 3530 2481 3734 2538; x_wconf 79' lang='grc' dir='ltr'>Λέοντα</span> <span class='ocrx_word' id='word_1_332' title='bbox 3793 2482 3856 2539; x_wconf 69' lang='grc' dir='ltr'>δὲ</span> 
     </span>
    </p>
   </div>
   <div class='ocr_carea' id='block_1_57' title="bbox 2197 2559 3854 2644">
    <p class='ocr_par' dir='ltr' id='par_1_57' title="bbox 2197 2559 3854 2644">
     <span class='ocr_line' id='line_1_57' title="bbox 2197 2559 3854 2644; baseline 0.01 -34"><span class='ocrx_word' id='word_1_333' title='bbox 2197 2559 2288 2613; x_wconf 92' lang='grc' dir='ltr'>τὸν</span> <span class='ocrx_word' id='word_1_334' title='bbox 2323 2559 2782 2635; x_wconf 83' lang='grc' dir='ltr'>Κουροπαλάτην,</span> <span class='ocrx_word' id='word_1_335' title='bbox 2812 2563 2901 2617; x_wconf 82' lang='grc' dir='ltr'>καὶ</span> <span class='ocrx_word' id='word_1_336' title='bbox 2935 2567 3272 2644; x_wconf 75' lang='grc' dir='ltr'>Νικηφόρον,</span> <span class='ocrx_word' id='word_1_337' title='bbox 3330 2569 3422 2624; x_wconf 90' lang='grc' dir='ltr'>τὸν</span> <span class='ocrx_word' id='word_1_338' title='bbox 3448 2573 3646 2627; x_wconf 90' lang='grc' dir='ltr'>τούτου</span> <span class='ocrx_word' id='word_1_339' title='bbox 3703 2574 3854 2643; x_wconf 73' lang='grc' dir='ltr'>υἱὸν,</span> 
     </span>
    </p>
   </div>
   <div class='ocr_carea' id='block_1_58' title="bbox 2197 2654 3853 2734">
    <p class='ocr_par' dir='ltr' id='par_1_58' title="bbox 2197 2654 3853 2734">
     <span class='ocr_line' id='line_1_58' title="bbox 2197 2654 3853 2734; baseline 0.007 -30"><span class='ocrx_word' id='word_1_340' title='bbox 2197 2654 2266 2723; x_wconf 81' lang='grc' dir='ltr'>τῇ</span> <span class='ocrx_word' id='word_1_341' title='bbox 2295 2657 2392 2706; x_wconf 82' lang='grc' dir='ltr'>τοῦ</span> <span class='ocrx_word' id='word_1_342' title='bbox 2449 2654 2676 2708; x_wconf 89' lang='grc' dir='ltr'>θανάτου</span> <span class='ocrx_word' id='word_1_343' title='bbox 2737 2655 3120 2730; x_wconf 89' lang='grc' dir='ltr'>ὑπαγαγόντων</span> <span class='ocrx_word' id='word_1_344' title='bbox 3183 2663 3354 2734; x_wconf 73' lang='grc' dir='ltr'>ψήφῳ</span> <span class='ocrx_word' id='word_1_345' title='bbox 3391 2666 3498 2716; x_wconf 90' lang='grc' dir='ltr'>τῶν</span> <span class='ocrx_word' id='word_1_346' title='bbox 3555 2659 3853 2733; x_wconf 79' lang='grc' dir='ltr'>δικαστῶν,</span> 
     </span>
    </p>
   </div>
   <div class='ocr_carea' id='block_1_59' title="bbox 2201 2740 3855 2826">
    <p class='ocr_par' dir='ltr' id='par_1_59' title="bbox 2201 2740 3855 2826">
     <span class='ocr_line' id='line_1_59' title="bbox 2201 2740 3855 2826; baseline 0.009 -33"><span class='ocrx_word' id='word_1_347' title='bbox 2201 2740 2229 2793; x_wconf 83' lang='grc' dir='ltr'><strong>ὁ</strong></span> <span class='ocrx_word' id='word_1_348' title='bbox 2283 2740 2563 2815; x_wconf 78' lang='grc' dir='ltr'>βασιλεὺς,</span> <span class='ocrx_word' id='word_1_349' title='bbox 2628 2743 2765 2817; x_wconf 87' lang='grc' dir='ltr'>πρὸς</span> <span class='ocrx_word' id='word_1_350' title='bbox 2814 2745 2878 2799; x_wconf 87' lang='grc' dir='ltr'>τὸ</span> <span class='ocrx_word' id='word_1_351' title='bbox 2957 2744 3470 2826; x_wconf 84' lang='grc' dir='ltr'>φιλανθρωπότερον</span> <span class='ocrx_word' id='word_1_352' title='bbox 3526 2751 3855 2823; x_wconf 85' lang='grc' dir='ltr'>ἀποκλίνας,</span> 
     </span>
    </p>
   </div>
   <div class='ocr_carea' id='block_1_60' title="bbox 2201 2828 3852 2916">
    <p class='ocr_par' dir='ltr' id='par_1_60' title="bbox 2201 2828 3852 2916">
     <span class='ocr_line' id='line_1_60' title="bbox 2201 2828 3852 2916; baseline 0.008 -33"><span class='ocrx_word' id='word_1_353' title='bbox 2201 2828 2573 2916; x_wconf 14' lang='grc' dir='ltr'>οὐκῗέκτεινεο</span> <span class='ocrx_word' id='word_1_354' title='bbox 2629 2834 2724 2895; x_wconf 87' lang='grc' dir='ltr'>τάς</span> <span class='ocrx_word' id='word_1_355' title='bbox 2785 2831 2841 2888; x_wconf 69' lang='grc' dir='ltr'>δέ</span> <span class='ocrx_word' id='word_1_356' title='bbox 2922 2829 3076 2908; x_wconf 78' lang='grc' dir='ltr'>ὄψεις</span> <span class='ocrx_word' id='word_1_357' title='bbox 3153 2837 3496 2916; x_wconf 77' lang='grc' dir='ltr'>ἀμφοτέρων,</span> <span class='ocrx_word' id='word_1_358' title='bbox 3556 2842 3691 2896; x_wconf 87' lang='grc' dir='ltr'>κατά</span> <span class='ocrx_word' id='word_1_359' title='bbox 3746 2843 3852 2911; x_wconf 79' lang='grc' dir='ltr'>τὴν</span> 
     </span>
    </p>
   </div>
   <div class='ocr_carea' id='block_1_61' title="bbox 2201 2915 3854 3007">
    <p class='ocr_par' dir='ltr' id='par_1_61' title="bbox 2201 2915 3854 3007">
     <span class='ocr_line' id='line_1_61' title="bbox 2201 2915 3854 3007; baseline 0.009 -35"><span class='ocrx_word' id='word_1_360' title='bbox 2201 2915 2405 2973; x_wconf 78' lang='grc' dir='ltr'>Λέσϐον</span> <span class='ocrx_word' id='word_1_361' title='bbox 2441 2923 2680 2990; x_wconf 78' lang='grc' dir='ltr'>στείλας,</span> <span class='ocrx_word' id='word_1_362' title='bbox 2707 2922 2980 2999; x_wconf 65' lang='grc' dir='ltr'>ἐπήρωσέ.</span> <span class='ocrx_word' id='word_1_363' title='bbox 3018 2928 3120 2984; x_wconf 85' lang='grc' dir='ltr'>Καὶ</span> <span class='ocrx_word' id='word_1_364' title='bbox 3177 2931 3212 2998; x_wconf 79' lang='grc' dir='ltr'><strong>ἡ</strong></span> <span class='ocrx_word' id='word_1_365' title='bbox 3275 2930 3369 3002; x_wconf 73' lang='grc' dir='ltr'>μέν</span> <span class='ocrx_word' id='word_1_366' title='bbox 3423 2935 3502 3002; x_wconf 84' lang='grc' dir='ltr'>τῷ</span> <span class='ocrx_word' id='word_1_367' title='bbox 3558 2937 3854 3007; x_wconf 83' lang='grc' dir='ltr'>Κουροπα-</span> 
     </span>
    </p>
   </div>
   <div class='ocr_carea' id='block_1_62' title="bbox 2201 3007 3856 3091">
    <p class='ocr_par' dir='ltr' id='par_1_62' title="bbox 2201 3007 3856 3091">
     <span class='ocr_line' id='line_1_62' title="bbox 2201 3007 3856 3091; baseline 0.008 -28"><span class='ocrx_word' id='word_1_368' title='bbox 2201 3007 2340 3084; x_wconf 73' lang='grc' dir='ltr'>λάτῃ</span> <span class='ocrx_word' id='word_1_369' title='bbox 2372 3010 2508 3085; x_wconf 84' lang='grc' dir='ltr'>πρὸς</span> <span class='ocrx_word' id='word_1_370' title='bbox 2539 3012 2641 3080; x_wconf 81' lang='grc' dir='ltr'>τήν</span> <span class='ocrx_word' id='word_1_371' title='bbox 2699 3011 2970 3088; x_wconf 80' lang='grc' dir='ltr'>Εὐρώπην</span> <span class='ocrx_word' id='word_1_372' title='bbox 3026 3015 3150 3072; x_wconf 89' lang='grc' dir='ltr'>τότε</span> <span class='ocrx_word' id='word_1_373' title='bbox 3205 3017 3564 3091; x_wconf 85' lang='grc' dir='ltr'>μελετηθεῖσα</span> <span class='ocrx_word' id='word_1_374' title='bbox 3603 3016 3856 3085; x_wconf 74' lang='grc' dir='ltr'>διάϐασις</span> 
     </span>
    </p>
   </div>
   <div class='ocr_carea' id='block_1_63' title="bbox 2202 3097 3852 3182">
    <p class='ocr_par' dir='ltr' id='par_1_63' title="bbox 2202 3097 3852 3182">
     <span class='ocr_line' id='line_1_63' title="bbox 2202 3097 3852 3182; baseline 0.008 -30"><span class='ocrx_word' id='word_1_375' title='bbox 2202 3097 2255 3162; x_wconf 85' lang='grc' dir='ltr'>ές</span> <span class='ocrx_word' id='word_1_376' title='bbox 2283 3103 2445 3154; x_wconf 75' lang='grc' dir='ltr'>τοῦτο</span> <span class='ocrx_word' id='word_1_377' title='bbox 2474 3100 2538 3154; x_wconf 86' lang='grc' dir='ltr'>τὸ</span> <span class='ocrx_word' id='word_1_378' title='bbox 2568 3099 2728 3163; x_wconf 77' lang='grc' dir='ltr'>τέλος</span> <span class='ocrx_word' id='word_1_379' title='bbox 2757 3104 3042 3176; x_wconf 80' lang='grc' dir='ltr'>κατέληξε,</span> <span class='ocrx_word' id='word_1_380' title='bbox 3078 3108 3332 3178; x_wconf 84' lang='grc' dir='ltr'>τοιαύτην</span> <span class='ocrx_word' id='word_1_381' title='bbox 3399 3109 3496 3182; x_wconf 81' lang='grc' dir='ltr'>μὶν</span> <span class='ocrx_word' id='word_1_382' title='bbox 3553 3111 3701 3181; x_wconf 85' lang='grc' dir='ltr'>αὐτῷ</span> <span class='ocrx_word' id='word_1_383' title='bbox 3747 3112 3852 3179; x_wconf 76' lang='grc' dir='ltr'>τήν</span> 
     </span>
    </p>
   </div>
   <div class='ocr_carea' id='block_1_64' title="bbox 2201 3188 3852 3275">
    <p class='ocr_par' dir='ltr' id='par_1_64' title="bbox 2201 3188 3852 3275">
     <span class='ocr_line' id='line_1_64' title="bbox 2201 3188 3852 3275; baseline 0.008 -34"><span class='ocrx_word' id='word_1_384' title='bbox 2201 3188 2395 3256; x_wconf 72' lang='grc' dir='ltr'>ποινήν</span> <span class='ocrx_word' id='word_1_385' title='bbox 2426 3189 2818 3262; x_wconf 76' lang='grc' dir='ltr'>προξενήσασα,</span> <span class='ocrx_word' id='word_1_386' title='bbox 2851 3193 3085 3268; x_wconf 76' lang='grc' dir='ltr'>συχνοὺς</span> <span class='ocrx_word' id='word_1_387' title='bbox 3119 3192 3175 3251; x_wconf 68' lang='grc' dir='ltr'>δὲ</span> <span class='ocrx_word' id='word_1_388' title='bbox 3219 3201 3330 3251; x_wconf 91' lang='grc' dir='ltr'>τῶν</span> <span class='ocrx_word' id='word_1_389' title='bbox 3385 3196 3559 3275; x_wconf 87' lang='grc' dir='ltr'>φίλων</span> <span class='ocrx_word' id='word_1_390' title='bbox 3621 3198 3852 3274; x_wconf 84' lang='grc' dir='ltr'>χρημά-</span> 
     </span>
    </p>
   </div>
   <div class='ocr_carea' id='block_1_65' title="bbox 451 3276 2092 3372">
    <p class='ocr_par' dir='ltr' id='par_1_65' title="bbox 451 3282 2091 3354">
     <span class='ocr_line' id='line_1_65' title="bbox 451 3282 2091 3354; baseline -0.001 -14"><span class='ocrx_word' id='word_1_391' title='bbox 451 3283 882 3348; x_wconf 87' lang='lat' dir='ltr'>Bardas,semel</span> <span class='ocrx_word' id='word_1_392' title='bbox 919 3283 993 3338; x_wconf 88' lang='lat' dir='ltr'>ad</span> <span class='ocrx_word' id='word_1_393' title='bbox 1022 3282 1410 3338; x_wconf 88' lang='lat' dir='ltr'>rebellionem</span> <span class='ocrx_word' id='word_1_394' title='bbox 1435 3283 2091 3354; x_wconf 87' lang='lat' dir='ltr'>prolapsus,fortissime</span> 
     </span>
    </p>
   </div>
   <div class='ocr_carea' id='block_1_66' title="bbox 2202 3276 3853 3372">
    <p class='ocr_par' dir='ltr' id='par_1_66' title="bbox 2207 3276 3853 3361">
     <span class='ocr_line' id='line_1_66' title="bbox 2207 3276 3853 3361; baseline 0.008 -31"><span class='ocrx_word' id='word_1_395' title='bbox 2207 3297 2314 3330; x_wconf 89' lang='grc' dir='ltr'>των</span> <span class='ocrx_word' id='word_1_396' title='bbox 2343 3280 2429 3332; x_wconf 76' lang='grc' dir='ltr'>καὶ</span> <span class='ocrx_word' id='word_1_397' title='bbox 2461 3276 2627 3332; x_wconf 84' lang='grc' dir='ltr'>οἷ’κων</span> <span class='ocrx_word' id='word_1_398' title='bbox 2662 3283 2987 3354; x_wconf 72' lang='grc' dir='ltr'>στερήσασα,</span> <span class='ocrx_word' id='word_1_399' title='bbox 3021 3282 3138 3339; x_wconf 77' lang='grc' dir='ltr'>ὅσοι</span> <span class='ocrx_word' id='word_1_400' title='bbox 3189 3287 3288 3354; x_wconf 79' lang='grc' dir='ltr'>τήν</span> <span class='ocrx_word' id='word_1_401' title='bbox 3346 3285 3554 3342; x_wconf 69' lang='grc' dir='ltr'>ἐκείνου</span> <span class='ocrx_word' id='word_1_402' title='bbox 3601 3283 3853 3361; x_wconf 78' lang='grc' dir='ltr'>συμϐου-</span> 
     </span>
    </p>
   </div>
   <div class='ocr_carea' id='block_1_67' title="bbox 453 3371 2094 3445">
    <p class='ocr_par' dir='ltr' id='par_1_67' title="bbox 453 3371 2094 3445">
     <span class='ocr_line' id='line_1_67' title="bbox 453 3371 2094 3445; baseline -0.002 -16"><span class='ocrx_word' id='word_1_403' title='bbox 453 3375 515 3429; x_wconf 90' lang='lat' dir='ltr'>in</span> <span class='ocrx_word' id='word_1_404' title='bbox 556 3389 625 3429; x_wconf 92' lang='lat' dir='ltr'>ea</span> <span class='ocrx_word' id='word_1_405' title='bbox 651 3372 1105 3445; x_wconf 85' lang='lat' dir='ltr'>perseverabat;</span> <span class='ocrx_word' id='word_1_406' title='bbox 1139 3371 1447 3443; x_wconf 88' lang='lat' dir='ltr'>elatusque</span> <span class='ocrx_word' id='word_1_407' title='bbox 1481 3372 1862 3428; x_wconf 89' lang='lat' dir='ltr'>multitudine</span> <span class='ocrx_word' id='word_1_408' title='bbox 1903 3373 2094 3427; x_wconf 89' lang='lat' dir='ltr'>homi-</span> 
     </span>
    </p>
   </div>
   <div class='ocr_carea' id='block_1_68' title="bbox 458 3462 2100 3534">
    <p class='ocr_par' dir='ltr' id='par_1_68' title="bbox 458 3462 2100 3534">
     <span class='ocr_line' id='line_1_68' title="bbox 458 3462 2100 3534; baseline -0.001 -16"><span class='ocrx_word' id='word_1_409' title='bbox 458 3479 604 3518; x_wconf 86' lang='lat' dir='ltr'>num</span> <span class='ocrx_word' id='word_1_410' title='bbox 636 3463 794 3518; x_wconf 90' lang='lat' dir='ltr'>circa</span> <span class='ocrx_word' id='word_1_411' title='bbox 825 3480 885 3518; x_wconf 91' lang='lat' dir='ltr'>se</span> <span class='ocrx_word' id='word_1_412' title='bbox 919 3468 1141 3523; x_wconf 86' lang='lat' dir='ltr'>coacta.</span> <span class='ocrx_word' id='word_1_413' title='bbox 1202 3463 1464 3517; x_wconf 82' lang='lat' dir='ltr'>confisus</span> <span class='ocrx_word' id='word_1_414' title='bbox 1509 3462 1718 3534; x_wconf 90' lang='lat' dir='ltr'>copiis,</span> <span class='ocrx_word' id='word_1_415' title='bbox 1774 3463 2100 3517; x_wconf 89' lang='lat' dir='ltr'>instantem</span> 
     </span>
    </p>
   </div>
   <div class='ocr_carea' id='block_1_69' title="bbox 459 3551 2098 3625">
    <p class='ocr_par' dir='ltr' id='par_1_69' title="bbox 459 3551 2098 3625">
     <span class='ocr_line' id='line_1_69' title="bbox 459 3551 2098 3625; baseline -0.002 -17"><span class='ocrx_word' id='word_1_416' title='bbox 459 3553 900 3625; x_wconf 87' lang='lat' dir='ltr'>possessionem</span> <span class='ocrx_word' id='word_1_417' title='bbox 946 3551 1179 3622; x_wconf 90' lang='lat' dir='ltr'>imperii</span> <span class='ocrx_word' id='word_1_418' title='bbox 1209 3551 1564 3606; x_wconf 86' lang='lat' dir='ltr'>somniabat.</span> <span class='ocrx_word' id='word_1_419' title='bbox 1595 3553 1682 3606; x_wconf 88' lang='lat' dir='ltr'>Ita</span> <span class='ocrx_word' id='word_1_420' title='bbox 1737 3553 1934 3606; x_wconf 82' lang='lat' dir='ltr'>Asiam</span> <span class='ocrx_word' id='word_1_421' title='bbox 1968 3569 2098 3622; x_wconf 89' lang='lat' dir='ltr'>per-</span> 
     </span>
    </p>
   </div>
   <div class='ocr_carea' id='block_1_70' title="bbox 458 3640 2101 3711">
    <p class='ocr_par' dir='ltr' id='par_1_70' title="bbox 458 3640 2101 3711">
     <span class='ocr_line' id='line_1_70' title="bbox 458 3640 2101 3711; baseline -0.001 -15"><span class='ocrx_word' id='word_1_422' title='bbox 458 3640 1014 3706; x_wconf 84' lang='lat' dir='ltr'>vadens,domicilia</span> <span class='ocrx_word' id='word_1_423' title='bbox 1044 3641 1354 3711; x_wconf 82' lang='lat' dir='ltr'>cujusque,</span> <span class='ocrx_word' id='word_1_424' title='bbox 1388 3641 1487 3710; x_wconf 91' lang='lat' dir='ltr'>qui</span> <span class='ocrx_word' id='word_1_425' title='bbox 1521 3641 1582 3694; x_wconf 91' lang='lat' dir='ltr'>in</span> <span class='ocrx_word' id='word_1_426' title='bbox 1615 3640 1793 3694; x_wconf 76' lang='lat' dir='ltr'>fidem</span> <span class='ocrx_word' id='word_1_427' title='bbox 1826 3643 1953 3711; x_wconf 90' lang='lat' dir='ltr'>ejus</span> <span class='ocrx_word' id='word_1_428' title='bbox 1980 3657 2101 3694; x_wconf 92' lang='lat' dir='ltr'>non</span> 
     </span>
    </p>
   </div>
   <div class='ocr_carea' id='block_1_71' title="bbox 456 3728 2100 3801">
    <p class='ocr_par' dir='ltr' id='par_1_71' title="bbox 456 3728 2100 3801">
     <span class='ocr_line' id='line_1_71' title="bbox 456 3728 2100 3801; baseline -0.001 -17"><span class='ocrx_word' id='word_1_429' title='bbox 456 3736 718 3796; x_wconf 87' lang='lat' dir='ltr'>venerat,</span> <span class='ocrx_word' id='word_1_430' title='bbox 751 3731 885 3801; x_wconf 83' lang='lat' dir='ltr'>igne</span> <span class='ocrx_word' id='word_1_431' title='bbox 945 3728 1179 3784; x_wconf 88' lang='lat' dir='ltr'>subdito</span> <span class='ocrx_word' id='word_1_432' title='bbox 1228 3729 1488 3799; x_wconf 67' lang='lat' dir='ltr'>praedam</span> <span class='ocrx_word' id='word_1_433' title='bbox 1549 3731 1843 3799; x_wconf 83' lang='lat' dir='ltr'>Mysorum</span> <span class='ocrx_word' id='word_1_434' title='bbox 1875 3729 2100 3784; x_wconf 91' lang='lat' dir='ltr'>habuit.</span> 
     </span>
    </p>
   </div>
   <div class='ocr_carea' id='block_1_72' title="bbox 455 3817 2102 3890">
    <p class='ocr_par' dir='ltr' id='par_1_72' title="bbox 455 3817 2102 3890">
     <span class='ocr_line' id='line_1_72' title="bbox 455 3817 2102 3890; baseline -0.002 -14"><span class='ocrx_word' id='word_1_435' title='bbox 455 3823 604 3878; x_wconf 71' lang='lat'>“5</span> <span class='ocrx_word' id='word_1_436' title='bbox 633 3819 881 3890; x_wconf 88' lang='lat' dir='ltr'>Scripsit</span> <span class='ocrx_word' id='word_1_437' title='bbox 909 3825 1106 3873; x_wconf 91' lang='lat' dir='ltr'>autem</span> <span class='ocrx_word' id='word_1_438' title='bbox 1138 3817 1211 3872; x_wconf 90' lang='lat' dir='ltr'>ad</span> <span class='ocrx_word' id='word_1_439' title='bbox 1243 3835 1376 3871; x_wconf 91' lang='lat' dir='ltr'>eum</span> <span class='ocrx_word' id='word_1_440' title='bbox 1401 3818 1727 3888; x_wconf 89' lang='lat' dir='ltr'>imperator</span> <span class='ocrx_word' id='word_1_441' title='bbox 1779 3819 1893 3872; x_wconf 90' lang='lat' dir='ltr'>ita:</span> <span class='ocrx_word' id='word_1_442' title='bbox 1933 3841 1953 3867; x_wconf 79' lang='grc' dir='ltr'>ι</span> <span class='ocrx_word' id='word_1_443' title='bbox 1999 3824 2102 3872; x_wconf 70' lang='lat' dir='ltr'>(jo-</span> 
     </span>
    </p>
   </div>
   <div class='ocr_carea' id='block_1_73' title="bbox 453 3907 2103 3986">
    <p class='ocr_par' dir='ltr' id='par_1_73' title="bbox 453 3907 2103 3986">
     <span class='ocr_line' id='line_1_73' title="bbox 453 3907 2103 3986; baseline -0.002 -20"><span class='ocrx_word' id='word_1_444' title='bbox 453 3916 808 3986; x_wconf 89' lang='lat' dir='ltr'>gnoscentes</span> <span class='ocrx_word' id='word_1_445' title='bbox 830 3908 901 3962; x_wconf 94' lang='lat' dir='ltr'>de</span> <span class='ocrx_word' id='word_1_446' title='bbox 925 3915 1089 3962; x_wconf 92' lang='lat' dir='ltr'>motu</span> <span class='ocrx_word' id='word_1_447' title='bbox 1113 3923 1218 3978; x_wconf 91' lang='lat' dir='ltr'>per</span> <span class='ocrx_word' id='word_1_448' title='bbox 1237 3907 1532 3961; x_wconf 88' lang='lat' dir='ltr'>Orientem</span> <span class='ocrx_word' id='word_1_449' title='bbox 1559 3923 1751 3977; x_wconf 90' lang='lat' dir='ltr'>nuper</span> <span class='ocrx_word' id='word_1_450' title='bbox 1771 3907 1945 3968; x_wconf 88' lang='lat' dir='ltr'>facto,</span> <span class='ocrx_word' id='word_1_451' title='bbox 1982 3925 2103 3962; x_wconf 92' lang='lat' dir='ltr'>non</span> 
     </span>
    </p>
   </div>
   <div class='ocr_carea' id='block_1_74' title="bbox 455 3995 2102 4066">
    <p class='ocr_par' dir='ltr' id='par_1_74' title="bbox 455 3995 2102 4066">
     <span class='ocr_line' id='line_1_74' title="bbox 455 3995 2102 4066; baseline -0.002 -9"><span class='ocrx_word' id='word_1_452' title='bbox 455 4008 573 4057; x_wconf 89' lang='lat' dir='ltr'>tam</span> <span class='ocrx_word' id='word_1_453' title='bbox 607 4000 689 4054; x_wconf 92' lang='lat' dir='ltr'>tui</span> <span class='ocrx_word' id='word_1_454' title='bbox 722 3997 954 4053; x_wconf 90' lang='lat' dir='ltr'>consilii</span> <span class='ocrx_word' id='word_1_455' title='bbox 985 4012 1110 4050; x_wconf 89' lang='lat' dir='ltr'>rem</span> <span class='ocrx_word' id='word_1_456' title='bbox 1165 3995 1542 4063; x_wconf 88' lang='lat' dir='ltr'>arbitramur,</span> <span class='ocrx_word' id='word_1_457' title='bbox 1592 4011 1770 4066; x_wconf 90' lang='lat' dir='ltr'>quam</span> <span class='ocrx_word' id='word_1_458' title='bbox 1828 4000 2102 4054; x_wconf 82' lang='lat' dir='ltr'>amentiae</span> 
     </span>
    </p>
   </div>
   <div class='ocr_carea' id='block_1_75' title="bbox 455 4084 2105 4156">
    <p class='ocr_par' dir='ltr' id='par_1_75' title="bbox 455 4084 2105 4156">
     <span class='ocr_line' id='line_1_75' title="bbox 455 4084 2105 4156; baseline -0.001 -12"><span class='ocrx_word' id='word_1_459' title='bbox 455 4088 866 4156; x_wconf 70' lang='lat' dir='ltr'>barbariaeque</span> <span class='ocrx_word' id='word_1_460' title='bbox 922 4084 1218 4139; x_wconf 87' lang='lat' dir='ltr'>sociorum</span> <span class='ocrx_word' id='word_1_461' title='bbox 1253 4090 1511 4150; x_wconf 91' lang='lat' dir='ltr'>tuorum,</span> <span class='ocrx_word' id='word_1_462' title='bbox 1556 4085 1679 4154; x_wconf 93' lang='lat' dir='ltr'>qui,</span> <span class='ocrx_word' id='word_1_463' title='bbox 1715 4085 1953 4156; x_wconf 89' lang='lat' dir='ltr'>penitus</span> <span class='ocrx_word' id='word_1_464' title='bbox 1975 4087 2105 4144; x_wconf 89' lang='lat' dir='ltr'>dira</span> 
     </span>
    </p>
   </div>
   <div class='ocr_carea' id='block_1_76' title="bbox 458 4172 2102 4243">
    <p class='ocr_par' dir='ltr' id='par_1_76' title="bbox 458 4172 2102 4243">
     <span class='ocr_line' id='line_1_76' title="bbox 458 4172 2102 4243; baseline -0.001 -11"><span class='ocrx_word' id='word_1_465' title='bbox 458 4174 781 4232; x_wconf 82' lang='lat' dir='ltr'>stoliditate</span> <span class='ocrx_word' id='word_1_466' title='bbox 814 4172 992 4243; x_wconf 90' lang='lat' dir='ltr'>capti,</span> <span class='ocrx_word' id='word_1_467' title='bbox 1016 4172 1076 4226; x_wconf 90' lang='lat' dir='ltr'>in</span> <span class='ocrx_word' id='word_1_468' title='bbox 1111 4178 1341 4227; x_wconf 89' lang='lat' dir='ltr'>tantum</span> <span class='ocrx_word' id='word_1_469' title='bbox 1374 4172 1706 4242; x_wconf 90' lang='lat' dir='ltr'>periculum</span> <span class='ocrx_word' id='word_1_470' title='bbox 1730 4174 1949 4230; x_wconf 88' lang='lat' dir='ltr'>inferre</span> <span class='ocrx_word' id='word_1_471' title='bbox 1975 4192 2102 4231; x_wconf 89' lang='lat' dir='ltr'>sese</span> 
     </span>
    </p>
   </div>
   <div class='ocr_carea' id='block_1_77' title="bbox 457 4262 2100 4336">
    <p class='ocr_par' dir='ltr' id='par_1_77' title="bbox 457 4262 2100 4336">
     <span class='ocr_line' id='line_1_77' title="bbox 457 4262 2100 4336; baseline 0 -16"><span class='ocrx_word' id='word_1_472' title='bbox 457 4280 578 4320; x_wconf 89' lang='lat' dir='ltr'>non</span> <span class='ocrx_word' id='word_1_473' title='bbox 609 4262 1027 4316; x_wconf 88' lang='lat' dir='ltr'>dubitaverunt</span> <span class='ocrx_word' id='word_1_474' title='bbox 1060 4278 1072 4316; x_wconf 92' lang='lat'>:</span> <span class='ocrx_word' id='word_1_475' title='bbox 1109 4262 1276 4332; x_wconf 90' lang='lat' dir='ltr'>quasi</span> <span class='ocrx_word' id='word_1_476' title='bbox 1311 4279 1447 4315; x_wconf 86' lang='lat' dir='ltr'>vero</span> <span class='ocrx_word' id='word_1_477' title='bbox 1493 4263 1784 4335; x_wconf 77' lang='lat' dir='ltr'>ignorent,</span> <span class='ocrx_word' id='word_1_478' title='bbox 1828 4265 1946 4320; x_wconf 89' lang='lat' dir='ltr'>illis</span> <span class='ocrx_word' id='word_1_479' title='bbox 1979 4267 2100 4336; x_wconf 88' lang='lat' dir='ltr'>qui,</span> 
     </span>
    </p>
   </div>
   <div class='ocr_carea' id='block_1_78' title="bbox 459 4351 2105 4426">
    <p class='ocr_par' dir='ltr' id='par_1_78' title="bbox 459 4351 2105 4426">
     <span class='ocr_line' id='line_1_78' title="bbox 459 4351 2105 4426; baseline 0.001 -19"><span class='ocrx_word' id='word_1_480' title='bbox 459 4352 636 4408; x_wconf 87' lang='lat' dir='ltr'>rebus</span> <span class='ocrx_word' id='word_1_481' title='bbox 669 4351 833 4406; x_wconf 93' lang='lat' dir='ltr'>novis</span> <span class='ocrx_word' id='word_1_482' title='bbox 866 4351 1194 4418; x_wconf 90' lang='lat' dir='ltr'>studentes,</span> <span class='ocrx_word' id='word_1_483' title='bbox 1229 4351 1289 4405; x_wconf 91' lang='lat' dir='ltr'>in</span> <span class='ocrx_word' id='word_1_484' title='bbox 1324 4351 1483 4422; x_wconf 90' lang='lat' dir='ltr'>ipsos</span> <span class='ocrx_word' id='word_1_485' title='bbox 1515 4354 1914 4408; x_wconf 78' lang='lat' dir='ltr'>Romanorum</span> <span class='ocrx_word' id='word_1_486' title='bbox 1940 4355 2105 4426; x_wconf 88' lang='lat' dir='ltr'>prin-</span> 
     </span>
    </p>
   </div>
   <div class='ocr_carea' id='block_1_79' title="bbox 458 4441 2102 4515">
    <p class='ocr_par' dir='ltr' id='par_1_79' title="bbox 458 4441 2102 4515">
     <span class='ocr_line' id='line_1_79' title="bbox 458 4441 2102 4515; baseline 0.001 -17"><span class='ocrx_word' id='word_1_487' title='bbox 458 4443 618 4515; x_wconf 91' lang='lat' dir='ltr'>cipes</span> <span class='ocrx_word' id='word_1_488' title='bbox 650 4441 926 4498; x_wconf 85' lang='lat' dir='ltr'>infestam</span> <span class='ocrx_word' id='word_1_489' title='bbox 957 4457 1200 4496; x_wconf 90' lang='lat' dir='ltr'>manum</span> <span class='ocrx_word' id='word_1_490' title='bbox 1225 4441 1830 4507; x_wconf 90' lang='lat' dir='ltr'>sustulerint,nullam</span> <span class='ocrx_word' id='word_1_491' title='bbox 1847 4444 2102 4515; x_wconf 84' lang='lat' dir='ltr'>relinqui</span> 
     </span>
    </p>
   </div>
   <div class='ocr_carea' id='block_1_80' title="bbox 459 4531 2103 4604">
    <p class='ocr_par' dir='ltr' id='par_1_80' title="bbox 459 4531 2103 4604">
     <span class='ocr_line' id='line_1_80' title="bbox 459 4531 2103 4604; baseline -0.001 -14"><span class='ocrx_word' id='word_1_492' title='bbox 459 4533 860 4590; x_wconf 83' lang='lat' dir='ltr'>excusationis</span> <span class='ocrx_word' id='word_1_493' title='bbox 891 4531 1142 4597; x_wconf 85' lang='lat' dir='ltr'>veniam,</span> <span class='ocrx_word' id='word_1_494' title='bbox 1159 4531 1398 4602; x_wconf 89' lang='lat' dir='ltr'>quando</span> <span class='ocrx_word' id='word_1_495' title='bbox 1413 4532 1594 4587; x_wconf 84' lang='lat' dir='ltr'>armis</span> <span class='ocrx_word' id='word_1_496' title='bbox 1626 4533 1758 4587; x_wconf 88' lang='lat' dir='ltr'>victi</span> <span class='ocrx_word' id='word_1_497' title='bbox 1783 4534 2103 4604; x_wconf 89' lang='lat' dir='ltr'>traditique</span> 
     </span>
    </p>
   </div>
   <div class='ocr_carea' id='block_1_81' title="bbox 454 4620 2102 4698">
    <p class='ocr_par' dir='ltr' id='par_1_81' title="bbox 454 4620 2102 4698">
     <span class='ocr_line' id='line_1_81' title="bbox 454 4620 2102 4698; baseline -0.001 -18"><span class='ocrx_word' id='word_1_498' title='bbox 454 4640 659 4698; x_wconf 65' lang='lat' dir='ltr'>painas</span> <span class='ocrx_word' id='word_1_499' title='bbox 687 4623 958 4678; x_wconf 88' lang='lat' dir='ltr'>subeant.</span> <span class='ocrx_word' id='word_1_500' title='bbox 1003 4623 1138 4687; x_wconf 83' lang='lat' dir='ltr'>Nos,</span> <span class='ocrx_word' id='word_1_501' title='bbox 1195 4620 1274 4674; x_wconf 89' lang='lat' dir='ltr'>mi</span> <span class='ocrx_word' id='word_1_502' title='bbox 1336 4620 1541 4682; x_wconf 86' lang='lat' dir='ltr'>Barda,</span> <span class='ocrx_word' id='word_1_503' title='bbox 1601 4621 1754 4675; x_wconf 91' lang='lat' dir='ltr'>civili</span> <span class='ocrx_word' id='word_1_504' title='bbox 1815 4624 2102 4694; x_wconf 81' lang='lat' dir='ltr'>sanguine</span> 
     </span>
    </p>
   </div>
   <div class='ocr_carea' id='block_1_82' title="bbox 456 4709 2101 4774">
    <p class='ocr_par' dir='ltr' id='par_1_82' title="bbox 456 4709 2101 4774">
     <span class='ocr_line' id='line_1_82' title="bbox 456 4709 2101 4774; baseline -0.001 -5"><span class='ocrx_word' id='word_1_505' title='bbox 456 4721 673 4769; x_wconf 90' lang='lat' dir='ltr'>terram</span> <span class='ocrx_word' id='word_1_506' title='bbox 705 4717 1018 4767; x_wconf 90' lang='lat' dir='ltr'>cruentare</span> <span class='ocrx_word' id='word_1_507' title='bbox 1050 4726 1338 4764; x_wconf 89' lang='lat' dir='ltr'>veremur.</span> <span class='ocrx_word' id='word_1_508' title='bbox 1361 4710 1511 4774; x_wconf 87' lang='lat' dir='ltr'>Quin</span> <span class='ocrx_word' id='word_1_509' title='bbox 1539 4709 1586 4763; x_wconf 90' lang='lat' dir='ltr'>si</span> <span class='ocrx_word' id='word_1_510' title='bbox 1618 4709 1903 4765; x_wconf 89' lang='lat' dir='ltr'>vellemus</span> <span class='ocrx_word' id='word_1_511' title='bbox 1919 4713 2101 4768; x_wconf 90' lang='lat' dir='ltr'>armis</span> 
     </span>
    </p>
   </div>
   <div class='ocr_carea' id='block_1_83' title="bbox 454 4800 2099 4873">
    <p class='ocr_par' dir='ltr' id='par_1_83' title="bbox 454 4800 2099 4873">
     <span class='ocr_line' id='line_1_83' title="bbox 454 4800 2099 4873; baseline -0.001 -15"><span class='ocrx_word' id='word_1_512' title='bbox 454 4805 515 4858; x_wconf 90' lang='lat' dir='ltr'>in</span> <span class='ocrx_word' id='word_1_513' title='bbox 549 4803 863 4857; x_wconf 84' lang='lat' dir='ltr'>seditiosos</span> <span class='ocrx_word' id='word_1_514' title='bbox 893 4800 1381 4868; x_wconf 88' lang='lat' dir='ltr'>animadvertere,</span> <span class='ocrx_word' id='word_1_515' title='bbox 1433 4800 1560 4856; x_wconf 87' lang='lat' dir='ltr'>sine</span> <span class='ocrx_word' id='word_1_516' title='bbox 1593 4817 1759 4856; x_wconf 90' lang='lat' dir='ltr'>mora</span> <span class='ocrx_word' id='word_1_517' title='bbox 1784 4801 1948 4873; x_wconf 90' lang='lat' dir='ltr'>(pace</span> <span class='ocrx_word' id='word_1_518' title='bbox 1983 4803 2099 4858; x_wconf 84' lang='lat' dir='ltr'>Nu-</span> 
     </span>
    </p>
   </div>
   <div class='ocr_carea' id='block_1_84' title="bbox 457 4889 2101 4965">
    <p class='ocr_par' dir='ltr' id='par_1_84' title="bbox 457 4889 2101 4965">
     <span class='ocr_line' id='line_1_84' title="bbox 457 4889 2101 4965; baseline 0.001 -18"><span class='ocrx_word' id='word_1_519' title='bbox 457 4893 636 4948; x_wconf 87' lang='lat' dir='ltr'>minis</span> <span class='ocrx_word' id='word_1_520' title='bbox 668 4891 939 4961; x_wconf 85' lang='lat' dir='ltr'>dixerim)</span> <span class='ocrx_word' id='word_1_521' title='bbox 967 4891 1039 4946; x_wconf 91' lang='lat' dir='ltr'>ad</span> <span class='ocrx_word' id='word_1_522' title='bbox 1070 4889 1348 4944; x_wconf 88' lang='lat' dir='ltr'>acerbum</span> <span class='ocrx_word' id='word_1_523' title='bbox 1379 4907 1480 4945; x_wconf 90' lang='lat' dir='ltr'>eos</span> <span class='ocrx_word' id='word_1_524' title='bbox 1530 4891 1835 4947; x_wconf 90' lang='lat' dir='ltr'>interitum</span> <span class='ocrx_word' id='word_1_525' title='bbox 1870 4893 2101 4965; x_wconf 90' lang='lat' dir='ltr'>redige-</span> 
     </span>
    </p>
   </div>
   <div class='ocr_carea' id='block_1_85' title="bbox 459 4980 2103 5054">
    <p class='ocr_par' dir='ltr' id='par_1_85' title="bbox 459 4980 2103 5054">
     <span class='ocr_line' id='line_1_85' title="bbox 459 4980 2103 5054; baseline 0.001 -19"><span class='ocrx_word' id='word_1_526' title='bbox 459 4998 626 5037; x_wconf 89' lang='lat' dir='ltr'>mus:</span> <span class='ocrx_word' id='word_1_527' title='bbox 664 4981 894 5035; x_wconf 87' lang='lat' dir='ltr'>Etenim</span> <span class='ocrx_word' id='word_1_528' title='bbox 927 4980 1058 5050; x_wconf 89' lang='lat' dir='ltr'>quis</span> <span class='ocrx_word' id='word_1_529' title='bbox 1077 4985 1168 5034; x_wconf 91' lang='lat' dir='ltr'>est</span> <span class='ocrx_word' id='word_1_530' title='bbox 1199 4985 1315 5033; x_wconf 90' lang='lat' dir='ltr'>tam</span> <span class='ocrx_word' id='word_1_531' title='bbox 1339 4980 1834 5049; x_wconf 85' lang='lat' dir='ltr'>pervicax,utvim</span> <span class='ocrx_word' id='word_1_532' title='bbox 1857 4981 2103 5054; x_wconf 88' lang='lat' dir='ltr'>impres-</span> 
     </span>
    </p>
   </div>
   <div class='ocr_carea' id='block_1_86' title="bbox 455 5069 2102 5138">
    <p class='ocr_par' dir='ltr' id='par_1_86' title="bbox 455 5069 2102 5138">
     <span class='ocr_line' id='line_1_86' title="bbox 455 5069 2102 5138; baseline 0.002 -14"><span class='ocrx_word' id='word_1_533' title='bbox 455 5070 640 5125; x_wconf 91' lang='lat' dir='ltr'>sionis</span> <span class='ocrx_word' id='word_1_534' title='bbox 656 5077 872 5124; x_wconf 72' lang='lat' dir='ltr'>nostra:</span> <span class='ocrx_word' id='word_1_535' title='bbox 885 5069 1405 5138; x_wconf 88' lang='lat' dir='ltr'>subtineat,neque</span> <span class='ocrx_word' id='word_1_536' title='bbox 1417 5071 1614 5124; x_wconf 88' lang='lat' dir='ltr'>statim</span> <span class='ocrx_word' id='word_1_537' title='bbox 1630 5071 1829 5126; x_wconf 90' lang='lat' dir='ltr'>animo</span> <span class='ocrx_word' id='word_1_538' title='bbox 1844 5071 2102 5128; x_wconf 91' lang='lat' dir='ltr'>demisso</span> 
     </span>
    </p>
   </div>
   <div class='ocr_carea' id='block_1_87' title="bbox 456 5149 2105 5224">
    <p class='ocr_par' dir='ltr' id='par_1_87' title="bbox 456 5149 2105 5224">
     <span class='ocr_line' id='line_1_87' title="bbox 456 5149 2105 5224; baseline 0.001 -19"><span class='ocrx_word' id='word_1_539' title='bbox 456 5153 653 5222; x_wconf 83' lang='lat' dir='ltr'>fugam</span> <span class='ocrx_word' id='word_1_540' title='bbox 704 5149 964 5220; x_wconf 85' lang='lat' dir='ltr'>spectet!</span> <span class='ocrx_word' id='word_1_541' title='bbox 1014 5149 1267 5204; x_wconf 89' lang='lat' dir='ltr'>Proinde</span> <span class='ocrx_word' id='word_1_542' title='bbox 1318 5149 1626 5204; x_wconf 88' lang='lat' dir='ltr'>hortamur</span> <span class='ocrx_word' id='word_1_543' title='bbox 1673 5168 1791 5218; x_wconf 90' lang='lat' dir='ltr'>vos,</span> <span class='ocrx_word' id='word_1_544' title='bbox 1826 5170 1859 5207; x_wconf 92' lang='lat' dir='ltr'>a</span> <span class='ocrx_word' id='word_1_545' title='bbox 1903 5154 2105 5224; x_wconf 88' lang='lat' dir='ltr'>perni—</span> 
     </span>
    </p>
   </div>
   <div class='ocr_carea' id='block_1_88' title="bbox 458 5238 2102 5311">
    <p class='ocr_par' dir='ltr' id='par_1_88' title="bbox 458 5238 2102 5311">
     <span class='ocr_line' id='line_1_88' title="bbox 458 5238 2102 5311; baseline 0.002 -16"><span class='ocrx_word' id='word_1_546' title='bbox 458 5241 634 5296; x_wconf 89' lang='lat' dir='ltr'>ciosis</span> <span class='ocrx_word' id='word_1_547' title='bbox 667 5239 936 5294; x_wconf 89' lang='lat' dir='ltr'>consiliis</span> <span class='ocrx_word' id='word_1_548' title='bbox 968 5238 1052 5292; x_wconf 88' lang='lat' dir='ltr'>uti</span> <span class='ocrx_word' id='word_1_549' title='bbox 1085 5238 1158 5293; x_wconf 92' lang='lat' dir='ltr'>ad</span> <span class='ocrx_word' id='word_1_550' title='bbox 1196 5238 1478 5293; x_wconf 89' lang='lat' dir='ltr'>salutaria</span> <span class='ocrx_word' id='word_1_551' title='bbox 1511 5257 1608 5293; x_wconf 89' lang='lat' dir='ltr'>vos</span> <span class='ocrx_word' id='word_1_552' title='bbox 1629 5243 2102 5311; x_wconf 81' lang='lat' dir='ltr'>transleratis.et,</span> 
     </span>
    </p>
   </div>
   <div class='ocr_carea' id='block_1_89' title="bbox 455 5326 2104 5401">
    <p class='ocr_par' dir='ltr' id='par_1_89' title="bbox 455 5326 2104 5401">
     <span class='ocr_line' id='line_1_89' title="bbox 455 5326 2104 5401; baseline 0.001 -17"><span class='ocrx_word' id='word_1_553' title='bbox 455 5330 595 5384; x_wconf 91' lang='lat' dir='ltr'>dum</span> <span class='ocrx_word' id='word_1_554' title='bbox 622 5329 866 5384; x_wconf 90' lang='lat' dir='ltr'>relictus</span> <span class='ocrx_word' id='word_1_555' title='bbox 895 5327 1234 5382; x_wconf 88' lang='lat' dir='ltr'>remissioni</span> <span class='ocrx_word' id='word_1_556' title='bbox 1276 5326 1440 5381; x_wconf 89' lang='lat' dir='ltr'>locus</span> <span class='ocrx_word' id='word_1_557' title='bbox 1463 5334 1571 5394; x_wconf 91' lang='lat' dir='ltr'>est,</span> <span class='ocrx_word' id='word_1_558' title='bbox 1606 5329 1857 5398; x_wconf 74' lang='lat' dir='ltr'>abiectis</span> <span class='ocrx_word' id='word_1_559' title='bbox 1899 5333 2104 5401; x_wconf 87' lang='lat' dir='ltr'>armis,</span> 
     </span>
    </p>
   </div>
   <div class='ocr_carea' id='block_1_90' title="bbox 453 5417 2106 5492">
    <p class='ocr_par' dir='ltr' id='par_1_90' title="bbox 453 5417 2106 5492">
     <span class='ocr_line' id='line_1_90' title="bbox 453 5417 2106 5492; baseline 0.001 -18"><span class='ocrx_word' id='word_1_560' title='bbox 453 5419 734 5492; x_wconf 75' lang='lat' dir='ltr'>potentiaa</span> <span class='ocrx_word' id='word_1_561' title='bbox 793 5417 1015 5473; x_wconf 86' lang='lat' dir='ltr'>cedatis</span> <span class='ocrx_word' id='word_1_562' title='bbox 1041 5418 1362 5489; x_wconf 85' lang='lat' dir='ltr'>Majestatis</span> <span class='ocrx_word' id='word_1_563' title='bbox 1409 5423 1648 5484; x_wconf 76' lang='lat' dir='ltr'>nostraa,</span> <span class='ocrx_word' id='word_1_564' title='bbox 1691 5419 2106 5489; x_wconf 89' lang='lat' dir='ltr'>impunitatem</span> 
     </span>
    </p>
   </div>
   <div class='ocr_carea' id='block_1_91' title="bbox 2211 3363 3864 3450">
    <p class='ocr_par' dir='ltr' id='par_1_91' title="bbox 2211 3363 3864 3450">
     <span class='ocr_line' id='line_1_91' title="bbox 2211 3363 3864 3450; baseline 0.008 -30"><span class='ocrx_word' id='word_1_565' title='bbox 2211 3363 2315 3436; x_wconf 76' lang='grc' dir='ltr'>λὴν</span> <span class='ocrx_word' id='word_1_566' title='bbox 2349 3366 2436 3422; x_wconf 80' lang='grc' dir='ltr'>ἐπὶ</span> <span class='ocrx_word' id='word_1_567' title='bbox 2470 3370 2774 3444; x_wconf 75' lang='grc' dir='ltr'>καθαιρέσει</span> <span class='ocrx_word' id='word_1_568' title='bbox 2823 3371 2921 3426; x_wconf 84' lang='grc' dir='ltr'>τοῦ</span> <span class='ocrx_word' id='word_1_569' title='bbox 2989 3373 3259 3448; x_wconf 85' lang='grc' dir='ltr'>βασιλέως</span> <span class='ocrx_word' id='word_1_570' title='bbox 3301 3379 3670 3450; x_wconf 72' lang='grc' dir='ltr'>προσήκαντο.</span> <span class='ocrx_word' id='word_1_571' title='bbox 3704 3379 3768 3436; x_wconf 76' lang='grc' dir='ltr'>Ὀ</span> <span class='ocrx_word' id='word_1_572' title='bbox 3800 3375 3864 3433; x_wconf 73' lang='grc' dir='ltr'>δὲ</span> 
     </span>
    </p>
   </div>
   <div class='ocr_carea' id='block_1_92' title="bbox 2208 3453 3856 3541">
    <p class='ocr_par' dir='ltr' id='par_1_92' title="bbox 2208 3453 3856 3541">
     <span class='ocr_line' id='line_1_92' title="bbox 2208 3453 3856 3541; baseline 0.006 -31"><span class='ocrx_word' id='word_1_573' title='bbox 2208 3453 2441 3530; x_wconf 85' lang='grc' dir='ltr'>Βάρδας,</span> <span class='ocrx_word' id='word_1_574' title='bbox 2501 3458 2636 3531; x_wconf 78' lang='grc' dir='ltr'>ἅπαξ</span> <span class='ocrx_word' id='word_1_575' title='bbox 2697 3457 3002 3522; x_wconf 78' lang='grc' dir='ltr'>ἀποκλίνας</span> <span class='ocrx_word' id='word_1_576' title='bbox 3062 3461 3138 3516; x_wconf 78' lang='grc' dir='ltr'>είς</span> <span class='ocrx_word' id='word_1_577' title='bbox 3193 3462 3510 3538; x_wconf 86' lang='grc' dir='ltr'>τυραννίδα,</span> <span class='ocrx_word' id='word_1_578' title='bbox 3566 3465 3724 3541; x_wconf 77' lang='grc' dir='ltr'>ἀπρὶξ</span> <span class='ocrx_word' id='word_1_579' title='bbox 3783 3465 3856 3520; x_wconf 84' lang='grc' dir='ltr'>εἷ’-</span> 
     </span>
    </p>
   </div>
   <div class='ocr_carea' id='block_1_93' title="bbox 2208 3545 3856 3633">
    <p class='ocr_par' dir='ltr' id='par_1_93' title="bbox 2208 3545 3856 3633">
     <span class='ocr_line' id='line_1_93' title="bbox 2208 3545 3856 3633; baseline 0.007 -34"><span class='ocrx_word' id='word_1_580' title='bbox 2208 3565 2339 3620; x_wconf 85' lang='grc' dir='ltr'>χετο</span> <span class='ocrx_word' id='word_1_581' title='bbox 2367 3545 2688 3621; x_wconf 87' lang='grc' dir='ltr'>ταύτης,τῇ</span> <span class='ocrx_word' id='word_1_582' title='bbox 2718 3569 2778 3602; x_wconf 89' lang='grc' dir='ltr'>τε</span> <span class='ocrx_word' id='word_1_583' title='bbox 2833 3549 2954 3622; x_wconf 76' lang='grc' dir='ltr'>περὶ</span> <span class='ocrx_word' id='word_1_584' title='bbox 3015 3551 3174 3605; x_wconf 86' lang='grc' dir='ltr'>αὑτὸν</span> <span class='ocrx_word' id='word_1_585' title='bbox 3231 3551 3566 3630; x_wconf 81' lang='grc' dir='ltr'>πολυχειρίᾳ</span> <span class='ocrx_word' id='word_1_586' title='bbox 3616 3555 3856 3633; x_wconf 77' lang='grc' dir='ltr'>γαυρούο</span> 
     </span>
    </p>
   </div>
   <div class='ocr_carea' id='block_1_94' title="bbox 2213 3636 3850 3715">
    <p class='ocr_par' dir='ltr' id='par_1_94' title="bbox 2213 3636 3850 3715">
     <span class='ocr_line' id='line_1_94' title="bbox 2213 3636 3850 3715; baseline 0.006 -27"><span class='ocrx_word' id='word_1_587' title='bbox 2213 3655 2390 3707; x_wconf 91' lang='grc' dir='ltr'>μενος,</span> <span class='ocrx_word' id='word_1_588' title='bbox 2448 3637 2536 3690; x_wconf 79' lang='grc' dir='ltr'>καὶ</span> <span class='ocrx_word' id='word_1_589' title='bbox 2592 3642 2709 3698; x_wconf 88' lang='grc' dir='ltr'>ταῖς</span> <span class='ocrx_word' id='word_1_590' title='bbox 2775 3636 3003 3715; x_wconf 76' lang='grc' dir='ltr'>φάλαγξι</span> <span class='ocrx_word' id='word_1_591' title='bbox 3066 3642 3476 3715; x_wconf 88' lang='grc' dir='ltr'>βρενθυόμενος,</span> <span class='ocrx_word' id='word_1_592' title='bbox 3551 3646 3640 3700; x_wconf 85' lang='grc' dir='ltr'>καὶ</span> <span class='ocrx_word' id='word_1_593' title='bbox 3722 3646 3850 3700; x_wconf 82' lang='grc' dir='ltr'>’ὀσον</span> 
     </span>
    </p>
   </div>
   <div class='ocr_carea' id='block_1_95' title="bbox 2212 3721 3858 3809">
    <p class='ocr_par' dir='ltr' id='par_1_95' title="bbox 2212 3721 3858 3809">
     <span class='ocr_line' id='line_1_95' title="bbox 2212 3721 3858 3809; baseline 0.007 -31"><span class='ocrx_word' id='word_1_594' title='bbox 2212 3721 2366 3778; x_wconf 71' lang='grc' dir='ltr'>οὔπω</span> <span class='ocrx_word' id='word_1_595' title='bbox 2420 3724 2519 3793; x_wconf 77' lang='grc' dir='ltr'>τὴν</span> <span class='ocrx_word' id='word_1_596' title='bbox 2570 3731 2670 3794; x_wconf 79' lang='grc' dir='ltr'>τῆς</span> <span class='ocrx_word' id='word_1_597' title='bbox 2724 3726 3002 3800; x_wconf 82' lang='grc' dir='ltr'>βασιλείας</span> <span class='ocrx_word' id='word_1_598' title='bbox 3053 3729 3378 3806; x_wconf 88' lang='grc' dir='ltr'>κατάσχεσιν</span> <span class='ocrx_word' id='word_1_599' title='bbox 3456 3732 3858 3809; x_wconf 84' lang='grc' dir='ltr'>ὀνειροπολῶν.</span> 
     </span>
    </p>
   </div>
   <div class='ocr_carea' id='block_1_96' title="bbox 2210 3809 3860 3895">
    <p class='ocr_par' dir='ltr' id='par_1_96' title="bbox 2210 3809 3860 3895">
     <span class='ocr_line' id='line_1_96' title="bbox 2210 3809 3860 3895; baseline 0.008 -29"><span class='ocrx_word' id='word_1_600' title='bbox 2210 3811 2312 3866; x_wconf 79' lang='grc' dir='ltr'>Καὶ</span> <span class='ocrx_word' id='word_1_601' title='bbox 2345 3809 2482 3880; x_wconf 78' lang='grc' dir='ltr'>δῆτα</span> <span class='ocrx_word' id='word_1_602' title='bbox 2511 3813 2609 3880; x_wconf 75' lang='grc' dir='ltr'>τήν</span> <span class='ocrx_word' id='word_1_603' title='bbox 2661 3814 2844 3869; x_wconf 76' lang='grc' dir='ltr'>Ἀσίαν</span> <span class='ocrx_word' id='word_1_604' title='bbox 2894 3820 3269 3894; x_wconf 73' lang='grc' dir='ltr'>κατατρέχων,</span> <span class='ocrx_word' id='word_1_605' title='bbox 3318 3825 3426 3876; x_wconf 91' lang='grc' dir='ltr'>τῶν</span> <span class='ocrx_word' id='word_1_606' title='bbox 3488 3823 3564 3895; x_wconf 78' lang='grc' dir='ltr'>μὴ</span> <span class='ocrx_word' id='word_1_607' title='bbox 3625 3822 3860 3879; x_wconf 80' lang='grc' dir='ltr'>σπένδο-</span> 
     </span>
    </p>
   </div>
   <div class='ocr_carea' id='block_1_97' title="bbox 2213 3899 3856 3976">
    <p class='ocr_par' dir='ltr' id='par_1_97' title="bbox 2213 3899 3856 3976">
     <span class='ocr_line' id='line_1_97' title="bbox 2213 3899 3856 3976; baseline 0.009 -23"><span class='ocrx_word' id='word_1_608' title='bbox 2213 3899 2387 3971; x_wconf 82' lang='grc' dir='ltr'>μένων</span> <span class='ocrx_word' id='word_1_609' title='bbox 2419 3899 2566 3972; x_wconf 87' lang='grc' dir='ltr'>αὐτῷ</span> <span class='ocrx_word' id='word_1_610' title='bbox 2595 3901 2894 3976; x_wconf 81' lang='grc' dir='ltr'>πυρπολῶν</span> <span class='ocrx_word' id='word_1_611' title='bbox 2952 3906 3047 3968; x_wconf 74' lang='grc' dir='ltr'>τὰς</span> <span class='ocrx_word' id='word_1_612' title='bbox 3107 3907 3284 3970; x_wconf 84' lang='grc' dir='ltr'>οἰκίας</span> <span class='ocrx_word' id='word_1_613' title='bbox 3339 3909 3488 3965; x_wconf 87' lang='grc' dir='ltr'>λείαν</span> <span class='ocrx_word' id='word_1_614' title='bbox 3523 3911 3684 3976; x_wconf 78' lang='grc' dir='ltr'>ἐτίθει</span> <span class='ocrx_word' id='word_1_615' title='bbox 3741 3919 3856 3968; x_wconf 68' lang='grc' dir='ltr'>Μυ-</span> 
     </span>
    </p>
   </div>
   <div class='ocr_carea' id='block_1_98' title="bbox 2211 3988 3854 4076">
    <p class='ocr_par' dir='ltr' id='par_1_98' title="bbox 2211 3988 3854 4076">
     <span class='ocr_line' id='line_1_98' title="bbox 2211 3988 3854 4076; baseline 0.01 -35"><span class='ocrx_word' id='word_1_616' title='bbox 2211 3993 2338 4046; x_wconf 85' lang='grc' dir='ltr'>σῶν,</span> <span class='ocrx_word' id='word_1_617' title='bbox 2373 3988 2637 4052; x_wconf 78' lang='grc' dir='ltr'>Βασιλεὺς</span> <span class='ocrx_word' id='word_1_618' title='bbox 2673 3988 2729 4046; x_wconf 78' lang='grc' dir='ltr'>δὲ</span> <span class='ocrx_word' id='word_1_619' title='bbox 2787 3994 2923 4069; x_wconf 85' lang='grc' dir='ltr'>πρὸς</span> <span class='ocrx_word' id='word_1_620' title='bbox 2973 3996 3132 4051; x_wconf 88' lang='grc' dir='ltr'>αὐτὸν</span> <span class='ocrx_word' id='word_1_621' title='bbox 3191 3999 3388 4076; x_wconf 79' lang='grc' dir='ltr'>γράφει</span> <span class='ocrx_word' id='word_1_622' title='bbox 3446 4005 3686 4056; x_wconf 58' lang='lat' dir='ltr'>rubra&quot;</span> <span class='ocrx_word' id='word_1_623' title='bbox 3743 4004 3854 4059; x_wconf 83' lang='grc' dir='ltr'>Τὸν</span> 
     </span>
    </p>
   </div>
   <div class='ocr_carea' id='block_1_99' title="bbox 2210 4075 3861 4163">
    <p class='ocr_par' dir='ltr' id='par_1_99' title="bbox 2210 4075 3861 4163">
     <span class='ocr_line' id='line_1_99' title="bbox 2210 4075 3861 4163; baseline 0.01 -32"><span class='ocrx_word' id='word_1_624' title='bbox 2210 4075 2438 4152; x_wconf 81' lang='grc' dir='ltr'>ἔναγχος</span> <span class='ocrx_word' id='word_1_625' title='bbox 2466 4082 2831 4154; x_wconf 80' lang='grc' dir='ltr'>γεγενημένον</span> <span class='ocrx_word' id='word_1_626' title='bbox 2863 4091 2998 4158; x_wconf 86' lang='grc' dir='ltr'>πρὸς</span> <span class='ocrx_word' id='word_1_627' title='bbox 3065 4082 3140 4143; x_wconf 76' lang='grc' dir='ltr'>ἕω</span> <span class='ocrx_word' id='word_1_628' title='bbox 3196 4075 3560 4163; x_wconf 85' lang='grc' dir='ltr'>νεωτερισμὸν</span> <span class='ocrx_word' id='word_1_629' title='bbox 3619 4091 3861 4162; x_wconf 84' lang='grc' dir='ltr'>ἀκηκοό-</span> 
     </span>
    </p>
   </div>
   <div class='ocr_carea' id='block_1_100' title="bbox 2208 4165 3864 4258">
    <p class='ocr_par' dir='ltr' id='par_1_100' title="bbox 2208 4165 3864 4258">
     <span class='ocr_line' id='line_1_100' title="bbox 2208 4165 3864 4258; baseline 0.011 -39"><span class='ocrx_word' id='word_1_630' title='bbox 2208 4187 2318 4258; x_wconf 66' lang='grc' dir='ltr'>τες,</span> <span class='ocrx_word' id='word_1_631' title='bbox 2353 4165 2414 4221; x_wconf 80' lang='grc' dir='ltr'>οὐ</span> <span class='ocrx_word' id='word_1_632' title='bbox 2445 4174 2545 4236; x_wconf 81' lang='grc' dir='ltr'>τῆς</span> <span class='ocrx_word' id='word_1_633' title='bbox 2573 4171 2672 4237; x_wconf 73' lang='grc' dir='ltr'>σῆς</span> <span class='ocrx_word' id='word_1_634' title='bbox 2729 4173 2960 4248; x_wconf 87' lang='grc' dir='ltr'>γνώμης</span> <span class='ocrx_word' id='word_1_635' title='bbox 3019 4173 3178 4252; x_wconf 83' lang='grc' dir='ltr'>ἔργον</span> <span class='ocrx_word' id='word_1_636' title='bbox 3235 4183 3492 4234; x_wconf 78' lang='grc' dir='ltr'>τοσοῦτον</span> <span class='ocrx_word' id='word_1_637' title='bbox 3549 4182 3864 4258; x_wconf 75' lang='grc' dir='ltr'>ἡγούμεθα,</span> 
     </span>
    </p>
   </div>
   <div class='ocr_carea' id='block_1_101' title="bbox 2211 4255 3865 4346">
    <p class='ocr_par' dir='ltr' id='par_1_101' title="bbox 2211 4255 3865 4346">
     <span class='ocr_line' id='line_1_101' title="bbox 2211 4255 3865 4346; baseline 0.012 -38"><span class='ocrx_word' id='word_1_638' title='bbox 2211 4255 2337 4310; x_wconf 81' lang='grc' dir='ltr'>ὅσον</span> <span class='ocrx_word' id='word_1_639' title='bbox 2369 4262 2467 4325; x_wconf 81' lang='grc' dir='ltr'>τῆς</span> <span class='ocrx_word' id='word_1_640' title='bbox 2518 4261 2626 4310; x_wconf 89' lang='grc' dir='ltr'>τῶν</span> <span class='ocrx_word' id='word_1_641' title='bbox 2685 4269 3065 4337; x_wconf 83' lang='grc' dir='ltr'>συναραμένων</span> <span class='ocrx_word' id='word_1_642' title='bbox 3118 4287 3202 4320; x_wconf 89' lang='grc' dir='ltr'>σοι</span> <span class='ocrx_word' id='word_1_643' title='bbox 3261 4267 3524 4330; x_wconf 82' lang='grc' dir='ltr'>ἀπονοίας</span> <span class='ocrx_word' id='word_1_644' title='bbox 3584 4255 3672 4324; x_wconf 82' lang='grc' dir='ltr'>καὶ</span> <span class='ocrx_word' id='word_1_645' title='bbox 3726 4271 3865 4346; x_wconf 84' lang='grc' dir='ltr'>τρό-</span> 
     </span>
    </p>
   </div>
   <div class='ocr_carea' id='block_1_102' title="bbox 2210 4340 3863 4428">
    <p class='ocr_par' dir='ltr' id='par_1_102' title="bbox 2210 4340 3863 4428">
     <span class='ocr_line' id='line_1_102' title="bbox 2210 4340 3863 4428; baseline 0.011 -31"><span class='ocrx_word' id='word_1_646' title='bbox 2210 4366 2339 4414; x_wconf 90' lang='grc' dir='ltr'>που,</span> <span class='ocrx_word' id='word_1_647' title='bbox 2402 4340 2758 4422; x_wconf 78' lang='grc' dir='ltr'>βαρϐαρικοῦ,</span> <span class='ocrx_word' id='word_1_648' title='bbox 2815 4349 2874 4404; x_wconf 75' lang='grc' dir='ltr'>οἷ’</span> <span class='ocrx_word' id='word_1_649' title='bbox 2922 4373 2982 4428; x_wconf 90' lang='grc' dir='ltr'>γε</span> <span class='ocrx_word' id='word_1_650' title='bbox 3040 4353 3254 4418; x_wconf 88' lang='grc' dir='ltr'>πάντως</span> <span class='ocrx_word' id='word_1_651' title='bbox 3339 4357 3440 4412; x_wconf 85' lang='grc' dir='ltr'>ὑπὸ</span> <span class='ocrx_word' id='word_1_652' title='bbox 3499 4340 3863 4424; x_wconf 70' lang='grc' dir='ltr'>θεοϐλαϐείας</span> 
     </span>
    </p>
   </div>
   <div class='ocr_carea' id='block_1_103' title="bbox 2210 4436 3863 4522">
    <p class='ocr_par' dir='ltr' id='par_1_103' title="bbox 2210 4436 3863 4522">
     <span class='ocr_line' id='line_1_103' title="bbox 2210 4436 3863 4522; baseline 0.011 -35"><span class='ocrx_word' id='word_1_653' title='bbox 2210 4436 2738 4522; x_wconf 69' lang='grc' dir='ltr'>παρακροτούμενοι,</span> <span class='ocrx_word' id='word_1_654' title='bbox 2770 4439 2822 4501; x_wconf 83' lang='grc' dir='ltr'>ἐς</span> <span class='ocrx_word' id='word_1_655' title='bbox 2869 4447 3123 4498; x_wconf 79' lang='grc' dir='ltr'>τοσοῦτον</span> <span class='ocrx_word' id='word_1_656' title='bbox 3183 4442 3427 4502; x_wconf 84' lang='grc' dir='ltr'>κίνδυνον</span> <span class='ocrx_word' id='word_1_657' title='bbox 3479 4448 3701 4511; x_wconf 69' lang='grc' dir='ltr'>έαυτοὺς</span> <span class='ocrx_word' id='word_1_658' title='bbox 3759 4450 3863 4522; x_wconf 76' lang='grc' dir='ltr'>έμ-</span> 
     </span>
    </p>
   </div>
   <div class='ocr_carea' id='block_1_104' title="bbox 2211 4519 3866 4607">
    <p class='ocr_par' dir='ltr' id='par_1_104' title="bbox 2211 4519 3866 4607">
     <span class='ocr_line' id='line_1_104' title="bbox 2211 4519 3866 4607; baseline 0.009 -28"><span class='ocrx_word' id='word_1_659' title='bbox 2211 4519 2398 4579; x_wconf 79' lang='grc' dir='ltr'>ϐαλεῖν</span> <span class='ocrx_word' id='word_1_660' title='bbox 2433 4526 2532 4580; x_wconf 91' lang='grc' dir='ltr'>οὐκ</span> <span class='ocrx_word' id='word_1_661' title='bbox 2572 4525 2892 4602; x_wconf 70' lang='grc' dir='ltr'>ένάρκησαψ</span> <span class='ocrx_word' id='word_1_662' title='bbox 2957 4533 3042 4586; x_wconf 82' lang='grc' dir='ltr'>καὶ</span> <span class='ocrx_word' id='word_1_663' title='bbox 3097 4539 3264 4590; x_wconf 80' lang='grc' dir='ltr'>ταῦτα</span> <span class='ocrx_word' id='word_1_664' title='bbox 3321 4534 3550 4607; x_wconf 74' lang='grc' dir='ltr'>εἰδότες,</span> <span class='ocrx_word' id='word_1_665' title='bbox 3599 4539 3676 4600; x_wconf 85' lang='grc' dir='ltr'>ὡς</span> <span class='ocrx_word' id='word_1_666' title='bbox 3740 4519 3866 4605; x_wconf 82' lang='grc' dir='ltr'>τοῖς</span> 
     </span>
    </p>
   </div>
   <div class='ocr_carea' id='block_1_105' title="bbox 2209 4615 3863 4702">
    <p class='ocr_par' dir='ltr' id='par_1_105' title="bbox 2209 4615 3863 4702">
     <span class='ocr_line' id='line_1_105' title="bbox 2209 4615 3863 4702; baseline 0.01 -35"><span class='ocrx_word' id='word_1_667' title='bbox 2209 4620 2507 4688; x_wconf 86' lang='grc' dir='ltr'>νεωτεριεῖν</span> <span class='ocrx_word' id='word_1_668' title='bbox 2565 4615 2610 4652; x_wconf 75' lang='grc'>³⁷</span> <span class='ocrx_word' id='word_1_669' title='bbox 2687 4618 3050 4694; x_wconf 74' lang='grc' dir='ltr'>ἀνῃρημένοις</span> <span class='ocrx_word' id='word_1_670' title='bbox 3108 4625 3197 4677; x_wconf 83' lang='grc' dir='ltr'>καὶ</span> <span class='ocrx_word' id='word_1_671' title='bbox 3282 4625 3577 4682; x_wconf 79' lang='grc' dir='ltr'>ἀντίπαλον</span> <span class='ocrx_word' id='word_1_672' title='bbox 3657 4626 3708 4702; x_wconf 71' lang='grc' dir='ltr'>ἐξ</span> <span class='ocrx_word' id='word_1_673' title='bbox 3765 4629 3863 4684; x_wconf 81' lang='grc' dir='ltr'>αὐο</span> 
     </span>
    </p>
   </div>
   <div class='ocr_carea' id='block_1_106' title="bbox 2136 4689 3862 4793">
    <p class='ocr_par' dir='ltr' id='par_1_106' title="bbox 2136 4689 3862 4793">
     <span class='ocr_line' id='line_1_106' title="bbox 2136 4689 3862 4793; baseline 0.013 -42"><span class='ocrx_word' id='word_1_674' title='bbox 2136 4689 2178 4752; x_wconf 84' lang='grc' dir='ltr'>Ι)</span> <span class='ocrx_word' id='word_1_675' title='bbox 2211 4700 2623 4793; x_wconf 24' lang='grc' dir='ltr'>θαδείαςῌαῗρειν</span> <span class='ocrx_word' id='word_1_676' title='bbox 2673 4713 2834 4782; x_wconf 84' lang='grc' dir='ltr'>χεῖρα</span> <span class='ocrx_word' id='word_1_677' title='bbox 2890 4709 3179 4782; x_wconf 85' lang='grc' dir='ltr'>Ῥωμαίων</span> <span class='ocrx_word' id='word_1_678' title='bbox 3237 4714 3424 4778; x_wconf 85' lang='grc' dir='ltr'>αὐτοῖς</span> <span class='ocrx_word' id='word_1_679' title='bbox 3483 4689 3862 4793; x_wconf 79' lang='grc' dir='ltr'>αὐτοκράτορ-</span> 
     </span>
    </p>
   </div>
   <div class='ocr_carea' id='block_1_107' title="bbox 2214 4790 3867 4883">
    <p class='ocr_par' dir='ltr' id='par_1_107' title="bbox 2214 4790 3867 4883">
     <span class='ocr_line' id='line_1_107' title="bbox 2214 4790 3867 4883; baseline 0.01 -37"><span class='ocrx_word' id='word_1_680' title='bbox 2214 4813 2318 4864; x_wconf 87' lang='grc' dir='ltr'>σιν,</span> <span class='ocrx_word' id='word_1_681' title='bbox 2353 4790 2584 4867; x_wconf 85' lang='grc' dir='ltr'>οὐδεμία</span> <span class='ocrx_word' id='word_1_682' title='bbox 2621 4817 2704 4859; x_wconf 85' lang='grc' dir='ltr'>τις</span> <span class='ocrx_word' id='word_1_683' title='bbox 2763 4797 2837 4859; x_wconf 77' lang='grc' dir='ltr'>εἷς</span> <span class='ocrx_word' id='word_1_684' title='bbox 2895 4801 3216 4875; x_wconf 83' lang='grc' dir='ltr'>παραίτησιν</span> <span class='ocrx_word' id='word_1_685' title='bbox 3277 4790 3669 4862; x_wconf 80' lang='grc' dir='ltr'>ὑπολέλειπται</span> <span class='ocrx_word' id='word_1_686' title='bbox 3722 4790 3867 4883; x_wconf 83' lang='grc' dir='ltr'>πρό-</span> 
     </span>
    </p>
   </div>
   <div class='ocr_carea' id='block_1_108' title="bbox 2215 4885 3864 4972">
    <p class='ocr_par' dir='ltr' id='par_1_108' title="bbox 2215 4885 3864 4972">
     <span class='ocr_line' id='line_1_108' title="bbox 2215 4885 3864 4972; baseline 0.012 -37"><span class='ocrx_word' id='word_1_687' title='bbox 2215 4903 2396 4972; x_wconf 78' lang='grc' dir='ltr'>φασις,</span> <span class='ocrx_word' id='word_1_688' title='bbox 2429 4885 2659 4954; x_wconf 85' lang='grc' dir='ltr'>ὁπηνίκα</span> <span class='ocrx_word' id='word_1_689' title='bbox 2688 4892 2802 4948; x_wconf 83' lang='grc' dir='ltr'>τοῖς</span> <span class='ocrx_word' id='word_1_690' title='bbox 2861 4887 3061 4954; x_wconf 81' lang='grc' dir='ltr'>ὅπλοις</span> <span class='ocrx_word' id='word_1_691' title='bbox 3108 4897 3620 4970; x_wconf 83' lang='grc' dir='ltr'>καταγωνισθέντες,</span> <span class='ocrx_word' id='word_1_692' title='bbox 3647 4900 3733 4968; x_wconf 85' lang='grc' dir='ltr'>[Ρ.</span> <span class='ocrx_word' id='word_1_693' title='bbox 3765 4901 3864 4972; x_wconf 83' lang='grc'>’71]</span> 
     </span>
    </p>
   </div>
   <div class='ocr_carea' id='block_1_109' title="bbox 2217 4969 3864 5065">
    <p class='ocr_par' dir='ltr' id='par_1_109' title="bbox 2217 4969 3864 5065">
     <span class='ocr_line' id='line_1_109' title="bbox 2217 4969 3864 5065; baseline 0.01 -40"><span class='ocrx_word' id='word_1_694' title='bbox 2217 4969 2428 5026; x_wconf 80' lang='grc' dir='ltr'>ἔκδοτοι</span> <span class='ocrx_word' id='word_1_695' title='bbox 2459 4979 2578 5035; x_wconf 85' lang='grc' dir='ltr'>ταῖς</span> <span class='ocrx_word' id='word_1_696' title='bbox 2609 4976 2993 5046; x_wconf 88' lang='grc' dir='ltr'>ποινηλασίαις</span> <span class='ocrx_word' id='word_1_697' title='bbox 3054 4969 3373 5060; x_wconf 81' lang='grc' dir='ltr'>ὑπάγονται.</span> <span class='ocrx_word' id='word_1_698' title='bbox 3415 4989 3604 5057; x_wconf 78' lang='grc' dir='ltr'>Ἡμεῖς</span> <span class='ocrx_word' id='word_1_699' title='bbox 3635 4969 3864 5065; x_wconf 51' lang='grc' dir='ltr'>τοιγαρί</span> 
     </span>
    </p>
   </div>
   <div class='ocr_carea' id='block_1_110' title="bbox 2219 5061 3862 5149">
    <p class='ocr_par' dir='ltr' id='par_1_110' title="bbox 2219 5061 3862 5149">
     <span class='ocr_line' id='line_1_110' title="bbox 2219 5061 3862 5149; baseline 0.011 -33"><span class='ocrx_word' id='word_1_700' title='bbox 2219 5066 2309 5116; x_wconf 78' lang='grc' dir='ltr'>οὖν</span> <span class='ocrx_word' id='word_1_701' title='bbox 2343 5061 2597 5140; x_wconf 82' lang='grc' dir='ltr'>ἐμφυλίῳ</span> <span class='ocrx_word' id='word_1_702' title='bbox 2656 5064 2846 5140; x_wconf 81' lang='grc' dir='ltr'>αἳματι</span> <span class='ocrx_word' id='word_1_703' title='bbox 2907 5074 3092 5140; x_wconf 79' lang='grc' dir='ltr'>μιᾶναι</span> <span class='ocrx_word' id='word_1_704' title='bbox 3141 5073 3239 5140; x_wconf 76' lang='grc' dir='ltr'>τὴν</span> <span class='ocrx_word' id='word_1_705' title='bbox 3295 5081 3398 5149; x_wconf 77' lang='grc' dir='ltr'>γῆν</span> <span class='ocrx_word' id='word_1_706' title='bbox 3459 5061 3862 5149; x_wconf 39' lang='grc' dir='ltr'>εὐλαϐούμ-εθα.</span> 
     </span>
    </p>
   </div>
   <div class='ocr_carea' id='block_1_111' title="bbox 2217 5151 3865 5239">
    <p class='ocr_par' dir='ltr' id='par_1_111' title="bbox 2217 5151 3865 5239">
     <span class='ocr_line' id='line_1_111' title="bbox 2217 5151 3865 5239; baseline 0.012 -36"><span class='ocrx_word' id='word_1_707' title='bbox 2217 5151 2284 5209; x_wconf 78' lang='grc' dir='ltr'>Εἰ</span> <span class='ocrx_word' id='word_1_708' title='bbox 2305 5153 2404 5226; x_wconf 69' lang='grc' dir='ltr'>γὰρ</span> <span class='ocrx_word' id='word_1_709' title='bbox 2439 5152 2804 5228; x_wconf 82' lang='grc' dir='ltr'>βουληθῶμεν</span> <span class='ocrx_word' id='word_1_710' title='bbox 2836 5162 2951 5217; x_wconf 85' lang='grc' dir='ltr'>τοῖς</span> <span class='ocrx_word' id='word_1_711' title='bbox 2983 5157 3179 5222; x_wconf 76' lang='grc' dir='ltr'>ὅπλοις</span> <span class='ocrx_word' id='word_1_712' title='bbox 3209 5161 3335 5224; x_wconf 81' lang='grc' dir='ltr'>τοὺς</span> <span class='ocrx_word' id='word_1_713' title='bbox 3364 5163 3669 5229; x_wconf 82' lang='grc' dir='ltr'>ἀποστάτας</span> <span class='ocrx_word' id='word_1_714' title='bbox 3718 5169 3865 5239; x_wconf 89' lang='grc' dir='ltr'>ἀμύ-</span> 
     </span>
    </p>
   </div>
   <div class='ocr_carea' id='block_1_112' title="bbox 2219 5239 3868 5334">
    <p class='ocr_par' dir='ltr' id='par_1_112' title="bbox 2219 5239 3868 5334">
     <span class='ocr_line' id='line_1_112' title="bbox 2219 5239 3868 5334; baseline 0.011 -40"><span class='ocrx_word' id='word_1_715' title='bbox 2219 5253 2420 5310; x_wconf 86' lang='grc' dir='ltr'>νεσθαι,</span> <span class='ocrx_word' id='word_1_716' title='bbox 2455 5241 2553 5296; x_wconf 87' lang='grc' dir='ltr'>οὐκ</span> <span class='ocrx_word' id='word_1_717' title='bbox 2582 5239 2642 5296; x_wconf 80' lang='grc' dir='ltr'>άν</span> <span class='ocrx_word' id='word_1_718' title='bbox 2677 5245 2971 5320; x_wconf 82' lang='grc' dir='ltr'>φθάνοιμεν</span> <span class='ocrx_word' id='word_1_719' title='bbox 3008 5246 3124 5323; x_wconf 73' lang='grc' dir='ltr'>(σὺν</span> <span class='ocrx_word' id='word_1_720' title='bbox 3175 5256 3292 5324; x_wconf 87' lang='grc' dir='ltr'>Θεῷ</span> <span class='ocrx_word' id='word_1_721' title='bbox 3348 5249 3403 5308; x_wconf 66' lang='grc' dir='ltr'>δὲ</span> <span class='ocrx_word' id='word_1_722' title='bbox 3461 5253 3742 5334; x_wconf 70' lang='grc' dir='ltr'>εἷρησθω),</span> <span class='ocrx_word' id='word_1_723' title='bbox 3776 5256 3868 5311; x_wconf 72' lang='grc' dir='ltr'>οἶ-</span> 
     </span>
    </p>
   </div>
   <div class='ocr_carea' id='block_1_113' title="bbox 2219 5332 3865 5419">
    <p class='ocr_par' dir='ltr' id='par_1_113' title="bbox 2219 5332 3865 5419">
     <span class='ocr_line' id='line_1_113' title="bbox 2219 5332 3865 5419; baseline 0.012 -35"><span class='ocrx_word' id='word_1_724' title='bbox 2219 5336 2396 5419; x_wconf 89' lang='grc' dir='ltr'>κτρῶς</span> <span class='ocrx_word' id='word_1_725' title='bbox 2425 5332 2620 5396; x_wconf 79' lang='grc' dir='ltr'>αὐτοὺς</span> <span class='ocrx_word' id='word_1_726' title='bbox 2649 5334 3076 5402; x_wconf 82' lang='grc' dir='ltr'>κατακαίνοντες.</span> <span class='ocrx_word' id='word_1_727' title='bbox 3112 5339 3205 5404; x_wconf 88' lang='grc' dir='ltr'>Τίς</span> <span class='ocrx_word' id='word_1_728' title='bbox 3230 5341 3331 5416; x_wconf 76' lang='grc' dir='ltr'>γὰρ</span> <span class='ocrx_word' id='word_1_729' title='bbox 3363 5343 3663 5419; x_wconf 79' lang='grc' dir='ltr'>ἀτέραμνος</span> <span class='ocrx_word' id='word_1_730' title='bbox 3701 5332 3865 5402; x_wconf 13' lang='grc' dir='ltr'>ήοῦτω</span> 
     </span>
    </p>
   </div>
   <div class='ocr_carea' id='block_1_114' title="bbox 2218 5418 3867 5513">
    <p class='ocr_par' dir='ltr' id='par_1_114' title="bbox 2218 5418 3867 5513">
     <span class='ocr_line' id='line_1_114' title="bbox 2218 5418 3867 5513; baseline 0.012 -39"><span class='ocrx_word' id='word_1_731' title='bbox 2218 5418 2568 5492; x_wconf 85' lang='grc' dir='ltr'>καθέστηκεν,</span> <span class='ocrx_word' id='word_1_732' title='bbox 2603 5423 2676 5484; x_wconf 86' lang='grc' dir='ltr'>ὡς</span> <span class='ocrx_word' id='word_1_733' title='bbox 2705 5423 3002 5495; x_wconf 82' lang='grc' dir='ltr'>ὑποστῆναι</span> <span class='ocrx_word' id='word_1_734' title='bbox 3042 5429 3140 5497; x_wconf 75' lang='grc' dir='ltr'>τήν</span> <span class='ocrx_word' id='word_1_735' title='bbox 3201 5430 3379 5504; x_wconf 83' lang='grc' dir='ltr'>ῥοπὴν</span> <span class='ocrx_word' id='word_1_736' title='bbox 3433 5418 3531 5489; x_wconf 78' lang='grc' dir='ltr'>τοῦ</span> <span class='ocrx_word' id='word_1_737' title='bbox 3591 5434 3867 5513; x_wconf 69' lang='grc' dir='ltr'>ἡμετέρου</span> 
     </span>
    </p>
   </div>
   <div class='ocr_carea' id='block_1_115' title="bbox 1668 5542 2653 5605">
    <p class='ocr_par' dir='ltr' id='par_1_115' title="bbox 1668 5542 2653 5605">
     <span class='ocr_line' id='line_1_115' title="bbox 1668 5542 2653 5605; baseline 0.004 -8"><span class='ocrx_word' id='word_1_738' title='bbox 1668 5542 1729 5598; x_wconf 90' lang='lat' dir='ltr'>C.</span> <span class='ocrx_word' id='word_1_739' title='bbox 1763 5543 1824 5598; x_wconf 89' lang='lat' dir='ltr'>B.</span> <span class='ocrx_word' id='word_1_740' title='bbox 1879 5544 2065 5600; x_wconf 78' lang='lat' dir='ltr'><strong>HASII</strong></span> <span class='ocrx_word' id='word_1_741' title='bbox 2095 5549 2653 5605; x_wconf 76' lang='lat' dir='ltr'>ANNOTATIONES.</span> 
     </span>
    </p>
   </div>
   <div class='ocr_carea' id='block_1_116' title="bbox 525 5641 2092 5734">
    <p class='ocr_par' dir='ltr' id='par_1_116' title="bbox 525 5641 2092 5734">
     <span class='ocr_line' id='line_1_116' title="bbox 525 5641 2092 5734; baseline 0.001 -36"><span class='ocrx_word' id='word_1_742' title='bbox 525 5645 918 5734; x_wconf 52' lang='lat' dir='ltr'>“nvewttptﬁv.</span> <span class='ocrx_word' id='word_1_743' title='bbox 954 5641 1206 5700; x_wconf 85' lang='lat' dir='ltr'>Videtur</span> <span class='ocrx_word' id='word_1_744' title='bbox 1235 5642 1296 5698; x_wconf 87' lang='lat' dir='ltr'>id</span> <span class='ocrx_word' id='word_1_745' title='bbox 1337 5657 1468 5698; x_wconf 89' lang='lat' dir='ltr'>esse</span> <span class='ocrx_word' id='word_1_746' title='bbox 1525 5641 1684 5714; x_wconf 86' lang='lat' dir='ltr'>apud</span> <span class='ocrx_word' id='word_1_747' title='bbox 1737 5643 1993 5699; x_wconf 88' lang='lat' dir='ltr'>Leonem</span> <span class='ocrx_word' id='word_1_748' title='bbox 2048 5644 2092 5700; x_wconf 76' lang='lat' dir='ltr'>ir</span> 
     </span>
    </p>
   </div>
   <div class='ocr_carea' id='block_1_117' title="bbox 2202 5641 3863 5734">
    <p class='ocr_par' dir='ltr' id='par_1_117' title="bbox 2205 5647 3863 5734">
     <span class='ocr_line' id='line_1_117' title="bbox 2205 5647 3863 5734; baseline 0.013 -32"><span class='ocrx_word' id='word_1_749' title='bbox 2205 5647 2380 5704; x_wconf 88' lang='lat' dir='ltr'>itivus</span> <span class='ocrx_word' id='word_1_750' title='bbox 2433 5649 2748 5720; x_wconf 71' lang='lat' dir='ltr'>prmsentia</span> <span class='ocrx_word' id='word_1_751' title='bbox 2809 5650 3123 5723; x_wconf 81' lang='lat' dir='ltr'>cujusdam</span> <span class='ocrx_word' id='word_1_752' title='bbox 3179 5658 3478 5732; x_wconf 82' lang='grc' dir='ltr'>νεωτεριέω</span> <span class='ocrx_word' id='word_1_753' title='bbox 3532 5663 3679 5734; x_wconf 89' lang='lat' dir='ltr'>(sic).</span> <span class='ocrx_word' id='word_1_754' title='bbox 3733 5666 3863 5723; x_wconf 88' lang='lat' dir='ltr'>Vid.</span> 
     </span>
    </p>
   </div>
   <div class='ocr_carea' id='block_1_118' title="bbox 450 5719 626 5780">
    <p class='ocr_par' dir='ltr' id='par_1_118' title="bbox 450 5719 626 5780">
     <span class='ocr_line' id='line_1_118' title="bbox 450 5719 626 5780; baseline 0.017 -3"><span class='ocrx_word' id='word_1_755' title='bbox 450 5722 540 5777; x_wconf 88' lang='lat'>87.</span> <span class='ocrx_word' id='word_1_756' title='bbox 564 5719 626 5780; x_wconf 86' lang='lat' dir='ltr'>C.</span> 
     </span>
    </p>
   </div>
  </div>
