4108 6198
375 335 496 395 829

378 465 688 537 ταξιάρχων
773 463 863 517 καὶ

378 553 603 614 Τούτοις
660 550 1113 626 ἐγκελευσάμενος
1189 550 1486 622 δεξιοῦσθαι
1560 550 1687 613 τοὺς
1747 572 2031 626 γνωσιμα-

377 648 632 717 χοῦντας,
690 642 780 696 καὶ
834 642 1155 705 ἀθετοῦντας
1209 643 1309 710 τήν
1360 641 1457 695 τοῦ
1517 642 1779 713 τυράννου
1837 640 2032 703 αὐθεν-

372 732 517 800 τίαν,
557 731 649 786 καὶ
678 731 815 804 πρὸς
845 732 945 799 τὴν
1005 735 1101 785 τοῦ
1146 729 1417 805 βασιλέως
1473 729 1867 790 ἀποκλίνοντας
1903 726 2031 783 δού-

286 870 291 877 .
377 823 578 878 λωσιν.
613 822 674 877 Ὀ
732 819 789 874 δὲ
847 818 1228 894 στρατηλάτης
1290 818 1564 894 Σκληρὸς,
1608 820 1699 873 τὸν
1752 819 2030 892 Βόσπορον

375 910 701 986 περαιωθεὶς
756 909 845 963 καὶ
905 907 1253 984 κατειληφὼς
1310 909 1372 963 τὸ
1431 907 1752 981 Δορύλαιον,
1813 906 2035 969 ἐνταῦθα

373 1000 468 1055 τὸν
525 1000 748 1073 στρατὸν
820 998 1159 1066 ἀνεκαλεῖτο,
1213 998 1301 1051 καὶ
1356 997 1407 1059 ἐς
1470 996 1717 1073 φάλαγγα
1782 997 2032 1066 καθίστη,

375 1090 464 1145 καὶ
523 1094 641 1150 ταῖς
700 1089 820 1150 καθ’
877 1086 1084 1161 ἡμέραν
1152 1087 1403 1159 μελέταις
1461 1086 1776 1160 ἐγύμναζεν
1810 1083 1919 1155 ἢδη
1979 1083 2036 1139 δὲ

372 1179 463 1234 κάὶ
516 1179 847 1253 ἀποχρῶσαν
910 1179 1052 1251 ὁρῶν
1109 1178 1208 1245 τήν
1258 1176 1708 1250 ἐπισυναχθεῖσαν
1756 1176 2032 1250 στρατιὰν,

374 1270 448 1330 ὡς
501 1269 638 1323 εἶναι
696 1269 886 1336 ἱκανὴν
958 1269 1001 1304 ⁴¹
1060 1266 1110 1338 ἐξ
1172 1265 1470 1321 ἀντιπάλου
1549 1265 1863 1340 παρατυχὸν
1921 1270 2036 1326 τοῖς

372 1357 637 1416 ἐναντίοις
698 1355 1128 1428 συμπλέκεσθαι,
1175 1361 1257 1427 τῷ
1312 1357 1471 1411 Δουκὶ
1530 1352 1713 1429 Βάρδᾳ
1769 1354 1858 1409 καὶ
1907 1376 2035 1429 συγ-

1708 330 2102 394 ΗΙΞἸὉΒῙᾸΞ
2145 331 2292 391 LIB.
2339 330 2474 392 γη.

952 466 1269 537 στρατηγῶν
1328 460 1418 516 καὶ
1496 462 1798 537 πατρικίων
1852 462 2021 534 τιμαί

2147 468 2329 530 verat,
2391 464 2513 534 qui,
2574 465 2922 535 pmnitentia
2964 464 3146 530 ducti,
3208 470 3525 537 spretoque
3555 466 3797 537 tyranni

3678 333 3796 393 830

2142 550 2469 619 dominatu,
2505 553 2566 607 in
2601 554 2977 625 imperatoris
3010 556 3188 610 ﬁdem
3222 572 3284 610 se
3315 554 3677 610 conferrent.
3706 554 3794 608 lta

2145 640 2379 695 Sclerus
2410 642 2703 713 Magister,
2736 660 2869 697 cum
2905 644 3251 699 transmisso
3314 645 3571 715 Bosporo
3617 644 3793 714 Dory-

2143 728 2319 784 laaum
2340 731 2728 800 pervenisset,
2762 749 2829 793 eo
2863 733 3060 804 copias
3107 738 3327 799 evocat,
3361 733 3422 786 in
3480 748 3788 802 unumque

2143 825 2478 875 contractas
2535 822 2901 891 quotidianis
2958 822 3477 878 exercitationibus
3549 821 3789 893 subigit.

2146 910 2470 977 Postremo,
2500 910 2600 964 ubi
2633 910 2797 975 vidit,
2844 911 3119 966 idoneam
3176 912 3333 966 circa
3362 927 3424 965 se
3477 910 3787 965 collectam

2143 1014 2410 1065 manum,
2444 1016 2575 1068 qum
2603 999 2733 1070 jam
2765 1005 2984 1071 posset,
3012 1002 3322 1055 occasione
3354 1000 3577 1067 oblata,
3623 999 3791 1070 signa

2144 1105 2279 1143 cum
2303 1089 2656 1144 adversariis
2681 1090 2974 1157 conferre,
3007 1091 3159 1146 118
3182 1091 3381 1146 Bardaa
3414 1090 3571 1155 duci,
3622 1089 3788 1143 afﬁni

2146 1196 2253 1233 suo
2283 1180 2522 1250 (quippe
2555 1197 2819 1236 sororem
2878 1182 3087 1236 Phocaa
3143 1182 3567 1236 Constantinus
3598 1180 3790 1234 Patri-

2145 1268 2291 1333 cius,
2326 1268 2505 1322 Scleri
2539 1267 2739 1336 frater,
2771 1269 2833 1324 in
2865 1270 3313 1324 matrimonium
3344 1270 3633 1339 duxerat),
3660 1269 3786 1324 ιιωο

2143 1357 2439 1427 signiﬁcat
2460 1375 2474 1412 :

371 1444 610 1521 κηδεστῇ
657 1444 922 1523 (ἀδελφήν
972 1446 1075 1521 γὰρ
1131 1449 1227 1501 τοῦ
1264 1450 1419 1500 Φυκᾶ
1477 1449 1880 1506 Κωνσταντῖνος
1936 1444 2245 1519 Πατρίκιος,
2304 1446 2332 1500 6
2386 1450 2484 1501 τοῦ
2538 1447 2795 1522 Σκληροῦ
2846 1449 3129 1521 σύναιμος,
3178 1447 3406 1521 σύζυγον
3456 1448 3590 1521 εἶχε)
3619 1445 3787 1517 δηλοῖ

370 1540 560 1591 ταῦτα’

444 1650 504 1706 δ’.
559 1675 586 1703 ‹‹
644 1650 997 1727 Ἑπισιραλῶς
1049 1646 1364 1705 ἐϐουλεύσω
1420 1650 1510 1704 καὶ
1572 1648 1697 1704 λίαν
1749 1646 2024 1703 ἐπικινδύ-

372 1762 501 1809 νως,
540 1737 771 1810 ἀναίδην
829 1741 967 1794 κατᾶ
1018 1743 1125 1793 τῶν
1183 1739 1525 1815 κρατούντων
1588 1735 2028 1811 ἀπαυθαδισάμε-

367 1851 484 1900 νος,
543 1831 633 1885 καὶ
685 1832 785 1899 τὴν
864 1829 1116 1905 ὀλέθριον
1196 1828 1504 1901 μελετήσας
1561 1824 1873 1903 τυραννίδα,
1934 1829 2021 1882 καὶ

372 1919 520 1974 ὅπλα
573 1920 710 1974 κατὰ
769 1923 877 1973 τῶν
941 1917 1237 1994 ὁμοφύλων
1300 1918 1589 1993 ἀράμενος,
1621 1918 1711 1971 καὶ
1760 1914 2026 1985 καταμιά-

369 2030 461 2073 νας
517 2010 677 2081 ἰερῶν
739 2006 904 2062 οἷ’κων
961 2005 1057 2079 ἕδη
1122 2013 1241 2069 ταῖς
1298 2012 1404 2061 τῶν
1464 2004 1800 2061 ἀπαιδεύτων
1853 2028 2024 2060 συνω-

374 2103 553 2170 μοτῶν
612 2103 943 2171 προνομαῖς.
1005 2097 1102 2160 Εἷς
1154 2097 1303 2151 κενὸν
1373 2099 1683 2166 ἡπατήθης,
1746 2097 2022 2170 Πατρίκιε,

366 2188 563 2244 λέοντα
607 2189 815 2243 νύσσων
866 2190 1243 2260 κοιμώμενον9
1292 2189 1384 2241 τὸν
1436 2188 1707 2258 ἀήττητον
1760 2187 2022 2260 αὐτοκρά-

361 2299 517 2353 τορα.
573 2277 742 2341 Οἶδας
802 2278 927 2353 γάρ,
988 2278 1061 2338 ὡς
1120 2276 1171 2330 ἐν
1226 2282 1343 2337 ταῖς
1393 2278 1594 2351 μάχαις
1629 2275 1903 2348 ἐπιφανεὶς
1931 2276 2023 2328 οὗ·

365 2387 481 2437 τος,
541 2366 949 2441 πολυάνθρωπα
1007 2365 1346 2438 στρατόπεδα
1402 2365 1462 2421 ἐκ
1523 2373 1623 2434 τῆς
1682 2368 1876 2437 φήμης
1932 2364 2020 2418 καὶ

373 2456 543 2530 μόνης
620 2456 900 2531 ἐτρέψατο.
966 2461 1090 2518 Πῶς
1152 2455 1267 2527 οὖν,
1346 2452 1755 2532 διεφθαρμένων
1809 2451 2017 2525 ἀνδρῶν

366 2542 727 2618 συμϐουλίαις
786 2545 1150 2614 ἀναπεισθείς,
1210 2544 1287 2607 εἷς
1346 2549 1595 2598 τοιοῦτον
1655 2541 1877 2606 ὄλισθον
1937 2542 2019 2595 ἐν·

366 2634 605 2699 σὲσεικας
635 2635 894 2702 σεαυτόν;
952 2632 1129 2699 Ἀλλ’,
1192 2633 1237 2688 εἰ
1297 2631 1468 2701 δοκεῖ,
1511 2631 1763 2703 πείσθητί
1798 2652 1914 2703 μοι,
1943 2630 2018 2693 ὡς

366 2724 735 2802 συγκηδεστῇ,
793 2725 882 2781 καὶ
942 2726 1213 2801 φιλούντι,
1272 2726 1359 2781 καὶ
1419 2726 1487 2780 τὰ
1549 2723 1732 2797 λῴονα
1776 2718 2016 2796 συμϐου-

366 2814 602 2871 λεύοντι’
662 2815 752 2870 καὶ
812 2815 1035 2869 ἀπώθου
1092 2816 1192 2882 τήν
1248 2815 1510 2884 κακίστην
1570 2811 1878 2883 τυραννίδα,
1927 2810 2015 2866 καὶ

361 2911 460 2973 τῆς
492 2904 768 2979 σωτηρίας
823 2898 1138 2969 ἀντιλαϐοὖ,
1200 2902 1530 2978 συγγνώμην
1562 2906 1660 2956 τοῦ
1701 2902 2017 2978 σφάλματος

360 2996 727 3067 αἰτησάμενος
785 2993 911 3066 (ἐγὼ
988 2990 1043 3046 δὲ
1130 2991 1289 3054 αὐτὸς
1350 2991 1659 3067 ἐγγυῶμαι,
1728 2989 1896 3063 μηδὲν
1960 3012 2016 3045 σε

359 3084 634 3148 πείσεσθαι
692 3087 800 3137 τῶν
859 3080 1065 3153 ἀηδῶν,
1123 3079 1246 3135 οὔτε
1324 3081 1460 3155 πρὸς
1509 3084 1606 3135 τοῦ
1661 3085 2012 3156 κρατοῦντος,

358 3174 480 3228 οὕτε
511 3173 647 3248 πρὸς
686 3171 861 3227 ἄλλου
892 3173 1063 3238 τινὸς,
1097 3169 1242 3225 ἁλλά
1292 3170 1382 3224 καὶ
1439 3174 1517 3241 τῷ
1548 3167 1896 3241 συνεπομὲνῳ
1930 3189 2013 3222 σοι

2208 1654 2260 1707 4.
2295 1675 2323 1702 ‹‹
2357 1653 2683 1708 Consilium
2713 1654 2900 1709 iniisti
2953 1655 3335 1709 temerarium
3368 1659 3427 1709 et
3475 1654 3789 1724 insigniter

2136 1742 2826 1813 periculosum,quando,
2850 1744 3229 1815 impudenter
3254 1745 3315 1798 in
3348 1744 3623 1799 dominos
3645 1761 3786 1799 con-

2136 1834 2358 1888 tumax.
2390 1830 2796 1885 calamitosam
2830 1832 3216 1886 rebellionem
3239 1830 3581 1892 meditatus.
3606 1832 3785 1885 motis

2134 1918 2445 1973 adversum
2478 1920 2631 1974 cives
2664 1921 2842 1974 armis
2904 1936 3206 1975 sacrarum
3260 1920 3477 1974 mdium
3536 1920 3784 1975 delubra

2135 2008 2486 2062 immanium
2536 2009 2977 2080 conjuratorum
3011 2009 3447 2080 direptionibus
3494 2010 3781 2063 contami-

2134 2098 2309 2152 nasti.
2359 2097 2527 2152 Falsa
2585 2115 2686 2168 spe
2745 2099 3047 2160 inductus,
3098 2098 3591 2161 Patrici,leonem
3647 2097 3779 2151 dor-

2134 2188 2439 2251 mientem,
2496 2189 2776 2244 invictum
2839 2190 3190 2260 principem,
3249 2189 3517 2247 irritasti.
3552 2190 3676 2243 Non
3717 2204 3779 2243 es

2130 2277 2389 2339 nescius,
2425 2276 2594 2330 illum
2627 2277 2685 2330 in
2720 2278 2941 2347 praeliis
2970 2283 3353 2347 apparentem
3377 2277 3778 2348 amplissimos

2134 2367 2425 2420 exercitus
2458 2366 2545 2420 vel
2578 2366 2703 2420 sola
2734 2366 2890 2421 fama
2921 2366 2980 2420 in
3012 2366 3208 2438 fugam
3255 2367 3633 2421 convertisse.
3668 2367 3776 2430 Qui

2131 2454 2312 2525 igitur
2344 2454 2428 2521 ﬁt,
2462 2461 2545 2521 ut,
2593 2453 2959 2525 perditorum
3015 2455 3325 2509 hominum
3375 2455 3642 2509 consiliis
3674 2454 3775 2508 ob-

2130 2549 2495 2613 temperans,
2526 2543 2586 2596 in
2617 2543 2909 2614 ejusmodi
2943 2544 3187 2614 laqueos
3218 2552 3273 2599 te
3306 2546 3431 2615 ipse
3461 2543 3727 2598 indueris
3748 2545 3775 2596 ?

2129 2631 2263 2701 Sed,
2299 2632 2346 2685 si
2378 2632 2628 2698 videtur,
2664 2633 2807 2687 mihi
2839 2632 3034 2698 crede,
3069 2640 3134 2687 ut
3162 2632 3350 2702 affini,
3374 2640 3440 2687 ut
3468 2634 3680 2697 amico,
3713 2637 3779 2685 ut

2130 2737 2199 2776 ea
2227 2720 2522 2789 suadenti,
2557 2738 2688 2793 qua)
2722 2722 2825 2776 tibi
2876 2723 3133 2777 maxime
3183 2723 3521 2777 conducant
3549 2738 3561 2775 :
3594 2722 3776 2793 rejice

2129 2826 2163 2864 a
2195 2815 2251 2863 te
2283 2810 2435 2865 hanc
2469 2810 2757 2865 nefariam
2790 2809 3200 2873 rebellionem.
3227 2827 3467 2882 capesse
3500 2810 3773 2875 salutem,

2128 2899 2331 2954 delicti
2361 2901 2532 2955 venia
2562 2901 2818 2972 expetita
2848 2902 2975 2973 (ego
3017 2902 3127 2956 hoc
3181 2902 3285 2955 tibi
3340 2901 3626 2971 spondeo,
3659 2916 3777 2954 non

2130 2988 2321 3043 solum
2363 2989 2513 3043 nihil
2546 2995 2600 3043 te
2658 2989 2769 3043 diri
2830 3006 3169 3060 passurum,
3227 3006 3421 3060 neque
3469 3006 3503 3044 a
3534 2988 3777 3043 domino

2128 3084 2356 3144 nostro,
2397 3094 2591 3148 neque
2623 3078 2694 3133 ab
2727 3079 2844 3133 alio
2873 3096 3193 3149 quoquam,
3226 3096 3427 3133 verum
3461 3080 3636 3133 etiam
3662 3093 3779 3132 ma-

2133 3168 2259 3233 nui,
2287 3186 2417 3238 quaa
2452 3175 2643 3223 tecum
2677 3169 2773 3234 sit,
2805 3170 3223 3240 impunitatem
3259 3168 3778 3223 inconsiderantiaa

362 3234 866 3340 atipet'dpvncrreia
915 3268 1017 3329 τῆς
1052 3234 1394 3334 ’προπετείας
1446 3234 1776 3332 δοθήσεταιί·
1931 3251 2021 3322 ’73]

2139 3258 2341 3312 datum
2374 3258 2468 3325 iri)
2495 3275 2507 3311 :
2540 3274 2736 3328 neque
2783 3258 2927 3312 velis
2968 3259 3029 3311 in
3062 3264 3117 3312 te
3148 3274 3378 3312 armare
3423 3257 3779 3327 indignatio-

368 3352 459 3406 καὶ
494 3353 572 3424 μή
609 3349 896 3425 βουληθῇς
954 3350 1045 3403 τὸν
1105 3350 1275 3420 θυμὸν
1331 3347 1608 3417 ἐξοπλίσαι
1640 3348 1776 3402 κατὰ
1808 3352 1903 3401 σοῦ
1931 3348 2026 3407 τὸν

373 3439 682 3515 βασιλικὸν,
741 3437 802 3498 δς
873 3436 1243 3512 ἀπαραίτητός
1316 3435 1425 3489 ἐστι
1484 3441 1599 3496 τοῖς
1661 3434 2021 3509 εὐγνωμονεῖν

366 3528 467 3582 οὐκ
524 3527 794 3592 ἐθέλουσι.
853 3531 970 3580 Τῶν
1017 3530 1243 3580 σεαυτοῦ
1302 3524 1497 3580 λοιπὸν
1527 3524 1822 3599 γενόμενος
1856 3524 2023 3597 λογι-

370 3622 522 3689 σμῶν
560 3619 636 3689 μὴ
697 3621 844 3690 προῇ
898 3617 946 3653 ⁴²
1003 3618 1100 3685 τὴν
1162 3615 1399 3689 ἐσχάτην
1451 3612 1706 3691 ἄγκυραν,
1740 3613 1887 3685 ἀλλ’,
1918 3611 2023 3676 ἓως

367 3706 431 3759 τὸ
492 3705 873 3782 φιλάνθρωπον
962 3706 1268 3779 πρόκειται,
1354 3701 1587 3757 ἄσπασαι
1639 3706 1828 3770 τοῦτο,
1890 3702 2021 3776 ὅπερ

376 3793 610 3856 εἷσαῦθις
669 3792 943 3863 ἐπιζητῶν
1004 3793 1112 3867 οὐχ
1166 3793 1437 3866 εὑρήσεις,
1495 3791 1583 3846 καὶ
1638 3788 1823 3845 πολλὰ
1847 3812 2020 3846 κατα-

378 3886 685 3957 θρηνήσεις,
743 3884 935 3938 σαυτὸν
990 3890 1089 3952 τῆς
1150 3877 1414 3944 ἀϐουλίας
1474 3880 1844 3959 μεμφόμενος,
1882 3904 1908 3932 ››
1959 3882 2021 3938 Ὀ

371 3971 428 4026 δὲ
488 3978 687 4034 Φωκᾶς
749 3968 977 4040 Βάρδας,
1034 3973 1134 4038 τήν
1192 3968 1420 4041 δύναμιν
1479 3969 1876 4041 ἀναλεξάμενος
1920 3976 2019 4038 τῆς

368 4069 601 4141 γραφῆς,
662 4056 945 4133 ἀμείϐεται
998 4063 1185 4113 ταῦτα·
1254 4081 1274 4108 ι
1333 4058 1556 4132 Ἀγαθόν
1603 4079 1652 4111 τι
1706 4065 1900 4133 χρῆμα
1929 4059 2018 4113 καὶ

371 4157 514 4214 θεῖον
580 4150 717 4205 εἶναι
772 4151 873 4218 τήν
957 4144 1279 4220 συμϐουλὴν
1341 4147 1714 4219 ἐξεπίσταμαι,
1771 4145 2019 4202 παλαιῶν

371 4235 598 4314 βίϐλους
658 4238 1032 4313 παραναγνοὺς
1091 4238 1179 4292 καὶ
1238 4237 1419 4302 αὐτός’
1482 4236 1689 4311 ἰσχύειν
1724 4235 1781 4291 δὲ
1817 4236 2016 4308 ταύτην

361 4334 658 4399 τηνικαῦτα
738 4327 1053 4403 λογίζομαι,
1118 4326 1355 4397 ὁπηνίκα
1413 4327 1698 4401 θεραπείαν
1754 4327 1823 4381 τὰ
1879 4329 2017 4401 πρά-

365 4440 548 4493 γματα
580 4417 855 4494 δέχονται.
914 4419 1075 4474 Ὀταν
1133 4414 1189 4471 δὲ
1246 4418 1368 4491 περὶ
1426 4416 1559 4472 αύτὰ
1595 4417 1661 4471 τὰ
1689 4418 1872 4492 καίρια
1900 4438 2017 4471 κιν-

361 4504 621 4562 δυνεύωσι
679 4508 769 4562 καὶ
823 4506 898 4567 εἷς
957 4507 1023 4560 τά
1080 4506 1304 4578 πύματα
1362 4503 1510 4560 δεινά
1568 4504 2015 4573 συνελεύνωνται,

2133 3363 2270 3401 nem
2290 3347 2754 3416 imperatoriam,
2786 3347 3214 3401 inexorabilem
3242 3363 3485 3417 prorsus
3508 3345 3648 3407 illis,
3676 3346 3777 3414 qui

2134 3453 2293 3489 sanw
2325 3436 2545 3490 mentis
2569 3453 2698 3491 esse
2729 3436 2960 3491 nolunt.
2996 3437 3139 3492 Redi
3159 3438 3338 3508 igitur
3368 3437 3439 3490 ad
3472 3435 3777 3506 ingenium

2131 3530 2323 3591 tuum,
2355 3525 2477 3580 noli
2510 3526 2809 3581 dimittere
2857 3527 3131 3581 ultimam
3188 3542 3489 3591 ancoram,
3524 3530 3599 3585 et,
3634 3524 3777 3578 dum

2130 3616 2191 3669 in
2228 3621 2505 3687 promptu
2563 3622 2621 3670 et
2678 3617 3105 3686 misericordia,
3164 3618 3526 3689 amplectere
3587 3617 3776 3683 illam,

2130 3721 2306 3775 quem
2338 3706 2581 3776 posthac
2638 3707 2952 3778 requirens
2999 3707 3156 3762 haud
3215 3708 3535 3775 obtinebis,
3599 3713 3776 3777 teque

2130 3792 2324 3863 ipsum
2348 3799 2506 3859 tunc,
2532 3793 2783 3849 multum
2808 3800 3189 3866 conquestus,
3224 3796 3575 3850 temeritatis
3605 3811 3779 3848 accu-

2129 3881 2307 3936 sabis.
2346 3905 2372 3931 ››
2422 3882 2592 3954 cujus
2630 3884 2775 3937 "9
2827 3884 3093 3955 epistola)
3149 3884 3644 3955 significationem
3677 3882 3778 3938 ubi

2128 3971 2351 4026 Phocas
2383 3972 2602 4027 Bardas
2634 3974 2951 4043 perspexit,
2995 3974 3304 4043 respondit
3338 3974 3412 4029 ad
3448 3976 3607 4029 hunc
3647 3989 3779 4027 mo-

2127 4059 2267 4113 dum
2295 4077 2307 4113 :
2348 4085 2366 4107 ι
2399 4060 2728 4115 Consilium
2761 4079 2886 4115 rem
2920 4077 3047 4115 esse
3103 4062 3389 4132 optimam
3420 4070 3597 4132 atque
3629 4061 3777 4116 divi-

2128 4165 2265 4202 nam
2298 4149 2480 4219 probe
2505 4149 2659 4215 novi,
2686 4168 2825 4205 nam
2857 4150 3161 4205 volumina
3182 4150 3252 4205 ab
3285 4153 3548 4222 antiquis
3580 4151 3778 4204 homi-

2125 4238 2302 4292 nibus
2349 4241 2685 4310 conscripta
2732 4240 2859 4311 ipse
2890 4257 3124 4311 quoque
3156 4241 3267 4313 legi
3297 4259 3309 4294 :
3340 4242 3572 4296 tametsi
3626 4239 3775 4294 illud

2127 4328 2367 4398 quidem
2400 4333 2540 4383 tunc
2570 4329 2744 4383 modo
2769 4329 2962 4385 valere
2992 4330 3266 4396 arbitror,
3301 4330 3539 4399 quando
3574 4329 3777 4384 mede-

2125 4417 2241 4473 lam
2292 4435 2387 4472 res
2446 4419 2808 4475 admittunt.
2872 4421 3110 4484 Verum,
3168 4420 3402 4490 quoties
3455 4424 3777 4472 extremum

2124 4508 2457 4579 periculum
2491 4508 2784 4577 imminet,
2817 4514 3023 4578 estque
3045 4508 3263 4578 aliquis
3282 4507 3355 4562 ad
3378 4508 3538 4562 mala
3566 4507 3778 4563 ultima

362 4593 452 4651 ἴσα
481 4598 677 4669 καὶτῷ
712 4594 882 4666 μηδὲν
918 4595 1127 4671 ἰσχύειν
1162 4596 1320 4666 οἶμαι
1361 4598 1461 4665 τὴν
1496 4590 1842 4668 συμϐουλήν.
1876 4598 2015 4673 Ἐγὼ

2134 4598 2465 4669 :ompulsus
2522 4605 2751 4653 tantum
2794 4597 3026 4668 pondus
3079 4598 3297 4651 habere
3347 4596 3602 4652 arbitror
3633 4614 3777 4652 con-

362 4686 467 4761 γὰρ
500 4685 991 4759 ἀναλογιζόμενος,
1053 4684 1128 4746 εἰς
1189 4687 1308 4746 οἲας
1363 4684 1536 4760 τύχας
1595 4687 1622 4740 6
1681 4688 1896 4748 ὰνόσιος
1928 4689 2015 4741 καὶ

362 4774 708 4848 παλαμναῖος
756 4774 1010 4845 Ἰωάννης
1067 4775 1129 4829 τὸ
1186 4775 1319 4847 ἐμὸν
1375 4773 1681 4829 συνέκλεισε
1712 4777 1891 4849 γένος,
1925 4778 2015 4830 τὸν

366 4864 464 4936 μὲν
522 4863 895 4939 αὐτοκράτορα
948 4863 1035 4917 καὶ
1094 4868 1236 4926 θεῖον
1297 4863 1453 4935 ἒμὸν,
1517 4863 1799 4939 εὐεργέτην
1836 4861 1891 4918 δὲ
1922 4864 2014 4918 αύ-

359 4958 478 5023 τοῦ,
536 4955 885 5025 κοιμώμενον
947 4952 1141 5009 λέοντα
1196 4952 1405 5012 κτείνας
1464 4951 1736 5024 ἀνηλεῶς,
1804 4952 1902 5026 ἐμὲ
1960 4951 2017 5008 δὶ

363 5042 537 5117 μάτην
567 5043 907 5119 περιορίσας,
940 5044 1033 5098 τόν
1063 5064 1122 5098 τε
1152 5043 1322 5122 φύντα
1352 5043 1439 5097 καὶ
1470 5044 1562 5097 τὸν
1598 5043 1877 5116 ὁμαίμονα
1907 5033 2017 5115 (55)

429 5198 473 5235 ⁴¹
510 5198 585 5259 ὼς
618 5197 666 5267 ἐξ
701 5198 890 5266 ἱκανὴν
925 5197 973 5268 ἐξ
1007 5198 1136 5254 cod.
1172 5199 1326 5253 Fort.
1362 5198 1547 5273 πρόες.

2130 4689 2349 4752 silium,
2376 4705 2553 4758 quam
2578 4705 2709 4757 qum
2734 4688 3070 4744 minimum.
3100 4688 3214 4759 Ego
3240 4703 3471 4741 mecum
3495 4692 3779 4757 reputans

2127 4779 2200 4832 ad
2233 4794 2378 4848 quas
2401 4778 2669 4831 fortunas
2696 4777 2917 4848 impius
2965 4782 3141 4847 atque
3192 4776 3479 4831 scelestus
3522 4778 3778 4832 Joannes

2130 4885 2323 4923 meam
2356 4867 2643 4922 familiam
2700 4866 3014 4939 redegerit,
3057 4883 3196 4921 eum
3245 4872 3303 4921 et
3332 4866 3778 4937 imperatorem,

2129 4963 2404 5028 patruum
2439 4973 2662 5020 meum,
2694 4956 3131 5012 benefactorem
3156 4973 3351 5023 suum,
3384 4962 3449 5010 ut
3477 4957 3776 5011 dormien-

2130 5052 2248 5101 tem
2276 5046 2511 5100 leonem
2552 5045 2875 5101 crudeliter
2903 5046 3314 5114 obtruncasse,
3346 5052 3405 5101 et
3433 5062 3528 5101 me
3554 5052 3776 5101 temere

1575 5351 1634 5405 C.
1678 5350 1739 5406 Β.
1786 5349 1970 5405 HASII
2010 5351 2566 5408 ANNOTATIONES.

424 5503 535 5573 (55)
571 5503 879 5573 Manifesto
914 5516 1114 5556 errore
1174 5500 1285 5573 Leo
1339 5504 1463 5553 tum
1522 5499 1614 5553 hic
1671 5505 1794 5555 tum
1825 5504 1919 5573 99,
1948 5503 2009 5557 Β.

350 5570 669 5653 confundit
727 5572 964 5653 φύσαντα
1018 5570 1331 5653 etp-5v“,
1386 5587 1637 5651 quorum
1698 5572 1808 5653 hoc
1835 5572 2013 5653 ﬁlium

350 5641 891 5719 significare,'non
946 5641 1182 5715 patrem,
1246 5641 1336 5697 vel
1394 5642 1594 5713 pueris
1654 5641 1860 5701 notum
1901 5651 2008 5700 est.

2124 5504 2437 5576 Euripides
2474 5503 2801 5576 Heraclidis
2833 5507 2933 5576 326
2969 5522 2982 5560 :

2697 5575 2746 5651 ἐξ
2778 5573 2985 5638 ἐσθλῶν
3008 5571 3075 5651 Δδὲ
3106 5573 3207 5651 φὺς

2410 5643 2578 5703 Ούδὶν
2612 5643 2813 5702 κακίων
2844 5643 3133 5721 τυγχάνεις
3162 5646 3335 5721 γεγὼς
3367 5645 3591 5719 πατρός.
