4108 6198
324 288 435 347 831

1729 288 2007 352 LEONlS
2052 293 2374 359 DIACONI

3616 308 3735 366 832

325 418 390 474 in
421 419 699 475 exsilium
730 421 919 493 egisse
952 425 1178 492 patrem
1210 425 1407 476 autem
1433 419 1796 491 fratremque
1827 439 1975 478 saeve

2095 424 2259 497 ὠμῶς
2311 430 2402 483 καὶ
2461 430 2901 508 ἀφιλανθρώπως
2957 430 3355 512 ἀποτυφλώσας
3404 433 3493 490 έπί
3523 437 3743 515 προφά-

329 516 508 582 atque
539 511 883 566 immaniter
895 511 1021 566 sine
1035 527 1213 566 causa
1235 511 1769 572 excmcasse.vitam
1785 528 1978 567 meam

333 602 582 656 minime
603 601 838 655 vitalem
889 601 1182 654 existimo.
1219 601 1345 655 Noli
1376 601 1555 673 igitur
1584 601 1646 655 in
1695 617 1788 655 me
1837 601 1979 655 hor-

337 693 516 747 tando
546 691 872 759 defetigari.
903 696 967 744 ut
1009 691 1283 747 manibus
1317 692 1587 747 scelerati
1637 692 1863 746 inimici
1895 692 1981 746 vi-

335 787 452 834 tam
485 785 846 834 committam
882 795 1097 835 meam.
1133 783 1448 852 Nunquam
1483 788 1542 836 tu
1599 781 1746 836 mihi
1796 781 1977 836 facies

333 869 531 922 fldem.
568 869 717 932 Quin
752 869 951 939 potius
981 869 1068 923 vir
1097 887 1197 924 ero
1229 871 1355 941 ipse
1407 887 1663 941 quoque,
1698 876 1756 924 et
1781 871 1978 926 accin-

332 963 460 1012 ctus
486 957 680 1028 gladio
737 959 1013 1014 manibus
1043 961 1280 1030 generis
1311 960 1426 1014 mei
1461 959 1806 1031 parentabo.
1841 961 1980 1015 Om-

333 1049 476 1102 nino
503 1048 782 1119 denique,
809 1051 1046 1120 quando
1069 1049 1228 1104 inter
1256 1051 1372 1106 duo
1405 1057 1668 1106 extrema
1688 1051 1981 1106 fluctuant

331 1138 590 1194 fortuna.
622 1138 876 1194 alterum
910 1156 1115 1194 eorum
1149 1141 1414 1194 eveniet:
1447 1145 1550 1194 aut
1587 1140 1977 1212 imperatorias

333 1227 638 1300 dignitatis
669 1228 1047 1300 splendorem
1099 1229 1396 1295 obtinebo,
1459 1235 1634 1300 atque
1686 1229 1978 1283 ultionem

333 1319 565 1391 integra
595 1320 823 1391 exigam
865 1336 898 1374 a
928 1319 1281 1390 parricidis:
1341 1324 1444 1374 aut
1503 1318 1736 1374 fortiter
1791 1319 1979 1373 fatum

329 1407 537 1470 feram,
568 1409 640 1462 ab
673 1409 906 1480 impuro
924 1416 1100 1480 atque
1124 1410 1306 1480 impio
1331 1415 1582 1480 tyranno
1615 1409 1919 1463 liberatus.
1949 1428 1971 1458 ι

406 1502 458 1553 5.
493 1501 651 1554 Hanc
683 1500 994 1570 epistolam
1027 1500 1127 1554 ubi
1180 1500 1396 1556 Bardas
1443 1501 1679 1555 Sclerus
1728 1499 1976 1570 accepit,

333 1586 565 1657 abjecta
594 1604 716 1658 spe,
752 1588 1020 1642 consiliis
1057 1589 1318 1644 revocari
1371 1606 1542 1660 posse
1575 1589 1877 1643 hominem
1909 1605 1980 1642 ex

332 1680 664 1734 temeritate
689 1680 748 1732 in
771 1680 1065 1734 insaniam
1080 1679 1444 1750 prolapsum,
1459 1680 1722 1734 exercitu
1746 1679 1807 1733 in
1830 1681 1864 1732 I
1879 1678 1979 1733 20

2089 534 2166 568 σει
2205 515 2470 589 μηδεμιᾷ,
2527 521 2617 575 τὸν
2682 521 2798 596 βίον
2859 517 3092 578 ἀϐίωτον
3149 523 3389 595 τίθεμαι.
3445 526 3544 580 Διά
3573 532 3745 584 ταῦτα

2091 606 2166 674 μὴ
2227 606 2399 678 κάμνε
2454 609 2856 684 προτρέπων,ἐς
2913 617 3102 686 χεῖρας
3179 610 3482 688 ἀλάστορος
3537 614 3745 690 ἐχθροῦ

2084 693 2182 760 τὴν
2245 693 2480 766 ἐμαυτοῦ
2539 700 2796 769 προέσθαι
2880 703 3048 771 ζωήν.
3138 699 3279 759 Οὐδὲ
3348 703 3450 777 γὰρ
3511 706 3741 770 πείσεις.

2086 781 2245 838 Ἀλλ’
2277 785 2413 855 ἀνὴρ
2447 784 2520 840 ὢν
2553 789 2640 842 καὶ
2695 790 2859 851 αὐτὸς
2916 791 2982 861 ⁴³,
3036 791 3124 845 καὶ
3183 791 3440 863 ἀκινάκην
3492 801 3741 869 παρεζωο

2087 870 2303 943 σμένος,
2365 875 2702 950 ἀγωνίσομαι
2756 883 2873 940 τοῖς
2927 879 3202 951 κειμένοις
3264 884 3374 953 (56)
3431 883 3749 956 τοῦγένους

2089 981 2214 1032 μου.
2277 963 2495 1026 Πάντως
2555 963 2612 1020 δὲ
2671 965 2789 1021 δυσὶ
2851 969 3132 1043 πράγμασι
3187 975 3287 1038 τῆς
3341 969 3518 1046 τύχης
3543 970 3743 1047 ᾑωρη-

2090 1051 2277 1121 μένης,
2329 1054 2548 1128 Θάτερον
2605 1055 2815 1111 τούτων
2870 1052 3178 1128 ἐκϐήσεται·
3234 1058 3268 1127 ἢ
3325 1061 3427 1135 γὰρ
3486 1060 3740 1123 εὐκλείας

2090 1139 2382 1212 βασιλικῆς
2409 1144 2777 1217 ἐπιτεύξομαι,
2827 1147 2917 1201 καὶ
2965 1152 3082 1208 τοῖς
3123 1146 3493 1218 παλαμναίοις
3526 1149 3740 1212 ἐντελὲς

2085 1230 2299 1303 παρέξω
2356 1233 2417 1286 τὸ
2471 1232 2843 1308 ἀνταπόδομα·
2902 1233 2937 1304 ἢ
2995 1236 3255 1310 γενναίως
3286 1238 3348 1292 τὸ
3383 1241 3736 1315 μεμορμένον

2085 1316 2408 1393 ἀποίσομαι,
2471 1329 2670 1400 μιαροῦ
2725 1324 2989 1400 τυράννου
3044 1325 3136 1380 καὶ
3205 1325 3420 1382 ἀνοσίου
3477 1325 3741 1383 ἀπαλλα-

2083 1407 2213 1483 γείς,
2244 1433 2273 1461 ››

2159 1498 2214 1551 ε’.
2251 1498 2469 1570 Ταύτην
2505 1501 2532 1556 ὁ
2569 1501 2820 1577 Σκληρὸς
2873 1501 3082 1576 Βάρδας
3111 1503 3438 1580 ἀπειληφὼς
3468 1508 3568 1576 τήν
3595 1528 3740 1582 γρα-

2085 1585 2215 1664 φὴν,
2276 1587 2364 1642 καὶ
2417 1589 2686 1667 ἀπογνοὺς
2742 1591 2816 1653 ὡς
2874 1593 3058 1648 οὐκέτι
3135 1589 3501 1666 συμϐουλίαις
3559 1597 3740 1652 πείσει

2084 1674 2175 1728 τὸν
2211 1675 2286 1738 εἲς
2315 1676 2571 1732 ἀπόνοιαν
2615 1677 2674 1733 ἐκ
2729 1681 3058 1754 προπετείας
3114 1683 3606 1753 κατολισθήσαντα,
3638 1685 3742 1752 τὴν

338 1769 461 1824 alas
485 1775 544 1823 et
573 1785 853 1823 numeros
885 1768 1200 1840 descripto,
1219 1785 1421 1822 versus
1445 1768 1822 1838 Dipotamum
1853 1783 1975 1820 mo-

2095 1767 2339 1838 στρατιὰν
2395 1769 2529 1822 κατά
2589 1767 2712 1830 ἴλας
2765 1769 2854 1824 καὶ
2915 1772 3136 1846 σπείρας
3189 1770 3458 1843 διατάξας,
3517 1775 3615 1841 τήν
3651 1772 3746 1828 ἐπὶ

332 1864 446 1912 vet.
475 1859 598 1923 Quo
617 1875 748 1912 cum
788 1859 1169 1928 pervenisset.
1197 1860 1257 1912 in
1302 1858 1510 1912 Phocaa
1551 1864 1743 1912 castra
1769 1873 1838 1910 ex
1869 1855 1979 1910 im-

334 1947 567 2017 proviso
600 1947 1002 2018 exploratores
1035 1947 1237 2011 mittit,
1288 1946 1701 2001 mendicorum
1751 1945 1978 2011 habitu,

333 2037 434 2106 qui
489 2037 866 2107 imperatoris
925 2035 1386 2106 pollicitationes
1443 2035 1982 2106 impunitatemque

333 2123 684 2180 delictorum
705 2126 999 2196 praefectis
1021 2126 1323 2196 copiarum
1339 2125 1980 2190 declarent,nuntient—

335 2232 449 2285 que
473 2215 904 2286 prmtereamisi
927 2215 1223 2286 extemplo
1240 2215 1582 2270 adefectore
1597 2214 1985 2278 recedant,at-

331 2322 445 2376 que
479 2323 615 2360 cum
647 2306 999 2377 imperatore
1045 2307 1444 2377 paciscantur,
1495 2305 1841 2377 magistrum
1891 2303 1980 2358 in-

329 2396 548 2450 festum
574 2396 703 2466 jam
735 2412 868 2450 cum
901 2395 1087 2466 ipsius
1145 2411 1324 2450 manu
1384 2411 1484 2449 eos
1542 2409 1979 2466 aggressurum,

331 2485 710 2556 hostiumque
743 2502 991 2540 numero
1033 2485 1395 2540 habiturum.
1429 2484 1566 2550 Quas
1599 2500 1733 2538 cum
1781 2481 1982 2538 audis-

335 2579 488 2639 sent,
513 2581 876 2644 reputantes,
928 2592 997 2629 ex
1063 2591 1126 2630 re
1185 2591 1292 2629 sua
1349 2590 1500 2638 esse,
1559 2573 1877 2644 dignitates
1908 2571 1981 2626 ab

336 2666 599 2735 Augusto
631 2664 859 2719 oblatas
889 2665 1052 2720 inani
1097 2664 1286 2719 labori
1333 2663 1694 2732 incertisque
1725 2661 1982 2716 fortunis

337 2753 654 2818 anteferre,
670 2752 769 2806 ubi
792 2769 904 2807 nox
930 2752 1290 2824 supervenit,
1314 2751 1522 2807 relicto
1540 2752 1748 2805 Phocea
1769 2749 1984 2804 sodali-

341 2844 424 2897 tio
455 2843 528 2898 ad
561 2843 908 2912 magistrum
955 2842 1374 2914 transfugiunt.
1410 2843 1490 2896 Ex
1538 2841 1631 2895 his
1682 2839 1982 2911 principes

332 2932 578 2987 fuerunt
601 2931 986 2987 Andralestus
1003 2931 1310 3003 patricius,
1334 2929 1727 2984 consobrinus
1750 2928 1980 2998 Phocea,

335 3027 395 3076 et
423 3021 659 3076 Simeon
690 3021 986 3092 Ampelas.
1019 3019 1264 3091 Cognita
1307 3019 1520 3073 horum
1550 3018 1689 3090 fuga
1740 3016 1979 3083 Bardas,

335 3126 633 3182 quamque
677 3109 870 3164 subito
903 3126 937 3164 a
962 3125 1024 3164 se
1067 3107 1443 3174 defecissent,
1477 3107 1750 3179 graviter,
1780 3111 1848 3160 ut
1875 3121 1984 3177 par

2094 1856 2150 1908 τὸ
2183 1856 2493 1924 Διπόταμον
2539 1852 2646 1931 ᾔει.
2705 1859 2911 1914 Ἐκεῖσε
2971 1857 3027 1914 δὲ
3083 1861 3440 1936 ἀφικόμενος,
3473 1862 3526 1924 ές
3555 1864 3618 1918 τὸ
3647 1861 3752 1918 τοῦ

2090 1949 2286 2006 Φωκᾶς
2322 1943 2497 2020 Βάρόα
2542 1943 2918 2011 κατασκόπους
2969 1949 3292 2019 ἐξαπιναίως
3324 1951 3539 2007 στέλλει
3574 1973 3742 2025 στρα-

2088 2029 2338 2106 τόπεδον,
2400 2033 2475 2096 εἷς
2531 2035 2897 2092 έπαιτούντων
2961 2045 3154 2114 σχῆμα
3217 2041 3614 2114 μετασκευάσας
3643 2040 3746 2095 αὖ-

2087 2120 2237 2192 τοὺς,
2272 2119 2628 2192 δηλώσοντας
2679 2126 2726 2160 ⁴⁴
2782 2128 2876 2188 τάς
2926 2125 3215 2201 βασιλικὰς
3277 2129 3602 2204 ὑποσχέσεις
3653 2129 3750 2184 καὶ

2089 2210 2391 2284 ἀμνηστίαν
2467 2217 2575 2268 τῶν
2633 2212 3024 2287 τολμηθέντων
3097 2223 3217 2279 τοῖς
3294 2219 3750 2292 προηγουμένοις

2089 2307 2190 2370 τῆς
2222 2307 2499 2374 στρατιᾶς,
2547 2302 2636 2356 καὶ
2688 2301 2911 2378 προσέτι
2958 2305 3422 2381 ἀπαγγελοῦντας,
3455 2306 3550 2374 ὥς,
3584 2307 3630 2362 εἷ
3667 2309 3746 2380 μὴ

2091 2394 2184 2445 τοῦ
2213 2390 2518 2446 ἀποστάτου
2576 2398 2768 2456 θᾶττον
2823 2393 3204 2469 ἀποῤῥαγεῖεν,
3260 2396 3350 2450 καὶ
3407 2417 3546 2472 προς
3589 2397 3752 2472 βασι-

2092 2477 2190 2534 λέα
2248 2479 2577 2550 σπείσοιντο,
2636 2483 2725 2536 τὸν
2787 2482 3166 2557 στρατηλάτην
3229 2487 3364 2558 μετά
3419 2492 3522 2554 τῆς
3577 2487 3746 2560 ὁμαι-

2090 2569 2265 2643 χμίας
2322 2557 2668 2640 ἐπιθησεσθαι
2743 2557 3311 2651 καιροφυλακήσαντα,
3373 2574 3462 2629 καὶ
3521 2557 3752 2636 ὡς’ἀν-

2089 2654 2345 2718 τιπάλοις
2395 2659 2705 2733 χρήσασθαι
2736 2661 2800 2716 ⁴⁸.
2862 2660 2930 2714 Οἱ
2989 2657 3068 2725 δὲ,
3115 2661 3324 2715 τούτων
3373 2659 3748 2724 ένωτισθέντες

2089 2750 2196 2800 τῶν
2258 2745 2465 2820 λόγων,
2525 2748 2612 2802 καὶ
2675 2752 2772 2802 τοῦ
2828 2747 2908 2802 ἐπ’
2963 2746 3193 2818 ἀδήλοις
3252 2757 3576 2826 σκιαμαχεῖν
3623 2756 3748 2812 ταῖς

2090 2835 2287 2911 τύχαις
2313 2837 2410 2898 τὸς
2468 2838 2613 2911 παρά
2667 2843 2763 2892 τοῦ
2820 2838 3217 2915 αὐτοκράτορος
3259 2839 3546 2914 διδομένας
3576 2842 3746 2914 τιμάς

2093 2929 2176 2998 [Ρ.
2209 2927 2302 2998 74]
2343 2923 2556 2990 ἑλέσθαι
2617 2926 2831 3000 μᾶλλον
2892 2935 3138 2984 συνοῖσον
3196 2931 3332 2985 εἶναι
3392 2930 3747 3005 σκεψάμενοι,

2091 3017 2282 3078 νυκτὸς
2317 3014 2676 3088 ἐπελθούσης,
2725 3025 2826 3086 τῆς
2883 3023 2984 3072 τοῦ
3032 3024 3202 3075 Φωκᾶ
3257 3018 3560 3082 διαστάντες
3600 3022 3749 3076 ἑται-

2097 3106 2268 3180 ρείας,
2299 3105 2436 3180 πρὸς
2471 3107 2562 3160 τὸν
2613 3106 2991 3179 στρατηλάτην
3043 3107 3531 3182 ἀπολυτομὸλησαν.
3561 3115 3658 3165 Ὧν
3691 3111 3746 3164 οἱ

333 3169 478 3266 erat,
511 3169 638 3256 rem
667 3201 820 3269 tulit,
855 3207 1350 3269 remanentesque
1383 3169 1752 3269 supvplicibus
1787 3196 1979 3250 verbis

2095 3191 2434 3270 προῦχοντες
2467 3192 2860 3271 ’Δνδράλεστος
2915 3195 2982 3262 ἦν
3042 3197 3069 3250 ὁ
3131 3169 3420 3272 ΙῙατρῖκιος
3452 3201 3588 3272 (57),
3617 3197 3748 3254 αύτ-

333 3291 696 3364 imploravit,
730 3307 933 3355 orans,
995 3306 1070 3344 ne
1103 3305 1234 3344 cum
1299 3304 1427 3344 sese
1459 3287 1800 3359 proderent,
1854 3291 1980 3340 tum

336 3384 542 3448 Deum,
576 3397 754 3453 quem
786 3386 1001 3436 testem
1046 3379 1563 3451 inspectoremque
1623 3375 1978 3432 sacramenti

332 3473 778 3528 adhibuissent:
814 3471 960 3543 quin
991 3469 1401 3542 depugnarent
1449 3467 1647 3540 potius
1677 3483 1783 3538 pro
1837 3466 1977 3520 viri-

2091 3285 2304 3358 ανεψιὸς
2350 3287 2447 3338 τοῦ
2505 3290 2694 3352 Φωκᾶ,
2752 3285 2844 3339 καὶ
2895 3286 2922 3339 ὁ
2973 3285 3255 3360 ’Λμπελᾶς
3315 3288 3567 3359 Συμεών.
3603 3289 3750 3362 Βάρ-

2090 3371 2184 3435 δας
2244 3371 2323 3444 δὲ,
2379 3373 2470 3428 τὸν
2523 3373 2728 3428 τούτων
2789 3372 3032 3449 δρασμὸν
3107 3373 3378 3452 διαγνοὺς,
3438 3377 3530 3432 καὶ
3589 3375 3748 3440 ὅπως

2091 3461 2512 3539 ἀπροφασίστως
2568 3465 2678 3535 (58)
2737 3463 2906 3518 αὐτοῦ
2979 3463 3380 3542 ἀπερράγησαν,
3438 3464 3749 3541 ἤσχαλλεν,

1537 3635 1596 3691 C.
1641 3635 1704 3690 Β.
1747 3635 1936 3690 HASII
1975 3633 2536 3691 ANNOTATIONES.

407 3782 453 3817 4³
483 3778 610 3834 ἀλλ’
642 3811 710 3823 -
735 3778 916 3839 αὐτός.
953 3781 1082 3837 Vid.
1115 3795 1296 3850 supra
1325 3781 1392 3834 Α.
1424 3779 1530 3832 lin.
1569 3779 1652 3831 11.
1730 3777 1778 3812 ⁴⁴
1804 3774 1981 3846 δηλώε

2099 3797 2163 3831 ασ
2192 3777 2320 3833 cod.
2397 3777 2442 3812 “
2471 3778 2625 3832 Fort.
2657 3777 2978 3850 χρήσεσθαι.

344 3924 566 3979 Addam
600 3941 667 3978 ex
705 3921 1092 3994 scriptoribus
1119 3919 1422 3994 prosaicis
1438 3919 1852 3994 auctoritatem
1880 3922 1989 3994 He-

344 3995 580 4050 iliodori
617 3989 842 4066 Theag'
867 3997 988 4058 177,
1025 3989 1290 4066 Βγηῖπρᾷς
1339 3989 1468 4052 τοὺς
1501 3990 1723 4066 φύντας
1768 3998 1826 4066 et
1854 3993 1990 4048 Plu-

343 4067 530 4122 tarchi
585 4063 917 4138 Comparat.
971 4063 1449 4138 Agidis,Cleom.
1502 4069 1561 4118 et
1590 4064 1990 4138 Gra_c_c_h.g796,

343 4144 409 4194 Α.
445 4140 525 4193 De
555 4135 835 4193 audiend.
870 4135 1149 4209 poet.36.
1179 4135 1448 4209 E.(quod
1481 4141 1571 4209 est
1612 4135 1810 4209 nobile
1833 4135 1990 4209 frag«

342 4217 612 4266 mentum
672 4207 1056 4280 Cresphontis
1115 4207 1416 4332 Euripidei
1472 4207 1586 4262 ed.
1649 4208 1887 4262 Barnes.
1923 4207 1992 4262 Π.

343 4285 490 4334 L36).
511 4283 590 4334 De
640 4282 938 4334 Consolat.
989 4279 1062 4334 ad
1112 4278 1262 4334 Apol
1292 4321 1305 4333 .
1352 4283 1471 4334 HI.
1534 4278 1592 4332 Β.
1629 4278 1764 4333 Ideo
1796 4285 1992 4334 autem

1292 4321 1305 4333 .
1352 4295 1471 4346 HI,
1534 4295 1592 4332 ὕ.
1629 4295 1764 4333 ιαθο
1796 4295 1993 4334 autem

343 4285 490 4347 4-36).
511 4283 590 4336 De
640 4278 938 4336 Consolat.
989 4279 1062 4334 ad
1112 4278 1262 4352 Apol

2099 3919 2500 3998 ἀπροφάσιστον
2529 3919 2843 3998 ὗπιστένων,
2874 3925 2989 3998 sine
3019 3922 3136 3998 ulla
3161 3940 3324 3998 causa
3372 3925 3751 3998 ingemiscens.

2105 3992 2225 4060 172,
2258 3992 2268 3998 ⁷
2293 3997 2356 4048 Α.
2428 3993 2845 4068 ἀπροφάσιστον
2893 3992 3210 4068 ἀγρυπνίαν,
3297 3992 3572 4068 insomnia
3592 4064 3604 4068 _
3635 3998 3757 4053 sine

2102 4080 2267 4138 causa
2297 4064 2617 4138 apparente.
2640 4137 2646 4138 ί
2668 4070 2794 4138 Ipse
2829 4064 3173 4138 Leo'noster
3218 4068 3306 4132 76,
3355 4067 3415 4120 Β.
3450 4066 3550 4132 τὴν
3582 4064 3758 4136 ἀπρο-

2103 4134 2476 4217 φάσιστονήκαὶ
2508 4134 2811 4219 ἀλλόκοτον
2857 4136 3161 4219 Ῥωμαίων.
3191 4134 3756 4219 τρυγὴνηὶηεοίεηίεγη

2103 4207 2155 4263 ἐι
2183 4207 2301 4262 sine
2330 4223 2494 4262 causa
2521 4212 2727 4277 factam
2755 4207 2984 4278 fugam:
3021 4210 3164 4264 verti
3203 4207 3295 4263 'ibi
3339 4209 3536 4264 minus
3576 4226 3753 4266 accu-

2104 4285 2248 4366 rate.
2303 4282 2453 4366 Item
2489 4280 2646 4351 apud
2695 4280 2993 4366 lleliodor.
3044 4284 3168 4344 269,
3223 4281 3307 4362 B._
3336 4280 3750 4366 ’ἀπροφάσιστος

341 4355 529 4426 magis
559 4353 765 4420 miror,
793 4353 854 4407 in
879 4349 1186 4426 hocverbo
1216 4350 1744 4426 errasse_Le_onem,
1766 4350 1926 4426 quod
1942 4356 2000 4405 et
2105 4349 2292 4426 αἰτίαι
2321 4355 2462 4426 sunt
2481 4349 2860 4426 accusationes
2903 4352 3030 4426 sine
3062 4369 3262 4417 causa,
3295 4351 3354 4406 id
3385 4359 3473 4407 est
3498 4349 3748 4426 injuste,

347 4419 474 4497 ipse
505 4428 668 4498 69.c.
703 4431 862 4480 recte
920 4422 1277 4498 adhibuerit,
1337 4419 1388 4489 ἐξ
1445 4421 1673 4498 ἀσήμων
1734 4419 1827 4492 μὲν
1862 4419 1982 4498 φύς·

345 4491 403 4553 εὶ
430 4497 725 4569 Agathias,
759 4513 936 4567 quem
979 4494 1200 4569 imitari
1240 4499 1508 4555 conatur,
1543 4491 1708 4569 φύντα
1737 4491 1845 4569 ριλο
1874 4491 1989 4548 ἠα-

345 4576 459 4624 tum
481 4564 730 4642 usurpet
759 4564 824 4622 65
857 4569 922 4622 D.
954 4564 1344 4642 *φύσανταγρινο
1369 4564 1600 4642 parente
1633 4564 1766 4642 J47;-
1787 4565 1846 4619 C.

413 4643 527 4709 (56)
559 4634 867 4700 Nimirum.
903 4634 1024 4692 vita
1051 4634 1275 4706 functis,
1308 4639 1423 4696 τοῖς
1463 4634 1988 4709 καυοιχομὲνοιςοοι

340 4711 662 4782 Agatia88_,
699 4711 758 4782 Β.

341 4777 916 4906 ΠῖῗῖὧἈΔξράλι-ῑστος
943 4779 1101 4850 apud
1127 4778 1436 4850 Scylitzam
1468 4795 1559 4833 ms
1623 4783 1681 4834 et
1736 4777 1984 4835 Cedren.

415 4925 528 4993 (58)
561 4924 716 4977 Verti
748 4923 962 4978 subito:
1003 4923 1336 4977 accuratius
1368 4921 1596 4984 fuisset,
1639 4924 1795 4977 nulla
1820 4937 1991 4978 causa

341 5001 662 5069 apparente.
717 4994 944 5069 Habent
1001 4993 1407 5069 ἀπροφάσιστος
1443 5001 1500 5048 et
1533 4994 1777 5069 adverb.
1819 4994 1988 5069 ἀπρο-

343 5065 612 5140 φασίστως
644 5066 865 5138 passim
896 5065 1086 5140 varias
1113 5065 1486 5137 maximeque
1515 5067 1775 5140 diversas
1808 5065 1987 5140 signi-

343 5138 652 5196 ficationes
677 5157 688 5193 :
715 5155 845 5209 qua:
868 5154 1000 5192 cum
1026 5139 1113 5191 vix
1137 5155 1171 5192 a
1188 5155 1486 5208 quoquam
1519 5138 1710 5192 adhuc
1734 5139 1987 5209 (opinor)

341 5212 648 5282 explicata)
683 5211 821 5271 sint,
866 5209 1176 5282 disponam
1221 5209 1313 5282 hic
1345 5210 1574 5280 aliquot
1620 5209 1982 5280 singularem

343 5281 630 5355 exempla,
667 5281 1167 5355 quemadmodum
1196 5281 1373 5355 aliam
1405 5299 1475 5335 ex
1506 5282 1622 5335 alia
1664 5287 1863 5334 natam
1894 5297 1984 5334 ar-

339 5352 565 5426 bitror:
602 5360 620 5409 l
658 5352 1164 5426 )V,AR_SO:PG'O’IO’TOC,
1200 5353 1354 5426 quod
1400 5357 1460 5420 ﬁt
1506 5355 1620 5406 sine
1659 5367 1844 5416 causa,
1878 5369 1980 5426 cu:-

332 5431 435 5501 jus
465 5422 756 5502 πρόφασις,
791 5422 904 5502 hoc
934 5431 1024 5480 est
1053 5441 1236 5502 causa,
1271 5423 1360 5502 vel
1411 5439 1537 5502 non
1595 5422 1982 5502 apparet._vel

341 5494 516 5558 nulla
539 5494 630 5556 est
680 5500 734 5553 S.
790 5498 1236 5570 Gregor._l‘iyss.
1272 5496 1388 5570 ‘Inn
1411 5494 1745 5570 Ecclesiast.
1779 5495 1821 5549 Ι.
1856 5495 1980 5562 402,

339 5577 404 5629 Α.
469 5573 497 5627 ὁ
548 5561 952 5644 ἀπροφάᾉσιστιῖς
998 5561 1196 5644 γέλως,
1265 5565 1292 5618 ὁ
1348 5561 1476 5644 ἀνευ
1499 5563 1980 5644 -αἶτίαίθρῆνος,

337 5634 689 5701 Heliodorus
708 5634 1022 5712 'Theagem
1043 5643 1101 5692 et
1133 5638 1302 5693 Char.
1340 5638 1460 5704 144,
1497 5637 1556 5693 Β.
1593 5634 1775 5710 βύθιόν
1797 5634 1856 5690 ’τι
1887 5635 1977 5690 καὶ

2106 4427 2171 4498 ut
2199 4423 2324 4498 394,
2469 4418 2869 4498 ἀπροφάσιστος
2923 4421 3188 4498 πόλεμος,
3245 4429 3305 4478 et
3332 4424 3514 4498 _apud
3550 4418 3608 4481 Β.
3643 4418 3754 4480 Βᾶὲ

2098 4492 2190 4567 sil.
2225 4493 2408 4563 Epist.
2467 4492 2635 4549 LXXX.
2699 4495 2764 4549 ΙΙ.
2824 4497 2958 4567 900,
3008 4492 3080 4550 Β(
3131 4492 3530 4567 ἀπροφάσιστον
3569 4500 3750 4567 μῖσος,

2097 4564 2282 4638 odium
2314 4580 2434 4638 non
2467 4570 2587 4620 tam
2619 4566 3012 4634 inexcusabile,
3045 4564 3546 4638 quemadmodum
3571 4564 3744 4624 ’Μοηὲ

2097 4635 2352 4719 tacutius
2379 4636 2801 4719 interpretatus
2822 4643 2931 4699 est.
2955 4635 3134 4719 quam
3159 4640 3426 4719 injustam
3449 4639 3567 4719 sive
3589 4640 3752 4719 nulla

2098 4707 2164 4762 de
2193 4723 2356 4780 causa
2384 4707 2711 4780 susceptum.
2745 4709 2837 4764 Sic
2890 4707 3050 4765 enim
3081 4707 3296 4765 melius
3329 4711 3571 4780 exponit
3600 4711 3750 4767 Leu-

2096 4779 2408 4853 venlslaius
2433 4779 2624 4853 illaAS.
2651 4782 2827 4853 AGreg.
2864 4783 3028 4853 Nyss.
3064 4781 3243 4853 Epist.
3277 4781 3350 4836 ad
3381 4779 3637 4837 Flavian.
3675 4783 3748 4839 ΙΙ.

2105 4851 2262 4914 1077,
2297 4853 2361 4905 Α.
2384 4851 2454 4925 τὸ
2507 4847 2692 4925 ἄδικόν
2746 4847 2948 4925 τεκαὶ
3007 4847 3411 4925 ἀπροφάσιστον
3442 4854 3558 4914 καθ’
3586 4855 3752 4924 ἡμῶν

2104 4926 2282 4992 μῖσος,
2317 4922 2674 4979 Adverbium
2708 4924 2886 4978 simili
2920 4922 3097 4979 sensu
3148 4924 3498 4980 Heliodorus
3524 4922 3650 4991 316,
3683 4926 3750 4981 Ο.

2100 4993 2590 5073 decubicularia,
2623 4995 3062 5073 ἀπροφασίστως..
3094 4999 3210 5073 sine
3268 5012 3456 5073 causa,
3489 4997 3755 5052 introvo-

2101 5072 2249 5139 cata.
2285 5067 2360 5134 2.)
2412 5066 2867 5139 ’_A1tpogaiaior'o<,
2902 5066 3060 5138 quod
3121 5067 3187 5121 fit
3241 5066 3359 5123 sine
3409 5073 3751 5134 causatione,

2101 5138 2351 5210 hocpest,
2386 5137 3049 5210 sine'tergiversatione,
3075 5147 3352 5210 prompte,
3386 5140 3664 5196 alacriter.
3693 5139 3752 5195 S.

2106 5209 2282 5286 Basil.
2319 5209 2398 5262 De
2429 5207 2713 5286 baptism._
2751 5211 2792 5274 Ι,
2853 5212 2975 5286 ϐᾀϐ,
3137 5207 3547 5286 ἀπρίο-ιρασίστῳ,
3575 5230 3753 5284 ταχυ-

2101 5280 2234 5353 τάτῃ
2268 5298 2326 5332 τε
2357 5280 2444 5332 καὶ
2482 5279 2829 5353 μετεωρίστῳ
2887 5280 3098 5351 ὑπακοῇ
3164 5279 3329 5338 Unde
3362 5279 3600 5338 Simeon
3633 5279 3752 5339 Me-

2103 5333 2437 5428 tapiirastes
2469 5333 2678 5428 (litans:
2703 5333 3013 5428 th‘ysiost.
3044 5333 3759 5428 sbvfziiftiiiééfaﬁ;

2101 5425 2475 5505 qla'ata'tovhet
2509 5424 2825 5505 Palladius
2883 5427 3008 5480 Vita
3065 5425 3334 5505 ejusdem
3366 5428 3454 5490 36,
3487 5433 3544 5482 Ο.
3578 5424 3758 5497 ἀπρο-

2094 5493 2350 5566 ιράσιστον
2383 5493 2574 5564 ἀκοήν,
2601 5504 2917 5567 promptam
2977 5493 3362 5553 auditionem:
3415 5515 3556 5564 non,
3589 5493 3754 5555 aures

2093 5569 2288 5639 omisso
2313 5570 2462 5639 omni
2483 5575 2762 5638 praetextu
2805 5568 3247 5633 accommodatae,
3279 5574 3344 5625 ut
3372 5571 3547 5626 vertit
3576 5571 3751 5639 Bigo-

2093 5639 2232 5694 tius.
2263 5637 2463 5694 Possis
2485 5637 2670 5695 etiam
2701 5639 2952 5711 (opinor)
2982 5639 3098 5696 huc
3125 5639 3347 5698 referre
3379 5641 3576 5698 locum
3608 5637 3748 5699 Phi-
