4108 6198
317 425 438 487 835

1685 411 1982 476 LEONIS
2027 411 2355 476 DIACUNI

3609 421 3732 482 836

323 560 574 634 Antigus
598 562 856 621 vocatur,
879 554 1080 624 fugere
1118 549 1310 621 coepit.
1370 548 1434 604 Id
1466 547 1798 612 castellum,
1856 543 1948 600 for

2093 542 2267 619 λάθρα
2289 550 2387 600 τοῦ
2407 549 2650 622 χάρακος
2689 545 2870 618 ἔξεισι,
2922 547 3012 604 καὶ
3044 549 3144 617 τήν
3205 548 3292 604 ἐπὶ
3348 550 3412 604 τὸ
3468 554 3577 605 τῶν
3632 557 3735 606 Τυ-

317 657 482 706 tunae
532 643 994 703 inconstantiam
1025 655 1256 706 verens,
1282 639 1407 711 jam
1453 637 1676 692 dudum
1709 652 1968 690 commu-

319 741 531 804 nierat,
567 731 953 805 comportatis
985 747 1053 785 eo
1085 729 1385 784 frumento
1409 733 1467 783 et
1495 727 1784 798 cujusque
1807 725 1967 781 modi

315 824 833 884 alimentis.Locus
864 825 1084 887 autem,
1118 835 1235 890 quo
1269 818 1329 872 in
1364 817 1493 872 loco
1529 816 1730 871 Bardaa
1756 816 1966 870 Phocaa

317 915 608 972 exercitus
664 911 930 982 dilapsus
990 912 1096 976 est,
1179 907 1489 963 Bardaetta
1547 905 1969 960 nominabatur

315 1003 845 1075 antiquitus.lnter
873 1001 998 1054 haec
1014 998 1231 1054 Bardas
1263 998 1562 1069 magister,
1598 997 1805 1050 Phocus
1831 995 1968 1066 fuga

312 1094 567 1166 cognita.
602 1091 900 1163 profectus
932 1105 1069 1143 cum
1103 1087 1274 1142 lectis
1323 1086 1625 1156 equitibus
1651 1085 1964 1139 confestim

313 1191 401 1240 est
430 1181 1114 1248 insecutus.Quanquam
1140 1178 1298 1230 hunc
1331 1174 1570 1246 quidem
1603 1181 1812 1229 nactus
1843 1190 1963 1228 non

309 1279 419 1338 est,
445 1271 600 1342 quod
634 1271 694 1324 in
718 1267 1029 1324 castellum
1077 1269 1431 1337 pervenerat
1469 1263 1786 1319 incolumis
1821 1279 1834 1316 :
1895 1279 1964 1318 ex

307 1361 634 1434 conjuratis
666 1365 866 1415 autem
893 1361 1187 1428 quotquot
1218 1355 1478 1425 captivos
1501 1354 1663 1420 fecit,
1715 1353 1960 1407 lumini-

308 1453 419 1508 bus
446 1450 714 1523 privavit,
749 1449 902 1502 sicut
949 1451 1078 1500 erat
1115 1445 1200 1498 illi
1261 1443 1332 1498 ab
1385 1443 1743 1514 imperatore
1793 1459 1961 1497 man-

309 1543 534 1598 datum.
590 1541 892 1609 Locusque
947 1536 1008 1590 in
1040 1552 1155 1607 quo
1188 1535 1424 1590 miseris
1455 1550 1567 1588 usu
1597 1533 1757 1587 venit
1803 1533 1962 1604 ejus—

305 1631 467 1687 modi
500 1630 834 1693 calamitas,
873 1627 1011 1681 inde
1043 1625 1262 1679 dicitur
1289 1623 1736 1695 Typhlovivaria
1757 1622 1960 1694 appel-

304 1720 568 1785 lari.Qua
597 1719 658 1773 in
691 1735 754 1772 re
788 1716 990 1771 mirari
1026 1713 1204 1777 subit,
1232 1711 1758 1783 quemadmodum,
1792 1712 1959 1783 quasi

304 1809 562 1881 quodam
598 1807 886 1862 instinctu
938 1804 1103 1869 moti,
1143 1803 1355 1857 vetusti
1415 1801 1698 1856 mortales
1740 1805 1874 1872 apte
1904 1806 1961 1855 et

305 1899 732 1954 convenienter
765 1913 835 1950 ex
855 1910 1054 1950 rerum
1088 1898 1298 1948 eventu
1323 1890 1730 1946 nominalocis
1747 1907 1954 1961 posue-
1993 1914 2036 1979 Β

302 1985 680 2058 rint.Quippe
713 1984 962 2039 etLeoni
998 1983 1450 2053 Phocaa,patruo
1481 1996 1695 2052 magno
1729 1980 1951 2045 Bardaa,

301 2076 506 2131 oculos
534 2074 861 2130 crudeliter
877 2078 1076 2127 erutos
1108 2087 1237 2126 esse
1269 2069 1951 2142 perhibent,locumque,

300 2165 400 2220 ubi
435 2181 668 2236 poenam
702 2164 866 2219 illam
902 2161 1165 2216 subierit.
1206 2159 1494 2216 Oeleonta
1524 2165 1954 2230 nuncupatum,

304 2255 592 2310 Goleonta
625 2253 842 2327 agresti
872 2250 1302 2307 consuetudine
1333 2249 1546 2303 vocari.
1580 2250 1666 2302 Ita
1687 2248 1816 2302 loca
1845 2264 1954 2318 pu-

297 2347 603 2400 nitionum
635 2343 970 2414 antiquitus
1002 2341 1145 2395 talia
1175 2339 1419 2394 nomina
1445 2338 1818 2392 invenerunt.
1846 2339 1954 2392 Ne-

297 2453 412 2507 que
445 2435 551 2490 abs
581 2451 646 2490 re
670 2433 923 2488 fortasse
948 2430 1261 2496 videbitur,
1297 2429 1343 2484 si
1377 2445 1493 2498 quo
1553 2433 1724 2499 pacto
1775 2444 1957 2483 exom-

297 2530 464 2580 catus
492 2524 675 2578 fuerit
705 2524 838 2591 Leo,
871 2521 932 2575 in
958 2519 1212 2574 transitu
1240 2517 1744 2572 demonstravero.

2076 635 2283 706 ράννων
2334 636 2382 671 ⁸⁸
2439 639 2549 711 (60)
2605 638 2863 712 φρούριον
2953 636 3210 712 ἄγουσαν,
3258 638 3288 692 ὅ
3321 640 3600 712 Ἀντιγοῦς
3642 640 3738 696 κέ-

2073 720 2299 792 κληται,
2333 721 2442 799 ᾔει·
2479 729 2564 798 [Ρ.
2604 730 2694 799 75]
2748 728 2904 796 ὃπερ,
2962 728 3025 782 τὸ
3073 734 3175 796 τῆς
3228 727 3403 803 τύχης
3450 725 3734 802 παλίμϐο-

2075 811 2172 867 λον
2234 815 2608 892 ὑφορώμενος,
2665 817 2725 872 ἐκ
2771 817 2991 874 πολλοῦ
3049 817 3399 893 ἐκρατύνατο,
3460 826 3615 876 σῖτον
3677 821 3730 876 ἐν

2072 902 2218 975 αὐτῷ
2248 907 2335 960 καί
2381 905 2735 976 παντοδαπὴν
2797 907 2963 984 χιλὸν
3022 907 3607 985 ἐπιδαψιλευσάμενος.
3669 913 3733 970 Ὀ

2074 990 2130 1048 δὲ
2159 999 2368 1069 χῶρος,
2395 994 2489 1050 ’ίνα
2511 1001 2592 1068 τῷ
2653 1003 2821 1068 Φωκᾷ
2874 995 3049 1073 Βάρδᾳ
3107 1000 3134 1053 ὁ
3175 1002 3544 1073 συνασπισμὸς
3606 999 3728 1056 δια-

2073 1081 2296 1154 λέλυτο,
2328 1084 2650 1161 Βαρδάηττα
2681 1085 2932 1142 ἐκαλεῖτο
2964 1089 3010 1124 ⁶⁹
3061 1090 3338 1153 ἀνέκαθεν.
3401 1087 3614 1166 Βάρδας
3675 1089 3731 1146 δέ

2071 1173 2099 1228 ὁ
2159 1173 2566 1247 στρατηλάτης,
2622 1177 2716 1230 τὸν
2779 1174 3020 1250 δρασμὸν
3077 1175 3333 1253 διαγνοὺς
3380 1183 3476 1234 τοῦ
3534 1186 3725 1249 Φωκᾶ,

2070 1264 2281 1335 σύναμα
2313 1262 2539 1341 λογάσιν
2585 1264 3040 1339 ἐξιππασάμενος,
3100 1263 3206 1322 ἔθει
3267 1265 3505 1328 διώκων.
3569 1269 3728 1327 Ἀλλ’

2068 1351 2237 1406 αὐτοῦ
2299 1354 2392 1426 μὲν
2449 1351 2768 1428 διήμαρτεν,
2821 1353 2930 1424 ἤδη
2987 1360 3068 1427 τῷ
3119 1358 3369 1435 φρουρίῳ
3425 1359 3726 1423 ἀνασωθέν-

2065 1461 2178 1502 τος’
2255 1446 2363 1496 τῶν
2480 1441 2537 1498 δὶ
2594 1443 2793 1498 τούτου
2853 1451 3180 1517 συνωμοτῶν
3265 1448 3431 1510 δσοῦς
3491 1449 3728 1524 ζωγρίας

2069 1528 2282 1607 εἴληφε,
2315 1537 2424 1586 τῶν
2485 1532 2790 1609 ὀφθαλμῶν
2844 1533 3199 1608 ἀπεστέρησε,
3256 1534 3725 1612 προστεταγμένον

2067 1618 2204 1692 πρὸς
2241 1619 2511 1694 βασιλέως
2566 1619 2711 1678 ἔλων
2770 1621 2921 1679 αὐτό.
2981 1623 3206 1700 Λέγεται
3257 1623 3314 1680 δὲ
3364 1626 3428 1680 τὸ
3487 1627 3727 1700 χωρίον,

2061 1703 2155 1761 ἵνα
2182 1714 2299 1770 τοῖς
2330 1708 2545 1772 ἀθλίοις
2576 1712 2638 1765 τὸ
2659 1710 2908 1766 τοιοῦτον
2939 1707 3133 1782 συνέϐη
3185 1714 3469 1789 ἀτύχημα,
3502 1715 3727 1793 Τυφλοο

2068 1793 2290 1873 ϐιϐάρια
2322 1797 2705 1871 ὀνομάζεσθαι.
2751 1802 2984 1878 Ἔμοιγε
3015 1802 3106 1856 οὖν
3167 1800 3340 1857 ἔπεισι
3399 1804 3723 1877 θαυμάζειν,

2065 1886 2214 1948 ὅπως
2249 1888 2299 1958 ἐξ
2332 1888 2622 1951 ἐπιπνοίας
2651 1890 2802 1952 τινὸς
2827 1891 2882 1944 ol
2913 1889 3013 1945 πά)
3031 1913 3083 1946 αι
3141 1892 3456 1965 κινούμενοι
3506 1893 3726 1964 ἅνθρω-

2064 1995 2157 2030 ποι
2207 1976 2314 2031 ἀπὸ
2366 1980 2465 2046 τῆς
2513 1984 2619 2033 τῶν
2671 1979 3012 2056 πραγμάτων
3083 1977 3354 2054 ἐκϐάσεως
3405 1980 3724 2057 προσηκόν-

2061 2088 2168 2129 τως
2221 2068 2311 2123 καὶ
2359 2068 2733 2140 καταλλήλως
2791 2072 2886 2132 τὰς
2933 2072 3308 2148 προσηγορίας
3356 2078 3476 2136 τοῖς
3527 2072 3722 2136 τόποις

2068 2155 2334 2220 ἐτίθεσαν.
2372 2159 2523 2215 Ἐπεὶ
2549 2156 2765 2236 λέγεται
2799 2161 2887 2214 καὶ
2945 2160 3152 2216 Λέοντα
3206 2164 3297 2216 τὸν
3359 2166 3580 2232 Φωκᾶν,
3628 2165 3725 2218 τὸν

2066 2247 2204 2323 πρὸς
2235 2248 2540 2304 πάππου⁵⁰
2588 2252 2732 2306 θεῖον
2793 2255 2888 2305 τοῦ
2951 2248 3148 2325 Βάρδα,
3205 2253 3335 2315 τοὺς
3396 2252 3724 2330 ὀφθαλμοὺς

2065 2336 2364 2407 ἐκκοπῆναι
2395 2337 2666 2408 ἀνηλεῶς,
2697 2339 3058 2411 ὀνομάζεσθαι
3119 2339 3175 2396 δὲ
3225 2341 3316 2396 τὸν
3351 2347 3554 2416 χῶρον,
3602 2343 3724 2397 καθ’

2065 2425 2122 2482 δν
2155 2428 2255 2496 τήν
2285 2426 2544 2498 τοιαύτην
2579 2429 2778 2499 ὑπέστη
2812 2430 3030 2498 ποινὴν,
3074 2429 3399 2504 Ὠηλέοντα,
3457 2433 3594 2507 πρὸς
3653 2430 3714 2487 δὲ

2061 2522 2161 2584 τῆς
2192 2516 2522 2593 ἀγροικικῆς
2555 2514 2828 2578 ἰδιωτείας
2856 2517 3157 2587 κεκλῆσθαι
3206 2518 3506 2576 Γωλέοντα.
3543 2520 3725 2578 Ἀλλά

303 2613 372 2667 τὰ
407 2612 498 2684 μὶν
529 2616 637 2666 τῶν
669 2611 862 2664 τίσεων
889 2607 1071 2682 χωρία
1099 2607 1354 2667 τοιαύτας
1380 2603 1626 2668 ἄνέγαθεν
1650 2606 1746 2666 τὰς
1777 2603 2089 2676 ἐπωνυμίας
2114 2604 2426 2676 εἷλήφεσαν.
2450 2605 2528 2664 Ού
2557 2606 2830 2679 παρέλκον
2886 2605 2943 2662 δέ
2997 2605 3132 2672 ἴσως
3188 2606 3328 2680 δόξει
3383 2610 3448 2665 τὸ
3486 2610 3576 2665 καὶ
3605 2611 3702 2666 τὸν

301 2701 504 2774 τρόπον
532 2706 632 2769 τῆς
663 2703 759 2754 τοῦ
792 2699 1026 2758 Λέοντος
1056 2695 1451 2772 ἐκτυφλώσεως
1479 2695 1614 2748 κατὰ
1645 2690 2006 2768 παραδρομὴν
2038 2693 2283 2764 ἐξειπεῖν.

373 2805 423 2856 7.
461 2801 572 2856 Leo
603 2800 927 2870 imperator
979 2813 1112 2852 cum
1161 2795 1294 2850 tabe
1341 2798 1730 2866 consumptus
1788 2793 1945 2849 diem

302 2908 476 2947 suum
501 2890 770 2954 obiisset,
824 2885 1175 2947 Alexander.
1209 2885 1362 2940 128
1393 2883 1575 2938 frater
1632 2884 1780 2954 ejus,
1815 2887 1949 2954 post

299 2997 434 3035 eum
465 2980 606 3034 item
634 2995 703 3033 ex
735 2977 845 3031 hac
867 2977 983 3030 vita
1013 2975 1342 3044 migrasset,
1383 2972 1700 3043 imperium
1749 2977 1948 3027 autem

298 3071 627 3125 Romanum
661 3066 768 3122 sub
805 3065 934 3136 ejus
963 3064 1086 3119 filio
1117 3061 1525 3123 Constantino,
1573 3061 1731 3114 inter
1759 3059 1947 3115 nutri-

296 3175 392 3214 ces
417 3158 727 3212 etiamtum
758 3159 1052 3219 versante,
1086 3154 1317 3222 Zoeque
1341 3153 1620 3219 Augusta,
1653 3166 1773 3204 non
1822 3150 1950 3204 sine

2130 2793 2188 2861 ζ’.
2222 2794 2378 2866 Ἀρτι
2433 2797 2530 2848 τοῦ
2586 2794 2984 2870 αὐτοκράτορος
3047 2798 3274 2858 Λέοντος
3327 2798 3438 2870 (61)
3495 2794 3714 2875 φθινάδι

2056 2882 2202 2954 νόσῳ
2257 2887 2364 2936 τῶν
2442 2877 2587 2936 ἔνθεν
2655 2885 3111 2956 μεταναστάντος,
3171 2883 3263 2939 καὶ
3327 2883 3711 2960 Ἀλεξάνδρου,

2057 2975 2154 3026 τοῦ
2179 2971 2346 3025 αὑτοῦ
2375 2971 2664 3044 συναίμου,
2725 2972 2956 3028 κατόπιν
3013 2974 3202 3046 ἐκείνῳ
3261 2973 3715 3045 συναπελθόντος,

2057 3067 2159 3130 τῆς
2245 3058 2303 3116 δὲ
2361 3061 2676 3135 Ῥωμαϊκῆς
2737 3063 2917 3138 ἀρχῆς
2975 3059 3114 3138 πρός
3167 3084 3223 3118 τε
3281 3064 3712 3135 Κωνσταντίνου,

2059 3155 2163 3204 τοῦ
2182 3151 2586 3223 τἰθηνουμένου
2617 3149 2812 3216 παιδὸς
2840 3153 3028 3222 αὐτοῦ,
3086 3152 3176 3208 καὶ
3230 3160 3334 3222 τῆς
3390 3152 3712 3230 Δύγούστης

294 3247 646 3303 difficultate
711 3243 1251 3308 administraretur,
1329 3240 1568 3294 Simeon
1637 3240 1948 3294 Moesorum

2064 3245 2237 3308 Ζωῆς,
2272 3237 2589 3316 ἐπισφαλῶς
2645 3239 2970 3318 φερομένης,
3033 3242 3283 3317 Συμεὼν,
3353 3244 3381 3297 ὁ
3431 3225 3543 3298 τῶν
3592 3246 3716 3301 Μυ-

293 3339 593 3410 princeps,
623 3336 800 3391 homo
836 3333 1026 3388 audax
1057 3331 1335 3402 belloque
1365 3329 1644 3391 fervidus,
1672 3329 1798 3401 jam
1827 3329 1946 3400 pri-

291 3427 426 3484 dem
442 3429 530 3483 ira
547 3425 827 3482 incitatus
844 3415 1404 3495 expeditionemque
1423 3426 1631 3474 contra
1649 3421 1948 3474 Romanos

289 3518 567 3580 moliens,
601 3522 740 3570 tunc
773 3513 1279 3586 Opportunitatem
1305 3517 1516 3566 nactus
1539 3509 1942 3564 Macedoniam

288 3607 715 3676 Thraciamque
742 3603 1014 3675 populari
1048 3618 1170 3655 non
1200 3599 1560 3654 intermisit:
1581 3599 1725 3669 quin
1743 3600 1940 3666 etiam,

287 3697 559 3766 Scythica
617 3700 675 3748 et
731 3696 1017 3748 consueta
1069 3689 1332 3744 amentia
1389 3688 1602 3752 elatus,
1646 3690 1943 3743 Romanos

287 3784 710 3854 imperatorem
743 3795 873 3834 sese
901 3778 1246 3833 renuntiare
1270 3776 1472 3846 jussit,
1524 3775 1615 3835 Hi.
1675 3781 1942 3846 apertam

283 3869 671 3926 insolentiam
720 3867 949 3939 Scythas
1008 3870 1185 3936 atque
1242 3863 1641 3935 arrogantiam
1693 3862 1940 3918 minime

283 3961 742 4025 ferentes,arma
769 3970 1004 4011 sumere
1023 3953 1304 4009 adversus
1326 3969 1460 4006 eum
1477 3952 1936 4006 constituerunt.

277 4054 487 4121 Itaque
540 4049 796 4103 Leonem
847 4045 1128 4106 Phocam.
1169 4042 1386 4096 virtute
1445 4045 1621 4112 atque
1678 4041 1938 4098 victoriis

280 4147 498 4215 praeter
519 4145 765 4194 caeteros
798 4143 920 4190 tum
944 4134 1124 4189 duces
1147 4132 1556 4198 excellentem,
1578 4131 1765 4202 cepiis
1785 4148 1937 4202 prm-

277 4232 499 4288 fectum
517 4227 920 4285 Domesticum
973 4223 1310 4280 scholarum
1352 4221 1931 4277 declarantzﬂoma-

2053 3333 2164 3384 σῶν
2197 3328 2470 3405 ἀρχηγὸς,
2523 3329 2663 3404 ἀνὴρ
2719 3329 3027 3403 τολμητίας
3072 3331 3164 3386 καὶ
3237 3332 3580 3410 θερμουργὸς
3635 3333 3705 3389 τά

2053 3416 2354 3491 πολεμικά,
2387 3417 2559 3474 πάλαι
2587 3416 2898 3497 σφαδάζων,
2929 3422 3017 3475 καὶ
3077 3423 3176 3489 τήν
3231 3421 3369 3476 κατά
3411 3421 3702 3495 Ῥωμαίων

2057 3507 2247 3588 μάχην
2278 3505 2514 3577 ὠδίνων,
2548 3508 2822 3581 εὐκαιρίας
2859 3507 3213 3584 δραξάμενος,
3277 3509 3563 3581 λεηλατῶν
3607 3511 3713 3568 οὐκ

2055 3599 2181 3671 ἀνίη
2216 3599 2560 3658 Μακεδονίαν
2599 3601 2690 3656 καὶ
2748 3601 2986 3676 Θρᾴκην·
3039 3601 3116 3666 εἷς
3173 3601 3432 3657 ἀπόνοιαν
3491 3623 3551 3658 τε
3605 3604 3706 3672 τήν

2055 3691 2329 3759 Σκυθικὴν
2355 3692 2446 3745 καὶ
2506 3692 2709 3762 συνήθη
2757 3691 3032 3766 ἐπαρθεὶς,
3093 3691 3464 3766 αὐτοκράτορα
3521 3691 3708 3748 ἑαυτὸν

2049 3777 2439 3850 ἀνακηρύττειν
2471 3780 2770 3853 Ῥωμαίοις
2816 3779 3080 3836 ἐκέλευεν.
3140 3781 3207 3838 O't
3257 3778 3334 3852 δὲ,
3391 3781 3492 3848 τήν
3551 3782 3709 3837 ’ὑπαι-

2051 3877 2178 3939 θρον
2211 3867 2530 3939 ἀλαζονείαν
2562 3871 2651 3924 καὶ
2702 3865 2858 3944 ὓϐριν
2890 3874 2988 3924 τοῦ
3019 3870 3230 3934 Σκύθου
3293 3871 3368 3942 μὴ
3425 3871 3700 3948 φέροντες,

2044 3955 2111 4009 τά
2139 3955 2284 4011 ’ὀπλα
2315 3963 2481 4012 κινεῖν
2509 3959 2627 4012 κατ’
2657 3957 2822 4013 αὐτοῦ
2873 3956 3131 4035 ἔγνωσαν.
3204 3958 3306 4015 Καὶ
3367 3956 3433 4027 δὴ
3496 3959 3700 4014 Λέοντα

2043 4045 2136 4099 τὸν
2187 4049 2409 4114 Φωκᾶν,
2467 4045 2683 4118 ἀνδρείᾳ
2739 4047 2830 4102 καὶ
2893 4047 3182 4122 τροπαίοις
3234 4048 3533 4118 τηνικαῦτα
3589 4051 3696 4102 τῶν

2047 4139 2256 4188 λοιπῶν
2286 4140 2604 4212 στρατηγῶν
2641 4133 3033 4215 ὑπερφέροντα,
3065 4139 3314 4213 ἀρχηγὸν
3375 4139 3473 4205 τῆς
3534 4156 3697 4211 στρα-

2043 4228 2164 4285 τιᾶς
2222 4225 2664 4298 προστησάμενοι
2721 4226 2810 4279 καὶ
2871 4225 3202 4298 Δομέστικον
3287 4229 3396 4280 τῶν
3470 4228 3694 4300 σχολῶν

280 4338 424 4377 num
459 4317 726 4394 igniferis
750 4313 1093 4370 triremibus
1115 4328 1370 4384 prmesse
1392 4311 1613 4383 jubent
1640 4310 1932 4383 (Drunga-

2061 4312 2666 4385 ἱνειπόντεςῬωμανὸν
2727 4310 2805 4383 δὲ,
2864 4319 2971 4368 τῶν
3029 4313 3288 4388 ἐμπύρων
3363 4318 3499 4368 νεῶν
3555 4334 3694 4388 προ-

279 4413 435 4466 rium
460 4410 544 4465 rei
570 4406 798 4464 navalis
821 4410 1086 4460 evectum
1118 4402 1192 4458 ad
1219 4401 1278 4456 id
1316 4401 1635 4474 imperium
1651 4400 1881 4468 vocant)
1914 4415 1930 4457 :

2061 4401 2420 4476 (ειρισάμενοι
2462 4402 2737 4478 ναύαρχον
2800 4399 3192 4481 (δρουγγάριον
3249 4407 3359 4458 τῶν
3414 4401 3692 4473 πλωῒμων

276 4501 531 4557 alterum
549 4503 615 4554 ut
636 4503 814 4562 terra,
847 4493 1100 4550 alterum
1149 4496 1216 4546 ut
1254 4490 1404 4545 mari
1454 4491 1661 4545 Maesos
1691 4489 1933 4544 invade-

2061 4490 2131 4545 τὸν
2161 4489 2238 4554 εἰς
2263 4490 2363 4558 τήν
2412 4492 2671 4562 τοιαύτην
2731 4492 3032 4572 ἀφιγμένον
3084 4493 3264 4568 ἀρχὴν
3315 4492 3692 4566 ὀνομάζουσι)·

274 4595 384 4655 ret,
419 4588 681 4644 mittunt.
719 4585 806 4640 lbi
840 4585 1117 4650 Leonem,
1151 4585 1464 4652 postquam
1499 4578 1828 4650 transjectu
1851 4578 1932 4634 fa-

2061 4580 2130 4634 τὸν
2164 4579 2262 4652 μὶν
2294 4578 2353 4634 ἐκ
2381 4587 2510 4657 γῆς,
2542 4582 2634 4636 τὸν
2692 4579 2750 4636 δὲ
2791 4581 2850 4637 ἐκ
2906 4580 3208 4650 θαλάσσης,
3270 4585 3477 4644 Μυσοῖς
3526 4579 3698 4635 ἐπιτί-

275 4684 367 4733 cto
401 4677 659 4732 Maasiam
691 4675 995 4745 ingressus
1023 4675 1200 4737 esset,
1234 4669 1450 4724 acriter
1469 4667 1668 4722 ferunt
1690 4667 1924 4738 prmlia-

2037 4670 2220 4723 θεσθαι
2252 4670 2638 4745 προῦπεμψαν.
2691 4672 3066 4747 Περαιωθέντα
3124 4667 3182 4724 δὲ
3218 4671 3310 4724 τὸν
3346 4670 3552 4726 Λέοντα
3598 4669 3692 4724 καὶ

273 4772 423 4831 tum,
449 4770 626 4834 atque
658 4759 1158 4817 innumerabilem
1183 4756 1628 4814 multitudinem
1660 4755 1925 4812 hostium

2061 4759 2134 4826 “iw
2184 4759 2389 4814 Μυσίαν
2455 4758 2828 4839 κατειληφότα
2883 4760 3008 4838 φασὶ
3061 4758 3306 4821 ἐκτόπως
3360 4755 3693 4835 διαγωνίσα-

272 4855 629 4920 concidisse,
665 4852 810 4908 adeo
833 4857 902 4907 ut
929 4851 1188 4914 Simeon,
1223 4865 1438 4922 magna
1467 4847 1700 4904 consilii
1724 4847 1928 4919 inopia

273 4946 544 5002 affectus.
569 4959 677 5000 nec
720 4941 862 5014 quid
893 4941 1134 5002 faceret,
1159 4939 1424 5008 haberet,
1458 4955 1567 4994 nec
1600 4955 1715 5010 quo
1749 4939 1926 4994 modo

276 5036 562 5107 effugeret
583 5050 612 5088 e
645 5031 923 5087 manibus
979 5029 1148 5085 ducis
1196 5029 1369 5084 fortis
1426 5027 1573 5084 adeo
1607 5033 1667 5082 et
1701 5028 1926 5084 invicti.

271 5127 397 5181 Jam
421 5140 556 5180 cum
588 5122 786 5178 ceteri
819 5136 1056 5192 quoque
1079 5119 1237 5175 Μωδὶ
1265 5119 1463 5174 animo
1487 5117 1716 5189 abjecto
1731 5118 1929 5191 fugam

2036 4849 2179 4916 σθαι,
2213 4850 2298 4919 [Ρ.
2333 4852 2423 4920 ’76]
2455 4849 2543 4904 καὶ
2605 4849 2949 4925 ἀναρίθμητα
3006 4847 3197 4918 πλήθη
3251 4848 3686 4920 κατακόψαιτῶν

2037 4934 2338 5010 δυσμενῶν,
2371 4938 2445 4998 ὡς
2481 4938 2572 4992 τὸν
2633 4938 2858 5010 Συμεὼν
2913 4937 2990 4999 εἷς
3050 4936 3277 5011 ἀπορίαν
3335 4937 3686 5000 συνελαθῆναι

2039 5023 2242 5098 δεινὴν,
2283 5028 2370 5081 καὶ
2433 5026 2744 5105 ἀμηχανεῖν
2799 5028 2829 5081 δ
2885 5047 2938 5081 τι
2987 5026 3077 5080 καὶ
3136 5023 3334 5102 δράσῃ,
3390 5025 3482 5079 καὶ
3537 5025 3688 5085 ὅπως

2040 5115 2250 5193 ἐκφύγῃ
2283 5114 2428 5172 οὕτω
2457 5115 2655 5192 θρασὺν
2685 5114 2848 5193 ἄνδρα
2895 5117 2988 5173 καὶ
3019 5118 3477 5192 ἀκαταγώνιστον.
3539 5113 3685 5185 ’Ἤδη

1473 5268 1536 5324 C.
1578 5269 1641 5324 Β.
1685 5268 1876 5325 HASII
1909 5269 2470 5328 ANNOTATIONES.

335 5406 381 5536 ἒ
455 5406 579 5488 τῶν.
616 5399 919 5474 Τυράννων.
978 5395 1282 5453 Cedrenus
1338 5395 1409 5462 ΙΙ,
1491 5396 1615 5463 670,
1677 5396 1717 5447 C
1794 5393 1856 5446 τὸ
1929 5394 2258 5469 Τυροποιόν.
2319 5397 2365 5432 ⁸⁸
2445 5392 2715 5452 ἐκαλεῖτο.
2790 5397 2949 5452 Fort.
3013 5392 3285 5450 καλεῖται.
3343 5395 3392 5431 ⁵⁸
3465 5393 3687 5448 πάππον

269 5496 336 5536 σο

340 5596 450 5666 (60)
499 5595 850 5666 Tyropmum
891 5590 1131 5666 vocatur
1178 5602 1213 5641 a
1243 5582 1557 5666 _§edreno,
1607 5585 1734 5637 tum
1793 5581 1923 5639 loco

270 5655 451 5739 quem
482 5655 666 5739 attuli
687 5664 749 5718 in
769 5659 1061 5739 margine,
1088 5663 1211 5712 tum
1243 5656 1312 5712 Il.
1349 5658 1472 5711 699.
1505 5655 1568 5708 B.

341 5740 459 5811 (61)
488 5740 571 5797 De
591 5737 703 5796 hac
733 5726 932 5793 cladev
955 5733 1384 5798 Romanorum,
1441 5742 1573 5800 quas
1622 5726 1839 5784 accidit
1863 5744 1921 5785 a.

2105 5587 2229 5648 9l‘7,
2265 5585 2597 5656 Leonisque
2623 5584 2834 5640 Phoczr.
2865 5583 3217 5651 rebellione,
3249 5582 3380 5639 vide
3411 5581 3580 5637 Cedr.
3614 5581 3682 5636 ll.

2105 5658 2230 5710 613.
2267 5658 2327 5710 Β.
2364 5662 2422 5711 et
2460 5657 2595 5727 Pagi
2630 5656 2702 5712 ad
2734 5658 2944 5712 Baron.
2981 5657 3079 5712 Ill.
3105 5657 3231 5712 811.
3265 5657 3324 5710 C.
