4108 6198
401 405 520 469 839

1778 401 1979 461 LEON
1985 403 2058 462 IS
2101 404 2416 467 DIACONI

3690 415 3822 476 840

403 541 565 598 modi
599 555 768 595 voces
798 537 967 593 ﬂocci
1017 551 1137 590 non
1194 535 1442 594 faciens.
1483 531 1728 605 propius
1773 533 2044 600 accessit,

2159 532 2319 603 ξαντα
2349 541 2622 609 στρατιᾶς.
2657 539 2718 596 Ὁ
2748 535 2824 606 δὲ,
2878 537 3042 594 ὕθλον
3097 539 3394 609 τηνᾶλλως
3443 542 3572 606 τοὺς
3630 547 3821 600 τοιού-

401 633 579 688 ferire
613 645 857 685 conans.
891 629 1034 680 Tum
1079 624 1318 690 Bardas,
1350 629 1588 695 arrepta
1616 622 1844 678 casside
1869 639 2048 693 quam

407 736 756 792 suspensam
787 715 1048 790 gerebat,
1075 714 1268 770 subito
1300 730 1618 769 conversus
1649 713 1953 767 hominem
1987 712 2048 766 in

405 811 632 883 galeam
693 805 1022 878 percussit;
1057 804 1126 872 is,
1186 803 1484 875 perfracta
1540 801 1719 856 simul
1769 807 1827 856 et
1881 801 2050 872 galea

407 907 464 956 et
489 897 763 966 calvaria,
789 913 929 952 voce
959 895 1127 950 nulla
1159 895 1361 956 missa,
1390 894 1452 948 in
1493 899 1712 947 terram
1743 891 2044 946 defertur:

403 992 626 1046 Phocas
657 989 816 1044 hunc
846 986 908 1040 in
967 984 1207 1039 modum
1257 984 1318 1038 in
1355 981 1668 1038 castellum
1727 979 2046 1035 incolumis

400 1079 686 1152 pervenit.
757 1075 920 1140 Quod
993 1090 1127 1129 cum
1186 1071 1424 1139 Bardas,
1475 1071 1592 1126 dux
1639 1075 1699 1125 et
1747 1069 2044 1142 magister,

303 1213 306 1216 .
401 1169 665 1224 exercitu
714 1163 1224 1229 circumdedisset,
1254 1161 1442 1216 suasit
1473 1161 1700 1228 Phocm,
1732 1165 1800 1213 ut
1828 1159 1902 1214 ad
1932 1158 2045 1214 cle-

400 1258 687 1314 mentiam
720 1253 1006 1326 principis
1050 1251 1414 1322 confugeret,
1464 1250 1656 1321 deque
1711 1248 2044 1303 munitione

400 1346 838 1418 quamprimum
861 1341 1067 1396 exiret.
1101 1343 1177 1404 Is,
1210 1339 1310 1394 ubi
1342 1345 1469 1394 erat
1512 1338 1585 1393 ad
1643 1353 1906 1393 summas
1936 1353 2044 1391 an-

401 1437 624 1509 gustias
695 1445 1088 1504 magnamque
1143 1445 1343 1483 rerum
1401 1428 1662 1500 inopiam
1745 1427 2042 1495 redactus,

401 1525 606 1581 multis
636 1522 870 1595 agitatis
927 1517 1357 1590 perpensisque
1407 1517 1740 1585 sententiis,
1792 1515 2043 1570 fortuna:

399 1615 609 1672 cedere
641 1608 1436 1678 statuit,dominantibusque
1449 1607 1740 1678 subjicere
1760 1621 2046 1671 sese,mo-

399 1705 474 1761 do
499 1702 1078 1774 impunitatem,cum
1099 1713 1289 1763 suam,
1312 1702 1439 1750 tum
1461 1696 1778 1751 charorum
1802 1710 2044 1750 suorum

401 1795 766 1865 impetraret.
800 1791 886 1843 Ita
903 1787 1179 1858 evestigio
1204 1785 1320 1841 ﬁde
1340 1785 1658 1858 postulata,
1695 1801 1768 1838 ne
1787 1783 1930 1855 quid
1952 1784 2046 1837 in-

403 1879 699 1938 commodi
721 1877 1084 1949 caperet,ubi
1102 1877 1254 1930 hanc
1275 1892 1310 1930 a
1339 1874 1538 1930 Sclero
1568 1879 1898 1944 acceperat,
1926 1889 2044 1927 una

379 1985 541 2028 'cum
570 1984 753 2025 uxore
784 1984 850 2022 ac
881 1965 1086 2020 liberis
1117 1964 1190 2019 de
1239 1963 1484 2019 castello
1512 1963 1837 2018 descendit.
1869 1963 1925 2016 Is
1947 1977 2047 2016 eos

406 2065 676 2131 receptos
705 2056 860 2113 1‘26
916 2054 1250 2110 incolumes
1301 2058 1598 2109 asservat:
1633 2053 1705 2107 de
1737 2051 1924 2124 pactis
1972 2049 2047 2106 ad

404 2149 737 2224 principem
767 2145 981 2201 refert:
1007 2143 1150 2216 quid
1190 2159 1338 2214 opus
1395 2143 1472 2198 sit
1516 2141 1669 2197 facto
1700 2143 2044 2213 interrogat.

403 2237 728 2308 Rescripsit
780 2235 1036 2289 Joannes
1091 2233 1436 2304 imperator,
1485 2231 1734 2287 Bardam
1764 2231 2045 2299 Phocam,

399 2329 683 2384 clericum
715 2324 936 2380 factum
968 2323 1579 2391 circumtonsumque,
1615 2336 1750 2374 cum
1793 2321 2044 2390 conjuge

397 2425 574 2489 atque
605 2415 813 2472 liberis
843 2415 906 2468 in
936 2413 1146 2468 Chium
1185 2411 1445 2466 insulam
1477 2410 1862 2465 amandaret:
1894 2409 2042 2480 ipse,

399 2505 668 2562 abductis
708 2503 917 2574 copiis,
962 2503 1024 2556 in
1081 2502 1373 2570 Europam
1431 2515 1538 2570 per
1595 2499 2044 2569 Hellespontum

403 2596 796 2666 transjiceret,
853 2591 915 2646 in
971 2589 1377 2660 hibernisque,
1436 2605 1566 2659 quas
1621 2603 1730 2660 per
1758 2587 1888 2642 loca
1941 2588 2047 2642 illa

401 2686 540 2748 sint,
575 2682 918 2737 hibernaret
952 2696 964 2733 :
999 2695 1138 2734 nam
1178 2677 1367 2747 primo
1398 2693 1532 2732 vere
1564 2677 1760 2749 ipsum
1785 2677 2045 2747 impera-

401 2780 590 2828 torem
623 2787 756 2826 cum
818 2767 1038 2824 scholis
1069 2767 1130 2821 in
1162 2765 1406 2837 Scythas
1463 2771 1802 2820 moturum:
1838 2781 2044 2820 eorum

398 2863 745 2917 effrenatam
774 2856 1155 2912 insolentiam
1199 2853 1455 2910 tolerare
1485 2854 1709 2909 diutius
1765 2871 1827 2910 se
1859 2853 2041 2909 nolle.

469 3141 520 3192 9.
554 3136 788 3192 Etenim
821 3135 1071 3206 Scythae,
1134 3132 1205 3187 de
1237 3131 1441 3186 Bardaa
1485 3130 1655 3185 ducis
1713 3147 1782 3184 ex
1811 3131 2045 3203 Europa

402 3228 668 3283 discessu
690 3225 973 3280 certiores
1004 3223 1163 3284 facti,
1197 3222 1297 3292 qui
1330 3221 1404 3276 ob
1457 3221 1771 3275 excitatam
1805 3220 1978 3275 modo
2009 3237 2044 3276 a

2157 643 2287 684 τους
2349 625 2550 703 λόγους
2600 627 2906 700 τιθέμενος,
2965 629 3360 706 πλησιέστερον
3403 627 3513 706 ᾔει,
3545 634 3816 704 πλήττειν

2159 715 2524 786 πειρώμενος.
2557 717 2618 772 Ὀ
2651 714 2707 773 δὲ
2760 717 2996 794 Βάρδας,
3049 721 3148 788 τήν
3211 723 3660 796 παρῃωρημὲνην
3723 745 3820 778 κο-

2160 801 2326 874 ρύνην
2406 807 2948 881 μεταχειρισάμενος,
3011 808 3283 886 αἰφνίδιόν
3341 832 3400 866 τε
3466 815 3818 892 συπραιρείς,

2156 889 2292 943 κατὰ
2319 897 2420 960 τῆς
2449 892 2680 968 κόρυθος
2724 895 2869 950 παίει
2927 897 3019 952 τὸν
3082 896 3390 972 ἅνθρωπονο
3452 901 3480 955 ὁ
3539 897 3617 972 δὲ,
3673 889 3814 975 αὐτῇ

2157 985 2293 1055 κυνῇ
2343 986 2623 1059 κατεαγείς
2669 987 2734 1040 τὸ
2785 987 3027 1061 κρανίον,
3083 986 3312 1052 ἄναυδος
3369 993 3437 1063 τῇ
3493 995 3563 1066 γῇ
3627 1013 3813 1066 προσ-

2155 1075 2462 1147 αράσσεται·
2497 1075 2586 1128 καὶ
2621 1073 2795 1137 οὕτως
2829 1074 2881 1137 ἐς
2911 1076 2973 1130 τὸ
3005 1076 3268 1154 φρούριον
3300 1078 3328 1132 ὁ
3371 1083 3568 1140 Φωκᾶς
3615 1076 3814 1133 διασώ-

2159 1168 2322 1230 ζεται.
2385 1161 2590 1239 Βάρδας
2650 1162 2727 1234 δὲ,
2791 1166 2818 1220 ὁ
2885 1165 3265 1239 στρατηλάτης
3320 1167 3408 1222 καὶ
3467 1173 3813 1243 Μάγιστρος,

2151 1274 2214 1307 το
2247 1252 2506 1328 φρούριον
2532 1253 2977 1328 κυκλωσάμενος,
3008 1256 3240 1332 παρῄνει
3270 1262 3352 1330 τῷ
3402 1263 3570 1330 Φωκᾷ
3605 1255 3811 1334 Βάρδᾳ,

2152 1344 2252 1412 τήν
2293 1342 2572 1416 εὐμένειαν
2627 1349 2725 1399 τοῦ
2777 1350 3108 1420 κρατοῦντος
3162 1347 3507 1418 αἰτήσασθαι,
3561 1348 3653 1403 καὶ
3710 1353 3812 1404 τοῦ

2153 1432 2364 1507 τειχίου
2393 1435 2634 1488 κατιέναι
2665 1435 2740 1498 ὡς
2768 1436 3020 1510 τάχιστα.
3057 1437 3118 1493 Ὀ
3158 1433 3234 1506 δὲ,
3295 1437 3411 1492 ἐπεὶ
3464 1436 3519 1499 ἐς
3576 1437 3810 1513 ἀμηχα-

2151 1519 2268 1574 νίαν
2299 1517 2536 1594 ἐσχάτην
2567 1521 2654 1576 καὶ
2690 1519 2872 1591 δεινὴν
2925 1523 3152 1598 ἀπορίαν
3214 1524 3568 1595 συνείληπτο,
3619 1525 3812 1582 πολλά

2151 1609 2536 1684 γνωματεύσας
2593 1610 2683 1666 καὶ
2752 1610 3142 1687 λογισάμενος,
3236 1611 3378 1689 ἔγνω
3435 1612 3682 1670 ἐνδοῦναι
3738 1619 3811 1690 τῇ

2151 1697 2320 1774 τύχῃ,
2355 1697 2444 1753 καὶ
2483 1699 2618 1770 εἶξαι
2677 1705 2794 1762 τοῖς
2844 1705 3158 1776 κρατοῦσιν,
3219 1702 3268 1758 εἴ
3323 1703 3583 1768 ἀπάθειαν
3640 1704 3812 1758 αὐτοῦ

2151 1807 2210 1842 τε
2233 1787 2460 1842 καὶτῶν
2490 1787 2768 1864 φιλτάτων
2831 1791 2942 1866 (64)
2993 1787 3254 1864 λήψοιτο.
3317 1792 3628 1866 Παραυτίκα
3712 1792 3808 1847 οὗν

2078 1917 2122 1980 Β
2154 1875 2360 1938 πίστεις
2391 1877 2835 1950 ἐξαιτησάμενος,
2867 1880 2940 1942 ὡς
2972 1876 3124 1935 οὐδὲν
3182 1902 3233 1935 τι
3289 1886 3399 1936 τῶν
3458 1878 3636 1949 ἀηδῶν
3685 1883 3815 1936 πεί-

2154 1986 2323 2034 σεται,
2354 1967 2445 2020 καὶ
2472 1965 2667 2029 ταύτας
2699 1969 2836 2042 πρὸς
2867 1973 2964 2023 τοῦ
2997 1968 3256 2044 Σκληροῦ
3296 1970 3565 2050 εἰληφὼς,
3596 1970 3808 2026 κάτεισι

2153 2059 2249 2109 τοῦ
2281 2054 2547 2130 φρουρίου
2589 2055 2682 2110 σὺν
2709 2058 2922 2131 γυναικί
2953 2056 3042 2111 καὶ
3071 2057 3300 2122 τεκνοις.
3358 2060 3420 2114 Ὁ
3475 2057 3533 2114 δὲ
3577 2060 3812 2123 τούτους

2156 2140 2444 2217 δεξάμενος
2503 2144 2729 2207 ἀλύπως
2787 2145 3062 2223 ἐφρούρει,
3123 2144 3372 2221 ἀναφέρει
3458 2150 3524 2204 τὰ
3578 2151 3624 2186 ⁸⁸
3680 2152 3808 2222 ξυν-

2154 2229 2390 2307 αχθέντα
2433 2234 2568 2307 πρὸς
2633 2234 2878 2308 βασιλέα,
2937 2234 3193 2310 ἐρόμενος
3255 2237 3301 2274 ⁵⁷
3354 2237 3384 2292 ὅ
3464 2259 3518 2293 τι
3573 2236 3657 2292 δεῖ
3711 2237 3806 2292 καὶ

2153 2327 2347 2377 ποιεῖν.
2381 2323 2440 2379 Ὁ
2473 2320 2531 2377 δὲ
2561 2322 2912 2399 αὐτοκράτωρ
2957 2324 3215 2394 Ἰωάννης
3267 2324 3490 2396 ἐδηλου,
3549 2329 3639 2381 τὸν
3701 2328 3798 2400 μὲν

2151 2415 2253 2466 τοῦ
2284 2415 2453 2466 Φωκᾶ
2509 2409 2736 2486 Βάρδαν,
2787 2412 3053 2488 κληρικὸν
3113 2413 3471 2490 ἀποκαρέντα,
3543 2418 3656 2489 ἅμα
3705 2439 3804 2471 συ-

2155 2502 2299 2575 ζύγῳ
2328 2500 2417 2555 καὶ
2448 2503 2666 2562 τέκνοις
2696 2500 2747 2556 ἐν
2776 2505 2846 2575 τῇ
2877 2503 3028 2575 νήσῳ
3080 2504 3196 2576 Χίῳ
3245 2505 3572 2579 περιορίσαιο
3635 2507 3800 2561 αὐτὸν

2154 2587 2234 2660 δὲ,
2263 2591 2360 2651 τὰς
2419 2587 2674 2662 δυνάμεις
2732 2588 3086 2668 ἀνειληφότα,
3150 2593 3203 2654 ἐς
3253 2594 3352 2662 τὴν
3398 2595 3668 2668 Εὐρώπην
3716 2592 3808 2650 διὰ

2151 2682 2248 2732 τοῦ
2292 2676 2710 2747 Ἑλλησπόντου
2769 2677 3050 2754 διαπερᾷν,
3110 2683 3495 2757 χειμεριοῦντα
3550 2685 3683 2758 πρὸν
3740 2685 3808 2738 τὶ

2153 2773 2326 2822 εκεῖσε
2349 2765 2640 2842 χειμάδια·
2701 2766 2798 2837 ὣς,
2858 2772 2993 2844 ἦρος
3041 2770 3194 2832 εὐθὺς
3249 2771 3658 2846 ἐπιγινομένου,
3715 2775 3806 2829 καὶ

2154 2857 2314 2911 αὐτὸν
2376 2854 2610 2914 Βασιλέα
2673 2859 2806 2931 μετὰ
2861 2863 2970 2914 τῶν
3033 2859 3380 2916 ὑπασπιστῶν
3419 2861 3807 2936 ἐκστρατεύσας

2151 2945 2288 3000 κατά
2320 2949 2567 3010 Σκυθῶν
2601 2944 2744 3019 μηδέ
2771 2949 2873 3022 γὰρ
2903 2949 3008 3016 τήν
3058 2949 3265 3005 τούτων
3323 2950 3614 3008 ἀκάθεκτον
3647 2948 3803 3027 ὕϐριν

2151 3041 2480 3110 καρτερῆσαι
2514 3035 2732 3094 λοιπόν.

2225 3125 2289 3180 0'.
2323 3125 2488 3181 Οὗτοι
2518 3125 2642 3200 γὰρ,
2672 3125 2770 3194 τὴν
2803 3125 2910 3180 ἀπὸ
2963 3134 3064 3196 τῆς
3127 3128 3398 3203 Εὐρώπης
3454 3133 3552 3185 τοῦ
3607 3151 3805 3205 στρατ-

2155 3211 2364 3285 ηλάτου
2425 3212 2605 3290 Βάρδα
2651 3213 2958 3289 διαγνόντες
3014 3218 3264 3292 ἄπαρσιν,
3321 3219 3374 3281 ἐς
3430 3222 3531 3291 τήν
3618 3222 3801 3278 Ἀσίαν

329 3375 332 3382 ,
398 3317 586 3372 Barda
617 3315 813 3370 Phoca
833 3313 1186 3369 seditionem
1216 3287 1282 3365 in
1310 3311 1507 3366 Asiam
1560 3310 1632 3366 ab
1683 3311 2041 3381 imperatore

2155 3303 2299 3379 παρὰ
2333 3303 2608 3379 βασιλέως
2649 3301 2938 3368 σταλέντος
2999 3303 3087 3361 διὰ
3140 3311 3232 3362 τὸν
3279 3306 3518 3385 ἔναγχος
3577 3311 3802 3388 ἀναρῥι-

401 3412 529 3462 erat
549 3405 790 3472 missus,
824 3410 890 3459 ut
901 3404 1028 3476 jam
1050 3402 1272 3458 dictum
1306 3406 1396 3456 est
1450 3418 1484 3456 a
1538 3417 1652 3467 me,
1713 3401 2043 3473 plurimum

399 3501 700 3555 Romanos
748 3495 1058 3562 vexabant,
1115 3493 1676 3564 incursionibusque
1723 3493 2045 3564 derepente

398 3587 570 3644 factis
601 3585 868 3657 improbe
917 3583 1280 3654 diripiebant
1317 3582 1744 3654 vastabantque
1778 3581 2042 3638 Macedo-

399 3676 596 3731 niam:
633 3673 790 3744 quod
829 3673 1085 3727 Joannes
1117 3671 1406 3741 Magister,
1469 3677 1858 3740 cognomento
1890 3672 2042 3725 Cur-

399 3779 560 3826 cuas,
593 3761 688 3816 cui
721 3760 1027 3830 ecpiarum
1057 3759 1118 3813 in
1147 3759 1268 3812 illis
1293 3759 1563 3829 partibus
1581 3759 1900 3814 commissa
1919 3764 2048 3814 erat

400 3865 562 3911 cura,
596 3847 838 3903 desidiae
861 3851 1038 3918 atque
1097 3846 1502 3918 potationibus
1559 3851 1774 3917 prater
1801 3845 2045 3901 modum

401 3937 660 4003 deditus,
691 3936 966 4008 imperite
998 3942 1173 4006 atque
1207 3935 1618 4006 imprudenter
1645 3951 1739 3989 res
1788 3935 2045 3990 admini-

399 4029 656 4095 strabat;
680 4045 750 4084 ex
782 4045 896 4100 quo
931 4025 1004 4082 ad
1035 4025 1434 4098 arrogantiam
1476 4025 1874 4097 ﬁduciamque
1907 4029 2048 4083 Rus-

397 4136 598 4176 sorum
639 4135 702 4175 se
733 4122 1044 4174 erexerant
1082 4117 1286 4173 animi.
1311 4118 1574 4182 Quorum
1605 4115 1921 4186 superbam
1953 4116 2046 4172 in-

395 4210 711 4266 solentiam
730 4215 789 4264 et
808 4207 1155 4264 manifestas
1171 4205 1564 4262 contumelias
1577 4222 1711 4260 cum
1733 4205 2048 4261 nonferret

395 4300 744 4372 imperator,
785 4297 950 4353 omni
995 4297 1045 4350 vi
1070 4295 1364 4368 repellere
1391 4301 1450 4350 et
1477 4295 1736 4367 dejicere
1763 4311 2046 4366 propera-

394 4389 728 4462 bat,praalio
749 4387 982 4444 collatis
1006 4387 1190 4459 signis
1211 4385 1386 4440 facto.
1422 4385 1676 4439 Proinde
1693 4385 2046 4458 etigniieras

398 4480 668 4535 triremes
685 4478 920 4533 onerari
933 4478 955 4547 j
968 4473 1577 4546 ussit,etcomportari
1593 4472 2045 4545 Adrianopolim

394 4567 798 4624 fromentariis
821 4569 859 4620 1
875 4567 968 4622 27
998 4565 1246 4621 navibus
1274 4567 1673 4618 commeatum
1695 4561 2043 4633 plurimum,

2149 3391 2406 3456 πισθὲντα
2447 3393 2582 3467 πρὸς
2637 3391 2736 3449 τοῦ
2793 3399 2962 3449 Φωκᾶ
3016 3393 3196 3471 Βάρδα
3251 3401 3640 3474 νεωτερισμὸν,
3702 3422 3804 3456 κα-

2153 3481 2320 3556 θάπερ
2409 3503 2502 3555 μοι
2561 3478 2669 3551 ἤδη
2729 3481 2956 3557 ἐρῥήθη,
3041 3486 3110 3539 τὰ
3195 3489 3423 3562 μέγιστα
3486 3491 3806 3562 Ῥωμαίους

2151 3569 2414 3637 ἐσίνοντο,
2443 3568 2748 3648 αἲφνιδίους
2780 3570 3118 3642 ἐπεξελάσεις
3151 3575 3500 3649 ποιούμενοι,
3552 3593 3642 3632 και
3698 3581 3802 3649 τήν

2149 3664 2257 3715 τῶν
2313 3657 2640 3718 Μακεδόνων
2703 3660 3028 3736 ληϊζόμενοι
3085 3665 3174 3719 καὶ
3234 3662 3490 3741 δῃοῦντες
3541 3665 3805 3744 ἀφειδῶς*

2149 3754 2246 3804 τοῦ
2274 3751 2372 3818 τήν
2403 3747 2716 3805 ἐπιστασίαν
2777 3757 2875 3820 τῆς
2937 3751 3163 3808 ἐνταῦθα
3217 3760 3467 3829 στρατιᾶς
3523 3756 3808 3834 ἐγχειρισ-

2153 3837 2336 3902 θέντος
2369 3839 2624 3896 Ἰωάννου
2654 3841 2996 3916 Μαγίστρου,
3031 3843 3078 3915 ᾧ
3133 3843 3447 3910 Κουρκούας
3492 3845 3805 3920 ἐπώνυμον,

2151 3925 2204 3989 ἐς
2237 3928 2521 4002 ῥᾳστώνην
2553 3927 2642 3982 καὶ
2673 3927 2898 3999 πότους,
2945 3931 3092 4005 παρά
3143 3932 3206 3987 τὸ
3263 3933 3430 4002 εἰκὸς,
3471 3935 3810 3991 ἀποκλίναν-

2149 4037 2243 4079 τος
2274 4019 2410 4090 (65),
2445 4016 2684 4092 ἀπείρως
2711 4037 2770 4072 τε
2816 4018 2906 4074 καὶ
2967 4019 3191 4093 ἀμαθῶς
3245 4023 3624 4097 κεχρημένους
3678 4031 3806 4090 τοῖς
3847 4071 3857 4078 .

2153 4108 2461 4185 πράγμασι·
2495 4113 2574 4180 τῷ
2625 4129 2712 4164 τοι
2741 4109 2830 4164 καὶ
2889 4109 2942 4172 ἐς
2998 4111 3284 4175 αὐθάδειαν
3334 4116 3420 4170 καὶ
3483 4116 3676 4191 θράσος
3737 4117 3806 4174 τὰ

2151 4199 2389 4285 Ῥωσικά
2421 4196 2634 4272 ἐπήρθη
2670 4201 3009 4276 φρονήματα.
3063 4203 3174 4268 Τήν
3239 4205 3548 4280 ὑπέραυχον
3599 4228 3802 4285 τοιγα-

2153 4290 2280 4354 ροῦν
2312 4283 2635 4354 ἀλαζονείαν
2669 4286 2868 4357 αὐτῶν,
2910 4289 2999 4343 καὶ
3050 4290 3142 4344 τὸν
3205 4293 3454 4368 ἀντικρὺς
3508 4283 3803 4369 προπηλα-

2150 4375 2352 4448 κισμὸν
2387 4377 2462 4446 μή
2499 4372 2699 4449 στέγων
2733 4377 2761 4430 ὁ
2797 4375 3076 4452 βασιλεὺς,
3111 4383 3268 4436 παντῖ
3331 4384 3500 4438 σθένει
3543 4385 3799 4442 κολούειν

2152 4465 2245 4520 καὶ
2303 4470 2577 4537 κατασπᾷν
2657 4467 2917 4540 ἠπείγετο
2997 4468 3058 4524 ἐκ
3115 4475 3211 4526 τοῦ
3267 4471 3532 4546 συστάδην
3584 4477 3803 4540 τούτοις

2157 4557 2586 4630 συμπλέκεσθαι,
2614 4559 2886 4623 Ἐντεῦθεν
2926 4561 3015 4615 καὶ
3074 4565 3168 4624 τάς
3223 4563 3504 4640 ἐμπύρους
3559 4571 3804 4645 τριήρεις

398 4658 660 4728 itemque
687 4655 969 4728 pabulum
995 4653 1308 4725 jumentis,
1335 4659 1392 4708 et
1419 4667 1722 4708 armorum
1754 4656 2042 4722 quantum

2155 4645 2460 4722 ἐρματίζειν
2492 4645 2841 4721 προσέταττε,
2876 4649 2964 4704 καὶ
3001 4654 3081 4724 [Ρ.
3140 4655 3230 4727 ’78]
3274 4653 3426 4709 σίτου
3483 4641 3702 4724 πλῆθος⁷
3754 4657 3806 4720 ἐς

397 4751 488 4802 sat
513 4763 640 4801 esse
656 4745 1046 4812 militibus,ne
1070 4744 1212 4816 quid
1227 4760 1430 4800 earum
1451 4757 1650 4798 rerum
1663 4741 2047 4798 dimicationis

402 4840 667 4906 tempore
717 4836 998 4891 Romanis
1054 4834 1306 4890 deesset.
1366 4835 1498 4889 Haec
1547 4833 1685 4889 dum
1737 4839 2044 4906 parantur,

399 4924 762 4982 Theodoram
797 4965 813 4996 ,
882 4924 1254 4982 Constantini
1323 4923 1814 4998 Porphyrogeniti
1899 4924 2044 4996 imp.

2154 4737 2253 4805 τήν
2287 4739 2383 4789 τοῦ
2440 4732 2727 4810 Ἀδριανοῦ
2781 4737 2946 4792 πόλιν
2997 4736 3086 4793 διὰ
3135 4744 3240 4795 τῶν
3293 4747 3536 4819 σιτηγῶν
3592 4741 3803 4800 πλοίων

2156 4825 2422 4898 κομίζειν,
2453 4825 2541 4879 καὶ
2605 4827 2964 4901 χορτάσματα
2992 4832 3098 4883 τῶν
3161 4831 3468 4906 ὑποζυγίων
3513 4835 3602 4888 καὶ
3667 4833 3802 4889 ἀπο-

2155 4919 2377 4990 χρῶντα
2407 4912 2552 4968 ὅπλα
2579 4921 2646 4984 τῆ
2680 4919 2920 4986 στοατιᾷ,
2954 4917 3029 4980 ὡς
3094 4921 3170 4992 μή
3227 4939 3376 4985 τινος
3428 4921 3638 4978 τούτων
3669 4925 3807 4980 κατὰ

1605 5049 1664 5107 C.
1707 5051 1768 5106 Β.
1813 5050 2002 5106 ΗΔΞΙΙ
2037 5047 2591 5107 ANNOTATIONES.

470 5175 517 5212 ⁸⁸
545 5177 699 5234 Fort.
735 5173 982 5252 ἀναφέρει
1013 5194 1090 5230 τε.
1122 5175 1167 5212 ⁵⁷
1197 5175 1488 5250 αΐρόμενος
1516 5175 1646 5230 cod.

467 5293 583 5370 (βε)
606 5291 686 5349 Τὰ
714 5289 949 5370 φίλτατα
970 5297 1118 5370 sunt
1148 5291 1340 5370 liber_i._
1363 5297 1427 5347 ut
1461 5293 1524 5370 in
1556 5296 1696 5370 nota
1725 5291 2044 5370 locutione,

403 5359 831 5440 nuesﬁuvhﬁzpi
904 5361 1214 5436 φιλτάτοις,
1273 5363 1636 5440 ‘Werpsdprf.
1693 5359 2045 5440 adflimer.

402 5440 527 5493 874.
557 5441 614 5492 C.
653 5433 788 5491 Vid.’
819 5433 1054 5506 qucque
1087 5451 1265 5506 supra
1289 5437 1341 5489 8.
1392 5436 1454 5490 C.
1517 5436 1662 5489 ltem
1699 5433 2048 5506 valckenar.

401 5509 474 5566 ad
511 5509 798 5564 Phceniss.
830 5505 1108 5563 193.7462.
1138 5505 1194 5561 et
1223 5507 1414 5562 virum
1475 5507 1537 5561 in
1587 5505 1802 5560 litteris
1834 5507 2052 5562 Graecis

402 5581 733 5654 principem
759 5583 1001 5652 August.
1035 5579 1247 5634 Bmckh
1283 5581 1349 5633 In
1381 5579 1535 5654 Plat.
1565 5578 1962 5654 Minoem_123.
1987 5579 2050 5636 Β.

399 5649 967 5724 Reddidi,charoi-um
977 5651 1499 5724 suorum,exemplo
1516 5649 1800 5708 Lactantii
1824 5650 1903 5724 l_)e
1917 5665 2052 5707 vero

400 5727 564 5784 cultu
590 5726 886 5797 540,23,”
913 5723 1108 5783 charos
1145 5739 1267 5783 suos
1293 5722 1767 5799 Deo—relinquere.
1786 5722 1904 5782 Alii
1931 5738 2055 5780 ver-

2157 5294 2357 5348 terunt
2389 5288 2716 5346 charissima
2739 5294 2998 5362 pignora,
3021 5299 3087 5350 ut
3119 5296 3295 5353 Henr.
3331 5297 3600 5355 Valesius
3616 5301 3690 5356 ad
3707 5305 3787 5357 Eu

2162 5363 2464 5440 seb._Hi_st.
2501 5362 2815 5440 Eccl.g355_.
2875 5364 2939 5440 D.
3000 5365 3348 5440 Vulcanius,
3407 5386 3530 5440 quae
3569 5371 3815 5429 habebat

2160 5435 2488 5517 charissima
2497 5433 2612 5517 .‘ad
2645 5435 2854 5517 Agatb.
2889 5439 3087 5517 £37.}
3141 5439 3361 5517 Eodem
3391 5433 3572 5517 s'ensu
3630 5442 3695 5498 τὰ
3723 5464 3810 5498 τι-

2164 5507 2410 5634 ἕὲξταῖα
2441 5505 2671 5561 videtur
2689 5505 2803 5561 dici
2828 5511 2980 5580 apud
3011 5510 3382 5580 Byzantinos.
3414 5513 3721 5571 Cedrenus
3739 5517 3794 5572 II

2165 5620 2653 5779 LY‘thaitgathias
2687 5651 2768 5704 19.
2801 5651 2860 5706 C.
2893 5651 3110 5706 Confer
3140 5659 3428 5724 praeterea
3479 5655 3732 5714 Leonem
3757 5661 3814 5717 4.

4102 623 4103 712 ψ

4101 837 4103 910 ι

4101 1143 4103 1242 φ
