4108 6198
365 336 484 397 847

1802 326 2083 388 LEONIS
2132 327 2458 389 DIACONI

3660 337 3772 399 8ιὸ

361 473 719 542 niantesque
748 467 1338 536 illosadorimur.spe
1362 463 1545 519 ducor
1563 464 1726 534 (pace
1745 460 1993 515 numini:

2125 455 2572 533 παροδεύσωμεν,
2634 462 2740 537 πρὸ
2800 467 2899 518 τοῦ
2956 466 3342 541 Ταυροσκύθας
3376 467 3653 535 αἰσθέσθαι
3683 474 3780 542 τὴν

363 563 656 625 dixerim),
681 560 872 631 primo
899 558 1123 626 impetu
1156 553 1244 608 vel
1269 551 1694 608 Praesthlabam
1726 549 2011 622 oppidum

363 652 674 706 Moesorum
707 647 948 718 regiam,
975 643 1161 699 teneri
1225 659 1395 714 posse
1422 659 1434 696 :
1495 641 1653 696 unde
1686 641 1842 695 ultra
1871 655 2010 710 pro-

361 739 546 812 gressi
575 736 874 792 vesaniam
906 734 1212 790 Russicam
1243 732 1416 788 facile
1457 731 1938 802 comprimemus.
1978 750 2005 776 »

2121 549 2282 619 ἡμῶν
2344 543 2560 626 ἔφοδον,
2610 552 2699 605 καὶ
2761 553 2837 615 εἰς
2877 554 3051 623 ἀλκὴν
3114 556 3249 610 κο.τά
3306 557 3402 622 τὰς
3463 557 3778 636 δυσχωρίας

2121 637 2384 710 ὁρμῆσαι.
2418 639 2482 696 Εἰ
2529 641 2630 716 γάρ
2689 645 3106 716 προτερήσομεν
3135 647 3234 712 τήν
3293 651 3402 702 τῶν
3457 649 3778 727 ἐπισφαλῶν

2120 726 2342 800 χωρίων
2397 724 2666 798 διάϐασιν,
2714 731 2803 785 xui
2865 731 3241 806 ἀπροσδόκητι
3293 736 3510 799 τούτοις
3540 724 3783 813 προσϐά-

362 808 546 898 λωμεν
575 826 642 896 ⁸⁸,
675 825 833 896 οἶμαι
865 821 978 894 (σὺν
1010 824 1126 893 Θεῷ
1153 817 1210 874 δὲ
1258 819 1538 894 εἰρήσθω),
1573 821 1658 888 [Ρ.
1709 819 1798 889 8i]
1835 808 2084 869 αὐτοϐοεὶ
2114 816 2200 868 καὶ
2234 817 2334 884 τήν
2358 815 2519 871 πόλιν
2555 815 2935 892 Πραισθλάϐαν
2969 822 3234 897 αἱρήσειν,
3329 826 3536 889 Μυσοῖς
3571 808 3686 881 ἔστι
3714 827 3782 882 τά

363 914 632 989 βασίλεια·
667 912 906 968 κάκεῖθεν
941 910 1280 985 ὁρμώμενοι,
1316 907 1482 984 ῥᾷστα
1510 909 1610 976 τήν
1637 905 1902 972 Ῥωσιγὴν
1936 902 2194 958 ἀπόνοιαν
2223 907 2720 982 καταγωνισάμεθα.
2762 933 2790 960 ››

427 1035 478 1086 3.
514 1033 647 1085 Haec
677 1031 1001 1099 imperator
1021 1043 1156 1082 cum
1192 1025 1434 1088 diceret,
1459 1023 1756 1096 magistris
1779 1021 2007 1075 militiaa

359 1121 732 1189 tribunisque
764 1117 1022 1172 militum
1041 1116 1226 1170 oratio
1250 1115 1378 1186 ejus
1401 1111 1830 1182 intempestivae
1855 1110 2008 1164 fidu-

360 1213 464 1266 ciae
485 1209 867 1278 audaciaque
905 1207 1083 1278 plena
1121 1205 1243 1259 visa
1294 1209 1400 1266 est,
1435 1209 1658 1258 temere
1691 1201 1751 1255 in
1783 1200 2004 1254 factum

357 1300 604 1355 demens
637 1296 1024 1368 erumpentis,
1059 1295 1215 1365 quod
1246 1291 1659 1364 imprudenter
1713 1292 2007 1344 Romanas

358 1391 558 1460 copias
589 1389 852 1443 saltuoso
887 1385 1191 1454 arduoque
1221 1384 1435 1438 itinere
1468 1385 1772 1436 externam
1796 1378 1854 1431 in
1890 1383 2004 1431 ter-

363 1495 489 1532 ram
520 1477 829 1532 traducere
861 1473 1161 1529 suaderet.
1231 1473 1440 1539 Quare,
1475 1486 1607 1524 cum
1653 1465 2003 1538 aliquandiu

357 1568 804 1632 conticuissent,
837 1566 1166 1620 instaurate
1199 1578 1471 1617 sermone
1503 1561 1828 1630 imperator
1857 1557 2006 1611 indi-

354 1674 563 1728 gnans,
598 1679 625 1705 «
660 1656 724 1708 ln
785 1653 1218 1716 dimicationes,
1259 1673 1278 1700 ιο
1330 1649 1544 1720 inquit,
1590 1647 1734 1701 «ita
1780 1645 2000 1715 venire,

353 1752 419 1800 ut
448 1747 646 1801 minus
666 1743 894 1814 judicio
925 1758 1104 1812 quam
1135 1743 1359 1811 impetu
1386 1745 1446 1793 et
1465 1737 1798 1792 temeritate
1823 1735 2003 1790 duca-
2036 1773 2081 1836 Β

350 1852 435 1900 re,
469 1835 528 1888 id
559 1840 779 1904 quanta
807 1831 1071 1904 pericula
1101 1832 1311 1885 afferre
1363 1829 1550 1883 soleat
1581 1841 1878 1896 quamque
1911 1825 1997 1877 in-

353 1923 649 1978 sanabiles
682 1923 904 1994 plagas,
939 1921 1240 1992 cognitum
1273 1924 1331 1973 et
1378 1919 1504 1988 ipse
1563 1915 1774 1980 habeo,
1801 1931 1831 1968 e
1859 1931 2000 1985 pue-

350 2013 490 2066 ritia
519 2013 580 2066 in
611 2011 834 2083 praeliis
895 2015 1182 2076 versatus,
1243 2007 1592 2079 palmasque
1647 2021 1768 2058 non
1828 2018 1997 2069 unas,

355 2101 512 2171 quod
544 2101 694 2156 scire
725 2117 825 2156 vos
869 2099 1143 2163 arbitror,
1179 2103 1237 2152 et
1290 2095 1566 2150 victorias
1623 2099 1997 2148 consecutus.

353 2189 467 2246 Sed
497 2189 732 2261 quando
763 2190 1024 2255 fortuna,
1059 2188 1120 2241 in
1163 2187 1316 2242 132
1374 2182 1674 2239 novaculae
1705 2182 1830 2236 acie
1858 2198 2000 2236 con-

353 2280 578 2348 stituta,
628 2279 703 2334 ad
736 2279 1049 2334 arbitrium
1098 2292 1270 2348 agere
1318 2291 1439 2329 non
1488 2272 1798 2344 permittit,
1857 2276 1999 2326 tunc

349 2369 631 2424 audacter
660 2373 896 2439 arrepta
917 2366 1020 2421 illa
1049 2381 1176 2420 rem
1206 2365 1327 2436 geri
1369 2368 1662 2434 oportere,
1697 2360 1758 2414 id
1779 2376 1852 2414 ne
1885 2359 1998 2431 ipsi

350 2460 611 2529 quidem,
629 2460 862 2530 opinor,
889 2457 1200 2530 negabitis,
1223 2455 1324 2527 qui
1339 2470 1615 2526 magnam
1629 2451 1904 2523 peritiam
1929 2467 1997 2505 ex

347 2547 576 2603 incerto
617 2549 981 2618 ancipitique
1040 2545 1335 2600 bellorum
1396 2549 1608 2599 eventu
1653 2544 1994 2616 collegistis.

346 2639 556 2702 Quare,
585 2637 630 2690 si
656 2636 798 2707 quid
831 2635 977 2690 mihi
1007 2634 1248 2689 creditis
1271 2633 1519 2688 meliora
1541 2632 1832 2699 suadenti,
1853 2633 1994 2686 dum

347 2726 576 2796 Scythzn
624 2725 866 2780 desidiae
898 2741 959 2779 se
990 2725 1154 2789 dant,
1187 2723 1444 2778 necdum
1476 2723 1547 2777 de
1579 2721 1832 2777 adventu
1889 2737 1994 2775 no-

349 2819 470 2869 stro
503 2821 848 2888 cognorunt,
896 2815 1198 2885 rapiamus
1248 2813 1644 2876 occasionem,
1679 2816 1737 2866 et
1781 2811 1996 2866 transi-

348 2911 476 2960 tum
505 2905 768 2962 faucium
797 2905 1041 2960 victoria
1084 2907 1498 2973 consequetur.
1533 2903 1698 2969 Nam,
1733 2901 1780 2956 si
1806 2899 1993 2955 intel-

346 2995 603 3050 lexerint
627 3013 735 3051 nos
759 2995 1160 3050 transmittere
1181 2992 1352 3062 velle,
1387 3007 1681 3063 superque
1707 2989 1994 3063 angustiis

349 3085 563 3140 infesta
588 3085 712 3141 acie
735 3083 1131 3150 constiterint,
1164 3098 1369 3137 vereor
1402 3086 1466 3136 ut
1497 3081 1718 3134 exitum
1764 3079 1994 3152 optabi-

3636 1030 3682 1049 ﬁt

2189 1025 2252 1092 γ’.
2289 1019 2465 1075 Ἀλλά
2493 1026 2661 1078 ταῦτα
2721 1025 2814 1095 μὲν
2877 1026 3020 1081 εἶπεν
3051 1027 3078 1080 ὁ
3115 1027 3390 1102 βασιλεὺς,
3451 1037 3571 1093 τοῖς
3631 1030 3690 1087 δὲ
3720 1055 3780 1108 γε

2119 1116 2446 1183 στρατηγοῖς
2501 1113 2592 1166 καὶ
2648 1113 2968 1190 ταξιάρχοις
3022 1113 3246 1192 ἄκαιρος
3299 1115 3472 1174 ἐδόκει
3530 1125 3687 1177 ταυτὶ
3716 1123 3781 1176 τὰ

2118 1194 2346 1269 ῥηθέντα
2397 1199 2617 1272 τόλμα,
2676 1203 2766 1256 xui
2819 1202 3114 1273 τηνάλλως
3172 1207 3372 1280 θράσος
3427 1209 3482 1272 ἐς
3513 1209 3775 1266 ἀπόνοιαν

2117 1283 2378 1341 ἐκπίπτον
2435 1289 2749 1363 ἀλόγιστον,
2809 1289 3219 1367 ἀπερισκέπτως
3297 1297 3397 1365 τήν
3456 1300 3773 1370 Ῥωμαϊκὴν

2116 1371 2342 1447 δύναμιν
2379 1375 2466 1431 διὰ
2498 1377 2884 1454 σηραγγώδους
2913 1382 3002 1436 xui
3035 1383 3402 1457 κρημνώδους
3437 1385 3566 1441 ὀδοῦ
3596 1385 3774 1444 3&5:-

2114 1457 2292 1554 ϐάζειν
2328 1464 2414 1520 ἐπὶ
2445 1473 2546 1536 τῆς
2583 1467 2905 1534 ἀλλοδαπῆς
2960 1475 3401 1547 προτρεπόμενα.
3438 1477 3552 1554 Ἐφ’
3583 1479 3771 1534 ἱκακὸν

2113 1551 2203 1606 οὖν
2236 1555 2440 1628 χρόνον
2475 1558 2808 1613 σιωπώντων
2869 1561 3071 1631 αὐτῶν,
3130 1559 3418 1619 ἀναλαϐὼν
3480 1551 3635 1631 uber;
3681 1568 3771 1622 xui

2112 1641 2403 1713 ἀνοιδῆσας
2463 1645 2490 1698 ὁ
2549 1647 2902 1723 αὐτοκράτωρ
2960 1650 3146 1727 φησιν·
3209 1657 3388 1710 α”Οτι
3441 1655 3536 1728 μὲν
3597 1657 3661 1712 τὸ
3693 1659 3769 1730 μή

2112 1729 2526 1806 λελογισμένως
2578 1737 2723 1808 παρὰ
2770 1736 2898 1800 τοὺς
2946 1737 3225 1812 πολέμους
3251 1742 3298 1778 6⁵
3358 1750 3581 1818 χωρεῖν,
3642 1729 3774 1800 ἀλλ’

2112 1819 2361 1882 αὐθαδως
2411 1823 2499 1876 καὶ
2550 1827 2810 1898 θρασέως,
2867 1825 3112 1883 κίνδυνον
3173 1829 3356 1887 εἶ’ωθεν
3393 1833 3466 1894 ὡς
3525 1834 3774 1907 μάλιστα

2107 1909 2386 1984 προξενεῖν
2416 1911 2505 1965 καὶ
2565 1913 2923 1987 πανολεθρίαν
2981 1918 3298 1989 ἀνήκεστον,
3352 1919 3646 1995 ἐπίσταμαι
3677 1925 3768 1979 xui

2105 1997 2289 2069 αὐτὸς,
2324 1999 2382 2054 ἐκ
2439 2001 2694 2072 νεότητος
2752 2009 2871 2067 ταῖς
2933 2007 3135 2082 μάχαις
3169 2009 3526 2088 ἀναστραφεὶς
3556 2013 3606 2047 δδ
3630 2017 3762 2087 (76),

2105 2098 2194 2152 καὶ
2250 2097 2440 2154 πολλά
2497 2101 2748 2175 τρόπαια,
2809 2105 2988 2168 καθὼς
3024 2105 3156 2176 ἴστε,
3206 2109 3296 2163 καὶ
3353 2110 3503 2174 νίκας
3557 2111 3764 2184 ἀναδη-

2107 2187 2514 2258 σάμενος.”οτι
2562 2187 2640 2258 δὲ,
2700 2191 2751 2245 ἐν
2813 2195 3194 2272 οἴςὸκαιρὸς,
3253 2198 3328 2262 ὡς
3386 2199 3474 2254 ἐπὶ
3532 2203 3696 2273 ξυροῦ
3718 2203 3768 2240 ⁵⁷

2107 2275 2288 2348 ἀκμῆς
2348 2277 2590 2348 ἑστηκὼς
2635 2323 2650 2348 ,
2714 2282 2790 2352 μή
2847 2282 2985 2336 κατά
3038 2286 3266 2359 γνώμην
3348 2291 3582 2362 χρῆσθαι
3643 2297 3766 2354 τοῖς

2105 2365 2387 2439 πράγμασι
2422 2363 2638 2437 δίδωσι,
2681 2366 2764 2423 δεῖ
2819 2391 2926 2425 που
2990 2377 3183 2428 τοῦτον
3243 2379 3632 2452 προαρπάζειν,
3671 2382 3764 2435 καὶ

2103 2453 2169 2506 τά
2217 2453 2390 2508 οἰκεῖα
2442 2457 2498 2510 εὗ
2557 2455 2818 2528 τίθεσθαι,
2888 2465 3242 2531 συνθησεσθαί
3308 2486 3406 2537 μοι
3465 2465 3612 2522 δοκῶ
3671 2471 3765 2524 καὶ

2102 2543 2344 2612 αὐτοὺς,
2405 2544 2688 2621 ἐμπειρίαν
2757 2546 2979 2618 πολλὴν
3063 2550 3493 2627 ἀναλεξαμένους
3549 2557 3610 2613 ἐκ
3657 2566 3765 2628 τῆς

2103 2630 2543 2705 ἀλλεπαλλήλου
2594 2637 2684 2691 καὶ
2717 2637 3093 2712 ἑτεροκλινοῦς
3125 2647 3234 2697 τῶν
3265 2644 3528 2718 πολέμιον
3563 2647 3765 2723 ῥοπῆς,

2104 2720 2173 2812 Εἴ
2219 2743 2270 2776 τι
2333 2724 2426 2776 οὗν
2489 2745 2580 2797 μοι
2639 2727 2887 2791 πείθεσθε
2941 2730 3010 2784 τὰ
3063 2728 3245 2804 λῴονα
3307 2720 3766 2812 συμϐουλεύοντῄ

2100 2805 2210 2872 ἕως
2238 2812 2288 2864 οἱ
2323 2811 2524 2866 Σκύθαι
2566 2815 2703 2889 πρὸς
2759 2815 3041 2892 ῥᾳστώνην
3097 2820 3532 2895 ἀναπεπτώκασι,
3590 2805 3766 2900 μήπω

2101 2901 2200 2969 τὴν
2230 2903 2390 2974 ἡμῶν
2451 2903 2766 2977 αἰσθόμενοι
2826 2904 3003 2978 ἄφιξιν
3064 2911 3393 2986 ἁρπάσωμεν
3421 2917 3512 2970 τὸν
3545 2919 3764 2992 καιρὸν,

2099 2990 2187 3043 καὶ
2221 2992 2256 3059 ἡ
2289 2992 2406 3058 νίκη
2434 2996 2504 3066 τῇ
2537 2989 2779 3050 διαϐάσει
2811 3003 2911 3067 τῆς
2971 2997 3295 3076 κλεισοῦρας
3354 2989 3656 3080 συνέψεται.
3695 3009 3760 3066 Εἰ

2097 3081 2200 3155 γὰρ
2258 3077 2666 3153 διαϐησείοντας
2727 3087 2874 3158 ἡμᾶς
2922 3087 3212 3159 αἶ’σϐοιντο,
3275 3094 3362 3148 καὶ
3423 3095 3499 3158 εἰς
3526 3097 3761 3154 ἀντίπαο

345 3177 464 3232 lem
496 3193 591 3231 res
621 3175 856 3241 habeat,
889 3191 1034 3229 neve
1065 3146 1127 3227 in
1160 3171 1484 3227 discrimen
1516 3171 1711 3242 potius
1735 3146 1991 3224 difﬁcul-

2103 3166 2200 3224 λον
2241 3168 2328 3225 ἐπὶ
2380 3176 2490 3226 τῶν
2546 3180 2834 3230 στενωπῶν
2895 3177 3266 3250 ἀντιτάξοιντο
3321 3183 3594 3261 φάλαγγα,
3654 3190 3762 3244 οὐκ

345 3273 646 3339 tatemque
674 3282 971 3322 summam
1029 3263 1374 3318 adducatur.
1437 3261 1693 3316 Proinde
1725 3260 1896 3315 facile
1925 3264 1993 3314 ut

343 3359 558 3414 fortem
591 3358 856 3412 animum
889 3354 1177 3418 habeatis,
1210 3356 1672 3423 reputantesque
1699 3353 1994 3406 Romanos

344 3465 444 3504 vos
475 3465 626 3514 esse,
662 3447 762 3518 qui
795 3443 1164 3500 adversarios
1195 3459 1404 3497 omnes
1437 3441 1581 3496 olim
1607 3441 1788 3496 armis
1821 3440 1996 3496 sube-

343 3539 555 3606 gerint,
607 3537 722 3591 cito
781 3533 1124 3604 sequimini,
1186 3533 1458 3586 virtutem
1518 3537 1771 3585 vestram
1820 3530 1995 3585 faelis

345 3627 736 3680 declarantes.
775 3647 801 3672 »

417 3814 469 3866 4.
503 3812 620 3867 Ilac
650 3809 852 3865 habita
879 3807 1166 3872 oratione,
1217 3807 1434 3878 insigni
1465 3810 1768 3860 armatura
1799 3805 1995 3860 muni-

345 3908 462 3970 tus,
497 3901 842 3970 insessoque
864 3914 1152 3971 generoso
1182 3902 1358 3967 atque
1380 3896 1501 3950 acri
1525 3911 1698 3965 equo,
1726 3894 1994 3949 lanceam

345 3996 706 4066 praelongam
743 3990 988 4044 humero
1019 4004 1250 4061 gerens,
1285 3986 1390 4040 viae
1423 4002 1484 4040 se
1517 3984 1697 4054 dedit,
1721 4001 1990 4055 praeeun-

344 4089 464 4138 tem
497 4078 1309 4148 habensimmortalium.quo
1332 4080 1560 4141 vocant,
1587 4074 1818 4146 egregie
1843 4074 1952 4128 lori
1970 4103 1991 4116 ο

343 4180 535 4229 catam
559 4173 862 4228 cohortem
889 4187 902 4223 :
925 4185 1081 4241 pone
1095 4167 1497 4239 sequebantur
1526 4165 1988 4234 legionariorum

338 4263 802 4318 fortissimorum
835 4259 1024 4314 millia
1050 4258 1313 4328 quinque
1344 4263 1403 4312 et
1437 4256 1666 4320 decem,
1721 4255 1988 4325 equitum

338 4353 626 4409 tredecim
667 4351 877 4406 millia.
920 4349 1204 4419 Reliquus
1235 4348 1530 4402 exercitus
1561 4363 1694 4402 cum
1727 4345 1984 4416 impedi-

338 4445 556 4500 mentis
588 4448 646 4498 et
675 4440 1006 4508 calonibus,
1069 4438 1371 4509 helepoles
1417 4444 1474 4492 et
1505 4439 1793 4509 cujusque
1824 4421 1984 4491 modi

2101 3257 2177 3320 εἷς
2237 3258 2404 3314 καλὸν
2463 3263 2598 3334 ἡμῖν
2655 3263 2968 3336 τελευτήσει
3025 3268 3092 3322 τά
3149 3257 3654 3346 πράγματαράλὶθ
3706 3276 3763 3340 ἐς

2099 3347 2330 3424 ἀπορίαν
2383 3351 2472 3404 καὶ
2532 3352 2846 3428 ἀμηχανίαν
2909 3353 3108 3427 δεινήν.
3175 3359 3612 3437 Ἐπιρῥώσαντες
3661 3368 3758 3422 οὗν

2097 3441 2224 3501 τοὺς
2310 3439 2513 3513 θυμοὺς
2553 3486 2566 3508 ,
2651 3443 2740 3496 καὶ
2823 3442 3220 3521 λογισάμενοι,
3325 3450 3407 3506 ὅτι
3493 3455 3762 3528 Ῥωμαῖοί

2097 3526 2215 3584 ἐστε
2265 3533 2376 3602 (Ti)
2433 3531 2483 3584 οἱ
2540 3531 2602 3586 τὸ
2658 3530 2903 3603 ἀντίξουν
2957 3533 3096 3590 ἅπαν
3147 3538 3210 3592 τὸ
3275 3539 3506 3615 πρόσθεν
3557 3526 3762 3608 ὅπλοις

2096 3620 2636 3695 καταστρεφόμενοι,
2690 3618 2879 3678 ἕπεσθε
2932 3625 3032 3693 τὴν
3087 3628 3384 3702 ταχίστην,
3444 3632 3544 3701 τήν
3604 3641 3758 3708 σφῶν

2095 3706 2287 3781 ἀρετήν
2323 3706 2410 3762 ἐπὶ
2441 3713 2548 3762 τῶν
2582 3705 2751 3784 ἔργων
2787 3708 3241 3787 ἐπιδεικνύμενοι,
3279 3741 3306 3768 ››

2166 3801 2228 3860 δ’.
2290 3807 2473 3862 Ταῦτα
2533 3805 2725 3876 εἰπὼν,
2781 3809 2871 3862 καὶ
2933 3810 3225 3886 ἀριπρεπεῖ
3283 3816 3585 3892 πάντευχίᾳ
3615 3831 3756 3884 καθα

2093 3897 2397 3964 οπλισθεὶς,
2429 3897 2510 3975 ἐφ’
2534 3896 2710 3953 *ίππου
2737 3919 2795 3954 τε
2835 3901 3040 3975 γαύρου
3091 3905 3177 3959 καὶ
3241 3901 3476 3982 σοϐαροῦ
3535 3906 3754 3982 ἐπιϐάς,

2089 3986 2180 4040 καὶ
2242 3983 2371 4061 δόρυ
2440 3986 2861 4061 ἐπωμισάμενος
2925 3993 3189 4064 μήκιστον
3227 4037 3240 4064 ,
3303 3996 3587 4072 ἀπήρχετο
3645 4004 3749 4070 τῆς

2091 4072 2242 4145 ὁδοῦ,
2275 4075 2758 4150 προπορευομένην
2801 4081 2907 4152 (78)
2939 4076 3084 4155 ἔχων
3135 4083 3234 4150 τήν
3293 4089 3400 4140 τῶν
3427 4083 3748 4162 λεγομὲνων

2092 4171 2396 4233 ’Δθανάτων
2485 4168 2741 4246 φάλαγγα
2776 4217 2789 4242 ,
2874 4176 3352 4250 τεθωρακισμὲνην
3437 4179 3692 4244 ἐπιεικῶς
3730 4205 3744 4218 ο

2088 4264 2303 4312 εῖποντο
2334 4256 2391 4312 δὲ
2427 4257 2574 4329 αὐτῷ
2607 4257 2832 4315 ὁπλῖται
2867 4263 2961 4334 μὲν
3010 4268 3118 4319 τῶν
3169 4264 3570 4340 ἀλκιμωτάτων
3605 4273 3746 4345 πρὸς

2087 4350 2204 4407 τοῖς
2255 4347 2472 4420 μυρίοις
2526 4349 2993 4426 πεντακισχίλιοι,
3054 4353 3243 4416 ἱππεῖς
3301 4353 3359 4410 δὲ
3415 4358 3604 4432 μύριοι
3653 4361 3749 4415 καὶ

2087 4431 2372 4508 τρισχίλοι
2403 4438 2536 4507 (79).
2597 4437 2674 4492 Τὸ
2707 4434 2763 4492 δὲ
2797 4437 2994 4494 λοιπὸν
3046 4445 3434 4516 στρατιωτικὸν
3487 4451 3623 4520 μετά
3651 4454 3750 4504 τοῦ

338 4534 645 4590 machinas
675 4532 916 4600 vehens,
950 4529 1111 4583 lento
1145 4543 1350 4600 gressu
1388 4531 1546 4582 retro
1600 4526 1978 4596 sequebatur,

2103 4525 2312 4593 ὶητικοῦ
2344 4525 2474 4595 (80),
2507 4525 2667 4600 φὲρον
2715 4526 2810 4590 τὰς
2871 4503 3160 4595 ὲλεπόλείς
3185 4534 3275 4586 καὶ
3329 4535 3425 4599 τὰς
3479 4503 3750 4593 παντοδαέ

1533 4645 1593 4699 C.
1637 4645 1698 4700 Β.
1750 4643 1938 4698 HASII
1979 4642 2542 4698 ANNOTATIONES.

400 4790 447 4825 ⁸⁸
475 4783 898 4864 προσϐάλωμεν.
933 4791 1080 4845 Nota
1109 4788 1205 4844 hic
1231 4788 1516 4843 aoristum
1548 4786 1845 4860 subjunct.
1879 4804 1986 4858 pro

2103 4802 2229 4841 uro.
2306 4785 2352 4822 ⁸⁸
2374 4787 2529 4841 Fort.
2574 4783 2904 4860 πολεμίους.
2981 4792 3026 4828 ⁸⁸
3052 4790 3430 4876 ἀναστραφεῖς,
3465 4799 3559 4855 Sic
3605 4801 3741 4858 cod.

329 4881 486 4935 Fort.
516 4877 857 4956 ἀνατραφεὶς,
891 4877 1240 4934 innutritus.
1317 4875 1363 4912 ⁸⁷
1388 4877 1566 4952 ξυροῖς
1599 4877 1729 4933 cod.

325 5020 708 5096 γραμματικὸν
742 5019 1155 5096 ἐνσκευάσασθαι
1197 5021 1265 5096 τὰ
1310 5017 1497 5096 πολλὰ
1529 5021 1602 5088 (si
1651 5020 1827 5096 modo
1876 5021 1966 5076 lo-

326 5093 552 5150 cusest
583 5094 809 5164 sanus),
840 5093 962 5165 jam
994 5093 1413 5149 animadvertit
1451 5108 1720 5148 summus
1751 5094 1836 5147 vir
1866 5094 1974 5148 Co-

323 5166 490 5221 ratiis
513 5167 587 5222 ad
617 5168 779 5221 Vitas
809 5165 1078 5235 parallel.
1110 5167 1204 5219 lII.
1244 5166 1362 5218 l58.

323 5309 351 5363 ἰ
395 5240 511 5364 (7ξέ
532 5233 867 5364 Iéegendum
899 5237 1183 5307 proposui
1216 5236 1274 5290 in
1307 5252 1409 5290 ora
1451 5233 1794 5308 ἀνατραφείς·
1829 5253 1969 5291 con-

351 5327 416 5364 er
591 5353 602 5364 .

721 5375 788 5449 δὴ
839 5376 1104 5450 Ῥωμαῖοί
1153 5397 1212 5451 γε
1259 5373 1412 5438 ὄντες
1455 5377 1780 5449 scripserat
1822 5379 1967 5449 Aga-

397 5470 524 5507 ιειεΔ
593 5495 604 5506 .
691 5497 703 5507 .

325 5456 703 5594 th(l7a§)uiim‘i;
749 5538 939 5594 usque
996 5522 1070 5577 ad
1129 5521 1217 5578 vb.
1279 5519 1538 5576 ὖπονοιαν
1599 5519 1971 5576 Conbeﬁsius

318 5597 493 5652 vertit
521 5614 616 5669 ap.
651 5598 784 5670 Pag.
820 5597 914 5670 [Υ.
944 5596 1044 5670 ί28.

411 5670 501 5741 70)
531 5661 778 5728 (Ῐθάῐθῆ.
831 5667 900 5724 ΙΙ.
934 5669 1056 5721 672.
1091 5667 1137 5721 Α
1169 5662 1352 5728 ἱππεῖς
1413 5661 1468 5720 δὲ
1535 5662 1613 5728 εἷς
1665 5682 1970 5740 τετραιοχι-

2078 5015 2472 5102 λίουςςαιεᾳιιε
2505 5021 2566 5075 in
2599 5020 2710 5102 hoc
2741 5023 2982 5092 quidem
3013 5026 3248 5102 variant,
3269 5029 3537 5088 Codices.
3570 5033 3735 5089 Com-

2079 5091 2272 5175 bef‘tsii
2303 5108 2482 5162 prava
2510 5093 2698 5175 versio
2752 5091 2962 5175 vocum
3023 5101 3527 5175 praecedentium:
3561 5106 3744 5160 decem

2079 5163 2261 5217 millia
2305 5178 2475 5233 supra
2526 5166 2852 5233 quingentos
2907 5169 2969 5222 in
3023 5163 3356 5227 Schloezeri
3435 5177 3745 5231 Nestorem

2078 5235 2367 5312 Russische
2384 5233 2654 5312 A_1_male_n_
2689 5238 2745 5290 in
2774 5237 2926 5312 ihref
2957 5240 3387 5312 Grundsprache
3414 5247 3480 5300 V.
3519 5249 3640 5300 155.
3679 5248 3740 5301 Β.

2081 5322 2143 5360 se
2177 5306 2512 5387 transl‘udit2
2553 5305 2669 5387 ubi.
2707 5310 3098 5387 tota-Leonis
3153 5305 3225 5370 de
3284 5315 3442 5371 bello
3493 5318 3743 5373 Russico

2079 5377 2338 5460 narratio
2373 5393 2443 5460 ex
2473 5377 2720 5460 Criticis_
2736 5381 2869 5452 Pagi
2902 5399 2958 5460 p7.
2996 5387 3117 5460 lii}.
3155 5417 3222 5427 —
3254 5390 3396 5460 U7,
3427 5389 3739 5460 repetitur.

2079 5448 2526 5530 ᾼρέιᾶ-(ξθᾲεθῃ.
2578 5451 2757 5520 paulo
2818 5448 2970 5522 post,
3031 5454 3099 5512 II.
3151 5460 3256 5511 672
3286 5459 3346 5513 Β.
3383 5448 3590 5516 Ιὶῐι.”4ι.
3625 5458 3745 5514 ἐνέ-

2081 5512 2233 5580 λάὸε,
2260 5519 2280 5573 l
2311 5512 2552 5574 ἐνέϐαλε.

2149 5590 2259 5665 (80)
2295 5591 2415 5646 Vox
2446 5591 2666 5661 Θητικὸν
2699 5611 2769 5649 ex
2800 5597 3050 5668 Agathia
3082 5600 3204 5655 430.
3241 5602 3306 5658 D.
