4108 6198
379 367 498 425 849

385 501 490 562 πάς
548 498 825 574 μηχανὰς.
918 495 1091 570 βάδην
1168 497 1444 568 ἐξόπισθεν

387 587 639 664 προέδρῳ
667 587 958 661 Βασιλείῳ,
992 588 1155 660 ᾧτήν
1186 587 1395 642 τούτων
1429 589 1456 642 6
1491 585 1744 663 βασιλεὺς
1784 585 2042 660 ἐπέτρεψε

384 681 658 753 πρόνοιαν.
693 678 843 732 Ἐπεὶ
883 674 941 732 δὲ
986 677 1112 738 τοὺς
1170 675 1485 754 ἐπισφαλεῖς
1544 676 1633 732 καὶ
1689 673 2037 750 κρημνώδεις

383 768 586 831 τόπους
643 764 870 821 διώδευε
925 769 1037 840 (81)
1122 765 1267 842 παρὰ
1331 771 1503 820 πᾶσαν
1571 765 1826 820 ὑπόνοιαν
1859 765 1924 834 ⁸⁸,
1974 765 2036 819 τὸ

383 857 636 912 σύντονον
697 855 943 930 ἐπισχὼν
1001 859 1101 920 τῆς
1158 856 1402 929 πορείας,
1464 854 1550 909 ἐπί
1610 875 1773 923 τινος,
1833 853 2035 929 ἐχυροῦ

380 944 637 1021 γηλόφου
691 948 797 1016 (82)
883 943 942 999 ἐκ
995 947 1092 998 τοῦ
1179 947 1288 1016 [Ρ.
1324 947 1441 1016 82]
1521 943 1748 1015 θατέρου
1837 940 2036 1016 μέρους

381 1031 756 1110 παραρῥεοντα
787 1034 836 1068 δθ
873 1028 1096 1108 ἔχοντος
1130 1033 1402 1104 ποταμὸν,
1467 1029 1673 1086 ὑδάτων
1732 1029 2032 1105 πληθώραν

383 1121 856 1198 ἐπαγγελλόμενον
886 1125 978 1191 ⁷ο,
1037 1123 1136 1190 τὴν
1178 1142 1237 1176 τε
1285 1121 1454 1175 ἳππον
1513 1120 1602 1174 καὶ
1654 1121 1745 1174 τὸν
1805 1120 2032 1190 στρατὸν

381 1211 752 1268 διανέπαυσεν.
784 1213 939 1287 Ἀρτι
992 1210 1046 1266 δὲ
1104 1213 1370 1285 σταθηράς
1424 1211 1631 1284 ἡμέρας
1682 1207 2029 1282 ἀπαυγαζού-

378 1325 502 1373 σης,
565 1301 849 1366 διαναστὰς
903 1302 992 1356 καὶ
1055 1301 1106 1363 ἐς
1171 1301 1382 1376 βαθείας
1441 1299 1727 1377 φάλαγγας
1781 1296 2028 1368 διατάξας

373 1395 437 1448 τὸ
471 1397 798 1469 στράτευμα,
829 1394 927 1460 τὴν
962 1393 1048 1448 ἐπὶ
1104 1388 1482 1467 [ιραισθλάϐας
1539 1393 1644 1462 ῇει,
1704 1391 1904 1462 θαμινὰ
1931 1391 2027 1453 τὰς

369 1482 676 1558 σάλπιγγας
734 1483 796 1538 τὸ
851 1481 1098 1537 ἐνυάλιον
1187 1481 1644 1557 ἐγκελευσάμενος
1737 1479 1970 1554 ἐπηχεῖν
2012 1525 2027 1550 ,

373 1571 667 1642 ἀλαλάζειν
694 1593 752 1627 τε
780 1573 848 1628 τὰ
875 1568 1156 1644 κύμϐαλα,
1189 1569 1278 1625 καί
1307 1571 1375 1625 τά
1401 1570 1655 1643 τύμπανα
1676 1574 1930 1642 παταγεῖν
1956 1572 2024 1624 Ἠ.

368 1663 648 1719 Ἐντεῦθεν
699 1662 801 1737 βοή
859 1683 942 1724 τις
994 1659 1229 1736 ἄῤῥητος
1291 1657 1588 1728 ἀνεδίδοτο,
1650 1659 2026 1733 συνεπηχούν-

368 1771 476 1804 των
533 1757 650 1812 τοῖς
705 1752 1010 1824 τυμπάνοις
1091 1755 1200 1804 τῶν
1260 1748 1430 1804 ἐκεῖσε
1506 1748 1674 1822 ὀρέων
1720 1751 1874 1821 (83),
1933 1747 2022 1802 καὶ

363 1839 832 1896 ἀντικτυπούντων
868 1839 975 1895 τῶν
1005 1839 1216 1910 ὅπλων,
1273 1838 1363 1894 καὶ
1419 1843 1526 1893 τῶν
1566 1839 1750 1892 ἳππων
1812 1857 2014 1912 χρεμε-
2050 1871 2094 1936 Β

358 1932 644 2000 τιζὸντων,
701 1934 808 1999 τῷν
869 1949 924 1984 τε
971 1927 1179 2003 ἀνδρῶν
1243 1927 1518 1999 ἀλλήλοις
1579 1922 1898 1982 ἐπιϐοώντων
1926 1924 2014 1980 καὶ

363 2025 498 2097 πρὸς
579 2025 678 2091 την
772 2022 959 2096 μάχην
1046 2017 1512 2094 ἐπιρρωννύντων,
1587 2019 1662 2080 ὡς
1718 2019 1781 2072 τὸ
1849 2016 2013 2078 εἰκός.

369 2113 748 2186 Ταυροσκύθας
798 2109 876 2181 δὲ,
933 2112 1031 2180 τὴν
1080 2113 1174 2164 τοῦ
1235 2106 1600 2180 στρατοπέδου
1662 2110 1776 2180 μετ’
1835 2105 2019 2178 ἐμπει-

365 2201 484 2276 ρίας
521 2202 596 2262 ὡς
633 2200 828 2264 αὖτοὺς
885 2201 1219 2275 ἀθρήσαντας
1240 2200 1287 2234 7’
1345 2197 1677 2268 ἐπεξέλασιν,
1728 2197 2017 2270 ἀμηχανία

363 2291 452 2344 καὶ
481 2287 598 2352 δέος
659 2287 802 2365 ᾔρει,
859 2295 939 2362 τῷ
964 2286 1367 2363 ἀπροσδοκήτῳ
1423 2285 1865 2361 καταπλαγέντας
1917 2289 2014 2341 τοῦ

360 2379 697 2454 πράγματος·
734 2379 910 2436 ’Λλλά
937 2381 1026 2433 καὶ
1069 2376 1142 2439 ὥς
1192 2375 1402 2450 σπουδῇ
1427 2379 1496 2432 τά
1543 2377 1686 2433 ὅπλα
1741 2375 2010 2449 ἁρπάσαν-

355 2491 442 2531 τες
477 2513 491 2537 ,
551 2470 638 2523 καὶ
697 2469 825 2530 τοὺς
885 2467 1108 2542 θυρεοὺς
1175 2467 1584 2539 ἐπωμισάμενοι
1653 2465 1898 2540 (ἐρυμνοὶ
1955 2461 2012 2518 δὲ

360 2559 512 2614 οὗτοι
551 2603 564 2627 ,
621 2560 708 2613 καὶ
763 2559 814 2620 ἐς
871 2559 932 2612 τὸ
989 2558 1228 2634 ἀσφαλές
1283 2554 1548 2631 ποδήρεις
1607 2556 2010 2629 ἐξειργασμένοι

353 2648 726 2720 πεποίηνται),
788 2647 842 2710 ἐς
900 2648 1158 2721 καρτερὸν
1219 2647 1692 2707 ἀντικαταστάντες
1752 2665 2007 2699 συνασπι-

354 2739 492 2810 σμὸν
523 2737 590 2807 ⁷³,
651 2737 737 2792 ἐπὶ
788 2739 851 2791 τὸ
913 2738 1019 2810 πρὸ
1073 2741 1172 2791 τοῦ
1229 2735 1416 2800 ἄστεος
1471 2733 1783 2805 ἱππήλατον
1825 2731 2004 2788 πεδίον

346 2825 644 2898 Ῥωμαίοις
675 2825 1030 2899 ἀντεπῄεσαν,
1070 2822 1225 2894 δίκην
1260 2824 1466 2899 θηρίων
1502 2822 1878 2898 βρυχώμενοι,
1914 2822 2003 2876 καὶ

351 2917 543 2984 καινὴν
577 2915 663 2969 καὶ
697 2913 1000 2970 ἀλλόκοτον
1059 2917 1374 2989 προϊέμενοι
1435 2913 1679 2989 ώρυγήν.
1738 2913 2003 2985 Ῥωμαῖοι

345 3001 425 3072 δὲ,
480 2999 856 3076 συμϐαλόντες
914 3003 1119 3072 αὖτοές,
1176 3001 1500 3078 ἐρρωμένως
1555 3003 1853 3076 ἐμάχοντο,
1913 3001 2000 3056 καὶ

344 3094 463 3163 ἄξια
494 3091 759 3166 πολέμων
791 3089 923 3168 ἔργα
966 3093 1300 3168 εἰργάζοντο,
1332 3099 1432 3161 τῆς
1465 3093 1650 3166 μάχης
1703 3089 2003 3152 ἰσοπαλοῦς

346 3183 692 3260 ἀμφοτέροις
723 3182 1112 3258 γεγενημένης.
1165 3183 1424 3239 Ἐνταῦθα
1479 3187 1595 3242 τοῖς
1655 3180 1940 3240 ἀθανάτοις
1973 3179 2000 3233 ὁ

1740 364 2134 426 ΗΙΒΤΟΗΙΕ
2177 367 2323 428 LIB.
2359 370 2519 431 VIII.

1531 500 1738 568 εἷπετο,
1795 495 1908 570 ἅμα
1963 501 2010 551 τί

2150 519 2288 557 cum
2319 505 2533 561 Basilio
2567 507 2840 578 praeside,
2875 509 2967 564 cui
3001 508 3324 581 imperator
3353 511 3565 568 horum
3597 531 3800 572 curam

3683 379 3801 440 850

2151 595 2554 660 commiserat,
2603 597 2704 664 lta,
2753 597 2853 652 ubi
2907 605 3122 669 praeter
3150 600 3418 655 omnium
3451 603 3799 673 opinionem

2149 683 2484 751 periculosa
2539 691 2597 740 et
2650 694 2950 758 prmrupta
3005 689 3135 743 loca
3183 690 3551 757 transiverat,
3587 693 3798 755 itinere

2148 773 2364 842 raptim
2396 775 2549 830 188
2582 775 2848 830 confecto
2871 775 3135 831 substitit
3159 795 3172 843 ;
3207 779 3384 849 inque
3409 781 3560 836 colle
3583 789 3800 838 natura

2146 865 2399 931 munito,
2434 865 2534 936 qui
2561 866 2634 921 ab
2667 873 2919 938 utroque
2968 869 3152 923 latere
3201 870 3458 926 habebat
3491 875 3796 942 praeterla-

2143 949 2363 1005 bensco
2379 953 2654 1024 piamque
2686 971 2974 1025 aquarum
3006 956 3278 1026 praebens
3311 958 3793 1030 tlumen,equita-

2145 1043 2268 1092 tum
2304 1045 2361 1092 et
2391 1041 2611 1096 milites
2659 1042 2732 1097 ab
2785 1043 2996 1098 itinere
3045 1045 3268 1099 refecit.
3321 1048 3561 1102 Postero
3592 1049 3686 1104 die
3719 1051 3790 1105 de

2141 1129 2331 1183 multa
2363 1130 2492 1185 luce
2526 1138 2719 1186 movet
2747 1139 2961 1197 castra,
2993 1139 3069 1202 et,
3101 1136 3358 1190 exercitu
3387 1137 3446 1191 in
3469 1141 3793 1208 profundas

2140 1220 2463 1293 phalanges
2485 1223 2796 1292 disposito,
2821 1225 3247 1280 Prmsthlabam
3275 1229 3791 1286 contendit.Lituis

2138 1308 2486 1379 frequenter
2534 1311 2848 1366 classicum
2903 1315 3162 1380 concini,
3220 1315 3491 1385 cymbala
3537 1321 3789 1388 percuti,

2137 1404 2420 1470 tympana
2450 1399 2675 1471 pulsari
2725 1401 2998 1472 imperat.
3033 1405 3178 1457 Tum
3226 1404 3514 1459 ineﬂ‘abili
3546 1409 3786 1463 fremitu

2137 1493 2349 1543 cuncta
2405 1494 2704 1545 retonant.
2765 1491 3236 1546 Admurmurant
3291 1495 3590 1564 tympanis
3639 1497 3785 1568 juga

2135 1577 2416 1649 regionis,
2449 1585 2812 1651 concrepant
2835 1597 3022 1643 arma,
3055 1581 3341 1637 hinniunt
3367 1585 3524 1653 equi,
3559 1585 3791 1640 concla-

2136 1673 2300 1720 mant
2333 1668 2572 1734 milites,
2602 1687 2782 1740 seque
2810 1671 2884 1725 ad
2908 1671 3180 1742 praelium
3213 1671 3286 1726 de
3318 1688 3482 1727 more
3514 1673 3787 1729 incitant.

2133 1757 2584 1828 Tauroscythas,
2619 1760 2943 1814 exercitum
2975 1777 3110 1815 cum
3143 1777 3254 1815 usu
3287 1761 3528 1816 militari
3561 1762 3788 1818 adven-

2134 1849 2359 1900 tantem
2418 1846 2792 1917 conspicatos
2841 1865 2974 1903 cum
3035 1865 3129 1903 res
3183 1855 3397 1919 praeter
3441 1850 3784 1921 opinionem

2130 1933 2464 2000 accidisset,
2491 1935 2780 1991 dubitatio
2815 1938 3110 2008 timorque
3142 1939 3542 1994 tenuit.Arma
3571 1941 3787 1994 nihilo-

2126 2023 2328 2078 minus
2377 2023 2653 2078 celeriter
2707 2033 3012 2097 ceperunt,
3074 2027 3375 2097 scutisque
3407 2028 3469 2081 in
3496 2029 3778 2084 humeros

2127 2110 2375 2165 sublatis
2405 2112 2497 2182 (ea
2525 2119 2723 2167 autem
2743 2119 2798 2168 et
2829 2115 3110 2184 perfirma
3135 2119 3383 2183 sunt,et,
3412 2132 3528 2186 quo
3560 2116 3778 2171 melius

2126 2205 2343 2271 tegant,
2373 2201 2448 2254 ad
2478 2201 2659 2272 pedes
2691 2203 3033 2273 pertinent),
3067 2203 3334 2258 conferta
3363 2205 3489 2259 acie
3520 2205 3582 2258 in
3615 2206 3777 2276 equi-

2124 2290 2288 2344 tabili
2338 2296 2474 2345 ante
2518 2291 2802 2362 oppidum
2860 2293 3108 2364 planitie
3139 2295 3420 2348 Romanis
3451 2294 3682 2349 obviam
3715 2312 3778 2349 se

2125 2380 2488 2449 obtulerunt,
2565 2381 2900 2437 belluarum
2968 2383 3087 2437 ritu
3153 2384 3474 2455 rugientes,
3544 2385 3776 2440 sublato

2123 2469 2347 2523 absono
2376 2475 2656 2540 vastoque
2687 2471 2939 2526 ululatu.
2965 2472 3175 2526 Prmlio
3199 2474 3516 2528 commisso
3545 2475 3778 2529 fortiter

2125 2563 2392 2629 pugnant
2412 2559 2620 2626 nostri,
2642 2559 2908 2614 facinora
2927 2559 3142 2615 bellica
3163 2560 3462 2616 mirabilia
3483 2562 3771 2618 efﬁciunt.

2120 2648 2262 2700 Cum
2309 2647 2532 2701 diutius
2583 2648 2708 2718 pari
2761 2650 2938 2702 Marte
2990 2648 3392 2717 dimicaretur,
3451 2651 3774 2722 imperator

2117 2737 2490 2792 Immortales
2513 2737 2818 2792 sinistrum
2844 2739 3193 2810 Scytharum
3216 2756 3401 2794 cornu
3424 2757 3602 2794 cursu
3625 2741 3772 2795 inci-

2119 2831 2238 2880 tato
2262 2826 2479 2881 adoriri
2497 2826 2981 2898 jubet.lli,equos
3003 2827 3334 2883 calcaribus
3356 2829 3770 2898 incendentes,

2117 2915 2344 2970 lanceis
2366 2916 2598 2970 infestis
2621 2917 2776 2972 184
2801 2917 2864 2972 in
2887 2917 3086 2972 hostes
3119 2934 3180 2972 se
3211 2919 3583 2988 permittunt.
3617 2920 3774 2985 Quo-

2115 3022 2250 3060 rum
2282 3005 2559 3076 cuspides
2591 3022 2726 3060 cum
2779 3006 3030 3078 Scythaa,
3083 3012 3148 3060 ut
3191 3007 3442 3078 pedites,
3475 3008 3770 3064 sustinere

2114 3111 2233 3148 non
2265 3099 2548 3164 possent:
2581 3110 2776 3164 neque
2798 3094 2954 3148 enim
2980 3095 3290 3165 praeliandi
3325 3112 3395 3150 ex
3427 3097 3595 3166 equis
3626 3115 3769 3152 con-

2115 3182 2492 3238 suetudinem
2544 3182 2783 3252 habent,
2837 3199 3029 3253 neque
3079 3201 3148 3238 ea
3187 3185 3248 3237 in
3281 3201 3344 3238 re
3376 3192 3766 3245 exercentur:

386 3239 450 3260 ..
568 3239 576 3257 .
679 3239 746 3256 -.
801 3239 812 3258 .
903 3239 936 3255 ..
1049 3239 1091 3252 .-
1584 3239 1593 3242 -
1929 3239 1937 3240 κ

352 3271 608 3347 βασιλεὺς
636 3272 772 3326 κατά
807 3271 871 3326 τὸ
903 3270 1178 3343 εὐώνυμον
1215 3276 1322 3326 τῶν
1376 3272 1599 3325 Σκυθῶν
1649 3269 1809 3344 κέρας
1868 3270 2000 3342 μετά

2126 3273 2261 3344 iuga:
2296 3289 2356 3326 se
2389 3271 2697 3339 mandant,
2731 3273 2913 3343 inque
2943 3273 3143 3344 oppidi
3176 3273 3395 3328 mmnia
3425 3290 3487 3328 se
3518 3277 3765 3330 conclu-

347 3362 531 3435 ῥύμης
576 3357 886 3416 εἰσϐάλλειν
947 3358 1310 3435 ἐγκελεύεται.
1369 3360 1436 3416 ()l
1493 3357 1570 3426 δὲ,
1630 3354 2000 3433 προϐαλόντες

345 3450 473 3512 τους
509 3451 755 3518 ἄκοντας,
797 3450 885 3504 καὶ
949 3447 1197 3522 σφοδρῶς
1255 3454 1370 3510 τοῖς
1427 3448 1611 3522 μύωψι
1642 3447 1768 3509 τοὺς
1795 3447 2001 3507 ἳππους

1803 3533 1826 3552 δ

337 3540 728 3612 κεντρίσαντες,
790 3538 925 3592 κατᾶ
973 3539 1180 3593 τούτων
1241 3537 1501 3606 ἤλαυνον.
1539 3536 1738 3591 Σκύθαι
1800 3531 2000 3605 δὶ,ἀτε

342 3627 651 3703 πεζέταιροι
710 3627 1171 3704 χρηματίζοντες·

340 3721 503 3772 τοῦτο
560 3717 948 3790 γυμνάζονται·
1002 3717 1113 3794 οὐχ
1173 3716 1475 3789 ὑπήνεγκαν
1531 3715 1625 3769 τὸν
1681 3719 1788 3769 τῶν
1865 3713 2156 3787 Ῥωμαίων
2239 3711 2591 3788 δορατισμὸν,

341 3807 436 3862 τὸν
493 3810 590 3860 τοῦ
650 3803 835 3866 ἄστεος
890 3799 1192 3880 περίϐολον
1253 3803 1644 3859 συνεκλείοντο·
1708 3800 1798 3864 οὕς
1856 3801 2212 3876 ἐπισπόμενοι
2271 3805 2540 3877 Ῥωμαῖοι
2593 3802 2842 3874 ἀνηλεῶς
2900 3799 3151 3861 ἔκτεινον.

2111 3361 2291 3415 dunt:
2325 3377 2474 3430 quos
2532 3361 2785 3415 insecuti
2845 3363 3094 3416 Romani
3147 3362 3314 3416 nulla
3353 3362 3766 3419 misericordia

2111 3449 2518 3505 conciderunt.
2583 3450 2713 3503 Haec
2773 3450 3169 3521 impressione
3237 3451 3579 3507 interfectos
3633 3469 3763 3509 esse

2113 3539 2279 3594 aiunt
2311 3537 2553 3608 Scythas
2586 3538 2771 3592 octies
2803 3538 2968 3594 mille
2991 3540 3366 3611 quingentos.

1233 3623 1358 3680 οὐδέ
1416 3627 1517 3702 γάρ
1574 3626 1665 3699 ἀφ’
1722 3624 1911 3679 ’ίππων
1949 3651 1954 3654 ·
1995 3623 2293 3698 εἰθισμένον
2375 3623 2515 3679 ἐστὶν
2586 3623 2771 3686 αὐτοῖς
2857 3625 3230 3701 ἀγωνίζεσθαι,
3296 3626 3379 3681 ὅτι
3436 3624 3576 3700 μηδέ
3628 3629 3767 3702 πρὸς

2679 3713 2804 3769 ἀλλ’
2879 3713 3216 3777 ἐκκλίναντες
3275 3715 3352 3778 εἷς
3410 3718 3607 3793 φυγὴν,
3667 3717 3753 3771 ἐπὶ

3238 3805 3377 3859 Φασὶ
3455 3806 3556 3882 γάρ
3616 3827 3720 3880 παρ
3733 3806 3764 3859 ἀ

340 3917 544 3966 ταυτην
574 3897 672 3964 τήν
705 3891 1022 3971 προσϐολήν
1060 3893 1191 3949 ὀκτα
1220 3892 1532 3969 κισχιλίους
1565 3894 1698 3968 πρὸς
1733 3893 1848 3955 τοῖς
1879 3894 2258 3956 πεντακοσίοις
2293 3895 2637 3969 ἀναιρεθῆναι
2673 3898 2917 3958 Σκυθῶν.

412 3999 469 4056 ε’.
499 3998 566 4052 Ol.
599 3994 655 4051 δὲ
695 3995 1160 4074 περιλειφθέντες,
1207 3995 1320 4051 ἐπεὶ
1375 3995 1511 4065 πρὸς
1557 3995 1620 4050 τὸ
1679 3996 1808 4050 ἄστυ
1870 4015 1996 4048 συν-

340 4086 736 4157 εκλείσθησαν,
795 4085 854 4141 ἐκ
907 4087 1015 4141 τῶν
1075 4084 1347 4156 ἐπάλξεων
1402 4085 1602 4138 ἄνωθεν
1669 4084 1992 4160 ἐρρωμένως

343 4170 791 4250 ἠκροϐολίζοντο·
853 4177 1166 4246 Τηνικαῦτα
1187 4173 1399 4250 λέγεται
1427 4173 1514 4227 καὶ
1544 4175 1635 4228 τὸν
1695 4173 1992 4247 ῐῐατρίκιον

2177 4000 2229 4050 5.
2263 3997 2370 4062 Qui
2395 3997 2830 4068 superfuerant,
2856 3997 2894 4049 ii
2926 3996 2984 4050 in
3013 3996 3297 4068 oppidum
3324 3998 3540 4053 inclusi
3573 4015 3603 4052 e
3635 4016 3761 4054 mu-

2107 4087 2188 4140 ris
2229 4087 2419 4157 deque
2477 4087 2606 4141 loco
2667 4087 2970 4157 superiore
3027 4088 3158 4141 telis
3215 4089 3500 4160 conjectis
3531 4089 3765 4145 fortiter

2107 4175 2488 4230 resistebant.
2523 4175 2740 4230 Eodem
2775 4181 3041 4246 tempore
3071 4176 3415 4247 Calocyrem
3445 4178 3764 4233 Patricium

1547 4329 1609 4382 C.
1654 4327 1714 4382 Β.
1759 4325 1945 4380 HASII
1987 4325 2543 4381 ANNOTATIONES.

416 4498 463 4532 ⁸⁸
490 4496 764 4580 ὑπόνοιαν.
799 4501 1144 4580 Nota_voce_s
1186 4495 1451 4580 πρόνοιαν
1480 4505 1550 4580 .et
1598 4495 1854 4580 ὑπόνοιαν
1887 4498 2010 4580 mi};

2133 4497 2317 4568 cinas,
2365 4498 2909 4580 ob_negligenti‘a‘m
2950 4498 3048 4580 yet
3107 4499 3369 4580 ipopiam
3430 4498 3756 4580 scriptoris.

345 4569 394 4646 εἶθ
422 4568 821 4646 παραρρέοντος
852 4570 980 4626 cod.
1082 4571 1127 4605 ⁷⁸
1184 4567 1704 4646 ἐπαγγελλόμενος.-
1725 4571 1854 4625 cod.

347 4642 619 4698 firmatur
645 4643 992 4714 conjectura
1022 4659 1155 4698 mea
1186 4642 1365 4714 supra
1395 4645 1483 4696 66.
1525 4646 1582 4696 C.

1960 4568 2007 4604 τί
2032 4575 2309 4642 παταγεῖν.
2373 4570 2501 4626 Vid.
2562 4568 2742 4641 sup-Pa
2797 4573 2884 4624 22·
2950 4571 3008 4625 B-

1661 4640 1708 4675 ⁷³
1739 4641 2092 4713 συνασπισμῷ
2131 4640 2261 4698 cod.

3110 4571 3154 4604 ⁷³
3207 4568 3341 4644 ἀθρή
3353 4587 3562 4630 σαντας.
3618 4568 3760 4624 Inde

420 4842 530 4909 (81)
567 4841 841 4926 Imitatur
866 4841 975 4926 lico
997 4840 1260 4926 totohhoc
1282 4841 1474 4921 capite
1507 4838 1766 4926 Agathiaa
1797 4855 2005 4920 narra:

2126 4857 2208 4926 τας
2268 4839 2354 4924 καὶ
2415 4838 2506 4891 τὸν
2567 4837 3010 4926 ὲρημικὸνρβίον
3064 4836 3495 4926 ἀσπαζομένους,
3554 4838 3623 4926 ἐνς
3645 4844 3762 4901 τοῖς

351 4912 572 4966 tionem
608 4915 727 4965 124.
771 4913 830 4965 C.
867 4912 930 4966 D.
983 4911 1054 4965 de
1117 4909 1396 4966 Romanis
1454 4909 1714 4965 montem
1774 4909 2000 4982 regioni

351 4983 819 5037 Misimianorum
851 4983 1146 5054 objectum
1183 4983 1420 5036 nemine
1473 4982 1798 5035 obsistente
1832 4998 1998 5052 supe-

347 5055 636 5109 rantibus.

419 5130 527 5193 .82)
555 5125 951 5190 Credendum,
986 5126 1322 5179 Tzimiscem
1376 5123 1764 5194 Andrinopoli
1804 5123 1994 5194 profe-

345 5204 504 5251 ctum
526 5215 630 5268 per
653 5199 916 5252 Haemum
944 5199 999 5250 in
1019 5199 1132 5251 Pan
1145 5197 1228 5266 ysi
1253 5196 1580 5250 convallem
1604 5212 1664 5249 se
1687 5194 1998 5268 demisisse

345 5268 446 5322 ubi
480 5267 606 5323 erat
635 5270 841 5324 civitas
874 5269 1129 5332 l’rnbati,
1163 5270 1332 5338 cujus
1363 5268 1640 5337 frequens
1672 5267 1895 5320 mentio
1937 5267 1998 5320 in

350 5341 476 5394 Vita
511 5358 616 5394 ms.
655 5342 908 5411 (opinor)
966 5341 1019 5392 S.
1065 5340 1345 5396 Evaresli.
1405 5339 1562 5392 circa
1593 5356 1649 5392 a.
1704 5341 1827 5411 844.
1862 5354 1995 5392 cum

342 5410 551 5484 legatis
576 5410 894 5466 Theddorae
922 5418 1192 5484 Augusta:
1215 5427 1314 5484 eas
1341 5411 1494 5484 ipsas
1521 5417 1716 5484 partes
1739 5410 1994 5484 lustran-

345 5480 436 5537 tis'.
472 5485 546 5554 De
579 5501 695 5554 quo
729 5487 884 5538 inter
912 5480 1030 5554 alia
1074 5483 1198 5535 IIEBC
1257 5481 1316 5534 in
1375 5480 1512 5554 C_od.
1570 5483 1705 5554 Reg.
1756 5498 1869 5554 suae
1900 5482 1993 5554 X_:

345 5555 440 5606 Καὶ
471 5553 542 5614 ὡς
575 5549 708 5624 πρός
741 5577 790 5608 τι
841 5551 1133 5624 πολίχνιον
1171 5551 1457 5624 ΔΘρᾳκιξιὸν
1516 5549 1800 5624 Προϐάτου
1833 5549 1995 5624 λεγό-

346 5645 502 5696 μενον
534 5618 896 5702 παρεγένοντο
928 5618 1055 5684 τοῧς
1113 5618 1322 5702 πόνουςΔ
1366 5618 1830 5702 διαναςξαίσοντες,
1864 5618 1995 5676 πυν-

343 5688 557 5760 ὸάνεταί
586 5688 735 5761 τινάς
791 5699 820 5751 6
879 5694 1179 5771 Εὐάρεστος
1228 5691 1424 5768 ἄνδρας
1476 5690 1732 5761 εὐλαϐείᾳ
1789 5688 1990 5761 συζῶν-

2115 4908 2495 4992 πλησιάζουσυιὶ
2559 4907 3111 4992 χώρας-..ὑπάρχειν
3212 4907 3291 4963 ἐν’
3346 4907 3501 4992 τόπιρ
3581 4907 3766 4992 Αλεγο-

2112 4979 2258 5051 μένω
2293 4978 2750 5051 ΣκοπέλῳζὈίιω
2782 4982 2915 5036 idco
2947 4978 3042 5036 hic
3073 4998 3249 5052 pono,
3283 4983 3438 5052 quod
3469 4978 3542 5038 Le
3574 4978 3761 5047 Quien

2109 5052 2334 5126 Orient.
2380 5053 2592 5126 Christ.
2631 5057 2668 5106 I.
2705 5055 2860 5126 171833.
2920 5055 2977 5126 Β.
3017 5060 3254 5126 printer
3284 5071 3464 5109 unam
3499 5055 3760 5126 episcopi

2111 5123 2608 5194 subscriptionem
2643 5125 2871 5179 nullam
2925 5123 3101 5195 hujus
3150 5125 3402 5180 civitatis
3448 5123 3760 5182 occurrere

2113 5196 2477 5249 mentionem
2507 5202 2694 5267 putat.
2729 5196 2808 5250 De
2858 5196 3101 5267 Scapelo
3137 5197 3290 5250 idem
3323 5197 3465 5253 ibid.
3503 5200 3657 5252 1185.
3694 5200 3758 5252 D.

2182 5268 2291 5338 (83)
2331 5267 2498 5340 Velut
2543 5269 2744 5340 Turcis
2798 5269 3200 5322 Cantacuzeno
3234 5269 3375 5340 imp.
3411 5270 3763 5324 auxilianti—

2108 5337 2462 5410 bus,i'apud_
2501 5339 2830 5410 Nicmplior.
2885 5341 3120 5410 Gregor.
3185 5337 3393 5394 Hister.
3441 5343 3504 5396 Il.
3539 5343 3642 5395 457
3694 5345 3760 5398 Α.

2106 5409 2257 5464 Ἑπεῖ
2292 5407 2348 5463 δέ
2381 5408 2468 5462 καὶ
2527 5407 2821 5496 τοῖς-τῶν,
2867 5407 3188 5496 σαλπίγγων
3245 5430 3302 5464 τε
3354 5413 3592 5496 καίοτῶν
3623 5431 3762 5482 τυμ-

2165 5481 2173 5496 .
2409 5480 2420 5496 .
3149 5482 3161 5496 .
3271 5488 3291 5496 -
3357 5483 3384 5496 η
3519 5484 3527 5494 ,

2105 5481 2287 5533 πάνων
2324 5480 2542 5554 κρότοις
2576 5479 2987 5554 συνανεκίρνατο
3017 5478 3102 5533 καῖ
3139 5482 3172 5548 ἡ
3203 5488 3318 5541 τοῖς
3357 5478 3654 5554 βαρϐάροις
3689 5478 3756 5524 ὲ-

2103 5551 2394 5620 ἡλικιῶτις
2425 5551 2662 5626 κλαγγῆ,
2692 5574 2744 5610 κ.
2792 5551 2840 5609 τ.
2895 5551 2948 5606 λ.
3003 5555 3303 5624 Expressit
3334 5551 3442 5608 [eo
3476 5555 3570 5608 hic
3602 5571 3751 5623 quo-

2103 5643 2217 5696 que
2249 5626 2557 5698 Agathiam
2595 5629 2709 5680 102.
2743 5626 2802 5680 Β.
