4108 6198
329 403 454 472 861

1762 390 2155 467 HISTORIA?!
2197 398 2349 465 LIB.
2394 404 2554 467 V111.

3629 416 3750 477 862

332 534 510 614 ἂρδην
550 532 808 609 ἐμέλισαν
869 528 1126 600 ἅπαντας.
1177 539 1335 612 Ἄρτι
1388 526 1446 593 δὲ
1485 542 1591 593 τῶν
1651 528 1975 611 στρατευμά-

2106 538 2237 589 sent
2268 534 2581 601 exercitus,
2637 530 3049 608 Tauroscythae
3107 556 3329 596 cuneos
3373 558 3512 597 suos
3568 543 3754 601 hastis

324 648 445 682 των
476 625 529 688 ἐς
555 626 646 681 τὸν
680 626 787 702 πρὸ
815 622 913 680 τοῦ
962 624 1307 701 Δορυστόλου
1352 630 1538 703 χῶρον
1599 623 1991 694 συνελθόντων,

334 716 487 773 ὅκαὶ
520 716 784 793 Δρίστραν
829 716 876 752 ⁸⁷
932 715 1250 788 κικλήσκειν
1310 716 1566 773 εἰώθεσαν
1781 722 1992 790 Ταυρο-

336 805 527 861 σκύθαι
564 807 659 880 μὲν
687 802 879 882 ἔγχεσι
906 806 997 861 καὶ
1028 808 1245 884 θυρεοῖς
1271 807 1368 870 τὰς
1426 805 1709 886 φάλαγγας
1764 803 1989 860 πυκνώ-

338 916 552 963 σαντες,
583 895 673 952 καὶ
706 897 826 951 οἷον
870 896 1274 972 πυργώσαγτες,
1330 894 1464 959 τοὺς
1512 893 1793 969 δυσμενεῖς
1844 890 1991 966 παρά

334 986 402 1042 τὸ
437 984 771 1061 μεταίχμιον
797 980 1014 1059 ἔμενον.
1070 986 1382 1060 Ῥωμαίους
1432 982 1492 1041 δέ
1537 984 1676 1040 κατὰ
1735 984 1985 1056 μέτωπον

332 1074 613 1146 ἀντιτάξας
655 1076 685 1130 6
744 1072 1020 1151 βασιλεὺς,
1077 1075 1166 1130 καὶ
1249 1075 1383 1138 τοὺς
1469 1070 1839 1145 πανσιδήρους
1894 1070 1991 1125 ἱπ-

330 1166 506 1227 πὸτας
563 1165 702 1220 κατὰ
757 1166 980 1241 θάτερον
1036 1165 1200 1238 κέρας
1281 1164 1793 1237 παραστησάμενος,
1862 1161 1991 1222 τούς

2103 625 2408 696 sentisque
2440 627 2699 698 rigentes
2732 627 3268 701 condensatosque,
3293 631 3439 687 adeo
3466 638 3531 688 ut
3553 650 3752 690 muro-

2098 732 2234 769 rum
2269 716 2527 786 speciem
2558 714 2867 772 haberent.
2901 718 2963 772 in
2995 719 3181 774 aciem
3215 721 3512 791 explicant
3564 740 3749 795 oppeo

2097 803 2335 858 riuntur
2364 804 2585 859 hostes.
2618 806 2917 862 Romanos
2939 824 3011 862 ex
3039 807 3281 864 adverso
3313 810 3394 865 ita
3458 811 3752 884 disposuit

2098 893 2443 964 imperator,
2458 899 2524 949 ut
2546 893 2777 965 equites
2798 896 3207 967 cataphractos
3224 897 3285 952 in
3299 903 3550 971 utroque
3564 917 3748 957 cornu

2098 980 2423 1038 collocaret
2457 1000 2470 1049 ;
2507 984 2864 1055 sagittarios,
2896 985 3249 1054 funditores,
3283 988 3410 1043 sine
3442 990 3748 1046 intermis-

2100 1072 2267 1127 sione
2298 1070 2415 1126 tela
2445 1073 2744 1144 conjicere
2766 1073 2991 1145 jussos,
3025 1092 3059 1130 a
3089 1081 3249 1149 tergo
3279 1077 3617 1149 subjiceret.
3650 1080 3747 1135 His

2098 1161 2181 1216 ita
2210 1161 2573 1228 constitutis,
2608 1161 2775 1234 signa
2805 1162 3012 1218 inferri
3044 1163 3316 1237 imperat.

325 1274 389 1309 τε
444 1253 668 1326 τοξότας
724 1255 815 1310 καὶ
868 1252 1232 1334 σφενδονήτας
1291 1252 1568 1327 ἐξύπισθε)
1628 1250 1942 1324 ἐπιστήσας,
1998 1247 2089 1304 καὶ
2147 1248 2350 1321 θαμινὰ
2412 1247 2635 1323 βάλλειν
2696 1246 3168 1325 ἐγκελευσάμενος,
3226 1250 3393 1329 ἐπῆγε
3453 1254 3553 1324 τήν
3639 1258 3746 1334 φά-

332 1344 533 1401 λαγγα.

403 1366 407 1398 ι
480 1366 533 1401 α.

403 1366 478 1498 Ir
486 1444 609 1499 Τῶν
642 1439 703 1498 δὲ
762 1440 1142 1518 στρατοπέδων
1176 1443 1254 1507 είς
1284 1450 1475 1521 χεῖρας
1523 1441 1802 1515 ἀλλήλοις
1850 1460 1979 1495 συν-

333 1531 706 1606 αραχθέντων,
764 1531 855 1586 καὶ
915 1529 1154 1607 σφοδρᾶς
1205 1535 1304 1596 τῆς
1396 1536 1582 1610 μάχης
1636 1528 1983 1607 καταῤῥαγεί-

333 1640 453 1690 σης,
488 1618 781 1691 ίσοπαλὴς,
813 1622 959 1696 παρά
1011 1622 1107 1685 τάς
1162 1624 1381 1698 πρώτας
1430 1616 1746 1697 προσϐολάς
1776 1620 1804 1675 6
1837 1619 1981 1694 άγὼν

2166 1439 2252 1495 10.
2278 1436 2582 1494 Exercitus
2604 1452 2739 1494 cum
2762 1452 3007 1495 manum
3040 1441 3304 1513 undique
3338 1450 3741 1513 consererent,

2093 1526 2413 1582 commisso
2431 1528 2719 1583 acerrime
2737 1528 2942 1600 prmlio
2960 1545 2996 1585 a
3014 1530 3207 1601 primo
3230 1546 3551 1605 congressu
3573 1549 3742 1605 aequo

2093 1617 2273 1671 Marte
2297 1616 2398 1671 diu
2430 1615 2778 1673 dimicatum
2826 1624 2934 1673 est.
2971 1620 3141 1674 [tussi
3172 1620 3354 1687 enim,
3403 1622 3659 1694 graviter
3688 1628 3747 1678 et

325 1708 462 1770 τέως
520 1707 573 1763 ἐν
628 1707 962 1786 ἂμφοτέροις
1018 1708 1248 1786 ἐγίνετο.
1302 1712 1436 1774 Ῥῶς
1493 1712 1587 1785 μὲν
1640 1710 1741 1785 γάρ
1801 1706 1975 1763 δεινόν

2093 1705 2305 1761 acerbe
2337 1705 2612 1775 ferentes,
2645 1708 2692 1762 si
2724 1707 2986 1776 laudem,
3005 1726 3122 1779 qua
3152 1710 3308 1781 apud
3338 1716 3543 1782 gentes
3568 1711 3747 1767 ﬁniti-

325 1818 431 1852 που
460 1796 551 1852 καὶ
583 1798 840 1874 σχέτλιον
868 1798 1167 1874 τιθέμενοι,
1200 1800 1245 1855 εἰ
1279 1798 1432 1875 δόξαν
1465 1799 1611 1875 παρὰ
1638 1803 1747 1853 τῶν
1806 1817 1979 1873 προσ-

328 1885 493 1942 οίκων
526 1886 691 1943 ἐθνῶν
725 1883 965 1965 ἔχοντες,
1010 1882 1064 1944 ἐν
1112 1894 1231 1952 ταῖς
1293 1886 1499 1966 μάχαις
1546 1888 1627 1943 ἀεὶ
1670 1890 1778 1942 τῶν
1835 1884 1983 1940 ἀντι-

327 1975 521 2032 πάλων
563 1978 803 2053 κρατεῖν,
863 1980 950 2032 νῦν
1014 1974 1118 2034 ὑπὸ
1173 1974 1462 2051 Ῥωμαίων
1506 1977 1754 2053 αἰσχρῶς
1809 1976 1981 2046 ἡττηέ

329 2066 506 2131 θέντες
560 2065 762 2138 ταύτης
839 2062 1137 2138 ἐκπέσοιεν,
1220 2062 1475 2141 ἐκθύμως
1560 2062 1978 2141 διηγωνίζοντο.

324 2153 620 2229 Ῥωμαίοις
659 2154 717 2211 δέ
774 2152 948 2221 αῗδώς
1000 2177 1083 2219 τις
1142 2152 1311 2232 εῗσῇει
1368 2152 1458 2212 καὶ
1514 2154 1751 2229 νέμεσις,
1813 2152 1865 2210 εἴ
1917 2150 1980 2209 τὸ

326 2244 571 2316 ἀντίξουν
600 2244 739 2301 ἅπαν
772 2245 970 2308 ὅπλοις
1016 2244 1108 2301 καὶ
1158 2249 1225 2320 τῇ
1277 2249 1427 2320 σφῶν
1478 2242 1642 2320 ἀρετῇ
1686 2262 1979 2318 καταστρε-

332 2334 584 2414 φόμενοι,
607 2338 698 2389 νῦν
730 2333 1044 2406 ἀπέλθοιεν,
1075 2336 1223 2411 παρά
1271 2337 1722 2414 πεζομαχοῦντος
1772 2330 1978 2401 ἔθνους,

333 2422 657 2494 ἱππάζεσθαι
721 2420 986 2500 μηὸόλως
1044 2420 1275 2491 εἰδότος,
1331 2425 1845 2498 καταγωνισθέντες,
1903 2420 1979 2484 ὣς

327 2534 469 2573 τινες
495 2507 669 2589 ἔργων
724 2512 909 2589 μάχης
962 2514 1276 2583 ἀνάσκητοι,
1329 2514 1416 2568 καὶ
1471 2516 1734 2568 τοσοῦτον
1793 2510 1977 2574 αὐτοῖς

326 2601 381 2657 ἐν
415 2602 605 2678 ἀκαρεῖ
631 2600 791 2665 κλέος
848 2600 1159 2679 οῗχήσεται.
1219 2604 1328 2666 Τάς
1385 2601 1638 2665 τοιαύτας
1696 2599 1762 2672 δὴ
1824 2599 1979 2675 δόξας

326 2690 456 2765 παρ’
487 2686 700 2755 ἑαυτοῖς
734 2690 1055 2769 ἐντρέφοντα
1113 2692 1181 2748 τὰ
1230 2691 1607 2769 στρατεύματα
1663 2688 1980 2769 θαρραλέως

328 2776 743 2858 διηγωνίζοντο·
788 2781 879 2837 καὶ
922 2781 1061 2844 Ῥῶς
1105 2778 1200 2855 μέν
1248 2785 1316 2857 τῇ
1366 2782 1651 2859 συντρόφῳ
1708 2775 1978 2855 θηριωδίᾳ

327 2869 423 2924 καὶ
488 2872 568 2942 τῷ
625 2872 783 2944 θυμῷ
851 2870 1342 2946 στρατηγούμενοι,
1402 2870 1535 2944 μετά
1604 2868 1785 2946 ῥύμης
1842 2866 1979 2925 κατὰ

326 2957 619 3030 Ῥωμαίων
652 2956 961 3037 ἐφήλλοντο
994 2959 1079 3033 [Ρ.
1122 2960 1236 3032 87],
1288 2958 1403 3015 οἷον
1461 2959 1843 3025 ἐνθουσιῶντες
1886 2958 1976 3015 καὶ

334 3048 711 3151 βρυχξώμενοιε
743 3046 1008 3151 Ῥωμαῖοι
1040 3044 1099 3151 ξε
1148 3049 1265 3151 μετ’
1314 3046 1598 3126 ἐμπειρίας
1649 3044 1741 3105 καὶ
1788 3068 1975 3151 τεχνιῖ
2016 3083 2061 3151 C

329 3142 433 3208 κῆς
463 3137 773 3212 ἐπιστήμης
804 3138 990 3201 αὐτοῖς
1038 3138 1386 3213 ἀντεπῄεσαν.
1446 3139 1544 3195 Καὶ
1598 3139 1792 3216 συχνοὶ
1848 3138 1975 3215 παρ’

328 3225 651 3305 ἀμφοτέρων
683 3222 907 3283 ἔπιπτον
941 3231 1048 3284 τῶν
1108 3233 1313 3303 μερῶν,
1361 3224 1452 3284 καὶ
1505 3228 1674 3308 μέχρι
1723 3224 1817 3303 μ’ὲν
1867 3224 1975 3285 δεί-

332 3313 438 3387 λης
498 3314 719 3392 βαθείας
777 3317 1189 3395 ἆμφιτάλαντος
1219 3320 1255 3388 ἡ
1283 3317 1407 3388 νίκη
1453 3314 1652 3388 ἐδόκει,
1699 3316 1833 3392 τῇδε
1878 3317 1973 3373 κά·

329 3409 476 3459 κεῖσε
505 3406 949 3483 μεταφερομένης
975 3413 1075 3477 τῆς
1110 3405 1320 3483 μάχης.
1380 3402 1520 3476 Ἤδη
1579 3403 1635 3461 δὲ
1682 3404 1781 3461 τοῦ
1828 3424 1976 3484 φωσ-

333 3495 509 3571 φόρου
566 3492 1005 3572 καταφερομένου
1061 3495 1199 3571 πρὸς
1258 3490 1490 3568 δυσμὰς,
1561 3495 1661 3563 τήν
1716 3491 1885 3549 ’ίππον
1948 3493 1977 3549 ὁ

337 3580 590 3658 βασιλεὺς
647 3585 745 3640 ἀνά
802 3586 999 3659 κράτος
1061 3585 1249 3648 αὐτοῖς
1332 3582 1641 3661 ἐπιρράξας,
1695 3578 1974 3656 ἐμϐοήσας

327 3693 410 3742 τε,
441 3672 749 3746 Ῥωμαίους
781 3668 938 3737 ὄντας
984 3672 1071 3729 ἐπὶ
1129 3679 1237 3730 τῶν
1282 3672 1456 3750 ἔργων
1502 3674 1603 3744 τὴν
1652 3678 1799 3747 σφῶν
1850 3672 1977 3749 ἀρε-

327 3762 428 3832 τὴν
457 3760 873 3833 ἐπιδείκνυσθαι,
899 3768 1007 3820 τῶν
1062 3758 1271 3838 ἀνδρῶν
1334 3762 1608 3841 ἐπὲρῥωσε
1652 3762 1720 3819 τά
1768 3764 1975 3843 φρονή-

336 3872 499 3925 ματα.
531 3849 855 3930 Ἐπέϐρνσαν
885 3855 985 3929 γὰρ
1018 3848 1231 3927 ἐκτόπῳ
1277 3858 1438 3930 φορᾷ,
1487 3852 1577 3908 καὶ
1627 3852 1680 3908 οἱ
1737 3850 1977 3928 σαλπιγ-

327 3942 449 3998 κταὶ
495 3942 560 4000 τὰ
613 3942 860 4001 ἐνυάλιον
919 3942 1293 4017 ἐπηλάλαξαν,
1348 3944 1439 3999 καὶ
1501 3944 1604 4020 βοή
1665 3964 1749 4006 τις
1809 3942 1977 4018 ἀθρόα

325 4034 475 4109 παρᾶ
500 4033 791 4109 Ῥωμαίων
836 4031 1005 4110 ἤρθη.
1066 4034 1266 4099 Σκύθαι
1313 4030 1391 4107 δὲ,
1447 4035 1550 4105 τήν
1607 4033 1814 4088 τούτων
1874 4030 1978 4089 οὐκ

322 4121 631 4201 ἐνεγκόντες
678 4124 878 4199 ῥοπὴν,
938 4118 991 4188 ἐς
1048 4125 1225 4202 φυγὴν
1284 4117 1504 4178 ἔκλιναν
1571 4122 1663 4179 καὶ
1720 4122 1858 4200 πρὸς
1912 4123 1975 4178 τὸ

317 4214 508 4289 τεῖχος
568 4213 943 4284 συνώσθησαν,
999 4212 1247 4276 πολλοὺς
1303 4217 1411 4269 τῶν
1493 4212 1763 4293 σφετέρων
1825 4208 1975 4289 παρὰ

317 4303 519 4373 ταύτην
573 4294 942 4365 ἀποϐαλόντες
997 4303 1096 4371 τήν
1160 4303 1372 4381 μάχην.
1451 4300 1715 4376 Ῥωμαῖοι
1776 4296 1854 4372 δέ,
1905 4302 1974 4357 τά

319 4391 557 4447 ἐπινίκια
586 4392 999 4461 παιωνίσαντες,
1032 4391 1083 4447 ἐν
1118 4391 1418 4472 εὐφημίαις
1449 4392 1605 4472 εἶχον
1659 4392 1751 4448 τὸν
1805 4392 1972 4449 αύτο-

2092 1811 2220 1850 mas
2248 1794 2613 1865 ﬂoruissent,
2646 1804 2958 1868 reportata)
2992 1814 3229 1870 semper
3276 1799 3339 1854 in
3387 1800 3610 1872 praeliis
3658 1802 3745 1855 vi-

2092 1883 2313 1952 ctorim,
2345 1899 2504 1940 nunc
2536 1887 2787 1958 turpiter
2811 1903 2845 1941 a
2875 1886 3155 1942 Romanis
3212 1886 3327 1943 fusi
3377 1890 3739 1958 amitterent,

2093 1986 2305 2046 magna
2336 1975 2717 2030 contentione
2746 1990 2872 2031 rem
2902 1976 3205 2048 gerebant.
3227 1978 3509 2035 Romanis
3535 1985 3744 2035 contra

2092 2062 2845 2136 turpitudinisinvidiaeque
2861 2064 3217 2121 verecundia
3242 2064 3499 2134 subibat,
3534 2067 3604 2137 si,
3637 2067 3741 2125 ad-

2090 2152 2366 2207 versariis
2396 2152 2676 2210 omnibus
2727 2154 2910 2210 armis
2969 2161 3027 2210 et
3071 2156 3287 2211 virtute
3339 2154 3623 2223 subactis,
3680 2158 3740 2213 in

2089 2242 2410 2313 praesentia
2439 2258 2473 2299 a
2502 2250 2676 2317 gente
2707 2244 3007 2316 peditibus
3038 2245 3368 2317 praeliante,
3433 2242 3740 2317 equitandi

2090 2337 2287 2386 autem
2318 2344 2492 2387 usum
2524 2332 2766 2389 omnino
2824 2334 3057 2390 nullum
3116 2334 3396 2402 habente,
3456 2341 3738 2408 tanquam

2090 2422 2320 2495 aliquot
2344 2422 2501 2480 bello
2532 2425 2906 2481 inexercitati
2937 2423 3220 2482 tirunculi
3255 2427 3391 2482 victi
3423 2426 3569 2483 141
3608 2424 3740 2483 abi-

2088 2514 2242 2574 rent,
2277 2517 2558 2585 tantaque
2589 2510 2701 2569 sibi
2722 2512 2910 2587 gloria
2925 2520 3144 2588 puncto
3170 2516 3454 2589 temporis
3487 2518 3740 2589 eripere-

2089 2606 2206 2656 tur.
2238 2598 2545 2674 Ejusmodi
2575 2603 2838 2659 rationes
2868 2605 3066 2660 animo
3105 2604 3394 2678 agitantes
3444 2608 3738 2663 exercitus

2090 2704 2325 2746 summa
2354 2688 2405 2746 vi
2438 2690 2841 2765 conﬂigebant
2865 2710 2878 2747 :
2910 2693 2993 2749 ita
3022 2699 3317 2761 tamen,ut
3341 2695 3534 2762 Russi,
3558 2692 3735 2750 innu-

2088 2778 2230 2834 trita
2257 2778 2493 2836 feritate
2519 2787 2695 2853 atque
2727 2779 3038 2838 iracundia
3065 2777 3486 2848 ducti,temere
3517 2785 3734 2839 Roma-

2088 2886 2198 2926 nos
2229 2868 2552 2941 assilirent,
2583 2872 2979 2928 fanaticorum
3010 2871 3126 2928 ritu
3156 2873 3496 2945 rugientes;
3547 2874 3736 2929 nostri

2088 2964 2208 3020 illis
2234 2976 2347 3020 usu
2380 2976 2447 3018 ac
2479 2961 2727 3018 scientia
2757 2961 2902 3017 artis
2960 2960 3237 3018 militaris
3280 2960 3509 3017 obviam
3560 2962 3737 3019 irent.

2088 3054 2371 3110 Plurimis
2404 3068 2472 3108 ex
2502 3056 2752 3124 utraque
2784 3055 2951 3123 parte
2981 3052 3212 3120 occisis,
3264 3068 3399 3107 cum
3444 3068 3635 3124 usque
3665 3052 3741 3109 ad

2092 3144 2342 3201 multam
2373 3158 2678 3214 vesperam
2708 3140 2954 3196 victoria
3010 3140 3238 3195 incerta
3295 3138 3612 3210 videretur,
3674 3158 3741 3198 ac

2092 3232 2269 3289 modo
2302 3232 2362 3287 hi
2390 3226 2566 3286 modo
2594 3226 2679 3284 illi
2707 3224 3205 3301 propellerentur,
3237 3243 3481 3300 vespero
3504 3230 3632 3301 jam
3666 3230 3741 3284 ad

2092 3339 2370 3381 occasum
2393 3324 2688 3393 vergente,
2735 3318 3058 3390 imperator
3104 3318 3435 3389 equitatum
3493 3319 3555 3374 in
3602 3318 3739 3374 illos

2091 3428 2306 3485 magna
2326 3412 2379 3466 vi
2400 3408 2972 3478 immisit;simulque
2990 3407 3350 3470 cohortatus,
3366 3413 3432 3463 ut
3452 3414 3737 3479 tanquam

2092 3500 2341 3560 Romani
2372 3498 2752 3555 vernaculam
2802 3496 3078 3551 virtutem
3131 3496 3302 3552 factis
3344 3496 3737 3568 declararent,

2091 3593 2326 3648 animos
2346 3586 2606 3646 militum
2622 3586 3598 3643 conﬁrmavitJncubueruntenim
3627 3588 3736 3643 im-

2093 3686 2237 3754 petu
2259 3677 2848 3753 singulari,tibicines
2862 3676 3142 3733 bellicum
3160 3677 3741 3741 concinunt,clamor

2088 3769 2352 3842 undique
2374 3784 2409 3825 a
2429 3770 2712 3827 Romanis
2734 3766 2983 3822 tollitur.
2998 3769 3257 3833 Quorum
3284 3766 3740 3838 impressionem

2089 3876 2223 3916 cum
2247 3860 2476 3932 Scythas
2500 3858 2796 3914 sustinere
2821 3874 2942 3912 non
2964 3857 3386 3930 possent,fugae
3411 3875 3474 3912 se
3501 3858 3744 3913 commi-

2091 3956 2298 4006 serunt
2326 3950 2507 4021 inque
2537 3964 2740 4004 muros
2798 3953 2937 4003 sunt
2986 3946 3300 4019 compulsi,
3348 3944 3553 4002 multis
3601 3964 3737 4003 suo-

2085 4056 2219 4096 rum
2250 4040 2312 4094 in
2344 4036 2455 4095 hac
2510 4054 2709 4111 pugna
2755 4036 3014 4093 amissis.
3076 4037 3346 4105 Romani,
3406 4037 3740 4093 victoriales

2090 4137 2302 4187 cantus
2330 4127 2670 4197 fundentes,
2699 4115 3119 4200 imperatorem
3142 4126 3418 4183 laudibus
3435 4128 3736 4184 ferebant:

2088 4218 2216 4290 ipse
2248 4234 2347 4273 eos
2377 4218 2711 4273 officiorum
2745 4222 2867 4272 tum
2914 4214 3331 4271 distributione
3391 4214 3737 4287 epularum-

2085 4324 2200 4379 que
2231 4306 2770 4362 communicatione
2819 4306 3239 4372 remuneravit,
3296 4303 3735 4376 alacrioresque

2084 4397 2159 4454 ad
2188 4397 2394 4469 prmlia
2421 4396 2700 4453 reddidit.

316 4501 574 4556 κρατορα·
610 4482 639 4536 ὁ
672 4478 729 4535 δὲ
767 4480 1091 4555 ἀξιωμάτων
1146 4481 1272 4536 τότε
1332 4478 1622 4555 διανομαῖς
1676 4481 1765 4538 καὶ
1828 4478 2132 4556 δεξιώσεσιν
2191 4484 2476 4540 ἑστιάσεων
2537 4489 2610 4559 (2)
2666 4481 3082 4561 ἐφιλοφρονεῖτο
3138 4481 3389 4550 τούτους,
3446 4480 3536 4536 καὶ
3597 4500 3736 4556 ⁴προ--

320 4569 656 4647 θυμοτέρους
687 4568 775 4626 ἐπὶ
804 4571 900 4634 τὰς
935 4570 1119 4647 μάχας
1149 4569 1453 4647 εἰργάζετο.

1529 4702 1592 4756 C.
1618 4697 1679 4754 B.
1713 4699 1904 4758 HASII
1924 4698 2482 4757 ANNOTATIONES.

392 4804 439 4841 ³⁷
469 4809 747 4880 Δρῆπραν
781 4805 911 4879 (sic)
941 4806 1071 4863 cod.

319 4930 643 5004 reddenda,
677 4948 864 5003 eoque,
898 4948 1057 5003 quem
1084 4928 1468 5004 spathisterem
1495 4936 1714 5004 vocant,
1747 4931 1969 4999 glandis
2000 4940 2044 5004 ι)
2077 4948 2244 4987 verso
2275 4930 2490 4986 mendo
2521 4926 2809 5004 vertit_3‘i.
2843 4930 2908 4984 D.
2933 4937 3003 5004 _ut
3022 4947 3090 5004 _eo
3119 4931 3295 5001 magis
3336 4930 3593 5004 glandem
3619 4933 3727 4988 ali-

314 5002 615 5059 euticulam
645 5002 1023 5058 attrahentes:
1058 5002 1184 5065 sed,
1236 5020 1339 5073 per
1372 5003 1761 5075 rsputhisterem
1803 5020 1964 5074 quem

312 5075 903 5135 vocant,membromm
925 5075 1219 5130 cuticulam
1242 5074 1583 5131 resolventes.
1608 5074 1708 5129 Est
1724 5075 1883 5129 enim
1913 5075 1962 5129 is

316 5145 616 5219 secundus
634 5146 846 5201 modus
863 5146 1126 5219 tegendze
1140 5142 1449 5219 glandis,si
1466 5145 1624 5202 nuda
1639 5151 1728 5201 est
1739 5146 1961 5219 relatus

311 5235 347 5290 ει
376 5216 542 5290 Paul.
575 5219 762 5290 .Egin.
795 5216 1075 5290 capfxul.
1100 5216 1200 5272 fol.
1228 5219 1312 5273 89.
1342 5217 1960 5290 recto:cutemaglan-

308 5288 404 5345 dis
434 5289 631 5343 radice
650 5288 1060 5361 instrumento
1086 5288 1500 5361 separandam,
1524 5288 1738 5345 deinde
1763 5288 1955 5343 detra-

312 5361 578 5433 hendum
595 5366 770 5431 atque
785 5360 878 5416 del
893 5360 1572 5433 gaudam’essedinteolo
1596 5360 1959 5416 intercutem

310 5438 370 5487 et
407 5430 598 5487 colem
657 5430 1029 5503 interposito.
1084 5432 1339 5488 Tametsi
1397 5432 1498 5488 fol.
1560 5434 1648 5487 89.
1703 5447 1859 5487 verso
1889 5434 1955 5488 A.

310 5521 552 5576 operam
594 5516 723 5559 eam
757 5502 888 5559 raro
939 5502 1252 5559 usuvenire
1296 5503 1399 5567 ait,
1446 5503 1812 5576 quodcutis
1855 5520 1953 5576 pe-

311 5570 486 5631 nuria
518 5576 577 5647 in
609 5576 876 5647 partibus
908 5576 1179 5647 illisnon
1210 5577 1432 5647 afferat
1464 5570 1739 5647 τοσαύτην
1792 5570 1958 5645 ἀπτίρέ-

310 5666 490 5719 πεια»,
524 5641 833 5719 ὡς’ταύτης
866 5642 1231 5719 piniger”
1259 5646 1358 5719 τήν
1411 5641 1500 5719 ὃνιᾶ
1549 5650 1649 5712 τῆς
1699 5641 1958 5719 χειρουρ-

314 5712 444 5791 χίας
476 5712 710 5791 ἐρεῖσθαι
748 5712 1003 5791 βάλανον.
1043 5714 1149 5773 Ubi
1180 5712 1524 5773 Guinterius
1557 5733 1677 5772 non
1694 5712 1958 5773 έὶῖὶίὶηᾶἃ-

2075 5016 2242 5074 quam
2265 5019 2334 5058 ea:
2363 5000 2651 5071 chirurgia
2671 5001 2901 5071 deligas.
2928 5000 3039 5057 Sed
3057 5000 3300 5058 omnino
3324 5000 3725 5071 scribendum,

2072 5074 2339 5147 αἱρεῖσθαι
2375 5071 2626 5147 βάσανον,
2659 5074 2806 5147 quod
2846 5089 2958 5128 non
3004 5073 3090 5147 ita
3136 5076 3384 5130 decorem
3434 5078 3609 5141 vitiet,
3662 5084 3723 5133 ut

2073 5144 2241 5215 huius
2262 5144 2565 5214 chirurgia:
2594 5146 2897 5215 cruciatum
2929 5144 3110 5200 subire
3131 5148 3254 5215 quis
3284 5148 3415 5202 velit
3440 5164 3454 5207 ς
3480 5154 3545 5202 ut
3566 5155 3725 5204 recte

2072 5212 2215 5273 vidit
2241 5212 2481 5273 Cornar.
2518 5212 2860 5270 Diolabellis
2890 5218 2979 5272 57.
3012 5218 3081 5272 A.

2142 5290 2214 5363 (1)
2269 5288 2481 5363 Codex.
2540 5293 2621 5363 ut_
2664 5286 2855 5363 notavi
2906 5288 2977 5363 in
3032 5305 3171 5363 ora:
3213 5289 3523 5363 Δρσῆστραν
3564 5292 3722 5363 Δ(δίε).

2069 5356 2316 5416 Cedren.
2352 5360 2493 5415 edit.
2527 5356 2759 5431 Δρίστρα
2894 5362 3016 5414 6ῖὸ.
3054 5360 3112 5414 Β.
3148 5360 3192 5415 D
3247 5356 3439 5418 Codd.
3464 5356 3635 5431 Cedr.
3668 5356 3727 5415 et

2069 5432 2203 5504 Scyl
2233 5477 2246 5495 ,
2281 5449 2430 5503 quos
2457 5430 2700 5504 quidem
2732 5430 2869 5504 vidi,
2904 5431 3074 5504 satis
3105 5440 3449 5488 constanter
3504 5430 3720 5504 Δρίστα,

2068 5501 2937 5577 ψὴυέμςιὶςωᾷαιίιηοᾶυωᾼ
2964 5502 3102 5577 God.
3158 5504 3369 5559 Leonis
3416 5506 3505 5577 83Ῐ
3540 5501 3605 5559 Α.
3639 5504 3719 5557 De

2067 5572 2472 5630 Dristra'vide
2503 5572 2810 5629 Schlozzer.
2868 5573 2942 5629 ad
3001 5576 3209 5642 Nestor,
3268 5575 3552 5631 Russische
3612 5578 3720 5628 An-

2065 5644 2248 5703 nalen.
2284 5653 2394 5703 etc.
2430 5649 2495 5701 V.
2534 5648 2657 5700 131.
2698 5650 2755 5699 Ο.

2138 5719 2218 5789 (2)
2252 5718 2430 5786 Verti,
2464 5718 2753 5788 epularum
2785 5718 3314 5772 communicatione:
3371 5714 3473 5772 sed
3506 5720 3720 5772 notan-
