4060 6198
321 370 438 429 865

1740 365 2135 428 HISTORIA!
2175 366 2329 427 LIB.
2380 366 2488 427 IX.

3624 379 3741 436 866

316 504 426 555 τῶν
456 496 728 576 ἐφιππίων
762 498 806 533 ’ί
865 491 1182 564 ἐπιϐαίνειν,
1215 496 1306 552 xui
1355 501 1470 559 τοῖς
1502 494 1797 569 πολεμίοις
1830 497 1962 551 ἀντ-

2104 516 2220 554 :um
2261 513 2336 552 ne
2360 514 2560 571 regere
2592 499 2836 569 quidem
2892 501 3140 557 habenis
3192 520 3374 574 equos
3433 506 3675 577 scirent,
3710 526 3743 563 a

323 588 699 665 αγωνίζεσθαι,
793 587 1061 659 Ῥωμαῖοι
1142 583 1221 653 δὲ,
1302 583 1514 660 σπουδῇ
1594 591 1715 648 τοῖς
1772 584 1970 645 ὅπλοις

323 676 655 755 φραξάμενοι
686 674 777 730 καὶ
806 680 913 730 τῶν
944 675 1127 729 ’ίππων
1188 670 1489 741 ἐπιϐάντες,
1549 674 1676 736 τούς
1732 696 1790 729 τε
1846 695 1973 728 κον⁴

2084 588 2303 643 nostris
2326 588 2541 643 confixi
2593 594 2754 661 terga
2810 596 3131 658 verterunt,
3193 593 3467 665 intraque
3536 614 3739 652 muros

2087 683 2225 731 sunt
2255 676 2547 731 conclusi.

323 767 452 829 τους
480 763 834 840 ἀνειληφότες
867 765 1179 837 (ἐπιμήκεις
1209 761 1268 818 δὲ
1297 765 1523 826 τούτους
1554 764 1701 836 παρᾶ
1728 766 1823 825 τὰς
1882 763 2067 836 μάχας
2124 764 2641 839 μεταχειρίζονται),
2706 768 2789 837 [Ρ.
2848 770 2937 839 89]
3006 768 3140 840 μετᾶ
3196 768 3377 842 ῥύμης
3436 772 3525 825 καὶ
3560 773 3742 846 βιαίου

326 858 577 928 ὠθισμοῦ
608 854 791 916 αὐτοῖς
823 852 1232 912 ἐπελαύνουσιν,
1292 856 1354 908 0i
1412 852 1490 921 δὲ,
1555 852 1698 926 μηδὲ
1753 859 1871 914 τοῖς
1919 852 2142 929 ῥυτῆρσι
2223 853 2349 915 τοὺς
2379 853 2580 915 ἳππους
2636 855 3035 931 χαλιναγωγεῖν
3070 856 3448 929 ἐπιστάμενοι,
3472 862 3605 932 πρὸς
3634 866 3741 914 τῶν

327 943 617 1017 Ῥωμαίων
641 944 1183 1015 κατακοντιζόμενοι,
1211 947 1353 997 νῶτα
1386 940 1568 1003 δόντες
1602 942 1679 1004 εἷς
1703 942 1767 996 τὸ
1795 947 1988 1020 τεῖχος
2019 941 2429 997 κατεκλείοντο.

404 1044 470 1119 β’.
506 1046 815 1113 Τηνικαῦτα
842 1040 908 1111 δὴ
942 1043 1032 1097 καὶ
1090 1043 1143 1096 αἱ
1197 1047 1303 1096 τῶν
1362 1041 1652 1114 Ῥωμαίων
1708 1041 1979 1118 πυριρόροι

326 1134 576 1208 τριήρεις
636 1132 769 1204 μετᾶ
851 1136 957 1185 τῶν
1041 1136 1280 1206 σιτηγῶν
1359 1130 1678 1204 πορθμείων
1741 1127 1831 1183 δια
1886 1133 1981 1182 τοῦ

326 1223 544 1296 Ἴστρου
594 1220 865 1297 ἐφάνησαν
946 1219 1337 1275 ἀναπλέουσαν
1423 1218 1482 1281 ἅς
1540 1220 1811 1290 Ῥωμαῖοι
1885 1217 1978 1288 μὲν

327 1307 536 1372 ἰδόντες
590 1308 830 1385 ἀρῥήτου
888 1316 1177 1384 χαρμονῆς
1236 1307 1685 1379 ὑπεπλήσθησαν,
1771 1306 1981 1369 Σκύθας

325 1397 387 1453 δὲ
414 1398 534 1461 δὲος
564 1397 711 1473 ᾔρει,
750 1399 812 1452 τὸ
842 1397 1233 1473 ἐπιρερόμενον
1268 1398 1452 1459 αὐτοῖς
1504 1397 1665 1471 ὑγρὸν
1719 1399 1823 1468 πῦρ
1886 1392 1982 1449 δε-

330 1486 540 1550 διότας.
574 1486 929 1558 Ἦκηκόεισαν
990 1490 1090 1565 γαρ
1150 1488 1285 1563 πρὸς
1338 1491 1444 1540 τῶν
1504 1485 1829 1561 γεραιτέρων
1888 1488 1984 1539 τοῦ

328 1582 482 1651 σφῶν
518 1575 725 1646 ἔθνους,
758 1577 831 1639 ὡς
863 1578 953 1632 τὸν
1010 1576 1375 1653 μυριόστολον
1436 1575 1659 1649 στρατὸν
1719 1575 1985 1649 Ἶγγορος,

326 1671 428 1722 τοῦ
513 1666 605 1720 τὸν
699 1661 1145 1745 Σφενδοσθλάὂον
1204 1665 1474 1730 τεκόντος,
1556 1665 1825 1736 Ῥωμαῖοι
1906 1665 1987 1733 τῷ

330 1755 572 1828 τοιούτῳ
598 1753 827 1829 Μηδικῷ
874 1755 1006 1830 πυρὶ
1054 1754 1189 1809 κατᾶ
1243 1756 1333 1809 τὸν
1394 1751 1644 1823 Εὔξεινον
1694 1747 1982 1827 ἐξετὲφρω·

335 1867 459 1904 σαν.
530 1847 800 1910 Ἐντεῦθεν
887 1842 1103 1919 σπουδῇ
1160 1846 1226 1899 τὰ
1310 1845 1511 1899 ἑαυτῶν
1591 1840 1984 1917 συναγαγόντες

337 1936 534 1990 ἀκάτια
566 1938 665 2009 (6),
695 1934 801 2011 πρὸ
831 1939 928 1989 τοῦ
986 1929 1288 2008 περιϐόλου
1344 1938 1439 1987 τοῦ
1488 1934 1676 1987 ἅστεπι
1707 1931 1986 1998 εἳλκυσαν,

331 2025 426 2079 ἳνα
452 2025 831 2100 παραρῥέωνό
886 2026 1097 2099 Ἴστρος
1153 2024 1215 2078 τὸ
1275 2025 1495 2098 θάτερον
1553 2027 1651 2077 τοῦ
1709 2020 1984 2095 Δορυστό-

340 2113 446 2170 λου
506 2112 821 2189 περικλύζει
872 2110 1129 2188 πλευρόν,
1191 2116 1373 2169 Ταῦτα
1433 2113 1487 2165 αἱ
1540 2110 1811 2187 πυτιρόροι
1867 2110 1990 2177 νῆες

331 2201 600 2258 κυκλόθεν
639 2202 965 2279 ἐφρούρουν,
1000 2202 1073 2263 ὡς
1107 2203 1183 2275 μή
1216 2200 1302 2272 εἴη
1360 2200 1595 2265 Σκύθαις
1643 2199 1781 2265 ἐνὸν,
1812 2199 1989 2252 αὐτῶν

334 2287 751 2362 ἐπιϐεϐηκόσιν,
802 2290 889 2346 ἐπὶ
948 2294 1046 2361 τὴν
1111 2296 1257 2367 σφῶν
1309 2290 1670 2358 ἀνασώζεσθαι
1727 2295 1852 2365 γῆν.
1912 2291 1987 2361 Τῇ

336 2380 397 2436 δὲ
433 2381 687 2455 ὑστεραίᾳ
723 2383 770 2419 ³³
798 2381 1196 2456 Ταυροσκύθαι,
1252 2380 1347 2435 τοῦ
1409 2378 1592 2441 ἂστεος
1648 2374 1988 2447 ὑπεκδύντες,

332 2472 476 2527 κατὰ
505 2472 569 2525 τὸ
625 2468 809 2526 πεδίον
869 2470 1142 2541 ἐτάξαντο,
1201 2470 1523 2539 ποδγ,νεκεῖς
1572 2467 1792 2539 θυρεοὺς
1850 2487 1989 2541 προ-

330 2555 671 2633 ϐαλλόμενοι
731 2560 821 2614 καὶ
874 2560 1121 2635 θώρακας
1178 2555 1573 2619 ἁλυσιδωτούς.
1605 2559 1872 2629 Ῥωμαῖοι
1933 2553 1990 2610 δὲ

330 2649 421 2703 xui
482 2648 635 2704 αὐτοὶ
694 2653 790 2704 τοῦ
850 2652 1093 2724 χάρακος
1151 2647 1444 2723 ὑπεξῄεσαν
1501 2646 1553 2708 ἐς
1622 2648 1684 2701 τὸ
1770 2640 1986 2720 ἄκριῦὶς

327 2738 811 2813 τεθωρακισμένοι·
845 2740 933 2793 καὶ
978 2744 1257 2814 καρτερῶς
1316 2736 1482 2813 ἄμφω
1540 2737 1606 2791 τὰ
1664 2737 1802 2812 μέρη
1864 2733 1988 2806 διη-

332 2830 660 2905 γωνίζοντο,
718 2828 807 2883 καὶ
868 2826 1165 2906 ἀμφίδοξος
1219 2830 1253 2893 ἡ
1312 2826 1436 2897 νίκη
1500 2822 1697 2894 ἐδόκει,
1784 2823 1989 2880 ἄλλοτε

336 2918 565 2994 θατέρου
636 2919 835 2990 μὲρους
891 2916 1184 2979 ὠθοῦντος.
1237 2916 1386 2973 Ἐπεὶ
1446 2914 1503 2971 δέ
1556 2937 1639 2977 τις
1697 2915 1985 2988 Ῥωμαίων

331 3014 432 3075 τῆς
465 3006 749 3083 φάλαγγος
809 3005 1138 3081 ἀπορῥαγεῖς
1192 3006 1281 3060 τὸν
1344 3006 1477 3078 μετὰ
1535 3000 1982 3083 Σφενδοσθλάϐον

329 3098 523 3169 τρίτον
607 3096 754 3170 παρᾶ
810 3095 1216 3170 Ταυροσκύθαις
1275 3096 1591 3168 τιμώμενον
1653 3093 1983 3172 Σφὲγκελον,

333 3184 589 3257 ἐκθύμως
640 3184 763 3239 τότε
823 3182 1306 3261 διαγωνιζόμενον,
1358 3183 1762 3254 κατηκόντισεν,
1822 3180 1987 3259 ἄνδρα

332 3271 650 3351 γιγαντώδη
683 3274 773 3329 καὶ
812 3274 1074 3329 νεανικόν*
1128 3274 1215 3329 ἐπὶ
1272 3279 1353 3345 τῷ
1402 3274 1599 3329 τούτου
1630 3274 1883 3345 πτώματι
1940 3274 1987 3307 93

333 3360 789 3439 διαταραχθέντες
818 3364 1188 3439 Ταυροσκύθαι
1226 3360 1398 3439 βάδην
1457 3368 1554 3418 τοῦ
1613 3359 1807 3416 πεδίου
1852 3362 1987 3416 ὑπε-

333 3452 561 3507 νόστουν
601 3453 695 3507 καὶ
727 3455 862 3528 πρὸς
892 3455 955 3507 τὸ
1014 3454 1145 3507 ἄστυ
1196 3452 1514 3527 ἠπείγοντο.
1558 3455 1871 3520 Τηνικαῦτα
1900 3451 1986 3503 καὶ

333 3541 640 3617 Θεόδωρος,
670 3544 697 3597 ὁ
729 3544 830 3611 τήν
862 3544 1279 3617 κατεπωνυμίαν
1315 3542 1602 3613 Λαλάκων,
1665 3542 1799 3615 ἀνὴρ
1857 3537 1994 3595 κατοὶ

332 3650 394 3684 τε
426 3630 599 3700 ἀλκὴν
631 3634 719 3687 xui
755 3635 1010 3705 σώματος
1040 3634 1237 3707 ῥώμην
1295 3630 1626 3702 δυσάντητος
1681 3631 1770 3685 καὶ
1827 3630 1990 3685 ἀκατ-

327 3719 659 3797 αγώνιστος,
693 3720 987 3784 πλείστους
1041 3727 1149 3777 τῶν
1212 3719 1491 3795 δυσμενῶν
1552 3718 1750 3795 σιδηρᾷ
1786 3718 1991 3793 κορύνῃ

326 3808 660 3869 ἀπέκτεινεν,
723 3811 895 3885 ’ἰσχύι
952 3811 1053 3886 γὰρ
1115 3812 1303 3885 χειρὸς
1395 3810 1594 3879 ταύτην
1654 3809 1995 3887 καταφέρων,

330 3900 475 3974 αὐτῇ
508 3904 645 3975 κυνῇ
681 3902 730 3936 ⁹⁴
784 3902 878 3957 καὶ
935 3902 1035 3969 τήν
1088 3903 1259 3975 ταύτῃ
1310 3897 1814 3976 περιστελλομένην
1876 3920 1997 3955 συν-

336 3988 569 4045 ἐθλαττε
596 3991 646 4026 9⁵
668 3992 937 4067 κεφαλήν.
972 3990 1131 4047 Ἀλλ’
1162 3991 1306 4045 οὕτω
1341 3992 1437 4063 μὲν
1488 3989 1611 4045 τότε
1647 3988 1872 4056 Σκύθαι,
1931 3988 1997 4043 τὰ

338 4082 489 4132 νῶτα
520 4076 724 4147 δόντες,
758 4078 847 4134 δια
874 4085 970 4135 τοῦ
1002 4078 1188 4142 ἄστεος
1246 4080 1635 4147 ὑπενόστησαν.
1691 4077 1998 4150 Ῥωμαίους

332 4163 362 4182 σε

328 4166 397 4220 δε
431 4188 458 4221 ο
515 4168 793 4243 βασιλευς,
843 4171 905 4224 τὸ
958 4168 1323 4241 ἀνακλητικὸν
1374 4167 1598 4223 παυλεῖν
1655 4166 1996 4242 ἐγκελεύσας,

2162 1046 2316 1098 144
2338 1048 2389 1097 2.
2427 1043 2645 1098 Eodem
2682 1050 2946 1116 tempore
2996 1047 3265 1102 triremes
3325 1049 3589 1120 igniferae
3625 1053 3740 1105 Ito-

2090 1148 2404 1187 manorum
2436 1149 2569 1187 cum
2604 1134 2853 1188 navibus
2876 1135 3281 1190 frumentariis
3324 1138 3568 1193 adverso
3592 1141 3741 1196 Istro

2091 1221 2511 1293 adnavigantes
2543 1223 3089 1293 conspiciebantur:
3113 1242 3258 1295 quas
3278 1228 3463 1281 nostri
3481 1229 3743 1284 videntes

2093 1309 2431 1364 incredibili
2466 1317 2604 1365 sunt
2652 1311 2860 1367 laetitia
2892 1313 3109 1379 affecti,
3142 1330 3253 1368 nec
3284 1316 3482 1370 minus
3516 1317 3746 1388 Scytha:

2094 1399 2443 1470 perturbati,
2510 1400 2668 1471 quod
2722 1401 3066 1471 impositum
3146 1403 3391 1457 navibus
3444 1404 3749 1460 madidum

2095 1487 2291 1559 ignem
2340 1489 2673 1544 verebatur.
2737 1490 3063 1544 Audierant
3117 1491 3277 1545 enim
3330 1508 3363 1546 a
3423 1493 3747 1563 majoribus

2095 1582 2239 1631 natu
2297 1580 2511 1650 gentis.
2573 1580 3079 1649 quemadmodum
3129 1581 3448 1635 maximam
3494 1582 3745 1637 classem

2096 1667 2345 1737 Ingoris,
2398 1668 2580 1737 patris
2640 1668 3160 1738 Sphendosthlabi,
3240 1671 3485 1724 Romani
3547 1671 3750 1726 eodem

2095 1756 2316 1811 Medico
2345 1757 2478 1828 igne
2510 1757 2569 1810 in
2603 1762 2785 1811 Ponto
2836 1758 3323 1813 combussissent.
3358 1761 3445 1814 Ita
3475 1759 3748 1814 celeriter

2098 1840 2450 1899 lenunculos
2483 1863 2619 1900 suos
2652 1852 2987 1901 contractos
3018 1853 3154 1901 ante
3180 1864 3380 1901 muros
3403 1848 3748 1918 Oppidisub-

2093 1933 2409 2001 duxerunt,
2461 1951 2576 2004 qua
2622 1936 3036 2005 praeterﬂuens
3095 1937 3243 1990 Ister
3294 1936 3549 1990 alterum
3594 1937 3748 1991 latus

2098 2022 2390 2094 Dorystoli
2407 2023 2597 2077 alluit.
2629 2024 2880 2078 Eosdem
2914 2024 3179 2096 igniferae
3202 2030 3423 2078 nostra;
3440 2041 3616 2079 naves
3635 2026 3753 2080 cir-

2098 2112 2394 2166 cumcirca
2411 2111 2819 2181 observabant,
2855 2129 2929 2167 ne
2963 2113 3194 2185 Scythis
3214 2112 3463 2168 facultas
3487 2114 3747 2182 daretur,

2099 2202 2442 2256 conscensis
2467 2202 2790 2272 scaphis,in
2815 2204 2982 2257 suam
3002 2218 3063 2257 se
3082 2203 3384 2275 regionem
3399 2203 3745 2275 recipiendi.

2097 2291 2337 2346 Postero
2371 2291 2466 2345 die
2496 2292 3008 2362 Tauroscythaa,ex
3028 2292 3245 2363 oppido
3278 2293 3520 2363 egressi,
3556 2294 3743 2349 aciem

2096 2383 2156 2436 in
2186 2382 2437 2454 planitie
2468 2382 2902 2450 instruxerunt,
2946 2383 3127 2438 scutis
3188 2383 3259 2438 ad
3318 2383 3500 2455 pedes
3556 2401 3748 2455 usque

2098 2471 2538 2542 pertinentibus
2571 2477 2627 2526 et
2649 2471 2851 2526 loricis
2872 2471 3130 2526 hamatis
3164 2471 3325 2527 tecti.
3358 2474 3505 2527 Item
3539 2476 3753 2528 Roma-

2098 2560 2159 2614 ni
2190 2560 2402 2615 castris
2444 2560 2740 2632 progressi
2793 2565 2933 2614 sunt
2962 2560 3111 2614 bene
3143 2559 3374 2615 loricati
3400 2576 3413 2614 :
3447 2566 3505 2615 et
3534 2562 3749 2615 acriter

2097 2650 2397 2720 utrimque
2432 2654 2755 2722 pugnatum
2787 2655 2896 2716 est,
2948 2649 3176 2703 incerta
3236 2650 3497 2718 victoria,
3559 2651 3747 2705 altero

2098 2739 2349 2795 alterum
2390 2739 2899 2811 propellente.Ubi
2930 2756 3061 2794 vero
3096 2741 3495 2795 Romanorum
3528 2740 3746 2810 aliquis

2099 2846 2168 2884 ex
2196 2829 2489 2901 phalange
2522 2845 2877 2900 procurrens
2937 2828 3351 2899 Sphencelum,
3408 2830 3508 2900 qui
3570 2830 3742 2885 tertio

2098 2925 2232 2991 post
2271 2918 2849 2990 Sphendosthlabum
2882 2919 3011 2973 loco
3044 2936 3077 2973 a
3108 2920 3524 2991 Tauroscythis
3556 2920 3747 2977 hono-

2096 3008 2359 3074 rabatur,
2384 3008 2650 3063 animose
2678 3013 2817 3062 tunc
2845 3007 3217 3078 praeliantem
3250 3010 3512 3078 conﬁxit,
3556 3011 3743 3066 virum

2095 3102 2257 3153 vasto
2288 3114 2531 3169 corpore
2559 3102 2617 3152 et
2641 3096 2891 3152 audacia
2913 3097 3165 3168 juvenili
3195 3114 3207 3149 :
3242 3098 3420 3167 hujus
3444 3116 3584 3153 casu
3610 3118 3745 3170 per—

2098 3188 2315 3243 turbati
2369 3188 2783 3259 Tauroscythee
2844 3204 2873 3241 e
2932 3187 3181 3258 planitie
3239 3188 3453 3257 pedem
3499 3190 3751 3256 referre,

2098 3277 2278 3347 inque
2310 3276 2592 3347 oppidum
2617 3293 2677 3330 se
2709 3276 2973 3346 recipere
3005 3276 3561 3346 cwperuntEodem
3593 3294 3755 3347 [ιι-ων

2097 3365 2176 3419 lio
2198 3365 2540 3419 Theodorus
2572 3368 2963 3436 cognomento
3000 3364 3228 3431 Lalaco,
3254 3366 3434 3419 homo
3461 3366 3535 3419 ob
3573 3365 3762 3420 robur

2099 3454 2550 3524 corporis,quod
2584 3469 2882 3507 summum
2917 3458 3043 3507 erat
3066 3454 3126 3506 in
3158 3453 3283 3523 illo,
3306 3454 3661 3509 metuendus
3699 3460 3761 3508 et

2101 3544 2250 3599 145
2288 3542 2995 3613 inexpugnabilis,hostes
3018 3558 3266 3596 numero
3286 3542 3576 3613 plurimos
3596 3544 3759 3599 clava

2102 3631 2294 3686 ferrea
2319 3631 2621 3686 interfecit
2644 3651 2659 3698 ;
2685 3648 2863 3702 quam
2890 3648 3071 3686 manu
3094 3637 3213 3687 tam
3239 3631 3453 3686 valenti
3477 3632 3758 3687 demitte-

2102 3720 2558 3786 bat,utsimulet
2583 3721 2812 3792 galeam
2844 3725 2902 3775 et
2934 3725 3109 3791 caput
3139 3720 3242 3775 illa
3266 3726 3482 3775 tectum
3498 3722 3759 3777 confrin-

2104 3812 2359 3882 geret.ln
2390 3811 2549 3865 hunc
2581 3810 2822 3865 modum
2848 3810 3098 3880 Scythae,
3131 3810 3267 3881 fuga
3298 3810 3472 3877 facta,
3497 3812 3557 3866 in
3582 3814 3762 3884 oppi-

2106 3900 2245 3955 dum
2296 3906 2687 3956 reverterunt.
2745 3902 3042 3955 Romanos
3101 3900 3449 3971 imperator,
3497 3906 3770 3973 receptui

2108 3990 2239 4044 cani
2278 3990 2522 4061 jubens,
2556 3989 2617 4043 in
2669 3995 2861 4044 castra
2917 3989 3247 4044 revocavit:
3303 3989 3404 4044 ubi
3460 3990 3634 4045 donis
3668 4007 3770 4046 eos

2110 4079 2505 4149 conviviisque
2538 4078 2784 4149 accepit,
2804 4077 3158 4147 animosque
3195 4076 3265 4131 ad
3291 4083 3531 4133 strenue
3550 4080 3768 4134 ineun-

2110 4168 2246 4223 dam
2276 4184 2534 4240 pugnam
2555 4169 2815 4238 majores
2844 4166 3004 4221 fecit.

336 4255 802 4313 συνεκαλεῖτοέπί
828 4261 919 4314 τὸν
951 4259 1189 4335 χάρακα,
1222 4257 1315 4321 οὕς
1340 4255 1538 4334 δώροις
1565 4258 1656 4312 καὶ
1687 4256 2019 4331 προπόσεσιν
2050 4252 2357 4328 ἐθεράπευε,
2388 4258 2844 4327 προθυμοποιῶν,
2876 4251 3185 4325 ῥωμαλέως
3216 4250 3305 4306 ἐπὶ
3329 4254 3458 4314 τοὺς
3481 4254 3763 4328 ποΛέμους

325 4365 376 4421 χ
392 4353 578 4423 ωρεῖν.

410 4447 478 4519 γ’.
510 4447 599 4503 Ἐν
632 4448 811 4519 τούτῳ
845 4445 901 4502 δὲ
930 4450 1039 4501 τῶν
1080 4446 1419 4523 πραγμάτων
1479 4445 1849 4521 ῄωρημὲνων,
1900 4444 1988 4499 xui
2025 4454 2068 4517 ί)

320 4544 433 4606 τῆς
470 4537 659 4611 μάχης
713 4534 789 4591 ἔτι
850 4535 1256 4607 συνεστηκυίας,
1327 4537 1475 4590 Λέων
1540 4535 1995 4609 ΚουροπαΛάτης,

322 4630 359 4684 ὁ
414 4630 514 4681 τοῦ
568 4626 968 4704 αὐτοκράτορος
1028 4628 1351 4705 Νικηφόρου
1406 4624 1687 4699 ὁμαίμων,
1742 4622 1837 4679 ἐπὶ
1893 4624 1994 4692 τὴν

322 4717 475 4773 κατᾶ
509 4712 708 4771 Λέσϐον
742 4720 823 4789 [Ρ.
878 4720 969 4790 90]
1035 4718 1335 4789 Μήθυμναν
1394 4718 1468 4787 (7)
1518 4713 1632 4788 ἃμα
1691 4712 1996 4790 Νικηφόρῳ

2172 4447 2225 4501 3.
2258 4446 2515 4499 Eatenus
2548 4443 2727 4499 dubio
2760 4459 2958 4497 rerum
2993 4444 3175 4509 exitu,
3238 4442 3527 4513 ﬂagrante
3578 4443 3759 4497 etiam

2108 4535 2287 4600 bello,
2375 4535 2488 4589 Leo
2543 4533 2945 4605 Curopalates,
3007 4532 3318 4604 Nicephori
3384 4533 3765 4604 imperatoris

2104 4627 2309 4693 frater,
2339 4642 2516 4696 quem
2549 4624 2902 4695 Methymna)
2959 4623 3021 4677 in
3055 4622 3235 4677 Lesbo
3269 4622 3469 4677 insula
3498 4639 3772 4678 asserva-

2107 4720 2234 4769 tum
2266 4732 2394 4769 esse
2428 4731 2607 4786 supra
2665 4712 3092 4779 demonstravi,
3127 4711 3475 4768 custodibus
3513 4713 3773 4786 pecunia

1583 4867 1644 4920 C.
1687 4866 1747 4922 Β.
1792 4864 1981 4920 HASII
2032 4864 2597 4920 ANNOTATIONES.

418 5037 467 5113 οἳ
500 5033 717 5113 όστερέᾳ
744 5039 874 5095 cod.
909 5038 956 5075 ’3
986 5035 1101 5094 ἐπεί
1139 5037 1200 5093 τὸ
1230 5036 1426 5093 τούτου
1457 5038 1716 5111 πτώματι
1747 5039 1879 5096 cod.
1913 5039 1959 5074 ⁹⁴

2104 5040 2150 5112 ᾗ]
2178 5040 2339 5110 κοινῇ
2369 5038 2498 5094 cod.
2532 5038 2578 5073 9⁸
2606 5038 2948 5097 συνὲθλαττε.
2984 5042 3130 5113 Lege
3195 5047 3296 5097 aut
3348 5041 3608 5110 συνέθλα,
3667 5050 3768 5100 aut

335 5108 657 5171 συνέθλασε.

418 5268 494 5339 (θ)
538 5270 615 5323 De
648 5270 980 5341 monoxylis
1013 5273 1335 5325 [iussorum
1379 5268 1687 5341 Constant.
1720 5268 1992 5341 Porphy-

332 5356 467 5422 τρες,
505 5341 581 5422 D_e
614 5338 948 5422 administr.
975 5342 1121 5422 .irr‘np.
1266 5342 1425 5422 B:_—
1453 5340 1604 5422 61._F
1659 5344 1718 5392 et
1741 5338 1993 5422 Bgndur.

333 5410 510 5467 ad'h.
545 5412 584 5464 ι.
619 5415 705 5466 36.
740 5413 798 5467 C.
838 5413 1103 5467 Manifice
1149 5410 1510 5466 Claudianus
1543 5412 1607 5465 1n
1642 5426 1711 5464 ιν.
1768 5412 1995 5465 Consu—

330 5485 445 5540 lat.
482 5484 721 5538 Honorii
748 5501 795 5537 v.
836 5485 939 5538 623
967 5500 1095 5540 sua.
1144 5499 1156 5536 :

360 5499 445 5538 al.
482 5499 721 5538 ﬂOIlOI‘ll
748 5501 795 5537 ν.
836 5499 939 5538 023
1144 5499 1156 5536 ἶ

415 5630 560 5683 Ausi
582 5629 896 5684 Danubium
928 5627 1208 5699 quondam
1238 5631 1465 5681 tranare
1496 5625 1825 5696 Gruthungi

416 5718 486 5772 In
518 5717 713 5775 lintres
740 5722 958 5789 fregere
987 5734 1174 5774 nemus
1199 5732 1211 5774 :
1238 5720 1320 5770 ter
1347 5714 1498 5771 mille
1520 5715 1754 5771 ruebant

2183 5269 2281 5321 Per
2307 5268 2536 5335 ﬂuvium
2552 5266 2734 5335 plena:
2765 5268 2949 5321 cuneis
2967 5268 3299 5323 immanibus
3330 5267 3478 5322 alni.

2181 5422 2255 5493 (7)
2284 5421 2416 5475 Haec
2475 5420 2560 5475 sic
2617 5419 2951 5475 redduntur
3009 5420 3079 5493 in,
3129 5421 3400 5476 versione
3446 5421 3765 5493 Combeﬁs,

2111 5492 2268 5566 apud
2302 5494 2438 5563 Pag.
2471 5493 2562 5544 IV.
2616 5493 2703 5566 2_8.
2741 5494 2783 5546 D
2820 5508 2832 5545 :
2882 5495 2988 5546 Leo
3049 5492 3407 5566 Curopalata,
3471 5492 3766 5566 Maeli/tori

2110 5562 2250 5637 iiup.
2284 5562 2485 5633 frater,
2517 5563 2838 5637 Methymna
2870 5580 2990 5637 quae
3013 5564 3173 5637 Lesbi
3202 5562 3386 5618 insula
3417 5570 3493 5637 est
3522 5562 3541 5627 [
3641 5564 3763 5637 bte-

2114 5631 2377 5708 thgmnae,
2411 5651 2532 5705 qua:
2564 5631 2720 5708 Lesbi
2768 5631 2960 5691 insulae
2992 5636 3120 5691 urbs
3152 5640 3248 5701 est]
3309 5665 3372 5676 —-
3405 5634 3478 5687 ad
3509 5631 3762 5686 rebellio—

2115 5706 2240 5766 nem
2271 5709 2520 5763 animum
2540 5706 2810 5763 advertit.
