4108 6198
373 329 485 391 8⁸71

1784 323 2063 386 LEOle
2107 320 2427 385 DIACONI

3658 326 3773 386 8⁸12

377 461 674 535 phalange
702 458 859 516 facta
884 457 1063 531 (redit
1091 456 1252 512 enim
1306 472 1398 525 eo,
1456 455 1613 511 unde
1657 471 1894 529 egressa
1919 459 2021 522 est,

2139 452 2324 515 τίλας.
2384 451 2453 508 Οἱ
2510 447 2569 535 δε
2624 450 2765 513 Ῥῶς
2820 447 3231 513 συνασπίσαντες
3271 449 3445 523 (αὖθις
3474 454 3579 530 γὰρ
3610 455 3642 509 ὁ
3690 453 3783 511 λδ-

382 550 688 623 oratio),in
713 563 989 620 campum
1008 549 1691 618 processerunt,summa
1711 544 1766 598 vi
1785 550 2030 600 conten-

376 641 611 707 dentes,
652 643 720 694 ut
748 640 1146 693 Romanorum
1204 639 1499 689 tormenta
1554 637 2030 689 concremarent.

381 731 550 801 Egre
581 726 739 783 enim
762 724 880 780 tela
900 739 1035 779 cum
1050 721 1304 778 stridore
1318 721 1459 777 inde
1474 722 1660 778 missa
1672 721 2030 789 tolerabant,

380 817 598 889 quibus
629 813 894 886 quotidie
925 812 1156 884 Scytha;
1182 810 1425 883 plurimi
1453 811 1753 884 lapidibus
1766 811 1864 866 icti
1882 810 2029 881 deji-

378 902 936 975 ciebantur.Agebat
964 906 1398 957 tormentorum
1430 901 1760 956 custodiam
1776 901 2035 955 Joannes

379 996 640 1050 Curcuas
664 993 946 1066 magister
966 991 1218 1059 militiae,
1249 1007 1466 1064 genere
1510 1006 1645 1045 cum
1672 992 2034 1062 lmperatore

377 1083 754 1155 conjunctus.
790 1084 844 1138 Is
874 1081 973 1136 ubi
1032 1081 1234 1136 hostes
1283 1080 1566 1135 audacter
1612 1084 2035 1152 procurrentes

372 1172 543 1241 vidit,
573 1171 694 1226 vini
727 1170 1043 1241 somnique
1069 1169 1285 1241 plenus
1317 1168 1499 1241 (quod
1529 1174 1666 1241 post
1714 1167 2034 1241 prandium

374 1278 471 1317 res
510 1259 865 1333 gerebatur),
901 1275 1053 1329 equo
1076 1274 1422 1327 conscenso,
1454 1273 1590 1312 cum
1643 1256 2036 1327 sequentibus

378 1349 624 1405 delectis
656 1354 862 1404 contra
891 1347 1070 1402 venit.
1122 1348 1322 1418 Equus
1371 1347 1433 1401 in
1484 1345 1755 1402 scrobem
1802 1345 2035 1401 delatus

377 1440 554 1495 dorso
578 1455 715 1494 eum
749 1437 988 1493 excutit.
1004 1439 1149 1492 Tum
1172 1437 1423 1509 Scythm,
1452 1436 1747 1508 insignem
1769 1440 2030 1491 armatu-

379 1545 507 1584 ram
540 1529 691 1598 ejus,
721 1528 1117 1599 phalerasque
1171 1526 1307 1597 equi
1359 1540 1495 1581 cum
1553 1525 1786 1595 reliquo
1818 1528 2035 1579 ornatu

378 1617 711 1673 elaboratas
731 1616 1046 1689 magnifice
1058 1615 1389 1687 conspicati
1408 1618 1602 1686 (erant
1630 1613 1793 1669 enim
1807 1612 2035 1669 affatim

374 1708 621 1764 inducta
637 1708 825 1780 auro),
856 1708 971 1764 rati
992 1708 1413 1778 Imperatorem
1439 1723 1589 1772 esse,
1624 1721 1834 1760 omnes
1855 1703 2035 1759 simul

2135 562 2254 616 γος,
2289 540 2406 595 ὅθεν
2439 533 2620 610 ἐξέϐη,
2682 539 2996 611 ἐπάνεισιν),
3051 539 3140 594 ἐπὶ
3190 544 3254 596 τό
3297 539 3484 597 πεδίον
3542 540 3786 618 ἐξῄεσαν,

2138 631 2298 686 παντὶ
2332 630 2498 694 σθὲνει
2525 629 2881 704 πειρώμενοι,
2934 629 3030 691 τὰς
3083 634 3192 685 τῶν
3232 631 3521 705 Ῥωμαίων
3576 654 3789 709 πυρπο-

2140 716 2256 775 λεῖν
2319 717 2595 793 μηχανάς.
2650 717 2728 775 Οὐ
2801 717 2904 794 γὰρ
2960 718 3057 783 τὰς
3110 718 3318 775 τούτων
3407 723 3543 794 μετά
3600 723 3789 798 ῥοίζου

2139 804 2355 883 ἕστεγον
2415 806 2837 880 ὲκπεμπομένας
2927 806 3121 881 βολάς,
3181 806 3454 865 πλείστων
3514 812 3791 887 ὁσημέραι

2142 896 2246 952 ὑπὸ
2302 901 2411 951 τῶν
2470 894 2772 974 ἀφιεμένων
2824 893 2994 951 λίθων
3051 896 3460 972 ἀναιρουμένων
3542 903 3789 959 Σκυθῶν.

2143 986 2400 1055 ’Ῐωάννης
2437 983 2496 1040 δὲ
2528 986 2557 1040 ὁ
2586 985 2906 1058 Κουρκούας
2935 985 3027 1040 καὶ
3079 988 3420 1062 Μάγιστρος,
3483 988 3544 1044 ἐκ
3599 1011 3797 1065 γενους

2141 1078 2440 1151 προσήκων
2472 1080 2553 1148 τῷ
2614 1071 2855 1149 βασιλεῖ,
2911 1076 3010 1144 τήν
3068 1081 3177 1131 τῶν
3232 1077 3499 1134 τοιούτων
3532 1098 3796 1154 μηχανηο-

2145 1165 2329 1240 μάτων
2359 1164 2692 1239 ποιούμενος
2720 1162 2995 1238 φυλακην,
3024 1165 3124 1232 τήν
3189 1167 3324 1240 μετά
3350 1168 3582 1239 θράσους
3611 1169 3796 1242 ὁρμήν

2138 1260 2246 1310 τῶν
2282 1253 2534 1309 ἐναντίων
2568 1251 2725 1320 ἰδὼν,
2755 1255 2847 1309 καί
2905 1250 3093 1317 ἄλλως
3126 1275 3258 1328 οινῳ
3311 1251 3646 1331 καρηϐαρῶν
3702 1257 3794 1312 καὶ

2139 1343 2442 1412 νευστάζων
2498 1343 2640 1416 (μετ’
2697 1341 2913 1418 ἄριστον
2973 1342 3079 1418 γάρ
3135 1345 3247 1416 ἦν),
3324 1344 3499 1400 ἵππου
3577 1342 3795 1414 ἐπιϐάς,

2141 1432 2233 1488 σὺν
2277 1438 2396 1496 τςῖς
2442 1430 2797 1508 ἐφεπομὲνοις
2854 1433 3080 1508 Λογάσιν
3135 1431 3339 1502 ἤλαυνε
3416 1435 3533 1490 κατ’
3592 1434 3794 1493 αὐτῶν.

2143 1523 2337 1597 Βόθρῳ
2364 1518 2423 1576 δὲ
2454 1522 2482 1576 6
2506 1518 2681 1583 ’ίππος
2710 1521 3051 1594 κατενεχθεὶς
3091 1517 3401 1578 ἀποϐάλλει
3457 1528 3567 1580 τῶν
3599 1525 3793 1581 νώτων

2138 1611 2232 1666 τὸν
2268 1612 2602 1687 Μάγιστρον.
2653 1610 2722 1668 Οἱ
2779 1607 2839 1666 δε
2891 1610 3117 1682 Σκύθαι,
3174 1611 3449 1687 ἀριπρεπῆ
3481 1612 3795 1670 πανοπλίαν

2143 1696 2373 1770 ἰδόντες,
2401 1700 2493 1756 καὶ
2523 1698 2741 1778 φάλαρα
2763 1703 2862 1755 τοῦ
2891 1700 3068 1755 ἳππου
3096 1699 3187 1755 καὶ
3241 1702 3343 1771 τήν
3374 1699 3555 1773 ἄλλην
3590 1705 3791 1774 σκευήν

374 1796 715 1855 circumfusi
740 1813 860 1852 una
878 1814 1014 1852 cum
1035 1796 1219 1852 armis
1259 1812 1395 1851 eum
1425 1793 1639 1868 gladiis
1681 1793 2021 1849 securibus-

2139 1786 2524 1865 ἐξειργασμίνα
2589 1785 2861 1862 λαμπρῶς
2917 1786 3244 1863 (ἐτύγχανον
3310 1788 3414 1864 γάρ
3468 1792 3795 1866 κατακόρως

379 1903 495 1957 que
524 1886 716 1941 ferum
748 1886 810 1940 in
858 1885 1099 1941 modum
1130 1884 1491 1941 articulatim
1522 1882 1815 1953 dividunt,
1847 1888 2021 1955 caput

2137 1878 2492 1952 ἀληλιμμενα
2523 1880 2545 1915 ⁸
2574 1882 2766 1954 χρυσῷ
2795 1880 2910 1952 (14)
2938 1881 2978 1951 ),
3038 1874 3284 1949 δόξαντες
3356 1880 3518 1936 αὐτὸν
3578 1880 3788 1938 ἐκεῖνον

379 1975 502 2047 pilo
534 1976 716 2031 fixum
749 1975 811 2030 iu
842 1975 1106 2030 turribus
1144 1974 1540 2041 constituunt,
1562 1975 1861 2029 Romanos
1890 1972 2023 2027 irri-

381 2063 610 2132 dentes,
626 2063 783 2135 quod
812 2080 1017 2120 eorum
1048 2065 1473 2135 Imperatorem
1489 2061 1742 2117 victimas
1774 2062 1893 2117 ritu
1910 2061 2024 2118 ob-

377 2154 899 2210 truncassent.Has
918 2154 1178 2209 Joannes
1208 2151 1480 2226 Magister
1510 2150 2028 2224 poenasscelerum

374 2255 440 2309 in
471 2242 628 2298 uades
661 2258 860 2299 sacras
896 2241 1351 2298 commissorum
1408 2239 1566 2308 tulit,
1624 2244 1691 2295 ut
1744 2257 1780 2296 a
1825 2240 2027 2296 furore

375 2330 764 2389 barbarorum
787 2330 1485 2404 opprimeretur.Etenim
1509 2329 1792 2387 ecclesias
1808 2329 2027 2385 multas

372 2428 437 2482 in
467 2421 667 2477 Maesia
694 2426 958 2477 vastasse
1015 2420 1253 2487 dicitur,
1309 2434 1633 2490 earumque
1688 2424 1913 2475 vestem
1971 2422 2032 2473 et

368 2528 507 2568 vasa
528 2527 698 2567 sacra
726 2511 790 2566 in
842 2510 1133 2583 privatam
1174 2506 1610 2582 supellectilem
1640 2508 2026 2565 convertisse.

2137 1970 2275 2024 εἶναι
2301 1969 2392 2024 τὸν
2425 1967 2817 2044 αὐτοκράτορα,
2849 1967 3060 2042 ἀθρόως
3093 1965 3521 2043 περιδραμόντες
3569 1973 3657 2040 [Ρ.
3688 1974 3787 2045 92]

2139 2059 2324 2122 αὐτοῖς
2351 2056 2547 2120 ὅπλοις
2572 2061 2765 2113 τοῦτον
2822 2062 2942 2119 τοῖς
3000 2057 3171 2132 ξίφεσι
3228 2058 3318 2113 καὶ
3375 2057 3628 2116 πελέκεσι
3678 2082 3778 2117 κα-

2134 2145 2425 2219 τεμὲλισαν
2468 2146 2716 2217 ἀπηνῶς’
2760 2142 3000 2221 δορατίῳ
3056 2167 3115 2202 τε
3164 2148 3265 2217 τήν
3333 2145 3578 2226 κεφαλήν
3631 2170 3791 2225 περι-

2137 2235 2442 2308 πείραντες,
2497 2233 2584 2291 ἐπὶ
2644 2239 2753 2290 τῶν
2820 2235 3041 2310 πύργων
3093 2236 3419 2308 κατέπηξαν,
3475 2239 3789 2312 Ῥωμαίους

2135 2324 2495 2396 τωθάζοντες,
2526 2324 2601 2386 ὡς
2632 2324 2724 2379 τὸν
2754 2327 2904 2398 σφῶν
2935 2321 3164 2399 βασιλέα
3218 2321 3373 2395 δίκην
3435 2327 3792 2402 βοσκήματος

2137 2415 2606 2490 κρεουργήσαντες
2664 2415 2799 2487 (15).
2860 2411 3036 2470 Ἀλλᾶ
3089 2417 3313 2470 τοιαῦτα
3372 2415 3470 2486 μὶν
3524 2417 3794 2489 Ἰωάννης

2138 2505 2167 2559 6
2200 2503 2515 2582 Μάγιστρος
2545 2501 2893 2581 ἀπηνέγκατο
2940 2504 3008 2558 τά
3063 2502 3340 2580 Ξπίχειρα,
3395 2506 3471 2560 ῶν
3529 2505 3606 2569 είς
3651 2506 3787 2571 τοὺς

369 2599 548 2661 θείους
649 2599 1032 2673 πεπαρῳνήκει
1090 2597 1315 2668 σηκοὺς,
1375 2600 1551 2669 θυμοῦ
1659 2591 1999 2673 βαρϐαρικοῦ
2056 2595 2291 2672 γεγονὼς
2343 2591 2745 2669 παρανάλωμα.
2832 2591 3063 2670 Λέγεται
3165 2594 3269 2669 γάρ
3341 2593 3590 2659 πολλοὺς
3659 2601 3775 2653 τῶν

369 2687 508 2743 κατᾶ
559 2688 768 2744 Μυσίαν
812 2684 1082 2761 κεραίσαι,
1130 2686 1222 2742 καὶ
1278 2686 1345 2741 τὰ
1391 2685 1598 2741 τούτων
1675 2683 1885 2741 ἔπιπλα
1912 2685 2004 2741 καὶ
2035 2684 2201 2755 σκεύη
2256 2685 2324 2739 τά
2381 2682 2503 2758 ἰερᾶ
2576 2682 2653 2746 είς
2732 2679 2989 2738 ῗδιωτικὰ
3064 2685 3454 2757 μετασκευάσαι
3484 2684 3781 2760 κειμήλια.

439 2808 492 2861 6.
525 2803 700 2862 Bussi
730 2804 1027 2877 ejusmodi
1070 2805 1313 2861 victoria
1360 2805 1521 2876 elati,
1570 2804 1858 2879 postridie
1890 2805 2021 2876 ejus

368 2893 487 2949 diei
506 2892 725 2967 oppido
747 2893 1239 2967 egressi,adversa
1257 2895 1384 2951 acie
1405 2899 1829 2954 constiterunt:
1847 2895 2020 2950 item-

370 2999 488 3055 que
524 2983 797 3051 Romani,
826 2982 888 3039 in
926 2983 1114 3041 altum
1145 3000 1401 3041 cuneum
1458 2986 1733 3056 conferti,
1789 2983 2018 3041 obviam

366 3075 523 3131 149
553 3074 904 3149 procedunt.
944 3076 1086 3131 Erat
1141 3076 1356 3145 Icmor,
1396 3078 1496 3150 qui
1557 3079 1666 3135 sub
1710 3075 2021 3150 Sphendo-

368 3164 603 3222 sthlabo
635 3165 960 3222 exercitum
986 3165 1326 3238 Scythicum
1381 3165 1653 3233 ducebat,
1709 3167 2018 3239 proximus

2205 2801 2270 2866 qv.
2327 2800 2464 2863 Ῥῶς
2518 2796 2579 2856 δι
2631 2803 2702 2875 τῇ
2749 2799 2978 2876 τοιαύτῃ
3024 2797 3152 2876 νίκῃ
3210 2801 3653 2876 κατεπαρθὲντες,
3727 2801 3785 2865 ἒς

2127 2889 2227 2959 τήν
2283 2889 2536 2945 ἐπιοῦσαν
2592 2893 2693 2945 τοῦ
2754 2888 2943 2953 ἄστεος
2995 2887 3320 2962 ὕπεειόντες,
3365 2891 3513 2966 παρά
3567 2891 3631 2947 τὸ
3689 2910 3789 2963 με-

2127 2977 2393 3054 ταίχμιον
2450 2976 2723 3048 ἐτάξαντο·
2779 2983 3045 3052 Ῥωμαῖοι
3088 2973 3147 3032 δὲ
3175 2977 3265 3033 καὶ
3323 2978 3503 3050 αὐτοὶ,
3565 2979 3619 3042 ἐς
3677 2981 3783 3055 βα-

2128 3068 2275 3123 θεῖαν
2330 3066 2747 3131 συνασπίσαντες
2801 3066 3082 3147 φάλαγγα,
3127 3065 3345 3131 τούτοις
3421 3067 3775 3145 ἀντεπῄεσαν,

2128 3158 2392 3223 Ἐνταῦθα
2420 3158 2673 3234 Ἴκμορα,
2733 3158 2823 3214 τὸν
2885 3158 3021 3232 μετᾶ
3047 3158 3141 3214 τὸν
3199 3154 3651 3237 Σφενδοσθλάϐον
3710 3161 3777 3216 τὸ

365 3260 502 3328 post
529 3254 704 3311 illum
734 3255 1213 3323 auctoritate,vir
1235 3257 1483 3313 immani
1514 3273 1762 3330 corpore
1780 3261 1838 3312 et
1854 3256 2013 3312 fero—

2134 3246 2394 3312 Σκυθικὸν
2450 3245 2652 3324 ἄγοντα
2732 3248 3039 3323 στράτευμα
3099 3247 3191 3303 καὶ
3246 3246 3566 3321 τιμώμενον
3617 3248 3778 3312 εὐθὺς

368 3346 460 3401 cia
482 3343 929 3417 juveniliﬂunc
948 3347 1207 3402 Anemas
1238 3362 1309 3401 ex
1336 3345 1772 3419 protectoribus
1803 3345 2021 3418 palati-

366 3434 482 3503 nis,
515 3434 726 3490 Cretici
757 3440 1008 3507 satrapae
1032 3434 1211 3502 ﬁlius,
1245 3436 1623 3508 conspicatus
1658 3451 1871 3509 magno
1902 3434 2018 3490 im-

363 3527 506 3594 petu
536 3538 672 3578 cum
703 3522 947 3578 cohorte
970 3521 1474 3594 satellitum,quos
1500 3522 1661 3579 circa
1680 3538 1743 3579 se
1760 3520 2018 3578 habebat

362 3611 1225 3682 incurrere,Romanorumque
1246 3611 1586 3683 complures
1602 3611 2015 3679 occidere,vir-

364 3705 490 3755 tute
522 3698 706 3755 animi
738 3699 1153 3771 elatus,gladio
1184 3699 1257 3755 ab
1286 3699 1471 3756 latere
1488 3701 1715 3770 stricto,
1739 3702 1854 3757 huc
1874 3700 2017 3756 illuc

367 3803 720 3845 conversum
733 3788 1163 3859 incensumque
1176 3787 1505 3845 calcaribus
1518 3806 1738 3861 equum
1760 3791 1823 3846 in
1838 3793 2020 3847 Icmo-

369 3892 501 3931 rem
514 3875 765 3931 immisit
792 3893 805 3931 :
829 3892 1008 3948 quem
1020 3879 1231 3932 nactus
1247 3877 1532 3933 cervicem
1560 3877 1756 3950 gladio
1769 3878 2013 3950 appetit:

372 3965 602 4036 Scythas
628 3971 806 4037 caput
859 3981 997 4021 cum
1054 3981 1240 4021 manu
1297 3965 1506 4023 dextra
1560 3966 1858 4023 abscisum
1890 3966 2018 4022 solo

364 4052 765 4110 afﬂixit.Duce
795 4053 1047 4110 cadente
1062 4053 1335 4111 clamora
1347 4055 1579 4128 Scythis
1591 4054 2019 4111 lamentatione

368 4142 697 4216 permistus
726 4143 997 4199 tollitur:
1028 4144 1097 4199 ﬁt
1116 4143 1178 4198 in
1211 4160 1312 4201 eos
1342 4160 1377 4200 a
1425 4144 1708 4201 Romanis
1738 4144 2016 4218 impetus.

368 4231 558 4297 Quem
590 4230 679 4286 illi
710 4247 832 4287 non
877 4232 1332 4300 sustinuerunt;
1384 4231 1510 4302 sed,
1554 4234 1825 4306 praetoris
1859 4234 2020 4291 caede

358 4320 752 4376 vehementer
780 4320 1277 4391 commoti,scutis
1307 4327 1442 4393 post
1471 4323 1753 4378 humeros
1781 4322 2021 4395 rejectis

360 4408 425 4464 in
457 4409 745 4482 oppidum
804 4411 1026 4467 reversi
1092 4414 1251 4467 sunt.
1284 4411 1536 4467 Romani
1590 4429 1742 4483 quos
1770 4418 2022 4484 possunt

2237 3336 2307 3392 ’ἐ
2371 3343 2395 3355 "
2542 3335 2576 3391 ἃ
2612 3333 2663 3367 “’
2985 3334 3042 3393 ’δ
3199 3338 3215 3358 ‘
3464 3338 3480 3355 “
3548 3338 3574 3375 ⁶
3711 3339 3727 3360 ‘

2135 3358 2232 3411 μετ
2311 3358 2510 3405 κεινον,
2577 3352 2708 3408 vera
2764 3358 3008 3415 γιγαντω
3046 3359 3079 3409 η
3127 3358 3216 3393 και
3273 3358 3518 3393 νεανικον
3578 3381 3593 3405 ,
3641 3336 3774 3395 ίδων

2125 3427 2353 3500 Ἀνεμᾶς
2377 3429 2397 3465 ⁷
2427 3427 2455 3483 6
2484 3430 2592 3482 τῶν
2627 3425 2928 3502 βασιλικῶν
2988 3424 3476 3506 σωματοφυλάκων
3526 3427 3622 3496 εἷς,
3680 3429 3776 3483 καὶ

2121 3521 2220 3572 τοῦ
2248 3521 2355 3572 τῶν
2418 3518 2647 3592 Κρητῶν
2708 3516 2826 3579 υἱὸς
2884 3517 3139 3593 ἀρχηγοῦ
3214 3519 3347 3591 (16),
3404 3515 3778 3583 ἱνθουσιωδῶς

2124 3605 2448 3684 ἔφορμῶντα
2507 3605 2641 3679 μετὰ
2688 3612 2793 3675 τῆς
2850 3609 2959 3662 τῶν
3017 3604 3368 3684 ἐφεπομένων
3440 3607 3772 3683 πεζεταίρων

2124 3694 2406 3774 φάλαγγος
2460 3695 2550 3751 καὶ
2605 3693 2899 3758 πλείστους
2977 3696 3264 3770 Ῥωμαίων
3321 3695 3771 3767 ἆποκτιννύοντα,

2126 3784 2269 3859 ἀλκῇ
2299 3805 2359 3840 τε
2401 3785 2612 3859 φύσεως
2670 3783 2941 3859 ἰπαρθεὶς,
2998 3784 3060 3840 τὸ
3115 3785 3560 3862 παρῃωρημὲνον
3614 3785 3775 3864 ξίφος

2127 3873 2382 3944 ἑλκύσας,
2413 3873 2503 3929 καὶ
2560 3874 2651 3930 τὸν
2703 3874 2875 3930 ἳππον
2924 3871 3056 3948 τῇδε
3110 3873 3327 3931 κάκεῖσε
3380 3873 3776 3952 παρεξελάσας,

2124 3968 2241 4026 τοῖς
2279 3983 2339 4019 τε
2372 3962 2558 4038 μύωψι
2587 3964 2924 4033 καταικίσας,
2982 3964 3121 4019 κατὰ
3174 3969 3273 4019 τοῦ
3319 3968 3579 4040 Ἵκμορος
3606 3964 3774 4037 ἵεται,

2126 4052 2215 4109 καὶ
2248 4057 2437 4109 τοῦτον
2479 4051 2828 4127 κατειληφὼς
2869 4050 3101 4125 πλήττει
3157 4054 3296 4109 κατὰ
3348 4058 3451 4109 τοῦ
3501 4054 3774 4117 τένοντος·

2127 4144 2163 4212 ὴ
2199 4138 2258 4198 δὶ
2302 4145 2401 4197 τοῦ
2432 4141 2645 4206 Σκύθου
2700 4140 2912 4220 κεφαλή
2968 4142 3065 4198 σὺν
3120 4145 3189 4218 τῇ
3248 4140 3395 4215 δεξιᾷ
3451 4141 3780 4219 ἐκτμηθεῖσα

2131 4231 2281 4308 χειρὶ
2310 4232 2449 4308 πρὸς
2478 4228 2751 4310 τοῦδαφος
2812 4232 3171 4308 ἆπηράττετο.
3239 4235 3353 4290 Τοῦ
3409 4229 3469 4289 δὶ
3497 4232 3780 4301 πεσόντος,

2131 4322 2235 4395 βοή
2267 4340 2353 4384 τις
2380 4318 2530 4395 παρᾶ
2555 4323 2664 4375 τῶν
2701 4321 2925 4376 Σκυθῶν
2947 4320 3174 4398 οἰμωγῇ
3205 4320 3516 4396 σύμμικτος
3542 4320 3777 4398 α’ίρεται·

2128 4410 2400 4483 Ῥωμαῖοι
2432 4406 2492 4464 δὶ
2516 4409 2734 4472 τούτοις
2773 4408 3099 4485 ἐπέδραμον.
3160 4410 3235 4469 Οῗ
3278 4408 3335 4467 δὶ
3386 4409 3487 4466 οὐκ
3540 4408 3776 4488 ἤνεγκαν

362 4504 788 4556 consectantur
815 4506 994 4572 atque
1020 4499 1525 4573 occidunt.Caepta
1532 4501 1659 4572 jam
1682 4505 2018 4570 nocte,cum

2134 4499 2228 4568 τὴν
2257 4502 2368 4553 τῶν
2401 4496 2651 4554 ἐναντίων
2685 4498 2885 4574 ῥοπὴν,
2917 4497 3064 4556 άλλᾶ
3084 4503 3166 4573 τῷ
3192 4503 3292 4556 τοῦ
3348 4504 3496 4580 σφῶν
3549 4518 3783 4575 στρατη-

360 4587 511 4645 luna
538 4588 718 4662 pleno
767 4588 912 4646 orbe
956 4588 1300 4657 colluceret,
1353 4589 1416 4645 in
1476 4605 1754 4662 campum
1795 4589 2016 4663 egressi

2134 4591 2229 4666 γοῦ
2258 4588 2413 4644 πάθει
2453 4587 2700 4652 ἐκτόπως
2755 4586 3247 4666 περιαλγήσαντες,
3302 4574 3406 4645 τὰ*
3436 4586 3575 4661 σάκη
3618 4574 3779 4644 κάτω

1567 4767 1631 4822 C.
1676 4767 1736 4823 Β.
1782 4766 1971 4823 HASII
2005 4768 2562 4827 ANNOTATIONES.

431 4937 453 4971 ⁸
476 4932 838 5013 ἁληλεγμένα
865 4937 997 4995 cod.
1027 4936 1052 4973 ⁸
1079 4934 1339 4996 νεανικόν.
1372 4938 1482 4995 Vid
1512 4955 1694 5011 supra
1720 4941 1810 5007 89,
1843 4940 1903 4996 C.
1934 4939 1958 4975 7
1987 4939 2021 4994 Ἀ

2134 4944 2250 5013 ,μᾶς
2274 4939 2430 5007 cod.,
2464 4938 2568 4997 sed
2596 4938 2901 4997 Cedrenus
2932 4940 3001 4998 II.
3034 4943 3160 4997 678.
3218 4941 3287 4999 D.
3324 4946 3382 4999 et
3410 4941 3553 4999 alibi
3585 4948 3774 4999 recte-

365 5025 473 5081 per
500 5028 546 5065 ε.

433 5159 548 5228 (14)
577 5158 748 5216 Dicas
770 5158 911 5235 inde
941 5158 1298 5235 cinnamum
1320 5159 1382 5235 in
1407 5160 1666 5218 Historia
1692 5164 2017 5235 sumpsisse

367 5230 441 5285 de
472 5236 776 5309 armatura
802 5231 1048 5309 Ioannis
1078 5232 1382 5309 gemmeni
1414 5235 1502 5302 63,
1554 5236 1621 5288 Α.
1674 5230 1866 5307 χρυσῶ
1913 5234 2017 5309 γάρ

366 5298 689 5375 κατακόρως
717 5299 1003 5375 άλήλιπτο
1043 5305 1205 5375 πᾶσα.

437 5372 764 5442 (15)“Οιιοά
823 5372 1021 5446 ipsum
1072 5373 1329 5446 verbum
1371 5374 1510 5430 inde
1568 5380 1874 5433 mutuatus
1931 5385 2022 5435 est

364 5444 679 5519 Cedrenus
700 5446 763 5501 in
794 5444 1137 5519 narratione
1154 5445 1439 5519 ejusdem
1472 5446 1557 5519 rei
1588 5447 1653 5519 II.
1692 5448 1815 5519 678.
1849 5449 1909 5504 C.

436 5519 547 5587 (i6)
578 5517 721 5573 Inde
746 5518 1002 5589 emenda
1051 5516 1408 5589 Gedr‘enrll.
1458 5518 1581 5572 678.
1633 5518 1700 5573 D.
1761 5516 2017 5589 Ἀνεμᾶς,

361 5586 398 5664 6_
422 5586 533 5664 τῶν
563 5591 797 5664 Κρητῶν
823 5591 921 5664 τοῦ
964 5588 1250 5664 βασιλείου
1280 5587 1398 5651 υἱὸς
1446 5590 1752 5664 Κουρουπᾷ’
1799 5586 2017 5663 Χγὶωιὲ

364 5659 472 5716 dro
488 5660 551 5717 in
562 5659 835 5719 versione
867 5659 1145 5718 similiter
1168 5661 1477 5733 lapso,nec
1488 5659 2018 5736 animadvertente,

2132 5161 2831 5237 pactlémqiscribendum
2890 5179 3043 5237 esse.
3098 5163 3493 5237 Scylitzagms.
3555 5164 3642 5237 (in
3698 5162 3775 5237 iis

2128 5234 2287 5292 certe
2316 5236 2506 5308 Codd,
2521 5251 2672 5308 quos
2702 5234 2934 5308 inspexi
2957 5249 2983 5308 Δε
3015 5250 3155 5308 nam
3178 5234 3187 5236 ἡ
3207 5235 3379 5308 Goari
3412 5234 3777 5308 exemplaria

2128 5308 2404 5379 videntur
2431 5305 2595 5363 aliud
2626 5305 2769 5379 quid
2790 5305 3091 5379 habuisse)
3113 5307 3255 5379 item
3281 5305 3602 5379 τίἉναιμᾶξ
3621 5306 3772 5379 [sic],

2127 5378 2156 5433 6
2186 5382 2293 5434 τῶν
2359 5380 2589 5450 Κρητῶν
2628 5372 2743 5451 τοῦ
2800 5372 3083 5451 βασιλέως
3132 5377 3247 5451 υἱὸς
3306 5372 3640 5449 Κουρουπᾶξ
3680 5372 3777 5433 Sé—

2128 5452 2372 5522 quentia
2400 5449 2473 5506 de
2504 5449 2828 5522 certamine
2861 5449 3147 5522 singulari
3188 5451 3345 5505 inter
3392 5454 3661 5522 Aneman
3716 5453 3776 5522 et

2126 5519 2414 5595 [emerem
2445 5538 2618 5595 pcene
2663 5520 2739 5595 ad
2795 5519 3039 5595 verbum
3097 5538 3168 5577 ex
3212 5522 3403 5578 Leone
3461 5520 3775 5593 exscripsit

2126 5594 2427 5666 Scylitzes,
2448 5591 2531 5651 ‘ex
2561 5593 2809 5666 Scylitza
2844 5591 3164 5650 Cedrenus.
