4060 6198
265 346 384 407 817

1605 345 1999 414 HISTOBLE
2041 345 2195 408 LIB.
2247 347 2326 408 IX
2341 394 2354 408 .

3564 371 3682 428 878

267 479 548 554 ροσκύθαι,
609 482 764 538 παντὶ
825 479 997 536 σθένει
1057 479 1476 539 διακινδυνεύειν
1545 483 1782 558 ᾑροῦντο
1843 483 1907 544 εἱς

2037 481 2323 553 impetum
2350 481 2637 551 fecerunt,
2673 484 2753 540 ita
2778 489 2844 540 ut
2867 493 3101 544 nostros
3122 491 3263 562 pilis
3293 497 3680 570 conﬁgerent,

269 568 522 646 φάλαγγα
584 572 849 647 καρτεράν
906 571 1344 638 συνασπίσαντες,
1405 572 1492 630 καὶ
1551 570 1925 650 προϐαλόντες

267 657 394 721 τοὺς
448 658 700 725 ἄκοντας.
763 661 1067 736 Ῥωμαίους
1124 659 1181 718 δὲ
1260 661 1508 735 διατάξας
1567 665 1596 720 ὁ
1666 662 1920 739 βασιλεὺς

273 753 505 828 ὑπεξῆγε
533 756 632 807 τοῦ
664 754 929 827 χάρακος.
963 750 1106 824 Ἤδη
1161 749 1220 809 δὲ
1266 760 1365 823 τῆς
1414 753 1603 829 μάχης
1651 753 1922 829 καταρῥα-

266 841 477 918 γείσης,
510 841 798 917 εὐρώστως
831 842 883 896 οἱ
926 842 1126 906 Σκύθαι
1159 841 1457 915 Ῥωμαίοις
1511 842 1764 917 Επῄεταν,
1803 848 1920 904 τοῖς

265 953 326 987 τε
364 931 632 994 ἀκοντίοις
665 931 962 1004 σινόμενοι,
993 932 1083 987 καὶ
1112 938 1250 1003 ζτοῖς
1305 933 1487 1008 βέλεσι
1535 933 1662 996 τοὺς
1713 930 1918 995 ’ίππους

263 1022 682 1096 τιτρώσκοντες,
715 1020 980 1084 καὶτοὺς
1041 1016 1296 1083 ἐπιϐάτας
1354 1022 1432 1084 εἲς
1485 1025 1586 1096 γῆν
1646 1016 1918 1076 καταϐάλ-

266 1109 477 1175 λοντες.
545 1112 959 1184 Ἐνταῦθαὸτῇ
1017 1110 1313 1187 προτεραίᾳ
1372 1111 1707 1186 ἠριστευκὼς
1765 1111 1921 1168 Ἀνε-

267 1207 372 1274 μᾶς
401 1200 494 1256 καὶ
531 1201 621 1255 τὸν
687 1201 943 1275 Ἰκμορον
1011 1203 1055 1238 ³³
1109 1200 1472 1270 κατακτείνας,
1530 1201 1621 1256 τὸν
1680 1196 1916 1278 Σφενόο-

264 1285 504 1353 σθλάόον
539 1288 671 1343 ἰδὼν
703 1287 1075 1354 ἐνθουσιωδῶς
1123 1290 1261 1346 κατὰ
1316 1290 1607 1364 Ῥωμαίων
1664 1291 1918 1364 ὁρμῶντα

261 1381 352 1435 καὶ
390 1385 656 1454 μανικῶς,
700 1381 790 1436 καὶ
844 1382 941 1446 τὰς
995 1381 1160 1436 αὐτοῦ
1217 1379 1654 1458 ἐπιρῥωννύοντα
1711 1379 1918 1458 φάλαγ·

261 1491 384 1546 γας,
417 1472 510 1526 τὸν
541 1469 709 1526 ἳππον
768 1467 1136 1546 παρεξελάσας
1195 1473 1306 1543 (23)
1362 1469 1690 1546 (εἰθισμένον
1743 1468 1799 1525 δὲ
1849 1470 1917 1539 ἦν

259 1561 413 1632 αὐτῷ
440 1561 602 1616 τοῦτο
633 1558 789 1635 δρᾷν,
818 1560 908 1615 καὶ
940 1559 1230 1624 πλείστους
1257 1562 1364 1616 τῶν
1401 1565 1622 1625 Σκυθῶν
1677 1559 1917 1630 τοιούτῳ

256 1651 450 1724 τρόπῳ
490 1651 671 1707 ἀνεῖλε
725 1653 790 1707 τὸ
849 1651 1160 1727 πρότερον),
1220 1647 1358 1723 ὅλην
1418 1651 1572 1722 ἡνίαν
1628 1655 1708 1723 τῷ
1758 1649 1917 1724 ’ίππῳ

255 1741 406 1802 ἀνεὶς
467 1741 544 1802 ὡς
603 1740 761 1796 αὐτὸν
819 1740 982 1811 ἳεται,
1039 1740 1131 1797 καὶ
1191 1741 1326 1818 ξίφει
1409 1739 1556 1796 παίει
1614 1741 1752 1796 κατὰ
1815 1748 1915 1811 τῆς

2037 579 2172 633 telis
2194 594 2378 648 equos
2404 579 2802 649 vulnerarent,
2828 589 3568 662 sessoresquedejicerent.
3596 597 3684 654 lbi

2034 670 2288 724 Anemas
2319 669 2442 737 ille,
2484 670 2584 740 qui
2608 671 2798 740 pridie
2824 689 3119 730 summam
3147 678 3422 736 virtutem
3455 685 3681 743 Icmore

2033 759 2226 814 occiso
2258 760 2634 830 praestiterat,
2671 761 3248 832 Sphendosthlabum
3299 773 3677 844 conspicatus

2032 854 2254 903 temere
2278 849 2677 919 effrenateque
2705 851 3001 908 Romanos
3028 854 3681 932 invadentem,phalan-

2029 953 2248 1009 gesque
2277 936 2464 1008 ipsius
2495 938 2924 1006 cohortantem,
2970 961 3364 1017 prorumpens
3415 967 3478 1005 se
3525 969 3676 1024 equo

2029 1026 2212 1097 (quod
2243 1034 2628 1082 consueverat
2655 1028 2869 1097 facere,
2895 1030 3302 1106 plurimosque
3327 1038 3676 1111 Scytharum

2033 1118 2143 1170 hoc
2172 1121 2342 1187 pacto
2366 1117 2495 1186 jam
2525 1118 2692 1188 prius
2713 1120 3081 1194 protriverat)
3107 1126 3309 1181 effusis
3333 1127 3580 1186 habenis
3615 1133 3675 1188 in

2031 1205 2184 1261 153
2217 1222 2352 1260 eum
2387 1206 2628 1270 involat,
2655 1208 2930 1279 jugulum
2962 1211 3157 1282 gladio
3189 1218 3433 1287 appetit,
3482 1219 3677 1290 ipsum

2029 1294 2719 1367 prazcipitemdeturbat:
2746 1297 3082 1355 interﬁcere
3108 1307 3304 1358 tamen
3324 1323 3444 1360 non
3462 1311 3673 1378 potuit.

2029 1387 2266 1444 Restitit
2287 1386 2445 1442 enim
2463 1388 2664 1445 tunica
2676 1389 2864 1446 hamis
2878 1399 3152 1449 conserta
3165 1401 3222 1449 et
3236 1405 3491 1466 scutum,
3519 1419 3672 1472 quae,

2029 1478 2432 1531 Romanorum
2481 1477 2756 1548 cuspides
2787 1480 3026 1547 veritus,
3061 1493 3370 1542 sumserat.
3397 1491 3676 1558 Anemas,

2028 1583 2064 1622 a
2083 1583 2271 1622 cuneo
2292 1566 2636 1637 Scytharum
2659 1568 3115 1641 circumventus,
3151 1591 3301 1645 equo
3321 1577 3526 1632 multis
3542 1579 3673 1633 has-

2031 1661 2220 1710 tarum
2238 1655 2450 1710 ictibus
2472 1656 3091 1730 confosso,postquam
3115 1665 3452 1735 complures
3467 1685 3676 1722 eorum

2028 1743 2425 1810 interfecerat,
2450 1744 2577 1814 ipse
2609 1743 2830 1800 ibidem
2855 1749 3137 1817 concidit,
3161 1751 3250 1805 vir
3269 1769 3302 1807 a
3324 1753 3489 1808 nullo
3522 1770 3675 1810 com-

255 1827 500 1899 κλειδὸς,
532 1830 623 1885 καὶ
651 1833 742 1886 τὸν
774 1831 870 1905 μὶν
913 1838 1096 1901 πρηνῆ
1159 1835 1205 1870 ¹⁴
1255 1817 1620 1901 καταϐάλλει,
1680 1829 1742 1886 οὐ
1805 1832 1907 1905 μὴν

2023 1831 2290 1904 qualium
2321 1831 2690 1888 facinoribus
2721 1833 2952 1890 bellicis
2987 1843 3318 1908 superatus.

257 1920 622 1976 κατακτείνει.
656 1922 958 1994 Ἐπήρκεσε
979 1921 1082 1996 γὰρ
1115 1922 1144 1975 ὁ
1175 1917 1518 1982 ἀλυσιδωτὸς
1550 1921 1721 1995 χιτὼν
1761 1921 1854 1975 καὶ
1908 1920 1972 1975 τὸ
2025 1920 2211 1992 σάκος,
2270 1920 2323 1998 ἅ,
2372 1915 2565 1980 δεδιὼς
2621 1920 2720 1981 τὰς
2771 1922 3078 1993 Ῥωμαϊκὰς
3136 1924 3372 2000 αἶ’χμὰς,
3429 1929 3667 2004 ἠμφιέν-

261 2030 412 2067 νυτο.
475 2009 710 2084 Ἀνεμᾶς
766 2008 844 2078 δὲ,
899 2011 1038 2086 πρὸς
1091 2017 1190 2080 τῆς
1249 2014 1356 2066 τῶν
1429 2015 1650 2074 Σκυθῶν
1707 2009 2013 2074 κυκλωθεὶς
2067 2007 2348 2086 φάλαγγος
2403 2013 2499 2063 τοῦ
2549 2005 2725 2062 ’ίππου
2781 2006 3222 2080 καταϐληθέντος
3282 2023 3506 2092 συχναῖς
3562 2022 3672 2072 τῶν

261 2096 511 2172 δοράτων
575 2099 796 2176 βολαῖς,
854 2099 1144 2162 πλείστους
1205 2102 1300 2174 μὲν
1359 2100 1566 2176 ἀναιρεῖ
1647 2099 1878 2170 τούτων,
1959 2096 2414 2177 ὲναποσφάττεται
2501 2095 2558 2152 δὲ
2640 2097 2729 2152 καὶ
2807 2098 2986 2173 αὐτὸς,
3059 2099 3197 2176 ἄνὴρ
3274 2103 3490 2166 οὐδενὸς
3563 2111 3674 2161 τῶν

257 2189 579 2258 ἡλικιωτῶν
607 2191 924 2263 ἡττώμενος
953 2188 1005 2244 ἐν
1033 2194 1152 2252 τοῖς
1183 2188 1319 2245 κατὰ
1345 2189 1442 2252 τὰς
1475 2192 1659 2266 μάχας
1687 2187 1994 2265 άνδραγαθή
2005 2209 2186 2261 μασιν.

335 2281 402 2344 θ’.
435 2279 670 2352 Ἐπὶτῷ
698 2279 892 2335 τούτου
933 2279 1108 2334 τοίνυν
1162 2280 1215 2334 ol
1261 2279 1394 2341 Ῥῶς
1450 2278 1910 2355 ἀναθαρρήσαντες

256 2370 584 2443 πταίσματι,
614 2369 849 2445 γεγωνόν
888 2390 940 2424 τι
997 2368 1086 2424 καὶ
1148 2370 1332 2444 ἄγριον
1391 2367 1764 2440 ἐπηλάλαξαν,
1817 2368 1906 2422 καὶ

252 2460 574 2532 Ῥωμαίους
631 2459 934 2530 ἀνώθησαν.
995 2459 1062 2515 Ol.
1123 2455 1180 2514 δὲ
1239 2454 1626 2533 προτροπάδην
1711 2458 1905 2512 ὃπενόυ

251 2572 415 2605 στουν
449 2551 581 2623 (24),
636 2549 740 2617 τὴν
794 2546 1100 2604 ἀλλόκοτον
1157 2547 1338 2622 ὁρμὴν
1399 2544 1738 2608 ἐκκλίνοντες
1795 2551 1902 2601 τῶν

253 2642 501 2697 Σκυθῶν.
535 2642 620 2713 [Ρ.
679 2641 768 2713 95]
829 2640 1087 2702 Ἐνταῦθα
1140 2638 1168 2692 ὁ
1233 2636 1510 2713 βασιλεὺς,
1571 2637 1645 2699 ὡς
1702 2638 1900 2712 ᾕσθετο

249 2729 583 2803 alumni-inv
634 2731 734 2799 τήν
794 2729 1106 2801 Ῥωμαϊκὴν
1167 2726 1416 2803 φάλαγγα
1473 2723 1761 2789 δτδοικὼς,
1825 2728 1902 2800 μή

253 2821 689 2890 καταπτοηθεῖσα
718 2817 779 2873 τὸ
810 2815 1115 2873 ἆλλόκοτοτ
1147 2813 1380 2891 ὅρμημα
1418 2818 1463 2854 ¹⁵
1490 2819 1598 2871 τῶν
1653 2818 1900 2883 Σκυθῶν,

254 2911 382 2983 περὶ
428 2908 562 2964 αὐτὰ
615 2907 838 2963 πταίσοι
896 2907 964 2963 τὰ
1012 2908 1216 2982 καίρια,
1274 2911 1391 2971 τοῖς
1447 2906 1584 2985 ἀμφ’
1641 2909 1686 2944 ¹⁶
1742 2907 1903 2962 αὐτὸν

247 2997 710 3072 ἐγκελευσάμενος
765 2997 856 3052 καὶ
910 2998 974 3053 τὸ
1033 2993 1166 3072 δόρυ
1253 3001 1527 3072 σθεναρῶς
1586 3015 1904 3072 μεταχειρι-

248 3088 676 3162 σάμενος,κατὰ
730 3091 840 3142 τῶν
894 3083 1204 3142 ἀντιπάλων
1261 3085 1482 3160 ἐχώρει.
1541 3087 1901 3161 Ἐπαταγεῖτο

2099 2283 2150 2335 9.
2178 2279 2363 2350 Hujus
2386 2295 2525 2333 casu
2548 2279 2718 2334 Russi
2742 2277 2939 2335 denuo
2963 2283 3299 2339 confirmati
3326 2286 3503 2342 altius
3535 2287 3670 2342 bar-

2014 2367 2295 2424 barorum
2327 2384 2491 2423 more
2540 2367 2939 2437 conclamant,
2998 2377 3236 2428 nostros
3295 2376 3656 2447 propellunt.

2012 2459 2256 2530 Jamque
2289 2457 2376 2511 illi
2403 2457 2624 2512 cursim
2655 2462 2812 2513 retro
2844 2462 3097 2532 regredi,
3149 2464 3510 2532 singularem
3541 2466 3657 2520 vim

2013 2545 2275 2601 hostium
2305 2545 2654 2602 devitantes.
2709 2547 2855 2600 Tum
2915 2548 3256 2619 imperator,
3310 2552 3410 2606 ubi
3469 2555 3658 2608 aciem

2013 2637 2338 2691 Romanam
2363 2633 2708 2689 inclinatam
2736 2635 3130 2702 vidit,veritus
3158 2655 3231 2693 ne
3255 2656 3410 2695 σαεοο
3427 2641 3663 2713 Scythe-

2012 2750 2144 2788 rum
2175 2733 2402 2804 impetu
2459 2732 2778 2804 perterrita
2831 2733 2892 2788 in
2951 2739 3280 2792 extremum
3339 2737 3660 2794 discrimen

2013 2822 2742 2888 adduceretur,cohortem
2767 2822 2923 2878 circa
2945 2841 3005 2880 se
3028 2825 3536 2896 hortatus,lancea
3549 2829 3662 2884 for-

2011 2912 2150 2968 titer
2179 2916 2436 2982 arrepta,
2469 2917 2679 2966 contra
2735 2912 3104 2968 adversarios
3161 2915 3287 2986 ipse
3345 2919 3656 2988 processit.

2007 3001 2328 3057 Pulsantur
2352 3006 2652 3070 tympana,
2679 2999 2832 3054 tuba!
2872 3000 3154 3056 bellicum
3180 3005 3521 3060 concinunt.
3548 3009 3658 3062 Ro-

2007 3091 2192 3157 mani,
2248 3089 2624 3161 imperatoris
2682 3089 2990 3144 incursum
3037 3092 3294 3160 reveriti,
3355 3096 3656 3148 conversis

248 3177 308 3234 δὲ
332 3177 425 3233 καὶ
455 3177 524 3232 τά
550 3177 824 3251 τύμπανα,
873 3176 962 3232 καὶ
1015 3176 1078 3231 τὸ
1127 3173 1377 3231 ἐνυάλιον
1438 3177 1783 3252 συνεπήχουν
1843 3177 1898 3230 αἱ

2023 3179 2184 3246 equis
2205 3177 2421 3234 acriter
2443 3177 2688 3248 Scythas
2710 3178 3377 3249 aggrediuntur.Eodem
3394 3187 3656 3251 tempore

247 3267 567 3343 σάλπιγγες.
598 3268 868 3339 Ῥωμαῖοι
903 3263 982 3335 δὶ,
1029 3266 1127 3334 τήν
1171 3267 1269 3320 τοῦ
1317 3262 1715 3338 αὐτοκράτορος
1771 3286 1900 3319 κατ-

248 3357 581 3420 αιδεσθέντες
663 3358 865 3431 ὁρμήν,
947 3356 1075 3417 τοὺς
1169 3354 1378 3417 ’ίτπους
1481 3355 1898 3431 περιελίξαντες,

253 3448 392 3521 μετὰ
452 3447 630 3523 ῥύμης
682 3451 797 3508 τοῖς
856 3445 1085 3507 Σκύθαις
1173 3443 1528 3520 ἐφώρμησαν.
1592 3445 1902 3519 Παραυτίκα

249 3537 312 3594 δὲ
339 3537 432 3593 καὶ
459 3535 666 3593 θύελλα
719 3533 913 3610 ψεκάδι
967 3535 1248 3610 συμμιγὴς
1298 3533 1763 3610 ἀναῤῥιπισθεῖσα,
1812 3533 1900 3589 ἐπὶ

244 3625 604 3684 πολύτετοῦ
651 3625 808 3702 ἀέρος
859 3626 1106 3701 χυθεῖσα,
1156 3622 1284 3685 τοὺς
1343 3623 1620 3696 δυσμενεῖς
1675 3617 1900 3694 ἔϐαλλε,

240 3719 342 3774 καὶ
372 3720 406 3786 ἡ
439 3718 588 3778 κόνις
623 3715 939 3792 ἐγειρομένη
987 3712 1116 3778 τοὺς
1159 3710 1334 3768 αὐτῶν
1383 3709 1648 3768 ἔϐλαπτεν
1703 3711 1902 3791 ὀφθαλ-

238 3807 409 3884 μούς.
453 3805 674 3881 Λέγεται
737 3802 794 3859 δὶ
842 3806 954 3878 (25)
1001 3802 1091 3858 καί
1147 3823 1266 3858 τινα
1322 3801 1674 3858 λευκόπωλον
1736 3799 1901 3874 ἄνδρα

239 3903 485 3978 φανῆναι
542 3894 906 3970 προηγεῖσθαί
973 3913 1031 3949 τε
1111 3892 1423 3967 Ῥωμαίων,
1506 3892 1597 3948 καὶ
1679 3892 1900 3955 τούτοις

239 3987 674 4062 προτρέπεσθαι,
735 3989 936 4060 χωρεῖν
1024 3984 1160 4038 κατὰ
1229 3987 1334 4037 τῶν
1420 3986 1663 4046 Σκυθῶν·
1755 3983 1902 4044 ὅστις

242 4077 553 4138 θεσπεσίως
607 4075 705 4139 τὰς
762 4078 871 4129 τῶν
927 4070 1208 4146 δυσμενῶν
1295 4069 1600 4127 διακόπτων
1683 4070 1903 4125 συνετά-

241 4191 414 4246 ραττε
444 4166 746 4244 φάλαγγας.
786 4167 984 4222 Τοῦτόν
1041 4186 1169 4220 φασι
1232 4165 1368 4238 μήτε
1426 4161 1687 4238 πρότερόν
1745 4182 1827 4223 τις
1862 4163 1902 4197 ¹⁷

235 4263 296 4318 ἐν
329 4264 412 4333 τῷ
457 4253 808 4333 στρατοπεδῳ
861 4256 1168 4324 θεάσασθαι,
1231 4249 1341 4310 οὔτ’
1396 4253 1548 4318 αὗθις
1611 4251 1746 4325 μετὰ
1801 4251 1899 4320 τήν

2011 3273 2069 3323 et
2091 3267 2258 3322 turbo
2283 3265 2460 3320 imbri
2482 3265 2702 3318 mixtus
2727 3266 2968 3335 exstitit,
3001 3268 3102 3336 qui
3125 3268 3271 3322 ccelo
3297 3268 3412 3323 late
3432 3270 3655 3324 offusus

2011 3356 2280 3411 hostibus
2294 3353 2764 3418 incumbebat,et
2780 3353 2970 3425 pulvis
2982 3361 3219 3410 coortus
3233 3373 3436 3411 eorum
3453 3358 3654 3413 oculos

2010 3444 2324 3499 infestavit.
2361 3442 2680 3497 Perhibent
2713 3459 2845 3497 vero
2878 3445 3056 3498 etiam
3087 3446 3276 3499 virum
3337 3447 3656 3517 quemdam

2013 3551 2162 3604 equo
2195 3533 2310 3588 alio
2343 3537 2575 3587 vectum
2607 3534 2971 3604 apparuisse,
3006 3535 3105 3605 qui
3135 3537 3416 3592 Romanis
3447 3537 3658 3592 ductor

2012 3629 2186 3690 esset,
2212 3628 2269 3678 et
2293 3623 2368 3678 ad
2390 3621 2738 3676 irruendum
2762 3623 2822 3676 in
2849 3623 3091 3694 Scythas
3115 3625 3484 3681 hortaretur:
3520 3643 3654 3681 eum

2010 3713 2393 3768 vehementer
2423 3713 2576 3768 154
2609 3711 2794 3766 aciem
2824 3712 3084 3766 hostium
3116 3719 3307 3787 strage
3330 3715 3488 3770 edita
3513 3732 3658 3771 con-

2015 3801 2304 3857 turbasse.
2338 3803 2536 3871 Neque
2563 3805 2739 3855 antea
2770 3801 2941 3856 illum
2975 3801 3035 3856 in
3067 3803 3276 3857 castris
3306 3803 3493 3858 visum
3526 3821 3655 3859 esse

2011 3893 2198 3959 aiunt,
2231 3906 2425 3961 neque
2459 3894 2593 3962 post
2645 3889 2916 3960 prmlium
2976 3892 3360 3962 apparuisse:
3423 3893 3652 3949 tametsi

2013 3980 2393 4052 investigaret
2422 3995 2557 4032 eum
2591 3979 2932 4048 imperator,
2964 3985 3028 4033 ut
3059 3997 3309 4036 munera
3339 3981 3425 4035 illi
3458 3983 3657 4038 debita

2012 4071 2346 4143 largiretur,
2377 4067 2744 4139 gratiamque
2770 4083 2875 4136 pro
2908 4066 3212 4123 laboribus
3241 4069 3510 4126 referret.
3544 4072 3656 4124 Sed

2013 4158 2394 4232 quantumvis
2425 4156 2710 4227 quaesitus
2741 4171 2862 4209 non
2893 4155 3166 4212 inventus
3198 4163 3306 4213 est.
3361 4159 3523 4214 Unde
3557 4161 3652 4212 in-

2014 4250 2196 4306 dubia
2223 4246 2480 4320 pervasit
2510 4244 2888 4312 existimatio,
2912 4262 3193 4319 magnum
3216 4248 3276 4302 in
3297 4248 3654 4320 martyribus

1442 4446 1500 4502 C.
1548 4447 1609 4503 Β.
1649 4445 1842 4500 HASII
1879 4437 2440 4500 ANNOTATIONES.

313 4636 366 4674 I3
393 4636 674 4707 ’Ἰκμορον.
709 4635 901 4707 Supra
926 4631 1112 4707 92._B.
1147 4628 1398 4707 Ἱκμορα.

1479 4625 1524 4699 if
1553 4625 1769 4699 πρηνής
1797 4623 1928 4699 cod.

2011 4623 2054 4658 ¹¹⁵
2093 4623 2242 4677 Nota
2269 4615 2838 4691 ἀλλόκοτον-ὅρμημα
2888 4615 3206 4691 repetitum
3256 4617 3453 4673 statim
3503 4625 3661 4691 post,

229 4715 330 4767 95.
711 4685 902 4780 ward—cp}
935 4685 1094 4769 cod.,
1125 4705 1192 4756 ut
1222 4685 1398 4772 saepe.
1478 4697 1519 4733 ⁸⁷
1550 4685 1814 4772 πρότερον
1845 4697 1907 4758 τῆ

2023 4694 2107 4750 od.
2144 4692 2268 4749 sed.
2303 4692 2414 4746 Leo
2449 4685 2706 4745 scribere
2737 4685 3044 4743 debuisset
3068 4688 3213 4742 τινά.

314 4917 432 4988 (23)
461 4909 903 4988 Παρεξελαῷνειν,
935 4925 1052 4982 quo
1075 4906 1359 4988 vocabulo
1411 4909 1618 4961 carent
1673 4903 1902 4972 Lexica,

2023 4898 2270 4988 Prw??-
2306 4897 2367 4988 (Ξο

237 4979 691 5062 αρὶιᾶίεέιιεέω
713 4979 1051 5062 signiﬁpare
1067 4979 1299 5062 yidetur
1310 4994 1431 5034 eum
1447 4992 1586 5062 equp
1599 4992 1902 5062 prorumpo

240 5046 316 5118 ei:
349 5062 491 5114 acie.
519 5059 739 5113 Tamen
769 5046 858 5111 §2.
894 5056 956 5109 Β.
987 5048 1120 5125 τῇδε
1143 5049 1358 5104 κᾶκεῖσε
1401 5046 1766 5120 παρεξελάσας
1796 5047 1898 5125 de-

240 5137 463 5190 notare
482 5129 712 5184 videtur
737 5128 844 5182 huc
871 5125 1005 5180 illuc
1035 5123 1308 5179 obvertere
1337 5136 1536 5190 equum
1562 5136 1574 5175 :
1623 5125 1696 5190 et
1741 5123 1899 5190 certe

244 5189 343 5272 ita
365 5202 462 5258 bis
485 5200 720 5272 accepit
769 5197 1109 5272 Cedrenus:
1145 5195 1248 5272 _I_l._
1293 5189 1397 5272 6Ἷρ
1457 5195 1525 5246 Α.
1581 5189 1671 5244 τὸν
1729 5189 1898 5272 ’ἰππον

241 5270 390 5338 τῆδε
425 5262 649 5326 κάκεῖσὲ
696 5266 1067 5340 παρακινήσας
1121 5263 1488 5340 (Χγιειῐιάθνε
1547 5279 1744 5340 equum
1803 5262 1904 5340 hac

246 5333 392 5404 illac
422 5352 680 5415 torquens
704 5333 854 5412 ):'et
881 5333 1007 5415 98}.
1043 5340 1103 5415 Βἶ
1137 5333 1211 5415 de
1258 5342 1508 5415 Anema,
1554 5333 1667 5388 loci
1717 5333 1905 5388 nostri

247 5401 811 5481 circumlocutione,
851 5407 988 5483 τῇδε
1041 5405 1255 5483 κάκεῖσε
1309 5405 1401 5483 τὸν
1455 5401 1630 5483 ’ίππον
1692 5422 1904 5483 μετακι-

245 5491 447 5559 νήσας.
486 5495 522 5540 Δ
571 5486 651 5541 ud
673 5477 1059 5540 Plutarchum
1087 5477 1392 5546 Quomodo
1421 5477 1676 5533 adolesc.
1706 5480 1908 5548 poetas

250 5559 464 5616 audire
514 5505 727 5614 febeat
754 5560 842 5612 15.
877 5556 941 5610 D.
974 5551 1266 5616 ποιητικὴν
1323 5547 1536 5616 φεύγειν
1584 5546 1675 5601 καὶ
1724 5548 1908 5616 παρεξ-

250 5576 392 5618 auat
399 5576 464 5616 1‘8

555 5558 727 5614 ebeat
754 5560 842 5612 15.
877 5556 941 5610 D.
974 5551 1266 5622 ποιητικὴν
1323 5547 1536 5624 φεύγειν
1584 5546 1675 5601 καὶ
1711 5546 1911 5620 ’παρεξ

249 5629 502 5687 ελαύνειν
531 5644 710 5685 sensu
739 5641 988 5701 prorsus
1013 5620 1248 5682 diverso
1265 5620 1633 5701 _vert_e'ndum
1653 5627 1910 5701 Iprwter-

253 5706 399 5762 vehi.
433 5704 516 5759 De
546 5717 704 5756 vocc.
741 5689 1074 5771 ⁵ἐπεξίελασις
1139 5701 1198 5753 et
1259 5689 1574 5764 ὗπεξὲλασις
1635 5689 1753 5747 dixi
1813 5707 1909 5747 su-

2085 4971 2197 5043 (24)
2229 4970 2294 5023 In
2327 4969 2438 5043 hoc
2477 4966 2568 5043 vel
2608 4967 2668 5021 in
2727 4967 2992 5043 proxime
3046 4968 3401 5038 praecedenti
3452 4971 3657 5042 praelia

2013 5036 2312 5100 Romanos
2336 5039 2509 5110 jussu
2544 5036 3065 5110 imp.i:planitiem‘
3096 5056 3298 5095 versus
3337 5036 3656 5098 recessisse

2011 5115 2313 5183 Cedrenus
2340 5109 2549 5166 auctor
2572 5113 2662 5183 est
2685 5109 2752 5176 ll,
2785 5110 2907 5166 680.
2937 5112 2996 5163 B.
3024 5110 3130 5183 Ubi
3151 5111 3656 5183 legendum,ei’xsw

2013 5185 2088 5246 εἰς
2116 5181 2384 5249 τούπίσω,
2436 5199 2556 5236 non
2609 5175 2760 5252 ἥκειν
2796 5200 2839 5234 ε.
2873 5200 2922 5237 τ.
2977 5182 3136 5252 quod
3191 5175 3369 5252 liabet
3425 5175 3655 5250 Cusum,

2015 5262 2161 5313 Item
2192 5257 2252 5310 C.
2286 5255 2392 5310 lin.
2437 5257 2487 5307 2.
2548 5251 2727 5324 codd.
2791 5253 2906 5307 ﬁde
2963 5250 3155 5308 scribe
3213 5250 3478 5324 ei’xovmq,
3539 5275 3658 5313 non

2014 5331 2270 5398 ἣκοντας.
2307 5321 2840 5398 Ηροτροπάδηνῖνοχ
2860 5327 2960 5398 est
2987 5324 3248 5398 Agaihia)
3279 5330 3368 5382 34.

2088 5401 2199 5472 (25)
2223 5392 2771 5472 Haac:usque_adAD.
2801 5397 2908 5472 τῷν
2935 5392 3233 5472 ᾆιρθᾶλμῶν
3267 5398 3662 5472 Οοῐῐὼθῐὶείυε

2017 5466 2194 5528 vertit
2223 5487 2316 5541 ap.
2351 5466 2488 5540 Pagi
2520 5469 2611 5536 ιν,
2641 5469 2728 5526 32,
2763 5467 2862 5538 qui
2895 5466 3106 5541 ultima
3123 5466 3282 5541 mire
3313 5471 3397 5526 sic
3446 5471 3662 5525 habet:

2020 5553 2071 5601 et
2105 5547 2163 5599 in
2197 5538 2319 5598 etim
2347 5538 2573 5596 modum
2601 5555 2797 5610 equum
2827 5554 2897 5594 ea:
2925 5538 3160 5610 virginis
3189 5543 3357 5610 oculis
3408 5543 3663 5610 evolasse,

2021 5615 2200 5673 credo
2231 5612 2409 5685 quod_
2423 5605 2659 5685 legeret
2676 5610 2736 5666 in
2767 5611 2966 5685 Graeco
2999 5605 3030 5664 εὐ
3043 5609 3131 5662 καὶ
3164 5605 3305 5685 oiirw
3355 5611 3447 5664 τὸν
3503 5607 3666 5664 ίῙ¹πλιτον

2022 5679 2353 5752 ἀποπτῆναι,
2388 5682 2454 5738 In
2487 5679 2700 5736 Codice
2731 5680 3047 5736 manifesto
3079 5687 3168 5736 est
3198 5679 3382 5735 ὕπνον.
