4108 6198
523 368 642 427 879
1897 357 2176 418 LEONIS
2220 355 2537 418 DIACONI
3767 358 3863 421 880

522 499 896 556 Theodorum
929 497 1129 562 fuisse,
1165 511 1342 566 quem
1376 493 1435 547 in
1467 492 1691 564 prwliis
1713 491 2038 563 imperator
2059 489 2144 544 sib

2241 534 2255 559 γ
2289 486 2475 561 μάχην
2509 482 2824 560 ἑωρακέναι·
2878 481 3055 540 καίτοι
3117 485 3387 560 βασιλέως
3437 483 3586 541 αὐτὸν
3635 485 3863 562 ἀναψηλα-

521 588 927 657 exercituique
960 585 1188 640 socium
1221 587 1278 637 et
1314 582 1649 654 adjutorem
1677 581 1998 652 deposcere
2023 579 2143 635 sole

2291 579 2526 652 φῶντος,
2560 575 2634 636 ὡς
2669 571 2899 649 δωρεαῖς
2959 573 3188 646 ἐπαξίως
3237 571 3700 652 φιλοφρονήσαιτο,
3738 577 3810 632 καὶ
3832 580 3864 614 ⁵⁸

529 680 644 734 bat.
677 677 860 732 Aiunt
889 675 1066 729 etiam
1108 671 1435 728 illiusmodi
1485 671 1713 742 aliquid
1767 671 2054 726 accidisse
2103 686 2151 724 ac

2289 660 2548 738 ἀμοιϐαῖς
2609 664 2757 719 ἕκατι
2813 669 2922 719 τῶν
2981 663 3163 718 πόνων
3221 663 3527 737 ἀμείψαιτο.
3601 665 3739 722 Ἀλλ’
3785 668 3863 744 οὐχ

521 781 858 837 vesperam,
883 763 1074 836 pridie
1094 778 1272 834 quam
1290 777 1489 834 pugna
1511 761 1999 815 committeretur.
2026 760 2143 814 Con

2293 753 2485 827 εὑρέθη
2524 752 2880 825 ζητούμενος.
2931 755 3208 810 Ἐντεῦθεν
3256 752 3640 828 ἀναμφίλεκτος
3689 755 3867 810 ὑπόνοια

523 855 912 926 stantinopoli
941 855 1098 926 virgo
1131 852 1363 906 numini
1396 849 1591 906 dicata
1622 851 1681 904 in
1707 866 1914 904 somno
1963 849 2145 920 Deipa

2295 842 2613 918 ὑποτρέχει,
2670 843 2762 896 τὸν
2823 843 2988 916 μέγαν
3037 841 3088 897 ἐν
3153 844 3382 916 μάρτυσι
3438 839 3696 918 Θεόδωρον
3747 845 3865 918 εἶναι,

523 965 652 1004 ram
683 946 880 1000 videre
915 943 1028 998 sibi
1085 941 1207 995 visa
1256 945 1364 1007 est,
1417 939 1644 1010 aliquot
1695 939 1834 992 viris
1883 938 2143 992 flammei

2291 933 2348 986 δν
2382 933 2530 1007 παρά
2559 929 2687 992 τοὺς
2715 929 2929 1006 ἀγῶνας
2962 932 2989 986 ὁ
3035 929 3288 1007 βασιλεὺς
3338 931 3620 1006 σύμμαχον
3664 931 3867 1003 ἐξελιπά-

527 1038 826 1108 stipatam.
855 1035 954 1088 His
970 1048 1098 1087 eam
1115 1029 1363 1084 dixisse:
1399 1051 1425 1077 ‹‹
1445 1031 1655 1083 Vocate
1671 1044 1806 1100 ergo
1825 1027 1970 1082 mihi
1991 1027 2146 1081 Theo

2291 1042 2370 1098 ρει
2429 1021 2812 1097 παρίστασθαι,
2874 1020 3091 1096 ῥύεσθαί
3155 1041 3214 1075 τε
3295 1020 3384 1074 καὶ
3459 1020 3638 1090 σώζειν
3705 1021 3869 1095 σύναμιι

525 1126 736 1180 dorum
769 1127 1091 1192 martyrem
1120 1135 1132 1172 :
1170 1140 1196 1166 ››
1231 1117 1551 1188 statimque
1582 1115 1672 1170 illi
1695 1115 2018 1170 adductum
2049 1132 2142 1170 ess

2288 1122 2448 1177 παντὶ
2501 1127 2582 1194 τῷ
2641 1121 3023 1197 στρατεύματι.
3084 1120 3224 1177 Φασὶ
3289 1118 3346 1176 δὲ
3395 1122 3480 1176 καὶ
3558 1123 3775 1178 τοιοῦτόν
3828 1145 3867 1179 τι

517 1216 800 1288 juvenem
831 1213 1044 1267 fortem
1079 1214 1138 1263 et
1163 1211 1480 1262 armatum.
1515 1207 1658 1261 Huic
1691 1206 1909 1260 dixisse
1964 1205 2139 1276 Deipa

2289 1207 2566 1284 συμϐῆναι
2625 1212 2774 1286 παρά
2829 1213 2930 1279 τήν
2979 1211 3086 1285 πρὸ
3142 1213 3241 1278 τῆς
3301 1211 3484 1286 μάχης
3539 1211 3757 1286 ἑσπέρανο
3805 1214 3868 1268 Ἐν

515 1321 646 1361 ram
672 1321 690 1358 :
730 1325 758 1352 ‹‹
790 1304 1048 1357 Joannes
1082 1304 1221 1352 tuus
1280 1296 1436 1368 apud
1488 1296 1884 1368 Dorystolum,
1936 1296 2137 1352 domin

2287 1302 2562 1374 Ηυξαντίῳ
2619 1303 2881 1376 παρθένος
2938 1306 3042 1355 τῶν
3125 1300 3540 1374 ἀνατεθειμένων
3619 1306 3721 1372 Θεῷ
3781 1304 3871 1355 καθ’

521 1392 849 1458 Theodore,
869 1388 1098 1461 Scythis
1122 1402 1416 1459 pugnans,
1443 1385 1569 1456 jam
1597 1386 1829 1458 gravius
1859 1387 2143 1457 premitur

2283 1387 2424 1463 ὕπαρ
2457 1391 2584 1463 ὁρᾷν
2613 1386 2786 1444 ἐδόκει
2815 1391 2916 1458 τὴν
2973 1389 3259 1460 Θεοτόκον,
3312 1389 3416 1444 ὑπό
3457 1410 3611 1445 τινων
3663 1388 3872 1467 φλογοει-

517 1484 708 1548 Quare
739 1480 881 1534 vade
914 1478 1052 1545 cito,
1105 1481 1169 1530 ut
1203 1476 1253 1530 ei
1288 1474 1576 1530 auxilium
1623 1473 1799 1529 feras.
1862 1475 1982 1530 Nisi
2037 1479 2139 1530 ant

2284 1476 2392 1533 δῶν
2427 1476 2908 1556 δορυφορουμένην
2944 1475 3179 1554 ἀνδρῶν.
3214 1477 3389 1534 Φάναι
3421 1476 3480 1534 δὲ
3524 1480 3649 1552 πρὸς
3695 1479 3868 1540 αὐτούς·

516 1585 770 1642 occupas
790 1569 850 1623 in
873 1566 1206 1640 periculum
1233 1563 1320 1618 illi
1344 1580 1439 1618 res
1467 1568 1745 1619 vertetur.
1770 1585 1798 1614 »
1832 1563 2008 1618 Illum
2032 1581 2138 1619 con

2285 1591 2312 1620 «
2349 1566 2619 1622 Καλέσατε
2652 1565 2717 1637 δή
2765 1589 2858 1640 μοι
2915 1567 3006 1622 τὸν
3071 1567 3314 1644 μάρτυρα
3372 1565 3660 1641 Θεόδωρον.
3695 1591 3714 1618 ι
3763 1587 3873 1640 παρ-

514 1665 608 1715 tra
638 1681 665 1708 «
701 1676 761 1713 se
794 1661 1069 1729 paratum
1103 1669 1233 1708 esse
1267 1674 1294 1702 »
1327 1652 1569 1719 dixisse,
1603 1675 1630 1701 «
1665 1657 1732 1706 ut
1770 1653 1936 1706 Matri
1971 1654 2072 1707 Dei
2106 1670 2136 1708 a

2284 1656 2474 1711 αυτίκα
2507 1654 2564 1711 δὲ
2603 1663 2956 1732 παραχθῆναι
3017 1663 3257 1731 γενναῖον
3315 1653 3483 1732 ἃνδρα
3528 1655 3611 1710 καὶ
3656 1656 3872 1725 νεανικὸν,

516 1747 749 1803 Domini
784 1747 874 1800 sui
906 1745 1268 1814 obsequatur
1297 1758 1309 1796 :
1345 1762 1368 1792 υ
1408 1741 1624 1812 quibus
1655 1741 1829 1796 dictis
1888 1743 2138 1797 continui

2286 1744 2538 1802 ἔνοπλον.
2573 1745 2761 1802 Εἷπεῖν
2787 1767 2846 1800 τε
2901 1745 3039 1822 πρὸς
3089 1746 3251 1800 αὐτὸν
3309 1747 3410 1814 τήν
3473 1746 3730 1801 Θεοτόκον⁶
3781 1746 3872 1800 «'0

517 1837 880 1892 excessisse:
914 1832 1090 1888 simul
1122 1847 1399 1885 somnum
1433 1846 1502 1884 ex
1532 1829 1778 1900 virginis
1809 1830 1999 1885 oculis
2032 1848 2133 1886 evo

2285 1835 2375 1896 σὸς
2404 1837 2548 1909 παρά
2603 1835 2664 1889 τὸ
2726 1833 3066 1908 Δορύστολον
3123 1833 3400 1904 Ἰωάννης,
3457 1833 3605 1909 κύριε
3655 1831 3873 1906 Θεόδωρε.

516 1925 694 1980 lasse.
729 1927 920 1994 Atque
953 1921 1112 1976 hunc
1144 1918 1383 1990 quidem
1437 1919 1618 1973 finem
1674 1918 1881 1974 habuit
1925 1920 2134 1992 virgini

2281 1924 2514 1988 Σκύθαις
2547 1923 2884 1999 μαχόμενος,
2918 1922 3038 1996 ἄρτι
3069 1929 3470 1998 περιστατεῖται
3504 1921 3697 1986 δεινῶς.
3745 1919 3872 1979 Ἀλλ’

517 2014 902 2070 insomnium.

2279 2012 2356 2076 εἰς
2410 2014 2508 2082 τὴν
2567 2013 2772 2068 ἐκείνου
2859 2013 3086 2068 σπεῦσον
3174 2013 3452 2088 βοήθειαν.
3540 2011 3599 2068 Εἰ
3666 2011 3754 2086 γὰρ
3811 2010 3869 2082 μή

513 2101 855 2180 προφθάσῃς,
915 2099 969 2161 ἐς
1025 2094 1271 2152 κίνδυνον
1327 2095 1476 2168 αὗτῷ
1529 2095 1846 2168 τελευτήσει
1923 2099 1991 2152 τά
2063 2099 2376 2175 πράγματα.
2437 2126 2464 2154 ››
2521 2102 2622 2157 Τόν
2677 2100 2734 2157 δὲ
2815 2103 2969 2165 αὖθις
3059 2101 3295 2175 ἑτοίμως
3377 2099 3522 2177 ἔχειν
3585 2101 3758 2168 εἰπεῖν,
3816 2103 3871 2171 τῇ

517 2191 704 2266 Μητρὶ
734 2194 830 2245 τοῦ
857 2192 990 2244 Θεοῦ
1020 2188 1109 2242 καὶ
1145 2186 1416 2240 Δεσπότου
1469 2206 1573 2258 μου
1633 2191 1973 2261 πειθαρχεῖν·
2025 2187 2264 2262 φάμενος
2297 2193 2339 2228 ¹⁹
2386 2188 2444 2245 δὲ
2491 2189 2654 2246 τοῦτο
2705 2190 2861 2255 εὐθὺς
2916 2191 3184 2266 οἳχεσθαι,
3253 2191 3345 2246 καὶ
3407 2190 3548 2246 οὕτω
3596 2191 3680 2245 τὸν
3730 2189 3861 2242 ὕπνον

511 2283 819 2350 ἀποπτῆναι
847 2286 950 2348 τῆς
981 2277 1243 2354 παρθένου
1272 2280 1380 2329 τῶν
1413 2275 1733 2352 ὀφθαλμῶν.
1766 2274 1940 2331 Ἀλλά
1967 2281 2036 2350 τῇ
2073 2279 2165 2350 μὲν
2193 2281 2444 2354 παρθένῳ
2473 2281 2534 2335 τὸ
2565 2279 2704 2355 ὕπαρ
2737 2280 2790 2344 ἐς
2815 2285 2978 2336 τοῦτο
3007 2279 3442 2356 συνεπεραίνετο.

587 2370 927 2428 1Ο.Ηοῐῐιδ.ῐιί
973 2385 1129 2432 vero,
1165 2367 1361 2421 divum
1395 2368 1850 2438 antesignanum
1881 2367 2157 2434 insecuti,

2347 2371 2394 2424 ι’.
2447 2371 2716 2442 Ῥωμαῖοι
2776 2367 2854 2439 δὲ,
2911 2375 2991 2442 τῷ
3047 2369 3514 2444 προπορευομένῳ
3579 2367 3698 2440 θείῳ
3745 2363 3866 2439 ἀνδρὶ

513 2478 725 2517 manus
755 2475 890 2514 cum
921 2455 1277 2512 adversariis
1309 2456 1459 2512 I55
1496 2460 1836 2510 conserunt.
1884 2457 1975 2511 Fit
2005 2474 2135 2528 praei

2271 2457 2622 2535 ἐφεπόμενοι,
2653 2463 2772 2521 τοῖς
2801 2458 3064 2521 ἐναντίοις
3118 2456 3550 2531 συμπλέκονται,
3586 2457 3670 2511 καὶ
3715 2474 3869 2530 καρτε-

511 2553 660 2608 lium
690 2551 810 2606 acri
842 2547 1187 2604 certamine.
1220 2545 1482 2601 Tandem
1514 2547 1763 2618 Scytha),
1797 2564 1932 2602 cum
1965 2564 2133 2618 nequ.

2272 2567 2367 2622 ρας
2400 2549 2588 2621 μάγης
2639 2549 2931 2617 συστάσης,
2991 2548 3091 2603 οὐκ
3147 2547 3457 2622 ἐνεγκόντες
3511 2548 3606 2615 τὴν
3660 2553 3747 2614 τῆς
3791 2546 3869 2597 ’ἰπ-

513 2659 620 2713 per
641 2657 702 2696 se
724 2640 838 2695 vim
868 2644 1192 2692 turmarum
1218 2641 1556 2690 nostrarum
1587 2637 1881 2690 sustinere
1895 2642 2135 2707 possent

2270 2643 2436 2705 πικῆς
2467 2635 2742 2714 φάλαγγος
2790 2639 2842 2693 οἱ
2903 2639 3105 2693 Σκύθαι
3167 2638 3375 2714 ῥοπὴν,
3442 2636 3780 2697 κυκλωθέντες
3823 2633 3869 2687 τὸ

517 2735 576 2785 et
605 2747 639 2784 a
669 2728 859 2783 Barda
890 2725 1194 2798 magistro,
1229 2725 1321 2779 cui
1353 2724 1534 2780 Scleri
1558 2741 1909 2797 cognomen,
1933 2742 1967 2780 a
1997 2731 2139 2797 terg<

2270 2727 2405 2800 πρὸς
2439 2731 2534 2780 τοῦ
2569 2727 2870 2801 μαγίστρου
2929 2725 3126 2801 Βάρδα,
3179 2728 3224 2799 ᾦ
3279 2727 3536 2802 Σκληρὸς
3566 2729 3600 2796 ἡ
3631 2723 3870 2790 ἐπίκλησις

515 2820 942 2876 invaderentur
973 2819 1040 2888 (is
1074 2818 1233 2874 enim
1266 2832 1400 2871 cum
1433 2816 1555 2871 suis
1571 2816 1758 2886 copiis
1781 2831 1882 2870 eos
1904 2816 2128 2871 circum

2270 2811 2493 2886 (ἐκεῖνος
2521 2817 2623 2889 γὰρ
2659 2817 2792 2887 μετά
2819 2814 2916 2870 τοῦ
2970 2817 3055 2889 [Ρ.
3107 2818 3198 2889 96]
3257 2817 3624 2889 συνεπομένου
3665 2813 3870 2883 πλήθους

514 2910 794 2980 venerat),
827 2908 978 2980 fugae
1007 2923 1069 2962 se
1099 2905 1425 2970 mandant;
1457 2919 1648 2975 usque
1680 2905 1752 2959 ad
1785 2905 1999 2959 muenia
2021 2921 2136 2976 pro

2268 2902 2366 2970 τήν
2424 2901 2700 2958 κύκλωσιν
2756 2903 3098 2978 ἐποιήσατο),
3159 2905 3235 2966 εἷς
3295 2907 3475 2982 φυγὴν
3531 2904 3750 2970 ἔκλιναν,
3798 2900 3866 2954 καὶ

514 3007 806 3057 teruntur.
840 3001 931 3055 Fit
957 2999 1112 3055 foeda
1141 2997 1352 3053 caades.
1387 2997 1755 3066 Paulumque
1797 2996 1987 3050 abfuit
2015 2996 2136 3067 qui]

2275 2992 2442 3068 μέχρι
2488 2997 2586 3047 τοῦ
2642 2989 2944 3068 περιϐόλου
3006 2993 3479 3067 συμπατούμενοι,
3535 2993 3731 3056 ἀκλεῶς
3777 2988 3871 3045 ἔπι-

511 3094 638 3164 ipse
656 3089 1204 3163 Sphendosthlabus
1227 3092 1558 3158 caperetur,
1591 3087 1905 3158 exsanguis
1938 3091 1995 3140 et
2020 3103 2126 3141 sau

2269 3101 2424 3138 πτον.
2459 3084 2674 3157 Μικροῦ
2705 3080 2762 3137 δὲ
2791 3083 2880 3137 καὶ
2911 3084 3074 3146 αὐτὸς
3107 3085 3134 3138 ὁ
3168 3079 3621 3161 Σφενδοσθλάϐος
3672 3081 3870 3156 ἐλήφθη,

2267 3167 2485 3196 Ην---.-,Α
2544 3171 2743 3196 ---υμνλ
2768 3194 2778 3196 μ
2843 3171 2933 3196 .--Α
2989 3167 3254 3196 κηκαηρ-ιλ
3286 3194 3295 3196 4
3347 3177 3458 3196 nun
3539 3173 3574 3196 Α
3636 3177 3696 3196 ηΑ
3745 3172 3769 3196 .t
3801 3167 3870 3196 ,με

509 3185 721 3251 ciatus,
757 3182 874 3237 nisi
906 3200 1024 3236 nox
1054 3179 1478 3252 superveniens
1509 3194 1644 3232 eum
1693 3185 2003 3234 servasset.
2055 3181 2130 3234 Fe

2266 3167 2486 3242 ἔξαιμος
2541 3171 2781 3248 γεγονὼς
2842 3171 2933 3226 καί
2988 3167 3298 3242 καταϐελὴς
3344 3177 3482 3248 (26),
3533 3173 3577 3228 εἰ
3633 3177 3703 3246 μή
3745 3167 3871 3238 iivi

507 3279 649 3329 runt
678 3273 793 3328 hoc
825 3271 1030 3342 praalio
1064 3270 1413 3342 Scytharum
1446 3283 1600 3322 cmsa
1625 3284 1753 3323 esse
1783 3267 1975 3323 millia
2003 3286 2073 3322 xv
2105 3285 2129 3322 e

2268 3265 2569 3330 ἐπελθοῦσα
2619 3271 2810 3322 τοῦτον
2851 3265 3120 3323 διέσωσεν.
3175 3268 3408 3342 Λέγεται
3439 3266 3498 3323 δὲ
3527 3269 3666 3345 παρά
3707 3265 3871 3331 ταύτην

507 3363 865 3435 quingentos
892 3379 906 3428 ;
942 3365 1108 3415 scuta
1137 3359 1212 3414 ad
1243 3357 1436 3412 millia
1464 3375 1560 3425 xx,
1587 3356 1814 3430 gladios
1845 3358 2129 3430 quamplu

2265 3355 2362 3422 τήν
2401 3357 2588 3428 μάχην
2631 3354 2790 3410 πέντε
2846 3357 2938 3411 καὶ
3001 3353 3128 3411 δέκα
3185 3355 3459 3432 χιλιάδας
3512 3360 3558 3394 ²⁰
3602 3359 3729 3430 πρός
3778 3357 3870 3411 τοῖς

505 3452 687 3506 rimos
728 3456 916 3522 capta.
965 3452 1263 3504 Romanos
1305 3446 1648 3501 interfectos
1681 3462 1808 3502 esse
1841 3464 1992 3515 cccn,
2028 3448 2126 3502 vul

2265 3442 2644 3506 πεντακοσίοις
2733 3445 3078 3520 ἀναιρεθῆναι
3165 3451 3416 3519 Σκυθῶν,
3503 3446 3761 3523 ληφθῆναι
3829 3439 3873 3495 δέ

505 3544 747 3594 neratos
778 3556 898 3594 non
929 3555 1170 3610 paucos.
1205 3535 1512 3607 Ejusmodi
1544 3535 1850 3591 victoriam
1910 3539 2127 3592 Roman

2267 3532 2564 3609 δισμυρίαν
2622 3532 2844 3604 ἀσπίδα,
2903 3537 2992 3590 καὶ
3053 3535 3176 3613 ξίφη
3235 3536 3570 3610 πάμπολλα.
3625 3533 3868 3607 Ῥωμαίων

508 3631 620 3684 hoc
651 3628 855 3701 praelia
889 3626 1191 3683 consecuti
1236 3631 1394 3680 sunt.
1453 3625 2005 3694 Sphendosthlabus
2054 3644 2124 3698 pe

2266 3621 2323 3678 δὲ
2349 3624 2694 3696 τριακοσίους
2745 3625 3145 3694 ἀποκτανθῆναι
3197 3628 3336 3700 πρός
3379 3630 3500 3689 τοῖς
3557 3628 3869 3695 πεντήκοντα,

510 3725 693 3775 totam
725 3725 962 3774 noctem
995 3716 1402 3771 internecione
1425 3715 1730 3784 COpiarum
1754 3716 2132 3785 perturbatus

2261 3717 2538 3789 τρωθῆναι
2603 3714 2660 3770 δὲ
2717 3722 2974 3792 συχνούς.
3035 3715 3210 3774 Ἀλλὰ
3265 3717 3531 3789 τοιαύτην
3559 3721 3600 3754 ²¹
3633 3718 3718 3791 μὶν
3765 3717 3872 3772 Ῥω-

511 3811 716 3866 dolore
748 3815 806 3864 et
834 3807 1143 3864 iracundia
1173 3804 1549 3860 efferebatur.
1590 3807 1832 3874 Tamen,
1888 3822 2021 3859 cum
2055 3807 2133 3861 adi

2268 3810 2425 3876 μαῖοι
2457 3806 2558 3875 τὴν
2580 3807 2738 3876 νίκην
2771 3805 2916 3881 παρά
2943 3805 3035 3860 τὸν
3093 3805 3277 3881 ἀγῶνα
3324 3808 3624 3883 ἠνέγκαντο
3669 3800 3872 3860 τουτονί.

509 3916 713 3956 versus
743 3897 1024 3954 invictum
1059 3895 1385 3950 exercitum
1418 3892 1571 3946 nihil
1600 3898 1801 3964 posset
1845 3895 2131 3964 prolicere

2261 3894 2321 3950 Ὁ
2353 3892 2411 3948 δὲ
2445 3890 2918 3965 Σφενδοσθλάϐος,
2952 3897 3080 3971 παρ’
3131 3894 3269 3965 ὅλην
3317 3897 3419 3966 τὴν
3470 3897 3632 3952 νύκτα
3680 3895 3874 3970 βαρυθυ-

507 3989 823 4055 intellexit,
856 3986 996 4041 boni
1028 3982 1403 4054 imperatoris
1435 3997 1583 4046 esse,
1617 3982 1678 4035 in
1709 3981 1886 4037 rebus
1943 3983 2122 4055 despe

2265 3989 2380 4056 μῶν
2415 3982 2500 4038 έπί
2529 3987 2598 4057 τῇ
2630 3988 2912 4058 κατακοπῇ
2939 3989 3040 4049 τῆς
3092 3985 3284 4040 έαυτοῦ
3328 3991 3607 4062 στρατιᾶς,
3654 3981 3874 4058 ἤσχαλλε

505 4083 651 4138 ratis
692 4095 811 4133 non
845 4073 1233 4131 succumbere
1263 4073 1418 4127 tristi
1448 4071 1721 4139 fortuna,
1747 4073 1849 4128 sed
1879 4073 1939 4128 id
1960 4091 2127 4147 agere

2263 4074 2358 4146 μὲν
2390 4071 2482 4128 καί
2521 4071 2780 4152 ἐσφάδαζε
2835 4078 2915 4146 τῷ
2966 4079 3143 4147 θυμῷ.
3184 4075 3275 4143 Μή
3321 4074 3594 4151 ἐξισχύων
3649 4073 3694 4128 δ’
3744 4071 3810 4126 ἔτι
3837 4071 3874 4105 ²²

503 4176 570 4225 ut
598 4169 821 4225 milites
853 4180 992 4220 suos
1022 4178 1257 4234 quoque
1286 4160 1462 4216 modo
1521 4161 1710 4217 salvos
1758 4169 2015 4233 praestet.
2070 4167 2125 4219 lt;

2258 4161 2398 4234 πρὸς
2457 4162 2895 4236 ἀκαταγώνιστον
2980 4163 3220 4219 ἀνύττειν
3303 4164 3686 4237 πανοπρατιάν,
3739 4157 3873 4236 ἔγνως

503 4260 611 4314 sub
638 4271 815 4312 mane
847 4254 1054 4325 legatis
1086 4252 1160 4308 ad
1189 4253 1478 4307 Joannem
1510 4251 1931 4323 imperatorem
1951 4255 2117 4309 missi

2259 4255 2562 4327 στρατηγοῦ
2590 4256 2714 4306 νοῦν
2759 4247 2986 4327 ἔχοντος
3043 4247 3200 4328 ἔργον
3256 4255 3414 4322 εἶναι,
3474 4254 3528 4310 έν
3594 4253 3876 4328 ἀμηχάνοις

500 4349 572 4403 de
605 4345 722 4403 ﬁde
755 4344 952 4402 danda
982 4349 1041 4400 et
1071 4342 1500 4414 compositione
1542 4343 1678 4415 egit,
1713 4342 2117 4400 conditionibu

2257 4340 2668 4418 καταληφθέντα
2718 4339 2935 4411 δεινοῖς,
3000 4343 3075 4415 μή
3134 4343 3493 4400 καταπίπτειν
3551 4351 3668 4407 τοῖς
3722 4341 3876 4408 λυπη-

500 4438 616 4506 his,
649 4441 715 4492 ut
743 4433 1160 4506 Tauroscytha}
1193 4431 1570 4503 Dorystolum
1603 4431 1908 4488 traderent
1938 4437 2122 4490 Roma

2260 4441 2400 4511 ροῖς,
2433 4437 2591 4492 παντὶ
2625 4435 2682 4494 δὲ
2717 4438 2906 4513 τρόπῳ
2964 4437 3247 4510 διασώζειν
3307 4445 3593 4516 πειρᾶσθαι
3634 4440 3753 4502 τοὺς
3808 4435 3879 4491 ὑπ’

497 4527 614 4590 nis,
643 4525 904 4598 captivos
927 4522 1473 4588 redderent,M(r-sia
1494 4520 1880 4590 abstinerent,
1905 4521 2119 4578 domun

2260 4499 2269 4511 .
2390 4499 2398 4506 ι
2752 4499 2762 4513 .
2877 4499 2888 4512 .
3152 4499 3168 4510 ,
3401 4499 3410 4516 ,
3742 4499 3750 4502 _

2259 4525 2445 4580 αὐτόν.
2509 4527 2605 4580 Καὶ
2665 4524 2802 4595 δῆτα
2859 4529 3004 4599 παρὰ
3060 4528 3159 4597 τήν
3215 4526 3289 4582 ἓω
3374 4525 3629 4603 πρέσϐεις
3681 4529 3750 4588 ὡς
3799 4525 3875 4579 τὸν

493 4620 933 4672 reverterentur
960 4629 973 4668 :
1007 4610 1255 4668 Romani
1289 4615 1496 4664 contra
1525 4609 1645 4663 illis
1669 4613 2020 4680 potestatem
2052 4611 2115 4666 fa

2257 4614 2629 4690 αὐτοκράτορα
2662 4615 2918 4687 Ἰωάννην
2973 4615 3208 4685 στείλας,
3255 4615 3466 4680 πίστεις
3519 4617 3636 4695 ᾔτει
3694 4610 3875 4688 ξυμϐά-

494 4709 700 4763 cerent
732 4701 1100 4776 enavigandi,
1136 4715 1330 4771 neque
1363 4715 1463 4753 eos
1495 4698 1556 4752 in
1590 4697 1804 4752 itinere
1836 4699 2116 4756 150cm]

2257 4725 2414 4776 σεων,
2449 4704 2537 4760 ἐπὶ
2593 4711 2672 4778 τῷ
2731 4709 2862 4780 (27),
2920 4707 3305 4781 Ταυροσκύθας
3359 4708 3456 4780 μὶν
3514 4705 3578 4763 τό
3632 4728 3688 4762 τε
3737 4701 3879 4778 Δορύ·

493 4795 741 4851 navibus
799 4791 1068 4866 igniferis
1127 4789 1508 4845 adorirentur
1565 4788 1726 4860 (nam
1787 4805 2115 4863 magnoper.

2257 4792 2451 4849 στολον
2483 4794 2790 4870 ἐγχειρίσαι
2820 4797 3142 4869 Ῥωμαίοις,
3181 4796 3273 4851 καὶ
3329 4796 3461 4860 τοὺς
3511 4795 3879 4872 αἰχμαλώτους

493 4885 785 4942 timebant
816 4884 1011 4956 ignem
1041 4881 1354 4946 Medicum,
1389 4878 1492 4950 qui
1523 4878 1613 4933 vel
1640 4878 1867 4949 lapides
1897 4880 1958 4935 in
1990 4882 2115 4938 eine

2255 4882 2548 4956 ἀπολῦσαι,
2578 4885 2666 4940 καὶ
2698 4884 2907 4946 Μυσίας
2937 4885 3237 4962 ἀφέξεσθαι,
3283 4887 3373 4941 καὶ
3427 4887 3565 4960 πρὸς
3605 4887 3702 4956 τὴν
3750 4885 3876 4960 σφῶν

490 4991 617 5030 rem
639 4973 906 5046 redigere
937 4971 1091 5043 potis
1119 4973 1226 5040 est)
1255 4985 1268 5036 ;
1293 4967 1594 5022 frumento
1613 4967 2112 5040 insuperjuvaren

2257 4973 2534 5046 ἀναζεῦξαι
2613 4971 2866 5050 πατρίδα·
2951 4975 3257 5048 Ῥωμαίους
3347 4972 3403 5031 δὲ
3504 4978 3879 5050 παραχωρῆσαι

1687 5110 1746 5165 C.
1791 5111 1852 5164 Β.
1896 5113 2085 5168 HASII
2133 5117 2692 5174 ANNOTATIONES.

561 5254 602 5287 ⁸⁸
633 5247 1108 5330 ἀναψηλαφῶστος
1136 5244 1208 5304 ὡς
1239 5241 1470 5330 δωρειαῖς
1491 5240 1728 5330 Χέπριιξίως
1763 5242 2183 5330 φὶιλοιρρονῆσαι,

2251 5249 2396 5330 ὸκᾳῖ
2450 5251 2580 5330 god.
2684 5252 2726 5286 ιδ
2781 5251 3041 5322 φάμενος.
3095 5235 3241 5307 Nota
3281 5253 3706 5330 anacoluthon,
3751 5251 3873 5330 l‘ort.

629 5311 816 5422 Leoni;
839 5311 1242 5375 tribuendum.
1321 5311 1392 5350 ’³ο
1421 5311 1674 5388 χιλιάδες
1702 5311 1833 5371 co'd.
1911 5311 1974 5355 ’ξι
2001 5311 2099 5372 «cum

609 5401 719 5451 Ol‘t.
762 5393 819 5447 δε.
847 5413 925 5450 τι.

2252 5324 2382 5378 cod.
2452 5324 2563 5378 Sed
2613 5311 2946 5380 correCtum
2997 5311 3089 5379 est
3136 5342 3316 5380 manu
3373 5325 3570 5396 prima
3617 5311 3871 5389 τοιαύτην.

707 5436 719 5449 .
762 5413 819 5447 ΟΞ
847 5413 925 5450 τι.

554 5548 664 5617 (26)
693 5545 834 5600 Vide
867 5557 1142 5618 suprap;
1174 5543 1226 5592 5.
1363 5607 1377 5618 _
1428 5608 1438 5618 I
1507 5605 1519 5618 _
1586 5611 1596 5618 Δ
1662 5607 1674 5618 _
2234 5549 2468 5604 tametsi
2499 5545 2584 5600 ἐπὶ
2619 5549 2700 5615 τῷ
2745 5548 2943 5601 Graece
3003 5562 3171 5618 aeque
3229 5545 3347 5602 dici
3402 5562 3580 5617 posse
3638 5549 3871 5602 constat.

551 5605 659 5690 (2γῖ
687 5605 959 5692 Fortasse
989 5605 1172 5692 ἐφ”ᾠ,
1215 5607 1382 5692 quod
1406 5605 1604 5692 habet
1641 5607 2014 5692 Δ[ΞοοΆεΘῃξιι
2073 5620 2132 5692 et
2235 5618 2377 5675 Vide
2413 5620 2598 5692 Viger.
2636 5605 2714 5673 D'e
2746 5618 3032 5674 idiotism.
3067 5605 3209 5675 édit.
3233 5605 3560 5675 Hermann.
3593 5621 3715 5675 619.
3747 5621 3805 5672 C.

477 5692 604 5762 ipse
636 5681 746 5746 Leo
779 5690 868 5746 37.
900 5688 962 5742 Β.
998 5681 1058 5741 e't
1085 5681 1365 5757 Agathias
1399 5683 1482 5736 11.
1517 5681 1580 5735 Α.
1637 5681 1725 5734 65.
1783 5681 1845 5735 D.
1903 5686 2022 5739 142.
2058 5689 2124 5743 Α.

4029 5 4031 110 l

4030 169 4031 228 ι
