4108 6198
475 344 592 404 883

1855 345 2130 406 LEONIS
2174 345 2494 408 DIACONI

3734 343 3831 406 884

475 477 653 542 sicus,
687 478 939 530 mortem
979 474 1342 545 effugerant:
1393 473 1623 544 reliqua
1661 492 1868 532 xxxvm
1917 477 2108 533 millia

2253 483 2336 547 τῆς
2379 478 2648 547 Ῥωσικῆς
2734 481 2986 548 στρατιᾶς
3043 474 3168 530 τότε
3217 475 3306 530 τὸν
3368 471 3589 550 ὄλεθρον
3644 469 3830 549 ἔφυγον·

479 566 678 637 cuspis
701 568 963 620 Romana
981 561 1341 616 confoderat.
1363 563 1600 618 Fosdere
1624 565 1876 633 flrmalo,
1903 567 2122 638 Sphen-

480 655 827 712 dosthlabus
857 654 918 706 in
967 652 1345 721 imperatoris
1400 653 1767 724 colloquium
1812 661 1878 709 ut
1925 657 2126 710 venire

479 745 684 798 liceret
714 739 1048 812 postulavit.
1085 741 1208 794 Non
1241 741 1468 811 respuit
1490 741 1540 796 is
1562 743 1964 798 conditionem
1994 761 2007 798 :
2040 761 2126 799 ar-

482 837 715 888 matura
734 831 1006 885 inaurata
1029 833 1237 898 tectus,
1264 829 1338 883 ad
1366 831 1557 902 ripam
1590 832 1723 886 Istri
1746 832 2129 904 adequitavit,

481 929 777 978 catervam
811 921 1310 976 innumerabilem
1344 923 1611 992 equitum
1643 940 1786 978 auro
1828 926 2130 996 armisque

481 1011 804 1066 nitentium
830 1009 1150 1065 adducens.
1185 1010 1401 1066 Contra
1431 1011 1983 1082 Sphendosthlabus
2005 1030 2134 1085 pro-

2232 566 2326 626 τὰς
2381 567 2482 641 γὰρ
2533 567 2824 642 τριάκοντα
2880 564 2970 620 καὶ
3024 565 3168 619 ὀκτὼ
3225 561 3482 639 χιλιάδας
3524 564 3832 638 ἡῬωμαῑκὴ

2235 653 2418 729 αἰχμή
2453 655 2832 726 κατηκόντισε.
2884 653 3030 708 Μετᾶ
3061 650 3118 708 δὲ
3146 654 3210 708 τὸ
3237 647 3510 726 προϐῆναι
3564 653 3656 716 τὰς
3703 675 3838 708 σπον-

2237 739 2353 812 δὰς,
2386 743 2464 806 εἴς
2497 743 2720 817 ὁμιλίαν
2755 744 2802 780 ²⁴
2841 745 2868 798 ὁ
2902 737 3312 820 Σφενόοσθάϐος
3365 746 3448 813 τῷ
3497 741 3695 817 βασικεῖ
3745 765 3838 798 συν-

2237 832 2409 888 ελθεῖν
2443 832 2660 904 ἐξαιτεῖ.
2691 835 2753 892 Ὀ
2786 831 2864 902 δὲ,
2917 830 3087 905 μηδὶν
3147 831 3364 903 ἀναδὺς,
3426 829 3697 907 διαχρύσῳ
3725 854 3840 887 παν-

2237 921 2411 996 οπλίᾳ
2438 923 2851 993 καθοπλισθεὶς,
2902 919 3141 1000 ἔφιππος
3198 922 3346 997 παρὰ
3399 922 3498 990 τήν
3552 917 3714 997 ὄχθην
3767 927 3843 977 τοῦ

2237 1017 2453 1089 ’Ἰστρου
2483 1013 2726 1089 ἀφίκετο,
2779 1010 3102 1089 μυρίανδρον
3130 1013 3178 1048 2⁵
3209 1010 3336 1083 ἴλην
3394 1011 3843 1086 χρυσορορούντων

485 1105 748 1159 cesserat
789 1100 854 1153 in
909 1098 1181 1153 navicula
1238 1099 1507 1169 Scythica
1555 1100 1777 1157 ﬂumen
1835 1101 2131 1171 devectus,

2253 1101 2487 1158 ἱνόπλων
2544 1102 2753 1158 ἱππέων
2813 1105 2928 1178 [Ρ.
2989 1104 3106 1176 97]
3165 1102 3600 1176 συνεπαγόμενος
3631 1143 3645 1158 .
3698 1101 3845 1158 Καὶὸ

490 1208 655 1248 remo
688 1206 748 1244 se
780 1188 1110 1260 applicans,
1146 1194 1203 1242 et
1231 1188 1358 1259 ipse
1412 1206 1546 1244 cum
1603 1191 1833 1246 creteris
1892 1192 2134 1247 lintrem

2253 1187 2695 1270 Σφενδοσθλάὄος
2740 1190 2797 1247 δὲ
2828 1193 2956 1262 ἧκεν
3015 1190 3106 1246 ἐπὶ
3155 1211 3303 1254 τινος
3351 1192 3617 1246 Σκυθικοῦ
3661 1190 3847 1246 ἀκατίου

491 1283 857 1356 propellens,
892 1286 957 1336 ut
986 1297 1142 1335 unus
1173 1281 1244 1335 de
1276 1281 1500 1337 multis.
1544 1283 1748 1354 Specie
1779 1290 1979 1340 autem
2011 1290 2138 1340 erat

2253 1281 2570 1358 παραπλέων
2621 1283 2713 1338 τὸν
2770 1283 3040 1356 ποταμὸν,
3094 1283 3192 1353 τῆς
3245 1279 3440 1352 κώπης
3491 1281 3728 1354 ἡμμένος
3776 1281 3847 1335 καὶ

493 1371 836 1445 hujusmodi
864 1387 876 1425 :
911 1375 1158 1437 statura,
1195 1371 1376 1440 justa,
1410 1388 1604 1443 neque
1637 1380 1852 1444 prwter
1895 1375 2136 1430 modum

2253 1373 2333 1427 :bv
2360 1377 2478 1436 τοῖς
2513 1371 2719 1448 ἑτέροις
2753 1374 2798 1408 ³⁸
2825 1371 3078 1448 ἐρέττων,
3113 1371 3188 1434 ὡς
3219 1370 3296 1432 εἷς
3345 1374 3456 1426 τῶν
3518 1370 3734 1426 Λοιπῶν.
3759 1371 3850 1439 Τὴν

491 1465 553 1518 in
585 1463 770 1516 altum
803 1477 1099 1532 expressa,
1151 1476 1344 1531 neque
1397 1462 1459 1515 in
1507 1462 1756 1518 nimiam
1787 1463 2136 1520 brevitatem

2253 1459 2303 1516 δὲ
2335 1459 2479 1516 ὶδὲαν
2510 1459 2727 1517 τοιόσδε
2754 1483 2839 1526 τις
2873 1461 2964 1532 ἦν’
3025 1461 3124 1530 τὴν
3173 1459 3398 1531 ἡλικίαν
3462 1459 3850 1534 μεμετρημένος,

495 1557 834 1607 contracta:
865 1551 1200 1622 superciliis
1239 1551 1468 1623 Spissis,
1502 1552 1690 1608 oculis
1747 1554 1960 1624 caesiis,
1993 1570 2138 1609 naso

2253 1548 2370 1606 οὔτε
2403 1550 2480 1613 είς
2512 1550 2648 1625 ὕψος
2703 1550 2848 1625 παρὰ
2895 1554 2994 1605 τοῦ
3052 1549 3260 1612 εἷκότος
3320 1549 3584 1624 ᾑρμὲνος,
3641 1547 3748 1602 οὕτε
3792 1547 3854 1611 εἷς

497 1643 669 1704 simo,
702 1640 885 1694 barba
913 1657 1066 1705 rara,
1110 1641 1256 1696 157
1303 1646 1518 1711 prmter
1559 1641 1792 1696 labrum
1843 1643 2138 1714 superius,

2253 1639 2570 1716 βραχύτητα
2600 1635 3058 1711 συστελλόμενος*
3095 1635 3273 1700 δασεῖς
3294 1637 3392 1698 τὰς
3451 1634 3666 1713 ὀφροῦς,
3713 1633 3854 1710 γλαυ-

501 1731 701 1786 densis
735 1735 794 1784 et
822 1730 882 1784 in
911 1729 1340 1801 longitudinem
1372 1731 1681 1800 promissis
1713 1731 1946 1803 capillis
1988 1731 2140 1786 bene

2253 1730 2374 1794 κούς
2401 1727 2544 1807 ἔχων
2575 1729 2708 1794 τοὺς
2737 1727 3072 1808 ὀφθαλμοὺς,
3121 1729 3220 1797 τὴν
3275 1727 3398 1804 ῥῖνα
3455 1725 3633 1799 σιμὸς,
3680 1723 3853 1798 ἐψιλωο

499 1820 778 1890 pilosum.
807 1819 1008 1888 Capite
1039 1819 1182 1873 item
1211 1825 1335 1873 erat
1383 1819 1705 1875 admodum
1749 1820 1990 1893 glaber;
2023 1821 2138 1876 nisi

2253 1817 2406 1894 μένος
2437 1821 2528 1876 τὸν
2574 1821 2840 1894 πώγωνα,
2897 1822 2980 1891 τῷ
3035 1815 3236 1882 ἄνωθεν
3297 1816 3480 1892 χείλει
3539 1813 3758 1876 δασείαις
3783 1815 3854 1868 καὶ

500 1908 657 1976 quod
679 1908 752 1962 ad
775 1913 1093 1978 utrumque
1113 1907 1264 1963 latus
1297 1909 1610 1964 cincinnus
1627 1909 2020 1981 dependebat,
2043 1928 2144 1966 no-

496 1997 789 2051 bilitatem
819 1997 1050 2067 generis
1074 1996 1384 2052 declarans
1409 2015 1421 2052 :
1443 1999 1766 2054 cervicibus
1799 2001 2006 2066 firmis,
2041 2017 2142 2072 pe-

499 2092 659 2141 ctore
693 2087 834 2153 lato,
863 2087 1090 2140 caeteris
1119 2103 1354 2158 quoque
1389 2088 1673 2143 membris
1723 2089 1968 2160 aequalis
2001 2106 2143 2146 sane

499 2183 905 2248 etcongruens
929 2197 943 2245 ;
979 2177 1275 2231 tristitiam
1309 2177 1705 2234 nihilominus
1729 2179 2143 2251 feritatemque

499 2267 762 2337 aliquam
803 2283 903 2321 ore
967 2267 1450 2337 repraesentabat.
1511 2271 1593 2322 Ex
1651 2270 1838 2325 altera
1879 2271 2146 2325 auricula

502 2372 682 2410 aurea
713 2356 1092 2426 dependebat
1136 2357 1189 2411 ei
1221 2357 1467 2426 inauris,
1523 2358 1756 2414 duabus
1811 2360 2147 2432 margaritis

501 2452 731 2514 ornata,
815 2447 1174 2503 carbunculo
1240 2449 1595 2504 intermedio
1649 2449 1768 2504 illis
1812 2451 2144 2522 interjecto.

501 2537 674 2592 Veste
707 2542 834 2592 erat
863 2537 1134 2607 candida,
1169 2537 1334 2593 nulla
1367 2537 1485 2594 alia
1515 2554 1578 2592 re
1623 2539 1739 2594 nisi
1792 2541 2085 2595 munditia
2115 2556 2150 2595 a

501 2627 731 2683 cmteris
761 2627 1094 2684 dil‘ferente.
1129 2628 1221 2682 Sic
1251 2644 1440 2699 pauca
1459 2628 1530 2684 de
1562 2646 1726 2700 pace,
1756 2635 2010 2686 transtro
2042 2646 2148 2686 na-

503 2716 706 2771 vicula)
741 2716 1038 2785 insidens,
1096 2734 1231 2772 cum
1281 2718 1636 2789 imperatore
1690 2719 2040 2786 collocutus,
2074 2719 2149 2775 ad

506 2824 644 2862 suos
701 2825 763 2862 se
811 2809 1056 2880 recepit.
1118 2807 1346 2862 Bellum
1397 2808 1557 2879 quod
1599 2825 1631 2863 a
1675 2811 1956 2864 Romanis
2012 2825 2148 2864 cum

501 2897 732 2968 Scythis
761 2903 992 2969 gestum
1024 2903 1133 2966 est,
1163 2897 1319 2954 hunc
1352 2898 1533 2954 finem
1563 2898 1788 2955 habuit.

573 3167 660 3222 12.
711 3165 1297 3238 Sphendosthlabus,
1347 3166 1658 3239 Dorystolo
1707 3167 1934 3236 relicto,
1967 3167 2156 3239 capti-

501 3259 704 3330 visque
734 3259 980 3330 insuper
1003 3276 1074 3314 ex
1104 3259 1320 3315 foedere
1343 3259 1623 3330 redditis,
1645 3275 1779 3314 cum
1817 3259 2002 3331 copiis
2025 3276 2155 3331 quae

505 3357 856 3422 supererant
893 3367 1071 3408 naves
1128 3351 1318 3416 solvit,
1374 3351 1561 3422 inque
1605 3352 1858 3423 patriam
1917 3368 2156 3407 cursum

507 3441 726 3495 habere
754 3441 948 3512 coepit.
1013 3441 1350 3514 Enaviganti
1407 3441 1732 3497 Patzinacae
1771 3441 2018 3496 insidias
2048 3458 2157 3512 po-

509 3536 953 3602 suerunt,gens
996 3531 1331 3603 pastoralis,
1383 3529 1686 3602 frequens,
1734 3531 2154 3602 pediculivora,

507 3619 870 3690 domiporta,
903 3619 964 3674 in
998 3620 1181 3674 carris
1209 3619 1562 3690 plerumque
1603 3620 1902 3686 victitans,
1932 3621 2000 3675 Hi
2023 3637 2156 3676 cum

505 3709 750 3779 Scythas
779 3709 901 3763 fere
919 3725 1124 3764 omnes
1143 3708 1507 3776 occiderunt,
1541 3715 1664 3763 tum
1695 3709 1888 3780 ipsum
1913 3727 2154 3780 quoque

505 3801 933 3867 oppresserunt
964 3795 1552 3867 Sphendosthlabum
1586 3812 1707 3852 una
1737 3814 1872 3852 cum
1903 3797 2153 3863 cmteris,

501 3890 567 3941 ut
597 3901 668 3940 ex
699 3890 862 3940 tanto
918 3888 1243 3941 Bussorum
1297 3887 1559 3942 exercitu
1609 3885 1931 3941 admodum
1985 3887 2155 3958 pauci

504 3975 751 4030 domum
771 3975 1100 4031 incolumes
1121 3975 1517 4048 pervenirent.
1541 3977 1798 4032 Joannes
1815 3993 1950 4032 vero
1973 3976 2156 4048 impe-

503 4069 685 4134 rator,
719 4070 973 4136 quatuor
1017 4065 1160 4121 solis
1220 4065 1526 4122 mensibus
1577 4065 1774 4122 deleta
1829 4068 2153 4122 Russorum

504 4159 824 4222 armatura,
858 4161 924 4211 ut
953 4173 1130 4228 supra
1162 4156 1635 4212 demonstratum
1669 4161 1779 4222 est,
1837 4157 2154 4228 Moesiaque

505 4249 540 4301 1
557 4245 656 4304 58
675 4251 930 4318 recepta,
953 4245 1329 4317 Dorystolum
1355 4262 1426 4300 ex
1457 4245 1698 4302 nomine
1732 4246 1900 4302 ducis
1923 4251 1981 4301 et
2003 4263 2154 4302 mar-

503 4338 646 4409 tyris
662 4338 950 4394 Theodori
971 4337 1466 4409 Theodoropolim
1484 4339 1878 4410 nuncupavit;
1904 4337 2150 4393 ibidem-

499 4444 614 4498 que
637 4429 803 4500 justo
835 4426 1113 4500 praasidio
1141 4427 1374 4496 relicto,
1407 4443 1542 4482 cum
1585 4428 1860 4483 maximis
1909 4427 2147 4499 tropaeis

2254 1911 2330 1974 εἲς
2365 1919 2540 1985 μῆκσς
2593 1909 2940 1985 καθειμέναις
2996 1908 3134 1985 θριξὶ
3185 1912 3376 1982 κομῶν
3439 1910 3716 1981 περιττῶς.
3763 1906 3850 1974 Τήν

2252 1999 2310 2057 δὲ
2348 2001 2592 2078 κεφαλὴν
2621 2000 2760 2055 πάνυ
2810 1998 3070 2074 ἐψίλωτσ
3129 1998 3276 2074 παρᾶ
3335 1994 3394 2054 δὲ
3449 1999 3666 2071 θάτερον
3721 1994 3854 2069 μέρος

2253 2091 2420 2161 αὐτῆς
2457 2091 2766 2166 βόστρυχος
2811 2089 3136 2163 ἀπῃώρητο,
3165 2089 3267 2157 τὴν
3298 2091 3399 2142 τοῦ
3456 2087 3639 2164 γένους
3689 2082 3856 2160 ἐμφαί-

2251 2203 2354 2235 νων
2413 2180 2698 2256 εὐγὲνειαν·
2761 2178 3004 2253 εὐπαγὴς
3075 2178 3166 2232 τὸν
3252 2177 3510 2252 αὐχένα,
3565 2175 3630 2230 τὰ
3701 2175 3858 2245 στέρνα

2255 2267 2430 2343 εὐρὺς,
2460 2269 2552 2323 καὶ
2581 2268 2681 2337 τὴν
2717 2264 2897 2338 ἄλλην
2957 2263 3250 2321 διάπλασιν
3297 2267 3356 2321 εὖ
3422 2263 3568 2338 μάλα
3624 2261 3858 2336 διηρθρω-

2259 2359 2440 2433 μένος.
2495 2359 2814 2433 σκυθρωπὸς
2871 2355 2930 2412 δέ
2985 2377 3070 2421 τις
3123 2355 3216 2410 καὶ
3269 2352 3556 2430 θηριώδης
3605 2350 3858 2408 ἐδείκνυτο.

2255 2449 2473 2524 Θατὲρῳ
2504 2445 2563 2502 δὲ
2589 2452 2698 2502 τῶν
2730 2443 2884 2501 ὤτων
2933 2445 3190 2522 χρύσειον
3249 2444 3452 2518 ἐξῆπτο
3511 2442 3737 2508 ἐνώτιον,
3765 2438 3858 2494 δυσί

2259 2537 2562 2613 μαργάροις
2609 2535 3023 2611 κεκοσμημένον
3060 2579 3074 2606 ,
3134 2533 3404 2611 ἄνθρακος
3485 2532 3638 2597 λίθου
3713 2530 3862 2588 αὐτοῖς

2260 2627 2640 2701 μεσιτεύοντος
2675 2671 2689 2684 .
2751 2627 2946 2696 Ἐσθης
3002 2624 3182 2699 τούτῳ
3229 2622 3429 2696 λευκή,
3488 2620 3632 2678 οὐδὲν
3683 2642 3731 2676 τι
3777 2623 3861 2673 τῶν

2256 2719 2450 2792 ἑτέρων
2480 2720 2524 2755 ³⁷
2559 2717 2980 2773 ὑπαλλάττουσα
3034 2715 3070 2785 ἢ
3126 2715 3466 2789 καθαρότητι
3521 2715 3649 2786 (29).
3700 2708 3860 2782 Ὀλίγα

2253 2811 2384 2882 γοῦν
2416 2805 2546 2862 ἅττα
2580 2807 2703 2882 περί
2744 2803 3054 2879 διαλλαγῆς
3083 2809 3163 2877 τῷ
3197 2803 3420 2880 βασιλεῖ
3463 2802 3715 2877 ἐντυχὼν,
3741 2798 3858 2872 παρὰ

2253 2898 2343 2952 τὸν
2407 2897 2561 2972 ζύγὸν
2619 2900 2717 2951 τοῦ
2783 2894 3005 2950 ἀκατίου
3055 2893 3382 2971 ἐφεζόμενος
3413 2939 3430 2967 ,
3498 2890 3854 2964 ἀπηλλάττετο.

2186 2985 2419 3076 ρ⁴Ἀ-λλ’
2547 2988 2642 3076 μὶν
2699 2989 2806 3041 τῶν
2859 2983 3145 3058 Ῥωμαίων
3199 2983 3334 3058 πρὸς
3401 2981 3605 3045 Σκύθας
3653 2977 3858 3051 πόλεμος

2262 3074 2372 3132 ὧδε
2395 3073 2666 3134 ἐτελεύτα.

2335 3166 2426 3242 ιβ’.
2455 3167 2516 3224 Ὀ
2548 3163 2606 3220 δὲ
2637 3157 3107 3242 Σφενδοσθλάϐος,
3139 3163 3198 3217 τὸ
3230 3160 3572 3238 Δορύστολον
3611 3155 3857 3214 ἀπολιπὼν

2260 3256 2349 3310 καὶ
2383 3255 2511 3317 τοὺς
2544 3253 2941 3330 αἰχμαλώτους
2975 3248 3338 3327 προσεπιδοὺς
3359 3251 3498 3307 κατὰ
3523 3249 3616 3312 τὰς
3644 3243 3858 3312 σπονδὰς,

2262 3343 2493 3400 ἀπέπλει
2529 3345 2662 3419 μετὰ
2708 3348 2815 3399 τῶν
2877 3340 3332 3420 περιλειφθέντων
3390 3341 3628 3416 ἑταίρων,
3657 3336 3737 3393 ἐπὶ
3780 3335 3860 3401 τὴν

2260 3432 2493 3510 πατρίδα
2523 3434 2756 3507 ἱέμενος.
2811 3429 3216 3502 ΙΙατζινάκαιδὶ
3271 3431 3423 3506 παρὰ
3474 3431 3564 3486 τὸν
3617 3424 3861 3483 ἀπόπλουν

2263 3523 2696 3600 ἰλλοχήσαντες,
2745 3521 2895 3587 ἔθνος
2947 3519 3246 3595 νομαδικὸν
3305 3519 3471 3576 τοῦτο
3523 3518 3608 3575 καί
3661 3513 3859 3570 πολυάν-

2262 3617 2501 3689 θρωπον,
2558 3612 2917 3690 φθειροφάγον
2971 3630 3030 3665 τε
3085 3609 3174 3664 καὶ
3233 3607 3616 3686 φερὲοικον,²⁸
3650 3603 3861 3681 ἐφ“ἀμα-

2261 3704 2360 3773 ξῶν
2394 3702 2467 3764 ὡς
2496 3701 2563 3756 τὰ
2590 3699 2776 3756 πολλᾶ
2833 3697 3113 3775 βιωτεύον,
3146 3694 3340 3774 σχεδὸν
3379 3695 3669 3777 διέφθειραν
3721 3693 3858 3745 ἅπαν-

2260 3813 2379 3861 τας,
2410 3791 2501 3846 καὶ
2526 3789 2684 3846 αὐτὸν
2738 3787 2796 3845 δὲ
2845 3789 2938 3845 τὸν
2998 3782 3448 3866 Σφενδοσθλοὶϐον
3506 3790 3618 3848 τοῖς
3673 3781 3856 3838 λοιποῖς

2261 3880 2712 3957 συγκατὲσφαξαν,
2744 3880 2817 3941 ὡς
2838 3877 2898 3934 ἐκ
2924 3885 3026 3948 τῆς
3051 3876 3324 3948 τασαύτης
3381 3881 3491 3933 τῶν
3554 3877 3678 3934 Ῥῶς
3729 3888 3858 3942 στρα-

2260 3974 2378 4034 τιᾶς
2437 3969 2837 4045 εὐαριθμήτους
2892 3967 3228 4036 ἀνασωθῆναι
3284 3967 3335 4038 ἐξ
3409 3965 3522 4038 ’ἤθη
3570 3963 3632 4018 τὰ
3672 3962 3857 4032 πάτρια.

2264 4058 2516 4131 Ἰωάννης
2550 4057 2606 4116 δὲ
2662 4061 2773 4133 (30)
2823 4058 2851 4113 ὁ
2909 4056 3281 4133 αὐτοκράτωρ,
3341 4055 3393 4112 ἐν
3449 4055 3708 4128 τέτταρσιν
3737 4045 3862 4102 ὅλοις

2268 4153 2401 4226 μησὶ
2480 4153 2580 4222 τήν
2637 4150 2904 4218 Ῥωσικήν
2988 4147 3294 4205 πανοπλίαν
3370 4142 3859 4223 καταγωνισάμενος»

2263 4244 2337 4306 ὡς
2367 4241 2570 4318 φθάσας
2600 4243 2628 4297 ὁ
2661 4238 2828 4317 λόγος
2880 4237 3182 4311 δεδήλωκε,
3240 4238 3330 4294 καὶ
3382 4239 3482 4309 τήν
3514 4234 3706 4294 Μυσίαν
3748 4231 3862 4318 Ῥω-

2267 4316 2452 4407 μαίοις
2487 4316 2925 4405 ἀνασωσάμενος,
2954 4332 3015 4387 τό
3072 4352 3130 4387 τι
3188 4329 3532 4405 Δορύστολον
3583 4316 3858 4394 Θεοδωρού-

2259 4419 2424 4478 πολιν
2467 4420 2548 4477 ἐπ’
2603 4421 2830 4495 ὀνόματι
2887 4425 2986 4477 τοῦ
3041 4418 3422 4496 στρατηλάτου
3478 4417 3567 4474 καὶ
3627 4414 3860 4490 μάρτυρος

1699 4599 1759 4654 C.
1802 4599 1864 4654 Β.
1907 4597 2096 4654 HASII
2134 4597 2692 4654 ANNOTATIONES.

568 4776 614 4812 ²⁴
645 4772 730 4829 iam

784 4771 925 4847 ιλίαν
960 4773 1088 4847 cod.
1118 4771 1171 4847 _’5
1194 4765 1526 4847 μυρίανδρον
1561 4801 1634 4847 —-_
1657 4766 2147 4847 συνεπαγ-όμενοςε]

2253 4787 2332 4827 »Γᾶ
2391 4763 2994 4847 36.-Ο.Πμυρίανδρον
3054 4765 3264 4847 ἱππέων
3327 4763 3455 4847 ἴλην
3489 4760 3856 4847 ἐπιοερόμεινρξι

570 4795 614 4812 ι’
650 4796 730 4829 ισο
784 4795 925 4829 tilth
960 4795 1088 4830 000.
1125 4795 1171 4808 ’ν
1199 4795 1526 4847 μυριανορον
1561 4801 1627 4812 ⁸-⁸
1657 4795 2108 4844 συνεπαγομενος.
2143 4807 2147 4824 ι

498 4848 544 4883 ²⁶
576 4850 705 4915 Leg.
739 4795 1001 4916 ιἱτειίροις.
1026 4845 1155 4900 Vid.
1188 4846 1343 4900 infra
1372 4845 1432 4901 C.
1469 4843 1574 4899 lin.
1607 4845 1662 4899 3.
1739 4844 1781 4878 ³⁷
1821 4841 2045 4916 ἑτέρων(
2073 4842 2143 4916 Ἦ

2253 4795 2332 4827 »Γᾶ
2391 4795 2478 4826 ου.
2540 4795 2600 4826 υ.
2665 4795 2803 4843 μυριε

2257 4859 2436 4914 supra
2488 4844 2554 4898 A.
2609 4841 2718 4898 lin.
2751 4843 2803 4897 3.

2906 4815 3284 4916 aiataiat.
3333 4815 3673 4898 'ii'éio'dl'iv.
3701 4815 3725 4903 ξ
3754 4830 3855 4883 we.

496 4919 703 4975 Strabo
733 4919 821 4975 X1.
856 4921 978 4974 754.
1013 4921 1084 4975 Α.
1125 4918 1411 4973 Arrianus
1442 4916 1677 4986 Periplo
1704 4917 1874 4971 Pont.
1907 4915 2116 4970 Euxini

2259 4917 2369 4972 .B.

499 5063 740 5138 Dialogo
801 5080 938 5138 cum
961 5061 1270 5138 Tryphone
1329 5063 1451 5138 397.
1633 5061 1712 5132 3.)

499 5137 656 5193 idem
675 5132 848 5208 'quod
879 5132 1264 5208 praecedens._
1292 5133 1483 5188 Caius.
1521 5132 1809 5208 Adversus
1853 5133 2148 5208 Proclum,

501 5209 655 5280 apud
688 5202 900 5263 Euseb.
935 5207 1102 5280 Hist._
1136 5204 1288 5280 Eccl.
1321 5207 1524 5280 ιοοηᾼ
1573 5205 1816 5280 άριθμδν-
1865 5202 2147 5280 χιλιοντα-

504 5270 667 5342 εσὶίας.
706 5282 916 5334 Vocem
947 5270 1250 5350 χιλιύμϐῃ,
1278 5270 1618 5350 sacriﬁcium
1641 5293 1666 5330 c
1697 5270 1847 5350 inille
1871 5270 2149 5350 animali-

502 5355 618 5420 bus,
645 5354 773 5424 jam
805 5346 1026 5424 habent
1049 5347 1170 5424 alia
1199 5347 1437 5424 l.exica._
1472 5346 1750 5424 Summus
1788 5346 1875 5424 vir
1905 5347 2150 5424 Schnei-

500 5417 677 5480 derus
705 5422 905 5478 attulit
950 5420 1364 5475 auctoritatem
1412 5417 1632 5473 Juliani
1665 5418 1822 5471 Orat.
1866 5417 1939 5472 ad
1968 5419 2149 5473 Hera-

499 5497 680 5552 clium
711 5494 912 5560 Cynic.
953 5494 992 5548 Ι.
1028 5491 1151 5546 314.
1187 5493 1251 5544 Α.
1287 5491 1542 5545 Utuntur
1603 5493 1890 5560 praeterea
1921 5489 1976 5543 S.
2013 5491 2150 5544 Gre-

497 5568 696 5641 gorius
727 5560 1135 5641 Nyssenusuln
1194 5563 1358 5617 Cant.
1394 5563 1558 5616 Cant.
1725 5561 1848 5641 475i.
1901 5561 1961 5616 C.
2023 5560 2153 5628 (ubi

497 5629 794 5694 scribitur.
808 5629 1111 5712 χιλιομξή.
1166 5633 1783 5712 perperamzopinorl
1802 5635 2152 5712 An_onym_us

503 5715 632 5781 vita
671 5713 726 5768 S.
757 5705 1204 5780 Joann.Chrys.
1264 5706 1402 5763 Vlll.
1455 5707 1579 5760 333.
1621 5706 1704 5762 18.
1754 5705 1807 5762 S.
1861 5705 2025 5762 Nilus
2074 5705 2152 5761 De

1770 5056 2147 5116 Χιλιονταετία

2259 5066 2390 5117 octo
2425 5060 2649 5116 vitiosis
2683 5059 2919 5132 cogitat.
2954 5061 3042 5114 49.
3076 5061 3135 5118 Β.
3172 5059 3565 5130 nonnullique
3595 5051 3688 5110 alii
3716 5047 3857 5103 aetate

2261 5133 2595 5189 inferiores.

2334 5184 2618 5290 (isl'ln‘de
2659 5202 2912 5290 emenda
2941 5204 3209 5260 Priscum
3240 5203 3324 5286 de
3348 5202 3529 5290 Attila
3549 5196 3696 5290 _H_i§l-‘

2261 5262 2348 5348 67:
2383 5262 2452 5334 A'.
2485 5276 2559 5348 ad
2589 5291 2767 5348 quam
2799 5276 3056 5348 Leonem
3096 5275 3436 5348 respexisse
3447 5274 3612 5348 dicas
3626 5283 3638 5321 :
3677 5262 3786 5348 ξιτἾή

2261 5331 2528 5421 «Wehl
2559 5331 2792 5421 ἡ³ἐρθής
2825 5344 3080 5421 ἐτύχανει
3113 5331 3271 5421 οὗδςιι
3332 5341 3499 5417 μηδὲν
3540 5343 3652 5421 12"."
3681 5331 3858 5421 WE”?

2259 5406 2407 5494 πλὴν
2430 5406 2785 5494 τοῦ-καθαρά
2840 5406 2999 5487 εἷνὲι,
3057 5406 3507 5494 διαφυλαττουσα.
3540 5411 3640 5469 Ubi
3690 5406 3859 5474 μείζων

2262 5487 2402 5546 dum
2446 5487 2872 5548 διαλλᾶττὸυσα.
3158 5487 3169 5494 ’
3763 5541 3775 5560 ,

2331 5565 2445 5635 (30)
2479 5564 2611 5618 Ηωο
2641 5579 2831 5635 usque
2860 5562 2935 5618 ad
2967 5579 3097 5634 pag.
3132 5564 3233 5618 1-58
3265 5562 3372 5618 lin.
3406 5561 3492 5616 25.
3540 5553 3858 5629 παρεσκεύασε

2261 5634 2651 5690 Combetisius
2681 5634 2852 5691 vertit
2879 5635 3036 5704 apud
3066 5637 3202 5708 Pag.
3237 5635 3328 5691 ιν.
3368 5635 3457 5688 33.
