4108 6198
348 382 472 442 885

1708 386 2104 449 HISTORIIE
2146 384 2297 444 LIB.
2336 384 2415 444 X.

3647 389 3766 449 886

352 509 642 586 Θεοδώρου
677 513 1069 585 μετονομάσας,
1101 514 1348 592 φυλακήν
1394 538 1453 571 -ιε
1496 514 1797 593 ἀξιόμαχον
1827 515 1994 592 ταύτῃ

2120 514 2696 586 Constantinopolim
2726 514 2880 569 redit
2908 530 2920 568 :
2955 513 3054 568 ubi
3086 514 3375 571 urbanam
3420 516 3765 572 multitudi-

356 602 709 675 παραλιπὼν,
772 603 904 676 μετᾶ
962 606 1231 679 μεγίστων
1290 607 1569 681 τροπαίων
1624 607 1893 663 ἐπάνεισιν
1928 608 2015 661 ἐπὶ

354 691 419 744 τὸ
479 691 786 764 Βυζάντιον,
865 692 993 755 τοὺς
1071 695 1321 757 ἀπικους
1376 698 1483 769 πρὸ
1537 702 1647 752 τῶν
1702 692 2012 772 περιϐόλων

353 777 731 849 κατειληφὼς,
781 785 1066 859 στεφάνοις
1115 782 1274 838 αὐτὸν
1325 784 1416 838 καὶ
1467 786 1764 861 σκήπτροις
1809 782 2016 855 δεξιου-

362 866 581 940 μένους,
612 868 677 923 ἐκ
724 875 936 945 χρυσοῦ
995 870 1086 926 καὶ
1141 872 1310 928 λίθων
1373 872 1805 951 ἐξειργασμένοις
1837 872 2012 928 πολυ-

356 959 553 1015 τελῶν.
612 958 786 1034 Ἥγον
848 958 905 1015 δὲ
961 962 1051 1016 καὶ
1138 962 1597 1038 χρυσοκόλλητον
1656 962 2011 1019 λευκόπωλον

358 1048 526 1122 ἅρμαο
584 1049 647 1103 οὗ
699 1046 1100 1127 προσεπιϐῆναι
1157 1057 1352 1108 τοῦτον
1408 1054 1616 1125 ἠξίουν,
1675 1054 1764 1109 xui
1813 1055 1904 1107 τὸν
1930 1073 2017 1108 νε-

354 1137 688 1210 νομισμένον
761 1145 1080 1217 καταγαγεῖν
1161 1138 1451 1217 θρίαμϐον.
1506 1144 1563 1198 Ὀ
1622 1141 1679 1198 δὲ
1733 1142 1860 1204 τοὺς
1919 1142 2011 1213 μὶν

355 1229 650 1303 στεφάνους
704 1229 795 1283 καὶ
852 1230 921 1285 τὰ
979 1238 1229 1305 σκῆπτρα
1282 1235 1621 1309 προσήκατο,
1678 1232 1768 1287 καὶ
1799 1231 2016 1288 πολλα-

355 1320 603 1383 πλασίως
625 1319 855 1383 τούτους
887 1318 1096 1385 δώποις
1159 1327 1243 1397 [Ρ.
1306 1326 1395 1398 98]
1427 1323 1721 1398 ἠμείψατοο
1758 1317 2013 1392 ἐπιϐῆναι

356 1406 415 1464 δὲ
442 1413 539 1465 τοῦ
565 1408 805 1485 ἅρματος
860 1408 961 1466 οὐκ
1008 1412 1289 1487 ἠνέσχετο·
1336 1411 1482 1468 ἀλλὰ
1526 1413 1624 1483 τὴν
1665 1419 1764 1482 τῆς
1798 1413 2012 1484 Θεομή-

355 1520 519 1574 τορος
551 1499 752 1568 εἰκόνα,
788 1499 1259 1575 ένηγκαλισμένην
1312 1501 1404 1557 τὸν
1440 1504 1783 1576 θεάνθρωπον
1815 1501 2012 1576 Λόγον,

357 1588 425 1659 ἦν
460 1589 519 1644 ἐκ
546 1592 753 1652 Μυσίας
808 1589 1057 1667 εἴληφεν,
1113 1592 1199 1646 ἐπὶ
1256 1593 1348 1647 τὸν
1406 1596 1506 1647 τοῦ
1565 1593 1807 1665 ἅρματος
1836 1611 2013 1666 χρυσ-

357 1678 565 1749 ήλατον
598 1678 788 1753 θρόνον
850 1678 1101 1750 ἀνέθηκε,
1158 1680 1254 1742 τὰς
1314 1679 1623 1755 ἁλουργοὺς
1671 1685 1779 1736 τῶν
1812 1682 2013 1736 Μυσῶν

360 1765 559 1829 στολάς
619 1767 856 1840 ὑποθεὶς,
916 1770 1002 1824 καὶ
1062 1769 1130 1824 τὰ
1187 1766 1490 1843 πέμματα.
1546 1768 1720 1831 Αὐτὸς
1747 1766 2011 1840 δὶ,ἳππῳ

2121 621 2259 659 nem
2292 610 2455 659 extra
2486 620 2686 658 muros
2735 603 3004 668 offendit,
3050 620 3297 660 coronas
3329 605 3415 659 illi
3448 611 3507 660 et
3536 612 3770 678 sceptra

2123 710 2192 749 ex
2232 710 2375 748 auro
2433 692 2774 765 lapillisque
2829 693 3106 764 pretiosis
3163 694 3338 759 facta,
3394 696 3769 751 offerentem.

2124 781 2426 838 Ducebant
2455 786 2513 837 et
2542 799 2782 837 currum
2818 798 2959 836 auro
2986 787 3358 854 compactum
3410 784 3575 854 equis
3622 784 3771 840 albis

2113 871 2395 943 junctum
2420 888 2433 925 :
2456 888 2574 941 quo
2599 876 2665 926 ut
2690 870 3037 926 ascenderet
3059 871 3366 944 rogabant,
3387 877 3769 929 consuetum-

2124 978 2236 1032 que
2263 961 2634 1032 triumphum
2667 961 2928 1017 duceret.
2960 963 3084 1033 Ipse
3102 979 3237 1017 vero
3260 978 3510 1017 coronas
3528 963 3771 1033 quidem

2123 1057 2178 1106 et
2207 1056 2438 1122 sceptra
2469 1052 2749 1122 suscepit,
2798 1052 3145 1123 majoraque
3175 1052 3362 1107 multo
3394 1051 3487 1106 his
3519 1069 3772 1109 munera

2124 1139 2433 1211 rependit:
2466 1145 2533 1194 ut
2577 1146 2775 1195 autem
2806 1140 2867 1195 in
2900 1157 3141 1196 currum
3184 1140 3533 1197 ascenderet
3568 1141 3771 1198 induci

2121 1246 2243 1286 non
2273 1230 2500 1301 potuit;
2528 1229 2631 1284 sed
2655 1230 2867 1283 divinae
2897 1230 3105 1285 matris
3129 1230 3470 1303 imaginem,
3504 1230 3769 1286 deivirile

2121 1318 2379 1374 Verbum
2410 1319 2875 1390 amplexantem,
2908 1335 3086 1391 quam
3119 1334 3188 1374 ex
3221 1320 3418 1375 Maesia
3464 1320 3762 1386 attulerat,

2120 1409 2184 1464 in
2215 1426 2395 1465 aureo
2428 1408 2829 1464 sedilicurrus
2855 1408 3183 1473 collocavit,
3219 1408 3534 1464 substratis
3555 1426 3772 1481 purpu-

2120 1501 2238 1556 reis
2271 1502 2583 1556 Moesorum
2634 1499 2873 1570 tunicis,
2898 1508 2957 1555 et
2986 1500 3242 1555 coronis.
3276 1500 3430 1571 Ipse,
3481 1500 3769 1571 singulari

2118 1607 2269 1662 equo
2302 1595 2525 1655 vectus,
2565 1607 2721 1661 pone
2770 1588 3151 1661 sequebatur,
3210 1594 3389 1660 caput
3434 1587 3773 1643 diademate

2118 1680 2365 1747 cinctus,
2399 1696 2466 1735 ac
2493 1696 2742 1734 coronas
2769 1684 3006 1752 gestans
3035 1684 3093 1733 et
3113 1683 3346 1749 sceptra
3376 1678 3436 1732 in
3466 1677 3769 1733 manibus.

2118 1769 2234 1823 Hac
2261 1768 2543 1839 triumphi
2568 1768 2763 1839 specie
2784 1785 2889 1839 per
2911 1767 3169 1823 mediam
3194 1767 3425 1836 urbem,
3450 1767 3769 1840 purpureis

356 1856 548 1927 κέλητι
603 1856 1004 1932 ἐποχούμενος,
1073 1858 1387 1930 μετόπισθεν
1470 1856 1670 1929 ε’ίπετο,
1727 1878 2007 1914 τεταινιω-

2118 1859 2377 1914 vestibus
2410 1858 2675 1930 undique
2721 1864 3014 1926 ornatam,
3049 1858 3415 1929 thalamique
3447 1859 3565 1912 ritu
3612 1858 3765 1913 lauri

362 1946 522 2021 μένος
568 1949 668 2017 τὴν
727 1948 969 2026 κεφαλὴν
1029 1947 1349 2023 διαδήματι,
1406 1951 1496 2006 καὶ
1548 1951 1676 2014 τοὺς
1715 1951 2005 2030 στεφάνους

357 2040 535 2115 φέρων
594 2038 685 2093 καὶ
736 2040 804 2093 τὰ
859 2046 1109 2111 σκῆπτρα
1165 2039 1216 2093 ἐν
1271 2045 1390 2103 ταῖς
1450 2040 1660 2115 χερσίν.
1722 2040 1881 2099 Οὕτω
1911 2042 2003 2096 τὸν

356 2123 627 2202 θρίαμϐον
681 2129 993 2203 καταγαγὼν
1056 2126 1144 2183 διά
1201 2129 1370 2202 μέσης
1401 2137 1500 2199 τῆς
1543 2130 1783 2203 πόλεως,
1842 2130 2006 2201 ἐσθή-

356 2238 496 2271 σεσιν
539 2216 830 2293 ἁλουργοῖς
880 2220 1302 2292 κεκοσμημένης
1346 2218 1673 2297 ἑκασταχοῦ,
1723 2222 1811 2275 καὶ
1847 2218 2004 2290 δίκην

355 2304 604 2379 θαλάμου
659 2312 775 2371 τοῖς
831 2328 888 2361 τε
943 2312 1050 2362 τῶν
1105 2306 1313 2386 δαφνῶν
1376 2306 1600 2372 κλάδοις
1632 2314 1743 2382 (31)
1773 2310 1861 2365 xui
1892 2315 2009 2374 τοῖς

354 2396 686 2473 χρυσοῦφέσι
734 2395 868 2451 πέπ)
886 2418 966 2458 οις
1014 2396 1181 2467 οὔσης
1238 2402 1588 2476 συνηρεφοῦς,
1625 2398 1677 2460 ἐς
1710 2400 1800 2453 τὸν
1838 2398 2004 2474 μέγαν

352 2493 453 2553 τῆς
506 2489 604 2539 τοῦ
662 2489 796 2540 Θεοῦ
866 2486 1073 2563 Σοφίας
1157 2486 1450 2542 εἰσελαύνει
1518 2488 1707 2558 σηκόν·
1768 2489 1857 2543 καὶ
1914 2488 2008 2550 τὰς

357 2574 815 2649 εὐχαριστηρίους
879 2576 1051 2651 εὐχὰς
1106 2573 1364 2646 ἀποδοὺς,
1421 2577 1483 2631 τὸ
1533 2598 1592 2633 τε
1647 2581 1754 2631 τῶν
1804 2580 2005 2635 Μυσῶν

355 2663 784 2739 ἐκπρεπέστατον
844 2663 1033 2741 στέφος
1087 2666 1254 2720 οἱονεὶ
1308 2666 1647 2741 πρωτόλειον
1705 2665 1880 2743 δῶρον
1930 2672 2010 2739 τῷ

360 2758 476 2825 Θεῷ
506 2755 889 2825 καταθέμενος,
936 2753 1010 2816 εἰς
1067 2756 1165 2822 τὴν
1227 2758 1585 2831 ἀνακτορικήν
1615 2756 1792 2812 ἑστίαν
1826 2762 2007 2835 φοιτᾷ,

358 2842 449 2897 καὶ
503 2848 608 2896 τῶν
670 2844 716 2878 ²⁹
767 2847 961 2898 Μυσῶν
1025 2844 1251 2919 βασιλέα
1336 2848 1513 2919 Βορήν
1572 2848 1898 2922 παραγαγὼν
1945 2846 2011 2902 τά

358 2937 458 3000 τῆς
495 2929 773 3007 βασιλείας
806 2929 1125 2988 ἀπονθέσθαι
1156 2933 1455 3009 παράσημα
1485 2938 1597 3009 (32)
1626 2935 2007 3010 παρεσκεύασι.

358 3022 438 3077 Τά
496 3017 553 3075 δὲ
609 3023 674 3089 ἦν
729 3022 891 3097 τιάρα
945 3022 1371 3099 περιπόρφυρος,
1429 3029 1620 3101 χρυσῷ
1670 3025 1760 3080 καὶ
1793 3028 2009 3102 μαργά-

358 3129 475 3182 ροις
530 3113 906 3181 κατάστικτος,
968 3110 1130 3183 ἐσθής
1187 3134 1245 3167 τε
1316 3113 1608 3189 ἀλουργὸς,
1665 3116 1753 3170 καὶ
1814 3113 2011 3172 πέδιλα

357 3197 572 3273 ἐρυθρά.
636 3205 839 3257 Τοῦτον
912 3198 968 3256 δὲ
1048 3207 1127 3275 τῷ
1181 3208 1289 3258 τῶν
1348 3206 1662 3281 μαγίστρων
1718 3207 2004 3281 τετίμηκεν

352 3288 644 3362 ἀξιώματι.
740 3294 973 3348 Τοιαῦτα
1057 3290 1108 3346 ἐν
1195 3292 1550 3367 εὐαριθμτζτῳ
1636 3300 1809 3370 καιρῷ
1863 3296 2008 3371 παρᾶ

350 3384 524 3433 πᾶσαν
602 3378 858 3434 ὕπόνοιαν
908 3382 936 3436 ὁ
993 3381 1341 3457 αὐτοκράτωρ
1398 3385 1657 3453 Ἰωάννης
1715 3382 2005 3458 διαπραξά-

354 3490 514 3541 μενος
545 3469 803 3541 τρόπαια,
850 3473 949 3541 τήν
1007 3493 1066 3526 τε
1122 3473 1390 3539 Ῥωσικήν
1451 3472 1734 3528 αὐθάδειαν
1794 3473 1883 3529 xui
1940 3479 2007 3529 τά

2115 1949 2298 2004 ramis
2324 1949 2619 2020 pallisque
2641 1965 2785 2003 auro
2808 1948 2981 2003 textis
3004 1952 3357 2011 contectam,
3382 1946 3454 2001 ad
3488 1962 3765 2019 magnam

2114 2040 2430 2112 Sapientia:
2462 2040 2673 2095 divinae
2712 2040 3023 2094 ecclesiam
3054 2040 3379 2111 processit:
3414 2038 3514 2093 ubi
3541 2040 3761 2111 gratia-

2114 2149 2245 2187 rum
2267 2132 2521 2187 actionis
2551 2131 2833 2186 exsolutis
2866 2131 3161 2202 precibus,
3195 2132 3504 2186 Maasorum
3530 2132 3759 2203 magni-

2115 2223 2568 2277 ﬁcentissimam
2598 2238 2879 2277 coronam
2910 2228 2975 2275 ut
3004 2222 3423 2277 manubiarum
3462 2222 3758 2293 primitias

2116 2314 2233 2367 Deo
2265 2312 2493 2378 dicans,
2526 2310 2664 2366 inde
2696 2312 2757 2365 in
2788 2311 3074 2382 palatium
3104 2329 3166 2366 se
3197 2313 3440 2383 recepit,
3475 2318 3533 2367 et
3562 2312 3757 2367 Borim

2115 2404 2427 2457 Mmsorum
2459 2418 2656 2474 regem
2689 2401 3043 2473 productum
3076 2402 3312 2474 insigna
3352 2403 3514 2475 regia
3565 2403 3756 2475 depo-

2115 2509 2257 2548 nere
2281 2492 2483 2563 jussit.
2518 2492 2595 2547 Ea
2618 2496 2787 2546 erant
2817 2490 2967 2545 tiara
3008 2491 3158 2547 I59
3206 2508 3470 2564 purpura
3505 2494 3761 2549 circum—

2117 2582 2303 2652 clusa,
2340 2598 2603 2653 auroque
2663 2586 2720 2635 et
2776 2580 3111 2653 margaritis
3170 2581 3583 2637 interstincta:
3616 2583 3759 2637 item

2115 2672 2293 2727 vestis
2323 2671 2566 2738 blattea,
2600 2676 2658 2725 et
2686 2670 2868 2725 calcei
2892 2669 3077 2724 rubri.
3113 2675 3309 2741 Ipsum
3340 2687 3539 2743 regem
3587 2672 3762 2743 Magi-

2119 2766 2376 2816 strorum
2399 2760 2683 2831 dignitate
2712 2758 2960 2815 ornavit.
2990 2758 3568 2830 Ejusmodiloannes
3587 2760 3768 2832 impe-

2117 2856 2281 2906 rator
2333 2849 2492 2905 brevi
2551 2848 2876 2905 admodum
2931 2853 3196 2920 tempore
3253 2855 3469 2921 praeter
3527 2867 3766 2906 omnem

2120 2941 2621 3012 exspectationem
2652 2940 2837 3013 partis
2857 2939 3140 3008 victoriis,
3167 2940 3600 2996 contumaciam
3618 2944 3767 2997 Rus-

2122 3031 2304 3086 sicam
2358 3030 2665 3101 elatosque
2725 3046 2927 3085 eorum
2977 3030 3211 3085 animos
3258 3046 3373 3084 usu
3424 3029 3761 3098 bellorum,

2119 3120 2371 3188 ratione,
2403 3120 2635 3183 virtute,
2667 3118 2914 3174 audacia
2940 3117 3219 3190 frangens
3251 3124 3309 3173 et
3347 3119 3670 3176 deturbans
3702 3122 3763 3176 in

2121 3215 2340 3264 terram
2374 3208 2571 3263 Mmsia
2592 3206 2699 3261 sub
2723 3206 3040 3277 imperium
3073 3208 3404 3261 Romanum
3424 3208 3758 3279 subjuncta,

2119 3295 2697 3367 Constantinopolim
2719 3294 2905 3349 redux
2926 3294 3176 3350 hiberna
3195 3296 3332 3368 egit,
3356 3297 3761 3369 papulumque

2115 3386 2466 3443 muneribus
2498 3384 2609 3439 rite
2640 3389 2990 3455 prosecutus
3020 3389 3129 3453 est,
3150 3390 3208 3440 et
3225 3384 3391 3441 festis
3420 3386 3613 3459 epulis
3642 3387 3754 3442 sibi

2115 3475 2470 3531 conciliavit.

350 3558 637 3634 ἐπηρμένοι
668 3560 877 3616 τούτων
910 3564 1235 3639 φρονήματα
1266 3562 1523 3638 ἐμπειρίᾳ
1553 3562 1815 3635 πολέμων
1865 3563 1954 3618 xui
1998 3561 2402 3639 λελογισμένης
2449 3558 2691 3637 ἂνδρείας
2729 3558 2913 3635 τόλμῃ
2943 3555 3267 3617 καταϐαλὼν
3298 3559 3387 3616 καὶ
3418 3565 3758 3627 κατασπάσας

352 3647 430 3710 εἰς
461 3655 588 3723 γῆν,
615 3649 705 3703 xui
730 3650 829 3718 τὴν
864 3649 1075 3707 Μυσίαν
1107 3651 1408 3723 Ῥωμαίοις
1455 3652 1847 3725 καθυποτάξας,
1897 3653 2042 3727 παρᾶ
2085 3652 2149 3707 τὸ
2193 3653 2485 3722 Βυζάντιον
2537 3647 2845 3705 ἐπανελθὼν
2896 3647 3231 3724 διεχείμαζε,
3273 3651 3364 3705 καὶ
3413 3651 3477 3706 τὸ
3520 3653 3758 3724 ὑπήκοον

355 3735 579 3814 δώροις,
611 3738 686 3802 ὡς
717 3739 885 3812 εἰκὸς,
916 3737 1357 3818 ἐφιλοφρονεῖτο,
1388 3738 1477 3795 xui
1511 3740 1751 3804 θαλείαις
1781 3740 2093 3817 ἐθεράπευεν
2126 3740 2442 3798 ἐστιασεσιν.

1573 3872 1630 3926 C.
1676 3871 1735 3926 Β.
1770 3871 1957 3926 HASII
1983 3871 2550 3928 ANNOTATIONMS.

428 3967 474 4002 ²⁹
501 3968 629 4039 τῶν]
666 3968 797 4040 Leg,
828 3967 944 4036 τὸν,
976 3973 1078 4023 aut
1106 3967 1196 4020 τὸν
1228 3970 1360 4022 τῶν.

427 4058 541 4127 (3t)
573 4056 869 4112 Cedrenus
897 4057 1092 4128 ipsum
1125 4058 1408 4128 populum
1448 4063 1797 4113 coronatum
1848 4058 2187 4131 imperatori
2238 4059 2468 4115 obviam
2517 4060 2881 4133 processisse
2928 4064 3134 4114 auctor
3163 4065 3253 4115 est
3280 4061 3349 4115 Il.
3384 4063 3507 4116 582.
3540 4063 3600 4117 C.
3636 4058 3766 4116 ὑπε-

357 4140 571 4213 δέξαντο
605 4148 1156 4221 στεφανηφοροῦντες.
1192 4146 1283 4200 Sic
1342 4146 1502 4200 enim
1565 4147 1899 4219 legendum,
1951 4149 2009 4203 Ct

2119 4191 2131 4203 .
2192 4166 2428 4220 quoque
2488 4148 3021 4215 consentientibus,
3064 4164 3183 4202 non
3233 4146 3759 4225 στεφανηφοροῦντα.

429 4238 541 4309 (32)
574 4237 844 4309 Agathias
876 4240 963 4291 32.

1554 4494 1922 4586 LIBER
1986 4493 2555 4589 DECIMUS.

428 4862 826 4911 Anouuesrun.
852 4888 919 4896 —
942 4853 1249 4927 Expeditio
1272 4854 1528 4927 Syriaca.
1555 4854 1773 4909 Nisidis
1792 4872 1827 4909 a
1850 4855 2323 4927 Romaniscapta
2343 4853 2499 4927 (Cap.
2526 4854 2595 4927 t)_.
2621 4849 3412 4927 Imperatorgexpeditionem
3432 4862 3639 4915 contra
3656 4862 3762 4919 Ec-

355 4926 571 4983 batana
596 4928 937 4992 meditatur,
963 4924 1067 4983 sed
1097 4924 1404 4981 infecta're
1436 4928 1777 4998 Byzantium
1812 4928 1982 4981 redit.
2021 4926 2270 4998 Basilius
2303 4925 2639 4998 patriarcha
2667 4924 2803 4978 sede
2828 4924 3506 4998 pellitur(2)._Antonius
3530 4939 3767 4991 creatur

356 5001 691 5077 patriarcha
713 5000 1315 5077 :_Gemi_niinonstro_si
1456 4995 1586 5077 {ilia
1609 4997 2557 5077 expeditioﬁyrjacasDamascus,
2592 4997 2848 5077 Berytus:
2869 4995 3296 5077 etalizelurb'es
3325 5000 3643 5077 capiuntur
3664 5006 3763 5077 (4),

354 5066 700 5126 Miraculum
725 5072 916 5142 Beryti
945 5072 1223 5126 ell'ectum
1248 5071 1306 5124 in
1332 5066 1524 5143 efﬁgie
1549 5066 1873 5143 Servatoris
1896 5066 1995 5138 (ὃ).
2014 5072 2253 5143 Cometa
2276 5068 2432 5143 visus
2463 5083 2567 5143 per
2598 5068 2893 5138 octoginta
2923 5066 3059 5143 dies
3083 5066 3178 5136 (6).
3211 5066 3418 5143 Bardzé
3450 5072 3631 5129 Scleri
3657 5066 3763 5132 sub

354 5143 569 5220 Basilio
593 5137 1395 5220 defectio'ﬁ).Infelix‘Basilii
1416 5137 1622 5196 contra
1646 5137 1925 5220 Bulgaros
1949 5138 2481 5220 expeditip.Clades
2506 5137 3370 5220 Romanorum.stella_cade_nte
3390 5150 3763 5220 por_t_enta(8).

355 5215 566 5269 Bardas
591 5216 814 5269 Phocas
838 5209 1045 5268 novam
1073 5214 1426 5267 seditionem
1451 5209 1785 5284 parat.Ejus
1811 5209 2084 5265 interitus
2100 5212 2396 5284 (9).'l‘erra3
2418 5217 2615 5284 motus
2632 5209 3147 5284 Constantinopoli
3163 5210 3353 5284 factus
3375 5209 3433 5267 et
3452 5216 3584 5272 alia)
3607 5209 3761 5275 cala-

354 5287 591 5340 mitates
614 5289 943 5341 Romanum
966 5285 1284 5356 imperium
1309 5280 1729 5355 preniunt(lO).
1747 5285 2003 5338 Joannes
2025 5282 2336 5337 Tzimisces
2355 5299 2425 5337 ex
2448 5282 2615 5354 Syria
2636 5298 2927 5348 reversus,
2954 5280 3151 5336 Basilii
3170 5281 3377 5338 fraude
3399 5303 3625 5345 veneno
3654 5292 3761 5346 ab-

356 5364 649 5429 sumptus,
684 5358 937 5413 moritur
959 5358 1095 5430 (11).

429 5592 511 5656 ΙΡ.
570 5589 658 5656 99]
715 5588 777 5641 u'.
838 5586 1056 5656 Θερείας
1118 5582 1176 5640 δὲ
1232 5584 1376 5655 ὥρας
1451 5584 1805 5659 ἐνισταμένης
1864 5588 1997 5657 (33),

429 5664 536 5690 μνη
566 5660 994 5690 [ηιςητηιηηιζιηῄ
1024 5662 1069 5690 ξι,
1105 5660 1254 5690 Ιζιιηη
1286 5665 1439 5690 ..τιμία
1489 5677 1776 5690 ηηιιηκιιηιὶ
1813 5662 1915 5690 (ντί)
1948 5666 1997 5690 ηε

2124 5660 2146 5690 Δ
2190 5588 2334 5690 1ρο
2366 5589 2416 5643 1.
2443 5587 2725 5690 ﬁstivu'rln
2756 5591 3027 5690 tempus“
3230 5586 3500 5690 instAaret,
3527 5592 3755 5674 sereni-

427 5664 536 5740 (_33)
566 5660 994 5740 Complectitur
1022 5662 1072 5740 is
1105 5657 1781 5740 liberdgestanannorum
1813 5662 1916 5715 973
1947 5666 2005 5714 et
2034 5657 2079 5690 υ
2112 5660 2339 5740 ᾼωίάω
2368 5676 2418 5713 a.
2443 5662 2567 5740 972Γ
2601 5677 2634 5713 a
2665 5658 2957 5740 Tenielico
2982 5657 3313 5740 Male-hihut
3334 5662 3576 5740 firmeni
3610 5665 3755 5740 scri-

357 5728 494 5789 975:
521 5728 662 5789 nam
696 5728 831 5788 silet
864 5733 974 5786 Leo
1034 5732 1104 5786 de
1159 5728 1346 5785 initiis
1376 5731 1538 5797 belli,
1572 5732 2002 5802 obsidioneque
2112 5730 2281 5794 bunt,
2336 5737 2628 5800 suscepta,
2691 5729 2761 5783 de
2811 5745 2928 5798 qua
2958 5745 3010 5781 v.
3069 5728 3267 5783 Détails
3304 5732 3376 5784 de
3407 5733 3461 5785 la
3484 5736 3756 5802 premie‘re
