4108 6198
363 372 477 462 887
543 461 546 464 .

1768 367 2045 429 LEONIS
2092 367 2413 431 DIAGONI

3659 374 3778 436 888

365 489 581 576 itasque
605 503 733 576 jam
760 503 1040 558 continua
1071 516 1176 570 per
1204 504 1424 554 terram
1451 515 1580 553 sese
1611 498 2012 570 expandisset,

2127 498 2214 553 καὶ
2246 505 2515 575 σταθηρᾶς
2571 498 2782 576 αἰθρίας
2838 499 2974 556 κατᾶ
3017 501 3118 571 τὴν
3173 484 3445 577 περίγειον
3514 501 3786 577 ἠπλωμὲ-

373 592 883 662 ConstantinOpoli
912 588 1210 660 profectus
1255 589 1579 659 imperator
1608 593 1816 642 contra
1846 589 2016 643 Sara-

359 679 570 750 “cenos,
603 682 702 752 qui
737 681 797 734 in
831 679 997 749 Syria
1028 678 1332 749 superiore
1365 677 1657 747 habitant,
1688 677 2020 748 expeditio-

370 791 506 827 nem
523 769 800 840 suscepit.
821 771 906 823 Ita
923 767 1380 823 mediterraneis
1393 767 1740 839 peragratis,
1755 767 2019 838 Euphra-

366 868 486 916 tem
515 858 770 914 transiit.
801 860 853 913 Is
885 864 976 912 est
995 858 1262 913 amnium
1303 858 1500 912 Asiam
1528 849 2019 912 interSecantium

366 952 510 1005 161
550 949 867 1015 maximus,
902 965 1175 1018 unusque
1210 947 1282 1002 de
1313 948 1432 1002 illis
1464 948 1565 1018 qui
1600 964 1668 1002 ex
1698 946 1860 1002 Eden
1889 964 2018 1002 ma-

366 1047 532 1108 nant,
556 1037 1057 1110 quemadmodum
1080 1055 1149 1092 ex
1167 1054 1335 1093 sacra
1359 1037 1655 1107 Scriptura
1679 1036 2016 1091 didicimus.

365 1129 450 1183 Ibi
486 1128 701 1199 aliquis
735 1128 795 1182 in
835 1127 1083 1182 notariis
1144 1126 1429 1191 militans,
1480 1126 1710 1181 Nicetas
1754 1124 2019 1190 nomine,

367 1234 660 1273 summam
680 1233 812 1271 cum
831 1215 1162 1270 doctrinam
1181 1221 1303 1270 tum
1323 1213 1700 1286 prudentiam
1714 1219 2019 1270 assecutus

365 1305 429 1360 in
462 1307 591 1378 ipsa
622 1305 815 1360 aetatis
847 1305 1139 1359 vitalitate
1173 1304 1594 1376 imperatorem
1633 1303 1789 1358 malo
1821 1303 2018 1358 omine

357 1396 474 1450 hac
491 1395 862 1467 expeditione
878 1395 1256 1449 comitabatur
1269 1410 1630 1465 :quanquam
1652 1399 1818 1464 patre
1832 1393 2018 1464 ipsius

362 1485 620 1539 multum
651 1484 1029 1556 deprecante,
1063 1482 1124 1536 id
1155 1499 1230 1538 ne
1259 1483 1500 1550 faceret,
1534 1489 1711 1552 atque
1742 1482 2018 1536 hortante

363 1579 429 1628 ut
458 1573 614 1645 apud
635 1573 822 1628 larem
851 1573 1209 1628 familiarem
1232 1572 1466 1627 senium
1490 1572 1678 1627 aleret
1709 1588 1902 1636 suum,
1929 1571 2019 1642 ip-

266 1711 268 1714 ,
363 1664 532 1733 sique
564 1663 626 1716 in
660 1663 848 1717 aetatis
880 1662 1088 1716 limine
1121 1662 1467 1724 constituto,
1490 1661 1639 1716 etad
1670 1661 1798 1714 vita:
1822 1660 2020 1715 termi-

360 1771 471 1807 nos
495 1753 622 1824 jam
653 1752 1016 1824 properanti,
1043 1751 1306 1806 ofﬁcium
1341 1767 1446 1822 pro
1469 1750 1749 1806 facultate
1772 1755 2019 1821 praesta-

363 1847 475 1896 ret.
513 1841 638 1905 Ille,
665 1841 930 1912 paternis
955 1841 1221 1908 monitis,
1254 1846 1464 1894 contra
1485 1845 1661 1910 atque
1680 1838 2012 1910 oportebat,
2046 1873 2092 1937 Β

365 1932 671 2002 neglectis,
700 1931 986 2001 nullaque
1019 1931 1326 2001 jussorum
1361 1930 1488 2001 ejus
1529 1929 1760 1984 ratione
1790 1927 2011 1997 habita,

367 2027 434 2076 ut
463 2027 590 2076 erat
618 2021 919 2076 accinctus
951 2020 1012 2074 in
1040 2025 1233 2075 castra
1262 2019 1559 2090 profectus
1586 2024 1692 2073 est.
1724 2019 1850 2073 Jam
1881 2033 2016 2072 vero

367 2109 726 2180 Euphratem
759 2109 1171 2164 transmittens
1203 2108 1277 2164 ad
1309 2113 1603 2162 tumorem
1635 2107 1811 2161 undae
1842 2106 2016 2162 verti-

363 2200 500 2271 gine
533 2205 621 2254 est
651 2204 981 2270 correptus,
1025 2197 1304 2270 delapsus
1335 2197 1408 2253 de
1460 2213 1611 2268 equo
1664 2197 1725 2251 in
1778 2212 2015 2252 amnem

363 2289 772 2360 prmcipitavit,
807 2291 979 2360 vique
1003 2289 1271 2344 fluminis
1303 2289 1568 2360 rapiente
1595 2287 2018 2343 miserabiliter

361 2380 678 2450 depressus
707 2380 1022 2452 praemium
1054 2379 1442 2434 contumacia
1465 2378 1918 2433 suifocationem
1945 2379 2004 2431 in

362 2470 658 2540 Euphrate
689 2473 1042 2524 consscutus
1074 2474 1184 2523 est.
1219 2472 1291 2523 At
1319 2468 1648 2538 imperator
1677 2467 1840 2522 omni
1873 2484 2009 2522 cum

365 2559 626 2614 exercitu
650 2557 1032 2629 percurrebat
1059 2558 1309 2629 Syriam,
1334 2558 1716 2629 neminejam
1741 2573 1808 2611 ex
1830 2557 2017 2612 hosti-

364 2647 476 2701 bus
505 2653 710 2702 contra
742 2647 1224 2718 veniente,quod,
1257 2647 1418 2701 fama
1436 2645 1722 2701 adventus
1753 2645 1884 2716 ejus
1917 2661 2014 2699 ex-

365 2736 580 2802 territi,
603 2736 665 2790 in
697 2735 942 2790 castella
967 2739 1141 2804 atque
1176 2735 1394 2808 oppida
1425 2752 1552 2790 sese
1580 2752 1686 2789 sua
1705 2736 2017 2789 concluse-

368 2831 523 2880 rant.
560 2824 645 2880 Ita
669 2824 768 2879 ubi
790 2825 958 2879 Emet
975 2825 1166 2878 tenuit
1193 2825 1515 2895 (munitum
1540 2825 1598 2878 id
1621 2830 1710 2878 est
1741 2829 1798 2878 et
1815 2822 2016 2878 nobile

344 2911 678 2986 'oppidum)
710 2914 772 2968 in
832 2913 1195 2968 deditionem
1253 2913 1580 2977 redactum,
1613 2912 2014 2984 pecuniasque

348 3003 842 3060 'innumerabiles
883 3002 954 3058 ab
987 3002 1302 3074 oppidanis
1352 3001 1739 3058 redemtionis
1770 3001 2013 3058 nomine

367 3095 617 3166 accepit,
650 3093 859 3149 castris
893 3092 1032 3147 inde
1063 3093 1240 3146 motis
1266 3109 1280 3159 ;
1316 3091 1697 3165 Miepharcim
1718 3091 2013 3164 proficisci

345 3183 694 3240 “contendit.
727 3184 806 3238 Ea
839 3187 928 3238 est
959 3183 1100 3237 urbs
1117 3181 1336 3236 nobilis
1367 3187 1426 3236 et
1455 3182 1796 3253 conspicua,
1822 3187 1877 3236 et
1901 3197 2015 3236 cae-

364 3275 529 3338 teris,
563 3277 856 3344 quotquot
886 3287 989 3344 per
1040 3271 1165 3326 hrec
1217 3271 1349 3327 loca
1405 3271 1769 3338 habitantur,
1798 3271 2010 3342 opibus

362 3363 754 3438 gregibusque
769 3361 1350 3426 antecellens.Quam
1369 3377 1501 3416 cum
1521 3361 1662 3416 item
1681 3363 1718 3415 1
1734 3361 1834 3416 82
1853 3377 2010 3414 com-

361 3453 656 3526 positione
696 3451 807 3514 sjbi
861 3450 1286 3522 subjunxisset,
1348 3450 1620 3522 donaque
1677 3450 2014 3522 conquisita

340 3531 624 3614 'plurima
653 3545 710 3594 et
735 3539 1138 3612 pulcherrima
1169 3556 1236 3594 ex
1259 3556 1424 3608 auro,
1457 3544 1721 3612 argento,
1753 3539 2014 3594 vestibus

342 3627 350 3646 "
366 3648 510 3687 auro
541 3631 736 3702 pictis,
771 3629 1098 3700 accepisset
1129 3629 1201 3684 ab
1231 3629 1563 3700 oppidanis,
1608 3628 1854 3684 Nisibim
1883 3644 2016 3682 ver-

368 3737 466 3776 sus
492 3720 704 3776 movit:
738 3719 893 3774 unde
922 3735 1169 3790 magnus
1197 3719 1468 3786 Jacobus,
1487 3718 1758 3773 antistitii
1787 3718 2016 3772 clavum

369 3817 602 3878 tenens,
628 3808 1186 3880 Persasingentibus
1205 3807 1392 3878 copiis
1414 3807 1661 3861 Nisibim
1679 3807 2017 3862 adorientes

369 3902 581 3970 arcuit,
605 3900 764 3972 quod
797 3915 1133 3954 muscarum
1168 3897 1288 3951 illis
1318 3895 1696 3967 culicumque
1743 3896 2018 3951 examina

333 4039 344 4046 .
368 4009 474 4064 pro
497 3991 760 4046 exercitu
785 3987 1172 4050 immitteret,
1193 3986 1253 4038 in
1275 3985 1594 4058 fugamque
1638 3985 1715 4040 iis
1735 3985 2016 4057 evestigio

364 4081 572 4146 versis,
603 4079 803 4134 hostes
835 4078 944 4130 hoc
977 4081 1146 4146 pacto
1178 4074 1482 4130 refutaret.
1509 4073 1574 4129 Id
1605 4073 1889 4146 oppidum
1915 4073 2016 4128 de-

367 4177 592 4228 sertum
611 4167 834 4238 reperit
853 4167 1196 4236 imperator,
1225 4165 1365 4234 quia
1385 4168 1763 4220 excesserant
1782 4163 2014 4219 habita-

365 4268 526 4316 tores
556 4255 908 4327 irruptionis
941 4255 1340 4310 Romanorum
1371 4259 1555 4319 metu,
1601 4253 1854 4326 fugaque
1887 4269 2016 4309 sese

338 4341 438 4405 'ad
469 4345 756 4401 interiora
785 4349 1158 4416 receperant.

2122 611 2245 658 νης,
2301 593 2400 643 τοῦ
2456 589 2754 659 Βυζαντίου
2811 590 3020 667 ἀπάρας
3053 591 3081 646 ὁ
3111 589 3466 667 αὐτοκράτωρ
3496 594 3635 647 κατά
3667 598 3780 648 τῶν

2121 679 2464 751 Ἀγαρηνῶν,
2505 682 2612 733 τῶν
2669 679 2770 748 τήν
2823 677 2935 734 ἄνω
2994 678 3192 756 Συρίαν
3225 678 3545 749 οἶκούντων,
3580 679 3784 755 ἐστρᾶ-

2121 787 2293 824 τευσε.
2349 768 2451 824 Καὶ
2509 765 2647 839 δῆτα
2721 771 2821 840 τήν
2907 769 3194 846 μεσογαίαν
3253 767 3627 844 περιοδεύσας,
3688 774 3784 826 τὸν

2125 855 2407 932 Εὐφράτην
2473 856 2796 934 ἐπεραιώθη.
2862 860 3136 935 Μέγιστος
3195 857 3252 915 δὲ
3309 861 3466 922 οὗτος
3521 865 3629 916 τῶν
3676 863 3781 930 τὴν

2113 945 2306 1000 Ἀσίαν
2363 943 2762 1020 ὃιατεμνόντων
2822 953 3104 1022 ποταμῶν,
3161 949 3250 1003 καὶ
3311 951 3385 1013 εἷς
3438 953 3546 1004 τῶν
3591 949 3652 1004 ἐκ
3675 956 3781 1020 τῆς

2124 1031 2288 1107 Ἐδέμ
2338 1035 2677 1110 ὁρμωμένων
2731 1039 2799 1107 ³ο,
2858 1039 2931 1099 ὼς
2985 1038 3046 1093 ἐκ
3098 1045 3198 1108 τῆς
3243 1039 3385 1103 θείας
3426 1045 3646 1117 Γραφῆς
3680 1060 3781 1112 με-

2126 1125 2467 1198 μαθήκαμεν.
2550 1126 2810 1182 Ἐνταῦοά
2864 1148 2949 1191 τις
3031 1126 3082 1182 ἐν
3151 1127 3518 1206 ὑπογραφεῦσι
3574 1129 3780 1199 τελῶν,

2123 1214 2370 1284 Νικήτας
2427 1213 2860 1289 ὀνομαζόμενος,
2919 1215 2998 1278 εἰς
3050 1214 3211 1292 ἄκρον
3267 1215 3521 1291 γνώσεως
3564 1217 3782 1288 ἐληλα-

2121 1301 2232 1364 κὼς
2285 1301 2371 1356 καὶ
2431 1301 2714 1373 συνέσεως,
2772 1301 2918 1380 ἄγων
3002 1305 3134 1360 αὐτὸ
3188 1307 3288 1375 τῆς
3354 1305 3576 1376 ἡλικίας
3637 1307 3782 1382 βιώο

2123 1411 2305 1462 σιμον,
2367 1395 2444 1464 τῷ
2531 1392 2748 1468 βασιλεῖ
2836 1395 2975 1449 κατᾶ
3051 1394 3255 1466 ταύτην
3336 1392 3619 1471 δυστυχῶς
3676 1397 3784 1464 τὴν

2123 1479 2464 1552 ἐκστρατείαν
2505 1481 2804 1554 συνείπετο,
2860 1481 3048 1539 πολλὰ
3100 1488 3197 1539 τοῦ
3245 1484 3442 1563 φύντος
3503 1486 3580 1558 μή
3609 1485 3780 1540 τοῦτο

2121 1568 2378 1641 πράττειν
2454 1569 2988 1648 προσλιπαροῦντος,
3075 1572 3346 1650 οἰκουρεῖν
3433 1571 3492 1629 δὲ
3551 1573 3778 1648 μᾶλλον

2122 1657 2211 1712 καὶ
2264 1665 2628 1737 γηροτροφεῖν
2686 1663 2779 1717 τὸν
2836 1663 3061 1718 τεκόντα
3134 1664 3505 1740 προσὲποντος
3554 1665 3626 1737 ³¹,
3683 1665 3784 1720 καὶ

2122 1746 2286 1802 αὐτὸν
2338 1749 2649 1824 θεραπεύειν
2719 1749 2797 1812 εἰς
2874 1748 3126 1826 δύναμιν,
3186 1753 3312 1827 περὶ
3373 1755 3584 1829 γήραος
3638 1752 3788 1825 ἐλη-

2124 1835 2329 1892 λακότα
2381 1835 2548 1911 οὐδῷ,
2605 1841 2695 1894 καὶ
2747 1840 2884 1915 πρὸς
2927 1841 3024 1904 τὰς
3050 1846 3152 1896 τοῦ
3187 1841 3306 1917 βίου
3336 1842 3462 1898 ὅσον
3495 1843 3648 1898 οὔπω
3681 1843 3786 1900 δυ-

2119 1925 2260 1998 σμὰς
2317 1925 2690 2002 ἐπειγόμενον.
2743 1929 2801 1981 Ὀ
2859 1927 2937 1997 δὲ,
2991 1935 3100 1985 τῶν
3153 1934 3255 1986 τοῦ
3302 1932 3508 2005 πατρὸς
3535 1932 3780 1987 ἐντολῶν

2120 2013 2194 2075 ὡς
2225 2015 2326 2069 ούκ
2357 2013 2564 2092 ὤφελεν
2625 2016 2927 2092 ἀλογήσας,
2981 2018 3069 2074 καὶ
3125 2021 3272 2096 παρὰ
3306 2019 3512 2098 φαῦλον
3545 2022 3780 2092 ἱπισκή-

2119 2105 2236 2176 ψεις
2294 2105 2390 2166 τὰς
2448 2103 2655 2160 ἐκείνου
2710 2105 2959 2179 θέμενος,
3009 2109 3083 2172 ὡς
3133 2109 3276 2184 εἶχεν
3319 2109 3785 2184 ἐνσκευασαμενος

2118 2190 2207 2267 ᾔει
2238 2193 2376 2266 πρὸς
2423 2193 2488 2248 τὸ
2535 2193 2922 2267 στρατόπεδον.
2982 2203 3142 2270 ’Ἄρτι
3191 2196 3250 2253 δὲ
3275 2197 3368 2254 τὸν
3400 2200 3647 2274 ποταμὸν
3674 2222 3781 2256 πε·-

2121 2280 2440 2355 ραιούμενος
2494 2283 2632 2358 πρὸς
2680 2293 2781 2352 τήν
2858 2281 3160 2362 πληθώραν
3209 2287 3258 2323 ³³
3315 2287 3624 2364 ίλιγγίάσας
3675 2291 3780 2344 τοῦ

2118 2369 2334 2441 ὕδατος,
2365 2375 2463 2427 τοῦ
2487 2372 2664 2427 ’ἱππου
2695 2372 3045 2446 ἐξολισθήσας
3101 2375 3190 2432 ἐπὶ
3241 2377 3334 2432 τὸν
3393 2379 3642 2452 ποταμὸν
3675 2401 3778 2434 κα-

2116 2459 2423 2535 ταφέρεται,
2481 2464 2560 2533 τῷ
2608 2482 2668 2516 τε
2727 2461 2898 2538 ῥοθίῳ
2943 2466 3296 2541 παρασυρεὶς,
3353 2464 3606 2529 ἐλεεινῶς
3634 2468 3778 2522 ἀποο

2119 2548 2384 2623 πνίγεται,
2415 2547 2669 2624 ἐπίχειρα
2719 2552 2818 2620 τῆς
2866 2559 3148 2628 παρακοῆς
3179 2555 3278 2624 τὴν
3312 2553 3365 2609 ἐν
3394 2559 3476 2627 τῷ
3506 2556 3774 2633 Εὐφράτῃ

2120 2638 2554 2712 ἀπενεγκάμενος
2611 2642 2940 2714 πνιγμονήν.
2982 2641 3046 2698 Ὀ
3089 2639 3149 2697 δὲ
3201 2642 3456 2718 βασιλεὺς
3483 2644 3578 2699 σὺν
3609 2647 3777 2700 παντὶ

2117 2730 2197 2798 τῷ
2251 2727 2610 2801 στρατεύματι
2667 2731 2862 2806 Συρίαν
2940 2731 3284 2806 κατέτρεχεν,
3344 2729 3565 2797 οὐδενὸς
3620 2735 3782 2806 αὐτῷ

2118 2815 2421 2872 ἀντιπάλου
2452 2817 2968 2894 ἀντικαθιπαμένου
3012 2827 3120 2878 τῶν
3171 2821 3475 2896 δυσμενῶν,
3508 2829 3576 2900 τῇ
3609 2827 3776 2904 φήμῃ

2103 2913 2218 2975 -τῆς
2267 2905 2465 2985 ἐφόδου
2552 2910 2767 2964 πάντων
2847 2911 3300 2988 κατάπλαγὲντων
3366 2915 3456 2969 καὶ
3519 2925 3778 2991 συγκλει-

2120 2997 2352 3059 σθέντων
2406 2995 2494 3051 ἐπὶ
2551 2997 2617 3052 τὰ
2672 3003 2819 3076 σφῶν
2879 3001 3112 3078 φρούριά
3167 3023 3224 3057 τε
3270 3003 3360 3058 καὶ
3400 3003 3772 3078 πτολίσματα.

2119 3086 2221 3142 Καὶ
2279 3082 2414 3154 δῆτα
2468 3087 2532 3141 τὸ
2586 3088 2758 3160 Ἕμετ
2811 3087 2997 3159 (πόλις
3051 3088 3108 3146 δὲ
3163 3091 3298 3163 αὕτη
3349 3093 3528 3169 ὀχυρὰ
3553 3093 3643 3148 καὶ
3672 3115 3778 3150 πε·-

2119 3177 2372 3253 ριφᾶνὴς)
2452 3172 2776 3233 καταλαϐὼν
2856 3180 2946 3234 καὶ
3027 3179 3175 3256 λόγῳ
3263 3183 3770 3257 ὑποποιησάμενος,

2116 3264 2196 3336 [Γ.
2257 3265 2378 3337 100]
2433 3263 2524 3318 καὶ
2583 3263 2756 3339 λύτρα
2815 3261 3000 3322 λαϐὼν
3059 3267 3287 3342 ἀριθμὸν
3350 3265 3770 3347 ὑπερϐαίνοντα,

2118 3350 2318 3416 ἐκεῖθεν
2394 3353 2655 3426 ὁρμηθεὶς
2729 3356 2867 3428 πρὸς
2937 3357 2999 3411 τὸ
3072 3361 3390 3437 Μιεφαρκὶμ
3488 3361 3771 3438 ἠπείγετο.

2121 3442 2285 3497 Ἀστυ
2317 3438 2374 3496 δὶ
2401 3446 2562 3498 τοῦτο
2613 3445 2900 3522 περιφανὲς
2954 3447 3043 3501 καὶ
3102 3443 3492 3524 περίϐλεπτον,
3541 3448 3772 3523 πλούτῳ

2123 3551 2180 3585 τε
2217 3530 2306 3584 καὶ
2367 3531 2680 3607 βοσκήμασι
2728 3537 2837 3588 τῶν
2896 3532 3083 3590 ἄλλων
3143 3537 3466 3613 ὑπερτεροῦν
3495 3542 3606 3593 τῶν
3633 3540 3772 3595 κατᾶ

2123 3620 2214 3675 τὸν
2246 3620 2404 3676 αὐτὸν
2464 3625 2649 3698 χῶρον
2711 3621 3148 3698 πεπολισμένων.
3207 3626 3314 3682 Καὶ
3373 3627 3503 3683 αύτό
3535 3625 3591 3683 δὲ
3619 3627 3775 3704 λόγῳ

2125 3709 2634 3785 παραστησάμενος,
2689 3713 2780 3766 καὶ
2836 3712 3066 3769 πλεῖστα
3134 3713 3224 3770 καὶ
3297 3715 3565 3774 κάλλιστα
3621 3715 3776 3792 δῶρα

2127 3799 2180 3855 ἐν
2238 3804 2428 3876 χρυσῷ
2482 3800 2572 3856 καὶ
2627 3800 2852 3878 ἀργύρῳ
2905 3803 2994 3858 καὶ
3054 3805 3470 3880 χρυσοστίκτοις
3525 3808 3776 3886 ὑφάσμα-

2127 3911 2207 3944 σιν
2242 3893 2356 3964 (34)
2386 3889 2684 3964 ἐταζόμενα
2739 3892 2874 3967 πρὸς
2927 3897 3034 3948 τῶν
3095 3893 3148 3950 ἐν
3207 3894 3356 3970 αύτῷ
3382 3896 3652 3952 κατοίκων
3683 3897 3777 3952 ἆν-

2127 3979 2396 4052 ειληφὼς,
2450 3979 2537 4035 ἐπὶ
2589 3981 2688 4050 τήν
2747 3977 2960 4039 Νίσιϐιν
3007 3983 3055 4020 ³³
3105 3983 3260 4041 ἵεται*
3309 3987 3424 4050 καθ’
3453 3987 3520 4057 ἢν
3553 3988 3580 4041 ὁ
3616 3988 3782 4061 μέγας

2127 4064 2404 4140 Ἰάκωϐος,
2482 4073 2588 4125 τῶν
2690 4069 2994 4144 ἐπισκοπῆς
3068 4075 3271 4131 οἱάκων
3348 4073 3780 4150 ἐπειλημμένος,

2126 4157 2356 4235 Ηέρσαις
2411 4161 2459 4198 ³⁴
2515 4161 2742 4237 μεγάλῳ
2797 4169 3010 4240 στρατῷ
3066 4163 3354 4221 ἐπελθοῦσι
3389 4169 3524 4222 κατά
3549 4174 3650 4237 τῆς
3677 4171 3782 4224 Np-

2127 4246 2322 4314 σίϐεως
2349 4251 2621 4324 ἠμύνατο,
2651 4258 2889 4308 σκνιπῶν
2920 4254 3105 4319 αὐτοῖς
3149 4256 3241 4311 καὶ
3271 4257 3554 4312 κωνώπων
3587 4259 3777 4331 σμήνη

2125 4339 2588 4414 ἀντιστρατεύσας,
2673 4341 2764 4396 καὶ
2838 4340 3076 4421 φυγάδας
3153 4345 3563 4419 παρασκευάσας
3620 4345 3779 4418 ἐξαυ-

361 4443 482 4506 τῆς,
539 4433 630 4488 καὶ
687 4432 865 4506 τούτῳ
920 4437 1000 4506 τῷ
1052 4433 1242 4506 τρόπῳ
1298 4431 1427 4496 τοὺς
1481 4429 1761 4506 δυσμενεῖν
1814 4429 2342 4508 καταγωνισάμενος.
2402 4431 2507 4486 "HV
2571 4431 2661 4486 καὶ
2718 4430 2972 4505 ἀοίκητον
3033 4433 3181 4510 εὗρεν
3233 4436 3261 4490 ὁ
3323 4434 3602 4511 βασιλεὺς,
3659 4441 3775 4491 τῶν

1561 4616 1623 4670 C.
1663 4616 1726 4670 B.
1767 4612 1959 4670 HASII
2004 4611 2572 4703 ANNOTATIONES.

431 4798 477 4833 ³ο
506 4795 870 4871 ὁρμωμένων.
902 4795 1036 4851 Vid.
1069 4809 1251 4867 supra
1286 4795 1374 4848 88.
1409 4797 1476 4850 Δ.
1551 4791 1597 4828 ³¹
1629 4788 2013 4866 προσέποντος.

2121 4809 2147 4848 c
2182 4793 2311 4849 cod.
2390 4794 2437 4829 "
2466 4791 2768 4870 πληρώραν
2810 4796 2941 4854 cod.
3017 4795 3065 4832 ³³
3115 4791 3345 4855 Νίσιϐον
3378 4799 3508 4856 cod.
3586 4799 3636 4835 ³⁴
3662 4801 3772 4856 Ηέ-

325 4903 334 4916 ’
361 4907 539 4962 ρσαις.
571 4886 664 4943 Sic
689 4885 820 4943 cod.

357 5061 676 5134 expedition
705 5059 797 5134 des
837 5058 1116 5134 Chijtiens
1142 5059 1279 5134 dans
1313 5058 1391 5134 la_
1425 5056 1717 5134 questine,
1771 5058 2012 5134 traduits
2040 5059 2086 5124 D
2121 5057 2901 5134 miscem_Censtantinopoli
2933 5061 3152 5118 obiisse
3202 5063 3296 5120 die
3331 5081 3388 5121 ι.
3419 5066 3682 5122 Januarii
3713 5085 3772 5124 a.

328 5130 793 5190 'de—l’Arménien
825 5147 890 5184 en
919 5131 1183 5197 Frangais
1207 5146 1318 5200 par
1347 5131 1409 5183 F.
1439 5131 1647 5184 Martin
1666 5130 1728 5184 in
1757 5132 2010 5200 magasin

355 5204 851 5275 Encyclopédique,
884 5203 1200 5275 Septembr-c2
1235 5201 1866 5275 I_81_l._Cum_anna_lib.
1893 5204 2008 5275 Ar-

357 5271 571 5334 meniis
592 5271 832 5346 egregie
864 5271 1163 5346 consentit
1207 5271 1668 5346 Abulpharajius
1710 5271 1853 5346 Hist.
1891 5273 2003 5346 Dy-

355 5355 510 5406 nast.
545 5343 667 5402 315'.
703 5343 762 5398 B.
789 5343 888 5414 qui
932 5345 1228 5398 Romanos
1277 5343 1348 5397 ab
1382 5343 1506 5412 ipso
1540 5344 1872 5398 Domestico
1895 5343 2002 5398 du-

2121 5131 2428 5212 sequentis
2460 5133 2585 5212 975.
2614 5149 2706 5212 ei
2723 5131 2912 5212 Leone
2961 5134 3222 5190 dilucide
3261 5135 3633 5194 demonstrat
3661 5141 3774 5195 Pa.

2117 5202 2249 5274 gius
2280 5202 2478 5274 Critic.
2502 5203 2602 5274 ιν.
2639 5207 2727 5260 37.
2762 5209 2822 5260 Α.

2187 5274 2300 5345 (34)
2331 5273 2732 5345 Χρυσόστικτος
2767 5293 2884 5331 non
2937 5282 3025 5332 est
3081 5278 3142 5333 in
3202 5279 3467 5335 Lexicis:
3501 5281 3613 5336 Leo
3644 5282 3770 5337 for-

2112 5348 2266 5427 tasse
2297 5346 2477 5427 habet
2507 5349 2661 5427 ρπβ.
2697 5346 3000 5427 Clemente
3029 5350 3346 5427 alexandr.
3380 5351 3766 5427 Radag._160.

358 5429 504 5485 ctos,
541 5416 1058 5498 Domesticumque
1090 5421 1328 5495 captum
1361 5430 1489 5468 esse
1524 5414 1866 5498 scribitLAd
1897 5431 2000 5468 and

2121 5416 2172 5470 Β.
2207 5415 2612 5498 χρυσόστικτοί.
2641 5437 2700 5472 τε
2755 5419 2844 5498 καὶ
2904 5417 3161 5498 χελώνης
3219 5423 3282 5494 [f.
3336 5414 3636 5498 χελώναῖς]
3667 5445 3768 5480 πε-

359 5511 505 5555 num
536 5493 881 5560 sequentem
913 5487 1036 5560 973.
1073 5487 1374 5560 pertinent
1413 5486 1707 5560 expeditio
1735 5488 1999 5560 Μοεορο.

358 5565 574 5622 tamica
601 5557 895 5616 Tzimiscw
915 5558 1048 5625 (Leo
1069 5561 1155 5612 99.
1189 5559 1274 5626 C.)
1308 5557 1625 5628 Basiliique
1653 5558 2001 5628 patriarchas

365 5634 676 5708 depositio,
712 5632 782 5686 de
811 5647 927 5701 qua
955 5632 1070 5683 100.
1107 5632 1168 5685 D.
1201 5630 1273 5684 ad
1302 5644 1527 5708 annum
1549 5631 1674 5708 974ἶ
1707 5629 2000 5708 enpeditio

363 5701 705 5785 in'Syriam,
763 5709 824 5760 et
887 5708 1130 5758 cometae
1181 5707 1344 5758 ortus
1375 5701 1528 5775 (vide
1578 5704 1703 5758 104.
1741 5701 1998 5776 A.)Tzi-

2107 5486 2464 5571 ποικιλμέναι
2505 5487 2716 5571 Δκοίτης
2769 5486 3070 5571 κλισὶῖέδες,
3107 5486 3532 5571 ἑΧῲσοσςξιγής,
3557 5569 3569 5571 _
3593 5486 3763 5570 reque

2111 5558 2336 5641 L'exicis
2357 5562 2886 5641 ignotum,_legitur
2915 5565 3071 5636 apud
3103 5565 3162 5622 S.
3184 5558 3402 5638 'Epiph.
3420 5558 3766 5626 'D'e'duode-

2109 5637 2226 5686 cim
2256 5649 2471 5704 gemm.
2501 5637 2586 5690 Η.
2615 5637 2740 5690 227.
2773 5637 2832 5692 C.
