  <div class='ocr_page' id='page_1' title='image "/cluster/home/n/w/nwhite01/storage/ocr_20150623/117/hvd.32044073502239/450.png"; bbox 0 0 4060 6198; ppageno 0'>
   <div class='ocr_carea' id='block_1_1' title="bbox 348 372 476 433">
    <p class='ocr_par' dir='ltr' id='par_1_1' title="bbox 348 372 476 433">
     <span class='ocr_line' id='line_1_1' title="bbox 348 372 476 433; baseline -0.008 0"><span class='ocrx_word' id='word_1_1' title='bbox 348 372 476 433; x_wconf 78' lang='grc'>’889</span> 
     </span>
    </p>
   </div>
   <div class='ocr_carea' id='block_1_2' title="bbox 1720 376 2429 439">
    <p class='ocr_par' dir='ltr' id='par_1_2' title="bbox 1720 376 2429 439">
     <span class='ocr_line' id='line_1_2' title="bbox 1720 376 2429 439; baseline 0.003 -2"><span class='ocrx_word' id='word_1_2' title='bbox 1720 378 2119 439; x_wconf 73' lang='lat' dir='ltr'>HISTORle</span> <span class='ocrx_word' id='word_1_3' title='bbox 2160 376 2307 438; x_wconf 89' lang='lat' dir='ltr'>LIB.</span> <span class='ocrx_word' id='word_1_4' title='bbox 2357 380 2429 439; x_wconf 83' lang='lat' dir='ltr'>X.</span> 
     </span>
    </p>
   </div>
   <div class='ocr_carea' id='block_1_3' title="bbox 3577 386 3771 449">
    <p class='ocr_par' dir='ltr' id='par_1_3' title="bbox 3577 386 3771 449">
     <span class='ocr_line' id='line_1_3' title="bbox 3577 386 3771 449; baseline 0 -1"><span class='ocrx_word' id='word_1_5' title='bbox 3577 420 3584 428; x_wconf 71' lang='grc' dir='ltr'><strong><em>ι</em></strong></span> <span class='ocrx_word' id='word_1_6' title='bbox 3651 386 3771 449; x_wconf 85' lang='grc'>890</span> 
     </span>
    </p>
   </div>
   <div class='ocr_carea' id='block_1_4' title="bbox 350 498 3765 591">
    <p class='ocr_par' dir='ltr' id='par_1_4' title="bbox 350 498 3765 591">
     <span class='ocr_line' id='line_1_4' title="bbox 350 498 3765 591; baseline 0.004 -31"><span class='ocrx_word' id='word_1_7' title='bbox 350 504 551 577; x_wconf 82' lang='grc' dir='ltr'>ταύτην</span> <span class='ocrx_word' id='word_1_8' title='bbox 613 498 902 561; x_wconf 73' lang='grc' dir='ltr'>οἰκούντων</span> <span class='ocrx_word' id='word_1_9' title='bbox 961 503 1065 561; x_wconf 79' lang='grc' dir='ltr'>δέει</span> <span class='ocrx_word' id='word_1_10' title='bbox 1151 512 1253 575; x_wconf 85' lang='grc' dir='ltr'>τῆς</span> <span class='ocrx_word' id='word_1_11' title='bbox 1307 507 1623 581; x_wconf 81' lang='grc' dir='ltr'>Ῥωμαῖκῆς</span> <span class='ocrx_word' id='word_1_12' title='bbox 1677 508 2013 585; x_wconf 74' lang='grc' dir='ltr'>ἐκστρατείας</span> <span class='ocrx_word' id='word_1_13' title='bbox 2076 512 2536 583; x_wconf 76' lang='grc' dir='ltr'>μεταναστάντων,</span> <span class='ocrx_word' id='word_1_14' title='bbox 2613 516 2703 567; x_wconf 78' lang='grc' dir='ltr'>καί</span> <span class='ocrx_word' id='word_1_15' title='bbox 2762 508 3022 591; x_wconf 73' lang='grc' dir='ltr'>φυγαδείᾳ</span> <span class='ocrx_word' id='word_1_16' title='bbox 3074 517 3442 591; x_wconf 68' lang='grc' dir='ltr'>χρησαμένων</span> <span class='ocrx_word' id='word_1_17' title='bbox 3500 522 3634 591; x_wconf 83' lang='grc' dir='ltr'>πρὸς</span> <span class='ocrx_word' id='word_1_18' title='bbox 3701 522 3765 574; x_wconf 73' lang='grc' dir='ltr'>τὰ</span> 
     </span>
    </p>
   </div>
   <div class='ocr_carea' id='block_1_5' title="bbox 354 592 636 671">
    <p class='ocr_par' dir='ltr' id='par_1_5' title="bbox 354 592 636 671">
     <span class='ocr_line' id='line_1_5' title="bbox 354 592 636 671; baseline 0.011 -21"><span class='ocrx_word' id='word_1_19' title='bbox 354 592 636 671; x_wconf 81' lang='grc' dir='ltr'>ἐνδότερα.</span> 
     </span>
    </p>
   </div>
   <div class='ocr_carea' id='block_1_6' title="bbox 428 691 2087 770">
    <p class='ocr_par' dir='ltr' id='par_1_6' title="bbox 428 691 2087 770">
     <span class='ocr_line' id='line_1_6' title="bbox 428 691 2087 770; baseline 0.002 -20"><span class='ocrx_word' id='word_1_20' title='bbox 428 695 491 768; x_wconf 73' lang='grc' dir='ltr'>β’.</span> <span class='ocrx_word' id='word_1_21' title='bbox 518 691 895 770; x_wconf 83' lang='grc' dir='ltr'>Καταδραμὼν</span> <span class='ocrx_word' id='word_1_22' title='bbox 928 695 1018 748; x_wconf 78' lang='grc' dir='ltr'>οὖν</span> <span class='ocrx_word' id='word_1_23' title='bbox 1049 695 1149 764; x_wconf 76' lang='grc' dir='ltr'>τὴν</span> <span class='ocrx_word' id='word_1_24' title='bbox 1208 695 1548 770; x_wconf 73' lang='grc' dir='ltr'>περίχωρον,</span> <span class='ocrx_word' id='word_1_25' title='bbox 1574 697 1666 752; x_wconf 83' lang='grc' dir='ltr'>καὶ</span> <span class='ocrx_word' id='word_1_26' title='bbox 1726 696 2000 754; x_wconf 79' lang='grc' dir='ltr'>ὑπόσπον-</span> <span class='ocrx_word' id='word_1_27' title='bbox 2029 706 2087 770; x_wconf 81' lang='grc' dir='ltr'><strong>Α</strong></span> 
     </span>
    </p>
   </div>
   <div class='ocr_carea' id='block_1_7' title="bbox 353 782 2005 863">
    <p class='ocr_par' dir='ltr' id='par_1_7' title="bbox 353 782 2005 863">
     <span class='ocr_line' id='line_1_7' title="bbox 353 782 2005 863; baseline 0.002 -25"><span class='ocrx_word' id='word_1_28' title='bbox 353 782 444 838; x_wconf 83' lang='grc' dir='ltr'>δον</span> <span class='ocrx_word' id='word_1_29' title='bbox 477 783 769 852; x_wconf 87' lang='grc' dir='ltr'>Ῥωμαίοις</span> <span class='ocrx_word' id='word_1_30' title='bbox 798 783 1001 853; x_wconf 88' lang='grc' dir='ltr'>ταύτην</span> <span class='ocrx_word' id='word_1_31' title='bbox 1060 785 1309 857; x_wconf 67' lang='grc' dir='ltr'>θέμενος,</span> <span class='ocrx_word' id='word_1_32' title='bbox 1371 787 1628 863; x_wconf 75' lang='grc' dir='ltr'>ἠπείγετο</span> <span class='ocrx_word' id='word_1_33' title='bbox 1683 788 1770 843; x_wconf 83' lang='grc' dir='ltr'>καὶ</span> <span class='ocrx_word' id='word_1_34' title='bbox 1807 790 2005 863; x_wconf 66' lang='grc' dir='ltr'>μέχρις</span> 
     </span>
    </p>
   </div>
   <div class='ocr_carea' id='block_1_8' title="bbox 353 875 2014 959">
    <p class='ocr_par' dir='ltr' id='par_1_8' title="bbox 353 875 2014 959">
     <span class='ocr_line' id='line_1_8' title="bbox 353 875 2014 959; baseline 0.002 -21"><span class='ocrx_word' id='word_1_35' title='bbox 353 875 699 938; x_wconf 77' lang='grc' dir='ltr'>Ἐκϐατάνων</span> <span class='ocrx_word' id='word_1_36' title='bbox 755 880 1060 952; x_wconf 65' lang='grc' dir='ltr'>ἀφικέσθαι,</span> <span class='ocrx_word' id='word_1_37' title='bbox 1104 879 1197 936; x_wconf 69' lang='grc' dir='ltr'>’ίνα</span> <span class='ocrx_word' id='word_1_38' title='bbox 1253 884 1321 936; x_wconf 78' lang='grc' dir='ltr'>τὰ</span> <span class='ocrx_word' id='word_1_39' title='bbox 1376 888 1481 939; x_wconf 89' lang='grc' dir='ltr'>τῶν</span> <span class='ocrx_word' id='word_1_40' title='bbox 1546 886 1861 959; x_wconf 77' lang='grc' dir='ltr'>’Ᾱγαρηνῶν</span> <span class='ocrx_word' id='word_1_41' title='bbox 1915 908 2014 941; x_wconf 90' lang='grc' dir='ltr'>τυ-</span> 
     </span>
    </p>
   </div>
   <div class='ocr_carea' id='block_1_9' title="bbox 354 969 2008 1050">
    <p class='ocr_par' dir='ltr' id='par_1_9' title="bbox 354 969 2008 1050">
     <span class='ocr_line' id='line_1_9' title="bbox 354 969 2008 1050; baseline 0.003 -26"><span class='ocrx_word' id='word_1_42' title='bbox 354 976 570 1045; x_wconf 81' lang='grc' dir='ltr'>ραννεῖα</span> <span class='ocrx_word' id='word_1_43' title='bbox 625 969 969 1040; x_wconf 73' lang='grc' dir='ltr'>καθέστηκεν,</span> <span class='ocrx_word' id='word_1_44' title='bbox 1021 970 1301 1043; x_wconf 83' lang='grc' dir='ltr'>ἀμύθητον</span> <span class='ocrx_word' id='word_1_45' title='bbox 1361 971 1596 1049; x_wconf 77' lang='grc' dir='ltr'>ἄργυρον</span> <span class='ocrx_word' id='word_1_46' title='bbox 1650 975 1742 1028; x_wconf 82' lang='grc' dir='ltr'>καὶ</span> <span class='ocrx_word' id='word_1_47' title='bbox 1803 976 2008 1050; x_wconf 87' lang='grc' dir='ltr'>χρυσὸν</span> 
     </span>
    </p>
   </div>
   <div class='ocr_carea' id='block_1_10' title="bbox 344 1057 2011 1138">
    <p class='ocr_par' dir='ltr' id='par_1_10' title="bbox 344 1057 2011 1138">
     <span class='ocr_line' id='line_1_10' title="bbox 344 1057 2011 1138; baseline 0.002 -23"><span class='ocrx_word' id='word_1_48' title='bbox 344 1061 442 1115; x_wconf 74' lang='grc' dir='ltr'>καὶ</span> <span class='ocrx_word' id='word_1_49' title='bbox 501 1064 737 1115; x_wconf 73' lang='grc' dir='ltr'>πλοῦτον</span> <span class='ocrx_word' id='word_1_50' title='bbox 797 1058 1143 1115; x_wconf 86' lang='grc' dir='ltr'>παντοδαπὸν</span> <span class='ocrx_word' id='word_1_51' title='bbox 1210 1057 1360 1117; x_wconf 80' lang='grc' dir='ltr'>ἔνδον</span> <span class='ocrx_word' id='word_1_52' title='bbox 1418 1062 1746 1138; x_wconf 79' lang='grc' dir='ltr'>κατέχοντα,</span> <span class='ocrx_word' id='word_1_53' title='bbox 1807 1063 1857 1134; x_wconf 78' lang='grc' dir='ltr'>ἐξ</span> <span class='ocrx_word' id='word_1_54' title='bbox 1890 1063 2011 1119; x_wconf 83' lang='grc' dir='ltr'>ἐπι-</span> 
     </span>
    </p>
   </div>
   <div class='ocr_carea' id='block_1_11' title="bbox 357 1148 2011 1229">
    <p class='ocr_par' dir='ltr' id='par_1_11' title="bbox 357 1148 2011 1229">
     <span class='ocr_line' id='line_1_11' title="bbox 357 1148 2011 1229; baseline 0.002 -24"><span class='ocrx_word' id='word_1_55' title='bbox 357 1148 571 1224; x_wconf 79' lang='grc' dir='ltr'>δρομῆς</span> <span class='ocrx_word' id='word_1_56' title='bbox 601 1150 691 1205; x_wconf 81' lang='grc' dir='ltr'>καὶ</span> <span class='ocrx_word' id='word_1_57' title='bbox 732 1155 898 1205; x_wconf 72' lang='grc' dir='ltr'>ταῦτα</span> <span class='ocrx_word' id='word_1_58' title='bbox 923 1148 1067 1205; x_wconf 72' lang='grc' dir='ltr'>ἑλεῖν</span> <span class='ocrx_word' id='word_1_59' title='bbox 1110 1152 1585 1226; x_wconf 79' lang='grc' dir='ltr'>προθυμούμενος.</span> <span class='ocrx_word' id='word_1_60' title='bbox 1623 1155 1851 1229; x_wconf 70' lang='grc' dir='ltr'>Λέγεται</span> <span class='ocrx_word' id='word_1_61' title='bbox 1908 1155 2011 1227; x_wconf 73' lang='grc' dir='ltr'>γὰρ</span> 
     </span>
    </p>
   </div>
   <div class='ocr_carea' id='block_1_12' title="bbox 359 1239 2009 1315">
    <p class='ocr_par' dir='ltr' id='par_1_12' title="bbox 359 1239 2009 1315">
     <span class='ocr_line' id='line_1_12' title="bbox 359 1239 2009 1315; baseline 0.002 -19"><span class='ocrx_word' id='word_1_62' title='bbox 359 1246 468 1296; x_wconf 89' lang='grc' dir='ltr'>τῶν</span> <span class='ocrx_word' id='word_1_63' title='bbox 502 1239 688 1298; x_wconf 73' lang='grc' dir='ltr'>ἄλλων</span> <span class='ocrx_word' id='word_1_64' title='bbox 718 1241 933 1297; x_wconf 82' lang='grc' dir='ltr'>πόλεων</span> <span class='ocrx_word' id='word_1_65' title='bbox 999 1240 1235 1315; x_wconf 77' lang='grc' dir='ltr'>μᾶλλον,</span> <span class='ocrx_word' id='word_1_66' title='bbox 1287 1245 1406 1298; x_wconf 77' lang='grc' dir='ltr'>ὅσαι</span> <span class='ocrx_word' id='word_1_67' title='bbox 1454 1243 1703 1299; x_wconf 73' lang='grc' dir='ltr'>τελοῦσιν</span> <span class='ocrx_word' id='word_1_68' title='bbox 1777 1246 1881 1301; x_wconf 83' lang='grc' dir='ltr'>ὑπὸ</span> <span class='ocrx_word' id='word_1_69' title='bbox 1918 1245 2009 1301; x_wconf 86' lang='grc' dir='ltr'>τὸν</span> 
     </span>
    </p>
   </div>
   <div class='ocr_carea' id='block_1_13' title="bbox 355 1326 2004 1409">
    <p class='ocr_par' dir='ltr' id='par_1_13' title="bbox 355 1326 2004 1409">
     <span class='ocr_line' id='line_1_13' title="bbox 355 1326 2004 1409; baseline 0.001 -23"><span class='ocrx_word' id='word_1_70' title='bbox 355 1331 545 1401; x_wconf 70' lang='grc' dir='ltr'>ἣλιον,</span> <span class='ocrx_word' id='word_1_71' title='bbox 576 1326 893 1387; x_wconf 86' lang='grc' dir='ltr'>πολύολϐον</span> <span class='ocrx_word' id='word_1_72' title='bbox 955 1332 1045 1386; x_wconf 79' lang='grc' dir='ltr'>καὶ</span> <span class='ocrx_word' id='word_1_73' title='bbox 1104 1331 1460 1409; x_wconf 71' lang='grc' dir='ltr'>πολύχρυσον</span> <span class='ocrx_word' id='word_1_74' title='bbox 1509 1337 1607 1405; x_wconf 72' lang='grc' dir='ltr'>τήν</span> <span class='ocrx_word' id='word_1_75' title='bbox 1657 1330 2004 1391; x_wconf 77' lang='grc' dir='ltr'>Ἐκϐατάνων</span> 
     </span>
    </p>
   </div>
   <div class='ocr_carea' id='block_1_14' title="bbox 354 1419 2010 1501">
    <p class='ocr_par' dir='ltr' id='par_1_14' title="bbox 354 1419 2010 1501">
     <span class='ocr_line' id='line_1_14' title="bbox 354 1419 2010 1501; baseline 0.001 -25"><span class='ocrx_word' id='word_1_76' title='bbox 354 1419 636 1476; x_wconf 79' lang='grc' dir='ltr'>πολιτείαν</span> <span class='ocrx_word' id='word_1_77' title='bbox 660 1422 858 1477; x_wconf 86' lang='grc' dir='ltr'>τελεῖν.</span> <span class='ocrx_word' id='word_1_78' title='bbox 897 1421 1081 1477; x_wconf 73' lang='grc' dir='ltr'>Αἴτιον</span> <span class='ocrx_word' id='word_1_79' title='bbox 1108 1420 1165 1477; x_wconf 71' lang='grc' dir='ltr'>δὲ</span> <span class='ocrx_word' id='word_1_80' title='bbox 1192 1424 1254 1477; x_wconf 86' lang='grc' dir='ltr'>τὸ</span> <span class='ocrx_word' id='word_1_81' title='bbox 1286 1422 1345 1479; x_wconf 64' lang='lat' dir='ltr'>in</span> <span class='ocrx_word' id='word_1_82' title='bbox 1388 1423 1617 1479; x_wconf 82' lang='grc' dir='ltr'>πολλῶν</span> <span class='ocrx_word' id='word_1_83' title='bbox 1680 1424 1775 1499; x_wconf 70' lang='grc' dir='ltr'>μὲν</span> <span class='ocrx_word' id='word_1_84' title='bbox 1809 1426 2010 1501; x_wconf 87' lang='grc' dir='ltr'>χώρων</span> 
     </span>
    </p>
   </div>
   <div class='ocr_carea' id='block_1_15' title="bbox 354 1511 2012 1592">
    <p class='ocr_par' dir='ltr' id='par_1_15' title="bbox 354 1511 2012 1592">
     <span class='ocr_line' id='line_1_15' title="bbox 354 1511 2012 1592; baseline 0.002 -26"><span class='ocrx_word' id='word_1_85' title='bbox 354 1511 523 1581; x_wconf 68' lang='grc' dir='ltr'>αὐτὴν</span> <span class='ocrx_word' id='word_1_86' title='bbox 554 1512 990 1588; x_wconf 73' lang='grc' dir='ltr'>χρηματίζεσθαι</span> <span class='ocrx_word' id='word_1_87' title='bbox 1024 1514 1091 1582; x_wconf 81' lang='grc'>³⁸,</span> <span class='ocrx_word' id='word_1_88' title='bbox 1126 1512 1401 1587; x_wconf 81' lang='grc' dir='ltr'>μηδεμίαν</span> <span class='ocrx_word' id='word_1_89' title='bbox 1436 1512 1493 1570; x_wconf 69' lang='grc' dir='ltr'>δὲ</span> <span class='ocrx_word' id='word_1_90' title='bbox 1522 1521 1733 1592; x_wconf 81' lang='grc' dir='ltr'>προτοῦ</span> <span class='ocrx_word' id='word_1_91' title='bbox 1762 1521 1870 1571; x_wconf 89' lang='grc' dir='ltr'>τῶν</span> <span class='ocrx_word' id='word_1_92' title='bbox 1922 1513 2012 1570; x_wconf 86' lang='grc' dir='ltr'>δυ-</span> 
     </span>
    </p>
   </div>
   <div class='ocr_carea' id='block_1_16' title="bbox 352 1601 2011 1681">
    <p class='ocr_par' dir='ltr' id='par_1_16' title="bbox 352 1601 2011 1681">
     <span class='ocr_line' id='line_1_16' title="bbox 352 1601 2011 1681; baseline 0.002 -26"><span class='ocrx_word' id='word_1_93' title='bbox 352 1609 567 1675; x_wconf 79' lang='grc' dir='ltr'>σμενῶν</span> <span class='ocrx_word' id='word_1_94' title='bbox 602 1603 893 1674; x_wconf 68' lang='grc' dir='ltr'>ὑπομένειν</span> <span class='ocrx_word' id='word_1_95' title='bbox 924 1601 1301 1679; x_wconf 75' lang='grc' dir='ltr'>καταδρομήν.</span> <span class='ocrx_word' id='word_1_96' title='bbox 1345 1603 1521 1663; x_wconf 85' lang='grc' dir='ltr'>Ἀλλᾶ</span> <span class='ocrx_word' id='word_1_97' title='bbox 1549 1606 1650 1681; x_wconf 69' lang='grc' dir='ltr'>γὲιρ</span> <span class='ocrx_word' id='word_1_98' title='bbox 1685 1605 1883 1663; x_wconf 78' lang='grc' dir='ltr'>ἐπέσχε</span> <span class='ocrx_word' id='word_1_99' title='bbox 1912 1607 2011 1675; x_wconf 73' lang='grc' dir='ltr'>τὴν</span> 
     </span>
    </p>
   </div>
   <div class='ocr_carea' id='block_1_17' title="bbox 346 1690 2013 1768">
    <p class='ocr_par' dir='ltr' id='par_1_17' title="bbox 346 1690 2013 1768">
     <span class='ocr_line' id='line_1_17' title="bbox 346 1690 2013 1768; baseline 0.002 -23"><span class='ocrx_word' id='word_1_100' title='bbox 346 1691 550 1746; x_wconf 84' lang='grc' dir='ltr'>τούτου</span> <span class='ocrx_word' id='word_1_101' title='bbox 575 1694 751 1766; x_wconf 78' lang='grc' dir='ltr'>ὁρμὴν</span> <span class='ocrx_word' id='word_1_102' title='bbox 780 1695 815 1762; x_wconf 81' lang='grc' dir='ltr'><strong>ἡ</strong></span> <span class='ocrx_word' id='word_1_103' title='bbox 847 1713 904 1747; x_wconf 85' lang='grc' dir='ltr'>τε</span> <span class='ocrx_word' id='word_1_104' title='bbox 937 1690 1227 1768; x_wconf 79' lang='grc' dir='ltr'>λειψυδρία</span> <span class='ocrx_word' id='word_1_105' title='bbox 1264 1699 1371 1749; x_wconf 85' lang='grc' dir='ltr'>τῶν</span> <span class='ocrx_word' id='word_1_106' title='bbox 1403 1694 1586 1750; x_wconf 85' lang='grc' dir='ltr'>τόπων</span> <span class='ocrx_word' id='word_1_107' title='bbox 1619 1696 1709 1751; x_wconf 82' lang='grc' dir='ltr'>καὶ</span> <span class='ocrx_word' id='word_1_108' title='bbox 1740 1698 1775 1766; x_wconf 79' lang='grc' dir='ltr'><strong>ἡ</strong></span> <span class='ocrx_word' id='word_1_109' title='bbox 1824 1693 2013 1758; x_wconf 76' lang='grc' dir='ltr'>σπᾶνις</span> 
     </span>
    </p>
   </div>
   <div class='ocr_carea' id='block_1_18' title="bbox 352 1789 2012 1869">
    <p class='ocr_par' dir='ltr' id='par_1_18' title="bbox 352 1789 2012 1869">
     <span class='ocr_line' id='line_1_18' title="bbox 352 1789 2012 1869; baseline 0.002 -25"><span class='ocrx_word' id='word_1_110' title='bbox 352 1794 465 1844; x_wconf 89' lang='grc' dir='ltr'>τῶν</span> <span class='ocrx_word' id='word_1_111' title='bbox 519 1789 851 1865; x_wconf 75' lang='grc' dir='ltr'>ἀναγκαίων.</span> <span class='ocrx_word' id='word_1_112' title='bbox 907 1790 974 1846; x_wconf 80' lang='grc' dir='ltr'>Ἡ</span> <span class='ocrx_word' id='word_1_113' title='bbox 1048 1792 1147 1865; x_wconf 67' lang='grc' dir='ltr'>γὰρ</span> <span class='ocrx_word' id='word_1_114' title='bbox 1226 1789 1602 1868; x_wconf 80' lang='grc' dir='ltr'>ἐπιλεγομένη</span> <span class='ocrx_word' id='word_1_115' title='bbox 1677 1798 2012 1869; x_wconf 80' lang='grc' dir='ltr'>Καρμανῖτις</span> 
     </span>
    </p>
   </div>
   <div class='ocr_carea' id='block_1_19' title="bbox 351 1877 2012 1959">
    <p class='ocr_par' dir='ltr' id='par_1_19' title="bbox 351 1877 2012 1959">
     <span class='ocr_line' id='line_1_19' title="bbox 351 1877 2012 1959; baseline 0.002 -26"><span class='ocrx_word' id='word_1_116' title='bbox 351 1877 565 1953; x_wconf 75' lang='grc' dir='ltr'>ἔρημος</span> <span class='ocrx_word' id='word_1_117' title='bbox 598 1877 688 1933; x_wconf 73' lang='grc' dir='ltr'>διὰ</span> <span class='ocrx_word' id='word_1_118' title='bbox 713 1884 819 1934; x_wconf 89' lang='grc' dir='ltr'>τῶν</span> <span class='ocrx_word' id='word_1_119' title='bbox 851 1877 1023 1935; x_wconf 68' lang='grc' dir='ltr'>ἐκεῖσε</span> <span class='ocrx_word' id='word_1_120' title='bbox 1078 1880 1304 1955; x_wconf 77' lang='grc' dir='ltr'>χωρίων</span> <span class='ocrx_word' id='word_1_121' title='bbox 1367 1880 1566 1952; x_wconf 75' lang='grc' dir='ltr'>διήκει,</span> <span class='ocrx_word' id='word_1_122' title='bbox 1608 1888 1869 1959; x_wconf 82' lang='grc' dir='ltr'>τραχεῖαν</span> <span class='ocrx_word' id='word_1_123' title='bbox 1922 1882 2012 1937; x_wconf 84' lang='grc' dir='ltr'>καὶ</span> 
     </span>
    </p>
   </div>
   <div class='ocr_carea' id='block_1_20' title="bbox 350 1964 2014 2049">
    <p class='ocr_par' dir='ltr' id='par_1_20' title="bbox 350 1964 2014 2049">
     <span class='ocr_line' id='line_1_20' title="bbox 350 1964 2014 2049; baseline 0.003 -27"><span class='ocrx_word' id='word_1_124' title='bbox 350 1969 554 2040; x_wconf 72' lang='grc' dir='ltr'>ἀνάντη</span> <span class='ocrx_word' id='word_1_125' title='bbox 584 1964 1018 2042; x_wconf 73' lang='grc' dir='ltr'>προϐαλλομένη</span> <span class='ocrx_word' id='word_1_126' title='bbox 1055 1967 1205 2040; x_wconf 84' lang='grc' dir='ltr'>ὁδὸν,</span> <span class='ocrx_word' id='word_1_127' title='bbox 1258 1970 1350 2026; x_wconf 80' lang='grc' dir='ltr'>καὶ</span> <span class='ocrx_word' id='word_1_128' title='bbox 1410 1974 1549 2046; x_wconf 72' lang='grc' dir='ltr'>μήτε</span> <span class='ocrx_word' id='word_1_129' title='bbox 1589 1971 1736 2049; x_wconf 77' lang='grc' dir='ltr'>ὕδωρ</span> <span class='ocrx_word' id='word_1_130' title='bbox 1787 1972 2014 2047; x_wconf 70' lang='grc' dir='ltr'>βλυστά·</span> 
     </span>
    </p>
   </div>
   <div class='ocr_carea' id='block_1_21' title="bbox 350 2055 2091 2143">
    <p class='ocr_par' dir='ltr' id='par_1_21' title="bbox 350 2055 2091 2143">
     <span class='ocr_line' id='line_1_21' title="bbox 350 2055 2091 2143; baseline 0.002 -31"><span class='ocrx_word' id='word_1_131' title='bbox 350 2079 520 2112; x_wconf 86' lang='grc' dir='ltr'>νουσα</span> <span class='ocrx_word' id='word_1_132' title='bbox 550 2061 684 2131; x_wconf 80' lang='lat'>(35),</span> <span class='ocrx_word' id='word_1_133' title='bbox 749 2060 887 2130; x_wconf 73' lang='grc' dir='ltr'>μήτε</span> <span class='ocrx_word' id='word_1_134' title='bbox 949 2058 1181 2133; x_wconf 77' lang='grc' dir='ltr'>βοτάνην</span> <span class='ocrx_word' id='word_1_135' title='bbox 1237 2055 1738 2131; x_wconf 77' lang='grc' dir='ltr'>ἀναϐλαστάνουσα,</span> <span class='ocrx_word' id='word_1_136' title='bbox 1788 2061 2010 2139; x_wconf 72' lang='grc' dir='ltr'>ψαφαρά</span> <span class='ocrx_word' id='word_1_137' title='bbox 2047 2079 2091 2143; x_wconf 83' lang='grc' dir='ltr'><strong>Β</strong></span> 
     </span>
    </p>
   </div>
   <div class='ocr_carea' id='block_1_22' title="bbox 352 2146 2014 2229">
    <p class='ocr_par' dir='ltr' id='par_1_22' title="bbox 352 2146 2014 2229">
     <span class='ocr_line' id='line_1_22' title="bbox 352 2146 2014 2229; baseline 0.002 -27"><span class='ocrx_word' id='word_1_138' title='bbox 352 2170 437 2210; x_wconf 87' lang='grc' dir='ltr'>τις</span> <span class='ocrx_word' id='word_1_139' title='bbox 471 2149 602 2203; x_wconf 82' lang='grc' dir='ltr'>οὗσα</span> <span class='ocrx_word' id='word_1_140' title='bbox 633 2149 722 2204; x_wconf 83' lang='grc' dir='ltr'>καὶ</span> <span class='ocrx_word' id='word_1_141' title='bbox 756 2146 1008 2222; x_wconf 74' lang='grc' dir='ltr'>ἄνικμος.</span> <span class='ocrx_word' id='word_1_142' title='bbox 1068 2150 1171 2205; x_wconf 80' lang='grc' dir='ltr'>Διὰ</span> <span class='ocrx_word' id='word_1_143' title='bbox 1225 2156 1394 2206; x_wconf 78' lang='grc' dir='ltr'>ταῦτα</span> <span class='ocrx_word' id='word_1_144' title='bbox 1424 2153 1472 2188; x_wconf 67' lang='lat'><strong><em>36</em></strong></span> <span class='ocrx_word' id='word_1_145' title='bbox 1522 2154 1660 2229; x_wconf 87' lang='grc' dir='ltr'>πρὸς</span> <span class='ocrx_word' id='word_1_146' title='bbox 1716 2157 1823 2207; x_wconf 88' lang='grc' dir='ltr'>τῶν</span> <span class='ocrx_word' id='word_1_147' title='bbox 1859 2154 2014 2228; x_wconf 78' lang='grc' dir='ltr'>Ἀγα-</span> 
     </span>
    </p>
   </div>
   <div class='ocr_carea' id='block_1_23' title="bbox 358 2237 2014 2317">
    <p class='ocr_par' dir='ltr' id='par_1_23' title="bbox 358 2237 2014 2317">
     <span class='ocr_line' id='line_1_23' title="bbox 358 2237 2014 2317; baseline 0.002 -25"><span class='ocrx_word' id='word_1_148' title='bbox 358 2244 540 2314; x_wconf 85' lang='grc' dir='ltr'>ρηνῶν</span> <span class='ocrx_word' id='word_1_149' title='bbox 574 2239 722 2311; x_wconf 82' lang='grc' dir='ltr'>αύτῷ</span> <span class='ocrx_word' id='word_1_150' title='bbox 777 2239 1160 2315; x_wconf 68' lang='grc' dir='ltr'>προσαχθέντα</span> <span class='ocrx_word' id='word_1_151' title='bbox 1218 2237 1367 2317; x_wconf 81' lang='grc' dir='ltr'>δῶρα</span> <span class='ocrx_word' id='word_1_152' title='bbox 1425 2241 1904 2314; x_wconf 72' lang='grc' dir='ltr'>ἐνσκευασὶμενος,</span> <span class='ocrx_word' id='word_1_153' title='bbox 1961 2240 2014 2297; x_wconf 81' lang='grc' dir='ltr'>ἐν</span> 
     </span>
    </p>
   </div>
   <div class='ocr_carea' id='block_1_24' title="bbox 358 2329 2019 2408">
    <p class='ocr_par' dir='ltr' id='par_1_24' title="bbox 358 2329 2019 2408">
     <span class='ocr_line' id='line_1_24' title="bbox 358 2329 2019 2408; baseline 0.001 -25"><span class='ocrx_word' id='word_1_154' title='bbox 358 2334 581 2403; x_wconf 74' lang='grc' dir='ltr'>μυριάσι</span> <span class='ocrx_word' id='word_1_155' title='bbox 633 2329 973 2402; x_wconf 81' lang='grc' dir='ltr'>τριακοσίαις</span> <span class='ocrx_word' id='word_1_156' title='bbox 1029 2329 1269 2404; x_wconf 77' lang='grc' dir='ltr'>ἂργύρου</span> <span class='ocrx_word' id='word_1_157' title='bbox 1340 2331 1430 2385; x_wconf 83' lang='grc' dir='ltr'>καὶ</span> <span class='ocrx_word' id='word_1_158' title='bbox 1484 2336 1693 2407; x_wconf 77' lang='grc' dir='ltr'>χρυσοῦ</span> <span class='ocrx_word' id='word_1_159' title='bbox 1752 2331 2019 2408; x_wconf 75' lang='grc' dir='ltr'>ἀριθμού-</span> 
     </span>
    </p>
   </div>
   <div class='ocr_carea' id='block_1_25' title="bbox 360 2417 2013 2495">
    <p class='ocr_par' dir='ltr' id='par_1_25' title="bbox 360 2417 2013 2495">
     <span class='ocr_line' id='line_1_25' title="bbox 360 2417 2013 2495; baseline -0.01 -14"><span class='ocrx_word' id='word_1_160' title='bbox 360 2438 515 2489; x_wconf 80' lang='grc' dir='ltr'>μενοι,</span> <span class='ocrx_word' id='word_1_161' title='bbox 550 2418 626 2479; x_wconf 76' lang='grc' dir='ltr'>εἷς</span> <span class='ocrx_word' id='word_1_162' title='bbox 654 2419 718 2472; x_wconf 73' lang='grc' dir='ltr'>τὸ</span> <span class='ocrx_word' id='word_1_163' title='bbox 751 2420 1042 2487; x_wconf 80' lang='grc' dir='ltr'>Βυζάντιον</span> <span class='ocrx_word' id='word_1_164' title='bbox 1105 2417 1438 2489; x_wconf 73' lang='grc' dir='ltr'>ἐπανέζευξε,</span> <span class='ocrx_word' id='word_1_165' title='bbox 1498 2421 1586 2474; x_wconf 73' lang='grc' dir='ltr'>καὶ</span> <span class='ocrx_word' id='word_1_166' title='bbox 1642 2419 1734 2474; x_wconf 79' lang='grc' dir='ltr'>τόν</span> <span class='ocrx_word' id='word_1_167' title='bbox 1788 2441 1846 2474; x_wconf 83' lang='grc' dir='ltr'>τε</span> <span class='ocrx_word' id='word_1_168' title='bbox 1878 2440 2013 2495; x_wconf 74' lang='grc' dir='ltr'>χρυ-</span> 
     </span>
    </p>
   </div>
   <div class='ocr_carea' id='block_1_26' title="bbox 351 2509 2017 2588">
    <p class='ocr_par' dir='ltr' id='par_1_26' title="bbox 351 2509 2017 2588">
     <span class='ocr_line' id='line_1_26' title="bbox 351 2509 2017 2588; baseline 0.003 -27"><span class='ocrx_word' id='word_1_169' title='bbox 351 2509 444 2561; x_wconf 83' lang='grc' dir='ltr'>σὸν</span> <span class='ocrx_word' id='word_1_170' title='bbox 475 2510 565 2563; x_wconf 81' lang='grc' dir='ltr'>καὶ</span> <span class='ocrx_word' id='word_1_171' title='bbox 611 2510 703 2563; x_wconf 89' lang='grc' dir='ltr'>τὸν</span> <span class='ocrx_word' id='word_1_172' title='bbox 764 2510 999 2584; x_wconf 82' lang='grc' dir='ltr'>ἄργυρον</span> <span class='ocrx_word' id='word_1_173' title='bbox 1048 2509 1159 2564; x_wconf 60' lang='grc' dir='ltr'>’καὶ</span> <span class='ocrx_word' id='word_1_174' title='bbox 1213 2510 1279 2563; x_wconf 76' lang='grc' dir='ltr'>τὰ</span> <span class='ocrx_word' id='word_1_175' title='bbox 1330 2509 1389 2563; x_wconf 86' lang='grc' dir='ltr'>ἐκ</span> <span class='ocrx_word' id='word_1_176' title='bbox 1450 2514 1644 2583; x_wconf 89' lang='grc' dir='ltr'>Σηρῶν</span> <span class='ocrx_word' id='word_1_177' title='bbox 1708 2511 2017 2588; x_wconf 78' lang='grc' dir='ltr'>ὑφάσματα,</span> 
     </span>
    </p>
   </div>
   <div class='ocr_carea' id='block_1_27' title="bbox 356 2596 2018 2676">
    <p class='ocr_par' dir='ltr' id='par_1_27' title="bbox 356 2596 2018 2676">
     <span class='ocr_line' id='line_1_27' title="bbox 356 2596 2018 2676; baseline 0.001 -26"><span class='ocrx_word' id='word_1_178' title='bbox 356 2596 448 2650; x_wconf 81' lang='grc' dir='ltr'>καὶ</span> <span class='ocrx_word' id='word_1_179' title='bbox 482 2597 768 2671; x_wconf 79' lang='grc' dir='ltr'>ἀρώματα,</span> <span class='ocrx_word' id='word_1_180' title='bbox 800 2597 890 2651; x_wconf 90' lang='grc' dir='ltr'>καὶ</span> <span class='ocrx_word' id='word_1_181' title='bbox 924 2596 1023 2652; x_wconf 78' lang='grc' dir='ltr'>ὅσα</span> <span class='ocrx_word' id='word_1_182' title='bbox 1053 2598 1189 2673; x_wconf 88' lang='grc' dir='ltr'>πρὸς</span> <span class='ocrx_word' id='word_1_183' title='bbox 1238 2603 1345 2652; x_wconf 85' lang='grc' dir='ltr'>τῶν</span> <span class='ocrx_word' id='word_1_184' title='bbox 1403 2600 1721 2674; x_wconf 81' lang='grc' dir='ltr'>Ἀγαρηνῶν</span> <span class='ocrx_word' id='word_1_185' title='bbox 1756 2598 2018 2676; x_wconf 78' lang='grc' dir='ltr'>ἀνείληφε</span> 
     </span>
    </p>
   </div>
   <div class='ocr_carea' id='block_1_28' title="bbox 354 2682 2015 2764">
    <p class='ocr_par' dir='ltr' id='par_1_28' title="bbox 354 2682 2015 2764">
     <span class='ocr_line' id='line_1_28' title="bbox 354 2682 2015 2764; baseline -0.001 -22"><span class='ocrx_word' id='word_1_186' title='bbox 354 2687 528 2764; x_wconf 66' lang='grc' dir='ltr'>δῶρα,</span> <span class='ocrx_word' id='word_1_187' title='bbox 592 2684 681 2741; x_wconf 74' lang='grc' dir='ltr'>διὰ</span> <span class='ocrx_word' id='word_1_188' title='bbox 740 2694 841 2757; x_wconf 80' lang='grc' dir='ltr'>τῆς</span> <span class='ocrx_word' id='word_1_189' title='bbox 901 2687 1105 2763; x_wconf 81' lang='grc' dir='ltr'>ἀγορᾶς</span> <span class='ocrx_word' id='word_1_190' title='bbox 1162 2682 1553 2762; x_wconf 71' lang='grc' dir='ltr'>ἐθριάμϐευσε,</span> <span class='ocrx_word' id='word_1_191' title='bbox 1628 2693 1735 2742; x_wconf 87' lang='grc' dir='ltr'>τῶν</span> <span class='ocrx_word' id='word_1_192' title='bbox 1786 2689 2015 2743; x_wconf 81' lang='grc' dir='ltr'>ἀστικῶν</span> 
     </span>
    </p>
   </div>
   <div class='ocr_carea' id='block_1_29' title="bbox 350 2775 2020 2851">
    <p class='ocr_par' dir='ltr' id='par_1_29' title="bbox 350 2775 2020 2851">
     <span class='ocr_line' id='line_1_29' title="bbox 350 2775 2020 2851; baseline -0.001 -18"><span class='ocrx_word' id='word_1_193' title='bbox 350 2780 646 2851; x_wconf 66' lang='grc' dir='ltr'>θεωμένων</span> <span class='ocrx_word' id='word_1_194' title='bbox 677 2777 765 2832; x_wconf 76' lang='grc' dir='ltr'>καὶ</span> <span class='ocrx_word' id='word_1_195' title='bbox 797 2778 861 2832; x_wconf 89' lang='grc' dir='ltr'>τὸ</span> <span class='ocrx_word' id='word_1_196' title='bbox 904 2775 1120 2843; x_wconf 78' lang='grc' dir='ltr'>πλῆθος</span> <span class='ocrx_word' id='word_1_197' title='bbox 1175 2777 1355 2832; x_wconf 78' lang='grc' dir='ltr'>αὐτῶν</span> <span class='ocrx_word' id='word_1_198' title='bbox 1412 2778 1822 2851; x_wconf 65' lang='grc' dir='ltr'>θαυμαζόντων,</span> <span class='ocrx_word' id='word_1_199' title='bbox 1854 2776 2020 2851; x_wconf 79' lang='grc' dir='ltr'>φιλο-</span> 
     </span>
    </p>
   </div>
   <div class='ocr_carea' id='block_1_30' title="bbox 344 2871 2016 2954">
    <p class='ocr_par' dir='ltr' id='par_1_30' title="bbox 344 2871 2016 2954">
     <span class='ocr_line' id='line_1_30' title="bbox 344 2871 2016 2954; baseline -0.001 -24"><span class='ocrx_word' id='word_1_200' title='bbox 344 2876 602 2948; x_wconf 76' lang='grc' dir='ltr'>τίμωςτε</span> <span class='ocrx_word' id='word_1_201' title='bbox 629 2880 824 2930; x_wconf 69' lang='grc' dir='ltr'>τοῦτον</span> <span class='ocrx_word' id='word_1_202' title='bbox 898 2871 1354 2950; x_wconf 65' lang='grc' dir='ltr'>ὑποδεχομένων,</span> <span class='ocrx_word' id='word_1_203' title='bbox 1418 2877 1509 2930; x_wconf 86' lang='grc' dir='ltr'>καὶ</span> <span class='ocrx_word' id='word_1_204' title='bbox 1573 2877 1667 2929; x_wconf 79' lang='grc' dir='ltr'>σὺν</span> <span class='ocrx_word' id='word_1_205' title='bbox 1722 2875 2016 2954; x_wconf 73' lang='grc' dir='ltr'>εὐφημίαις</span> 
     </span>
    </p>
   </div>
   <div class='ocr_carea' id='block_1_31' title="bbox 352 2962 2020 3038">
    <p class='ocr_par' dir='ltr' id='par_1_31' title="bbox 352 2962 2020 3038">
     <span class='ocr_line' id='line_1_31' title="bbox 352 2962 2020 3038; baseline 0 -19"><span class='ocrx_word' id='word_1_206' title='bbox 352 2964 795 3038; x_wconf 81' lang='grc' dir='ltr'>προπεμπόντων</span> <span class='ocrx_word' id='word_1_207' title='bbox 830 2963 905 3025; x_wconf 78' lang='grc' dir='ltr'>εἷς</span> <span class='ocrx_word' id='word_1_208' title='bbox 964 2964 1031 3017; x_wconf 74' lang='grc' dir='ltr'>τὰ</span> <span class='ocrx_word' id='word_1_209' title='bbox 1076 2962 1353 3038; x_wconf 86' lang='grc' dir='ltr'>βασίλεια,</span> <span class='ocrx_word' id='word_1_210' title='bbox 1399 2970 1518 3025; x_wconf 83' lang='grc' dir='ltr'>τοῖς</span> <span class='ocrx_word' id='word_1_211' title='bbox 1568 2965 1846 3026; x_wconf 75' lang='grc' dir='ltr'>τοιούτοις</span> <span class='ocrx_word' id='word_1_212' title='bbox 1890 2985 2020 3038; x_wconf 89' lang='grc' dir='ltr'>τρο-</span> 
     </span>
    </p>
   </div>
   <div class='ocr_carea' id='block_1_32' title="bbox 350 3051 2019 3129">
    <p class='ocr_par' dir='ltr' id='par_1_32' title="bbox 350 3051 2019 3129">
     <span class='ocr_line' id='line_1_32' title="bbox 350 3051 2019 3129; baseline -0.001 -20"><span class='ocrx_word' id='word_1_213' title='bbox 350 3053 541 3114; x_wconf 82' lang='grc' dir='ltr'>παίοις</span> <span class='ocrx_word' id='word_1_214' title='bbox 572 3051 959 3125; x_wconf 83' lang='grc' dir='ltr'>κλεῖζόμενον.</span> <span class='ocrx_word' id='word_1_215' title='bbox 991 3056 1302 3122; x_wconf 81' lang='grc' dir='ltr'>Τηνικαῦτα</span> <span class='ocrx_word' id='word_1_216' title='bbox 1339 3052 1429 3107; x_wconf 85' lang='grc' dir='ltr'>καὶ</span> <span class='ocrx_word' id='word_1_217' title='bbox 1462 3055 1577 3125; x_wconf 87' lang='lat'>(36)</span> <span class='ocrx_word' id='word_1_218' title='bbox 1610 3054 1638 3107; x_wconf 87' lang='grc' dir='ltr'>ὁ</span> <span class='ocrx_word' id='word_1_219' title='bbox 1669 3055 2019 3129; x_wconf 72' lang='grc' dir='ltr'>πατριάρχης</span> 
     </span>
    </p>
   </div>
   <div class='ocr_carea' id='block_1_33' title="bbox 354 3139 2016 3217">
    <p class='ocr_par' dir='ltr' id='par_1_33' title="bbox 354 3139 2016 3217">
     <span class='ocr_line' id='line_1_33' title="bbox 354 3139 2016 3217; baseline -0.002 -18"><span class='ocrx_word' id='word_1_220' title='bbox 354 3141 672 3215; x_wconf 81' lang='grc' dir='ltr'>Βασίλειος,</span> <span class='ocrx_word' id='word_1_221' title='bbox 710 3141 900 3216; x_wconf 83' lang='grc' dir='ltr'>φθόνῳ</span> <span class='ocrx_word' id='word_1_222' title='bbox 926 3146 1035 3196; x_wconf 90' lang='grc' dir='ltr'>τῶν</span> <span class='ocrx_word' id='word_1_223' title='bbox 1068 3140 1383 3196; x_wconf 76' lang='grc' dir='ltr'>ἐπισκόπων</span> <span class='ocrx_word' id='word_1_224' title='bbox 1410 3139 1727 3210; x_wconf 81' lang='grc' dir='ltr'>διαϐληθεὶς</span> <span class='ocrx_word' id='word_1_225' title='bbox 1758 3145 1897 3217; x_wconf 85' lang='grc' dir='ltr'>πρὸς</span> <span class='ocrx_word' id='word_1_226' title='bbox 1926 3143 2016 3198; x_wconf 86' lang='grc' dir='ltr'>τὸν</span> 
     </span>
    </p>
   </div>
   <div class='ocr_carea' id='block_1_34' title="bbox 350 3229 2018 3307">
    <p class='ocr_par' dir='ltr' id='par_1_34' title="bbox 350 3229 2018 3307">
     <span class='ocr_line' id='line_1_34' title="bbox 350 3229 2018 3307; baseline -0.001 -19"><span class='ocrx_word' id='word_1_227' title='bbox 350 3231 750 3307; x_wconf 74' lang='grc' dir='ltr'>αὐτοκράτορα,</span> <span class='ocrx_word' id='word_1_228' title='bbox 802 3233 878 3295; x_wconf 83' lang='grc' dir='ltr'>ὡς</span> <span class='ocrx_word' id='word_1_229' title='bbox 910 3229 974 3302; x_wconf 78' lang='grc' dir='ltr'>δή</span> <span class='ocrx_word' id='word_1_230' title='bbox 1010 3253 1113 3286; x_wconf 88' lang='grc' dir='ltr'>τινι</span> <span class='ocrx_word' id='word_1_231' title='bbox 1146 3236 1251 3285; x_wconf 87' lang='grc' dir='ltr'>τῶν</span> <span class='ocrx_word' id='word_1_232' title='bbox 1284 3233 1422 3307; x_wconf 69' lang='grc' dir='ltr'>μέγα</span> <span class='ocrx_word' id='word_1_233' title='bbox 1450 3234 1533 3306; x_wconf 82' lang='grc' dir='ltr'>[Ρ.</span> <span class='ocrx_word' id='word_1_234' title='bbox 1599 3235 1724 3306; x_wconf 83' lang='grc'>101]</span> <span class='ocrx_word' id='word_1_235' title='bbox 1786 3230 2018 3306; x_wconf 75' lang='grc' dir='ltr'>δυναμε-</span> 
     </span>
    </p>
   </div>
   <div class='ocr_carea' id='block_1_35' title="bbox 350 3322 2023 3398">
    <p class='ocr_par' dir='ltr' id='par_1_35' title="bbox 350 3322 2023 3398">
     <span class='ocr_line' id='line_1_35' title="bbox 350 3322 2023 3398; baseline -0.019 1"><span class='ocrx_word' id='word_1_236' title='bbox 350 3346 456 3377; x_wconf 75' lang='grc' dir='ltr'>νων</span> <span class='ocrx_word' id='word_1_237' title='bbox 489 3323 603 3398; x_wconf 67' lang='grc' dir='ltr'>Ἇρᾷ</span> <span class='ocrx_word' id='word_1_238' title='bbox 632 3323 739 3391; x_wconf 64' lang='grc' dir='ltr'>τὴν</span> <span class='ocrx_word' id='word_1_239' title='bbox 768 3328 867 3391; x_wconf 62' lang='grc' dir='ltr'>τῆς</span> <span class='ocrx_word' id='word_1_240' title='bbox 901 3322 1204 3397; x_wconf 69' lang='grc' dir='ltr'>ἡγεμονίας</span> <span class='ocrx_word' id='word_1_241' title='bbox 1258 3322 1458 3397; x_wconf 74' lang='grc' dir='ltr'>ἀρχὴν,</span> <span class='ocrx_word' id='word_1_242' title='bbox 1516 3322 1606 3378; x_wconf 83' lang='grc' dir='ltr'>καὶ</span> <span class='ocrx_word' id='word_1_243' title='bbox 1660 3324 1728 3377; x_wconf 73' lang='grc' dir='ltr'>τὰ</span> <span class='ocrx_word' id='word_1_244' title='bbox 1755 3330 1854 3393; x_wconf 80' lang='grc' dir='ltr'>τῆς</span> <span class='ocrx_word' id='word_1_245' title='bbox 1904 3325 2023 3379; x_wconf 82' lang='grc' dir='ltr'>Ἐκ-</span> 
     </span>
    </p>
   </div>
   <div class='ocr_carea' id='block_1_36' title="bbox 350 3411 2015 3490">
    <p class='ocr_par' dir='ltr' id='par_1_36' title="bbox 350 3411 2015 3490">
     <span class='ocr_line' id='line_1_36' title="bbox 350 3411 2015 3490; baseline -0.001 -22"><span class='ocrx_word' id='word_1_246' title='bbox 350 3413 597 3484; x_wconf 84' lang='grc' dir='ltr'>κλησίας</span> <span class='ocrx_word' id='word_1_247' title='bbox 632 3412 729 3467; x_wconf 81' lang='grc' dir='ltr'>οὐκ</span> <span class='ocrx_word' id='word_1_248' title='bbox 763 3411 967 3467; x_wconf 70' lang='grc' dir='ltr'>εὐθύνει</span> <span class='ocrx_word' id='word_1_249' title='bbox 1019 3412 1157 3476; x_wconf 78' lang='grc' dir='ltr'>καθᾶ</span> <span class='ocrx_word' id='word_1_250' title='bbox 1215 3411 1304 3466; x_wconf 81' lang='grc' dir='ltr'>καὶ</span> <span class='ocrx_word' id='word_1_251' title='bbox 1363 3413 1501 3490; x_wconf 87' lang='grc' dir='ltr'>πρὸς</span> <span class='ocrx_word' id='word_1_252' title='bbox 1560 3416 1667 3467; x_wconf 89' lang='grc' dir='ltr'>τῶν</span> <span class='ocrx_word' id='word_1_253' title='bbox 1726 3412 1883 3467; x_wconf 87' lang='grc' dir='ltr'>θείων</span> <span class='ocrx_word' id='word_1_254' title='bbox 1918 3434 2015 3467; x_wconf 88' lang='grc' dir='ltr'>κα-</span> 
     </span>
    </p>
   </div>
   <div class='ocr_carea' id='block_1_37' title="bbox 352 3498 2018 3575">
    <p class='ocr_par' dir='ltr' id='par_1_37' title="bbox 352 3498 2018 3575">
     <span class='ocr_line' id='line_1_37' title="bbox 352 3498 2018 3575; baseline 0.001 -20"><span class='ocrx_word' id='word_1_255' title='bbox 352 3501 529 3556; x_wconf 85' lang='grc' dir='ltr'>νόνων</span> <span class='ocrx_word' id='word_1_256' title='bbox 561 3502 899 3574; x_wconf 83' lang='grc' dir='ltr'>νενόμισται,</span> <span class='ocrx_word' id='word_1_257' title='bbox 932 3500 1008 3563; x_wconf 72' lang='grc' dir='ltr'>εἰς</span> <span class='ocrx_word' id='word_1_258' title='bbox 1073 3501 1136 3555; x_wconf 89' lang='grc' dir='ltr'>τὸ</span> <span class='ocrx_word' id='word_1_259' title='bbox 1202 3498 1484 3575; x_wconf 86' lang='grc' dir='ltr'>βασιλικὸν</span> <span class='ocrx_word' id='word_1_260' title='bbox 1544 3500 1875 3556; x_wconf 79' lang='grc' dir='ltr'>εἶ’σεκαλεῖτο</span> <span class='ocrx_word' id='word_1_261' title='bbox 1937 3499 2018 3556; x_wconf 88' lang='grc' dir='ltr'>δι-</span> 
     </span>
    </p>
   </div>
   <div class='ocr_carea' id='block_1_38' title="bbox 349 3588 2014 3666">
    <p class='ocr_par' dir='ltr' id='par_1_38' title="bbox 349 3588 2014 3666">
     <span class='ocr_line' id='line_1_38' title="bbox 349 3588 2014 3666; baseline -0.001 -19"><span class='ocrx_word' id='word_1_262' title='bbox 349 3593 675 3666; x_wconf 78' lang='grc' dir='ltr'>καστήριον.</span> <span class='ocrx_word' id='word_1_263' title='bbox 710 3592 862 3647; x_wconf 78' lang='grc' dir='ltr'>Ἐπεὶ</span> <span class='ocrx_word' id='word_1_264' title='bbox 896 3588 952 3645; x_wconf 77' lang='grc' dir='ltr'>δὲ</span> <span class='ocrx_word' id='word_1_265' title='bbox 1006 3591 1084 3662; x_wconf 81' lang='grc' dir='ltr'>μή</span> <span class='ocrx_word' id='word_1_266' title='bbox 1138 3591 1376 3661; x_wconf 77' lang='grc' dir='ltr'>ἀπήντα,</span> <span class='ocrx_word' id='word_1_267' title='bbox 1454 3588 1581 3646; x_wconf 79' lang='grc' dir='ltr'>ἀλλ’</span> <span class='ocrx_word' id='word_1_268' title='bbox 1628 3590 2014 3664; x_wconf 72' lang='grc' dir='ltr'>οἶκουμενικήν</span> 
     </span>
    </p>
   </div>
   <div class='ocr_carea' id='block_1_39' title="bbox 351 3676 2013 3754">
    <p class='ocr_par' dir='ltr' id='par_1_39' title="bbox 351 3676 2013 3754">
     <span class='ocr_line' id='line_1_39' title="bbox 351 3676 2013 3754; baseline -0.001 -20"><span class='ocrx_word' id='word_1_269' title='bbox 351 3680 638 3754; x_wconf 67' lang='grc' dir='ltr'>ἀντέλεγεν</span> <span class='ocrx_word' id='word_1_270' title='bbox 712 3678 1139 3754; x_wconf 77' lang='grc' dir='ltr'>ἰσχυριζόμενος</span> <span class='ocrx_word' id='word_1_271' title='bbox 1194 3679 1545 3753; x_wconf 78' lang='grc' dir='ltr'>ἀθροισθῆναι</span> <span class='ocrx_word' id='word_1_272' title='bbox 1603 3676 1867 3748; x_wconf 84' lang='grc' dir='ltr'>σύνοδον,</span> <span class='ocrx_word' id='word_1_273' title='bbox 1925 3679 2013 3735; x_wconf 84' lang='grc' dir='ltr'>καὶ</span> 
     </span>
    </p>
   </div>
   <div class='ocr_carea' id='block_1_40' title="bbox 347 3766 2012 3843">
    <p class='ocr_par' dir='ltr' id='par_1_40' title="bbox 347 3766 2012 3843">
     <span class='ocr_line' id='line_1_40' title="bbox 347 3766 2012 3843; baseline 0 -21"><span class='ocrx_word' id='word_1_274' title='bbox 347 3773 655 3839; x_wconf 76' lang='grc' dir='ltr'>τηνικαῦτα</span> <span class='ocrx_word' id='word_1_275' title='bbox 727 3766 1086 3831; x_wconf 85' lang='grc' dir='ltr'>διαλύσασθαι</span> <span class='ocrx_word' id='word_1_276' title='bbox 1142 3769 1210 3822; x_wconf 72' lang='grc' dir='ltr'>τὰ</span> <span class='ocrx_word' id='word_1_277' title='bbox 1287 3766 1607 3842; x_wconf 70' lang='grc' dir='ltr'>ἐγκλήματα</span> <span class='ocrx_word' id='word_1_278' title='bbox 1669 3771 1846 3839; x_wconf 80' lang='grc' dir='ltr'>(τοῦτο</span> <span class='ocrx_word' id='word_1_279' title='bbox 1910 3768 2012 3843; x_wconf 81' lang='grc' dir='ltr'>γὰρ</span> 
     </span>
    </p>
   </div>
   <div class='ocr_carea' id='block_1_41' title="bbox 354 3856 2015 3933">
    <p class='ocr_par' dir='ltr' id='par_1_41' title="bbox 354 3856 2015 3933">
     <span class='ocr_line' id='line_1_41' title="bbox 354 3856 2015 3933; baseline -0.001 -22"><span class='ocrx_word' id='word_1_280' title='bbox 354 3856 655 3933; x_wconf 79' lang='grc' dir='ltr'>βούλεσθαι</span> <span class='ocrx_word' id='word_1_281' title='bbox 687 3857 777 3911; x_wconf 79' lang='grc' dir='ltr'>καὶ</span> <span class='ocrx_word' id='word_1_282' title='bbox 826 3858 893 3911; x_wconf 76' lang='grc' dir='ltr'>τὰ</span> <span class='ocrx_word' id='word_1_283' title='bbox 949 3860 1060 3910; x_wconf 89' lang='grc' dir='ltr'>τῶν</span> <span class='ocrx_word' id='word_1_284' title='bbox 1121 3856 1373 3931; x_wconf 82' lang='grc' dir='ltr'>Πατὲρων</span> <span class='ocrx_word' id='word_1_285' title='bbox 1425 3857 1754 3920; x_wconf 84' lang='grc' dir='ltr'>θεόπνευστα</span> <span class='ocrx_word' id='word_1_286' title='bbox 1811 3877 2015 3931; x_wconf 89' lang='grc' dir='ltr'>παραγ-</span> 
     </span>
    </p>
   </div>
   <div class='ocr_carea' id='block_1_42' title="bbox 346 3944 2011 4023">
    <p class='ocr_par' dir='ltr' id='par_1_42' title="bbox 346 3944 2011 4023">
     <span class='ocr_line' id='line_1_42' title="bbox 346 3944 2011 4023; baseline -0.001 -22"><span class='ocrx_word' id='word_1_287' title='bbox 346 3946 603 4023; x_wconf 67' lang='grc' dir='ltr'>γέλματα</span> <span class='ocrx_word' id='word_1_288' title='bbox 638 3991 652 4016; x_wconf 92' lang='grc'>,</span> <span class='ocrx_word' id='word_1_289' title='bbox 716 3946 1102 4019; x_wconf 74' lang='grc' dir='ltr'>οἶκουμενικὴν</span> <span class='ocrx_word' id='word_1_290' title='bbox 1159 3946 1245 4000; x_wconf 78' lang='grc' dir='ltr'>ἐπὶ</span> <span class='ocrx_word' id='word_1_291' title='bbox 1304 3946 1649 4022; x_wconf 80' lang='grc' dir='ltr'>πατριάρχου</span> <span class='ocrx_word' id='word_1_292' title='bbox 1706 3944 2011 4022; x_wconf 70' lang='grc' dir='ltr'>καθαιρέσει</span> 
     </span>
    </p>
   </div>
   <div class='ocr_carea' id='block_1_43' title="bbox 344 4041 2005 4121">
    <p class='ocr_par' dir='ltr' id='par_1_43' title="bbox 344 4041 2005 4121">
     <span class='ocr_line' id='line_1_43' title="bbox 344 4041 2005 4121; baseline 0.001 -21"><span class='ocrx_word' id='word_1_293' title='bbox 344 4050 767 4120; x_wconf 78' lang='grc' dir='ltr'>συγκροτεῖσθαι</span> <span class='ocrx_word' id='word_1_294' title='bbox 800 4041 1073 4117; x_wconf 77' lang='grc' dir='ltr'>σύνοδον)·</span> <span class='ocrx_word' id='word_1_295' title='bbox 1104 4043 1179 4106; x_wconf 84' lang='grc' dir='ltr'>είς</span> <span class='ocrx_word' id='word_1_296' title='bbox 1209 4045 1270 4099; x_wconf 82' lang='grc' dir='ltr'>τὸ</span> <span class='ocrx_word' id='word_1_297' title='bbox 1327 4044 1463 4100; x_wconf 85' lang='grc' dir='ltr'>κατᾶ</span> <span class='ocrx_word' id='word_1_298' title='bbox 1517 4043 1612 4099; x_wconf 84' lang='grc' dir='ltr'>τὸν</span> <span class='ocrx_word' id='word_1_299' title='bbox 1648 4042 2005 4121; x_wconf 76' lang='grc' dir='ltr'>Σκάμανδρον</span> 
     </span>
    </p>
   </div>
   <div class='ocr_carea' id='block_1_44' title="bbox 344 4130 2009 4211">
    <p class='ocr_par' dir='ltr' id='par_1_44' title="bbox 344 4130 2009 4211">
     <span class='ocr_line' id='line_1_44' title="bbox 344 4130 2009 4211; baseline -0.001 -21"><span class='ocrx_word' id='word_1_300' title='bbox 344 4134 548 4190; x_wconf 82' lang='grc' dir='ltr'>τελοῦν</span> <span class='ocrx_word' id='word_1_301' title='bbox 575 4136 1019 4211; x_wconf 80' lang='grc' dir='ltr'>φροντιστήριον,</span> <span class='ocrx_word' id='word_1_302' title='bbox 1053 4132 1185 4210; x_wconf 75' lang='grc' dir='ltr'>ὅπερ</span> <span class='ocrx_word' id='word_1_303' title='bbox 1246 4134 1407 4196; x_wconf 81' lang='grc' dir='ltr'>αὐτὸς</span> <span class='ocrx_word' id='word_1_304' title='bbox 1437 4130 1715 4207; x_wconf 75' lang='grc' dir='ltr'>ἐδείματο,</span> <span class='ocrx_word' id='word_1_305' title='bbox 1746 4134 1883 4209; x_wconf 88' lang='grc' dir='ltr'>πρὸς</span> <span class='ocrx_word' id='word_1_306' title='bbox 1908 4138 2009 4191; x_wconf 76' lang='grc' dir='ltr'>τοῦ</span> 
     </span>
    </p>
   </div>
   <div class='ocr_carea' id='block_1_45' title="bbox 348 4220 2010 4300">
    <p class='ocr_par' dir='ltr' id='par_1_45' title="bbox 348 4220 2010 4300">
     <span class='ocr_line' id='line_1_45' title="bbox 348 4220 2010 4300; baseline 0 -23"><span class='ocrx_word' id='word_1_307' title='bbox 348 4222 631 4300; x_wconf 70' lang='grc' dir='ltr'>βασιλέως</span> <span class='ocrx_word' id='word_1_308' title='bbox 660 4223 1050 4299; x_wconf 83' lang='grc' dir='ltr'>περιορίζεται·</span> <span class='ocrx_word' id='word_1_309' title='bbox 1099 4222 1238 4298; x_wconf 75' lang='grc' dir='ltr'>ἀνὴρ</span> <span class='ocrx_word' id='word_1_310' title='bbox 1296 4224 1530 4299; x_wconf 73' lang='grc' dir='ltr'>ἄτροφος</span> <span class='ocrx_word' id='word_1_311' title='bbox 1581 4220 1776 4298; x_wconf 87' lang='grc' dir='ltr'>σχεδόν</span> <span class='ocrx_word' id='word_1_312' title='bbox 1836 4244 1894 4279; x_wconf 86' lang='grc' dir='ltr'>τε</span> <span class='ocrx_word' id='word_1_313' title='bbox 1920 4223 2010 4279; x_wconf 85' lang='grc' dir='ltr'>καὶ</span> 
     </span>
    </p>
   </div>
   <div class='ocr_carea' id='block_1_46' title="bbox 347 4311 2009 4389">
    <p class='ocr_par' dir='ltr' id='par_1_46' title="bbox 347 4311 2009 4389">
     <span class='ocr_line' id='line_1_46' title="bbox 347 4311 2009 4389; baseline 0.001 -21"><span class='ocrx_word' id='word_1_314' title='bbox 347 4316 617 4387; x_wconf 80' lang='grc' dir='ltr'>ἄσαρκος,</span> <span class='ocrx_word' id='word_1_315' title='bbox 648 4312 698 4385; x_wconf 79' lang='grc' dir='ltr'>ἐξ</span> <span class='ocrx_word' id='word_1_316' title='bbox 730 4313 955 4368; x_wconf 81' lang='grc' dir='ltr'>ἁπαλῶν</span> <span class='ocrx_word' id='word_1_317' title='bbox 1004 4312 1216 4388; x_wconf 83' lang='grc' dir='ltr'>ὀνύχων</span> <span class='ocrx_word' id='word_1_318' title='bbox 1268 4311 1584 4383; x_wconf 80' lang='grc' dir='ltr'>ἀσκητικοῖς</span> <span class='ocrx_word' id='word_1_319' title='bbox 1642 4312 1847 4389; x_wconf 83' lang='grc' dir='ltr'>ἀγῶσιν</span> <span class='ocrx_word' id='word_1_320' title='bbox 1879 4314 2009 4388; x_wconf 70' lang='grc' dir='ltr'>ὑπὲρ</span> 
     </span>
    </p>
   </div>
   <div class='ocr_carea' id='block_1_47' title="bbox 338 4411 2008 4491">
    <p class='ocr_par' dir='ltr' id='par_1_47' title="bbox 338 4411 2008 4491">
     <span class='ocr_line' id='line_1_47' title="bbox 338 4411 2008 4491; baseline 0.001 -24"><span class='ocrx_word' id='word_1_321' title='bbox 338 4412 507 4491; x_wconf 74' lang='grc' dir='ltr'>φύσιν</span> <span class='ocrx_word' id='word_1_322' title='bbox 548 4412 1045 4488; x_wconf 74' lang='grc' dir='ltr'>ἐγγυμνασάμενος,</span> <span class='ocrx_word' id='word_1_323' title='bbox 1102 4411 1393 4487; x_wconf 81' lang='grc' dir='ltr'>ἀμπεχόνῃ</span> <span class='ocrx_word' id='word_1_324' title='bbox 1451 4414 1800 4488; x_wconf 73' lang='grc' dir='ltr'>κεχρημένος</span> <span class='ocrx_word' id='word_1_325' title='bbox 1865 4411 2008 4488; x_wconf 67' lang='grc' dir='ltr'>θέρει</span> 
     </span>
    </p>
   </div>
   <div class='ocr_carea' id='block_1_48' title="bbox 333 4498 2010 4574">
    <p class='ocr_par' dir='ltr' id='par_1_48' title="bbox 333 4498 2010 4574">
     <span class='ocr_line' id='line_1_48' title="bbox 333 4498 2010 4574; baseline 0 -18"><span class='ocrx_word' id='word_1_326' title='bbox 333 4521 400 4556; x_wconf 83' lang='grc' dir='ltr'>τε</span> <span class='ocrx_word' id='word_1_327' title='bbox 427 4499 518 4555; x_wconf 78' lang='grc' dir='ltr'>καὶ</span> <span class='ocrx_word' id='word_1_328' title='bbox 544 4503 783 4574; x_wconf 84' lang='grc' dir='ltr'>χειμῶνι</span> <span class='ocrx_word' id='word_1_329' title='bbox 815 4504 934 4573; x_wconf 82' lang='grc' dir='ltr'>μιᾷ,</span> <span class='ocrx_word' id='word_1_330' title='bbox 965 4499 1056 4555; x_wconf 87' lang='grc' dir='ltr'>καὶ</span> <span class='ocrx_word' id='word_1_331' title='bbox 1085 4498 1257 4574; x_wconf 73' lang='grc' dir='ltr'>ταύτῃ</span> <span class='ocrx_word' id='word_1_332' title='bbox 1294 4500 1369 4574; x_wconf 85' lang='grc' dir='ltr'>μὴ</span> <span class='ocrx_word' id='word_1_333' title='bbox 1428 4498 1832 4574; x_wconf 80' lang='grc' dir='ltr'>ἀπεκδυόμενος</span> <span class='ocrx_word' id='word_1_334' title='bbox 1875 4504 2010 4573; x_wconf 82' lang='lat'>(37),</span> 
     </span>
    </p>
   </div>
   <div class='ocr_carea' id='block_1_49' title="bbox 2189 703 3769 766">
    <p class='ocr_par' dir='ltr' id='par_1_49' title="bbox 2189 703 3769 766">
     <span class='ocr_line' id='line_1_49' title="bbox 2189 703 3769 766; baseline 0.008 -12"><span class='ocrx_word' id='word_1_335' title='bbox 2189 704 2240 754; x_wconf 83' lang='lat'>2.</span> <span class='ocrx_word' id='word_1_336' title='bbox 2274 703 2361 757; x_wconf 92' lang='lat' dir='ltr'>Ita</span> <span class='ocrx_word' id='word_1_337' title='bbox 2384 706 2607 757; x_wconf 89' lang='lat' dir='ltr'>vastata</span> <span class='ocrx_word' id='word_1_338' title='bbox 2629 719 2696 758; x_wconf 89' lang='lat' dir='ltr'>ac</span> <span class='ocrx_word' id='word_1_339' title='bbox 2720 703 2781 757; x_wconf 92' lang='lat' dir='ltr'>in</span> <span class='ocrx_word' id='word_1_340' title='bbox 2806 705 3207 760; x_wconf 82' lang='lat' dir='ltr'>Romanorum</span> <span class='ocrx_word' id='word_1_341' title='bbox 3231 706 3517 762; x_wconf 81' lang='lat' dir='ltr'>ditionem</span> <span class='ocrx_word' id='word_1_342' title='bbox 3532 711 3769 766; x_wconf 84' lang='lat' dir='ltr'>redacta</span> 
     </span>
    </p>
   </div>
   <div class='ocr_carea' id='block_1_50' title="bbox 2111 791 3769 869">
    <p class='ocr_par' dir='ltr' id='par_1_50' title="bbox 2111 791 3769 869">
     <span class='ocr_line' id='line_1_50' title="bbox 2111 791 3769 869; baseline 0.006 -25"><span class='ocrx_word' id='word_1_343' title='bbox 2111 791 2435 855; x_wconf 80' lang='lat' dir='ltr'>vicinitate,</span> <span class='ocrx_word' id='word_1_344' title='bbox 2470 792 2827 863; x_wconf 79' lang='lat' dir='ltr'>properabat</span> <span class='ocrx_word' id='word_1_345' title='bbox 2882 794 3179 850; x_wconf 75' lang='lat' dir='ltr'>Ecbatana</span> <span class='ocrx_word' id='word_1_346' title='bbox 3212 812 3399 866; x_wconf 90' lang='lat' dir='ltr'>usque</span> <span class='ocrx_word' id='word_1_347' title='bbox 3434 804 3769 869; x_wconf 78' lang='lat' dir='ltr'>penetrare,</span> 
     </span>
    </p>
   </div>
   <div class='ocr_carea' id='block_1_51' title="bbox 2114 882 3771 958">
    <p class='ocr_par' dir='ltr' id='par_1_51' title="bbox 2114 882 3771 958">
     <span class='ocr_line' id='line_1_51' title="bbox 2114 882 3771 958; baseline 0.006 -24"><span class='ocrx_word' id='word_1_348' title='bbox 2114 882 2212 935; x_wconf 89' lang='lat' dir='ltr'>ubi</span> <span class='ocrx_word' id='word_1_349' title='bbox 2243 882 2671 937; x_wconf 89' lang='lat' dir='ltr'>Saracenorum</span> <span class='ocrx_word' id='word_1_350' title='bbox 2690 884 3018 938; x_wconf 89' lang='lat' dir='ltr'>constituta</span> <span class='ocrx_word' id='word_1_351' title='bbox 3039 886 3201 956; x_wconf 89' lang='lat' dir='ltr'>regia</span> <span class='ocrx_word' id='word_1_352' title='bbox 3216 888 3581 957; x_wconf 87' lang='lat' dir='ltr'>est,argenti,</span> <span class='ocrx_word' id='word_1_353' title='bbox 3619 892 3771 958; x_wconf 90' lang='lat' dir='ltr'>auri,</span> 
     </span>
    </p>
   </div>
   <div class='ocr_carea' id='block_1_52' title="bbox 2115 970 3758 1048">
    <p class='ocr_par' dir='ltr' id='par_1_52' title="bbox 2115 970 3758 1048">
     <span class='ocr_line' id='line_1_52' title="bbox 2115 970 3758 1048; baseline 0.005 -25"><span class='ocrx_word' id='word_1_354' title='bbox 2115 970 2451 1026; x_wconf 81' lang='lat' dir='ltr'>divitiarum</span> <span class='ocrx_word' id='word_1_355' title='bbox 2472 972 2763 1043; x_wconf 85' lang='lat' dir='ltr'>cujusque</span> <span class='ocrx_word' id='word_1_356' title='bbox 2779 974 3013 1043; x_wconf 81' lang='lat' dir='ltr'>generis</span> <span class='ocrx_word' id='word_1_357' title='bbox 3030 974 3430 1045; x_wconf 83' lang='lat' dir='ltr'>inexplicabili</span> <span class='ocrx_word' id='word_1_358' title='bbox 3453 977 3502 1029; x_wconf 92' lang='lat' dir='ltr'>vi</span> <span class='ocrx_word' id='word_1_359' title='bbox 3522 977 3758 1048; x_wconf 87' lang='lat' dir='ltr'>referta,</span> 
     </span>
    </p>
   </div>
   <div class='ocr_carea' id='block_1_53' title="bbox 2117 1061 3765 1136">
    <p class='ocr_par' dir='ltr' id='par_1_53' title="bbox 2117 1061 3765 1136">
     <span class='ocr_line' id='line_1_53' title="bbox 2117 1061 3765 1136; baseline 0.004 -23"><span class='ocrx_word' id='word_1_360' title='bbox 2117 1074 2184 1113; x_wconf 89' lang='lat' dir='ltr'>eo</span> <span class='ocrx_word' id='word_1_361' title='bbox 2210 1061 2483 1128; x_wconf 90' lang='lat' dir='ltr'>consilio,</span> <span class='ocrx_word' id='word_1_362' title='bbox 2508 1066 2573 1115; x_wconf 89' lang='lat' dir='ltr'>ut</span> <span class='ocrx_word' id='word_1_363' title='bbox 2602 1061 2797 1116; x_wconf 86' lang='lat' dir='ltr'>subita</span> <span class='ocrx_word' id='word_1_364' title='bbox 2828 1063 3178 1118; x_wconf 86' lang='lat' dir='ltr'>incursione</span> <span class='ocrx_word' id='word_1_365' title='bbox 3202 1064 3364 1119; x_wconf 91' lang='lat' dir='ltr'>illam</span> <span class='ocrx_word' id='word_1_366' title='bbox 3388 1082 3623 1136; x_wconf 87' lang='lat' dir='ltr'>quoque</span> <span class='ocrx_word' id='word_1_367' title='bbox 3665 1068 3765 1121; x_wconf 81' lang='lat' dir='ltr'>Ol)-</span> 
     </span>
    </p>
   </div>
   <div class='ocr_carea' id='block_1_54' title="bbox 2118 1148 3769 1226">
    <p class='ocr_par' dir='ltr' id='par_1_54' title="bbox 2118 1148 3769 1226">
     <span class='ocr_line' id='line_1_54' title="bbox 2118 1148 3769 1226; baseline 0.005 -25"><span class='ocrx_word' id='word_1_368' title='bbox 2118 1148 2582 1221; x_wconf 85' lang='lat' dir='ltr'>tineret.Quippe</span> <span class='ocrx_word' id='word_1_369' title='bbox 2614 1156 2831 1221; x_wconf 71' lang='lat' dir='ltr'>praeter</span> <span class='ocrx_word' id='word_1_370' title='bbox 2863 1157 3110 1208; x_wconf 68' lang='lat' dir='ltr'>caeteras</span> <span class='ocrx_word' id='word_1_371' title='bbox 3144 1153 3769 1226; x_wconf 85' lang='lat' dir='ltr'>urbes,quotquotsub</span> 
     </span>
    </p>
   </div>
   <div class='ocr_carea' id='block_1_55' title="bbox 2118 1238 3768 1317">
    <p class='ocr_par' dir='ltr' id='par_1_55' title="bbox 2118 1238 3768 1317">
     <span class='ocr_line' id='line_1_55' title="bbox 2118 1238 3768 1317; baseline 0.005 -25"><span class='ocrx_word' id='word_1_372' title='bbox 2118 1238 2242 1293; x_wconf 91' lang='lat' dir='ltr'>sole</span> <span class='ocrx_word' id='word_1_373' title='bbox 2274 1243 2432 1301; x_wconf 89' lang='lat' dir='ltr'>sunt,</span> <span class='ocrx_word' id='word_1_374' title='bbox 2457 1256 2577 1294; x_wconf 91' lang='lat' dir='ltr'>una</span> <span class='ocrx_word' id='word_1_375' title='bbox 2602 1240 3039 1296; x_wconf 87' lang='lat' dir='ltr'>Ecbatanorum</span> <span class='ocrx_word' id='word_1_376' title='bbox 3067 1242 3269 1297; x_wconf 81' lang='lat' dir='ltr'>civitas</span> <span class='ocrx_word' id='word_1_377' title='bbox 3296 1260 3474 1314; x_wconf 90' lang='lat' dir='ltr'>opum</span> <span class='ocrx_word' id='word_1_378' title='bbox 3521 1247 3768 1317; x_wconf 86' lang='lat' dir='ltr'>aurique</span> 
     </span>
    </p>
   </div>
   <div class='ocr_carea' id='block_1_56' title="bbox 2104 1324 3767 1403">
    <p class='ocr_par' dir='ltr' id='par_1_56' title="bbox 2104 1324 3767 1403">
     <span class='ocr_line' id='line_1_56' title="bbox 2104 1324 3767 1403; baseline 0.006 -23"><span class='ocrx_word' id='word_1_379' title='bbox 2104 1324 2471 1398; x_wconf 81' lang='lat' dir='ltr'>plenissima</span> <span class='ocrx_word' id='word_1_380' title='bbox 2500 1329 2867 1399; x_wconf 85' lang='lat' dir='ltr'>perhibetur.</span> <span class='ocrx_word' id='word_1_381' title='bbox 2901 1331 3043 1402; x_wconf 85' lang='lat' dir='ltr'>Ejus</span> <span class='ocrx_word' id='word_1_382' title='bbox 3061 1332 3145 1386; x_wconf 86' lang='lat' dir='ltr'>rei</span> <span class='ocrx_word' id='word_1_383' title='bbox 3178 1332 3331 1387; x_wconf 85' lang='lat' dir='ltr'>hanc</span> <span class='ocrx_word' id='word_1_384' title='bbox 3356 1350 3483 1389; x_wconf 87' lang='lat' dir='ltr'>esse</span> <span class='ocrx_word' id='word_1_385' title='bbox 3506 1352 3767 1403; x_wconf 86' lang='lat' dir='ltr'>causam,</span> 
     </span>
    </p>
   </div>
   <div class='ocr_carea' id='block_1_57' title="bbox 2121 1414 3767 1491">
    <p class='ocr_par' dir='ltr' id='par_1_57' title="bbox 2121 1414 3767 1491">
     <span class='ocr_line' id='line_1_57' title="bbox 2121 1414 3767 1491; baseline 0.005 -24"><span class='ocrx_word' id='word_1_386' title='bbox 2121 1414 2276 1484; x_wconf 90' lang='lat' dir='ltr'>quod</span> <span class='ocrx_word' id='word_1_387' title='bbox 2311 1415 2439 1486; x_wconf 88' lang='lat' dir='ltr'>ipsa</span> <span class='ocrx_word' id='word_1_388' title='bbox 2462 1416 2668 1471; x_wconf 89' lang='lat' dir='ltr'>multis</span> <span class='ocrx_word' id='word_1_389' title='bbox 2701 1434 2771 1471; x_wconf 87' lang='lat' dir='ltr'>ex</span> <span class='ocrx_word' id='word_1_390' title='bbox 2803 1418 3071 1489; x_wconf 90' lang='lat' dir='ltr'>partibus</span> <span class='ocrx_word' id='word_1_391' title='bbox 3094 1420 3354 1491; x_wconf 79' lang='lat' dir='ltr'>coegerit</span> <span class='ocrx_word' id='word_1_392' title='bbox 3376 1422 3682 1491; x_wconf 84' lang='lat' dir='ltr'>pecunias,</span> <span class='ocrx_word' id='word_1_393' title='bbox 3705 1423 3767 1476; x_wconf 91' lang='lat' dir='ltr'>in</span> 
     </span>
    </p>
   </div>
   <div class='ocr_carea' id='block_1_58' title="bbox 2120 1506 3770 1564">
    <p class='ocr_par' dir='ltr' id='par_1_58' title="bbox 2120 1506 3770 1564">
     <span class='ocr_line' id='line_1_58' title="bbox 2120 1506 3770 1564; baseline 0.005 -8"><span class='ocrx_word' id='word_1_394' title='bbox 2120 1519 2364 1558; x_wconf 86' lang='lat' dir='ltr'>cursum</span> <span class='ocrx_word' id='word_1_395' title='bbox 2397 1509 2595 1559; x_wconf 90' lang='lat' dir='ltr'>autem</span> <span class='ocrx_word' id='word_1_396' title='bbox 2628 1506 2904 1561; x_wconf 77' lang='lat' dir='ltr'>hostilem</span> <span class='ocrx_word' id='word_1_397' title='bbox 2939 1507 3131 1561; x_wconf 88' lang='lat' dir='ltr'>adhuc</span> <span class='ocrx_word' id='word_1_398' title='bbox 3163 1508 3239 1561; x_wconf 89' lang='lat' dir='ltr'>sit</span> <span class='ocrx_word' id='word_1_399' title='bbox 3270 1509 3516 1563; x_wconf 91' lang='lat' dir='ltr'>omnino</span> <span class='ocrx_word' id='word_1_400' title='bbox 3538 1510 3770 1564; x_wconf 89' lang='lat' dir='ltr'>nullum</span> 
     </span>
    </p>
   </div>
   <div class='ocr_carea' id='block_1_59' title="bbox 2119 1597 3777 1672">
    <p class='ocr_par' dir='ltr' id='par_1_59' title="bbox 2119 1597 3777 1672">
     <span class='ocr_line' id='line_1_59' title="bbox 2119 1597 3777 1672; baseline 0.004 -24"><span class='ocrx_word' id='word_1_401' title='bbox 2119 1597 2944 1669; x_wconf 89' lang='lat' dir='ltr'>passa.Atenimimperatoris</span> <span class='ocrx_word' id='word_1_402' title='bbox 2960 1604 3100 1653; x_wconf 80' lang='lat' dir='ltr'>tunc</span> <span class='ocrx_word' id='word_1_403' title='bbox 3119 1600 3407 1671; x_wconf 85' lang='lat' dir='ltr'>impetum</span> <span class='ocrx_word' id='word_1_404' title='bbox 3423 1601 3777 1672; x_wconf 88' lang='lat' dir='ltr'>compressit</span> 
     </span>
    </p>
   </div>
   <div class='ocr_carea' id='block_1_60' title="bbox 2122 1686 3766 1758">
    <p class='ocr_par' dir='ltr' id='par_1_60' title="bbox 2122 1686 3766 1758">
     <span class='ocr_line' id='line_1_60' title="bbox 2122 1686 3766 1758; baseline 0.005 -19"><span class='ocrx_word' id='word_1_405' title='bbox 2122 1701 2257 1741; x_wconf 91' lang='lat' dir='ltr'>cum</span> <span class='ocrx_word' id='word_1_406' title='bbox 2284 1686 2551 1743; x_wconf 90' lang='lat' dir='ltr'>locorum</span> <span class='ocrx_word' id='word_1_407' title='bbox 2576 1690 2831 1758; x_wconf 85' lang='lat' dir='ltr'>siccitas,</span> <span class='ocrx_word' id='word_1_408' title='bbox 2879 1696 3002 1745; x_wconf 91' lang='lat' dir='ltr'>tum</span> <span class='ocrx_word' id='word_1_409' title='bbox 3050 1709 3251 1747; x_wconf 91' lang='lat' dir='ltr'>rerum</span> <span class='ocrx_word' id='word_1_410' title='bbox 3298 1692 3766 1748; x_wconf 88' lang='lat' dir='ltr'>necessariarum</span> 
     </span>
    </p>
   </div>
   <div class='ocr_carea' id='block_1_61' title="bbox 2123 1775 3768 1852">
    <p class='ocr_par' dir='ltr' id='par_1_61' title="bbox 2123 1775 3768 1852">
     <span class='ocr_line' id='line_1_61' title="bbox 2123 1775 3768 1852; baseline 0.003 -23"><span class='ocrx_word' id='word_1_411' title='bbox 2123 1775 2344 1847; x_wconf 86' lang='lat' dir='ltr'>inopia.</span> <span class='ocrx_word' id='word_1_412' title='bbox 2377 1777 2640 1833; x_wconf 87' lang='lat' dir='ltr'>Pertinet</span> <span class='ocrx_word' id='word_1_413' title='bbox 2669 1795 2775 1850; x_wconf 91' lang='lat' dir='ltr'>per</span> <span class='ocrx_word' id='word_1_414' title='bbox 2806 1795 2902 1833; x_wconf 80' lang='lat' dir='ltr'>eas</span> <span class='ocrx_word' id='word_1_415' title='bbox 2934 1785 3131 1851; x_wconf 86' lang='lat' dir='ltr'>partes</span> <span class='ocrx_word' id='word_1_416' title='bbox 3164 1798 3342 1852; x_wconf 91' lang='lat' dir='ltr'>quam</span> <span class='ocrx_word' id='word_1_417' title='bbox 3377 1781 3768 1836; x_wconf 89' lang='lat' dir='ltr'>Carmanitim</span> 
     </span>
    </p>
   </div>
   <div class='ocr_carea' id='block_1_62' title="bbox 2122 1866 3770 1941">
    <p class='ocr_par' dir='ltr' id='par_1_62' title="bbox 2122 1866 3770 1941">
     <span class='ocr_line' id='line_1_62' title="bbox 2122 1866 3770 1941; baseline 0.005 -26"><span class='ocrx_word' id='word_1_418' title='bbox 2122 1870 2334 1919; x_wconf 88' lang='lat' dir='ltr'>vocant</span> <span class='ocrx_word' id='word_1_419' title='bbox 2365 1866 2645 1935; x_wconf 84' lang='lat' dir='ltr'>solitudo,</span> <span class='ocrx_word' id='word_1_420' title='bbox 2678 1884 2951 1938; x_wconf 87' lang='lat' dir='ltr'>asperam</span> <span class='ocrx_word' id='word_1_421' title='bbox 2984 1869 3351 1940; x_wconf 88' lang='lat' dir='ltr'>arduamque</span> <span class='ocrx_word' id='word_1_422' title='bbox 3392 1870 3770 1941; x_wconf 74' lang='lat' dir='ltr'>praetendens</span> 
     </span>
    </p>
   </div>
   <div class='ocr_carea' id='block_1_63' title="bbox 2124 1956 3767 2032">
    <p class='ocr_par' dir='ltr' id='par_1_63' title="bbox 2124 1956 3767 2032">
     <span class='ocr_line' id='line_1_63' title="bbox 2124 1956 3767 2032; baseline 0.004 -22"><span class='ocrx_word' id='word_1_423' title='bbox 2124 1956 2297 2023; x_wconf 88' lang='lat' dir='ltr'>viam,</span> <span class='ocrx_word' id='word_1_424' title='bbox 2331 1974 2524 2028; x_wconf 89' lang='lat' dir='ltr'>neque</span> <span class='ocrx_word' id='word_1_425' title='bbox 2556 1975 2773 2029; x_wconf 83' lang='lat' dir='ltr'>aquam</span> <span class='ocrx_word' id='word_1_426' title='bbox 2806 1966 3080 2015; x_wconf 89' lang='lat' dir='ltr'>eructans</span> <span class='ocrx_word' id='word_1_427' title='bbox 3112 1962 3265 2016; x_wconf 74' lang='lat'>163</span> <span class='ocrx_word' id='word_1_428' title='bbox 3297 1978 3491 2031; x_wconf 85' lang='lat' dir='ltr'>neque</span> <span class='ocrx_word' id='word_1_429' title='bbox 3506 1962 3767 2032; x_wconf 85' lang='lat' dir='ltr'>plantam</span> 
     </span>
    </p>
   </div>
   <div class='ocr_carea' id='block_1_64' title="bbox 2124 2045 3768 2115">
    <p class='ocr_par' dir='ltr' id='par_1_64' title="bbox 2124 2045 3768 2115">
     <span class='ocr_line' id='line_1_64' title="bbox 2124 2045 3768 2115; baseline 0.002 -16"><span class='ocrx_word' id='word_1_430' title='bbox 2124 2045 2384 2101; x_wconf 85' lang='lat' dir='ltr'>fundens</span> <span class='ocrx_word' id='word_1_431' title='bbox 2415 2047 2622 2115; x_wconf 87' lang='lat' dir='ltr'>ullam,</span> <span class='ocrx_word' id='word_1_432' title='bbox 2655 2048 2842 2115; x_wconf 90' lang='lat' dir='ltr'>arida,</span> <span class='ocrx_word' id='word_1_433' title='bbox 2874 2049 3123 2105; x_wconf 89' lang='lat' dir='ltr'>humore</span> <span class='ocrx_word' id='word_1_434' title='bbox 3147 2067 3380 2105; x_wconf 89' lang='lat' dir='ltr'>carens.</span> <span class='ocrx_word' id='word_1_435' title='bbox 3422 2052 3508 2105; x_wconf 91' lang='lat' dir='ltr'>Ita</span> <span class='ocrx_word' id='word_1_436' title='bbox 3556 2050 3768 2105; x_wconf 87' lang='lat' dir='ltr'>ablatis</span> 
     </span>
    </p>
   </div>
   <div class='ocr_carea' id='block_1_65' title="bbox 2123 2135 3769 2205">
    <p class='ocr_par' dir='ltr' id='par_1_65' title="bbox 2123 2135 3769 2205">
     <span class='ocr_line' id='line_1_65' title="bbox 2123 2135 3769 2205; baseline 0.004 -17"><span class='ocrx_word' id='word_1_437' title='bbox 2123 2151 2255 2204; x_wconf 62' lang='lat' dir='ltr'>qua;</span> <span class='ocrx_word' id='word_1_438' title='bbox 2277 2152 2312 2189; x_wconf 92' lang='lat' dir='ltr'>a</span> <span class='ocrx_word' id='word_1_439' title='bbox 2340 2135 2648 2190; x_wconf 87' lang='lat' dir='ltr'>Saracenis</span> <span class='ocrx_word' id='word_1_440' title='bbox 2682 2137 2792 2192; x_wconf 89' lang='lat' dir='ltr'>sibi</span> <span class='ocrx_word' id='word_1_441' title='bbox 2827 2137 3251 2194; x_wconf 81' lang='lat' dir='ltr'>deferebantur</span> <span class='ocrx_word' id='word_1_442' title='bbox 3288 2140 3484 2205; x_wconf 89' lang='lat' dir='ltr'>donis,</span> <span class='ocrx_word' id='word_1_443' title='bbox 3520 2157 3769 2194; x_wconf 90' lang='lat' dir='ltr'>numero</span> 
     </span>
    </p>
   </div>
   <div class='ocr_carea' id='block_1_66' title="bbox 2124 2223 3777 2300">
    <p class='ocr_par' dir='ltr' id='par_1_66' title="bbox 2124 2223 3777 2300">
     <span class='ocr_line' id='line_1_66' title="bbox 2124 2223 3777 2300; baseline 0.004 -24"><span class='ocrx_word' id='word_1_444' title='bbox 2124 2223 2323 2278; x_wconf 88' lang='lat' dir='ltr'>tricies</span> <span class='ocrx_word' id='word_1_445' title='bbox 2349 2226 2619 2281; x_wconf 89' lang='lat' dir='ltr'>centenis</span> <span class='ocrx_word' id='word_1_446' title='bbox 2650 2226 2916 2281; x_wconf 91' lang='lat' dir='ltr'>millibus</span> <span class='ocrx_word' id='word_1_447' title='bbox 2948 2230 3171 2300; x_wconf 81' lang='lat' dir='ltr'>argenti</span> <span class='ocrx_word' id='word_1_448' title='bbox 3199 2236 3257 2283; x_wconf 88' lang='lat' dir='ltr'>et</span> <span class='ocrx_word' id='word_1_449' title='bbox 3289 2231 3777 2296; x_wconf 80' lang='lat' dir='ltr'>auri,Constanti—</span> 
     </span>
    </p>
   </div>
   <div class='ocr_carea' id='block_1_67' title="bbox 2123 2315 3771 2393">
    <p class='ocr_par' dir='ltr' id='par_1_67' title="bbox 2123 2315 3771 2393">
     <span class='ocr_line' id='line_1_67' title="bbox 2123 2315 3771 2393; baseline 0.003 -25"><span class='ocrx_word' id='word_1_450' title='bbox 2123 2315 2393 2386; x_wconf 87' lang='lat' dir='ltr'>uopolim</span> <span class='ocrx_word' id='word_1_451' title='bbox 2424 2318 2685 2382; x_wconf 88' lang='lat' dir='ltr'>revertit,</span> <span class='ocrx_word' id='word_1_452' title='bbox 2720 2317 2821 2372; x_wconf 92' lang='lat' dir='ltr'>ubi</span> <span class='ocrx_word' id='word_1_453' title='bbox 2877 2335 3111 2389; x_wconf 90' lang='lat' dir='ltr'>aurum,</span> <span class='ocrx_word' id='word_1_454' title='bbox 3157 2325 3489 2393; x_wconf 76' lang='lat' dir='ltr'>argentum,</span> <span class='ocrx_word' id='word_1_455' title='bbox 3554 2327 3771 2375; x_wconf 84' lang='lat' dir='ltr'>vestem</span> 
     </span>
    </p>
   </div>
   <div class='ocr_carea' id='block_1_68' title="bbox 2124 2406 3774 2480">
    <p class='ocr_par' dir='ltr' id='par_1_68' title="bbox 2124 2406 3774 2480">
     <span class='ocr_line' id='line_1_68' title="bbox 2124 2406 3774 2480; baseline 0.003 -22"><span class='ocrx_word' id='word_1_456' title='bbox 2124 2406 2383 2459; x_wconf 89' lang='lat' dir='ltr'>sericam</span> <span class='ocrx_word' id='word_1_457' title='bbox 2417 2412 2595 2476; x_wconf 88' lang='lat' dir='ltr'>atque</span> <span class='ocrx_word' id='word_1_458' title='bbox 2626 2407 2859 2474; x_wconf 89' lang='lat' dir='ltr'>odores,</span> <span class='ocrx_word' id='word_1_459' title='bbox 2891 2408 3050 2464; x_wconf 89' lang='lat' dir='ltr'>dona</span> <span class='ocrx_word' id='word_1_460' title='bbox 3097 2409 3356 2480; x_wconf 89' lang='lat' dir='ltr'>denique</span> <span class='ocrx_word' id='word_1_461' title='bbox 3402 2427 3437 2465; x_wconf 93' lang='lat' dir='ltr'>a</span> <span class='ocrx_word' id='word_1_462' title='bbox 3468 2410 3774 2465; x_wconf 85' lang='lat' dir='ltr'>Saracenis</span> 
     </span>
    </p>
   </div>
   <div class='ocr_carea' id='block_1_69' title="bbox 2122 2496 3771 2570">
    <p class='ocr_par' dir='ltr' id='par_1_69' title="bbox 2122 2496 3771 2570">
     <span class='ocr_line' id='line_1_69' title="bbox 2122 2496 3771 2570; baseline 0.003 -23"><span class='ocrx_word' id='word_1_463' title='bbox 2122 2496 2454 2565; x_wconf 88' lang='lat' dir='ltr'>accepta,in</span> <span class='ocrx_word' id='word_1_464' title='bbox 2479 2496 2780 2567; x_wconf 91' lang='lat' dir='ltr'>triumpho</span> <span class='ocrx_word' id='word_1_465' title='bbox 2799 2514 2904 2568; x_wconf 91' lang='lat' dir='ltr'>per</span> <span class='ocrx_word' id='word_1_466' title='bbox 2934 2500 3129 2553; x_wconf 79' lang='lat' dir='ltr'>forum</span> <span class='ocrx_word' id='word_1_467' title='bbox 3152 2499 3305 2568; x_wconf 88' lang='lat' dir='ltr'>tulit,</span> <span class='ocrx_word' id='word_1_468' title='bbox 3332 2504 3637 2570; x_wconf 87' lang='lat' dir='ltr'>spectante</span> <span class='ocrx_word' id='word_1_469' title='bbox 3670 2516 3771 2552; x_wconf 89' lang='lat' dir='ltr'>co-</span> 
     </span>
    </p>
   </div>
   <div class='ocr_carea' id='block_1_70' title="bbox 2122 2583 3768 2658">
    <p class='ocr_par' dir='ltr' id='par_1_70' title="bbox 2122 2583 3768 2658">
     <span class='ocr_line' id='line_1_70' title="bbox 2122 2583 3768 2658; baseline 0.002 -22"><span class='ocrx_word' id='word_1_470' title='bbox 2122 2583 2403 2657; x_wconf 86' lang='lat' dir='ltr'>piamque</span> <span class='ocrx_word' id='word_1_471' title='bbox 2421 2600 2621 2639; x_wconf 90' lang='lat' dir='ltr'>rerum</span> <span class='ocrx_word' id='word_1_472' title='bbox 2642 2587 2895 2641; x_wconf 91' lang='lat' dir='ltr'>mirante</span> <span class='ocrx_word' id='word_1_473' title='bbox 2912 2588 3165 2658; x_wconf 90' lang='lat' dir='ltr'>populo;</span> <span class='ocrx_word' id='word_1_474' title='bbox 3192 2594 3249 2642; x_wconf 89' lang='lat' dir='ltr'>et</span> <span class='ocrx_word' id='word_1_475' title='bbox 3263 2589 3523 2643; x_wconf 90' lang='lat' dir='ltr'>studiose</span> <span class='ocrx_word' id='word_1_476' title='bbox 3541 2605 3682 2642; x_wconf 88' lang='lat' dir='ltr'>sane</span> <span class='ocrx_word' id='word_1_477' title='bbox 3698 2587 3768 2641; x_wconf 88' lang='lat' dir='ltr'>ab</span> 
     </span>
    </p>
   </div>
   <div class='ocr_carea' id='block_1_71' title="bbox 2125 2671 3771 2746">
    <p class='ocr_par' dir='ltr' id='par_1_71' title="bbox 2125 2671 3771 2746">
     <span class='ocr_line' id='line_1_71' title="bbox 2125 2671 3771 2746; baseline 0.004 -22"><span class='ocrx_word' id='word_1_478' title='bbox 2125 2671 2335 2726; x_wconf 88' lang='lat' dir='ltr'>eodem</span> <span class='ocrx_word' id='word_1_479' title='bbox 2358 2679 2448 2727; x_wconf 93' lang='lat' dir='ltr'>est</span> <span class='ocrx_word' id='word_1_480' title='bbox 2474 2681 2768 2746; x_wconf 90' lang='lat' dir='ltr'>receptus,</span> <span class='ocrx_word' id='word_1_481' title='bbox 2802 2681 2861 2729; x_wconf 90' lang='lat' dir='ltr'>et</span> <span class='ocrx_word' id='word_1_482' title='bbox 2891 2693 3026 2730; x_wconf 89' lang='lat' dir='ltr'>cum</span> <span class='ocrx_word' id='word_1_483' title='bbox 3084 2678 3616 2733; x_wconf 86' lang='lat' dir='ltr'>acclamationibus</span> <span class='ocrx_word' id='word_1_484' title='bbox 3648 2694 3771 2730; x_wconf 87' lang='lat' dir='ltr'>ma-</span> 
     </span>
    </p>
   </div>
   <div class='ocr_carea' id='block_1_72' title="bbox 2122 2763 3776 2838">
    <p class='ocr_par' dir='ltr' id='par_1_72' title="bbox 2122 2763 3776 2838">
     <span class='ocr_line' id='line_1_72' title="bbox 2122 2763 3776 2838; baseline 0.004 -24"><span class='ocrx_word' id='word_1_485' title='bbox 2122 2776 2354 2832; x_wconf 86' lang='lat' dir='ltr'>gnaque</span> <span class='ocrx_word' id='word_1_486' title='bbox 2368 2763 2577 2820; x_wconf 89' lang='lat' dir='ltr'>harum</span> <span class='ocrx_word' id='word_1_487' title='bbox 2591 2765 2970 2821; x_wconf 89' lang='lat' dir='ltr'>victoriarum</span> <span class='ocrx_word' id='word_1_488' title='bbox 2982 2767 3402 2838; x_wconf 81' lang='lat' dir='ltr'>praedicatione</span> <span class='ocrx_word' id='word_1_489' title='bbox 3416 2767 3476 2821; x_wconf 91' lang='lat' dir='ltr'>in</span> <span class='ocrx_word' id='word_1_490' title='bbox 3490 2767 3711 2838; x_wconf 89' lang='lat' dir='ltr'>palatiu</span> <span class='ocrx_word' id='word_1_491' title='bbox 3722 2784 3776 2820; x_wconf 91' lang='lat' dir='ltr'>m</span> 
     </span>
    </p>
   </div>
   <div class='ocr_carea' id='block_1_73' title="bbox 2125 2854 3777 2933">
    <p class='ocr_par' dir='ltr' id='par_1_73' title="bbox 2125 2854 3777 2933">
     <span class='ocr_line' id='line_1_73' title="bbox 2125 2854 3777 2933; baseline 0.004 -26"><span class='ocrx_word' id='word_1_492' title='bbox 2125 2854 2436 2911; x_wconf 88' lang='lat' dir='ltr'>deductus.</span> <span class='ocrx_word' id='word_1_493' title='bbox 2483 2858 2704 2915; x_wconf 87' lang='lat' dir='ltr'>Eadem</span> <span class='ocrx_word' id='word_1_494' title='bbox 2755 2864 3107 2931; x_wconf 84' lang='lat' dir='ltr'>tempestate</span> <span class='ocrx_word' id='word_1_495' title='bbox 3140 2860 3391 2916; x_wconf 88' lang='lat' dir='ltr'>Basilius</span> <span class='ocrx_word' id='word_1_496' title='bbox 3438 2860 3777 2933; x_wconf 79' lang='lat' dir='ltr'>patriarcha</span> 
     </span>
    </p>
   </div>
   <div class='ocr_carea' id='block_1_74' title="bbox 2125 2947 3775 3022">
    <p class='ocr_par' dir='ltr' id='par_1_74' title="bbox 2125 2947 3775 3022">
     <span class='ocr_line' id='line_1_74' title="bbox 2125 2947 3775 3022; baseline 0.001 -20"><span class='ocrx_word' id='word_1_497' title='bbox 2125 2947 2461 3003; x_wconf 90' lang='lat' dir='ltr'>antistitum</span> <span class='ocrx_word' id='word_1_498' title='bbox 2493 2949 2716 3003; x_wconf 89' lang='lat' dir='ltr'>invidia</span> <span class='ocrx_word' id='word_1_499' title='bbox 2741 2949 3142 3005; x_wconf 89' lang='lat' dir='ltr'>calumniatus</span> <span class='ocrx_word' id='word_1_500' title='bbox 3174 2955 3260 3005; x_wconf 89' lang='lat' dir='ltr'>est</span> <span class='ocrx_word' id='word_1_501' title='bbox 3282 2950 3775 3022; x_wconf 87' lang='lat' dir='ltr'>apudimperato-</span> 
     </span>
    </p>
   </div>
   <div class='ocr_carea' id='block_1_75' title="bbox 2125 3037 3775 3111">
    <p class='ocr_par' dir='ltr' id='par_1_75' title="bbox 2125 3037 3775 3111">
     <span class='ocr_line' id='line_1_75' title="bbox 2125 3037 3775 3111; baseline 0.002 -21"><span class='ocrx_word' id='word_1_502' title='bbox 2125 3053 2273 3104; x_wconf 87' lang='lat' dir='ltr'>rem,</span> <span class='ocrx_word' id='word_1_503' title='bbox 2298 3038 2468 3108; x_wconf 88' lang='lat' dir='ltr'>quasi</span> <span class='ocrx_word' id='word_1_504' title='bbox 2500 3037 2737 3093; x_wconf 91' lang='lat' dir='ltr'>cuidam</span> <span class='ocrx_word' id='word_1_505' title='bbox 2772 3055 2802 3092; x_wconf 91' lang='lat' dir='ltr'>e</span> <span class='ocrx_word' id='word_1_506' title='bbox 2834 3040 3176 3110; x_wconf 87' lang='lat' dir='ltr'>potentibus</span> <span class='ocrx_word' id='word_1_507' title='bbox 3210 3040 3349 3094; x_wconf 90' lang='lat' dir='ltr'>viris</span> <span class='ocrx_word' id='word_1_508' title='bbox 3369 3039 3775 3111; x_wconf 88' lang='lat' dir='ltr'>principatum</span> 
     </span>
    </p>
   </div>
   <div class='ocr_carea' id='block_1_76' title="bbox 2125 3126 3777 3197">
    <p class='ocr_par' dir='ltr' id='par_1_76' title="bbox 2125 3126 3777 3197">
     <span class='ocr_line' id='line_1_76' title="bbox 2125 3126 3777 3197; baseline 0.001 -18"><span class='ocrx_word' id='word_1_509' title='bbox 2125 3126 2534 3196; x_wconf 67' lang='lat' dir='ltr'>praadixisset;</span> <span class='ocrx_word' id='word_1_510' title='bbox 2559 3128 2738 3182; x_wconf 89' lang='lat' dir='ltr'>simul</span> <span class='ocrx_word' id='word_1_511' title='bbox 2760 3128 2917 3197; x_wconf 90' lang='lat' dir='ltr'>quod</span> <span class='ocrx_word' id='word_1_512' title='bbox 2948 3128 3274 3187; x_wconf 88' lang='lat' dir='ltr'>Ecclesiam</span> <span class='ocrx_word' id='word_1_513' title='bbox 3290 3144 3409 3182; x_wconf 87' lang='lat' dir='ltr'>non</span> <span class='ocrx_word' id='word_1_514' title='bbox 3424 3129 3506 3183; x_wconf 90' lang='lat' dir='ltr'>ita</span> <span class='ocrx_word' id='word_1_515' title='bbox 3523 3128 3777 3182; x_wconf 89' lang='lat' dir='ltr'>admini-</span> 
     </span>
    </p>
   </div>
   <div class='ocr_carea' id='block_1_77' title="bbox 2129 3220 3770 3293">
    <p class='ocr_par' dir='ltr' id='par_1_77' title="bbox 2129 3220 3770 3293">
     <span class='ocr_line' id='line_1_77' title="bbox 2129 3220 3770 3293; baseline 0 -20"><span class='ocrx_word' id='word_1_516' title='bbox 2129 3225 2343 3275; x_wconf 87' lang='lat' dir='ltr'>straret</span> <span class='ocrx_word' id='word_1_517' title='bbox 2363 3221 2864 3290; x_wconf 89' lang='lat' dir='ltr'>quemadmodum</span> <span class='ocrx_word' id='word_1_518' title='bbox 2882 3220 3100 3275; x_wconf 87' lang='lat' dir='ltr'>divinis</span> <span class='ocrx_word' id='word_1_519' title='bbox 3126 3221 3357 3293; x_wconf 83' lang='lat' dir='ltr'>legibus</span> <span class='ocrx_word' id='word_1_520' title='bbox 3382 3221 3770 3275; x_wconf 87' lang='lat' dir='ltr'>essetconsti-</span> 
     </span>
    </p>
   </div>
   <div class='ocr_carea' id='block_1_78' title="bbox 2126 3309 3767 3381">
    <p class='ocr_par' dir='ltr' id='par_1_78' title="bbox 2126 3309 3767 3381">
     <span class='ocr_line' id='line_1_78' title="bbox 2126 3309 3767 3381; baseline -0.001 -18"><span class='ocrx_word' id='word_1_521' title='bbox 2126 3312 2320 3363; x_wconf 86' lang='lat' dir='ltr'>tutum</span> <span class='ocrx_word' id='word_1_522' title='bbox 2347 3325 2359 3361; x_wconf 91' lang='lat'>:</span> <span class='ocrx_word' id='word_1_523' title='bbox 2383 3309 2467 3364; x_wconf 92' lang='lat' dir='ltr'>ita</span> <span class='ocrx_word' id='word_1_524' title='bbox 2496 3309 2570 3364; x_wconf 89' lang='lat' dir='ltr'>ad</span> <span class='ocrx_word' id='word_1_525' title='bbox 2600 3309 3022 3364; x_wconf 83' lang='lat' dir='ltr'>consistorium</span> <span class='ocrx_word' id='word_1_526' title='bbox 3044 3310 3375 3381; x_wconf 88' lang='lat' dir='ltr'>palatinum</span> <span class='ocrx_word' id='word_1_527' title='bbox 3406 3314 3644 3363; x_wconf 86' lang='lat' dir='ltr'>vocatus</span> <span class='ocrx_word' id='word_1_528' title='bbox 3659 3314 3767 3362; x_wconf 88' lang='lat' dir='ltr'>est.</span> 
     </span>
    </p>
   </div>
   <div class='ocr_carea' id='block_1_79' title="bbox 2130 3398 3775 3469">
    <p class='ocr_par' dir='ltr' id='par_1_79' title="bbox 2130 3398 3775 3469">
     <span class='ocr_line' id='line_1_79' title="bbox 2130 3398 3775 3469; baseline -0.002 -16"><span class='ocrx_word' id='word_1_529' title='bbox 2130 3398 2238 3453; x_wconf 91' lang='lat' dir='ltr'>Ubi</span> <span class='ocrx_word' id='word_1_530' title='bbox 2270 3415 2405 3454; x_wconf 89' lang='lat' dir='ltr'>cum</span> <span class='ocrx_word' id='word_1_531' title='bbox 2435 3416 2557 3454; x_wconf 89' lang='lat' dir='ltr'>non</span> <span class='ocrx_word' id='word_1_532' title='bbox 2589 3398 3186 3469; x_wconf 87' lang='lat' dir='ltr'>stitisset,coutraque</span> <span class='ocrx_word' id='word_1_533' title='bbox 3220 3398 3775 3465; x_wconf 81' lang='lat' dir='ltr'>afﬁrmaret,conci-</span> 
     </span>
    </p>
   </div>
   <div class='ocr_carea' id='block_1_80' title="bbox 2131 3488 3776 3563">
    <p class='ocr_par' dir='ltr' id='par_1_80' title="bbox 2131 3488 3776 3563">
     <span class='ocr_line' id='line_1_80' title="bbox 2131 3488 3776 3563; baseline -0.002 -18"><span class='ocrx_word' id='word_1_534' title='bbox 2131 3491 2278 3546; x_wconf 91' lang='lat' dir='ltr'>lium</span> <span class='ocrx_word' id='word_1_535' title='bbox 2306 3492 2581 3563; x_wconf 81' lang='lat' dir='ltr'>generale</span> <span class='ocrx_word' id='word_1_536' title='bbox 2612 3491 3055 3547; x_wconf 88' lang='lat' dir='ltr'>convocandum</span> <span class='ocrx_word' id='word_1_537' title='bbox 3079 3508 3228 3560; x_wconf 90' lang='lat' dir='ltr'>esse,</span> <span class='ocrx_word' id='word_1_538' title='bbox 3264 3490 3345 3544; x_wconf 90' lang='lat' dir='ltr'>ibi</span> <span class='ocrx_word' id='word_1_539' title='bbox 3404 3506 3465 3545; x_wconf 89' lang='lat' dir='ltr'>se</span> <span class='ocrx_word' id='word_1_540' title='bbox 3524 3488 3776 3543; x_wconf 88' lang='lat' dir='ltr'>crimina</span> 
     </span>
    </p>
   </div>
   <div class='ocr_carea' id='block_1_81' title="bbox 2127 3579 3774 3637">
    <p class='ocr_par' dir='ltr' id='par_1_81' title="bbox 2127 3579 3774 3637">
     <span class='ocr_line' id='line_1_81' title="bbox 2127 3579 3774 3637; baseline -0.002 -3"><span class='ocrx_word' id='word_1_541' title='bbox 2127 3580 2609 3636; x_wconf 80' lang='lat' dir='ltr'>diluturumzita</span> <span class='ocrx_word' id='word_1_542' title='bbox 2638 3581 2786 3637; x_wconf 88' lang='lat' dir='ltr'>velle</span> <span class='ocrx_word' id='word_1_543' title='bbox 2841 3583 3081 3636; x_wconf 87' lang='lat' dir='ltr'>Patrum</span> <span class='ocrx_word' id='word_1_544' title='bbox 3134 3581 3343 3635; x_wconf 85' lang='lat' dir='ltr'>inﬂatu</span> <span class='ocrx_word' id='word_1_545' title='bbox 3394 3580 3592 3634; x_wconf 89' lang='lat' dir='ltr'>divino</span> <span class='ocrx_word' id='word_1_546' title='bbox 3642 3579 3774 3632; x_wconf 87' lang='lat' dir='ltr'>fusa</span> 
     </span>
    </p>
   </div>
   <div class='ocr_carea' id='block_1_82' title="bbox 2127 3668 3772 3743">
    <p class='ocr_par' dir='ltr' id='par_1_82' title="bbox 2127 3668 3772 3743">
     <span class='ocr_line' id='line_1_82' title="bbox 2127 3668 3772 3743; baseline -0.002 -19"><span class='ocrx_word' id='word_1_547' title='bbox 2127 3671 2386 3739; x_wconf 68' lang='lat' dir='ltr'>oracula,</span> <span class='ocrx_word' id='word_1_548' title='bbox 2418 3676 2485 3726; x_wconf 90' lang='lat' dir='ltr'>ut</span> <span class='ocrx_word' id='word_1_549' title='bbox 2516 3671 2591 3727; x_wconf 88' lang='lat' dir='ltr'>ad</span> <span class='ocrx_word' id='word_1_550' title='bbox 2648 3671 3044 3726; x_wconf 89' lang='lat' dir='ltr'>amovendum</span> <span class='ocrx_word' id='word_1_551' title='bbox 3099 3670 3498 3743; x_wconf 89' lang='lat' dir='ltr'>patriarcham</span> <span class='ocrx_word' id='word_1_552' title='bbox 3530 3668 3772 3723; x_wconf 87' lang='lat' dir='ltr'>comitia</span> 
     </span>
    </p>
   </div>
   <div class='ocr_carea' id='block_1_83' title="bbox 2127 3761 3769 3821">
    <p class='ocr_par' dir='ltr' id='par_1_83' title="bbox 2127 3761 3769 3821">
     <span class='ocr_line' id='line_1_83' title="bbox 2127 3761 3769 3821; baseline -0.002 -2"><span class='ocrx_word' id='word_1_553' title='bbox 2127 3770 2328 3819; x_wconf 88' lang='lat' dir='ltr'>essent</span> <span class='ocrx_word' id='word_1_554' title='bbox 2383 3766 2644 3821; x_wconf 89' lang='lat' dir='ltr'>maxima</span> <span class='ocrx_word' id='word_1_555' title='bbox 2694 3765 3063 3821; x_wconf 87' lang='lat' dir='ltr'>instituenda</span> <span class='ocrx_word' id='word_1_556' title='bbox 3092 3782 3105 3819; x_wconf 90' lang='lat'>:</span> <span class='ocrx_word' id='word_1_557' title='bbox 3140 3765 3200 3820; x_wconf 91' lang='lat' dir='ltr'>in</span> <span class='ocrx_word' id='word_1_558' title='bbox 3233 3763 3661 3819; x_wconf 89' lang='lat' dir='ltr'>monasterium</span> <span class='ocrx_word' id='word_1_559' title='bbox 3695 3761 3769 3816; x_wconf 90' lang='lat' dir='ltr'>ad</span> 
     </span>
    </p>
   </div>
   <div class='ocr_carea' id='block_1_84' title="bbox 2122 3857 3769 3931">
    <p class='ocr_par' dir='ltr' id='par_1_84' title="bbox 2122 3857 3769 3931">
     <span class='ocr_line' id='line_1_84' title="bbox 2122 3857 3769 3931; baseline -0.004 -18"><span class='ocrx_word' id='word_1_560' title='bbox 2122 3858 2737 3931; x_wconf 88' lang='lat' dir='ltr'>Scamandrum,quod</span> <span class='ocrx_word' id='word_1_561' title='bbox 2755 3860 2881 3931; x_wconf 91' lang='lat' dir='ltr'>ipse</span> <span class='ocrx_word' id='word_1_562' title='bbox 2906 3857 3769 3928; x_wconf 79' lang='lat' dir='ltr'>eedificaverat,abimperatore</span> 
     </span>
    </p>
   </div>
   <div class='ocr_carea' id='block_1_85' title="bbox 2123 3946 3767 4022">
    <p class='ocr_par' dir='ltr' id='par_1_85' title="bbox 2123 3946 3767 4022">
     <span class='ocr_line' id='line_1_85' title="bbox 2123 3946 3767 4022; baseline -0.002 -18"><span class='ocrx_word' id='word_1_563' title='bbox 2123 3950 2475 4005; x_wconf 89' lang='lat' dir='ltr'>amandatus</span> <span class='ocrx_word' id='word_1_564' title='bbox 2509 3956 2617 4007; x_wconf 90' lang='lat' dir='ltr'>est.</span> <span class='ocrx_word' id='word_1_565' title='bbox 2650 3952 2789 4007; x_wconf 79' lang='lat' dir='ltr'>Erat</span> <span class='ocrx_word' id='word_1_566' title='bbox 2836 3951 2887 4006; x_wconf 91' lang='lat' dir='ltr'>is</span> <span class='ocrx_word' id='word_1_567' title='bbox 2934 3952 3112 4007; x_wconf 90' lang='lat' dir='ltr'>homo</span> <span class='ocrx_word' id='word_1_568' title='bbox 3171 3951 3303 4005; x_wconf 91' lang='lat' dir='ltr'>cibo</span> <span class='ocrx_word' id='word_1_569' title='bbox 3335 3946 3767 4022; x_wconf 91' lang='lat' dir='ltr'>propemodum</span> 
     </span>
    </p>
   </div>
   <div class='ocr_carea' id='block_1_86' title="bbox 2123 4037 3767 4112">
    <p class='ocr_par' dir='ltr' id='par_1_86' title="bbox 2123 4037 3767 4112">
     <span class='ocr_line' id='line_1_86' title="bbox 2123 4037 3767 4112; baseline -0.006 -12"><span class='ocrx_word' id='word_1_570' title='bbox 2123 4045 2430 4102; x_wconf 85' lang='lat' dir='ltr'>abstinens</span> <span class='ocrx_word' id='word_1_571' title='bbox 2462 4050 2521 4100; x_wconf 89' lang='lat' dir='ltr'>et</span> <span class='ocrx_word' id='word_1_572' title='bbox 2544 4061 2721 4100; x_wconf 88' lang='lat' dir='ltr'>carne</span> <span class='ocrx_word' id='word_1_573' title='bbox 2749 4060 2984 4111; x_wconf 86' lang='lat' dir='ltr'>carens,</span> <span class='ocrx_word' id='word_1_574' title='bbox 3017 4059 3051 4097; x_wconf 93' lang='lat' dir='ltr'>a</span> <span class='ocrx_word' id='word_1_575' title='bbox 3081 4041 3303 4097; x_wconf 87' lang='lat' dir='ltr'>teneris</span> <span class='ocrx_word' id='word_1_576' title='bbox 3334 4037 3674 4112; x_wconf 77' lang='lat' dir='ltr'>unguiculis</span> <span class='ocrx_word' id='word_1_577' title='bbox 3703 4037 3767 4090; x_wconf 92' lang='lat' dir='ltr'>in</span> 
     </span>
    </p>
   </div>
   <div class='ocr_carea' id='block_1_87' title="bbox 2123 4128 3764 4203">
    <p class='ocr_par' dir='ltr' id='par_1_87' title="bbox 2123 4128 3764 4203">
     <span class='ocr_line' id='line_1_87' title="bbox 2123 4128 3764 4203; baseline -0.006 -13"><span class='ocrx_word' id='word_1_578' title='bbox 2123 4135 2546 4191; x_wconf 86' lang='lat' dir='ltr'>certaminibus</span> <span class='ocrx_word' id='word_1_579' title='bbox 2577 4134 2852 4190; x_wconf 90' lang='lat' dir='ltr'>asceticis</span> <span class='ocrx_word' id='word_1_580' title='bbox 2891 4149 3071 4203; x_wconf 87' lang='lat' dir='ltr'>supra</span> <span class='ocrx_word' id='word_1_581' title='bbox 3094 4138 3371 4187; x_wconf 89' lang='lat' dir='ltr'>naturam</span> <span class='ocrx_word' id='word_1_582' title='bbox 3390 4128 3764 4193; x_wconf 87' lang='lat' dir='ltr'>exercitatus,</span> 
     </span>
    </p>
   </div>
   <div class='ocr_carea' id='block_1_88' title="bbox 2122 4219 3761 4291">
    <p class='ocr_par' dir='ltr' id='par_1_88' title="bbox 2122 4219 3761 4291">
     <span class='ocr_line' id='line_1_88' title="bbox 2122 4219 3761 4291; baseline -0.005 -10"><span class='ocrx_word' id='word_1_583' title='bbox 2122 4226 2380 4282; x_wconf 89' lang='lat' dir='ltr'>amiculo</span> <span class='ocrx_word' id='word_1_584' title='bbox 2404 4231 2463 4281; x_wconf 91' lang='lat' dir='ltr'>et</span> <span class='ocrx_word' id='word_1_585' title='bbox 2485 4230 2689 4281; x_wconf 69' lang='lat' dir='ltr'>aestate</span> <span class='ocrx_word' id='word_1_586' title='bbox 2712 4230 2771 4280; x_wconf 88' lang='lat' dir='ltr'>et</span> <span class='ocrx_word' id='word_1_587' title='bbox 2800 4225 2995 4279; x_wconf 88' lang='lat' dir='ltr'>hieme</span> <span class='ocrx_word' id='word_1_588' title='bbox 3027 4224 3236 4278; x_wconf 88' lang='lat' dir='ltr'>eodem</span> <span class='ocrx_word' id='word_1_589' title='bbox 3270 4227 3467 4288; x_wconf 90' lang='lat' dir='ltr'>utens,</span> <span class='ocrx_word' id='word_1_590' title='bbox 3496 4219 3655 4291; x_wconf 89' lang='lat' dir='ltr'>quod</span> <span class='ocrx_word' id='word_1_591' title='bbox 3686 4234 3761 4272; x_wconf 88' lang='lat' dir='ltr'>ne</span> 
     </span>
    </p>
   </div>
   <div class='ocr_carea' id='block_1_89' title="bbox 2122 4310 3764 4387">
    <p class='ocr_par' dir='ltr' id='par_1_89' title="bbox 2122 4310 3764 4387">
     <span class='ocr_line' id='line_1_89' title="bbox 2122 4310 3764 4387; baseline -0.005 -17"><span class='ocrx_word' id='word_1_592' title='bbox 2122 4314 2457 4387; x_wconf 89' lang='lat' dir='ltr'>deponebat</span> <span class='ocrx_word' id='word_1_593' title='bbox 2478 4315 2740 4385; x_wconf 87' lang='lat' dir='ltr'>quidem,</span> <span class='ocrx_word' id='word_1_594' title='bbox 2765 4314 2955 4369; x_wconf 90' lang='lat' dir='ltr'>donec</span> <span class='ocrx_word' id='word_1_595' title='bbox 2968 4312 3266 4383; x_wconf 90' lang='lat' dir='ltr'>dilapsum</span> <span class='ocrx_word' id='word_1_596' title='bbox 3278 4310 3597 4365; x_wconf 87' lang='lat' dir='ltr'>utilitatem</span> <span class='ocrx_word' id='word_1_597' title='bbox 3612 4324 3764 4379; x_wconf 65' lang='lat' dir='ltr'>praa«</span> 
     </span>
    </p>
   </div>
   <div class='ocr_carea' id='block_1_90' title="bbox 2122 4400 3763 4475">
    <p class='ocr_par' dir='ltr' id='par_1_90' title="bbox 2122 4400 3763 4475">
     <span class='ocr_line' id='line_1_90' title="bbox 2122 4400 3763 4475; baseline -0.006 -12"><span class='ocrx_word' id='word_1_598' title='bbox 2122 4407 2289 4463; x_wconf 91' lang='lat' dir='ltr'>beret</span> <span class='ocrx_word' id='word_1_599' title='bbox 2308 4408 2564 4463; x_wconf 88' lang='lat' dir='ltr'>nullam:</span> <span class='ocrx_word' id='word_1_600' title='bbox 2587 4407 2892 4463; x_wconf 85' lang='lat' dir='ltr'>esculenta</span> <span class='ocrx_word' id='word_1_601' title='bbox 2903 4412 3102 4462; x_wconf 90' lang='lat' dir='ltr'>autem</span> <span class='ocrx_word' id='word_1_602' title='bbox 3116 4411 3175 4461; x_wconf 87' lang='lat' dir='ltr'>et</span> <span class='ocrx_word' id='word_1_603' title='bbox 3188 4402 3507 4475; x_wconf 89' lang='lat' dir='ltr'>poculenta</span> <span class='ocrx_word' id='word_1_604' title='bbox 3519 4400 3763 4456; x_wconf 90' lang='lat' dir='ltr'>omnino</span> 
     </span>
    </p>
   </div>
   <div class='ocr_carea' id='block_1_91' title="bbox 2122 4499 3761 4575">
    <p class='ocr_par' dir='ltr' id='par_1_91' title="bbox 2122 4499 3761 4575">
     <span class='ocr_line' id='line_1_91' title="bbox 2122 4499 3761 4575; baseline -0.007 -17"><span class='ocrx_word' id='word_1_605' title='bbox 2122 4518 2243 4558; x_wconf 91' lang='lat' dir='ltr'>non</span> <span class='ocrx_word' id='word_1_606' title='bbox 2268 4501 2561 4575; x_wconf 78' lang='lat' dir='ltr'>gustabat,</span> <span class='ocrx_word' id='word_1_607' title='bbox 2589 4506 2807 4574; x_wconf 79' lang='lat' dir='ltr'>praater</span> <span class='ocrx_word' id='word_1_608' title='bbox 2838 4516 3053 4572; x_wconf 89' lang='lat' dir='ltr'>aquam</span> <span class='ocrx_word' id='word_1_609' title='bbox 3086 4505 3144 4554; x_wconf 82' lang='lat' dir='ltr'>et</span> <span class='ocrx_word' id='word_1_610' title='bbox 3171 4499 3489 4554; x_wconf 88' lang='lat' dir='ltr'>baccarum</span> <span class='ocrx_word' id='word_1_611' title='bbox 3533 4508 3761 4550; x_wconf 87' lang='lat' dir='ltr'>succos.</span> 
     </span>
    </p>
   </div>
   <div class='ocr_carea' id='block_1_92' title="bbox 1564 4671 2558 4729">
    <p class='ocr_par' dir='ltr' id='par_1_92' title="bbox 1564 4671 2558 4729">
     <span class='ocr_line' id='line_1_92' title="bbox 1564 4671 2558 4729; baseline 0 -2"><span class='ocrx_word' id='word_1_612' title='bbox 1564 4671 1625 4729; x_wconf 79' lang='grc' dir='ltr'>Ο.</span> <span class='ocrx_word' id='word_1_613' title='bbox 1667 4672 1728 4728; x_wconf 90' lang='grc' dir='ltr'>Β.</span> <span class='ocrx_word' id='word_1_614' title='bbox 1772 4672 1960 4729; x_wconf 83' lang='lat' dir='ltr'><strong>HASII</strong></span> <span class='ocrx_word' id='word_1_615' title='bbox 1996 4672 2558 4729; x_wconf 79' lang='lat' dir='ltr'>ANNOTATIONES.</span> 
     </span>
    </p>
   </div>
   <div class='ocr_carea' id='block_1_93' title="bbox 418 4824 2012 4905">
    <p class='ocr_par' dir='ltr' id='par_1_93' title="bbox 418 4824 2012 4903">
     <span class='ocr_line' id='line_1_93' title="bbox 418 4824 2012 4903; baseline 0.003 -22"><span class='ocrx_word' id='word_1_616' title='bbox 418 4830 466 4865; x_wconf 66' lang='grc' dir='ltr'><strong><em>η</em></strong></span> <span class='ocrx_word' id='word_1_617' title='bbox 494 4824 779 4903; x_wconf 82' lang='grc' dir='ltr'>Τριπόλει.</span> <span class='ocrx_word' id='word_1_618' title='bbox 809 4828 902 4884; x_wconf 91' lang='lat' dir='ltr'>Sic</span> <span class='ocrx_word' id='word_1_619' title='bbox 932 4829 1063 4887; x_wconf 89' lang='lat' dir='ltr'>cod.</span> <span class='ocrx_word' id='word_1_620' title='bbox 1097 4826 1228 4884; x_wconf 89' lang='lat' dir='ltr'>hic:</span> <span class='ocrx_word' id='word_1_621' title='bbox 1265 4843 1443 4900; x_wconf 88' lang='lat' dir='ltr'>supra</span> <span class='ocrx_word' id='word_1_622' title='bbox 1467 4827 1555 4885; x_wconf 79' lang='grc'>43.</span> <span class='ocrx_word' id='word_1_623' title='bbox 1585 4828 1655 4883; x_wconf 92' lang='lat' dir='ltr'>D.</span> <span class='ocrx_word' id='word_1_624' title='bbox 1689 4828 1975 4885; x_wconf 88' lang='lat' dir='ltr'>mendose</span> <span class='ocrx_word' id='word_1_625' title='bbox 2006 4830 2012 4853; x_wconf 90' lang='lat'>&#39;</span> 
     </span>
    </p>
   </div>
   <div class='ocr_carea' id='block_1_94' title="bbox 2122 4824 2982 4905">
    <p class='ocr_par' dir='ltr' id='par_1_94' title="bbox 2122 4824 2982 4905">
     <span class='ocr_line' id='line_1_94' title="bbox 2122 4824 2982 4905; baseline 0 -21"><span class='ocrx_word' id='word_1_626' title='bbox 2122 4838 2271 4886; x_wconf 76' lang='grc' dir='ltr'>πολι.</span> <span class='ocrx_word' id='word_1_627' title='bbox 2349 4829 2395 4865; x_wconf 80' lang='grc'>⁴⁸</span> <span class='ocrx_word' id='word_1_628' title='bbox 2425 4831 2580 4886; x_wconf 81' lang='lat' dir='ltr'>Fort.</span> <span class='ocrx_word' id='word_1_629' title='bbox 2618 4824 2982 4905; x_wconf 69' lang='grc' dir='ltr'>βορειοτέρας.</span> 
     </span>
    </p>
   </div>
   <div class='ocr_carea' id='block_1_95' title="bbox 418 4982 2012 5070">
    <p class='ocr_par' dir='ltr' id='par_1_95' title="bbox 418 4985 2001 5070">
     <span class='ocr_line' id='line_1_95' title="bbox 418 4985 2001 5070; baseline -0.003 -23"><span class='ocrx_word' id='word_1_630' title='bbox 418 4993 532 5070; x_wconf 80' lang='lat'>(35)</span> <span class='ocrx_word' id='word_1_631' title='bbox 564 4989 821 5046; x_wconf 84' lang='lat' dir='ltr'>Verbum</span> <span class='ocrx_word' id='word_1_632' title='bbox 870 4985 1182 5070; x_wconf 50' lang='lat' dir='ltr'>ﬁlpa‘tﬂz&#39;vm,</span> <span class='ocrx_word' id='word_1_633' title='bbox 1217 4988 1277 5042; x_wconf 86' lang='lat' dir='ltr'>iu</span> <span class='ocrx_word' id='word_1_634' title='bbox 1305 4988 1529 5070; x_wconf 42' lang='lat' dir='ltr'>.Lexicis</span> <span class='ocrx_word' id='word_1_635' title='bbox 1581 4987 1728 5070; x_wconf 73' lang='lat' dir='ltr'>item</span> <span class='ocrx_word' id='word_1_636' title='bbox 1761 4992 2001 5070; x_wconf 68' lang='lat' dir='ltr'>praeter-</span> 
     </span>
    </p>
   </div>
   <div class='ocr_carea' id='block_1_96' title="bbox 2122 4982 3756 5070">
    <p class='ocr_par' dir='ltr' id='par_1_96' title="bbox 2122 4982 3756 5070">
     <span class='ocr_line' id='line_1_96' title="bbox 2122 4982 3756 5070; baseline -0.003 -27"><span class='ocrx_word' id='word_1_637' title='bbox 2122 4986 2486 5070; x_wconf 50' lang='grc' dir='ltr'>[θῐςδξ,παρὰ</span> <span class='ocrx_word' id='word_1_638' title='bbox 2511 4986 2808 5070; x_wconf 26' lang='grc' dir='ltr'>σοίοιπημὴ</span> <span class='ocrx_word' id='word_1_639' title='bbox 2861 4987 3299 5070; x_wconf 33' lang='grc' dir='ltr'>ζωῆςηΡεᾶιω.</span> <span class='ocrx_word' id='word_1_640' title='bbox 3360 5002 3527 5070; x_wconf 56' lang='lat' dir='ltr'>xxxv.</span> <span class='ocrx_word' id='word_1_641' title='bbox 3584 4987 3639 5050; x_wconf 86' lang='grc'>9,</span> <span class='ocrx_word' id='word_1_642' title='bbox 3666 4982 3756 5070; x_wconf 65' lang='lat' dir='ltr'>vel</span> 
     </span>
    </p>
   </div>
   <div class='ocr_carea' id='block_1_97' title="bbox 341 5060 2006 5132">
    <p class='ocr_par' dir='ltr' id='par_1_97' title="bbox 341 5060 2006 5132">
     <span class='ocr_line' id='line_1_97' title="bbox 341 5060 2006 5132; baseline -0.004 -11"><span class='ocrx_word' id='word_1_643' title='bbox 341 5060 625 5128; x_wconf 80' lang='lat' dir='ltr'>missum,</span> <span class='ocrx_word' id='word_1_644' title='bbox 655 5060 914 5132; x_wconf 86' lang='lat' dir='ltr'>occurrit</span> <span class='ocrx_word' id='word_1_645' title='bbox 938 5060 999 5114; x_wconf 90' lang='lat' dir='ltr'>in</span> <span class='ocrx_word' id='word_1_646' title='bbox 1031 5060 1089 5114; x_wconf 90' lang='lat' dir='ltr'>S.</span> <span class='ocrx_word' id='word_1_647' title='bbox 1110 5060 1354 5114; x_wconf 86' lang='lat' dir='ltr'>Joannis</span> <span class='ocrx_word' id='word_1_648' title='bbox 1384 5061 1687 5132; x_wconf 88' lang='lat' dir='ltr'>Chrysost,</span> <span class='ocrx_word' id='word_1_649' title='bbox 1712 5061 1826 5131; x_wconf 89' lang='lat' dir='ltr'>(cui</span> <span class='ocrx_word' id='word_1_650' title='bbox 1847 5066 2006 5115; x_wconf 88' lang='lat' dir='ltr'>certe</span> 
     </span>
    </p>
   </div>
   <div class='ocr_carea' id='block_1_98' title="bbox 340 5130 2003 5208">
    <p class='ocr_par' dir='ltr' id='par_1_98' title="bbox 340 5130 2003 5208">
     <span class='ocr_line' id='line_1_98' title="bbox 340 5130 2003 5208; baseline -0.006 -16"><span class='ocrx_word' id='word_1_651' title='bbox 340 5137 519 5208; x_wconf 88' lang='lat' dir='ltr'>vulgo</span> <span class='ocrx_word' id='word_1_652' title='bbox 541 5133 851 5208; x_wconf 74' lang='lat' dir='ltr'>tribuitur)</span> <span class='ocrx_word' id='word_1_653' title='bbox 884 5130 1042 5187; x_wconf 90' lang='lat' dir='ltr'>Orat.</span> <span class='ocrx_word' id='word_1_654' title='bbox 1078 5148 1149 5208; x_wconf 88' lang='lat' dir='ltr'>1_v.</span> <span class='ocrx_word' id='word_1_655' title='bbox 1192 5131 1273 5184; x_wconf 90' lang='lat' dir='ltr'>De</span> <span class='ocrx_word' id='word_1_656' title='bbox 1328 5130 1524 5208; x_wconf 76' lang='lat' dir='ltr'>jejun.</span> <span class='ocrx_word' id='word_1_657' title='bbox 1914 5134 2003 5186; x_wconf 87' lang='lat'>28.</span> 
     </span>
    </p>
   </div>
   <div class='ocr_carea' id='block_1_99' title="bbox 342 5198 1998 5280">
    <p class='ocr_par' dir='ltr' id='par_1_99' title="bbox 342 5198 1998 5280">
     <span class='ocr_line' id='line_1_99' title="bbox 342 5198 1998 5280; baseline -0.006 -17"><span class='ocrx_word' id='word_1_658' title='bbox 342 5198 573 5280; x_wconf 68' lang='lat' dir='ltr'>phrasi,</span> <span class='ocrx_word' id='word_1_659' title='bbox 594 5204 780 5280; x_wconf 39' lang='lat' dir='ltr'>_un_de‘</span> <span class='ocrx_word' id='word_1_660' title='bbox 808 5203 1057 5257; x_wconf 82' lang='lat' dir='ltr'>fortasse</span> <span class='ocrx_word' id='word_1_661' title='bbox 1090 5198 1517 5280; x_wconf 51' lang='lat' dir='ltr'>Leo_sulﬁp&#39;sit_:</span> <span class='ocrx_word' id='word_1_662' title='bbox 1646 5205 1755 5256; x_wconf 83' lang='grc' dir='ltr'>τῶν</span> <span class='ocrx_word' id='word_1_663' title='bbox 1771 5198 1998 5280; x_wconf 58' lang='grc' dir='ltr'>Διξδαὶτων</span> 
     </span>
    </p>
   </div>
   <div class='ocr_carea' id='block_1_100' title="bbox 340 5270 2001 5351">
    <p class='ocr_par' dir='ltr' id='par_1_100' title="bbox 340 5270 2001 5351">
     <span class='ocr_line' id='line_1_100' title="bbox 340 5270 2001 5351; baseline -0.004 -20"><span class='ocrx_word' id='word_1_664' title='bbox 340 5270 525 5351; x_wconf 68' lang='grc' dir='ltr'>ῖπηγαὶ</span> <span class='ocrx_word' id='word_1_665' title='bbox 566 5270 947 5345; x_wconf 15' lang='grc' dir='ltr'>νάντλοῦμενκι</span> <span class='ocrx_word' id='word_1_666' title='bbox 1008 5270 1387 5351; x_wconf 72' lang='grc' dir='ltr'>καθαρώτερον</span> <span class='ocrx_word' id='word_1_667' title='bbox 1442 5274 1505 5328; x_wconf 87' lang='grc' dir='ltr'>τὸ</span> <span class='ocrx_word' id='word_1_668' title='bbox 1543 5270 1727 5351; x_wconf 37' lang='grc' dir='ltr'>’ὕδωρ-</span> <span class='ocrx_word' id='word_1_669' title='bbox 1768 5271 2001 5351; x_wconf 30' lang='grc' dir='ltr'>βλυᾼσςτᾴς</span> 
     </span>
    </p>
   </div>
   <div class='ocr_carea' id='block_1_101' title="bbox 344 5343 2003 5418">
    <p class='ocr_par' dir='ltr' id='par_1_101' title="bbox 344 5343 2003 5418">
     <span class='ocr_line' id='line_1_101' title="bbox 344 5343 2003 5418; baseline -0.004 -14"><span class='ocrx_word' id='word_1_670' title='bbox 344 5343 553 5404; x_wconf 63' lang='grc' dir='ltr'>νουσιν.</span> <span class='ocrx_word' id='word_1_671' title='bbox 589 5350 733 5403; x_wconf 84' lang='lat' dir='ltr'>Nam</span> <span class='ocrx_word' id='word_1_672' title='bbox 762 5343 1075 5418; x_wconf 85' lang='lat' dir='ltr'>perperam</span> <span class='ocrx_word' id='word_1_673' title='bbox 1109 5343 1303 5417; x_wconf 85' lang='lat' dir='ltr'>legere</span> <span class='ocrx_word' id='word_1_674' title='bbox 1336 5346 1607 5401; x_wconf 90' lang='lat' dir='ltr'>nonnulli</span> <span class='ocrx_word' id='word_1_675' title='bbox 1640 5343 1845 5418; x_wconf 68' lang='lat' dir='ltr'>volunt</span> <span class='ocrx_word' id='word_1_676' title='bbox 1864 5343 2003 5418; x_wconf 78' lang='grc' dir='ltr'>βλύ-</span> 
     </span>
    </p>
   </div>
   <div class='ocr_carea' id='block_1_102' title="bbox 349 5414 2003 5490">
    <p class='ocr_par' dir='ltr' id='par_1_102' title="bbox 349 5414 2003 5490">
     <span class='ocr_line' id='line_1_102' title="bbox 349 5414 2003 5490; baseline -0.004 -15"><span class='ocrx_word' id='word_1_677' title='bbox 349 5428 557 5490; x_wconf 79' lang='grc' dir='ltr'>ζουσιν.</span> <span class='ocrx_word' id='word_1_678' title='bbox 591 5422 739 5490; x_wconf 67' lang='lat' dir='ltr'>Item</span> <span class='ocrx_word' id='word_1_679' title='bbox 762 5414 1024 5490; x_wconf 59' lang='lat' dir='ltr'>Crat._in</span> <span class='ocrx_word' id='word_1_680' title='bbox 1058 5414 1272 5490; x_wconf 55' lang='lat' dir='ltr'>turt&#39;ur.</span> <span class='ocrx_word' id='word_1_681' title='bbox 1302 5419 1415 5474; x_wconf 82' lang='lat' dir='ltr'><strong>VII.</strong></span> <span class='ocrx_word' id='word_1_682' title='bbox 1458 5422 1581 5490; x_wconf 62' lang='lat'>266.</span> <span class='ocrx_word' id='word_1_683' title='bbox 1620 5420 1705 5471; x_wconf 75' lang='grc'>14.</span> <span class='ocrx_word' id='word_1_684' title='bbox 1762 5414 1815 5469; x_wconf 81' lang='grc' dir='ltr'>ἐν</span> <span class='ocrx_word' id='word_1_685' title='bbox 1853 5414 2003 5488; x_wconf 77' lang='grc' dir='ltr'>μέσῳ</span> 
     </span>
    </p>
   </div>
   <div class='ocr_carea' id='block_1_103' title="bbox 338 5486 2002 5616">
    <p class='ocr_par' dir='ltr' id='par_1_103' title="bbox 338 5486 2002 5616">
     <span class='ocr_line' id='line_1_103' title="bbox 338 5486 2002 5616; baseline -0.001 -70"><span class='ocrx_word' id='word_1_686' title='bbox 338 5486 445 5563; x_wconf 65' lang='grc' dir='ltr'>τῆς</span> <span class='ocrx_word' id='word_1_687' title='bbox 477 5487 702 5565; x_wconf 79' lang='grc' dir='ltr'>καρδίας</span> <span class='ocrx_word' id='word_1_688' title='bbox 739 5487 1064 5616; x_wconf 56' lang='grc' dir='ltr'>ἓλυστάνων</span> <span class='ocrx_word' id='word_1_689' title='bbox 1122 5486 1459 5564; x_wconf 74' lang='grc' dir='ltr'>φιλόχριστα</span> <span class='ocrx_word' id='word_1_690' title='bbox 1507 5487 1741 5559; x_wconf 67' lang='grc' dir='ltr'>νάματα.</span> <span class='ocrx_word' id='word_1_691' title='bbox 1802 5486 2002 5544; x_wconf 66' lang='lat' dir='ltr'>Inveni</span> 
     </span>
     <span class='ocr_line' id='line_1_104' title="bbox 342 5560 2000 5616; baseline 0 0"><span class='ocrx_word' id='word_1_692' title='bbox 342 5572 639 5616; x_wconf 66' lang='lat' dir='ltr'>nraeterea</span> <span class='ocrx_word' id='word_1_693' title='bbox 667 5579 733 5616; x_wconf 70' lang='lat' dir='ltr'>su</span> <span class='ocrx_word' id='word_1_694' title='bbox 780 5560 1099 5616; x_wconf 88' lang='lat' dir='ltr'>stantivum</span> <span class='ocrx_word' id='word_1_695' title='bbox 1134 5578 1407 5616; x_wconf 63' lang='lat' dir='ltr'>peraeque</span> <span class='ocrx_word' id='word_1_696' title='bbox 1442 5562 1666 5616; x_wconf 86' lang='lat' dir='ltr'>Lexicis</span> <span class='ocrx_word' id='word_1_697' title='bbox 1703 5560 2000 5616; x_wconf 70' lang='lat' dir='ltr'>ianorum.</span> 
     </span>
    </p>
   </div>
   <div class='ocr_carea' id='block_1_104' title="bbox 342 5560 2000 5640">
    <p class='ocr_par' dir='ltr' id='par_1_104' title="bbox 342 5560 2000 5640">
     <span class='ocr_line' id='line_1_105' title="bbox 342 5560 2000 5640; baseline -0.005 -19"><span class='ocrx_word' id='word_1_698' title='bbox 342 5560 639 5640; x_wconf 67' lang='lat' dir='ltr'>praeterea</span> <span class='ocrx_word' id='word_1_699' title='bbox 667 5560 1099 5640; x_wconf 37' lang='lat' dir='ltr'>substaptiv‘um</span> <span class='ocrx_word' id='word_1_700' title='bbox 1133 5560 1666 5640; x_wconf 42' lang='lat' dir='ltr'>peraequelfexicis</span> <span class='ocrx_word' id='word_1_701' title='bbox 1701 5560 2000 5640; x_wconf 56' lang='lat' dir='ltr'>ignoraui,</span> 
     </span>
    </p>
   </div>
   <div class='ocr_carea' id='block_1_105' title="bbox 341 5632 2003 5715">
    <p class='ocr_par' dir='ltr' id='par_1_105' title="bbox 341 5632 2003 5715">
     <span class='ocr_line' id='line_1_106' title="bbox 341 5632 2003 5715; baseline -0.002 -26"><span class='ocrx_word' id='word_1_702' title='bbox 341 5632 380 5707; x_wconf 73' lang='grc' dir='ltr'>ἦ</span> <span class='ocrx_word' id='word_1_703' title='bbox 420 5636 613 5715; x_wconf 75' lang='grc' dir='ltr'>βλύσις</span> <span class='ocrx_word' id='word_1_704' title='bbox 643 5640 743 5715; x_wconf 65' lang='grc' dir='ltr'>τῆς</span> <span class='ocrx_word' id='word_1_705' title='bbox 776 5633 1098 5715; x_wconf 38' lang='grc' dir='ltr'>ζωῆςᾼόηε</span> <span class='ocrx_word' id='word_1_706' title='bbox 1126 5635 1274 5715; x_wconf 69' lang='lat' dir='ltr'>vitae,</span> <span class='ocrx_word' id='word_1_707' title='bbox 1308 5632 1369 5715; x_wconf 75' lang='lat' dir='ltr'>in</span> <span class='ocrx_word' id='word_1_708' title='bbox 1418 5632 1838 5715; x_wconf 39' lang='lat' dir='ltr'>&#39;l‘heophyllacti</span> <span class='ocrx_word' id='word_1_709' title='bbox 1876 5633 2003 5715; x_wconf 81' lang='lat' dir='ltr'>Bul_—</span> 
     </span>
    </p>
   </div>
   <div class='ocr_carea' id='block_1_106' title="bbox 342 5703 1999 5785">
    <p class='ocr_par' dir='ltr' id='par_1_106' title="bbox 342 5703 1999 5785">
     <span class='ocr_line' id='line_1_107' title="bbox 342 5703 1999 5785; baseline -0.003 -20"><span class='ocrx_word' id='word_1_710' title='bbox 342 5703 524 5785; x_wconf 59' lang='lat' dir='ltr'>gerite</span> <span class='ocrx_word' id='word_1_711' title='bbox 560 5705 906 5775; x_wconf 83' lang='lat' dir='ltr'>archiepisc.</span> <span class='ocrx_word' id='word_1_712' title='bbox 939 5703 1270 5760; x_wconf 88' lang='lat' dir='ltr'>Comment.</span> <span class='ocrx_word' id='word_1_713' title='bbox 1318 5705 1543 5761; x_wconf 89' lang='lat' dir='ltr'>inedito</span> <span class='ocrx_word' id='word_1_714' title='bbox 1575 5703 1637 5760; x_wconf 89' lang='lat' dir='ltr'>in</span> <span class='ocrx_word' id='word_1_715' title='bbox 1670 5703 1889 5760; x_wconf 88' lang='lat' dir='ltr'>Psalm.</span> <span class='ocrx_word' id='word_1_716' title='bbox 1924 5704 1999 5760; x_wconf 90' lang='lat' dir='ltr'>ad</span> 
     </span>
    </p>
   </div>
   <div class='ocr_carea' id='block_1_107' title="bbox 2115 5056 3755 5130">
    <p class='ocr_par' dir='ltr' id='par_1_107' title="bbox 2115 5056 3755 5130">
     <span class='ocr_line' id='line_1_108' title="bbox 2115 5056 3755 5130; baseline -0.004 -13"><span class='ocrx_word' id='word_1_717' title='bbox 2115 5064 2155 5117; x_wconf 76' lang='grc' dir='ltr'>Ο</span> <span class='ocrx_word' id='word_1_718' title='bbox 2187 5061 2310 5130; x_wconf 90' lang='lat' dir='ltr'>(alii</span> <span class='ocrx_word' id='word_1_719' title='bbox 2343 5056 2505 5117; x_wconf 86' lang='lat' dir='ltr'>enim</span> <span class='ocrx_word' id='word_1_720' title='bbox 2536 5060 2713 5130; x_wconf 76' lang='lat' dir='ltr'>aliter</span> <span class='ocrx_word' id='word_1_721' title='bbox 2735 5056 3078 5129; x_wconf 81' lang='lat' dir='ltr'>numerant)</span> <span class='ocrx_word' id='word_1_722' title='bbox 3135 5076 3304 5130; x_wconf 80' lang='lat' dir='ltr'>xxxv,</span> <span class='ocrx_word' id='word_1_723' title='bbox 3366 5061 3451 5111; x_wconf 86' lang='grc'>10.</span> <span class='ocrx_word' id='word_1_724' title='bbox 3486 5063 3533 5130; x_wconf 76' lang='grc' dir='ltr'>Α</span> <span class='ocrx_word' id='word_1_725' title='bbox 3582 5056 3755 5130; x_wconf 84' lang='lat' dir='ltr'>verbo</span> 
     </span>
    </p>
   </div>
   <div class='ocr_carea' id='block_1_108' title="bbox 2121 5126 3761 5205">
    <p class='ocr_par' dir='ltr' id='par_1_108' title="bbox 2121 5126 3761 5205">
     <span class='ocr_line' id='line_1_109' title="bbox 2121 5126 3761 5205; baseline -0.002 -20"><span class='ocrx_word' id='word_1_726' title='bbox 2121 5126 2303 5205; x_wconf 74' lang='grc' dir='ltr'>βλῦξω</span> <span class='ocrx_word' id='word_1_727' title='bbox 2338 5132 2550 5205; x_wconf 90' lang='lat' dir='ltr'>deduci</span> <span class='ocrx_word' id='word_1_728' title='bbox 2586 5126 2830 5205; x_wconf 78' lang='grc' dir='ltr'>βλύδιον,</span> <span class='ocrx_word' id='word_1_729' title='bbox 2861 5133 2965 5197; x_wconf 84' lang='lat' dir='ltr'>ius,</span> <span class='ocrx_word' id='word_1_730' title='bbox 2996 5126 3172 5205; x_wconf 64' lang='lat' dir='ltr'>atoue</span> <span class='ocrx_word' id='word_1_731' title='bbox 3203 5129 3341 5205; x_wconf 86' lang='lat' dir='ltr'>inde</span> <span class='ocrx_word' id='word_1_732' title='bbox 3373 5129 3761 5205; x_wconf 70' lang='lat' dir='ltr'>brodium_La-</span> 
     </span>
    </p>
   </div>
   <div class='ocr_carea' id='block_1_109' title="bbox 2117 5202 3757 5273">
    <p class='ocr_par' dir='ltr' id='par_1_109' title="bbox 2117 5202 3757 5273">
     <span class='ocr_line' id='line_1_110' title="bbox 2117 5202 3757 5273; baseline -0.003 -15"><span class='ocrx_word' id='word_1_733' title='bbox 2117 5202 2397 5269; x_wconf 85' lang='lat' dir='ltr'>tinorum,</span> <span class='ocrx_word' id='word_1_734' title='bbox 2430 5202 2754 5273; x_wconf 82' lang='lat' dir='ltr'>Salmasius</span> <span class='ocrx_word' id='word_1_735' title='bbox 2783 5208 3053 5257; x_wconf 90' lang='lat' dir='ltr'>autumat</span> <span class='ocrx_word' id='word_1_736' title='bbox 3084 5203 3157 5257; x_wconf 90' lang='lat' dir='ltr'>ad</span> <span class='ocrx_word' id='word_1_737' title='bbox 3190 5203 3333 5257; x_wconf 85' lang='lat' dir='ltr'>Hist.</span> <span class='ocrx_word' id='word_1_738' title='bbox 3368 5204 3513 5273; x_wconf 85' lang='lat' dir='ltr'>Aug.</span> <span class='ocrx_word' id='word_1_739' title='bbox 3553 5202 3658 5273; x_wconf 56' lang='grc' dir='ltr'>με</span> <span class='ocrx_word' id='word_1_740' title='bbox 3689 5202 3757 5254; x_wconf 84' lang='grc' dir='ltr'>Α.</span> 
     </span>
    </p>
   </div>
   <div class='ocr_carea' id='block_1_110' title="bbox 2117 5265 3755 5350">
    <p class='ocr_par' dir='ltr' id='par_1_110' title="bbox 2117 5265 3755 5350">
     <span class='ocr_line' id='line_1_111' title="bbox 2117 5265 3755 5350; baseline -0.005 -18"><span class='ocrx_word' id='word_1_741' title='bbox 2117 5276 2221 5332; x_wconf 92' lang='lat' dir='ltr'>Ubi</span> <span class='ocrx_word' id='word_1_742' title='bbox 2249 5277 2358 5350; x_wconf 79' lang='lat' dir='ltr'>Leo</span> <span class='ocrx_word' id='word_1_743' title='bbox 2384 5265 2693 5350; x_wconf 74' lang='grc' dir='ltr'>βλυστάνω,</span> <span class='ocrx_word' id='word_1_744' title='bbox 2728 5274 2809 5328; x_wconf 90' lang='lat' dir='ltr'>ibi</span> <span class='ocrx_word' id='word_1_745' title='bbox 2837 5274 3117 5345; x_wconf 80' lang='lat' dir='ltr'>Agathias</span> <span class='ocrx_word' id='word_1_746' title='bbox 3163 5280 3411 5346; x_wconf 88' lang='lat' dir='ltr'>usurpat</span> <span class='ocrx_word' id='word_1_747' title='bbox 3438 5265 3755 5337; x_wconf 60' lang='grc' dir='ltr'>ἀῖιαϐλύξω,</span> 
     </span>
    </p>
   </div>
   <div class='ocr_carea' id='block_1_111' title="bbox 2116 5348 3762 5490">
    <p class='ocr_par' dir='ltr' id='par_1_111' title="bbox 2116 5348 3762 5490">
     <span class='ocr_line' id='line_1_112' title="bbox 2116 5348 3762 5490; baseline -0.005 -15"><span class='ocrx_word' id='word_1_748' title='bbox 2116 5348 2495 5490; x_wconf 40' lang='lat' dir='ltr'>i2(61561)}..Quaa</span> <span class='ocrx_word' id='word_1_749' title='bbox 2544 5422 2877 5489; x_wconf 90' lang='lat' dir='ltr'>sequuntur</span> <span class='ocrx_word' id='word_1_750' title='bbox 2929 5434 2964 5473; x_wconf 90' lang='lat' dir='ltr'>a</span> <span class='ocrx_word' id='word_1_751' title='bbox 3019 5417 3372 5473; x_wconf 80' lang='lat' dir='ltr'>Combeﬁsio</span> <span class='ocrx_word' id='word_1_752' title='bbox 3424 5433 3593 5471; x_wconf 88' lang='lat' dir='ltr'>versa</span> <span class='ocrx_word' id='word_1_753' title='bbox 3624 5418 3762 5467; x_wconf 86' lang='lat' dir='ltr'>sunt</span> 
     </span>
    </p>
   </div>
   <div class='ocr_carea' id='block_1_112' title="bbox 2115 5492 3756 5634">
    <p class='ocr_par' dir='ltr' id='par_1_112' title="bbox 2115 5492 3756 5634">
     <span class='ocr_line' id='line_1_113' title="bbox 2115 5492 3756 5634; baseline -0.006 -17"><span class='ocrx_word' id='word_1_754' title='bbox 2115 5492 2419 5634; x_wconf 53' lang='grc' dir='ltr'>[νίζέῖθὸἱο</span> <span class='ocrx_word' id='word_1_755' title='bbox 2454 5579 2589 5618; x_wconf 90' lang='lat' dir='ltr'>cum</span> <span class='ocrx_word' id='word_1_756' title='bbox 2618 5561 2811 5634; x_wconf 82' lang='lat' dir='ltr'>dativo</span> <span class='ocrx_word' id='word_1_757' title='bbox 2847 5561 3141 5634; x_wconf 85' lang='lat' dir='ltr'>construit</span> <span class='ocrx_word' id='word_1_758' title='bbox 3192 5561 3332 5634; x_wconf 73' lang='lat' dir='ltr'>Leo,</span> <span class='ocrx_word' id='word_1_759' title='bbox 3367 5560 3515 5634; x_wconf 83' lang='lat' dir='ltr'>mire</span> <span class='ocrx_word' id='word_1_760' title='bbox 3542 5572 3706 5634; x_wconf 38' lang='lat' dir='ltr'>‘sane</span> <span class='ocrx_word' id='word_1_761' title='bbox 3744 5571 3756 5617; x_wconf 93' lang='lat'>;</span> 
     </span>
    </p>
   </div>
   <div class='ocr_carea' id='block_1_113' title="bbox 2112 5626 3756 5706">
    <p class='ocr_par' dir='ltr' id='par_1_113' title="bbox 2112 5626 3756 5706">
     <span class='ocr_line' id='line_1_114' title="bbox 2112 5626 3756 5706; baseline -0.006 -19"><span class='ocrx_word' id='word_1_762' title='bbox 2112 5626 2444 5690; x_wconf 79' lang='lat' dir='ltr'>accusativo</span> <span class='ocrx_word' id='word_1_763' title='bbox 2468 5636 2733 5706; x_wconf 81' lang='lat' dir='ltr'>jungunt</span> <span class='ocrx_word' id='word_1_764' title='bbox 2761 5632 2813 5687; x_wconf 91' lang='lat' dir='ltr'>S.</span> <span class='ocrx_word' id='word_1_765' title='bbox 2851 5632 3068 5706; x_wconf 87' lang='lat' dir='ltr'>Paulus</span> <span class='ocrx_word' id='word_1_766' title='bbox 3101 5632 3364 5706; x_wconf 78' lang='lat' dir='ltr'>Epistola</span> <span class='ocrx_word' id='word_1_767' title='bbox 3413 5631 3485 5706; x_wconf 79' lang='lat' dir='ltr'>ad</span> <span class='ocrx_word' id='word_1_768' title='bbox 3523 5626 3756 5706; x_wconf 42' lang='lat' dir='ltr'>_Colross.</span> 
     </span>
    </p>
   </div>
   <div class='ocr_carea' id='block_1_114' title="bbox 2111 5697 3759 5775">
    <p class='ocr_par' dir='ltr' id='par_1_114' title="bbox 2111 5697 3759 5775">
     <span class='ocr_line' id='line_1_115' title="bbox 2111 5697 3759 5775; baseline -0.006 -17"><span class='ocrx_word' id='word_1_769' title='bbox 2111 5707 2180 5761; x_wconf 92' lang='lat' dir='ltr'>ll.</span> <span class='ocrx_word' id='word_1_770' title='bbox 2219 5710 2302 5761; x_wconf 82' lang='grc'>15.</span> <span class='ocrx_word' id='word_1_771' title='bbox 2340 5708 2434 5761; x_wconf 88' lang='lat' dir='ltr'>lll.</span> <span class='ocrx_word' id='word_1_772' title='bbox 2460 5697 2512 5760; x_wconf 67' lang='grc' dir='ltr'>ὅ.</span> <span class='ocrx_word' id='word_1_773' title='bbox 2544 5697 2833 5775; x_wconf 71' lang='lat' dir='ltr'>Josephus</span> <span class='ocrx_word' id='word_1_774' title='bbox 2863 5705 3066 5773; x_wconf 82' lang='lat' dir='ltr'>Antiq.</span> <span class='ocrx_word' id='word_1_775' title='bbox 3100 5697 3232 5758; x_wconf 80' lang='lat' dir='ltr'>Jud.</span> <span class='ocrx_word' id='word_1_776' title='bbox 3261 5705 3384 5755; x_wconf 75' lang='grc'>204.</span> <span class='ocrx_word' id='word_1_777' title='bbox 3422 5703 3482 5755; x_wconf 87' lang='grc' dir='ltr'>Ι),</span> <span class='ocrx_word' id='word_1_778' title='bbox 3520 5700 3573 5752; x_wconf 93' lang='lat' dir='ltr'>S.</span> <span class='ocrx_word' id='word_1_779' title='bbox 3622 5697 3759 5750; x_wconf 87' lang='lat' dir='ltr'>Gre-</span> 
     </span>
    </p>
   </div>
  </div>
