4108 6198
308 354 426 413 895

1671 351 1966 411 LEONIS
1993 351 2337 413 'DIACONI

3602 352 3724 414 896

305 489 470 556 petze
490 488 767 538 vocatur:
802 500 918 554 quo
949 482 1000 534 vi
1030 481 1172 535 belli
1219 481 1505 552 omnique
1537 482 1952 538 machinarum

2072 480 2151 536 λει
2185 484 2320 555 (43),
2351 487 2432 555 τῷ
2459 485 2528 556 τῇ
2563 481 2710 557 Σύρᾳ⁵
2741 484 2896 560 φωνῇ
2945 481 3282 554 καλουμένῳ
3318 480 3638 556 Μέμπετζυ
3695 487 3725 540 δ

307 591 521 646 genere
555 574 614 627 in
648 577 998 644 potestatem
1020 569 1258 624 redacto
1286 571 1703 642 166,reperta
1724 571 1956 626 ibisan-

309 664 468 718 (lalia
500 662 822 717 Servatoris
847 665 1130 730 tanquam
1161 659 1399 714 cceleste
1412 660 1635 715 donum
1659 661 1958 731 quoddam

309 752 574 815 sustulit,
597 752 856 819 itemque
880 749 1128 819 capillos
1149 749 1468 804 venerandi
1488 751 1885 821 praacursoris
1903 755 1962 804 et

306 840 813 911 praeconisAtque
829 839 932 893 illa
945 839 1184 909 quidem
1207 839 1266 893 in
1289 839 1508 893 illustri
1525 840 1746 911 templo
1759 839 1958 894 Matris

308 929 434 995 Dei,
471 927 627 998 quod
652 928 713 982 in
736 928 958 998 palatio
988 934 1352 984 exstructum
1373 934 1481 996 est,
1516 929 1793 983 ditissimi
1829 929 1959 983 the-

308 1019 466 1072 sauri
501 1019 687 1072 instar
717 1018 989 1088 deposuit
1014 1037 1027 1086 ;
1055 1018 1160 1072 hos
1193 1019 1254 1072 in
1285 1017 1409 1072 aede
1429 1018 1957 1089 Servatoris,quam

310 1108 770 1163 afundamentis
805 1109 1177 1165 excitaverat.
1210 1108 1352 1162 Inde
1385 1107 1685 1179 profectus
1705 1108 1779 1163 ad
1800 1111 1956 1179 Apa-

309 1213 503 1251 meam
527 1196 796 1265 accessit,
831 1197 1127 1250 munitum
1153 1202 1446 1268 capluque
1474 1196 1718 1251 difﬁcile
1743 1196 1955 1251 castel-

304 1287 570 1342 lum.Sed
595 1293 793 1342 tamen
817 1287 969 1342 hanc
1003 1304 1238 1358 quoque
1262 1292 1397 1358 post
1417 1287 1544 1342 dies
1565 1287 1785 1342 nonita
1803 1287 1959 1341 mul-

305 1383 396 1433 tos
421 1378 845 1448 cepit,suzeque
874 1377 1116 1432 ditionis
1133 1377 1366 1444 fecit,ac
1391 1379 1740 1432 Damascum
1755 1393 1958 1432 versus

306 1483 439 1520 cum
463 1467 725 1520 exercitu
755 1465 1083 1521 contendit.
1118 1468 1192 1520 At
1225 1466 1573 1522 Damasceni
1598 1483 1731 1521 cum
1785 1465 1956 1520 donis

307 1555 700 1626 magnipretii
732 1556 792 1610 in
823 1555 1120 1623 manibus,
1152 1573 1259 1626 pro
1285 1573 1388 1610 suo
1421 1557 1954 1627 emporioimpera-

309 1645 424 1700 tori
449 1645 681 1700 obviam
713 1645 979 1712 veniunt,
1013 1651 1081 1700 ut
1105 1646 1234 1716 ejus
1266 1645 1412 1700 iram
1473 1646 1954 1716 deprecarentur,

309 1733 626 1804 ipsumque
658 1735 1006 1790 muneribus
1039 1735 1364 1806 placarent.
1389 1736 1496 1801 Ita,
1521 1734 1624 1790 ubi
1652 1740 1814 1790 certa
1835 1733 1956 1788 illis

2065 570 2158 624 καὶ
2189 570 2422 644 πολέμῳ
2478 571 2567 626 καὶ
2623 575 2742 632 ταῖς
2799 567 3170 632 παντοδαπαῖς
3228 576 3508 646 μηχαναῖς
3545 592 3722 645 παρα.

2069 661 2428 732 στησάμενος,
2459 659 2526 714 τὰ
2549 663 2646 714 τοῦ
2681 665 2942 734 Σωτῆρος
2971 663 3206 735 Χριστοῦ
3241 657 3507 714 σανδάλια
3547 661 3724 716 ἐκεῖσε

2069 748 2406 823 ἀνευρηκὼς,
2436 747 2726 826 ἀνείληφεν
2756 748 2831 810 ὥς
2876 769 2928 803 τι
2965 745 3144 820 δῶρον
3177 748 3448 826 οὐράνιον,
3475 749 3567 804 καὶ
3622 751 3722 812 τὰς

2064 842 2163 893 τοῦ
2217 833 2516 911 σεϐασμίου
2571 859 2629 894 τε
2685 836 2978 914 Προδόμου
3028 838 3247 913 τρίχας,
3292 843 3389 894 τοῦ
3445 842 3720 914 Κήρυκος,

2069 925 2168 979 Καὶ
2198 925 2265 980 τὰ
2298 927 2395 1000 μὲν
2427 927 2580 990 αὗθις
2627 925 2680 980 ἐν
2737 930 2818 998 τῷ
2847 926 3165 1001 περιπύστῳ
3216 933 3317 996 τῆς
3366 929 3722 1003 Θεομήτορος

2067 1019 2244 1086 σηκῷ,
2304 1020 2384 1086 τῷ
2425 1015 2564 1071 κατᾶ
2641 1017 2740 1086 τήν
2794 1017 3154 1090 ἂνακτορικήν
3240 1015 3416 1071 ἑστίαν
3475 1014 3723 1090 δεδομη-

2071 1103 2233 1178 μένῳ,
2265 1103 2512 1174 ἀπέθετο,
2546 1105 2618 1166 ὥς
2646 1126 2768 1160 τινα
2812 1099 3134 1159 πολύολϐον
3193 1105 3480 1179 θησαυρόν·
3511 1105 3606 1168 τὰς
3663 1105 3724 1162 δὲ

2066 1191 2120 1248 ἐν
2147 1197 2228 1266 τῷ
2257 1198 2354 1248 τοῦ
2389 1200 2650 1269 Σωτῆρος
2685 1199 2812 1267 νεῷ,
2841 1195 2899 1248 ὅν
2933 1193 3091 1257 αὐτὸς
3131 1193 3191 1249 ὲκ
3249 1195 3464 1270 βάθρων
3496 1196 3722 1271 ἀνήγει-

2068 1301 2177 1358 ρεν.
2241 1284 2472 1339 Ἐκεῖθεν
2529 1284 2740 1356 ἀπάρας
2819 1283 3099 1355 Ἀπαμείᾳ
3156 1277 3494 1358 προσέϐαλε,
3549 1285 3721 1359 φρού-

2068 1392 2183 1448 ριον
2218 1369 2276 1427 δὲ
2309 1372 2441 1442 αὕτη
2477 1372 2682 1448 ὀχυρὸν
2713 1371 2805 1427 καὶ
2837 1369 3174 1432 δυσάλωτον.
3210 1371 3388 1429 Ἀλλὰ
3441 1375 3532 1428 καὶ
3589 1375 3725 1429 ταύ-

2064 1483 2164 1533 την
2227 1462 2618 1536 εὐαριθμήτοις
2697 1461 2932 1536 ἡμέραις
2987 1463 3216 1537 ᾑρηκὼς
3270 1464 3362 1518 καὶ
3423 1485 3722 1540 καταστρε-

2066 1549 2325 1625 ψάμενος,
2389 1551 2478 1606 ἐπὶ
2567 1551 2852 1626 Δαμασκὸν
2916 1550 3053 1625 μετὰ
3132 1555 3231 1607 τοῦ
3316 1552 3722 1628 στρατεύματος

2067 1639 2226 1697 ἵεται.
2281 1640 2350 1696 Οἱ
2413 1637 2470 1696 δὲ
2525 1641 2730 1709 ταύτην
2789 1641 3087 1711 οῗκοῦντες,
3157 1640 3375 1697 πολλοῦ
3431 1644 3726 1717 τιμώμενα

2067 1727 2216 1805 δῶρα
2243 1735 2364 1793 ταῖς
2391 1729 2581 1806 χερσὶν
2607 1729 2983 1808 ἀνειληφότες,
3042 1731 3181 1804 πρὸς
3239 1731 3287 1768 ³9
3323 1735 3421 1786 τοῦ
3451 1731 3722 1806 ἐμπορίου

312 1823 534 1877 tributa
582 1823 868 1894 imposuit
924 1825 985 1878 in
1040 1830 1510 1896 potestatemque
1557 1827 1954 1880 Romanorum

2072 1823 2144 1891 τῷ
2180 1816 2398 1894 βασιλεῖ
2429 1818 2777 1892 ὑπηντίαζον,
2810 1819 3242 1894 παραιτούμενοί
3279 1839 3340 1875 τε
3385 1821 3478 1876 τὸν
3521 1821 3724 1876 τούτου

2072 1910 2094 1924 η
2188 1909 2200 1924 ς
2371 1911 2384 1924 .
2483 1907 2631 1924 ...η
2841 1909 2918 1924 ,.
3016 1909 3064 1924 η..
3260 1912 3314 1924 ...
3546 1909 3688 1924 .-_...

311 1913 471 1982 ipsos
500 1913 781 1984 suscepit,
817 1913 955 1967 inde
1013 1915 1188 1968 motis
1247 1915 1456 1969 castris
1517 1931 1623 1985 per
1673 1915 1958 1970 Libanum

308 2003 502 2071 (mons
525 2007 613 2056 est
637 2002 894 2057 Libanus
911 2019 1085 2073 asper
1114 2021 1180 2058 ac
1207 2004 1749 2075 maximus,quiper
1762 2011 1962 2076 partes

312 2089 446 2145 illas
467 2091 773 2162 pertinens
795 2092 1154 2147 thniciam
1170 2110 1201 2148 a
1231 2094 1549 2148 Palzestina
1563 2093 1961 2166 disterminat)

318 2184 656 2234 transverso
680 2181 894 2235 itinere
943 2182 1152 2250 tendit,
1187 2183 1246 2236 in
1281 2183 1594 2254 ipsumque
1611 2183 1962 2256 enixusjugi

317 2268 586 2332 dorsum,
620 2269 827 2324 urbem
858 2271 1324 2326 munitissimam
1353 2273 1528 2326 Borzo
1554 2272 1964 2326 subitaincur-

321 2358 487 2411 sione
507 2359 680 2428 cepit.
709 2359 849 2412 lnde
872 2359 1168 2427 profectus
1202 2360 1261 2412 in
1289 2359 1644 2414 Plueniciam
1669 2377 1731 2414 se
1749 2359 1966 2414 demit-

320 2447 408 2516 tit,
437 2447 749 2502 castellum
774 2448 1075 2502 Balanzeas
1095 2454 1361 2516 occupat,
1395 2449 1667 2518 Berytum
1693 2448 1961 2504 obsidet:

320 2552 436 2603 quo
467 2537 530 2588 in
561 2535 777 2606 oppido
804 2552 934 2588 cum
961 2536 1407 2589 cruciﬁxionem
1426 2536 1752 2591 Servatoris
1800 2537 1968 2608 depi-

322 2630 474 2677 ctam
512 2625 856 2692 invenisset,
891 2641 1019 2680 eam
1055 2625 1192 2679 inde
1239 2625 1530 2680 sublatam
1567 2627 1625 2680 in
1645 2627 1968 2681 Servatoris

315 2711 708 2782 aedem.quam
727 2730 760 2768 a
785 2713 1964 2780 fundamentisexmdiﬁcaverat,mandat.

2069 1909 2262 1982 θυμὸν,
2295 1911 2386 1963 καὶ
2415 1915 2532 1972 τοῖς
2565 1907 2764 1984 δώροις
2797 1909 2957 1964 αὐτὸν
3013 1909 3500 1984 ἐξευμενιζόμενοι.
3546 1913 3610 1969 Ὁ
3640 1909 3721 1981 δὲ,

2073 1999 2275 2078 φόρους
2303 1999 2488 2062 αὐτοῖς
2541 2000 2699 2070 τάξας
2755 1999 2955 2076 ῥητοὺς
3013 1999 3103 2056 καὶ
3161 1998 3534 2063 ὑποσπόνδους
3593 2002 3727 2054 Ῥω-

2081 2088 2264 2162 μαίοις
2292 2087 2764 2164 ἀπεργασάμενος,
2797 2089 2994 2144 ἐκεῖθεν
3026 2091 3291 2164 ὁρμηθεὶς
3348 2087 3438 2145 διὰ
3487 2094 3585 2145 τοῦ
3624 2097 3727 2144 Λι-

2075 2174 2242 2232 ϐάνου
2275 2175 2424 2252 (ὅρος
2456 2176 2513 2233 δὲ
2547 2180 2630 2251 [Ρ.
2667 2181 2791 2252 103]
2850 2179 2878 2232 ὁ
2939 2175 3172 2240 Λίϐανος
3219 2182 3338 2234 κατ’
3369 2177 3572 2234 ἐκεῖνον
3627 2179 3723 2233 τὸν

2073 2273 2262 2343 χῶρον
2295 2266 2474 2343 τραχὺ
2504 2267 2594 2322 καὶ
2632 2266 2890 2342 μέγιστον
2916 2265 3204 2336 διατεῖνον,
3232 2271 3334 2338 τήν
3359 2289 3420 2323 τε
3461 2267 3727 2337 Φοινίκην

2073 2357 2162 2412 καὶ
2197 2355 2567 2426 Παλαιστίνην
2599 2353 2868 2427 ἀλλήλων
2916 2357 3155 2430 ἀπείργει
3190 2358 3204 2429 >
3237 2355 3534 2432 ἐγκαρσίως
3563 2357 3726 2426 ἠπεί-

2074 2467 2220 2521 γετο,
2249 2447 2336 2501 καὶ
2379 2447 2496 2500 κατ’
2528 2446 2695 2514 αὐτὴν
2727 2446 2826 2514 τὴν
2879 2445 3074 2522 ῥαχίαν
3133 2447 3180 2482 ⁴⁰
3209 2445 3559 2523 ἀφικόμενος,
3617 2446 3720 2513 τήν

2076 2541 2264 2611 Βορζῶ
2301 2581 2315 2605 ,
2364 2533 2526 2590 πόλιν
2585 2533 2972 2608 ἐρυμνωτάτην
3009 2579 3023 2604 ,
3084 2533 3136 2605 ἐξ
3182 2532 3488 2608 ἐπιδρομῆς
3549 2534 3720 2592 εἶλεν.

2079 2626 2354 2682 Ἐντεῦθεν
2375 2625 2582 2699 ἀπάρας
2618 2627 2729 2697 (44)
2785 2623 2838 2685 ές
2895 2623 3160 2694 Φοινίκην
3217 2623 3445 2694 κάτεισι,
3477 2623 3565 2678 καὶ
3622 2623 3722 2684 τὰς

2073 2736 2132 2770 τε
2191 2714 2496 2775 Βαλαναίας
2555 2714 2616 2768 τὸ
2674 2712 2930 2790 φρούριον
2991 2714 3155 2788 αἱρεῖ,
3195 2713 3285 2768 καὶ
3335 2714 3433 2782 τήν
3469 2713 3724 2788 Βηρυτὸν

312 2798 622 2874 πολιορκεῖ·
659 2799 710 2853 ἐν
742 2801 892 2871 ᾖκαὶ
921 2802 1020 2870 τήν
1051 2806 1149 2855 τοῦ
1180 2806 1440 2876 Σωτῆρος
1473 2803 1526 2856 έν
1556 2803 1722 2858 εἰκόνι
1758 2803 2058 2877 σταύρωσιν
2108 2804 2378 2878 εὑρηκὼς,
2437 2805 2526 2858 καὶ
2581 2803 2782 2873 ταύτην
2832 2802 3028 2867 ἐκεῖθεν
3089 2803 3379 2882 ἀνειλφὼς,
3415 2803 3472 2858 έν
3515 2807 3598 2876 τῷ
3619 2806 3722 2858 τοῦ

314 2893 574 2962 Σωτῆρος
597 2893 724 2960 νεῷ,
758 2889 812 2944 ὅν
847 2889 906 2943 ἐκ
940 2888 1153 2964 βάθρων
1187 2890 1463 2964 ἐδείματο,
1496 2894 1897 2967 παρεκπέμπει.

380 2983 432 3033 5.
492 2980 659 3034 Circa
705 2980 858 3035 hanc
917 2981 1174 3037 divinam
1228 2983 1548 3056 imaginem
1597 2983 1958 3055 stupendum

312 3068 608 3138 quoddam
654 3071 990 3142 prodigium
1023 3072 1339 3144 contigisse
1399 3079 1696 3128 narratur.
1779 3074 1959 3128 Aiunt

309 3159 659 3214 Christiana)
713 3159 1020 3232 religionis
1045 3162 1348 3216 hominem
1377 3163 1568 3233 Beryti
1603 3163 1664 3216 in
1695 3163 1954 3232 quadam

2072 3182 2187 3215 τινα
2240 3160 2414 3215 ἑστίαν
2469 3167 2568 3230 τῆς
2651 3163 2902 3235 Βηρυτοῦ

307 3248 481 3303 domo
513 3250 661 3304 167
691 3249 1011 3318 habitasse,
1037 3250 1097 3306 in
1121 3268 1238 3322 qua
1269 3250 1608 3324 imaginem,
1642 3268 1820 3322 quam
1867 3251 1953 3306 di-

306 3340 534 3408 cebam,
566 3339 757 3395 multo
790 3357 926 3395 cum
958 3341 1180 3396 honore
1238 3341 1630 3412 deposuisset.
1666 3341 1955 3396 Eumdem

305 3430 602 3500 posterius
627 3430 990 3502 demigrasse
1015 3431 1074 3484 in
1103 3431 1251 3486 alias
1274 3431 1451 3498 mdes,
1480 3437 1558 3501 et,
1584 3431 1797 3486 divinaa
1819 3448 1956 3502 pro-

308 3517 580 3573 videntiae
614 3525 784 3589 nutu,
819 3521 970 3575 sacri
1002 3520 1267 3593 pignoris
1325 3521 1603 3590 oblitum,
1663 3521 1725 3574 in
1757 3521 1954 3591 priore

310 3606 483 3660 domo
515 3607 835 3680 imaginem
867 3607 1206 3678 reliquisse.
1231 3610 1480 3664 Easdem
1510 3609 1666 3665 aedes
1685 3609 1954 3665 Judaeum

307 3693 566 3764 aliquem
592 3697 1724 3769 tenuisse,uthabitaret,nonnullosque
1748 3715 1956 3769 super-

308 3784 567 3838 stitionis
591 3801 710 3838 sua)
757 3791 993 3856 postero
1015 3785 1110 3840 die
1160 3787 1234 3841 ad
1259 3804 1487 3842 cmnam
1519 3805 1778 3843 vocasse.
1816 3787 1954 3840 lllos

307 3871 551 3927 domum
574 3872 1082 3945 ingressos,inque
1106 3876 1430 3946 parietibus
1445 3877 1768 3932 Servatoris
1793 3877 1954 3930 cruci

307 3962 465 4017 afﬁxi
497 3963 818 4034 imaginem
841 3963 1126 4032 videntes,
1164 3965 1436 4037 gravibus
1485 3965 1823 4021 maledictis
1852 3966 1954 4021 Ju-

2141 2983 2197 3035 ε’.
2261 2982 2480 3057 Λέγεται
2541 2979 2599 3035 δὲ
2663 2982 2788 3057 περί
2837 2981 3041 3050 ταύτης
3121 2988 3221 3051 τῆς
3307 2979 3452 3043 Θείας
3508 2979 3721 3045 εῗκόνος

2069 3070 2298 3141 ἐξαίσιόν
2329 3091 2382 3124 τι
2414 3065 2816 3144 συμϐεϐηκέναι
2874 3072 3176 3145 τεράστιον.
3239 3071 3378 3124 Φασί
3430 3070 3534 3145 γὰρ
3577 3073 3718 3126 κατά

3011 3157 3181 3235 ἄνδρα
3236 3161 3302 3216 τὰ
3375 3165 3727 3232 Χριστιανῶν

2067 3245 2436 3326 πρεσϐεύοντα
2491 3255 2797 3326 παροικεῖν,
2847 3251 2967 3305 καθ’
3022 3251 3090 3319 ἢν
3143 3249 3232 3305 καὶ
3299 3251 3399 3319 τήν
3462 3249 3718 3326 ῥηθεῖσαν

2069 3337 2251 3392 εἰκόνα
2275 3333 2569 3411 σεϐόμενον
2596 3338 2901 3403 ἀναθέσθαι.
2933 3340 3140 3412 Χρόνον
3201 3337 3258 3393 δὲ
3314 3337 3534 3414 ὕστερον
3594 3341 3719 3404 καθ’

2065 3427 2252 3503 έτέραν
2306 3427 2480 3483 οἰκίαν
2545 3433 2985 3502 μεταναστεῦσαι,
3039 3427 3150 3496 καῖ,
3208 3428 3342 3483 κατὰ
3399 3428 3540 3492 θείαν
3593 3429 3718 3483 τινὰ

2063 3517 2350 3591 πρόνοιαν,
2383 3517 2528 3592 λήθῃ
2569 3518 2611 3554 ⁴¹
2675 3518 3063 3594 περισχεθέντα
3125 3519 3262 3572 κατά
3313 3519 3412 3588 τὴν
3445 3517 3710 3593 προτέραν

2065 3605 2236 3660 οἰκίαν
2321 3607 2418 3676 την
2504 3605 2685 3661 εἲκόνα
2740 3603 3100 3678 παραλιπεῖν.
3189 3604 3399 3675 Ταύτην
3473 3603 3531 3660 δὲ
3608 3607 3713 3675 τὴν

2066 3693 2240 3748 ἑστίαν
2267 3691 2530 3750 Ἰουδαῖον
2589 3692 2985 3771 παρειληφέναι
3041 3693 3184 3764 τινὰ,
3245 3692 3384 3749 ὥστε
3433 3691 3525 3748 καὶ
3581 3713 3719 3747 κατ-

2065 3788 2255 3838 οικεῖν·
2318 3783 2412 3838 τὸν
2471 3779 2528 3837 δὲ
2583 3787 2691 3838 τῶν
2752 3784 3116 3858 ὁμοθρήσκων
3179 3784 3290 3856 (45)
3342 3783 3505 3836 αὐτοῦ
3563 3803 3719 3844 τινας

2068 3871 2142 3934 εἷς
2172 3873 2273 3940 τὴν
2309 3873 2587 3946 ὑστεραίαν
2619 3873 2954 3942 ἠστιακέναι.
3015 3868 3123 3936 Οῧς
3175 3872 3254 3944 τῷ
3313 3869 3470 3944 δόμῳ
3533 3873 3721 3926 ὑπεισ-

2065 3961 2320 4024 ελθόντας
2367 3961 2458 4016 καὶ
2515 3963 2653 4038 πρὸς
2710 3961 2917 4016 ἐνώπια
2960 3963 3075 4035 (46)
3131 3963 3228 4031 τήν
3294 3965 3392 4015 τοῦ
3453 3967 3717 4034 Σωτῆρος

1519 4175 1577 4229 C.
1619 4173 1680 4230 Β.
1733 4173 1918 4228 HASII
1949 4169 2509 4228 ANNOTATIONES.

381 4371 426 4408 3°
451 4372 611 4445 πρός]
643 4369 774 4445 Leg.
806 4369 933 4448 πρό.
966 4370 1013 4408 ⁴⁰
1042 4370 1237 4448 ῥαλιάν
1272 4372 1428 4442 cod.,
1459 4378 1769 4444 oxytonos.
1802 4370 1847 4405 ⁴¹
1879 4368 2058 4440 λήθης
2087 4369 2216 4426 cod.

303 4569 564 4642 presbyt.
596 4571 726 4642 Yita
751 4569 804 4624 S.
837 4569 1099 4642 Gregorii
1129 4568 1392 4642 Ngaziaurz.
1428 4571 1470 4624 Ι.
1521 4584 1675 4624 αχιιι.
1737 4569 1784 4621 Α
1814 4584 1948 4642 προς
1981 4576 2026 4641 D

303 4637 547 4710 ᾣητικῶς
578 4638 768 4694 εἰπεῖν·
797 4637 1085 4696 ειιιιιᾶἰιιιι·
1115 4641 1189 4696 ad
1238 4641 1453 4696 Isaiam
1512 4655 1643 4695 xxx.
1699 4642 1785 4694 17.
1850 4637 1951 4710 Vel

306 4700 558 4768 concilio
589 4729 880 4779 oecumen,
908 4713 1161 4783 septimo
1185 4714 1247 4767 in
1278 4711 1635 4767 refutatione
1660 4709 1954 4783 deﬁnitio-

305 4785 400 4839 nis
429 4784 776 4866 Icopqclast:
807 4786 912 4866 εν,
1093 4786 1152 4866 E:
1189 4787 1597 4866 “RFOQ‘QTLXIBEI
1620 4781 1809 4866 φάναι,
1833 4779 1955 4834 ἀνά-

311 4875 470 4927 μεσον
506 4852 664 4931 αγίου
691 4855 779 4908 καὶ
816 4849 1060 4931 βεϐήλου
1091 4854 1153 4931 οὐ
1186 4849 1506 4912 διέστειλαν,
1534 4849 1644 4910 Ubi
1670 4857 1959 4931 praeterea

307 4925 655 4983 vertendum
685 4925 826 4996 non,
857 4935 916 4982 ut
940 4929 1263 4999 prophetice
1291 4931 1588 4996 fateamur,
1621 4925 1777 4999 (μιοᾴ
1796 4925 1960 4980 dedit

303 5005 468 5053 vetus
509 4999 825 5070 interpres,
886 4997 1007 5055 non
1064 4999 1540 5056 animadvertens
1591 4997 1953 5070 esselocum

307 5071 624 5147 Scripturaa
655 5069 857 5136 sacra),
895 5072 997 5127 sed
1022 5089 1036 5138 ;
1059 5080 1121 5128 ut
1143 5071 1432 5142 propheta
1453 5069 1799 5143 [Ezechielis
1817 5086 1953 5123 xxn.

303 5147 386 5198 26.
430 5143 632 5214 [verbis
662 5150 904 5198 utamur.

374 5211 483 5286 (43)
513 5216 650 5288 Ista,
685 5231 873 5288 usque
907 5214 982 5288 ad
1030 5214 1207 5288 verba
1264 5211 1324 5288 ἐκ
1384 5212 1598 5288 βάθρων
1655 5213 1954 5288 ἀνήγειρεν,

301 5293 439 5342 ante
475 5286 729 5342 Bandur.
763 5285 1020 5358 Imperio
1049 5285 1438 5358 Oriental.‘I'I.
1492 5285 1633 5358 481.
1680 5285 1911 5358 Βάειρι]

306 5375 483 5431 quem
527 5362 674 5430 Συρᾷ
705 5354 922 5431 legitur
973 5363 1030 5411 et
1074 5355 1560 5431 Mspmrgé,_ja_m
1618 5354 1954 5431 Ducangius

304 5426 814 5504 vulgaveratNott.
867 5430 926 5504 in
955 5426 1193 5483 Zonarze
1226 5426 1535 5504 Annal.'II_.
1574 5429 1692 5480 107.
1732 5426 1798 5480 Ι).
1822 5441 1953 5504 non

305 5499 434 5558 sine
459 5503 706 5557 minutis
729 5501 1122 5571 mendis,quaa
1152 5506 1348 5554 tamen
1374 5499 1520 5554 tanti
1547 5515 1666 5553 non
1695 5503 1855 5571 sunt,
1890 5502 1954 5550 ut

303 5575 608 5646 sigillatim
630 5573 902 5644 exagites.
919 5569 1177 5626 Ad'hanc
1203 5572 1637 5644 expeditionem
1656 5569 1953 5640 Syriacam

299 5647 618 5700 Tzimiscze.
655 5661 704 5700 a.
757 5646 880 5697 974.
908 5650 1265 5700 susceptam.
1300 5643 1638 5698 Elmacinus
1670 5641 1813 5695 llist.
1849 5640 1949 5693 Sa-

533 5663 618 5698 ZIB.
655 5661 704 5698 il.
757 5659 880 5697 Ui}.
908 5659 1265 5698 susceptam.
1301 5659 1638 5698 lSllDilClIlllS
1671 5659 1813 5695 HISL.
1850 5659 1949 5693 Da.-

303 5661 618 5700 ]‘ZlmlSCiB.
655 5661 704 5700 ἱι.
757 5661 880 5697 υόὶσ.
908 5661 1265 5714 susceptam,
1301 5661 1638 5698 lbllDilClIlllS
1671 5661 1813 5695 HISL.
1850 5661 1944 5693 DEI.-

303 5723 415 5774 tac.
451 5718 574 5771 233.
600 5716 657 5771 Ο.
691 5733 1004 5787 perperam
1026 5717 1208 5772 refert
1235 5715 1730 5788 expugnationem
1747 5712 1944 5768 Antio-

2060 4564 2232 4632 chiae,
2269 4565 2488 4622 factam
2517 4581 2552 4622 a
2580 4565 2761 4621 Burza
2789 4581 2844 4622 a.
2877 4567 2979 4620 969
3017 4581 3030 4619 :
3061 4564 3193 4619 vide
3225 4580 3402 4636 supra
3429 4566 3518 4618 49.
3553 4563 3598 4619 D
3659 4569 3720 4618 et

2141 4708 2253 4781 (44)
2277 4711 2409 4764 Haac
2433 4724 2622 4780 usque
2661 4708 2735 4764 ad
2770 4709 2953 4764 tinem
2983 4708 3194 4781 capitis
3216 4709 3281 4775 V,
3313 4704 3390 4767 ὣς
3431 4725 3543 4781 μοι
3599 4700 3710 4781 ἤδη

2067 4776 2415 4862 ’δεδήλωταιζ
2592 4782 2669 4862 Ι),
2693 4785 2776 4862 οε
2781 4787 3031 4862 utraque
3056 4776 3265 4862 lingua
3293 4776 3717 4862 apuiBandu:

2065 4853 2223 4908 rium
2249 4854 2319 4906 II.
2351 4854 2476 4908 480.
2511 4854 2572 4906 Β.
2619 4857 2679 4906 et
2736 4849 2951 4908 Greece"
2984 4849 3273 4906 duntaxat
3318 4849 3383 4905 in
3431 4849 3714 4922 Ducangii

2067 4926 2221 4979 Nott.
2255 4924 2315 4979 in
2339 4925 2545 4979 Zonar.
2582 4924 2650 4979 Il.
2687 4927 2809 4979 102.
2845 4926 2906 4980 C.
2941 4923 3054 4978 Sed
3086 4924 3190 4990 ibi,
3222 4929 3288 4977 ut
3336 4921 3452 4977 alia
3484 4921 3716 4976 minuta

2065 4996 2284 5051 menda
2313 5001 2561 5060 taceam,
2593 4994 2769 5048 verba
2797 4995 2895 5064 τὴν
2931 4992 3133 5065 εῐκόνα,
3181 5011 3312 5065 qua:
3343 4994 3623 5065 leguntur
3652 4993 3714 5046 in

2065 5068 2176 5123 hac
2209 5069 2300 5122 ed.
2336 5083 2466 5139 pag.
2504 5067 2626 5123 167.
2658 5066 2762 5120 lin.
2790 5069 2830 5139 Δ4
2882 5083 3004 5121 una
3033 5083 3170 5121 cum
3202 5065 3363 5139 linea
3399 5065 3451 5118 5.
3485 5065 3715 5139 integra

2065 5157 2187 5195 non
2219 5137 2350 5194 sine
2377 5139 2578 5209 aliquo
2605 5137 3046 5209 perspicuitatis
3105 5138 3461 5209 detrimento
3492 5137 3715 5190 omissa

2066 5217 2226 5282 sunt,
2261 5205 2666 5282 opinor—quod
2681 5205 2850 5282 voces
2875 5210 3141 5280 repetita;
3169 5205 3501 5282 παραλιπεῖν
3531 5213 3590 5262 et
3609 5225 3713 5259 πα-

2064 5279 2380 5357 ρειληφέναι
2415 5279 2697 5357 Ducangii
2723 5279 3130 5357 describentis
3149 5279 3352 5336 oculos
3384 5279 3714 5335 turbarent.

2137 5349 2252 5425 (45f
2271 5353 2605 5424 Ducangius
2623 5349 2733 5404 τῶν
2767 5349 2824 5404 δὲ
2851 5355 2982 5425 τῶν.
3015 5353 3191 5425 male.

2136 5421 2248 5496 (46)
2277 5421 2504 5480 Vocem'
2524 5425 2894 5478 Homericam
2944 5421 3175 5476 ἐνώπιον
3210 5422 3403 5493 (Iliad.
3463 5427 3523 5476 Θ.
3560 5422 3710 5496 435.

2063 5499 2126 5552 Ν.
2163 5493 2287 5553 261.
2321 5497 2526 5568 Odyss.
2557 5502 2614 5549 A.
2648 5497 2742 5568 42.
2773 5498 2861 5568 Χ.
2884 5498 3002 5550 121.
3039 5495 3170 5550 vide
3201 5495 3492 5568 Heynium
3522 5493 3710 5568 virum

2063 5568 2382 5623 immortal.
2412 5565 2583 5624 Obss.
2617 5567 2688 5621 ab
2726 5567 2890 5622 Iliad.
2917 5569 3113 5622 v.491.
3145 5568 3233 5633 Β.)
3266 5581 3387 5621 non
3418 5565 3716 5620 intellexit

2065 5640 2340 5698 Banduri.
2377 5640 2460 5692 sic
2493 5644 2748 5704 vertens,
2782 5639 3043 5708 conjectis
3101 5639 3269 5694 oculis
3297 5641 3358 5691 in
3405 5654 3488 5704 ea,
3527 5653 3649 5707 quae
3681 5654 3714 5692 α

2060 5715 2252 5782 fronte
2279 5713 2386 5766 sibi
2415 5712 2630 5780 objecta
2673 5716 2852 5766 erant.
