4060 6198
374 366 491 426 897

1710 362 2109 425 HISTORIIE
2152 361 2300 422 LIB.
2349 361 2422 420 X.

3670 366 3787 426 898

382 493 682 570 σταόρωσιν
740 496 1154 571 ἀνατεθειμένην
1217 501 1332 570 (47)
1417 498 1776 572 ἀθρήσαντας,
1846 492 2032 556 δεῖνῶς

2155 496 2339 551 :laaum
2362 495 2698 555 incessisse,
2723 499 2787 548 ut
2817 496 3220 566 persuasionis
3270 514 3389 552 sum
3429 498 3791 553 desertorem

383 583 748 661 λοιδορεῖσθαι
780 589 871 642 τὸν
915 585 1200 657 Ἰουδαῖον,
1256 588 1329 648 ὡς
1385 583 1675 641 ἔκσπονδον
1732 592 1832 654 τῆς
1874 589 2020 660 σφῶν

380 676 665 750 θρησκείας
695 676 783 730 καὶ
823 677 889 730 τὰ
943 681 1048 731 τῶν
1108 679 1445 750 Χριστιανῶν
1504 670 1745 730 σέϐοντα.
1804 674 1908 729 Τὸν
1967 670 2025 727 δὲ

376 767 561 839 ὃρκοις
591 765 785 827 αὐτοὺς
838 760 1300 831 διαϐεϐαιοῦσθαι,
1404 767 1509 838 μὴν
1567 766 1641 837 μὴ
1692 765 1790 831 τὴν
1836 762 2027 817 τοιαύ-

375 876 480 924 την
518 854 699 910 εἰκόνα
758 852 863 917 ’ἑως
916 860 1012 909 τοῦ
1063 856 1332 931 παρόντος
1386 856 1693 918 θεάσασθαι.
1745 853 1911 916 Αὖθις
1971 848 2028 905 δὲ

382 946 519 1019 πρὸς
550 944 709 999 αὐτὸν
741 943 871 1008 τοὺς
919 943 1301 1017 παλαμναίους
1360 942 1594 1005 ἐκείνους
1644 942 1830 996 εἰπεῖν’
1863 966 1890 992 ‹‹
1927 940 2028 997 Καὶ

379 1035 429 1090 εἰ
475 1035 551 1106 μή
611 1034 677 1089 τὰ
730 1038 838 1088 τῶν
900 1038 1230 1109 Χριστιανῶν
1294 1032 1591 1107 ὀργιάζεις,
1650 1029 1827 1106 ἔργοις
1880 1032 2030 1100 ἡμᾶς

383 1124 842 1200 πληροφόρησον,
890 1122 978 1177 καὶ
1028 1122 1228 1191 ταύτην
1277 1124 1376 1192 τὴν
1427 1121 1644 1196 λόγχην
1695 1116 2030 1195 ἀνειληφὼς,

379 1212 537 1283 νόξον
566 1214 630 1267 τὸ
658 1217 755 1267 τοῦ
786 1212 1102 1287 Ναζαραίου
1134 1212 1422 1283 εἷ’κόνισμα
1449 1210 1586 1265 κατὰ
1614 1216 1713 1278 τῆς
1769 1207 2028 1281 πλευρᾶς,

382 1303 475 1356 τὸν
500 1303 725 1374 τρόπον,
771 1302 828 1356 ὅν
883 1303 935 1356 οἱ
992 1302 1218 1375 πατέρες
1276 1301 1435 1372 ἡμῶν
1493 1300 1555 1352 τὸ
1611 1299 1785 1351 πάλαι
1841 1300 2030 1350 τοῦτον

386 1392 796 1465 σταυρώσαντες
882 1387 1241 1466 έλόγχευσαν’
1277 1412 1304 1442 »ι
1365 1390 1473 1446 Τὸν
1531 1384 1609 1455 δὲ,
1666 1388 1766 1454 τὴν
1820 1385 2034 1459 λόγχην

385 1479 936 1555 μεταχειρισάμενον,
971 1480 1044 1541 ὼς
1076 1482 1197 1553 εἶχε
1228 1479 1428 1551 θυμοῦ,
1458 1478 1546 1531 καὶ
1604 1475 1842 1549 μάλιστα
1888 1472 2035 1542 πλη-

387 1568 639 1644 ροφορείν
698 1568 936 1631 ἐκείνους
1023 1565 1379 1644 βουλόμενον,
1460 1566 1523 1619 τὸ
1602 1564 2035 1637 περιαπτόμενον

387 1658 537 1730 αὐτῷ
592 1653 850 1733 ἔγκλημα
905 1656 1362 1731 κατεπειγόμενον
1448 1652 1847 1728 ἀποτρίψασθαι
1900 1653 2037 1724 (48),

385 1746 669 1816 νόξαιτήν
696 1752 796 1814 τῆς
836 1744 1047 1807 εἲκόνος
1103 1745 1365 1816 πλευράν.
1422 1750 1575 1815 *Ἅμα
1632 1739 1689 1795 δὲ
1742 1743 1811 1812 τῇ
1869 1758 2041 1814 “9°3-

384 1830 531 1907 ϐολῇ
590 1840 701 1907 (49)
758 1841 859 1904 τῆς
918 1834 1156 1909 αἰχμῆς,
1233 1832 1448 1902 πλῆθος
1530 1829 1885 1906 καταῤῥεῦσαι
1944 1827 2034 1881 σὺν

2132 586 2674 641 etChristianorum
2692 585 2869 640 ﬁdem
2890 586 3785 658 colentem.Huncjurejurando

2134 677 2455 745 afﬁrmare,
2492 692 2621 729 sese
2662 674 2829 728 illam
2863 675 3182 747 imaginem
3215 683 3352 730 ante
3404 678 3514 731 hoc
3550 682 3785 748 tempus

2133 766 2377 822 omnino
2402 782 2520 819 non
2539 765 2925 819 vidisse/Tum
2949 765 3183 819 scelesti
3209 766 3352 833 illi,«
3378 767 3431 819 Si
3460 767 3699 837 quidem
3728 790 3754 816 »

2134 856 2435 926 inquiunt,
2469 877 2495 903 ‹‹
2522 854 2992 908 Christianorum
3020 871 3185 909 sacro
3218 872 3338 909 non
3380 856 3543 924 colis,
3602 857 3777 911 rebus

2133 945 2277 1015 ipsis
2308 949 2529 998 certam
2563 942 2740 998 ﬁdem
2772 943 2968 1009 facito,
3002 950 3353 1015 arreptaque
3416 946 3622 999 lancea
3671 947 3785 1000 ista

2140 1032 2417 1088 Nazareni
2452 1031 2708 1102 efﬁgiem
2743 1032 2802 1085 in
2827 1031 3010 1086 latere
3042 1034 3307 1103 pungito,
3342 1033 3551 1088 eodem
3586 1035 3783 1101 modo,

2137 1138 2255 1192 quo
2285 1119 2471 1174 nostri
2505 1119 2649 1174 olim
2682 1125 2878 1190 patres
2911 1136 3047 1174 eum
3096 1121 3442 1176 cruciﬁxum
3504 1122 3782 1177 confode-

2137 1214 2295 1263 runt.
2322 1231 2349 1257 »
2378 1210 2522 1262 Tum
2552 1207 2654 1261 ille
2688 1208 2893 1262 lancea
2922 1209 2981 1261 in
3034 1224 3244 1263 manus
3274 1216 3537 1281 accepta,
3565 1217 3629 1264 ut
3677 1212 3785 1265 ﬂao

2139 1298 2344 1370 grabat
2374 1298 2481 1361 ira,
2514 1312 2629 1366 quo
2663 1295 2781 1349 illis
2826 1313 3005 1366 quam
3036 1298 3293 1352 maxime
3326 1299 3505 1352 ﬁdem
3544 1299 3783 1363 faceret,

2141 1387 2425 1443 afﬂictum
2450 1384 2559 1439 sibi
2582 1384 2807 1439 crimen
2822 1386 3048 1440 diluere
3062 1387 3490 1457 cupiens,latus
3510 1388 3785 1459 imaginis

2142 1477 2453 1549 percussit.
2496 1476 2598 1529 Vix
2639 1482 2837 1530 autem
2893 1476 3199 1548 cuspidem
3252 1477 3598 1550 impegerat,
3652 1496 3785 1533 cum

2143 1566 2450 1639 sanguinis
2480 1582 2633 1636 apua
2664 1567 2830 1620 mixti
2862 1568 3031 1637 copia
3070 1568 3316 1622 efﬂuxit.
3368 1568 3455 1621 Ad
3506 1568 3787 1623 horribile

2145 1655 2551 1728 spectaculum
2611 1655 2937 1727 obriguisse
2996 1657 3196 1711 ferunt
3250 1658 3461 1729 impios
3517 1658 3786 1713 Judmos:

2144 1747 2349 1816 reique
2407 1745 2566 1799 fama
2622 1745 2939 1813 divulgata,
2982 1746 3389 1816 persuasionis
3442 1748 3791 1802 Christianm

2146 1835 2419 1889 homines
2449 1833 2607 1887 uades
2640 1833 2864 1887 Hebraai
2889 1835 3195 1901 invasisse,
3223 1836 3636 1907 sublatamque
3655 1854 3789 1891 cru~

384 1920 539 1977 ὕδατι
571 1924 829 1995 αἳματος·
873 1924 1001 1985 τοὺς
1054 1921 1111 1977 δὲ
1170 1916 1447 1983 δυσσεϐεῖς
1510 1917 1803 1982 Ἰουδαίους
1858 1938 2035 1985 πεπη-

2155 1923 2305 1979 ciﬁxi
2336 1923 2657 1977 Servatoris
2689 1923 3086 1978 venerandam
3120 1925 3460 1995 imaginem,
3488 1927 3792 1996 sanguinis

380 2015 537 2088 γέναι
592 2020 674 2087 τῷ
732 2019 944 2093 φρικτῷ
1002 2018 1099 2069 τοῦ
1184 2013 1472 2086 Θεάματος,
1530 2010 1622 2066 καὶ
1673 2017 1773 2079 τῆς
1843 2010 2036 2087 φήμης

384 2102 755 2176 διαδοθείσης,
809 2104 939 2167 τοὺς
995 2106 1063 2160 τὰ
1120 2105 1450 2178 Χριστιανῶν
1532 2097 1785 2162 σέϐοντας
1847 2099 2035 2170 εἰσπη-

386 2192 551 2262 δῆσαί
582 2215 640 2249 τε
668 2195 766 2263 τὴν
798 2199 894 2249 τοῦ
927 2189 1183 2268 Ἐϐραίου
1214 2192 1415 2262 ἑστίαν,
1448 2192 1537 2246 καὶ
1568 2192 1667 2260 τὴν
1698 2190 1898 2257 σεπτὴν
1940 2192 2037 2244 τοῦ

390 2290 653 2352 Σωτῆρος
687 2282 1036 2357 ἀνειληφέναι
1093 2282 1419 2357 σταύρωσιν,
1448 2278 1525 2336 ἔτι
1556 2280 1618 2335 τὸ
1649 2284 1791 2343 θεῖον
1841 2272 2040 2333 ἐκϐλύσ-

387 2381 584 2443 ζουσαν
642 2376 802 2447 αἷμα,
862 2372 954 2428 καί
1010 2372 1088 2435 εἷς
1147 2373 1292 2446 ἱερὸν
1355 2373 1629 2436 ἀναθεῖναι
1696 2371 1885 2441 σηκὸν,
1950 2368 2039 2423 καὶ

377 2470 543 2537 τιμᾶν
593 2462 1052 2538 μεγαλοπρεπῶς.

381 2552 756 2625 παρέπεμψεν,
790 2552 864 2614 ὡς
908 2573 1001 2624 μοι
1034 2549 1144 2621 ἤδη
1179 2548 1509 2620 δεδήλωται.

460 2647 537 2709 [Ρ.
575 2644 694 2714 104]
823 2641 971 2696 Ἐπεὶ
1005 2637 1063 2694 δὲ
1106 2640 1202 2701 τὰς
1245 2659 1304 2694 τε
1354 2637 1662 2699 Βαλαναίας
1717 2638 1806 2691 καὶ
1864 2643 2038 2711 Βηρυο

382 2732 478 2787 τὸν
526 2736 607 2803 τῷ
665 2729 928 2804 πολεμεῖν
996 2730 1188 2805 ᾕρηκε,
1247 2727 1513 2802 Τριπόλει
1569 2728 1618 2763 ⁴²
1672 2722 2036 2799 προσϐάλλει.

388 2821 492 2877 Καὶ
532 2820 639 2892 μὴν
672 2820 786 2881 οἷός
842 2840 900 2875 τε
940 2816 1013 2872 ὢν
1072 2817 1273 2886 ταύτην
1333 2816 1650 2889 πολιορκεῖν
1710 2816 1761 2886 ἐξ
1818 2813 2041 2888 ἐπιδρο-

394 2918 506 2984 μῆς
536 2911 650 2982 [50)
681 2904 1020 2984 (περιϐόλοις
1052 2907 1153 2983 γὰρ
1182 2905 1319 2961 κατά
1344 2906 1442 2974 τὴν
1503 2907 1729 2980 ἤπειρον
1782 2905 2036 2978 ἐρυμνοῖς

387 2998 800 3075 περιείληπται,
832 2998 920 3052 ἐπὶ
970 2996 1145 3073 λόφου
1201 2995 1347 3056 τινὸς
1404 2994 1689 3067 ἀποτόμου
1746 2991 2042 3048 διατείνου-

2147 2013 2301 2068 rivos
2326 2011 2504 2066 etiam
2529 2016 2654 2065 tum
2678 2011 3049 2081 fundentem,
3073 2014 3133 2067 in
3166 2031 3333 2069 sacro
3359 2015 3605 2069 delubro
3643 2015 3791 2069 168

2146 2101 2514 2172 deposuisse,
2548 2101 2892 2171 honoreque
2922 2102 3191 2157 affecisse
3219 2104 3608 2174 amplissimo.
3630 2106 3791 2159 Hanc

2148 2188 2516 2246 Deiliominis
2548 2190 2801 2262 efﬁgiem
2835 2190 3157 2262 imperator
3211 2193 3349 2247 inde
3381 2193 3696 2260 sublatam,
3730 2198 3795 2246 ut

2141 2281 2267 2352 jam
2302 2280 2773 2335 demonstratum
2804 2280 2911 2335 abs
2941 2298 3033 2336 me
3066 2287 3174 2348 est,
3218 2283 3791 2355 ConstantinOpolim

2153 2369 2336 2425 misit.

1136 2460 1344 2532 Ταύτην
1405 2462 1433 2515 ὁ
1497 2459 1751 2536 βασιλεὺς
1807 2460 1907 2528 τὴν
1966 2458 2308 2530 θεάνθρωπον
2398 2457 2612 2533 μορφὴν
2690 2456 2889 2521 ἐκεῖθεν
2973 2458 3306 2533 ἀνειληφὼς,
3365 2467 3446 2534 τῷ
3507 2466 3791 2534 Βυζαντίῳ

2219 2641 2269 2693 6.
2302 2636 2575 2692 Balaneis
2612 2642 2669 2690 et
2700 2638 2908 2709 Beryto
2940 2638 3098 2693 bello
3157 2641 3365 2711 captis,
3400 2641 3473 2695 ad
3508 2641 3789 2711 Tripolim

2148 2727 2607 2791 accessit.Quam
2626 2743 2759 2780 cum
2780 2744 3124 2799 oppugnare
3145 2746 3213 2783 ex
3232 2730 3575 2785 itinerenon
3598 2736 3799 2801 posset

2148 2818 2309 2887 (nam
2334 2833 2449 2887 qua
2469 2821 2699 2887 spectat
2718 2817 3122 2873 continentem
3148 2819 3441 2873 maanibus
3467 2819 3655 2874 ﬁrmis
3682 2820 3801 2873 cin‘

2149 2905 2439 2976 gitur,per
2454 2905 2747 2959 tumulum
2768 2907 3065 2961 abscisum
3080 2914 3349 2978 porrecta
3368 2909 3524 2979 ipsa:
3546 2909 3799 2963 alterum

2151 2994 2306 3049 latus
2329 3011 2491 3049 mare
2523 2995 2715 3061 alluit,
2735 2996 3061 3065 navaleque
3086 2998 3800 3066 prmtenditetstationem

387 3068 474 3145 σαί
520 3068 656 3144 κατά
710 3068 932 3163 θάτερον
995 3068 1065 3141 δὲ-
1110 3086 1272 3160 μέρος
1330 3082 1575 3158 θαλάσσῃ
1634 3082 2037 3158 περικλόζεται,

2155 3090 2498 3155 portuosam
2525 3102 2590 3139 ac
2622 3084 2850 3153 tutam),
2876 3084 3013 3137 inde
3034 3086 3209 3139 motis
3240 3087 3448 3140 castris
3481 3088 3715 3140 minora
3742 3087 3802 3140 in

382 3178 618 3234 ἐπίνειον
649 3179 735 3233 καὶ
768 3176 1122 3252 προκόλπιον
1177 3169 1613 3250 προϐαλλομενῃ
1665 3171 1895 3248 εὔορμον
1950 3173 2037 3226 καὶ

388 3269 715 3345 εὖχείμερον
783 3271 967 3342 (51)),
1030 3267 1230 3321 ἐκεῖθεν
1290 3264 1521 3339 ἀπάρας,
1577 3265 1673 3325 τὰς
1744 3262 2045 3338 παραλίους

387 3358 669 3432 πολίχνας
697 3355 809 3428 ὁδῷ
857 3355 1168 3430 προοαίνων
1221 3353 1610 3428 ἐξεπολιόρκει.
1662 3353 1814 3408 Κατά
1853 3356 2047 3406 τοῦτον

395 3445 464 3514 δὴ
492 3448 584 3500 τὸν
616 3446 824 3520 καιρὸν,
866 3444 1175 3518 Αὔγουστος
1232 3440 1290 3498 δὶ
1349 3443 1456 3515 μὴν
1511 3441 1643 3514 ἦγεν
1701 3440 1897 3514 ἀρχὴν,
1954 3460 2047 3493 κο-

398 3538 582 3610 μήτης
615 3533 840 3609 ἐξεφάνη
883 3533 1078 3606 ἀστὴρ,
1130 3538 1327 3607 χρῆμα
1385 3531 1529 3594 θεῖόν
1586 3550 1639 3583 τι
1696 3528 1785 3583 καὶ
1843 3528 2045 3596 καινὸν,

404 3625 673 3700 Λογισμὸν
729 3617 1057 3697 ὑπερϐαἴνον
1092 3620 1450 3696 ἀνθρώπινον.
1509 3616 1648 3677 Οὐδὶ
1703 3619 1806 3693 γὰρ
1866 3620 2047 3672 τοιοῦ-

396 3715 489 3770 τόν
517 3736 570 3768 τι
600 3715 737 3768 κατὰ
774 3713 969 3773 ταύτας
1001 3708 1156 3788 ὣφθη
1214 3710 1309 3771 τὰς
1365 3710 1571 3783 γενεὰς,
1631 3705 1743 3762 οὐδ’
1811 3706 1899 3761 ἐπὶ
1954 3727 2049 3760 το-

394 3803 595 3866 σαύτας
646 3804 863 3876 ἡμέρας
923 3799 1223 3875 ἐπιφαίνειν
1277 3798 1339 3851 τὸ
1395 3796 1626 3872 πρόσθεν
1682 3790 2046 3867 συμϐέϐηκεν

390 3894 567 3954 Οὗτος
600 3891 691 3946 ἀπ’
742 3888 1009 3958 ἀνατολῆς
1072 3886 1415 3963 βορειότερος
1450 3888 1492 3922 ⁸³
1522 3885 1781 3959 ἀνίσχων,
1830 3886 1918 3939 καὶ
1975 3883 2051 3946 εἰς

393 3982 534 4053 ὕψος
595 3982 624 4034 ὅ
680 4002 729 4034 τι
787 3978 1042 4034 πλεῖστον
1108 3974 1417 4051 αἰρόμενος,
1490 3975 1562 4036 ὡς
1622 3974 1946 4049 κυπάριττός
1992 3993 2052 4026 τε

399 4071 730 4144 ὑψοόμενος,
785 4070 899 4123 εἶτα
958 4067 1141 4140 ἠρέμα
1195 4063 1583 4135 κυρτοόμενος,
1642 4065 1779 4138 πρὸς
1834 4083 2051 4135 μεσημ-

398 4157 560 4237 ϐρίαν
595 4160 862 4227 ἀπένευεν,
898 4155 1120 4228 ἀπλέτῳ
1177 4154 1306 4226 πυρὶ
1353 4149 1725 4226 ὲκκαιόμενος,
1773 4153 1861 4208 καὶ
1908 4152 2050 4224 τηλ-

398 4255 590 4323 αυγεῖς
620 4248 708 4303 καὶ
752 4247 1006 4319 λαμπρὰς
1064 4248 1160 4304 τὰς
1221 4245 1437 4305 ἀκτῖνας
1508 4243 1771 4320 ὲπαφιεῗς,
1828 4248 2051 4316 πρᾶγμα

395 4336 659 4409 δείματος
692 4336 780 4389 καὶ
812 4332 1013 4410 φρίκης
1067 4331 1234 4406 γέμον
1288 4336 1407 4392 τοῖς
1467 4329 1770 4403 ἀνθρώποις
1832 4330 2048 4405 ὁρώμε-

2160 3173 2359 3228 littore
2391 3173 2609 3244 oppida
2653 3174 2996 3228 continuato
3056 3191 3370 3246 progressu
3429 3176 3800 3247 expugnavit.

2159 3262 2276 3317 Sub
2321 3262 2477 3316 idem
2513 3268 2765 3334 tempus,
2802 3263 2959 3333 quod
2992 3269 3118 3318 erat
3146 3265 3390 3336 Augusti
3434 3266 3656 3319 mensis
3690 3265 3804 3319 ini-

2161 3351 2330 3415 tium,
2364 3350 2537 3405 stella
2569 3351 2785 3404 crinita
2811 3352 3104 3423 apparuit,
3138 3352 3403 3407 divinum
3434 3371 3678 3424 prorsus
3737 3371 3805 3409 ac

2160 3457 2380 3496 novum
2412 3447 2778 3511 portentum,
2813 3443 3105 3497 rationem
3139 3460 3427 3514 superans
3455 3446 3803 3501 humanam.

2159 3532 2359 3600 Neque
2383 3530 2542 3584 enim
2582 3530 2927 3602 bujusmodi
2989 3531 3217 3603 aliquid
3271 3534 3459 3588 visum
3519 3537 3805 3590 memoria

2159 3624 2366 3674 nostra
2396 3624 2507 3684 est,
2542 3636 2735 3689 neque
2768 3621 3012 3675 omnino
3043 3637 3306 3692 unquam
3330 3629 3466 3678 ante
3498 3624 3717 3678 factum
3745 3630 3809 3678 ut

2158 3726 2263 3780 per
2285 3714 2369 3763 tot
2396 3708 2522 3762 dies
2553 3708 2779 3763 liceret.
2816 3710 3074 3779 Surgens
3108 3711 3213 3765 illa
3237 3711 3310 3765 ab
3344 3718 3481 3767 ortu
3532 3714 3809 3779 hiberno,

2158 3798 2219 3853 in
2238 3797 2735 3869 altitudinemque
2752 3798 3069 3869 plurimam
3084 3806 3507 3867 evecta,erecta
3521 3804 3805 3873 cyparissi

2159 3888 2300 3952 ritu,
2326 3893 2383 3941 et
2404 3887 2609 3943 leviter
2630 3904 2663 3942 a
2690 3904 2923 3942 summo
2948 3888 3186 3955 inﬂexa,
3215 3889 3289 3944 ad
3320 3891 3628 3946 meridiem
3683 3909 3807 3946 ver-

2158 3977 2352 4050 gebat,
2377 3977 2566 4032 multo
2585 3977 2704 4049 igni
2728 3977 3007 4050 ﬂagrans,
3030 3979 3346 4049 radiosque
3364 3997 3646 4052 spargens
3670 3981 3811 4034 luci-

2161 4067 2267 4122 dos
2299 4084 2367 4122 ac
2412 4067 2696 4132 illustres,
2730 4068 2973 4137 plenum
3034 4068 3369 4122 formidinis
3427 4071 3807 4140 horrorisque

2162 4156 2567 4227 spectaculum
2589 4156 2933 4211 hominibus
2957 4157 3546 4227 prmbebatﬂumque
3564 4159 3808 4212 ineunte

2163 4262 2367 4301 mense
2416 4250 2697 4319 Augusto,
2732 4246 3194 4316 quemamodum
3227 4248 3367 4312 dixi,
3416 4250 3806 4318 apparuisset,

2163 4350 2267 4405 per
2298 4334 2601 4405 octoginta
2634 4338 2785 4387 totos
2817 4334 2943 4387 dies
2976 4333 3034 4386 in
3056 4339 3444 4404 conspectum
3471 4351 3599 4389 sese
3620 4336 3806 4402 dedit,

391 4448 514 4487 νος.
549 4426 671 4482 Ἀπ’
706 4424 886 4498 ἀρχῆς
917 4420 974 4477 δὲ
1008 4421 1181 4495 μηνὸς
1236 4418 1578 4492 Αὐγούστου,
1630 4420 1702 4480 ὡς
1749 4416 1903 4496 ἔφην,
1956 4441 2041 4495 φα-

2164 4423 2245 4477 ita
2274 4428 2340 4477 ut
2370 4422 2629 4477 oriretur
2660 4421 2730 4474 de
2760 4427 2929 4475 nocte
2962 4422 3176 4489 media,
3195 4422 3493 4477 videretur
3522 4440 3710 4493 usque
3737 4424 3809 4477 ad

394 4516 534 4583 νεὶς,
566 4514 648 4590 ἐφ’
678 4512 837 4574 ὅλαις
872 4513 1103 4585 ἡμέραις
1154 4507 1452 4578 ἐπεποίητο
1483 4510 1583 4577 τὴν
1634 4507 1894 4576 ἐπιτολὴν
1941 4514 2049 4582 (52)

396 4605 767 4681 ὀγδοήκοντα,
801 4604 906 4658 ἀπὸ
941 4602 1116 4675 μέσων
1174 4598 1417 4673 ἀνίσχων
1467 4602 1691 4669 νυκτῶν,
1739 4599 1828 4653 καὶ
1885 4600 2050 4674 μέχρι

2163 4511 2383 4566 claram
2410 4511 2623 4566 lucem.
2656 4513 2729 4565 At
2751 4511 3093 4581 imperator,
3113 4528 3249 4566 cum
3269 4512 3572 4567 insolitum
3600 4513 3656 4566 id
3676 4530 3812 4583 por-

2166 4608 2396 4659 tentum
2432 4604 2574 4658 item
2605 4602 3033 4673 conspexisset,
3059 4618 3130 4656 ex
3155 4602 3229 4656 iis
3260 4603 3359 4673 qui
3386 4604 3671 4658 vacabant
3710 4604 3810 4658 ob-

1603 4802 1663 4858 C.
1706 4802 1769 4857 B.
1814 4801 2006 4856 HASII
2045 4803 2601 4859 ANNOTATIONES.

468 4940 517 4973 ⁴²
547 4933 838 5013 Τριπόλει.
874 4935 987 4991 Sic.
1021 4933 1151 4990 cod.
1187 4934 1283 4988 hic
1318 4949 1330 4988 :
1365 4949 1545 5005 supra
1573 4937 1662 4989 43.
1696 4934 1762 4989 D.
1797 4934 2041 4989 mendos

2155 4931 2391 5008 Γρίπολι.
2470 4934 2517 4968 ⁴³
2548 4936 2701 4990 Fort.
2740 4932 3104 5009 βορειοτέρας.

470 5105 583 5175 (47)
618 5098 957 5175 Ducangius
983 5095 1283 5175 ἀνατεηριμ
1293 5094 1453 5166 μένην
1473 5096 1623 5168 [sic].

468 5166 584 5243 (48)
619 5166 875 5241 Βυοᾶῐὶέ.
911 5166 1311 5243 ἀποξρέψασθαι

468 5233 1277 5319 (49)-Βμυοίιιιξζπροϐολῇηςῑ
1306 5239 1703 5319 pa_ulo_post._
1741 5241 1803 5319 D,
1856 5238 2049 5319 lin.

388 5305 521 5379 τοῧς
558 5305 615 5372 δὲ
647 5305 956 5385 δυσμεῖεῖςί
1002 5305 1145 5366 item
1196 5305 1324 5365 lin.-
1362 5313 1413 5363 5.
1470 5305 1799 5385 εἰσπηδῆσαί
1846 5328 1903 5361 τε
1949 5312 2057 5385 τῶν

391 5387 667 5461 Ἐϐραίων
699 5381 894 5461 iam.
932 5385 1071 5461 Quas
1105 5388 1443 5461 sequuntur
1468 5382 1708 5461 omittit.
1745 5381 2055 5461 usquenad

388 5452 592 5527 verba,
624 5457 714 5512 καὶ
745 5478 794 5510 τ.
834 5452 1293 5528 μεγαλοπρεπῶς
1338 5471 1469 5525 qua)
1520 5455 1665 5509 item
1718 5472 1785 5508 ex
1846 5453 2057 5509 Codice

394 5530 799 5593 restituenda.

470 5610 587 5680 (50)
618 5602 806 5680 Qictio
841 5615 909 5680 ex
940 5596 1187 5680 Agatbia
1218 5600 1389 5680 50._A

474 5668 583 5747 (51)
630 5671 900 5732 Occurrit
946 5668 1273 5742 εὐχείμερος
1323 5669 1436 5726 hoc
1488 5668 1612 5725 fere
1672 5687 1849 5726 sensu
1905 5669 2063 5742 apud

2164 5096 2339 5151 Arist.
2380 5099 2457 5151 De
2489 5114 2609 5168 rep.
2642 5098 2711 5163 II,
2762 5098 2885 5150 438.
2942 5099 2999 5152 Α.
3055 5114 3395 5168 quanquam
3444 5118 3639 5155 vocem
3687 5120 3816 5157 eam

2168 5169 2382 5237 ejicere
2421 5169 2557 5222 inde
2591 5168 2825 5222 volebat
2875 5169 3135 5224 Muretus
3172 5172 3355 5224 Variis
3386 5171 3540 5227 lecit.
3578 5173 3637 5226 in
3670 5176 3818 5228 The—

2170 5257 2324 5294 saur.
2364 5241 2494 5294 erit.
2530 5242 2757 5295 Gruter.
2795 5240 2860 5295 ll.
2896 5244 3049 5294 H25.
3084 5243 3137 5293 Β,

2242 5313 2348 5379 (52)
2379 5312 2677 5367 Cedrenus
2711 5313 2774 5365 ll.
2811 5313 2933 5378 683,
2971 5313 3030 5367 Β.
3065 5313 3251 5379 visum
3277 5331 3404 5369 esse
3436 5315 3517 5369 ait
3548 5333 3581 5370 a
3614 5333 3815 5371 mense

2173 5377 2431 5456 Augusto
2464 5384 2583 5438 ind.
2623 5383 2713 5438 ΙΙΙ.
2745 5380 2849 5456 ἕως
2882 5377 3220 5456 Ὀκτωϐρίου
3256 5385 3428 5451 μηνὸς
3480 5393 3580 5449 τῆς
3625 5387 3814 5449 τεά-,-

2170 5451 2285 5528 11,6
2304 5451 2563 5508 ἷνδίκτου.
2602 5455 2879 5528 δίοριιίᾳι
2912 5451 3328 5528 demonstrant
3384 5457 3562 5512 Codd.
3604 5458 3817 5528 glegen-

2176 5525 2317 5582 dum
2350 5545 2499 5596 esse,
2534 5544 2656 5583 non
2684 5522 2787 5587 ἕως
2824 5524 2969 5580 ὀκτὼ
3003 5530 3190 5599 μηνῶν
3223 5549 3274 5584 τ.
3305 5548 3353 5581 τ.
3388 5528 3426 5579 ἱ.
3462 5527 3618 5598 quod
3648 5522 3737 5583 eist
3759 5528 3820 5583 iu

2174 5615 2335 5654 01180.
