4060 6198
339 375 456 434 899

1719 371 2008 432 LEONIS
2051 371 2366 434 DIACONI

3599 384 3697 445 900

343 507 659 563 servationi
686 507 948 563 siderum
973 505 1259 577 quaesivit,
1290 504 1442 558 169
1469 502 1803 575 prodigium
1828 503 1976 573 ejus-

2101 509 2370 577 σταθηρᾶς
2427 503 2638 587 ἡμέρας
2679 507 2982 579 ὁρώμενος.
3038 508 3303 572 Βασιλεὺς
3359 507 3433 577 δὲ,
3474 511 3532 565 τὸ
3566 511 3701 566 ἀσύν-

339 597 501 654 modi
534 597 676 668 quid
709 597 820 652 sibi
852 597 1045 649 vellet.
1081 594 1170 648 llli
1203 610 1324 648 non
1357 611 1426 648 ex
1456 592 1822 664 argumentis
1855 608 1986 663 quia

340 704 436 741 ars
462 684 894 756 suppeditabat,
930 682 1033 737 sed
1055 683 1128 737 ad
1161 689 1430 753 optatum
1458 682 1855 753 imperatoris,
1887 697 1988 735 co—

339 781 510 830 metae
543 779 737 827 ortum
761 771 1304 842 interpretabantur
1326 788 1658 844 perperam,
1681 769 1986 825 victoriam

342 866 394 920 ei
419 865 489 918 de
514 864 784 918 hostibus
806 879 872 918 ac
891 862 1068 917 vitam
1087 861 1378 917 diutinam
1403 861 1772 934 pollicentes.
1798 863 1984 926 Quam

339 953 818 1023 explanationem
843 951 1321 1006 ementiebantur
1343 952 1579 1006 Simeon
1601 951 1900 1023 logotheta
1929 955 1987 1004 et

333 1042 816 1111 magister,atque
841 1039 1530 1112 StephanusNicomediw
1555 1039 1987 1106 antistes,inter

338 1130 541 1184 doctos
572 1129 734 1184 illius
767 1130 1050 1201 temporis
1083 1147 1202 1200 prae
1243 1129 1472 1185 caeteris
1503 1129 1670 1184 clari.
1726 1129 1981 1184 Tametsi

333 1225 578 1274 cometae
602 1236 877 1276 accessus
900 1236 1020 1274 non
1043 1235 1112 1273 ea
1133 1218 1546 1290 portendebat,
1562 1236 1692 1289 quae
1715 1219 1981 1290 impera-

335 1309 444 1362 tori
478 1309 875 1378 obsequenter
897 1307 1291 1380 exponebant,
1318 1308 1421 1362 sed
1444 1308 1805 1363 rebelliones
1827 1308 1982 1362 cala-

335 1399 599 1465 mitosas,
633 1399 1008 1459 incursiones
1039 1398 1328 1468 gentium,
1389 1403 1584 1452 motus
1637 1397 1858 1465 civiles,
1912 1414 1984 1452 ex

333 1487 566 1559 Oppidis
600 1493 656 1542 et
679 1487 833 1559 agris
854 1487 1072 1559 fugam,
1094 1487 1392 1554 caritates,
1416 1491 1634 1557 pestes,
1661 1491 1832 1540 terra)
1855 1504 1983 1541 mo-

335 1584 426 1632 tus
445 1577 775 1643 horriﬁcos,
809 1576 1066 1647 denique
1099 1592 1268 1646 praue
1300 1591 1570 1630 occasum
1607 1574 1838 1645 imperii
1870 1575 1982 1630 Bo-

331 1669 515 1737 maui,
539 1667 1039 1739 quemadmodum
1055 1685 1162 1722 nos
1185 1667 1246 1722 in
1263 1673 1473 1722 eventu
1491 1683 1686 1721 rerum
1704 1666 1976 1721 vidimus.

2095 602 2224 662 ηθες
2280 594 2557 666 τεράστιον
2613 594 2868 664 κατιδὼν,
2925 597 3053 659 τοὺς
3109 597 3232 674 περὶ
3287 599 3382 667 τὴν
3437 605 3536 654 τῶν
3592 622 3702 673 μετ-

2097 681 2281 754 εώρων
2336 681 2708 759 ἐσχολακότας
2763 688 2951 758 ἠρώτα
3019 690 3419 762 παρατήρησιν,
3467 691 3494 744 δ
3542 710 3590 744 τι
3643 689 3697 759 δὴ

2094 770 2183 824 καὶ
2214 771 2472 846 βούλοιτο
2505 774 2566 830 τὸ
2598 781 2848 831 τοιοῦτον
2869 775 3119 847 ἐξαίσιον.
3143 779 3211 834 Οἱ
3245 776 3321 845 δὲ,
3354 777 3456 852 οὐχ
3485 778 3552 839 ὡς
3579 783 3608 846 ἡ
3635 779 3702 833 τέ-

2096 878 2200 934 χνη
2263 869 2496 939 παρεῖχε
2546 866 2950 941 τεκμαίρεσθαι,
2981 867 3118 941 πρὸς
3151 865 3208 921 δὲ
3259 867 3320 922 τὸ
3346 872 3439 922 τοῦ
3473 867 3711 943 βασιλέως

2098 949 2378 1024 βούλημα,
2423 955 2523 1022 τήν
2568 957 2664 1008 τοῦ
2722 957 2974 1027 κομήτου
3014 960 3419 1030 παρεξηγοῦντο
3449 955 3702 1027 ἐπιτολήν,

2093 1039 2250 1110 νίκην
2281 1061 2340 1095 τε
2380 1041 2526 1115 αὐτῷ
2580 1045 2698 1098 κατ’
2756 1043 2970 1119 ἐχθρῶν
3028 1045 3116 1098 καὶ
3173 1045 3482 1118 μακρότητα
3510 1049 3703 1122 ἡμερῶν

2093 1127 2564 1204 ἐπαγγελλόμενοι
2619 1127 2850 1197 ἔσεσθαι.
2913 1140 3118 1204 ’Ήστην
3176 1132 3233 1189 δὲ
3291 1136 3343 1189 οἱ
3393 1139 3550 1190 ταῦτα
3589 1155 3708 1209 παρ-

2092 1218 2446 1293 εξηγούμενοι
2532 1223 2833 1294 Συμεώνης
2885 1243 2945 1276 τε
3004 1224 3033 1277 ὁ
3093 1221 3394 1298 Λογοθέτης
3472 1223 3557 1279 καὶ
3620 1227 3707 1296 μα·

2089 1328 2327 1383 γιστρος,
2359 1311 2450 1364 καὶ
2495 1311 2524 1366 ὁ
2575 1313 2676 1379 τῆς
2727 1309 3100 1385 Νικομηὸείας
3157 1311 3422 1387 πρόεδρος
3452 1311 3710 1389 Στέφανος,

2091 1394 2275 1470 ἄνδρες
2315 1402 2422 1453 τῶν
2475 1399 2596 1454 τότε
2651 1405 2834 1474 σοφῶν
2887 1423 3036 1463 οντες
3098 1401 3545 1475 ἐλλογιμώτεροι.
3571 1401 3710 1457 Ἀλλ’

2091 1485 2219 1560 οὐχὶ
2278 1492 2446 1544 ταῦτα
2495 1491 2530 1559 ἡ
2589 1494 2690 1544 τοῦ
2745 1491 2995 1562 κομήτου
3048 1489 3365 1564 παρεδήλου
3421 1489 3711 1561 ἐπιτολὴ,ἃ

2091 1577 2230 1650 πρὸς
2272 1576 2432 1651 χάριν
2485 1579 2536 1632 οἱ
2580 1576 2771 1654 ἄνδρες
2825 1584 2902 1651 τῷ
2957 1579 3321 1653 αὐτοκράτορι
3377 1580 3710 1654 ὑπηγόρευον,

2089 1665 2420 1728 ἀποστασίας
2496 1664 2552 1722 δὲ
2602 1666 2876 1742 χαλεπάς,
2934 1667 3098 1722 ἐθνῶν
3158 1689 3215 1723 τε
3273 1665 3583 1744 ἐπιδρομὰς,
3635 1669 3711 1722 καὶ

333 1755 631 1833 ἐμφυλίους
663 1757 895 1825 στάσεις,
923 1755 1012 1810 καὶ
1047 1753 1458 1827 μεταναστάσεις
1492 1753 1708 1809 πόλεων
1751 1753 1842 1807 καὶ
1901 1757 2125 1829 χωρῶν,
2187 1751 2388 1827 λιμοὺς
2446 1758 2536 1810 καὶ
2587 1756 2846 1829 λοιμοὺς,
2893 1757 2983 1812 καὶ
3015 1754 3310 1835 φρικώδεις
3344 1756 3608 1831 σεισμοὺς,
3635 1757 3708 1811 καὶ

331 1845 704 1921 πανωλεθρίαν
767 1842 964 1920 σχεδὸν
1031 1851 1132 1915 τῆς
1200 1845 1518 1916 Ῥωμαῖκῆς
1612 1842 1976 1919 ἐπικρατείας,

332 1933 570 2009 ειδομεν.

2071 1843 2205 1916 ἅπερ
2302 1848 2466 1917 ἡμεῖς
2553 1845 2612 1901 ἐκ
2702 1854 2803 1917 τῆς
2889 1851 2997 1903 τῶν
3065 1849 3406 1923 πραγμάτων
3473 1843 3714 1910 εκϐάσεως

403 2032 458 2082 ’7.
492 2027 723 2084 Etenim
743 2031 879 2098 post
900 2025 1536 2098 Joannisimperatoris
1557 2042 1587 2081 e
1611 2025 1731 2080 vita
1761 2025 1976 2080 disces-

2164 2023 2224 2092 ζ’.
2257 2025 2405 2079 Μετᾶ
2441 2025 2542 2100 γὰρ
2572 2026 2672 2094 τὴν
2716 2030 2814 2080 τοῦ
2863 2025 3264 2101 αὐτοκράτορος
3299 2025 3543 2083 Ἰωάννου
3571 2024 3711 2094 ἐκδη-

333 2134 486 2184 sum,
523 2117 741 2172 Bardas
771 2118 1054 2189 magister
1083 2121 1476 2188 cognomento
1509 2115 1763 2184 Sclerus,
1790 2113 1979 2169 domi-

330 2209 512 2264 nandi
544 2208 924 2279 habendique
983 2208 1190 2262 morbo
1240 2207 1546 2273 laborans,
1596 2223 1731 2261 cum
1792 2205 1979 2260 levem

333 2297 780 2354 multitudinem
801 2297 1116 2369 praestigiis
1147 2302 1379 2367 captam
1419 2295 1790 2363 infatuasset,
1821 2295 1983 2365 peri-

335 2387 602 2442 culosam
638 2386 918 2441 adversus
948 2387 1248 2458 principes
1299 2384 1688 2440 rebellionem
1738 2383 1980 2438 molitus

331 2475 1141 2548 est:perquadrienniumque
1156 2475 1356 2529 Asiam
1369 2474 1980 2545 pervasit,provincias

334 2571 590 2633 vastans,
624 2565 843 2637 oppida
873 2581 1090 2620 eruens
1118 2583 1131 2632 ;
1165 2564 1366 2636 capias
1414 2568 1610 2619 autem
1661 2567 1976 2631 Romanas,

333 2656 542 2712 castris
573 2672 642 2710 ex
675 2655 920 2710 adverso
949 2655 1122 2710 factis
1153 2653 1265 2708 sibi
1299 2654 1619 2725 Oppositas,
1670 2653 1732 2707 in
1779 2653 1976 2725 fugam

331 2745 524 2810 vertit,
549 2744 924 2814 conciditque
946 2742 1260 2798 atrociter:
1298 2741 1482 2797 semel
1513 2742 1836 2797 exercitum
1866 2743 1978 2796 Pe-

335 2835 407 2889 tri
438 2834 667 2900 patricii
701 2849 767 2888 ac
799 2831 1092 2904 praetoris,
1128 2847 1262 2886 cum
1313 2831 1374 2885 in
1427 2831 1662 2902 Laparaa
1715 2847 1852 2901 agro
1906 2831 1978 2901 (is

329 2923 648 2995 provinciae
665 2921 1082 2977 Armeniorum
1098 2925 1186 2975 est
1199 2919 1511 2984 ﬁnitimus)
1529 2919 1802 2990 prmlium
1825 2935 1980 2974 com-

331 3015 689 3080 mitteretur,
723 3011 823 3067 ubi
857 3016 916 3067 et
963 3011 1088 3082 ipse
1122 3012 1332 3066 Petrus
1380 3010 1684 3081 patricius,
1735 3009 1978 3081 cuspide

331 3105 484 3159 ictus
526 3108 583 3159 et
614 3103 766 3157 110
797 3101 1065 3174 dejectus
1096 3116 1272 3171 equo,
1303 3100 1364 3154 in
1397 3101 1527 3171 ipsa
1556 3099 1682 3155 acie
1711 3100 1975 3154 animam

327 3193 580 3257 efflavit;
613 3195 977 3262 protectores
1010 3195 1208 3245 autem
1241 3189 1666 3260 quamplurimi
1699 3205 1820 3244 una
1840 3204 1974 3243 cum

327 3283 429 3338 illo
453 3280 1104 3338 occubueruntzdeinde
1123 3279 1230 3335 sub
1249 3279 1438 3334 Barda
1456 3278 1650 3334 Phoca
1670 3279 1973 3351 magistro,

2095 2112 2223 2185 μίαν
2253 2114 2360 2169 ἀπὸ
2388 2119 2485 2170 τοῦ
2516 2115 2787 2188 σώματος,
2822 2112 3035 2188 Βοίρδας
3087 2118 3408 2192 μάγιστρος,
3439 2117 3465 2170 ὁ
3494 2117 3598 2171 κατ’
3627 2114 3709 2168 ἐπ-

2090 2203 2330 2276 ωνυμίαν
2383 2204 2659 2280 Σκληρὸς,
2711 2205 3004 2282 φιλαρχίαν
3051 2207 3140 2260 καὶ
3193 2204 3499 2276 ἀπληστίαν
3537 2208 3708 2270 νοσῶν,

2091 2292 2266 2366 ἀπάτῃ
2323 2290 2380 2347 δὲ
2439 2295 2715 2366 μετελθὼν
2763 2294 2856 2349 καὶ
2914 2293 3199 2369 φενακίσας
3227 2295 3324 2350 τὸν
3357 2291 3525 2349 πολὺν
3557 2289 3708 2366 ὄχλον

2088 2381 2176 2436 καὶ
2237 2379 2484 2452 εὔκολον,
2537 2386 2622 2457 [Ρ.
2660 2387 2779 2456 105]
2838 2383 3163 2438 ἀποστασίαν
3223 2381 3407 2453 δεινὴν
3464 2384 3592 2438 κατὰ
3617 2386 3707 2435 τῶν

2087 2472 2428 2545 κρατούντων
2463 2471 2811 2545 ἐμελέτησενο
2863 2472 2951 2528 ἐπὶ
2998 2479 3256 2545 τετραετῆ
3283 2493 3345 2529 τε
3373 2472 3601 2528 ἐνιαυτὸν
3625 2471 3710 2537 τὴν

2088 2559 2274 2618 Ἀσίαν
2307 2561 2630 2638 κατέδραμε,
2691 2564 2878 2638 χώρας
2932 2561 3262 2636 πυρπολῶν,
3294 2561 3384 2616 καὶ
3415 2561 3593 2622 πόλεις
3620 2580 3709 2613 κα-

2086 2653 2538 2728 ταστρεφόμενος,
2637 2655 2738 2723 τήν
2807 2672 2867 2707 τε
2948 2653 3272 2725 Ῥωμαϊκὴν
3368 2651 3603 2723 δύναμιν,
3670 2647 3712 2715 ἐξ

2088 2742 2388 2796 ἀντιπάλου
2444 2742 2789 2816 παρατάξεως
2862 2742 3327 2815 ἀντιτασσομὲνην
3394 2741 3554 2812 αὐτῷ,
3609 2757 3716 2814 τρε-

2085 2833 2350 2907 πόμενος,
2380 2832 2468 2888 καὶ
2525 2836 2860 2888 κατακαίνων
2919 2833 3113 2907 ὠμῶς·
3170 2837 3339 2890 τοῦτο
3388 2833 3480 2905 μὲν
3512 2831 3607 2886 ὑπὸ
3633 2831 3715 2882 τοῦ

2085 2919 2372 2992 πατρικίου
2423 2921 2630 2993 Πέτρου
2677 2920 2768 2974 καὶ
2823 2917 3311 2994 στρατοπεδάρχου
3371 2916 3711 2991 δημαγωγου·

2090 3009 2277 3080 μένην,
2327 3006 2416 3062 ὅτε
2467 3009 2604 3063 κατά
2657 3009 2756 3077 τήν
2818 3009 3076 3082 Λάπαραν
3125 3008 3188 3062 τὸ
3237 3004 3432 3063 πεδίον
3469 3003 3716 3078 (μεθόριον

2087 3095 2144 3151 δὲ
2194 3102 2356 3152 τοῦτο
2411 3104 2510 3166 τῆς
2564 3101 2753 3173 χώρας
2805 3101 2914 3152 τῶν
2975 3096 3307 3173 Ἀρμενίων)
3337 3099 3371 3166 ἡ
3409 3096 3558 3170 μάχη
3610 3112 3714 3145 συν-

2086 3192 2380 3262 εκροτεῖτο,
2421 3187 2658 3258 ὁπηνίκα
2717 3186 2804 3242 καὶ
2862 3186 3024 3251 αὐτὸς
3080 3188 3110 3242 ὁ
3165 3187 3462 3262 Πατρίκιος
3518 3184 3718 3255 Πέτρος,

2089 3273 2325 3350 δορατίῳ
2387 3274 2614 3352 βληθεὶς
2665 3277 2752 3332 καὶ
2807 3281 2909 3332 τοῦ
2959 3275 3134 3331 ’ίππου
3193 3272 3560 3348 κατενεχθεὶς,
3607 3269 3712 3342 παρ’

323 3373 424 3442 qui
456 3389 589 3429 cum
622 3388 658 3426 a
690 3369 1057 3442 principibus
1087 3369 1436 3440 dignitatem
1464 3367 1774 3423 domestici
1804 3368 1975 3422 scho-

2094 3364 2260 3435 αὐτὴν
2320 3366 2594 3436 ἐξέπνευσε
2649 3367 2747 3435 τὴν
2807 3365 3122 3442 παράταξιν,
3182 3364 3458 3420 πλείστων
3507 3361 3718 3416 ὅτιτῶν

325 3462 516 3516 larum
535 3459 1010 3530 recepisset,acie
1024 3457 1306 3514 adversus
1321 3457 1584 3513 Sclerum
1603 3458 1663 3512 iu
1685 3457 1978 3512 Pancalea

323 3553 612 3607 constitit.
653 3553 702 3605 ls
736 3551 1087 3622 equitabilis
1118 3556 1362 3620 propter
1393 3549 1699 3604 Amorium
1732 3564 1978 3620 campus

329 3646 434 3697 est.
471 3641 555 3695 lbi
588 3640 745 3694 inter
794 3640 1013 3694 infesta
1053 3638 1171 3693 tela
1225 3644 1402 3709 caput
1440 3639 1601 3709 ligno
1658 3655 1977 3710 percussus

332 3730 560 3783 l’hocas
593 3744 662 3781 ex
694 3744 845 3797 equo
878 3727 1133 3782 occidit:
1167 3727 1456 3796 humique
1506 3732 1725 3780 stratus
1772 3733 1978 3798 captus

327 3821 483 3870 esset
503 3815 574 3869 ab
597 3815 888 3879 hostibus,
908 3815 1352 3884 interiissetque
1375 3815 1735 3884 ignobiliter,
1768 3816 1884 3871 nisi
1911 3820 1976 3869 ut

317 3919 472 3958 unus
498 3903 569 3957 de
592 3902 798 3957 multis
819 3902 1125 3974 neglectus
1147 3907 1301 3956 esset
1321 3901 1393 3956 ab
1415 3903 1788 3970 adversariis,
1814 3905 1973 3976 quod

321 3993 582 4062 speciem
615 3992 745 4063 ejus
777 3991 1136 4064 ignorarent,
1168 3991 1497 4062 fuissetque
1529 3991 1600 4046 ab
1652 3998 1824 4047 nocte
1874 4009 1975 4048 su-

320 4080 704 4152 perveniente
737 4085 1023 4137 servatus.
1059 4084 1132 4135 At
1161 4079 1414 4148 Sclerus,
1450 4080 1639 4135 elatus
1683 4081 1972 4154 ejusmodi

319 4169 582 4226 victoriis
613 4175 793 4241 atque
825 4169 1179 4238 obcaecatus,
1213 4169 1423 4224 fortior
1443 4170 1571 4240 jam
1620 4171 1970 4242 habebatur,

318 4277 496 4331 quam
528 4263 594 4315 ut
621 4260 673 4314 vi
707 4260 831 4315 ulla
857 4260 1160 4330 armisque
1192 4261 1457 4331 superari
1489 4266 1710 4330 posset.
1745 4262 1824 4316 Ex
1853 4279 1970 4333 quo

320 4354 378 4404 et
408 4349 686 4413 Nicaeam,
717 4348 1010 4419 Abydum,
1042 4347 1334 4402 Attaleam
1359 4347 1516 4404 bello
1534 4349 1711 4419 cepit,
1735 4350 1972 4420 etquid-

316 4437 462 4507 quid
495 4437 557 4492 in
587 4438 726 4493 Asia
757 4437 1040 4492 Romanis
1067 4441 1236 4507 paret
1265 4437 1574 4507 subjunxit
1604 4437 1715 4492 sibi
1744 4454 1757 4491 :
1791 4437 1970 4493 simul

316 4528 640 4598 assumptis
674 4526 1019 4582 triremibus
1050 4526 1201 4582 bene
1254 4527 1477 4593 multis,
1530 4528 1968 4599 dominansque

316 4617 650 4684 mari,male
673 4633 808 4671 cum
836 4615 1233 4687 negotiatores
1251 4620 1374 4670 tum
1397 4616 1590 4686 ipsam
1604 4617 1734 4686 jam
1756 4616 1965 4671 urbem

2093 3457 2440 3511 ὑπασπιστῶν
2497 3455 2983 3532 συναναιρεθέντων
3061 3455 3234 3527 αὐτῷ’
3313 3458 3474 3509 τοῦτο
3528 3448 3582 3505 δὲ
3633 3444 3719 3501 ὑπό

2087 3544 2272 3621 Βάρδα
2330 3547 2626 3620 μαγίστρου
2683 3550 2780 3601 τοῦ
2837 3550 3012 3618 Φυκᾶ,
3091 3544 3150 3608 ὅς
3239 3545 3380 3620 πρὸς
3451 3546 3554 3599 τῶν
3608 3558 3718 3613 κρα-

2081 3636 2321 3691 τούντων
2379 3637 2440 3692 τὸ
2497 3640 2596 3691 τοῦ
2652 3635 2976 3708 δομεστίκου
3031 3639 3141 3690 τῶν
3201 3636 3430 3711 σχολῶν
3461 3625 3713 3698 ὑποζωαάο

2085 3746 2244 3797 μενος
2326 3723 2563 3799 ἀξίωμα,
2635 3724 2930 3786 ἀντίπαλος
3002 3729 3084 3796 τῷ
3142 3723 3391 3796 Σκληρῶ
3445 3720 3574 3776 κατά
3622 3717 3705 3783 τὴν

2083 3814 2420 3890 Παγκάλειαν
2504 3813 2834 3890 παρετάξατο
2929 3817 3060 3886 (55).
3145 3813 3486 3883 Ἰππήλατον
3562 3809 3705 3861 τοῦτο

2077 3900 2283 3973 πεδίον,
2335 3908 2414 3976 τῷ
2467 3902 2728 3978 Ἀμωρίῳ
2757 3905 3110 3978 προσὲγγιον.
3151 3909 3333 3959 Ὅπου
3377 3898 3444 3969 δὴ
3474 3897 3561 3955 καὶ
3589 3892 3713 3967 παρὰ

2075 3993 2136 4047 τὸ
2197 3993 2527 4068 μεταίχμιον
2588 3989 2774 4069 ῥάϐδῳ
2840 3993 2974 4048 κατά
3030 3995 3127 4046 τοῦ
3177 3991 3409 4064 κρανίου
3439 3981 3710 4060 πληγεῖςδ

2077 4087 2296 4152 Φωκᾰς,
2327 4085 2422 4136 τοῦ
2469 4079 2644 4136 ’ίππου
2702 4101 2760 4136 τε
2815 4081 3116 4157 κατενέχθη
3181 4081 3278 4136 καὶ
3337 4079 3415 4141 εἰς
3464 4083 3564 4152 γῆν
3597 4091 3708 4128 κατ·

2075 4166 2308 4242 εϐλήθη·
2336 4171 2425 4226 καὶ
2454 4169 2550 4226 κᾶν
2601 4169 2727 4240 ἥλω
2783 4176 2892 4226 τῶν
2945 4169 3200 4225 ἐναντίων
3227 4170 3322 4225 καὶ
3353 4167 3558 4226 ἀκλεῶς
3587 4179 3707 4232 παρ·

2074 4259 2350 4328 απώλετο,
2388 4259 2432 4314 εί
2469 4261 2543 4333 μὴ
2591 4261 2664 4322 ὡς
2725 4261 2800 4322 εἷς
2853 4263 2960 4315 τῶν
3021 4257 3254 4314 πολλῶν
3289 4257 3555 4334 παρώφθη
3585 4246 3709 4323 πα.ρά

2071 4353 2179 4404 τῶν
2236 4347 2539 4422 δυσμενῶν,
2598 4350 2950 4425 ἠγνοηκότων
3010 4348 3193 4417 αὐτὸν,
3250 4346 3553 4410 ἐπελθοῦσα
3599 4337 3701 4403 δὶῆ

2071 4437 2160 4510 νὺξ
2189 4440 2380 4492 τοῦτον
2431 4434 2704 4494 διέσωσεν.
2765 4439 2825 4492 Ἡ
2885 4433 2943 4492 δὲ
3003 4434 3280 4510 Σκληρός,
3308 4438 3430 4496 ταῖς
3454 4427 3704 4487 τοιαύταις

2070 4526 2208 4580 νίκαι
2237 4525 2486 4600 ἐπαρθείς
2523 4547 2582 4581 τε
2627 4527 2718 4581 καὶ
2775 4525 3090 4604 φρενωθεὶς,
3123 4520 3497 4582 ἀνυπόστατός
3526 4538 3603 4578 τις
3630 4511 3704 4567 καὶ

2069 4615 2499 4691 ἀκαταγώνιστος
2550 4613 2849 4689 ἐνομίζετο.
2910 4616 3182 4676 Ἐντεῦθεν
3250 4614 3354 4682 τήν
3397 4630 3456 4666 τε
3501 4605 3703 4663 Νίκαιαν

2070 4707 2158 4760 καὶ
2191 4699 2456 4777 ’¹Α6υδον,
2488 4705 2577 4760 καὶ
2636 4703 2958 4761 Ἀττάλειαν
3017 4706 3097 4773 τῷ
3139 4701 3412 4775 πολεμεῖν
3456 4690 3705 4769 παρεστή-

2073 4815 2223 4863 σατο,
2251 4793 2340 4850 καὶ
2370 4795 2472 4863 τήν
2529 4801 2630 4863 τῆς
2689 4793 2875 4854 Ἀσίας
2933 4790 3306 4860 ἐπεποιήσατο
3333 4791 3381 4824 ⁴²
3410 4778 3701 4856 Ῥωμαϊκήν

2063 4882 2428 4956 ἐπικράτειανσ
2514 4883 2606 4938 καὶ
2686 4882 2946 4942 πλείστας
3027 4881 3277 4956 τριήρεις
3362 4869 3698 4952 προσείληφε,

2062 4972 2154 5028 καὶ
2208 4971 2660 5048 θαλασσοκρατῶν
2723 4969 2933 5048 μεγάλα
2989 4967 3114 5030 τοὺς
3161 4967 3449 5042 ἐμπόρους
3499 4961 3699 5048 ἐσίνετο,

2060 5064 2150 5119 καὶ
2231 5065 2397 5134 αὐτὴν
2481 5061 2590 5134 ἢδη
2670 5065 2770 5132 τὴν
2837 5059 3254 5137 βασιλεύουσαν,
3311 5059 3410 5120 τὰς
3466 5044 3698 5126 σιτηγοὺς

309 4705 554 4771 vexavit,
573 4704 840 4776 adquam
859 4705 1180 4776 appellere,
1206 4705 1552 4771 utantehac,
1578 4705 1826 4760 navibus
1843 4706 1962 4760 fru-

314 4795 626 4848 mentariis
659 4795 904 4850 minime
936 4794 1204 4866 permisii
1231 4812 1243 4849 :
1279 4795 1465 4850 donec
1483 4795 1736 4867 ignifera
1755 4795 1963 4852 classis

316 4881 468 4936 clam
492 4900 526 4937 a
549 4883 918 4954 principibus
941 4883 1450 4956 Constantinopoli
1486 4885 1706 4940 emissa
1727 4890 1815 4940 est
1857 4885 1961 4939 Cui

313 4971 489 5026 classi
525 4971 836 5042 praefectus
882 4973 1102 5029 Bardas
1151 4974 1605 5042 Parsacutenus,
1658 4975 1957 5047 magister,

306 5059 628 5137 derepente
659 5063 936 5120 devectus
969 5064 1043 5119 ad
1073 5063 1368 5136 Abydum,
1401 5066 1673 5122 triremes
1723 5066 1960 5138 tyranni

1515 5247 1576 5302 Ο.
1621 5247 1682 5300 Β.
1727 5247 1914 5302 HASII
1951 5247 2508 5306 ANNOTATIONES.

383 5394 426 5427 Η
460 5395 589 5466 Leg.
625 5390 1016 5460 ὑπεποιήσατο.
1053 5389 1179 5446 Vid.
1216 5394 1336 5446 107.
1371 5391 1431 5444 Β.
1460 5390 1567 5445 lin.
1603 5391 1689 5444 12.
1721 5391 1822 5444 108
1853 5393 1920 5448 Α.
1951 5391 2060 5448 lin.
2090 5398 2142 5448 5.

381 5573 598 5647 (53)pe
629 5573 738 5647 hac
760 5570 1087 5647 rebellione
1109 5565 1706 5647 Bardzp_$cleri,_quae
1727 5567 1859 5647 fere
1881 5569 1954 5625 ab
2065 5573 2390 5647 Bulgaros),
2423 5573 2552 5647 vide
2584 5572 2833 5647 Cedren.
2870 5571 2937 5626 ll.
2957 5571 3113 5647 _§92_.
3289 5561 3437 5647 fagi

310 5631 798 5701 oli'itu'Tzimiscm
831 5659 883 5697 a.
917 5644 1040 5714 916,
1076 5640 1150 5714 ad
1181 5656 1234 5696 a.
1268 5641 1393 5695 981.
1429 5631 1770 5714 perduravit
1817 5642 1954 5714 (quo

2083 5631 2217 5702 imi’.
2251 5631 2462 5702 ear'én.
2499 5646 2592 5700 IV.
2633 5646 2700 5699 38
2741 5645 2806 5700 Α.
2851 5647 2908 5697 et
2947 5643 3035 5698 45.
3069 5641 3136 5696 Α.
3179 5638 3257 5692 Le
3289 5631 3443 5691 Bea‘u
3471 5631 3692 5687 Histoire

310 5733 466 5772 anno
499 5715 794 5788 incipiunt
841 5711 1041 5770 Basilii
1089 5712 1232 5785 imp.
1285 5709 1690 5785 expeditiones
1747 5709 1955 5771 contra
2063 5717 2138 5772 du
2167 5719 2463 5788 Bas-Emp,
2497 5717 2638 5774 XVI.
2671 5716 2794 5771 230.
2829 5718 2898 5770 Α.
