4078 6204
257 376 377 439 923
411 341 415 346 ί

1646 371 1927 435 LEONIS
1971 369 2284 439 DlACONI

3561 386 3676 446 924

260 511 516 570 Romani
542 512 832 570 exercitus
855 508 1068 568 sudore
1100 510 1509 583 sanguineque
1534 510 1794 584 plurimo
1821 525 1916 564 re-

2035 509 2112 564 ιαῖ
2148 510 2498 587 εὐδαίμονας,
2555 513 2618 580 ἃς
2681 514 2922 580 πολλοῖς
2983 516 3173 594 ἱδρῶσι
3236 517 3328 574 καί
3388 521 3608 596 αἶμασιν
3642 522 3678 593 ἡ

267 621 411 661 cens
442 605 694 676 imperio
719 606 1062 672 recuperata
1090 617 1124 655 ιι
1157 601 1369 656 Basilio
1403 600 1656 674 praeside
1693 605 1751 654 et
1778 615 1924 670 prse-

265 693 423 750 fecto
448 692 701 749 cubiculi
735 699 873 745 tunc
901 689 1278 758 tenebantur,
1298 707 1450 763 aegre
1482 690 1564 756 id,
1587 695 1651 745 ut
1669 705 1778 761 par
1797 692 1924 744 erat

273 801 342 840 ac
368 783 612 839 moleste
641 780 794 846 tulit,
825 785 883 834 et
903 780 1249 851 vituperavit
1278 781 1594 836 violentam
1617 780 1924 836 avaritiam

277 872 562 927 hominis.
605 872 804 941 Neque
846 870 894 925 is
955 875 1095 926 tunc
1155 871 1394 941 quidem
1425 886 1625 942 aperte
1659 869 1923 941 obloqui,

277 960 564 1033 principis
584 959 1054 1032 indignationem
1086 977 1314 1028 verens,
1335 967 1594 1034 poterat:
1614 961 1767 1016 clam
1787 976 1923 1014 vero

275 1050 510 1106 ridebat
531 1049 659 1121 ejus
679 1049 874 1114 verba,
907 1049 1219 1121 illumque.
1242 1055 1308 1104 ut
1333 1049 1641 1105 dominum
1665 1049 1792 1121 jam
1813 1047 1926 1104 sibi

277 1153 511 1214 gravem
557 1138 760 1210 quovis
791 1138 966 1194 modo
993 1139 1338 1194 submovere
1371 1140 1594 1194 statuit.
1629 1140 1776 1194 177
1816 1141 1926 1193 Ve-

277 1236 448 1286 nerat
478 1230 802 1300 imperator
831 1229 892 1283 in
923 1231 1115 1283 Atrea}
1149 1245 1423 1302 campum
1459 1230 1704 1302 Olympo
1737 1229 1928 1300 subje-

279 1325 440 1376 ctum
469 1337 480 1373 :
515 1319 846 1374 deverterat
876 1319 949 1374 ad
999 1320 1331 1374 Romanum
1379 1319 1718 1390 patricium,
1748 1319 1926 1373 Seba-

281 1408 549 1480 stophori
583 1409 868 1481 dignitate
915 1407 1278 1464 decoratum.
1315 1407 1403 1464 Ibi
1437 1409 1636 1463 ferunt
1664 1407 1925 1478 aliquem

281 1501 608 1573 spadonem
659 1499 729 1553 de
761 1498 1260 1565 ministrantibus,
1296 1498 1413 1554 sive
1447 1515 1552 1570 per
1583 1514 1644 1552 se
1672 1499 1924 1568 impera—

279 1591 392 1647 tori
453 1589 799 1655 infensum,
854 1588 973 1644 sive
1032 1588 1418 1644 subornatum
1463 1593 1925 1658 corruptumque

281 1679 811 1753 pollicitationibus
833 1677 1212 1750 largitionum
1235 1677 1463 1744 abillis,
1484 1677 1605 1748 qui,
1621 1677 1794 1732 bonis
1818 1677 1929 1731 ini-

284 1770 383 1841 qui
403 1768 847 1825 conversionem
862 1767 1057 1822 videre
1071 1784 1268 1822 rerum
1285 1773 1573 1838 cuperent
1590 1766 1710 1837 (qui
1725 1781 1927 1821 rumor

2032 601 2314 675 Ῥωμαῖκή
2403 607 2624 674 στρατιά
2698 611 2766 682 τῇ
2827 609 3078 682 βασιλείᾳ
3126 609 3188 665 τὸ
3236 611 3501 687 πρότερον
3586 615 3682 669 ἀν-

2033 691 2292 761 εσώσατο,
2325 693 2446 750 τότε
2467 693 2524 750 δὲ
2584 696 2729 772 παρᾶ
2783 703 2879 753 τοῦ
2932 697 3204 774 προέδρου
3253 701 3536 758 Βασιλείου
3589 703 3680 760 καὶ

2033 783 2533 858 παρακοιμωμένου
2590 786 3009 862 κατεχομένας,
3071 786 3352 865 ἤσχαλλεν
3388 835 3402 862 ,
3464 792 3540 856 ὡς
3615 795 3681 849 τὸ

2035 869 2202 940 εἰκὸς,
2261 873 2352 927 καὶ
2409 877 2624 948 ἠνιᾶτο,
2682 877 2772 932 καὶ
2830 878 2930 946 τὴν
2990 877 3384 950 πλεονεκτικήν
3471 879 3681 938 ἐκείνου

2037 958 2158 1048 βίαν
2190 959 2486 1033 ὠνείδιζενο
2519 965 2580 1021 Ὁ
2629 962 2685 1020 δὶ
2741 963 3040 1044 ἀναφανδὸν
3104 968 3199 1038 μὶν
3259 969 3358 1024 οὐκ
3410 971 3558 1048 εἶχεν
3589 973 3682 1028 ἀνι

2033 1045 2290 1106 τιϐαίνειν
2327 1097 2341 1122 ,
2400 1054 2500 1122 τήν
2557 1059 2654 1109 τοῦ
2711 1053 2940 1120 ἄνακτος
3026 1053 3216 1120 δεδιὼς
3298 1061 3682 1136 ἀγανάκτησιν·

2037 1136 2315 1214 λαθραίως
2348 1140 2403 1198 δὲ
2431 1145 2500 1199 τὰ
2537 1143 2744 1200 ἐκείνου
2799 1145 3128 1222 ἐμυκτήριζε
3180 1147 3366 1223 λόγια,
3425 1151 3512 1206 καὶ
3543 1159 3681 1208 τοῦ-

2033 1250 2150 1298 τον,
2201 1229 2308 1303 ἤδη
2356 1232 2521 1308 βαρὺν
2581 1235 2728 1308 αὐτῷ
2779 1239 3143 1312 γεγενημένον
3206 1236 3491 1310 δεσπότην,
3524 1241 3686 1315 ἀμω-

2038 1318 2250 1394 σγέπως
2312 1321 2574 1380 διενοεῖτο
2653 1324 3165 1390 ἀποσκευάσασθαι.
3223 1331 3377 1404 Ἄρτι
3441 1329 3496 1386 δὲ
3547 1332 3686 1387 κατά

2035 1411 2136 1478 τήν
2191 1416 2270 1484 τῷ
2323 1411 2596 1488 Ὀλύμπῳ
2666 1417 3068 1489 παρακειμένην
3119 1425 3219 1487 τῆς
3295 1421 3534 1494 Ἀτρώας
3583 1443 3682 1478 πε·-

2037 1496 2256 1555 διάδαὸ
2291 1502 2546 1578 βασιλεὺς
2581 1504 2928 1584 ἀφικόμενος,
2988 1506 3125 1582 πρὸς
3183 1509 3280 1577 τὴν
3335 1513 3430 1563 τοῦ
3489 1533 3682 1586 πατρι-

2035 1589 2158 1643 κίου
2217 1592 2502 1665 Ῥωμανοῦ
2554 1594 2644 1648 καὶ
2696 1598 2777 1666 τῷ
2834 1599 2928 1650 τοῦ
2997 1591 3400 1677 σεϐαστοφόρου
3466 1597 3689 1676 διαπρέο

2036 1697 2230 1741 ποντος
2263 1680 2531 1756 ἀξιώματι
2587 1682 2762 1738 ἑστίαν
2822 1686 3112 1760 κατήγετο.
3175 1687 3438 1750 Ἐνταῦθα
3467 1687 3684 1763 λέγετάί

2036 1789 2156 1822 τινα
2184 1773 2292 1824 τῶν
2315 1770 2824 1847 ἐξυπηρετουμένων
2857 1771 3110 1846 ἐκτομίαν
3160 1779 3240 1847 τῷ
3297 1775 3682 1852 αὐτοκράτορι,

285 1859 482 1932 potius
501 1875 675 1930 quam
691 1856 966 1928 priorille
991 1861 1049 1911 et
1073 1856 1344 1911 differtur
1367 1863 1424 1910 et
1442 1855 1742 1926 creditur).
1760 1871 1927 1910 vene-

2036 1855 2143 1912 εῗτε
2170 1854 2388 1914 οἷ’κοθεν
2423 1857 2702 1934 δυσμενῶς
2761 1863 2894 1926 πτὸς
2958 1862 3117 1919 αὐτὸν
3177 1862 3538 1938 διακείμενον,
3571 1870 3683 1922 εἴτε

284 1965 428 2003 num
453 1952 850 2020 praeparatum
872 1945 1214 2018 imperatori
1239 1946 1298 2000 in
1321 1945 1562 2017 potione
1579 1944 1924 2016 praebuisse:

285 2037 458 2092 illum
491 2036 641 2092 nihil
681 2036 794 2092 tale
821 2035 1244 2107 suspicantem,
1297 2053 1402 2107 pro
1435 2035 1678 2090 salutari
1713 2035 1929 2090 haustu

280 2128 440 2183 virus
472 2127 750 2182 ebibisse.
792 2126 902 2180 Sed
925 2126 1051 2198 jam
1084 2125 1367 2196 postridie
1400 2127 1528 2197 ejus
1559 2125 1676 2180 diei
1729 2132 1931 2197 torpor

283 2234 419 2274 eum
454 2217 878 2280 membrorum,
915 2222 973 2270 et
1019 2216 1284 2287 corporis
1344 2215 1600 2270 universi
1645 2214 1928 2270 relaxatio

281 2307 606 2378 occupavit,
639 2306 812 2375 vique
844 2305 1157 2376 repentina
1178 2305 1319 2361 mali
1351 2299 1560 2360 vanam
1589 2321 1717 2360 esse
1748 2304 1928 2358 medi-

277 2411 481 2451 corum
507 2394 816 2450 scientiam
851 2393 1139 2464 nulloque
1169 2394 1301 2449 usui
1335 2394 1628 2466 apparuit,
1661 2410 1771 2450 nec
1801 2409 1930 2448 ver-

279 2485 396 2544 sari
428 2486 490 2542 in
522 2484 858 2558 cognitione
889 2483 1049 2539 facili
1071 2484 1230 2540 hunc
1253 2483 1549 2540 morbum.
1583 2483 1926 2556 Imperator,

280 2575 382 2632 ubi
410 2576 594 2633 robur
652 2575 972 2648 singulare,
1036 2573 1194 2645 quod
1252 2574 1484 2646 pridem
1540 2574 1652 2630 sibi
1715 2573 1926 2641 inerat,

277 2671 524 2740 repente
553 2671 914 2739 prostratum
956 2681 1086 2720 esse
1118 2663 1323 2730 sensit,
1356 2663 1927 2735 Constantinopolim

278 2759 588 2832 pervenire
621 2757 957 2814 contendit:
994 2755 1354 2823 simularca,
1379 2773 1510 2828 qum
1533 2755 1928 2811 inServatoris

274 2849 414 2906 fano
450 2865 485 2905 a
517 2866 578 2904 se
619 2849 911 2904 aedificato
954 2846 1186 2919 corpori
1219 2845 1407 2917 ipsius
1460 2845 1924 2918 praeparabatur,

275 2945 342 2994 ut
390 2939 832 3012 quamprimum
867 2936 1276 2993 absolveretur
1323 2941 1620 3008 properat.
1657 2935 1748 2991 Sic
1782 2952 1924 2990 con-

267 3033 434 3084 tento
459 3044 636 3084 cursu
658 3027 733 3082 ad
763 3026 974 3082 urbem
1007 3025 1184 3088 venit,
1220 3029 1620 3097 exceptusque
1643 3041 1678 3080 a
1707 3023 1927 3096 populo

276 3117 640 3174 mirabiliter
669 3121 780 3185 est,
812 3117 1103 3189 languens
1126 3115 1277 3186 jam,
1316 3119 1494 3186 atque
1534 3131 1684 3186 aegre
1717 3113 1926 3168 intimo

2037 1949 2123 2003 καὶ
2158 1949 2292 2023 πρὸς
2319 1949 2549 2008 τούτων.
2579 1956 2697 2013 τοῖς
2748 1951 2938 2015 καλοῖς
3000 1954 3405 2029 βασκαινόντων
3458 1956 3545 2010 καὶ
3582 1978 3684 2029 με·-

2035 2033 2275 2100 ταϐολάς
2329 2043 2437 2094 τῶν
2516 2039 2852 2116 πράγματυν
2931 2045 3292 2117 ἱμειρομὲνων
3349 2045 3510 2117 ὁρᾷν,
3577 2048 3680 2102 ὑπ-

2039 2129 2291 2203 αχθέντα,
2322 2129 2410 2183 καὶ
2446 2130 2773 2205 ὑποσχέσεσι
2804 2129 3020 2206 δωρεῶν
3081 2133 3499 2209 παρακλαπέντα
3527 2135 3684 2211 (ὅπερ

2036 2219 2095 2273 τὶ
2125 2223 2220 2274 τοῦ
2251 2220 2518 2294 προτέρου
2553 2219 2768 2293 μᾶλλον
2800 2223 2886 2275 καὶ
2919 2219 3134 2296 λέγεται
3179 2223 3268 2278 καὶ
3327 2225 3680 2298 πιστεύεται),

2040 2304 2382 2384 δηλητήριον
2415 2311 2779 2384 κερασάμενον
2824 2313 2968 2386 παρά
3022 2312 3114 2367 τὸν
3172 2314 3338 2368 πότον
3398 2312 3680 2369 ἐπιδοῦναι

2037 2401 2115 2469 τῷ
2173 2396 2408 2471 βασιλεῖ’
2466 2398 2558 2454 τὸν
2617 2395 2695 2467 δὲ,
2761 2396 2927 2471 μηδὲν
2987 2421 3040 2454 τι
3101 2405 3351 2456 τοιοῦτον
3405 2404 3686 2482 φρασάμεο

2037 2507 2150 2556 νον,
2207 2489 2293 2560 [Ρ.
2357 2489 2478 2561 HO]
2543 2487 2616 2550 ὡς
2678 2490 2949 2564 σωτήριον
3010 2491 3162 2564 πόμα
3217 2492 3279 2546 τὸ
3339 2489 3688 2566 δηλητήριον

2039 2575 2261 2632 ἐκπιεῖν.
2294 2580 2372 2651 Τῇ
2402 2581 2530 2653 γοῦν
2559 2577 2810 2654 ὑστεραίᾳ
2843 2580 3014 2656 νάρκη
3073 2601 3132 2636 τε
3187 2586 3292 2636 τῶν
3353 2582 3532 2655 μελῶν
3592 2581 3683 2638 καὶ

2035 2667 2258 2739 πάρεσις
2317 2669 2412 2720 τοῦ
2489 2667 2689 2730 παντὸς
2750 2667 3002 2741 σώματος
3052 2668 3198 2742 αὐτῴ
3255 2669 3536 2746 ἐξεγένετο,
3594 2670 3684 2726 καὶ

2037 2757 2072 2824 ἡ
2103 2760 2208 2810 τῶν
2244 2754 2442 2828 ἰατρῶν
2476 2754 2754 2830 ἐπιστήμη
2787 2762 2864 2828 τῷ
2904 2759 3085 2833 ἀθρόῳ
3137 2764 3234 2816 τοῦ
3289 2759 3492 2822 πάτους
3551 2761 3682 2829 κενή

2035 2865 2120 2907 τις
2149 2845 2239 2899 καὶ
2297 2842 2568 2920 ἄπρακτος
2592 2847 2638 2882 ⁵⁵
2697 2845 3070 2923 ἀπηλέγχετο,
3137 2849 3213 2922 μή
3274 2844 3578 2923 ἀκριϐοῦσα
3611 2847 3690 2905 δι-

2035 2933 2266 3009 ἀγνωσιν
2297 2938 2394 2988 τοῦ
2441 2932 2696 2990 τοιούτου
2738 2937 3164 3010 συμπτώματος.
3198 2938 3261 2994 'O
3294 2934 3351 2993 δὲ
3410 2937 3688 3014 βασιλεὺς,

2034 3023 2134 3091 τὴν
2167 3021 2432 3098 πρότερον
2483 3023 2702 3079 ἐνοῦσαν
2759 3026 2909 3098 αὐτῷ
2963 3025 3274 3102 γιγαντώδη
3337 3026 3530 3102 ῥώμην
3560 3026 3689 3107 αἴφ-

2035 3109 2212 3168 νίδιον
2239 3107 2672 3183 καταϐληθεῖσαν
2730 3114 3074 3189 αἰσθόμενος,
3133 3115 3394 3194 ἠπείγετο
3439 3115 3685 3172 καταλα-

273 3213 512 3282 pectore
546 3206 820 3280 spiritum
849 3205 1071 3260 ducens
1093 3210 1152 3261 et
1181 3204 1409 3260 efﬂans.
1457 3205 1602 3259 Cum
1633 3209 1830 3259 autem
1864 3203 1925 3258 in

2037 3197 2150 3258 δεῖν
2182 3203 2244 3257 τὸ
2277 3202 2590 3272 Βυζάντιον·
2651 3203 2945 3260 ἐπέσπευδε
2999 3203 3057 3260 δὲ
3111 3205 3201 3260 καὶ
3259 3207 3358 3274 τήν
3393 3205 3448 3260 ἐν
3476 3212 3554 3279 τῷ
3583 3211 3683 3261 τοῦ

275 3296 566 3370 palatium
590 3313 650 3352 se
674 3295 1041 3362 contulisset,
1067 3311 1291 3351 veneno
1315 3294 1618 3350 confectus
1627 3295 1754 3365 jam
1773 3293 1925 3350 lecto

279 3386 582 3443 decubuit.
603 3384 861 3457 Itaquod
886 3384 1183 3440 sentiebat
1200 3401 1321 3442 non
1345 3383 1774 3440 convaliturum
1799 3399 1928 3438 sese

278 3493 350 3532 ex
390 3482 554 3533 tanto
585 3476 794 3532 morbo
823 3477 986 3548 (nam
1019 3474 1169 3531 fuade
1222 3474 1653 3546 depascebatur
1709 3473 1931 3530 viscera

273 3565 812 3638 penibusinsidens
845 3565 1116 3636 malum),
1148 3581 1178 3620 e
1207 3565 1349 3620 fisco
1372 3563 1549 3635 plena
1579 3578 1758 3619 manu
1789 3564 1931 3618 hau-

277 3656 438 3712 riens
473 3656 818 3729 largitiones
850 3654 1002 3710 178
1037 3653 1178 3708 fecit
1205 3669 1339 3707 cum
1365 3653 1427 3706 in
1459 3669 1770 3724 pauperes,
1805 3657 1928 3708 tum

273 3745 534 3801 maxime
553 3745 613 3798 in
649 3745 914 3814 leprosos
933 3743 1206 3810 illosque,
1225 3741 1325 3812 qui
1349 3741 1526 3796 adesa
1549 3741 1706 3796 mala
1734 3741 1928 3798 scabie

280 3851 530 3905 corpora
559 3831 1005 3896 circumferunt,
1064 3848 1211 3902 quos
1255 3835 1471 3902 printer
1499 3835 1742 3885 caateros
1774 3831 1931 3886 indi-

279 3929 487 3997 gentes
515 3927 893 3996 paramanter
917 3921 1270 3976 observabat
1313 3922 1681 3975 Introvocato
1713 3920 1930 3976 deinde

277 4013 541 4077 Nicolao,
565 4009 980 4082 Adrianopolis
1001 4008 1275 4076 antistiti,
1298 4009 1419 4064 viro
1452 4008 1648 4064 divino
1677 4025 1743 4065 ac
1765 4025 1929 4065 reve-

272 4103 484 4170 rendo,
519 4101 869 4158 commissos
901 4117 936 4156 a
979 4117 1040 4156 se
1071 4100 1133 4156 in
1164 4100 1294 4156 vitae
1348 4100 1644 4157 curriculo
1697 4117 1929 4157 errores

269 4194 571 4268 patefecit.
586 4194 823 4264 vimque
845 4191 1242 4264 lacrymarum
1265 4189 1455 4246 oculis
1484 4189 1767 4262 profudit,
1782 4208 1929 4262 qua-

271 4298 406 4338 rum
423 4281 716 4338 lavatione
741 4278 903 4335 labes
918 4278 1242 4350 sordesque
1255 4284 1632 4350 peccatorum
1653 4277 1932 4334 abstersit

275 4373 552 4430 invocata
578 4371 679 4427 Dei
712 4372 912 4436 Matre,
947 4375 1012 4424 ut
1039 4369 1103 4424 in
1129 4368 1223 4424 die
1243 4367 1456 4440 judicii
1478 4374 1795 4440 patronum
1815 4369 1927 4425 sibi

271 4463 590 4530 inveniret,
623 4460 861 4532 quando
893 4475 1094 4514 coram
1126 4457 1321 4514 divino
1356 4457 1484 4528 ejus
1515 4457 1661 4514 Filio
1707 4459 1930 4515 trutina

273 4551 762 4624 ponderibusque
793 4547 1155 4618 incorruptis
1186 4547 1449 4602 actiones
1475 4547 1819 4603 mortalium
1855 4547 1926 4602 li-

2039 3298 2298 3366 Σωτῆροε
2359 3295 2483 3365 νεῷ,
2534 3293 2592 3347 ’ὀν
2652 3293 2813 3356 αὐτὸς
2870 3291 3163 3369 ἐδείματο,
3221 3298 3688 3369 κατασκευαζομέ-

2032 3403 2129 3452 νην
2163 3386 2242 3456 τῷ
2273 3381 2532 3456 σωματίῳ
2560 3382 2754 3438 τούτου
2807 3383 2965 3458 σορὸν
3026 3385 3422 3460 ἀπαρτισθῆναι
3455 3379 3531 3449 ὡς
3582 3387 3686 3441 ,τά-

2032 3492 2217 3552 χιστα.
2252 3472 2538 3533 Συντείνας
2597 3469 2656 3528 δὲ
2701 3475 2802 3543 τὴν
2858 3471 3205 3548 ὁδοιπορίαν,
3265 3474 3319 3536 ἐς
3363 3475 3462 3543 τὴν
3527 3476 3682 3551 βασι-

2032 3562 2293 3619 λεύουσαν
2323 3563 2448 3633 ἧκε,
2482 3563 2832 3642 φιλοφρόνως
2863 3564 2958 3638 μὲν
3017 3563 3342 3642 ὑποδεχθεὶς
3396 3567 3532 3639 πρὸς
3570 3571 3683 3622 τῶν

2033 3651 2286 3721 ἀστικῶν,
2332 3649 2736 3729 ὀλιγοδρανέων
2790 3650 2846 3708 δὲ
2900 3651 3035 3724 ἤδη,
3092 3654 3181 3709 καὶ
3238 3654 3418 3728 ἆσθμα
3483 3653 3685 3732 μύχιον

2033 3741 2122 3797 καὶ
2205 3739 2571 3816 δυσπρόσοδον
2655 3745 2954 3818 περιπνέων
3039 3745 3130 3800 καὶ
3200 3745 3679 3818 ἀναπεμπόμενος.

2032 3837 2192 3906 ’Δρτι
2251 3829 2308 3887 δὶ
2366 3831 2444 3894 εἲς
2494 3833 2596 3901 τὴν
2655 3834 3012 3909 ἀνακτορικήν
3069 3835 3245 3890 ἑστίαν
3305 3836 3684 3910 πεφοιτηκὼς,

2033 3918 2360 3990 κλινοπετής
2390 3917 2680 3990 ἐδείκνυτο,
2711 3926 2790 3992 τῷ
2847 3925 3119 3999 φαρμάκῳ
3174 3923 3672 3996 καταπονούμενος.

2019 4011 2244 4075 ’Συνιεὶς
2284 4006 2362 4080 δὲ,
2395 4010 2470 4075 ὡς
2500 4009 2597 4066 οὐκ
2629 4010 2689 4066 ἂν
2725 4010 3011 4092 ἀνασφήλῃ
3065 4017 3161 4067 τοῦ
3219 4012 3470 4068 τοιούτου
3528 4014 3680 4069 πτώ-

2038 4121 2206 4174 ματος
2245 4100 2326 4174 (τὸ
2373 4101 2476 4178 γὰρ
2533 4099 2874 4182 ὲνδομυχοῦν
2935 4100 3107 4159 δεινὸν
3164 4104 3232 4160 τὰ
3285 4101 3484 4181 ἔγκατα
3515 4105 3684 4181 χαλε-

2033 4195 2150 4252 πῶς
2207 4189 2505 4266 ξεθέριζε),
2571 4195 2677 4246 τῶν
2739 4190 3041 4267 βασιλικῶν
3101 4199 3383 4269 θησαυρῶν
3444 4193 3684 4272 ἀφειδῶς

2035 4281 2340 4349 ἀπαντλῶν,
2401 4279 2642 4337 διεδίδου
2679 4289 2798 4345 τοῖς
2856 4282 3072 4356 πένησι,
3132 4285 3222 4340 καὶ
3281 4286 3519 4358 μάλιστα
3565 4293 3682 4349 τοῖς

2033 4363 2453 4442 λελωϐημένοις
2481 4372 2570 4425 καὶ
2631 4367 2957 4448 βεϐρωμένα
2983 4377 3051 4448 τῇ
3084 4375 3202 4450 ἱερᾷ
3258 4374 3399 4448 νόσῳ
3450 4375 3516 4430 τὰ
3573 4375 3679 4430 σώ-

2036 4481 2177 4533 ματα
2204 4460 2607 4536 περιφέρουσιν,
2641 4462 2724 4524 οἷς
2766 4466 2874 4518 τῶν
2928 4461 3118 4520 ἄλλων
3175 4467 3423 4536 πενήτων
3484 4463 3678 4542 φιλαν-

2037 4548 2384 4625 θρωπότερον
2445 4546 2732 4614 διετίθετο.
2793 4551 3067 4608 Νικόλαόν
3119 4575 3200 4623 τε,
3258 4555 3350 4610 τὸν
3408 4553 3676 4630 πρόεδρον

274 4617 627 4696 brabuntur.
663 4617 847 4704 Quam
883 4617 1318 4690 confessionem
1345 4635 1442 4690 ubi
1468 4636 1699 4689 intenta
1729 4641 1927 4690 mente

2038 4617 2550 4714 'ASpuvo'undlsm:
2583 4684 2596 4708 ,
2658 4639 2974 4704 εἶσκαλέσας
3062 4617 3226 4719 ἄνδρα
3282 4643 3423 4699 θεῖόν
3453 4617 3537 4698 ’τε
3584 4617 3677 4700 καί

275 4736 451 4802 atque
483 4729 684 4784 animo
734 4725 990 4782 contrito
1048 4723 1369 4795 imperator
1422 4724 1663 4784 fecerat.
1715 4740 1785 4779 ex
1819 4725 1925 4779 hac

269 4820 388 4874 vita
418 4816 712 4879 discessit,
749 4820 808 4869 et
837 4813 908 4870 ad
942 4814 1207 4886 requiem
1246 4831 1395 4880 sese,
1441 4831 1570 4886 qum
1626 4814 1784 4871 ultra
1816 4819 1926 4884 est,

270 4906 598 4968 transtulit,
616 4905 710 4960 die
741 4903 1002 4960 Januarii
1033 4903 1283 4967 decima.
1318 4903 1645 4959 indictione
1661 4921 1734 4973 ιν,
1767 4922 1926 4964 anno

273 5016 377 5056 sex
407 4997 728 5055 millesimo
751 4995 1302 5072 quadingentesimo
1322 4996 1680 5069 octogesimo
1697 4998 1924 5068 quinto.

2037 4725 2330 4802 σεϐάσμιον
2367 4772 2381 4798 ,
2441 4729 2509 4784 τὰ
2565 4731 2699 4786 κατά
2740 4731 2831 4785 τὸν
2919 4731 3036 4808 βίον
3130 4733 3276 4805 αὐτῷ
3351 4731 3680 4808 ἀνὲκάλυψεν

2035 4819 2382 4894 ἀγνοήματα,
2440 4818 2707 4894 κρουνοὺς
2755 4824 2863 4875 τῶν
2915 4818 3214 4897 ὀφθαλμῶν
3278 4819 3522 4896 δακρύων
3577 4822 3682 4877 ἐπ-

2037 4909 2238 4988 αφιεὶς,
2262 4909 2353 4964 καὶ
2409 4913 2489 4980 τῷ
2519 4908 2725 4966 τούτων
2759 4909 2992 4985 λουτῆρι
3046 4910 3112 4966 τὰ
3168 4911 3338 4986 αἴσχη
3379 4912 3469 4966 καὶ
3495 4911 3560 4967 τά
3589 4913 3686 4987 ῥυ·-

2037 4998 2292 5072 πάσματα
2323 5001 2433 5072 (67)
2485 5003 2594 5054 τῶν
2638 4996 2992 5080 ἐσφαλμένων
3049 5001 3410 5076 ῥυπτόμενος,
3441 5001 3532 5058 καὶ
3589 5003 3689 5072 τήν

1482 5184 1542 5241 ο.
1577 5183 1640 5244 Β.
1675 5185 1864 5243 HASII
1917 5187 2473 5248 ANNOTATIONEi.

343 5366 392 5402 ⁵⁵
420 5363 714 5441 ἄπρακτος.
749 5364 876 5424 Vid.
909 5363 1215 5421 Schottum
1245 5360 1327 5419 De
1357 5361 1531 5420 nodis
1562 5363 1862 5421 Ciceronis
1898 5366 1988 5421 22.
2021 5365 2083 5422 C.

349 5513 460 5574 (67)
493 5508 825 5578 Ρυπάσματα
857 5510 996 5562 sunt
1039 5504 1367 5577 saepissime
1398 5504 1558 5576 aqud
1615 5503 1934 5578 scriptores

281 5583 647 5638 Christianos
679 5577 1104 5650 inquinamenta
1154 5592 1256 5650 seu
1287 5579 1516 5650 macula
1545 5577 1752 5635 animi.
1785 5577 1844 5650 h.
1879 5595 1930 5634 e.

275 5661 532 5725 peccata.
563 5648 980 5725 AUsurp'antita
1008 5649 1393 5725 Theophanes
1410 5648 1693 5725 ΔΝἰςιωῐιιιε
1744 5649 1929 5725 Epist.

282 5720 602 5781 doctrinali
653 5720 740 5776 de'
781 5720 1066 5792 patientia
1097 5725 1156 5776 et
1183 5720 1600 5792 longanimitat
1644 5724 1733 5787 40,
1769 5720 1834 5776 Ᾱ.
1871 5723 1923 5777 8.

283 5796 538 5854 Basilius
567 5792 750 5864 Epist.
783 5791 1073 5850 canonica
1103 5809 1164 5853 ιι.
1200 5791 1272 5849 ad
1298 5791 1676 5868 Amphiloch,
1697 5794 1767 5855 Il.
1803 5796 1928 5853 773.

2044 5509 2105 5584 C.
2126 5509 2461 5584 ‘Hesychius
2491 5509 2802 5584 presbyter
2831 5507 2911 5566 De
2932 5514 3287 5584 temperant.
3317 5517 3377 5568 et
3404 5513 3618 5570 virtute
3641 5515 3689 5570 Ι.

2046 5527 2105 5566 υ.
2137 5527 2461 5638 ηοἸοηιυδ
2491 5527 2802 5584 presnyter
2831 5527 2911 5566 ue
2932 5527 3287 5584 temperant.
3317 5527 3377 5568 et
3404 5527 3618 5570 Virtute
3641 5527 3680 5569 ι.

2046 5575 2201 5665 100).
2291 5626 2301 5638 .
2355 5583 2666 5665 Leo__lmp.
2685 5584 2791 5665 _In
2837 5583 3078 5665 “erait-at.
3131 5584 3186 5640 S.
3206 5585 3680 5665 _Crucis_368_~._9.

2041 5652 2097 5730 ξ.
2133 5655 2443 5730 Gregorius
2473 5652 2638 5730 lﬁ'yssi
2685 5655 2751 5709 In
2810 5652 3172 5728 principium
3195 5657 3390 5730 jejun.
3427 5658 3517 5713 III.
3551 5660 3677 5714 247.

2028 5721 2105 5778 -D.
2141 5721 2338 5797 aliq‘ue
2380 5721 2573 5782 multi.
