4078 6204
328 360 447 422 927

329 499 402 554 II.
437 500 514 554 De
545 497 803 553 custodiis
832 497 1092 550 itinerum
1121 499 1174 548 et
1202 493 1270 548 de
1297 494 1759 566 exploratoribus.

331 589 433 644 ΠΙ.
466 589 536 642 De
564 594 716 642 motu
744 587 999 652 hostium,
1031 589 1084 637 et
1123 599 1230 653 quo
1257 589 1422 654 pacto
1451 585 1719 653 angustiae
1771 597 1980 653 praeoc-

403 677 666 748 cupanda
695 676 825 729 sint.

331 767 432 822 1V.
469 767 584 830 Quo
606 770 776 834 pacto
806 762 1022 818 insidiae
1048 763 1190 818 clam
1239 763 1484 819 hostibus
1526 762 1802 831 faciendae
1843 764 1978 828 sint,

406 861 458 908 et
510 852 969 923 quemadmodum
1026 852 1358 908 adversariis
1433 853 1830 909 occurrendum
1910 853 1982 906 sit

404 945 626 998 domum
654 942 1028 997 redeuntibus.

340 1033 403 1088 V.
440 1032 512 1087 De
541 1047 816 1102 aquarum
846 1033 906 1086 in
937 1033 1208 1101 angustiis
1229 1031 1741 1102 praeoccupatione.

339 1212 432 1266 VI.
471 1215 546 1265 De
576 1211 932 1266 consectando
959 1213 1197 1281 equestri
1225 1213 1464 1280 agmine,
1498 1212 1646 1282 quod
1666 1211 1980 1282 praedatum

404 1300 678 1368 incurrat,
739 1307 793 1355 et
840 1317 949 1371 quo
999 1306 1168 1371 pacto
1226 1317 1513 1356 numerum
1571 1301 1806 1356 militum
1863 1302 1980 1371 ejus

407 1393 551 1445 inire
573 1391 766 1460 possis.

343 1481 466 1535 VII.
501 1483 578 1536 De
611 1481 986 1535 contractione
1023 1486 1079 1534 et
1133 1486 1285 1535 motu
1342 1481 1628 1547 exercitus,
1689 1485 1741 1533 et
1787 1480 1854 1534 de
1898 1496 1981 1549 eo,

409 1577 470 1624 ut
500 1571 888 1625 mercatoribus
910 1571 1277 1641 permittatur
1307 1571 1518 1625 intrare
1561 1567 1804 1625 hostium
1849 1573 1983 1638 ﬁnes

409 1677 473 1715 ac
504 1661 797 1730 speculari.

346 1749 495 1806 VIII.
531 1756 607 1806 De
635 1752 850 1805 ratione
878 1751 1197 1806 observandi
1245 1757 1411 1820 atque
1458 1749 1784 1820 insequendi
1820 1765 1982 1805 eccer-

412 1842 604 1896 citum.

337 1929 428 1985 1X.
470 1930 548 1983 De
575 1935 728 1983 motu
756 1945 948 1984 manus
970 1929 1344 2000 praedatorias,
1379 1935 1432 1984 et
1461 1929 1527 1984 de
1554 1930 1909 1984 insecutione.

336 2109 403 2163 X.
441 2112 520 2164 De
548 2109 886 2178 sejunctione
913 2123 1106 2163 manus
1119 2107 1499 2177 praedatoria,
1533 2107 1707 2177 deque
1719 2107 1982 2178 peditatu

409 2215 445 2253 a
470 2204 624 2267 tergo
663 2199 1036 2268 subsequente.

331 2288 427 2342 XI.
459 2288 524 2341 In
555 2286 826 2357 angustiis
847 2286 1160 2358 peditatum
1203 2287 1277 2342 ad
1331 2292 1625 2358 utrumque
1682 2286 1823 2343 latus
1872 2289 1981 2344 viae

407 2382 554 2432 stare
585 2382 856 2447 oportere.

336 2465 488 2522 182
519 2467 636 2520 XII.
673 2468 749 2521 De
776 2467 960 2521 subita
1012 2467 1328 2522 incursione
1377 2466 1635 2533 hostium,
1683 2474 1980 2538 antequam

407 2557 661 2610 Romanae
693 2557 862 2626 capia:
893 2557 1016 2625 cogi
1038 2557 1273 2625 possint.

335 2646 484 2701 XIII.
519 2646 594 2700 De
649 2645 886 2713 insidiis,
947 2661 1068 2715 quas
1124 2651 1315 2700 contra
1371 2650 1786 2714 mensuratores,
1847 2663 1980 2717 quos

407 2757 678 2811 vocamus,
704 2743 765 2796 in
805 2748 1115 2796 castrorum
1138 2741 1267 2796 locis
1293 2744 1451 2810 ﬁant.

333 2833 480 2888 XIV.
513 2833 586 2888 De
615 2832 850 2887 discessu
897 2832 1145 2900 equitum
1189 2847 1225 2884 a
1271 2831 1549 2900 peditatu,
1597 2847 1829 2902 quocum
1875 2835 1982 2888 iter

403 2925 674 2991 fecerant.

333 3012 454 3066 XV.
489 3012 564 3065 De
602 3011 875 3065 cautione.

335 3101 486 3154 XVI.
514 3101 590 3152 De
617 3097 996 3152 submovendis
1024 3096 1445 3168 impedimentis.

337 3190 512 3244 XVII.
547 3189 623 3240 De
652 3186 894 3241 hostibus
923 3203 1043 3242 cum
1091 3187 1406 3260 ingentibus
1452 3192 1622 3262 copiis
1661 3192 1982 3262 provincias

407 3283 622 3331 nostras
648 3276 1053 3346 invadentibus,
1095 3285 1149 3334 ct
1204 3280 1271 3334 de
1320 3281 1540 3335 rutione
1588 3297 1694 3352 per
1753 3281 1981 3338 insidias

413 3365 675 3420 betlandi.

336 3455 538 3510 XVIII.
570 3455 644 3511 De
672 3471 753 3523 eo,
786 3458 1007 3527 quando
1033 3464 1250 3529 oportet
1269 3460 1464 3516 ducem
1501 3461 1768 3531 bipartito
1812 3461 1985 3516 hostes

410 3545 645 3616 insequi.

337 3634 472 3688 XIX.
509 3637 582 3690 De
608 3642 780 3703 statu,
811 3642 1101 3692 armatura
1129 3641 1183 3692 et
1201 3640 1594 3694 eaercitatione
1620 3638 1884 3695 militum.

341 3818 455 3871 XX.
503 3814 572 3868 De
627 3814 980 3880 adversariis,
1038 3817 1086 3871 si
1141 3815 1352 3871 diutius
1412 3817 1468 3871 in
1524 3816 1748 3885 regione
1801 3823 1991 3873 nostra

413 3910 725 3970 morantur,
758 3910 821 3958 ut
869 3906 1142 3960 exercitus
1197 3911 1380 3960 noster
1427 3909 1486 3961 in
1545 3907 1770 3961 illorum
1824 3911 1988 3977 finem

419 4000 682 4049 transeat.

338 4083 460 4138 XXI
511 4083 584 4138 De
613 4083 890 4138 obsidione
920 4083 1132 4155 oppidi.

340 4174 503 4228 XXII.
567 4174 643 4228 De
695 4173 1043 4244 separatione
1099 4175 1364 4242 dimidiae,
1417 4177 1504 4231 vel
1583 4177 1748 4232 etiam
1813 4176 1990 4233 tertia

405 4264 588 4334 partis
620 4265 906 4334 copiarum
937 4265 1235 4321 hostilium.

339 4353 534 4408 XXIII.
569 4353 640 4406 De
695 4352 931 4410 discessu
987 4354 1248 4423 hostium,
1302 4361 1356 4411 et
1422 4355 1787 4414 claustrorum
1829 4372 1992 4413 occu-

410 4444 650 4513 potione.

338 4534 529 4588 XXIV.
568 4535 636 4588 De
666 4535 1019 4588 dimicatione
1047 4539 1342 4591 nocturna.

1709 356 1992 420 LEONIS
2019 357 2363 420 DIACONI

2013 1866 2060 1932 B

3616 362 3733 424 938

2007 495 2058 563 Α
2092 493 2158 567 β’.
2195 492 2325 568 Περὶ
2354 497 2461 550 τῶν
2487 492 2934 570 καμινοοιγλίων
2964 492 3056 548 καὶ
3085 494 3460 551 κατασκόπων.

2089 582 2158 658 γ’.
2217 583 2348 654 Περὶ
2402 585 2668 654 κινήσεως
2727 583 2964 663 ἐχθρῶν,
3040 583 3131 638 καὶ
3189 587 3207 622 ¹
3266 586 3364 639 τοῦ
3450 603 3738 660 προκατα-

2160 673 2424 748 σχεθῆναι
2455 673 2550 737 τὰς
2580 671 2914 749 δυσχωρίας.

2088 754 2153 816 δ’.
2185 761 2314 835 Περὶ
2348 765 2445 817 τοῦ
2474 763 2746 818 ποιεῖσθαι
2779 761 2956 837 λάθρα
3009 762 3105 827 τὰς
3160 763 3298 818 κατὰ
3345 767 3457 817 τῶν
3517 761 3734 839 ἐχθρῶν

2161 847 2451 920 ἐπιθέσεις,
2534 850 2625 906 καὶ
2733 852 2858 926 περὶ
2938 855 3036 906 τοῦ
3122 856 3502 926 προσυπαντᾷν
3607 851 3736 915 τοὺς

2161 935 2470 1012 πολεμίους
2500 941 2636 1014 πρὸς
2667 943 2769 1010 τὴν
2802 938 2940 996 ἰδίαν
2969 939 3478 1019 ἐκαναστρέφοντας.

2087 1027 2146 1083 3‘.
2207 1029 2337 1103 Περί
2391 1029 2882 1109 προκατασχὲσεως
2935 1027 3142 1086 ὑδάτων
3197 1028 3251 1085 ἐν
3334 1035 3450 1092 τοῖς
3534 1032 3732 1087 στενώο

2163 1137 2322 1188 μασιν
2355 1111 2523 1173 ὅντων
2534 1161 2546 1174 .

2091 1205 2151 1274 ζ“.
2213 1205 2342 1278 Περὶ
2424 1205 2788 1284 παραδρομῆς
2891 1213 2998 1266 τῶν
3109 1208 3518 1284 μονοκούριτῑων⁹
3637 1209 3733 1264 καὶ

2159 1301 2479 1371 στοχασμοῦ
2509 1304 2610 1368 τῆς
2632 1303 2728 1354 τοῦ
2758 1297 2894 1356 λαοῦ
2925 1298 3101 1355 αὐτῶν
3133 1300 3459 1368 ποσότητος.

2089 1473 2152 1544 ζ“.
2208 1473 2339 1550 Περὶ
2419 1475 2814 1552 συναθροίσεως
2897 1479 2989 1534 καὶ
3072 1481 3335 1550 κινήσεως
3420 1480 3732 1558 φωσσάτου,

2159 1565 2248 1618 καὶ
2307 1565 2432 1640 περὶ
2484 1571 2583 1622 τοῦ
2667 1573 3022 1645 παραχωρεῖν
3101 1567 3230 1632 τοὺς
3313 1569 3736 1645 πραγματευτὰς

2159 1652 2499 1731 εἶσὲρχεσθαι
2527 1655 2617 1712 καὶ
2637 1663 3018 1718 κατασκοπεῖν.

2089 1743 2161 1812 η’.
2221 1743 2350 1820 Περὶ
2439 1753 2764 1823 παραμονῆς
2848 1749 3154 1826 φωσσάτου,

2161 1853 2320 1897 σεως.

2093 1922 2155 1979 θ’.
2215 1924 2348 2000 Περὶ
2403 1931 2504 1996 τῆς
2559 1927 2827 1998 κινήσεως
2907 1931 3004 1983 τοῦ
3087 1927 3344 2001 κούρσου,

2164 2009 2501 2086 λουθήσεως.

2097 2105 2146 2164 ι’.
2197 2107 2329 2182 Περὶ
2384 2112 2484 2164 τοῦ
2537 2107 2922 2186 διαχωρισμοῦ
2978 2113 3076 2165 τοῦ
3155 2109 3416 2184 κούρσου,
3471 2108 3560 2164 καὶ
3632 2113 3737 2165 τοῦ

2172 2201 2308 2258 λαοῦ
2335 2200 2553 2265 ὄπισθεν
2582 2197 3102 2264 ἐπακολουθοῦντος.

2096 2292 2182 2352 ια’.
2238 2292 2366 2366 Περὶ
2428 2295 2526 2346 τοῦ
2582 2287 2724 2345 ἔνθεν
2777 2288 3020 2344 κάκεῖθεν
3098 2287 3343 2353 ἱστασθαι
3420 2286 3546 2350 τοῦς
3628 2307 3730 2343 πε-

2164 2381 2288 2453 ζοὺς
2319 2380 2374 2437 ἰν
2405 2385 2524 2443 ταῖς
2557 2377 2916 2458 δυσχωρίαις.

2093 2471 2184 2546 ιβ’.
2244 2471 2372 2545 Περὶ
2435 2468 2635 2543 ἀθρόας
2695 2467 3012 2538 ἐξελεύσεως
3069 2471 3176 2523 τῶν
3261 2465 3568 2540 πολεμίων,
3625 2465 3736 2542 πρὸ

2157 2564 2254 2616 τοῦ
2326 2559 2393 2615 τὰ
2471 2558 2752 2632 Ῥωμαϊκὰ
2833 2556 3260 2633 ἐπισυναχθῆναι
3337 2555 3734 2633 στρατεύματα.

2091 2653 2177 2727 ιγ’.
2241 2651 2368 2726 Περὶ
2441 2653 2538 2705 τοῦ
2622 2644 2924 2723 ἐνεδρεῦσαι
3009 2646 3146 2702 κατᾶ
3225 2651 3334 2702 τῶν
3414 2645 3733 2722 λεγομὲνων

2162 2738 2604 2814 μινσουρατόρων
2635 2735 2686 2792 ἐν
2715 2743 2834 2801 τοῖς
2862 2733 3189 2807 ἀπλήκτοις.

2093 2827 2176 2891 ιδ’.
2235 2830 2366 2904 Περὶ
2414 2836 2514 2898 τῆς
2569 2827 2984 2903 ὑποχωρήσεως
3035 2829 3143 2881 τῶν
3196 2824 3406 2882 ἱππέων
3458 2825 3564 2880 ἀπὸ
3621 2827 3732 2879 τῶν

2159 2918 2355 2990 πεζῶν,
2389 2916 2827 2992 ὁδοιπορούντων
2857 2917 3020 2988 ὁμοῦ.

2093 3011 2170 3066 ιε’.
2207 3009 2337 3084 Περὶ
2369 3007 2690 3083 ἀσφαλείας.

2094 3101 2174 3164 ις’.
2209 3099 2339 3175 Περὶ
2372 3097 2758 3174 διαχωρισμοῦ
2783 3101 2883 3152 τοῦ
2911 3093 3171 3152 τούλδου.

2096 3191 2180 3260 ιζ’.
2238 3187 2367 3262 Περὶ
2420 3191 2530 3243 τῶν
2594 3187 2727 3260 μετὰ
2784 3183 3004 3255 πολλῆς
3060 3182 3344 3258 δυνάμεως
3427 3181 3743 3258 ἐπιτρεχόν-

2161 3299 2268 3334 των
2313 3276 2596 3350 πολεμίων
2653 3276 2750 3338 τὰς
2808 3277 2998 3350 χώρας
3055 3276 3241 3347 ἡμῶν,
3298 3271 3387 3328 καὶ
3441 3279 3541 3342 τῆς
3601 3270 3740 3345 μετὰ

2162 3367 2562 3443 ἐγκρυμμάτων
2581 3371 2946 3436 παρασκευῆς.

2097 3457 2188 3530 ιη’.
2247 3457 2380 3533 Περὶ
2435 3456 2562 3526 τοῦ,
2619 3454 2751 3510 πότε.
2807 3451 2891 3509 δεῖ
2935 3453 3025 3508 τὸν
3102 3452 3406 3530 στρατηγὸν
3473 3449 3534 3506 ἐκ
3606 3447 3737 3506 δύο·

2169 3553 2347 3624 μερῶν
2374 3553 2482 3603 τῶν
2505 3543 2788 3618 πολεμίων
2818 3541 3178 3618 παραδρομὴν
3210 3548 3460 3611 ποιῆσαι,

2098 3639 2183 3703 io‘.
2266 3637 2396 3712 Περὶ
2475 3633 2876 3704 καταστάσεως,
2977 3633 3069 3688 καὶ
3183 3629 3534 3704 ἐξοπλίσεως,
3645 3628 3742 3686 καὶ

2168 3725 2466 3804 γυμνασίας
2498 3727 2746 3798 στρατοῦ.

2094 3819 2162 3878 κ“.
2221 3819 2352 3895 Περὶ
2407 3823 2516 3875 τῶν
2575 3816 2998 3893 ἐγχςρονιζὸντων
3059 3811 3343 3886 πολεμίων
3425 3812 3562 3868 κατὰ
3638 3818 3741 3881 τῆς

2169 3911 2356 3986 χώρας
2413 3911 2594 3981 ἡμῶν,
2647 3905 2796 3962 ’ίναὸ
2838 3907 3107 3981 ἡμέτερος
3165 3903 3389 3979 στρατὸς
3448 3901 3585 3958 κατὰ
3642 3907 3749 3971 τῆς

3240 1747 3332 1803 καὶ
3416 1746 3736 1818 ἀκολουθή-

3428 1927 3520 1983 καὶ
3602 1927 3704 1984 ἀκο
3716 1957 3739 1973 ο

2171 3997 2360 4073 χώρας
2388 3995 2564 4052 αὐτῶν
2594 3992 2818 4068 ἐπέλθῃ.

2095 4091 2198 4142 κα“.
2233 4085 2362 4158 Περὶ
2391 4081 2719 4160 πολιορκίας
2747 4083 3006 4156 κάστρου.

2096 4175 2203 4252 κβ“.
2263 4173 2394 4250 Περὶ
2452 4171 2834 4249 διαχωρισμοῦ
2893 4169 3028 4226 λαοῦ
3083 4173 3187 4225 τῶν
3274 4166 3516 4242 ἡμίσεων
3571 4164 3746 4220 πολε-

2175 4265 2337 4338 μίων,
2369 4263 2406 4333 ἢ
2438 4263 2528 4318 καὶ
2555 4261 2652 4318 τοῦ
2680 4260 2868 4336 τρίτου
2901 4257 3117 4333 μέρους.

2098 4361 2200 4431 κγ’.
2263 4352 2393 4429 Περὶ
2474 4358 2573 4421 τῆς
2662 4351 3008 4428 ὑποστροφῆς
3088 4351 3196 4402 τῶν
3270 4343 3575 4419 πολεμίων,
3652 4340 3746 4400 καὶ

2168 4443 2544 4518 κατασχέσεως
2575 4439 2923 4517 κλεισούρας.

2099 4531 2199 4592 κδ’.
2233 4533 2364 4606 Περὶ
2390 4526 2826 4603 νυκτοπο).ἕμου.

339 4623 508 4678 XXV.
542 4624 616 4676 De
647 4623 757 4677 alio
777 4624 938 4678 modo
967 4624 1275 4696 occupandi
1301 4628 1468 4694 viam,
1499 4641 1620 4697 qua
1649 4623 1712 4679 in
1732 4624 1977 4682 descensu

2109 4629 2186 4680 ιε’.
2248 4621 2378 4698 Περὶ
2434 4621 2618 4696 ἐτέρας
2675 4615 3056 4694 κατασχέσεως
3111 4613 3266 4684 ὁδοῦ,
3349 4620 3449 4683 τῆς
3503 4612 3582 4674 ιῑς
3636 4609 3740 4683 τήν

411 4710 800 4781 difﬁcultatem
833 4712 1014 4769 habet.

981 4891 1368 4950 PREFATIO.

421 5057 566 5114 l88
598 5056 744 5114 Cum
775 5060 1148 5132 propositum
1173 5061 1346 5117 nobis
1396 5061 1474 5117 sit
1527 5061 1819 5119 rationem
1867 5068 1985 5120 tra-

341 5147 502 5210 dere,
538 5165 654 5220 qua
685 5149 884 5206 hostes
914 5149 1072 5207 bello
1106 5151 1456 5208 observandi
1490 5151 1628 5220 sint,
1661 5153 1895 5209 tametsi
1927 5153 1985 5210 id

339 5237 589 5294 fortasse
620 5239 680 5295 in
709 5240 1027 5312 praesentia
1044 5241 1242 5297 minus
1267 5241 1672 5298 necessarium
1695 5241 1758 5298 in
1779 5243 1986 5298 Orien-

340 5327 415 5383 tis
442 5329 708 5402 partibus
731 5335 839 5396 est,
860 5331 1020 5402 quod
1041 5330 1334 5393 Christus,
1366 5346 1542 5386 verus
1575 5331 1731 5386 Deus
1761 5336 1984 5398 noster,

338 5417 574 5477 infensa
601 5419 773 5477 nobis
793 5420 842 5476 vi
864 5436 932 5476 ac
951 5421 1222 5493 potentia
1242 5419 1502 5476 filiorum
1525 5419 1740 5476 Ismael
1762 5419 1986 5492 majore

2166 4707 2460 4768 κατάϐασιν
2489 4709 2801 4786 δυσχωριαν
2835 4703 3231 4777 ἀποτελούσης.

2717 4888 3098 4946 ΠΡΟΟΙΜΙΟΝ
3113 4928 3124 4944 .

2169 5063 2255 5136 [Ρ.
2291 5057 2694 5133 112-1171Τήν
2727 5061 2826 5125 τῆς
2876 5051 3240 5130 παραδρομῆς
3297 5046 3525 5125 μέθοδον
3574 5067 3748 5136 παρα-

2096 5135 2282 5206 δοῦναι
2318 5143 2673 5224 βουλόμενοι,
2723 5144 2772 5201 εί
2829 5142 2970 5220 νάχα
3024 5142 3117 5198 καὶ
3170 5141 3306 5196 κατὰ
3355 5139 3446 5196 τὸν
3497 5135 3745 5213 παρόντα

2093 5238 2281 5313 καιρὸν
2313 5239 2391 5310 μή
2424 5231 2705 5313 χρειώδης
2738 5235 2758 5271 ³
2797 5231 2941 5290 ἐστὶν
2999 5231 3075 5295 εἷς
3121 5231 3191 5288 τὰ
3244 5236 3346 5300 τῆς
3399 5231 3517 5286 Ἕω
3573 5224 3745 5302 μέρη,

2095 5330 2188 5385 ἅτε
2217 5329 2467 5404 χριστοῦ,
2500 5328 2597 5382 τυῦ
2625 5324 2892 5395 ἀληθινοῦ
2919 5325 3054 5379 Θεοῦ
3093 5322 3284 5394 ἡμῶν,
3338 5318 3402 5374 τὸ
3452 5314 3596 5372 πολὺ
3642 5321 3749 5404 τῆς

2095 5419 2214 5474 καθ’
2245 5403 2407 5491 ἡμῶν
2459 5411 2742 5489 δυνάμεως
2793 5411 2886 5470 καὶ
2944 5409 3138 5488 ίσχύος
3192 5408 3303 5466 τῶν
3359 5411 3457 5464 τοῦ
3515 5403 3753 5482 Ἰσμαήλ

1554 5567 1614 5622 C.
1655 5564 1716 5619 Β.
1759 5563 1948 5620 HASII
1983 5562 2536 5644 ANNOTATIONES.

419 5708 437 5745 ι
465 5704 558 5761 καὶ
587 5705 757 5764 abest
781 5721 852 5764 ex
879 5707 1011 5765 cod.
1044 5709 1206 5766 2437.
1282 5709 1306 5744 ³
1335 5703 1611 5787 χριώδης.
1644 5708 1977 5770 Lambecius

2109 5711 2418 5769 mmentar.
2451 5704 2600 5764 Bibl.
2649 5705 2795 5765 Cas.
2848 5703 2963 5763 VII.
3015 5701 3130 5762 col.
3181 5701 3306 5761 £32.
3357 5698 3421 5758 Β.
3475 5691 3757 5771 κρεώδης.
