4060 6198
420 331 539 391 929

1718 323 2143 388 VELITATIO
2187 325 2533 389 BELLICA.

3717 341 3837 403 930

423 463 661 540 Ξκγόνων
694 456 1096 535 ἀμϐλύναντος,
1152 457 1240 515 καὶ
1296 456 1393 522 τὰς
1449 455 1677 532 ἆφόδους
1732 457 1910 515 αὐτῶν
1943 460 2068 515 ἀνα-

2190 476 2260 516 ex
2289 467 2458 533 parte
2487 460 2694 528 fracta,
2717 461 2995 522 incursus
3017 481 3221 522 eorum
3254 470 3539 541 repressit
3564 487 3578 526 :
3611 476 3841 546 tamen,

424 552 789 629 χαιτίσαντος·
828 550 956 607 ἀλλ’
987 547 1106 618 οὗν,
1130 547 1223 605 ’ίνα
1260 549 1336 622 μὴ
1366 549 1469 617 τήν
1502 548 1677 621 λήτην
1724 548 1814 604 καὶ
1856 547 2079 625 ἄγνοιαν

423 644 793 720 ἒπεισαγαγὼν
844 644 873 697 ὁ
924 643 1125 718 χρόνος
1181 640 1373 722 φθείρῃ
1427 641 1491 696 τὸ
1544 639 1746 711 ταύτης
1799 639 2080 722 ἐπωφελὶς

423 735 508 811 [Ρ.
572 735 694 807 118]
794 732 887 787 καὶ
963 730 1271 806 ἐξαφανίζῃ,
1349 727 1457 785 δεῖν
1535 730 1800 804 ᾠήθημεν
1898 733 2082 809 γραφῇ

422 822 756 901 παραόοὖναι
853 822 1077 892 ταύτην⁸
1147 821 1219 875 ἶν’
1289 818 1342 875 εἶ’
1402 841 1534 876 ποτε
1600 821 1799 889 ταύτης
1896 820 2075 892 δεήσει

424 914 794 987 Χριστιανοῖς,
825 916 1022 983 καιροῦ
1059 931 1206 973 τινος
1254 911 1390 983 πρὸς
1422 911 1482 966 τὸ
1515 906 1725 983 μέλλον
1754 907 2075 980 καλοῦντος,

421 1001 643 1077 ἕτοιμός
702 1001 813 1058 ἐστι
846 1006 867 1040 ⁵
897 1003 1151 1080 συνεργὸς
1202 1002 1373 1078 ἀγαθὴ
1433 1005 1515 1073 τῷ
1569 1021 1627 1056 τε
1681 1006 1855 1073 κοινῷ
1892 1002 2074 1071 παντὶ,

420 1094 510 1148 καὶ
578 1097 694 1154 τοῖς
784 1093 955 1161 αὐτὴν
1054 1091 1623 1167 μεταχειριζομένοις.
1690 1091 1884 1162 Ἡμεῖς
1941 1093 2074 1163 γοῦν

423 1182 625 1250 ταύτην
708 1181 773 1235 οὐ
860 1180 1126 1253 μονονοὺκ
1211 1180 1348 1253 ἅδιοῇ
1400 1180 1842 1257 παριιΑήφαμεν,
1931 1175 2076 1233 ἀλλᾶ

419 1270 509 1325 καὶ
566 1272 756 1344 πεῖραν
809 1290 932 1324 τινα
994 1270 1120 1344 παρ’
1189 1267 1357 1338 αὐτῆς
1415 1265 1808 1342 ἐδιδάχθημεν·
1839 1269 1902 1325 τὸ
1954 1268 2073 1341 μὲν,

418 1361 614 1425 αὐτοὺς
674 1360 903 1437 σχόντες
989 1358 1350 1423 διδασκάλους
1437 1359 1526 1415 καὶ
1588 1356 1880 1421 παιδευτὰς
1943 1356 2071 1420 τοὺς

419 1451 646 1523 ταύτην,
708 1448 904 1526 σχεδὸν
987 1450 1179 1524 εἰπεῖν,
1256 1448 1579 1528 ἑφευρόντας
1653 1450 1753 1519 τὴν
1817 1444 2069 1521 μέθοδον.

421 1544 484 1597 τὸ
515 1538 592 1611 δὲ,
626 1542 714 1596 καὶ
748 1538 901 1596 αὐτοὶ
964 1540 1122 1613 μόνοι
1178 1538 1349 1614 ταύτῃ
1380 1540 1406 1575 δ
1435 1539 1801 1615 χρησάμενοι,
1830 1538 1921 1593 καὶ
1951 1541 2072 1592 πεῖ-

424 1651 516 1706 ραν
585 1631 755 1699 αὐτῆς
840 1627 1329 1702 ἐγκολπωσάμενοί
1397 1648 1539 1696 τινα,
1609 1627 1743 1682 κατὰ
1807 1626 1870 1681 τὸ
1937 1628 2074 1699 ἡμῖν

424 1721 662 1799 ἐφικτόν.
695 1720 844 1790 Αὕτη
878 1722 1061 1775 τοίνυν
1120 1719 1256 1774 κατᾶ
1311 1722 1472 1774 τοῦτο
1529 1714 1645 1793 ἔχει
1673 1717 1737 1772 τὸ
1767 1718 2069 1791 χρήσιμον,

423 1810 612 1886 ὅτιπερ
642 1813 685 1879 ⁸,
719 1811 770 1864 οἳ
828 1809 1031 1879 ταύτην
1093 1807 1458 1881 μετήλθοσαν,
1514 1808 1629 1880 μετ’
1670 1804 1868 1881 ὀλίγου
1902 1804 2075 1881 μαχί-

426 1920 531 1972 μου
590 1899 726 1955 λαοῦ
784 1899 1014 1975 μέγιστα
1067 1898 1157 1952 καὶ
1239 1896 1714 1970 ἀξιομνημόνευτα
1771 1892 2072 1966 ἐξετέλεσαν

421 1988 569 2062 ἔργα.
628 1990 732 2045 Καὶ
796 1990 922 2065 γὰρ,
983 1988 1139 2042 ἅτινα
1201 1988 1277 2061 μὴ
1362 1991 1705 2061 κατορθῶσαι
1764 1981 1984 2060 ἴσχυσεν
2037 1983 2073 2053 ἢ

424 2077 728 2152 ἐτόλμησεν
788 2080 824 2147 ἡ
881 2074 1173 2151 Ῥωμαίων
1236 2075 1494 2149 σύμπασα
1563 2075 1808 2152 στρατιὰ,
1867 2075 1956 2129 ὅτε
2009 2074 2077 2129 τὰ

418 2172 528 2224 τῶν
586 2167 830 2225 Κιλίκων
885 2166 976 2223 καὶ
1032 2171 1129 2221 τοῦ
1186 2161 1418 2239 Χαμὸδᾶ
1473 2165 1742 2239 ἢκμαζεν,
1774 2165 1857 2226 εἷς
1904 2162 2076 2218 ἐνίοτε

424 2264 532 2314 τῶν
589 2257 825 2332 ἀρίστων
888 2261 1226 2332 στρατηγῶν,
1308 2254 1402 2311 σὺν
1493 2255 1642 2329 μόνῳ
1692 2259 1773 2327 τῷ
1827 2258 1923 2309 τοῦ
1985 2246 2076 2309 ὑπ’

421 2349 579 2404 αὐτὸν
636 2349 870 2421 θὲματος
926 2348 1064 2420 λαῷ,
1126 2344 1411 2425 φρονίμως
1460 2346 1550 2401 καὶ
1617 2343 1894 2421 ἐμπείρως
1946 2343 2074 2406 τοὺς

423 2438 724 2511 πολεμίους
784 2434 1302 2509 ἒπιτηδεύσείμενος,
1362 2435 1453 2491 καὶ
1512 2439 1745 2497 συνετῶς
1812 2432 2073 2498 διατεθεὶς

426 2530 517 2583 καὶ
578 2529 980 2601 στρατηγήσας,
1041 2527 1326 2602 ἀπήρτισε.
1388 2525 1561 2582 Τοῦτο
1620 2522 1678 2579 δὲ
1736 2522 2075 2599 φαμεν,ούχ

425 2617 663 2671 ὅτιτοῦπ
696 2614 955 2678 πλείονος
1013 2616 1076 2670 τὸ
1136 2613 1328 2691 ὀλίγον
1384 2614 1745 2689 προκρίνομεν
1799 2617 2069 2687 μάχιμον·

425 2705 538 2762 οὐδ’
586 2705 671 2761 ὅτι
721 2707 921 2775 ταύτην
982 2704 1263 2780 ἑξαίρομεν
1325 2709 1434 2759 τῶν
1491 2702 1701 2759 λοιπῶν
1761 2722 2075 2779 στρατηγη-

428 2796 612 2869 μάτων
669 2793 760 2849 καὶ
819 2790 1267 2866 ἐπιτηδευμάτων
1318 2795 1420 2857 τῆς
1477 2798 1763 2861 τακτικῆς
1819 2788 1948 2845 ἀλλ’
1988 2789 2071 2845 ὅτι

424 2888 740 2960 στρατηγῶν
770 2888 887 2945 τοῖς
934 2882 1177 2957 ἀρίστοις
1220 2883 1355 2953 αὕτη
1411 2883 1668 2959 συνεργὸς
1710 2880 1905 2954 ἀρίστη
1938 2892 2074 2944 καθ-

420 2972 658 3044 έστηκεν·
716 2973 789 3027 ’ἶν’
848 2972 938 3027 ὅτε
998 2972 1074 3045 μή
1133 2972 1269 3027 κατᾶ
1332 2970 1624 3043 πρόσωπον
1700 2975 1816 3031 τοῖς
1898 2968 2071 3025 πολε-

423 3063 569 3135 μίοις
655 3061 1057 3126 ἀντιτάττεσθαι
1126 3058 1396 3130 δύναιντο,
1476 3058 1645 3134 ταύτῃ
1711 3062 1781 3133 τῇ
1852 3056 2070 3132 μεθόδῳ

414 3152 722 3228 χρώμενοι,
754 3147 1018 3216 ἀϐλαϐεῖς
1062 3172 1121 3207 τε
1177 3150 1400 3210 ἑαυτοὺς
1430 3154 1450 3188 ’⁷
1480 3151 1568 3205 καὶ
1626 3151 1726 3219 τὴν
1770 3147 1910 3204 ἰδίαν
1944 3170 2067 3203 συν-

411 3207 633 3318 ζηροῖεν
687 3207 898 3318 χώραν.
956 3207 1166 3313 Ταύτην
1196 3242 1222 3278 ⁸
1250 3207 1457 3317 Βάρδνας
1501 3241 1529 3295 ὁ
1581 3207 1883 3315 μακαρίτης
1939 3242 2064 3293 Καῖ-
2102 3207 2145 3274 C

416 3353 539 3409 σαρ,
595 3334 696 3388 ὅσα
750 3332 847 3405 ἐμὲ
897 3333 1206 3409 γινώσκειν,
1259 3332 1334 3393 είς
1387 3332 1552 3405 ἄκρον
1597 3330 1949 3405 κατώρθωκε,
1980 3326 2071 3383 καὶ

415 3421 700 3484 παντελῶς
752 3422 1136 3502 ἀφανισθεῖσαν
1216 3419 1550 3475 ἀνενεώσατο
1609 3418 1721 3492 (ἳνα
1800 3420 1877 3491 μὴ
1941 3418 2071 3478 τοὺς

415 3510 688 3573 παλαιοὺς
737 3512 762 3548 9
807 3516 915 3567 τῶν
977 3514 1295 3587 στρατηγῶν
1356 3508 1651 3584 ἀπαριθμῶ
1678 3504 2069 3569 καθ’ἓκαστον,

419 3602 617 3674 μόνους
647 3599 705 3656 δὲ
728 3600 856 3663 τοὺς
888 3606 1021 3656 πᾶσι
1071 3599 1381 3675 γνωρίμους
1439 3597 1529 3653 καὶ
1559 3598 1678 3662 καθ’
1711 3599 1758 3635 ⁸ο
1785 3599 1975 3669 ἡμᾶς)·
2012 3598 2071 3660 ’ὸς

416 3689 469 3747 ἐν
498 3696 615 3754 τοῖς
647 3696 955 3767 γειτονοῦσι
1011 3695 1081 3764 τῇ
1141 3693 1342 3765 Ταρσῷ
1399 3687 1589 3761 θὲμασι
1627 3690 1693 3755 ιι,
1735 3690 1801 3761 τῇ
1832 3707 1889 3743 τε
1920 3689 2071 3744 Καπ-

418 3780 656 3854 παδοκίᾳ
685 3782 773 3837 καὶ
803 3786 884 3854 τῷ
915 3780 1258 3852 Ἀνατολικῷ
1306 3782 1645 3854 στρατη-(ῶν,
1691 3780 1946 3855 μυριάκις
1977 3779 2072 3841 τὰς

419 3878 527 3927 τῶν
560 3874 809 3949 Ταρσέων
867 3872 958 3926 καὶ
1016 3870 1229 3927 λοιπῶν
1290 3868 1536 3927 Κιλίκων
1597 3866 1853 3942 δυνάμεις
1885 3870 2074 3945 ἐτραυ-

425 3963 639 4034 μάτισε,
698 3962 788 4016 καὶ
849 3960 1070 4035 μέγιστα
1128 3961 1245 4015 κατ’
1326 3958 1501 4014 αὐτῶν
1561 3959 1890 4029 ἀνεστήσατο
1943 3958 2074 4035 τρό-

419 4071 577 4109 παια.
638 4053 771 4127 Παρ’
829 4050 891 4105 οὗ
948 4050 1036 4104 καὶ
1096 4051 1260 4121 ἡμεῖς
1312 4048 1514 4119 ταύτην
1554 4048 1942 4123 γυμνασθέντες
1973 4049 2071 4118 τὴν

416 4141 623 4210 ταύτης
654 4141 748 4195 κᾶν
799 4144 984 4200 ποσῶς
1032 4138 1446 4215 παρειλήφαμεν
1480 4142 1691 4210 πεῖραν.
1727 4138 1868 4212 Πρὸς
1898 4138 2076 4211 τούτῳ

419 4230 511 4284 καὶ
574 4234 978 4291 Κωνσταντῖνος
1037 4227 1346 4303 πατρίκιος,
1404 4227 1450 4299 ᾧ
1505 4224 1767 4289 Μελεϊνὸς
1843 4226 2073 4297 ἐπίκλη-

423 4340 507 4383 σις
559 4323 656 4392 (1),
716 4320 952 4394 χρόνους
1008 4316 1296 4378 πλείστους
1348 4312 1727 4373 Καππαδοκῶν
1768 4320 2075 4393 στρατηγήο

423 4430 518 4473 σας
545 4411 634 4466 καὶ
665 4408 870 4479 ταύτην
905 4407 1158 4483 συνεργὸν
1220 4404 1386 4482 ἔχων,
1444 4406 1544 4462 οὐκ
1586 4405 1856 4482 ἐλάχιστα
1885 4409 2076 4481 ἀπειρ-

421 4499 622 4575 γάσατο
689 4499 1111 4575 κατορθώματα.
1182 4495 1286 4553 Σὺν
1352 4494 1571 4559 τούτοις
1637 4510 1727 4552 καί
1818 4499 1846 4552 ὁ
1921 4501 2074 4573 κῦρις

2187 568 2262 607 ne
2298 554 2579 626 temporis
2612 554 3035 628 longinquitas,
3071 558 3427 615 oblivionem
3460 567 3637 633 atque
3669 564 3834 637 igno-

2186 644 2440 700 rantiam
2473 647 2749 714 alierens,
2774 647 3012 703 tolleret
3042 648 3195 704 184
3225 667 3396 705 usum
3429 652 3559 723 ejus
3585 670 3653 707 ac
3682 654 3839 709 dele~

2185 733 2522 799 ret,idcirco
2552 736 2772 807 scripto
2808 737 3153 793 tradendam
3186 756 3317 795 eam
3348 741 3833 798 existimavimus:

2185 825 2269 889 ut,
2306 823 2353 877 si
2387 840 2651 896 unquam
2704 827 2832 899 ejus
2891 824 3133 900 egerent
3161 830 3499 898 Christiani,
3532 831 3836 903 ﬂagitante

2183 913 2366 969 futuri
2404 918 2687 989 temporis
2737 921 3112 984 necessitate,
3147 923 3316 993 quasi
3367 923 3636 993 quaedam
3670 924 3840 978 fortis

2183 1002 2445 1073 adjutrix
2496 1022 2630 1061 cum
2676 1008 3020 1079 reipublicaa
3069 1011 3379 1076 universas,
3415 1018 3541 1067 tum
3582 1013 3840 1067 maxime

2183 1090 2662 1151 observatoribus
2697 1097 2824 1168 ejus
2875 1105 3091 1169 praasto
3145 1106 3319 1155 esset.
3363 1102 3503 1156 Eam
3534 1103 3693 1157 enim
3729 1119 3840 1157 nos

2181 1196 2303 1236 nou
2325 1183 2501 1238 modo
2522 1185 2826 1242 auditione
2847 1189 3451 1259 percepimus,verum
3475 1191 3841 1263 experientia

2183 1271 2360 1326 etiam
2382 1273 2444 1328 in
2470 1288 2541 1328 ea
2564 1291 2769 1330 sumus
2790 1277 3006 1332 eruditi
3035 1294 3046 1333 :
3083 1278 3232 1334 illud
3255 1280 3665 1352 quidem,quia
3686 1298 3840 1353 pras-

2181 1362 2451 1431 ceptores
2479 1378 2548 1419 ac
2579 1364 2890 1436 magistros
2920 1383 3021 1421 eos
3068 1370 3225 1423 nacti
3270 1383 3497 1435 sumus,
3530 1372 3631 1440 qui
3661 1370 3837 1426 istam

2180 1448 2574 1523 belligerandi
2608 1455 2782 1522 viam,
2806 1472 2991 1528 prope
3018 1458 3234 1528 dicam,
3268 1465 3667 1529 aperuerunt:
3700 1461 3833 1529 hoc,

2181 1540 2338 1608 quod
2371 1540 2483 1612 ipsi
2540 1550 2744 1599 nostro
2801 1543 3048 1601 arbitrio
3082 1562 3211 1602 eam
3245 1554 3694 1618 persequentes,
3728 1549 3839 1604 ali-

2181 1643 2359 1697 quem
2391 1630 2523 1701 ejus
2553 1647 2750 1698 usum,
2786 1641 3075 1704 quantum
3129 1636 3371 1706 quidem
3413 1637 3473 1691 in
3502 1635 3674 1692 nobis
3704 1637 3836 1704 fuit,

2178 1720 2605 1777 contraximus.
2667 1724 2911 1779 Proﬁcit
2966 1731 3167 1780 autem
3201 1726 3526 1797 plurimum
3559 1726 3631 1782 ad
3665 1725 3836 1795 illud,

2106 1857 2151 1923 B
2183 1808 2363 1879 quod,
2396 1812 2496 1881 qui
2531 1828 2662 1867 eam
2696 1815 3017 1881 tenuerint,
3052 1832 3185 1871 cum
3235 1817 3445 1889 exiguo
3471 1824 3836 1872 armatorum

2188 1914 2437 1955 numero
2470 1918 2563 1957 res
2586 1903 2875 1959 maximas
2902 1906 3309 1976 memoriaque
3340 1906 3548 1978 dignas
3576 1907 3838 1961 confece-

2187 1994 2346 2043 runt.
2371 1991 2625 2058 Etenim,
2688 2009 2819 2062 quas
2878 1994 3121 2064 exsequi
3176 2010 3371 2066 neque
3419 1996 3613 2066 potuit
3640 2011 3835 2066 neque

2188 2085 2435 2134 conatus
2454 2086 2544 2136 est
2562 2081 2875 2137 universus
2892 2085 3294 2138 Romanorum
3318 2084 3607 2140 exercitus
3630 2091 3838 2141 contra

2188 2172 2565 2228 ﬁrmissimas
2616 2179 2758 2229 tunc
2811 2174 3055 2229 Cilicum
3090 2180 3146 2229 et
3186 2175 3547 2231 (Ihambdani
3576 2192 3736 2248 opes,
3769 2192 3839 2231 ea

2187 2277 2344 2316 unus
2373 2261 2675 2317 interdum
2728 2279 2800 2318 ex
2856 2264 3365 2336 praestantissimis
3395 2265 3666 2334 ducibus,
3702 2283 3835 2321 cum

2187 2351 2330 2405 solis
2361 2367 2482 2407 sua)
2539 2353 2854 2423 provinciae
2916 2353 3123 2425 copiis,
3185 2354 3384 2409 hostes
3416 2356 3741 2426 prudenter
3769 2372 3837 2411 ac

2188 2442 2332 2496 scite
2364 2458 2660 2515 agressus,
2692 2442 2849 2498 bello
2894 2444 3297 2516 intelligenter
3335 2446 3624 2501 instructo
3656 2454 3834 2517 atque

2184 2532 2620 2594 administrato.
2652 2534 2926 2590 confecit.
2960 2536 3215 2591 Tametsi
3259 2552 3378 2591 non
3424 2536 3553 2591 ideo
3594 2536 3655 2590 id
3687 2537 3836 2591 dici-

2183 2637 2338 2690 mus,
2372 2622 2529 2693 quod
2558 2624 2791 2696 magnis
2813 2624 3000 2695 copiis
3022 2625 3260 2697 exiguas
3282 2625 3682 2695 praeferendas
3706 2642 3835 2682 esse
3884 2620 3885 2623 “

2183 2716 2499 2781 putemus:
2561 2729 2756 2784 neque
2813 2718 2879 2769 ut
2930 2714 3085 2769 hanc
3140 2715 3405 2770 bellandi
3435 2716 3587 2771 viam
3620 2722 3836 2788 printer
3930 2744 3933 2751 ⁴

2183 2803 2416 2874 reliqua
2448 2811 2785 2861 commenta
2807 2805 3091 2861 militaria
3112 2812 3171 2862 et
3193 2806 3435 2862 inventa
3456 2806 3832 2862 extollamus:

2182 2908 2388 2948 verum
2448 2894 2587 2965 quia
2644 2895 3005 2966 optimorum
3064 2895 3279 2951 ducum
3323 2897 3549 2967 Optima
3577 2894 3839 2967 adjutrix

2183 2982 2463 3037 existitit:
2488 2987 2571 3048 ut,
2597 2983 2834 3054 quando
2857 2991 3020 3039 recta
3038 2985 3232 3040 fronte
3254 2985 3543 3041 obsistere
3564 2984 3836 3040 hostibus

2182 3070 2335 3136 185
2369 3087 2490 3126 non
2522 3078 2785 3143 possent,
2841 3089 2970 3127 sese
3002 3090 3258 3144 suosque
3312 3075 3483 3140 ﬁnes,
3517 3076 3626 3129 hac
3654 3073 3833 3128 disci-

2182 3159 2347 3230 plina
2376 3160 2490 3225 usi,
2516 3161 2847 3216 incolumes
2873 3168 3195 3217 servarent.
3219 3162 3516 3226 Eamdem,
3542 3167 3831 3231 quantum

2185 3264 2290 3321 ego
2322 3249 2640 3321 perspicio,
2665 3250 3019 3305 mirabiliter
3049 3250 3449 3321 locupletavit,
3472 3266 3833 3320 prorsusque

2183 3338 2512 3393 obsoletam
2566 3339 2867 3394 renovavit
2919 3340 3093 3394 Divus
3144 3339 3360 3394 Bardas
3403 3340 3596 3394 Cassar
3622 3341 3717 3402 (ne
3749 3338 3831 3392 si-

2183 3427 2433 3499 gillatim
2466 3429 2695 3499 priscos
2725 3428 2926 3493 duces,
2960 3444 3163 3484 verum
3213 3445 3313 3483 eos
3363 3428 3651 3483 duntaxat
3680 3444 3831 3482 enu-

2182 3519 2539 3590 merem,qui
2563 3524 2767 3575 nostra
2788 3520 3077 3575 memoria
3093 3519 3374 3575 omnibus
3396 3520 3831 3577 innotuerunt):

2182 3608 2283 3678 qui
2315 3608 2378 3662 in
2431 3608 2748 3679 provinciis
2805 3610 2983 3663 Tarso
3040 3608 3335 3672 ﬁnitimis,
3375 3608 3744 3679 Cappadocia
3775 3612 3832 3661 et

2181 3697 2515 3766 Anatolico,
2546 3699 2732 3770 cOpiis
2784 3698 3118 3770 praafectus,
3150 3699 3528 3753 Tarsensium
3569 3697 3831 3767 reliquo-

2182 3803 2434 3858 rumque
2465 3788 2711 3843 Cilicum
2738 3788 2891 3843 vires
2914 3803 3322 3860 smpenumero
3346 3785 3833 3850 contudit,maxi-

2182 3894 2398 3949 maque
2429 3879 2500 3934 de
2533 3878 2654 3933 illis
2682 3879 2992 3935 constituit
3050 3880 3333 3952 trophaea.
3366 3880 3451 3934 Ab
3485 3880 3693 3935 eodem
3725 3896 3834 3934 nos

2185 3984 2420 4039 quoque
2453 3969 2561 4024 hac
2592 3968 2911 4040 disciplina
2963 3969 3200 4037 eruditi,
3230 3986 3403 4023 usum
3464 3970 3611 4039 ejus,
3647 3985 3834 4040 quan-

2186 4057 2345 4113 tulus
2374 4058 2425 4111 is
2446 4073 2679 4129 cunque
2711 4062 2821 4126 est,
2855 4059 3248 4129 percepimus.
3284 4059 3415 4113 Fuit
3463 4060 3639 4113 etiam
3687 4062 3834 4113 Con-

2186 4145 2483 4201 stantinus
2540 4146 2843 4217 patricius,
2906 4153 3298 4219 cognomento
3360 4148 3664 4211 Meleinus,
3711 4148 3834 4216 qui,

2187 4235 2522 4305 complures
2552 4251 2743 4291 annos
2784 4235 2969 4307 00piis
3015 4236 3426 4308 Cappadocum
3461 4236 3833 4306 praepositus,

2190 4340 2260 4379 ea
2289 4322 2577 4396 adjutrice
2604 4324 2945 4380 felicissime
2994 4342 3113 4379 non
3167 4340 3355 4395 pauca
3383 4324 3583 4395 gessit.
3616 4325 3838 4377 Praeter

2189 4415 2298 4470 hos
2328 4415 2473 4469 item
2504 4414 2783 4470 dominus
2815 4420 3019 4471 noster
3058 4414 3443 4486 Nicephorus.
3480 4412 3837 4468 immortalis

2187 4504 2491 4559 memoriae
2516 4502 2822 4576 princeps,
2856 4520 2988 4562 eam
3026 4503 3275 4558 mirifice
3306 4501 3521 4557 coluit:
3557 4500 3657 4573 qui
3701 4516 3835 4555 cum

1627 4679 1687 4733 C.
1744 4679 1806 4733 Β.
1851 4680 2039 4735 HASII
2078 4682 2633 4738 ANNOTATIONES.

496 4848 519 4882 ³
546 4845 845 4924 ἐπωρελὲς.
880 4848 1191 4924 Hactenus
1208 4845 1603 4924 fragmentum
1628 4843 1765 4924 libri
1820 4848 1976 4918 apud
2028 4850 2073 4905 1..

2184 4850 2425 4907 becium.
2501 4849 2524 4883 ⁴
2555 4848 2687 4903 ἐστι.
2722 4850 3110 4906 Scribendum
3164 4849 3406 4924 omnino
3436 4850 3491 4920 ᾖν
3528 4850 3632 4906 sed
3663 4851 3825 4923 ejus-

428 4920 586 4995 modi
621 4916 941 4975 solcecismi
977 4925 1096 4995 toto
1132 4917 1232 4995 illo
1255 4916 1469 4995 _l_i_bel_lo
1504 4923 1622 4971 tam
1644 4916 1984 4995 irequentes
2007 4928 2165 4995 sunt,
2192 4929 2257 4977 ut
2278 4924 2602 4995 otiosorum
2626 4930 2783 4995 esset
2802 4929 3009 4995 notare
3031 4923 3316 4995 singulos.
3351 4916 3534 4988 Quam
3564 4916 3834 4978 animad-

426 4992 758 5066 versionem
792 5007 1006 5066 moneo
1042 4990 1099 5043 in
1134 4988 1372 5066 similia_
1404 4988 1534 5066 loca
1580 4989 1782 5045 omnia
1815 5008 1999 5066 neque
2030 5009 2073 5066 έν

2184 5010 2261 5048 re.
2339 4994 2360 5027 ⁵
2386 4992 2588 5060 ταύτην
2619 4993 2746 5066 cod.
2825 4995 2848 5027 θ
2880 4994 2964 5047 ὅτι
2994 4988 3348 5066 περίνταύτην
3377 4995 3547 5051 codd.
3626 4996 3644 5029 ⁷
3677 4997 3834 5050 Fort.

426 5055 686 5123 ἀϐλαϐεῖς
720 5062 943 5123 ἑαυτούς
974 5080 1053 5125 τε,

1085 5062 1295 5134 χώραν,
1331 5061 1463 5115 Haec
1491 5060 1635 5134 item
1676 5061 1850 5134 apud
1886 5060 2260 5120 Lambecium
2310 5068 2641 5121 Comment.
2683 5065 2801 5121 Vll.
2834 5068 2937 5121 433
2985 5099 3037 5109 -
3065 5060 3072 5066 ’
3104 5070 3188 5122 35.
3227 5060 3355 5123 cod.
3392 5066 3834 5122 Vindobonensi

423 5135 835 5206 philosophice
869 5131 1543 5206 CXI._cum'diiﬂ'orentia
1576 5131 1771 5206 tamen
1803 5133 2003 5205 aliqua
2043 5136 2317 5191 lectionis
2372 5136 2467 5206 hic
2502 5142 2759 5192 enotata.
2837 5136 2861 5170 ⁸
2891 5139 3027 5194 Post
3055 5137 3257 5205 ταύτην
3294 5139 3640 5193 Lambecius
3672 5138 3838 5195 addit

421 5201 521 5285 τήν
559 5201 808 5278 μέθοδον.
847 5207 907 5285 ⁸⁸
932 5201 1221 5285 παλαιούς.
1262 5203 1605 5285 Lambecius
1668 5204 1814 5285 col.‘
1841 5201 1964 5285 @3—4.
2022 5224 2073 5285 οι

2184 5209 2245 5261 tit
2294 5205 2587 5271 παλαιούς.
2620 5225 2955 5285 perperam,
2987 5201 3235 5285 opinor;
3299 5211 3365 5285 ‘0.
3390 5210 3684 5285 ‘Fortgu‘r
3707 5209 3835 5285 τοὺς

424 5276 568 5332 καθἹ
598 5278 862 5351 Mametsi
896 5294 1089 5351 neque
1120 5276 1281 5351 ullus
1322 5280 1661 5351 nostrorum
1700 5276 1880 5351 _cod_d.
1937 5279 2142 5334 variet.
2201 5296 2417 5350 neque.
2450 5287 2516 5335 ut
2559 5276 2636 5336 ex
2661 5276 2968 5351 Lambecio
3001 5276 3112 5338 col.
3143 5284 3266 5338 434.
3310 5280 3503 5351 video,
3540 5282 3837 5337 Vindobo-

426 5352 652 5408 nensis.
733 5354 777 5388 ¹¹
813 5345 1027 5422 θερσισῦ
1064 5348 1410 5404 Lambecius
1442 5345 1480 5401 l.
1515 5363 1564 5401 c.
1598 5347 1774 5417 male,
1806 5348 2018 5419 Θὲματι,
2049 5368 2073 5406 e

2184 5345 2313 5407 aulo
2343 5358 2495 5423 post,
2525 5355 2608 5424 τῷ
2638 5349 2980 5424 Ἀνατολικῷ
3012 5356 3319 5427 στρατηγῷ.

500 5520 573 5591 (1)
605 5520 772 5575 Hunc
803 5517 1258 5591 Constantinum
1319 5514 1637 5570 Meleinum
1664 5515 2073 5591 _ducem_Cap-

468 5586 690 5648 adocim
720 5607 773 5647 a.
802 5593 926 5657 960,
957 5590 1075 5645 sive
1107 5591 1231 5652 961,
1265 5602 1505 5660 operam
1531 5586 1862 5660 ,prazbuisse
1897 5586 2074 5646 Leoni

468 5606 690 5648 auocxm
720 5607 773 5647 a.
802 5606 926 5657 νου,
957 5606 1075 5645 sive
1107 5606 1231 5652 νοι,
1265 5606 1505 5660 operam
1536 5606 1862 5658 prammsse
1898 5606 2073 5646 Leoni

420 5606 705 5719 Ebocaain
726 5662 1100 5733 expeditione
1117 5664 1325 5716 contra
1341 5658 1790 5716 Chambdanum
1809 5661 2073 5718 videmus

2186 5538 2255 5577 ex
2300 5521 2633 5595 fragmento
2691 5522 2967 5595 Chronici
3006 5521 3421 5595 Ainediti,qu_od
3457 5520 3835 5595 _ded_i_s_u_pra

2187 5596 2307 5666 £99.
2342 5588 2707 5666 C.TVariatur
2771 5594 2833 5649 in
2902 5593 3195 5666 scriptura
3241 5588 3531 5658 Μαλεινὸς,
3581 5588 3835 5660 Μαλέϊνη

2183 5662 2451 5726 Μελεϊνὸς
2482 5671 2545 5721 et
2569 5663 2853 5727 Μελεῖνος.
