4060 6198
294 365 414 426 935

1719 355 2001 418 LEOle
2043 357 2330 420 DIACON
2340 356 2360 418 Ι

3590 358 3709 418 936

301 503 466 552 extra
510 497 810 563 virtutem,
871 507 1043 548 usum
1102 489 1386 544 itinerum
1440 489 1827 560 locorumque
1885 490 1936 545 in

2055 492 2165 543 τῶν
2223 489 2523 566 φωσσάτων
2601 489 3016 564 ἀναμανθάνειν,
3071 489 3163 544 καῖ
3213 487 3538 561 τραπεζίτας
3591 487 3710 543 ἐπι-

299 588 467 659 Syria
498 586 822 658 plurimum
854 581 1111 637 habeant
1143 595 1155 634 :
1183 595 1404 650 eosque
1437 579 1566 634 sine
1605 578 1942 650 intercape-

298 676 437 731 dine
469 675 760 730 emittere.
790 677 855 726 ut
894 670 956 723 in
1014 685 1183 741 agros
1243 669 1507 723 hostium
1559 667 1946 724 decurrentes

296 771 580 820 terrorem
637 760 1091 831 vastitatemque
1145 759 1406 814 inferant
1463 779 1478 825 ;
1523 758 1812 828 quosdam
1876 775 1947 814 ex

291 852 577 913 hostibus,
605 849 792 905 sicubi
827 849 1079 920 possint,
1112 847 1585 919 deprehendant,
1617 864 1837 919 eosque
1870 848 1945 904 ad

293 942 525 1004 ducem,
560 938 660 1009 qui
685 955 980 994 summam
1027 954 1225 993 rerum
1287 937 1688 1006 administrat,
1729 937 1944 1009 perdu-

291 1035 522 1094 cant,ut
540 1045 608 1083 ex
639 1027 760 1083 illis
778 1027 1253 1082 adversariorum
1271 1034 1468 1082 motus
1501 1033 1677 1098 atque
1695 1026 1946 1082 consilia

289 1123 624 1193 cognoscat.

2059 575 2316 654 λέγεσθαι
2348 579 2624 656 γενναίους
2683 581 2774 635 καὶ
2831 576 3134 655 ἀνδρείους,
3188 578 3282 640 οὓς
3340 579 3392 632 οἱ
3421 574 3704 653 Ἀρμένιοι

2055 668 2405 742 τασιναρίους
2461 670 2510 708 ²⁰
2564 667 2817 740 καλοῦσι,
2875 669 2965 724 καὶ
3041 667 3092 723 ἐν
3183 668 3490 744 ματρικίοις
3565 668 3706 722 ἀπο-

2059 760 2382 838 γράφεσθαι,
2463 761 2550 816 καὶ
2635 758 2922 837 ἀρχηγοὺς
3011 759 3196 823 αὐτοῖς
3278 756 3518 838 ἐφιστᾷν,
3595 760 3702 826 οῖς,

2058 849 2196 922 πρὸς
2224 851 2293 922 τῇ
2320 847 2557 924 ἀνδρείᾳ,
2589 850 2678 906 καὶ
2726 849 2915 918 πολλή
2969 848 3225 922 ἐμπειρία
3275 852 3381 902 τῶν
3415 845 3555 902 ὁδῶν
3609 846 3704 901 καὶ

2054 939 2162 990 τῶν
2185 943 2285 1007 τῆς
2319 937 2516 1012 Συρίας
2547 942 2748 1014 χωρῶν
2777 937 3054 1014 πρόσεστι·
3104 937 3195 992 καὶ
3250 937 3477 1000 τούτους
3530 933 3712 1006 διηνε-

2053 1030 2167 1088 κῶς
2247 1026 2638 1102 ἀποστέλλειν,
2694 1031 2794 1084 τοῦ
2849 1028 3215 1104 κατέρχεσθαι
3273 1026 3352 1088 εἷς
3431 1027 3527 1088 τᾶς
3595 1030 3708 1082 τῶν

2053 1113 2340 1190 πολεμίων
2434 1118 2644 1194 χώρας,
2698 1120 2790 1174 καί
2865 1122 3212 1191 καινοτομεῖν
3271 1117 3317 1154 ²¹
3390 1116 3554 1178 αὐτὰς
3608 1116 3705 1172 καὶ

291 1205 577 1282 βλάπτειν·
610 1203 700 1260 καὶ
733 1202 786 1260 εἷ’
817 1225 924 1260 που
956 1201 1260 1275 δυνηθῶσι,
1291 1206 1441 1266 τινὰς
1469 1208 1760 1279 κατασχεῖν
1791 1207 1900 1258 τῶν
1929 1201 2242 1278 πολεμίων,
2273 1205 2361 1262 καὶ
2393 1209 2532 1283 πρὸς
2583 1209 2676 1264 τὸν
2734 1209 2832 1278 τήν
2892 1208 3069 1284 ἀρχὴν
3115 1204 3372 1264 διέποντα
3400 1205 3704 1283 στρατηγὸν

285 1297 662 1368 ἀποκομίζειν,
697 1296 848 1358 ὅπως
879 1292 946 1349 δι’
979 1295 1170 1349 αὐτῶν
1200 1293 1294 1355 τὰς
1323 1299 1430 1348 τῶν
1467 1294 1677 1369 ἐχθρῶν
1711 1294 1947 1363 κινήσεις
1975 1293 2063 1348 καὶ
2095 1295 2300 1370 βουλὰς
2333 1297 2698 1374 ἀναμανθάνῃ.

288 1389 420 1445 CAP.
457 1389 550 1442 ΠΙ.
586 1388 657 1442 De
690 1393 839 1442 motu
872 1387 1130 1449 hostium,
1194 1393 1245 1440 et
1303 1401 1412 1455 quo
1457 1391 1620 1456 pacto
1673 1385 1942 1454 angustiae

815 1457 1266 1530 prxoccupanda
1285 1461 1413 1512 sint.

368 1570 494 1623 Dux
526 1567 742 1622 certior
768 1566 959 1620 factus
997 1565 1382 1620 commovisse
1438 1581 1499 1619 se
1553 1563 1942 1631 adversarios,

295 1657 474 1714 debet
502 1657 630 1728 ipse
660 1672 896 1726 quoque
921 1672 1057 1711 suas
1089 1655 1290 1727 copias
1321 1670 1528 1726 cogere
1583 1658 1642 1709 et
1689 1668 1942 1723 armare,

289 1747 365 1803 ad
397 1746 647 1801 limitem
684 1761 746 1799 se
768 1745 1057 1813 conferre,
1091 1743 1419 1815 peditatum
1478 1759 1716 1798 omnem
1775 1759 1845 1798 ea
1874 1741 1936 1796 in

288 1837 380 1892 via
411 1851 921 1908 congregare,qua
943 1835 1142 1889 hostes
1176 1833 1440 1903 erupturi
1465 1836 1622 1887 sunt.
1657 1831 1712 1886 Si
1745 1830 1934 1885 intel-

285 1927 595 1994 lexit,cum
631 1925 857 1996 exiguis
888 1924 1074 1996 copiis
1106 1923 1474 1980 adversarios
1506 1921 1765 1994 prodire,
1799 1937 1933 1992 pro-

289 2021 459 2087 peret
490 2015 720 2069 obviam
754 2013 873 2068 illis
906 2029 1238 2079 occurrere,
1272 2029 1491 2083 eosque
1513 2028 1646 2066 cum
1667 2011 1937 2081 equitatu

290 2105 786 2178 pedestribusque
843 2103 1029 2174 copiis
1084 2118 1443 2174 expugnare,
1477 2101 1524 2156 si
1557 2101 1662 2156 has
1694 2099 1933 2171 quidem

291 2193 623 2248 conducere
651 2198 827 2262 atque
861 2191 1154 2245 instruere
1177 2191 1388 2261 potuit.
1431 2190 1500 2242 Et
1530 2189 1811 2260 quoniam
1861 2187 1936 2243 ad

287 2282 594 2355 angustias
624 2281 873 2351 locaque
905 2279 1191 2351 impedita
1221 2277 1724 2335 accommodatior
1780 2276 1934 2332 190

288 2378 378 2426 est
407 2369 700 2442 pedestris
721 2368 1047 2432 dimicatio,
1071 2367 1308 2439 expedit
1338 2367 1448 2423 hac
1473 2371 1774 2423 armatura
1803 2364 1935 2420 loca

285 2461 593 2531 superiora
623 2463 912 2529 occupata
940 2463 1162 2522 tenere,
1198 2463 1257 2512 et
1284 2455 1358 2511 ab
1417 2463 1672 2526 utroque
1721 2453 1931 2521 latere,

283 2551 333 2605 si
357 2567 463 2622 per
481 2555 755 2605 naturam
770 2548 883 2604 loci
915 2549 1054 2603 licet
1083 2548 1346 2620 peditum
1369 2546 1527 2602 acies
1548 2545 1929 2601 constituere.

286 2640 394 2696 Ubi
427 2645 700 2712 equestre
730 2640 1002 2712 praelium
1035 2639 1163 2694 fieri
1199 2637 1500 2710 potest,ibi
1533 2637 1763 2708 equites
1785 2651 1934 2706 quo-

286 2748 401 2802 que
436 2731 735 2803 peditibus
766 2730 1128 2800 adjiciantur
1153 2745 1165 2784 :
1191 2736 1258 2784 ut
1282 2729 1484 2783 hostes
1499 2727 1732 2794 vel,hoc
1750 2741 1932 2798 appa-

283 2829 416 2879 ratu
451 2821 958 2894 occupationeque
1020 2820 1426 2892 angustiarum
1479 2818 1807 2885 intellecto,
1840 2816 1933 2871 in-

281 2913 624 2969 cursionem
659 2919 836 2982 atque
858 2912 1147 2982 impetum
1183 2909 1535 2981 reprimant,
1563 2909 1656 2964 vel
1686 2910 1803 2965 Deo
1829 2907 1934 2964 ad-

280 3003 525 3074 juvante
558 3001 954 3057 debellentur.
1016 3000 1118 3054 Ubi
1177 3016 1312 3054 vero
1371 3006 1588 3054 natura
1646 2999 1759 3054 loci
1811 3013 1933 3053 non

285 3069 530 3162 patitur,
564 3097 628 3146 ut
681 3108 751 3146 ex
800 3097 1051 3159 utraque
1111 3094 1299 3161 parte,
1359 3089 1461 3144 sed
1509 3095 1576 3144 ut
1631 3105 1701 3144 ex
1748 3088 1934 3144 altera
1964 3069 2008 3137 C

1991 3211 1996 3216 ·
2045 3181 2314 3254 νωμάτιυν
2345 3179 2630 3242 ἀκούοντες
2662 3180 2714 3234 οἱ
2741 3177 3030 3251 πολέμιοι,
3089 3177 3124 3247 ἢ
3175 3179 3276 3242 τῆς
3335 3177 3514 3252 ὁρμῆς
3572 3173 3700 3230 ἔπι-

283 3181 570 3236 duntaxat
597 3181 763 3252 signa
785 3179 1141 3246 inferantur,
1167 3178 1308 3233 item
1336 3194 1403 3234 ea
1425 3195 1582 3250 pars,
1609 3179 1766 3234 unde
1797 3177 1939 3232 licet

286 3271 622 3338 decurrere,
657 3268 1059 3342 praeoccupari
1125 3268 1320 3325 debet.
1357 3267 1464 3324 Ubi
1506 3267 1618 3324 loci
1654 3269 1937 3339 iniquitas

285 3361 714 3433 impedimento
765 3365 874 3423 est,
908 3359 1227 3430 quominus
1270 3375 1338 3413 ex
1369 3359 1675 3430 superiore
1704 3358 1936 3430 fastigio

287 3457 650 3508 armatorum
683 3450 785 3504 ﬂat
815 3449 1095 3522 impetus,
1129 3450 1336 3520 viaque
1368 3447 1656 3520 paulatim
1689 3464 1936 3521 surgens

293 3557 502 3613 aspera
533 3547 640 3607 est,
665 3541 922 3611 rivisque
953 3538 1289 3594 labentibus
1319 3538 1381 3592 in
1411 3539 1811 3594 arctissimum
1843 3554 1939 3592 co-

291 3631 468 3702 gitur,
502 3635 733 3701 oportet
763 3629 949 3683 aciem
981 3628 1247 3697 peditum
1280 3627 1556 3682 similiter
1585 3627 1733 3682 locis
1764 3643 1941 3698 supe-

289 3719 885 3782 rioribusinstruere,
909 3717 1057 3770 viam
1093 3716 1282 3786 ipsam
1341 3721 1539 3770 autem
1598 3716 1939 3788 legionariis

296 3807 541 3861 scutatis
561 3805 1112 3876 jaculatoribusque
1144 3803 1416 3859 obsidere
1447 3821 1514 3860 ac
1544 3807 1736 3876 sepire
1763 3823 1775 3859 :
1807 3811 1942 3876 post

294 3897 402 3949 hos
435 3894 535 3964 qui
560 3910 701 3948 saxa
741 3893 1192 3964 manujaciunt,
1226 3898 1284 3946 et
1313 3909 1432 3946 una
1453 3910 1587 3948 cum
1620 3893 1739 3948 illis
1771 3895 1940 3966 sagit-

291 3989 592 4038 tatoresac
605 3983 936 4038 funditores
960 3982 1319 4037 constituere
1339 3982 1508 4037 :item
1531 3989 1664 4054 post
1684 3983 1938 4054 primam

295 4075 480 4129 aciem
505 4074 752 4129 alteram
776 4072 1208 4129 subsidiantem
1239 4073 1568 4127 instruere:
1617 4073 1689 4128 ad
1720 4078 1942 4128 utrum-

297 4181 413 4236 que
446 4163 600 4219 latus
632 4171 830 4218 autem
887 4163 1034 4217 aciei
1095 4162 1354 4218 mediam
1404 4162 1555 4217 viam
1611 4162 1936 4218 obtinentis

281 4255 646 4327 jaculatores
679 4255 1016 4326 disponere,
1051 4253 1376 4324 leviterque
1407 4261 1666 4309 armatos
1696 4271 1763 4310 ac
1797 4255 1936 4310 fun-

289 4344 704 4410 ditores.Quod
739 4344 785 4398 si
818 4344 936 4399 alia
963 4343 1176 4399 itinera
1208 4342 1488 4398 dicuntur
1518 4360 1644 4398 esse
1667 4360 1701 4398 a
1730 4343 1937 4398 dextra

2055 1385 2140 1454 [P.
2176 1387 2300 1459 122]
2335 1388 2501 1444 ΚΕΦ.
2532 1388 2604 1442 Γ’.
2646 1386 2793 1466 Ηερξ
2835 1389 3104 1466 κινήσεως
3160 1384 3397 1466 ἐχθρῶν,
3460 1386 3546 1441 καὶ
3602 1389 3702 1441 τοῦ

2372 1407 2501 1444 ιωφ.
2535 1407 2604 1442 ι’.
2646 1407 2722 1444 ne
2765 1409 2779 1440 ι
2835 1407 3104 1457 κινησεως
3160 1407 3373 1466 εχυρων

2372 1407 2878 1536 προκατασχεθῆναι
2915 1461 3012 1522 τὰς
3043 1457 3379 1538 δυσχωρίας.

2121 1562 2644 1640 Ἀναδιδασκόμενος
2675 1564 2785 1622 δὲὸ
2827 1567 3129 1644 στρατηγὸς
3179 1566 3277 1629 τὰς
3323 1569 3430 1620 τῶν
3483 1563 3698 1639 ἐχθρῶν

2051 1656 2316 1725 κινήσεις,
2350 1655 2557 1735 ὀφείλει
2589 1656 2678 1711 καὶ
2737 1655 2896 1718 αὐτὸς
2942 1655 3034 1711 τὸν
3093 1653 3233 1712 ἴδιον
3289 1653 3422 1710 λαὸν
3480 1652 3702 1710 ἐπισυν-

2049 1743 2198 1821 άγειν
2229 1745 2319 1800 καὶ
2351 1744 2678 1818 ἐξοπλίζειν,
2711 1747 2800 1802 καὶ
2826 1747 2963 1822 πρὸς
3017 1747 3114 1809 τὰς
3173 1746 3338 1821 ἄκρας
3396 1745 3699 1821 παραγίνὶ·

2045 1836 2188 1905 σθαι,
2248 1835 2340 1890 καὶ
2392 1838 2455 1892 τὸ
2512 1836 2732 1906 πεζικὸν
2819 1838 2956 1892 ἅπαν
3022 1835 3364 1913 ἐπισυνάγειν
3453 1833 3540 1890 ἐπὶ
3597 1835 3700 1904 τὴν

2045 1921 2192 1991 ὁδὸν,
2226 1926 2346 1980 καθ’
2369 1927 2436 1995 ἣν
2471 1924 2809 1999 ὀρμῆσουσιν
2869 1927 2922 1982 οἱ
2980 1924 3248 1999 πολέμιοι
3305 1923 3558 1994 ἐξελθεῖν.
3593 1924 3698 1981 Καὶ

2045 2014 2090 2069 εἰ
2152 2015 2244 2087 μὲν
2297 2017 2410 2089 μετ’
2471 2015 2675 2092 ὀλίγης
2733 2012 3014 2088 δυνάμεως
3067 2014 3198 2078 τοὺς
3257 2013 3492 2090 ἐχθροὺς
3547 2011 3697 2088 ὲεέρ-

2043 2115 2236 2179 χεσθαι
2321 2105 2592 2181 ἀναμάθῃ,
2665 2104 2945 2161 σπευσάτω
3035 2111 3485 2179 προσυπαντῆσαι
3595 2101 3692 2157 αὖ·

2041 2199 2182 2266 τοῖς,
2242 2195 2331 2250 καὶ
2390 2193 2846 2269 καταπολεμῆσαι
2907 2195 3043 2269 μετᾶ
3115 2195 3214 2250 τοῦ
3272 2197 3494 2264 πεζικοῦ
3552 2190 3692 2248 λαοῦ

2043 2283 2136 2340 καὶ
2191 2289 2300 2339 τῶν
2350 2285 2579 2354 ἱππέων,
2630 2285 2683 2340 εἴ
2733 2305 2798 2362 γε
2847 2285 2909 2340 τὸ
2963 2288 3071 2340 τῶν
3141 2288 3320 2354 πεζῶν
3378 2283 3688 2356 στράτευμα

2044 2379 2364 2451 συναγαγεῖν
2424 2374 2513 2429 καὶ
2573 2375 2831 2442 συστῆσαι
2892 2369 3201 2443 δεδύνηται.
3261 2371 3363 2427 Καὶ
3437 2370 3553 2427 ἐπεὶ
3611 2369 3692 2434 εἷς

2041 2461 2110 2516 τὰ
2165 2465 2483 2536 στενώματα
2554 2461 2646 2518 καὶ
2702 2463 2800 2525 τὰς
2879 2459 3193 2541 δυσχωρίας
3250 2457 3691 2533 ἐπιτηδειότερός

2042 2553 2186 2610 ἐστιν
2259 2553 2287 2607 ό
2375 2552 2509 2626 μετᾶ
2589 2555 2696 2608 τῶν
2783 2555 2960 2620 πεζῶν
3025 2547 3296 2624 πόλεμος,
3383 2547 3501 2605 δὲον
3581 2547 3694 2604 ἐστὶ

2043 2638 2598 2720 προκαταλαμϐάνειν
2631 2632 2722 2698 καὶ
2781 2643 3032 2717 κατέχειν
3087 2641 3158 2696 τὰ
3214 2637 3530 2715 ὑψηλότερα
3585 2643 3695 2694 τῶν

2044 2735 2187 2809 ὁρῶν
2223 2735 2338 2807 μετ’
2389 2731 2587 2802 αὐτῶν,
2618 2732 2709 2787 καὶ
2766 2731 2818 2803 ἐξ
2879 2728 3201 2810 ἀμφοτέρων
3277 2733 3478 2803 μερῶν,
3539 2727 3692 2803 εἶ’περ

2042 2825 2078 2894 ἡ
2146 2821 2291 2887 θέσις
2345 2826 2442 2878 τοῦ
2497 2823 2668 2877 τόπου
2727 2821 2870 2876 ἐστὶν
2929 2817 3256 2891 ἐπιτήδειος,
3314 2820 3410 2880 τὰς
3467 2819 3694 2887 πεζικάς

2046 2909 2254 2982 διιστᾷν
2285 2911 2630 2987 παρατάξεις.
2665 2913 2754 2968 Ἐν
2791 2913 2878 2974 οἷς
2939 2907 2997 2965 δὲ
3053 2907 3266 2964 ίππὲων
3313 2909 3544 2982 ἁρμόζει
3573 2908 3680 2961 πό-

2047 2999 2218 3075 λεμον
2248 3001 2512 3079 γίνεσθαι,
2545 3005 2921 3061 συνεῖναιτοῖς
2976 3003 3164 3068 πεζοῖς
3218 2997 3310 3052 καὶ
3366 2997 3572 3058 ἱππεῖς·
3598 2993 3692 3051 ’ίνα

2044 3092 2142 3160 τήν
2177 3089 2441 3161 τοιαύτην
2483 3091 2826 3165 παρασκευὴν
2884 3088 2976 3144 καὶ
3023 3087 3346 3162 κατάσχεσιν
3405 3091 3514 3142 τῶν
3573 3106 3694 3141 crta-

2046 3275 2223 3350 σχῶσι
2251 3272 2355 3340 τὴν
2387 3271 2578 3349 φορὰν,
2631 3271 2668 3341 ἢ
2727 3270 3175 3348 καταγωνισθῶσι
3231 3271 3366 3323 Θεοῦ
3420 3267 3697 3344 συνεργίᾳ.

2044 3358 2220 3414 Ὅπου
2253 3354 2311 3412 δὲ
2341 3355 2442 3412 οὐκ
2471 3357 2522 3427 ἐξ
2552 3355 2875 3434 ἀμφοτέρων
2905 3359 3014 3411 τῶν
3052 3357 3232 3428 μερῶν
3263 3354 3310 3390 ³³
3333 3354 3368 3423 ἡ
3395 3353 3492 3408 τοῦ
3520 3351 3694 3408 τόπου

2048 3449 2191 3511 θὲσις
2245 3441 2575 3524 προσϐαλεῖν
2635 3445 2881 3519 πόλεμον
2922 3446 3176 3521 ἁρμόζει,
3235 3441 3359 3499 ἀλλ’
3423 3442 3474 3513 ἐξ
3552 3441 3694 3508 ἑνὸς,

2047 3539 2257 3612 ὁμοίως
2314 3541 2530 3595 κάκεῖνο
2585 3539 2649 3594 τὸ
2704 3538 2950 3617 παρέχον
3040 3538 3204 3612 μέρος
3289 3539 3696 3612 προκατασχεῖν

2045 3627 2148 3686 δεῖ.
2185 3631 2272 3686 Ἐν
2301 3631 2378 3692 οἶς
2411 3627 2469 3684 δὲ
2493 3629 2595 3697 τήν
2620 3622 2944 3704 προσϐολὴν
2967 3630 3064 3682 τοῦ
3091 3623 3344 3699 πολέμου
3392 3623 3483 3702 ἀφ’
3538 3625 3694 3696 ὑψη-

2047 3717 2148 3774 λοῦ
2181 3721 2381 3794 βουνοῦ
2405 3720 2468 3774 τὸ
2497 3721 2594 3773 τοῦ
2623 3716 2796 3773 τόπου
2843 3712 3216 3786 ἀνεπιτήδειον
3271 3713 3513 3791 γενέσθαι
3573 3711 3694 3768 δια-

2044 3807 2274 3876 κωλύει,
2308 3806 2452 3864 ἀλλὰ
2487 3807 2681 3880 μικρόν
2749 3828 2800 3862 τι
2850 3807 3276 3883 προσανωφερής
3309 3807 3354 3841 ²³
3418 3806 3492 3878 (6)
3553 3802 3697 3858 ἐστιν

2045 3897 2080 3968 ἡ
2111 3895 2237 3961 ὁδὸς
2266 3897 2355 3952 καὶ
2385 3902 2638 3975 τραχεῖα,
2671 3893 2878 3974 ἔχουσα
2908 3896 2998 3950 καὶ
3031 3894 3256 3971 ῥύακας,
3288 3894 3364 3955 ὡς
3395 3892 3454 3947 ἐκ
3483 3891 3694 3947 τούτων

2045 3986 2382 4056 πενωτάτην
2441 3985 2529 4040 καὶ
2591 3985 2758 4054 αὐτὴν
2804 3984 3160 4058 εὑρίσκεσθαι,
3221 3983 3334 4061 χρή
3418 3983 3518 4049 τὴν
3578 3985 3693 4035 τῶν

2043 4081 2221 4146 πεζῶν
2303 4078 2595 4152 παραταξιν
2673 4074 2934 4136 ὡσαύτως
3007 4073 3114 4128 ἀπὸ
3165 4077 3272 4128 τῶν
3331 4065 3687 4144 ὑψηλοτέρων

2041 4165 2489 4242 παρασκευάζειν,
2521 4166 2610 4220 καὶ
2650 4164 2749 4233 τὴν
2807 4160 2932 4220 ὁδὸν
2988 4168 3203 4238 κρατεῖν
3267 4161 3357 4216 καὶ
3405 4159 3688 4236 ἀποφράτο

2037 4276 2148 4311 τειν
2191 4253 2260 4310 δι’
2293 4253 2534 4310 ὁπλιτῶν
2567 4251 2954 4328 ἀσπιδιιφόρων
2988 4253 3075 4308 καὶ
3134 4252 3490 4320 ἀκοντιστῶν,
3528 4244 3690 4303 ὄπισο

2041 4346 2126 4399 θεν
2161 4342 2219 4399 δὲ
2251 4346 2458 4399 τούτων
2486 4344 2614 4406 τοὺς
2636 4342 2695 4399 ἐκ
2726 4343 2929 4419 χειρῶν
2960 4342 3148 4406 Αίθους
3203 4339 3534 4416 βάλλοντας,
3599 4335 3694 4391 σὺν

289 4440 346 4489 et
377 4435 623 4489 sinistra
651 4440 818 4506 parte
851 4435 998 4489 aciei
1044 4434 1194 4488 viam
1230 4433 1550 4488 militarem
1583 4433 1933 4502 obsidentis,

2047 4433 2230 4496 αὐτοῖς
2263 4431 2320 4488 δὲ
2348 4434 2435 4488 καὶ
2470 4434 2693 4504 τοξότας
2722 4431 2816 4488 καὶ
2868 4429 3233 4511 σφενδονίταςο
3285 4430 3377 4484 καὶ
3413 4426 3546 4502 μετά
3590 4427 3694 4495 τήν

286 4540 414 4594 quae
442 4523 657 4579 itinera
687 4523 977 4579 limitanei
1029 4523 1302 4577 homines
1355 4529 1615 4594 atrapos,
1675 4522 1787 4577 hoc
1845 4527 1937 4578 est

287 4615 813 4681 tramites,vocant,
831 4619 1062 4686 oportet
1091 4630 1160 4669 ea
1191 4629 1428 4684 quoque
1464 4611 1721 4684 pedestri
1753 4629 1934 4670 manu

283 4720 594 4774 occupare,
628 4703 1062 4774 diligenterque
1104 4703 1296 4769 tueri;
1338 4718 1411 4757 ne
1441 4701 1590 4756 forte
1623 4701 1768 4756 I91
1807 4718 1932 4757 cer-

285 4791 465 4846 tiores
495 4792 632 4847 facti
666 4792 866 4848 hostes
903 4792 1053 4848 viam
1113 4791 1410 4862 publicam
1459 4808 1494 4846 a
1521 4865 1524 4868 ῃ
1549 4789 1932 4848 multitudine

283 4880 548 4952 peditum
582 4880 813 4938 firmius
855 4883 1068 4950 teneri,
1101 4882 1162 4937 in
1217 4881 1470 4938 alterum
1503 4897 1534 4935 e
1580 4881 1930 4936 transversis

286 4970 620 5026 tramitibus
652 4989 712 5028 se
744 4978 1196 5040 convertant,et,
1230 4971 1278 5026 si
1309 4987 1431 5027 non
1461 4975 1621 5026 recte
1677 4987 1745 5026 ac
1793 4969 1933 5025 dili-

283 5066 490 5130 genter
531 5062 920 5129 custodiatur,
978 5062 1292 5117 transitum
1345 5060 1426 5115 ibi
1468 5061 1649 5125 nacti,
1683 5077 1717 5116 a
1747 5059 1931 5116 latere

283 5150 377 5205 vel
411 5157 616 5224 etergo
650 5152 912 5208 acierum
941 5152 1262 5208 existentes
1283 5156 1341 5206 et
1368 5149 1928 5219 circumfusi,terro-

2049 4525 2273 4599 πρώτην
2301 4522 2596 4598 παράταξιν
2626 4524 2717 4578 καὶ
2775 4520 3024 4596 δευτέραν
3083 4519 3353 4594 ἑπομένην
3407 4519 3550 4591 αὐτῇ
3592 4536 3698 4572 παι

2045 4614 2413 4689 ρασκευάζειν’
2500 4613 2825 4688 ὶκατὲρωθεν
2887 4609 2945 4666 δὲ
2997 4617 3097 4681 τῆς
3181 4607 3528 4685 παρατάξεως
3590 4613 3695 4676 τῆς

2045 4701 2425 4774 φυλαττούσης
2446 4703 2546 4772 τὴν
2607 4702 2776 4776 μέσην
2835 4698 2984 4771 ὁδὸν,
3044 4697 3358 4761 ἀκοντιστὰς
3413 4698 3692 4766 καθιστᾷν,

2043 4791 2240 4866 ψιλούς
2267 4813 2324 4847 τε
2353 4790 2443 4846 καὶ
2500 4787 2866 4868 σφενδονίτας.
2920 4789 2986 4848 Εἰ
3045 4786 3103 4845 δὶ
3157 4788 3248 4844 καὶ
3293 4787 3476 4863 ἑτέρας
3531 4782 3693 4847 ὁδοὺς

2043 4879 2258 4958 λέγεται
2313 4881 2446 4936 εἶναι
2505 4878 2650 4951 δεξιᾷ
2700 4879 2790 4936 καὶ
2845 4878 3113 4953 εὐωνύμῳ
3169 4884 3269 4948 τῆς
3343 4875 3692 4953 παρατάξεως

2039 4975 2139 5040 τῆς
2171 4968 2552 5047 φυλαττούσης
2579 4971 2679 5039 τὴν
2714 4967 2984 5044 δημοσίαν
3039 4965 3185 5036 ὁδὸν,
3247 4964 3310 5029 ἅς
3364 4965 3416 5020 οἱ
3469 4964 3689 5038 ἀκρῖται

2041 5055 2318 5133 ἀτραποὺς
2349 5055 2601 5127 καλοῦσι,
2635 5053 2751 5113 δέον
2799 5056 2888 5112 καὶ
2917 5055 3112 5117 ταύτας
3168 5058 3479 5130 κρατεῖσθαι
3555 5049 3696 5125 μετᾶ

2043 5152 2246 5218 πεζῶν,
2330 5150 2414 5215 ]Ρ.
2499 5151 2626 5220 123]
2682 5147 2774 5202 καὶ
2832 5145 3192 5225 φυλάττεσθαι
3274 5138 3537 5218 ἀκριϐῶς·
3612 5139 3692 5212 μή

1485 5329 1545 5383 C.
1587 5328 1649 5382 Β.
1693 5326 1887 5382 HASII
1927 5326 2485 5384 ANNOTATIONES.

347 5482 394 5519 ³ο
422 5475 794 5557 τασιναρᾼίους.
828 5479 986 5557 Infra
1018 5482 1136 5557 1264ἴ
1172 5480 1236 5535 D.
1269 5475 1342 5557 τᾶε
1359 5472 1664 5557 ταρινᾶκια.
1691 5476 1734 5512 ²¹
1768 5496 1936 5557 κεκινυ⁴

2047 5483 2140 5557 εῖν.
2203 5481 2333 5554 Leg.
2384 5483 2670 5557 κερτομεῖν
2727 5499 2775 5540 3.
2839 5483 3231 5557 καρποτομεῖν.
3294 5477 3433 5536 Cod.
3493 5474 3692 5551 suppl.

273 5545 692 5626 κενοτομεῖν.’²²
727 5554 927 5627 μερῶν]
957 5553 1202 5624 ἡμερῶν.
1237 5549 1370 5605 cod.
1401 5548 1445 5582 ³³
1473 5545 1908 5629 προσανωφελής
1942 5545 2075 5610 cdd.

345 5681 428 5751 (6)
455 5677 682 5735 Omissa
712 5682 803 5735 est
831 5677 894 5734 in
917 5675 1145 5733 Lexicis
1175 5675 1301 5731 hec
1330 5688 1456 5730 vox.
