4078 6204
333 374 465 433 93³7

1626 359 2050 426 VELITATIO
2098 359 2458 422 BELLIGA.

3630 372 3750 432 938

330 526 486 575 ποτε,
524 505 899 578 μανθανόντων
931 504 1038 555 τῶν
1066 497 1352 573 πολεμίων
1391 501 1491 568 τὴν
1527 495 1797 571 δημοσίαν
1856 494 1981 551 ὁδὸν

2102 514 2221 552 rem
2253 496 2535 551 exercitui
2564 499 2825 553 Romano
2876 497 3154 555 inferant.
3212 504 3447 569 Contra,
3489 504 3537 558 si
3569 506 3745 562 ambo

330 597 383 651 ἐν
415 593 683 668 ἀσφαλείᾳ
712 595 1019 667 κρατεῖσθαι
1055 590 1190 663 μετά
1231 589 1480 659 πλήθους
1535 587 1690 656 λάοῦ,
1752 586 1828 648 εἰς
1861 587 1981 642 ἐτέ-

333 706 426 761 ραν
460 689 568 738 τῶν
611 683 670 737 ἐκ
716 678 965 757 πλαγίων
1036 680 1347 755 ὁρμήσωσι,
1406 678 1496 733 καὶ
1557 676 1603 732 εί
1663 678 1739 750 μὴ
1796 674 1983 738 καλῶς

330 774 416 828 καὶ
452 769 712 849 ἀσφαλῶς
757 768 1119 847 φυλάττηται,
1179 766 1407 843 εῦρωσξν
1457 766 1655 831 ἐκεῖθεν
1716 763 1981 841 πάροδον⁹

330 861 417 917 καὶ
449 861 752 938 γενηθῶσιν
785 858 845 914 ἐκ
874 857 1112 931 πλαγίου
1141 859 1176 928 ἢ
1207 858 1294 912 καὶ
1326 857 1385 911 ἐκ
1439 857 1617 911 νώτου
1672 860 1781 910 τῶν
1811 876 1981 931 παρα-

330 954 556 1023 ταξεων,
598 949 689 1004 καὶ
739 948 1118 1025 περισπασμὸν
1177 946 1269 1001 καὶ
1327 941 1495 1023 φόϐον
1551 948 1631 1016 τῷ
1688 945 1982 1016 Ῥωμαϊκῷ

330 1042 543 1115 στρατῷ
583 1039 1010 1110 προξενήσωσιν.
1073 1033 1426 1111 Ἀμφοτέρων
1481 1032 1539 1088 δὲ
1594 1032 1852 1110 ἀσφαλῶς
1883 1054 1981 1107 φυ-

330 1129 703 1201 λαττομένων,
735 1128 770 1195 ἢ
805 1126 940 1197 πρὸς
974 1126 1161 1199 μάχην
1192 1129 1301 1179 τῶν
1347 1120 1632 1195 πολεμίων
1682 1123 1984 1196 ὁρμώντων

325 1218 459 1274 Θεοῦ
523 1216 775 1293 συνεργίᾳ
830 1216 1419 1289 καταισχυνθήσονται,
1451 1213 1486 1281 ἢ
1522 1210 1763 1289 easeas;
1817 1232 1980 1266 κατα-

330 1306 617 1383 σχεθέντες
646 1305 715 1361 δι’
748 1304 932 1374 ἄλλης
962 1301 1114 1374 ὁδοῦ,
1164 1302 1391 1359 πολλῶν
1425 1305 1648 1378 ἡμερῶν
1709 1299 1983 1373 διάστημα

323 1396 667 1473 ἀπεχούσης,
697 1396 798 1464 τὴν
828 1395 1006 1469 ὁρμὴν
1039 1394 1387 1464 ποιήσονται.
1450 1390 1551 1448 Καὶ
1608 1391 1684 1454 ὡς
1741 1389 1980 1454 ἐντεῦθεν

328 1486 430 1542 δύο
456 1487 593 1541 κατά
648 1486 1113 1559 προσγενήσονται
1169 1486 1287 1543 τοῖς
1348 1482 1569 1557 ἐχθροῖς
1622 1478 1983 1535 καταλιποῦσι

333 1579 401 1633 τὰ
439 1574 646 1631 τούτων
678 1572 966 1643 ἄπλκηκτα
1008 1571 1099 1626 καὶ
1146 1573 1246 1640 τὴν
1281 1571 1490 1634 εὐθεῖαν
1524 1568 1649 1625 ὁδον
1681 1570 1746 1626 ²⁴.
1780 1562 1831 1623 ἔν
1866 1571 1983 1641 μὲν,

325 1666 821 1738 ταλαιπωρηθῆναι
844 1666 925 1734 τῷ
952 1666 1063 1716 τῶν
1095 1658 1323 1715 πολλῶν
1356 1662 1579 1731 ἡμερῶν
1632 1656 1981 1729 διαστήματι·

324 1755 507 1831 ἕτερον
540 1754 618 1819 δέ,
650 1754 714 1808 τὸ
744 1752 832 1807 καὶ
899 1743 1179 1806 ἀπώλειαν
1230 1748 1415 1809 αὐτοῖς
1445 1747 1665 1820 ἐπάγον,
1696 1748 1758 1801 τὸ
1789 1745 1985 1808 αὐτοὺς

2095 589 2276 662 probe
2299 588 2738 655 custodiuntur,
2756 588 3078 644 adversarii
3100 590 3189 645 vel
3206 592 3279 646 ad
3303 592 3748 652 dimicationem

2092 684 2334 734 ruentes
2369 679 2484 732 Deo
2533 677 2979 732 obsecundante
3038 679 3502 749 confundentur,
3562 686 3653 739 vel
3686 686 3750 741 in

2096 773 2320 823 metum
2353 766 2589 823 adducti
2648 784 2755 838 per
2810 768 2989 823 aliam
3046 769 3223 837 viam,
3266 788 3395 842 quae
3428 773 3751 830 multorum

2097 857 2327 912 dierum
2380 856 2592 912 itinere
2623 857 2809 921 abest,
2841 859 3245 915 incursionem
3302 860 3539 917 facient.
3585 865 3748 920 Unde

2094 946 2327 1001 duobus
2358 944 2695 1000 afficientur
2724 945 3141 1014 incommodis,
3167 948 3215 1002 si
3242 964 3276 1002 a
3304 950 3514 1005 castris
3539 952 3746 1023 viaque

2093 1042 2255 1091 recta
2277 1035 2715 1090 discesserunt:
2741 1036 2949 1102 altero,
2976 1036 3130 1107 quod
3155 1039 3479 1094 multorum
3512 1041 3744 1097 dierum

2092 1127 2308 1181 itinere
2334 1124 2849 1197 defatigabuntur:
2883 1126 3432 1198 altero,perniciem
3454 1131 3575 1185 illis
3597 1132 3747 1187 alla-

2095 1222 2248 1282 turo,
2282 1214 2437 1286 quod
2471 1214 2581 1285 ipsi
2629 1215 2954 1285 perturbati
3002 1216 3234 1271 animos
3264 1217 3596 1288 demittent,
3634 1224 3747 1276 Ro-

2092 1305 2256 1360 mani
2288 1310 2497 1359 contra
2526 1304 2846 1359 alacriores
2894 1306 3041 1360 ﬁent
3086 1310 3264 1377 atque
3296 1308 3641 1365 audaciores
3672 1311 3746 1367 ad

2094 1394 2230 1450 illos
2259 1394 2718 1465 impugnandos.
2752 1394 2917 1459 Quod
2953 1395 3092 1449 item
3138 1397 3429 1466 superiori
3460 1402 3752 1456 memoria

2096 1485 2342 1540 exitioso
2376 1483 2757 1539 Chambdano
2816 1490 2904 1538 ter
2950 1500 3061 1539 usu
3120 1486 3279 1539 venit
3306 1490 3373 1541 ut
3402 1492 3748 1556 pateretur:

2096 1575 2187 1629 bis
2212 1575 2503 1630 memoria
2522 1574 2896 1631 Constantini
2920 1575 3435 1647 Porphyrogeniti,
3456 1576 3753 1633 decantati

2098 1668 2304 1734 terque
2366 1664 2522 1718 beati
2578 1664 3002 1735 imperatoris:
3063 1665 3303 1720 tertium
3365 1665 3473 1720 sub
3527 1668 3754 1738 optimo

2098 1753 2366 1825 principe
2394 1755 2681 1820 Romano,
2707 1753 2861 1808 beati
2885 1752 3047 1809 illius
3078 1753 3223 1808 ﬁlio.
3255 1761 3334 1809 Ac
3356 1772 3526 1826 paane
3557 1759 3753 1813 cuncti

332 1846 429 1918 μέν
460 1840 846 1917 δειλανδρῆσαι
898 1839 989 1895 καὶ
1037 1837 1243 1911 ἀθυμίᾳ
1297 1832 1703 1936 ὑποϐληθῆναι·
1772 1836 1899 1899 τοὺς
1931 1832 1985 1890 δὲ

2102 1842 2570 1897 internecionem
2627 1842 3005 1897 inimicorum
3065 1843 3279 1898 Christi
3338 1850 3479 1900 tunc
3535 1846 3752 1902 factam

328 1933 639 2007 Ῥωμαίους
672 1932 720 1968 ³⁵
742 1930 1207 2005 προθυμωτέρους
1238 1927 1329 1982 καὶ
1364 1924 1818 2001 εὐτολμωτέρους
1846 1927 1984 2000 πρὸς

2099 1933 2321 2005 optime
2352 1936 2593 1986 norunt.
2620 1934 2832 1987 Verum
2871 1932 3163 1987 exercitus
3192 1934 3570 1989 Tarsensium
3602 1953 3752 2006 quo-

330 2027 422 2080 τὸν
454 2024 571 2079 κατ’
605 2023 783 2077 αὐτῶν
814 2020 1060 2092 πόλεμον
1092 2019 1357 2095 γενέσθαι.
1391 2017 1522 2073 Οἴον
1565 2013 1630 2085 δὴ
1665 2016 1754 2071 καὶ
1786 2016 1836 2071 ἐν
1866 2022 1982 2079 τοῖς

2102 2038 2199 2092 {ue
2229 2022 2473 2092 agrique
2500 2021 2833 2077 Ciliciensis
2895 2021 2968 2075 ab
3000 2020 3141 2087 illis,
3177 2023 3275 2093 qui
3310 2026 3451 2077 tunc
3492 2024 3746 2080 limitem

332 2117 444 2170 ἅνω
475 2113 699 2189 χρόνοις
756 2110 983 2182 ἀλήστῳ
1037 2112 1118 2180 τῷ
1166 2101 1399 2180 Χαμϐδᾷ
1456 2104 1515 2161 ἐκ
1570 2106 1760 2181 τρίτου
1790 2112 1979 2170 παθεῖν

2102 2111 2395 2182 :urabant,
2430 2112 2491 2166 in
2524 2111 2772 2167 diversis
2829 2111 3239 2183 angustiarum
3271 2113 3418 2168 locis
3449 2113 3616 2171 fusus
3645 2116 3743 2171 fu-

326 2197 660 2274 συμϐέϐηκεο
723 2197 806 2262 δὶς
846 2202 893 2236 ³⁸
954 2198 1049 2270 μὲν
1105 2200 1223 2258 τοῖς
1283 2196 1509 2269 χρόνοις
1564 2199 1662 2249 τοῦ
1722 2193 1982 2269 ἀοιδίμου

2102 2207 2380 2272 ζαιιιεῳιθ
2413 2206 2523 2256 est.

325 2293 416 2349 καὶ
492 2292 870 2366 τρισμάωρος
949 2284 1353 2341 Κωνσταντίνου
1425 2288 1524 2339 τοῦ
1598 2287 2121 2362 Ηορφυρογεννήτου
2202 2287 2491 2363 βασιλέως’
2570 2287 2707 2359 ἃπαξ
2784 2288 2841 2343 δὲ
2907 2288 2993 2344 ἐπὶ
3050 2293 3149 2344 τοῦ
3223 2289 3416 2346 καλοῦ·
3483 2293 3752 2368 βασιλέως

331 2384 620 2455 Ῥωμανοῦ
695 2383 791 2450 (7),
865 2380 964 2431 τοῦ
1043 2378 1346 2448 μακαρῖτου
1421 2373 1564 2432 υἱοῦ.
1641 2374 1744 2429 Καὶ
1823 2374 2020 2436 πάντες
2097 2372 2292 2451 σχεδὸν
2338 2379 2439 2445 τὴν
2492 2375 2615 2431 τότε
2667 2377 2969 2450 γενομένην
3025 2376 3385 2452 πανολεθρίαν
3440 2384 3547 2435 τῶν
3594 2381 3753 2457 ἐρνη-

330 2475 439 2525 τῶν
491 2472 589 2524 τοῦ
649 2469 894 2542 Χριστοῦ
969 2458 1211 2539 ἀκριϐῶς
1288 2460 1623 2517 ἐπίστανται.
1701 2459 1880 2518 Ἀλλά
1938 2463 2028 2517 καὶ
2086 2465 2113 2519 ὁ
2174 2462 2305 2519 λαὸν
2363 2470 2472 2520 τῶν
2529 2466 2778 2538 Ταρσέων
2831 2465 2921 2520 καὶ
2975 2472 3077 2535 τῆς
3127 2470 3235 2521 τῶν
3267 2467 3507 2523 Κιλίκων
3564 2471 3752 2544 χώρας

331 2559 383 2613 ἐν
450 2554 733 2634 διαφόροις
805 2555 999 2615 τόποις
1057 2554 1165 2606 τῶν
1223 2552 1590 2623 στενωμάτων
1649 2550 1795 2625 παρά
1845 2555 1954 2606 τῶν
2014 2552 2139 2609 τότε
2192 2560 2296 2623 τῆς
2351 2551 2517 2628 ἄκρας
2573 2552 2997 2629 προνοουμένων
3037 2560 3361 2631 στρατηγῶν
3404 2559 3755 2634 κατετροπώ-

334 2649 522 2717 θησαν.

329 2738 491 2793 ΚΕΦ.
525 2741 583 2791 Δ.
643 2733 929 2808 Περὶ-τοῦ
987 2736 1237 2808 ποιεῖσθαι
1297 2728 1624 2808 λάθραμτάς
1677 2731 1815 2785 κατά
1871 2733 1979 2808 τῶν

398 2804 953 2882 ἐχθρῶν-ἐπιθέσεις,
1039 2805 1128 2882 καὶ
1203 2804 1325 2882 περὶ
1405 2805 1512 2882 τοῦ
1588 2806 1970 2882 προσυπαντᾷν

397 2872 524 2941 τδὺς
557 2875 887 2952 πολεμίους,
939 2872 1099 2945 ’πρὸς
1199 2872 1299 2945 τὴν
1405 2872 1548 2929 ἰδίαν
1632 2872 1981 2950 ’ἐπαναστρέ-

401 2971 618 3028 φοντας.

400 3128 523 3203 Χρή
558 3125 615 3183 δὲ
643 3125 734 3182 καὶ
776 3129 939 3182 τοῦτο
978 3124 1066 3181 διὰ
1124 3128 1335 3181 σκοποῦ
1382 3126 1471 3180 καὶ
1539 3126 1777 3199 μελέτης
1834 3122 1980 3203 ἔχειν

331 3219 425 3273 τὸν
470 3217 772 3294 στρατηγὸν
812 3214 903 3271 καὶ
962 3220 1130 3270 πᾶσαν
1191 3212 1434 3286 σπουδὴν
1492 3214 1754 3283 τίθεσθαι,
1809 3214 1985 3292 λάθρα

331 3310 421 3363 καὶ
452 3305 757 3376 ἀδοκήτως,
789 3304 841 3360 εἷ’
877 3305 991 3360 οἷόν
1021 3325 1099 3372 τε,
1156 3303 1250 3368 τὰς
1305 3309 1413 3359 τῶν
1473 3304 1687 3380 ἐχθρῶν
1723 3303 1987 3369 ἐπιθέσεις

332 3398 631 3453 ποιεῖσθαι.
664 3398 770 3449 Τοῦ
818 3395 923 3471 γὰρ
979 3395 1231 3448 τοιούτου
1286 3391 1719 3467 ἐπιτηδεύματος
1784 3396 1990 3472 τυγχά-

331 3511 439 3544 νων
474 3486 849 3562 ὁστρατηγὸς,
900 3484 989 3540 καὶ
1048 3487 1165 3559 μετ’
1217 3483 1505 3563 ὀλιγοστοῦ
1541 3485 1678 3541 λαοῦ
1738 3486 1985 3550 πολλοὺς

334 3583 445 3634 τῶν
477 3575 759 3647 πολεμίων
790 3576 1288 3648 κατατροπώσεται.
1350 3574 1412 3631 El
1473 3572 1551 3642 δὲ,
1605 3576 1681 3639 ὡς
1732 3576 1988 3651 ἀνωτέρω

336 3655 670 3728 δεδήλωται,
701 3656 793 3711 καὶ
821 3657 995 3711 τόπου
1051 3654 1288 3730 ἐπιτύχῃ
1340 3655 1392 3709 ἐν
1451 3661 1569 3720 τοῖς
1624 3657 1986 3731 στενώμασιν,

337 3749 399 3804 ἐκ
440 3745 535 3802 δύο
598 3750 780 3821 μερῶν
833 3748 935 3800 τοῦ
991 3745 1128 3799 κατά
1182 3749 1290 3798 τῶν
1352 3744 1566 3819 ἐχθρῶν
1618 3745 1870 3819 πολέμου
1924 3748 1987 3803 τὸ

337 3834 650 3907 ἐπιτήδειον
684 3833 934 3911 ἔχοντος,
970 3830 1299 3895 ἀδιστάκτως
1331 3835 1414 3907 [Ρ.
1472 3837 1593 3908 124]
1643 3830 1860 3910 ἔχεσθαι
1891 3842 1989 3891 τοῦ

343 3924 616 3999 πολέμου·
665 3926 754 3980 καὶ
813 3923 1000 3987 καλῶς
1053 3923 1262 3978 τάσσων
1315 3923 1406 3977 τὸν
1464 3923 1551 3977 ὑπ’
1609 3924 1770 3979 αὐτὸν
1832 3924 1988 3998 λαὸν,

340 4021 475 4074 Θεοῦ
508 4017 759 4092 συνεργίᾳ
789 4016 926 4071 κατά
971 4016 1172 4090 κράτος
1227 4012 1356 4078 τοὺς
1405 4013 1711 4087 πολεμίους
1767 4017 1989 4090 τροπώ·

341 4129 487 4163 σεται
522 4152 535 4165 .
595 4104 753 4177 Πλὴν
808 4107 947 4161 κατά
1003 4104 1147 4160 πολὺ
1202 4103 1311 4159 ἐστι
1398 4103 1837 4180 λυσιτελέστερον
1900 4107 1991 4160 καὶ

339 4196 777 4274 ἁρμοδιώτερον,
819 4196 951 4271 ὑπὲρ
980 4199 1078 4251 τοῦ
1110 4198 1491 4270 προσυπαντᾷν
1520 4193 1649 4256 τοὺς
1690 4193 1993 4269 πολεμίους

345 4285 653 4361 μέλλοντας
686 4285 876 4357 ἐξιέναι
918 4285 1054 4340 κατὰ
1109 4283 1437 4357 Ῥωμανίας,
1499 4282 1589 4338 ὅτε
1643 4283 1853 4357 μᾶλλον
1886 4284 1992 4339 ἀπὸ

338 4379 447 4430 τῶν
502 4375 788 4452 ἡμετέρων
846 4378 1047 4451 χωρῶν
1106 4376 1246 4450 πρὸς
1299 4376 1400 4444 τὴν
1460 4372 1600 4429 ἰδίαν
1670 4374 1993 4451 ἐπαναστρέ-

343 4485 525 4542 φουσι.
559 4466 699 4522 Τότε
729 4465 856 4540 γὰρ,
891 4461 980 4518 διὰ
1006 4464 1070 4518 τὸ
1098 4462 1184 4519 ἐπὶ
1228 4460 1373 4518 πολὺ
1430 4458 1861 4539 χρονοτριϐῆσαι
1894 4466 1991 4520 αὐ-

2093 2734 2247 2790 192
2277 2734 2410 2789 CAP.
2444 2736 2539 2791 IV-
2568 2736 2683 2800 Quo
2708 2740 2876 2805 pacto
2930 2735 3152 2790 insidia:
3208 2736 3348 2791 clam
3374 2735 3619 2793 hostibus
3647 2741 3749 2806 fa-

2164 2806 2369 2861 cienda:
2414 2808 2548 2877 sint,
2604 2813 2656 2861 et
2706 2807 3169 2877 quemadmodum
3198 2808 3529 2865 adversariis
3558 2826 3749 2866 occur-

2162 2878 2393 2935 rendum
2423 2880 2497 2934 sit
2527 2879 2750 2935 domum
2778 2879 3154 2936 redeuntibus.

2164 3109 2349 3165 Debet
2377 3109 2527 3165 illud
2558 3125 2795 3182 quoque
2826 3126 3159 3182 proponere
3209 3110 3319 3165 sibi
3376 3128 3443 3167 ac
3472 3115 3749 3171 meditari

2017 3171 2057 3238 C
2098 3202 2237 3271 dux,
2268 3171 2629 3273 omnemque
2661 3171 3030 3274 diligentiam
3073 3202 3376 3271 adhibere,
3411 3209 3477 3259 ut
3507 3204 3660 3259 clam
3692 3212 3753 3261 et

2096 3291 2427 3362 inOpinato,
2449 3291 2497 3345 si
2530 3291 2659 3345 ﬁeri
2691 3296 2904 3362 potest,
2938 3291 3139 3345 hostes
3171 3290 3492 3349 adoriatur.
3516 3295 3751 3351 Etenim

2097 3382 2391 3453 ejusmodi
2446 3387 2783 3438 commento
2841 3398 2985 3438 usus
3044 3383 3162 3438 dux
3215 3384 3303 3439 vel
3343 3402 3479 3440 cum
3512 3388 3755 3457 parvula

2095 3490 2279 3529 manu
2310 3472 2758 3529 multitudinem
2788 3473 3049 3529 hostium
3080 3473 3307 3530 fundet.
3340 3474 3427 3530 Ad
3456 3476 3582 3532 hmo
3612 3477 3757 3547 si,ut

2097 3563 2371 3634 superius
2419 3562 2893 3618 demonstratum
2948 3567 3058 3631 est,
3117 3563 3178 3617 in
3236 3565 3525 3636 angustiis
3555 3566 3754 3623 locum

2096 3652 2484 3719 nanciscitur,
2512 3652 2612 3723 qui
2650 3652 3154 3724 opportunitatem
3204 3652 3420 3710 haheat
3449 3656 3523 3710 ad
3552 3656 3754 3713 hostes

2096 3742 2379 3814 utrinque
2402 3759 2472 3797 ex
2501 3742 2787 3798 lateribus
2806 3742 3255 3815 aggrediendos,
3279 3744 3455 3800 debet
3477 3745 3604 3801 sine
3630 3747 3756 3803 ulla

2098 3830 2467 3887 dubitatione
2496 3830 2559 3886 in
2588 3831 2777 3887 aciem
2817 3831 3177 3888 descendere
3204 3848 3216 3887 :
3264 3837 3342 3903 et,
3375 3834 3561 3905 copiis
3592 3842 3750 3892 recte

2099 3941 2133 3979 a
2163 3942 2223 3980 se
2261 3924 2573 3990 ordinatis,
2605 3940 2716 3996 ope
2747 3925 2849 3979 Dei
2881 3925 3247 3981 adversarios
3278 3928 3591 4000 magnifice
3624 3930 3747 3984 vin-

2100 4017 2211 4069 cet.
2231 4014 2629 4069 Nihilominus
2648 4013 2981 4084 expeditius
3003 4014 3190 4069 multo
3215 4020 3305 4069 est
3326 4022 3384 4070 et
3400 4018 3758 4072 convenien-

2104 4101 2218 4155 tius
2273 4102 2471 4171 potius
2529 4118 2710 4173 quam
2778 4118 3088 4157 occurrere
3162 4102 3432 4158 hostibus
3492 4105 3552 4158 in
3609 4105 3762 4159 ﬁnes

2104 4191 2401 4244 Romanos
2433 4190 2701 4256 exituris,
2727 4188 2947 4243 adoriri
2979 4206 3080 4244 eos
3113 4207 3183 4245 ex
3213 4195 3415 4245 nostra
3446 4191 3669 4245 ditione
3692 4193 3766 4247 ad

2104 4297 2273 4336 suam
2295 4283 2847 4337 revertentes.Tunc
2871 4283 3053 4351 enim,
3077 4282 3151 4337 ob
3174 4282 3517 4338 diuturnam
3542 4284 3603 4338 in
3626 4300 3763 4356 agro

2106 4376 2639 4438 Romano,moram
2671 4375 2959 4429 attenuati
2992 4374 3312 4430 admodum
3344 4380 3522 4446 atque
3553 4376 3760 4431 afflicti

2107 4470 2263 4528 sunt,
2301 4463 2465 4529 Quod
2496 4464 2543 4518 si
2575 4480 2717 4518 casu
2754 4464 3114 4535 praedarum,
3170 4465 3627 4536 mancipiorum,
3664 4483 3765 4538 pe-

341 4556 469 4617 τοὺς
493 4560 612 4617 ταῖς
668 4557 1011 4627 Ῥωμαῖκῆς
1069 4554 1304 4629 χώραις,
1372 4552 1628 4629 μεγάλως
1686 4550 1985 4628 συντρίϐον-

2108 4555 2276 4611 cudis
2305 4571 2580 4627 magnam
2610 4555 2725 4608 vim
2771 4571 2975 4610 secum
3009 4556 3274 4623 trahunt,
3308 4572 3445 4611 cum
3478 4557 3592 4627 ipsi
3639 4562 3763 4612 tum

339 4666 428 4699 ται
483 4644 575 4699 καὶ
633 4644 1133 4719 ταλαιπωροῦνται.
1193 4643 1258 4700 Ei
1288 4643 1432 4719 τύχῃ
1486 4642 1573 4710 δὲ,
1630 4642 1720 4698 καί
1779 4643 1997 4713 πλῆθος

342 4733 687 4809 πραγμάτων
740 4733 832 4789 καὶ
891 4729 1246 4808 ἀνδραπόδων
1304 4731 1651 4810 ἐπιφέρονται
1706 4733 1796 4788 καὶ
1854 4755 1998 4804 κτη-

341 4828 448 4879 νῶν
499 4823 590 4878 καὶ
642 4822 795 4879 αὐτοί
826 4843 887 4879 τι
914 4822 1003 4877 καὶ
1065 4823 1119 4877 οἱ
1170 4819 1334 4876 ’ίπποι
1390 4822 1565 4877 αὐτῶν
1620 4827 2002 4878 κατακοπιῶν-

339 4932 427 4973 τες
457 4914 503 4949 ²’⁷
531 4915 625 4986 (8),
656 4910 710 4967 ἐν
742 4916 921 4986 καιρῷ
952 4909 1207 4983 πολέμου
1237 4908 1595 4983 ἐκλελυμένοι
1636 4911 1999 4984 εὑρίσκονται,

343 4999 665 5065 σπεύδοντες
687 5001 778 5057 καὶ
835 5001 1227 5075 ἐπιθυμοῦντες
1280 5003 1476 5077 τάχιον
1508 5003 1611 5071 τήν
1666 4999 1807 5056 ίδίαν
1834 5023 2003 5057 κατα-

2108 4645 2245 4716 equi
2280 4643 2579 4716 defatigati
2622 4643 2812 4714 praelii
2874 4648 3139 4715 tempore
3196 4645 3569 4700 remissiores
3600 4645 3765 4702 inve-

2108 4733 2375 4799 niuntur,
2434 4733 2836 4803 festinantque
2894 4739 3183 4804 praeterea
3229 4750 3297 4789 ac
3327 4733 3670 4790 desiderant
3698 4736 3761 4791 in

2110 4840 2250 4879 suos
2306 4825 2457 4879 ﬁnes
2536 4823 2728 4894 primo
2812 4840 3051 4896 quoque
3106 4830 3373 4897 tempore
3430 4828 3759 4897 pervenire.

2111 4914 2523 4987 Deinde,quod
2555 4920 2732 4987 caput
2760 4920 2868 4981 est,
2918 4916 3310 4988 productione
3342 4919 3628 4989 temporis
3658 4936 3761 4974 co-

2111 5004 2225 5077 pias
2257 5007 2683 5073 Romanorum,
2742 5021 2854 5061 nec
2908 5005 3102 5063 solum
3169 5023 3300 5079 quas
3348 5024 3531 5080 prOpe
3560 5008 3761 5065 fauces

1533 5128 1597 5184 C.
1651 5129 1714 5184 Β.
1764 5128 1955 5185 HASII
2003 5129 2566 5187 ANNOTATIONES.

416 5276 466 5312 ²⁴
497 5272 645 5349 ὁδόν.
679 5276 814 5349 Haec
836 5276 1051 5349 opinor
1080 5280 1241 5332 recte
1268 5275 1332 5349 in
1362 5275 1763 5349 locum‘suum
1792 5275 2141 5349 collocasse.
2163 5277 2229 5332 In
2248 5275 2420 5332 codd.
2439 5275 2617 5332 verba
2646 5282 2786 5333 sunt
2806 5278 2902 5334 hic
2926 5278 3076 5336 mire
3095 5279 3350 5349 turbata.

341 5348 475 5421 lum
497 5346 809 5421 Ῥωμαίους
858 5342 1146 5421 supplevi.
1263 5347 1312 5383 ²⁶
1374 5343 1484 5420 δὶς]
1551 5342 1636 5401 διὸ
1703 5346 1836 5404 cod.

345 5414 662 5475 κατάκοπον
692 5414 838 5475 ὅντά.

418 5549 495 5619 (1)
524 5548 607 5604 De
636 5547 751 5605 hoc
780 5546 986 5619 prmlio
1019 5545 1231 5619 Leonis
1261 5545 1473 5601 Phocea
1503 5549 1709 5601 contra
1746 5545 1996 5601 Chamb-

349 5619 574 5677 danum
604 5620 736 5675 vide
768 5618 1023 5675 Leonem
1051 5618 1377 5675 Diaconum
1400 5634 1577 5690 supra
1613 5620 1689 5671 l3.
1726 5619 1791 5674 Α.
1814 5623 1872 5673 et
1890 5635 1996 5673 no-

347 5697 440 5750 tas
471 5708 638 5748 meas
670 5694 791 5747 199.
822 5692 885 5747 1).
1916 5736 1926 5748 ,

425 5764 497 5835 (8)
526 5764 764 5836 Conjeci
798 5765 858 5818 in
890 5764 1175 5836 margine,
1209 5763 1505 5818 κατάκοποι
1544 5757 1715 5823 ὄντες.
1752 5763 1840 5818 Sic
1874 5765 1993 5818 132.

637 5881 907 5947 Panos.
952 5883 1065 5946 Gn.
1110 5881 1317 5948 CXVI.

3429 5281 3476 5317 ³³
3504 5282 3765 5340 Vocabu-

1949 5347 1996 5383 ²⁷
2060 5350 2516 5411 κατακοπιῶντες.
2570 5350 2725 5406 Fort.
2775 5351 3077 5406 κατάκοποι
3120 5346 3296 5414 ὄντες.
3345 5354 3505 5411 Infra
3532 5356 3655 5412 132.
3688 5357 3758 5410 Α.

2106 5550 2170 5603 Α.
2215 5546 2307 5601 τὸν
2361 5544 2492 5600 λαὸν
2543 5545 2712 5601 αὐτοῦ
2755 5543 3063 5605 κατάκοπον
3115 5545 3259 5605 ὄντα·
3313 5557 3370 5607 et
3419 5548 3762 5615 κατακόπους

2110 5619 2229 5674 MO.
2266 5619 2608 5695 B,_pe_voc_e
2638 5617 2969 5695 κατάκοπος,
3002 5623 3073 5680 ab
3125 5623 3261 5680 aliis
3309 5639 3545 5695 quoque
3584 5639 3761 5679 usur-

2106 5696 2263 5762 pata,
2292 5688 2422 5744 vide
2455 5690 2936 5763 Lexicographos.

3358 5880 3437 5937 30
