4078 6204
320 339 439 412 939

1627 331 2059 392 NICEPHORI
2104 331 2407 393 PHOGE.

3615 330 3734 392 διο

318 471 634 550 agunt,sed
657 470 837 527 etiam
859 484 992 541 quae
1013 465 1250 539 longius
1269 464 1424 520 193
1448 463 1808 532 absunt,cito
1825 479 1964 518 con-

2081 460 2349 536 λήψεσθαι
2397 462 2608 538 χώραν.
2641 461 2864 526 Ἀλλως
2892 483 2952 518 τε
2980 461 3040 519 δὲ
3065 463 3156 519 καὶ
3186 463 3254 519 τὰ
3309 466 3419 519 τῶν
3449 461 3737 535 Ῥωμαίων

317 569 677 638 gregantur:
730 573 1098 626 numeroque
1167 559 1457 626 quantum
1506 558 1740 624 oportet
1785 557 1972 608 aucta)

315 661 477 710 recte
509 650 722 706 instrui
749 666 816 703 ac
845 647 1038 719 parari
1071 645 1146 701 ad
1178 645 1401 699 bellum
1431 647 1704 715 possunt.
1731 645 1802 696 Et
1834 647 1973 696 tunc

316 743 533 815 potius,
554 735 1056 810 quemadmodum
1087 734 1311 788 dictum
1345 739 1453 801 est,
1477 732 1568 787 vel
1599 731 1858 786 interdiu
1881 743 1972 798 vel

315 837 486 885 nocte
517 827 905 882 commissum
965 840 1097 878 cum
1157 823 1277 878 illis
1331 821 1604 894 prmlium
1636 820 1971 875 indubitata

314 917 556 973 victoria
587 919 1008 985 consequetur.
1043 911 1441 977 Quamobrem
1473 911 1592 966 dux
1621 909 1693 966 ab
1726 909 1847 964 illis
1877 926 1972 964 re--

314 1006 634 1064 deuntibus
664 1004 959 1060 facessere
982 1019 1289 1073 nunquam
1317 1001 1510 1058 debet.
1535 1003 1771 1070 Contra,
1794 1001 1973 1055 hosti-

314 1098 426 1154 bus
457 1093 929 1167 irrumpentibus
984 1108 1296 1148 occurrere
1355 1091 1418 1146 in
1473 1091 1763 1164 angustiis
1791 1091 1967 1156 velle,

315 1205 531 1243 manus
563 1183 950 1241 conserendae
1007 1199 1206 1248 causa,
1264 1182 1464 1236 minus
1521 1181 1878 1236 conveniens
1908 1180 1970 1235 id

317 1277 559 1347 quidem
609 1281 720 1339 est,
779 1279 958 1344 atque
1012 1272 1242 1328 eveniet
1293 1271 1563 1339 fortasse,
1615 1275 1681 1323 ut
1709 1273 1866 1324 totus
1895 1268 1970 1324 ad

313 1366 552 1420 irritum
574 1363 746 1420 cadat
773 1362 974 1417 labor:
1007 1360 1166 1432 quod
1195 1375 1318 1414 non
1348 1365 1468 1414 tam
1495 1359 1610 1414 cito
1641 1375 1969 1430 paucorum

319 1457 554 1512 dierum
614 1457 803 1528 spatio
865 1455 991 1526 cogi
1061 1455 1342 1525 justeque
1395 1451 1612 1506 instrui
1669 1451 1968 1523 peditatus

315 1551 528 1617 potest.
559 1544 823 1612 Accedit,
854 1542 1012 1614 quod
1043 1541 1285 1596 maximi
1312 1541 1600 1596 momenti
1633 1546 1740 1606 est,
1768 1541 1968 1596 hostes

314 1639 476 1702 tunc,
509 1639 576 1688 ut
604 1633 868 1704 integros
898 1631 1155 1686 necdum
1185 1629 1367 1684 armis
1398 1628 1736 1697 destitutos,
1760 1628 1970 1684 difﬁci-

2076 551 2452 626 στρατεύματα
2509 550 2562 606 ἐν
2640 556 2710 626 τῇ
2776 556 2884 606 τῶν
2938 555 3163 627 ἡμερῶν
3241 554 3540 630 παρατάσει
3573 554 3618 589 ³⁸
3673 551 3738 606 ού

2079 641 2244 712 μόνον
2275 639 2343 694 τὰ
2371 639 2604 710 πλησίον
2643 645 2751 694 τῶν
2783 640 3120 712 κλεισουρῶν
3177 643 3377 718 τάχιον
3434 641 3734 716 ἐπισωρεύ-

2077 749 2249 797 ονται,
2285 726 2429 784 ἀλλᾶ
2456 729 2547 783 καὶ
2576 731 2642 783 τά
2673 728 2864 806 πόῥρω
2920 733 3281 806 τυγχάνοντα’
3319 730 3410 786 καὶ
3454 731 3530 793 εἰς
3579 731 3735 800 πλῆ-

2077 828 2168 880 θος
2197 816 2623 872 ἐπισυνίστανται
2653 819 2857 888 ἱκανὸν,
2896 819 2987 874 καὶ
3043 819 3228 882 καλῶς
3287 821 3422 895 πρὸς
3475 819 3729 894 πόλεμον

2075 906 2418 980 ἐξαρτύονται
2451 908 2539 962 καὶ
2591 907 3107 982 παρασκευάζονται.
3168 909 3270 966 Καὶ
3327 910 3451 966 τότε
3484 908 3726 984 μᾶλλον,

2071 996 2311 1072 καθάπερ
2360 995 2700 1074 προέφημεν,
2759 998 2845 1053 καὶ
2907 995 2960 1052 ἐν
3019 997 3198 1074 ἡμίρᾳ
3250 997 3341 1054 καὶ
3399 997 3452 1054 ἐν
3509 998 3726 1054 νυκτὶὸ

2072 1086 2190 1140 κατ’
2217 1085 2392 1140 αὑτῶν
2424 1085 2672 1160 πόλεμος
2722 1083 3040 1142 ἀδίστακτον
3102 1086 3223 1164 ἔχει
3289 1089 3389 1158 τὴν
3417 1091 3594 1159 νίκην.
3629 1089 3726 1143 Διὸ

2073 1174 2186 1250 χρὴ
2217 1176 2310 1229 τὸν
2345 1175 2641 1250 στρατηγὸν
2679 1173 2910 1248 μηδέπω
2967 1175 3018 1232 ἐν
3076 1181 3147 1243 τῆ
3209 1177 3526 1255 ὑποστροφῇ
3556 1199 3725 1232 κατα-

2073 1273 2385 1347 λιμπάνειν.
2445 1274 2524 1330 Τὸ
2605 1271 2661 1329 δὲ
2720 1273 2770 1330 ἐν
2834 1279 2902 1350 τῇ
2952 1274 3213 1348 ἐξελεύσει
3269 1280 3378 1331 τῶν
3433 1276 3722 1350 πολεμίων

2071 1361 2564 1436 παρασκευάζεσθαι
2598 1368 2977 1438 προσυπαντᾷν
3037 1363 3232 1424 αὐτοὺς
3279 1366 3420 1441 πρὸς
3475 1363 3723 1439 πόλεμον

2074 1449 2125 1506 ἐν
2155 1455 2272 1512 τοῖς
2327 1451 2686 1525 στενώμασιν,
2746 1449 3248 1529 ἀνεπιτῆδειότερον
3309 1454 3406 1527 μὶν
3466 1451 3601 1524 ἔστι,
3631 1454 3726 1508 καὶ

2073 1542 2149 1605 εἷς
2185 1544 2358 1617 μάτην
2385 1543 2518 1608 ἴσως
2548 1545 2641 1600 τὸν
2676 1545 2846 1601 κόπον
2905 1541 3102 1616 συνέϐη
3157 1545 3454 1623 γίγνεσθαι·
3517 1543 3606 1602 διὰ
3662 1547 3727 1601 τὸ

2075 1633 2152 1704 μή
2212 1631 2384 1695 οὕτως
2445 1633 2728 1708 συντόμως
2788 1631 2860 1689 δι’
2917 1633 3120 1710 ὀλίγων
3181 1637 3404 1711 ἡμερῶν
3466 1632 3724 1690 δύνασθαι

313 1723 434 1778 lius
474 1722 828 1795 impugnari.
863 1723 945 1774 Ex
975 1719 1164 1775 altera
1219 1724 1418 1774 autem
1448 1723 1614 1790 parte
1645 1718 1966 1774 utilitatem

2077 1721 2135 1775 τὸ
2190 1722 2410 1790 πεζικὸν
2470 1725 2916 1800 συναθροισθῆναι
2980 1723 3284 1800 στράτευμα
3316 1769 3332 1795 ,
3388 1724 3479 1779 καὶ
3536 1723 3723 1786 καλῶς

314 1811 921 1881 commoditatemque
950 1808 1130 1864 habet
1154 1808 1341 1874 illam,
1369 1812 1435 1862 ut
1465 1806 1658 1861 timidi
1693 1807 1859 1876 ﬁant,
1891 1808 1962 1877 si,

2077 1811 2602 1882 παρασκευασθῆναι.
2659 1810 2887 1876 ’Ἄλλως
2943 1833 3002 1868 τε
3060 1811 3118 1868 δὶ
3173 1814 3262 1868 καὶ
3322 1814 3376 1867 οἱ
3432 1810 3721 1886 πολέμιοι,

311 1901 788 1972 quotiescunque
839 1913 1151 1968 erumpere
1202 1896 1402 1966 velint,
1455 1896 1741 1965 angustiaa
1782 1897 1964 1951 armis

2077 1897 2311 1971 ἀκμῆτες
2369 1895 2520 1962 ὄντες
2572 1900 2662 1956 καὶ
2710 1901 3112 1975 ἀπαρόπλιστοι
3162 1907 3258 1977 (9),
3319 1899 3722 1978 δυσκαταγώνι-

310 1993 648 2056 teneantur,
673 1993 855 2058 utque
885 1986 1046 2040 brevi
1081 1985 1394 2040 continuas
1417 1983 1478 2039 in
1501 1984 1835 2056 provincias
1857 1987 1965 2041 Ro-

2077 2008 2190 2042 στοι
2222 1985 2452 2046 ἔσονται.
2489 1991 2630 2045 Κατὰ
2675 1994 2839 2046 τοῦτο
2900 1990 2956 2046 δὲ
3011 1991 3075 2047 τὸ
3116 1989 3398 2070 ὠφέλιμον
3456 1989 3572 2066 ἔχει
3629 1992 3717 2046 καὶ

310 2095 521 2136 manas
551 2077 924 2133 incursiones
957 2074 1377 2130 intermittant.

2077 2077 2378 2150 χρήσιμον,
2425 2079 2560 2133 καθὸ
2614 2073 2890 2155 ἐμφόϐους
2951 2077 3146 2141 αὐτοὺς
3202 2078 3500 2156 γίγνεσθαι,
3535 2079 3719 2141 ὁσάκις

310 2164 371 2222 ἂν
435 2162 782 2242 βουληθῶσιν
847 2161 1106 2234 ἐξελθεῖν,
1171 2165 1240 2236 τῇ
1307 2163 1628 2238 κατασχέσει
1691 2165 1802 2216 τῶν
1871 2165 2254 2238 στενωμάτων,
2294 2167 2385 2222 καὶ
2447 2169 2550 2238 τὴν
2623 2169 2739 2242 μετ’
2792 2167 2980 2244 ὀλίγου
3011 2166 3258 2224 ἐκκοπεῖν
3289 2168 3554 2224 κατᾶτῶν
3585 2170 3719 2227 Ῥω-

314 2259 524 2330 μαϊκῶν
557 2255 804 2328 θεμάτων
838 2259 1041 2328 συνεχῆ
1077 2251 1370 2322 ἐξὲλευσιν.

315 2389 444 2441 CAP.
476 2385 538 2440 V.
591 2383 669 2438 De
707 2379 1195 2453 prwoccupatione
1240 2395 1514 2450 aquarum
1562 2380 1622 2435 in
1670 2379 1961 2450 angustiis.

335 2567 342 2573 ’
382 2578 605 2644 Quibus
630 2583 827 2632 autem
859 2576 1008 2632 locis
1029 2575 1437 2648 angustiarum
1467 2580 1527 2631 et
1552 2575 1815 2631 faucium
1846 2576 1964 2631 dux

310 2667 537 2723 bellum
568 2667 830 2734 instruit,
862 2666 911 2720 si
943 2666 1018 2721 iis
1049 2667 1110 2721 in
1135 2666 1282 2720 locis
1309 2667 1440 2720 fons
1471 2671 1562 2720 est
1590 2681 1810 2736 aquam
1829 2682 1962 2720 eru-

313 2762 502 2821 ctans,
536 2771 672 2810 eum
703 2755 774 2810 ab
807 2755 1068 2810 exercitu
1101 2753 1513 2826 occupandum
1555 2758 1745 2822 curet,
1777 2760 1843 2808 ut
1871 2754 1962 2808 sui

311 2847 452 2902 inde
491 2846 712 2900 milites
742 2845 948 2916 aquari
1006 2845 1256 2916 possint.
1315 2846 1373 2899 Si
1431 2845 1691 2900 tenuiter
1736 2850 1959 2912 manat,

314 2951 556 3007 operam
576 2934 676 2990 det
693 2951 769 2989 ne
792 2933 1086 2999 turbetur,
1108 2931 1266 2988 unde
1283 2933 1742 2988 incommoditas
1763 2949 1962 2988 neces-

314 3025 575 3096 sitasque
602 3023 759 3078 haud
807 3039 987 3095 parva
1033 3022 1315 3078 exercitui
1347 3021 1624 3077 obvenire
1655 3027 1868 3094 potest.
1903 3022 1961 3077 Si

2072 2382 2240 2442 ΚΕΦ.
2297 2385 2373 2441 ΕΓ.
2433 2384 2567 2460 Περὶ
2602 2385 3116 2477 *προκατμσχὲσεωις
3182 2381 3392 2440 ὑδάτων
3427 2425 3446 2458 ,
3500 2388 3610 2440 τῶν
3667 2382 3722 2440 ἐν

2535 2462 2651 2520 τοῖς
2669 2457 2855 2513 στενώ
2863 2457 3020 2530 μασιν
3062 2457 3254 2512 ὄντων.

2144 2567 2229 2622 Ἐν
2263 2566 2344 2630 οἷς
2374 2565 2432 2624 δὲ
2485 2568 2683 2632 τόποις
2731 2575 2840 2626 τῶν
2898 2569 3257 2644 στενωμάτων
3309 2571 3402 2625 καὶ
3459 2569 3716 2626 κλεισουο

2073 2659 2182 2729 ρῶν
2239 2658 2376 2732 πρὸς
2433 2658 2681 2733 πόλεμον
2761 2661 2790 2715 ὁ
2848 2660 3152 2735 στρατηγὸς
3235 2662 3720 2734 παρασκευάζεται,

2071 2743 2220 2820 εἴπερ
2256 2745 2307 2800 ἐν
2337 2746 2553 2809 τούτοις
2581 2750 2734 2824 πηγή
2767 2747 2908 2803 ἐστιν
2960 2747 3107 2825 ὕδωρ
3171 2749 3427 2826 βρύουσα,
3491 2750 3592 2804 ὑπό
3625 2753 3722 2804 τοῦ

2074 2832 2216 2890 ἰδίου
2239 2834 2375 2892 λαοῦ
2414 2835 2616 2909 ταύτην
2677 2835 2953 2905 σπουδάση
3009 2847 3432 2915 κατασχεθῆναι,
3491 2839 3632 2896 ὥστε
3659 2840 3722 2895 τὸ

2071 2924 2270 2980 ἐκεῖθεν
2304 2924 2450 3002 ὕδωρ
2476 2928 2572 2983 τὸν
2603 2926 2734 2983 λαὸν
2766 2927 3122 3004 ἀπαρύεσθαι.
3183 2928 3246 2986 El
3303 2926 3362 2984 δὲ
3415 2928 3562 3004 τύχῃ
3591 2928 3718 2985 ὀλι-

2067 3016 2260 3091 γοστὸν
2293 3018 2453 3087 εἶναι,
2498 3014 2776 3084 σπουδαση
2839 3019 2914 3091 μή
2976 3015 3364 3082 ἐπιθολοῦσθαι
3411 3023 3596 3090 τοῦτο,
3629 3021 3723 3074 καὶ

311 3130 435 3169 non
493 3112 696 3169 subest
750 3112 884 3166 fons
940 3111 1292 3182 propinquis
1349 3110 1515 3178 locis,
1564 3111 1725 3166 unde
1755 3117 1960 3182 potum

2077 3103 2151 3166 ὠς
2184 3105 2261 3178 μὴ
2294 3103 2354 3159 οὗ
2390 3105 2559 3180 μικρὰ
2589 3105 2648 3160 ὲκ
2673 3110 2870 3162 τοῦτου
2903 3106 3052 3178 Αύπη
3083 3109 3174 3163 τὸν
3210 3105 3340 3163 λαὸν
3395 3107 3484 3162 καὶ
3516 3107 3724 3182 ἀνάγκη

309 3202 940 3276 refrigerationemque
993 3201 1148 3255 194
1197 3199 1416 3254 milites
1464 3199 1722 3272 capiant,
1765 3201 1965 3255 aestivo

311 3293 644 3365 praesertim
676 3298 968 3363 tempore,
1017 3291 1232 3362 jubeat
1281 3290 1343 3345 in
1405 3289 1672 3361 qualibet
1701 3291 1972 3346 centuria

311 3388 474 3438 utres
497 3397 627 3438 esse
645 3379 1097 3452 decem,quibus
1113 3384 1381 3452 portetur
1401 3385 1970 3452 aqua,temporeque

311 3487 524 3543 pugnae
551 3472 624 3526 iis
647 3471 750 3541 qui
771 3470 834 3525 in
860 3471 986 3525 acie
1008 3474 1338 3534 versantur,
1361 3474 1537 3541 potus
1559 3469 1970 3540 refrigeriique

311 3577 492 3616 causa
516 3559 927 3615 distribuatur.
957 3561 1174 3614 Verum
1195 3557 1268 3613 de
1298 3559 1392 3625 iis,
1427 3574 1557 3630 quae
1589 3559 1650 3613 in
1681 3559 1970 3631 angustiis

314 3650 594 3705 constitui
626 3647 950 3702 dimicandi
981 3663 1161 3702 causa
1211 3646 1452 3712 debent,
1487 3647 1614 3702 huic
1645 3647 1968 3705 sufﬁciant.

315 3736 536 3801 Quodsi
568 3737 746 3790 etiam
777 3739 959 3789 noctu
1016 3735 1078 3787 in
1137 3733 1431 3805 ejusmodi
1489 3734 1636 3789 locis
1667 3735 1969 3806 impeditis

316 3837 563 3879 manum
585 3836 898 3876 conserere
921 3825 1286 3890 oporteat,ea
1307 3820 1436 3890 ipsa
1456 3819 1628 3875 utilia
1647 3821 1968 3876 admodum

319 3927 450 3965 esse
507 3913 808 3980 poterunt.
862 3909 1075 3962 Verum
1133 3907 1204 3962 de
1257 3907 1643 3962 dimicatione
1678 3915 1972 3966 nocturna

313 4015 608 4070 exponam
643 3998 759 4053 alio
793 3997 1004 4068 capite.
1033 3998 1196 4051 Nunc
1229 4012 1347 4067 qua
1375 3997 1605 4052 ratione
1637 3999 1968 4054 consectari

311 4091 512 4146 hostes
543 4090 779 4156 debeas,
813 4089 1010 4144 dicere
1037 4087 1238 4143 ordiar
1265 4103 1278 4142 :
1311 4104 1443 4159 qua:
1475 4089 1624 4144 ratio
1655 4093 1722 4143 ut
1744 4091 1967 4161 peruti-

305 4180 382 4236 lis
414 4196 482 4236 ac
512 4179 850 4236 necessaria
879 4183 988 4245 est,
1016 4178 1098 4232 ita
1129 4176 1330 4244 efﬁcit,
1389 4181 1457 4232 ut
1509 4178 1754 4249 parvula
1798 4180 1966 4234 infir-

305 4283 523 4340 maque
545 4267 778 4339 objecta
796 4281 979 4321 manu
993 4265 1202 4338 ingens
1223 4264 1486 4320 hostium
1504 4265 1822 4322 multitudo
1845 4284 1967 4323 non

305 4359 482 4415 modo
513 4355 666 4412 nihil
716 4354 1008 4427 proﬁciat,
1067 4354 1172 4410 sed
1230 4355 1410 4410 etiam
1444 4354 1811 4428 plerumque
1863 4356 1965 4412 Dei

305 4446 555 4503 numine
586 4445 873 4502 fundatur
899 4443 1275 4516 fugeturque.

307 4646 438 4700 CAP.
473 4645 563 4698 VI.
596 4645 674 4700 De
701 4640 1061 4699 consectando
1091 4642 1330 4712 equestri
1357 4642 1596 4712 agmine,
1630 4642 1778 4711 quod
1801 4658 1959 4766 pras-

381 4716 573 4766 datum
615 4717 885 4766 incurrat.
936 4720 988 4766 et
1037 4729 1146 4766 auo
1192 4720 1354 4766 nacta
1399 4728 1689 4766 numerum
1716 4715 1796 4766 mi
1820 4716 1959 4766 itum

381 4716 573 4798 datum
599 4717 885 4799 incurrat,
936 4720 988 4769 et
1037 4729 1146 4785 quo
1189 4720 1354 4784 pacto
1399 4728 1689 4768 numerum
1716 4715 1960 4768 militum

381 4801 500 4855 ejus
528 4803 673 4840 imre
695 4802 892 4856 passu.

380 4901 743 4958 Prmdatoria
789 4902 1027 4976 agmina
1073 4902 1354 4971 hostium,
1417 4919 1549 4974 quas
1605 4917 1964 4958 monocursa

305 4995 591 5047 vocantur
621 4997 680 5047 et
708 4992 931 5064 absque
964 4991 1233 5064 peditatu
1277 5007 1307 5047 e
1358 4993 1480 5048 suis
1512 4992 1732 5049 ﬁnibus
1763 5007 1964 5048 erum-

2077 3188 2528 3266 ἐπισυμϐήσεται.
2561 3197 2754 3270 Πηγῆς
2809 3193 2868 3250 δὲ
2914 3194 3134 3273 ἔγγιστα
3193 3197 3268 3269 μή
3331 3193 3518 3266 οὔσης,
3576 3197 3628 3268 ἐξ
3658 3199 3730 3267 ἦς

2071 3285 2171 3353 τὴν
2222 3283 2380 3338 πόσιν
2437 3283 2530 3339 καὶ
2576 3285 2863 3362 ἀναψυχήν
2891 3290 2978 3360 [Ρ.
3010 3291 3135 3360 125]
3166 3288 3194 3342 ὁ
3225 3284 3358 3350 λαὸς
3411 3285 3728 3366 ἐφευρίσκῃ,

2071 3372 2161 3427 καὶ
2197 3371 2434 3446 μάλιστα
2485 3374 2536 3429 ἐν
2589 3379 2765 3448 καιρῷ
2820 3375 3030 3450 θέρους,
3085 3375 3287 3439 ἀσκοὺς
3341 3373 3636 3451 διορισάτω
3662 3376 3724 3431 ἐν

2073 3460 2268 3534 ἑκάστῃ
2321 3461 2715 3538 ἑκατονταρχία
2772 3459 2898 3518 δέκα
2955 3462 3324 3538 ἐπιφέρεσθαι,
3374 3464 3464 3520 καὶ
3516 3461 3725 3519 διἀὑ-

2069 3554 2177 3606 τῶν
2204 3551 2266 3605 τὸ
2307 3547 2451 3624 ὕδωρ
2509 3550 2941 3625 ἐπικομίζεσθαι,
2998 3553 3086 3608 καὶ
3123 3552 3174 3608 ἐν
3205 3552 3322 3626 ὥρᾳ
3369 3560 3472 3624 τῆς
3533 3554 3723 3628 μάχης

2074 3639 2150 3703 εἷς
2179 3639 2336 3694 πόσιν
2367 3640 2460 3695 καὶ
2492 3642 2778 3716 ἀναψυχήν
2801 3647 2917 3704 τοῖς
2948 3640 3002 3697 ἐν
3032 3647 3112 3715 τῷ
3155 3642 3388 3716 πολέμῳ
3443 3641 3718 3718 ἀγωνιζο-

2075 3729 2258 3802 μένοις
2293 3728 2765 3805 ἐπιχορηγεῖσθαι.
2810 3729 2990 3789 ’Δλλᾶ
3012 3733 3136 3808 περὶ
3193 3735 3287 3805 μὶν
3343 3735 3452 3788 τῶν
3497 3731 3550 3786 ἐν
3595 3738 3718 3794 τοῖς

2073 3817 2380 3891 στενώμασι
2437 3817 2750 3892 μελλόντων
2836 3821 2970 3894 πρὸς
3025 3821 3274 3894 πόλεμον
3351 3819 3720 3896 ἐξαρτύεσθαι,

2073 3905 2271 3970 ἱκανῶς
2301 3907 2558 3983 εἰρήσθω.
2604 3908 2674 3966 Εἰ
2735 3907 2792 3964 δὲ
2846 3910 2936 3964 καὶ
2986 3909 3396 3983 νυκτοπόλεμον
3456 3907 3720 3980 δεήσειέν

2069 4001 2191 4058 ταῖς
2214 3996 2494 4060 τοιαύταις
2548 3994 2884 4074 δυσχωρίαις
2917 3999 3182 4074 γενέσθαι,
3240 4000 3328 4054 καὶ
3385 4003 3547 4054 τοῦτο
3577 3999 3718 4055 πάνυ

2071 4085 2372 4162 ὠφέλιμον.
2406 4083 2583 4143 Ἀλλὰ
2619 4086 2744 4161 περὶ
2778 4088 2871 4160 μὲν
2903 4087 3112 4144 τούτων
3145 4087 3197 4142 ἐν
3251 4087 3408 4162 ὲτὲρᾳ
3465 4085 3718 4163 διηγήσει

2072 4173 2333 4247 δηλώσω.
2365 4181 2471 4246 Τῆς
2501 4172 2558 4230 δὲ
2587 4173 2949 4252 παραδρομῆς
2986 4179 3218 4252 ἄρξομαι
3249 4177 3350 4246 τήν
3408 4177 3716 4252 εἰσήγησιν*

2068 4266 2193 4336 ἥτις
2222 4264 2516 4340 ἐπωφελὴς
2571 4267 2662 4322 καὶ
2711 4267 2971 4343 ἀναγκαία
3013 4269 3380 4345 τυγχάνουσα,
3423 4266 3492 4322 δι’
3522 4267 3718 4342 ὀλίγου

2067 4355 2160 4409 καὶ
2190 4354 2560 4428 εὐαριθμήτου
2592 4351 2729 4409 λαοῦ
2785 4353 2973 4410 πολλὰ
3023 4359 3133 4411 τῶν
3181 4355 3470 4428 πολεμίων
3519 4352 3712 4425 πλήθη

2072 4441 2364 4512 ἀπρακτεῖν
2447 4440 2864 4514 παρασκευάζει,
2944 4446 3078 4498 Θεοῦ
3157 4439 3217 4498 δὲ
3279 4442 3449 4498 νεύσει
3509 4443 3584 4505 ὡς
3649 4443 3721 4497 τὰ

2071 4527 2258 4585 πολλᾶ
2283 4529 2375 4585 καὶ
2399 4530 2844 4607 καταγωνίζεται.

2141 4652 2288 4725 ΚῐσξΦ
2321 4693 2336 4706 .
2414 4648 2474 4716 ζ’.
2536 4647 2662 4725 ῐῖίερὶ
2721 4645 3094 4725 παραδρομῆς*
3139 4653 3248 4704 τῶν
3310 4647 3714 4725 μονοκούρσων.

2139 4719 2230 4776 καὶ
2269 4723 2588 4796 στοχασμοῦ
2612 4717 2717 4789 τῆς
2743 4717 2840 4776 τοῦ
2867 4717 3004 4776 λαοῧ
3035 4717 3213 4778 αὐτῶν
3241 4717 3567 4793 ποσότητοςξ

2139 4917 2216 4971 Τὰ
2269 4915 2991 4993 τῶνλπολεμίωνῄκοῦρσα
3070 4915 3484 4993 τίςῃλεγόμενα
3545 4917 3712 4993 μονό·

2070 5007 2274 5064 κουρσα
2303 4991 2418 5062 (10)
2449 4989 2555 5044 ἀπὸ
2579 4985 2685 5059 ⁷τῆς
2719 4985 2859 5052 ἰδίας
2888 4985 3101 5064 χώρας
3157 4985 3508 5065 ἐξερχόμενα,
3540 4985 3717 5058 πεζῶν

1517 5145 1579 5202 C.
1621 5147 1684 5200 Β.
1727 5146 1917 5202 HASII
1945 5145 2505 5202 ANNOTATIONES.

379 5259 430 5296 ³⁸
455 5259 789 5329 παραστάσει
820 5261 951 5316 cod.

379 5387 454 5456 (9)
487 5385 850 5457 vocabulum
909 5385 1178 5441 nondum
1235 5387 1538 5457 receptum
1573 5385 1634 5439 in
1667 5385 1897 5457 Lexica.
1930 5403 1964 5443 a

307 5456 660 5532 παροπλίζω,
709 5473 955 5532 exarmo,
1016 5457 1174 5529 quod
1232 5456 1440 5512 notum
1499 5461 1606 5512 est.
1642 5456 1784 5512 Vide
1807 5459 1963 5515 infra

307 5531 366 5584 C.
389 5528 840 5657 ’παριπποῗάτοᾳ

379 5605 491 5657 «1οὶ
521 5608 631 5657 Μον
671 5621 839 5657 κουοσ

379 5626 391 5669 ι
412 5598 491 5670 l0)
521 5598 898 5675 Μονόκουρσα,
922 5604 1168 5675 utpatet
1189 5618 1259 5675 ex
1285 5599 1436 5675 serie
1460 5598 1768 5675 orationis,
1798 5605 1958 5675 sunt,

307 5676 545 5744 quando
577 5672 837 5732 hostium
870 5673 1100 5744 equites
1132 5673 1266 5740 soli,
1297 5672 1521 5743 absque
1554 5672 1840 5743 peditatu,
1865 5674 1955 5728 in-

2075 5387 2414 5461 cursionem
2443 5386 2686 5461 faciunt.
2725 5387 2826 5461 Est
2857 5386 3014 5461 enim
3045 5389 3300 5461 κοῦρσος,
3335 5404 3438 5461 seu
3483 5390 3716 5459 κοῦρσον

2072 5459 2384 5531 impressio
2415 5457 2724 5531 subitaria.
2747 5457 2912 5523 Quod
2944 5475 3063 5531 non
3097 5457 3391 5531 intellexit
3421 5457 3719 5531 interpres

2068 5527 2374 5603 Achmetis
2405 5530 2672 5603 Qnirocr.
2705 5532 2829 5584 261.
2870 5533 2937 5586 Α.
2997 5527 3272 5586 ἐλεύσεται
3327 5530 3525 5603 ἐχθρὸς
3556 5527 3715 5602 δίκην

2068 5600 2321 5674 κούρτου,
2349 5600 2600 5657 ridicule
2640 5606 2894 5668 vertens,
2927 5603 3102 5660 instar
3157 5600 3483 5660 animabili
3511 5600 3718 5662 vitibus

2069 5676 2279 5744 infesti,
2309 5674 2460 5747 quod
2478 5691 2696 5730 cereum
2723 5679 2942 5729 vocunt.
