4078 6204
342 376 462 437 941
549 418 559 427 ο

1644 371 2072 433 VELITATIO
2114 371 2467 433 BELLICA.

3648 381 3765 441 943

345 507 491 579 ἄνευ,
550 502 672 571 ἔθος
729 506 912 567 αὐτοῖς
977 501 1189 579 σπουδῇ
1265 505 1367 573 τὴν
1424 503 1645 578 πορείαν
1704 504 1996 574 ποιεῖσθαι,

2110 509 2280 574 punt,
2313 505 2526 559 itinere
2554 504 2865 561 confestim
2900 504 3075 573 facto,
3108 524 3407 580 nusquam
3458 512 3770 568 considere

345 602 437 656 xui
472 597 734 673 μηδαμοῦ
791 595 1204 667 ἀπληκεύοντας
1260 596 1361 664 τήν
1416 594 1553 665 ὃλην
1613 597 1779 650 νύκτα
1828 591 2009 649 διαϐι-

344 676 550 759 ϐάζειν
582 686 730 743 ἀλλά
784 685 921 760 πρὸς
987 684 1183 759 μικρὸν
1229 682 1358 746 τοὺς
1402 681 1609 746 *ίππους
1639 683 2005 753 διαναπαύειν,

349 778 486 855 πρός
541 779 604 833 τὸ
658 776 755 839 τὰς
812 775 981 850 ταγάς
1038 774 1128 829 καὶ
1193 775 1359 846 μόνον
1408 774 1628 836 τούτοις
1684 771 2005 829 ἀποδοῦναι.

344 869 437 930 Ὠς
468 866 660 922 ἐπίπαν
717 866 821 940 γὰρ
877 865 946 919 τά
1004 864 1351 939 μονόκουρσα
1407 865 1521 936 μετ’
1582 863 1876 937 ὀλιγοστοῦ
1915 861 2005 916 καὶ

348 955 605 1011 ἐκλεκτοῦ
664 954 801 1010 λαοῦ
858 956 956 1023 τὴν
1016 952 1281 1025 ἐξὲλευσιν
1336 957 1643 1009 ποιοῦνται.
1701 950 2005 1006 Σπεύδουσι

345 1044 403 1100 δὲ
429 1047 664 1120 τάχιστα
694 1038 1047 1109 καταλαϐεῖν,
1108 1042 1162 1097 ἐν
1225 1044 1308 1103 οἷς
1363 1042 1596 1117 χωρίοις
1639 1048 1739 1110 την
1774 1039 2003 1095 ἐπίθεσιν

343 1134 436 1189 καὶ
467 1131 747 1209 ἐκδρομὴν
804 1127 1198 1187 ἐϐουλεύσαντο
1250 1137 1501 1200 ποιῆσαι.
1550 1132 1665 1185 Τοῖ’)
1713 1130 1802 1183 οὗν
1848 1148 2009 1203 στρα-

341 1229 517 1299 τηγοῦ
550 1225 698 1297 παρά
737 1244 798 1278 τε
837 1226 943 1277 τῶν
991 1215 1424 1295 καμινοϐιγλίων
1470 1220 1558 1274 καὶ
1587 1224 1694 1274 τῶν
1744 1218 2006 1295 βιγλατό-

346 1334 454 1388 ρων
506 1313 605 1381 τήν
663 1313 872 1367 τούτων
931 1310 1198 1381 ἐξέλευσιν
1253 1309 1743 1382 ἀναμανθάνοντος,
1793 1306 2003 1381 σπουδῇ

347 1401 539 1476 πολλῇ
597 1401 665 1456 τὰ
715 1400 769 1457 ἐν
827 1406 947 1462 ταῖς
1007 1401 1196 1475 ἄκραις
1253 1392 1721 1471 καταλαμϐανέτω
1798 1396 2003 1471 χωρία,

348 1490 824 1566 προαποστέλλων
881 1488 1244 1564 τουρμάρχῃν
1317 1487 1423 1543 εἴτε
1499 1484 1682 1562 ἓτερον
1741 1484 2004 1561 ἄρχοντα,

341 1579 454 1638 τῶν
510 1579 919 1654 ἐμπειροτάτων
978 1578 1068 1634 καὶ
1152 1576 1468 1653 χρησίμων,
1546 1578 1680 1649 μετά
1732 1575 2001 1631 ἐκλεκτῶν

349 1670 637 1746 ἀρχόντων
680 1672 726 1707 ²⁹
773 1668 863 1724 καὶ
918 1667 1409 1741 καλοϊππαράτων,
1465 1665 1563 1720 τοῦ
1620 1671 2003 1740 προσυπαντῆ-

347 1781 458 1829 σαι,
516 1761 607 1814 καὶ
670 1759 804 1833 μετά
877 1757 1166 1832 ἐμπειρίας
1245 1756 1470 1817 τούτους
1548 1756 1856 1823 θεάσασθαι,
1911 1755 2003 1809 xui

2116 598 2355 665 totaque
2426 601 2599 651 nocte
2673 595 3054 651 continenter
3131 598 3215 652 ire
3282 608 3765 658 consueverunt:

2104 683 2397 754 jumentis
2423 690 2655 740 tantum
2705 685 2988 754 requietis
3033 686 3443 754 concedentia,
3475 696 3767 759 quantum

2113 771 2255 826 satis
2287 771 2364 826 sit
2392 772 2464 827 ad
2496 772 2782 843 pabulum
2828 771 2949 826 illis
2998 772 3286 838 dandum,
3329 776 3471 829 Nam
3522 777 3767 834 omnino

2113 879 2468 919 monocursa
2489 882 2626 920 cum
2645 865 2847 936 paucis
2869 865 3191 921 admodum
3210 866 3314 921 sed
3336 867 3581 924 delectis
3603 870 3771 940 equi-

2114 955 2269 1010 tibus
2301 958 2581 1015 existunt.
2607 958 2987 1013 Contendant
3015 964 3237 1027 autem,
3260 965 3325 1015 ut
3345 962 3420 1016 ad
3443 962 3620 1030 vicos,
3650 979 3767 1033 quo

2112 1049 2567 1120 impressionem
2601 1052 3007 1122 impetumque
3059 1052 3255 1108 facere
3305 1056 3765 1121 constituerunt,

2112 1136 2303 1206 primo
2335 1154 2570 1208 quoque
2622 1144 2886 1209 tempore
2935 1140 3302 1209 perveniant.
3346 1142 3490 1207 Dux,
3524 1159 3630 1213 per
3660 1159 3768 1197 cu—

2112 1224 2335 1281 stodias
2384 1226 2668 1282 itinerum
2718 1226 3210 1299 excubitoresque
3261 1229 3334 1284 de
3376 1247 3582 1285 eorum
3610 1231 3768 1285 irru-

2109 1315 2312 1386 ptione
2353 1316 2570 1370 certior
2615 1316 2826 1383 factus,
2877 1332 3093 1389 magna
3138 1317 3448 1390 diligentia
3494 1319 3568 1375 ad
3607 1320 3766 1376 vicos

2110 1404 2451 1462 limitaneos
2482 1407 2633 1462 195
2689 1423 2817 1461 sese
2857 1406 3141 1475 conferat,
3174 1408 3477 1478 prmmisso
3510 1415 3769 1464 turmar-

2111 1497 2223 1551 cha
2251 1500 2356 1551 aut
2385 1496 2584 1567 aliquo
2616 1496 2916 1568 praefecto,
2952 1512 3019 1551 ex
3050 1497 3432 1568 peritissimis
3463 1503 3522 1553 et
3551 1499 3768 1569 proba-

2111 1585 2208 1655 tis,
2235 1585 2335 1655 qui
2368 1586 2719 1657 prmpositos
2742 1585 3005 1641 delectos
3027 1585 3319 1657 bonisque
3343 1587 3512 1658 equis
3542 1588 3769 1643 instru-

2111 1679 2234 1729 ctos
2266 1692 2467 1730 secum
2500 1675 2736 1739 habeat,
2788 1681 2852 1730 ut
2897 1675 3129 1731 obviam
3162 1676 3283 1731 illis
3313 1694 3661 1750 progressus
3694 1696 3764 1735 ex

2111 1779 2222 1818 usu
2250 1763 2493 1819 militari
2521 1781 2623 1819 eos
2647 1763 3005 1829 consideret,
3024 1765 3314 1836 juxtaque
3348 1783 3597 1822 manens
3628 1767 3765 1824 duci

347 1854 705 1924 παραμεῖναι,
761 1848 853 1902 καὶ
905 1851 984 1918 τῷ
1050 1849 1341 1923 στρατηγῷ
1417 1843 1786 1918 καταμηνύειν
1846 1842 1897 1897 ἐν
1958 1844 1997 1915 ᾧ

2117 1853 2438 1921 renuntiet,
2464 1870 2597 1908 cum
2621 1869 2798 1923 quem
2821 1853 3015 1908 locum
3043 1854 3331 1924 ceperint,
3359 1856 3561 1922 tum,si
3588 1856 3772 1927 dispi-

343 1937 498 2011 τόπῳ
526 1931 854 2005 κατέλαϐον,
907 1935 952 1991 ei
1012 1934 1235 1990 δυνατὸν
1290 1932 1624 2003 διασκοπεῖν,
1656 1934 1745 1988 καὶ
1776 1936 1875 2002 τήν
1905 1938 2003 1988 το]

345 2028 482 2084 λαοῦ
511 2027 687 2082 αὐτῶν
736 2025 1036 2097 ποσότητα.
1098 2025 1175 2082 Οὐ
1236 2024 1401 2097 μόνον
1461 2025 1566 2099 γὰρ
1617 2024 1721 2078 ἀπὸ
1749 2030 1852 2093 τῆς
1882 2025 2002 2085 θὲας

346 2114 570 2172 δυνατόν
656 2116 799 2172 ἐστιν
880 2117 1180 2190 ἀριθμῆσαι
1258 2112 1452 2175 αὐτοὺς
1508 2114 1595 2169 καὶ
1654 2115 1999 2188 καταστοχάο

344 2208 560 2277 σασθαι,
616 2204 760 2261 ἀλλὰ
789 2205 879 2259 xui
911 2202 969 2258 ἐκ
1023 2210 1122 2273 τῆς
1168 2203 1381 2258 τούτων
1411 2201 1612 2271 ὁπλῆς.
1649 2203 1871 2272 Πλῆθος
1899 2202 1999 2278 γάρ

346 2293 556 2369 χόρτου
586 2291 841 2368 ἐρημίαις
876 2290 1147 2366 ὑπάρχον,
1196 2288 1286 2345 καὶ
1330 2294 1447 2352 τοῖς
1488 2289 1615 2344 ποσὶ
1646 2292 1751 2342 τῶν
1784 2288 1996 2363 ἀλόγων

334 2382 844 2455 καταπατούμενον,
879 2383 932 2437 οἱ
977 2385 1087 2435 τῶν
1141 2377 1350 2456 ἀνδρῶν
1394 2377 1778 2454 ἐμπειρότατοι
1812 2376 2001 2434 δύναν-

336 2493 425 2526 ται
474 2470 533 2527 ἐκ
586 2472 785 2525 τούτου
838 2471 940 2539 τὴν
996 2473 1095 2525 τοῦ
1151 2466 1285 2524 λαοῦ
1342 2469 1644 2539 ποσότητα,
1695 2466 1745 2523 εἴ
1791 2470 1997 2542 καὶμὴ

337 2554 605 2632 ἀκριϐῶς,
665 2557 1197 2632 καταστοχάτασθαι.
1245 2555 1520 2619 Ὡσαύτως
1568 2552 1626 2610 δὲ
1672 2555 1762 2609 καὶ
1794 2554 1844 2609 ἐν
1877 2561 1998 2618 τοῖς

335 2653 444 2701 τῶν
504 2651 589 2721 [Ρ.
626 2649 749 2721 126]
809 2650 1074 2720 ποταμῶν
1131 2644 1454 2721 περάμασιν·
1514 2640 1895 2721 ἀκριϐέστερον
1942 2643 2000 2699 δὲ

409 2738 424 2758 \
543 2739 555 2755 ε
654 2741 680 2752 ~
848 2735 862 2754 ν
1038 2736 1051 2755 τ
1188 2758 1193 2763 ,
1476 2734 1488 2755 r
1597 2732 1632 2766 ν,
1683 2738 1705 2749 ε-
1841 2737 1849 2743 -

336 2758 425 2791 και
459 2739 565 2791 ἀπο
614 2758 722 2791 των
768 2756 976 2791 τουτων
1027 2733 1348 2805 απλήκτων,
1396 2736 1559 2803 ἡνικα
1593 2746 1793 2798 εκειθεν
1828 2734 1997 2789 ἀπαί-

339 2847 547 2902 ρουσιν.
581 2827 642 2884 Ὀ
674 2824 731 2882 δὲ
778 2826 1100 2902 στρατηγὸς,
1146 2829 1242 2879 τοῦ
1303 2825 1543 2899 κούρσου
1570 2829 1677 2879 τῶν
1712 2823 1995 2897 πολεμίων

336 2919 437 2985 τὴν
494 2916 672 2995 ἄφιξιν
726 2918 1138 2991 ἀναμανθάνων,
1195 2915 1285 2970 καὶ
1344 2920 1450 2969 τῶν
1511 2915 1758 2991 χωρίων,
1817 2914 1868 2970 ἐν
1916 2915 1996 2978 οἷς

336 3007 434 3069 τὰς
492 3006 766 3083 ἐκδρομὰς
825 3007 1154 3077 ποιήσασθαι
1223 3004 1511 3077 μέλλουσι,
1568 3004 1995 3080 στοχασάμενος,

336 3096 575 3166 πλησίον
634 3096 841 3152 τούτων
897 3095 1146 3170 γινέσθω*
1224 3096 1314 3149 καὶ
1374 3094 1425 3149 ἐν
1497 3093 1793 3167 ἐπιτηδείῳ
1840 3096 1996 3168 τόπῳ

339 3185 529 3241 ἓαυτὸν
560 3184 885 3260 ἀποκρύψας
950 3186 1085 3258 μετά
1138 3189 1236 3239 τοῦ
1294 3181 1432 3239 λαοῦ
1484 3185 1677 3255 αὐτοῦ,
1715 3182 1909 3260 βίγλας
1936 3205 1996 3237 τε

336 3272 732 3349 καϐαλλαρίων
791 3278 1075 3350 πανταχοῦ
1127 3273 1475 3341 ἀποστείλας,
1531 3272 1694 3343 ἡνίκα
1740 3274 1865 3348 περὶ
1897 3273 1993 3327 αύ-

341 3371 447 3421 τῶν
508 3366 947 3437 καταμηνυθείη,
1004 3363 1093 3419 καὶ
1166 3366 1425 3418 θεαθῶσιν
1482 3362 1850 3436 ἐξελαύνοντες
1907 3362 1996 3417 καὶ

337 3452 880 3529 διασκορπιζόμενοι,
916 3452 1107 3527 ἐξέλθῃ
1142 3452 1220 3514 εἷς
1268 3454 1331 3507 τὸ
1376 3453 1711 3523 σκόρπισμα,
1742 3450 1830 3505 xui
1861 3451 1994 3505 τού-

335 3565 454 3606 τοις
510 3542 857 3618 ἐντυγχάνων
918 3541 1136 3603 ἀπόνως
1193 3540 1388 3602 αύτοὺς
1447 3542 1898 3616 καταγωνίσεται.
1933 3540 1993 3597 Ei

335 3631 392 3688 δὲ
426 3627 607 3707 συμϐῃ
660 3653 810 3694 τινας
865 3635 973 3686 τῶν
1039 3634 1296 3705 χωριτῶν
1354 3637 1690 3705 κρατηθῆναι
1736 3632 1866 3705 παρ’
1896 3628 1991 3684 αύ-

329 3728 438 3778 τῶν
499 3723 605 3797 πρὸ
661 3726 759 3777 τοῦ
816 3719 1086 3793 ἐξελάσαι,
1145 3719 1233 3775 xui
1295 3719 1591 3792 ἀναμαθεῖν
1648 3721 1751 3790 τήν
1807 3740 1868 3775 τε
1895 3722 1993 3774 τοῦ

2113 1957 2243 1996 cere
2267 1941 2325 1997 id
2347 1958 2582 2013 quoque
2615 1946 2828 2014 potest,
2855 1959 3058 1997 eorum
3082 1942 3400 1998 multitudo
3423 1950 3646 2014 quanta
3669 1946 3767 2002 sit.

2113 2033 2238 2086 Non
2272 2031 2465 2086 solum
2502 2032 2663 2086 enim
2718 2047 2787 2085 ex
2839 2031 2968 2086 visu
3023 2048 3341 2087 numerum
3373 2049 3579 2088 eorum
3618 2033 3769 2089 inire

2110 2125 2289 2191 atque
2309 2120 2603 2176 mstimare
2634 2120 3002 2187 licet,verum
3025 2121 3205 2176 etiam
3228 2138 3297 2176 ex
3320 2122 3629 2193 impressis
3651 2141 3731 2178 un
3747 2155 3767 2165 -

2110 2207 2383 2279 gularum
2409 2208 2688 2280 vestigiis.
2728 2209 2873 2263 Nam
2895 2225 3028 2263 cum
3051 2208 3137 2263 vis
3160 2208 3357 2263 herbae
3388 2210 3450 2264 in
3484 2211 3767 2267 solitudi-

2118 2296 2296 2351 nibus
2318 2296 2791 2369 sit,pedibusque
2808 2298 3225 2368 jumentorum
3247 2299 3764 2369 conculcetur,ho-

2110 2386 2482 2442 minesvalde
2508 2388 2810 2442 exercitati
2843 2388 3154 2458 copiarum
3175 2391 3754 2455 numerum,etiamsi

2109 2494 2230 2532 non
2244 2477 2884 2549 aocurate,intelligere
2900 2484 3180 2549 possunt:
3202 2479 3343 2534 item
3361 2495 3432 2533 ex
3448 2479 3767 2536 ﬂuminum

2112 2566 2600 2637 trajectionibus:
2658 2571 2783 2621 tum
2842 2567 3177 2621 accuratius
3245 2568 3424 2623 etiam
3457 2586 3526 2624 ex
3565 2586 3772 2625 eorum

2109 2655 2865 2726 mansionibus,postquam
2889 2655 3028 2710 inde
3050 2662 3383 2712 moverunt.
3401 2659 3527 2713 Dux
3551 2664 3770 2723 autem,

2108 2744 2340 2816 cognito
2372 2743 2770 2815 praedatorum
2798 2744 3107 2800 hostilium
3132 2744 3409 2808 adventu,
3444 2747 3623 2813 vicos,
3654 2765 3771 2818 quo

2107 2833 2393 2904 irrupturi
2426 2834 2565 2900 sint,
2602 2832 2934 2904 suspicans,
2967 2834 3213 2905 propius
3267 2834 3340 2889 ad
3367 2834 3475 2890 hos
3505 2836 3767 2893 accedat.

2108 2921 2358 2993 locoque
2392 2922 2605 2977 idoneo
2637 2938 2773 2976 cum
2806 2938 2988 2977 manu
3019 2939 3127 2977 sua
3156 2922 3419 2991 abditus,
3440 2925 3547 2979 sia
3570 2926 3771 2980 statio-

2106 3010 2285 3065 nibus
2326 3010 2593 3081 equitum
2626 3027 3070 3081 quoquoversus
3103 3010 3365 3066 dimissis
3387 3012 3763 3079 admonetur,

2105 3098 2426 3169 hostesque
2459 3099 2677 3170 egressi
2712 3105 2887 3169 atque
2920 3098 3190 3169 dissipati
3221 3101 3764 3170 conspiciuntur,in

2106 3188 2406 3259 dispersos
2434 3192 2723 3257 erumpat,
2748 3187 3004 3257 illosque
3025 3186 3310 3241 invadens
3341 3187 3506 3241 nullo
3530 3190 3764 3260 negotio

2107 3276 2484 3348 expugnabit.
2520 3276 2619 3329 Sin
2653 3280 2850 3330 autem
2883 3275 3100 3329 accidit
3154 3280 3219 3329 ut
3248 3292 3318 3329 ex
3348 3276 3621 3346 agricolis
3653 3277 3764 3330 ali-

2109 3370 2254 3434 quot
2283 3380 2317 3418 a
2347 3380 2408 3419 se
2442 3364 2631 3434 captis
2661 3368 2982 3433 antequam
3014 3362 3414 3434 egrediantur,
3446 3362 3657 3419 ducem
3708 3370 3767 3419 et

2105 3453 2336 3507 venisse
2367 3458 2425 3507 et
2448 3468 2769 3523 occupasse
2801 3452 2959 3506 vicos
2987 3451 3342 3524 intelligant,
3361 3452 3613 3523 ideoque
3640 3470 3762 3509 non

2106 3542 2364 3598 audeant
2393 3557 2727 3607 excurrere,
2760 3541 2983 3596 infecta
3041 3557 3105 3596 re
3164 3540 3381 3613 raptim
3423 3558 3485 3597 se
3517 3542 3762 3598 domum

2102 3631 2417 3702 recipient,
2475 3630 2628 3685 nihil
2686 3634 2903 3701 praeter
2970 3629 3261 3695 laborem,
3316 3630 3759 3699 lassitudinem,

2104 3737 2399 3775 aerumnas
2422 3720 2750 3776 consecuti.

335 3817 640 3887 στρατηγοῦ
670 3810 971 3886 παρουσίαν
1002 3809 1092 3865 καὶ
1122 3810 1222 3878 τὴν
1252 3814 1359 3866 τῶν
1394 3809 1620 3885 χωρίων
1670 3808 1971 3878 ἐπέλευσιν,
2020 3810 2111 3863 καὶ
2159 3809 2221 3863 ού
2274 3808 2638 3885 θαῤῥήσουσιν
2684 3806 2948 3878 ἐξελασαι,
2982 3827 3249 3882 απρακτοι
3286 3805 3594 3872 σπουδαίως
3622 3810 3761 3880 πρὸς

331 3905 430 3971 τήν
466 3900 602 3957 ἰδίαν
635 3902 1033 3977 ὑποστρέφουσι
1065 3902 1278 3976 χώραν,
1315 3901 1479 3973 μόνον
1510 3902 1602 3955 τὸν
1634 3899 1802 3955 κόπον
1831 3900 1879 3936 ³ο
1907 3900 1998 3955 καὶ
2027 3900 2126 3968 τήν
2158 3896 2448 3974 συντριϐἡν
2477 3899 2568 3953 καὶ
2596 3896 2971 3972 ταλαιπωρίαν
3006 3896 3344 3955 ὑποστᾶντει,

333 4034 496 4103 ΚῑθᾺξ.
551 4029 622 4085 Ζ’.
684 4025 814 4103 ῌερὶ
852 4024 1267 4103 ’συναθροίσεως
1340 4026 1432 4080 καὶ
1477 4027 1782 4103 ,κινήσεως
1843 4045 1993 4103 φωσ-

408 4098 590 4174 σάτου’
623 4099 713 4153 καὶ
745 4095 868 4174 περὶ
897 4102 994 4152 τοῦ
1025 4095 1377 4173 παραχωρεῖν
1408 4095 1535 4161 τοὺς
1573 4095 1990 4173 πραγματέυτάς

337 4170 680 4245 εἷσέρχεσθαι
710 4171 801 4224 καὶ
817 4170 1208 4225 ’κατασκοπεῖνζ

414 4287 767 4360 ΙΙαρασκευήν
828 4283 885 4340 δὲ
938 4285 1028 4341 καὶ
1108 4286 1321 4357 κίνησιν
1412 4287 1651 4360 μεγάλου
1708 4284 1993 4363 φωσσάτου

338 4376 573 4439 ἀκούων,
607 4374 658 4431 ἐν
695 4376 741 4447 ᾧ
766 4379 943 4449 καιρῷ
995 4373 1232 4448 μάλιστα
1280 4374 1441 4431 εἷ’ωθε
1468 4378 1536 4431 τὰ
1569 4374 1782 4451 μεγάλα
1835 4397 1994 4431 συνα-

2102 4026 2256 4081 I90
2287 4026 2418 4081 CAP.
2459 4026 2570 4079 VII.
2618 4026 2696 4079 De
2721 4026 3095 4079 contractione
3152 4029 3204 4078 et
3243 4030 3401 4079 motu
3454 4028 3761 4081 emercitus:

2174 4104 2228 4152 et
2261 4098 2328 4151 de
2366 4113 2445 4162 eo,
2480 4103 2542 4151 ut
2572 4096 2963 4151 mercatoribus
3002 4097 3382 4166 permittatur,
3416 4097 3627 4151 intrare
3658 4098 3753 4151 ho-

2174 4170 2340 4222 stium
2367 4172 2520 4237 ﬁnes,
2549 4185 2612 4223 ac
2641 4167 2934 4239 speculari.

2176 4284 2233 4338 Si
2264 4282 2435 4339 audis
2466 4284 2683 4339 instrui
2729 4288 2788 4338 et
2843 4282 3064 4338 moveri
3097 4298 3379 4354 magnum
3408 4283 3754 4351 exercitum,

2106 4391 2222 4446 quo
2254 4374 2606 4445 plerumque
2638 4379 2905 4445 tempore
2955 4373 3167 4444 amplaa
3199 4373 3383 4445 COpiaa
3418 4375 3759 4446 congregari

338 4466 646 4539 θροίζεσθαι
706 4466 981 4542 φωσσάτα,
1040 4462 1207 4541 ἤγουν
1266 4470 1345 4537 τῷ
1403 4464 1701 4547 Αὐγούστῳ
1753 4466 1905 4539 μηνί·
1940 4466 1993 4520 ἐν

2110 4462 2435 4529 εοιθοῌλοο
2468 4467 2557 4516 est
2586 4477 2792 4516 mense
2816 4463 3077 4531 Augusto
3101 4478 3113 4515 :
3138 4477 3208 4517 ea
3226 4461 3385 4515 enim
3409 4467 3758 4533 tempestate

336 4556 440 4630 γὰρ
470 4560 550 4626 τῷ
576 4556 810 4627 τοιούτῳ
838 4555 1013 4629 καιρῷ
1046 4554 1151 4610 ἀπό
1189 4575 1247 4609 τε
1286 4553 1588 4629 Αἰγύπτου,
1624 4554 1993 4625 Παλαιστίνης

337 4665 396 4699 τε
462 4644 553 4699 xui
612 4644 899 4713 Φοινίκης,
953 4644 1042 4698 xui
1096 4650 1195 4712 τῆς
1248 4642 1461 4715 Κοίλης
1516 4642 1739 4715 Συρίας,
1799 4644 1987 4716 πλήθη

339 4733 651 4809 ἀνήρχοντο
710 4730 763 4787 ἐν
824 4731 1047 4802 Κιλικίᾳ
1101 4731 1191 4786 καὶ
1244 4730 1295 4785 ἐν
1354 4738 1473 4794 ταῖς
1529 4732 1742 4807 χώραις
1773 4734 1988 4790 Ἀντιο-

339 4821 516 4897 χείας,
547 4826 645 4877 τοῦ
675 4821 909 4887 Χάλεπε,
965 4820 1055 4875 καὶ
1113 4817 1632 4894 προσλαμϐάνοντες
1689 4821 1778 4875 καὶ
1827 4823 1993 4896 Ἀρα-

342 4906 439 4973 ϐας
493 4914 575 4983 τῷ
633 4905 982 4982 σεπτεμϐρίῳ
1045 4909 1177 4981 μηνὶ
1251 4909 1350 4977 τὴν
1402 4910 1538 4964 κατὰ
1592 4908 1877 4983 Ῥωμαίων
1939 4909 1992 4965 ἐ-

338 5003 598 5054 ποιοῦντο
630 4997 918 5072 ἐξέλευσιν·
947 4996 999 5052 ἐν
1020 5002 1100 5065 τῷ
1128 4995 1367 5071 τοιούτῳ
1396 4998 1580 5053 τοίνυν
1608 5004 1804 5074 καιρῷ,
1836 4999 1925 5054 ὅτε
1954 5001 1989 5069 ἡ

341 5090 687 5161 συνάθροισις
768 5092 866 5144 τοῦ
942 5088 1229 5165 φωσσάτου
1283 5091 1392 5143 τῶν
1448 5087 1735 5162 πολεμίων
1796 5086 1991 5162 μέλλει

339 5178 606 5254 γίνεσθαι,
709 5164 1079 5255 ωνεγέπερον
1156 5164 1219 5216 ³¹δ
1277 5176 1406 5241 τοὺς
1478 5178 1802 5255 τραπεζίτας
1885 5181 1993 5251 (11)

2102 4568 2173 4607 ex
2202 4554 2464 4623 Egypto,
2518 4550 2853 4605 Palaastina.
2899 4551 3219 4616 Phcenicia,
3274 4550 3615 4622 Coelesyria,
3656 4569 3753 4606 ca-

2102 4646 2274 4696 tervae
2307 4641 2618 4695 hominum
2662 4639 2723 4693 in
2771 4639 3036 4694 Ciliciam
3090 4640 3359 4710 ﬁnesque
3402 4640 3753 4707 Antiochim,

2100 4733 2257 4788 circa
2288 4733 2561 4803 Alepum,
2596 4730 2979 4802 emergebant
3010 4737 3069 4785 et
3107 4732 3432 4802 assumptis
3464 4732 3755 4787 Arabibus

2100 4839 2305 4878 mense
2337 4822 2657 4893 septembri
2693 4823 2753 4875 in
2787 4824 3082 4877 Romanos
3119 4822 3420 4877 faciebant
3463 4823 3757 4879 incursio-

2100 4929 2271 4968 nem:
2308 4928 2397 4979 eo,
2431 4912 2698 4982 inquam,
2728 4917 3016 4983 tempore,
3037 4927 3152 4981 quo
3187 4912 3498 4981 exercitus,
3522 4913 3759 4968 hostilis

2101 5002 2365 5056 coiturus
2393 5006 2501 5068 est,
2535 5000 2774 5073 expedit
2798 4999 3066 5055 crebrius
3097 5015 3368 5055 cursores
3391 5001 3510 5054 sive
3541 5002 3756 5057 tasina-

2102 5089 2212 5155 cia,
2237 5089 2585 5160 iudicesque
2613 5088 2905 5161 plurimos
2937 5105 3008 5144 ex
3037 5087 3359 5160 proborum
3399 5094 3576 5160 atque
3610 5090 3757 5145 ﬁde-

2102 5178 2252 5234 lium
2282 5194 2555 5250 numero,
2590 5178 2882 5235 emittere.
2914 5178 3062 5233 Item
3100 5177 3530 5234 mercatoribus
3558 5184 3761 5250 potes-

1546 5361 1608 5415 C.
1650 5359 1712 5414 Β.
1754 5359 1947 5416 HASII
1994 5356 2559 5416 ANNOTATIONES.

415 5503 464 5541 ³9
491 5502 802 5579 ἀρχόντων.
836 5504 993 5560 Fort.
1026 5503 1396 5578 στρατιωτῶν.
1470 5501 1521 5537 ⁸ο
1551 5500 1751 5557 σκοπὸν
1785 5502 1956 5559 codd.

2113 5500 2529 5577 ωνερχέστερον
2564 5499 2734 5560 codd.

417 5675 529 5746 (11)
561 5675 640 5729 De
672 5671 991 5745 trapezitis,
1026 5688 1284 5744 quorum
1299 5672 1429 5745 jam
1462 5687 1641 5745 supra
1668 5672 1893 5729 mentio
1922 5674 2077 5731 facta
2107 5676 2197 5727 est
2219 5674 2337 5729 121.
2369 5673 2432 5727 Ι).
2466 5669 2609 5724 Vide
2641 5668 3008 5742 Ducangium
3065 5669 3362 5727 Glossario
3412 5670 3458 5725 Il
3509 5670 3644 5725 i533
3689 5670 3751 5722 Β.
