4060 6198
260 411 379 472 913

1589 400 1636 459 Ν
1643 393 2017 458 ICEPHOBI
2057 394 2338 459 PHOCuE

3566 401 3690 462 944

260 551 449 604 tatem
475 546 671 604 facere
700 539 1037 600 introeundi
1063 555 1076 594 :
1109 552 1242 594 cum
1285 533 1510 605 amiris,
1549 532 1649 606 qui
1681 530 1915 606 Oppidis

2040 526 2408 600 ὶποστέλλειν,
2466 529 2591 601 ἤτοι
2647 530 2715 588 τὰ
2783 533 3089 604 τασινάκια,
3155 533 3246 588 καὶ
3302 533 3686 595 κατασκόπους

271 638 426 694 ﬁnes
481 642 716 692 nostros
789 626 1196 701 adjacentibus
1252 628 1540 696 praesunt,
1598 622 1922 679 amicitiam

276 725 626 782 contrahere
651 739 664 774 :
697 719 956 775 scribere
986 717 1060 772 ad
1090 715 1248 783 illos,
1279 714 1552 769 homines
1584 727 1720 767 cum
1750 710 1924 766 donis

272 816 506 870 mittere
528 829 541 868 :
566 815 631 864 ut
651 810 744 864 his
765 807 940 863 variis
961 804 1298 862 actionibus
1319 819 1455 860 cum
1475 801 1726 858 consilia
1746 807 1922 872 atque

269 901 660 974 cogitationes
718 897 1000 964 hostium,
1060 900 1185 950 tum
1240 909 1558 949 numerum
1615 891 1922 964 c0piarum

270 989 636 1062 equestrium
669 992 726 1043 et
756 985 1122 1058 pedestrium
1163 1000 1293 1055 qum
1341 988 1644 1056 cogantur,
1677 979 1923 1053 prmfec-

269 1085 478 1150 tosque
511 1093 736 1145 earum,
772 1080 830 1131 et
859 1075 919 1130 in
952 1090 1100 1146 quas
1139 1073 1472 1146 provincias
1519 1071 1923 1126 incursionem

269 1169 464 1224 facere
487 1165 879 1230 instituerint,
907 1164 1083 1236 plane
1107 1163 1226 1218 dux
1251 1161 1567 1234 perdiscat.
1591 1162 1680 1215 Ita
1709 1160 1926 1215 certior

268 1258 482 1325 factus,
513 1272 650 1310 cum
681 1255 755 1310 de
786 1259 950 1309 motu
981 1253 1293 1319 exercitus,
1314 1257 1441 1306 tum
1471 1251 1543 1306 de
1566 1251 1925 1320 itinere,quo

270 1349 335 1404 in
357 1348 509 1402 fines
528 1344 732 1417 populi
755 1346 1004 1400 Romani
1022 1343 1361 1414 irrupturus
1379 1339 1690 1407 est,debet,
1705 1338 1926 1394 coactis

272 1435 766 1506 omnibus,copiis
784 1433 857 1488 ad
878 1433 1132 1488 limitem
1153 1431 1514 1504 progredi,et
1534 1430 1654 1485 sive
1679 1435 1929 1484 turmar-

271 1528 446 1584 cham
476 1524 930 1597 peritissimum,
964 1522 1113 1577 197
1151 1521 1269 1576 sive
1301 1521 1565 1592 aliquem
1595 1536 1665 1575 ex
1695 1519 1926 1591 magnis

269 1613 656 1688 probatisque
669 1610 962 1684 praafectis
977 1609 1466 1681 premittere,qui
1480 1624 1608 1664 cum
1625 1607 1927 1679 equitibus

273 1703 520 1761 delectis
550 1701 822 1756 hostibus
851 1704 1144 1767 occurrat,
1176 1704 1494 1770 antequam
1530 1697 1927 1770 irruptionem

273 1795 336 1850 in
369 1792 702 1866 provincias
733 1795 968 1846 nostras
997 1789 1284 1845 fecerint:
1338 1795 1405 1844 ut
1451 1794 1510 1844 et
1537 1789 1931 1860 insequantur

2030 615 2326 684 πλείστους
2378 625 2486 676 τῶν
2546 620 2838 696 χρησίμων
2899 619 2991 677 καί
3049 626 3278 678 πιστῶν.
3324 627 3689 698 Παραχωρεῖν

2033 703 2091 761 δὲ
2143 707 2235 762 καὶ
2291 709 2706 785 πραγματευτὰς
2763 709 3124 785 εἶσέρχεσθαι·
3182 713 3598 785 προσποιεῖσθαι
3629 709 3691 766 δὲ

2030 797 2119 852 καὶ
2154 794 2342 875 φιλίαν
2383 799 2518 874 πρὸς
2545 797 2673 862 τοὺς
2733 804 3054 874 κρατοῦντες
3111 797 3398 874 ἀμηράδας
3427 801 3537 856 τῶν
3567 807 3691 863 ταῖς

2033 884 2223 962 ἃκραις
2285 891 2446 960 ἡμῶν
2507 891 2923 964 παρακειμένων
2979 889 3248 964 κάστρωνο
3310 890 3398 944 καὶ
3455 891 3687 968 γράφειν

2032 977 2168 1052 πρὸς
2227 977 2446 1047 αὐτοὺς,
2502 977 2594 1033 καὶ
2651 977 2973 1054 ἀνθρώπους
3034 979 3168 1051 μετά
3222 978 3513 1034 κανισκίων
3547 979 3688 1034 ἀπο-

2034 1065 2303 1122 στέλλειν
2363 1066 2515 1129 ὅπως
2570 1064 2662 1122 διὰ
2715 1073 2818 1138 τῆς
2877 1065 3206 1130 πολυειδοῦς
3255 1067 3457 1140 ταύτης
3511 1069 3688 1126 πολυο

2031 1155 2422 1232 πραγμοσύνης
2479 1153 2686 1229 δυνηθῇ
2739 1161 2925 1234 σαφῶς
2979 1153 3423 1212 ἀναδιδάσκεσθαι
3453 1158 3548 1221 τὰς
3575 1163 3688 1213 τῶν

2032 1242 2319 1318 πολεμίων
2384 1244 2587 1322 βουλὰς
2638 1243 2728 1300 καὶ
2794 1244 3046 1318 μελέτας,
3102 1246 3190 1300 καὶ
3247 1246 3315 1302 τὰ
3357 1247 3544 1318 πλήθη
3576 1252 3688 1302 τῶν

2032 1337 2121 1410 [Ρ.
2181 1339 2306 1406 12⁸7]
2358 1333 2845 1410 ἐπισωρευομένων
2900 1334 3199 1412 φωσσάτων
3259 1335 3470 1392 ἶππέων
3510 1358 3570 1391 τε
3598 1338 3693 1391 καὶ

2032 1428 2233 1495 πεζῶν,
2290 1423 2380 1479 καὶ
2436 1424 2570 1486 τοὺς
2623 1421 2832 1478 τούτων
2891 1423 3198 1500 ἀρχηγοὺς,
3254 1425 3346 1481 καὶ
3407 1425 3461 1480 ἐν
3503 1425 3693 1488 ποίαις

2033 1513 2246 1590 χώραις
2275 1515 2374 1583 τὴν
2416 1512 2696 1568 ἐπέλευσιν
2740 1517 2918 1568 ποιεῖν
2972 1511 3289 1590 βούλονται.
3322 1515 3697 1589 Καταμηνυό-

2037 1625 2194 1678 μενος
2249 1600 2308 1658 δέ
2360 1604 2459 1671 τὴν
2515 1607 2609 1658 τοῦ
2691 1603 2978 1678 φωσσάτου
3037 1603 3384 1676 ἀποκίνησιν,
3443 1605 3535 1660 καὶ
3596 1602 3688 1660 διὰ

2034 1692 2196 1755 ποίας
2229 1690 2360 1748 ὀδοῦ
2395 1693 2496 1761 τὴν
2559 1690 2826 1762 ἐξέλευσιν
2885 1691 3023 1747 κατά
3072 1692 3383 1766 Ῥωμανίας
3415 1700 3699 1758 ποιεῖσθαι

2038 1782 2256 1857 μέλλει,
2322 1781 2664 1857 ἐπισυνάγειν
2723 1783 2929 1837 ἃπαντα
3003 1783 3070 1856 τᾷ
3145 1783 3542 1858 στρατεύματα,
3598 1785 3694 1839 καὶ

273 1861 435 1949 illos,
467 1886 526 1937 et
555 1880 954 1953 speculantur,
977 1884 1036 1934 et
1057 1883 1251 1935 motus
1271 1878 1511 1934 illorum
1537 1878 1673 1934 duci
1699 1894 1926 1935 renun-

2040 1878 2172 1952 πρὸς
2224 1875 2320 1938 τάς
2384 1871 2550 1948 ἄκρας
2623 1871 3026 1970 παραγίνεσθαι,
3118 1872 3477 1970 ἀποστέλλειν
3534 1870 3591 1930 δέ
3647 1861 3705 1910 ³³

279 1975 452 2030 tient.

2035 1963 2397 2043 τουρμάρχην
2465 1960 2881 2037 ἐμπειρότατον,
2961 1959 3068 2017 εἴτε
3142 1959 3326 2036 ’ἔτερόν
3410 1984 3531 2018 τινα
3583 1967 3695 2020 τῶν

285 2056 542 2135 μεγάλων
574 2057 663 2114 καὶ
696 2054 991 2132 χρησίμων
1025 2055 1333 2131 ἀρχόντων,
1368 2056 1503 2128 μετά
1535 2056 1741 2113 ἱππέων
1774 2058 2073 2115 ἐπιλέκτων
2122 2057 2571 2129 προσυπαντῆσαι
2622 2054 2742 2112 τοῖς
2784 2049 3081 2124 πολεμίοις
3110 2048 3216 2127 πρό
3245 2055 3348 2106 τοῦ
3375 2053 3474 2120 τὴν
3510 2047 3693 2106 εἲσὸοο

284 2150 390 2219 λήν
419 2149 496 2211 εἰς
522 2147 620 2210 τὰς
651 2149 814 2219 ἡμῶν
844 2145 1034 2221 χώρας
1066 2146 1418 2216 ποιήσασθαν
1475 2146 1568 2202 ἳνα
1623 2147 1713 2203 καὶ
1771 2146 2216 2212 ἐπακολουθῶσιν
2262 2141 2466 2209 αὐτοῖς,
2523 2137 2614 2194 καὶ
2662 2140 3043 2214 παραμένωσι,
3093 2141 3314 2204 καὶτὰς
3344 2139 3702 2212 ἀποκινήσεις

286 2239 466 2294 αὐτῶν
496 2240 576 2308 τῷ
607 2238 899 2312 στρατηγῷ
928 2234 1376 2308 καταμηνύωσιν.

281 2354 413 2412 CAP.
449 2354 594 2409 VIII.
636 2354 714 2408 De
756 2353 972 2408 ratione
1027 2352 1350 2479 obsetwandi
1396 2359 1562 2426 atque
1607 2353 1938 2426 insequendi

952 2440 1134 2479 exere:
1161 2440 1274 2479 um.

952 2440 1274 2482 exercitum.

354 2532 716 2592 Observandi
746 2533 807 2587 hi
840 2537 982 2588 sunt
1022 2532 1181 2588 hunc
1210 2533 1274 2587 in
1303 2533 1547 2589 modum
1573 2549 1587 2589 :
1643 2535 1792 2590 Dum
1819 2534 1940 2592 dux

283 2641 419 2681 cum
468 2623 745 2680 omnibus
796 2623 984 2695 copiis
1035 2638 1140 2694 per
1195 2621 1393 2678 locum
1437 2629 1837 2695 opportunum
1870 2643 1937 2682 ac

281 2713 582 2768 munitum
605 2712 777 2782 juxta
807 2711 921 2765 iter
940 2708 1100 2778 facit,
1123 2709 1334 2782 pagani
1359 2715 1557 2766 autem
1589 2728 1724 2766 cum
1754 2713 1944 2767 omni-

281 2802 391 2857 bus
423 2801 545 2856 suis
571 2799 888 2872 pecoribus
919 2799 1076 2854 intra
1099 2798 1336 2870 oppida,
1370 2804 1492 2866 aut,
1545 2801 1592 2856 si
1634 2801 1802 2857 nulla
1831 2819 1940 2874 op-

283 2891 424 2964 pida
441 2889 784 2956 subsunt,in
797 2893 1030 2943 montes
1048 2888 1410 2944 editissimos
1431 2894 1489 2944 et
1507 2890 1941 2947 munitissimos

284 2979 645 3050 eosdemque
681 2977 915 3033 insidiis
945 2978 1138 3033 minus
1170 2977 1479 3046 obnoxios,
1503 2978 1574 3034 ab
1597 2979 1946 3052 expilatori-

2187 2351 2352 2406 ΚΕΦ.
2387 2350 2464 2402 Η’.
2497 2376 2566 2388 —-
2596 2343 2725 2472 ΙΙῗὶ
2756 2349 3080 2420 παραμονῆς
3121 2349 3430 2419 φωσσάτου,
3473 2345 3562 2400 καὶ

2691 2415 3100 2472 κολουθῆσεως.

2691 2415 3100 2487 κολουθῆσεως.

2116 2533 2180 2588 Ἦ
2241 2529 2300 2587 δὲ
2353 2529 2651 2606 παραμονή
2707 2529 2888 2584 αὐτῶν
2942 2527 3118 2592 οὕτως
3176 2528 3387 2608 ὀφείλει
3437 2531 3705 2607 γίνεσθαι”

2048 2625 2160 2680 Τοῦ
2192 2623 2496 2697 στρατηγοῦ
2559 2617 2694 2691 μετᾶ
2751 2617 2950 2679 παντὸς
3002 2621 3100 2672 τοῦ
3161 2615 3300 2673 λαοῦ
3329 2616 3382 2673 ἐν
3412 2617 3712 2693 ἐπιτηδείῳ

2051 2712 2142 2766 καὶ
2200 2709 2391 2786 ὀχυρῷ
2453 2708 2608 2780 τόπῳ
2663 2705 3126 2783 παρατρέχοντος,
3185 2707 3276 2762 καὶ
3331 2712 3440 2763 τῶν
3483 2709 3715 2785 χωρίων

2052 2797 2143 2856 διὰ
2197 2797 2306 2854 τῶν
2363 2795 2786 2870 ἐκσπηλατόρων
2847 2794 3300 2874 φυγαδευομένων
3351 2795 3404 2852 ἐν
3457 2803 3576 2863 τοῖς
3612 2799 3710 2852 κά-

2052 2909 2258 2964 στροις,
2290 2889 2350 2958 ἢ,
2387 2888 2462 2961 μὴ
2497 2883 2678 2942 ὅπτων
2709 2883 2980 2959 κάπρων,
3015 2884 3068 2940 ἐν
3096 2884 3272 2962 ὄρεσιν
3339 2885 3568 2958 ὑκηλοῖς
3617 2888 3710 2942 καὶ

2054 2975 2430 3054 ὀχυρωτάτοις
2460 2976 2551 3031 καὶ
2612 2968 3116 3049 ἀνεπιϐουλεύτοις,
3171 2974 3380 3048 ὁμοίως
3409 2977 3498 3031 καὶ
3533 2976 3711 3032 πάντα

283 3071 395 3126 bus
427 3068 905 3140 compelluntur:
951 3066 1092 3122 item
1151 3083 1307 3134 eum,
1342 3068 1443 3139 qui
1475 3067 1644 3123 lateri
1677 3069 1930 3125 hostium

2053 3066 2118 3121 τὰ
2147 3068 2319 3137 κτήνη
2353 3065 2552 3120 αὐτῶν·
2596 3061 2714 3119 δέον
2765 3061 3124 3118 ἀποστέλλειν
3173 3065 3264 3118 καὶ
3299 3065 3384 3120 τὸν
3418 3063 3712 3143 ὀφείλοντα

2249 3155 2260 3168 ⁸
2441 3155 2456 3171 9
2513 3153 2526 3171 1
2600 3150 2625 3171 δ
2729 3153 2741 3171 Ι
2927 3151 2954 3171 ΩΙ
3124 3153 3150 3171 Ἀ
3284 3152 3300 3171 \
3435 3154 3445 3170 Ι
3646 3161 3674 3171 .-

283 3160 604 3226 adhaareat,
651 3157 810 3212 circa
855 3157 1064 3212 horam
1109 3155 1229 3212 diei
1276 3157 1526 3212 alteram
1570 3158 1663 3213 vel
1701 3160 1937 3216 tertiam

283 3249 473 3306 emitti
504 3251 756 3320 oportet.
781 3247 857 3314 Is,
878 3251 1118 3318 accepta
1142 3245 1559 3302 benedictione
1583 3247 1939 3320 ducis,post-

284 3354 463 3410 quam
491 3335 817 3407 assumpsit
841 3340 1136 3390 catervam
1188 3351 1356 3390 suam
1387 3341 1565 3406 atque
1598 3337 1937 3408 equisones,

284 3428 551 3484 conferat
581 3444 642 3482 se
675 3425 748 3482 ad
779 3425 953 3493 viam,
986 3441 1103 3497 qua
1132 3425 1334 3480 hostes
1367 3430 1715 3482 transeunt:
1741 3428 1938 3500 impe-

281 3519 548 3574 dimenta
579 3534 686 3572 sua
731 3520 790 3570 et
836 3533 1122 3588 agasones
1169 3516 1326 3588 apud
1375 3516 1586 3572 ducem
1615 3517 1936 3589 relinquat,

275 3623 470 3677 neque
518 3606 846 3676 quidquam
895 3620 1097 3658 secum
1147 3603 1299 3659 ferat
1349 3613 1564 3676 praater
1605 3607 1783 3662 unius
1815 3607 1936 3662 diei

278 3695 521 3759 cibaria,
550 3699 728 3762 atque
764 3708 832 3746 ea
861 3698 1127 3762 augusta,
1162 3691 1524 3748 bucellatum
1569 3694 1856 3750 duntaxat
1881 3701 1940 3751 et

282 3797 540 3840 caseum,
577 3785 679 3834 aut
709 3779 1093 3840 salsamenta.
1129 3786 1187 3833 et
1217 3797 1504 3850 equorum
1536 3799 1604 3836 ac
1637 3784 1936 3839 mulorum

284 3867 592 3943 pabula.Si
607 3867 666 3920 in
681 3867 873 3920 vicum
886 3867 1153 3938 pervenit
1165 3867 1265 3922 ubi
1280 3869 1939 3941 victumjumentorum-

274 3973 389 4028 que
406 3956 819 4028 pabulationes
834 3955 1350 4022 inveniat,reficiat
1365 3957 1442 4012 ibi
1462 3959 1670 4014 milites
1683 3967 1935 4032 etequos

275 4046 552 4117 usquead
565 4047 772 4101 horam
788 4061 1008 4101 nonam
1022 4045 1140 4100 diei
1155 4047 1506 4102 stationibus
1522 4049 1932 4120 perlocal98

273 4136 524 4192 editiora
545 4135 872 4208 dispositis.
907 4136 1038 4207 Ipse
1067 4136 1320 4208 agminis
1345 4137 1681 4209 praefectus,
1715 4140 1930 4196 altissi-

269 4243 368 4282 ma
423 4225 668 4298 specula
728 4241 1076 4290 conscensa,
1140 4226 1454 4282 observare
1530 4231 1930 4302 aucuparique

272 4316 452 4372 debet
481 4315 753 4387 pulveres
799 4315 1060 4370 hostium
1106 4320 1163 4370 et
1208 4315 1441 4372 fumos:
1492 4317 1649 4373 unde
1693 4319 1933 4393 colligat

274 4405 853 4474 zestimationemque
883 4403 1081 4468 faciat,
1115 4421 1232 4475 qua
1262 4411 1572 4461 transeant
1602 4412 1658 4462 et
1687 4425 1928 4465 conses-

2048 3155 2373 3230 παραμένειν
2431 3153 2537 3208 ἀπὸ
2597 3150 2850 3228 δευτέρας
2916 3151 3059 3228 ὥρας
3116 3153 3150 3222 ἢ
3210 3152 3302 3208 καὶ
3357 3154 3548 3229 τρίτης
3605 3161 3710 3225 τῆς

2047 3242 2279 3321 ἡμέρας.
2339 3246 2440 3302 Καὶ
2501 3245 2692 3320 εὐχὴν
2755 3239 3137 3318 λαμϐάνοντας
3169 3244 3216 3281 ⁸³
3241 3248 3341 3300 τοῦ
3379 3250 3710 3322 στρατηγοῦ,

2046 3330 2518 3409 ἀναλαμϐάνεσθαι
2574 3333 2667 3390 τὸν
2727 3332 2859 3390 λαὸν
2915 3333 3102 3404 αὐτοῦ,
3147 3333 3237 3390 καὶ
3267 3334 3396 3397 τοὺς
3427 3356 3707 3412 παρασυρ-

2045 3427 2238 3486 τάτους
2296 3427 2431 3497 (42),
2490 3424 2580 3479 καὶ
2639 3424 2813 3499 ὁρμᾷν
2871 3423 3010 3497 πρὸς
3064 3425 3162 3494 τὴν
3219 3420 3368 3496 ὁδὸν,
3399 3425 3516 3488 καθ’
3547 3423 3613 3494 ἦν
3647 3425 3705 3479 οἱ

2047 3513 2310 3588 πολέμιοι
2363 3509 2700 3590 διέρχονται,
2755 3514 2854 3582 τήν
2915 3512 3224 3582 ἀποσκευὴν
3257 3513 3425 3570 αὐτοῦ
3449 3515 3538 3568 καὶ
3570 3515 3707 3578 τοὺς

2044 3604 2495 3679 παριππαράτους
2527 3605 2640 3676 (13)
2669 3599 3102 3676 καταλιμπάνων
3162 3603 3297 3676 μετά
3335 3608 3431 3658 τοῦ
3463 3624 3707 3676 στρατη·-

2042 3697 2161 3768 γοῦ,
2191 3691 2358 3766 μηδὲν
2384 3690 2522 3747 ἄλλο
2547 3691 2975 3767 ἐπιφερομένους
3007 3693 3042 3760 ἢ
3077 3697 3206 3765 μιᾶς
3234 3691 3446 3767 ἡμέρας
3465 3695 3700 3768 τροφήν,

2043 3781 2130 3836 καὶ
2159 3781 2324 3852 αὐτὴν
2364 3781 2496 3854 μετά
2553 3777 2779 3848 ἐνδείας,
2841 3781 3036 3855 ἄρτους
3101 3782 3300 3854 μόνους
3328 3781 3417 3836 καὶ
3448 3783 3633 3856 τυρὸν,
3667 3785 3702 3851 ἢ

2041 3871 2130 3926 καὶ
2161 3871 2386 3946 τάριχα,
2418 3870 2507 3926 καὶ
2548 3870 2644 3932 τὰς
2687 3874 2796 3924 τῶν
2853 3871 3042 3924 ἳππων
3091 3871 3182 3925 καὶ
3233 3871 3482 3944 ἡμιόνων
3510 3873 3700 3948 ταγάς.

2043 3959 2140 4022 Εἰς
2195 3959 2406 4036 χωρίον
2466 3956 2523 4014 δὲ
2581 3956 2932 4031 ἀπληκεῦων,
2985 3958 3079 4021 τάς
3133 3980 3192 4014 τε
3249 3959 3442 4035 χρείας
3481 3961 3569 4015 καὶ
3600 3962 3702 4030 τήν

2037 4060 2146 4111 τῶν
2245 4055 2464 4132 ἀλόγων
2549 4056 2757 4132 τροφὴν
2846 4054 3198 4133 ἐφευρίσκων,
3283 4053 3698 4113 διαναπαυσάτω

2041 4143 2214 4200 ἐκεῖσε
2240 4145 2332 4200 τὸν
2367 4143 2498 4200 λαὸν
2559 4145 2726 4200 αὐτοῦ
2782 4144 2872 4200 καὶ
2930 4147 3022 4200 τὸν
3080 4146 3250 4200 ἳππον
3304 4147 3372 4216 ³⁸,
3417 4143 3520 4208 ἕως
3552 4147 3699 4222 ὥρας

2039 4232 2264 4304 ἐννάτης
2294 4236 2392 4299 τῆς
2423 4235 2655 4309 ἡμέρας,
2693 4233 2887 4309 βίγλάς
2947 4238 3161 4308 κρατῶν
3219 4234 3270 4290 ἐν
3330 4234 3703 4313 ὑψηλοτέροις

2036 4323 2250 4384 τόποις.
2306 4322 2407 4378 Καὶ
2468 4321 2629 4386 αὐτὸς
2686 4321 2886 4386 ἐκεῖνος
2944 4323 2972 4377 ὁ
3029 4327 3130 4379 τοῦ
3168 4322 3304 4379 λαοῦ
3333 4323 3610 4398 ἀρχηγὸς,
3647 4325 3700 4380 ἐν

2036 4413 2296 4484 περιωπῇ
2353 4410 2672 4486 ὑψηλοτάτη
2740 4412 3100 4487 ἀερχόμενος,
3159 4411 3489 4468 ἀποσκοπεῖν
3547 4413 3698 4486 ὀφεί·

275 4495 399 4548 suri
431 4495 570 4548 sint.
605 4493 835 4548 Etenim
858 4509 892 4548 a
911 4493 1119 4564 peritis
1143 4495 1487 4550 hominibus
1513 4496 1640 4552 loca
1670 4515 1925 4569 quoque,

2109 4469 2118 4484 .
2261 4469 2293 4482 ..
2399 4469 2408 4485 .
2449 4469 2460 4481 .
2647 4469 2672 4486 ..
2805 4469 2879 4487 ιι..
2920 4469 2930 4487 .
3067 4469 3099 4481 -ι
3593 4469 3603 4486 .

2040 4498 2122 4555 λει
2170 4501 2256 4555 καὶ
2314 4498 2536 4574 βλέπειν
2585 4501 2902 4574 κονιορτοὺς
2949 4505 3060 4556 τῶν
3111 4500 3404 4574 πολεμίων
3433 4501 3525 4556 καὶ
3556 4523 3698 4557 καπ-

271 4582 372 4637 ubi
406 4588 600 4638 castra
624 4583 752 4637 fieri
777 4583 1072 4654 expediat,
1097 4583 1600 4639 internoscuntur.
1629 4585 1734 4640 Ubi
1757 4587 1930 4642 intel-

269 4669 530 4725 lexerint
558 4687 674 4742 quo
705 4671 834 4727 loco
868 4671 1188 4728 adversarii
1211 4674 1627 4740 constiterunt,
1654 4676 1930 4748 evestigio

274 4758 386 4815 hac
419 4759 492 4815 de
523 4776 587 4816 re
647 4759 860 4816 ducem
916 4763 1234 4818 certiorem
1283 4761 1524 4821 faciant.
1566 4764 1621 4819 Is
1653 4779 1787 4820 cum
1823 4781 1930 4820 suo

2039 4588 2185 4652 νοῦςο
2246 4589 2336 4644 καὶ
2396 4587 2471 4651 ὠς
2533 4587 2591 4644 ἐκ
2645 4589 2841 4645 τούτου
2887 4595 3162 4646 κατανοεῖν
3195 4591 3284 4646 καὶ
3316 4589 3696 4664 στοχάζεσθαι,

2041 4675 2093 4730 ἐν
2154 4677 2238 4739 οἷς
2287 4674 2596 4752 διέρχονται
2653 4679 2740 4734 καὶ
2800 4677 3142 4750 ἀπληκεῦσαι
3199 4678 3519 4754 μέλλουσιν.
3561 4681 3693 4736 Ὑπὸ

2040 4764 2144 4840 γὰρ
2175 4770 2282 4822 τῶν
2310 4765 2582 4844 ἐμπείρων
2617 4765 2827 4842 ἀνδρῶν
2877 4766 2968 4824 καὶ
3019 4770 3070 4824 οἱ
3119 4769 3305 4841 τόποι,
3341 4769 3424 4846 ἐφ’
3448 4772 3536 4834 οἷς
3561 4790 3694 4844 προ-

1478 4945 1538 4999 C.
1582 4943 1646 4998 Β.
1687 4943 1879 5000 HASII
1916 4945 2474 5002 ANNOTATIONES.

334 5111 482 5198 δ’δὲ.
513 5117 666 5198 Fort.
696 5135 776 5172 τε.
850 5117 896 5153 ³³
925 5118 1080 5176 Fort.
1115 5112 1484 5192 Λαμϐάνοντα.
1543 5121 1622 5177 De
1647 5137 1786 5178 voce
1846 5117 1930 5175 λαε

2093 5119 2264 5196 εὐχὴν
2315 5121 2575 5193 Ducang.
2619 5121 2877 5179 Glossar.
2913 5122 2960 5192 Ι,
2991 5123 3122 5190 451,
3150 5123 3213 5179 C.
3290 5124 3338 5160 ³⁸
3362 5122 3459 5179 τὸν
3488 5122 3690 5198 ἲππον]

273 5187 429 5244 Fort.
466 5188 568 5258 τὴν
598 5187 766 5246 ἳππον

336 5341 445 5410 (12)
473 5343 553 5398 De
602 5343 695 5414 his
727 5341 857 5398 vide
921 5343 1176 5414 Ducang.
1237 5343 1426 5399 Gloss.
1490 5346 1648 5400 1494.
1681 5347 1747 5401 Α.
1781 5353 1922 5403 sunt

351 5414 366 5468 i
426 5431 610 5486 equos
668 5413 995 5470 dextrarios
1053 5413 1296 5486 ducunt.
1358 5415 1450 5469 Sic
1517 5415 1916 5485 παρασύρεσθαι

265 5430 366 5540 gul
426 5431 610 5486 equos
668 5430 995 5470 aextrarios
1053 5430 1296 5468 ducunt.
1359 5430 1450 5469 διο
1517 5430 1913 5485 παρασυρεσθαι

289 5492 572 5558 νοῐιεῐιὶῐιζ.
607 5487 1049 5558 Porphyrogen.
1072 5485 1456 5558 Gaarim._Byz.
1480 5487 1524 5558 I.
1550 5489 1674 5540 266.
1699 5488 1763 5540 D.
1789 5491 1913 5544 267.

2033 5347 2188 5402 1121.
2221 5346 2300 5401 C:
2333 5343 2437 5400 sed
2493 5344 2766 5407 suspicor
2821 5362 3024 5402 verum
3082 5347 3241 5404 vocis
3278 5364 3521 5405 sensum
3555 5367 3686 5407 esse

2029 5421 2181 5488 equis
2210 5417 2480 5488 destituti,
2531 5417 2641 5471 vel.
2703 5419 2857 5488 equis
2909 5418 3125 5476 detritis
3156 5421 3330 5546 (gnos
3359 5421 3562 5494 πτωχᾶ
3591 5421 3686 5474 ἰπ-

2029 5487 2194 5546 mima
2225 5493 2394 5544 vocat
2420 5488 2725 5544 Constant.
2762 5489 3120 5546 Pornbvroz.
3223 5508 3412 5546 ierim.
3460 5495 3589 5546 sz.
3646 5493 3686 5546 l.

2026 5487 2394 5573 fg’ftahvocat
2418 5488 2725 5573 gonstant.
2744 5487 3120 5573 ’Porphyrog.

3223 5493 3412 5566 mrim.
3443 5493 3589 5566 _Byz.
3646 5493 3688 5548 l.

265 5557 332 5610 Α.
387 5563 450 5631 et
499 5555 567 5610 τὰ
623 5555 943 5631 παράσυρτοῐ
995 5555 1227 5631 ἷπςπάρια
1257 5555 1458 5631 _ib_id.‘
1483 5557 1527 5610 Ῑ.
1567 5558 1700 5631 279.
1737 5558 1800 5612 D.
1835 5560 1915 5616 De

2040 5555 2150 5617 280.
2183 5561 2268 5630 C.)
2314 5561 2495 5615 vecti:
2539 5565 2607 5614 ut
2653 5560 2783 5631 ejus
2833 5555 3204 5631 contrarium
3249 5564 3326 5619 sit
3369 5555 3689 5618 καλοτίππα-

263 5627 432 5695 equis
461 5632 678 5700 συρτοῖς
713 5625 970 5697 Ducang.
1003 5626 1077 5681 ad
1107 5625 1370 5700 Ale;iad_.
1403 5629 1526 5681 227.
1557 5628 1616 5682 Ο.

335 5699 442 5766 (13)
474 5697 628 5753 verti
662 5713 944 5766 agasones,
1011 5703 1077 5753 ut
1141 5697 1265 5752 vult
1329 5697 1667 5772 Ducangius
1723 5701 1909 5759 Gloss.

2025 5631 2203 5712 piros,
2250 5629 2812 5712 ί125.ΗΙ)..139.ή-β;
2867 5629 3294 5712 [Ιαριππαρᾶτος
3345 5653 3393 5691 s.
3443 5646 3688 5712 παραϊπ-

2021 5700 2264 5777 παράτος
2293 5700 2516 5773 legitur
2533 5701 2677 5760 item
2711 5703 2830 5760 139.
2867 5703 2928 5759 Β.
2956 5700 3087 5762 ⁷147.
3111 5700 3178 5762 Ᾱ.
