4078 6204
376 350 496 411 945

1674 350 2095 413 VELITATIO
2135 346 2481 411 BELLIGA.

3672 355 3792 415 946

380 482 542 550 σήκει
590 476 847 549 ἄπληκτα
900 477 1165 554 γίνεσθαι,
1222 474 1691 553 διαγινώσκονται.
1742 481 1931 537 Ἡνίκα
1979 478 2035 536 δὲ

2149 480 2430 549 exercitu,
2462 479 2664 535 loricis
2724 484 2783 534 et
2827 480 2980 553 sagis
3024 480 3479 554 (epanoclibana
3530 490 3791 554 vocant),

384 566 678 633 αἴσθωνται
709 568 758 603 ³⁵
784 571 880 622 τοῦ
936 568 1132 637 τόπου,
1194 567 1247 622 ἐν
1300 567 1346 641 ᾧ
1378 567 1679 639 ηὐλίσαντο
1730 573 1817 641 [Ρ.
1853 573 1956 627 128
1986 570 2037 624 οἱ

382 653 670 729 πολέμιοι,
702 657 1007 731 παραυτίκα
1038 654 1250 727 δηὶῶσι
1302 655 1382 729 τῷ
1441 663 1727 735 στρατηγῷ
1757 657 1881 733 περὶ
1909 657 2039 714 τού-

383 768 528 802 του.
587 746 849 809 Κάκεῖνος
905 745 1040 817 μετὰ
1101 750 1199 801 τοῦ
1285 743 1427 801 ἲδίου
1493 752 1722 821 στρατοῦ
1789 747 2035 822 θώρακας

389 836 783 909 ἀμπεχομένου
839 833 930 889 καὶ
985 834 1052 889 τὰ
1123 833 1391 909 λεγόμενα
1474 832 1890 892 ἐπανωκλίϐανα
1957 836 2033 909 μή

391 923 555 979 λευκὰ
585 919 732 991 ὄντα,
768 922 854 978 ἐπὶ
886 928 1080 998 χεῖρας
1121 920 1345 988 ἕκαστος
1393 926 1457 979 τὸ
1510 921 2034 1001 μεταχειριζόμενον

384 1010 555 1068 ὅπλον
588 1014 860 1087 κατέχων,
882 1014 980 1082 τὴν
1010 1010 1327 1089 ὁδοιπορίαν
1352 1014 1603 1071 ποιείτω.
1636 1018 1749 1071 Τοῦ
1782 1011 1840 1068 δὲ
1869 1013 2036 1083 ἡλίου

384 1100 802 1174 ὑποκλίναντος,
832 1102 924 1157 καὶ
974 1106 1081 1157 τῶν
1137 1103 1215 1166 εἷς
1271 1100 1421 1157 λείαν
1478 1102 1536 1159 ἐκ
1589 1103 1691 1158 τοῦ
1749 1102 2034 1180 φωσσάτου

380 1193 757 1269 ἐξερχομένων
840 1192 1127 1266 πολεμίων
1207 1194 1657 1271 ὑποστρεφόντων
1744 1194 1881 1269 πρὸς
1939 1195 2035 1255 τὰς

379 1282 581 1350 σκηνὰς
614 1278 811 1350 αὐτῶν,
842 1280 932 1335 καὶ
982 1280 1047 1335 τὰ
1104 1278 1316 1358 φοῦλκα
1372 1282 1482 1353 (14)
1540 1279 1771 1341 τούτους
1826 1279 2031 1358 φυλάτ-

373 1389 555 1439 τοντα,
584 1368 709 1423 τότε
737 1368 1174 1443 συνεισέρχεσθαι
1205 1370 1295 1424 καὶ
1337 1369 1496 1424 αὐτὸν
1535 1371 1626 1424 καὶ
1679 1366 2031 1439 πλησιάζειν,

373 1463 453 1531 τῷ
490 1463 598 1514 τῶν
628 1458 840 1533 ἐχθρῶν
888 1457 1179 1535 φωσσάτῳ.
1242 1459 1393 1515 Μετᾶ
1448 1462 1654 1513 σκοποῦ
1714 1455 1772 1512 δὲ
1803 1455 2034 1512 ὁδοιπο-

377 1548 537 1623 ρείτω
583 1546 673 1602 καὶ
727 1549 1014 1623 προσοχῆς
1072 1541 1331 1622 ἀκριϐοῦς
1366 1590 1381 1618 ,
1439 1547 1532 1602 καὶ
1591 1545 1889 1620 λαθραίως’
1939 1548 2029 1602 καὶ

379 1638 567 1692 ἑαυτὸν
627 1635 1014 1709 ὑποκρυπτέτω
1051 1679 1065 1704 ,
1121 1640 1218 1691 τοῦ
1283 1636 1358 1709 μὴ
1417 1637 1671 1705 θεαθῆναι
1728 1636 1877 1705 παρά
1920 1640 2029 1690 τῶν

378 1728 689 1801 πολεμίων.
721 1728 933 1789 Νυκτὸς
967 1725 1014 1782 δ’
1043 1725 1155 1798 ἤδη
1187 1721 1737 1799 καταλαμϐανούσης,
1791 1725 2029 1795 πλησίον

2144 586 2274 643 quas
2304 573 2538 641 oportet
2566 585 2687 624 non
2718 569 2975 625 candida
3032 588 3181 638 esse,
3242 572 3555 642 instructo,
3616 575 3699 629 ita
3728 580 3797 629 ut

2142 658 2550 730 unusquisque
2582 659 2890 730 proprium
2922 659 3109 715 telum
3135 661 3196 715 in
3229 662 3507 717 manibus
3556 662 3793 733 habeat,

2142 748 2255 802 iter
2334 746 2721 819 ingrediatur.
2810 748 2941 804 Sole
3028 750 3102 804 ad
3178 749 3403 806 obitum
3490 758 3790 824 vergente,

2142 837 2381 908 quando
2466 837 2827 907 praedatores
2933 838 3196 894 hostium
3279 840 3488 895 castris
3591 857 3791 913 egres-

2142 926 2212 995 si,
2247 924 2544 995 simulque
2591 925 2870 996 prmsidia
2930 942 3135 981 eorum
3197 929 3549 984 tuendorum
3610 946 3790 984 causa

2140 1012 2448 1084 disposita,
2495 1012 2570 1069 ad
2627 1015 2882 1070 tentoria
2938 1023 3335 1084 revertuntur,
3391 1017 3492 1073 ille
3552 1034 3787 1089 quoque

2141 1103 2309 1173 sequi
2369 1108 2428 1157 et
2484 1102 2557 1157 ad
2615 1109 2811 1158 castra
2869 1103 3130 1160 hostium
3211 1105 3529 1162 adventare
3588 1106 3786 1161 debet.

2140 1191 2255 1246 lter
2284 1196 2482 1246 autem
2514 1208 2648 1246 cum
2682 1194 2977 1262 cautione,
3009 1196 3337 1251 attentione
3395 1195 3688 1268 diligenti,
3721 1212 3788 1250 ac

2141 1281 2395 1337 latenter
2426 1280 2639 1336 faciat:
2689 1297 2870 1353 seque
2925 1282 3120 1349 abdat,
3181 1301 3255 1339 ne
3307 1285 3376 1339 ab
3431 1285 3786 1340 adversariis

2140 1370 2561 1442 conspiciatur.
2622 1372 2745 1426 Nox
2801 1376 3119 1442 postquam
3175 1373 3356 1439 venit,
3416 1374 3657 1429 accedat
3712 1373 3786 1428 ad

2139 1466 2370 1516 castra:
2404 1476 2472 1515 ac
2504 1460 2552 1514 si
2584 1460 2647 1514 in
2678 1460 2831 1528 loco,
2864 1461 2965 1515 ubi
3005 1461 3407 1517 consederunt
3458 1462 3679 1526 hostes,
3714 1463 3785 1517 ab

2138 1568 2256 1606 uno
2287 1551 2495 1614 latere,
2528 1551 2618 1605 vel
2650 1551 2830 1606 etiam
2882 1569 2916 1607 a
2965 1552 3218 1620 duobus,
3266 1552 3537 1607 tumulus
3594 1552 3788 1607 editus

2139 1640 2349 1695 castris
2363 1640 2821 1695 imminetfacile
2836 1658 2977 1696 sane
2993 1642 3567 1698 observationemillo
3582 1643 3640 1696 in
3656 1642 3787 1697 loco

2138 1734 2441 1801 peragent.
2477 1730 2619 1784 Nam
2653 1728 2769 1784 duo
2800 1730 3023 1785 milites
3055 1736 3155 1785 aut
3186 1737 3329 1798 tres,
3361 1732 3793 1787 descendentes

378 1819 617 1893 γενέσθω
647 1821 745 1872 τοῦ
775 1815 1085 1887 ἀπληκτου·
1119 1817 1207 1871 καὶ
1243 1816 1289 1871 εἰ
1317 1817 1414 1885 μὲν
1444 1812 1553 1871 ἔστι
1590 1816 1785 1892 βουνὸς
1816 1814 2029 1889 ὑψηλὸς

2145 1834 2209 1873 ex
2245 1819 2434 1889 equis,
2461 1824 2520 1873 et
2534 1817 2786 1889 pedibus
2816 1820 2877 1873 in
2903 1820 3199 1874 tumulum
3224 1820 3562 1888 evadentes,
3593 1820 3694 1875 ubi
3718 1820 3791 1875 ad

380 1909 433 1964 ἐν
466 1910 512 1981 ᾦ
542 1906 840 1979 ηὐλίσαντο
867 1907 919 1961 οἱ
960 1905 1247 1980 πολέμιοι,
1276 1906 1327 1977 ἐξ
1362 1906 1479 1969 ἑνὸς
1523 1906 1721 1981 μέρους
1765 1905 1800 1975 ἢ
1850 1904 1941 1959 καὶ
1973 1905 2034 1960 ἐκ

382 1996 479 2052 δύο
509 1995 743 2067 πλησίον
778 2001 875 2051 τοῦ
908 1994 1196 2066 ἀπλήκτου
1236 1994 1431 2064 αὐτῶν,
1481 1995 1699 2056 ἀπόνως
1725 1995 1825 2063 τὴν
1858 2014 2034 2070 παρα-

386 2086 558 2160 μονὴν
582 2083 635 2141 ἐν
666 2084 856 2158 ἐκείνῳ
884 2083 964 2157 τῷ
986 2086 1142 2157 τόπῳ
1187 2082 1535 2162 φυλάξουσιν.
1565 2078 1897 2146 ’Δποϐἀντες
1928 2083 2032 2158 γὰρ

382 2179 492 2230 τῶν
524 2171 705 2229 ἵππων
731 2174 821 2230 καὶ
865 2177 1002 2247 πεζῇ
1062 2172 1112 2228 ἐν
1170 2178 1250 2246 τῷ
1312 2174 1490 2248 βουνῷ
1550 2173 1912 2248 ἁνερχόμενοι
1945 2169 2036 2226 ἄν·

384 2262 506 2337 ὃρες
538 2261 633 2319 δύο
663 2268 745 2337 τῷ
794 2263 1015 2338 ἀριθμῴ
1044 2264 1078 2332 ἢ
1111 2263 1201 2318 καὶ
1258 2267 1427 2339 τρεῖς,
1486 2262 1574 2317 καὶ
1630 2260 2032 2333 πλησιάζοντες

379 2358 459 2426 τῷ
489 2353 779 2427 ἁπλήκτῳ,
812 2353 918 2408 ἀπὸ
954 2356 1064 2408 τῶν
1125 2352 1352 2426 ὑψηλῶν
1413 2351 1631 2408 ἐκείνων
1688 2352 1779 2407 καὶ
1812 2351 2037 2427 ὀχυρω-

380 2445 557 2497 τάτων
622 2443 855 2518 βουνῶν,
911 2445 1019 2496 τῶν
1072 2442 1149 2515 μὴ
1210 2438 1522 2515 δυναμένων
1581 2438 1773 2495 ἄνοδον
1836 2438 2034 2515 εὐχερῆ

388 2532 647 2608 παρέχειν
676 2538 795 2595 τοῖς
825 2532 1144 2606 πολεμίοις,
1190 2534 1318 2608 ὁρᾷν
1366 2533 1429 2587 τὸ
1486 2529 1791 2608 φωσσάτον,
1822 2529 1912 2585 καὶ
1941 2528 2038 2592 τὰς

393 2623 575 2700 φωνὰς
635 2626 733 2678 τοῖ’)
790 2619 928 2676 λαοῦ
978 2620 1345 2693 ἐνωτίζεσθαι,
1391 2620 1639 2683 καὶτοὺς
1691 2624 1802 2676 τῶν
1852 2617 2040 2673 ἵππων

385 2712 476 2767 καὶ
506 2710 754 2786 ἡμιόνων
799 2711 1229 2787 χρεμετισμοός.
1278 2710 1629 2766 ’Δποστέλειν
1660 2706 1719 2764 δὲ
1757 2709 1847 2764 καὶ
1885 2704 2040 2783 ἕτερα

384 2800 614 2878 τέσσαρα
641 2799 894 2877 τετράδια
942 2800 1190 2855 ἵστασθαι
1244 2798 1514 2877 ἐφίππους
1546 2798 1637 2853 καὶ
1670 2798 1863 2859 αὐτοὺς
1892 2794 2037 2851 ἔνθεν

384 2893 631 2957 κάκεῖθεν
687 2895 786 2946 τυῦ
837 2890 1162 2968 φωσσάτου,
1222 2890 1311 2944 ἀπ’
1371 2888 1637 2959 ἀλλήλων
1709 2885 2041 2962 διακεχωρι-

384 2982 573 3055 σμένα·
606 2979 860 3035 ὥστεκαὶ
908 2978 1104 3041 αὐτοὺς
1164 2977 1385 3034 ἀκούειν
1444 2976 1571 3040 τοὺς
1632 2974 2041 3052 χρεμετισμοὺς

384 3075 495 3127 τῶν
528 3068 709 3125 ἵππων
736 3070 823 3125 καὶ
859 3069 1132 3143 ἡμιόνων,
1162 3068 1253 3123 καὶ
1300 3070 1401 3136 τήν
1459 3072 1557 3123 τοῦ
1610 3064 1746 3122 λαοῦ
1774 3063 2039 3141 ὀχλαγω-

382 3160 501 3235 γίαν
533 3162 664 3232 (15).
699 3159 761 3215 Εἰ
794 3157 852 3214 δὲ
882 3157 936 3214 ἐν
977 3162 1057 3230 τῷ
1111 3161 1209 3212 τοῦ
1266 3154 1553 3228 ἆπλήκτου
1611 3156 1766 3229 τόπῳ
1793 3158 2042 3215 τοιοῦτος

385 3250 738 3325 ὀχυρώτατος
775 3248 970 3323 βουνός
1018 3247 1117 3302 οὐκ
1174 3243 1307 3319 ἔστι,
1368 3247 1456 3301 καὶ
1518 3245 1776 3307 ὡσαύτως
1806 3244 2037 3317 τέσσαρα
2068 3228 2110 3294 C

378 3333 632 3413 τετράδια
683 3334 1169 3405 ἀποστέλλεσθαι,
1227 3338 1324 3391 τοῦ
1409 3332 1556 3399 ἔνθεν
1631 3333 1875 3389 κάκεῖθεν
1943 3336 2041 3387 τοῦ

383 3428 671 3504 φωσσάτου
700 3425 929 3500 ἡσύχως
959 3425 1233 3494 ἵστασθαι,
1264 3424 1356 3479 καὶ
1396 3423 1650 3496 σύσσημα
1678 3425 1723 3460 ³⁸
1779 3420 2041 3496 παρέχειν

383 3513 661 3587 ἀλλήλοις
694 3514 1003 3588 σημαντικὰ
1037 3514 1473 3590 ὑποχωρήσεως,
1524 3511 1635 3587 εἴγε
1691 3509 1900 3582 δεήσοι,
1933 3508 2041 3566 εἴτε

386 3602 481 3661 διὰ
510 3609 796 3679 ωρισμοῦ,
829 3607 937 3660 ε’τε
968 3601 1058 3659 διὰ
1102 3601 1274 3678 λόγου
1329 3601 1421 3657 καὶ
1472 3599 1784 3663 ἐπιλαλιᾶς.
1815 3605 1827 3624 ¹
1855 3597 2039 3654 Υπαλ-

394 3693 677 3760 λάττεσθαι
711 3693 770 3750 δὲ
818 3693 1015 3756 αὐτοὺς
1063 3694 1192 3764 παρ’
1248 3693 1468 3768 ἑτέρων,
1526 3688 1634 3747 εἴτε
1690 3689 1939 3763 δεύτερον
1969 3692 2036 3763 τῇ

383 3785 561 3852 νυκτὶ,
596 3785 630 3855 ἢ
688 3784 779 3840 καὶ
836 3782 994 3856 ἅπαξ,
1057 3785 1193 3857 πρὸς
1247 3782 1310 3836 τὸ
1367 3780 1457 3836 καὶ
1514 3777 1711 3843 αὐτοὺς
1757 3779 1846 3833 καὶ
1908 3776 2040 3839 τοὺς

378 3876 587 3937 ἵππους
646 3873 821 3929 αὐτῶν
880 3870 1297 3928 διαναπαύεσθαι
1329 3914 1341 3927 .
1407 3870 1772 3945 ’Δπέρχεσθαι
1832 3865 1891 3923 δὶ
1946 3868 2036 3922 τὸν

376 3966 742 4039 τουρμάρχην
777 4009 793 4035 ,
854 3962 963 4018 εἴτε
1040 3961 1221 4038 ἑτέραν
1274 3962 1400 4016 τινὰ
1458 3958 1707 4037 κεφαλήν
1739 4001 1753 4027 ,
1805 3956 1881 4020 εἷς
1938 3958 2037 4026 τήν

382 4053 592 4110 τούτων
648 4051 978 4128 ἀπαλλαγὴν
1016 4094 1033 4122 ,
1085 4050 1176 4106 καὶ
1229 4045 1567 4119 ἐπιϐλέπειν,
1626 4050 1733 4103 ποῦ
1780 4047 1871 4102 καὶ
1920 4051 2038 4109 πῶς

373 4142 655 4213 ἵστανται,
686 4143 776 4199 καὶ
805 4142 934 4204 τοὺς
966 4142 1077 4197 ἀντ’
1109 4140 1325 4196 ἐκείνων
1369 4140 1535 4195 πάλιν
1591 4136 1778 4202 καλῶς
1808 4136 2035 4214 ἐφιστῶν

396 4232 749 4310 ὑποστρέφειν
794 4232 847 4288 ἐν
902 4232 948 4305 ᾦ
977 4232 1066 4287 καὶ
1124 4232 1313 4287 ἵστατο
1370 4230 1658 4306 πρότερον.
1690 4234 1952 4303 Ταραχῆς
1983 4225 2041 4281 δὲ

385 4321 786 4397 ἐξακουομένης
840 4322 1055 4392 κίνησιν
1136 4318 1415 4392 δηλούσης
1476 4323 1573 4374 τοῦ
1632 4315 1869 4392 κούρσου
1905 4363 1919 4381 ,
1971 4316 2039 4371 τὰ

377 4416 613 4489 τέσσαρα
655 4409 913 4486 τετράδια
974 4411 1166 4486 μικρὸν
1225 4407 1721 4479 ἀναποδιζέτωσαν,
1784 4412 1858 4483 μή
1898 4410 2033 4484 μέν-

382 4525 469 4560 τοι
504 4501 562 4558 δέ
596 4504 862 4579 μακρόθεν
895 4500 1248 4577 γινέσθωσαν·
1306 4504 1385 4573 τῷ
1444 4497 1500 4555 δὲ
1555 4501 1887 4576 τουρμάρχῃ
1925 4524 2037 4575 μη.-

2143 1914 2337 1962 castra
2368 1909 2995 1979 appropinquaverint,
3033 1926 3101 1964 ex
3132 1910 3441 1964 editisillis
3457 1916 3790 1979 naturaque

2142 1997 2389 2052 munitis
2417 1997 2691 2063 collibus,
2725 2015 2841 2069 quo
2874 2014 3158 2054 ascensus
3186 1998 3378 2054 facilis
3407 1998 3610 2054 nullus
3640 1999 3787 2053 hos-

2142 2086 2300 2141 tibus
2322 2092 2504 2158 patet,
2528 2104 2661 2142 cum
2684 2087 2882 2143 videre
2906 2092 3099 2143 castra
3118 2092 3419 2159 poterunt,
3434 2094 3561 2143 tum
3582 2088 3788 2144 audire

2142 2191 2313 2231 voces
2343 2175 2494 2230 199
2529 2175 2861 2243 hominum,
2922 2192 3329 2247 equorumque
3380 2183 3439 2232 et
3493 2175 3792 2232 mulorum

2144 2265 2435 2321 hinnitus.
2470 2266 2738 2320 Dimittat
2766 2265 2909 2320 item
2949 2265 3097 2321 alias
3154 2272 3409 2337 quatuor
3453 2266 3791 2338 quadrigas,

2145 2372 2280 2425 quaa
2310 2354 2373 2409 in
2404 2354 2571 2425 equis
2604 2353 2748 2425 ipsa
2780 2370 3015 2426 quoque
3044 2354 3117 2410 ab
3148 2361 3398 2427 utroque
3432 2356 3616 2411 latere
3660 2372 3795 2412 cas—

2146 2448 2397 2511 trorum,
2430 2442 2716 2513 quaelibet
2745 2459 3037 2511 seorsum,
3068 2450 3282 2516 agant:
3314 2449 3381 2499 ut
3410 2443 3618 2499 eodem
3664 2461 3795 2499 mo-

2147 2531 2219 2587 do
2253 2531 2521 2586 hinnitus
2555 2547 2844 2602 equorum
2890 2549 2958 2588 ac
3012 2533 3313 2588 mulorum
3369 2533 3795 2604 fremitumque

2145 2622 2548 2678 multitudinis
2573 2622 2854 2678 exaudire
2886 2629 3127 2695 queant.
3162 2624 3381 2690 Quodsi
3428 2625 3492 2678 in
3536 2624 3667 2680 loco
3700 2640 3796 2679 ca-

2145 2719 2372 2768 trorum
2399 2714 2694 2785 ejusmodi
2716 2720 2930 2770 natura
2951 2715 3217 2771 munitus
3249 2715 3514 2770 tumulus
3531 2732 3653 2770 non
3684 2720 3793 2782 est,

2145 2803 2540 2860 nihilominus
2571 2804 2754 2860 debes
2784 2810 3040 2876 quatuor
3069 2805 3385 2878 quadrigas
3400 2806 3794 2876 mittere,qum

2148 2893 2222 2949 ad
2256 2899 2576 2965 utrumque
2602 2893 2759 2949 latus
2782 2896 3075 2950 exercitus
3099 2895 3334 2951 hostilis
3357 2896 3594 2951 silentio
3614 2900 3791 2964 stent,

2149 2988 2206 3038 et
2237 2984 2405 3056 signa
2435 2983 2546 3039 sibi
2577 2984 2736 3038 inter
2774 3000 2836 3038 se
2885 2983 3030 3039 dent
3075 2990 3364 3041 conventa
3414 2990 3708 3056 receptus,
3744 2984 3793 3038 si

2148 3089 2295 3144 opus
2328 3078 2438 3139 est,
2469 3078 2571 3128 aut
2600 3072 2775 3128 sibilo
2807 3078 2909 3128 aut
2936 3072 3113 3129 verbo
3148 3080 3208 3129 et
3236 3078 3465 3129 vocatu.
3512 3073 3795 3128 Easdem-

2149 3179 2264 3233 que
2296 3168 2546 3234 Oportet,
2578 3162 2670 3217 vel
2700 3163 2792 3217 bis
2824 3169 3019 3229 nocte,
3051 3163 3143 3218 vel
3174 3163 3379 3232 semel,
3407 3163 3543 3217 aliis
3564 3179 3797 3232 permu-

2150 3258 2298 3314 tare,
2325 3256 2391 3305 ut
2420 3268 2555 3306 cum
2586 3249 2704 3305 illas
2736 3256 2858 3304 tum
2920 3251 3057 3322 equi
3116 3267 3318 3305 earum
3374 3250 3791 3320 requiescant:

2148 3342 2345 3412 ipsum
2370 3340 2512 3394 item
2545 3340 2969 3407 turmarcham,
3002 3344 3105 3395 aut
3134 3339 3395 3410 aliquem
3425 3338 3792 3410 praefectum,

2148 3429 2221 3485 ad
2254 3446 2457 3484 earum
2491 3428 2971 3483 immutationem
3000 3429 3223 3495 venire,
3256 3428 3571 3500 inspicere,
3604 3426 3706 3482 ubi
3739 3433 3797 3481 et

2146 3536 2263 3590 qua
2292 3518 2522 3574 ratione
2546 3518 2862 3574 stationem
2892 3524 3088 3591 agant,
3122 3524 3178 3574 et
3225 3524 3540 3590 postquam
3590 3533 3791 3573 succe-

2143 3608 2352 3664 dentes
2383 3608 2649 3679 apposite
2678 3607 2978 3672 locaverit,
3012 3608 3086 3663 ad
3118 3624 3253 3663 eum
3306 3608 3504 3663 locum
3556 3606 3795 3673 reverti,

2143 3697 2243 3753 ubi
2276 3697 2439 3768 prius
2472 3696 2751 3753 stetisset.
2804 3696 2861 3751 Si
2907 3698 3190 3769 strepitus
3220 3696 3535 3752 exauditur
3564 3700 3791 3750 motum

2144 3786 2541 3858 praedatorum
2574 3786 2939 3858 significans,
2973 3792 3228 3857 quatuor
3258 3785 3556 3858 quadrigae
3588 3783 3793 3855 paulu-

2144 3876 2269 3932 lum
2294 3876 2509 3948 pedem
2534 3875 3455 3948 referant,itatamen,utlongius
3468 3891 3588 3929 non
3603 3874 3793 3929 disce—

2144 3965 2320 4021 dant:
2354 3965 2429 4021 ad
2460 3966 2864 4021 turmarcham
2896 3982 3029 4020 vero
3060 3965 3490 4036 profectionem
3526 3963 3787 4017 hostium

2143 4056 2503 4111 nuntient.ls
2516 4055 2727 4110 ducem
2742 4055 3054 4109 certiorem
3067 4055 3388 4124 faciat,qua
3398 4054 3490 4107 via
3503 4052 3792 4123 impetum

2143 4144 2417 4209 fecerint,
2448 4149 2507 4199 et
2540 4160 2657 4214 qua
2684 4144 2868 4199 hora:
2900 4148 2967 4197 ut
3014 4143 3154 4209 dux,
3205 4149 3473 4213 tempore
3531 4146 3590 4194 et
3645 4141 3794 4193 hora

2143 4232 2529 4304 profectionis
2560 4248 2765 4287 eorum
2824 4233 3078 4304 cognita,
3140 4232 3543 4303 conjecturam
3599 4227 3793 4282 facere

2143 4324 2352 4395 possit,
2381 4321 2453 4377 ad
2486 4338 2633 4392 quos
2662 4321 2821 4377 vicos
2870 4337 3060 4392 usque
3110 4321 3186 4376 ad
3232 4336 3407 4375 mane
3454 4315 3795 4390 perventuri

2145 4414 2284 4469 sint.
2321 4411 2531 4467 Milites
2559 4428 2593 4466 a
2647 4411 2990 4466 turmarcha
3033 4410 3220 4478 missi,
3281 4423 3635 4479 quocunque
3698 4404 3795 4458 hic

2144 4504 2274 4559 loco
2305 4505 2636 4573 pernoctat,
2670 4499 2750 4555 ibi
2783 4499 2918 4555 duci
2950 4498 3251 4565 nuntient,
3276 4496 3637 4569 praadatores
3660 4510 3796 4565 pro-

384 4591 653 4649 νυέτωσαν
702 4594 803 4663 τήν
853 4595 961 4647 τῶν
1020 4588 1305 4663 πολεμίων
1365 4588 1709 4658 ἄποκίνησιν.
1772 4589 1948 4652 Αὐτὸς
1979 4588 2035 4646 δὲ

2145 4592 2332 4648 fectos
2362 4591 2516 4647 200
2543 4605 2692 4645 esse.
2722 4590 2905 4654 Quem
2938 4589 2987 4643 si
3018 4604 3138 4642 non
3187 4588 3381 4659 ipsum
3431 4602 3498 4640 eo
3551 4584 3613 4638 in
3660 4582 3789 4637 loco

395 4685 645 4756 μηνυέτω
702 4686 779 4754 τῷ
836 4684 1121 4757 στρατηγῷ
1154 4724 1168 4745 ,
1234 4677 1305 4734 δι’
1360 4680 1477 4741 οἵας
1535 4675 1663 4733 ὁδοῦ
1717 4680 1817 4749 τὴν
1851 4679 2028 4753 ὁρμὴν

386 4771 738 4844 ἐποιήσαντο,
769 4772 855 4826 καὶ
891 4772 945 4826 ἐν
978 4769 1066 4841 οἵᾳ
1122 4764 1256 4844 ὥρᾳ·
1310 4765 1402 4822 ἵνα
1430 4767 1522 4823 τὸν
1581 4768 1768 4836 καιρὸν
1818 4769 1908 4824 καὶ
1936 4770 2037 4839 τήν

388 4861 531 4936 ὥραν
560 4866 662 4929 τῆς
720 4859 1098 4930 ἀποκινήσεως
1151 4855 1326 4911 αὐτῶν
1383 4854 1771 4928 ἀναμανθάνων
1810 4857 1839 4911 ὁ
1870 4877 2035 4932 στρα-

2148 4681 2621 4753 deprehendunt,
2653 4695 2854 4735 verum
2887 4683 3259 4750 susceptores
3290 4676 3362 4731 ab
3395 4675 3499 4730 illo
3528 4673 3791 4740 relictos,

2147 4776 2381 4843 oportet
2403 4776 2470 4825 ut
2492 4769 2874 4825 advenientes
2904 4784 3106 4823 vocem
3130 4767 3396 4822 mittant:
3420 4768 3792 4835 susceptores

2145 4876 2209 4915 re
2240 4857 2557 4930 diligenter
2596 4857 2900 4929 explorata
2952 4871 3213 4927 voceque
3267 4856 3486 4928 agnita,
3550 4869 3613 4908 se
3672 4850 3791 4905 illis

1592 5007 1653 5064 C.
1688 5008 1751 5063 Β.
1792 5008 1984 5066 HASII
2022 5008 2581 5069 ANNOTATIONES.

458 5191 507 5227 ³⁵
539 5188 881 5264 αἴσθωνται]
933 5182 1145 5244 ἔσονται
1204 5185 1335 5245 cod.
1410 5184 1458 5223 ³⁸
1488 5182 1788 5260 σύσσημα]
1848 5185 2035 5261 σύστηι

2155 5186 2329 5246 codd.
2383 5188 2497 5246 Sed
2550 5189 2668 5247 vid.
2720 5190 2976 5265 Ducang.
3037 5190 3293 5248 Glossar.
3350 5190 3528 5249 verbo
3584 5188 3798 5262 Σύσση·

392 5303 514 5356 μον.

448 5417 560 5488 (14)
590 5413 842 5471 Φοῦλκον
873 5419 963 5488 est
992 5412 1253 5488 militum
1282 5410 1519 5488 globus,
1542 5410 1606 5488 in
1637 5410 1921 5488 subsidiis
1942 5412 2036 5469 lo-

376 5481 553 5545 catus
578 5489 653 5545 ad
698 5486 1014 5544 tutandum
1041 5484 1104 5539 τὸ
1136 5481 1625 5556 σκόρπὶισμαῌ31.
1667 5484 1774 5553 C.),
1807 5485 1923 5541 hoc
1945 5490 2035 5542 est

376 5577 479 5632 eos
505 5561 607 5632 qui
630 5557 949 5632 diripiendi
975 5553 1467 5632 aut_i_nse:quendi
1500 5570 1681 5632 causa
1710 5556 1921 5632 solutis
1945 5574 2032 5632 or-

382 5626 628 5689 dinibus
658 5626 1022 5688 discurrunt.
1082 5627 1176 5683 Sic
1230 5629 1353 5681 131.
1410 5626 1474 5680 Ι).
1531 5627 1652 5683 144.
1715 5630 1934 5683 Δ.149.
1967 5629 2028 5684 C.

378 5704 506 5761 152.
550 5706 613 5764 Β.
644 5704 707 5761 C.
737 5704 858 5760 153.
882 5702 953 5760 Δ.
984 5702 1051 5757 D.
1082 5699 1208 5756 154.
1239 5699 1314 5758 Δ.
1363 5697 1486 5754 161.
1518 5699 1587 5755 Δ.
1620 5699 1679 5755 C.
1711 5699 2032 5773 [Interdum

2142 5412 2419 5486 prasidio
2451 5419 2540 5489 est
2560 5414 2853 5489 jumentis
2882 5415 3266 5489 pascentibus
3327 5418 3449 5473 135.
3508 5416 3572 5470 Ι).
3633 5415 3794 5470 Idem

2140 5484 2393 5561 vocatur
2408 5484 2624 5561 φυλακή
2660 5490 2785 5561 148.
2818 5489 2879 5543 C.

2212 5558 2597 5632 (t5)_Videtur
2624 5559 2957 5632 signiﬁcare
3012 5562 3295 5632 fremitum
3350 5564 3674 5632 castrorum,
3726 5562 3791 5611 ut

2139 5645 2278 5684 voce
2308 5630 2368 5685 T.
2432 5630 2572 5686 Livii
2626 5629 2763 5688 utar
2812 5648 2945 5688 xxx.
3004 5633 3094 5688 30.
3148 5630 3362 5686 Confer
3419 5629 3540 5683 129.
3601 5629 3668 5682 D.
3729 5635 3787 5683 et

2143 5702 2265 5757 142.
2297 5701 2370 5756 Ai
