4078 6204
311 379 430 438 947

315 510 704 584 conjungere,
740 526 958 582 eosque
992 508 1266 564 celeriter
1297 507 1384 562 vel
1416 506 1489 563 ad
1517 507 1750 574 ducem,
1781 508 1872 563 vel
1895 509 1967 564 ad

316 601 466 656 alios
500 607 872 671 susceptores
905 597 1250 670 perducere,
1285 598 1334 651 si
1384 597 1579 653 denuo
1635 598 1791 652 inter
1841 598 1970 652 haec

323 689 520 744 locum
548 689 664 744 dux
697 688 1028 743 mutaverit.
1063 689 1306 758 Oportet
1336 686 1496 741 enim
1519 687 1690 740 illum
1725 687 1971 758 majoris

321 778 655 833 securitatis
677 794 956 848 causa,ne
978 777 1049 831 ab
1065 775 1418 832 adversariis
1445 776 1969 842 circumveniatur,

320 869 439 922 sive
462 867 645 922 semel
667 867 785 922 sive
814 867 904 922 bis
927 872 1108 922 noctu
1130 866 1246 921 alio
1277 866 1630 938 transgredi,
1665 866 1972 921 excubias-

321 973 435 1025 que
459 956 674 1012 habere
686 955 952 1027 duplices
971 957 1234 1010 etfirmas
1248 955 1520 1026 adipsum
1533 954 1980 1010 custodiendum

1643 376 2063 438 NICEPHORI
2110 376 2388 438 PHOCE

2075 507 2243 582 τηγὸς
2293 509 2378 577 [Ρ.
2415 506 2538 577 129]
2595 501 2822 574 δύνηται
2882 502 3276 578 στὸχάσασθαι,
3338 501 3389 558 ἐν
3446 501 3590 564 οἳοις
3623 521 3744 576 χω-

2080 595 2222 672 ρίοις
2249 591 2630 650 καταλάϐωσιν
2690 592 2821 669 ἄχρι
2882 593 3122 669 πρωῒας.
3163 593 3226 646 Οἱ
3294 590 3352 647 δὲ
3399 591 3739 647 ἀποστελλό⁹

2086 705 2240 758 μενοι
2333 683 2478 759 παρᾶ
2557 687 2650 739 τοῦ
2734 684 3097 759 τουρμάρχου
3188 681 3572 755 καταμηνύσαι
3657 687 3736 752 τῷ

2085 777 2397 849 στρατηγῷ,
2429 771 2480 827 ἐν
2521 773 2566 845 ᾧ
2594 771 2749 844 τόπῳ
2777 772 2804 826 6
2833 771 3142 846 στρατηγὸς
3199 770 3478 842 ηὐλίζετο,
3509 773 3607 839 τήν
3627 774 3734 825 ’τοῦ

2084 862 2318 938 κούρσου
2349 861 2692 932 ἀποκίνησιν.
2745 860 2910 918 Ἐπάν
2967 858 3013 914 δ’
3073 859 3180 936 οὐχ
3230 860 3531 936 εὐρήσωσιν
3565 859 3734 913 ἐκεῖσε

2089 950 2272 1019 αὐτὸν,
2312 947 2440 1005 ἀλλ’
2502 947 2904 1024 ὑποδοχαρίους
2932 949 2975 985 ³⁷
3004 946 3133 1010 τοὺς
3165 950 3290 1024 παρ’
3348 947 3512 1002 αὐτοῦ
3571 969 3738 1002 κατα-

331 1041 672 1121 λειφθέντας,
705 1040 825 1098 δὲον
854 1042 906 1098 ἐν
938 1041 1126 1116 ἐκείνῳ
1156 1047 1234 1114 τῷ
1264 1042 1419 1115 τόπῳ
1445 1043 1770 1118 γενομὲνους
1829 1044 2098 1119 φωνῆσαι·
2159 1038 2286 1101 τοὺς
2343 1035 2402 1093 δὲ
2459 1035 2863 1114 ὑποδοχαρίους
2915 1032 3155 1113 ἀκριϐῶς
3214 1034 3733 1110 διασκοπουμένους,

325 1131 484 1202 ἡνίκα
513 1139 614 1202 τῆς
643 1139 830 1210 φωνῆς
852 1130 1126 1203 αἶ’θωνται,
1158 1129 1447 1201 ἔνωθῆναι,
1478 1132 1569 1185 καί
1603 1129 1692 1185 διὰ
1722 1132 1930 1206 τάχους
1959 1134 2039 1202 τῷ
2071 1129 2364 1204 στρατηᾸῷ
2401 1129 2628 1192 τούτους
2685 1129 2971 1203 προσάξαι,
3032 1126 3141 1182 εἴτε
3171 1126 3246 1188 εἷς
3303 1126 3516 1201 ἐτέρους
3573 1125 3734 1181 πάλιν

324 1221 546 1298 ἀγαγεῖν
577 1219 1004 1296 ύποδοχαρίους,
1033 1224 1131 1275 τοῦ
1161 1224 1466 1296 στρατηγοῦ
1497 1218 1631 1282 ἴσως
1661 1219 1828 1274 πάλιν
1869 1221 2329 1294 μετακινήσαντος
2359 1218 2426 1276 ³³.
2467 1218 2590 1292 Χρή
2622 1217 2727 1294 γὰρ
2759 1216 2945 1290 αὐτὸν,
3003 1213 3112 1272 εἷ’τε
3168 1213 3327 1287 ἅπαξ,
3353 1215 3459 1271 εἴτε
3511 1216 3600 1271 καὶ
3634 1214 3736 1284 δὶς,

325 1309 378 1366 ὲν
417 1311 570 1366 νυκτὶ
615 1309 1044 1384 μεταπληκεύειν
1074 1307 1164 1364 διὰ
1184 1306 1404 1378 πολλὴν
1436 1309 1757 1386 ἀσφάλειαν,
1798 1310 1935 1384 πρὸς
1992 1309 2056 1364 τὸ
2085 1309 2162 1382 μή
2203 1307 2309 1362 ὐπὸ
2337 1310 2445 1362 τῶν
2501 1305 2787 1380 πολεμίων
2830 1303 3228 1381 ἐνεδρευθῆναι,
3283 1303 3432 1381 ἔχειν
3493 1302 3550 1360 δὲ
3583 1304 3736 1360 αὐτὸν

324 1399 416 1453 καὶ
448 1397 643 1474 βίγλας
674 1395 892 1470 διπλᾶς,
925 1397 1001 1460 εἷς
1031 1397 1281 1472 φυλακὴν
1313 1397 1482 1452 αὐτοῦ
1514 1395 1796 1474 ἀσφαλεῖς.

328 1521 457 1575 CAP.
489 1520 586 1573 IX.
615 1521 691 1574 De
719 1526 870 1575 motu
899 1519 1502 1646 manuts'prazdatoriw,
1541 1517 1604 1574 'et
1653 1519 1718 1574 de
1763 1521 1980 1574 insecu-

1086 1609 1229 1646 zone.

1086 1609 1229 1647 ιοηε.

405 1708 530 1763 Dux
557 1709 775 1764 certior
829 1708 1020 1765 factus
1077 1709 1441 1781 prmdatores
1499 1725 1767 1780 egressos
1829 1723 1978 1774 esse,

2197 1517 2363 1572 ΚΕΦ.
2397 1516 2471 1572 Θ’.
2512 1513 2644 1592 Περὶ
2673 1515 3066 1592 τῇς-κινήσεως
3112 1517 3210 1568 τυῦ
3247 1511 3510 1588 κούρσου,
3541 1513 3631 1568 καὶ

2687 1585 3106 1656 ἀκολουθήσεως
3127 1630 3140 1643 .

2162 1705 2276 1759 Τοῦ
2335 1705 2642 1778 στρατηγοῦ
2691 1702 2874 1756 τοίνυν
2931 1701 3032 1770 τὴν
3087 1699 3302 1770 κίνησιν
3354 1705 3452 1756 τοῦ
3504 1701 3739 1774 κούρσου

334 1798 610 1870 evestigio
626 1798 879 1854 alterum
893 1798 1239 1870 praefectum
1252 1815 1386 1854 cum
1401 1797 1702 1868 equitibus
1716 1796 1982 1864 delectis,

2092 1790 2582 1864 ἀναμανθάνοντος,
2610 1789 2917 1867 παραυτίκα
2962 1788 3052 1844 καὶ
3107 1786 3290 1863 ἕτερον
3347 1787 3590 1864 ἄρχοντα
3622 1790 3738 1862 μεθ’

335 1887 435 1958 qui
477 1888 798 1942 tumarchaa
837 1887 1197 1960 praadatores
1246 1886 1590 1958 insequenti
1642 1887 1853 1953 subsit,
1910 1886 1986 1942 ad

337 1992 474 2030 eum
506 1977 740 2031 mittat:
775 1976 875 2048 qui
905 1977 1182 2044 mittitur,
1214 1993 1416 2032 secum
1459 1976 1676 2032 habeat
1696 1993 1882 2031 unum
1913 1976 1985 2031 de

335 2064 478 2131 illis,
534 2066 702 2136 quia
741 2067 1050 2121 tumarcba
1112 2071 1401 2121 venerunt
1453 2065 1527 2120 ad
1585 2063 1986 2136 praadatorum

335 2154 763 2226 prefectionem
794 2155 929 2210 duci
963 2155 1444 2228 significandum,
1477 2172 1512 2210 a
1541 2172 1658 2226 quo
1712 2154 1984 2221 ducatur,

335 2249 403 2299 ut
430 2245 664 2300 facilius
718 2262 780 2301 se
830 2247 1190 2318 conjungere
1234 2245 1558 2301 tumarchaa
1606 2251 1805 2315 queat.
1855 2247 1986 2316 Ipse

336 2333 474 2401 dux,
509 2351 644 2389 cum
689 2335 812 2390 suis
870 2335 1055 2406 c0piis
1089 2351 1123 2390 a
1151 2339 1313 2408 tergo
1371 2334 1634 2406 praefecti
1690 2333 1986 2406 praemissi

338 2422 453 2478 iter
477 2425 801 2496 ingressus,
826 2424 900 2480 ad
933 2425 1305 2480 tumarcham
1335 2425 1644 2496 pervenire
1667 2427 1948 2496 properet
1971 2439 1984 2478 :

336 2519 403 2566 ut
424 2513 553 2583 ipse
579 2515 1156 2584 quoque,tumarcha
1172 2513 1586 2581 antecedente,
1626 2513 1988 2585 praedatores

337 2601 599 2655 hostium
631 2601 999 2672 insequatur.
1034 2602 1295 2674 Diligens
1345 2602 1506 2658 enim
1561 2603 1858 2673 erratique
1889 2619 1989 2657 ex-

337 2706 475 2762 pers
498 2689 557 2744 in
567 2691 789 2745 secutio
803 2707 838 2746 a
858 2696 1019 2764 tergo
1036 2691 1291 2747 hostium
1308 2691 1988 2760 debetﬁeri,secundum

335 2779 582 2851 vestigia
639 2785 817 2850 atque
879 2781 1021 2835 item
1080 2797 1307 2837 eorum.
1394 2781 1725 2837 Tumarcha
1783 2797 1988 2836 eorum

336 2885 542 2924 versus
574 2869 722 2925 τοι
782 2885 995 2942 agmen
1025 2869 1497 2926 adversariorum
1523 2870 1636 2925 tria
1665 2869 1849 2942 paria,
1884 2887 1990 2940 pe-

341 2957 473 3012 ritis
505 2963 681 3028 atque
713 2958 945 3013 idoneis
977 2959 1114 3014 viris
1147 2959 1418 3027 delectis,
1453 2965 1813 3031 promoveat,
1856 2975 1988 3030 qua)

335 3047 400 3102 in
431 3047 584 3102 viam
616 3047 881 3102 hostium
915 3065 976 3102 se
1007 3049 1419 3104 committant:
1454 3054 1514 3104 et
1555 3047 1764 3104 edocto
1797 3049 1990 3120 primo

2091 1880 2299 1934 ἱππέων
2351 1877 2644 1950 ἐκλεκτῶν,
2683 1878 3122 1952 ὑποτασσόμενον
3178 1883 3261 1951 τῷ
3311 1880 3638 1954 τουρμάρχτ,
3659 1883 3739 1950 τῷ

2090 1967 2484 2024 ἀκολουθοῦντι
2513 1973 2595 2040 τῷ
2649 1967 2885 2044 κούρσῳ,
2942 1966 3302 2024 ἀποστέλλειν
3360 1968 3500 2040 πρὸς
3553 1968 3740 2030 αὐτὸν,

2087 2054 2237 2133 ἔχων
2271 2059 2386 2132 μεθ’
2443 2057 2633 2114 ἑαυτοῦ
2688 2057 2716 2112 6
2775 2055 3253 2130 ἀποστελλόμενος
3309 2051 3403 2111 ἕνα
3431 2061 3538 2110 τῶν
3598 2056 3744 2130 παρὰ

2090 2151 2188 2201 τοῦ
2217 2147 2576 2222 τουρμάρχου
2635 2147 3013 2224 πεμφθέντων,
3073 2149 3456 2217 καταμηνῦσαι
3515 2145 3613 2212 τήν
3646 2149 3742 2198 τοῦ

2091 2234 2326 2309 κούρσου
2357 2233 2570 2305 κίνησιν
2597 2239 2676 2307 τῷ
2706 2239 3014 2310 στρατηγῶ,
3061 2238 3156 2289 τοῦ
3214 2234 3341 2310 παρ’
3400 2234 3567 2289 αὐτοῦ
3599 2231 3740 2302 ὁδη-

2092 2332 2325 2401 γηθῆναι
2370 2325 2446 2388 εἰς
2489 2325 2553 2380 τὸ
2612 2325 2856 2401 εὐχερῶς
2915 2325 3200 2395 ἐνωοῆναι.
3251 2324 3358 2380 Καὶ
3406 2324 3565 2386 αὐτὸς
3625 2322 3682 2378 δὲ
3715 2326 3742 2379 ὁ

2093 2415 2396 2492 στρατηγὸς
2453 2409 2672 2470 ὄπισθεν
2734 2418 2831 2470 τοῦ
2913 2410 3396 2487 ἀποστελλομένου
3475 2417 3746 2488 ἄρχοντος

2094 2503 2480 2575 ἀποκινησάτω
2515 2504 2649 2578 μετά
2671 2508 2768 2559 τοῦ
2809 2505 2897 2560 ὑπ’
2939 2503 3096 2560 αὐτὸν
3132 2502 3290 2575 λαοῦ,
3340 2505 3428 2559 καὶ
3462 2510 3744 2560 σπευσάτω

2095 2589 2420 2650 καταλαϐεῖν
2463 2595 2556 2650 τὸν
2613 2595 2998 2670 τουρμᾶρχην·
3049 2593 3198 2656 ὅπως
3256 2594 3473 2659 ὄπισθεν
3529 2595 3619 2650 καὶ
3648 2594 3744 2648 αύ-

2093 2685 2185 2744 τὸς
2213 2688 2310 2739 τοῦ
2351 2685 2713 2760 τουρμάρχου
2768 2688 2847 2756 τῷ
2895 2684 3115 2760 κούρσῳ
3159 2689 3266 2739 τῶν
3299 2682 3583 2757 πολεμίων
3612 2685 3744 2738 ἀκοο

2097 2771 2292 2845 λουθῇ.
2323 2773 2386 2828 Ἦ
2436 2771 2540 2848 γὰρ
2592 2767 2826 2846 ἀκριϐὴς
2881 2773 2971 2827 καὶ
3029 2770 3320 2834 ἄπταιστος
3377 2771 3750 2841 ἀκολούθησις

2096 2861 2156 2916 ἐκ
2175 2865 2284 2916 τῶν
2314 2860 2534 2916 ὄπισθεν
2564 2866 2671 2917 τῶν
2727 2859 3012 2935 πολεμίων
3048 2860 3256 2939 ὀφείλει
3286 2864 3548 2938 γίνεσθαι,
3608 2862 3746 2917 κατά

2095 2953 2162 3008 τά
2193 2952 2411 3008 ἐκείνων
2443 2948 2634 3028 ἔνιχνα
2655 2955 2766 3027 (15)
2783 2951 2872 3008 καὶ
2893 2954 2993 3022 τήν
3019 2950 3360 3029 ὁδοιπορίαν⁸
3387 2955 3450 3010 Ὀ
3474 2951 3531 3007 δὲ
3551 2973 3756 3026 τουρμο

2099 3041 2278 3116 ἀρχης
2319 3041 2455 3096 κατὰ
2507 3041 2571 3096 τὸ
2629 3045 2858 3116 κοῦρσον
2925 3045 3034 3096 τῶν
3093 3033 3379 3114 πολεμίων
3442 3042 3754 3116 ἀποκινήσῃ

334 3141 393 3192 et
417 3135 679 3192 secundo
726 3142 786 3192 et
841 3136 1014 3192 tertio
1075 3137 1224 3209 pari,
1281 3154 1396 3209 quo
1455 3143 1626 3210 pacto
1683 3137 1983 3193 ambulare

2097 3129 2222 3206 τρία
2268 3131 2480 3201 ζευκτά,
2540 3129 2833 3203 ἐμπείρους
2889 3129 2979 3184 καὶ
3028 3127 3365 3204 ἐριτηδείους
3397 3127 3592 3205 ἄνδρας
3627 3130 3754 3185 ἀνα-

331 3225 650 3298 hostesque
679 3225 914 3297 insequi
937 3226 1296 3294 debeant,ad
1318 3243 1493 3283 suum
1521 3243 1732 3299 agmen
1761 3226 1984 3284 redeat.

330 3315 598 3370 Primum
631 3315 830 3387 itaque
881 3332 1008 3387 par,
1069 3333 1250 3388 prope
1313 3317 1514 3371 hostes
1571 3316 1684 3371 iter
1737 3315 1982 3384 faciens,

325 3404 634 3460 fremitum
707 3405 1110 3461 multitudinis
1195 3406 1511 3476 auscultet,
1571 3410 1631 3461 et
1685 3406 1988 3461 hinnitum

327 3503 640 3565 equorum.
677 3495 1014 3551 Secundum
1045 3512 1173 3568 par,
1208 3495 1511 3567 excipiens
1563 3495 1847 3567 primum,
1908 3500 1989 3551 Ita

333 3583 595 3650 incedat,
651 3589 718 3639 ut
777 3601 912 3640 cum
962 3585 1309 3656 conspicere
1357 3585 1798 3658 antegrediens,
1861 3590 1985 3640 tum

331 3671 598 3742 conspici
630 3671 701 3726 ab
733 3673 837 3726 illo
882 3673 1107 3742 possit:
1167 3689 1362 3744 neque
1419 3675 1607 3746 magis
1663 3675 1989 3746 appropin-

339 3764 502 3827 quet,
535 3776 730 3830 neque
761 3776 1078 3816 remanens
1098 3761 1249 3816 visui
1275 3779 1337 3816 se
1357 3762 1682 3818 subtrahat.
1708 3766 1846 3819 Post
1876 3765 1989 3819 tria

343 3847 513 3918 paria
566 3852 688 3902 tres
746 3847 1063 3920 quadrigas
1123 3850 1466 3916 constituet,
1525 3851 1607 3906 ita
1636 3852 1989 3924 utaprima

344 3934 631 4008 quadriga
662 3935 905 3991 tertium
935 3953 1066 4009 par,
1099 3955 1134 3994 a
1174 3937 1435 3994 secunda
1481 3939 1769 4012 quadriga
1820 3940 1989 3995 simi—

340 4022 481 4079 liter
533 4024 728 4094 prima
785 4025 1049 4097 conspici
1105 4027 1332 4098 (possit,
1408 4028 1603 4083 Tertia
1677 4028 1984 4102 quadriga,

340 4113 666 4168 secundam
697 4113 1088 4186 subsequens,
1115 4132 1215 4171 sex
1232 4116 1449 4172 habere
1471 4117 1744 4173 homines
1767 4117 1942 4173 debet
1969 4136 1982 4186 ;

336 4207 402 4257 ut
431 4220 636 4260 eorum
665 4203 781 4260 duo
822 4222 952 4276 qum
1009 4207 1388 4262 renuntiatur
1444 4207 1517 4263 ab
1574 4209 1774 4280 aliquo
1832 4209 1982 4280 pari,

331 4291 557 4348 referre
590 4294 914 4349 tumarcbae
945 4297 1196 4367 possint,
1251 4297 1559 4353 tumarcha
1605 4298 1763 4354 duci.
1812 4300 1883 4353 Et
1935 4297 1984 4354 si

330 4382 690 4438 concitatius
711 4384 796 4438 ire
815 4384 1114 4456 incipiunt
1131 4385 1354 4450 hostes,
1387 4385 1564 4442 debet
1589 4387 1848 4458 primum
1879 4404 1987 4458 par

2100 3216 2546 3292 λαμϐανόμενος,
2577 3218 2966 3295 παραγίνεσθαι
2991 3219 3040 3255 39
3066 3223 3134 3293 τῇ
3167 3215 3279 3291 ὁδῷ
3305 3223 3412 3273 τῶν
3444 3217 3751 3292 πολεμίων

2095 3307 2184 3363 καὶ
2251 3308 2504 3371 τυπώσας
2571 3308 2634 3364 τὸ
2689 3313 2908 3384 πρῶτον
2967 3307 3057 3364 καὶ
3117 3306 3364 3384 δεύτερον
3421 3308 3512 3362 καὶ
3566 3308 3750 3382 τρίτον

2097 3399 2311 3468 ζευκτὸν
2370 3403 2487 3460 πῶς
2559 3397 2838 3476 ὀφείλουσι
2895 3403 3210 3474 περιπατεῖν
3263 3398 3354 3453 καὶ
3409 3403 3527 3462 τοῖς
3572 3396 3747 3454 πολε-

2096 3487 2250 3560 μίοις
2304 3485 2756 3559 κατακολουθεῖν,
2817 3489 3234 3567 ὑποπρεφέσθω
3291 3488 3426 3560 πρὸς
3483 3488 3574 3542 τὸν
3609 3486 3741 3543 λαὸν

2094 3578 2280 3636 αὐτοῦ.
2313 3579 2389 3637 Τὸ
2423 3577 2481 3634 δὲ
2504 3584 2724 3655 πρῶτον
2757 3579 2972 3648 ζευκτὸν
3015 3577 3248 3651 πλησίον
3308 3582 3414 3632 τῶν
3456 3577 3740 3652 πολεμίων

2091 3669 2480 3743 περιπατείτω,
2513 3669 2709 3724 ἀκοῦον
2737 3668 2826 3724 καὶ
2854 3671 2954 3738 τήν
3013 3673 3114 3724 τοῦ
3172 3669 3307 3726 λαοῦ
3367 3669 3746 3746 ὀχλαγωγίαν,

2091 3757 2342 3820 καὶτοὺς
2387 3757 2798 3833 χρεμετισμοὺς
2855 3761 2962 3813 τῶν
2992 3759 3296 3814 ἳππωνντὸ
3355 3757 3412 3814 δὲ
3471 3757 3743 3834 δεύτερον,

2091 3845 2154 3900 τὸ
2210 3850 2308 3901 τοῦ
2367 3847 2590 3922 πρώτου
2639 3845 2942 3912 ἀκόλουθον
2977 3890 2992 3916 ,
3051 3844 3436 3922 ὸδοιπορείτω,
3495 3851 3584 3922 [Ρ.
3621 3852 3744 3923 130]

2093 3933 2219 3990 ὅσον
2248 3937 2501 3992 δύνανται
2537 3937 2664 4011 ὁρᾷν
2695 3937 2758 3992 τὸ
2816 3931 3122 4013 ἔμπροσθεν
3152 3937 3337 4010 αὐτοῦ,
3379 3938 3469 3993 καὶ
3515 3939 3746 4011 ὁρᾶσθαι

2100 4024 2115 4046 ο
2172 4025 2184 4046 9
2279 4024 2292 4044 9
2372 4030 2421 4059 ν.
2555 4024 2572 4046 κ

2095 4045 2168 4080 υπ
2235 4047 2400 4081 αυτου
2482 4047 2573 4080 και
2635 4028 2775 4099 μήτε
2833 4025 3072 4097 πλησίον
3131 4027 3394 4102 γίνεσθαι,
3465 4029 3606 4101 μήτε
3637 4049 3744 4100 μα-

2090 4113 2376 4189 κρύοεσθαι
2415 4159 2429 4184 ,
2487 4113 2626 4169 ὥστε
2686 4115 2764 4188 μή
2824 4115 3070 4190 ὁρᾶσθαι.
3153 4115 3291 4189 Τρία
3374 4113 3432 4170 δὲ
3488 4114 3742 4192 τετράδια

2093 4202 2314 4258 ὅπισθεν
2342 4208 2451 4258 τῶν
2477 4207 2642 4278 τριῶν
2692 4207 2924 4273 ζευκτῶν
2982 4202 3435 4275 ἀποκαταστήσει,
3496 4206 3638 4281 ὁρῶν
3677 4207 3742 4261 τὸ

2093 4298 2307 4368 πρῶτεν
2338 4289 2618 4368 τετράδιον
2650 4293 2713 4348 τὸ
2765 4292 2950 4369 τρίτον
3007 4293 3248 4365 ζευκτὸν,
3277 4296 3340 4349 τὸ
3398 4291 3456 4350 δὲ
3494 4293 3744 4369 δεύτερον

2092 4379 2370 4458 τετράδιον
2395 4382 2656 4446 ὡσαύτως
2707 4383 2850 4458 ὁρῶν
2907 4379 2972 4438 τό
3028 4387 3266 4458 πρῶτον.
3316 4384 3386 4439 Τὸ
3443 4381 3502 4439 δὲ
3553 4385 3738 4459 τρίτον

327 4471 674 4529 renuntiare
691 4472 762 4528 de
786 4474 896 4529 hac
917 4491 980 4528 re
1002 4491 1015 4529 :
1040 4480 1176 4530 utet
1199 4475 1510 4532 tumarcha
1523 4481 1582 4531 et
1596 4475 1711 4531 dux
1735 4483 1983 4532 conten-

2092 4474 2395 4549 τετράγιον,
2453 4473 2516 4528 τὸ
2573 4469 2910 4527 ἀκουλουθον
2957 4476 3056 4527 τοῦ
3117 4471 3388 4550 δευτέρου,
3564 4472 3739 4550 ἐχέτω

2096 4560 2187 4576 υ..
2359 4561 2826 4576 .........
2927 4559 3377 4576 .....-
3540 4567 3566 4576 ..

325 4562 444 4616 tius
474 4562 588 4634 ipsi
619 4579 856 4635 quoque
903 4563 1235 4631 ambulent,
1289 4581 1483 4636 neque
1529 4565 1766 4638 longius
1817 4582 1878 4621 se
1909 4565 1982 4620 ab

327 4649 600 4707 hostibus
631 4658 993 4709 removeant.
1043 4654 1099 4708 Si
1155 4655 1358 4710 hostes
1416 4654 1610 4710 denuo
1669 4655 1978 4711 remissius

327 4737 679 4809 ingreditur,
711 4741 932 4798 lentius
958 4743 1320 4814 procedant:
1353 4755 1420 4800 ut
1448 4761 1642 4816 neque
1673 4744 1854 4799 nimis
1884 4761 1981 4816 ap-

327 4826 754 4899 prOpiquantes
811 4839 1228 4906 agnoscantur,
1267 4851 1378 4890 nec
1411 4834 1645 4908 longius
1683 4834 1981 4907 progressi

327 4932 522 4988 neque
546 4917 1038 4991 subsequentium
1065 4923 1457 4980 statuminter
1476 4940 1862 4994 noscere,nec
1884 4924 1981 4978 in-

325 5008 578 5062 ternosci
592 5008 664 5064 ab
677 5009 798 5066 illis
807 5011 1221 5084 possint;quod
1235 5013 1614 5070 calamitatem
1625 5015 1987 5087 singularem

327 5097 480 5154 202
503 5098 693 5154 aﬂ‘ert.
709 5101 1047 5156 Praasertim
1069 5107 1269 5158 autem
1286 5103 1752 5160 subsistentibus
1773 5105 1979 5161 adver-

2091 4560 2308 4638 ἄνδρας·
2359 4561 2454 4617 ’ίνα
2478 4563 2531 4617 οἱ
2580 4561 2632 4633 ἐξ
2689 4561 2866 4617 αὐτῶν
2924 4559 3020 4616 δύο
3057 4561 3124 4617 τά
3185 4563 3290 4618 ὑπὸ
3349 4567 3569 4633 ζευκτοῦ
3627 4585 3737 4637 μη-

2087 4651 2324 4725 νυόμενα
2353 4651 2733 4724 ἀποκομίζωσι
2764 4656 2842 4723 τῷ
2895 4653 3253 4729 τουρμάρχῃ,
3284 4653 3312 4708 6
3345 4649 3402 4708 δὲ
3454 4653 3730 4729 τουρμάρ-

2089 4763 2202 4818 χης
2228 4747 2306 4815 τῷ
2336 4745 2648 4818 στρατηγῷ.
2719 4741 2840 4798 Ἐἀν
2874 4740 2978 4818 γὰρ
3035 4740 3282 4815 ὀξύτερον
3355 4740 3650 4817 βαδίζωσιν
3681 4743 3733 4797 οἱ

2089 4829 2377 4904 πολέμιοι,
2407 4828 2619 4909 ἀφείλει
2670 4829 2890 4904 μηνύειν
2947 4831 3009 4885 τὸ
3067 4835 3283 4904 πρῶτον
3340 4832 3554 4900 ζευκτὸν
3609 4832 3732 4907 περὶ

2090 4919 2305 4976 τούτου’
2349 4918 2436 4974 ἴνα
2480 4919 2570 4974 καὶ
2601 4919 2630 4974 6
2659 4919 3017 4994 τουρμάρχης
3075 4918 3164 4974 καὶ
3195 4919 3223 4973 ὁ
3254 4921 3554 4996 στρατηγὸς
3614 4919 3737 4990 ὀξύ-

2091 5031 2245 5083 τερον
2276 5010 2365 5065 καὶ
2400 5009 2552 5064 αὐτοὶ
2605 5005 2890 5084 βαδίζωσι,
2919 5007 3009 5063 καὶ
3043 5009 3120 5081 μή
3171 5007 3257 5063 ἐπὶ
3319 5008 3469 5064 πολὺ
3529 5009 3736 5083 μακρύ-

2093 5121 2228 5156 νωσι
2263 5103 2371 5156 τῶν
2402 5095 2706 5172 πολεμίων.
2762 5097 2828 5156 Εἴ
2874 5095 2933 5152 δὲ
2963 5095 3322 5175 σχολαίτερον
3378 5097 3548 5155 πάλεν
3581 5097 3733 5174 βαδί-

1526 5269 1585 5323 C.
1628 5266 1690 5319 Β.
1732 5265 1922 5320 HASII
1959 5262 2517 5320 ANNNTATIONES.

387 5422 434 5460 ³⁷
463 5419 636 5477 ύποδο
685 5445 717 5480 α
759 5421 893 5487 ίους.
928 5421 1007 5478 De
1037 5423 1148 5479 hac
1194 5439 1334 5480 voce
1393 5423 1510 5479 vid.
1575 5425 1834 5496 Ducang.
1889 5423 1983 5480 Glc

393 5497 490 5552 dd.
565 5495 613 5531 ³⁹
640 5441 682 5550 δ’
711 5440 768 5552 ἕὶ
799 5528 867 5537 -
895 5493 1304 5552 παραγίνεσθαι.
1346 5495 1467 5552 Vel.
1507 5495 1581 5550 ob
1623 5495 1983 5552 imperativu:

2092 5441 2146 5479 .r.
2208 5423 2324 5480 col.
2385 5425 2543 5479 1644.
2618 5423 2664 5458 ⁸⁸
2725 5419 3206 5494 μετακινήσαντος]
3278 5421 3354 5494 μή
3410 5424 3727 5494 κινήσαντος

2092 5493 2494 5552 ιποστρεοέσθω
2538 5494 2673 5552 fort.
2709 5493 2737 5547 ὁ
2769 5489 2825 5547 δὶ
2853 5490 3242 5552 τουρμάργης.
3271 5493 3442 5552 ἡνίκα
3503 5496 3566 5552 τὸ
3594 5517 3647 5552 κ.
3677 5519 3727 5552 τ.

318 5497 490 5555 codd.
565 5495 613 5531 ³⁹

742 5495 768 5550 ὶ
799 5528 867 5572 -ς-
895 5493 1304 5572 παραγίνεσθαι.
1346 5495 1467 5572 γει,
1507 5495 1596 5572 ob”
1623 5489 1983 5572 imperativu:

2092 5493 2494 5572 »ποστρεφέσθω
2538 5494 2673 5552 fort.
2709 5489 2737 5547 ὅ
2769 5489 2825 5547 δὶ
2853 5489 3242 5568 τουρμάρχης,
3271 5489 3442 5564 ἧνίκα
3503 5489 3566 5552 τὸ
3594 5517 3647 5552 κ.
3677 5519 3730 5555 τ.

314 5589 376 5626 π.
411 5570 488 5638 ἀ.,
517 5567 641 5644 τρία
665 5568 878 5639 ζευκτὰ,
911 5560 1128 5640 ἐμίπίκ.
1153 5565 1198 5624 ἐ.
1231 5563 1309 5639 ἄ.,
1341 5560 1889 5639 ἀναλαμϐανόμενος,
1919 5560 2318 5642 παραγινέσθω.

393 5715 504 5790 (16)
534 5714 700 5772 Idem
730 5712 888 5788 quod
917 5707 1070 5788 ἵχην.
1102 5712 1224 5768 Vox
1253 5710 1446 5769 adhuc
1478 5729 1673 5785 neque
1705 5711 1768 5770 in
1800 5710 2098 5769 Glossaria
2125 5715 2384 5783 recepta,
2418 5725 2612 5786 neque
2643 5713 2706 5768 in
2744 5709 2973 5768 Lexica.
