4112 6208
427 390 546 449 949

1707 402 2135 465 VELITATIO
2177 406 2535 470 BELLICA.

3718 428 3839 487 950

432 527 613 621 ζουσιν
646 523 696 577 οἳ
726 522 1007 598 πολέμιοι.
1067 525 1157 582 καί
1191 529 1218 583 6
1249 532 1611 608 τουρμάρχης
1666 534 1755 589 καὶ
1789 535 1817 589 6
1845 556 2061 611 στρατη

2193 542 2387 609 sariis,
2406 542 2479 598 ad
2495 544 2779 615 pabulum
2794 549 2964 621 equis
2979 549 3388 621 dandum,dux
3409 556 3518 611 hac
3535 555 3608 612 de
3624 574 3685 613 re
3710 577 3836 615 cer-

428 612 526 686 γὸς
558 612 820 675 ὡσαύτως
852 614 1218 689 σχολαίτερον
1278 621 1764 694 περιπατείτωσαψ
1804 621 1892 679 ’ίνα
1943 630 2083 697 μήτε

427 700 666 771 πλησίον
725 704 1006 777 γινόμενοι
1066 703 1553 782 διαγινώσκωνται,
1610 714 1750 785 μήτε
1808 714 2081 789 μακρυνό-

431 811 582 863 μενοι
616 787 738 846 οὔτε
766 795 865 861 τήν
898 798 1010 848 τῶν
1053 794 1541 863 ἐπακολουθούντω
1577 797 1847 872 διοίκησιν
1905 802 2081 879 ἐπιγι-

426 878 729 950 τώσκωσιν,
771 880 893 936 οῦτε
952 886 1079 957 παρ’
1128 885 1346 941 ἐκείνων
1409 888 1891 963 ιέπιγινώσκωνται⁹
1946 878 2076 965 ὅπερ

428 967 488 1021 ού
516 970 615 1038 τὴν
645 974 915 1045 τυχοῦσαν
974 972 1163 1048 ἐπάγει
1208 970 1444 1049 βλάϐην.
1496 976 1718 1039 Ἀλλως
1764 999 1823 1033 τε
1880 975 1937 1033 δὲ
1986 979 2075 1034 καὶ

422 1061 529 1111 τῶν
570 1056 854 1131 πολεμίων
902 1058 1325 1132 ἀπληκευόντων
1377 1066 1514 1138 πρὸς
1560 1066 1623 1120 τὸ
1673 1064 1892 1142 ταγίσαι
1946 1066 2074 1130 τοὺς

418 1144 647 1214 ἵππους,
678 1148 766 1202 καὶ
826 1150 947 1223 περὶ
1007 1150 1204 1207 τούτου
1258 1153 1749 1227 καταμηνυόμενος
1785 1156 1812 1209 6
1841 1175 2077 1229 στρατη-

423 1236 539 1309 γὸς,
569 1236 658 1291 καὶ
690 1236 851 1299 αὐτὸς
877 1236 928 1292 ἐν
975 1238 1271 1315 ἐπιτηδείῳ
1316 1242 1473 1311 τόπῳ
1524 1242 1882 1314 ἀπληκευέτω
1937 1245 2075 1319 πρὸς

418 1324 480 1378 τὸ
510 1323 641 1387 τοὺς
702 1324 903 1390 ἵππους
955 1328 1188 1405 ταγίσαι,
1250 1326 1523 1407 ἐξώϐιγλα
1577 1330 1933 1387 ἀποστέλλων
1995 1331 2071 1395 εἷς

420 1412 667 1487 φυλακήν
701 1415 913 1475 ἑαυτοῦ.
946 1417 1049 1474 Καὶ
1090 1420 1255 1489 ἡνίκα
1311 1420 1477 1475 πάλιν
1538 1422 1636 1490 τήν
1696 1420 1909 1491 κίνησιν
1964 1425 2072 1476 τῶν

416 1500 702 1575 πολεμίων
734 1508 1165 1578 καταμηνυθείη,
1207 1508 1513 1583 παραυτίκα
1564 1510 1653 1563 καὶ
1702 1509 1863 1571 αὐτὸς
1918 1512 2072 1580 κινή-

415 1612 491 1645 σει
525 1591 936 1661 ἐπακολουθῶν,
969 1590 1114 1651 ἔνθεν
1168 1598 1413 1652 κάκείθεν
1472 1598 1664 1653 ἑαυτοῦ
1712 1596 2065 1654 ἀποστέλλων

413 1680 513 1735 ἀνὰ
562 1680 853 1755 τριάκοντα
911 1683 1112 1754 ἱππεῖς,
1179 1687 1254 1759 μὴ
1315 1685 1526 1763 πόῤῥω,
1594 1687 1739 1743 ἀλλά
1792 1688 2065 1764 σύνεγγυς,

412 1770 508 1830 τὰς
545 1776 640 1826 τοῦ
672 1773 809 1827 λαοῦ
840 1774 1007 1829 αὐτοῦ
1065 1775 1247 1850 φωνὰς
1290 1774 1733 1850 ἐνωτιζομένους.
1790 1778 1893 1834 Καὶ
1941 1778 2067 1833 ὄπι-

2195 631 2308 685 tior
2327 633 2711 706 conjungere,
2732 652 2951 708 eosque
2981 640 3255 697 celeriter
3273 643 3363 698 vel
3387 644 3461 699 ad
3481 645 3715 717 ducem,
3747 651 3838 705 vel

2191 720 2264 775 ad
2286 720 2435 777 alios
2458 731 2831 796 susceptores
2855 729 3198 799 perducere,
3235 732 3281 785 si
3297 732 3492 788 denuo
3526 735 3680 790 inter
3710 739 3835 795 haec

2188 808 2377 865 factus
2409 811 2632 882 itidem,
2670 815 2871 886 pabuli
2903 817 3079 873 dandi
3116 836 3313 887 causa,
3339 822 3468 877 loco
3500 831 3833 895 opportuno

2190 898 2492 968 subsistat,
2527 903 2921 975 excubiasque
2944 912 3217 964 externas
3246 909 3505 967 dimittat
3533 913 3605 967 ad
3638 932 3698 968 se
3730 933 3835 970 cu-

2188 988 2586 1045 stodiendum.
2614 992 2719 1046 Ubi
2752 996 3022 1066 cognovit
3051 996 3251 1052 hostes
3303 1000 3499 1055 denuo
3554 1005 3829 1072 movisse,

2186 1075 2310 1147 ipse
2345 1094 2582 1149 quoque
2623 1082 2899 1155 evestigio
2960 1085 3163 1139 exiens
3211 1087 3587 1159 insequatur,
3636 1091 3718 1146 ita
3768 1099 3835 1148 ut

2184 1170 2438 1236 utroque
2478 1184 2717 1225 versum
2748 1172 3009 1228 tricenos
3032 1174 3263 1245 equites
3296 1176 3592 1234 dimittat:
3632 1198 3830 1253 neque

2184 1252 2421 1326 longius
2444 1259 2778 1326 tamen,sed
2803 1265 2922 1316 tam
2948 1263 3309 1335 propinque,
3335 1272 3400 1320 ut
3417 1268 3668 1339 agminis
3700 1272 3829 1343 ejus

2182 1360 2353 1399 voces
2379 1347 2655 1402 exaudire
2688 1355 2928 1419 queant.
2958 1352 3004 1405 A
3033 1356 3193 1423 tergo
3227 1354 3569 1424 praefectum
3611 1358 3826 1415 habeat

2181 1451 2317 1489 cum
2350 1436 2649 1507 equitibus
2703 1439 3141 1511 insequentem,
3198 1460 3346 1513 quos
3405 1462 3541 1502 saca
3592 1456 3824 1504 vocant.

2180 1525 2384 1596 Magno
2414 1531 2612 1581 autem
2635 1527 2706 1582 ab
2730 1528 2999 1585 hostibus
3022 1531 3333 1588 intervallo
3358 1534 3472 1589 dux
3491 1535 3606 1592 iter
3628 1536 3825 1605 faciat,

2177 1614 2341 1669 omni
2375 1614 2688 1688 diligentia
2717 1618 3004 1686 adhibita,
3038 1638 3113 1675 ne
3170 1623 3665 1695 animadvertant,
3700 1644 3761 1681 se
3794 1644 3827 1681 a

2178 1708 2339 1775 tergo
2372 1704 2531 1775 ipsos
2564 1708 2730 1777 sequi
2760 1723 2772 1761 :
2807 1708 2947 1762 item
2980 1715 3148 1765 caute
3194 1712 3580 1784 ingrediatur,
3637 1720 3693 1768 ct
3724 1716 3823 1785 qui

2175 1793 2441 1863 proxime
2474 1794 2703 1849 hostem
2760 1797 3152 1868 insequantur
3209 1806 3480 1856 accurate
3530 1803 3825 1874 dispicere

414 1862 535 1915 σθεν
591 1861 755 1917 αὐτοῦ
840 1863 1313 1928 ἐπακολουθοῦντα
1370 1863 1611 1941 ἄρχοντα
1694 1865 1868 1941 ἐχέτω
1947 1868 2061 1939 μεθ’

2173 1861 2395 1952 iubeat,
2430 1899 2505 1937 ne
2534 1883 2685 1938 forte
2717 1861 3003 1955 quasdam
3036 1887 3285 1943 insidias
3318 1890 3518 1945 hostes
3563 1861 3820 1961 relique-

419 1949 651 2020 ῗππὲων,
682 1951 774 2013 οὕς
806 1950 872 2021 δὴ
905 1955 1040 2007 σάκα
1097 1953 1427 2027 ὀνομάζουσι
1469 1957 1605 2028 (17).
1656 1956 1904 2025 Μήκοθεν
1955 1960 2064 2030 (18)

416 2036 473 2093 δὲ
527 2037 887 2117 ὁδοιπορείτω
946 2043 973 2097 6
1033 2044 1354 2119 στρατηγὸς,
1441 2044 1531 2098 καὶ
1590 2048 1760 2099 πᾶσαν
1838 2044 2064 2100 ποιείτω

415 2127 708 2207 ἀσφάλειαν
735 2135 831 2186 τοῦ
877 2133 954 2205 μὴ
1016 2129 1415 2207 διαγνωσθῆναι
1466 2133 1540 2196 ὡς
1600 2128 1819 2199 ὅπισθεν
1880 2134 2067 2199 αὐτοῖς

412 2217 790 2275 ἐπακολουθεῖ·
847 2218 975 2275 ἀλλ’
1042 2220 1301 2298 ἀσφαλῶς
1391 2243 1486 2295 μεν
1569 2229 1908 2298 περιπατεῖν,
1974 2224 2065 2278 καὶ

407 2306 536 2371 τοὺς
562 2306 800 2380 πλησίον
843 2307 1130 2384 πολεμίων
1188 2309 1705 2374 ἐπακολουθοῦντας
1758 2310 2066 2388 παραγγελ-

410 2406 522 2463 λειν
552 2403 791 2483 ἀκριϐῶς
824 2409 1179 2478 ἀποσκοπεῖν,
1215 2412 1291 2483 μὴ
1335 2412 1545 2487 λόχους
1598 2412 1748 2473 τινὰς
1797 2412 1849 2465 οἱ
1895 2408 2064 2465 πολέ-

411 2520 530 2571 μιοι
590 2498 990 2573 καταλείψωσιν
1045 2500 1120 2561 εἷς
1176 2498 1393 2572 ἔνεδραν
1440 2506 1548 2556 τῶν
1605 2499 2063 2573 ίέπακολουθούν-

404 2608 512 2641 των
542 2587 727 2650 αὐτοῖς
767 2588 858 2643 καὶ
922 2588 1090 2645 αὐτοῦ
1147 2594 1242 2644 τοῦ
1302 2595 1629 2665 στρατηγοῦ.
1688 2591 1860 2665 Ὀπερ
1919 2589 2065 2664 παρὰ

406 2680 514 2731 τῶν
549 2680 835 2752 Ταρσιτῶν
866 2677 1142 2743 πολλάκις
1190 2681 1400 2757 γέγονε.
1462 2680 1563 2737 Καὶ
1625 2679 2061 2736 ἐπακολουθοῦν-

406 2788 499 2829 τος
528 2766 712 2831 αύτοῖς
763 2772 859 2824 τοῦ
911 2769 1292 2847 τουρμάρχου,
1352 2771 1442 2827 καὶ
1504 2772 1579 2845 μὴ
1641 2766 1879 2846 ἀκριϐῶς
1937 2769 2063 2833 τοὺς

409 2851 712 2933 ἔμπροσθεν
741 2864 1081 2923 σκοποῦντος
1113 2859 1313 2935 ῥύακας
1370 2861 1459 2916 καὶ
1508 2860 1636 2923 τοὺς
1687 2860 1890 2923 τόπους
1936 2859 2065 2925 τοὺς

410 2943 745 3019 δυναμένους
778 2945 909 3002 λαὸν
943 2946 1334 3023 ἀποκρύπτειν,
1386 2949 1713 3024 άπροόπτως
1763 2952 1832 3023 τῇ
1878 2947 2065 3024 ἐνέδρᾳ

407 3035 614 3091 τούτων
672 3037 1143 3112 περιπεπτώκασι·
1230 3038 1327 3093 Διᾶ
1376 3042 1542 3093 ταῦτα
1612 3036 1832 3108 πολλῆς
1892 3036 2061 3094 δεῖται

406 3124 694 3200 ἀγχινοίας
747 3126 837 3180 καὶ
896 3121 1176 3195 ἀκριϐείας
1235 3128 1263 3183 6
1342 3126 1751 3197 ἐπακολουθῶν,
1832 3127 1924 3182 ἳνα
1985 3130 2061 3202 μὴ

405 3218 654 3275 τοιοῦτόν
688 3240 738 3273 τι
772 3214 957 3293 συμϐῇ
1006 3222 1271 3297 γενέσθαι.
1332 3223 1446 3294 Πρὸ
1506 3219 1563 3276 δὶ
1616 3225 1713 3277 τοῦ
1774 3218 2058 3296 διαυγάσαι

408 3306 491 3362 δεῖ
516 3309 610 3363 τὸν
644 3308 966 3384 στρατηγὸν,
1001 3308 1113 3365 ἐπεὶ
1164 3308 1357 3385 διέγνω
1387 3311 1433 3347 ⁴⁰
1460 3311 1523 3364 τὸ
1552 3309 1604 3364 ἐν
1636 3310 1818 3371 ποίοις
1867 3310 2061 3375 τόποις

408 3401 493 3469 [Ρ.
538 3398 661 3472 131]
694 3395 783 3452 καὶ
820 3397 1055 3473 χωρίοις
1113 3397 1357 3470 ἐξελάσαι
1422 3398 1718 3472 μέλλουσιν
1780 3400 1831 3453 οἱ
1888 3397 2056 3455 πολὲ-

409 3508 547 3559 μιοι,
582 3485 686 3541 εἴτε
713 3483 860 3557 δεξιὰ
920 3485 1026 3543 εἴτε
1084 3487 1338 3562 εὐώνυμα
1393 3488 1571 3543 αὐτῶν
1642 3485 1940 3557 ἐπικλῖναι,
2003 3488 2056 3545 ἐν

407 3576 459 3629 οἷ
515 3575 863 3653 ὀχυρώτερος
916 3575 1061 3650 αὐτῷ
1111 3578 1281 3640 τόπος
1333 3583 1651 3653 καθορᾶται.
1707 3581 1809 3635 Καὶ
1874 3578 2053 3649 ὀξύτε-

406 3685 498 3738 ρον
564 3664 787 3741 βαδίσας
848 3669 937 3723 καὶ
994 3665 1054 3723 ἐκ
1111 3666 1343 3743 πλαγίου
1406 3666 1583 3721 αὐτῶν
1634 3667 1927 3743 γενόμενος
1978 3669 2053 3731 ὡς

405 3753 509 3808 ἀπὸ
544 3754 743 3827 μιλίων
778 3753 895 3829 δύο,
929 3758 1035 3832 πρὸ
1066 3760 1163 3811 τοῦ
1218 3758 1318 3825 τήν
1363 3756 1595 3831 ἡμέραν,
1647 3757 1721 3819 ὡς
1779 3756 2055 3832 λέλεκται,

406 3839 711 3919 διαυγάσαι,
742 3846 836 3900 ἳνα
867 3846 945 3919 μὴ
975 3846 1065 3900 τὸν
1125 3845 1405 3921 κονιορτὸν
1461 3846 1780 3918 θεασάμενοι
1840 3847 1891 3901 οἱ
1952 3868 2054 3902 πο-

407 3928 595 4005 λέμιοι
650 3934 751 4003 τὴν
800 3933 1098 4008 παρουσίαν
1152 3938 1247 3989 τοῦ
1328 3938 1631 4011 στρατηγοῦ
1690 3933 2052 4009 ἑπιγνώσωσι,

402 4021 495 4074 τὸν
550 4020 753 4098 ὀχυρὸν
810 4022 978 4078 τόπον
1039 4024 1066 4078 6
1124 4023 1424 4099 στρατηγὸς
1469 4018 1905 4097 καταλαμϐάνων
1960 4024 2052 4078 τὸν

402 4106 547 4163 ἳδιον
629 4111 997 4187 ἀποκρυψάτω
1064 4110 1214 4169 λαόν.
1302 4112 1567 4174 Κάκεῖνος
1655 4113 1771 4185 μετ’
1848 4110 2053 4188 ὀλίγων

403 4197 613 4256 ἱππέων
668 4200 1062 4278 πλησιὲστερον
1140 4204 1372 4279 γενὲσθω
1426 4207 1539 4258 τῶν
1604 4200 1910 4276 πολεμίων
1965 4202 2055 4257 καὶ

404 4290 480 4352 εἷς
542 4291 764 4366 ὑψηλὴν
821 4292 1107 4368 περιωπήν
1165 4292 1551 4368 ἀνερχόμενος,
1624 4296 1873 4368 καθαρῶς
1930 4292 2057 4366 ὁρᾷν

402 4379 530 4444 τοὺς
563 4379 869 4455 πολεμίους
898 4382 1203 4439 σπευσάτω.
1238 4382 1338 4439 Καὶ
1394 4382 1601 4439 τούτων
1654 4381 1731 4445 εἷς
1788 4379 2055 4452 ἐξὲλευσιν

2171 1970 2314 2037 rint,
2348 1970 2423 2027 ad
2453 1972 2838 2043 insequentes
2868 1976 3183 2047 ipsumque
3239 1978 3452 2033 ducem
3497 1980 3821 2035 circumve-

2171 2060 2479 2116 niendum.
2514 2062 2681 2127 Quod
2712 2062 2773 2117 in
2824 2064 3209 2121 Tarsensibus
3268 2084 3422 2138 smpe
3477 2084 3588 2123 usu
3635 2070 3813 2125 venit.

2171 2149 2403 2203 Etenim
2442 2151 2784 2206 turmarcha
2839 2151 2973 2207 illos
3031 2154 3353 2225 insequens
3412 2172 3545 2210 cum
3603 2174 3813 2228 parum

2171 2236 2489 2309 diligenter
2534 2239 2688 2295 rivos
2745 2246 2882 2296 ante
2940 2259 3002 2297 se
3058 2243 3305 2315 locaque
3363 2261 3493 2316 qua;
3551 2252 3811 2303 armatos

2170 2326 2363 2382 celare
2380 2334 2633 2399 possent
2649 2328 3033 2401 explorasset,
3061 2331 3132 2386 de
3149 2333 3466 2404 improviso
3488 2335 3549 2389 in
3576 2336 3815 2392 illorum

2169 2416 2416 2471 insidias
2448 2417 2791 2473 inc1derunt
2837 2421 3046 2474 nostri.
3117 2422 3513 2486 Quamobrem
3575 2426 3819 2481 solertia

2169 2509 2345 2576 atque
2378 2505 2684 2578 diligentia
2713 2525 2927 2580 magna
2960 2509 3011 2562 ei
3043 2511 3142 2580 qui
3166 2510 3503 2582 insequitur
3524 2530 3672 2584 opus
3705 2521 3817 2584 est,

2169 2611 2243 2649 ne
2277 2595 2571 2667 ejusmodi
2630 2595 2773 2666 quid
2826 2597 3077 2652 accidat.
3138 2600 3474 2670 Antequam
3534 2601 3818 2657 diluxerit

2169 2682 2381 2737 ducem
2412 2688 2664 2755 oportet,
2698 2684 2797 2739 ubi
2836 2687 2965 2756 jam
3013 2687 3286 2757 cognovit
3334 2705 3483 2758 quos
3533 2689 3595 2743 in
3648 2706 3819 2762 agros

2168 2772 2398 2828 vicosve
2422 2774 2724 2828 excursuri
2746 2774 2946 2829 hostes
2968 2775 3107 2844 sint,
3139 2776 3212 2831 ad
3243 2776 3511 2833 dextram
3542 2777 3819 2834 laavamve

2171 2880 2375 2919 eorum
2408 2880 2470 2918 se
2501 2862 2836 2930 deﬂectere,
2868 2880 2985 2934 qua
3015 2864 3211 2921 locum
3244 2868 3431 2939 magis
3462 2872 3676 2923 natura
3696 2884 3823 2924 mu-

2172 2954 2362 3008 nitum
2394 2953 2788 3024 conspicatur.
2819 2954 2889 3007 Et
2917 2954 3165 3011 citatum
3192 2972 3406 3028 agmen
3439 2958 3592 3013 203
3627 2958 3698 3012 ad
3732 2958 3818 3013 la-

2172 3047 2265 3097 tus
2292 3058 2495 3096 eorum
2527 3040 2912 3111 detorquens,
2947 3048 3268 3114 antequam
3325 3044 3670 3109 dilucescat,
3704 3046 3818 3101 sic-

2170 3131 2256 3185 uti
2288 3130 2566 3199 diximus,
2590 3146 2665 3184 ne
2686 3130 3096 3186 animadverso
3124 3132 3364 3203 pulvere
3390 3134 3592 3189 hostes
3606 3135 3818 3190 ducem

2172 3218 2379 3273 adesse
2412 3218 2769 3289 intelligant,
2828 3218 2959 3273 loco
3017 3220 3248 3274 munito
3306 3227 3591 3291 occupato
3651 3239 3818 3277 suam

2171 3306 2252 3361 ibi
2279 3323 2525 3361 manum
2556 3306 2752 3362 abdat.
2784 3306 2925 3381 lnde
2956 3324 3091 3363 cum
3121 3309 3325 3379 paucis
3346 3310 3648 3380 equitibus
3678 3328 3818 3382 pro-

2166 3397 2299 3467 pius
2331 3395 2697 3451 adversarios
2754 3396 3018 3464 accedat,
3078 3404 3137 3453 et
3194 3415 3521 3454 conscensa
3577 3401 3818 3471 specula

2168 3485 2326 3541 edita
2355 3485 2455 3540 det
2485 3502 2749 3557 operam,
2782 3491 2849 3541 ut
2879 3485 3171 3558 dispicere
3203 3488 3360 3543 clare
3389 3490 3590 3544 hostes
3613 3495 3812 3561 queat.

2166 3578 2388 3643 Quibus
2402 3577 2475 3633 ad
2491 3577 2901 3653 excursionem
2918 3579 3170 3651 egressis
3194 3579 3621 3651 prmdandique
3636 3598 3816 3637 causa

2166 3665 2488 3738 dissipatis,
2521 3665 2639 3720 dux
2670 3680 2775 3720 suo
2837 3682 2899 3721 se
2955 3666 3083 3721 loco
3143 3668 3446 3723 contineat
3496 3685 3684 3739 usque
3741 3670 3816 3725 ad
3883 3671 3904 3687 '

2166 3755 2402 3810 tertiam
2428 3754 2520 3811 vel
2553 3761 2824 3826 quartam
2859 3754 2974 3811 diei
3006 3756 3238 3822 horam,
3272 3757 3353 3812 ita
3377 3763 3443 3812 ut
3463 3758 3649 3814 aciem
3674 3776 3818 3814 con-

2167 3844 2387 3900 sideret
2442 3845 2680 3913 Amiraa,
2740 3861 3176 3917 numerumque
3235 3846 3541 3918 copiarum
3593 3854 3817 3903 attente

2166 3934 2441 3988 aestimet.
2469 3933 2579 3988 Sed
2602 3933 2702 3988 ubi
2730 3950 3075 3989 excursores
3102 3934 3337 4008 longius
3366 3952 3401 3991 a
3427 3936 3610 4009 signis
3647 3937 3817 3992 aemi-

2164 4042 2245 4079 τω
2278 4023 2717 4079 discesserunt:
2751 4024 2988 4094 quando
3015 4024 3143 4079 fieri
3175 4042 3295 4079 non
3342 4031 3558 4095 potest,
3607 4032 3673 4080 ut
3724 4026 3817 4080 vel

2165 4113 2380 4183 redire,
2414 4112 2505 4172 vel
2527 4112 2785 4183 denique
2808 4113 3082 4183 prmlium
3104 4129 3238 4168 cum
3261 4114 3385 4168 acie
3409 4116 3625 4169 Amirae
3652 4131 3817 4169 com—

2166 4203 2418 4256 missum
2436 4201 2906 4255 animadvertere
2933 4206 3173 4271 queant,
3198 4201 3466 4271 quolibet
3486 4208 3716 4269 ruente,
3749 4208 3817 4257 ut

2166 4291 2308 4345 vicis
2349 4290 2650 4361 occupatis
2703 4289 2965 4360 praedam
3025 4290 3530 4360 quamplurimam
3582 4290 3814 4361 capiat:

2169 4382 2290 4437 suis
2316 4379 2525 4459 turmis
2540 4379 2961 4435 convenienter
2972 4378 3282 4435 instructis
3299 4379 3360 4434 in
3373 4379 3561 4435 aciem
3576 4378 3815 4452 Amirae,

1611 4563 1671 4619 C.
1714 4562 1779 4618 B.
1819 4562 2007 4617 HASII
2044 4560 2602 4618 ANNOTATIONES.

477 4735 525 4770 ⁴⁰
553 4732 669 4790 ἐπεὶ
702 4729 924 4809 διέγνω.
955 4735 1111 4790 Fort.
1145 4731 1333 4802 ἐπειδή
1365 4730 1521 4807 ἔγνω.

474 4889 586 4958 (17)
620 4888 696 4943 De
728 4904 867 4943 voce
898 4885 1032 4939 σάκα
1071 4886 1202 4942 vide
1252 4886 1616 4958 Ducangium
1665 4885 1922 4942 Glossar.
1973 4884 2042 4940 II.

2173 4899 2290 4956 lue,
2324 4889 2390 4938 ut
2417 4881 2513 4940 hic
2545 4885 2603 4958 et
2632 4882 2754 4939 132.
2789 4882 2857 4958 Α.
2893 4884 3014 4939 136.
3050 4884 3116 4958 D_.
3148 4886 3270 4940 146.
3314 4891 3378 4941 Α.
3415 4886 3537 4942 147.
3572 4887 3640 4941 Α.
3676 4881 3801 4943 149.

403 4960 560 5013 1319.
598 4960 656 5012 Β.
691 4958 790 5013 ubi
822 4964 946 5013 tota
970 4959 1096 5013 hinc
1127 4958 1581 5029 comprehensio
1641 4963 1924 5028 tanquam
1975 4975 2046 5012 ex

400 5035 638 5085 auctore
671 5046 967 5101 anonymo
999 5030 1297 5101 descripta
1326 5035 1434 5085 est.
1469 5031 1550 5083 Ex
1568 5030 1712 5084 locis
1744 5036 1942 5084 autem
1965 5029 2044 5101 ibi

403 5101 598 5156 allatis
629 5099 966 5171 nostrisque
1004 5103 1122 5155 146.
1156 5099 1216 5155 Β.
1256 5104 1374 5154 147.
1410 5102 1470 5155 Β.
1507 5104 1628 5155 166.
1663 5101 1722 5157 C.
1758 5103 1823 5156 D.
1871 5099 2051 5154 intel-

402 5173 569 5244 liges,
599 5173 683 5227 sic
714 5172 1013 5244 nominari
1055 5178 1311 5244 turmam
1330 5172 1619 5243 equitum,
1644 5172 1937 5228 exercitus
1963 5172 2053 5225 in-

404 5243 671 5317 cedentis
700 5243 1358 5317 agmengclaudentem,
1419 5244 1501 5317 ita
1538 5250 1794 5317 autem,_
1817 5250 1883 5317 ut
1923 5249 2051 5317 rato

401 5316 716 5371 intervallo
745 5315 782 5371 a
812 5316 1133 5371 novissimo
1164 5315 1399 5387 agmine
1422 5316 1595 5371 absit.
1634 5315 1800 5387 Apud
1851 5315 2053 5387 Conti-

403 5391 574 5441 nuat.
612 5388 953 5458 Theophan.
994 5389 1117 5441 298.
1152 5386 1460 5443 A’videtur
1498 5404 1626 5443 esse
1659 5386 1851 5456 dgmen
1872 5386 2052 5441 subsi—

404 5459 665 5513 diarium.
707 5458 1082 5532 Contrarium
1111 5461 1208 5511 τοῦ
1248 5458 1382 5512 enim
1431 5464 1520 5514 est
1571 5476 1779 5532 agmen
1828 5459 2049 5532 antesi-

444 5546 758 5600 nanorum,
826 5547 861 5585 a
915 5530 1223 5586 Saracenis
1306 5530 1693 5587 Tarsensibus
1774 5531 2048 5600 veredum,

444 5546 758 5595 nanorum,
826 5547 861 5585 a
915 5546 1223 5586 baracenis
1307 5546 1569 5587 'I'arsen51

405 5546 652 5676 géps6ov,
682 5606 975 5676 vocatum,
1009 5603 1129 5676 136.
1162 5603 1222 5676 C,
1256 5608 1315 5676 et
1345 5606 1464 5676 137ζ
1510 5604 1569 5676 Β.

478 5671 767 5745 (18)}bid.
802 5673 902 5729 lin.
967 5675 1051 5745 1ίο.
1109 5674 1362 5742 Μήκοθεν
1394 5674 1608 5745 ,Hujus
1638 5671 1823 5745 qvocis
1875 5671 2050 5745 paulo

406 5742 654 5801 rarioris
682 5743 1220 5818 antepenultimam
1250 5744 1433 5803 Codd.
1463 5742 1653 5801 nostri
1681 5747 1903 5801 acuunt
1920 5742 2051 5797 ubi-

2158 4955 2217 5010 Ᾱ.
2250 4960 2371 5011 152.
2404 4958 2471 5029 A.
2510 4957 2628 5012 161.
2664 4958 2732 5011 A.
2765 4955 2859 5029 cui
2892 4961 2951 5009 et
2979 4956 3251 5029 analogia
3285 4959 3591 5029 sull‘ragari
3633 4959 3803 5014 vide-

2162 5037 2257 5081 tur
2288 5028 2463 5093 (conf.
2497 5028 2747 5099 Wagner
2763 5027 3069 5099 Leh-refvon
3098 5027 3218 5082 dem
3246 5027 3611 5084 Ament—129.
3643 5032 3725 5097 Β.)
3750 5036 3809 5086 et

2204 5098 3233 5172 atrocinanturCodd.editionesque
3257 5100 3311 5156 S.
3328 5102 3637 5172 Epiphanii
3661 5103 3807 5159 Adv.

2199 5186 2293 5225 aer.
2328 5172 2370 5233 Ι,
2411 5172 2564 5224 1076.
2596 5172 2661 5225 D.
2690 5172 2844 5223 1106.
2881 5172 2947 5224 Α.
2983 5171 3038 5225 S.
3073 5172 3305 5226 Macarii
3366 5171 3580 5228 Homil.
3616 5190 3804 5228 xxvm.

2164 5243 2236 5297 De
2264 5241 2566 5296 calamitat.
2600 5244 2798 5296 anima:
2819 5242 2943 5295 385.
2975 5250 3042 5297 A.
3079 5243 3412 5313 Incertique
3466 5246 3539 5299 De
3572 5246 3808 5300 Persica

2163 5312 2420 5383 captivit.
2462 5315 2587 5369 329.
2623 5314 2683 5367 Β.
2718 5314 2932 5368 Contra
2964 5312 3357 5383 penultimam
3384 5316 3541 5370 acuit
3566 5316 3807 5370 Schnei-

2163 5385 2339 5439 derus
2369 5384 2454 5437 vir
2484 5402 2752 5439 summus
2784 5385 2845 5438 in
2878 5385 3067 5439 Lexic.
3101 5387 3170 5439 ΙΙ.
3201 5386 3291 5440 73.
3325 5388 3383 5439 C.
3422 5404 3491 5441 ex
3512 5386 3712 5441 fabula
3745 5386 3803 5439 in

2162 5456 2456 5528 Tyrwhitti
2492 5456 2641 5510 Diss.
2677 5456 2748 5509 de
2783 5455 2990 5511 Babrio
3024 5475 3077 5527 p.
3133 5461 3198 5510 12
3250 5457 3576 5527 eodemque
3631 5456 3805 5510 modo

2163 5527 2370 5583 soribit
2397 5527 2745 5581 Ammonius
2768 5528 2847 5581 De
2865 5528 2958 5583 SS.
2987 5528 3296 5583 monachis
3316 5529 3554 5583 Sinaitis
3585 5527 3707 5582 109.
3740 5530 3806 5580 C.

2160 5602 2337 5672 Certe
2359 5598 2703 5672 adverbium
2736 5593 3000 5672 μακρόβεν
3049 5599 3421 5671 paanacuitur
3466 5598 3558 5652 vel
3606 5598 3669 5652 in
3699 5613 3810 5651 no-

2162 5676 2283 5727 stro
2313 5669 2453 5728 Cod.
2490 5671 2611 5725 128.
2646 5671 2711 5725 D.
2748 5669 2870 5725 131'.
2903 5671 2964 5725 C.
