4112 6208
372 353 484 416 951
1692 348 2036 411 NICEPHO

2168 343 2448 407 ΡΗΟΟᾹΞ
2532 337 2536 342 ’
3669 335 3784 395 952

365 490 494 563 jam
526 488 982 560 infrequentem,
1011 485 1465 560 impressionem
1511 484 1754 541 faciens.
1787 483 1889 538 Dei
1913 499 2023 554 ope

2148 477 2437 552 ὁρμώντων
2495 473 2588 530 καὶ
2645 469 3182 549 διασκορπιζομένων
3231 470 3368 546 πρὸς
3424 465 3592 568 λείαν,
3655 487 3789 568 καρ-

378 554 626 634 victoria
654 579 932 650 potietur,
965 582 1023 631 et
1044 576 1464 632 internecivam
1493 574 1725 630 cladem
1753 572 2022 628 hostibus

2148 565 2413 640 εερησάτω
2444 564 2472 618 6
2507 562 2809 637 στρατηγὸς
2841 560 2893 614 έν
2919 560 3105 633 ἒκείνῳ
3159 563 3240 631 τῷ
3288 559 3444 630 τόπῳ
3489 556 3621 658 άχρι
3669 554 3791 658 τρίο

382 668 615 722 inferet.
653 667 761 722 Sed
793 667 839 720 si
882 683 1004 720 non
1062 666 1241 722 audet
1297 667 1484 721 aciem
1545 663 1802 738 aggredi,
1863 661 2022 734 quod

380 757 601 811 multas
633 762 690 810 et
718 755 1032 811 bellicosas
1053 757 1252 827 copias
1285 757 1528 828 suisque
1555 755 1848 811 ﬁrmiores
1871 753 1931 807 in
1955 769 2025 808 ea

377 845 569 898 videt:
602 861 632 897 e
665 849 995 900 transverso
1026 862 1094 901 ac
1124 846 1380 918 longius,
1409 845 1641 901 occulta
1701 849 1758 899 et
1809 859 2026 915 oppor-

377 939 520 989 tuna
549 934 659 1004 via,
693 935 1048 1007 agmineque
1080 944 1368 1007 quantum
1399 954 1547 1008 opus
1578 941 1668 991 est
1697 935 1873 990 citato
1922 933 2026 988 ab-

379 1029 493 1088 eat,
527 1023 599 1078 ad
632 1042 980 1082 excursores
1011 1027 1312 1098 dispersos
1343 1026 1788 1099 Opprimendos.
1812 1028 1891 1079 Ac
1920 1039 2027 1095 per

379 1117 568 1168 totum
609 1115 768 1172 diem
830 1117 1124 1190 exagitare
1185 1117 1319 1172 illos
1379 1118 1697 1189 dissipatos
1755 1116 2022 1181 studens,

379 1203 666 1274 praeclare
696 1222 843 1271 rem,
873 1207 1120 1262 numine
1150 1206 1616 1274 obsecundante,
1669 1209 1884 1278 egeret.
1918 1205 2025 1259 De-

385 1291 486 1347 bet
512 1300 799 1364 praaterea
827 1296 1171 1368 praefectum
1204 1296 1517 1368 probatum
1568 1313 1704 1351 cum
1756 1293 2027 1367 pauculis

385 1383 686 1452 equitibus
715 1400 749 1439 a
781 1391 941 1457 tergo
973 1385 1212 1453 habere,
1245 1387 1401 1442 204
1430 1385 1531 1456 qui
1571 1385 1787 1440 Amiraa
1841 1384 2028 1439 aciem

385 1470 581 1527 videat
601 1488 668 1528 ac
691 1475 1049 1545 speculetur,
1085 1480 1144 1530 et
1173 1475 1245 1531 de
1277 1476 1402 1544 illa,
1434 1474 1940 1546 quemadmodum
1968 1490 2030 1529 se

384 1567 635 1630 moveat,
660 1563 772 1618 sibi
796 1565 1190 1620 renunciet.Si
1209 1565 1448 1638 globum
1471 1581 1720 1620 numero
1751 1565 2030 1634 frequen-

386 1653 506 1704 tem
538 1650 654 1705 dux
681 1653 949 1720 offendit,
982 1654 1081 1724 qui
1106 1653 1377 1709 hostibus
1400 1654 1728 1726 praedatum
1747 1651 2032 1723 dispersis

392 1738 668 1810 prmsidio
696 1741 791 1812 sit,
825 1741 1098 1797 bifariam
1157 1743 1376 1798 dividat
1430 1758 1674 1797 manum
1728 1758 1918 1808 suam,
1977 1745 2036 1795 et

2136 652 2417 725 τηςῆκαὶ
2481 651 2744 727 τετάρτης
2804 651 2948 725 ὥρας
3003 656 3103 719 τῆς
3161 649 3393 722 ἡμέρας,
3451 647 3552 716 τήν
3611 647 3792 718 παρά-

2135 747 2280 816 ταξιν
2311 746 2414 798 τοῦ
2437 745 2658 816 Ἀμηρᾶ
2722 744 2965 816 θεωρῶν,
3024 739 3115 793 καὶ
3161 733 3403 812 ἀκριϐῶς
3448 736 3511 790 τὸ
3569 733 3789 803 πλῆθος

2134 837 2230 889 τοῦ
2261 835 2404 888 λαοῦ
2435 830 2863 906 στοχαζόμενος.
2897 828 3049 886 Ἐπεὶ
3082 827 3126 882 δ’
3160 829 3211 882 οἱ
3276 823 3570 900 μέλλοντες
3603 823 3793 895 ἐξελά-

2137 945 2223 978 σαι
2255 920 2445 998 πόῤῥω
2475 941 2580 975 που
2637 926 2736 990 τῆς
2792 917 3140 994 παρατάξεως
3197 921 3296 972 τοῦ
3353 918 3573 990 Ἀμηρᾶ
3630 912 3796 988 γεγό-

2136 1033 2308 1067 νασιν·
2345 1012 2418 1073 ὡς
2453 1011 2529 1084 μή
2564 1008 2786 1065 δυνατόν
2817 1007 2929 1064 ἐστι
2958 1007 3126 1063 πάλιν
3154 1006 3380 1067 τούτους
3409 1003 3793 1080 ὑποστρέφειν,

2143 1104 2178 1171 ἢ
2212 1100 2504 1176 ἐπιγνῶναι
2533 1105 2625 1154 τὸν
2669 1097 2804 1153 κατᾶ
2860 1103 2959 1162 τῆς
3008 1098 3354 1172 παρατάξεως
3410 1096 3509 1148 τοῦ
3565 1094 3797 1166 Ἀμηρᾶ

2141 1191 2434 1269 ἀναφθέντα
2494 1187 2769 1261 πόλεμον,
2827 1185 3048 1243 ἕκαστον
3109 1184 3411 1241 σπεύδοντα
3489 1182 3556 1237 τὰ
3609 1180 3800 1256 χωρία

2139 1275 2487 1347 καταλαϐεῖν,
2520 1277 2609 1333 γαί
2643 1277 2794 1333 λείαν
2835 1277 2919 1332 an
2979 1273 3243 1346 πλείστην
3296 1273 3641 1349 πορίσασθαι*
3692 1272 3799 1331 τὰς

2144 1367 2285 1431 ἰδίας
2334 1366 2648 1445 παραταγᾶς
2686 1367 2760 1429 ὡς
2817 1363 2901 1420 δεῖ
2958 1363 3300 1440 εὐτρεπίσας,
3344 1362 3482 1417 κατὰ
3535 1368 3636 1431 τῆς
3693 1362 3800 1414 τοῦ

2145 1468 2367 1542 ’Δμηρᾶ
2421 1466 2769 1540 παρατάξεως
2858 1460 3296 1540 όλιγανδρούσης
3351 1462 3452 1530 τὴν
3511 1456 3796 1514 έπέλευσιν

2144 1557 2452 1627 ποιησάτω,
2509 1556 2600 1611 καὶ
2657 1558 2791 1609 Θεοῦ
2850 1553 3096 1629 συνεργίᾳ
3149 1555 3247 1621 τῆς
3302 1552 3455 1621 νίκης
3513 1549 3800 1624 κρατήσει,

2145 1646 2234 1700 καὶ
2276 1644 2489 1701 τελείαν
2540 1642 2903 1720 πανολεθρίαν
2958 1648 3078 1704 τοῖς
3133 1640 3428 1714 πολεμίοις
3486 1638 3798 1715 ἐργάσεται.

2148 1735 2213 1794 Εἰ
2246 1732 2301 1790 δὲ
2331 1735 2467 1790 κατὰ
2522 1741 2621 1804 τῆς
2674 1732 3023 1810 παρατάξεως
3081 1729 3324 1787 ἐπελθεῖν
3386 1729 3452 1784 οὐ
3511 1727 3798 1804 θαρῥήσει,

394 1829 610 1898 partim
643 1831 983 1901 praemittat,
1025 1833 1125 1902 qui
1185 1849 1319 1888 cum
1378 1832 1488 1887 hoc
1543 1831 1717 1904 globo
1773 1847 2033 1904 pugnam

2148 1823 2368 1894 πολλὴν
2397 1824 2487 1878 καὶ
2539 1821 2828 1897 ἀξιόλογον
2889 1818 3116 1895 δύναμιν
3175 1820 3317 1895 ὁρῶν
3349 1817 3402 1874 έν
3444 1816 3604 1892 αὐτῇ,
3660 1816 3800 1887 ὑπὲρ

401 1917 626 1972 ineant.
655 1919 880 1984 Quibus
909 1921 1340 1992 praeliantibus,
1373 1921 1649 1991 evestigio
1667 1921 1783 1976 dux
1805 1936 2040 1992 quoque

399 2022 536 2060 cum
567 2023 673 2062 sua
702 2009 826 2064 acie
852 2011 1119 2081 proxime
1168 2010 1541 2082 subsequens
1598 2012 1815 2066 acriter
1865 2016 2041 2081 atque

398 2094 665 2150 animose
696 2112 831 2152 cum
863 2097 1122 2153 clamore
1155 2103 1213 2153 et
1242 2098 1472 2154 barritu
1520 2100 1740 2154 cursim
1794 2099 1856 2154 in
1906 2098 2041 2154 illos

392 2201 454 2239 se
483 2184 711 2256 lucitet,
749 2203 967 2258 eosque
987 2188 1088 2244 Dei
1113 2188 1335 2244 auxilio
1358 2188 1520 2244 fusos
1551 2194 1944 2260 persequetur
1973 2206 2040 2244 ac

389 2275 656 2331 funditus
689 2276 931 2332 delebit.
965 2278 1129 2344 Quod
1189 2279 1260 2348 si,
1294 2280 1541 2334 numine
1572 2279 2040 2345 obsecundante,

393 2363 510 2418 dux
543 2363 695 2420 bene
721 2382 849 2421 rem
879 2367 1081 2439 gessit,
1115 2367 1473 2439 compressis
1503 2366 1858 2422 adversariis
1887 2384 2042 2439 pras—

393 2451 597 2507 datum
631 2455 882 2526 egressis
917 2456 964 2510 si
998 2472 1278 2528 magnum
1311 2461 1488 2527 atque
1545 2456 1776 2529 insigne
1810 2456 2041 2512 facinus

397 2541 614 2611 eﬂ‘ecit,
643 2543 1007 2600 credendum
1039 2551 1130 2600 est
1158 2546 1359 2601 hostes
1379 2563 1514 2601 cum
1545 2545 1763 2617 probro
1796 2545 2042 2601 domum

397 2631 714 2687 redituros.
747 2633 862 2688 Sed
885 2635 934 2688 si
961 2635 1219 2706 amplius
1241 2636 1303 2689 in
1325 2635 1551 2690 ditione
1573 2641 1776 2690 nostra
1788 2652 2045 2691 commo-

394 2721 511 2776 rari
543 2726 899 2792 statuerunt,
933 2723 1048 2779 dux
1081 2731 1383 2796 assumpto
1415 2742 1521 2780 suo
1552 2726 1787 2798 agmine
1808 2725 2044 2798 longius

390 2808 462 2862 ab
495 2809 616 2864 illis
645 2811 931 2880 discedat,
954 2813 1066 2869 hoc
1090 2820 1180 2868 est
1199 2814 1261 2868 in
1283 2813 1415 2870 loca
1436 2815 1672 2883 idonea,
1696 2814 1797 2870 ubi
1822 2815 2044 2870 milites

388 2915 528 2954 suos
559 2899 912 2974 defatigatos
943 2918 1051 2974 per
1083 2903 1348 2959 triduum
1381 2904 1914 2975 reﬁciat,solosque
1943 2904 2042 2975 qui

388 2989 683 3061 speculari
716 2991 956 3064 debent,
991 2993 1164 3049 sicuti
1189 2993 1317 3066 jam
1349 2995 1753 3067 exposuimus,
1779 2993 2044 3067 quotidie

390 3078 639 3134 emittat.
673 3081 911 3136 Atenim
944 3081 1044 3137 ubi
1077 3083 1371 3156 cognovit,
1423 3100 1524 3139 eos
1573 3084 1740 3157 signa
1787 3083 2042 3139 movisse

389 3168 678 3224 redeundi
701 3187 900 3239 causa,
925 3173 1206 3243 evestigio
1228 3189 1335 3245 per
1355 3173 1702 3245 praefectum
1727 3173 2042 3246 probatum

393 3273 609 3331 magna
639 3260 944 3317 celeritate
975 3263 1226 3318 missum
1259 3263 1316 3318 in
1350 3263 1770 3336 asperitatibus
1818 3263 2046 3318 viarum

392 3347 701 3419 pedestres
730 3351 932 3422 copias
961 3357 1315 3425 congreget:
1344 3353 1590 3425 ipseque
1621 3353 1739 3408 dux
1769 3353 2040 3408 connita-

391 3443 510 3503 tur,
547 3443 612 3492 ut
636 3455 830 3512 neque
856 3446 1028 3495 nocte
1062 3457 1256 3512 neque
1289 3441 1549 3497 interdiu
1585 3446 1816 3514 partem
1853 3441 2042 3497 ullam

395 3531 592 3602 capiat
617 3533 861 3603 quietis,
896 3532 1000 3588 sed
1031 3533 1334 3589 celeritate
1366 3535 1624 3590 maxima
1650 3551 1752 3590 eos
1781 3551 2040 3606 prmcur-

265 3648 284 3664 ο
393 3626 506 3689 rat,
541 3625 599 3676 et
613 3621 907 3678 universis
927 3622 1303 3694 pedestribus
1335 3624 1831 3695 equestribusque
1853 3624 2042 3696 copiis

393 3708 546 3764 bene
578 3711 923 3781 praeparatis
954 3711 1400 3767 dimicationem
1445 3712 1726 3768 adversus
1755 3713 1893 3768 illos
1949 3714 2044 3769 in-

395 3802 604 3863 struat,
637 3799 1143 3868 quemadmodum
1177 3800 1326 3856 205
1363 3802 1636 3871 superius
1693 3802 2043 3874 singillatim

395 3886 966 3956 exposuimus.Quod
989 3889 1038 3943 si
1053 3888 1134 3943 ita
1153 3888 1575 3961 fecerit,gratia
1596 3891 2044 3959 Christi,aucto-

388 3974 564 4030 ritate
595 3992 730 4032 vero
761 3982 939 4049 atque
974 3976 1406 4034 intercessione
1435 3979 1806 4035 intemeratas
1835 3981 2042 4036 matris

390 4065 542 4135 ejus,
576 4065 781 4136 prmlio
813 4083 948 4123 cum
981 4066 1250 4123 hostibus
1298 4069 1618 4124 commisso
1650 4086 1778 4125 rem
1810 4069 2042 4126 obtine-

388 4153 492 4208 bit.
517 4156 708 4227 Atque
738 4155 866 4211 haec
899 4155 1142 4228 quidem
1176 4157 1260 4213 sic
1295 4175 1356 4213 se
1388 4157 1630 4214 habent.

2147 1915 2247 1982 τὴν
2281 1909 2441 1967 ἰδίαν·
2474 1911 2595 1967 τότε
2627 1911 2686 1966 ἐκ
2715 1910 2951 1987 πλαγίου
2979 1911 3069 1965 καὶ
3103 1906 3370 1984 μακρόθεν
3394 1904 3503 1980 ίδιὰ
3549 1911 3803 1981 κρυπτῆς

2147 2003 2237 2058 καὶ
2271 1999 2580 2074 ἐπιτηδείας
2609 1998 2739 2056 ὁδοῦ
2797 1999 3022 2074 ὁρμάτω
3064 1997 3155 2054 σὺν
3215 1997 3410 2068 έλασίᾳ
3460 1999 3528 2070 τῇ
3587 2015 3803 2070 προσηο

2147 2091 2336 2166 κούσῃ,
2394 2085 2718 2146 καταλαϐεῖν
2796 2090 2858 2144 τὸ
2934 2089 3248 2163 σκόρπισμα
3302 2091 3408 2140 τῶν
3486 2082 3803 2156 πολεμίων.

2151 2181 2248 2236 Καὶ
2281 2178 2351 2236 δι’
2382 2179 2521 2251 ὅλης
2551 2187 2651 2250 τῆς
2679 2180 2890 2254 ἡμέρας
2925 2176 3241 2254 ἐπιδραμεῖν
3303 2177 3491 2239 αὐτοῖς
3539 2172 3806 2248 άγωνίσε-

2147 2291 2257 2340 ται,
2288 2267 2757 2344 διεσκεδασμένοις
2787 2269 2927 2338 οὗσι,
2959 2267 3050 2323 καὶ
3109 2264 3394 2340 ἀξιόλογον
3442 2261 3622 2340 ἔργον,
3664 2264 3802 2316 Θεοῦ

2150 2361 2460 2436 συμμαχίᾳ,
2556 2357 2874 2416 ἐπιτελέσει.
2961 2357 3201 2435 Ὀφείλει
3260 2355 3351 2411 οῦν
3410 2353 3498 2408 γαὶ
3555 2351 3802 2429 ἄρχοντα

2146 2454 2256 2506 τῶν
2287 2449 2582 2526 χρησίμων
2620 2450 2754 2524 μετά
2786 2447 3092 2524 όλιγοστῶν
3125 2445 3333 2501 ἱππέων
3369 2439 3591 2498 ὄπισθεν
3622 2437 3800 2516 ἔχειν,

2153 2539 2423 2615 βλέποντα
2452 2539 2544 2594 καὶ
2573 2539 2991 2594 άποσκοποῦντα
3035 2537 3135 2607 τήν
3188 2539 3287 2590 τοῦ
3343 2535 3564 2608 Ἀμηρᾶ
3612 2529 3799 2605 παρά-

2147 2628 2315 2699 ταξιν,
2348 2629 2438 2684 καὶ
2467 2629 2536 2684 τά
2564 2626 2690 2704 περὶ
2730 2627 2918 2696 αὐτῆς,
2978 2626 3052 2688 ὡς
3115 2625 3174 2678 ἄν
3231 2620 3574 2698 ὁδοιπορείη,
3629 2639 3800 2674 κατα-

2154 2718 2378 2792 μηνύειν
2410 2718 2578 2791 αὐτῷ.
2619 2718 2684 2774 Et
2717 2715 2774 2773 δὲ
2828 2717 2918 2772 καὶ
2971 2714 3236 2794 φοῦλκον,
3295 2710 3352 2768 δέ
3411 2711 3486 2773 εἷς
3546 2707 3800 2788 φυλακην

2149 2814 2256 2863 τῶν
2287 2805 2832 2883 διασκορπιζομένων
2862 2805 2996 2879 πρὸς
3054 2803 3204 2860 λείαν
3269 2798 3555 2873 πολεμίων
3621 2799 3804 2873 ὑπάρ-

2151 2917 2276 2972 χον,
2309 2899 2626 2968 συναντήσει
2660 2898 2688 2952 6
2719 2896 3015 2969 στρατηγὸς
3052 2890 3269 2964 πλῆθος
3323 2889 3476 2967 ἔχον,
3528 2886 3664 2964 διχῆ
3708 2888 3803 2942 τὸν

2151 2995 2283 3051 λαὸν
2340 2993 2503 3050 αὐτοῦ
2561 2993 2742 3069 διέλῃ,
2800 2995 2887 3048 καὶ
2952 2990 3254 3066 ἔμπροσθεν
3344 2988 3439 3062 μὲν
3496 2984 3802 3059 ἀποστείλῃ

2149 3083 2278 3147 τοὺς
2313 3082 2636 3162 ὀφείλοντας
2669 3083 2804 3155 μετὰ
2825 3085 2923 3138 τοῦ
2953 3079 3198 3160 φούλκου
3251 3079 3477 3152 συνάψαι
3527 3074 3803 3148 πόλεμον.

2152 3173 2374 3232 Τούτων
2434 3171 2492 3228 δὲ
2548 3169 2942 3250 συρραγέντων,
3024 3169 3183 3235 εὐθὺς
3265 3169 3354 3224 καὶ
3415 3168 3443 3222 6
3503 3164 3808 3242 στρατηγὸς

2160 3265 2293 3340 μετᾶ
2333 3271 2432 3334 τῆς
2489 3264 2836 3339 παρατάξεως
2895 3262 3060 3318 αὐτοῦ
3117 3259 3355 3331 πλησίον
3412 3255 3802 3313 ἐπακολουθῶν

2156 3355 2323 3426 ὀξέως
2352 3354 2441 3409 καὶ
2489 3353 2778 3428 εὐτόλμως
2836 3354 2970 3427 μετᾶ
3024 3353 3264 3428 κραυγῆς
3317 3348 3408 3404 καὶ
3464 3342 3801 3421 ἀλαλαγμοῦ

2149 3443 2240 3499 σὺν
2276 3443 2469 3515 έλασίᾳ
2497 3445 2614 3498 κατ’
2644 3443 2822 3498 αὐτῶν
2855 3441 3178 3516 ὁρμησάτω,
3209 3439 3298 3494 καὶ
3354 3435 3601 3498 τούτους.
3662 3437 3798 3488 Θεοῦ

2153 3533 2399 3610 βοηθείᾳ,
2431 3533 2854 3609 τροπωσάμενος
2882 3529 3202 3601 καταδιώξει
3261 3531 3339 3602 [Ρ.
3396 3529 3519 3599 132]
3571 3523 3662 3580 καὶ
3713 3543 3797 3578 τε-

2149 3623 2313 3682 λείως
2342 3621 2784 3699 καταγωνίσεται.
2817 3620 2882 3678 Et
2914 3620 3008 3675 οῦν
3064 3623 3198 3675 Θεοῦ
3249 3615 3502 3692 συνεργίᾳ
3550 3610 3798 3685 εὐοδωθῇ

2151 3713 2178 3766 6
2209 3711 2535 3785 στρατηγὸς,
2561 3711 2651 3765 καὶ
2691 3710 2818 3772 τοὺς
2873 3708 2950 3772 εἷς
3004 3706 3155 3764 λείαν
3211 3703 3582 3779 ἐκδραμόντας
3640 3699 3804 3756 πολε-

2152 3800 2310 3873 μίους
2340 3800 2861 3876 κατατροπώσηται,
2894 3797 2941 3853 εἱ
2966 3798 3061 3870 μὲν
3093 3794 3341 3870 μεγάλην
3372 3792 3464 3848 καὶ
3513 3789 3799 3863 ἀξιόλογον

2149 3887 2403 3945 δουλείαν
2434 3888 2749 3964 ἐργάσηται,
2782 3887 2926 3950 εἷ’κός
2959 3885 3069 3942 ἐστι
3099 3884 3226 3948 τοὺς
3256 3881 3489 3960 ἐχθροὺς
3535 3880 3673 3957 πρὸς
3702 3881 3802 3948 τήν

2149 3976 2286 4034 ἰδίαν
2330 3979 2518 4055 χώραν
2581 3977 2911 4054 ὑποστρέψαι
2963 3977 3078 4050 μετ’
3136 3973 3425 4051 αἰσχύνης.
3483 3971 3552 4030 Et
3610 3966 3668 4024 δὲ
3723 3966 3800 4022 ἔτι

2149 4069 2204 4124 έν
2233 4072 2302 4143 τῇ
2335 4069 2578 4144 ἡμετέρᾳ
2607 4068 2861 4144 χρονίσαι
2921 4066 3212 4141 μελετῶσι,
3267 4064 3359 4119 τὸν
3416 4059 3554 4118 ἴδιον
3606 4057 3736 4116 λαὸν
3770 4057 3798 4111 ὁ

2149 4159 2454 4236 στρατηγὸς
2509 4155 3026 4234 ἆναλαμϐανόμενος
3109 4156 3346 4231 μήκοθεν
3399 4151 3636 4230 γενέσθω
3688 4152 3797 4236 τῶν

382 4238 692 4316 πολεμίων,
723 4240 775 4298 ἐν
808 4240 1143 4314 ἐπιτηδείοις
1197 4241 1460 4315 δηλονότι
1514 4245 1771 4322 χωρίοις,
1821 4247 1912 4304 καὶ
1967 4248 2060 4304 τὸν
2115 4233 2247 4304 λαὸν
2305 4233 2470 4302 αὐτοῦ
2525 4245 2836 4302 κατάκοπον
2869 4250 2911 4284 ⁵¹
2944 4244 3072 4302 ὄντα
3128 4245 3215 4300 ἐπὶ
3273 4243 3484 4318 ἡμέρας
3536 4243 3683 4314 τρεῖς
3728 4233 3797 4291 δι’

389 4347 771 4420 αναπαυσάτω,
815 4350 1014 4424 μόνους
1072 4349 1200 4414 τοὺς
1259 4352 1590 4426 παραμένειν
1650 4351 1990 4429 ὀφείλοντας,
2050 4353 2128 4417 ὡς
2181 4351 2291 4424 ἤδη
2355 4353 2662 4426 έξεθέμεθα,
2720 4350 3077 4409 ἀποστέλλων
3135 4348 3335 4424 έκάστῃ
3391 4345 3594 4421 ἡμέρᾳ.
3652 4343 3794 4419 Πρὸς

407 4437 754 4518 ὑποστροφὴν
808 4437 865 4495 δὲ
925 4441 1212 4516 ὁρμῶντας
1260 4442 1488 4506 τούτους
1544 4443 1573 4497 6
1631 4443 1934 4518 στρατηγὸς
1993 4443 2271 4520 ἐπιγνοὺς,
2329 4444 2635 4519 παραυτίκα
2690 4445 2850 4518 τάχει
2900 4439 3099 4513 πολλῷ
3157 4437 3401 4514 ἄρχοντα
3445 4439 3553 4491 τῶν
3604 4429 3800 4520 χρησί-

396 4549 511 4599 μων
579 4527 930 4601 ἀποστείλας,
983 4530 1046 4584 τὸ
1100 4531 1318 4600 πεζικὸν
1375 4530 1679 4607 στράτευμα
1740 4532 1817 4595 ε’ίς
1871 4535 1967 4596 τὰς
2028 4531 2339 4609 δυσχωρίας
2393 4536 2501 4588 τῶν
2563 4530 2703 4588 ὁδῶν
2789 4530 3226 4605 έπισωρευσάτω·
3283 4527 3372 4582 καὶ
3433 4523 3596 4585 αὐτὸς
3656 4519 3713 4577 δὲ
3770 4521 3798 4574 ὸ

387 4619 694 4695 στρατηγὸς
725 4619 1031 4690 σπευσάτω,
1075 4621 1150 4693 μὴ
1203 4619 1256 4675 έν
1301 4621 1455 4676 νυκτὶ
1516 4619 1657 4694 μηδὲ
1707 4621 1759 4677 έν
1815 4625 1997 4697 ἡμέρᾳ
2055 4624 2240 4678 ἑαυτὸν
2296 4627 2479 4685 ποσῶς
2538 4623 2598 4678 ἄν
2651 4623 2976 4690 ἀναπαῦσαι,
3031 4617 3177 4676 ἁλλὰ
3205 4617 3298 4674 σὺν
3359 4617 3517 4692 τάχει
3567 4610 3797 4684 πολλῷ-

388 4704 690 4781 ἕμπροσθεν
758 4708 932 4764 αὐτῶν
992 4709 1246 4784 γενέσθω.
1305 4710 1396 4766 καὶ
1453 4709 1640 4776 καλῶς
1721 4711 2128 4789 παρασκευάσας
2209 4710 2346 4768 ἅπαν
2404 4712 2466 4768 τὸ
2511 4716 2618 4767 τῶν
2689 4716 2867 4781 πεζῶν
2946 4710 3037 4766 καὶ
3112 4708 3322 4764 ἱππέων
3397 4707 3565 4762 αὐτοῦ
3641 4701 3798 4778 στρά-

385 4815 582 4870 τευμα,
653 4798 746 4853 τὸν
802 4799 920 4854 κατ’
975 4800 1153 4854 αὐτῶν
1211 4798 1456 4876 πόλεμον
1518 4797 1782 4871 διάθοιτο,
1869 4801 2049 4865 καθὼς
2125 4801 2380 4876 ἀνωτέρω
2459 4799 2768 4863 ἐπιλεπτῶς
2845 4799 3147 4874 ἐξεθέμεθα.
3208 4796 3312 4855 Καὶ
3368 4794 3540 4858 οὕτως
3599 4797 3797 4861 ποιῶν,

387 4885 576 4959 χάριτι
605 4887 857 4961 Χριστοῦ,
883 4887 972 4942 καὶ
1003 4886 1228 4962 δυνάμει
1262 4889 1349 4944 καὶ
1379 4885 1693 4966 πρεσϐείαις
1724 4898 1824 4962 τῆς
1885 4892 2270 4968 παναχράντου
2329 4891 2496 4946 αὐτοῦ
2553 4891 2798 4968 Μητρὸς,
2845 4897 2946 4961 τῆς
2997 4891 3134 4945 κατὰ
3179 4892 3287 4944 τῶν
3342 4885 3555 4963 ἐχθρῶν
3609 4882 3796 4958 μάχης

383 4975 662 5048 κρατήσει.
696 4975 799 5033 Καὶ
828 4980 994 5033 ταῦτα
1026 4978 1120 5051 μὲν
1153 4977 1350 5043 οὕτως.

383 5103 518 5160 CAP.
550 5105 618 5161 X.
649 5107 727 5161 De
781 5107 1128 5183 seiunctione
1177 5124 1370 5183 manus
1421 5109 1805 5179 prwdatoriae,
1860 5111 2034 5183 deque

2148 5110 2303 5166 ΚΕΦ.
2345 5109 2402 5166 1⁸.
2466 5140 2531 5152 —-
2591 5107 2721 5183 ῌερὶ
2777 5111 2876 5183 τοῦ
2935 5103 3326 5183 διαχωρισμοῦ
3378 5109 3479 5183 τοῦ
3536 5103 3796 5178 κούρσου,

730 5179 993 5249 peditatu
1023 5196 1059 5236 α
1089 5186 1241 5249 tergo
1278 5180 1656 5252 subsequente.

459 5303 593 5375 Nec,
629 5321 761 5378 quas
791 5306 904 5379 ipsi
933 5305 1207 5373 vidimus,
1235 5322 1530 5378 exponere
1551 5307 2031 5380 pigebit.'Identi-

392 5391 528 5451 dem
551 5397 844 5453 exercitus
871 5397 1151 5464 hostium,
1179 5400 1604 5467 equestresque
1631 5413 1698 5452 ac
1729 5397 2033 5468 pedestres

388 5487 572 5560 copim
604 5503 635 5543 e
667 5485 886 5542 finibus
915 5485 1268 5558 oppidisque
1298 5483 1422 5540 suis
1453 5483 1632 5540 simul
1653 5484 1934 5541 exibant:
1966 5501 2034 5542 ac

2361 5185 2454 5236 καῖ
2482 5183 2578 5236 τοῦ
2609 5177 2747 5236 λαοῦ
2781 5179 3003 5242 ὑπισθεν
3031 5177 3567 5241 ἔπακολουθοῦντος.

2216 5306 2283 5361 Ἀ
2316 5302 2373 5360 δὲ
2397 5307 2561 5379 ἡμεῖς
2613 5303 2969 5377 ἐθεασάμεθα,
3029 5302 3274 5360 ἐκθέσθαι
3333 5301 3589 5377 οὐδαμῶς
3642 5320 3798 5356 κατο·

2142 5397 2440 5468 κντςσομεν⁸
2498 5395 2559 5449 τὸ
2613 5398 2722 5449 τῶν
2783 5391 3070 5467 πολεμίων
3149 5394 3431 5474 φωσσάτον
3497 5389 3793 5470 διαφόρως,

2145 5482 2198 5540 ο⁸ί
2225 5504 2281 5540 τε
2313 5484 2497 5547 ἱππεῖς
2529 5482 2621 5538 σὺν
2650 5486 2730 5557 τῷ
2755 5481 2905 5557 πεζῷ
2963 5483 3106 5559 ὁμοῦ
3158 5486 3258 5554 τῆς
3307 5483 3496 5560 χώρας
3546 5481 3634 5537 καὶ
3683 5483 3791 5537 τῶν

1587 5601 1650 5658 C.
1692 5601 1756 5661 Β.
1795 5602 1988 5660 HASII
2022 5602 2578 5660 ANNOTATIONES.

456 5699 504 5742 ⁴¹
537 5701 846 5758 κατάκοπον
878 5695 1023 5758 ὄντα.
1055 5698 1184 5757 Vid.
1216 5712 1398 5772 supra
1426 5699 1549 5756 124.
