4112 6208
385 354 504 415 953

1663 348 2097 413 VELITATIO
2141 349 2492 414 BELLICA.

3681 349 3798 413 954

384 482 603 538 πόλεων
660 480 836 537 αὐτῶν
892 482 1308 556 συνεξήρχοντοσ
1369 482 1457 536 καὶ
1543 481 1631 536 ἐπὶ
1690 480 1839 538 δυσὶν
1897 482 2020 555 mte-

2150 484 2651 556 pertriduum,vel
2678 482 2981 539 interdum
3012 483 3798 551 diutius,itinereunafacto,

387 593 504 648 ραις
547 573 689 644 ὁμοῦ
749 574 1349 646 συμπεριπατήσαντες,
1400 568 1506 626 ἔσθ’
1565 567 1654 627 ὅτε
1699 571 1788 626 καὶ
1844 570 2037 627 πλείο-

384 684 489 730 σιν,
523 661 616 715 ἀπ’
650 660 918 731 ἀλλήλων
953 658 1362 735 διεχωρίζοντο.
1399 660 1500 716 Καὶ
1556 661 1607 716 οἱ
1670 661 1763 734 μὶν
1826 662 2035 731 ἱππεῖς,

392 755 442 808 οἱ
480 754 574 816 τὰς
633 752 902 826 ἡμετερας
958 754 1147 827 χώρας
1195 748 1546 828 κατατρέχειν
1602 750 1692 806 καὶ
1747 751 2033 823 λεηλατεῖν

390 843 745 920 βουλόμενοι,
775 838 1205 919 προύλάμϐανον
1266 845 1491 919 ἡμερῶν
1545 864 1711 899 τινων
1743 840 2033 915 διάστημα,

380 938 479 989 τοῦ
510 937 735 1002 πεζικοῦ
790 931 930 987 λαοῦ
970 933 1148 988 αὐτῶν
1198 933 1589 1009 ἀφεστηκότος·
1638 931 1727 988 διὰ
1782 934 1843 987 τὸ
1875 932 2035 987 σπεύ-

388 1023 496 1078 δειν
551 1022 745 1085 αὐτοὺς
802 1022 1041 1096 ἀμηνυτὶ
1097 1022 1227 1087 τοὺς
1285 1022 1578 1097 οἰκήτορας
1643 1026 1749 1077 τῶν
1808 1020 2032 1097 χωρίων

381 1107 734 1179 καταλαϐεῖν,
765 1110 909 1167 οἷ’κοι
944 1113 1224 1186 μένοντας,
1258 1113 1332 1169 Τὸ
1366 1109 1423 1167 δὲ
1456 1109 1689 1166 τοῦλδον
1748 1112 1881 1183 μετὰ
1924 1115 2031 1165 τῶν

377 1207 555 1272 πεζῶν
584 1203 673 1256 καὶ
704 1208 805 1271 τῆς
836 1201 1045 1257 τούτων
1072 1202 1404 1271 ἀποσκευῆς,
1467 1196 1687 1255 ὄπισθεν
1743 1199 2032 1274 ἑπόμενον,

377 1293 541 1362 ἡνίκα
569 1292 666 1354 τὰς
700 1289 1014 1366 δυσχωρίας
1046 1292 1133 1347 καὶ
1194 1292 1262 1346 τά
1315 1291 1471 1345 στενά
1525 1288 1772 1360 διῆλθεν,
1834 1290 2031 1360 ἐπιτή-

380 1378 523 1436 δειον
558 1378 930 1449 διασκοπῆσαν
984 1379 1155 1434 τόπον
1215 1380 1351 1454 πρὸς
1410 1379 1658 1458 φυλακὴν
1718 1378 1892 1434 αὐτῶν
1943 1377 2032 1433 καὶ

381 1469 703 1548 ἀσφάλειαν,
762 1470 858 1532 τὰς
916 1469 1116 1540 σκηνὰς
1175 1469 1478 1542 πηξάμενοι
1537 1467 1587 1522 ἐν
1640 1469 1811 1540 αὐτῷ,
1869 1464 2035 1538 ηὐλί-

382 1566 563 1631 ζοντο,
596 1561 722 1622 τοὺς
802 1559 878 1622 εἷς
930 1565 1165 1633 κοῦρσον
1217 1557 1589 1633 ἐκδραμόντας
1629 1560 1815 1621 ἱππεῖς
1861 1558 2033 1613 ἐκεῖσε

372 1647 903 1725 προσεκδεχόμενοι’
958 1647 1051 1703 ’ἱνα
1079 1648 1205 1703 τοὺν
1261 1648 1695 1724 ὑποστρέφοντας
1724 1644 1907 1708 καλῶς
1938 1646 2033 1710 τὰς

370 1735 685 1815 δυσχωρίας
766 1733 1196 1795 διαϐιϐάσωσιν.
1253 1739 1313 1795 Ὀ
1390 1737 1480 1792 οὗν
1547 1736 1873 1813 στρατηγὸς,
1927 1736 2027 1804 τήν

2146 591 2179 629 a
2211 590 2272 629 se
2303 573 2708 630 discedebant.
2743 574 3004 647 Equites,
3041 574 3331 629 ditionem
3391 579 3656 628 nostram
3697 573 3789 626 in-

2144 664 2418 719 cursione
2455 664 2605 719 facta
2627 663 2989 736 populaturi,
3022 663 3251 735 aliquot
3292 664 3525 719 dierum
3575 663 3791 716 itinere

2146 753 2713 825 prwgrediebantur,
2768 752 3097 825 peditatum
3129 758 3285 807 retro
3334 752 3744 822 relinquentes
3782 766 3795 805 :

2146 844 2303 914 quod
2333 845 2667 916 opprimere
2701 843 3063 899 habitatores
3095 844 3360 899 vicorum
3390 858 3509 897 non
3542 858 3790 913 praemo-

2145 935 2301 989 nitos
2333 935 2605 1007 casisque
2636 935 2996 989 inhaarentes
3054 933 3473 1005 properabant.
3535 931 3788 1002 Impedi-

2142 1030 2346 1078 menta
2378 1030 2435 1078 et
2465 1024 2695 1096 pedites
2727 1041 2861 1079 cum
2894 1024 3017 1078 suis
3046 1023 3365 1091 sarcinis,a
3396 1027 3557 1093 tergo
3583 1019 3794 1074 subse-

2143 1118 2415 1183 quentes,
2450 1119 2765 1185 postquam
2808 1114 2993 1169 saltus
3010 1119 3187 1183 atque
3214 1111 3515 1184 augustias
3548 1110 3793 1164 transie-

2142 1208 2297 1271 rant,
2331 1202 2528 1257 locum
2569 1202 2852 1258 idoneum
2881 1202 2954 1258 ad
3008 1218 3137 1258 sese
3160 1200 3581 1257 custodiendos
3603 1204 3796 1253 tutan-

2142 1292 2370 1363 dosque
2400 1293 2819 1364 conspicati,in
2834 1310 2901 1348 eo
2921 1291 3225 1348 collocatis
3243 1288 3640 1345 tabernaculis
3654 1305 3789 1343 con-

2142 1381 2673 1455 sidebant,equites
2693 1382 3023 1455 praedatum
3047 1396 3316 1453 egressos
3339 1380 3417 1433 ibi
3441 1378 3789 1449 praastolan-

2142 1476 2259 1526 tes:
2284 1477 2350 1526 ut
2380 1477 2745 1527 revertentes
2777 1470 3108 1527 incolumes
3147 1486 3254 1540 per
3287 1468 3417 1522 loca
3449 1467 3656 1538 iniqua
3674 1472 3791 1519 tra-

2141 1558 2520 1616 ducerent.ld
2540 1562 2587 1616 si
2606 1577 2717 1616 usu
2729 1557 3412 1628 venit,dux,excursione
3426 1572 3629 1610 eorum
3642 1571 3792 1607 nun-

2142 1648 2719 1721 tiata,speculatores
2733 1651 2983 1715 emittat,
3019 1654 3077 1703 et
3104 1647 3484 1717 omniajuxta
3511 1644 3787 1715 superius

2138 1738 2550 1810 praescriptum
2595 1739 2793 1795 faciat.
2829 1743 2910 1794 Ac
2932 1740 2979 1793 si
3002 1754 3179 1811 parvo
3201 1736 3437 1808 negotio
3459 1732 3789 1806 praedatum

366 1827 639 1899 ἐξὲλευσιν
728 1829 903 1884 αὐτῶν
992 1829 1507 1903 καταμηνυόμενος,
1567 1827 1661 1890 τὰς
1713 1827 2020 1903 παραμονάς

2140 1844 2406 1900 egressos
2428 1829 2693 1884 nancisci
2741 1829 3065 1899 dispersos,
3097 1826 3465 1896 fundereque
3499 1824 3654 1879 206
3688 1838 3792 1893 po-

364 1917 782 1990 ἀποστελλέτω,
814 1920 906 1974 καὶ
942 1920 1122 1974 πάντα
1182 1918 1411 1975 ποιείτω
1458 1919 1593 1973 κατά
1644 1918 1743 1987 τήν
1776 1916 2031 1993 ἀνωτέρω

369 2006 626 2080 διάταξιν.
684 2008 787 2066 Καί
845 2007 891 2064 εί
969 2009 1062 2082 μὲν
1119 2008 1343 2084 εὐχερὲς
1412 2008 1523 2063 ἔστι
1573 2012 1652 2079 τῷ
1722 2010 2029 2081 στρατηγῶ,

366 2096 501 2162 τοὺς
578 2098 655 2160 είς
711 2101 812 2167 τήν
874 2096 1026 2153 λείαν
1108 2095 1475 2173 ἐκδραμόντας
1549 2094 2028 2168 διεσκεδασμένους

371 2182 721 2258 καταλαϐεῖν,
752 2187 841 2243 καὶ
864 2187 1097 2250 τούτους
1154 2190 1246 2260 [Ρ.
1304 2190 1428 2261 133]
1484 2187 2025 2260 κατατροπώσασθαι,

364 2273 515 2353 ’ἔργῳ
572 2282 736 2332 τοῦτο
795 2278 1077 2332 σπευσάτω
1127 2277 1442 2351 πληρῶσαι.
1502 2276 1566 2333 Εἰ
1655 2273 1711 2330 δὲ
1769 2272 1856 2329 διά
1910 2295 2030 2329 τινα

363 2366 657 2441 σφάλματα
684 2367 774 2422 καὶ
844 2367 942 2430 τάς
999 2362 1406 2440 συμϐαινοόσας
1459 2365 1799 2429 ἐναντιώσεις
1854 2363 2027 2438 ἐμπό-

374 2454 490 2511 διον
521 2459 962 2531 προσυπαντήσει
999 2455 1166 2529 αὐτῷ,
1225 2456 1300 2519 είς
1355 2457 1447 2511 τὸν
1481 2458 1616 2511 κατὰ
1671 2459 1768 2510 τοῦ
1808 2454 2026 2532 φωσσά-

366 2567 467 2601 του
541 2541 788 2621 πόλεμον
848 2547 1366 2621 παρασκευασθήτω·
1427 2544 1518 2599 καὶ
1574 2544 1666 2599 τὸν
1721 2543 1916 2614 τόπον,
1972 2541 2025 2597 ἐν

365 2636 527 2707 ᾧτᾶς
568 2638 774 2707 σκηνὰς
800 2635 1089 2709 ἐπήξαντο,
1121 2630 1360 2709 ἀκριϐῶς
1418 2632 1859 2704 διασκοπησᾶτω,
1946 2632 2022 2706 μή

373 2745 507 2779 ποτε
564 2726 812 2798 ποταμός
872 2724 1010 2781 ἐστιν
1070 2722 1363 2801 ἀσφάλειαν
1420 2723 1600 2786 αὐτοῖς
1637 2724 1932 2799 προξενῶν,
1986 2721 2023 2791 ἢ

368 2810 521 2887 βόαξ.
565 2813 670 2870 Καὶ
694 2814 829 2889 πρὸς
857 2814 958 2883 τήν
1004 2814 1148 2878 θέσιν
1210 2818 1307 2868 τοῦ
1363 2813 1535 2869 τόπου
1590 2812 1670 2868 δεῖ
1720 2812 1810 2867 καὶ
1861 2810 2021 2866 αὐτὸν

366 2910 897 2977 παρασκευασθῆναι,
959 2904 1047 2957 καὶ
1130 2900 1340 2977 σπουδῇ
1400 2901 1590 2977 πολλῇ
1648 2902 1784 2973 πρὸς
1835 2899 2020 2956 ἑαυτὸν

367 2992 430 3045 τὸ
487 2993 709 3061 πεζικὸν
765 2994 1090 3068 στράτευμα,
1151 2991 1196 3047 εἰ
1282 2989 1525 3062 δυνατὸν,
1586 2992 2019 3067 ἐπισυναγαγεῖν.

368 3079 795 3155 Προσδοκῶντος
832 3079 889 3136 δὲ
917 3086 1014 3137 τοῦ
1047 3086 1352 3158 στρατηγοῦ
1400 3083 1502 3151 τήν
1560 3080 1769 3137 τούτων
1828 3079 2018 3135 ἀποκίο

362 3192 517 3241 νησιν
550 3170 639 3225 καὶ
671 3171 723 3225 ἐν
749 3171 917 3247 ὲτέρῳ
944 3170 1211 3244 ἀπλήκτῳ
1274 3165 1593 3243 μετάϐασιν,
1653 3169 1689 3240 ἢ
1746 3170 1915 3246 τυχὸν
1946 3166 2018 3223 δι’

365 3258 689 3334 αὐτομόλων
727 3266 889 3317 τοῦτο
947 3262 1380 3334 πυνθαναμὲνου,
1433 3259 1554 3317 δέον
1602 3261 1787 3323 ἱππεῖς
1842 3260 2014 3314 ἀποσ-

361 3350 541 3406 τεῖλαι
601 3351 814 3420 νυκτὸς,
895 3350 1181 3428 ἀρχηγοὺς
1266 3350 1499 3413 ἔχοντας
1576 3355 1685 3406 τῶν
1745 3350 2018 3425 ἐμπείρων

367 3438 574 3514 ἀνδρῶν
625 3440 716 3495 καὶ
776 3440 1097 3515 ἀξιολόγων,
1159 3441 1246 3497 καὶ
1307 3439 1403 3496 δύο
1462 3441 1816 3517 ὲγκρύμματα
1853 3460 2023 3513 παρα-

363 3531 616 3585 σκευάσαι
646 3528 789 3587 ἔνθεν
814 3533 1061 3587 κάκεῖθεν
1115 3539 1217 3602 τῆς
1276 3529 1427 3601 ὁδοῦ,
1490 3528 1561 3586 δι’
1618 3533 1684 3600 ἧς
1737 3533 2017 3605 γενήσεται

365 3621 398 3689 ἡ
428 3625 535 3675 τῶν
565 3619 848 3694 πολεμίων
885 3619 1173 3685 διὲλευσις.
1235 3622 1322 3692 Ἐξ
1366 3619 1541 3675 αὐτῶν
1603 3618 1661 3676 δὲ
1715 3625 1822 3675 τῶν
1882 3622 2019 3675 ἄπο-

364 3708 668 3765 σταλὲντων
723 3711 910 3766 ἑκατὸν
988 3710 1185 3787 ἀνδρας
1246 3709 1651 3785 ἐπιλεξάμενος,
1703 3709 1782 3773 εἷς
1841 3708 2014 3785 λόχον

365 3801 783 3873 καταστησάτω,
838 3799 1018 3876 χωρία
1050 3798 1425 3876 φυλάττοντας
1475 3800 1541 3855 τὰ
1623 3800 1861 3870 πλησίον
1915 3806 2016 3869 τῆς

371 3886 612 3960 παρόδου
667 3894 775 3944 τῶν
826 3888 1109 3963 πολεμίων
1170 3887 1502 3962 διακείμενα.
1558 3889 1656 3943 Καὶ
1707 3888 1866 3944 αὐτὸν
1921 3889 2012 3943 τὸν

361 3980 668 4055 στρατηγὸν
704 3980 816 4055 χρή
850 3980 902 4035 ἐν
953 3977 1251 4054 ἐπιτηδείῳ
1275 3979 1430 4054 τόπῳ
1476 3981 1611 4054 μετά
1662 3980 1857 4042 παντὸς
1915 3984 2015 4034 τοῦ

357 4066 493 4123 λαοῦ
527 4068 692 4124 αὐτοῦ
718 4067 971 4135 ’ἵστασθαι
1003 4068 1404 4145 κεκρυμμένον,
1462 4068 1552 4125 καὶ
1613 4068 1672 4124 ἐκ
1727 4077 2012 4143 περιωπῆς

356 4157 640 4235 ἐφορῶντα
665 4160 768 4230 τήν
795 4164 903 4215 τῶν
934 4158 1222 4230 πολεμίων
1259 4154 1525 4215 διάϐασιν.
1582 4160 1649 4216 Oi.
1709 4159 1801 4214 οὖν
1831 4159 2016 4222 ἱππεῖς

354 4252 460 4302 τῶν
494 4247 800 4322 πολεμίων,
833 4250 884 4303 οἱ
918 4248 995 4312 εἷς
1042 4247 1423 4323 συλλογισμὸν
1454 4249 1659 4325 χρειῶν
1708 4251 1775 4304 τὰ
1832 4248 2014 4325 χωρία

359 4334 879 4415 διερευνώμενοιτᾶ
936 4338 1175 4409 πλησίον
1235 4340 1452 4402 τούτοις
1508 4338 2011 4415 συμπαρακείμενα,

356 4430 517 4499 ἡνίκα
550 4426 602 4483 ἐν
634 4434 753 4491 τοῖς
787 4426 1218 4505 φυλαττομένοις
1258 4429 1495 4506 χωρίοις
1554 4428 1860 4499 εἰσέλθωσι,
1921 4431 2009 4485 καὶ

356 4522 463 4573 τῶν
521 4516 706 4573 ἳππων
755 4513 1053 4580 ἀποϐάντες
1107 4518 1202 4581 τὰς
1262 4518 1434 4582 οἰκίας
1479 4517 1877 4596 ἀναψηλαφῶσι
1906 4523 2014 4575 τῶν

361 4612 641 4682 χωριτῶν,
671 4609 788 4663 κατ’
821 4608 996 4663 αὐτῶν
1029 4609 1075 4645 ⁴²
1102 4609 1154 4663 οἱ
1212 4607 1291 4671 εἷς
1349 4609 1442 4664 τὸν
1500 4604 1673 4665 λόχον
1734 4607 2011 4683 ἱστάμενοι

360 4698 550 4752 ἑκατὸν
636 4698 825 4759 ἱππεῖς
900 4698 1321 4773 ὁρμησάτωσαν,
1407 4698 1495 4753 καὶ
1586 4698 1744 4760 ὅσους
1803 4696 2010 4754 ἀνελεῖν

364 4784 695 4858 δυνηθῶσιν,
755 4786 861 4842 ε’ἰτε
921 4793 1220 4863 ζωγρῆσαι,
1288 4786 1591 4863 παραυτίκα
1644 4788 1781 4864 πρὸς
1837 4790 2010 4865 φυγὴν

358 4879 704 4952 ὁρμήσωσιν,
738 4877 1136 4954 ὑποφεύγοντες
1159 4878 1259 4946 τὴν
1293 4874 1417 4932 ὁδὸν
1449 4878 1549 4946 τὴν
1574 4877 1875 4950 ἀναμεταξὺ
1902 4883 2009 4934 τῶν

357 4964 454 5021 δύο
487 4967 886 5043 ἐγκρυμμάτων
912 4964 1305 5043 διερχομένην,
1362 4965 1720 5042 ἐφελκόμενοί
1774 4988 1833 5023 τε
1882 4968 2012 5033 τοὺς

356 5054 658 5128 πολεμίους
734 5056 869 5128 πρὸς
957 5053 1161 5127 δίωξιν.
1221 5053 1695 5130 Καταδιωκόμενοι
1757 5053 1813 5111 δὲ
1890 5056 2009 5119 ταὶς

354 5143 597 5221 ἐνέδραις
625 5149 937 5221 περιπεσεῖν
966 5144 1093 5207 τοὺς
1146 5143 1452 5220 πολεμίους
1511 5146 2004 5219 παρασκευάσουσι,

358 5235 497 5293 Τότε
574 5236 664 5291 οὗν
726 5234 1129 5311 ἐξερχὲσθωσαν
1186 5237 1254 5292 τά
1337 5234 1659 5312 ἑκατέρωθεν
1745 5234 2005 5309 ἱστάμενα

353 5324 741 5401 ἑγκρόμματα,
805 5325 895 5381 καὶ
947 5322 1196 5404 σφοδρῶς
1253 5326 1352 5396 τὴν
1411 5326 1528 5381 κατ’
1587 5324 1761 5380 αὐτῶν
1817 5326 1996 5401 ὁρμὴν

350 5415 739 5488 ποιησάτωσαν
768 5415 860 5471 καὶ
884 5414 1130 5482 πολλοὺς
1156 5419 1265 5471 τῶν
1320 5412 1610 5491 πολεμίων
1671 5412 1830 5490 ἔργον
1894 5436 2001 5490 μα-

2046 3213 2093 3285 α

2045 4579 2091 4644 D

2140 1922 2275 1986 test,
2308 1934 2371 1972 re
2404 1919 2646 1990 exsequi
2680 1918 2736 1973 id
2760 1919 2999 1990 quidem
3030 1920 3327 1988 properet.
3363 1914 3464 1968 Sin
3496 1918 3693 1967 autem
3716 1910 3788 1964 ob

2141 2007 2470 2063 errationes
2493 2008 2781 2079 quasdam
2817 2007 3297 2076 offensionesque
3327 2001 3790 2057 intervenientes

2138 2095 2633 2168 impedimentum
2658 2097 2769 2169 ipsi
2802 2095 3157 2164 infertur,ad
3187 2099 3380 2149 castra
3397 2089 3793 2163 oppugnanda

2138 2200 2200 2239 se
2223 2190 2567 2257 comparet:
2602 2186 2819 2255 locum,
2853 2184 2954 2239 ubi
3012 2181 3394 2239 tabernaculo
3440 2183 3786 2252 posuerunt,

2137 2273 2455 2346 diligenter
2483 2276 2907 2347 perspiciat,ne
2940 2274 3091 2329 forte
3124 2273 3349 2328 ﬂumen
3381 2269 3787 2325 amniculusve

2136 2366 2696 2440 subsit,praesidium
2720 2368 2806 2423 illi
2840 2366 3133 2439 praebens.
3167 2368 3253 2421 Ita
3271 2366 3445 2437 juxta
3466 2364 3648 2418 situm
3672 2361 3785 2417 loci

2135 2459 2430 2517 instruere
2463 2479 2525 2517 se
2557 2466 2809 2534 oportet,
2834 2477 3165 2534 magnaque
3199 2455 3787 2532 diligentiaadhibita

2134 2552 2541 2623 peditatum,si
2574 2555 2702 2609 ﬁeri
2734 2560 2946 2627 potest,
2973 2569 3202 2626 cogere.
3236 2551 3555 2622 Suspicans
3585 2553 3783 2603 autem

2134 2641 2249 2697 dux
2268 2642 2634 2700 discessuros
2649 2644 2850 2700 hostes
2864 2644 2925 2698 in
2939 2644 3176 2715 aliaque
3191 2646 3384 2698 castra
3401 2639 3783 2703 transituros,

2133 2731 2257 2786 sive
2314 2750 2420 2804 per
2462 2734 2795 2807 transfugas
2854 2734 3105 2789 fortasse
3135 2733 3246 2787 hoc
3304 2730 3573 2794 eductus,
3606 2725 3785 2781 debet

2132 2826 2313 2877 noctu
2344 2823 2573 2894 equites
2597 2824 2955 2895 praemittere
2990 2839 3124 2877 cum
3154 2820 3449 2893 praefectis
3479 2816 3688 2890 peritis
3724 2820 3783 2869 et

2130 2910 2414 2983 probatis,
2448 2912 2818 2985 insidiasque
2861 2928 3071 2984 parare
3129 2910 3300 2966 binas
3354 2908 3428 2964 ad
3459 2911 3777 2976 utrumque

2130 3000 2286 3056 latus
2322 3001 2445 3069 viae,
2482 3018 2598 3073 qua
2622 3003 2825 3057 hostes
2857 2999 3166 3057 transituri
3199 2999 3336 3055 sint.
3364 2997 3445 3052 Ex
3474 2996 3596 3051 illis
3625 3012 3776 3067 pra:-

2130 3090 2330 3145 missis
2361 3091 2663 3162 equitibus
2692 3096 2934 3147 centum
2965 3089 3301 3146 delectosin
3333 3086 3583 3141 latibulo
3598 3084 3780 3140 collo-

2130 3181 2350 3253 cet,qui
2380 3182 2539 3237 vicos
2561 3182 2881 3237 observent
2910 3180 3109 3235 itineri
3142 3176 3616 3234 adversariorum
3639 3175 3779 3229 sub-

2121 3270 2745 3341 jacentestsumque
2777 3269 2991 3325 ducem
3008 3272 3241 3339 oportet
3261 3264 3619 3320 locoidoneo
3644 3278 3777 3316 cum

2129 3361 2406 3416 omnibus
2438 3361 2624 3431 copiis
2656 3361 2718 3415 in
2773 3358 3006 3414 occulto
3067 3356 3412 3421 subsistere,
3447 3370 3477 3407 e
3535 3350 3779 3424 specula

2127 3448 2329 3503 hostes
2360 3454 2740 3504 transeuntes
2771 3446 3204 3502 observantem.
3239 3444 3479 3514 Equites
3504 3441 3780 3496 adversa-

2124 3539 2371 3605 riorum,
2407 3537 2507 3609 qui
2539 3535 2946 3592 frumentandi
2969 3551 3148 3591 causa
3167 3533 3323 3589 vicos
3357 3530 3598 3603 prOpius
3631 3530 3775 3584 sitos

2125 3627 2509 3699 perlustrant,
2543 3624 2722 3681 simul
2773 3631 2951 3697 atque
2999 3625 3156 3680 vicos
3215 3623 3491 3679 obsessos
3520 3620 3773 3693 ingressi

2126 3733 2195 3772 ex
2229 3718 2397 3788 equis
2424 3715 2865 3785 descenderint,
2899 3731 3185 3787 casasque
3225 3713 3586 3769 rusticorum
3609 3727 3773 3766 scru-

2124 3806 2233 3862 tari
2267 3806 2861 3880 inceperint,equites
2891 3812 3133 3863 centum
3157 3805 3219 3859 in
3245 3802 3478 3859 insidiis
3498 3800 3771 3857 collocati

2123 3896 2585 3969 impressionem
2630 3897 2690 3952 in
2724 3898 2859 3953 illos
2892 3897 3133 3962 faciant,
3168 3901 3245 3962 et,
3279 3894 3397 3950 sive
3440 3889 3771 3947 interfectis

2121 3986 2239 4042 sive
2297 3987 2484 4060 captis
2512 3992 2805 4059 quotquot
2834 3990 3177 4059 potuerunt,
3210 3982 3487 4056 evestigio
3518 3982 3669 4051 fugae
3711 3996 3772 4035 se

2120 4077 2411 4132 mandent
2434 4093 2445 4133 :
2466 4082 2829 4147 ruentesque
2853 4093 2959 4148 per
2983 4075 3135 4130 viam
3158 4072 3495 4129 interbinas
3511 4072 3658 4127 207
3679 4071 3772 4124 in-

2122 4165 2305 4220 sidias
2331 4170 2744 4221 transeuntem
2803 4166 3004 4220 hostes
3046 4163 3120 4219 ad
3176 4161 3657 4233 persecutionem
3685 4163 3770 4212 at-

2121 4253 2408 4309 trahant]
2415 4259 2473 4308 ta
2493 4252 2801 4326 peragitati
2826 4252 3178 4319 efficient,ut
3196 4248 3515 4305 adversarii
3538 4245 3773 4301 insidiis

2122 4365 2183 4403 se
2207 4344 2647 4402 induant.Tunc
2669 4362 2803 4401 vero
2826 4349 3219 4418 prorumpant
3244 4343 3347 4415 qui
3377 4339 3769 4411 utrobiquein

2119 4436 2386 4491 latibulis
2418 4436 2597 4491 locati
2631 4422 2874 4503 sunt,et
2903 4434 3237 4489 vehementi
3296 4432 3522 4504 impetu
3578 4430 3639 4484 in
3664 4445 3764 4484 eos

2120 4525 2274 4580 facto
2292 4541 2569 4599 magnum
2583 4525 2843 4580 hostium
2858 4539 3174 4579 numerum
3194 4522 3405 4595 gladiis
3427 4519 3766 4577 conﬁcient.

2127 4616 2260 4670 Haec
2290 4614 2392 4669 ubi
2422 4614 2539 4670 dux
2570 4613 2745 4679 videt,
2760 4614 3043 4669 continuo
3076 4613 3202 4683 ipse
3234 4628 3470 4684 quoque
3492 4626 3625 4665 cum
3649 4625 3770 4664 ma-

2118 4704 2237 4776 jori
2270 4709 2435 4776 parte
2468 4703 2560 4759 sui
2591 4704 2843 4777 agminis
2870 4702 3160 4758 acerrimo
3195 4702 3436 4757 incursu
3467 4699 3528 4753 in
3577 4698 3764 4754 aciem

2124 4793 2382 4849 hostium
2400 4809 2463 4849 se
2477 4793 2685 4850 incitet
2708 4810 2719 4848 :
2737 4793 3001 4863 reliquos
3022 4808 3262 4847 suorum
3281 4790 3539 4847 militum
3555 4789 3767 4861 jubeat

2124 4882 2185 4939 in
2212 4888 2374 4955 terga
2389 4883 2650 4938 hostium
2678 4883 3104 4938 circumvectos
3128 4898 3195 4937 eo
3222 4882 3390 4954 signa
3413 4879 3653 4935 inferre.
3682 4882 3765 4934 Ac

2122 4972 2240 5027 nisi
2281 4977 2661 5044 peccatorum
2683 4977 3025 5028 nostrorum
3062 4987 3238 5028 causa
3266 4969 3762 5042 impedimentum

2120 5060 2366 5133 aliquod
2412 5062 2756 5129 intervenit,
2789 5061 3211 5135 expugnabunt
3267 5060 3486 5116 hostes.
3522 5062 3762 5127 Tamen,

2119 5151 2168 5205 si
2227 5150 2637 5207 vehementius
2692 5152 3033 5223 praaliantes
3099 5151 3421 5207 adversarii
3478 5148 3765 5205 obsistere

2116 5245 2455 5312 possunt,et
2485 5241 2692 5297 eodem
2727 5242 2857 5298 loco
2876 5241 3239 5298 consistente
3265 5240 3559 5313 jumentis
3584 5254 3767 5294 onera

2115 5328 2442 5402 deponunt,
2526 5334 2856 5404 effectaque
2932 5332 3140 5388 multis
3196 5330 3445 5387 sarcinis
3515 5327 3766 5401 objectis

2111 5419 2265 5475 vallo
2284 5421 2473 5477 aciem
2494 5422 2794 5482 instruere
2807 5420 3189 5491 conantur,id
3215 5421 3457 5494 quidem
3487 5431 3764 5492 magnam

1561 5561 1623 5617 C.
1666 5561 1731 5618 Β.
1777 5561 1969 5620 HASII
1996 5564 2548 5623 ANNOTATIONES.

426 5680 474 5719 ⁴²
500 5680 618 5737 κατ’
650 5674 849 5755 αὐτῶν]
878 5678 970 5735 καὶ
988 5680 1181 5737 ταυτὸν
1222 5679 1395 5739 codd.
