4112 6208
349 354 466 415 955

1665 355 2093 418 NICEPHORI
2135 355 2420 416 PHOCJE

3641 341 3760 420 956

351 487 767 544 difﬁcultatem
791 488 1216 562 oppugnationi
1238 491 1588 547 aﬂ'eret.Sed
1611 491 2003 548 nihilominus

2121 497 2315 571 χαίρας
2345 494 2692 564 ποιήσονται.
2731 491 2839 547 Τοῦ
2871 485 2930 544 δὲ
2958 490 3267 565 στρατηγοῦ
3292 489 3462 544 ταῦτα
3494 489 3760 564 δρῶντος,

357 577 536 633 debet
564 577 682 633 dux
714 595 933 633 corona
963 577 1118 634 facta
1146 580 1412 652 undique
1439 581 1606 654 signa
1627 581 1934 648 inferre,et
1955 581 2004 635 si

358 684 475 737 qua
497 685 630 738 spes
663 667 1102 738 est.peditatum
1145 669 1358 725 itinere
1389 671 1664 727 celeriter
1692 671 1846 726 facto
1877 671 2004 742 ipso

360 759 453 812 die
478 757 664 828 praalii
691 756 971 812 advenire
1003 761 1263 829 posse,id
1289 767 1354 816 ut
1384 764 1490 818 fiat
1523 761 1934 827 curare.Quod
1957 761 2006 816 si

361 847 484 900 fieri
513 861 628 900 non
661 851 856 916 potest
886 854 1130 920 propter
1154 849 2006 923 longinquitatem,idoneosex

356 935 658 1006 equitibus
675 936 1036 994 descendere
1051 940 1123 995 de
1139 941 1873 1014 equisjubeat,etpedibus
1889 958 2007 996 una

355 1041 489 1079 cum
512 1026 781 1096 equitatu
801 1028 1075 1099 praelium
1108 1047 1243 1086 cum
1269 1032 1621 1088 adversariis
1643 1033 1816 1100 inire,
1843 1048 2008 1087 arcu-

359 1113 1122 1182 bus,fundis,hastis,scutis
1153 1123 1659 1193 utentes.0portet
1680 1127 1877 1176 autem
1895 1120 2006 1175 du-

359 1220 486 1259 cem
511 1209 569 1259 et
598 1205 862 1261 sarcinas
881 1223 1040 1277 suas,
1074 1214 1133 1263 et
1153 1210 1596 1281 impedimenta,
1617 1212 1664 1266 si
1693 1209 1800 1266 sub
1823 1225 2004 1266 manu

359 1294 709 1362 sint,secum
743 1295 1428 1370 adducere,propiusque
1451 1299 1651 1356 hostes
1672 1299 2004 1367 considere,

355 1390 424 1439 ut
447 1383 824 1439 formidinem
855 1386 975 1442 illis
998 1404 1064 1442 ac
1094 1389 1570 1461 desperationem
1603 1391 1756 1447 208
1777 1391 2004 1445 afferat.

356 1473 520 1539 Quod
553 1473 600 1527 si
635 1489 703 1528 eo
735 1473 796 1528 in
829 1474 957 1530 loco
989 1493 1158 1548 aqum
1190 1479 1356 1534 nulla
1389 1480 1633 1535 omnino
1656 1479 1906 1535 facultas
1921 1483 2010 1534 est

359 1563 416 1618 id
452 1580 687 1634 quoque
715 1581 834 1619 non
867 1565 1248 1622 mediocriter
1278 1569 1509 1625 animos
1540 1586 1746 1626 eorum
1777 1574 2006 1641 pertur-

351 1653 552 1710 babit:
585 1659 644 1710 et
685 1654 731 1709 si
761 1672 882 1710 non
911 1655 1179 1713 funditus
1206 1658 1342 1714 illos
1372 1659 1550 1727 delet,
1573 1665 1634 1715 at
1668 1665 1828 1716 certe
1855 1658 2007 1714 mul-

350 1748 441 1798 tos
465 1760 669 1799 eorum
692 1746 952 1816 captivos
981 1746 1177 1812 faciet,
1200 1749 1402 1820 plures
1426 1751 1607 1805 etiam
1634 1755 1759 1805 tum
1785 1749 2014 1805 interii-

2110 586 2420 663 παραυτίκα
2473 581 2564 638 καὶ
2622 579 2782 641 αὐτὸς
2845 580 2981 652 μετὰ
3031 581 3139 633 τῶν
3192 575 3462 633 πλειόνων
3506 583 3604 634 τοῦ
3668 580 3763 635 σὺν

2110 679 2257 750 αὐτῷ
2280 675 2418 730 λαοῦ
2448 671 2501 728 ἐν
2537 672 2825 744 ὁρμήματι
2885 666 3239 746 σφοδροτάτῳ
3287 670 3386 738 τήν
3435 665 3759 744 προσϐολὴν

2111 768 2187 830 είς
2215 768 2315 834 τήν
2348 763 2640 838 παράταξιν
2697 763 2804 813 τῶν
2863 757 3150 831 πολεμίων
3205 759 3453 814 ποιείτω*
3513 760 3642 822 τοὺς
3705 759 3762 816 δέ

2111 879 2172 932 γε
2207 853 2542 914 ὑπολοίπους
2571 853 2668 906 τοῦ
2700 847 2839 904 λαοῦ
2867 848 3034 904 αὐτοῦ
3063 849 3198 904 κατά
3225 851 3403 905 νώτου
3443 853 3550 904 τῶν
3583 850 3761 906 πολε-

2117 946 2254 1021 μίων
2287 942 2552 1019 γενέσθαι,
2578 940 2667 994 xui
2701 937 2926 1013 συνάψαι
2976 937 3224 1012 πόλεμον
3279 939 3761 1013 παρασκευασάτω.

2112 1036 2218 1092 Καὶ
2251 1033 2296 1089 εἷ
2332 1034 2407 1106 μή
2441 1053 2492 1087 τι
2521 1027 2788 1104 ἐμπόδιον
2820 1026 2871 1102 ἐξ
2902 1024 3184 1104 ἡμετέρων
3209 1029 3490 1103 ἁμαρτιῶν
3513 1029 3762 1104 γένηται,

2110 1129 2217 1180 τῶν
2264 1120 2551 1195 πολεμίων
2616 1118 3099 1194 ὑπερισχύσουσιν,
3162 1119 3223 1176 Ei
3284 1117 3341 1174 δέ
3399 1141 3462 1197 γε
3521 1119 3767 1196 ἰσχυρῶς

2116 1213 2422 1289 μαχόμενοι
2456 1211 2509 1266 οἱ
2539 1205 2804 1280 πολέμιοι
2834 1207 3110 1283 ἀντισχεῖν
3144 1205 3442 1281 δυνηθῶσι,
3497 1208 3588 1264 καὶ
3622 1213 3764 1264 στῶ-

2114 1325 2195 1359 σιν
2230 1303 2282 1358 έν
2313 1306 2393 1374 τῷ
2422 1301 2568 1372 αὑτῷ
2623 1297 2778 1371 τόπῳ
2833 1297 2900 1353 τά
2956 1298 3240 1376 ἀχθοφόρα
3297 1303 3408 1369 ζῶα
3463 1301 3764 1377 ἀποφορτί-

2114 1414 2324 1462 σαντες,
2411 1388 2691 1460 ἄπληκτον
2744 1385 2904 1457 δῆθεν
2964 1389 3051 1460 [Ρ.
3115 1391 3236 1462 134]
3319 1387 3643 1462 ποιούμενοι
3705 1385 3766 1442 ἐκ

2113 1481 2334 1550 πολλῆς
2365 1477 2754 1552 περιστάσεως,
2811 1475 2903 1532 καὶ
2960 1481 3255 1546 πειρῶνται
3311 1481 3409 1533 τοῦ
3465 1476 3763 1550 ἀντιπαραο

2111 1571 2388 1644 τάξασθαι,
2422 1565 2640 1636 πολλὴν
2679 1565 2739 1620 ἐκ
2792 1567 2994 1620 τούτου
3049 1563 3405 1643 ἒφευρήσουσι
3433 1566 3531 1634 τήν
3563 1563 3761 1641 δυσχέ-

2116 1656 2458 1737 ρειαν.Ἀλλ’
2489 1655 2645 1730 ὅμως
2676 1655 2787 1730 χρὴ
2819 1657 2906 1710 καὶ
2967 1655 3059 1710 τὸν
3092 1655 3392 1732 στρατηγὸν
3424 1655 3614 1728 κύκλῳ
3642 1655 3764 1710 κατ’

2114 1750 2290 1805 αὐτῶν
2325 1747 2613 1822 ἐπαγαγεῖν
2671 1745 2764 1800 τὸν
2818 1741 3087 1818 πόλεμον,
3119 1743 3234 1816 καί,
3292 1743 3341 1799 εἲ
3387 1742 3638 1813 δυνατὸν,
3670 1745 3762 1798 xui

353 1834 613 1889 ciettum
663 1835 973 1904 sauciabit,
1008 1838 1372 1910 spiritusque
1407 1857 1612 1896 eorum
1661 1845 2004 1912 arrogantes

2121 1840 2331 1910 πεζικὸν
2364 1837 2496 1894 λαὸν
2526 1841 2596 1911 τῇ
2627 1836 2768 1910 αὐτῇ
2797 1838 2894 1890 τοῦ
2924 1833 3175 1909 πολέμου
3221 1834 3404 1910 ἡμέρᾳ
3430 1829 3760 1924 καταλαϐεῖν

350 1923 582 1996 franget
607 1941 620 1991 ;
645 1930 710 1978 ut
725 1941 846 1980 non
868 1927 1128 1997 amplius
1141 1929 1342 1983 ausuri
1367 1931 1488 1984 sint
1508 1930 1733 2002 absque
1753 1934 1916 1985 metu
1939 1930 1999 1984 in

353 2029 534 2085 pagos
551 2015 951 2070 Romanorum
974 2016 1349 2074 incursiones
1369 2019 1863 2076 facere.Siautem
1887 2018 2004 2074 dux

355 2103 672 2157 transitum
696 2120 901 2159 eorum
929 2121 958 2160 e
974 2107 1184 2162 castris
1206 2107 1266 2163 in
1285 2114 1479 2164 castra
1510 2127 1630 2165 non
1653 2109 2002 2180 praascierit,

353 2192 472 2247 sive
493 2209 562 2247 ex
581 2193 861 2266 perfugis,
895 2200 962 2248 ut
983 2195 1124 2266 dixi,
1162 2197 1290 2253 sive
1315 2215 1384 2253 ex
1406 2199 1685 2270 captivis;
1709 2205 1775 2254 ut
1823 2203 2004 2254 noctu

353 2281 692 2353 praemissas
714 2283 966 2339 insidias
997 2285 1058 2340 in
1082 2286 1172 2341 via
1193 2287 1435 2343 illorum
1467 2288 1759 2344 collocare
1778 2288 1966 2359 possit
1989 2304 2002 2342 :

354 2371 746 2426 nihilominus
769 2372 1030 2428 interdiu
1048 2374 1328 2432 adversus
1341 2376 1542 2432 hostes
1572 2377 1686 2432 iter
1706 2377 2005 2448 ingressos

352 2461 552 2533 palam
599 2461 890 2517 instructo
955 2464 1220 2520 exercitu
1269 2466 1542 2537 praelium
1592 2465 2004 2534 administret;

353 2564 750 2631 praeterquam
782 2559 830 2614 si
862 2560 1184 2618 admodum
1241 2562 1649 2634 infrequentes
1680 2568 2006 2634 tenuesque

355 2647 534 2702 habet
554 2649 776 2720 copias.
817 2650 982 2716 Nam,
1006 2651 1247 2706 utbrevi
1273 2651 2006 2724 expediam,impedimen-

356 2742 550 2792 torum
569 2739 889 2810 aggressio,
912 2740 1053 2810 quia
1069 2741 1241 2812 pauci
1265 2741 1553 2796 duntaxat
1583 2740 1793 2796 armati
1828 2741 2006 2812 equi-

355 2831 442 2882 tes
464 2826 740 2898 praasidio
773 2827 894 2882 illis
925 2828 1700 2900 relinquuntur,nunquam
1724 2828 2009 2884 offensio-

359 2933 498 2972 nem
521 2917 1039 2974 incommodumve
1099 2919 1382 2975 exercitui
1437 2925 1640 2975 nostro
1696 2919 1869 2974 tulit:
1903 2918 2008 2975 sed

358 3006 592 3077 quoties
623 3005 926 3062 dimicatio
971 3007 1240 3064 confecta
1279 3013 1486 3064 contra
1506 3008 1609 3064 illa
1631 3013 1739 3078 est,
1774 3023 2010 3080 semper

357 3095 652 3151 exercitus
672 3095 973 3151 Romanus
995 3097 1198 3153 hostes
1225 3097 1376 3154 bene
1399 3097 1620 3153 multos
1647 3114 1783 3153 cum
1828 3097 2006 3170 cepit,

2112 1928 2272 2005 τάχει
2303 1925 2506 2000 πολλῷ
2529 1925 2941 2001 παραγενέσθαι,
2999 1929 3164 1980 τοῦτο
3213 1925 3634 2000 παρασκευάσαι.
3696 1922 3762 1979 Ei

2114 2017 2170 2074 δὲ
2200 2021 2362 2074 τοῦτο
2395 2013 2651 2071 ἀδύνατόν
2682 2013 2816 2084 ἐστι,
2850 2011 2940 2069 διὰ
2967 2013 3032 2069 τὸ
3078 2012 3272 2090 πόῤῥω
3299 2012 3526 2074 τούτους
3553 2010 3765 2085 τυγχά-

2111 2129 2242 2179 νειν,
2298 2105 2428 2168 τοὺς
2480 2106 2858 2180 προσήκοντας
2944 2107 3053 2158 τῶν
3118 2103 3329 2158 ἱππέων
3411 2106 3519 2157 τῶν
3579 2100 3767 2154 ἳππων

2114 2192 2383 2263 ἀποϐῆναι
2418 2192 2734 2270 διορισάτω,
2763 2194 2851 2248 καὶ
2913 2196 3052 2266 πεζῇ
3110 2197 3228 2254 τοῖς
3285 2189 3581 2263 πολεμίοις
3632 2189 3772 2262 μετά

2111 2292 2220 2343 τῶν
2260 2287 2508 2340 ἱπποτῶν
2567 2284 2860 2358 μάχεσθαι,
2911 2281 3093 2352 τόξοις
3160 2281 3250 2336 καὶ
3309 2276 3620 2358 σφενδόναις
3677 2277 3770 2332 καὶ

2115 2373 2302 2451 δόρασι
2335 2373 2427 2430 σὺν
2457 2372 2641 2428 ἀσπίσι
2671 2372 3020 2447 χρωμένους.
3053 2375 3146 2426 Δεῖ
3170 2368 3261 2424 οὗν
3317 2369 3409 2424 τὸν
3463 2366 3770 2442 στρατηγὸν

2113 2465 2206 2522 καὶ
2237 2466 2339 2535 τήν
2372 2464 2544 2519 αὐτοῦ
2574 2461 2880 2530 ἀποσκευήν
2912 2461 3158 2536 ἀγαγεῖν,
3188 2460 3276 2514 xui
3314 2459 3377 2514 τὸ
3404 2454 3664 2526 τοῦλδον,
3717 2453 3780 2510 εἴ

2115 2578 2178 2631 γε
2227 2552 2466 2626 πλησίον
2525 2550 2808 2628 τυγχάνει,
2865 2550 2956 2605 xui
3016 2549 3277 2625 σύνεγγυς
3332 2552 3441 2603 τῶν
3484 2543 3774 2618 πολεμίων

2118 2641 2486 2714 ἀπλτ,κεῦσαι,
2521 2639 2600 2705 εἷς
2627 2637 2888 2710 ἔκπληξιν
2944 2637 3120 2694 αὐτῶν
3177 2639 3265 2693 xui
3324 2637 3650 2712 ἀπόγνωσιν.
3705 2632 3773 2690 Εἰ

2118 2732 2176 2790 δὲ
2210 2734 2262 2788 έν
2294 2734 2440 2804 αύτῷ
2465 2737 2544 2804 τῷ
2588 2731 2747 2803 τόπῳ
2802 2727 2950 2805 ὕδωρ
3005 2730 3321 2803 τοπαράπαν
3355 2727 3459 2782 ούκ
3485 2723 3618 2792 ἔστι,
3675 2723 3771 2779 xui

2114 2827 2280 2879 τοῦτο
2351 2820 2575 2890 πολλὴν
2635 2818 2869 2892 ἀθυμίαν
2928 2817 3115 2873 αὐτοῖς
3173 2817 3512 2892 προξενήσει·
3571 2813 3663 2868 xui
3724 2811 3774 2867 ei

2121 2914 2198 2988 μὴ
2228 2910 2434 2974 τελέως
2463 2911 2690 2972 τούτους
2721 2907 3182 2984 καταγωνίσηται,
3217 2906 3341 2962 ἀλλ’
3400 2905 3491 2960 οὗν
3525 2901 3775 2966 πολλούς

2116 3002 2486 3079 γεδδτούτων
2539 2996 2940 3076 ἀνδραποδίσει,
2993 2997 3284 3060 πλείστους
3339 2994 3398 3052 δὲ
3455 2995 3546 3050 xui
3605 3005 3772 3058 θανα-

2117 3092 2303 3164 τώσει,
2345 3091 2435 3146 καὶ
2492 3089 2828 3166 τραυματίας
2885 3086 3189 3164 ἐργάσεται,
3245 3085 3336 3141 xui
3393 3085 3457 3140 τὸ
3513 3085 3775 3153 ἀλαζονι-

361 3185 797 3240 tuminterfecit
815 3204 828 3252 ;
847 3186 1124 3257 jumenta
1141 3192 1196 3242 et
1219 3187 1414 3243 mulas
1435 3193 1678 3243 onustas
1704 3203 1824 3242 non
1854 3203 2007 3242 unas

2121 3183 2214 3239 κὸν
2249 3181 2425 3238 αὐτῶν
2456 3174 2757 3236 καταϐαλεῖ
2803 3177 3081 3256 φρόνημα·
3143 3175 3280 3232 ὥστε
3335 3175 3412 3248 μή
3470 3170 3777 3283 ἀδεῶςδκα-

361 3277 423 3330 in
447 3279 798 3348 potestatem
820 3275 1068 3348 redegit.
1099 3275 1264 3342 Quod
1294 3277 1341 3331 si
1366 3282 1657 3348 praeterea
1686 3276 2006 3347 peditatus,

363 3369 628 3421 armatus
660 3363 760 3420 ille
779 3365 1022 3435 quidem
1039 3371 1098 3421 et
1127 3366 1484 3422 exercitatus
1503 3366 1575 3422 ad
1598 3365 2015 3438 praeliandum,

366 3455 460 3510 die
483 3455 884 3512 dimicationis
901 3461 1117 3529 praasto
1151 3473 1282 3512 esse
1300 3461 1515 3529 potest,
1542 3456 1602 3510 in
1621 3455 2016 3525 adversarios,

366 3563 586 3601 corona
596 3547 860 3618 undique
875 3547 1638 3620 cinctos,impugnationem
1652 3545 1770 3601 dux
1791 3563 1897 3618 pro
1913 3561 2018 3600 suo

366 3636 562 3691 ofﬁcio
585 3636 1054 3707 instruat,eoque
1077 3653 1319 3707 prorsus
1341 3637 1415 3692 ad
1437 3638 1912 3694 internecionem
1933 3654 2021 3693 re-

369 3725 546 3794 digat.
579 3725 741 3779 Talia
764 3725 924 3778 enim
945 3741 1080 3779 cum
1101 3725 1389 3780 adversus
1431 3726 1860 3798 impedimenta
1881 3728 2021 3782 hos—

371 3812 540 3878 tium,
575 3816 700 3866 tum
725 3812 904 3865 etiam
922 3811 1206 3867 adversus
1229 3817 1432 3869 nostra
1458 3813 1579 3868 illis
1603 3815 2022 3887 ingruentibus

377 3899 666 3967 evenisse,
689 3900 842 3956 209
867 3915 987 3954 non
1011 3900 1266 3956 vidimus
1304 3901 1504 3972 modo,
1536 3920 1738 3958 verum
1771 3903 2022 3976 legimus

379 3989 559 4044 etiam
591 3988 748 4059 apud
781 3989 1122 4061 scriptores,
1155 3994 1213 4044 et
1240 4006 1276 4046 a
1303 3990 1633 4063 majoribus
1681 3991 2020 4048 didicimus.

377 4077 635 4150 Ideoque
660 4094 874 4150 magno
887 4078 1020 4133 usui
1045 4084 1135 4134 est
1149 4079 1712 4152 impedimentorum
1726 4099 2026 4155 oppugna-

379 4168 649 4239 tio,quod
662 4167 1086 4224 detrimentum
1104 4169 1296 4225 incom
1306 4169 1616 4226 modumve
1635 4171 1878 4227 omnino
1897 4172 2024 4227 nul-

377 4257 523 4325 lum,
556 4257 862 4314 victoriam
883 4264 1080 4314 autem
1112 4258 1482 4331 gloriamque
1514 4261 1783 4332 apprime
1813 4262 2025 4317 afferre

375 4348 740 4418 potest.Nam
760 4348 1054 4404 exercitus
1068 4350 1370 4405 Romanus
1385 4365 1455 4404 ea
1476 4350 1967 4418 invadens,etiam
1976 4351 2024 4405 si

374 4453 502 4492 rem
523 4453 643 4491 non
659 4435 908 4503 obtinet,
943 4443 1004 4492 at
1019 4442 1177 4492 certe
1218 4437 1419 4492 damni
1442 4438 1592 4493 nihil
1625 4443 1716 4494 est
1738 4439 2024 4495 facturus.

375 4525 522 4581 Item
555 4526 626 4593 si,
662 4543 778 4596 quo
807 4525 939 4580 loco
977 4525 1104 4596 jam
1153 4525 1558 4582 consederunt
1605 4529 1828 4599 hostes,
1863 4545 1931 4584 eo
1962 4544 2024 4584 se

2120 3271 2404 3346 τατολμᾷν
2436 3271 2572 3326 κατά
2598 3274 2707 3325 τῶν
2729 3271 3058 3342 Ῥωμαϊκῶν
3117 3264 3342 3343 χωρίων
3391 3265 3488 3329 τὰς
3542 3260 3778 3342 ἐφόδους

2121 3367 2416 3426 ποιεῖσθαι.
2446 3359 2508 3418 Ei
2570 3357 2628 3415 δὲ
2689 3359 2766 3432 μή
2804 3359 3069 3434 πρότερον
3127 3358 3156 3412 ὁ
3211 3355 3511 3432 στρατηγὸς
3568 3352 3777 3428 ἐπιγνῷ

2121 3453 2223 3522 τήν
2277 3453 2383 3506 ὰπὸ
2438 3453 2535 3505 τοῦ
2594 3446 2881 3520 ἀπλήκτου
2938 3447 3114 3503 αὐτῶν
3164 3445 3217 3501 ἐν
3281 3442 3451 3521 ἱτέρῳ
3505 3441 3779 3514 ἀπλήκτφ

2129 3536 2442 3615 μετάϐασιν,
2475 3541 2530 3609 ἣ,
2563 3539 2638 3601 ὡς
2669 3535 2825 3616 ἔφην,
2855 3534 2926 3591 δι’
2956 3535 3306 3610 αὐτομόλων,
3336 3533 3371 3604 ἢ
3422 3531 3510 3589 διὰ
3558 3529 3774 3605 δεσμω-

2123 3645 2254 3696 τῶν·
2288 3638 2438 3702 ὅπως
2483 3636 2536 3693 έν
2589 3637 2738 3693 νυκτὶ
2797 3634 3150 3699 ἀποστείλας
3180 3633 3561 3709 παρασκευάσῃ
3595 3632 3647 3687 έν
3703 3634 3776 3705 τῇ

2125 3726 2352 3806 παρόδῳ
2384 3728 2558 3784 αὑτῶν
2613 3728 2682 3782 τὰ
2732 3724 3112 3801 έγκρύμματα·
3172 3739 3262 3780 καί
3307 3723 3358 3780 ἓν
3392 3724 3574 3798 ἡμέρᾳ
3625 3719 3778 3777 ὁδοι-

2126 3818 2438 3895 πορούντων
2511 3819 2620 3871 τῶν
2703 3813 2987 3888 πολεμίων
3043 3817 3286 3889 φανερῶς
3366 3810 3778 3887 παρασκευασάο

2132 3925 2292 3979 μενος
2348 3904 2442 3959 τὸν
2499 3902 2618 3958 κατ’
2673 3900 2849 3956 αὐτῶν
2911 3898 3164 3971 διάθηται
3219 3897 3485 3973 πόλεμον
3519 3897 3572 3953 εἴ
3592 3919 3655 3972 γε
3713 3895 3778 3950 οὐ

2127 3995 2302 4063 πάντη
2365 3991 2650 4068 ὀλιγοστὸν
2708 3989 2797 4045 καὶ
2888 3988 3251 4066 εὐαρίθμητον
3304 3989 3561 4058 κέκτηται
3613 3988 3782 4061 στρά-

2127 4103 2323 4156 τευμα.
2383 4083 2443 4135 Ὃ
2497 4080 2598 4156 γάρ
2657 4080 2796 4135 κατὰ
2849 4083 2912 4135 τὸ
2981 4075 3213 4134 τοῦλδον
3271 4078 3446 4134 αὐτῶν
3504 4075 3782 4149 πόλεμος,

2132 4171 2440 4245 συντόμως,
2468 4168 2732 4225 οὐδέποτε
2787 4167 3095 4225 ἐναντίωσιν
3148 4166 3184 4238 ἢ
3238 4163 3452 4244 βλάϐην
3499 4168 3580 4237 τῷ
3635 4166 3781 4238 ἡμε-

2127 4264 2272 4339 τέρῳ
2312 4263 2524 4334 στρατῷ
2580 4254 2965 4332 προύξένησεν,
3023 4255 3250 4333 ὀλίγους
3307 4253 3436 4332 ἔχον
3499 4255 3787 4330 μαχίμους

2130 4354 2316 4413 ἱππεῖς
2370 4349 2449 4413 εἷς
2509 4346 2756 4427 φυλακὴν
2827 4348 3039 4404 ἑαυτοῦ·
3119 4344 3250 4402 ἀλλ’
3307 4347 3494 4407 ὁσάκις
3544 4342 3605 4400 ἄν
3662 4343 3786 4398 κατ’

2133 4440 2308 4496 αὐτῶν
2339 4440 2659 4516 δ”συνήφθη
2718 4435 2988 4510 πόλεμος,
3046 4433 3296 4498 πολλοὺς
3349 4433 3525 4488 αὐτῶν
3583 4433 3612 4488 ό
3669 4434 3783 4486 τῶν

2133 4529 2422 4604 Ῥωμαίων
2507 4527 2734 4603 στρατὸς
2786 4525 2876 4580 καὶ
2928 4521 3366 4600 ἡνδραποδίσατο
3421 4521 3510 4578 xui
3575 4520 3784 4576 ἀνεῖΑε⁶

378 4617 908 4688 continent,neque
940 4616 1013 4672 ob
1047 4617 1175 4688 ejus
1203 4617 1645 4674 munimentum
1668 4618 1808 4674 inde
1832 4618 2013 4692 digre-

2155 4583 2174 4588 -
2572 4583 2582 4603 ι
2720 4583 2733 4589 ν
2953 4583 2964 4596 ι
3038 4583 3047 4600 ι

2133 4616 2435 4675 καὶπολλά
2475 4621 2583 4672 τῶν
2639 4614 2944 4690 ὑποζυγίων
2999 4613 3090 4669 xui
3146 4613 3398 4687 ἡμιόνων
3448 4610 3626 4667 αὐτῶν
3684 4630 3785 4664 πε-

383 4706 650 4774 diuntur,
703 4707 1186 4778 prmdatoresque
1234 4713 1598 4779 exspectant,
1631 4707 2027 4763 nihilominus

382 4794 560 4850 debet
587 4795 702 4850 dux
756 4796 926 4869 signa
955 4795 1174 4851 inferre
1205 4812 1218 4850 :
1272 4813 1346 4852 ne
1378 4801 1694 4852 cunctante
1727 4796 1850 4865 illo,
1884 4796 2027 4852 dum

380 4883 678 4954 peditatus
709 4886 1215 4960 congregatus,vel
1245 4885 1318 4941 ob
1342 4886 1521 4942 aliam
1553 4903 1733 4958 quam
1763 4903 2026 4953 causam,

381 4973 538 5028 inter
559 4973 685 5030 haac
730 4976 925 5031 omnis
973 4992 1186 5032 manus
1240 4976 1597 5049 praadatoria
1627 4982 1914 5044 recurrat,
1938 4983 2026 5032 to-

2135 4707 2472 4786 φορτισμένα
2501 4702 2850 4762 ἀνελάϐοντο.
2885 4703 2948 4762 Ei
2987 4701 3043 4759 δὶ
3096 4702 3188 4758 καὶ
3243 4703 3307 4758 τὸ
3365 4701 3586 4771 πεζικὸν
3618 4697 3787 4774 στρά-

2133 4819 2311 4872 τευμα
2336 4796 2388 4852 ἐν
2418 4797 2602 4874 ἡμέρᾳ
2628 4793 2880 4868 πολέμου
2908 4793 3079 4869 τύχῃ,
3109 4791 3172 4849 τὸ
3203 4790 3550 4865 ὡπλισμένον
3583 4787 3787 4859 δηλον-

2137 4887 2220 4943 ότι
2257 4887 2345 4942 xui
2379 4885 2515 4960 πρὸς
2578 4883 2861 4958 πολέμους
2915 4881 3377 4958 γεγυμνασμένον,
3418 4879 3608 4952 κύκλῳ
3664 4879 3788 4933 κατ’

2139 4975 2315 5032 αὐτῶν
2360 4978 2734 5051 στρατηγικῶς
2787 4973 3166 5048 παρασκευάσῃ
3221 4971 3312 5026 τὸν
3366 4965 3640 5043 πόλεμον,
3696 4968 3789 5022 καὶ

382 5067 626 5134 tumque
679 5064 751 5120 de
811 5065 1259 5138 impugnatione
1315 5066 1631 5122 consilium
1676 5067 1911 5122 irritum
1940 5066 2013 5121 fa-

2136 5064 2331 5138 τελείῳ
2355 5062 2584 5124 τούτους
2615 5062 2907 5140 ἀφανισμῷ
2935 5058 3186 5135 παραδῷ.
3227 5062 3459 5114 Τοιαῦτα
3507 5061 3612 5133 γάρ
3643 5057 3794 5131 γενέ-

377 5151 514 5206 ciat.
549 5152 642 5208 Sic
673 5159 872 5210 autem
906 5153 1081 5210 debet
1110 5154 1229 5211 dux
1277 5173 1378 5211 eos
1410 5155 1670 5228 aggredi.
1703 5155 1874 5211 Vicos
1899 5172 2027 5227 pro-

381 5241 638 5314 pinquos
669 5244 879 5298 castris
911 5244 1174 5299 hostium
1197 5244 1572 5315 subjacentes
1598 5261 1706 5316 per
1727 5245 2029 5300 excubito-

2140 5166 2262 5220 σθαι
2294 5153 2348 5209 ἐν
2381 5157 2461 5225 τῷ
2490 5147 2710 5224 τοόλδῳ
2739 5155 2848 5205 τῶν
2882 5147 3190 5223 πολεμίων,
3223 5146 3371 5204 ἀλλά
3416 5147 3506 5203 καὶ
3538 5148 3663 5220 παρ’
3698 5144 3794 5200 αὖε

2139 5249 2246 5300 τῶν
2280 5242 2332 5298 ἐν
2365 5247 2444 5316 τῷ
2474 5239 2752 5314 ἡμετέρῳ,
2784 5238 2875 5294 xui
2898 5237 3253 5312 ἐθεασάμεθα,
3284 5236 3373 5292 καὶ
3404 5236 3456 5292 έν
3488 5237 3795 5310 ἱστορικοῖς

381 5346 477 5386 res
507 5330 785 5388 dimissos
814 5331 1116 5402 exploret:
1161 5331 1245 5387 ibi
1301 5333 1529 5403 equites
1584 5331 1848 5388 delectos
1895 5349 2013 5388 cun

2140 5333 2470 5409 ἀνέγνωμεν,
2500 5329 2592 5386 καὶ
2622 5328 2769 5406 παρᾶ
2794 5332 2903 5384 τῶν
2935 5328 3312 5404 ἀρχαιοτέρων
3369 5326 3795 5400 μεμαθήκαμεν,

381 5421 744 5491 peritissimo
776 5437 844 5476 ac
864 5420 1294 5492 fortipraafecto
1315 5419 1445 5476 loco
1469 5425 1805 5492 opportuno
1829 5421 2032 5476 occul-

2145 5422 2244 5477 Διὰ
2269 5426 2437 5478 ταῦτα
2497 5421 2592 5496 μὶν
2650 5420 2744 5476 οὗν
2797 5416 3080 5498 ὠφέλιμος
3138 5419 3168 5474 ὁ
3221 5417 3360 5473 κατὰ
3405 5420 3501 5472 τοῦ
3554 5411 3799 5471 τούλδου

1587 5573 1650 5628 C.
1675 5571 1736 5628 B.
1771 5571 1960 5630 HASII
1980 5575 2538 5634 ANNOTATIONES.

459 5704 509 5741 ⁴³
537 5711 621 5782 γε]
647 5700 736 5758 xui
771 5701 901 5760 cod.
934 5700 983 5736 ‘“
1011 5697 1211 5774 αὐτῶν]
1241 5700 1400 5759 Fort.
1430 5695 1583 5755 αὐτό.
