4078 6204
316 415 438 473 957

1650 411 2073 473 VELITATIO
2116 411 2443 473 BELLICA

3622 413 3737 473 958

319 543 595 618 πόλεμος,
628 547 715 616 [Ρ.
750 547 874 618 135]
906 544 981 605 ὡς
1130 543 1308 618 φέρων
1357 544 1480 598 τινὰ
1513 538 1726 618 βλάϐην
1758 543 1794 612 ἥ
1827 541 1979 598 ἐναν-

2091 545 2535 617 tat.Hi,quando
2548 544 3011 600 frumentatores
3030 544 3293 599 hostium
3315 545 3472 599 vicos
3486 544 3738 616 ingrcssi

319 635 531 705 τίωσιν,
567 634 780 707 μᾶλλον
813 632 870 689 δὲ
917 634 1074 703 νίκην
1141 633 1232 687 καὶ
1291 630 1564 704 εὔκλειαν,
1623 631 1668 688 εἷ
1725 634 1829 707 γὰρ
1887 632 1978 687 καὶ

330 726 409 797 μή
440 726 540 793 τὴν
570 728 804 779 νικῶσαν
839 720 969 799 εὕρῃ
1032 722 1107 784 εἷς
1143 723 1233 777 τὸν
1293 724 1408 777 κατ’
1468 722 1595 777 αύτὸ
1654 721 1898 793 πόλεμον
1951 723 1978 775 ὁ

326 819 430 867 τῶ·
457 812 739 886 Ῥωμαίων
803 812 1048 888 στρατὸς,
1110 810 1237 867 ἀλλ’
1296 812 1385 865 οὖν
1447 808 1707 884 οὐδεμίαν
1768 806 1980 885 βλάϐην

334 904 716 972 ὑποστήσεται.
753 901 813 958 Εἰ
847 899 902 956 δὲ
933 899 984 955 ἐν
1036 901 1082 972 ᾧ
1129 900 1282 973 τόπῳ
1338 901 1603 975 πρότερον
1660 899 1978 969 ηὐλίζοντο,

330 986 601 1061 διέμειναν
635 987 686 1042 ἐν
720 989 892 1061 αὐτῷ,
948 985 1221 1061 μηδαμῶς
1278 992 1388 1042 τῶν
1449 986 1620 1041 ἐκεῖσε
1678 987 1978 1060 ἀπάραντες

324 1073 416 1129 διὰ
444 1077 545 1144 τήν
571 1078 671 1130 τοῦ
698 1076 873 1130 τόπου
906 1075 1243 1149 ὀχυρότητα,
1275 1076 1338 1128 τὸ
1382 1077 1612 1148 κοῦρσον
1672 1070 1979 1146 ἀπεκδεχό-

326 1187 504 1239 μενοι,
532 1170 623 1221 καί
656 1164 917 1230 ὡσαύτως
961 1167 989 1220 ὁ
1043 1165 1349 1241 στρατηγὸς
1401 1166 1518 1220 κατ’
1570 1166 1749 1220 αὐτῶν
1803 1162 1979 1235 ἐπάξει

318 1256 411 1309 τὸν
436 1255 708 1329 πόλεμον·
772 1257 847 1329 μή
907 1276 1041 1311 ποτε.
1096 1250 1535 1327 ἐμϐραδύνοντος
1590 1252 1681 1309 διὰ
1730 1254 1829 1321 τὴν
1886 1257 1981 1307 τοῦ

317 1349 548 1414 πεζικοῦ
578 1343 721 1399 ἰδίου
753 1344 889 1400 λαοῦ
940 1345 1322 1421 ἐπισώρευσιν,
1376 1344 1413 1413 ἢ
1473 1342 1563 1399 διὰ
1621 1343 1801 1414 ἄλλην
1861 1342 1983 1398 τινὰ

314 1434 613 1511 πρόφασιν,
666 1432 977 1510 ὑποστρέψῃ
1065 1433 1130 1488 τὸ
1210 1437 1466 1507 κοῦρσον,
1518 1434 1607 1488 καὶ
1661 1430 1977 1506 διακωλύσῃ

320 1524 414 1577 τὸν
467 1520 739 1595 πόλεμον.
802 1522 988 1584 Οὕτως
1047 1520 1105 1577 δὲ
1166 1523 1277 1597 χρὴ
1352 1523 1445 1577 τὸν
1506 1523 1807 1598 στρατηγὸν
1863 1521 1981 1575 κατ’

324 1613 504 1667 αὐτῶν
590 1610 858 1676 ἐπελθεῖν.
920 1615 1290 1681 Διασκοπῆσαι
1351 1610 1441 1666 διά
1510 1617 1619 1666 τῶν
1703 1608 1981 1666 ἀποστελ-

332 1700 586 1775 λομένων
651 1700 991 1777 βιγλατόρων
1072 1703 1140 1757 τὰ
1224 1702 1702 1778 συμπαρακείμενα
1780 1700 1981 1776 χωρία,

325 1791 418 1845 καὶ
479 1791 732 1867 σύνεγγυς
819 1786 947 1846 ὄντα
1001 1796 1099 1846 τοῦ
1158 1791 1443 1862 ἀπλήκτου
1503 1795 1611 1845 τῶν
1670 1788 1980 1861 πολεμίων·

323 1881 543 1935 κάκεῖσε
600 1882 913 1955 ἀποκρύψαι
991 1881 1180 1945 ἱππεῖς
1246 1880 1534 1943 ἐκλεκτοὺς
1576 1880 1630 1935 ἐν
1690 1876 1984 1951 ἐπιτηδείῳ
2016 1910 2061 1974 Β

317 1971 498 2043 τόπῳ,
564 1971 696 2043 μετά
758 1968 1027 2046 ἄρχοντος
1087 1970 1482 2045 ἐμπειροτάτου
1547 1971 1636 2025 καὶ
1706 1966 1980 2044 ἀνδρείου.

319 2061 420 2113 Καὶ
480 2058 596 2113 ἐπεὶ
681 2058 733 2114 ἐν
824 2058 1011 2121 αὐτοῖς
1070 2058 1412 2135 εἷσέρχονται
1498 2058 1705 2137 τροφὰς
1785 2056 1985 2133 διερευ-

314 2152 576 2222 νώμενοι,
634 2149 720 2203 καὶ
813 2147 987 2203 αὐτῶν
1074 2148 1497 2223 ὁρμησάτωσαν.
1582 2149 1837 2222 Ἐτέρους
1925 2144 1985 2201 δὲ

322 2242 510 2300 ἱππεῖς
564 2237 642 2299 εἷς
674 2236 848 2312 λόχον
881 2237 1173 2313 ἀπαρτίσαι
1234 2237 1313 2300 εἴς
1376 2238 1630 2313 βοήθειαν
1686 2239 1779 2291 καί
1838 2233 1983 2291 ἐκδί-

322 2347 484 2398 κησιν
539 2330 647 2381 τῶν
735 2324 1044 2401 ἔμπροσθεν
1109 2326 1552 2383 ἀποσταλέντωνσ
1637 2327 1727 2381 καὶ
1808 2325 1859 2379 εἷ’
1922 2346 1985 2400 γε

325 2417 555 2478 τούτους
643 2415 992 2490 βουληθῶσιν
1087 2414 1371 2489 ἐπιδιῶξαι
1422 2417 1474 2472 οἱ
1535 2420 1644 2471 τῶν
1697 2413 1981 2488 πολεμίων

320 2506 535 2574 ἱππεῖς,
567 2504 910 2577 ἐπιθήσονται
968 2508 1085 2561 κατ’
1117 2506 1318 2579 αὐτῶν,
1375 2505 1464 2561 καὶ
1521 2506 1835 2579 τρέψονται,
1891 2503 1982 2559 καὶ

328 2592 744 2665 καταδιώξουσυ
796 2594 887 2651 διὰ
937 2597 998 2651 τὸ
1029 2595 1111 2651 ἀεί
1153 2616 1284 2651 ποτε
1315 2595 1641 2671 ὀλιγοστοὺς
1675 2596 1807 2649 εἶναι
1857 2595 1985 2656 τοὺς

329 2686 542 2757 ἱππεῖς,
603 2684 730 2747 τοὺς
780 2685 857 2748 εἲς
914 2684 1163 2763 φυλακὴν
1211 2690 1309 2741 τοῦ
1366 2682 1629 2742 τούλδου.
1661 2689 1783 2740 Τῶν
1814 2683 1985 2739 πολε-

339 2774 478 2847 μίων
539 2772 591 2828 ἐν
651 2782 768 2839 τοῖς
827 2776 1060 2851 χωρίοις
1121 2777 1196 2849 μή
1284 2774 1709 2850 εἷ’σερχομένων,
1787 2772 1832 2829 εἷ
1892 2772 1981 2828 καὶ

326 2864 586 2922 ἀδύνατον
639 2870 806 2922 τοῦτο
864 2865 1150 2941 τυγχάνει,
1210 2862 1503 2940 διορισάτω
1590 2865 1619 2918 ὁ
1679 2864 1979 2937 στρατηγὸς

324 2955 455 3017 τοὺς
536 2952 1050 3028 ἀποστελλομένους
1107 2956 1236 3031 παρ’
1308 2955 1475 3009 αὐτοῦ
1538 2959 1648 3009 τῶν
1706 2953 1978 3030 ἐμπείρων

319 3040 532 3118 ἀνδρῶν
570 3043 904 3119 βιγλάτορας
947 3042 1039 3097 καὶ
1100 3040 1626 3108 διασκοπησάτωσαν
1680 3044 1746 3111 ⁸⁸,
1825 3040 1876 3097 ἐν
1933 3041 1980 3113 ᾧ

324 3134 475 3209 μέρει
504 3138 602 3189 τοῦ
631 3132 918 3204 ἀπλήκτου
948 3132 1126 3188 αὐτῶν
1158 3132 1256 3194 τὰς
1289 3131 1584 3206 καμήλους
1631 3133 1685 3187 οἱ
1713 3131 1979 3205 πολέμιοι

322 3222 400 3284 εἰς
455 3224 632 3297 νομὴν
690 3221 959 3297 ἐξάγουσι.
1021 3223 1122 3279 Καὶ
1187 3219 1577 3297 διαχωρισάτω
1609 3223 1719 3276 εἳτε
1774 3241 1976 3294 τουρμ-

321 3314 521 3387 ἀρχην,
614 3310 721 3366 εἴτε
800 3311 1193 3386 τοποτηρητὴν
1282 3312 1584 3386 χρήσιμον,
1696 3312 1812 3384 μεθ’
1892 3312 1979 3365 ἰπ-

323 3407 473 3455 πέων
507 3398 795 3476 ἂνδρείων·
828 3400 919 3455 καὶ
947 3399 1377 3471 σκοπησάτωσάν
1432 3399 1625 3477 ῥύακα,
1655 3399 1699 3453 εί
1758 3399 1985 3474 εὕρηται

331 3487 385 3542 ἐν
466 3493 545 3561 τῷ
623 3488 777 3561 τόπῳ
850 3485 1180 3558 ἐπιτήδειος
1262 3487 1353 3542 καὶ
1438 3488 1857 3563 παρασυρθῶσιν
1932 3486 1984 3539 ἐν

334 3578 485 3650 αύτῷ
538 3578 931 3653 κεκρυμμένοι,
973 3576 1076 3641 ἔως
1131 3578 1194 3632 οὗ
1263 3575 1502 3647 πλησίον
1559 3576 1842 3653 γένωνται·
1896 3577 1983 3631 καὶ

337 3671 462 3727 τότε
521 3672 762 3747 φανερῶς
846 3667 982 3723 κατά
1035 3670 1143 3721 τῶν
1220 3665 1490 3737 καμήλων
1573 3665 1674 3733 τήν
1750 3663 1984 3719 ἐπίθεσιν

341 3763 701 3831 ποιήσωνται.
734 3757 827 3820 Εἷς
861 3755 957 3812 δύο
1009 3754 1067 3811 δὲ
1121 3756 1212 3811 τὸν
1269 3752 1401 3809 λαὸν
1462 3756 1514 3809 οἱ
1593 3752 1987 3815 ἀποσταλέντες

338 3848 830 3927 διαμερισάτωσαν’
882 3848 973 3903 καὶ
1057 3847 1109 3901 οἳ
1197 3846 1294 3918 μὲν
1378 3844 1600 3917 ἡμίσεις
1672 3845 1768 3907 τὰς
1823 3864 1986 3918 νεμο-

342 3944 503 4016 μένας
581 3937 873 4012 καμήλους
929 3936 1021 3993 καὶ
1090 3935 1221 3997 τοὺς
1315 3932 1470 3997 ὅνους
1530 3929 1989 4007 ἀναλαμϐανέτω-

335 4053 455 4102 σαν,
489 4032 541 4085 οἱ
574 4027 631 4084 δὲ
662 4026 827 4084 ἄλλοι
885 4026 962 4089 είς
994 4026 1245 4101 φυλακὴν
1278 4026 1366 4080 καὶ
1417 4022 1693 4095 ἐκδίκησιν
1724 4026 1813 4080 καὶ
1858 4026 1991 4101 βοή-

345 4132 492 4185 θειαν
516 4119 692 4175 αὐτῶν
726 4112 983 4171 ἔστωσαν.
1017 4115 1121 4172 Καὶ
1181 4114 1226 4170 εί
1274 4114 1417 4190 τύχῃ
1473 4113 1714 4191 φοῦλκον
1764 4112 1865 4188 ἔξω
1890 4119 1988 4170 τοῦ

336 4210 625 4287 φωσσάτου
654 4211 764 4262 τῶν
807 4204 1096 4278 πολεμίων
1128 4203 1433 4277 ἱστάμενον,
1460 4204 1552 4259 καὶ
1594 4202 1799 4278 ἐπέλθῃ
1852 4203 1990 4257 κατὰ

334 4304 444 4354 τῶν
492 4298 568 4361 εἷς
627 4298 724 4360 τὰς
779 4294 1070 4370 καμήλους
1124 4292 1483 4369 ἐπιθεμένων,
1540 4293 1574 4364 ἥ
1634 4293 1725 4349 καὶ
1784 4295 1844 4348 ἐκ
1891 4297 1989 4348 τοῦ

337 4388 622 4468 φωσσάτου
658 4386 948 4460 ἐξέλθωσιν
1004 4386 1190 4447 ἱππεῖς
1239 4382 1693 4457 καταδιώκοντες,
1748 4385 1805 4438 οἱ
1862 4378 1987 4438 ὄπι-

336 4493 455 4545 σθεν
518 4476 671 4541 ὄντες
742 4478 970 4539 τούτους
1030 4478 1516 4551 καταγωνίσονται.
1568 4478 1879 4551 Παραυτίκα
1934 4472 1991 4530 δὲ

333 4569 425 4625 καὶ
457 4567 485 4623 ὀ
519 4572 845 4643 στρατηγὸς,
877 4565 938 4621 ού
969 4564 1160 4643 πόρῥω
1190 4562 1289 4634 ὢν,
1349 4563 1496 4620 ἀλλὰ
1532 4564 1794 4636 πλησίον,
1825 4563 1879 4619 ἐν
1908 4568 1990 4636 τῷ

2087 634 2539 706 sunt,impetum
2557 635 2617 689 in
2634 634 2771 688 illos
2788 633 3149 689 faciant.Alii
3168 634 3467 704 equitesin
3488 634 3735 689 latibulo

2087 723 2320 795 disponi
2346 724 2762 795 debent,opem
2786 723 3194 793 auxiliumque
3218 723 3391 777 laturi
3408 723 3734 793 prwmissis

2087 813 2210 868 illis
2239 831 2423 885 :quos
2448 815 2495 868 si
2519 815 2797 869 insectari
2845 814 3045 868 hostes
3087 814 3311 878 volunt,
3339 814 3450 884 ipsi
3485 814 3640 867 ultro
3674 815 3735 867 in

2088 904 2225 958 illos
2259 920 2321 958 se
2352 903 2857 974 inferent,eosque
2888 903 3051 957 fusos
3082 910 3519 974 persequentur
3544 946 3556 970 ,
3580 902 3740 973 quod

2088 993 2407 1065 perexiguo
2442 1009 2678 1064 semper
2708 1009 2959 1048 numero
3017 999 3155 1047 sunt
3205 993 3456 1063 equites,
3499 993 3597 1062 qui
3664 992 3737 1047 ad

2090 1081 2659 1152 impedimentorum
2692 1082 3022 1138 custodiam
3065 1082 3509 1153 relinquuntur.
3545 1082 3742 1136 Hosti-

2089 1169 2199 1225 bus
2230 1172 2476 1226 omnino
2496 1171 2556 1225 in
2588 1173 2746 1226 vicos
2776 1188 2897 1225 non
2922 1170 3659 1243 ingredientibus,tametsi
3685 1168 3745 1223 id

2091 1259 2333 1329 quidem
2364 1260 2495 1315 ﬁeri
2527 1277 2649 1315 non
2663 1260 3271 1332 potest,imperetdux
3303 1259 3745 1314 excubitoribus

2092 1350 2249 1405 210
2278 1349 2487 1420 peritis
2517 1350 2658 1404 viris
2690 1366 2725 1404 a
2755 1365 2817 1404 se
2877 1350 3131 1414 emissis,
3165 1354 3231 1403 ut
3276 1349 3603 1420 explorent,
3628 1365 3747 1418 qua

2090 1442 2258 1509 parte
2293 1443 2625 1493 castrorum
2658 1439 2978 1493 adversarii
3042 1438 3302 1493 camelos
3349 1443 3585 1509 pastum
3637 1439 3744 1493 du-

2092 1533 2248 1582 cant.
2284 1529 2431 1582 Tum
2463 1528 2735 1600 designet
2764 1529 2853 1582 vel
2889 1529 3315 1595 turmarcham,
3348 1527 3439 1581 vel
3462 1528 3745 1582 vicarium

2091 1616 2481 1681 bonum,cum
2507 1618 2810 1689 equitibus
2836 1618 3095 1673 strenuis
3121 1634 3132 1671 :
3158 1618 3320 1688 iique
3342 1617 3532 1671 rivum
3556 1616 3743 1683 nacti,

2092 1704 2141 1758 si
2173 1704 2303 1760 loco
2336 1705 2439 1759 illo
2472 1705 2725 1761 idoneus
2749 1706 2971 1771 subest,
3008 1707 3069 1760 in
3102 1723 3169 1761 eo
3202 1705 3537 1760 absconditi
3575 1705 3743 1760 adre-

2092 1798 2255 1864 pant,
2282 1794 2473 1849 donec
2518 1795 2762 1866 propius
2794 1796 3193 1850 accesserint:
3227 1801 3354 1850 tum
3386 1800 3744 1866 apparentes

2092 1883 2382 1953 impetum
2415 1883 2475 1937 in
2493 1883 2753 1937 camelos
2782 1883 3432 1938 faciant.Debetautem
3457 1882 3741 1936 emissum

2094 1988 2304 2043 agmen
2337 1972 2610 2027 bifariam
2643 1973 2896 2027 divisum
2928 1988 3091 2027 esse:
3119 1977 3184 2026 ut
3214 1972 3462 2026 dimidia
3484 1987 3620 2042 pars
3645 1987 3743 2025 ca-

2095 2062 2283 2117 melos
2298 2062 2619 2132 asinosque
2645 2066 2956 2134 pascentes
2977 2061 3192 2132 abigat,
3216 2062 3405 2116 altera
3433 2061 3506 2115 ad
3528 2060 3743 2131 prioris

2094 2151 2426 2206 custodiam
2459 2167 2527 2206 ac
2558 2151 2967 2206 defensionem
3022 2167 3195 2223 opem
3252 2151 3390 2205 huic
3440 2150 3633 2204 latura
3680 2150 3741 2202 in

2094 2241 2351 2296 statione
2384 2240 2653 2305 sit.Quod
2688 2242 2735 2295 si
2766 2241 2974 2313 globus
3005 2241 3265 2296 hostium
3289 2257 3393 2311 pro
3418 2239 3626 2295 castris
3649 2254 3743 2293 ex-

2093 2330 2298 2385 cubias
2328 2347 2507 2403 agens
2531 2330 2593 2385 in
2622 2330 2929 2386 abactores
2959 2330 3322 2386 camelorum
3346 2329 3617 2391 incurrit,
3651 2327 3739 2381 vel

2092 2435 2122 2472 e
2152 2419 2359 2473 castris
2382 2420 2613 2490 equites
2643 2419 2959 2491 provolant
2988 2424 3344 2489 nostrosque
3369 2434 3743 2490 persequun-

2093 2510 2318 2580 tur,qui
2353 2510 2413 2564 in
2445 2509 2727 2565 subsidiis
2755 2515 2916 2564 stant
2936 2508 3070 2563 illos
3085 2506 3745 2581 expugnabunt.Simul-

2092 2615 2206 2668 que
2234 2598 2484 2670 dux,qui
2519 2616 2640 2654 non
2674 2599 2881 2670 procul
2905 2598 3043 2654 inde
3074 2599 3137 2653 in
3168 2597 3415 2653 latibulo
3449 2595 3745 2651 subsidia-

2090 2691 2423 2753 tur,contra
2454 2687 2596 2743 illos
2630 2687 2916 2759 prodeat:
2951 2693 3009 2742 et
3037 2687 3286 2759 perinde
3318 2692 3384 2741 ut
3412 2685 3569 2740 videt
3598 2702 3745 2755 pra:-

2088 2775 2236 2831 lium
2269 2777 2510 2845 ﬁeri,ita
2539 2793 2666 2832 rem
2698 2776 3170 2845 administret,ut
3197 2776 3286 2831 vel
3310 2776 3494 2830 effuse
3526 2775 3587 2828 in
3612 2775 3748 2828 hos-

2090 2870 2179 2921 tes
2208 2872 2364 2932 ruat,
2396 2866 2504 2927 vel.
2540 2867 2587 2921 si
2620 2868 2915 2938 praemissi
2947 2867 3019 2921 de
3048 2883 3233 2921 manu
3265 2882 3373 2921 sua
3404 2864 3743 2936 superiores

2086 2957 2333 3026 fuerint,
2366 2958 2636 3013 ordinate
2669 2959 3053 3029 confertaque
3081 2959 3207 3013 acie
3233 2958 3307 3013 ad
3342 2956 3739 3029 oppugnanda

2086 3054 2282 3104 castra
2313 3048 2609 3104 succedat.
2641 3050 2728 3104 Ita
2760 3049 3064 3120 productis
3122 3048 3414 3103 universis
3466 3047 3735 3117 equitum

2086 3139 2464 3210 militumque
2491 3138 2699 3209 copiis,
2734 3144 3044 3210 perspecto
3104 3139 3362 3211 regionis
3423 3138 3562 3203 situ,
3607 3138 3737 3190 loca

2087 3233 2249 3283 certa
2277 3228 2491 3298 cuique
2522 3227 2809 3282 attribuat
2868 3228 3139 3299 equitum
3188 3226 3573 3298 peditumque
3620 3242 3733 3279 nu-

2092 3318 2908 3389 mero,0ppugnationemque
2923 3332 3141 3372 corona
3154 3314 3592 3381 circumdata,si
3610 3314 3738 3368 ﬁeri

2092 3405 2671 3477 potest,instituat.Si
2702 3405 2926 3460 flumen
2958 3405 3180 3473 subest,
3207 3410 3309 3460 aut
3337 3404 3516 3473 rivus,
3550 3408 3615 3457 ut
3642 3419 3738 3457 su-

2090 3495 2293 3566 perius
2323 3494 2601 3561 diximus,
2626 3494 2728 3565 qui
2764 3493 2940 3549 fossae
2998 3494 3188 3549 instar
3235 3493 3505 3548 hostibus
3538 3491 3735 3547 muni-

2092 3591 2294 3640 menta
2320 3584 2583 3655 praabeat
2604 3584 2652 3638 si
2682 3590 2987 3656 utcunque
3020 3585 3282 3640 admittit
3312 3583 3738 3651 transitum,ea

2093 3690 2332 3746 quoque
2365 3678 2626 3729 armatos
2656 3674 2920 3731 inducat.
2953 3678 3130 3729 Curet
3158 3674 3323 3740 item,
3356 3680 3423 3729 ut
3480 3671 3737 3728 tentoria

2094 3764 2387 3819 exercitus
2408 3762 2777 3818 collocentur
2797 3764 2870 3819 ad
2890 3763 3338 3833 declarandum,
3372 3764 3465 3820 21
3486 3765 3519 3818 l
3548 3767 3742 3817 castra

2094 3872 2155 3910 se
2188 3854 2268 3909 ibi
2293 3870 2514 3925 ponere
2548 3853 2843 3924 velle,quo
2859 3860 3078 3909 terreat
3101 3853 3499 3909 adversarios:
3524 3850 3740 3921 quibus

2092 3944 2270 4000 rebus
2302 3942 2889 4009 constitutis,inferat
2916 3944 3188 4015 signa.Ac
3220 3942 3267 3997 si
3301 3947 3481 4007 recte,
3501 3939 3742 3995 ordina-

2093 4035 2222 4101 tim,
2257 4038 2497 4088 strenue
2538 4034 3043 4103 oppugnationem
3082 4031 3480 4097 administrat,
3509 4030 3741 4101 magni-

2095 4124 2204 4178 fice
2237 4120 2623 4186 vincet.Quod
2653 4121 2700 4173 si
2732 4121 2923 4189 primo
2945 4120 3041 4175 die
3070 4119 3319 4174 fundere
3350 4119 3487 4173 illos
3508 4118 3740 4188 nequit,

2094 4209 2254 4281 quod
2285 4214 2344 4264 et
2373 4208 2665 4263 industrie
2695 4208 3002 4273 resistunt,
3038 4212 3095 4261 et
3122 4207 3388 4279 peditatu
3417 4205 3637 4271 valent,
3671 4206 3743 4258 si-

2095 4299 2218 4356 mul
2234 4298 2671 4369 quodlocorum
2686 4298 2803 4353 situ
2828 4296 3411 4369 adjuvantur,tamen
3430 4294 3739 4349 considere

2086 4389 2262 4460 juxta
2294 4391 2551 4459 oportet,
2584 4386 2962 4457 majoresque
2984 4385 3289 4457 pedestres
3322 4384 3523 4454 capias
3538 4398 3741 4437 accer-

2095 4479 2440 4533 sere.Noctu
2466 4492 2623 4532 cura)
2656 4475 2767 4529 sibi
2784 4475 3099 4543 sit,utcum
3126 4474 3270 4529 levis
3292 4478 3593 4528 armatura
3612 4478 3738 4526 tum

2094 4564 2428 4620 tunditores
2459 4563 2578 4619 tela
2608 4563 2669 4617 in
2703 4563 2904 4618 hostes
2935 4562 3260 4633 conjiciant
3284 4561 3455 4615 :item
3486 4564 3551 4614 ut
3572 4559 3738 4631 ignes

334 4637 867 4735 ἒγκρύμμξατι,’κατ’
934 4637 1109 4712 αὐτῶν
1178 4654 1455 4728 ἐξελθέτω·
1504 4656 1594 4710 καὶ
1652 4657 1831 4720 καθὼς
1889 4656 1982 4731 ὁρᾷ

2099 4656 2526 4728 quamplurimi
2558 4655 2621 4710 in
2653 4654 2794 4709 orbe
2826 4655 2982 4709 circa
3028 4653 3166 4709 illos
3196 4654 3379 4708 fiant:
3413 4652 3737 4721 leviterque

333 4748 665 4828 συναφθέντα
694 4747 785 4802 τὸν
839 4747 1113 4819 πόλεμον,
1176 4748 1255 4819 [Ρ.
1300 4747 1427 4818 136]
1468 4742 1612 4799 οὕτω
1665 4744 1751 4800 καὶ
1810 4742 1980 4799 διατι-

334 4839 494 4906 θέτω,
526 4840 562 4908 ἢ
597 4834 850 4913 σφοδρῶς
876 4836 1013 4890 κατά
1040 4839 1149 4890 τῶν
1203 4832 1492 4907 πολεμίων
1523 4829 1751 4908 ἐπέλθῃ,
1800 4835 1833 4902 ἢ
1877 4838 1983 4889 τῶν

332 4927 751 4983 ἀποσταλέντων
849 4929 946 4979 τοῦ
1032 4922 1170 4979 λαοῦ
1272 4923 1436 4979 αὐτοῦ
1523 4922 1980 4997 έπικρατεστέρων

334 5013 529 5087 ὄντων,
553 5016 605 5071 ἐν
637 5016 780 5085 τάξει
819 5014 910 5069 καὶ
972 5015 1045 5086 μή
1082 5010 1546 5085 διεσκεδασμένως
1600 5013 1702 5080 τὴν
1760 5010 1982 5067 ἐπέλευ-

333 5129 417 5162 σιν
445 5108 583 5162 κατά
619 5110 717 5160 τοῦ
747 5102 1036 5174 ἀπλήκτου
1092 5104 1415 5172 ποιήσηται.
1477 5101 1575 5156 Καὶ
1637 5101 1845 5155 ἅπαντα
1890 5106 1982 5155 τὸν

334 5195 467 5252 λαὸν
500 5194 689 5263 αύτοῦ,
713 5195 899 5256 ἱππεῖς
925 5213 985 5247 τε
1010 5191 1100 5247 καὶ
1158 5193 1356 5259 πεζοὺς
1415 5190 1662 5265 ἀγαγὼν,
1717 5188 1832 5244 ἐπεὶ
1881 5192 1983 5259 τὴν

326 5289 425 5341 τοῦ
453 5284 626 5339 τόπου
654 5285 797 5338 θέσιν
857 5282 1216 5353 ἐξεπίσταται,
1279 5278 1576 5353 διαμερίσῃ
1632 5280 1702 5334 τά
1754 5278 1989 5334 κατατύ-

326 5395 448 5445 πια,
476 5378 597 5436 ταῖς
627 5372 807 5443 τάξεσι
861 5373 1057 5433 πάσαις
1102 5374 1211 5425 τῶν
1264 5389 1323 5425 τε
1370 5367 1580 5423 ἱππέων
1645 5369 1738 5423 καὶ
1788 5372 1985 5440 πεζῶν,

327 5464 417 5521 καὶ
464 5464 558 5519 τὸν
590 5462 709 5518 κατ’
769 5460 948 5516 αὐτῶν
1008 5457 1262 5530 διάθηται
1322 5458 1593 5532 πόλεμον,
1652 5457 1699 5512 εἰ
1758 5457 1869 5513 οἶόν
1928 5479 1988 5514 τε

2091 4754 2352 4805 armatos
2364 4748 2437 4803 ad
2450 4748 2583 4801 forti
2593 4746 2859 4801 tudinem
2873 4751 3048 4817 atque
3062 4745 3364 4801 audaciam
3376 4744 3740 4811 exhortetur,

2096 4844 2161 4892 ut
2180 4837 2386 4907 praslio
2409 4836 2687 4891 manibus
2704 4840 2977 4890 conserto
3010 4835 3072 4890 in
3110 4835 3433 4889 discrimen
3482 4850 3543 4887 se
3594 4833 3740 4887 offe-

2092 4930 2249 4992 rant,
2283 4924 2472 4979 donec
2499 4924 2561 4978 in
2585 4930 2779 4979 castra
2813 4924 3074 4978 hostium
3098 4923 3495 4995 perruperint,
3531 4937 3736 4992 equos,

2094 5015 2313 5081 mulos,
2342 5013 2621 5068 facultate
2662 5019 2842 5068 noctu
2875 5013 3123 5084 prmdati
3160 5015 3299 5081 sint,
3331 5012 3739 5068 vulneratione

2093 5119 2309 5175 magna
2330 5119 2397 5157 ac
2429 5102 2588 5157 caede
2620 5103 2880 5157 hostium
2912 5103 3084 5158 facta.
3117 5109 3192 5159 Et
3218 5104 3484 5168 omnino,
3519 5103 3564 5155 si
3600 5100 3741 5173 quid

2096 5191 2530 5264 ejusmodi,ope
2552 5191 2755 5257 Dei,ex
2785 5208 2906 5246 una
2922 5197 3089 5263 parte
3120 5191 3355 5260 accidit,
3379 5192 3742 5262 conspicitur

2096 5286 2296 5335 autem
2326 5279 2420 5334 vel
2443 5279 2800 5351 intelligitur
2827 5297 2863 5335 a
2886 5281 3135 5352 reliquis
3167 5282 3433 5349 aciebus,
3482 5282 3572 5335 hae
3594 5296 3743 5349 quo-

2098 5388 2213 5444 que
2270 5372 2480 5426 mortis
2533 5370 2975 5442 contemptione
3034 5372 3108 5428 ad
3164 5372 3393 5445 praedas
3440 5370 3741 5427 faciendas

2095 5464 2409 5532 ruent,spe
2438 5459 2591 5515 lucri
2613 5461 2894 5531 incensae,
2927 5462 3247 5534 hostesque
3278 5458 3744 5536 gratianuminis

1541 5616 1601 5670 Ο.
1624 5616 1689 5671 Β.
1711 5615 1900 5671 HASII
1928 5615 2491 5673 ANNOTATIONES.

403 5746 451 5783 ⁸³
481 5740 1023 5815 διασκοπησάτωσαν]
1058 5737 1594 5817 διασκορπισάτωσαν
1618 5739 1749 5799 cod.
