4112 6208
358 395 478 455 959

1689 381 2118 445 NICEPHORI
2162 380 2448 441 PHOCAE

3659 386 3781 446 960

363 543 541 600 parvo
599 523 834 597 negotio
919 518 1356 591 expugnabunt.
1416 516 1581 583 Quod
1649 515 1697 571 si
1756 515 2006 571 fortasse

2131 509 2263 600 έστὶ,
2330 510 2540 600 κύκλῳ.
2597 508 2667 567 Εἴ
2722 508 2780 567 δὶ
2844 514 3093 587 ποταμός
3151 514 3317 585 ἐστιν,
3365 511 3401 583 ἤ
3463 509 3616 589 ρύαξ,
3703 516 3779 578 ὡς

366 622 608 689 propter
639 617 831 669 errata
886 608 1159 680 quasdam
1207 607 1606 678 adversosque
1664 622 1837 661 casus
1892 621 2013 659 non

366 705 632 761 funditus
650 702 785 755 illos
808 696 1098 769 disperdit
1119 697 1257 765 dux,
1291 703 1352 752 at
1399 702 1557 752 certe
1580 694 1775 750 mulos
1806 709 2015 748 eorum

368 810 502 849 cum
534 789 793 861 captivos
825 787 1001 842 faciet
1030 792 1156 841 tum
1205 784 1662 852 contrucidabit,
1697 782 2013 855 praadaque

366 882 625 953 plurima
654 879 876 934 milites
906 877 1231 949 potientur.
1289 877 1435 930 Dum
1496 876 1624 929 haec
1683 873 1801 928 dux
1859 873 2018 927 circa

362 969 866 1043 oppugnationem
921 972 1251 1022 castrorum
1320 964 1722 1030 administrat,
1783 965 2017 1033 oportet

362 1060 707 1131 praefectum
722 1076 791 1113 ex
814 1057 1136 1129 proborum
1154 1056 1599 1128 peritorumque
1614 1068 1863 1107 numero
1882 1066 2017 1105 cum

364 1149 663 1221 equitibus
717 1147 1113 1219 quadraginta
1167 1144 1403 1217 longius
1459 1142 1671 1209 emitti,
1716 1142 1817 1212 qui
1860 1140 2016 1195 viam

366 1239 658 1307 obsideat,
695 1254 812 1308 qua
866 1235 1223 1308 praedatoria
1278 1234 1539 1288 hostium
1599 1232 1752 1288 212
1801 1246 2016 1286 manus

364 1326 634 1382 reditura
664 1330 771 1381 est.
807 1326 993 1390 Quam
1028 1324 1077 1379 si
1112 1340 1317 1378 versus
1368 1321 1611 1375 illorum
1668 1324 1862 1374 castra
1916 1334 2014 1373 re-

367 1421 692 1481 meantem,
725 1413 1364 1487 praagredientemque,
1398 1416 1464 1466 ut
1492 1426 1620 1465 mos
1651 1413 1740 1465 est
1768 1410 2015 1463 Tarsen-

366 1506 541 1570 sium,
569 1509 860 1560 catervam
895 1518 1072 1574 quam
1103 1501 1383 1557 veredum
1412 1503 1645 1563 vocant,
1676 1497 1921 1569 prOpius
1954 1512 2016 1551 se

367 1594 694 1648 accessisse
738 1592 1136 1664 conspicatur,
1198 1594 1264 1644 ut
1315 1589 1641 1645 exercitum
1699 1586 2014 1642 certiorem

366 1684 548 1738 faciat
579 1682 899 1740 adventare
966 1680 1367 1753 praedatores:
1401 1678 1460 1733 id
1484 1675 1761 1749 evestigio
1804 1674 2013 1747 praefe-

371 1778 501 1827 ctus
529 1772 868 1827 excubitum
894 1771 1113 1826 missus
1144 1769 1279 1824 duci
1301 1766 1745 1822 renunciet.Hic
1768 1765 1815 1819 si
1834 1764 2015 1830 videt,

2123 599 2379 670 ἀνωτέρω
2414 599 2733 674 εἰρήκαμεν,
2789 602 2904 657 ἀντὶ
2958 612 3204 678 χάρακος
3284 602 3411 667 τοὺς
3470 602 3781 677 πολεμίους

2125 688 2436 765 φυλάττων,
2495 688 2544 744 εἲ
2601 691 2695 763 μὲν
2757 692 3008 747 ὁπωσοῦν
3066 695 3235 768 πόρον
3306 690 3547 762 δέχεται,
3604 695 3784 749 κάκεῖ·

2124 780 2209 832 θεν
2269 777 2402 833 λαὸν
2459 776 2747 855 ἐπιστήσῃ.
2835 783 3226 857 Παρασκευάσῃ
3291 779 3348 837 δὲ
3401 783 3492 837 καὶ
3572 784 3777 854 σκηνὰς

2125 869 2306 923 αὐτῶν
2336 868 2527 939 πῆξαι,
2560 870 2697 944 πρὸς
2754 870 2818 925 τὸ
2875 868 3230 945 ἐνδείξασθαι,
3295 870 3570 944 μέλλοντα
3617 872 3780 927 αὐτὸν

2124 956 2467 1027 ἀπληκεῦσαι
2498 957 2691 1026 ἐκεῖσε,
2726 958 2802 1020 είς
2861 958 3148 1035 έκθρόησιν
3200 961 3403 1016 αὐτῶν·
3455 961 3546 1015 καὶ
3603 960 3779 1022 οὕτως

2124 1048 2400 1101 ποιεῖσθαι
2430 1047 2523 1102 τὸν
2550 1048 2819 1122 πόλεμον.
2854 1050 2962 1105 Καὶ
3021 1049 3065 1104 εἷ
3125 1049 3309 1112 καλῶς
3356 1051 3445 1105 καὶ
3506 1049 3780 1114 εὐτάκτως

2124 1136 2214 1192 καὶ
2238 1134 2497 1211 ἀνδρείως
2520 1134 2774 1209 διάθηται
2803 1140 2870 1194 τά
2901 1139 3026 1214 περὶ
3077 1144 3179 1195 τοῦ
3210 1138 3484 1214 πολέμου,
3521 1139 3782 1216 μεγάλως

2126 1224 2551 1298 εύοδωθήσεται.
2584 1228 2649 1285 Εἰ
2676 1226 2734 1283 δέ
2762 1250 2827 1304 γε
2855 1232 2923 1303 τῇ
2954 1231 3148 1306 πρώτῃ
3181 1229 3364 1306 ἡμέρᾳ
3395 1230 3457 1285 οὐ
3490 1227 3778 1302 δυνήσεται

2123 1315 2350 1379 τούτους
2428 1319 2973 1390 κατατροπώσασθαι,
3053 1320 3296 1396 ἰσχυρῶς
3375 1319 3553 1375 αὐτῶν
3649 1320 3782 1374 ἀνθ-

2129 1404 2450 1480 ισταμένων,
2488 1407 2579 1461 καὶ
2638 1410 2866 1478 πεζικὴν
2916 1409 3157 1484 ἐχόντων
3219 1408 3467 1483 δύναμιν,
3524 1410 3615 1465 καὶ
3671 1409 3783 1465 ἀπὸ

2124 1502 2227 1565 τῆς
2254 1499 2353 1550 τοῦ
2382 1495 2552 1551 τόπου
2583 1495 2778 1559 θέσεως
2812 1497 3224 1573 βοηθουμένων,
3283 1495 3405 1553 δέον
3462 1498 3551 1553 καὶ
3603 1518 3784 1572 παρα-

2129 1590 2310 1657 μεῖναι
2351 1586 2558 1657 αὐτοῖς,
2618 1586 2709 1641 καί
2769 1586 2962 1643 πλεῖον
3008 1588 3228 1657 πεζικὸν
3282 1586 3783 1662 προσκαλέσασθαι.

2128 1676 2240 1732 Καὶ
2273 1675 2326 1730 έν
2357 1679 2425 1749 τῇ
2456 1677 2606 1731 νυκτὶ
2664 1675 2793 1739 τοὺς
2852 1674 3052 1750 ψιλοὺς
3109 1679 3228 1732 κατ’
3266 1677 3440 1732 αὐτῶν
3489 1676 3579 1732 καὶ
3649 1676 3781 1739 τοὺς

2128 1762 2494 1843 σφενδονήτας
2549 1762 2774 1841 βάλλειν
2832 1767 3234 1842 παρασκευάσῃ·
3283 1767 3371 1821 καὶ
3430 1767 3574 1843 πυρά
3616 1766 3780 1821 πλεῖ-

372 1862 649 1917 veredum
681 1862 856 1934 longe
878 1867 1013 1916 ante
1046 1876 1255 1930 agmen
1272 1856 1672 1930 praedatorum
1702 1853 2013 1927 praegredi,

2131 1874 2225 1908 στα
2299 1852 2549 1910 ἀνάπτειν
2608 1854 2837 1931 γύροθεν
2922 1856 3117 1911 αὐτῶν*
3203 1855 3293 1911 καὶ
3360 1854 3622 1932 ἀνδρείως
3683 1854 3777 1910 καὶ

371 1951 719 2021 praefectum
750 1950 1002 2022 probum
1034 1950 1233 2004 mittat
1263 1964 1398 2003 cum
1431 1946 1731 2018 equitibus
1750 1944 2020 2008 delectis,

370 2039 494 2110 qui,
531 2039 580 2095 si
622 2040 749 2094 fieri
782 2043 996 2111 potest,
1059 2054 1171 2093 nec
1227 2038 1469 2109 opinato
1528 2036 1819 2106 impetum
1869 2034 1931 2088 in
1964 2032 2025 2086 id

368 2130 567 2198 faciat,
591 2130 969 2201 potieturque
1021 2129 1150 2199 ejus
1182 2128 1349 2183 nullo
1400 2126 1657 2199 negotio.
1694 2125 1749 2180 Si
1783 2124 2025 2197 propius

372 2220 725 2289 minoreque
737 2218 1045 2274 intervallo
1060 2217 1278 2290 agmini
1294 2216 1693 2289 praedatorum
1705 2213 2025 2281 antecedit,

374 2308 679 2364 neminem
693 2308 926 2363 emittat
946 2313 1153 2363 contra
1174 2306 1456 2361 veredum
1482 2322 1494 2359 :
1517 2321 1722 2360 verum
1740 2319 1810 2358 ea
1829 2302 2026 2374 potius

373 2398 519 2453 satis
537 2398 775 2466 habeat,
808 2414 940 2469 quae
959 2399 1112 2453 Deus
1135 2397 1224 2452 illi
1247 2397 1309 2451 in
1329 2396 1769 2468 Oppugnatione
1799 2398 2027 2448 castro-

374 2504 509 2543 rum
532 2486 787 2542 contulit
811 2503 823 2540 :
849 2503 986 2542 cum
1006 2486 1285 2541 omnibus
1308 2485 1495 2556 copiis
1517 2484 1702 2558 signis
1723 2482 2025 2538 conversis

374 2577 505 2632 loca
533 2583 868 2649 opportuna
914 2583 973 2632 et
1017 2576 1343 2631 munitiora
1381 2574 1599 2646 capiat.
1662 2573 1884 2629 Deinde
1925 2572 2027 2628 ubi

380 2666 672 2722 exercitus
704 2666 967 2722 hostium
982 2683 1051 2721 eo
1069 2665 1321 2721 consilio
1344 2665 1473 2718 loca
1492 2664 1699 2735 iniqua
1729 2662 2024 2728 transivit,

374 2755 788 2822 ut,adventum
809 2754 1210 2827 praedatorum
1232 2752 1604 2826 praestolans,
1639 2770 1770 2823 quae
1801 2752 1873 2807 ab
1906 2752 2026 2806 illis

372 2852 543 2919 rapta
566 2852 725 2916 sunt,
752 2846 871 2900 sive
892 2844 1189 2916 mancipia
1211 2843 1328 2899 sive
1350 2858 1585 2915 pecora,
1619 2847 1746 2897 tuta
1766 2858 1834 2898 ac
1867 2841 2028 2897 salva

374 2953 482 3009 per
528 2937 660 2992 loca
717 2935 1005 3007 impedita
1061 2933 1408 2989 transducat
1457 2949 1470 2986 :
1523 2937 1757 3003 oportet
1812 2930 2027 2986 ducem

376 3041 619 3096 operam
649 3024 810 3089 dare,
846 3029 929 3089 ut,
964 3023 1101 3078 illos
1132 3026 1513 3095 praavertens,
1548 3036 1685 3076 cum
1745 3019 2026 3075 omnibus

375 3115 636 3169 militum
683 3114 1071 3185 equitumque
1127 3110 1311 3183 copiis
1379 3109 1683 3182 angustias
1740 3110 2027 3164 itinerum

376 3209 643 3275 occupet,
677 3203 1070 3274 prasliumque
1119 3201 1397 3256 adversus
1426 3199 1582 3267 illos,
1646 3199 2024 3270 quemadmo-

375 3292 518 3348 dum
552 3293 827 3364 superius
858 3289 1711 3358 demonstravimus,solertius
1742 3289 2027 3344 adminis-

372 3388 509 3438 tret.
546 3384 745 3453 Neque
796 3398 1062 3453 unquam
1112 3381 1263 3438 citra
1314 3380 1764 3437 dimicationem
1815 3378 2032 3435 reverti

376 3471 935 3541 sinantur.Etenim,
968 3472 1018 3527 si
1050 3471 1113 3527 in
1144 3471 1434 3543 angustiis
1456 3474 1622 3525 recte
1653 3469 1880 3525 bellum
1913 3470 2031 3526 dux

376 3562 641 3631 instruit,
665 3560 935 3617 funditus
960 3578 1061 3617 eos
1093 3561 1305 3616 vincet.
1337 3561 1440 3617 Sin
1471 3576 1684 3632 magno
1742 3566 1801 3615 et
1859 3560 2029 3615 ﬁrmo

375 3651 639 3723 peditatu
690 3651 1009 3707 destitutus
1057 3650 1375 3722 proﬂigare
1425 3650 1579 3705 218
1639 3649 1877 3720 penitus
1928 3665 2029 3705 eos

377 3740 608 3809 nequit,
636 3745 697 3794 at
722 3739 980 3811 denique
1012 3756 1161 3810 quos
1200 3740 1261 3793 in
1309 3738 1651 3793 servitutem
1700 3738 2025 3808 abducunt,

378 3826 441 3880 in
464 3826 800 3882 libertatem
823 3828 1080 3899 (etiamsi
1102 3827 1353 3883 fortasse
1406 3842 1529 3881 non
1561 3830 1786 3894 omnes)
1831 3828 2026 3883 vindi-

379 3916 557 3983 cabit,
607 3917 990 3988 hostiumque
1022 3932 1143 3972 non
1163 3932 1406 3988 paucos,
1440 3930 1577 3971 cum
1618 3915 1928 3985 sauciabit,
1964 3923 2029 3973 ut

378 4006 639 4078 captivos
669 4005 867 4063 faciet.

2133 1942 2420 2017 εὐτόλμως
2448 1945 2765 2018 παραινέσαι
2821 1948 2940 2007 τοῖς
2993 1942 3183 2018 ψιλοῖς
3208 1944 3307 2000 τοῦ
3338 1943 3397 2000 ἐκ
3442 1946 3633 2020 χειρὸς
3667 1946 3777 2018 μά-

2133 2044 2323 2108 χεσθαι
2354 2032 2445 2087 καὶ
2477 2031 2941 2108 προκινδυνεύειν,
2979 2030 3085 2098 ἕως
3140 2035 3200 2089 ἅν
3262 2033 3577 2099 εἰσέλθωσιν
3631 2031 3790 2090 ἔνδον

2131 2128 2228 2180 τοῦ
2260 2123 2546 2196 άπλήκτου
2576 2130 2685 2181 τῶν
2716 2123 3027 2199 πολεμίων,
3056 2126 3145 2180 καὶ
3202 2126 3410 2188 ἳππους
3466 2125 3559 2181 καὶ
3616 2124 3792 2197 ἡμιόο

2132 2234 2259 2277 νους
2286 2212 2376 2269 καί
2405 2235 2528 2269 τινα
2556 2214 2849 2291 πράγματα
2893 2215 3084 2277 νυκτὸς
3145 2208 3548 2285 ἀναλάόωνται,
3604 2213 3794 2285 πλήτ-

2132 2324 2316 2365 τοντες
2401 2308 2647 2380 συνεχῶς
2704 2303 2794 2359 καὶ
2851 2303 3201 2379 ἀναιροῦντες
3275 2302 3404 2368 τοὺς
3457 2302 3791 2377 πολεμίους.

2134 2393 2239 2449 Καὶ
2267 2391 2313 2448 εί
2345 2390 2493 2457 ὅλως
2524 2396 2659 2448 Θεοῦ
2714 2393 2946 2466 βοηθείᾳ
3000 2397 3249 2448 τοιοῦτον
3308 2394 3447 2467 πρὸς
3501 2389 3555 2447 ἓν
3619 2393 3789 2467 μέρος

2134 2483 2382 2557 γένηται,
2412 2480 2502 2537 καὶ
2533 2483 2699 2556 Θεαθῇ
2739 2481 2829 2538 καὶ
2887 2481 3197 2558 ἐπιγνωσθῇ
3243 2483 3345 2539 ὑπὸ
3399 2486 3510 2537 τῶν
3596 2480 3790 2537 ἄλλων

2132 2572 2356 2643 τάξεων,
2415 2574 2723 2649 ὁρμήσουσι
2752 2573 2842 2628 καὶ
2907 2571 3060 2628 αὐτοὶ
3116 2573 3164 2608 ⁴⁶
3224 2572 3456 2637 θανάτου
3511 2592 3792 2646 καταφρο-

2135 2665 2356 2724 νοῦντες
2400 2661 2476 2725 εἷς
2537 2661 2789 2738 ἀρπαγήν
2857 2665 2967 2717 τῶν
3024 2661 3313 2740 λαφύρων,
3375 2660 3463 2718 διὰ
3536 2663 3635 2731 τήν
3692 2664 3793 2715 τοῦ

2134 2748 2360 2827 κέρδους
2392 2748 2610 2820 ἐλπίδα,
2642 2751 2731 2807 καὶ
2762 2753 3212 2827 περιγενήσονται
3265 2752 3501 2823 τούτων,
3557 2754 3628 2825 τῇ
3685 2754 3791 2804 τοῦ

2136 2844 2271 2895 Θεοῦ
2302 2843 2512 2916 χάριτι,
2548 2838 2772 2917 ῥᾳδίως.
2806 2840 2871 2897 Εἰ
2904 2838 2961 2895 δὲ
3013 2842 3103 2897 καὶ
3163 2843 3239 2915 μὴ
3297 2840 3501 2904 τελέως
3558 2840 3791 2903 τούτους

2134 2931 2617 3007 κατατροπώσεται
2671 2928 2760 2985 διά
2795 2951 2917 2986 τινα
2966 2932 3138 3009 τυχὸν
3172 2930 3461 3010 σφάλματα
3498 2932 3585 2987 καὶ
3649 2931 3790 2986 ἀπο-

2133 3019 2356 3096 τυχίαν,
2384 3017 2510 3076 ἀλλ’
2562 3021 2652 3075 οῦν
2685 3018 2937 3084 πολλοὺς
2962 3028 3170 3077 τούτων
3198 3022 3289 3077 καὶ
3320 3021 3647 3098 χειρώσεται
3696 3020 3790 3076 καὶ

2135 3108 2441 3183 ἀναιρήσει,
2474 3110 2563 3165 καὶ
2597 3107 2815 3185 λάφυρα
2841 3107 3078 3165 πλεῖστα
3119 3111 3147 3166 6
3202 3107 3337 3174 λαὸς
3390 3111 3559 3167 αὐτοῦ
3611 3109 3790 3184 λήψε-

2140 3219 2252 3257 ται.
2284 3198 2470 3261 Οὕτως
2505 3197 2564 3254 δὲ
2590 3203 2689 3254 τοῦ
2718 3204 3022 3276 στρατηγοῦ
3080 3199 3149 3255 τά
3201 3201 3328 3276 περὶ
3383 3204 3493 3256 τῶν
3521 3198 3788 3273 πολέμων

2140 3292 2237 3344 τοῦ
2259 3289 2545 3367 φωσσάτου
2592 3286 3019 3363 διενεργοῦντος,
3079 3290 3192 3365 χρὴ
3243 3290 3334 3346 καὶ
3394 3289 3637 3365 ἄρχοντα
3678 3294 3793 3345 τῶν

2143 3379 2437 3453 χρησίμων
2466 3378 2558 3433 καὶ
2610 3375 2884 3451 ἐμπείρων
2950 3378 3083 3451 μετᾶ
3128 3380 3525 3453 τεσσαράκοντα
3579 3379 3796 3435 ἱππέων

2143 3468 2381 3541 μήκοθεν
2420 3465 2764 3536 ἀποστεῖλαι,
2818 3464 3105 3545 φυλάττειν
3162 3468 3263 3538 τήν
3324 3465 3470 3542 ὁδὸν,
3523 3468 3591 3537 ἥν
3654 3469 3798 3523 ὑπο-

2139 3558 2383 3632 στρέφειν
2419 3556 2612 3630 μέλλει
2638 3556 2701 3612 τὸ
2727 3561 2835 3612 τῶν
2864 3556 3152 3631 πολεμίων
3185 3562 3440 3633 κοῦρσον.
3488 3560 3593 3615 Καὶ
3626 3560 3798 3628 ἡνίκα

2136 3647 2363 3709 τούτους
2390 3645 2645 3718 θεάσηται
2674 3647 2810 3722 πρὸς
2851 3647 2914 3701 τὸ
2974 3647 3263 3726 φωσσάτον
3323 3649 3500 3704 αὐτῶν
3553 3648 3800 3723 ἐρχομέ-

2136 3760 2260 3801 νους
2289 3737 2381 3794 καὶ
2413 3732 2715 3813 ἔμπροσθεν
2749 3736 2950 3807 αὐτῶν,
3001 3738 3079 3801 ὡς
3136 3736 3257 3802 ἔθος
3308 3737 3421 3795 ἐστὶ
3476 3744 3601 3803 τοῖς
3652 3742 3801 3816 Ταρ-

2137 3828 2336 3897 σίταις,
2361 3827 2425 3884 τὸ
2455 3825 2758 3903 λεγόμενον
2786 3829 2915 3903 παρ’
2947 3827 3136 3889 αὐτοῖς
3202 3826 3444 3904 βέρεδον,
3487 3827 3798 3904 ἐρχόμενον

2136 3918 2395 3994 σύνεγγυς
2475 3916 2680 3983 αὑτῶν,
2762 3914 3140 3989 καταμηνύσαι
3193 3921 3274 3989 τῷ
3331 3916 3600 3995 φωσσάτῳ
3686 3919 3792 3987 τὴν

2134 4011 2232 4063 τοῦ
2284 4004 2520 4081 κούρσου
2595 4005 2773 4059 αὐτῶν
2832 4006 3156 4079 παρουσίαν·
3215 4004 3417 4069 εὐθέως
3474 4006 3502 4061 6
3561 4005 3636 4067 εἷς
3692 4007 3764 4075 τὴ

384 4098 581 4177 βίγλαν
615 4103 700 4176 [Ρ.
738 4104 860 4176 137]
887 4101 1217 4165 ἀποσταλεὶς
1245 4098 1434 4178 ἄρχων
1471 4102 1829 4175 μηνυέτωτῷ
1861 4110 2168 4181 στρατηγῷ.
2218 4104 2321 4162 Καὶ
2386 4102 2436 4158 εἴ
2495 4103 2591 4177 μὶν
2648 4100 2738 4178 ἴδῃ
2791 4103 2852 4157 τὸ
2906 4099 3123 4179 βέρεδον
3176 4104 3414 4177 μήκοθεν
3478 4103 3624 4159 πολὺ
3677 4110 3787 4173 τῆς

376 4188 724 4266 παρατάξεως
802 4196 900 4248 τοῦ
964 4191 1197 4269 κούρσου
1254 4189 1586 4268 ἐρχόμενον,
1649 4189 1941 4249 ἀποστελεῖ
1998 4192 2243 4270 ἄρχοντα
2296 4197 2403 4249 τῶν
2464 4190 2759 4268 χρησίμων
2823 4192 2939 4265 μετ’
2995 4191 3264 4248 εκλεκτῶν
3331 4192 3560 4263 ἱππέων,
3609 4190 3796 4247 ἒπιθέ-

381 4290 501 4344 σθαι
559 4282 676 4336 κατ’
733 4280 926 4351 αὐτῶν,
990 4280 1035 4337 εἷ
1091 4279 1339 4350 δυνατὸν,
1398 4279 1701 4352 ἀδοκήτως,
1760 4282 1851 4337 καὶ
1907 4285 2313 4359 κατακυριεύσει
2361 4281 2567 4337 τούτων
2624 4278 2844 4357 ῥᾳδίως.
2876 4280 2941 4338 Εἰ
2973 4278 3031 4335 δὲ
3086 4280 3327 4351 πλησίον
3384 4281 3471 4337 καὶ
3522 4281 3799 4358 σύνεγγυς

373 4376 478 4440 τῆς
534 4371 881 4444 παρατάξεως
937 4375 1034 4427 τοῦ
1089 4370 1328 4446 κούρσου
1381 4368 1685 4446 ἔμπροσθεν
1747 4371 1919 4428 αὐτῶν
1978 4377 2285 4447 περιπατεῖ,
2348 4373 2423 4446 μὴ
2505 4369 2886 4426 ἄποστειλάτω
2934 4372 3050 4426 κατ’
3109 4370 3310 4426 αὐτῶν·
3368 4369 3515 4426 ἀλλὰ
3570 4369 3792 4443 μᾶλλον

379 4457 699 4532 ἀρκεσθήτω
729 4461 865 4536 πρὸς
924 4457 957 4514 ἄ
1014 4461 1042 4515 6
1102 4461 1233 4524 Θεὸς
1262 4460 1413 4533 αύτῳ
1443 4461 1777 4535 συνήργησεν
1808 4460 1884 4523 είς
1914 4462 2005 4516 τὸν
2038 4463 2175 4518 κατά
2228 4465 2327 4517 τοῦ
2386 4461 2676 4536 φωσσάτου
2724 4458 2992 4533 πόλεμονο
3049 4460 3140 4515 καὶ
3176 4460 3596 4535 ὑποστρεφὲσθω
3646 4462 3786 4532 μετά

375 4549 576 4612 παντὸς
634 4554 732 4605 τοῦ
788 4548 925 4606 λαοῦ
1012 4544 1524 4623 ἐπιλαμϐανόμενος
1575 4554 1687 4605 τῶν
1748 4548 2073 4621 ἐπιτηδείων
2122 4551 2213 4607 καὶ
2273 4550 2638 4627 ὀχυρωτέρων
2676 4551 2887 4606 τόπων.
2946 4549 3098 4606 Ἑπεὶ
3130 4546 3187 4605 δὲ
3214 4551 3277 4605 τὸ
3332 4554 3441 4605 τῶν
3493 4548 3789 4623 πολεμίων

378 4640 660 4716 φωσσάτον
696 4637 784 4694 διά
813 4644 975 4695 τοῦτο
1037 4637 1232 4709 διῆλθε
1261 4638 1430 4701 πάσας
1489 4640 1585 4703 τὰς
1641 4636 1976 4715 δυσχωρίας,
2032 4638 2394 4716 ἐκδεχόμενον
2448 4642 2550 4709 τὴν
2607 4644 2704 4696 τοῦ
2754 4639 2992 4714 κούρσου
3025 4640 3349 4711 παρουσίαν,
3375 4637 3465 4695 ’ίνα
3515 4639 3583 4694 τά
3637 4642 3792 4717 παρά

375 4731 472 4781 τοῦ
529 4728 766 4804 κούρσου
817 4729 1244 4804 κατασχεθέντα,
1303 4727 1411 4784 εἴτε
1466 4725 1779 4804 ἀνδράποδα
1828 4729 1931 4784 εἶεν
1992 4729 2100 4785 εἴτε
2147 4733 2344 4802 κτήνη,
2399 4729 2586 4786 καλῶν
2651 4727 2744 4783 σὺν
2805 4728 2992 4792 αὐτοῖς
3022 4725 3265 4802 διασώσῃ
3317 4723 3633 4798 διαϐιϐάζον
3691 4729 3794 4791 τὰς

385 4815 715 4893 δυσχωρίας·
760 4815 879 4873 δέον
932 4817 1027 4874 τὸν
1086 4817 1385 4893 στρατηγὸν
1444 4817 1810 4893 ἀγωνίσασθαι
1868 4814 2177 4895 ἔμπροσθεν
2228 4820 2404 4876 αὐτῶν
2462 4818 2729 4895 γενέσθαι,
2788 4818 2875 4874 καὶ
2938 4816 3065 4879 τοὺς
3123 4816 3434 4881 στενωποὺς
3487 4825 3792 4893 κατασχεῖν

384 4906 520 4979 μετὰ
550 4908 750 4970 παντὸς
778 4912 875 4963 τοῦ
905 4907 1043 4964 λαοῦ
1096 4912 1273 4978 πεζῶν
1331 4906 1420 4963 καὶ
1478 4906 1711 4979 ἱππέων,
1767 4906 1857 4963 καὶ
1914 4909 2007 4964 τὸν
2066 4910 2182 4964 κατ’
2234 4909 2413 4985 αὐτῶν
2444 4908 2692 4983 πόλεμον
2734 4905 3154 4983 ἐπιμελέστερον
3211 4906 3524 4983 ἀπαρτίσαι,
3603 4908 3790 4972 καθὼς

381 4995 637 5069 ἀνωτέρω
669 4993 1001 5069 δεδήλωται.
1062 4998 1169 5054 Καὶ
1223 4994 1502 5070 μηδέποτε
1554 4996 1982 5077 ὑποστρέφοντες
2041 4997 2194 5054 αὐτοὶ
2253 4997 2600 5073 ἀπολέμητοι
2656 4997 3118 5068 καταλειφθῶσιν.
3173 4996 3241 5054 Εἰ
3316 4998 3422 5073 γάρ
3477 4994 3662 5060 καλῶς
3717 4997 3789 5053 τὰ

374 5088 474 5141 τοῦ
503 5083 755 5160 πολέμου
785 5086 837 5143 ἐν
866 5092 989 5152 ταῖς
1021 5083 1361 5163 δυσχωρίαις
1391 5084 1658 5161 διάθοιτο,
1717 5088 1977 5164 μεγάλως
2025 5087 2225 5152 αὐτοὺς
2280 5089 2781 5165 κατατροπώσεται.
2813 5087 2878 5145 El
2936 5084 3016 5157 δε,
3078 5083 3169 5141 διὰ
3221 5085 3285 5142 τὸ
3320 5086 3398 5159 μὴ
3454 5084 3604 5161 ἔχειν
3632 5084 3791 5141 πλεί-

378 5194 510 5244 στην
543 5173 633 5229 καὶ
666 5174 950 5251 ἀξιόλογον
986 5176 1216 5245 πεζικὴν
1243 5172 1494 5249 δύναμιν,
1554 5174 1805 5232 ἀδυνατεῖ
1831 5178 1968 5252 πρὸς
2026 5178 2088 5232 τὸ
2150 5175 2406 5253 μεγάλως
2461 5175 2657 5241 αὐτοὺς
2735 5174 3281 5251 κατατροπώσασθαὶ,
3314 5170 3461 5229 ἀλλά
3517 5174 3608 5229 οῦν
3647 5175 3790 5237 τέως

376 5261 576 5339 οὕσπερ
606 5262 1050 5341 ᾐχμαλώτευσαν
1081 5263 1153 5337 (εί
1184 5263 1274 5319 καὶ
1308 5264 1384 5336 μή
1416 5261 1640 5338 πάντας)
1670 5262 2019 5341 ἀναῤῥύσεται
2050 5266 2169 5321 κατ’
2198 5266 2402 5336 αὐτῶν,
2432 5264 2523 5321 καὶ
2564 5264 2666 5321 οὐκ
2693 5262 2922 5340 ὀλίγους
2947 5268 3061 5320 τῶν
3096 5262 3383 5338 πολεμίων
3429 5263 3520 5318 καὶ
3544 5283 3792 5339 τραυμα-

374 5352 511 5411 τίσει
545 5353 635 5410 καὶ
667 5350 1058 5430 δορυαλώτους
1087 5353 1397 5424 ποιήσεται.

1583 5523 1645 5580 C.
1674 5524 1737 5578 Β.
1768 5523 1954 5580 HASII
1980 5524 2540 5585 ANNOTATIONES.

447 5714 496 5754 ιδ
519 5709 695 5777 αὐτοί.
722 5713 817 5772 Sic
835 5709 1009 5770 codd.
