4112 6208
338 362 460 425 961

415 497 577 553 ΚΕΦ.
612 496 723 555 IA'.
763 494 894 571 Περί
918 498 1019 571 τοῦ
1053 491 1199 561 ἔνθεν
1240 496 1492 571 κάκεῖθεν
1515 494 1765 563 ἵστασθαι
1796 496 1923 561 τοὺς

735 566 935 637 πεζοὺς
983 566 1036 624 ἐν
1078 575 1201 633 ταῖς
1242 567 1604 647 δυσχωρίαις.

419 686 543 760 Χρὴ
576 683 668 739 τὸν
702 684 1006 761 στρατηγὸν
1065 685 1156 741 καὶ
1206 683 1395 750 ἄλλως
1457 687 1820 763 ἀγωνίσασθαι
1868 686 2002 750 τοὶς

345 779 653 855 πολεμίους
682 781 1087 855 τροπώσασθαι,
1143 780 1189 836 εἷ
1245 781 1334 837 καὶ
1389 780 1579 859 ὀλίγος
1636 781 1778 838 ἐστὶν
1810 783 1838 837 ὁ
1877 780 2001 858 περὶ

346 869 507 924 αὐτὸν
575 868 734 931 λαός.
793 869 974 926 Τόπον
1033 870 1503 941 κατασκοπησάτω
1563 868 1871 942 ἐπιτήδειον
1910 868 2001 924 καὶ

349 959 727 1033 ὀχυρώτατον,
788 960 823 1029 ἢ
885 981 939 1013 τι
993 957 1378 1035 παραπλήσιον
1410 963 1661 1037 κάστρον·
1713 961 1789 1023 ὡς
1820 957 1998 1015 ἐπιδέ-

350 1048 546 1112 χεσθαι
601 1049 701 1117 τὴν
762 1052 860 1103 τοῦ
919 1048 1128 1125 ὀχυροῦ
1181 1048 1354 1104 τόπου
1410 1048 1551 1104 θέσιν
1633 1049 1767 1123 μετά
1823 1052 2001 1118 πεζῶν

348 1139 683 1215 κρατεῖσθαι,
724 1138 815 1193 καὶ
845 1131 991 1202 ἔνθεν
1017 1138 1263 1195 κάκεῖθεν
1319 1145 1420 1209 τῆς
1470 1136 1601 1195 ὀδοῦ
1659 1140 1735 1201 εἰς
1792 1138 2000 1214 λόχους

345 1230 407 1285 τὸ
440 1230 659 1299 πεζικὸν
692 1228 1059 1305 ἀποκρύπτειν
1120 1230 1445 1305 στράτευμα.
1492 1233 1605 1287 Τοῦ
1666 1227 1723 1285 δὲ
1778 1232 2003 1298 πεζικοῦ

348 1320 568 1383 ’ὀπισθεν
634 1319 662 1373 ὁ
722 1319 1023 1393 στρατηγὸς
1085 1318 1344 1395 σύνεγγυς
1422 1319 1555 1393 μετά
1628 1322 1724 1374 τοῦ
1776 1319 2003 1374 ἱππικοῦ

351 1406 755 1484 στρατεύματος
817 1409 1020 1479 στήτω,
1091 1406 1233 1462 πάνυ
1314 1411 1422 1463 τῶν
1509 1411 1685 1477 πεζῶν
1763 1403 2000 1483 ἔγγιστα.

344 1497 534 1571 Ἔχειν
564 1516 623 1551 τε
654 1494 743 1551 καὶ
774 1495 837 1550 τὸ
880 1496 1104 1551 ἱππικὸν
1161 1493 1449 1573 ἔγκρυμμα
1479 1495 1570 1550 καὶ
1624 1495 1820 1564 πεζοὺς
1854 1493 2001 1565 πλη-

349 1585 464 1641 σίον
519 1585 708 1655 αὐτοῦ,
766 1583 855 1639 καὶ
916 1582 1112 1660 σχεδὸν
1148 1585 1541 1657 συνηνωμένως
1600 1585 1738 1640 κατὰ
1762 1585 1826 1640 τὸ
1875 1578 2001 1639 3m-

353 1687 471 1739 σθεν
535 1676 699 1751 μέρος
751 1674 1008 1739 ἱστάσθω.
1062 1671 1559 1745 ’Δποσταλήτωσαν
1593 1674 1641 1710 ‘7
1698 1672 1755 1729 δὲ
1807 1674 1894 1729 καὶ
1929 1673 2006 1738 εἷς

357 1765 474 1834 τήν
499 1761 714 1839 ἐνέδραν
774 1764 921 1836 παρά
974 1766 1071 1818 τοῦ
1124 1767 1432 1838 στρατηγοῦ
1490 1760 1678 1839 ἄνδρες
1723 1761 2003 1818 ἐπίλεκτοι

1661 363 2077 428 ΥΕῙᾸΤΑΤΙΟ
2119 361 2445 424 BELLICA

3645 378 3766 440 962

2029 499 2081 567 Α
2110 500 2240 555 CAP.
2272 498 2364 555 X1.
2394 500 2460 554 In
2489 500 2765 582 angustiis
2787 502 3102 582 peditatum
3152 506 3226 561 ad
3272 513 3571 582 utrumque
3619 512 3764 569 latus

2606 575 2716 630 vim
2781 580 2930 631 stare
2985 582 3259 645 oportere.

2179 688 2363 745 Debet
2390 689 2506 745 alio
2568 707 2805 763 quoque
2857 694 3033 749 modo
3083 712 3326 767 operam
3373 699 3513 756 dare
3544 702 3659 761 dux
3692 712 3759 761 ut

2108 778 2310 835 hostes
2340 780 2570 847 fundat,
2598 782 2646 837 si
2667 784 2888 856 exigua)
2911 786 3068 841 circa
3091 804 3153 842 se
3184 790 3371 861 copia;
3410 799 3567 849 sunt.
3592 797 3764 853 Inve-

2108 869 2286 941 stiget
2316 870 2514 925 locum
2535 870 2818 927 idoneum
2843 878 2901 927 et
2931 876 3519 946 munitissimum,vel
3538 888 3758 942 castel-

2109 957 2422 1029 lum,quod
2444 977 2626 1031 prope
2650 961 2753 1015 sit:
2769 962 3023 1019 utliceat
3041 981 3149 1035 per
3166 972 3439 1024 naturam
3456 974 3756 1031 munitum

2108 1046 2280 1101 illum
2303 1047 2500 1103 locum
2522 1049 2823 1120 peditibus
2846 1054 3144 1125 occupari,
3175 1058 3501 1130 copiasque
3533 1063 3755 1133 pedes-

2107 1140 2227 1191 tres
2259 1136 2330 1191 ab
2364 1142 2616 1208 utroque
2656 1139 2762 1193 via:
2818 1140 3002 1196 latere
3040 1143 3102 1197 in
3162 1144 3395 1203 insidiis
3451 1153 3760 1209 occultari.

2103 1227 2153 1281 Α
2184 1226 2451 1297 peditum
2474 1231 2635 1300 tergo
2668 1228 2786 1284 dux
2814 1246 2948 1284 cum
2980 1232 3247 1303 equitatu
3281 1253 3459 1307 quam
3492 1243 3761 1311 proxime

2107 1314 2490 1404 subsidietur.
2543 1317 2641 1371 Hm
2696 1325 3003 1389 equestres
3033 1321 3288 1393 insidiae,
3322 1326 3464 1397 ipsa:
3520 1347 3756 1404 quoque

2107 1403 2337 1477 pedites
2389 1422 2574 1477 prope
2605 1406 2763 1478 ipsas
2794 1408 3105 1477 habentes,
3132 1429 3283 1482 pene
3338 1403 3759 1491 contingentes

2106 1494 2295 1550 aciem
2321 1500 2455 1566 post
2483 1496 2651 1567 signa
2680 1498 3029 1554 consistant.
3065 1500 3308 1571 Oportet
3336 1511 3556 1575 autem,
3584 1515 3651 1563 ut
3692 1510 3753 1565 in

2108 1583 2356 1639 insidias
2386 1584 2583 1640 mittat
2604 1586 2723 1641 dux
2752 1588 3027 1644 homines
3060 1590 3447 1664 lectos,equis
3461 1597 3761 1654 velocibus

2108 1672 2719 1740 insidentes,numero
2750 1677 2824 1731 ad
2856 1684 3117 1746 centum,
3152 1697 3288 1736 cum
3319 1684 3596 1753 prmfecto
3623 1687 3760 1742 forti

2111 1767 2169 1816 et
2222 1762 2607 1833 peritissimo,
2659 1772 3052 1835 cognoscente
3084 1768 3283 1824 locum
3336 1780 3759 1845 opportunum,

349 1852 439 1907 καὶ
468 1851 673 1917 ’ἱππους
699 1851 947 1928 τραχεῖς,
999 1852 1047 1888 ⁸⁸
1098 1854 1212 1926 (19)
1264 1848 1507 1928 ἔχοντες,
1541 1849 1672 1927 ἄχρι
1731 1855 1837 1906 τῶν
1871 1850 1995 1906 ἑκα-

2116 1867 2229 1921 quo
2262 1867 2430 1906 suam
2468 1868 2713 1907 manum
2772 1854 3049 1911 occultet.
3104 1858 3271 1913 Hunc
3326 1858 3523 1916 locum
3581 1872 3760 1919 noctu

347 1942 462 2012 τὸν,
490 1941 738 2018 ἀρχηγὸν
770 1937 987 2017 ἔχοντες
1021 1939 1263 2017 ἀνδρεῖον
1317 1942 1406 1996 καὶ
1463 1940 1878 2017 ἐμπειρότατον,
1911 1941 2001 1995 καὶ

344 2032 681 2106 γινώσκοντα
712 2031 925 2106 χωρίον
959 2028 1292 2103 ἔπιτήδειον,
1323 2029 1375 2085 ἐν
1434 2031 1481 2103 ᾦ
1510 2029 1692 2106 κρύψῃ
1740 2030 1831 2085 τὸν
1866 2026 2005 2084 ἴδιον

354 2122 513 2182 λαόν.
553 2121 767 2183 Νυκτὸς
802 2117 858 2176 δὶ
881 2120 975 2175 τὸν
1022 2124 1268 2174 τοιοῦτον
1322 2119 1489 2175 τόπον
1520 2113 2003 2193 καταλαμϐανὲτω.

353 2208 444 2264 καὶ
470 2206 657 2272 καλῶς
691 2208 886 2271 αὐτοὺς
929 2209 1324 2286 ἀποκρυψάτω.
1356 2208 1546 2266 Ἡνίκα
1605 2206 1663 2264 δὶ
1721 2205 2004 2283 διαυγάσῃ,

358 2296 434 2361 εἰς
489 2300 777 2375 περιωπήν
837 2297 1073 2354 ἀνελθὼν
1156 2297 1405 2374 βλεπέτω
1452 2300 1519 2367 ⁸⁸,
1570 2302 1678 2353 τῶν
1718 2296 2003 2370 πολεμίων

356 2388 823 2462 περιπατούντων,
852 2390 952 2458 τὴν
981 2387 1191 2444 τούτων
1224 2382 1490 2444 διάϐασιν.
1527 2390 1609 2463 [Ρ.
1646 2390 1771 2461 138]
1829 2388 2003 2463 Ὁρῶν

358 2475 415 2533 δὶ
442 2478 572 2541 τοὺς
605 2477 684 2541 είς
714 2478 865 2534 λείαν
898 2477 1260 2553 ἐκτρέχοντας
1302 2476 1392 2533 καὶ
1438 2478 1506 2532 τά
1564 2477 1747 2554 χωρία
1801 2474 2004 2553 διερευ-

350 2572 581 2638 νῶντας,
612 2568 749 2643 πρὸς
775 2569 837 2623 τὸ
868 2567 1273 2644 ἐπισυναγαγεῖν
1330 2565 1545 2641 λάφυρά
1598 2587 1658 2622 τε
1712 2566 1802 2622 καὶ
1863 2567 2007 2642 χρή-

361 2677 524 2729 ματα,
557 2657 645 2711 καὶ
681 2654 728 2711 εἲ
782 2677 835 2711 τι
890 2653 1074 2733 ἓτερον
1109 2654 1349 2735 ἑφευρεῖν
1411 2653 1708 2726 δυνηθῶσι,
1746 2675 2007 2730 καρτερη-

357 2746 504 2804 σάτω
532 2743 638 2811 ἓως
668 2745 727 2802 ἄν
762 2748 1018 2817 θεάσηται
1048 2746 1244 2810 αὐτοὺς
1273 2751 1381 2802 τῶν
1438 2747 1622 2802 ἳππων
1683 2740 2001 2801 ἀποϐαίνον-

355 2856 473 2907 τας,
504 2837 595 2891 καὶ
624 2834 752 2897 τοὺς
780 2836 986 2898 ἳππους
1018 2836 1065 2873 ⁸ο
1092 2841 1201 2891 τῶν
1232 2836 1457 2912 χωρίων
1512 2833 2000 2910 ἀνερευνωμένους.

356 2925 491 2982 Τότε
537 2930 646 2982 τῶν
711 2927 827 3000 μετ’
881 2927 1049 2982 αὐτοῦ
1104 2925 1312 2982 ἱππέων
1372 2927 1482 2981 ε’ἰτε
1540 2921 1917 3000 ἐϐδομήκοντα
1972 2928 2005 2995 ἣ

353 3016 643 3087 ἑξήκοντα,
668 3014 893 3080 πλείους
924 3014 1179 3082 δηλονότι
1222 3015 1351 3080 τοὺς
1408 3015 1643 3078 οἰκείους
1673 3020 1782 3070 τῶν
1833 3014 2002 3070 πολε-

357 3104 496 3177 μίων
524 3101 676 3168 ὄντας
706 3104 975 3179 (πλείονες
1003 3106 1105 3182 γὰρ
1135 3109 1243 3160 τῶν
1312 3103 1597 3179 πολεμίων
1654 3109 1733 3177 τῷ
1785 3106 2002 3179 ἀριθμῷ

357 3196 489 3249 εἶναι
526 3195 835 3273 ὀφείλουσιν
859 3196 912 3250 οἱ
969 3199 1066 3250 τοῦ
1124 3198 1473 3270 στρατηγοῦ),
1505 3192 1832 3271 διορισάσθω
1870 3193 2001 3248 τού-

348 3306 476 3347 τους
527 3282 761 3358 ἀνδρείῳ
821 3285 1109 3360 ὁρμήματι
1166 3284 1261 3339 σὺν
1343 3284 1573 3358 ὀξυτάτῃ
1631 3287 1739 3338 τῶν
1818 3281 2005 3338 ’ίππων

350 3374 499 3449 ὁρμῇ
532 3372 810 3439 ἐπιθέσθαι
838 3378 956 3436 τοῖς
991 3372 1334 3445 ἀντιπάλοις,
1394 3373 1483 3428 καὶ
1542 3377 1677 3428 Θεοῦ
1731 3373 2010 3448 συνεργείᾳ

346 3461 768 3534 εύοδωθήσεται.
827 3463 895 3521 Εἰ
962 3461 1021 3519 δὲ
1079 3458 1267 3537 συμϐῇ
1318 3463 1552 3527 τούτους
1605 3459 2009 3536 έπιδιὼχθῆναι

349 3553 496 3627 πάρει⁵
518 3556 626 3607 τῶν
656 3551 970 3625 πολεμίων,
1004 3549 1125 3607 δέον
1158 3557 1575 3627 προαπαντῆσαι
1630 3549 1817 3613 αὐτοῖς
1878 3552 2009 3622 μετά

354 3646 461 3696 τῶν
499 3638 933 3714 ὑπολειιρθέντων
965 3640 1112 3713 αὐτῷ
1157 3639 1576 3715 τεσσαράκοντα,
1607 3637 1697 3693 καὶ
1753 3635 1880 3700 τοὺς
1916 3637 2009 3710 μὲν

356 3733 783 3809 κατασχεθέντας
840 3731 1186 3807 δεσμώταςῆ
1243 3734 1555 3806 ἀναιρῆσαι,
1609 3731 1644 3799 ἦ
1705 3726 2008 3805 ἔμπροσθεν

358 3820 701 3892 ἀποστεῖλαι,
736 3821 989 3886 ἀπελθεῖν
1021 3823 1247 3899 τάχιον,
1296 3821 1387 3877 καὶ
1442 3821 1506 3875 τὸ
1554 3819 1827 3895 ὀχύρωμα
1856 3840 2015 3873 κατα.

359 3907 565 3967 λαϐεῖν.
600 3911 859 3973 Κάκεῖνος
892 3911 1168 3986 ἐμπείρως
1236 3910 1555 3985 μαχόμενος
1613 3907 1701 3963 καὶ
1761 3904 2010 3962 ἀνθιστά-

368 4022 530 4073 μενος
556 4006 675 4064 τοῖς
703 4001 1017 4075 πολεμίοις,
1044 4000 1136 4056 καὶ
1176 4000 1312 4055 ποτὶ
1345 4001 1439 4072 μὶν
1498 3995 1848 4074 ὑποστρέφων
1894 3998 2013 4052 κατ’

366 4090 564 4159 αὐτῶν,
620 4099 756 4145 ποτὲ
814 4087 870 4145 δὲ
931 4090 1275 4169 ὑποφεύγων,
1338 4087 1565 4165 ἐρεθίσει
1624 4085 1818 4148 αὐτοὺς
1878 4088 2012 4158 πρὸς

365 4176 566 4250 δίωξιν.
594 4180 698 4237 Καὶ
732 4180 775 4234 εἰ
810 4178 942 4256 ἄχρι
973 4184 1081 4235 τῶν
1135 4180 1322 4235 τόπων
1378 4174 1810 4248 καταδιώξωσιν,
1844 4174 1895 4230 ὲν
1930 4178 2012 4237 οῖς

370 4270 418 4324 οἱ
450 4269 604 4339 πεζοὶ
637 4269 1098 4344 ἀποκρύπτονται,
1127 4271 1217 4323 καὶ
1246 4268 1475 4329 τούτους
1502 4268 1645 4328 τινὲς
1702 4269 1808 4320 τῶν
1841 4261 2012 4319 πολε-

366 4359 503 4432 μίων
539 4356 821 4426 διέλθωσι,
846 4360 972 4414 τότε
1002 4360 1055 4414 οἱ
1086 4360 1241 4428 πεζοὶ
1269 4363 1377 4413 τῶν
1432 4355 1834 4433 ἐγκρυμμάτων
1868 4353 2012 4428 ἐξερ-

360 4447 594 4522 χόμενοι
625 4446 1038 4518 ἀντιστήσονται
1075 4454 1193 4509 τοῖς
1254 4444 1517 4502 διώκουσι
1573 4445 1892 4519 ποΛεμίοις,
1923 4444 2011 4499 καὶ

358 4534 764 4607 ἀπωθήσοντξιι.
798 4538 865 4595 Οἱ
893 4533 949 4591 δὲ
977 4536 1107 4600 τοὺς
1135 4535 1331 4605 πεζοὺς
1380 4533 1688 4598 διελθόντες
1746 4532 2010 4607 πολέμιοι

2116 1944 2382 2011 occupet,
2417 1958 2555 1996 suos
2586 1941 2738 1998 bene
2769 1942 2963 1998 abdat.
3020 1946 3217 2001 Prima
3258 1947 3389 2003 luce
3438 1968 3765 2010 conscensa

2117 2029 2377 2100 specula,
2403 2030 2451 2084 si
2484 2031 2683 2087 hostes
2740 2039 2999 2102 movent,
3034 2052 3149 2106 quo
3201 2037 3447 2094 tendant
3468 2040 3763 2113 dispiciat.

2117 2118 2173 2171 Si
2205 2117 2535 2190 praedatum
2560 2122 2882 2192 procedere
2906 2123 3366 2199 videt,vicosque
3378 2134 3763 2203 perscrutari,

2114 2208 2352 2279 praadaa,
2385 2210 2673 2280 pecunia,
2710 2216 2768 2266 et
2800 2213 2848 2267 si
2881 2213 3023 2285 quid
3074 2215 3231 2272 214
3274 2217 3439 2273 aliud
3496 2221 3762 2278 invenire

2113 2296 2363 2368 possint,
2396 2301 2807 2371 comportandi
2853 2318 3054 2370 causa,
3086 2321 3149 2361 se
3193 2308 3515 2379 contineat,
3575 2311 3765 2369 donec

2114 2384 2543 2443 descendentes
2571 2403 2640 2441 ex
2665 2389 2834 2461 equis
2856 2391 3138 2462 jumenta
3167 2411 3197 2449 e
3234 2395 3377 2451 vicis
3409 2402 3760 2472 conquirere

2114 2478 2508 2547 conspexerit.
2535 2478 2677 2532 Tum
2714 2495 2783 2533 ex
2844 2480 3166 2551 equitibus,
3206 2485 3307 2555 qui
3366 2487 3591 2543 circum
3625 2507 3759 2548 eum

2115 2570 2273 2632 sunt,
2301 2566 2676 2638 septuaginta
2731 2567 2821 2623 vel
2874 2571 3198 2643 sexaginta,
3232 2574 3345 2630 hoc
3392 2583 3502 2645 est,
3559 2579 3762 2650 plures

2113 2670 2291 2724 quam
2323 2655 2480 2726 apud
2513 2656 2715 2711 hostes
2747 2674 2876 2713 esse
2935 2667 3169 2716 constat
3198 2664 3555 2733 (necessario
3600 2670 3762 2725 enim

2113 2743 2473 2814 equitumin
2504 2750 2737 2801 caterva
2765 2747 2933 2803 ducis
2990 2766 3276 2807 numerus
3331 2755 3524 2826 major
3580 2774 3760 2827 quam

2112 2832 2586 2890 adversariorum
2613 2852 2741 2891 esse
2774 2836 3120 2910 debet),hos
3142 2841 3353 2912 jubeat
3382 2845 3503 2899 acri
3534 2846 3759 2919 impetu

2112 2921 2530 2978 incitatissimo
2585 2940 2873 2996 equorum
2933 2944 3110 2984 cursu
3168 2930 3369 2987 hostes
3427 2934 3666 3003 adoriri,
3703 2942 3762 2992 et

2113 3012 2471 3083 sull'ragaute
2503 3014 2751 3068 numine
2780 3032 2905 3070 rem
2939 3016 3093 3073 bene
3120 3020 3370 3091 geret.Si
3396 3026 3593 3078 tamen
3610 3025 3759 3080 acci-

2114 3099 2219 3168 dit,
2252 3106 2319 3155 ut
2352 3100 2424 3156 ab
2456 3101 2810 3159 adversariis
2832 3106 3223 3177 repellantur,
3255 3116 3486 3180 oportet
3507 3113 3601 3167 his
3624 3131 3757 3169 cum

2114 3187 2586 3245 subsidiantibus
2617 3191 3009 3265 quadraginta
3042 3196 3341 3265 equitibus
3396 3198 3627 3254 obviam
3652 3202 3759 3269 ire,

2118 3278 2521 3349 captivosque,
2555 3278 2780 3349 siquos
2832 3281 3069 3349 feceris,
3132 3284 3223 3337 vel
3278 3285 3615 3342 interﬁcere
3671 3290 3765 3344 vel

2117 3367 2534 3431 amandare,ut
2564 3368 2875 3424 confestim
2906 3371 3235 3442 discedant,
3262 3374 3441 3445 inque
3465 3378 3763 3433 munitum

2116 3455 2315 3511 locum
2347 3456 2824 3514 introducantur.
2858 3460 2983 3514 Dux
3036 3467 3233 3516 autem
3286 3465 3473 3534 perite
3505 3483 3763 3538 pugnam

2118 3545 2545 3601 administrans
2599 3546 2991 3619 hostibusque
3013 3548 3331 3619 obsistens,
3366 3558 3424 3607 et
3468 3555 3646 3611 modo
3701 3574 3764 3612 se

2116 3640 2471 3705 retorquens
2500 3635 2575 3690 ad
2604 3634 2763 3703 illos,
2790 3637 2964 3692 modo
2998 3637 3367 3711 confugiens,
3393 3659 3493 3697 eos
3525 3644 3598 3699 ad
3628 3662 3765 3716 per-

2120 3723 2489 3795 sequendum
2522 3724 2794 3781 lacessat.
2829 3726 2995 3791 Quod
3018 3727 3066 3783 si
3098 3728 3171 3783 ad
3213 3729 3343 3785 loca
3372 3747 3561 3803 usque
3591 3734 3766 3789 insti-

2120 3815 2318 3883 terint,
2346 3813 2447 3869 ubi
2479 3815 2709 3887 pedites
2730 3816 2937 3887 latent,
2974 3835 3158 3890 eaque
3189 3819 3319 3875 loca
3350 3823 3626 3878 nonnulli
3660 3826 3768 3880 ho-

2120 3904 2302 3959 stium
2325 3905 2644 3976 trangressi
2670 3906 2960 3975 sint,tunc
2980 3907 3212 3978 pedites
3235 3926 3304 3965 ex
3326 3911 3565 3969 insidiis
3580 3916 3767 3970 coorti

2119 3993 2472 4049 adversariis
2497 3994 2954 4065 insequentibus
2976 4004 3312 4067 occurrent,
3335 4017 3555 4074 eosque
3579 4006 3766 4076 repri-

2121 4087 2307 4140 ment.
2340 4085 2550 4138 Hostes
2583 4090 2780 4139 autem
2832 4091 3124 4157 quotquot
3153 4094 3329 4143 erunt
3353 4091 3509 4147 ultra
3540 4095 3771 4163 pedites

2120 4174 2396 4245 provecti,
2458 4174 2520 4227 in
2550 4173 2800 4229 insidias
2832 4176 3098 4246 equitum
3145 4178 3478 4237 incidentes
3508 4183 3769 4239 universi

2122 4261 2715 4317 contrucidabuntur.
2742 4262 2876 4318 Loci
2901 4265 3060 4319 enim
3080 4273 3293 4322 natura
3322 4269 3513 4340 adjuti
3540 4272 3771 4341 pedites

2121 4353 2559 4421 introrumpere
2605 4359 3033 4423 persequentes
3056 4371 3176 4410 non
3210 4355 3412 4411 sinent
3444 4374 3457 4413 :
3488 4358 3768 4430 ideoque,

2121 4438 2463 4495 intermissa
2476 4438 3115 4507 insectatione,infecta
3130 4460 3191 4498 re
3206 4442 3518 4500 discedent
3539 4463 3767 4517 omnes,

2120 4528 2356 4585 amissis
2388 4528 2460 4582 de
2491 4528 2614 4583 suis
2645 4533 3115 4601 quotquotintra
3144 4534 3445 4604 angustias
3468 4535 3597 4606 jam
3630 4543 3771 4593 sunt

356 4624 715 4698 ἐμπεσοῦνται
753 4629 833 4698 τῷ
881 4624 1222 4701 έγκρύμματι
1252 4629 1360 4680 τῶν
1419 4624 1655 4691 ἱππέων,
1709 4622 1798 4678 καὶ
1831 4620 1999 4695 ἄρδην

2118 4618 2526 4678 circumventi.

357 4712 582 4777 ἅπαντες
636 4715 989 4772 ἀπολοῦνται.
1046 4716 1176 4770 Ὑπὸ
1230 4714 1329 4789 γὰρ
1386 4718 1484 4769 τοῦ
1537 4714 1709 4769 τόπου
1768 4713 1819 4768 οἱ
1875 4711 2029 4782 πεζοὶ
2093 4706 2463 4787 βοηθούμενοι
2540 4705 2644 4760 οὐκ
2699 4705 2915 4761 ἒάσουσι
2970 4707 3097 4771 τοὺς
3157 4706 3453 4775 διώκοντας
3505 4710 3761 4779 διελθεῖν.

355 4801 503 4858 ἀλλὰ
528 4804 628 4872 τήν
662 4801 844 4873 δίωξιν
895 4801 1283 4879 καταλείψουσι
1328 4803 1420 4858 καὶ
1476 4803 1744 4879 ἄπρακτοι
1800 4803 1998 4864 πάντες
2029 4802 2072 4838 ⁸³
2123 4796 2540 4871 ὑποστρέψουσι,
2617 4795 2746 4859 τοὺς
2817 4793 2927 4867 ἤδη
3026 4801 3564 4876 προκατασχεθέντας

355 4891 576 4948 οἰκείων
608 4891 995 4957 ἀπολέσαντες.

351 5009 523 5086 ΚΕΦ.
553 5009 656 5066 lB’.
695 5010 829 5086 ῌερὶ
880 5009 1081 5086 ἀθρόας
1139 5007 1460 5086 ἐξελεύσεως
1513 5012 1620 5063 τῶν
1680 5005 2002 5081 πολεμίων,

428 5080 535 5172 πρρ
625 5083 723 5136 τοῦ
779 5079 788 5086 ’
838 5081 906 5137 τὰ
952 5079 1269 5155 ’Ῥωμαϊκά
1360 5079 1787 5155 ἐπισυναχθῆναι
1832 5079 2004 5153 ’στραο

430 5171 693 5226 τευματα.

427 5274 490 5333 Εἰ
542 5273 601 5332 δέ
656 5286 720 5353 γε
747 5281 856 5333 τῶν
886 5275 1172 5353 πολεμίων
1196 5275 1465 5352 ἑξέλευσις
1498 5274 1665 5353 ἀθρόα
1682 5272 1773 5331 καὶ
1805 5271 1995 5328 σύντοο

3657 4809 3764 4861 τῶν

2116 5001 2268 5061 215
2299 5001 2433 5057 CAP.
2466 4999 2707 5081 XlI._De
2733 5001 2917 5057 subita
2964 5001 3280 5081 incursione
3318 5008 3580 5081 hostium,
3611 5021 3770 5071 ante-

2400 5087 2572 5142 quam
2601 5072 2856 5128 Romanae
2886 5078 3059 5147 capia
3102 5080 3223 5148 cogi
3243 5083 3480 5150 possint.

2179 5270 2326 5326 Sitit
2354 5267 2550 5324 subita
2568 5273 2627 5324 et
2652 5268 2805 5325 acris
2834 5270 3097 5331 hostium
3145 5276 3594 5354 incursio,quod
3613 5285 3770 5357 apud

1596 5405 1659 5461 C.
1702 5404 1767 5458 B.
1801 5398 1987 5456 HASII
2036 5394 2593 5455 ANNOTATIONES.

421 5518 464 5596 θ’
485 5517 964 5577 ἀποσταλείτωσαν
999 5522 1173 5581 codd.
1206 5520 1251 5558 ⁴⁸
1270 5523 1515 5596 τραχεῖς·
1552 5521 1598 5556 ⁸.
1627 5514 1900 5593 βλεπέτω]
1929 5512 1999 5591 βλ

2116 5533 2242 5569 ντων
2276 5510 2450 5570 codd.
2484 5526 2714 5568 omnes.
2773 5512 2822 5551 ⁵ο
2849 5511 3061 5589 ἳππων]
3092 5516 3302 5572 ἱππέων
3348 5520 3480 5578 cod.
3508 5521 3554 5557 ⁸¹
3607 5524 3766 5579 Fort.

353 5589 589 5653 πάντως.

420 5699 531 5771 (19)
555 5699 683 5756 Sive
709 5700 908 5773 potius
937 5704 1151 5776 ταχεῖς.
1182 5701 1344 5756 Infra
1373 5714 1608 5772 quoque
1641 5697 1771 5754 M7.
1804 5697 1871 5752 A.
1901 5691 2004 5749 ’ἱππ

2137 5688 2346 5751 ταχεῖς.
