4112 6208
332 331 450 390 963
1662 312 2091 378 NICEPHORI
2133 313 2420 376 PHOCA!
2695 367 2698 372 .
3634 318 3758 380 964

336 465 474 520 illos
499 480 653 535 saepe
684 479 794 517 usu
818 457 996 522 venit,
1030 471 1222 526 neque
1253 454 1395 510 dum
1415 451 1708 508 exercitus
1728 451 1979 506 Caesarei

2103 469 2202 521 μος
2229 446 2476 524 γένηταί,
2536 446 2622 502 o'iu
2678 444 2952 511 πολλάκις
3007 451 3136 522 παρ’
3165 447 3344 505 αὐτῶν
3391 446 3550 515 εἵωθε
3607 452 3756 528 γίνε-

338 571 527 610 unum
550 553 610 608 in
633 553 830 607 locum
885 546 1068 603 coacti
1103 548 1260 614 sunt,
1292 543 1574 614 solusque
1602 541 1719 596 dux
1765 545 1980 611 praesto

337 650 429 700 est
453 661 464 698 :
490 657 683 712 neque
701 639 801 692 ille
817 641 1058 708 propter
1078 633 1455 705 repentinam
1470 632 1711 686 illorum
1727 631 1984 685 invasio-

255 779 258 783 .
338 750 474 788 nem
495 729 838 785 facultatem
873 729 1082 778 nactus
1129 729 1218 777 est
1275 721 1473 793 copias
1513 738 1633 776 suas
1664 719 1984 792 provincia:

337 816 750 892 congregandi,
783 813 1177 886 parvulasque
1218 812 1395 866 habet
1425 817 1600 881 atque
1636 809 1874 881 exiguas
1897 824 1909 862 :
1934 808 1984 862 si

336 908 710 964 videthostes
732 904 806 959 ad
837 902 1099 974 praadam
1147 901 1288 956 ferri
1338 918 1405 956 ac
1462 899 1744 955 festinare
1793 914 1806 952 :
1875 897 1988 952 scit

335 1003 556 1061 autem,
590 993 915 1065 regionem,
950 1007 1066 1061 quo
1100 991 1390 1062 impetum
1441 989 1684 1055 faciant,
1716 985 1985 1041 nondum

337 1085 712 1150 exinanitam,
745 1081 1137 1150 fortunasque
1170 1079 1232 1134 in
1263 1077 1479 1150 oppida
1509 1077 1708 1131 locave
1754 1074 1988 1130 munita

333 1176 734 1245 comportatas
757 1187 886 1226 esse
913 1187 926 1223 :
954 1173 1188 1240 oportet
1236 1169 1297 1222 in
1355 1165 1650 1238 ejusmodi
1679 1164 1986 1236 regionem

335 1265 453 1320 sive
480 1261 882 1317 turmarcham
906 1259 1024 1314 sive
1049 1258 1197 1312 alios
1219 1255 1530 1328 prmfectos
1551 1269 1766 1326 magna
1783 1252 1989 1307 celeri-

333 1359 453 1408 tate
484 1350 751 1406 adhibita
809 1346 1237 1412 transmittere,
1273 1345 1379 1416 qui
1419 1343 1693 1399 hostibus
1751 1341 1983 1396 obviam

339 1443 593 1509 fiant,et,
619 1443 910 1511 quantum
929 1436 1164 1491 efficere
1187 1435 1437 1507 possint,
1471 1449 1732 1505 paganos
1750 1446 1985 1485 eorum-

339 1551 453 1604 que
485 1547 700 1603 pecora
730 1547 800 1584 ex
831 1528 986 1601 agris
1013 1528 1270 1583 excitent
1299 1532 1478 1596 atque
1497 1523 1818 1596 expellant.
1843 1523 1916 1576 At
1937 1519 1986 1574 si

339 1623 457 1676 dux
486 1621 664 1687 videt,
697 1619 1039 1690 hostesjam
1081 1617 1143 1671 in
1177 1633 1244 1671 eo
1295 1631 1448 1682 esse,
1481 1619 1547 1670 ut
1575 1613 1732 1669 circa
1752 1611 1987 1666 dilucu-

339 1714 462 1768 lum
494 1712 556 1767 in
585 1711 742 1765 vicos
774 1711 1065 1781 impetum
1097 1708 1335 1774 faciant,
1368 1706 1605 1770 debet,a
1637 1711 1798 1777 tergo
1826 1705 1986 1774 ipsos

2100 543 2241 612 σθαι,
2279 543 2448 615 μήπω
2472 545 2582 596 τῶν
2645 540 2946 603 Βασιλικῶν
3008 541 3424 616 στρατευμάτων
3458 542 3757 618 ἐπισωρεύ-

2099 630 2320 698 θὲντων,
2379 627 2526 684 ἀλλὰ
2613 629 2784 703 μόνου
2837 634 2935 684 τοῦ
2994 635 3322 705 στρατηγοῦο
3380 629 3522 704 μηδέ
3591 632 3759 688 αὐτοῦ

2100 718 2419 792 δυνηθέντος
2481 717 2572 774 διὰ
2635 720 2697 774 τὸ
2755 719 3024 793 σύντομον
3083 727 3186 790 τῆς
3219 721 3397 777 αὐτῶν
3431 721 3752 793 ἐξελεύσεως

2096 811 2189 865 τὸν
2220 807 2404 884 ὀλίγον
2437 807 2567 865 λαὸν
2600 811 2648 846 ⁵³
2675 813 2771 864 τοῦ
2819 805 2964 864 ῗδίου
3024 811 3259 883 θέματος
3311 810 3748 888 ἐπισυναγαγεῖν

2101 897 2248 954 ἀλλά
2303 896 2486 974 ὀλίγον
2546 893 2651 974 ἔχῃ
2736 897 2828 954 καὶ
2908 899 3292 973 εὑαρίθμητον·
3357 901 3456 976 ὁρᾷ
3511 899 3569 956 δὲ
3624 900 3756 962 τοὺς

2098 988 2403 1063 πολεμίους
2489 989 2626 1066 πρὸς
2701 987 2850 1045 λείαν
2936 988 3268 1055 σπεύδοντας
3321 990 3413 1046 καὶ
3459 990 3754 1066 ἐπειγομέ-

2097 1099 2241 1142 νους·
2275 1077 2478 1155 ἐπιγνῷ
2510 1077 2567 1134 δὲ
2593 1079 2694 1148 τὴν
2751 1079 2963 1154 χώραν,
3020 1078 3073 1134 ἐν
3129 1079 3165 1155 ᾔ
3215 1081 3315 1149 τήν
3375 1081 3552 1154 ὁρμὴν
3615 1103 3752 1136 ποι-

2099 1171 2306 1238 οὖνται,
2397 1170 2567 1243 μήπω
2650 1167 3132 1239 ἐκσπηλευθεῖσαν,
3199 1170 3290 1224 καὶ
3372 1170 3448 1232 εἷς
3532 1171 3600 1226 τὰ
3652 1172 3754 1226 κά-

2100 1279 2254 1334 στρα,
2285 1255 2322 1327 ἤ
2355 1257 2434 1320 εἷς
2471 1258 2539 1313 τὰ
2596 1259 2937 1334 ὀχυρώματα
2991 1256 3437 1336 φυγαδευθεῖσαν·
3486 1260 3598 1335 χρὴ
3646 1267 3752 1330 τῆς

2096 1369 2355 1417 τοιαυτης
2439 1348 2629 1422 χώρας
2713 1344 2819 1402 εἶτε
2869 1347 2961 1402 τὸν
3018 1349 3381 1424 τουρμάρχην
3447 1349 3556 1404 εἳτε
3635 1349 3748 1404 ὲτέ-

2099 1457 2225 1512 ρους
2256 1434 2525 1511 ἄρχοντας
2581 1431 2791 1509 σπουδῇ
2857 1433 3046 1507 πολλῇ
3111 1437 3454 1505 ἀποστεῖλαι,
3510 1437 3600 1490 καὶ
3649 1434 3751 1510 ἕμ·

2097 1527 2326 1601 προσθεν
2352 1529 2462 1580 τῶν
2493 1522 2776 1598 πολεμίων
2807 1525 3049 1600 γενέσθαι
3079 1524 3192 1592 καὶ,
3224 1524 3299 1588 ὡς
3357 1527 3472 1580 οἷόν
3527 1547 3586 1580 τε
3616 1523 3743 1595 ὦσι,

2097 1615 2185 1670 xui
2215 1613 2343 1676 τοὺς
2371 1617 2478 1668 τῶν
2511 1612 2736 1688 χωρίων
2765 1613 3056 1689 οἰκήτορας
3087 1613 3177 1668 καὶ
3207 1613 3274 1669 τά
3327 1614 3536 1669 τούτων
3569 1617 3747 1686 κτήνη

2099 1701 2426 1779 φυγαδεῦσαι
2457 1702 2548 1756 καὶ
2576 1701 2962 1773 ἐκσπηλιῦσαι.
3022 1703 3265 1780 Ὀρῶντα
3323 1701 3380 1758 δὲ
3435 1704 3528 1760 τὸν
3587 1725 3753 1777 στρα-

340 1803 684 1872 insequens,
717 1797 1219 1870 quemadmodum
1251 1795 1522 1867 superius
1553 1791 1979 1850 demonstravi-

2101 1793 2266 1869 τηγὸν
2295 1791 2422 1854 τοὺς
2453 1789 2876 1866 πολεμίουςῆδη
2912 1791 3219 1865 μέλλοντας
3233 1792 3369 1866 πρὸς
3397 1793 3459 1847 τὸ
3487 1794 3590 1863 τῆς
3609 1792 3755 1866 ἠμέ-

339 1906 490 1954 mus,
527 1887 631 1942 illa
661 1887 789 1957 ipsa
810 1891 982 1941 nocte
1015 1885 1089 1939 ad
1120 1883 1390 1955 praelium
1424 1883 1774 1952 instructus,
1798 1883 1981 1938 hosti-

337 1978 447 2032 bus
482 1993 544 2031 se
576 1974 890 2030 ostendere
913 1990 926 2028 :
952 1979 1017 2028 ut
1045 1973 1130 2028 sic
1153 1973 1544 2044 comprimere
1572 1989 1776 2027 eorum
1799 1971 1988 2044 impe-

337 2065 914 2138 tum,regionemque
935 2061 1298 2118 incolumem
1319 2067 1602 2134 praestare
1627 2064 1914 2132 queat.Ac
1939 2061 1986 2115 si

338 2154 551 2209 ﬂuvius
569 2158 659 2208 est
689 2153 752 2208 in
783 2151 1020 2219 itinere,
1053 2167 1231 2222 quem
1254 2150 1558 2206 transituri
1593 2155 1731 2205 sunt
1762 2151 1984 2215 hostes,

335 2243 693 2316 angustiaave
733 2246 836 2297 aut
892 2239 1215 2296 difﬁcultas
1263 2240 1394 2310 vias,
1435 2239 1534 2294 ubi
1595 2239 1790 2311 major
1847 2255 1986 2311 pars

336 2349 537 2388 eorum
560 2331 787 2386 flumen
804 2330 1130 2394 transierit,
1155 2329 1245 2384 vel
1277 2346 1340 2384 se
1382 2329 1443 2383 in
1477 2328 1988 2400 angustiasimpli-

332 2422 540 2489 cuerit,
565 2419 858 2492 quosdam
880 2419 1033 2476 2I6
1057 2419 1118 2473 in
1141 2418 1420 2473 ultimum
1443 2433 1655 2490 agmen
1677 2418 1982 2473 immittat.

333 2515 655 2582 Ipsumque
687 2509 899 2564 ducem
931 2508 1176 2579 propius
1231 2506 1511 2562 accedere
1566 2507 1803 2578 expedit
1849 2523 1985 2562 cum

333 2599 649 2672 przefectis,
675 2597 846 2653 lectis
879 2597 998 2651 illis
1029 2596 1274 2667 quidem
1305 2600 1364 2650 et
1411 2594 1614 2666 probis
1648 2595 1817 2665 equis
1839 2593 1983 2648 insi-

332 2687 832 2758 dentibus,‘seque
867 2687 929 2740 in
962 2691 1348 2758 conspectum
1378 2685 1518 2739 dare
1543 2685 1892 2752 hostium,et
1912 2682 1986 2738 ad

330 2779 780 2836 dimicationem
803 2777 1086 2833 adversus
1109 2775 1246 2830 illos
1278 2791 1341 2830 se
1359 2772 1985 2846 comparare,perinde

332 2867 775 2940 quasijamjam
810 2871 969 2920 esset
999 2864 1271 2936 praelium
1323 2864 1791 2918 commissurus:
1817 2864 1984 2934 equi-

329 2974 504 3013 sones
526 2963 724 3013 autem
782 2961 962 3026 atque
1018 2953 1402 3025 pabulatores
1457 2953 1762 3024 disjungat
1816 2969 1851 3007 a
1897 2969 1982 3020 se,

331 3049 512 3119 inque
541 3047 673 3102 loca
705 3046 937 3101 munita
993 3044 1082 3099 vel
1136 3045 1197 3098 in
1255 3043 1540 3114 oppidum
1579 3041 1879 3109 amandet,
1935 3043 1984 3097 si

327 3137 477 3193 forte
511 3137 731 3192 subest.
755 3135 856 3189 Sin
883 3134 1108 3190 ﬂumen
1139 3149 1260 3188 non
1293 3138 1382 3187 est
1414 3132 1476 3187 in
1508 3132 1743 3194 itinere.
1778 3148 1973 3203 neque

329 3225 652 3282 difﬁcultas
720 3225 970 3290 viarum,
1039 3222 1434 3278 nihilominus
1483 3226 1717 3293 oportet
1753 3220 1974 3277 audere

331 3314 796 3387 aliquantulum,
829 3313 1302 3382 comminarique
1335 3311 1646 3382 impetum,
1679 3309 1868 3365 donec
1906 3309 1978 3366 ab

327 3407 420 3461 his
452 3411 624 3461 nocte
650 3405 741 3460 vel
800 3404 1163 3459 insectetur:
1198 3407 1265 3456 ut
1320 3401 1522 3456 hostes
1546 3399 1645 3456 ubi
1696 3400 1979 3472 praaclare

325 3495 754 3551 intellexerunt
781 3492 994 3549 ducem
1051 3491 1357 3562 subsequi,
1415 3489 1578 3562 pleni
1636 3488 1978 3545 formidinis

325 3603 520 3657 neque
546 3585 779 3658 longius
801 3583 1376 3656 progredi,nequein
1399 3582 1556 3636 vicos
1575 3581 1977 3636 incursionem

325 3676 520 3730 facere
542 3673 820 3728 audeant.
853 3673 916 3726 Id
951 3673 999 3726 si
1060 3671 1296 3738 accidit,
1337 3671 1409 3726 ab
1441 3671 1782 3726 imminenti
1813 3672 1979 3726 inva-

326 3764 494 3818 sione
523 3762 701 3825 vicos,
734 3777 769 3815 a
827 3759 1106 3814 servitute
1158 3776 1295 3814 suos
1353 3759 1676 3814 vindicabit
1723 3759 1861 3825 dux,
1922 3765 1979 3814 et

329 3851 620 3906 liberavit.
680 3849 1151 3904 Ostentationem
1179 3853 1380 3903 autem
1413 3853 1472 3902 et
1515 3848 1973 3918 impressionem

333 3956 468 3995 cum
496 3937 804 4010 diligentia
832 3942 1010 4008 atque
1033 3935 1402 4007 providentia
1415 3936 1840 4008 magnafaciat,
1871 3954 1978 4009 per

326 4045 549 4102 paucos
580 4033 638 4083 et
668 4027 875 4094 lectos,
907 4031 973 4081 ut
993 4025 1326 4093 docuimus,
1361 4025 1612 4097 equites,
1647 4025 1748 4096 qui
1797 4025 1975 4082 celeri

320 4119 462 4188 fuga
490 4118 562 4174 ad
594 4117 806 4172 ducem
861 4116 1179 4187 locumque
1233 4115 1531 4170 munitum
1582 4120 1973 4186 revertantur,

323 4225 517 4280 neque
549 4209 733 4263 effuse
756 4211 814 4262 et
835 4206 970 4278 plus
990 4221 1169 4277 quam
1187 4205 1400 4260 attinet
1429 4205 1491 4259 in
1516 4205 1752 4261 hostem
1769 4212 1966 4262 ruant.

319 4300 464 4354 Nam
499 4298 671 4369 copia
697 4313 805 4368 pro
837 4297 1104 4362 ipsorum
1127 4294 1346 4349 viribus
1377 4294 1559 4349 nimis
1605 4311 1820 4367 magna
1879 4297 1974 4351 in-

319 4387 782 4452 cumbente,cito
809 4384 1058 4441 fortasse
1080 4383 1315 4440 hostilis
1341 4400 1552 4439 manus
1585 4385 1966 4456 praedatient:

320 4477 500 4548 idque
523 4475 803 4542 maxime,
837 4474 888 4530 si
917 4472 1134 4529 accidit
1152 4478 1219 4528 ut
1243 4473 1322 4528 sit
1354 4472 1500 4528 luna
1521 4489 1767 4544 pernox.
1800 4476 1875 4528 At
1921 4475 1970 4529 si

2105 1905 2197 1958 ρας
2229 1881 2540 1955 διάοαυσμα
2567 1886 2685 1938 τοῖς
2717 1883 2867 1955 [139]
2898 1879 3131 1958 χωρίοις
3195 1881 3494 1952 ἐπιθέσθαι,
3528 1884 3753 1946 ὄπισθεν

2094 1971 2288 2027 αὐτοὺς
2321 1969 2818 2038 ἐπακολουθοῦντα,
2878 1971 3059 2034 καθὼς
3105 1968 3361 2046 ἀνωτέρω
3421 1969 3750 2044 εἷρήκαμεν,

2091 2067 2160 2137 τῇ
2193 2063 2330 2137 αὐτῇ
2356 2062 2506 2116 νυκτὶ
2541 2059 2623 2116 δεῖ
2649 2059 3047 2139 ἐμφανισθῆναι
3099 2066 3215 2123 τοῖς
3264 2058 3579 2135 πολεμίοις,
3612 2061 3752 2132 πρὸς

2093 2153 2338 2226 πόλεμον
2373 2150 2532 2218 δῆθεν
2565 2151 3136 2228 παρασκευαζόμενον.
3189 2153 3282 2210 Ἰν’
3334 2153 3409 2215 ὡς
3442 2153 3501 2208 ἐκ
3546 2154 3750 2208 τούτου

2094 2239 2295 2315 δυνηθῇ
2367 2241 2466 2310 τὴν
2527 2241 2705 2315 ὁρμήν
2761 2238 2936 2294 αὐτῶν
2996 2240 3330 2307 ἀναστεῖΛαι,
3391 2238 3479 2294 xui
3527 2233 3750 2307 ἀϐλαϐῆ

2089 2333 2188 2400 τὴν
2221 2334 2408 2406 χώραν
2443 2327 2790 2405 διατηρῆσαι.
2824 2329 2930 2386 Καὶ
2963 2328 3008 2384 εί
3071 2330 3166 2402 μὲν
3225 2329 3474 2401 ποταμός
3513 2329 3655 2384 ἐστιν
3690 2328 3743 2383 ἐν

2087 2423 2158 2492 τῇ
2192 2416 2304 2491 ὁδῷ
2335 2415 2688 2493 δυσπέρατος,
2719 2417 2808 2472 καὶ
2845 2416 3110 2490 μέλλουσι
3164 2422 3355 2473 τοῦτον
3398 2415 3657 2489 διαπερᾷν
3689 2419 3745 2472 οἱ

2090 2507 2374 2581 πολέμιοι,
2407 2508 2442 2578 ἥ
2477 2507 2730 2582 στὲρωμα
2759 2509 2793 2577 ἢ
2819 2505 3100 2582 δυσχωρία
3158 2507 3209 2561 ἐν
3261 2512 3330 2582 τῇ
3390 2505 3521 2580 ὁδῷ,
3581 2507 3750 2576 ἡνίκα

2088 2599 2182 2654 τὸν
2215 2598 2462 2672 ποταμὸν
2483 2599 2536 2652 o't
2560 2596 2788 2660 πλείους
2821 2595 3235 2672 διαπεράσωσιν,
3294 2599 3329 2667 ἣ
3385 2596 3462 2659 εἷς
3499 2597 3562 2652 τὸ
3624 2598 3746 2651 στὲο

2088 2709 2248 2760 νωμα
2279 2689 2632 2764 χωρηθῶσιν,
2688 2687 2764 2749 εἲς
2821 2687 2912 2740 τὸν
2946 2681 3164 2750 ὄπισθεν
3199 2685 3331 2742 λαὸν
3366 2687 3544 2742 αὐτῶν
3595 2687 3735 2741 ἀπο-

2090 2781 2320 2839 στεῖλαι.
2366 2781 2470 2838 Καὶ
2530 2779 2688 2834 αὐτὸν
2746 2777 2950 2834 ἐκεῖνον
3005 2779 3097 2834 τὸν
3151 2781 3450 2855 στρατηγὸν
3507 2800 3751 2855 παραγεο

2089 2870 2268 2924 νὲσθαι
2305 2869 2439 2943 μετά
2462 2867 2728 2924 ἐκλεκτῶν
2763 2867 3043 2943 ἀρχόντων
3097 2867 3188 2922 καὶ
3246 2867 3751 2943 καλοίππαράτων,

2088 2961 2180 3015 καὶ
2211 2959 2604 3037 ἐμφανισθῆναι
2637 2963 2755 3020 τοῖς
2787 2957 3102 3030 πολεμίοις,
3135 2959 3224 3013 καὶ
3256 2958 3391 3033 πρὸς
3427 2959 3614 3033 μάχην
3641 2956 3747 3027 δῆ·

2091 3060 2176 3112 θεν
2203 3051 2319 3104 κατ’
2346 3050 2525 3104 αὖτῶι
2558 3049 3088 3124 παρασκευασθῆναι,
3118 3051 3215 3102 τοῦ
3275 3041 3575 3120 συμϐαλεῖν
3635 3046 3744 3101 πό-

2089 3135 2280 3212 λεμον·
2310 3137 2436 3200 τοὺς
2487 3138 2939 3212 παριππαράτους
2995 3135 3084 3191 καὶ
3143 3136 3586 3210 ἐνταγιστράτους
3625 3138 3743 3208 (20)

2089 3225 2442 3303 διαχωρίζων
2529 3225 2578 3300 ἐξ
2640 3226 2828 3291 αὐτοῦ,
2911 3227 3001 3280 καὶ
3059 3224 3139 3287 εἷς
3213 3226 3574 3300 ὀχυρώματα,
3634 3224 3745 3280 εἳτε

2081 3315 2311 3387 κάστρον
2345 3314 2726 3384 ἀποστέλλων,
2759 3313 2805 3368 εί
2834 3313 2980 3389 τύχῃ
3013 3311 3271 3384 πλησίον.
3309 3313 3372 3370 Ei’
3403 3310 3460 3368 δὲ
3489 3314 3742 3385 ποταμὸς

2082 3404 2182 3460 οὐκ
2237 3402 2379 3461 ἔστιν
2441 3402 2566 3459 οὐδὲ
2612 3401 2896 3478 δυσχωρία
2969 3403 3021 3459 ἐν
3069 3407 3139 3477 τῇ
3171 3401 3306 3475 ὁδῷ,
3354 3403 3443 3458 xui
3479 3403 3743 3459 ὡσαύτως

2082 3491 2165 3550 δεῖ
2223 3493 2415 3568 μικρόν
2464 3515 2516 3548 τι
2574 3487 3125 3568 παραϐουλεύσασθαι
3181 3489 3273 3546 καὶ
3353 3492 3486 3567 πρὸς
3547 3492 3737 3563 μάχην

2081 3579 2484 3658 ὁρμῆσαι,ἓως
2515 3579 2577 3637 οὗ
2632 3581 2722 3636 καὶ
2782 3578 3094 3656 ἐπιδιωχθῇ
3141 3581 3188 3616 ⁵³
3243 3580 3368 3654 παρ’
3423 3579 3598 3634 αὐτῶν
3667 3584 3738 3653 τῇ

2081 3673 2254 3727 νυκτί’
2299 3669 2392 3727 ἵνα
2453 3669 2899 3747 διαγινώσκοντες
2957 3674 3142 3747 σαφῶς
3198 3670 3250 3724 οἱ
3308 3668 3574 3742 πολέμιοι
3637 3670 3733 3724 τὸν

2080 3763 2382 3838 στρατηγὸν
2415 3761 2915 3833 ἐπακολουθοῦντα,
2947 3758 3280 3830 συσταλῶσι,
3331 3759 3422 3814 xui
3461 3757 3740 3832 μηδαμῶς

2079 3848 2326 3920 ἐξελάσαι
2383 3849 2731 3924 τολμήσωσι,
2786 3850 2875 3905 xui
2953 3851 3052 3918 τῆν
3115 3849 3351 3904 ἐπίθεσιν
3432 3851 3568 3904 κατά
3622 3854 3734 3904 τῶν

2081 3940 2304 4014 χωρίων
2361 3941 2722 4011 ποιήσωνται.
2810 3940 2907 3994 Καὶ
2964 3939 3161 3994 τούτου
3242 3939 3565 4013 γενομένου,
3633 3946 3741 4006 τῆς

2081 4028 2396 4102 μελλούσης
2428 4030 2671 4104 γενέσθαι
2702 4027 3012 4103 ἐπιδρομῆς
3071 4027 3122 4083 ἐν
3182 4032 3300 4084 τοῖς
3349 4027 3586 4103 χωρίοις
3645 4027 3741 4082 xui

2115 4119 2129 4140 ν
2389 4118 2400 4138 Ι
2509 4118 2556 4138 (Ι
2785 4117 2798 4138 ἳ
2879 4117 2890 4134 ‘
3077 4117 3092 4136 λ
3398 4118 3408 4136 Ι
3715 4117 3730 4134 1

2076 4118 2463 4194 αιχμαλωσιας
2497 4139 2711 4194 ρυσεται
2742 4139 2961 4192 αυτους,
3003 4139 3093 4172 και
3152 4116 3524 4192 ἐλευθερώσει.
3586 4118 3743 4173 Mat:

2076 4206 2298 4278 πολλῆς
2359 4206 2417 4264 δὲ
2473 4203 2751 4282 ἀκριϐείας
2808 4207 2897 4263 καὶ
2957 4205 3287 4282 διασκέψεως
3345 4206 3572 4261 ποιείτω
3629 4208 3733 4282 τήν

2077 4293 2295 4368 ἔνδειξιν
2325 4297 2417 4352 καὶ
2445 4299 2562 4352 κατ’
2612 4297 2790 4353 αὐτῶν
2847 4292 3191 4370 προσϐολὴν,
3247 4293 3318 4350 δι’
3375 4295 3578 4370 ὀλίγων
3643 4279 3738 4350 καὶ

2075 4385 2368 4454 ἐκλεκτῶν,
2401 4387 2476 4448 ὡς
2508 4381 2740 4463 ἔφημεν,
2774 4385 3008 4451 ἱππέων,
3066 4385 3156 4439 καὶ
3216 4384 3419 4448 εὐθέως
3468 4384 3740 4457 ὑποστρε-

2076 4475 2352 4549 φέσθωσαν
2404 4474 2694 4553 φεύγοντες
2748 4474 2886 4550 πρὸς
2965 4474 3056 4529 τὸν
3115 4473 3419 4548 στρατηγὸν
3503 4473 3593 4527 καὶ
3671 4473 3736 4527 τὸ

320 4582 437 4620 nox
461 4565 666 4619 illunis
690 4568 780 4618 est
799 4569 858 4619 et
876 4562 1148 4625 obscura,
1165 4562 1295 4616 sine
1317 4561 1440 4616 ullo
1465 4561 1842 4617 incommodo
1857 4580 1962 4618 suo

2088 4561 2373 4639 ὶχύρωμα,
2405 4564 2495 4618 καί
2533 4564 2610 4636 μῆ
2644 4562 2894 4637 ἀμέτρως
2933 4563 3022 4618 καὶ
3061 4561 3208 4638 παρά
3264 4562 3326 4617 τὸ
3387 4558 3507 4616 δέον
3561 4559 3736 4638 ἐφορ-

319 4670 448 4708 rem
479 4653 809 4724 perficient,
869 4668 1019 4722 eque
1047 4650 1277 4706 duabus
1326 4650 1502 4705 rebus
1533 4650 1781 4706 alteram
1809 4659 1966 4708 certe

319 4740 717 4794 obtinebunt:
750 4744 852 4795 aut
871 4740 1030 4794 enim
1083 4738 1445 4803 efﬁcient,ut
1473 4739 1674 4795 hostes
1723 4740 1966 4795 omnino

319 4828 652 4900 praedatum
677 4845 796 4883 non
828 4829 974 4884 217
1012 4834 1245 4893 exeant,
1279 4833 1402 4895 aut,
1445 4829 1491 4882 si
1517 4828 1574 4883 id
1631 4828 1870 4898 faciant,
1905 4835 1972 4884 ut

321 4920 480 4972 certe
503 4921 640 4972 ante
662 4916 870 4972 albens
899 4918 1137 4988 penitus
1157 4917 1369 4973 coelum
1389 4933 1509 4972 non
1534 4922 1732 4974 autem
1747 4918 1968 4992 egredi,

319 5011 581 5078 tuncque
613 5008 785 5078 pauci
815 5005 1400 5078 duntaxat.Plerique
1434 5007 1618 5074 enim,
1655 5007 1824 5063 ducis
1852 5008 1968 5063 im-

2079 4653 2337 4725 μάτωσαν
2392 4654 2530 4706 κατά
2578 4657 2686 4708 τῶν
2745 4651 2982 4728 ἐχθρῶν.
3042 4654 3189 4706 Λαοῦ
3244 4650 3349 4726 γὰρ
3402 4647 3540 4712 ἴσως
3589 4651 3740 4725 παρὰ

2075 4742 2176 4811 τήν
2213 4742 2391 4796 αὐτῶν
2421 4739 2649 4815 δύναμιν
2681 4742 2866 4804 αὐτοῖς
2921 4740 3420 4818 ἐπιφορτισθέντος,
3460 4737 3738 4812 πολεμίας

2077 4833 2269 4911 χειρὸς
2302 4839 2495 4898 θᾶττον
2523 4838 2842 4910 γενήσονται
2872 4833 3270 4909 παρανάλωμα·
3326 4833 3417 4889 καὶ
3469 4831 3731 4906 μάλιστα,

2079 4919 2126 4974 εί
2156 4919 2303 4996 τύχῃ
2335 4920 2672 4992 πανσέληνον
2706 4921 2841 4976 εἶναι
2891 4922 2990 4991 τήν
3045 4919 3229 4976 νύκτα.
3263 4918 3331 4977 Ei
3389 4917 3447 4974 δὲ
3485 4920 3730 4997 ἀφεγγής

2081 5008 2191 5065 ἐστι
2244 5009 2335 5065 καὶ
2391 5009 2668 5088 ζοφώδης,
2725 5005 2990 5073 ἀϐλαϐῶς
3045 5011 3146 5080 τὴν
3213 5009 3475 5080 τοιαύτην
3532 5009 3728 5085 πρᾶξιν

1569 5207 1628 5260 G.
1661 5205 1724 5261 Β.
1769 5206 1960 5264 HASII
1988 5209 2547 5269 ANNOTATIONES.

386 5395 436 5476 ξ’
473 5393 566 5476 τρν
604 5388 795 5476 ἀλίγον
824 5387 975 5476 λαύν.
1010 5391 1280 5476 Foytasge
1301 5387 1979 5476 induc‘endahvox‘pltxm

2088 5398 2578 5476 iaexsubjecta
2613 5357 2776 5457 linea
2833 5400 2897 5457 in
2953 5400 3110 5458 hanc
3149 5412 3457 5472 emergere
3516 5397 3732 5469 potuit.

317 5466 365 5502 ⁵³
400 5461 722 5538 ἐπιδωχθῇ]’
743 5465 1014 5520 Insectare
1041 5467 1108 5518 ut
1137 5462 1398 5519 activum
1422 5461 1717 5530 adhibuit,
1751 5461 1943 5520 Plauti
1973 5461 2681 5528 auctoritatem'secutus.

407 5637 522 5711 (20)
551 5637 632 5692 De
661 5628 1103 5709 παριππαράτοις
1131 5632 1252 5690 dixi
1276 5633 1406 5689 266.
1439 5633 1501 5690 C.
1546 5632 1757 5690 Vocem
1793 5632 1977 5712 ἐνταγι

2088 5637 2204 5695 άτοι
2231 5642 2475 5730 exponit
2498 5643 2836 5718 Ducangius
2865 5641 3052 5700 Gloss.
3087 5641 3160 5699 ll.
3194 5641 3352 5697 1523.
3383 5639 3448 5696 Β.

4013 6105 4042 6167 Α
4095 6071 4098 6167 Ι
