4078 6204
385 369 501 428 967

1717 361 2136 426 NICEPHORI
2180 369 2463 436 PHOC/E

3681 384 3812 446 968

382 502 548 558 ribus
579 500 865 561 fecerunt.
889 497 937 554 si
961 498 1060 569 qui
1095 495 1422 570 prmdatum
1446 495 1606 552 exire
1626 495 1852 562 volunt,
1877 495 1992 551 211

2098 529 2110 566 ι
2142 497 2220 563 εἷς
2252 507 2454 580 κοῦρσα
2484 505 2728 580 ἐξελάσαι
2765 509 3122 586 βουλόμενοι,
3179 512 3334 582 ἡνίκα
3363 515 3499 590 πρὸς
3531 512 3738 590 δυσμάς
3769 521 3804 575 6

385 592 509 648 sole
541 591 614 648 ad
653 605 926 645 occasum
984 591 1294 658 vergente;
1349 585 1779 658 impedimenta
1829 601 2034 640 eorum

381 681 739 751 calonesque
771 693 1000 743 omnes,
1043 693 1176 732 cum
1225 675 1494 748 peditatu
1523 681 1701 748 atque
1733 674 2035 746 equitibus

377 770 622 828 armatis
652 768 725 824 ad
757 767 1102 838 praesidium
1149 782 1355 821 eorum
1395 765 1642 832 relictis,
1693 764 2033 820 constitutis

376 858 775 916 tabernaculis
808 873 968 912 more
1019 872 1124 911 suo
1173 855 1507 912 consident.
1542 855 1652 921 Qui
1676 871 1810 909 vero
1841 854 2030 926 parati

375 956 514 1006 sunt
543 949 615 1005 ad
661 947 1057 1002 incursionem
1100 944 1458 1012 faciendam,
1508 944 1900 1016 popularique
1931 960 2027 998 re-

372 1042 578 1115 giones
601 1044 836 1094 nostras
858 1036 1399 1103 constituerunt,ne
1418 1034 1608 1106 pulvis
1631 1049 1837 1090 eorum
1863 1033 2027 1088 cerni

372 1131 581 1204 possit,
613 1129 772 1184 circa
802 1143 1000 1181 serum
1033 1124 1149 1180 diei
1182 1124 1511 1196 praedatum
1542 1123 2024 1195 proficiscuntur.

367 1224 534 1288 Tum,
567 1219 667 1290 qui
729 1215 1142 1288 speculaturus
1200 1219 1291 1268 est
1346 1219 1542 1269 castra
1587 1212 1870 1279 hostium,
1906 1212 2026 1266 sive

367 1309 708 1365 turmarcha
730 1307 824 1372 sit,
853 1305 971 1360 sive
995 1302 1146 1358 alius
1178 1302 1513 1374 prwfectus,
1537 1318 1673 1357 cum
1706 1317 1887 1356 manu
1918 1317 2025 1356 sua

362 1414 730 1472 progressus,
763 1395 1007 1468 propius
1038 1392 1320 1449 accedere
1353 1391 1531 1447 debet
1557 1390 1632 1446 ad
1663 1389 1886 1459 locum,
1920 1390 2021 1446 ubi

365 1488 784 1544 consederunt.
818 1482 1319 1550 Postea,tenebris
1334 1482 1463 1554 jam
1494 1481 1720 1544 offusis,
1753 1480 1826 1535 de
1857 1497 2021 1535 more

363 1578 618 1634 ulterius
638 1577 815 1632 etiam
829 1573 1090 1646 provecti
1109 1570 1874 1644 appropinquenttenwriis
1894 1569 2024 1625 illo-

359 1686 513 1735 rum,
544 1673 680 1740 post
700 1667 954 1738 primam
979 1663 1065 1718 vel
1113 1662 1444 1718 secundum
1467 1663 1675 1718 horam
1697 1661 1912 1717 noctis.
1948 1664 2023 1717 At

359 1759 406 1813 si
440 1757 671 1828 equites
702 1755 962 1811 hostium
1019 1769 1139 1808 non
1195 1751 1453 1824 amplius
1502 1756 1642 1806 sunt
1688 1751 1751 1806 in
1783 1751 2017 1822 castris,

2137 590 2300 662 ἥλιος
2327 597 2656 672 καταντήσῃ,
2682 599 2718 668 ἡ
2756 599 2850 672 μὲν
2901 599 3178 671 ἀποσκευή
3225 603 3406 658 αὐτῶν
3438 603 3529 658 καὶ
3560 604 3699 660 ἅπαν
3730 608 3798 662 τὸ

2138 683 2466 762 ὑπουργικὸν
2496 684 2588 741 σὺν
2637 693 2718 762 τῷ
2765 694 2914 762 πεζῷ
2953 691 3134 764 τούτῳ
3166 692 3526 767 στρατεύματι
3556 697 3646 750 καί
3677 703 3799 761 τοῖς

2135 773 2212 836 εἷς
2244 773 2496 852 φυλακὴν
2554 775 2730 833 αὐτῶν
2785 779 3362 855 καταλιμπανομένοις
3420 782 3793 859 πολεμισταῖς

2135 865 2355 922 ἱππεῦσι
2387 868 2482 932 τὰς
2513 870 2716 940 σκηνὰς
2746 872 3070 946 πηξάμενοι,
3121 875 3195 937 ὡς
3238 872 3360 938 ἔθος
3398 877 3582 939 αὐτοῖς
3611 879 3800 949 ἀπλη-

2132 955 2400 1016 κεύουσιν.
2444 960 2510 1016 Οἱ
2570 957 2629 1014 δὲ
2685 959 2763 1024 εἷς
2821 967 3055 1038 κοῦρσον
3117 962 3544 1040 έτοιμασθέντες,
3575 969 3664 1024 καὶ
3696 972 3797 1032 τὰς

2131 1045 2401 1119 ἡμετέρας
2433 1049 2622 1125 χώρας
2653 1048 3018 1127 καταδραμεῖν
3065 1054 3418 1128 βουλόμενοι,
3451 1059 3588 1133 πρὸς
3613 1061 3675 1114 τὸ
3712 1063 3787 1132 μή

2130 1140 2408 1215 κονιορτὸν
2442 1140 2618 1196 αὐτῶν
2638 1146 2889 1219 φανῆναι,
2913 1143 3054 1221 ἀμφὶ
3086 1142 3274 1216 δείλην
3308 1145 3466 1220 ὀψίαν
3499 1147 3636 1222 πρὸς
3658 1155 3789 1204 κοῦ-

2128 1248 2254 1302 ρσον
2291 1229 2526 1305 ὁρμῶσι.
2560 1233 2655 1303 Τῷ
2709 1229 2767 1287 δὶ
2823 1239 3155 1308 παραμεῖναι
3193 1235 3468 1312 ὀφείλοντι
3499 1239 3545 1274 ⁸⁸
3572 1243 3650 1310 τῷ
3677 1244 3790 1294 τῶν

2125 1318 2414 1392 πολεμίων
2441 1319 2730 1397 φωσσάτφ,
2756 1320 2863 1378 εἴτε
2882 1327 3244 1400 τουρμᾶρχης
3269 1324 3411 1380 ἐστὶν
3433 1325 3502 1396 εἴ,
3525 1329 3572 1391 θ’
3603 1325 3790 1402 ἕτερος

2125 1405 2334 1484 ἄρχων,
2371 1411 2506 1482 μετά
2532 1415 2630 1466 106
2660 1411 2796 1468 λαοῦ
2835 1412 3002 1470 αὐτοῦ
3059 1411 3366 1492 έρχὸμενου
3397 1418 3511 1492 χρή
3544 1416 3786 1490 πλησιςὶ⁹

2123 1503 2320 1571 σαιτῷ
2346 1499 2518 1574 τόπῳ,
2580 1499 2633 1556 έν
2687 1502 2733 1574 ᾧ
2792 1500 3132 1572 αὐλίζονται.
3181 1502 3429 1577 Ἐπειδὴ,
3460 1513 3562 1576 τῆς
3588 1509 3782 1571 νυκτὸς

2122 1584 2675 1662 καταλαμϐανούσης,
2735 1589 3021 1669 ὀφείλουσι
3077 1591 3204 1650 τὸτε
3275 1595 3414 1650 κατά
3465 1597 3528 1651 τὸ
3587 1596 3781 1661 εἰωθὸς

2123 1673 2460 1753 εῗσὲρχεσθαι
2519 1679 2565 1715 ⁵⁷
2622 1679 2714 1735 καὶ
2773 1679 3096 1752 πλησιάζειν
3152 1688 3272 1748 ταῖς
3319 1689 3545 1756 σκηναῖς
3575 1684 3774 1757 αὐτῶν,

2127 1767 2262 1838 μετά
2317 1767 2542 1842 πρώτην
2604 1768 2749 1844 ὥραν
2780 1767 2817 1840 ἤ
2848 1769 2939 1826 καὶ
2999 1768 3249 1848 δευτέραν
3297 1779 3399 1842 τῆς
3427 1773 3642 1836 νυκτός.
3672 1775 3778 1832 Καὶ

348 1848 594 1918 jamque
623 1845 897 1901 exierunt
926 1842 1275 1915 prmdatum,
1309 1841 1438 1896 ﬁeri
1469 1857 1610 1896 sane
1642 1856 1764 1896 non
1797 1845 1992 1911 potest

2123 1855 2209 1911 ἐὰν
2243 1841 2369 1933 οὐχ
2405 1841 2706 1933 εὑρῆσωσ-ιν
2760 1859 2814 1916 έν
2863 1865 2943 1934 τῷ
2991 1841 3260 1935 ἀπλήκτῳ
3307 1841 3436 1926 τοὺς
3473 1868 3581 1919 τῶν
3612 1863 3780 1920 πολε-

355 1941 421 1990 ut
449 1934 734 2006 praefecti,
769 1931 985 2003 quibus
1015 1930 1342 1986 observatio
1374 1929 1602 1986 credita
1628 1934 1738 1996 est,
1761 1929 1822 1984 id
1853 1935 2013 1985 recte

354 2022 1172 2096 perspiciant,veritatemque
1199 2019 1335 2076 duci
1367 2019 1858 2085 renuntient,nisi
1886 2019 2012 2087 illo,

353 2130 531 2186 quem
562 2111 808 2178 docebo,
841 2110 1039 2166 modo.
1086 2109 1330 2181 Oportet
1359 2109 1460 2181 qui
1491 2108 1754 2180 quotidie
1800 2108 1874 2164 ad
1907 2108 2008 2164 ob~

350 2203 747 2259 servationem
779 2201 1131 2266 mittuntur;
1163 2203 1229 2254 ut
1259 2215 1329 2254 ex
1368 2199 1460 2265 iis,
1492 2199 1592 2270 qui
1629 2197 1838 2254 diebus
1868 2215 2008 2270 pro-

348 2294 504 2348 xime
531 2291 938 2364 superioribus
995 2294 1192 2346 castra
1247 2287 1536 2360 speculati
1593 2288 1732 2356 sint,
1783 2304 2007 2360 perque

347 2381 662 2454 quadrigas
683 2376 1593 2448 constiterint,quemadmodum
1615 2377 1888 2448 superius
1908 2377 2006 2432 de-

347 2471 830 2535 monstravimus,
851 2469 1001 2524 duos
1023 2467 1416 2540 peritissimos
1442 2471 1619 2538 atque
1645 2466 2003 2523 fortissimos

346 2560 608 2626 illorum,
643 2559 742 2630 qui
777 2557 1149 2629 speculatum
1179 2556 1334 2611 mitti
1368 2555 1581 2620 solent,
1603 2571 1639 2611 a
1667 2555 1814 2611 duce
1846 2557 2001 2612 acci-

341 2648 514 2720 piant
538 2663 551 2702 :
585 2663 703 2718 quo
725 2651 998 2702 accurate
1025 2644 1098 2700 ab
1126 2645 1220 2700 his
1247 2644 1626 2710 edoceantur,
1660 2644 1803 2714 quid
1835 2645 2001 2715 quis-

341 2753 457 2808 que
483 2736 651 2808 prius
671 2735 858 2807 egerit
877 2740 1055 2806 atque
1076 2733 1310 2789 viderit.
1335 2735 1451 2788 Hos
1472 2733 1622 2789 duos
1643 2734 1704 2788 in
1731 2733 1996 2805 aliquam

339 2842 407 2881 ex
438 2829 695 2898 quatuor
724 2823 1029 2896 quadrigis
1062 2828 1335 2894 receptos
1385 2823 1726 2878 turmarcha
1754 2823 1828 2878 ad
1859 2841 1994 2895 spe.

335 2913 658 2970 culandum
688 2913 918 2970 ratione
949 2913 1106 2970 220
1135 2917 1274 2968 ante
1305 2911 1572 2985 exposita
1591 2912 1872 2981 dimittat,
1905 2919 1990 2983 ut,

332 3003 541 3061 castris
573 3003 1147 3076 appropinquantes,
1179 3019 1351 3058 voces
1398 3001 1660 3058 hostium
1681 3004 1991 3075 jumento-

329 3110 584 3166 rumque
617 3094 918 3149 hinnitum
967 3092 1326 3148 auscultent.
1358 3092 1443 3147 Ibi
1476 3091 1594 3148 duo
1624 3092 1712 3148 illi
1745 3093 1989 3162 milites,

329 3184 430 3256 qui
455 3184 582 3255 jam
613 3184 778 3256 prius
811 3183 1094 3239 hostesin
1121 3181 1254 3238 aliis
1275 3182 1482 3238 castris
1507 3181 1984 3251 observaverunt,

327 3273 624 3330 universis
653 3288 859 3328 eorum
890 3272 1078 3344 copiis
1117 3287 1240 3327 una
1271 3270 1673 3338 tendentibus,
1704 3277 1988 3345 poterunt

325 3380 462 3419 cum
495 3379 566 3418 ex
593 3361 836 3418 fremitu
880 3361 1249 3434 strepituque
1297 3361 1721 3430 multitudinis,
1754 3369 1881 3418 tum
1912 3379 1984 3420 ex

322 3453 562 3509 hinnitu
590 3467 904 3524 equorum,
931 3456 1056 3506 tum
1081 3451 1341 3522 denique
1363 3467 1434 3507 ex
1457 3452 1837 3524 spatio,quod
1859 3459 1982 3508 ten-

323 3543 492 3598 toriis
522 3546 836 3613 occupant,
890 3541 1300 3612 conjecturam
1360 3541 1534 3598 inire.
1589 3543 1788 3612 Neque
1821 3542 1981 3597 enim

320 3631 548 3686 tertiam
565 3635 792 3701 partem
809 3629 1225 3700 amplitudinis
1237 3630 1570 3699 reperietur
1580 3630 1798 3687 habere
1813 3630 1978 3688 locus

319 3734 437 3788 qua
458 3723 585 3772 erat
607 3717 1014 3788 superioribus
1037 3717 1270 3784 castris,
1295 3722 1437 3773 tunc
1465 3735 1600 3773 cum
1627 3735 1838 3776 omnes
1856 3737 1979 3776 una

319 3805 665 3861 tendebant.
697 3805 863 3861 Unde
889 3804 1390 3860 existimationem
1440 3806 1631 3862 facere
1676 3813 1852 3878 atque
1883 3811 1977 3865 in-

316 3894 606 3966 telligere,
643 3893 804 3962 licet,
837 3893 1045 3950 deesse
1103 3893 1304 3965 copias
1355 3893 1627 3951 hostibus
1676 3896 1778 3952 illo
1820 3897 1972 3967 loco,

316 3998 512 4054 neque
543 3999 678 4038 cum
735 3981 856 4037 illis
887 3982 951 4037 in
1009 3981 1218 4036 castris
1275 3981 1637 4040 consedisse.
1671 3984 1780 4050 Qui
1813 3985 1973 4040 enim

312 4078 508 4146 potest
539 4071 690 4140 ﬁeri,
723 4078 790 4129 ut
819 4073 879 4129 id
912 4088 1033 4128 non
1073 4071 1568 4142 animadvertant,
1600 4075 1840 4146 quando
1872 4076 1973 4131 ho-

311 4150 542 4218 minum
573 4162 708 4235 plus
729 4163 928 4218 minus
958 4178 1061 4217 sex
1082 4161 1294 4229 millia,
1320 4179 1608 4234 equorum
1639 4163 1714 4220 ad
1745 4163 1972 4222 duode—

303 4253 421 4309 cim
441 4269 476 4308 a
495 4253 707 4308 castris
729 4252 968 4320 absunt,
993 4268 1126 4323 qum
1150 4253 1254 4324 qui
1278 4268 1474 4324 nuper
1497 4254 1783 4325 speculati
1807 4261 1966 4326 sunt,

309 4360 431 4399 una
453 4343 764 4398 tendentia
783 4349 1222 4414 conspexerunt
1241 4348 1299 4398 et
1319 4346 1850 4415 computaverunt?
1866 4349 1966 4402 At-

309 4437 532 4502 tamen,
564 4438 650 4500 ut,
710 4431 944 4487 sublata
1000 4432 1165 4488 omni
1223 4431 1615 4502 dubitatione,
1658 4434 1964 4492 veritatem

309 4524 633 4594 perfectam
655 4523 765 4578 hac
795 4523 856 4577 in
885 4538 949 4578 re
981 4522 1384 4595 speculatores
1425 4524 1809 4594 perspiciant,
1842 4531 1964 4580 tur-

307 4589 550 4668 marcha
581 4611 952 4684 speculatum
984 4589 1204 4668 missus
1235 4589 1451 4684 praater
1498 4589 1624 4668 haec
1655 4613 1759 4669 illa
1787 4589 1964 4670 debet
1997 4589 2040 4654 Ῑ)

303 4701 636 4758 instituere.
669 4701 912 4773 Equites
967 4707 1098 4757 octo
1158 4718 1229 4758 ex
1286 4701 1686 4773 peritissimis,
1730 4703 1960 4760 viarum

300 4791 572 4862 apprime
603 4808 840 4865 gnaros,
881 4791 1180 4865 disponat,
1214 4797 1280 4847 ut
1327 4792 1445 4848 sive
1475 4809 1510 4848 a
1539 4793 1745 4850 dextra
1775 4795 1896 4851 sive
1925 4811 1960 4852 a

303 4878 547 4935 sinistra
579 4896 648 4936 ex
678 4879 1074 4950 subsidio,ubi
1107 4881 1447 4937 turmarcha
1475 4883 1760 4951 constitit,
1795 4889 1958 4941 trans

299 4973 497 5025 castra
541 4968 803 5024 hostium
860 4985 922 5024 se
979 4969 1308 5038 conferant,
1367 4969 1556 5027 donec
1610 4989 1646 5028 a
1684 4975 1957 5031 tentoriis

301 5060 660 5132 quingentos
684 5075 894 5132 passus
915 5059 1146 5115 absint:
1173 5061 1234 5116 in
1255 5061 1687 5134 progrediendo
1710 5063 1957 5138 diligen-

298 5155 392 5206 ter
421 5148 752 5218 attendant,
784 5148 906 5204 vias
935 5149 1303 5221 perquirant.
1337 5151 1504 5216 Quod
1553 5153 1602 5207 si
1641 5153 1766 5224 jam
1800 5171 1953 5226 pras-

297 5239 538 5297 tervecti
571 5243 713 5294 sunt
768 5238 1030 5293 hostium
1082 5239 1335 5311 equites,
1395 5239 1757 5314 fueruntque
1797 5245 1955 5302 circa

295 5331 931 5401 ducentos,cognoscet
959 5333 1160 5384 tamen
1182 5344 1387 5384 eorum
1415 5331 1730 5386 transitum
1754 5335 1949 5402 statio,

293 5420 520 5478 nedum
547 5421 595 5477 si
618 5419 976 5476 exstiterunt
995 5419 1142 5476 221
1172 5433 1361 5492 usque
1385 5418 1457 5475 ad
1480 5419 1794 5478 duodecim
1817 5424 1950 5480 mil-

2125 1944 2263 2018 μίων
2295 1947 2505 2015 ἱππεῖς,
2546 1945 2635 2002 διὰ
2688 1948 2748 2003 τὸ
2805 1945 2914 2019 ἤδη
2976 1948 3175 2012 αὐτοὺς
3208 1949 3286 2014 είς
3312 1954 3543 2023 κοῦρσον
3574 1972 3776 2024 πορευ-

2121 2036 2302 2104 θῆναι,
2363 2035 2462 2090 οὐκ
2517 2031 2630 2092 ἔστι
2691 2034 2914 2093 δυνατὸν
2964 2036 3154 2102 ἄλλως
3208 2039 3461 2111 τούτους,
3520 2040 3647 2105 τοὺς
3673 2042 3773 2108 τήν

2117 2126 2442 2199 παραμονὴν
2491 2129 2952 2200 πεπιστευμένους
3003 2127 3485 2203 ἄρχοντας,τοῦτο
3534 2125 3776 2206 ἀκριϐῶς

2116 2211 2429 2290 διαγνῶναι,
2473 2215 2562 2270 καὶ
2626 2219 2707 2288 τῷ
2760 2221 3054 2292 στρατηγῷ
3108 2217 3173 2272 τὸ
3224 2217 3428 2287 ἀληθὲς
3456 2219 3773 2293 καταμηνύ-

2114 2325 2222 2372 σαι,
2281 2305 2329 2360 εἱ
2389 2305 2466 2378 μὴ
2525 2304 2698 2368 οὕτως
2751 2305 2827 2368 ὠς
2884 2305 3044 2378 λέξω.
3107 2312 3204 2363 Δεῖ
3261 2308 3440 2363 τοίνυν
3483 2310 3615 2372 τοὺς
3653 2311 3773 2364 καθ’

2111 2391 2338 2463 ἑκάστην
2396 2394 2607 2468 ἡμέραν
2660 2393 2798 2470 πρὸς
2855 2398 3181 2470 παραμονὴν
3233 2395 3772 2470 ἀποστελλομένους,

2109 2479 2169 2537 ἐκ
2205 2485 2314 2537 τῶν
2369 2482 2823 2558 παραμεινάντων
2883 2484 2982 2549 τὰς
3020 2481 3241 2550 ὄπισθεν
3299 2486 3390 2541 καὶ
3449 2483 3773 2552 διελθούσας

2107 2570 2318 2644 ἡμέρας
2365 2571 2429 2628 τὸ
2487 2572 2791 2650 φωσσάτον,
2846 2572 2938 2628 καὶ
2999 2573 3077 2636 εἰς
3131 2572 3384 2650 τετράδια
3415 2575 3762 2650 ἱσταμένους,

2103 2661 2281 2724 καθὼς
2338 2662 2590 2737 ἀνωτέρω
2650 2663 2974 2736 εἷρήκαμεν,
3035 2661 3131 2719 δύο
3185 2663 3235 2738 ἐξ
3297 2664 3474 2720 αὑτῶν
3501 2665 3764 2742 ἐμπειρο-

2102 2751 2298 2812 τάτους
2328 2749 2418 2805 καὶ
2448 2747 2726 2827 ἀνδρείους
2780 2752 2890 2806 τῶν
2949 2751 3027 2815 εἷς
3078 2754 3180 2822 τήν
3237 2755 3563 2830 παραμονὴν
3589 2756 3764 2830 ἀπερ-

2101 2840 2358 2914 χομένων
2388 2841 2535 2917 παρὰ
2585 2844 2685 2896 106
2738 2845 3047 2918 στρατηγοῦ
3077 2837 3400 2916 λαμϐάνειν·
3427 2841 3521 2899 ἵνα
3571 2843 3758 2909 καλῶς

2098 2930 2226 3005 παρ’
2280 2929 2456 2985 αὐτῶν
2517 2927 3006 3002 ἀναδιδάσκωνται,
3067 2934 3156 2987 οἷα
3210 2932 3474 3010 πρότερον
3515 2937 3759 2990 κάκεῖνοι

2096 3017 2400 3094 ένήργησαν
2457 3017 2548 3074 καὶ
2603 3017 2904 3084 έθεάταντο.
2964 3019 3173 3084 Αὐτοὺς
3233 3020 3291 3077 δὶ
3345 3021 3476 3087 τοὺς
3499 3020 3595 3078 δύο
3624 3023 3755 3079 ἀνα-

2098 3106 2253 3181 μίξας
2305 3105 2383 3163 ένὶ
2439 3111 2548 3162 τῶν
2599 3111 2686 3179 [Ρ.
2717 3111 2838 3182 142]
2887 3111 3161 3185 τεσσάρων
3208 3109 3503 3186 τετραδίων
3532 3113 3561 3168 6
3588 3133 3754 3189 τουρ-

2015 3230 2058 3300 C
2100 3197 2324 3274 μάρχης
2370 3195 2750 3252 ἀποστειλάτω
2799 3198 2937 3254 κατά
2992 3200 3082 3254 τὸν
3139 3199 3527 3276 προεκτεθέντα
3581 3203 3752 3259 τύπον

2093 3295 2194 3358 τῆς
2281 3293 2626 3362 παραμονῆς,
2687 3287 2875 3364 ἐγγίσα
2950 3295 3032 3364 τῷ
3115 3293 3408 3368 φωσσάτῳ,
3483 3293 3622 3367 πρὸς
3686 3295 3749 3350 τὸ

2090 3377 2305 3434 ἀκούειν
2363 3378 2461 3440 τὰς
2521 3377 2705 3452 φῶνάς
2763 3377 2958 3451 αὐτῶν,
3012 3381 3102 3436 καὶ
3157 3380 3285 3444 τοὺς
3343 3383 3750 3458 χρεμετισμοὺς

2086 3471 2194 3521 τῶν
2220 3468 2432 3524 ἳππων.
2465 3468 2533 3526 Οἱ
2578 3467 2670 3522 οὖν
2714 3465 2810 3522 δύο
2860 3465 3053 3544 ἄνδρες
3085 3471 3137 3524 οἱ
3169 3469 3430 3545 πρότερον
3473 3473 3746 3547 παραμεί-

2086 3576 2270 3619 ναντες
2301 3555 2354 3612 έν
2388 3553 2586 3620 ἄλλοις
2642 3555 2947 3628 ἀπλήκτοις
3001 3562 3082 3631 τῷ
3137 3560 3426 3637 φωστάτῳ,
3476 3559 3567 3617 ὅτε
3593 3562 3683 3617 καὶ
3715 3563 3744 3617 6

2087 3646 2218 3701 λαὸν
2251 3647 2424 3700 αὐτῶν
2459 3644 2598 3708 ἃπας
2659 3652 2821 3716 συνῆν
2882 3647 2972 3702 καὶ
3033 3647 3436 3719 συνηπλήκευε,
3480 3647 3746 3722 δυνήσον-

2082 3755 2171 3790 ται
2228 3734 2596 3810 στοχάσασθαι
2656 3735 2762 3791 ἀπὸ
2817 3757 2875 3792 τε
2929 3743 3030 3806 τῆς
3083 3742 3181 3793 τοῦ
3228 3738 3365 3795 λαοῦ
3395 3740 3746 3818 ὀχλαγωγίας

2081 3823 2172 3879 καὶ
2200 3828 2472 3900 ταραχῆς,
2530 3825 2620 3880 καὶ
2675 3829 2772 3880 τοῦ
2827 3832 3214 3902 χρεμετισμοῦ
3257 3834 3366 3884 τῶν
3397 3829 3601 3900 ίππων,
3635 3830 3745 3886 ἀπό

2078 3933 2137 3968 τε
2181 3917 2279 3969 τοῦ
2336 3915 2550 3990 χώρου,
2610 3912 2661 3968 ἐν
2721 3915 2767 3986 ᾧ
2821 3915 2917 3977 τὰς
2969 3917 3174 3986 σκηνὰς
3207 3915 3600 3989 ἐπήξαντο.ού
3631 3922 3737 3996 γὰρ

2081 4003 2426 4078 εὑρεθήσεται
2487 4005 2515 4060 6
2573 4009 2761 4082 χῶρος
2808 4006 2872 4061 τὸ
2923 4005 3106 4083 τρίτον
3169 4009 3336 4083 μέρος
3390 4005 3561 4086 ἔχων,
3591 4010 3652 4065 ὅν
3683 4011 3736 4067 ἐν

2073 4101 2192 4159 τοῖς
2222 4092 2439 4152 ὄπισθεν
2501 4097 2804 4168 ἀπλήκτοις
2856 4105 3138 4176 κατεῖχον,
3192 4100 3282 4156 ὅτε
3324 4103 3554 4165 ἅπαντες
3586 4105 3732 4176 ὁμοῦ

2074 4184 2414 4256 ἠπλήκευον.
2463 4185 2564 4242 Καὶ
2622 4185 2682 4242 έκ
2710 4186 2906 4242 τούτου
2963 4185 3189 4244 δυνατόν
3219 4188 3334 4245 ἐστι
3364 4193 3731 4267 στοχάσασθαι

2071 4275 2162 4328 καί
2193 4280 2546 4344 κατανοῆσαι,
2578 4274 2653 4337 ώς
2687 4273 2956 4332 ἐπιλείπει
3016 4277 3046 4332 6
3105 4277 3240 4342 λαὸς
3291 4283 3400 4334 τῶν
3441 4279 3729 4354 πολεμίων

2071 4363 2123 4418 έν
2158 4361 2346 4436 ἐκείνῳ
2396 4367 2476 4436 τῷ
2532 4365 2730 4439 χώρῳ,
2785 4364 2874 4420 καὶ
2937 4367 3014 4439 μή
3065 4366 3198 4422 εἶναι
3231 4366 3326 4423 σὺν
3351 4368 3536 4432 αὐτοῖς
3567 4369 3620 4425 έν
3650 4376 3730 4442 τῷ

2072 4449 2362 4526 ἀπλήκτῳ.
2396 4451 2500 4510 Καὶ
2531 4457 2651 4516 πῶς
2709 4454 2814 4530 γὰρ
2873 4455 2939 4510 ού
2999 4453 3224 4513 δυνατὸν
3255 4461 3421 4514 τοῦτο
3451 4459 3726 4535 στοχάσαο

2073 4542 2217 4608 σθαι,
2249 4539 2450 4596 ὁπόταν
2500 4538 2553 4614 ἓξ
2601 4540 2858 4616 χιλιάδες
2915 4541 3126 4620 ἀνδρῶν
3185 4544 3375 4602 πλεῖον
3409 4548 3443 4617 ἢ
3476 4547 3727 4618 ἔλασσον,

2071 4630 2163 4685 καὶ
2213 4630 2400 4684 ἳππων
2459 4629 2590 4707 ἄχρι
2647 4635 2756 4687 τῶν
2825 4629 3038 4688 δώδεκα
3107 4633 3459 4692 ἐπιλείπωσιν
3521 4635 3581 4692 ἐκ
3628 4641 3725 4693 τοῦ

2073 4716 2384 4789 ἀπλήκτου,
2446 4719 2537 4783 οὕς
2586 4720 2789 4784 πάντας
2846 4723 2988 4796 ὁμοῦ
3047 4723 3177 4779 εἶναι
3226 4725 3278 4780 οἱ
3323 4727 3519 4802 πρώην
3549 4747 3722 4803 παρα-

2073 4807 2344 4882 μείναντες
2396 4807 2583 4884 δώρων
2639 4811 2730 4864 καὶ
2789 4814 3281 4888 κατεστοχάζοντος
3359 4815 3456 4869 Διά
3508 4815 3598 4870 οὗν
3655 4816 3719 4872 τὸ

2068 4891 2400 4975 ἀμφίϐὸλον,
2430 4897 2567 4972 πρὸς
2620 4899 2682 4953 τὸ
2738 4901 2829 4954 καὶ
2879 4899 3091 4956 τελείαν
3151 4897 3336 4958 λαϐεῖν
3385 4903 3514 4967 τοὺς
3544 4925 3718 4980 παρα-

2070 4985 2329 5059 μένοντας
2358 4987 2480 5061 περὶ
2512 4985 2710 5044 τούτου
2765 4995 2866 5060 τῆς
2920 4989 3178 5060 ἀληθείας
3226 4996 3562 5067 κατάληψιν,
3596 4991 3712 5050 δέον

2063 5075 2153 5130 καὶ
2218 5077 2379 5129 10610
2445 5073 2536 5130 16v
2642 5075 2719 5140 εἰς
2781 5077 2882 5146 τὴν
2948 5080 3271 5154 παραμονὴν
3339 5079 3716 5138 ἀποσταλέντα

2062 5165 2422 5241 τουρμάρχην
2493 5162 2902 5242 διαπράξασθαι.

2061 5257 2168 5309 τῶν
2198 5253 2606 5329 έμπειροτάτων
2660 5257 2749 5311 καὶ
2815 5257 2909 5320 τὰς
2969 5255 3131 5322 ὀδοὺς
3180 5260 3256 5324 εἷς
3287 5258 3448 5336 ἄκρον
3482 5261 3716 5336 ἐξησκη-

2987 5169 3244 5234 Ἰππότας
3303 5171 3468 5243 ὀκτὼ,
3518 5169 3714 5248 ἄνδρας

2065 5343 2256 5415 μένους
2311 5341 2739 5417 ἀπολεξάμενος,
2800 5343 3160 5422 διορίσασθαι,
3240 5347 3348 5405 εἴτε
3403 5349 3548 5422 δεξιᾷ
3605 5350 3712 5407 εἴτε

2059 5429 2317 5506 εὐώνυμα
2343 5430 2405 5487 ἐκ
2429 5436 2542 5488 τῶν
2574 5431 2821 5508 ὄπισθεν,
2871 5434 2923 5490 έν
2981 5437 3028 5510 ᾧ
3085 5439 3114 5494 6
3169 5438 3530 5517 τουρμάρχης
3558 5439 3713 5496 ἳστα-

1497 5591 1560 5648 C.
1599 5592 1662 5654 Β.
1705 5594 1894 5653 ΗΔ8Π
1947 5599 2510 5666 ANNOTATIONES.

359 5737 408 5774 ⁸⁸
439 5733 733 5814 ὀφείλοντι.
765 5736 858 5792 Sic
883 5733 1058 5792 codd.
1085 5750 1317 5809 omnes,
1349 5734 1564 5792 dativo.
1640 5738 1685 5776 ⁸⁷
1713 5739 1846 5814 Leg.
1873 5742 1992 5820 ἀπιε

2098 5747 2223 5820 τθαι,
2256 5751 2350 5808 vel
2388 5754 2810 5832 προσέρχεσθαιο
