4078 6204
325 353 452 416 969

1598 346 2026 412 VELITATIO
2066 343 2429 407 BELLIOA.

3620 352 3741 414 970

326 504 445 557 ται,
494 478 796 561 ἔμπροσθεν
852 482 1096 560 γενέσθαι
1148 487 1256 539 τῶν
1314 480 1625 558 πολεμίων,
1683 481 1969 555 ἀφισταμὲ-

2096 480 2175 536 lia
2206 495 2518 553 equorum,
2552 479 2686 552 plus
2718 480 2937 537 minus.
2971 482 3228 551 Etenim,
3251 483 3511 557 vestigiis
3542 489 3625 543 tot
3645 486 3750 559 ju-

330 596 460 639 νους
517 580 629 631 τῶν
692 579 902 647 σκηνῶν
960 572 1151 650 μιλίου
1204 575 1268 631 τὸ
1324 573 1520 649 ἥμισυο
1551 574 1643 631 καὶ
1685 570 1986 648 ἔμπροσθεν

332 666 663 740 γενομὲνους
716 661 956 741 ἀκριϐῶς
1013 664 1315 741 ἐρευνῆσαι,
1372 666 1463 721 καὶ
1518 665 1616 729 τὰς
1672 662 1831 725 ὀδοὺς
1865 664 1990 718 ἀνα-

331 757 685 830 ψηλαφῆσαι.
743 754 843 810 Καὶ
903 754 951 809 εἴ
1004 752 1107 830 ἄρα
1161 755 1214 809 οἱ
1285 759 1394 809 τῶν
1455 754 1742 828 πολεμίων
1800 754 1990 814 ἱππεῖς

334 841 591 915 διῆλθον,
619 843 709 899 καὶ
749 841 882 921 ἄχρι
931 849 1041 900 τῶν
1100 840 1394 899 διακοσίων
1451 844 1729 919 ὑπῆρχον,
1756 839 1987 915 διαγνώ-

330 932 611 1001 σουσιτήν
668 932 877 987 τούτων
936 926 1184 986 διάϐασιν
1240 931 1292 986 οἱ
1351 929 1769 999 ἀποσταλέντες,
1818 931 1987 1001 μήτοι

328 1023 395 1096 γέ
425 1021 558 1096 ἄχρι
597 1025 705 1076 τῶν
770 1018 981 1076 δώδεκα
1031 1018 1305 1096 χιλιάδων
1331 1018 1521 1090 ἵπποι,
1551 1018 1717 1074 πλέον
1748 1016 1784 1088 ἤ
1814 1016 1983 1073 ἔλασ-

326 1131 443 1168 σον.
502 1110 581 1166 Τὰ
632 1111 734 1185 γὰρ
789 1111 928 1186 ἳχνη
997 1113 1105 1165 τῶν
1163 1108 1437 1165 τοσούτων
1465 1110 1675 1180 ἳππων,
1708 1109 1783 1170 ὡς
1812 1127 1986 1181 προσ-

323 1202 507 1277 φάτως
548 1197 897 1271 διελθόντων,
954 1204 1137 1278 σαφῶς
1193 1202 1245 1255 οἱ
1302 1198 1693 1260 ἀποσταλέντες
1749 1195 1983 1271 διαγνώ-

324 1310 534 1361 σονται,
564 1289 654 1345 καὶ
684 1289 844 1366 τάχει
874 1288 1075 1362 πολλῷ
1122 1290 1261 1365 πρὸς
1309 1291 1402 1345 τὸν
1442 1289 1805 1363 τουρμάρχην
1842 1288 1984 1342 ὑπο-

324 1378 647 1455 στρέφοντες
722 1378 847 1455 περὶ
921 1378 1121 1435 τούτου
1178 1378 1688 1456 ἀπαγγειλιὴωσαν,
1746 1375 1836 1430 καὶ
1893 1373 1983 1430 διὰ

324 1467 486 1531 ποίας
519 1465 650 1524 ὁδοῦ
677 1469 775 1539 τὴν
829 1469 1007 1543 ὁρμὴν
1052 1468 1401 1541 ἐποιήσαντο.
1434 1469 1496 1526 Ὁ
1529 1465 1586 1523 δὲ
1614 1463 1981 1541 τουρμάρχης

324 1558 630 1634 παραυτίκα
659 1556 870 1634 σπουδῇ
901 1557 1090 1634 πολλῇ
1117 1563 1196 1631 τῷ
1226 1562 1514 1635 στρατηγῷ
1543 1554 1978 1630 καταμηνυσάτω

321 1647 447 1723 περὶ
506 1647 727 1719 τούτου,
785 1647 876 1704 καὶ
931 1645 1021 1703 διὰ
1076 1647 1234 1711 ποίας
1281 1646 1412 1703 ὁδοῦ
1443 1646 1835 1723 ἐπορεύθησαν.
1887 1649 1979 1699 Δεῖ

322 1734 413 1792 οὗν
472 1735 565 1792 τὸν
624 1738 926 1813 στρατηγὸν
979 1737 1117 1815 πρὸς
1166 1741 1336 1793 ταῦτα
1395 1735 1789 1813 βουλεύσασθαι
1843 1734 1977 1808 μετᾶ

320 1830 431 1880 τῶν
492 1821 759 1881 συνόντων
814 1827 961 1900 αὖτῷ
1012 1830 1351 1903 στρατηγῶν,
1403 1826 1493 1882 καὶ
1542 1824 1755 1882 λοιπῶν
1785 1824 1974 1898 ἐμπεί·
2005 1854 2054 1920 Β

321 1935 456 1991 ρων.
518 1914 617 1970 Καὶ
674 1914 719 1971 εί
784 1916 879 1989 μὶν
912 1918 1014 1991 ὁρᾷ
1057 1916 1121 1972 τὸ
1164 1917 1356 1971 ἑαυτοῦ
1411 1915 1717 1991 στράτευμα
1748 1912 1974 1988 δύναμιν

321 2002 453 2080 ἔχον
504 2009 605 2060 τοῦ
661 2005 1184 2081 ἀντιπαρατάξασθαι
1237 2010 1319 2079 τῷ
1371 2010 1480 2062 τῶν
1512 2004 1798 2079 πολεμίων
1831 2025 1978 2082 φωσ-

327 2096 494 2168 σάτῳ,
526 2095 661 2171 πρὸς
691 2097 791 2166 τήν
839 2097 955 2151 κατ’
1013 2095 1187 2151 αὐτῶν
1243 2094 1429 2171 μάχην
1458 2095 1973 2169 παρασκευασθήτω⁶

321 2182 375 2239 εἴ
403 2204 468 2259 γε
494 2182 733 2256 πλησίαν
765 2183 877 2239 ἐστὶ
914 2183 1005 2239 καὶ
1057 2186 1119 2239 τὸ
1176 2189 1283 2239 τῶν
1316 2189 1493 2254 πεζῶν
1526 2183 1690 2239 αὐτοῦ
1723 2182 1980 2257 στράτευ-

329 2295 425 2348 μα,
476 2270 772 2347 δυνάμενον
828 2277 898 2349 τῇ
956 2273 1093 2349 αὐτῇ
1149 2272 1331 2349 ἡμέρᾳ
1383 2277 1469 2349 [Ρ.
1531 2275 1655 2347 143]
1707 2273 1975 2341 ὲνωθῆναι

322 2361 491 2436 αὐτῷ.
522 2362 589 2421 El
621 2361 713 2418 οὗν
746 2362 887 2418 ἐστιν
917 2364 945 2419 ὀ
976 2366 1186 2440 χῶρος,
1229 2360 1281 2418 ἂν
1329 2364 1376 2435 ᾧ
1424 2363 1475 2417 οἱ
1519 2359 1782 2435 πολέμιοι
1813 2360 1974 2418 αὐλί-

324 2459 529 2524 ζονται,
588 2452 863 2529 ὀχύρωμα
921 2449 1065 2531 ἔχων
1135 2453 1212 2515 εἷς
1284 2452 1502 2508 ἐκείνων
1560 2449 1877 2530 ἀσφάλειαν,
1937 2454 1973 2524 ἢ

320 2543 495 2619 ῥύακα
551 2538 931 2615 δυσδιάϐατον,
990 2542 1053 2599 οὐ
1110 2544 1223 2619 χρὴ
1283 2542 1422 2617 πρὸς
1480 2543 1571 2597 τὸν
1626 2542 1743 2597 κατ’
1800 2541 1971 2597 αὐτῶν

316 2631 658 2709 ἐξαρτύεσθαι
715 2631 989 2707 πόλεμον.
1048 2632 1112 2691 Εἰ
1172 2631 1230 2688 δὲ
1284 2631 1564 2711 ἐφάμαλός
1613 2630 1721 2687 ἐστι
1772 2652 1973 2686 παντα-

314 2724 503 2799 χόθεν,
554 2720 793 2796 μάλιστα
843 2719 899 2777 δὲ
940 2722 1030 2778 καὶ
1072 2726 1180 2777 τῶν
1229 2725 1407 2791 πεζῶν
1457 2718 1768 2794 δυναμένων
1807 2741 1975 2775 κατα-

315 2807 504 2868 λαϐεῖν
536 2810 589 2867 ἐν
620 2809 804 2887 ἡμέρᾳ
848 2817 949 2881 τῆς
994 2815 1089 2865 τοῦ
1124 2810 1376 2884 πολέμου
1419 2806 1762 2885 προσϐολῆς,
1794 2831 1971 2885 παρα-

315 2904 663 2975 σκευασθήτω
692 2903 829 2976 πρὸς
859 2906 1044 2958 τοῦτο.
1096 2901 1160 2959 Ei
1221 2899 1279 2956 δὲ
1337 2903 1365 2957 6
1422 2905 1608 2978 χῶρος
1659 2900 1972 2976 ὀχυρότητα

313 2986 456 3067 ἔχει,
516 2991 591 3056 ὡς
644 2988 873 3069 ἔφημεν,
904 2991 995 3046 καὶ
1054 2990 1117 3045 τὸ
1174 2989 1393 3059 πεζικὸν
1435 2990 1744 3065 στράτευμα
1774 2987 1974 3043 ἐπιλεί-

312 3101 425 3151 πει,
479 3079 596 3136 δὲον
653 3082 895 3154 ὁρμῆσαι
924 3085 1083 3157 τάχει
1139 3077 1339 3153 πολλῷ
1388 3080 1524 3156 πρὸς
1552 3080 1615 3134 τὸ
1643 3078 1771 3142 τοὺς
1805 3098 1971 3155 κουρ-

313 3170 568 3233 σεῦοντας
624 3174 733 3225 τῶν
806 3169 1090 3243 πολεμίων
1167 3164 1519 3225 καταλαϐεἷνσ
1574 3169 1667 3224 καὶ
1726 3167 1969 3245 ἄρχοντα

316 3262 412 3335 μὶν
444 3262 725 3337 χρήσιμον
757 3258 1102 3331 ἀποστεῖλαι,
1132 3263 1229 3314 τοῦ
1260 3254 1612 3323 ἐπιλαϐέσθαι
1651 3263 1757 3313 τῶν
1793 3258 1963 3335 ἰχνῶν

307 3355 418 3407 τῶν
473 3351 611 3425 πρὸς
660 3351 760 3419 τὴν
820 3347 1095 3425 ἐκδρομὴν
1147 3353 1247 3404 τοῦ
1305 3348 1540 3423 κούρσου
1599 3348 1961 3424 ὁρμησάντων

308 3438 620 3514 πολεμίων.
653 3439 829 3504 Αὐτὸς
860 3437 918 3494 δὲ
950 3438 1085 3513 μετά
1108 3439 1308 3501 παντὸς
1336 3442 1434 3493 τοῦ
1465 3437 1606 3508 ληοῦ
1637 3437 1697 3493 ἐκ
1724 3436 1961 3513 πλαγίου

308 3533 622 3605 περιπατῶν
704 3528 989 3584 σπευσάτω
1073 3528 1321 3602 ὀξύτερον
1412 3526 1647 3602 βαδίζων
1717 3526 1958 3597 πλησίον

308 3618 578 3694 γενέσθαι,
609 3617 788 3681 καθὼς
834 3616 930 3679 τὰς
984 3614 1143 3679 ὀδοὺς
1176 3615 1477 3688 ἰπίσταται,
1510 3616 1561 3670 ἓν
1593 3617 1680 3678 αἷς
1711 3617 1767 3669 οἱ
1799 3614 1962 3671 πολὲ-

311 3727 430 3781 μιοι
487 3711 866 3783 περιπατοῦσι,
936 3706 1036 3761 Καὶ
1091 3705 1226 3779 μετᾶ
1292 3703 1587 3783 ἀσφαλείας
1645 3705 1958 3775 περιπατεί-

304 3819 407 3857 τω.
459 3797 649 3855 Ἡνίκα
706 3794 764 3853 δὶ
817 3797 881 3852 τὸ
940 3793 1257 3874 διάφαυσμα
1323 3801 1424 3865 τῆς
1473 3794 1685 3870 ἡμέρας
1743 3794 1955 3871 ἰγγίσῃ,

307 3886 684 3943 ἀποστειλάτω
746 3884 1074 3961 βιγλᾶτορας
1133 3884 1209 3948 εἰς
1259 3886 1603 3954 κατασκοπὴν
1650 3889 1756 3939 τῶν
1788 3884 1960 3941 πολε-

310 3977 475 4051 μίων’
507 3974 597 4032 καὶ
648 3975 723 4038 εἷς
767 3974 1016 4050 ὑψηλοὺς
1069 3976 1299 4052 βουνοὺς
1342 3976 1703 4051 ἂνερχόμενοι
1760 3975 1958 4052 ἀγωνι-

308 4067 586 4130 σάσθωσαν
621 4062 905 4129 θεάσασθαι
950 4063 1168 4127 αὐτούς.
1227 4065 1290 4122 Ὀ
1344 4060 1402 4119 δὲ
1459 4065 1779 4141 στρατηγὸς,
1811 4064 1957 4139 ἡμὲ-

308 4176 406 4232 ρας
434 4152 759 4230 γενομένης,
816 4155 909 4210 τὸν
965 4156 1155 4210 ἑαυτοῦ
1209 4151 1341 4209 λαὸν
1412 4154 1827 4231 ἀποκρυπτέτω,
1864 4154 1957 4211 ’ίνα

310 4246 413 4319 μὴ,
474 4246 567 4300 τὸν
633 4242 915 4320 κονιορτὸν
982 4243 1148 4299 αὐτοῦ
1187 4244 1241 4297 οἱ
1286 4242 1549 4316 ποΛὲμιοι
1617 4243 1955 4317 θεασάμενοι,

308 4333 523 4408 μᾶλλον
576 4330 859 4407 ἐνεδρευθῇ
915 4333 1043 4408 παρ’
1098 4332 1301 4389 αὐτῶν.
1360 4331 1856 4406 Καταμηνυόμενος
1900 4331 1957 4389 δὲ

305 4425 341 4494 ἢ
375 4424 523 4500 παρὰ
566 4426 674 4479 τῶν
724 4418 1245 4477 ἐπακολουθούντων
1292 4424 1372 4493 τῷ
1416 4420 1657 4497 κούρσῳ,
1714 4422 1751 4491 ἢ
1811 4424 1959 4496 παρά

303 4516 413 4569 τῶν
446 4512 524 4575 εἰς
580 4510 885 4580 ἐπισκοπὴν
939 4509 1031 4566 καὶ
1090 4508 1282 4587 βίγλαν
1338 4509 1776 4580 ἀποσταλέντων,
1826 4511 1877 4567 ἐν
1910 4514 1955 4586 ᾧ

2100 576 2440 625 mentorum
2465 586 2674 625 recens
2698 576 3257 643 prmtergressorum
3289 575 3600 647 perspicue
3632 578 3755 632 ani-

2100 659 2447 727 madversis,
2482 660 2885 731 speculatores
2937 661 3191 718 celerius
3243 664 3317 718 ad
3351 667 3751 723 turmarcham

2099 750 2317 806 reversi
2349 767 2484 805 cum
2544 750 2615 805 de
2675 751 2785 806 hac
2839 768 2900 805 re
2959 754 3327 822 renuntient,
3361 760 3484 810 tum
3518 775 3634 828 qua
3664 760 3755 814 via

2098 839 2511 895 excursionem
2535 838 2804 894 fecerint.
2831 841 2976 895 Item
3001 843 3343 897 turmarcha
3364 845 3640 918 evestigio
3664 863 3754 902 ce-

2097 929 2329 983 leritate
2358 927 2629 984 adhibita
2651 932 2711 983 et
2730 928 2804 983 de
2827 945 2894 983 eo
2916 928 3128 985 ducem
3153 931 3468 988 certiorem
3488 934 3755 1004 faciat,et

2095 1018 2167 1073 de
2195 1019 2287 1073 via
2318 1035 2436 1089 qua
2463 1018 2868 1074 discesserint.
2898 1020 3120 1076 Ducem
3170 1028 3400 1094 oportet
3432 1025 3541 1081 hac
3576 1044 3758 1100 super

2093 1125 2157 1163 re
2214 1125 2349 1163 cum
2408 1108 2724 1180 praefectis,
2784 1116 3078 1181 quotquot
3107 1110 3344 1182 adsunt,
3379 1115 3747 1188 reliquisque

2092 1198 2300 1269 peritis
2332 1198 2471 1252 viris
2499 1197 2851 1254 deliberare.
2886 1200 2943 1254 Si
2994 1217 3169 1256 suum
3228 1205 3551 1260 exercitum
3606 1208 3747 1263 satis

2092 1287 2322 1342 roboris
2353 1286 2571 1342 habere
2620 1287 2778 1342 videt
2830 1288 2903 1343 ad
2955 1290 3122 1361 signa
3165 1292 3228 1345 in
3259 1298 3452 1349 castra
3480 1295 3743 1353 hostium

2090 1374 2424 1440 inferenda,
2457 1374 2531 1429 ad
2560 1374 2833 1446 praelium
2860 1375 3141 1433 adversus
3171 1377 3305 1434 illos
3337 1397 3399 1435 se
3446 1382 3742 1440 instruat:

2091 1463 2139 1519 si
2173 1463 2414 1535 quidem
2444 1464 2689 1535 propius
2719 1463 2936 1520 absunt
2964 1465 3276 1536 pedeatres
3308 1468 3494 1539 ipsius
3534 1473 3741 1545 copias,

2090 1569 2271 1624 seque
2302 1569 2369 1608 eo
2405 1554 2531 1625 ipso
2564 1554 2659 1610 die
2690 1554 3053 1627 conjungere
3084 1573 3221 1612 cum
3262 1574 3331 1613 eo
3365 1566 3634 1630 possunt.
3670 1564 3745 1617 At

2088 1642 2138 1698 si
2169 1642 2353 1705 locus.
2389 1642 2489 1697 ubi
2522 1643 2923 1699 consederunt
2952 1645 3175 1711 hostes,
3207 1648 3602 1705 munitionem
3637 1651 3742 1707 ha-

2086 1733 2205 1800 bet,
2240 1750 2372 1805 quaa
2397 1734 2842 1807 propugnaculo
2873 1735 2993 1791 illis
3016 1737 3113 1805 sit,
3136 1738 3228 1792 vel
3261 1738 3448 1795 rivum
3480 1744 3739 1799 transitu

2085 1822 2392 1895 impedito,
2410 1840 2531 1879 non
2552 1829 2783 1895 oportet
2812 1831 3112 1882 certamen
3135 1844 3271 1882 cum
3294 1829 3369 1884 iis
3399 1829 3735 1891 instituere.

2082 1916 2322 1979 Contra,
2343 1915 2391 1969 si
2413 1914 2627 1986 planus
2659 1920 2747 1970 est
2771 1916 3056 1988 undique,
3082 1923 3140 1973 et
3159 1920 3413 1974 maxime
3445 1921 3494 1975 si
3518 1922 3613 1976 die
3635 1940 3735 1995 op-

2081 2004 2464 2075 pugnationis
2494 2003 2723 2076 pedites
2750 2008 2987 2077 assequi
3020 2024 3156 2062 eum
3177 2013 3448 2079 possunt,
3470 2017 3640 2081 paret
3667 2029 3729 2068 se

2081 2092 2157 2148 ad
2186 2093 2612 2150 dimicandum.
2646 2098 2720 2150 At
2777 2097 2825 2150 si
2883 2096 3047 2151 locus
3103 2099 3501 2155 munitionem
3532 2101 3730 2173 habet,

2081 2183 2586 2253 quemadmodum
2644 2184 2913 2253 diximus,
2973 2186 3280 2258 pedestres
3320 2194 3517 2244 autem
3548 2192 3732 2263 copiae

2080 2271 2317 2343 absunt,
2376 2279 2610 2345 oportet
2664 2275 2920 2332 celerius
2986 2293 3219 2333 movere
3251 2278 3323 2334 ad
3372 2280 3733 2350 praedatores

2080 2361 2340 2417 hostium
2370 2360 3281 2439 opprimendos,praafectumque
3313 2369 3565 2440 probum
3592 2373 3732 2427 mit-

2080 2457 2225 2519 tere,
2283 2453 2545 2507 hostium
2602 2454 2932 2525 praadatum
2990 2456 3393 2528 profectorum
3466 2461 3728 2533 vestigiis

2077 2541 2277 2597 instet.
2308 2541 2436 2613 Ipse
2481 2559 2617 2598 eum
2677 2544 2957 2600 omnibus
3016 2547 3202 2617 cOpiis
3241 2547 3481 2619 obliquo
3512 2549 3728 2606 itinere

2077 2632 2555 2702 appropinquare
2603 2633 2780 2688 citato
2838 2635 3023 2704 gradu
3075 2642 3369 2707 properet,
3401 2643 3579 2709 prout
3606 2639 3729 2694 vias

2076 2720 2341 2791 cognitas
2369 2720 2567 2789 habet,
2587 2721 2649 2776 in
2679 2722 2895 2792 quibus
2925 2724 3127 2779 hostes
3160 2724 3488 2781 ambulant.
3521 2727 3586 2782 Id
3618 2726 3731 2783 iter

2076 2827 2291 2883 magno
2314 2827 2448 2866 cum
2472 2813 2745 2868 cautione
2777 2814 2972 2869 faciat.
3000 2816 3146 2870 Dein
3168 2816 3519 2873 imminente
3538 2819 3731 2890 primo

2075 2899 2343 2955 diluculo
2376 2902 2777 2972 exploratores
2810 2902 3090 2970 dimittat,
3121 2906 3276 2961 222
3308 2906 3408 2977 qui
3442 2906 3511 2961 de
3545 2907 3734 2962 hosti-

2077 2990 2189 3045 bus
2220 2990 2563 3061 inquirant:
2597 2991 2680 3059 hi,
2705 2992 2957 3047 collibus
2980 2993 3155 3048 editis
3188 2996 3552 3062 conscensis,
3586 3014 3726 3068 ope-

2073 3096 2202 3135 ram
2232 3080 2395 3144 dent.
2428 3084 2493 3135 ut
2523 3082 2913 3152 contemplari
2944 3099 3044 3137 eos
3084 3083 3334 3154 possint.
3370 3084 3476 3139 Ubi
3508 3085 3725 3152 illuxit,

2073 3169 2192 3224 dux
2222 3170 2422 3241 copias
2454 3186 2591 3225 suas
2622 3170 2901 3236 occultet,
2949 3187 3045 3239 ne,
3080 3172 3330 3227 excitato
3361 3189 3565 3227 earum
3593 3175 3729 3246 pul-

2069 3274 2229 3326 vere,
2248 3257 2376 3329 ipse
2396 3258 2594 3329 potius
2618 3259 2678 3313 in
2710 3259 3181 3315 adversariorum
3203 3259 3452 3315 insidias
3478 3261 3723 3317 incidat.

2075 3346 2294 3401 Deinde
2308 3348 2524 3402 certior
2534 3346 2724 3401 factus
2741 3346 2831 3401 vel
2850 3347 2920 3402 ab
2935 3348 3027 3402 his
3041 3348 3142 3419 qui
3158 3347 3518 3419 prmdatores
3540 3350 3728 3405 secuti

2071 3440 2230 3502 sunt,
2254 3435 2343 3490 vel
2364 3435 2436 3490 ab
2463 3435 2583 3490 illis
2602 3452 2751 3506 quos
2784 3436 3305 3509 circumspiciendi
3337 3438 3721 3509 explorandi-

2072 3541 2185 3595 que
2217 3540 2396 3580 causa
2416 3524 2770 3593 dimisit,ubi
2793 3530 2927 3598 agat
2947 3525 3095 3581 illud
3124 3526 3385 3582 hostium
3417 3528 3727 3599 vexillum,

2070 3615 2132 3670 in
2162 3632 2278 3686 quo
2310 3614 2623 3687 prafectus
2650 3632 2856 3671 eorum
2886 3617 2982 3686 sit,
3017 3617 3220 3689 paucis
3250 3619 3572 3690 assumptis
3603 3620 3723 3676 dux

2068 3704 2131 3759 in
2166 3706 2460 3762 excelsam
2492 3706 2821 3762 ascendens
2852 3706 3155 3779 speculam
3185 3712 3434 3764 conetur
3464 3711 3719 3782 propriis

2068 3798 2258 3854 oculis
2288 3797 2477 3853 aciem
2508 3798 2768 3854 hostium
2799 3798 3197 3855 considerare.
3231 3801 3355 3865 Qua
3385 3806 3717 3873 perspecta,

2065 3888 2168 3943 ubi
2191 3887 2508 3943 multitudo
2533 3904 2737 3944 eorum
2769 3905 2830 3944 se
2851 3888 3155 3944 diffuderit
3176 3890 3529 3961 praedatum,
3554 3892 3712 3947 aesti-

2066 3983 2190 4033 met
2218 3993 2350 4032 eum
2379 3978 2452 4032 iis
2484 3976 2584 4048 qui
2616 3993 2737 4032 una
2765 3981 2923 4043 sunt,
2958 3982 3084 4032 tum
3127 3978 3327 4048 c0pias
3356 3978 3417 4032 in
3448 3979 3573 4033 acie
3604 3980 3715 4035 ho-

2066 4066 2187 4122 stili
2220 4071 2466 4136 stantes,
2498 4072 2623 4121 tum
2672 4081 2793 4120 suae
2850 4081 3064 4121 manus
3095 4066 3459 4123 firmitatem.
3489 4067 3545 4121 Si
3573 4084 3716 4122 suus

2066 4157 2360 4212 exercitus
2391 4155 2649 4226 amplior
2678 4160 2769 4209 est
2814 4155 3038 4222 hostili,
3072 4155 3282 4210 incitet
3310 4171 3373 4210 se
3404 4155 3465 4210 in
3498 4171 3619 4222 eos,
3652 4160 3719 4210 ut

2058 4245 2187 4317 jam
2219 4245 2513 4315 superius,
2572 4243 3034 4315 descripsimus:
3080 4260 3147 4299 ac
3180 4245 3250 4312 si,
3282 4245 3399 4298 Deo
3431 4242 3717 4298 auxilium

2066 4333 2389 4405 praebente,
2412 4333 2600 4388 aciem
2623 4348 2828 4387 eorum
2851 4337 3117 4387 sternere
3137 4336 3334 4404 potest
3362 4336 3422 4386 et
3445 4331 3717 4398 fundere,

2064 4438 2345 4493 magnum
2370 4438 2511 4477 sane
2526 4421 2758 4476 facinus
2778 4422 3200 4493 memoriaeque
3218 4420 3463 4493 dignum
3481 4421 3716 4475 efficiet.

2066 4514 2167 4568 Sin
2198 4512 2468 4584 ingentes
2499 4511 2683 4584 capias
2745 4511 2853 4567 sub
2912 4511 3097 4582 signis
3141 4510 3404 4565 hostium
3437 4509 3724 4564 constite-

304 4600 461 4674 τόπῳ
506 4602 543 4671 ἡ
600 4598 895 4676 παράταξίς
962 4597 1073 4654 ἐστι
1137 4602 1246 4653 τῶν
1314 4598 1598 4673 πολεμίων
1632 4602 1667 4669 ἡ
1698 4600 1789 4655 τὸν
1822 4600 1953 4676 ἀρχ-

2077 4607 2225 4670 runt,
2258 4620 2500 4674 operam
2533 4602 2672 4657 dare
2723 4601 2900 4657 debet
2940 4600 3058 4655 dux
3090 4605 3156 4654 ut
3184 4598 3435 4655 ulterius
3466 4601 3721 4666 moveat,

306 4691 444 4767 ηγὸν
472 4689 649 4746 αὐτῶν
674 4685 902 4766 ἔχουσα,
948 4688 1172 4764 ὀλίγους
1217 4688 1366 4750 τινὰς
1402 4689 1520 4762 μεθ’
1547 4689 1738 4744 ἑαυτοῦ
1768 4685 1955 4746 λαϐὼν

305 4780 335 4834 ὁ
367 4779 672 4855 στρατηγὸς
726 4777 817 4832 καὶ
874 4776 950 4839 εἰς
1009 4776 1228 4849 ὑψηλὴν
1291 4777 1521 4831 σκοπιὰν
1559 4777 1954 4854 ἀνερχόμενος,

306 4865 590 4923 σπευσάτω
667 4864 891 4928 οἰκείοις
971 4862 1282 4940 ὀφθαλμοῖς
1345 4866 1446 4934 τὴν
1503 4869 1611 4920 τῶν
1668 4866 1953 4941 πολεμίων

306 4955 600 5030 παράταξιν
660 4956 967 5020 θεάσασθαι.
1026 4954 1239 5025 Ταύτην
1296 4952 1353 5009 δὲ
1411 4954 1762 5029 θεασάμενος,
1842 4956 1956 5012 ἐπεὶ

305 5045 397 5101 καὶ
442 5044 505 5100 τὸ
561 5042 773 5114 πλῆθος
826 5047 925 5099 τοῦ
980 5046 1117 5099 Λαοῦ
1164 5042 1340 5098 αὐτῶν
1392 5041 1776 5117 διεσκορπίσθη
1820 5046 1957 5119 πρὸς

307 5133 482 5207 λείαν,
513 5132 860 5211 ποχαζέσθω
924 5132 1059 5207 μετᾶ
1120 5135 1229 5187 τῶν
1294 5130 1386 5187 σὺν
1438 5134 1589 5205 αὖτῷ
1641 5134 1705 5189 τὸ
1743 5132 1959 5202 πλῆθος

301 5230 404 5293 τῆς
468 5222 813 5299 παρατάξεως
876 5226 985 5278 τῶν
1052 5218 1362 5295 πολεμίων,
1412 5223 1502 5278 καὶ
1545 5223 1645 5291 τήν
1692 5227 1790 5277 τοῦ
1818 5220 1958 5279 ἰδίου

304 5312 444 5370 λαοῦ
472 5311 657 5389 ἰσχύν.
691 5313 797 5373 Καὶ
842 5310 934 5370 ἰὰν
982 5308 1175 5369 πλεῖόν
1219 5309 1330 5368 ἔστι
1361 5312 1406 5349 ⁸⁸
1452 5310 1517 5367 τὸ
1565 5311 1757 5367 δαυτοῦ
1797 5312 1957 5388 στρᾴ-

2064 4692 2138 4747 ad
2168 4692 2324 4747 vicos
2357 4709 2504 4764 quos
2536 4690 2857 4746 adversarii
2886 4689 3249 4752 invaserunt,
3281 4688 3364 4742 ita
3393 4692 3455 4742 ut
3489 4704 3523 4742 a
3553 4691 3715 4757 tergo

2066 4797 2270 4836 eorum
2302 4781 2565 4836 exsistat.
2605 4781 2760 4844 Quos
2819 4778 2866 4832 si
2925 4778 3225 4848 dispersos
3257 4793 3554 4848 cursuque
3580 4792 3715 4831 cum

2064 4869 2224 4941 ipsos
2244 4875 2369 4924 tum
2381 4869 2657 4940 jumenta
2672 4867 2861 4922 fessos
2878 4866 3462 4939 deprehendit,nullo
3481 4866 3717 4938 negotio

2067 4974 2166 5013 eos
2201 4974 2303 5029 per
2355 4963 2543 5029 totum
2594 4957 2765 5012 illum
2813 4956 2973 5011 diem
3022 4955 3273 5023 occidet,
3305 4972 3527 5028 perque
3558 4955 3717 5011 vicos

2065 5046 2403 5119 indagabit:
2465 5047 2628 5118 ipsos
2684 5062 2934 5101 numero
2995 5062 3297 5101 servorum
3354 5044 3617 5115 habebit,
3656 5046 3720 5100 in

2068 5152 2286 5206 eosque
2341 5152 2447 5191 suo
2505 5135 2795 5191 arbitratu
2853 5139 3092 5191 statuet.
3143 5135 3297 5191 228
3335 5134 3630 5204 Rusticos,
3662 5137 3723 5188 et

2068 5224 2358 5297 quidquid
2390 5242 2459 5281 ex
2486 5242 2694 5281 eorum
2724 5225 2898 5281 bonis
2927 5240 3135 5297 rapere
3158 5224 3287 5297 jam
3311 5228 3657 5295 potuerunt,
3688 5238 3725 5277 a

2068 5315 2345 5371 servitute
2375 5315 2717 5373 vindicabit.
2751 5316 2808 5373 Si
2839 5319 3041 5373 autem
3091 5313 3156 5371 in
3205 5314 3431 5373 fulcum
3487 5312 3722 5383 incidit,

1503 5468 1564 5524 C.
1608 5468 1669 5525 Β.
1711 5468 1901 5526 HASII
1951 5470 2514 5530 ANNOTATIONES.

378 5618 427 5656 ⁸⁸
454 5617 588 5678 ἐστι.
622 5620 717 5677 Sic
747 5617 921 5677 codd.

630 5788 895 5854 Ριτιοι..
939 5788 1052 5853 Gs.
1096 5787 1337 5854 CXVII.

3391 5789 3469 5852 31
