4078 6204
399 333 513 395 9³71

1709 317 2141 382 NIGEPHORI
2183 313 2467 378 PHOGE

3700 309 3821 371 972

405 465 567 538 quod
596 475 981 520 excursorum
1026 456 1383 515 tuendorum
1432 469 1612 511 causa
1651 452 2050 524 subsequitur,

2168 467 2344 522 τευμα
2397 447 2506 501 τῶν
2555 441 2868 518 πολεμίων,
2953 440 3255 518 ὁρμησάτω
3305 443 3430 538 κατ’
3487 443 3690 516 αὐτῶν,
3745 445 3824 508 ὡς

404 529 480 611 ad
509 554 658 610 illud
688 550 1076 609 adoriendum
1107 563 1169 603 se
1196 551 1386 618 paret,
1414 543 1916 617 quemadmodum
1948 558 2050 598 su-

2160 533 2270 606 ἢδη
2318 533 2574 607 ἀνωτέρω
2631 529 3065 618 διετυπώσαμεν·
3124 531 3216 586 καὶ
3274 529 3324 586 εἲ
3377 533 3638 608 παράσχῃ
3669 531 3822 606 αὐτῷ

402 645 606 718 perius
636 641 1039 714 exposuimus,
1075 642 1151 705 et,
1185 637 1303 692 Deo
1348 633 1812 700 obsecundante,
1846 631 2050 704 praalio

399 734 555 788 facto
587 729 908 803 superabit.
931 730 1006 783 At
1035 727 1084 782 si
1115 725 1367 796 illis,qui
1390 741 1458 778 eo
1483 728 1656 778 nocte
1679 721 2047 794 speculatum

399 823 600 878 hostes
628 819 793 875 missi
821 823 981 888 sunt,
1013 815 1263 872 adversa
1293 812 1566 886 quasdam
1598 811 1964 880 acciderunt,
1987 814 2054 865 ut

396 927 519 965 non
549 908 853 982 potuerint
871 907 978 962 hos
1001 909 1373 978 praevertere,
1399 903 1715 973 locumque
1737 915 2050 972 occupare,

396 999 556 1055 unde
603 1003 660 1054 et
706 997 903 1052 videre
961 1001 1155 1051 castra
1209 999 1269 1048 et
1323 992 1530 1048 audire
1578 1008 1750 1047 voces
1779 990 2050 1046 adversa-

397 1089 624 1144 riorum
647 1087 946 1143 licuisset:
973 1085 1225 1155 ideoque
1242 1081 1605 1154 praedatores
1622 1079 1867 1152 profecti
1889 1083 2048 1146 sunt,

396 1174 551 1230 sicut
573 1170 851 1236 diximus,
880 1167 1228 1239 priusquam
1251 1164 1322 1218 de
1344 1162 1467 1217 illis
1488 1167 1710 1217 certam
1732 1175 2050 1232 veramque

394 1263 700 1319 notionem
724 1274 933 1329 capere
957 1259 1307 1329 potuerunt:
1333 1252 1490 1308 unde
1512 1252 1820 1330 accidit,ut
1845 1249 2049 1321 explo-

393 1352 508 1407 rati
541 1365 720 1421 super
749 1349 857 1403 hac
887 1363 949 1400 re
981 1342 1280 1407 nuntii,ad
1310 1342 1520 1397 ducem
1552 1338 1861 1408 afferendi,
1881 1355 2051 1394 man-

397 1439 742 1508 datumque,
776 1434 936 1506 quod
961 1430 1286 1488 transmitti
1312 1430 1386 1486 ad
1438 1446 1572 1484 eum
1605 1428 1800 1498 debet,
1825 1427 2048 1484 diutius

396 1533 740 1585 morentur:
776 1527 824 1580 si
858 1524 1031 1580 modo
1063 1524 1220 1578 circa
1247 1521 1454 1576 horam
1484 1536 1706 1576 nonam
1738 1520 1930 1574 noctis
1959 1518 2049 1572 vel

397 1618 577 1672 etiam
605 1615 795 1671 serius
827 1613 946 1668 dux
976 1613 1049 1668 de
1080 1611 1391 1682 eruptione
1421 1609 1640 1664 certior
1665 1609 1752 1678 fit,
1774 1607 2048 1678 videtque

399 1705 703 1778 angustias
735 1702 1038 1774 temporis,
1065 1706 1122 1755 et
1151 1699 1512 1771 praedatores
1539 1697 1822 1768 hostium,
1851 1696 1922 1752 de
1955 1696 2050 1751 die

396 1795 716 1867 profectos,
748 1793 960 1847 itinere
980 1796 1161 1847 noctu
1184 1806 1304 1844 non
1326 1788 1667 1843 intermisso
1690 1787 1898 1859 procul
1919 1802 2047 1842 esse

399 1883 638 1951 debere,
665 1883 915 1953 ﬁerique
938 1897 1058 1935 non
1080 1883 1346 1952 posse,ut
1364 1877 1664 1949 dispersos
1685 1876 1822 1932 illos
1843 1875 2052 1948 depre-

389 1969 1385 2043 hendatzexpeditoppugnationem
1396 1967 2050 2022 castroruminstruere.

395 2065 479 2116 Ac
493 2061 540 2115 si
558 2061 620 2115 in
637 2058 895 2127 loco,ubi
915 2058 1677 2129 considerunt,permanere
1691 2061 1879 2112 totum
1893 2055 2051 2111 diem

396 2149 626 2217 volunt,
659 2152 963 2219 comparet
984 2163 1046 2202 se
1073 2147 1147 2202 ad
1169 2145 1633 2217 conﬂigendum,
1663 2144 2053 2217 quemadmo-

399 2239 541 2295 dum
589 2237 860 2310 superius
911 2236 982 2292 de
1035 2236 1474 2308 oppugnatione
1513 2240 1844 2290 castrorum
1875 2235 2052 2290 insti-

399 2327 622 2384 tuenda
650 2326 1052 2398 exposuimus.
1085 2325 1341 2380 Tametsi
1389 2341 1511 2380 non
1545 2323 1949 2396 persedebunt
1981 2340 2050 2380 eo

401 2417 557 2485 loco,
592 2416 751 2488 quod
782 2417 938 2472 224
967 2414 1377 2486 properabunt
1397 2431 1531 2470 cum
1561 2413 1939 2485 equestribus
1960 2431 2052 2470 co-

396 2507 513 2580 piis
543 2506 872 2578 prasdatum
921 2505 1174 2578 egressis
1219 2503 1473 2558 celerius
1521 2504 1824 2576 conjungi.
1875 2505 1963 2559 Ita
2000 2504 2048 2559 si

394 2596 534 2652 illos
563 2596 678 2650 iter
706 2595 992 2652 facientes
1043 2593 1437 2665 deprehendit
1487 2593 1626 2662 dux,
1669 2593 1946 2648 alacriter
1974 2594 2050 2649 ad

395 2702 641 2741 manum
666 2683 1096 2740 conserendam
1121 2699 1182 2738 se
1209 2683 1465 2749 invehat,
1489 2683 1644 2738 sicut
1672 2683 1732 2737 in
1764 2684 1956 2755 capite
1978 2683 2050 2738 de

394 2775 611 2830 itinere
645 2774 958 2840 exercitus,
1009 2772 1247 2844 quando
1296 2788 1331 2827 a
1377 2767 1811 2844 praedatoribus
1845 2772 2051 2844 sejun-

392 2867 556 2920 ctum
584 2869 692 2930 est,
727 2861 1223 2935 praeseripsimus.
1255 2862 1393 2926 Quaa
1426 2861 1475 2916 si
1501 2861 1704 2916 omnia
1733 2861 2050 2933 diligenter

2160 625 2290 685 Θεὸς
2352 623 2636 697 βοήθειαν,
2691 621 2781 676 καὶ
2853 617 3064 695 δυνηθῇ
3119 621 3219 689 τήν
3278 621 3574 696 παράταξιν
3632 621 3818 677 αὐτῶν

2157 710 2526 788 τραυματίσαι
2580 712 2672 766 καὶ
2735 708 3089 784 καταδιῶξαι,
3141 711 3278 788 μέγα
3336 710 3493 788 ἔργον
3538 712 3626 768 καὶ
3672 714 3824 786 μνη-

2163 823 2274 875 μης
2305 799 2452 873 ἄξιον
2484 799 2809 859 ἐπιτελὲσει.
2851 800 2916 858 Εἰ
2967 798 3026 856 δὲ
3081 799 3297 871 πλῆθός
3326 801 3562 857 ἐστιτοῦ
3595 801 3732 858 λαοῦ
3762 801 3822 857 ἐν

2155 893 2225 964 τῇ
2281 893 2390 944 τῶν
2445 888 2662 966 ἐχθρῶν
2718 891 3036 964 παρατάξει,
3088 885 3208 945 δέον
3239 887 3361 963 Ιἐστὶ
3396 886 3694 945 σπουδάσαι
3723 890 3820 946 τὸν

2157 979 2462 1054 στρατηγὸν
2521 977 2827 1054 ἔμπροσθεν
2888 979 3158 1054 γενέσθαι,
3217 977 3268 1034 ἐν
3342 981 3425 1041 οῖς
3475 978 3710 1054 χωρίοις
3763 981 3829 1036 οἱ

2155 1065 2419 1141 πολέμιοι
2475 1069 2573 1131 τὰς
2632 1065 2905 1144 ἐκδρομὰς
2963 1066 3314 1140 ἐποιήσαντο,
3361 1068 3421 1124 ἐκ
3452 1072 3561 1123 τῶν
3592 1066 3820 1134 ὄπισθεν

2158 1158 2334 1208 αυτῶν
2392 1155 2707 1230 γενόμενον.
2768 1154 2873 1212 Καὶ
2927 1153 3136 1210 τούτων
3197 1153 3657 1231 διεσκεδασμένων
3691 1157 3824 1213 ἐπι-

2155 1243 2464 1318 τυγχάνων,
2517 1244 2608 1299 καὶ
2662 1247 2733 1318 τῇ
2791 1242 2984 1317 ἐλασίᾳ
3050 1243 3429 1319 ἐκλελυμένων
3491 1246 3581 1302 καὶ
3639 1247 3823 1303 αὐτῶν

2155 1330 2245 1386 καὶ
2274 1337 2382 1387 τῶν
2427 1330 2613 1388 ἵππων
2669 1334 2872 1405 αὐτῶν,
2929 1332 3172 1411 εὐχερῶς
3228 1334 3458 1398 τούτους
3511 1337 3825 1412 καταγωνί-

2157 1441 2304 1476 σεται
2353 1419 2425 1477 δι’
2481 1421 2618 1492 ὅλης
2675 1425 2774 1492 τῆς
2823 1424 3058 1499 ἡμέρας,
3117 1422 3489 1504 ἀναψηλαφῶν
3532 1426 3732 1488 αὐτοὺς
3762 1425 3822 1482 ἐν

2154 1515 2274 1573 τοῖς
2335 1511 2572 1587 χωρίοις
2629 1513 2714 1586 [Ρ.
2751 1514 2897 1586 144]⁶
2956 1511 3238 1576 κάκείνους
3299 1515 3394 1589 μὶν
3439 1513 3589 1590 λόγῳ
3618 1515 3826 1592 ἀνδρα-

2155 1599 2341 1655 πόδων
2374 1603 2722 1673 καταστήσει,
2773 1601 2864 1657 καὶ
2923 1601 3000 1665 ὡς
3058 1601 3314 1679 βούλεται
3340 1609 3462 1668 τοῖς
3492 1607 3612 1661 κατ’
3640 1605 3826 1661 αὐτῶν

2157 1691 2447 1765 χρήσεται.
2478 1690 2621 1754 Τοὺς
2681 1688 2739 1746 δὶς
2795 1690 3074 1768 γεωργοὺς
3129 1690 3487 1769 ἐλευθερώσει
3514 1701 3617 1765 τῆς
3640 1693 3827 1770 αἰχμ-

2159 1780 2425 1852 αλωσίας,
2457 1782 2548 1837 καὶ
2609 1781 2660 1837 εἷ’
2709 1802 2764 1837 τι
2823 1781 2884 1838 ἂν
2942 1779 3141 1858 ἔτυχον
3165 1787 3274 1840 τῶν
3307 1783 3483 1840 αὐτῶν
3517 1781 3725 1843 λαϐεῖν.
3762 1786 3827 1842 Εἰ

2161 1867 2219 1925 δὲ
2247 1890 2308 1946 γε
2354 1871 2445 1925 καὶ
2496 1870 2722 1949 φούλκῳ
2770 1873 3070 1946 συναντήσῃ
3129 1877 3210 1946 τῷ
3264 1871 3343 1938 εἷς
3400 1873 3646 1952 φυλακὴν
3685 1873 3829 1931 ἐπα-

2157 1957 2518 2024 κολουθοῦντι
2616 1965 2726 2017 τῶν
2828 1959 3242 2034 ἐξελαυνόντων,
3316 1966 3823 2038 παρασκευασθήτω

2159 2049 2297 2125 πρὸς
2347 2049 2439 2104 τὸν
2489 2049 2624 2105 κατά
2672 2054 2768 2105 106
2799 2049 3048 2125 φούλκου
3077 2051 3345 2126 πόλεμον,
3377 2055 3557 2118 καθὼς
3604 2052 3824 2130 ἔμπρο-

2161 2141 2278 2195 σθεν
2312 2139 2596 2213 ξεθέμεθα
2623 2143 2689 2210 ⁸⁸,
2738 2141 2829 2196 καὶ
2878 2141 3012 2197 Θεοῦ
3061 2144 3310 2218 συνεργίᾳ
3359 2149 3460 2214 τῆς
3487 2145 3602 2199 κατ’
3633 2145 3822 2201 αὐτῶν

2162 2228 2351 2304 μάχης
2381 2231 2660 2306 κρατήσει.
2711 2229 2775 2284 El
2835 2225 2894 2285 δὲ
2947 2235 3066 2294 τοῖς
3124 2229 3176 2287 ἐν
3225 2235 3296 2306 τῇ
3349 2233 3489 2308 αὐτῇ
3529 2234 3678 2289 νυκτὶ
3710 2255 3824 2290 πα·-

2161 2324 2413 2395 ραμεῖναι
2464 2319 2707 2375 σταλεῖσι
2753 2325 2876 2383 τοῖς
2927 2318 3222 2395 πολεμίοις
3267 2319 3477 2378 ἐναντία
3505 2323 3826 2396 ἀπηνήκασι

2159 2409 2547 2482 συναντέματα,
2606 2406 2696 2464 διά
2747 2409 2812 2465 τὸ
2871 2411 3042 2483 μήπω
3098 2407 3538 2487 προκαταλαϐεῖν
3598 2413 3824 2486 αὐτοὺς,

2159 2497 2249 2552 καὶ
2307 2497 2386 2562 εἰς
2437 2497 2565 2560 τοὺς
2622 2499 2824 2561 τόπους
2879 2499 3150 2575 γενέσθαι.
3209 2499 3261 2556 ἐν
3325 2503 3408 2564 οῖς
3438 2501 3501 2558 τὸ
3531 2505 3824 2581 φωσσάτον

2163 2586 2384 2662 βλέπειν
2414 2585 2704 2658 ἠδύναντο,
2734 2587 2824 2642 καὶ
2871 2589 2966 2652 τὰς
3015 2590 3196 2667 φωνὰς
3241 2589 3420 2646 αὐτῶν
3453 2589 3819 2662 ἐνωτίζεσθαν

2156 2677 2243 2741 καὶ
2276 2677 2340 2731 τὸ
2397 2681 2626 2752 κοῦρσον
2687 2677 2862 2732 αὐτῶν
2922 2677 3282 2754 προεξῆλθεν,
3313 2680 3390 2745 ὡς
3417 2679 3651 2757 ἔφημεν,
3681 2683 3816 2758 πρὶν

2153 2775 2252 2834 την
2281 2766 2404 2840 περὶ
2457 2765 2656 2822 τούτου
2714 2761 2914 2840 ἀκριϐῆ
2974 2763 3160 2822 λαϐεῖν
3192 2767 3388 2832 αὐτοὺς
3416 2776 3519 2839 τῆς
3549 2769 3818 2842 ἀληθείας

2152 2853 2481 2930 κατάληψινο
2579 2855 2669 2910 καὶ
2767 2855 2828 2910 ἑκ
2899 2859 2996 2911 τοῦ
3069 2857 3324 2914 τοιούτου
3398 2861 3815 2934 συναντήματος

390 2951 512 3012 dux
542 2952 730 3024 egerit
770 2950 945 3006 modo
997 2955 1134 3006 ante
1193 2949 1372 3016 dicto,
1404 2949 1691 3006 auxilium
1721 2950 1946 3006 habens
1978 2967 2048 3006 ex

2159 2944 2415 3022 βραδῦναι
2473 2946 2565 3002 καὶ
2621 2945 2876 3022 χρονίσαι
2934 2941 3132 3019 συνὲϐη
3189 2949 3290 3018 τὴν
3347 2949 3485 3025 πρὸς
3520 2950 3614 3006 τὸν
3644 2972 3816 3028 στρα-

388 3042 508 3097 Deo
538 3046 859 3112 sanctaque
891 3045 950 3096 et
979 3039 1361 3095 immaculata
1397 3041 1577 3095 Matre
1609 3040 1738 3112 ejus
1769 3041 2038 3112 Deipara,

2157 3037 2317 3111 τηγὸν
2349 3033 2832 3108 ἀποστελλομένην
2887 3031 3108 3111 βεϐαίαν
3139 3037 3474 3115 ἀπαγγελίαν
3507 3044 3603 3096 106
3630 3044 3812 3118 πρᾶγ-

383 3148 668 3206 magnum
697 3148 766 3188 ac
797 3129 1182 3186 memorabile
1213 3130 1444 3186 facinus
1475 3129 1717 3186 efficiet.

2157 3147 2348 3204 ματος,
2390 3126 2481 3180 καὶ
2535 3125 2598 3181 τὸ
2659 3125 2797 3201 πρὸς
2846 3127 2938 3180 τὸν
2999 3127 3300 3204 στρατηγὸν
3327 3127 3814 3204 ἀποστελλόμενον

391 3217 681 3294 μανδᾶτον·
744 3217 790 3275 εί
854 3218 950 3291 μὲν
1009 3219 1144 3294 πρὸς
1206 3217 1350 3294 ὥραν
1407 3218 1628 3288 ἐννάτην
1683 3224 1786 3287 τῆς
1845 3221 2038 3284 νυκτὸς
2093 3222 2186 3277 καὶ
2241 3217 2490 3273 ἐπέκεινα
2547 3219 2905 3290 καταμηνυθῇ
2964 3217 2992 3270 ὁ
3047 3219 3354 3294 στρατηγὸς
3406 3217 3532 3293 περὶ
3587 3221 3813 3290 τούτου,

386 3309 477 3364 καὶ
534 3309 636 3383 ὁρᾷ
689 3309 752 3363 τὸ
812 3309 995 3363 στενὸν
1065 3311 1162 3362 τοῦ
1219 3311 1437 3384 καιροῦ,
1497 3306 1613 3362 ἐπεὶ
1671 3308 1761 3362 καὶ
1815 3308 1880 3364 τὸ
1933 3315 2163 3382 κοῦρσον
2215 3312 2323 3363 τῶν
2383 3304 2671 3378 πολεμίων
2732 3301 2808 3360 ἔτι
2860 3312 2961 3375 τῆς
3013 3307 3225 3381 ἡμέρας
3280 3306 3678 3380 ἐπικρατούσης
3709 3313 3813 3381 τῆν

389 3397 606 3466 κίνησιν
637 3395 958 3467 ἐποιήσατο,
989 3397 1083 3451 καὶ
1117 3392 1186 3450 δι’
1215 3395 1355 3466 ὅλης
1392 3401 1494 3465 τῆς
1528 3395 1718 3458 νυκτὸς
1769 3395 1960 3473 πόρῥω
2017 3418 2124 3452 που
2183 3395 2429 3472 γενέσθαι
2485 3390 2708 3466 ἔμελλε,
2765 3392 2858 3448 καὶ
2917 3393 2978 3449 οὐ
3037 3391 3286 3466 δυνατὸν,
3343 3397 3570 3460 τούτους
3601 3395 3814 3455 διεσκε-

391 3482 692 3559 δασμένους
719 3481 1068 3540 καταλαϐεῖν·
1103 3487 1215 3560 χρὴ
1247 3484 1408 3540 αὐτὸν
1456 3484 1532 3546 εἷς
1591 3485 1684 3540 τὸν
1741 3484 1878 3539 κατά
1929 3490 2026 3540 τοῦ
2081 3486 2368 3562 φωσσάτου
2427 3481 2842 3558 εὐτρεπισθῆναι
2870 3481 3246 3554 πόλεμον.Λαί
3277 3483 3325 3540 εἷ
3357 3486 3451 3558 μὶν
3487 3484 3814 3562 δινημερεῦ-

390 3595 478 3629 σαι
515 3572 866 3650 βουληθῶσιν
901 3574 953 3629 ἐν
988 3574 1376 3647 ᾧαύΛίζονται
1433 3573 1607 3646 τόπῳ,
1666 3581 2177 3649 παρασκευασθῆναι
2229 3574 2389 3629 αὐτὸν
2449 3572 2526 3633 είς
2581 3571 2680 3640 τὴν
2732 3572 2851 3626 κατ’
2899 3570 3296 3648 αύτῶνμάχην,
3343 3574 3524 3638 καθὼς
3554 3577 3813 3653 ἀνωτέρω

389 3665 481 3717 τὸν
537 3664 675 3717 κατά
726 3667 825 3717 106
884 3664 1173 3738 φωσσάτου
1228 3663 1476 3734 πόλεμον
1531 3663 1773 3736 γενέσθαι
1833 3663 2139 3736 ἐξεθέμεθα.
2195 3661 2354 3721 Ἀλλ’
2413 3661 2512 3717 οὐκ
2561 3660 2624 3716 ἂν
2679 3658 3134 3734 διημερεύσουσιν
3194 3663 3246 3717 ἐν
3305 3664 3456 3737 αὐτῷ
3503 3670 3582 3737 τῷ
3614 3667 3810 3742 χώρῳ,

393 3747 482 3804 διὰ
536 3751 598 3804 τὸ
655 3750 1058 3826 κατεπείγεσθαι
1115 3755 1236 3812 ταῖς
1295 3751 1545 3812 ἱππικαῖς
1606 3751 1780 3806 αὐτῶν
1841 3749 2100 3824 δυνάμεσι
2152 3758 2274 3814 ταῖς
2333 3752 2410 3814 εἰς
2470 3749 2620 3806 λείαν
2679 3748 3082 3826 ἐκδράμούσαις
3137 3752 3332 3828 τάχιον
3384 3752 3672 3825 ἐνωθῆναι.
3705 3758 3810 3813 Καὶ

391 3835 829 3912 ὁδοιπορούντων
865 3837 1042 3893 αὐτῶν
1077 3837 1456 3914 ἐπιτυγχάνων
1490 3841 1518 3894 ὁ
1551 3839 1874 3916 στρατηγὸς,
1906 3841 2205 3915 προθύμως
2236 3841 2312 3904 εἰς
2356 3841 2449 3896 τὸν
2500 3841 2617 3896 κατ’
2664 3839 2839 3895 αὐτῶν
2872 3841 3174 3916 ὁρμησάτω
3204 3841 3477 3916 πόλεμον,
3505 3845 3682 3907 καθὼς
3716 3847 3808 3900 καὶ

401 3927 526 4003 περὶ
558 3931 656 3982 106
684 3926 735 3981 ἐν
793 3931 862 4002 τῇ
923 3925 1212 3998 ὁδοιπορίᾳ
1269 3924 1561 4002 φωσσᾶτου
1619 3926 2126 4004 διακεχωρισμένου
2183 3935 2280 3986 106
2335 3931 2572 4006 κούρσου
2632 3931 2680 3966 ⁶⁰
2735 3931 3168 4006 προειρήκαμεν.
3203 3933 3310 3990 Καὶ
3339 3934 3514 3988 πάντα
3543 3932 3794 4008 ἐπιμελῶ

403 4019 692 4078 ποιοῦντος
721 4014 818 4070 106
846 4019 1152 4092 στρατηγοῦ
1181 4016 1317 4071 κατά
1340 4017 1441 4084 τὴν
1472 4017 1739 4092 προτέραν
1771 4015 2032 4092 διάταξιν,
2061 4021 2164 4090 τὴν
2191 4024 2288 4075 τοῦ
2319 4025 2454 4076 Θεοῦ
2475 4018 2622 4096 ἔχων
2654 4020 2909 4094 βοήθειαν
2941 4019 3033 4076 καὶ
3063 4027 3166 4092 τῆς
3195 4021 3355 4098 ἁγίας
3383 4023 3474 4079 καὶ
3507 4027 3824 4099 παναχράν-

394 4125 492 4160 του
523 4106 748 4182 Μητρὸς
776 4104 944 4161 αύτοῦ
973 4105 1065 4160 καὶ
1093 4106 1383 4174 Θεοτόκου,
1417 4105 1663 4181 μεγάλην
1689 4106 1779 4162 καὶ
1811 4107 2097 4180 ἀξιόλογον
2131 4107 2380 4166 δουλείαν
2408 4107 2730 4165 ἐπιτελὲσει.

861 4224 992 4280 CAP.
1027 4225 1143 4282 XV.
1195 4229 1276 4281 De
1305 4227 1582 4283 cautione.
1777 4203 1796 4208 _

2541 4227 2710 4284 ΚΕΦ.
2756 4226 2856 4283 ΙΕ’.
2917 4226 3048 4302 Περὶ
3097 4225 3416 4306 ἀσφαλείας.

460 4335 831 4406 Quapropter
860 4339 940 4402 te,
971 4351 1004 4388 o
1033 4333 1173 4402 dux,
1215 4339 1451 4406 oportet
1496 4334 1864 4404 vigilantiam
1895 4352 2044 4390 cau-

2226 4336 2318 4386 Δεῖ
2374 4329 2464 4386 οὖν
2522 4351 2600 4401 σε,
2657 4329 2702 4386 ὦ
2760 4331 3047 4408 στρατηγὶ,
3100 4337 3274 4388 πᾶααν
3362 4333 3658 4413 ἀσφάλειαν
3720 4338 3814 4391 καῖ

388 4423 737 4494 tionemque
767 4439 1008 4478 omnem
1039 4422 1344 4492 adhibere,
1382 4440 1458 4478 ne
1500 4419 1754 4480 subitam
1784 4424 1903 4479 vim
1936 4442 2041 4496 pa-

2157 4418 2401 4497 φυλακὴν
2435 4419 2605 4497 ἔχειν,
2653 4424 2750 4476 106
2787 4421 2864 4495 μή
2921 4418 3308 4494 αίφνιδιασμὸν
3357 4423 3681 4496 ὑποστῆναι,
3713 4425 3808 4480 καὶ

384 4512 556 4580 tiare,
588 4528 732 4567 neve
756 4512 826 4567 de
855 4512 1172 4584 improviso
1195 4513 1258 4567 in
1281 4518 1338 4567 te
1363 4512 1563 4568 hostes
1584 4513 2042 4586 impressionem

2157 4507 2434 4580 ἀδοκήτως
2460 4510 2589 4576 τοὺς
2615 4509 2922 4584 πολεμίους
2954 4511 3093 4566 κατά
3122 4513 3217 4567 006
3263 4513 3364 4582 τὴν
3405 4511 3599 4591 ἔφοδον
3631 4513 3806 4591 ἐργά-

381 4599 624 4656 faciant.
659 4603 872 4656 Tutum
902 4606 1100 4655 autem
1131 4606 1471 4672 tectumque
1519 4606 1575 4656 te
1624 4602 1954 4674 prmstabis,
1990 4603 2037 4658 si

2157 4611 2360 4664 σασθαι,
2391 4601 2564 4672 Ἐξεις
2595 4597 2653 4655 δὲ
2705 4601 2804 4671 τήν
2859 4599 3109 4678 φυλακὴν
3167 4601 3257 4656 καὶ
3311 4601 3632 4678 ἀσφάλειαν,
3662 4601 3720 4659 εἴ
3742 4626 3813 4680 γε

339 4695 344 4698 ’
384 4689 636 4762 singulis
668 4689 879 4744 diebus
911 4690 1230 4745 mittuntur
1272 4707 1306 4746 a
1356 4697 1410 4746 te
1443 4691 1542 4762 qui
1578 4691 1900 4746 exercitum
1930 4692 2036 4747 ho-

2157 4690 2266 4753 mo”
2321 4688 2549 4761 ἑκάστην
2610 4690 2822 4766 ἡμέραν
2877 4687 3313 4746 ἀποστέλλονται
3393 4692 3539 4768 παρά
3594 4698 3691 4748 006
3751 4695 3804 4750 οἱ

381 4778 562 4832 stium
595 4778 998 4850 speculentur,
1052 4795 1118 4834 eo
1168 4779 1296 4836 loco
1344 4780 1443 4835 ubi
1493 4779 1846 4836 consederit.
1894 4781 2037 4837 Dili-

2157 4778 2460 4854 Ξφείλοντες
2491 4778 2826 4854 παραμένειν
2882 4783 2962 4851 τῷ
3017 4783 3128 4834 τῶν
3183 4778 3468 4854 πολεμίων
3509 4783 3802 4858 φωσσάτῳ,

377 4866 639 4937 gentiam
652 4867 813 4922 enim
827 4867 1114 4924 adhibent
1128 4885 1487 4942 omnemque
1502 4871 1782 4925 rationem
1801 4870 2030 4939 ineunt,

2157 4866 2196 4922 ἒν
2255 4867 2300 4942 ᾧ
2357 4868 2510 4941 τόπῳ
2566 4868 2902 4938 αὐλίζονται.
2965 4868 3218 4926 Ἐκείνων
3271 4871 3373 4946 γάρ
3423 4867 3512 4925 διὰ
3557 4869 3804 4943 σπουδῆς

378 4957 884 5026 quemadmodum
910 4976 1017 5015 nec
1037 4960 1277 5031 opinato
1291 4960 1396 5015 tibi
1412 4961 2033 5034 superveniant,teque

2157 4955 2442 5029 τιθεμένων
2490 4957 2578 5011 καὶ
2627 4962 2798 5011 πᾶσαν
2849 4958 2936 5032 [Ρ.
2971 4958 3096 5032 145]
3150 4959 3412 5033 μηχατῆν
3451 4953 3806 5016 καταϐαλλο-

377 5045 819 5116 opprimant,ad
833 5047 1232 5105 calamitatem
1257 5055 1316 5104 et
1337 5049 1803 5106 internecionem
1827 5051 2031 5123 populi

2157 5049 2343 5115 αένων,
2377 5043 2662 5117 ἀδοκήτως
2722 5068 2809 5102 σοι
2870 5046 3138 5121 ἐντυχεῖν,
3174 5052 3272 5103 106
3328 5048 3802 5124 καταγωνίσασθαί

375 5134 1105 5209 christiani,ignominiam
1119 5138 1592 5211 bellipotentium
1606 5142 2030 5212 Romanorum,

2157 5156 2220 5205 τε,
2253 5136 2331 5198 εἶς
2392 5130 2608 5211 βλάϐην
2668 5137 2763 5210 μὶν
2823 5137 2915 5191 καὶ
2974 5135 3251 5192 ἀπώλειαν
3283 5141 3380 5192 106
3408 5138 3800 5214 χριστωνύμου

375 5221 692 5279 elationem
726 5230 926 5280 autem
974 5231 1153 5297 atque
1197 5227 1588 5298 jactationem
1620 5229 2029 5301 arrogantium

2157 5228 2298 5296 ίισιοῖὶ,
2345 5225 2435 5280 καὶ
2489 5222 2702 5298 ἀδοξίαν
2757 5229 2866 5281 τῶν
2919 5227 3322 5302 κραταιοτάτων
3369 5227 3686 5302 Ῥωμαιων·
3722 5229 3800 5292 εἷς

374 5311 637 5370 ﬁliorum
694 5315 868 5387 Agar,
927 5313 1328 5370 inﬂciatorum
1387 5315 1606 5370 Christi
1669 5316 1768 5371 Dei
1799 5317 2025 5372 nostri:

2157 5312 2361 5389 ἔπαρσιν
2420 5311 2478 5369 δὶ
2529 5314 2620 5370 καὶ
2677 5315 2954 5392 γαυρίαμα
3006 5319 3114 5373 τῶν
3168 5315 3451 5388 ἀλαζόνων
3498 5323 3599 5388 τῆς
3628 5322 3799 5399 Ἅγαρ

1578 5469 1640 5524 C.
1687 5468 1752 5526 B.
1793 5469 1985 5525 HASII
2029 5469 2591 5529 ANNOTA’I’IONES.

443 5633 488 5669 ‘9
515 5629 792 5705 ἐξθέμεθα.
831 5631 955 5689 Vid.
991 5646 1190 5704 supra.
1223 5633 1340 5688 131.
1378 5630 1451 5688 D.
1526 5630 1576 5667 °°
1603 5629 1861 5705 κούρσου.
1895 5631 2022 5690 Vid.

2157 5649 2262 5705 ira.
2303 5633 2426 5689 132.
2460 5633 2527 5694 Β.
