4078 6204
281 410 410 470 973

1561 407 1665 468 VE
1675 406 1988 468 LITATIO
2030 407 2253 468 BELLI
2263 409 2382 469 LA.
3589 422 3709 483 9'74

281 545 420 600 οἰῶν
479 544 573 599 καὶ
628 541 877 616 ἀρνητῶν
938 542 1177 618 Χριστοῦ
1252 546 1387 598 Θεοῦ
1460 544 1645 615 ἡμῶν·
1705 536 1937 615 συμϐαί-

2048 544 2271 600 etenim
2303 562 2415 602 usu
2458 549 2635 616 venit,
2687 554 2753 604 ut
2800 550 3043 621 quidam
3093 552 3165 607 de
3222 553 3444 610 nostris
3494 558 3709 629 captivi

282 654 362 688 νει
421 632 527 709 γὰρ
586 631 1008 705 κατασχεθῆναι,
1069 632 1199 706 παρ’
1250 630 1437 694 αὐτοῖς
1497 629 1776 705 δεσμώτας
1834 636 1941 685 τῶν

281 726 598 798 ἡμετέρων,
629 722 665 792 ἢ
694 723 782 776 καὶ
844 720 1197 794 αὐτομόλους
1250 722 1492 798 γενέσθαι
1550 723 1640 777 καὶ
1690 724 1814 797 παρ’
1848 721 1944 777 αὖ·

2050 633 2216 701 ﬁant,
2249 641 2351 691 aut
2380 638 2795 710 transfugiant,
2829 641 2986 696 unde
3044 642 3391 712 doceantur,
3426 663 3543 716 quo
3574 646 3706 704 loco

2051 722 2279 777 tendas.
2330 725 2516 796 Igitur
2556 743 2631 781 ne
2682 734 2861 783 noctu
2909 737 3214 802 assumpto
3246 735 3518 804 equitatu
3551 738 3700 796 225

282 819 396 870 τῶν
429 817 640 887 μαθεῖν,
672 810 726 866 ὲν
754 810 901 884 ποίῳ
941 812 1096 884 τόπῳ
1143 810 1370 885 αὐλίζῃ.
1403 813 1497 869 Ἵν’
1529 812 1618 866 οὖν
1645 812 1722 884 μὴ
1753 812 1937 875 νυκτὸς

2048 818 2323 867 moveant
2350 814 2424 869 ad
2453 820 2507 869 te
2539 816 3146 891 invadendum,teque
3172 821 3493 893 improviso
3514 827 3709 898 oppri-

282 904 381 965 τὰς
438 902 664 962 ἱππικὰς
721 898 980 973 δυνάμεις
1034 899 1209 957 αὐτῶν
1269 900 1592 973 ἀνελόμενοι
1652 898 1940 970 ἐξελάσωσι

283 986 611 1049 καταλαϐεῖν
666 1011 745 1058 σε,
793 989 885 1045 καὶ
943 987 1230 1061 ἀδοκήτως
1276 986 1595 1045 ἐπιπέσωσιο
1644 987 1734 1043 διὰ
1774 993 1942 1043 ταῦτα

285 1079 407 1137 δέον
463 1079 594 1142 τοὺς
648 1080 1085 1155 παραμὲνοντας,
1144 1081 1309 1148 ἡνικα
1376 1085 1479 1148 τῆς
1536 1084 1785 1153 ταραχῆς
1844 1074 1941 1131 τοῦ

280 1171 420 1229 λαοῦ
467 1175 579 1226 τῶν
639 1168 925 1244 πολεμίων
977 1168 1269 1234 α’ίσθωνται
1318 1169 1455 1241 πρὸς
1484 1166 1943 1240 κίνησιν,εὐθὲως

276 1263 437 1337 τάχει
486 1259 690 1332 πολλῷ
737 1264 1137 1334 καταμηνῦσαι,
1169 1258 1251 1314 ὅτι
1292 1280 1351 1314 τε
1381 1260 1410 1314 ὁ
1442 1257 1571 1320 λαὸς
1604 1255 1938 1331 διεταράχθη

277 1350 415 1426 πρὸς
471 1348 701 1422 κίνημα·
759 1347 927 1404 πάλιν
982 1346 1040 1404 δὲ
1092 1348 1523 1418 ἀποκινοόντων,
1583 1344 1652 1402 δι’
1710 1344 1828 1408 οἵας
1878 1344 1936 1399 ἂν

279 1437 410 1495 ὁδοῦ
437 1439 539 1509 τὴν
590 1438 812 1513 πορείαν
870 1442 1157 1493 ποιῶνται·
1217 1438 1307 1492 καὶ
1362 1434 1515 1499 αὖθις
1546 1433 1937 1508 καταμηνύειν,

280 1529 386 1585 δτι
415 1550 478 1584 τε
528 1527 746 1598 πλῆθος
798 1525 938 1583 λαοῦ
995 1527 1351 1598 ἀπεκίνησαν,
1408 1526 1500 1581 καὶ
1556 1523 1624 1595 ἤν
1682 1522 1803 1579 ὁδὸν
1837 1544 1941 1578 πο-

280 1618 549 1694 ρεύονται,
583 1615 689 1672 εἴτε
719 1617 948 1678 ἅπαντες
998 1614 1091 1671 σὺν
1138 1621 1219 1688 τῷ
1270 1619 1500 1687 πεζικῷ,
1530 1610 1636 1669 εἴτε
1667 1613 1718 1667 οἱ
1749 1613 1937 1674 ἱππεῖς

283 1707 469 1781 μόνοι.
523 1707 585 1765 Ὀ
637 1703 694 1761 δὶ
752 1705 1058 1781 στρατηγὸς
1122 1706 1197 1778 μὴ
1247 1702 1514 1781 θαῤῥείτω
1570 1723 1734 1776 μονον
1764 1700 1841 1763 εἰς
1871 1703 1938 1755 τὰ

282 1796 563 1873 ἐρχόμενα
616 1796 753 1871 πρὸς
813 1794 973 1851 αὐτὸν
1037 1790 1280 1867 μανδᾶτα
1343 1797 1451 1848 τῶν
1510 1790 1932 1866 παραμενόντων

273 1891 394 1948 τοῖς
423 1881 916 1985 πολεμίοις,.ἀλλᾶι
960 1882 1050 1985 καὶ
1106 1883 1297 1985 βίχλας
1344 1881 1519 1985 ἐχέτω
1550 1879 1768 1985 διπλᾶς,
1801 1879 1934 1985 ἐξῶ-
1961 1918 2007 1985 Β

277 1972 444 2051 ϐιγλα
479 1974 569 2030 καὶ
619 1969 919 2048 ὲσώόιγλα,
979 1968 1120 2028 ἔστιν
1177 1974 1267 2028 ὅτε
1320 1973 1409 2027 καὶ
1467 1971 1721 2048 τριπλᾶς·
1753 1970 1843 2025 καὶ
1874 1969 1926 2024 ἐν

279 2066 433 2119 νυκτὶ
495 2063 591 2136 μὶν
646 2063 739 2125 τὰς
797 2060 959 2125 ὁδοὺς
1017 2060 1330 2140 φυλάττειν,
1377 2062 1465 2115 καὶ
1527 2058 1578 2115 ἐν
1630 2062 1712 2122 οἷς
1737 2060 1930 2120 τόποις

281 2148 528 2208 διάϐασιν
582 2152 849 2230 ὑφορᾶται
906 2150 1215 2227 πολεμίων
1275 2150 1328 2206 ἐν
1387 2150 1571 2226 ἡμέρᾳ
1599 2147 1676 2221 δὲ,
1712 2150 1788 2222 μὴ
1826 2149 1928 2221 μό-

277 2266 371 2300 νον
400 2245 497 2307 τὰς
528 2242 687 2306 ὁδοὺς
744 2242 1030 2321 φυλάττειν
1086 2242 1214 2305 τοὺς
1277 2241 1634 2318 βιγλάτορας,
1665 2239 1813 2295 ἀλλὰ
1838 2238 1930 2294 καὶ

277 2333 354 2396 εἷς
408 2332 609 2395 τόπους
667 2333 988 2408 ἀνέρχεσθαι
1068 2331 1465 2406 ὑψηλοτάτους*
1524 2329 1661 2406 πρὸς
1715 2328 1778 2384 τὸ
1839 2325 1931 2383 δύ-

274 2424 463 2479 νασθαι
494 2421 691 2484 αὐτοὺς
739 2421 981 2497 εὐχερῶς
1042 2422 1170 2498 ὁρᾷν
1231 2422 1308 2495 μή
1363 2419 1526 2494 μόνον
1576 2418 1809 2481 καπνοὺς
1841 2417 1930 2473 καὶ

270 2510 609 2586 κονιορτοὺς,
658 2509 804 2567 ἀλλὰ
858 2510 948 2566 καὶ
1007 2509 1176 2572 λαοὺς
1229 2514 1338 2565 τῶν
1408 2508 1719 2581 πολεμίων,
1780 2506 1930 2582 εἴπερ

274 2598 570 2676 ἔρχωνται.
606 2600 864 2665 Πλείονας
912 2597 970 2655 δὶ
1027 2600 1160 2655 εἶναι
1216 2599 1311 2662 τὰς
1350 2597 1552 2675 βίγλας
1581 2596 1810 2674 ἔφημεν,
1844 2593 1933 2651 διὰ

271 2690 358 2759 τὸ,
410 2688 462 2745 εἷ’
510 2710 644 2745 ποτε
702 2686 887 2763 συμϐῇ
943 2691 1042 2759 τὴν
1102 2688 1326 2764 πρώτην
1364 2688 1466 2744 ὑπὸ
1507 2691 1616 2743 τῶν
1649 2686 1934 2759 πολεμίων

278 2778 511 2851 ἁλῶναι,
561 2781 599 2848 ἡ
653 2780 768 2851 μετ’
827 2776 1058 2849 ἰκείνην,
1113 2777 1240 2839 τοὺς
1300 2776 1603 2849 πολεμίους
1637 2777 1932 2851 θεωροῦσα,

279 2872 360 2940 τῷ
407 2873 703 2943 στρατηγῷ
756 2868 858 2936 τήν
912 2872 1021 2922 τῶν
1077 2866 1291 2942 ἐχθρῶν
1349 2864 1671 2939 καταμηνόῃ
1702 2864 1932 2920 ἔλευσιν.

274 2954 375 3011 Καὶ
430 2953 512 3017 δὶς
571 2952 630 3010 δὶ
682 2954 735 3010 ἐν
795 2954 950 3009 νυκτὶ
1009 2953 1444 3028 μεταπληκεύειν
1496 2953 1578 3008 δεῖ
1614 2954 1705 3008 τὸν
1739 2973 1934 3028 στρατ-

277 3045 434 3119 ηγὸν,
464 3045 553 3099 καὶ
584 3042 638 3100 ἂν
667 3044 851 3120 ἡμέρᾳ
900 3042 1180 3106 ὡσαύτῶς.
1228 3042 1331 3101 Καὶ
1372 3040 1801 3117 μεταπληκεύων
1839 3043 1933 3116 μὲν

276 3134 404 3196 τοὺς
467 3132 797 3209 βιγλᾶτορας
860 3133 977 3206 μετ’
1039 3132 1203 3188 αὐτοῦ
1262 3128 1608 3205 λαμϐανέτω·
1665 3132 1936 3204 καταλιμ-

278 3221 490 3278 πανὲτω
539 3219 597 3277 δὶ
654 3221 707 3277 ἐν
768 3222 815 3294 ᾧ
872 3221 1024 3294 τόπῳ
1074 3220 1331 3292 ηὐλίζετο
1363 3220 1414 3292 ἔξ
1469 3218 1665 3296 ἄνδρας
1694 3221 1729 3290 ἢ
1763 3220 1927 3293 ὀκτὼ,

276 3311 404 3375 τοὺς
469 3308 876 3388 ὁποδοχαρίους
946 3310 1343 3385 καλουμένους,
1421 3311 1557 3384 μετὰ
1629 3311 1717 3365 καὶ
1784 3330 1927 3372 τινος

278 3399 554 3476 ἄρχοντος
611 3404 721 3456 τῶν
767 3399 1084 3476 χρησίμων·
1132 3401 1225 3455 ἳνα
1290 3400 1342 3455 οἱ
1388 3400 1738 3472 πεμπόμενοι
1785 3398 1930 3474 παρὰ

272 3495 381 3546 τῶν
408 3491 826 3567 παραμενόντων
880 3494 997 3551 τοῖς
1052 3488 1280 3564 ἐχθροῖς
1346 3486 1589 3562 μανδᾶτα
1646 3486 1926 3564 φέροντες,

2048 909 2211 957 mant
2236 920 2250 958 :
2275 903 2495 960 idcirco
2543 913 2776 977 oportet
2820 910 3243 981 speculatores,
3278 914 3457 969 simul
3488 932 3555 971 ac
3584 917 3705 972 fre-

2045 990 2257 1046 mitum
2271 994 2622 1063 profecturas
2638 997 3038 1053 multitudinis
3050 1001 3206 1071 apud
3220 1001 3420 1058 hostes
3433 1006 3700 1075 audiant,

2044 1079 2357 1136 confestim
2378 1085 2795 1153 properatione
2835 1103 3050 1161 magna
3080 1092 3443 1158 renuntiare,
3476 1094 3692 1149 cooriri

2044 1166 2243 1237 copias
2273 1168 2346 1222 ad
2378 1169 2641 1226 abitum:
2686 1170 2923 1242 deinde,
2956 1180 3271 1246 postquam
3303 1180 3523 1249 egressi
3555 1181 3697 1250 sint,

2044 1271 2163 1325 qua
2191 1256 2286 1310 via
2316 1257 2429 1311 iter
2455 1257 2712 1314 faciant:
2747 1260 3005 1333 denique
3054 1264 3203 1319 illud
3235 1283 3471 1338 quoque
3502 1269 3699 1326 decla-

2044 1360 2200 1409 rare,
2233 1351 2468 1416 quantae
2522 1348 2707 1419 copiae
2767 1350 3042 1422 exierint,
3104 1369 3221 1423 qua
3272 1361 3460 1425 parte,
3498 1362 3699 1414 utrum

2043 1433 2303 1489 universi
2347 1452 2480 1490 cum
2514 1437 2801 1507 peditatu,
2835 1456 2911 1494 an
2956 1441 3185 1511 equites
3217 1443 3347 1497 soli.
3382 1446 3580 1516 Neque
3611 1453 3700 1503 ta-

2044 1539 2185 1579 men
2216 1524 2331 1579 dux
2364 1525 2506 1579 solis
2557 1526 3092 1598 significationibus
3140 1548 3176 1586 a
3223 1533 3698 1603 speculatoribus

2041 1611 2214 1667 factis
2247 1613 2424 1668 fidem
2457 1614 2630 1669 debet
2664 1616 2947 1684 tribuere,
2992 1618 3095 1673 sed
3141 1622 3427 1677 stationes
3460 1640 3696 1696 quoque

2042 1700 2301 1756 habeant
2324 1701 2942 1773 duplices,exteriores
2956 1708 3695 1783 etinteriores,aliquando

2042 1791 2220 1845 etiam
2253 1790 2517 1861 triplices
2543 1808 2555 1845 :
2582 1798 2780 1861 noctu,
2833 1799 2899 1849 ut
2946 1796 3066 1851 vias
3093 1803 3151 1851 et
3180 1797 3305 1853 loca
3335 1802 3696 1870 custodiant,

2042 1896 2160 1951 qua
2207 1880 2407 1934 hostes
2465 1886 2780 1951 erupturos
2849 1884 3221 1956 suspicatur:
3290 1888 3574 1959 interdiu,
3633 1896 3700 1946 ut

2038 1968 2410 2024 excubitores
2437 1986 2557 2024 non
2582 1970 2775 2025 solum
2798 1972 3016 2028 itinera
3038 1974 3482 2041 observent,sed
3515 1979 3694 2035 etiam

2035 2059 2098 2113 in
2120 2058 2250 2113 loca
2271 2057 2602 2115 editissima
2623 2060 2894 2130 evadant,
2914 2063 3072 2118 unde
3096 2064 3285 2120 femos
3318 2071 3375 2121 et
3396 2067 3692 2138 pulveres,

2035 2153 2162 2203 tum
2194 2148 2373 2203 etiam
2402 2148 2605 2220 globos
2637 2149 2919 2215 hostium,
2962 2153 3009 2207 si
3070 2154 3170 2225 qui
3201 2156 3460 2224 veniant,
3492 2158 3691 2213 videre

2036 2237 2202 2292 nullo
2234 2238 2469 2306 negotio
2512 2239 2763 2308 possint.
2814 2240 3021 2296 Plures
3068 2249 3267 2298 autem
3314 2261 3443 2301 esse
3474 2246 3687 2303 debere

2038 2326 2315 2381 excubias
2346 2326 2477 2381 ideo
2510 2327 2790 2395 diximus,
2823 2336 2909 2395 ut,
2942 2331 2988 2385 si
3023 2333 3261 2402 quando
3292 2336 3457 2406 prior
3483 2336 3556 2391 ab
3589 2336 3692 2392 ad-

2036 2416 2311 2471 versariis
2343 2417 2671 2489 intercepta
2701 2420 2796 2487 sit,
2830 2425 3029 2475 tamen
3063 2440 3194 2493 quae
3233 2424 3381 2480 citra
3421 2431 3555 2497 stet,
3588 2427 3692 2482 ho-

2040 2511 2160 2560 stes
2192 2504 2555 2575 conspicata,
2591 2522 2797 2561 eorum
2829 2509 3148 2565 adventum
3181 2514 3524 2569 renuntiare
3557 2515 3694 2569 duci

2038 2594 2246 2667 possit.
2281 2594 2605 2650 Stationem
2636 2594 2727 2649 bis
2761 2598 3026 2667 qualibet
3052 2605 3224 2655 nocte
3258 2606 3488 2657 mutare
3522 2601 3699 2657 debet

2040 2684 2181 2752 dux,
2213 2688 2273 2739 et
2305 2684 2477 2738 toties
2507 2685 2714 2754 quovis
2744 2686 2860 2741 die.
2894 2689 3019 2752 Qua
3047 2689 3107 2743 in
3137 2690 3491 2763 migratione
3524 2708 3699 2747 excu-

2038 2773 2263 2829 bitores
2295 2790 2498 2828 secum
2533 2774 2915 2831 transducat:
2981 2778 3042 2832 in
3102 2777 3232 2834 loco
3288 2786 3508 2848 autem,
3542 2782 3701 2836 unde

2040 2865 2244 2932 movit,
2276 2864 2578 2935 relinquat
2608 2883 2708 2920 sex
2740 2872 2843 2921 aut
2871 2873 3000 2923 octo
3029 2869 3250 2925 milites
3276 2888 3289 2926 :
3332 2888 3481 2942 quos
3514 2872 3704 2944 hypo-

2043 2954 2356 3009 docharios
2384 2970 2686 3021 vocamus,
2713 2972 2846 3010 cum
2880 2956 3081 3028 aliquo
3113 2958 3269 3014 bono
3301 2960 3614 3031 praefecto:
3639 2967 3706 3016 ut

2043 3043 2211 3099 missi
2243 3059 2277 3098 a
2308 3043 2781 3114 speculatoribus
2832 3047 3049 3113 nuntii,
3099 3047 3147 3101 si
3196 3048 3563 3118 advenerint,
3595 3068 3704 3123 per

2043 3134 2154 3189 hos
2184 3134 2258 3189 ad
2288 3133 2501 3189 ducem
2534 3135 2954 3206 perducantur.
2991 3138 3123 3209 Ipse
3156 3138 3294 3207 dux,
3327 3157 3443 3209 quo
3475 3141 3535 3195 in
3568 3142 3697 3197 loco

2044 3225 2198 3282 228
2230 3223 2426 3279 denuo
2457 3224 2747 3292 considet,
2782 3225 2920 3280 inde
2966 3244 3172 3281 rursus
3223 3229 3508 3283 stationes
3540 3235 3702 3284 exte-

2041 3313 2230 3369 riores
2262 3312 2541 3368 dimittat.
2611 3313 2739 3368 Sint
2794 3321 2994 3369 autem
3051 3316 3113 3370 in
3146 3316 3413 3386 qualibet
3446 3318 3699 3374 statione

2040 3402 2264 3457 milites
2295 3402 2606 3473 quaterni:
2664 3407 2747 3470 ut,
2806 3403 2963 3458 binis
3019 3410 3199 3460 noctu
3244 3405 3703 3479 dormientibus,

2040 3489 2169 3545 bini
2198 3489 2439 3561 vigilare
2473 3495 2712 3561 queant.

275 3579 736 3656 προσερχόμενοι,
767 3575 838 3634 δι’
891 3578 1066 3634 αὐτῶν
1117 3583 1199 3652 τῷ
1254 3582 1542 3654 στρατηγῷ
1599 3576 2068 3650 ἄποκομίζωνται’
2129 3577 2182 3632 ἐν
2242 3578 2288 3649 ᾧ
2348 3574 2405 3631 δὶ
2461 3576 2626 3631 πάλιν
2660 3577 2813 3651 τόπῳ
2845 3579 2872 3633 ὁ
2904 3581 3210 3654 στρατηγὸς
3238 3581 3594 3653 ἀπληκεόσει,
3624 3585 3704 3640 τὰ

275 3664 553 3745 ἰεώϐιγλα
581 3664 990 3725 ἀποστελλέτω.
1022 3670 1300 3726 Ἔστωσαν
1335 3664 1393 3722 δὲ
1421 3666 1521 3722 ἀνᾶ
1547 3666 1801 3742 τέσσαρες
1827 3662 2016 3741 ἄνδρες
2046 3663 2099 3721 ἐν
2133 3664 2343 3740 ἑκάστῳ
2374 3664 2595 3740 σταδίῳ·
2644 3665 2755 3738 ἵνα,
2806 3672 2913 3724 τῶν
2948 3666 3043 3724 δύο
3075 3667 3441 3727 καθευδόντων
3473 3674 3702 3745 νυκτὸς,

309 3756 466 3815 οἱδόο
497 3762 865 3836 γρηγορῶσιν.

424 3918 511 3991 [Ρ.
556 3918 681 3991 146]
714 3918 879 3975 ΚΕΦ.
940 3914 1034 3985 Ιζ.
1065 3917 1228 3991 μιξερὶ
1279 3912 1672 3991 διαχωρισμοῦ
1700 3917 1799 3968 τοῦ

980 3984 1243 4044 τούλδόυ.

357 4148 450 4199 Δεῖ
506 4163 586 4214 σε,
648 4143 693 4197 ὧ
743 4142 1030 4219 στρατηγὶ,
1087 4142 1179 4197 καὶ
1250 4144 1411 4197 τοῦτο
1478 4140 1940 4220 παραφυλάττειν,

283 4233 373 4289 καὶ
399 4231 563 4303 ἡνίκα
590 4229 894 4302 πλησιάσαι
931 4228 1141 4304 μέλλῃς
1168 4235 1287 4293 τοῖς
1338 4229 1660 4303 πολεμίοις,
1690 4231 1751 4285 τὸ
1775 4229 1939 4285 τοῦλ-

284 4320 375 4377 δον
407 4322 516 4377 ἀπὸ
546 4341 644 4376 σου
692 4318 1046 4397 διαχωρίζειν
1104 4320 1194 4375 καὶ
1253 4318 1609 4375 ἀποστέλλειν
1678 4321 1940 4393 μήκοθεν,

280 4411 334 4467 ἐν
371 4411 561 4488 ὀχυρῷ
588 4411 744 4483 τόπῳ
772 4411 808 4481 ἢ
852 4410 905 4465 ιν
936 4411 1174 4486 κάστρῳ,
1226 4406 1395 4486 ἄνδρα
1438 4409 1562 4465 τινὰ
1599 4414 1707 4465 τῶν
1739 4407 1941 4485 χρησί-

286 4522 403 4574 μων
459 4501 551 4556 καὶ
602 4498 877 4575 ἐμπείρων
932 4499 1188 4577 ἐφιστῶν,
1247 4503 1592 4575 προνοεῖσθαι
1632 4498 1817 4554 αὐτοῦ’
1851 4497 1939 4552 καὶ

2230 3916 2363 3972 CAP.
2406 3916 2550 3971 XVI.
2584 3918 2663 3973 De
2688 3918 3069 3975 submovendis
3096 3919 3525 3991 impedimentis.

2121 4141 2270 4198 Illud
2334 4157 2592 4213 quoque,
2652 4160 2686 4197 ο
2745 4142 2883 4212 dux,
2918 4144 3229 4202 observare
3265 4150 3324 4202 te
3353 4152 3612 4220 oportet,
3640 4152 3703 4203 ut

2051 4230 2288 4303 quando
2320 4230 2564 4302 propius
2611 4231 2893 4287 accedere
2940 4233 3015 4288 ad
3068 4234 3269 4290 hostes
3298 4236 3463 4305 velis,
3516 4236 3705 4306 impe-

2050 4320 2319 4376 dimenta
2347 4319 2453 4374 abs
2496 4324 2553 4374 te
2582 4324 2812 4375 remota
2839 4321 3073 4394 longius
3119 4324 3424 4394 amandes,
3457 4324 3519 4379 in
3544 4340 3676 4379 com

2050 4410 2351 4466 munitum
2380 4408 2577 4464 locum
2609 4409 2699 4464 vel
2731 4410 3038 4481 Oppidum,
3056 4412 3272 4469 tradita
3301 4413 3541 4468 illorum
3567 4430 3711 4470 cura

2050 4499 2174 4554 viro
2224 4498 2408 4569 probo
2458 4514 2525 4553 ac
2573 4497 2804 4569 perito:
2854 4498 2948 4555 cui
2996 4500 3139 4556 item
3184 4501 3415 4572 equites
3445 4502 3710 4558 valentes

283 4593 468 4653 ἱππεῖς
527 4589 789 4665 μαχίμων
850 4586 1060 4663 ἀνδρῶν
1119 4588 1348 4663 ὀλίγους
1390 4589 1542 4651 τινὰς
1569 4586 1827 4663 παρεχειν
1858 4591 1937 4660 τῷ

2048 4586 2279 4656 aliquot
2303 4582 2667 4639 attribuendi
2699 4591 2856 4653 sunt,
2886 4603 2993 4657 per
3035 4603 3183 4658 quos
3228 4589 3491 4645 excubias
3521 4590 3711 4661 impe-

283 4681 510 4754 ἄρχοντι
560 4682 660 4734 τοῦ
694 4675 955 4747 τούλδου,
1000 4678 1149 4739 ὅπως
1197 4674 1266 4732 δι’
1298 4676 1472 4733 αὐτῶν
1506 4678 1562 4731 al.
1596 4676 1777 4752 βίγλαι
1808 4696 1939 4751 κρα-

284 4769 485 4820 τῶνται
535 4763 610 4827 εἷς
660 4763 909 4843 φυλακὴν
958 4767 1055 4818 τοῦ
1109 4761 1366 4820 τοόλδου.
1422 4762 1610 4819 ’Πνίκα
1653 4761 1710 4819 δὶ
1773 4761 1939 4818 πάλιν

288 4856 342 4911 ἐν
398 4856 564 4929 χρείᾳ
617 4854 816 4909 τούτου
872 4853 1121 4930 γένηται,
1178 4852 1543 4927 καταμηνύειν
1590 4858 1671 4926 τῷ
1710 4853 1945 4927 ἐμπεπι-

289 4945 567 5018 στευμένῳ
618 4944 720 5013 τὴν
772 4944 1030 5019 πρόνοιαν
1089 4941 1257 4998 αὐτοῦ
1314 4941 1566 5019 ἄρχοντι,
1608 4942 1783 5007 ἐλθεῖν
1812 4942 1863 4997 ἐν
1897 4943 1943 5014 ᾧ

285 5034 442 5106 τόπῳ
474 5030 739 5109 διωρίσθη
787 5036 885 5087 τοῦ
936 5033 1199 5102 ἒνωθῆναί
1248 5052 1355 5088 σοι.
1406 5034 1518 5088 Τοῦ
1561 5033 1747 5104 μέντοι
1777 5028 1941 5086 τοόλ-

288 5121 387 5179 δου
441 5123 549 5179 ἀπὸ
609 5126 706 5178 σοῦ
764 5120 1265 5199 διαχωριζομὲνου,
1322 5118 1724 5197 ἀναλαμϐάνειν
1772 5143 1830 5176 σε
1860 5119 1943 5176 δεῖ

285 5212 636 5286 ἰπισιτισμὸν
692 5215 790 5267 τοῦ
846 5212 985 5269 λαοῦ
1040 5211 1132 5267 καὶ
1188 5211 1357 5286 ταγᾶς
1407 5215 1517 5265 τῶν
1575 5209 1785 5279 Ἵππων,
1847 5207 1944 5265 δύο

284 5304 512 5377 ἡμερῶν
560 5299 597 5369 ἢ
647 5305 840 5376 τριῶν,
895 5298 1300 5376 βασταζομὲνας
1333 5299 1412 5361 εἲς
1441 5304 1630 5374 ταχεῖς
1662 5300 1944 5371 ἡμιόνους,

283 5389 319 5460 ἢ
350 5390 442 5446 καὶ
466 5388 676 5452 *ίππους
739 5388 792 5445 ἐν
843 5394 962 5451 τοῖς
1014 5386 1458 5463 σαγμοσελλίοις.
1500 5387 1689 5444 Ἦνίκα
1721 5385 1777 5442 δὲ
1811 5387 1948 5459 μέλ-

285 5477 398 5556 λῃς
428 5478 647 5554 κούρσῳ
675 5482 785 5533 τῶν
842 5474 1131 5551 πολεμίων
1176 5475 1546 5545 ἀκολουθῆσαι
1588 5477 1943 5545 νυκτὸς,ἅπαν

285 5571 357 5627 τὸ
418 5571 673 5647 μάχιμον
724 5569 1032 5643 στράτευμα
1085 5565 1555 5643 τεθωρακισμένον
1609 5564 1767 5637 ἔστω,
1825 5565 1947 5621 ἐκά-

281 5680 413 5716 στου
441 5660 505 5716 τὸ
534 5655 847 5730 ἐπιτήδειον
875 5656 1014 5729 πρὸς
1059 5655 1123 5713 τὸ
1171 5659 1437 5730 πολεμεῖν
1471 5654 1643 5712 ὅπλον
1673 5654 1724 5711 ἐν
1758 5655 1946 5732 χερσὶν

279 5747 531 5828 ἔχοντος.
571 5746 750 5811 Ἀλλὰ
796 5746 887 5803 καὶ
943 5747 1006 5803 τὸ
1063 5744 1359 5821 λεγόμενον
1412 5745 1548 5801 σάκα
1584 5740 1801 5803 ὄπισθεν
1831 5739 1948 5823 ἔχε,

2054 4674 2455 4729 dimentorum
2486 4673 3013 4729 custodiendorum
3038 4692 3218 4732 causa
3240 4678 3404 4732 fiant.
3431 4677 3488 4732 Si
3516 4676 3711 4733 denuo

2052 4764 2159 4820 tibi
2191 4780 2339 4835 opus
2370 4766 2480 4827 est,
2503 4762 2722 4817 manda
2742 4763 3042 4835 praafecto,
3067 4766 3159 4821 cui
3192 4771 3282 4822 est
3308 4766 3549 4822 illorum
3572 4784 3715 4824 cura

2054 4854 2299 4916 credita,
2325 4857 2391 4906 ut
2419 4857 2651 4907 moveat
2680 4852 2741 4906 in
2769 4852 2987 4921 locum,
3012 4854 3112 4909 ubi
3146 4873 3209 4911 se
3241 4862 3437 4912 tecum
3460 4858 3714 4930 conjun-

2053 4959 2189 5016 gere
2213 4942 2420 5013 jussus
2452 4945 2559 4995 est.
2593 4942 2680 4996 Ita
2710 4947 2909 4997 autem
2940 4943 3223 5016 ablegans
3260 4946 3709 5018 impedimenta,

2057 5031 2235 5087 debes
2269 5036 2465 5085 tecum
2500 5047 2734 5086 sumere
2758 5031 2983 5088 cibaria
3004 5032 3263 5089 militum
3298 5040 3356 5090 et
3384 5035 3604 5108 pabula
3620 5038 3715 5109 ju-

2055 5127 2418 5191 mentorum,
2450 5120 2512 5176 in
2544 5120 2695 5177 duos
2725 5122 2853 5177 dies
2887 5122 2979 5177 vel
3006 5128 3149 5194 tres,
3183 5140 3314 5195 qua:
3346 5125 3438 5181 vel
3467 5142 3503 5182 a
3531 5127 3712 5184 mulis

2055 5210 2355 5267 velocibus
2385 5209 2696 5276 vehantur,
2728 5210 2819 5264 vel
2868 5210 3049 5267 etiam
3101 5229 3281 5284 supra
3321 5231 3504 5285 equos
3530 5216 3590 5270 in
3621 5234 3718 5273 sa-

2057 5301 2325 5373 gimis.At
2347 5300 2583 5369 quando
2607 5300 2969 5370 prmdatores
2993 5302 3253 5358 hostium
3276 5305 3513 5376 insequi
3534 5313 3713 5361 noctu

2058 5389 2438 5456 velis,omnes
2467 5388 2708 5454 milites,
2744 5395 3036 5461 quotquot
3065 5391 3312 5448 idoneos
3342 5392 3418 5449 ad
3445 5410 3719 5466 pugnann

2059 5479 2202 5533 dum
2228 5477 2429 5545 habes,
2454 5477 2686 5532 loricati
2710 5494 2838 5533 esse
2870 5479 3111 5549 debent,
3158 5486 3215 5537 et
3241 5481 3427 5537 telum
3460 5484 3532 5537 ad
3564 5500 3719 5554 prea-

2057 5567 2327 5623 liaudum
2372 5573 2576 5639 aptum
2634 5569 3048 5641 unusquisque
3088 5570 3149 5625 in
3191 5570 3466 5627 manibus
3499 5576 3716 5627 teneat.

2061 5656 2218 5712 Habe
2250 5655 2428 5711 etiam
2461 5654 2721 5728 globum,
2757 5673 2936 5729 quem
2984 5675 3121 5715 saca
3148 5676 3446 5731 vocamus,
3480 5676 3515 5715 a
3553 5665 3715 5733 tergo

2065 5746 2550 5820 subsequentem.
2574 5745 2632 5805 Si
2650 5763 2759 5820 per
2786 5746 2922 5808 loca
2948 5748 3239 5822 impedita
3270 5749 3471 5808 hostes
3503 5750 3617 5807 iter
3634 5749 3718 5814 fa,
