4112 6208
303 457 306 462 _
388 367 511 429 97s

1715 369 2134 432 NICEPHORI
2177 370 2465 434 PHOCJE

3682 371 3808 432 976

389 507 576 574 ciunt,
599 503 821 560 debent
850 500 1099 574 singulis
1121 501 1562 574 numeri,atque
1584 503 1816 572 vexilla,
1841 504 1889 560 si
1922 519 2025 575 qua

2151 498 2554 567 ἐπακολουθοῦν
2587 522 2693 561 σοι.
2729 502 2827 559 Καὶ
2875 504 2919 560 εί
2975 505 3070 578 μὲν
3117 501 3206 560 διὰ
3237 499 3516 560 δυσϐάτων
3548 503 3735 560 τόπων
3764 506 3802 574 ἡ

389 596 629 662 adsunt,
685 591 1004 663 separatim
1057 591 1204 648 227
1265 592 1612 648 ambulare:
1670 593 1864 664 primo
1896 593 2034 662 dux,

389 686 493 758 qui
518 685 644 756 ipse
677 687 878 737 tamen
934 681 1336 737 turmarcham
1393 682 1595 738 hostes
1627 683 2037 755 speculantem

386 777 561 847 longo
616 771 924 828 intervallo
964 771 1401 844 subsequatur:
1461 773 1599 830 dein
1629 773 1883 844 reliqua,
1918 775 2036 829 sive

387 862 626 920 numeri
659 862 780 917 sint
818 861 936 917 sive
993 861 1226 930 vexilla,
1286 878 1474 917 unum
1526 867 1660 934 post
1713 878 1939 920 unum:
1970 867 2038 918 ut

383 951 704 1008 ordinatim
727 949 1053 1023 procedant
1071 951 1503 1023 noctu,absque
1525 952 1783 1008 clamore
1805 969 1873 1007 ac
1895 957 2037 1006 stre-

380 1042 531 1114 pitu.
586 1040 983 1106 Turmarchas,
1065 1039 1169 1110 qui
1251 1039 1612 1111 praadatores
1674 1041 2030 1112 insequitur,

377 1131 766 1206 praescribere
797 1130 979 1186 debes
1007 1135 1184 1202 atque
1215 1131 1528 1203 imperare,
1559 1137 1627 1186 ut
1664 1131 2031 1204 diligentiam

377 1229 556 1296 atque
602 1223 966 1296 vigilantiam
1021 1239 1315 1278 summam
1373 1222 1669 1290 adhibeat,
1702 1239 1776 1278 ne
1809 1223 2030 1293 hostes,

378 1317 662 1372 certiores
681 1315 822 1370 facti
844 1321 901 1370 te
921 1315 1180 1386 insequi,
1203 1314 1463 1370 delectos
1486 1314 1789 1386 fortesque
1811 1315 2033 1370 milites

376 1422 748 1477 numeroque
804 1419 1051 1460 manum
1105 1405 1462 1459 turmarcha)
1516 1409 1866 1476 superantes
1907 1420 2033 1461 ase

379 1495 684 1566 sejunctos
742 1492 984 1548 latebris
1043 1491 1338 1558 occulant,
1389 1497 1564 1563 teque
1621 1509 1732 1548 nec
1789 1493 2032 1564 opinato

377 1584 788 1641 adoriantur:
855 1583 1194 1656 cujusmodi
1249 1582 1499 1638 insidias
1556 1599 1590 1638 a
1645 1583 2034 1639 Tarsensibus

379 1674 654 1746 superius
683 1673 867 1728 factas
899 1673 1173 1728 vidimus.
1233 1674 1395 1728 Tunc
1452 1672 1612 1727 enim
1643 1671 1762 1727 dux
1791 1672 2030 1743 conspi-

379 1767 546 1818 catus
575 1762 879 1834 pulverem
907 1777 1132 1828 eorum,
1164 1761 1265 1833 qui
1298 1777 1417 1816 non
1439 1777 1594 1827 vere,
1618 1761 1722 1816 sed
1754 1761 2034 1818 simulata

378 1851 741 1918 incursione,
802 1849 1108 1922 praedandi
1165 1865 1344 1905 causa
1396 1850 1682 1918 exierant,
1740 1851 1913 1921 pauci
1943 1849 2032 1904 illi

383 1939 626 2012 quidem
659 1945 717 1995 et
741 1939 986 2008 infirmi,
1011 1957 1146 1996 cum
1173 1939 1248 1996 ad
1277 1939 1412 1996 illos
1436 1940 1800 1996 invadendos
1822 1957 2034 2012 prope-

381 2035 562 2098 raret,
596 2030 939 2086 turmarcha
981 2035 1180 2086 autem
1223 2030 1424 2086 hostes
1465 2030 1812 2102 insequens,
1845 2030 2034 2102 negli-

383 2121 616 2193 gentius
644 2137 709 2176 re
739 2125 921 2193 gesta,
972 2119 1230 2176 latebras
1276 2137 1488 2193 parum
1535 2120 1768 2176 curiose
1807 2124 2037 2175 scruta-

384 2215 572 2278 retur,
604 2211 667 2266 in
700 2227 904 2266 eorum
935 2209 1183 2266 insidias
1214 2209 1564 2281 imprudens
1592 2209 1821 2265 incidit.
1852 2209 2036 2282 Igitur

384 2299 679 2373 ejusmodi
704 2317 800 2356 res
829 2303 895 2354 ut
922 2316 998 2355 ne
1029 2301 1134 2355 ﬂat
1164 2304 1360 2371 oprtet
1401 2305 1479 2367 te,
1529 2316 1563 2355 ο
1611 2299 1751 2367 dux,
1784 2299 2034 2355 multam

378 2390 717 2446 cautionem
757 2389 1060 2459 adhibere,
1117 2389 1504 2460 locorumque
1561 2395 1620 2444 et
1670 2388 2032 2444 latebrarum

377 2496 650 2536 recessus
681 2479 1062 2552 perscrutari,
1114 2495 1222 2551 per
1271 2479 1502 2550 equites
1532 2478 1832 2534 velocibus
1863 2479 2032 2550 equis

376 2575 572 2626 vectos
603 2575 662 2626 et
689 2569 956 2624 locorum
989 2575 1260 2626 accurate
1313 2569 1538 2641 peritos
1567 2585 1580 2623 :
1632 2585 1808 2640 porro
1841 2569 2034 2640 prima

374 2659 509 2716 luce
541 2660 888 2726 exercitum,
921 2659 969 2713 si
1001 2675 1250 2731 magnus
1281 2664 1390 2726 est,
1423 2674 1612 2729 usque
1641 2657 1714 2713 ad
1744 2663 1836 2712 ter
1865 2657 2030 2713 mille

373 2766 649 2820 numero,
680 2748 955 2804 bifariam
986 2748 1246 2805 dividere
1273 2765 1287 2803 :
1332 2748 1672 2819 equisones,
1706 2752 1764 2802 et
1793 2748 1894 2818 qui
1927 2764 2029 2819 pa-

373 2837 516 2894 bula
535 2839 948 2910 jumentorum
970 2841 1227 2909 portant,
1262 2837 1470 2909 procul
1501 2838 1563 2891 in
1593 2837 2029 2892 communitum

2147 590 2342 666 πορεία
2367 595 2477 647 τῶν
2525 591 2813 666 πολεμίων
2861 595 3109 669 γένηται,
3155 591 3274 650 δέον
3309 591 3464 658 ἰδίως
3491 589 3548 650 ἐν
3577 592 3802 650 ἕκαστον

2147 682 2307 753 θέμα,
2366 682 2403 752 ἢ
2457 680 2546 737 καὶ
2602 681 2809 758 τάγμα,
2869 683 2913 738 εἰ
2960 682 3228 758 πάρεισιν,
3275 680 3604 758 ὁδοιπορεῖν·
3642 684 3672 738 ὁ
3705 683 3804 757 μὶν

2145 769 2452 846 στρατηγὸς
2509 769 2839 846 ἔμπροσθεν,
2893 772 3162 846 ἑπόμενος
3209 776 3290 846 τῷ
3333 773 3663 849 τουρμάρχῃ
3722 777 3802 846 τῷ

2143 857 2536 923 ἀκολουθοῦντι
2593 867 2711 925 τοῖς
2765 859 3060 935 πολεμίοις
3111 863 3253 917 κατὰ
3280 860 3426 918 πολὺ
3457 861 3670 939 πόῤῥω·
3702 862 3801 927 εἶθ’

2143 946 2317 1011 οὕτως
2347 949 2534 1005 καὶτὰ
2564 949 2754 1023 λοιπὰ,
2805 952 2912 1008 εἴτε
2959 953 3166 1026 θέματα
3212 953 3338 1026 εἶεν,
3384 950 3492 1008 εἷ’τε
3521 953 3797 1027 τάγματα,

2141 1039 2298 1102 καθὶν
2328 1044 2408 1112 τῷ
2455 1040 2621 1114 ἐτέρῷ
2663 1040 3018 1118 ἐφεπόμενον·
3063 1039 3152 1098 διὰ
3198 1042 3262 1098 τὸ
3309 1042 3400 1097 καὶ
3429 1038 3614 1104 καλῶς
3644 1039 3802 1098 ὀδοι-

2139 1132 2332 1201 πορεῖν
2365 1127 2417 1182 ἐν
2451 1129 2625 1199 νυκτὶ,
2678 1130 2765 1184 καὶ
2823 1127 2948 1185 ἄνευ
2994 1137 3243 1206 κραυγῆς
3275 1131 3368 1187 καὶ
3399 1126 3666 1207 θορύϐων.
3701 1134 3800 1204 Τῷ

2141 1211 2200 1269 δέ
2227 1217 2578 1292 τουρμάρχῃ,
2631 1222 2710 1290 τῷ
2751 1217 3210 1285 ἐπακολουθοῦντι
3257 1224 3338 1292 τῷ
3383 1221 3623 1296 κούρσῳ,
3653 1240 3798 1295 παρ-

2139 1305 2391 1382 αγγεῖλαι
2493 1305 2584 1361 καὶ
2683 1307 3164 1386 ἐξασφαλίσασθαι,
3267 1304 3546 1384 ἀκρίϐειαν
3646 1306 3796 1386 ἔχειν

2142 1391 2591 1471 ὑπερϐάλλουσαν
2639 1398 2729 1452 καὶ
2779 1397 3126 1476 ἐγρήγορσιν,
3177 1402 3393 1473 μήποτε
3439 1401 3496 1456 οἱ
3531 1399 3798 1475 πολέμιοι

2141 1485 2460 1560 αἰσθόμενοι
2513 1485 3002 1552 ἐπακολουθεῖσθαι
3046 1488 3248 1552 αὐτοὺς
3291 1490 3440 1565 παρὰ
3496 1494 3616 1563 σοῦ,
3675 1486 3800 1545 δια-

2141 1574 2432 1650 χωρίσωσι
2464 1576 2558 1650 μὲν
2605 1575 2737 1639 τοὺς
2783 1575 3076 1643 ἐκλεκτοὺς
3122 1580 3302 1635 αὐτῶν
3357 1578 3640 1654 μαχίμους
3669 1579 3802 1644 τοὺς

2140 1664 2434 1728 πλείοντας
2463 1670 2560 1721 τοῦ
2608 1666 2698 1722 ὁπ’
2740 1666 2900 1722 αὐτὸν
2949 1672 3108 1737 Λαοῦ,
3157 1669 3246 1725 καὶ
3297 1669 3684 1744 ἀποκρύψωσιν
3719 1669 3798 1732 είς

2139 1751 2372 1830 λόχους,
2422 1756 2514 1810 καὶ
2569 1753 2854 1827 ἀδοκήτως
2900 1758 3038 1813 κατὰ
3083 1763 3181 1813 σοῦ
3233 1757 3550 1823 ἐπίθωνταισ
3604 1756 3796 1830 ἐπειδὴ

2137 1841 2397 1914 τοιαύτην
2456 1839 2672 1918 ἐνέδραν
2726 1844 2873 1918 παρᾶ
2925 1849 3034 1901 τῶν
3092 1847 3374 1919 Ταρσιτῶν
3424 1845 3476 1901 ἐν
3524 1850 3643 1908 τοῖς
3683 1844 3800 1902 ἄνω

2143 1931 2378 2006 χωρίοις
2405 1933 2448 1970 ⁶¹
2482 1930 2781 2007 γενομένην
2805 1930 3044 2007 εἴδομεν.
3068 1936 3182 1992 Τοῦ
3202 1935 3302 2010 γὰρ
3334 1938 3644 2010 στρατηγοῦ
3670 1933 3799 1990 τότε

2143 2019 2420 2094 θεωμένου
2474 2021 2794 2097 κονιορτοὺς
2847 2026 2956 2078 τῶν
3035 2021 3114 2085 εἷς
3173 2021 3320 2079 λείαν
3376 2021 3795 2097 ἐξελαυνόντων,

2141 2110 2245 2165 οὐκ
2287 2109 2341 2164 ἐν
2389 2108 2641 2182 ἀληθείᾳ,
2692 2110 2819 2167 ἀλλ’
2880 2111 2934 2167 ἐν
2991 2113 3242 2186 σχήματι
3295 2113 3553 2190 κούρσου,
3585 2112 3798 2188 ὀλίγων

2138 2199 2228 2255 καὶ
2285 2198 2493 2255 τούτων
2547 2199 2960 2276 εὐτελεστέρων,
3015 2203 3106 2258 καὶ
3161 2203 3278 2259 κατ’
3325 2202 3501 2260 αὐτῶν
3546 2203 3794 2269 ἐπελθεῖν

2137 2286 2512 2365 ἐπειγομένου,
2591 2289 2684 2345 καὶ
2759 2294 2856 2346 τοῦ
2919 2291 3278 2368 τουρμάρχου
3331 2297 3430 2348 τοῦ
3485 2292 3799 2349 ἐπακολου-

2140 2377 2364 2442 θοῦντος
2419 2381 2500 2449 τῷ
2555 2377 2772 2451 κούρσῳ
2828 2380 3330 2454 καταμελήσαντος,
3386 2380 3476 2436 καὶ
3532 2383 3610 2452 μὴ
3667 2381 3802 2445 τοὺς

2139 2465 2350 2542 λόχους
2380 2465 2568 2530 καλῶς
2621 2466 3028 2543 ἐρευνήσαντος,
3079 2467 3367 2541 ἀδοκήτως
3418 2471 3501 2544 τῷ
3546 2469 3800 2546 ἐγκρύμ-

2141 2585 2270 2637 ματι
2328 2564 2729 2639 περιπέπτωκε.
2787 2571 2869 2642 [Ρ.
2915 2569 3037 2641 147]
3095 2568 3198 2626 Καὶ
3254 2569 3348 2623 ’ἱνα
3408 2570 3484 2641 μὴ
3542 2573 3796 2624 τοιοῦτον

2137 2655 2381 2730 γένηται,
2430 2653 2512 2711 δεῖ
2543 2677 2622 2726 σε,
2681 2654 2727 2712 ὦ
2785 2659 3078 2733 στρατηγέ,
3108 2655 3329 2728 πολλὴν
3359 2660 3464 2728 τὴν
3493 2657 3795 2738 ἄσφάλειαν

2135 2748 2432 2816 ποιεῖσθαι,
2489 2746 2577 2800 καὶ
2637 2745 2852 2817 ἐρευνᾷν
2909 2745 3037 2809 τοὺς
3093 2747 3317 2810 κοίλους
3347 2752 3455 2804 τῶν
3485 2748 3669 2804 τόπων
3701 2751 3797 2804 καὶ

2135 2832 2464 2908 ἆποκρύφων
2523 2834 2592 2904 ⁸³,
2651 2832 2740 2889 διὰ
2793 2829 3185 2912 καϐαλλαρίων
3264 2835 3468 2900 ἳππους
3546 2837 3795 2914 ἐχόντων

373 2927 572 2984 locum
603 2927 944 2983 amandare.
1004 2928 1199 2994 Acies,
1254 2927 1328 2983 ob
1385 2929 1718 2999 insperatas
1765 2927 2025 2983 hostium

2133 2929 2322 2998 ταχεῖς
2353 2922 2443 2978 καὶ
2474 2918 2676 2999 ἀκριϐῆ
2736 2921 2942 2996 εἴδησιν
2974 2929 3084 2980 τῶν
3137 2926 3342 2981 τόπων·
3400 2927 3488 2982 καὶ
3546 2927 3672 3003 περὶ
3728 2929 3797 2984 τὸ

375 3017 646 3086 insidias,
679 3019 976 3073 instruere
1015 3021 1248 3089 oportet
1293 3017 1356 3072 in
1389 3017 1542 3074 228
1573 3019 1732 3073 hunc
1761 3015 2024 3072 modum.

2134 3011 2446 3089 διάφαυσμα
2476 3010 2608 3089 διχῆ
2643 3011 2844 3069 διελεῖν
2896 3015 2958 3070 τὸ
3004 3015 3334 3090 στράτευμα,
3371 3014 3425 3070 εἴ
3445 3036 3508 3090 γε
3537 3016 3616 3080 εἰς
3641 3017 3795 3088 πλῆ-

377 3107 545 3163 Prior
565 3108 911 3180 prmfectum
933 3107 1150 3164 habeat
1168 3124 1354 3163 unum
1381 3107 1454 3163 de
1474 3107 1725 3163 ducibus
1748 3112 2025 3179 przestan-

2133 3102 2228 3168 θός
2281 3102 2413 3174 ἐστι,
2470 3103 2560 3158 καὶ
2619 3102 2696 3165 είς
2746 3109 2894 3179 τρεῖς
2951 3102 3261 3178 ἀριθμεῖται
3305 3103 3564 3181 χιλιάδας
3594 3106 3662 3142 ⁶³”
3697 3107 3792 3162 καὶ

377 3197 626 3254 tioribus
659 3203 717 3253 et
743 3198 981 3254 tertiam
1011 3202 1242 3270 partem
1272 3197 1573 3269 copiarum
1595 3202 1864 3253 tuarum:
1898 3195 2024 3252 haac

2133 3191 2260 3254 τοὺς
2292 3193 2388 3266 μὶν
2419 3193 2910 3268 παραΐππαράτους
2965 3192 3054 3248 καὶ
3110 3195 3210 3258 τὰς
3256 3194 3422 3269 ταγὰς
3469 3198 3573 3250 τῶν
3605 3195 3794 3250 ἳππων

381 3243 626 3254 -..ωηεν
660 3243 717 3253 ν-
749 3243 981 3254 .----.....
1012 3243 1242 3270 ,πη-ν...
1274 3243 1573 3269 --,.-..-..--.
1599 3243 1860 3253 -....-......
1899 3243 2023 3252 ..νη

373 3303 409 3342 a
437 3291 599 3360 tergo
631 3287 984 3343 turmarchas
1011 3288 1125 3342 iter
1151 3286 1347 3343 faciat.
1379 3289 1462 3342 Tu
1493 3304 1628 3343 cum
1655 3286 1781 3342 acie
1812 3285 2021 3358 majori

2133 3243 2871 3360 g.;,;.j;.',..;;3;"Q35;
2888 3243 3580 3358 ’ἀτὲξέτελλὲινέἵὲχιζεῖιέι
3607 3243 3788 3358 ἔέτέᾧξ

371 3393 530 3450 pone
586 3377 847 3452 priorem
899 3377 1205 3444 incedens,
1253 3377 1406 3433 habe
1454 3377 1596 3432 item
1629 3392 1764 3432 saca
1793 3380 1957 3431 tuum
1991 3391 2025 3430 a

371 3470 559 3538 tergo,
593 3466 751 3538 quod
783 3473 839 3522 te
869 3483 1006 3522 cum
1032 3467 1238 3539 paucis
1269 3466 1568 3538 equitibus
1608 3471 1925 3536 sequatur:
1959 3469 2026 3520 ut

373 3556 422 3611 si
453 3555 689 3621 accidit,
721 3555 923 3610 hostes
981 3555 1222 3611 structis
1282 3555 1388 3609 tibi
1441 3555 1674 3610 insidiis
1706 3555 2021 3626 plerosque

371 3660 512 3699 suos
542 3644 724 3698 fortes
754 3644 976 3699 milites
1007 3644 1069 3698 in
1102 3643 1345 3698 latebris
1384 3643 1729 3709 collocasse,
1765 3648 2023 3699 turmar-

370 3731 661 3801 chamque
692 3748 754 3786 se
787 3736 1135 3801 sequentem
1159 3732 1464 3798 invasisse,
1489 3733 1652 3803 prior
1680 3733 1858 3799 acies,
1890 3749 2021 3803 qum

370 3824 507 3874 ante
565 3824 624 3874 te
683 3819 970 3890 ambulat,
1027 3819 1337 3875 subveniat
1420 3835 1676 3890 eumque
1745 3821 2019 3892 excipiat.

367 3908 580 3963 Praelio
627 3924 763 3964 cum
822 3908 928 3964 illa
982 3909 1322 3978 commisso,
1355 3909 1592 3978 quando
1618 3909 1818 3964 hostes
1846 3909 2019 3964 dimi-

365 3998 555 4054 cando
587 3998 821 4070 disjecti
853 3998 1092 4054 ordines
1138 3999 1428 4070 ruperint,
1462 4004 1525 4054 tu
1567 3999 1886 4071 dissipatos
1913 4017 2022 4056 na-

365 4093 495 4144 ctus
523 4087 791 4144 funditus
820 4087 1039 4144 vinces.
1093 4089 1149 4143 Si
1197 4087 1399 4144 hostes
1449 4104 1572 4144 non
1612 4105 1674 4144 se
1705 4093 1918 4161 parant
1944 4090 2018 4146 ad

363 4177 659 4250 ejusmodi
681 4177 950 4245 insidias,
970 4177 1074 4232 sed
1095 4177 1170 4232 ad
1193 4178 1604 4234 excursionem
1622 4195 2018 4252 agrorumque

360 4266 809 4341 populationem
832 4271 1174 4339 properant,
1199 4266 1382 4322 debes
1402 4273 1540 4324 ante
1571 4267 1766 4324 lucem
1793 4274 2035 4325 turmas-

359 4358 447 4413 tui
480 4357 774 4413 exercitus
803 4357 865 4412 in
905 4357 1199 4429 ejusmodi
1258 4356 1404 4412 locis
1461 4358 1780 4424 occultare,
1814 4359 1913 4414 ubi
1945 4359 2016 4414 ab

362 4447 634 4502 hostibus
666 4445 1058 4502 animadverti
1089 4451 1414 4518 nequeant,
1447 4452 1625 4518 atque
1656 4448 1716 4502 in
1748 4448 1842 4503 his
1871 4447 2020 4504 late-

359 4535 484 4592 bris
517 4537 836 4608 persistere
868 4553 1055 4608 usque
1088 4537 1161 4593 ad
1192 4537 1428 4593 tertiam
1458 4537 1549 4592 vel
1598 4543 1868 4608 quartam
1899 4537 2018 4594 diei

2129 3371 2240 3433 Τὰς
2298 3367 2357 3425 δὲ
2409 3367 2729 3445 παρατάξεις
2799 3368 2972 3433 οὕτως
3051 3367 3136 3425 δεῖ
3213 3374 3638 3445 παρασκευάσαι,
3699 3369 3792 3427 διᾶ

2127 3459 2224 3522 τὰς
2273 3463 2381 3514 τῶν
2441 3458 2726 3532 πολεμίων
2787 3457 3092 3530 ἆδοκήτους
3147 3457 3388 3537 ἐνέδρας.
3441 3460 3540 3517 Καὶ
3585 3464 3621 3532 ἠ
3685 3462 3786 3536 μὶν

2129 3550 2321 3625 πρώτη
2383 3546 2558 3624 ἐχέτω
2617 3547 2866 3624 άρχηγον
2921 3553 3030 3604 τῶν
3091 3549 3543 3625 ἆξιολογωτέρων
3586 3570 3786 3626 στρατ-

2129 3641 2298 3713 ηγῶν,
2327 3639 2418 3693 καὶ
2446 3637 2510 3692 τὸ
2537 3637 2722 3711 τρίτον
2757 3639 2921 3712 μέρος
2966 3637 3064 3693 τοῦ
3115 3638 3218 3694 ὑπὸ
3247 3635 3306 3694 δὶ
3336 3637 3492 3708 λαοῦ,
3524 3641 3617 3695 καὶ
3648 3639 3782 3696 ὅπι-

2131 3737 2249 3791 σθεν
2315 3727 2410 3800 μὲν
2467 3731 2566 3782 τοῦ
2619 3727 2980 3801 τουρμάρχου
3038 3723 3420 3800 ὀδοιπορείτω.
3454 3727 3530 3784 Σὺ
3556 3725 3617 3784 δὶ
3649 3729 3787 3803 μετὰ

2127 3823 2226 3886 τῆς
2287 3815 2531 3892 μεγάλης
2582 3815 2931 3891 παρατάξεως
3002 3815 3365 3872 ἐπακολούθει
3440 3821 3511 3893 τῇ
3567 3819 3783 3895 πρώτῃ,

2129 3901 2272 3981 ἔχων
2312 3903 2402 3960 καὶ
2457 3904 2522 3960 τὸ
2579 3902 2711 3959 σάκα
2759 3898 2978 3959 ὄπισθέν
3039 3926 3140 3960 σου
3191 3907 3307 3978 μετ’
3339 3905 3542 3983 ὀλίγων
3571 3908 3786 3963 ἱππέων

2130 3991 2555 4058 ἐπακολουθοῦν·
2615 3993 2727 4063 ἳνα,
2785 3992 2834 4048 εἲ
2891 3988 3076 4068 συμϐῇ
3134 3995 3272 4050 κατὰ
3325 3999 3425 4051 σοῦ
3478 3993 3787 4072 ἐνεδρεῦσαι

2126 4091 2254 4155 τοὺς
2284 4090 2613 4165 πολεμίους,
2672 4091 2764 4146 καὶ
2816 4090 2948 4156 τοὺς
2995 4092 3256 4155 πλείονας
3289 4091 3464 4149 αὐτῶν
3495 4093 3786 4170 μαχίμους

2126 4177 2321 4256 ἄνδρας
2395 4181 2473 4243 είς
2549 4178 2759 4256 λόχους
2830 4188 3187 4251 καταστῆσαι,
3252 4181 3344 4238 καὶ
3403 4181 3650 4239 ἐπελθεῖν
3707 4185 3790 4257 τῷ

2126 4271 2313 4332 αὐτοῖς
2370 4268 2835 4334 ἐπακολουθοῦντι
2890 4272 3243 4347 τουρμάρχῃ,
3315 4269 3533 4344 δέξηται
3585 4277 3787 4329 τοῦτον

2126 4354 2501 4430 ἐπιϐοηθοῦσα
2556 4361 2591 4429 ἠ
2650 4360 2842 4435 πρώτη
2901 4359 2990 4414 καὶ
3047 4358 3353 4436 ἔμπροσθέν
3403 4383 3500 4418 σου
3549 4383 3790 4436 περιπαο

2124 4452 2292 4504 τοῦσα
2321 4447 2638 4524 παράταξις,
2695 4447 2825 4505 Εἶτα
2881 4447 3134 4523 πολέμου
3193 4451 3310 4523 μετ’
3369 4449 3537 4520 αὐτῆς
3579 4451 3786 4529 συῤῥα-

2124 4537 2336 4615 γέντος,
2365 4536 2456 4593 καὶ
2511 4542 2620 4593 τῶν
2677 4536 2964 4611 πολεμίων
3023 4535 3564 4615 διασκορπιζομένων
3617 4541 3673 4598 ἐν
3711 4546 3785 4616 τῇ

361 4635 592 4701 horam,
626 4634 816 4691 donec
846 4635 1048 4691 hostes
1105 4635 1435 4708 praedatum
1485 4635 1699 4708 dilapsi
1734 4636 1892 4690 sint:
1926 4636 2017 4692 his

2133 4629 2285 4704 μάχῃ
2317 4626 2409 4682 καὶ
2455 4627 2556 4696 τήν
2612 4626 2762 4698 τάξιν
2821 4624 3087 4699 λυόντων,
3139 4627 3313 4704 εύρὼν
3342 4629 3543 4696 αὐτοὺς
3574 4627 3789 4688 διεσκε-

360 4723 600 4795 longius
655 4741 689 4780 a
747 4725 931 4798 signis
983 4725 1198 4781 Amiraa
1252 4725 1555 4800 digressis,
1588 4726 1671 4781 ita
1717 4731 1782 4781 ut
1810 4726 2014 4798 paucis

363 4811 654 4868 militibus
710 4813 934 4870 relictis
993 4815 1394 4886 infrequentia
1450 4815 1694 4872 armatis
1747 4816 1885 4882 sint,
1945 4832 2016 4872 ea

363 4900 596 4970 invade,
627 4907 864 4975 tresque
923 4904 1080 4960 acies
1139 4912 1444 4978 exaaquata
1469 4905 1664 4962 fronte
1695 4906 2012 4978 praemitte,

364 5007 495 5062 quas
525 5008 785 5066 pugnam
815 5001 1160 5066 capessant:
1195 5000 1258 5051 tu
1301 5013 1437 5052 cum
1471 4995 1674 5052 alteris
1704 4997 1891 5052 tribus
1923 4995 2011 5051 vel

360 5085 628 5152 quatuor,
644 5082 886 5138 aciebus
911 5084 1138 5155 priores
1181 5101 1437 5157 sequens
1463 5087 1708 5158 propius
1738 5085 2006 5142 succede.

353 5169 592 5226 Priores
612 5172 770 5227 acies
791 5178 1104 5244 postquam
1123 5190 1336 5229 manus
1353 5174 2009 5247 contulerunt,perinde

353 5262 419 5311 ut
447 5263 580 5315 tuos
610 5260 952 5331 prmliantes
978 5261 1224 5329 videbis,
1247 5262 1330 5317 ita
1353 5263 1572 5318 auxilia
1599 5263 2006 5318 subministra.

349 5350 433 5401 Ac
457 5348 651 5420 primo
678 5349 829 5406 229
854 5349 1096 5421 quidem
1127 5349 1285 5407 acies
1305 5356 1624 5422 utrumque
1656 5357 1824 5406 tuum
1853 5351 2007 5406 latus

2125 4715 2425 4792 δασμένους
2487 4715 2871 4793 ὑπερισχύσεις
2943 4716 3139 4774 αὐτῶν.
3200 4721 3317 4773 Τῶν
3379 4716 3438 4776 δὲ
3491 4719 3788 4794 πολεμίων

2121 4807 2259 4882 πρὸς
2311 4807 2412 4874 τὴν
2472 4803 2731 4876 τοιαύτην
2779 4802 2995 4881 ἐνέδραν
3073 4806 3151 4880 μὴ
3209 4810 3787 4884 παρασκευασθέντων,

2122 4904 2268 4961 ἀλλᾶ
2313 4905 2450 4980 πρὸς
2505 4904 2568 4959 τὸ
2621 4901 2910 4978 ἐκδραμεῖν
2968 4905 3058 4960 καὶ
3119 4906 3217 4968 τὰς
3260 4907 3451 4981 χώρας
3483 4905 3785 4977 ληΐσασθαι

2119 4991 2618 5069 κατεπειγομένων,
2667 4994 2781 5068 χρή
2841 4993 2948 5066 πρὸ
3003 4998 3101 5050 τοῦ
3159 4992 3446 5071 διαυγάσαι
3475 4995 3572 5060 τὰς
3599 4997 3786 5068 τάξεις

2118 5085 2214 5136 τοῦ
2249 5080 2353 5136 ὑπὸ
2410 5081 2469 5136 σε
2525 5079 2928 5155 στρατεύματος
2989 5080 3066 5144 είς
3121 5081 3322 5146 τόπους
3351 5085 3400 5121 ⁸⁸
3439 5082 3782 5158 ἀποκρῦψαι,

2118 5172 2254 5245 πρὸς
2309 5171 2372 5225 τὸ
2433 5170 2508 5242 μὴ
2569 5173 2686 5231 τοῖς
2741 5168 3037 5244 πολεμίοις
3081 5177 3420 5248 φωραθῆναι,
3451 5171 3542 5228 καὶ
3573 5171 3632 5228 ἐν
3657 5180 3785 5239 τοῖς

2117 5259 2389 5322 τοιούτοις
2443 5256 2786 5334 ἐγκρύμμασι
2844 5265 3176 5336 καρτερῆσαι
3232 5260 3365 5337 ἄχρι
3412 5261 3604 5338 τρίτης
3633 5263 3786 5336 ὥρας

2115 5350 2151 5418 ἢ
2185 5347 2274 5404 καὶ
2303 5346 2564 5423 τετάρτης
2613 5353 2715 5418 τῆς
2769 5347 3004 5426 ἡμέρας,
3033 5345 3142 5414 ἓως
3170 5349 3230 5407 ἂν
3258 5351 3312 5407 οἱ
3339 5350 3607 5426 πολέμιοι
3638 5352 3787 5429 πρὸς

1565 5503 1626 5558 C.
1659 5502 1722 5559 Β.
1773 5502 1964 5558 HASII
1993 5502 2552 5560 ANNOTATIONES.

418 5623 465 5659 ⁶¹
499 5623 946 5701 χωρίοιςηξῗοῐι.
980 5623 1230 5701 χρόνοιςἶ
1303 5625 1351 5660 ⁸³
1407 5626 1560 5701 Fert.
1622 5625 1996 5701 ἀποκρύφους..

2073 5624 2121 5662 ⁸³
2178 5622 2459 5704 χιλιάδας.
2518 5627 2660 5684 Cod.
2720 5629 2780 5684 Β.
2818 5623 3108 5704 μυριᾶδας.
3151 5630 3264 5688 Sed
3296 5629 3453 5689 infra
3482 5631 3605 5688 148.
3638 5633 3688 5688 Α
3717 5632 3780 5689 is

351 5685 602 5768 quoque.
622 5693 910 5770 mea“.
983 5685 1032 5751 δῖ
1062 5696 1140 5761 εἷς
1169 5685 1412 5758 τόπους.-
1430 5698 1670 5755 Videtur
1694 5685 1790 5756 m6
1821 5685 2025 5757 excidi:

2143 5685 2236 5772 εδ]
2248 5685 2500 5755 ectivum
2509 5739 2523 5755 .
