  <div class='ocr_page' id='page_1' title='image "/cluster/home/n/w/nwhite01/storage/ocr_20150623/117/hvd.32044073502239/494.png"; bbox 0 0 4078 6204; ppageno 0'>
   <div class='ocr_carea' id='block_1_1' title="bbox 298 347 421 408">
    <p class='ocr_par' dir='ltr' id='par_1_1' title="bbox 298 347 421 408">
     <span class='ocr_line' id='line_1_1' title="bbox 298 347 421 408; baseline 0 0"><span class='ocrx_word' id='word_1_1' title='bbox 298 347 421 408; x_wconf 80' lang='grc'>977</span> 
     </span>
    </p>
   </div>
   <div class='ocr_carea' id='block_1_2' title="bbox 1572 347 2412 414">
    <p class='ocr_par' dir='ltr' id='par_1_2' title="bbox 1572 347 2412 414">
     <span class='ocr_line' id='line_1_2' title="bbox 1572 347 2412 414; baseline -0.007 0"><span class='ocrx_word' id='word_1_2' title='bbox 1572 348 2011 414; x_wconf 83' lang='lat' dir='ltr'>VELITATIO</span> <span class='ocrx_word' id='word_1_3' title='bbox 2051 347 2412 411; x_wconf 80' lang='lat' dir='ltr'>BELLIGA.</span> 
     </span>
    </p>
   </div>
   <div class='ocr_carea' id='block_1_3' title="bbox 3603 339 3720 431">
    <p class='ocr_par' dir='ltr' id='par_1_3' title="bbox 3603 339 3720 431">
     <span class='ocr_line' id='line_1_3' title="bbox 3603 339 3720 431; baseline 0 -32"><span class='ocrx_word' id='word_1_4' title='bbox 3603 339 3720 431; x_wconf 75' lang='lat' dir='ltr'>97s</span> 
     </span>
    </p>
   </div>
   <div class='ocr_carea' id='block_1_4' title="bbox 302 473 1950 560">
    <p class='ocr_par' dir='ltr' id='par_1_4' title="bbox 302 474 1950 560">
     <span class='ocr_line' id='line_1_4' title="bbox 302 474 1950 560; baseline 0.004 -29"><span class='ocrx_word' id='word_1_5' title='bbox 302 474 458 532; x_wconf 88' lang='grc' dir='ltr'>λείαν</span> <span class='ocrx_word' id='word_1_6' title='bbox 497 475 810 550; x_wconf 67' lang='grc' dir='ltr'>ἐξελάσωσν</span> <span class='ocrx_word' id='word_1_7' title='bbox 866 477 957 534; x_wconf 86' lang='grc' dir='ltr'>καὶ</span> <span class='ocrx_word' id='word_1_8' title='bbox 1016 478 1224 536; x_wconf 90' lang='grc' dir='ltr'>τούτων</span> <span class='ocrx_word' id='word_1_9' title='bbox 1279 480 1470 559; x_wconf 76' lang='grc' dir='ltr'>πόῤῥω</span> <span class='ocrx_word' id='word_1_10' title='bbox 1525 482 1827 560; x_wconf 76' lang='grc' dir='ltr'>γινομένων</span> <span class='ocrx_word' id='word_1_11' title='bbox 1858 490 1950 553; x_wconf 77' lang='grc' dir='ltr'>τῆς</span> 
     </span>
    </p>
   </div>
   <div class='ocr_carea' id='block_1_5' title="bbox 2061 473 3717 560">
    <p class='ocr_par' dir='ltr' id='par_1_5' title="bbox 2074 473 3717 555">
     <span class='ocr_line' id='line_1_5' title="bbox 2074 473 3717 555; baseline -0.005 -18"><span class='ocrx_word' id='word_1_12' title='bbox 2074 486 2338 555; x_wconf 81' lang='lat' dir='ltr'>tegentes</span> <span class='ocrx_word' id='word_1_13' title='bbox 2386 480 2700 552; x_wconf 65' lang='lat' dir='ltr'>prmmitte,</span> <span class='ocrx_word' id='word_1_14' title='bbox 2734 482 2799 533; x_wconf 92' lang='lat' dir='ltr'>ut</span> <span class='ocrx_word' id='word_1_15' title='bbox 2839 476 3109 533; x_wconf 81' lang='lat' dir='ltr'>hostibus</span> <span class='ocrx_word' id='word_1_16' title='bbox 3158 474 3325 547; x_wconf 89' lang='lat' dir='ltr'>signa</span> <span class='ocrx_word' id='word_1_17' title='bbox 3371 473 3652 541; x_wconf 82' lang='lat' dir='ltr'>inferant,</span> <span class='ocrx_word' id='word_1_18' title='bbox 3685 490 3717 528; x_wconf 89' lang='lat' dir='ltr'>e</span> 
     </span>
    </p>
   </div>
   <div class='ocr_carea' id='block_1_6' title="bbox 301 567 1955 648">
    <p class='ocr_par' dir='ltr' id='par_1_6' title="bbox 301 567 1955 648">
     <span class='ocr_line' id='line_1_6' title="bbox 301 567 1955 648; baseline 0.005 -28"><span class='ocrx_word' id='word_1_19' title='bbox 301 571 402 621; x_wconf 75' lang='grc' dir='ltr'>τοῦ</span> <span class='ocrx_word' id='word_1_20' title='bbox 449 567 642 644; x_wconf 85' lang='grc' dir='ltr'>ἆμηρᾶ</span> <span class='ocrx_word' id='word_1_21' title='bbox 710 570 1079 643; x_wconf 79' lang='grc' dir='ltr'>παρατάξεως,</span> <span class='ocrx_word' id='word_1_22' title='bbox 1128 573 1243 644; x_wconf 86' lang='grc' dir='ltr'>μετ’</span> <span class='ocrx_word' id='word_1_23' title='bbox 1291 570 1492 646; x_wconf 71' lang='grc' dir='ltr'>ὀλίγων</span> <span class='ocrx_word' id='word_1_24' title='bbox 1538 571 1746 648; x_wconf 84' lang='grc' dir='ltr'>ἀνδρῶν</span> <span class='ocrx_word' id='word_1_25' title='bbox 1796 594 1955 628; x_wconf 86' lang='grc' dir='ltr'>κατα-</span> 
     </span>
    </p>
   </div>
   <div class='ocr_carea' id='block_1_7' title="bbox 304 654 1957 736">
    <p class='ocr_par' dir='ltr' id='par_1_7' title="bbox 304 654 1957 736">
     <span class='ocr_line' id='line_1_7' title="bbox 304 654 1957 736; baseline 0.005 -26"><span class='ocrx_word' id='word_1_26' title='bbox 304 654 758 730; x_wconf 86' lang='grc' dir='ltr'>λεμπανομένης,</span> <span class='ocrx_word' id='word_1_27' title='bbox 803 659 891 712; x_wconf 80' lang='grc' dir='ltr'>καὶ</span> <span class='ocrx_word' id='word_1_28' title='bbox 954 660 1031 731; x_wconf 77' lang='grc' dir='ltr'>μὴ</span> <span class='ocrx_word' id='word_1_29' title='bbox 1086 658 1299 729; x_wconf 82' lang='grc' dir='ltr'>πλῆθος</span> <span class='ocrx_word' id='word_1_30' title='bbox 1358 659 1598 736; x_wconf 88' lang='grc' dir='ltr'>ἐχούσης</span> <span class='ocrx_word' id='word_1_31' title='bbox 1652 661 1809 733; x_wconf 77' lang='grc' dir='ltr'>λαοῦ,</span> <span class='ocrx_word' id='word_1_32' title='bbox 1842 664 1957 717; x_wconf 88' lang='grc' dir='ltr'>κατ’</span> 
     </span>
    </p>
   </div>
   <div class='ocr_carea' id='block_1_8' title="bbox 308 743 1954 825">
    <p class='ocr_par' dir='ltr' id='par_1_8' title="bbox 308 743 1954 825">
     <span class='ocr_line' id='line_1_8' title="bbox 308 743 1954 825; baseline 0.004 -26"><span class='ocrx_word' id='word_1_33' title='bbox 308 743 480 815; x_wconf 77' lang='grc' dir='ltr'>αὐτῆς</span> <span class='ocrx_word' id='word_1_34' title='bbox 506 744 774 810; x_wconf 84' lang='grc' dir='ltr'>ἐπελθεῖν.</span> <span class='ocrx_word' id='word_1_35' title='bbox 832 748 935 803; x_wconf 80' lang='grc' dir='ltr'>Καὶ</span> <span class='ocrx_word' id='word_1_36' title='bbox 985 753 1133 822; x_wconf 80' lang='grc' dir='ltr'>τρεῖς</span> <span class='ocrx_word' id='word_1_37' title='bbox 1193 750 1287 823; x_wconf 76' lang='grc' dir='ltr'>μὲν</span> <span class='ocrx_word' id='word_1_38' title='bbox 1348 748 1649 825; x_wconf 81' lang='grc' dir='ltr'>ἔμπροσθεν</span> <span class='ocrx_word' id='word_1_39' title='bbox 1706 750 1954 823; x_wconf 81' lang='grc' dir='ltr'>παρατά-</span> 
     </span>
    </p>
   </div>
   <div class='ocr_carea' id='block_1_9' title="bbox 307 832 1956 914">
    <p class='ocr_par' dir='ltr' id='par_1_9' title="bbox 307 832 1956 914">
     <span class='ocr_line' id='line_1_9' title="bbox 307 832 1956 914; baseline 0.004 -26"><span class='ocrx_word' id='word_1_40' title='bbox 307 832 418 904; x_wconf 84' lang='grc' dir='ltr'>ξεις</span> <span class='ocrx_word' id='word_1_41' title='bbox 456 834 780 891; x_wconf 86' lang='grc' dir='ltr'>ἀποστεῖλαι</span> <span class='ocrx_word' id='word_1_42' title='bbox 839 835 1237 911; x_wconf 81' lang='grc' dir='ltr'>ίσομετώπους,</span> <span class='ocrx_word' id='word_1_43' title='bbox 1296 835 1628 914; x_wconf 80' lang='grc' dir='ltr'>προσϐαλεῖν</span> <span class='ocrx_word' id='word_1_44' title='bbox 1686 838 1956 914; x_wconf 60' lang='grc' dir='ltr'>πόλεμον</span> 
     </span>
    </p>
   </div>
   <div class='ocr_carea' id='block_1_10' title="bbox 310 921 1956 1005">
    <p class='ocr_par' dir='ltr' id='par_1_10' title="bbox 310 921 1956 1005">
     <span class='ocr_line' id='line_1_10' title="bbox 310 921 1956 1005; baseline 0.005 -28"><span class='ocrx_word' id='word_1_45' title='bbox 310 923 370 978; x_wconf 77' lang='grc' dir='ltr'>σέ</span> <span class='ocrx_word' id='word_1_46' title='bbox 404 921 462 978; x_wconf 75' lang='grc' dir='ltr'>δὲ</span> <span class='ocrx_word' id='word_1_47' title='bbox 521 927 639 998; x_wconf 86' lang='grc' dir='ltr'>μεθ’</span> <span class='ocrx_word' id='word_1_48' title='bbox 669 925 863 1000; x_wconf 77' lang='grc' dir='ltr'>ἐτέρων</span> <span class='ocrx_word' id='word_1_49' title='bbox 922 931 1089 1003; x_wconf 82' lang='grc' dir='ltr'>τριῶν</span> <span class='ocrx_word' id='word_1_50' title='bbox 1150 929 1185 998; x_wconf 70' lang='grc' dir='ltr'><strong>ἢ</strong></span> <span class='ocrx_word' id='word_1_51' title='bbox 1244 928 1335 983; x_wconf 83' lang='grc' dir='ltr'>καὶ</span> <span class='ocrx_word' id='word_1_52' title='bbox 1382 927 1655 1005; x_wconf 80' lang='grc' dir='ltr'>τεσσᾶρων</span> <span class='ocrx_word' id='word_1_53' title='bbox 1714 932 1956 1005; x_wconf 82' lang='grc' dir='ltr'>παρατά-</span> 
     </span>
    </p>
   </div>
   <div class='ocr_carea' id='block_1_11' title="bbox 309 1013 1959 1090">
    <p class='ocr_par' dir='ltr' id='par_1_11' title="bbox 309 1013 1959 1090">
     <span class='ocr_line' id='line_1_11' title="bbox 309 1013 1959 1090; baseline 0.004 -22"><span class='ocrx_word' id='word_1_54' title='bbox 309 1013 478 1084; x_wconf 82' lang='grc' dir='ltr'>ξεων,</span> <span class='ocrx_word' id='word_1_55' title='bbox 528 1019 649 1077; x_wconf 83' lang='grc' dir='ltr'>ταῖς</span> <span class='ocrx_word' id='word_1_56' title='bbox 707 1016 951 1090; x_wconf 83' lang='grc' dir='ltr'>πρώταις</span> <span class='ocrx_word' id='word_1_57' title='bbox 1007 1015 1291 1090; x_wconf 88' lang='grc' dir='ltr'>ἐπόμενον,</span> <span class='ocrx_word' id='word_1_58' title='bbox 1353 1017 1591 1089; x_wconf 79' lang='grc' dir='ltr'>πλησίον</span> <span class='ocrx_word' id='word_1_59' title='bbox 1651 1018 1959 1075; x_wconf 87' lang='grc' dir='ltr'>ἐπακολου-</span> 
     </span>
    </p>
   </div>
   <div class='ocr_carea' id='block_1_12' title="bbox 306 1102 1960 1185">
    <p class='ocr_par' dir='ltr' id='par_1_12' title="bbox 306 1102 1960 1185">
     <span class='ocr_line' id='line_1_12' title="bbox 306 1102 1960 1185; baseline 0.004 -28"><span class='ocrx_word' id='word_1_60' title='bbox 306 1103 439 1158; x_wconf 88' lang='grc' dir='ltr'>θεῖν.</span> <span class='ocrx_word' id='word_1_61' title='bbox 472 1102 577 1159; x_wconf 82' lang='grc' dir='ltr'>Καὶ</span> <span class='ocrx_word' id='word_1_62' title='bbox 636 1105 801 1173; x_wconf 78' lang='grc' dir='ltr'>ἡνίκα</span> <span class='ocrx_word' id='word_1_63' title='bbox 831 1106 888 1159; x_wconf 72' lang='grc' dir='ltr'>αἱ</span> <span class='ocrx_word' id='word_1_64' title='bbox 943 1109 1159 1182; x_wconf 87' lang='grc' dir='ltr'>πρῶται</span> <span class='ocrx_word' id='word_1_65' title='bbox 1215 1108 1537 1183; x_wconf 80' lang='grc' dir='ltr'>παρατάξεις</span> <span class='ocrx_word' id='word_1_66' title='bbox 1589 1115 1689 1179; x_wconf 80' lang='grc' dir='ltr'>τῆς</span> <span class='ocrx_word' id='word_1_67' title='bbox 1749 1108 1809 1164; x_wconf 81' lang='grc' dir='ltr'>ἐκ</span> <span class='ocrx_word' id='word_1_68' title='bbox 1838 1128 1960 1185; x_wconf 86' lang='grc' dir='ltr'>χει-</span> 
     </span>
    </p>
   </div>
   <div class='ocr_carea' id='block_1_13' title="bbox 305 1192 1960 1272">
    <p class='ocr_par' dir='ltr' id='par_1_13' title="bbox 305 1192 1960 1272">
     <span class='ocr_line' id='line_1_13' title="bbox 305 1192 1960 1272; baseline 0.005 -28"><span class='ocrx_word' id='word_1_69' title='bbox 305 1210 415 1265; x_wconf 84' lang='grc' dir='ltr'>ρων</span> <span class='ocrx_word' id='word_1_70' title='bbox 507 1192 699 1267; x_wconf 80' lang='grc' dir='ltr'>μάχης</span> <span class='ocrx_word' id='word_1_71' title='bbox 755 1192 1062 1270; x_wconf 70' lang='grc' dir='ltr'>ἄρξωνται,</span> <span class='ocrx_word' id='word_1_72' title='bbox 1124 1196 1303 1260; x_wconf 88' lang='grc' dir='ltr'>καθὼς</span> <span class='ocrx_word' id='word_1_73' title='bbox 1365 1198 1492 1272; x_wconf 80' lang='grc' dir='ltr'>ὁρᾷς</span> <span class='ocrx_word' id='word_1_74' title='bbox 1547 1196 1675 1262; x_wconf 76' lang='grc' dir='ltr'>τοὺς</span> <span class='ocrx_word' id='word_1_75' title='bbox 1723 1198 1960 1263; x_wconf 83' lang='grc' dir='ltr'>οἰκείους</span> 
     </span>
    </p>
   </div>
   <div class='ocr_carea' id='block_1_14' title="bbox 305 1280 1956 1363">
    <p class='ocr_par' dir='ltr' id='par_1_14' title="bbox 305 1280 1956 1363">
     <span class='ocr_line' id='line_1_14' title="bbox 305 1280 1956 1363; baseline 0.005 -29"><span class='ocrx_word' id='word_1_76' title='bbox 305 1280 743 1354; x_wconf 74' lang='grc' dir='ltr'>ἀγωνιζομένους</span> <span class='ocrx_word' id='word_1_77' title='bbox 779 1326 793 1352; x_wconf 93' lang='grc'>,</span> <span class='ocrx_word' id='word_1_78' title='bbox 854 1282 995 1338; x_wconf 74' lang='grc' dir='ltr'>οὕτω</span> <span class='ocrx_word' id='word_1_79' title='bbox 1044 1285 1133 1339; x_wconf 79' lang='grc' dir='ltr'>καὶ</span> <span class='ocrx_word' id='word_1_80' title='bbox 1187 1286 1449 1360; x_wconf 74' lang='grc' dir='ltr'>βοήθειαν</span> <span class='ocrx_word' id='word_1_81' title='bbox 1510 1288 1797 1363; x_wconf 83' lang='grc' dir='ltr'>παρέχειν.</span> <span class='ocrx_word' id='word_1_82' title='bbox 1856 1287 1956 1345; x_wconf 80' lang='grc' dir='ltr'>Καὶ</span> 
     </span>
    </p>
   </div>
   <div class='ocr_carea' id='block_1_15' title="bbox 303 1367 1959 1453">
    <p class='ocr_par' dir='ltr' id='par_1_15' title="bbox 303 1367 1959 1453">
     <span class='ocr_line' id='line_1_15' title="bbox 303 1367 1959 1453; baseline 0.006 -29"><span class='ocrx_word' id='word_1_83' title='bbox 303 1373 524 1444; x_wconf 89' lang='grc' dir='ltr'>πρῶτον</span> <span class='ocrx_word' id='word_1_84' title='bbox 573 1371 669 1444; x_wconf 76' lang='grc' dir='ltr'>μὲν</span> <span class='ocrx_word' id='word_1_85' title='bbox 708 1370 802 1433; x_wconf 76' lang='grc' dir='ltr'>τὰς</span> <span class='ocrx_word' id='word_1_86' title='bbox 859 1367 999 1427; x_wconf 79' lang='grc' dir='ltr'>ἔνθεν</span> <span class='ocrx_word' id='word_1_87' title='bbox 1055 1375 1301 1439; x_wconf 69' lang='grc' dir='ltr'>κάκεῖθεν</span> <span class='ocrx_word' id='word_1_88' title='bbox 1361 1376 1727 1451; x_wconf 83' lang='grc' dir='ltr'>συνεπομένας</span> <span class='ocrx_word' id='word_1_89' title='bbox 1782 1398 1959 1453; x_wconf 85' lang='grc' dir='ltr'>παρα-</span> 
     </span>
    </p>
   </div>
   <div class='ocr_carea' id='block_1_16' title="bbox 302 1458 1956 1544">
    <p class='ocr_par' dir='ltr' id='par_1_16' title="bbox 302 1458 1956 1544">
     <span class='ocr_line' id='line_1_16' title="bbox 302 1458 1956 1544; baseline 0.005 -31"><span class='ocrx_word' id='word_1_90' title='bbox 302 1458 481 1529; x_wconf 77' lang='grc' dir='ltr'>τάξεις</span> <span class='ocrx_word' id='word_1_91' title='bbox 551 1458 992 1534; x_wconf 88' lang='grc' dir='ltr'>πραποστεῖλαι,</span> <span class='ocrx_word' id='word_1_92' title='bbox 1049 1467 1168 1526; x_wconf 86' lang='grc' dir='ltr'>τοῖς</span> <span class='ocrx_word' id='word_1_93' title='bbox 1219 1461 1518 1538; x_wconf 83' lang='grc' dir='ltr'>πολεμίοις</span> <span class='ocrx_word' id='word_1_94' title='bbox 1604 1468 1956 1544; x_wconf 81' lang='grc' dir='ltr'>συναφθῆναι,</span> 
     </span>
    </p>
   </div>
   <div class='ocr_carea' id='block_1_17' title="bbox 306 1546 1958 1631">
    <p class='ocr_par' dir='ltr' id='par_1_17' title="bbox 306 1546 1958 1631">
     <span class='ocr_line' id='line_1_17' title="bbox 306 1546 1958 1631; baseline 0.005 -28"><span class='ocrx_word' id='word_1_95' title='bbox 306 1546 399 1603; x_wconf 85' lang='grc' dir='ltr'>καὶ</span> <span class='ocrx_word' id='word_1_96' title='bbox 432 1546 492 1603; x_wconf 90' lang='grc' dir='ltr'>ἐκ</span> <span class='ocrx_word' id='word_1_97' title='bbox 519 1552 629 1603; x_wconf 89' lang='grc' dir='ltr'>τῶν</span> <span class='ocrx_word' id='word_1_98' title='bbox 659 1547 862 1625; x_wconf 67' lang='grc' dir='ltr'>ἄκρων,</span> <span class='ocrx_word' id='word_1_99' title='bbox 905 1549 949 1606; x_wconf 79' lang='grc' dir='ltr'>εί</span> <span class='ocrx_word' id='word_1_100' title='bbox 979 1548 1227 1623; x_wconf 83' lang='grc' dir='ltr'>δυνατὸν,</span> <span class='ocrx_word' id='word_1_101' title='bbox 1257 1553 1347 1608; x_wconf 82' lang='grc' dir='ltr'>καὶ</span> <span class='ocrx_word' id='word_1_102' title='bbox 1400 1554 1460 1609; x_wconf 88' lang='grc' dir='ltr'>ἐκ</span> <span class='ocrx_word' id='word_1_103' title='bbox 1513 1553 1757 1631; x_wconf 80' lang='grc' dir='ltr'>πλαγίου</span> <span class='ocrx_word' id='word_1_104' title='bbox 1788 1577 1958 1630; x_wconf 81' lang='grc' dir='ltr'>προσ-</span> 
     </span>
    </p>
   </div>
   <div class='ocr_carea' id='block_1_18' title="bbox 309 1632 1958 1718">
    <p class='ocr_par' dir='ltr' id='par_1_18' title="bbox 309 1632 1958 1718">
     <span class='ocr_line' id='line_1_18' title="bbox 309 1632 1958 1718; baseline 0.007 -27"><span class='ocrx_word' id='word_1_105' title='bbox 309 1632 524 1708; x_wconf 77' lang='grc' dir='ltr'>ϐαλεῖν,</span> <span class='ocrx_word' id='word_1_106' title='bbox 552 1638 642 1693; x_wconf 88' lang='grc' dir='ltr'>καὶ</span> <span class='ocrx_word' id='word_1_107' title='bbox 674 1638 734 1694; x_wconf 88' lang='grc' dir='ltr'>ἐκ</span> <span class='ocrx_word' id='word_1_108' title='bbox 777 1641 966 1716; x_wconf 85' lang='grc' dir='ltr'>χειρὸς</span> <span class='ocrx_word' id='word_1_109' title='bbox 1026 1643 1315 1718; x_wconf 75' lang='grc' dir='ltr'>μάχεσθαι’</span> <span class='ocrx_word' id='word_1_110' title='bbox 1377 1644 1490 1700; x_wconf 79' lang='grc' dir='ltr'>εἶτα</span> <span class='ocrx_word' id='word_1_111' title='bbox 1546 1645 1635 1700; x_wconf 86' lang='grc' dir='ltr'>καὶ</span> <span class='ocrx_word' id='word_1_112' title='bbox 1686 1648 1743 1702; x_wconf 74' lang='grc' dir='ltr'>σὶ</span> <span class='ocrx_word' id='word_1_113' title='bbox 1774 1646 1958 1715; x_wconf 82' lang='grc' dir='ltr'>αὐτὸν,</span> 
     </span>
    </p>
   </div>
   <div class='ocr_carea' id='block_1_19' title="bbox 310 1722 1959 1811">
    <p class='ocr_par' dir='ltr' id='par_1_19' title="bbox 310 1722 1959 1811">
     <span class='ocr_line' id='line_1_19' title="bbox 310 1722 1959 1811; baseline 0.006 -30"><span class='ocrx_word' id='word_1_114' title='bbox 310 1724 361 1781; x_wconf 74' lang='grc' dir='ltr'>εἲ</span> <span class='ocrx_word' id='word_1_115' title='bbox 391 1727 529 1802; x_wconf 78' lang='grc' dir='ltr'>χρὴ,</span> <span class='ocrx_word' id='word_1_116' title='bbox 580 1722 903 1799; x_wconf 78' lang='grc' dir='ltr'>συμϐαλεῖν,</span> <span class='ocrx_word' id='word_1_117' title='bbox 962 1730 1114 1806; x_wconf 81' lang='grc' dir='ltr'>εἳπερ</span> <span class='ocrx_word' id='word_1_118' title='bbox 1167 1728 1269 1806; x_wconf 75' lang='grc' dir='ltr'>ἄρα</span> <span class='ocrx_word' id='word_1_119' title='bbox 1328 1754 1404 1805; x_wconf 88' lang='grc' dir='ltr'>μη</span> <span class='ocrx_word' id='word_1_120' title='bbox 1464 1732 1959 1811; x_wconf 83' lang='grc' dir='ltr'>ἐπικρατέστεροςὸ</span> 
     </span>
    </p>
   </div>
   <div class='ocr_carea' id='block_1_20' title="bbox 2067 563 3715 642">
    <p class='ocr_par' dir='ltr' id='par_1_20' title="bbox 2067 563 3715 642">
     <span class='ocr_line' id='line_1_20' title="bbox 2067 563 3715 642; baseline -0.007 -15"><span class='ocrx_word' id='word_1_121' title='bbox 2067 573 2331 642; x_wconf 86' lang='lat' dir='ltr'>locisque</span> <span class='ocrx_word' id='word_1_122' title='bbox 2363 568 2787 641; x_wconf 86' lang='lat' dir='ltr'>superioribus,</span> <span class='ocrx_word' id='word_1_123' title='bbox 2816 567 2863 622; x_wconf 90' lang='lat' dir='ltr'>si</span> <span class='ocrx_word' id='word_1_124' title='bbox 2891 567 3017 622; x_wconf 86' lang='lat' dir='ltr'>ﬁeri</span> <span class='ocrx_word' id='word_1_125' title='bbox 3047 570 3260 637; x_wconf 77' lang='lat' dir='ltr'>potest,</span> <span class='ocrx_word' id='word_1_126' title='bbox 3295 570 3353 619; x_wconf 90' lang='lat' dir='ltr'>et</span> <span class='ocrx_word' id='word_1_127' title='bbox 3382 580 3451 619; x_wconf 88' lang='lat' dir='ltr'>ex</span> <span class='ocrx_word' id='word_1_128' title='bbox 3474 563 3715 633; x_wconf 85' lang='lat' dir='ltr'>obliquo</span> 
     </span>
    </p>
   </div>
   <div class='ocr_carea' id='block_1_21' title="bbox 2068 652 3716 723">
    <p class='ocr_par' dir='ltr' id='par_1_21' title="bbox 2068 652 3716 723">
     <span class='ocr_line' id='line_1_21' title="bbox 2068 652 3716 723; baseline -0.007 -8"><span class='ocrx_word' id='word_1_129' title='bbox 2068 662 2362 716; x_wconf 89' lang='lat' dir='ltr'>irruentes</span> <span class='ocrx_word' id='word_1_130' title='bbox 2392 675 2603 714; x_wconf 89' lang='lat' dir='ltr'>manus</span> <span class='ocrx_word' id='word_1_131' title='bbox 2632 662 2951 713; x_wconf 83' lang='lat' dir='ltr'>conserant</span> <span class='ocrx_word' id='word_1_132' title='bbox 2982 674 2993 711; x_wconf 92' lang='lat'>:</span> <span class='ocrx_word' id='word_1_133' title='bbox 3019 652 3234 709; x_wconf 89' lang='lat' dir='ltr'>deinde</span> <span class='ocrx_word' id='word_1_134' title='bbox 3264 658 3325 707; x_wconf 91' lang='lat' dir='ltr'>tu</span> <span class='ocrx_word' id='word_1_135' title='bbox 3350 653 3497 723; x_wconf 89' lang='lat' dir='ltr'>ipse,</span> <span class='ocrx_word' id='word_1_136' title='bbox 3528 652 3575 706; x_wconf 91' lang='lat' dir='ltr'>si</span> <span class='ocrx_word' id='word_1_137' title='bbox 3608 668 3716 705; x_wconf 90' lang='lat' dir='ltr'>ne-</span> 
     </span>
    </p>
   </div>
   <div class='ocr_carea' id='block_1_22' title="bbox 2068 741 3716 819">
    <p class='ocr_par' dir='ltr' id='par_1_22' title="bbox 2068 741 3716 819">
     <span class='ocr_line' id='line_1_22' title="bbox 2068 741 3716 819; baseline -0.008 -13"><span class='ocrx_word' id='word_1_138' title='bbox 2068 767 2231 807; x_wconf 89' lang='lat' dir='ltr'>cesse</span> <span class='ocrx_word' id='word_1_139' title='bbox 2264 750 2360 819; x_wconf 90' lang='lat' dir='ltr'>sit,</span> <span class='ocrx_word' id='word_1_140' title='bbox 2392 750 2650 815; x_wconf 89' lang='lat' dir='ltr'>incurre,</span> <span class='ocrx_word' id='word_1_141' title='bbox 2682 748 2730 802; x_wconf 92' lang='lat' dir='ltr'>si</span> <span class='ocrx_word' id='word_1_142' title='bbox 2763 746 3001 817; x_wconf 89' lang='lat' dir='ltr'>quidem</span> <span class='ocrx_word' id='word_1_143' title='bbox 3035 759 3155 798; x_wconf 90' lang='lat' dir='ltr'>non</span> <span class='ocrx_word' id='word_1_144' title='bbox 3187 741 3521 813; x_wconf 87' lang='lat' dir='ltr'>superiores</span> <span class='ocrx_word' id='word_1_145' title='bbox 3563 741 3716 795; x_wconf 86' lang='lat' dir='ltr'>fiunt</span> 
     </span>
    </p>
   </div>
   <div class='ocr_carea' id='block_1_23' title="bbox 2066 828 3713 911">
    <p class='ocr_par' dir='ltr' id='par_1_23' title="bbox 2066 828 3713 911">
     <span class='ocr_line' id='line_1_23' title="bbox 2066 828 3713 911; baseline -0.008 -16"><span class='ocrx_word' id='word_1_146' title='bbox 2066 845 2182 895; x_wconf 77' lang='lat' dir='ltr'>tuae</span> <span class='ocrx_word' id='word_1_147' title='bbox 2208 839 2412 911; x_wconf 72' lang='lat' dir='ltr'>capias.</span> <span class='ocrx_word' id='word_1_148' title='bbox 2471 836 2727 893; x_wconf 84' lang='lat' dir='ltr'>Tametsi</span> <span class='ocrx_word' id='word_1_149' title='bbox 2765 835 2938 908; x_wconf 83' lang='lat' dir='ltr'>pauci</span> <span class='ocrx_word' id='word_1_150' title='bbox 2983 832 3217 899; x_wconf 85' lang='lat' dir='ltr'>armati,</span> <span class='ocrx_word' id='word_1_151' title='bbox 3263 830 3385 902; x_wconf 88' lang='lat' dir='ltr'>qui,</span> <span class='ocrx_word' id='word_1_152' title='bbox 3428 828 3713 901; x_wconf 84' lang='lat' dir='ltr'>quemad-</span> 
     </span>
    </p>
   </div>
   <div class='ocr_carea' id='block_1_24' title="bbox 2067 919 3710 995">
    <p class='ocr_par' dir='ltr' id='par_1_24' title="bbox 2067 919 3710 995">
     <span class='ocr_line' id='line_1_24' title="bbox 2067 919 3710 995; baseline -0.007 -12"><span class='ocrx_word' id='word_1_153' title='bbox 2067 929 2309 984; x_wconf 90' lang='lat' dir='ltr'>modum</span> <span class='ocrx_word' id='word_1_154' title='bbox 2342 927 2623 994; x_wconf 83' lang='lat' dir='ltr'>diximus,</span> <span class='ocrx_word' id='word_1_155' title='bbox 2657 925 2765 980; x_wconf 89' lang='lat' dir='ltr'>sub</span> <span class='ocrx_word' id='word_1_156' title='bbox 2798 923 2980 995; x_wconf 84' lang='lat' dir='ltr'>signis</span> <span class='ocrx_word' id='word_1_157' title='bbox 3006 922 3220 977; x_wconf 69' lang='lat' dir='ltr'>Amiraa</span> <span class='ocrx_word' id='word_1_158' title='bbox 3267 919 3710 990; x_wconf 87' lang='lat' dir='ltr'>relinquuntur,</span> 
     </span>
    </p>
   </div>
   <div class='ocr_carea' id='block_1_25' title="bbox 2068 1015 3715 1085">
    <p class='ocr_par' dir='ltr' id='par_1_25' title="bbox 2068 1015 3715 1085">
     <span class='ocr_line' id='line_1_25' title="bbox 2068 1015 3715 1085; baseline -0.006 -10"><span class='ocrx_word' id='word_1_159' title='bbox 2068 1025 2168 1075; x_wconf 89' lang='lat' dir='ltr'>tuo</span> <span class='ocrx_word' id='word_1_160' title='bbox 2192 1020 2495 1085; x_wconf 87' lang='lat' dir='ltr'>exercitui,</span> <span class='ocrx_word' id='word_1_161' title='bbox 2529 1019 2603 1074; x_wconf 90' lang='lat' dir='ltr'>ad</span> <span class='ocrx_word' id='word_1_162' title='bbox 2631 1024 2720 1073; x_wconf 90' lang='lat' dir='ltr'>ter</span> <span class='ocrx_word' id='word_1_163' title='bbox 2743 1016 2908 1072; x_wconf 90' lang='lat' dir='ltr'>mille</span> <span class='ocrx_word' id='word_1_164' title='bbox 2930 1015 3239 1070; x_wconf 88' lang='lat' dir='ltr'>hominum</span> <span class='ocrx_word' id='word_1_165' title='bbox 3271 1029 3542 1081; x_wconf 90' lang='lat' dir='ltr'>numero,</span> <span class='ocrx_word' id='word_1_166' title='bbox 3563 1027 3715 1084; x_wconf 69' lang='lat' dir='ltr'>aegre</span> 
     </span>
    </p>
   </div>
   <div class='ocr_carea' id='block_1_26' title="bbox 2067 1101 3713 1179">
    <p class='ocr_par' dir='ltr' id='par_1_26' title="bbox 2067 1101 3713 1179">
     <span class='ocr_line' id='line_1_26' title="bbox 2067 1101 3713 1179; baseline -0.007 -15"><span class='ocrx_word' id='word_1_167' title='bbox 2067 1108 2345 1164; x_wconf 88' lang='lat' dir='ltr'>resistere</span> <span class='ocrx_word' id='word_1_168' title='bbox 2376 1110 2675 1179; x_wconf 91' lang='lat' dir='ltr'>poterunt.</span> <span class='ocrx_word' id='word_1_169' title='bbox 2710 1107 2823 1160; x_wconf 86' lang='lat' dir='ltr'>Nos</span> <span class='ocrx_word' id='word_1_170' title='bbox 2853 1104 3001 1169; x_wconf 71' lang='lat' dir='ltr'>haac,</span> <span class='ocrx_word' id='word_1_171' title='bbox 3033 1108 3099 1158; x_wconf 92' lang='lat' dir='ltr'>ut</span> <span class='ocrx_word' id='word_1_172' title='bbox 3126 1119 3271 1157; x_wconf 90' lang='lat' dir='ltr'>usus</span> <span class='ocrx_word' id='word_1_173' title='bbox 3304 1101 3496 1165; x_wconf 88' lang='lat' dir='ltr'>docet,</span> <span class='ocrx_word' id='word_1_174' title='bbox 3530 1116 3713 1171; x_wconf 88' lang='lat' dir='ltr'>expo-</span> 
     </span>
    </p>
   </div>
   <div class='ocr_carea' id='block_1_27' title="bbox 2067 1193 3711 1271">
    <p class='ocr_par' dir='ltr' id='par_1_27' title="bbox 2067 1193 3711 1271">
     <span class='ocr_line' id='line_1_27' title="bbox 2067 1193 3711 1271; baseline -0.005 -16"><span class='ocrx_word' id='word_1_175' title='bbox 2067 1201 2304 1256; x_wconf 90' lang='lat' dir='ltr'>nimus:</span> <span class='ocrx_word' id='word_1_176' title='bbox 2338 1204 2400 1255; x_wconf 88' lang='lat' dir='ltr'>tu</span> <span class='ocrx_word' id='word_1_177' title='bbox 2422 1205 2486 1254; x_wconf 90' lang='lat' dir='ltr'>ut</span> <span class='ocrx_word' id='word_1_178' title='bbox 2512 1215 2729 1271; x_wconf 81' lang='lat' dir='ltr'>urgens</span> <span class='ocrx_word' id='word_1_179' title='bbox 2753 1195 3079 1252; x_wconf 90' lang='lat' dir='ltr'>necessitas</span> <span class='ocrx_word' id='word_1_180' title='bbox 3113 1200 3171 1250; x_wconf 93' lang='lat' dir='ltr'>et</span> <span class='ocrx_word' id='word_1_181' title='bbox 3201 1198 3436 1265; x_wconf 88' lang='lat' dir='ltr'>tempus</span> <span class='ocrx_word' id='word_1_182' title='bbox 3466 1193 3711 1265; x_wconf 85' lang='lat' dir='ltr'>ﬂagitat,</span> 
     </span>
    </p>
   </div>
   <div class='ocr_carea' id='block_1_28' title="bbox 2069 1285 3715 1365">
    <p class='ocr_par' dir='ltr' id='par_1_28' title="bbox 2069 1285 3715 1365">
     <span class='ocr_line' id='line_1_28' title="bbox 2069 1285 3715 1365; baseline -0.005 -17"><span class='ocrx_word' id='word_1_183' title='bbox 2069 1292 2153 1348; x_wconf 92' lang='lat' dir='ltr'>sic</span> <span class='ocrx_word' id='word_1_184' title='bbox 2183 1308 2386 1365; x_wconf 83' lang='lat' dir='ltr'>gerere</span> <span class='ocrx_word' id='word_1_185' title='bbox 2418 1307 2544 1346; x_wconf 92' lang='lat' dir='ltr'>rem</span> <span class='ocrx_word' id='word_1_186' title='bbox 2575 1289 2777 1345; x_wconf 88' lang='lat' dir='ltr'>debes.</span> <span class='ocrx_word' id='word_1_187' title='bbox 2811 1288 2921 1343; x_wconf 89' lang='lat' dir='ltr'>Illa</span> <span class='ocrx_word' id='word_1_188' title='bbox 2952 1286 3111 1342; x_wconf 88' lang='lat' dir='ltr'>enim</span> <span class='ocrx_word' id='word_1_189' title='bbox 3142 1302 3264 1340; x_wconf 92' lang='lat' dir='ltr'>non</span> <span class='ocrx_word' id='word_1_190' title='bbox 3295 1285 3565 1340; x_wconf 85' lang='lat' dir='ltr'>doctrina</span> <span class='ocrx_word' id='word_1_191' title='bbox 3592 1290 3715 1339; x_wconf 71' lang='lat' dir='ltr'>tra~</span> 
     </span>
    </p>
   </div>
   <div class='ocr_carea' id='block_1_29' title="bbox 2070 1375 3715 1455">
    <p class='ocr_par' dir='ltr' id='par_1_29' title="bbox 2070 1375 3715 1455">
     <span class='ocr_line' id='line_1_29' title="bbox 2070 1375 3715 1455; baseline -0.007 -16"><span class='ocrx_word' id='word_1_192' title='bbox 2070 1383 2174 1452; x_wconf 87' lang='lat' dir='ltr'>dit,</span> <span class='ocrx_word' id='word_1_193' title='bbox 2210 1383 2314 1439; x_wconf 91' lang='lat' dir='ltr'>sed</span> <span class='ocrx_word' id='word_1_194' title='bbox 2353 1388 2530 1455; x_wconf 92' lang='lat' dir='ltr'>prout</span> <span class='ocrx_word' id='word_1_195' title='bbox 2561 1381 2824 1437; x_wconf 88' lang='lat' dir='ltr'>divinum</span> <span class='ocrx_word' id='word_1_196' title='bbox 2856 1378 3145 1435; x_wconf 81' lang='lat' dir='ltr'>auxilium</span> <span class='ocrx_word' id='word_1_197' title='bbox 3181 1382 3236 1431; x_wconf 88' lang='lat' dir='ltr'>te</span> <span class='ocrx_word' id='word_1_198' title='bbox 3286 1375 3715 1443; x_wconf 86' lang='lat' dir='ltr'>corroborabit,</span> 
     </span>
    </p>
   </div>
   <div class='ocr_carea' id='block_1_30' title="bbox 2069 1465 3720 1540">
    <p class='ocr_par' dir='ltr' id='par_1_30' title="bbox 2069 1465 3720 1540">
     <span class='ocr_line' id='line_1_30' title="bbox 2069 1465 3720 1540; baseline -0.007 -12"><span class='ocrx_word' id='word_1_199' title='bbox 2069 1474 2152 1529; x_wconf 91' lang='lat' dir='ltr'>ita</span> <span class='ocrx_word' id='word_1_200' title='bbox 2180 1489 2480 1529; x_wconf 89' lang='lat' dir='ltr'>armorum</span> <span class='ocrx_word' id='word_1_201' title='bbox 2507 1472 2698 1527; x_wconf 88' lang='lat' dir='ltr'>exitus</span> <span class='ocrx_word' id='word_1_202' title='bbox 2726 1469 3141 1540; x_wconf 89' lang='lat' dir='ltr'>subsequetur.</span> <span class='ocrx_word' id='word_1_203' title='bbox 3168 1466 3224 1520; x_wconf 89' lang='lat' dir='ltr'>Si</span> <span class='ocrx_word' id='word_1_204' title='bbox 3253 1465 3412 1520; x_wconf 92' lang='lat' dir='ltr'>solos</span> <span class='ocrx_word' id='word_1_205' title='bbox 3446 1469 3558 1519; x_wconf 68' lang='lat' dir='ltr'>tute</span> <span class='ocrx_word' id='word_1_206' title='bbox 3588 1480 3720 1535; x_wconf 89' lang='lat' dir='ltr'>pro-</span> 
     </span>
    </p>
   </div>
   <div class='ocr_carea' id='block_1_31' title="bbox 2066 1550 3714 1628">
    <p class='ocr_par' dir='ltr' id='par_1_31' title="bbox 2066 1550 3714 1628">
     <span class='ocr_line' id='line_1_31' title="bbox 2066 1550 3714 1628; baseline -0.008 -10"><span class='ocrx_word' id='word_1_207' title='bbox 2066 1563 2274 1617; x_wconf 66' lang='lat' dir='ltr'>vinciae</span> <span class='ocrx_word' id='word_1_208' title='bbox 2314 1562 2581 1628; x_wconf 90' lang='lat' dir='ltr'>millites,</span> <span class='ocrx_word' id='word_1_209' title='bbox 2624 1578 2657 1615; x_wconf 97' lang='lat' dir='ltr'>o</span> <span class='ocrx_word' id='word_1_210' title='bbox 2691 1558 2827 1626; x_wconf 90' lang='lat' dir='ltr'>dux,</span> <span class='ocrx_word' id='word_1_211' title='bbox 2888 1572 3254 1627; x_wconf 89' lang='lat' dir='ltr'>manumque</span> <span class='ocrx_word' id='word_1_212' title='bbox 3288 1555 3558 1626; x_wconf 75' lang='lat' dir='ltr'>exiguam</span> <span class='ocrx_word' id='word_1_213' title='bbox 3608 1550 3714 1606; x_wconf 91' lang='lat' dir='ltr'>sub</span> 
     </span>
    </p>
   </div>
   <div class='ocr_carea' id='block_1_32' title="bbox 2069 1640 3717 1723">
    <p class='ocr_par' dir='ltr' id='par_1_32' title="bbox 2069 1640 3717 1723">
     <span class='ocr_line' id='line_1_32' title="bbox 2069 1640 3717 1723; baseline -0.006 -18"><span class='ocrx_word' id='word_1_214' title='bbox 2069 1652 2252 1723; x_wconf 87' lang='lat' dir='ltr'>signis</span> <span class='ocrx_word' id='word_1_215' title='bbox 2284 1651 2487 1720; x_wconf 92' lang='lat' dir='ltr'>habes,</span> <span class='ocrx_word' id='word_1_216' title='bbox 2537 1649 2931 1705; x_wconf 88' lang='lat' dir='ltr'>nihilominus</span> <span class='ocrx_word' id='word_1_217' title='bbox 2984 1646 3164 1701; x_wconf 92' lang='lat' dir='ltr'>debes</span> <span class='ocrx_word' id='word_1_218' title='bbox 3217 1644 3579 1716; x_wconf 66' lang='lat' dir='ltr'>praedatores</span> <span class='ocrx_word' id='word_1_219' title='bbox 3609 1640 3717 1695; x_wconf 92' lang='lat' dir='ltr'>ho-</span> 
     </span>
    </p>
   </div>
   <div class='ocr_carea' id='block_1_33' title="bbox 2071 1733 3713 1805">
    <p class='ocr_par' dir='ltr' id='par_1_33' title="bbox 2071 1733 3713 1805">
     <span class='ocr_line' id='line_1_33' title="bbox 2071 1733 3713 1805; baseline -0.005 -12"><span class='ocrx_word' id='word_1_220' title='bbox 2071 1740 2251 1794; x_wconf 88' lang='lat' dir='ltr'>stium</span> <span class='ocrx_word' id='word_1_221' title='bbox 2277 1757 2412 1795; x_wconf 89' lang='lat' dir='ltr'>cum</span> <span class='ocrx_word' id='word_1_222' title='bbox 2435 1740 2730 1805; x_wconf 87' lang='lat' dir='ltr'>cautione,</span> <span class='ocrx_word' id='word_1_223' title='bbox 2766 1755 2840 1792; x_wconf 88' lang='lat' dir='ltr'>ne</span> <span class='ocrx_word' id='word_1_224' title='bbox 2864 1736 2935 1792; x_wconf 88' lang='lat' dir='ltr'>ab</span> <span class='ocrx_word' id='word_1_225' title='bbox 2976 1736 3095 1790; x_wconf 89' lang='lat' dir='ltr'>illis</span> <span class='ocrx_word' id='word_1_226' title='bbox 3145 1733 3641 1799; x_wconf 83' lang='lat' dir='ltr'>animadvertare,</span> <span class='ocrx_word' id='word_1_227' title='bbox 3683 1746 3713 1784; x_wconf 92' lang='lat' dir='ltr'>e</span> 
     </span>
    </p>
   </div>
   <div class='ocr_carea' id='block_1_34' title="bbox 313 1815 1950 1913">
    <p class='ocr_par' dir='ltr' id='par_1_34' title="bbox 313 1815 1950 1913">
     <span class='ocr_line' id='line_1_34' title="bbox 313 1815 1950 1913; baseline 0.007 -44"><span class='ocrx_word' id='word_1_228' title='bbox 313 1815 671 1913; x_wconf 43' lang='lat' dir='ltr'>suaeslae?</span> <span class='ocrx_word' id='word_1_229' title='bbox 727 1817 967 1894; x_wconf 86' lang='grc' dir='ltr'>γέγονεν.</span> <span class='ocrx_word' id='word_1_230' title='bbox 1030 1822 1120 1893; x_wconf 90' lang='grc' dir='ltr'>[Ρ.</span> <span class='ocrx_word' id='word_1_231' title='bbox 1175 1823 1297 1895; x_wconf 83' lang='grc'>148]</span> <span class='ocrx_word' id='word_1_232' title='bbox 1359 1822 1534 1879; x_wconf 81' lang='grc' dir='ltr'>’Λλλᾶ</span> <span class='ocrx_word' id='word_1_233' title='bbox 1593 1827 1708 1899; x_wconf 86' lang='grc' dir='ltr'>μετ’</span> <span class='ocrx_word' id='word_1_234' title='bbox 1765 1826 1950 1901; x_wconf 66' lang='grc' dir='ltr'>ὀλίγου</span> 
     </span>
    </p>
   </div>
   <div class='ocr_carea' id='block_1_35' title="bbox 2061 1815 3714 1913">
    <p class='ocr_par' dir='ltr' id='par_1_35' title="bbox 2068 1820 3714 1903">
     <span class='ocr_line' id='line_1_35' title="bbox 2068 1820 3714 1903; baseline -0.007 -17"><span class='ocrx_word' id='word_1_235' title='bbox 2068 1831 2391 1903; x_wconf 87' lang='lat' dir='ltr'>longinquo</span> <span class='ocrx_word' id='word_1_236' title='bbox 2418 1832 2701 1902; x_wconf 90' lang='lat' dir='ltr'>consequi</span> <span class='ocrx_word' id='word_1_237' title='bbox 2734 1831 2915 1900; x_wconf 89' lang='lat' dir='ltr'>inque</span> <span class='ocrx_word' id='word_1_238' title='bbox 2940 1844 3039 1882; x_wconf 92' lang='lat' dir='ltr'>eos</span> <span class='ocrx_word' id='word_1_239' title='bbox 3063 1826 3241 1893; x_wconf 89' lang='lat' dir='ltr'>solos,</span> <span class='ocrx_word' id='word_1_240' title='bbox 3269 1824 3370 1895; x_wconf 92' lang='lat' dir='ltr'>qui</span> <span class='ocrx_word' id='word_1_241' title='bbox 3404 1822 3623 1893; x_wconf 75' lang='lat' dir='ltr'>egressi</span> <span class='ocrx_word' id='word_1_242' title='bbox 3652 1820 3714 1874; x_wconf 90' lang='lat' dir='ltr'>in</span> 
     </span>
    </p>
   </div>
   <div class='ocr_carea' id='block_1_36' title="bbox 310 1902 1956 1990">
    <p class='ocr_par' dir='ltr' id='par_1_36' title="bbox 310 1902 1956 1990">
     <span class='ocr_line' id='line_1_36' title="bbox 310 1902 1956 1990; baseline 0.005 -29"><span class='ocrx_word' id='word_1_243' title='bbox 310 1904 468 1977; x_wconf 82' lang='grc' dir='ltr'>λαοῦ,</span> <span class='ocrx_word' id='word_1_244' title='bbox 504 1906 580 1966; x_wconf 87' lang='grc' dir='ltr'>ὡς</span> <span class='ocrx_word' id='word_1_245' title='bbox 637 1902 866 1984; x_wconf 78' lang='grc' dir='ltr'>ἔφημεν,</span> <span class='ocrx_word' id='word_1_246' title='bbox 926 1915 1027 1978; x_wconf 83' lang='grc' dir='ltr'>τῆς</span> <span class='ocrx_word' id='word_1_247' title='bbox 1083 1912 1432 1985; x_wconf 80' lang='grc' dir='ltr'>παρατάξεως</span> <span class='ocrx_word' id='word_1_248' title='bbox 1487 1918 1584 1967; x_wconf 79' lang='grc' dir='ltr'>τοῦ</span> <span class='ocrx_word' id='word_1_249' title='bbox 1644 1915 1833 1990; x_wconf 82' lang='grc' dir='ltr'>ἀμηρᾶ</span> <span class='ocrx_word' id='word_1_250' title='bbox 1861 1936 1956 1971; x_wconf 87' lang='grc' dir='ltr'>κα-</span> 
     </span>
    </p>
   </div>
   <div class='ocr_carea' id='block_1_37' title="bbox 304 1992 1959 2079">
    <p class='ocr_par' dir='ltr' id='par_1_37' title="bbox 304 1992 1959 2079">
     <span class='ocr_line' id='line_1_37' title="bbox 304 1992 1959 2079; baseline 0.007 -31"><span class='ocrx_word' id='word_1_251' title='bbox 304 1992 837 2068; x_wconf 77' lang='grc' dir='ltr'>ταλιμπανομένης,</span> <span class='ocrx_word' id='word_1_252' title='bbox 896 1998 959 2052; x_wconf 79' lang='grc' dir='ltr'>οὑ</span> <span class='ocrx_word' id='word_1_253' title='bbox 1019 1994 1306 2055; x_wconf 66' lang='grc' dir='ltr'>δυντίσεται</span> <span class='ocrx_word' id='word_1_254' title='bbox 1366 2002 1643 2077; x_wconf 84' lang='grc' dir='ltr'>ἀντισχεῖν</span> <span class='ocrx_word' id='word_1_255' title='bbox 1696 2003 1822 2079; x_wconf 86' lang='grc' dir='ltr'>περὶ</span> <span class='ocrx_word' id='word_1_256' title='bbox 1860 2004 1959 2067; x_wconf 75' lang='grc' dir='ltr'>τὰς</span> 
     </span>
    </p>
   </div>
   <div class='ocr_carea' id='block_1_38' title="bbox 2070 1910 3712 1992">
    <p class='ocr_par' dir='ltr' id='par_1_38' title="bbox 2070 1910 3712 1992">
     <span class='ocr_line' id='line_1_38' title="bbox 2070 1910 3712 1992; baseline -0.006 -19"><span class='ocrx_word' id='word_1_257' title='bbox 2070 1919 2228 1975; x_wconf 84' lang='lat' dir='ltr'>vicos</span> <span class='ocrx_word' id='word_1_258' title='bbox 2258 1920 2643 1992; x_wconf 86' lang='lat' dir='ltr'>dissipantur,</span> <span class='ocrx_word' id='word_1_259' title='bbox 2705 1919 2994 1989; x_wconf 90' lang='lat' dir='ltr'>impetum</span> <span class='ocrx_word' id='word_1_260' title='bbox 3052 1915 3268 1981; x_wconf 87' lang='lat' dir='ltr'>facere,</span> <span class='ocrx_word' id='word_1_261' title='bbox 3321 1910 3712 1984; x_wconf 80' lang='lat' dir='ltr'>quemadmo-</span> 
     </span>
    </p>
   </div>
   <div class='ocr_carea' id='block_1_39' title="bbox 2069 2008 3037 2080">
    <p class='ocr_par' dir='ltr' id='par_1_39' title="bbox 2069 2008 3037 2080">
     <span class='ocr_line' id='line_1_39' title="bbox 2069 2008 3037 2080; baseline -0.004 -17"><span class='ocrx_word' id='word_1_262' title='bbox 2069 2008 2209 2064; x_wconf 89' lang='lat' dir='ltr'>dum</span> <span class='ocrx_word' id='word_1_263' title='bbox 2242 2010 2513 2080; x_wconf 89' lang='lat' dir='ltr'>superius</span> <span class='ocrx_word' id='word_1_264' title='bbox 2539 2008 2905 2064; x_wconf 89' lang='lat' dir='ltr'>declaratum</span> <span class='ocrx_word' id='word_1_265' title='bbox 2927 2009 3037 2060; x_wconf 91' lang='lat' dir='ltr'>est.</span> 
     </span>
    </p>
   </div>
   <div class='ocr_carea' id='block_1_40' title="bbox 305 2080 3706 2168">
    <p class='ocr_par' dir='ltr' id='par_1_40' title="bbox 305 2080 3706 2168">
     <span class='ocr_line' id='line_1_40' title="bbox 305 2080 3706 2168; baseline -0.001 -23"><span class='ocrx_word' id='word_1_266' title='bbox 305 2087 451 2168; x_wconf 76' lang='grc' dir='ltr'>τρεῖς</span> <span class='ocrx_word' id='word_1_267' title='bbox 483 2080 742 2159; x_wconf 78' lang='grc' dir='ltr'>χιλιάδας</span> <span class='ocrx_word' id='word_1_268' title='bbox 790 2083 854 2139; x_wconf 66' lang='grc' dir='ltr'>τὸ</span> <span class='ocrx_word' id='word_1_269' title='bbox 888 2086 994 2141; x_wconf 74' lang='grc' dir='ltr'>ὑπὸ</span> <span class='ocrx_word' id='word_1_270' title='bbox 1052 2087 1110 2142; x_wconf 74' lang='grc' dir='ltr'>σὶ</span> <span class='ocrx_word' id='word_1_271' title='bbox 1168 2088 1571 2165; x_wconf 80' lang='grc' dir='ltr'>ἀριθμούμενον</span> <span class='ocrx_word' id='word_1_272' title='bbox 1629 2094 1968 2168; x_wconf 87' lang='grc' dir='ltr'>στράτευμα.</span> <span class='ocrx_word' id='word_1_273' title='bbox 2025 2093 2202 2152; x_wconf 84' lang='grc' dir='ltr'>Ἀλλὰ</span> <span class='ocrx_word' id='word_1_274' title='bbox 2257 2100 2425 2150; x_wconf 75' lang='grc' dir='ltr'>ταῦτα</span> <span class='ocrx_word' id='word_1_275' title='bbox 2480 2096 2592 2167; x_wconf 77' lang='grc' dir='ltr'>μὶν,</span> <span class='ocrx_word' id='word_1_276' title='bbox 2643 2094 2716 2155; x_wconf 86' lang='grc' dir='ltr'>ὡς</span> <span class='ocrx_word' id='word_1_277' title='bbox 2770 2094 2805 2162; x_wconf 82' lang='grc' dir='ltr'><strong>ἠ</strong></span> <span class='ocrx_word' id='word_1_278' title='bbox 2864 2097 3024 2166; x_wconf 87' lang='grc' dir='ltr'>πεῖρα</span> <span class='ocrx_word' id='word_1_279' title='bbox 3083 2087 3344 2160; x_wconf 84' lang='grc' dir='ltr'>διδάσγει,</span> <span class='ocrx_word' id='word_1_280' title='bbox 3404 2086 3706 2160; x_wconf 73' lang='grc' dir='ltr'>ἐκτίθεμενο</span> 
     </span>
    </p>
   </div>
   <div class='ocr_carea' id='block_1_41' title="bbox 306 2167 3716 2276">
    <p class='ocr_par' dir='ltr' id='par_1_41' title="bbox 306 2167 3716 2276">
     <span class='ocr_line' id='line_1_41' title="bbox 306 2167 3716 2276; baseline 0.001 -48"><span class='ocrx_word' id='word_1_281' title='bbox 306 2167 465 2276; x_wconf 38' lang='lat' dir='ltr'>giae</span> <span class='ocrx_word' id='word_1_282' title='bbox 492 2172 631 2276; x_wconf 60' lang='grc' dir='ltr'>πρδς</span> <span class='ocrx_word' id='word_1_283' title='bbox 781 2174 1195 2276; x_wconf 67' lang='grc' dir='ltr'>κατεπείγουσαν</span> <span class='ocrx_word' id='word_1_284' title='bbox 1219 2182 1351 2276; x_wconf 35' lang='grc' dir='ltr'>..τοῦ</span> <span class='ocrx_word' id='word_1_285' title='bbox 1406 2185 1599 2256; x_wconf 79' lang='grc' dir='ltr'>καιροῦ</span> <span class='ocrx_word' id='word_1_286' title='bbox 1648 2167 1837 2257; x_wconf 78' lang='grc' dir='ltr'>’χρείαν</span> <span class='ocrx_word' id='word_1_287' title='bbox 1882 2204 1943 2238; x_wconf 91' lang='grc' dir='ltr'>τε</span> <span class='ocrx_word' id='word_1_288' title='bbox 1998 2184 2087 2239; x_wconf 82' lang='grc' dir='ltr'>καὶ</span> <span class='ocrx_word' id='word_1_289' title='bbox 2143 2181 2824 2261; x_wconf 78' lang='grc' dir='ltr'>περίστασινδιατεθῆναι</span> <span class='ocrx_word' id='word_1_290' title='bbox 2873 2178 2975 2240; x_wconf 88' lang='grc' dir='ltr'>δεῖ.</span> <span class='ocrx_word' id='word_1_291' title='bbox 3032 2179 3109 2239; x_wconf 87' lang='grc' dir='ltr'>Ού</span> <span class='ocrx_word' id='word_1_292' title='bbox 3165 2180 3268 2255; x_wconf 81' lang='grc' dir='ltr'>γὰρ</span> <span class='ocrx_word' id='word_1_293' title='bbox 3326 2181 3361 2248; x_wconf 81' lang='grc' dir='ltr'>ἡ</span> <span class='ocrx_word' id='word_1_294' title='bbox 3416 2174 3716 2252; x_wconf 79' lang='grc' dir='ltr'>παρὰδοσις</span> 
     </span>
    </p>
   </div>
   <div class='ocr_carea' id='block_1_42' title="bbox 303 2256 3711 2370">
    <p class='ocr_par' dir='ltr' id='par_1_42' title="bbox 303 2256 3711 2370">
     <span class='ocr_line' id='line_1_42' title="bbox 303 2256 3711 2370; baseline 0 -52"><span class='ocrx_word' id='word_1_295' title='bbox 303 2256 545 2370; x_wconf 47' lang='grc' dir='ltr'>δίδωσίν,</span> <span class='ocrx_word' id='word_1_296' title='bbox 575 2260 700 2317; x_wconf 81' lang='grc' dir='ltr'>ἀλλ’</span> <span class='ocrx_word' id='word_1_297' title='bbox 730 2261 807 2370; x_wconf 65' lang='grc' dir='ltr'>ὡς</span> <span class='ocrx_word' id='word_1_298' title='bbox 836 2265 870 2333; x_wconf 80' lang='grc' dir='ltr'><strong>ἡ</strong></span> <span class='ocrx_word' id='word_1_299' title='bbox 906 2269 1004 2320; x_wconf 78' lang='grc' dir='ltr'>τοῦ</span> <span class='ocrx_word' id='word_1_300' title='bbox 1034 2270 1168 2370; x_wconf 66' lang='grc' dir='ltr'>Θεοῦ</span> <span class='ocrx_word' id='word_1_301' title='bbox 1216 2265 1490 2370; x_wconf 80' lang='grc' dir='ltr'>ἐνισχύσει</span> <span class='ocrx_word' id='word_1_302' title='bbox 1532 2271 1781 2370; x_wconf 65' lang='grc' dir='ltr'>βοήθεια,</span> <span class='ocrx_word' id='word_1_303' title='bbox 1809 2274 1844 2342; x_wconf 79' lang='grc' dir='ltr'>ἠ</span> <span class='ocrx_word' id='word_1_304' title='bbox 1875 2277 1973 2328; x_wconf 77' lang='grc' dir='ltr'>τοῦ</span> <span class='ocrx_word' id='word_1_305' title='bbox 2029 2256 2278 2348; x_wconf 81' lang='grc' dir='ltr'>πολέμου</span> <span class='ocrx_word' id='word_1_306' title='bbox 2332 2268 2552 2338; x_wconf 67' lang='grc' dir='ltr'>ἔκϐασις</span> <span class='ocrx_word' id='word_1_307' title='bbox 2608 2270 2986 2330; x_wconf 83' lang='grc' dir='ltr'>ἐπακολουθεῖ.</span> <span class='ocrx_word' id='word_1_308' title='bbox 3018 2270 3083 2325; x_wconf 71' lang='grc' dir='ltr'><strong>Εἰ</strong></span> <span class='ocrx_word' id='word_1_309' title='bbox 3144 2267 3202 2324; x_wconf 68' lang='grc' dir='ltr'>δὲ</span> <span class='ocrx_word' id='word_1_310' title='bbox 3253 2267 3387 2343; x_wconf 84' lang='grc' dir='ltr'>μετᾶ</span> <span class='ocrx_word' id='word_1_311' title='bbox 3420 2266 3584 2340; x_wconf 85' lang='grc' dir='ltr'>μόνου</span> <span class='ocrx_word' id='word_1_312' title='bbox 3614 2268 3711 2320; x_wconf 82' lang='grc' dir='ltr'>τοῦ</span> 
     </span>
    </p>
   </div>
   <div class='ocr_carea' id='block_1_43' title="bbox 303 2346 3711 2439">
    <p class='ocr_par' dir='ltr' id='par_1_43' title="bbox 303 2346 3711 2439">
     <span class='ocr_line' id='line_1_43' title="bbox 303 2346 3711 2439; baseline 0.001 -35"><span class='ocrx_word' id='word_1_313' title='bbox 303 2346 716 2439; x_wconf 74' lang='grc' dir='ltr'>ἱδίουθέματος</span> <span class='ocrx_word' id='word_1_314' title='bbox 777 2353 1462 2435; x_wconf 78' lang='grc' dir='ltr'>ὓπαρχεις,ὧστρατηγέ,</span> <span class='ocrx_word' id='word_1_315' title='bbox 1520 2360 1611 2416; x_wconf 85' lang='grc' dir='ltr'>καὶ</span> <span class='ocrx_word' id='word_1_316' title='bbox 1668 2358 1858 2437; x_wconf 75' lang='grc' dir='ltr'>ὂλίγον</span> <span class='ocrx_word' id='word_1_317' title='bbox 1919 2362 2031 2418; x_wconf 82' lang='grc' dir='ltr'>ἐστὶ</span> <span class='ocrx_word' id='word_1_318' title='bbox 2088 2346 2307 2419; x_wconf 15' lang='grc' dir='ltr'>τὸῖὺπὸ</span> <span class='ocrx_word' id='word_1_319' title='bbox 2376 2363 2433 2418; x_wconf 79' lang='grc' dir='ltr'>σὶ</span> <span class='ocrx_word' id='word_1_320' title='bbox 2499 2364 2826 2439; x_wconf 79' lang='grc' dir='ltr'>στράτευμα,</span> <span class='ocrx_word' id='word_1_321' title='bbox 2881 2359 2972 2415; x_wconf 85' lang='grc' dir='ltr'>καὶ</span> <span class='ocrx_word' id='word_1_322' title='bbox 3029 2358 3287 2421; x_wconf 86' lang='grc' dir='ltr'>ὡσαύτως</span> <span class='ocrx_word' id='word_1_323' title='bbox 3347 2355 3429 2412; x_wconf 83' lang='grc' dir='ltr'>δεῖ</span> <span class='ocrx_word' id='word_1_324' title='bbox 3478 2376 3534 2410; x_wconf 89' lang='grc' dir='ltr'>σε</span> <span class='ocrx_word' id='word_1_325' title='bbox 3595 2355 3711 2428; x_wconf 88' lang='grc' dir='ltr'>μετ’</span> 
     </span>
    </p>
   </div>
   <div class='ocr_carea' id='block_1_44' title="bbox 298 2438 3710 2542">
    <p class='ocr_par' dir='ltr' id='par_1_44' title="bbox 298 2438 3710 2542">
     <span class='ocr_line' id='line_1_44' title="bbox 298 2438 3710 2542; baseline -0.002 -38"><span class='ocrx_word' id='word_1_326' title='bbox 298 2438 597 2542; x_wconf 55' lang='grc' dir='ltr'>ἀσφαλξίας</span> <span class='ocrx_word' id='word_1_327' title='bbox 641 2440 833 2542; x_wconf 59' lang='grc' dir='ltr'>πόῤῥω</span> <span class='ocrx_word' id='word_1_328' title='bbox 862 2444 963 2542; x_wconf 50' lang='grc' dir='ltr'>τῂν</span> <span class='ocrx_word' id='word_1_329' title='bbox 1006 2448 1114 2542; x_wconf 41' lang='grc' dir='ltr'>,τοῦ</span> <span class='ocrx_word' id='word_1_330' title='bbox 1168 2446 1401 2524; x_wconf 88' lang='grc' dir='ltr'>κούρσου</span> <span class='ocrx_word' id='word_1_331' title='bbox 1456 2454 1563 2505; x_wconf 89' lang='grc' dir='ltr'>τῶν</span> <span class='ocrx_word' id='word_1_332' title='bbox 1621 2449 1908 2525; x_wconf 88' lang='grc' dir='ltr'>πολεμίων</span> <span class='ocrx_word' id='word_1_333' title='bbox 1966 2453 2330 2525; x_wconf 83' lang='grc' dir='ltr'>ἀκολούθησιν</span> <span class='ocrx_word' id='word_1_334' title='bbox 2384 2438 2677 2521; x_wconf 88' lang='grc' dir='ltr'>ποιεῖσθαι,</span> <span class='ocrx_word' id='word_1_335' title='bbox 2734 2451 2871 2527; x_wconf 86' lang='grc' dir='ltr'>πρὸς</span> <span class='ocrx_word' id='word_1_336' title='bbox 2925 2450 2987 2505; x_wconf 89' lang='grc' dir='ltr'>τὸ</span> <span class='ocrx_word' id='word_1_337' title='bbox 3048 2450 3125 2522; x_wconf 85' lang='grc' dir='ltr'>μή</span> <span class='ocrx_word' id='word_1_338' title='bbox 3183 2449 3308 2522; x_wconf 88' lang='grc' dir='ltr'>παρ’</span> <span class='ocrx_word' id='word_1_339' title='bbox 3360 2446 3534 2502; x_wconf 76' lang='grc' dir='ltr'>αὐτῶν</span> <span class='ocrx_word' id='word_1_340' title='bbox 3587 2442 3710 2499; x_wconf 85' lang='grc' dir='ltr'>ἐπι-</span> 
     </span>
    </p>
   </div>
   <div class='ocr_carea' id='block_1_45' title="bbox 296 2532 3705 2618">
    <p class='ocr_par' dir='ltr' id='par_1_45' title="bbox 296 2532 3705 2618">
     <span class='ocr_line' id='line_1_45' title="bbox 296 2532 3705 2618; baseline -0.002 -24"><span class='ocrx_word' id='word_1_341' title='bbox 296 2532 630 2607; x_wconf 72' lang='grc' dir='ltr'>γνωσθῆναι,</span> <span class='ocrx_word' id='word_1_342' title='bbox 659 2532 749 2586; x_wconf 77' lang='grc' dir='ltr'>καὶ</span> <span class='ocrx_word' id='word_1_343' title='bbox 778 2532 913 2587; x_wconf 80' lang='grc' dir='ltr'>κατά</span> <span class='ocrx_word' id='word_1_344' title='bbox 948 2532 1129 2607; x_wconf 83' lang='grc' dir='ltr'>μόνων</span> <span class='ocrx_word' id='word_1_345' title='bbox 1158 2541 1266 2591; x_wconf 77' lang='grc' dir='ltr'>τῶν</span> <span class='ocrx_word' id='word_1_346' title='bbox 1294 2536 1370 2600; x_wconf 75' lang='grc' dir='ltr'>εἷς</span> <span class='ocrx_word' id='word_1_347' title='bbox 1417 2537 1483 2594; x_wconf 77' lang='grc' dir='ltr'>τὰ</span> <span class='ocrx_word' id='word_1_348' title='bbox 1530 2539 1713 2615; x_wconf 81' lang='grc' dir='ltr'>χωρία</span> <span class='ocrx_word' id='word_1_349' title='bbox 1767 2539 2159 2612; x_wconf 80' lang='grc' dir='ltr'>ἐξελαυνόντων</span> <span class='ocrx_word' id='word_1_350' title='bbox 2217 2544 2307 2598; x_wconf 84' lang='grc' dir='ltr'>καὶ</span> <span class='ocrx_word' id='word_1_351' title='bbox 2360 2540 2895 2618; x_wconf 84' lang='grc' dir='ltr'>διασκορπιζομένων</span> <span class='ocrx_word' id='word_1_352' title='bbox 2951 2540 3051 2609; x_wconf 79' lang='grc' dir='ltr'>τὴν</span> <span class='ocrx_word' id='word_1_353' title='bbox 3113 2538 3345 2593; x_wconf 75' lang='grc' dir='ltr'>ἐπίθεσιν</span> <span class='ocrx_word' id='word_1_354' title='bbox 3406 2533 3705 2601; x_wconf 89' lang='grc' dir='ltr'>ποιεῖσθαι,</span> 
     </span>
    </p>
   </div>
   <div class='ocr_carea' id='block_1_46' title="bbox 302 2618 1040 2697">
    <p class='ocr_par' dir='ltr' id='par_1_46' title="bbox 302 2618 1040 2697">
     <span class='ocr_line' id='line_1_46' title="bbox 302 2618 1040 2697; baseline 0.012 -24"><span class='ocrx_word' id='word_1_355' title='bbox 302 2618 379 2682; x_wconf 86' lang='grc' dir='ltr'>ὠς</span> <span class='ocrx_word' id='word_1_356' title='bbox 408 2618 663 2697; x_wconf 88' lang='grc' dir='ltr'>ἀνωτέρω</span> <span class='ocrx_word' id='word_1_357' title='bbox 707 2618 1040 2693; x_wconf 74' lang='grc' dir='ltr'>δεδήλωται.</span> 
     </span>
    </p>
   </div>
   <div class='ocr_carea' id='block_1_47' title="bbox 304 2789 1948 2873">
    <p class='ocr_par' dir='ltr' id='par_1_47' title="bbox 304 2789 1948 2873">
     <span class='ocr_line' id='line_1_47' title="bbox 304 2789 1948 2873; baseline 0.009 -31"><span class='ocrx_word' id='word_1_358' title='bbox 304 2793 468 2847; x_wconf 79' lang='grc' dir='ltr'>ΚΕΦ.</span> <span class='ocrx_word' id='word_1_359' title='bbox 521 2792 613 2873; x_wconf 65' lang='lat' dir='ltr'>lZ&#39;.</span> <span class='ocrx_word' id='word_1_360' title='bbox 677 2789 833 2873; x_wconf 33' lang='grc' dir='ltr'>Περὶ.</span> <span class='ocrx_word' id='word_1_361' title='bbox 862 2796 972 2873; x_wconf 76' lang='grc' dir='ltr'>τῶν</span> <span class='ocrx_word' id='word_1_362' title='bbox 1034 2791 1168 2873; x_wconf 76' lang='grc' dir='ltr'>μετᾶ</span> <span class='ocrx_word' id='word_1_363' title='bbox 1213 2794 1435 2873; x_wconf 80' lang='grc' dir='ltr'>πολλῆς</span> <span class='ocrx_word' id='word_1_364' title='bbox 1488 2793 1948 2873; x_wconf 21' lang='grc' dir='ltr'>δυνάμεωςλέπι-</span> 
     </span>
    </p>
   </div>
   <div class='ocr_carea' id='block_1_48' title="bbox 372 2859 1947 2944">
    <p class='ocr_par' dir='ltr' id='par_1_48' title="bbox 372 2859 1947 2944">
     <span class='ocr_line' id='line_1_48' title="bbox 372 2859 1947 2944; baseline 0.009 -30"><span class='ocrx_word' id='word_1_365' title='bbox 372 2859 681 2944; x_wconf 69' lang='grc' dir='ltr'>τρεχόντων</span> <span class='ocrx_word' id='word_1_366' title='bbox 736 2859 1044 2944; x_wconf 77' lang='grc' dir='ltr'>πολεμίων’</span> <span class='ocrx_word' id='word_1_367' title='bbox 1077 2866 1176 2928; x_wconf 79' lang='grc' dir='ltr'>τὰς</span> <span class='ocrx_word' id='word_1_368' title='bbox 1229 2859 1430 2944; x_wconf 71' lang='grc' dir='ltr'>χώρας</span> <span class='ocrx_word' id='word_1_369' title='bbox 1475 2859 1660 2943; x_wconf 65' lang='grc' dir='ltr'>ἡμῶν,</span> <span class='ocrx_word' id='word_1_370' title='bbox 1720 2859 1808 2926; x_wconf 81' lang='grc' dir='ltr'>καὶ</span> <span class='ocrx_word' id='word_1_371' title='bbox 1846 2875 1947 2942; x_wconf 74' lang='grc' dir='ltr'>τῆς</span> 
     </span>
    </p>
   </div>
   <div class='ocr_carea' id='block_1_49' title="bbox 376 2932 1339 3013">
    <p class='ocr_par' dir='ltr' id='par_1_49' title="bbox 376 2932 1339 3013">
     <span class='ocr_line' id='line_1_49' title="bbox 376 2932 1339 3013; baseline 0.008 -26"><span class='ocrx_word' id='word_1_372' title='bbox 376 2932 512 3007; x_wconf 78' lang='grc' dir='ltr'>μετᾶ</span> <span class='ocrx_word' id='word_1_373' title='bbox 541 2932 941 3009; x_wconf 75' lang='grc' dir='ltr'>ἐγκρυμμάτων</span> <span class='ocrx_word' id='word_1_374' title='bbox 972 2932 1339 3013; x_wconf 63' lang='grc' dir='ltr'>παρασκευῆςξ</span> 
     </span>
    </p>
   </div>
   <div class='ocr_carea' id='block_1_50' title="bbox 2056 2797 3700 2871">
    <p class='ocr_par' dir='ltr' id='par_1_50' title="bbox 2056 2797 3700 2871">
     <span class='ocr_line' id='line_1_50' title="bbox 2056 2797 3700 2871; baseline -0.006 -10"><span class='ocrx_word' id='word_1_375' title='bbox 2056 2804 2189 2861; x_wconf 77' lang='lat' dir='ltr'>CAP.</span> <span class='ocrx_word' id='word_1_376' title='bbox 2222 2805 2370 2860; x_wconf 85' lang='lat' dir='ltr'><strong>XVII</strong></span> <span class='ocrx_word' id='word_1_377' title='bbox 2401 2804 2472 2860; x_wconf 90' lang='lat' dir='ltr'>De</span> <span class='ocrx_word' id='word_1_378' title='bbox 2527 2803 2767 2859; x_wconf 81' lang='lat' dir='ltr'>hostibus</span> <span class='ocrx_word' id='word_1_379' title='bbox 2814 2818 2934 2857; x_wconf 88' lang='lat' dir='ltr'>cum</span> <span class='ocrx_word' id='word_1_380' title='bbox 2964 2800 3277 2871; x_wconf 79' lang='lat' dir='ltr'>ingentibus</span> <span class='ocrx_word' id='word_1_381' title='bbox 3338 2797 3511 2869; x_wconf 84' lang='lat' dir='ltr'>copiis</span> <span class='ocrx_word' id='word_1_382' title='bbox 3560 2810 3700 2868; x_wconf 81' lang='lat' dir='ltr'>pro-</span> 
     </span>
    </p>
   </div>
   <div class='ocr_carea' id='block_1_51' title="bbox 2128 2872 3707 2944">
    <p class='ocr_par' dir='ltr' id='par_1_51' title="bbox 2128 2872 3707 2944">
     <span class='ocr_line' id='line_1_51' title="bbox 2128 2872 3707 2944; baseline -0.006 -12"><span class='ocrx_word' id='word_1_383' title='bbox 2128 2879 2338 2932; x_wconf 84' lang='lat' dir='ltr'>vincias</span> <span class='ocrx_word' id='word_1_384' title='bbox 2393 2883 2610 2931; x_wconf 85' lang='lat' dir='ltr'>nostras</span> <span class='ocrx_word' id='word_1_385' title='bbox 2664 2875 3075 2944; x_wconf 81' lang='lat' dir='ltr'>invadentibus,</span> <span class='ocrx_word' id='word_1_386' title='bbox 3133 2881 3187 2928; x_wconf 83' lang='lat' dir='ltr'>et</span> <span class='ocrx_word' id='word_1_387' title='bbox 3237 2872 3303 2927; x_wconf 88' lang='lat' dir='ltr'>de</span> <span class='ocrx_word' id='word_1_388' title='bbox 3358 2872 3571 2925; x_wconf 75' lang='lat' dir='ltr'>ratione</span> <span class='ocrx_word' id='word_1_389' title='bbox 3600 2884 3707 2939; x_wconf 82' lang='lat' dir='ltr'>per</span> 
     </span>
    </p>
   </div>
   <div class='ocr_carea' id='block_1_52' title="bbox 2128 2947 2657 3005">
    <p class='ocr_par' dir='ltr' id='par_1_52' title="bbox 2128 2947 2657 3005">
     <span class='ocr_line' id='line_1_52' title="bbox 2128 2947 2657 3005; baseline 0.002 -1"><span class='ocrx_word' id='word_1_390' title='bbox 2128 2950 2361 3005; x_wconf 84' lang='lat' dir='ltr'>insidias</span> <span class='ocrx_word' id='word_1_391' title='bbox 2387 2947 2657 3005; x_wconf 85' lang='lat' dir='ltr'>bellandi.</span> 
     </span>
    </p>
   </div>
   <div class='ocr_carea' id='block_1_53' title="bbox 375 3107 1950 3197">
    <p class='ocr_par' dir='ltr' id='par_1_53' title="bbox 375 3107 1946 3191">
     <span class='ocr_line' id='line_1_53' title="bbox 375 3107 1946 3191; baseline 0.005 -23"><span class='ocrx_word' id='word_1_392' title='bbox 375 3111 440 3168; x_wconf 74' lang='lat' dir='ltr'>El</span> <span class='ocrx_word' id='word_1_393' title='bbox 472 3107 530 3167; x_wconf 78' lang='grc' dir='ltr'>δέ</span> <span class='ocrx_word' id='word_1_394' title='bbox 564 3132 625 3187; x_wconf 85' lang='grc' dir='ltr'>γε</span> <span class='ocrx_word' id='word_1_395' title='bbox 651 3112 714 3167; x_wconf 88' lang='grc' dir='ltr'>τὸ</span> <span class='ocrx_word' id='word_1_396' title='bbox 767 3116 875 3168; x_wconf 89' lang='grc' dir='ltr'>τῶν</span> <span class='ocrx_word' id='word_1_397' title='bbox 930 3113 1215 3190; x_wconf 83' lang='grc' dir='ltr'>πολεμίων</span> <span class='ocrx_word' id='word_1_398' title='bbox 1270 3118 1427 3191; x_wconf 78' lang='grc' dir='ltr'>ἅπαν,</span> <span class='ocrx_word' id='word_1_399' title='bbox 1478 3118 1686 3177; x_wconf 78' lang='grc' dir='ltr'>ἱππέων</span> <span class='ocrx_word' id='word_1_400' title='bbox 1744 3143 1802 3178; x_wconf 92' lang='grc' dir='ltr'>τε</span> <span class='ocrx_word' id='word_1_401' title='bbox 1855 3123 1946 3178; x_wconf 84' lang='grc' dir='ltr'>καὶ</span> 
     </span>
    </p>
   </div>
   <div class='ocr_carea' id='block_1_54' title="bbox 2061 3107 3711 3197">
    <p class='ocr_par' dir='ltr' id='par_1_54' title="bbox 2132 3116 3711 3197">
     <span class='ocr_line' id='line_1_54' title="bbox 2132 3116 3711 3197; baseline -0.008 -14"><span class='ocrx_word' id='word_1_402' title='bbox 2132 3125 2298 3194; x_wconf 87' lang='lat' dir='ltr'>Quod</span> <span class='ocrx_word' id='word_1_403' title='bbox 2326 3127 2376 3182; x_wconf 91' lang='lat' dir='ltr'>si</span> <span class='ocrx_word' id='word_1_404' title='bbox 2408 3125 2732 3197; x_wconf 89' lang='lat' dir='ltr'>aliquando</span> <span class='ocrx_word' id='word_1_405' title='bbox 2762 3124 2957 3181; x_wconf 89' lang='lat' dir='ltr'>omnis</span> <span class='ocrx_word' id='word_1_406' title='bbox 2995 3122 3259 3179; x_wconf 88' lang='lat' dir='ltr'>hostium</span> <span class='ocrx_word' id='word_1_407' title='bbox 3309 3116 3603 3190; x_wconf 88' lang='lat' dir='ltr'>equestris</span> <span class='ocrx_word' id='word_1_408' title='bbox 3625 3121 3711 3173; x_wconf 88' lang='lat' dir='ltr'>at-</span> 
     </span>
    </p>
   </div>
   <div class='ocr_carea' id='block_1_55' title="bbox 301 3202 1949 3288">
    <p class='ocr_par' dir='ltr' id='par_1_55' title="bbox 301 3202 1949 3288">
     <span class='ocr_line' id='line_1_55' title="bbox 301 3202 1949 3288; baseline 0.008 -32"><span class='ocrx_word' id='word_1_409' title='bbox 301 3206 504 3275; x_wconf 78' lang='grc' dir='ltr'>πέζῶν,</span> <span class='ocrx_word' id='word_1_410' title='bbox 536 3202 809 3277; x_wconf 76' lang='grc' dir='ltr'>ἄθροισμα</span> <span class='ocrx_word' id='word_1_411' title='bbox 860 3205 993 3279; x_wconf 86' lang='grc' dir='ltr'>μετᾶ</span> <span class='ocrx_word' id='word_1_412' title='bbox 1054 3207 1299 3283; x_wconf 82' lang='grc' dir='ltr'>μεγάλης</span> <span class='ocrx_word' id='word_1_413' title='bbox 1355 3212 1443 3266; x_wconf 79' lang='grc' dir='ltr'>καὶ</span> <span class='ocrx_word' id='word_1_414' title='bbox 1513 3213 1729 3288; x_wconf 83' lang='grc' dir='ltr'>βαρείας</span> <span class='ocrx_word' id='word_1_415' title='bbox 1789 3210 1949 3268; x_wconf 82' lang='grc' dir='ltr'>δυνά-</span> 
     </span>
    </p>
   </div>
   <div class='ocr_carea' id='block_1_56' title="bbox 307 3295 1943 3378">
    <p class='ocr_par' dir='ltr' id='par_1_56' title="bbox 307 3295 1943 3378">
     <span class='ocr_line' id='line_1_56' title="bbox 307 3295 1943 3378; baseline 0.008 -31"><span class='ocrx_word' id='word_1_416' title='bbox 307 3313 452 3367; x_wconf 90' lang='grc' dir='ltr'>μεως</span> <span class='ocrx_word' id='word_1_417' title='bbox 507 3298 603 3358; x_wconf 77' lang='grc' dir='ltr'>τὰς</span> <span class='ocrx_word' id='word_1_418' title='bbox 650 3295 811 3369; x_wconf 80' lang='grc' dir='ltr'>ἡμῶν</span> <span class='ocrx_word' id='word_1_419' title='bbox 873 3297 1061 3373; x_wconf 88' lang='grc' dir='ltr'>χώρας</span> <span class='ocrx_word' id='word_1_420' title='bbox 1119 3296 1334 3369; x_wconf 79' lang='grc' dir='ltr'>ἐξελθὸν</span> <span class='ocrx_word' id='word_1_421' title='bbox 1400 3302 1674 3378; x_wconf 79' lang='grc' dir='ltr'>ἐπιτρέχει</span> <span class='ocrx_word' id='word_1_422' title='bbox 1746 3325 1805 3359; x_wconf 87' lang='grc' dir='ltr'>τε</span> <span class='ocrx_word' id='word_1_423' title='bbox 1854 3304 1943 3359; x_wconf 86' lang='grc' dir='ltr'>καὶ</span> 
     </span>
    </p>
   </div>
   <div class='ocr_carea' id='block_1_57' title="bbox 301 3382 1945 3469">
    <p class='ocr_par' dir='ltr' id='par_1_57' title="bbox 301 3382 1945 3469">
     <span class='ocr_line' id='line_1_57' title="bbox 301 3382 1945 3469; baseline 0.005 -28"><span class='ocrx_word' id='word_1_424' title='bbox 301 3384 551 3456; x_wconf 74' lang='grc' dir='ltr'>Αηῒζεται</span> <span class='ocrx_word' id='word_1_425' title='bbox 588 3429 601 3456; x_wconf 91' lang='grc'>,</span> <span class='ocrx_word' id='word_1_426' title='bbox 660 3387 747 3441; x_wconf 84' lang='grc' dir='ltr'>καὶ</span> <span class='ocrx_word' id='word_1_427' title='bbox 834 3382 1133 3460; x_wconf 74' lang='grc' dir='ltr'>ἐμϐαθῦναί</span> <span class='ocrx_word' id='word_1_428' title='bbox 1216 3412 1275 3446; x_wconf 88' lang='grc' dir='ltr'>τε</span> <span class='ocrx_word' id='word_1_429' title='bbox 1356 3392 1445 3447; x_wconf 83' lang='grc' dir='ltr'>καὶ</span> <span class='ocrx_word' id='word_1_430' title='bbox 1507 3390 1945 3469; x_wconf 80' lang='grc' dir='ltr'>διερευνήσασθαι</span> 
     </span>
    </p>
   </div>
   <div class='ocr_carea' id='block_1_58' title="bbox 296 3471 1944 3557">
    <p class='ocr_par' dir='ltr' id='par_1_58' title="bbox 296 3471 1944 3557">
     <span class='ocr_line' id='line_1_58' title="bbox 296 3471 1944 3557; baseline 0.004 -28"><span class='ocrx_word' id='word_1_431' title='bbox 296 3473 494 3536; x_wconf 88' lang='grc' dir='ltr'>ταύτας</span> <span class='ocrx_word' id='word_1_432' title='bbox 544 3471 887 3549; x_wconf 81' lang='grc' dir='ltr'>διαμελετᾷ·</span> <span class='ocrx_word' id='word_1_433' title='bbox 948 3476 993 3532; x_wconf 75' lang='grc' dir='ltr'>εἰ</span> <span class='ocrx_word' id='word_1_434' title='bbox 1047 3477 1195 3555; x_wconf 72' lang='grc' dir='ltr'>τύχῃ</span> <span class='ocrx_word' id='word_1_435' title='bbox 1250 3476 1327 3552; x_wconf 74' lang='grc' dir='ltr'>δὲ,</span> <span class='ocrx_word' id='word_1_436' title='bbox 1387 3483 1475 3536; x_wconf 87' lang='grc' dir='ltr'>καὶ</span> <span class='ocrx_word' id='word_1_437' title='bbox 1526 3484 1589 3537; x_wconf 88' lang='grc' dir='ltr'>τὸ</span> <span class='ocrx_word' id='word_1_438' title='bbox 1640 3483 1944 3557; x_wconf 76' lang='grc' dir='ltr'>Ῥωμαϊκὸν</span> 
     </span>
    </p>
   </div>
   <div class='ocr_carea' id='block_1_59' title="bbox 297 3561 1945 3646">
    <p class='ocr_par' dir='ltr' id='par_1_59' title="bbox 297 3561 1945 3646">
     <span class='ocr_line' id='line_1_59' title="bbox 297 3561 1945 3646; baseline 0.006 -30"><span class='ocrx_word' id='word_1_439' title='bbox 297 3561 438 3616; x_wconf 72' lang='grc' dir='ltr'>κατὰ</span> <span class='ocrx_word' id='word_1_440' title='bbox 488 3562 580 3617; x_wconf 78' lang='grc' dir='ltr'>τὸν</span> <span class='ocrx_word' id='word_1_441' title='bbox 638 3563 802 3619; x_wconf 83' lang='grc' dir='ltr'>αὐτὸν</span> <span class='ocrx_word' id='word_1_442' title='bbox 857 3566 1048 3641; x_wconf 88' lang='grc' dir='ltr'>καιρὸν</span> <span class='ocrx_word' id='word_1_443' title='bbox 1135 3567 1441 3643; x_wconf 82' lang='grc' dir='ltr'>στράτευμα</span> <span class='ocrx_word' id='word_1_444' title='bbox 1516 3568 1945 3646; x_wconf 88' lang='grc' dir='ltr'>ἐπισυνηγμένον</span> 
     </span>
    </p>
   </div>
   <div class='ocr_carea' id='block_1_60' title="bbox 299 3649 1948 3732">
    <p class='ocr_par' dir='ltr' id='par_1_60' title="bbox 299 3649 1948 3732">
     <span class='ocr_line' id='line_1_60' title="bbox 299 3649 1948 3732; baseline 0.006 -26"><span class='ocrx_word' id='word_1_445' title='bbox 299 3649 472 3721; x_wconf 73' lang='grc' dir='ltr'>εἶναι,</span> <span class='ocrx_word' id='word_1_446' title='bbox 531 3651 619 3707; x_wconf 85' lang='grc' dir='ltr'>καὶ</span> <span class='ocrx_word' id='word_1_447' title='bbox 675 3654 774 3723; x_wconf 80' lang='grc' dir='ltr'>τὴν</span> <span class='ocrx_word' id='word_1_448' title='bbox 831 3654 1031 3710; x_wconf 87' lang='grc' dir='ltr'>τούτου</span> <span class='ocrx_word' id='word_1_449' title='bbox 1090 3660 1391 3732; x_wconf 90' lang='grc' dir='ltr'>παρουσίαν</span> <span class='ocrx_word' id='word_1_450' title='bbox 1448 3660 1836 3716; x_wconf 83' lang='grc' dir='ltr'>ἀκουτισθῶσιν</span> <span class='ocrx_word' id='word_1_451' title='bbox 1896 3662 1948 3715; x_wconf 76' lang='grc' dir='ltr'>οἱ</span> 
     </span>
    </p>
   </div>
   <div class='ocr_carea' id='block_1_61' title="bbox 296 3738 1948 3819">
    <p class='ocr_par' dir='ltr' id='par_1_61' title="bbox 296 3738 1948 3819">
     <span class='ocr_line' id='line_1_61' title="bbox 296 3738 1948 3819; baseline 0.007 -25"><span class='ocrx_word' id='word_1_452' title='bbox 296 3738 617 3815; x_wconf 85' lang='grc' dir='ltr'>πολέμιοι,</span> <span class='ocrx_word' id='word_1_453' title='bbox 675 3741 972 3819; x_wconf 80' lang='grc' dir='ltr'>ἀσφάλειαν</span> <span class='ocrx_word' id='word_1_454' title='bbox 1031 3745 1126 3818; x_wconf 79' lang='grc' dir='ltr'>μὶν</span> <span class='ocrx_word' id='word_1_455' title='bbox 1185 3745 1405 3817; x_wconf 73' lang='grc' dir='ltr'>πολλὴν</span> <span class='ocrx_word' id='word_1_456' title='bbox 1461 3752 1558 3803; x_wconf 76' lang='grc' dir='ltr'>τοῦ</span> <span class='ocrx_word' id='word_1_457' title='bbox 1619 3747 1761 3804; x_wconf 75' lang='grc' dir='ltr'>ἰδίου</span> <span class='ocrx_word' id='word_1_458' title='bbox 1810 3748 1948 3806; x_wconf 79' lang='grc' dir='ltr'>λαοῦ</span> 
     </span>
    </p>
   </div>
   <div class='ocr_carea' id='block_1_62' title="bbox 296 3831 1948 3913">
    <p class='ocr_par' dir='ltr' id='par_1_62' title="bbox 296 3831 1948 3913">
     <span class='ocr_line' id='line_1_62' title="bbox 296 3831 1948 3913; baseline 0.005 -28"><span class='ocrx_word' id='word_1_459' title='bbox 296 3834 604 3898; x_wconf 80' lang='grc' dir='ltr'>ποιοῦνται,</span> <span class='ocrx_word' id='word_1_460' title='bbox 641 3832 717 3906; x_wconf 83' lang='grc' dir='ltr'>μή</span> <span class='ocrx_word' id='word_1_461' title='bbox 759 3831 949 3896; x_wconf 87' lang='grc' dir='ltr'>ἐῶντές</span> <span class='ocrx_word' id='word_1_462' title='bbox 1006 3855 1179 3905; x_wconf 87' lang='grc' dir='ltr'>τινας,</span> <span class='ocrx_word' id='word_1_463' title='bbox 1240 3836 1490 3913; x_wconf 80' lang='grc' dir='ltr'>φυλακῆς</span> <span class='ocrx_word' id='word_1_464' title='bbox 1544 3835 1691 3907; x_wconf 73' lang='grc' dir='ltr'>ἄνευ,</span> <span class='ocrx_word' id='word_1_465' title='bbox 1747 3838 1801 3894; x_wconf 83' lang='grc' dir='ltr'>ἐν</span> <span class='ocrx_word' id='word_1_466' title='bbox 1828 3844 1948 3903; x_wconf 90' lang='grc' dir='ltr'>τοῖς</span> 
     </span>
    </p>
   </div>
   <div class='ocr_carea' id='block_1_63' title="bbox 298 3917 1950 4001">
    <p class='ocr_par' dir='ltr' id='par_1_63' title="bbox 298 3917 1950 4001">
     <span class='ocr_line' id='line_1_63' title="bbox 298 3917 1950 4001; baseline 0.008 -28"><span class='ocrx_word' id='word_1_467' title='bbox 298 3917 534 3995; x_wconf 87' lang='grc' dir='ltr'>χωρίοις</span> <span class='ocrx_word' id='word_1_468' title='bbox 578 3918 1071 3995; x_wconf 79' lang='grc' dir='ltr'>διασκορπίζεσθαι.</span> <span class='ocrx_word' id='word_1_469' title='bbox 1130 3922 1380 4000; x_wconf 88' lang='grc' dir='ltr'>Ἐνέδρας</span> <span class='ocrx_word' id='word_1_470' title='bbox 1419 3925 1477 3982; x_wconf 70' lang='grc' dir='ltr'>δὶ</span> <span class='ocrx_word' id='word_1_471' title='bbox 1538 3928 1758 4001; x_wconf 72' lang='grc' dir='ltr'>μᾶλλον</span> <span class='ocrx_word' id='word_1_472' title='bbox 1813 3930 1950 3986; x_wconf 86' lang='grc' dir='ltr'>κατά</span> 
     </span>
    </p>
   </div>
   <div class='ocr_carea' id='block_1_64' title="bbox 294 4009 1948 4092">
    <p class='ocr_par' dir='ltr' id='par_1_64' title="bbox 294 4009 1948 4092">
     <span class='ocr_line' id='line_1_64' title="bbox 294 4009 1948 4092; baseline 0.006 -29"><span class='ocrx_word' id='word_1_473' title='bbox 294 4012 394 4064; x_wconf 77' lang='grc' dir='ltr'>τοῦ</span> <span class='ocrx_word' id='word_1_474' title='bbox 452 4011 724 4088; x_wconf 75' lang='grc' dir='ltr'>ἡμετέρου</span> <span class='ocrx_word' id='word_1_475' title='bbox 783 4009 922 4067; x_wconf 78' lang='grc' dir='ltr'>λαοῦ</span> <span class='ocrx_word' id='word_1_476' title='bbox 988 4013 1354 4088; x_wconf 78' lang='grc' dir='ltr'>ἐξεργάζεσθαι</span> <span class='ocrx_word' id='word_1_477' title='bbox 1418 4022 1802 4092; x_wconf 82' lang='grc' dir='ltr'>μηχανῶνται,</span> <span class='ocrx_word' id='word_1_478' title='bbox 1857 4019 1948 4074; x_wconf 87' lang='grc' dir='ltr'>καὶ</span> 
     </span>
    </p>
   </div>
   <div class='ocr_carea' id='block_1_65' title="bbox 295 4094 1949 4179">
    <p class='ocr_par' dir='ltr' id='par_1_65' title="bbox 295 4094 1949 4179">
     <span class='ocr_line' id='line_1_65' title="bbox 295 4094 1949 4179; baseline 0.007 -27"><span class='ocrx_word' id='word_1_479' title='bbox 295 4094 626 4155; x_wconf 72' lang='grc' dir='ltr'>καταλαϐεῖν</span> <span class='ocrx_word' id='word_1_480' title='bbox 684 4099 882 4164; x_wconf 78' lang='grc' dir='ltr'>αὐτοὺς</span> <span class='ocrx_word' id='word_1_481' title='bbox 937 4102 1221 4173; x_wconf 79' lang='grc' dir='ltr'>ἀδοκήτως</span> <span class='ocrx_word' id='word_1_482' title='bbox 1281 4104 1593 4179; x_wconf 82' lang='grc' dir='ltr'>σπεύδουσι,</span> <span class='ocrx_word' id='word_1_483' title='bbox 1662 4106 1849 4179; x_wconf 75' lang='grc' dir='ltr'>διῶξαι</span> <span class='ocrx_word' id='word_1_484' title='bbox 1891 4130 1949 4164; x_wconf 91' lang='grc' dir='ltr'>τε</span> 
     </span>
    </p>
   </div>
   <div class='ocr_carea' id='block_1_66' title="bbox 296 4186 1947 4269">
    <p class='ocr_par' dir='ltr' id='par_1_66' title="bbox 296 4186 1947 4269">
     <span class='ocr_line' id='line_1_66' title="bbox 296 4186 1947 4269; baseline 0.007 -29"><span class='ocrx_word' id='word_1_485' title='bbox 296 4186 386 4241; x_wconf 83' lang='grc' dir='ltr'>καὶ</span> <span class='ocrx_word' id='word_1_486' title='bbox 447 4190 938 4262; x_wconf 83' lang='grc' dir='ltr'>καταγωνίσασθαι.</span> <span class='ocrx_word' id='word_1_487' title='bbox 1002 4190 1267 4269; x_wconf 80' lang='grc' dir='ltr'>Ὀφείλεις</span> <span class='ocrx_word' id='word_1_488' title='bbox 1311 4191 1367 4249; x_wconf 77' lang='grc' dir='ltr'>δὲ</span> <span class='ocrx_word' id='word_1_489' title='bbox 1418 4195 1509 4250; x_wconf 84' lang='grc' dir='ltr'>καὶ</span> <span class='ocrx_word' id='word_1_490' title='bbox 1562 4195 1722 4259; x_wconf 84' lang='grc' dir='ltr'>αὐτὸς</span> <span class='ocrx_word' id='word_1_491' title='bbox 1773 4202 1947 4252; x_wconf 81' lang='grc' dir='ltr'>πᾶσαν</span> 
     </span>
    </p>
   </div>
   <div class='ocr_carea' id='block_1_67' title="bbox 296 4274 1951 4361">
    <p class='ocr_par' dir='ltr' id='par_1_67' title="bbox 296 4274 1951 4361">
     <span class='ocr_line' id='line_1_67' title="bbox 296 4274 1951 4361; baseline 0.007 -31"><span class='ocrx_word' id='word_1_492' title='bbox 296 4274 596 4354; x_wconf 83' lang='grc' dir='ltr'>ἀσφάλειαν</span> <span class='ocrx_word' id='word_1_493' title='bbox 624 4276 1044 4353; x_wconf 79' lang='grc' dir='ltr'>ἐπιδείκνυσθαι,</span> <span class='ocrx_word' id='word_1_494' title='bbox 1097 4285 1194 4336; x_wconf 82' lang='grc' dir='ltr'>τοῦ</span> <span class='ocrx_word' id='word_1_495' title='bbox 1254 4283 1331 4356; x_wconf 78' lang='grc' dir='ltr'>μή</span> <span class='ocrx_word' id='word_1_496' title='bbox 1388 4282 1671 4355; x_wconf 78' lang='grc' dir='ltr'>ἀδοκήτως</span> <span class='ocrx_word' id='word_1_497' title='bbox 1728 4285 1951 4361; x_wconf 82' lang='grc' dir='ltr'>εύρεθῆ-</span> 
     </span>
    </p>
   </div>
   <div class='ocr_carea' id='block_1_68' title="bbox 296 4366 1947 4451">
    <p class='ocr_par' dir='ltr' id='par_1_68' title="bbox 296 4366 1947 4451">
     <span class='ocr_line' id='line_1_68' title="bbox 296 4366 1947 4451; baseline 0.008 -32"><span class='ocrx_word' id='word_1_498' title='bbox 296 4386 385 4420; x_wconf 90' lang='grc' dir='ltr'>ναι</span> <span class='ocrx_word' id='word_1_499' title='bbox 427 4368 552 4443; x_wconf 83' lang='grc' dir='ltr'>παρ’</span> <span class='ocrx_word' id='word_1_500' title='bbox 592 4366 788 4437; x_wconf 80' lang='grc' dir='ltr'>αύτῶν,</span> <span class='ocrx_word' id='word_1_501' title='bbox 847 4368 1394 4446; x_wconf 69' lang='grc' dir='ltr'>ἀντιμηχανήσασθαι</span> <span class='ocrx_word' id='word_1_502' title='bbox 1447 4371 1504 4428; x_wconf 73' lang='grc' dir='ltr'>δὲ</span> <span class='ocrx_word' id='word_1_503' title='bbox 1560 4373 1776 4447; x_wconf 80' lang='grc' dir='ltr'>μᾶλλον</span> <span class='ocrx_word' id='word_1_504' title='bbox 1815 4376 1947 4451; x_wconf 80' lang='grc' dir='ltr'>πρὸς</span> 
     </span>
    </p>
   </div>
   <div class='ocr_carea' id='block_1_69' title="bbox 296 4454 2024 4554">
    <p class='ocr_par' dir='ltr' id='par_1_69' title="bbox 296 4454 2024 4554">
     <span class='ocr_line' id='line_1_69' title="bbox 296 4454 2024 4554; baseline 0.006 -45"><span class='ocrx_word' id='word_1_505' title='bbox 296 4454 360 4510; x_wconf 84' lang='grc' dir='ltr'>τὸ</span> <span class='ocrx_word' id='word_1_506' title='bbox 390 4454 586 4517; x_wconf 76' lang='grc' dir='ltr'>αὐτοὺς</span> <span class='ocrx_word' id='word_1_507' title='bbox 615 4458 1021 4532; x_wconf 88' lang='grc' dir='ltr'>τροπώσασθαι,</span> <span class='ocrx_word' id='word_1_508' title='bbox 1079 4459 1169 4514; x_wconf 85' lang='grc' dir='ltr'>καὶ</span> <span class='ocrx_word' id='word_1_509' title='bbox 1224 4461 1468 4535; x_wconf 89' lang='grc' dir='ltr'>γενναῖόν</span> <span class='ocrx_word' id='word_1_510' title='bbox 1500 4484 1551 4518; x_wconf 86' lang='grc' dir='ltr'>τι</span> <span class='ocrx_word' id='word_1_511' title='bbox 1608 4464 1698 4519; x_wconf 81' lang='grc' dir='ltr'>καὶ</span> <span class='ocrx_word' id='word_1_512' title='bbox 1732 4465 1945 4536; x_wconf 82' lang='grc' dir='ltr'>ἀξιόλο-</span> <span class='ocrx_word' id='word_1_513' title='bbox 1978 4488 2024 4554; x_wconf 83' lang='lat' dir='ltr'><strong>D</strong></span> 
     </span>
    </p>
   </div>
   <div class='ocr_carea' id='block_1_70' title="bbox 294 4543 1951 4631">
    <p class='ocr_par' dir='ltr' id='par_1_70' title="bbox 294 4543 1951 4631">
     <span class='ocr_line' id='line_1_70' title="bbox 294 4543 1951 4631; baseline 0.008 -34"><span class='ocrx_word' id='word_1_514' title='bbox 294 4564 390 4620; x_wconf 89' lang='grc' dir='ltr'>γον</span> <span class='ocrx_word' id='word_1_515' title='bbox 452 4543 795 4619; x_wconf 85' lang='grc' dir='ltr'>ἐργάσασθαι.</span> <span class='ocrx_word' id='word_1_516' title='bbox 833 4547 935 4604; x_wconf 81' lang='grc' dir='ltr'>Καὶ</span> <span class='ocrx_word' id='word_1_517' title='bbox 994 4548 1172 4604; x_wconf 76' lang='grc' dir='ltr'>αὐτῶν</span> <span class='ocrx_word' id='word_1_518' title='bbox 1226 4551 1748 4627; x_wconf 78' lang='grc' dir='ltr'>τραυματιζομένων</span> <span class='ocrx_word' id='word_1_519' title='bbox 1804 4554 1951 4631; x_wconf 85' lang='grc' dir='ltr'>παρᾶ</span> 
     </span>
    </p>
   </div>
   <div class='ocr_carea' id='block_1_71' title="bbox 300 4631 1949 4720">
    <p class='ocr_par' dir='ltr' id='par_1_71' title="bbox 300 4631 1949 4720">
     <span class='ocr_line' id='line_1_71' title="bbox 300 4631 1949 4720; baseline 0.008 -34"><span class='ocrx_word' id='word_1_520' title='bbox 300 4636 399 4687; x_wconf 80' lang='grc' dir='ltr'>σοῦ</span> <span class='ocrx_word' id='word_1_521' title='bbox 434 4677 449 4703; x_wconf 91' lang='grc'>,</span> <span class='ocrx_word' id='word_1_522' title='bbox 508 4631 768 4709; x_wconf 82' lang='grc' dir='ltr'>οὐδαμῶς</span> <span class='ocrx_word' id='word_1_523' title='bbox 826 4635 1204 4713; x_wconf 82' lang='grc' dir='ltr'>ἐγχρονίσουσι</span> <span class='ocrx_word' id='word_1_524' title='bbox 1279 4639 1375 4703; x_wconf 78' lang='grc' dir='ltr'>τὰς</span> <span class='ocrx_word' id='word_1_525' title='bbox 1431 4644 1705 4718; x_wconf 84' lang='grc' dir='ltr'>ἡμετέρας</span> <span class='ocrx_word' id='word_1_526' title='bbox 1759 4645 1949 4720; x_wconf 85' lang='grc' dir='ltr'>χώρας</span> 
     </span>
    </p>
   </div>
   <div class='ocr_carea' id='block_1_72' title="bbox 300 4720 1950 4809">
    <p class='ocr_par' dir='ltr' id='par_1_72' title="bbox 300 4720 1950 4809">
     <span class='ocr_line' id='line_1_72' title="bbox 300 4720 1950 4809; baseline 0.008 -34"><span class='ocrx_word' id='word_1_527' title='bbox 300 4720 647 4809; x_wconf 74' lang='grc' dir='ltr'>ληϊζόμενοι.</span> <span class='ocrx_word' id='word_1_528' title='bbox 681 4724 867 4801; x_wconf 85' lang='grc' dir='ltr'>Χρεὼν</span> <span class='ocrx_word' id='word_1_529' title='bbox 906 4726 1002 4784; x_wconf 80' lang='grc' dir='ltr'>οὖν</span> <span class='ocrx_word' id='word_1_530' title='bbox 1031 4725 1144 4783; x_wconf 81' lang='grc' dir='ltr'>ἐστί</span> <span class='ocrx_word' id='word_1_531' title='bbox 1202 4749 1310 4800; x_wconf 85' lang='grc' dir='ltr'>σοι,</span> <span class='ocrx_word' id='word_1_532' title='bbox 1368 4727 1733 4803; x_wconf 85' lang='grc' dir='ltr'>διασκοπῆσαι</span> <span class='ocrx_word' id='word_1_533' title='bbox 1766 4734 1950 4809; x_wconf 88' lang='grc' dir='ltr'>χωρία</span> 
     </span>
    </p>
   </div>
   <div class='ocr_carea' id='block_1_73' title="bbox 297 4808 1946 4897">
    <p class='ocr_par' dir='ltr' id='par_1_73' title="bbox 297 4808 1946 4897">
     <span class='ocr_line' id='line_1_73' title="bbox 297 4808 1946 4897; baseline 0.008 -33"><span class='ocrx_word' id='word_1_534' title='bbox 297 4808 582 4881; x_wconf 78' lang='grc' dir='ltr'>ἐπιτήδεια</span> <span class='ocrx_word' id='word_1_535' title='bbox 613 4858 629 4884; x_wconf 88' lang='grc'>,</span> <span class='ocrx_word' id='word_1_536' title='bbox 683 4811 737 4868; x_wconf 73' lang='grc' dir='ltr'>ἐν</span> <span class='ocrx_word' id='word_1_537' title='bbox 790 4817 874 4879; x_wconf 79' lang='grc' dir='ltr'>οἷς</span> <span class='ocrx_word' id='word_1_538' title='bbox 957 4817 1010 4871; x_wconf 80' lang='grc' dir='ltr'>οἱ</span> <span class='ocrx_word' id='word_1_539' title='bbox 1068 4815 1418 4893; x_wconf 82' lang='grc' dir='ltr'>ἐκτρέχοντες</span> <span class='ocrx_word' id='word_1_540' title='bbox 1498 4827 1607 4877; x_wconf 87' lang='grc' dir='ltr'>τῶν</span> <span class='ocrx_word' id='word_1_541' title='bbox 1663 4821 1946 4897; x_wconf 78' lang='grc' dir='ltr'>πολεμίων</span> 
     </span>
    </p>
   </div>
   <div class='ocr_carea' id='block_1_74' title="bbox 295 4898 1950 4990">
    <p class='ocr_par' dir='ltr' id='par_1_74' title="bbox 295 4898 1950 4990">
     <span class='ocr_line' id='line_1_74' title="bbox 295 4898 1950 4990; baseline 0.01 -37"><span class='ocrx_word' id='word_1_542' title='bbox 295 4898 675 4990; x_wconf 61' lang='grc' dir='ltr'>εἰσέρχονται,</span> <span class='ocrx_word' id='word_1_543' title='bbox 732 4908 948 4982; x_wconf 79' lang='grc' dir='ltr'>τροφῶν</span> <span class='ocrx_word' id='word_1_544' title='bbox 1008 4906 1099 4961; x_wconf 84' lang='grc' dir='ltr'>καὶ</span> <span class='ocrx_word' id='word_1_545' title='bbox 1159 4906 1418 4987; x_wconf 75' lang='grc' dir='ltr'>λαφύρων</span> <span class='ocrx_word' id='word_1_546' title='bbox 1477 4911 1950 4990; x_wconf 76' lang='grc' dir='ltr'>ἀναψηλαφήσεως</span> 
     </span>
    </p>
   </div>
   <div class='ocr_carea' id='block_1_75' title="bbox 293 4984 1945 5071">
    <p class='ocr_par' dir='ltr' id='par_1_75' title="bbox 293 4984 1945 5071">
     <span class='ocr_line' id='line_1_75' title="bbox 293 4984 1945 5071; baseline 0.01 -30"><span class='ocrx_word' id='word_1_547' title='bbox 293 4984 468 5043; x_wconf 60' lang='grc' dir='ltr'>ἕνεκα*</span> <span class='ocrx_word' id='word_1_548' title='bbox 500 4989 589 5044; x_wconf 82' lang='grc' dir='ltr'>καὶ</span> <span class='ocrx_word' id='word_1_549' title='bbox 621 4987 794 5066; x_wconf 88' lang='grc' dir='ltr'>λόχον</span> <span class='ocrx_word' id='word_1_550' title='bbox 837 4992 889 5046; x_wconf 82' lang='grc' dir='ltr'>ἐν</span> <span class='ocrx_word' id='word_1_551' title='bbox 948 4992 1137 5058; x_wconf 75' lang='grc' dir='ltr'>αὐτοῖς</span> <span class='ocrx_word' id='word_1_552' title='bbox 1194 4984 1419 5052; x_wconf 77' lang='grc' dir='ltr'>ἱππικὸν</span> <span class='ocrx_word' id='word_1_553' title='bbox 1475 4984 1828 5071; x_wconf 76' lang='grc' dir='ltr'>καταστῆσαι,</span> <span class='ocrx_word' id='word_1_554' title='bbox 1854 5002 1945 5056; x_wconf 87' lang='grc' dir='ltr'>τὸν</span> 
     </span>
    </p>
   </div>
   <div class='ocr_carea' id='block_1_76' title="bbox 293 5076 1947 5157">
    <p class='ocr_par' dir='ltr' id='par_1_76' title="bbox 293 5076 1947 5157">
     <span class='ocr_line' id='line_1_76' title="bbox 293 5076 1947 5157; baseline 0.008 -26"><span class='ocrx_word' id='word_1_555' title='bbox 293 5076 414 5132; x_wconf 81' lang='grc' dir='ltr'>κατ’</span> <span class='ocrx_word' id='word_1_556' title='bbox 468 5076 641 5134; x_wconf 76' lang='grc' dir='ltr'>αὐτῶν</span> <span class='ocrx_word' id='word_1_557' title='bbox 702 5078 976 5138; x_wconf 74' lang='grc' dir='ltr'>ἐπιθέσθαι</span> <span class='ocrx_word' id='word_1_558' title='bbox 1048 5083 1324 5157; x_wconf 85' lang='grc' dir='ltr'>μέλλοντα</span> <span class='ocrx_word' id='word_1_559' title='bbox 1357 5130 1370 5143; x_wconf 94' lang='grc'><strong>.</strong></span> <span class='ocrx_word' id='word_1_560' title='bbox 1421 5090 1701 5145; x_wconf 82' lang='grc' dir='ltr'>Ἔστωσαν</span> <span class='ocrx_word' id='word_1_561' title='bbox 1786 5088 1843 5146; x_wconf 72' lang='grc' dir='ltr'>δὲ</span> <span class='ocrx_word' id='word_1_562' title='bbox 1894 5092 1947 5146; x_wconf 74' lang='grc' dir='ltr'>οἱ</span> 
     </span>
    </p>
   </div>
   <div class='ocr_carea' id='block_1_77' title="bbox 295 5166 1944 5249">
    <p class='ocr_par' dir='ltr' id='par_1_77' title="bbox 295 5166 1944 5249">
     <span class='ocr_line' id='line_1_77' title="bbox 295 5166 1944 5249; baseline 0.01 -29"><span class='ocrx_word' id='word_1_563' title='bbox 295 5166 483 5230; x_wconf 81' lang='grc' dir='ltr'>ἱππεῖς</span> <span class='ocrx_word' id='word_1_564' title='bbox 514 5168 567 5223; x_wconf 76' lang='grc' dir='ltr'>οἱ</span> <span class='ocrx_word' id='word_1_565' title='bbox 589 5168 665 5231; x_wconf 76' lang='grc' dir='ltr'>εἷς</span> <span class='ocrx_word' id='word_1_566' title='bbox 682 5170 775 5227; x_wconf 87' lang='grc' dir='ltr'>τὸν</span> <span class='ocrx_word' id='word_1_567' title='bbox 804 5170 982 5248; x_wconf 82' lang='grc' dir='ltr'>λόχον</span> <span class='ocrx_word' id='word_1_568' title='bbox 1013 5172 1485 5249; x_wconf 80' lang='grc' dir='ltr'>ἄποστελλόμένοι</span> <span class='ocrx_word' id='word_1_569' title='bbox 1514 5183 1621 5234; x_wconf 89' lang='grc' dir='ltr'>τῶν</span> <span class='ocrx_word' id='word_1_570' title='bbox 1655 5176 1944 5235; x_wconf 88' lang='grc' dir='ltr'>διακοσίων</span> 
     </span>
    </p>
   </div>
   <div class='ocr_carea' id='block_1_78' title="bbox 294 5252 1946 5343">
    <p class='ocr_par' dir='ltr' id='par_1_78' title="bbox 294 5252 1946 5343">
     <span class='ocr_line' id='line_1_78' title="bbox 294 5252 1946 5343; baseline 0.012 -35"><span class='ocrx_word' id='word_1_571' title='bbox 294 5252 543 5343; x_wconf 70' lang='grc' dir='ltr'>ἐπέκεινα</span> <span class='ocrx_word' id='word_1_572' title='bbox 575 5303 590 5329; x_wconf 82' lang='grc'>,</span> <span class='ocrx_word' id='word_1_573' title='bbox 640 5257 913 5343; x_wconf 71' lang='grc' dir='ltr'>ἀρχηγὸν</span> <span class='ocrx_word' id='word_1_574' title='bbox 949 5256 1177 5343; x_wconf 74' lang='grc' dir='ltr'>ἔχοντες</span> <span class='ocrx_word' id='word_1_575' title='bbox 1223 5262 1495 5340; x_wconf 82' lang='grc' dir='ltr'>ἀνδρεῖον,</span> <span class='ocrx_word' id='word_1_576' title='bbox 1554 5269 1641 5322; x_wconf 83' lang='grc' dir='ltr'>καὶ</span> <span class='ocrx_word' id='word_1_577' title='bbox 1702 5271 1787 5342; x_wconf 84' lang='grc' dir='ltr'>[Ρ.</span> <span class='ocrx_word' id='word_1_578' title='bbox 1822 5272 1946 5343; x_wconf 82' lang='grc'>149]</span> 
     </span>
    </p>
   </div>
   <div class='ocr_carea' id='block_1_79' title="bbox 297 5336 1947 5422">
    <p class='ocr_par' dir='ltr' id='par_1_79' title="bbox 297 5336 1947 5422">
     <span class='ocr_line' id='line_1_79' title="bbox 297 5336 1947 5422; baseline 0.01 -32"><span class='ocrx_word' id='word_1_579' title='bbox 297 5337 442 5391; x_wconf 77' lang='grc' dir='ltr'>πάνυ</span> <span class='ocrx_word' id='word_1_580' title='bbox 480 5336 560 5400; x_wconf 78' lang='grc' dir='ltr'>εἰς</span> <span class='ocrx_word' id='word_1_581' title='bbox 615 5339 712 5403; x_wconf 76' lang='grc' dir='ltr'>τὰς</span> <span class='ocrx_word' id='word_1_582' title='bbox 763 5336 1017 5408; x_wconf 80' lang='grc' dir='ltr'>τοιαύτας</span> <span class='ocrx_word' id='word_1_583' title='bbox 1074 5342 1290 5421; x_wconf 87' lang='grc' dir='ltr'>ἐνέδρας</span> <span class='ocrx_word' id='word_1_584' title='bbox 1326 5336 1763 5422; x_wconf 68' lang='grc' dir='ltr'>ἐμπειρότατον.</span> <span class='ocrx_word' id='word_1_585' title='bbox 1795 5352 1857 5409; x_wconf 90' lang='grc' dir='ltr'>Ὁ</span> <span class='ocrx_word' id='word_1_586' title='bbox 1889 5336 1947 5407; x_wconf 72' lang='grc' dir='ltr'>δέ</span> 
     </span>
    </p>
   </div>
   <div class='ocr_carea' id='block_1_80' title="bbox 293 5424 1947 5516">
    <p class='ocr_par' dir='ltr' id='par_1_80' title="bbox 293 5424 1947 5516">
     <span class='ocr_line' id='line_1_80' title="bbox 293 5424 1947 5516; baseline 0.01 -36"><span class='ocrx_word' id='word_1_587' title='bbox 293 5428 393 5516; x_wconf 79' lang='grc' dir='ltr'>τοῦ</span> <span class='ocrx_word' id='word_1_588' title='bbox 418 5424 565 5516; x_wconf 66' lang='grc' dir='ltr'>δλουΔ</span> <span class='ocrx_word' id='word_1_589' title='bbox 602 5429 1004 5504; x_wconf 84' lang='grc' dir='ltr'>στρατεύματος</span> <span class='ocrx_word' id='word_1_590' title='bbox 1059 5433 1327 5509; x_wconf 79' lang='grc' dir='ltr'>ἀρχηγὸς,</span> <span class='ocrx_word' id='word_1_591' title='bbox 1355 5434 1406 5507; x_wconf 79' lang='grc' dir='ltr'>’ἐξ</span> <span class='ocrx_word' id='word_1_592' title='bbox 1439 5438 1473 5507; x_wconf 69' lang='grc' dir='ltr'><strong>ἢ</strong></span> <span class='ocrx_word' id='word_1_593' title='bbox 1502 5439 1658 5494; x_wconf 89' lang='grc' dir='ltr'>πέντε</span> <span class='ocrx_word' id='word_1_594' title='bbox 1690 5438 1947 5516; x_wconf 84' lang='grc' dir='ltr'>χιλιάδας</span> 
     </span>
    </p>
   </div>
   <div class='ocr_carea' id='block_1_81' title="bbox 295 5510 1943 5603">
    <p class='ocr_par' dir='ltr' id='par_1_81' title="bbox 295 5510 1943 5603">
     <span class='ocr_line' id='line_1_81' title="bbox 295 5510 1943 5603; baseline 0.012 -35"><span class='ocrx_word' id='word_1_595' title='bbox 295 5511 510 5571; x_wconf 72' lang='grc' dir='ltr'>ἱππέων</span> <span class='ocrx_word' id='word_1_596' title='bbox 537 5510 684 5592; x_wconf 74' lang='grc' dir='ltr'>ἔχων</span> <span class='ocrx_word' id='word_1_597' title='bbox 711 5518 1053 5593; x_wconf 80' lang='grc' dir='ltr'>πολεμιστὰς</span> <span class='ocrx_word' id='word_1_598' title='bbox 1081 5522 1173 5575; x_wconf 88' lang='grc' dir='ltr'>καὶ</span> <span class='ocrx_word' id='word_1_599' title='bbox 1200 5523 1301 5592; x_wconf 78' lang='grc' dir='ltr'>τὴν</span> <span class='ocrx_word' id='word_1_600' title='bbox 1344 5528 1441 5578; x_wconf 81' lang='grc' dir='ltr'>τοῦ</span> <span class='ocrx_word' id='word_1_601' title='bbox 1498 5532 1633 5582; x_wconf 78' lang='grc' dir='ltr'>Θεοῦ</span> <span class='ocrx_word' id='word_1_602' title='bbox 1667 5510 1943 5603; x_wconf 69' lang='grc' dir='ltr'>βοήθειαν,</span> 
     </span>
    </p>
   </div>
   <div class='ocr_carea' id='block_1_82' title="bbox 302 5604 1943 5697">
    <p class='ocr_par' dir='ltr' id='par_1_82' title="bbox 302 5604 1943 5697">
     <span class='ocr_line' id='line_1_82' title="bbox 302 5604 1943 5697; baseline 0.011 -39"><span class='ocrx_word' id='word_1_603' title='bbox 302 5604 366 5697; x_wconf 71' lang='grc' dir='ltr'>ού</span> <span class='ocrx_word' id='word_1_604' title='bbox 389 5606 664 5697; x_wconf 56' lang='grc' dir='ltr'>πλειόνων</span> <span class='ocrx_word' id='word_1_605' title='bbox 697 5606 752 5663; x_wconf 89' lang='grc' dir='ltr'>ἐν</span> <span class='ocrx_word' id='word_1_606' title='bbox 785 5608 947 5697; x_wconf 80' lang='grc' dir='ltr'>χρείᾳ</span> <span class='ocrx_word' id='word_1_607' title='bbox 975 5613 1281 5697; x_wconf 82' lang='grc' dir='ltr'>γενήσεται.</span> <span class='ocrx_word' id='word_1_608' title='bbox 1341 5610 1550 5677; x_wconf 87' lang='grc' dir='ltr'>Ταύτας</span> <span class='ocrx_word' id='word_1_609' title='bbox 1598 5617 1776 5673; x_wconf 85' lang='grc' dir='ltr'>τοίνυν</span> <span class='ocrx_word' id='word_1_610' title='bbox 1811 5618 1943 5697; x_wconf 85' lang='grc' dir='ltr'>διχῆ</span> 
     </span>
    </p>
   </div>
   <div class='ocr_carea' id='block_1_83' title="bbox 302 5689 1942 5781">
    <p class='ocr_par' dir='ltr' id='par_1_83' title="bbox 302 5689 1942 5781">
     <span class='ocr_line' id='line_1_83' title="bbox 302 5689 1942 5781; baseline 0.011 -31"><span class='ocrx_word' id='word_1_611' title='bbox 302 5689 501 5751; x_wconf 85' lang='grc' dir='ltr'>διελὼν</span> <span class='ocrx_word' id='word_1_612' title='bbox 532 5694 662 5760; x_wconf 80' lang='grc' dir='ltr'>τοὺς</span> <span class='ocrx_word' id='word_1_613' title='bbox 694 5699 790 5773; x_wconf 75' lang='grc' dir='ltr'>μὶν</span> <span class='ocrx_word' id='word_1_614' title='bbox 820 5695 1134 5775; x_wconf 87' lang='grc' dir='ltr'>δισχιλίους</span> <span class='ocrx_word' id='word_1_615' title='bbox 1166 5696 1466 5777; x_wconf 78' lang='grc' dir='ltr'>ἔμπροσθεν</span> <span class='ocrx_word' id='word_1_616' title='bbox 1498 5702 1577 5769; x_wconf 71' lang='lat' dir='ltr'>sic</span> <span class='ocrx_word' id='word_1_617' title='bbox 1636 5689 1942 5781; x_wconf 73' lang='grc' dir='ltr'>ἐπιτήδείδν</span> 
     </span>
    </p>
   </div>
   <div class='ocr_carea' id='block_1_84' title="bbox 2062 3206 3704 3288">
    <p class='ocr_par' dir='ltr' id='par_1_84' title="bbox 2062 3206 3704 3288">
     <span class='ocr_line' id='line_1_84' title="bbox 2062 3206 3704 3288; baseline -0.007 -17"><span class='ocrx_word' id='word_1_618' title='bbox 2062 3232 2175 3288; x_wconf 88' lang='lat' dir='ltr'>que</span> <span class='ocrx_word' id='word_1_619' title='bbox 2205 3215 2499 3287; x_wconf 91' lang='lat' dir='ltr'>pedestris</span> <span class='ocrx_word' id='word_1_620' title='bbox 2556 3216 2641 3270; x_wconf 85' lang='lat' dir='ltr'>vis</span> <span class='ocrx_word' id='word_1_621' title='bbox 2697 3230 2834 3270; x_wconf 92' lang='lat' dir='ltr'>cum</span> <span class='ocrx_word' id='word_1_622' title='bbox 2888 3212 3162 3269; x_wconf 89' lang='lat' dir='ltr'>maximis</span> <span class='ocrx_word' id='word_1_623' title='bbox 3220 3206 3704 3276; x_wconf 87' lang='lat' dir='ltr'>immanibusque</span> 
     </span>
    </p>
   </div>
   <div class='ocr_carea' id='block_1_85' title="bbox 2055 3293 3703 3375">
    <p class='ocr_par' dir='ltr' id='par_1_85' title="bbox 2055 3293 3703 3375">
     <span class='ocr_line' id='line_1_85' title="bbox 2055 3293 3703 3375; baseline -0.008 -16"><span class='ocrx_word' id='word_1_624' title='bbox 2055 3304 2243 3375; x_wconf 90' lang='lat' dir='ltr'>copiis</span> <span class='ocrx_word' id='word_1_625' title='bbox 2274 3303 2606 3375; x_wconf 88' lang='lat' dir='ltr'>provincias</span> <span class='ocrx_word' id='word_1_626' title='bbox 2647 3306 2881 3356; x_wconf 89' lang='lat' dir='ltr'>nostras</span> <span class='ocrx_word' id='word_1_627' title='bbox 2911 3300 3181 3371; x_wconf 88' lang='lat' dir='ltr'>ingressa</span> <span class='ocrx_word' id='word_1_628' title='bbox 3210 3293 3479 3367; x_wconf 86' lang='lat' dir='ltr'>pervadit</span> <span class='ocrx_word' id='word_1_629' title='bbox 3507 3297 3566 3347; x_wconf 91' lang='lat' dir='ltr'>et</span> <span class='ocrx_word' id='word_1_630' title='bbox 3593 3308 3703 3362; x_wconf 93' lang='lat' dir='ltr'>po-</span> 
     </span>
    </p>
   </div>
   <div class='ocr_carea' id='block_1_86' title="bbox 2052 3384 3700 3468">
    <p class='ocr_par' dir='ltr' id='par_1_86' title="bbox 2052 3384 3700 3468">
     <span class='ocr_line' id='line_1_86' title="bbox 2052 3384 3700 3468; baseline -0.008 -16"><span class='ocrx_word' id='word_1_631' title='bbox 2052 3397 2315 3468; x_wconf 91' lang='lat' dir='ltr'>pulatur,</span> <span class='ocrx_word' id='word_1_632' title='bbox 2347 3395 2707 3467; x_wconf 89' lang='lat' dir='ltr'>penitusque</span> <span class='ocrx_word' id='word_1_633' title='bbox 2740 3396 3051 3465; x_wconf 90' lang='lat' dir='ltr'>penetrare</span> <span class='ocrx_word' id='word_1_634' title='bbox 3084 3407 3182 3445; x_wconf 91' lang='lat' dir='ltr'>eas</span> <span class='ocrx_word' id='word_1_635' title='bbox 3231 3404 3297 3444; x_wconf 91' lang='lat' dir='ltr'>ac</span> <span class='ocrx_word' id='word_1_636' title='bbox 3338 3384 3700 3459; x_wconf 89' lang='lat' dir='ltr'>perscrutari</span> 
     </span>
    </p>
   </div>
   <div class='ocr_carea' id='block_1_87' title="bbox 2053 3476 3701 3546">
    <p class='ocr_par' dir='ltr' id='par_1_87' title="bbox 2053 3476 3701 3546">
     <span class='ocr_line' id='line_1_87' title="bbox 2053 3476 3701 3546; baseline -0.008 -5"><span class='ocrx_word' id='word_1_637' title='bbox 2053 3484 2395 3541; x_wconf 88' lang='lat' dir='ltr'>constituit:</span> <span class='ocrx_word' id='word_1_638' title='bbox 2428 3484 2645 3540; x_wconf 90' lang='lat' dir='ltr'>accidit</span> <span class='ocrx_word' id='word_1_639' title='bbox 2672 3487 2871 3538; x_wconf 89' lang='lat' dir='ltr'>autem</span> <span class='ocrx_word' id='word_1_640' title='bbox 2902 3481 3056 3537; x_wconf 71' lang='lat'>280</span> <span class='ocrx_word' id='word_1_641' title='bbox 3095 3483 3162 3534; x_wconf 91' lang='lat' dir='ltr'>ut</span> <span class='ocrx_word' id='word_1_642' title='bbox 3192 3476 3399 3533; x_wconf 90' lang='lat' dir='ltr'>eodem</span> <span class='ocrx_word' id='word_1_643' title='bbox 3431 3481 3701 3546; x_wconf 90' lang='lat' dir='ltr'>tempore</span> 
     </span>
    </p>
   </div>
   <div class='ocr_carea' id='block_1_88' title="bbox 2054 3563 3699 3641">
    <p class='ocr_par' dir='ltr' id='par_1_88' title="bbox 2054 3563 3699 3641">
     <span class='ocr_line' id='line_1_88' title="bbox 2054 3563 3699 3641; baseline -0.007 -12"><span class='ocrx_word' id='word_1_644' title='bbox 2054 3574 2115 3629; x_wconf 93' lang='lat' dir='ltr'>in</span> <span class='ocrx_word' id='word_1_645' title='bbox 2144 3590 2331 3629; x_wconf 91' lang='lat' dir='ltr'>unum</span> <span class='ocrx_word' id='word_1_646' title='bbox 2380 3573 2578 3628; x_wconf 92' lang='lat' dir='ltr'>locum</span> <span class='ocrx_word' id='word_1_647' title='bbox 2630 3574 2908 3628; x_wconf 71' lang='lat' dir='ltr'>Romanas</span> <span class='ocrx_word' id='word_1_648' title='bbox 2967 3569 3151 3641; x_wconf 70' lang='lat' dir='ltr'>copim</span> <span class='ocrx_word' id='word_1_649' title='bbox 3207 3569 3525 3622; x_wconf 61' lang='lat' dir='ltr'>contracta</span> <span class='ocrx_word' id='word_1_650' title='bbox 3558 3563 3699 3629; x_wconf 89' lang='lat' dir='ltr'>sint,</span> 
     </span>
    </p>
   </div>
   <div class='ocr_carea' id='block_1_89' title="bbox 2055 3659 3699 3735">
    <p class='ocr_par' dir='ltr' id='par_1_89' title="bbox 2055 3659 3699 3735">
     <span class='ocr_line' id='line_1_89' title="bbox 2055 3659 3699 3735; baseline -0.007 -16"><span class='ocrx_word' id='word_1_651' title='bbox 2055 3680 2272 3734; x_wconf 88' lang='lat' dir='ltr'>easque</span> <span class='ocrx_word' id='word_1_652' title='bbox 2294 3680 2478 3735; x_wconf 89' lang='lat' dir='ltr'>prope</span> <span class='ocrx_word' id='word_1_653' title='bbox 2510 3678 2639 3718; x_wconf 91' lang='lat' dir='ltr'>esse</span> <span class='ocrx_word' id='word_1_654' title='bbox 2665 3662 2868 3717; x_wconf 86' lang='lat' dir='ltr'>hostes</span> <span class='ocrx_word' id='word_1_655' title='bbox 2899 3659 3146 3716; x_wconf 89' lang='lat' dir='ltr'>audiant</span> <span class='ocrx_word' id='word_1_656' title='bbox 3170 3674 3183 3712; x_wconf 90' lang='lat'><strong>:</strong></span> <span class='ocrx_word' id='word_1_657' title='bbox 3210 3670 3571 3728; x_wconf 87' lang='lat' dir='ltr'>magnopere</span> <span class='ocrx_word' id='word_1_658' title='bbox 3592 3669 3699 3709; x_wconf 90' lang='lat' dir='ltr'>suo</span> 
     </span>
    </p>
   </div>
   <div class='ocr_carea' id='block_1_90' title="bbox 2055 3742 3702 3821">
    <p class='ocr_par' dir='ltr' id='par_1_90' title="bbox 2055 3742 3702 3821">
     <span class='ocr_line' id='line_1_90' title="bbox 2055 3742 3702 3821; baseline -0.007 -13"><span class='ocrx_word' id='word_1_659' title='bbox 2055 3752 2338 3808; x_wconf 89' lang='lat' dir='ltr'>exercitui</span> <span class='ocrx_word' id='word_1_660' title='bbox 2354 3756 2580 3821; x_wconf 88' lang='lat' dir='ltr'>cavent,</span> <span class='ocrx_word' id='word_1_661' title='bbox 2600 3766 2793 3821; x_wconf 89' lang='lat' dir='ltr'>neque</span> <span class='ocrx_word' id='word_1_662' title='bbox 2808 3762 3167 3820; x_wconf 88' lang='lat' dir='ltr'>quemquam</span> <span class='ocrx_word' id='word_1_663' title='bbox 3195 3743 3551 3817; x_wconf 88' lang='lat' dir='ltr'>permittunt</span> <span class='ocrx_word' id='word_1_664' title='bbox 3572 3742 3702 3797; x_wconf 89' lang='lat' dir='ltr'>sine</span> 
     </span>
    </p>
   </div>
   <div class='ocr_carea' id='block_1_91' title="bbox 2053 3831 3705 3914">
    <p class='ocr_par' dir='ltr' id='par_1_91' title="bbox 2053 3831 3705 3914">
     <span class='ocr_line' id='line_1_91' title="bbox 2053 3831 3705 3914; baseline -0.008 -17"><span class='ocrx_word' id='word_1_665' title='bbox 2053 3840 2329 3914; x_wconf 62' lang='lat' dir='ltr'>praesidio</span> <span class='ocrx_word' id='word_1_666' title='bbox 2348 3858 2454 3914; x_wconf 90' lang='lat' dir='ltr'>per</span> <span class='ocrx_word' id='word_1_667' title='bbox 2481 3842 2641 3897; x_wconf 80' lang='lat' dir='ltr'>vicos</span> <span class='ocrx_word' id='word_1_668' title='bbox 2663 3839 2959 3911; x_wconf 88' lang='lat' dir='ltr'>dissipari.</span> <span class='ocrx_word' id='word_1_669' title='bbox 2984 3837 3139 3903; x_wconf 86' lang='lat' dir='ltr'>Quin</span> <span class='ocrx_word' id='word_1_670' title='bbox 3162 3835 3341 3890; x_wconf 89' lang='lat' dir='ltr'>etiam</span> <span class='ocrx_word' id='word_1_671' title='bbox 3362 3832 3424 3887; x_wconf 95' lang='lat' dir='ltr'>id</span> <span class='ocrx_word' id='word_1_672' title='bbox 3447 3831 3705 3887; x_wconf 88' lang='lat' dir='ltr'>moliun-</span> 
     </span>
    </p>
   </div>
   <div class='ocr_carea' id='block_1_92' title="bbox 2054 3927 3705 4000">
    <p class='ocr_par' dir='ltr' id='par_1_92' title="bbox 2054 3927 3705 4000">
     <span class='ocr_line' id='line_1_92' title="bbox 2054 3927 3705 4000; baseline -0.007 -14"><span class='ocrx_word' id='word_1_673' title='bbox 2054 3936 2171 3999; x_wconf 88' lang='lat' dir='ltr'>tur,</span> <span class='ocrx_word' id='word_1_674' title='bbox 2205 3937 2270 3986; x_wconf 89' lang='lat' dir='ltr'>ut</span> <span class='ocrx_word' id='word_1_675' title='bbox 2298 3931 2548 3987; x_wconf 87' lang='lat' dir='ltr'>insidias</span> <span class='ocrx_word' id='word_1_676' title='bbox 2599 3930 2820 3985; x_wconf 90' lang='lat' dir='ltr'>nostris</span> <span class='ocrx_word' id='word_1_677' title='bbox 2851 3927 3039 4000; x_wconf 90' lang='lat' dir='ltr'>copiis</span> <span class='ocrx_word' id='word_1_678' title='bbox 3098 3929 3351 3990; x_wconf 87' lang='lat' dir='ltr'>struant,</span> <span class='ocrx_word' id='word_1_679' title='bbox 3383 3936 3602 3993; x_wconf 89' lang='lat' dir='ltr'>easque</span> <span class='ocrx_word' id='word_1_680' title='bbox 3634 3936 3705 3975; x_wconf 84' lang='lat' dir='ltr'>ex</span> 
     </span>
    </p>
   </div>
   <div class='ocr_carea' id='block_1_93' title="bbox 2054 4010 3710 4091">
    <p class='ocr_par' dir='ltr' id='par_1_93' title="bbox 2054 4010 3710 4091">
     <span class='ocr_line' id='line_1_93' title="bbox 2054 4010 3710 4091; baseline -0.008 -16"><span class='ocrx_word' id='word_1_681' title='bbox 2054 4021 2353 4091; x_wconf 89' lang='lat' dir='ltr'>insperato</span> <span class='ocrx_word' id='word_1_682' title='bbox 2385 4018 2852 4091; x_wconf 89' lang='lat' dir='ltr'>deprehendere,</span> <span class='ocrx_word' id='word_1_683' title='bbox 2910 4015 3184 4081; x_wconf 88' lang='lat' dir='ltr'>fundere,</span> <span class='ocrx_word' id='word_1_684' title='bbox 3238 4010 3551 4068; x_wconf 90' lang='lat' dir='ltr'>concidere</span> <span class='ocrx_word' id='word_1_685' title='bbox 3584 4014 3710 4063; x_wconf 91' lang='lat' dir='ltr'>stu-</span> 
     </span>
    </p>
   </div>
   <div class='ocr_carea' id='block_1_94' title="bbox 2055 4098 3707 4177">
    <p class='ocr_par' dir='ltr' id='par_1_94' title="bbox 2055 4098 3707 4177">
     <span class='ocr_line' id='line_1_94' title="bbox 2055 4098 3707 4177; baseline -0.008 -13"><span class='ocrx_word' id='word_1_686' title='bbox 2055 4109 2216 4165; x_wconf 90' lang='lat' dir='ltr'>dent.</span> <span class='ocrx_word' id='word_1_687' title='bbox 2249 4111 2395 4163; x_wconf 90' lang='lat' dir='ltr'>Tum</span> <span class='ocrx_word' id='word_1_688' title='bbox 2435 4125 2572 4163; x_wconf 90' lang='lat' dir='ltr'>vero</span> <span class='ocrx_word' id='word_1_689' title='bbox 2620 4113 2681 4161; x_wconf 93' lang='lat' dir='ltr'>tu</span> <span class='ocrx_word' id='word_1_690' title='bbox 2731 4122 2967 4177; x_wconf 89' lang='lat' dir='ltr'>quoque</span> <span class='ocrx_word' id='word_1_691' title='bbox 3018 4118 3295 4175; x_wconf 89' lang='lat' dir='ltr'>magnam</span> <span class='ocrx_word' id='word_1_692' title='bbox 3340 4098 3707 4171; x_wconf 85' lang='lat' dir='ltr'>vigilantiam</span> 
     </span>
    </p>
   </div>
   <div class='ocr_carea' id='block_1_95' title="bbox 2054 4186 3702 4269">
    <p class='ocr_par' dir='ltr' id='par_1_95' title="bbox 2054 4186 3702 4269">
     <span class='ocr_line' id='line_1_95' title="bbox 2054 4186 3702 4269; baseline -0.01 -16"><span class='ocrx_word' id='word_1_693' title='bbox 2054 4201 2335 4269; x_wconf 55' lang='lat' dir='ltr'>praestare</span> <span class='ocrx_word' id='word_1_694' title='bbox 2367 4195 2567 4265; x_wconf 90' lang='lat' dir='ltr'>debes,</span> <span class='ocrx_word' id='word_1_695' title='bbox 2601 4211 2675 4249; x_wconf 89' lang='lat' dir='ltr'>ne</span> <span class='ocrx_word' id='word_1_696' title='bbox 2698 4211 2769 4249; x_wconf 86' lang='lat' dir='ltr'>ex</span> <span class='ocrx_word' id='word_1_697' title='bbox 2791 4192 3109 4263; x_wconf 87' lang='lat' dir='ltr'>improviso</span> <span class='ocrx_word' id='word_1_698' title='bbox 3128 4189 3337 4245; x_wconf 91' lang='lat' dir='ltr'>abillis</span> <span class='ocrx_word' id='word_1_699' title='bbox 3367 4186 3702 4257; x_wconf 85' lang='lat' dir='ltr'>deprehen-</span> 
     </span>
    </p>
   </div>
   <div class='ocr_carea' id='block_1_96' title="bbox 2055 4275 3707 4356">
    <p class='ocr_par' dir='ltr' id='par_1_96' title="bbox 2055 4275 3707 4356">
     <span class='ocr_line' id='line_1_96' title="bbox 2055 4275 3707 4356; baseline -0.01 -15"><span class='ocrx_word' id='word_1_700' title='bbox 2055 4286 2215 4354; x_wconf 89' lang='lat' dir='ltr'>dare,</span> <span class='ocrx_word' id='word_1_701' title='bbox 2249 4285 2563 4356; x_wconf 88' lang='lat' dir='ltr'>potiusque</span> <span class='ocrx_word' id='word_1_702' title='bbox 2586 4288 2794 4339; x_wconf 91' lang='lat' dir='ltr'>contra</span> <span class='ocrx_word' id='word_1_703' title='bbox 2823 4278 3193 4337; x_wconf 88' lang='lat' dir='ltr'>comminisci</span> <span class='ocrx_word' id='word_1_704' title='bbox 3225 4275 3475 4347; x_wconf 87' lang='lat' dir='ltr'>aliquid,</span> <span class='ocrx_word' id='word_1_705' title='bbox 3499 4290 3615 4344; x_wconf 90' lang='lat' dir='ltr'>quo</span> <span class='ocrx_word' id='word_1_706' title='bbox 3648 4276 3707 4326; x_wconf 88' lang='lat' dir='ltr'>et</span> 
     </span>
    </p>
   </div>
   <div class='ocr_carea' id='block_1_97' title="bbox 2056 4363 3703 4445">
    <p class='ocr_par' dir='ltr' id='par_1_97' title="bbox 2056 4363 3703 4445">
     <span class='ocr_line' id='line_1_97' title="bbox 2056 4363 3703 4445; baseline -0.009 -15"><span class='ocrx_word' id='word_1_707' title='bbox 2056 4373 2273 4430; x_wconf 87' lang='lat' dir='ltr'>fundas</span> <span class='ocrx_word' id='word_1_708' title='bbox 2304 4374 2463 4440; x_wconf 88' lang='lat' dir='ltr'>illos,</span> <span class='ocrx_word' id='word_1_709' title='bbox 2495 4378 2554 4429; x_wconf 91' lang='lat' dir='ltr'>et</span> <span class='ocrx_word' id='word_1_710' title='bbox 2576 4373 2815 4445; x_wconf 89' lang='lat' dir='ltr'>dignem</span> <span class='ocrx_word' id='word_1_711' title='bbox 2845 4372 2969 4425; x_wconf 87' lang='lat' dir='ltr'>viro</span> <span class='ocrx_word' id='word_1_712' title='bbox 3002 4373 3178 4439; x_wconf 85' lang='lat' dir='ltr'>atque</span> <span class='ocrx_word' id='word_1_713' title='bbox 3210 4367 3442 4421; x_wconf 90' lang='lat' dir='ltr'>illustre</span> <span class='ocrx_word' id='word_1_714' title='bbox 3472 4363 3703 4418; x_wconf 82' lang='lat' dir='ltr'>facinus</span> 
     </span>
    </p>
   </div>
   <div class='ocr_carea' id='block_1_98' title="bbox 2057 4454 3707 4528">
    <p class='ocr_par' dir='ltr' id='par_1_98' title="bbox 2057 4454 3707 4528">
     <span class='ocr_line' id='line_1_98' title="bbox 2057 4454 3707 4528; baseline -0.009 -9"><span class='ocrx_word' id='word_1_715' title='bbox 2057 4464 2302 4519; x_wconf 85' lang='lat' dir='ltr'>efﬁcias.</span> <span class='ocrx_word' id='word_1_716' title='bbox 2334 4464 2501 4528; x_wconf 90' lang='lat' dir='ltr'>Nam,</span> <span class='ocrx_word' id='word_1_717' title='bbox 2533 4461 2635 4517; x_wconf 91' lang='lat' dir='ltr'>ubi</span> <span class='ocrx_word' id='word_1_718' title='bbox 2662 4460 2849 4517; x_wconf 91' lang='lat' dir='ltr'>semel</span> <span class='ocrx_word' id='word_1_719' title='bbox 2877 4458 3107 4515; x_wconf 90' lang='lat' dir='ltr'>cladem</span> <span class='ocrx_word' id='word_1_720' title='bbox 3137 4456 3241 4512; x_wconf 87' lang='lat' dir='ltr'>abs</span> <span class='ocrx_word' id='word_1_721' title='bbox 3272 4459 3329 4510; x_wconf 89' lang='lat' dir='ltr'>te</span> <span class='ocrx_word' id='word_1_722' title='bbox 3348 4454 3707 4523; x_wconf 89' lang='lat' dir='ltr'>acceperunt</span> 
     </span>
    </p>
   </div>
   <div class='ocr_carea' id='block_1_99' title="bbox 2059 4540 3705 4626">
    <p class='ocr_par' dir='ltr' id='par_1_99' title="bbox 2059 4540 3705 4626">
     <span class='ocr_line' id='line_1_99' title="bbox 2059 4540 3705 4626; baseline -0.009 -18"><span class='ocrx_word' id='word_1_723' title='bbox 2059 4552 2276 4626; x_wconf 73' lang='lat' dir='ltr'>praedis</span> <span class='ocrx_word' id='word_1_724' title='bbox 2306 4551 2550 4625; x_wconf 88' lang='lat' dir='ltr'>agendis</span> <span class='ocrx_word' id='word_1_725' title='bbox 2581 4552 2641 4606; x_wconf 91' lang='lat' dir='ltr'>in</span> <span class='ocrx_word' id='word_1_726' title='bbox 2669 4550 2889 4606; x_wconf 83' lang='lat' dir='ltr'>ﬁnibus</span> <span class='ocrx_word' id='word_1_727' title='bbox 2909 4548 3130 4603; x_wconf 89' lang='lat' dir='ltr'>nostris</span> <span class='ocrx_word' id='word_1_728' title='bbox 3145 4560 3266 4600; x_wconf 91' lang='lat' dir='ltr'>non</span> <span class='ocrx_word' id='word_1_729' title='bbox 3298 4540 3705 4599; x_wconf 89' lang='lat' dir='ltr'>immorabun-</span> 
     </span>
    </p>
   </div>
   <div class='ocr_carea' id='block_1_100' title="bbox 2060 4630 3705 4714">
    <p class='ocr_par' dir='ltr' id='par_1_100' title="bbox 2060 4630 3705 4714">
     <span class='ocr_line' id='line_1_100' title="bbox 2060 4630 3705 4714; baseline -0.01 -15"><span class='ocrx_word' id='word_1_730' title='bbox 2060 4648 2175 4698; x_wconf 87' lang='lat' dir='ltr'>tur.</span> <span class='ocrx_word' id='word_1_731' title='bbox 2202 4646 2404 4714; x_wconf 91' lang='lat' dir='ltr'>Itaque</span> <span class='ocrx_word' id='word_1_732' title='bbox 2435 4640 2731 4708; x_wconf 90' lang='lat' dir='ltr'>convenit,</span> <span class='ocrx_word' id='word_1_733' title='bbox 2762 4644 2819 4694; x_wconf 89' lang='lat' dir='ltr'>te</span> <span class='ocrx_word' id='word_1_734' title='bbox 2847 4639 2978 4694; x_wconf 90' lang='lat' dir='ltr'>loca</span> <span class='ocrx_word' id='word_1_735' title='bbox 3006 4640 3342 4708; x_wconf 87' lang='lat' dir='ltr'>opportuna</span> <span class='ocrx_word' id='word_1_736' title='bbox 3388 4630 3705 4702; x_wconf 90' lang='lat' dir='ltr'>dispicere,</span> 
     </span>
    </p>
   </div>
   <div class='ocr_carea' id='block_1_101' title="bbox 2059 4719 3705 4804">
    <p class='ocr_par' dir='ltr' id='par_1_101' title="bbox 2059 4719 3705 4804">
     <span class='ocr_line' id='line_1_101' title="bbox 2059 4719 3705 4804; baseline -0.009 -16"><span class='ocrx_word' id='word_1_737' title='bbox 2059 4749 2176 4804; x_wconf 90' lang='lat' dir='ltr'>quo</span> <span class='ocrx_word' id='word_1_738' title='bbox 2208 4748 2553 4787; x_wconf 88' lang='lat' dir='ltr'>excursores</span> <span class='ocrx_word' id='word_1_739' title='bbox 2580 4730 2843 4785; x_wconf 91' lang='lat' dir='ltr'>hostium</span> <span class='ocrx_word' id='word_1_740' title='bbox 2889 4726 3248 4782; x_wconf 88' lang='lat' dir='ltr'>cibariorum</span> <span class='ocrx_word' id='word_1_741' title='bbox 3277 4719 3705 4794; x_wconf 73' lang='lat' dir='ltr'>praedandique</span> 
     </span>
    </p>
   </div>
   <div class='ocr_carea' id='block_1_102' title="bbox 2058 4810 3704 4893">
    <p class='ocr_par' dir='ltr' id='par_1_102' title="bbox 2058 4810 3704 4893">
     <span class='ocr_line' id='line_1_102' title="bbox 2058 4810 3704 4893; baseline -0.009 -16"><span class='ocrx_word' id='word_1_742' title='bbox 2058 4839 2162 4893; x_wconf 89' lang='lat' dir='ltr'>spe</span> <span class='ocrx_word' id='word_1_743' title='bbox 2192 4822 2454 4876; x_wconf 89' lang='lat' dir='ltr'>intrent:</span> <span class='ocrx_word' id='word_1_744' title='bbox 2487 4820 2679 4891; x_wconf 89' lang='lat' dir='ltr'>iisque</span> <span class='ocrx_word' id='word_1_745' title='bbox 2709 4817 2859 4873; x_wconf 90' lang='lat' dir='ltr'>locis</span> <span class='ocrx_word' id='word_1_746' title='bbox 2890 4816 3118 4887; x_wconf 84' lang='lat' dir='ltr'>equites</span> <span class='ocrx_word' id='word_1_747' title='bbox 3139 4815 3201 4869; x_wconf 90' lang='lat' dir='ltr'>in</span> <span class='ocrx_word' id='word_1_748' title='bbox 3224 4811 3459 4868; x_wconf 89' lang='lat' dir='ltr'>insidiis</span> <span class='ocrx_word' id='word_1_749' title='bbox 3484 4810 3704 4875; x_wconf 90' lang='lat' dir='ltr'>locare,</span> 
     </span>
    </p>
   </div>
   <div class='ocr_carea' id='block_1_103' title="bbox 2058 4900 3704 4981">
    <p class='ocr_par' dir='ltr' id='par_1_103' title="bbox 2058 4900 3704 4981">
     <span class='ocr_line' id='line_1_103' title="bbox 2058 4900 3704 4981; baseline -0.009 -15"><span class='ocrx_word' id='word_1_750' title='bbox 2058 4910 2309 4981; x_wconf 89' lang='lat' dir='ltr'>quiillos</span> <span class='ocrx_word' id='word_1_751' title='bbox 2322 4909 2689 4964; x_wconf 87' lang='lat' dir='ltr'>adoriantur.</span> <span class='ocrx_word' id='word_1_752' title='bbox 2712 4907 2843 4961; x_wconf 91' lang='lat' dir='ltr'>Sint</span> <span class='ocrx_word' id='word_1_753' title='bbox 2874 4909 3072 4961; x_wconf 90' lang='lat' dir='ltr'>autem</span> <span class='ocrx_word' id='word_1_754' title='bbox 3086 4903 3335 4975; x_wconf 89' lang='lat' dir='ltr'>equites,</span> <span class='ocrx_word' id='word_1_755' title='bbox 3357 4901 3458 4972; x_wconf 88' lang='lat' dir='ltr'>qui</span> <span class='ocrx_word' id='word_1_756' title='bbox 3473 4900 3704 4955; x_wconf 86' lang='lat' dir='ltr'>ininsi-</span> 
     </span>
    </p>
   </div>
   <div class='ocr_carea' id='block_1_104' title="bbox 2057 4989 3703 5068">
    <p class='ocr_par' dir='ltr' id='par_1_104' title="bbox 2057 4989 3703 5068">
     <span class='ocr_line' id='line_1_104' title="bbox 2057 4989 3703 5068; baseline -0.007 -14"><span class='ocrx_word' id='word_1_757' title='bbox 2057 4999 2186 5054; x_wconf 91' lang='lat' dir='ltr'>dias</span> <span class='ocrx_word' id='word_1_758' title='bbox 2204 4999 2289 5053; x_wconf 90' lang='lat' dir='ltr'>sic</span> <span class='ocrx_word' id='word_1_759' title='bbox 2310 4998 2642 5064; x_wconf 90' lang='lat' dir='ltr'>mittantur,</span> <span class='ocrx_word' id='word_1_760' title='bbox 2693 5012 2873 5068; x_wconf 90' lang='lat' dir='ltr'>supra</span> <span class='ocrx_word' id='word_1_761' title='bbox 2905 4995 3212 5057; x_wconf 89' lang='lat' dir='ltr'>ducentos,</span> <span class='ocrx_word' id='word_1_762' title='bbox 3254 5007 3389 5047; x_wconf 92' lang='lat' dir='ltr'>cum</span> <span class='ocrx_word' id='word_1_763' title='bbox 3422 4989 3703 5061; x_wconf 73' lang='lat' dir='ltr'>praafecto</span> 
     </span>
    </p>
   </div>
   <div class='ocr_carea' id='block_1_105' title="bbox 2057 5080 3706 5159">
    <p class='ocr_par' dir='ltr' id='par_1_105' title="bbox 2057 5080 3706 5159">
     <span class='ocr_line' id='line_1_105' title="bbox 2057 5080 3706 5159; baseline -0.007 -15"><span class='ocrx_word' id='word_1_764' title='bbox 2057 5092 2324 5155; x_wconf 90' lang='lat' dir='ltr'>strenuo,</span> <span class='ocrx_word' id='word_1_765' title='bbox 2344 5087 2637 5159; x_wconf 87' lang='lat' dir='ltr'>ejusmodi</span> <span class='ocrx_word' id='word_1_766' title='bbox 2660 5085 3011 5141; x_wconf 88' lang='lat' dir='ltr'>insidiarum</span> <span class='ocrx_word' id='word_1_767' title='bbox 3033 5083 3207 5155; x_wconf 90' lang='lat' dir='ltr'>plane</span> <span class='ocrx_word' id='word_1_768' title='bbox 3224 5081 3610 5153; x_wconf 87' lang='lat' dir='ltr'>peritissimo.</span> <span class='ocrx_word' id='word_1_769' title='bbox 3634 5080 3706 5133; x_wconf 93' lang='lat' dir='ltr'>Et</span> 
     </span>
    </p>
   </div>
   <div class='ocr_carea' id='block_1_106' title="bbox 2055 5170 3702 5241">
    <p class='ocr_par' dir='ltr' id='par_1_106' title="bbox 2055 5170 3702 5241">
     <span class='ocr_line' id='line_1_106' title="bbox 2055 5170 3702 5241; baseline -0.005 -9"><span class='ocrx_word' id='word_1_770' title='bbox 2055 5176 2315 5233; x_wconf 89' lang='lat' dir='ltr'>universi</span> <span class='ocrx_word' id='word_1_771' title='bbox 2353 5176 2647 5232; x_wconf 88' lang='lat' dir='ltr'>exercitus</span> <span class='ocrx_word' id='word_1_772' title='bbox 2673 5174 2810 5241; x_wconf 88' lang='lat' dir='ltr'>dux,</span> <span class='ocrx_word' id='word_1_773' title='bbox 2852 5171 3029 5229; x_wconf 90' lang='lat' dir='ltr'>modo</span> <span class='ocrx_word' id='word_1_774' title='bbox 3072 5176 3139 5226; x_wconf 90' lang='lat' dir='ltr'>ut</span> <span class='ocrx_word' id='word_1_775' title='bbox 3177 5187 3278 5226; x_wconf 91' lang='lat' dir='ltr'>sex</span> <span class='ocrx_word' id='word_1_776' title='bbox 3307 5176 3410 5225; x_wconf 89' lang='lat' dir='ltr'>aut</span> <span class='ocrx_word' id='word_1_777' title='bbox 3437 5170 3702 5241; x_wconf 88' lang='lat' dir='ltr'>quinque</span> 
     </span>
    </p>
   </div>
   <div class='ocr_carea' id='block_1_107' title="bbox 2057 5259 3699 5337">
    <p class='ocr_par' dir='ltr' id='par_1_107' title="bbox 2057 5259 3699 5337">
     <span class='ocr_line' id='line_1_107' title="bbox 2057 5259 3699 5337; baseline -0.006 -16"><span class='ocrx_word' id='word_1_778' title='bbox 2057 5266 2248 5322; x_wconf 89' lang='lat' dir='ltr'>millia</span> <span class='ocrx_word' id='word_1_779' title='bbox 2278 5266 2547 5337; x_wconf 88' lang='lat' dir='ltr'>equitum</span> <span class='ocrx_word' id='word_1_780' title='bbox 2571 5264 2865 5320; x_wconf 89' lang='lat' dir='ltr'>bonorum</span> <span class='ocrx_word' id='word_1_781' title='bbox 2896 5261 3133 5326; x_wconf 89' lang='lat' dir='ltr'>habeat,</span> <span class='ocrx_word' id='word_1_782' title='bbox 3156 5265 3215 5315; x_wconf 92' lang='lat' dir='ltr'>et</span> <span class='ocrx_word' id='word_1_783' title='bbox 3242 5261 3344 5315; x_wconf 92' lang='lat' dir='ltr'>Dei</span> <span class='ocrx_word' id='word_1_784' title='bbox 3389 5259 3699 5326; x_wconf 88' lang='lat' dir='ltr'>auxilium,</span> 
     </span>
    </p>
   </div>
   <div class='ocr_carea' id='block_1_108' title="bbox 2055 5346 3702 5428">
    <p class='ocr_par' dir='ltr' id='par_1_108' title="bbox 2055 5346 3702 5428">
     <span class='ocr_line' id='line_1_108' title="bbox 2055 5346 3702 5428; baseline -0.007 -17"><span class='ocrx_word' id='word_1_785' title='bbox 2055 5355 2315 5428; x_wconf 90' lang='lat' dir='ltr'>plurium</span> <span class='ocrx_word' id='word_1_786' title='bbox 2349 5372 2471 5413; x_wconf 89' lang='lat' dir='ltr'>non</span> <span class='ocrx_word' id='word_1_787' title='bbox 2503 5353 2811 5427; x_wconf 85' lang='lat' dir='ltr'>indigebit.</span> <span class='ocrx_word' id='word_1_788' title='bbox 2832 5354 2976 5407; x_wconf 88' lang='lat' dir='ltr'>Nam</span> <span class='ocrx_word' id='word_1_789' title='bbox 2992 5351 3086 5405; x_wconf 89' lang='lat' dir='ltr'>his</span> <span class='ocrx_word' id='word_1_790' title='bbox 3100 5349 3372 5404; x_wconf 87' lang='lat' dir='ltr'>bifariam</span> <span class='ocrx_word' id='word_1_791' title='bbox 3395 5347 3596 5402; x_wconf 91' lang='lat' dir='ltr'>divisis</span> <span class='ocrx_word' id='word_1_792' title='bbox 3609 5346 3702 5401; x_wconf 89' lang='lat' dir='ltr'>bis</span> 
     </span>
    </p>
   </div>
   <div class='ocr_carea' id='block_1_109' title="bbox 2054 5437 3699 5518">
    <p class='ocr_par' dir='ltr' id='par_1_109' title="bbox 2054 5437 3699 5518">
     <span class='ocr_line' id='line_1_109' title="bbox 2054 5437 3699 5518; baseline -0.009 -15"><span class='ocrx_word' id='word_1_793' title='bbox 2054 5446 2220 5503; x_wconf 92' lang='lat' dir='ltr'>mille</span> <span class='ocrx_word' id='word_1_794' title='bbox 2252 5446 2588 5518; x_wconf 66' lang='lat' dir='ltr'>praemissos</span> <span class='ocrx_word' id='word_1_795' title='bbox 2618 5444 2680 5498; x_wconf 90' lang='lat' dir='ltr'>in</span> <span class='ocrx_word' id='word_1_796' title='bbox 2710 5441 2957 5499; x_wconf 89' lang='lat' dir='ltr'>latibulo</span> <span class='ocrx_word' id='word_1_797' title='bbox 2989 5444 3321 5513; x_wconf 90' lang='lat' dir='ltr'>opportuno</span> <span class='ocrx_word' id='word_1_798' title='bbox 3360 5437 3699 5501; x_wconf 88' lang='lat' dir='ltr'>constituat,</span> 
     </span>
    </p>
   </div>
   <div class='ocr_carea' id='block_1_110' title="bbox 2053 5526 3699 5608">
    <p class='ocr_par' dir='ltr' id='par_1_110' title="bbox 2053 5526 3699 5608">
     <span class='ocr_line' id='line_1_110' title="bbox 2053 5526 3699 5608; baseline -0.009 -17"><span class='ocrx_word' id='word_1_799' title='bbox 2053 5536 2155 5591; x_wconf 92' lang='lat' dir='ltr'>ubi</span> <span class='ocrx_word' id='word_1_800' title='bbox 2189 5536 2266 5590; x_wconf 92' lang='lat' dir='ltr'>sit</span> <span class='ocrx_word' id='word_1_801' title='bbox 2311 5540 2552 5608; x_wconf 88' lang='lat' dir='ltr'>specuta</span> <span class='ocrx_word' id='word_1_802' title='bbox 2581 5533 2759 5602; x_wconf 90' lang='lat' dir='ltr'>edita,</span> <span class='ocrx_word' id='word_1_803' title='bbox 2810 5535 3190 5604; x_wconf 88' lang='lat' dir='ltr'>prospectum</span> <span class='ocrx_word' id='word_1_804' title='bbox 3239 5526 3484 5595; x_wconf 88' lang='lat' dir='ltr'>habens,</span> <span class='ocrx_word' id='word_1_805' title='bbox 3532 5529 3598 5579; x_wconf 89' lang='lat' dir='ltr'>ut</span> <span class='ocrx_word' id='word_1_806' title='bbox 3627 5538 3699 5577; x_wconf 86' lang='lat' dir='ltr'>ex</span> 
     </span>
    </p>
   </div>
   <div class='ocr_carea' id='block_1_111' title="bbox 2053 5619 3697 5697">
    <p class='ocr_par' dir='ltr' id='par_1_111' title="bbox 2053 5619 3697 5697">
     <span class='ocr_line' id='line_1_111' title="bbox 2053 5619 3697 5697; baseline -0.009 -18"><span class='ocrx_word' id='word_1_807' title='bbox 2053 5624 2379 5697; x_wconf 88' lang='lat' dir='ltr'>longinquo</span> <span class='ocrx_word' id='word_1_808' title='bbox 2411 5625 2631 5681; x_wconf 90' lang='lat' dir='ltr'>milites</span> <span class='ocrx_word' id='word_1_809' title='bbox 2653 5623 2782 5696; x_wconf 89' lang='lat' dir='ltr'>ejus</span> <span class='ocrx_word' id='word_1_810' title='bbox 2803 5619 3004 5694; x_wconf 84' lang='lat' dir='ltr'>agitati</span> <span class='ocrx_word' id='word_1_811' title='bbox 3036 5619 3538 5688; x_wconf 86' lang='lat' dir='ltr'>insequentesque</span> <span class='ocrx_word' id='word_1_812' title='bbox 3555 5627 3697 5666; x_wconf 87' lang='lat' dir='ltr'>con-</span> 
     </span>
    </p>
   </div>
   <div class='ocr_carea' id='block_1_112' title="bbox 2054 5700 3701 5787">
    <p class='ocr_par' dir='ltr' id='par_1_112' title="bbox 2054 5700 3701 5787">
     <span class='ocr_line' id='line_1_112' title="bbox 2054 5700 3701 5787; baseline -0.01 -15"><span class='ocrx_word' id='word_1_813' title='bbox 2054 5714 2203 5787; x_wconf 85' lang='lat' dir='ltr'>spici</span> <span class='ocrx_word' id='word_1_814' title='bbox 2223 5715 2471 5787; x_wconf 86' lang='lat' dir='ltr'>possint.</span> <span class='ocrx_word' id='word_1_815' title='bbox 2490 5716 2539 5771; x_wconf 83' lang='lat' dir='ltr'><strong>A</strong></span> <span class='ocrx_word' id='word_1_816' title='bbox 2560 5718 2721 5787; x_wconf 88' lang='lat' dir='ltr'>tergo</span> <span class='ocrx_word' id='word_1_817' title='bbox 2733 5712 2950 5769; x_wconf 88' lang='lat' dir='ltr'>horum</span> <span class='ocrx_word' id='word_1_818' title='bbox 2969 5707 3225 5764; x_wconf 87' lang='lat' dir='ltr'>duorum</span> <span class='ocrx_word' id='word_1_819' title='bbox 3240 5703 3496 5761; x_wconf 89' lang='lat' dir='ltr'>millium</span> <span class='ocrx_word' id='word_1_820' title='bbox 3511 5700 3701 5758; x_wconf 88' lang='lat' dir='ltr'>altera</span> 
     </span>
    </p>
   </div>
  </div>
