4078 6204
359 345 478 408 9'19

1693 319 2118 388 NICEPHORI
2157 315 2438 379 PHOCE

3657 313 3780 378 9w

363 479 480 536 tria
509 475 720 541 millia,
753 478 811 530 et
833 470 1160 545 peditatum
1193 481 1326 522 cum
1350 465 1492 533 illis,
1521 462 1756 535 disponi
1780 462 1841 516 in
1872 459 2013 515 insi-

2125 451 2296 545 λόχρν
2327 448 2742 523 καταστησάτωο
2791 447 2845 504 έν
2879 446 3042 522 ᾧκαῖ
3099 449 3300 504 σκοπιά
3355 451 3496 504 ἔστιν
3556 445 3778 523 ὑψηλὴ,

366 568 480 624 diis
530 569 779 638 Oportet,
831 561 1102 636 abstruso
1145 556 1702 624 munimentumque
1751 551 2008 607 habente

363 658 529 714 loco:
556 655 648 710 cui
699 653 746 707 si
800 667 944 706 casu
991 647 1302 703 castellum
1345 646 1488 701 281
1517 643 1738 707 subest,
1771 641 1828 694 id
1862 658 2008 711 quo-

365 763 478 818 que
510 744 584 799 ad
608 744 1053 797 firmamentum
1085 735 1330 792 confert.
1381 736 1578 804 Neque
1643 738 1838 787 tamen
1899 731 2009 785 hoc

366 837 591 906 spectet
621 832 759 896 dux,
785 830 845 884 in
869 828 1141 884 animove
1173 825 1406 893 habeat,
1439 830 1524 890 ut,
1557 823 1608 876 vi
1642 820 2012 875 hostiumin—

366 922 616 977 cubente
646 933 960 991 pugnaque
990 914 1281 970 acerrima
1310 911 1646 974 commissa,
1681 911 1740 963 in
1795 907 2011 963 castel-

353 1012 489 1066 lum
523 1025 584 1065 se
614 1008 916 1079 conjiciat,
951 1010 1273 1074 antequam
1304 1000 1480 1056 saluti
1506 999 1765 1054 militum
1795 1011 2009 1052 consu-

364 1099 564 1156 luerit.
597 1097 660 1153 Id
694 1097 854 1152 enim
889 1111 1007 1150 non
1039 1092 1233 1148 solum
1291 1089 1548 1146 dedecus
1580 1092 1639 1142 et
1667 1085 2011 1158 despectum

367 1192 558 1257 affert,
593 1188 696 1243 sed
745 1184 1143 1242 calamitatem
1176 1181 1374 1248 etiam,
1409 1185 1468 1234 et
1519 1177 1838 1250 provincia!
1870 1192 2011 1247 per-

365 1279 584 1333 niciem
671 1280 848 1346 atque
907 1271 1236 1327 interitum.
1296 1268 1448 1334 Quin
1503 1267 1701 1339 potius
1757 1266 1820 1320 in
1869 1265 2015 1320 locis

365 1367 612 1423 munitis
635 1365 808 1437 juxta
833 1361 1146 1418 castellum
1176 1375 1312 1415 cum
1343 1357 1609 1430 peditatu
1649 1355 1881 1411 fortiter
1911 1355 2017 1410 ob-

369 1458 558 1523 sistat,
589 1455 770 1525 siqua
795 1451 1149 1508 necessitate
1169 1449 1460 1521 premitur
1485 1465 1497 1502 :
1523 1446 1857 1502 habebitibi
1879 1463 2016 1502 cum

370 1562 441 1601 ex
470 1545 598 1600 loco
615 1543 924 1608 auxilium,
951 1546 1074 1596 tum
1093 1556 1161 1594 ex
1187 1535 1463 1610 praasidio
1486 1535 1745 1607 pedestri
1762 1535 2015 1603 castelli,

371 1633 727 1706 Opitulatum
758 1630 1084 1703 prodituro.
1111 1627 1429 1682 Praefectus
1456 1630 1856 1680 trecentorum
1882 1625 2018 1681 illo-

371 1740 528 1791 rum,
563 1723 663 1794 qui
685 1721 760 1777 ad
791 1719 1264 1775 observationem
1281 1717 1545 1771 vicorum
1563 1714 1730 1769 missi
1763 1719 1922 1784 sunt,
1953 1715 2018 1770 in

2117 535 2423 615 ἀπόϐλεψιν
2477 537 2700 617 ἔχουσα,
2757 536 2854 594 τοῦ
2917 540 3155 612 μήκοθεν
3215 537 3343 601 τοὺς
3398 536 3779 610 διωκομένους

2115 629 2212 685 τοῦ
2246 630 2382 686 λαοῦ
2412 629 2576 685 αὐτοῦ
2606 629 2696 684 καὶ
2727 625 3028 690 διώκοντας
3080 629 3230 704 ὁρᾷν.
3282 629 3539 692 Ὀπισθεν
3572 624 3630 682 δὲ
3660 631 3772 681 τῶν

2122 718 2412 796 δισχιλίων
2469 717 2596 780 τοὺς
2654 713 3031 790 τρισχιλίους,
3089 714 3178 769 καὶ
3237 715 3398 783 πεζὸν
3459 713 3773 786 στράτευμα

2120 807 2212 862 σὺν
2264 807 2448 870 αὐτοῖς
2510 807 2561 862 έν
2624 802 2923 882 ἄποκρῦφῳ
2989 804 3146 876 τόπῳ
3204 802 3280 865 εἷς
3327 799 3541 876 ἐνέδραν
3601 822 3776 856 κατα-

2121 899 2316 961 στῆσαι
2350 894 2453 965 δεῖ,
2476 900 2577 951 τοῦ
2605 894 2777 950 τόπου
2809 893 3124 969 ὀχυρότητα
3172 888 3418 968 ἔχοντος
3445 890 3490 946 εί
3520 891 3664 966 τύχῃ
3714 888 3779 946 δὲ

2119 986 2210 1041 καὶ
2238 987 2441 1062 κάστρο
2497 984 2758 1056 πλησίον,
2811 980 2918 1057 ἵξει
2974 982 3194 1038 κάκεῖνο
3249 981 3325 1044 είς
3387 983 3645 1058 βοήθειαν
3680 981 3776 1049 Μὴ

2121 1074 2393 1130 σκοπείτω
2459 1071 2517 1130 δὲ
2576 1075 2604 1130 δ
2663 1071 2968 1150 στρατηγὸς
3041 1069 3182 1146 μηδὲ
3233 1071 3370 1127 κατά
3423 1075 3551 1126 νοῦν
3606 1075 3780 1126 τοῦτο

2122 1162 2315 1240 ἐχέτω,
2365 1163 2455 1219 ἐὰν
2504 1163 2697 1235 πλήθη
2758 1160 3046 1235 πολεμίων
3112 1159 3430 1217 έπιτεθῶκιν
3490 1159 3637 1233 αὐτῷ
3686 1159 3784 1214 καὶ

2123 1251 2358 1326 σφοδρὸς
2381 1251 2603 1328 γένηται
2659 1249 2932 1324 πόλεμος,
2990 1245 3206 1313 ἔνδοθεν
3264 1253 3362 1304 τοῦ
3418 1252 3653 1325 κάστρου
3683 1269 3782 1323 γε·

2121 1340 2324 1412 νέσθαι,
2350 1342 2456 1418 πρὸ
2483 1345 2582 1397 τοῦ
2617 1341 2710 1396 τὸν
2738 1337 2883 1396 ἳδιον
2913 1343 3214 1413 περισῶσαι
3275 1335 3426 1395 λαόν.
3461 1341 3632 1395 Τοῦτο
3664 1338 3772 1414 γὰρ

2125 1430 2186 1487 οὗ
2221 1431 2386 1505 μόνον
2413 1429 2628 1504 ἀδοξίαν
2660 1430 2752 1486 καὶ
2793 1429 3225 1505 καταφρόνησιν,
3285 1425 3431 1484 ἀλλᾶ
3485 1427 3575 1483 καὶ
3638 1425 3780 1490 Βλά-

2126 1514 2228 1590 ϐην
2271 1517 2483 1596 ἐπάγει,
2511 1518 2600 1574 καὶ
2658 1521 2727 1588 ἧς
2785 1518 2976 1594 χώρας
3024 1517 3330 1592 ἀφανισμὸν
3382 1517 3473 1571 καί
3524 1515 3779 1571 πανωλε-

2126 1609 2301 1685 θρίαν.
2334 1610 2494 1667 Ἀλλ’
2541 1605 2734 1680 ἔξωθεν
2764 1607 2817 1663 ἒν
2847 1613 2966 1672 τοῖς
3007 1606 3337 1683 ὀχυρώμασι
3391 1611 3509 1669 τοῖς
3536 1605 3772 1677 πλησίον

2123 1704 2220 1756 τοῦ
2249 1701 2483 1774 κάστρου
2541 1699 2677 1773 μετᾶ
2731 1701 2826 1753 τοῦ
2885 1700 3110 1767 πεζικοῦ
3168 1695 3569 1773 στρατεύματος
3609 1695 3773 1771 ἰσχυ-

375 1810 620 1882 specula
640 1810 998 1865 constitutus
1019 1806 1118 1862 ubi
1141 1805 1376 1870 viderit,
1400 1805 1600 1859 hostes
1621 1804 1779 1859 vicos
1800 1803 2016 1875 ingres-

2128 1789 2236 1864 ρῶς
2291 1786 2700 1863 ἀντιμαχέσθω,
2757 1786 2958 1862 ἀνάγκη
3013 1785 3344 1862 περιπεσών·
3405 1786 3498 1841 ἅτε
3552 1783 3772 1854 πολλὴν

375 1917 472 1956 sos
496 1899 876 1955 descendisse
909 1915 979 1952 ex
1011 1895 1180 1967 equis
1201 1910 1453 1965 casaque
1476 1909 1840 1966 paganorum
1860 1909 2020 1948 scru-

368 1989 688 2061 tari,paulo
703 1989 903 2062 plures
917 2003 1096 2058 quam
1119 1989 1357 2040 centum
1378 1982 1595 2057 aglobo
1614 1988 2017 2039 trecentorum

370 2079 675 2151 sejunctos
700 2077 1044 2150 praamittat,
1063 2075 1267 2147 jussos
1288 2079 1352 2128 ut
1381 2073 1542 2129 citati
1566 2073 1627 2127 in
1649 2072 2018 2128 adversarios

369 2169 698 2224 incurrant.
733 2167 959 2223 Debent
1011 2169 1209 2221 autem
1260 2163 1360 2235 qui
1393 2163 1732 2231 mittuntur,
1766 2178 2016 2217 numero

365 2258 569 2330 plures
596 2275 727 2313 esse
760 2273 941 2328 quam
987 2255 1187 2310 hostes
1245 2253 1403 2308 vicos
1455 2252 1730 2325 ingressi.
1765 2253 1851 2307 Ita
1881 2251 2018 2307 illos

365 2347 714 2403 invadentes
745 2345 960 2401 Christi
993 2342 1182 2416 gratia
1210 2342 1430 2397 multos
1457 2347 1515 2397 et
1543 2340 1931 2397 trucidabunt
1959 2345 2018 2396 et

366 2440 627 2509 captivos
655 2437 899 2492 facient.
933 2435 1041 2500 Qui
1075 2436 1434 2505 supererunt
1462 2448 1534 2488 ex
1581 2436 1774 2488 turma
1801 2432 1924 2498 illa,
1958 2437 2017 2487 et

369 2531 660 2597 quotquot
689 2524 1168 2581 adversariorum
1200 2521 1368 2592 equis
1398 2522 1742 2576 conscensis
1768 2521 1918 2594 fugai
1951 2537 2013 2576 se

367 2615 712 2687 permittere
744 2613 1069 2686 potuerint,
1103 2629 1204 2667 eos
1235 2610 1451 2666 acriter
1495 2611 1886 2681 insequantur
1910 2611 2015 2666 do-

369 2721 482 2759 nec
514 2703 627 2774 ipsi
659 2719 694 2758 a
723 2703 915 2775 globis
947 2701 1231 2768 hostium,
1257 2699 1730 2755 commilitonum
1764 2700 2016 2756 tuendo-

369 2808 507 2848 rum
537 2808 716 2848 causa
743 2789 1067 2862 dispositis,
1099 2788 1412 2861 agitentur.
1447 2789 1562 2842 Hos
1587 2794 2016 2859 persequentes

372 2881 686 2954 praafectus
727 2885 1126 2934 trecentorum
1185 2877 1389 2932 videns
1445 2893 1564 2932 non
1623 2893 1835 2950 magno
1885 2895 2016 2934 esse

371 2985 644 3038 numero,
678 2970 780 3025 sed
807 2967 1144 3023 inordinate
1166 2968 1470 3038 effuseque
1491 2983 1686 3035 ruere,
1719 2971 2020 3039 exspectet

369 3061 433 3114 in
463 3058 732 3128 latibulo,
765 3057 954 3114 donec
985 3057 1074 3112 sui
1109 3056 1329 3111 milites
1350 3055 1645 3128 fugientes
1667 3057 1820 3113 282
1842 3057 2019 3113 adve-

369 3151 570 3206 nerint
597 3154 774 3220 atque
797 3146 1167 3219 prmtervecti
1195 3145 1332 3201 sint.
1357 3147 1501 3200 Tum
1529 3145 1678 3217 ipse,
1729 3146 1790 3201 in
1813 3146 2013 3203 hostes
2045 3187 2089 3255 α

369 3255 441 3295 ex
491 3237 726 3294 insidiis
773 3251 1140 3309 consurgens
1174 3277 1188 3302 ,
1259 3250 1394 3290 cum
1445 3251 1552 3290 sua
1607 3250 1788 3291 manu
1845 3236 2015 3308 signa

369 3328 594 3384 cursim
647 3326 885 3392 inferat,
921 3331 976 3381 et
1008 3324 1224 3379 Christi
1257 3324 1524 3394 potentia
1552 3340 1620 3379 ac
1647 3325 1836 3396 gratia
1890 3341 2017 3379 rem

368 3418 521 3474 bene
577 3421 786 3487 geret.
847 3415 1082 3470 Etenim
1135 3429 1269 3468 cum
1327 3413 1586 3484 captivos
1635 3413 1832 3483 faciet,
1892 3419 2017 3468 tum

368 3505 590 3562 multos
621 3505 895 3560 concidet
923 3509 982 3559 et
1006 3502 1360 3558 vulnerabit.
1393 3501 1790 3558 Affluentibus
1823 3508 2019 3558 tamen

370 3595 560 3666 magis
591 3593 895 3665 magisque
937 3591 1230 3655 hostibus,
1283 3595 1573 3662 auctaque
1631 3591 2018 3646 multitudine

372 3683 588 3736 acriter
617 3679 998 3745 instantibus,
1031 3677 1290 3748 captivos
1313 3678 1442 3748 jam
1471 3677 1678 3749 factos,
1715 3696 2019 3750 equosque

375 3785 582 3824 eorum
638 3773 816 3838 atque
876 3783 1043 3822 arma
1095 3766 1382 3835 remittat,
1439 3772 1506 3821 ut
1556 3766 1928 3824 deducantur
1957 3769 2019 3824 in

373 3857 574 3913 locum
606 3856 706 3912 ubi
739 3856 856 3911 dux
886 3855 1268 3911 subsidiatur.
1321 3855 1449 3926 Ipse
1494 3873 1628 3911 cum
1686 3873 1793 3912 sua
1838 3875 2020 3913 manu

377 3946 620 4003 servatis
632 3944 942 4000 ordinibus
965 3943 1222 4012 recedat,
1237 3945 1439 4000 hostes
1452 3943 1525 4000 ad
1539 3947 2019 4016 persequendum

374 4038 616 4092 irritans
647 4041 825 4107 atque
853 4034 1257 4108 intelligenter
1285 4034 1558 4090 alliciens
1585 4051 1597 4089 :
1630 4051 1824 4106 neque
1857 4037 2019 4106 quis-

373 4143 553 4199 quam
567 4143 638 4181 ex
653 4125 701 4198 ej
713 4143 780 4180 us
798 4124 1393 4195 turmasciat,quibus
1407 4125 1466 4179 in
1480 4124 1625 4180 locis
1638 4125 1869 4181 insidias
1883 4143 2019 4181 cum

372 4217 522 4273 duce
543 4218 786 4282 lateant,
811 4222 1026 4287 praeter
1047 4216 1242 4287 ipsum
1265 4215 1913 4286 praafectumJlostibus
1935 4217 2021 4272 in-

373 4307 791 4362 cumbentibus
841 4306 895 4361 ei
945 4321 1159 4376 magno
1191 4321 1463 4371 numero,
1496 4306 1822 4378 rapideque
1861 4307 2021 4362 inse-

374 4396 716 4468 quentibus,
750 4399 1042 4466 quotquot
1061 4394 1286 4449 strenui
1310 4393 1561 4450 etfortes
1585 4400 1742 4460 sunt,
1764 4400 1822 4450 et
1851 4395 2020 4466 equis

374 4484 707 4540 valentibus
723 4484 1036 4548 vehuntur,
1062 4499 1122 4538 se
1145 4484 2020 4555 convertant,insequentesque

2129 1878 2188 1933 ἐκ
2213 1881 2310 1933 τοῦ
2339 1878 2514 1932 τόπου
2573 1873 2718 1951 ἔχων
2773 1876 3052 1952 βοήθειας,
3111 1874 3324 1931 καὶτὸν
3388 1878 3486 1930 τοῦ
3540 1876 3773 1952 κάστρου

2125 1967 2287 2035 πεζὸν
2318 1964 2452 2021 λαόν
2509 1965 2585 2028 είς
2647 1962 2967 2040 συμμαχίαν
3023 1963 3205 2020 αὐτοῦ.
3263 1965 3326 2021 Ὀ
3383 1963 3474 2019 οὗν
3530 1963 3776 2040 ἀρχηγὸς

2124 2059 2233 2110 τῶν
2261 2055 2612 2131 τριακοσίων,
2643 2058 2752 2110 τῶν
2812 2053 2890 2116 εἲς
2944 2052 3192 2132 φυλακὴν
3236 2055 3344 2108 τῶν
3377 2052 3606 2128 χωρίων
3637 2053 3774 2108 ἀπο-

2127 2143 2453 2215 σταλέντων,
2513 2144 2590 2206 είς
2641 2144 2926 2220 περιωπήν
2987 2143 3278 2216 ἱστάμενος
3333 2141 3426 2197 καὶ
3483 2142 3624 2214 ὁρῶν
3650 2140 3778 2205 τοὺς

2123 2233 2431 2308 πολεμίους
2479 2232 2533 2289 ἐν
2562 2237 2685 2296 τοῖς
2714 2233 2950 2308 χωρίοις
2983 2231 3428 2308 εἰσερχομένους,
3479 2230 3640 2300 ἡνίκα
3663 2234 3773 2285 τῶν

2118 2325 2305 2386 ’ίππων
2335 2323 2631 2393 ἀποϐάντες
2662 2329 2757 2391 τὰς
2815 2327 2990 2392 οἷ’κίας
3044 2332 3154 2383 τῶν
3213 2325 3440 2405 χωρίων
3493 2325 3774 2402 ἀναψηλαο

2124 2424 2319 2497 φῶσιν,
2351 2420 2538 2475 ἑκατὸν
2565 2417 2658 2474 καὶ
2693 2418 2887 2492 μικρόν
2918 2438 2971 2472 τι
3002 2415 3170 2473 πλέον
3230 2415 3292 2472 έκ
3343 2420 3442 2473 τοῦ
3501 2419 3637 2471 λαοῦ
3665 2419 3774 2471 τῶν

2122 2510 2452 2586 τριακοσίων
2513 2505 2850 2583 διαχωρίσας
2907 2505 3336 2579 ἀποστειλάτω,
3395 2502 3774 2579 διορισάμενος

2123 2599 2310 2663 αὐτοῖς
2348 2599 2513 2670 ὀξέως
2540 2598 2678 2655 κατὰ
2703 2602 2813 2654 τῶν
2841 2597 3128 2672 πολεμίων
3169 2596 3468 2653 ἰπιθέσθαι.
3521 2595 3777 2657 Πλείονες

2126 2685 2184 2744 δὶ
2245 2688 2479 2745 ἔστωσαν
2543 2689 2595 2744 οἱ
2656 2685 3127 2761 ἀποστελλόμενοι
3179 2691 3288 2742 τῶν
3342 2686 3418 2748 είς
3474 2686 3542 2741 τὰ
3595 2684 3778 2761 χωρία

2125 2776 2524 2853 εἷσερχομένων
2583 2773 2872 2849 πολεμίων
2907 2819 2922 2833 .
2977 2775 3076 2830 Καὶ
3160 2776 3278 2831 κατ’
3358 2774 3533 2830 αὐτῶν
3606 2773 3779 2835 οὕτως

2125 2865 2437 2940 ἐπιθέμενοι
2475 2867 2663 2942 χάριτι
2691 2869 2928 2941 Χριστοῦ
2984 2862 3234 2928 πολλοὺς
3263 2864 3354 2920 καὶ
3385 2863 3658 2933 ἀνελοῦσι,
3687 2864 3774 2917 καὶ

2126 2953 2406 3030 δεσμώτας
2456 2955 2726 3030 λήψονται
2761 2998 2775 3013 .
2832 2956 2898 3013 Οἱ
2951 2952 3008 3010 δὲ
3055 2953 3460 3030 περιττεύοντες
3515 2956 3612 3008 τοῦ
3643 2951 3778 3008 λαοῦ

2125 3048 2286 3118 ἡμῶν
2316 3046 2442 3100 ὅσοι
2499 3049 2607 3100 τῶν
2641 3042 2929 3118 πολεμίων
2959 3048 3066 3099 τῶν
3099 3041 3254 3099 ἲδίων
3279 3040 3468 3098 ’ίππων
3527 3035 3778 3110 ἐπιϐῆναι

2127 3131 2397 3204 δυνηθῶσι
2447 3133 2542 3190 καὶ
2627 3135 2775 3210 φυγῇ
2823 3135 3149 3210 χρήσονται,
3210 3129 3492 3206 ἐπιμελῶς
3551 3129 3780 3194 τούτους

2127 3221 2435 3294 διώξουσιν,
2457 3220 2563 3287 ἓως
2582 3223 2644 3278 ἅν
2669 3223 2818 3298 παρά
2865 3227 2974 3278 τῶν
3017 3221 3273 3298 φουλκων
3301 3225 3410 3276 τῶν
3461 3221 3774 3294 πολεμίων,

2119 3316 2228 3368 τῶν
2255 3311 2558 3385 ἱσταμένων
2607 3311 2684 3374 είς
2734 3308 2983 3389 φυλακήν
3041 3315 3148 3366 τῶν
3209 3309 3434 3386 ἑταίρων
3469 3312 3515 3347 ⁸⁵
3571 3308 3773 3380 αὐτῶν,

2124 3398 2554 3477 έπιδιωχθῶσιν.
2585 3401 2757 3475 Ὁρῶν
2793 3398 2850 3456 δὲ
2901 3399 3031 3463 τοὺς
3089 3397 3389 3462 διώκοντας
3419 3399 3448 3454 ὁ
3477 3403 3585 3454 τῶν
3614 3417 3773 3472 τρια-

2121 3491 2320 3548 κοσίων
2351 3490 2537 3566 ἄρχων
2573 3491 2649 3564 μὴ
2684 3489 2761 3553 εἷς
2794 3489 3009 3560 πλῆθος
3049 3485 3230 3562 ὄντας,
3259 3487 3386 3545 ἀλλ’
3433 3487 3774 3550 ἀσυντάκτως

2122 3582 2213 3639 καὶ
2323 3583 2569 3657 ἀκρατῶς
2673 3577 2967 3643 διώκοντας
2999 3624 3013 3651 ,
3095 3581 3481 3656 καρτερησάτω
3565 3579 3617 3634 ἰν
3696 3583 3775 3651 τῷ

2125 3679 2488 3756 ἒγκρύμματι,
2536 3676 2639 3734 ἔων
2689 3679 2750 3733 οὗ
2784 3680 2835 3734 οἱ
2867 3676 3201 3752 διωκόμενοι
3259 3676 3357 3734 τοῦ
3417 3677 3552 3734 λαοῦ
3607 3679 3776 3733 αὐτοῦ

2123 3764 2474 3825 καταλάϐωσι
2529 3769 2618 3824 καὶ
2677 3765 2961 3824 διέλθωσιν
2993 3810 3008 3826 .
3069 3768 3186 3825 Εἶθ’
3241 3768 3416 3830 οὕτως
3471 3769 3562 3824 καὶ
3621 3767 3780 3830 αὐτὸς

2125 3856 2378 3936 σφοδρῶς
2404 3858 2541 3914 κατᾶ
2584 3861 2691 3913 τῶν
2745 3855 3039 3931 πολεμίων
3089 3858 3196 3914 ἀπὸ
3251 3862 3350 3913 τοῦ
3399 3856 3782 3934 έγκρόμματος

2124 3947 2376 4022 ἐξελθὼν,
2423 3947 2684 4021 μετὰτῶν
2736 3945 2830 4001 σὺν
2888 3947 3036 4020 αὐτῷ
3093 3948 3421 4025 ὁρμησάτω,
3449 3948 3540 4003 καὶ
3572 3945 3782 4003 εὐοδω-

2124 4039 2345 4108 θήσεται
2370 4040 2440 4110 τῇ
2470 4041 2568 4092 τοῦ
2598 4037 2834 4112 Χριστοῦ
2883 4033 3110 4110 δυνάμει
3142 4036 3235 4092 καὶ
3269 4037 3479 4112 χάριτι.
3535 4038 3780 4111 Λήψεται

2125 4126 2228 4201 γάρ
2258 4125 2345 4181 καὶ
2379 4121 2786 4202 δορυαλώτους,
2818 4124 2911 4180 καὶ
2943 4122 3195 4189 πολλοὺς
3245 4125 3336 4180 καὶ
3368 4125 3650 4200 ἀναιρήσει
3690 4126 3777 4180 καὶ

2123 4214 2500 4289 τραυμάτίσει.
2534 4217 2654 4272 Τῶν
2703 4214 2795 4270 οῦν
2824 4213 3111 4288 πολεμίων
3145 4217 3232 4288 [Ρ.
3270 4217 3393 4289 150]
3451 4212 3530 4270 ἔτι
3561 4235 3786 4291 προστι-

2125 4300 2386 4377 θεμένων,
2419 4303 2509 4358 καὶ
2541 4302 2618 4366 είς
2659 4301 2870 4373 αλῆθος
2925 4302 3328 4378 αὐξανομένων,
3379 4303 3472 4360 καὶ
3530 4301 3785 4383 σφοδρῶς

2127 4389 2533 4448 ἐπιδιωκόντων
2563 4435 2579 4463 ,
2637 4392 2767 4454 τοὺς
2828 4394 2924 4467 μὲν
2991 4391 3422 4469 κατασχεθέντας
3500 4390 3781 4468 δεσμίους,

2128 4481 2255 4543 τούς
2283 4502 2340 4536 τε
2365 4481 2570 4543 ἳππους
2600 4481 2776 4536 αὐτῶν
2835 4481 2924 4536 καὶ
2986 4480 3133 4537 ὅπλα
3191 4479 3495 4558 ἔμπροσθεν
3527 4483 3785 4538 ἀποστει-

374 4574 622 4630 feriant:
648 4590 764 4645 quo
808 4578 866 4627 et
887 4589 1024 4627 suos
1045 4573 1280 4628 saucios
1303 4579 1673 4640 conservent,
1707 4579 1764 4628 et
1793 4574 1842 4628 si
1865 4590 2016 4644 quo-

2126 4568 2299 4644 λάτω,
2355 4574 2452 4626 τοῦ
2507 4563 2838 4626 καταλαϐεῖν
2872 4568 2924 4625 ἐν
2959 4571 3005 4643 ᾧ
3032 4571 3187 4644 τόπῳ
3213 4572 3241 4626 ὁ
3274 4556 3577 4647 στρατηγὸς
3625 4569 3787 4628 ’ίστα-

378 4679 510 4718 rum
529 4665 806 4735 jumenta
835 4666 938 4718 aut
966 4661 1198 4717 defessa
1245 4667 1348 4717 aut
1401 4661 1709 4717 vulnerata
1755 4663 1894 4727 sint,
1928 4662 2021 4718 his

374 4753 717 4808 facultatem
749 4751 1132 4823 suppeditent
1159 4750 1277 4806 alia
1305 4749 1762 4807 conscendendi.
1809 4753 2022 4808 Postea

377 4841 645 4896 remissis
686 4840 936 4896 habenis
969 4857 1004 4896 a
1030 4841 1528 4912 persequentibus
1582 4841 2020 4913 aliquantulum

377 4931 663 4986 cursimse
682 4935 1050 4986 removeant:
1073 4937 1139 4985 ut
1153 4937 1212 4985 et
1231 4931 1614 4988 incumbente
1627 4932 1739 4987 sibi
1758 4933 2018 4989 hostium

373 5019 426 5074 vi
449 5019 694 5091 paulum
715 5021 1002 5086 leventur,
1022 5025 1080 5075 et
1100 5019 1188 5074 illi
1211 5037 1417 5092 equos,
1441 5021 1515 5076 ad
1537 5021 2017 5094 persequendum

371 5110 726 5166 festinanter
751 5109 1065 5176 admissos,
1083 5109 1434 5166 lassitudine
1451 5112 1774 5168 conficiant
1793 5117 1854 5168 et
1877 5129 2015 5168 exa-

372 5201 625 5256 niment.
659 5200 852 5255 Nostri
881 5199 1174 5271 fugientes
1203 5199 1451 5256 latibulo
1473 5201 2016 5273 appropinquantes

371 5289 467 5347 vel
498 5289 704 5345 dextra
725 5287 816 5343 vel
837 5288 981 5343 laava
1009 5293 1353 5345 transeant:
1386 5305 1462 5344 ne
1491 5290 2016 5361 prorumpentibus

2130 4681 2241 4717 ται.
2299 4660 2562 4722 Κάκεῖνος
2605 4657 2875 4722 εὐτάκτως
2936 4659 3285 4736 ὑποφευγέτω
3341 4660 3476 4732 μετά
3533 4665 3641 4716 τῶν
3691 4661 3786 4716 σὺν

2129 4748 2278 4822 αὗτῷ
2310 4793 2325 4820 ,
2383 4748 2633 4825 ἐρεθίζων
2699 4748 2828 4810 τοὺς
2881 4746 3188 4822 πολεμίους
3250 4750 3389 4824 πρὸς
3448 4747 3634 4824 δίωξιν
3691 4750 3784 4806 καὶ

2129 4838 2404 4911 ὖμπείρως
2461 4836 2850 4914 ἐφελκόμενος’
2916 4835 3110 4912 μηδεὶς
3166 4836 3225 4893 δὶ
3277 4843 3375 4894 τοῦ
3434 4837 3572 4894 λαοῦ
3620 4838 3787 4895 αὐτοῦ

2126 4930 2461 5004 γινωσκέτω,
2493 4927 2547 4983 έν
2579 4929 2663 4990 οἷς
2706 4927 2899 4989 τόποις
2951 4927 3021 4983 τὰ
3070 4928 3430 5002 ἐγκρύμματα
3457 4928 3556 4983 τοῦ
3589 4949 3788 5004 στρατο

2127 5021 2266 5093 ηγοῦ
2317 5015 2586 5086 ἵστανται,
2645 5015 2691 5070 εί
2754 5017 2830 5090 μὴ
2892 5014 3054 5090 μόνος
3087 5017 3115 5071 ὁ
3157 5013 3346 5092 ἄρχων
3405 5015 3607 5074 αὐτῶν.
3656 5020 3784 5075 Τῶν

2128 5107 2186 5165 δὶ
2212 5108 2494 5182 πολεμίων
2528 5107 2918 5179 ἐπιτιθεμένων
2951 5105 3100 5178 αὐτῷ
3161 5106 3294 5180 μετᾶ
3349 5103 3602 5177 πλήθους
3623 5106 3786 5176 λαοῦ,

2125 5197 2216 5254 καί
2284 5199 2529 5272 ἀκρατῶς
2580 5193 2919 5265 διωκόντων,
2971 5195 3316 5271 ὑποστροφὰς
3371 5195 3702 5250 ποιείτωσαν
3732 5196 3790 5250 οἱ

2127 5284 2277 5351 ὄντες
2319 5285 2557 5362 ἀνδρεῖοι
2613 5285 2705 5342 καὶ
2759 5283 3155 5364 γενναιότατοι,
3201 5285 3294 5339 καὶ
3346 5281 3555 5349 ’ίππους
3614 5285 3788 5341 εὐτό-

1588 5437 1650 5494 C.
1683 5439 1750 5499 Β.
1791 5439 1976 5496 HASII
2003 5439 2570 5499 ANNOTATIONES.

447 5645 494 5683 ⁸⁸
513 5640 766 5720 ἑταίρων,
793 5640 988 5718 ἑτέρων
1022 5637 1197 5698 codd.
