4112 6208
399 420 515 480 981

1694 424 2112 487 VELITATIO
2154 426 2512 487 BELLICA.

3697 426 3815 488 982

399 574 525 614 νους
555 551 803 627 ἔχοντες,
835 554 927 608 καὶ
980 552 1044 609 π)
1062 556 1373 625 ηττέτωσαν
1431 555 1558 619 τοὺς
1619 553 1937 621 διώκοντας·
1967 559 2029 612 ἳνι

2138 561 2405 627 _insidiis
2438 560 2649 617 eodem
2680 560 2809 616 loco
2860 566 3193 627 occurrant,
3247 561 3479 632 sibique
3533 562 3691 618 inter
3748 578 3809 615 se

401 642 491 696 καὶ
521 642 648 704 τοὺς
670 643 999 716 τραυματίας
1028 649 1135 699 τῶν
1167 643 1324 699 ἱδίων
1358 643 1687 716 διασώσωσι,
1736 647 1825 701 καὶ
1867 648 2054 702 ἳππων

402 730 741 786 ἀτονούντων
822 732 858 801 ἢ
934 733 1024 787 καὶ
1082 733 1476 807 πληττομένων
1546 736 1743 812 ἐτέρων
1798 732 2052 807 ἐπιϐῆναι

402 820 902 895 παρασκευάσωσιν.
931 823 1254 887 Εἶθόίίτως
1304 823 1643 890 ἐπιδιδόντας
1698 825 1823 889 τοὺς
1881 824 2052 901 χαλι-

400 910 528 972 νοὺς
574 916 684 965 τῶν
736 908 923 967 Ἵππων
986 914 1103 985 μετ’
1156 912 1380 976 ἐλασίας
1450 917 1799 989 μακρυνθῶσι
1856 915 2050 988 μικρὸν

400 1004 509 1054 τῶν
539 996 873 1056 διωκόντων·
908 1000 992 1056 ἵνα
1020 1001 1109 1057 καί
1138 1007 1236 1058 τοῦ
1298 1002 1494 1078 βάρους
1548 1009 1645 1060 τοῦ
1703 1003 2050 1077 ἐπικειμένου

398 1087 585 1151 αὐτοῖς
612 1093 721 1143 τῶν
776 1086 1062 1163 πολεμίων
1118 1092 1310 1165 μικρὸν
1364 1096 1726 1169 κουφισθῶσι,
1783 1094 2049 1161 κάκεῖνοι,

397 1177 644 1253 ὀξύτερον
673 1179 801 1241 τοὺς
841 1176 1048 1235 ’ίππους
1116 1179 1430 1243 ἐλαύνοντες
1487 1182 1624 1257 πρὸς
1684 1179 1889 1253 δίωξιν,
1921 1180 2047 1236 ἀτό-

394 1288 519 1328 νους
574 1267 665 1322 καὶ
736 1269 1215 1344 λειποψυχοῦντας
1271 1269 1624 1347 ἐργάσωνται.
1684 1272 2048 1347 ’ἐγγιζόντων

396 1355 453 1413 δὲ
476 1362 557 1431 τῷ
582 1356 925 1435 ἐγκρύμματι
955 1365 1063 1416 τῶν
1124 1358 1477 1435 διωκομένων
1534 1365 1631 1417 τοῦ
1689 1359 1831 1416 λαοῦ
1859 1364 2047 1436 ἡμῶν,

394 1445 502 1503 εἴτε
560 1445 704 1521 δεξιᾷ
768 1446 875 1504 εἷ’τε
931 1449 1183 1524 εὐώνυμα
1242 1447 1623 1506 διέλθέτωσαν·
1684 1448 1771 1505 ’ἱνα
1823 1454 1920 1505 τοῦ
1949 1450 2043 1524 ἐγ-

393 1538 714 1612 κρύμματος
736 1536 1101 1613 ἑξερχομένου
1156 1541 1231 1612 μή
1290 1542 1427 1595 κατὰ
1480 1536 1648 1595 τόπον
1700 1538 1885 1601 αὐτοῖς
1922 1560 2044 1593 συν-

393 1630 691 1698 αντήσωσι,
748 1628 839 1683 καὶ
915 1628 1201 1700 ἀλλήλους
1282 1626 1720 1705 παραϐλάψωσι.
1782 1631 1928 1685 Μετά
1986 1628 2043 1684 δὲ

392 1721 561 1772 ταῦτα
578 1721 686 1772 τῶν
708 1714 1059 1793 διωκομένων
1112 1720 1205 1773 σὺν
1260 1718 1444 1781 αὐτοῖς
1502 1719 1648 1774 οὖσιν
1709 1718 1762 1774 ἄν
1818 1723 1898 1790 τῷ
1947 1717 2039 1791 έγο

391 1809 699 1883 κρύμματι,
735 1809 1210 1887 ὑποστρεφόγτων.
1273 1814 1376 1867 Καὶ
1435 1809 1496 1865 ἐκ
1553 1807 1649 1865 δύο
1710 1814 1887 1884 μερῶν
1939 1816 2039 1878 τῆς

2160 649 2353 705 fraudi
2388 651 2525 705 sint.
2561 653 2633 704 At
2660 651 2811 706 233
2845 650 2945 705 ubi
2978 650 3270 722 fugientes
3303 667 3363 704 se
3407 667 3544 706 cum
3593 649 3715 703 illis
3746 650 3807 704 in

2160 739 2409 795 latibulo
2461 739 2902 811 conjunxerint,
2931 745 3055 794 tum
3101 756 3162 795 se
3195 739 3521 794 obvertant.
3555 741 3625 793 Et
3654 739 3702 793 si
3736 755 3807 793 ex

2160 827 2391 885 duabus
2410 829 2677 900 partibus
2698 829 3155 900 impressionem
3179 829 3241 884 in
3262 829 3462 883 hostes
3482 828 3731 895 faciunt,
3745 827 3805 883 id

2161 935 2398 989 quoque
2428 919 2745 974 utilitatem
2778 920 2998 974 nostris
3029 920 3213 991 copiis
3242 920 3466 974 atteret.
3493 919 3577 972 Sit
3605 923 3805 973 autem

2159 1009 2325 1063 locus
2357 1009 2708 1063 insidiarum
2739 1008 2813 1064 ad
2847 1025 2946 1063 eos
2977 1009 3127 1064 bene
3158 1008 3542 1064 occultandas
3582 1013 3754 1079 aptus
3788 1023 3802 1063 :

2157 1111 2350 1165 neque
2394 1096 2698 1167 angustias
2751 1096 2908 1150 circa
2957 1096 3179 1150 exitum
3230 1096 3652 1166 asperitatesve
3679 1094 3802 1149 ullo

2155 1182 2331 1237 modo
2372 1182 2607 1249 habeat,
2638 1182 2741 1237 sed
2789 1183 3003 1253 planus
3051 1182 3407 1254 patulusque
3457 1183 3553 1247 sit,
3608 1197 3801 1253 neque

2157 1288 2362 1326 eorum
2387 1271 2675 1342 impetum
2698 1272 2760 1326 in
2778 1272 2979 1326 hostes
2997 1271 3481 1342 perceleremque
3510 1271 3802 1326 incitatio-

2154 1376 2291 1415 nem
2324 1360 2629 1431 impediat,
2663 1360 2917 1416 maxime
2941 1361 2989 1415 si
3020 1360 3093 1415 ad
3124 1360 3215 1414 bis
3246 1360 3413 1414 mille
3445 1360 3581 1413 sint.
3616 1361 3797 1415 Tanto

2153 1450 2313 1505 enim
2344 1466 2593 1505 numero
2626 1449 2780 1505 latus
2811 1455 2989 1521 atque
3020 1454 3215 1505 rectus
3249 1449 3440 1503 exitus
3470 1464 3597 1503 esse
3622 1448 3799 1503 debet

2152 1556 2221 1595 ex
2254 1540 2382 1595 loco
2410 1540 2722 1611 ejusmodi.
2752 1542 2898 1595 Item
2915 1538 3290 1611 specula,ubi
3312 1538 3796 1592 duxinsidiarum

2151 1629 2425 1684 consistit
2452 1630 2972 1701 circumspiciendi
3003 1645 3200 1693 causa,
3233 1628 3448 1682 idonea
3468 1628 3563 1695 sit,
3590 1644 3658 1681 ex
3680 1643 3799 1697 qua

2150 1736 2327 1791 quam
2359 1719 2704 1790 longissime
2728 1721 2927 1774 hostes
2948 1720 3334 1790 insequentes
3357 1717 3573 1787 videre,
3590 1733 3792 1771 nume-

2146 1825 2334 1880 roque
2349 1826 2552 1865 eorum
2569 1811 2881 1876 aestimato,
2898 1827 3012 1882 quo
3029 1811 3204 1865 modo
3219 1810 3693 1881 persecutionem
3708 1808 3793 1862 fa-

390 1898 573 1971 ὁρμῆς
630 1898 805 1953 αὐτῶν
864 1901 1001 1955 κατά
1054 1902 1161 1955 τῶν
1217 1899 1507 1973 πολεμίων
1565 1901 1857 1975 γινομένης
1891 1943 1905 1967 ,
1963 1899 2029 1961 εἰς

2146 1891 2306 1945 ciant
2319 1891 2650 1961 intelligere
2664 1892 2870 1962 possit.
2898 1894 3328 1961 Persequentes
3342 1890 3438 1944 ubi
3454 1890 3525 1944 ad
3541 1890 3791 1944 insidias

391 1986 658 2064 ὠφέλειαν
708 1988 799 2043 καὶ
867 1993 1029 2045 τοῦτο
1085 1993 1182 2045 τοῦ
1230 1990 1502 2065 ἡμετέρου
1536 1988 1671 2044 λαοῦ
1731 1991 2033 2065 γενήσεται.

387 2076 567 2132 Ἔστω
600 2073 657 2131 δὲ
686 2078 904 2139 ὁτόπος
953 2082 1051 2133 τοῦ
1099 2076 1480 2152 έῃρύμματος
1536 2074 1843 2147 ίπιτήδειος
1899 2078 2034 2151 πρὸς

383 2167 448 2220 τὸ
476 2165 662 2228 καλῶς
710 2165 905 2229 αὐτοὺς
934 2166 1321 2242 ἀποκρύπτειν·
1383 2168 1636 2241 στένωμα
1667 2164 1725 2221 δὲ
1753 2168 1787 2236 ἢ
1819 2163 2037 2241 δυσχω-

387 2256 508 2328 ρίαν
541 2254 617 2317 εἷς
647 2256 746 2324 τήν
775 2252 958 2326 ’ἔξοδον
992 2253 1264 2330 μηδαμῶς
1320 2255 1516 2332 ἐχέτω,
1576 2254 1704 2311 ἀλλ’
1758 2254 2039 2333 ἐφόμαλος

382 2340 524 2399 ἰστω
551 2343 639 2400 καὶ
667 2344 1005 2422 εὐρύχωρος,
1069 2343 1240 2419 μηδὲν
1295 2343 1718 2420 παρεμποδίζων
1770 2346 1869 2414 τήδ
1902 2345 2037 2400 κατᾶ

382 2436 496 2488 τῶν
527 2433 818 2507 πολεμίων
847 2434 1023 2490 αὐτῶν
1056 2435 1235 2509 ὁρμὴν
1266 2434 1355 2490 καὶ
1418 2434 1591 2504 ὀξεῖαν
1652 2433 1913 2504 ἐπίθεσιν,
1943 2434 2033 2489 καὶ

388 2523 627 2594 μάλιστα
682 2524 805 2599 περὶ
870 2524 999 2587 τοὺς
1059 2521 1371 2598 δισχιλίους
1401 2525 1446 2561 ⁶⁶
1504 2520 1696 2580 ὅντων.
1751 2525 1875 2581 Ἐπι
1930 2524 2032 2601 γάρ

381 2610 646 2666 τοσούτου
685 2611 920 2688 ἀριθμοῦ
948 2612 1243 2669 πλαττεῖαν
1273 2613 1361 2668 καὶ
1395 2612 1599 2668 εὐθεῖαν
1634 2615 1768 2667 εἴναι
1822 2610 1904 2669 δεῖ
1930 2614 2030 2682 τήν

383 2698 567 2770 ἔξοδον
597 2706 697 2756 τοῦ
736 2701 989 2758 τοιούτου
1041 2702 1274 2779 χωρίου·
1336 2701 1437 2760 Καὶ
1496 2705 1531 2773 ἡ
1580 2703 1831 2779 περιωπή
1868 2699 1943 2770 δὲ,
1978 2702 2031 2758 ἐν

379 2791 419 2859 ἧ
444 2790 661 2845 ’ἰσταται
696 2790 914 2862 βλέπων
944 2792 972 2846 ὁ
1000 2791 1098 2847 τοῦ
1129 2792 1266 2847 λαοῦ
1295 2796 1392 2847 τοῦ
1442 2792 1492 2847 ἐν
1550 2797 1630 2864 τῷ
1687 2790 2031 2867 ἐγκρύμματι

377 2878 649 2957 ἀρχηγὸς,
681 2880 963 2953 ἐπιτηδεία
1006 2879 1166 2951 ἔστω,
1197 2880 1335 2936 ὥστε
1381 2887 1615 2957 καθορᾷν
1677 2882 1783 2936 ἀπὸ
1814 2879 2030 2937 πολλοῦ

383 2965 758 3044 διαστήματος
814 2971 939 3033 τοὺς
1022 2969 1320 3034 διώκοντας
1396 2970 1718 3046 πολεμίους,
1772 2973 1873 3029 διαὶ
1928 2973 2027 3041 τὴν

373 3060 656 3130 ποσότητα
708 3064 806 3116 τοῦ
862 3058 1001 3116 λαοῦ
1052 3060 1226 3116 αὐτῶν
1290 3063 1668 3137 στοχάζεσθαι,
1728 3060 1817 3116 καὶ
1874 3082 2031 3116 κατα-

373 3154 539 3219 νοεῖν,
599 3150 749 3215 δπως
795 3152 893 3221 τὴν
944 3148 1124 3222 δίωξιν
1182 3156 1488 3209 ποιοῦνται.
1553 3150 1915 3228 Ἐγγισάντων
1970 3149 2029 3205 δὲ

373 3243 481 3293 τῶν
508 3235 818 3295 διωκόντων
877 3238 967 3295 ἐπὶ
1019 3244 1099 3313 τῷ
1157 3237 1519 3315 έγκρύμματι,
1571 3237 2024 3313 ἐπικαλεσάμενοι

2145 1981 2644 2052 appropinquant,
2680 1982 2947 2035 invocata
2979 1980 3248 2035 Numinis
3265 1978 3597 2050 ope,acriet
3616 1978 3795 2031 vehe-

2146 2070 2516 2125 mentissimo
2530 2075 2707 2141 atque
2722 2076 2963 2126 strenuo
2978 2071 3201 2141 impetu
3215 2069 3472 2125 clamore
3479 2066 3794 2139 jubiloque

2147 2159 2402 2227 sublato,
2427 2159 2485 2213 in
2511 2159 2646 2215 illos
2667 2176 2731 2215 se
2756 2160 3025 2215 incitent.
3047 2158 3233 2213 Simul
3254 2158 3546 2230 fugientes
3564 2172 3624 2211 se
3644 2171 3796 2211 con-

2144 2252 2404 2304 vertant:
2430 2265 2495 2303 ac
2520 2249 2568 2304 si
2594 2266 2623 2304 e
2645 2248 2874 2305 duabus
2905 2248 3172 2321 partibus
3203 2248 3459 2319 impetus
3477 2246 3549 2302 ab
3572 2246 3693 2300 illis
3732 2244 3795 2300 in

2144 2347 2345 2403 hostes
2365 2347 2491 2402 fieri
2506 2347 2875 2419 potest,illud
2892 2364 3127 2418 quoque
3140 2345 3555 2418 adjuvandum
3575 2344 3791 2399 exerci-

2144 2442 2266 2491 tum
2281 2436 3005 2493 momentumhabebit.lta
3016 2451 3373 2507 unaquaque
3390 2452 3451 2490 re
3470 2452 3539 2490 ex
3553 2433 3791 2506 praescri

2142 2531 2241 2598 pto
2260 2533 2461 2581 nostro
2483 2526 2897 2582 administrata
2911 2526 2959 2581 si
2973 2526 3132 2596 quod
3150 2530 3325 2597 caput
3337 2524 3555 2579 est.Dei
3570 2522 3789 2578 auxilio

2140 2616 2385 2687 insuper
2414 2615 2816 2683 sublevantur,
2839 2621 3062 2686 quanta
3087 2621 3213 2670 tum
3252 2614 3513 2669 hostium
3563 2619 3789 2684 strages

2140 2704 2589 2776 internecioque
2604 2710 2885 2761 eventura
2911 2705 3118 2777 sit,qui
3151 2705 3362 2760 harum
3380 2719 3582 2758 rerum
3610 2718 3787 2757 usum

2139 2793 2380 2864 habent,
2406 2795 2619 2849 sciunt.
2656 2795 2764 2860 Qui
2796 2795 2978 2861 enim,
3001 2794 3291 2865 jumentis
3317 2793 3494 2865 longa
3522 2796 3582 2847 et
3610 2792 3790 2847 citata

2137 2885 2552 2954 persecutione
2576 2884 2942 2955 defessisque
2962 2885 3114 2941 23.1
3132 2883 3473 2939 hominibus
3492 2882 3677 2937 multo
3701 2881 3789 2936 la-

2137 2971 2279 3027 bore
2309 2990 2519 3045 pugnas
2551 2974 2974 3042 diﬁcientibus,
3007 2991 3127 3028 non
3167 2979 3431 3029 extrema
3461 2972 3581 3026 illis
3628 2971 3788 3027 mala

2136 3061 2455 3117 accident?
2474 3062 2530 3116 Si
2557 3067 2779 3131 tamen,
2805 3062 2963 3134 quod
2984 3079 3226 3134 prorsus
3258 3060 3650 3134 improbabile
3674 3066 3784 3128 est,

2134 3150 2354 3221 hostes,
2388 3152 2669 3207 universa
2692 3168 2897 3207 eorum
2928 3151 3312 3207 multitudine
3339 3152 3401 3205 in
3432 3151 3592 3205 hunc
3641 3166 3785 3205 con-

2138 3239 2365 3293 flictum
2411 3256 2472 3294 se
2528 3240 2899 3307 demittente,
2956 3239 3243 3295 obsistere
3300 3239 3517 3305 valent,
3578 3239 3784 3307 ﬁtque,

373 3327 473 3396 τὴν
499 3331 597 3383 τοῦ
627 3332 761 3383 Θεοῦ
809 3329 1083 3404 βοήθειαν,
1118 3329 1225 3399 ὁξει
1281 3329 1369 3383 καὶ
1426 3327 1780 3407 σφοδροτάτῳ
1811 3329 1899 3383 καὶ
1931 3329 2025 3382 ἀν-

2138 3327 2416 3382 omnibus
2437 3327 2677 3382 illorum
2705 3328 2890 3398 copiis
2911 3328 3335 3400 pugnantibus,
3360 3342 3493 3382 acre
3510 3326 3783 3397 praelium

378 3412 547 3489 δρείῳ
600 3417 883 3493 ὁρμήματι
919 3417 1052 3491 μενά
1113 3423 1355 3493 κραυγῆς
1409 3416 1498 3472 καὶ
1554 3416 1877 3491 ἀλαλαγμοῦ
1907 3417 2023 3472 κατ’

379 3505 553 3561 άύτῶν
601 3507 1017 3582 ὁρμησάτωσαν.
1102 3508 1644 3584 ’Υποστρεφέσθωσαν
1708 3505 1764 3562 δὲ
1830 3508 1917 3562 καὶ
1972 3509 2026 3562 οἱ

379 3592 729 3669 διωκόμενοι·
762 3597 851 3652 καὶ
884 3597 943 3652 ἐκ
996 3596 1091 3652 δύο
1164 3601 1339 3672 μερῶν
1397 3598 1481 3670 [Ρ.
1517 3598 1639 3670 15η
1689 3603 1787 3666 τῆς
1845 3598 2025 3670 ὁρμῆς

375 3682 551 3740 αὐτῶν
584 3684 722 3739 κατά
748 3688 859 3741 τῶν
893 3683 1177 3758 πολεμίων
1208 3686 1602 3761 γεγενημένης,
1634 3684 1710 3747 εἷς
1766 3684 2023 3740 ὡσέλειαν

373 3775 465 3829 καὶ
494 3779 655 3831 τοῦτο
711 3779 809 3831 τοῦ
865 3774 1138 3848 ἡμετέρου
1198 3778 1427 3850 στρατοῦ
1480 3775 1782 3851 γενήσεται.
1846 3774 1942 3829 Καὶ
1976 3774 2022 3829 εἰ

372 3863 689 3927 ἀκολούθως
746 3863 919 3919 πάντα
982 3863 1120 3919 κατὰ
1172 3863 1264 3918 τὸν
1314 3863 1553 3938 παρόντα
1609 3862 1878 3938 πραχθείη
1940 3862 2025 3918 δι-

374 3954 629 4027 ορισμὸν,
660 3949 879 4028 ἔχοντες
909 3952 1015 4026 πρὸ
1046 3950 1257 4007 πάντων
1312 3953 1399 4007 καὶ
1460 3952 1561 4021 τήν
1590 3956 1687 4007 τοῦ
1717 3956 1851 4007 Θεοῦ
1887 3953 2025 4028 βοή-

373 4052 519 4105 θειαν
573 4041 1053 4120 συνεφαπτομένην
1087 4041 1298 4111 αὐτοῖς,
1353 4042 1441 4095 οἳα
1496 4040 1619 4096 τότε
1670 4043 2018 4116 καταστροφή

368 4129 458 4185 καὶ
482 4125 707 4203 ὄλεθρος
746 4134 853 4185 τῶν
888 4127 1176 4203 πολεμίων
1231 4130 1534 4205 γενήσεται,
1564 4130 1617 4183 οἱ
1675 4134 1865 4204 πεῖραν
1913 4134 2021 4184 τῶν

366 4220 633 4276 τοιούτων
703 4215 919 4298 ἔχοντες
976 4217 1124 4273 ἴσασι
1170 4264 1184 4276 .
1244 4218 1347 4275 Καὶ
1398 4224 1515 4281 πῶς
1560 4218 1664 4295 γὰρ
1732 4219 1857 4293 ἄρα,
1910 4223 2018 4273 τῶν

363 4304 552 4363 ἵππων
609 4311 679 4383 τῇ
742 4311 922 4382 μακρᾷ
979 4308 1071 4362 καὶ
1113 4306 1353 4379 συντόνῳ
1407 4303 1588 4379 διώξει
1646 4307 2019 4378 ἡτονηκότων,

366 4400 458 4455 καὶ
511 4405 620 4455 τῶν
706 4398 916 4476 ἀνδρῶν
970 4404 1050 4472 τῷ
1098 4398 1248 4471 πόνῳ
1318 4405 1421 4468 τῆς
1502 4399 1688 4474 μάχης
1768 4397 2021 4455 ἐκλελοι-

366 4488 548 4543 πότων
586 4532 601 4559 ,
653 4488 714 4544 οὐ
762 4490 829 4544 τὰ
882 4493 1062 4544 κακῶν
1126 4487 1297 4563 ἔχατα
1352 4488 1569 4552 τούτοις
1634 4483 2015 4561 συμϐήσεται;

369 4577 416 4632 εί
456 4576 534 4647 δὲ,
582 4577 714 4653 ὅπερ
771 4577 941 4649 πάντη
1002 4577 1325 4633 ἀνελπιστόν
1382 4577 1549 4650 ἔστιν,
1606 4576 1903 4654 ΐσχύσωσιν
1963 4578 2015 4633 οὶ

2138 3417 2295 3487 quod
2326 3416 2751 3473 detrimentum
2775 3422 3082 3489 acceptum
3107 3417 3327 3473 sarcire
3349 3414 3779 3481 student,vide-

2133 3509 2345 3576 turque
2379 3511 2594 3576 praeter
2632 3506 3135 3578 exspectationem
3183 3522 3279 3561 res
3310 3521 3562 3561 casura:
3604 3503 3781 3559 debet

2133 3599 2274 3649 tunc
2306 3594 2423 3649 dux
2449 3595 2739 3650 exercitus
2773 3596 2940 3668 signo
2971 3594 3172 3667 aliquo
3205 3612 3272 3651 ac
3304 3595 3607 3660 mandato,
3640 3610 3778 3666 per-

2133 3700 2246 3755 que
2277 3684 2481 3739 tubam
2512 3684 2774 3757 receptui
2804 3690 3137 3752 canentem,
3170 3701 3309 3741 suos
3339 3685 3611 3741 cominus
3641 3685 3775 3740 ins-

2131 3776 2325 3827 tantes
2355 3789 2651 3839 revocare,
2676 3774 2758 3829 ita
2786 3778 2852 3828 ut
2882 3778 3044 3847 terga
3070 3773 3215 3829 dent
3236 3774 3452 3845 (neque
3484 3780 3684 3830 tamen
3715 3771 3776 3828 id

2132 3862 2353 3917 cursim
2386 3868 2445 3918 et
2460 3863 2598 3936 fuga
2626 3864 2832 3929 effusa,
2869 3864 2973 3919 sed
3004 3864 3320 3934 ordinate),
3348 3864 3667 3934 hostesque
3700 3860 3775 3917 ad

2130 3952 2612 4024 persequendum
2645 3952 2907 4009 allicere.
2939 3955 3026 4009 lta
3055 3954 3213 4009 acies
3244 3954 3507 4009 hostium
3534 3953 3775 4009 incum-

2131 4050 2339 4107 bentes
2370 4069 2549 4124 seque
2576 4058 2929 4124 proruentes
2960 4053 3020 4107 in
3053 4054 3312 4125 majores
3356 4053 3604 4109 insidias
3629 4052 3779 4107 inci-

2131 4140 2294 4195 dent.
2325 4141 2658 4213 Fugientes,
2693 4140 2765 4196 ab
2795 4157 2913 4195 uno
2935 4141 3120 4195 latere
3143 4141 3399 4210 latibuli,
3433 4142 3606 4197 sicuti
3638 4142 3783 4195 dixi-

2130 4244 2283 4292 mus,
2316 4229 2703 4299 praetervecti,
2735 4229 2837 4283 ubi
2864 4229 2925 4283 in
2959 4229 3190 4285 hostem
3232 4231 3492 4302 majores
3547 4229 3779 4283 insidia;

2130 4318 2772 4389 consurrexerunt,ipsi
2787 4334 3023 4389 quoque
3038 4318 3309 4389 protinus
3325 4335 3386 4373 se
3409 4322 3777 4383 convertant,

2129 4405 2465 4475 infestaque
2496 4405 2664 4478 signa
2688 4406 3042 4461 adversariis
3074 4407 3355 4477 utrinque
3388 4405 3723 4460 inferentur
3756 4420 3772 4459 :

2129 4493 2288 4565 quod
2319 4510 2532 4566 magno
2560 4494 2903 4566 adjumento
2927 4496 3039 4550 erit
3060 4495 3362 4551 exercitui.
3388 4498 3776 4565 Insequentes

2130 4583 2178 4638 si
2200 4599 2390 4654 usque
2413 4582 2486 4637 ad
2509 4582 2757 4638 insidias
2781 4583 3040 4655 provecti
3059 4583 3354 4640 temerein
3379 4583 3514 4639 illas
3538 4583 3773 4639 irruunt

366 4667 630 4741 πολέμιοι
663 4651 1002 4739 ἀντιστῆναι,
1055 4667 1233 4739 πάσης
1276 4666 1451 4723 αὐτῶν
1494 4674 1595 4738 τῆς
1646 4651 1926 4741 δυνάμεως
1959 4667 2010 4723 έν

2138 4672 2333 4739 nostri,
2366 4671 2571 4727 audaci
2601 4677 2776 4744 atque
2809 4678 3049 4728 strenuo
3100 4674 3328 4745 impetu
3375 4690 3445 4728 ex
3474 4673 3680 4728 lateris
3707 4673 3771 4729 in

366 4765 446 4833 τῷ
491 4762 731 4835 τοιούτῳ
782 4759 1017 4834 πολέμῳ
1071 4762 1525 4838 παραγενομένης
1556 4805 1571 4831 ,
1623 4760 1712 4816 καὶ
1778 4761 2014 4837 καρτερά

371 4848 526 4924 μάχη
558 4849 780 4925 γένηται
840 4848 1135 4922 πανστρατὶ
1187 4847 1359 4902 αὐτῶν
1417 4844 1771 4923 μαχομένων,
1831 4844 2012 4902 διὰτὸ

366 4938 465 5006 τὴν
492 4938 659 5007 ἧτταν
707 4937 881 4994 αὐτῶν
922 4936 1371 5007 ἀνακαλέσασθαι,
1426 4938 1513 4992 καὶ
1572 4939 1706 4992 κατά
1763 4934 2009 5010 δεύτερον

366 5023 535 5102 λόγον
561 5031 722 5083 τοῦτο
776 5021 983 5101 συμϐῇ·
1042 5023 1125 5081 δεῖ
1176 5026 1267 5081 τὸν
1325 5030 1423 5081 τοῦ
1479 5030 1707 5101 στρατοῦ
1765 5027 2008 5102 ἀρχηγὸν

364 5114 471 5171 ἀπὸ
513 5118 855 5190 συνθήματός
894 5137 1043 5179 τινος
1074 5117 1164 5169 γαῖ
1226 5112 1512 5191 διορισμοῦ
1569 5116 1658 5171 καὶ
1707 5115 2012 5192 σάλπιγγος

366 5204 742 5277 ἀνάκλητικῆς
797 5204 1125 5281 διαχωρίσαι
1180 5202 1311 5266 τοὺς
1362 5204 1593 5268 οίκείους
1644 5211 1745 5275 τῆς
1800 5204 1860 5259 ἐκ
1889 5224 2008 5280 χει-

360 5298 468 5368 ρῶν
536 5300 749 5370 μάχης,
808 5298 951 5350 νῶτα
1010 5290 1275 5348 διδόντων
1336 5292 1508 5348 αὐτῶν
1559 5293 1727 5366 (πλὴν
1792 5295 1867 5367 μὴ
1918 5293 2012 5348 σὺν

360 5380 549 5457 nuan
576 5383 667 5438 καὶ
714 5387 855 5461 φυγῇ
892 5382 1142 5456 ἀκόσμῳ,
1196 5380 1324 5437 ἀλλ’
1382 5380 1694 5456 εὐτάκτως),
1755 5379 2007 5457 έρεθίζέιν

356 5491 417 5527 τε
442 5470 573 5535 τοὺς
605 5469 908 5546 πολεμίους
933 5472 1068 5547 πρὸς
1126 5468 1333 5542 δίωξιν.
1387 5470 1779 5544 Ἐπικειμένων
1813 5467 1872 5526 δὶ
1896 5475 2005 5527 τῶν

2122 4761 2260 4816 illos
2284 4761 2680 4832 provolantes,
2713 4762 2928 4817 Christi
2960 4762 3148 4834 gratia
3176 4763 3489 4835 magniﬁce
3518 4762 3653 4818 illos
3674 4779 3765 4818 su-

2120 4850 2428 4921 perabant,
2444 4867 2837 4923 magnamque
2858 4852 3105 4924 gloriam
3120 4858 3580 4925 consequentur.
3597 4854 3765 4920 Quod

2122 4938 2169 4993 si
2202 4942 2444 5009 propter
2500 4938 2772 5010 quasdam
2822 4946 3015 4995 errata
3057 4942 3295 5012 penitus
3326 4941 3575 4998 fundere
3608 4944 3765 4999 acies

2120 5026 2383 5081 hostium
2406 5044 2525 5083 non
2557 5034 2899 5099 potuerunt,
2933 5030 3091 5100 quod
3113 5030 3496 5087 multitudine
3523 5032 3764 5088 infinita

2120 5117 2424 5188 copiisque
2455 5116 2730 5173 omnibus
2762 5121 3129 5192 congregatis
3161 5121 3378 5177 acriter
3407 5122 3767 5194 prmliahan-

2120 5212 2234 5271 tur,
2270 5212 2492 5275 tamen,
2524 5208 2680 5279 quod
2731 5209 3063 5281 peditatum
3119 5211 3303 5268 habes
3362 5213 3540 5269 simul
3600 5215 3767 5285 signa

2119 5296 2497 5364 inferentem,
2530 5298 2745 5354 melius
2777 5304 2837 5354 tu
2871 5317 3047 5371 quam
3071 5300 3159 5355 illi
3191 5319 3317 5357 rem
3349 5320 3537 5376 geres.
3564 5305 3763 5373 Neque

2120 5385 2167 5440 si
2200 5403 2440 5457 prorsus
2459 5387 2745 5458 debellas,
2771 5394 2829 5444 at
2852 5389 3109 5462 denique
3134 5391 3278 5448 235
3318 5392 3537 5447 multos
3561 5406 3766 5447 eorum

2118 5475 2312 5547 gladio
2344 5476 2644 5550 conficies,
2678 5478 2879 5551 plures
2903 5479 2967 5535 in
2998 5482 3342 5538 servitutem
3362 5481 3614 5552 rediges,
3645 5479 3766 5534 for-

1573 5624 1635 5682 C.
1668 5625 1732 5681 B.
1780 5624 1971 5683 HASII
2001 5625 2559 5685 ANNOTATIONES.

429 5739 480 5782 ⁸⁸
509 5734 844 5817 δισχιλίους.
878 5740 1020 5801 Cod.
1051 5739 1094 5798 B
1121 5735 1460 5815 τριχιλίους.
