4112 6208
382 403 500 468 983

1697 395 2120 460 NICEPHOBI
2161 395 2445 457 PHOCE

3663 387 3782 450 οδι

380 541 786 612 midinemque
813 555 880 595 ac
895 543 1179 592 terrorem
1202 535 1323 591 illis
1339 551 1640 608 magnum,
1666 534 1898 606 injicies
1922 550 1933 590 :
1957 537 2021 588 ut

2136 529 2478 604 παρατάξεων
2534 531 2641 583 τῶν
2695 527 2984 601 πολεμίων
3040 527 3132 582 καὶ
3188 523 3625 594 διωκουσῶν,τῆ
3661 524 3782 598 pai-

383 647 508 686 non
541 631 797 702 amplius
826 626 1235 699 imprudenter
1265 626 1567 680 incurrere
1596 641 1765 696 agros
1797 640 1863 678 ac
1895 640 2018 677 vas-

385 725 508 775 tare
546 719 821 784 audeant,
861 715 1343 786 contendantque
1374 715 1571 786 potius
1604 711 2020 767 domumrcdi-

381 825 465 864 re.
500 809 654 874 limo,
689 804 1233 876 sicutamajoribus
1257 805 1616 875 accepimus,
1641 800 2021 872 etlonginqui

383 898 665 970 temporis
695 913 807 952 usu
841 896 1031 952 edocti
1063 913 1286 961 sumus,
1321 896 1402 951 ita
1431 894 1912 966 conscripsimus.
1947 893 2022 948 Te

380 991 578 1042 autem
602 986 878 1042 convenit
907 986 982 1041 ad
1012 985 1482 1057 uniuscujusque
1536 983 1622 1038 rei
1653 981 2022 1055 probabilem

381 1081 654 1131 eventum
693 1074 1150 1131 accommodari.
1209 1076 1334 1130 Non
1367 1073 1527 1128 enim
1588 1077 1654 1126 ut
1711 1072 2022 1126 hominum

377 1166 734 1236 voluntates,
761 1165 865 1221 sed
925 1171 991 1220 ut
1049 1181 1282 1220 summa
1333 1163 1704 1235 providentia
1761 1160 2021 1232 quidque

377 1255 690 1328 ponderat,
725 1255 808 1311 ita
837 1270 1138 1310 armorum
1171 1253 1360 1309 exitus
1391 1255 1858 1322 consequuntur.

375 1349 650 1427 τολμηρῷ
706 1352 798 1407 καὶ
881 1348 1112 1424 ἀνδρείῳ
1191 1351 1477 1423 ὁρμήματι
1556 1347 1663 1402 ἀπὸ
1745 1350 1842 1402 τοῦ

2134 623 2246 685 ζονι
2307 613 2492 690 ἐνέδρᾳ
2559 619 2996 689 περιπεσοῦνται.
3057 613 3161 672 Καὶ
3221 611 3548 687 διωκόμενοι
3605 613 3657 668 ἐν
3702 612 3787 666 ένὶ

2134 706 2284 779 μέρει
2313 706 2414 774 τῆς
2446 703 2683 780 ἐνέδρας,
2746 705 2820 769 ὡς
2875 703 3107 782 ἔφημεν.
3169 701 3542 780 διερχόμενοι,
3576 701 3786 756 ὁπόταν

2131 800 2246 850 κατ’
2278 793 2450 850 αὐτῶν
2486 795 2537 848 oi
2569 793 2622 850 έν
2666 799 2734 870 τῇ
2793 794 3008 872 μεγάλῃ
3065 789 3256 869 ἐνέδρᾳ
3310 789 3460 854 ὅντες
3515 793 3788 868 ὁρμήσω-

2132 914 2237 962 σιν,
2272 892 2783 970 ὑποστρεφέσθωσαν
2847 893 3150 967 παραυτίκα
3205 891 3293 947 καὶ
3354 891 3407 946 οἳ
3450 887 3785 963 διωκόμενοι

2131 983 2220 1038 καὶ
2253 982 2638 1058 εὑρεθήσονται
2669 981 2730 1039 ἐκ
2760 980 2856 1038 δύο
2909 986 3087 1059 μερῶν
3145 986 3263 1044 τοῖς
3321 979 3618 1054 πολεμίοις
3675 1000 3790 1053 μα-

2132 1071 2386 1146 χόμενοι·
2424 1071 2515 1126 γαὶ
2553 1070 2771 1140 πολλὴν
2838 1075 2999 1126 τοῦτο
3055 1074 3136 1144 τῷ
3191 1073 3406 1146 στρατῷ
3461 1070 3792 1142 προξενήσεί

2129 1162 2228 1230 τήν
2259 1159 2550 1238 ὠφέλειαν.
2583 1159 2647 1215 Ei
2688 1159 2780 1215 οὗν
2828 1160 2881 1217 οἱ
2911 1157 3205 1222 διώκοντες
3235 1159 3366 1235 ἄχρι
3417 1165 3519 1228 τῆς
3561 1155 3784 1235 ἐνέδρας

2129 1243 2506 1319 καταλάϐωσι,
2536 1249 2628 1304 καὶ
2693 1248 3022 1324 ἀπροόπτως
3075 1247 3244 1322 ταύτῃ
3299 1248 3652 1324 περιπέσωσι,
3686 1248 3785 1303 καὶ

1927 1345 2313 1423 έγκρύμματος
2394 1348 2510 1404 κατ’
2593 1347 2770 1402 αὐτῶν
2839 1347 3216 1427 έφορμήσωσι,
3267 1345 3336 1422 τῇ
3386 1351 3485 1402 τοῦ
3540 1348 3784 1424 Χριστοῦ

377 1440 565 1517 χάριτι
606 1443 742 1496 κατᾶ
770 1440 967 1514 κράτος
1024 1439 1248 1502 τούτους
1304 1439 1624 1509 ἡττήσουσῐ,
1673 1437 1765 1493 καὶ
1828 1436 1964 1510 μέγα
2018 1435 2180 1501 κλέος
2233 1437 2446 1500 έαυτοῖς
2503 1439 2972 1512 περιποιήσονται.
3044 1436 3109 1493 Ei
3169 1433 3226 1492 δὲ
3280 1433 3370 1491 διὰ
3425 1457 3548 1491 τινα
3603 1432 3788 1512 σφᾶλ-

389 1551 531 1602 ματα
589 1532 666 1604 μὴ
724 1529 926 1585 τελέως
984 1527 1260 1600 δυνηθῶσι
1317 1532 1424 1583 τῶν
1482 1527 1828 1603 παρατάξεων
1887 1531 1996 1582 τῶν
2060 1525 2276 1603 ἐχθρῶν
2334 1528 2757 1602 περιγενέσθαι,
2814 1527 2890 1589 ὡς
2945 1523 3170 1600 δύναμιν
3243 1527 3460 1601 βαρεῖαν
3515 1525 3790 1601 ἐχόντων,

375 1619 466 1674 xui
497 1624 743 1695 ’ἰσχυρῶς
775 1618 1070 1696 πανστρατὶ
1100 1618 1275 1674 αὐτῶν
1311 1618 1664 1693 μαχομένων,
1698 1612 1842 1693 ἔχων
1899 1615 1990 1671 καὶ
2043 1616 2106 1672 τὸ
2162 1621 2339 1686 πεζῶν
2399 1617 2704 1693 στράτευμα
2757 1614 3198 1692 συμμαχούντων
3264 1637 3376 1684 σοι,
3434 1614 3497 1670 σὺ
3561 1613 3782 1689 μᾶλλον

379 1710 556 1764 αὐτῶν
618 1709 1002 1786 ὑπερισχύσεις
1038 1752 1050 1765 .
1112 1709 1212 1764 Καὶ
1269 1708 1314 1763 εἷ
1375 1709 1450 1780 μή
1508 1705 1644 1762 κατᾶ
1698 1708 1898 1780 κράτος
1981 1708 2289 1778 ἡττηθῶσιν
2322 1751 2338 1775 ,
2424 1704 2552 1761 ἀλλ’
2606 1705 2698 1760 οὗν
2747 1703 2996 1768 πολλοὺς
3049 1703 3220 1760 αὐτῶν
3283 1704 3560 1781 μαχαίρας
3615 1701 3786 1781 ἔργον

375 1801 636 1874 ποιήσῃς,
671 1797 921 1861 πλείονας
981 1795 1039 1853 δὶ
1091 1797 1298 1854 τούτων
1347 1796 1437 1852 καὶ
1503 1792 1858 1868 ἀνδραπόδων
1919 1793 2072 1872 λόγῳ
2126 1797 2426 1872 κατάσχῃς,
2481 1796 2574 1850 καὶ
2626 1789 2780 1872 φόϐῳ
2833 1793 3059 1871 μεγάλῳ
3110 1794 3199 1850 καὶ
3255 1793 3591 1866 καταπλήξει
3645 1795 3791 1850 ὓπο-

377 1893 686 1968 ϐληθῶσιν·
745 1898 819 1960 ὡς
884 1897 1077 1972 μηκέτι
1135 1895 1348 1970 τολμᾷν
1401 1891 1570 1957 ἀδεως
1633 1894 1728 1957 τὰς
1776 1896 1966 1971 χώρας
2013 1891 2367 1972 κατατρέχειν
2415 1893 2506 1949 καὶ
2564 1891 2886 1967 ληίζεσθαι,
2946 1890 3160 1968 μᾶλλον
3221 1890 3280 1948 δὶ
3335 1891 3627 1949 σπεύσουσι
3682 1894 3792 1963 τήν

377 1985 517 2042 ἰδίαν
547 1981 899 2044 καταλαϐεῖν.
958 1987 1058 2042 Καὶ
1103 1991 1271 2042 ταῦτα
1305 1986 1423 2060 μὲν,
1480 1987 1656 2048 καθὼς
1716 1985 1770 2040 oi
1826 1986 1932 2062 πρὸ
1982 1987 2142 2059 ἡμῶν
2201 1988 2340 2059 ἡμῖν
2396 1981 2721 2059 παρέδοσαν,
2750 1983 2841 2039 καὶ
2897 1985 2933 2055 ἡ
2992 1983 3099 2040 ἀπὸ
3153 1987 3251 2040 τοῦ
3311 1987 3522 2060 μακροῦ
3574 1983 3791 2060 χρόνου

375 2075 657 2152 ἐμπειρία,
718 2077 1210 2152 συνεγραψάμεθα.
1277 2076 1375 2131 Σοὶ
1461 2073 1518 2131 δὲ
1594 2076 1729 2151 πρὸς
1815 2075 1913 2144 τὴν
1968 2074 2113 2139 εἰκὸς
2164 2075 2542 2151 ἐπερχομένην
2600 2071 2910 2150 περίστασιν
2968 2076 3232 2152 προσήκει
3287 2071 3644 2150 διαγενέσθαι.
3701 2072 3786 2132 Οὔ

375 2166 478 2243 γὰρ
511 2166 587 2229 ὡς
619 2167 674 2222 αἱ
702 2170 810 2222 τῶν
853 2166 1153 2237 ἀνθρώπων
1219 2164 1435 2244 βουλαὶ,
1495 2163 1621 2220 ἀλλ’
1679 2165 1753 2229 ὡς
1807 2167 1842 2236 ἡ
1902 2162 2104 2231 ἄνωθεν
2160 2166 2400 2240 Πρόνοια
2448 2164 2512 2220 τά
2568 2164 2689 2230 καθ’
2743 2163 2970 2222 ἔκαστοι)
3023 2163 3378 2240 ταλαντεύσῃ,
3433 2165 3524 2220 καὶ
3577 2165 3642 2220 τὸ
3685 2168 3790 2220 τοῦ

376 2255 626 2329 πολέμου
655 2256 840 2312 ἓπεται
867 2257 1056 2332 πέρας.

377 2367 509 2425 CAP.
543 2368 740 2422 XVIII.
773 2369 850 2423 De
901 2382 989 2451 eo,
1017 2368 1240 2451 quando
1269 2373 1487 2451 oportet
1516 2369 1706 2424 ducem
1753 2366 2024 2438 bipartito

2136 2363 2233 2451 [P;
2261 2365 2376 2451 15.2,]
2411 2367 2570 2450 K1341.
2601 2361 2711 2450 13:.
2752 2363 2880 2451 Περί
2929 2365 3048 2451 cpi},
3081 2358 3328 2451 πδτερεῖ
3353 2363 3446 2451 τεὸν
3479 2362 3792 2451 στρατηγὸν

967 2437 1144 2495 hostes
1185 2437 1422 2510 insequi.

451 2557 506 2612 Si
531 2556 734 2612 hostes
765 2556 987 2612 diutius
1018 2561 1483 2620 commorantur,
1520 2556 1755 2614 tametsi
1787 2557 1845 2613 id
1888 2556 2024 2628 qui-

381 2645 517 2702 dem
541 2661 751 2716 parum
782 2644 1145 2700 credendum
1176 2651 1266 2701 est
1295 2644 1368 2700 de
1417 2650 1536 2700 tam
1581 2645 1737 2701 male
1783 2645 2023 2713 habitis,

378 2737 670 2808 factisque
693 2737 903 2793 castris
933 2754 1104 2809 agros
1135 2741 1372 2792 nostros
1394 2737 1687 2793 incendiis
1718 2754 1786 2793 ac
1832 2743 2024 2794 vasta-

383 2826 646 2882 tionibus
674 2826 1056 2899 populantur,
1090 2842 1283 2897 neque
1316 2826 1536 2881 milites
1595 2843 1733 2881 suos
1790 2826 2024 2900 longius

383 2914 690 2988 praedandi
722 2931 901 2970 causa
929 2913 1227 2970 dimittere
1263 2913 1507 2982 audent,
1539 2914 1716 2970 debet
1771 2915 1890 2970 dux
1922 2917 2025 2970 ﬁr-

384 3021 545 3062 mam
575 3021 820 3061 manum
851 3009 986 3077 post
1013 3009 1175 3077 terga
1224 3004 1484 3060 hostium
1522 3004 1585 3059 in
1614 3004 1864 3061 alteram
1890 3021 2028 3077 par-

386 3100 526 3164 tem,
541 3095 644 3150 ubi
669 3095 795 3167 ipse
825 3111 946 3150 non
965 3100 1074 3163 est,
1107 3096 1666 3166 circummittere,et
1687 3097 2028 3168 quicunque

386 3185 503 3241 tria
531 3184 622 3240 vel
637 3189 892 3256 quatuor
911 3184 1103 3240 millia
1114 3201 1398 3256 passuum
1412 3201 1446 3241 a
1459 3186 1669 3240 castris
1683 3185 2026 3258 digrediun-

386 3280 503 3345 tur,
537 3273 831 3330 aduobus
881 3273 1170 3330 lateribus
1227 3290 1326 3330 eos
1385 3275 1622 3348 aggredi
1680 3292 1747 3332 ac
1795 3291 2025 3342 vexare,

385 3362 1070 3434 frumentationibusque
1128 3363 1466 3435 prohibere,
1525 3369 1591 3420 ut
1647 3365 1732 3420 sic
1788 3365 2028 3420 cibariis

384 3453 652 3508 destituti
684 3453 928 3508 domum
959 3452 1152 3508 redire
1183 3459 1486 3526 cogantur.
1511 3453 1675 3519 Quod
1703 3453 1752 3509 si
1783 3454 1968 3520 vides,
1994 3471 2027 3510 ο

385 3541 524 3610 dux,
571 3543 772 3597 hostes
804 3541 992 3614 magis
1013 3542 1190 3597 etiam
1249 3541 1362 3596 sibi
1418 3559 1644 3610 cavere,
1677 3559 1874 3615 neque
1903 3542 2030 3599 fru-

385 3635 721 3686 mentatum
751 3630 950 3685 missis
971 3629 1208 3702 longius
1237 3631 1652 3702 progrediendi
1673 3637 2029 3704 potestatem

2209 2431 2270 2488 ἔκ
2301 2431 2396 2489 δύο
2421 2438 2600 2511 μερῶν
2627 2438 2737 2490 τῶν
2768 2431 3054 2508 πολεμίων
3073 2431 3435 2510 παραδρομὴν
3465 2431 3714 2506 ποὶἦσαίξ

2207 2551 2273 2609 Ei
2303 2549 2361 2607 δὲ
2387 2549 2464 2607 ἔτι
2514 2550 2881 2627 έπιμεινουσιν
2938 2554 2990 2608 oi
3047 2553 3338 2627 πολέμιοι,
3400 2554 3531 2628 ὅπερ
3562 2551 3790 2610 ἀνέλπι-

2135 2643 2258 2697 στόν
2290 2639 2401 2699 ἐστι
2454 2642 2589 2717 μετὰ
2623 2643 2686 2698 τὸ
2718 2642 2892 2706 οὕτως
2920 2649 3414 2722 τραυματισφῆναι,
3447 2645 3544 2707 τὰς
3593 2647 3789 2721 χώρας

2133 2733 2296 2805 ἡμῶν
2350 2737 2707 2810 φωσσατικῶς
2761 2733 3168 2810 πυρπολοῦντες
3203 2780 3218 2805 ,
3274 2731 3653 2796 κατακαίοντές
3724 2754 3789 2790 τε

2133 2820 2224 2874 καὶ
2282 2817 2728 2896 διαφθείροντες,
2781 2819 3044 2895 μηδαμοῦ
3102 2821 3179 2884 εἷς
3236 2825 3470 2895 κοῦρσον
3537 2821 3784 2894 μήκοθεν

2131 2910 2224 2965 τὸν
2281 2908 2413 2965 λαὸν
2475 2909 2648 2965 αὐτῶν
2707 2907 3025 2984 τολμῶντες
3102 2909 3481 2980 ἀποστέλλειν,
3539 2912 3655 2986 χρή
3686 2910 3782 2966 τὸν

2137 2999 2438 3074 στρατηγὸν
2495 2999 2778 3076 ἀξιόλογον
2849 2997 3076 3074 δύναμιν
3131 2999 3208 3062 εἷς
3257 3000 3319 3056 τὸ
3376 2998 3558 3075 ἕτερον
3615 3001 3788 3077 μέρος

2134 3093 2240 3142 τῶν
2294 3086 2577 3162 πολεμίων
2631 3087 2975 3160 ἀποστεῖλαι,
3031 3087 3082 3145 ἐν
3145 3089 3191 3162 ᾧ
3249 3088 3410 3150 αὐτὸς
3468 3089 3546 3163 μή
3603 3109 3786 3164 παρα-

2134 3179 2339 3254 τρέχειο
2372 3179 2462 3235 καὶ
2491 3183 2608 3242 τοῖς
2635 3178 2742 3235 ἀπὸ
2796 3185 2963 3256 τριῶν
3021 3177 3056 3249 ἢ
3111 3181 3386 3256 τεσσάρων
3448 3179 3657 3253 μιλίων
3686 3183 3787 3235 τοῦ

2143 3271 2433 3347 φωσσάτου
2516 3266 2969 3344 περεκτρέχουσιν
3055 3267 3194 3325 ἔνθεν
3273 3269 3518 3333 κάκεῖθεν
3605 3268 3786 3324 ἐπιτί-

2139 3378 2319 3431 θεσθαι
2376 3368 2464 3424 καὶ
2529 3368 2934 3446 τραυματίζειν,
2996 3368 3131 3443 πρὸς
3195 3369 3258 3424 τὸ
3317 3365 3646 3424 διακωλύειν
3685 3369 3791 3424 αύ-

2136 3455 2262 3518 τοὺς
2289 3457 2494 3533 τροφὰς
2548 3452 2972 3531 ἀναλαμϐάνειν
3030 3457 3120 3512 ἳνα
3178 3457 3254 3522 ὡς
3298 3455 3358 3512 ἐκ
3392 3458 3590 3513 τούτου
3647 3456 3787 3512 σπά-

2136 3566 2217 3600 νιν
2273 3540 2490 3621 ἕχοντές
2537 3551 2754 3622 τροφῶν
2814 3547 3216 3622 ἀναγκασθῶσιν
3280 3542 3662 3622 ὑποστρέψαι.
3715 3547 3784 3604 Εἰ

2140 3633 2197 3692 δὲ
2227 3637 2378 3711 ὁρᾷς,
2435 3637 2479 3691 ὦ
2539 3639 2826 3714 στρατηγέ,
2882 3637 3011 3698 τοὺς
3066 3635 3368 3710 πολεμίους
3422 3633 3501 3693 ἔτι
3560 3637 3789 3700 ἑαυτοὺς

384 3719 603 3783 facere,
633 3718 709 3773 ad
739 3718 1160 3773 detrimentum
1177 3718 1249 3772 iis
1274 3719 1654 3776 inferendum
1683 3721 1846 3776 illius
1867 3722 2026 3778 modi

2138 3725 2677 3802 παραφυλάττοντας,
2705 3711 2795 3784 καὶ
2858 3728 2935 3801 μή
2965 3726 3155 3804 πόρῥω
3211 3724 3508 3798 ἐξελαύνειν
3539 3724 3670 3790 τοὺς
3701 3726 3786 3791 είς

387 3807 640 3864 insidias
669 3823 1011 3878 comparare
1068 3806 1266 3862 debes.
1318 3808 1642 3866 Considera
1691 3811 1897 3884 globos
1922 3813 2031 3867 ho-

389 3896 592 3963 stium,
637 3896 792 3952 286
847 3895 950 3965 qui
1005 3894 1079 3950 ad
1137 3894 1634 3954 frumentatorum
1684 3900 2032 3972 praasidium

389 3986 609 4058 egressi
641 3985 876 4058 longius
906 4000 940 4040 a
961 3984 1169 4040 castris
1226 3987 1641 4044 constiterunt.
1689 3991 1949 4056 Quorum
1981 3993 2030 4047 si

387 4075 522 4148 quis
555 4076 781 4132 tardius
811 4074 886 4131 ad
937 4076 1192 4130 tentoria
1247 4092 1309 4131 se
1365 4078 1598 4150 recipit,
1656 4081 2030 4152 praastolatus

382 4167 656 4236 fortasse,
691 4166 879 4222 donec
901 4165 1362 4236 commilitones,
1384 4167 1558 4239 juxta
1577 4169 1733 4226 vicos
1753 4187 2031 4242 perscru-

385 4257 512 4327 tati,
533 4257 591 4312 in
624 4261 818 4312 castra
847 4255 1222 4324 recesserint,
1254 4257 1415 4312 hunc
1446 4258 1872 4317 circumvenire
1897 4279 2030 4334 pro-

383 4363 548 4418 pera.
580 4348 664 4402 Ac
696 4346 745 4403 si
778 4344 1219 4401 excubitoribus
1248 4346 1458 4418 peritis
1504 4348 1788 4405 adhibitis
1817 4367 2028 4407 nume-

382 4453 517 4492 rum
557 4437 819 4492 hostium
864 4435 925 4490 in
977 4436 1090 4492 hoc
1145 4436 1318 4509 globo
1370 4439 1818 4509 persistentium
1875 4441 2028 4498 inire

382 4531 686 4598 potes,per
708 4527 994 4598 majorem
1006 4542 1324 4582 numerum
1344 4527 1603 4583 virorum
1620 4529 1941 4586 valentium
1959 4547 2031 4586 ex

384 4614 684 4685 equitibus
715 4615 1040 4670 electorum
1068 4614 1318 4670 insidias
1347 4615 1696 4672 adversariis
1725 4617 2030 4675 faciendas

387 4703 644 4770 curabis,
679 4702 947 4776 delegato
977 4703 1050 4759 ad
1068 4704 1180 4760 hoc
1211 4704 1488 4777 prmfecto
1518 4711 1760 4762 strenuo
1783 4723 1851 4764 ac
1877 4708 2030 4780 peri-

386 4791 637 4849 tissimo.
669 4793 726 4847 Is
754 4809 975 4865 paucos
1023 4793 1315 4864 quosdam
1373 4810 1442 4849 ex
1499 4796 1622 4851 suis
1677 4797 2030 4854 vestimenta

382 4881 606 4936 rustica
634 4881 882 4939 induere
905 4883 1152 4954 jubeat:
1197 4884 1290 4939 his
1320 4884 1646 4941 admisceat
1674 4885 1902 4958 aliquot
1929 4903 2025 4943 re-

383 4984 520 5024 vera
547 4985 808 5042 paganos
836 4977 1012 5043 atque
1044 4972 1353 5044 agricolas.
1385 4974 1604 5029 Omnes
1637 4979 1835 5029 autem
1866 4975 2025 5031 iner-

2137 3815 2415 3893 συλλογήν
2449 3820 2650 3891 χρειῶν
2710 3815 3224 3890 ἀποστελλομένους
3283 3821 3780 3892 παραχωροῦντας,

2133 3900 2224 3958 xui
2266 3902 2466 3974 ταύτην
2494 3903 2594 3972 τὴν
2624 3901 2840 3979 ἐνέδραν
2871 3905 2948 3966 εἰς
2982 3900 3194 3979 βλάϐην
3252 3905 3430 3960 αὐτῶν
3481 3903 3782 3977 ἐπινοήσα-

2136 3993 2255 4046 σθαι
2289 3987 2465 4046 δεῖτᾶ
2520 3989 2730 4069 φοῦλκα
2789 3989 3152 4064 διασκοπῆσαι
3205 3998 3314 4050 τῶν
3373 3992 3681 4069 πολεμίων,
3711 3995 3784 4050 τὰ

2135 4079 2213 4142 εἰς
2243 4081 2491 4157 φυλακὴν
2525 4079 2700 4136 αὐτῶν
2751 4081 3081 4158 έξερχόμενα
3132 4082 3223 4138 καὶ
3281 4083 3472 4160 ποῤῥω
3500 4088 3598 4139 τοῦ
3630 4107 3786 4164 φωσ-

2134 4168 2296 4224 σάτου
2327 4167 2605 4240 ἱστάμενα.
2640 4169 2738 4223 Καὶ
2789 4171 2908 4224 οἷον
2942 4168 2990 4242 ἐξ
3024 4168 3198 4224 αὐτῶν
3259 4167 3586 4246 βραδύτερον
3645 4170 3785 4226 ὁπο-

2134 4258 2347 4335 στρέφει
2381 4256 2456 4320 εἷς
2486 4256 2584 4320 τὰς
2643 4258 2846 4330 σκηνὰς
2905 4259 3109 4329 αὐτῶν,
3170 4256 3301 4323 ἴσως
3352 4263 3645 4335 καρτεροῦν
3679 4257 3786 4324 ἕως

2135 4355 2188 4410 οἱ
2236 4355 2304 4410 τὰ
2357 4353 2593 4426 πλησίον
2655 4355 2830 4412 αὐτῶν
2889 4357 3077 4434 χωρία
3132 4355 3518 4433 άνερευνῶντες
3570 4358 3781 4434 ἑταῖροι

2134 4445 2270 4518 πρὸς
2305 4444 2398 4506 τὰς
2453 4445 2656 4514 σκηνὰς
2713 4444 2890 4502 αὐτῶν
2952 4446 3376 4524 ὑποστρέφουσι,
3440 4447 3561 4503 κατ’
3616 4447 3786 4505 αὐτοῦ

2134 4531 2437 4608 ἐνεδρεῦσαι
2465 4533 2775 4610 έπείχθητι.
2822 4535 2920 4592 Καὶ
2978 4533 3050 4592 δι’
3103 4535 3376 4612 ἐμπείρων
3438 4537 3785 4614 βιγλατόρων

2135 4621 2184 4677 εἲ
2213 4619 2432 4678 δυνατὸν
2492 4625 2859 4699 στοχάσασθαι
2915 4626 3015 4695 τὴν
3077 4626 3359 4697 ποσότητα
3416 4631 3525 4680 τῶν
3585 4625 3662 4686 εἷς
3717 4629 3782 4685 τὸ

2135 4711 2376 4786 φοῦλκον
2406 4711 2710 4787 ἱσταμένων
2751 4711 3057 4787 πολεμίων,
3115 4713 3205 4769 καὶ
3253 4735 3462 4770 τουτων
3521 4715 3785 4781 πλείονας

2138 4798 2418 4874 μαχίμους
2451 4798 2647 4877 ἄνδρας
2703 4807 2810 4857 τῶν
2869 4801 3076 4858 ἱππέων
3139 4801 3548 4877 ἀπολεξάμενος
3605 4803 3779 4882 λόχον

2132 4883 2375 4960 γενέσθαι
2420 4891 2537 4950 τοῖς
2594 4885 2824 4962 ἐχθροῖς
2883 4889 3309 4962 παρασκευάσεις
3343 4930 3359 4957 ,
3417 4888 3666 4966 ἀρχηγὸν
3726 4889 3780 4946 ιν

2134 4972 2318 5040 αὐτοῖς
2370 4974 2599 5053 ἐφιστῶν
2655 4974 2900 5054 ἀνδρεῖον
2959 4977 3050 5033 καὶ
3117 4975 3534 5054 ἐμπειρότατον.
3596 4983 3786 5057 Διορί-

382 5075 510 5114 mes
541 5075 669 5116 esse
703 5061 940 5130 debent,
971 5062 1266 5134 capitibus
1295 5063 1494 5130 nudis,
1528 5064 1802 5119 nonnulli
1845 5065 2025 5122 etiam

2136 5065 2322 5128 σασθαί
2351 5085 2410 5122 τε
2440 5065 2598 5122 αὐτὸν
2649 5065 2870 5142 ὀλίγους
2897 5067 3045 5131 τινὰς
3067 5071 3167 5122 τοῦ
3199 5068 3291 5122 ὑπ’
3321 5068 3479 5124 αὐτὸν
3513 5069 3649 5125 λαοῦ
3691 5091 3788 5147 χι-

384 5147 752 5206 discalceati:
777 5151 974 5206 cuncti
1001 5151 1170 5222 equis
1197 5152 1548 5219 insidentes,
1562 5153 1806 5210 baculos
1822 5171 2027 5228 geren-

384 5243 473 5294 tes
495 5238 820 5296 admodum
840 5239 1072 5308 breves,
1095 5241 1168 5297 ad
1189 5241 1484 5298 fallendos
1499 5243 1701 5299 hostes
1729 5243 2027 5316 fidemque

379 5328 502 5383 illis
520 5329 877 5397 faciendam,
910 5347 1031 5385 non
1061 5346 1124 5386 se
1146 5346 1274 5387 esse
1303 5330 1375 5386 de
1400 5333 1680 5402 exercitu,
1713 5332 1819 5387 sed
1848 5349 2029 5405 paga-

382 5435 492 5475 nos
523 5418 836 5491 quosdam,
868 5419 969 5490 qui
1009 5434 1281 5476 casarum
1312 5420 1588 5477 custodes
1614 5421 2017 5494 appellentur.

2134 5158 2308 5217 τῶνας
2330 5151 2687 5232 ἁάφιάσασθαι
2717 5155 2765 5191 ⁸⁷
2815 5159 3092 5232 γεωργῶνο
3154 5156 3419 5231 συμμίξαι
3475 5177 3536 5214 τε
3601 5158 3788 5222 αὐτοῖς

2135 5248 2202 5318 τῇ
2235 5242 2468 5317 ἀληθείᾳ
2521 5245 2610 5300 καί
2639 5265 2786 5309 τινας
2817 5250 2926 5301 τῶν
2985 5245 3228 5322 ἀγροτῶν
3288 5250 3380 5303 xui
3426 5254 3776 5326 γεωργικῶν.

2136 5331 2409 5396 ’Δόπλους
2461 5331 2520 5388 δὶ
2546 5335 2749 5398 πάντας
2816 5337 2976 5406 εἶναι,
3038 5335 3129 5391 xui
3183 5336 3279 5400 τὰς
3337 5337 3576 5414 κεφαλὰς
3628 5339 3784 5396 ἀσκέ-

2133 5442 2270 5485 πους
2304 5441 2319 5456 ⁸
2373 5427 2524 5486 τινὰς
2575 5420 2633 5480 δὲ
2716 5422 2809 5480 καὶ
2895 5421 3290 5490 ἀνυποδέτους*
3377 5425 3645 5492 ἰωίππους
3725 5425 3782 5484 δὶ

1575 5573 1635 5630 C.
1677 5572 1740 5630 Β.
1781 5572 1978 5630 HASII
2009 5572 2568 5650 ANNOTATIONES.

445 5711 492 5752 ⁸⁷
523 5710 915 5792 ἀμφιάσασθαι.
951 5713 1033 5772 De
1066 5713 1178 5772 hac
1203 5710 1398 5769 forma
1412 5711 1526 5776 vid.
1558 5713 1786 5775 Albert.
1815 5715 1892 5775 ad
1919 5717 2026 5776 Hes

2136 5735 2170 5777 ι.
2200 5720 2244 5776 Ι.
2275 5723 2402 5780 205.
2426 5723 2496 5780 Λ.
