4078 6204
357 366 479 426 985

1621 360 2042 424 VELITATIO
2084 360 2443 424 BELLICA.

3648 358 3767 419 986

361 497 621 567 ἅπαντας,
654 491 969 566 ξυλοκόντια
998 494 1043 530 ⁸⁸
1090 491 1426 569 κατέχοντας
1469 494 1608 548 πάνυ
1650 495 1836 561 κοντα,
1868 494 2002 566 πρὸς

2120 495 2320 567 Neque
2352 511 2482 551 esse
2508 493 2728 550 debent
2758 492 2892 565 plus
2922 490 3146 565 viginti.
3183 492 3298 547 Hos
3333 490 3673 547 introducat
3702 492 3763 546 in

360 587 423 640 τὸ
455 587 725 653 ἀπατῆσαι
782 583 911 645 τοὺς
941 581 1269 656 πολεμίους,
1327 581 1416 639 καὶ
1476 580 1630 656 δόξαν
1690 583 1876 645 αὐτοῖς
1908 581 2007 654 ἐμ-

361 679 610 745 ποιῆσαι,
657 674 732 735 ὼς
781 672 880 727 οὐκ
937 674 1042 728 εἷεν
1099 677 1196 728 τοῦ
1255 677 1510 748 στρατοῦ,
1566 670 1714 727 ἀλλά
1769 671 2008 748 γεωργοί

356 785 521 827 τινες,
556 764 609 818 οἱ
639 763 928 838 λεγόμενοι
962 759 1349 840 οἱκοφύλακες.
1383 763 1479 831 Μὴ
1534 760 1758 824 πλείους
1798 760 1855 817 δὲ
1882 761 2011 816 τού-

355 873 486 914 τους
537 852 671 907 εἶναι
721 854 832 906 τῶν
892 848 1087 907 εἴκοσι.
1157 850 1478 927 Εἰσαγαγεῖν
1564 848 1621 905 δὲ
1703 849 1897 911 αὐτοὺς
1954 848 2007 904 ἐν

357 940 591 1017 χωρίοις
621 940 723 995 ἀνὰ
750 938 801 1011 ἔξ
859 940 895 1009 ἢ
954 940 1045 995 καὶ
1100 937 1361 1002 πλείονας
1420 936 1654 1009 πλησίον
1717 936 2004 1008 ἀλλήλων.

355 1027 587 1104 ἔχοντας
607 1031 779 1100 κτήνη
810 1029 935 1084 τινὰ
958 1026 1011 1083 ἐν
1040 1034 1158 1092 τοῖς
1191 1028 1378 1091 αὐτοῖς
1432 1028 1689 1102 χωρίοις,
1732 1025 1840 1081 εἴτε
1874 1026 2007 1082 ὑπο-

354 1120 517 1197 ζύγια
555 1121 639 1193 [Ρ.
706 1122 828 1194 153]
880 1120 988 1175 εἶεν
1032 1120 1123 1174 καὶ
1212 1119 1357 1194 βόες,
1425 1115 1721 1173 εἴθ”ίπποι
1775 1136 1835 1173 τε
1915 1116 2008 1170 καὶ

351 1209 601 1283 ⁴ἡμίονοι.
634 1208 769 1283 Περὶ
801 1206 858 1264 δὲ
914 1206 1167 1279 ἑνδεκάτη
1205 1206 1348 1282 ὥραν
1405 1214 1506 1277 τῆς
1563 1204 1773 1281 ἡμέρας
1832 1202 2010 1278 διορί-

353 1308 550 1362 σασθαι
604 1298 805 1359 αὐτοὺς
859 1296 1254 1377 ἐμφανισθῆναι
1330 1301 1448 1358 τοῖς
1504 1293 1821 1371 πολεμίοις,
1901 1294 2008 1349 ἀπὸ

352 1385 569 1466 χωρίου
624 1386 701 1448 εἷς
747 1383 930 1461 ἕτερον
988 1386 1197 1465 χωρίον
1250 1383 1533 1460 δρομαίως
1591 1381 2008 1463 εἰσερχομένους

350 1475 443 1533 καὶ
475 1475 953 1551 περισπωμένους,
1013 1476 1163 1537 ὅπως
1218 1476 1285 1531 τὰ
1340 1477 1513 1545 κτήνη
1573 1474 1752 1529 αὐτῶν
1805 1472 2010 1529 ἀναλά-

354 1561 581 1636 ϐωνται,
636 1566 730 1621 καὶ
787 1566 926 1640 πρὸς
982 1566 1048 1621 τὰ
1093 1564 1438 1644 ὀχυρώματα
1470 1561 1802 1618 διασώσωσι’
1864 1563 2009 1621 Τού-

351 1676 479 1718 τους
510 1656 688 1712 τοίνυν
720 1656 881 1725 ἡνίκα
912 1656 962 1711 οἱ
1006 1655 1082 1717 εἰς
1140 1655 1203 1710 τὸ
1257 1652 1498 1734 φοῦλκον
1527 1653 1810 1727 ἱστάμενοι
1839 1651 2009 1708 πολέ-

358 1767 483 1820 μιοι
515 1746 836 1810 θεάσωνται,
865 1746 931 1800 τὰ
980 1744 1074 1818 μὲν
1131 1749 1239 1799 τῶν
1298 1748 1510 1814 κτηνῶν
1576 1742 1754 1797 αὐτῶν
1811 1740 2010 1816 παρέλ-

352 1855 568 1903 κοντας,
602 1836 668 1890 τὰ
699 1832 757 1889 δὲ
813 1831 1236 1902 ἀπελαύνοντας,
1286 1832 1379 1888 καὶ
1436 1832 1675 1909 ἀγρότας
1734 1833 1868 1887 εἶναι
1916 1832 2008 1886 καὶ

352 1926 636 2002 γεωργοὺς
666 1924 894 1985 τούτους
918 1924 1382 1994 ὑποτοπήσουσιν,
1414 1922 1665 1997 ἀκρατῶς
1716 1921 1807 1977 καὶ
1864 1921 2004 2001 ἀφυ-

351 2011 573 2075 λάκτως
627 2014 856 2074 τούτους
902 2010 1272 2082 ἐπιδιώξουσι.
1319 2012 1654 2087 Διωκόμενοι
1712 2008 1769 2066 δὲ
1820 2013 1871 2066 οἱ
1937 2012 2002 2068 τὸ

356 2110 555 2181 σχῆμα
584 2109 692 2159 τῶν
751 2101 1136 2181 οἶκοφυλάκων
1190 2102 1281 2158 καὶ
1367 2107 1629 2178 γεωργῶν
1687 2098 2000 2170 ὑποδύντες,

351 2190 720 2250 σπουδάσουσι
748 2188 1100 2262 καταλαϐεῖν,
1132 2190 1184 2247 ἐν
1213 2193 1259 2265 ᾧ
1303 2192 1365 2247 τὸ
1397 2189 1691 2269 ἔγκρυμμα
1754 2189 2000 2247 ’ίσταταιο

348 2282 441 2338 καὶ
472 2284 700 2344 τούτους
728 2284 780 2338 οἱ
809 2281 1076 2356 πολέμιοι
1122 2278 1411 2343 διώκοντες
1456 2286 1876 2357 περιπεσοῦνται
1931 2283 2000 2354 τῇ

347 2369 532 2447 ἐνέδρᾳ
580 2370 1079 2452 ἀπαραφυλάκτως.
1159 2373 1323 2430 Ἐπὰν
1382 2370 1439 2428 δὲ
1523 2379 1641 2434 τοῖς
1720 2372 2002 2453 λοχήσασι

345 2462 802 2539 προσεγγίσωσιν,
835 2462 1082 2535 εὐτάκτῳ
1114 2461 1264 2541 φρενὶ
1294 2463 1341 2499 ⁶⁹
1395 2460 1488 2517 καὶ
1547 2463 1697 2537 ὁρμῇ
1727 2464 1853 2520 κατ’
1900 2464 2003 2520 αῦ-

346 2555 455 2605 τῶν
513 2552 565 2604 οἱ
621 2555 867 2607 τοιοῦτοι
923 2548 1331 2629 ἐφορμήσαντες
1392 2548 1843 2627 συῤῥαγητωσαν.
1896 2553 2000 2610 Καὶ

347 2636 518 2709 δῆλον
576 2639 651 2701 ὡς
708 2640 809 2695 οὐκ
864 2638 1277 2710 ἀντιστήσονται
1333 2637 1430 2694 κᾶν
1487 2640 1626 2714 πρὸς
1701 2641 1897 2715 μικρὸν
1949 2642 2001 2697 οἱ

344 2726 630 2803 πολέμιοιο
687 2726 835 2784 ἀλλὰ
888 2733 1033 2785 νῶτα
1120 2726 1301 2790 δόντες
1353 2727 1560 2784 πολλοὶ
1628 2730 1838 2786 τούτων
1910 2731 2000 2786 καὶ

344 2817 811 2891 ἀναιρεθήσονται,
880 2817 999 2877 καὶν
1048 2814 1397 2891 δορυάλωτοι
1447 2820 1785 2895 γενήσονται.
1823 2820 1887 2877 Εἰ
1945 2818 2002 2876 δὲ

345 2907 605 2986 σύνεγγυς
638 2909 666 2962 ὁ
699 2913 886 2986 χῶρος
919 2904 1005 2978 εἴη
1038 2914 1138 2977 τῆς
1171 2912 1278 2963 τῶν
1337 2906 1551 2986 ἐχθρῶν
1611 2915 1889 2983 στρατιᾶς,
1945 2907 1999 2965 ἐν

345 2998 392 3069 ᾧ
421 2997 486 3052 τὰ
518 2994 704 3052 τοιάδε
729 2994 993 3066 τελεῖται,
1029 2995 1120 3052 καὶ
1151 2995 1364 3066 πλῆθος
1421 3002 1519 3053 τοῦ
1579 2996 1717 3053 λαοῦ
1766 3004 1874 3053 τῶν
1903 3019 1998 3054 πο-

346 3084 555 3160 λεμίων
602 3086 678 3147 εἷς
708 3083 986 3157 ἐκδίκησιν
1033 3092 1142 3142 τῶν
1201 3083 1548 3160 διωκομένων
1597 3085 1826 3157 ἐξέλθοι,
1885 3090 1998 3167 χρὴ

344 3176 437 3230 τὸν
467 3175 775 3252 στρατηγὸν
801 3175 896 3231 καὶ
926 3171 1144 3231 ὄπισθεν
1183 3184 1284 3245 τῆς
1341 3176 1603 3246 τοιαύτης
1664 3174 1877 3251 ἐνέδρας
1908 3178 2000 3233 καὶ

2118 584 2299 652 vicos,
2357 602 2531 641 senos
2589 583 2789 652 simul,
2823 588 2926 639 aut
2957 582 3135 637 etiam
3190 582 3413 653 plures,
3439 582 3522 637 ita
3551 587 3615 635 ut
3645 597 3765 635 non

2118 672 2293 743 longe
2316 674 2473 729 inter
2493 690 2554 729 se
2578 673 2818 739 distent,
2830 672 3223 743 jumentaque
3255 670 3513 726 habeant
3538 670 3599 725 in
3619 669 3765 742 ipsis

2117 764 2287 831 vicis,
2315 765 2434 820 sive
2456 766 2584 820 haec
2611 765 2872 820 veterina
2903 764 3023 818 sint
3052 779 3118 818 ac
3140 762 3338 829 boves,
3368 763 3487 816 sive
3518 762 3654 832 equi
3710 766 3770 817 et

2117 856 2290 912 muli.
2325 858 2441 912 Hos
2460 857 2696 929 jubeat,
2728 856 2886 913 circa
2942 854 3322 911 undecimam
3382 854 3591 909 horam
3649 853 3769 908 diei

2118 946 2390 1002 hostibus
2415 963 2476 1002 se
2502 946 2564 1002 in
2589 952 2972 1018 conspectum
2997 945 3159 1014 dare,
3183 951 3242 1000 et
3268 961 3305 1000 a
3331 945 3458 999 vico
3480 943 3555 999 ad
3574 942 3767 998 vicum

2117 1036 2489 1107 trepidanter
2504 1036 2837 1092 discurrere
2860 1036 3119 1106 satisque
3145 1051 3340 1108 agere,
3362 1034 3529 1106 quasi
3552 1048 3769 1104 pecora

2119 1141 2226 1181 sua
2256 1126 2404 1181 237
2440 1126 2580 1181 inde
2602 1130 2869 1197 repetere
2896 1126 3075 1196 inque
3098 1124 3231 1180 loca
3254 1124 3486 1180 munita
3508 1121 3766 1195 compel-

2116 1214 2241 1270 lere
2268 1214 2471 1270 velint.
2506 1216 2717 1271 Hostes
2773 1214 3058 1287 globatim
3113 1213 3493 1278 excubantes,
3526 1211 3624 1267 ubi
3655 1212 3766 1266 hos

2119 1304 2336 1376 partim
2366 1321 2584 1377 pecora
2615 1321 2721 1361 sua
2768 1304 3204 1376 protrahentes,
3263 1303 3477 1375 partim
3534 1307 3671 1357 ante
3701 1318 3764 1356 se

2119 1401 2364 1468 agentes
2382 1394 3117 1468 conspexerint,agricolas
3138 1411 3239 1450 eos
3270 1399 3328 1449 et
3354 1409 3612 1465 paganos
3634 1408 3764 1447 esse

2119 1485 2460 1550 rati,effuse
2482 1491 2660 1557 atque
2684 1494 2907 1541 temere
2931 1483 3066 1539 illos
3082 1487 3535 1555 persequentur.
3568 1480 3637 1536 Hi
3669 1481 3770 1551 qui

2120 1573 2434 1629 custodum
2468 1579 2526 1630 et
2556 1574 2950 1647 agricolarum
2981 1589 3298 1645 personam
3358 1573 3768 1642 susceperunt,

2121 1663 2169 1719 si
2201 1663 2900 1735 agitantur,festinabunt
2929 1662 3127 1718 locum
3152 1661 3410 1733 assequi,
3441 1660 3541 1716 ubi
3576 1659 3765 1714 laten-

2123 1757 2210 1808 tes
2232 1752 2419 1822 copiaa
2450 1752 2856 1808 consederunt
2878 1768 2892 1806 :
2914 1768 3065 1823 quos
3085 1752 3287 1806 hostes
3318 1753 3768 1821 persequentes,

2122 1840 2534 1912 imprudentes
2595 1841 2659 1896 in
2718 1840 2968 1896 insidias
3023 1839 3310 1895 incident.
3342 1840 3487 1893 Nam
3516 1837 3620 1893 ubi
3679 1837 3772 1891 his

2118 1929 2869 2001 appropinquarint,nostri
2898 1930 3095 1985 animo
3125 1933 3409 1999 motuque
3438 1925 3768 1997 composito

2117 2019 2304 2075 coorti
2336 2019 2458 2075 illis
2487 2024 2821 2077 occurrant.
2856 2017 2943 2073 Ibi
2973 2017 3354 2090 perspicuum
3385 2020 3496 2085 est,
3518 2030 3593 2071 ne
3626 2019 3762 2069 tan-

2117 2108 2303 2180 tisper
2330 2107 2571 2179 quidem
2627 2110 2940 2164 restituros
2988 2108 3188 2164 hostes
3223 2123 3236 2161 :
3271 2104 3377 2162 sed
3421 2104 3558 2178 fuga
3612 2103 3768 2159 facta

2116 2196 2289 2253 multi
2320 2213 2526 2253 eorum
2557 2203 2615 2253 et
2640 2198 2989 2264 interibunt,
3023 2202 3083 2253 et
3112 2196 3326 2269 captivi
3376 2195 3544 2250 ﬂent.
3579 2191 3637 2247 Si
3670 2198 3755 2248 ta-

2116 2302 2320 2343 mena
2376 2285 2530 2354 loco,
2588 2286 2690 2341 ubi
2749 2288 2874 2342 haec
2926 2291 3233 2359 geruntur,
3283 2283 3440 2340 acies
3496 2282 3758 2337 hostium

2117 2374 2360 2447 pr0pius
2386 2374 3025 2446 abest,adversariique
3048 2390 3263 2446 magna
3282 2371 3665 2428 multitudine
3687 2367 3763 2425 ad

2117 2464 2373 2520 tuendos
2408 2480 2545 2519 suos
2574 2463 2871 2537 fugientes
2903 2481 2964 2519 se
2987 2463 3324 2528 effundunt,
3356 2461 3535 2518 debet
3580 2459 3700 2515 dux
3729 2473 3765 2514 a

2117 2558 2279 2625 tergo
2346 2553 2559 2609 harum
2608 2553 2959 2609 insidiarum
3017 2552 3267 2608 alteram
3317 2566 3563 2606 manum
3632 2548 3764 2602 loco

2118 2642 2333 2698 idoneo
2365 2642 2679 2712 collocare,
2741 2642 2801 2697 in
2861 2641 3130 2709 latibulo,
3182 2638 3342 2711 quod
3387 2655 3423 2695 a
3468 2635 3765 2710 prioribus

2119 2731 2352 2786 insidiis
2380 2731 2497 2787 duo
2525 2731 2718 2787 millia
2758 2747 3045 2803 passuum
3097 2728 3272 2785 absit.
3305 2730 3387 2784 Ac
3416 2728 3487 2795 si,
3518 2731 3584 2781 ut
3613 2742 3767 2797 pra;-

2120 2820 2398 2890 diximus,
2428 2821 2651 2877 milites
2675 2821 2943 2893 priorum
2973 2819 3327 2876 insidiarum
3374 2818 3459 2873 vis
3505 2815 3767 2871 hostium

2119 2911 2520 2984 persequitur,
2547 2911 2646 2983 qui
2681 2911 2742 2966 in
2773 2911 2960 2967 altero
2992 2909 3241 2965 latibulo
3273 2911 3431 2975 sunt,
3463 2905 3767 2962 evolantes

2119 3002 2181 3057 in
2214 3000 2369 3070 illos,
2412 3006 2538 3057 tum
2569 3000 3008 3058 commilitones
3044 2998 3380 3063 servabunt,
3412 3001 3536 3051 tum
3563 2995 3767 3050 adver-

2119 3091 2307 3147 sarios
2339 3091 2557 3147 damno
2608 3097 2667 3148 et
2694 3096 2883 3147 morte
2916 3090 3200 3146 atticient.
3241 3090 3364 3154 Quo
3406 3089 3765 3151 commento,

2120 3197 2154 3235 ο
2176 3180 2317 3247 dux,
2352 3178 2461 3236 sub
2493 3196 2771 3236 occasum
2803 3179 2947 3235 solis
2977 3182 3209 3250 oportet
3238 3177 3324 3232 uti
3357 3192 3370 3231 :
3400 3180 3485 3242 ut,
3530 3172 3764 3229 etiamsi

535 3232 544 3249 .
660 3232 703 3252 ..
1239 3232 1282 3245 ιν
1560 3232 1601 3246 σ-
1782 3232 1790 3251 ι
1864 3232 1875 3239 -
1934 3232 1937 3233 ν

342 3262 528 3339 ἕτερον
560 3262 693 3320 λαὸν
722 3265 890 3321 τόπον
919 3264 996 3325 εἰς
1046 3262 1357 3336 ἐπιτήδειον
1415 3266 1492 3327 εἰς
1541 3263 1838 3356 ἔγκρυμμα
1903 3288 2002 3322 κα-

2118 3269 2204 3324 vis
2235 3268 2498 3324 hostium
2532 3267 2913 3323 insidiatores
2930 3271 3157 3339 urgeat,
3186 3270 3387 3321 tamen
3417 3279 3536 3318 nox
3557 3276 3764 3331 super-

343 3362 632 3424 ταστῆσαι,
663 3352 871 3433 ἀπέχον
927 3360 1029 3424 τῆς
1084 3353 1353 3429 προτέρας
1388 3351 1600 3429 ἐνέδρας
1662 3353 1823 3428 μίλια
1876 3352 1992 3411 δύο.

346 3443 449 3499 Καὶ
518 3442 569 3498 εἷ’
624 3464 706 3520 γε,
767 3444 842 3504 ὡς
901 3440 1130 3523 ἔφημεν,
1180 3444 1307 3504 τοὺς
1365 3441 1416 3497 ἐν
1460 3446 1529 3516 τῇ
1561 3444 1754 3517 πρώτῃ
1813 3441 1997 3520 ἐνέδρᾳ

2106 3357 2349 3413 veniens
2370 3357 2667 3428 dirempto
2696 3356 2901 3428 praslio
2934 3356 3297 3412 incolumem
3327 3359 3488 3410 tuam
3517 3366 3762 3408 manum

2110 3451 2322 3502 servet.

354 3531 485 3594 λαὸς
515 3533 563 3569 ⁷ο
588 3536 695 3588 τῶν
728 3531 1014 3605 πολεμίων
1039 3530 1334 3603 ἐπιδιώξει,
1360 3532 1413 3587 οἱ
1440 3536 1537 3587 τοῦ
1563 3529 1813 3605 δευτέρου
1844 3533 2227 3610 ἐγκρύμματος
2268 3526 2619 3609 ἐξερχόμενοι
2675 3532 2791 3587 κατ’
2822 3531 2998 3588 αὐτῶν
3033 3530 3159 3594 τοὺς
3197 3530 3291 3603 μὲν
3324 3527 3560 3591 οἱκείους
3591 3547 3753 3601 περι-

350 3621 609 3690 σὼσουσι,
637 3619 764 3684 τοὺς
796 3618 852 3676 δὲ
882 3619 1192 3695 πολεμίους
1222 3620 1785 3694 κατατραυματίσουσι
1818 3623 1907 3678 καὶ
1943 3624 2331 3678 θανατώσουσι.
2365 3626 2456 3678 Δεῖ
2488 3623 2579 3677 οῦν
2635 3621 2735 3691 τὴν
2765 3620 3022 3693 τοιαύτην
3056 3621 3323 3697 μνχανήν,
3356 3621 3400 3675 ὧ
3454 3618 3746 3694 στρατηγὶ,

351 3708 480 3785 περὶ
517 3706 722 3783 δυσμὰς
743 3708 910 3780 ἡλίου
941 3710 1344 3786 ἐξεργάσασθαυ
1376 3710 1487 3783 ἳνα,
1521 3710 1607 3766 ἐὰν
1657 3708 1848 3783 πλήθη
1880 3710 2165 3786 πολεμίων
2199 3710 2492 3769 ἐπίθωνται
2511 3716 2627 3776 τοῖς
2660 3710 2711 3767 ἐν
2741 3715 2810 3786 τῇ
2843 3709 3048 3789 ἐνέδρα,
3080 3714 3115 3783 ἠ
3146 3710 3237 3782 νὺξ
3260 3704 3647 3766 καταλαϐοῦσα
3666 3705 3757 3764 καὶ

346 3799 443 3855 τὸν
473 3799 724 3874 πόλεμον
759 3795 1080 3871 διαὸύσασα,
1111 3795 1332 3870 ἀϐλαϐῆ
1364 3801 1459 3857 τὸν
1495 3800 1599 3857 ὑπὸ
1630 3802 1687 3857 σὲ
1719 3800 1850 3857 λαὸν
1880 3799 2205 3879 διατηρήσῃ.

421 3947 580 4003 ΚΕΦ.
650 3945 749 4003 ΙΘ’.
803 3945 934 4039 Περὶ
990 3945 1371 4039 καταστάσεως
1437 3945 1528 4033 καὶ
1591 3944 1924 4017 ἐξοπλίσεως

805 4018 896 4072 καὶ
941 4018 1242 4094 γυμνασίας
1275 4023 1530 4093 στρατοῦ.

420 4149 487 4208 Εἰ
548 4144 605 4206 δέ
664 4171 727 4227 γε
788 4147 1123 4226 θαρῥησουσι
1188 4154 1418 4227 κοῦρσον
1476 4148 1832 4232 διαχωρίσαι,
1908 4154 1998 4208 εύ-

346 4244 496 4318 φυῶς
529 4240 575 4274 ⁷⁸
607 4234 689 4295 δεῖ
717 4260 774 4295 σε
814 4240 1043 4302 τούτους
1075 4237 1551 4311 ἐπιτηδεύσασθαι,
1585 4240 1998 4299 ἀποστέλλοντα

342 4333 451 4382 τῶν
483 4328 585 4383 ὑπὸ
618 4326 676 4382 σέ
711 4349 830 4384 τινα
860 4326 1078 4405 ἀνδρείᾳ
1124 4329 1215 4384 καὶ
1275 4327 1535 4405 ἐμπειρίᾳ
1588 4330 1999 4406 κεκοσμημένον

349 4417 484 4490 μετὰ
514 4415 971 4493 καθωπλισμένου
1003 4416 1141 4473 λαοῦ
1171 4419 1262 4474 καὶ
1294 4417 1669 4494 ἐξαρκοῦντος,
1723 4422 1851 4482 τοὺς
1911 4418 1999 4476 δι·-

2108 3938 2262 3996 288
2294 3938 2427 3995 CAP.
2460 3937 2600 3994 XIX.
2637 3940 2714 3995 De
2740 3940 3226 4065 statyharmatura
3272 3943 3325 3995 et
3354 3932 3758 3995 exercitatione

2792 4026 2869 4065 ma
2894 4026 2913 4065 ι
2943 4026 3059 4065 um.

2792 4026 3059 4068 mimum.

2184 4160 2299 4217 Sed
2326 4161 2375 4216 si
2399 4160 2623 4217 audent
2665 4161 3006 4217 catervatim
3028 4159 3391 4232 praedatores
3420 4175 3456 4213 a
3484 4174 3545 4213 se
3563 4156 3763 4228 dispa-

2110 4266 2268 4319 rare,
2293 4250 2476 4306 debes
2520 4252 2629 4306 hos
2660 4250 2903 4307 solertia
2932 4249 3198 4306 adhibita
3252 4247 3552 4315 invadere,
3582 4246 3765 4302 misso

2109 4355 2229 4396 uno
2260 4340 2333 4395 de
2367 4338 2488 4394 illis
2520 4339 2622 4411 qui
2672 4339 2781 4395 sub
2840 4344 2895 4395 te
2952 4338 3234 4407 militant,
3270 4338 3507 4393 homine
3552 4336 3766 4389 virtute

2117 4434 2297 4501 atque
2329 4445 2442 4484 usu
2472 4428 2747 4501 praedito,
2779 4444 2915 4484 cum
2947 4433 3175 4483 armata
3204 4442 3384 4482 manu
3414 4441 3544 4496 quas
3593 4422 3759 4478 suffl-

346 4503 764 4580 εσκεδασμένους
816 4512 924 4563 τῶν
953 4504 1240 4582 πολεμίων
1296 4506 1676 4587 κατατρέχειν,
1736 4508 1827 4565 καὶ
1856 4509 2001 4564 ἀναι-

2117 4518 2249 4586 ciat,
2279 4517 2483 4573 hostes
2505 4517 2809 4588 dispersos
2841 4516 3146 4583 insectari,
3179 4514 3470 4580 occidere,
3503 4512 3761 4585 captivos

346 4601 475 4671 ρεῖν,
499 4595 590 4651 καὶ
651 4592 936 4669 δεσμώτας
988 4601 1183 4652 ποιεῖν.
1223 4601 1331 4651 Σοῦ
1391 4594 1447 4653 δὲ
1508 4595 1786 4672 μηδέποτε
1838 4620 1999 4656 κατα-

344 4684 522 4743 λυέτω
552 4688 587 4758 ἢ
617 4687 934 4762 παράταξις
963 4684 1075 4755 ἵνα,
1107 4686 1152 4742 εί
1188 4681 1373 4763 συμϐῇ
1401 4686 1666 4767 φούλκοις
1713 4687 1998 4764 πολεμίων

343 4780 660 4854 περιτυχεῖν
688 4773 903 4845 πλῆθος
935 4772 1129 4854 ἔχουσι
1164 4778 1246 4848 [Ρ.
1288 4779 1409 4849 134]
1444 4773 1604 4845 λαοῦ,
1653 4777 1790 4853 πρὸς
1821 4776 1998 4857 φυλα-

342 4866 444 4934 κὴν
473 4861 689 4936 δηλαδὴ
722 4870 830 4921 τῶν
859 4862 1185 4934 ἐξελθόντων
1214 4862 1501 4938 πολεμίων
1536 4864 1995 4938 ἐπακολουθοῦσι,

344 4957 444 5024 τήν
502 4950 639 5009 ἰδίαν
720 4948 866 5032 ἔχων
943 4955 1240 5029 παράταξιν
1300 4954 1712 5030 συνισταμένην,
1752 4956 1999 5031 πόλεμον

349 5046 484 5119 μετᾶ
516 5049 613 5100 τοῦ
644 5042 888 5124 φούλκου
933 5046 1214 5102 συνάπτων
1245 5052 1631 5123 στρατηγικῶς
1662 5046 1754 5102 καὶ
1813 5046 2000 5121 ἐμπεί-

348 5153 480 5209 ρως,
512 5133 586 5195 ὡς
616 5132 921 5208 ἐξεθέμεθα,
952 5134 1300 5212 καταγωνίσῃ
1362 5136 1613 5204 τούτους,
1646 5137 1737 5192 καὶ
1798 5135 1999 5210 τελείῳ

345 5220 678 5299 παραδώσῃς
708 5223 1015 5304 ἀφανισμῷ.
1050 5228 1233 5283 Ταῦτα
1294 5222 1351 5280 δὲ
1410 5225 1486 5287 εἰς
1537 5227 1637 5297 τήν
1682 5227 1780 5296 σήν
1826 5225 2000 5306 ἀσφά-

347 5310 519 5383 λειαν,
549 5313 594 5368 ὧ
633 5314 927 5392 στρατηγέ,
957 5314 1048 5369 καὶ
1097 5318 1197 5370 τοῦ
1257 5311 1395 5370 λαοῦ
1453 5312 1823 5395 φυλάττεσθαι
1897 5316 2000 5371 ὑπ·-

2107 4606 2323 4665 facere.
2352 4609 2552 4679 Neque
2582 4612 2783 4663 tamen
2813 4611 2877 4661 tu
2932 4610 3093 4660 tuam
3122 4603 3312 4659 aciem
3346 4601 3534 4657 solvas
3569 4604 3672 4657 :ut
3701 4598 3750 4655 si

2107 4697 2409 4765 accidit,te
2439 4698 2501 4751 in
2522 4696 2729 4769 globos
2758 4695 3018 4751 hostium
3048 4710 3298 4750 numero
3320 4693 3584 4749 valentes
3608 4692 3758 4748 inci-

2110 4786 2272 4851 dere,
2296 4786 2399 4858 qui
2428 4785 2694 4857 praasidii
2729 4801 2907 4841 causa
2928 4783 3293 4856 praedatores
3316 4782 3567 4838 insecuti
3617 4781 3760 4851 sint,

2109 4879 2210 4930 tua
2231 4874 2357 4930 acie
2390 4873 3037 4944 instructa.prmlioque
3068 4888 3203 4927 cum
3232 4871 3406 4944 globo
3427 4871 3554 4937 illo,
3576 4869 3762 4925 bono-

2108 4978 2242 5018 rum
2275 4961 2494 5017 ducum
2526 4977 2691 5016 more
2722 4977 2791 5017 ac
2821 4961 3031 5032 perite,
3062 4964 3130 5015 ut
3158 4960 3559 5032 exposuimus,
3590 4976 3762 5014 com-

2110 5050 2625 5125 misso,expugnes
2655 5048 2881 5118 illos,et
2907 5048 3176 5105 funditus
3197 5048 3272 5104 ad
3293 5048 3763 5105 internecionem

2111 5141 2334 5198 deleas.
2355 5142 2491 5197 Haac
2521 5146 2659 5209 tum,
2692 5157 2725 5196 ο
2757 5139 2896 5209 dux,
2930 5140 3309 5211 militumque
3336 5144 3574 5196 tuorum
3605 5138 3761 5195 salu-

2114 5228 2190 5285 tis
2223 5229 2643 5286 conservandas
2674 5245 2854 5286 causa
2894 5230 3259 5297 monuimus,
3292 5226 3342 5284 si
3375 5228 3616 5301 quidem
3647 5233 3762 5283 tua:

2110 5319 2296 5393 copias
2326 5336 2520 5392 parvaa
2552 5324 2711 5389 sunt,
2743 5324 2804 5378 et
2825 5324 3127 5390 tenues,ut
3154 5318 3404 5377 hostiles
3433 5318 3554 5375 illis
3575 5316 3764 5392 pluri-

1520 5459 1581 5514 C.
1614 5459 1680 5516 Β.
1712 5460 1900 5516 HASII
1921 5462 2482 5520 ANNOTATIONES.

418 5598 835 5684 “ﬁulozg‘ytia‘.
868 5598 961 5684 §ic
983 5598 1135 5684 verti
1164 5614 1301 5684 cum
1331 5598 1591 5684 Du_c_ang.
1626 5602 1811 5662 Gloss.
1871 5604 1916 5663 Ι.
1969 5608 1993 5661 1

2117 5650 2128 5664 .
2162 5606 2279 5665 nisi
2308 5606 2423 5680 leg.
2478 5599 2818 5678 ευΑακόντια,
2849 5605 2898 5644 ⁸⁸
2923 5605 3101 5684 φρενί.
3129 5606 3289 5664 Fort.
3322 5604 3489 5681 φορᾷ.
3525 5602 3572 5640 ⁷⁰
3597 5599 3758 5675 λαὸς]

356 5668 528 5738 Λαούς
560 5673 732 5731 codd.
765 5670 813 5709 ⁷⁸
843 5668 1079 5749 εὐφυῶς]
1104 5670 1294 5752 ἀφυῶς
1316 5673 1487 5741 codd.
