4112 6208
394 372 512 435 989

1671 375 2091 443 VELITATIO
2134 373 2452 435 BELLlCA
2465 413 2482 433 .

3680 369 3801 433 990

397 502 424 555 6
453 506 550 557 τοῦ
578 503 839 576 θεματος,
872 503 922 561 εἴ
946 506 1022 578 μή
1060 505 1225 579 μόνον
1279 512 1377 564 τοῦ
1431 515 1756 588 στρατηγοῦ,
1790 510 1848 566 δν
1880 513 1906 567 6
1943 512 2033 587 βα-

2162 508 2223 563 in
2253 506 2555 580 provincia
2570 505 2701 560 lites
2726 503 3189 569 administraret,
3214 501 3393 556 simul
3423 501 3721 556 assidente
3745 507 3803 557 et

396 588 582 654 σιλευς
615 594 643 646 ὁ
674 592 827 668 ἆγιης
859 593 915 649 ἐν
947 595 1095 668 αὐτῷ
1140 598 1550 675 προχειρίζεται
1581 624 1595 670 ;
1628 600 1725 655 Διά
1753 605 1913 655 τοῦτο
1943 598 2045 673 γὰρ

394 677 483 732 καί
516 680 621 734 ἀπὸ
673 682 772 736 τῶν
806 684 1187 759 ἀρχαιοτάτων
1248 688 1536 760 Ῥωμαίων
1591 689 1681 743 καὶ
1738 694 1834 744 τοῦ
1873 688 2046 760 νόμου

392 769 493 837 τήν
525 774 625 824 τοῦ
658 767 803 825 ίδίου
829 774 1062 846 θεματος
1094 773 1333 848 ἐξουσίαν
1358 777 1385 831 6
1438 778 1739 853 στρατηγὸς
1767 776 2045 848 ἐκέκτητο,

394 857 599 933 κρίνων
656 859 785 924 τοὺς
843 860 1205 937 ἐγκαλοῦντας
1292 865 1380 921 ἐπὶ
1447 874 1858 944 στρατιωτικοῖς
1908 867 2046 943 πρά·

390 967 582 1021 γμασι,
615 948 704 1004 καὶ
762 946 989 1006 διοικῶν
1047 955 1113 1007 τὰ
1172 951 1226 1009 ἐν
1283 960 1365 1027 τῷ
1419 957 1611 1029 θεματι
1654 957 2044 1027 ἀνακύπτοντα,

391 1031 538 1110 ἔχων
573 1039 823 1115 συνεργὰ
857 1040 949 1095 τὸν
983 1044 1177 1116 κριτὴν
1206 1046 1295 1099 καὶ
1347 1047 1476 1120 παρ’
1531 1046 1695 1102 αὑτοῦ
1752 1046 2045 1122 συνεργού-

399 1144 583 1197 μενος·
619 1132 887 1205 συνεργῶν
921 1125 978 1183 δὲ
1018 1130 1105 1185 καὶ
1165 1135 1245 1203 τῷ
1297 1120 1723 1209 πρωτονοταρίῳ
1764 1120 1883 1189 καὶν
1920 1120 2041 1195 τοῖς

393 1210 592 1269 ἀλλοις
624 1220 743 1280 τοῖς
768 1215 867 1279 τὰς
895 1222 992 1273 τοῦ
1024 1215 1297 1292 δημοσίου
1355 1218 1602 1285 δουλείας
1636 1217 2043 1299 ἐγκεχειρισμέ-

389 1324 528 1366 νοις.
582 1306 723 1379 Εἶχε
771 1303 829 1360 δὶ
887 1306 979 1362 καὶ
1034 1309 1062 1363 6
1118 1310 1480 1386 τουρμάρχης
1530 1319 1631 1382 τῆς
1685 1310 1824 1377 ἰδίας
1879 1313 2042 1367 αὐτοῦ

388 1400 656 1471 τουρμιᾶς
688 1397 834 1470 παρά
862 1402 960 1452 τοῦ
989 1399 1163 1472 νόμου
1219 1400 1310 1455 καὶ
1363 1408 1464 1471 τῆς
1525 1401 1816 1477 βασιλικῆς
1870 1423 2042 1479 προσ-

386 1482 588 1556 τάξεως
642 1482 725 1539 ἐπ’
785 1483 1028 1556 ἐξουσίας
1108 1489 1203 1551 τάς
1260 1488 1487 1564 κρίσεις,
1544 1492 1680 1545 κατὰ
1731 1490 1859 1553 τοὺς
1926 1491 2043 1546 ἐπι-

388 1574 760 1648 κρατήσαντας
817 1573 1022 1639 τύπους
1075 1578 1166 1632 καὶ
1234 1577 1301 1632 τὰ
1346 1579 1552 1634 τούτων
1625 1581 1920 1654 προνόμια.
1982 1580 2041 1637 Εἰ

393 1662 488 1735 μὲν
522 1662 613 1716 οὗν
669 1664 770 1732 τὴν
827 1664 1001 1721 πάλαι
1058 1667 1380 1722 κατάστασιν
1451 1669 1478 1723 6
1518 1673 1624 1723 τῶν
1685 1670 1853 1745 ἁγίων
1887 1671 2040 1745 βασι-

389 1751 532 1807 λέων
565 1748 711 1828 λάϐῃ
745 1754 997 1830 στρατὸς,
1028 1757 1120 1811 καὶ
1177 1758 1244 1812 τά
1308 1757 1580 1814 λυποῦντα
1607 1759 1699 1815 καὶ
1750 1759 1825 1822 είς
1858 1761 2044 1814 πενίαν

389 1841 589 1904 αὖτοὺς
648 1842 847 1919 ἃγοντα
923 1842 1115 1923 πόρῥω
1172 1847 1429 1921 γένωνται
1487 1849 1729 1921 τούτων,
1796 1847 2039 1925 μεγάλην

2161 598 2473 668 adjuvante
2512 595 2760 668 judice:
2818 600 2998 665 utque
3041 593 3165 664 ipse
3207 597 3264 646 et
3312 591 3715 663 protonotario
3745 596 3802 643 et

2158 687 2426 757 reliquis,
2453 685 2552 756 qui
2585 684 2963 756 magistratus
2989 682 3190 737 civiles
3212 679 3519 747 haberent,
3554 694 3797 749 operam

2156 775 2618 829 tribueret.ltem
2650 772 2992 827 turmarcha
3021 770 3083 824 in
3115 769 3309 824 causis
3342 785 3462 823 sua)
3495 773 3702 822 turmae
3727 784 3798 822 ex

2152 863 2279 936 lege
2312 863 2623 933 edictoque
2656 860 2970 933 principali
2990 858 3285 931 judicium
3336 857 3667 926 exercebat,
3701 871 3795 910 se-

2152 960 2413 1016 cundum
2433 959 2722 1015 formulas
2752 964 2891 1013 tunc
2909 956 3363 1025 usitatas,atque
3381 953 3796 1026 praarogativas

2149 1049 2412 1105 illorum.
2446 1049 2611 1115 Quod
2642 1049 2690 1103 si
2721 1048 3027 1119 reponitur
3056 1046 3117 1100 in
3164 1044 3478 1116 pristinam
3504 1042 3798 1098 conditio-

2149 1157 2290 1195 nem
2320 1139 2656 1194 divinomm
2698 1137 3035 1209 principum
3094 1133 3405 1201 exercitus,
3440 1148 3690 1203 quaeque
3729 1131 3793 1186 in

2147 1230 2373 1284 luctum
2405 1232 2845 1300 egestatemque
2868 1223 3193 1280 detrudunt
3222 1222 3461 1288 milites,
3493 1220 3701 1293 procul
3723 1219 3794 1276 ab

2148 1318 2269 1374 illis
2302 1323 2682 1374 removentur
2711 1335 2723 1385 ;
2754 1317 2962 1371 miram
2996 1314 3234 1385 capient
3254 1312 3642 1379 alacritatem,
3696 1311 3789 1365 hi-

2149 1408 2470 1476 laritatem,
2530 1405 2835 1461 laetitiam:
2895 1402 3262 1458 strenuiores
3319 1405 3375 1455 et
3446 1399 3792 1455 audaciores

2148 1502 2358 1553 erunt:
2392 1493 2882 1567 inexpugnabiles
2913 1496 2971 1547 et
2999 1491 3201 1546 invicti
3222 1489 3574 1545 adversariis
3606 1489 3793 1543 exsis-

2150 1588 2296 1639 tent.
2334 1583 2556 1648 Quibus
2588 1582 2737 1637 241
2767 1580 2847 1635 ita
2870 1578 3229 1644 constitutis,
3251 1575 3440 1631 sancti
3471 1575 3796 1646 imperato-

2146 1689 2242 1728 res
2274 1671 2460 1727 nostri
2492 1687 2612 1725 non
2665 1668 2841 1724 modo
2896 1685 3033 1723 suas
3090 1665 3422 1738 provincias
3448 1663 3791 1732 tuebuntur,

2150 1777 2354 1817 verum
2386 1760 2563 1815 etiam
2596 1759 2743 1813 alias
2774 1757 3083 1829 plurimas,
3116 1771 3247 1826 quae
3268 1752 3538 1809 hostibus
3565 1751 3792 1808 obtem-

2148 1854 2381 1922 perant,
2404 1847 2516 1903 sibi
2550 1846 2891 1919 subjicient.

387 1928 661 2005 λήψονται
691 1933 1019 2007 προθυμίαν,
1046 1937 1137 1989 καί
1170 1938 1363 2011 χαρὰν,
1393 1937 1482 1993 καὶ
1502 1937 1845 2013 ἀγαλλίασιψ
1879 1938 1970 1993 καὶ
1991 1936 2356 2012 γενναιότεροι
2384 1935 2474 1991 καὶ
2505 1934 2912 2007 εὑτολμώτεροι
2953 1931 3191 2002 ἔσονται,
3239 1927 3673 2005 ἀκαταγώνιστοί
3731 1948 3790 1982 τε

377 2021 465 2075 καὶ
502 2022 926 2099 ἀκαταμάχητοι
946 2030 1064 2087 τοῖς
1095 2024 1387 2100 πολεμίοις
1421 2027 1776 2104 ὀφθήσονται.
1810 2027 1907 2084 Καὶ
1935 2026 2143 2084 τούτων
2169 2025 2343 2090 οὕτως
2370 2025 2701 2101 γινομένων,
2752 2024 2817 2078 οὖ
2853 2024 3018 2096 μόνον
3049 2025 3145 2084 τὰς
3180 2018 3322 2083 ἰδίας
3357 2020 3410 2075 οἱ
3442 2019 3586 2096 ἅγιοι
3618 2019 3787 2092 ἡμῶν

380 2109 630 2186 βασιλεῖς
659 2110 1009 2185 ἐκδικήσουσι
1040 2114 1251 2192 χώρας,
1286 2114 1432 2173 ἀλλά
1464 2119 1554 2173 καί
1583 2116 1768 2192 ἑτέρας
1799 2118 2061 2179 πλείστας
2091 2120 2199 2171 τῶν
2232 2112 2517 2189 πολεμίων
2552 2113 3033 2185 καθυποτάξουσιν.

372 2226 545 2323 IUSTE:
678 2228 848 2323 ΔΠερὲ
900 2233 1036 2317 τῶνη
1070 2229 1503 2323 ἐγχριονιιζόντων
1553 2232 1839 2323 πολεμίων
1887 2231 2033 2323 ,κατᾶ

2145 2237 2280 2292 CAP.
2312 2236 2432 2290 XX.
2459 2237 2533 2291 De
2563 2234 2912 2317 adversariis,
2945 2234 2994 2288 si
3014 2232 3221 2287 diutius
3253 2232 3309 2315 in
3347 2232 3572 2323 regione
3600 2235 3792 2323 nostra

577 2300 993 2389 χώρας.’ἡμῶν,
1015 2300 1468 2389 ξίναῖᾗμέτερος
1501 2300 1727 2382 στρατὸς
1772 2305 1910 2361 κατᾶ
1937 2312 2037 2375 τῆς

451 2371 637 2445 χώρας
662 2371 840 2427 αὐτῶν
854 2371 858 2372 ν
874 2372 1002 2428 ὲπᾶλ
1011 2384 1102 2447 om.

451 2532 575 2587 Τῶν
603 2529 889 2605 πολεμίων
953 2534 1090 2606 μετά
1149 2535 1392 2609 μεγάλης
1449 2535 1537 2591 καὶ
1595 2536 1810 2613 βαρείας
1870 2533 2033 2592 δυνά-

387 2640 533 2692 μεως
568 2622 665 2682 τὰς
706 2621 894 2696 χώρας
932 2625 1098 2695 ἡμῶν
1154 2624 1602 2698 περιπολούντων
1644 2627 1702 2662 -⁷⁴
1759 2630 1890 2699 (21),
1949 2625 2035 2681 ὲκ-

384 2701 683 2782 τριὸόντων
714 2730 772 2765 τε
804 2712 887 2783 [Ρ.
925 2714 1047 2785 156]
1080 2712 1170 2766 καὶ
1212 2712 1603 2790 ἀφανιζόντων,
1654 2715 1741 2769 καὶ
1800 2712 2034 2789 πολιορ-

378 2798 500 2859 κίας
541 2797 787 2872 κάσερων
820 2796 1290 2874 διαμελετώντων·
1353 2803 1778 2880 φυλατταμένων
1830 2801 1906 2871 δὲ,
1936 2808 2034 2859 τοῦ

387 2888 463 2959 μή
547 2889 696 2963 παρά
750 2892 859 2943 τῶν
948 2895 1269 2964 Ῥωμαϊκῶν
1330 2892 1746 2965 στρατευμάτων
1792 2890 2032 2968 ἐνεδρευ-

388 2976 571 3046 θῆναι,
600 2975 745 3032 ἀλλά
800 2976 1014 3051 μᾶλλον
1070 2979 1269 3042 αὐτοὺς
1325 2978 1627 3056 ἐνεδρεῦσαι
1690 2981 2032 3055 μηχανωμέ-

383 3084 511 3120 νων’
555 3066 601 3121 εί
659 3068 735 3140 μὴ
795 3066 1081 3144 ἀξιόλογος
1140 3071 1422 3144 Ῥωμαΐκή
1466 3068 1694 3143 δύναμις
1754 3071 1828 3134 εἰς
1884 3072 2027 3127 ἀντι-

379 3156 672 3230 παράταξιν
760 3158 967 3213 τηῦτων
1047 3158 1182 3229 ἐστὶ,
1267 3157 1536 3233 δυναμένη
1618 3160 1845 3223 τούτους
1901 3182 2030 3217 κατ-

383 3246 767 3321 αγωνίσασθαι·
800 3253 961 3304 τοῦτο
1022 3248 1106 3304 δεῖ
1164 3272 1242 3321 σε,
1292 3252 1339 3306 ὧ
1395 3253 1678 3328 στρατηγὲ,
1731 3249 2028 3327 διαπράξαο

386 3334 690 3412 σθαι,8περ
721 3335 813 3392 καὶ
873 3337 925 3393 ἐν
983 3343 1099 3401 τοῖς
1152 3338 1260 3394 ἂνω
1306 3339 1535 3413 χρόνοις
1583 3338 1793 3416 γέγονε,
1851 3341 2028 3403 καθὼς

386 3427 421 3495 ἡ
455 3427 766 3481 συντεθεῖσα
797 3428 1131 3501 στρατηγική
1190 3424 1385 3503 βίϐλος
1440 3431 1586 3503 παρά
1635 3434 1732 3485 τοῦ
1771 3426 2029 3503 ἀοιδίμου

378 3514 467 3569 καὶ
502 3516 821 3593 σοφωτάτου
865 3515 1135 3591 βασιλέως
1184 3517 1415 3580 Λέοντος
1472 3513 1832 3589 διαλαμϐάνει
1862 3520 1927 3586 ⁷⁸,
1959 3520 2028 3587 ᾜ

2219 2315 2533 2375 morantur,
2591 2312 2654 2362 ut
2710 2307 2978 2361 exercitus
3035 2316 3220 2359 noster
3264 2306 3321 2357 in
3379 2302 3605 2358 illorum
3658 2304 3791 2370 ﬁnes

2112 2442 2129 2452 _
2221 2386 2485 2435 transeat.

2218 2533 2384 2598 Quod
2408 2534 2455 2588 si
2479 2534 2679 2588 hostes
2702 2548 2837 2587 cum
2860 2547 3072 2603 magno
3090 2528 3367 2603 gravique
3381 2527 3642 2583 exercitu
3656 2542 3797 2598 pro-

2146 2623 2369 2678 vincies
2392 2620 3219 2689 obeant,vexent,exinaniant
3237 2616 3795 2686 nostras,obsessio-

2144 2728 2252 2767 nes
2280 2712 2635 2783 oppidorum
2658 2711 2930 2767 facerein
2961 2710 3159 2766 animo
3191 2708 3470 2773 habeant,
3521 2710 3792 2762 caveant-

2145 2817 2259 2871 que
2289 2807 2596 2873 praeterea,
2622 2818 2698 2855 ne
2730 2800 2802 2855 ab
2836 2799 3097 2855 exercitu
3120 2801 3382 2854 Romano
3414 2795 3650 2852 insidiis
3690 2810 3791 2866 pe-

2142 2895 2362 2959 tantur,
2387 2891 2621 2961 ipsique
2643 2890 2842 2961 potius
2873 2888 2949 2944 ad
2986 2887 3289 2944 faciendas
3309 2887 3396 2941 illi
3417 2885 3670 2941 insidias
3693 2884 3790 2937 in-

2142 2980 2289 3034 tenti
2320 2979 2471 3034 sint:
2506 2980 2554 3033 si
2582 2995 2702 3033 non
2736 2978 2967 3033 idonea;
3020 2977 3204 3049 copiae
3260 2976 3335 3031 ad
3365 2980 3559 3031 castra
3580 2978 3789 3029 contra

2139 3067 2411 3124 facienda
2432 3072 2771 3139 suppetant,
2803 3083 2934 3136 quas
2984 3065 3206 3137 pellere
3229 3080 3329 3119 eos
3347 3064 3612 3135 possint:
3637 3059 3789 3117 illud

2139 3161 2196 3211 te
2228 3161 2519 3228 oportet,o
2546 3153 3121 3225 dux,exsequi,quod
3152 3152 3310 3206 idem
3337 3152 3641 3222 superiore
3664 3166 3786 3204 me-

2138 3245 2329 3301 moria
2348 3244 2570 3300 factum
2602 3249 2711 3308 est,
2742 3242 2896 3297 sicut
2917 3241 3071 3296 liber
3091 3241 3486 3307 demonstrat,
3520 3254 3698 3308 quem
3720 3236 3792 3290 de

2139 3334 2306 3389 ducis
2335 3332 2531 3389 officio
2563 3330 3013 3400 Leo,celebrataa
3037 3329 3342 3384 memoria;
3359 3327 3787 3399 sapientiaque

2137 3422 2717 3495 princeps,confecit.
2750 3422 2933 3487 Quem
2956 3416 3633 3491 quilegerint,praaclare
3656 3432 3788 3487 quas

2140 3512 2353 3568 dicturi
2386 3528 2590 3567 sumus
2620 3510 2975 3583 intelligent.
2999 3508 3105 3563 Illo
3138 3508 3298 3563 enim
3330 3512 3617 3579 tempore,
3645 3521 3782 3561 cum

376 3603 465 3657 καὶ
506 3582 906 3680 οῖ’ἐντυχόντες
936 3609 1121 3683 σαφῶς
1143 3605 1211 3661 τὰ
1261 3605 1386 3680 περῖ
1442 3611 1552 3662 τῶν
1595 3582 2025 3682 λεχθησομένων

2143 3608 2262 3659 tota
2291 3602 2537 3657 Cilicum
2567 3617 2711 3674 gens
2757 3582 3034 3656 maximis
3076 3598 3262 3670 copiis
3293 3597 3668 3653 efferbuisset
3721 3595 3783 3649 in

379 3690 713 3751 ἐπίστανται.
744 3694 814 3749 Τὸ
838 3694 942 3769 γὰρ
971 3694 1089 3750 κατ’
1145 3694 1318 3749 ἐκεῖνο
1376 3699 1568 3768 καιροῦ
1627 3696 1656 3750 ὁ
1707 3700 1813 3750 τῶν
1876 3694 2028 3750 Κιλί-

376 3802 487 3836 κων
545 3782 687 3845 ἅπας
742 3780 873 3846 λαὸς
934 3784 1069 3857 μετά
1134 3785 1350 3859 βαρείας
1410 3783 1692 3858 δυνάμεως
1742 3785 1878 3841 κατὰ
1933 3788 2029 3840 τοῦ

381 3869 616 3943 θεματος
638 3877 747 3927 τῶν
795 3874 1161 3930 ἈνατοΛικῶν
1216 3872 1472 3943 ἐξελθὼν,
1522 3875 1612 3929 καὶ
1658 3875 1721 3930 τὸ
1798 3875 2027 3949 κάστρον

383 3961 644 4024 Μισθείας
703 3963 816 4035 (22)
874 3959 1126 4040 σφοδρῶς
1189 3963 1525 4039 πολιορκῶν,
1582 3968 1660 4036 τῷ
1731 3968 2029 4033 τηνικαῦτα

386 4049 626 4125 ἀρχηγῷ
654 4055 753 4107 τοῦ
784 4057 1015 4128 στρατοῦ
1047 4054 1075 4108 6
1134 4051 1439 4125 βασιλεύων
1473 4054 1833 4129 προστέταχε,
1896 4055 2030 4127 μετὰ

384 4142 493 4192 τῶν
528 4141 777 4211 θεμάτων
824 4141 914 4196 καὶ
971 4143 1261 4216 ταγμάτων
1320 4144 1457 4198 κατᾶ
1510 4149 1610 4213 τῆς
1639 4147 1748 4199 τῶν
1780 4142 2027 4199 Κιλίκων

380 4228 570 4303 χώρας
605 4227 1036 4306 ἐπιστρατεῦσαι·
1073 4228 1169 4285 δύο
1197 4230 1253 4286 δὲ
1282 4235 1393 4287 τῶν
1452 4237 1792 4307 στρατηγῶν,
1836 4229 1933 4287 τοῦ
1970 4252 2028 4287 τε

395 4314 741 4371 Ανατολικοῦ
796 4319 885 4373 καὶ
947 4321 1044 4373 τοῦ
1125 4318 1398 4392 Ὀψικίου,
1461 4317 1872 4391 ὑπολείπεσθαι,
1928 4325 2027 4376 τοῦ

380 4405 517 4479 πρὸς
548 4402 848 4477 ἐκδίκησιν,
873 4408 950 4470 ὡς
983 4406 1098 4462 οἷόν
1131 4427 1209 4478 τε,
1257 4412 1354 4464 τοῦ
1402 4429 1461 4463 τε
1490 4409 1724 4485 κάπρου
1781 4410 1871 4465 καὶ
1925 4413 2028 4475 τῆς

378 4491 592 4565 λοιπῆς
630 4495 819 4569 χώρας
875 4500 992 4557 τοῖς
1064 4495 1360 4571 πολεμίοις
1416 4498 1907 4563 ἀντικαθίστασθαι.
1967 4499 2027 4556 Ὀ

390 4585 573 4657 μέντοι
615 4585 726 4639 τῶν
787 4587 1201 4659 στρατευμάτων
1263 4583 1589 4662 δημαγωγὸς
1651 4586 1735 4661 (ἦν
1788 4587 1845 4643 δὲ
1907 4588 2031 4644 τότε

382 4674 704 4751 Νικηφόρος
737 4675 765 4729 6
793 4672 1023 4746 ίπίκλην
1058 4679 1301 4750 Φωκᾶς),
1334 4674 1423 4731 διὰ
1451 4684 1551 4746 τῆς
1592 4675 1721 4733 ὁδοῦ
1774 4685 1877 4749 τῆς
1932 4684 2029 4735 τοῦ

379 4765 699 4839 Μαυριανοῦ
730 4763 1033 4838 λεγομένης
1062 4764 1200 4820 κατὰ
1252 4772 1352 4835 τῆς
1407 4766 1593 4839 χώρας
1638 4764 1873 4839 Ἀδάνης
1928 4769 2028 4837 τὴν

378 4851 660 4909 ἇπὲλευσιν
691 4852 1088 4926 ποιησάμενος,
1121 4851 1270 4909 λείαν
1301 4853 1383 4909 ὅτι
1438 4854 1702 4926 πλείστην
1732 4855 2026 4927 ἠλάσαντο.

2134 3692 2496 3766 provinciam
2511 3691 3331 3762 Orientalem,castellumque
3350 3689 3609 3743 Mistheaa
3625 3701 3784 3741 sum-

2135 3792 2295 3848 mavi
2310 3790 2757 3864 oppugnaret,ei
2772 3790 2872 3862 qui
2886 3795 3026 3846 tunc
3044 3788 3325 3847 exercitui
3342 3790 3597 3860 praeerat
3611 3800 3782 3840 man-

2133 3882 2291 3938 davit
2318 3881 2660 3953 imperator,
2690 3886 2756 3936 ut
2776 3897 2913 3936 cum
2942 3879 3244 3936 laterculis
3274 3877 3662 3948 numerisque
3713 3872 3776 3927 in

2131 3971 2378 4026 Cilicum
2410 3971 2560 4026 fines
2590 3986 2653 4025 se
2682 3970 2963 4025 inferret:
2994 3968 3141 4025 duos
3170 3973 3370 4024 autem
3400 3968 3601 4032 duces,
3622 3965 3777 4018 Ana-

2131 4059 2294 4115 tolici
2328 4064 2387 4114 et
2411 4058 2656 4129 Opsicii,
2689 4063 2823 4128 post
2851 4074 2912 4112 se
2944 4057 3333 4128 relinqueret,
3367 4055 3469 4126 qui
3526 4052 3601 4108 ad
3650 4068 3772 4106 ser-

2130 4147 2387 4203 vandum
2418 4164 2524 4218 pro
2552 4146 2833 4202 facultate
2854 4145 3166 4201 castellum
3189 4145 3603 4214 reliquamque
3623 4139 3775 4195 242

2130 4236 2434 4309 regionem
2492 4235 2762 4290 hostibus
2810 4235 3189 4290 obsisterent.
3248 4235 3336 4288 Ita
3382 4245 3650 4287 summus
3682 4244 3779 4282 co-

2132 4327 2365 4399 piarum
2395 4330 2733 4381 nostrarum
2790 4325 2909 4381 dux
2958 4326 3032 4393 (is
3063 4330 3189 4380 erat
3217 4330 3358 4379 tunc
3403 4321 3770 4392 Nicephorus

2134 4420 2524 4488 cognomento
2582 4414 2851 4485 Pbocas),
2902 4430 3007 4485 per
3060 4414 3215 4469 viam
3272 4428 3402 4483 qum
3484 4406 3771 4464 Mauriani

2132 4503 2350 4559 dicitur
2377 4502 2437 4557 in
2459 4518 2664 4575 agrum
2718 4502 3097 4557 Adanensem
3145 4500 3299 4557 facta
3355 4497 3771 4571 impressione,

2132 4592 2363 4666 praadas
2420 4592 2691 4664 ingentes
2744 4590 2921 4662 cepit.
2980 4591 3083 4646 Cui
3140 4589 3487 4646 Adanenses
3539 4587 3771 4642 obviam

2134 4682 2456 4754 egressi,ad
2484 4681 2600 4736 duo
2632 4681 2822 4735 millia
2851 4695 3133 4752 passuum
3156 4679 3228 4735 ab
3250 4678 3465 4749 oppido
3487 4678 3779 4732 instructa

2132 4773 2281 4839 acie,
2314 4770 2493 4826 simul
2523 4776 2701 4841 atque
2760 4774 3213 4836 concurrerunt,
3266 4773 3429 4839 terga
3482 4770 3778 4821 vertentes

2133 4860 2448 4916 Ismaelitaa
2472 4860 2659 4914 effusa
2702 4858 2840 4931 fuga
2878 4857 3113 4929 disjecti
3168 4862 3330 4913 recta
3366 4855 3442 4912 ad
3492 4854 3777 4927 oppidum

373 4942 562 5016 Τούτῳ
591 4942 732 5015 πρὸς
761 4943 1078 5014 συνάντησιν
1114 4940 1243 5006 λαὸς
1278 4944 1306 4998 ὁ
1362 4951 1462 5007 τίς
1521 4942 1755 5015 Ἀδάνης
1812 4945 2026 5017 ἐξῆλθε,

2143 4947 2593 5005 contenderunt.
2625 4948 2886 5013 Quorum
2905 4949 3605 5018 quotquotRomanorum
3621 4960 3780 5000 exer-

371 5032 565 5095 καίὡς
596 5031 702 5088 ἀπὸ
735 5031 934 5106 μιλίων
982 5028 1082 5087 δύο
1141 5038 1241 5102 τῆς
1298 5031 1515 5097 πόλεως
1575 5033 1749 5090 αὐτῶν
1807 5034 2018 5090 ἀντιτα-

2130 5037 2355 5093 cituum
2387 5036 2505 5091 dux
2532 5035 2947 5108 deprehendit,
2971 5036 3072 5107 qui
3110 5035 3266 5091 intra
3311 5040 3510 5107 portas
3543 5049 3606 5089 se
3636 5049 3777 5090 con-

1581 5187 1640 5245 C.
1682 5189 1745 5245 Β.
1788 5189 1978 5245 HASII
2014 5188 2567 5245 ANNOTATIONES.

436 5335 483 5375 7‘
514 5335 983 5416 neptgoloi’ijv.
1017 5337 1651 5416 Fort._1t3p1tolo_6y-_cwv.
1686 5340 1732 5376 ⁷⁵
1762 5334 2033 5416 διαλαμϐἀ

2143 5390 2144 5401 χ
2178 5342 2304 5398 Vid.
2340 5340 2552 5398 Leonis
2574 5342 2789 5399 Tactic.
2815 5342 2973 5398 inter
2992 5342 3137 5416 Opp.
3164 5342 3382 5400 Meurs.
3417 5342 3556 5398 edit.
3591 5340 3774 5407 Lami,

368 5411 458 5467 Vl.
492 5411 619 5469 775.
654 5413 714 5468 F.
740 5416 800 5468 et
827 5411 1199 5469 Constantini
1230 5414 1389 5470 Tact.
1423 5413 1569 5469 ibid.
1598 5415 1757 5469 1395.
1790 5413 1852 5469 C.

431 5555 544 5680 (212
565 5553 804 5645 Copjeci
845 5551 1303 5643 πυρπολούντωνσ
1337 5555 1493 5613 conf.
1529 5558 1651 5613 157.
1711 5561 1780 5613 ι).
1828 5554 2016 5631 χρονί-

438 5644 481 5678 ιν
539 5644 564 5678 ν
598 5645 757 5680 αυτ-η.
789 5627 881 5680 καὶ
909 5623 1236 5680 πυοπολιιιν⁸
1270 5633 1413 5680 item
1447 5631 1569 5680 159.
1603 5629 1663 5680 C.

374 5623 481 5700 ζειν
508 5623 564 5700 ᾖν
589 5623 757 5700 αὐτῇ,
789 5627 881 5680 καὶ
909 5623 1236 5700 πυρπολεῖν⁸
1270 5629 1413 5685 item
1447 5631 1569 5684 159.
1603 5629 1663 5686 C.

445 5697 556 5770 (22)
586 5697 669 5754 De
696 5697 810 5756 hoc
838 5697 1081 5773 oppido,
1101 5716 1286 5774 prope
1318 5700 1610 5773 Iconium,
1642 5699 2015 5760 occidentem

2122 5574 2350 5626 versus,
2399 5557 2532 5625 sito,
2593 5557 2668 5612 Le
2688 5555 2877 5623 Quien
2935 5556 3158 5614 Orient.
3192 5557 3408 5615 Christ.
3439 5557 3483 5614 Ι.
3519 5557 3676 5626 1085.
3708 5556 3771 5610 C.

2125 5629 2411 5704 scribitur
2481 5633 2732 5698 Μισθιον,
2794 5626 3051 5703 Μισθεία,
3084 5649 3172 5704 ας,
3256 5636 3317 5687 et
3394 5627 3463 5683 τὰ
3520 5625 3771 5698 Μίσθεια,

2126 5700 2347 5773 plurali
2375 5705 2607 5759 neutro.
