  <div class='ocr_page' id='page_1' title='image "/cluster/home/n/w/nwhite01/storage/ocr_20150623/117/hvd.32044073502239/501.png"; bbox 0 0 4078 6204; ppageno 0'>
   <div class='ocr_carea' id='block_1_1' title="bbox 327 357 446 420">
    <p class='ocr_par' dir='ltr' id='par_1_1' title="bbox 327 357 446 420">
     <span class='ocr_line' id='line_1_1' title="bbox 327 357 446 420; baseline -0.017 0"><span class='ocrx_word' id='word_1_1' title='bbox 327 357 446 420; x_wconf 83' lang='grc'><strong>991</strong></span> 
     </span>
    </p>
   </div>
   <div class='ocr_carea' id='block_1_2' title="bbox 1644 345 2394 413">
    <p class='ocr_par' dir='ltr' id='par_1_2' title="bbox 1644 345 2394 413">
     <span class='ocr_line' id='line_1_2' title="bbox 1644 345 2394 413; baseline -0.007 0"><span class='ocrx_word' id='word_1_2' title='bbox 1644 348 2067 413; x_wconf 82' lang='lat' dir='ltr'><strong>NICEPHORI</strong></span> <span class='ocrx_word' id='word_1_3' title='bbox 2107 345 2394 410; x_wconf 66' lang='lat' dir='ltr'><strong>PHOCE</strong></span> 
     </span>
    </p>
   </div>
   <div class='ocr_carea' id='block_1_3' title="bbox 3621 339 3747 402">
    <p class='ocr_par' dir='ltr' id='par_1_3' title="bbox 3621 339 3747 402">
     <span class='ocr_line' id='line_1_3' title="bbox 3621 339 3747 402; baseline 0.008 -2"><span class='ocrx_word' id='word_1_4' title='bbox 3621 339 3747 402; x_wconf 65' lang='lat'><strong>993</strong></span> 
     </span>
    </p>
   </div>
   <div class='ocr_carea' id='block_1_4' title="bbox 323 468 1987 569">
    <p class='ocr_par' dir='ltr' id='par_1_4' title="bbox 323 488 1973 569">
     <span class='ocr_line' id='line_1_4' title="bbox 323 488 1973 569; baseline -0.005 -19"><span class='ocrx_word' id='word_1_5' title='bbox 323 497 514 569; x_wconf 89' lang='lat' dir='ltr'><strong>jicere</strong></span> <span class='ocrx_word' id='word_1_6' title='bbox 542 511 664 551; x_wconf 92' lang='lat' dir='ltr'><strong>non</strong></span> <span class='ocrx_word' id='word_1_7' title='bbox 693 493 1049 567; x_wconf 90' lang='lat' dir='ltr'><strong>potuissent,</strong></span> <span class='ocrx_word' id='word_1_8' title='bbox 1094 505 1299 546; x_wconf 89' lang='lat' dir='ltr'><strong>eorum</strong></span> <span class='ocrx_word' id='word_1_9' title='bbox 1329 488 1546 562; x_wconf 81' lang='lat' dir='ltr'><strong>partim</strong></span> <span class='ocrx_word' id='word_1_10' title='bbox 1599 489 1661 544; x_wconf 91' lang='lat' dir='ltr'><strong>in</strong></span> <span class='ocrx_word' id='word_1_11' title='bbox 1709 488 1973 544; x_wconf 89' lang='lat' dir='ltr'><strong>hostium</strong></span> 
     </span>
    </p>
   </div>
   <div class='ocr_carea' id='block_1_5' title="bbox 2095 468 3735 569">
    <p class='ocr_par' dir='ltr' id='par_1_5' title="bbox 2095 468 3735 569">
     <span class='ocr_line' id='line_1_5' title="bbox 2095 468 3735 569; baseline -0.008 -31"><span class='ocrx_word' id='word_1_12' title='bbox 2095 481 2330 556; x_wconf 78' lang='grc' dir='ltr'>Ξάμενοι,</span> <span class='ocrx_word' id='word_1_13' title='bbox 2363 481 2476 553; x_wconf 79' lang='grc' dir='ltr'><strong>ἅμα</strong></span> <span class='ocrx_word' id='word_1_14' title='bbox 2530 481 2609 550; x_wconf 80' lang='grc' dir='ltr'><strong>τῷ</strong></span> <span class='ocrx_word' id='word_1_15' title='bbox 2657 478 2951 550; x_wconf 79' lang='grc' dir='ltr'><strong>συμπεσεῖν</strong></span> <span class='ocrx_word' id='word_1_16' title='bbox 2997 473 3272 546; x_wconf 76' lang='grc' dir='ltr'>ἀλλήλοις</span> <span class='ocrx_word' id='word_1_17' title='bbox 3303 476 3449 528; x_wconf 90' lang='grc' dir='ltr'>νῶτα</span> <span class='ocrx_word' id='word_1_18' title='bbox 3498 468 3735 569; x_wconf 51' lang='grc' dir='ltr'>μεταδα-</span> 
     </span>
    </p>
   </div>
   <div class='ocr_carea' id='block_1_6' title="bbox 336 578 1978 656">
    <p class='ocr_par' dir='ltr' id='par_1_6' title="bbox 336 578 1978 656">
     <span class='ocr_line' id='line_1_6' title="bbox 336 578 1978 656; baseline -0.005 -15"><span class='ocrx_word' id='word_1_19' title='bbox 336 603 587 641; x_wconf 89' lang='lat' dir='ltr'><strong>numero</strong></span> <span class='ocrx_word' id='word_1_20' title='bbox 618 582 1066 656; x_wconf 88' lang='lat' dir='ltr'><strong>habuit,partim</strong></span> <span class='ocrx_word' id='word_1_21' title='bbox 1097 581 1159 635; x_wconf 87' lang='lat' dir='ltr'><strong>in</strong></span> <span class='ocrx_word' id='word_1_22' title='bbox 1190 579 1531 636; x_wconf 78' lang='lat' dir='ltr'><strong>servitutem</strong></span> <span class='ocrx_word' id='word_1_23' title='bbox 1555 578 1814 635; x_wconf 82' lang='lat' dir='ltr'><strong>abduxit.</strong></span> <span class='ocrx_word' id='word_1_24' title='bbox 1841 578 1978 632; x_wconf 84' lang='lat' dir='ltr'><strong>Cas-</strong></span> 
     </span>
    </p>
   </div>
   <div class='ocr_carea' id='block_1_7' title="bbox 341 667 1980 746">
    <p class='ocr_par' dir='ltr' id='par_1_7' title="bbox 341 667 1980 746">
     <span class='ocr_line' id='line_1_7' title="bbox 341 667 1980 746; baseline -0.005 -14"><span class='ocrx_word' id='word_1_25' title='bbox 341 678 447 732; x_wconf 84' lang='lat' dir='ltr'><strong>tris</strong></span> <span class='ocrx_word' id='word_1_26' title='bbox 474 676 612 732; x_wconf 86' lang='lat' dir='ltr'><strong>dein</strong></span> <span class='ocrx_word' id='word_1_27' title='bbox 667 678 910 746; x_wconf 82' lang='lat' dir='ltr'><strong>propter</strong></span> <span class='ocrx_word' id='word_1_28' title='bbox 956 671 1239 744; x_wconf 88' lang='lat' dir='ltr'><strong>oppidum</strong></span> <span class='ocrx_word' id='word_1_29' title='bbox 1298 671 1527 742; x_wconf 90' lang='lat' dir='ltr'><strong>positis,</strong></span> <span class='ocrx_word' id='word_1_30' title='bbox 1587 669 1783 726; x_wconf 82' lang='lat' dir='ltr'><strong>exciso</strong></span> <span class='ocrx_word' id='word_1_31' title='bbox 1816 667 1980 724; x_wconf 90' lang='lat' dir='ltr'><strong>omni</strong></span> 
     </span>
    </p>
   </div>
   <div class='ocr_carea' id='block_1_8' title="bbox 337 758 1984 826">
    <p class='ocr_par' dir='ltr' id='par_1_8' title="bbox 337 758 1984 826">
     <span class='ocr_line' id='line_1_8' title="bbox 337 758 1984 826; baseline -0.005 -5"><span class='ocrx_word' id='word_1_32' title='bbox 337 767 644 821; x_wconf 81' lang='lat' dir='ltr'><strong>vinearum</strong></span> <span class='ocrx_word' id='word_1_33' title='bbox 674 768 734 818; x_wconf 90' lang='lat' dir='ltr'><strong>et</strong></span> <span class='ocrx_word' id='word_1_34' title='bbox 753 762 1032 818; x_wconf 85' lang='lat' dir='ltr'><strong>arborum</strong></span> <span class='ocrx_word' id='word_1_35' title='bbox 1061 761 1224 826; x_wconf 67' lang='lat' dir='ltr'><strong>fretu,</strong></span> <span class='ocrx_word' id='word_1_36' title='bbox 1257 761 1517 816; x_wconf 90' lang='lat' dir='ltr'><strong>nitorem</strong></span> <span class='ocrx_word' id='word_1_37' title='bbox 1538 759 1806 814; x_wconf 89' lang='lat' dir='ltr'><strong>locorum</strong></span> <span class='ocrx_word' id='word_1_38' title='bbox 1827 758 1984 813; x_wconf 89' lang='lat' dir='ltr'><strong>circa</strong></span> 
     </span>
    </p>
   </div>
   <div class='ocr_carea' id='block_1_9' title="bbox 339 847 1984 926">
    <p class='ocr_par' dir='ltr' id='par_1_9' title="bbox 339 847 1984 926">
     <span class='ocr_line' id='line_1_9' title="bbox 339 847 1984 926; baseline -0.005 -16"><span class='ocrx_word' id='word_1_39' title='bbox 339 853 621 926; x_wconf 83' lang='lat' dir='ltr'><strong>Oppidum</strong></span> <span class='ocrx_word' id='word_1_40' title='bbox 651 851 1174 923; x_wconf 71' lang='lat' dir='ltr'><strong>ammnitatemque</strong></span> <span class='ocrx_word' id='word_1_41' title='bbox 1220 849 1454 906; x_wconf 82' lang='lat' dir='ltr'><strong>delevit.</strong></span> <span class='ocrx_word' id='word_1_42' title='bbox 1512 848 1805 906; x_wconf 82' lang='lat' dir='ltr'><strong>Postridie</strong></span> <span class='ocrx_word' id='word_1_43' title='bbox 1856 847 1984 920; x_wconf 84' lang='lat' dir='ltr'><strong>ejus</strong></span> 
     </span>
    </p>
   </div>
   <div class='ocr_carea' id='block_1_10' title="bbox 339 937 1985 1012">
    <p class='ocr_par' dir='ltr' id='par_1_10' title="bbox 339 937 1985 1012">
     <span class='ocr_line' id='line_1_10' title="bbox 339 937 1985 1012; baseline -0.004 -14"><span class='ocrx_word' id='word_1_44' title='bbox 339 942 456 999; x_wconf 92' lang='lat' dir='ltr'><strong>diei</strong></span> <span class='ocrx_word' id='word_1_45' title='bbox 487 941 559 998; x_wconf 88' lang='lat' dir='ltr'><strong>ad</strong></span> <span class='ocrx_word' id='word_1_46' title='bbox 590 957 754 998; x_wconf 90' lang='lat' dir='ltr'><strong>mare</strong></span> <span class='ocrx_word' id='word_1_47' title='bbox 781 957 972 1012; x_wconf 91' lang='lat' dir='ltr'><strong>usque</strong></span> <span class='ocrx_word' id='word_1_48' title='bbox 999 939 1327 1012; x_wconf 84' lang='lat' dir='ltr'><strong>pervadens</strong></span> <span class='ocrx_word' id='word_1_49' title='bbox 1357 939 1673 1006; x_wconf 84' lang='lat' dir='ltr'><strong>exercitus,</strong></span> <span class='ocrx_word' id='word_1_50' title='bbox 1725 937 1985 1010; x_wconf 88' lang='lat' dir='ltr'><strong>captivos</strong></span> 
     </span>
    </p>
   </div>
   <div class='ocr_carea' id='block_1_11' title="bbox 340 1026 1984 1103">
    <p class='ocr_par' dir='ltr' id='par_1_11' title="bbox 340 1026 1984 1103">
     <span class='ocr_line' id='line_1_11' title="bbox 340 1026 1984 1103; baseline -0.003 -16"><span class='ocrx_word' id='word_1_51' title='bbox 340 1047 519 1103; x_wconf 91' lang='lat' dir='ltr'><strong>quam</strong></span> <span class='ocrx_word' id='word_1_52' title='bbox 548 1031 770 1086; x_wconf 87' lang='lat' dir='ltr'><strong>multos</strong></span> <span class='ocrx_word' id='word_1_53' title='bbox 798 1034 1008 1086; x_wconf 87' lang='lat' dir='ltr'><strong>nactus</strong></span> <span class='ocrx_word' id='word_1_54' title='bbox 1065 1046 1464 1101; x_wconf 85' lang='lat' dir='ltr'><strong>pecorumque</strong></span> <span class='ocrx_word' id='word_1_55' title='bbox 1511 1026 1984 1094; x_wconf 85' lang='lat' dir='ltr'><strong>multitudinem,</strong></span> 
     </span>
    </p>
   </div>
   <div class='ocr_carea' id='block_1_12' title="bbox 340 1117 1986 1194">
    <p class='ocr_par' dir='ltr' id='par_1_12' title="bbox 340 1117 1986 1194">
     <span class='ocr_line' id='line_1_12' title="bbox 340 1117 1986 1194; baseline -0.005 -16"><span class='ocrx_word' id='word_1_56' title='bbox 340 1122 571 1178; x_wconf 86' lang='lat' dir='ltr'><strong>nullam</strong></span> <span class='ocrx_word' id='word_1_57' title='bbox 603 1126 832 1194; x_wconf 88' lang='lat' dir='ltr'><strong>partem</strong></span> <span class='ocrx_word' id='word_1_58' title='bbox 862 1119 981 1178; x_wconf 89' lang='lat' dir='ltr'><strong>diei</strong></span> <span class='ocrx_word' id='word_1_59' title='bbox 1011 1121 1223 1176; x_wconf 87' lang='lat' dir='ltr'><strong>itinere</strong></span> <span class='ocrx_word' id='word_1_60' title='bbox 1243 1117 1689 1189; x_wconf 89' lang='lat' dir='ltr'><strong>intermisso,ad</strong></span> <span class='ocrx_word' id='word_1_61' title='bbox 1719 1117 1986 1190; x_wconf 83' lang='lat' dir='ltr'><strong>Cydnum</strong></span> 
     </span>
    </p>
   </div>
   <div class='ocr_carea' id='block_1_13' title="bbox 342 1207 1984 1284">
    <p class='ocr_par' dir='ltr' id='par_1_13' title="bbox 342 1207 1984 1284">
     <span class='ocr_line' id='line_1_13' title="bbox 342 1207 1984 1284; baseline -0.004 -18"><span class='ocrx_word' id='word_1_62' title='bbox 342 1211 754 1284; x_wconf 88' lang='lat' dir='ltr'><strong>ﬂumen,quod</strong></span> <span class='ocrx_word' id='word_1_63' title='bbox 775 1211 989 1266; x_wconf 85' lang='lat' dir='ltr'><strong>Hierax</strong></span> <span class='ocrx_word' id='word_1_64' title='bbox 1019 1209 1091 1266; x_wconf 90' lang='lat' dir='ltr'><strong>ab</strong></span> <span class='ocrx_word' id='word_1_65' title='bbox 1117 1209 1336 1265; x_wconf 85' lang='lat' dir='ltr'><strong>accolis</strong></span> <span class='ocrx_word' id='word_1_66' title='bbox 1365 1213 1624 1276; x_wconf 81' lang='lat' dir='ltr'><strong>vocatur,</strong></span> <span class='ocrx_word' id='word_1_67' title='bbox 1648 1207 1805 1262; x_wconf 88' lang='lat' dir='ltr'><strong>ultra</strong></span> <span class='ocrx_word' id='word_1_68' title='bbox 1833 1221 1984 1277; x_wconf 82' lang='lat' dir='ltr'><strong>pon-</strong></span> 
     </span>
    </p>
   </div>
   <div class='ocr_carea' id='block_1_14' title="bbox 341 1293 1982 1373">
    <p class='ocr_par' dir='ltr' id='par_1_14' title="bbox 341 1293 1982 1373">
     <span class='ocr_line' id='line_1_14' title="bbox 341 1293 1982 1373; baseline -0.004 -17"><span class='ocrx_word' id='word_1_69' title='bbox 341 1305 482 1371; x_wconf 85' lang='lat' dir='ltr'><strong>tem,</strong></span> <span class='ocrx_word' id='word_1_70' title='bbox 516 1317 624 1373; x_wconf 88' lang='lat' dir='ltr'><strong>per</strong></span> <span class='ocrx_word' id='word_1_71' title='bbox 647 1317 824 1372; x_wconf 85' lang='lat' dir='ltr'><strong>quem</strong></span> <span class='ocrx_word' id='word_1_72' title='bbox 858 1299 971 1354; x_wconf 88' lang='lat' dir='ltr'><strong>iter</strong></span> <span class='ocrx_word' id='word_1_73' title='bbox 998 1298 1264 1355; x_wconf 87' lang='lat' dir='ltr'><strong>Adanam</strong></span> <span class='ocrx_word' id='word_1_74' title='bbox 1293 1313 1496 1353; x_wconf 89' lang='lat' dir='ltr'><strong>versus</strong></span> <span class='ocrx_word' id='word_1_75' title='bbox 1544 1301 1653 1365; x_wconf 91' lang='lat' dir='ltr'><strong>est,</strong></span> <span class='ocrx_word' id='word_1_76' title='bbox 1689 1293 1982 1350; x_wconf 88' lang='lat' dir='ltr'><strong>concedit.</strong></span> 
     </span>
    </p>
   </div>
   <div class='ocr_carea' id='block_1_15' title="bbox 342 1386 1986 1462">
    <p class='ocr_par' dir='ltr' id='par_1_15' title="bbox 342 1386 1986 1462">
     <span class='ocr_line' id='line_1_15' title="bbox 342 1386 1986 1462; baseline -0.005 -16"><span class='ocrx_word' id='word_1_77' title='bbox 342 1391 485 1446; x_wconf 89' lang='lat' dir='ltr'><strong>Inde</strong></span> <span class='ocrx_word' id='word_1_78' title='bbox 516 1390 814 1462; x_wconf 88' lang='lat' dir='ltr'><strong>profectus</strong></span> <span class='ocrx_word' id='word_1_79' title='bbox 848 1389 1134 1462; x_wconf 87' lang='lat' dir='ltr'><strong>postridie</strong></span> <span class='ocrx_word' id='word_1_80' title='bbox 1165 1388 1239 1445; x_wconf 90' lang='lat' dir='ltr'><strong>ad</strong></span> <span class='ocrx_word' id='word_1_81' title='bbox 1262 1405 1398 1444; x_wconf 90' lang='lat' dir='ltr'><strong>suas</strong></span> <span class='ocrx_word' id='word_1_82' title='bbox 1430 1389 1580 1443; x_wconf 83' lang='lat' dir='ltr'><strong>ﬁnes</strong></span> <span class='ocrx_word' id='word_1_83' title='bbox 1610 1386 1876 1457; x_wconf 87' lang='lat' dir='ltr'><strong>recipere</strong></span> <span class='ocrx_word' id='word_1_84' title='bbox 1925 1399 1986 1439; x_wconf 87' lang='lat' dir='ltr'><strong>se</strong></span> 
     </span>
    </p>
   </div>
   <div class='ocr_carea' id='block_1_16' title="bbox 341 1473 1985 1552">
    <p class='ocr_par' dir='ltr' id='par_1_16' title="bbox 341 1473 1985 1552">
     <span class='ocr_line' id='line_1_16' title="bbox 341 1473 1985 1552; baseline -0.004 -16"><span class='ocrx_word' id='word_1_85' title='bbox 341 1480 536 1552; x_wconf 60' lang='lat' dir='ltr'><strong>coepit.</strong></span> <span class='ocrx_word' id='word_1_86' title='bbox 571 1481 778 1536; x_wconf 86' lang='lat' dir='ltr'><strong>Hostes</strong></span> <span class='ocrx_word' id='word_1_87' title='bbox 818 1479 1128 1535; x_wconf 74' lang='lat' dir='ltr'><strong>Mistheam</strong></span> <span class='ocrx_word' id='word_1_88' title='bbox 1186 1477 1698 1542; x_wconf 87' lang='lat' dir='ltr'><strong>circumsidentes,</strong></span> <span class='ocrx_word' id='word_1_89' title='bbox 1731 1491 1865 1530; x_wconf 92' lang='lat' dir='ltr'><strong>cum</strong></span> <span class='ocrx_word' id='word_1_90' title='bbox 1913 1473 1985 1530; x_wconf 91' lang='lat' dir='ltr'><strong>de</strong></span> 
     </span>
    </p>
   </div>
   <div class='ocr_carea' id='block_1_17' title="bbox 341 1565 1986 1642">
    <p class='ocr_par' dir='ltr' id='par_1_17' title="bbox 341 1565 1986 1642">
     <span class='ocr_line' id='line_1_17' title="bbox 341 1565 1986 1642; baseline -0.004 -16"><span class='ocrx_word' id='word_1_91' title='bbox 341 1572 747 1626; x_wconf 81' lang='lat' dir='ltr'><strong>Romanorum</strong></span> <span class='ocrx_word' id='word_1_92' title='bbox 775 1570 837 1624; x_wconf 91' lang='lat' dir='ltr'><strong>in</strong></span> <span class='ocrx_word' id='word_1_93' title='bbox 860 1585 1028 1626; x_wconf 89' lang='lat' dir='ltr'><strong>suam</strong></span> <span class='ocrx_word' id='word_1_94' title='bbox 1056 1568 1360 1642; x_wconf 80' lang='lat' dir='ltr'><strong>regionem</strong></span> <span class='ocrx_word' id='word_1_95' title='bbox 1381 1567 1774 1639; x_wconf 89' lang='lat' dir='ltr'><strong>impressione</strong></span> <span class='ocrx_word' id='word_1_96' title='bbox 1788 1565 1986 1620; x_wconf 90' lang='lat' dir='ltr'><strong>audis-</strong></span> 
     </span>
    </p>
   </div>
   <div class='ocr_carea' id='block_1_18' title="bbox 343 1654 1988 1731">
    <p class='ocr_par' dir='ltr' id='par_1_18' title="bbox 343 1654 1988 1731">
     <span class='ocr_line' id='line_1_18' title="bbox 343 1654 1988 1731; baseline -0.004 -15"><span class='ocrx_word' id='word_1_97' title='bbox 343 1658 813 1730; x_wconf 89' lang='lat' dir='ltr'><strong>sent,obsidione</strong></span> <span class='ocrx_word' id='word_1_98' title='bbox 827 1659 1024 1715; x_wconf 84' lang='lat' dir='ltr'><strong>soluta</strong></span> <span class='ocrx_word' id='word_1_99' title='bbox 1050 1674 1382 1731; x_wconf 83' lang='lat' dir='ltr'><strong>magnaque</strong></span> <span class='ocrx_word' id='word_1_100' title='bbox 1403 1657 1704 1713; x_wconf 86' lang='lat' dir='ltr'><strong>celeritate</strong></span> <span class='ocrx_word' id='word_1_101' title='bbox 1722 1654 1988 1711; x_wconf 89' lang='lat' dir='ltr'><strong>adhibita</strong></span> 
     </span>
    </p>
   </div>
   <div class='ocr_carea' id='block_1_19' title="bbox 345 1745 1982 1822">
    <p class='ocr_par' dir='ltr' id='par_1_19' title="bbox 345 1745 1982 1822">
     <span class='ocr_line' id='line_1_19' title="bbox 345 1745 1982 1822; baseline -0.003 -18"><span class='ocrx_word' id='word_1_102' title='bbox 345 1749 420 1805; x_wconf 90' lang='lat' dir='ltr'><strong>ad</strong></span> <span class='ocrx_word' id='word_1_103' title='bbox 443 1765 616 1804; x_wconf 90' lang='lat' dir='ltr'><strong>suum</strong></span> <span class='ocrx_word' id='word_1_104' title='bbox 646 1765 849 1822; x_wconf 83' lang='lat' dir='ltr'><strong>agrum</strong></span> <span class='ocrx_word' id='word_1_105' title='bbox 879 1749 1169 1804; x_wconf 90' lang='lat' dir='ltr'><strong>tuendum</strong></span> <span class='ocrx_word' id='word_1_106' title='bbox 1225 1750 1612 1804; x_wconf 88' lang='lat' dir='ltr'><strong>reverterunt.</strong></span> <span class='ocrx_word' id='word_1_107' title='bbox 1668 1745 1780 1802; x_wconf 91' lang='lat' dir='ltr'><strong>Sed</strong></span> <span class='ocrx_word' id='word_1_108' title='bbox 1819 1745 1982 1801; x_wconf 90' lang='lat' dir='ltr'><strong>inani</strong></span> 
     </span>
    </p>
   </div>
   <div class='ocr_carea' id='block_1_20' title="bbox 344 1837 2062 1927">
    <p class='ocr_par' dir='ltr' id='par_1_20' title="bbox 344 1837 2062 1927">
     <span class='ocr_line' id='line_1_20' title="bbox 344 1837 2062 1927; baseline -0.001 -34"><span class='ocrx_word' id='word_1_109' title='bbox 344 1838 548 1894; x_wconf 89' lang='lat' dir='ltr'><strong>labore</strong></span> <span class='ocrx_word' id='word_1_110' title='bbox 581 1844 852 1911; x_wconf 88' lang='lat' dir='ltr'><strong>suscepto</strong></span> <span class='ocrx_word' id='word_1_111' title='bbox 883 1845 1136 1910; x_wconf 88' lang='lat' dir='ltr'><strong>utraque</strong></span> <span class='ocrx_word' id='word_1_112' title='bbox 1167 1855 1270 1910; x_wconf 91' lang='lat' dir='ltr'><strong>spe</strong></span> <span class='ocrx_word' id='word_1_113' title='bbox 1327 1837 1594 1894; x_wconf 85' lang='lat' dir='ltr'><strong>frustrati</strong></span> <span class='ocrx_word' id='word_1_114' title='bbox 1648 1842 1804 1893; x_wconf 88' lang='lat' dir='ltr'><strong>sunt.</strong></span> <span class='ocrx_word' id='word_1_115' title='bbox 1839 1838 1982 1892; x_wconf 89' lang='lat' dir='ltr'><strong>Nam</strong></span> <span class='ocrx_word' id='word_1_116' title='bbox 2013 1860 2062 1927; x_wconf 74' lang='grc' dir='ltr'><strong>Β</strong></span> 
     </span>
    </p>
   </div>
   <div class='ocr_carea' id='block_1_21' title="bbox 344 1927 1984 1999">
    <p class='ocr_par' dir='ltr' id='par_1_21' title="bbox 344 1927 1984 1999">
     <span class='ocr_line' id='line_1_21' title="bbox 344 1927 1984 1999; baseline 0 -17"><span class='ocrx_word' id='word_1_117' title='bbox 344 1928 463 1983; x_wconf 82' lang='lat' dir='ltr'><strong>dux</strong></span> <span class='ocrx_word' id='word_1_118' title='bbox 482 1929 804 1984; x_wconf 79' lang='lat' dir='ltr'><strong>exercitum</strong></span> <span class='ocrx_word' id='word_1_119' title='bbox 834 1931 1237 1984; x_wconf 82' lang='lat' dir='ltr'><strong>Romanorum</strong></span> <span class='ocrx_word' id='word_1_120' title='bbox 1296 1945 1429 1984; x_wconf 91' lang='lat' dir='ltr'><strong>cum</strong></span> <span class='ocrx_word' id='word_1_121' title='bbox 1461 1927 1690 1999; x_wconf 90' lang='lat' dir='ltr'><strong>spoliis,</strong></span> <span class='ocrx_word' id='word_1_122' title='bbox 1745 1927 1984 1998; x_wconf 71' lang='lat' dir='ltr'><strong>prmdis,</strong></span> 
     </span>
    </p>
   </div>
   <div class='ocr_carea' id='block_1_22' title="bbox 341 2013 1986 2087">
    <p class='ocr_par' dir='ltr' id='par_1_22' title="bbox 341 2013 1986 2087">
     <span class='ocr_line' id='line_1_22' title="bbox 341 2013 1986 2087; baseline -0.001 -16"><span class='ocrx_word' id='word_1_123' title='bbox 341 2014 656 2087; x_wconf 90' lang='lat' dir='ltr'><strong>mancipiis</strong></span> <span class='ocrx_word' id='word_1_124' title='bbox 685 2015 1018 2087; x_wconf 90' lang='lat' dir='ltr'><strong>permultis,</strong></span> <span class='ocrx_word' id='word_1_125' title='bbox 1050 2033 1158 2087; x_wconf 91' lang='lat' dir='ltr'><strong>per</strong></span> <span class='ocrx_word' id='word_1_126' title='bbox 1182 2016 1355 2082; x_wconf 88' lang='lat' dir='ltr'><strong>viam,</strong></span> <span class='ocrx_word' id='word_1_127' title='bbox 1407 2031 1538 2086; x_wconf 71' lang='lat' dir='ltr'><strong>quae</strong></span> <span class='ocrx_word' id='word_1_128' title='bbox 1569 2013 1802 2086; x_wconf 88' lang='lat' dir='ltr'><strong>Carydii</strong></span> <span class='ocrx_word' id='word_1_129' title='bbox 1833 2015 1986 2070; x_wconf 67' lang='lat'><strong>248</strong></span> 
     </span>
    </p>
   </div>
   <div class='ocr_carea' id='block_1_23' title="bbox 345 2103 1988 2177">
    <p class='ocr_par' dir='ltr' id='par_1_23' title="bbox 345 2103 1988 2177">
     <span class='ocr_line' id='line_1_23' title="bbox 345 2103 1988 2177; baseline -0.001 -17"><span class='ocrx_word' id='word_1_130' title='bbox 345 2110 606 2172; x_wconf 86' lang='lat' dir='ltr'><strong>vocatur,</strong></span> <span class='ocrx_word' id='word_1_131' title='bbox 630 2105 705 2162; x_wconf 86' lang='lat' dir='ltr'><strong>ad</strong></span> <span class='ocrx_word' id='word_1_132' title='bbox 733 2107 1031 2162; x_wconf 84' lang='lat' dir='ltr'><strong>Romanos</strong></span> <span class='ocrx_word' id='word_1_133' title='bbox 1063 2122 1126 2162; x_wconf 90' lang='lat' dir='ltr'><strong>se</strong></span> <span class='ocrx_word' id='word_1_134' title='bbox 1153 2105 1304 2162; x_wconf 82' lang='lat' dir='ltr'><strong>ﬁnes</strong></span> <span class='ocrx_word' id='word_1_135' title='bbox 1333 2105 1576 2177; x_wconf 88' lang='lat' dir='ltr'><strong>recepit.</strong></span> <span class='ocrx_word' id='word_1_136' title='bbox 1611 2106 1832 2160; x_wconf 73' lang='lat' dir='ltr'><strong>Praeter</strong></span> <span class='ocrx_word' id='word_1_137' title='bbox 1861 2103 1988 2160; x_wconf 63' lang='lat' dir='ltr'><strong>hinc</strong></span> 
     </span>
    </p>
   </div>
   <div class='ocr_carea' id='block_1_24' title="bbox 343 2189 1991 2266">
    <p class='ocr_par' dir='ltr' id='par_1_24' title="bbox 343 2189 1991 2266">
     <span class='ocr_line' id='line_1_24' title="bbox 343 2189 1991 2266; baseline -0.001 -18"><span class='ocrx_word' id='word_1_138' title='bbox 343 2191 792 2249; x_wconf 77' lang='lat' dir='ltr'><strong>Anatolicorum</strong></span> <span class='ocrx_word' id='word_1_139' title='bbox 825 2209 1059 2266; x_wconf 89' lang='lat' dir='ltr'><strong>quoque</strong></span> <span class='ocrx_word' id='word_1_140' title='bbox 1084 2191 1587 2266; x_wconf 68' lang='lat' dir='ltr'><strong>Cappadociaaque</strong></span> <span class='ocrx_word' id='word_1_141' title='bbox 1608 2189 1791 2246; x_wconf 90' lang='lat' dir='ltr'><strong>duces</strong></span> <span class='ocrx_word' id='word_1_142' title='bbox 1811 2207 1991 2262; x_wconf 88' lang='lat' dir='ltr'><strong>supe-</strong></span> 
     </span>
    </p>
   </div>
   <div class='ocr_carea' id='block_1_25' title="bbox 342 2279 1988 2354">
    <p class='ocr_par' dir='ltr' id='par_1_25' title="bbox 342 2279 1988 2354">
     <span class='ocr_line' id='line_1_25' title="bbox 342 2279 1988 2354; baseline 0.001 -20"><span class='ocrx_word' id='word_1_143' title='bbox 342 2279 500 2342; x_wconf 85' lang='lat' dir='ltr'><strong>riore</strong></span> <span class='ocrx_word' id='word_1_144' title='bbox 523 2279 830 2350; x_wconf 90' lang='lat' dir='ltr'><strong>memoria,</strong></span> <span class='ocrx_word' id='word_1_145' title='bbox 863 2280 1102 2351; x_wconf 90' lang='lat' dir='ltr'><strong>quando</strong></span> <span class='ocrx_word' id='word_1_146' title='bbox 1120 2282 1440 2338; x_wconf 87' lang='lat' dir='ltr'><strong>Tarsenses</strong></span> <span class='ocrx_word' id='word_1_147' title='bbox 1461 2280 1522 2334; x_wconf 92' lang='lat' dir='ltr'><strong>in</strong></span> <span class='ocrx_word' id='word_1_148' title='bbox 1544 2296 1750 2354; x_wconf 82' lang='lat' dir='ltr'><strong>agrum</strong></span> <span class='ocrx_word' id='word_1_149' title='bbox 1771 2280 1988 2336; x_wconf 84' lang='lat' dir='ltr'><strong>Roma-</strong></span> 
     </span>
    </p>
   </div>
   <div class='ocr_carea' id='block_1_26' title="bbox 345 2367 1988 2441">
    <p class='ocr_par' dir='ltr' id='par_1_26' title="bbox 345 2367 1988 2441">
     <span class='ocr_line' id='line_1_26' title="bbox 345 2367 1988 2441; baseline -0.001 -19"><span class='ocrx_word' id='word_1_150' title='bbox 345 2382 490 2423; x_wconf 91' lang='lat' dir='ltr'><strong>num</strong></span> <span class='ocrx_word' id='word_1_151' title='bbox 547 2367 1004 2440; x_wconf 89' lang='lat' dir='ltr'><strong>impressionem</strong></span> <span class='ocrx_word' id='word_1_152' title='bbox 1051 2368 1337 2437; x_wconf 86' lang='lat' dir='ltr'><strong>fecerant,</strong></span> <span class='ocrx_word' id='word_1_153' title='bbox 1367 2385 1473 2441; x_wconf 90' lang='lat' dir='ltr'><strong>per</strong></span> <span class='ocrx_word' id='word_1_154' title='bbox 1515 2367 1694 2424; x_wconf 87' lang='lat' dir='ltr'><strong>aliam</strong></span> <span class='ocrx_word' id='word_1_155' title='bbox 1739 2367 1897 2422; x_wconf 90' lang='lat' dir='ltr'><strong>viam</strong></span> <span class='ocrx_word' id='word_1_156' title='bbox 1926 2367 1988 2421; x_wconf 91' lang='lat' dir='ltr'><strong>in</strong></span> 
     </span>
    </p>
   </div>
   <div class='ocr_carea' id='block_1_27' title="bbox 341 2455 1987 2530">
    <p class='ocr_par' dir='ltr' id='par_1_27' title="bbox 341 2455 1987 2530">
     <span class='ocr_line' id='line_1_27' title="bbox 341 2455 1987 2530; baseline -0.001 -18"><span class='ocrx_word' id='word_1_157' title='bbox 341 2455 583 2512; x_wconf 89' lang='lat' dir='ltr'><strong>illorum</strong></span> <span class='ocrx_word' id='word_1_158' title='bbox 612 2457 916 2530; x_wconf 80' lang='lat' dir='ltr'><strong>regionem</strong></span> <span class='ocrx_word' id='word_1_159' title='bbox 947 2457 1220 2530; x_wconf 88' lang='lat' dir='ltr'><strong>ingressi,</strong></span> <span class='ocrx_word' id='word_1_160' title='bbox 1242 2457 1418 2514; x_wconf 91' lang='lat' dir='ltr'><strong>modo</strong></span> <span class='ocrx_word' id='word_1_161' title='bbox 1450 2474 1557 2529; x_wconf 93' lang='lat' dir='ltr'><strong>per</strong></span> <span class='ocrx_word' id='word_1_162' title='bbox 1586 2473 1648 2514; x_wconf 91' lang='lat' dir='ltr'><strong>se</strong></span> <span class='ocrx_word' id='word_1_163' title='bbox 1667 2455 1987 2528; x_wconf 87' lang='lat' dir='ltr'><strong>ipsi,modo</strong></span> 
     </span>
    </p>
   </div>
   <div class='ocr_carea' id='block_1_28' title="bbox 346 2542 1989 2616">
    <p class='ocr_par' dir='ltr' id='par_1_28' title="bbox 346 2542 1989 2616">
     <span class='ocr_line' id='line_1_28' title="bbox 346 2542 1989 2616; baseline 0 -19"><span class='ocrx_word' id='word_1_164' title='bbox 346 2559 455 2614; x_wconf 92' lang='lat' dir='ltr'><strong>per</strong></span> <span class='ocrx_word' id='word_1_165' title='bbox 484 2542 773 2614; x_wconf 88' lang='lat' dir='ltr'><strong>quosdam</strong></span> <span class='ocrx_word' id='word_1_166' title='bbox 805 2560 1048 2600; x_wconf 89' lang='lat' dir='ltr'><strong>suorum</strong></span> <span class='ocrx_word' id='word_1_167' title='bbox 1081 2559 1147 2598; x_wconf 91' lang='lat' dir='ltr'><strong>eo</strong></span> <span class='ocrx_word' id='word_1_168' title='bbox 1183 2543 1519 2616; x_wconf 87' lang='lat' dir='ltr'><strong>missos,pro</strong></span> <span class='ocrx_word' id='word_1_169' title='bbox 1549 2543 1829 2600; x_wconf 86' lang='lat' dir='ltr'><strong>facultate</strong></span> <span class='ocrx_word' id='word_1_170' title='bbox 1852 2543 1989 2598; x_wconf 91' lang='lat' dir='ltr'><strong>illos</strong></span> 
     </span>
    </p>
   </div>
   <div class='ocr_carea' id='block_1_29' title="bbox 342 2632 1992 2705">
    <p class='ocr_par' dir='ltr' id='par_1_29' title="bbox 342 2632 1992 2705">
     <span class='ocr_line' id='line_1_29' title="bbox 342 2632 1992 2705; baseline 0.002 -19"><span class='ocrx_word' id='word_1_171' title='bbox 342 2633 942 2690; x_wconf 83' lang='lat' dir='ltr'><strong>vexaverunt.Eadem</strong></span> <span class='ocrx_word' id='word_1_172' title='bbox 971 2637 1321 2705; x_wconf 88' lang='lat' dir='ltr'><strong>tempestate</strong></span> <span class='ocrx_word' id='word_1_173' title='bbox 1353 2633 1422 2702; x_wconf 90' lang='lat' dir='ltr'><strong>is,</strong></span> <span class='ocrx_word' id='word_1_174' title='bbox 1456 2634 1549 2689; x_wconf 92' lang='lat' dir='ltr'><strong>cui</strong></span> <span class='ocrx_word' id='word_1_175' title='bbox 1577 2632 1831 2705; x_wconf 84' lang='lat' dir='ltr'><strong>Lycandi</strong></span> <span class='ocrx_word' id='word_1_176' title='bbox 1864 2639 1992 2689; x_wconf 87' lang='lat' dir='ltr'><strong>erat</strong></span> 
     </span>
    </p>
   </div>
   <div class='ocr_carea' id='block_1_30' title="bbox 342 2717 1990 2795">
    <p class='ocr_par' dir='ltr' id='par_1_30' title="bbox 342 2717 1990 2795">
     <span class='ocr_line' id='line_1_30' title="bbox 342 2717 1990 2795; baseline 0.001 -17"><span class='ocrx_word' id='word_1_177' title='bbox 342 2721 900 2795; x_wconf 81' lang='lat' dir='ltr'><strong>provinciarumque</strong></span> <span class='ocrx_word' id='word_1_178' title='bbox 921 2717 1525 2794; x_wconf 74' lang='lat' dir='ltr'><strong>limitanearum,quaa</strong></span> <span class='ocrx_word' id='word_1_179' title='bbox 1556 2723 1636 2778; x_wconf 89' lang='lat' dir='ltr'><strong>ibi</strong></span> <span class='ocrx_word' id='word_1_180' title='bbox 1669 2729 1990 2794; x_wconf 88' lang='lat' dir='ltr'><strong>sunt,com-</strong></span> 
     </span>
    </p>
   </div>
   <div class='ocr_carea' id='block_1_31' title="bbox 346 2813 1988 2884">
    <p class='ocr_par' dir='ltr' id='par_1_31' title="bbox 346 2813 1988 2884">
     <span class='ocr_line' id='line_1_31' title="bbox 346 2813 1988 2884; baseline 0.001 -16"><span class='ocrx_word' id='word_1_181' title='bbox 346 2813 532 2869; x_wconf 90' lang='lat' dir='ltr'><strong>missa</strong></span> <span class='ocrx_word' id='word_1_182' title='bbox 560 2829 722 2880; x_wconf 90' lang='lat' dir='ltr'><strong>cura,</strong></span> <span class='ocrx_word' id='word_1_183' title='bbox 753 2813 1226 2884; x_wconf 88' lang='lat' dir='ltr'><strong>quotiescunque</strong></span> <span class='ocrx_word' id='word_1_184' title='bbox 1247 2813 1406 2869; x_wconf 85' lang='lat' dir='ltr'><strong>Alim</strong></span> <span class='ocrx_word' id='word_1_185' title='bbox 1431 2813 1796 2869; x_wconf 88' lang='lat' dir='ltr'><strong>Chambdani</strong></span> <span class='ocrx_word' id='word_1_186' title='bbox 1828 2813 1988 2869; x_wconf 85' lang='lat' dir='ltr'><strong>ﬁlius</strong></span> 
     </span>
    </p>
   </div>
   <div class='ocr_carea' id='block_1_32' title="bbox 340 2903 1988 2976">
    <p class='ocr_par' dir='ltr' id='par_1_32' title="bbox 340 2903 1988 2976">
     <span class='ocr_line' id='line_1_32' title="bbox 340 2903 1988 2976; baseline 0 -16"><span class='ocrx_word' id='word_1_187' title='bbox 340 2903 431 2960; x_wconf 91' lang='lat' dir='ltr'><strong>vel</strong></span> <span class='ocrx_word' id='word_1_188' title='bbox 459 2905 520 2959; x_wconf 90' lang='lat' dir='ltr'><strong>in</strong></span> <span class='ocrx_word' id='word_1_189' title='bbox 551 2905 846 2960; x_wconf 80' lang='lat' dir='ltr'><strong>Romanos</strong></span> <span class='ocrx_word' id='word_1_190' title='bbox 878 2904 1027 2959; x_wconf 80' lang='lat' dir='ltr'><strong>ﬁnes</strong></span> <span class='ocrx_word' id='word_1_191' title='bbox 1059 2903 1452 2976; x_wconf 87' lang='lat' dir='ltr'><strong>irruptionem</strong></span> <span class='ocrx_word' id='word_1_192' title='bbox 1500 2904 1775 2972; x_wconf 88' lang='lat' dir='ltr'><strong>faciebat,</strong></span> <span class='ocrx_word' id='word_1_193' title='bbox 1805 2905 1896 2959; x_wconf 85' lang='lat' dir='ltr'><strong>vel</strong></span> <span class='ocrx_word' id='word_1_194' title='bbox 1927 2905 1988 2960; x_wconf 94' lang='lat' dir='ltr'><strong>in</strong></span> 
     </span>
    </p>
   </div>
   <div class='ocr_carea' id='block_1_33' title="bbox 345 2992 1992 3066">
    <p class='ocr_par' dir='ltr' id='par_1_33' title="bbox 345 2992 1992 3066">
     <span class='ocr_line' id='line_1_33' title="bbox 345 2992 1992 3066; baseline 0 -18"><span class='ocrx_word' id='word_1_195' title='bbox 345 3009 452 3048; x_wconf 90' lang='lat' dir='ltr'><strong>sua</strong></span> <span class='ocrx_word' id='word_1_196' title='bbox 489 2992 616 3064; x_wconf 88' lang='lat' dir='ltr'><strong>ipse</strong></span> <span class='ocrx_word' id='word_1_197' title='bbox 647 2993 910 3065; x_wconf 81' lang='lat' dir='ltr'><strong>regione,</strong></span> <span class='ocrx_word' id='word_1_198' title='bbox 943 3009 1120 3049; x_wconf 87' lang='lat' dir='ltr'><strong>causa</strong></span> <span class='ocrx_word' id='word_1_199' title='bbox 1139 2994 1477 3049; x_wconf 88' lang='lat' dir='ltr'><strong>necessaria</strong></span> <span class='ocrx_word' id='word_1_200' title='bbox 1495 2997 1764 3066; x_wconf 79' lang='lat' dir='ltr'><strong>urgente,</strong></span> <span class='ocrx_word' id='word_1_201' title='bbox 1797 2999 1992 3050; x_wconf 85' lang='lat' dir='ltr'><strong>castra</strong></span> 
     </span>
    </p>
   </div>
   <div class='ocr_carea' id='block_1_34' title="bbox 341 3081 1989 3156">
    <p class='ocr_par' dir='ltr' id='par_1_34' title="bbox 341 3081 1989 3156">
     <span class='ocr_line' id='line_1_34' title="bbox 341 3081 1989 3156; baseline 0.001 -18"><span class='ocrx_word' id='word_1_202' title='bbox 341 3081 1144 3153; x_wconf 84' lang='lat' dir='ltr'><strong>mutabat,Chalybonensem</strong></span> <span class='ocrx_word' id='word_1_203' title='bbox 1173 3087 1233 3138; x_wconf 90' lang='lat' dir='ltr'><strong>et</strong></span> <span class='ocrx_word' id='word_1_204' title='bbox 1251 3083 1674 3138; x_wconf 85' lang='lat' dir='ltr'><strong>Antiochinum</strong></span> <span class='ocrx_word' id='word_1_205' title='bbox 1688 3083 1989 3156; x_wconf 89' lang='lat' dir='ltr'><strong>ingressus</strong></span> 
     </span>
    </p>
   </div>
   <div class='ocr_carea' id='block_1_35' title="bbox 342 3170 1985 3244">
    <p class='ocr_par' dir='ltr' id='par_1_35' title="bbox 342 3170 1985 3244">
     <span class='ocr_line' id='line_1_35' title="bbox 342 3170 1985 3244; baseline 0.001 -18"><span class='ocrx_word' id='word_1_206' title='bbox 342 3187 572 3244; x_wconf 88' lang='lat' dir='ltr'><strong>agrum,</strong></span> <span class='ocrx_word' id='word_1_207' title='bbox 603 3187 884 3243; x_wconf 87' lang='lat' dir='ltr'><strong>magnum</strong></span> <span class='ocrx_word' id='word_1_208' title='bbox 905 3171 1171 3243; x_wconf 90' lang='lat' dir='ltr'><strong>partibus</strong></span> <span class='ocrx_word' id='word_1_209' title='bbox 1201 3170 1322 3226; x_wconf 91' lang='lat' dir='ltr'><strong>illis</strong></span> <span class='ocrx_word' id='word_1_210' title='bbox 1340 3171 1763 3228; x_wconf 90' lang='lat' dir='ltr'><strong>detrimentum</strong></span> <span class='ocrx_word' id='word_1_211' title='bbox 1776 3173 1985 3228; x_wconf 79' lang='lat' dir='ltr'><strong>affere-</strong></span> 
     </span>
    </p>
   </div>
   <div class='ocr_carea' id='block_1_36' title="bbox 339 3259 1988 3334">
    <p class='ocr_par' dir='ltr' id='par_1_36' title="bbox 339 3259 1988 3334">
     <span class='ocr_line' id='line_1_36' title="bbox 339 3259 1988 3334; baseline 0 -18"><span class='ocrx_word' id='word_1_212' title='bbox 339 3259 478 3316; x_wconf 89' lang='lat' dir='ltr'><strong>bat:</strong></span> <span class='ocrx_word' id='word_1_213' title='bbox 512 3261 573 3316; x_wconf 89' lang='lat' dir='ltr'><strong>in</strong></span> <span class='ocrx_word' id='word_1_214' title='bbox 594 3265 1070 3332; x_wconf 84' lang='lat' dir='ltr'><strong>potestatemque</strong></span> <span class='ocrx_word' id='word_1_215' title='bbox 1103 3259 1409 3334; x_wconf 88' lang='lat' dir='ltr'><strong>redigebat</strong></span> <span class='ocrx_word' id='word_1_216' title='bbox 1437 3279 1606 3318; x_wconf 88' lang='lat' dir='ltr'><strong>suam</strong></span> <span class='ocrx_word' id='word_1_217' title='bbox 1637 3261 1816 3317; x_wconf 82' lang='lat' dir='ltr'><strong>Alimi</strong></span> <span class='ocrx_word' id='word_1_218' title='bbox 1846 3279 1988 3334; x_wconf 89' lang='lat' dir='ltr'><strong>pro-</strong></span> 
     </span>
    </p>
   </div>
   <div class='ocr_carea' id='block_1_37' title="bbox 342 3350 1987 3425">
    <p class='ocr_par' dir='ltr' id='par_1_37' title="bbox 342 3350 1987 3425">
     <span class='ocr_line' id='line_1_37' title="bbox 342 3350 1987 3425; baseline 0.001 -21"><span class='ocrx_word' id='word_1_219' title='bbox 342 3350 625 3422; x_wconf 87' lang='lat' dir='ltr'><strong>pinquos,</strong></span> <span class='ocrx_word' id='word_1_220' title='bbox 655 3350 866 3406; x_wconf 91' lang='lat' dir='ltr'><strong>castris</strong></span> <span class='ocrx_word' id='word_1_221' title='bbox 909 3350 1220 3423; x_wconf 59' lang='lat' dir='ltr'><strong>praefectos</strong></span> <span class='ocrx_word' id='word_1_222' title='bbox 1251 3367 1498 3425; x_wconf 88' lang='lat' dir='ltr'><strong>magnos</strong></span> <span class='ocrx_word' id='word_1_223' title='bbox 1528 3369 1594 3408; x_wconf 90' lang='lat' dir='ltr'><strong>ac</strong></span> <span class='ocrx_word' id='word_1_224' title='bbox 1635 3351 1987 3423; x_wconf 89' lang='lat' dir='ltr'><strong>spectabiles</strong></span> 
     </span>
    </p>
   </div>
   <div class='ocr_carea' id='block_1_38' title="bbox 343 3439 1989 3513">
    <p class='ocr_par' dir='ltr' id='par_1_38' title="bbox 343 3439 1989 3513">
     <span class='ocr_line' id='line_1_38' title="bbox 343 3439 1989 3513; baseline 0.002 -19"><span class='ocrx_word' id='word_1_225' title='bbox 343 3439 973 3513; x_wconf 88' lang='lat' dir='ltr'><strong>homines,eorumque</strong></span> <span class='ocrx_word' id='word_1_226' title='bbox 1003 3440 1247 3510; x_wconf 88' lang='lat' dir='ltr'><strong>milites,</strong></span> <span class='ocrx_word' id='word_1_227' title='bbox 1275 3441 1430 3498; x_wconf 91' lang='lat' dir='ltr'><strong>viros</strong></span> <span class='ocrx_word' id='word_1_228' title='bbox 1459 3440 1989 3510; x_wconf 85' lang='lat' dir='ltr'><strong>fortes,etcastella</strong></span> 
     </span>
    </p>
   </div>
   <div class='ocr_carea' id='block_1_39' title="bbox 341 3529 1990 3602">
    <p class='ocr_par' dir='ltr' id='par_1_39' title="bbox 341 3529 1990 3602">
     <span class='ocr_line' id='line_1_39' title="bbox 341 3529 1990 3602; baseline 0.001 -17"><span class='ocrx_word' id='word_1_229' title='bbox 341 3546 592 3586; x_wconf 89' lang='lat' dir='ltr'><strong>numero</strong></span> <span class='ocrx_word' id='word_1_230' title='bbox 622 3529 902 3602; x_wconf 88' lang='lat' dir='ltr'><strong>plurima.</strong></span> <span class='ocrx_word' id='word_1_231' title='bbox 935 3531 1100 3596; x_wconf 90' lang='lat' dir='ltr'><strong>Quod</strong></span> <span class='ocrx_word' id='word_1_232' title='bbox 1139 3530 1300 3587; x_wconf 88' lang='lat' dir='ltr'><strong>idem</strong></span> <span class='ocrx_word' id='word_1_233' title='bbox 1358 3531 1420 3586; x_wconf 89' lang='lat' dir='ltr'><strong>in</strong></span> <span class='ocrx_word' id='word_1_234' title='bbox 1477 3530 1777 3587; x_wconf 89' lang='lat' dir='ltr'><strong>Ciliciensi</strong></span> <span class='ocrx_word' id='word_1_235' title='bbox 1809 3531 1990 3587; x_wconf 82' lang='lat' dir='ltr'><strong>fiebat</strong></span> 
     </span>
    </p>
   </div>
   <div class='ocr_carea' id='block_1_40' title="bbox 339 3619 1987 3692">
    <p class='ocr_par' dir='ltr' id='par_1_40' title="bbox 339 3619 1987 3692">
     <span class='ocr_line' id='line_1_40' title="bbox 339 3619 1987 3692; baseline 0.001 -18"><span class='ocrx_word' id='word_1_236' title='bbox 339 3619 778 3691; x_wconf 85' lang='lat' dir='ltr'><strong>tractu,quippe</strong></span> <span class='ocrx_word' id='word_1_237' title='bbox 793 3621 892 3691; x_wconf 91' lang='lat' dir='ltr'><strong>qui</strong></span> <span class='ocrx_word' id='word_1_238' title='bbox 907 3619 1176 3690; x_wconf 86' lang='lat' dir='ltr'><strong>Lycando</strong></span> <span class='ocrx_word' id='word_1_239' title='bbox 1191 3621 1268 3676; x_wconf 89' lang='lat' dir='ltr'><strong>sit</strong></span> <span class='ocrx_word' id='word_1_240' title='bbox 1279 3620 1987 3692; x_wconf 82' lang='lat' dir='ltr'><strong>ﬁnitimus.Quapropter,</strong></span> 
     </span>
    </p>
   </div>
   <div class='ocr_carea' id='block_1_41' title="bbox 344 3706 1990 3780">
    <p class='ocr_par' dir='ltr' id='par_1_41' title="bbox 344 3706 1990 3780">
     <span class='ocr_line' id='line_1_41' title="bbox 344 3706 1990 3780; baseline 0.001 -18"><span class='ocrx_word' id='word_1_241' title='bbox 344 3724 378 3762; x_wconf 97' lang='lat' dir='ltr'><strong>o</strong></span> <span class='ocrx_word' id='word_1_242' title='bbox 409 3707 549 3776; x_wconf 81' lang='lat' dir='ltr'><strong>dux,</strong></span> <span class='ocrx_word' id='word_1_243' title='bbox 577 3706 869 3777; x_wconf 88' lang='lat' dir='ltr'><strong>siquando</strong></span> <span class='ocrx_word' id='word_1_244' title='bbox 918 3707 1216 3764; x_wconf 90' lang='lat' dir='ltr'><strong>industria</strong></span> <span class='ocrx_word' id='word_1_245' title='bbox 1261 3708 1616 3780; x_wconf 86' lang='lat' dir='ltr'><strong>insidiisque</strong></span> <span class='ocrx_word' id='word_1_246' title='bbox 1673 3710 1794 3764; x_wconf 89' lang='lat' dir='ltr'><strong>tuis</strong></span> <span class='ocrx_word' id='word_1_247' title='bbox 1831 3709 1990 3766; x_wconf 89' lang='lat' dir='ltr'><strong>male</strong></span> 
     </span>
    </p>
   </div>
   <div class='ocr_carea' id='block_1_42' title="bbox 342 3795 1991 3871">
    <p class='ocr_par' dir='ltr' id='par_1_42' title="bbox 342 3795 1991 3871">
     <span class='ocr_line' id='line_1_42' title="bbox 342 3795 1991 3871; baseline 0.002 -19"><span class='ocrx_word' id='word_1_248' title='bbox 342 3795 562 3852; x_wconf 89' lang='lat' dir='ltr'><strong>habere</strong></span> <span class='ocrx_word' id='word_1_249' title='bbox 592 3813 714 3852; x_wconf 90' lang='lat' dir='ltr'><strong>non</strong></span> <span class='ocrx_word' id='word_1_250' title='bbox 738 3802 908 3868; x_wconf 83' lang='lat' dir='ltr'><strong>potes</strong></span> <span class='ocrx_word' id='word_1_251' title='bbox 940 3797 1165 3863; x_wconf 84' lang='lat' dir='ltr'><strong>hostes,</strong></span> <span class='ocrx_word' id='word_1_252' title='bbox 1199 3799 1356 3870; x_wconf 88' lang='lat' dir='ltr'><strong>quod</strong></span> <span class='ocrx_word' id='word_1_253' title='bbox 1405 3799 1519 3870; x_wconf 88' lang='lat' dir='ltr'><strong>ipsi</strong></span> <span class='ocrx_word' id='word_1_254' title='bbox 1577 3817 1640 3856; x_wconf 92' lang='lat' dir='ltr'><strong>se</strong></span> <span class='ocrx_word' id='word_1_255' title='bbox 1672 3800 1991 3871; x_wconf 79' lang='lat' dir='ltr'><strong>diligenter</strong></span> 
     </span>
    </p>
   </div>
   <div class='ocr_carea' id='block_1_43' title="bbox 347 3884 1988 3960">
    <p class='ocr_par' dir='ltr' id='par_1_43' title="bbox 347 3884 1988 3960">
     <span class='ocr_line' id='line_1_43' title="bbox 347 3884 1988 3960; baseline 0.004 -21"><span class='ocrx_word' id='word_1_256' title='bbox 347 3884 760 3940; x_wconf 89' lang='lat' dir='ltr'><strong>communiant</strong></span> <span class='ocrx_word' id='word_1_257' title='bbox 803 3900 872 3940; x_wconf 92' lang='lat' dir='ltr'><strong>ac</strong></span> <span class='ocrx_word' id='word_1_258' title='bbox 923 3889 1206 3942; x_wconf 89' lang='lat' dir='ltr'><strong>tueantur</strong></span> <span class='ocrx_word' id='word_1_259' title='bbox 1237 3903 1251 3942; x_wconf 88' lang='lat'><strong>:</strong></span> <span class='ocrx_word' id='word_1_260' title='bbox 1286 3903 1482 3958; x_wconf 89' lang='lat' dir='ltr'><strong>neque</strong></span> <span class='ocrx_word' id='word_1_261' title='bbox 1525 3889 1712 3960; x_wconf 89' lang='lat' dir='ltr'><strong>magis</strong></span> <span class='ocrx_word' id='word_1_262' title='bbox 1743 3888 1988 3945; x_wconf 88' lang='lat' dir='ltr'><strong>idoneas</strong></span> 
     </span>
    </p>
   </div>
   <div class='ocr_carea' id='block_1_44' title="bbox 348 3972 1991 4050">
    <p class='ocr_par' dir='ltr' id='par_1_44' title="bbox 348 3972 1991 4050">
     <span class='ocr_line' id='line_1_44' title="bbox 348 3972 1991 4050; baseline 0.003 -22"><span class='ocrx_word' id='word_1_263' title='bbox 348 3972 532 4029; x_wconf 87' lang='lat' dir='ltr'><strong>habes</strong></span> <span class='ocrx_word' id='word_1_264' title='bbox 563 3974 785 4046; x_wconf 87' lang='lat' dir='ltr'><strong>copias,</strong></span> <span class='ocrx_word' id='word_1_265' title='bbox 807 3979 876 4030; x_wconf 89' lang='lat' dir='ltr'><strong>ut</strong></span> <span class='ocrx_word' id='word_1_266' title='bbox 904 3980 1106 4046; x_wconf 92' lang='lat' dir='ltr'><strong>aperto</strong></span> <span class='ocrx_word' id='word_1_267' title='bbox 1136 3977 1317 4032; x_wconf 86' lang='lat' dir='ltr'><strong>Marte</strong></span> <span class='ocrx_word' id='word_1_268' title='bbox 1338 3975 1642 4033; x_wconf 89' lang='lat' dir='ltr'><strong>decertare</strong></span> <span class='ocrx_word' id='word_1_269' title='bbox 1673 3977 1868 4050; x_wconf 91' lang='lat' dir='ltr'><strong>possis</strong></span> <span class='ocrx_word' id='word_1_270' title='bbox 1893 3995 1906 4033; x_wconf 90' lang='lat'><strong>:</strong></span> <span class='ocrx_word' id='word_1_271' title='bbox 1931 3978 1991 4034; x_wconf 92' lang='lat' dir='ltr'><strong>id</strong></span> 
     </span>
    </p>
   </div>
   <div class='ocr_carea' id='block_1_45' title="bbox 347 4061 1990 4140">
    <p class='ocr_par' dir='ltr' id='par_1_45' title="bbox 347 4061 1990 4140">
     <span class='ocr_line' id='line_1_45' title="bbox 347 4061 1990 4140; baseline 0.004 -24"><span class='ocrx_word' id='word_1_272' title='bbox 347 4061 504 4135; x_wconf 90' lang='lat' dir='ltr'><strong>quod</strong></span> <span class='ocrx_word' id='word_1_273' title='bbox 537 4062 796 4118; x_wconf 80' lang='lat' dir='ltr'><strong>diximus</strong></span> <span class='ocrx_word' id='word_1_274' title='bbox 817 4061 1013 4119; x_wconf 85' lang='lat' dir='ltr'><strong>facere</strong></span> <span class='ocrx_word' id='word_1_275' title='bbox 1046 4069 1100 4120; x_wconf 91' lang='lat' dir='ltr'><strong>te</strong></span> <span class='ocrx_word' id='word_1_276' title='bbox 1132 4069 1397 4138; x_wconf 89' lang='lat' dir='ltr'><strong>oportet:</strong></span> <span class='ocrx_word' id='word_1_277' title='bbox 1421 4071 1482 4122; x_wconf 91' lang='lat' dir='ltr'><strong>et</strong></span> <span class='ocrx_word' id='word_1_278' title='bbox 1506 4067 1599 4122; x_wconf 87' lang='lat' dir='ltr'><strong>vel</strong></span> <span class='ocrx_word' id='word_1_279' title='bbox 1629 4071 1685 4122; x_wconf 88' lang='lat' dir='ltr'><strong>te</strong></span> <span class='ocrx_word' id='word_1_280' title='bbox 1705 4067 1905 4140; x_wconf 92' lang='lat' dir='ltr'><strong>ipsum</strong></span> <span class='ocrx_word' id='word_1_281' title='bbox 1927 4067 1990 4124; x_wconf 90' lang='lat' dir='ltr'><strong>in</strong></span> 
     </span>
    </p>
   </div>
   <div class='ocr_carea' id='block_1_46' title="bbox 345 4151 1986 4229">
    <p class='ocr_par' dir='ltr' id='par_1_46' title="bbox 345 4151 1986 4229">
     <span class='ocr_line' id='line_1_46' title="bbox 345 4151 1986 4229; baseline 0.003 -21"><span class='ocrx_word' id='word_1_282' title='bbox 345 4151 818 4208; x_wconf 81' lang='lat' dir='ltr'><strong>adversariorum</strong></span> <span class='ocrx_word' id='word_1_283' title='bbox 840 4153 1062 4210; x_wconf 89' lang='lat' dir='ltr'><strong>limites</strong></span> <span class='ocrx_word' id='word_1_284' title='bbox 1084 4153 1326 4226; x_wconf 82' lang='lat' dir='ltr'><strong>inferre,</strong></span> <span class='ocrx_word' id='word_1_285' title='bbox 1359 4155 1568 4213; x_wconf 90' lang='lat' dir='ltr'><strong>relicto</strong></span> <span class='ocrx_word' id='word_1_286' title='bbox 1619 4158 1986 4229; x_wconf 60' lang='lat' dir='ltr'><strong>praestantis-</strong></span> 
     </span>
    </p>
   </div>
   <div class='ocr_carea' id='block_1_47' title="bbox 345 4242 1989 4319">
    <p class='ocr_par' dir='ltr' id='par_1_47' title="bbox 345 4242 1989 4319">
     <span class='ocr_line' id='line_1_47' title="bbox 345 4242 1989 4319; baseline 0.004 -21"><span class='ocrx_word' id='word_1_287' title='bbox 345 4242 496 4298; x_wconf 91' lang='lat' dir='ltr'><strong>simo</strong></span> <span class='ocrx_word' id='word_1_288' title='bbox 519 4259 588 4297; x_wconf 86' lang='lat' dir='ltr'><strong>ex</strong></span> <span class='ocrx_word' id='word_1_289' title='bbox 603 4242 896 4314; x_wconf 71' lang='lat' dir='ltr'><strong>prmfectis</strong></span> <span class='ocrx_word' id='word_1_290' title='bbox 927 4243 1204 4312; x_wconf 90' lang='lat' dir='ltr'><strong>tuis,cum</strong></span> <span class='ocrx_word' id='word_1_291' title='bbox 1221 4261 1403 4301; x_wconf 88' lang='lat' dir='ltr'><strong>manu</strong></span> <span class='ocrx_word' id='word_1_292' title='bbox 1429 4263 1561 4318; x_wconf 69' lang='lat' dir='ltr'><strong>qum</strong></span> <span class='ocrx_word' id='word_1_293' title='bbox 1583 4247 1989 4319; x_wconf 87' lang='lat' dir='ltr'><strong>adinsequen-</strong></span> 
     </span>
    </p>
   </div>
   <div class='ocr_carea' id='block_1_48' title="bbox 345 4331 1988 4406">
    <p class='ocr_par' dir='ltr' id='par_1_48' title="bbox 345 4331 1988 4406">
     <span class='ocr_line' id='line_1_48' title="bbox 345 4331 1988 4406; baseline 0.003 -19"><span class='ocrx_word' id='word_1_294' title='bbox 345 4331 452 4387; x_wconf 91' lang='lat' dir='ltr'><strong>dos</strong></span> <span class='ocrx_word' id='word_1_295' title='bbox 473 4332 674 4388; x_wconf 89' lang='lat' dir='ltr'><strong>hostes</strong></span> <span class='ocrx_word' id='word_1_296' title='bbox 701 4331 1070 4405; x_wconf 87' lang='lat' dir='ltr'><strong>tuendasque</strong></span> <span class='ocrx_word' id='word_1_297' title='bbox 1115 4335 1448 4406; x_wconf 80' lang='lat' dir='ltr'><strong>provincias</strong></span> <span class='ocrx_word' id='word_1_298' title='bbox 1473 4337 1550 4391; x_wconf 91' lang='lat' dir='ltr'><strong>sit</strong></span> <span class='ocrx_word' id='word_1_299' title='bbox 1579 4337 1721 4392; x_wconf 90' lang='lat' dir='ltr'><strong>satis</strong></span> <span class='ocrx_word' id='word_1_300' title='bbox 1748 4354 1761 4390; x_wconf 90' lang='lat'><strong>:</strong></span> <span class='ocrx_word' id='word_1_301' title='bbox 1794 4337 1906 4404; x_wconf 90' lang='lat' dir='ltr'><strong>vel,</strong></span> <span class='ocrx_word' id='word_1_302' title='bbox 1940 4337 1988 4392; x_wconf 91' lang='lat' dir='ltr'><strong>si</strong></span> 
     </span>
    </p>
   </div>
   <div class='ocr_carea' id='block_1_49' title="bbox 345 4421 1989 4498">
    <p class='ocr_par' dir='ltr' id='par_1_49' title="bbox 345 4421 1989 4498">
     <span class='ocr_line' id='line_1_49' title="bbox 345 4421 1989 4498; baseline 0.003 -22"><span class='ocrx_word' id='word_1_303' title='bbox 345 4425 411 4476; x_wconf 90' lang='lat' dir='ltr'><strong>tu</strong></span> <span class='ocrx_word' id='word_1_304' title='bbox 439 4421 565 4493; x_wconf 86' lang='lat' dir='ltr'><strong>ipse</strong></span> <span class='ocrx_word' id='word_1_305' title='bbox 597 4421 798 4477; x_wconf 87' lang='lat' dir='ltr'><strong>hostes</strong></span> <span class='ocrx_word' id='word_1_306' title='bbox 829 4423 1120 4494; x_wconf 85' lang='lat' dir='ltr'><strong>sequeris,</strong></span> <span class='ocrx_word' id='word_1_307' title='bbox 1155 4424 1311 4480; x_wconf 70' lang='lat'><strong>244</strong></span> <span class='ocrx_word' id='word_1_308' title='bbox 1359 4426 1651 4497; x_wconf 89' lang='lat' dir='ltr'><strong>optimum</strong></span> <span class='ocrx_word' id='word_1_309' title='bbox 1682 4443 1751 4481; x_wconf 86' lang='lat' dir='ltr'><strong>ex</strong></span> <span class='ocrx_word' id='word_1_310' title='bbox 1780 4426 1989 4498; x_wconf 73' lang='lat' dir='ltr'><strong>praafe-</strong></span> 
     </span>
    </p>
   </div>
   <div class='ocr_carea' id='block_1_50' title="bbox 346 4509 1990 4584">
    <p class='ocr_par' dir='ltr' id='par_1_50' title="bbox 346 4509 1990 4584">
     <span class='ocr_line' id='line_1_50' title="bbox 346 4509 1990 4584; baseline 0.004 -20"><span class='ocrx_word' id='word_1_311' title='bbox 346 4509 585 4580; x_wconf 88' lang='lat' dir='ltr'><strong>ctis,qui</strong></span> <span class='ocrx_word' id='word_1_312' title='bbox 603 4509 678 4566; x_wconf 93' lang='lat' dir='ltr'><strong>ob</strong></span> <span class='ocrx_word' id='word_1_313' title='bbox 717 4510 992 4566; x_wconf 88' lang='lat' dir='ltr'><strong>virtutem</strong></span> <span class='ocrx_word' id='word_1_314' title='bbox 1015 4527 1310 4584; x_wconf 90' lang='lat' dir='ltr'><strong>usumque</strong></span> <span class='ocrx_word' id='word_1_315' title='bbox 1327 4513 1389 4568; x_wconf 86' lang='lat' dir='ltr'><strong>in</strong></span> <span class='ocrx_word' id='word_1_316' title='bbox 1418 4529 1484 4568; x_wconf 90' lang='lat' dir='ltr'><strong>re</strong></span> <span class='ocrx_word' id='word_1_317' title='bbox 1502 4513 1748 4570; x_wconf 89' lang='lat' dir='ltr'><strong>militari</strong></span> <span class='ocrx_word' id='word_1_318' title='bbox 1771 4531 1990 4570; x_wconf 89' lang='lat' dir='ltr'><strong>nomen</strong></span> 
     </span>
    </p>
   </div>
   <div class='ocr_carea' id='block_1_51' title="bbox 2091 559 3732 639">
    <p class='ocr_par' dir='ltr' id='par_1_51' title="bbox 2091 559 3732 639">
     <span class='ocr_line' id='line_1_51' title="bbox 2091 559 3732 639; baseline -0.007 -13"><span class='ocrx_word' id='word_1_319' title='bbox 2091 571 2281 632; x_wconf 88' lang='grc' dir='ltr'>λόντες</span> <span class='ocrx_word' id='word_1_320' title='bbox 2313 569 2364 624; x_wconf 73' lang='grc' dir='ltr'>οἱ</span> <span class='ocrx_word' id='word_1_321' title='bbox 2421 571 2518 622; x_wconf 76' lang='grc' dir='ltr'><strong>τοῦ</strong></span> <span class='ocrx_word' id='word_1_322' title='bbox 2578 563 2815 639; x_wconf 81' lang='grc' dir='ltr'>Ἰσμαὴλ</span> <span class='ocrx_word' id='word_1_323' title='bbox 2865 563 3092 638; x_wconf 87' lang='grc' dir='ltr'>ἀκόσμῳ</span> <span class='ocrx_word' id='word_1_324' title='bbox 3123 564 3274 639; x_wconf 75' lang='grc' dir='ltr'><strong>φυγῇ⁹</strong></span> <span class='ocrx_word' id='word_1_325' title='bbox 3299 561 3389 617; x_wconf 83' lang='grc' dir='ltr'><strong>καὶ</strong></span> <span class='ocrx_word' id='word_1_326' title='bbox 3451 559 3732 635; x_wconf 80' lang='grc' dir='ltr'>σποράδην</span> 
     </span>
    </p>
   </div>
   <div class='ocr_carea' id='block_1_52' title="bbox 2092 652 3741 730">
    <p class='ocr_par' dir='ltr' id='par_1_52' title="bbox 2092 652 3741 730">
     <span class='ocr_line' id='line_1_52' title="bbox 2092 652 3741 730; baseline -0.005 -15"><span class='ocrx_word' id='word_1_327' title='bbox 2092 661 2217 726; x_wconf 81' lang='grc' dir='ltr'>εὐθὺ</span> <span class='ocrx_word' id='word_1_328' title='bbox 2275 666 2378 729; x_wconf 76' lang='grc' dir='ltr'><strong>τῆς</strong></span> <span class='ocrx_word' id='word_1_329' title='bbox 2436 655 2654 722; x_wconf 85' lang='grc' dir='ltr'>πόλεως</span> <span class='ocrx_word' id='word_1_330' title='bbox 2711 655 3082 730; x_wconf 78' lang='grc' dir='ltr'>ὥρμησαν.⁹0</span> <span class='ocrx_word' id='word_1_331' title='bbox 3114 652 3171 708; x_wconf 82' lang='grc' dir='ltr'><strong>δέ</strong></span> <span class='ocrx_word' id='word_1_332' title='bbox 3234 674 3299 730; x_wconf 89' lang='grc' dir='ltr'><strong>γε</strong></span> <span class='ocrx_word' id='word_1_333' title='bbox 3352 654 3460 708; x_wconf 85' lang='grc' dir='ltr'><strong>τῶν</strong></span> <span class='ocrx_word' id='word_1_334' title='bbox 3491 653 3741 726; x_wconf 81' lang='grc' dir='ltr'>Ῥωμαϊ-</span> 
     </span>
    </p>
   </div>
   <div class='ocr_carea' id='block_1_53' title="bbox 2090 738 3744 823">
    <p class='ocr_par' dir='ltr' id='par_1_53' title="bbox 2090 738 3744 823">
     <span class='ocr_line' id='line_1_53' title="bbox 2090 738 3744 823; baseline -0.005 -18"><span class='ocrx_word' id='word_1_335' title='bbox 2090 753 2199 805; x_wconf 87' lang='grc' dir='ltr'><strong>κῶν</strong></span> <span class='ocrx_word' id='word_1_336' title='bbox 2235 748 2651 823; x_wconf 82' lang='grc' dir='ltr'><strong>στρατευμάτων</strong></span> <span class='ocrx_word' id='word_1_337' title='bbox 2707 744 3017 821; x_wconf 81' lang='grc' dir='ltr'>ἡγούμενος</span> <span class='ocrx_word' id='word_1_338' title='bbox 3075 744 3240 807; x_wconf 80' lang='grc' dir='ltr'>ὅσους</span> <span class='ocrx_word' id='word_1_339' title='bbox 3282 747 3387 798; x_wconf 88' lang='grc' dir='ltr'><strong>τῶν</strong></span> <span class='ocrx_word' id='word_1_340' title='bbox 3450 738 3744 814; x_wconf 85' lang='grc' dir='ltr'>Ἰσμαηλι-</span> 
     </span>
    </p>
   </div>
   <div class='ocr_carea' id='block_1_54' title="bbox 2091 829 3744 911">
    <p class='ocr_par' dir='ltr' id='par_1_54' title="bbox 2091 829 3744 911">
     <span class='ocr_line' id='line_1_54' title="bbox 2091 829 3744 911; baseline -0.006 -16"><span class='ocrx_word' id='word_1_341' title='bbox 2091 844 2200 895; x_wconf 90' lang='grc' dir='ltr'><strong>τῶν</strong></span> <span class='ocrx_word' id='word_1_342' title='bbox 2233 836 2386 894; x_wconf 81' lang='grc' dir='ltr'>ἔνδον</span> <span class='ocrx_word' id='word_1_343' title='bbox 2417 837 2608 893; x_wconf 89' lang='grc' dir='ltr'>πυλῶν</span> <span class='ocrx_word' id='word_1_344' title='bbox 2639 830 2882 911; x_wconf 83' lang='grc' dir='ltr'>γενέσθαι</span> <span class='ocrx_word' id='word_1_345' title='bbox 2943 835 3021 909; x_wconf 77' lang='grc' dir='ltr'><strong>μή</strong></span> <span class='ocrx_word' id='word_1_346' title='bbox 3076 829 3400 904; x_wconf 74' lang='grc' dir='ltr'>δυνηθὲντας</span> <span class='ocrx_word' id='word_1_347' title='bbox 3441 832 3579 908; x_wconf 79' lang='grc' dir='ltr'>εὗρε,</span> <span class='ocrx_word' id='word_1_348' title='bbox 3611 829 3744 894; x_wconf 75' lang='grc' dir='ltr'>τοὺς</span> 
     </span>
    </p>
   </div>
   <div class='ocr_carea' id='block_1_55' title="bbox 2097 919 3750 1003">
    <p class='ocr_par' dir='ltr' id='par_1_55' title="bbox 2097 919 3750 1003">
     <span class='ocr_line' id='line_1_55' title="bbox 2097 919 3750 1003; baseline -0.006 -18"><span class='ocrx_word' id='word_1_349' title='bbox 2097 930 2192 1002; x_wconf 73' lang='grc' dir='ltr'>μὲν</span> <span class='ocrx_word' id='word_1_350' title='bbox 2223 927 2470 1003; x_wconf 81' lang='grc' dir='ltr'><strong>μαχαίρᾳ</strong></span> <span class='ocrx_word' id='word_1_351' title='bbox 2509 927 2792 1000; x_wconf 70' lang='grc' dir='ltr'>συνέκοψε,</span> <span class='ocrx_word' id='word_1_352' title='bbox 2822 923 2950 990; x_wconf 77' lang='grc' dir='ltr'>τοὺς</span> <span class='ocrx_word' id='word_1_353' title='bbox 2981 922 3038 980; x_wconf 74' lang='grc' dir='ltr'>δὲ</span> <span class='ocrx_word' id='word_1_354' title='bbox 3093 924 3236 1001; x_wconf 86' lang='grc' dir='ltr'>πρὸς</span> <span class='ocrx_word' id='word_1_355' title='bbox 3290 919 3542 978; x_wconf 76' lang='grc' dir='ltr'><strong>δουλείαν</strong></span> <span class='ocrx_word' id='word_1_356' title='bbox 3599 919 3750 996; x_wconf 75' lang='grc' dir='ltr'><strong>ἡγᾶ-</strong></span> 
     </span>
    </p>
   </div>
   <div class='ocr_carea' id='block_1_56' title="bbox 2091 1007 3744 1093">
    <p class='ocr_par' dir='ltr' id='par_1_56' title="bbox 2091 1007 3744 1093">
     <span class='ocr_line' id='line_1_56' title="bbox 2091 1007 3744 1093; baseline -0.005 -20"><span class='ocrx_word' id='word_1_357' title='bbox 2091 1039 2236 1093; x_wconf 85' lang='grc' dir='ltr'>γετο.</span> <span class='ocrx_word' id='word_1_358' title='bbox 2315 1021 2420 1072; x_wconf 81' lang='grc' dir='ltr'>Τοῦ</span> <span class='ocrx_word' id='word_1_359' title='bbox 2477 1014 2534 1072; x_wconf 75' lang='grc' dir='ltr'>δὶ</span> <span class='ocrx_word' id='word_1_360' title='bbox 2617 1014 2805 1077; x_wconf 78' lang='grc' dir='ltr'>ἃστεος</span> <span class='ocrx_word' id='word_1_361' title='bbox 2862 1013 3042 1091; x_wconf 80' lang='grc' dir='ltr'><strong>ἐγγύθι</strong></span> <span class='ocrx_word' id='word_1_362' title='bbox 3128 1007 3744 1092; x_wconf 79' lang='grc' dir='ltr'><strong>στρατοπεδευσάμενος,</strong></span> 
     </span>
    </p>
   </div>
   <div class='ocr_carea' id='block_1_57' title="bbox 2094 1098 3740 1180">
    <p class='ocr_par' dir='ltr' id='par_1_57' title="bbox 2094 1098 3740 1180">
     <span class='ocr_line' id='line_1_57' title="bbox 2094 1098 3740 1180; baseline -0.006 -17"><span class='ocrx_word' id='word_1_363' title='bbox 2094 1105 2436 1180; x_wconf 82' lang='grc' dir='ltr'><strong>ἀμπελώνων</strong></span> <span class='ocrx_word' id='word_1_364' title='bbox 2468 1104 2558 1160; x_wconf 83' lang='grc' dir='ltr'><strong>καὶ</strong></span> <span class='ocrx_word' id='word_1_365' title='bbox 2603 1101 2836 1179; x_wconf 83' lang='grc' dir='ltr'>δένδρων</span> <span class='ocrx_word' id='word_1_366' title='bbox 2894 1103 2964 1158; x_wconf 70' lang='grc' dir='ltr'><strong>τὰ</strong></span> <span class='ocrx_word' id='word_1_367' title='bbox 3016 1098 3260 1178; x_wconf 78' lang='grc' dir='ltr'><strong>ἔγκαρπα</strong></span> <span class='ocrx_word' id='word_1_368' title='bbox 3312 1102 3520 1155; x_wconf 77' lang='grc' dir='ltr'>ἅπαντα</span> <span class='ocrx_word' id='word_1_369' title='bbox 3569 1119 3740 1154; x_wconf 79' lang='grc' dir='ltr'>κατα-</span> 
     </span>
    </p>
   </div>
   <div class='ocr_carea' id='block_1_58' title="bbox 2092 1185 3745 1270">
    <p class='ocr_par' dir='ltr' id='par_1_58' title="bbox 2092 1185 3745 1270">
     <span class='ocr_line' id='line_1_58' title="bbox 2092 1185 3745 1270; baseline -0.006 -19"><span class='ocrx_word' id='word_1_370' title='bbox 2092 1195 2297 1269; x_wconf 84' lang='grc' dir='ltr'>τεμὼν,</span> <span class='ocrx_word' id='word_1_371' title='bbox 2355 1194 2415 1250; x_wconf 87' lang='grc' dir='ltr'><strong>τό</strong></span> <span class='ocrx_word' id='word_1_372' title='bbox 2458 1214 2516 1248; x_wconf 90' lang='grc' dir='ltr'><strong>τε</strong></span> <span class='ocrx_word' id='word_1_373' title='bbox 2570 1193 2724 1270; x_wconf 81' lang='grc' dir='ltr'>πὲριξ</span> <span class='ocrx_word' id='word_1_374' title='bbox 2780 1199 2880 1262; x_wconf 82' lang='grc' dir='ltr'><strong>τῆς</strong></span> <span class='ocrx_word' id='word_1_375' title='bbox 2936 1188 3154 1253; x_wconf 91' lang='grc' dir='ltr'>πόλεως</span> <span class='ocrx_word' id='word_1_376' title='bbox 3213 1187 3468 1263; x_wconf 86' lang='grc' dir='ltr'>λαμπρόν</span> <span class='ocrx_word' id='word_1_377' title='bbox 3524 1207 3584 1244; x_wconf 86' lang='grc' dir='ltr'><strong>τε</strong></span> <span class='ocrx_word' id='word_1_378' title='bbox 3648 1185 3745 1242; x_wconf 77' lang='grc' dir='ltr'><strong>καὶ</strong></span> 
     </span>
    </p>
   </div>
   <div class='ocr_carea' id='block_1_59' title="bbox 2094 1275 3746 1358">
    <p class='ocr_par' dir='ltr' id='par_1_59' title="bbox 2094 1275 3746 1358">
     <span class='ocr_line' id='line_1_59' title="bbox 2094 1275 3746 1358; baseline -0.005 -18"><span class='ocrx_word' id='word_1_379' title='bbox 2094 1284 2358 1358; x_wconf 68' lang='grc' dir='ltr'>εὔκοσμον</span> <span class='ocrx_word' id='word_1_380' title='bbox 2392 1285 2785 1358; x_wconf 80' lang='grc' dir='ltr'>ἀπημαὺρωσε.</span> <span class='ocrx_word' id='word_1_381' title='bbox 2817 1285 2894 1356; x_wconf 77' lang='grc' dir='ltr'><strong>Τῇ</strong></span> <span class='ocrx_word' id='word_1_382' title='bbox 2951 1278 3008 1337; x_wconf 75' lang='grc' dir='ltr'>δὶ</span> <span class='ocrx_word' id='word_1_383' title='bbox 3059 1278 3308 1356; x_wconf 74' lang='grc' dir='ltr'>ὑστεραίᾳ</span> <span class='ocrx_word' id='word_1_384' title='bbox 3348 1280 3481 1355; x_wconf 76' lang='grc' dir='ltr'>ἄχρι</span> <span class='ocrx_word' id='word_1_385' title='bbox 3539 1275 3746 1342; x_wconf 83' lang='grc' dir='ltr'>θαλάσ-</span> 
     </span>
    </p>
   </div>
   <div class='ocr_carea' id='block_1_60' title="bbox 2094 1365 3744 1450">
    <p class='ocr_par' dir='ltr' id='par_1_60' title="bbox 2094 1365 3744 1450">
     <span class='ocr_line' id='line_1_60' title="bbox 2094 1365 3744 1450; baseline -0.005 -20"><span class='ocrx_word' id='word_1_386' title='bbox 2094 1397 2195 1446; x_wconf 88' lang='grc' dir='ltr'><strong>σης</strong></span> <span class='ocrx_word' id='word_1_387' title='bbox 2226 1371 2541 1450; x_wconf 84' lang='grc' dir='ltr'>ἐπιδραμὼν</span> <span class='ocrx_word' id='word_1_388' title='bbox 2575 1374 2603 1429; x_wconf 84' lang='grc' dir='ltr'><strong>ὁ</strong></span> <span class='ocrx_word' id='word_1_389' title='bbox 2633 1371 2764 1435; x_wconf 88' lang='grc' dir='ltr'>λαὸς</span> <span class='ocrx_word' id='word_1_390' title='bbox 2793 1372 2982 1441; x_wconf 78' lang='grc' dir='ltr'>αὐτοῦ,</span> <span class='ocrx_word' id='word_1_391' title='bbox 3024 1369 3412 1446; x_wconf 74' lang='grc' dir='ltr'>αἰχμαλωσίαν</span> <span class='ocrx_word' id='word_1_392' title='bbox 3463 1369 3548 1424; x_wconf 77' lang='grc' dir='ltr'><strong>ὅτι</strong></span> <span class='ocrx_word' id='word_1_393' title='bbox 3577 1365 3744 1422; x_wconf 70' lang='grc' dir='ltr'>πλεί-</span> 
     </span>
    </p>
   </div>
   <div class='ocr_carea' id='block_1_61' title="bbox 2095 1454 3741 1536">
    <p class='ocr_par' dir='ltr' id='par_1_61' title="bbox 2095 1454 3741 1536">
     <span class='ocr_line' id='line_1_61' title="bbox 2095 1454 3741 1536; baseline -0.006 -15"><span class='ocrx_word' id='word_1_394' title='bbox 2095 1487 2226 1536; x_wconf 90' lang='grc' dir='ltr'>στην</span> <span class='ocrx_word' id='word_1_395' title='bbox 2283 1464 2372 1522; x_wconf 85' lang='grc' dir='ltr'><strong>καὶ</strong></span> <span class='ocrx_word' id='word_1_396' title='bbox 2430 1465 2600 1535; x_wconf 84' lang='grc' dir='ltr'>κτήνη</span> <span class='ocrx_word' id='word_1_397' title='bbox 2653 1459 2964 1536; x_wconf 87' lang='grc' dir='ltr'>πάμπολλα</span> <span class='ocrx_word' id='word_1_398' title='bbox 3019 1454 3457 1534; x_wconf 75' lang='grc' dir='ltr'>ἀναλαϐόμενος,</span> <span class='ocrx_word' id='word_1_399' title='bbox 3512 1457 3602 1514; x_wconf 79' lang='grc' dir='ltr'><strong>καὶ</strong></span> <span class='ocrx_word' id='word_1_400' title='bbox 3668 1455 3741 1512; x_wconf 86' lang='grc' dir='ltr'>δι’</span> 
     </span>
    </p>
   </div>
   <div class='ocr_carea' id='block_1_62' title="bbox 2091 1545 3736 1631">
    <p class='ocr_par' dir='ltr' id='par_1_62' title="bbox 2091 1545 3736 1631">
     <span class='ocr_line' id='line_1_62' title="bbox 2091 1545 3736 1631; baseline -0.002 -24"><span class='ocrx_word' id='word_1_401' title='bbox 2091 1555 2230 1626; x_wconf 82' lang='grc' dir='ltr'>’ὀλης</span> <span class='ocrx_word' id='word_1_402' title='bbox 2260 1561 2359 1625; x_wconf 82' lang='grc' dir='ltr'><strong>τῆς</strong></span> <span class='ocrx_word' id='word_1_403' title='bbox 2389 1555 2601 1631; x_wconf 73' lang='grc' dir='ltr'>ἡμέρας</span> <span class='ocrx_word' id='word_1_404' title='bbox 2633 1549 3021 1625; x_wconf 77' lang='grc' dir='ltr'>ὁδοιπορήσας,</span> <span class='ocrx_word' id='word_1_405' title='bbox 3054 1549 3106 1606; x_wconf 87' lang='grc' dir='ltr'><strong>ἐν</strong></span> <span class='ocrx_word' id='word_1_406' title='bbox 3133 1553 3215 1623; x_wconf 75' lang='grc' dir='ltr'><strong>τῷ</strong></span> <span class='ocrx_word' id='word_1_407' title='bbox 3245 1545 3442 1622; x_wconf 88' lang='grc' dir='ltr'>Κύδνῳ</span> <span class='ocrx_word' id='word_1_408' title='bbox 3475 1551 3736 1621; x_wconf 79' lang='grc' dir='ltr'>ποταμῷ,</span> 
     </span>
    </p>
   </div>
   <div class='ocr_carea' id='block_1_63' title="bbox 2094 1637 3742 1724">
    <p class='ocr_par' dir='ltr' id='par_1_63' title="bbox 2094 1637 3742 1724">
     <span class='ocr_line' id='line_1_63' title="bbox 2094 1637 3742 1724; baseline -0.001 -21"><span class='ocrx_word' id='word_1_409' title='bbox 2094 1646 2154 1712; x_wconf 72' lang='grc' dir='ltr'>ὅς</span> <span class='ocrx_word' id='word_1_410' title='bbox 2189 1647 2354 1724; x_wconf 72' lang='grc' dir='ltr'>Ἰέραξ</span> <span class='ocrx_word' id='word_1_411' title='bbox 2385 1647 2674 1723; x_wconf 87' lang='grc' dir='ltr'>ἐγχωρίως</span> <span class='ocrx_word' id='word_1_412' title='bbox 2730 1643 3019 1716; x_wconf 80' lang='grc' dir='ltr'>κέκληται,</span> <span class='ocrx_word' id='word_1_413' title='bbox 3079 1637 3268 1716; x_wconf 72' lang='grc' dir='ltr'>ἔξωθεν</span> <span class='ocrx_word' id='word_1_414' title='bbox 3325 1645 3427 1708; x_wconf 81' lang='grc' dir='ltr'><strong>τῆς</strong></span> <span class='ocrx_word' id='word_1_415' title='bbox 3477 1639 3742 1718; x_wconf 74' lang='grc' dir='ltr'>γεφύρας,</span> 
     </span>
    </p>
   </div>
   <div class='ocr_carea' id='block_1_64' title="bbox 2094 1726 3745 1813">
    <p class='ocr_par' dir='ltr' id='par_1_64' title="bbox 2094 1726 3745 1813">
     <span class='ocr_line' id='line_1_64' title="bbox 2094 1726 3745 1813; baseline -0.005 -21"><span class='ocrx_word' id='word_1_416' title='bbox 2094 1734 2418 1813; x_wconf 68' lang='grc' dir='ltr'>ὲνῇἡὸδὸς</span> <span class='ocrx_word' id='word_1_417' title='bbox 2474 1737 2612 1813; x_wconf 78' lang='grc' dir='ltr'>πρὸς</span> <span class='ocrx_word' id='word_1_418' title='bbox 2656 1733 2863 1793; x_wconf 81' lang='grc' dir='ltr'>’Δδανα</span> <span class='ocrx_word' id='word_1_419' title='bbox 2919 1734 3090 1813; x_wconf 72' lang='grc' dir='ltr'>φέρει,</span> <span class='ocrx_word' id='word_1_420' title='bbox 3149 1731 3489 1804; x_wconf 70' lang='grc' dir='ltr'>ἥπλήκευσε.</span> <span class='ocrx_word' id='word_1_421' title='bbox 3537 1731 3626 1804; x_wconf 76' lang='grc' dir='ltr'><strong>Τῇ</strong></span> <span class='ocrx_word' id='word_1_422' title='bbox 3686 1726 3745 1783; x_wconf 69' lang='grc' dir='ltr'>δὲ</span> 
     </span>
    </p>
   </div>
   <div class='ocr_carea' id='block_1_65' title="bbox 2093 1817 3742 1904">
    <p class='ocr_par' dir='ltr' id='par_1_65' title="bbox 2093 1817 3742 1904">
     <span class='ocr_line' id='line_1_65' title="bbox 2093 1817 3742 1904; baseline -0.005 -21"><span class='ocrx_word' id='word_1_423' title='bbox 2093 1827 2319 1904; x_wconf 71' lang='grc' dir='ltr'>ἐπιούσῃ</span> <span class='ocrx_word' id='word_1_424' title='bbox 2402 1827 2610 1904; x_wconf 85' lang='grc' dir='ltr'>ἀπάρας</span> <span class='ocrx_word' id='word_1_425' title='bbox 2667 1825 2889 1896; x_wconf 84' lang='grc' dir='ltr'>ἐκεῖθεν,</span> <span class='ocrx_word' id='word_1_426' title='bbox 2953 1825 3052 1895; x_wconf 77' lang='grc' dir='ltr'><strong>τήν</strong></span> <span class='ocrx_word' id='word_1_427' title='bbox 3133 1820 3273 1879; x_wconf 75' lang='grc' dir='ltr'>ἱδίαν</span> <span class='ocrx_word' id='word_1_428' title='bbox 3332 1817 3742 1894; x_wconf 76' lang='grc' dir='ltr'>καταλήψεσθαι</span> 
     </span>
    </p>
   </div>
   <div class='ocr_carea' id='block_1_66' title="bbox 2101 1912 3739 1994">
    <p class='ocr_par' dir='ltr' id='par_1_66' title="bbox 2101 1912 3739 1994">
     <span class='ocr_line' id='line_1_66' title="bbox 2101 1912 3739 1994; baseline -0.005 -21"><span class='ocrx_word' id='word_1_429' title='bbox 2101 1917 2408 1994; x_wconf 71' lang='grc' dir='ltr'>ἐπορεύετο.</span> <span class='ocrx_word' id='word_1_430' title='bbox 2434 1918 2546 1988; x_wconf 77' lang='grc' dir='ltr'><strong>Τὴν</strong></span> <span class='ocrx_word' id='word_1_431' title='bbox 2577 1921 2685 1972; x_wconf 90' lang='grc' dir='ltr'><strong>τῶν</strong></span> <span class='ocrx_word' id='word_1_432' title='bbox 2715 1914 3008 1990; x_wconf 88' lang='grc' dir='ltr'>Ῥωμαίων</span> <span class='ocrx_word' id='word_1_433' title='bbox 3039 1912 3221 1970; x_wconf 83' lang='grc' dir='ltr'>τοίνυν</span> <span class='ocrx_word' id='word_1_434' title='bbox 3254 1913 3306 1968; x_wconf 75' lang='grc' dir='ltr'>οἱ</span> <span class='ocrx_word' id='word_1_435' title='bbox 3344 1913 3443 1981; x_wconf 78' lang='grc' dir='ltr'><strong>τήν</strong></span> <span class='ocrx_word' id='word_1_436' title='bbox 3477 1912 3739 1974; x_wconf 76' lang='grc' dir='ltr'>Μίσθειαν</span> 
     </span>
    </p>
   </div>
   <div class='ocr_carea' id='block_1_67' title="bbox 2101 1997 3745 2084">
    <p class='ocr_par' dir='ltr' id='par_1_67' title="bbox 2101 1997 3745 2084">
     <span class='ocr_line' id='line_1_67' title="bbox 2101 1997 3745 2084; baseline -0.005 -22"><span class='ocrx_word' id='word_1_437' title='bbox 2101 2008 2366 2084; x_wconf 80' lang='grc' dir='ltr'>περικαθή</span> <span class='ocrx_word' id='word_1_438' title='bbox 2377 2027 2529 2082; x_wconf 90' lang='grc' dir='ltr'>μενοι</span> <span class='ocrx_word' id='word_1_439' title='bbox 2559 2004 2823 2080; x_wconf 69' lang='grc' dir='ltr'>πολέμιοι</span> <span class='ocrx_word' id='word_1_440' title='bbox 2852 2005 2990 2060; x_wconf 78' lang='grc' dir='ltr'>κατὰ</span> <span class='ocrx_word' id='word_1_441' title='bbox 3040 2010 3140 2073; x_wconf 82' lang='grc' dir='ltr'><strong>τῆς</strong></span> <span class='ocrx_word' id='word_1_442' title='bbox 3170 2003 3378 2059; x_wconf 76' lang='grc' dir='ltr'>ἐαυτῶν</span> <span class='ocrx_word' id='word_1_443' title='bbox 3405 2001 3593 2076; x_wconf 87' lang='grc' dir='ltr'>χώρας</span> <span class='ocrx_word' id='word_1_444' title='bbox 3622 1997 3745 2054; x_wconf 83' lang='grc' dir='ltr'>ἐπί-</span> 
     </span>
    </p>
   </div>
   <div class='ocr_carea' id='block_1_68' title="bbox 2103 2087 3742 2167">
    <p class='ocr_par' dir='ltr' id='par_1_68' title="bbox 2103 2087 3742 2167">
     <span class='ocr_line' id='line_1_68' title="bbox 2103 2087 3742 2167; baseline -0.006 -14"><span class='ocrx_word' id='word_1_445' title='bbox 2103 2099 2246 2153; x_wconf 83' lang='grc' dir='ltr'>θεσιν</span> <span class='ocrx_word' id='word_1_446' title='bbox 2277 2097 2702 2166; x_wconf 79' lang='grc' dir='ltr'>άκουτισθὲντες,</span> <span class='ocrx_word' id='word_1_447' title='bbox 2749 2095 2848 2164; x_wconf 77' lang='grc' dir='ltr'><strong>τὴν</strong></span> <span class='ocrx_word' id='word_1_448' title='bbox 2892 2091 3220 2167; x_wconf 84' lang='grc' dir='ltr'>πολιορκίαν</span> <span class='ocrx_word' id='word_1_449' title='bbox 3276 2089 3532 2152; x_wconf 87' lang='grc' dir='ltr'>λύσαντες</span> <span class='ocrx_word' id='word_1_450' title='bbox 3583 2087 3742 2164; x_wconf 86' lang='grc' dir='ltr'>τάχει</span> 
     </span>
    </p>
   </div>
   <div class='ocr_carea' id='block_1_69' title="bbox 2101 2176 3742 2260">
    <p class='ocr_par' dir='ltr' id='par_1_69' title="bbox 2101 2176 3742 2260">
     <span class='ocr_line' id='line_1_69' title="bbox 2101 2176 3742 2260; baseline -0.006 -18"><span class='ocrx_word' id='word_1_451' title='bbox 2101 2183 2304 2259; x_wconf 87' lang='grc' dir='ltr'>πολλῷ</span> <span class='ocrx_word' id='word_1_452' title='bbox 2358 2189 2440 2258; x_wconf 79' lang='grc' dir='ltr'><strong>[Ρ.</strong></span> <span class='ocrx_word' id='word_1_453' title='bbox 2503 2187 2626 2258; x_wconf 82' lang='grc'><strong>157]</strong></span> <span class='ocrx_word' id='word_1_454' title='bbox 2681 2184 2816 2260; x_wconf 86' lang='grc' dir='ltr'>πρὸς</span> <span class='ocrx_word' id='word_1_455' title='bbox 2872 2181 3147 2254; x_wconf 76' lang='grc' dir='ltr'>ἐκδίκησιν</span> <span class='ocrx_word' id='word_1_456' title='bbox 3205 2184 3306 2246; x_wconf 80' lang='grc' dir='ltr'><strong>τῆς</strong></span> <span class='ocrx_word' id='word_1_457' title='bbox 3366 2176 3509 2244; x_wconf 80' lang='grc' dir='ltr'>ἰδίας</span> <span class='ocrx_word' id='word_1_458' title='bbox 3552 2178 3742 2254; x_wconf 87' lang='grc' dir='ltr'>χώρας</span> 
     </span>
    </p>
   </div>
   <div class='ocr_carea' id='block_1_70' title="bbox 2104 2267 3743 2352">
    <p class='ocr_par' dir='ltr' id='par_1_70' title="bbox 2104 2267 3743 2352">
     <span class='ocr_line' id='line_1_70' title="bbox 2104 2267 3743 2352; baseline -0.007 -20"><span class='ocrx_word' id='word_1_459' title='bbox 2104 2275 2458 2352; x_wconf 78' lang='grc' dir='ltr'>ὑπέστρεψαν.</span> <span class='ocrx_word' id='word_1_460' title='bbox 2533 2271 2690 2332; x_wconf 87' lang='grc' dir='ltr'>Ἀλλ’</span> <span class='ocrx_word' id='word_1_461' title='bbox 2744 2273 3185 2349; x_wconf 74' lang='grc' dir='ltr'>ἀπρακτήσαντες</span> <span class='ocrx_word' id='word_1_462' title='bbox 3253 2274 3362 2325; x_wconf 91' lang='grc' dir='ltr'><strong>τῶν</strong></span> <span class='ocrx_word' id='word_1_463' title='bbox 3422 2267 3743 2344; x_wconf 71' lang='grc' dir='ltr'>ἀμφοτέρων</span> 
     </span>
    </p>
   </div>
   <div class='ocr_carea' id='block_1_71' title="bbox 2103 2356 3747 2443">
    <p class='ocr_par' dir='ltr' id='par_1_71' title="bbox 2103 2356 3747 2443">
     <span class='ocr_line' id='line_1_71' title="bbox 2103 2356 3747 2443; baseline -0.006 -22"><span class='ocrx_word' id='word_1_464' title='bbox 2103 2363 2430 2443; x_wconf 79' lang='grc' dir='ltr'>διήμαρτον.</span> <span class='ocrx_word' id='word_1_465' title='bbox 2491 2365 2552 2422; x_wconf 79' lang='grc' dir='ltr'>Ὀ</span> <span class='ocrx_word' id='word_1_466' title='bbox 2607 2363 2712 2440; x_wconf 78' lang='grc' dir='ltr'><strong>γὰρ</strong></span> <span class='ocrx_word' id='word_1_467' title='bbox 2767 2367 2874 2418; x_wconf 81' lang='grc' dir='ltr'><strong>τῶν</strong></span> <span class='ocrx_word' id='word_1_468' title='bbox 2933 2363 3263 2436; x_wconf 77' lang='grc' dir='ltr'>Ῥωμαϊκῶν</span> <span class='ocrx_word' id='word_1_469' title='bbox 3335 2356 3747 2434; x_wconf 75' lang='grc' dir='ltr'>στρατευμάτων</span> 
     </span>
    </p>
   </div>
   <div class='ocr_carea' id='block_1_72' title="bbox 2099 2447 3743 2532">
    <p class='ocr_par' dir='ltr' id='par_1_72' title="bbox 2099 2447 3743 2532">
     <span class='ocr_line' id='line_1_72' title="bbox 2099 2447 3743 2532; baseline -0.007 -19"><span class='ocrx_word' id='word_1_470' title='bbox 2099 2457 2406 2532; x_wconf 82' lang='grc' dir='ltr'>ἡγούμενος</span> <span class='ocrx_word' id='word_1_471' title='bbox 2468 2455 2604 2529; x_wconf 81' lang='grc' dir='ltr'>μετὰ</span> <span class='ocrx_word' id='word_1_472' title='bbox 2657 2451 2885 2510; x_wconf 81' lang='grc' dir='ltr'>πολλῶν</span> <span class='ocrx_word' id='word_1_473' title='bbox 2939 2452 3152 2509; x_wconf 87' lang='grc' dir='ltr'>σκύλων</span> <span class='ocrx_word' id='word_1_474' title='bbox 3226 2471 3288 2508; x_wconf 88' lang='grc' dir='ltr'><strong>τε</strong></span> <span class='ocrx_word' id='word_1_475' title='bbox 3341 2449 3432 2505; x_wconf 82' lang='grc' dir='ltr'>καὶ</span> <span class='ocrx_word' id='word_1_476' title='bbox 3489 2447 3743 2526; x_wconf 88' lang='grc' dir='ltr'>λαφύρων</span> 
     </span>
    </p>
   </div>
   <div class='ocr_carea' id='block_1_73' title="bbox 2098 2537 3745 2622">
    <p class='ocr_par' dir='ltr' id='par_1_73' title="bbox 2098 2537 3745 2622">
     <span class='ocr_line' id='line_1_73' title="bbox 2098 2537 3745 2622; baseline -0.006 -19"><span class='ocrx_word' id='word_1_477' title='bbox 2098 2548 2189 2604; x_wconf 83' lang='grc' dir='ltr'><strong>καὶ</strong></span> <span class='ocrx_word' id='word_1_478' title='bbox 2219 2543 2568 2622; x_wconf 83' lang='grc' dir='ltr'>ἀνδραπόδων</span> <span class='ocrx_word' id='word_1_479' title='bbox 2602 2541 2692 2600; x_wconf 86' lang='grc' dir='ltr'><strong>διὰ</strong></span> <span class='ocrx_word' id='word_1_480' title='bbox 2718 2548 2820 2610; x_wconf 75' lang='grc' dir='ltr'>τῆς</span> <span class='ocrx_word' id='word_1_481' title='bbox 2867 2540 2996 2599; x_wconf 78' lang='grc' dir='ltr'>ὁδοῦ</span> <span class='ocrx_word' id='word_1_482' title='bbox 3040 2547 3139 2599; x_wconf 79' lang='grc' dir='ltr'><strong>τοῦ</strong></span> <span class='ocrx_word' id='word_1_483' title='bbox 3197 2538 3469 2618; x_wconf 83' lang='grc' dir='ltr'>Καρυδίου</span> <span class='ocrx_word' id='word_1_484' title='bbox 3509 2537 3745 2616; x_wconf 71' lang='grc' dir='ltr'>λεγομε-</span> 
     </span>
    </p>
   </div>
   <div class='ocr_carea' id='block_1_74' title="bbox 2098 2626 3738 2710">
    <p class='ocr_par' dir='ltr' id='par_1_74' title="bbox 2098 2626 3738 2710">
     <span class='ocr_line' id='line_1_74' title="bbox 2098 2626 3738 2710; baseline -0.007 -16"><span class='ocrx_word' id='word_1_485' title='bbox 2098 2650 2196 2708; x_wconf 80' lang='grc' dir='ltr'><strong>νης</strong></span> <span class='ocrx_word' id='word_1_486' title='bbox 2215 2637 2283 2693; x_wconf 79' lang='grc' dir='ltr'><strong>τὰ</strong></span> <span class='ocrx_word' id='word_1_487' title='bbox 2328 2637 2620 2710; x_wconf 83' lang='grc' dir='ltr'>Ῥωμαίων</span> <span class='ocrx_word' id='word_1_488' title='bbox 2673 2634 2783 2705; x_wconf 70' lang='grc' dir='ltr'><strong>ἤθη</strong></span> <span class='ocrx_word' id='word_1_489' title='bbox 2834 2627 3126 2690; x_wconf 72' lang='grc' dir='ltr'>κατέλαϐε.</span> <span class='ocrx_word' id='word_1_490' title='bbox 3161 2632 3308 2706; x_wconf 86' lang='grc' dir='ltr'>Πρὸς</span> <span class='ocrx_word' id='word_1_491' title='bbox 3337 2630 3520 2703; x_wconf 85' lang='grc' dir='ltr'>τούτῳ</span> <span class='ocrx_word' id='word_1_492' title='bbox 3548 2626 3608 2684; x_wconf 66' lang='grc' dir='ltr'><strong>δέ</strong></span> <span class='ocrx_word' id='word_1_493' title='bbox 3645 2628 3738 2684; x_wconf 51' lang='grc' dir='ltr'>’καὶ</span> 
     </span>
    </p>
   </div>
   <div class='ocr_carea' id='block_1_75' title="bbox 2100 2713 3745 2802">
    <p class='ocr_par' dir='ltr' id='par_1_75' title="bbox 2100 2713 3745 2802">
     <span class='ocr_line' id='line_1_75' title="bbox 2100 2713 3745 2802; baseline -0.007 -20"><span class='ocrx_word' id='word_1_494' title='bbox 2100 2727 2154 2782; x_wconf 77' lang='grc' dir='ltr'>οἱ</span> <span class='ocrx_word' id='word_1_495' title='bbox 2184 2727 2657 2802; x_wconf 71' lang='grc' dir='ltr'>στρατηγήσαντες</span> <span class='ocrx_word' id='word_1_496' title='bbox 2712 2726 2822 2780; x_wconf 88' lang='grc' dir='ltr'><strong>τῶν</strong></span> <span class='ocrx_word' id='word_1_497' title='bbox 2884 2720 3250 2780; x_wconf 87' lang='grc' dir='ltr'>Ἀνατολικῶν</span> <span class='ocrx_word' id='word_1_498' title='bbox 3303 2719 3394 2776; x_wconf 86' lang='grc' dir='ltr'><strong>καὶ</strong></span> <span class='ocrx_word' id='word_1_499' title='bbox 3445 2713 3745 2774; x_wconf 81' lang='grc' dir='ltr'>Καππαδο-</span> 
     </span>
    </p>
   </div>
   <div class='ocr_carea' id='block_1_76' title="bbox 2094 2807 3742 2888">
    <p class='ocr_par' dir='ltr' id='par_1_76' title="bbox 2094 2807 3742 2888">
     <span class='ocr_line' id='line_1_76' title="bbox 2094 2807 3742 2888; baseline -0.008 -16"><span class='ocrx_word' id='word_1_500' title='bbox 2094 2816 2215 2879; x_wconf 90' lang='grc' dir='ltr'>κίας</span> <span class='ocrx_word' id='word_1_501' title='bbox 2245 2815 2297 2872; x_wconf 84' lang='grc' dir='ltr'><strong>ἐν</strong></span> <span class='ocrx_word' id='word_1_502' title='bbox 2327 2820 2444 2877; x_wconf 88' lang='grc' dir='ltr'>τοῖς</span> <span class='ocrx_word' id='word_1_503' title='bbox 2473 2815 2585 2870; x_wconf 79' lang='grc' dir='ltr'><strong>ἄνω</strong></span> <span class='ocrx_word' id='word_1_504' title='bbox 2638 2812 2885 2888; x_wconf 84' lang='grc' dir='ltr'>χρόνοις,</span> <span class='ocrx_word' id='word_1_505' title='bbox 2939 2816 3047 2867; x_wconf 90' lang='grc' dir='ltr'><strong>τῶν</strong></span> <span class='ocrx_word' id='word_1_506' title='bbox 3103 2813 3387 2887; x_wconf 88' lang='grc' dir='ltr'>Ταρσιτῶν</span> <span class='ocrx_word' id='word_1_507' title='bbox 3434 2807 3574 2865; x_wconf 80' lang='grc' dir='ltr'>κατὰ</span> <span class='ocrx_word' id='word_1_508' title='bbox 3639 2807 3742 2874; x_wconf 80' lang='grc' dir='ltr'><strong>τῆς</strong></span> 
     </span>
    </p>
   </div>
   <div class='ocr_carea' id='block_1_77' title="bbox 2096 2891 3742 2979">
    <p class='ocr_par' dir='ltr' id='par_1_77' title="bbox 2096 2891 3742 2979">
     <span class='ocr_line' id='line_1_77' title="bbox 2096 2891 3742 2979; baseline -0.009 -16"><span class='ocrx_word' id='word_1_509' title='bbox 2096 2905 2415 2979; x_wconf 82' lang='grc' dir='ltr'>Ῥωμαϊκῆς</span> <span class='ocrx_word' id='word_1_510' title='bbox 2498 2903 2687 2979; x_wconf 80' lang='grc' dir='ltr'>χώρας</span> <span class='ocrx_word' id='word_1_511' title='bbox 2765 2903 2865 2972; x_wconf 81' lang='grc' dir='ltr'>τήν</span> <span class='ocrx_word' id='word_1_512' title='bbox 2949 2899 3212 2972; x_wconf 79' lang='grc' dir='ltr'>ἐξέλευσιν</span> <span class='ocrx_word' id='word_1_513' title='bbox 3267 2897 3615 2970; x_wconf 76' lang='grc' dir='ltr'>ποιουμένων</span> <span class='ocrx_word' id='word_1_514' title='bbox 3670 2891 3742 2949; x_wconf 86' lang='grc' dir='ltr'><strong>δι’</strong></span> 
     </span>
    </p>
   </div>
   <div class='ocr_carea' id='block_1_78' title="bbox 2099 2984 3743 3068">
    <p class='ocr_par' dir='ltr' id='par_1_78' title="bbox 2099 2984 3743 3068">
     <span class='ocr_line' id='line_1_78' title="bbox 2099 2984 3743 3068; baseline -0.007 -18"><span class='ocrx_word' id='word_1_515' title='bbox 2099 2991 2279 3066; x_wconf 79' lang='grc' dir='ltr'>ἄλλης</span> <span class='ocrx_word' id='word_1_516' title='bbox 2307 2991 2436 3049; x_wconf 77' lang='grc' dir='ltr'>ὁδοῦ</span> <span class='ocrx_word' id='word_1_517' title='bbox 2466 2992 2519 3048; x_wconf 89' lang='grc' dir='ltr'><strong>ἐν</strong></span> <span class='ocrx_word' id='word_1_518' title='bbox 2544 2998 2666 3056; x_wconf 79' lang='grc' dir='ltr'>ταῖς</span> <span class='ocrx_word' id='word_1_519' title='bbox 2693 2992 2906 3068; x_wconf 86' lang='grc' dir='ltr'>χώραις</span> <span class='ocrx_word' id='word_1_520' title='bbox 2940 2989 3118 3045; x_wconf 83' lang='grc' dir='ltr'>αὐτῶν</span> <span class='ocrx_word' id='word_1_521' title='bbox 3173 2987 3576 3064; x_wconf 78' lang='grc' dir='ltr'>εἰσερχόμενοι,</span> <span class='ocrx_word' id='word_1_522' title='bbox 3608 2984 3743 3040; x_wconf 79' lang='grc' dir='ltr'><strong>ποτέ</strong></span> 
     </span>
    </p>
   </div>
   <div class='ocr_carea' id='block_1_79' title="bbox 2104 3075 3744 3158">
    <p class='ocr_par' dir='ltr' id='par_1_79' title="bbox 2104 3075 3744 3158">
     <span class='ocr_line' id='line_1_79' title="bbox 2104 3075 3744 3158; baseline -0.005 -19"><span class='ocrx_word' id='word_1_523' title='bbox 2104 3085 2199 3158; x_wconf 76' lang='grc' dir='ltr'>μὲν</span> <span class='ocrx_word' id='word_1_524' title='bbox 2246 3084 2403 3138; x_wconf 79' lang='grc' dir='ltr'>αὐτοὶ</span> <span class='ocrx_word' id='word_1_525' title='bbox 2457 3082 2675 3150; x_wconf 83' lang='grc' dir='ltr'>ἐκεῖνοι,</span> <span class='ocrx_word' id='word_1_526' title='bbox 2731 3082 2864 3136; x_wconf 78' lang='grc' dir='ltr'>ποτὲ</span> <span class='ocrx_word' id='word_1_527' title='bbox 2921 3077 2978 3136; x_wconf 78' lang='grc' dir='ltr'><strong>δέ</strong></span> <span class='ocrx_word' id='word_1_528' title='bbox 3027 3099 3178 3142; x_wconf 89' lang='grc' dir='ltr'>τινας</span> <span class='ocrx_word' id='word_1_529' title='bbox 3225 3082 3328 3133; x_wconf 80' lang='grc' dir='ltr'><strong>τοῦ</strong></span> <span class='ocrx_word' id='word_1_530' title='bbox 3377 3076 3514 3133; x_wconf 75' lang='grc' dir='ltr'>λαοῦ</span> <span class='ocrx_word' id='word_1_531' title='bbox 3568 3075 3744 3131; x_wconf 75' lang='grc' dir='ltr'>αὑτῶν</span> 
     </span>
    </p>
   </div>
   <div class='ocr_carea' id='block_1_80' title="bbox 2100 3166 3741 3246">
    <p class='ocr_par' dir='ltr' id='par_1_80' title="bbox 2100 3166 3741 3246">
     <span class='ocr_line' id='line_1_80' title="bbox 2100 3166 3741 3246; baseline -0.006 -17"><span class='ocrx_word' id='word_1_532' title='bbox 2100 3172 2548 3243; x_wconf 66' lang='grc' dir='ltr'>ἀποστέλλοντες,</span> <span class='ocrx_word' id='word_1_533' title='bbox 2579 3171 2716 3227; x_wconf 81' lang='grc' dir='ltr'>κατὰ</span> <span class='ocrx_word' id='word_1_534' title='bbox 2759 3171 2821 3226; x_wconf 86' lang='grc' dir='ltr'>τὸ</span> <span class='ocrx_word' id='word_1_535' title='bbox 2881 3169 3164 3246; x_wconf 79' lang='grc' dir='ltr'>ἐγχωροῦν</span> <span class='ocrx_word' id='word_1_536' title='bbox 3193 3166 3422 3230; x_wconf 88' lang='grc' dir='ltr'>τούτους</span> <span class='ocrx_word' id='word_1_537' title='bbox 3448 3185 3741 3240; x_wconf 86' lang='grc' dir='ltr'>κατετραυ-</span> 
     </span>
    </p>
   </div>
   <div class='ocr_carea' id='block_1_81' title="bbox 2101 3253 3743 3340">
    <p class='ocr_par' dir='ltr' id='par_1_81' title="bbox 2101 3253 3743 3340">
     <span class='ocr_line' id='line_1_81' title="bbox 2101 3253 3743 3340; baseline -0.005 -20"><span class='ocrx_word' id='word_1_538' title='bbox 2101 3265 2347 3340; x_wconf 86' lang='grc' dir='ltr'>μάτιζον.</span> <span class='ocrx_word' id='word_1_539' title='bbox 2378 3265 2440 3322; x_wconf 74' lang='grc' dir='ltr'><strong>Ὀ</strong></span> <span class='ocrx_word' id='word_1_540' title='bbox 2473 3260 2530 3319; x_wconf 69' lang='grc' dir='ltr'><strong>δέ</strong></span> <span class='ocrx_word' id='word_1_541' title='bbox 2556 3283 2617 3338; x_wconf 86' lang='grc' dir='ltr'><strong>γε</strong></span> <span class='ocrx_word' id='word_1_542' title='bbox 2673 3263 2772 3332; x_wconf 78' lang='grc' dir='ltr'><strong>τὴν</strong></span> <span class='ocrx_word' id='word_1_543' title='bbox 2812 3260 3106 3339; x_wconf 81' lang='grc' dir='ltr'>ἡγεμονίαν</span> <span class='ocrx_word' id='word_1_544' title='bbox 3174 3261 3273 3328; x_wconf 76' lang='grc' dir='ltr'><strong>τῆς</strong></span> <span class='ocrx_word' id='word_1_545' title='bbox 3321 3253 3603 3314; x_wconf 79' lang='grc' dir='ltr'>Λυκανδοῦ</span> <span class='ocrx_word' id='word_1_546' title='bbox 3653 3253 3743 3311; x_wconf 72' lang='grc' dir='ltr'>καὶ</span> 
     </span>
    </p>
   </div>
   <div class='ocr_carea' id='block_1_82' title="bbox 2091 3345 3746 3428">
    <p class='ocr_par' dir='ltr' id='par_1_82' title="bbox 2091 3345 3746 3428">
     <span class='ocr_line' id='line_1_82' title="bbox 2091 3345 3746 3428; baseline -0.006 -16"><span class='ocrx_word' id='word_1_547' title='bbox 2091 3360 2200 3412; x_wconf 81' lang='grc' dir='ltr'><strong>τῶν</strong></span> <span class='ocrx_word' id='word_1_548' title='bbox 2248 3353 2420 3410; x_wconf 77' lang='grc' dir='ltr'>ἐκεῖσε</span> <span class='ocrx_word' id='word_1_549' title='bbox 2477 3355 2770 3428; x_wconf 84' lang='grc' dir='ltr'>ἀκριτικῶν</span> <span class='ocrx_word' id='word_1_550' title='bbox 2835 3351 3082 3426; x_wconf 85' lang='grc' dir='ltr'>θεμάτων</span> <span class='ocrx_word' id='word_1_551' title='bbox 3166 3345 3637 3425; x_wconf 78' lang='grc' dir='ltr'>ἐγκεχωρισμένος</span> <span class='ocrx_word' id='word_1_552' title='bbox 3697 3346 3746 3383; x_wconf 76' lang='grc'><strong>⁷⁸</strong></span> 
     </span>
    </p>
   </div>
   <div class='ocr_carea' id='block_1_83' title="bbox 2093 3437 3746 3519">
    <p class='ocr_par' dir='ltr' id='par_1_83' title="bbox 2093 3437 3746 3519">
     <span class='ocr_line' id='line_1_83' title="bbox 2093 3437 3746 3519; baseline -0.007 -18"><span class='ocrx_word' id='word_1_553' title='bbox 2093 3443 2146 3501; x_wconf 82' lang='grc' dir='ltr'><strong>ἐν</strong></span> <span class='ocrx_word' id='word_1_554' title='bbox 2174 3450 2292 3507; x_wconf 90' lang='grc' dir='ltr'>τοῖς</span> <span class='ocrx_word' id='word_1_555' title='bbox 2323 3443 2506 3506; x_wconf 77' lang='grc' dir='ltr'>αὐτοῖς</span> <span class='ocrx_word' id='word_1_556' title='bbox 2537 3442 2789 3519; x_wconf 88' lang='grc' dir='ltr'>χρόνοις,</span> <span class='ocrx_word' id='word_1_557' title='bbox 2818 3439 3003 3504; x_wconf 84' lang='grc' dir='ltr'>ὁσάκις</span> <span class='ocrx_word' id='word_1_558' title='bbox 3063 3437 3123 3495; x_wconf 71' lang='grc' dir='ltr'>ἄν</span> <span class='ocrx_word' id='word_1_559' title='bbox 3158 3437 3349 3512; x_wconf 78' lang='grc' dir='ltr'>Ἀλὴμ</span> <span class='ocrx_word' id='word_1_560' title='bbox 3389 3438 3419 3494; x_wconf 82' lang='grc'>6</span> <span class='ocrx_word' id='word_1_561' title='bbox 3473 3437 3593 3499; x_wconf 75' lang='grc' dir='ltr'>υἱὸς</span> <span class='ocrx_word' id='word_1_562' title='bbox 3647 3439 3746 3490; x_wconf 80' lang='grc' dir='ltr'><strong>τοῦ</strong></span> 
     </span>
    </p>
   </div>
   <div class='ocr_carea' id='block_1_84' title="bbox 2094 3525 3779 3606">
    <p class='ocr_par' dir='ltr' id='par_1_84' title="bbox 2094 3525 3779 3606">
     <span class='ocr_line' id='line_1_84' title="bbox 2094 3525 3779 3606; baseline -0.008 -16"><span class='ocrx_word' id='word_1_563' title='bbox 2094 3527 2334 3606; x_wconf 76' lang='grc' dir='ltr'>Χαμϐδὰ</span> <span class='ocrx_word' id='word_1_564' title='bbox 2389 3533 2524 3588; x_wconf 87' lang='grc' dir='ltr'>κατᾶ</span> <span class='ocrx_word' id='word_1_565' title='bbox 2575 3529 2881 3606; x_wconf 86' lang='grc' dir='ltr'>Ῥωμανίας</span> <span class='ocrx_word' id='word_1_566' title='bbox 2928 3529 3028 3599; x_wconf 77' lang='grc' dir='ltr'><strong>τήν</strong></span> <span class='ocrx_word' id='word_1_567' title='bbox 3101 3526 3369 3603; x_wconf 77' lang='grc' dir='ltr'>ἐξέλευσιν</span> <span class='ocrx_word' id='word_1_568' title='bbox 3423 3525 3779 3597; x_wconf 80' lang='grc' dir='ltr'>ἐποιήσατο,.</span> 
     </span>
    </p>
   </div>
   <div class='ocr_carea' id='block_1_85' title="bbox 2091 3617 3750 3697">
    <p class='ocr_par' dir='ltr' id='par_1_85' title="bbox 2091 3617 3750 3697">
     <span class='ocr_line' id='line_1_85' title="bbox 2091 3617 3750 3697; baseline -0.006 -19"><span class='ocrx_word' id='word_1_569' title='bbox 2091 3624 2127 3693; x_wconf 76' lang='grc' dir='ltr'><strong>ἢ</strong></span> <span class='ocrx_word' id='word_1_570' title='bbox 2159 3621 2210 3678; x_wconf 83' lang='grc' dir='ltr'><strong>ἐν</strong></span> <span class='ocrx_word' id='word_1_571' title='bbox 2246 3626 2315 3697; x_wconf 80' lang='grc' dir='ltr'><strong>τῇ</strong></span> <span class='ocrx_word' id='word_1_572' title='bbox 2346 3619 2426 3677; x_wconf 75' lang='grc' dir='ltr'>ῗδί</span> <span class='ocrx_word' id='word_1_573' title='bbox 2438 3643 2472 3694; x_wconf 83' lang='grc' dir='ltr'>ᾳ</span> <span class='ocrx_word' id='word_1_574' title='bbox 2503 3622 2665 3696; x_wconf 76' lang='grc' dir='ltr'>χώρᾳ</span> <span class='ocrx_word' id='word_1_575' title='bbox 2719 3620 2909 3696; x_wconf 84' lang='grc' dir='ltr'>χρείας</span> <span class='ocrx_word' id='word_1_576' title='bbox 2965 3617 3256 3694; x_wconf 86' lang='grc' dir='ltr'>ἀναγκαίας</span> <span class='ocrx_word' id='word_1_577' title='bbox 3303 3617 3468 3672; x_wconf 81' lang='grc' dir='ltr'>αὐτὸν</span> <span class='ocrx_word' id='word_1_578' title='bbox 3495 3634 3750 3670; x_wconf 83' lang='grc' dir='ltr'>κατεπει-</span> 
     </span>
    </p>
   </div>
   <div class='ocr_carea' id='block_1_86' title="bbox 2092 3701 3745 3788">
    <p class='ocr_par' dir='ltr' id='par_1_86' title="bbox 2092 3701 3745 3788">
     <span class='ocr_line' id='line_1_86' title="bbox 2092 3701 3745 3788; baseline -0.005 -22"><span class='ocrx_word' id='word_1_579' title='bbox 2092 3711 2301 3788; x_wconf 89' lang='grc' dir='ltr'>γούσης</span> <span class='ocrx_word' id='word_1_580' title='bbox 2357 3706 2584 3786; x_wconf 70' lang='grc' dir='ltr'>μετέϐη,</span> <span class='ocrx_word' id='word_1_581' title='bbox 2637 3709 2776 3766; x_wconf 85' lang='grc' dir='ltr'>κατᾶ</span> <span class='ocrx_word' id='word_1_582' title='bbox 2830 3716 2934 3780; x_wconf 88' lang='grc' dir='ltr'><strong>τῆς</strong></span> <span class='ocrx_word' id='word_1_583' title='bbox 2989 3707 3176 3784; x_wconf 90' lang='grc' dir='ltr'>χώρας</span> <span class='ocrx_word' id='word_1_584' title='bbox 3229 3710 3330 3762; x_wconf 77' lang='grc' dir='ltr'><strong>τοῦ</strong></span> <span class='ocrx_word' id='word_1_585' title='bbox 3385 3703 3606 3763; x_wconf 83' lang='grc' dir='ltr'>Χάλεπε</span> <span class='ocrx_word' id='word_1_586' title='bbox 3654 3701 3745 3758; x_wconf 83' lang='grc' dir='ltr'><strong>καὶ</strong></span> 
     </span>
    </p>
   </div>
   <div class='ocr_carea' id='block_1_87' title="bbox 2089 3793 3747 3875">
    <p class='ocr_par' dir='ltr' id='par_1_87' title="bbox 2089 3793 3747 3875">
     <span class='ocr_line' id='line_1_87' title="bbox 2089 3793 3747 3875; baseline -0.005 -20"><span class='ocrx_word' id='word_1_587' title='bbox 2089 3803 2191 3868; x_wconf 75' lang='grc' dir='ltr'>τῆς</span> <span class='ocrx_word' id='word_1_588' title='bbox 2239 3799 2582 3875; x_wconf 83' lang='grc' dir='ltr'>Ἀντιοχείας</span> <span class='ocrx_word' id='word_1_589' title='bbox 2654 3799 3054 3871; x_wconf 72' lang='grc' dir='ltr'>ἐπιτιθέμενος,</span> <span class='ocrx_word' id='word_1_590' title='bbox 3135 3793 3380 3871; x_wconf 79' lang='grc' dir='ltr'>μεγάλην</span> <span class='ocrx_word' id='word_1_591' title='bbox 3448 3793 3503 3849; x_wconf 78' lang='grc' dir='ltr'><strong>ἐν</strong></span> <span class='ocrx_word' id='word_1_592' title='bbox 3559 3793 3747 3854; x_wconf 85' lang='grc' dir='ltr'>αύτοῖς</span> 
     </span>
    </p>
   </div>
   <div class='ocr_carea' id='block_1_88' title="bbox 2098 3882 3744 3966">
    <p class='ocr_par' dir='ltr' id='par_1_88' title="bbox 2098 3882 3744 3966">
     <span class='ocr_line' id='line_1_88' title="bbox 2098 3882 3744 3966; baseline -0.007 -20"><span class='ocrx_word' id='word_1_593' title='bbox 2098 3884 2310 3966; x_wconf 78' lang='grc' dir='ltr'>βλάϐην</span> <span class='ocrx_word' id='word_1_594' title='bbox 2361 3888 2669 3965; x_wconf 73' lang='grc' dir='ltr'>εἷργάζετο*</span> <span class='ocrx_word' id='word_1_595' title='bbox 2743 3889 2838 3944; x_wconf 83' lang='grc' dir='ltr'>καὶ</span> <span class='ocrx_word' id='word_1_596' title='bbox 2891 3885 3022 3950; x_wconf 72' lang='grc' dir='ltr'>τοὺς</span> <span class='ocrx_word' id='word_1_597' title='bbox 3080 3888 3359 3962; x_wconf 89' lang='grc' dir='ltr'>συγγενεῖς</span> <span class='ocrx_word' id='word_1_598' title='bbox 3416 3882 3602 3955; x_wconf 77' lang='grc' dir='ltr'>αὐτοῦ,</span> <span class='ocrx_word' id='word_1_599' title='bbox 3653 3882 3744 3937; x_wconf 80' lang='grc' dir='ltr'><strong>καὶ</strong></span> 
     </span>
    </p>
   </div>
   <div class='ocr_carea' id='block_1_89' title="bbox 2094 3974 3743 4056">
    <p class='ocr_par' dir='ltr' id='par_1_89' title="bbox 2094 3974 3743 4056">
     <span class='ocr_line' id='line_1_89' title="bbox 2094 3974 3743 4056; baseline -0.005 -21"><span class='ocrx_word' id='word_1_600' title='bbox 2094 3978 2378 4056; x_wconf 77' lang='grc' dir='ltr'>ἀρχηγοὺς</span> <span class='ocrx_word' id='word_1_601' title='bbox 2419 3984 2528 4034; x_wconf 84' lang='grc' dir='ltr'><strong>τῶν</strong></span> <span class='ocrx_word' id='word_1_602' title='bbox 2585 3978 2913 4056; x_wconf 89' lang='grc' dir='ltr'>φωσσάτων,</span> <span class='ocrx_word' id='word_1_603' title='bbox 2950 3974 3220 4054; x_wconf 81' lang='grc' dir='ltr'>μεγάλους</span> <span class='ocrx_word' id='word_1_604' title='bbox 3272 3975 3363 4031; x_wconf 77' lang='grc' dir='ltr'><strong>καὶ</strong></span> <span class='ocrx_word' id='word_1_605' title='bbox 3409 3977 3743 4049; x_wconf 80' lang='grc' dir='ltr'>περιφανεῖς,</span> 
     </span>
    </p>
   </div>
   <div class='ocr_carea' id='block_1_90' title="bbox 2096 4061 3744 4145">
    <p class='ocr_par' dir='ltr' id='par_1_90' title="bbox 2096 4061 3744 4145">
     <span class='ocr_line' id='line_1_90' title="bbox 2096 4061 3744 4145; baseline -0.004 -21"><span class='ocrx_word' id='word_1_606' title='bbox 2096 4067 2485 4145; x_wconf 87' lang='grc' dir='ltr'>δορυαλώτους</span> <span class='ocrx_word' id='word_1_607' title='bbox 2519 4068 2660 4140; x_wconf 76' lang='grc' dir='ltr'>εἷλε,</span> <span class='ocrx_word' id='word_1_608' title='bbox 2699 4069 2785 4125; x_wconf 85' lang='grc' dir='ltr'><strong>καὶ</strong></span> <span class='ocrx_word' id='word_1_609' title='bbox 2811 4067 2941 4130; x_wconf 76' lang='grc' dir='ltr'>τοὺς</span> <span class='ocrx_word' id='word_1_610' title='bbox 2967 4065 3178 4123; x_wconf 81' lang='grc' dir='ltr'>τούτων</span> <span class='ocrx_word' id='word_1_611' title='bbox 3213 4065 3499 4142; x_wconf 88' lang='grc' dir='ltr'>μαχίμους</span> <span class='ocrx_word' id='word_1_612' title='bbox 3526 4061 3744 4140; x_wconf 73' lang='grc' dir='ltr'>ἄνδρας,</span> 
     </span>
    </p>
   </div>
   <div class='ocr_carea' id='block_1_91' title="bbox 2091 4153 3742 4237">
    <p class='ocr_par' dir='ltr' id='par_1_91' title="bbox 2091 4153 3742 4237">
     <span class='ocr_line' id='line_1_91' title="bbox 2091 4153 3742 4237; baseline -0.006 -22"><span class='ocrx_word' id='word_1_613' title='bbox 2091 4159 2180 4215; x_wconf 76' lang='grc' dir='ltr'><strong>καὶ</strong></span> <span class='ocrx_word' id='word_1_614' title='bbox 2228 4156 2461 4215; x_wconf 87' lang='grc' dir='ltr'>πλεῖστα</span> <span class='ocrx_word' id='word_1_615' title='bbox 2531 4157 2784 4237; x_wconf 88' lang='grc' dir='ltr'>φρούρια.</span> <span class='ocrx_word' id='word_1_616' title='bbox 2844 4158 2922 4215; x_wconf 84' lang='grc' dir='ltr'><strong>Τὸ</strong></span> <span class='ocrx_word' id='word_1_617' title='bbox 2979 4155 3110 4212; x_wconf 79' lang='grc' dir='ltr'>αὐτὸ</span> <span class='ocrx_word' id='word_1_618' title='bbox 3160 4153 3218 4210; x_wconf 75' lang='grc' dir='ltr'>δὲ</span> <span class='ocrx_word' id='word_1_619' title='bbox 3264 4153 3354 4210; x_wconf 79' lang='grc' dir='ltr'><strong>καὶ</strong></span> <span class='ocrx_word' id='word_1_620' title='bbox 3409 4153 3463 4208; x_wconf 85' lang='grc' dir='ltr'><strong>ἐν</strong></span> <span class='ocrx_word' id='word_1_621' title='bbox 3511 4155 3580 4228; x_wconf 81' lang='grc' dir='ltr'><strong>τῇ</strong></span> <span class='ocrx_word' id='word_1_622' title='bbox 3632 4155 3742 4207; x_wconf 86' lang='grc' dir='ltr'><strong>τῶν</strong></span> 
     </span>
    </p>
   </div>
   <div class='ocr_carea' id='block_1_92' title="bbox 2095 4239 3744 4324">
    <p class='ocr_par' dir='ltr' id='par_1_92' title="bbox 2095 4239 3744 4324">
     <span class='ocr_line' id='line_1_92' title="bbox 2095 4239 3744 4324; baseline -0.007 -17"><span class='ocrx_word' id='word_1_623' title='bbox 2095 4248 2334 4307; x_wconf 81' lang='grc' dir='ltr'>Κιλίκων</span> <span class='ocrx_word' id='word_1_624' title='bbox 2393 4247 2555 4324; x_wconf 81' lang='grc' dir='ltr'>χώρᾳ</span> <span class='ocrx_word' id='word_1_625' title='bbox 2611 4245 2984 4324; x_wconf 81' lang='grc' dir='ltr'>διεπράττετο,</span> <span class='ocrx_word' id='word_1_626' title='bbox 3036 4246 3110 4308; x_wconf 86' lang='grc' dir='ltr'>ὡς</span> <span class='ocrx_word' id='word_1_627' title='bbox 3307 4239 3574 4314; x_wconf 84' lang='grc' dir='ltr'>Λυκανδῷ</span> <span class='ocrx_word' id='word_1_628' title='bbox 3627 4262 3744 4297; x_wconf 85' lang='grc' dir='ltr'>συν-</span> 
     </span>
    </p>
   </div>
   <div class='ocr_carea' id='block_1_93' title="bbox 2095 4331 3744 4415">
    <p class='ocr_par' dir='ltr' id='par_1_93' title="bbox 2095 4331 3744 4415">
     <span class='ocr_line' id='line_1_93' title="bbox 2095 4331 3744 4415; baseline -0.005 -21"><span class='ocrx_word' id='word_1_629' title='bbox 2095 4337 2295 4415; x_wconf 75' lang='grc' dir='ltr'>ορούσῃ</span> <span class='ocrx_word' id='word_1_630' title='bbox 2328 4337 2393 4394; x_wconf 84' lang='grc'><strong>⁷⁷.</strong></span> <span class='ocrx_word' id='word_1_631' title='bbox 2425 4337 2531 4392; x_wconf 81' lang='grc' dir='ltr'><strong>Καὶ</strong></span> <span class='ocrx_word' id='word_1_632' title='bbox 2563 4336 2722 4399; x_wconf 85' lang='grc' dir='ltr'>αὐτὸς</span> <span class='ocrx_word' id='word_1_633' title='bbox 2750 4334 2955 4406; x_wconf 84' lang='grc' dir='ltr'>τοίνυν,</span> <span class='ocrx_word' id='word_1_634' title='bbox 3015 4335 3060 4389; x_wconf 85' lang='grc' dir='ltr'><strong>ῶ</strong></span> <span class='ocrx_word' id='word_1_635' title='bbox 3119 4333 3406 4409; x_wconf 75' lang='grc' dir='ltr'>στρατηγὲ,</span> <span class='ocrx_word' id='word_1_636' title='bbox 3465 4333 3558 4387; x_wconf 77' lang='grc' dir='ltr'>’ὸτε</span> <span class='ocrx_word' id='word_1_637' title='bbox 3623 4331 3744 4404; x_wconf 87' lang='grc' dir='ltr'>μετ’</span> 
     </span>
    </p>
   </div>
   <div class='ocr_carea' id='block_1_94' title="bbox 2093 4415 3743 4501">
    <p class='ocr_par' dir='ltr' id='par_1_94' title="bbox 2093 4415 3743 4501">
     <span class='ocr_line' id='line_1_94' title="bbox 2093 4415 3743 4501; baseline -0.006 -19"><span class='ocrx_word' id='word_1_638' title='bbox 2093 4423 2492 4497; x_wconf 77' lang='grc' dir='ltr'>ἐπιτηδεύσεως</span> <span class='ocrx_word' id='word_1_639' title='bbox 2520 4425 2612 4480; x_wconf 86' lang='grc' dir='ltr'><strong>καὶ</strong></span> <span class='ocrx_word' id='word_1_640' title='bbox 2662 4421 2879 4501; x_wconf 75' lang='grc' dir='ltr'>ἐνέδρας</span> <span class='ocrx_word' id='word_1_641' title='bbox 2959 4419 3340 4498; x_wconf 85' lang='grc' dir='ltr'>τραυματίζειν</span> <span class='ocrx_word' id='word_1_642' title='bbox 3388 4417 3518 4484; x_wconf 72' lang='grc' dir='ltr'>τοὺς</span> <span class='ocrx_word' id='word_1_643' title='bbox 3569 4415 3743 4474; x_wconf 84' lang='grc' dir='ltr'>πολε-</span> 
     </span>
    </p>
   </div>
   <div class='ocr_carea' id='block_1_95' title="bbox 2099 4506 3744 4589">
    <p class='ocr_par' dir='ltr' id='par_1_95' title="bbox 2099 4506 3744 4589">
     <span class='ocr_line' id='line_1_95' title="bbox 2099 4506 3744 4589; baseline -0.005 -19"><span class='ocrx_word' id='word_1_644' title='bbox 2099 4515 2257 4589; x_wconf 91' lang='grc' dir='ltr'>μίους</span> <span class='ocrx_word' id='word_1_645' title='bbox 2285 4514 2606 4589; x_wconf 79' lang='grc' dir='ltr'>ἀπορήσεις,</span> <span class='ocrx_word' id='word_1_646' title='bbox 2641 4511 2730 4568; x_wconf 83' lang='grc' dir='ltr'><strong>διὰ</strong></span> <span class='ocrx_word' id='word_1_647' title='bbox 2789 4513 2852 4568; x_wconf 85' lang='grc' dir='ltr'>τὸ</span> <span class='ocrx_word' id='word_1_648' title='bbox 2905 4509 3125 4573; x_wconf 75' lang='grc' dir='ltr'>ἑαυτοὺς</span> <span class='ocrx_word' id='word_1_649' title='bbox 3171 4508 3452 4584; x_wconf 80' lang='grc' dir='ltr'>ἐπιμελῶς</span> <span class='ocrx_word' id='word_1_650' title='bbox 3509 4506 3744 4582; x_wconf 69' lang='grc' dir='ltr'>ἀσφαλί-</span> 
     </span>
    </p>
   </div>
   <div class='ocr_carea' id='block_1_96' title="bbox 346 4595 1987 4682">
    <p class='ocr_par' dir='ltr' id='par_1_96' title="bbox 346 4599 1987 4674">
     <span class='ocr_line' id='line_1_96' title="bbox 346 4599 1987 4674; baseline 0.004 -21"><span class='ocrx_word' id='word_1_651' title='bbox 346 4599 424 4654; x_wconf 89' lang='lat' dir='ltr'><strong>sit</strong></span> <span class='ocrx_word' id='word_1_652' title='bbox 451 4603 510 4653; x_wconf 88' lang='lat' dir='ltr'><strong>et</strong></span> <span class='ocrx_word' id='word_1_653' title='bbox 535 4599 774 4656; x_wconf 90' lang='lat' dir='ltr'><strong>laudem</strong></span> <span class='ocrx_word' id='word_1_654' title='bbox 801 4605 1172 4664; x_wconf 88' lang='lat' dir='ltr'><strong>nactus,cum</strong></span> <span class='ocrx_word' id='word_1_655' title='bbox 1193 4601 1408 4658; x_wconf 89' lang='lat' dir='ltr'><strong>idonea</strong></span> <span class='ocrx_word' id='word_1_656' title='bbox 1427 4603 1696 4674; x_wconf 89' lang='lat' dir='ltr'><strong>equitum</strong></span> <span class='ocrx_word' id='word_1_657' title='bbox 1713 4605 1987 4660; x_wconf 87' lang='lat' dir='ltr'><strong>militum-</strong></span> 
     </span>
    </p>
   </div>
   <div class='ocr_carea' id='block_1_97' title="bbox 2095 4595 3740 4682">
    <p class='ocr_par' dir='ltr' id='par_1_97' title="bbox 2099 4595 3740 4682">
     <span class='ocr_line' id='line_1_97' title="bbox 2099 4595 3740 4682; baseline -0.004 -23"><span class='ocrx_word' id='word_1_658' title='bbox 2099 4606 2278 4675; x_wconf 83' lang='grc' dir='ltr'>ζεσθαι</span> <span class='ocrx_word' id='word_1_659' title='bbox 2308 4605 2395 4658; x_wconf 84' lang='grc' dir='ltr'><strong>καὶ</strong></span> <span class='ocrx_word' id='word_1_660' title='bbox 2429 4600 2886 4682; x_wconf 77' lang='grc' dir='ltr'>παραφυλάττεινο</span> <span class='ocrx_word' id='word_1_661' title='bbox 2947 4600 3059 4656; x_wconf 68' lang='grc' dir='ltr'>οὔτ’</span> <span class='ocrx_word' id='word_1_662' title='bbox 3115 4601 3180 4654; x_wconf 78' lang='grc' dir='ltr'>αὗ</span> <span class='ocrx_word' id='word_1_663' title='bbox 3226 4597 3393 4654; x_wconf 86' lang='grc' dir='ltr'>πάλιν</span> <span class='ocrx_word' id='word_1_664' title='bbox 3451 4595 3740 4673; x_wconf 78' lang='grc' dir='ltr'>ἀξιόλογον</span> 
     </span>
    </p>
   </div>
   <div class='ocr_carea' id='block_1_98' title="bbox 345 4689 1986 4766">
    <p class='ocr_par' dir='ltr' id='par_1_98' title="bbox 345 4689 1986 4766">
     <span class='ocr_line' id='line_1_98' title="bbox 345 4689 1986 4766; baseline 0.005 -23"><span class='ocrx_word' id='word_1_665' title='bbox 345 4705 460 4759; x_wconf 90' lang='lat' dir='ltr'><strong>que</strong></span> <span class='ocrx_word' id='word_1_666' title='bbox 474 4689 718 4762; x_wconf 88' lang='lat' dir='ltr'><strong>copiain</strong></span> <span class='ocrx_word' id='word_1_667' title='bbox 731 4690 1036 4762; x_wconf 88' lang='lat' dir='ltr'><strong>regionem</strong></span> <span class='ocrx_word' id='word_1_668' title='bbox 1047 4691 1521 4748; x_wconf 81' lang='lat' dir='ltr'><strong>adversariorum</strong></span> <span class='ocrx_word' id='word_1_669' title='bbox 1534 4693 1986 4766; x_wconf 88' lang='lat' dir='ltr'><strong>immittere,qui</strong></span> 
     </span>
    </p>
   </div>
   <div class='ocr_carea' id='block_1_99' title="bbox 345 4777 1987 4855">
    <p class='ocr_par' dir='ltr' id='par_1_99' title="bbox 345 4777 1987 4855">
     <span class='ocr_line' id='line_1_99' title="bbox 345 4777 1987 4855; baseline 0.005 -23"><span class='ocrx_word' id='word_1_670' title='bbox 345 4793 478 4832; x_wconf 88' lang='lat' dir='ltr'><strong>eam</strong></span> <span class='ocrx_word' id='word_1_671' title='bbox 519 4777 601 4832; x_wconf 87' lang='lat' dir='ltr'><strong>ibi</strong></span> <span class='ocrx_word' id='word_1_672' title='bbox 630 4795 1009 4836; x_wconf 88' lang='lat' dir='ltr'><strong>commorans</strong></span> <span class='ocrx_word' id='word_1_673' title='bbox 1041 4779 1336 4836; x_wconf 88' lang='lat' dir='ltr'><strong>incendiis</strong></span> <span class='ocrx_word' id='word_1_674' title='bbox 1385 4781 1987 4855; x_wconf 88' lang='lat' dir='ltr'><strong>populationibusque</strong></span> 
     </span>
    </p>
   </div>
   <div class='ocr_carea' id='block_1_100' title="bbox 344 4863 1986 4936">
    <p class='ocr_par' dir='ltr' id='par_1_100' title="bbox 344 4863 1986 4936">
     <span class='ocr_line' id='line_1_100' title="bbox 344 4863 1986 4936; baseline 0.006 -20"><span class='ocrx_word' id='word_1_675' title='bbox 344 4863 873 4936; x_wconf 85' lang='lat' dir='ltr'><strong>vexet,oppidaque</strong></span> <span class='ocrx_word' id='word_1_676' title='bbox 902 4865 1208 4924; x_wconf 90' lang='lat' dir='ltr'><strong>obsideat:</strong></span> <span class='ocrx_word' id='word_1_677' title='bbox 1241 4872 1308 4922; x_wconf 89' lang='lat' dir='ltr'><strong>ut</strong></span> <span class='ocrx_word' id='word_1_678' title='bbox 1340 4869 1450 4924; x_wconf 92' lang='lat' dir='ltr'><strong>hac</strong></span> <span class='ocrx_word' id='word_1_679' title='bbox 1471 4886 1535 4924; x_wconf 93' lang='lat' dir='ltr'><strong>re</strong></span> <span class='ocrx_word' id='word_1_680' title='bbox 1564 4869 1766 4925; x_wconf 89' lang='lat' dir='ltr'><strong>audita</strong></span> <span class='ocrx_word' id='word_1_681' title='bbox 1787 4870 1986 4926; x_wconf 84' lang='lat' dir='ltr'><strong>hostes</strong></span> 
     </span>
    </p>
   </div>
   <div class='ocr_carea' id='block_1_101' title="bbox 346 4947 1989 5031">
    <p class='ocr_par' dir='ltr' id='par_1_101' title="bbox 346 4947 1989 5031">
     <span class='ocr_line' id='line_1_101' title="bbox 346 4947 1989 5031; baseline 0.007 -28"><span class='ocrx_word' id='word_1_682' title='bbox 346 4947 560 5004; x_wconf 89' lang='lat' dir='ltr'><strong>ducem</strong></span> <span class='ocrx_word' id='word_1_683' title='bbox 577 4966 748 5006; x_wconf 92' lang='lat' dir='ltr'><strong>suum</strong></span> <span class='ocrx_word' id='word_1_684' title='bbox 771 4952 862 5009; x_wconf 89' lang='lat' dir='ltr'><strong>vel</strong></span> <span class='ocrx_word' id='word_1_685' title='bbox 880 4952 1130 5010; x_wconf 89' lang='lat' dir='ltr'><strong>invitum</strong></span> <span class='ocrx_word' id='word_1_686' title='bbox 1153 4955 1227 5010; x_wconf 89' lang='lat' dir='ltr'><strong>ad</strong></span> <span class='ocrx_word' id='word_1_687' title='bbox 1255 4956 1508 5026; x_wconf 88' lang='lat' dir='ltr'><strong>patriam</strong></span> <span class='ocrx_word' id='word_1_688' title='bbox 1527 4957 1806 5014; x_wconf 87' lang='lat' dir='ltr'><strong>tuendam</strong></span> <span class='ocrx_word' id='word_1_689' title='bbox 1821 4958 1989 5031; x_wconf 87' lang='lat' dir='ltr'><strong>signa</strong></span> 
     </span>
    </p>
   </div>
   <div class='ocr_carea' id='block_1_102' title="bbox 344 5037 1989 5120">
    <p class='ocr_par' dir='ltr' id='par_1_102' title="bbox 344 5037 1989 5120">
     <span class='ocr_line' id='line_1_102' title="bbox 344 5037 1989 5120; baseline 0.007 -28"><span class='ocrx_word' id='word_1_690' title='bbox 344 5037 566 5095; x_wconf 86' lang='lat' dir='ltr'><strong>referre</strong></span> <span class='ocrx_word' id='word_1_691' title='bbox 593 5046 824 5114; x_wconf 88' lang='lat' dir='ltr'><strong>cogant.</strong></span> <span class='ocrx_word' id='word_1_692' title='bbox 857 5042 1020 5108; x_wconf 91' lang='lat' dir='ltr'><strong>Quod</strong></span> <span class='ocrx_word' id='word_1_693' title='bbox 1051 5043 1099 5099; x_wconf 89' lang='lat' dir='ltr'><strong>si</strong></span> <span class='ocrx_word' id='word_1_694' title='bbox 1156 5060 1329 5117; x_wconf 88' lang='lat' dir='ltr'><strong>agros</strong></span> <span class='ocrx_word' id='word_1_695' title='bbox 1387 5051 1625 5103; x_wconf 91' lang='lat' dir='ltr'><strong>nostros</strong></span> <span class='ocrx_word' id='word_1_696' title='bbox 1668 5047 1989 5120; x_wconf 87' lang='lat' dir='ltr'><strong>diligenter</strong></span> 
     </span>
    </p>
   </div>
   <div class='ocr_carea' id='block_1_103' title="bbox 346 5129 1988 5211">
    <p class='ocr_par' dir='ltr' id='par_1_103' title="bbox 346 5129 1988 5211">
     <span class='ocr_line' id='line_1_103' title="bbox 346 5129 1988 5211; baseline 0.007 -28"><span class='ocrx_word' id='word_1_697' title='bbox 346 5129 1186 5204; x_wconf 83' lang='lat' dir='ltr'><strong>exinanieris,incolarumque</strong></span> <span class='ocrx_word' id='word_1_698' title='bbox 1217 5134 1451 5192; x_wconf 89' lang='lat' dir='ltr'><strong>turbam</strong></span> <span class='ocrx_word' id='word_1_699' title='bbox 1485 5141 1660 5210; x_wconf 90' lang='lat' dir='ltr'><strong>atque</strong></span> <span class='ocrx_word' id='word_1_700' title='bbox 1691 5155 1906 5211; x_wconf 88' lang='lat' dir='ltr'><strong>pecora</strong></span> <span class='ocrx_word' id='word_1_701' title='bbox 1926 5138 1988 5194; x_wconf 93' lang='lat' dir='ltr'><strong>in</strong></span> 
     </span>
    </p>
   </div>
   <div class='ocr_carea' id='block_1_104' title="bbox 341 5219 1990 5296">
    <p class='ocr_par' dir='ltr' id='par_1_104' title="bbox 341 5219 1990 5296">
     <span class='ocr_line' id='line_1_104' title="bbox 341 5219 1990 5296; baseline 0.005 -22"><span class='ocrx_word' id='word_1_702' title='bbox 341 5219 494 5274; x_wconf 89' lang='lat' dir='ltr'><strong>altos</strong></span> <span class='ocrx_word' id='word_1_703' title='bbox 524 5235 884 5291; x_wconf 90' lang='lat' dir='ltr'><strong>asperosque</strong></span> <span class='ocrx_word' id='word_1_704' title='bbox 910 5227 1142 5278; x_wconf 90' lang='lat' dir='ltr'><strong>montes</strong></span> <span class='ocrx_word' id='word_1_705' title='bbox 1171 5225 1778 5296; x_wconf 89' lang='lat' dir='ltr'><strong>compuleris;hostes</strong></span> <span class='ocrx_word' id='word_1_706' title='bbox 1791 5233 1990 5286; x_wconf 86' lang='lat' dir='ltr'><strong>autem</strong></span> 
     </span>
    </p>
   </div>
   <div class='ocr_carea' id='block_1_105' title="bbox 344 5307 1989 5390">
    <p class='ocr_par' dir='ltr' id='par_1_105' title="bbox 344 5307 1989 5390">
     <span class='ocr_line' id='line_1_105' title="bbox 344 5307 1989 5390; baseline 0.007 -28"><span class='ocrx_word' id='word_1_707' title='bbox 344 5307 530 5364; x_wconf 89' lang='lat' dir='ltr'><strong>velint</strong></span> <span class='ocrx_word' id='word_1_708' title='bbox 554 5311 902 5382; x_wconf 89' lang='lat' dir='ltr'><strong>perquirere</strong></span> <span class='ocrx_word' id='word_1_709' title='bbox 933 5327 1002 5367; x_wconf 90' lang='lat' dir='ltr'><strong>ea</strong></span> <span class='ocrx_word' id='word_1_710' title='bbox 1022 5311 1169 5386; x_wconf 86' lang='lat' dir='ltr'><strong>juga</strong></span> <span class='ocrx_word' id='word_1_711' title='bbox 1195 5331 1263 5370; x_wconf 88' lang='lat' dir='ltr'><strong>ac</strong></span> <span class='ocrx_word' id='word_1_712' title='bbox 1295 5316 1571 5384; x_wconf 83' lang='lat' dir='ltr'><strong>scrutari,</strong></span> <span class='ocrx_word' id='word_1_713' title='bbox 1594 5316 1989 5390; x_wconf 89' lang='lat' dir='ltr'><strong>hominesque</strong></span> 
     </span>
    </p>
   </div>
   <div class='ocr_carea' id='block_1_106' title="bbox 343 5395 1991 5476">
    <p class='ocr_par' dir='ltr' id='par_1_106' title="bbox 343 5395 1991 5476">
     <span class='ocr_line' id='line_1_106' title="bbox 343 5395 1991 5476; baseline 0.006 -24"><span class='ocrx_word' id='word_1_714' title='bbox 343 5395 559 5454; x_wconf 88' lang='lat' dir='ltr'><strong>indein</strong></span> <span class='ocrx_word' id='word_1_715' title='bbox 589 5399 934 5455; x_wconf 84' lang='lat' dir='ltr'><strong>servitutem</strong></span> <span class='ocrx_word' id='word_1_716' title='bbox 956 5399 1536 5476; x_wconf 90' lang='lat' dir='ltr'><strong>abducere,ideoque</strong></span> <span class='ocrx_word' id='word_1_717' title='bbox 1557 5405 1834 5462; x_wconf 90' lang='lat' dir='ltr'><strong>omnibus</strong></span> <span class='ocrx_word' id='word_1_718' title='bbox 1855 5423 1991 5462; x_wconf 88' lang='lat' dir='ltr'><strong>cum</strong></span> 
     </span>
    </p>
   </div>
   <div class='ocr_carea' id='block_1_107' title="bbox 2095 4687 3744 4770">
    <p class='ocr_par' dir='ltr' id='par_1_107' title="bbox 2095 4687 3744 4770">
     <span class='ocr_line' id='line_1_107' title="bbox 2095 4687 3744 4770; baseline -0.005 -19"><span class='ocrx_word' id='word_1_719' title='bbox 2095 4692 2242 4770; x_wconf 76' lang='grc' dir='ltr'>ἔχεις</span> <span class='ocrx_word' id='word_1_720' title='bbox 2273 4691 2524 4767; x_wconf 81' lang='grc' dir='ltr'>δύναμιν,</span> <span class='ocrx_word' id='word_1_721' title='bbox 2582 4692 2718 4767; x_wconf 83' lang='grc' dir='ltr'>πρὸς</span> <span class='ocrx_word' id='word_1_722' title='bbox 2774 4693 2836 4747; x_wconf 86' lang='grc' dir='ltr'>τὸ</span> <span class='ocrx_word' id='word_1_723' title='bbox 2903 4694 3149 4769; x_wconf 77' lang='grc' dir='ltr'>φανερῶς</span> <span class='ocrx_word' id='word_1_724' title='bbox 3205 4687 3390 4751; x_wconf 74' lang='grc' dir='ltr'>αὐτοῖς</span> <span class='ocrx_word' id='word_1_725' title='bbox 3449 4687 3744 4762; x_wconf 86' lang='grc' dir='ltr'>ἀντιμάχε-</span> 
     </span>
    </p>
   </div>
   <div class='ocr_carea' id='block_1_108' title="bbox 2097 4775 3742 4854">
    <p class='ocr_par' dir='ltr' id='par_1_108' title="bbox 2097 4775 3742 4854">
     <span class='ocr_line' id='line_1_108' title="bbox 2097 4775 3742 4854; baseline -0.004 -16"><span class='ocrx_word' id='word_1_726' title='bbox 2097 4785 2236 4839; x_wconf 78' lang='grc' dir='ltr'>σθαι’</span> <span class='ocrx_word' id='word_1_727' title='bbox 2270 4787 2432 4838; x_wconf 79' lang='grc' dir='ltr'>τοῦτο</span> <span class='ocrx_word' id='word_1_728' title='bbox 2482 4779 2566 4837; x_wconf 87' lang='grc' dir='ltr'><strong>δεῖ</strong></span> <span class='ocrx_word' id='word_1_729' title='bbox 2621 4802 2679 4836; x_wconf 89' lang='grc' dir='ltr'><strong>σε</strong></span> <span class='ocrx_word' id='word_1_730' title='bbox 2734 4777 3100 4854; x_wconf 85' lang='grc' dir='ltr'>διαπράττειν·</span> <span class='ocrx_word' id='word_1_731' title='bbox 3159 4779 3247 4834; x_wconf 78' lang='grc' dir='ltr'><strong>καὶ</strong></span> <span class='ocrx_word' id='word_1_732' title='bbox 3309 4775 3417 4833; x_wconf 72' lang='grc' dir='ltr'>εἴτε</span> <span class='ocrx_word' id='word_1_733' title='bbox 3467 4776 3629 4832; x_wconf 82' lang='grc' dir='ltr'>αὐτόν</span> <span class='ocrx_word' id='word_1_734' title='bbox 3685 4796 3742 4831; x_wconf 85' lang='grc' dir='ltr'><strong>σε</strong></span> 
     </span>
    </p>
   </div>
   <div class='ocr_carea' id='block_1_109' title="bbox 2095 4864 3746 4946">
    <p class='ocr_par' dir='ltr' id='par_1_109' title="bbox 2095 4864 3746 4946">
     <span class='ocr_line' id='line_1_109' title="bbox 2095 4864 3746 4946; baseline -0.005 -18"><span class='ocrx_word' id='word_1_735' title='bbox 2095 4872 2232 4928; x_wconf 83' lang='grc' dir='ltr'>κατᾶ</span> <span class='ocrx_word' id='word_1_736' title='bbox 2257 4879 2360 4942; x_wconf 87' lang='grc' dir='ltr'><strong>τῆς</strong></span> <span class='ocrx_word' id='word_1_737' title='bbox 2390 4871 2581 4946; x_wconf 78' lang='grc' dir='ltr'>Χὼρας</span> <span class='ocrx_word' id='word_1_738' title='bbox 2609 4875 2717 4926; x_wconf 91' lang='grc' dir='ltr'><strong>τῶν</strong></span> <span class='ocrx_word' id='word_1_739' title='bbox 2741 4867 3025 4942; x_wconf 87' lang='grc' dir='ltr'>πολεμίων</span> <span class='ocrx_word' id='word_1_740' title='bbox 3082 4867 3408 4943; x_wconf 83' lang='grc' dir='ltr'>ἐπείγεσθαι,</span> <span class='ocrx_word' id='word_1_741' title='bbox 3467 4864 3746 4940; x_wconf 86' lang='grc' dir='ltr'>καταλιμ-</span> 
     </span>
    </p>
   </div>
   <div class='ocr_carea' id='block_1_110' title="bbox 2096 4953 3746 5035">
    <p class='ocr_par' dir='ltr' id='par_1_110' title="bbox 2096 4953 3746 5035">
     <span class='ocr_line' id='line_1_110' title="bbox 2096 4953 3746 5035; baseline -0.002 -19"><span class='ocrx_word' id='word_1_742' title='bbox 2096 4962 2334 5016; x_wconf 88' lang='grc' dir='ltr'>πάνοντα</span> <span class='ocrx_word' id='word_1_743' title='bbox 2365 4957 2534 5035; x_wconf 78' lang='grc' dir='ltr'>ἄνδρα</span> <span class='ocrx_word' id='word_1_744' title='bbox 2589 4963 2698 5015; x_wconf 89' lang='grc' dir='ltr'><strong>τῶν</strong></span> <span class='ocrx_word' id='word_1_745' title='bbox 2759 4956 2948 5014; x_wconf 73' lang='grc' dir='ltr'>ἄλλων</span> <span class='ocrx_word' id='word_1_746' title='bbox 3008 4960 3326 5035; x_wconf 87' lang='grc' dir='ltr'>στρατηγῶν</span> <span class='ocrx_word' id='word_1_747' title='bbox 3383 4953 3746 5030; x_wconf 78' lang='grc' dir='ltr'>ἀξιολογώτε-</span> 
     </span>
    </p>
   </div>
   <div class='ocr_carea' id='block_1_111' title="bbox 2099 5042 3746 5126">
    <p class='ocr_par' dir='ltr' id='par_1_111' title="bbox 2099 5042 3746 5126">
     <span class='ocr_line' id='line_1_111' title="bbox 2099 5042 3746 5126; baseline -0.004 -20"><span class='ocrx_word' id='word_1_748' title='bbox 2099 5070 2213 5126; x_wconf 89' lang='grc' dir='ltr'>ρον,</span> <span class='ocrx_word' id='word_1_749' title='bbox 2247 5048 2382 5124; x_wconf 81' lang='grc' dir='ltr'>μετὰ</span> <span class='ocrx_word' id='word_1_750' title='bbox 2434 5049 2523 5104; x_wconf 90' lang='grc' dir='ltr'><strong>καὶ</strong></span> <span class='ocrx_word' id='word_1_751' title='bbox 2577 5049 2976 5124; x_wconf 83' lang='grc' dir='ltr'>στρατεύματος</span> <span class='ocrx_word' id='word_1_752' title='bbox 3027 5051 3126 5102; x_wconf 78' lang='grc' dir='ltr'><strong>τοῦ</strong></span> <span class='ocrx_word' id='word_1_753' title='bbox 3181 5046 3317 5122; x_wconf 85' lang='grc' dir='ltr'>πρὸς</span> <span class='ocrx_word' id='word_1_754' title='bbox 3379 5042 3746 5122; x_wconf 74' lang='grc' dir='ltr'>παραδρομὴν</span> 
     </span>
    </p>
   </div>
   <div class='ocr_carea' id='block_1_112' title="bbox 2097 5131 3743 5214">
    <p class='ocr_par' dir='ltr' id='par_1_112' title="bbox 2097 5131 3743 5214">
     <span class='ocr_line' id='line_1_112' title="bbox 2097 5131 3743 5214; baseline -0.005 -18"><span class='ocrx_word' id='word_1_755' title='bbox 2097 5138 2187 5196; x_wconf 87' lang='grc' dir='ltr'><strong>καὶ</strong></span> <span class='ocrx_word' id='word_1_756' title='bbox 2217 5137 2478 5214; x_wconf 87' lang='grc' dir='ltr'>πρόνοιαν</span> <span class='ocrx_word' id='word_1_757' title='bbox 2535 5140 2646 5192; x_wconf 87' lang='grc' dir='ltr'><strong>τῶν</strong></span> <span class='ocrx_word' id='word_1_758' title='bbox 2707 5136 2954 5210; x_wconf 88' lang='grc' dir='ltr'>θεμάτων</span> <span class='ocrx_word' id='word_1_759' title='bbox 3013 5135 3405 5207; x_wconf 74' lang='grc' dir='ltr'>ἐξικανοῦντοςο</span> <span class='ocrx_word' id='word_1_760' title='bbox 3466 5131 3596 5204; x_wconf 57' lang='grc' dir='ltr'>εἴτε,</span> <span class='ocrx_word' id='word_1_761' title='bbox 3645 5136 3743 5188; x_wconf 81' lang='grc' dir='ltr'><strong>σοῦ</strong></span> 
     </span>
    </p>
   </div>
   <div class='ocr_carea' id='block_1_113' title="bbox 2096 5221 3747 5304">
    <p class='ocr_par' dir='ltr' id='par_1_113' title="bbox 2096 5221 3747 5304">
     <span class='ocr_line' id='line_1_113' title="bbox 2096 5221 3747 5304; baseline -0.005 -19"><span class='ocrx_word' id='word_1_762' title='bbox 2096 5231 2196 5300; x_wconf 76' lang='grc' dir='ltr'>τὴν</span> <span class='ocrx_word' id='word_1_763' title='bbox 2225 5225 2589 5304; x_wconf 79' lang='grc' dir='ltr'>παραδρομὴν</span> <span class='ocrx_word' id='word_1_764' title='bbox 2617 5230 2933 5295; x_wconf 78' lang='grc' dir='ltr'>ποιοῦντος,</span> <span class='ocrx_word' id='word_1_765' title='bbox 2963 5225 3054 5280; x_wconf 89' lang='grc' dir='ltr'><strong>τὸν</strong></span> <span class='ocrx_word' id='word_1_766' title='bbox 3094 5221 3378 5300; x_wconf 84' lang='grc' dir='ltr'>κρείττονα</span> <span class='ocrx_word' id='word_1_767' title='bbox 3405 5225 3515 5278; x_wconf 89' lang='grc' dir='ltr'><strong>τῶν</strong></span> <span class='ocrx_word' id='word_1_768' title='bbox 3547 5242 3747 5298; x_wconf 82' lang='grc' dir='ltr'>στρατ-</span> 
     </span>
    </p>
   </div>
   <div class='ocr_carea' id='block_1_114' title="bbox 2096 5310 3745 5394">
    <p class='ocr_par' dir='ltr' id='par_1_114' title="bbox 2096 5310 3745 5394">
     <span class='ocr_line' id='line_1_114' title="bbox 2096 5310 3745 5394; baseline -0.004 -22"><span class='ocrx_word' id='word_1_769' title='bbox 2096 5320 2270 5394; x_wconf 85' lang='grc' dir='ltr'>ηγῶν,</span> <span class='ocrx_word' id='word_1_770' title='bbox 2303 5317 2392 5372; x_wconf 75' lang='grc' dir='ltr'><strong>καὶ</strong></span> <span class='ocrx_word' id='word_1_771' title='bbox 2422 5315 2507 5372; x_wconf 86' lang='grc' dir='ltr'>ἐπ’</span> <span class='ocrx_word' id='word_1_772' title='bbox 2535 5313 2756 5392; x_wconf 80' lang='grc' dir='ltr'>ἀνδρείᾳ</span> <span class='ocrx_word' id='word_1_773' title='bbox 2803 5315 2895 5371; x_wconf 80' lang='grc' dir='ltr'><strong>καὶ</strong></span> <span class='ocrx_word' id='word_1_774' title='bbox 2954 5310 3289 5388; x_wconf 76' lang='grc' dir='ltr'>πολυπειρία</span> <span class='ocrx_word' id='word_1_775' title='bbox 3316 5310 3620 5386; x_wconf 81' lang='grc' dir='ltr'>ὀνομαστὸν</span> <span class='ocrx_word' id='word_1_776' title='bbox 3653 5310 3745 5366; x_wconf 78' lang='grc' dir='ltr'>καί</span> 
     </span>
    </p>
   </div>
   <div class='ocr_carea' id='block_1_115' title="bbox 2097 5399 3748 5480">
    <p class='ocr_par' dir='ltr' id='par_1_115' title="bbox 2097 5399 3748 5480">
     <span class='ocr_line' id='line_1_115' title="bbox 2097 5399 3748 5480; baseline -0.004 -18"><span class='ocrx_word' id='word_1_777' title='bbox 2097 5405 2511 5480; x_wconf 83' lang='grc' dir='ltr'>ἐπαινούμενον,</span> <span class='ocrx_word' id='word_1_778' title='bbox 2576 5405 2712 5480; x_wconf 85' lang='grc' dir='ltr'>μετὰ</span> <span class='ocrx_word' id='word_1_779' title='bbox 2758 5404 2990 5474; x_wconf 78' lang='grc' dir='ltr'>ἱππικῆς</span> <span class='ocrx_word' id='word_1_780' title='bbox 3019 5401 3110 5466; x_wconf 84' lang='grc' dir='ltr'><strong>καὶ</strong></span> <span class='ocrx_word' id='word_1_781' title='bbox 3168 5406 3395 5473; x_wconf 83' lang='grc' dir='ltr'>πεζικῆς</span> <span class='ocrx_word' id='word_1_782' title='bbox 3448 5399 3748 5477; x_wconf 79' lang='grc' dir='ltr'>ἀξιολόγου</span> 
     </span>
    </p>
   </div>
   <div class='ocr_carea' id='block_1_116' title="bbox 1551 5545 2532 5609">
    <p class='ocr_par' dir='ltr' id='par_1_116' title="bbox 1551 5545 2532 5609">
     <span class='ocr_line' id='line_1_116' title="bbox 1551 5545 2532 5609; baseline 0.002 -3"><span class='ocrx_word' id='word_1_783' title='bbox 1551 5545 1616 5606; x_wconf 83' lang='lat' dir='ltr'><strong>C.</strong></span> <span class='ocrx_word' id='word_1_784' title='bbox 1655 5547 1719 5604; x_wconf 91' lang='lat' dir='ltr'><strong>B.</strong></span> <span class='ocrx_word' id='word_1_785' title='bbox 1754 5547 1944 5606; x_wconf 78' lang='lat' dir='ltr'><strong>HASII</strong></span> <span class='ocrx_word' id='word_1_786' title='bbox 1977 5550 2532 5609; x_wconf 80' lang='lat' dir='ltr'><strong>ANNOTATIONES.</strong></span> 
     </span>
    </p>
   </div>
   <div class='ocr_carea' id='block_1_117' title="bbox 410 5672 3366 5776">
    <p class='ocr_par' dir='ltr' id='par_1_117' title="bbox 410 5672 3366 5776">
     <span class='ocr_line' id='line_1_117' title="bbox 410 5672 3366 5776; baseline 0.002 -45"><span class='ocrx_word' id='word_1_787' title='bbox 410 5675 456 5714; x_wconf 80' lang='grc'><strong>⁷⁸</strong></span> <span class='ocrx_word' id='word_1_788' title='bbox 485 5672 986 5756; x_wconf 86' lang='grc' dir='ltr'>ἐγκεχωρισμένος.</span> <span class='ocrx_word' id='word_1_789' title='bbox 1017 5679 1175 5740; x_wconf 86' lang='lat' dir='ltr'><strong>Fort.</strong></span> <span class='ocrx_word' id='word_1_790' title='bbox 1205 5674 1694 5756; x_wconf 74' lang='grc' dir='ltr'>ἐγκεχειρισμένος.</span> <span class='ocrx_word' id='word_1_791' title='bbox 1725 5681 1772 5720; x_wconf 77' lang='lat'><strong>7&quot;</strong></span> <span class='ocrx_word' id='word_1_792' title='bbox 1800 5681 2280 5761; x_wconf 62' lang='grc' dir='ltr'>ώς-συνορούσῃ]</span> <span class='ocrx_word' id='word_1_793' title='bbox 2309 5681 2447 5752; x_wconf 74' lang='grc' dir='ltr'>ὥστε</span> <span class='ocrx_word' id='word_1_794' title='bbox 2483 5687 2635 5758; x_wconf 80' lang='grc' dir='ltr'>νικᾷν</span> <span class='ocrx_word' id='word_1_795' title='bbox 2666 5683 2818 5760; x_wconf 81' lang='grc' dir='ltr'>αύτῷ</span> <span class='ocrx_word' id='word_1_796' title='bbox 2856 5681 3166 5776; x_wconf 82' lang='grc' dir='ltr'>συνορῶσαν</span> <span class='ocrx_word' id='word_1_797' title='bbox 3196 5678 3366 5748; x_wconf 74' lang='grc' dir='ltr'>φοᾶά.</span> 
     </span>
    </p>
   </div>
  </div>
