4112 6208
370 402 488 462 993

1646 396 2063 462 VELITATIO
2103 396 2464 460 BELLICA.

3655 399 3773 464 996.

373 526 662 604 δυνάμεως
680 528 817 585 κατᾶ
842 533 943 598 τῆς
970 531 1077 584 τῶν
1110 525 1396 601 πολεμίων
1425 526 1784 584 ἀποστέλλειν
1807 527 2016 606 χώρας,

2133 530 2318 603 copiis
2345 528 2625 587 accedere
2652 529 2727 585 ad
2757 529 3051 603 ejusmodi
3082 531 3232 601 loca,
3266 536 3326 588 et
3344 535 3538 589 castra
3565 531 3647 587 ibi
3670 549 3771 605 po-

370 619 461 675 καὶ
493 619 766 695 χρονίζειν
796 616 850 674 ἐν
880 618 1039 692 αὐτῇ,
1071 616 1162 673 καὶ
1202 617 1531 694 πυρπολεῖν,
1581 618 1673 673 καὶ
1722 619 2023 695 ἀφανίζειν,

370 709 460 764 καὶ
490 711 696 786 κάστρα
723 710 1063 785 πολιορκεῖν·
1090 708 1180 763 ἳνα
1208 712 1375 763 τοῦτο
1414 707 1702 772 ἀκούοντες
1758 709 1810 762 οἱ
1859 706 2025 764 πολέ-

377 819 517 873 μιοι,
547 798 639 854 καὶ
674 799 750 872 μή
788 795 1140 873 βουλομένου
1162 802 1259 851 τοῦ
1287 798 1537 873 ἀρχηγοῦ
1558 797 1757 866 αὐτῶν,
1790 796 2027 872 ἀναγκά-

371 909 540 943 σωσιν
571 888 731 943 αὐτὸν
766 887 1109 960 ἐπαναζεῦξαι
1166 888 1305 960 πρὸς
1347 888 1446 957 τὴν
1500 893 1602 956 τῆς
1645 885 1783 949 ἰδίας
1837 886 2027 962 χώρας

370 973 673 1046 ἐκδίκησιν.
705 975 936 1033 Ὀπόταν
971 973 1028 1030 δὲ
1050 976 1145 1037 τὰς
1177 976 1368 1050 χώρας
1401 978 1436 1045 ἡ
1447 980 1563 1049 μῶν
1590 974 1776 1039 καλῶς
1822 973 2027 1046 ἐκσπη-

372 1063 586 1138 λεύσῃς,
618 1062 709 1119 καί
748 1061 1087 1142 φυγαδεύσῃς
1135 1064 1226 1118 καὶ
1279 1065 1371 1118 τὸν
1429 1063 1480 1118 ἐν
1541 1063 1726 1128 αὐτοῖς
1775 1061 2025 1117 οἰκοῦντα

373 1151 509 1210 λαὸν
538 1152 725 1208 καὶτὰ
752 1152 961 1207 τούτων
996 1152 1282 1228 θρέμματα
1323 1150 1377 1207 ἐν
1426 1151 1602 1226 ὅρεσιν
1650 1150 1886 1225 ὑψηλοῖς
1934 1149 2023 1206 καὶ

375 1236 685 1311 δυσϐάτοις,
716 1241 807 1296 καὶ
870 1238 1219 1315 βουληθῶσιν
1276 1241 1328 1295 οἱ
1382 1239 1646 1314 πολέμιοι
1699 1239 2022 1318 ψηλαφῆσαι

369 1331 461 1387 καὶ
491 1330 944 1407 ἀνερευνήσασθαι
1002 1332 1089 1404 [Ρ.
1154 1331 1276 1403 158]
1334 1331 1402 1385 τὰ
1466 1334 1689 1385 τοιαῦτα
1742 1325 1867 1406 ὅρη,
1928 1328 2027 1385 κά-

2134 637 2275 676 nere
2306 620 2566 693 cogitent
2601 635 2616 675 :
2655 618 2835 676 debes
2895 624 2958 674 tu
3002 637 3240 692 quoque
3296 621 3777 694 appropinquare

2131 709 2278 765 locis
2297 710 2517 778 illis,ad
2549 726 2722 783 opem
2745 710 2862 765 tuis
2878 708 3319 767 ferendam.Ubi
3343 712 3393 766 si
3414 712 3777 768 animadver.

2134 800 2297 866 teris,
2328 800 2549 866 locum,
2575 799 2635 853 in
2664 815 2780 870 quo
2814 799 3063 855 tendant
3117 799 3456 867 adversarii,
3511 807 3776 857 montem

2134 888 2354 945 habere
2377 894 2480 944 aut
2498 888 2865 960 crepidinem
2898 888 3138 956 editam,
3170 894 3510 961 aptamque,
3542 896 3609 945 ut
3633 891 3774 946 inde

2132 983 2312 1033 noctu
2338 978 2573 1050 aggredi
2597 994 2698 1032 eos
2729 978 3023 1049 possis,ad
3036 978 3148 1033 hoc
3167 984 3430 1034 mentem
3449 986 3775 1036 convertas.

2129 1069 2663 1139 Atque,perspecta
2682 1067 2836 1123 bene
2858 1073 3071 1122 natura
3090 1068 3226 1136 loci,
3250 1068 3354 1123 illa
3383 1069 3624 1139 adjutus
3644 1087 3780 1127 cum

2130 1156 2505 1229 pedestribus
2518 1156 3010 1227 equestribusque
3021 1157 3206 1228 copiis
3221 1158 3493 1228 praelium
3506 1159 3783 1215 instituas

2130 1247 2410 1303 adversus
2427 1246 2563 1301 illos
2577 1247 3289 1317 noctu,quemadmodum
3307 1248 3368 1302 in
3390 1250 3580 1319 capite
3595 1248 3668 1303 de
3689 1249 3776 1304 di-

2130 1339 2450 1394 micatione
2474 1341 2765 1393 nocturna
2786 1336 2939 1392 infra
2969 1337 3588 1395 demonstrabitur.Ita
3600 1340 3775 1393 vehe-

375 1423 548 1477 κεῖθεν
636 1419 863 1479 τούτους
951 1417 1469 1496 ἀνδραποδίσασθαι,
1554 1420 1645 1475 καὶ
1727 1419 2018 1494 πανστρατῖ

2130 1432 2364 1484 menter
2391 1427 2527 1482 illos
2558 1426 2792 1482 vexabis
2826 1432 2883 1481 et
2912 1425 3291 1498 perterrebis,
3342 1426 3683 1499 efﬁciesque
3714 1433 3782 1484 ut

377 1508 683 1580 πλησιάσαι
711 1515 829 1573 τοῖς
876 1510 1152 1574 τοιούτοις
1201 1509 1395 1574 τόποις
1449 1510 1747 1581 θελήσωσι,
1797 1509 1889 1564 καὶ
1929 1510 2018 1571 τὰς

2130 1516 2267 1572 inde
2296 1514 2771 1581 recedant.Quod
2804 1516 2853 1570 si
2876 1516 3269 1571 nihilominus
3290 1522 3647 1587 permanent
3668 1517 3776 1571 ibi-

372 1601 574 1671 σκηνὰς
606 1599 777 1655 ἐκεῖσε
800 1599 1093 1672 πήξασθαι·
1147 1597 1386 1678 ὀφείλεις
1440 1601 1529 1655 καὶ
1581 1599 1741 1662 αὐτὸς
1799 1598 1851 1654 ἐν
1904 1605 2018 1662 τοῖς

2130 1605 2285 1675 dem,
2319 1606 2755 1679 diligenterque
2815 1621 2945 1661 sese
3004 1604 3349 1661 custodiunt
3389 1621 3457 1660 ac
3514 1609 3777 1671 tuentur,

376 1693 592 1767 μέρεσιν
652 1689 882 1754 ἐκείνοις
934 1690 1170 1761 πλησίον
1251 1689 1520 1767 γενέσθαι,
1599 1691 1674 1753 εἰς
1744 1688 2018 1761 ἐκδίκησιν

2130 1695 2459 1766 voluntque
2486 1696 2741 1750 scrutari
2760 1700 3016 1761 montes,
3039 1695 3102 1749 in
3133 1693 3351 1766 quibus
3404 1694 3781 1766 receptacula

368 1784 477 1836 τῶν
512 1779 748 1838 οίκείων.
781 1782 885 1838 Καὶ
918 1779 968 1837 εἴ
994 1802 1054 1856 γε
1081 1781 1176 1836 τὸν
1208 1786 1395 1856 χῶρον
1430 1781 1620 1851 θεάση,
1677 1779 1728 1835 ἐν
1761 1782 1807 1853 ᾧ
1839 1781 1892 1835 οἱ
1921 1799 2018 1835 πο-

2130 1785 2366 1840 rusticas
2389 1784 2580 1856 plebis
2609 1789 2767 1851 sunt,
2793 1784 3013 1840 debent
3032 1785 3180 1841 245
3208 1800 3314 1856 per
3326 1784 3691 1856 jaculatores
3708 1800 3779 1839 ac

372 1868 561 1942 λέμιοι
594 1867 930 1940 αὕλίζονται,
989 1866 1120 1942 ὄρος
1163 1865 1363 1945 ἔχοντα
1390 1866 1427 1939 ἥ
1458 1869 1626 1925 τόπον
1669 1868 1879 1944 ὑψηλὸν
1934 1868 2018 1924 καὶ

2130 1873 2338 1929 velites
2368 1873 2664 1928 observari
2695 1890 2729 1928 a
2776 1878 2832 1928 te
2891 1874 3106 1941 aditus,
3140 1877 3199 1928 et
3216 1874 3640 1945 prmoccupari.
3676 1874 3776 1928 His

377 1956 687 2030 ἐπιτήδειον
746 1960 886 2033 πρὸς
941 1959 1005 2014 τὸ
1060 1960 1254 2021 νυκτὸς
1311 1960 1428 2015 κατ’
1486 1957 1661 2015 αὐτῶν
1722 1958 2018 2032 ἐπιθέσθαι,

374 2052 537 2103 τυῦτο
572 2048 913 2123 μελετήσεις.
947 2046 1045 2103 Kal
1103 2045 1477 2120 διασκοπήσας
1532 2047 1714 2111 καλῶς
1766 2051 1866 2119 τὴν
1923 2054 2020 2104 τοῦ

371 2138 546 2193 τόπου
594 2139 759 2211 θέσιν,
811 2139 902 2193 καὶ
964 2139 1220 2214 βοήθειαν
1280 2137 1480 2194 ἐκεῖθεν
1536 2136 1702 2214 ἔχων,
1754 2139 1847 2194 τὸν
1902 2142 2019 2195 κατ’

373 2226 548 2284 αὐτῶν
579 2230 990 2305 παρασκευάσῃς
1045 2227 1294 2304 πόλεμον
1343 2230 1555 2298 νυκτὸς,
1610 2229 1744 2303 μετὰ
1789 2235 2018 2301 πεζικῆς

364 2316 649 2392 δυνάμεως
677 2319 768 2375 καὶ
800 2322 842 2356 ⁷⁸
898 2319 1136 2393 ἱππέων,
1189 2321 1369 2384 καθὼς
1426 2318 1550 2396 περὶ
1601 2318 2016 2393 νυκτοπολέμου

361 2409 654 2481 κατωτέρω
712 2406 947 2485 εἴρηται.
1008 2410 1105 2464 Καὶ
1162 2408 1421 2485 μεγάλως
1488 2408 1686 2472 αὐτοὺς
1766 2430 2016 2483 τραυμα-

359 2496 529 2561 τίσεις
586 2497 677 2553 καὶ
744 2497 1081 2573 ἐκθροησεις,
1139 2499 1231 2553 καὶ
1314 2500 1742 2573 παρασκευάσας
1815 2497 2012 2555 ἐκεῖθεν

2130 1967 2291 2019 recte
2322 1962 2779 2035 custoditis,qua
2790 1962 3081 2035 refugium
3095 1962 3772 2033 rusticulisfamiliisque

2132 2069 2338 2109 eorum
2366 2069 2434 2109 ac
2465 2052 2672 2109 liberis
2691 2053 2906 2125 patuit,
2938 2053 2985 2107 si
3018 2052 3219 2108 hostes
3257 2069 3364 2124 per
3387 2052 3589 2108 fauces
3618 2052 3772 2107 vias-

2130 2160 2243 2216 que
2297 2144 2511 2199 arduas
2570 2144 3009 2216 introrumpere
3057 2148 3370 2211 conantur,
3426 2143 3776 2210 fundentur,

2128 2233 2385 2289 maxime
2433 2234 2700 2307 peditatu
2758 2250 2860 2289 eos
2904 2233 3238 2289 invadente.
3286 2234 3386 2289 Sin
3442 2249 3578 2289 vero
3636 2249 3773 2289 cum

2127 2323 2395 2395 peditatu
2417 2328 2710 2379 conantur
2741 2323 2906 2392 eniti,
2941 2328 3291 2395 montesque
3322 2323 3775 2395 perscrutari,tu

2127 2413 2202 2468 ad
2232 2413 2520 2469 interiora
2548 2413 2855 2485 magisque
2881 2413 3117 2469 munita
3156 2418 3215 2468 et
3261 2412 3333 2468 ab
3363 2411 3599 2467 insidiis
3648 2415 3775 2466 tuta

2124 2502 2255 2557 loca
2283 2508 2575 2575 agrestem
2606 2503 2841 2575 plebem
2872 2502 3254 2558 transducere
3283 2507 3596 2575 properato
3618 2501 3774 2573 :ipse

366 2587 752 2663 ὑποχωρῆσαι.
815 2587 1234 2663 Καρτερούντων
1295 2584 1353 2642 δὲ
1427 2584 1505 2642 ἔτι
1564 2586 1616 2643 ἐν
1674 2587 1862 2661 ἐκείνῳ
1935 2593 2016 2662 τῷ

2130 2605 2259 2648 cum
2284 2593 2400 2648 tuis
2432 2593 2620 2665 copiis
2643 2592 2921 2647 omnibus
2947 2592 3232 2648 ducentes
3264 2608 3333 2647 eo
3363 2592 3487 2646 vias
3528 2606 3771 2662 occupa,

357 2676 554 2751 χώρῳ,
610 2680 794 2738 καλῶς
860 2675 1087 2739 ἑαυτοὺς
1168 2675 1603 2753 ἀσφαλιζόμενοι
1689 2679 1777 2733 καὶ
1839 2698 2012 2751 παρα-

2130 2686 2187 2736 et
2214 2681 2531 2754 diligenter
2558 2679 2810 2738 custodi.

308 2796 315 2803 -
360 2763 743 2841 φυλάττοντες,
798 2766 889 2820 καὶ
950 2765 1304 2841 βουλομένων
1373 2767 1723 2840 ἀνερευνῆσαι
1777 2768 1844 2822 τὰ
1900 2762 2027 2842 ὅρη,
2090 2768 2141 2823 έν
2198 2772 2281 2831 οἷς
2337 2769 2403 2824 τὰ
2465 2769 2770 2847 καταφύγια
2821 2772 2929 2824 τῶν
2984 2773 3240 2844 χωριτῶν
3296 2766 3580 2844 τυγχάνει,
3648 2764 3771 2822 δέον

361 2855 712 2931 φυλαχθῆναι
769 2854 859 2909 καὶ
913 2857 1427 2932 προκατασχεθῆναι
1480 2856 1629 2927 παρᾶ
1686 2860 1783 2911 σοῦ
1833 2859 1931 2921 τὰς
1986 2854 2229 2921 εἰσόδους
2292 2856 2380 2913 διά
2433 2879 2493 2913 τε
2547 2858 2877 2914 ἀκοντιστῶν
2933 2857 3024 2913 καὶ
3078 2856 3281 2931 ψιλῶν.
3379 2856 3481 2917 Καὶ
3565 2854 3773 2912 τούτων

360 2942 547 3007 καλῶς
580 2945 1029 3019 φυλαττομένων,
1087 2942 1140 2999 ἐν
1201 2947 1289 3007 οἷς
1348 2946 1384 3014 ἡ
1442 2948 1729 3021 καταφυγὴ
1787 2951 1896 3002 τῶν
1951 2952 2207 3024 γεωργῶν
2269 2949 2360 3003 σὺν
2423 2952 2530 3003 τῶν
2592 2946 2873 3025 φαμιλιῶν
2924 2951 2970 2987 7°
3023 2947 3114 3003 καὶ
3166 2951 3275 3003 τῶν
3332 2946 3535 3002 τέκνων
3595 2946 3773 3001 αὐτῶν

358 3033 596 3110 γέγονεν,
631 3034 677 3089 εί
710 3031 1028 3110 βουληθῶσι
1079 3030 1169 3088 διὰ
1222 3038 1330 3088 τῶν
1388 3040 1672 3090 στενωπῶν
1728 3037 1820 3091 καὶ
1878 3034 2158 3092 δυσλάτων
2222 3036 2440 3093 ἐκείνων
2501 3035 2642 3093 ὁδῶν
2699 3038 2980 3109 εἰσελθεῖν,
3038 3039 3465 3108 ἡττηθήσονταιο
3518 3035 3607 3091 καὶ
3667 3034 3773 3109 μά-

362 3123 522 3180 λιστα
548 3126 777 3193 πεζικῆς
810 3120 1113 3197 [δυνάμεως
1152 3122 1339 3186 αὐτοῖς
1390 3123 1713 3199 ἐπιθεμένης
1769 3126 1838 3182 ⁸ο.
1897 3126 1966 3184 Εἰ
2025 3124 2073 3181 δ’
2128 3127 2282 3183 αὐτοὶ
2345 3130 2478 3201 μετὰ
2528 3130 2778 3200 πεζικῆς]
2836 3125 3183 3203 βουληθῶσιν
3244 3124 3515 3193 ἐπελθεῖν,
3561 3126 3650 3180 καὶ
3706 3124 3774 3179 τὰ

357 3210 463 3290 ὄρη
524 3211 993 3288 διερευνήσασθαι,
1053 3212 1107 3267 ἐν
1175 3210 1483 3289 ἐνδοτέροις
1540 3214 1630 3269 καὶ
1690 3215 2064 3291 ὀχορωτέροις
2122 3217 2213 3271 καὶ
2272 3212 2751 3272 ἀνεπιϐουλεύτοις
2833 3216 3030 3277 τόποις
3103 3216 3410 3291 εΐσαγαγεῖν
3472 3213 3600 3277 τοὺς
3660 3217 3770 3269 τῶν

363 3303 585 3379 χωρίων
619 3302 917 3378 οἰκήτορας
937 3301 1245 3376 ἐπείχθητιο
1301 3307 1399 3357 σοῦ
1459 3303 1592 3375 μετὰ
1646 3305 1846 3368 παντὸς
1899 3309 1996 3360 τοῦ
2051 3306 2189 3362 λαοῦ
2243 3305 2338 3370 τὰς
2406 3305 2724 3381 εἶσαγούσας
2780 3308 2895 3362 κατ’
2956 3305 3129 3361 αὐτῶν
3184 3301 3349 3367 ὁδοὺς
3403 3300 3615 3375 δηλαδὴ
3669 3322 3773 3356 κα-

360 3388 809 3467 ταλαμϐάνοντός
836 3412 897 3448 τε
926 3392 1017 3447 καὶ
1048 3392 1308 3466 ἀσφαλῶς
1350 3390 1828 3471 διαφυλάττοντος.

614 3542 778 3596 ΚΕΦ.
812 3538 942 3596 ΚΔ¹.
974 3535 1104 3613 Περὶ
1135 3534 1463 3612 πολιορκίας
1493 3536 1751 3611 κάστρου.

436 3661 579 3738 Πρὸς
608 3660 934 3738 πολιορκίαν
967 3659 1026 3716 δὲ
1073 3662 1307 3735 κάστρου
1363 3665 1640 3718 κατανοῶν
1701 3660 2013 3736 εὐτρεπιζο-

366 3754 559 3827 μένους
584 3750 715 3813 τοὺς
770 3749 1101 3824 πολεμίους,
1163 3747 1286 3806 δέον
1346 3751 1435 3806 καὶ
1495 3752 1574 3819 σὲ,
1629 3752 1674 3807 ὦ
1721 3755 2010 3828 στρατηγέ,

362 3842 464 3898 ὅσα
492 3840 909 3916 πολιορκεῖσθαι
948 3838 1173 3895 δυνατὸν
1233 3838 1358 3913 (εἶσὶ
1413 3841 1518 3915 γὰρ
1568 3839 1756 3897 πολλᾶ
1810 3841 2016 3919 κάστρα

367 3934 446 4007 μὴ
497 3929 712 3987 δεδιότα
771 3929 1150 4006 πολιορκίαν),
1183 3931 1385 3992 ἐντοῖς
1442 3930 1714 3994 τοιούτοις
1762 3934 1869 4009 πρὸ
1914 3939 2015 4002 τῆς

364 4042 472 4077 των
502 4021 713 4098 ἐχθρῶν
742 4018 1063 4091 ἐξελεύσεως
1114 4020 1513 4096 παρασκευάσαι
1570 4021 1662 4075 τὸν
1715 4020 1766 4076 ἐν
1826 4022 2013 4085 αὐτοῖς

362 4112 766 4190 καταφεύγοντα
796 4109 926 4167 λαὸν
993 4115 1176 4185 μηνῶν
1234 4111 1508 4185 τεσσάρων
1565 4111 1770 4187 τροφὰς
1821 4111 2015 4167 καθένα

363 4197 604 4275 ἕκαστον,
638 4201 684 4257 εί
718 4199 936 4257 δυνατὸν
970 4202 1057 4256 καὶ
1090 4200 1381 4271 πλειόνων,
1437 4202 1556 4266 καθ’
1610 4202 1733 4256 ὅσον
1784 4207 2017 4277 συνορᾷς

360 4290 571 4348 ἔσεσθαι
629 4292 731 4359 τὴν
787 4289 1139 4364 πολιορκίαν,
1211 4288 1580 4349 ἀποτίθεσθαι.
1642 4291 1740 4345 Kal
1796 4296 1904 4347 τῶν
1960 4292 2015 4347 ἐν

359 4388 479 4445 ταῖς
508 4379 816 4455 κιστέρναις
866 4378 1078 4435 ὑδάτων
1143 4377 1546 4453 ἐπιμελεῖσθαι,
1602 4380 1692 4435 καὶ
1747 4385 1853 4436 τῶν
1915 4382 2015 4438 ἄλ-

361 4472 477 4530 λων
535 4474 775 4545 πάντων,
832 4471 931 4528 ὅσα
1020 4471 1527 4545 πολιορκνυμένους
1610 4469 1838 4528 ἐκδικεῖν
1924 4474 2015 4529 καὶ

366 4566 593 4642 βοηθεῖν
627 4563 894 4623 δύνανται.
944 4565 1128 4620 Ταῦτα
1183 4563 1310 4637 γὰρ,
1372 4560 1461 4617 διὰ
1525 4564 1585 4617 τὸ
1650 4562 1889 4636 πλῆθος,
1944 4567 2014 4638 τῇ

361 4654 611 4730 παρούσῃ
637 4656 820 4730 γραφῇ
870 4651 1105 4715 ἐκθεῖναι
1161 4650 1300 4706 κατὰ
1359 4652 1521 4727 μέρος
1579 4650 1823 4725 ἐάσομεν.
1885 4653 2014 4729 Περὶ

363 4744 469 4819 γὰρ
512 4741 780 4797 τοιούτων
838 4741 928 4795 καὶ
989 4740 1185 4815 ἐτέρων
1245 4738 1693 4814 πολιορκητικῶν
1754 4755 2015 4815 μηχανη-

371 4831 579 4907 μάτων,
611 4831 699 4885 καὶ
743 4834 863 4897 τοῦ,
920 4833 1038 4891 πῶς
1091 4829 1204 4904 χρὴ
1261 4828 1390 4893 τοὺς
1446 4826 1594 4885 ἔνδον
1651 4834 1774 4893 τοῖς
1823 4829 2014 4902 ἔξωθεν

364 4918 779 4995 ἆντιμᾶχεσθαι,
813 4913 1053 4994 ἀκριϐῶς
1082 4918 1188 4991 πρὸ
1253 4919 1416 4991 ἡμῶν
1468 4918 1553 4971 καὶ
1607 4915 2014 4994 λελογισμένως

364 5011 418 5065 οἱ
445 5010 513 5064 τὰ
535 5008 765 5063 τακτικὰ
789 5008 880 5062 καὶ
920 5005 1255 5083 στρατηγικὰ
1282 5005 1727 5082 ἀναγραψάμενοι
1758 5006 2015 5078 ἐξέθεντο.

361 5100 557 5171 Ἡμεῖς
642 5094 701 5152 δέ
783 5096 907 5172 περὶ
982 5093 1346 5171 παραδρομῆς
1458 5096 1548 5151 καὶ
1643 5097 2020 5172 κατασχέσεως

365 5185 706 5263 κλεισουρῶν
739 5184 1183 5263 προσταχθέντες
1215 5188 1301 5259 [Ρ.
1334 5187 1456 5259 159]
1489 5184 1682 5255 εἰπεῖν,
1738 5185 1807 5241 τὰ
1854 5185 2020 5261 ταύτῃ

367 5276 728 5333 συντελοῦντα
755 5276 846 5331 καὶ
880 5274 1255 5355 ἐφαρμόζοντα
1299 5275 1437 5329 κατά
1492 5273 1555 5329 τὸ
1613 5273 1731 5329 ἐνὸν
1790 5274 2021 5329 ἐκθεῖναι

365 5367 824 5444 κατεπειγόμεθα.
884 5369 1003 5423 Τῶν
1088 5361 1378 5439 πολεμίων
1433 5362 1611 5419 τοίνυν
1675 5363 1738 5419 τὸ
1797 5364 2022 5440 κάστρον

2446 3543 2579 3599 CAP.
2637 3544 2783 3599 XXI.
2818 3544 2893 3598 De
2920 3543 3201 3599 obsidione
3234 3542 3448 3613 oppidi.

2199 3658 2308 3715 Ubi
2339 3658 2726 3729 intellexeris,
2752 3660 2825 3715 ad
2855 3658 3251 3715 obsidendum
3281 3656 3566 3731 oppidum
3587 3673 3649 3713 se
3670 3674 3772 3730 pa-

2123 3766 2256 3806 rare
2272 3749 2659 3819 adversarios,
2691 3755 2925 3823 oportet
2954 3755 3031 3819 te,
3063 3766 3096 3805 o
3128 3749 3265 3817 dux,
3317 3764 3447 3819 quae
3500 3748 3631 3803 loca
3672 3764 3771 3820 op-

2123 3840 2470 3913 pugnationi
2502 3845 2708 3912 patent
2735 3842 2895 3912 (sunt
2923 3840 3083 3895 enim
3129 3838 3348 3911 oppida
3399 3838 3588 3893 multa
3636 3854 3767 3909 quas

2123 3930 2630 4003 impugnationem
2659 3948 2781 3987 non
2813 3931 3103 3999 timeant),
3134 3931 3196 3985 in
3226 3930 3319 3984 his
3341 3929 3674 3996 instituere,
3705 3931 3771 3982 ut

2124 4026 2261 4077 ante
2291 4021 2551 4076 hostium
2586 4022 2901 4078 adventum
2928 4020 3341 4092 unusquisque
3390 4037 3461 4075 ex
3500 4020 3671 4091 plebe
3699 4034 3767 4073 eo

2126 4110 2503 4182 confugiente
2535 4111 2758 4165 cibaria
2802 4112 2864 4164 in
2895 4126 3132 4166 menses
3164 4114 3437 4181 quatuor,
3468 4108 3562 4163 vel
3593 4108 3772 4163 etiam

2126 4198 2188 4253 in
2219 4198 2438 4270 plures,
2475 4200 2525 4254 si
2587 4200 2714 4254 fieri
2786 4205 3003 4271 potest,
3031 4199 3317 4270 quamdiu
3338 4197 3591 4253 aestimas
3615 4195 3771 4251 obsi-

2126 4288 2367 4343 dionem
2398 4288 2983 4360 fore,deponat.ltem
2997 4305 3285 4360 aquarum
3304 4287 3366 4342 in
3380 4285 3771 4342 cisterniscu-

2126 4393 2255 4433 ram
2286 4376 2527 4446 habere,
2548 4384 3017 4450 cwterarumque
3048 4393 3249 4433 rerum
3271 4375 3565 4444 omnium,
3601 4376 3774 4445 quot-

2129 4483 2274 4549 quot
2302 4477 2562 4535 obsessis
2594 4479 2794 4535 tutelaa
2826 4485 3002 4551 atque
3033 4476 3310 4550 praesidio
3340 4492 3467 4532 esse
3498 4477 3769 4547 possunt.

2127 4567 2382 4623 Tametsi
2439 4584 2529 4639 ea,
2590 4567 2748 4639 quod
2814 4567 3111 4639 permulta
3154 4570 3314 4631 sunt,
3372 4563 3775 4637 particulatim

2130 4673 2428 4729 exponere
2459 4657 2570 4713 hac
2602 4658 2923 4729 scriptione
2963 4656 3307 4712 omittemus
3362 4656 3507 4711 Nam
3557 4654 3629 4709 de
3679 4652 3774 4718 iis,

2128 4746 2382 4819 aliisque
2399 4747 2779 4819 oppugnandi
2795 4747 3169 4811 commentis,
3194 4745 3387 4816 deque
3409 4744 3637 4799 ratione
3661 4758 3779 4814 qua

2129 4837 2357 4892 obsessi
2372 4836 2781 4892 adorientibus
2833 4836 3137 4902 resistant,
3170 4835 3324 4891 246
3373 4838 3509 4889 ante
3535 4850 3640 4888 nos
3675 4831 3776 4904 qui

2126 4925 2200 4981 de
2226 4941 2290 4981 re
2322 4926 2567 4980 militari
2590 4925 2874 4997 ducisque
2892 4925 3088 4981 officio
3111 4925 3777 4996 scripserunt,accurate

2129 5020 2188 5069 et
2207 5013 2379 5070 docte
2401 5020 2821 5087 exposuerunt.
2845 5017 2959 5072 Nos
3009 5019 3218 5070 contra
3248 5013 3319 5068 de
3348 5012 3689 5069 velitatione
3720 5016 3779 5068 et

2129 5103 2517 5174 occupatione
2544 5104 2941 5161 claustrorum
3001 5103 3197 5160 dicere
3238 5102 3418 5175 jussi,
3478 5119 3607 5175 quas
3637 5101 3777 5158 huic

2131 5191 2408 5248 instituto
2432 5194 2750 5267 expediant
2780 5195 3136 5267 propriaque
3169 5194 3309 5263 sint,
3330 5192 3625 5265 explicare
3647 5208 3781 5264 pro-

2130 5296 2428 5352 peramus.
2464 5283 2740 5338 Hostibus
2773 5284 3056 5356 oppidum
3086 5281 3649 5340 circumsidentibus
3671 5297 3778 5352 op-

2131 5372 2673 5445 pugnationemque
2696 5374 3008 5447 aggressis,
3027 5373 3098 5443 si,
3131 5377 3199 5432 ut
3226 5372 3423 5430 solent
3450 5371 3644 5428 facere
3674 5367 3777 5440 qui

1579 5507 1640 5565 Ο.
1682 5508 1742 5565 Β.
1780 5507 1970 5567 HASII
2010 5511 2573 5571 ANNOTATIONES.

440 5662 490 5699 ⁷⁸
515 5659 633 5743 καὶ]
658 5659 765 5743 ’σύν
794 5660 1046 5743 codd._79
1071 5657 1386 5743 φαμιλιῶν.
1420 5660 1514 5718 Sic
1543 5659 1711 5718 codd.
1790 5661 1838 5698 ⁸ο
1869 5662 2014 5720 Unci

2130 5665 2323 5739 clusa,
2365 5685 2499 5742 quas
2526 5676 2667 5729 sunt
2711 5672 2774 5730 in
2833 5671 3005 5732 codd.
3055 5668 3332 5729 omnibus
3380 5659 3783 5742 prmtermissa

374 5752 411 5793 a
439 5733 785 5808 conjectura
814 5733 1106 5807 supplevil
