  <div class='ocr_page' id='page_1' title='image "/cluster/home/n/w/nwhite01/storage/ocr_20150623/117/hvd.32044073502239/503.png"; bbox 0 0 4078 6204; ppageno 0'>
   <div class='ocr_carea' id='block_1_1' title="bbox 345 380 462 439">
    <p class='ocr_par' dir='ltr' id='par_1_1' title="bbox 345 380 462 439">
     <span class='ocr_line' id='line_1_1' title="bbox 345 380 462 439; baseline 0.009 -1"><span class='ocrx_word' id='word_1_1' title='bbox 345 380 462 439; x_wconf 76' lang='grc'>995</span> 
     </span>
    </p>
   </div>
   <div class='ocr_carea' id='block_1_2' title="bbox 1664 358 2410 425">
    <p class='ocr_par' dir='ltr' id='par_1_2' title="bbox 1664 358 2410 425">
     <span class='ocr_line' id='line_1_2' title="bbox 1664 358 2410 425; baseline 0.001 -1"><span class='ocrx_word' id='word_1_2' title='bbox 1664 358 2083 425; x_wconf 80' lang='lat' dir='ltr'>NICEPHORI</span> <span class='ocrx_word' id='word_1_3' title='bbox 2129 360 2410 425; x_wconf 77' lang='grc' dir='ltr'>ΡΗΟΟΑΞ</span> 
     </span>
    </p>
   </div>
   <div class='ocr_carea' id='block_1_3' title="bbox 3643 366 3769 429">
    <p class='ocr_par' dir='ltr' id='par_1_3' title="bbox 3643 366 3769 429">
     <span class='ocr_line' id='line_1_3' title="bbox 3643 366 3769 429; baseline -0.016 1"><span class='ocrx_word' id='word_1_4' title='bbox 3643 366 3769 429; x_wconf 83' lang='grc'>996</span> 
     </span>
    </p>
   </div>
   <div class='ocr_carea' id='block_1_4' title="bbox 347 494 1993 581">
    <p class='ocr_par' dir='ltr' id='par_1_4' title="bbox 347 497 1989 581">
     <span class='ocr_line' id='line_1_4' title="bbox 347 497 1989 581; baseline -0.012 -11"><span class='ocrx_word' id='word_1_5' title='bbox 347 513 593 570; x_wconf 90' lang='lat' dir='ltr'>obessos</span> <span class='ocrx_word' id='word_1_6' title='bbox 626 512 1014 581; x_wconf 87' lang='lat' dir='ltr'>coangustare</span> <span class='ocrx_word' id='word_1_7' title='bbox 1045 504 1271 571; x_wconf 91' lang='lat' dir='ltr'>volunt,</span> <span class='ocrx_word' id='word_1_8' title='bbox 1304 503 1462 557; x_wconf 89' lang='lat' dir='ltr'>circa</span> <span class='ocrx_word' id='word_1_9' title='bbox 1490 498 1777 572; x_wconf 87' lang='lat' dir='ltr'>oppidum</span> <span class='ocrx_word' id='word_1_10' title='bbox 1807 497 1869 551; x_wconf 91' lang='lat' dir='ltr'>in</span> <span class='ocrx_word' id='word_1_11' title='bbox 1891 513 1989 550; x_wconf 90' lang='lat' dir='ltr'>or-</span> 
     </span>
    </p>
   </div>
   <div class='ocr_carea' id='block_1_5' title="bbox 2101 494 3748 581">
    <p class='ocr_par' dir='ltr' id='par_1_5' title="bbox 2102 494 3748 575">
     <span class='ocr_line' id='line_1_5' title="bbox 2102 494 3748 575; baseline 0.003 -26"><span class='ocrx_word' id='word_1_12' title='bbox 2102 494 2590 570; x_wconf 64' lang='grc' dir='ltr'>περικαθισάντωθ,</span> <span class='ocrx_word' id='word_1_13' title='bbox 2643 496 2732 551; x_wconf 86' lang='grc' dir='ltr'>καὶ</span> <span class='ocrx_word' id='word_1_14' title='bbox 2790 496 2929 570; x_wconf 87' lang='grc' dir='ltr'>πρὸς</span> <span class='ocrx_word' id='word_1_15' title='bbox 2978 494 3302 573; x_wconf 82' lang='grc' dir='ltr'>πολιορκίαν</span> <span class='ocrx_word' id='word_1_16' title='bbox 3390 497 3748 575; x_wconf 78' lang='grc' dir='ltr'>χωρούντων,</span> 
     </span>
    </p>
   </div>
   <div class='ocr_carea' id='block_1_6' title="bbox 350 585 1999 666">
    <p class='ocr_par' dir='ltr' id='par_1_6' title="bbox 350 585 1999 666">
     <span class='ocr_line' id='line_1_6' title="bbox 350 585 1999 666; baseline -0.012 -6"><span class='ocrx_word' id='word_1_17' title='bbox 350 604 489 659; x_wconf 87' lang='lat' dir='ltr'>bem</span> <span class='ocrx_word' id='word_1_18' title='bbox 521 599 1022 666; x_wconf 89' lang='lat' dir='ltr'>consederunt,ne</span> <span class='ocrx_word' id='word_1_19' title='bbox 1050 594 1149 665; x_wconf 89' lang='lat' dir='ltr'>qui</span> <span class='ocrx_word' id='word_1_20' title='bbox 1182 610 1249 648; x_wconf 82' lang='lat' dir='ltr'>ex</span> <span class='ocrx_word' id='word_1_21' title='bbox 1279 592 1499 648; x_wconf 84' lang='lat' dir='ltr'>nostris</span> <span class='ocrx_word' id='word_1_22' title='bbox 1520 604 1715 660; x_wconf 88' lang='lat' dir='ltr'>neque</span> <span class='ocrx_word' id='word_1_23' title='bbox 1734 585 1999 643; x_wconf 86' lang='lat' dir='ltr'>intrandi</span> 
     </span>
    </p>
   </div>
   <div class='ocr_carea' id='block_1_7' title="bbox 350 675 1999 765">
    <p class='ocr_par' dir='ltr' id='par_1_7' title="bbox 350 675 1999 765">
     <span class='ocr_line' id='line_1_7' title="bbox 350 675 1999 765; baseline -0.013 -15"><span class='ocrx_word' id='word_1_24' title='bbox 350 708 546 765; x_wconf 91' lang='lat' dir='ltr'>neque</span> <span class='ocrx_word' id='word_1_25' title='bbox 578 687 834 745; x_wconf 80' lang='lat' dir='ltr'>exeundi</span> <span class='ocrx_word' id='word_1_26' title='bbox 864 682 1210 740; x_wconf 80' lang='lat' dir='ltr'>facultatem</span> <span class='ocrx_word' id='word_1_27' title='bbox 1237 680 1532 737; x_wconf 78' lang='lat' dir='ltr'>habeant:</span> <span class='ocrx_word' id='word_1_28' title='bbox 1567 694 1702 734; x_wconf 89' lang='lat' dir='ltr'>cum</span> <span class='ocrx_word' id='word_1_29' title='bbox 1727 677 1848 732; x_wconf 91' lang='lat' dir='ltr'>sint</span> <span class='ocrx_word' id='word_1_30' title='bbox 1874 675 1999 730; x_wconf 89' lang='lat' dir='ltr'>fere</span> 
     </span>
    </p>
   </div>
   <div class='ocr_carea' id='block_1_8' title="bbox 350 765 1996 856">
    <p class='ocr_par' dir='ltr' id='par_1_8' title="bbox 350 765 1996 856">
     <span class='ocr_line' id='line_1_8' title="bbox 350 765 1996 856; baseline -0.012 -19"><span class='ocrx_word' id='word_1_31' title='bbox 350 783 638 856; x_wconf 84' lang='lat' dir='ltr'>pleraque</span> <span class='ocrx_word' id='word_1_32' title='bbox 668 774 889 848; x_wconf 80' lang='lat' dir='ltr'>Oppida</span> <span class='ocrx_word' id='word_1_33' title='bbox 918 777 1126 829; x_wconf 90' lang='lat' dir='ltr'>nostra</span> <span class='ocrx_word' id='word_1_34' title='bbox 1159 771 1220 825; x_wconf 93' lang='lat' dir='ltr'>in</span> <span class='ocrx_word' id='word_1_35' title='bbox 1251 770 1398 826; x_wconf 89' lang='lat' dir='ltr'>locis</span> <span class='ocrx_word' id='word_1_36' title='bbox 1418 767 1667 824; x_wconf 85' lang='lat' dir='ltr'>munitis</span> <span class='ocrx_word' id='word_1_37' title='bbox 1694 765 1996 837; x_wconf 89' lang='lat' dir='ltr'>atqueim-</span> 
     </span>
    </p>
   </div>
   <div class='ocr_carea' id='block_1_9' title="bbox 347 852 1995 943">
    <p class='ocr_par' dir='ltr' id='par_1_9' title="bbox 347 852 1995 943">
     <span class='ocr_line' id='line_1_9' title="bbox 347 852 1995 943; baseline -0.012 -18"><span class='ocrx_word' id='word_1_38' title='bbox 347 852 565 943; x_wconf 77' lang='lat' dir='ltr'>peditis</span> <span class='ocrx_word' id='word_1_39' title='bbox 630 862 996 920; x_wconf 89' lang='lat' dir='ltr'>constituta:</span> <span class='ocrx_word' id='word_1_40' title='bbox 1046 859 1244 926; x_wconf 84' lang='lat' dir='ltr'>facile,</span> <span class='ocrx_word' id='word_1_41' title='bbox 1298 876 1330 913; x_wconf 94' lang='grc' dir='ltr'>ο</span> <span class='ocrx_word' id='word_1_42' title='bbox 1379 857 1518 927; x_wconf 81' lang='lat' dir='ltr'>dux,</span> <span class='ocrx_word' id='word_1_43' title='bbox 1562 855 1784 928; x_wconf 90' lang='lat' dir='ltr'>poteris</span> <span class='ocrx_word' id='word_1_44' title='bbox 1836 852 1995 919; x_wconf 89' lang='lat' dir='ltr'>illos,</span> 
     </span>
    </p>
   </div>
   <div class='ocr_carea' id='block_1_10' title="bbox 350 944 2000 1015">
    <p class='ocr_par' dir='ltr' id='par_1_10' title="bbox 350 944 2000 1015">
     <span class='ocr_line' id='line_1_10' title="bbox 350 944 2000 1015; baseline -0.01 0"><span class='ocrx_word' id='word_1_45' title='bbox 350 965 570 1015; x_wconf 88' lang='lat' dir='ltr'>temere</span> <span class='ocrx_word' id='word_1_46' title='bbox 598 957 727 1012; x_wconf 85' lang='lat' dir='ltr'>sine</span> <span class='ocrx_word' id='word_1_47' title='bbox 771 954 922 1009; x_wconf 88' lang='lat' dir='ltr'>vallo</span> <span class='ocrx_word' id='word_1_48' title='bbox 984 958 1041 1009; x_wconf 90' lang='lat' dir='ltr'>et</span> <span class='ocrx_word' id='word_1_49' title='bbox 1097 950 1364 1006; x_wconf 88' lang='lat' dir='ltr'>custodia</span> <span class='ocrx_word' id='word_1_50' title='bbox 1411 947 1744 1015; x_wconf 86' lang='lat' dir='ltr'>tendentes,</span> <span class='ocrx_word' id='word_1_51' title='bbox 1799 944 2000 1015; x_wconf 88' lang='lat' dir='ltr'>aliqua</span> 
     </span>
    </p>
   </div>
   <div class='ocr_carea' id='block_1_11' title="bbox 345 1037 1999 1122">
    <p class='ocr_par' dir='ltr' id='par_1_11' title="bbox 345 1037 1999 1122">
     <span class='ocr_line' id='line_1_11' title="bbox 345 1037 1999 1122; baseline -0.01 -17"><span class='ocrx_word' id='word_1_52' title='bbox 345 1054 513 1122; x_wconf 89' lang='lat' dir='ltr'>parte</span> <span class='ocrx_word' id='word_1_53' title='bbox 543 1046 737 1102; x_wconf 89' lang='lat' dir='ltr'>noctis</span> <span class='ocrx_word' id='word_1_54' title='bbox 769 1060 907 1099; x_wconf 90' lang='lat' dir='ltr'>cum</span> <span class='ocrx_word' id='word_1_55' title='bbox 939 1042 1205 1115; x_wconf 86' lang='lat' dir='ltr'>peditatu</span> <span class='ocrx_word' id='word_1_56' title='bbox 1237 1039 1460 1096; x_wconf 79' lang='lat' dir='ltr'>adoriri</span> <span class='ocrx_word' id='word_1_57' title='bbox 1493 1037 1821 1107; x_wconf 87' lang='lat' dir='ltr'>;dabisque</span> <span class='ocrx_word' id='word_1_58' title='bbox 1865 1050 1999 1105; x_wconf 85' lang='lat' dir='ltr'>Ope-</span> 
     </span>
    </p>
   </div>
   <div class='ocr_carea' id='block_1_12' title="bbox 346 1127 1994 1207">
    <p class='ocr_par' dir='ltr' id='par_1_12' title="bbox 346 1127 1994 1207">
     <span class='ocr_line' id='line_1_12' title="bbox 346 1127 1994 1207; baseline -0.01 -11"><span class='ocrx_word' id='word_1_59' title='bbox 346 1156 495 1206; x_wconf 87' lang='lat' dir='ltr'>ram,</span> <span class='ocrx_word' id='word_1_60' title='bbox 526 1142 595 1194; x_wconf 92' lang='lat' dir='ltr'>ut</span> <span class='ocrx_word' id='word_1_61' title='bbox 626 1136 700 1192; x_wconf 90' lang='lat' dir='ltr'>ad</span> <span class='ocrx_word' id='word_1_62' title='bbox 747 1136 981 1207; x_wconf 87' lang='lat' dir='ltr'>signum</span> <span class='ocrx_word' id='word_1_63' title='bbox 1025 1132 1413 1188; x_wconf 89' lang='lat' dir='ltr'>constitutum</span> <span class='ocrx_word' id='word_1_64' title='bbox 1472 1127 1700 1184; x_wconf 82' lang='lat' dir='ltr'>obsessi</span> <span class='ocrx_word' id='word_1_65' title='bbox 1759 1141 1994 1197; x_wconf 90' lang='lat' dir='ltr'>quoque</span> 
     </span>
    </p>
   </div>
   <div class='ocr_carea' id='block_1_13' title="bbox 348 1212 1993 1292">
    <p class='ocr_par' dir='ltr' id='par_1_13' title="bbox 348 1212 1993 1292">
     <span class='ocr_line' id='line_1_13' title="bbox 348 1212 1993 1292; baseline -0.01 -10"><span class='ocrx_word' id='word_1_66' title='bbox 348 1226 552 1282; x_wconf 90' lang='lat' dir='ltr'>eadem</span> <span class='ocrx_word' id='word_1_67' title='bbox 585 1226 731 1279; x_wconf 91' lang='lat' dir='ltr'>hora</span> <span class='ocrx_word' id='word_1_68' title='bbox 763 1225 1097 1292; x_wconf 83' lang='lat' dir='ltr'>erumpant,</span> <span class='ocrx_word' id='word_1_69' title='bbox 1132 1224 1187 1274; x_wconf 88' lang='lat' dir='ltr'>et</span> <span class='ocrx_word' id='word_1_70' title='bbox 1219 1218 1329 1290; x_wconf 86' lang='lat' dir='ltr'>ipsi</span> <span class='ocrx_word' id='word_1_71' title='bbox 1356 1218 1520 1283; x_wconf 90' lang='lat' dir='ltr'>item,</span> <span class='ocrx_word' id='word_1_72' title='bbox 1551 1216 1599 1269; x_wconf 93' lang='lat' dir='ltr'>si</span> <span class='ocrx_word' id='word_1_73' title='bbox 1622 1212 1750 1269; x_wconf 85' lang='lat' dir='ltr'>fieri</span> <span class='ocrx_word' id='word_1_74' title='bbox 1780 1216 1993 1283; x_wconf 87' lang='lat' dir='ltr'>potest,</span> 
     </span>
    </p>
   </div>
   <div class='ocr_carea' id='block_1_14' title="bbox 343 1300 1996 1389">
    <p class='ocr_par' dir='ltr' id='par_1_14' title="bbox 343 1300 1996 1389">
     <span class='ocr_line' id='line_1_14' title="bbox 343 1300 1996 1389; baseline -0.01 -18"><span class='ocrx_word' id='word_1_75' title='bbox 343 1315 617 1389; x_wconf 70' lang='lat' dir='ltr'>praalium</span> <span class='ocrx_word' id='word_1_76' title='bbox 676 1329 811 1368; x_wconf 90' lang='lat' dir='ltr'>cum</span> <span class='ocrx_word' id='word_1_77' title='bbox 869 1309 1189 1365; x_wconf 85' lang='lat' dir='ltr'>adversarii</span> <span class='ocrx_word' id='word_1_78' title='bbox 1233 1306 1627 1363; x_wconf 85' lang='lat' dir='ltr'>committant.</span> <span class='ocrx_word' id='word_1_79' title='bbox 1702 1304 1808 1369; x_wconf 90' lang='lat' dir='ltr'>Ita,</span> <span class='ocrx_word' id='word_1_80' title='bbox 1880 1300 1996 1356; x_wconf 91' lang='lat' dir='ltr'>loci</span> 
     </span>
    </p>
   </div>
   <div class='ocr_carea' id='block_1_15' title="bbox 345 1393 1995 1472">
    <p class='ocr_par' dir='ltr' id='par_1_15' title="bbox 345 1393 1995 1472">
     <span class='ocr_line' id='line_1_15' title="bbox 345 1393 1995 1472; baseline -0.01 -12"><span class='ocrx_word' id='word_1_81' title='bbox 345 1402 820 1472; x_wconf 90' lang='lat' dir='ltr'>naturainsuper</span> <span class='ocrx_word' id='word_1_82' title='bbox 849 1398 1110 1469; x_wconf 88' lang='lat' dir='ltr'>adjutus,</span> <span class='ocrx_word' id='word_1_83' title='bbox 1131 1413 1232 1451; x_wconf 90' lang='lat' dir='ltr'>eos</span> <span class='ocrx_word' id='word_1_84' title='bbox 1261 1393 1607 1451; x_wconf 88' lang='lat' dir='ltr'>debellabis.</span> <span class='ocrx_word' id='word_1_85' title='bbox 1642 1393 1995 1461; x_wconf 88' lang='lat' dir='ltr'>Quanquam</span> 
     </span>
    </p>
   </div>
   <div class='ocr_carea' id='block_1_16' title="bbox 346 1480 1993 1565">
    <p class='ocr_par' dir='ltr' id='par_1_16' title="bbox 346 1480 1993 1565">
     <span class='ocr_line' id='line_1_16' title="bbox 346 1480 1993 1565; baseline -0.011 -12"><span class='ocrx_word' id='word_1_86' title='bbox 346 1498 460 1553; x_wconf 91' lang='lat' dir='ltr'>hoc</span> <span class='ocrx_word' id='word_1_87' title='bbox 492 1493 732 1565; x_wconf 91' lang='lat' dir='ltr'>quidem</span> <span class='ocrx_word' id='word_1_88' title='bbox 764 1509 834 1547; x_wconf 83' lang='lat' dir='ltr'>ex</span> <span class='ocrx_word' id='word_1_89' title='bbox 862 1489 1233 1563; x_wconf 84' lang='lat' dir='ltr'>providentia</span> <span class='ocrx_word' id='word_1_90' title='bbox 1257 1488 1359 1542; x_wconf 92' lang='lat' dir='ltr'>Dei</span> <span class='ocrx_word' id='word_1_91' title='bbox 1390 1485 1628 1558; x_wconf 90' lang='lat' dir='ltr'>pendet.</span> <span class='ocrx_word' id='word_1_92' title='bbox 1664 1484 1721 1538; x_wconf 92' lang='lat' dir='ltr'>Si</span> <span class='ocrx_word' id='word_1_93' title='bbox 1751 1498 1887 1538; x_wconf 92' lang='lat' dir='ltr'>vero</span> <span class='ocrx_word' id='word_1_94' title='bbox 1920 1480 1993 1537; x_wconf 93' lang='lat' dir='ltr'>ob</span> 
     </span>
    </p>
   </div>
   <div class='ocr_carea' id='block_1_17' title="bbox 351 1569 1993 1651">
    <p class='ocr_par' dir='ltr' id='par_1_17' title="bbox 351 1569 1993 1651">
     <span class='ocr_line' id='line_1_17' title="bbox 351 1569 1993 1651; baseline -0.01 -11"><span class='ocrx_word' id='word_1_95' title='bbox 351 1584 767 1644; x_wconf 80' lang='lat' dir='ltr'>difficultatem</span> <span class='ocrx_word' id='word_1_96' title='bbox 798 1585 975 1651; x_wconf 89' lang='lat' dir='ltr'>atque</span> <span class='ocrx_word' id='word_1_97' title='bbox 1005 1578 1385 1649; x_wconf 86' lang='lat' dir='ltr'>asperitatem</span> <span class='ocrx_word' id='word_1_98' title='bbox 1413 1574 1528 1631; x_wconf 87' lang='lat' dir='ltr'>loci</span> <span class='ocrx_word' id='word_1_99' title='bbox 1560 1575 1645 1629; x_wconf 91' lang='lat' dir='ltr'>sic</span> <span class='ocrx_word' id='word_1_100' title='bbox 1675 1569 1993 1643; x_wconf 87' lang='lat' dir='ltr'>dispersim</span> 
     </span>
    </p>
   </div>
   <div class='ocr_carea' id='block_1_18' title="bbox 348 1664 1994 1735">
    <p class='ocr_par' dir='ltr' id='par_1_18' title="bbox 348 1664 1994 1735">
     <span class='ocr_line' id='line_1_18' title="bbox 348 1664 1994 1735; baseline -0.01 -5"><span class='ocrx_word' id='word_1_101' title='bbox 348 1675 412 1730; x_wconf 91' lang='lat' dir='ltr'>in</span> <span class='ocrx_word' id='word_1_102' title='bbox 444 1673 647 1730; x_wconf 89' lang='lat' dir='ltr'>orbem</span> <span class='ocrx_word' id='word_1_103' title='bbox 677 1670 984 1728; x_wconf 89' lang='lat' dir='ltr'>considere</span> <span class='ocrx_word' id='word_1_104' title='bbox 1006 1684 1125 1724; x_wconf 90' lang='lat' dir='ltr'>non</span> <span class='ocrx_word' id='word_1_105' title='bbox 1156 1666 1395 1735; x_wconf 88' lang='lat' dir='ltr'>audent,</span> <span class='ocrx_word' id='word_1_106' title='bbox 1430 1664 1533 1720; x_wconf 91' lang='lat' dir='ltr'>sed</span> <span class='ocrx_word' id='word_1_107' title='bbox 1564 1678 1769 1718; x_wconf 90' lang='lat' dir='ltr'>omnes</span> <span class='ocrx_word' id='word_1_108' title='bbox 1788 1675 1994 1716; x_wconf 91' lang='lat' dir='ltr'>eorum</span> 
     </span>
    </p>
   </div>
   <div class='ocr_carea' id='block_1_19' title="bbox 348 1753 1993 1837">
    <p class='ocr_par' dir='ltr' id='par_1_19' title="bbox 348 1753 1993 1837">
     <span class='ocr_line' id='line_1_19' title="bbox 348 1753 1993 1837; baseline -0.01 -16"><span class='ocrx_word' id='word_1_109' title='bbox 348 1765 532 1837; x_wconf 73' lang='lat' dir='ltr'>copiaa</span> <span class='ocrx_word' id='word_1_110' title='bbox 562 1762 652 1821; x_wconf 88' lang='lat' dir='ltr'>vel</span> <span class='ocrx_word' id='word_1_111' title='bbox 681 1762 961 1833; x_wconf 88' lang='lat' dir='ltr'>bipartito</span> <span class='ocrx_word' id='word_1_112' title='bbox 980 1759 1073 1814; x_wconf 85' lang='lat' dir='ltr'>vel</span> <span class='ocrx_word' id='word_1_113' title='bbox 1093 1774 1214 1813; x_wconf 92' lang='lat' dir='ltr'>uno</span> <span class='ocrx_word' id='word_1_114' title='bbox 1234 1757 1360 1812; x_wconf 91' lang='lat' dir='ltr'>solo</span> <span class='ocrx_word' id='word_1_115' title='bbox 1383 1755 1514 1811; x_wconf 90' lang='lat' dir='ltr'>loco</span> <span class='ocrx_word' id='word_1_116' title='bbox 1536 1753 1993 1823; x_wconf 85' lang='lat' dir='ltr'>tendunt,opor-</span> 
     </span>
    </p>
   </div>
   <div class='ocr_carea' id='block_1_20' title="bbox 2107 582 3762 663">
    <p class='ocr_par' dir='ltr' id='par_1_20' title="bbox 2107 582 3762 663">
     <span class='ocr_line' id='line_1_20' title="bbox 2107 582 3762 663; baseline 0.005 -26"><span class='ocrx_word' id='word_1_117' title='bbox 2107 582 2159 637; x_wconf 71' lang='grc' dir='ltr'>εἴ</span> <span class='ocrx_word' id='word_1_118' title='bbox 2190 584 2308 657; x_wconf 81' lang='grc' dir='ltr'>μὶν,</span> <span class='ocrx_word' id='word_1_119' title='bbox 2337 585 2412 647; x_wconf 86' lang='grc' dir='ltr'>ὡς</span> <span class='ocrx_word' id='word_1_120' title='bbox 2451 583 2571 650; x_wconf 82' lang='grc' dir='ltr'>ἔθος</span> <span class='ocrx_word' id='word_1_121' title='bbox 2629 583 2740 640; x_wconf 86' lang='grc' dir='ltr'>ἐστὶ</span> <span class='ocrx_word' id='word_1_122' title='bbox 2798 591 2914 648; x_wconf 90' lang='grc' dir='ltr'>τοῖς</span> <span class='ocrx_word' id='word_1_123' title='bbox 2976 585 3339 662; x_wconf 72' lang='grc' dir='ltr'>βουλομένοις</span> <span class='ocrx_word' id='word_1_124' title='bbox 3393 595 3762 663; x_wconf 80' lang='grc' dir='ltr'>στενοχωρεῖν</span> 
     </span>
    </p>
   </div>
   <div class='ocr_carea' id='block_1_21' title="bbox 2106 671 3768 748">
    <p class='ocr_par' dir='ltr' id='par_1_21' title="bbox 2106 671 3768 748">
     <span class='ocr_line' id='line_1_21' title="bbox 2106 671 3768 748; baseline 0.005 -21"><span class='ocrx_word' id='word_1_125' title='bbox 2106 671 2233 735; x_wconf 78' lang='grc' dir='ltr'>τοὺς</span> <span class='ocrx_word' id='word_1_126' title='bbox 2290 672 2819 748; x_wconf 71' lang='grc' dir='ltr'>πολιορκουμένους,</span> <span class='ocrx_word' id='word_1_127' title='bbox 2878 675 3283 747; x_wconf 85' lang='grc' dir='ltr'>ἆπληκεύσουσι</span> <span class='ocrx_word' id='word_1_128' title='bbox 3344 674 3608 748; x_wconf 83' lang='grc' dir='ltr'>δηλονότι</span> <span class='ocrx_word' id='word_1_129' title='bbox 3664 685 3768 735; x_wconf 76' lang='grc' dir='ltr'>τοῦ</span> 
     </span>
    </p>
   </div>
   <div class='ocr_carea' id='block_1_22' title="bbox 2108 762 3768 840">
    <p class='ocr_par' dir='ltr' id='par_1_22' title="bbox 2108 762 3768 840">
     <span class='ocr_line' id='line_1_22' title="bbox 2108 762 3768 840; baseline 0.004 -23"><span class='ocrx_word' id='word_1_130' title='bbox 2108 762 2342 836; x_wconf 89' lang='grc' dir='ltr'>κάστρου</span> <span class='ocrx_word' id='word_1_131' title='bbox 2372 763 2636 829; x_wconf 79' lang='grc' dir='ltr'>κυκλόθεν</span> <span class='ocrx_word' id='word_1_132' title='bbox 2666 765 2712 803; x_wconf 68' lang='grc' dir='ltr'>δι</span> <span class='ocrx_word' id='word_1_133' title='bbox 2738 766 2875 840; x_wconf 86' lang='grc' dir='ltr'>πρὸς</span> <span class='ocrx_word' id='word_1_134' title='bbox 2901 766 2965 821; x_wconf 88' lang='grc' dir='ltr'>τὸ</span> <span class='ocrx_word' id='word_1_135' title='bbox 2999 767 3074 839; x_wconf 80' lang='grc' dir='ltr'>μὴ</span> <span class='ocrx_word' id='word_1_136' title='bbox 3135 763 3392 831; x_wconf 87' lang='grc' dir='ltr'>δύνασθαί</span> <span class='ocrx_word' id='word_1_137' title='bbox 3446 788 3598 831; x_wconf 90' lang='grc' dir='ltr'>τινας</span> <span class='ocrx_word' id='word_1_138' title='bbox 3651 774 3768 824; x_wconf 81' lang='grc' dir='ltr'>τῶν</span> 
     </span>
    </p>
   </div>
   <div class='ocr_carea' id='block_1_23' title="bbox 2107 852 3761 933">
    <p class='ocr_par' dir='ltr' id='par_1_23' title="bbox 2107 852 3761 933">
     <span class='ocr_line' id='line_1_23' title="bbox 2107 852 3761 933; baseline 0.004 -26"><span class='ocrx_word' id='word_1_139' title='bbox 2107 852 2389 929; x_wconf 73' lang='grc' dir='ltr'>ἡμετέρων</span> <span class='ocrx_word' id='word_1_140' title='bbox 2455 856 2593 927; x_wconf 73' lang='grc' dir='ltr'>μήτε</span> <span class='ocrx_word' id='word_1_141' title='bbox 2650 854 2987 930; x_wconf 73' lang='grc' dir='ltr'>εἲσὲρχεσθαι</span> <span class='ocrx_word' id='word_1_142' title='bbox 3049 858 3189 929; x_wconf 74' lang='grc' dir='ltr'>μήτε</span> <span class='ocrx_word' id='word_1_143' title='bbox 3245 856 3578 933; x_wconf 70' lang='grc' dir='ltr'>ἐξέρχεσθαιο</span> <span class='ocrx_word' id='word_1_144' title='bbox 3638 857 3761 915; x_wconf 75' lang='grc' dir='ltr'>ἐπεὶ</span> 
     </span>
    </p>
   </div>
   <div class='ocr_carea' id='block_1_24' title="bbox 2108 940 3759 1021">
    <p class='ocr_par' dir='ltr' id='par_1_24' title="bbox 2108 940 3759 1021">
     <span class='ocr_line' id='line_1_24' title="bbox 2108 940 3759 1021; baseline 0.004 -25"><span class='ocrx_word' id='word_1_145' title='bbox 2108 940 2159 996; x_wconf 84' lang='grc' dir='ltr'>ἐν</span> <span class='ocrx_word' id='word_1_146' title='bbox 2196 942 2424 1017; x_wconf 80' lang='grc' dir='ltr'>ὀχυροῖς</span> <span class='ocrx_word' id='word_1_147' title='bbox 2451 944 2644 1007; x_wconf 85' lang='grc' dir='ltr'>τόποις</span> <span class='ocrx_word' id='word_1_148' title='bbox 2674 945 2763 999; x_wconf 82' lang='grc' dir='ltr'>καὶ</span> <span class='ocrx_word' id='word_1_149' title='bbox 2819 940 3107 1008; x_wconf 75' lang='grc' dir='ltr'>δυσϐάτυις</span> <span class='ocrx_word' id='word_1_150' title='bbox 3160 943 3357 1021; x_wconf 85' lang='grc' dir='ltr'>σχεδὸν</span> <span class='ocrx_word' id='word_1_151' title='bbox 3403 947 3471 1002; x_wconf 77' lang='grc' dir='ltr'>τὰ</span> <span class='ocrx_word' id='word_1_152' title='bbox 3524 947 3759 1004; x_wconf 85' lang='grc' dir='ltr'>πλεῖστα</span> 
     </span>
    </p>
   </div>
   <div class='ocr_carea' id='block_1_25' title="bbox 2106 1029 3762 1110">
    <p class='ocr_par' dir='ltr' id='par_1_25' title="bbox 2106 1029 3762 1110">
     <span class='ocr_line' id='line_1_25' title="bbox 2106 1029 3762 1110; baseline 0.005 -26"><span class='ocrx_word' id='word_1_153' title='bbox 2106 1033 2266 1104; x_wconf 80' lang='grc' dir='ltr'>ἡμῶν</span> <span class='ocrx_word' id='word_1_154' title='bbox 2293 1029 2542 1107; x_wconf 71' lang='grc' dir='ltr'>*ἰδρυνται</span> <span class='ocrx_word' id='word_1_155' title='bbox 2567 1032 2790 1109; x_wconf 67' lang='grc' dir='ltr'>κάστρω</span> <span class='ocrx_word' id='word_1_156' title='bbox 2821 1034 3065 1110; x_wconf 77' lang='grc' dir='ltr'>εὐχερῶς</span> <span class='ocrx_word' id='word_1_157' title='bbox 3092 1034 3309 1097; x_wconf 78' lang='grc' dir='ltr'>τούτοις</span> <span class='ocrx_word' id='word_1_158' title='bbox 3342 1034 3516 1098; x_wconf 78' lang='grc' dir='ltr'>οὕτως</span> <span class='ocrx_word' id='word_1_159' title='bbox 3572 1035 3762 1107; x_wconf 82' lang='grc' dir='ltr'>ἀπλη-</span> 
     </span>
    </p>
   </div>
   <div class='ocr_carea' id='block_1_26' title="bbox 2105 1119 3755 1201">
    <p class='ocr_par' dir='ltr' id='par_1_26' title="bbox 2105 1119 3755 1201">
     <span class='ocr_line' id='line_1_26' title="bbox 2105 1119 3755 1201; baseline 0.004 -27"><span class='ocrx_word' id='word_1_160' title='bbox 2105 1119 2379 1190; x_wconf 86' lang='grc' dir='ltr'>κεύσουσι,</span> <span class='ocrx_word' id='word_1_161' title='bbox 2410 1121 2653 1197; x_wconf 85' lang='grc' dir='ltr'>χάρακος</span> <span class='ocrx_word' id='word_1_162' title='bbox 2708 1125 2799 1178; x_wconf 77' lang='grc' dir='ltr'>καὶ</span> <span class='ocrx_word' id='word_1_163' title='bbox 2856 1121 3154 1196; x_wconf 76' lang='grc' dir='ltr'>ἀσφαλείας</span> <span class='ocrx_word' id='word_1_164' title='bbox 3205 1121 3351 1196; x_wconf 75' lang='grc' dir='ltr'>ἄνευ,</span> <span class='ocrx_word' id='word_1_165' title='bbox 3411 1124 3677 1201; x_wconf 77' lang='grc' dir='ltr'>ἰσχύσεις,</span> <span class='ocrx_word' id='word_1_166' title='bbox 3709 1128 3755 1180; x_wconf 84' lang='grc' dir='ltr'>ὧ</span> 
     </span>
    </p>
   </div>
   <div class='ocr_carea' id='block_1_27' title="bbox 2106 1210 3758 1291">
    <p class='ocr_par' dir='ltr' id='par_1_27' title="bbox 2106 1210 3758 1291">
     <span class='ocr_line' id='line_1_27' title="bbox 2106 1210 3758 1291; baseline 0.003 -25"><span class='ocrx_word' id='word_1_167' title='bbox 2106 1212 2393 1288; x_wconf 72' lang='grc' dir='ltr'>στρατηγέ,</span> <span class='ocrx_word' id='word_1_168' title='bbox 2424 1215 2543 1277; x_wconf 84' lang='grc' dir='ltr'>καθ’</span> <span class='ocrx_word' id='word_1_169' title='bbox 2570 1210 2622 1269; x_wconf 84' lang='grc' dir='ltr'>ἔν</span> <span class='ocrx_word' id='word_1_170' title='bbox 2674 1214 2837 1289; x_wconf 72' lang='grc' dir='ltr'>μέρος</span> <span class='ocrx_word' id='word_1_171' title='bbox 2897 1215 3090 1279; x_wconf 86' lang='grc' dir='ltr'>νυκτὸς</span> <span class='ocrx_word' id='word_1_172' title='bbox 3138 1215 3273 1288; x_wconf 88' lang='grc' dir='ltr'>μετὰ</span> <span class='ocrx_word' id='word_1_173' title='bbox 3313 1220 3537 1285; x_wconf 79' lang='grc' dir='ltr'>πεζικοῦ</span> <span class='ocrx_word' id='word_1_174' title='bbox 3590 1237 3758 1291; x_wconf 87' lang='grc' dir='ltr'>στρα-</span> 
     </span>
    </p>
   </div>
   <div class='ocr_carea' id='block_1_28' title="bbox 2104 1300 3753 1380">
    <p class='ocr_par' dir='ltr' id='par_1_28' title="bbox 2104 1300 3753 1380">
     <span class='ocr_line' id='line_1_28' title="bbox 2104 1300 3753 1380; baseline 0.004 -26"><span class='ocrx_word' id='word_1_175' title='bbox 2104 1300 2369 1374; x_wconf 82' lang='grc' dir='ltr'>τεύματος</span> <span class='ocrx_word' id='word_1_176' title='bbox 2430 1301 2728 1367; x_wconf 71' lang='grc' dir='ltr'>ἐπιθέσθαιο</span> <span class='ocrx_word' id='word_1_177' title='bbox 2787 1303 2878 1359; x_wconf 84' lang='grc' dir='ltr'>καὶ</span> <span class='ocrx_word' id='word_1_178' title='bbox 2962 1304 3099 1377; x_wconf 86' lang='grc' dir='ltr'>μετᾶ</span> <span class='ocrx_word' id='word_1_179' title='bbox 3185 1306 3526 1378; x_wconf 75' lang='grc' dir='ltr'>συνθήματος</span> <span class='ocrx_word' id='word_1_180' title='bbox 3610 1307 3753 1380; x_wconf 69' lang='grc' dir='ltr'>ὁμοῦ</span> 
     </span>
    </p>
   </div>
   <div class='ocr_carea' id='block_1_29' title="bbox 2105 1388 3753 1470">
    <p class='ocr_par' dir='ltr' id='par_1_29' title="bbox 2105 1388 3753 1470">
     <span class='ocr_line' id='line_1_29' title="bbox 2105 1388 3753 1470; baseline 0.004 -26"><span class='ocrx_word' id='word_1_181' title='bbox 2105 1389 2352 1454; x_wconf 78' lang='grc' dir='ltr'>καὶτοὺς</span> <span class='ocrx_word' id='word_1_182' title='bbox 2392 1388 2544 1447; x_wconf 82' lang='grc' dir='ltr'>ἔνδον</span> <span class='ocrx_word' id='word_1_183' title='bbox 2603 1392 2835 1464; x_wconf 72' lang='grc' dir='ltr'>ἐξελθεῖν</span> <span class='ocrx_word' id='word_1_184' title='bbox 2890 1394 3315 1468; x_wconf 88' lang='grc' dir='ltr'>παρασκευάσεις</span> <span class='ocrx_word' id='word_1_185' title='bbox 3372 1393 3426 1450; x_wconf 69' lang='grc' dir='ltr'>ἐν</span> <span class='ocrx_word' id='word_1_186' title='bbox 3487 1396 3627 1470; x_wconf 79' lang='grc' dir='ltr'>αὐτῇ</span> <span class='ocrx_word' id='word_1_187' title='bbox 3684 1399 3753 1470; x_wconf 80' lang='grc' dir='ltr'>τῇ</span> 
     </span>
    </p>
   </div>
   <div class='ocr_carea' id='block_1_30' title="bbox 2107 1478 3752 1559">
    <p class='ocr_par' dir='ltr' id='par_1_30' title="bbox 2107 1478 3752 1559">
     <span class='ocr_line' id='line_1_30' title="bbox 2107 1478 3752 1559; baseline 0.004 -26"><span class='ocrx_word' id='word_1_188' title='bbox 2107 1478 2243 1555; x_wconf 82' lang='grc' dir='ltr'>ὥρᾳ,</span> <span class='ocrx_word' id='word_1_189' title='bbox 2273 1482 2364 1535; x_wconf 86' lang='grc' dir='ltr'>καὶ</span> <span class='ocrx_word' id='word_1_190' title='bbox 2404 1481 2635 1557; x_wconf 86' lang='grc' dir='ltr'>συνάψαι</span> <span class='ocrx_word' id='word_1_191' title='bbox 2665 1481 2755 1538; x_wconf 82' lang='grc' dir='ltr'>καὶ</span> <span class='ocrx_word' id='word_1_192' title='bbox 2806 1482 3029 1554; x_wconf 82' lang='grc' dir='ltr'>αὐτοὺς,</span> <span class='ocrx_word' id='word_1_193' title='bbox 3087 1481 3135 1538; x_wconf 84' lang='grc' dir='ltr'>εί</span> <span class='ocrx_word' id='word_1_194' title='bbox 3184 1482 3429 1554; x_wconf 87' lang='grc' dir='ltr'>δυνατὸν,</span> <span class='ocrx_word' id='word_1_195' title='bbox 3481 1484 3752 1559; x_wconf 86' lang='grc' dir='ltr'>πόλεμον.</span> 
     </span>
    </p>
   </div>
   <div class='ocr_carea' id='block_1_31' title="bbox 2106 1566 3756 1647">
    <p class='ocr_par' dir='ltr' id='par_1_31' title="bbox 2106 1566 3756 1647">
     <span class='ocr_line' id='line_1_31' title="bbox 2106 1566 3756 1647; baseline 0.004 -23"><span class='ocrx_word' id='word_1_196' title='bbox 2106 1566 2209 1624; x_wconf 79' lang='grc' dir='ltr'>Καὶ</span> <span class='ocrx_word' id='word_1_197' title='bbox 2234 1570 2337 1638; x_wconf 81' lang='grc' dir='ltr'>τὴν</span> <span class='ocrx_word' id='word_1_198' title='bbox 2363 1569 2470 1625; x_wconf 86' lang='grc' dir='ltr'>ἀπὸ</span> <span class='ocrx_word' id='word_1_199' title='bbox 2496 1575 2595 1627; x_wconf 80' lang='grc' dir='ltr'>τοῦ</span> <span class='ocrx_word' id='word_1_200' title='bbox 2622 1572 2793 1627; x_wconf 86' lang='grc' dir='ltr'>τόπου</span> <span class='ocrx_word' id='word_1_201' title='bbox 2844 1569 2989 1647; x_wconf 79' lang='grc' dir='ltr'>ἔχων</span> <span class='ocrx_word' id='word_1_202' title='bbox 3045 1572 3299 1647; x_wconf 72' lang='grc' dir='ltr'>βοήθειαν</span> <span class='ocrx_word' id='word_1_203' title='bbox 3345 1572 3573 1637; x_wconf 86' lang='grc' dir='ltr'>τούτους</span> <span class='ocrx_word' id='word_1_204' title='bbox 3629 1596 3756 1630; x_wconf 86' lang='grc' dir='ltr'>κατ-</span> 
     </span>
    </p>
   </div>
   <div class='ocr_carea' id='block_1_32' title="bbox 2104 1658 3755 1737">
    <p class='ocr_par' dir='ltr' id='par_1_32' title="bbox 2104 1658 3755 1737">
     <span class='ocr_line' id='line_1_32' title="bbox 2104 1658 3755 1737; baseline 0.005 -26"><span class='ocrx_word' id='word_1_205' title='bbox 2104 1658 2369 1734; x_wconf 74' lang='grc' dir='ltr'>αγωνίσῃ.</span> <span class='ocrx_word' id='word_1_206' title='bbox 2402 1661 2598 1735; x_wconf 83' lang='grc' dir='ltr'>Ἔργον</span> <span class='ocrx_word' id='word_1_207' title='bbox 2627 1658 2684 1715; x_wconf 76' lang='grc' dir='ltr'>δὲ</span> <span class='ocrx_word' id='word_1_208' title='bbox 2711 1660 2875 1716; x_wconf 81' lang='grc' dir='ltr'>τοῦτο</span> <span class='ocrx_word' id='word_1_209' title='bbox 2924 1660 3184 1737; x_wconf 80' lang='grc' dir='ltr'>προνοίας</span> <span class='ocrx_word' id='word_1_210' title='bbox 3230 1666 3387 1719; x_wconf 77' lang='grc' dir='ltr'>θεοῦ.</span> <span class='ocrx_word' id='word_1_211' title='bbox 3437 1663 3501 1719; x_wconf 77' lang='grc' dir='ltr'>Εἰ</span> <span class='ocrx_word' id='word_1_212' title='bbox 3551 1660 3610 1718; x_wconf 78' lang='grc' dir='ltr'>δὶ</span> <span class='ocrx_word' id='word_1_213' title='bbox 3665 1662 3755 1719; x_wconf 76' lang='grc' dir='ltr'>διὰ</span> 
     </span>
    </p>
   </div>
   <div class='ocr_carea' id='block_1_33' title="bbox 2102 1746 3755 1829">
    <p class='ocr_par' dir='ltr' id='par_1_33' title="bbox 2102 1746 3755 1829">
     <span class='ocr_line' id='line_1_33' title="bbox 2102 1746 3755 1829; baseline -0.004 -17"><span class='ocrx_word' id='word_1_214' title='bbox 2102 1747 2203 1815; x_wconf 66' lang='grc' dir='ltr'>τὴν</span> <span class='ocrx_word' id='word_1_215' title='bbox 2236 1751 2333 1802; x_wconf 71' lang='grc' dir='ltr'>τοῖ’)</span> <span class='ocrx_word' id='word_1_216' title='bbox 2365 1750 2555 1823; x_wconf 83' lang='grc' dir='ltr'>χώρου</span> <span class='ocrx_word' id='word_1_217' title='bbox 2602 1746 2920 1825; x_wconf 75' lang='grc' dir='ltr'>δυσχέρειαν</span> <span class='ocrx_word' id='word_1_218' title='bbox 2969 1749 3060 1805; x_wconf 87' lang='grc' dir='ltr'>καὶ</span> <span class='ocrx_word' id='word_1_219' title='bbox 3112 1748 3465 1825; x_wconf 82' lang='grc' dir='ltr'>σκληρότητα</span> <span class='ocrx_word' id='word_1_220' title='bbox 3511 1752 3575 1809; x_wconf 76' lang='grc' dir='ltr'>οὗ</span> <span class='ocrx_word' id='word_1_221' title='bbox 3626 1753 3755 1829; x_wconf 77' lang='grc' dir='ltr'>θαρο</span> 
     </span>
    </p>
   </div>
   <div class='ocr_carea' id='block_1_34' title="bbox 345 1835 1993 1935">
    <p class='ocr_par' dir='ltr' id='par_1_34' title="bbox 345 1840 1991 1925">
     <span class='ocr_line' id='line_1_34' title="bbox 345 1840 1991 1925; baseline -0.01 -16"><span class='ocrx_word' id='word_1_222' title='bbox 345 1859 430 1909; x_wconf 90' lang='lat' dir='ltr'>tet</span> <span class='ocrx_word' id='word_1_223' title='bbox 457 1853 648 1925; x_wconf 91' lang='lat' dir='ltr'>primo</span> <span class='ocrx_word' id='word_1_224' title='bbox 671 1852 956 1907; x_wconf 88' lang='lat' dir='ltr'>alimenta</span> <span class='ocrx_word' id='word_1_225' title='bbox 1014 1848 1326 1904; x_wconf 90' lang='lat' dir='ltr'>hominum</span> <span class='ocrx_word' id='word_1_226' title='bbox 1357 1850 1417 1900; x_wconf 90' lang='lat' dir='ltr'>et</span> <span class='ocrx_word' id='word_1_227' title='bbox 1464 1860 1753 1916; x_wconf 89' lang='lat' dir='ltr'>equorum</span> <span class='ocrx_word' id='word_1_228' title='bbox 1786 1840 1991 1896; x_wconf 89' lang='lat' dir='ltr'>omnia</span> 
     </span>
    </p>
   </div>
   <div class='ocr_carea' id='block_1_35' title="bbox 2101 1835 3754 1935">
    <p class='ocr_par' dir='ltr' id='par_1_35' title="bbox 2107 1835 3754 1935">
     <span class='ocr_line' id='line_1_35' title="bbox 2107 1835 3754 1935; baseline -0.013 -28"><span class='ocrx_word' id='word_1_229' title='bbox 2107 1835 2579 1935; x_wconf 43' lang='lat' dir='ltr'>P&#39;iifOWV-Vfif&#39;vws</span> <span class='ocrx_word' id='word_1_230' title='bbox 2631 1837 2893 1935; x_wconf 70' lang='grc' dir='ltr'>κυκλόθεν</span> <span class='ocrx_word' id='word_1_231' title='bbox 2952 1839 3043 1895; x_wconf 82' lang='grc' dir='ltr'>καὶ</span> <span class='ocrx_word' id='word_1_232' title='bbox 3102 1836 3511 1914; x_wconf 66' lang='grc' dir='ltr'>διεσπαρμένως</span> <span class='ocrx_word' id='word_1_233' title='bbox 3568 1841 3754 1913; x_wconf 82' lang='grc' dir='ltr'>ἀπλη-</span> 
     </span>
    </p>
   </div>
   <div class='ocr_carea' id='block_1_36' title="bbox 346 1929 1989 2012">
    <p class='ocr_par' dir='ltr' id='par_1_36' title="bbox 346 1929 1989 2012">
     <span class='ocr_line' id='line_1_36' title="bbox 346 1929 1989 2012; baseline -0.009 -14"><span class='ocrx_word' id='word_1_234' title='bbox 346 1941 614 1998; x_wconf 89' lang='lat' dir='ltr'>comburi</span> <span class='ocrx_word' id='word_1_235' title='bbox 665 1940 1020 2012; x_wconf 88' lang='lat' dir='ltr'>penitusque</span> <span class='ocrx_word' id='word_1_236' title='bbox 1053 1937 1259 2003; x_wconf 89' lang='lat' dir='ltr'>deleri,</span> <span class='ocrx_word' id='word_1_237' title='bbox 1294 1951 1488 2006; x_wconf 87' lang='lat' dir='ltr'>neque</span> <span class='ocrx_word' id='word_1_238' title='bbox 1547 1932 1873 2005; x_wconf 87' lang='lat' dir='ltr'>quidquam</span> <span class='ocrx_word' id='word_1_239' title='bbox 1926 1929 1989 1984; x_wconf 90' lang='lat' dir='ltr'>in</span> 
     </span>
    </p>
   </div>
   <div class='ocr_carea' id='block_1_37' title="bbox 345 2020 1994 2102">
    <p class='ocr_par' dir='ltr' id='par_1_37' title="bbox 345 2020 1994 2102">
     <span class='ocr_line' id='line_1_37' title="bbox 345 2020 1994 2102; baseline -0.008 -16"><span class='ocrx_word' id='word_1_240' title='bbox 345 2032 492 2087; x_wconf 84' lang='lat' dir='ltr'>vicis</span> <span class='ocrx_word' id='word_1_241' title='bbox 524 2031 614 2087; x_wconf 86' lang='lat' dir='ltr'>vel</span> <span class='ocrx_word' id='word_1_242' title='bbox 645 2030 891 2102; x_wconf 90' lang='lat' dir='ltr'>propius</span> <span class='ocrx_word' id='word_1_243' title='bbox 922 2028 994 2083; x_wconf 90' lang='lat' dir='ltr'>ab</span> <span class='ocrx_word' id='word_1_244' title='bbox 1044 2026 1259 2098; x_wconf 91' lang='lat' dir='ltr'>oppido</span> <span class='ocrx_word' id='word_1_245' title='bbox 1285 2025 1376 2080; x_wconf 92' lang='lat' dir='ltr'>vel</span> <span class='ocrx_word' id='word_1_246' title='bbox 1432 2024 1667 2095; x_wconf 79' lang='lat' dir='ltr'>longius</span> <span class='ocrx_word' id='word_1_247' title='bbox 1712 2020 1994 2091; x_wconf 88' lang='lat' dir='ltr'>relinqui,</span> 
     </span>
    </p>
   </div>
   <div class='ocr_carea' id='block_1_38' title="bbox 350 2109 1999 2194">
    <p class='ocr_par' dir='ltr' id='par_1_38' title="bbox 350 2109 1999 2194">
     <span class='ocr_line' id='line_1_38' title="bbox 350 2109 1999 2194; baseline -0.008 -17"><span class='ocrx_word' id='word_1_248' title='bbox 350 2121 508 2194; x_wconf 92' lang='lat' dir='ltr'>quod</span> <span class='ocrx_word' id='word_1_249' title='bbox 533 2120 828 2193; x_wconf 86' lang='lat' dir='ltr'>jumentis</span> <span class='ocrx_word' id='word_1_250' title='bbox 859 2116 1271 2173; x_wconf 87' lang='lat' dir='ltr'>hominibusve</span> <span class='ocrx_word' id='word_1_251' title='bbox 1302 2114 1435 2170; x_wconf 91' lang='lat' dir='ltr'>usui</span> <span class='ocrx_word' id='word_1_252' title='bbox 1469 2113 1564 2169; x_wconf 90' lang='lat' dir='ltr'>sit.</span> <span class='ocrx_word' id='word_1_253' title='bbox 1599 2112 1657 2166; x_wconf 91' lang='lat' dir='ltr'>Si</span> <span class='ocrx_word' id='word_1_254' title='bbox 1679 2111 1843 2184; x_wconf 87' lang='lat' dir='ltr'>ligna</span> <span class='ocrx_word' id='word_1_255' title='bbox 1858 2109 1999 2164; x_wconf 84' lang='lat' dir='ltr'>defi-</span> 
     </span>
    </p>
   </div>
   <div class='ocr_carea' id='block_1_39' title="bbox 346 2200 1998 2281">
    <p class='ocr_par' dir='ltr' id='par_1_39' title="bbox 346 2200 1998 2281">
     <span class='ocr_line' id='line_1_39' title="bbox 346 2200 1998 2281; baseline -0.007 -14"><span class='ocrx_word' id='word_1_256' title='bbox 346 2212 533 2276; x_wconf 90' lang='lat' dir='ltr'>ciunt,</span> <span class='ocrx_word' id='word_1_257' title='bbox 566 2226 760 2281; x_wconf 89' lang='lat' dir='ltr'>neque</span> <span class='ocrx_word' id='word_1_258' title='bbox 793 2208 978 2264; x_wconf 89' lang='lat' dir='ltr'>saltus</span> <span class='ocrx_word' id='word_1_259' title='bbox 1010 2223 1079 2262; x_wconf 93' lang='lat' dir='ltr'>ea</span> <span class='ocrx_word' id='word_1_260' title='bbox 1124 2206 1368 2277; x_wconf 81' lang='lat' dir='ltr'>regione</span> <span class='ocrx_word' id='word_1_261' title='bbox 1412 2202 1634 2269; x_wconf 87' lang='lat' dir='ltr'>subest,</span> <span class='ocrx_word' id='word_1_262' title='bbox 1665 2201 1842 2256; x_wconf 88' lang='lat' dir='ltr'>etiam</span> <span class='ocrx_word' id='word_1_263' title='bbox 1868 2200 1998 2271; x_wconf 88' lang='lat' dir='ltr'>ipsa</span> 
     </span>
    </p>
   </div>
   <div class='ocr_carea' id='block_1_40' title="bbox 343 2289 1994 2356">
    <p class='ocr_par' dir='ltr' id='par_1_40' title="bbox 343 2289 1994 2356">
     <span class='ocr_line' id='line_1_40' title="bbox 343 2289 1994 2356; baseline -0.008 0"><span class='ocrx_word' id='word_1_264' title='bbox 343 2300 733 2356; x_wconf 68' lang='lat' dir='ltr'>aadificiorum</span> <span class='ocrx_word' id='word_1_265' title='bbox 756 2298 905 2354; x_wconf 75' lang='grc'>24⁸1</span> <span class='ocrx_word' id='word_1_266' title='bbox 941 2300 1096 2351; x_wconf 88' lang='lat' dir='ltr'>tecta</span> <span class='ocrx_word' id='word_1_267' title='bbox 1121 2293 1441 2351; x_wconf 88' lang='lat' dir='ltr'>cremanda</span> <span class='ocrx_word' id='word_1_268' title='bbox 1471 2296 1629 2347; x_wconf 91' lang='lat' dir='ltr'>sunt.</span> <span class='ocrx_word' id='word_1_269' title='bbox 1655 2292 1741 2345; x_wconf 90' lang='lat' dir='ltr'>Ita</span> <span class='ocrx_word' id='word_1_270' title='bbox 1770 2289 1994 2353; x_wconf 91' lang='lat' dir='ltr'>hostes,</span> 
     </span>
    </p>
   </div>
   <div class='ocr_carea' id='block_1_41' title="bbox 332 2378 1998 2464">
    <p class='ocr_par' dir='ltr' id='par_1_41' title="bbox 332 2378 1998 2464">
     <span class='ocr_line' id='line_1_41' title="bbox 332 2378 1998 2464; baseline -0.009 -18"><span class='ocrx_word' id='word_1_271' title='bbox 332 2395 575 2464; x_wconf 88' lang='lat' dir='ltr'>propter</span> <span class='ocrx_word' id='word_1_272' title='bbox 605 2387 1019 2444; x_wconf 79' lang='lat' dir='ltr'>difficultatem</span> <span class='ocrx_word' id='word_1_273' title='bbox 1053 2383 1418 2455; x_wconf 76' lang='lat' dir='ltr'>lignationis,</span> <span class='ocrx_word' id='word_1_274' title='bbox 1441 2382 1646 2450; x_wconf 89' lang='lat' dir='ltr'>reique</span> <span class='ocrx_word' id='word_1_275' title='bbox 1674 2378 1998 2433; x_wconf 89' lang='lat' dir='ltr'>frumenta-</span> 
     </span>
    </p>
   </div>
   <div class='ocr_carea' id='block_1_42' title="bbox 341 2464 1996 2550">
    <p class='ocr_par' dir='ltr' id='par_1_42' title="bbox 341 2464 1996 2550">
     <span class='ocr_line' id='line_1_42' title="bbox 341 2464 1996 2550; baseline -0.01 -15"><span class='ocrx_word' id='word_1_276' title='bbox 341 2481 448 2535; x_wconf 72' lang='lat' dir='ltr'>riaa</span> <span class='ocrx_word' id='word_1_277' title='bbox 470 2477 1004 2550; x_wconf 90' lang='lat' dir='ltr'>inopiam,necesse</span> <span class='ocrx_word' id='word_1_278' title='bbox 1027 2472 1365 2545; x_wconf 87' lang='lat' dir='ltr'>estlongius</span> <span class='ocrx_word' id='word_1_279' title='bbox 1384 2470 1605 2526; x_wconf 88' lang='lat' dir='ltr'>milites</span> <span class='ocrx_word' id='word_1_280' title='bbox 1629 2467 1899 2523; x_wconf 90' lang='lat' dir='ltr'>emittere</span> <span class='ocrx_word' id='word_1_281' title='bbox 1922 2464 1996 2520; x_wconf 92' lang='lat' dir='ltr'>ad</span> 
     </span>
    </p>
   </div>
   <div class='ocr_carea' id='block_1_43' title="bbox 344 2555 1995 2635">
    <p class='ocr_par' dir='ltr' id='par_1_43' title="bbox 344 2555 1995 2635">
     <span class='ocr_line' id='line_1_43' title="bbox 344 2555 1995 2635; baseline -0.01 -11"><span class='ocrx_word' id='word_1_282' title='bbox 344 2586 440 2624; x_wconf 89' lang='lat' dir='ltr'>res</span> <span class='ocrx_word' id='word_1_283' title='bbox 468 2566 836 2623; x_wconf 86' lang='lat' dir='ltr'>necessarias</span> <span class='ocrx_word' id='word_1_284' title='bbox 858 2562 1336 2635; x_wconf 86' lang='lat' dir='ltr'>comportandas.</span> <span class='ocrx_word' id='word_1_285' title='bbox 1366 2560 1451 2615; x_wconf 92' lang='lat' dir='ltr'>Ibi</span> <span class='ocrx_word' id='word_1_286' title='bbox 1474 2565 1557 2624; x_wconf 91' lang='lat' dir='ltr'>tu,</span> <span class='ocrx_word' id='word_1_287' title='bbox 1592 2573 1727 2613; x_wconf 91' lang='lat' dir='ltr'>cum</span> <span class='ocrx_word' id='word_1_288' title='bbox 1750 2555 1937 2627; x_wconf 91' lang='lat' dir='ltr'>perite</span> <span class='ocrx_word' id='word_1_289' title='bbox 1964 2571 1995 2609; x_wconf 94' lang='lat' dir='ltr'>e</span> 
     </span>
    </p>
   </div>
   <div class='ocr_carea' id='block_1_44' title="bbox 350 2644 1995 2728">
    <p class='ocr_par' dir='ltr' id='par_1_44' title="bbox 350 2644 1995 2728">
     <span class='ocr_line' id='line_1_44' title="bbox 350 2644 1995 2728; baseline -0.009 -14"><span class='ocrx_word' id='word_1_290' title='bbox 350 2657 638 2728; x_wconf 87' lang='lat' dir='ltr'>ducisque</span> <span class='ocrx_word' id='word_1_291' title='bbox 653 2656 848 2711; x_wconf 81' lang='lat' dir='ltr'>ofﬁcio</span> <span class='ocrx_word' id='word_1_292' title='bbox 862 2671 987 2710; x_wconf 87' lang='lat' dir='ltr'>rem</span> <span class='ocrx_word' id='word_1_293' title='bbox 1014 2649 1520 2725; x_wconf 85' lang='lat' dir='ltr'>gesseris,poteris</span> <span class='ocrx_word' id='word_1_294' title='bbox 1541 2647 1677 2702; x_wconf 91' lang='lat' dir='ltr'>illos</span> <span class='ocrx_word' id='word_1_295' title='bbox 1691 2644 1995 2701; x_wconf 87' lang='lat' dir='ltr'>collocatis</span> 
     </span>
    </p>
   </div>
   <div class='ocr_carea' id='block_1_45' title="bbox 344 2733 1995 2804">
    <p class='ocr_par' dir='ltr' id='par_1_45' title="bbox 344 2733 1995 2804">
     <span class='ocr_line' id='line_1_45' title="bbox 344 2733 1995 2804; baseline -0.01 -1"><span class='ocrx_word' id='word_1_296' title='bbox 344 2747 581 2802; x_wconf 89' lang='lat' dir='ltr'>insidiis</span> <span class='ocrx_word' id='word_1_297' title='bbox 626 2761 840 2801; x_wconf 78' lang='lat' dir='ltr'>vexare</span> <span class='ocrx_word' id='word_1_298' title='bbox 870 2760 936 2798; x_wconf 88' lang='lat' dir='ltr'>ac</span> <span class='ocrx_word' id='word_1_299' title='bbox 966 2742 1216 2797; x_wconf 85' lang='lat' dir='ltr'>fundere</span> <span class='ocrx_word' id='word_1_300' title='bbox 1253 2758 1265 2794; x_wconf 90' lang='lat'><strong>:</strong></span> <span class='ocrx_word' id='word_1_301' title='bbox 1299 2743 1367 2794; x_wconf 88' lang='lat' dir='ltr'>ut</span> <span class='ocrx_word' id='word_1_302' title='bbox 1388 2738 1545 2803; x_wconf 91' lang='lat' dir='ltr'>ideo,</span> <span class='ocrx_word' id='word_1_303' title='bbox 1581 2735 1879 2804; x_wconf 89' lang='lat' dir='ltr'>simulque</span> <span class='ocrx_word' id='word_1_304' title='bbox 1911 2733 1995 2786; x_wconf 80' lang='lat' dir='ltr'>vi-</span> 
     </span>
    </p>
   </div>
   <div class='ocr_carea' id='block_1_46' title="bbox 343 2823 1995 2908">
    <p class='ocr_par' dir='ltr' id='par_1_46' title="bbox 343 2823 1995 2908">
     <span class='ocr_line' id='line_1_46' title="bbox 343 2823 1995 2908; baseline -0.01 -15"><span class='ocrx_word' id='word_1_305' title='bbox 343 2843 473 2893; x_wconf 90' lang='lat' dir='ltr'>ctus</span> <span class='ocrx_word' id='word_1_306' title='bbox 512 2836 717 2908; x_wconf 81' lang='lat' dir='ltr'>inopia</span> <span class='ocrx_word' id='word_1_307' title='bbox 744 2835 954 2898; x_wconf 90' lang='lat' dir='ltr'>coacti,</span> <span class='ocrx_word' id='word_1_308' title='bbox 985 2831 1358 2887; x_wconf 90' lang='lat' dir='ltr'>obsidionem</span> <span class='ocrx_word' id='word_1_309' title='bbox 1417 2827 1666 2883; x_wconf 88' lang='lat' dir='ltr'>solvant.</span> <span class='ocrx_word' id='word_1_310' title='bbox 1701 2824 1808 2881; x_wconf 91' lang='lat' dir='ltr'>Ubi</span> <span class='ocrx_word' id='word_1_311' title='bbox 1858 2823 1995 2879; x_wconf 90' lang='lat' dir='ltr'>illos</span> 
     </span>
    </p>
   </div>
   <div class='ocr_carea' id='block_1_47' title="bbox 340 2912 1997 2998">
    <p class='ocr_par' dir='ltr' id='par_1_47' title="bbox 340 2912 1997 2998">
     <span class='ocr_line' id='line_1_47' title="bbox 340 2912 1997 2998; baseline -0.01 -16"><span class='ocrx_word' id='word_1_312' title='bbox 340 2924 817 2998; x_wconf 85' lang='lat' dir='ltr'>perseverantius</span> <span class='ocrx_word' id='word_1_313' title='bbox 849 2923 911 2976; x_wconf 88' lang='lat' dir='ltr'>in</span> <span class='ocrx_word' id='word_1_314' title='bbox 961 2919 1274 2975; x_wconf 90' lang='lat' dir='ltr'>obsidione</span> <span class='ocrx_word' id='word_1_315' title='bbox 1314 2930 1692 2989; x_wconf 88' lang='lat' dir='ltr'>permanere,</span> <span class='ocrx_word' id='word_1_316' title='bbox 1734 2913 1796 2967; x_wconf 91' lang='lat' dir='ltr'>in</span> <span class='ocrx_word' id='word_1_317' title='bbox 1827 2912 1997 2982; x_wconf 90' lang='lat' dir='ltr'>oppi-</span> 
     </span>
    </p>
   </div>
   <div class='ocr_carea' id='block_1_48' title="bbox 343 2999 1997 3085">
    <p class='ocr_par' dir='ltr' id='par_1_48' title="bbox 343 2999 1997 3085">
     <span class='ocr_line' id='line_1_48' title="bbox 343 2999 1997 3085; baseline -0.01 -16"><span class='ocrx_word' id='word_1_318' title='bbox 343 3014 537 3085; x_wconf 90' lang='lat' dir='ltr'>doque</span> <span class='ocrx_word' id='word_1_319' title='bbox 564 3029 691 3068; x_wconf 90' lang='lat' dir='ltr'>rem</span> <span class='ocrx_word' id='word_1_320' title='bbox 719 3027 849 3066; x_wconf 89' lang='lat' dir='ltr'>esse</span> <span class='ocrx_word' id='word_1_321' title='bbox 871 3010 934 3065; x_wconf 91' lang='lat' dir='ltr'>in</span> <span class='ocrx_word' id='word_1_322' title='bbox 966 3011 1215 3080; x_wconf 88' lang='lat' dir='ltr'>angusto</span> <span class='ocrx_word' id='word_1_323' title='bbox 1250 3005 1432 3071; x_wconf 86' lang='lat' dir='ltr'>vides,</span> <span class='ocrx_word' id='word_1_324' title='bbox 1466 3003 1646 3059; x_wconf 90' lang='lat' dir='ltr'>debes</span> <span class='ocrx_word' id='word_1_325' title='bbox 1679 3001 1751 3055; x_wconf 91' lang='lat' dir='ltr'>de</span> <span class='ocrx_word' id='word_1_326' title='bbox 1802 2999 1997 3056; x_wconf 88' lang='lat' dir='ltr'>confe-</span> 
     </span>
    </p>
   </div>
   <div class='ocr_carea' id='block_1_49' title="bbox 338 3090 1992 3168">
    <p class='ocr_par' dir='ltr' id='par_1_49' title="bbox 338 3090 1992 3168">
     <span class='ocr_line' id='line_1_49' title="bbox 338 3090 1992 3168; baseline -0.009 -9"><span class='ocrx_word' id='word_1_327' title='bbox 338 3103 542 3159; x_wconf 85' lang='lat' dir='ltr'>rendis</span> <span class='ocrx_word' id='word_1_328' title='bbox 573 3105 745 3157; x_wconf 92' lang='lat' dir='ltr'>nocte</span> <span class='ocrx_word' id='word_1_329' title='bbox 777 3104 897 3156; x_wconf 89' lang='lat' dir='ltr'>toto</span> <span class='ocrx_word' id='word_1_330' title='bbox 932 3100 1110 3153; x_wconf 87' lang='lat' dir='ltr'>Marte</span> <span class='ocrx_word' id='word_1_331' title='bbox 1143 3095 1329 3168; x_wconf 80' lang='lat' dir='ltr'>signis</span> <span class='ocrx_word' id='word_1_332' title='bbox 1356 3090 1992 3166; x_wconf 87' lang='lat' dir='ltr'>cogitare,contraclis,</span> 
     </span>
    </p>
   </div>
   <div class='ocr_carea' id='block_1_50' title="bbox 2103 1924 3754 2002">
    <p class='ocr_par' dir='ltr' id='par_1_50' title="bbox 2103 1924 3754 2002">
     <span class='ocr_line' id='line_1_50' title="bbox 2103 1924 3754 2002; baseline 0.004 -23"><span class='ocrx_word' id='word_1_333' title='bbox 2103 1929 2311 1995; x_wconf 83' lang='grc' dir='ltr'>κεῦσαι,</span> <span class='ocrx_word' id='word_1_334' title='bbox 2370 1924 2497 1981; x_wconf 88' lang='grc' dir='ltr'>ἀλλ’</span> <span class='ocrx_word' id='word_1_335' title='bbox 2555 1927 2614 1983; x_wconf 73' lang='grc' dir='ltr'>ἐκ</span> <span class='ocrx_word' id='word_1_336' title='bbox 2670 1924 2767 1982; x_wconf 88' lang='grc' dir='ltr'>δύο</span> <span class='ocrx_word' id='word_1_337' title='bbox 2826 1927 3153 2002; x_wconf 74' lang='grc' dir='ltr'>μερῶνῆἐξ</span> <span class='ocrx_word' id='word_1_338' title='bbox 3211 1928 3325 1992; x_wconf 69' lang='grc' dir='ltr'>ἑνὸς</span> <span class='ocrx_word' id='word_1_339' title='bbox 3379 1928 3519 1993; x_wconf 79' lang='grc' dir='ltr'>ἄπας</span> <span class='ocrx_word' id='word_1_340' title='bbox 3558 1929 3754 1993; x_wconf 81' lang='grc' dir='ltr'>ὁλαὸς</span> 
     </span>
    </p>
   </div>
   <div class='ocr_carea' id='block_1_51' title="bbox 2104 2013 3755 2098">
    <p class='ocr_par' dir='ltr' id='par_1_51' title="bbox 2104 2013 3755 2098">
     <span class='ocr_line' id='line_1_51' title="bbox 2104 2013 3755 2098; baseline 0.003 -30"><span class='ocrx_word' id='word_1_341' title='bbox 2104 2014 2278 2069; x_wconf 79' lang='grc' dir='ltr'>αὐτῶν</span> <span class='ocrx_word' id='word_1_342' title='bbox 2310 2013 2780 2090; x_wconf 78' lang='grc' dir='ltr'>στρατοπεδεύσει,</span> <span class='ocrx_word' id='word_1_343' title='bbox 2822 2014 2939 2072; x_wconf 77' lang='grc' dir='ltr'>δέον</span> <span class='ocrx_word' id='word_1_344' title='bbox 2996 2017 3260 2094; x_wconf 89' lang='grc' dir='ltr'>πρότερον</span> <span class='ocrx_word' id='word_1_345' title='bbox 3317 2024 3489 2074; x_wconf 80' lang='grc' dir='ltr'>πᾶσαν</span> <span class='ocrx_word' id='word_1_346' title='bbox 3546 2021 3755 2098; x_wconf 73' lang='grc' dir='ltr'>τροφὴν</span> 
     </span>
    </p>
   </div>
   <div class='ocr_carea' id='block_1_52' title="bbox 2105 2101 3755 2182">
    <p class='ocr_par' dir='ltr' id='par_1_52' title="bbox 2105 2101 3755 2182">
     <span class='ocr_line' id='line_1_52' title="bbox 2105 2101 3755 2182; baseline 0.003 -24"><span class='ocrx_word' id='word_1_347' title='bbox 2105 2102 2405 2179; x_wconf 81' lang='grc' dir='ltr'>ἀνθρώπων</span> <span class='ocrx_word' id='word_1_348' title='bbox 2437 2125 2495 2159; x_wconf 89' lang='grc' dir='ltr'>τε</span> <span class='ocrx_word' id='word_1_349' title='bbox 2548 2105 2639 2161; x_wconf 81' lang='grc' dir='ltr'>καὶ</span> <span class='ocrx_word' id='word_1_350' title='bbox 2695 2101 2918 2182; x_wconf 81' lang='grc' dir='ltr'>ἀλόγων</span> <span class='ocrx_word' id='word_1_351' title='bbox 2970 2114 3327 2182; x_wconf 72' lang='grc' dir='ltr'>πυρπολῆσαι</span> <span class='ocrx_word' id='word_1_352' title='bbox 3382 2107 3472 2163; x_wconf 80' lang='grc' dir='ltr'>καὶ</span> <span class='ocrx_word' id='word_1_353' title='bbox 3529 2107 3755 2171; x_wconf 79' lang='grc' dir='ltr'>τελείως</span> 
     </span>
    </p>
   </div>
   <div class='ocr_carea' id='block_1_53' title="bbox 2104 2190 3749 2274">
    <p class='ocr_par' dir='ltr' id='par_1_53' title="bbox 2104 2190 3749 2274">
     <span class='ocr_line' id='line_1_53' title="bbox 2104 2190 3749 2274; baseline 0.004 -28"><span class='ocrx_word' id='word_1_354' title='bbox 2104 2190 2434 2267; x_wconf 78' lang='grc' dir='ltr'>ἐξαφανίσαι,</span> <span class='ocrx_word' id='word_1_355' title='bbox 2464 2194 2555 2250; x_wconf 87' lang='grc' dir='ltr'>καὶ</span> <span class='ocrx_word' id='word_1_356' title='bbox 2596 2192 2768 2269; x_wconf 73' lang='grc' dir='ltr'>μηδὲν</span> <span class='ocrx_word' id='word_1_357' title='bbox 2828 2194 2905 2258; x_wconf 79' lang='grc' dir='ltr'>είς</span> <span class='ocrx_word' id='word_1_358' title='bbox 2959 2195 3150 2272; x_wconf 79' lang='grc' dir='ltr'>χρείαν</span> <span class='ocrx_word' id='word_1_359' title='bbox 3212 2194 3433 2273; x_wconf 83' lang='grc' dir='ltr'>ἀλόγων</span> <span class='ocrx_word' id='word_1_360' title='bbox 3466 2195 3502 2267; x_wconf 75' lang='grc' dir='ltr'>ἥ</span> <span class='ocrx_word' id='word_1_361' title='bbox 3535 2198 3749 2274; x_wconf 81' lang='grc' dir='ltr'>ἀνθρώ-</span> 
     </span>
    </p>
   </div>
   <div class='ocr_carea' id='block_1_54' title="bbox 2103 2290 3752 2373">
    <p class='ocr_par' dir='ltr' id='par_1_54' title="bbox 2103 2290 3752 2373">
     <span class='ocr_line' id='line_1_54' title="bbox 2103 2290 3752 2373; baseline 0.004 -28"><span class='ocrx_word' id='word_1_362' title='bbox 2103 2312 2220 2346; x_wconf 85' lang='grc' dir='ltr'>πων</span> <span class='ocrx_word' id='word_1_363' title='bbox 2278 2290 2522 2364; x_wconf 83' lang='grc' dir='ltr'>πλησίου</span> <span class='ocrx_word' id='word_1_364' title='bbox 2572 2298 2673 2350; x_wconf 79' lang='grc' dir='ltr'>τοῦ</span> <span class='ocrx_word' id='word_1_365' title='bbox 2730 2293 3030 2369; x_wconf 78' lang='grc' dir='ltr'>κάστρουῆ</span> <span class='ocrx_word' id='word_1_366' title='bbox 3079 2294 3269 2373; x_wconf 76' lang='grc' dir='ltr'>πόρῥω</span> <span class='ocrx_word' id='word_1_367' title='bbox 3321 2295 3640 2352; x_wconf 79' lang='grc' dir='ltr'>καταλιπεῖν</span> <span class='ocrx_word' id='word_1_368' title='bbox 3699 2297 3752 2351; x_wconf 83' lang='grc' dir='ltr'>ὲν</span> 
     </span>
    </p>
   </div>
   <div class='ocr_carea' id='block_1_55' title="bbox 2101 2379 3744 2456">
    <p class='ocr_par' dir='ltr' id='par_1_55' title="bbox 2101 2379 3744 2456">
     <span class='ocr_line' id='line_1_55' title="bbox 2101 2379 3744 2456; baseline 0.005 -24"><span class='ocrx_word' id='word_1_369' title='bbox 2101 2384 2219 2441; x_wconf 90' lang='grc' dir='ltr'>τοῖς</span> <span class='ocrx_word' id='word_1_370' title='bbox 2254 2381 2508 2456; x_wconf 85' lang='grc' dir='ltr'>χωρίοις.</span> <span class='ocrx_word' id='word_1_371' title='bbox 2556 2380 2624 2438; x_wconf 71' lang='grc' dir='ltr'>Εἴ</span> <span class='ocrx_word' id='word_1_372' title='bbox 2676 2379 2735 2437; x_wconf 76' lang='grc' dir='ltr'>δὶ</span> <span class='ocrx_word' id='word_1_373' title='bbox 2788 2381 2878 2437; x_wconf 83' lang='grc' dir='ltr'>καὶ</span> <span class='ocrx_word' id='word_1_374' title='bbox 2938 2380 3099 2453; x_wconf 77' lang='grc' dir='ltr'>ξύλον</span> <span class='ocrx_word' id='word_1_375' title='bbox 3158 2381 3452 2455; x_wconf 63' lang='grc' dir='ltr'>ἐπιλείπει,</span> <span class='ocrx_word' id='word_1_376' title='bbox 3502 2383 3588 2440; x_wconf 78' lang='grc' dir='ltr'>ἐπὶ</span> <span class='ocrx_word' id='word_1_377' title='bbox 3645 2390 3744 2440; x_wconf 76' lang='grc' dir='ltr'>τοῦ</span> 
     </span>
    </p>
   </div>
   <div class='ocr_carea' id='block_1_56' title="bbox 2103 2465 3755 2548">
    <p class='ocr_par' dir='ltr' id='par_1_56' title="bbox 2103 2465 3755 2548">
     <span class='ocr_line' id='line_1_56' title="bbox 2103 2465 3755 2548; baseline 0.004 -25"><span class='ocrx_word' id='word_1_378' title='bbox 2103 2470 2276 2524; x_wconf 89' lang='grc' dir='ltr'>τόπου</span> <span class='ocrx_word' id='word_1_379' title='bbox 2307 2465 2471 2546; x_wconf 77' lang='grc' dir='ltr'>ὄρους</span> <span class='ocrx_word' id='word_1_380' title='bbox 2505 2471 2581 2544; x_wconf 82' lang='grc' dir='ltr'>μὴ</span> <span class='ocrx_word' id='word_1_381' title='bbox 2615 2470 2793 2539; x_wconf 78' lang='grc' dir='ltr'>ὅντος,</span> <span class='ocrx_word' id='word_1_382' title='bbox 2824 2472 2913 2527; x_wconf 82' lang='grc' dir='ltr'>καὶ</span> <span class='ocrx_word' id='word_1_383' title='bbox 2945 2472 3080 2528; x_wconf 81' lang='grc' dir='ltr'>αὐτὰ</span> <span class='ocrx_word' id='word_1_384' title='bbox 3103 2472 3169 2528; x_wconf 69' lang='grc' dir='ltr'>τὰ</span> <span class='ocrx_word' id='word_1_385' title='bbox 3216 2470 3379 2548; x_wconf 78' lang='grc' dir='ltr'>στέγη</span> <span class='ocrx_word' id='word_1_386' title='bbox 3432 2477 3539 2529; x_wconf 87' lang='grc' dir='ltr'>τῶν</span> <span class='ocrx_word' id='word_1_387' title='bbox 3590 2473 3755 2544; x_wconf 81' lang='grc' dir='ltr'>οἰκη-</span> 
     </span>
    </p>
   </div>
   <div class='ocr_carea' id='block_1_57' title="bbox 2109 2557 3757 2639">
    <p class='ocr_par' dir='ltr' id='par_1_57' title="bbox 2109 2557 3757 2639">
     <span class='ocr_line' id='line_1_57' title="bbox 2109 2557 3757 2639; baseline 0.004 -27"><span class='ocrx_word' id='word_1_388' title='bbox 2109 2557 2291 2632; x_wconf 83' lang='grc' dir='ltr'>μάτων</span> <span class='ocrx_word' id='word_1_389' title='bbox 2323 2558 2700 2634; x_wconf 83' lang='grc' dir='ltr'>πυρπολῆσαι.</span> <span class='ocrx_word' id='word_1_390' title='bbox 2736 2561 2798 2617; x_wconf 84' lang='grc' dir='ltr'>Εἶ</span> <span class='ocrx_word' id='word_1_391' title='bbox 2829 2561 2931 2637; x_wconf 81' lang='grc' dir='ltr'>γὰρ</span> <span class='ocrx_word' id='word_1_392' title='bbox 2985 2561 3073 2617; x_wconf 84' lang='grc' dir='ltr'>καὶ</span> <span class='ocrx_word' id='word_1_393' title='bbox 3134 2561 3308 2634; x_wconf 81' lang='grc' dir='ltr'>ξύλων</span> <span class='ocrx_word' id='word_1_394' title='bbox 3363 2562 3414 2617; x_wconf 83' lang='grc' dir='ltr'>ἐν</span> <span class='ocrx_word' id='word_1_395' title='bbox 3459 2562 3620 2638; x_wconf 84' lang='grc' dir='ltr'>χρείᾳ</span> <span class='ocrx_word' id='word_1_396' title='bbox 3665 2562 3757 2639; x_wconf 75' lang='grc' dir='ltr'>γὲ-</span> 
     </span>
    </p>
   </div>
   <div class='ocr_carea' id='block_1_58' title="bbox 2102 2647 3748 2729">
    <p class='ocr_par' dir='ltr' id='par_1_58' title="bbox 2102 2647 3748 2729">
     <span class='ocr_line' id='line_1_58' title="bbox 2102 2647 3748 2729; baseline 0.004 -28"><span class='ocrx_word' id='word_1_397' title='bbox 2102 2668 2304 2703; x_wconf 88' lang='grc' dir='ltr'>νωνται</span> <span class='ocrx_word' id='word_1_398' title='bbox 2344 2649 2397 2703; x_wconf 77' lang='grc' dir='ltr'>οἱ</span> <span class='ocrx_word' id='word_1_399' title='bbox 2427 2647 2716 2722; x_wconf 73' lang='grc' dir='ltr'>πολέμιοι,</span> <span class='ocrx_word' id='word_1_400' title='bbox 2745 2651 2833 2705; x_wconf 80' lang='grc' dir='ltr'>καὶ</span> <span class='ocrx_word' id='word_1_401' title='bbox 2862 2655 3079 2729; x_wconf 82' lang='grc' dir='ltr'>τροφῶν</span> <span class='ocrx_word' id='word_1_402' title='bbox 3113 2649 3309 2714; x_wconf 69' lang='grc' dir='ltr'>ἐνδεεῖς</span> <span class='ocrx_word' id='word_1_403' title='bbox 3339 2652 3494 2722; x_wconf 85' lang='grc' dir='ltr'>ὦσιν,</span> <span class='ocrx_word' id='word_1_404' title='bbox 3547 2653 3748 2728; x_wconf 81' lang='grc' dir='ltr'>ἀνάγκη</span> 
     </span>
    </p>
   </div>
   <div class='ocr_carea' id='block_1_59' title="bbox 2100 2736 3753 2818">
    <p class='ocr_par' dir='ltr' id='par_1_59' title="bbox 2100 2736 3753 2818">
     <span class='ocr_line' id='line_1_59' title="bbox 2100 2736 3753 2818; baseline 0.004 -26"><span class='ocrx_word' id='word_1_405' title='bbox 2100 2737 2195 2792; x_wconf 86' lang='grc' dir='ltr'>τὸν</span> <span class='ocrx_word' id='word_1_406' title='bbox 2223 2736 2357 2793; x_wconf 68' lang='grc' dir='ltr'>λαὸν</span> <span class='ocrx_word' id='word_1_407' title='bbox 2390 2739 2569 2794; x_wconf 81' lang='grc' dir='ltr'>αὐτῶν</span> <span class='ocrx_word' id='word_1_408' title='bbox 2611 2738 2923 2815; x_wconf 73' lang='grc' dir='ltr'>ἐξέρχεσθαι</span> <span class='ocrx_word' id='word_1_409' title='bbox 2976 2741 3310 2818; x_wconf 84' lang='grc' dir='ltr'>μακρότερον</span> <span class='ocrx_word' id='word_1_410' title='bbox 3359 2742 3495 2818; x_wconf 84' lang='grc' dir='ltr'>πρὸς</span> <span class='ocrx_word' id='word_1_411' title='bbox 3546 2741 3753 2798; x_wconf 85' lang='grc' dir='ltr'>συλλο-</span> 
     </span>
    </p>
   </div>
   <div class='ocr_carea' id='block_1_60' title="bbox 2103 2825 3757 2908">
    <p class='ocr_par' dir='ltr' id='par_1_60' title="bbox 2103 2825 3757 2908">
     <span class='ocr_line' id='line_1_60' title="bbox 2103 2825 3757 2908; baseline 0.005 -29"><span class='ocrx_word' id='word_1_412' title='bbox 2103 2827 2208 2900; x_wconf 84' lang='grc' dir='ltr'>γὴν</span> <span class='ocrx_word' id='word_1_413' title='bbox 2236 2831 2344 2881; x_wconf 89' lang='grc' dir='ltr'>τῶν</span> <span class='ocrx_word' id='word_1_414' title='bbox 2378 2832 2603 2901; x_wconf 89' lang='grc' dir='ltr'>χρειῶν.</span> <span class='ocrx_word' id='word_1_415' title='bbox 2640 2832 2749 2883; x_wconf 82' lang='grc' dir='ltr'>Σοῦ</span> <span class='ocrx_word' id='word_1_416' title='bbox 2790 2825 2849 2883; x_wconf 77' lang='grc' dir='ltr'>δὶ</span> <span class='ocrx_word' id='word_1_417' title='bbox 2904 2828 3179 2905; x_wconf 78' lang='grc' dir='ltr'>ἐμπείρως</span> <span class='ocrx_word' id='word_1_418' title='bbox 3227 2830 3317 2885; x_wconf 84' lang='grc' dir='ltr'>καὶ</span> <span class='ocrx_word' id='word_1_419' title='bbox 3375 2836 3757 2908; x_wconf 82' lang='grc' dir='ltr'>στρατηγικῶς</span> 
     </span>
    </p>
   </div>
   <div class='ocr_carea' id='block_1_61' title="bbox 2105 2912 3754 2997">
    <p class='ocr_par' dir='ltr' id='par_1_61' title="bbox 2105 2912 3754 2997">
     <span class='ocr_line' id='line_1_61' title="bbox 2105 2912 3754 2997; baseline 0.003 -27"><span class='ocrx_word' id='word_1_420' title='bbox 2105 2912 2485 2989; x_wconf 73' lang='grc' dir='ltr'>διατιθεμένου</span> <span class='ocrx_word' id='word_1_421' title='bbox 2513 2919 2577 2986; x_wconf 74' lang='grc'>⁸³,</span> <span class='ocrx_word' id='word_1_422' title='bbox 2640 2915 2847 2993; x_wconf 74' lang='grc' dir='ltr'>δυνήσῃ</span> <span class='ocrx_word' id='word_1_423' title='bbox 2895 2917 3122 2983; x_wconf 86' lang='grc' dir='ltr'>τούτους</span> <span class='ocrx_word' id='word_1_424' title='bbox 3172 2920 3306 2993; x_wconf 79' lang='grc' dir='ltr'>μετὰ</span> <span class='ocrx_word' id='word_1_425' title='bbox 3358 2919 3754 2997; x_wconf 76' lang='grc' dir='ltr'>ἐγκρυμμάτων</span> 
     </span>
    </p>
   </div>
   <div class='ocr_carea' id='block_1_62' title="bbox 2102 3004 3756 3083">
    <p class='ocr_par' dir='ltr' id='par_1_62' title="bbox 2102 3004 3756 3083">
     <span class='ocr_line' id='line_1_62' title="bbox 2102 3004 3756 3083; baseline 0.005 -26"><span class='ocrx_word' id='word_1_426' title='bbox 2102 3004 2487 3078; x_wconf 83' lang='grc' dir='ltr'>τραυματίζειν</span> <span class='ocrx_word' id='word_1_427' title='bbox 2575 3006 2661 3059; x_wconf 75' lang='grc' dir='ltr'>καὶ</span> <span class='ocrx_word' id='word_1_428' title='bbox 2739 3010 3229 3083; x_wconf 74' lang='grc' dir='ltr'>κατατροποῦσθαιο</span> <span class='ocrx_word' id='word_1_429' title='bbox 3290 3009 3367 3071; x_wconf 89' lang='grc' dir='ltr'>ὼς</span> <span class='ocrx_word' id='word_1_430' title='bbox 3424 3008 3485 3065; x_wconf 80' lang='grc' dir='ltr'>ὲκ</span> <span class='ocrx_word' id='word_1_431' title='bbox 3537 3008 3756 3083; x_wconf 91' lang='grc' dir='ltr'>τούτου,</span> 
     </span>
    </p>
   </div>
   <div class='ocr_carea' id='block_1_63' title="bbox 2103 3091 3755 3175">
    <p class='ocr_par' dir='ltr' id='par_1_63' title="bbox 2103 3091 3755 3175">
     <span class='ocr_line' id='line_1_63' title="bbox 2103 3091 3755 3175; baseline 0.003 -26"><span class='ocrx_word' id='word_1_432' title='bbox 2103 3098 2172 3167; x_wconf 79' lang='grc' dir='ltr'>τῇ</span> <span class='ocrx_word' id='word_1_433' title='bbox 2202 3098 2310 3149; x_wconf 91' lang='grc' dir='ltr'>τῶν</span> <span class='ocrx_word' id='word_1_434' title='bbox 2339 3098 2559 3171; x_wconf 78' lang='grc' dir='ltr'>τροφῶν</span> <span class='ocrx_word' id='word_1_435' title='bbox 2590 3091 2763 3166; x_wconf 80' lang='grc' dir='ltr'>ἐνδείᾳ</span> <span class='ocrx_word' id='word_1_436' title='bbox 2815 3094 3266 3171; x_wconf 75' lang='grc' dir='ltr'>ἀναγκαζόμενοι,</span> <span class='ocrx_word' id='word_1_437' title='bbox 3298 3100 3399 3170; x_wconf 76' lang='grc' dir='ltr'>τὴν</span> <span class='ocrx_word' id='word_1_438' title='bbox 3430 3097 3755 3175; x_wconf 83' lang='grc' dir='ltr'>πολιορκίαν</span> 
     </span>
    </p>
   </div>
   <div class='ocr_carea' id='block_1_64' title="bbox 346 3179 1993 3296">
    <p class='ocr_par' dir='ltr' id='par_1_64' title="bbox 346 3179 1993 3296">
     <span class='ocr_line' id='line_1_64' title="bbox 346 3179 1993 3261; baseline -0.01 -13"><span class='ocrx_word' id='word_1_439' title='bbox 346 3209 470 3248; x_wconf 91' lang='lat' dir='ltr'>una</span> <span class='ocrx_word' id='word_1_440' title='bbox 498 3208 634 3247; x_wconf 89' lang='lat' dir='ltr'>cum</span> <span class='ocrx_word' id='word_1_441' title='bbox 666 3184 1334 3261; x_wconf 89' lang='lat' dir='ltr'>equitatu,pedestribus</span> <span class='ocrx_word' id='word_1_442' title='bbox 1357 3182 1562 3254; x_wconf 91' lang='lat' dir='ltr'>copiis.</span> <span class='ocrx_word' id='word_1_443' title='bbox 1588 3182 1742 3247; x_wconf 88' lang='lat' dir='ltr'>Quas</span> <span class='ocrx_word' id='word_1_444' title='bbox 1782 3179 1830 3234; x_wconf 90' lang='lat' dir='ltr'>si</span> <span class='ocrx_word' id='word_1_445' title='bbox 1853 3195 1993 3234; x_wconf 50' lang='lat' dir='ltr'>con.</span> 
     </span>
     <span class='ocr_line' id='line_1_65' title="bbox 462 3268 1968 3296; baseline 0 0"><span class='ocrx_word' id='word_1_446' title='bbox 462 3283 472 3293; x_wconf 84' lang='lat'><strong><em>-</em></strong></span> <span class='ocrx_word' id='word_1_447' title='bbox 566 3286 577 3296; x_wconf 85' lang='lat'>.</span> <span class='ocrx_word' id='word_1_448' title='bbox 789 3284 800 3296; x_wconf 84' lang='lat'>.</span> <span class='ocrx_word' id='word_1_449' title='bbox 893 3295 920 3296; x_wconf 47' lang='grc' dir='ltr'>η</span> <span class='ocrx_word' id='word_1_450' title='bbox 992 3277 1004 3296; x_wconf 87' lang='grc'><strong>1</strong></span> <span class='ocrx_word' id='word_1_451' title='bbox 1024 3293 1035 3296; x_wconf 69' lang='lat'>-</span> <span class='ocrx_word' id='word_1_452' title='bbox 1058 3276 1099 3296; x_wconf 63' lang='grc' dir='ltr'>,ε</span> <span class='ocrx_word' id='word_1_453' title='bbox 1195 3292 1213 3296; x_wconf 72' lang='lat'>-</span> <span class='ocrx_word' id='word_1_454' title='bbox 1232 3271 1483 3296; x_wconf 66' lang='lat' dir='ltr'>_--2LIL---</span> <span class='ocrx_word' id='word_1_455' title='bbox 1545 3268 1968 3296; x_wconf 68' lang='grc' dir='ltr'>ε..ι........,..υη.;η</span> 
     </span>
    </p>
   </div>
   <div class='ocr_carea' id='block_1_65' title="bbox 2101 3179 3753 3296">
    <p class='ocr_par' dir='ltr' id='par_1_65' title="bbox 2107 3182 3753 3296">
     <span class='ocr_line' id='line_1_66' title="bbox 2107 3182 3753 3265; baseline 0.004 -27"><span class='ocrx_word' id='word_1_456' title='bbox 2107 3182 2386 3241; x_wconf 84' lang='grc' dir='ltr'>λύσουσιν.</span> <span class='ocrx_word' id='word_1_457' title='bbox 2437 3182 2499 3241; x_wconf 74' lang='grc' dir='ltr'>Εἴ</span> <span class='ocrx_word' id='word_1_458' title='bbox 2560 3182 2617 3239; x_wconf 76' lang='grc' dir='ltr'>δὲ</span> <span class='ocrx_word' id='word_1_459' title='bbox 2675 3185 2803 3261; x_wconf 82' lang='grc' dir='ltr'>ὁρᾷς</span> <span class='ocrx_word' id='word_1_460' title='bbox 2858 3185 3053 3250; x_wconf 73' lang='grc' dir='ltr'>αὐτοὺς</span> <span class='ocrx_word' id='word_1_461' title='bbox 3109 3186 3613 3265; x_wconf 71' lang='grc' dir='ltr'>ἐπικαρτεροῦντατ,</span> <span class='ocrx_word' id='word_1_462' title='bbox 3664 3191 3753 3245; x_wconf 87' lang='grc' dir='ltr'>καὶ</span> 
     </span>
     <span class='ocr_line' id='line_1_67' title="bbox 2109 3270 3372 3296; baseline 0 0"><span class='ocrx_word' id='word_1_463' title='bbox 2109 3273 2176 3296; x_wconf 55' lang='grc'><strong>-3</strong></span> <span class='ocrx_word' id='word_1_464' title='bbox 2206 3271 2499 3296; x_wconf 59' lang='grc' dir='ltr'>-.-Ί-----Ιμ</span> <span class='ocrx_word' id='word_1_465' title='bbox 2531 3270 2740 3296; x_wconf 28' lang='grc' dir='ltr'>2,..Α.ιγη</span> <span class='ocrx_word' id='word_1_466' title='bbox 2776 3294 2851 3296; x_wconf 31' lang='lat'>,7”</span> <span class='ocrx_word' id='word_1_467' title='bbox 3036 3275 3052 3296; x_wconf 63' lang='grc' dir='ltr'>ε</span> <span class='ocrx_word' id='word_1_468' title='bbox 3176 3275 3189 3295; x_wconf 59' lang='grc' dir='ltr'>ε</span> <span class='ocrx_word' id='word_1_469' title='bbox 3286 3273 3310 3296; x_wconf 66' lang='grc' dir='ltr'><strong><em>Ἰ</em></strong></span> <span class='ocrx_word' id='word_1_470' title='bbox 3348 3274 3372 3296; x_wconf 62' lang='grc' dir='ltr'>δ</span> 
     </span>
    </p>
   </div>
   <div class='ocr_carea' id='block_1_66' title="bbox 344 3268 1995 3345">
    <p class='ocr_par' dir='ltr' id='par_1_66' title="bbox 344 3268 1995 3345">
     <span class='ocr_line' id='line_1_68' title="bbox 344 3268 1995 3345; baseline -0.01 -6"><span class='ocrx_word' id='word_1_471' title='bbox 344 3283 653 3339; x_wconf 90' lang='lat' dir='ltr'>venienter</span> <span class='ocrx_word' id='word_1_472' title='bbox 705 3284 932 3335; x_wconf 62' lang='lat' dir='ltr'>natura;</span> <span class='ocrx_word' id='word_1_473' title='bbox 989 3276 1102 3332; x_wconf 90' lang='lat' dir='ltr'>loci</span> <span class='ocrx_word' id='word_1_474' title='bbox 1188 3271 1488 3345; x_wconf 90' lang='lat' dir='ltr'>equitibus</span> <span class='ocrx_word' id='word_1_475' title='bbox 1544 3268 1995 3341; x_wconf 85' lang='lat' dir='ltr'>interposueris,</span> 
     </span>
    </p>
   </div>
   <div class='ocr_carea' id='block_1_67' title="bbox 346 3357 1998 3440">
    <p class='ocr_par' dir='ltr' id='par_1_67' title="bbox 346 3357 1998 3440">
     <span class='ocr_line' id='line_1_69' title="bbox 346 3357 1998 3440; baseline -0.011 -12"><span class='ocrx_word' id='word_1_476' title='bbox 346 3372 591 3429; x_wconf 90' lang='lat' dir='ltr'>institue</span> <span class='ocrx_word' id='word_1_477' title='bbox 622 3374 803 3425; x_wconf 91' lang='lat' dir='ltr'>noctu</span> <span class='ocrx_word' id='word_1_478' title='bbox 832 3367 1129 3440; x_wconf 68' lang='lat' dir='ltr'>praelium,</span> <span class='ocrx_word' id='word_1_479' title='bbox 1153 3361 1655 3436; x_wconf 89' lang='lat' dir='ltr'>quemadmodum</span> <span class='ocrx_word' id='word_1_480' title='bbox 1673 3357 1998 3413; x_wconf 86' lang='lat' dir='ltr'>inferiusin</span> 
     </span>
    </p>
   </div>
   <div class='ocr_carea' id='block_1_68' title="bbox 349 3447 1998 3535">
    <p class='ocr_par' dir='ltr' id='par_1_68' title="bbox 349 3447 1998 3535">
     <span class='ocr_line' id='line_1_70' title="bbox 349 3447 1998 3535; baseline -0.012 -16"><span class='ocrx_word' id='word_1_481' title='bbox 349 3462 543 3535; x_wconf 89' lang='lat' dir='ltr'>capite</span> <span class='ocrx_word' id='word_1_482' title='bbox 590 3460 661 3515; x_wconf 92' lang='lat' dir='ltr'>de</span> <span class='ocrx_word' id='word_1_483' title='bbox 693 3456 1077 3514; x_wconf 88' lang='lat' dir='ltr'>dimicatione</span> <span class='ocrx_word' id='word_1_484' title='bbox 1115 3458 1365 3509; x_wconf 90' lang='lat' dir='ltr'>noctura</span> <span class='ocrx_word' id='word_1_485' title='bbox 1398 3447 1843 3506; x_wconf 86' lang='lat' dir='ltr'>demonstrabo.</span> <span class='ocrx_word' id='word_1_486' title='bbox 1878 3447 1998 3501; x_wconf 87' lang='lat' dir='ltr'>Hoc</span> 
     </span>
    </p>
   </div>
   <div class='ocr_carea' id='block_1_69' title="bbox 342 3535 1996 3619">
    <p class='ocr_par' dir='ltr' id='par_1_69' title="bbox 342 3535 1996 3619">
     <span class='ocr_line' id='line_1_71' title="bbox 342 3535 1996 3619; baseline -0.011 -12"><span class='ocrx_word' id='word_1_487' title='bbox 342 3552 521 3608; x_wconf 90' lang='lat' dir='ltr'>modo</span> <span class='ocrx_word' id='word_1_488' title='bbox 552 3550 787 3619; x_wconf 76' lang='lat' dir='ltr'>franges</span> <span class='ocrx_word' id='word_1_489' title='bbox 814 3546 1379 3618; x_wconf 88' lang='lat' dir='ltr'>illos,cogesque,ut</span> <span class='ocrx_word' id='word_1_490' title='bbox 1407 3539 1781 3596; x_wconf 88' lang='lat' dir='ltr'>obsidionem</span> <span class='ocrx_word' id='word_1_491' title='bbox 1795 3535 1996 3607; x_wconf 90' lang='lat' dir='ltr'>oppidi</span> 
     </span>
    </p>
   </div>
   <div class='ocr_carea' id='block_1_70' title="bbox 342 3624 1996 3707">
    <p class='ocr_par' dir='ltr' id='par_1_70' title="bbox 342 3624 1996 3707">
     <span class='ocr_line' id='line_1_72' title="bbox 342 3624 1996 3707; baseline -0.011 -11"><span class='ocrx_word' id='word_1_492' title='bbox 342 3642 640 3696; x_wconf 88' lang='lat' dir='ltr'>omittant.</span> <span class='ocrx_word' id='word_1_493' title='bbox 684 3636 741 3691; x_wconf 90' lang='lat' dir='ltr'>Si</span> <span class='ocrx_word' id='word_1_494' title='bbox 772 3652 890 3707; x_wconf 93' lang='lat' dir='ltr'>qua</span> <span class='ocrx_word' id='word_1_495' title='bbox 921 3640 1121 3689; x_wconf 90' lang='lat' dir='ltr'>tamen</span> <span class='ocrx_word' id='word_1_496' title='bbox 1152 3630 1390 3687; x_wconf 89' lang='lat' dir='ltr'>obsistit</span> <span class='ocrx_word' id='word_1_497' title='bbox 1418 3644 1616 3694; x_wconf 90' lang='lat' dir='ltr'>causa,</span> <span class='ocrx_word' id='word_1_498' title='bbox 1678 3624 1996 3697; x_wconf 89' lang='lat' dir='ltr'>quominus</span> 
     </span>
    </p>
   </div>
   <div class='ocr_carea' id='block_1_71' title="bbox 338 3714 1996 3800">
    <p class='ocr_par' dir='ltr' id='par_1_71' title="bbox 338 3714 1996 3800">
     <span class='ocr_line' id='line_1_73' title="bbox 338 3714 1996 3800; baseline -0.01 -17"><span class='ocrx_word' id='word_1_499' title='bbox 338 3728 616 3800; x_wconf 81' lang='lat' dir='ltr'>praelium</span> <span class='ocrx_word' id='word_1_500' title='bbox 639 3730 818 3779; x_wconf 89' lang='lat' dir='ltr'>noctu</span> <span class='ocrx_word' id='word_1_501' title='bbox 849 3723 974 3790; x_wconf 85' lang='lat' dir='ltr'>flat,</span> <span class='ocrx_word' id='word_1_502' title='bbox 1007 3720 1233 3776; x_wconf 91' lang='lat' dir='ltr'>obsessi</span> <span class='ocrx_word' id='word_1_503' title='bbox 1265 3724 1487 3787; x_wconf 86' lang='lat' dir='ltr'>autem,</span> <span class='ocrx_word' id='word_1_504' title='bbox 1534 3714 1802 3787; x_wconf 88' lang='lat' dir='ltr'>quamvis</span> <span class='ocrx_word' id='word_1_505' title='bbox 1833 3729 1996 3769; x_wconf 89' lang='lat' dir='ltr'>com-</span> 
     </span>
    </p>
   </div>
   <div class='ocr_carea' id='block_1_72' title="bbox 340 3801 1994 3881">
    <p class='ocr_par' dir='ltr' id='par_1_72' title="bbox 340 3801 1994 3881">
     <span class='ocr_line' id='line_1_74' title="bbox 340 3801 1994 3881; baseline -0.01 -9"><span class='ocrx_word' id='word_1_506' title='bbox 340 3820 541 3872; x_wconf 83' lang='lat' dir='ltr'>meatu</span> <span class='ocrx_word' id='word_1_507' title='bbox 568 3809 1134 3881; x_wconf 67' lang='lat' dir='ltr'>instructi,prmsidii</span> <span class='ocrx_word' id='word_1_508' title='bbox 1166 3808 1455 3879; x_wconf 78' lang='lat' dir='ltr'>indigent,</span> <span class='ocrx_word' id='word_1_509' title='bbox 1478 3808 1646 3875; x_wconf 88' lang='lat' dir='ltr'>potes</span> <span class='ocrx_word' id='word_1_510' title='bbox 1675 3802 1781 3857; x_wconf 91' lang='lat' dir='ltr'>illo</span> <span class='ocrx_word' id='word_1_511' title='bbox 1813 3801 1994 3857; x_wconf 91' lang='lat' dir='ltr'>modo</span> 
     </span>
    </p>
   </div>
   <div class='ocr_carea' id='block_1_73' title="bbox 340 3896 1990 3975">
    <p class='ocr_par' dir='ltr' id='par_1_73' title="bbox 340 3896 1990 3975">
     <span class='ocr_line' id='line_1_75' title="bbox 340 3896 1990 3975; baseline -0.007 -19"><span class='ocrx_word' id='word_1_512' title='bbox 340 3904 433 3959; x_wconf 86' lang='lat' dir='ltr'>vel</span> <span class='ocrx_word' id='word_1_513' title='bbox 462 3904 991 3975; x_wconf 75' lang='lat' dir='ltr'>propugnatorum,</span> <span class='ocrx_word' id='word_1_514' title='bbox 1041 3896 1155 3964; x_wconf 90' lang='lat' dir='ltr'>vel,</span> <span class='ocrx_word' id='word_1_515' title='bbox 1217 3896 1264 3951; x_wconf 92' lang='lat' dir='ltr'>si</span> <span class='ocrx_word' id='word_1_516' title='bbox 1322 3908 1563 3948; x_wconf 92' lang='lat' dir='ltr'>annona</span> <span class='ocrx_word' id='word_1_517' title='bbox 1618 3896 1990 3963; x_wconf 89' lang='lat' dir='ltr'>premuntur,</span> 
     </span>
    </p>
   </div>
   <div class='ocr_carea' id='block_1_74' title="bbox 341 3979 1992 4061">
    <p class='ocr_par' dir='ltr' id='par_1_74' title="bbox 341 3979 1992 4061">
     <span class='ocr_line' id='line_1_76' title="bbox 341 3979 1992 4061; baseline -0.01 -12"><span class='ocrx_word' id='word_1_518' title='bbox 341 3992 703 4049; x_wconf 89' lang='lat' dir='ltr'>cibariorum</span> <span class='ocrx_word' id='word_1_519' title='bbox 737 3988 1222 4061; x_wconf 89' lang='lat' dir='ltr'>supplementum</span> <span class='ocrx_word' id='word_1_520' title='bbox 1276 3981 1673 4038; x_wconf 89' lang='lat' dir='ltr'>introducere.</span> <span class='ocrx_word' id='word_1_521' title='bbox 1724 3979 1896 4037; x_wconf 91' lang='lat' dir='ltr'>Omni</span> <span class='ocrx_word' id='word_1_522' title='bbox 1928 3979 1992 4033; x_wconf 90' lang='lat' dir='ltr'>in</span> 
     </span>
    </p>
   </div>
   <div class='ocr_carea' id='block_1_75' title="bbox 334 4070 1989 4141">
    <p class='ocr_par' dir='ltr' id='par_1_75' title="bbox 334 4070 1989 4141">
     <span class='ocr_line' id='line_1_77' title="bbox 334 4070 1989 4141; baseline -0.01 0"><span class='ocrx_word' id='word_1_523' title='bbox 334 4100 523 4141; x_wconf 92' lang='lat' dir='ltr'>unum</span> <span class='ocrx_word' id='word_1_524' title='bbox 573 4082 771 4138; x_wconf 89' lang='lat' dir='ltr'>locum</span> <span class='ocrx_word' id='word_1_525' title='bbox 803 4083 1006 4137; x_wconf 79' lang='lat' dir='ltr'>coacto</span> <span class='ocrx_word' id='word_1_526' title='bbox 1048 4094 1116 4134; x_wconf 90' lang='lat' dir='ltr'>ac</span> <span class='ocrx_word' id='word_1_527' title='bbox 1160 4074 1437 4131; x_wconf 87' lang='lat' dir='ltr'>bifariam</span> <span class='ocrx_word' id='word_1_528' title='bbox 1486 4071 1675 4127; x_wconf 88' lang='lat' dir='ltr'>diviso</span> <span class='ocrx_word' id='word_1_529' title='bbox 1706 4070 1989 4138; x_wconf 82' lang='lat' dir='ltr'>exercitu,</span> 
     </span>
    </p>
   </div>
   <div class='ocr_carea' id='block_1_76' title="bbox 337 4161 1992 4245">
    <p class='ocr_par' dir='ltr' id='par_1_76' title="bbox 337 4161 1992 4245">
     <span class='ocr_line' id='line_1_78' title="bbox 337 4161 1992 4245; baseline -0.008 -16"><span class='ocrx_word' id='word_1_530' title='bbox 337 4172 673 4245; x_wconf 90' lang='lat' dir='ltr'>suscipiant</span> <span class='ocrx_word' id='word_1_531' title='bbox 702 4170 953 4226; x_wconf 90' lang='lat' dir='ltr'>alterius</span> <span class='ocrx_word' id='word_1_532' title='bbox 984 4167 1172 4240; x_wconf 90' lang='lat' dir='ltr'>partis</span> <span class='ocrx_word' id='word_1_533' title='bbox 1201 4164 1425 4220; x_wconf 89' lang='lat' dir='ltr'>milites</span> <span class='ocrx_word' id='word_1_534' title='bbox 1456 4161 1674 4235; x_wconf 84' lang='lat' dir='ltr'>singuli</span> <span class='ocrx_word' id='word_1_535' title='bbox 1704 4161 1766 4216; x_wconf 92' lang='lat' dir='ltr'>in</span> <span class='ocrx_word' id='word_1_536' title='bbox 1807 4176 1992 4232; x_wconf 90' lang='lat' dir='ltr'>equos</span> 
     </span>
    </p>
   </div>
   <div class='ocr_carea' id='block_1_77' title="bbox 340 4248 1991 4333">
    <p class='ocr_par' dir='ltr' id='par_1_77' title="bbox 340 4248 1991 4333">
     <span class='ocr_line' id='line_1_79' title="bbox 340 4248 1991 4333; baseline -0.009 -16"><span class='ocrx_word' id='word_1_537' title='bbox 340 4260 559 4333; x_wconf 91' lang='lat' dir='ltr'>quibus</span> <span class='ocrx_word' id='word_1_538' title='bbox 588 4259 887 4314; x_wconf 88' lang='lat' dir='ltr'>vehuntur</span> <span class='ocrx_word' id='word_1_539' title='bbox 916 4261 1237 4327; x_wconf 90' lang='lat' dir='ltr'>quaternos</span> <span class='ocrx_word' id='word_1_540' title='bbox 1277 4250 1509 4307; x_wconf 90' lang='lat' dir='ltr'>modios</span> <span class='ocrx_word' id='word_1_541' title='bbox 1552 4249 1856 4304; x_wconf 88' lang='lat' dir='ltr'>frumenti.</span> <span class='ocrx_word' id='word_1_542' title='bbox 1890 4248 1991 4303; x_wconf 87' lang='lat' dir='ltr'>His</span> 
     </span>
    </p>
   </div>
   <div class='ocr_carea' id='block_1_78' title="bbox 343 4338 1989 4416">
    <p class='ocr_par' dir='ltr' id='par_1_78' title="bbox 343 4338 1989 4416">
     <span class='ocr_line' id='line_1_80' title="bbox 343 4338 1989 4416; baseline -0.01 -9"><span class='ocrx_word' id='word_1_543' title='bbox 343 4350 633 4407; x_wconf 89' lang='lat' dir='ltr'>attribuas</span> <span class='ocrx_word' id='word_1_544' title='bbox 664 4348 817 4404; x_wconf 89' lang='lat' dir='ltr'>alios</span> <span class='ocrx_word' id='word_1_545' title='bbox 861 4344 1165 4416; x_wconf 87' lang='lat' dir='ltr'>expeditos</span> <span class='ocrx_word' id='word_1_546' title='bbox 1218 4342 1472 4413; x_wconf 89' lang='lat' dir='ltr'>equites,</span> <span class='ocrx_word' id='word_1_547' title='bbox 1522 4339 1677 4394; x_wconf 92' lang='lat' dir='ltr'>nihil</span> <span class='ocrx_word' id='word_1_548' title='bbox 1729 4338 1989 4393; x_wconf 87' lang='lat' dir='ltr'>ferentes</span> 
     </span>
    </p>
   </div>
   <div class='ocr_carea' id='block_1_79' title="bbox 341 4427 1986 4513">
    <p class='ocr_par' dir='ltr' id='par_1_79' title="bbox 341 4427 1986 4513">
     <span class='ocr_line' id='line_1_81' title="bbox 341 4427 1986 4513; baseline -0.007 -17"><span class='ocrx_word' id='word_1_549' title='bbox 341 4444 558 4513; x_wconf 60' lang='lat' dir='ltr'>printer</span> <span class='ocrx_word' id='word_1_550' title='bbox 588 4452 775 4503; x_wconf 88' lang='lat' dir='ltr'>arma,</span> <span class='ocrx_word' id='word_1_551' title='bbox 805 4436 906 4507; x_wconf 91' lang='lat' dir='ltr'>qui</span> <span class='ocrx_word' id='word_1_552' title='bbox 937 4435 1223 4490; x_wconf 84' lang='lat' dir='ltr'>duntaxat</span> <span class='ocrx_word' id='word_1_553' title='bbox 1273 4430 1478 4486; x_wconf 89' lang='lat' dir='ltr'>alteris</span> <span class='ocrx_word' id='word_1_554' title='bbox 1509 4427 1787 4501; x_wconf 77' lang='lat' dir='ltr'>praasidio</span> <span class='ocrx_word' id='word_1_555' title='bbox 1845 4427 1986 4484; x_wconf 89' lang='lat' dir='ltr'>sint.</span> 
     </span>
    </p>
   </div>
   <div class='ocr_carea' id='block_1_80' title="bbox 286 4514 1987 4596">
    <p class='ocr_par' dir='ltr' id='par_1_80' title="bbox 286 4514 1987 4596">
     <span class='ocr_line' id='line_1_82' title="bbox 286 4514 1987 4596; baseline -0.011 -10"><span class='ocrx_word' id='word_1_556' title='bbox 286 4528 287 4533; x_wconf 53' lang='grc'><em>“</em></span> <span class='ocrx_word' id='word_1_557' title='bbox 340 4531 423 4584; x_wconf 91' lang='lat' dir='ltr'>Tu</span> <span class='ocrx_word' id='word_1_558' title='bbox 452 4545 587 4584; x_wconf 91' lang='lat' dir='ltr'>vero</span> <span class='ocrx_word' id='word_1_559' title='bbox 620 4543 758 4583; x_wconf 89' lang='lat' dir='ltr'>cum</span> <span class='ocrx_word' id='word_1_560' title='bbox 790 4524 1020 4596; x_wconf 89' lang='lat' dir='ltr'>reliquo</span> <span class='ocrx_word' id='word_1_561' title='bbox 1050 4524 1276 4577; x_wconf 91' lang='lat' dir='ltr'>armato</span> <span class='ocrx_word' id='word_1_562' title='bbox 1307 4518 1567 4574; x_wconf 83' lang='lat' dir='ltr'>exercitu</span> <span class='ocrx_word' id='word_1_563' title='bbox 1597 4533 1667 4571; x_wconf 84' lang='lat' dir='ltr'>ex</span> <span class='ocrx_word' id='word_1_564' title='bbox 1694 4520 1859 4587; x_wconf 90' lang='lat' dir='ltr'>parte</span> <span class='ocrx_word' id='word_1_565' title='bbox 1897 4514 1987 4569; x_wconf 85' lang='lat' dir='ltr'>di-</span> 
     </span>
    </p>
   </div>
   <div class='ocr_carea' id='block_1_81' title="bbox 2105 3270 3756 3354">
    <p class='ocr_par' dir='ltr' id='par_1_81' title="bbox 2105 3270 3756 3354">
     <span class='ocr_line' id='line_1_83' title="bbox 2105 3270 3756 3354; baseline 0.004 -28"><span class='ocrx_word' id='word_1_566' title='bbox 2105 3273 2176 3344; x_wconf 77' lang='grc' dir='ltr'>τῇ</span> <span class='ocrx_word' id='word_1_567' title='bbox 2202 3271 2500 3348; x_wconf 83' lang='grc' dir='ltr'>πολιορκίᾳ</span> <span class='ocrx_word' id='word_1_568' title='bbox 2528 3270 2906 3346; x_wconf 71' lang='grc' dir='ltr'>ἰπιμὲνοντας,</span> <span class='ocrx_word' id='word_1_569' title='bbox 2962 3275 3054 3330; x_wconf 82' lang='grc' dir='ltr'>καὶ</span> <span class='ocrx_word' id='word_1_570' title='bbox 3109 3275 3235 3339; x_wconf 75' lang='grc' dir='ltr'>τοὺς</span> <span class='ocrx_word' id='word_1_571' title='bbox 3284 3273 3429 3332; x_wconf 74' lang='grc' dir='ltr'>ἔνδον</span> <span class='ocrx_word' id='word_1_572' title='bbox 3481 3298 3756 3354; x_wconf 81' lang='grc' dir='ltr'>στενοχω-</span> 
     </span>
    </p>
   </div>
   <div class='ocr_carea' id='block_1_82' title="bbox 2103 3356 3751 3439">
    <p class='ocr_par' dir='ltr' id='par_1_82' title="bbox 2103 3356 3751 3439">
     <span class='ocr_line' id='line_1_84' title="bbox 2103 3356 3751 3439; baseline 0.005 -25"><span class='ocrx_word' id='word_1_573' title='bbox 2103 3356 2423 3436; x_wconf 79' lang='grc' dir='ltr'>ρουμένους,</span> <span class='ocrx_word' id='word_1_574' title='bbox 2459 3357 2576 3417; x_wconf 73' lang='grc' dir='ltr'>δέον</span> <span class='ocrx_word' id='word_1_575' title='bbox 2632 3362 2724 3417; x_wconf 86' lang='grc' dir='ltr'>καὶ</span> <span class='ocrx_word' id='word_1_576' title='bbox 2778 3363 2915 3438; x_wconf 85' lang='grc' dir='ltr'>πρὸς</span> <span class='ocrx_word' id='word_1_577' title='bbox 2964 3362 3412 3437; x_wconf 78' lang='grc' dir='ltr'>νυκτοπολὲμους</span> <span class='ocrx_word' id='word_1_578' title='bbox 3467 3363 3751 3439; x_wconf 81' lang='grc' dir='ltr'>δημοσίως</span> 
     </span>
    </p>
   </div>
   <div class='ocr_carea' id='block_1_83' title="bbox 2104 3450 3755 3528">
    <p class='ocr_par' dir='ltr' id='par_1_83' title="bbox 2104 3450 3755 3528">
     <span class='ocr_line' id='line_1_85' title="bbox 2104 3450 3755 3528; baseline 0.004 -25"><span class='ocrx_word' id='word_1_579' title='bbox 2104 3456 2382 3524; x_wconf 87' lang='grc' dir='ltr'>χωρῆσαι,</span> <span class='ocrx_word' id='word_1_580' title='bbox 2431 3450 2656 3519; x_wconf 82' lang='grc' dir='ltr'>πεζικὸν</span> <span class='ocrx_word' id='word_1_581' title='bbox 2714 3453 3077 3528; x_wconf 84' lang='grc' dir='ltr'>συναγηοχὼς</span> <span class='ocrx_word' id='word_1_582' title='bbox 3132 3452 3441 3527; x_wconf 87' lang='grc' dir='ltr'>στράτευμα</span> <span class='ocrx_word' id='word_1_583' title='bbox 3494 3456 3609 3528; x_wconf 70' lang='grc' dir='ltr'>ἅμα</span> <span class='ocrx_word' id='word_1_584' title='bbox 3661 3456 3755 3510; x_wconf 76' lang='grc' dir='ltr'>ἱπ-</span> 
     </span>
    </p>
   </div>
   <div class='ocr_carea' id='block_1_84' title="bbox 2100 3539 3752 3615">
    <p class='ocr_par' dir='ltr' id='par_1_84' title="bbox 2100 3539 3752 3615">
     <span class='ocr_line' id='line_1_86' title="bbox 2100 3539 3752 3615; baseline 0.004 -23"><span class='ocrx_word' id='word_1_585' title='bbox 2100 3541 2308 3593; x_wconf 73' lang='grc' dir='ltr'>πεῦσινο</span> <span class='ocrx_word' id='word_1_586' title='bbox 2345 3539 2414 3595; x_wconf 86' lang='grc' dir='ltr'>’Ὀ</span> <span class='ocrx_word' id='word_1_587' title='bbox 2473 3539 2825 3615; x_wconf 83' lang='grc' dir='ltr'>ἁρμοζόντως</span> <span class='ocrx_word' id='word_1_588' title='bbox 2880 3540 3016 3595; x_wconf 80' lang='grc' dir='ltr'>κατὰ</span> <span class='ocrx_word' id='word_1_589' title='bbox 3072 3542 3169 3611; x_wconf 77' lang='grc' dir='ltr'>τὴν</span> <span class='ocrx_word' id='word_1_590' title='bbox 3225 3546 3323 3597; x_wconf 78' lang='grc' dir='ltr'>τοῦ</span> <span class='ocrx_word' id='word_1_591' title='bbox 3377 3542 3550 3600; x_wconf 88' lang='grc' dir='ltr'>τόπου</span> <span class='ocrx_word' id='word_1_592' title='bbox 3605 3544 3752 3608; x_wconf 78' lang='grc' dir='ltr'>θὲσιν</span> 
     </span>
    </p>
   </div>
   <div class='ocr_carea' id='block_1_85' title="bbox 2099 3626 3759 3711">
    <p class='ocr_par' dir='ltr' id='par_1_85' title="bbox 2099 3626 3759 3711">
     <span class='ocr_line' id='line_1_87' title="bbox 2099 3626 3759 3711; baseline 0.005 -30"><span class='ocrx_word' id='word_1_593' title='bbox 2099 3626 2316 3689; x_wconf 89' lang='grc' dir='ltr'>τούτοις</span> <span class='ocrx_word' id='word_1_594' title='bbox 2367 3626 2783 3701; x_wconf 81' lang='grc' dir='ltr'>συνταξάμενος,</span> <span class='ocrx_word' id='word_1_595' title='bbox 2834 3628 2928 3684; x_wconf 85' lang='grc' dir='ltr'>τὸν</span> <span class='ocrx_word' id='word_1_596' title='bbox 2975 3628 3029 3685; x_wconf 78' lang='grc' dir='ltr'>ἐν</span> <span class='ocrx_word' id='word_1_597' title='bbox 3087 3632 3237 3685; x_wconf 84' lang='grc' dir='ltr'>νυκτὶ</span> <span class='ocrx_word' id='word_1_598' title='bbox 3281 3632 3528 3706; x_wconf 83' lang='grc' dir='ltr'>πολεμον</span> <span class='ocrx_word' id='word_1_599' title='bbox 3576 3654 3759 3711; x_wconf 86' lang='grc' dir='ltr'>παρα-</span> 
     </span>
    </p>
   </div>
   <div class='ocr_carea' id='block_1_86' title="bbox 2102 3715 3746 3798">
    <p class='ocr_par' dir='ltr' id='par_1_86' title="bbox 2102 3715 3746 3798">
     <span class='ocr_line' id='line_1_88' title="bbox 2102 3715 3746 3798; baseline 0.005 -30"><span class='ocrx_word' id='word_1_600' title='bbox 2102 3715 2379 3780; x_wconf 89' lang='grc' dir='ltr'>σκευάσεις</span> <span class='ocrx_word' id='word_1_601' title='bbox 2461 3715 2727 3793; x_wconf 73' lang='grc' dir='ltr'>γενέσθαι,</span> <span class='ocrx_word' id='word_1_602' title='bbox 2804 3718 2985 3782; x_wconf 91' lang='grc' dir='ltr'>καθὼς</span> <span class='ocrx_word' id='word_1_603' title='bbox 3050 3720 3398 3795; x_wconf 85' lang='grc' dir='ltr'>παρακατιὼν</span> <span class='ocrx_word' id='word_1_604' title='bbox 3453 3723 3579 3798; x_wconf 78' lang='grc' dir='ltr'>περὶ</span> <span class='ocrx_word' id='word_1_605' title='bbox 3650 3743 3746 3777; x_wconf 85' lang='grc' dir='ltr'>νυ-</span> 
     </span>
    </p>
   </div>
   <div class='ocr_carea' id='block_1_87' title="bbox 2099 3801 3754 3888">
    <p class='ocr_par' dir='ltr' id='par_1_87' title="bbox 2099 3801 3754 3888">
     <span class='ocr_line' id='line_1_89' title="bbox 2099 3801 3754 3888; baseline 0.007 -31"><span class='ocrx_word' id='word_1_606' title='bbox 2099 3802 2451 3877; x_wconf 74' lang='grc' dir='ltr'>κτοπολὲμου</span> <span class='ocrx_word' id='word_1_607' title='bbox 2483 3801 2745 3875; x_wconf 83' lang='grc' dir='ltr'>δηλώσω.</span> <span class='ocrx_word' id='word_1_608' title='bbox 2779 3804 2883 3864; x_wconf 85' lang='grc' dir='ltr'>Καὶ</span> <span class='ocrx_word' id='word_1_609' title='bbox 2912 3805 3093 3880; x_wconf 88' lang='grc' dir='ltr'>τούτῳ</span> <span class='ocrx_word' id='word_1_610' title='bbox 3140 3812 3220 3881; x_wconf 79' lang='grc' dir='ltr'>τῷ</span> <span class='ocrx_word' id='word_1_611' title='bbox 3266 3810 3458 3885; x_wconf 83' lang='grc' dir='ltr'>τρόπῳ</span> <span class='ocrx_word' id='word_1_612' title='bbox 3498 3831 3754 3888; x_wconf 82' lang='grc' dir='ltr'>καταγω-</span> 
     </span>
    </p>
   </div>
   <div class='ocr_carea' id='block_1_88' title="bbox 2098 3891 3751 3976">
    <p class='ocr_par' dir='ltr' id='par_1_88' title="bbox 2098 3891 3751 3976">
     <span class='ocr_line' id='line_1_90' title="bbox 2098 3891 3751 3976; baseline 0.006 -30"><span class='ocrx_word' id='word_1_613' title='bbox 2098 3891 2216 3966; x_wconf 81' lang='grc' dir='ltr'>νίσῃ</span> <span class='ocrx_word' id='word_1_614' title='bbox 2273 3892 2489 3964; x_wconf 78' lang='grc' dir='ltr'>αὐτοὺς,</span> <span class='ocrx_word' id='word_1_615' title='bbox 2582 3894 2673 3948; x_wconf 78' lang='grc' dir='ltr'>καὶ</span> <span class='ocrx_word' id='word_1_616' title='bbox 2755 3895 3074 3971; x_wconf 82' lang='grc' dir='ltr'>ἀναγκάσεις</span> <span class='ocrx_word' id='word_1_617' title='bbox 3152 3897 3252 3966; x_wconf 77' lang='grc' dir='ltr'>τὴν</span> <span class='ocrx_word' id='word_1_618' title='bbox 3335 3902 3434 3953; x_wconf 77' lang='grc' dir='ltr'>τοῦ</span> <span class='ocrx_word' id='word_1_619' title='bbox 3515 3900 3751 3976; x_wconf 84' lang='grc' dir='ltr'>κάστρου</span> 
     </span>
    </p>
   </div>
   <div class='ocr_carea' id='block_1_89' title="bbox 2098 3978 3752 4057">
    <p class='ocr_par' dir='ltr' id='par_1_89' title="bbox 2098 3978 3752 4057">
     <span class='ocr_line' id='line_1_91' title="bbox 2098 3978 3752 4057; baseline 0.007 -22"><span class='ocrx_word' id='word_1_620' title='bbox 2098 3978 2426 4056; x_wconf 81' lang='grc' dir='ltr'>πολιορκίαν</span> <span class='ocrx_word' id='word_1_621' title='bbox 2458 3980 2661 4039; x_wconf 88' lang='grc' dir='ltr'>λιπεῖν.</span> <span class='ocrx_word' id='word_1_622' title='bbox 2696 3982 2761 4041; x_wconf 79' lang='grc' dir='ltr'><strong>Εἰ</strong></span> <span class='ocrx_word' id='word_1_623' title='bbox 2812 3981 2870 4040; x_wconf 80' lang='grc' dir='ltr'><strong>δέ</strong></span> <span class='ocrx_word' id='word_1_624' title='bbox 2913 4006 2999 4049; x_wconf 89' lang='grc' dir='ltr'>τις</span> <span class='ocrx_word' id='word_1_625' title='bbox 3056 3984 3204 4041; x_wconf 76' lang='grc' dir='ltr'>αῗτία</span> <span class='ocrx_word' id='word_1_626' title='bbox 3256 3987 3349 4042; x_wconf 85' lang='grc' dir='ltr'>τὸν</span> <span class='ocrx_word' id='word_1_627' title='bbox 3407 3990 3511 4057; x_wconf 79' lang='grc' dir='ltr'>τῆς</span> <span class='ocrx_word' id='word_1_628' title='bbox 3560 3990 3752 4052; x_wconf 82' lang='grc' dir='ltr'>νυκτὸς</span> 
     </span>
    </p>
   </div>
   <div class='ocr_carea' id='block_1_90' title="bbox 2096 4068 3753 4154">
    <p class='ocr_par' dir='ltr' id='par_1_90' title="bbox 2096 4068 3753 4154">
     <span class='ocr_line' id='line_1_92' title="bbox 2096 4068 3753 4154; baseline 0.004 -28"><span class='ocrx_word' id='word_1_629' title='bbox 2096 4069 2345 4144; x_wconf 89' lang='grc' dir='ltr'>πόλεμον</span> <span class='ocrx_word' id='word_1_630' title='bbox 2402 4068 2737 4147; x_wconf 78' lang='grc' dir='ltr'>διακωλύσῃ,</span> <span class='ocrx_word' id='word_1_631' title='bbox 2796 4072 2887 4129; x_wconf 81' lang='grc' dir='ltr'>καί</span> <span class='ocrx_word' id='word_1_632' title='bbox 2945 4076 2998 4131; x_wconf 74' lang='grc' dir='ltr'>οἱ</span> <span class='ocrx_word' id='word_1_633' title='bbox 3055 4070 3209 4133; x_wconf 76' lang='grc' dir='ltr'>ἔνδον</span> <span class='ocrx_word' id='word_1_634' title='bbox 3286 4075 3753 4154; x_wconf 86' lang='grc' dir='ltr'>πολιορκούμενοι</span> 
     </span>
    </p>
   </div>
   <div class='ocr_carea' id='block_1_91' title="bbox 2098 4156 3751 4241">
    <p class='ocr_par' dir='ltr' id='par_1_91' title="bbox 2098 4156 3751 4241">
     <span class='ocr_line' id='line_1_93' title="bbox 2098 4156 3751 4241; baseline 0.005 -27"><span class='ocrx_word' id='word_1_635' title='bbox 2098 4156 2295 4221; x_wconf 78' lang='grc' dir='ltr'>ἐνδεεῖς</span> <span class='ocrx_word' id='word_1_636' title='bbox 2326 4158 2462 4215; x_wconf 80' lang='grc' dir='ltr'>λαοῦ</span> <span class='ocrx_word' id='word_1_637' title='bbox 2492 4164 2591 4215; x_wconf 79' lang='grc' dir='ltr'>τοῦ</span> <span class='ocrx_word' id='word_1_638' title='bbox 2621 4161 2951 4236; x_wconf 81' lang='grc' dir='ltr'>βοηθοῦντός</span> <span class='ocrx_word' id='word_1_639' title='bbox 3006 4164 3133 4236; x_wconf 80' lang='grc' dir='ltr'>εἱσι,</span> <span class='ocrx_word' id='word_1_640' title='bbox 3184 4170 3402 4241; x_wconf 80' lang='grc' dir='ltr'>τροφῶν</span> <span class='ocrx_word' id='word_1_641' title='bbox 3456 4164 3513 4222; x_wconf 74' lang='grc' dir='ltr'>δὶ</span> <span class='ocrx_word' id='word_1_642' title='bbox 3560 4169 3751 4223; x_wconf 89' lang='grc' dir='ltr'>σπάνιν</span> 
     </span>
    </p>
   </div>
   <div class='ocr_carea' id='block_1_92' title="bbox 2097 4246 3749 4333">
    <p class='ocr_par' dir='ltr' id='par_1_92' title="bbox 2097 4246 3749 4333">
     <span class='ocr_line' id='line_1_94' title="bbox 2097 4246 3749 4333; baseline 0.005 -29"><span class='ocrx_word' id='word_1_643' title='bbox 2097 4249 2197 4305; x_wconf 85' lang='grc' dir='ltr'>οὐκ</span> <span class='ocrx_word' id='word_1_644' title='bbox 2226 4246 2440 4324; x_wconf 81' lang='grc' dir='ltr'>ἔχουσι,</span> <span class='ocrx_word' id='word_1_645' title='bbox 2496 4247 2702 4322; x_wconf 79' lang='grc' dir='ltr'>δυνήσᾳ</span> <span class='ocrx_word' id='word_1_646' title='bbox 2755 4252 2848 4307; x_wconf 84' lang='grc' dir='ltr'>καὶ</span> <span class='ocrx_word' id='word_1_647' title='bbox 2914 4252 3108 4329; x_wconf 74' lang='grc' dir='ltr'>ὲτὲρων</span> <span class='ocrx_word' id='word_1_648' title='bbox 3160 4252 3371 4332; x_wconf 77' lang='grc' dir='ltr'>ἀνδρῶν</span> <span class='ocrx_word' id='word_1_649' title='bbox 3428 4259 3749 4333; x_wconf 80' lang='grc' dir='ltr'>προσθήκην</span> 
     </span>
    </p>
   </div>
   <div class='ocr_carea' id='block_1_93' title="bbox 2094 4336 3749 4421">
    <p class='ocr_par' dir='ltr' id='par_1_93' title="bbox 2094 4336 3749 4421">
     <span class='ocr_line' id='line_1_95' title="bbox 2094 4336 3749 4421; baseline 0.005 -28"><span class='ocrx_word' id='word_1_650' title='bbox 2094 4336 2404 4415; x_wconf 77' lang='grc' dir='ltr'>ἐπαγαγεῖν,</span> <span class='ocrx_word' id='word_1_651' title='bbox 2446 4336 2627 4414; x_wconf 83' lang='grc' dir='ltr'>ὥσπερ</span> <span class='ocrx_word' id='word_1_652' title='bbox 2684 4340 2778 4394; x_wconf 86' lang='grc' dir='ltr'>καὶ</span> <span class='ocrx_word' id='word_1_653' title='bbox 2835 4344 3066 4420; x_wconf 77' lang='grc' dir='ltr'>τροφῆς,</span> <span class='ocrx_word' id='word_1_654' title='bbox 3123 4342 3178 4398; x_wconf 82' lang='grc' dir='ltr'>εἷ’</span> <span class='ocrx_word' id='word_1_655' title='bbox 3222 4365 3284 4421; x_wconf 90' lang='grc' dir='ltr'>γε</span> <span class='ocrx_word' id='word_1_656' title='bbox 3343 4342 3563 4416; x_wconf 65' lang='grc' dir='ltr'>ἐνδεεῖς,</span> <span class='ocrx_word' id='word_1_657' title='bbox 3624 4348 3749 4419; x_wconf 77' lang='grc' dir='ltr'>εἷεν,</span> 
     </span>
    </p>
   </div>
   <div class='ocr_carea' id='block_1_94' title="bbox 2092 4424 3745 4508">
    <p class='ocr_par' dir='ltr' id='par_1_94' title="bbox 2092 4424 3745 4508">
     <span class='ocr_line' id='line_1_96' title="bbox 2092 4424 3745 4508; baseline 0.007 -28"><span class='ocrx_word' id='word_1_658' title='bbox 2092 4426 2284 4502; x_wconf 86' lang='grc' dir='ltr'>τρόπῳ</span> <span class='ocrx_word' id='word_1_659' title='bbox 2320 4424 2541 4499; x_wconf 79' lang='grc' dir='ltr'>τοιῶδε·</span> <span class='ocrx_word' id='word_1_660' title='bbox 2577 4430 2662 4501; x_wconf 84' lang='grc' dir='ltr'>[Ρ.</span> <span class='ocrx_word' id='word_1_661' title='bbox 2699 4429 2824 4497; x_wconf 70' lang='grc'>4601</span> <span class='ocrx_word' id='word_1_662' title='bbox 2857 4432 3179 4508; x_wconf 81' lang='grc' dir='ltr'>Συναγαγὼν</span> <span class='ocrx_word' id='word_1_663' title='bbox 3237 4433 3378 4489; x_wconf 79' lang='grc' dir='ltr'>ἅπαν</span> <span class='ocrx_word' id='word_1_664' title='bbox 3423 4434 3487 4490; x_wconf 83' lang='grc' dir='ltr'>τὸ</span> <span class='ocrx_word' id='word_1_665' title='bbox 3535 4435 3639 4490; x_wconf 81' lang='grc' dir='ltr'>ὑπὸ</span> <span class='ocrx_word' id='word_1_666' title='bbox 3685 4436 3745 4490; x_wconf 76' lang='grc' dir='ltr'>σὶ</span> 
     </span>
    </p>
   </div>
   <div class='ocr_carea' id='block_1_95' title="bbox 2095 4513 3750 4597">
    <p class='ocr_par' dir='ltr' id='par_1_95' title="bbox 2095 4513 3750 4597">
     <span class='ocr_line' id='line_1_97' title="bbox 2095 4513 3750 4597; baseline 0.006 -28"><span class='ocrx_word' id='word_1_667' title='bbox 2095 4516 2401 4590; x_wconf 77' lang='grc' dir='ltr'>στράτευμα</span> <span class='ocrx_word' id='word_1_668' title='bbox 2429 4514 2520 4571; x_wconf 88' lang='grc' dir='ltr'>καὶ</span> <span class='ocrx_word' id='word_1_669' title='bbox 2578 4513 2711 4593; x_wconf 87' lang='grc' dir='ltr'>διχῆ</span> <span class='ocrx_word' id='word_1_670' title='bbox 2776 4516 2971 4581; x_wconf 76' lang='grc' dir='ltr'>αὐτοὺς</span> <span class='ocrx_word' id='word_1_671' title='bbox 3030 4517 3248 4590; x_wconf 88' lang='grc' dir='ltr'>διελὼν,</span> <span class='ocrx_word' id='word_1_672' title='bbox 3281 4522 3335 4577; x_wconf 71' lang='grc' dir='ltr'>οἱ</span> <span class='ocrx_word' id='word_1_673' title='bbox 3378 4523 3473 4596; x_wconf 79' lang='grc' dir='ltr'>μὶν</span> <span class='ocrx_word' id='word_1_674' title='bbox 3530 4522 3750 4597; x_wconf 78' lang='grc' dir='ltr'>ἡμίσεις</span> 
     </span>
    </p>
   </div>
   <div class='ocr_carea' id='block_1_96' title="bbox 339 4599 1993 4685">
    <p class='ocr_par' dir='ltr' id='par_1_96' title="bbox 339 4602 1987 4681">
     <span class='ocr_line' id='line_1_98' title="bbox 339 4602 1987 4681; baseline -0.008 -10"><span class='ocrx_word' id='word_1_675' title='bbox 339 4634 509 4674; x_wconf 90' lang='lat' dir='ltr'>versa</span> <span class='ocrx_word' id='word_1_676' title='bbox 538 4616 746 4673; x_wconf 89' lang='lat' dir='ltr'>eadem</span> <span class='ocrx_word' id='word_1_677' title='bbox 805 4615 973 4678; x_wconf 91' lang='lat' dir='ltr'>hora,</span> <span class='ocrx_word' id='word_1_678' title='bbox 1027 4627 1142 4681; x_wconf 91' lang='lat' dir='ltr'>qua</span> <span class='ocrx_word' id='word_1_679' title='bbox 1192 4606 1564 4663; x_wconf 86' lang='lat' dir='ltr'>frumentarii</span> <span class='ocrx_word' id='word_1_680' title='bbox 1618 4604 1861 4677; x_wconf 81' lang='lat' dir='ltr'>prapius</span> <span class='ocrx_word' id='word_1_681' title='bbox 1912 4602 1987 4658; x_wconf 89' lang='lat' dir='ltr'>ad</span> 
     </span>
    </p>
   </div>
   <div class='ocr_carea' id='block_1_97' title="bbox 2101 4599 3750 4685">
    <p class='ocr_par' dir='ltr' id='par_1_97' title="bbox 2101 4600 3750 4685">
     <span class='ocr_line' id='line_1_99' title="bbox 2101 4600 3750 4685; baseline 0.005 -24"><span class='ocrx_word' id='word_1_682' title='bbox 2101 4604 2298 4661; x_wconf 77' lang='grc' dir='ltr'>τούτων</span> <span class='ocrx_word' id='word_1_683' title='bbox 2327 4600 2746 4662; x_wconf 72' lang='grc' dir='ltr'>ἀναλαϐιτωσαν</span> <span class='ocrx_word' id='word_1_684' title='bbox 2779 4613 2965 4671; x_wconf 86' lang='grc' dir='ltr'>καθεῖς</span> <span class='ocrx_word' id='word_1_685' title='bbox 2997 4609 3101 4665; x_wconf 87' lang='grc' dir='ltr'><strong>ἀνὰ</strong></span> <span class='ocrx_word' id='word_1_686' title='bbox 3139 4611 3291 4666; x_wconf 87' lang='grc' dir='ltr'>σίτου</span> <span class='ocrx_word' id='word_1_687' title='bbox 3345 4610 3577 4685; x_wconf 88' lang='grc' dir='ltr'>μοδίους</span> <span class='ocrx_word' id='word_1_688' title='bbox 3628 4613 3750 4669; x_wconf 77' lang='grc' dir='ltr'>τὲσ-</span> 
     </span>
    </p>
   </div>
   <div class='ocr_carea' id='block_1_98' title="bbox 340 4695 1983 4779">
    <p class='ocr_par' dir='ltr' id='par_1_98' title="bbox 340 4695 1983 4779">
     <span class='ocr_line' id='line_1_100' title="bbox 340 4695 1983 4779; baseline -0.01 -17"><span class='ocrx_word' id='word_1_689' title='bbox 340 4707 625 4779; x_wconf 82' lang='lat' dir='ltr'>Oppidum</span> <span class='ocrx_word' id='word_1_690' title='bbox 655 4702 952 4761; x_wconf 88' lang='lat' dir='ltr'>accessuri</span> <span class='ocrx_word' id='word_1_691' title='bbox 984 4699 1306 4767; x_wconf 89' lang='lat' dir='ltr'>sunt,circa</span> <span class='ocrx_word' id='word_1_692' title='bbox 1333 4695 1593 4752; x_wconf 90' lang='lat' dir='ltr'>mediam</span> <span class='ocrx_word' id='word_1_693' title='bbox 1623 4697 1859 4749; x_wconf 88' lang='lat' dir='ltr'>noctem</span> <span class='ocrx_word' id='word_1_694' title='bbox 1891 4709 1983 4748; x_wconf 90' lang='lat' dir='ltr'>re-</span> 
     </span>
    </p>
   </div>
   <div class='ocr_carea' id='block_1_99' title="bbox 339 4786 1987 4868">
    <p class='ocr_par' dir='ltr' id='par_1_99' title="bbox 339 4786 1987 4868">
     <span class='ocr_line' id='line_1_101' title="bbox 339 4786 1987 4868; baseline -0.01 -16"><span class='ocrx_word' id='word_1_695' title='bbox 339 4801 518 4868; x_wconf 89' lang='lat' dir='ltr'>pente</span> <span class='ocrx_word' id='word_1_696' title='bbox 550 4794 705 4851; x_wconf 67' lang='lat'><strong>248</strong></span> <span class='ocrx_word' id='word_1_697' title='bbox 750 4809 884 4848; x_wconf 89' lang='lat' dir='ltr'>cum</span> <span class='ocrx_word' id='word_1_698' title='bbox 931 4790 1186 4846; x_wconf 87' lang='lat' dir='ltr'>clamore</span> <span class='ocrx_word' id='word_1_699' title='bbox 1240 4786 1636 4856; x_wconf 89' lang='lat' dir='ltr'>tubarumque</span> <span class='ocrx_word' id='word_1_700' title='bbox 1696 4786 1987 4838; x_wconf 92' lang='lat' dir='ltr'>concentu</span> 
     </span>
    </p>
   </div>
   <div class='ocr_carea' id='block_1_100' title="bbox 344 4873 1984 4955">
    <p class='ocr_par' dir='ltr' id='par_1_100' title="bbox 344 4873 1984 4955">
     <span class='ocr_line' id='line_1_102' title="bbox 344 4873 1984 4955; baseline -0.007 -15"><span class='ocrx_word' id='word_1_701' title='bbox 344 4900 586 4955; x_wconf 87' lang='lat' dir='ltr'>appare,</span> <span class='ocrx_word' id='word_1_702' title='bbox 620 4883 787 4954; x_wconf 90' lang='lat' dir='ltr'>quasi</span> <span class='ocrx_word' id='word_1_703' title='bbox 812 4881 1062 4953; x_wconf 84' lang='lat' dir='ltr'>jamjam</span> <span class='ocrx_word' id='word_1_704' title='bbox 1093 4877 1364 4950; x_wconf 57' lang='lat' dir='ltr'>praelium</span> <span class='ocrx_word' id='word_1_705' title='bbox 1397 4873 1844 4930; x_wconf 89' lang='lat' dir='ltr'>commissurus.</span> <span class='ocrx_word' id='word_1_706' title='bbox 1880 4873 1984 4939; x_wconf 88' lang='lat' dir='ltr'>Ita,</span> 
     </span>
    </p>
   </div>
   <div class='ocr_carea' id='block_1_101' title="bbox 344 4965 1984 5035">
    <p class='ocr_par' dir='ltr' id='par_1_101' title="bbox 344 4965 1984 5035">
     <span class='ocr_line' id='line_1_103' title="bbox 344 4965 1984 5035; baseline -0.008 -6"><span class='ocrx_word' id='word_1_707' title='bbox 344 4973 489 5029; x_wconf 90' lang='lat' dir='ltr'>dum</span> <span class='ocrx_word' id='word_1_708' title='bbox 514 4973 713 5026; x_wconf 90' lang='lat' dir='ltr'>hostes</span> <span class='ocrx_word' id='word_1_709' title='bbox 735 4970 808 5026; x_wconf 88' lang='lat' dir='ltr'>ad</span> <span class='ocrx_word' id='word_1_710' title='bbox 822 4968 1267 5026; x_wconf 90' lang='lat' dir='ltr'>dimicationem</span> <span class='ocrx_word' id='word_1_711' title='bbox 1288 4965 1567 5021; x_wconf 88' lang='lat' dir='ltr'>adversus</span> <span class='ocrx_word' id='word_1_712' title='bbox 1584 4967 1641 5018; x_wconf 91' lang='lat' dir='ltr'>te</span> <span class='ocrx_word' id='word_1_713' title='bbox 1664 4980 1725 5018; x_wconf 90' lang='lat' dir='ltr'>se</span> <span class='ocrx_word' id='word_1_714' title='bbox 1750 4967 1984 5035; x_wconf 90' lang='lat' dir='ltr'>parant,</span> 
     </span>
    </p>
   </div>
   <div class='ocr_carea' id='block_1_102' title="bbox 346 5054 1989 5134">
    <p class='ocr_par' dir='ltr' id='par_1_102' title="bbox 346 5054 1989 5134">
     <span class='ocr_line' id='line_1_104' title="bbox 346 5054 1989 5134; baseline -0.007 -16"><span class='ocrx_word' id='word_1_715' title='bbox 346 5062 573 5134; x_wconf 90' lang='lat' dir='ltr'>tibique</span> <span class='ocrx_word' id='word_1_716' title='bbox 596 5060 828 5117; x_wconf 90' lang='lat' dir='ltr'>obviam</span> <span class='ocrx_word' id='word_1_717' title='bbox 851 5063 1193 5132; x_wconf 90' lang='lat' dir='ltr'>properant,</span> <span class='ocrx_word' id='word_1_718' title='bbox 1225 5055 1326 5128; x_wconf 92' lang='lat' dir='ltr'>qui</span> <span class='ocrx_word' id='word_1_719' title='bbox 1346 5054 1713 5109; x_wconf 86' lang='lat' dir='ltr'>frumentum</span> <span class='ocrx_word' id='word_1_720' title='bbox 1755 5057 1989 5125; x_wconf 80' lang='lat' dir='ltr'>gestant</span> 
     </span>
    </p>
   </div>
   <div class='ocr_carea' id='block_1_103' title="bbox 338 5142 1988 5225">
    <p class='ocr_par' dir='ltr' id='par_1_103' title="bbox 338 5142 1988 5225">
     <span class='ocr_line' id='line_1_105' title="bbox 338 5142 1988 5225; baseline -0.006 -17"><span class='ocrx_word' id='word_1_721' title='bbox 338 5152 688 5225; x_wconf 83' lang='lat' dir='ltr'>facultatem</span> <span class='ocrx_word' id='word_1_722' title='bbox 719 5149 877 5205; x_wconf 90' lang='lat' dir='ltr'>nacti</span> <span class='ocrx_word' id='word_1_723' title='bbox 909 5147 969 5203; x_wconf 92' lang='lat' dir='ltr'>id</span> <span class='ocrx_word' id='word_1_724' title='bbox 999 5145 1407 5219; x_wconf 87' lang='lat' dir='ltr'>importabunt</span> <span class='ocrx_word' id='word_1_725' title='bbox 1452 5143 1514 5225; x_wconf 85' lang='lat' dir='ltr'>in</span> <span class='ocrx_word' id='word_1_726' title='bbox 1573 5142 1879 5215; x_wconf 91' lang='lat' dir='ltr'>oppidum,</span> <span class='ocrx_word' id='word_1_727' title='bbox 1929 5147 1988 5198; x_wconf 91' lang='lat' dir='ltr'>et</span> 
     </span>
    </p>
   </div>
   <div class='ocr_carea' id='block_1_104' title="bbox 342 5222 1987 5310">
    <p class='ocr_par' dir='ltr' id='par_1_104' title="bbox 342 5222 1987 5310">
     <span class='ocr_line' id='line_1_106' title="bbox 342 5222 1987 5310; baseline -0.009 -10"><span class='ocrx_word' id='word_1_728' title='bbox 342 5242 675 5300; x_wconf 87' lang='lat' dir='ltr'>incolumes</span> <span class='ocrx_word' id='word_1_729' title='bbox 697 5243 1083 5297; x_wconf 86' lang='lat' dir='ltr'>revertentur.</span> <span class='ocrx_word' id='word_1_730' title='bbox 1103 5233 1410 5310; x_wconf 88' lang='lat' dir='ltr'>Ejusmodi</span> <span class='ocrx_word' id='word_1_731' title='bbox 1430 5222 1767 5289; x_wconf 89' lang='lat' dir='ltr'>commento</span> <span class='ocrx_word' id='word_1_732' title='bbox 1782 5239 1987 5305; x_wconf 89' lang='lat' dir='ltr'>etpro-</span> 
     </span>
    </p>
   </div>
   <div class='ocr_carea' id='block_1_105' title="bbox 341 5323 1986 5407">
    <p class='ocr_par' dir='ltr' id='par_1_105' title="bbox 341 5323 1986 5407">
     <span class='ocr_line' id='line_1_107' title="bbox 341 5323 1986 5407; baseline -0.009 -17"><span class='ocrx_word' id='word_1_733' title='bbox 341 5337 739 5407; x_wconf 85' lang='lat' dir='ltr'>pugnatorum</span> <span class='ocrx_word' id='word_1_734' title='bbox 763 5328 1259 5393; x_wconf 89' lang='lat' dir='ltr'>additamentum,</span> <span class='ocrx_word' id='word_1_735' title='bbox 1290 5329 1351 5381; x_wconf 91' lang='lat' dir='ltr'>et</span> <span class='ocrx_word' id='word_1_736' title='bbox 1370 5328 1759 5391; x_wconf 88' lang='lat' dir='ltr'>commeatus,</span> <span class='ocrx_word' id='word_1_737' title='bbox 1791 5323 1839 5379; x_wconf 88' lang='lat' dir='ltr'>si</span> <span class='ocrx_word' id='word_1_738' title='bbox 1861 5338 1986 5378; x_wconf 88' lang='lat' dir='ltr'>am-</span> 
     </span>
    </p>
   </div>
   <div class='ocr_carea' id='block_1_106' title="bbox 2095 4693 3751 4777">
    <p class='ocr_par' dir='ltr' id='par_1_106' title="bbox 2095 4693 3751 4777">
     <span class='ocr_line' id='line_1_108' title="bbox 2095 4693 3751 4777; baseline 0.006 -28"><span class='ocrx_word' id='word_1_739' title='bbox 2095 4715 2259 4771; x_wconf 91' lang='grc' dir='ltr'>σαρας</span> <span class='ocrx_word' id='word_1_740' title='bbox 2298 4694 2374 4757; x_wconf 82' lang='grc' dir='ltr'>είς</span> <span class='ocrx_word' id='word_1_741' title='bbox 2420 4693 2515 4757; x_wconf 74' lang='grc' dir='ltr'>οὕς</span> <span class='ocrx_word' id='word_1_742' title='bbox 2572 4694 2913 4771; x_wconf 72' lang='grc' dir='ltr'>δποχοῦνται</span> <span class='ocrx_word' id='word_1_743' title='bbox 2966 4695 3194 4763; x_wconf 68' lang='grc' dir='ltr'>ἵππους·</span> <span class='ocrx_word' id='word_1_744' title='bbox 3244 4701 3502 4777; x_wconf 70' lang='grc' dir='ltr'>παρέχων</span> <span class='ocrx_word' id='word_1_745' title='bbox 3564 4701 3751 4766; x_wconf 79' lang='grc' dir='ltr'>αὐτοῖς</span> 
     </span>
    </p>
   </div>
   <div class='ocr_carea' id='block_1_107' title="bbox 2093 4783 3749 4869">
    <p class='ocr_par' dir='ltr' id='par_1_107' title="bbox 2093 4783 3749 4869">
     <span class='ocr_line' id='line_1_109' title="bbox 2093 4783 3749 4869; baseline 0.005 -29"><span class='ocrx_word' id='word_1_746' title='bbox 2093 4783 2183 4840; x_wconf 88' lang='grc' dir='ltr'>καὶ</span> <span class='ocrx_word' id='word_1_747' title='bbox 2209 4784 2480 4854; x_wconf 79' lang='grc' dir='ltr'>εὐζώνους</span> <span class='ocrx_word' id='word_1_748' title='bbox 2540 4784 2757 4858; x_wconf 77' lang='grc' dir='ltr'>ὲτὲρους</span> <span class='ocrx_word' id='word_1_749' title='bbox 2814 4786 3028 4854; x_wconf 74' lang='grc' dir='ltr'>ἱππεῖς,</span> <span class='ocrx_word' id='word_1_750' title='bbox 3089 4788 3260 4862; x_wconf 78' lang='grc' dir='ltr'>μηδὲν</span> <span class='ocrx_word' id='word_1_751' title='bbox 3320 4790 3749 4869; x_wconf 58' lang='grc' dir='ltr'>ἐπιφερομένους</span> 
     </span>
    </p>
   </div>
   <div class='ocr_carea' id='block_1_108' title="bbox 2093 4872 3755 4959">
    <p class='ocr_par' dir='ltr' id='par_1_108' title="bbox 2093 4872 3755 4959">
     <span class='ocr_line' id='line_1_110' title="bbox 2093 4872 3755 4959; baseline 0.005 -30"><span class='ocrx_word' id='word_1_752' title='bbox 2093 4872 2239 4942; x_wconf 80' lang='grc' dir='ltr'>πλὴν</span> <span class='ocrx_word' id='word_1_753' title='bbox 2268 4874 2338 4929; x_wconf 82' lang='grc' dir='ltr'>τὰ</span> <span class='ocrx_word' id='word_1_754' title='bbox 2365 4872 2512 4930; x_wconf 79' lang='grc' dir='ltr'>ὅπλα</span> <span class='ocrx_word' id='word_1_755' title='bbox 2562 4874 2764 4942; x_wconf 83' lang='grc' dir='ltr'>αὐτῶν,</span> <span class='ocrx_word' id='word_1_756' title='bbox 2814 4876 2906 4930; x_wconf 82' lang='grc' dir='ltr'>καὶ</span> <span class='ocrx_word' id='word_1_757' title='bbox 2959 4878 3097 4953; x_wconf 87' lang='grc' dir='ltr'>πρὸς</span> <span class='ocrx_word' id='word_1_758' title='bbox 3155 4879 3328 4953; x_wconf 88' lang='grc' dir='ltr'>μόνην</span> <span class='ocrx_word' id='word_1_759' title='bbox 3367 4880 3541 4937; x_wconf 76' lang='grc' dir='ltr'>αὐτῶν</span> <span class='ocrx_word' id='word_1_760' title='bbox 3582 4880 3755 4959; x_wconf 81' lang='grc' dir='ltr'>φυλα-</span> 
     </span>
    </p>
   </div>
   <div class='ocr_carea' id='block_1_109' title="bbox 2093 4960 3751 5048">
    <p class='ocr_par' dir='ltr' id='par_1_109' title="bbox 2093 4960 3751 5048">
     <span class='ocr_line' id='line_1_111' title="bbox 2093 4960 3751 5048; baseline 0.004 -30"><span class='ocrx_word' id='word_1_761' title='bbox 2093 4963 2195 5031; x_wconf 79' lang='grc' dir='ltr'>κήν</span> <span class='ocrx_word' id='word_1_762' title='bbox 2229 4963 2382 5020; x_wconf 78' lang='grc' dir='ltr'>εἶναι.</span> <span class='ocrx_word' id='word_1_763' title='bbox 2417 4962 2492 5017; x_wconf 80' lang='grc' dir='ltr'>Σὺ</span> <span class='ocrx_word' id='word_1_764' title='bbox 2524 4960 2582 5018; x_wconf 75' lang='grc' dir='ltr'>δὲ</span> <span class='ocrx_word' id='word_1_765' title='bbox 2615 4965 2751 5036; x_wconf 87' lang='grc' dir='ltr'>μετὰ</span> <span class='ocrx_word' id='word_1_766' title='bbox 2795 4969 2894 5020; x_wconf 80' lang='grc' dir='ltr'>τοῦ</span> <span class='ocrx_word' id='word_1_767' title='bbox 2927 4964 3128 5022; x_wconf 77' lang='grc' dir='ltr'>λοιποῦ</span> <span class='ocrx_word' id='word_1_768' title='bbox 3181 4970 3443 5045; x_wconf 88' lang='grc' dir='ltr'>μαχίμου</span> <span class='ocrx_word' id='word_1_769' title='bbox 3492 4971 3751 5048; x_wconf 83' lang='grc' dir='ltr'>στρατεύ-</span> 
     </span>
    </p>
   </div>
   <div class='ocr_carea' id='block_1_110' title="bbox 2099 5051 3756 5135">
    <p class='ocr_par' dir='ltr' id='par_1_110' title="bbox 2099 5051 3756 5135">
     <span class='ocr_line' id='line_1_112' title="bbox 2099 5051 3756 5135; baseline 0.005 -28"><span class='ocrx_word' id='word_1_770' title='bbox 2099 5072 2268 5127; x_wconf 90' lang='grc' dir='ltr'>ματος</span> <span class='ocrx_word' id='word_1_771' title='bbox 2307 5051 2358 5107; x_wconf 76' lang='grc' dir='ltr'>ἐν</span> <span class='ocrx_word' id='word_1_772' title='bbox 2419 5052 2586 5128; x_wconf 69' lang='grc' dir='ltr'>ὶτέρῳ</span> <span class='ocrx_word' id='word_1_773' title='bbox 2646 5053 2796 5129; x_wconf 72' lang='grc' dir='ltr'>μέρει</span> <span class='ocrx_word' id='word_1_774' title='bbox 2853 5055 2991 5111; x_wconf 85' lang='grc' dir='ltr'>κατὰ</span> <span class='ocrx_word' id='word_1_775' title='bbox 3043 5058 3144 5127; x_wconf 83' lang='grc' dir='ltr'>τήν</span> <span class='ocrx_word' id='word_1_776' title='bbox 3205 5057 3377 5135; x_wconf 83' lang='grc' dir='ltr'>ὥραν,</span> <span class='ocrx_word' id='word_1_777' title='bbox 3431 5059 3497 5131; x_wconf 77' lang='grc' dir='ltr'>ἤν</span> <span class='ocrx_word' id='word_1_778' title='bbox 3552 5062 3604 5116; x_wconf 78' lang='grc' dir='ltr'>οἱ</span> <span class='ocrx_word' id='word_1_779' title='bbox 3660 5062 3756 5117; x_wconf 86' lang='grc' dir='ltr'>τὸν</span> 
     </span>
    </p>
   </div>
   <div class='ocr_carea' id='block_1_111' title="bbox 2094 5140 3755 5225">
    <p class='ocr_par' dir='ltr' id='par_1_111' title="bbox 2094 5140 3755 5225">
     <span class='ocr_line' id='line_1_113' title="bbox 2094 5140 3755 5225; baseline 0.005 -28"><span class='ocrx_word' id='word_1_780' title='bbox 2094 5146 2241 5197; x_wconf 88' lang='grc' dir='ltr'>σῖτον</span> <span class='ocrx_word' id='word_1_781' title='bbox 2291 5140 2677 5219; x_wconf 79' lang='grc' dir='ltr'>ἐπιφερόμενοι</span> <span class='ocrx_word' id='word_1_782' title='bbox 2729 5140 2967 5216; x_wconf 89' lang='grc' dir='ltr'>πλησίον</span> <span class='ocrx_word' id='word_1_783' title='bbox 3020 5150 3120 5203; x_wconf 80' lang='grc' dir='ltr'>τοῦ</span> <span class='ocrx_word' id='word_1_784' title='bbox 3175 5148 3411 5224; x_wconf 89' lang='grc' dir='ltr'>κάστρου</span> <span class='ocrx_word' id='word_1_785' title='bbox 3478 5147 3755 5225; x_wconf 73' lang='grc' dir='ltr'>μέλλουσι</span> 
     </span>
    </p>
   </div>
   <div class='ocr_carea' id='block_1_112' title="bbox 2091 5230 3752 5316">
    <p class='ocr_par' dir='ltr' id='par_1_112' title="bbox 2091 5230 3752 5316">
     <span class='ocr_line' id='line_1_114' title="bbox 2091 5230 3752 5316; baseline 0.006 -30"><span class='ocrx_word' id='word_1_786' title='bbox 2091 5230 2358 5306; x_wconf 72' lang='grc' dir='ltr'>γενέσθαι,</span> <span class='ocrx_word' id='word_1_787' title='bbox 2401 5231 2525 5307; x_wconf 82' lang='grc' dir='ltr'>περὶ</span> <span class='ocrx_word' id='word_1_788' title='bbox 2588 5233 2757 5306; x_wconf 81' lang='grc' dir='ltr'>μὲσην</span> <span class='ocrx_word' id='word_1_789' title='bbox 2815 5232 2984 5291; x_wconf 86' lang='grc' dir='ltr'>νύκτα</span> <span class='ocrx_word' id='word_1_790' title='bbox 3042 5236 3256 5313; x_wconf 80' lang='grc' dir='ltr'>ἀθρόως</span> <span class='ocrx_word' id='word_1_791' title='bbox 3318 5239 3455 5313; x_wconf 80' lang='grc' dir='ltr'>μετὰ</span> <span class='ocrx_word' id='word_1_792' title='bbox 3503 5245 3752 5316; x_wconf 85' lang='grc' dir='ltr'>κραυγῆς</span> 
     </span>
    </p>
   </div>
   <div class='ocr_carea' id='block_1_113' title="bbox 2091 5319 3746 5402">
    <p class='ocr_par' dir='ltr' id='par_1_113' title="bbox 2091 5319 3746 5402">
     <span class='ocr_line' id='line_1_115' title="bbox 2091 5319 3746 5402; baseline 0.005 -25"><span class='ocrx_word' id='word_1_793' title='bbox 2091 5319 2182 5377; x_wconf 82' lang='grc' dir='ltr'>καὶ</span> <span class='ocrx_word' id='word_1_794' title='bbox 2214 5319 2539 5398; x_wconf 86' lang='grc' dir='ltr'>σαλπίγγων</span> <span class='ocrx_word' id='word_1_795' title='bbox 2570 5322 2799 5397; x_wconf 84' lang='grc' dir='ltr'>φάνηθι,</span> <span class='ocrx_word' id='word_1_796' title='bbox 2829 5323 2904 5388; x_wconf 84' lang='grc' dir='ltr'>ὡς</span> <span class='ocrx_word' id='word_1_797' title='bbox 2949 5321 3059 5398; x_wconf 75' lang='grc' dir='ltr'>ἤδη</span> <span class='ocrx_word' id='word_1_798' title='bbox 3117 5324 3460 5402; x_wconf 77' lang='grc' dir='ltr'>πολεμήσων</span> <span class='ocrx_word' id='word_1_799' title='bbox 3521 5327 3746 5391; x_wconf 81' lang='grc' dir='ltr'>αὐτούς.</span> 
     </span>
    </p>
   </div>
   <div class='ocr_carea' id='block_1_114' title="bbox 1547 5515 2542 5575">
    <p class='ocr_par' dir='ltr' id='par_1_114' title="bbox 1547 5515 2542 5575">
     <span class='ocr_line' id='line_1_116' title="bbox 1547 5515 2542 5575; baseline -0.002 -1"><span class='ocrx_word' id='word_1_800' title='bbox 1547 5516 1611 5574; x_wconf 87' lang='lat' dir='ltr'>C.</span> <span class='ocrx_word' id='word_1_801' title='bbox 1652 5517 1717 5574; x_wconf 91' lang='lat' dir='ltr'>B.</span> <span class='ocrx_word' id='word_1_802' title='bbox 1758 5515 1949 5572; x_wconf 80' lang='lat' dir='ltr'>HASII</span> <span class='ocrx_word' id='word_1_803' title='bbox 1983 5516 2542 5575; x_wconf 79' lang='lat' dir='ltr'>ANNOTATIONES.</span> 
     </span>
    </p>
   </div>
   <div class='ocr_carea' id='block_1_115' title="bbox 412 5676 2127 5767">
    <p class='ocr_par' dir='ltr' id='par_1_115' title="bbox 412 5676 2127 5767">
     <span class='ocr_line' id='line_1_117' title="bbox 412 5676 2127 5767; baseline -0.008 -18"><span class='ocrx_word' id='word_1_804' title='bbox 412 5692 457 5731; x_wconf 64' lang='grc'>⁸1</span> <span class='ocrx_word' id='word_1_805' title='bbox 487 5689 774 5767; x_wconf 88' lang='grc' dir='ltr'>κυκλόθεν]</span> <span class='ocrx_word' id='word_1_806' title='bbox 800 5686 1079 5745; x_wconf 77' lang='grc' dir='ltr'>κύκλωθεν</span> <span class='ocrx_word' id='word_1_807' title='bbox 1111 5683 1243 5744; x_wconf 84' lang='lat' dir='ltr'>cod.</span> <span class='ocrx_word' id='word_1_808' title='bbox 1319 5681 1368 5719; x_wconf 74' lang='grc'>⁸³</span> <span class='ocrx_word' id='word_1_809' title='bbox 1395 5677 1795 5752; x_wconf 62' lang='grc' dir='ltr'>διατιθεμένου.</span> <span class='ocrx_word' id='word_1_810' title='bbox 1831 5676 1925 5739; x_wconf 87' lang='lat' dir='ltr'>Sic</span> <span class='ocrx_word' id='word_1_811' title='bbox 1954 5677 2127 5736; x_wconf 90' lang='lat' dir='ltr'>codd.</span> 
     </span>
    </p>
   </div>
  </div>
