4078 6204
372 343 497 403 997

368 478 493 534 Τῶν
527 472 587 530 δὶ
642 474 781 549 πρὸς
838 470 932 527 τὸν
992 470 1085 524 σὸν
1141 466 1388 541 πὸλεμον
1449 462 2033 542 παρασκευαζομένων,

366 563 462 620 καὶ
493 566 595 634 τήν
629 563 813 640 ὁρμήν
841 560 977 634 πρὸς
1008 558 1068 613 σὶ
1121 558 1489 632 ποιουμένων,
1544 554 1724 613 ἄδειαν
1784 552 2034 627 εὑρόντες

1655 328 2076 395 VELITATIO
2115 324 2470 388 BELLICA.

3673 342 3793 404 998

2142 460 2356 516 borum
2386 461 2590 533 inopia
2619 468 2727 532 est,
2754 465 3258 539 subministrabis,
3291 470 3665 547 salutemque
3695 479 3794 535 ob-

2147 551 2295 605 sessi
2326 552 2641 625 accipient.

372 656 427 710 ο¹ί
452 654 546 710 τὸν
580 638 730 707 σῖτον
755 650 1169 725 ἐπιφερόμενοι,
1200 646 1598 721 ἀποκομίσουσί
1645 666 1704 701 τε
1762 643 1919 699 αὐτὸν
1978 641 2029 695 ἐν
2087 642 2168 711 τῷ
2222 640 2458 714 κάστρῳ,
2512 640 2603 694 καὶ
2660 638 2861 706 ἀσινεῖς
2919 644 3084 755 πὲλιν
3138 650 3479 719 νοστήσουσι.
3540 654 3646 711 Καὶ
3705 653 3794 711 διὰ

674 742 686 757 1
940 756 943 757 ,
1047 741 1074 753 ο
1238 738 1254 757 \
1318 738 1332 757 ν
1380 735 1403 757 δ
1449 742 1475 752 α·
1581 735 1595 757 ν
1672 730 1843 757 ρκἾᾸη
1895 732 1982 757 -.μὶ
2039 734 2248 757 ---με-
2308 730 2561 757 -..ΑΔ-Α...
2585 752 2601 757 -
2664 732 2846 757 ..Σ-ΑΥᾼ
2951 755 2965 757 _
3002 755 3053 757 νγ,
3128 737 3141 753 τ
3311 740 3320 757 Ι
3522 742 3535 757 9
3743 745 3753 757 ι

320 751 476 815 ,τῆς
535 742 794 811 τοιαύτης
853 741 1108 813 μηχανῆς
1164 738 1256 792 καὶ
1308 735 1517 812 ἀνδρῶν
1577 730 1845 803 ἐπιϐολὴν
1894 732 1986 788 καὶ
2038 734 2248 803 τροφῆς
2308 730 2602 805 παράσχῃς
2659 732 2870 802 αὐτοῖς,
2947 733 3060 809 εἴγε
3117 737 3441 815 ἀμφοτέρων
3517 742 3569 797 ἐν
3627 745 3791 822 χρείᾳ

372 832 502 902 εῗσῖ,
533 830 624 885 καὶ
655 827 930 902 σωτηρίας
963 828 1015 882 οἱ
1044 824 1513 902 πολιορκούμενοι
1542 826 1811 900 τύχωσιν.

375 952 536 1006 ΚΕΦ.
595 946 738 1018 KB‘.
782 943 915 1018 Περὶ
974 940 1392 1018 διαχωρισμοῦΔ
1448 939 1586 1018 λαοῦ
1664 942 1771 993 τῶν
1841 936 2031 1011 ἡμίσει

648 1012 961 1088 πολεμίων,
991 1015 1026 1084 ἢ
1064 1012 1280 1069 καὶτοῦ
1302 1013 1489 1087 τρίτου
1522 1012 1743 1088 μέρους.

442 1131 597 1191 Είδὶ
639 1135 716 1207 μὴ
774 1135 911 1201 πρὸς
971 1130 1298 1207 πολιορκίαν
1357 1130 1593 1205 κάστρου
1651 1126 2028 1203 εὐτρεπίζοντο

368 1223 423 1277 οἱ
453 1221 743 1296 πολέμιοι,
776 1221 926 1277 ἀλλά
981 1220 1114 1294 μετᾶ
1168 1218 1391 1289 πολλῆς
1446 1218 1534 1274 καὶ
1581 1216 1816 1296 σφοδρᾶς
1865 1216 2029 1274 δυνά-

375 1333 524 1386 μεως
571 1312 666 1374 τὰς
725 1308 995 1385 ἡμετέρας
1053 1310 1243 1385 χώρας
1301 1310 1704 1384 περινοστοῦσι,
1767 1310 1877 1383 χρὴ
1936 1309 2027 1364 τὸν

372 1405 789 1477 στρατηγοῦντα
865 1404 975 1454 τῶν
1028 1396 1354 1472 Ῥωμαϊκῶν
1412 1395 1691 1471 δυνάμεων
1749 1397 2031 1471 ἐπιμελῶς

372 1489 506 1552 τοὺς
533 1488 808 1565 γεωργοὺς
846 1489 969 1560 ἢτοι
1026 1487 1156 1552 τοὺς
1208 1488 1318 1543 τῶν
1376 1489 1599 1563 χωρίων
1654 1484 1884 1552 πολίτας
1938 1488 2031 1542 καὶ

374 1578 444 1634 τὰ
499 1577 675 1633 αὐτῶν
732 1577 942 1632 ἅπαντα
997 1576 1499 1649 παρακελεύσασθαί
1585 1597 1643 1632 τε
1716 1576 1805 1631 καὶ
1854 1597 2031 1651 παρα-

376 1668 755 1737 σκευάσασθαι,
787 1667 838 1721 ἐν
872 1665 1124 1741 κάπροις
1182 1666 1269 1721 καὶ
1327 1665 1557 1741 ὀχυροῖς
1592 1665 1784 1728 τόποις
1830 1663 2028 1721 διασώ-

378 1758 593 1825 σασθαι,
623 1755 754 1818 τοὺς
784 1753 841 1810 δὲ
870 1760 979 1810 τῶν
1018 1755 1303 1828 πολεμίων
1350 1756 1488 1831 πρὸς
1537 1753 1683 1811 λείαν
1739 1754 2028 1831 ἐξερχομέ-

374 1867 504 1910 νους
533 1845 607 1908 ὠς
645 1850 928 1919 νουνεχεῖς
972 1845 1061 1900 καὶ
1120 1842 1426 1919 ἀγρύπνους
1478 1844 1885 1919 τραυματίζειν·
1940 1842 2031 1900 ’ίνα

378 1935 487 1989 εἷεν
527 1930 832 1994 δεδοικότες
858 1931 1050 2008 πόρρω
1099 1936 1198 1987 τοῦ
1258 1932 1658 2005 στρατεύματος
1716 1931 1892 1988 αὐτῶν
1952 1931 2031 2003 ἐξ·

382 2020 651 2092 ιλαύνειν,
680 2022 771 2077 καὶ
825 2023 1033 2100 τροφὰς
1096 2020 1525 2095 ἐπικομίζεσθαι’
1584 2020 1862 2077 κάντεῦθεν
1917 2042 2036 2077 στε-

380 2110 633 2187 νοχωρίᾳ
659 2115 881 2188 τροφῶν
932 2112 1387 2185 συσχεθήσονται.
1446 2110 1624 2180 Πλήν,
1674 2110 1750 2173 ὡς
1807 2108 2035 2188 ἔφημεν,

385 2198 604 2270 πλῆθος
632 2199 772 2255 λαοῦ
805 2196 1027 2276 ἔχοντες
1077 2200 1260 2275 ἑτέραν
1301 2198 1437 2261 ’ίσως
1486 2196 1714 2273 μέθοδον
1777 2199 2034 2273 μετελεύ-

384 2310 592 2346 σονται.
627 2289 1068 2365 Διαχωρίζοντες
1096 2287 1263 2345 ἐνίοτε
1301 2287 1427 2351 τοὺς
1477 2290 1698 2361 ἡμίσεις
1753 2292 1848 2344 τοῦ
1897 2286 2035 2343 λαοῦ

383 2381 586 2452 αὐτῶν,
615 2380 652 2452 ἤ
681 2382 770 2436 καὶ
824 2382 888 2437 τὸ
943 2381 1327 2456 τριτημόριον,
1379 2380 1743 2436 ἀποστελυῦσι
1773 2381 1819 2417 ⁸³
1843 2379 2033 2456 πύρῤω

380 2470 602 2545 ἡμέρας
648 2467 783 2526 ὀδοῦ
840 2467 1199 2543 διάστημα,ἢ
1230 2470 1320 2525 καὶ
1378 2470 1626 2525 ἐπέκεινα
1678 2469 1883 2545 ἀπέχον
1936 2473 2034 2524 τοῦ

382 2562 671 2636 φωσσάτου
701 2558 877 2614 αὐτῶν
911 2558 966 2614 ἐν
1000 2559 1233 2634 χωρίοις
1286 2558 1448 2629 τισίν,
1498 2557 1550 2613 ἐν
1606 2561 1688 2621 οἷς
1748 2556 2032 2627 ἐλπίζουσι

377 2647 637 2712 πλείονας
698 2646 937 2711 δαπάνας
995 2648 1258 2724 έωευρεῖν.
1346 2648 1452 2704 Καὶ
1519 2647 1719 2725 ἀνάγκη
1804 2646 2032 2711 τούτους

384 2736 474 2792 ἐπὶ
506 2735 654 2792 δυσὶν
701 2736 957 2814 ἡμέραις,
989 2735 1026 2806 ἥ
1058 2737 1149 2792 καὶ
1204 2736 1403 2813 τρισὶν,
1460 2732 1561 2809 ἔξω
1602 2741 1699 2792 τοῦ
1748 2734 2032 2812 φωσσάτου

370 2826 550 2881 αὐτῶν
612 2824 838 2903 διάγειν,
898 2830 1069 2882 Τοῦτο
1119 2831 1246 2901 γοῦν
1306 2825 1607 2899 πυθόμενος
1663 2827 1754 2881 καὶ
1810 2827 2031 2897 νοήσας,

373 2916 421 2972 ὧ
452 2916 742 2991 στρατηγέ,
776 2912 895 2971 δέον
926 2917 1044 2971 κατ’
1089 2916 1269 2970 αὐτῶν
1325 2913 1628 2989 ἐνεδρεῦσαι
1687 2916 1822 2988 μετὰ
1869 2914 2034 2970 λελο-

371 3007 640 3081 γισμένης
683 3002 1042 3079 διασκάψεως,
1101 3005 1189 3059 καὶ
1250 3003 1488 3076 πλησίον
1544 3003 1720 3060 αύτῶν
1781 3004 1832 3059 έν
1883 3005 2030 3059 νυκτὶ

371 3095 638 3170 γενέσθαι,
715 3095 805 3149 καὶ
878 3094 1047 3150 τόπον
1130 3092 1436 3164 ἐπιτήδειον
1524 3092 1909 3170 ἐφευρίσκοντα
1967 3096 2031 3150 τὸ

373 3182 517 3239 ’ίδιον
551 3186 858 3257 στράτευμα
888 3184 1221 3258 ἀποκρῦψαι.
1268 3187 1353 3255 [Ρ.
1407 3188 1529 3257 161]
1577 3184 1726 3240 Ἐπεὶ
1788 3186 1879 3239 οῦν
1929 3184 2028 3240 οὐκ

2138 935 2270 989 CAP.
2303 934 2473 990 XXII.
2508 938 2585 991 De
2612 942 2961 1008 separatione
2990 944 3235 1000 dimidiae
3264 948 3349 1001 vel
3396 951 3563 1005 etiam
3610 956 3794 1011 tertiae

2547 1013 2733 1078 partis
2762 1014 3045 1081 copiarum
3077 1015 3385 1074 hostilium.

2210 1119 2268 1175 Si
2294 1136 2430 1175 vero
2463 1138 2582 1177 non
2616 1124 2689 1179 ad
2722 1126 3096 1185 obsidionem
3126 1133 3329 1204 oppidi
3354 1153 3416 1191 se
3436 1144 3797 1197 convertunt

2140 1209 2473 1279 hostes,sed
2494 1228 2628 1267 cum
2651 1231 2864 1287 magno
2886 1234 2954 1273 ac
2975 1220 3206 1278 valente
3232 1227 3493 1281 exercitu
3518 1229 3789 1301 regiones

2139 1306 2533 1371 pervagantur
2564 1309 2819 1376 nostras,
2875 1307 3053 1364 debet
3107 1311 3427 1384 diligenter
3481 1319 3790 1389 copiarum

2141 1389 2543 1446 Romanarum
2576 1392 2694 1449 dux
2717 1396 3027 1467 agricolas,
3061 1399 3173 1455 hoc
3193 1408 3302 1470 est,
3334 1404 3570 1462 vicanos
3598 1408 3794 1464 homi-

2139 1498 2269 1549 nes,
2294 1499 2621 1555 eorumque
2652 1485 2924 1543 fortunas
2955 1506 3165 1547 omnes
3195 1494 3480 1551 mandare
3513 1503 3572 1552 et
3617 1499 3792 1555 insti-

2140 1576 2328 1637 tuere,
2362 1573 2422 1627 in
2453 1574 2672 1646 oppida
2700 1578 3048 1650 munitaque
3079 1580 3211 1637 loca
3230 1584 3315 1637 uti
3348 1601 3409 1639 se
3434 1585 3789 1659 subducant,

2138 1661 2521 1733 hostiumque
2556 1665 2657 1734 qui
2690 1666 2811 1721 sint
2838 1668 3144 1738 praedandi
3175 1688 3353 1728 causa
3382 1676 3624 1746 egressi,
3647 1694 3789 1749 pru-

2140 1749 2342 1804 dentia
2370 1750 2792 1824 vigilantiaque
2815 1756 3081 1813 adhibita
3106 1759 3398 1817 afﬂictent
3425 1780 3437 1817 :
3462 1770 3528 1819 ut
3551 1764 3786 1839 longius

2138 1836 2211 1892 ab
2228 1837 2489 1892 exercitu
2510 1838 2817 1897 discedere
2829 1849 3006 1915 atque
3029 1855 3427 1906 commeatum
3452 1836 3789 1926 comporta-

2140 1943 2204 1981 re
2236 1926 2657 1983 reformident:
2695 1930 2948 2003 ideoque
2980 1950 3043 1989 re
3100 1935 3493 1996 frumentaria
3540 1949 3789 2015 anguste

2141 2020 2405 2071 utentur.
2439 2017 2494 2071 Si
2526 2024 2747 2086 autem,
2805 2026 2872 2076 ut
2931 2022 3207 2094 diximus,
3270 2044 3515 2100 magnas
3567 2032 3790 2089 habent

2141 2104 2364 2175 c0pias,
2422 2104 2671 2162 fortasse
2728 2109 2907 2165 aliam
2964 2113 3259 2169 rationem
3327 2117 3566 2174 inibunt
3621 2121 3786 2177 belli.

2144 2193 2436 2248 Divisione
2467 2195 2640 2264 facta,
2674 2196 2983 2255 dimidiam
3014 2202 3105 2256 vel
3136 2204 3314 2260 etiam
3362 2208 3597 2264 tertiam
3653 2226 3788 2283 par-

2141 2286 2261 2337 tem
2295 2285 2587 2340 exercitus
2635 2288 2967 2345 emittente
2998 2293 3208 2348 castris
3255 2295 3369 2351 iter
3413 2299 3592 2354 unius
3644 2300 3785 2372 diei,

2142 2377 2245 2427 aut
2275 2372 2531 2446 longius,
2563 2375 2625 2429 in
2680 2377 2838 2433 vicos
2891 2380 2992 2435 ubi
3037 2389 3279 2454 sperant
3321 2388 3674 2458 ampliorem
3724 2408 3787 2448 se

2140 2478 2541 2528 commeatum
2572 2475 2938 2535 inventuros.
2973 2481 3089 2536 Hos
3120 2499 3227 2553 per
3254 2484 3503 2541 biduum
3535 2494 3638 2543 aut
3683 2489 3787 2544 tri-

2140 2556 2324 2612 duum
2354 2575 2388 2613 a
2418 2562 2627 2617 castris
2658 2562 2865 2619 abesse
2896 2566 3048 2622 249
3094 2586 3337 2626 necesse
3392 2579 3500 2629 est.
3555 2576 3680 2640 Qua
3726 2594 3790 2633 re

2139 2648 2374 2720 cognita
2404 2665 2471 2703 ac
2502 2660 2834 2724 perspecta,
2868 2654 3069 2727 debes,
3103 2675 3136 2714 o
3169 2659 3308 2728 dux,
3341 2679 3476 2717 cum
3507 2664 3787 2735 prudenti

2139 2738 2494 2809 cogitatione
2520 2740 2768 2797 insidias
2788 2744 2908 2799 illis
2929 2745 3145 2816 facere,
3169 2755 3229 2804 et
3256 2752 3581 2807 exercitum
3612 2759 3786 2809 nocte

2138 2827 2382 2898 propius
2412 2827 2717 2885 admotum
2748 2831 2878 2888 loco
2911 2834 3148 2907 idoneo,
3172 2839 3219 2893 si
3252 2839 3573 2912 inveneris,
3594 2843 3789 2899 occul-

2137 2920 2282 2971 tare.
2317 2918 2868 2978 Frumentatoribus
2898 2941 3019 2980 non
3057 2927 3118 2981 in
3168 2928 3316 2984 duos
3368 2934 3556 2985 tresve
3603 2933 3786 3002 vicos,

2137 3004 2242 3059 sed
2267 3006 2328 3059 in
2358 3006 2559 3077 plures
2592 3007 2859 3082 dilapsis,
2893 3013 2941 3068 si
2972 3015 3279 3086 probabile
3304 3024 3412 3087 est,
3440 3021 3783 3091 stationem,

2138 3109 2316 3164 quam
2338 3093 2562 3151 fulcum
2582 3106 2813 3169 vocant,
2846 3101 2921 3156 ad
2954 3105 3233 3161 tutandos
3264 3124 3365 3162 eos
3386 3115 3600 3179 prmsto
3634 3127 3789 3183 esse,

2136 3188 2368 3253 oportet
2393 3188 2555 3241 tuam
2588 3203 2831 3244 manum
2863 3190 3133 3263 bipartiri
3162 3213 3177 3264 ;
3209 3213 3353 3251 cura
3391 3198 3679 3268 adhibita,
3710 3218 3786 3257 ne

375 3274 454 3335 εἰς
486 3271 582 3328 δύο
607 3273 698 3328 καὶ
728 3275 853 3348 τρία
882 3274 1087 3349 χωρία,
1139 3272 1284 3329 ἀλλᾶ
1328 3273 1417 3328 καὶ
1469 3273 1546 3337 εἷς
1590 3274 1821 3330 πλείονα
1876 3276 2025 3350 ἔρευ-

2141 3281 2610 3340 animadvertare
2641 3259 3059 3359 dignoscareve
3092 3259 3173 3348 ab.
3220 3294 3491 3352 hostibus
3539 3298 3788 3356 latibula

377 3366 639 3433 νήσοντες
669 3363 873 3441 τροφὰς
927 3359 1425 3435 διασκορπίζονται,
1477 3362 1625 3426 είλὸς
1674 3361 1731 3418 δὶ
1783 3364 1891 3420 ἐστι
1939 3365 2029 3420 καὶ

374 3452 438 3507 τὸ
472 3450 766 3528 λεγόμενον
817 3450 1057 3530 φοῦλκον
1116 3452 1192 3516 εἲς
1230 3451 1478 3530 φυλακὴν
1536 3451 1710 3507 αὐτῶν
1756 3451 2027 3509 ’ίστασθαι-

379 3538 463 3595 δεῖ
513 3541 576 3595 τὸ
636 3541 740 3596 ὑτὸ
789 3542 847 3597 at
900 3539 1206 3615 στράτευμα
1264 3538 1400 3616 διχῆ
1453 3537 1676 3613 διελεῖν,
1735 3543 2027 3617 ἀσφάλειαν

375 3631 730 3704 ποιούμενος,
781 3632 857 3704 μή
908 3629 1228 3708 φωρὰθῆναι
1261 3627 1298 3699 ἤ
1333 3628 1735 3705 διαγνωσθῆναί
1783 3653 1841 3687 σε
1886 3634 2033 3710 παρά

370 3724 483 3776 τῶν
514 3719 920 3797 ἆνερευνώντων
948 3718 1246 3792 πολεμίων
1278 3719 1406 3782 τοὺς
1437 3720 1667 3795 λόχους,
1703 3718 1796 3776 ⁸ίνα
1829 3724 1904 3795 μή
1942 3724 2031 3778 ὑπ’

373 3810 553 3864 αὐτῶν
616 3808 831 3882 μᾶλλον
898 3805 1237 3884 ἐνεδρεύθῇς·
1314 3815 1642 3884 καρτερῆσαι
1730 3807 1787 3865 δὲ
1842 3811 1895 3866 ἐν
1954 3817 2033 3885 τῷ

372 3898 717 3975 ἑγκρύμματι
748 3896 879 3974 ἄχρι
928 3895 1217 3968 ἑνδεκάτης
1274 3892 1418 3973 ὥρας
1474 3905 1571 3968 τῆς
1628 3898 1861 3974 ἡμέρας,
1919 3899 2028 3973 ἤδη

372 3992 472 4043 τοῦ
504 3987 670 4057 ἡλίου
698 3989 837 4064 πρὸς
870 3985 1019 4043 δύσιν
1054 3986 1228 4051 ὄντος.
1264 3988 1367 4044 Καὶ
1398 3987 1443 4042 εί
1472 3988 1568 4061 μὶν
1625 3989 2027 4065 ὑποστρέψειεν,

375 4078 451 4139 ὡς
473 4075 596 4140 ἔθος
627 4076 762 4148 ἐστὶ,
792 4077 856 4132 τὸ
887 4074 1128 4154 φοῦλκον
1176 4075 1227 4131 ἐν
1287 4079 1372 4140 οἷς
1429 4076 1662 4152 χωρίοις
1717 4076 2030 4149 αὐλίζονται

375 4168 428 4222 οἱ
461 4167 669 4242 ἑταῖροι
700 4165 900 4237 αὐτῶν,
934 4165 986 4221 έν
1033 4171 1150 4229 τοῖς
1214 4167 1452 4239 μήκοθεν
1515 4166 1746 4242 χωρίοις
1803 4169 2033 4224 ἀποστε-

374 4255 493 4319 λεῖς
523 4256 618 4319 οὕς
659 4254 962 4333 ἔμπροσθεν
1019 4253 1371 4332 διεχώρισας,
1429 4251 1647 4321 ὄπισθεν
1709 4256 1884 4313 αὐτῶν
1938 4257 2030 4314 έπ-

372 4346 719 4413 ακολουθῶν,
749 4344 841 4401 καὶ
872 4345 931 4401 ἐκ
959 4349 1058 4400 τοῦ
1089 4344 1354 4421 σύνεγγυς
1383 4346 1569 4409 αὐτοῖς
1628 4348 2030 4424 παρεπόμενος.

373 4435 476 4491 Καὶ
508 4436 583 4498 ὡς
615 4436 674 4490 ἄν
705 4437 742 4505 ἡ
773 4439 871 4490 τοῦ
900 4434 1066 4490 τόπον
1103 4430 1245 4497 θέσις
1279 4432 1491 4507 δίδωσι,
1535 4434 1708 4511 λάθρα
1756 4439 1845 4491 καὶ
1897 4436 2031 4493 ἄνου

371 4529 616 4601 κραυγῆς
650 4522 814 4597 ὀξέως
863 4523 1237 4599 πορευόμενος
1289 4525 1602 4599 ἀπόκρυφον
1659 4527 1872 4601 ἑαυτὸν,
1924 4526 2031 4591 ἓως

2142 3373 2565 3442 scrutantibus,
2601 3381 2781 3448 tuque
2808 3380 3005 3450 potius
3036 3382 3109 3437 ab
3136 3383 3256 3439 illis
3277 3384 3741 3445 circumveniare
3771 3406 3785 3445 :

2139 3466 2406 3532 perstare
2437 3469 2633 3519 autem
2666 3467 2727 3521 in
2757 3468 3005 3525 latibulo
3037 3488 3226 3543 usque
3285 3476 3360 3530 ad
3405 3477 3786 3535 undecimam

2142 3548 2260 3604 diei
2288 3550 2520 3622 horam,
2554 3555 2678 3610 sole
2701 3557 2829 3628 jam
2862 3559 2936 3614 ad
2967 3576 3243 3618 occasum
3275 3572 3569 3639 vergente.
3617 3570 3785 3637 Tum,

2142 3639 2380 3709 quando
2413 3643 2610 3711 statio,
2638 3650 2706 3700 ut
2736 3646 2886 3701 solet
2915 3648 3065 3717 ﬁeri,
3119 3668 3180 3707 se
3231 3656 3499 3727 recipere
3548 3659 3794 3729 cceperit

2142 3726 2218 3782 ad
2246 3727 2425 3801 vicos,
2458 3730 2520 3785 in
2552 3734 2768 3803 quibus
2799 3738 2943 3792 socii
2993 3756 3199 3795 eorum
3249 3726 3671 3812 consederunt,
3717 3747 3792 3802 ad

2141 3816 2299 3872 vicos
2330 3818 2467 3876 illos
2496 3825 2847 3882 remotiores
2877 3830 3173 3899 praemitte
3206 3833 3448 3905 milites,
3480 3852 3628 3907 quos
3655 3843 3792 3893 ante

2143 3908 2437 3981 selegisti:
2471 3913 2598 3985 ipse
2630 3922 2836 3987 postea
2863 3935 3053 3989 move,
3088 3939 3157 3977 ex
3186 3926 3521 3998 pr0pinquo
3582 3928 3794 3985 subse-

2143 4014 2352 4069 quens.
2385 4002 2466 4056 Ac
2495 4004 2742 4074 perinde
2769 4012 2835 4061 ut
2864 4025 2926 4063 se
2956 4016 3171 4067 natura
3199 4013 3313 4069 loci
3337 4014 3587 4084 dederit,
3613 4017 3788 4089 clam,

2143 4092 2202 4141 et
2231 4087 2490 4157 silentio,
2525 4097 2583 4146 et
2613 4099 2889 4150 contente
2944 4099 3257 4156 ambulans
3311 4103 3461 4159 abde
3492 4110 3570 4173 te,
3602 4087 3793 4163 donec

2140 4177 2409 4245 proxime
2441 4179 2515 4233 ad
2546 4181 2703 4236 vicos
2732 4187 3075 4241 accesseris.
3109 4193 3227 4243 Aut
3255 4190 3305 4245 si
3341 4190 3594 4249 facultas
3624 4194 3793 4249 nulla

2144 4268 2234 4318 est
2263 4267 2603 4323 occultandi
2625 4272 2798 4342 juxta
2827 4274 3015 4331 rivum
3066 4293 3311 4333 manum
3362 4284 3546 4347 tuam,
3595 4298 3791 4354 neque

2143 4352 2349 4410 abesse
2380 4360 2731 4431 potestquin
2756 4362 2817 4416 in
2836 4371 3223 4437 conspectum
3242 4368 3433 4437 cadat,
3462 4375 3599 4426 tunc
3622 4352 3791 4443 equis

2142 4444 2359 4499 acriter
2388 4446 2582 4503 citatis
2613 4466 2647 4504 a
2675 4454 3002 4521 praemissis
3033 4456 3441 4530 antesignanis
3473 4460 3535 4515 in
3564 4460 3792 4531 hostes,

2144 4535 2243 4605 qui
2275 4536 2431 4592 intra
2460 4539 2616 4596 vicos
2648 4548 2805 4614 sunt,
2841 4544 2943 4600 fiat
2973 4546 3303 4618 impressio.
3329 4551 3488 4615 Quos
3505 4552 3552 4606 si
3585 4552 3657 4606 de
3685 4552 3793 4609 im-

379 4616 442 4670 οὗ
475 4614 700 4690 ἔγγιστα
729 4615 859 4690 γένῃ
913 4617 1021 4669 τῶν
1082 4613 1330 4689 χωρίων.
1382 4615 1509 4712 ’ῼτε
1564 4612 1623 4669 δὲ
1681 4616 1743 4670 ού
1803 4615 2025 4712 δυνατόν

2141 4625 2370 4694 proviso
2402 4612 2846 4701 aggrediuntur,
2881 4612 3322 4693 obtruncabunt
3342 4612 3585 4709 multos,
3605 4658 3791 4712 quos-

370 4703 512 4761 έστιν
570 4703 1011 4780 ἀποκρύπτεσθαι
1101 4703 1205 4759 ὑπὸ
1258 4707 1356 4757 τοῦ
1407 4702 1606 4780 ῥύακος
1657 4706 1748 4760 τὸν
1811 4707 1915 4762 ὑπὸ
1970 4709 2027 4763 σὲ

371 4791 528 4863 λαὸν,
562 4791 688 4849 ἀλλ’
737 4791 943 4868 ἀνάγκη
1008 4791 1085 4854 εἷς
1140 4793 1367 4870 φανερὸν
1430 4794 1693 4867 γενέσθαι’
1749 4795 1872 4851 τότε
1932 4797 2024 4852 σὺν

372 4882 604 4953 ἰππασίᾳ
640 4885 860 4956 νεανικῇ
890 4883 1027 4937 κατὰ
1063 4885 1171 4937 τῶν
1227 4880 1304 4946 εἷς
1344 4881 1412 4937 τὰ
1455 4884 1639 4957 χωρία
1696 4878 1867 4940 ὄντων
1926 4907 2027 4942 πο-

374 4968 586 5045 λεμίων
616 4974 651 5041 ἡ
686 4972 835 5047 ὁρμὴ
884 4972 1034 5045 παρά
1085 4976 1192 5026 τῶν
1245 4966 1549 5046 ἔμπροσθεν
1605 4972 2025 5031 ἀποσταλευτων

372 5062 627 5136 γενέσθω.
661 5060 765 5116 Καὶ
798 5058 1083 5131 ἀδοκήτως
1109 5059 1327 5123 τούτοις
1379 5060 1688 5135 ἐπιθέμενοι
1734 5064 1824 5117 καὶ
1874 5064 2028 5119 ἀναι-

373 5152 599 5223 ρήσουσι
631 5146 902 5220 πολλοὺς,
942 5150 1092 5212 τινὰς
1153 5147 1210 5204 δὲ
1265 5149 1354 5205 καὶ
1412 5154 1617 5220 ζῶντας
1671 5149 2024 5226 ἀνδραπόδων

372 5238 528 5314 λόγῳ
552 5240 923 5314 κατάσχωσιν.
958 5238 1026 5296 Εἴ
1057 5236 1115 5293 δὲ
1143 5238 1232 5293 καὶ
1285 5238 1348 5293 τὸ
1403 5238 1644 5313 φοῦλκον
1686 5242 1748 5297 τὸ
1797 5241 1874 5306 εἷς
1925 5266 2028 5322 φυ-

370 5327 543 5397 λακὴν
576 5327 751 5383 αὐτῶν
798 5326 987 5397 ἔξωθεν
1045 5331 1151 5382 τῶν
1215 5327 1437 5404 χωρίων
1494 5325 1573 5384 ἔτι
1617 5327 1856 5405 ἵσταται,
1910 5335 2026 5389 κατ’

2138 4712 2276 4769 dam
2309 4716 2487 4772 etiam
2520 4720 2676 4775 vivos
2702 4721 3052 4779 abstrahent
3097 4726 3159 4781 in
3203 4728 3567 4785 servitutem.
3623 4730 3788 4796 Quod

2137 4803 2184 4857 si
2215 4804 2390 4859 statio
2422 4806 2495 4861 ad
2521 4810 2798 4865 tutandos
2824 4811 2960 4867 illos
2984 4812 3269 4885 disposita
3291 4817 3599 4874 etiamtum
3625 4824 3791 4877 extra

2136 4892 2295 4947 vicos
2325 4896 2462 4968 agit,
2486 4899 2651 4969 prius
2676 4900 2738 4955 in
2760 4902 2925 4958 illam
2958 4906 3114 4960 circa
3135 4924 3410 4965 occasum
3434 4911 3595 4968 250
3618 4914 3784 4982 solis,

2137 4984 2642 5053 quemadmodum
2673 4990 3097 5063 demonstravi,
3131 4999 3439 5067 praemissa
3458 5006 3653 5058 turma
3673 5003 3783 5059 im-

2135 5078 2339 5143 petum
2369 5074 2563 5131 faciat.
2599 5080 2827 5136 Deinde
2858 5087 2920 5137 tu
2953 5101 3187 5157 quoque
3209 5090 3633 5163 antesignanos
3652 5098 3782 5149 tuos

2137 5178 2171 5215 a
2203 5168 2362 5234 tergo
2395 5165 2740 5237 insequens,
2775 5176 2841 5225 ut
2872 5173 2988 5228 eris
3019 5175 3093 5229 ad
3116 5178 3389 5247 praelium
3412 5183 3788 5238 committen-

2137 5249 2277 5304 dum
2309 5253 2655 5324 instructus,
2685 5258 2893 5316 invade
2920 5262 3075 5334 illos,
3110 5270 3168 5320 et
3197 5266 3412 5323 Christi
3464 5272 3654 5343 gratia
3683 5287 3784 5327 eos

2136 5339 2485 5398 debellabis.
2529 5346 2608 5401 Ac
2640 5348 2687 5401 si
2720 5349 2981 5407 hostium
3012 5353 3214 5423 duces,
3247 5358 3349 5428 qui
3380 5339 3781 5433 ibivpraesunt,

1575 5523 1637 5579 Ο.
1678 5525 1742 5582 Β.
1783 5524 1976 5585 HASII
2012 5528 2576 5594 ANNOTATIONES.

414 5632 487 5686 ⁷⁸³
516 5646 900 5722 ἀποστελοῦσι]
930 5646 1267 5705 ἀποτελοῦσι
1294 5650 1423 5709 cod.
