4078 6204
389 326 508 392 999
1705 319 2137 385 NlCEPHORI
2181 318 2464 384 PHOCA!
3652 326 3817 391 1000

393 460 552 537 quod
565 460 855 518 militibus
876 460 1203 528 abundant,
1226 458 1359 515 ideo
1381 458 1738 514 conﬁrmare
1761 471 1890 511 sese
1912 471 1998 527 po:

2109 452 2322 524 ιαὐτοῦ
2350 456 2569 529 πρῶτον
2626 454 2728 522 τήν
2783 453 2963 529 ὁρμὴν
3031 452 3357 511 ποιείτωσαν
3417 457 3540 530 περὶ
3600 453 3817 532 δυσμὰς

395 558 554 622 sunt,
588 553 989 624 damnumque
1019 550 1307 606 resarcire
1354 553 1649 606 conantur
1699 563 1897 614 suum,
1954 551 1998 601 ts

2152 541 2345 616 ἡλίου,
2376 543 2452 605 ὡς
2481 539 2583 621 ἔφη
2635 543 2707 611 ⁸⁸,
2765 546 2817 599 οἱ
2875 539 3180 621 ἔμπροσθεν
3235 546 3647 611 ἀποσταλέντες.
3709 550 3813 605 Καὶ

393 642 565 699 inetsi
600 643 658 697 id
691 642 932 713 quidem
990 639 1119 695 fieri
1178 656 1387 711 parum
1437 643 1655 711 potest,
1702 641 1905 691 tamen
1958 635 1998 690 si

2155 636 2252 686 σοῦ
2283 633 2501 688 ὄπισθεν
2534 632 2916 709 παρεπομένου
2978 635 3115 708 μετὰ
3168 634 3299 700 τοὺς
3353 639 3814 713 προηγουμένους

390 746 626 804 quoque
658 734 827 786 nocte
861 734 1188 801 occupante
1220 727 1372 783 nihil
1403 727 1629 783 adversi
1673 726 1925 781 eveniet.
1957 723 1998 779 lt

2150 743 2268 793 σου,
2327 722 2465 798 πρὸς
2522 721 2770 795 πόλεμον
2825 719 3127 797 συμϐαλεῖν
3207 728 3654 801 συντεταγμένος,
3714 728 3811 783 καὶ

390 821 438 875 si
469 820 678 891 egeris,
699 817 1222 873 etadmirabuntur
1240 824 1296 872 et
1319 816 1795 872 formidabuntte
1814 814 1998 868 hostes

2147 810 2309 873 αὐτὸς
2339 812 2606 886 ὁρμήσεις
2635 813 2753 867 κατ’
2783 811 2984 880 αὐτῶν,
3032 814 3125 868 καὶ
3177 815 3525 891 καταγωνίσῃ
3571 816 3808 881 τούτους

386 924 580 978 neque
629 908 873 979 impune
903 906 1211 962 audebunt
1240 923 1310 962 ex
1355 906 1565 962 castris
1596 904 1832 977 egredi:
1878 901 1998 958 und

2144 904 2212 974 τῇ
2243 903 2339 955 τοῦ
2368 902 2606 976 Χριστοῦ
2638 904 2849 977 χάριτι.
2898 901 2969 961 Εἴ
3021 899 3079 958 δέ
3135 923 3195 978 γε
3248 904 3300 958 οἱ
3344 907 3452 958 τῶν
3511 905 3804 980 πολεμίων

384 1013 629 1053 necesse
661 1001 751 1052 est
780 1012 903 1065 eos,
937 1001 1275 1053 commeatu
1305 995 1639 1063 destitutos,
1669 993 1743 1048 ad
1765 992 1998 1065 proprio

2146 990 2411 1066 ἀρχηγοὶ,
2444 990 2497 1044 οἱ
2545 988 2717 1045 ἐκεῖσε
2768 989 2939 1062 δντες,
2990 989 3208 1061 πολλὴν
3267 985 3489 1068 ἔχοντες
3545 990 3804 1069 δύναμιν,

381 1088 595 1143 reverti
628 1088 800 1144 fines.

2147 1085 2408 1148 συσκῆναι
2470 1075 2763 1150 δυνηθῶσι,
2822 1079 2911 1136 καί
2977 1082 3078 1150 τήν
3135 1081 3301 1150 ἧτταν
3367 1080 3797 1139 ἀνακαλέσασθαι

377 1174 774 1251 ἀγωνίσωνται,
830 1176 964 1250 ὅπερ
1019 1171 1278 1230 ἀδύνατόν
1338 1174 1469 1245 ἐστι,
1524 1180 1624 1243 τῆς
1684 1171 1878 1233 νυκτὸς
1937 1167 2047 1240 ἤδη
2129 1162 2649 1242 ἐπιλαμϐανομένης
2696 1166 2848 1224 οὐδὲν
2909 1166 3243 1244 συμϐήσεταί
3306 1191 3393 1226 σοι
3470 1176 3577 1228 τῶν
3633 1172 3798 1228 ἐναν-

375 1264 529 1323 τίων.
560 1262 749 1327 Οὕτως
786 1264 966 1319 τοίνυν
999 1268 1292 1325 ποιοῦντος
1342 1268 1467 1332 σοῦ,
1524 1263 1614 1319 καὶ
1674 1260 2043 1334 θαυμάσονοαι
2099 1257 2190 1313 καὶ
2238 1257 2648 1329 πτοηθήσονταί
2706 1280 2802 1314 σου
2861 1259 2913 1315 οἱ
2963 1258 3249 1335 πολέμιοι⁹
3304 1261 3395 1316 καὶ
3453 1262 3555 1317 οὐκ
3607 1261 3788 1327 ἀδεῶς

379 1354 742 1432 θαῤῥήσουσιν
799 1352 1110 1430 έξέρχεσθαι
1164 1358 1262 1409 τοῦ
1322 1354 1607 1430 φωσσάτου
1664 1350 1864 1407 αὐτῶν·
1924 1349 2214 1404 κάντεῦθεν
2285 1346 2494 1422 ἀνάγκη
2552 1343 2781 1412 τούτους
2859 1352 3079 1422 τροφῶν
3161 1348 3562 1426 ὑπερημένους
3647 1354 3790 1428 πρὸς

372 1444 472 1514 τὴν
507 1442 648 1499 ἰδίαν
676 1441 1077 1514 παλινοστῆσαι
1111 1444 1319 1519 χώραν.

376 1563 509 1620 CAP.
550 1562 751 1619 XXIII.
815 1566 891 1618 De
947 1561 1183 1617 discessu
1237 1563 1492 1630 hostium,
1548 1566 1599 1617 et
1657 1559 2025 1617 clauster

1008 1636 1387 1703 occupatione.

442 1749 497 1804 Si
531 1763 593 1804 se
620 1748 917 1821 recipiunt
946 1748 1166 1820 hostes,
1199 1749 1274 1806 ad
1308 1766 1568 1822 suosque
1609 1751 1760 1805 ﬂnes
1813 1765 2016 1821 perve-
2055 1738 2103 1801 Β

370 1838 500 1894 nire
529 1843 870 1910 praperant,
907 1845 1141 1911 oportet
1172 1845 1226 1895 te
1259 1839 1590 1912 peditatum
1639 1839 1713 1896 ad
1761 1839 2021 1895 claustra

370 1928 753 1999 praemittere,
786 1933 845 1983 et
872 1928 1016 1997 vias,
1042 1946 1147 2000 per
1177 1946 1325 2001 quas
1356 1930 1663 1986 transituri
1714 1934 1873 1997 sunt,
1920 1946 2018 1984 oc-

370 2032 609 2088 cupare.
632 2018 744 2072 Per
772 2034 949 2089 quam
971 2018 1150 2090 igitur
1171 2019 1321 2075 viam
1360 2019 1474 2074 iter
1502 2019 1696 2074 facere
1728 2019 1789 2073 in
1819 2019 2017 2074 animo

368 2105 650 2175 habeant,
683 2123 717 2163 a
746 2106 1020 2163 claustris
1048 2108 1388 2165 Seleucenis
1418 2109 1610 2180 iisque
1632 2109 1694 2163 in
1717 2110 2019 2180 provincia

366 2196 833 2264 Anatolicorum,
868 2214 985 2270 qua
1013 2199 1185 2254 Tauri
1209 2199 1355 2271 juga
1384 2198 1675 2266 Ciliciam,
1708 2198 2014 2271 Cappado-‘v

362 2294 539 2365 ciam,
572 2296 912 2369 Lycandum
943 2296 1364 2354 disterminant
1397 2315 1409 2354 :
1443 2297 1516 2353 ad
1549 2297 1695 2365 haac,
1731 2314 1848 2368 qua
1876 2298 2013 2352 Ger-

359 2383 913 2453 maniciaa,Adataa,
973 2384 1318 2457 regionibus
1377 2386 1593 2440 Caisun
1649 2389 1707 2439 et
1762 2384 2011 2451 Dautha,

356 2473 672 2543 Melitenae,
706 2479 763 2529 et
791 2473 1054 2531 Caludiis
1088 2475 1445 2530 imminent:
1490 2475 1633 2531 item
1682 2491 1799 2546 qua
1848 2480 2011 2532 trans

356 2561 581 2617 ﬂumen
605 2563 966 2634 Euphratem
990 2579 1195 2635 agrum
1222 2564 1483 2621 Chanziti
1515 2570 1786 2620 vocatum
1809 2569 1867 2619 et
1892 2570 2009 2621 ter-

351 2667 482 2705 ram
512 2652 802 2707 hosticam
834 2654 1291 2724 Romanopolim
1313 2654 1460 2710 251
1490 2670 1679 2724 usque
1699 2659 2006 2726 separant:

350 2740 414 2795 in
447 2740 722 2795 omnibus
748 2740 843 2796 his
874 2742 1218 2813 provinciis,
1254 2759 1613 2814 quacunque
1659 2743 1751 2799 via
1802 2744 1865 2799 in
1912 2760 2009 2799 re-

352 2828 480 2885 ditu
512 2829 625 2885 iter
652 2829 725 2885 ad
757 2830 906 2886 ﬁnes
942 2847 1079 2886 suos
1108 2831 1304 2888 facere
1328 2832 1856 2898 constituerint,ibi
1877 2832 2005 2888 sine

348 2920 474 2976 ulla
523 2919 892 2976 dubitatione
944 2926 1179 2977 matura
1228 2921 1676 2978 dimicationem
1726 2921 2005 2993 expedire

347 3011 632 3068 adversus
658 3011 815 3078 illos,
838 3011 1084 3084 juvante
1117 3013 1257 3079 Deo,
1291 3012 1540 3085 ejusque
1589 3013 1776 3086 gratia
1822 3014 2002 3067 victo-

341 3100 493 3157 riam
522 3100 877 3172 reportabis.
912 3103 995 3157 Ac
1024 3101 1072 3157 si
1106 3102 1343 3175 longius
1362 3118 1541 3173 quam
1564 3106 1819 3173 quatuor
1832 3118 1999 3158 man-

344 3189 544 3245 siones
576 3190 694 3246 sive
746 3194 942 3246 castra
998 3190 1161 3257 abes,
1216 3192 1604 3264 cognostique
1652 3191 1825 3259 viam,
1884 3207 2001 3262 qua

340 3276 543 3335 hostes
575 3278 980 3346 discesserint,
1015 3281 1311 3349 convenit,
1342 3285 1419 3349 te,
1471 3280 1651 3336 totius
1706 3280 1999 3335 exercitus

340 3369 577 3435 ducem,
608 3385 823 3443 magna
845 3370 1151 3426 celeritate
1174 3369 1442 3427 adhibita
1462 3369 1599 3427 illos
1622 3373 1996 3442 praevertere,

338 3466 398 3518 et
425 3462 500 3517 ad
530 3463 885 3534 peditatum,
911 3462 1041 3535 jam
1072 3462 1148 3519 ad
1203 3463 1463 3519 claustra
1510 3463 1910 3535 prmmissum,
1939 3466 1997 3517 te

335 3551 1026 3623 conferre:relinquere
1085 3557 1283 3608 autem
1334 3569 1404 3608 ex
1455 3553 1688 3608 caeteris
1744 3551 1996 3608 ducibus

331 3640 921 3711 praestantissimum,
953 3641 1055 3711 qui
1089 3641 1225 3696 illos
1258 3641 1627 3713 insequatur,
1658 3658 1734 3698 ne
1768 3658 1798 3697 e
1828 3646 1991 3714 tergo

328 3727 649 3783 latrocinia
680 3729 1185 3800 excursionesque
1214 3730 1453 3785 faciant.
1491 3730 1544 3784 Is
1565 3730 1785 3785 habere
1817 3730 1993 3785 debet

331 3830 536 3870 secum
566 3815 834 3886 reliquas
863 3821 1174 3887 equestres
1200 3818 1422 3889 copias,
1457 3817 1706 3889 imperio
1739 3835 1844 3873 suo
1884 3835 1990 3890 pa-

331 3907 555 3970 rentes,
589 3920 809 3975 easque
841 3906 925 3960 sic
975 3905 1215 3975 ducere,
1247 3911 1333 3975 ut,
1372 3906 1611 3977 quando
1669 3907 1990 3962 adversarii

333 3992 451 4048 duo
483 3993 721 4049 circiter
751 3999 946 4051 castra
975 4010 1010 4050 a
1039 3995 1316 4051 claustris
1373 3995 1647 4062 aberunt,
1697 3996 1824 4068 ipse
1854 4013 1987 4052 cum

330 4081 610 4139 omnibus
641 4083 828 4156 copiis
862 4089 1145 4153 transeat,
1174 4085 1232 4140 in
1270 4102 1524 4157 eumque
1548 4085 1744 4142 locum
1770 4102 1831 4142 se
1854 4103 1989 4143 con-

323 4174 498 4243 ferat,
530 4174 633 4231 ubi
679 4174 953 4247 praalium
997 4176 1281 4232 adversus
1328 4176 1468 4233 illos
1517 4176 1854 4233 instruitur.
1908 4177 1984 4233 Te

323 4268 547 4329 autem,
581 4268 897 4336 postquam
930 4264 1004 4320 ad
1058 4263 1319 4321 claustra
1364 4265 1616 4333 veneris,
1669 4270 1869 4321 coacto
1921 4265 1983 4322 in

2137 1555 2222 1627 [P.
2258 1556 2381 1631 162]
2416 1559 2582 1631 ΚΕΦ.
2618 1555 2741 1631 Kl“.
2784 1554 2914 1630 Περὶ
2956 1561 3067 1631 τῆς.
3118 1557 3467 1631 ὑποστροφῆς
3521 1562 3630 1614 τῶν
3684 1581 3791 1616 πο-

2323 1625 2555 1700 λεμίων,
2584 1625 2674 1682 καὶ
2704 1634 2804 1698 τῆς
2833 1625 3214 1704 κατασχέσεως
3240 1625 3589 1705 κλεισούρας.

2202 1744 2672 1824 Ὑποστρεφόντων
2706 1742 2764 1801 δὶ
2816 1749 2924 1801 τῶν
2983 1744 3273 1821 πολεμίων
3336 1748 3431 1804 καὶ
3479 1750 3579 1819 τὴν
3640 1747 3783 1806 ῒδίαν

2136 1833 2506 1909 ἐπειγομένων
2558 1833 2999 1909 καταλήψασθαι,
3061 1833 3180 1892 δέον
3219 1837 3315 1900 τὰς
3356 1839 3575 1909 πεζικὰς
3624 1837 3785 1895 δυνά-

2136 1943 2253 1996 μεις
2310 1925 2449 2000 πρὸς
2506 1924 2604 1987 τὰς
2650 1922 2978 1999 κλεισούρας
3037 1926 3491 2001 προαποστεῖλαι,
3542 1930 3629 1996 καὶ
3686 1930 3785 1994 τὰς

2131 2009 2313 2083 ὁδοὺς,
2346 2009 2417 2067 δι’
2446 2014 2507 2076 ἅς
2543 2010 2810 2087 μὲλλουσι
2856 2010 3109 2086 διελθεῖν,
3167 2021 3484 2091 κατασχεῖν.
3535 2019 3613 2072 Δι’
3666 2016 3786 2082 οἳας

2128 2103 2231 2179 γὰρ
2264 2102 2396 2161 ὁδοῦ
2428 2103 2660 2160 διελθεῖν
2696 2104 3066 2182 βουληθῶσιν,
3098 2105 3205 2161 ἀπό
3252 2127 3311 2162 τε
3357 2112 3466 2162 τῶν
3496 2106 3547 2164 ἐν
3582 2107 3781 2165 Σελευ-

2126 2193 2245 2266 κείᾳ
2272 2193 2608 2269 κλεισουρῶν
2639 2193 2731 2249 καὶ
2786 2198 2887 2249 τοῦ
2941 2199 3050 2249 τῶν
3099 2194 3465 2252 Ἀνατολικῶν
3524 2196 3777 2271 θέματος,

2126 2284 2264 2347 καθὰ
2291 2282 2358 2338 τὰ
2413 2284 2658 2358 Ταυρικὰ
2714 2278 2815 2357 ὅρη
2875 2284 2974 2354 τήν
3034 2303 3095 2339 τε
3150 2283 3397 2341 Κιλικίαν
3456 2283 3776 2362 διορίζουσι,

2126 2370 2513 2429 Καππαδοκίαν
2580 2393 2639 2428 τε
2692 2373 2783 2427 καὶ
2835 2370 3136 2429 Λυκανδόν·
3195 2374 3333 2446 πρὸς
3425 2374 3645 2440 τούτοις
3719 2375 3779 2434 δὶ

2120 2462 2207 2516 καὶ
2266 2462 2334 2516 τὰ
2388 2462 2762 2538 παρακείμενα
2816 2463 3203 2537 Γερμανίκειάν
3297 2484 3358 2519 τε
3440 2465 3529 2521 καὶ
3613 2464 3778 2524 Ἀδα-

2119 2556 2214 2606 τᾶν
2255 2552 2304 2587 ⁸⁵
2329 2553 2464 2625 (23),
2494 2550 2585 2607 καὶ
2614 2555 2677 2606 τὸ
2710 2555 2962 2622 Καησοῦν
3008 2553 3098 2607 καὶ
3154 2557 3251 2608 τοῦ
3309 2555 3541 2625 Δαουθᾶ,
3600 2555 3775 2613 Μελι-

2117 2642 2289 2711 τήνην
2316 2662 2376 2696 τε
2404 2641 2591 2696 καὶτὰ
2618 2637 2917 2696 Καλούδια⁹
2959 2641 3049 2697 καὶ
3099 2642 3168 2697 τὰ
3223 2643 3448 2718 πέραθεν
3505 2649 3604 2700 τοῦ
3655 2645 3773 2702 Εὐ-

2120 2731 2326 2808 φράτου
2381 2733 2635 2804 ποταμοῦ
2720 2727 3031 2804 διορίζοντα
3114 2732 3213 2802 τήν
3270 2752 3330 2787 τε
3383 2736 3481 2787 τοῦ
3536 2739 3768 2804 Χανζῆτι

2118 2820 2426 2896 λεγομένην
2461 2822 2650 2895 χώραν
2677 2820 2767 2875 καὶ
2798 2820 2897 2889 τὴν
2944 2819 3217 2895 πολεμίαν
3276 2824 3409 2898 ἄχρι
3464 2824 3774 2897 Ῥωμανω-

2116 2906 2353 2971 πόλεως·
2387 2908 2447 2964 έκ
2476 2907 2630 2969 ὅλοις
2667 2912 2785 2969 τοῖς
2840 2908 3116 2971 τοιούτοις
3155 2911 3374 2983 θέμασι,
3421 2908 3493 2967 δι’
3548 2913 3669 2976 οἳας
3707 2911 3767 2970 ἄν

2115 2995 2245 3053 ὁδοῦ
2276 2998 2703 3073 ὑποστρέφοντες
2737 2994 2975 3062 διελθεῖν
3007 2999 3147 3073 πρὸς
3191 3000 3291 3069 τήν
3355 2997 3493 3057 ἰδίαν
3546 3002 3766 3078 βουλη-

2032 3070 2076 3139 C
2112 3089 2300 3155 θῶσιν,
2351 3070 2687 3151 ἀδιστᾶκτως
2739 3090 2807 3161 τῇ
2862 3091 2965 3142 τοῦ
3015 3070 3149 3143 Θεοῦ
3210 3090 3439 3164 βοηθείᾳ
3499 3070 3592 3148 τδν
3650 3070 3767 3149 κατ’

2111 3178 2286 3234 αὐτῶν
2327 3176 2615 3254 έπείχθητι
2648 3174 2951 3234 διαθέθσθαι
2993 3178 3261 3253 πόλεμον,
3315 3182 3403 3237 καὶ
3451 3183 3553 3253 τὴν
3597 3188 3765 3239 νικῶ-

2108 3290 2202 3324 σαν
2236 3269 2486 3345 εὑρήσεις
2515 3272 2585 3342 τῇ
2616 3268 2781 3323 αὐτοῦ
2810 3270 3021 3345 χάριτι.
3084 3271 3276 3327 Ἥνίκα
3316 3268 3376 3328 δὲ
3419 3273 3526 3350 πρὸ
3574 3278 3765 3330 τεσσάο

2106 3385 2215 3440 ρων
2246 3368 2500 3439 σταθμῶν
2531 3361 2655 3431 ἤτοι
2688 3362 2986 3437 ἀπλήκτων
3047 3365 3280 3443 ἐπιγνῷς
3322 3369 3422 3438 τὴν
3491 3366 3642 3439 ὁδὸν,
3691 3367 3765 3425 δι’

2104 3454 2175 3524 ἧς
2207 3452 2472 3530 ὥρμησαν
2524 3455 2576 3509 οἱ
2633 3454 2919 3529 πολέμιοι,
2980 3454 3066 3510 σοὶ
3126 3456 3221 3529 μὶν
3280 3460 3362 3529 τῷ
3416 3461 3515 3514 τοῦ
3562 3460 3763 3521 παντὸς

2103 3542 2239 3600 λαοῦ
2267 3544 2500 3619 ἡγεμόνι
2540 3546 2700 3620 τάχει
2759 3543 2960 3617 πολλῷ
3015 3544 3321 3622 ἔμπροσθεν
3382 3547 3560 3603 αὐτῶν
3607 3549 3759 3625 γενι-

2102 3643 2222 3697 σθαι
2269 3634 2559 3709 προσήκει,
2624 3631 2716 3689 καὶ
2772 3629 3102 3690 καταλαϐεῖν
3160 3636 3258 3698 τὰς
3314 3635 3536 3706 πεζικὰς
3594 3634 3759 3693 δυνά-

2104 3743 2246 3796 μεις,
2276 3721 2373 3784 τὰς
2404 3720 2458 3778 έν
2486 3726 2555 3796 τῇ
2612 3720 2908 3798 κλεισούρᾳ
2961 3722 3378 3788 ἀποσταλείσας
3431 3725 3756 3783 καταλιπεῖν

2099 3809 2156 3867 δὲ
2184 3811 2275 3866 τὸν
2318 3809 2602 3883 κρείττονα
2655 3816 2765 3867 τῶν
2827 3810 3039 3868 λοιπῶν
3100 3818 3438 3889 στρατηγῶν,
3498 3814 3638 3887 πρὸς
3692 3816 3756 3871 τὸ

2096 3898 2460 3977 παρατρέχειν
2489 3899 2693 3973 αὐτοῖς,
2728 3898 2817 3956 διὰ
2842 3900 2911 3957 τὰ
2962 3902 3183 3958 ὄπισθεν
3247 3907 3449 3979 κοῦρσα
3503 3904 3594 3959 καὶ
3643 3906 3743 3968 τὰς

2095 3987 2368 4065 ἐκδρομὰς
2398 3988 2597 4045 αὐτῶν
2636 3987 2784 4065 ἔχειν
2841 3986 2900 4045 δὲ
2960 3991 3076 4065 μεθ’
3125 3991 3319 4047 δαυτοῦ
3373 3993 3467 4048 καὶ
3520 3994 3584 4049 τὸ
3636 3993 3758 4049 λοι-

2094 4081 2196 4138 πὸν
2227 4080 2449 4136 ἱππικὸν
2483 4078 2810 4155 στράτευμα,
2841 4082 3167 4155 πειθόμενον
3224 4087 3303 4155 τῷ
3354 4080 3510 4159 λόγῳ
3560 4084 3747 4156 αὐτοῦ,

2090 4171 2181 4227 καὶ
2209 4168 2547 4247 διορίσασθαι
2579 4170 2735 4240 αὐτὸ,
2767 4170 2844 4235 ὡς
2888 4171 3053 4241 ἡνίκα
3111 4171 3163 4226 οἱ
3207 4169 3471 4247 πολέμιοι
3512 4173 3589 4237 ὡς
3634 4174 3742 4231 ἀπὸ

2092 4260 2188 4317 δύο
2218 4259 2513 4331 ἀπλήκτων
2545 4263 2615 4334 τῇ
2656 4258 2953 4336 κλεισούρᾳ
3002 4258 3378 4333 πλησιάσωσι,
3434 4262 3528 4319 καὶ
3582 4264 3744 4321 αὐτὸν

322 4370 513 4409 unum
541 4352 741 4410 locum
780 4354 1069 4425 peditatu,
1121 4371 1363 4427 operam
1424 4355 1564 4411 dare
1614 4360 1867 4428 oportet,
1916 4360 1984 4411 ut

2109 4350 2226 4405 ιετὰ
2254 4349 2455 4411 παντὸς
2490 4353 2588 4405 τοῦ
2645 4349 3047 4426 στρατεύματος
3105 4349 3363 4423 διελθεῖν,
3421 4352 3514 4409 καὶ
3569 4376 3740 4411 κατα-

322 4448 614 4514 ρτωιθτεᾶ
645 4443 893 4499 alteram
925 4443 1193 4516 peditum
1220 4445 1430 4513 aciem,
1463 4462 1641 4516 quam
1690 4445 1978 4516 plurimo—

2109 4434 2295 4511 ιαϐεῖν,
2328 4437 2378 4493 έν
2413 4440 2459 4512 ᾧ
2486 4438 2642 4513 τόπῳ
2700 4441 2728 4494 6
2787 4442 2906 4495 κατ’
2964 4441 3143 4497 αὐτῶν
3213 4440 3517 4516 ἐξαρτύεται
3573 4444 3741 4501 πόλε-

323 4548 455 4587 rum
488 4533 703 4603 possis,
736 4550 930 4605 cogas.
964 4533 1099 4589 Hos’
1132 4534 1415 4590 excitabis
1463 4534 1655 4590 verbis
1703 4534 1979 4603 fortibus,

320 4619 396 4675 ad
428 4620 703 4677 virtutem
764 4627 943 4694 atque
1002 4622 1309 4679 audaciam
1368 4624 1547 4691 acies,
1606 4623 1978 4679 alacritatem

320 4726 549 4779 eorum,
583 4710 741 4783 quod
766 4711 976 4783 optimi
1000 4711 1168 4768 ducis
1192 4718 1300 4781 est,
1328 4712 1614 4769 melliﬂua
1639 4713 1976 4768 hortatione

317 4799 624 4855 incendes.
661 4801 870 4857 Dices:
907 4823 931 4853 α
965 4802 1412 4859 Commilitones
1444 4803 1714 4868 Romani,
1752 4808 1976 4859 stemus

317 4887 617 4958 intrepide
649 4894 707 4945 et
738 4890 1031 4947 ﬁrmiter:
1092 4896 1316 4948 stemus
1366 4893 1617 4949 viriliter
1669 4898 1728 4949 et
1776 4893 1975 4950 animo

317 4991 552 5049 magno.
588 4977 984 5036 Ostendamus
1038 4981 1307 5037 hostibus
1345 4982 1660 5039 brachium
1710 4987 1769 5039 et
1813 4984 1973 5049 vim;

317 5066 723 5137 ostendamus,
755 5070 916 5141 quod
946 5070 1008 5127 in
1036 5070 1316 5129 fortiores
1346 5073 1638 5145 impetum
1693 5074 1966 5140 fecerint,

2094 4550 2215 4603 μος.
2260 4532 2370 4584 Σοῦ
2402 4525 2458 4584 δὶ
2506 4524 3023 4601 καταλαμϐάνοντος
3075 4530 3127 4586 έν
3175 4533 3249 4604 τῇ
3301 4531 3597 4609 κλεισούρᾳ
3647 4534 3740 4589 καὶ

2091 4620 2189 4683 τὰς
2218 4619 2444 4689 πεζικὰς
2490 4618 2667 4689 τάξεις
2718 4619 3035 4694 ένουμένου,
3093 4618 3212 4677 δέον
3270 4620 3593 4696 σπουδάσαι,
3649 4623 3742 4678 καὶ

2088 4708 2269 4783 ἕτερον
2333 4707 2571 4782 μάλιστα
2627 4708 2847 4778 πεζικὸν
2910 4710 3041 4765 λαὸν
3096 4708 3431 4785 ἐπισυνάξαι,
3490 4709 3618 4767 ὅσον
3676 4712 3737 4767 ἄν

2092 4796 2355 4872 δυνηθῇςο
2388 4799 2708 4874 παραινέσαι
2739 4819 2797 4853 τε
2845 4798 3033 4862 αὐτοῖς
3090 4800 3390 4877 παρρησίᾳ,
3448 4802 3585 4877 πρὸς
3642 4802 3741 4856 ἆν-

2087 4887 2264 4965 δρείαν
2311 4886 2507 4951 αὐτοὺς
2567 4885 2876 4966 έπαλείφων
2935 4888 3027 4944 καὶ
3086 4889 3403 4965 εὐτολμίαν,
3451 4890 3738 4966 ἐποτρῦναι

2085 4974 2143 5032 δὶ
2171 4976 2262 5032 καὶ
2291 4977 2353 5030 τὸ
2396 4974 2678 5051 πρόθυμον
2733 4977 2935 5047 αὐτῶν,
2996 4978 3087 5032 οἷα
3138 4980 3438 5054 στρατηγὸς
3494 4977 3736 5054 ἄριστος,

2088 5066 2407 5144 μελισταγεῖ
2447 5067 2783 5143 παραινέσει,
2839 5090 2865 5123 ε
2899 5064 3151 5146 Ἀνδρες,
3198 5068 3396 5146 λέγων,
3440 5074 3736 5145 Ῥωμαῖοι,

1528 5227 1591 5282 C.
1634 5227 1694 5282 Β.
1739 5228 1926 5284 HASII
1961 5223 2523 5285 ANNOTATIONES.

386 5365 433 5402 ιι
462 5365 537 5428 ὡς
568 5360 720 5443 ἔφην.
755 5365 888 5424 Vid.
921 5380 1101 5441 supra
1128 5370 1251 5425 l53.
1327 5369 1374 5406 ⁸⁸
1405 5365 1652 5429 Ἀδατᾶν.
1679 5369 1809 5428 Vid.
1843 5375 2035 5427 notas.

387 5513 503 5586 (23)
532 5514 804 5570 Fortasse
830 5513 1114 5586 oppidum
1146 5513 1508 5582 Adadorum,
1538 5513 1607 5569 τὰ
1640 5510 1871 5583 Ἀδαδα,
1904 5514 1970 5571 in

313 5585 541 5657 Pisidia
569 5601 752 5657 pr0pe
786 5585 1137 5652 Seleuciam,
1170 5592 1368 5643 ortum
1396 5604 1619 5644 versus.
1675 5589 1749 5646 Le
1783 5588 1970 5655 Quien

315 5656 547 5716 Orient.
572 5656 794 5717 Christ.
822 5658 869 5718 Ι.
905 5660 1066 5717 1035.
1096 5660 1157 5718 Β.
1189 5660 1445 5719 Tametsi
1474 5660 1742 5735 inspecto
1798 5660 1969 5719 loco-

2078 5530 2212 5572 rum
2244 5513 2361 5571 situ
2388 5511 2599 5586 potius
2619 5510 2785 5586 dicas
2806 5528 2938 5586 esse
2963 5511 3063 5581 τήν
3095 5509 3356 5586 Ἂδάνην,
3394 5511 3463 5568 τὰ
3498 5510 3735 5585 Ἀδανα,

2078 5584 2455 5659 notissimajn
2494 5584 2717 5659 Cilicjaa
2748 5584 3027 5643 Trachem
3057 5585 3375 5659 civitatem,
3406 5587 3569 5643 Tarsi
3598 5584 3739 5644 vici;

2081 5675 2244 5730 nam,
2274 5657 2351 5717 ad
2379 5657 2590 5714 Serum
2620 5655 2868 5715 ﬂumen.
