4078 6204
300 439 456 502 1001

1606 442 2030 504 VELl'l‘ATIO
2080 443 2430 506 BELLICA.

3565 453 3720 514 1002

293 576 512 643 στῶμεν
542 571 782 635 ἀκλινῶς
821 573 906 627 καὶ
966 569 1216 648 ὶδραίως·
1280 580 1490 650 στῶμεν
1543 575 1811 651 ανδρικῶς
1858 576 1941 631 καῖ

2063 577 2221 648 quod
2241 581 2618 635 constiterint
2643 581 2922 637 adversus
2953 581 3108 646 illos,
3135 585 3233 654 qui
3271 584 3498 640 illaturi
3523 589 3718 659 potius

293 660 546 732 γεναίως.
604 663 865 736 Δείξωμεν
952 662 1172 738 ἐχθροῖς
1252 665 1523 741 βραχίονα
1606 667 1694 721 καὶ
1762 665 1943 741 ἱσχύν’

296 747 581 824 δείξωμεν,
615 752 687 812 ὡς
745 753 881 824 πρὸς
939 753 1251 828 κρείσσονας
1310 757 1410 823 τὴν
1470 757 1646 828 ὁρμὴν
1698 753 1948 830 ἔχουσιν,

292 841 383 912 [Ρ.
417 843 538 913 163]
573 841 644 901 ὡς
681 841 816 913 πρὸς
879 841 1004 902 τοὺς
1056 841 1280 916 βάλλειν
1339 843 1549 916 μᾶλλον
1583 843 1617 913 ἢ
1655 843 1947 920 βάλλεσθαι

303 928 609 1002 μέλλοντας
657 931 1108 1004 παρατάττονται.
1174 934 1260 1000 Mr,
1313 933 1414 1007 γὰρ
1455 932 1606 994 λίθος
1650 933 1806 1010 φύσις
1854 931 1951 986 αύ-

299 1023 436 1086 τοῖς,
471 1015 507 1087 ἤ
542 1017 775 1092 χαλκὸς,
806 1019 880 1081 ὡς
917 1021 992 1092 μὴ
1043 1019 1327 1094 τραύματα
1376 1020 1650 1096 δέχεσθαι·
1705 1025 1845 1093 μήτε
1893 1021 1952 1075 ἐκ

299 1105 535 1178 σιδήρου
569 1108 630 1162 τὸ
665 1113 846 1180 σῶμα,
907 1109 980 1170 ὡς
1041 1111 1115 1181 μή
1175 1115 1254 1180 τῷ
1311 1110 1466 1183 κόπῳ
1524 1108 1803 1164 ἐκλύεσθαι
1862 1111 1949 1163 καὶ

299 1195 631 1269 ἀποναρκᾷν.
673 1223 690 1247 ι
741 1200 967 1271 [Ιροσὲτι
1025 1200 1241 1261 τούτοις
1302 1197 1666 1254 ὑποδεικνύων
1718 1199 1805 1254 καὶ
1854 1201 1953 1268 τὴν

291 1291 395 1339 τοῦ
438 1285 612 1340 τόπου
673 1283 1014 1362 δυσχέρειαν,
1076 1287 1204 1361 ἐνῷ
1240 1287 1504 1360 μέλλουσι
1563 1291 1697 1362 πρὸς
1765 1291 1954 1364 μάχην

290 1377 828 1449 παρασκευασθῆναι,
863 1377 951 1431 καὶ
985 1379 1118 1446 ὅσην
1161 1377 1346 1440 αὐτοῖς
1396 1378 1627 1454 παρέχει
1677 1381 1950 1455 βοήθειαν,

295 1464 448 1520 Μετὰ
482 1462 539 1518 δὲ
569 1465 630 1518 τὸ
686 1465 872 1527 καλῶς
924 1466 1123 1528 αὐτοὺς
1181 1470 1484 1543 παραθῆξαι
1533 1468 1620 1523 καὶ
1673 1466 1953 1544 διεγεῖραι,

291 1553 385 1607 καὶ
441 1553 888 1628 προθυμοτέρους
939 1556 1030 1609 καὶ
1097 1555 1548 1634 εὖτολμωτὲρους
1606 1557 1952 1634 ἐργάσασθαι,

290 1644 652 1712 καταστήσεις
709 1643 906 1706 αὐτοὺς
967 1644 1018 1699 ἐν
1079 1645 1160 1706 οἷς
1214 1645 1404 1708 τόποις
1487 1646 1766 1724 ὀφείλουσι
1839 1652 1956 1708 τοῖς

295 1733 526 1809 ἐχθροῖς
561 1735 852 1810 μάχεσθαι.
889 1737 989 1792 Καὶ
1043 1741 1261 1813 πρῶτον
1326 1739 1420 1810 μὶν
1477 1739 1547 1794 τὰ
1607 1739 1792 1813 ὑψηλᾶ
1844 1743 1952 1794 τῶν

291 1824 464 1893 ὀρέων
493 1818 821 1878 καταλαϐεῖν
883 1821 1023 1893 δέον,
1084 1826 1173 1880 καὶ
1223 1827 1393 1888 πασας
1450 1829 1545 1889 τὰς
1603 1825 1762 1890 ὁδους
1819 1848 1951 1904 κρα-

2056 665 2177 719 sint
2198 667 2350 724 252
2383 669 2534 722 ictus
2567 685 2742 738 quam
2783 671 3038 740 passuri.
3102 673 3227 726 Non
3285 677 3373 726 est
3403 690 3473 728 ex
3507 675 3716 746 lapide

2054 761 2267 811 natura
2299 758 2560 824 illorum,
2595 765 2697 813 aut
2725 776 2794 813 ex
2848 777 2984 826 mre,
3019 765 3083 814 ut
3133 761 3377 816 vulnera
3436 765 3706 836 accipere

2055 863 2173 900 non
2207 849 2475 917 possint:
2511 865 2706 918 neque
2740 865 2808 902 ex
2837 849 2992 903 ferro
3026 867 3260 922 corpus,
3297 858 3362 905 ut
3404 853 3707 909 laboribus
3744 875 3746 878 ·

2055 952 2176 990 non
2208 937 2529 1008 fragantur,
2571 954 2765 1008 neque
2813 944 3060 1009 torpeat.
3102 962 3128 988 »
3161 940 3376 996 Adhaec
3432 947 3704 998 monstra

2054 1026 2174 1081 illis
2207 1027 2495 1094 locorum,
2528 1028 2626 1081 ubi
2649 1028 2724 1082 ad
2756 1029 3020 1098 praelium
3052 1031 3536 1100 _adornabuntur,
3577 1034 3700 1087 dif-

2057 1115 2402 1181 ficultatem,
2434 1122 2492 1169 et
2520 1122 2802 1185 quantam
2827 1117 2899 1170 iis
2925 1133 3096 1186 opem
3131 1119 3322 1174 latura
3352 1121 3446 1174 sit.
3483 1122 3568 1175 Ita
3597 1120 3698 1174 ubi

2055 1203 2190 1257 illos
2221 1204 2403 1274 probe
2456 1206 2665 1259 acuisti
2720 1212 2895 1276 atque
2935 1207 3224 1273 excitasti,
3260 1211 3586 1280 paratiores
3646 1215 3704 1265 et

2055 1292 2433 1347 audentiores
2448 1293 2631 1348 factos
2655 1295 2980 1349 constitues
3003 1296 3062 1349 in
3083 1297 3297 1366 quibus
3317 1299 3460 1354 locis
3483 1300 3706 1354 debent

2055 1399 2189 1437 cum
2210 1382 2477 1436 hostibus
2491 1383 2832 1456 confligere.
2877 1387 2956 1439 Ac
2987 1386 3180 1456 primo
3201 1388 3440 1457 quidem
3465 1389 3698 1460 fastigia

2057 1471 2350 1525 montium
2382 1488 2670 1542 occupare
2719 1490 2961 1528 necesse
2995 1480 3102 1534 est.
3137 1475 3469 1547 itineraque
3502 1479 3704 1532 omnia

2055 1559 2328 1615 obsidere
2350 1577 2416 1614 ac
2446 1561 2702 1617 firmare.
2731 1563 2974 1633 Equites
3001 1563 3301 1634 peditibus
3329 1565 3567 1620 admisti
3592 1567 3704 1622 sic-

2058 1649 2158 1703 ubi
2191 1649 2508 1721 confligere
2541 1657 2808 1721 possunt,
2853 1653 2959 1706 hos
2993 1669 3229 1724 quoque
3281 1654 3426 1708 locis
3475 1655 3708 1711 idoneis

2058 1738 2404 1792 constitues.
2462 1738 2650 1793 Debes
2710 1739 2966 1810 denique
3025 1741 3273 1812 singulis
3306 1743 3422 1796 tuis
3467 1744 3707 1800 aciebus

2059 1826 2240 1882 duces
2270 1826 2485 1898 probos
2515 1827 2839 1898 praaiicere,
2873 1834 3206 1900 cmteraque
3249 1831 3451 1885 omnia
3501 1832 3706 1887 obser-

300 1920 466 1980 τῆσαι
496 1913 582 1967 καὶ
619 1911 1035 1990 ἀσφαλίσασθαι.
1098 1917 1188 1972 Ἐν
1245 1918 1327 1978 οἷς
1384 1913 1441 1971 δὶ
1485 1916 1574 1972 καί
1632 1918 1818 1980 ίππεῖς
1863 1917 1941 1994 ἐγ-

2058 1934 2193 1971 vare
2225 1922 2282 1970 et
2337 1916 2552 1984 facere,
2589 1934 2719 1987 qua:
2751 1934 2784 1972 a
2815 1918 3106 1989 principio
3144 1921 3575 1984 commentarii,
3635 1922 3698 1975 in

299 2006 480 2076 χωρεῖ
538 2001 629 2055 σὺν
681 2006 798 2062 τοῖς
853 2007 1037 2071 πεζοῖς
1093 2005 1387 2078 μάχεσθαι,
1444 2007 1796 2076 καταστήσεις
1853 2007 1943 2062 καὶ

294 2090 492 2152 αὐτοὺς
549 2088 602 2144 ἐν
665 2088 996 2160 ἐπιτηδείοις
1052 2091 1262 2156 τόποις.
1353 2095 1438 2148 Ἐν
1493 2093 1686 2157 πάσαις
1735 2091 1791 2149 δέ
1848 2116 1943 2150 σου

288 2186 412 2241 ταῖς
447 2181 801 2254 παρατάξεσιν
863 2180 1147 2257 ἀρχηγοὺς
1204 2187 1312 2236 τῶν
1370 2184 1666 2258 χρησίμων
1717 2183 1941 2254 ἐπιστῆ-

283 2271 371 2323 σαί
409 2291 464 2324 σε
513 2267 615 2339 δεῖ,
666 2269 756 2324 καὶ
815 2267 996 2325 τᾶλλα
1055 2269 1230 2326 πάντα
1288 2270 1516 2349 φυλάξαι
1575 2273 1666 2326 καὶ
1724 2276 1940 2347 πρᾶξαι,

288 2358 390 2413 ὅσα
426 2357 474 2412 ἐν
509 2359 658 2433 ἀρχῇ
688 2361 784 2412 τοῦ
817 2356 990 2432 λόγου
1023 2361 1289 2434 περὶτοῦ,
1318 2365 1436 2422 πῶς
1477 2358 1560 2415 δεῖ
1604 2367 1720 2423 τοῖς
1776 2362 1940 2417 πολε-

300 2449 455 2519 μίοις
512 2445 563 2500 ἐν
620 2452 740 2507 ταῖς
796 2443 1129 2522 δυσχωρίαις
1193 2448 1482 2523 μάχεσθαι,
1541 2451 1818 2522 ἐξεθὲμεθα
1874 2453 1937 2508 ⁸⁸.

297 2539 426 2593 Τῶν
469 2533 526 2590 δῖε
583 2534 865 2608 πολεμίων
925 2534 1178 2606 πλησίων
1239 2534 1793 2611 καταλαμϐανόντων,
1849 2541 1940 2595 καὶ

299 2625 638 2697 αἶσθομένων
689 2631 789 2694 τῆς
848 2627 994 2700 παρᾶ
1051 2631 1147 2680 σοῦ
1203 2630 1502 2703 γενομένης
1565 2627 1858 2705 ἀσφαλείας
1887 2629 1938 2682 ἐν

284 2719 355 2788 τῇ
387 2713 516 2785 ὁδῷ,
573 2715 662 2768 καί
722 2714 795 2776 ὡς
857 2716 1150 2790 ἀμήχανον
1212 2715 1448 2780 διελθεῖν
1504 2718 1726 2785 αὐτοὺς,
1788 2719 1938 2792 ειπερ

288 2798 755 2876 παραϐολώτερον
809 2809 970 2858 τοῦτο
1025 2805 1368 2876 τολμήσουσι
1428 2807 1645 2880 πρᾶξαι,
1702 2807 1801 2861 οὐκ
1849 2808 1936 2862 εὖ·

287 2896 476 2965 τ’)χῶξ
533 2890 718 2955 αὐτοῖς
769 2893 829 2946 τὸ
891 2892 1191 2968 βούλευμα·
1279 2897 1703 2965 παραστήσεται.
1762 2895 1939 2952 Ἀλλὰ

289 2982 438 3056 παρὰ
465 2985 562 3036 τοῦ
593 2985 688 3036 σοῦ
721 2981 855 3035 λαοῦ
914 2979 1209 3055 δῃούμενοί
1247 3005 1304 3038 τε
1351 2984 1438 3038 καὶ
1486 2986 1935 3060 συμπνιγόμενοι,

288 3073 378 3126 καὶ
413 3070 636 3133 ἅποντες
665 3074 731 3126 τὰ
768 3077 912 3126 νῶτα
951 3071 1210 3143 δώσουσι,
1256 3073 1578 3137 σπεύδοντες
1630 3073 1702 3130 δι’
1755 3077 1936 3150 ἑτέρας

292 3159 423 3215 ὁδοῦ
479 3162 579 3229 τὴν
651 3159 790 3215 ἰδίαν
873 3165 1298 3238 κατακήψεσθαι.
1380 3164 1600 3221 Τούτων
1659 3165 1707 3220 δ’
1764 3166 1936 3228 οὕτως

292 3249 736 3328 ὑποστρεφόντων
797 3251 1032 3325 ἀγεννῶς
1090 3254 1177 3307 καὶ
1238 3253 1515 3326 ἀκόσμως,
1551 3255 1576 3308 ὁ
1619 3255 1754 3317 λαός
1811 3277 1932 3326 σου,

2055 2006 2246 2077 capite
2278 2005 2350 2059 de
2383 2005 2586 2075 prmlio
2631 2022 2766 2060 cum
2824 2006 3094 2061 hostibus
3151 2008 3212 2062 in
3271 2007 3416 2061 locis
3473 2009 3702 2078 asperis

2054 2095 2446 2157 conserendo,
2480 2095 2879 2164 exposuimus.
2909 2095 3012 2150 Ubi
3037 2097 3310 2167 proprius
3341 2098 3707 2151 accesserint

2061 2186 2282 2253 hostes,
2303 2184 2348 2240 si
2377 2185 2448 2239 de
2482 2185 2774 2255 praesidiis
2811 2186 3003 2240 tuisin
3031 2187 3118 2241 via
3149 2187 3476 2252 collocatis,
3513 2187 3705 2258 deque

2053 2271 2406 2328 difﬁcultate
2428 2272 2775 2327 transeundi
2808 2273 3091 2328 certiores
3125 2274 3286 2342 facti,
3310 2275 3702 2330 nihilominus

2049 2363 2329 2416 audacter
2351 2377 2732 2432 perrumpere
2768 2361 3007 2429 audent,
3031 2379 3239 2433 parum
3267 2380 3548 2435 prospere
3574 2381 3708 2418 suc-

2050 2451 2219 2507 cedet
2243 2451 2312 2505 iis
2337 2451 2444 2505 hoc
2467 2451 2808 2504 consilium.
2826 2452 3050 2523 Quippe
3070 2454 3308 2506 contriti
3326 2459 3384 2507 et
3404 2454 3697 2524 compulsi

2048 2559 2083 2596 a
2113 2541 2228 2596 tuis
2257 2541 2440 2611 copiis
2471 2540 2562 2594 vel
2589 2541 2753 2594 inviti
2787 2546 2949 2612 terga
2979 2549 3226 2608 vertent,
3253 2543 3488 2612 aliaque
3521 2544 3610 2596 via
3633 2544 3694 2597 in

2051 2647 2190 2685 suos
2223 2631 2374 2684 ﬁnes
2412 2629 2716 2700 pervenire
2749 2629 3136 2684 festinabunt.
3172 2632 3326 2696 Quos
3359 2632 3442 2685 sic
3475 2632 3698 2702 ignavi-

2052 2725 2140 2774 ter
2171 2726 2228 2772 et
2256 2719 2534 2773 indecore
2571 2723 2930 2772 revertentes
2964 2719 3011 2772 si
3044 2719 3338 2789 conspicit
3367 2725 3499 2773 tuus
3532 2735 3694 2773 exer-

2047 2809 2220 2876 citus,
2252 2808 2461 2862 laetitia
2491 2813 2667 2877 atque
2699 2807 2996 2877 voluptate
3047 2807 3462 2879 complebitur,
3513 2807 3697 2879 magis

2047 2913 2224 2968 quam
2257 2897 2447 2951 verbis
2478 2897 2592 2950 dici
2625 2901 2837 2966 potest.
2872 2897 2954 2949 Tu
2993 2901 3191 2950 autem
3246 2897 3446 2951 hostes
3493 2897 3596 2960 sic,
3635 2901 3697 2950 ut

2045 2988 2520 3042 demonstratum
2578 2991 2668 3040 est
2737 2985 3023 3041 abeuntes
3069 2987 3387 3057 insequere
3434 3003 3467 3041 a
3503 2993 3692 3057 tergo,

2046 3077 2199 3133 253
2223 3075 2549 3147 prmmissis
2571 3075 2872 3144 equitibus
2899 3091 3031 3129 cum
3065 3075 3345 3129 velitibus
3366 3075 3690 3146 expeditis:

2044 3166 2290 3237 ipseque
2304 3163 2578 3218 celeriter
2594 3164 2805 3217 itinere
2829 3163 2982 3218 facto
3006 3164 3241 3233 assequi
3259 3163 3392 3216 illos
3415 3181 3686 3234 propera.

2049 3253 2380 3309 Adversarii
2411 3253 2509 3322 qui
2545 3252 2792 3322 fugiunt,
2826 3258 2892 3306 ut
2921 3253 3246 3323 angustias,
3273 3252 3454 3306 vitato
3487 3253 3547 3304 in
3572 3251 3690 3304 illis

283 3323 518 3402 τούτους
542 3323 854 3413 θεώμενος,
880 3341 1015 3411 ὅσης
1075 3347 1246 3418 χαρᾶς
1305 3323 1394 3398 καῖ
1455 3342 1727 3417 θυμηδίας
1783 3323 1928 3416 πληζ

2052 3342 2396 3407 certamine,
2442 3340 2796 3394 festinanter
2845 3341 3270 3406 transmittere,
3322 3341 3382 3393 in
3431 3356 3691 3411 suosque

291 3433 607 3502 σθῆςονται,
643 3428 796 3504 λόγῳ
853 3439 1192 3505 παραστῆσαι
1251 3435 1413 3486 τοῦτο
1472 3430 1755 3488 ἀδύνατον.
1812 3437 1936 3490 Τῶν

295 3517 388 3572 οὖν
445 3516 754 3590 πολεμίων,
813 3517 887 3580 ὠς
945 3517 1222 3590 λέλεκται,
1284 3520 1755 3598 ὑποπρεφόντων,
1816 3523 1938 3576 τότε

285 3603 617 3676 καταῖίωξον
670 3602 889 3670 ὄπισθεν
949 3607 1149 3672 αὐτῶν,
1219 3603 1524 3680 ἔμπροσθεν
1583 3607 1938 3664 ἀποστέλλων

289 3695 478 3754 ina-.27.;
540 3695 673 3765 μετᾶ
729 3696 942 3770 ταχέων
1002 3694 1200 3769 ψιλῶν·
1263 3697 1350 3750 καὶ
1410 3696 1571 3759 αὐτὸς
1632 3695 1690 3752 δὲ
1746 3697 1936 3768 ὀξύτε-

288 3804 382 3857 ρον
443 3787 754 3856 περιπατῶν
807 3787 904 3837 τοῦ
962 3779 1287 3839 καταλαϐεῖν
1349 3785 1543 3849 αὐτοὺς
1628 3785 1934 3860 ἐπείχθητι.

289 3873 356 3928 Οἱ
387 3869 442 3924 δὲ
466 3871 656 3945 ἐχθροὶ
689 3869 778 3926 διὰ
801 3875 890 3926 τὸν
924 3874 1134 3951 φεύγειν
1195 3874 1414 3942 αὐτοὺς,
1461 3874 1618 3950 τάχει
1668 3875 1759 3936 τὰς
1811 3875 1932 3930 δυσ-

590 3958 820 4016 διελθεῖν
908 3963 994 4016 καὶ
1071 3963 1162 4018 τὸν
1248 3964 1298 4018 ἐν
1385 3964 1569 4024 αὐταῖς
1663 3963 1934 4042 διαφυγεῖν

291 4049 561 4121 πύλεμον,
595 4051 681 4104 καὶ
724 4053 820 4120 τήν
875 4049 1014 4105 ῗδίαν
1064 4051 1490 4127 καταλήψεσθαι·
1534 4053 1648 4108 ἐπεὶ
1698 4053 1932 4125 πλησίον

288 4144 391 4206 τῆς
457 4136 776 4214 κλεισούρας

289 3960 501 4035 χωρίοις

863 4143 1204 4213 γενήσονται,
1276 4143 1423 4194 τοῦθ’
1518 4142 1934 4210 ὑποπτεύοντες,

289 4228 427 4301 πρὸς
485 4229 546 4282 τὸ
603 4229 678 4300 μή
736 4227 900 4282 πάλιν
956 4224 1257 4304 ἔμπροσθεν
1315 4231 1489 4286 αὐτῶν
1545 4233 1637 4294 τὰς
1715 4235 1932 4301 πεζικὰς

284 4317 458 4386 τάξεις
506 4319 774 4390 γενέσθαι,
832 4319 919 4372 καὶ
969 4321 1065 4386 τήν
1119 4317 1242 4374 ὁδὸν
1289 4319 1464 4374 αὐτῶν
1511 4326 1822 4396 κατασχεῖν·
1874 4320 1931 4374 ἄν

287 4404 339 4458 ἐν
371 4405 521 4459 νυκτὶ
553 4407 652 4474 τήν
687 4403 1002 4482 ὁδοιπορίαν
1061 4410 1358 4483 πειραθῶσι
1407 4411 1761 4480 ποιήσασθαι,
1813 4432 1932 4466 συν-

281 4495 472 4566 τόμως
502 4495 726 4560 τούτους
757 4494 1088 4570 καταλάϐῃς,
1118 4502 1225 4551 τῶν
1267 4495 1454 4552 ’ίππων
1511 4499 1684 4553 αὐτῶν
1737 4500 1934 4569 ἀτονη-

288 4585 492 4637 σάντων
527 4585 632 4639 ἀπὸ
663 4587 760 4652 τῆς
791 4585 1015 4659 χρονίας
1048 4584 1389 4659 ὁδοιπορίας,
1430 4589 1518 4642 καὶ
1567 4593 1673 4642 τῶν
1721 4587 1930 4662 ἀνδρῶν

2051 3432 2198 3486 fines
2231 3429 2536 3502 pervenire
2568 3429 2836 3499 possint:
2863 3444 2998 3482 cum
3021 3428 3296 3499 proprins
3328 3428 3402 3482 ad
3433 3429 3693 3484 claustra

2048 3523 2447 3583 accesserunt,
2479 3521 2769 3582 verentes,
2803 3531 2879 3569 ne
2908 3516 3121 3570 iterum
3157 3533 3218 3570 se
3250 3522 3562 3587 praavertat
3590 3533 3694 3586 pe-

2048 3608 2268 3663 ditatus
2299 3610 2519 3668 noster,
2552 3606 2780 3675 iterque
2813 3621 2986 3659 suum
3019 3611 3304 3675 occupet:
3330 3605 3376 3658 si
3401 3611 3694 3660 conantur

2047 3703 2227 3753 noctu
2257 3696 2407 3749 viam
2441 3711 2704 3766 pergere,
2734 3695 2861 3749 sine
2908 3711 3074 3749 mora
3131 3694 3266 3749 illos
3325 3695 3686 3764 assequeris,

2047 3789 2216 3860 equis
2237 3803 2438 3841 eorum
2462 3784 2852 3839 diuturnitate
2877 3785 3106 3839 itineris
3131 3784 3385 3850 attritis;
3409 3785 3691 3855 ipsosque

2047 3877 2365 3934 exhaustos
2397 3891 2500 3946 per
2545 3880 2899 3944 noctemque
2948 3873 3324 3928 ambulantes
3355 3873 3688 3944 deprehen-

2047 3966 2214 4034 dens,
2249 3966 2328 4034 id,
2363 3983 2395 4019 o
2429 3964 2565 4026 dux,
2590 3963 2748 4034 quod
2772 3980 3007 4034 semper
3030 3963 3349 4034 quaesivisti
3374 3969 3580 4018 nactus
3605 3980 3687 4017 es.

2047 4059 2235 4127 thue
2269 4055 2528 4126 primum
2564 4071 2663 4108 eos
2691 4060 2996 4107 assecutus
3059 4071 3119 4107 es
3172 4060 3373 4117 noctu,
3411 4055 3689 4124 evrstigio

2047 4151 2280 4216 Oportet
2306 4145 2473 4213 signa
2504 4143 2720 4195 inferre
2753 4142 3029 4211 praesidio
3064 4142 3221 4211 quod
3262 4148 3502 4195 vocatur
3534 4159 3690 4202 saca,

2047 4233 2224 4302 idque
2259 4247 2363 4301 per
2415 4230 2664 4299 pedites,
2727 4246 2876 4298 quos
2927 4229 3324 4298 subsequatur
3372 4230 3693 4298 equitatus.

2045 4322 2208 4377 Alios
2237 4319 2442 4372 velites
2463 4335 2598 4372 cum
2619 4317 2918 4388 equitibus
2939 4318 3231 4388 przemitte
3253 4335 3357 4388 per
3370 4323 3691 4387 utrumque

2043 4410 2197 4464 latus
2227 4409 2469 4479 vim,qui
2501 4407 2769 4462 hostibus
2801 4412 3187 4476 praecurrant,
3203 4405 3588 4476 eosquejube
3621 4423 3691 4460 ex

2045 4504 2378 4553 transverso
2411 4496 2696 4568 impetum
2728 4495 2942 4550 facere.
2978 4495 3060 4548 lta
3091 4495 3138 4547 si
3173 4495 3382 4565 egeris,
3415 4493 3692 4548 resistere

2044 4603 2163 4642 non
2195 4590 2492 4658 poterunt,
2528 4584 2629 4639 sed
2659 4585 2718 4637 in
2778 4583 2974 4655 fugam
3009 4599 3070 4636 se
3129 4582 3472 4652 conjicient.
3525 4581 3689 4646 Quod

283 4670 690 4727 ἐκλελοιπότων
733 4673 1024 4749 ἐπιτύχῃς,
1087 4677 1277 4738 νυκτὸς
1336 4675 1796 4750 ὁδοιπορούντων·
1846 4677 1935 4732 καὶ

2052 4677 2091 4732 si
2127 4681 2304 4731 noctu
2335 4675 2579 4741 faciunt,
2607 4689 2984 4745 persequere,
3019 4677 3078 4726 et
3099 4687 3330 4726 summo
3355 4671 3532 4725 exitio
3555 4671 3689 4726 illos

282 4759 452 4830 εὗρες,
507 4763 799 4838 στρατηγέ,
858 4765 920 4817 τὸ
978 4763 1059 4818 ἀεί
1119 4785 1204 4818 σοι
1258 4763 1685 4838 ἐπιζητούμενον
1767 4769 1938 4822 Κατα-

281 4845 660 4922 Λαμϐἀνοντός
719 4873 814 4906 σου
873 4848 929 4906 δὲ
984 4854 1211 4914 τούτους
1264 4855 1477 4920 νυκτὸς,
1537 4853 1654 4908 δέον
1737 4854 2042 4930 παραυτίκα
2104 4854 2348 4925 πόλεμον
2411 4853 2638 4924 συνάψαι
2698 4851 2775 4912 εἷς
2831 4852 2893 4904 τὸ

276 4943 482 5009 πεζῶν,
543 4941 628 5013 [Ρ.
692 4943 814 5012 164]
875 4941 1486 4996 συνεπακολουθούντων
1546 4943 1732 5004 αὐτοῖς
1781 4943 1871 4996 καὶ
1928 4938 2158 4998 ἱππέων.
2221 4943 2470 5016 Ἐτέρους
2529 4938 2586 4993 δὲ
2640 4943 2748 4993 τῶν
2807 4936 2984 5010 ψιλῶν

2049 4767 2266 4823 trades.

2981 4849 3274 4924 )e-{épevov
3347 4849 3504 4915 σάκα,
3566 4849 3699 4919 μετά

3080 4939 3198 5008 μεθ’
3275 4937 3485 4991 ὶππέων
3547 4930 3662 4991 ἕνθε
3674 4974 3699 5002 ν

278 5028 526 5092 κάκεῖθεν
583 5036 683 5098 τῆς
743 5029 876 5084 ὁδοῦ
926 5024 1229 5106 ἔμπροσθεν
1284 5033 1527 5106 γενέσθαι
1586 5029 1691 5086 τῶν
1744 5028 2030 5104 πολεμίων
2074 5030 2421 5100 ἀπόστειλον,
2479 5029 2568 5084 καὶ
2626 5028 2685 5083 ἐκ
2739 5027 2978 5101 πλαγίου
3035 5027 3122 5081 καὶ
3206 5025 3401 5085 αὐτοὺς
3449 5023 3694 5098 πόλεμον

279 5112 614 5192 προσϐαλεῖν
673 5119 994 5190 πρόσταξον.
1057 5119 1159 5176 Καῗ
1221 5120 1394 5184 οὕτως
1449 5120 1737 5182 ποιοῦντός
1795 5142 1913 5191 σου,
1973 5119 2036 5174 οὗ
2095 5117 2417 5190 δυνήσονται
2483 5119 2813 5186 ἀντιστῆναι,
2869 5115 3014 5172 ἀλλὰ
3070 5116 3207 5186 πρὸς
3260 5116 3432 5192 φυγὴν

3519 5114 3702 5188 ὁρμή-

285 5226 460 5264 σουσι.
521 5208 622 5263 Καὶ
684 5207 729 5262 εἷ
784 5212 945 5263 τοῦτο
1005 5209 1192 5271 νυκτὸς
1249 5209 1530 5285 πράξουσι,
1588 5207 1918 5278 καταδίωξον
1975 5207 2195 5276 αὐτοὺς,
2248 5208 2339 5262 καὶ
2392 5205 2586 5278 τελείῳ
2664 5205 2889 5267 τούτους
2968 5201 3307 5280 παραδώσεις
3380 5203 3700 5280 ἀφανισμῷ.

616 5299 781 5354 ΚΕΦ.
817 5299 936 5354 ΚΔ“.
973 5300 1103 5370 Ηερὶ
1133 5297 1594 5370 νυκτοπολέμου.

350 5383 416 5438 Εἴ
447 5381 504 5439 δὲ
551 5384 628 5446 εἷς
674 5385 855 5459 ἑτέραν
902 5382 1104 5441 ἔλθωσι
1161 5387 1394 5462 βουλὴν,
1444 5388 1580 5443 κατά
1623 5389 1686 5442 τὸ
1745 5384 1938 5442 δοκοῦν

281 5473 494 5543 αὐτοῖς,
552 5473 964 5542 λυσιτελοῦσαν,
1023 5475 1112 5530 καὶ
1195 5478 1352 5546 ἡνίκα
1422 5499 1479 5532 σε
1559 5472 1938 5532 καταλαϐόντα

2279 5299 2408 5353 CAP.
2441 5299 2640 5352 XXIV.
2677 5297 2747 5352 De
2777 5297 3132 5352 dimicatione
3161 5302 3456 5350 nocturna.

2121 5388 2176 5442 Si
2208 5403 2342 5441 vero
2376 5387 2437 5440 in
2469 5386 2646 5441 aliam
2693 5385 3111 5458 cogitationem
3143 5385 3404 5452 veniunt,
3442 5381 3574 5446 sibi,
3603 5397 3696 5436 se-

2045 5477 2306 5532 cundum
2339 5477 2516 5547 ipsos,
2543 5476 2883 5542 salutarem,
2910 5481 2988 5542 et,
3017 5474 3272 5530 adventu
3299 5478 3397 5527 tuo
3438 5470 3697 5542 cognito,

1489 5622 1550 5678 C.
1594 5624 1656 5677 Β.
1701 5623 1891 5678 HASlI
1932 5619 2488 5678 ANNOTATIONES.

357 5763 406 5800 ⁸⁸
435 5761 740 5837 ἐξεθέμεθα.
776 5762 902 5818 νιᾶ.
932 5780 1110 5835 supra
1144 5765 1264 5820 122.

609 5897 872 5962 ΡΑτιιοι..
920 5897 1033 5956 Gn.
1079 5894 1315 5958 CXVII.
