4078 6204
344 394 500 455 1003

1649 376 2085 439 NICEPHOBI
2127 372 2431 434 PHOCIE.

3600 369 3764 432 1004

344 529 453 586 sub
476 531 713 583 noctem
743 519 1144 579 tabernaculis
1191 516 1425 572 statutis
1474 513 1806 581 consident,
1855 517 1977 566 tum

2106 505 2398 570 αἴσθωνται
2448 507 2640 567 νυκτὸς
2702 505 3111 576 ἀπληκεύσωσι,
3177 506 3274 568 τᾶς
3332 506 3535 573 σκηνὰς
3588 506 3766 576 πηξά-

344 635 607 693 pugnam
635 619 988 670 nocturnam
1022 624 1156 662 cum
1181 606 1304 661 illis
1335 605 1691 660 committes.
1726 601 2002 656 Prmlium

347 691 546 766 autem
606 707 866 759 intruere
917 699 1072 755 254
1133 702 1365 768 Oportet
1421 695 1701 750 adversus
1759 692 1893 746 illos
1939 691 1998 744 in

346 800 504 853 hunc
533 793 776 849 modum
802 809 814 844 :
845 791 930 844 Tu
961 805 992 842 a
1020 794 1180 859 tergo
1217 803 1353 840 cum
1386 784 1642 856 pedestri
1677 783 1800 838 acie
1833 782 2001 852 signa

345 887 610 941 inferes.
675 879 957 949 Reliquos
1028 876 1334 948 pedestres
1383 889 1665 928 numeros
1724 869 1998 926 distribui

345 977 578 1045 oportet
608 971 668 1024 in
696 974 893 1040 partes
919 984 1042 1032 sex,
1068 971 1308 1035 tresque
1341 980 1447 1034 per
1470 961 1780 1031 obliquum
1815 977 1844 1014 e
1869 959 2002 1012 dex-

346 1069 434 1117 tro
468 1063 652 1116 latere
683 1058 970 1122 hostium,
1007 1061 1124 1110 tres
1158 1071 1225 1108 ex
1259 1053 1501 1106 sinistro
1529 1050 1734 1113 locari,
1771 1049 1819 1102 si
1854 1047 1995 1118 qui-

343 1153 480 1206 dem
516 1167 616 1204 eos
648 1153 861 1202 natura
883 1144 998 1199 loci
1031 1149 1224 1198 castra
1255 1144 1315 1196 in
1347 1139 1783 1211 longitudinem
1813 1137 1997 1208 porri-

345 1258 484 1314 gere
519 1239 713 1310 coegit
739 1255 750 1291 :
777 1237 1000 1291 distent
1029 1239 1228 1288 autem
1263 1233 1351 1286 hae
1375 1231 1531 1285 acies
1561 1229 1716 1282 inter
1737 1243 1800 1281 se
1828 1226 1996 1296 quasi

345 1331 571 1402 sagittae
595 1329 846 1398 jactum,
882 1329 985 1378 aut
1015 1322 1192 1394 paulo
1226 1321 1448 1377 minus.
1485 1319 1792 1387 solamque
1824 1332 1994 1386 aper-

346 1424 466 1474 tam
491 1426 550 1472 et
570 1413 997 1470 incustoditam
1027 1411 1371 1480 relinquant
1392 1408 1544 1462 viam
1568 1407 1756 1473 illam,
1777 1422 1894 1475 qua
1922 1403 1996 1458 ad

349 1508 597 1578 patriam
632 1504 1006 1572 salutemque
1039 1499 1362 1554 adversarii
1389 1496 1695 1568 pervenire
1728 1493 1993 1564 possint:

343 1603 430 1666 ut,
463 1595 750 1651 acerrimo
783 1593 1007 1662 impetu
1039 1590 1100 1643 in
1133 1605 1234 1644 eos
1265 1587 1438 1653 facto,
1463 1592 1521 1640 et
1543 1586 1698 1638 viam
1730 1589 1995 1654 apertam

347 1685 670 1748 inveniant,
691 1690 862 1752 etspe
879 1680 1027 1735 falsa
1041 1677 1290 1744 inducti,
1308 1694 1368 1730 se
1388 1674 1720 1730 incolumes
1739 1689 1995 1745 pugnam

348 1776 603 1846 effugere
635 1772 997 1838 domumque
1043 1766 1348 1838 pervenire
1399 1780 1570 1835 posse
1607 1806 1620 1830 ,
1653 1763 1996 1817 conscensis

2109 615 2284 668 μενοι,
2317 595 2441 649 τότε
2473 593 2883 668 νυκτοπόλεμον
2941 596 3057 648 κατ’
3105 593 3280 648 αὐτῶν
3333 593 3556 668 ἐργάσῃ.
3609 594 3767 663 Πλήν

2107 683 2281 747 οὕτως
2311 705 2370 738 σε
2393 685 2486 738 τὸν
2516 684 2635 738 κατ’
2665 683 2844 738 αὐτῶν
2877 684 2991 759 χρὴ
3057 680 3317 745 διαθεῖναι
3361 681 3629 756 πόλεμονο
3681 684 3766 738 Σὺ

2109 773 2204 845 μὲν
2236 773 2296 827 ἐκ
2342 777 2449 828 τῶν
2502 773 2721 828 ὅπισθεν
2786 773 2920 846 μετὰ
2973 777 3200 842 πεζικῆς
3258 773 3603 848 παρατάξεως
3659 776 3764 842 τὴν

2105 866 2427 944 προσϐολὴν
2487 873 2762 942 ποιήσεις.
2812 874 2918 934 Τὰς
2969 869 3026 926 δὲ
3074 871 3271 935 λοιπὰς
3317 873 3538 941 πεζικὰς
3581 872 3766 943 τάξεις

2107 957 2306 1014 διελεῖν
2341 962 2452 1035 χρὴ
2492 960 2566 1023 εἰς
2626 959 2676 1032 ἔξ
2732 958 2980 1033 μερίδας,
3039 961 3130 1015 καί
3176 966 3322 1034 τρεῖς
3370 961 3465 1033 μὲν
3509 962 3644 1016 κατὰ
3697 963 3763 1016 τὸ

2106 1047 2274 1118 δεξιὸν
2311 1053 2415 1103 τῶν
2450 1048 2735 1122 πολεμίων
2767 1049 2826 1104 ἐκ
2856 1048 3098 1124 πλαγίου
3130 1048 3330 1118 αὐτῶν,
3363 1055 3510 1124 τρεῖς
3544 1047 3600 1104 δὲ
3621 1049 3765 1104 κατᾶ

2102 1138 2164 1190 τὸ
2205 1137 2486 1209 εὐῳνυμον
2517 1145 2872 1206 καταστῆσαι,
2907 1137 2960 1192 εἷ’
2982 1160 3041 1214 γε
3065 1137 3140 1202 εἷς
3170 1145 3346 1211 μῆκος
3375 1140 3408 1207 ἡ
3442 1143 3537 1192 τοῦ
3582 1139 3765 1192 τόπου

2105 1226 2245 1289 θὲσις
2275 1227 2337 1281 τὸ
2380 1228 2582 1280 ἑαυτῶν
2636 1225 2920 1297 ἄπληκτον
2977 1235 3312 1296 καταστῆσαι
3354 1230 3762 1303 καταναγκάσῃ,

2105 1315 2414 1391 ἀπεχούσας
2465 1314 2732 1387 ἀλλήλων
2789 1316 2917 1370 ὡσεὶ
2970 1317 3129 1387 τόξου
3191 1313 3458 1391 βολήν,ἤ
3513 1317 3600 1370 καὶ
3668 1339 3761 1388 μι-

2101 1405 2228 1477 κρὸν
2285 1402 2533 1459 ἔλαττον’
2597 1403 2767 1477 μόνην
2841 1401 3194 1479 ἀνεῳγμένην
3276 1405 3367 1459 καὶ
3445 1403 3756 1482 ἀφύλακτον

2102 1493 2616 1564 καταλιμπάνουσαι
2648 1494 2746 1562 τήν
2782 1490 2930 1554 ὁδὸν.
2969 1495 3070 1563 τὴν
3113 1494 3251 1567 πρὸς
3297 1493 3363 1548 τὰ
3413 1494 3586 1549 οἰκεῖα
3627 1496 3758 1556 τοὺς

2103 1581 2407 1654 πολεμίους
2463 1579 2855 1652 διασώζουσαν·
2915 1584 3063 1646 ὅπως
3125 1579 3516 1656 σφοδρωτάτου
3566 1587 3757 1647 αὐτοῖς

2103 1669 2444 1734 ἐπιτεθέντος
2471 1675 2568 1726 τοῦ
2607 1669 2879 1744 πολέμου,
2939 1673 3029 1727 καὶ
3085 1673 3186 1741 τήν
3235 1669 3358 1726 ὁδὸν
3412 1672 3756 1748 ἀνεῳγμὲνην

3702 1763 3714 1779 Ι

2104 1759 2485 1836 ἐφευρίσκωσι,
2544 1762 2630 1814 καὶ
2691 1763 2870 1828 ἀπάτη
2923 1765 3021 1816 τοῦ
3110 1761 3443 1830 διασωθῆναι
3499 1761 3592 1816 καὶ
3661 1763 3754 1817 τὸν

344 1863 511 1932 equis
546 1878 614 1915 ea
643 1860 791 1931 fugai
827 1875 888 1912 se
920 1857 1253 1918 comittant,
1288 1859 1636 1922 tantumque
1671 1869 1790 1906 suae
1831 1852 1977 1922 quis-

2103 1847 2348 1922 πόλεμον
2409 1847 2686 1927 διαφυγεῖν
2745 1850 2832 1904 καὶ
2889 1851 2988 1918 τὴν
3041 1847 3180 1904 ἰδίαν
3237 1847 3586 1921 καταλαϐεῖν,
3645 1851 3761 1906 ἐπι-

345 1967 459 2022 que
493 1949 703 2005 salutis
735 1947 1028 2002 rationem
1061 1945 1298 1999 habeat.
1335 1943 1392 1996 Si
1421 1959 1542 1996 non
1575 1942 1636 1995 in
1668 1939 1988 2011 longitudi~

346 2057 487 2095 nem
517 2041 911 2110 porrexerunt
939 2040 1154 2100 castra,
1207 2031 1312 2087 sed
1351 2032 1619 2086 locorum
1651 2031 1800 2085 situs
1831 2028 1993 2084 orbi-

347 2129 543 2184 culata
571 2145 643 2182 ea
673 2125 886 2190 effecit,
943 2128 1175 2195 oportet
1205 2128 1260 2176 te
1299 2121 1606 2193 pedestres
1665 2120 1820 2174 acies
1879 2118 1990 2174 cir-

347 2220 642 2275 cumcirca
693 2216 1086 2272 collocantem
1129 2207 1363 2285 jubere,
1414 2217 1480 2265 ut
1517 2211 1590 2266 ad
1622 2227 1878 2283 pugnam
1927 2227 1989 2264 se

346 2313 595 2379 parent:
630 2307 824 2362 solum
885 2310 1106 2368 autem,
1167 2307 1232 2357 ut
1289 2301 1620 2367 docuimus,
1681 2300 1830 2354 illud
1878 2299 1991 2353 iter

343 2398 599 2452 liberum
652 2401 710 2450 et
757 2399 1030 2464 apertum
1079 2391 1443 2460 relinquere,
1489 2387 1647 2458 quod
1677 2386 1750 2441 ad
1780 2387 1986 2442 adver-

340 2487 634 2541 sariorum
668 2485 817 2538 fines
841 2482 1020 2536 ducit.
1056 2482 1374 2550 Postquam
1397 2477 1721 2549 peditatum
1747 2478 1807 2531 in
1828 2478 1986 2532 hunc

338 2575 580 2630 modum
613 2571 988 2638 instruxeris,
1017 2569 1161 2640 jube
1191 2585 1327 2622 eum
1361 2584 1480 2621 non
1503 2566 1710 2637 procul
1744 2565 1816 2620 ab
1848 2567 1982 2620 hos-

339 2665 498 2718 tibus
530 2662 864 2728 considere,
908 2661 1192 2732 ignesque
1226 2673 1438 2728 magno
1471 2672 1720 2710 numero
1774 2671 1985 2710 accen-

336 2753 495 2808 dere.
531 2755 711 2806 Porro
745 2751 804 2803 in
851 2763 1207 2818 unaquaque
1255 2745 1514 2817 pedestri
1563 2745 1689 2799 acie
1738 2744 1983 2814 praafec-

339 2850 464 2898 tum
493 2841 820 2897 constitues
855 2838 1108 2910 probum
1167 2841 1224 2890 et
1280 2835 1494 2889 fortem
1547 2834 1784 2888 virum:
1839 2833 1982 2887 item

334 2949 467 2986 cum
502 2931 620 2985 illis
641 2929 870 3000 equites
902 2927 975 2982 ad
1007 2924 1271 2997 singulas
1293 2923 1579 2993 acies,qui
1603 2939 1637 2977 a
1656 2927 1819 2994 tergo
1843 2922 1982 2977 sub-

335 3021 474 3085 sint,
509 3021 556 3074 si
589 3036 694 3090 per
722 3019 918 3072 locum
951 3015 1128 3080 dicet,
1161 3030 1296 3068 cum
1327 3011 1576 3067 ducibus
1603 3011 1854 3068 idoneis.
1881 3013 1980 3066 His

339 3107 748 3178 obtemperare
772 3102 1014 3175 jubebis
1049 3116 1259 3154 omnes
1290 3099 1530 3164 milites,
1566 3098 1742 3153 etiam
1766 3098 1977 3170 pedes-

333 3197 515 3250 trium
547 3194 828 3249 acierum.
863 3191 962 3246 His
986 3191 1066 3244 ita
1088 3186 1728 3259 administratis,deligi
1751 3195 1982 3259 oportet

331 3286 538 3340 velites
569 3283 720 3340 255
753 3283 936 3336 fortes
994 3285 1052 3335 et
1088 3279 1515 3344 velocissimos,
1576 3293 1795 3348 eosque
1827 3297 1974 3350 prae-

330 3376 506 3441 mitti,
531 3377 596 3428 ut
617 3372 854 3427 silentio
877 3369 1174 3442 progressi
1199 3384 1376 3440 quam
1399 3367 1666 3438 proxime
1685 3367 1759 3421 ad
1779 3369 1978 3423 hostes

330 3463 635 3528 accedant,
671 3462 755 3516 sic
787 3460 1001 3525 edocti,
1035 3463 1100 3514 ut
1132 3458 1321 3529 primo
1355 3455 1456 3526 qui
1493 3456 1667 3526 juxta
1714 3456 1978 3511 medium

325 3569 537 3620 agmen
561 3553 698 3616 sint,
732 3552 1022 3621 impetum
1045 3547 1284 3612 faciant,
1318 3544 1535 3599 deinde
1567 3545 1667 3615 qui
1697 3562 1732 3600 a
1760 3545 1975 3603 fronte.

325 3641 489 3704 Quod
523 3641 572 3694 si
595 3656 664 3693 ex
696 3645 948 3707 utroque
981 3637 1165 3690 latere
1223 3635 1387 3688 locus
1445 3633 1743 3704 fastigium
1776 3633 1970 3690 habet.

323 3727 630 3797 pedestres
667 3727 823 3779 acies
883 3725 945 3776 in
977 3724 1245 3777 hostes...
1309 3720 1626 3775 adversarii
1677 3723 1973 3777 manuali-

323 3815 432 3867 bus
465 3819 524 3867 et
545 3812 890 3867 fundalibus
949 3810 1128 3874 saxis,
1188 3807 1532 3880 sagittisque
1590 3809 1870 3880 utrinque
1902 3828 1972 3865 ex

323 3902 472 3956 locis
521 3899 925 3972 superioribus
983 3897 1251 3969 appetiti,
1310 3895 1475 3950 nullo
1533 3898 1767 3968 negotio
1797 3898 1970 3970 disji-

323 3992 579 4046 cientur.
615 3991 672 4044 Si
696 4006 816 4044 non
850 3989 932 4043 sic
965 4005 1027 4043 se
1059 3987 1236 4042 habet
1267 3986 1533 4040 locorum
1565 3988 1732 4054 situs,
1767 3989 1870 4042 sed
1900 4006 1970 4044 ex

322 4081 510 4136 altera
537 4079 824 4135 duntaxat
853 4084 1019 4149 parte
1051 4076 1350 4146 fastigium
1373 4076 1666 4142 imminet,
1695 4076 1970 4133 similiter

319 4169 459 4224 inde
488 4168 722 4224 facilius
741 4183 880 4222 saxa
903 4166 1202 4238 etsagittaa
1229 4165 1289 4218 in
1309 4164 1442 4219 illos
1473 4164 1846 4236 adjicientur.
1865 4167 1964 4221 Sin

317 4263 517 4314 autem
550 4258 612 4312 in
661 4256 908 4328 planitie
966 4272 1060 4310 res
1118 4255 1362 4327 geritur,
1423 4254 1636 4326 majori
1690 4255 1964 4311 cautione

314 4347 579 4403 ineunda
614 4362 812 4418 pugna
867 4350 976 4400 est.
1032 4343 1240 4398 Hostes
1275 4345 1322 4397 si
1355 4343 1563 4397 volunt
1619 4345 1962 4399 conscensis

313 4437 481 4507 equis
514 4435 574 4490 in
605 4441 843 4490 nostros
875 4434 1164 4505 impetum
1205 4432 1420 4499 facere,
1463 4432 1736 4487 velitibus
1766 4449 1800 4488 a
1830 4433 1958 4489 loco

309 4525 528 4596 adjutis
558 4522 1005 4579 incommodum
1036 4521 1270 4576 nullum
1304 4520 1584 4587 inferent,
1617 4521 1720 4576 sed
1753 4539 1813 4576 se
1846 4523 1957 4593 ipsi

2108 1933 2245 1992 ϐῶσι
2268 1943 2372 1992 τῶν
2402 1937 2613 2008 ἵππων,
2643 1941 2732 1993 καὶ
2766 1935 2834 1993 δι’
2868 1938 3034 2008 αὐτῆς
3066 1940 3202 2007 πρὸς
3235 1942 3410 2016 φυγὴν
3445 1941 3752 2013 ὁρμήσωσι,

2107 2029 2279 2100 μόνην
2315 2025 2537 2089 ἕκαστος
2581 2030 2681 2097 τήν
2742 2027 2879 2083 ἰδίαν
2939 2030 3400 2104 περιποιούμενος
3455 2029 3750 2105 σωτηρίαν.

2103 2113 2170 2170 Εἴ
2198 2112 2254 2170 δὲ
2285 2114 2384 2170 οὐκ
2415 2117 2682 2189 ἐπίμηκες
2711 2118 3078 2186 πεποιήκεσαν
3105 2119 3167 2172 τὸ
3195 2118 3396 2172 ἑαυτῶν
3441 2115 3746 2190 ἄπληκτον,

2101 2201 2227 2258 ἀλλ’
2260 2207 2294 2274 ἡ
2329 2210 2424 2259 τοῦ
2453 2206 2625 2260 τόπου
2659 2204 2802 2269 θὲσις
2832 2205 3157 2281 κυκλοτερὲς
3189 2207 3320 2261 αὐτὸ
3359 2206 3744 2284 ἀπειργάσατο,

2100 2297 2211 2369 χρή
2246 2316 2300 2348 σε
2329 2297 2425 2358 τὰς
2454 2295 2675 2364 πεζικὰς
2707 2297 2925 2351 ἱστάντα
2955 2298 3275 2371 παρατάξεις
3292 2297 3534 2372 γυρόθεν,
3561 2319 3738 2364 παρα-

2098 2390 2450 2451 σκευασθῆναι
2479 2386 2676 2450 ταύτας
2707 2387 2998 2461 προστάξαι
3056 2387 3191 2462 πρὸς
3239 2387 3506 2460 πόλεμον·
3567 2388 3736 2460 μόνην

2097 2471 2174 2543 δὲ,
2208 2475 2281 2536 ὡς
2313 2471 2543 2549 ἔφημεν,
2574 2477 2672 2544 τήν
2707 2474 2829 2530 ὁδὸν
2865 2474 3057 2554 ἄφετον
3088 2477 3178 2531 καὶ
3203 2476 3553 2550 ἀνεῳγμένην
3576 2499 3736 2532 κατα-

2097 2559 2294 2627 λιπεῖν,
2328 2565 2426 2632 τὴν
2458 2564 2594 2638 πρὸς
2622 2565 2688 2618 τὰ
2717 2561 2824 2618 ἴδια
2879 2563 3091 2618 τούτων
3143 2564 3422 2640 φέρουσαν.
3486 2565 3633 2621 Μετά
3685 2563 3738 2618 δὲ

2091 2651 2154 2705 τὸ
2214 2649 2556 2723 διατάξασθαι
2613 2652 2741 2714 τοὺς
2813 2652 3009 2720 πεζοὺς
3094 2658 3286 2708 τοῦτον
3354 2654 3447 2708 τὸν
3518 2654 3738 2725 τρόπον,

2092 2739 2545 2814 παραπληκεῦσαι
2576 2747 2691 2803 τοῖς
2735 2742 3027 2814 πολεμίοις
3073 2743 3412 2816 προστάξεις,
3463 2744 3551 2797 καὶ
3599 2745 3740 2818 πυρά

2093 2828 2168 2890 είς
2201 2830 2414 2898 πλῆθος
2448 2832 2642 2904 ἀνάψαι
2676 2831 2881 2888 πολλά.
2928 2834 3013 2887 Ἐν
3068 2837 3166 2904 μιᾷ
3217 2829 3275 2886 δὲ
3326 2833 3520 2906 ἑκάστῃ
3565 2854 3737 2907 παρα-

2089 2918 2231 2988 τάξει
2290 2924 2397 2974 τῶν
2449 2926 2624 2990 πεζῶν
2703 2923 2792 2975 καὶ
2873 2922 3116 2998 ἀρχοντα
3196 2925 3554 2992 καταστήσεις
3632 2927 3737 2976 τῶν

2089 3008 2384 3082 χρησίμων
2431 3011 2518 3064 καὶ
2577 3007 2857 3084 ἀνδρείων·
2913 3011 3003 3064 σὺν
3065 3011 3248 3072 αὐτοῖς
3307 3009 3364 3066 δὲ
3440 3013 3626 3074 ἱππεῖς
3682 3012 3732 3066 ἐν

2092 3102 2216 3169 μιᾷν
2249 3098 2444 3172 ἑκάστῃ
2499 3099 2812 3172 παρατάξει,
2867 3099 2925 3154 ἐκ
2973 3105 3078 3154 τῶν
3127 3097 3342 3164 ὄπισθεν
3390 3103 3732 3174 ἱσταμένους,

2008 3223 2052 3290 C
2079 3183 2199 3259 ἐῖ¹γε
2228 3187 2317 3239 καὶ
2351 3188 2378 3241 ὁ
2413 3193 2598 3262 χῶρος
2649 3186 2892 3260 δίδωσιν,
2930 3186 3155 3263 ἔχοντας
3209 3189 3490 3265 ἀρχηγοὺς
3538 3188 3730 3265 ἄνδρας

2100 3275 2145 3290 η
2210 3274 2229 3290 ς
2264 3276 2276 3290 ,
2506 3283 2547 3290 ..
2589 3277 2620 3290 ,κ
2707 3289 2714 3290 ,
2773 3277 2785 3290 .
3042 3278 3054 3290 .
3135 3284 3156 3290 _
3459 3279 3502 3290 .-
3713 3281 3723 3290 .

2089 3274 2430 3351 ἀξιολόγους.
2506 3277 2785 3342 Πείθεσθαί
2863 3299 2920 3333 τε
2998 3278 3182 3340 αὐτοῖς
3267 3279 3586 3352 προστάξεις
3638 3281 3727 3333 καὶ

2089 3361 2298 3418 ἅπαντα
2355 3365 2446 3418 τὸν
2507 3363 2636 3420 λαὸν
2693 3369 2778 3439 [Ρ.
2843 3372 2964 3442 165]
3011 3371 3118 3421 τῶν
3198 3373 3432 3437 πεζικῶν
3505 3367 3728 3438 τάξεων.

2086 3453 2235 3507 Μετά
2293 3449 2351 3507 δὲ
2405 3454 2465 3508 τὸ
2545 3453 2717 3516 οὕτως
2799 3462 3324 3530 παρασκευασθῆναι,
3402 3455 3728 3532 διαχωρίσαι

2087 3541 2199 3615 χρὴ
2232 3545 2338 3596 τῶν
2373 3541 2549 3613 ψιλῶν
2586 3541 2863 3619 ἀνδρείους
2892 3544 2983 3598 καὶ
3037 3550 3226 3620 ταχεῖς
3274 3549 3390 3606 τοῖς
3438 3545 3588 3616 ποσὶ,
3638 3547 3726 3602 καὶ

2087 3627 2386 3704 ἔμπροσθεν
2443 3633 2790 3703 ἁπουτεῖλαι,
2871 3638 2968 3688 τοῦ
3050 3633 3179 3708 σιγῇ
3253 3633 3557 3705 κατελθεῖν,
3637 3637 3726 3690 καὶ

2084 3713 2304 3794 ἔγγιστα
2358 3724 2465 3774 τῶν
2518 3721 2802 3794 πολεμίων
2879 3722 3141 3796 γενέσθαι,
3211 3721 3302 3778 καὶ
3397 3721 3729 3798 διορίσασθαι

2083 3807 2287 3875 αὐτοῖς,
2317 3809 2409 3862 ἳνα
2457 3814 2675 3884 πρῶτον
2739 3811 2832 3882 μὲν
2891 3811 2942 3864 οἱ
3000 3811 3051 3865 ἐν
3111 3815 3190 3883 τῷ
3250 3813 3396 3885 μέσῳ
3451 3813 3726 3885 ἱστάμενοι

2077 3897 2178 3965 τήν
2212 3893 2531 3971 προσϐολήν
2566 3899 2926 3970 ποιήσωνται,
2951 3901 3050 3964 εἷθ’
3079 3899 3254 3964 οὕτως
3298 3903 3350 3955 οἱ
3397 3895 3724 3975 ἔμπροσθεν.

2081 3987 2184 4040 Καὶ
2229 3986 2273 4040 εἰ
2347 3987 2440 4060 μὲν
2496 3987 2546 4056 ἐξ
2598 3988 2916 4066 ἀμφοτέρων
2962 3993 3069 4044 τῶν
3124 3994 3302 4063 μερῶν
3334 3992 3368 4058 ἡ
3398 3994 3496 4044 τοῦ
3551 3990 3722 4046 τόπου

2079 4074 2222 4139 θέσις
2280 4076 2640 4151 ὑψηλονὲρως
2697 4076 2867 4156 φέρει,
2933 4078 3029 4140 τάς
3085 4079 3306 4146 πεζικὰς
3361 4078 3536 4150 τάξεις
3585 4081 3722 4134 κατὰ

2075 4168 2181 4218 τῶν
2217 4163 2502 4236 πολεμίων
2533 4165 2578 4201 ⁸⁷
2613 4163 2944 4240 βαλλόμενοι
2976 4168 3026 4220 οἱ
3057 4162 3320 4239 πολὲμιοι
3347 4173 3463 4229 τοῖς
3491 4167 3550 4223 ἐκ
3599 4187 3719 4244 χει-

2076 4257 2183 4326 ρῶν
2243 4254 2331 4308 καῖ
2386 4251 2691 4330 σφενδονῶν
2748 4254 2924 4318 λίθοις
2983 4256 3072 4310 καὶ
3157 4255 3334 4326 τόξοις
3410 4259 3609 4322 ἄνωθεν
3664 4257 3715 4329 ἐξ

2075 4343 2364 4415 ἑκατέρων,
2393 4342 2634 4416 εὐχερῶς
2687 4343 3181 4416 καταλυθήσονται.
3214 4345 3277 4401 Εἰ
3318 4343 3375 4400 δὲ
3415 4347 3492 4418 μή
3541 4346 3714 4410 οὕτως

2072 4429 2190 4506 ἔχει
2247 4434 2282 4501 ἡ
2337 4435 2434 4486 τοῦ
2491 4433 2661 4486 τόπου
2719 4433 2880 4500 θέσις,
2936 4433 3060 4489 ἀλλ’
3120 4433 3171 4507 ἐξ
3227 4435 3344 4496 ἑνὸς
3397 4436 3595 4510 μέρους
3653 4437 3715 4491 τὸ

2073 4518 2283 4593 ὑψηλὸν
2323 4518 2652 4594 ὑπέρκειται,
2694 4522 2782 4576 καὶ
2836 4521 3097 4585 ὡσαύτως
3147 4522 3347 4587 ἐκεῖθεν
3398 4524 3718 4599 εὐχερέστε-

307 4583 504 4686 potius
536 4629 747 4685 magno
770 4612 1038 4667 afﬁcient
1063 4610 1238 4665 malo.
1276 4611 1492 4665 Omnes
1524 4583 1722 4663 autem
1771 4583 1956 4681 pede-

2087 4629 2162 4662 ιον
2215 4613 2321 4663 τῶν
2385 4609 2548 4672 λίθων
2605 4611 2694 4664 καὶ
2751 4612 2919 4681 τόξων
2979 4611 3072 4673 τὰς
3137 4611 3303 4687 βολὰς
3363 4615 3478 4668 κατ’
3537 4613 3710 4667 αὐτῶν

310 4708 460 4758 stres
494 4703 676 4773 COpiaa
728 4702 935 4758 eodem
995 4705 1258 4770 tempore
1317 4699 1627 4753 decurrere
1678 4699 1955 4769 utrinque

309 4790 550 4856 debent,
585 4789 862 4859 tubisque
895 4786 1350 4843 concinentibus
1380 4785 1702 4840 clamorem
1735 4793 1794 4840 et
1821 4787 1952 4842 bar-

307 4881 490 4934 ritum
513 4877 743 4933 tollere.
778 4878 1066 4948 Deinceps
1090 4876 1206 4930 dux
1228 4891 1464 4946 quoque
1485 4891 1519 4930 a
1545 4879 1705 4948 tergo
1737 4877 1955 4932 acriter

306 4967 581 5039 praelium
613 4967 963 5021 committat.
999 4968 1080 5020 Ac
1129 4965 1176 5018 si
1210 4970 1590 5035 perseverant
1631 4965 1950 5022 adversarii

304 5072 503 5125 neque
532 5055 684 5126 fugae
744 5071 805 5110 se
865 5053 1306 5121 commendant,
1361 5053 1616 5124 expediti
1657 5054 1860 5110 velites
1893 5063 1951 5110 et

301 5144 594 5215 praemissi
655 5143 1032 5216 antesignani
1069 5142 1285 5197 ducum
1318 5141 1754 5199 bortationibus
1793 5144 1941 5199 inci-

298 5233 462 5289 tandi
492 5238 652 5301 sunt,
685 5238 752 5287 ut
775 5250 963 5302 usque
988 5233 1047 5286 in
1072 5231 1452 5286 tabernacula
1474 5231 1730 5287 hostium
1763 5250 1940 5304 pene-

293 5328 470 5377 trent.
505 5321 568 5376 Id
601 5321 774 5376 facile
802 5321 912 5374 erit
939 5320 1097 5376 factu
1131 5325 1371 5390 propter
1393 5319 1654 5375 salebras
1685 5321 1820 5377 loci.
1856 5326 1942 5380 Ita

285 5411 386 5467 ubi
411 5411 754 5482 occeperint
775 5425 987 5464 manus
1015 5408 1262 5478 injicere
1286 5409 1475 5478 equis,
1507 5409 1702 5474 mulis,
1725 5409 1940 5466 instru-

2066 4699 2445 4770 πεμπέτωσαν.
2495 4698 2645 4768 Πλὴν
2706 4699 2764 4754 ἐκ
2815 4705 2910 4753 τοῦ
2965 4699 3248 4777 ἐιρομάλου
3290 4699 3706 4774 ἐπιμελέστερον

2061 4780 2280 4860 ἔχεσθαι
2314 4783 2395 4840 δεῖ
2420 4789 2520 4851 τῆς
2559 4789 2767 4862 μάχης.
2824 4787 2885 4842 Εἰ
2929 4784 2984 4842 δὲ
3031 4788 3379 4863 βουληθῶσιν
3429 4790 3481 4842 οἱ
3539 4788 3707 4845 πολέ-

2065 4896 2184 4948 μιοι
2243 4871 2494 4944 ἐπιϐῆναι
2553 4875 2762 4946 ἳππων,
2821 4877 2908 4930 καὶ
2986 4879 3104 4931 κατ’

2059 4961 2212 5019 οὐδὲν
2251 4965 2344 5036 μὶν
2376 4970 2494 5028 τοῖς
2541 4963 2728 5038 ψιλοῖς
2790 4963 2957 5020 δεινὸν
3006 4965 3342 5040 ἐργάσονται,
3389 4971 3485 5022 τοῦ
3532 4967 3704 5023 τόπου

2060 5054 2387 5128 βοηθοῦντος
2415 5053 2625 5116 αὐτοῖς·
2682 5055 2894 5116 ἑαυτοῖς
2927 5051 2984 5109 δὲ
3031 5054 3244 5128 μᾶλλαν
3278 5053 3520 5130 μεγάλην
3565 5077 3700 5131 προ-

2053 5142 2334 5213 ξενήσουσι
2367 5137 2602 5216 βλάϐην.
2629 5138 3131 5217 Συγκαταϐήτωσαν
3166 5142 3224 5199 δὲ
3247 5165 3411 5200 πασαι
3438 5145 3492 5198 αἱ
3542 5151 3699 5214 πεζι-

2051 5231 2140 5286 καὶ
2169 5231 2342 5302 τάξεις
2375 5230 2425 5301 ἐξ
2459 5231 2781 5306 ἀμφοτέρων
2814 5237 2922 5286 τῶν
2951 5237 3153 5306 μερῶν,
3212 5233 3301 5288 καὶ
3353 5232 3700 5290 σαλπισάτω-

2051 5342 2142 5375 σαν
2179 5320 2378 5374 ἅπασαι
2443 5319 2577 5392 μετά
2635 5327 2876 5395 κραυγῆς
2927 5322 3013 5375 καὶ
3077 5321 3425 5397 ἀλαλαγμοῦ.
3476 5325 3702 5380 Ἔπειτα

2047 5409 2138 5465 καὶ
2170 5410 2197 5463 ὁ
2232 5409 2537 5484 στρατηγὸς
2567 5407 2627 5463 ἐκ
2653 5414 2764 5464 τῶν
2797 5405 3012 5465 ὄπισθεν
3047 5409 3293 5486 ἰσχυρῶς
3317 5413 3506 5486 ἁψάτω
3536 5414 3700 5470 ⁸³τοῦ

3183 4877 3358 4932 αὐτῶν
3437 4879 3704 4951 ὁρμῆσαι,

1490 5536 1546 5586 Ο.
1597 5534 1654 5586 Β.
1701 5535 1881 5589 HASII
1919 5535 2472 5592 ANNOTATIONES.

349 5625 392 5659 ⁸⁷
423 5625 568 5700 φέρει
609 5656 678 5664 —
707 5621 1018 5692 πολεμίων.
1060 5620 1299 5676 Videtur
1329 5621 1536 5677 deesse
1566 5621 1792 5693 aliquid
1823 5641 1836 5690 ;
1871 5625 1977 5680 nisi

279 5694 330 5730 88
360 5694 546 5730 ,ξυνιείς-..ι
597 5698 729 5730 Enn}
787 5692 1011 5730 λιμένι-α...
1066 5693 1150 5730 σοι
1185 5692 1440 5730 ,τιυηιίιόιι-..ι
1497 5701 1782 5730 οοηιιοηιο
1819 5713 1977 5730 ann“:

2087 5641 2124 5680 .s
2173 5624 2532 5695 conjungere
2580 5623 2753 5692 τάξεις
2795 5642 2928 5680 cum
2983 5624 3132 5700 ιρὲρει
3188 5631 3246 5682 et
3292 5628 3428 5681 κατᾶ
3467 5648 3518 5684 τ.
3571 5627 3684 5684 πολ

2087 5696 2149 5730 m
2208 5701 2400 5730 ιυτηοη
2440 5697 2538 5730 me.
2595 5697 2637 5730 n

359 5683 566 5767 ἁψὲεέω.
597 5698 752 5751 Fort.
787 5683 1030 5767 ἁψᾶσθω.
1066 5693 1154 5749 vel
1185 5692 1460 5766 ἀναψάτω,
1497 5683 1782 5765 sequente
1815 5683 1977 5754 accus

2087 5696 2172 5751 id.
2208 5683 2555 5752 tamenvlﬁti.
2595 5683 2669 5750 οἱ
2743 5683 2749 5684 ί
2995 5683 3004 5700 ‘
