4078 6204
291 412 450 473 1005

1594 411 2013 474 VELI’l‘ATIO
2057 413 2411 474 BELLICA.

3550 418 3703 479 1006

289 545 569 619 πολέμου.
597 548 701 604 Καὶ
734 547 775 601 εί
807 544 883 602 ἔτι
914 550 1262 622 καρτεροῦσιν
1314 549 1365 601 οἱ
1410 546 1699 621 πολέμιοι,
1739 548 1825 601 καὶ
1865 549 1940 620 μή

2064 554 2255 602 mento
2288 548 2567 613 hostium,
2619 547 3012 616 hominesque
3047 548 3193 605 257
3257 550 3319 605 in
3351 551 3691 607 servitutem

292 636 431 709 πρὸς
493 638 668 713 φυγὴν
726 638 1087 711 ὁρμήσουσιν,
1144 638 1194 690 οἱ
1265 644 1454 711 ταχεῖς
1528 638 1681 710 ψιλοὶ
1742 639 1831 692 καὶ
1893 639 1943 691 οἱ

294 723 596 800 ἔμπροσθεν
695 723 1092 788 ἀποσταλέντες
1186 728 1699 799 παρορμηθητωσαν
1800 726 1945 801 παρά

291 817 401 867 τῶν
433 813 715 889 ἀρχόντων
746 812 942 886 αὐτῶν,
984 810 1133 867 ἔνδον
1188 813 1262 875 εἷς
1311 816 1407 875 τὰς
1459 816 1659 884 σκηνὰς
1690 823 1943 889 χωρῆσαι

292 909 403 957 τῶν
435 902 737 975 πολεμίων.
794 902 1031 978 Εὐχερές
1080 902 1183 977 γάρ
1248 908 1413 957 τοῦτο
1446 900 1589 957 ἔσται
1624 904 1804 965 αὐτοῖς
1839 903 1944 957 ἀπὸ

294 999 397 1060 τῆς
455 996 548 1045 τοῦ
604 991 777 1045 τόπου
835 992 1236 1065 σκληρότητος.
1300 993 1399 1047 Καὶ
1460 994 1623 1061 ἡνίκα
1680 993 1944 1066 ἄρξωνται

295 1077 698 1153 ἀναλαμϐάνειν
748 1079 956 1143 ’ίππους
1086 1081 1353 1151 ἡμιόνους
1398 1081 1487 1135 καὶ
1521 1079 1809 1156 πρέίγματα
1836 1085 1942 1135 τῶν

292 1169 599 1242 πολεμίων,
650 1171 740 1225 καὶ
800 1171 1117 1244 ἀνθρώπους
1170 1168 1599 1246 ἀνδραποδίζειν,
1640 1170 1727 1225 καὶ
1795 1171 1943 1246 ἀρχῆ

291 1259 524 1329 τοιαύτη
618 1257 859 1334 γένηται,
939 1260 1275 1331 ὁρμήσουσιν
1354 1260 1579 1320 ἅπαντες

290 1348 550 1417 τοιαύτη]
613 1347 942 1422 διαρπαγήν,
1000 1347 1089 1402 καὶ
1150 1345 1384 1425 ἀφειδῶς
1432 1345 1581 1402 ἔνδον
1624 1350 1945 1423 χωρήσουσι

1685 1258 1760 1320 είς
1845 1261 1942 1328 τήν

292 1442 401 1491 τῶν
462 1442 696 1507 σκηνῶν,
760 1438 896 1514 ξίφει
957 1436 1149 1498 αὐτοὺς
1199 1437 1647 1499 κατακόπτοντες.
1698 1438 1789 1493 Καὶ
1823 1432 1947 1491 τότε

297 1527 429 1600 πρὸς
467 1528 641 1603 φυγὴν
679 1527 1012 1600 ὁρμήσουσιν
1065 1528 1317 1593 ἅπαντες,
1349 1525 1465 1580 ὅσοι
1501 1528 1593 1599 μέν
1628 1526 1945 1601 ἰσχύσουσιν

293 1612 550 1685 ἐπιεῆναι
580 1616 789 1685 ἳππων,
851 1616 900 1670 οἱ
961 1613 1018 1670 δὲ
1071 1616 1160 1670 καὶ
1220 1620 1381 1687 πεζῇ,
1440 1616 1514 1677 ὡς
1548 1615 1606 1670 ἂν
1638 1614 1943 1686 δυνηθῶσιν

294 1701 441 1777 ὅρεσί
473 1726 531 1759 τε
573 1705 661 1758 καί
708 1707 932 1781 φάραγξι
982 1700 1270 1777 κρυϐῆναι,
1302 1705 1390 1759 καὶ
1423 1705 1696 1779 σωτῆρίας
1732 1710 1943 1780 τυχεῖν,

294 1794 395 1849 Καὶ
430 1794 473 1847 εἰ
503 1798 749 1849 τοιοῦτον
797 1798 866 1866 τῇ
924 1795 1151 1867 βοηθείᾳ
1200 1798 1295 1849 τοῦ
1343 1798 1477 1849 Θεοῦ
1506 1797 1726 1870 γένηται
1757 1796 1819 1849 τὸ
1848 1801 1945 1849 τοῦ

293 1882 543 1955 πολέμου
600 1886 765 1950 πέρας
847 1880 935 1936 δια
1020 1878 1318 1955 πρεσϐειῶν
1403 1889 1503 1952 τῆς
1562 1884 2021 1981 παναχράντουΒ

297 1972 506 2045 μητρὸς
534 1970 701 2026 αὐτοῦ
729 1972 818 2025 καὶ
864 1971 1153 2041 Θεοτόκου,
1206 1970 1358 2044 δόξαν
1396 1973 1491 2045 μὲν
1525 1974 1576 2027 οἱ
1603 1974 1748 2047 ἅγιοι
1785 1974 1942 2048 βασι-

295 2060 408 2121 λεῖς
443 2060 713 2134 λήψονται
758 2060 847 2114 καὶ
898 2063 1093 2135 κράτος
1145 2063 1282 2115 ἅπαν
1329 2062 1391 2115 τὸ
1439 2062 1748 2134 Ῥωμαϊκὸν
1782 2064 1939 2135 στρά-

290 2170 483 2223 τευμαο
548 2151 740 2223 μηκέτι
798 2154 904 2203 τῶν
964 2149 1251 2222 πολεμίων
1306 2153 1441 2204 κατὰ
1499 2152 1788 2226 πρόσωπον
1849 2150 1941 2205 αὖ·

288 2244 399 2294 τῶν
431 2246 617 2309 στῆναι
653 2236 984 2310 δυναμένων.
1050 2239 1112 2295 Εἴ
1171 2237 1227 2293 δέ
1284 2260 1346 2313 γε
1394 2239 1609 2313 ὁμαλοῦ
1641 2241 1945 2316 ἐπιτύχωσι

290 2330 482 2405 χώρου
539 2333 638 2394 τῆς
717 2330 926 2400 ἡμέρας
1006 2330 1419 2399 ἐπιφαινούσης,
1504 2330 1592 2383 καὶ
1651 2330 1728 2393 εἲς
1783 2331 1941 2387 αὖτδν

290 2416 657 2486 καταλύσωσι,
718 2418 811 2479 τὰς
863 2418 1064 2487 σκηνὰς
1120 2423 1443 2491 πηξάμενοι,
1502 2418 1591 2472 καί
1650 2420 1749 2474 οὐκ
1789 2422 1945 2496 εὐχε-

291 2513 401 2583 ρῶς
432 2508 483 2562 έν
514 2511 592 2579 τῷ
621 2507 857 2579 τοιούτῳ
885 2508 1039 2578 τόπῳ
1068 2507 1158 2562 τὸν
1209 2506 1260 2561 ἐν
1306 2509 1453 2562 νυκτῖ
1489 2507 1733 2581 πόλεμον
1774 2510 1943 2583 ἁρμό-

297 2604 374 2666 ζει
476 2596 733 2671 γενέσθαι·
814 2594 895 2650 δεῖ
966 2597 1055 2650 τὸν
1134 2598 1436 2671 στρατηγὸν
1536 2598 1669 2668 μετὰ

289 2693 399 2740 τῶν
464 2687 545 2759 [Ρ.
607 2688 729 2759 166]
795 2690 1027 2754 πεζικῶν
1086 2706 1145 2739 τε
1202 2687 1292 2740 καὶ
1361 2687 1602 2740 ἱππικῶν
1664 2684 1947 2760 δυνάμεων

297 2775 597 2849 ἔμπροσθεν
655 2772 819 2828 πάλιν
891 2776 1152 2848 γενέσθαι,
1227 2774 1316 2828 καὶ
1372 2776 1439 2828 τὰ
1497 2774 1811 2849 ὑψηλότερα
1840 2782 1946 2831 τῶν

299 2865 440 2938 ὀρῶν
495 2868 813 2937 κατασχεῖν,
870 2863 959 2916 καὶ
1007 2864 1104 2931 τὴν
1156 2859 1399 2917 διάδασιν
1451 2871 1550 2932 τῆς
1580 2863 1708 2918 ὁδοῦ
1741 2866 1952 2937 ὁμοίως

717 2330 926 2400 ἡμέρας
1006 2329 1419 2399 ἐπιφαινούσης,

1759 2603 1945 2652 πασῶν

300 2950 725 3030 ἁσνραλίσασθαι.
762 2952 862 3008 Καὶ
922 2952 1032 3005 ἐπεὶ
1091 2957 1276 3021 πᾶσαι,
1337 2953 1408 3013 ὡς
1462 2949 1690 3029 ἔφημεν,
1744 2956 1796 3008 αἱ
1834 2952 1951 3009 ὁδοὶ

2054 638 2340 710 redigere,
2376 637 2681 707 semelque
2738 638 2944 690 harum
2977 653 3175 692 rerum
3208 639 3444 695 initium
3474 642 3695 698 factum

2055 735 2161 791 est,
2192 745 2401 782 omnes
2431 727 2505 781 ad
2538 727 2830 797 ejusmodi
2866 726 3261 797 direptionem
3294 737 3488 799 ruent,
3520 751 3699 788 caeco-

2055 835 2166 888 que
2194 819 2415 887 impetu
2441 817 2694 871 tentoria
2716 816 3082 885 invadentes,
3107 818 3465 875 obsistentes
3485 823 3699 893 gladiis

2054 905 2387 959 concident.
2413 906 2557 959 Tum
2580 920 2713 958 vero
2738 922 2945 959 omnes
2970 906 3029 959 in
3052 906 3246 978 fugam
3272 926 3332 963 se
3357 911 3707 981 conjicient,

2054 994 2270 1064 quibus
2293 994 2540 1048 facultas
2559 994 2669 1046 fuit
2690 994 2753 1047 in
2773 1010 2956 1063 equos
2981 995 3306 1063 insiliendi,
3333 998 3432 1052 alii
3460 1017 3698 1071 quoque

2054 1082 2326 1153 pedibus,
2361 1087 2536 1153 prout
2584 1083 2643 1135 in
2678 1089 2909 1137 montes
2973 1090 3030 1137 et
3058 1086 3355 1141 convalles
3387 1088 3602 1144 abdere
3636 1108 3699 1145 se

2055 1171 2307 1243 quisque
2338 1171 2574 1242 poterit,
2635 1171 2707 1225 ad
2742 1171 3117 1243 salutemque
3173 1178 3498 1244 pervenire.
3532 1180 3698 1243 Quod

2057 1259 2127 1325 si,
2154 1260 2269 1313 Deo
2284 1260 2548 1330 juvante,
2574 1276 2679 1330 per
2702 1259 3193 1315 intercessionem
3217 1264 3699 1323 incontaminata)

2055 1349 2261 1402 matris
2276 1348 2405 1419 ejus
2427 1348 2687 1418 Deiparaa
2711 1348 3001 1419 ejusmodi
3020 1350 3200 1404 ﬁnem
3215 1352 3701 1424 habetprwlium,

2056 1442 2114 1491 et
2155 1437 2401 1509 gloriam
2460 1439 2649 1491 sancti
2706 1438 3117 1508 imperatores,
3152 1446 3210 1494 et
3258 1442 3700 1501 ﬁrmamentum

2054 1527 2342 1581 universas
2374 1528 2774 1581 Romanorum
2806 1528 2989 1598 copia:
3022 1535 3451 1599 assequentur:
3506 1550 3700 1604 neque

2057 1617 2216 1671 enim
2247 1617 2504 1687 amplius
2536 1623 2744 1672 contra
2792 1618 2925 1672 illas
2961 1624 3115 1673 stare
3166 1620 3366 1675 hostes
3399 1626 3700 1692 poterunt.

2056 1707 2219 1773 Quod
2252 1709 2322 1774 si,
2382 1708 2645 1763 diluculo
2695 1710 3071 1780 pr0patulum
3130 1710 3326 1767 locum
3382 1715 3563 1778 nacti,
3622 1716 3703 1770 ibi

2058 1799 2397 1854 constitutis
2442 1798 2841 1853 tabernaculis
2872 1800 3271 1868 consederint,
3328 1819 3521 1873 neque
3553 1806 3700 1860 adeo

2056 1886 2312 1956 expedit,
2338 1886 2398 1939 in
2413 1886 2705 1957 ejusmodi
2724 1886 2849 1940 loco
2874 1885 3320 1942 dimicationem
3344 1895 3699 1946 nocturnam

2054 1974 2212 2029 ﬁeri:
2246 1979 2477 2045 oportet
2499 1973 2707 2029 ducem
2728 1992 2861 2028 cum
2889 1975 3263 2045 pedestribus
3292 1980 3694 2047 equestribus-

2056 2080 2169 2134 que
2227 2063 2413 2133 copiis
2462 2062 2742 2117 omnibus
2801 2064 2999 2117 hostes
3051 2064 3266 2119 iterum
3325 2075 3696 2137 praevertere,

2052 2152 2465 2222 montiumque
2522 2152 2753 2223 fastigia
2784 2168 3092 2223 occupare,
3151 2160 3326 2225 atque
3373 2157 3545 2225 viam,
3581 2175 3699 2228 qua

2055 2241 2361 2296 transituri
2387 2241 2523 2308 sint,
2548 2241 2741 2295 denuo
2766 2241 3184 2298 intercludere.
3210 2246 3279 2297 Et
3301 2247 3603 2314 quoniam,
3630 2254 3698 2302 ut

2056 2332 2386 2394 docuimus,
2446 2332 2733 2386 universa:
2764 2331 2838 2385 ad
2895 2332 3225 2387 barbariem
3273 2334 3556 2390 ducentes
3586 2339 3695 2391 vim

2056 2425 2117 2477 in
2176 2421 2451 2476 omnibus
2511 2439 2656 2492 quas
2688 2424 3024 2477 enumeravi
3086 2426 3459 2495 propriisque
3512 2429 3700 2482 oculis

2055 2512 2298 2567 lustravi
2370 2511 2709 2581 provinciis,
2770 2511 3045 2566 difﬁciles
3105 2520 3245 2567 sunt
3303 2532 3408 2584 per
3464 2523 3697 2571 montes

2058 2606 2369 2670 utramque
2386 2600 2687 2669 regionem
2701 2598 3188 2655 disterminantes
3200 2620 3471 2673 ,propera
3486 2623 3701 2675 praeoc-

2058 2706 2275 2761 cupare
2308 2705 2512 2742 eorum
2544 2689 2884 2753 transitum,
2936 2695 2994 2743 et
3024 2690 3095 2743 ad
3129 2691 3297 2761 signa
3346 2698 3545 2761 aperte
3582 2693 3700 2747 illis

2058 2778 2370 2835 inferenda
2429 2778 2680 2832 ﬁdenter
2710 2778 2937 2831 instrue
2969 2779 3184 2849 copias.
3248 2781 3316 2833 Et
3354 2782 3568 2836 Christi
3602 2784 3703 2836 Dei

2062 2868 2247 2923 nostri
2280 2868 2467 2941 gratia
2497 2867 2827 2938 superabis,
2853 2867 3106 2938 illosque
3130 2868 3409 2939 disjectos
3441 2878 3704 2927 extremo

2069 2959 2264 3013 trades
2298 2959 2497 3013 exitio.

299 3042 352 3097 αἶ
413 3043 545 3117 πρὸς
590 3043 686 3109 τὴν
747 3041 1022 3114 πολεμίαν
1084 3040 1388 3115 εῗσάγουσαι
1453 3040 1541 3097 διὰ
1594 3048 1701 3097 τῶν
1763 3044 1907 3100 ὅλων
1966 3048 2012 3082 ⁸³
2060 3047 2131 3099 ὧν
2193 3046 2670 3121 ἀπηριθμησάμην
2724 3044 2971 3116 Θεμάτων
3019 3045 3107 3098 καὶ
3138 3044 3362 3109 οἰκείοις
3392 3047 3703 3123 ὀφθαλμοῖς

298 3132 621 3203 ἐθεασάμην,
682 3125 936 3185 δύσϐατοι
990 3132 1355 3205 τυγχάνουσιν
1416 3130 1466 3186 ἐν
1527 3128 1673 3207 ὄρεσι
1725 3138 1841 3195 τοῖς
1902 3132 2202 3208 διορίζουσι
2259 3137 2355 3199 τὰς
2398 3136 2563 3210 ἄμφω
2613 3133 2825 3206 χώρας,
2868 3131 3063 3187 σπεῦδε
3110 3132 3546 3207 προκαταλαϐεῖν
3603 3140 3700 3205 τήν

298 3217 548 3275 διάϐασιν
614 3219 815 3285 αὐτῶν,
877 3222 963 3274 καὶ
1036 3221 1124 3273 τὸν
1192 3221 1326 3275 κατὰ
1392 3222 1680 3293 πρόσωπον
1752 3223 1925 3277 αύτῶν
1998 3221 2332 3285 ἀδιστάκτως
2402 3220 2624 3276 διατίθει
2693 3221 2962 3293 πόλεμον.
3034 3222 3135 3277 Καὶ
3216 3223 3403 3295 χάριτι
3471 3227 3707 3299 Χριστοῦ

294 3314 392 3385 τοῦ
427 3313 558 3363 θεοῦ
589 3311 750 3380 ἡμῶν
787 3308 1166 3384 ὑπερισχύσεις
1200 3309 1397 3379 αὐτῶν,
1430 3311 1517 3363 καὶ
1548 3310 1774 3372 τούτους
1806 3306 2129 3366 καταϐαλὼν
2159 3311 2352 3383 τελείῳ
2376 3308 2717 3383 παραδώσεις
2749 3311 3057 3385 ἀφανισμῷ.

298 3403 464 3457 ΚΕΦ.
504 3401 657 3489 ’Κερ
737 3399 877 3489 Περὶ
934 3399 1115 3489 έτέρῧας
1182 3402 1565 3489 κατασχέσεωξ
1627 3397 1782 3489 ῥδοῦ,
1849 3407 1947 3469 τῆς

2064 3404 2207 3459 257
2246 3403 2375 3483 Cir.
2407 3404 2571 3489 )fXV.
2606 3404 2678 3456 De
2705 3402 2818 3489 alio
2850 3402 3009 3489 modo
3040 3403 3347 3489 ocpupalndi
3376 3405 3541 3469 viam,
3575 3418 3701 3473 quae

476 3469 551 3533 εἰς
580 3472 678 3539 τὴν
708 3466 1000 3525 κατάϐασιν
1020 3466 1340 3546 ’δυσχωρίαν
1360 3466 1712 3540 ⁷ἀποτελούση
1725 3492 1769 3532 ς.

374 3559 431 3613 lui.
465 3556 520 3613 δέ
550 3580 612 3632 γε
642 3562 676 3628 ἡ
709 3557 858 3626 ὁδὸς,
904 3560 965 3627 ἣν
1013 3560 1459 3637 ὑποστρέφουσιν,
1492 3560 1686 3631 εὑρεθῇ
1718 3560 1952 3636 φέρουσα

295 3655 415 3709 τοῖς
467 3648 755 3721 πολεμίοις
815 3649 874 3703 ἐκ
918 3654 1025 3704 τῶν
1086 3647 1308 3713 ἄνωθεν,
1362 3650 1451 3704 καὶ
1509 3648 1789 3723 ἐφόμαλός
1818 3648 1952 3717 ἐστι,

302 3742 378 3810 μὴ
440 3735 642 3811 ἔχουσα
695 3736 1028 3813 δυσχωρίας,
1084 3743 1180 3792 τοῦ
1236 3740 1370 3792 κατὰ
1424 3738 1716 3813 πρόσωπον
1777 3737 1953 3791 αὐτῶν

297 3829 635 3895 ἀντιστῆναι·
670 3825 796 3883 ἀλλ’
846 3828 1005 3896 ἡνίκα
1053 3829 1187 3902 πρὸς
1243 3830 1306 3882 τὸ
1328 3828 1619 3905 καταφερὲς
1666 3825 1954 3898 ἐπικλίνει,

299 3918 423 3972 τότε
454 3918 610 3983 στενή
644 3916 733 3971 καὶ
793 3912 1056 3979 δύσϐατός
1112 3916 1244 3987 ἐστι,
1301 3919 1612 3992 συγχέουσα
1654 3917 1750 3979 τὰς
1781 3938 1955 3992 παρα-

301 4007 474 4075 τάξεις
506 4006 707 4073 αὐτῶν,
766 4006 855 4059 καὶ
920 4006 1143 4077 ὀλίγους
1203 4004 1515 4081 διέρχεσθαι
1564 4007 1960 4090 ἀναγκάζουσα⁹

300 4097 389 4149 καὶ
439 4094 567 4157 τοὺς
616 4092 822 4156 ἄλλους
875 4095 1085 4166 ὁμοίως
1128 4097 1515 4168 παρασκευάζει
1549 4093 1958 4163 ἐπακολουθεῖν,

302 4186 393 4240 καὶ
426 4183 758 4259 διέρχεσθαιε
819 4184 871 4239 ἐν
932 4185 1160 4249 ἐκείνοις
1213 4191 1329 4247 τοῖς
1384 4192 1681 4247 στενωποῖς
1712 4183 1830 4241 δέον
1865 4207 1961 4241 πε-

308 4275 458 4344 ζικὰς
509 4276 683 4346 τάξεις
741 4281 1070 4343 καταστῆσαι
1131 4271 1275 4338 ἔνθεν
1330 4274 1573 4339 κάκεῖθεν
1632 4280 1740 4329 τῶν
1792 4274 1961 4329 πολε-

310 4362 475 4435 μίων,
546 4361 641 4418 δύο
713 4365 807 4436 μὶν
869 4364 1005 4418 κατὰ
1065 4365 1126 4418 τὸ
1194 4361 1389 4436 δεξιὸν,
1458 4362 1554 4417 δύο
1621 4362 1678 4418 δὲ
1738 4366 1963 4419 κατὰτὸ

308 4453 618 4524 εὐώνυμον,
678 4453 769 4507 ἀπ’
823 4450 1090 4522 ἀλλήλων
1154 4450 1581 4525 διακεκριμέναι
1648 4450 1826 4508 ἈλΛᾶ
1875 4452 1963 4507 καὶ

309 4541 370 4595 ἐκ
408 4545 516 4595 τῶν
567 4538 783 4605 ὄπισθεν
836 4541 912 4604 εἷς
960 4537 1132 4615 λόχον
1178 4549 1506 4610 καταστῆσαι
1558 4547 1781 4611 πεζικοῦ
1831 4541 1966 4596 λαοῦ

311 4628 560 4702 δύναμιν,
625 4633 738 4703 μεθ’
807 4630 1012 4686 ἱππέων
1078 4632 1167 4685 καὶ
1232 4630 1499 4707 ἄρχοντος
1562 4629 1806 4703 ἀνδρείου
1873 4633 1961 4685 καὶ

308 4718 702 4791 ἐμπειροτάτου
735 4720 905 4793 (εἷ’περ
953 4720 1016 4773 τὸ
1066 4718 1360 4795 λεγόμενον
1396 4720 1527 4773 σάκα
1559 4719 1734 4773 αὐτῶν
1767 4719 1964 4774 ἄνωθεν

308 4807 625 4876 κατέλιπον,
670 4810 920 4871 ’ἰστασθαι
969 4809 1058 4862 καὶ
1096 4811 1196 4878 τὴν
1249 4806 1372 4863 όδὸν
1433 4808 1767 4885 φυλάττειν)·
1818 4808 1963 4863 ἀλλὰ

314 4899 392 4970 μὴ
426 4898 704 4971 σύνεγγυς,
762 4898 900 4972 πρὸς
955 4899 1018 4951 τὸ
1078 4898 1154 4970 μὴ
1208 4894 1629 4970 διαγνωσθῆναι·
1664 4897 1752 4951 καὶ
1785 4898 1829 4950 εἱ
1867 4898 1961 4969 μὲν

314 4986 365 5039 οἱ
427 4985 502 5047 εἷς
553 4986 645 5040 τὸν
707 4984 881 5060 λόχον
943 4984 1222 5059 ἱστάμενοι
1283 4985 1483 5040 ἄνωθεν
1545 4984 1821 5060 πρόθυμοί
1864 4985 1963 5039 εἰσι

311 5076 692 5149 παρασυνάψαι
741 5075 1013 5148 πόλεμον,
1058 5074 1221 5145 ἡνίκα
1270 5075 1324 5129 αἱ
1376 5074 1612 5138 κάτωθεν
1647 5074 1964 5149 παρατάξεις

315 5165 479 5236 ἡμῶν
537 5164 819 5237 ἱστάμεναι
873 5165 1009 5218 κατὰ
1063 5168 1173 5218 τῶν
1226 5161 1529 5237 ἔμπροσθεν
1593 5161 1963 5238 διερχομένων

310 5251 599 5325 πολεμίων
627 5254 729 5321 τὴν
787 5248 1111 5327 προσϐολὴν
1171 5255 1533 5323 ποιήσωνται,
1566 5253 1964 5326 έξερχὲσθωσαν

313 5341 405 5395 καὶ
455 5342 508 5395 οἱ
561 5341 638 5404 εἰς
677 5342 769 5397 τὸν
822 5340 995 5417 λόχον
1048 5339 1325 5413 ἱστάμενοι
1384 5341 1539 5410 πεζοί
1575 5342 1749 5395 τεκαὶ
1785 5341 1971 5403 ἱππεῖς

315 5431 405 5485 καὶ
460 5431 866 5486 συναπτέτωσαν
939 5430 1184 5503 πόλεμον
1251 5434 1367 5503 μετ’
1424 5430 1620 5492 αὐτοὺς
1673 5430 1808 5485 κατὰ
1863 5434 1971 5484 τῶν

2308 3473 2365 3527 in
2397 3474 2653 3527 descensu
2683 3473 3063 3541 difﬁcultatem
3095 3473 3273 3527 habet.

2134 3561 2187 3614 Si
2219 3566 2414 3615 autem
2449 3561 2559 3625 via,
2596 3577 2711 3631 qua
2742 3559 3047 3628 recedunt,
3072 3562 3369 3616 invenitur
3390 3579 3701 3617 ascensum

2062 3651 2262 3704 hostes
2291 3667 2491 3705 versus
2523 3649 2762 3715 habere,
2793 3666 3043 3721 esseque
3092 3650 3268 3720 plana
3298 3651 3520 3723 absque
3548 3652 3707 3707 sale-

2062 3739 2203 3802 bris,
2234 3744 2362 3794 uta
2414 3739 2608 3793 fronte
2639 3739 2872 3811 aggredi
2908 3738 3044 3795 illos
3098 3757 3392 3810 nequeas:
3428 3741 3525 3795 ubi
3572 3758 3705 3795 vero

2064 3831 2125 3883 in
2158 3828 2369 3883 vallem
2412 3846 2472 3884 se
2500 3828 2779 3895 demittit,
2830 3829 2911 3883 ibi
2942 3835 3103 3883 arcta
3133 3837 3309 3900 atque
3358 3848 3567 3902 aspera
3598 3836 3705 3897 est,

2066 3918 2421 3988 ordinesque
2473 3936 2678 3973 eorum
2734 3918 3065 3982 confundit,
3100 3925 3163 3973 ut
3213 3921 3384 3990 pauci
3421 3921 3710 3975 duntaxat

2070 4008 2321 4063 transire
2342 4008 2590 4078 possint,
2617 4008 2829 4077 reliqui
2846 4008 3128 4078 deinceps
3145 4010 3311 4079 sequi
3332 4016 3508 4079 atque
3525 4016 3711 4063 trans-

2071 4098 2304 4151 mittere
2330 4102 2653 4168 cogantur:
2716 4096 2774 4149 in
2807 4097 3100 4166 ejusmodi
3160 4099 3448 4165 angustiis
3480 4102 3713 4167 oportet

2068 4186 2375 4257 pedestres
2403 4185 2559 4239 acies
2590 4184 2662 4238 ad
2697 4190 3015 4255 utrumque
3038 4185 3192 4239 latus
3215 4186 3473 4240 hostium
3488 4186 3711 4239 consti-

2072 4275 2178 4342 tui,
2211 4274 2382 4327 binas
2413 4289 2445 4327 a
2476 4273 2699 4338 dextra,
2736 4273 3101 4343 totidemque
3134 4274 3298 4341 laeva,
3333 4274 3536 4328 relicto
3561 4274 3715 4327 inter

2073 4363 2207 4417 illas
2239 4362 2570 4416 intervallo.
2595 4363 2740 4415 Item
2764 4378 2798 4415 a
2820 4366 2980 4433 tergo
3007 4378 3212 4416 eorum
3240 4363 3299 4416 in
3332 4363 3567 4417 insidiis
3588 4362 3713 4416 col-

2071 4454 2203 4508 loca
2225 4451 2452 4523 pedites
2478 4451 2628 4505 bene
2653 4451 2869 4504 multos
2901 4467 3034 4504 cum
3059 4452 3328 4521 equitatu
3358 4457 3534 4522 atque
3566 4451 3714 4505 duce

2073 4542 2221 4597 forte
2254 4546 2312 4594 et
2358 4540 2719 4612 peritissimo
2753 4540 2825 4609 (si
2884 4538 3124 4609 quidem
3161 4540 3502 4611 praesidium
3558 4539 3715 4610 quod

2075 4648 2210 4687 saca
2240 4635 2498 4695 vocatur,
2562 4631 2623 4683 in
2654 4630 2801 4683 locis
2860 4629 3265 4700 superioribus
3323 4629 3716 4698 reliquerunt,

2075 4728 2142 4778 ut
2189 4728 2304 4777 stet
2359 4722 2630 4791 viamque
2663 4720 2993 4789 observet):
3057 4737 3248 4790 neque
3280 4726 3477 4775 tamen
3538 4720 3719 4773 nimis

2074 4827 2277 4882 prope,
2302 4809 2767 4865 utanimadverti
2795 4825 2911 4862 non
2945 4810 3193 4879 possint.
3223 4810 3320 4863 His
3368 4825 3623 4879 superne
3658 4809 3718 4862 in

2072 4901 2338 4963 latebris,
2362 4901 2592 4966 locatis,
2626 4900 2989 4970 intentisque
3014 4900 3086 4954 ad
3121 4901 3391 4970 praelium
3410 4917 3721 4956 conseren-

2074 4989 2236 5055 dum,
2272 4986 2509 5058 quando
2539 4987 2695 5041 acies
2722 4992 2939 5041 nostra;
2989 4987 3235 5042 inferius
3287 4991 3623 5044 constitutas
3658 4989 3721 5041 in

2074 5092 2286 5147 agmen
2316 5075 2576 5129 hostium
2609 5076 3096 5146 praetereuntium
3130 5076 3416 5148 impetum
3448 5077 3718 5146 fecerint,

2076 5166 2217 5219 item
2243 5163 2342 5233 qui
2366 5163 2426 5216 in
2446 5163 2681 5217 insidiis
2706 5163 3103 5218 subsederunt
3126 5166 3346 5221 milites
3370 5169 3721 5239 equitesque

2077 5253 2283 5313 coorti,
2311 5252 2487 5306 simul
2513 5269 2646 5306 cum
2668 5252 2785 5307 illis
2818 5269 3074 5325 pugnam
3100 5262 3413 5325 capessant
3443 5258 3722 5313 adversus

2079 5343 2297 5395 hostes.
2324 5341 2488 5406 Quod
2513 5341 2560 5395 si
2587 5342 2685 5411 qui
2712 5342 2769 5395 in
2794 5341 3027 5396 insidiis
3051 5345 3469 5413 consederunt,
3499 5346 3636 5401 inde
3661 5362 3722 5401 se

2080 5431 2391 5485 demittere
2417 5447 2535 5484 non
2560 5430 2799 5495 audent,
2826 5431 2964 5501 quia
2986 5448 3122 5487 saca
3144 5434 3204 5487 in
3228 5434 3355 5487 loco
3388 5451 3557 5505 mquo
3581 5450 3722 5487 con-

1493 5586 1554 5643 C.
1625 5586 1685 5641 Β.
1753 5584 1941 5641 HASII
2003 5582 2557 5642 ANNOTATIONES.

387 5702 438 5740 ⁸⁸
468 5698 635 5776 ὅλων]
670 5698 857 5755 ὅπλων
888 5702 1057 5758 codd.
