4078 6204
325 477 482 536 100⁸7
1333 459 1757 524 EXCERPTA
1801 455 1905 515 EX
1945 448 2338 511 HISTORIlS
2381 444 2710 507 ARABUM
3585 446 3757 506 {008

330 610 501 677 stitit,
534 606 880 662 contineant
931 617 992 655 se
1025 600 1085 653 in
1143 595 1427 652 latebris:
1488 592 1590 648 sed
1622 589 1860 662 quando
1912 585 1972 640 id

2088 581 2392 652 πολεμίων.
2452 578 2518 636 Εἰ
2577 577 2636 633 δὶ
2687 578 2749 632 οὐ
2808 576 3170 653 θαῤῥήσουσιν
3232 579 3284 631 οἱ
3334 576 3410 639 εἷς
3439 576 3532 631 τὸν
3566 575 3760 652 λόχον

327 697 631 756 discedere
659 694 731 748 ad
761 706 1016 760 suosque
1041 705 1101 743 se
1124 687 1387 758 recipere
1410 687 1660 738 conatur
1676 680 1792 750 (vix
1813 677 1973 733 enim

2088 671 2360 745 ἱστάμενοι
2418 669 2536 722 κατ’
2594 667 2762 722 αὐτοῦ
2829 665 3074 722 ἐπελθεῖν
3150 664 3414 734 κάτωθεν,
3476 667 3616 721 σάια
3672 666 3766 726 εἷς

331 784 695 844 credendum
721 786 830 846 est,
857 779 960 834 diu
983 774 1415 848 perstiturum),
1439 770 1618 826 simul
1640 786 1707 824 ac
1724 784 1830 839 per
1860 765 1974 820 cli-

329 893 464 932 vum
487 873 798 929 demittere
825 885 885 923 se
910 866 1064 924 258
1096 863 1360 935 cmperit,
1395 859 1704 933 provolent
1734 855 1978 910 insidia-

331 971 520 1020 tores:
556 961 765 1031 viaque
797 958 1042 1012 obsessa
1073 960 1248 1024 atque
1280 951 1428 1006 locis
1459 946 1867 1020 superioribus
1891 960 1981 998 oc-

333 1053 584 1124 cupatis,
605 1051 665 1104 in
691 1049 831 1104 illos
854 1048 1141 1117 impetum
1164 1043 1403 1098 faciant.
1428 1042 1609 1105 Tunc,
1629 1054 1663 1092 a
1686 1033 1978 1092 militibus

331 1144 465 1197 telis
496 1139 740 1212 appetiti
771 1137 1005 1206 locique
1031 1133 1342 1203 iniquitate
1383 1129 1594 1201 pressi,
1623 1125 1900 1180 resistere
1923 1127 1982 1176 et

333 1246 664 1304 repugnare
695 1243 814 1282 non
848 1228 1126 1296 peterunt
1150 1239 1162 1276 :
1188 1220 1313 1286 sed,
1339 1220 1399 1272 in
1422 1215 1708 1289 angustiis
1731 1213 1802 1268 ab
1825 1212 1978 1266 acie-

332 1302 444 1375 bus
476 1319 715 1384 nostris,
752 1331 881 1386 qum
916 1312 1162 1366 inferius
1195 1311 1481 1364 steterant
1517 1302 1808 1368 afﬂictati,
1842 1317 1978 1355 suos

333 1409 568 1479 assequi
619 1403 1042 1477 properabant,
1079 1417 1180 1470 spe
1239 1395 1586 1452 transeundi
1617 1394 1977 1460 domumque

333 1494 738 1570 perveniendi.
791 1491 1026 1546 Atenim
1059 1489 1307 1543 minime
1353 1487 1411 1540 id
1443 1485 1564 1539 illis
1597 1480 1892 1544 succedet,
1929 1479 1976 1532 si

335 1588 574 1659 quidem
599 1601 666 1639 eo
690 1598 866 1654 quem
886 1580 1268 1652 exposuimus
1281 1576 1456 1631 modo
1478 1573 1748 1645 praelium
1772 1570 1978 1625 adver-

338 1695 437 1732 sus
471 1676 606 1731 illos
625 1673 1096 1734 administratur,
1118 1667 1220 1722 sed
1239 1665 1522 1738 prmclare
1555 1659 1975 1732 expugnabun-

336 1773 452 1832 tur,
486 1782 594 1836 ope
625 1763 746 1816 veri
808 1761 910 1816 Dei
945 1759 1170 1813 nostri:
1206 1756 1298 1811 cui
1360 1754 1545 1826 gloria
1576 1758 1633 1806 et
1688 1748 1974 1822 potentia,

337 1871 470 1911 cum
503 1853 648 1908 Filio
682 1857 739 1905 et
786 1849 1003 1920 Spiritu
1036 1851 1262 1909 sancto,
1309 1861 1488 1909 nunc,
1521 1848 1577 1896 et
1634 1855 1885 1909 semper,
1919 1842 1976 1890 et

334 1946 394 1998 in
429 1941 646 1997 saacula
675 1939 1049 1994 saeculorum.
1085 1939 1292 1990 Amen.

335 2032 450 2086 κατ’
484 2028 656 2083 αὐτῶν
690 2015 1430 2097 παρασκευασθῇπόλεμος,
1497 2015 1711 2090 μᾶλλον
1774 2012 1831 2069 δὲ
1888 2013 2023 2068 κατὰ
2075 2013 2274 2085 κράτος
2323 2010 2747 2080 ἦττηθήσονται,
2797 2006 2884 2062 ἐπί
2928 2012 3025 2062 τοῦ
3076 2006 3341 2076 ἀληθινοῦ
3389 2010 3522 2061 Θεοῦ
3565 2008 3750 2079 ἡμῶν·

334 2123 380 2194 ᾧ
410 2122 445 2188 ἡ
479 2117 606 2190 δόξα
633 2115 724 2170 καὶ
753 2116 815 2170 τὸ
856 2113 1075 2190 κράτος,
1108 2111 1199 2166 σὺν
1229 2111 1318 2165 καὶ
1348 2113 1428 2181 τῷ
1460 2108 1594 2182 ἁγίῳ
1617 2105 1908 2178 Πνεύματι,
1943 2106 2058 2175 νῦν,
2089 2100 2178 2156 καὶ
2210 2100 2314 2169 ἀεὶ,
2347 2099 2434 2154 καὶ
2468 2099 2543 2160 εἷς
2571 2099 2696 2161 τοὺς
2729 2097 2930 2160 αἰῶνας
2959 2102 3066 2152 τῶν
3099 2097 3336 2154 αἰώνων.
3367 2096 3564 2168 Ἀμήν.

605 2207 764 2262 Finis
795 2187 930 2260 cum
961 2205 1078 2259 Deo
1104 2201 1241 2256 libri
1273 2201 1344 2255 de
1371 2216 1432 2254 re
1465 2196 1730 2254 militari.

2446 2188 2615 2251 Τὲλος
2655 2187 2748 2242 σὺν
2797 2191 2916 2260 Θεῷ
2962 2191 3064 2242 τοῦ
3110 2189 3386 2242 τακτικοῦ.

2085 757 2362 836 ἐφὸμαλον
2411 757 2581 812 τόπον
2665 756 2982 828 ἱσταμὲνου,
3062 757 3470 830 καρτερήσωσιν
3522 754 3602 818 εἷς
3657 756 3764 808 τὸν

2091 847 2285 924 λόχον.
2320 848 2422 904 Καὶ
2454 845 2569 900 ἐπεὶ
2620 846 2752 900 αὐτὸ
2806 842 3038 907 διελθεῖν
3098 843 3464 918 κατεπείγεται
3495 845 3584 898 καὶ
3617 843 3764 905 τοὺς

2092 935 2264 999 ἰδίους
2323 929 2654 990 καταλαϐεῖν
2711 933 2797 1008 (οὗ
2856 934 2957 1010 γάρ
3018 930 3128 987 ἐστι
3182 937 3292 987 τῶν
3343 930 3761 1008 ἐνδεχομένων,

2090 1028 2261 1083 ἐκεῖσε
2317 1025 2404 1080 ἐπὶ
2463 1024 2607 1080 πολὺ
2663 1024 2955 1094 ἳστασθαι),
3015 1026 3097 1097 [Ρ.
3156 1026 3279 1097 167]
3333 1024 3495 1094 ἡνίκα
3539 1027 3641 1088 τῆς
3673 1024 3766 1083 εἰς

2090 1111 2381 1171 κατάϐασιν
2444 1113 2716 1190 φερούσης
2789 1111 2920 1168 ὀδοῦ
2979 1108 3331 1183 ἐπιλάϐηται,
3386 1113 3476 1167 καὶ
3531 1112 3766 1188 ἐξερχὲ-

2087 1208 2292 1261 σθωσαν
2345 1206 2395 1260 οἱ
2446 1204 2498 1259 ἐν
2557 1209 2636 1276 τῷ
2697 1202 2878 1278 λόχῳ·
2937 1203 3026 1256 καὶ
3073 1204 3174 1270 τὴν
3225 1200 3352 1257 ὁδὸν
3385 1177 3770 1277 κατασχόντες

2085 1297 2175 1351 καὶ
2233 1296 2293 1350 ἐκ
2346 1300 2452 1349 τῶν
2525 1291 2729 1348 ἄνωθεν
2804 1293 2981 1347 αὐτῶν
3037 1291 3343 1366 γενόμενοι,
3396 1293 3513 1346 κατ’
3572 1291 3760 1345 αὐτῶν

2089 1385 2508 1460 ὀρμησάτωσαν.
2597 1382 2700 1439 Καὶ
2777 1382 2841 1436 οὐ
2911 1379 3237 1450 δυνήσονται
3287 1381 3599 1449 ἀντιστῆναι
3656 1389 3764 1442 καὶ

2090 1474 2416 1547 ἀμύνασθαι,
2468 1473 2594 1546 παρ’
2645 1471 2820 1525 αὐτῶν
2871 1469 3234 1546 βαλλόμενοι,
3284 1474 3381 1525 τοῦ
3427 1469 3600 1524 τόπου
3652 1468 3760 1523 αὖ·

2088 1570 2204 1625 τοῖς
2277 1560 2718 1633 ἐναντιουμένου’
2779 1558 2924 1615 ἀλλά
2997 1559 3287 1614 σπεύσουσι
3358 1559 3490 1622 τοὺς
3574 1557 3760 1619 ἰδίους

2088 1647 2439 1721 καταλαϐεῖν,
2496 1649 2907 1722 πολεμούμενοι
2964 1649 3014 1703 ἐν
3073 1655 3190 1711 τοῖς
3251 1650 3562 1721 στενώμασι
3603 1648 3762 1722 παρᾶ

2087 1746 2193 1796 τῶν
2272 1742 2508 1803 κάτωθεν
2589 1741 2749 1811 ἡμῶν
2837 1738 3141 1810 ἱσταμένων
3219 1738 3592 1808 παρατάξεων,
3683 1736 3758 1791 ἐπ

2088 1827 2271 1884 ἰλπίδι
2303 1827 2559 1900 διελθεῖν,
2589 1829 2677 1883 καὶ
2708 1829 2805 1897 τήν
2840 1825 2983 1882 ἰδίαν
3014 1821 3362 1882 καταλαϐεῖν.
3397 1825 3551 1883 Ἀλλ’
3587 1817 3762 1880 οὖδα-’

2013 1909 2208 1994 Bp.sz
2257 1919 2454 1974 τούτου
2507 1918 2861 1993 ἐπιτύχωσιν,
2925 1915 3075 1993 εἷ’περ
3137 1917 3204 1986 δὴ
3265 1917 3338 1978 ὡς
3399 1916 3751 1989 ἐξεθὲμεοιὸ

373 2401 3748 2443 _____________________.._____

1603 2560 2494 2683 EXCEBPTA

755 2765 857 2824 EX
889 2760 1269 2822 HlSTORllS
1314 2758 1642 2819 ARABUM
1678 2758 1778 2816 DE
1827 2756 2494 2819 EXPEDITIONIBUS
2525 2756 2883 2818 SYRIACIS
2932 2753 3358 2816 NICEPHORI

1423 2864 1703 2925 PHOCIE
1753 2865 1850 2924 ET
1892 2863 2229 2924 JOANNIS
2274 2863 2686 2925 TZlMlSClS.

1781 2969 1905 3042 (Ed.
1937 2969 2120 3026 Bonn.
2156 2969 2337 3041 1828.)

1203 3177 1586 3239 Christianus
1614 3175 1929 3236 Lassem'us
1956 3173 2130 3234 Phil.
2161 3174 2240 3235 Β.
2277 3172 2594 3235 lectoribus
2622 3174 2694 3236 S.
2726 3173 2801 3234 P.
2840 3174 2918 3236 Β.

441 3275 704 3357 Rogavit
730 3291 827 3333 me
856 3271 952 3331 vir
975 3268 1238 3357 illustris
1265 3265 1654 3357 Niebuhrius
1678 3271 1745 3324 ut
1767 3264 1843 3324 ad
1882 3282 2133 3357 novam,
2178 3283 2319 3342 quas
2344 3281 2490 3324 mox
2519 3263 2816 3342 prodibit,
2860 3264 3085 3326 Leonis
3137 3263 3395 3324 Diaconi
3426 3262 3764 3325 editionem

360 3352 791 3430 arlorriandam
823 3380 901 3421 ex
951 3356 1238 3419 Arabicis
1286 3355 1484 3429 libris,
1530 3371 1798 3432 quorum
1845 3353 2372 3414 consulendorum
2417 3352 2479 3411 in
2521 3353 2641 3414 hac
2683 3352 2836 3413 urbe
2887 3352 3042 3412 mihi
3073 3353 3338 3412 facultas
3387 3352 3536 3412 data
3579 3360 3765 3425 esset,

361 3471 721 3533 exorperem
757 3469 899 3529 qua:
931 3450 1005 3508 ad
1060 3465 1158 3506 res
1187 3445 1266 3506 ab
1307 3443 1792 3533 imperatoribus
1840 3442 2194 3533 Nicephoro
2240 3441 2452 3502 Phoca
2481 3448 2544 3501 et
2570 3443 2814 3533 Joanne
2855 3441 3158 3502 Tzimisce
3195 3442 3258 3500 in
3289 3441 3539 3502 Oriente
3560 3449 3766 3520 gestas

363 3531 766 3603 illustrandas
795 3540 1095 3598 facerent.
1150 3536 1349 3605 Quam
1382 3532 1777 3592 occasionem
1809 3532 1888 3591 ad
1921 3532 2181 3591 istorum
2217 3536 2572 3609 temporum
2605 3531 2934 3591 historiam
2981 3531 3480 3609 perspiciendum
3522 3531 3764 3608 aliquid

367 3652 439 3691 cx
486 3626 898 3690 orientalibus
933 3624 1206 3684 fontibus
1249 3620 1614 3681 conferendi
1667 3628 1922 3697 propter
1954 3619 2184 3679 summi
2216 3619 2331 3678 viri
2360 3619 2528 3697 apud
2566 3639 2660 3679 me
2692 3620 3132 3680 auctoritatem
3166 3625 3228 3678 et
3271 3619 3580 3696 insignem
3612 3638 3763 3697 erga

369 3739 465 3776 me
498 3714 994 3777 benevolentiam
1031 3710 1445 3770 libentissime
1476 3709 1738 3786 arripui.
1794 3709 2141 3785 Diligenter
2173 3707 2365 3784 igitur
2395 3709 2503 3788 qui
2535 3710 2690 3769 mihi
2738 3715 2966 3788 praesto
3008 3714 3215 3768 essent
3245 3707 3523 3768 historia
3555 3707 3763 3768 orien-

371 3807 510 3865 lalis
568 3803 904 3878 scriptores
936 3798 1197 3876 perlegi,
1232 3815 1310 3855 ex
1340 3795 1570 3873 quibus
1599 3815 1740 3872 qua:
1770 3797 2073 3874 excerpsi,
2110 3797 2230 3856 hoc
2257 3797 2476 3857 ordine
2507 3799 2810 3876 disposui.

445 3893 652 3951 Primo
675 3891 809 3948 loco
825 3887 1079 3946 exhibui
1102 3891 1402 3960 excerpta
1424 3902 1500 3942 ex
1518 3883 1974 3961 Abulpharagii
1995 3885 2121 3944 sive
2139 3885 2824 3949 BarhebraaiChronico
2849 3887 3130 3967 Syriaco,
3155 3886 3324 3965 quod
3348 3887 3772 3964 quadraginta

369 3981 596 4041 abhinc
619 3977 797 4036 annis
821 3975 1055 4053 publici
1074 3973 1236 4050 juris
1253 3973 1535 4032 fecerunt
1555 3973 1626 4032 V.
1653 3973 1722 4032 V.
1746 3975 1814 4032 D.
1843 3975 1913 4032 D.
1936 3977 2006 4033 P.
2033 3977 2082 4034 Ι.
2109 3977 2330 4048 Bruns,
2357 3977 2670 4053 professor
2695 3978 3228 4049 Helmstadiensis,
3251 3984 3313 4035 et
3332 3979 3408 4035 G.
3426 3976 3498 4036 G.
3523 3977 3768 4044 Kirsch,

368 4076 576 4130 rector
604 4065 908 4126 Hofensis.
946 4068 1180 4124 Auctor
1209 4061 1499 4121 Chronici
1539 4061 1814 4120 medicus
1847 4061 1962 4120 fuit
2003 4063 2442 4136 Melitenensis,
2481 4066 2783 4143 religione
2814 4067 3242 4135 Christianus;
3277 4064 3603 4125 historiam
3635 4066 3771 4125 uni-

369 4159 676 4254 versaleru
711 4154 1091 4254 acreatione
1127 4150 1343 4212 mundi
1396 4170 1589 4254 usque
1622 4149 1702 4254 ad
1735 4150 1921 4210 finem
1971 4152 2184 4211 saeculi
2213 4153 2438 4212 decimi
2475 4155 2637 4214 tertii
2681 4155 3041 4214 summatim
3077 4161 3139 4216 et
3167 4154 3440 4214 breviter
3482 4155 3775 4232 exposuit

370 4245 680 4344 libro-,qui
697 4242 950 4344 minime
973 4240 1748 4344 estcontcmnendusﬁum
1771 4240 2149 4318 copiosiores
2171 4248 2232 4300 et
2247 4260 2396 4301 accu
2409 4243 2664 4302 ratiores
2676 4245 3007 4304 Orientalis
3019 4244 3296 4306 historiae
3316 4246 3755 4305 commentarii

370 4293 383 4307 ι
406 4293 486 4308 ὐ-
505 4293 680 4326 νμιιυ·
697 4293 949 4303 κη’-ὐτ
976 4293 1748 4310 *ν’-ν--νν---ν---νε-ι---ν
1776 4293 2070 4318 *τι--ν--ν-
2090 4293 2147 4300 vv
2174 4293 2231 4300 v-
2249 4293 2420 4301 νην--
2438 4293 2664 4302 -ν-ν-ν-
2682 4293 3296 4306 ν--ν---ω---μιυ-ν-ην
3318 4293 3755 4305 νν......ν..η....-

369 4338 632 4397 Arabica
667 4332 1006 4392 maximam
1042 4335 1282 4409 partem
1318 4328 1656 4406 conscripti
1683 4328 1918 4405 lingua,
1954 4329 2196 4388 scriniis
2228 4330 2457 4408 sepulti
2487 4338 2546 4391 et
2579 4333 2969 4392 curiosorum
3002 4333 3200 4394 oculis
3229 4333 3494 4394 detracti
3535 4293 3782 4410 jacent.’

372 4433 437 4521 in
474 4426 663 4521 libro,
692 4423 767 4521 de
801 4439 925 4521 quo
960 4419 1022 4478 h.
1059 4420 1104 4518 Ι..
1139 4418 1389 4492 dicitur,
1431 4418 1870 4518 componendo
1902 4417 2289 4521 linguausus
2319 4420 2946 4498 estAbulpharagius
2979 4423 3066 4495 (in
3095 4422 3337 4483 caeteris
3364 4421 3489 4481 fere
3508 4421 3779 4483 Arabico

367 4512 672 4593 loquitur)
696 4509 978 4588 Syriaca,
997 4507 1175 4585 cujus
1205 4525 1344 4566 cum
1374 4524 1629 4584 prorsus
1659 4506 1771 4564 sim
1793 4505 2071 4582 ignarus,
2096 4507 2172 4566 de
2193 4507 2710 4586 interpretatione
2735 4511 2975 4571 nullum
3007 4530 3194 4590 penes
3217 4529 3313 4570 me
3334 4509 3749 4587 estjudicium

367 4558 637 4593 ιυῚυιυυη
657 4566 671 4591 ι
697 4558 766 4588 να
786 4558 978 4578 ἰν-*ν’
999 4558 1174 4585 ννδ“·-
1208 4558 1344 4566 ν’·--ν
1374 4558 1434 4584 r-
1455 4558 1627 4565 "-'--
1659 4558 1670 4562 -
1689 4558 1771 4564 ---
1794 4558 1960 4582 -σ---η
1981 4558 2071 4577 --γ
2099 4558 2170 4566 -ν
2193 4558 2342 4566 ----ν-
2387 4558 2420 4567 ι-
2439 4558 2709 4570 v-wuvuv
2735 4558 2975 4571 "unum
3051 4558 3194 4572 νυνι,
3217 4558 3313 4570 .-.ν
3335 4558 3429 4570 νυν
3477 4558 3748 4570 ..ι-,νιψα-

367 4619 734 4683 quanquam
768 4603 1112 4675 comparet,
1151 4597 1308 4655 adeo
1363 4595 1695 4683 verborum
1731 4601 1981 4683 tenaces
2031 4595 2217 4654 fuisse
2268 4558 2662 4675 interpretes,
2698 4605 2762 4659 ut
2793 4558 3080 4660 sermoiie
3131 4616 3356 4678 parum
3406 4558 3634 4660 LJatino
3685 4558 3783 4660 usi

373 4695 497 4752 sint
531 4709 544 4763 ;
571 4697 850 4749 attamen
885 4685 1140 4745 difﬁcile
1169 4703 1318 4744 sane
1349 4682 1724 4760 est,ingenio
1757 4682 2119 4758 linguarum
2137 4687 2551 4746 Orientalium
2584 4689 3064 4749 accommodare
3091 4689 3474 4760 Latinam,et
3499 4707 3781 4767 saepenu-

532 4736 850 4763 ,υηυημνη
888 4736 1138 4745 -.η--.--
1169 4736 1316 4744 η---
1353 4736 1718 4760 ---ρ-ομ---
1757 4736 1998 4758 Wo“-
2020 4736 2119 4742 __.
2143 4736 2551 4746 ν-.----.........
2584 4736 3063 4749 ,πω-...μων
3094 4736 3377 4748 ....-..._...

380 4800 550 4873 nmero
583 4795 802 4873 vereor
832 4792 909 4873 ne
953 4775 1114 4834 idem
1150 4774 1320 4852 quod
1343 4791 1484 4831 mox
1517 4772 1580 4830 in
1613 4770 1751 4830 aliis
1783 4771 2194 4848 castigabam,
2231 4775 2337 4834 alii
2367 4775 2429 4833 in
2465 4793 2563 4836 me
2592 4777 2956 4854 castigaturi
2985 4779 3132 4837 sint.
3391 4736 3402 4760 ’

458 4862 1002 4946 Abulpharagium
1027 4863 1350 4942 excipiunt
1368 4867 1663 4939 excerpta
1685 4878 1759 4920 ex
1785 4861 2127 4922 Annalibus
2149 4864 2501 4936 Abull‘edze,
2529 4886 2564 4925 a
2588 4865 2841 4928 Reiskio
2867 4866 3082 4927 Latine
3101 4866 3359 4926 redditis
3380 4872 3439 4926 et
3460 4873 3600 4944 post
3621 4884 3789 4926 mor-

376 4964 502 5017 tem
528 4957 643 5015 viri
673 4955 1017 5018 doctissimi
1044 4959 1104 5013 et
1133 4952 1366 5030 lingua:
1396 4950 1677 5011 Arabicae
1723 4949 2010 5027 apprime
2069 4953 2251 5028 periti
2305 4957 2570 5016 Arabice
2611 4963 2670 5016 et
2701 4955 2918 5016 Latine
2947 4955 3128 5016 editis
3159 4955 3238 5016 ab
3267 4957 3323 5016 .I.
3361 4958 3431 5016 G.
3465 4959 3532 5015 (2.
3570 4955 3758 5015 Adler

377 5046 729 5146 professors
755 5043 1100 5146 Ilafniepsi.
1127 5015 1331 5146 Not/us.
1345 5046 1438 5099 est
1459 5046 1680 5146 auctor
1697 5015 1904 5139 neque
1925 5015 2320 5146 institutade
2351 5015 2425 5106 eo
2447 5045 2872 5126 disputatione
2897 5015 3148 5123 tempus
3169 5015 3472 5106 obsidebo
3509 5015 3785 5110 lectoris:

380 5097 578 5123 rw---
1486 5097 1489 5098 ν
1803 5097 1818 5116 ,
1883 5097 1896 5100 -
1928 5097 2214 5102 κίμων--
2248 5097 2317 5104 ν-
2354 5097 2422 5106 η
2450 5097 2543 5106 ..η
2597 5097 2871 5106 _-_----__-
2900 5097 3019 5105 --__
3080 5097 3147 5105 η
3172 5097 3467 5106 ----___-
3511 5097 3756 5105 --------

371 5135 458 5282 lix
493 5134 656 5282 noti:
691 5133 1037 5236 Reiskiauis
1066 5149 1172 5190 eas
1202 5135 1449 5190 tantum
1485 5128 1738 5201 retinui,
1767 5148 1907 5207 quae
1939 5129 2126 5190 rebus
2157 5097 2585 5195 dilucidandi;
2602 5134 2998 5200 inservirent.
3031 5097 3301 5203 lcaeteris,
3337 5151 3479 5212 qua:
3508 5134 3631 5194 huc
3661 5097 3788 5193 non

401 5242 621 5282 aceren
660 5271 672 5282 .
709 5241 980 5282 omissis.

401 5231 672 5294 acerent,
709 5223 980 5282 omissis.

459 5315 541 5373 Ex
567 5308 1171 5412 Elmacini-historia
1188 5305 1721 5412 Saracenica‘qum
1742 5324 2200 5412 e‘xcerpseram,
2228 5315 2484 5376 omnino
2508 5314 2710 5384 omisi,
2739 5331 2882 5374 cum
2906 5311 3380 5390 comparatione
3399 5312 3566 5373 facta
3591 5310 3784 5371 vidis-

372 5419 524 5473 sem,
561 5400 650 5459 nil
682 5401 808 5460 fere
841 5399 920 5460 ab
951 5416 1025 5458 eo
1060 5393 1377 5455 memoria:
1419 5393 1739 5472 proditum
1773 5394 1982 5468 tuisse,
2019 5401 2188 5475 quod
2238 5422 2365 5462 non
2417 5404 2709 5483 copiosus
2738 5410 2800 5462 et
2832 5401 3053 5463 melius
3084 5401 3218 5479 jam
3266 5400 3568 5462 traditum
3599 5401 3679 5461 sit
3706 5400 3788 5460 ab

376 5489 852 5568 Abulpharagio
901 5493 962 5549 et
991 5483 1320 5546 Abulfeda.

455 5579 970 5680 gitimodenique
987 5577 1122 5635 loco
1136 5573 1365 5680 [Latine
1392 5572 1840 5680 interpretatus
1861 5592 1996 5676 sum
2027 5583 2267 5680 partem
2298 5579 2514 5660 libelli,
2531 5587 2674 5640 ante
2699 5582 2813 5641 hos
2835 5585 2978 5640 octo
3004 5597 3203 5639 annos
3227 5579 3377 5639 editi
3398 5598 3435 5640 a
3453 5580 3523 5642 V.
3546 5578 3788 5640 clariss.

361 5671 429 5770 β.
451 5669 544 5728 W.
573 5667 954 5770 Frcltagl'u,“
967 5685 998 5723 n
1011 5684 1110 5770 gg.
1133 5662 1314 5770 Qrien
1327 5663 1478 5770 tt.ri‘u
1497 5661 1610 5760 hac
1629 5661 1959 5770 Acad'emEi
1980 5667 2138 5770 ρςυξ.
2159 5668 2330 5770 pubi.
2349 5671 2553 5770 ordin.
2569 5689 2775 5770 ,quem
2793 5671 3024 5748 linguas
3039 5669 3316 5731 Arabical,
3333 5675 3790 5747 praeceptorem

358 5757 491 5836 ipse
526 5777 807 5831 veneror,
843 5757 960 5817 hoc
990 5756 1102 5814 sub
1139 5752 1318 5811 titulo
1341 5773 1362 5810 :
1393 5750 1865 5830 Regierung'des
1892 5753 2426 5819 Saa/zd-Addaula
2448 5777 2524 5820 zu
2544 5758 2804 5841 Aleppo.
2827 5763 2960 5822 Au:
2975 5759 3136 5819 einer
3172 5757 3551 5820 Arabischen
3573 5755 3798 5818 Hand.
