4078 6204
302 373 466 435 1009
1098 386 1200 445 DE
1243 386 1706 452 NICEPHORO
1748 391 2011 452 PHOCA
2058 391 2156 451 ET
2198 388 2499 450 JOANNE
2543 392 2939 454 TZIMISCE.
3573 394 3728 456 1010

300 505 536 587 schri/t
581 512 1051 605 herausgegeben
1088 535 1201 577 von
1236 524 1309 583 G.
1355 520 1445 583 W.
1496 522 1765 603 Freitag.
1798 528 2031 586 Textus
2081 524 2407 597 Arabicus,
2442 523 2552 603 qui
2590 525 2693 585 hic
2724 526 2997 605 primum
3030 527 3195 605 typis
3226 526 3575 605 exscriptus
3607 532 3725 586 est,

305 607 644 694 excerptus
674 610 826 663 este
875 604 1089 665 codice
1118 608 1390 671 Arabico
1433 612 1787 683 Parisiensi,
1835 614 2017 693 cujus
2049 620 2289 692 partem
2325 613 2458 691 jam
2491 620 2676 675 antea
2722 604 3135 694 publicijuris
3168 618 3397 676 fecerat
3424 616 3590 675 idem
3634 615 3727 683 vir

306 688 695 783 doctus,hoc
715 694 919 757 indice
947 715 962 757 :
999 700 1233 763 Selecta
1266 723 1340 764 ex
1361 703 1613 765 historia
1635 688 1962 777 Halébz',e'd
1985 688 2163 767 G.-W.
2189 688 2458 783 Freitag.
2483 688 2741 766 Lutetia
2768 688 3178 767 Parisiorum.
3197 711 3374 767 1819.
3396 708 3727 767 Pramissa

307 785 404 839 est
430 782 685 875 copiosa
705 792 768 844 et
793 785 973 847 bona
995 790 1191 869 frugis
1210 794 1394 872 plena
1417 794 1672 853 editoris
1702 796 2013 873 prafatio,
2038 796 2102 855 in
2128 814 2253 873 qua
2286 795 2361 854 de
2391 782 2665 856 auctoris
2696 796 2823 857 vita
2844 802 2907 856 et
2936 798 3057 857 ﬁde
3082 798 3241 858 libro
3272 797 3407 875 ejus
3432 796 3721 855 habenda

309 878 601 963 accurate
621 873 1010 963 disputatum
1036 889 1166 954 est;
1191 884 1483 944 brevibus
1503 884 1694 962 igitur
1715 885 1779 944 h.
1806 887 1846 945 ι.
1872 905 2004 946 rem
2028 885 2321 963 expedire
2345 904 2623 963 possum.
2654 889 2849 946 Natus
2871 894 2964 947 est
2992 894 3213 948 auctor
3234 873 3400 947 anno
3440 887 3721 946 Arabum

459 960 679 1058 Ῑξᾶιςὺὶ
702 982 715 1036 ;
746 984 973 1058 nomen
999 970 1056 1029 ei
1085 972 1202 1031 fuit
1222 973 1499 1034 Ohmaro
1519 960 1924 1035 ben-Ahmed
1953 994 1967 1047 ;
1993 960 2364 1051 designatur
2377 981 2586 1035 autem
2610 975 2981 1055 plerumque
3004 977 3377 1056 cognomine
3400 975 3721 1036 Cemaled-

311 1047 443 1108 dini
473 1048 540 1151 (1:
576 1053 625 1111 Ι.
658 1056 1038 1151 p._XXXY_l).
1073 1061 1180 1121 Vir
1206 1062 1324 1122 fuit
1350 1080 1506 1124 rara
1531 1062 1855 1136 doctrina,
1881 1047 2523 1142 eximia'prudcntia,
2551 1047 2630 1124 ad
2651 1083 2748 1125 res
2766 1047 3043 1143 agendas
3067 1047 3251 1127 natus
3284 1072 3473 1145 atque
3513 1072 3721 1141 aptus,

306 1143 697 1232 summisque
726 1143 1074 1207 honoribus
1104 1168 1141 1209 a
1172 1151 1559 1231 principibus
1599 1154 1727 1213 suis
1778 1160 2080 1227 ornatus;
2124 1153 2289 1212 diem
2321 1152 2477 1213 obiit
2506 1172 2867 1232 supremum
2901 1173 3067 1216 anno
3096 1156 3213 1216 660
3245 1143 3437 1227 Mirii,
3490 1154 3726 1231 oppido

306 1227 704 1306 Egyptiaco.
740 1234 1075 1297 Historiam
1106 1227 1328 1301 Halebi
1376 1227 1521 1302 inde
1551 1261 1589 1303 a
1619 1242 1837 1322 primis
1882 1243 2054 1303 urbis
2099 1242 2295 1302 initiis
2326 1227 2660 1320 diligenter
2689 1250 2751 1304 et
2781 1252 3097 1317 accurate,
3143 1263 3302 1323 puro
3332 1250 3394 1304 et
3450 1227 3722 1319 simplici

307 1324 557 1430 dicendi
577 1347 806 1408 genere
829 1339 1324 1414 usus,memoria
1350 1342 1978 1414 mandavit,veritatis
2002 1360 2130 1421 pra
2162 1341 2402 1401 cateris
2428 1342 2744 1402 studiosus
2770 1362 2783 1415 ;
2805 1361 2930 1422 qua
2952 1344 3029 1403 de
3050 1361 3116 1403 re
3131 1341 3415 1420 judicent
3455 1340 3720 1400 lectores

308 1433 453 1492 1pm,
495 1428 545 1476 si
593 1429 887 1502 excerpta
929 1443 1004 1485 ex
1050 1428 1386 1490 annalibus
1429 1430 1566 1509 ejus
1613 1432 2071 1493 Halebensibus
2115 1450 2256 1490 cum
2288 1431 2701 1510 scriptoribus
2750 1451 2958 1492 rerum
3009 1431 3498 1511 Byzantinarum
3552 1447 3722 1488 com-

314 1522 540 1568 parare
583 1509 798 1568 velint.

314 1522 540 1582 parare
583 1519 798 1571 velint.

391 1596 703 1676 Excerpta
733 1618 807 1661 ex
857 1605 1077 1681 quovis
1108 1614 1367 1668 auctore
1388 1611 1726 1688 separatim
1761 1611 2038 1683 exhibui,
2068 1612 2186 1671 hoc
2221 1610 2612 1688 potissimum
2649 1612 2935 1683 consilio,
2970 1618 3037 1672 ut
3060 1611 3307 1672 facilius
3336 1609 3721 1685 intelligeret

310 1683 530 1785 Ῑθςδῑξπ,
565 1705 705 1785 qua
738 1690 814 1749 de
836 1710 1086 1773 quaque
1118 1715 1183 1756 re
1231 1704 1407 1774 gesta
1456 1683 1722 1777 quisque
1773 1699 2003 1759 tradat.
2042 1704 2091 1759 Α
2124 1683 2285 1759 notis
2334 1703 2741 1776 supervacuis
2778 1702 3084 1760 addendis
3128 1719 3352 1761 manus
3394 1683 3667 1759 abstinui
3706 1714 3720 1767 ;

312 1777 567 1866 minime
595 1777 761 1837 enim
797 1787 969 1841 ratus
1009 1802 1169 1861 sum,
1206 1785 1373 1845 hunc
1420 1788 1573 1846 mihi
1624 1788 1839 1848 datum
1881 1807 2014 1848 esse
2047 1790 2279 1860 locum,
2328 1800 2394 1848 ut
2444 1791 2867 1866 cognitionem
2902 1790 3255 1849 litterarum
3306 1786 3714 1849 Orientalium

307 1862 814 1962 qualemcunque
844 1872 1201 1947 probarem,
1238 1894 1439 1954 neque
1470 1878 1664 1936 ullam
1698 1897 1839 1937 cum
1873 1879 2281 1956 scriptoribus
2322 1862 2596 1940 historia
2632 1879 2987 1957 Byzantina
3011 1877 3545 1956 comparationem
3588 1876 3715 1933 ins-

309 1952 472 2025 titui,
507 1955 743 2035 quippe
773 1961 942 2037 quod
978 1961 1129 2023 ﬁnes
1162 1952 1499 2041 provincia
1534 1952 2111 2027 mibidemandata
2141 1971 2494 2030 excederet.

391 2042 628 2142 Restat,
666 2052 736 2142 ut
763 2049 961 2109 tribus
1010 2052 1216 2142 verbis
1247 2053 1450 2114 dicam
1484 2056 1560 2115 de
1608 2056 2031 2127 Seifeddaula,
2081 2056 2341 2117 domino
2390 2057 2636 2128 Halebi,
2666 2063 2845 2135 patre
2874 2055 3119 2116 Saahd-
3159 2055 3487 2127 Addaula,
3529 2051 3716 2142 cujus

305 2132 538 2208 sapius
579 2132 643 2191 in
674 2133 844 2196 hisce
884 2141 1192 2218 excerptis
1222 2144 1456 2203 mentio
1486 2145 1650 2204 facta
1681 2150 1794 2204 est.
1838 2146 2153 2205 Oriundus
2190 2147 2242 2205 is
2272 2147 2388 2207 fuit
2415 2165 2489 2207 ex
2520 2132 2715 2205 nobili
2746 2144 2985 2205 familia
3014 2144 3581 2214 Hamdanidarum,
3615 2137 3718 2201 cui

303 2237 534 2310 nomen
564 2222 831 2285 inditum
864 2236 957 2288 est
980 2229 1059 2289 ab
1103 2237 1381 2305 auctore,
1416 2234 1771 2305 Hamdano,
1814 2252 1931 2293 avo
1974 2233 2414 2295 Seifeddaula.
2448 2238 2598 2295 Post
2627 2234 2803 2296 varia
2831 2234 2961 2293 fata
2984 2234 3165 2293 annis
3213 2234 3483 2310 denique
3517 2232 3630 2292 333
3658 2236 3718 2290 et

302 2307 445 2410 6.3.4,
481 2310 590 2388 qui
612 2312 899 2375 incidunt
926 2318 990 2376 in
1022 2337 1223 2379 annos
1255 2339 1317 2397 p.
1351 2321 1497 2382 Chr.
1534 2341 1596 2381 n.
1630 2324 1747 2382 944
1778 2328 1838 2382 et
1884 2323 2023 2392 945,
2060 2323 2284 2383 Halebi
2333 2325 2594 2402 ejusque
2627 2323 2865 2383 ditione
2899 2323 3132 2400 potitus
3162 2332 3255 2381 est
3290 2307 3715 2396 Seifeddaula,

302 2397 516 2491 ibique
576 2419 839 2479 regnum
872 2425 1054 2466 suum
1103 2410 1426 2470 stabilivit.
1463 2410 1578 2489 (Cf.
1644 2412 1857 2471 Abulf.
1893 2418 2045 2471 tom.
2080 2413 2158 2485 II,
2192 2432 2253 2491 p.
2294 2397 2435 2474 435.
2466 2397 2693 2475 Select.
2730 2431 2806 2472 ex
2858 2397 3000 2471 hist.
3036 2412 3179 2471 Hal.
3216 2430 3279 2489 p.
3315 2413 3386 2470 37
3427 2429 3598 2488 seqq.
3636 2410 3715 2468 cf.

304 2486 455 2547 edit.
488 2495 619 2549 not.
654 2491 734 2550 ad
764 2493 828 2552 h.
866 2495 938 2573 l.)
961 2496 1203 2574 Sapius
1242 2486 1530 2577 regiones
1578 2503 1935 2561 Gracorum
1970 2486 2281 2561 lacessivit
2329 2502 2635 2579 susceptis
2684 2486 3235 2579 expeditionibus;
3264 2518 3419 2577 quas
3471 2486 3716 2575 longius

304 2579 598 2669 persequi
628 2580 706 2639 ab
736 2580 857 2642 hoc
890 2586 1024 2645 loco
1057 2588 1329 2647 alienum
1354 2589 1534 2649 foret.
1569 2589 1810 2669 (Abulf.
1850 2593 1903 2648 1.
1942 2592 1997 2649 1.
2036 2610 2098 2668 ρ.
2134 2594 2247 2650 457
2280 2608 2295 2663 ;
2329 2594 2438 2651 461
2476 2609 2490 2664 ;
2524 2592 2665 2650 467.
2718 2593 2959 2650 Elmac.
2996 2609 3060 2667 p.
3092 2590 3251 2660 275;
3292 2608 3350 2666 p.
3383 2591 3502 2647 477
3534 2605 3712 2664 seqq.

397 2666 516 2727 286
542 2672 1113 2820 seqqésoAbulphar.
1140 2696 1201 2756 p.
1240 2679 1406 2759 195.)
1443 2666 1718 2739 Mortuus
1749 2685 1844 2738 est
1892 2666 2057 2739 anno
2104 2680 2243 2740 356.
2278 2678 2517 2758 (Abult’.
2570 2700 2630 2759 p.
2664 2680 2806 2739 493.
2839 2679 2962 2738 Sel.
2992 2666 3067 2738 ex
3097 2678 3248 2738 hist.
3284 2677 3428 2737 Hal.
3461 2696 3522 2755 p.
3574 2678 3709 2736 138.

380 2774 538 2817 mac.
580 2778 639 2820 ι).
802 2809 811 2819 .

320 2758 538 2817 Slmac.
580 2778 639 2836 p.
676 2759 846 2839 280.)

378 2848 1197 2936 MentionemSeifeddaula
1214 2854 1429 2933 injecit
1459 2860 1579 2917 Leo
1602 2856 1773 2935 (libr.
1797 2874 1864 2931 ιι,
1889 2874 2029 2936 cap.
2056 2858 2214 2936 1-5),
2231 2858 2347 2918 sub
2370 2859 2624 2918 nomine
2638 2856 3099 2929 Chambdani,i.
3121 2874 3175 2915 e.
3198 2853 3713 2932 Hamdani,quod

308 2951 435 3024 non
459 2934 605 3024 ipsi,
640 2940 747 2998 sed
778 2959 895 3000 avo
926 2961 1153 3002 nomen
1184 2944 1319 3004 fuit.
1356 2947 1449 3005 Ad
1478 2934 2062 3024 expeditionem—de
2086 2934 2210 3024 qua
2240 2948 2283 3008 l.
2312 2948 2351 3007 l.
2378 2948 2528 3007 dicit
2548 2951 2698 3018 Leo,
2728 2945 3121 3006 referendum
3148 2951 3239 3004 est
3261 2950 3621 3022 excerptum
3643 2962 3717 3001 ex

308 3022 812 3113 AbulpharAgio,
836 3031 1004 3108 quod
1036 3033 1248 3092 statim
1281 3034 1359 3094 ab
1381 3022 1837 3095 initio—exhibui
1862 3054 1876 3108 ;
1902 3022 2188 3095 eamdem
2211 3036 2677 3113 expeditionem
2707 3044 3060 3095 memorant
3083 3034 3395 3093 Abulfeda
3425 3038 3486 3092 et
3506 3033 3719 3091 Cema-

307 3110 624 3185 leddinus,
655 3135 924 3195 quorum
958 3121 1147 3181 verba
1174 3122 1237 3182 h.
1272 3124 1315 3182 Ι.
1350 3124 1557 3202 legere
1590 3124 1759 3183 haud
1790 3125 2158 3200 gravabitur
2189 3110 2407 3184 lector.
2474 3127 2479 3131 ’

390 3202 872 3267 Cemaleddinus
920 3228 979 3286 p.
1043 3211 1200 3270 134:
1275 3235 1304 3267 «
1361 3218 1542 3272 Anno
1576 3212 1692 3273 348
1740 3213 1836 3272 vel
1894 3212 2010 3272 349
2053 3213 2453 3273 Seifeddaula
2502 3213 2785 3290 regiones
2831 3214 3190 3271 Gracorum
3248 3208 3495 3269 invasit.
3530 3211 3707 3283 Cum,

311 3290 525 3381 multis
580 3292 928 3356 incolarum
1009 3301 1251 3374 occisis,
1304 3302 1641 3379 multisque
1700 3301 1921 3379 captis,
1973 3302 2186 3381 prada
2252 3302 2511 3379 potitus,
2576 3320 2683 3379 per
2765 3299 3084 3377 angustias
3134 3296 3708 3375 Maghara-Alcohl

313 3378 517 3440 redire
547 3382 759 3444 animo
790 3386 1048 3448 haberet
1070 3396 1131 3448 et
1161 3409 1376 3449 versus
1406 3409 1511 3449 eas
1533 3378 1652 3450 iter
1682 3378 1989 3458 ﬂeeteret,
2016 3390 2211 3450 Leoni
2246 3378 2372 3449 ﬁlio
2407 3378 2629 3449 Phoca
2660 3388 3029 3458 domestico,
3063 3388 3213 3466 quid
3236 3387 3315 3446 ad
3342 3386 3482 3444 illas
3503 3384 3707 3462 ipsum

314 3481 738 3545 pracesserat,
773 3478 1065 3537 occurrit.
1102 3479 1325 3539 Pralio
1356 3478 1443 3537 ibi
1472 3479 1805 3538 commisso
1838 3478 2241 3538 Seifeddaula
2270 3480 2559 3539 vincitur.
2597 3480 2822 3537 Hostes
2852 3474 3400 3536 Mubammedanis
3434 3472 3711 3552 pradam

314 3566 565 3635 captam
596 3564 892 3642 eripiunt,
944 3568 1244 3629 thesauro
1290 3569 1882 3646 impedimentisque
1937 3568 2353 3629 Seifeddaula
2404 3568 2747 3647 potiuntur.
2784 3567 2969 3628 Multi
2996 3566 3059 3625 in
3094 3566 3212 3625 hoc
3262 3565 3476 3642 pralio
3514 3564 3708 3623 vitam

311 3650 628 3726 amittunt,
666 3662 724 3715 et
754 3656 1187 3718 Abu-Ferasus
1217 3659 1588 3719 Alharetsus
1609 3658 1966 3719 ben-Sahid
1990 3660 2420 3719 ben-Hamdan
2447 3659 2731 3737 captivus
2754 3660 2972 3732 factus,
3009 3657 3089 3717 ab
3119 3656 3406 3716 hostibus
3436 3654 3705 3716 Carsha-

310 3756 456 3798 nam
502 3741 773 3805 ducitur.
824 3748 976 3807 Inde
1023 3748 1607 3827 Constantinopolin
1655 3750 1912 3808 missum
1962 3766 2128 3809 anno
2170 3751 2289 3809 354
2331 3748 2632 3828 patriciis,
2687 3766 2845 3826 quos
2898 3747 3180 3825 captivos
3227 3745 3481 3817 fecerat,
3516 3743 3702 3822 datis,

314 3827 717 3893 Seifeddaula
748 3852 890 3895 eum
922 3855 1064 3896 cum
1096 3837 1234 3897 aliis
1265 3837 1584 3897 redimit.»

396 3919 705 3983 Abulfeda
735 3932 863 4007 tom
897 3927 974 3999 II,
1013 3946 1076 4005 p.
1126 3929 1245 3987 469
1279 3948 1293 3989 :
1335 3949 1363 3984 (ι
1396 3928 1628 3988 Eodem
1676 3946 1844 3989 anno
1892 3928 1959 4005 (i.
1992 3947 2045 3987 e.
2094 3948 2260 3989 anno
2308 3930 2473 4006 fuga
2504 3930 2645 4001 346,
2678 3928 2787 4007 qui
2817 3928 2852 3985 2
2903 3927 3109 3989 Martii
3141 3930 3211 3987 A.
3246 3928 3312 3987 C.
3344 3926 3463 3986 960
3492 3922 3709 4003 capit)

307 4006 654 4087 impetebat
683 4016 1083 4077 Seifeddaula
1114 4018 1536 4078 Hamdanides
1578 4021 1924 4078 Romanam
1977 4019 2275 4079 ditionem
2308 4037 2471 4079 nova
2516 4006 2896 4092 incursione,
2930 4017 3184 4095 ingente
3229 4033 3373 4075 cum
3406 4014 3719 4081 exercitu,

312 4097 645 4185 subigebat
674 4104 858 4164 urbes
889 4112 950 4165 et
969 4124 1165 4185 arces,
1192 4107 1436 4178 urebat,
1461 4106 1773 4179 vastabat,
1798 4108 2156 4167 trucidabat
2176 4108 2483 4177 homines,
2509 4124 2737 4184 pecora
2757 4112 2818 4166 et
2838 4106 3124 4165 homines
3172 4104 3488 4182 abigebat,
3522 4101 3719 4161 Char-

316 4184 563 4249 sianum
599 4190 680 4272 (1)
712 4211 908 4270 usque
940 4195 1345 4272 procedebat.
1379 4196 1499 4256 Sed
1531 4194 1813 4255 redituro
1862 4195 2122 4255 domum
2153 4194 2637 4273 intercipiebant
2686 4192 2881 4252 Graci
2936 4193 3097 4253 viam
3131 4211 3243 4270 per
3272 4191 3474 4270 pylas,
3524 4206 3724 4265 eaque

313 4287 563 4349 ratione
611 4309 737 4351 non
790 4297 1033 4352 tantum
1068 4312 1181 4354 sua
1212 4294 1674 4373 recuperabant
1717 4294 1952 4367 omnia,
1987 4293 2177 4353 etiam
2232 4293 2428 4353 hostis
2461 4291 2864 4371 potiebantur
2892 4291 3386 4370 impedimentis,
3421 4295 3482 4349 et
3527 4306 3717 4367 quam

317 4381 488 4459 passi
519 4383 787 4452 fuerant,
810 4379 1119 4458 jacturam
1154 4390 1328 4443 tanta
1359 4383 1847 4463 compensabant
1882 4383 1942 4442 in
1983 4382 2398 4442 Seifeddaula
2450 4381 2663 4459 copias
2701 4380 2869 4440 edita
2912 4386 3144 4457 strage,
3189 4385 3255 4439 ut
3284 4379 3416 4456 ipse
3446 4377 3549 4435 vix
3575 4393 3715 4435 cum

310 4471 619 4529 trecendis
650 4472 860 4532 salvus
907 4474 1222 4533 evaderet.
1258 4474 1327 4534 Id
1378 4476 1659 4533 futurum
1698 4472 2117 4551 praviderant
2157 4490 2362 4532 rerum
2413 4471 2778 4531 bellicarum
2830 4470 3222 4547 istorumque
3268 4468 3549 4528 locorum
3601 4484 3715 4525 usu

312 4560 521 4637 periti,
545 4569 998 4640 suaserantque
1029 4570 1363 4641 propterea
1386 4564 1824 4635 Hamdanida,
1858 4562 2054 4623 nollet
2082 4562 2204 4633 via,
2230 4580 2355 4639 qua
2376 4561 2550 4631 isset,
2585 4559 2801 4619 eadem
2836 4558 3058 4617 redire.
3084 4560 3196 4619 Ille
3227 4575 3373 4617 vero
3397 4561 3717 4635 spreverat

310 4649 665 4724 consilium,
722 4652 816 4710 vir
863 4653 1032 4712 solus
1082 4653 1201 4711 sibi
1246 4654 1515 4731 sapiens,
1576 4652 1987 4712 monitoribus
2054 4670 2259 4730 asper,
2314 4652 2422 4730 qui
2480 4650 2695 4711 omnia
2766 4666 2876 4727 per
2936 4666 3029 4727 se,
3085 4649 3336 4709 nemine
3403 4646 3714 4719 consulto,

317 4756 534 4815 gerere
586 4741 863 4817 volebat,
926 4760 1024 4812 ne,
1086 4743 1135 4801 si
1184 4741 1335 4819 quid
1394 4742 1481 4802 rei
1538 4759 1838 4822 prospere
1894 4740 2276 4817 succederet,
2311 4741 2374 4800 id
2432 4738 2931 4801 consiliariorum
2981 4738 3333 4817 sapientia,
3396 4755 3521 4798 non
3559 4753 3711 4808 sua,

309 4826 753 4905 imputaretur.
788 4854 817 4886 »

388 4918 630 4979 Dabam
662 4923 902 4981 Bonna
935 4920 1014 4981 ad
1047 4919 1336 4981 Rhenum
1363 4920 1463 4980 die
1494 4922 1570 4980 23
1598 4920 1791 4983 Junii.

1032 5173 1099 5265 Ι.
1163 5173 1326 5265 ΕΧ
1396 5171 1991 5267 GBEGOBII
2056 5171 2979 5268 ABULPHABAGII

1612 5326 1710 5385 CH
1724 5324 2002 5385 RONICO
2042 5325 2398 5386 SYRIACO.

1364 5434 1465 5504 (Cf.
1500 5435 1593 5491 ed.
1626 5433 1855 5489 Brunsil
1882 5439 1935 5489 et
1965 5431 2208 5489 Kirscbii
2240 5450 2295 5503 p.
2333 5432 2435 5487 197
2469 5432 2652 5505 seqq.)

374 5632 452 5688 Eo
481 5647 638 5688 anno
662 5628 939 5700 (Arabum
970 5629 1100 5703 348)
1148 5631 1241 5703 qui
1290 5630 1621 5687 Gracorum
1657 5638 1742 5687 est
1792 5630 1949 5700 1272,
2063 5631 2377 5698 Romanus,
2402 5629 2502 5702 qui
2533 5633 2796 5686 senatum
2827 5629 3088 5699 virosque
3140 5628 3427 5701 principes
3458 5623 3706 5680 multum

304 5730 526 5780 mortuo
555 5739 682 5794 rege
724 5721 1122 5792 Constantino,
1158 5738 1392 5794 regnare
1447 5723 1616 5793 capit
1650 5721 1803 5777 ﬁlius
1828 5723 1955 5793 ejus
2068 5721 2383 5789 honoravit,
2416 5734 2545 5789 erga
2575 5734 2777 5773 omnes
2806 5724 2994 5773 autem
3027 5715 3428 5788 magnanimus
3472 5713 3594 5769 fuit.
3629 5713 3708 5769 Eo

381 5820 526 5897 (1)1.
558 5836 608 5879 ο.
640 5820 1053 5891 Charshanam,
1085 5821 1280 5879 urbem
1309 5822 1543 5881 ditionis
1572 5823 1782 5882 Graeca
1807 5835 1984 5894 prope
2004 5817 2351 5876 Malathiam.
2384 5820 2538 5873 LA“.
