4112 6208
342 345 491 406 1011

1350 341 1758 402 EXCERPTA
1803 342 1905 401 EX
1952 337 2347 400 HISTORIIS
2392 339 2733 400 ARABUM

3599 331 3755 394 1012

340 492 500 534 anno
531 480 701 532 Jones
730 473 828 546 qui
874 474 1046 530 etiam
1073 471 1582 542 Schumuschchig,
1627 474 1742 527 dux
1777 472 1998 526 exerci-
2029 473 2076 538 Α
2111 479 2233 542 post
2276 472 2443 526 festos
2472 472 2594 526 dies
2645 469 2948 525 rediturus.
2995 467 3288 528 Tarsensis
3337 465 3586 524 Arabum
3615 465 3753 532 dux,

342 573 460 629 tus,
493 573 542 620 et
573 563 948 632 Nicephorus,
986 561 1352 626 domesticus,
1385 561 1550 616 missi
1575 560 1645 615 ab
1674 576 1738 614 eo
1769 560 1828 614 in
1857 561 1992 612 Ara-

343 652 477 708 bum
528 653 692 717 lines,
727 650 1001 720 progressi
1053 657 1182 703 sunt
1221 665 1397 720 usque
1427 653 1496 704 ad
1528 649 1779 716 Abiram,
1813 648 1987 716 unde,

341 739 517 796 occisi
555 741 653 792 100
688 737 995 803 militibus,
1027 745 1080 792 et
1115 737 1368 793 incensis
1421 739 1693 809 frugibus,
1727 753 1857 794 cum
1895 736 1994 792 tri-

340 831 495 898 ginta
525 825 764 895 captivis
795 826 1078 880 abierunt.
1114 827 1523 896 Siphoddaula,
1555 826 1753 882 Halebi
1785 826 1995 892 Emira,

341 931 470 973 cum
504 915 644 970 3000
687 930 964 986 egressus,
1019 913 1397 970 Carscheuam
1447 930 1577 970 cum
1627 917 1995 985 pervenisset,

341 1021 713 1075 permagnam
741 1005 986 1073 praedam
1019 1004 1153 1058 inde
1180 1003 1432 1059 abduxit.
1459 1005 1670 1070 Redux,
1699 1010 2000 1077 propterea

344 1095 494 1167 quod
526 1093 768 1150 Romani
800 1109 1003 1148 omnes
1039 1099 1313 1162 angustos
1344 1095 1528 1149 exitus
1559 1095 1995 1164 interceperant,

346 1200 478 1242 cum
535 1183 636 1238 100
686 1189 910 1236 tantum
966 1197 1032 1236 ex
1081 1183 1255 1236 servis
1303 1182 1423 1236 suis
1473 1182 1676 1238 evasit.
1734 1183 2002 1252 Reliquos

333 1271 596 1330 Romani
649 1271 849 1342 partim
914 1270 1270 1336 occiderunt,
1331 1272 1536 1342 partim
1593 1273 1805 1328 vinctos
1870 1287 2000 1327 cum

354 1363 544 1432 praeda
575 1368 906 1430 recuperata
937 1361 1304 1431 reduxerunt,
1335 1363 1526 1417 multis
1557 1362 1789 1433 insuper
1819 1363 2001 1432 equis,

351 1452 528 1508 armis
573 1458 624 1505 et
660 1451 933 1518 nummis,
986 1451 1084 1520 qui
1129 1450 1554 1518 Siphoddaulaa,
1587 1451 1690 1506 ﬁlii
1727 1453 2005 1508 Hamdani

353 1542 597 1609 fuerant,
628 1540 809 1609 potiti.
851 1538 1268 1610 Nobilium,qui
1298 1555 1428 1594 cum
1460 1556 1524 1595 eo
1549 1541 2005 1612 (mtiitavnrant),

361 1630 534 1686 simul
567 1629 742 1684 occisi
783 1634 940 1695 sunt,
979 1627 1215 1697 Hamed,
1268 1627 1420 1683 ﬁlius
1463 1628 1716 1697 Namusi,
1763 1630 2009 1685 Mususia

357 1721 517 1776 Chan
547 1727 600 1774 et
627 1718 764 1776 Cadi
783 1717 1173 1773 Abu-Hozain.

2101 560 2312 616 coactis
2341 559 2502 624 4000,
2553 560 2782 614 adortus
2823 561 3107 614 Romanos
3151 558 3334 614 victus
3365 563 3418 612 et
3464 571 3582 611 non
3631 554 3753 624 ipse

2104 649 2346 714 tantum,
2391 647 2486 701 sed
2537 661 2738 702 omnes
2781 644 2951 702 etiam
3003 645 3210 700 Arabes
3239 652 3293 698 et
3323 643 3498 698 frater
3525 656 3748 714 quoque

2102 737 2406 792 Tarsensis
2439 736 2624 804 ducis,
2661 735 3031 800 Bar-Rababi,
3084 734 3258 790 occisi
3282 739 3437 788 sunt.
3487 731 3751 798 Romani,

2104 829 2306 883 iterum
2361 826 2614 882 Ciliciam
2659 825 2920 895 ingressi,
2968 830 3369 894 expugnarunt
3415 837 3604 878 arcem
3657 820 3748 875 Ziz

2105 926 2157 973 et
2190 915 2456 987 praesidio
2489 931 2602 972 non
2632 915 2683 969 ei
2718 920 2962 982 tantum,
2995 914 3094 968 sed
3127 912 3362 983 reliquis
3394 911 3560 965 etiam
3607 908 3744 964 arci.

2109 1005 2213 1061 bus
2245 1005 2530 1074 imposito,
2577 1003 2813 1074 profecti
2865 1011 2996 1058 sunt
3028 1001 3324 1058 Halebum.
3374 999 3650 1070 Opposuit
3695 1013 3752 1052 se

2107 1095 2492 1166 Siphoddaula
2542 1092 2828 1160 Romanis,
2881 1093 2980 1150 sed
3031 1091 3210 1148 victus
3256 1096 3360 1146 est.
3412 1089 3752 1148 Ceciderunt

2109 1186 2277 1241 etiam
2331 1199 2532 1248 omnes
2589 1181 2872 1242 Hamdeni
2927 1180 3035 1240 lilii
3089 1187 3146 1236 et
3191 1179 3316 1250 ipse
3369 1178 3753 1249 Siphoddanla

2109 1291 2241 1331 cum
2305 1274 2500 1345 paucis
2560 1280 2779 1328 tantum
2831 1270 3042 1328 caedem
3089 1268 3304 1339 ell'ugit.
3351 1267 3581 1338 Snbegit
3637 1266 3750 1322 Do-

2113 1364 2382 1422 mesticus
2411 1362 2602 1417 aulam
2631 1361 2773 1431 ejus,
2825 1376 2951 1430 quae
2996 1365 3153 1416 extra
3185 1357 3342 1414 urbis
3373 1372 3601 1412 murum
3648 1357 3754 1409 sita

2113 1461 2257 1520 erat,
2289 1452 2360 1507 ab
2398 1467 2574 1521 eaque
2608 1466 2722 1505 non
2753 1453 2978 1503 tantum
3008 1447 3115 1502 390
3143 1447 3360 1516 argenti
3393 1445 3626 1510 talenta,
3658 1445 3755 1499 sed

2115 1543 2286 1598 etiam
2327 1541 2469 1596 2400
2501 1539 2686 1595 mulos
2715 1545 2770 1592 et
2808 1551 3098 1594 armorum
3126 1534 3416 1590 inﬁnitum
3449 1549 3754 1589 numerum

2115 1633 2322 1704 exegit.
2365 1631 2510 1686 Aula
2540 1630 2794 1694 incensa,
2849 1627 3043 1682 urbem
3074 1625 3255 1696 ipsam
3299 1622 3662 1693 oppugnavit,
3695 1623 3754 1676 in

2117 1722 2277 1792 cujus
2307 1735 2472 1776 muro
2500 1733 2630 1776 cum
2659 1721 2980 1787 aperturam
3024 1715 3264 1781 fecisset,
3297 1713 3540 1774 Romani
3571 1721 3757 1766 trans-

441 1813 605 1864 Anno
637 1808 744 1862 350
776 1807 1041 1873 Arabum,
1092 1824 1292 1876 magna
1327 1807 1574 1863 Arabum
1605 1817 1852 1875 caterva,
1891 1815 2004 1866 An-
2043 1815 2090 1880 Β
2119 1811 2292 1884 gressi
2341 1809 2479 1864 caedi
2511 1823 2626 1864 non
2660 1808 2815 1876 prius
2865 1806 3034 1862 tinem
3093 1805 3367 1868 fecerunt,
3399 1819 3567 1872 quam
3599 1800 3758 1856 defa-

372 1899 577 1954 tiocbia
631 1897 867 1952 Tarsum
913 1897 1181 1966 profecta,
1227 1897 1282 1952 in
1340 1897 1726 1955 Romanorum
1777 1901 2015 1955 insidias

371 1987 596 2051 incidit,
632 1985 726 2056 qui
771 2001 836 2040 ex
869 1985 937 2040 iis
967 1985 1186 2055 aliquos
1227 1987 1591 2058 occiderunt,
1621 1987 1863 2060 reliquos
1897 2006 2014 2044 ma-

375 2093 540 2148 gnam
601 2076 822 2131 turbam
867 2076 1087 2131 vinctos
1121 2075 1495 2132 abduxerunt.
1550 2079 1834 2148 lndignati
1884 2091 2018 2136 sunt

371 2167 603 2230 Arabes,
637 2165 873 2235 ideoque
904 2181 1098 2220 servus
1141 2165 1572 2240 Siphoddaulze,
1603 2172 1778 2239 Naga,
1825 2169 2014 2240 irrup-

373 2255 526 2310 tione
568 2273 600 2310 a
631 2254 804 2311 latere
851 2254 1185 2326 Miphractae
1217 2255 1273 2310 in
1307 2259 1688 2312 Romanorum
1727 2259 2014 2326 regionem

373 2345 543 2410 facta,
589 2360 848 2414 magnam
885 2345 1123 2412 praadam
1159 2359 1287 2398 cum
1327 2345 1470 2398 2000
1511 2345 1831 2415 hominum,
1864 2353 1917 2404 et
1960 2351 2014 2406 in

375 2432 464 2488 his
498 2433 568 2487 50
598 2433 813 2487 catenis
835 2432 1052 2486 vinctos
1084 2431 1336 2487 abduxit.

447 2527 615 2578 Anno
645 2521 969 2577 Graecorum
1005 2521 1161 2588 12711,
1209 2523 1458 2578 Arabum
1491 2525 1616 2591 451,
1663 2525 2020 2596 Nicephorus

379 2611 745 2676 domesticus,
789 2625 914 2664 cum
951 2610 1182 2678 100,000
1220 2612 1473 2680 equitum
1509 2614 1564 2667 in
1597 2614 1850 2670 Ciliciam
1885 2632 2018 2686 pro-

381 2704 585 2770 fectus,
633 2700 984 2756 Anazarbam
1025 2699 1241 2754 obsedit
1285 2704 1550 2772 gravique
1593 2703 1738 2758 bello
1783 2706 2019 2775 VOXaVil,

383 2792 564 2846 donec
613 2789 708 2858 qui
752 2788 904 2843 intus
947 2796 1105 2842 erant
1151 2788 1389 2859 Arabes,
1435 2790 1505 2845 de
1567 2793 1774 2848 auxilio
1826 2796 2023 2864 despe-

385 2887 598 2944 rantes,
648 2877 814 2947 pacti,
871 2885 922 2931 ut
981 2877 1028 2931 si
1080 2893 1269 2932 arcem
1339 2879 1643 2949 traderent,
1708 2881 2024 2940 incolumes

387 2983 517 3024 cum
551 2966 914 3023 facultatibus
952 2967 1188 3034 exirent,
1224 2967 1334 3022 fide
1362 2984 1391 3022 a
1426 2968 1743 3041 Nicephoro
1774 2981 2022 3042 accepta,

388 3057 640 3112 maxime
701 3056 846 3125 quod
911 3055 1190 3122 viderent,
1253 3055 1440 3111 hostes
1496 3075 1527 3111 a
1585 3059 1792 3116 montis
1853 3061 2026 3118 latere

2125 1900 2282 1972 ligati
2311 1904 2488 1955 erant.
2543 1896 2895 1952 Invenerunt
2924 1895 2980 1950 in
3027 1908 3095 1948 ea
3129 1893 3263 1948 1200
3305 1893 3589 1948 Romanos
3638 1891 3766 1945 vin-

2125 1997 2263 2057 ctos,
2316 2003 2456 2058 quos
2502 1987 2560 2041 in
2609 1983 2930 2040 libertatem
2982 1982 3360 2040 restituerunt.
3413 1981 3548 2035 Plus
3591 1994 3762 2049 quam

2132 2079 2326 2150 10,000
2357 2090 2662 2150 puerorum
2691 2082 2745 2132 ot
2777 2073 3090 2144 puellarum
3128 2073 3494 2130 abduxerunt
3535 2077 3590 2126 et
3617 2085 3763 2140 pre-

2127 2172 2212 2226 dae
2260 2177 2499 2235 tantum,
2548 2173 2758 2236 quanto
2796 2165 3025 2228 ferendo
3075 2179 3236 2233 pares
3277 2168 3456 2227 erant,
3508 2165 3762 2230 asporta-

2129 2263 2283 2316 runt.
2317 2257 2471 2322 Quod
2522 2255 2816 2326 reliquum-
2850 2260 2990 2320 erat,
3039 2253 3491 2312 combusserunt.
3527 2250 3763 2308 Invene-

2133 2355 2266 2404 runt
2290 2348 2446 2404 lacus
2484 2347 2610 2402 oleo
2629 2345 2904 2400 olivarum
2933 2343 3148 2413 plenos,
3173 2357 3314 2412 quos
3334 2356 3478 2411 aqua
3501 2338 3770 2409 impleve-

2131 2441 2285 2501 runt,
2346 2445 2402 2492 ut
2461 2434 2649 2492 oleum
2698 2449 2870 2500 omne
2915 2437 3302 2508 supernatarel
3348 2437 3401 2486 et
3449 2429 3656 2484 deinde
3711 2427 3769 2482 in

2134 2537 2340 2584 terram
2371 2523 2608 2580 ell‘usum
2641 2527 3120 2592 corrumperetur.
3154 2519 3386 2589 Templa
3425 2523 3766 2577 everterunt,

2133 2616 2336 2689 quibus
2363 2613 2722 2670 destruendis
2753 2611 2994 2668 Romani
3035 2625 3237 2667 novere
3269 2609 3393 2666 dies
3439 2609 3778 2676 absumpse-

2135 2713 2288 2761 runt.
2320 2705 2457 2759 Cum
2506 2704 2564 2757 in
2597 2718 2663 2757 eo
2694 2705 2906 2769 essent,
2943 2711 2998 2755 ut
3026 2699 3271 2767 abirent,
3303 2698 3518 2756 obstitit
3565 2696 3777 2752 sororis

2137 2795 2288 2852 ﬁlius
2321 2792 2467 2863 regis
2489 2791 2752 2860 Romani,
2784 2789 3251 2858 Nicephorumin
3278 2787 3488 2843 bellum
3519 2795 3778 2850 secutus,

2139 2907 2167 2934 ‹‹
2201 2883 2323 2940 Non
2357 2881 2724 2946 discedimus,
2751 2899 2777 2930 ιι
2810 2879 3097 2950 inquiens,
3133 2900 3160 2928 α
3191 2878 3375 2934 donec
3405 2891 3593 2932 arcem
3643 2890 3779 2946 ape-

2139 2973 2438 3030 ruerimus.
2475 2992 2502 3020 »
2535 2969 2910 3040 Nicephorus,
2945 2968 3040 3038 qui
3069 2966 3348 3024 adversari
3381 2982 3492 3022 non
3556 2972 3742 3034 posset
3769 2981 3784 3018 :

2143 3085 2170 3112 «
2201 3067 2280 3118 En
2311 3084 2340 3112 ››
2375 3060 2578 3128 aiebat,
2611 3082 2639 3109 ‹‹
2671 3074 2770 3114 arx
2821 3066 2954 3112 ante
2995 3066 3045 3114 te
3092 3064 3216 3122 est;
3247 3055 3358 3124 abi,
3393 3065 3450 3110 ut
3499 3055 3712 3123 capias,
3750 3072 3780 3102 ι

389 3161 637 3213 murum,
670 3145 822 3199 brevi
867 3153 1254 3215 perrupturos,
1304 3153 1494 3216 portas
1526 3159 1888 3218 aperuerunt.
1931 3151 2026 3206 Ni-
2063 3168 2106 3232 α
2149 3153 2248 3206 Hie
2267 3149 2634 3222 regissororis
2658 3148 2812 3204 [ilius
2831 3147 2920 3201 vix
2941 3146 3088 3208 arcis
3107 3146 3789 3217 perlinappmpinquave-

387 3236 723 3306 cephorum,
763 3250 890 3290 cum
931 3234 1218 3303 ingressus
1251 3235 1503 3299 vidisset,
1549 3253 1743 3306 parum
1785 3240 2034 3306 abfuisse

386 3325 522 3394 quin
582 3317 756 3394 gladii
813 3339 916 3392 ope
977 3323 1103 3376 sine
1163 3323 1423 3379 molestia
1481 3324 1725 3395 aperiret
1771 3328 2036 3405 (urbem),

387 3411 650 3484 pmnituit
684 3413 1044 3483 promissum.
1089 3412 1279 3484 Itaque
1310 3413 1505 3484 edixit,
1542 3420 1604 3468 ut
1636 3416 1692 3471 in
1729 3421 2035 3482 oratorium

389 3503 664 3572 templum
708 3501 900 3557 omnis
950 3501 1189 3572 populus
1233 3513 1672 3573 congregaretur
1717 3514 1766 3561 et
1799 3510 2036 3579 quicun-

390 3606 498 3660 que
553 3607 665 3645 non
717 3592 993 3658 introiret,
1053 3590 1334 3658 sanguine
1383 3608 1579 3660 pmnas
1631 3594 1830 3651 lueret.
1883 3601 2038 3656 Inse-

395 3679 589 3747 quenti
621 3681 710 3732 die
743 3679 954 3747 pedites
980 3694 1142 3732 mane
1174 3679 1232 3731 in
1258 3677 1452 3732 urbem
1480 3683 1814 3750 intromissi,
1849 3702 2044 3758 quem-

397 3781 624 3833 cunque
669 3767 1030 3832 iuvenerunt,
1075 3765 1242 3830 viros,
1279 3766 1543 3820 mulieres
1585 3777 1638 3822 et
1669 3785 1892 3836 pueros,
1925 3783 2040 3828 tru-

396 3853 683 3906 cidarunt.
731 3853 875 3906 Tum
936 3852 1274 3920 comportari
1323 3869 1481 3908 arma
1524 3855 1581 3910 in
1639 3858 1774 3912 urbe
1835 3868 2040 3930 erepta.

400 3939 633 3995 Inventa
679 3947 808 3993 sunt
869 3939 1067 4008 40,000
1120 3939 1427 3997 loricarum
1477 3952 1677 4014 praeter
1724 3947 1942 4018 gladios
1990 3957 2043 4006 et

397 4043 635 4083 arcuum
691 4043 959 4097 magnum
1025 4043 1345 4085 numerum.
1405 4031 1727 4089 Palmarum
1772 4036 2041 4094 arborum

400 4117 602 4183 110,000
651 4119 875 4174 succisa
922 4127 1072 4173 sunt.
1126 4119 1290 4176 Exire
1313 4119 1520 4178 deinde
1562 4139 1782 4194 omnes,
1832 4128 1930 4197 qui
1983 4129 2042 4188 in

399 4207 609 4279 templo
659 4218 839 4277 erant,
904 4209 1093 4278 jussit,
1139 4219 1191 4264 et
1253 4227 1522 4282 quorsum
1572 4214 1798 4286 vellent,
1861 4217 2040 4288 abire,

399 4311 635 4354 mortem
683 4299 931 4353 minatus
963 4299 1255 4370 omnibus,
1293 4301 1389 4372 qui
1423 4302 1489 4356 ad
1537 4319 1826 4374 vesperam
1861 4323 2040 4362 rema-

399 4396 623 4445 nerent.
686 4392 965 4444 Exeuntes
993 4389 1131 4444 adeo
1163 4406 1222 4444 se
1253 4401 1730 4463 compresserunt,
1783 4403 1839 4450 ut
1875 4395 2041 4451 multi

399 4493 618 4544 eorum,
643 4478 768 4544 viri,
796 4476 1064 4533 mulieres
1094 4487 1146 4535 et
1176 4477 1337 4535 liberi
1361 4497 1423 4536 ea
1446 4485 1864 4552 compressione
1892 4485 2039 4555 peri-

405 4579 548 4622 rent.
585 4565 744 4621 Multi
775 4566 832 4620 in
867 4567 952 4621 via
985 4569 1190 4623 mortui
1219 4577 1368 4624 sunt.
1395 4571 1499 4636 Qui
1530 4547 1716 4626 autem
1751 4547 2041 4629 remanse-
2079 4547 2121 4612 Ῑ)

404 4663 554 4724 runt,
602 4671 869 4726 quorsum
913 4657 1232 4724 tenderent,
1280 4657 1636 4726 ignorabant.
1687 4661 2042 4731 Nicephorus

403 4752 674 4815 templum
709 4746 908 4803 evertit
941 4753 992 4801 et
1029 4747 1173 4802 duos
1197 4747 1351 4802 urbis
1385 4764 1578 4804 muros
1602 4767 1706 4805 nec
1739 4767 1852 4806 non
1885 4752 2046 4807 aulas

404 4835 697 4888 destruxit.
752 4833 975 4889 Duobus
1005 4842 1057 4888 et
1092 4835 1286 4904 viginti
1317 4836 1544 4902 diebus,
1579 4839 1782 4908 quibus
1813 4839 1868 4895 in
1905 4840 2043 4895 Cili-

401 4924 483 4979 cia
527 4931 908 4980 commoratus
955 4932 1093 4991 erat,
1145 4923 1500 4997 Nicrpborus
1547 4929 1616 4982 55
1665 4945 1821 4984 arces
1869 4929 2044 5000 cepit,

401 5014 609 5084 partim
641 5014 715 5080 vi,
751 5015 952 5081 partim
1001 5013 1310 5070 deditione.
1345 5014 1489 5070 Cum
1523 5032 1588 5072 ex
1622 5034 1750 5074 arce
1781 5021 2044 5089 quadam,

402 5119 568 5174 quam
598 5101 817 5158 domini
837 5103 960 5174 ejus
984 5103 1094 5158 [ide
1123 5108 1356 5173 accepta
1381 5105 1748 5172 tradiderant,
1779 5109 2048 5164 mulieres

399 5192 606 5248 Arabes
662 5193 1080 5262 egrederentur,
1137 5201 1189 5247 et
1236 5193 1292 5247 in
1361 5193 1460 5248 has
1516 5196 1754 5252 Armeni
1816 5198 2046 5266 quidam

399 5283 702 5343 irruerent,
785 5281 967 5336 mariti
1044 5297 1236 5336 earum
1308 5285 1430 5337 zelo
1507 5285 1774 5356 correpti,
1835 5285 2051 5356 gladios

404 5373 777 5427 strinxerunt.
863 5369 1214 5438 Nicephorus
1293 5371 1586 5438 Arabibus,
1645 5375 1742 5442 qui
1833 5375 2052 5445 gladios

408 5452 778 5518 strinxerant,
837 5449 1038 5515 iratus,
1087 5450 1193 5503 400
1251 5451 1398 5505 viros
1428 5459 1480 5506 et
1531 5453 1798 5507 mulieres
1850 5453 2054 5509 multas

410 5540 638 5595 occidit.
693 5538 831 5604 Quia
873 5537 1154 5605 jejunium
1206 5540 1693 5608 quadragesimale
1741 5543 2052 5613 approqin-

411 5628 731 5700 quavcratj
763 5625 1117 5696 Nicepltorus
1165 5643 1292 5681 cum
1319 5626 1438 5680 suis
1486 5631 1823 5685 Caesaream
1890 5629 2049 5703 abiit,

2145 3249 2248 3308 rat,
2273 3255 2404 3296 cum
2430 3238 2559 3308 quia
2577 3237 2722 3308 lapis
2741 3252 2807 3294 ex
2827 3243 3090 3306 apertura
3113 3250 3280 3305 super
3299 3233 3446 3290 arcis
3467 3239 3626 3302 porta
3655 3247 3793 3287 con—

2147 3338 2228 3386 tra
2275 3329 2464 3393 illum,
2494 3327 2781 3398 projectus
2810 3325 2954 3393 apud
3006 3340 3135 3379 eum
3167 3323 3448 3380 deciderat
3480 3337 3676 3376 aversa
3706 3320 3791 3374 fa-

2143 3419 2230 3476 cie
2261 3419 2419 3488 fugit.
2467 3416 2615 3472 Tum
2651 3421 2844 3485 aperta
2883 3421 3041 3483 porta
3077 3413 3368 3472 Dailamita
3401 3411 3653 3481 quidam,
3686 3425 3794 3464 no-

2145 3509 2300 3564 mine
2320 3506 2557 3575 Bascha,
2586 3506 2892 3574 fugientem
2915 3511 3161 3572 secutus,
3181 3502 3399 3558 hastam
3419 3501 3568 3557 inter
3591 3500 3795 3555 hume-

2145 3613 2237 3654 ros
2266 3596 2390 3665 ejus
2411 3595 2485 3650 ita
2515 3593 2723 3664 adegit,
2759 3600 2817 3647 ut
2845 3607 2941 3660 per
2963 3600 3158 3661 pectus
3180 3591 3376 3657 exiret,
3411 3598 3469 3647 et
3492 3589 3598 3644 hoc
3624 3589 3794 3643 modo

2147 3685 2455 3742 interemit.
2504 3681 2734 3738 Reversi
2765 3683 2888 3752 ejus
2935 3681 3072 3738 socii
3103 3682 3342 3738 cadaver
3385 3681 3454 3734 ad
3500 3679 3791 3748 Nicepho-

2150 3789 2272 3828 rum
2317 3770 2648 3838 retulerunt,
2699 3768 2795 3840 qui
2837 3773 3076 3838 mortem
3111 3768 3214 3830 lilii
3263 3768 3475 3826 sororis
3521 3767 3669 3832 regis
3703 3765 3788 3820 ul-

2149 3868 2305 3917 turus
2337 3859 2475 3916 1200
2503 3856 2803 3924 Arabibus,
2837 3858 2932 3928 qui
2967 3858 3136 3922 vincti
3166 3858 3312 3928 apud
3345 3873 3472 3914 eum
3507 3855 3793 3912 custodie-

2151 3950 2373 4019 bantur,
2405 3948 2586 4018 capita
2612 3947 2872 4002 abscindi
2895 3945 3111 4018 jussit;
3143 3963 3252 4017 quo
3284 3947 3430 4012 lacte
3462 3945 3522 4004 in
3577 3954 3790 4000 terram

2148 4043 2538 4094 Romanorum
2590 4036 2776 4092 rediit.
2834 4037 2898 4092 In
2935 4036 3077 4094 vicis
3115 4035 3314 4094 Halcbi
3357 4035 3600 4092 omnino
3641 4034 3791 4090 nihil

2147 4127 2420 4200 corrupit,
2468 4127 2588 4182 imo
2631 4133 2879 4198 agrestes
2929 4126 3007 4180 ita
3047 4125 3442 4184 commonuit:
3475 4147 3496 4174 ι
3530 4123 3612 4182 Ne
3663 4141 3794 4181 ces-

2148 4224 2265 4272 sate
2309 4215 2379 4270 ab
2411 4215 2855 4285 agricolatione;
2893 4230 3018 4270 nam
3071 4222 3266 4272 nostra
3295 4221 3380 4270 est
3431 4213 3548 4270 haec
3601 4222 3792 4280 terra;

2150 4304 2303 4361 brevi
2350 4303 2419 4358 ad
2469 4318 2566 4358 vos
2614 4301 2952 4357 rcdibimus.
2986 4323 3012 4352 η
3049 4342 3062 4355 .
3097 4301 3215 4357 Hoc
3265 4310 3516 4372 tempore
3579 4301 3792 4356 iterum

2151 4392 2307 4448 mille
2337 4391 2550 4462 pedites
2581 4391 2836 4454 Armeni,
2869 4391 2927 4444 in
2959 4405 3156 4460 agrum
3185 4392 3531 4446 Edessenum
3581 4391 3796 4446 irrum-

2153 4489 2370 4553 pentes,
2423 4481 2562 4535 1000
2602 4495 2756 4541 oves,
2807 4479 2914 4535 500
2950 4487 3136 4535 tauros
3173 4487 3230 4534 et
3277 4480 3342 4536 10
3388 4480 3535 4536 viros
3577 4481 3798 4538 Arabes

2152 4570 2528 4627 abduxerunt.
2579 4567 2748 4626 Hisce
2793 4567 3140 4637 temporibus
3186 4584 3318 4624 cum
3363 4571 3608 4626 Romani
3656 4576 3796 4626 Ara-

2120 4659 2319 4715 .bibus
2371 4657 2737 4730 praevalerent
2791 4664 2844 4711 et
2891 4656 3209 4726 diripienda
3256 4658 3447 4713 omnia
3495 4673 3676 4728 usque
3723 4661 3793 4714 ad

2154 4739 2482 4796 Armeniam
2563 4739 2834 4808 majorem
2913 4737 3326 4810 pervenissent,
3403 4745 3793 4795 Armcnorum

2154 4828 2258 4896 illi,
2319 4829 2418 4899 qui
2476 4835 2648 4892 metu,
2707 4841 2778 4882 ne
2828 4825 2898 4880 ab
2953 4825 3251 4894 Arabibus,
3308 4835 3600 4898 propterea
3643 4829 3795 4899 quod

2155 4918 2459 4975 Christiani
2500 4923 2708 4983 essent,
2755 4923 3118 4984 vexarentur,
3153 4916 3507 4989 aufugeranl,
3560 4920 3619 4975 in
3655 4920 3800 4975 fines

2158 5011 2536 5065 Romanorum
2620 5021 2679 5060 se
2746 5004 3133 5061 contulerunt.
3207 5007 3445 5062 Romani
3520 5009 3802 5064 dederunt

2156 5098 2271 5154 illis
2297 5095 2607 5153 Sebastiam
2640 5094 2698 5149 in
2741 5095 3113 5164 Cappadocia,
3148 5098 3318 5164 unde,
3364 5113 3493 5152 cum
3529 5113 3801 5154 numerus

2157 5202 2350 5242 eorum
2401 5185 2560 5240 valde
2589 5190 2790 5238 auctus
2837 5191 3008 5251 esset,
3060 5187 3359 5252 miserunt,
3416 5187 3513 5256 qui
3569 5187 3799 5243 arcibus

2158 5279 2228 5334 ab
2284 5275 2561 5332 Arabibus
2613 5274 2795 5343 captis
2852 5273 3115 5342 praesidio
3163 5278 3368 5330 essent.
3420 5278 3483 5332 In
3529 5278 3800 5332 omnibus

2158 5365 2610 5440 expeditionibus
2644 5363 2729 5418 his
2761 5377 2982 5432 quoque
3011 5364 3244 5420 Armeni
3277 5367 3492 5434 pedites
3517 5382 3650 5422 cum
3683 5371 3800 5422 Ro-

2163 5455 2346 5510 manis
2404 5453 2686 5520 exierunt,
2746 5466 3009 5521 prospere
3068 5451 3401 5524 plerumque
3460 5456 3803 5525 proeliantes.

2160 5543 2542 5614 Nicephorum
2593 5541 2970 5598 domesticum
3019 5555 3150 5596 cum
3194 5541 3579 5601 Romanorum
3624 5546 3810 5617 copiis

2163 5631 2234 5688 ab
2266 5631 2479 5688 Halebo
2525 5645 2830 5696 reversum,
2877 5643 3006 5684 cum
3036 5629 3401 5688 Simandoam
3435 5636 3810 5708 pervenisset,
