4078 6204
351 340 513 401 1013

1160 343 1262 405 DE
1304 343 1749 406 NICEPHORO
1792 345 2051 406 PHOCA
2096 348 2198 407 ET
2243 352 2542 416 JOANNE
2586 360 2974 421 TZIMISCE.

3628 362 3783 421 1014

351 477 564 533 nuntio
595 477 664 532 de
693 483 875 532 morte
904 477 1051 548 regis
1070 478 1265 545 allato,
1318 496 1520 537 omnes
1568 480 1670 536 viri
1720 481 2002 553 principes

2127 492 2325 557 priscis
2349 493 2470 562 ejus
2488 493 2723 559 civibus,
2751 496 2955 551 reversi
2980 502 3135 561 sunt,
3160 510 3403 564 quorum
3432 494 3605 566 aliqui
3648 497 3783 566 bap-

354 582 491 621 cum
554 567 1087 638 Schumuschchigo
1167 572 1425 626 unanimi
1508 588 1793 627 consensu
1868 587 2022 626 anno

360 655 692 711 Graecorum
728 657 864 710 1275
898 660 1410 727 pronuntiaverunt
1445 678 1631 730 regem
1684 672 1739 715 et
1797 676 2021 716 servum

353 746 482 815 ejus
516 745 1036 814 Scbumuschigum
1071 748 1472 804 domesticum.
1510 750 1626 805 Hoc
1684 751 1754 803 ad
1810 750 2019 804 bellum

360 849 496 890 cum
529 834 808 889 Arabibus
857 837 1169 904 gerendum
1223 839 1479 904 dimisso,
1531 840 1648 908 ipse
1697 838 2021 893 Constanti-

360 923 616 993 nepolim
649 926 940 993 ingressus
975 926 1032 979 in
1066 941 1239 995 regno
1271 928 1640 982 conﬁrmatus
1672 934 1777 982 est.
1839 927 2022 981 Schu-

362 1012 708 1083 muschchig
766 1013 1169 1085 Mopsuestiam
1228 1032 1324 1085 per
1379 1018 1414 1069 7
1503 1017 1624 1072 dies
1690 1016 1910 1072 obsedit
1970 1023 2023 1071 et

284 1152 288 1154 γ
361 1102 622 1172 quamvis
653 1102 781 1172 plus
810 1118 977 1172 quam
1028 1106 1322 1174 sexaginta
1372 1104 1516 1160 locis
1565 1121 1789 1160 murum
1846 1104 2024 1174 perfo-

357 1194 558 1258 disset,
613 1192 835 1262 ingredi
885 1196 1082 1248 tamen
1137 1209 1251 1248 non
1312 1194 1517 1265 potuit.
1578 1195 1770 1264 Itaque
1820 1209 2021 1264 agrum

357 1286 483 1354 ejus
516 1292 571 1341 et
601 1301 769 1357 agros
802 1286 1016 1340 Adanae
1047 1289 1103 1340 et
1133 1284 1298 1339 Tarsi
1360 1285 1633 1339 incendit.
1687 1286 2027 1353 Mepsueste-

360 1378 454 1431 nis
510 1377 654 1430 5000
736 1377 971 1431 environ
1061 1377 1238 1431 Tarso
1298 1373 1508 1430 auxilio
1560 1381 1863 1443 venerunt,
1924 1374 2020 1429 sed

363 1468 605 1522 Romani
638 1467 860 1522 obviam
914 1466 1043 1522 facti
1099 1483 1193 1522 eos
1238 1482 1438 1521 omnes
1489 1466 1861 1532 occiderunt;
1913 1480 2023 1533 quo

356 1556 528 1625 facto,
563 1555 765 1611 relicta
796 1557 953 1622 urbe,
998 1558 1405 1611 discesserunt.
1455 1560 1518 1609 tu
1570 1554 1763 1609 Cilicia
1815 1571 2023 1621 magna

352 1646 531 1700 fames
556 1652 678 1701 orta
703 1654 804 1709 est,
827 1662 997 1715 quam
1024 1646 1096 1699 ob
1124 1662 1239 1699 rem
1270 1645 1535 1715 permulti
1561 1644 1772 1698 Arabes
1793 1648 2025 1698 Damas-

353 1750 488 1791 cmn
520 1734 921 1803 confugerunt.
961 1734 1140 1788 Etiam
1166 1734 1386 1802 Halebi,
1422 1735 1652 1787 Harena:
1686 1740 1741 1787 et
1800 1732 2023 1785 Edessa:

2133 583 2831 640 tizatiethristianifacti
2875 595 3025 651 sunt,
3078 584 3280 654 aliqui,
3313 602 3549 655 quorum
3586 594 3774 641 tamen

2135 670 2293 726 liberi
2320 689 2520 728 omnes
2544 674 2989 743 baptizabantur,
3021 675 3075 728 in
3108 675 3213 728 [ide
3245 692 3345 728 sua
3386 675 3772 743 perstiterunt.

2204 767 2368 819 Anno
2402 774 2521 834 post
2558 781 2651 819 rex
2705 765 3058 835 Nicephorus
3108 765 3367 819 Amidam
3419 765 3641 820 obsedit
3699 776 3774 833 et,

2133 867 2261 907 cum
2295 869 2494 923 capere
2527 856 2805 924 nequiret,
2841 855 3195 909 Antiochiam
3223 854 3429 908 multos
3456 855 3575 908 dies
3597 871 3775 925 cppu.

2132 942 2342 1011 gnavit,
2377 944 2470 996 sed
2505 944 2770 999 similiter
2804 959 3003 1014 capere
3030 961 3145 999 non
3178 946 3390 1013 potuit;
3450 944 3638 1014 itaque
3685 946 3774 999 in-

2132 1032 2322 1085 censis
2357 1032 2494 1087 vicis
2522 1033 2814 1102 hortisque
2841 1034 3047 1089 vicinis
3090 1034 3250 1090 abiit.

2201 1122 2366 1175 Anno
2413 1124 2735 1176 Graecorum
2789 1122 2948 1189 1279,
2998 1122 3246 1177 Arabum
3297 1122 3423 1188 357,
3468 1121 3778 1177 Cborasani

2134 1210 2398 1266 nonnulli
2459 1226 2590 1265 cum
2652 1211 2792 1265 3000
2849 1210 3101 1266 Arabum
3175 1212 3662 1267 Antiochenorum
3718 1212 3778 1267 in

2133 1299 2543 1368 Cappadociam
2577 1300 2927 1369 irruperunt,
2962 1302 3056 1354 sed
3115 1301 3313 1367 40,000
3364 1300 3778 1369 Romanorum,

2134 1388 2227 1455 qui
2260 1396 2644 1453 occurrerant,
2672 1389 2982 1457 permultos
3006 1388 3457 1443 Chorasanorum
3481 1397 3531 1443 et
3582 1389 3779 1442 Antio-

2132 1475 2445 1530 chenerum
2480 1477 3048 1541 tuminterfecerunt,
3102 1481 3220 1530 tum
3274 1478 3492 1531 vinctos
3523 1477 3777 1531 abduxe-

2134 1573 2283 1618 runt.
2315 1566 2529 1619 Arabes
2557 1566 2897 1619 Antiocheni
2932 1564 3309 1634 patriarcham
3345 1565 3776 1620 Chalcedoneno

2134 1653 2278 1706 sium
2312 1654 2641 1707 occiderunt
2672 1663 2724 1708 et
2757 1654 3023 1708 ecclesias
3057 1653 3370 1708 Antiochiae
3426 1654 3634 1708 multas
3680 1670 3779 1707 va-

2136 1742 2640 1796 starunLt‘tomaui
2686 1742 2965 1811 Sarugum
3020 1742 3248 1811 profecti
3299 1744 3405 1797 300
3450 1744 3663 1798 Arabes
3722 1747 3778 1797 et

356 1825 545 1894 gravis
568 1824 747 1878 fames
770 1824 894 1878 fuit.
920 1826 1084 1878 Anno
1110 1834 1234 1892 post
1255 1823 1608 1877 Domestictts
1640 1823 1841 1876 iterum
1889 1820 2016 1874 Cili-
2052 1850 2099 1915 Β
2136 1831 2340 1885 multas
2374 1832 2615 1900 pecudes
2645 1831 3027 1886 abduxerunt,

350 1914 497 1968 ciam
546 1913 835 1982 ingressus
898 1913 1301 1981 Mepsucsliam
1354 1911 1702 1981 Oppugnavit
1766 1926 1862 1979 per
1909 1918 2019 1963 tres

361 2018 611 2071 menses,
636 2003 729 2056 sed
757 2018 1082 2071 expugnare
1104 2018 1218 2056 non
1237 2004 1442 2070 potuit;
1471 2002 1658 2069 itaque
1681 2016 1810 2055 cum
1835 1999 2021 2053 morbi

353 2098 406 2146 et
433 2092 753 2160 pestilentia
788 2094 979 2161 cepias
995 2090 1652 2157 infestarent,tributoim
1665 2090 1845 2153 posito
1860 2088 2016 2142 abiit.

426 2185 595 2235 Anno
634 2184 958 2235 Graecorum
1014 2181 1170 2246 1276,
1236 2180 1481 2233 Arabum
1537 2179 1665 2243 354,
1723 2194 1850 2232 cum
1918 2194 2009 2231 rex

357 2269 710 2340 Nicephorus
737 2269 1230 2337 ConstantinOpuli
1277 2268 1585 2323 Caesaream
1647 2267 2013 2337 Cappadociae

358 2361 553 2414 sedem
632 2359 1030 2421 transtulisset,
1089 2359 1394 2414 Tarsenses
1477 2364 1530 2411 et
1605 2356 2013 2427 Mopsuesteni,

362 2448 534 2504 misse
562 2448 633 2503 ad
666 2464 795 2502 eum
855 2449 1056 2517 legato,
1108 2448 1457 2502 deditionem
1510 2446 1866 2515 pollicentes,
1922 2461 2008 2499 re-

343 2550 472 2607 gem
505 2537 575 2593 ab
606 2552 671 2591 eo
704 2537 1075 2606 expetierunt.
1112 2536 1426 2605 Respondit
1448 2534 1544 2590 ille
1572 2551 1585 2588 :
1634 2556 1662 2582 «
1716 2534 1880 2589 Nunc
1913 2534 2011 2588 de-

349 2642 508 2682 mum
541 2641 671 2681 cum
699 2628 769 2681 de
801 2641 1004 2696 regum
1048 2634 1364 2680 vestrorum
1425 2623 1644 2678 auxilio
1704 2624 2010 2692 desperan-

347 2722 430 2770 tes
462 2731 669 2770 canum
701 2715 1067 2770 cadaveribus
1092 2715 1209 2783 jam
1255 2714 1547 2769 vescimini
1582 2722 1633 2768 et
1681 2711 2012 2781 pestilentia

346 2821 444 2860 vos
472 2804 746 2871 absumit,
783 2806 920 2859 mihi
955 2820 1049 2859 vos
1081 2804 1404 2872 ευιηίοἱθιίες
1436 2803 1576 2873 (tam
1630 2802 1722 2856 diu
1778 2801 2010 2871 nempe)

349 2896 533 2950 donec
564 2893 712 2949 vires
766 2893 1265 2963 recuperaveritis,
1320 2896 1379 2946 ut
1423 2891 1695 2947 rebellare
1758 2890 2006 2960 possitis.

355 2983 591 3038 Vobisa
652 2998 741 3037 me
798 2982 880 3036 nii
940 2983 1051 3037 nisi
1104 2981 1329 3053 gladius
1374 2982 1786 3049 exspectandus
1838 2984 1942 3035 est.
1976 3000 2005 3028 »

342 3074 579 3129 Litteris
612 3088 807 3128 eorum
836 3089 1002 3142 super
1030 3071 1196 3141 legati
1235 3072 1419 3141 capite
1451 3072 1527 3126 ita
1559 3070 1893 3134 combustis,
1952 3076 2009 3124 ut

346 3162 517 3232 hujus
549 3178 773 3240 quoque
808 3162 979 3216 barba
1010 3162 1473 3224 combureretur,
1509 3160 1755 3229 legatum
1816 3160 2004 3228 ejecit.

341 3251 487 3307 Tum
521 3253 668 3306 fama
725 3259 807 3306 est
863 3250 1114 3320 quotidie
1165 3251 1271 3304 300
1326 3259 1679 3304 mortuorum
1728 3250 1903 3303 lectos
1964 3263 1992 3302 e

340 3340 515 3396 Tarso
574 3340 752 3395 elatos
809 3356 951 3395 esse.
1044 3340 1152 3393 Rex
1225 3338 1580 3405 Nicephorus
1653 3344 1994 3406 congregato

341 3429 590 3485 exercitu
649 3427 1058 3499 Mopsuestiam
1110 3426 1333 3481 obsedit
1392 3434 1445 3480 et
1525 3433 1826 3496 postquam
1908 3440 1991 3480 ce-

340 3519 421 3588 pit
480 3518 570 3573 die
627 3517 879 3582 Saturni,
943 3517 1032 3572 die
1096 3517 1161 3570 t3
1214 3516 1425 3570 mensis
1498 3514 1811 3569 Radschahi
1898 3514 1996 3567 hu-

336 3607 430 3675 jus
487 3607 644 3668 anni,
709 3622 974 3675 magnam
1035 3606 1252 3660 caedem
1312 3606 1371 3659 in
1434 3620 1500 3659 ea
1576 3604 1773 3659 edidit.
1852 3602 1990 3657 Cum

337 3696 577 3762 200,000
609 3698 877 3759 virorum,
912 3694 1212 3749 mulierum
1242 3701 1294 3749 et
1324 3692 1632 3748 liberorum
1688 3693 1874 3747 vincta
1933 3692 1993 3747 in

342 3791 549 3840 terram
604 3784 989 3839 Romanorum
1052 3783 1316 3848 misisset,
1379 3783 1449 3836 ad
1507 3783 1749 3838 Tarsum
1807 3797 1989 3851 Oppu-

341 3873 626 3943 gnandam
662 3874 949 3942 profectus
979 3880 1080 3925 est.
1116 3872 1288 3940 Cujus
1319 3870 1467 3924 cives
1525 3884 1652 3924 cum
1706 3871 1992 3940 supplices

337 3960 790 4017 incolumitatem
824 3961 893 4014 ab
924 3977 990 4015 eo
1024 3964 1300 4029 peterent,
1337 3957 1675 4027 pollicentes
1708 3975 1765 4013 se
1805 3967 1990 4028 portas

335 4062 652 4122 aperturos,
686 4049 950 4105 misertus
981 4065 1177 4104 eorum
1228 4048 1504 4117 promisit,
1556 4064 1615 4102 se
1672 4048 1839 4102 vitam
1876 4048 1990 4103 illis
2064 4100 2067 4101 ν

334 4156 581 4211 opesque
642 4149 1018 4194 servaturum.
1084 4137 1387 4207 Ingressus
1444 4136 1640 4192 urbem
1704 4137 1989 4206 principes

333 4230 543 4286 Arabes
575 4230 814 4284 multum
851 4229 1167 4295 honoravit,
1209 4244 1420 4282 mensas
1448 4226 1708 4282 adhibuit
1754 4235 1803 4282 et
1860 4228 1987 4296 jus-

332 4336 447 4389 sos,
486 4319 759 4389 quidquid
797 4334 965 4388 opum
1008 4327 1257 4386 possent,
1291 4332 1483 4371 secum
1516 4317 1759 4381 auferre,
1796 4317 1989 4372 Antio—

338 4408 532 4464 chiam
567 4408 745 4476 misit,
799 4408 947 4461 facta
994 4406 1166 4461 etiam
1218 4409 1512 4475 potestate,
1558 4415 1613 4458 ut
1663 4405 1988 4477 quicunque

338 4514 457 4553 non
489 4497 878 4559 Antiochiam,
930 4496 1027 4551 sed
1084 4496 1141 4550 in
1192 4495 1331 4549 alias
1379 4495 1628 4549 Arabum
1679 4495 1848 4550 urbes
1905 4496 1987 4551 ire

2203 1919 2319 1974 Hoc
2350 1936 2520 1983 anno,
2554 1929 2675 1975 orto
2710 1920 2857 1975 inter
2889 1920 3265 1989 Chorasanos,
3318 1922 3417 1991 qui
3464 1920 3778 1976 Antiochia

2129 2016 2291 2062 erant
2320 2013 2378 2062 et
2407 2010 2619 2063 Arabes
2667 2009 3053 2064 Antiochenos
3101 2009 3359 2077 dissidio,
3411 2009 3656 2064 Romani
3714 2026 3779 2063 cx

2128 2097 2355 2165 regione
2414 2098 2764 2153 Antiocheua
2812 2098 2879 2152 12
2941 2098 3241 2153 hominum
3301 2097 3500 2168 millia,
3536 2099 3684 2154 viros
3712 2102 3771 2153 ct

2127 2185 2411 2253 mulieres,
2476 2202 2676 2256 pueros
2726 2186 3080 2258 puellasque,
3151 2187 3531 2241 abduxerunt.
3608 2194 3773 2241 Anno

2126 2282 2269 2345 post,
2303 2276 2339 2328 i.
2376 2291 2423 2330 e.
2487 2276 2625 2329 1280
2674 2276 3027 2342 Graecorum,
3080 2275 3323 2331 Romani
3374 2275 3775 2345 Caphartutam

2124 2363 2359 2433 profecti
2390 2364 2496 2417 800
2529 2363 2791 2419 homines
2822 2381 2953 2420 cum
2990 2364 3168 2419 multa
3201 2366 3385 2433 praeda
3440 2364 3772 2435 abegerunt.

2123 2456 2257 2509 Cum
2290 2452 2594 2507 Hamadam
2650 2453 3063 2509 habitatoribus
3107 2469 3337 2508 vacuam
3396 2453 3768 2521 invenissent,

2122 2543 2253 2611 igne
2289 2541 2449 2597 tectis
2476 2542 2758 2611 subjecto,
2791 2543 3077 2599 abierunt.

2193 2630 2367 2685 Paulo
2400 2639 2521 2699 post
2554 2630 2926 2700 Nicephorus,
2964 2631 3347 2686 Romanorum
3397 2646 3514 2696 rex,
3570 2633 3771 2687 Antio-

2120 2720 2310 2775 chiam
2342 2719 2561 2774 obsedit
2592 2727 2647 2774 et
2676 2720 2808 2775 inde
2840 2720 3100 2788 Tripolin
3140 2723 3409 2789 perrexit,
3445 2722 3542 2775 ubi
3576 2722 3767 2777 omnia

2119 2809 2363 2863 aediﬁcia
2386 2817 2539 2863 extra
2572 2824 2794 2863 murum
2848 2808 2952 2863 sita
3008 2808 3339 2864 combussit.
3388 2810 3526 2864 Inde
3581 2810 3766 2879 profc-

2118 2905 2242 2953 ctus
2274 2914 2458 2953 arcem
2493 2901 2653 2952 Gazae
2684 2897 2826 2952 bene
2871 2899 3151 2953 munitam
3202 2899 3349 2967 cepit
3394 2905 3446 2953 et
3501 2915 3761 2967 magnam

2122 3002 2487 3042 nummorum
2525 2988 2635 3041 vim
2669 3004 2734 3040 ex
2766 3003 2828 3041 ea
2860 2987 3082 3055 egessit.
3122 2987 3340 3042 Deinde
3371 2987 3519 3041 inter
3560 2986 3766 3041 Hama-

2117 3079 2246 3132 dam
2279 3086 2332 3131 et
2368 3077 2655 3132 Halebum
2687 3078 2970 3143 consedit,
3007 3076 3102 3131 ubi
3132 3077 3278 3132 duos
3334 3093 3559 3133 menses
3608 3094 3769 3133 com-

2122 3174 2375 3222 moratus
2406 3172 2507 3220 est.
2543 3166 2859 3233 Captivanti
2893 3174 2942 3220 et
2975 3166 3264 3234 diripienti
3295 3182 3462 3221 nemo
3501 3175 3641 3231 erat,
3674 3167 3767 3237 qui

2118 3263 2458 3312 occurreret.
2496 3259 2833 3324 Puerorum,
2869 3255 3321 3325 puellarumque,
3354 3256 3611 3326 quiapud
3635 3272 3763 3310 eum

2100 3345 2274 3400 vincti
2323 3353 2502 3412 erant,
2554 3344 2788 3413 100,000
2816 3350 3115 3398 numerata
3174 3353 3351 3409 sunt;
3417 3344 3566 3399 inter
3615 3360 3754 3413 quos

2100 3448 2217 3487 non
2265 3440 2378 3486 erat
2433 3431 2513 3485 vir
2563 3447 2733 3486 senex
2779 3440 2873 3485 aut
2930 3448 3103 3486 senex
3158 3432 3416 3486 femina:
3469 3449 3602 3487 nam
3651 3433 3752 3488 hos

2098 3521 2306 3592 partim
2334 3521 2559 3585 occidit,
2596 3519 2799 3588 partim
2837 3520 3046 3575 liberos
3079 3521 3317 3575 dimisit.
3375 3521 3494 3575 Nisi
3547 3528 3757 3576 morta-

2098 3611 2229 3665 litas
2262 3611 2548 3664 Romanos
2581 3609 2898 3673 invasisset,
2933 3611 3103 3665 etiam
3135 3610 3413 3665 Halebum
3452 3618 3501 3666 et
3536 3611 3738 3666 Antio-

2096 3698 2283 3754 chiam
2317 3698 2578 3766 cepisset.
2615 3697 3063 3766 Hierosolymam
3097 3714 3318 3768 quoque
3349 3699 3547 3755 faciem
3607 3716 3742 3755 con-

2098 3794 2357 3854 verterat,
2393 3802 2660 3856 quorsum
2715 3795 2930 3856 tamen,
2982 3787 3113 3857 quia
3152 3786 3363 3843 milites
3411 3789 3534 3857 ejus
3590 3792 3743 3845 caede

2097 3882 2313 3946 patrata
2340 3877 2626 3941 defatigati
2686 3884 2739 3930 et
2799 3877 2985 3945 praeda
3043 3892 3250 3947 magna
3307 3879 3498 3933 onusti
3555 3887 3740 3947 erant,

2094 3965 2249 4020 abire
2278 3982 2391 4020 non
2426 3967 2626 4035 potuit.

2167 4057 2329 4110 Anno
2364 4054 2519 4121 1280,
2568 4054 2661 4123 qui
2713 4058 2802 4109 est
2844 4054 3092 4110 Arabum
3144 4056 3269 4121 359,
3318 4056 3555 4111 Romani
3612 4072 3742 4112 cum

2093 4143 2433 4199 Christianis
2463 4143 2610 4198 arcis
2643 4143 2802 4199 Luca:
2831 4159 3003 4213 prepe
3031 4144 3396 4198 Antiochiam
3429 4145 3550 4199 sitae
3602 4162 3743 4200 con-

2095 4233 2404 4302 spirarunt.
2439 4232 2819 4302 convenitque
2851 4233 2998 4286 inter
3028 4247 3143 4295 eos,
3174 4239 3231 4285 ut
3263 4232 3320 4286 hi
3368 4231 3737 4287 Antiochiam

2091 4321 2542 4391 ingrederentur,
2596 4336 2763 4391 seque
2815 4328 2967 4375 metu
3019 4320 3401 4374 Romanorum
3454 4321 3740 4388 aufugisse

2094 4409 2485 4479 signiﬁcarent
2542 4418 2727 4479 atque,
2792 4410 2972 4465 donec
3020 4409 3301 4464 exercitus
3352 4409 3738 4465 Romanorum

2091 4498 2327 4564 veniret,
2361 4497 2438 4553 ibi
2469 4505 2850 4563 remanerent,
2886 4497 3093 4552 deinde
3122 4498 3187 4550 ad
3224 4497 3421 4552 urbem
3474 4499 3737 4567 aperien-

339 4585 553 4650 mallet,
615 4601 958 4657 quocunque
1016 4585 1210 4649 vellet,
1269 4583 1467 4638 abiret.
1531 4583 1697 4639 Dedit
1772 4574 2067 4654 quoqueD
2099 4588 2229 4642 dam
2263 4603 2469 4641 manus
2501 4587 2851 4641 intrinsecus
2899 4584 3238 4654 praeberent.
3288 4586 3448 4649 Quod
3492 4602 3622 4642 cum
3682 4587 3740 4641 hi

333 4676 596 4731 custodes
628 4679 743 4730 tres
776 4674 1063 4744 patricios,
1126 4674 1219 4743 qui
1280 4673 1352 4727 ab
1410 4673 1570 4727 omni
1630 4688 1725 4728 eos
1775 4674 1986 4743 injuria

252 4820 255 4821 ν
331 4766 729 4821 defenderent.
785 4763 1049 4819 Armenis
1098 4763 1461 4833 quibusdam,
1521 4764 1616 4834 qui
1686 4763 1984 4819 nonnullis

334 4853 616 4910 Arabibus
650 4869 859 4908 manus
891 4852 1231 4918 intulerant,
1289 4868 1491 4906 manus
1535 4869 1812 4922 nasusque
1870 4870 1987 4908 am-

337 4944 577 5013 putavit,
634 4950 928 5012 postquam
991 4942 1237 4995 multum
1295 4939 1533 5010 ﬂagellis
1590 4941 1720 4996 caesi
1774 4950 1983 4996 essent.

334 5033 572 5102 Legatos
612 5032 669 5087 in
703 5047 901 5087 omnes
933 5030 1047 5084 vias
1098 5046 1228 5085 cum
1275 5029 1389 5083 illis
1435 5031 1589 5083 misit
1642 5038 1697 5084 et
1752 5046 1983 5086 omnem

332 5123 488 5178 dedit
518 5138 768 5192 Operam,
804 5129 865 5176 ut
897 5120 1045 5175 bona
1076 5135 1207 5175 cum
1244 5134 1378 5189 pace
1408 5122 1475 5174 ad
1508 5119 1746 5187 Arabes,
1802 5122 1986 5176 socios

333 5226 487 5275 suos,
548 5211 928 5281 pervenirent.
990 5208 1289 5278 Templum
1350 5209 1630 5263 Tarsense
1708 5224 1983 5278 equorum

332 5300 617 5355 stabulum
654 5300 802 5356 fecit.
829 5299 1009 5353 Tarso
1046 5298 1353 5367 patricium
1384 5313 1517 5353 eum
1556 5297 1699 5351 5000
1731 5298 1985 5367 equitum

332 5389 599 5458 imposuit
637 5388 983 5457 praesidium.
1048 5386 1226 5440 Etiam
1282 5386 1526 5441 Massisa
1583 5384 1761 5439 alium
1814 5388 1985 5455 patri-

330 5478 485 5533 cium
543 5478 795 5547 reliquit.
859 5474 1135 5530 Restitute
1209 5473 1418 5528 Tarsus
1496 5473 1740 5529 multum
1786 5474 1988 5531 florere

336 5568 529 5638 cmpit.
555 5566 733 5620 Tanta
756 5571 870 5619 erat
898 5564 959 5618 in
1008 5578 1072 5616 ea
1122 5578 1367 5618 annonae
1412 5561 1785 5634 abundantia,
1820 5569 1884 5621 ut.
1919 5566 1986 5621 14

335 5657 509 5729 panis
532 5656 671 5712 litraa
690 5670 804 5709 una
828 5668 958 5707 zuza
987 5652 1383 5707 venderentur.
1406 5651 1569 5707 Multi
1592 5669 1661 5709 ex
1681 5653 1980 5719 Arabibus,

2092 4676 2381 4741 fecissent,
2416 4677 2656 4729 duorum
2691 4674 2969 4728 mensium
3028 4672 3325 4728 intervallo
3374 4674 3545 4729 frater
3592 4676 3741 4745 regis

2096 4765 2402 4836 Nicephori
2437 4780 2568 4819 cum
2604 4764 2803 4828 40,000
2834 4766 3217 4817 Romanorum
3273 4778 3498 4817 murum
3547 4765 3740 4820 Antio-

2095 4854 2237 4910 chize
2264 4853 2443 4910 cinxit
2473 4861 2525 4908 et
2558 4861 2672 4906 tum
2711 4850 3054 4906 habitatores
3101 4852 3248 4905 arcis
3298 4856 3460 4906 Lucre
3506 4870 3539 4908 a
3587 4862 3740 4923 parte

2098 4944 2307 4999 montis
2337 4944 2619 5012 adjutores
2670 4941 2923 5005 fuerunt,
2976 4948 3034 4993 ut
3083 4939 3324 4995 Romani
3380 4942 3739 4999 Antiochiam

2094 5033 2399 5089 introirent
2431 5038 2482 5087 et
2514 5036 2799 5100 caperent.
2834 5028 3041 5097 Magna
3071 5028 3147 5082 ibi
3174 5030 3327 5084 caede
3361 5030 3526 5103 facta,
3579 5049 3741 5103 sepa-

2096 5129 2289 5175 rarunt
2319 5121 2474 5175 viros
2500 5120 2856 5187 feminasque
2887 5132 3052 5171 senes
3099 5133 3230 5172 cum
3284 5119 3477 5189 parvis
3524 5126 3743 5176 statura

2094 5224 2322 5278 eosque,
2354 5224 2694 5279 quocunque
2726 5207 2957 5273 vellent,
2992 5206 3617 5278 discederejusserunt.
3641 5212 3744 5265 Vi-

2096 5315 2286 5354 rorum
2321 5315 2449 5354 vero
2508 5298 2963 5365 feminarumque
3005 5296 3284 5365 juvenum
3337 5306 3387 5353 et
3437 5315 3743 5369 puerorum

2093 5389 2222 5456 plus
2253 5403 2421 5457 quam
2458 5387 2657 5454 t0,000
2692 5386 2746 5440 in
2778 5392 2953 5440 terras
3015 5384 3395 5441 Romanorum
3451 5389 3743 5443 miserunt.

2098 5476 2373 5532 Halebum
2406 5476 2573 5531 etiam
2609 5475 2808 5540 10,000
2838 5475 3095 5542 equitum
3129 5489 3258 5528 cum
3292 5474 3599 5542 misissent,
3632 5481 3743 5530 Ha-

2096 5565 2356 5623 lebenses
2380 5564 2781 5635 promiserunt,
2804 5578 2865 5617 se
2884 5562 3187 5631 quotannis
3233 5562 3503 5617 Romanis
3524 5569 3740 5619 certum

2096 5657 2381 5727 quoddam
2406 5654 2681 5710 tributum
2706 5651 2992 5708 soluturos
3018 5667 3159 5717 esse,
3179 5651 3239 5706 in
3257 5651 3421 5721 cuius
3442 5651 3516 5706 rei
3568 5651 3739 5710 ﬁdem
