4112 6208
347 331 503 390 1015

1357 321 1774 384 EXCERP’I‘A
1817 321 1916 382 EX
1967 317 2358 389 HISTORIIS
2402 277 2744 396 ARABUM

3597 321 3755 385 1016

345 467 451 521 800
493 462 720 520 obsides
773 460 1072 516 dederunt.
1121 455 1196 511 Eo
1246 459 1502 526 tempore
1549 455 1798 510 multum
1845 454 1992 510 bello
2022 453 2078 520 Α
2108 461 2382 520 Adierunt
2414 467 2582 522 etiam
2645 466 2923 524 nobilium
2978 462 3209 537 quidam
3268 459 3520 516 Emlram
3577 457 3750 516 Αιοά-

346 554 620 611 inclaruit
651 552 959 622 imperator
989 545 1362 616 Nicephorus,
1398 544 1495 616 qui
1536 560 1738 600 omnes
1784 543 1992 599 Cilicia

345 645 540 710 urbes,
569 638 931 696 Antiochiam
964 643 1015 691 et
1079 635 1294 703 Syriam
1340 634 1398 690 in
1450 643 1780 704 potestatem
1829 648 1992 688 suam

343 732 587 802 redegit,
620 743 790 798 quam
824 726 896 782 ob
930 740 1050 780 rem
1081 739 1282 778 omnes
1314 723 1559 780 Arabum
1593 731 1790 794 gentes
1841 730 1991 778 metu

341 821 615 892 perculsae
648 824 800 872 sunt.
850 817 1044 886 Itaque
1095 813 1287 868 animo
1344 813 1524 869 elatus
1570 812 1989 882 imperatricem

341 906 796 978 TheOphaniam,
832 903 1192 972 imperatoris
1241 902 1480 958 Romani
1530 917 1785 970 uxorem,
1847 901 1991 956 invi-

339 1005 457 1053 tam
488 1005 702 1059 tamen,
736 994 844 1048 sibi
875 992 1218 1063 conjunxit;
1252 1006 1436 1060 neque
1467 990 1575 1046 hac
1600 1007 1660 1048 re
1690 999 1994 1047 contentus

341 1088 481 1142 duos
502 1086 674 1155 hujus
693 1083 863 1152 ﬁlios,
905 1081 1175 1136 Basiliam
1227 1090 1280 1136 et
1318 1080 1753 1135 Constantinum
1787 1084 1995 1136 castra-

341 1193 400 1231 re
427 1174 627 1242 voluit,
664 1181 721 1229 ut
753 1189 946 1228 eorum
982 1171 1248 1241 progenie
1281 1170 1614 1240 exstirpata,
1646 1185 1714 1225 ex
1768 1185 1825 1224 se
1863 1177 1989 1224 tan-

341 1272 462 1319 tum
494 1263 644 1332 regia
679 1261 867 1332 proles
917 1261 1308 1313 deduceretur.
1355 1257 1722 1326 TheOpbania
1775 1263 1988 1327 autem,

338 1353 568 1424 cognito
600 1350 723 1420 ejus
753 1347 1018 1410 consilio,
1053 1347 1122 1400 de
1155 1345 1289 1400 (iliis
1320 1347 1436 1399 suis
1466 1346 1770 1400 admodum
1832 1345 1992 1400 solli-

339 1443 450 1498 cita
481 1440 854 1496 domesticum
885 1434 1507 1503 Schumuschchigum,
1556 1451 1799 1504 quocum
1850 1450 1989 1490 con-

339 1532 667 1600 spiraverat,
707 1526 1085 1582 muliebribus
1116 1526 1384 1580 indutum
1412 1525 1662 1580 vestibus
1701 1540 1830 1579 cum
1863 1525 1988 1594 qui-

342 1617 578 1674 busdam
610 1617 738 1672 aliis
771 1616 1040 1686 injuriam
1078 1613 1258 1684 passis
1290 1613 1348 1667 in
1381 1612 1570 1683 palatii
1604 1614 1781 1668 eadem
1817 1618 1986 1667 noctu

343 1707 650 1762 nativitatis
707 1705 1020 1760 Servatoris
1084 1701 1403 1756 introduxit
1473 1709 1528 1756 et
1605 1700 1988 1770 Nicephorum

2105 552 2357 620 daulam,
2391 556 2540 611 Cufm
2572 565 2914 626 versantem,
2946 554 3460 622 sollicitaruntquc,
3495 554 3556 606 ut
3609 565 3750 605 con-

2103 647 2189 696 tra
2223 642 2508 702 Romanos
2539 647 2751 703 milites
2781 647 3047 702 mitteret.

2175 737 2340 790 Anno
2369 735 2618 792 Arabum
2647 736 2774 802 364,
2803 735 3126 791 Grecorum
3169 733 3326 801 1286,
3355 736 3740 787 Romanorum

2104 818 2411 891 imperator
2432 826 2590 894 Ivan,
2614 825 2764 882 idem
2788 823 2886 880 ille
2907 821 3490 890 Schumuschchigus,
3523 817 3743 888 Syriam

2102 909 2419 978 ingressus,
2470 914 2787 970 Hamadam
2847 922 2900 969 et
2948 910 3256 968 Balbecum
3316 910 3466 981 cepit
3522 916 3574 962 et
3616 921 3743 961 cum

2104 997 2448 1055 Damascum
2481 1003 2840 1074 profecturus
2861 1005 3032 1069 esset,
3083 997 3479 1065 Bar-Zaccath,
3538 995 3747 1052 nobilis

2102 1087 2276 1142 Arabs
2307 1088 2500 1158 Syrus,
2535 1092 2750 1163 scripta
2777 1092 2847 1147 ad
2885 1091 3149 1147 Damasci
3200 1087 3544 1159 praefectum,
3602 1083 3745 1140 Phn-

2102 1183 2356 1242 tganum,
2409 1179 2668 1249 epistola,
2729 1180 3036 1236 consilium
3093 1179 3145 1234 ei
3213 1177 3386 1240 dedit,
3469 1190 3561 1237 ne.
3617 1189 3746 1230 cum

2101 1263 2442 1321 imbecillior
2518 1273 2688 1334 esset,
2773 1269 3159 1324 Romanorum
3243 1263 3360 1334 regi
3431 1263 3744 1318 obsisteret.

2108 1353 2522 1426 Olitemperans
2578 1359 2673 1414 ille
2726 1359 2856 1414 huic
2903 1358 3144 1414 consilio
3192 1353 3516 1426 imperatori
3567 1353 3746 1406 Schu-

2103 1445 2477 1516 muschchigo
2507 1446 2890 1502 obedientiam
2925 1457 2978 1502 et
3007 1445 3245 1510 300,000
3274 1458 3532 1498 zuzaruin
3569 1441 3745 1494 tribu-

2102 1540 2219 1587 tum
2283 1537 2560 1605 promisit,
2621 1553 2730 1607 quo
2809 1537 3116 1608 imperator
3186 1532 3746 1597 Schumuscbchigus

2101 1627 2407 1680 contentus
2492 1625 2616 1680 fuit.
2695 1625 2838 1680 Huic
2916 1625 3191 1680 Damasco
3269 1619 3746 1693 apprOpinquanti

2103 1715 2423 1785 Pbalganus
2452 1715 2681 1770 obvium
2716 1715 2903 1770 factus
2936 1731 3082 1785 equo
3106 1712 3401 1768 descendit
3433 1718 3487 1766 et
3541 1719 3746 1766 terram

341 1797 640 1850 certiorem
675 1794 826 1859 fecit,
861 1809 919 1847 sc
950 1791 1292 1860 stirpis-sua».
1325 1789 1564 1844 feminas
1613 1790 1887 1860 quasdam
1918 1789 1984 1842 ad

2116 1804 2400 1875 iliquotics
2451 1803 2742 1859 osculatus
2797 1810 2898 1858 est.
2954 1805 3136 1858 Laetus
3181 1803 3284 1857 hac
3331 1818 3390 1857 re
3445 1803 3749 1865 imperator

340 1900 398 1938 se
429 1884 490 1937 in
519 1880 815 1937 ecclesiam
865 1895 1116 1945 vocasse,
1171 1888 1231 1934 ut
1279 1895 1475 1933 earum
1525 1894 1720 1934 secum
1782 1894 1988 1948 peruo-

345 1973 622 2027 ctantium
655 1969 940 2040 colloquio
971 1977 1242 2023 uteretur.
1278 1967 1394 2023 Hac
1425 1969 1641 2024 ratione
1671 1984 1836 2038 quam
1879 1968 1990 2038 pri-

350 2075 504 2115 murn
565 2059 964 2128 imperatorem
1037 2073 1241 2112 somno
1321 2064 1610 2125 gravatum
1691 2056 1991 2121 sentiebat,

345 2147 905 2216 Schumuschchigus
931 2153 980 2200 et
1015 2146 1109 2216 qui
1142 2161 1275 2201 cum
1306 2162 1372 2201 eo
1417 2156 1598 2213 erant,
1656 2146 1874 2201 inducti
1934 2146 1993 2199 in

347 2238 491 2293 lecto
520 2253 649 2292 eum
681 2235 1032 2301 occiderunt,
1057 2250 1385 2303 eorumque,
1421 2237 1518 2306 qui
1565 2235 1757 2304 palatii
1807 2240 1997 2304 portas

344 2325 761 2394 custodiebant,
813 2324 937 2395 plus
994 2340 1164 2394 quam
1224 2324 1295 2376 70
1354 2324 1780 2378 interfecerunt.
1843 2325 1996 2378 lianc

351 2416 522 2472 credis
551 2415 854 2484 Nicephori
883 2429 1111 2470 causam
1146 2413 1204 2467 iu
1237 2411 1398 2467 libris
1453 2421 1713 2468 accurate
1765 2414 1997 2483 scriptis

350 2505 716 2569 invenimus;
769 2520 834 2558 ea
883 2511 1094 2564 autem,
1149 2517 1318 2572 quam
1375 2501 1574 2555 beatus
1604 2499 1998 2556 Mar-Michael

354 2603 619 2663 tanquam
650 2592 720 2647 ab
783 2591 998 2660 lgnalio
1057 2589 1417 2645 Meliteueusi
1465 2599 1756 2662 acceptam
1811 2591 1998 2656 refert,

355 2682 604 2737 occisum
633 2695 757 2736 esse
787 2679 913 2735 ideo
935 2680 1083 2748 quod
1144 2678 1200 2733 in
1251 2680 1518 2750 conjugio
1562 2695 1756 2749 parum
1819 2679 2003 2734 fidelis

358 2771 577 2838 fuisset,
629 2768 866 2824 minime
900 2767 1014 2822 veri
1061 2767 1265 2821 similis
1312 2774 1414 2833 est,
1475 2767 1623 2837 quia,
1677 2784 1743 2822 eo
1791 2768 2001 2834 occiso,

361 2874 545 2930 neque
574 2875 703 2915 cum
730 2855 1278 2926 Schumuscbchigo,
1310 2858 1407 2927 qui
1436 2865 1560 2926 post
1621 2855 2001 2926 Nicephorum

365 2949 636 3019 regnavit,
669 2962 852 3017 neque
883 2961 1012 3002 cum
1042 2945 1155 3000 alio
1187 2960 1468 3016 quoquam
1502 2962 1622 3001 rem
1654 2945 1876 3001 habuit.

431 3041 596 3094 Anno
627 3038 732 3092 360
759 3037 1030 3103 Arabum,
1060 3040 1356 3108 prOpterea
1386 3037 1534 3106 quod
1569 3036 1789 3092 inventi
1843 3041 2006 3092 erant

360 3129 471 3184 duo
526 3127 736 3182 Arabes
788 3134 956 3181 noctu
1017 3125 1076 3180 in
1153 3125 1364 3195 templo
1433 3125 1596 3195 juxta
1677 3125 2001 3182 coenobium

362 3214 662 3272 Michaelis
691 3214 1160 3272 Nestorianorum
1193 3213 1616 3269 Mozalanorum
1648 3216 1754 3270 sito
1803 3214 2000 3280 occisi,

360 3304 709 3360 Christianos
741 3302 1063 3359 Mozalanos
1086 3300 1490 3372 Abu-Thagleb
1524 3302 1678 3358 illius
1721 3303 2001 3358 Nazerob-

358 3394 541 3449 deuia:
579 3393 812 3456 120,000
845 3408 1108 3447 zuzarum
1144 3390 1451 3448 mulctavit.

431 3487 598 3539 Anno
627 3481 735 3536 362
765 3482 1013 3537 Arabum
1043 3482 1391 3538 domesticus
1429 3497 1559 3538 cum
1622 3482 2006 3538 Romanorum

359 3573 612 3628 exercitu
673 3570 897 3626 Nisibin
951 3571 1239 3641 profectus
1303 3587 1567 3640 magnam
1623 3578 1867 3642 stragem
1929 3571 2008 3626 ibi

361 3660 538 3715 edidit
595 3667 650 3713 et
699 3674 797 3727 per
851 3659 922 3712 22
971 3660 1091 3714 dies
1151 3657 1296 3714 nihil
1355 3660 1508 3713 aliud
1557 3659 1690 3728 egit,
1734 3675 1899 3728 quam
1952 3667 2009 3715 ut

365 3735 696 3815 captivaret,
731 3747 1001 3815 diriperet
1051 3755 1103 3801 et
1155 3746 1443 3815 regionem
1499 3755 1753 3802 vastaret.
1816 3749 2011 3804 Postea

369 3850 501 3889 cum
534 3833 797 3888 Amidam
848 3835 1126 3902 tenderet,
1182 3834 1347 3902 hujus
1400 3833 1560 3889 urbis
1606 3837 1716 3889 dux
1769 3836 2012 3891 militum

367 3920 754 3990 impetravita
810 3921 1030 3975 Mozalae
1086 3921 1370 3990 praefecto,
1427 3921 1902 3993 Abu-Thahlebo,
1956 3929 2016 3979 ut

373 4027 607 4081 magnas
657 4010 852 4079 copias
907 4025 1038 4065 cum
1088 4012 1255 4066 fratre
1286 4028 1390 4067 suo
1413 4013 1680 4069 mitteret.
1738 4013 2019 4070 Romanos

375 4099 557 4156 adorti
619 4099 856 4154 victores
931 4100 1144 4155 Arabes
1213 4100 1438 4156 fuerunt
1510 4105 1566 4157 et
1643 4103 2014 4160 domesticum

369 4198 598 4258 captum
627 4189 1018 4259 vinctumque,
1043 4188 1314 4244 Romanis
1333 4191 1705 4262 fugientibus,
1748 4192 2016 4250 Mozalam

375 4280 674 4334 miserunt.
706 4277 1210 4347 Abu~Tbaglebus,
1264 4294 1374 4349 quo
1418 4296 1673 4336 amorem
1717 4298 1848 4338 cum
1907 4283 2020 4340 Ro-

376 4367 558 4422 manis
590 4366 978 4431 conﬁrmaret,
1033 4365 1452 4437 benignissime
1499 4368 1692 4425 habuit
1749 4372 2023 4428 domesti-

373 4472 528 4521 cum,
560 4456 655 4528 qui
691 4465 880 4512 tamen
913 4457 1108 4512 cancri
1141 4455 1336 4513 morbo
1369 4457 1629 4514 ibiobiit.

2103 1907 2314 1962 equum
2345 1893 2731 1948 conscendere
2767 1907 2902 1946 eum
2926 1891 3104 1961 jussit
3164 1890 3525 1959 multumque
3570 1889 3749 1943 hono-

2105 1982 2264 2038 ravit.
2317 1980 2528 2036 Jussus
2579 1981 2805 2047 deinde,
2871 1990 2926 2035 ut
2979 1996 3166 2035 coram
3215 1995 3280 2034 eo
3331 1982 3656 2034 decurreret
3704 1983 3756 2030 et

2105 2069 2318 2124 militiae
2341 2069 2629 2138 specimen
2662 2071 2876 2134 ederet,
2922 2084 3053 2124 cum
3086 2067 3459 2135 decurrisset,
3501 2066 3749 2137 impera-

2107 2157 2243 2212 toris
2272 2157 2440 2212 laude
2475 2165 2660 2213 motus
2691 2160 2898 2212 iterum
2925 2173 3069 2226 equo
3092 2156 3384 2213 descendit
3428 2165 3750 2223 terramque

2105 2247 2390 2302 osculatus
2414 2253 2520 2301 est.
2556 2246 2916 2315 Imperatoris
2946 2246 3108 2315 jussu
3163 2261 3372 2314 equum
3421 2242 3756 2299 conscendit

2107 2342 2319 2390 etcum
2355 2335 2448 2390 illc
2504 2337 2671 2390 unius
2722 2343 2937 2389 tantum
2987 2334 3125 2388 anni
3176 2333 3449 2388 tributum
3508 2332 3757 2398 exigeret

2107 2422 2294 2477 denuo
2355 2424 2670 2488 descendit,
2723 2431 2925 2477 terram
2982 2422 3360 2476 osculaturus.
3423 2419 3752 2489 Imperatori

2110 2525 2338 2580 equum,
2372 2527 2482 2580 quo
2515 2519 2706 2566 vectus
2736 2511 3080 2574 dccurrerat,
3128 2509 3379 2579 gladium
3429 2518 3481 2562 et
3534 2507 3754 2561 hastam

2112 2596 2418 2668 postulanti
2447 2613 2563 2652 non
2602 2597 2717 2652 haec
2748 2604 2992 2665 tantum,
3026 2597 3122 2651 sed
3148 2596 3481 2650 vestimenta
3509 2610 3580 2662 qu
3597 2609 3754 2662 ique,

2113 2690 2363 2739 aromata
2389 2694 2440 2740 et
2463 2688 2657 2740 decem
2678 2701 2851 2754 equos
2881 2701 3008 2740 cum
3060 2682 3258 2738 multis
3300 2681 3475 2738 hastis
3504 2681 3706 2736 obtulit
3741 2700 3757 2748 ;

2113 2775 2208 2828 sed
2241 2775 2550 2843 imperator
2574 2776 2742 2828 istum
2770 2782 2986 2828 tantum
3013 2788 3223 2843 equum
3247 2777 3305 2826 et
3346 2772 3511 2825 istam
3543 2778 3761 2824 tantum

2117 2867 2337 2921 hastam
2367 2865 2604 2934 accepit,
2633 2864 2863 2934 reliquis
2887 2862 3138 2928 redditis,
3202 2861 3596 2916 benevolentia
3640 2863 3766 2928 ejus

2115 2960 2418 3010 contentus
2444 2969 2456 3007 :
2482 2951 2596 3006 imo
2615 2952 2859 3006 amicivit
2893 2951 3280 3019 Phataganum
3325 2949 3640 3018 Splendidis
3671 2965 3766 3002 ve-

2117 3042 2296 3098 stibus
2318 3049 2366 3096 ct
2393 3049 2656 3111 praeterea
2683 3040 2945 3108 cperibus
2968 3054 3103 3093 auro
3127 3037 3470 3102 fabrefactis,
3511 3036 3769 3092 vestibus

2117 3136 2352 3200 argento
2377 3128 2538 3184 tectis
2569 3137 2616 3182 et
2646 3129 2819 3182 mulis
2837 3129 3086 3182 donavit.
3129 3128 3265 3180 Indo
3303 3125 3363 3180 Si
3388 3130 3576 3180 tonem
3625 3141 3768 3196 prn-

2122 3221 2302 3276 l‘ectus
2332 3222 2439 3280 est.
2473 3218 2638 3287 cujus
2681 3218 2833 3271 cives
2880 3215 3103 3270 obviam
3150 3215 3360 3284 egressi
3407 3230 3467 3269 se
3510 3213 3765 3282 subjecc-

2116 3317 2247 3363 runt
2276 3309 2424 3362 dona
2453 3305 2777 3368 oll'ercntes,
2808 3311 3147 3375 quapropter
3195 3303 3263 3358 iis
3316 3302 3526 3358 relictis
3586 3301 3766 3372 Bery—

2115 3404 2210 3452 ton
2245 3396 2426 3464 duxit,
2449 3410 2614 3465 quam
2639 3391 2692 3446 vi
2723 3393 2943 3463 aperuit
2993 3400 3046 3446 et
3094 3391 3349 3461 diripuit.
3401 3391 3541 3446 Inde
3572 3390 3764 3444 Gali-i—

2116 3484 2228 3540 lam
2260 3486 2412 3540 venit
2465 3492 2518 3539 et
2561 3482 2690 3553 quia
2733 3481 2854 3550 ejus
2884 3480 3084 3535 incolae
3118 3479 3482 3544 resistebant,
3505 3477 3558 3532 vi
3590 3479 3762 3534 etiam

2119 3571 2738 3643 eXpugnavit.Direpta
2795 3585 2859 3623 ea
2911 3569 3123 3624 Tarson
3182 3568 3464 3638 profectus
3512 3576 3618 3633 est,
3665 3565 3763 3620 ubi

2120 3659 2501 3731 imperatricis
2528 3657 2908 3728 TheOpbaniae
2942 3657 3108 3711 frater
3139 3672 3420 3712 venenum
3461 3659 3512 3711 ei
3565 3661 3770 3724 potau-

2122 3751 2258 3806 dum
2285 3748 2902 3820 przebuit,quapropter
2943 3745 3000 3800 in
3050 3761 3273 3816 gravem
3321 3746 3580 3800 morbum
3633 3746 3775 3800 inci-

2125 3842 2202 3897 dit
2237 3848 2291 3895 et
2323 3839 2378 3894 in
2415 3837 2611 3893 urbem
2647 3835 2859 3904 regiam
2892 3849 3145 3889 reversus
3178 3843 3431 3890 mortuus
3462 3840 3569 3903 est,
3622 3842 3776 3906 post-

2127 3946 2297 4000 quam
2355 3932 2599 3996 quatuor
2651 3939 2834 3978 annos
2889 3930 3235 3991 regnaverat.
3300 3922 3402 3978 Hic
3451 3924 3508 3978 in
3549 3924 3774 3993 agendo

2129 4025 2415 4081 strenuus,
2448 4029 2682 4083 corpore
2714 4010 2956 4074 validus,
2988 4013 3178 4068 animo
3214 4013 3394 4077 fortis,
3431 4012 3578 4067 bello
3639 4013 3776 4067 felix

2129 4114 2265 4162 erat.
2303 4103 2504 4160 Statim
2527 4119 2556 4156 a
2583 4100 2742 4170 regni
2772 4100 2935 4156 initio
2963 4117 3092 4170 erga
3115 4117 3317 4155 omnes
3343 4100 3772 4168 magnanimum

2133 4210 2190 4250 se
2248 4191 2506 4264 praebuit,
2553 4189 2918 4258 captivosque
2975 4188 3214 4242 dimisit.
3285 4187 3780 4258 Constantinopoli

2134 4296 2397 4352 magnam
2426 4276 2722 4334 ecclesiam
2757 4277 3074 4341 aedificavit,
3108 4277 3316 4331 multas
3348 4277 3513 4332 urbes
3539 4279 3778 4332 multas-

2133 4387 2244 4445 que
2276 4369 2536 4438 regiones
2567 4365 2808 4435 subegit.
2843 4365 3131 4420 Mortuum
3165 4366 3452 4436 principes
3483 4369 3538 4420 et
3587 4365 3783 4435 plebes

2138 4461 2344 4518 mirum
2378 4457 2436 4512 in
2470 4456 2703 4512 modum
2739 4452 3024 4508 luxerunt.
3060 4453 3188 4509 Post
3245 4469 3372 4509 eum
3423 4455 3788 4524 imperatoris

454 4547 567 4602 Hoc
627 4563 780 4602 anno
832 4545 1074 4617 p0pulus
1127 4546 1598 4616 Bagdalenensis,
1663 4550 1762 4620 qui
1822 4552 2030 4608 multos
2065 4557 2107 4621 ι)
2139 4547 2375 4606 Romani
2411 4546 2534 4606 filii.
2566 4544 2810 4598 Basilius
2836 4546 2891 4596 et
2921 4542 3344 4612 Constantinus,
3379 4561 3478 4614 per
3507 4544 3579 4598 35
3599 4559 3788 4599 annos

380 4633 680 4691 Nisibenos
707 4636 765 4691 in
795 4635 1183 4706 captivitatem
1217 4636 1510 4705 incidisse,
1545 4639 1758 4694 multos
1814 4640 2032 4698 occisos

383 4739 504 4778 esse
589 4725 918 4790 audivisset,
1003 4725 1071 4777 ad
1161 4724 1305 4779 iram
1383 4726 1707 4781 concitatus
1764 4743 2030 4798 magnum

377 4811 648 4866 adversus
734 4809 1013 4866 Clialifam
1102 4811 1367 4877 Metium,
1444 4813 1688 4870 ludibrio
1750 4814 2028 4886 habitum,

379 4896 693 4952 tumultum
751 4898 1043 4968 excitavit,
1098 4901 1247 4970 quod
1307 4916 1408 4971 pro
1477 4901 1758 4958 Arabibus
1821 4913 2034 4963 certare

384 4987 584 5053 nollet,
617 4988 756 5044 etin
807 4989 929 5059 ejus
975 4989 1162 5045 aulam
1214 4991 1544 5062 amicosque
1597 4992 1710 5049 tela
1766 4996 2031 5066 conjecit.

2142 4635 2444 4710 imperiun:
2480 4633 2851 4688 obtinuerunt
2880 4649 3011 4686 vero
3037 4649 3231 4688 amore
3260 4649 3318 4687 se
3349 4633 3594 4688 invicem
3628 4649 3787 4689 com-

2144 4729 2310 4799 plexi.
2347 4723 2611 4791 Basilius,
2663 4721 2793 4791 quia
2849 4721 3170 4778 bellicosior
3216 4729 3353 4788 erat,
3412 4722 3790 4778 Constantino

2144 4819 2314 4874 fratre
2344 4815 2401 4870 in
2436 4813 2572 4869 urbe
2605 4811 2758 4882 regia
2790 4810 3006 4878 relicto,
3039 4810 3309 4867 continuo
3339 4827 3467 4867 cum
3509 4811 3793 4869 Arabibus

2144 4903 2294 4962 bella
2322 4902 2512 4974 gessit.

4015 6021 4038 6153 l
