4112 6208
459 354 615 414 1019

1473 359 1878 422 EXCERPTA
1926 356 2025 416 EX
2069 349 2472 412 HISTORIIS
2522 355 2845 416 ARABUM

3711 363 3855 424 1020

530 490 741 546 Eodem
775 491 1043 548 liberabat
1078 493 1439 549 scireddnuta
1473 511 1638 551 suum
1669 496 1928 552 amnem,
1961 490 2105 544 Abu-
2136 482 2187 547 Α
2221 483 2279 538 in
2313 483 2582 540 sacellum
2610 487 2865 559 aliquod,
2894 489 3200 560 Nicephori
3233 491 3503 549 cubiculo
3526 495 3853 564 proximum,

459 580 726 636 Ferasum
777 581 1269 651 Hamdanidam,e
1327 585 1593 650 vinculis,
1652 585 1796 639 facta
1853 581 2107 650 captivo-

455 687 580 728 rum
616 674 1048 744 permutatione,
1085 690 1186 744 per
1219 691 1384 746 quam
1439 679 1847 733 Muslemorum
1908 675 2111 740 ingens

464 761 775 816 multitudo
807 761 1123 817 libertatem
1161 767 1526 836 recuperavit.

1095 853 1132 908 l.
1169 853 1204 907 I.
1242 871 1297 924 p.
1345 855 1471 910 503'

525 937 737 994 interea
763 939 902 994 dum
939 941 1359 1011 MeSOpotamiae
1409 943 1627 999 domini
1660 943 1815 998 hunc
1874 943 1930 996 in
1979 955 2102 994 mo-

452 1027 586 1082 dum
619 1027 906 1085 intestinis
944 1031 1106 1086 bellis
1140 1032 1248 1103 ipsi
1276 1049 1402 1088 sese
1433 1033 1702 1102 lacerant,
1745 1033 1828 1086 via
1881 1029 2105 1102 patebat

457 1115 730 1172 Romanis
789 1135 888 1189 per
945 1120 1164 1190 Syriam
1221 1137 1406 1193 usque
1462 1123 1530 1176 ad
1588 1121 1867 1192 Tripolin.
1898 1122 2100 1176 Arcem

451 1204 630 1259 Erach
665 1208 1021 1277 expugnabat
1050 1225 1246 1265 eorum
1279 1210 1604 1280 imperator.
1663 1211 1801 1266 Inde
1839 1208 2107 1267 tendebat

449 1293 768 1364 Emessam,
805 1313 976 1368 quam
1009 1299 1217 1355 incolis
1271 1317 1510 1355 vacuam
1573 1301 1846 1356 facillime
1906 1306 2105 1354 nactus

452 1384 827 1452 (advenientis
859 1395 1071 1444 terrore
1105 1389 1338 1458 patriam
1397 1391 1813 1460 deseruerant),
1875 1387 2105 1458 injectis

449 1473 683 1543 ignibus
716 1478 1090 1546 pervastabat.
1147 1479 1224 1534 Ab
1255 1495 1319 1534 ea
1365 1480 1699 1535 excursione
1757 1479 1978 1534 redibat
2032 1478 2103 1532 ad

450 1569 690 1619 tractum
730 1567 1096 1635 maritimum,
1122 1584 1286 1638 quem
1320 1570 1533 1638 rapinis
1555 1577 1609 1625 et
1640 1567 2103 1640 populationibus

454 1651 765 1719 desolabat,
801 1659 857 1710 et
885 1657 1200 1712 octodecim
1235 1667 1535 1726 suggestus
1567 1659 1617 1727 (e
1664 1659 1899 1713 totidem
1958 1657 2103 1712 fanis

453 1743 788 1814 majoribus)
821 1745 1099 1814 ejiciebat.
1153 1751 1456 1818 Postquam
1511 1749 1620 1804 duo
1667 1765 1888 1804 menses
1938 1752 2102 1806 incu-

451 1829 664 1886 buisset
693 1835 890 1902 Syriae,
922 1836 1111 1890 abibat
1143 1838 1373 1892 domum
1409 1840 1594 1906 praeda
1615 1839 1800 1907 gravis
1856 1845 1910 1895 et
1967 1855 2099 1910 cap-
2130 1837 2178 1903 B

447 1918 580 1974 tivis
614 1937 849 1978 numero
886 1923 1028 1980 haud
1064 1925 1230 1981 facile
1262 1927 1728 1996 complectendis.

524 2017 693 2070 Anno
724 2013 972 2069 CCCLIX
1004 2015 1120 2087 (qui
1153 2016 1247 2071 die
1280 2017 1346 2070 13
1380 2017 1518 2073 Nov.
1554 2022 1620 2070 A.
1647 2017 1778 2072 Chr.
1828 2019 1935 2072 966
1982 2034 2094 2074 cce-

441 2107 546 2178 pit)
580 2121 777 2160 rursus
810 2104 1153 2160 invadebant
1189 2105 1427 2160 Romani
1462 2108 1764 2177 Syriam,et
1792 2107 2095 2163 Antiochia

443 2196 718 2251 violenter
749 2202 1072 2264 expugnata
1112 2194 1477 2266 cantibusque
1520 2206 1570 2249 et
1633 2196 1844 2266 rapinis
1901 2212 2097 2266 pcrva-

447 2292 607 2351 stata,
644 2283 916 2337 Halebum
955 2285 1244 2350 petebant,
1297 2300 1463 2352 quam
1515 2283 1771 2339 Corubeh
1832 2285 1906 2354 (5)
1963 2292 2098 2338 tunc

448 2372 692 2433 tenebat,
743 2371 1117 2426 Seifcddaulaa
1151 2373 1524 2441 mancipium,
1561 2373 1677 2428 heri
1713 2371 1848 2434 lilio,
1904 2371 2095 2428 Abu’l-

449 2462 655 2518 Maalio
684 2461 942 2516 Scharifo
984 2464 1288 2530 extortam,
1325 2466 1386 2516 ut
1445 2463 1612 2516 modo
1669 2461 1940 2516 diximus.
1997 2461 2099 2518 Hic

453 2552 515 2606 in
549 2566 736 2605 arcem
771 2566 828 2604 se
862 2556 1171 2619 receperat,
1206 2549 1342 2606 urbe
1373 2549 1521 2604 hosti
1582 2550 1874 2620 permissa.
1937 2550 2099 2606 Obsi-

457 2642 628 2696 dione
657 2641 723 2694 ad
761 2641 1029 2709 temporis
1059 2639 1289 2709 aliquod
1325 2641 1576 2705 tolerata,
1611 2649 1810 2709 pactus
1839 2639 2097 2696 Corubeh

453 2741 670 2788 certum
703 2747 964 2786 annuum
999 2731 1267 2785 tributum
1305 2748 1405 2800 pro
1436 2731 1647 2787 Halebo
1678 2740 1730 2786 et
1761 2749 1895 2798 agro
1925 2733 2097 2799 circa,

455 2821 740 2877 Romanos
767 2819 1072 2884 avertebat,
1113 2819 1356 2888 sumptis
1412 2835 1602 2876 secum
1659 2821 1957 2876 obsidibus
2007 2820 2100 2875 ab-

451 2915 675 2966 euntes.
706 2911 784 2964 lta
809 2907 1165 2965 locusfactus
1189 2908 1484 2964 Muslemis
1512 2910 1578 2963 ad
1618 2909 1885 2978 pristinas
1940 2909 2101 2964 sedes

453 2998 889 3056 revertentibus.
944 2998 1100 3053 Juris
1153 2996 1481 3052 Halebensis
1540 3003 1726 3054 autem
1788 3006 1906 3052 tum
1941 3007 2099 3054 erant

455 3089 542 3144 hie
591 3093 872 3159 praeturas,
906 3091 1166 3151 Bamata,
1217 3087 1466 3151 Emessa,
1492 3087 1825 3154 Cafar-Tab,
1861 3091 2098 3158 Maarra,

444 3180 714 3246 Apamea,
747 3176 1006 3231 Schaizar
1037 3183 1088 3231 et
1123 3177 1212 3231 his
1245 3176 1542 3245 interjecta
1578 3177 1720 3232 loca.

523 3266 584 3322 lu
615 3265 887 3320 Armenia
936 3279 1157 3334 quoque
1207 3263 1386 3320 Grani
1426 3266 1828 3322 Malazcardam
1889 3267 1959 3336 (6)
2003 3282 2101 3337 op-

447 3356 796 3426 pugnabant.
835 3354 903 3411 Ut
933 3353 1129 3424 paucis
1159 3353 1524 3426 complectar,
1563 3363 1709 3410 totus
1740 3355 1834 3410 ille
1892 3363 2099 3411 tractus

449 3445 627 3513 Syria:
659 3443 1006 3508 maritimus,
1031 3451 1083 3499 et
1107 3460 1229 3513 quis
1261 3445 1410 3500 circa
1462 3445 1806 3514 Euphraten,
1837 3445 2099 3513 patebant

447 3535 772 3591 Graecorum
809 3534 1058 3598 libidini,
1094 3533 1326 3588 nemine
1360 3549 1543 3604 neque
1574 3533 1792 3590 hostem
1847 3543 2095 3600 arcente,

446 3639 634 3694 neque
663 3629 840 3678 terras
872 3627 1087 3684 tuente,
1123 3621 1403 3689 praesidiis
1433 3629 1486 3677 et
1518 3632 1736 3678 rectore
1765 3625 2023 3678 nudatas.

1094 3709 1131 3762 l.
1169 3709 1203 3762 I.
1242 3726 1293 3775 p.
1329 3711 1452 3762 507.

516 3798 882 3853 Deustamen
912 3795 1142 3851 aﬂiictis
1175 3796 1473 3851 Muslemis
1523 3799 1844 3869 praesidium
1903 3801 2096 3855 aderat

447 3893 504 3943 et
535 3885 808 3941 liberator
835 3901 865 3940 e
898 3885 1070 3939 tantis
1111 3885 1407 3953 angustiis.
1442 3885 1542 3942 Ille
1573 3888 1723 3942 enim
1750 3887 1868 3956 ipse
1891 3887 2094 3944 Roma-

448 3991 560 4032 nus
584 3974 912 4044 imperator,
944 3989 1115 4044 quem
1151 3973 1420 4028 hactenus
1450 3975 1508 4030 in
1553 3975 1942 4032 Muslemicam
1999 3978 2092 4034 di-

447 4064 661 4120 tionem
711 4063 851 4118 adeo
905 4062 1228 4118 saevientem
1287 4062 1557 4130 vidimus,
1607 4065 1703 4135 qui
1766 4082 1869 4135 spe
1923 4071 2093 4138 atque

449 4153 723 4224 cupidine
757 4159 926 4208 totam
960 4151 1184 4221 Syriam
1209 4152 1324 4222 jam
1353 4153 1735 4224 devoraverat,
1766 4157 1857 4226 qui
1895 4156 2092 4214 orbem

445 4242 676 4300 fidelem
726 4250 937 4298 terrore
993 4241 1082 4296 sui
1141 4241 1540 4311 compleverat,
1599 4242 1706 4300 hoc
1759 4243 1881 4313 ipso
1937 4261 2090 4302 anno

444 4332 829 4389 muliebribus
862 4331 1087 4387 insidiis
1117 4331 1404 4388 occubuit.
1430 4332 1563 4387 Erat
1584 4333 1684 4388 ille
1714 4333 2087 4405 Nicephorus,

443 4421 542 4492 qui
593 4421 816 4477 sublato
871 4422 1164 4477 decessore
1216 4436 1318 4475 suo
1378 4436 1524 4489 rege,
1586 4437 1816 4478 uxorem
1856 4423 1978 4492 ejus
2027 4425 2086 4480 in

441 4512 874 4568 matrimonium
909 4511 1144 4566 duxerat
1181 4510 1353 4580 stirpe
1381 4519 1537 4566 ortus
1571 4527 1682 4567 non
1719 4512 1895 4584 regia,
1923 4513 2090 4584 idque

439 4601 634 4657 animo
662 4600 931 4672 agitabat,
957 4607 1014 4654 ut
1045 4599 1358 4668 superioris
1389 4599 1540 4654 thori
1591 4603 1904 4658 masculam
1959 4619 2088 4674 pro-

441 4690 555 4746 lem
585 4697 893 4757 exsecaret,
929 4704 1037 4758 quo
1070 4705 1185 4743 suae
1235 4688 1449 4757 regiam
1505 4688 1836 4758 dignitatem
1887 4707 2086 4763 perpe-

440 4785 594 4834 tuam
625 4778 1037 4835 assereret.Sed
1072 4777 1369 4847 indignum
1403 4781 1457 4832 et
1491 4778 1845 4834 intolerabile
1867 4780 2087 4837 facinus

442 4870 715 4924 detestata
747 4873 804 4923 et
835 4866 1109 4936 impedire
1137 4867 1329 4921 nitens
1361 4882 1662 4936 puerorum
1725 4877 1904 4924 mater
1955 4885 2087 4926 con-

437 4957 840 5026 spirabatcum
874 4954 1195 5012 Domestico
1227 4956 1284 5010 in
1341 4955 1440 5010 viri
1482 4957 1716 5024 caedem,
1758 4962 1972 5015 structo
2027 4960 2086 5015 in

438 5044 597 5101 hunc
627 5048 862 5101 modum
889 5045 1038 5098 dolo.
1067 5044 1354 5113 Conscios,
1392 5045 1774 5102 Domesticum
1840 5055 1975 5117 puta
2034 5057 2087 5104 et

437 5134 562 5205 ejus
585 5135 819 5202 amicos,
859 5133 1052 5189 habitu
1085 5133 1345 5189 muliebri
1396 5134 1758 5202 deformatos,
1791 5136 1861 5192 de
1921 5146 2086 5195 nocte

510 5281 584 5352 (5)
609 5282 671 5336 In
704 5280 982 5352 excerptis
1011 5295 1077 5334 ex
1105 5278 1336 5352 historia
1372 5279 1568 5352 llalebi
1602 5280 1747 5335 infra
1803 5282 2086 5339 exhiben-

439 5351 528 5408 dis
551 5352 816 5407 scribitur
847 5351 954 5407 hoc
999 5367 1207 5406 nomen
1239 5351 1558 5422 Carghujah
1585 5368 1600 5417 ;
1634 5355 1810 5422 quod,
1836 5355 1943 5408 nisi
1982 5356 2087 5409 fal-

438 5424 546 5490 lor,
571 5428 724 5480 recte
753 5438 814 5477 se
841 5423 1002 5477 habet
1031 5442 1054 5489 ,·
1076 5421 1306 5478 omissis
1331 5423 1483 5476 enim
1510 5421 1736 5490 punctis
1757 5425 2083 5490 diacriticis,

439 5495 647 5564 quibus
676 5494 1105 5560 distinguuntur
1127 5494 1326 5548 littera:
1358 5491 1543 5547 Gbaiu
1572 5500 1625 5564 et
1653 5491 1735 5547 Ye
1765 5495 1834 5548 ab
1869 5495 1973 5548 Ain
2026 5502 2085 5551 et

439 5563 540 5633 Be,
567 5567 734 5622 facile
776 5565 1066 5636 corrumpi
1095 5565 1272 5635 potuit
1331 5579 1539 5618 nomen
1589 5563 1730 5618 illud
1788 5565 1846 5619 in
1907 5568 2081 5622 Corn.

437 5637 980 5784 bsilﬁofliialucarda
1011 5703 1492 5778 oppugnationem
1530 5703 1855 5763 Elmaciuus
1875 5724 1928 5780 p.
1977 5708 2084 5765 280

2221 574 2659 633 introducebat:
2710 587 2762 634 et
2821 588 3060 650 tyranno
3135 582 3480 651 profundum
3573 591 3854 652 stertente,

2221 666 2544 738 foribusque
2583 668 2878 737 obseratis,
2932 670 3051 740 ipsa
3101 686 3337 740 surgens
3388 689 3484 742 per
3513 689 3638 728 eum
3673 681 3853 743 portu-

2219 755 2330 810 lam
2363 755 2778 813 intromittebat
2809 774 3187 829 percussores,
3219 777 3318 832 per
3351 778 3521 832 quam
3545 778 3576 818 e
3605 763 3856 819 cubiculo

2216 846 2400 902 aditus
2429 847 2495 903 cd
2529 847 2801 904 sacellum
2837 849 3077 917 patebat.
3127 849 3318 921 Itaque
3375 868 3680 921 aggressus
3735 855 3855 908 dor-

2219 936 2489 992 mientem
2514 937 2900 1007 Nicephorum
2927 938 3224 1008 jugulahat
3273 941 3655 1008 Domesticus,
3715 943 3854 998 Deus

2213 1031 2397 1079 autem
2432 1026 2558 1096 ejus
2591 1025 2906 1082 ministerio
2935 1027 3191 1098 quietem
3231 1028 3442 1098 populo
3475 1047 3582 1086 suo
3620 1048 3650 1084 a
3689 1032 3853 1086 mole-

2214 1113 2462 1169 stissimo
2491 1122 2750 1171 vesatore
2782 1115 3101 1184 prastabat.
3131 1119 3498 1174 Domesticus
3539 1119 3672 1174 inde
3695 1135 3857 1175 unum

2214 1219 2280 1260 ex
2321 1204 2703 1275 imperatricis
2749 1205 2907 1272 filiis,
2949 1223 2979 1262 e
3030 1209 3218 1279 priore
3270 1209 3660 1277 matrimonio,
3693 1218 3744 1266 et
3769 1227 3852 1281 ge-

2215 1293 2394 1348 nuiuo
2425 1294 2701 1362 sanguine
2732 1295 2884 1364 regio
2915 1303 3191 1364 creatum,
3215 1301 3532 1369 Augustum
3566 1314 3852 1371 nuncupa-

2216 1382 2326 1440 bat.
2383 1383 2459 1439 De
2492 1392 2693 1440 cetero
2724 1384 3079 1442 Domesticos
3105 1386 3154 1442 is
3181 1386 3522 1457 appellatur,
3556 1390 3650 1460 qui
3684 1390 3850 1458 regio-

2216 1487 2348 1527 num
2387 1473 2822 1542 Byzantinarum
2863 1477 2946 1530 cis
2987 1475 3420 1547 Hellespontum
3484 1479 3544 1534 in
3585 1478 3842 1534 orientem

2215 1573 2598 1633 porrectarum
2630 1582 2827 1623 curam
2859 1567 3023 1638 gerit.

2853 1683 2890 1739 l.
2927 1684 2966 1740 ι.
2998 1703 3050 1756 ρ.
3083 1687 3210 1741 511.

2285 1799 2444 1852 Anno
2475 1797 2720 1853 CCCLXI
2752 1799 2872 1870 (qui
2903 1798 2994 1854 die
3022 1801 3093 1855 23
3125 1800 3246 1857 Oct.
3300 1803 3359 1856 Α.
3411 1801 3548 1856 Chr.
3597 1802 3696 1856 971
3748 1816 3850 1857 crs-

2212 1887 2311 1956 pil)
2361 1887 2699 1943 invadebant
2739 1887 2923 1944 Graeci
2981 1889 3260 1959 Djeziram
3322 1891 3384 1961 (i.
3443 1908 3494 1947 e.
3551 1891 3849 1956 Mesottotao

2211 1975 2409 2048 mian‘)
2442 1977 2738 2042 Edessam,
2760 1977 3099 2047 Nisibinam,
3133 1979 3498 2051 czcdibusque
3527 1979 3842 2050 grassaban-

2209 2055 2298 2120 lur
2329 2073 2382 2120 et
2418 2066 2636 2136 rapinis
2669 2086 2684 2134 ;
2716 2078 2915 2124 contra
2962 2085 3104 2140 quos
3151 2070 3440 2125 auxilium
3491 2071 3841 2140 implorantes

2208 2155 2538 2223 Bagdadum
2573 2156 2944 2213 conﬂuebant
2972 2168 3224 2214 extorres
3257 2159 3550 2215 Muslemi.
3584 2160 3731 2224 Quod
3787 2157 3834 2211 iu

2207 2245 2519 2301 tumultum
2569 2245 2791 2318 plebem
2852 2247 3234 2317 Bagdadicam
3295 2248 3637 2305 concitabat.
3668 2247 3836 2304 Perfe-

2209 2337 2414 2389 rnntur
2464 2335 2802 2392 miserorum
2867 2339 3236 2408 querimonia:
3312 2340 3380 2393 ad
3443 2337 3831 2393 Bochteiarum.

2209 2425 2456 2492 Bagdadi
2491 2440 2817 2494 supremum
2850 2426 3149 2495 EEmirum,
3193 2427 3503 2482 venatione
3549 2433 3658 2480 tum
3709 2434 3831 2479 tem-

2209 2514 2362 2582 poris
2393 2525 2730 2584 occupatum
2765 2531 2777 2579 τ
2814 2515 2906 2586 qui
2943 2525 3256 2586 promptam
3299 2517 3529 2586 quidem
3571 2529 3722 2584 opem
3761 2512 3828 2565 la-

2209 2609 2418 2672 turum,
2468 2608 2524 2657 et
2573 2604 2764 2659 hostes
2809 2604 3026 2660 ﬁnibus
3075 2609 3403 2660 exacturum
3455 2602 3826 2674 promittebat;

2208 2692 2445 2761 ideoque
2474 2692 2704 2747 Chalifaa
2726 2695 3079 2750 necessarios
3117 2695 3469 2750 instruendis
3517 2691 3827 2762 expeditioni

2208 2790 2465 2837 sumotus
2495 2782 2804 2850 regabat,et
2832 2783 3069 2838 invitum
3091 2781 3452 2852 multumque
3471 2782 3825 2837 obluctantem

2208 2870 2410 2940 epibus
2444 2872 2589 2926 haud
2623 2873 3060 2928 contemnendis
3080 2871 3451 2941 emungebat.
3477 2871 3629 2927 Vana
3659 2878 3824 2924 tamen

2209 2957 2316 3013 ista
2347 2960 2538 3014 omnia
2577 2967 2628 3014 et
2659 2960 2726 3014 ad
2780 2960 3028 3031 speciem
3069 2957 3507 3030 ludibriumque
3541 2955 3814 3025 compsita.

2209 3049 2379 3114 Queri
2417 3049 2645 3118 quidem
2679 3049 2887 3104 Metius
2912 3049 3214 3118 pecuniam
3239 3047 3345 3102 sibi
3411 3046 3622 3102 nullam
3672 3056 3820 3105 esse;

2211 3137 2428 3202 mirari,
2452 3154 2624 3208 quare
2659 3153 2927 3193 nummos
2955 3158 2988 3193 a
3014 3154 3072 3194 se
3134 3138 3452 3207 requirant,
3503 3135 3590 3192 cui
3647 3139 3821 3203 praeter

2127 3191 2171 3256 δ
2211 3227 2461 3281 nominis
2489 3226 2726 3296 gloriam
2758 3236 2812 3283 et
2849 3229 3142 3297 dignitatis
3176 3228 3231 3282 in
3285 3226 3536 3296 publicis
3589 3221 3820 3294 precibus

2209 3317 2480 3386 speciem,
2536 3317 2592 3370 in
2657 3315 3022 3372 facultatibus
3070 3326 3122 3373 et
3171 3316 3508 3372 auctoritate
3571 3313 3816 3380 reliquum

2208 3404 2354 3460 nihil
2389 3405 2643 3460 fecerint.
2677 3407 2733 3459 Si
2769 3417 2956 3461 tamen
2991 3406 3183 3476 inique
3208 3420 3407 3461 secum
3441 3419 3600 3474 agere
3644 3402 3814 3454 decre-

2207 3496 2440 3559 vissent,
2477 3494 2648 3551 malle
2675 3495 3011 3551 Chalifalum
3045 3495 3284 3566 ejurare.
3321 3500 3398 3550 At
3439 3495 3626 3550 ridens
3655 3485 3814 3544 Boch-

2208 3584 2347 3639 leiar
2371 3584 2628 3656 frigidam
2649 3585 3356 3655 excusationem,graviora
3381 3595 3434 3640 et
3451 3581 3809 3639 necessitatem

2205 3675 2596 3745 tergiversanti
2643 3675 3056 3730 admovendam
3099 3673 3447 3730 minabatur.
3498 3671 3810 3740 Quapropter

2204 3769 2433 3819 coactus
2477 3762 2699 3820 Chalifa
2760 3763 3040 3818 vendebat
3099 3762 3534 3832 supellectilem,
3598 3759 3810 3824 indeque

2203 3862 2456 3908 coactum
2491 3870 2568 3908 ass
2595 3854 2662 3908 ad
2694 3853 3063 3923 quadraginta
3088 3853 3265 3908 millia
3290 3853 3676 3908 drachmarum
3699 3844 3806 3899 mil-

2204 3941 2350 3996 tebat
2385 3941 2592 3997 Buidaa.
2627 3941 2727 3996 llle
2757 3948 2942 3996 autem
2975 3948 3193 3996 tantum
3224 3940 3440 4008 aberat,
3475 3945 3533 3994 ut
3586 3954 3666 4002 eo,
3714 3945 3806 4001 quo

2203 4029 2503 4099 ﬂagitaral,
2525 4029 2900 4101 impenderet,
2935 4038 3012 4098 ut,
3045 4031 3141 4100 qui
3173 4031 3589 4102 expeditionem
3639 4028 3805 4079 contra

2199 4123 2423 4176 Graecos
2481 4119 2563 4174 vel
2608 4119 2780 4174 fando
2830 4120 3169 4186 nominaret,
3213 4120 3443 4175 auditus
3489 4130 3646 4173 nemo
3673 4121 3804 4166 exeo

2202 4216 2457 4280 tempore
2489 4208 2780 4272 fuerit,sed
2805 4207 2862 4263 in
2894 4207 3326 4264 necessitatibus
3364 4207 3682 4273 deliciisque
3707 4195 3803 4251 sui!

2201 4296 2932 4368 perdebat.|ndejactatum
2967 4297 3210 4368 Bagdadi
3261 4297 3367 4353 fuit
3418 4295 3632 4365 vulgare
3680 4281 3800 4343 illud

2199 4402 2474 4454 scomma,
2524 4385 2826 4441 multatum
2877 4386 3153 4442 Chalifam
3197 4404 3229 4441 a
3277 4385 3601 4442 Bochteiaro
3656 4378 3800 4432 fuisse

2197 4477 2486 4546 (tanquam
2522 4475 2851 4532 inferiorem
2880 4493 2914 4530 a
2939 4476 3177 4546 potiore,
3207 4483 3304 4531 aut
3335 4482 3550 4532 sontem
3595 4487 3624 4526 α
3674 4478 3797 4536 μηδ’

2120 4556 2166 4622 D
2198 4571 2359 4636 tore).

2842 4672 2880 4728 l.
2913 4672 2952 4728 l.
2986 4689 3041 4745 p.
3073 4672 3197 4728 513.

2266 4780 2434 4835 Anno
2464 4779 2875 4851 CCCLXIl(qui
2904 4778 2998 4834 die
3031 4781 3089 4834 11
3125 4778 3458 4834 Oet.A.Cbr.
3489 4776 3589 4830 972
3631 4764 3793 4837 capit)

2196 4868 2531 4925 excurrebat
2569 4867 2932 4924 Domesticus
2987 4869 3047 4923 in
3099 4876 3337 4924 tractum
3401 4858 3791 4951 Majafarekinaa,

2195 4974 2361 5029 quem
2410 4957 2858 5027 deprtndabatur.
2906 4958 3050 5012 Huic
3094 4959 3402 5014 Muslemos
3443 4949 3791 5010 contemnenti

2195 5055 2250 5103 et
2279 5048 2508 5103 incauto
2557 5046 2874 5102 immitebat
2929 5047 3304 5102 Abu-Tablab
3361 5043 3650 5102 exercitum
3677 5045 3787 5127 culti

2195 5135 2384 5204 fratre,
2444 5135 2755 5203 Hebatslla,
2811 5135 2908 5204 qui
2992 5135 3187 5205 pralio
3272 5145 3593 5206 congressus
3669 5119 3786 5178 fudit

2193 5280 2264 5335 ad
2319 5294 2538 5334 annum
2588 5278 2694 5333 353
2743 5277 2930 5333 refert.
2986 5277 3126 5332 Nam
3177 5280 3323 5347 quod
3369 5276 3442 5333 ibi
3489 5271 3566 5327 bis
3615 5267 3787 5347 legitur

2194 5353 2347 5422 regio
2369 5350 2872 5425 Kerdw,vitiosum
2905 5357 2986 5425 est
3012 5357 3066 5404 et
3099 5338 3369 5425 Malazcal‘
3414 5338 3782 5425 Γεροηβυίξξῖψῖ

2192 5409 2354 5478 Forte
2384 5409 2682 5478 conciliari
2711 5421 2932 5491 possint
2963 5423 3022 5475 in
3078 5422 3190 5476 duo
3241 5409 3508 5491 auctores,
3555 5411 3600 5467 si
3651 5409 3780 5491 dici}

2191 5493 2480 5550 Romanos
2509 5493 2655 5548 hanc
2690 5480 2902 5559 arcem,
2964 5507 3138 5562 quam
3189 5507 3341 5548 anno
3385 5480 3777 5562 353ceperaoit.

2191 5564 2461 5631 deinceps
2489 5565 2769 5631 amisisse,
2806 5574 2860 5620 et
2908 5561 3014 5620 hoc
3067 5563 3301 5620 demum
3346 5573 3528 5616 rursus
3575 5561 3781 5616 recupe-

2193 5652 2365 5694 resse.
2400 5652 2460 5694 ﬂ.
