4078 6204
328 406 478 468 1021

1130 406 1233 466 DE
1278 402 1726 463 NllePHOliO
1770 395 2019 459 PHOCA
2066 394 2165 453 ΕΤ
2208 393 2512 455 JOANNE
2554 394 2942 456 TZIMISCE.

3593 394 3745 453 1022

324 543 576 611 Graecos,
647 543 943 613 ipsumque
1002 539 1151 610 cepit
1218 538 1646 605 Domesticum;
1705 553 1865 608 quem
1918 537 1973 590 in

2093 548 2442 603 Domesticus
2473 549 2531 603 in
2562 548 2850 613 morbum,
2878 548 3025 603 unde
3054 546 3240 618 periit,
3279 546 3528 603 invalida
3562 545 3738 604 medi-

326 633 569 689 vinculis
599 634 667 687 ad
718 633 943 688 fratrem
992 632 1168 687 misit.
1204 632 1276 685 Ea
1305 630 1365 686 in
1396 629 1649 685 custodia
1690 629 1977 687 incidebat

2088 636 2242 703 cina,
2276 654 2446 706 quam
2470 638 2831 705 Abu-Taglab
2854 638 2959 709 ipsi
2993 637 3317 693 adhibebat.

451 946 613 1037 III.
667 946 831 1038 EX
913 945 1768 1038 CEMALEDDINI
1847 948 2547 1046 ANNALIBUS
2621 950 3599 1047 HALEBENSIBUS.

395 1298 512 1353 Hoc
535 1313 689 1353 anno
719 1296 776 1367 (i.
810 1313 861 1352 e.
891 1313 1042 1353 anno
1078 1297 1220 1368 fuga:
1244 1298 1368 1368 357)
1400 1296 1729 1353 cxcurrebat
1772 1314 1976 1368 agmen

318 1385 730 1451 Romanorum,
789 1394 903 1440 tum
954 1386 1230 1455 peditum,
1275 1391 1393 1440 tum
1439 1384 1718 1457 equitum,
1772 1403 1837 1440 ex
1874 1389 1977 1453 eis,

320 1475 416 1544 qui
452 1474 660 1529 tinihus
710 1473 932 1542 imperii
985 1474 1209 1528 tuendis
1257 1472 1444 1529 relicti
1496 1483 1700 1541 erant;
1736 1490 1976 1530 numero

321 1567 545 1619 erantV
569 1561 770 1618 millia.
791 1562 1047 1617 Primum
1069 1579 1270 1633 agrum
1293 1563 1662 1618 llalebensem
1682 1564 1974 1633 petebant.

321 1652 471 1715 Quos
502 1668 634 1707 cum
664 1668 963 1724 aggressus
993 1656 1143 1707 esset
1187 1652 1509 1723 Karghujah
1558 1668 1687 1713 cum
1721 1653 1973 1708 exercitu

322 1740 649 1807 Halehensi,
699 1746 899 1809 captus
964 1750 1098 1796 est:
1152 1742 1273 1810 ipse
1335 1743 1563 1811 quidem
1631 1740 1795 1810 paulo
1852 1745 1977 1810 post

323 1832 523 1896 evasit,
567 1831 741 1900 cepiae
798 1839 987 1885 autem
1036 1830 1161 1900 ejus
1212 1831 1416 1899 fugata
1460 1838 1613 1893 sunt,
1666 1830 1860 1884 multis
1906 1846 1975 1886 ex

327 1919 667 1975 satellitibus
717 1918 1094 1974 Seifeddaulae
1125 1937 1156 1972 a
1191 1919 1462 1974 Romanis
1514 1919 1714 1988 captis.
1764 1920 1976 1975 Deinde

325 2008 632 2079 imperator
664 2009 1046 2064 Romanorum
1072 2008 1783 2065 Maahrra—Alnohmanam
1814 2010 1981 2065 ador-

327 2106 417 2153 tus
448 2107 551 2166 est,
577 2100 896 2171 oppidoque
927 2100 1159 2169 potitus,
1192 2100 1382 2155 fanum
1415 2101 1729 2163 maximum
1762 2112 1813 2156 et
1855 2117 1978 2155 ma-

322 2188 509 2258 jorem
538 2189 905 2244 aediﬁciorum
943 2197 1154 2259 partem
1192 2190 1546 2258 diruijussit.
1576 2192 1777 2244 Eodem
1806 2191 1973 2245 modo

323 2277 387 2333 in
418 2277 1016 2334 Maahrra-Mazrinam
1071 2278 1355 2347 saviobat,
1399 2279 1520 2334 vites
1573 2287 1760 2334 tamen
1812 2280 1970 2334 ineo-

2158 1301 2615 1371 Karghujahum,
2648 1304 2743 1373 qui
2792 1304 3098 1374 Hadjibus,
3141 1304 3177 1357 i.
3211 1320 3272 1360 ρ.
3311 1319 3503 1358 comes
3552 1300 3746 1371 palatii

2084 1389 2528 1446 Saahdaddaulaa
2577 1401 2711 1458 erat,
2755 1410 3041 1448 summam
3106 1409 3289 1447 rerum
3340 1390 3741 1446 Halebensium

2085 1477 2192 1532 sibi
2235 1496 2545 1549 arrogasse,
2582 1484 2899 1554 urbemque
2934 1482 3230 1545 Halebum,
3280 1497 3409 1535 arce
3438 1488 3743 1542 exstructa,

2086 1567 2376 1638 murisque
2406 1571 2650 1636 refectis,
2684 1572 3014 1637 munivisse,
3046 1572 3200 1627 socio
3233 1568 3391 1640 regni
3434 1570 3579 1623 facto
3612 1567 3748 1622 Bac-

2084 1656 2269 1725 djuro,
2320 1659 2412 1713 cui
2452 1676 2660 1716 nomen
2694 1661 2875 1715 Emiri
2923 1662 3165 1714 inditum
3196 1661 3309 1723 sit;
3346 1659 3745 1726 imperatorem

2083 1750 2271 1800 autem
2302 1746 2715 1814 Romanorum,
2768 1750 2872 1803 hoc
2914 1750 3125 1814 audito,
3163 1749 3398 1801 domum
3458 1760 3744 1800 reversum

2084 1856 2250 1905 esse;
2286 1838 2495 1893 factum
2525 1856 2647 1893 esse
2692 1839 2798 1894 hoc
2828 1855 2982 1894 anno
3012 1840 3115 1893 358
3150 1854 3343 1891 mense
3376 1835 3699 1890 Mnharrem
3728 1851 3743 1900 ;

2084 1929 2290 1985 deinde
2349 1928 2866 1993 Saahdaddaulam,
2918 1928 3197 1982 sociorum
3253 1942 3419 1980 manu
3484 1923 3745 1989 collecta,

2086 2034 2283 2073 mense
2315 2017 2684 2071 Ramadhano
2718 2017 2989 2072 Halebum
3027 2030 3391 2086 Oppugnasse
3424 2020 3476 2068 et
3511 2028 3744 2066 manum

2082 2123 2214 2163 eum
2249 2106 2571 2175 Karghujah
2604 2116 2658 2160 et
2696 2107 2976 2176 Bacdjuro
3024 2107 3415 2168 conseruisse;
3451 2112 3573 2156 tum
3614 2116 3746 2170 per-

2083 2198 2161 2266 git
2217 2196 2255 2265 :)
2305 2195 2541 2263 Scripsit
2595 2194 2799 2251 deinde
2847 2194 3173 2264 Karghujah
3224 2195 3291 2248 ad
3348 2193 3631 2247 Romanos
3683 2195 3746 2244 et

2084 2286 2391 2340 Patricium
2442 2285 2772 2355 quemdam,
2815 2283 2931 2354 Equi
2975 2286 3033 2339 in
3086 2283 3295 2338 finibus
3342 2281 3573 2336 ditionis
3624 2281 3740 2335 Ro-

323 2366 533 2434 larum,
588 2383 832 2438 quorum
896 2366 1039 2423 MCC
1085 2375 1269 2435 erant,
1330 2369 1602 2438 pepercit,
1660 2384 1866 2437 eosquo
1916 2371 1972 2423 in
2007 2366 2051 2429 Β
2085 2389 2264 2427 manas
2297 2373 2650 2439 versabatur,
2703 2373 2938 2440 rogavit,
2986 2382 3037 2426 ut
3084 2372 3191 2425 sibi
3242 2371 3453 2425 auxilio
3500 2369 3740 2423 veniret.

321 2457 597 2513 ditionem
647 2462 961 2512 Romanam
1011 2457 1260 2527 captivos
1307 2458 1673 2512 abducendos
1734 2460 1971 2514 curavit.

321 2549 465 2604 Tum
518 2562 817 2617 aggressus
868 2554 947 2600 est
1009 2546 1399 2601 Cal‘erthabam
1469 2556 1521 2601 et
1589 2547 1972 2615 Schaizaram,

323 2638 487 2706 cujus
535 2637 807 2705 templum
857 2636 1192 2700 combussit,
1248 2651 1430 2703 neque
1471 2634 1636 2689 aliter
1679 2640 1974 2692 Hamatam

326 2726 627 2792 tractavit;
676 2725 874 2779 Himza
905 2724 1112 2780 deinde
1160 2735 1500 2794 expugnata,
1533 2742 1735 2781 omnes
1780 2728 1874 2796 qui
1907 2742 1974 2781 eo

328 2815 700 2884 confugerant
732 2811 986 2884 captivos
1038 2813 1191 2868 fecit.
1228 2816 1369 2868 Tum
1409 2815 1643 2868 lrcatam
1676 2816 1973 2883 impugna-

330 2906 427 2968 vit,
497 2920 607 2975 qua
666 2902 804 2959 urbe
866 2911 1027 2971 capta
1088 2903 1412 2975 incolisque
1477 2904 1534 2956 in
1586 2904 1974 2973 captivitatem

330 2995 592 3063 redactis,
646 2994 716 3049 ad
763 2992 1020 3062 Tripolin
1073 3009 1253 3062 usque
1303 3010 1634 3063 progressus
1680 3001 1822 3062 est;
1879 2996 1975 3050 sed

329 3102 460 3142 cum
494 3084 747 3150 vidisset,
779 3082 1047 3138 suburbia
1078 3082 1149 3136 ab
1200 3082 1404 3138 incolis
1429 3084 1546 3152 jam
1599 3083 1772 3139 fuisse
1817 3100 1974 3139 com—

331 3176 515 3240 busta,
566 3173 856 3243 Djabalam
906 3188 964 3227 se
1011 3174 1310 3240 convertit,
1347 3189 1456 3242 qua
1490 3174 1719 3243 potitus,
1779 3174 1971 3228 Laodi-

330 3281 487 3321 ceam
520 3264 695 3318 duxit.
727 3262 1008 3317 Convenit
1046 3276 1175 3316 eum
1203 3261 1676 3317 Abn’l-liosainus
1707 3262 1974 3318 Ali-Ben-

329 3348 1270 3417 Ibmhim-Ben-Jusuf-All'uzaiz,
1336 3350 1567 3421 quicum
1650 3354 1974 3421 pactionem

330 3443 461 3499 fecit
490 3458 558 3497 ea
600 3441 946 3505 conditione,
978 3447 1035 3493 ut
1084 3439 1312 3495 obsides
1344 3456 1413 3493 ex
1462 3440 1601 3494 urbe
1650 3440 1757 3495 sibi
1792 3441 1978 3494 trade-

330 3539 565 3597 rentur;
597 3529 840 3584 aSseruit
871 3538 1057 3582 autem
1091 3527 1208 3593 ille,
1240 3527 1603 3598 imperatoris
1632 3543 1695 3583 se
1738 3543 1859 3582 esse
1884 3543 1977 3582 co-

332 3628 565 3693 gnatum
614 3626 668 3672 et
722 3632 854 3672 cum
912 3616 1202 3671 Romanus
1255 3616 1496 3684 Inajores
1540 3616 1658 3685 ejus
1715 3618 1978 3685 agnovis-

2083 2462 2205 2528 Hic,
2250 2477 2397 2516 unus
2447 2462 2846 2517 eunuchorum
2896 2460 3225 2530 Nicephori,
3280 2461 3510 2514 nomine
3553 2459 3740 2512 Thor-

2086 2552 2224 2619 hasi,
2280 2551 2472 2618 copias
2533 2550 2751 2617 eduxit,
2800 2552 2935 2619 itum
2985 2560 3170 2603 autem
3224 2550 3328 2603 iter
3384 2546 3744 2602 Antiochiam

2084 2653 2277 2694 versas
2316 2639 2544 2694 deﬂexit
2609 2646 2833 2707 propter
2886 2640 3029 2691 hanc
3097 2654 3350 2702 causam,
3399 2638 3543 2705 quod
3598 2635 3744 2688 inter

2083 2728 2481 2797 imperatorem
2533 2728 2943 2791 Romanorum,
2997 2727 3237 2791 cumis,
3279 2740 3469 2780 secum
3522 2724 3739 2779 ducens

2082 2820 2336 2887 captivos
2379 2826 2431 2872 et
2485 2818 2756 2886 praedam,
2808 2825 2865 2872 ut
2914 2833 3090 2887 supra
3141 2815 3407 2870 traditum
3467 2822 3569 2875 est,
3625 2816 3738 2866 Bn-

2086 2912 2173 2961 Kae
2236 2907 2313 2978 (9)
2361 2916 2705 2970 versaretur,
2782 2914 2835 2960 et
2906 2905 3124 2962 incolas
3177 2906 3343 2973 hujus
3412 2903 3588 2967 urbis,
3647 2901 3741 2971 qui

2083 2996 2385 3051 Christiani
2448 3002 2628 3060 erant,
2694 2997 3077 3060 convenisset,
3152 3004 3207 3048 ut
3256 2994 3314 3047 hi
3377 2991 3740 3047 Antiochiam

2085 3086 2416 3154 migrarent.
2464 3084 2805 3139 simulantes
2835 3101 2893 3140 se
2938 3092 3088 3138 metu
3134 3087 3518 3137 Romanorum
3568 3079 3750 3133 domi-

2083 3176 2215 3230 cilia
2272 3174 2586 3244 reliquisse,
2650 3174 2727 3228 ita
2796 3181 2853 3227 ut
2918 3175 3046 3227 istic
3099 3172 3416 3227 habitantes
3474 3169 3749 3224 Romanis

2084 3265 2444 3321 Antiochiam
2500 3264 2798 3319 obsidione
2848 3263 3169 3333 petentibus
3213 3262 3281 3315 ad
3333 3260 3526 3315 urbem
3560 3273 3749 3327 expu-

2087 3354 2373 3423 gnandam
2424 3351 2698 3406 auxilium
2753 3354 2982 3405 ferrent.
3039 3349 3158 3411 Quo
3222 3349 3375 3403 facto
3437 3346 3746 3400 consilium

2086 3458 2215 3497 cum
2267 3440 2606 3497 Christianis
2658 3440 2967 3494 Antiochia
3029 3437 3235 3493 incolis
3292 3437 3645 3504 conjunxere
3693 3442 3747 3488 et

2086 3532 2464 3587 Thorbasium
2512 3530 2808 3586 certiorem
2856 3529 3057 3595 fecere,
3111 3543 3341 3582 vacuam
3393 3542 3517 3581 esse
3552 3525 3748 3579 urbem

2087 3628 2140 3674 et
2171 3620 2434 3687 praefecto
2462 3620 2815 3674 destitutam.
2853 3617 3056 3673 Incolae
3087 3625 3274 3671 autem
3314 3616 3468 3670 urbis
3499 3614 3752 3668 Muham-

333 3717 440 3780 sel,
472 3707 824 3776 Sardeghum
871 3706 1236 3775 (Strategum)
1270 3721 1395 3759 eum
1445 3705 1691 3769 creavit;
1738 3706 1839 3761 hac
1874 3707 1980 3760 ita-
2012 3731 2055 3798 ρ
2099 3710 2330 3765 medani
2379 3725 2570 3763 muros
2613 3708 2979 3764 deseruerant
3025 3712 3074 3760 et
3111 3705 3552 3777 negligentiores
3594 3709 3756 3758 erant

332 3814 441 3869 que
474 3797 691 3852 ratione
724 3794 1042 3849 incolumes
1087 3798 1385 3849 evaserunt
1435 3794 1721 3853 Laodicea:
1753 3794 1977 3852 incolae.

333 3889 473 3942 Inde
517 3883 881 3941 Antiochiam
935 3883 1152 3939 ducens
1202 3883 1261 3937 in
1314 3888 1589 3952 potestate
1638 3898 1739 3937 sua
1799 3884 1981 3938 tenuit

334 3974 569 4042 100,000
616 3972 988 4041 captivorum,
1051 3985 1374 4042 puerorum,
1424 3973 1763 4041 puellarum,
1812 3972 1981 4040 juve-

330 4078 621 4135 numque;
657 4077 787 4117 nam
824 4062 925 4116 hos
956 4060 1105 4115 solos
1125 4062 1375 4129 captivos
1410 4060 1638 4125 fecerat,
1668 4062 1806 4116 viris
1824 4069 1875 4115 et
1909 4062 1984 4117 fe-

332 4154 508 4211 minis
536 4151 902 4222 provectioris
947 4151 1151 4214 aetatis,
1203 4155 1372 4219 atque
1417 4150 1653 4206 senibus
1680 4159 1778 4204 aut
1808 4150 1980 4205 inter-

334 4244 498 4300 fectis
540 4248 636 4295 aut
667 4239 936 4295 dimissis.
970 4237 1188 4293 Dicitur
1241 4239 1477 4303 omnino
1527 4240 1582 4293 in
1622 4239 1725 4294 hac
1754 4238 1982 4308 espedi-

332 4335 492 4389 tione
524 4330 589 4386 18
627 4330 904 4400 suggestis
937 4328 1014 4398 (7)
1049 4327 1259 4398 potitus
1299 4343 1460 4395 esse;
1507 4328 1757 4384 vicorum
1790 4333 1982 4384 autem

339 4438 479 4493 quos
508 4419 740 4491 diripuit
769 4428 824 4474 et
850 4416 1187 4482 combussit,
1214 4433 1488 4475 numerus
1517 4418 1743 4473 definiri
1768 4417 1982 4487 nequit.

412 4510 620 4575 Castris
669 4515 800 4563 ante
833 4506 1193 4565 Antiochiam
1242 4507 1462 4577 positis,
1513 4523 1700 4577 neque
1730 4523 1862 4563 cum
1896 4507 1983 4561 in-

341 4602 483 4659 colis
532 4612 762 4653 manum
796 4595 1102 4663 conseruit,
1136 4611 1321 4665 nequc
1365 4596 1605 4652 omnino
1637 4595 1881 4667 legatum
1912 4595 1985 4649 ad

343 4708 439 4749 eos
484 4688 658 4757 misit,
708 4687 805 4742 sed
856 4684 1147 4741 castellum
1180 4701 1212 4740 e
1260 4685 1491 4757 regione
1536 4685 1854 4741 Antiochia:
1885 4701 1985 4741 ex-

343 4780 567 4845 struxit,
598 4776 762 4848 eique
810 4774 1122 4843 prmposuit
1170 4773 1507 4830 Michaelem
1542 4775 1787 4844 Albordji
1820 4775 1986 4846 (Bur-

344 4871 536 4936 tzam),
567 4866 734 4935 cujus
764 4863 914 4919 dicto
952 4862 1253 4925 audientes
1294 4878 1416 4918 esse
1454 4864 1604 4933 jussi
1635 4872 1766 4918 sunt
1816 4864 1991 4918 duces

342 4956 641 5015 limitanei.
674 4957 819 5011 Cum
842 4967 1034 5007 rumor
1075 4950 1223 5007 inter
1266 4950 1527 5017 homines
1555 4951 1989 5020 percrebuisset,

345 5049 402 5105 id
435 5044 659 5101 consilii
709 5042 965 5097 Romano
1014 5055 1161 5104 esse,
1213 5044 1274 5094 ut
1308 5045 1477 5095 totam
1516 5040 1757 5095 hiemem
1790 5040 1992 5096 Antio-

343 5136 533 5194 chiam
565 5131 865 5190 obsidione
894 5130 1141 5185 cinctam
1189 5136 1425 5198 teneret,
1457 5129 1715 5198 aliasque
1746 5128 1994 5187 mitteret

342 5226 553 5295 cepias.
618 5219 893 5276 llalehum
955 5228 1371 5289 oppugnatum,
1426 5217 1743 5288 Karghnjah
1813 5218 1991 5273 Saah-

342 5311 637 5370 daddaulas
683 5310 759 5381 (8)
810 5307 1105 5379 persuasit,
1174 5315 1233 5360 ut
1277 5304 1551 5361 Halebum
1625 5306 1990 5376 relinqueret,

345 5420 417 5459 nc
466 5402 525 5458 in
574 5399 711 5455 urbe
779 5397 1163 5452 obsideretur.
1218 5398 1441 5464 (Narrat
1491 5395 1696 5451 deinde
1765 5403 1989 5466 auctor,

438 5567 492 5636 7)
538 5564 579 5636 Ι.
613 5579 661 5618 e.
698 5559 957 5636 urbibus.
1013 5558 1108 5636 ubi
1157 5558 1385 5636 condita
1430 5565 1594 5613 erant
1641 5559 1877 5636 templa2
1925 5560 1988 5636 L.

438 5567 492 5636 7)
538 5567 579 5618 Ι.
613 5579 661 5618 e.
698 5567 957 5614 urbibus.
1013 5567 1108 5612 utri
1157 5567 1385 5612 condita
1430 5567 1594 5613 erant
1641 5567 1876 5628 tempta.
1925 5567 1988 5616 L.

349 5567 495 5768 alii)
527 5635 667 5761 [lilio
719 5629 1115 5696 Seit‘eddaulae,
1167 5629 1238 5684 de
1282 5644 1393 5700 quo
1442 5644 1611 5700 supra
1656 5629 1822 5686 verba
1852 5631 1990 5689 feci-

2096 3796 2154 3853 in
2218 3798 2355 3854 urbe
2403 3798 2796 3863 custodienda,
2850 3812 2980 3851 cum
3035 3796 3314 3851 exercitus
3360 3798 3648 3849 Romanus
3686 3793 3757 3847 ad

2091 3888 2182 3944 XL
2217 3887 2395 3953 milia,
2455 3887 2697 3943 ducibus
2748 3886 3059 3942 Thorbasio
3104 3893 3156 3941 et
3186 3885 3380 3940 .lasino
3429 3883 3757 3939 ben-Scho-

2092 3978 2412 4045 meschkik,
2462 3978 2858 4047 aggrederetur
2916 3979 2972 4029 et
3030 3975 3391 4030 Antiochiam
3456 3973 3757 4028 obsidione

2093 4069 2365 4136 cingeret.
2415 4067 2616 4121 incolae
2658 4065 2830 4119 Bukaa
2874 4080 2942 4119 ea
2981 4080 3147 4134 quam
3198 4069 3501 4120 tenuerunt
3541 4065 3760 4118 summi

2099 4157 2255 4210 muri
2305 4163 2458 4224 parte
2508 4154 2924 4209 descenderunt
2992 4163 3044 4207 et
3094 4154 3302 4207 moenia
3364 4153 3520 4205 urbis
3584 4166 3758 4205 vacua

2094 4244 2501 4313 reliquerunt;
2564 4247 2684 4297 tum
2753 4241 3134 4296 ascenderunt
3209 4241 3444 4297 Romani
3508 4247 3559 4292 et
3615 4238 3755 4293 urbe

2094 4332 2253 4404 politi
2325 4340 2477 4387 sunt.
2544 4332 2771 4387 Factum
2846 4330 2951 4385 hoc
3028 4338 3108 4384 est
3179 4338 3345 4384 nocte
3417 4330 3483 4381 13
3542 4326 3757 4383 mensis

2093 4421 2465 4489 Dsulhidjdjre
2497 4420 2635 4476 anni
2683 4420 2807 4474 358.
2858 4419 3227 4474 Penetrarnnt
3275 4419 3510 4473 Romani
3562 4420 3615 4472 in
3663 4433 3756 4473 ur-

2098 4514 2245 4579 bem,
2279 4509 2715 4566 combusserunt
2747 4515 2799 4564 et
2830 4509 3081 4578 captivos
3123 4508 3398 4577 fecerunt,
3434 4508 3538 4562 fuit
3566 4513 3754 4562 autem

2096 4619 2208 4660 nox
2243 4600 2582 4657 Nativitatis.
2614 4602 2756 4653 Cum
2791 4597 3034 4652 Romani
3077 4606 3325 4653 montem
3375 4596 3528 4653 urbis
3557 4614 3757 4654 ascen-

2098 4694 2333 4759 dissent,
2402 4690 2825 4760 prehenderunt
2892 4688 3151 4743 custodes
3217 4695 3271 4743 et
3318 4687 3399 4742 eis
3447 4689 3754 4751 dixerunt:

2106 4800 2127 4828 ι
2162 4781 2400 4835 Laudate
2443 4786 2495 4833 et
2541 4778 2837 4847 praedicate
2872 4777 3049 4830 Deum
3100 4792 3393 4845 magnum.
3431 4799 3457 4825 ι)
3499 4778 3605 4841 Qui
3646 4779 3758 4835 hoc

2102 4884 2215 4924 non
2269 4866 2482 4933 fecerit,
2549 4866 2700 4921 hunc
2762 4864 3189 4919 interfecerunt.
3254 4864 3523 4921 Custodes
3568 4868 3757 4938 itaque

2104 4958 2560 5029 proclamarunl;
2593 4977 2621 5004 α
2657 4955 2898 5027 Magnus
2943 4962 3025 5009 est
3073 4954 3225 5009 Deus
3259 4971 3440 5026 neque
3476 4958 3622 5013 Deus
3674 4966 3761 5014 est

2106 5053 2303 5116 prater
2324 5060 2476 5100 eum.
2506 5064 2533 5092 ιι
2568 5046 2686 5109 Qua
2716 5044 2942 5113 quidem
2982 5059 3041 5099 re
3079 5044 3339 5113 impediti
3371 5055 3500 5100 sunt
3534 5046 3758 5113 incolae,

2106 5152 2215 5206 quo
2263 5133 2456 5189 minus
2504 5148 2696 5188 verum
2740 5147 2930 5187 rerum
2980 5140 3186 5187 statum
3218 5134 3759 5218 animadverterent,

2103 5227 2285 5281 donec
2336 5223 2580 5280 Romani
2637 5221 2907 5277 omnibus
2959 5222 3209 5277 turribus
3264 5223 3421 5291 potiti
3471 5224 3681 5279 fuerint
3707 5228 3763 5279 et

2100 5330 2299 5370 omnes
2356 5330 2471 5370 una
2523 5313 2832 5369 clamorem
2893 5313 3197 5368 ediderint.
3250 5314 3481 5379 Omnes,
3542 5316 3639 5387 qui
3688 5316 3760 5370 ad

2100 5411 2316 5474 portam
2378 5403 2666 5473 Aldjenau
2711 5402 2985 5473 (hortum)
3030 5402 3240 5458 dictam
3290 5405 3583 5473 pervenire
3628 5422 3759 5474 pro-

2170 5565 2250 5635 (9)
2281 5568 2365 5619 Ex
2415 5563 2520 5618 hoc
2570 5563 2693 5635 loco
2730 5568 2962 5635 apparet
3010 5562 3280 5635 mendose
3326 5580 3532 5635 nomen
3578 5564 3763 5633 scrip-

2101 5633 2389 5765 inmisso
2446 5651 2539 5706 ap.
2590 5633 2949 5707 AbUpharag.
3010 5651 3061 5705 p.
3112 5634 3239 5701 205,
3286 5634 3381 5690 ubi
3427 5640 3573 5690 Luca
3618 5636 3759 5706 legi-

2127 5724 2215 5764 ur.
2297 5747 2309 5763 .
