4078 6204
316 268 472 328 1023

1335 273 1747 334 EXCEllPTA
1792 276 1881 333 EX
1939 271 2334 331 HISTOIlIIS
2381 272 2706 330 AltAlllIM

3575 271 3735 334 102i

316 399 615 469 perabant,
679 401 904 471 captitvi
960 401 1087 456 facti
1141 405 1292 476 sunt.
1339 406 1567 458 Caterva
1608 410 1817 470 autem,
1850 418 1972 472 quas
2003 403 2052 467 Α
2087 415 2203 455 ram
2250 399 2858 455 Muhammedanorum
2908 399 3196 472 suscipere
3242 399 3304 456 in
3333 400 3526 457 animo
3561 401 3740 459 habe-

314 488 380 542 ad
417 496 634 559 portam
667 491 837 546 maris
868 506 926 545 se
962 502 1418 563 congregaverat,
1453 493 1716 564 repagula
1743 490 1974 546 removit

319 584 379 636 et
411 581 517 638 hoc
551 583 714 638 modo
749 581 1056 638 incolumis
1089 585 1286 640 evasit.

391 669 631 725 Romani
678 670 736 725 in
787 679 979 727 monte
1031 673 1184 729 urbis
1233 691 1422 731 arcem
1477 681 1876 732 exstruxerunt
1924 683 1974 732 et

321 758 631 813 maximum
663 758 856 815 fanum
886 761 1030 817 suile
1062 764 1335 831 fecerunt,
1386 765 1621 834 posthac
1649 774 1836 820 tamen
1880 783 1975 836 pa-

320 846 563 902 triarcha
619 864 686 902 eo
736 847 860 906 loco
926 868 1025 922 pro
1076 852 1238 908 horto
1290 869 1422 909 usus
1474 861 1576 910 est.
1653 855 1797 910 Dein
1845 871 1976 910 cum

321 934 666 991 Thorbasius
724 937 998 994 Halebum
1046 941 1296 1010 duceret,
1356 949 1417 997 ut
1481 943 1756 998 auxilium
1810 943 1979 999 ferret

325 1025 639 1095 Karghujah
687 1031 742 1082 et
771 1028 1048 1099 Bacdjuro
1089 1031 1184 1101 qui
1211 1032 1282 1086 ab
1325 1031 1742 1087 Abu’lmaahlio
1770 1031 1976 1104 (Saah-

323 1113 626 1186 daddaula)
673 1120 1097 1186 oppugnatione
1147 1119 1566 1189 premebantur,
1611 1119 1976 1176 Abu’lmaab-

327 1201 458 1270 lius,
490 1204 790 1260 obsidione
827 1205 1041 1277 relicta,
1075 1209 1326 1278 primum
1355 1210 1738 1276 Chunazereh,
1771 1210 1980 1266 deinde

325 1292 579 1347 Maahrra
644 1293 944 1349 Cnohman
1020 1297 1308 1366 profectus
1364 1308 1508 1364 est;
1565 1298 1789 1354 Graacos
1848 1315 1978 1353 vero

325 1380 472 1450 cepit
525 1382 732 1450 cupido
791 1382 991 1438 Halebi
1045 1387 1394 1456 occupandae
1444 1406 1460 1448 ς
1533 1387 1730 1442 urbem
1792 1387 1981 1456 itaque

328 1478 728 1539 oppugnarunt
761 1478 812 1526 et
852 1490 883 1526 a
917 1482 1072 1542 parte
1089 1474 1517 1545 septentrionali
1544 1483 1976 1547 expugnarunt;

328 1573 437 1628 quo
469 1559 616 1614 facto
659 1575 848 1616 arcem
898 1564 1410 1619 circumsederunt.
1443 1565 1588 1620 Tum
1623 1581 1711 1620 res
1752 1566 1820 1620 ad
1855 1581 1980 1635 pac-

327 1649 539 1704 tionem
591 1648 762 1717 venit,
809 1650 966 1706 hisce
999 1653 1443 1720 conditionibus,
1496 1663 1554 1708 ut
1587 1671 1687 1725 pro
1723 1669 1976 1724 unoquo-

323 1754 430 1808 que
461 1737 734 1802 locorum,
788 1755 1126 1808 magnorum
1159 1750 1325 1812 atque
1372 1757 1690 1812 parvorum,
1722 1759 1844 1812 quas
1877 1760 1974 1813 pa-
2010 1771 2057 1837 Β

325 1834 414 1882 cto
446 1825 666 1880 inclusa
695 1836 908 1894 essent,
962 1827 1274 1884 solveretur
1319 1831 1588 1886 tributum
1636 1831 1878 1896 denarii,
1911 1832 1977 1886 16

329 1915 627 1970 drachmas
671 1915 966 1972 Islamicas
1020 1920 1196 1989 pretio
1242 1921 1558 1990 aequantia:
1611 1926 1666 1976 et
1714 1929 1980 1989 praeterea

327 2020 357 2058 e
416 2003 741 2074 regionibus
800 2006 1060 2076 pactione
1137 2008 1688 2078 comprehendendis
1743 2009 1980 2078 700,000

326 2094 721 2150 drachmarum
829 2097 1134 2164 quotannis
1219 2099 1488 2154 Romanis
1550 2101 1974 2168 penderentur.

331 2183 504 2238 Urbes
553 2185 727 2252 Himz,
775 2184 1091 2255 Dsusijjah,
1137 2187 1432 2257 Salmijjah
1486 2188 1730 2253 Hamah,
1779 2188 1974 2244 Schai-

326 2287 437 2338 zar,
483 2273 800 2338 Cal’ertbab,
857 2274 1156 2344 Afamijjah
1207 2277 1516 2347 (Apamea),
1568 2276 1976 2332 Maahrra’lno-

328 2361 520 2425 hman,
587 2361 878 2430 Halebum,
935 2363 1378 2434 Djeblalsumak,
1441 2365 1972 2432 Maahra-Maazrin,

329 2452 659 2512 Kennisrin,
736 2454 974 2508 Atsareb
1054 2471 1236 2525 usque
1311 2457 1381 2510 ad
1445 2456 1689 2512 limitem
1761 2456 1975 2526 palatii,

335 2540 482 2608 quod
555 2542 888 2596 Atsarebum
960 2543 1190 2612 attingit
1264 2550 1319 2601 et
1392 2545 1616 2601 lirmum
1704 2550 1975 2612 vocatus,

334 2626 488 2695 (tum
549 2629 808 2684 universa
867 2633 1019 2701 regio
1069 2648 1194 2702 quae
1247 2633 1594 2704 porrigitur)
1655 2650 1840 2706 usque
1908 2635 1978 2688 ad

335 2717 542 2784 Arhab,
599 2719 885 2787 Masul’an,
911 2719 1098 2776 Cimar
1136 2721 1270 2792 (l0),
1309 2723 1533 2793 Barzaja
1579 2731 1636 2778 et
1683 2739 1976 2792 campum,

333 2807 428 2875 qui
471 2823 641 2878 prope
684 2809 856 2863 Ahfas
907 2817 1010 2875 est,
1041 2827 1074 2864 a
1127 2811 1352 2866 dextera
1407 2821 1560 2880 parte
1593 2810 1830 2867 limitis:
1861 2811 1978 2866 haec

329 2898 524 2952 omnia
555 2905 997 2969 permanserunt
1026 2901 1258 2955 domino
1287 2899 1502 2966 llalebi,
1534 2905 1742 2957 cratera
1771 2902 1979 2956 Graecis

330 2986 652 3056 adjudicata
702 2993 835 3042 sunt
885 2988 1179 3058 (nimirum
1231 2997 1344 3045 tota
1388 2991 1579 3061 regio),
1622 3007 1729 3061 que
1777 3008 1808 3046 a
1839 2991 1980 3046 Bar-

330 3075 448 3145 zaja
477 3078 754 3132 orientem
792 3093 986 3132 versus
1036 3079 1366 3134 extenditur
1395 3095 1570 3150 usque
1621 3081 1688 3135 ad
1738 3080 1974 3137 ﬂuvium

332 3164 787 3221 Abu-Solaiman
829 3175 882 3221 et
916 3167 1072 3238 pylas
1103 3168 1317 3237 Sunjah
1369 3169 1570 3236 dictas,
1605 3177 1725 3224 tum
1757 3170 1826 3225 ad
1860 3169 1976 3227 Na-

333 3253 580 3325 fudsam,
615 3261 895 3310 Awanam
929 3264 980 3312 et
1012 3257 1344 3315 Tel-Hamid
1379 3267 1436 3314 et
1465 3261 1718 3316 dextram
1751 3261 1978 3332 Sadjuri

336 3343 517 3413 ripam
586 3351 640 3399 et
691 3346 920 3415 quidem
983 3362 1160 3419 usque
1233 3350 1301 3404 ad
1359 3350 1582 3405 alveum
1644 3349 1822 3419 fluvii,
1885 3351 1981 3406 ubi

331 3431 396 3488 in
430 3433 756 3506 Euphraten
811 3452 932 3492 sese
979 3446 1263 3495 exonerat.
1314 3439 1536 3496 Caetera
1588 3441 1741 3510 pacis
1788 3441 1982 3497 condi-

336 3520 527 3578 tiones
562 3523 647 3578 hie
676 3523 836 3580 fuere
862 3543 874 3581 :

405 3613 756 3683 Karghujab,
805 3619 947 3672 duce
969 3615 1202 3687 (Emiro)
1228 3617 1854 3688 Muhammedanorum,
1888 3619 1984 3687 qui

335 3701 396 3756 in
431 3701 536 3756 hac
584 3703 861 3772 dignitate
911 3720 1242 3773 permanere
1291 3706 1546 3771 deberet,
1605 3715 1844 3775 mortuo,
1896 3723 1985 3763 res

338 3789 644 3844 tradendas
691 3805 818 3846 esse
862 3793 1160 3861 Bacdjuro,
1211 3809 1320 3862 quo
1365 3793 1636 3850 defuncto
1677 3795 1748 3850 ab
1804 3795 1986 3865 impe-

342 3886 527 3935 ratore
573 3882 828 3936 Romano
875 3881 1203 3952 eligendum
1255 3898 1381 3938 esse
1427 3885 1627 3939 ducem
1671 3900 1738 3940 ex
1781 3883 1986 3940 incolis

342 3968 608 4036 Halebis;
643 3969 936 4027 Muslemis
965 3979 1151 4026 autem
1185 3987 1297 4028 non
1327 3987 1452 4028 esse
1476 3972 1568 4042 jus
1598 3973 1851 4044 cujusvis
1880 3973 1984 4028 du-

342 4059 426 4114 cis
453 4060 861 4117 constituendi.
907 4063 952 4116 A
984 4060 1319 4117 Christianis
1373 4061 1599 4118 nullum
1633 4079 1731 4133 per
1776 4063 1988 4119 hancce

340 4149 615 4206 ditionem
649 4150 924 4206 tributum
949 4166 1071 4207 esse
1099 4151 1463 4222 exigendum,
1495 4151 1564 4206 iis
1591 4154 1988 4209 tantummodo

340 4240 618 4310 exceptis,
653 4238 749 4310 qui
781 4241 860 4296 ibi
887 4241 1120 4296 domum
1153 4249 1248 4296 aut
1279 4241 1475 4296 villam
1514 4243 1904 4311 possiderent;
1938 4243 1990 4298 si

339 4328 633 4384 adveniret
683 4331 964 4386 exercitus
1015 4328 1403 4398 Muslemicus,
1453 4332 1873 4401 expeditionem
1928 4332 1989 4386 in

341 4432 554 4474 nomen
599 4418 918 4475 Romanum
969 4420 1247 4484 facturus,
1312 4419 1734 4475 defendendum
1785 4436 1912 4476 esse
1957 4439 1988 4476 a

2083 497 2207 545 rent
2255 490 2560 560 imperator
2590 494 2647 545 et
2695 491 2808 546 dux
2858 491 3150 562 capiarum
3183 489 3597 557 Romanorum,
3627 493 3741 547 ob-

2082 580 2229 635 viam
2276 582 2532 636 eundum
2580 596 2702 636 esse
2754 598 2786 634 a
2830 580 3108 650 Bacdjuro
3160 595 3342 649 usque
3387 581 3456 634 ad
3513 580 3734 644 locum,

2083 669 2181 726 ubi
2236 671 2578 743 imperatum
2613 671 2664 726 ei
2706 671 2905 727 fuisset
2936 689 2949 740 ;
2979 678 3150 742 atque
3197 669 3479 740 Bacdjuro
3509 671 3738 726 Roma-

2082 775 2221 815 num
2255 777 2356 830 per
2381 760 2655 816 ditionem
2689 761 2845 832 pacis
2879 761 3212 829 comitante,
3247 776 3361 815 non
3393 760 3738 830 fugiendum

2081 864 2205 905 esse
2243 849 2314 905 ab
2361 847 2583 906 incolis‘
2613 851 2910 914 vicorum;
2956 849 3037 905 ita
3086 857 3145 904 ut
3189 857 3402 905 emeret
3451 851 3746 906 exercitus

2085 937 2370 994 Romanus
2425 955 2534 1009 quo
2592 955 2734 1010 Opus
2764 939 2846 995 eis
2875 947 3043 1008 esset,
3094 945 3301 1010 praeter
3331 945 3741 1009 stramentum,

2083 1052 2192 1108 quo
2226 1053 2326 1105 pro
2356 1052 2512 1093 more
2545 1036 2751 1094 bellico
2795 1037 2952 1093 nulla
2996 1036 3283 1092 solutione
3332 1035 3476 1092 facta
3509 1052 3734 1108 suppe—

2084 1125 2383 1181 ditandum
2433 1132 2617 1194 esset;
2651 1144 2684 1180 a
2713 1126 2857 1181 duce
2904 1125 3510 1181 Muhammedanorum
3556 1140 3742 1196 usque

2084 1216 2153 1271 ad
2185 1216 2329 1270 ﬁnes
2378 1215 2600 1271 obviam
2633 1231 2762 1271 esse
2821 1217 3074 1272 eundum
3129 1215 3306 1286 copiis
3335 1215 3629 1282 Romanis,
3677 1224 3751 1270 ut

2085 1297 2166 1352 eis
2232 1300 2438 1366 prmsto
2491 1301 2674 1363 esset;
2708 1311 2830 1366 qua:
2892 1311 3026 1352 cum
3093 1303 3250 1351 extra
3303 1297 3448 1352 ﬁnes
3507 1311 3753 1366 egressae

2085 1393 2291 1450 essent,
2322 1384 2541 1440 licitum
2565 1400 2690 1440 esse
2718 1385 2908 1440 Emiro
2931 1385 2990 1440 in
3020 1385 3298 1440 ditionem
3321 1401 3483 1440 suam
3510 1386 3749 1456 reverti,

2084 1475 2140 1528 Si
2187 1474 2611 1546 expeditionem
2643 1473 2893 1530 facerent
2925 1474 3165 1530 Romani
3196 1483 3396 1530 contra
3427 1483 3636 1531 sectam
3667 1475 3744 1529 ab

2087 1562 2298 1618 Islamo
2345 1562 2648 1633 diversam,
2713 1563 3181 1633 conjungendum
3241 1579 3367 1620 esse
3419 1564 3735 1620 exercitum

2088 1651 2260 1708 Emiri
2292 1669 2424 1710 cum
2455 1657 2714 1710 Romano
2749 1662 2802 1710 et
2832 1653 3197 1710 consiociatis
3244 1654 3425 1710 armis
3456 1653 3746 1709 dimican’

2087 1743 2247 1809 dum,
2286 1747 2412 1798 utut
2436 1743 2635 1812 jussus
2685 1743 2856 1798 fuerit
2891 1743 3132 1799 Emirus.
3165 1743 3224 1797 Si
3255 1743 3442 1813 quivis
3471 1759 3540 1799 ex
3569 1743 3744 1797 Mus-

2088 1831 2252 1888 lemis
2311 1831 2646 1904 religionem
2715 1831 3097 1888 Christianam
3167 1831 3464 1902 amplexus
3513 1833 3744 1900 fuisset,

2087 1923 2170 1977 nil
2221 1926 2426 1978 contra
2473 1937 2603 1978 eum
2638 1921 2979 1991 permissum
3028 1938 3151 1977 esse
3206 1921 3521 1989 Muslemis,
3554 1935 3736 1990 neque

2087 2012 2424 2068 Christianis
2472 2012 2814 2083 permissum
2860 2027 2982 2067 esse
3013 2012 3148 2083 quid
3200 2015 3400 2068 contra
3429 2011 3746 2082 quemlibet

2090 2101 2541 2158 Christianorum
2592 2103 2691 2172 qui
2742 2102 2803 2157 in
2858 2101 3252 2157 Muslemicam
3302 2100 3595 2156 transierit
3649 2117 3742 2156 sc-

2087 2198 2256 2247 ctam.
2289 2191 2348 2246 Si
2399 2207 2614 2259 servus,
2667 2190 3025 2246 Christianus
3074 2205 3172 2246 seu
3225 2189 3610 2258 Muslemicus,
3643 2189 3728 2243 vir

2087 2283 2202 2336 sive
2236 2280 2465 2349 femina,
2499 2280 2558 2334 in
2597 2295 2721 2336 eam
2752 2296 2921 2351 quam
2953 2280 3318 2335 delinivimus
3345 2279 3630 2347 regionem
3657 2295 3724 2334 ex

2086 2371 2200 2426 alia
2246 2370 2574 2441 aufugisset,
2627 2371 2773 2425 haud
2819 2367 3126 2426 celandum
3177 2384 3298 2425 esse
3332 2386 3363 2422 a
3411 2368 3724 2433 Muslemis,

2087 2462 2180 2516 sed
2234 2459 2646 2526 indicandum;
2696 2465 2815 2513 tum
2865 2459 3197 2514 solvendum
3249 2473 3372 2513 esse
3419 2473 3453 2512 a
3497 2459 3729 2512 domino

2090 2545 2335 2616 pretium
2366 2546 2436 2600 36
2465 2545 2828 2601 denariorum
2878 2561 2977 2616 pro
3007 2561 3094 2614 eo,
3127 2546 3173 2600 si
3203 2546 3283 2598 vir
3311 2551 3487 2610 esset,
3522 2561 3620 2614 pro
3653 2546 3730 2599 l'e-

2089 2637 2244 2690 mina
2271 2636 2343 2689 20
2381 2635 2649 2690 denarios
2679 2637 2985 2700 Romanos,
3035 2649 3137 2704 pro
3193 2649 3369 2705 puero
3402 2634 3518 2690 sive
3547 2635 3734 2704 puella

2099 2726 2192 2792 :6;
2228 2725 2316 2780 sin
2348 2733 2535 2780 autem
2581 2741 2699 2780 non
2747 2723 3062 2794 possideret
3104 2723 3417 2794 (dominus)
3465 2738 3574 2793 quo
3619 2723 3736 2778 sol-

2089 2823 2235 2869 veret
2266 2813 2508 2884 pretium
2559 2811 2930 2882 liberationis,
2963 2829 2996 2868 a
3024 2812 3260 2868 domino
3311 2811 3582 2867 solvendo
3613 2828 3734 2868 esse

2089 2914 2203 2958 tres
2252 2902 2508 2969 denario,
2562 2901 2770 2974 quibus
2816 2901 2886 2957 ab
2915 2902 3097 2956 emiro
3147 2904 3399 2971 acceptis
3432 2902 3734 2956 restituen-

2086 2994 2220 3048 dum
2271 3007 2393 3048 esse
2442 3006 2685 3047 servum.
2735 2991 2795 3046 Si
2844 2990 3156 3061 baptizatus
3207 2998 3372 3057 esset,
3423 2991 3519 3061 qui
3568 2989 3738 3045 aulu-

2088 3083 2280 3152 gisset,
2337 3081 2482 3136 haud
2549 3081 2719 3137 licere
2774 3079 3072 3135 Muslemis
3132 3095 3261 3135 eum
3319 3083 3582 3147 retinere,
3631 3079 3729 3134 sed

2090 3172 2448 3241 pendendum
2497 3185 2619 3226 esse
2665 3170 2854 3224 Emiro
2900 3187 2935 3224 a
2963 3169 3216 3238 domino,
3263 3169 3410 3239 quod
3453 3169 3734 3225 sancitum

2087 3261 2278 3328 fuerit,
2330 3275 2440 3330 quo
2487 3259 2656 3327 facto,
2715 3259 3127 3315 restituendum
3180 3275 3305 3314 esse
3366 3274 3617 3314 servum.
3668 3258 3729 3314 Si

2087 3350 2220 3421 quid
2273 3365 2341 3405 ex
2389 3349 2610 3405 ditione
2646 3350 2898 3404 Romana
2945 3349 3034 3404 fur
3073 3347 3351 3418 rapuisset
3397 3356 3450 3403 et
3493 3347 3626 3418 fuga
3675 3363 3735 3403 se

2089 3439 2479 3502 subtraxisset,
2526 3439 2866 3494 mittendum
2898 3453 3020 3494 esse
3049 3436 3120 3492 ab
3169 3437 3364 3492 Emiro
3415 3437 3485 3491 ad
3529 3438 3734 3492 ducem

2089 3529 2371 3586 exercitus
2420 3527 2683 3592 Romani,
2736 3532 2798 3582 ut
2847 3543 3040 3597 poenas
3083 3525 3283 3582 lueret.
3335 3527 3390 3581 Si
3443 3525 3737 3580 Romanus

2093 3618 2350 3688 regiones
2383 3617 2746 3673 Muslemicas
2793 3615 3070 3682 visitaret,
3117 3615 3266 3670 haud
3309 3615 3740 3684 impediendum

2093 3725 2213 3763 esse
2244 3726 2277 3764 a
2308 3709 2534 3780 negotio
2565 3722 2686 3762 suo.
2735 3707 2795 3762 Si
2827 3707 3146 3777 speculator
3175 3722 3242 3762 ex
3275 3705 3494 3761 ditione
3525 3704 3739 3761 Musle-

2096 3793 2238 3847 mica
2268 3792 2577 3846 Romanam
2623 3789 2837 3845 intrare
2868 3789 3056 3856 vellet,
3105 3788 3496 3858 arripiendum
3529 3803 3654 3843 esse
3684 3791 3740 3842 et

2094 3882 2152 3936 in
2183 3879 2417 3937 vincula
2459 3879 2905 3949 conjiciendum.
2953 3879 3106 3932 llaud
3150 3877 3524 3932 excidendam
3557 3893 3680 3932 esse
3708 3893 3741 3932 a

2096 3970 2394 4028 Muslemis
2439 3985 2649 4036 arcem,
2692 3983 2797 4023 nec
2845 3982 3048 4022 novam
3095 3966 3539 4030 exstruendam;
3590 3965 3738 4035 quod

2094 4067 2286 4116 autem
2331 4057 2583 4114 excisura
2617 4058 2835 4128 fuisset,
2866 4057 3302 4112 restaurandum
3335 4073 3478 4113 esse.
3512 4056 3744 4112 Nullum

2094 4150 2336 4205 emirum
2407 4146 2802 4203 Muslemicum
2881 4160 2988 4202 nec
3051 4145 3459 4216 recipiendum
3529 4160 3652 4201 esse
3713 4161 3745 4200 a

2097 4238 2390 4294 Muslemis
2438 4251 2620 4307 neque
2648 4234 2719 4291 ab
2762 4235 2878 4291 ullo
2911 4249 3109 4292 eorum
3142 4239 3346 4307 praeter
3400 4235 3736 4305 Bacdjurum

2095 4337 2148 4384 et
2202 4325 2529 4396 Karghujah
2579 4324 2784 4380 litteris
2850 4339 2978 4381 esse
3025 4324 3372 4381 adeundum.
3425 4323 3524 4380 His
3574 4324 3741 4395 (Kar-

2096 4417 2308 4488 dhujah
2342 4424 2395 4472 et
2425 4414 2726 4486 Bacdjuro)
2762 4413 3005 4470 mortuis
3045 4413 3198 4469 haud
3240 4411 3412 4467 licere
3442 4409 3743 4467 Muslemis

339 4507 666 4577 Karghujah
721 4508 875 4564 hisce
920 4507 1143 4565 verbis:
1178 4529 1206 4558 «
1241 4507 1364 4564 Duc
1415 4524 1512 4579 per
1551 4509 1692 4564 alias
1727 4509 1990 4581 regiones
2017 4497 2063 4562 D
2093 4505 2334 4562 emirum
2369 4522 2400 4562 e
2429 4504 2664 4576 regione
2709 4501 3041 4558 Muslemica
3100 4517 3387 4558 arcessere
3433 4515 3622 4572 neque
3668 4499 3739 4554 ah

339 4610 408 4651 ac
457 4605 718 4664 nostras,-
762 4612 836 4652 ne
880 4597 1058 4654 intres
1103 4597 1378 4654 ditionem
1431 4597 1754 4668 pactionis;
1817 4621 1846 4650 ››
1895 4600 1983 4655 sin

341 4686 454 4742 dux
488 4686 684 4741 harum
718 4686 1008 4754 copiarum
1059 4686 1204 4742 haud
1255 4696 1491 4757 pareret,
1541 4688 1714 4743 armis
1743 4703 1868 4745 esse
1897 4705 1989 4760 pe-

339 4776 576 4831 tendum
625 4779 682 4830 et
724 4777 780 4828 vi
825 4775 1220 4844 repellendum
1259 4793 1273 4844 ;
1325 4777 1488 4846 cujus
1519 4776 1598 4832 rei
1658 4778 1746 4832 sin
1793 4779 1986 4833 minus

337 4863 486 4934 potis
515 4871 659 4918 esset
709 4862 1030 4934 Karghujah
1080 4864 1222 4936 ipse,
1273 4865 1476 4921 litteris
1524 4866 1818 4922 adeundos
1865 4881 1986 4924 esse

337 4954 751 5021 imperatorum
805 4951 1128 5010 Graecorum
1161 4958 1218 5010 et
1248 4953 1649 5021 Thorbasium,
1703 4963 1760 5010 ut
1790 4957 1985 5026 copias

339 5041 628 5097 mitterent
660 5041 916 5097 hostibus
947 5042 1296 5111 repellendis
1343 5059 1524 5112 pares.
1571 5043 1630 5099 Si
1660 5045 1794 5115 quid
1826 5061 1986 5101 com-

338 5130 618 5202 perissent
680 5131 945 5187 Muslemi
1010 5133 1080 5186 de
1140 5131 1382 5186 adventu
1453 5132 1647 5202 magni
1703 5136 1986 5190 exercitus

340 5219 632 5293 (hostilis),
681 5221 1047 5277 scribendum
1079 5234 1202 5275 esse
1249 5219 1320 5275 ad
1351 5219 1756 5290 imperatorem
1797 5230 1852 5278 et
1880 5225 1986 5279 du-

339 5325 468 5366 cem
513 5311 829 5381 cOpiarum,
864 5316 922 5366 ut
967 5309 1049 5376 hi,
1097 5309 1168 5364 de
1200 5324 1259 5364 re
1305 5309 1572 5365 certiores
1613 5311 1766 5378 facti,
1819 5312 1988 5367 rebus

340 5399 462 5456 suis
505 5399 890 5458 consulerent.
939 5399 1040 5455 Sin
1085 5402 1277 5455 autem
1310 5398 1728 5470 expeditionem
1763 5399 1822 5456 in
1874 5407 1982 5458 ter-

2095 4596 2268 4667 (aliis)
2318 4595 2612 4652 Muslemis
2641 4592 2922 4648 auxilium
2954 4597 3164 4661 petere,
3210 4590 3305 4646 sed
3339 4589 3738 4660 recipiendum

2096 4703 2218 4742 esse
2256 4701 2408 4756 eum,
2464 4684 2559 4756 qui
2603 4683 2674 4738 ab
2714 4683 3052 4752 imperatore
3101 4680 3352 4753 Romano
3405 4695 3470 4736 ex
3525 4679 3742 4735 ditione

2097 4777 2252 4847 pacis
2313 4777 2524 4831 electus
2573 4769 2763 4828 fuerit.
2819 4771 2945 4826 Post
3007 4773 3248 4825 mortem
3302 4766 3625 4838 Kargbujah
3688 4770 3743 4821 et

2099 4865 2362 4935 Bacdjuri
2391 4860 2855 4920 constituendum
2882 4874 3006 4915 esse
3028 4857 3100 4914 ab
3125 4857 3470 4927 imperatore
3488 4857 3739 4926 judicem

2099 4953 2391 5026 (Kadhi)e
2430 4949 2746 5016 Muslemis,
2805 4948 2904 5019 qui
2957 4947 3277 5002 secundum
3336 4945 3488 5017 leges
3549 4959 3742 5001 eorum

2093 5045 2190 5116 jus
2232 5043 2463 5100 diceret.
2515 5041 2723 5098 Graecis
2769 5037 2940 5096 licere
2969 5038 3285 5093 destructas
3332 5035 3394 5092 in
3441 5036 3531 5092 his
3560 5035 3742 5106 regio-

2098 5133 2272 5190 nibus
2320 5130 2589 5188 ecclesias
2646 5132 3002 5196 restaurare;
3039 5125 3306 5196 patricios
3337 5133 3391 5180 et
3428 5126 3744 5196 episcopos,

2100 5223 2198 5294 qui
2241 5223 2309 5277 ad
2360 5220 2667 5276 Muslemos
2709 5216 3090 5289 pervenirent,
3140 5230 3242 5286 pro
3299 5215 3576 5286 dignitate
3623 5227 3746 5270 esse

2095 5312 2478 5382 accipiendos.
2524 5307 2681 5372 Quod
2723 5314 2916 5363 autem
2963 5305 3163 5361 attinet
3209 5305 3278 5360 ad
3332 5304 3650 5377 portorium
3680 5317 3748 5358 ex

2091 5401 2314 5458 ditione
2342 5403 2598 5456 Romana
2627 5395 2994 5468 exigendum,
3027 5394 3293 5466 pactione
3322 5393 3605 5450 sancitum
3633 5395 3736 5458 est,

414 5603 528 5680 (40)
570 5609 790 5663 Nomen
841 5607 901 5664 in
949 5605 1144 5664 codice
1192 5604 1424 5678 punctis
1465 5605 1781 5666 diacriticis
1827 5616 2003 5681 caret,
2034 5607 2271 5678 ideoque
2303 5605 2532 5662 incertas
2563 5611 2643 5661 est
2668 5603 2981 5676 scripture.
