4112 6208
395 435 398 438 ,
475 365 626 426 1027
1766 364 2048 426 HIPPOL

2237 363 2561 425 THEBAN
2570 367 2588 426 Ι
3703 369 3837 432 1028

481 502 675 558 Latine
703 501 858 558 dedit
888 498 1156 556 Emanuel
1224 499 1678 554 Schelstratenus
1735 498 1794 552 in
1857 492 2289 567 Antiquitatibus
2342 494 2599 552 Ecclesiae
2654 495 2951 553 itlustratis
3009 499 3168 556 Rom.
3239 500 3398 570 1692,
3455 501 3572 570 τοι,
3627 521 3678 575 ρ.
3727 504 3838 570 510,

469 593 578 648 513
607 594 695 662 (Γ).
731 592 837 647 Sed
871 599 924 644 et
945 587 1299 658 opusculum,
1333 589 1480 658 quod
1512 589 1584 643 de
1613 589 1700 642 XII
1730 584 1989 657 apostolis
2020 585 2122 640 sub
2154 584 2440 655 Hippolyti
2477 587 2708 641 nomine
2739 602 2769 642 e
2799 587 2994 643 codice
3039 585 3191 658 regio
3241 589 3414 644 lautat
3459 591 3754 647 Gotelerius
3777 594 3838 647 ad

472 685 576 755 lib.
607 700 660 737 ix
691 681 988 748 Recognitt.
1023 678 1351 743 Clementis,
1379 681 1406 744 ξ
1432 681 1524 744 29,
1554 685 1719 748 alque
1750 678 2032 745 integrum
2062 673 2310 744 vulgavit
2353 689 2483 730 cum
2540 676 2796 732 versione
2856 693 2958 732 sua
3006 683 3062 732 et
3120 678 3270 733 notis
3315 679 3642 736 Franciscus
3693 684 3843 737 Com-

473 771 702 827 beiisius
737 768 794 822 in
825 767 1089 822 Auctario
1123 783 1264 822 novo
1299 767 1435 822 bibl.
1462 767 1712 834 Patrum,
1747 774 1880 821 tom.
1918 765 1981 834 Il,
2022 763 2387 828 Paris.1648,
2419 763 2543 828 fol.,
2572 762 2698 832 831,
2752 773 2807 820 et
2854 781 2974 836 quae
3023 766 3088 822 de
3136 767 3322 824 LXXII
3364 767 3643 840 discipulis
3691 770 3838 826 habet

467 857 742 912 Baronius
770 857 838 910 ad
875 855 1229 928 Martyrolog.
1266 856 1508 911 Romae.
1543 872 1595 910 ιχ
1627 855 1807 925 April.
1849 860 1904 910 et
1933 855 1991 908 in
2023 852 2346 910 Annalibus
2379 853 2445 906 ad
2475 855 2540 906 A.
2593 853 2653 908 C.
2707 853 2796 918 44,
2851 871 2909 910 n.
2956 855 3053 920 38,
3096 864 3152 910 et
3193 873 3240 910 a.
3293 857 3386 921 58,
3436 874 3493 912 n.
3538 859 3626 924 56,
3671 858 3836 914 citans

466 946 722 1001 libellum
754 945 1064 1015 Hippolyti,
1095 961 1264 1016 quem
1296 944 1487 1000 Graece
1521 945 1717 1000 habuit
1747 945 2000 1007 Sirlelus,
2034 959 2099 997 ex
2133 941 2420 1013 Hippolyti
2455 941 2712 998 Thebani
2737 943 3020 1000 Chronico
3053 947 3224 1014 petita
3254 946 3516 1002 videntur
3547 948 3636 1017 (g).
3666 947 3756 1002 Ille
3775 949 3834 1002 de

466 1034 766 1088 duodecim
796 1033 1065 1105 apostolis
1098 1035 1326 1090 libellus
1357 1050 1386 1088 e
1415 1033 1739 1088 Combeﬁsii
1773 1033 2030 1086 versione
2085 1031 2276 1085 Latine
2324 1045 2558 1085 recusus
2607 1039 2689 1086 est
2738 1038 2872 1086 tom.
2931 1031 3004 1087 III
3053 1032 3192 1088 bibl.
3247 1034 3494 1089 Patrum.
3541 1035 3733 1105 Lugd.,
3783 1052 3830 1104 p.

463 1122 590 1190 205,
621 1137 750 1177 cum
783 1139 895 1192 quo
925 1124 1260 1178 conferendi
1290 1123 1526 1178 indiculi
1559 1124 1629 1179 de
1661 1121 1864 1176 iisdem
1895 1120 2165 1192 apostolis
2218 1120 2321 1174 sub
2383 1120 2670 1188 Dorothei,
2731 1121 2815 1176 vel
2869 1121 3197 1190 Sophronii,
3255 1123 3343 1177 vel
3400 1123 3711 1194 Epiphanii,
3759 1124 3832 1179 vel

466 1211 624 1266 nullo
655 1211 824 1266 etiam
854 1211 1102 1266 auctoris
1131 1213 1362 1267 nomine
1391 1219 1675 1267 exstantes
1704 1211 1764 1265 in
1796 1225 1936 1264 mss.
1967 1209 2216 1280 editiqne
2246 1224 2374 1264 cum
2407 1207 2757 1264 OEcumenio
2789 1211 2848 1266 in
2882 1210 3160 1280 Epistolas
3209 1211 3397 1278 Pauli,
3444 1213 3530 1268 vel
3569 1229 3602 1267 ιι
3645 1211 3833 1282 Cangio

460 1302 525 1353 ad
562 1299 778 1356 calcem
803 1301 1066 1355 Chronici
1100 1301 1382 1370 paschalis
1413 1317 1468 1371 p.
1503 1300 1627 1368 434,
1660 1300 1798 1365 437;
1831 1317 1862 1352 a
1892 1299 2070 1353 Caveo
2100 1298 2158 1352 in
2195 1306 2351 1366 parte
2385 1299 2402 1352 Ι
2435 1298 2582 1352 Hist.
2620 1298 2904 1354 litterariis
2937 1301 3004 1354 ad
3041 1304 3105 1353 A.
3139 1303 3199 1353 Ο.
3231 1300 3265 1354 3
3302 1301 3356 1368 3,
3408 1307 3461 1356 et
3503 1318 3535 1354 a
3577 1300 3832 1357 Cotelerio

458 1391 526 1443 ad
566 1389 850 1444 Constitui.
881 1391 1111 1460 apostot.
1147 1390 1243 1444 lib.
1272 1407 1333 1459 ιι,
1367 1405 1418 1446 c.
1453 1390 1556 1445 ult.
1591 1388 1980 1444 Conferendus
2001 1387 2171 1442 etiam
2205 1402 2334 1441 cum
2369 1387 2710 1442 Baronianis
2759 1388 2875 1442 illis
2935 1387 3164 1444 libellus
3220 1389 3724 1446 Pseudo-Dorothsi
3771 1392 3831 1446 de

459 1478 665 1534 LXXII
695 1479 1012 1549 discipulis.
1041 1479 1327 1548 Hippolyti
1357 1479 1784 1547 chronologiam
1845 1481 2048 1549 Evangt

2231 1491 2282 1530 m
2343 1484 2396 1530 et
2448 1474 2893 1553 χρονυγραφικάς
2950 1473 3298 1538 διδασκαλίας
3350 1484 3626 1536 memorat
3667 1483 3830 1534 Μοηι-

454 1568 731 1625 fauconus
763 1587 820 1640 ρ.
851 1569 950 1624 261
986 1578 1038 1625 et
1057 1569 1156 1624 511
1194 1568 1630 1642 Palasographiaa
1663 1569 1888 1624 Graece.

461 1687 629 1741 initiis
660 1687 716 1740 in
750 1685 1054 1742 collatione
1084 1687 1348 1740 ordinum
1380 1687 1528 1756 apud
1563 1685 1814 1755 Graecos,
1848 1701 1973 1756 pag.
1999 1685 2088 1741 50.
2202 1684 2422 1738 mittam
2452 1685 2614 1741 codd.
2647 1682 2972 1742 Vindobon.
3003 1685 3246 1751 Bodlei.,
3282 1687 3460 1744 Paris.
3511 1694 3564 1742 et
3609 1689 3821 1744 Coislin.

454 1762 632 1812 Etiam
697 1759 984 1827 Hippolyti
1041 1758 1297 1812 historici
1357 1758 1758 1826 fragmentum,
1835 1759 1891 1810 in
1981 1772 2090 1825 quo
2199 1756 2270 1809 ab
2301 1771 2367 1809 eo
2399 1772 2620 1826 quoque
2653 1767 3012 1812 memoratos.
3040 1760 3100 1814 In
3130 1758 3264 1813 bibl.
3293 1760 3449 1814 enim
3475 1758 3627 1827 publ.
3662 1760 3819 1817 Paris.

456 1830 683 1884 Salonio
712 1830 944 1899 Josephi
977 1828 1212 1901 βιωτικὴ
1245 1829 1382 1901 γυνή
1427 1829 1763 1898 appellatur,
1815 1847 1847 1881 a
1885 1829 2100 1882 Salina-
2207 1829 2330 1901 cod.
2362 1828 2518 1901 1107,
2539 1829 2608 1901 de
2635 1830 2978 1901 cognatione
3000 1829 3061 1884 Β.
3085 1833 3160 1884 Μ.
3209 1831 3446 1900 virginis
3493 1839 3544 1885 et
3573 1832 3626 1886 S.
3663 1831 3820 1886 Eliss-

457 1901 539 1954 sio
600 1902 706 1954 sibi
766 1897 1268 1956 communicatum
1309 1901 1477 1956 refert
1507 1897 1783 1955 'Andreas
1840 1901 2094 1965 Rivetus,
2207 1897 2388 1952 bethae
2419 1897 2764 1968 disquisitio.
2800 1901 3138 1968 Fragmenta
3182 1901 3241 1957 in
3293 1897 3420 1957 éod.
3479 1903 3727 1968 39,1084
3776 1911 3822 1958 et

457 1981 592 2026 tom.
632 1973 703 2026 III
733 1971 988 2045 Opp.,ip.
1019 1973 1142 2027 640.
1181 1974 1325 2045 (litat
1354 1979 1408 2025 et
1437 1971 1841 2045 Turrianusin
1881 1973 2092 2045 Apolo-
2204 1970 2360 2045 1555.
2394 1975 2460 2024 In
2491 1972 2618 2025 cod.
2653 1972 2810 2045 Galei
2841 1988 2899 2045 np.
2931 1971 3092 2040 5953,
3124 1981 3231 2028 cat.
3266 1981 3400 2045 tom.
3440 1973 3508 2039 II,
3540 1991 3661 2045 pag.
3710 1975 3815 2043 188,

453 2045 540 2111 gia
573 2059 671 2116 pro
702 2041 869 2116 domo
905 2044 1210 2116 Lauretana
1241 2044 1511 2098 adversus
1544 2043 1898 2112 Vergerium,
1949 2043 2092 2098 etin
2203 2041 2522 2116 fragmenta
2567 2058 2635 2096 ex
2695 2043 2976 2116 Hippolyti
3021 2045 3270 2116 historia
3325 2041 3634 2112 chronica;
3675 2041 3819 2101 editis

449 2113 681 2170 scheliis
710 2117 775 2168 ad
811 2115 848 2168 I.
885 2131 926 2169 ιι
959 2115 1423 2170 Constitutionum
1453 2115 1678 2184 apostol.
1739 2145 1742 2148 ~
2199 2113 2475 2168 auctiora.
2536 2143 2603 2154 --
2659 2117 2848 2170 Romae
2901 2113 2958 2170 in
3021 2114 3158 2170 bibl.
3217 2116 3469 2172 cmnobii
3524 2117 3576 2173 S.
3631 2117 3816 2185 Basilii,

519 2187 584 2257 (Γ)
615 2187 838 2258 Fragm.
873 2188 1066 2242 recudi
1110 2189 1244 2242 fecit
1289 2187 1580 2242 Fabricius
1628 2187 1724 2241 Gr.
1771 2200 1898 2240 cum
1955 2200 2090 2258 ver-
2199 2185 2451 2258 chronici
2486 2185 2703 2258 fragm.
2747 2201 2880 2240 cum
2939 2188 3216 2241 Anastasii
3275 2188 3639 2255 quihusdam,
3693 2199 3818 2244 testo

449 2255 608 2314 sione
644 2255 752 2312 Lat.
791 2258 1115 2313 Emanuelis
1145 2257 1539 2313 aSchelstrate
1569 2259 1630 2312 in
1676 2266 1811 2312 tom.
1861 2259 1883 2312 Ι
1919 2255 2086 2329 Opp.
2199 2257 2509 2329 Montiauc.
2543 2259 2600 2310 in
2639 2256 2825 2329 Οἰανέο
2853 2258 2974 2313 Ital.
3010 2275 3136 2329 pag.
3169 2258 3296 2314 216.
3325 2287 3399 2298 —
3453 2260 3712 2328 Excerpta
3761 2275 3815 2315 ex

453 2329 697 2400 Hippol.,
731 2347 856 2399 pag.
891 2331 959 2383 46
991 2346 1115 2400 sqq.
1151 2345 1283 2384 cum
1340 2329 1508 2382 variis
1550 2329 1776 2384 lection.
1828 2328 2086 2383 codicum
2199 2328 2472 2382 chronico
2504 2328 2731 2398 Hippol.
2762 2327 3023 2400 Theban.
3055 2327 3122 2383 de
3177 2329 3571 2386 incarnatione
3607 2327 3813 2397 Christi,

447 2399 837 2455 Vaticanorum
871 2417 935 2455 ac
969 2401 1394 2454 Vindobonens.
1427 2407 1480 2454 et
1524 2403 1614 2454 ed.
1665 2400 1853 2453 Canis.
1906 2401 2086 2454 Addi-
2197 2400 2266 2454 de
2297 2401 2469 2454 annis
2503 2415 2640 2469 quos
2675 2401 2808 2453 vixit
2842 2401 2903 2454 Β.
2935 2399 3126 2470 Virgo,
3181 2402 3249 2456 de
3296 2401 3518 2456 Joanne
3573 2403 3812 2470 Baptista,

446 2472 523 2524 dit
557 2473 758 2538 fragm.
790 2472 854 2526 de
885 2476 1139 2542 tempore,
1191 2487 1294 2542 quo
1341 2471 1707 2538 Evangctislée
1751 2487 1848 2525 sua
1899 2471 2085 2526 condi-
2195 2471 2545 2542 evangelista,
2569 2479 2675 2527 etc.
2711 2471 2893 2526 Oxon.
2924 2473 3073 2526 inter
3101 2473 3268 2527 codd.
3303 2475 3504 2528 Baroc.
3535 2477 3653 2528 cod.
3703 2474 3810 2540 142,

443 2541 996 2615 deruntlz‘vnngelia,
1031 2559 1098 2598 ex
1128 2541 1252 2597 eod.
1285 2543 1514 2615 Taurini.
1565 2557 1630 2597 ac
1680 2545 2082 2611 fragmentum,
2196 2557 2256 2598 n.
2291 2543 2356 2596 18
2385 2541 2772 2615 (catal._eodd.
2805 2543 3024 2613 Anglia:
3054 2552 3160 2598 etc.
3198 2545 3240 2610 l,
3276 2561 3328 2613 p.
3363 2544 3478 2610 18.)
3508 2575 3578 2585 —
3604 2545 3679 2600 De
3729 2561 3814 2615 ge-

443 2616 589 2680 quod
614 2614 781 2668 Henr.
809 2615 1226 2668 Canisiustom.
1254 2614 1329 2668 Ill
1357 2613 1607 2669 Lection.
1631 2615 1804 2684 antiq.
1831 2630 1898 2668 ex
1953 2616 2080 2670 cod.
2194 2615 2451 2685 nealogia
2485 2613 2545 2668 B.
2579 2613 2850 2682 Virginis,
2888 2616 2962 2670 ib.
2999 2632 3122 2685 pag.
3160 2617 3283 2680 162,
3314 2615 3468 2672 inter
3497 2617 3654 2673 codd.
3710 2613 3808 2672 Scl~

440 2693 584 2738 mSIO
619 2685 884 2739 Bavarico
917 2686 1096 2740 edidit
1131 2685 1438 2754 Latineque
1471 2685 1658 2751 vertit,
1713 2691 1768 2739 et
1819 2685 2084 2754 praemisit
2191 2684 2324 2739 den.
2359 2701 2414 2738 n.
2447 2685 2608 2739 3372.
2642 2689 2819 2741 HARL.

437 2755 771 2828 testimonia
804 2757 976 2810 Mich.
1011 2757 1218 2825 Glycze,
1257 2757 1557 2826 Nicephori
1591 2757 1859 2811 Callistici
1884 2762 1941 2810 et
1959 2758 2080 2828 Ste-
2190 2825 2202 2828 _
2236 2758 2333 2828 7(g)
2368 2757 2648 2828 llippolyt.
2712 2758 2786 2812 De
2841 2756 3125 2812 duodecim
3177 2757 3460 2828 apostolis,
3519 2761 3708 2814 Venet.
3754 2758 3804 2812 in

435 2826 608 2893 phani
644 2827 694 2881 le
725 2831 949 2894 Moyne.
984 2831 1127 2882 Add.
1162 2828 1322 2883 Fabr.
1361 2825 1416 2883 in
1462 2829 1602 2884 Cod.
1656 2828 1978 2896 apocrypho
2010 2827 2078 2884 N.
2190 2825 2328 2880 bibl.
2367 2827 2577 2882 Veneta
2613 2834 2780 2883 Marc.
2818 2831 2945 2883 eod.
2975 2829 3077 2882 498
3099 2825 3289 2898 (catal.
3323 2825 3495 2884 codd.
3557 2829 3646 2884 Gr.
3697 2846 3802 2898 patr.

430 2900 490 2970 'I‘.
524 2901 566 2964 Ι,
601 2916 722 2969 pag.
768 2899 863 2970 7.17.
927 2929 993 2938 —
1042 2899 1358 2954 Chronicon
1413 2909 1490 2954 est
1543 2915 1767 2970 quoque
1816 2901 1873 2953 in
1931 2898 2076 2955 Bibl.
2187 2898 2500 2969 261)-—in
2536 2899 2673 2954 bibl.
2724 2900 2958 2954 Coislin.
3009 2903 3134 2955 cod.
3193 2901 3292 2954 120
3348 2911 3404 2956 et
3454 2902 3579 2968 258,
3634 2901 3700 2956 de
3749 2901 3806 2954 12

433 2968 653 3024 l’atrum
679 2968 800 3025 vol.
835 2971 932 3041 IX,
970 2977 1111 3038 part.
1152 2988 1192 3036 ι,
1231 2987 1352 3038 pag.
1389 2968 1777 3024 1006.'Col'on-
1819 2972 2080 3039 Agrippi-
2187 2968 2366 3038 apost.
2425 2979 2479 3024 et
2530 2971 2601 3024 70
2657 2971 3006 3038 discipulis:
3067 2971 3190 3026 cod.
3253 2971 3360 3025 296
3418 2975 3488 3027 de
3547 2973 3610 3026 12
3637 2977 3800 3041 apust.

433 3056 542 3108 nm,
577 3041 737 3106 16l8,
773 3040 892 3109 f0].,
927 3050 1032 3097 etc.
1068 3073 1134 3080 —
1168 3043 1220 3096 In
1255 3045 1376 3096 cod.
1415 3042 1650 3095 Taurin.
1678 3042 1802 3104 302,
1838 3043 1933 3095 fol.
1983 3041 2076 3108 61,
2190 3041 2268 3110 (v.
2302 3041 2498 3096 Montf.
2560 3041 2702 3112 Bibl.
2749 3042 2917 3097 Coisl-
2963 3057 3086 3108 pag.
3148 3043 3262 3108 194,
3314 3043 3422 3098 304
3471 3053 3521 3098 et
3567 3040 3706 3112 413.)
3747 3073 3803 3082 -

429 3120 509 3185 est
542 3114 740 3180 fragm.
777 3113 1185 3168 Chronicorum
1221 3113 1388 3182 Hipp.
1422 3113 1696 3178 Thebani,
1721 3112 2068 3185 degeﬁnealo—
2183 3112 2335 3185 inter
2365 3115 2526 3166 codd.
2563 3111 2724 3179 Gale,
2763 3131 2820 3167 n.
2853 3113 3014 3168 5941.
3063 3144 3128 3153 -—
3178 3114 3249 3168 de
3298 3117 3366 3168 12
3416 3120 3594 3182 apost.
3646 3111 3696 3170 et
3746 3115 3805 3168 de

424 3183 518 3251 ρέα.
549 3186 826 3252 Deiparae,
861 3187 1008 3255 quod
1065 3185 1362 3240 confector
1403 3185 1579 3239 Calai.
1636 3182 1820 3240 coddf
1854 3184 1947 3240 Gr.
2015 3202 2066 3252 p.
2177 3182 2248 3236 70
2278 3184 2573 3252 discipulis
2620 3185 2767 3238 inter
2811 3188 2973 3240 codd.
3017 3185 3246 3244 Baroce.
3309 3203 3368 3240 n.
3433 3186 3538 3240 206
3579 3195 3629 3240 et
3677 3187 3804 3239 inter

425 3257 551 3328 302,
611 3260 888 3324 observat,
949 3258 1006 3310 in
1065 3258 1260 3311 multis
1315 3256 1632 3325 discrepare
1682 3256 1752 3310 ab
1820 3255 1888 3310 iis
1946 3271 2068 3325 quas
2178 3255 2495 3328 adversaria
2525 3256 2654 3310 Ger.
2709 3256 3041 3328 Langhzeni,
3103 3272 3175 3328 ηπ
3220 3256 3280 3310 11
3341 3257 3603 3328 (secund.
3652 3256 3800 3312 calal.

428 3327 704 3382 habentur
754 3329 812 3382 in
871 3329 1067 3382 ultima
1151 3328 1451 3397 (Basnagii)
1535 3328 1781 3382 editione
1857 3328 2066 3382 Canisii
2179 3325 2604 3390 ciu—Romae
2634 3328 2693 3381 in
2721 3325 2858 3382 bibl.
2895 3325 3070 3382 Vatic.
3104 3325 3441 3398 (Montl'anc.
3472 3329 3608 3383 Bibl.
3634 3329 3800 3391 mss.I,

427 3404 538 3451 tom
574 3400 668 3466 lIl,
706 3404 823 3467 part
856 3416 896 3456 ι.
931 3399 1012 3454 Ibi
1044 3408 1231 3454 autem
1266 3400 1464 3468 legitur
1498 3415 1620 3467 pag.
1653 3399 1842 3453 20-40.
1876 3399 2068 3454 Graece
2179 3414 2234 3468 p.
2271 3398 2371 3450 129
2401 3401 2468 3451 Α.
2502 3429 2569 3438 -
2603 3399 2897 3454 Florentiae
2930 3399 2985 3452 in
3018 3399 3146 3453 cod.
3179 3398 3383 3454 Medic.
3419 3400 3570 3465 XIII,
3611 3415 3664 3454 n.
3697 3399 3798 3464 40;

421 3483 486 3523 ex
520 3474 645 3524 cod.
680 3471 871 3526 Bavar.
910 3472 1008 3526 168
1039 3487 1166 3526 cum
1221 3472 1478 3526 versione
1530 3472 1639 3526 Lat.
1699 3479 1753 3524 et
1814 3474 2066 3540 Basnage
2177 3467 2316 3540 plut.
2354 3469 2482 3524 LVI.
2534 3469 2734 3534 (Band.
2782 3470 2852 3534 Il,
2903 3485 3026 3540 pag.
3073 3469 3223 3540 309.)
3273 3470 3494 3527 Fabric.
3555 3473 3609 3525 in
3665 3470 3791 3538 Opp.

419 3540 473 3593 in
510 3544 662 3610 praef.
721 3547 982 3610 copiosus
1031 3552 1113 3595 est
1163 3543 1231 3596 de
1281 3542 1584 3611 Hippolyto
1647 3542 1742 3597 illo
1791 3550 1844 3596 et
1891 3539 2065 3596 variis
2177 3539 2400 3609 Hippol.
2436 3552 2570 3595 tom.
2603 3544 2646 3606 Ι,
2681 3558 2804 3610 pag.
2845 3541 2914 3595 20
2963 3558 3117 3610 seqq.
3170 3545 3422 3611 append.
3473 3542 3644 3596 edidit
3683 3557 3794 3610 par-

420 3613 749 3678 fragmontis
793 3615 956 3666 codd.
1009 3642 1077 3650 —
1133 3614 1284 3667 Idem
1333 3615 1633 3680 fragment.
1695 3619 1774 3665 est
1823 3614 1877 3666 in
1934 3613 2061 3667 cod.
2176 3612 2377 3666 ticnlas
2407 3613 2474 3664 de
2506 3629 2581 3666 xu
2613 3611 2882 3680 apostolis
2911 3627 3038 3667 cum
3073 3613 3332 3668 versione
3387 3613 3506 3668 Lat.
3555 3619 3606 3667 et
3660 3613 3794 3667 notis

416 3683 863 3754 Est-tirieil,_teste
892 3681 1123 3754 Plujeroi
1159 3686 1224 3754 in
1272 3685 1463 3736 ltincr.
1512 3699 1611 3754 per
1651 3684 1881 3753 Hispan.
1937 3701 2060 3752 pag.
2174 3685 2260 3736 Fr.
2301 3682 2622 3738 Combeﬁsii
2655 3683 2906 3752 suisque,
2936 3692 2995 3754 iet
3042 3683 3112 3738 de
3159 3685 3233 3738 72
3277 3684 3555 3754 apostolis
3602 3683 3690 3740 Gr.
3733 3699 3789 3739 ex

419 3753 538 3824 173.
579 3753 639 3824 In
679 3752 1084 3824 Montt‘auconii
1107 3753 1252 3806 Bibl.
1289 3769 1420 3806 mss.
1450 3753 1615 3807 multi
1641 3752 1808 3808 codd.
1843 3754 1898 3807 in
1933 3756 2064 3824 qui-
2172 3754 2300 3809 cod.
2336 3758 2562 3809 Barocc.
2597 3769 2662 3810 ac
2694 3755 2815 3808 Lat.
2849 3753 3161 3823 —Hippol.
3189 3752 3620 3821 Evangeliorum
3643 3756 3793 3812 chro-

419 3822 522 3898 lgus
565 3823 889 3898 Ch‘ronieon
926 3823 1228 3898 _I_-lip_p0|)_'li
1261 3824 1430 3885 inest,
1455 3825 1836 3898 designantur
1863 3822 2058 3898 ;_e'gr.
2172 3825 2402 3898 nologia
2434 3825 2490 3880 in
2525 3827 2688 3881 codd.
2725 3825 2899 3898 Paris.
2932 3822 3160 3898 118,177
3189 3831 3245 3880 et
3278 3827 3403 3882 186.
3450 3826 3794 3898 Septuaginta

416 3891 608 3945 Romae
641 3893 698 3946 in
735 3891 874 3967 bibl.
926 3895 1126 3967 Valic_._
1151 3891 1318 3967 intra
1366 3894 1532 3967 codd.
1575 3893 1802 3967 plaudit
1863 3891 2060 3949 Etien-
2174 3891 2591 3951 bedemadum
2624 3897 2904 3967 expositio
2933 3898 3011 3967 (in
3046 3897 3328 3967 Daniele,)
3356 3899 3498 3952 ibid.
3524 3891 3800 3960 'codf159,

413 3971 510 4016 not
558 3967 722 4037 (tom.
783 3963 825 4026 I,
886 3979 1008 4037 pag.
1073 3964 1193 4032 136)
1250 3964 1309 4037 in
1340 3963 1507 4037 bibl.
1537 3963 1891 4037 ACassinensi
1944 3968 2056 4021 tra-
2170 3968 2331 4022 Adde
2362 3969 2508 4022 intra
2538 3967 2668 4023 libr.
2695 3966 2763 4031 V,
2800 3963 2950 4037 cap.'
2989 3967 3043 4033 4,
3099 3969 3170 4024 de
3217 3963 3525 4037 Dorotheo,
3579 3969 3680 4024 vol.
3725 3967 3783 4022 VI

409 4040 608 4110 ament
639 4035 708 4110 (l._
739 4051 860 4110 pag.
896 4036 1046 4110 220).
1073 4065 1140 4110 ττ
1174 4037 1233 4090 In
1275 4035 1408 4110 bibl.
1445 4035 1650 4110 Abbrit.
1686 4038 1740 4091 S.
1776 4039 1930 4110 Petri
1989 4039 2059 4094 de
2169 4054 2296 4110 pag.
2339 4040 2437 4094 146
2469 4041 2602 4094 edit.
2638 4044 2745 4094 vet.
2780 4035 2960 4094 Ηλίιι..

407 4105 908 4162 Sclineurlidiosc.
971 4106 1370 4164 Ambianensis
1421 4109 1518 4178 (II,
1579 4125 1702 4180 pag.
1763 4109 1941 4180 1200),
2000 4120 2057 4166 ut

1579 4333 2623 4558 FRAGIYIENTA

775 4620 2175 4823 HIPPOLYTI
2270 4628 3422 4824 THEBANI

1155 4873 1964 4970 SYNTAGMATE
2039 4877 3064 4973 CHBONOLOGICO.

1775 5269 2320 5332 FRAGMENTUM
2367 5271 2415 5331 Ι.

387 5427 685 5498 Hippolyti
717 5429 970 5503 Thebani
989 5445 1058 5483 ea:
1087 5429 1479 5503 commentario
1525 5427 1642 5503 ejus
1681 5429 1948 5503 Chronico
1979 5429 2043 5483 de

2223 5427 2485 5503 τπολύτου
2541 5433 2638 5484 τοῦ
2695 5424 2936 5503 Θηϐαίου
3022 5430 3082 5484 ἐκ
3162 5433 3259 5484 τοῦ
3309 5421 3789 5503 ,χρονικρῦῌαῦςοῦ

635 5503 906 5570 prosapia
939 5501 1158 5554 Domini
1199 5499 1374 5551 nostri
1412 5491 1791 5552 lesu'Chrsiti.

2227 5502 2599 5576 quvriypatoc
2631 5491 2841 5576 napi);
2895 5503 2995 5569 τῆς
3077 5491 3382 5576 concitata?
3453 5502 3549 5554 τοῦ
3604 5491 3787 5568 Κυρίου

2223 5574 2386 5644 ἡμῶν
2408 5573 2604 5642 ’1ησοῦ
2625 5573 2883 5648 Χρίστοῦ.

2223 5657 2465 5736 Ἐγένετο
2524 5661 2704 5716 τοίνυν
2761 5665 2795 5732 ἡ
2853 5662 3257 5736 ἰνανθρώπησις
3286 5663 3382 5718 τοῦ
3409 5659 3605 5732 Κυρίου
3632 5654 3782 5726 ἡμῶν

2151 5749 2330 5822 Ἰησοῦ
2359 5749 2601 5827 Χριστοό
2629 5748 2783 5816 ἔτους
2811 5750 2912 5825 αφ’.

454 5659 809 5715 Incarnatus
838 5658 1019 5730 igitur
1049 5661 1138 5712 est
1163 5656 1447 5711 Dominus
1478 5663 1683 5712 noster
1709 5658 1844 5713 Jesu
1876 5659 2039 5714 Chri-

379 5750 506 5805 stus
545 5763 702 5804 anno
733 5747 892 5803 5500.
