4078 6204
267 395 427 456 1029
1722 392 1918 453 FRAG

2073 391 2224 449 i'l‘A.
3514 398 3673 461 1030

340 531 465 588 Ἐπὶ
498 527 810 603 Αὐγούστου
872 525 1142 601 βασιλέως
1198 523 1513 601 γεγέννηται
1564 523 1615 580 ἐν
1668 521 1918 597 σπηλαίῳ

2110 524 2227 580 Sub
2259 528 2520 598 Augusto
2556 527 2910 598 imperatore
2942 534 3117 584 natus
3159 536 3248 585 est
3281 531 3341 586 in
3374 532 3678 603 spelunca,

271 621 450 693 μηνὸς
487 612 819 691 Δεκεμϐρίου
850 615 943 672 κε’.

342 709 483 765 Ἀπὸ
515 705 693 779 Ἀδὰμ
726 712 896 780 μεχρι
928 706 1052 761 Νῶε
1083 700 1175 775 ἔτη
1214 704 1399 779 βσμβ’.

343 797 441 854 Καὶ
468 798 573 852 ἀπὸ
602 800 702 851 τοῦ
735 801 856 851 Νῶε
884 792 989 858 ἕως
1017 799 1112 849 τοῦ
1145 789 1401 869 Ἀϐραάμ
1427 788 1520 861 ἔτη
1553 794 1686 867 αρο’.

343 888 445 946 Καὶ
474 887 579 941 ἀπὸ
607 880 866 959 Ἀϐραάμ
892 881 997 945 ἕως
1025 884 1266 944 Μωσέως
1297 880 1389 952 ἔτη
1424 880 1568 953 υμδ’.

344 979 442 1033 Καὶ
475 976 578 1029 ἀπὸ
612 973 849 1034 Μωσέως
882 970 987 1034 ἓως
1022 967 1187 1026 Δαϐἰδ
1214 966 1305 1041 ἔτη
1339 973 1471 1047 φςθ“.

343 1067 437 1119 Καὶ
474 1065 578 1118 ἀπὸ
639 1058 805 1116 Δαϐἰδ
859 1059 965 1122 ’ἐως
1023 1065 1118 1115 τοῦ
1177 1062 1412 1136 Χριστοῦ
1470 1053 1563 1128 ἔτη
1624 1058 1763 1131 αμε“,
1814 1057 1929 1129 ἅμα

270 1153 362 1225 ἔτη
400 1155 497 1230 εφ’.

339 1242 479 1301 Ἀπὸ
540 1241 597 1297 δὲ
652 1249 752 1311 τῆς
806 1241 1265 1316 ἐνανθρωπήσεως
1320 1242 1416 1293 τοῦ
1471 1240 1715 1311 Χριστοῦ
1763 1236 1927 1311 μέχρι

263 1341 364 1403 τῆς
397 1338 505 1389 τῶν
535 1334 738 1407 Μάγων
767 1330 1063 1406 παρουσίας

339 1431 413 1495 (1)
448 1424 549 1479 Καὶ
577 1422 682 1476 ἀπὸ
730 1428 831 1490 τῆς
884 1421 959 1482 εἰς
992 1419 1267 1494 Αἴγυπτον
1300 1414 1593 1496 φυγαδείας
1627 1416 1794 1490 μεχρι
1826 1420 1927 1483 τῆς

265 1512 526 1582 τελευτῆς
558 1509 807 1586 Ἡρώδου
839 1512 959 1564 υἱοῦ
988 1508 1344 1582 Ἀντιπάτρου
1374 1506 1466 1577 ἔτη
1500 1507 1569 1581 γ’.

342 1602 682 1677 ΙΙαρῲκησαν
748 1600 800 1654 ἐν
862 1598 1122 1673 Αἷγύπεῳ
1182 1598 1233 1653 ἐν
1288 1594 1648 1653 Ἡλιουπόλει
1688 1592 1759 1667 ⁴τῇ
1791 1593 1928 1647 κατὰ

271 1692 496 1768 Μέμφιν
522 1689 615 1759 ἔτη
648 1692 714 1763 γ’.

343 1780 483 1835 Ἀπὸ
535 1777 591 1834 δί
645 1781 744 1844 τῆς
797 1778 933 1852 πρὸς
998 1774 1287 1831 Γαλιλαίαν
1350 1775 1423 1835 εἲς
1486 1774 1552 1827 τὰ
1612 1770 1724 1827 ἴδια
1753 1768 1927 1825 αὐτῶν

269 1867 533 1924 ἐπάνοδον
571 1869 737 1941 uti:pr
766 1871 867 1939 τῇς
898 1865 1156 1934 τελευτῆς
1193 1862 1500 1938 Ἀρχελάου
1533 1861 1625 1931 ἔτη
1661 1862 1744 1924 ιθ’.

348 1957 452 2011 Σὺν
479 1961 560 2028 τῷ
594 1953 889 2030 ’Λρχελάῳ
936 1954 1163 2024 τελευτᾷ
1207 1953 1294 2007 καὶ
1342 1949 1656 2026 Αὔγουστος
1686 1943 1778 2018 ἔτη
1810 1950 1925 2020 πη“,

280 2046 607 2124 βασιλεύσας
641 2048 715 2119 il)
746 2040 839 2115 ἔτη
871 2047 969 2109 νς“.

346 2139 487 2193 Ἀπὸ
547 2133 604 2190 δὲ
656 2134 912 2203 τελευτῆς
968 2132 1277 2208 Ἀρχελάου
1333 2129 1497 2206 μεχρι
1562 2128 1930 2204 βαπτίσματος

269 2231 370 2281 τοῦ
402 2229 642 2299 Χριστοῦ
673 2222 763 2294 ἔτη
800 2225 868 2299 γ’,
903 2224 1044 2295 ὁμοῦ
1074 2219 1165 2292 ἔτη
1202 2220 1266 2277 λ’.

348 2316 483 2369 Ἀπὸ
531 2313 728 2378 δετοῦ
790 2313 1159 2387 βαπτίσματος
1210 2316 1305 2366 τοῦ
1362 2312 1598 2383 Χριστοῦ
1636 2309 1802 2382 μέχρι
1833 2308 1930 2375 τῆς

271 2409 370 2459 τοῦ
401 2406 671 2479 Ζαχαρίου
705 2397 1025 2456 λιθοϐολίαε
1059 2395 1175 2462 ἔτος
1206 2401 1272 2458 α’.

348 2496 425 2566 (3)
457 2493 590 2549 Ἀπὸ
623 2490 679 2546 δὲ
710 2494 806 2559 τῆς
849 2490 1108 2557 τελευτῆς
1156 2488 1357 2543 τούτου
1415 2488 1581 2561 μέχρι
1613 2492 1713 2556 τῆς
1746 2483 1927 2539 Ἰωάνο

275 2604 372 2637 νου
406 2584 524 2636 υἱοῦ
583 2582 749 2636 αὐτοῦ
800 2588 900 2649 τῆς
960 2580 1047 2634 ἐπὶ
1104 2577 1353 2654 Ἡρώδου
1386 2582 1481 2632 τοῦ
1514 2577 1775 2650 νεωτὲρου
1807 2576 1927 2630 υἱοῦ

274 2670 580 2746 Ἀρχελάου
611 2672 661 2724 ἐν
696 2674 762 2744 τῇ
790 2674 999 2747 φρουρᾷ
1026 2668 1303 2744 γεγονυίας
1336 2662 1454 2729 ἔτος
1486 2672 1551 2725 α’.

350 2761 446 2817 Καὶ
502 2761 609 2815 ἀπὸ
638 2760 897 2828 τελευτῆς
960 2760 1212 2816 Ἰωάννου
1275 2758 1442 2832 μέχρι
1496 2760 1591 2811 τοῦ
1654 2754 1925 2830 σωτηρίου

276 2852 488 2910 πάθους
525 2853 697 2922 μῆνας

346 2941 547 3009 ’Ἑζησε
600 2939 702 3014 γᾶρ
764 2938 1019 3008 Ἰωάννης
1069 2938 1096 2990 ὁ
1158 2937 1467 3005 Βαπτιστής
1499 2932 1590 3005 ἔτη
1625 2933 1706 3009 λγ’
1736 2937 1827 3005 (4)’
1858 2932 1925 2987 τά

277 3029 371 3101 μὲν
408 3026 475 3080 λ”
514 3028 824 3101 ὑποχωρῶν
886 3028 936 3081 ἐν
994 3031 1110 3089 τοῖς
1161 3025 1415 3100 ἐρήμοις,
1465 3025 1530 3078 τά
1579 3020 1637 3078 δὲ
1665 3022 1790 3097 τρὶα
1824 3022 1892 3097 βα

272 3117 475 3185 πτίζων
576 3116 626 3169 ἐν
705 3113 988 3190 Ἰωρδάνῃ,
1065 3114 1154 3169 καὶ
1229 3113 1511 3188 κηρύττων
1617 3110 1919 3184 μετάνοιαν.

270 3204 544 3266 Ὡσαύτως
591 3206 680 3258 καὶ
742 3206 768 3258 ὁ
830 3205 1030 3278 Κύριος
1086 3206 1246 3276 ἡμῶν
1308 3205 1517 3272 Ἰησοῦς
1553 3201 1776 3277 Χριστὸς
1802 3221 1922 3276 τρι-

274 3297 471 3350 άκοντα
499 3292 591 3363 ἔτη
624 3293 674 3348 ἔν
708 3299 824 3355 τοῖς
854 3290 1128 3356 παιδικοῖς
1160 3291 1327 3365 διῆξε.

348 3384 497 3441 Μετὰ
555 3381 611 3438 δὲ
662 3384 724 3438 τὸ
800 3383 1079 3458 βάπτισμα
1151 3380 1437 3451 ἐπελέξατο
1501 3379 1626 3441 τοὺς
1688 3380 1933 3452 μαθητάς

274 3472 564 3544 κηρύσσειν
596 3473 696 3541 τήν
727 3471 891 3526 αὐτοῦ
924 3470 1203 3546 βασιλείαν
1231 3468 1336 3532 ἕως
1362 3472 1592 3541 σταυροῦ
1622 3465 1714 3537 ἔτη
1754 3469 1820 3541 γ’.

346 3564 504 3625 ⁴Οθεν
560 3563 611 3616 οἳ
665 3560 715 3616 ἐν
777 3560 974 3632 Νικαίᾳ
1031 3558 1259 3633 Πατὲρες
1316 3557 1644 3629 διετάξαντο,
1689 3557 1764 3629 μὴ
1799 3576 1926 3631 χει-

272 3655 517 3724 ροτονεῖν
565 3645 931 3724 πρεσϐύτερον
988 3650 1093 3722 πρὸ
1150 3647 1281 3701 ἐτῶν
1339 3645 1649 3719 τριάκοντα,
1704 3646 1925 3719 ἀρκετὸν

272 3740 511 3801 εἰπόντες
544 3744 623 3811 τῷ
655 3742 872 3812 μαθητῇ
901 3739 963 3791 τὸ
994 3740 1090 3791 τοὶ
1133 3732 1482 3801 διδασκάλου,
1515 3734 1602 3787 καὶ
1634 3738 1711 3805 τῷ
1741 3731 1925 3806 δούλῳ

267 3830 330 3885 τὸ
359 3833 456 3884 τοῦ
483 3829 674 3904 κυρίου
704 3827 889 3882 αὐτοῦ.

342 3920 481 3975 Ἀπὸ
512 3915 567 3972 δί
618 3921 713 3971 τοῦ
758 3914 1031 3989 σωτηρίου
1078 3915 1306 3981 πάθους,
1338 3912 1428 3966 καὶ
1464 3918 1565 3980 τῆς
1596 3910 1921 3985 ἀναλήψεως

272 4004 403 4081 ἄχρι
460 4016 561 4068 τῖς
616 4010 714 4061 τοῦ
775 4003 1050 4079 Στεφάνου
1105 3997 1427 4065 Αιθοϐολίας
1476 3998 1567 4069 ἔτη
1604 4002 1664 4070 ζ’,
1698 4003 1786 4053 καὶ
1818 4001 1922 4054 ἀπὸ

267 4095 471 4165 ταύτης
508 4098 672 4169 μέχρι
704 4098 801 4148 τοῦ
829 4096 1086 4168 φανέντος
1104 4096 1184 4163 τῷ
1217 4089 1415 4162 Σαύλῳ
1442 4090 1621 4166 φωτὸς
1658 4096 1824 4161 μῆνες
1859 4090 1918 4157 ζ’.

342 4186 445 4241 Καὶ
506 4187 610 4240 ἀπὸ
670 4186 1044 4258 βαπτίσματος
1129 4180 1220 4235 καὶ
1288 4179 1641 4255 κηρύγματος
1705 4178 1921 4234 Παύλου

272 4275 440 4350 μέχρι
471 4273 795 4347 ἀναλήψεως
845 4274 942 4341 τῆς
997 4270 1292 4340 Δεσποίνης
1348 4272 1508 4343 ἡμῶν
1545 4269 1919 4345 ὑπεραμώμου

266 4363 360 4433 ἔτη
392 4384 536 4438 τρια,
571 4365 712 4436 ὁμοῦ
744 4359 834 4431 ἔτη
873 4359 976 4434 μδ.

339 4457 542 4523 ’Έζησε
571 4454 672 4527 γάρ
706 4451 797 4506 σὺν
846 4455 916 4525 τῇ
964 4450 1344 4525 ἁνθρωπότητι
1391 4452 1426 4519 ἡ
1480 4448 1749 4523 πάναγνος
1788 4455 1912 4503 Θεοι

265 4540 429 4604 τόκος
458 4541 509 4595 ἐν
539 4546 619 4611 τῷ
651 4545 763 4613 ναῷ
792 4537 882 4611 ἔτη
921 4536 1002 4607 ιδ’,
1036 4539 1087 4593 ἐν
1115 4542 1196 4609 τῷ
1246 4536 1379 4609 οἷ’κῳ
1410 4538 1611 4614 Ἰωσὴφ
1649 4540 1819 4608 μῆνας
1855 4532 1917 4605 δ’,

2041 631 2247 670 mense
2278 615 2616 670 Decembris
2648 616 2741 671 die
2772 618 2859 671 25.

2108 704 2192 758 Ab
2227 704 2411 759 Adam
2444 722 2629 775 usque
2658 706 2732 760 ad
2767 708 2883 760 Noe
2916 708 3055 761 anni
3089 711 3248 763 2242.

2108 796 2231 848 Eta
2263 796 2379 848 Noe
2412 811 2599 865 usque
2630 795 2703 849 ad
2736 796 3030 852 Abraham
3063 798 3201 852 anni
3237 803 3392 853 1170.

2109 886 2177 936 Et
2206 883 2277 937 ab
2310 884 2604 938 Abraham
2637 902 2823 955 usque
2855 885 2929 940 ad
2960 888 3213 958 Moysem
3238 889 3377 942 anni
3408 891 3530 946 444.

2108 975 2177 1026 Et
2206 989 2239 1027 a
2272 976 2496 1043 Moyses
2526 990 2713 1043 usque
2749 976 2821 1030 ad
2856 976 3029 1030 David
3059 979 3200 1031 anni
3235 981 3354 1033 599.

2106 1064 2177 1115 Et
2205 1079 2239 1116 a
2272 1062 2448 1116 David
2481 1079 2667 1133 usque
2712 1065 2786 1120 ad
2816 1066 3112 1120 Christum
3144 1069 3285 1122 anni
3320 1072 3475 1137 1045,
3503 1072 3684 1126 simul

2037 1151 2181 1205 anni
2202 1154 2361 1207 5500.

2114 1241 2156 1292 A
2188 1239 2405 1294 Christi
2428 1240 2836 1295 incarnatione
2859 1248 3055 1297 autem
3079 1260 3266 1315 usque
3289 1246 3361 1301 ad
3381 1249 3676 1320 Magorum

2038 1328 2357 1383 adventum
2384 1329 2526 1384 anni
2561 1330 2691 1385 duo.

2106 1420 2176 1471 Et
2204 1435 2238 1473 a
2267 1418 2402 1491 fuga
2428 1420 2487 1473 in
2506 1421 2813 1492 Egyptum
2842 1437 3030 1491 usque
3053 1423 3126 1476 ad
3152 1429 3400 1478 mortem
3435 1426 3679 1482 Herodis

2037 1506 2143 1560 filii
2177 1509 2470 1579 Antipatri
2500 1510 2639 1564 anni
2676 1515 2813 1564 tres.

2109 1597 2461 1652 Habitarunt
2490 1599 2549 1653 in
2581 1601 2822 1671 zEgypto
2858 1600 3335 1673 Heliopolijuxta
3382 1605 3682 1675 Mempliia

2035 1682 2209 1739 annis
2240 1688 2291 1739 3.

2104 1776 2455 1846 Aregressu
2490 1792 2625 1829 vero
2658 1777 2919 1847 ipsorum
2981 1779 3054 1833 ad
3109 1781 3348 1852 propria
3406 1782 3466 1835 in
3526 1782 3683 1837 Gali-

2035 1862 2228 1926 lmam,
2263 1881 2448 1933 usque
2484 1864 2555 1918 ad
2591 1873 2838 1921 mortem
2875 1869 3145 1923 Archelai
3179 1870 3318 1923 anni
3355 1871 3439 1923 19.

2110 1955 2253 2007 Cum
2310 1954 2597 2009 Archelao
2656 1957 2907 2011 moritur
2966 1964 3024 2012 et
3056 1960 3347 2031 Augustus
3404 1976 3559 2014 anno
3588 1962 3675 2028 88,

2040 2044 2206 2114 regni
2237 2046 2325 2097 56.

2112 2134 2367 2187 Amorte
2417 2150 2551 2188 vero
2611 2135 2882 2191 Archelai
2941 2153 3126 2207 usque
3185 2138 3257 2193 ad
3314 2138 3676 2209 baptismum

2039 2222 2371 2276 Christian.
2410 2225 2461 2292 3,
2493 2223 2669 2277 simul
2701 2241 2775 2278 an
2807 2227 2893 2278 30.

2110 2316 2155 2365 Α
2182 2311 2536 2382 baptismate
2567 2319 2764 2368 autem
2797 2314 3010 2370 Christi
3045 2332 3234 2386 usque
3267 2316 3339 2371 ad
3368 2317 3682 2388 lapidatio-

2040 2417 2177 2455 nem
2209 2401 2502 2455 Zachariae
2536 2419 2630 2457 an.
2665 2419 2821 2457 unus

2110 2492 2155 2544 A
2186 2496 2375 2545 morte
2408 2508 2542 2545 vero
2575 2493 2868 2546 Zachariae
2922 2510 3110 2564 usque
3168 2494 3241 2549 ad
3297 2496 3539 2549 Joannis
3573 2497 3679 2550 ﬁlii

2038 2579 2225 2651 ipsius
2256 2588 2527 2647 mortem,
2554 2583 2660 2636 sub
2696 2583 2921 2638 Herode
2956 2585 3195 2655 juniore
3255 2587 3523 2640 Archelai
3561 2587 3681 2641 filio

2036 2670 2097 2723 in
2130 2687 2366 2725 carcere
2398 2677 2692 2742 patratam
2724 2689 2820 2729 an.
2847 2690 3023 2729 unus.

2107 2763 2177 2814 Et
2206 2777 2239 2814 a
2262 2768 2450 2815 morte
2483 2764 2728 2818 Joannis
2760 2780 2947 2834 usque
2980 2764 3051 2819 ad
3086 2764 3408 2821 salvificam
3460 2768 3686 2837 passio-

2036 2866 2173 2904 nem
2206 2868 2443 2906 menses
2474 2854 2524 2906 6.

2112 2939 2262 2993 Vixit
2292 2940 2451 2993 enim
2482 2941 2741 2995 Joannes
2792 2942 3049 3012 Baptista
3106 2945 3280 2997 annis
3325 2946 3413 3007 33,
3446 2946 3683 3017 triginta

2036 3028 2276 3098 quidem
2310 3030 2370 3083 in
2406 3046 2604 3084 eremo
2632 3055 2644 3093 ;
2687 3030 2875 3084 tribus
2901 3047 3036 3086 vero
3069 3033 3245 3086 annis
3277 3032 3587 3103 baptizavit
3622 3037 3681 3090 in

2032 3116 2287 3172 Jordane
2316 3119 2649 3189 praedicans
2686 3120 3115 3190 pmnitentiam.
3153 3121 3363 3191 Sicque
3402 3125 3681 3178 Dominus

2036 3212 2240 3259 noster
2267 3208 2434 3260 Jesus
2465 3208 2731 3262 Christus
2770 3208 3009 3279 triginta
3055 3210 3228 3263 annis
3269 3210 3327 3262 in
3370 3211 3681 3280 juventute

2040 3296 2199 3349 vixit.

2113 3386 2252 3437 Post
2282 3384 2651 3455 baptismum
2688 3402 2822 3439 vero
2852 3386 3029 3457 elegit
3058 3386 3401 3457 discipulos,
3436 3394 3501 3442 ut
3539 3407 3689 3460 pra:-

2040 3473 2308 3528 dicarent
2338 3490 2584 3546 regnum
2619 3492 2813 3541 suum,
2847 3492 3034 3546 usque
3068 3476 3142 3530 ad
3172 3493 3406 3531 crucem
3440 3480 3612 3533 annis
3635 3484 3685 3535 3.

2111 3562 2274 3617 Unde
2326 3566 2528 3618 Patres
2576 3565 2637 3619 in
2688 3565 2921 3619 Nicama
2971 3565 3194 3637 synodo
3236 3571 3588 3633 statuerunt,
3623 3576 3687 3624 ut

2034 3667 2152 3704 non
2186 3651 2607 3707 ordinarentur
2636 3653 2967 3724 presbyteri
2999 3660 3134 3710 ante
3180 3655 3419 3725 triginta
3468 3673 3678 3727 annos,

2033 3739 2427 3812 dixeruntque
2460 3742 2731 3798 sufficere
2763 3744 3080 3815 discipulo,
3113 3750 3178 3798 ut
3209 3745 3285 3799 sit
3314 3746 3465 3800 sicut
3494 3749 3678 3820 magi-

2036 3835 2193 3896 ster;
2228 3837 2287 3885 et
2318 3848 2505 3897 servo,
2538 3838 2603 3886 ut
2629 3833 2701 3887 sit
2733 3832 2885 3888 sicut
2915 3833 3193 3888 dominus
3224 3834 3374 3905 ejus.

2104 3923 2146 3973 A
2196 3920 2456 3976 salviﬁca
2485 3939 2620 3976 vero
2671 3924 2968 3993 passione,
3003 3930 3059 3976 et
3090 3924 3458 3990 ascensione,
3494 3942 3682 3996 usque

2031 4008 2105 4062 ad
2136 4010 2421 4080 Stephani
2458 4011 2879 4081 lapidationem
2916 4013 3054 4067 anni
3082 4017 3134 4077 '7,
3169 4019 3226 4066 et
3255 4014 3327 4066 ab
3361 4014 3465 4068 illa
3495 4032 3683 4086 usque

2030 4096 2103 4150 ad
2128 4096 2343 4161 lucem,
2378 4116 2508 4168 qum
2544 4099 2723 4153 Paulo
2756 4101 3051 4169 apparuit,
3086 4118 3322 4155 menses
3356 4119 3477 4157 sex.

2100 4187 2168 4239 Et
2190 4203 2223 4241 a
2250 4187 2415 4241 Pauli
2447 4188 2801 4258 baptismate
2834 4204 2901 4241 ac
2934 4188 3355 4258 praedicatione
3388 4206 3576 4259 usque
3609 4191 3680 4244 ad

2028 4274 2292 4328 Domina:
2326 4281 2545 4329 nostra-'3
2576 4292 2864 4346 perquam
2889 4275 3286 4332 immaculata;
3318 4279 3674 4348 assumptio

2026 4378 2163 4416 nem
2197 4368 2337 4417 sunt
2366 4363 2507 4417 anni
2543 4369 2659 4418 tres
2699 4364 2877 4418 simul
2910 4364 3050 4419 anni
3084 4367 3172 4418 44.

2100 4451 2428 4506 Vixitenim
2466 4452 2619 4506 inter
2649 4453 2924 4507 homines
2968 4452 3289 4523 purissima
3338 4454 3586 4525 Deipara
3616 4456 3675 4509 in

2027 4539 2248 4611 templo
2280 4541 2453 4595 annis
2485 4544 2569 4607 14,
2598 4542 2656 4595 in
2688 4540 2863 4595 domo
2922 4542 3137 4611 Joseph
3196 4542 3502 4597 mensibus
3537 4545 3586 4607 -’i,
3622 4550 3679 4598 et

268 4630 357 4684 καὶ
407 4629 794 4704 εὐηγγελίσθη,
847 4630 936 4684 καὶ
987 4622 1335 4683 συλλαϐοῦσα
1386 4624 1531 4681 ἔτεκε
1583 4625 1675 4680 τὸν
1721 4625 1911 4701 Κύριον

2073 4630 2402 4685 nnuntiatio
2435 4632 2483 4684 ei
2517 4631 2671 4685 facta
2702 4635 2810 4689 est,
2862 4636 2920 4683 et
2976 4631 3269 4700 concepit,
3328 4633 3675 4703 peperitque

268 4721 429 4791 ἡμῶν
463 4720 673 4789 Ἰησοῦν
709 4719 963 4793 Χριστὸν,
996 4718 1137 4789 ὁμοῦ
1157 4714 1248 4785 ἔτη
1288 4717 1362 4771 ιε’.

342 4896 481 4951 Ἀπὸ
540 4892 598 4950 δὲ
654 4898 751 4964 τῆς
792 4893 1256 4967 ἔνανθρωπήσεως
1316 4896 1413 4947 τοῦ
1471 4893 1700 4969 Χριστοῦ
1732 4889 1916 4963 ἔζησεν

268 4982 361 5054 ἔτη
397 4983 503 5058 λγ’.

346 5078 419 5147 (5)
492 5080 634 5137 Ἐως
708 5074 1034 5147 ἀναλήψεως
1105 5074 1203 5126 τοῦ
1259 5071 1494 5145 Χριστοῦ
1552 5070 1603 5126 ἐν
1660 5075 1740 5143 τῷ
1785 5069 1921 5142 οἷ’κῳ

265 5164 523 5222 »Ιωάννου
554 5162 647 5233 ἔτη
686 5165 769 5221 ια’.

336 5349 407 5414 (1)
443 5348 545 5402 Hic
576 5345 790 5419 incipit
819 5347 1214 5419 fragmentum
1262 5343 1560 5415 Hippolyti
1595 5344 1857 5401 Thebani
1887 5362 1922 5400 a

272 5419 511 5476 Canisio
545 5418 790 5472 editum.

340 5493 413 5559 (2)
447 5491 579 5543 Haec
608 5488 850 5544 omnino
879 5488 1052 5543 aliter
1081 5488 1377 5542 habentur
1406 5487 1560 5557 apud
1594 5486 1914 5545 Canisium.

335 5564 412 5631 (3)
446 5561 547 5615 Hic
580 5560 874 5614 nonnulla
919 5559 1035 5614 alia
1086 5560 1523 5613 interseruntur
1559 5559 1714 5629 apud
1745 5560 1917 5615 Cani-

264 5649 600 5777 sulfiiegit
630 5703 901 5757 Canisius
932 5698 1011 5769 λζ’
1038 5719 1141 5756 seu
1193 5704 1279 5769 36,
1343 5700 1444 5757 sed
1495 5718 1761 5772 erronee,
1795 5721 1913 5760 non

2029 4717 2342 4775 Dominum
2390 4725 2660 4774 nostrum
2690 4720 2887 4774 Jesum
2921 4719 3239 4787 Christum,
3274 4721 3453 4775 simul
3505 4723 3676 4777 annis

2028 4806 2118 4862 15.

2100 4896 2186 4951 Ab
2220 4898 2630 4953 incarnatione
2662 4915 2795 4953 vero
2828 4898 3042 4954 Christi
3075 4899 3215 4955 vixit
3244 4916 3431 4956 annos
3460 4904 3546 4958 33.

2112 5076 2308 5146 Usque
2338 5075 2412 5130 ad
2443 5075 2913 5146 assumptionem
2943 5076 3162 5132 Christi
3203 5078 3264 5132 in
3298 5077 3471 5135 domo
3502 5082 3674 5136 Joan-

2030 5168 2125 5223 nis
2155 5165 2295 5221 anni
2330 5165 2415 5218 11.

2031 5347 2191 5401 enim
2222 5344 2368 5399 vixit
2397 5344 2553 5398 ultra
2582 5344 2647 5397 33
2692 5359 2901 5410 annos,
2936 5344 3096 5400 unde
3138 5351 3343 5402 nostra
3371 5347 3547 5403 lectio
3579 5365 3672 5404 re-

2033 5416 2290 5472 ﬁnenda.

2096 5492 2173 5557 (ὅ)
2206 5488 2391 5559 Aliter
2421 5487 2548 5540 hinc
2579 5485 2757 5559 habet
2780 5486 2920 5559 Car}.
2966 5487 3047 5540 ita
3104 5487 3343 5559 legens:
3405 5487 3504 5542 Καὶ
3540 5490 3674 5559 μετὰ

2025 5552 2121 5625 ﬁli",
2158 5552 2427 5628 ἀνάληψιν
2461 5560 2555 5608 τοῦ
2612 5554 2832 5627 Κυρίου,
2873 5552 3077 5628 ἔζησενΔ
3115 5552 3202 5610 si}:
3255 5564 3370 5619 τοῖς
3403 5552 3671 5628 μαθηταῖς

2030 5624 2197 5685 αύτοῦ
2230 5628 2281 5683 ἐν
2312 5624 2391 5699 τῷ
2423 5626 2559 5698 οἴκῳ
2594 5624 2841 5682 Ἰωάννου
2885 5632 2981 5681 τοῦ
3013 5624 3421 5702 Εὐαγγελιστοῦ
3455 5624 3545 5694 ἔτη
3582 5636 3669 5686 ια’.

2024 5707 2089 5760 Ει
2138 5710 2264 5773 post
2326 5701 2545 5755 Domini
2594 5703 3017 5771 assumptione»:
3080 5719 3195 5757 omn
3247 5703 3531 5772 discipulis
3560 5704 3674 5772 eius
