4078 6204
394 379 542 440 1031

460 518 548 571 Ita
569 520 634 571 ut
658 532 867 570 omnes
898 514 1024 584 ejus
1055 513 1196 568 anni
1224 513 1344 568 sint
1374 516 1461 568 59.

460 610 640 662 Porro
668 606 764 660 hic
796 611 885 660 est
911 606 1188 671 Joannes,
1223 621 1400 675 quem
1433 604 1716 676 diligebat
1743 602 2032 668 Christus,

1689 375 2110 439 HIPPOLYTI
2154 378 2254 437 ΤΗ
2268 378 2499 438 ΕΒΑΝΙ

2064 518 2118 584 Α
2219 513 2312 572 Ὠς
2346 511 2480 566 εἶναι
2505 512 2572 566 τὰ
2601 511 2775 566 πάντα
2805 511 2976 582 αὐτῆς
3009 511 3100 585 ἔτη
3133 517 3228 579 νθ’.

3651 384 3811 445 1033

2208 600 2378 663 Οὗτος
2408 598 2465 655 δὲ
2495 599 2636 656 ἐστιν
2700 600 2982 672 Ἰωάννης,
3038 603 3097 658 ’ὸν
3152 605 3339 678 ἠγάπα
3397 604 3425 659 6
3478 607 3736 680 Χριστὸς,
3781 607 3814 660 6

386 697 614 765 fuitque
645 695 804 765 virgo
837 699 894 747 et
925 693 1304 764 evangelista,
1338 695 1559 748 mansit
1606 692 2008 756 Hierosolymi:

2136 692 2399 766 παρθένος
2447 692 2535 746 καὶ
2597 692 3011 768 εὐαγγελιστής,
3061 693 3208 757 ὅστις
3269 691 3455 769 ἔμενεν
3490 696 3540 752 ἐν
3570 703 3816 773 Ἱεροσο-

385 787 446 839 ἱη
474 786 647 838 domo
682 799 807 846 sua,
841 783 1240 837 Ecclesiarum
1265 788 1470 848 matre,
1505 782 1577 838 ad
1611 799 1788 854 quam
1824 780 2028 835 confu-

385 880 598 946 gerunt
627 873 902 946 apostoli,
928 879 1171 945 prOpter
1192 879 1415 929 metum
1437 874 1794 928 Judteorum.

461 1054 542 1107 lbi
574 1058 964 1124 praeparatum
996 1052 1107 1107 fuit
1141 1058 1199 1107 et
1238 1052 1498 1106 Pascha:
1532 1051 1610 1105 ibi
1642 1049 1834 1122 primo
1867 1064 2026 1120 mys-

385 1146 598 1199 terium
633 1143 940 1214 discipulis
969 1143 1251 1197 traditum
1285 1143 1392 1196 fuit
1426 1159 1437 1195 :
1465 1141 1542 1195 ibi
1575 1145 1708 1211 post
1737 1155 2030 1194 resurrec-

381 1236 602 1288 tionem
625 1233 909 1287 Dominus
933 1233 1052 1286 illis
1075 1232 1346 1302 apparuit
1369 1251 1384 1292 ;
1409 1230 1484 1284 ibi
1515 1229 1767 1300 Spiritus
1786 1231 2026 1282 sanctus

375 1323 623 1393 illapsus
657 1327 745 1376 est
778 1321 1127 1390 discipulis:
1180 1319 1258 1373 ibi
1292 1321 1528 1372 Thomze
1558 1315 1822 1372 ostendit
1855 1321 2025 1387 typos

376 1413 712 1467 clavorum:
747 1411 828 1464 ibi
861 1409 1113 1480 apostoli
1157 1409 1219 1462 in
1252 1409 1509 1480 primum
1543 1407 1885 1478 episcopum
1932 1421 2023 1458 or-

378 1502 662 1554 dinarunt
695 1499 880 1552 [ilium
911 1497 1167 1569 Josephi,
1203 1497 1443 1552 fratrem
1499 1495 1754 1558 Domini,
1796 1510 1916 1548 non
1951 1493 2022 1547 fl-

379 1591 524 1645 lium
576 1588 859 1652 Zebedaai,
891 1587 1134 1642 fratrem
1177 1587 1440 1652 Joannis,
1493 1583 1809 1639 Zebedzeus
1864 1583 2023 1635 enim

377 1679 677 1752 propriam
706 1695 914 1733 navem
941 1678 1167 1733 habens
1215 1677 1570 1748 appellatur,
1607 1680 1664 1728 et
1695 1673 2020 1744 praecipuo-

375 1787 530 1835 rum,
564 1768 661 1838 qui
691 1768 751 1821 in
782 1767 1055 1822 Galilezea
1086 1771 1273 1835 erant,
1315 1766 1577 1819 virorum
1625 1763 1736 1817 fuit
1765 1761 2017 1834 primus.

443 1950 574 1999 Post
606 1950 856 1999 mortem
888 1961 1020 1998 vero
1051 1943 1364 2012 (Zebedaai)
1391 1943 1648 1997 Joannes
1690 1940 1873 2012 patris
1923 1939 2012 1994 sui

374 2035 780 2090 hmreditatem
811 2033 1080 2088 distraxit
1114 2033 1172 2086 in
1194 2033 1451 2098 Galilaia,
1487 2036 1545 2086 et
1591 2030 2015 2101 Hierosolymis

382 2123 752 2179 domicilium
787 2123 1169 2193 comparavit,
1202 2121 1359 2176 unde
1385 2126 1452 2175 ut
1479 2120 1696 2175 dicitur
1737 2119 1810 2174 de
1861 2119 2010 2190 ipso,

378 2220 502 2269 erat
543 2219 718 2267 notus
750 2212 1035 2282 pontifici.

445 2303 546 2357 llic
577 2302 801 2373 recepit
832 2301 1269 2356 sanctissimam
1319 2300 1630 2371 Deiparam
1680 2297 1741 2352 in
1773 2298 2013 2352 domum

370 2409 538 2447 suam
560 2408 747 2462 usque
779 2390 854 2445 ad
913 2389 1409 2444 resurrectionem
1472 2389 1679 2459 ipsius,
1716 2393 1772 2441 et
1804 2393 2010 2457 postea

372 2499 506 2536 cum
537 2480 918 2551 przedicasset
960 2479 1222 2543 verbum,
1257 2483 1314 2531 et
1361 2477 1486 2548 ipse
1535 2482 1875 2547 assumptus
1907 2482 2014 2530 est.

440 2569 689 2624 Jacobus
729 2574 927 2623 autem
957 2567 1146 2622 factus
1179 2567 1407 2637 primus
1438 2566 1753 2636 episcopus
1782 2566 2016 2619 Jeroso-

373 2659 716 2729 lymitanus,
751 2657 932 2711 frater
970 2656 1210 2726 quidem
1242 2655 1473 2709 Domini
1527 2654 1853 2709 secundum
1885 2670 2012 2708 car-

373 2764 511 2802 nem
544 2762 670 2800 esse
703 2746 939 2811 dicitur,
966 2745 1124 2799 filius
1153 2761 1286 2799 vero
1327 2744 1476 2798 fabri
1511 2743 1747 2814 Josephi
1779 2759 1849 2797 ex
1877 2759 2013 2797 car-

372 2838 494 2892 nali
523 2853 704 2891 uxore
726 2835 876 2907 ejus.
896 2836 1157 2900 Quatuor
1188 2835 1343 2889 enim
1377 2834 1532 2888 ﬁlios
1555 2833 1761 2888 habuit
1777 2833 2016 2904 Joseph,

365 2926 667 2993 Jacobum,
730 2926 1054 2988 Simonem,
1103 2924 1313 2979 Judam
1373 2923 1714 2994 etJoseph:
1780 2928 1838 2977 et
1868 2921 2014 2976 duas

366 3015 521 3071 tilias
547 3016 758 3070 Esther
779 3021 833 3069 et
858 3013 1144 3069 Martham
1168 3030 1236 3068 ex
1257 3029 1437 3068 uxore
1470 3029 1575 3067 sua
1599 3013 1854 3075 Salome,
1879 3028 2010 3082 qua;

359 3105 471 3158 fuit
503 3105 625 3159 lilia
657 3104 850 3176 Aggaei
908 3103 1108 3158 fratris
1157 3102 1470 3169 Zachariae,
1530 3103 1715 3174 patris
1743 3101 2007 3168 Joannis,

362 3193 468 3248 filii
502 3193 822 3260 Barachize,
853 3192 964 3248 filii
1003 3192 1161 3247 Abiu:
1196 3190 1543 3248 sacerdotis.

429 3374 499 3426 Et
528 3377 668 3426 tunc
726 3369 969 3441 quidem
1027 3370 1240 3426 viduus
1271 3373 1398 3424 erat
1427 3368 1684 3440 Joseph:
1746 3366 1893 3422 adeo
1947 3371 2013 3420 ut

361 3464 616 3517 Joannes
653 3461 910 3531 Baptista
933 3465 992 3514 et
1021 3460 1253 3514 Salome
1281 3459 1401 3514 sint
1431 3458 1678 3512 fratrum
1706 3473 2009 3528 germano-

361 3569 493 3605 rum
536 3549 730 3604 liberi.
793 3553 1038 3619 Aggzeus
1096 3549 1257 3602 cnim
1315 3547 1614 3601 Barachiae
1669 3546 1849 3613 filius,
1883 3551 2010 3600 erat

359 3646 602 3709 patruus
633 3637 894 3690 Joannis.
932 3637 1216 3689 Similiter
1246 3642 1303 3688 et
1332 3636 1642 3689 Zacharias
1680 3635 1861 3689 frater
1891 3637 2006 3706 Ag-

358 3725 462 3795 gaei
499 3730 742 3793 patruus
768 3723 1033 3776 Salomes
1065 3723 1265 3776 uxoris
1324 3723 1561 3791 Josephi
1618 3723 1791 3776 fabri.
1831 3727 2008 3776 Erant

358 3830 531 3882 porro
556 3816 772 3865 sancta:
799 3811 1061 3863 Domina:
1087 3817 1304 3864 nostrae
1329 3810 1591 3880 Deiparaa
1614 3826 1680 3863 ex
1706 3810 2002 3864 Bethleem

361 3906 478 3953 tres
511 3914 744 3953 sorores
766 3914 800 3951 a
824 3898 1123 3952 Bethleem
1151 3898 1288 3952 ﬁlia:
1321 3898 1554 3952 Mathan
1585 3897 1926 3964 sacerdotis,
1948 3903 2006 3951 et

361 3988 552 4042 Maria)
584 3987 784 4041 uxoris
826 3987 954 4058 ejus
1013 3993 1294 4058 regnante
1353 3985 1666 4058 Cleopatra
1698 3991 1756 4040 et
1784 3987 2001 4058 Sapore

357 4079 554 4143 Persa,
587 4081 722 4131 ante
747 4092 992 4147 regnum
1027 4075 1272 4130 Herodis
1305 4075 1619 4146 Antipatri.
1647 4075 1859 4130 Prima;
1891 4092 1999 4129 no—

353 4183 491 4220 men
517 4173 642 4222 erat
673 4167 885 4232 Maria;
909 4165 1182 4220 secundm
1206 4182 1340 4220 vero
1373 4165 1520 4220 Sobe
1543 4183 1556 4230 ;
1579 4165 1766 4220 tertiw
1799 4171 1997 4220 autem

352 4261 504 4312 Ann.
557 4256 765 4327 Nupsit
813 4256 992 4328 igitur
1037 4255 1230 4327 prima
1258 4258 1318 4308 in
1352 4253 1673 4322 Belhleem,
1709 4261 1767 4310 et
1794 4255 1999 4328 genuit

2138 779 2336 852 λύμοις
2391 783 2492 850 τήν
2544 786 2654 836 τῶν
2711 780 3054 852 Ἐκκλησιῶν
3121 785 3336 859 μήτορα
3388 783 3465 848 εἲς
3504 787 3602 854 τὴν
3635 787 3814 842 αὐτοῦ

2136 869 2332 942 οῗκίαν,
2365 870 2442 935 είς
2466 869 2531 940 ἤν
2567 869 2767 949 ἔφυγον
2812 872 2863 926 οἱ
2914 871 3214 928 ἀπόστολοι
3247 871 3335 928 διὰ
3363 876 3456 928 τὸν
3489 871 3658 953 φόϐον
3692 881 3813 930 τῶν

2135 957 2437 1017 Ἰουδαίων.

2208 1051 2282 1121 (6)
2322 1050 2468 1104 Ἐκεῖ
2523 1049 2835 1122 ἡτοιμάσθη
2894 1050 2985 1104 καὶ
3043 1051 3106 1105 τὸ
3162 1053 3373 1127 Πάσχα’
3435 1053 3545 1108 ἐκεῖ
3601 1054 3697 1110 καὶ
3743 1057 3813 1110 τὸ

2133 1142 2348 1211 πρῶτον
2413 1141 2707 1214 μυστήριον
2797 1136 3052 1210 ἐτελέσθη
3140 1146 3256 1204 τοῖς
3339 1144 3623 1213 μαθηταῖς·
3689 1142 3816 1198 ἐκεῖ

2133 1225 2298 1303 ἐφάνη
2358 1229 2546 1289 αὐτοῖς
2605 1227 2695 1281 καὶ
2755 1229 2784 1282 6
2845 1227 3040 1304 Κύριος
3104 1231 3239 1302 μετᾶ
3312 1231 3414 1299 τὴν
3486 1233 3807 1286 ἀνάστασινο

2132 1313 2241 1369 ἐκεῖ
2269 1316 2358 1370 καὶ
2389 1316 2452 1370 τὸ
2483 1320 2692 1389 πνεῦμα
2739 1317 2800 1371 τὸ
2849 1316 3000 1391 ἅγιον
3058 1317 3301 1388 κατῆλθε
3350 1325 3466 1381 τοῖς
3504 1323 3804 1393 μαθηταῖς·

2131 1401 2242 1458 ἐκεῖ
2297 1405 2383 1458 καὶ
2448 1411 2522 1474 (7)
2579 1409 2688 1460 τῶν
2745 1411 2943 1478 Θωμᾶν
3021 1400 3185 1479 ἔδειξε
3236 1407 3364 1470 τοὺς
3421 1409 3624 1471 τύπους
3687 1414 3802 1464 τῶν

2127 1492 2304 1561 ἥλων*
2337 1494 2446 1548 ἐκεῖ
2475 1499 2688 1568 πρῶτον
2737 1494 3032 1549 ἐπίσκοπον
3089 1496 3514 1572 ἐχειροτόνησαν
3565 1499 3616 1552 οἱ
3649 1500 3799 1553 ἀπό-

2127 1580 2316 1637 στολοι
2361 1585 2453 1637 τὸν
2499 1583 2612 1638 υἱὸν
2670 1584 2871 1661 Ἰωσὴφ
2912 1584 3004 1638 τὸν
3060 1582 3294 1661 ἀδελφὸν
3333 1591 3431 1640 τοῦ
3465 1587 3698 1662 Κυρίου,
3733 1588 3802 1642 οῦ

2123 1672 2216 1726 τὸν
2251 1673 2364 1726 υἱὸν
2417 1667 2700 1726 Ζεϐεδαίου
2748 1673 2840 1728 τὸν
2894 1670 3128 1750 ἀδελφὸν
3173 1676 3453 1730 Ἰωάννου’
3491 1677 3520 1730 6
3551 1676 3656 1751 γὰρ
3706 1682 3803 1730 Ζε-

2125 1755 2343 1822 ϐεδαῖος
2375 1759 2796 1837 ἲδιοναύκληρος
2841 1759 3078 1838 λέγεται,
3139 1767 3247 1817 τῶν
3304 1761 3362 1819 δὲ
3410 1764 3461 1820 ἐν
3522 1763 3802 1838 Γαλιλαίᾳ

2052 1887 2094 1951 Β
2125 1848 2416 1922 ἐπισήμων
2453 1847 2666 1926 ἀνδρῶν
2696 1852 2916 1926 πρῶτος
2947 1854 3035 1921 ἦν.

2197 1941 2343 1996 Μετὰ
2399 1937 2457 1994 δὲ
2511 1940 2610 2008 τὴν
2651 1938 2911 2009 τελιυτήν
2966 1941 3224 2012 Ἰωάννης
3270 1944 3370 2012 τήν
3411 1941 3468 1997 ἐν
3522 1940 3798 2014 Γαλιλαίᾳ

2122 2035 2310 2097 κτῆσιν
2350 2033 2447 2083 τοῦ
2507 2029 2721 2103 Πατρὸς
2779 2027 3035 2099 ἀπέδοτο,
3091 2030 3181 2085 καὶ
3237 2029 3504 2102 ἰκτήσατο
3535 2031 3588 2086 ἰν
3619 2033 3795 2106 Ἰερο-

2123 2117 2409 2191 σολύμοις,
2443 2120 2559 2174 ὅθεν
2611 2119 2686 2181 ὡς
2746 2117 2894 2194 λέγει
2949 2119 3072 2195 περὶ
3134 2120 3300 2175 αὐτοῦ
3326 2121 3412 2190 τὸ,
3446 2121 3512 2190 ἧν
3545 2121 3796 2198 γνωστὸς

2121 2212 2200 2280 τῷ
2228 2208 2497 2284 ἀρχιερεῖ.

2195 2299 2269 2368 (8)
2329 2297 2504 2357 Οὗτος
2553 2293 2767 2366 ἐδέξατο
2823 2297 2923 2364 τὴν
2983 2297 3244 2374 παναγίαν
3293 2298 3555 2354 Θεοτόκον
3602 2299 3655 2354 ἐν
3696 2299 3785 2370 τῷ

2122 2383 2258 2457 οἷ’κῳ
2316 2386 2482 2440 αὐτοῦ
2546 2386 2712 2460 μέχρι
2767 2389 2868 2450 τῆς
2917 2387 3253 2450 ἀναστάσεως
3301 2389 3468 2454 αὐτῆς
3516 2390 3609 2444 καὶ
3644 2394 3784 2462 μετὰ

2120 2477 2280 2528 τοῦτο
2307 2475 2541 2548 κηρύξας
2573 2475 2664 2529 τὸν
2699 2473 2892 2550 λόγον,
2923 2476 3014 2530 καὶ
3045 2478 3210 2540 αὐτὸς
3242 2477 3549 2556 ἀνελήφθη.

2195 2565 2272 2636 (9)
2304 2559 2561 2624 Ἰάκωϐος
2611 2561 2669 2618 δὲ
2728 2565 2757 2618 ὁ
2813 2566 3052 2640 γεγονὼς
3109 2569 3330 2640 πρῶτος
3358 2564 3653 2629 ἐπίσκοπος
3679 2569 3786 2622 Ἰε-

2123 2653 2436 2727 ρουσαλήμ,
2480 2649 2714 2729 ἀδελφὸς
2770 2654 2864 2724 μὲν
2914 2657 3012 2708 τοῦ
3065 2654 3266 2729 Κυρίου
3305 2655 3441 2710 κατὰ
3483 2656 3655 2730 σάρκα
3685 2655 3786 2710 λὲ-

2122 2759 2272 2814 γεται
2307 2740 2463 2808 εἶναι,
2496 2740 2614 2802 υἱὸς
2646 2738 2704 2794 δὲ
2745 2746 2842 2795 τοῦ
2887 2740 3139 2806 τὲκτονος
3186 2744 3390 2819 Ἰωσὴφ
3419 2742 3480 2798 ix
3505 2751 3606 2813 τῆς
3640 2745 3788 2820 βιω-

2120 2836 2278 2899 τικῆς
2340 2830 2501 2885 σῦτοῦ
2555 2831 2829 2905 γυναικός.
2887 2831 3160 2908 Τὲσσαρας
3206 2834 3307 2908 γάρ
3366 2830 3524 2908 ἔσχεν
3566 2833 3714 2894 υἱοὺς
3754 2835 3785 2888 6

2121 2920 2350 2996 Ἰωσήφ,
2381 2913 2662 2988 Ἰάκωϐον,
2729 2919 2976 2991 Σίμωνα,
3036 2917 3234 2992 Ἰοῦδα,
3291 2923 3381 2976 καὶ
3431 2923 3654 2998 Ἰωσήφ,
3684 2924 3776 2977 καὶ

2123 3008 2169 3084 β’
2201 3009 2516 3083 θυγατέρας,
2571 3009 2672 3077 τὴν
2730 3009 2954 3082 Ἐσθήρ,
3012 3008 3102 3063 καὶ
3149 3011 3252 3079 τήν
3307 3010 3530 3086 Μάρθαν
3582 3010 3641 3066 ἐκ
3667 3015 3770 3076 τῆς

2115 3097 2365 3173 γυναικὸς
2424 3097 2591 3151 αὐτοῦ
2666 3096 2969 3170 Σαλώμης,
3049 3097 3314 3174 θυγατρός
3371 3100 3630 3175 Ἀγγαίου
3676 3103 3780 3155 τοῦ

2118 3183 2358 3264 ἀδελφοῦ
2409 3184 2685 3260 Ζαγαρίου
2732 3191 2830 3240 τοῦ
2876 3188 3078 3262 πατρὸς
3128 3189 3404 3256 Ἰωάννου,
3452 3189 3574 3243 υἱοῦ
3605 3192 3784 3262 Βαρα-

2034 3258 2077 3324 C
2113 3258 2278 3350 xtou,
2300 3275 2421 3329 υἱοῦ
2451 3258 2613 3329 Ἀϐία
2642 3279 2738 3330 τοῦ
2769 3276 2980 3350 ἱερέως.

2188 3365 2294 3420 Καὶ
2339 3363 2464 3418 τότε
2506 3361 2798 3438 ἐχήρευσεν
2851 3365 3077 3442 Ἰωσήφ·
3129 3366 3204 3428 ὡς
3259 3367 3389 3421 εἶναι
3442 3363 3501 3421 δὲ
3546 3366 3638 3422 τὸν
3674 3373 3779 3423 Βα-

2113 3453 2342 3520 πτιστήν
2373 3451 2628 3521 Ἰωάννην
2685 3451 2775 3507 καὶ
2821 3453 2922 3521 τὴν
2972 3453 3248 3526 Σαλώμην
3308 3453 3559 3533 ἀδελφῶν
3607 3457 3769 3510 τέκνα

2115 3541 2433 3618 ἆρῥενικῶν.
2473 3541 2534 3598 Ὁ
2563 3540 2666 3616 γὰρ
2727 3542 2982 3617 ’Δγγαῖος
3040 3542 3158 3606 υἱὸς
3213 3545 3496 3619 Βαραχίου
3528 3549 3676 3608 θεῖος
3702 3546 3775 3614 ἦν

2109 3633 2388 3688 Ἰωάννου.
2446 3629 2689 3702 Ὁμοίως
2742 3631 2832 3684 καὶ
2890 3630 3164 3706 Ζαχαρίις
3220 3631 3456 3707 ἀδελφὸς
3511 3633 3770 3708 Ἀγγαίου

2113 3726 2254 3783 οεῖος
2311 3717 2592 3790 Σαλώμης
2651 3726 2750 3788 τῆς
2793 3721 3051 3795 γυναικὸς
3101 3722 3304 3796 Ἰωσήφ
3351 3727 3449 3776 τοῦ
3497 3725 3771 3785 τέκτονος.

2108 3811 2220 3881 (10)
2252 3807 2318 3863 Ai
2372 3805 2428 3862 δὲ
2471 3811 2572 3872 τῆς
2633 3808 2786 3882 ἁγίας
2844 3808 3144 3879 Δεσποίνης
3176 3813 3332 3884 ἡμῶν
3364 3814 3632 3867 Θεοτόκου
3659 3813 3768 3868 ἀπὸ

2109 3897 2366 3969 Βηθλεὲμ
2395 3897 2541 3972 τρεῖς
2596 3896 2735 3966 ἦσαν
2766 3895 2995 3976 ἀδελφαὶ
3028 3899 3134 3953 ἀπὸ
3192 3897 3450 3973 Βηθλεὲμ.
3475 3903 3763 3977 Θυγατέρες

2107 3989 2326 4045 Ματθᾶν
2373 3991 2471 4042 τοῦ
2523 3987 2709 4062 ἰερὲως
2768 3989 2858 4042 καὶ
2918 3988 3126 4062 Μαρίας
3175 3997 3276 4060 τῆς
3321 3990 3484 4046 αὐτοῦ
3514 4000 3756 4066 γαμετῆς

2106 4076 2193 4132 ἐπὶ
2259 4081 2360 4144 τῆς
2429 4073 2706 4148 βασιλείας
2767 4074 3144 4151 Κλεοπάτρας,
3202 4079 3293 4132 καὶ
3349 4079 3618 4153 Σώπαρος
3663 4083 3763 4134 τοῦ

2105 4167 2333 4240 Πέρσου,
2367 4164 2472 4236 πρὸ
2501 4171 2601 4233 τῆς
2635 4163 2914 4239 βασιλείας
2942 4163 3192 4238 Ἡρώδου
3237 4171 3334 4221 τοῦ
3375 4167 3755 4240 Ἀντιπάτρου.

2103 4256 2319 4326 Ὀνομα
2373 4257 2442 4326 τῇ
2492 4253 2684 4327 πρώτῃ
2742 4253 2948 4328 Μαρία.
3008 4257 3093 4327 Τῇ
3149 4253 3206 4310 δὲ
3255 4257 3300 4332 β’
3345 4251 3534 4324 Σωϐἠ,
3564 4257 3752 4329 καὶτῇ

355 4346 630 4400 Salomen
662 4344 1064 4400 obstetricem.
1100 4343 1368 4398 Secunda
1395 4348 1592 4399 autem
1625 4344 1904 4401 similiter
1933 4347 1994 4400 in

2135 4343 2252 4418 ρίτῃ
2307 4343 2492 4398 Ἀννα.
2552 4343 2837 4416 Ἐγήματο
2889 4343 2978 4397 οὖν
3029 4345 3063 4413 ἡ
3113 4343 3306 4420 πρώτη
3365 4345 3418 4400 ἐν
3478 4343 3756 4418 Βηθλεὲμ,

341 4435 668 4496 Bethleem.
701 4439 759 4489 et
788 4433 994 4506 genuit
1021 4432 1361 4498 Elisabeth;
1418 4439 1477 4487 et
1515 4435 1689 4488 tertia
1745 4435 1806 4489 in
1837 4440 1994 4490 terra

2128 4431 2186 4486 ,αὶ
2218 4429 2363 4486 ἔτεκε
2397 4429 2675 4502 Σαλώμην
2702 4432 2802 4500 τὴν
2864 4431 3048 4504 μαίαν.
3109 4434 3178 4490 ⁸Η
3231 4431 3288 4490 δὲ
3349 4435 3414 4511 β’.
3465 4434 3673 4508 ὁμοίως
3705 4434 3758 4489 ἐν

347 4525 623 4590 Galliam),
659 4530 718 4578 et
743 4523 948 4596 genuit
981 4523 1220 4577 Mariam
1253 4523 1495 4576 Matrem
1531 4524 1649 4577 Dei.
1674 4524 1863 4588 Quare
1897 4525 1990 4580 Sa-

2097 4522 2369 4594 Βηθλεὲμ,
2427 4521 2518 4576 καὶ
2573 4518 2720 4576 ἔτεκε
2774 4523 2877 4591 τήν
2934 4520 3240 4578 Έλισάόετ·
3271 4526 3363 4578 καὶ
3405 4526 3439 4594 ἡ
3488 4524 3644 4600 τρίτη
3677 4523 3757 4586 είς

355 4615 512 4668 lome
543 4613 856 4680 obstetrix,
891 4611 1216 4674 Elisabeth,
1248 4617 1307 4666 et
1340 4616 1548 4666 sancta
1590 4613 1841 4682 Deipara
1879 4631 1999 4668 sun

2128 4615 2178 4681 ἦν
2211 4614 2313 4677 τῆς
2349 4608 2680 4675 Γαλιλαίας,
2734 4612 2823 4665 καὶ
2879 4611 3129 4687 ἐγέννησε
3178 4613 3390 4689 Μαρίαν
3430 4615 3529 4682 τὴν
3563 4613 3757 4670 Θεοτό-

351 4705 531 4757 trium
567 4717 836 4757 sororum
872 4702 1010 4756 ﬁlia:
1039 4718 1050 4755 :
1076 4706 1252 4770 atque
1287 4701 1424 4755 hinc
1443 4701 1702 4756 Joannes
1735 4703 1994 4773 Baptista

348 4799 407 4844 et
439 4792 720 4845 Dominus
746 4796 951 4844 noster
972 4795 1141 4844 erant
1169 4789 1532 4844 consobrini.
1565 4790 1830 4846 Christus
1860 4808 1994 4847 vero

348 4878 504 4932 illius
533 4879 770 4948 Josephi
803 4879 1039 4945 dicitur,
1069 4884 1192 4932 tum
1217 4877 1374 4949 quod
1398 4895 1516 4933 una
1537 4896 1670 4934 cum
1705 4880 1844 4935 filiis
1866 4881 1987 4935 suis

349 4983 483 5019 cum
515 4967 835 5034 nutriebat,
869 4973 926 5022 et
973 4973 1096 5022 tum
1154 4966 1310 5037 quod
1361 4973 1488 5022 erat
1519 4985 1586 5022 ex
1636 4969 1989 5040 cognatione

347 5056 538 5127 Aggzei
571 5056 769 5110 fratris
801 5057 1094 5112 Zachariae
1127 5057 1472 5124 sacerdotis,
1527 5059 1632 5113 ﬁlii
1670 5061 1985 5115 Barachiaa.

2103 4722 2218 4759 κον.
2249 4702 2337 4760 Ὠς
2399 4700 2531 4754 εἶναι
2592 4701 2690 4768 τήν
2747 4721 2806 4755 τε
2861 4701 3139 4774 Σαλώμην
3190 4705 3288 4772 τὴν
3324 4702 3506 4775 μαίαν,
3541 4702 3630 4757 καὶ
3657 4703 3757 4770 τήν

2105 4784 2414 4850 Ἐλισάϐετ.
2461 4789 2552 4842 καὶ
2598 4790 2699 4858 τὴν
2750 4789 2902 4864 ἁγίαν
2954 4791 3216 4846 Θεοτόκον
3259 4791 3550 4866 Θυγατὲρας
3595 4789 3758 4847 ἀδελ-

2097 4884 2210 4957 φῶν
2241 4882 2408 4952 τριῶν
2440 4877 2702 4947 θηλειῶν.
2732 4879 3005 4934 Ἐντεῦθεν
3045 4879 3114 4949 ἦν
3163 4882 3190 4935 6
3239 4883 3544 4950 Βαπτιστὴς
3575 4880 3754 4938 Ἰωάν-

2098 4989 2197 5038 νης
2229 4966 2318 5021 καὶ
2368 4968 2396 5020 ὁ
2444 4965 2644 5039 Κύριος
2700 4969 2861 5038 ⁴ἡμῶν
2915 4969 3154 5042 ἀνεψιοί.
3212 4971 3338 5032 Υἱὸς
3393 4968 3450 5026 δὲ
3508 4974 3604 5025 τοῦ
3636 4971 3754 5027 Ἰω-

2101 5057 2210 5133 σὴιρ
2241 5053 2454 5131 λέγεται
2486 5056 2513 5110 6
2542 5053 2772 5130 Χριστὸς
2819 5051 2880 5111 ἔκ
2923 5079 2982 5112 τε
3030 5064 3130 5128 τῆς
3173 5066 3614 5137 συναναπροφῆς
3652 5063 3756 5112 τῶν

351 5144 483 5197 υἱῶν
519 5143 700 5215 αὐτοῦ,
732 5145 820 5198 καὶ
854 5144 913 5199 ἐκ
940 5151 1040 5212 τῆς
1067 5144 1374 5219 συγγενείας
1402 5146 1655 5220 ’Δγγαίου
1680 5145 1916 5225 ἀδελφοῦ
1949 5145 2222 5222 Ζαχαρίου
2250 5148 2346 5200 τοῦ
2378 5145 2567 5218 ἱερέως
2594 5149 2702 5200 τῶν
2737 5146 2868 5200 υἱῶν
2904 5148 3200 5223 Βαραχίου.

419 5331 562 5384 vixit
595 5333 653 5386 in
685 5333 842 5387 domo
872 5333 1108 5387 Joannis
1138 5332 1502 5400 Evangelistm
1541 5337 1705 5388 annis
1739 5338 1819 5388 Η.
1856 5338 1994 5400 Qum

348 5403 523 5476 lectio
545 5405 825 5473 genuima
849 5408 1020 5476 est,et
1038 5403 1354 5457 conﬁrmat
1374 5405 1728 5476 sententiam
1759 5407 1992 5476 Apollo-

355 5475 655 5547 nii,quod
686 5475 936 5547 apostoli
967 5479 1100 5544 post
1145 5475 1640 5547 resurrectionem
1686 5475 1896 5532 Christi
1934 5483 1996 5533 l2

352 5546 524 5601 annis
555 5547 616 5600 in
645 5546 845 5602 Judma
875 5546 1333 5618 permanserint.

421 5620 492 5688 (6)
526 5619 666 5692 Haec
699 5617 899 5692 omnia
962 5617 1174 5671 mirum
1225 5617 1284 5671 in
1346 5617 1583 5672 modum
1641 5618 1997 5692 interpolata

349 5695 488 5745 sunt
517 5691 674 5762 apud
706 5690 1030 5748 Canisium.

2200 5345 2250 5412 ’7)
2281 5340 2372 5411 Τῷ
2404 5343 2593 5410 Θωμᾷ.

2199 5416 2253 5478 8)
2286 5414 2419 5486 Haac
2443 5413 2886 5486 nonhabentur
2914 5416 3069 5486 apud
3101 5416 3427 5473 Canisium.

2174 5487 2251 5565 (9)
2290 5485 2434 5565 [line
2464 5484 2882 5565 incipitncaput
2919 5484 3119 5565 cxxxw
3157 5489 3403 5565 Josephi
3435 5489 3752 5565 Christiani

2105 5557 2468 5682 iPatti'ologiz
2499 5563 2626 5611 tom.
2661 5557 2804 5625 CVI)
2854 5557 3281 5614 conferendum
3304 5557 3412 5615 _ob
3461 5561 3756 5618 variantes

2130 5644 2194 5683 ec
2225 5643 2411 5682 nones.

2175 5699 2287 5770 (10)
2321 5697 2620 5754 Hactenus
2654 5697 3169 5772 Hippolytus,hinc
3198 5703 3508 5776 Josephus.
