4112 6208
343 391 498 451 1033

1770 377 2288 440 FRAGMENTA.

3597 388 3752 446 1034

2004 513 2091 569 ΙΙ.

338 654 515 709 Aliud
568 654 961 722 Fragmentum
1032 648 1329 721 Hippolyti
1416 649 1660 704 Thebani
1728 664 1798 702 ea:
1882 662 1981 701 ms.

2065 646 2247 700 codice
2341 646 2530 702 Grazeo
2608 647 3123 702 Urbino-Vaticano
3203 656 3332 704 ante
3388 655 3513 721 €00,
3573 668 3743 708 annos

409 744 511 799 sub
578 744 781 797 Alexio
840 743 1112 799 Comneno
1181 738 1716 809 Constantinopoli,
1783 743 1845 792 ut
1910 753 1979 791 ea:
2043 736 2282 807 ejusdem
2365 734 2607 804 imagine
2698 736 2835 791 libro
2918 742 3155 807 praeﬁxa
3237 746 3515 809 apparet,
3582 760 3739 799 cons-

411 836 610 905 cripto.

409 948 747 1024 Εὐρίσκομεν
783 944 841 1002 δὲ
880 948 1026 1020 παρὰ
1082 950 1151 1019 τῇ
1221 943 1338 1016 θείᾳ
1366 947 1576 1019 Γραφῇ,
1611 943 1683 1005 ὡς
1741 941 1791 995 ἐν
1822 945 1902 1012 τῷ
1932 936 1983 1009 ἕξ
2015 953 2067 1017 Α

339 1035 431 1092 καὶ
462 1034 671 1107 δεκάτῳ
724 1036 912 1111 χρόνῳ
963 1041 1065 1103 τῆς
1124 1036 1267 1101 ζωῆς
1329 1031 1496 1099 αὐτῆς
1550 1032 1584 1098 ἡ
1618 1031 1857 1103 πανάγία
1896 1027 1988 1081 Δέ-

338 1149 539 1181 σποινα
598 1126 866 1187 Θεοτόκυς
938 1125 1030 1179 τὸν
1117 1128 1351 1197 Σωτῆρα
1428 1119 1517 1173 καὶ
1574 1117 1767 1193 Κύριον
1827 1119 1986 1189 ἡμῶν

340 1219 551 1286 Ἰησοῦν
611 1216 840 1289 Χριστὸν
900 1212 1180 1289 ἐγέννησεν
1217 1254 1229 1267 .
1304 1204 1637 1277 Ἐϐαπτίσοη
1725 1204 1781 1261 δὲ
1846 1206 1991 1277 παρὰ

336 1304 546 1381 Πέτρου
580 1305 671 1359 καὶ
729 1305 986 1359 Ἰωάννου
1034 1306 1140 1356 τῶν
1170 1298 1513 1369 ἀποστολων,
1546 1295 1742 1357 αὐτοὺς
1776 1294 1832 1349 δὲ
1859 1294 1987 1349 τοῦ-

336 1416 463 1458 τους
497 1390 782 1450 ἐϐάπτισεν
815 1395 842 1447 6
876 1390 1131 1468 Χριστός,
1196 1393 1393 1461 Ἐζησε
1425 1386 1482 1443 δὲ
1539 1387 1672 1461 μετά
1717 1388 1778 1441 τὸ
1814 1387 1990 1455 σωτή-

339 1505 456 1560 ριον
491 1484 667 1548 πάθος
707 1486 741 1553 ἡ
774 1482 1036 1543 Θεοτόκος
1068 1479 1160 1551 ἔτη
1200 1481 1285 1535 ια“.
1318 1480 1379 1536 Ὁ
1413 1476 1469 1532 δῖε
1516 1479 1613 1545 τῆς
1650 1481 1794 1545 ζωῆς
1828 1474 1993 1560 αὐτῆς

338 1559 540 1650 χρόνος
602 1576 679 1634 εἷς
735 1572 823 1626 καὶ
878 1570 1139 1644 ἐξήκοντα
1175 1613 1187 1625 .
1240 1563 1466 1624 Ἐϐίωσε
1516 1564 1571 1620 δὲ
1636 1566 1722 1619 καὶ
1781 1566 1807 1619 6
1840 1559 1992 1639 ἅγιος

338 1663 593 1732 Ἰωάννης
640 1662 667 1715 6
730 1663 1001 1733 Θεολὸγος
1063 1659 1227 1733 μέχρι
1285 1654 1552 1729 Δομετίου
1615 1654 1990 1727 [Δομετιανοῦ]

347 1752 625 1830 βασιλέως
683 1750 976 1823 Ῥωμαίων
1037 1750 1174 1821 (ll),
1235 1747 1309 1808 ὡς
1371 1746 1425 1800 ἐγ
1483 1744 1680 1800 τούτου
1740 1746 1871 1797 εἶναι
1902 1743 1993 1797 τὸν

350 1839 557 1899 ἅπαντα
585 1849 685 1913 τῆς
728 1843 873 1911 ζωῆς
904 1841 1072 1895 αὐτοῦ
1107 1838 1308 1913 χρόνον
1343 1834 1468 1892 δέκα
1497 1835 1632 1910 πρὸς
1669 1833 1879 1890 ἑκατόν.

1991 1953 2088 2008 III.

2172 941 2510 995 Invenimus
2542 947 2740 995 autem
2772 942 2833 995 in
2864 942 3062 998 divina
3094 945 3411 1017 Scriptura,
3447 948 3605 1018 quod
3649 950 3752 1005 de-

2103 1030 2256 1084 cimo
2289 1036 2453 1084 sexto
2484 1046 2638 1083 anno
2670 1032 2859 1085 aetatis
2893 1048 3013 1086 sua:
3070 1036 3447 1091 sanctissima
3503 1038 3754 1095 Domina

2102 1121 2353 1189 Doipara
2384 1120 2743 1174 Salvatorem
2778 1126 2836 1175 et
2866 1123 3177 1178 Dominum
3232 1133 3502 1181 nostrum
3550 1130 3751 1184 Jesum

2100 1209 2402 1262 Christum
2434 1210 2766 1279 pepererit;
2802 1211 3095 1281 baptizata
3126 1230 3260 1269 vero
3292 1215 3368 1269 sit
3397 1233 3430 1270 a
3461 1219 3657 1284 Petro,
3693 1224 3753 1273 et

2102 1303 2328 1356 Joanne
2361 1302 2666 1372 apostolis,
2702 1302 2861 1373 ipsos
2893 1309 3089 1359 autem
3122 1306 3431 1377 baptizarit
3460 1310 3751 1367 Christus.

2102 1389 2256 1444 Vixit
2284 1406 2417 1444 vero
2452 1396 2585 1461 post
2616 1392 2939 1446 salviticam
2972 1395 3317 1465 passionem
3366 1397 3616 1467 Deipara
3647 1416 3751 1453 an-

2100 1497 2210 1535 nos
2239 1498 2318 1545 x1,
2365 1480 2724 1551 fueruntque
2774 1499 2984 1537 omnes
3034 1484 3212 1538 totius
3261 1485 3395 1539 vitae
3450 1486 3579 1556 ejus
3609 1488 3753 1541 anni

2103 1569 2406 1640 sexaginta
2451 1586 2626 1624 unus.
2692 1571 2845 1625 Vixit
2900 1577 3098 1627 autem
3154 1578 3213 1627 et
3272 1573 3439 1628 divus
3494 1574 3753 1630 Joannes

2102 1658 2432 1730 Theologus
2454 1676 2642 1730 usque
2665 1660 2739 1715 ad
2774 1661 3169 1717 Domitianum
3193 1663 3614 1734 imperatorem
3640 1667 3753 1720 Ro-

2104 1763 2442 1813 manorum,
2499 1747 2645 1802 adeo
2694 1754 2759 1803 ut
2810 1766 2985 1805 omne
3044 1751 3175 1806 vitae
3222 1752 3350 1823 ejus
3403 1758 3639 1826 tempus
3678 1753 3757 1808 sit

2106 1840 2345 1891 centum
2378 1840 2435 1891 et
2460 1836 2666 1891 decem
2695 1854 3011 1894 annorum.

1372 2076 1760 2144 Fragmentum
1790 2089 1859 2127 ea:
1886 2070 2006 2126 cod.
2040 2086 2141 2126 ms.
2190 2072 2358 2140 Regio
2408 2071 2542 2125 1296
2581 2072 2713 2143 (12).

414 2196 814 2271 Ἐγκωμιάζων
877 2190 935 2247 δὲ
991 2193 1083 2247 τὸν
1167 2189 1548 2266 εὐαγγελιστὴν

337 2288 637 2363 ἁγιώτατος
688 2284 1039 2358 πατριάρχης
1088 2278 1509 2356 Ἰεροσολύμων,
1570 2280 1598 2333 6
1634 2273 1799 2352 μέγας
1860 2282 1981 2330 Σω-

335 2375 558 2452 φρόνιος
591 2370 831 2427 διδάσκει
857 2373 954 2440 την
988 2376 1083 2426 τοῦ
1124 2374 1257 2425 Θεοῦ
1299 2367 1646 2439 Ἐκκλησίαν,
1681 2366 1762 2421 δτι
1797 2365 1976 2435 πατὴρ

324 2468 421 2519 τοῦ
466 2462 740 2537 Θεολὸγου
772 2464 800 2516 ὁ
831 2457 1114 2522 Ζεϐεδαῖος
1171 2461 1257 2529 ἦν,
1320 2458 1565 2531 Σαλώμη
1627 2455 1683 2511 δὲ
1722 2458 1755 2525 ἡ
1793 2457 1977 2528 μήτηρ

328 2552 514 2624 αὐτοῦ,
550 2554 794 2627 θυγάτηρ
837 2550 969 2605 οὗσα
1014 2550 1152 2618 αὐτή
1209 2551 1306 2602 τοῦ
1362 2548 1586 2623 Ἰωσήφ’
1630 2546 1690 2607 ’ὸς
1719 2548 1977 2618 τέσσαρας

332 2641 485 2704 υἱοὺς
518 2643 661 2717 εἶχε,
708 2640 798 2695 καὶ
832 2637 1125 2714 Θυγατὲρας
1151 2642 1316 2713 τρεῖς.
1354 2634 1512 2696 Υἱοὺς
1549 2633 1662 2707 μὲν·
1695 2628 1974 2703 Ἰακωϐω,

338 2731 564 2803 Σίμωνα
598 2774 611 2799 ,
667 2727 912 2795 Ἰούδαν,
971 2728 1059 2781 καὶ
1114 2727 1333 2803 Ἰωσήφ.
1389 2723 1689 2799 Θυγατέρας
1741 2719 1817 2777 δὲ’
1876 2724 1975 2790 τήν

333 2821 561 2895 Ἐσθηρ,
621 2821 720 2888 τήν
774 2818 1021 2891 Μάρθαν,
1073 2815 1165 2870 καὶ
1218 2816 1317 2882 τὴν
1379 2812 1682 2885 Σαλώμην,
1742 2814 1865 2882 ἣτις
1911 2814 1976 2880 ἦν

335 2908 472 2985 γυνὴ
505 2908 599 2980 μὶν
644 2902 956 2974 Ζεϐεδαίου,
1018 2905 1202 2978 μήτηρ
1263 2899 1319 2956 δὲ
1368 2902 1643 2958 Ἰωάννου.
1706 2901 1977 2962 Ἐντεῦθεν

339 2998 367 3051 6
397 2997 595 3071 Σωτὴρ
621 3000 762 3059 θεῖος
784 2994 852 3063 ἦν
885 2991 1161 3063 Ἰωάννου,
1196 2992 1269 3053 ὡς
1302 2988 1534 3067 ἀδελφὸς
1565 2996 1664 3058 τῆς
1699 2986 1979 3061 Σαλώμης

337 3092 438 3155 τῆς
470 3084 732 3161 θυγατρὸς
764 3085 986 3159 Ἰωσήφ.

1993 3207 2085 3261 IV.

1638 2189 1895 2257 Ἰωάννην
1960 2186 1986 2240 ὁ
2018 2192 2065 2257 Β
2169 2187 2588 2242 Sanctissimus
2613 2192 2812 2243 autem
2844 2189 3182 2259 patriarcha
3204 2191 3749 2263 Hierosolymorum

2096 2292 2345 2348 magnus
2368 2277 2733 2347 Sophronias
2766 2278 3037 2332 encomio
3089 2278 3399 2334 celebrans
3445 2280 3738 2334 Joannem

2091 2366 2509 2437 evangelistam
2540 2366 2711 2422 docet
2732 2367 3053 2423 Ecclesiam
3078 2370 3201 2435 Dei,
3226 2370 3383 2441 quod
3399 2376 3566 2443 pater
3588 2372 3729 2426 The-

2091 2454 2244 2527 ologi
2274 2455 2498 2510 exstitit
2543 2456 2878 2520 Zebedmus,
2912 2464 3103 2513 mater
3122 2476 3255 2513 vero
3279 2460 3441 2515 illius
3472 2461 3728 2527 Salome,

2092 2543 2220 2614 ipsa
2259 2544 2381 2598 ﬁlia
2427 2545 2687 2615 Josephi,
2740 2546 2841 2615 qui
2899 2548 3190 2618 Josephus
3247 2553 3502 2618 quatuor
3532 2550 3741 2604 habuit

2092 2633 2270 2699 ﬁlios,
2304 2633 2457 2689 filias
2490 2638 2610 2688 tres
2638 2650 2649 2687 :
2695 2634 2849 2689 filios
2887 2636 3125 2707 quidem
3156 2654 3167 2691 :
3199 2638 3502 2704 Jacobum,
3546 2638 3741 2693 Simo-

2092 2738 2251 2789 nem,
2284 2722 2492 2777 Judam
2525 2728 2584 2777 et
2632 2724 2975 2794 Josephum.
3034 2725 3214 2781 Filias
3272 2744 3451 2783 vero:
3508 2728 3741 2797 Esther,

2093 2811 2377 2866 Martham
2411 2817 2469 2866 et
2498 2812 2796 2880 Salomen,
2830 2831 2961 2884 qua)
2994 2812 3107 2868 fuit
3135 2832 3283 2870 uxor
3303 2815 3589 2885 Zebedaai,
3622 2834 3743 2873 ma-

2094 2906 2183 2956 ter
2213 2908 2409 2958 autem
2466 2904 2732 2959 Joannis.
2789 2905 2937 2960 Hinc
2994 2906 3259 2962 Salvator
3317 2912 3443 2963 erat
3496 2908 3742 2965 Joannis

2093 2991 2437 3061 avunculus,
2468 2997 2673 3064 utpote
2693 2992 2879 3049 frater
2909 2994 3173 3051 Salomes
3205 2996 3343 3052 filim
3372 2997 3632 3069 Josephi.

1186 3326 1575 3393 Fragmentum
1622 3322 1773 3391 apud
1804 3320 2078 3390 Combe/is.
2112 3322 2169 3375 in
2208 3322 2527 3390 Originibus
2557 3322 2888 3379 CPolitanis.

406 3482 480 3540 T6
518 3478 575 3535 δὲ
606 3477 892 3551 Πάνορμον
923 3474 1177 3551 κάστρον,
1222 3473 1326 3528 ὑπὸ
1374 3477 1471 3527 τοῦ
1522 3466 1810 3546 Πανὸρμου
1849 3469 1984 3526 ’Έλ-

2163 3473 2431 3527 Castrum
2464 3474 2825 3529 Panormum
2856 3492 2891 3531 a
2918 3477 3212 3532 Panormo
3250 3478 3508 3549 quodam
3541 3482 3737 3537 Graaco

338 3577 510 3641 ληνος
568 3568 810 3637 ἐκτίσθη,
871 3563 1228 3639 διπλότειχον
1292 3562 1562 3636 ὑπάρχον,
1624 3558 1849 3634 σίδήρου
1890 3558 1979 3613 καὶ

2105 3562 2403 3617 conditum
2420 3568 2527 3632 est,
2548 3562 2768 3634 duplici
2786 3557 2954 3620 muro
2969 3571 3373 3623 constructum
3392 3573 3570 3640 atque
3582 3569 3739 3627 ferro

337 3658 553 3735 χαλκοῦ
586 3655 741 3726 δίκην
776 3654 1241 3728 ἀναμεμιγμένον.
1277 3652 1365 3708 Ἐν
1402 3648 1459 3704 δὲ
1489 3654 1556 3721 τῇ
1588 3649 1723 3721 πρὸς
1779 3647 1976 3735 βορῥᾷν

336 3734 518 3823 πόρτῃ
549 3752 645 3802 τοῦ
678 3746 844 3800 αὐτοῦ
876 3744 1129 3819 κάστρου,
1158 3742 1348 3795 ’ἔστατο
1409 3738 1697 3811 στυρὰκιον
1728 3734 1982 3811 ἡχμῶδι,

342 3839 435 3893 καὶ
486 3835 663 3907 στήλη
719 3835 993 3911 γυναικεία
1054 3830 1385 3908 δικέφαλος.
1441 3830 1611 3890 Ἔνθα
1666 3830 1755 3881 καὶ
1815 3824 1986 3899 θέαμα

338 3930 557 4004 γέγονεν
596 3971 607 3983 .
671 3927 1060 4000 ’λςμπυρισμοῦ
1118 3922 1217 3998 γάρ
1261 3941 1393 3975 ποτε
1446 3919 1509 3973 τὸ
1567 3918 1796 3992 κάστρον
1859 3938 1987 3971 κατ-

340 4016 661 4091 ειληφότος,
692 4015 784 4070 καὶ
829 4013 1007 4082 πάσης
1038 4019 1137 4081 τῆς
1169 4010 1384 4070 πόλεως
1442 4005 1821 4081 ἰδαφισθείσης
1854 4006 1989 4078 μετὰ

338 4108 429 4163 καὶ
482 4111 590 4161 τῶν
650 4109 874 4180 τειχῶν,
932 4103 1182 4157 ’ἰστασοαι
1241 4100 1303 4155 τὸ
1360 4097 1589 4172 πυργίον
1659 4096 1830 4151 ἐκεῖνο
1887 4102 1987 4164 τῆς

342 4195 576 4270 πόρτης,
610 4193 732 4249 ἔνθα
785 4194 873 4247 καὶ
902 4195 936 4262 ἡ
972 4192 1150 4260 στήλη
1206 4188 1506 4243 συνίστατο.
1570 4183 1747 4240 Ἀλλὰ
1774 4184 1990 4270 πολλάξ

340 4306 429 4348 κις
454 4285 541 4339 καὶ
576 4288 673 4338 τοῦ
703 4284 872 4357 πυρὸς
927 4278 1383 4357 προσεγγίζοντος
1435 4281 1517 4347 τῷ
1570 4274 1743 4346 τόπῳ,
1776 4274 1850 4335 ὼς
1884 4266 1988 4327 ὐπὸ

340 4395 489 4436 τινος
520 4371 817 4435 διώκοντος
864 4370 1014 4440 αὐτὸ,
1058 4365 1275 4431 ὄπισθεν
1318 4366 1391 4427 ὠς
1424 4363 1641 4440 ὀργυιάς
1675 4365 1732 4435 ε“,
1767 4363 1989 4437 ὑπεχω-

344 4484 427 4540 ρει
460 4470 560 4532 τῆς
591 4461 825 4532 στήλης.
849 4459 1001 4529 Αὕτη
1034 4456 1091 4512 δὲ
1120 4453 1450 4532 παρελήφθη
1487 4454 1591 4509 ὑπὸ
1623 4451 1870 4528 Χοσρόου
1890 4455 1988 4507 τοῦ

341 4556 563 4627 Περσῶν
593 4551 879 4626 τυράννου,
904 4548 995 4603 καὶ
1024 4544 1164 4602 ἔστιν
1199 4544 1281 4627 εἷς
1324 4540 1557 4627 Περσίδα
1614 4540 1985 4627 λατρευομένη

337 4620 445 4693 ἓως
475 4635 570 4687 τοῦ
613 4620 725 4701 νῦν,
787 4629 968 4693 καθὼς
1028 4628 1056 4681 6
1115 4623 1465 4701 παραδείσιος
1525 4620 1770 4691 διαοιτής
1820 4620 1990 4676 ἐκεῖσε

340 4722 637 4795 κρατηθεὶς
671 4719 763 4774 καὶ
812 4716 1080 4795 ἐκφυγὼν,
1131 4712 1274 4783 δῆλα
1332 4711 1625 4782 πεποίηκεν
1661 4709 1710 4765 ἐν
1742 4715 1821 4783 τῷ
1855 4730 1992 4787 χρο-

339 4814 484 4882 νικῷ
542 4807 893 4876 Ἱππολύτου,
951 4807 1013 4861 τὸ
1072 4803 1255 4879 τριτὸν
1314 4799 1992 4876 δημοσιευόμενον.Ζήτει

343 4897 589 4973 ἱστορίαν
621 4896 870 4966 ἐξαίσιον.

2098 3666 2334 3721 aereque
2358 3651 2756 3706 commistum.
2790 3654 2855 3708 In
2888 3654 3017 3725 ejus
3065 3660 3233 3726 porta
3285 3659 3739 3728 septentrionali

2096 3739 2288 3794 stabat
2318 3742 2498 3795 turris
2531 3741 2824 3812 squalida,
2850 3760 2915 3798 ac
2946 3743 3149 3816 biceps
3172 3746 3482 3801 muliebris
3514 3754 3743 3805 statua:

2094 3828 2195 3883 ubi
2229 3836 2285 3883 et
2318 3830 2770 3886 memorandum
2806 3832 3112 3904 quidpiam
3148 3835 3381 3890 accidit.
3415 3837 3558 3891 Cum
3583 3838 3745 3893 enim

2096 3925 2354 3974 castrum
2387 3920 2537 3976 illud
2569 3939 2718 3976 sazvo
2751 3923 2987 3977 arderet
3017 3924 3317 3988 incendio,
3353 3942 3420 3981 ac
3446 3926 3591 3983 urbe
3625 3933 3747 3983 tota

2098 4026 2217 4064 una
2239 4027 2373 4065 cum
2404 4012 2590 4065 muris
2623 4010 2747 4065 solo
2767 4019 3019 4082 aequata,
3054 4015 3216 4067 stetit
3239 4015 3415 4069 turris
3434 4016 3537 4070 illa
3557 4022 3742 4086 portas

2097 4099 2160 4153 in
2179 4116 2296 4170 qua
2327 4105 2384 4153 et
2415 4104 2607 4153 statua
2633 4105 2759 4154 erat
2789 4101 3097 4156 collocata.
3133 4102 3244 4157 Sed
3276 4108 3333 4157 et
3363 4105 3581 4174 saepius
3610 4107 3745 4177 igne

2097 4186 2340 4258 propius
2366 4187 2704 4252 accedente,
2739 4189 2898 4243 velut
2930 4190 3185 4260 quodam
3217 4191 3478 4263 fugante,
3505 4192 3747 4248 ﬂamma

2098 4275 2170 4330 ab
2204 4280 2397 4330 statua
2427 4276 2600 4331 ulnas
2658 4277 2920 4348 quinque
2968 4278 3302 4335 recedebat.
3337 4280 3585 4334 Sustulit
3617 4297 3746 4336 eam

2094 4364 2387 4419 Chosroes
2412 4365 2726 4419 Persarum
2760 4370 3069 4435 tyrannus,
3093 4367 3501 4438 hactenusque
3523 4368 3585 4422 in
3615 4370 3751 4422 Per-

2101 4452 2225 4508 side
2250 4452 2485 4520 colitur,
2518 4454 2603 4508 uti
2636 4455 2834 4509 vivarii
2886 4456 3201 4527 praafectus
3249 4456 3375 4511 illic
3422 4461 3650 4527 captus,
3682 4474 3750 4512 ac

2097 4544 2232 4616 fuga
2282 4545 2519 4616 elapsus
2577 4545 2913 4617 declaravit,
2972 4548 3033 4602 in
3102 4547 3384 4619 Hippoliti
3433 4548 3746 4616 Chronico,

2101 4634 2259 4704 quod
2288 4635 2461 4689 tertio
2487 4634 2784 4707 vulgatum
2810 4641 2918 4691 est.
2952 4637 3158 4701 Quaere
3188 4638 3593 4692 narrationem
3627 4638 3749 4692 exi-

2102 4740 2303 4779 miam.

421 4960 497 5042 T6
530 4982 589 5040 δὲ
618 4983 957 5056 καλούμενον
1011 4978 1309 5054 Σμύρνιον,
1367 4975 1600 5047 πλησίον
1660 4979 1757 5030 τοῦ
1812 4994 1997 5047 τετρα-

2182 4993 2364 5047 Locus
2394 4999 2769 5065 nuncupatus
2797 4995 3157 5068 Smyrnium,
3184 5015 3366 5070 prope
3408 4999 3751 5072 quadrupli-

350 5071 532 5129 δισίου
588 5068 833 5147 ἐμϐόλου
871 5116 884 5142 ,
939 5068 1054 5145 ἔχει
1118 5065 1371 5123 ὑποκάτω
1426 5069 1525 5135 τῆς
1582 5072 1706 5140 γῆς,
1756 5063 1818 5118 τὸ
1866 5063 2001 5138 πρὸς

354 5162 556 5238 βορῥᾷν
594 5164 782 5237 μέρος,
815 5162 1038 5236 ὀργυιάς
1068 5158 1101 5212 ι’
1132 5155 1360 5226 στήλας,
1394 5166 1421 5219 θ
1451 5154 1690 5224 πλησίον
1729 5157 1826 5207 τοῦ
1869 5156 1999 5207 ναοῦ

343 5257 445 5309 τοῦ
477 5251 636 5329 ἁγίου
667 5249 973 5324 Θεοδώρου.
1004 5246 1150 5304 Εἰσὶν
1205 5244 1261 5300 δὲ
1291 5246 1345 5299 αἱ
1378 5242 1595 5314 στῆλαι,
1626 5244 1681 5297 αἱ
1733 5242 1827 5315 μὲν
1856 5248 2003 5314 τρεῖς

351 5340 758 5396 Κωνσταντίνοῦ
788 5343 885 5394 τοῦ
940 5334 1197 5411 Μεγάλου
1250 5333 1339 5389 καὶ
1395 5338 1496 5401 τῆς
1552 5331 1805 5407 γυναικὸς
1838 5330 2006 5400 αὐτῆς

352 5430 631 5501 Φαύστης,
663 5431 753 5485 καὶ
814 5426 1131 5503 Ἰλαρίωνος
1182 5423 1571 5499 πράιποσίτου,
1604 5420 1693 5475 καὶ
1748 5425 1846 5475 τοῦ
1876 5442 2001 5476 παι-

426 5614 532 5683 (Η)
567 5614 631 5668 D.
668 5614 1061 5682 Hieronymus
1105 5608 1386 5683 affirmat,
1424 5620 1564 5683 eum
1592 5609 1728 5675 post
1778 5606 2006 5683 obitum

349 5677 673 5743 Domitiani
723 5677 972 5739 rediisse
1033 5696 1105 5736 ex
1161 5680 1366 5733 Patmo
1424 5677 1745 5747 Ephesum,
1808 5679 2009 5751 ibique

669 5805 932 5867 ΡΑτιοι..
978 5802 1090 5863 Gn.
1138 5798 1376 5861 CXVII.

2112 5098 2239 5136 cem
2258 5082 2574 5151 porticum,
2598 5086 3061 5156 septentrionem
3078 5105 3280 5143 versus
3306 5089 3757 5145 subterraneam

2114 5185 2356 5241 specum
2379 5169 2777 5229 habetdecem
2800 5174 3078 5230 ulnarum
3105 5192 3117 5232 :
3140 5177 3199 5232 in
3228 5194 3296 5233 ea
3318 5196 3526 5235 novem
3549 5184 3757 5234 statuae

2115 5258 2275 5313 haud
2304 5259 2573 5329 procula
2631 5264 2820 5319 sancti
2878 5263 3130 5321 'l‘hodori
3183 5283 3350 5323 sacra
3407 5268 3553 5325 aede.
3613 5268 3762 5322 Sunt

2115 5365 2250 5403 vero
2273 5353 2504 5416 statuae,
2530 5355 2649 5406 tres
2673 5354 2970 5425 [quatuor]
2996 5355 3236 5425 quidem
3258 5356 3627 5412 Constantini
3652 5357 3762 5410 Ma-

2116 5438 2239 5510 gni,
2258 5438 2507 5510 ejusque
2530 5442 2733 5497 uxoris
2754 5445 3001 5511 Fausta),
3024 5450 3081 5500 et
3103 5446 3423 5503 Hilarionis
3435 5444 3761 5519 prtepositi,

2117 5617 2444 5697 Ecclesiam
2476 5620 2928 5697 rex‘isse‘usgue
2950 5623 3023 5697 ad
3053 5624 3288 5696 Trajani
3315 5630 3603 5697 tempora.

2193 5690 2302 5759 (l2)
2334 5691 2654 5762 Basnagius
2703 5692 2762 5749 in
2794 5690 3048 5765 Canisio,
3082 5690 3460 5751 Mo'nument:
3505 5693 3765 5766 Apostol.

3447 5816 3525 5874 33
