4112 6208
305 467 463 530 1037
1737 461 1974 529 FRAGl

2084 461 2252 526 NTA.
3565 471 3721 531 1038

299 595 591 672 Ἰωρδάνῃ,
649 596 739 653 καὶ
779 596 1066 674 κηρύσσων
1131 597 1468 672 μετάννοιαν.
1517 595 1711 661 Οὕτως
1769 595 1797 653 ὁ
1856 595 1962 654 K6-

2084 594 2438 669 baptismum
2473 611 2607 651 vero
2650 602 2978 670 receptum,
3007 600 3213 655 ascivit
3244 600 3356 655 sibi
3388 601 3724 674 delegitque

306 707 421 762 ριος
479 687 692 757 Ἰησοῦς
756 690 997 762 Χριστὸς
1030 689 1077 742 λ’
1121 688 1356 762 χρόνους
1417 686 1468 743 ἐν
1512 693 1628 749 τοῖς
1689 682 1965 748 παιδικοῖς

307 776 474 832 αὐτοῦ
532 775 758 850 χρόνοις
821 774 1033 846 διῆλεν.
1092 778 1242 832 Μετὰ
1295 777 1352 832 δὲ
1403 778 1466 833 τὸ
1527 777 1809 852 βάπτισμα
1867 775 1962 831 ἐπ-

303 863 531 936 ελέξατο
586 865 759 937 ἑαυτῷ
803 865 934 928 τοὺς
989 867 1254 939 μαθητάς,
1304 867 1589 941 κηρύσσων
1642 865 1733 921 σὺν
1777 863 1964 927 αὐτοῖς

303 956 406 1024 τὴν
454 954 735 1031 βασιλείαν
794 953 957 1011 αὐτοῦ
1020 957 1185 1032 μέχρι
1245 959 1341 1012 τοῦ
1401 957 1677 1028 σωτηρίου
1736 954 1963 1026 πάθους,

304 1041 397 1115 ἔτη
433 1045 501 1122 γ’.
551 1045 642 1100 Διὸ
674 1047 761 1100 καὶ
825 1045 875 1099 οἱ
935 1041 986 1100 ἐν
1048 1046 1244 1117 Νικαίᾳ
1278 1045 1496 1108 κανόνες
1547 1045 1655 1115 τιη⁸
1688 1043 1962 1119 θεοφόρων

303 1133 561 1210 ῙΙατέρων
615 1132 1108 1209 παρακελεῦονται,
1169 1136 1275 1210 ττρὸ
1330 1136 1626 1210 τριάκοντα
1681 1133 1814 1188 ἐτῶν
1859 1153 1965 1206 μη-

303 1221 428 1281 δένα
530 1223 967 1301 χειροτονεῖσθαι
1044 1219 1429 1300 πρεσϐύτερον.
1530 1223 1786 1299 Ἀρκετὸν
1863 1223 1965 1301 γὰρ

301 1295 811 1392 φασιτῷνμαθητῇ
867 1311 1002 1369 εἶναι
1065 1295 1139 1378 ῶς
1196 1314 1223 1370 ὁ
1279 1295 1611 1375 διδάσκαλος·
1657 1295 1968 1380 αὐτοῦ,καῖ

301 1423 430 1480 φασι
462 1407 543 1476 τῷ
569 1398 754 1476 δούλῳ
784 1403 858 1466 ὡς
889 1403 916 1458 ὁ
949 1399 1138 1476 κύριος
1167 1401 1353 1462 αὐτοῦ.

377 1495 455 1553 Β“.
511 1493 648 1551 Ἀπὸ
711 1491 768 1549 δὲ
822 1498 918 1549 τοῦ
979 1492 1256 1568 σωτηρίου
1311 1495 1538 1562 πάθους,
1588 1491 1809 1562 καὶτῆς
1840 1486 1970 1546 ἂνα-

301 1583 526 1660 λήψεως
559 1585 748 1654 αὐτοῦ,
785 1583 951 1662 μέχρι
1003 1585 1104 1652 τῆς
1163 1580 1484 1646 λιθοϐολίας
1513 1585 1615 1640 τοῦ
1648 1583 1803 1659 ἆγίου
1832 1587 1964 1638 Στε-

305 1677 474 1750 φάνου
530 1677 629 1731 τοῦ
681 1674 1157 1752 πρωτομάρτυρος
1191 1677 1304 1747 (22)
1353 1673 1517 1750 μέχρι
1559 1677 1654 1729 τοῦ
1714 1673 1970 1750 φανέντος

301 1770 382 1838 τῷ
416 1764 579 1820 Σαῦλ
609 1788 653 1838 ῳ
685 1765 886 1837 φωτὸς,
926 1771 1093 1838 μῆνες
1153 1767 1197 1828 ς’
1253 1768 1386 1838 (2Ί).
1450 1765 1545 1819 Καὶ
1607 1763 1713 1818 ἀπὸ
1743 1765 1838 1817 τοῦ
1870 1783 1972 1840 φα-

303 1854 486 1917 νέντος
547 1855 715 1909 αὐτοῦ
796 1855 996 1932 φωτὸς,
1062 1851 1435 1930 βαπτίσματός
1508 1874 1566 1907 τε
1634 1852 1821 1918 αὐτοῦ,
1879 1852 1969 1906 καὶ

2071 682 2418 758 discipulos,
2451 702 2588 742 cum
2618 685 2828 744 iisdem
2858 705 3030 743 suum
3064 706 3310 761 regnum
3344 693 3725 763 promulgans

2071 791 2260 846 usque
2320 775 2393 830 ad
2452 776 2820 832 salutiferam
2881 779 3241 849 passionem,
3295 780 3467 834 annis
3515 781 3723 838 tribus.

2071 863 2294 920 Idcirco
2329 865 2577 920 Nicaanze
2619 867 2829 938 synodi
2886 873 3284 923 trecentorum
3319 869 3725 942 duodeviginti

2073 954 2340 1010 divorum
2373 959 2612 1010 Patrum
2637 974 2897 1014 canones
2921 960 3154 1030 jubent,
3184 962 3727 1034 decernuntque,ut

2073 1049 2208 1099 ante
2233 1059 2454 1100 annum
2472 1046 2771 1110 30,nullus
2786 1049 2847 1101 in
2869 1048 3350 1120 presbyterorum
3370 1051 3727 1121 allegeretur

2073 1133 2605 1189 ordinem.Sufficit
2627 1135 2808 1202 enim,
2840 1136 3029 1202 aiunt,
3064 1138 3447 1210 discipulo,ut
3471 1142 3548 1195 sit
3574 1142 3727 1196 sicut

2071 1221 2351 1296 magister
2379 1223 2568 1294 ipsius
2599 1239 2611 1277 :
2645 1229 2704 1277 et
2733 1231 2991 1292 servo,ut
3016 1228 3092 1281 sit
3120 1227 3273 1283 sicut
3298 1229 3425 1300 ejus
3447 1230 3723 1286 dominus

2142 1489 2210 1544 II.
2247 1493 2284 1546 Α
2318 1490 2578 1546 salvit’ica
2625 1505 2759 1548 vero
2783 1491 3078 1565 passione,
3104 1499 3160 1549 et
3189 1495 3537 1552 ascensione
3561 1496 3730 1552 Chri-

2074 1577 2171 1646 sti,
2203 1597 2394 1652 usque
2425 1579 2499 1636 ad
2521 1582 2710 1636 sancti
2745 1583 3024 1654 Stephani
3058 1585 3234 1655 primi
3263 1584 3541 1656 martyris
3573 1585 3724 1658 lapi-

2073 1667 2395 1736 dationem,
2456 1683 2645 1742 usque
2705 1670 2778 1726 ad
2839 1672 3051 1740 lucem,
3088 1690 3218 1744 quas
3252 1674 3424 1730 Saulo
3464 1675 3585 1730 visa
3617 1680 3727 1744 est,

2077 1758 2248 1828 eique
2275 1760 2569 1828 apparuit,
2595 1776 2829 1814 menses
2859 1766 2998 1815 sunt
3019 1777 3154 1815 sex:
3185 1767 3361 1833 atque
3383 1781 3415 1817 a
3439 1763 3730 1835 luce,qum

2075 1846 2187 1918 ipsi
2221 1846 2396 1902 Saulo
2448 1848 2741 1920 apparuit,
2805 1854 2862 1904 et
2918 1849 2989 1904 ab
3047 1850 3315 1921 ejusdem
3349 1851 3641 1923 baptismo
3675 1859 3732 1908 et

301 1943 662 2018 κηρύγματος
718 1941 884 2018 μέχρι
939 1949 1040 2012 τῆς
1097 1936 1421 2016 ἀναλήψεως
1477 1947 1579 2009 τῆς
1632 1939 1787 2014 ἁγίας
1821 1945 1966 2013 [Ιαρο

2084 1936 2518 2008 praadicatione,
2554 1954 2743 2009 usque
2765 1937 2838 1994 ad
2871 1945 3088 1994 sanctas
3121 1941 3314 1996 Marias
3351 1943 3602 2014 Virginis
3633 1958 3728 1997 as-

304 2034 465 2096 θὲνου
498 2030 738 2104 Μαρίας,
771 2027 863 2103 ἔτη
912 2033 982 2107 γ’,
1022 2032 1225 2106 ἡμὲραι
1265 2027 1368 2104 μδῖ
1428 2031 1629 2101 ’Έζησε
1661 2025 1718 2084 δὲ
1752 2029 1838 2084 ἐπὶ
1868 2035 1970 2098 τῆς

308 2127 414 2196 γῆς
444 2119 479 2189 ἡ
515 2119 642 2195 άγία
673 2120 960 2188 Θεοτόκος,
990 2119 1081 2174 καὶ
1125 2115 1392 2194 Ιῖαρθένος
1426 2116 1518 2188 ἔτη
1549 2117 1626 2181 νθ’
1657 2117 1853 2178 οὓτως·
1883 2117 1973 2170 Ἐν

303 2217 386 2284 τῷ
415 2215 528 2282 ναῷ
561 2208 655 2280 ἔτη
695 2207 779 2266 ιδ’.
843 2209 944 2266 Καὶ
1005 2209 1056 2263 ἐν
1107 2214 1184 2280 τῷ
1243 2208 1378 2281 οἷ’κῳ
1434 2209 1658 2286 ’[ωσήφ,
1701 2209 1874 2281 μῆνας
1907 2203 1969 2279 δ’.

308 2300 416 2356 Καὶ
448 2298 644 2361 εὐθέως
702 2297 1070 2376 εὐηγγελίσθη
1129 2297 1232 2353 ὑπὸ
1279 2299 1377 2353 τοῦ
1410 2291 1680 2372 Γαϐριὴλ.
1717 2295 1818 2352 Καὶ
1852 2295 1976 2351 συλ-

308 2383 554 2444 λαϐοῦσα
609 2385 757 2443 ἔτεκε
789 2387 877 2442 τὸν
922 2387 1122 2462 Κύριον
1175 2387 1334 2460 ἡμῶν
1370 2388 1583 2457 Ἰησοῦν
1615 2385 1870 2462 Χριστὸν,
1901 2389 1970 2458 τῇ

306 2479 402 2535 κε’.
434 2479 548 2535 Τοῦ
581 2471 915 2552 Δεκεμϐρίου
975 2476 1167 2551 μηνός,
1219 2477 1420 2550 ἡμέρᾳ,
1464 2472 1556 2546 ἔτη
1599 2479 1672 2532 ιε’.
1709 2475 1808 2532 Καὶ
1844 2471 1972 2545 ἔζη-

310 2588 397 2621 σεν
457 2565 544 2621 ἐπὶ
597 2573 695 2635 τῆς
754 2564 1217 2642 ἐνανθρωπήσεως
1272 2569 1369 2619 τοῦ
1430 2563 1633 2640 Κυρίου
1664 2565 1826 2635 ἡμῶν
1861 2565 1970 2633 ’1η-

320 2649 440 2723 σοῦ,
473 2652 564 2726 ἔτη
615 2653 723 2730 λγ’.
783 2653 890 2710 Καὶ
954 2655 1089 2726 μετὰ
1145 2653 1243 2722 τὴν
1304 2651 1577 2726 ἀνάληψιν
1609 2656 1710 2706 τοῦ
1741 2650 1969 2725 Κυρίου,

321 2741 509 2814 ἔζησεν
542 2742 636 2797 σὺν
665 2745 782 2805 τοῖς
841 2743 1108 2816 μαθηταῖς
1143 2741 1306 2797 αὐτοῦ
1341 2742 1392 2796 ἐν
1431 2743 1512 2814 τῷ
1543 2739 1684 2813 οἷ’κῳ
1717 2741 1969 2798 Ἰωάννου

312 2837 412 2888 τοῦ
444 2829 835 2909 εὐαγγελιστοῦ
868 2829 959 2902 ἔτη
1016 2838 1102 2902 ια’,
1158 2829 1440 2907 ἡμέρας...
1473 2829 1715 2905 γίνονται
1747 2827 1836 2900 ἔτη
1871 2837 1972 2900 τῆς

318 2927 467 2992 ζωῆς
497 2922 666 2992 αὐτῆς
695 2924 791 2985 νθ“.
847 2917 1020 2984 Οὗτος
1076 2919 1133 2975 δὲ
1181 2920 1318 2975 ἐστιν
1378 2921 1659 2989 Ἰωάννης,
1691 2918 1749 2974 δν
1781 2918 1971 2994 ἠγάπα

314 3013 343 3066 ὁ
375 3010 599 3086 Κύριος,
649 3011 677 3065 ὁ
723 3011 809 3065 καὶ
865 3011 1150 3086 παρθένος,
1186 3010 1214 3064 ὁ
1241 3009 1305 3064 τὸ
1352 3010 1470 3074 καθ’
1505 3009 1688 3064 ἑαυτὸν
1724 3007 1969 3085 Εὐαγγὲ-

320 3099 443 3157 λιον
491 3099 962 3177 συγγραψάμενος,
1021 3100 1168 3162 ὅστις
1228 3097 1436 3172 ἔμεινεν
1470 3097 1523 3154 ἐν
1556 3096 1970 3175 Ἰεροσολύμοις

311 3189 391 3253 είς
421 3193 523 3259 τὴν
556 3188 864 3265 λεγομένην
928 3189 1084 3265 ἁγίαν
1147 3190 1314 3260 Σιὼν,
1371 3198 1472 3258 τήν
1523 3193 1630 3244 τῶν
1661 3188 1967 3258 ἐκκλησιῶν

2079 2025 2503 2097 sumptionem,
2551 2027 2692 2082 anni
2743 2031 2886 2092 tres,
2946 2028 3072 2083 dies
3118 2031 3204 2084 44.
3259 2030 3414 2084 Vixit
3442 2037 3640 2086 autem
3665 2031 3728 2087 in

2079 2114 2252 2170 terris
2283 2115 2660 2172 sanctissima
2692 2117 2942 2189 Deipara
2979 2123 3038 2173 et
3099 2118 3288 2191 Virgo,
3336 2120 3510 2175 annis
3538 2123 3624 2175 59.
3661 2121 3730 2175 Et

2076 2205 2187 2259 hoc
2220 2205 2462 2275 quidem
2503 2212 2708 2277 pacto:
2763 2208 2829 2261 In
2880 2208 3100 2278 templo
3132 2210 3304 2263 annis
3340 2213 3426 2277 14,
3460 2211 3520 2264 in
3552 2210 3727 2265 domo

2073 2294 2290 2365 Ioseph
2311 2291 2617 2350 mensibus
2637 2297 2692 2360 4,
2716 2297 3034 2367 statimque
3059 2297 3311 2353 salutata
3334 2303 3442 2362 est,
3469 2304 3525 2354 et
3548 2299 3728 2353 divini

2075 2389 2280 2455 partus
2304 2383 2736 2438 internuntium
2755 2401 2788 2439 a
2811 2385 3078 2440 Gabriele
3101 2387 3457 2460 archangelo
3481 2388 3728 2459 accepit:

2075 2475 2134 2528 et
2163 2489 2298 2528 cum
2328 2474 2698 2544 concepisset
2731 2473 3045 2529 Dominum
3071 2481 3334 2530 nostrum
3363 2477 3734 2532 JesumChri-

2078 2565 2254 2629 stum,
2287 2562 2518 2633 peperit
2550 2559 2827 2617 eumdem
2861 2565 2926 2616 25
2959 2563 3300 2619 Decembris
3325 2565 3486 2620 die...
3540 2581 3732 2620 annos

2075 2655 2215 2704 nata
2248 2651 2332 2704 15.
2368 2649 2521 2705 Vixit
2552 2665 2690 2704 vero
2723 2649 2974 2706 Domino
3008 2659 3209 2708 nostro
3240 2655 3375 2708 Jesu
3407 2653 3732 2720 Christo,in

2076 2740 2338 2796 humana
2371 2745 2581 2795 natura
2613 2740 2708 2794 hic
2737 2740 2963 2796 vivente
2997 2742 3171 2798 annis
3205 2745 3270 2797 33
3326 2745 3466 2798 Post
3496 2743 3732 2798 Domini

2077 2837 2276 2887 autem
2308 2834 2777 2904 assumptionem
2811 2839 2869 2888 et
2908 2835 3344 2905 ascensionem,
3377 2851 3512 2889 cum
3544 2834 3733 2906 ipsius

2075 2920 2476 2993 discipulis,in
2507 2920 2683 2977 domo
2705 2922 2950 2977 Joannis
2974 2924 3369 2996 evangelistas,
3394 2924 3536 2978 vixit
3556 2923 3731 2979 annis

2078 3011 2163 3082 11,
2197 3011 2538 3067 dies...sunt
2554 3029 2690 3065 vero
2713 3013 2853 3067 anni
2877 3030 3084 3068 omnes
3106 3015 3235 3068 vita)
3268 3015 3456 3084 ipsius
3482 3013 3729 3086 virginis

2077 3105 2132 3157 et
2161 3101 2390 3170 matris,
2425 3102 2909 3173 undesexaginta.
2945 3103 3047 3158 Hic
3078 3121 3253 3175 porro
3287 3105 3414 3173 ipse
3444 3110 3532 3159 est
3554 3105 3732 3159 Joan-

2078 3207 2205 3254 nes,
2239 3207 2417 3261 quem
2449 3190 2734 3261 diligebat
2791 3192 3097 3257 Dominus,
3131 3193 3231 3263 qui
3263 3192 3420 3263 virgo
3453 3193 3600 3246 fuit:
3630 3193 3732 3262 qui

318 3282 546 3355 μητερα.
607 3281 750 3350 Αὒτη
811 3278 869 3335 δὶ
919 3281 984 3350 ἦν
1043 3282 1079 3350 ἡ
1139 3278 1287 3334 οἷ’κία
1342 3277 1528 3337 αὐτοῦ.
1591 3277 1738 3335 Ἐκεῖ
1786 3279 1964 3333 τοίνυν

2084 3285 2140 3333 et
2169 3278 2548 3347 Evangelium
2580 3280 2955 3350 conscripsit,
2989 3281 3208 3350 quique
3243 3281 3501 3350 perstitit
3533 3281 3738 3335 Hiero-

315 3365 512 3448 ἔφυγον
547 3371 597 3425 οἱ
629 3369 928 3426 ἀπόστολοι
989 3365 1079 3426 διὰ
1133 3369 1227 3425 τὸ)
1283 3363 1452 3436 φόϐον
1510 3371 1616 3424 τῶν
1667 3367 1965 3425 Ἰουδαίων.

316 3461 462 3516 Ἐκεῖ
498 3465 617 3524 τοῖς
680 3461 951 3534 μαθηταῖς
1009 3457 1175 3515 αὐτοῦ
1232 3458 1399 3537 ἐφάνη
1437 3459 1465 3514 ὁ
1499 3455 1713 3532 Κύριος,
1751 3458 1884 3530 μετά
1912 3459 1974 3513 τὸ

315 3551 612 3619 ἀναστῆναι
667 3550 830 3605 αὐτὸν
885 3549 947 3606 ἑκ
1003 3554 1112 3605 τῶν
1165 3553 1390 3623 νεκρῶν,
1442 3553 1570 3617 τῶν,
1631 3552 1808 3622 θυρῶν
1885 3569 1976 3602 κι-

313 3637 683 3712 κλεισμὲνων,
743 3635 830 3694 καὶ
886 3637 1083 3695 ἔδωκεν
1145 3639 1333 3702 αὐτοῖς
1391 3642 1608 3711 Πνεῦμα
1660 3635 1835 3712 ἅγιον,
1884 3637 1972 3692 καὶ

311 3727 412 3797 τήν
449 3727 699 3805 εἰρήνην.
747 3731 898 3788 Ἐκεῖ
950 3731 1019 3803 τῇ
1075 3726 1243 3804 ὀγδόῃ
1303 3728 1486 3801 ἡμέρᾳ
1515 3726 1970 3805 ἐπληροφόρησεν

313 3820 408 3874 τὸν
465 3826 664 3893 Θωμᾶν
718 3821 746 3874 ὁ
807 3818 1025 3894 Κύριος,
1076 3815 1248 3887 δείξας
1295 3815 1445 3888 αὐτῷ
1473 3823 1572 3886 τῆς
1604 3814 1843 3892 πλευρᾶς
1873 3817 1970 3885 τήν

316 3909 554 3988 σφαγὴν,
594 3907 685 3962 καὶ
729 3908 821 3962 τὸν
878 3907 1046 3962 τόπον
1096 3909 1204 3961 τῶν
1259 3905 1416 3975 ἥλιν·
1469 3907 1614 3960 Ἐκεῖ
1659 3904 1970 3977 ἡτοιμάσθη

315 4000 447 4072 γοῦν
493 4000 570 4067 τῷ
617 3997 800 4069 Κυρίῳ
850 4001 1070 4069 Σωτῆρι
1125 3996 1347 4070 Χριστῷ
1399 3998 1588 4067 φαγεῖν
1633 3993 1699 4047 τὸ
1741 3993 1972 4068 Πάσχα-

323 4085 462 4158 μετᾶ.
516 4088 623 4139 τῶν
687 4085 945 4156 μαθητῶν
1007 4081 1192 4139 αὐτοῦ.
1255 4081 1352 4136 Καὶ
1413 4078 1609 4146 ἐκεῖθεν
1645 4081 1976 4154 ὑμνήσαντες

319 4172 552 4244 ἐξῆλθον
606 4171 684 4235 εἷς
734 4173 797 4228 τὸ
843 4169 970 4249 ὅρος
1014 4177 1122 4228 τῶν
1173 4167 1430 4239 Ἐλαιῶν,
1468 4169 1543 4233 είς
1576 4169 1782 4245 χωρίον
1813 4169 1977 4246 λεγό-

325 4282 486 4336 μενον
541 4265 886 4336 Γεθσημανῆ.
945 4265 1092 4319 Ἐκεῖ
1145 4261 1205 4316 τὸ
1257 4264 1477 4334 πρῶτον
1529 4262 1825 4335 μυστήριον
1867 4259 1980 4316 ἐτέ-

320 4350 476 4406 λεσεν
507 4351 535 4406 ὁ
566 4351 762 4428 Κύριος
815 4356 911 4407 τοῦ
971 4352 1183 4425 Πατρὸς
1239 4354 1354 4423 (24)
1408 4354 1526 4411 τοῖς
1581 4351 1849 4422 μαθηταῖς
1881 4351 1980 4406 αὗ-

319 4443 439 4496 τοῦ.
527 4439 630 4497 Καὶ
713 4439 1160 4516 ἐμυσταγώγησεν
1262 4440 1451 4500 αὐτοῖς
1527 4440 1627 4508 τὴν
1715 4441 1980 4512 μυστικὴν

320 4525 600 4604 λατρείαν,
662 4529 751 4585 καὶ
809 4527 1038 4606 ἔκειρεν,
1116 4528 1205 4584 καὶ
1283 4527 1576 4603 εὐλόγησεν
1644 4525 1839 4588 αὐτοὺς
1892 4529 1976 4583 καὶ

327 4618 768 4694 ἐχειροτόνησεν,
829 4619 919 4675 καὶ
977 4615 1288 4691 παρέδωκεν
1345 4616 1530 4679 αὐτοῖς
1581 4619 1681 4685 τήν
1715 4618 1983 4690 μυστικὴν

2082 3367 2328 3439 solymis
2353 3368 2411 3420 in
2437 3374 2641 3422 sancta
2665 3369 2787 3422 aede
2816 3367 3008 3422 Sionis
3030 3367 3206 3432 dicta,
3241 3367 3597 3440 templorum
3621 3385 3742 3423 om—

2083 3458 2249 3513 nium
2310 3463 2519 3524 matre,
2576 3457 2687 3512 hoc
2746 3457 2932 3528 ipsius
2990 3462 3115 3513 erat
3172 3458 3560 3513 domicilium.
3597 3459 3740 3514 llluc

2085 3548 2263 3621 igitur
2293 3546 2569 3618 apostoli,
2605 3552 2846 3618 propter
2871 3553 3096 3602 metum
3137 3547 3498 3612 Judworum,
3531 3549 3737 3604 confu-

2083 3645 2313 3713 gerunt.
2340 3637 2468 3691 Illic
2493 3637 2720 3691 foribus
2741 3637 3299 3709 clausis,discipnlis
3323 3639 3443 3692 suis
3465 3639 3742 3709 apparuit

2085 3728 2394 3791 Dominus,
2417 3732 2805 3798 posteaquam
2829 3744 2862 3782 a
2885 3728 3134 3782 mortuis
3167 3727 3427 3782 exstitit:
3463 3734 3521 3782 et
3549 3727 3738 3799 Spiri-

2083 3825 2207 3873 tum
2241 3821 2534 3880 sanctum,
2592 3822 2652 3871 et
2697 3834 2904 3888 pacem
2964 3817 3188 3873 eisdem
3243 3817 3426 3871 dedit.
3481 3817 3609 3872 lllic
3641 3819 3737 3873 die

2081 3914 2284 3964 octavo
2297 3909 2580 3963 Thomam
2602 3914 2910 3963 nutantem
2926 3915 3153 3962 certum
3175 3907 3734 3963 reddiditDominus

2085 3997 2288 4053 lateris
2318 3997 2409 4052 sui
2443 3997 2633 4068 plaga,
2660 4003 2717 4050 et
2748 3998 3045 4054 clavorum
3076 3997 3289 4062 forma,
3322 4003 3380 4051 et
3411 3997 3603 4069 efﬁgie
3635 3997 3738 4052 de-

2084 4091 2435 4142 monstrata.
2468 4086 2596 4141 Illic
2623 4085 2866 4140 Domino
2890 4085 3178 4140 Servatori
3211 4091 3412 4140 nostro
3443 4085 3740 4156 paschalis

2087 4194 2294 4249 agnus,
2331 4193 2504 4246 quem
2535 4194 2668 4231 cum
2703 4177 2826 4231 suis
2855 4176 3058 4231 ederet
3081 4175 3408 4246 discipulis,
3429 4174 3539 4228 fuit
3561 4190 3744 4244 appa-

2087 4271 2272 4322 ratus.
2306 4266 2495 4320 Etiam
2527 4265 2664 4319 inde
2723 4266 2784 4319 in
2843 4264 3038 4319 locum
3073 4265 3465 4318 Gethsemane
3497 4262 3746 4333 dictum,

2091 4354 2310 4426 egressi
2344 4359 2501 4408 sunt.
2560 4353 2784 4408 ibidem
2843 4354 3033 4423 primo
3089 4359 3306 4407 sanctas
3361 4349 3745 4406 Eucharistiaa

2091 4443 2442 4516 mysterium
2477 4443 2730 4496 confecit
2783 4442 3072 4506 Christus,
3133 4442 3376 4512 suisque
3437 4439 3746 4510 discipulis

2097 4532 2358 4598 tradidit,
2418 4531 2735 4603 mysticum
2795 4530 3023 4585 cultum
3083 4530 3340 4592 edocuit,
3398 4535 3456 4584 et
3505 4534 3750 4584 tonsura

2093 4622 2231 4677 data
2261 4622 2324 4674 in
2357 4620 2580 4675 clerum
2630 4619 2857 4681 ascivit.
2917 4619 3356 4675 benedictionis
3388 4618 3746 4673 beneﬁcium

325 4708 584 4780 λατρείαν
634 4711 742 4763 τῶν
795 4709 1233 4784 προσταγμάτων
1302 4707 1493 4774 αὐτοῦ,
1542 4705 1632 4760 καὶ
1683 4703 1974 4779 μεγαλείωι

2097 4710 2598 4781 impendit,sacris
2618 4708 2942 4763 Ordinibus
2963 4707 3250 4773 initiavit;
3275 4713 3459 4763 totam
3481 4707 3750 4762 omnium

327 4796 522 4863 αὐτοῦ,
579 4797 672 4850 καὶ
731 4801 903 4851 πᾶσαν
957 4797 1056 4865 τὴν
1128 4793 1270 4863 θέαν,
1329 4795 1420 4850 καὶ
1477 4791 1632 4866 δόξαν
1686 4795 1784 4862 τῆς
1844 4793 1989 4857 θείας

328 4892 553 4958 μορφῆς
610 4886 803 4956 αὐτοῦ,
873 4887 961 4940 καὶ
1046 4885 1224 4939 αὐτῶν
1281 4887 1387 4938 τῶν
1452 4879 1730 4959 μακαρίων
1786 4885 1984 4938 θεατῶν

327 4973 520 5045 αὐτοῦ,
577 4977 667 5030 καὶ
717 4981 888 5029 πᾶσαν
939 4977 1040 5043 τήν
1091 4973 1272 5046 δόξαν,
1331 4975 1418 5028 καὶ
1479 4975 1708 5046 κόσμον,
1759 4975 1847 5028 καὶ
1894 4969 1986 5028 ἕλ-

326 5065 543 5138 λαμψιν
597 5071 700 5134 τῆς
750 5063 1080 5134 Ἐκκλησίας
1129 5063 1316 5132 αὐτοῦ,
1366 5063 1454 5116 καὶ
1499 5063 1598 5129 τὴν
1649 5063 1790 5116 θείαν
1828 5064 1989 5136 μετά-

325 5149 502 5226 ληψιν
555 5155 652 5207 τοῦ
710 5153 899 5226 τιμίου
959 5153 1236 5226 σώματος,
1295 5151 1386 5206 καὶ
1418 5147 1648 5222 α’ίματος
1679 5151 1868 5222 αὐτοῦ,
1901 5151 1990 5206 καὶ

327 5239 638 5316 Νικοδήμῳ
695 5247 773 5315 τῷ
831 5246 1009 5314 πιστῷ
1079 5241 1186 5317 πρὸ
1241 5244 1344 5297 τοῦ
1392 5239 1598 5302 πάθους
1658 5241 1843 5310 αὐτοῦ,
1902 5242 1990 5296 καὶ

399 5403 512 5472 (22)
535 5404 706 5459 Forte
739 5404 910 5461 deest
938 5401 1126 5459 αὖτοῦ.

401 5477 512 5546 (23)
545 5476 728 5532 Locus
781 5477 1027 5532 mutilus
1055 5482 1171 5532 est.
1210 5475 1444 5531 Citatur
1472 5488 1507 5528 a
1533 5472 1710 5546 Glyca
1747 5492 1808 5530 in
1842 5483 1992 5546 part.

323 5545 567 5608 Annal.,
599 5549 770 5618 cujus
802 5548 978 5604 verba
1010 5548 1310 5618 interpres
1346 5547 1432 5602 sic
1465 5544 1762 5618 reddidit:
1801 5544 1996 5618 neque

323 5618 489 5673 enim
510 5618 639 5687 jam
671 5615 745 5675 ad
778 5637 1024 5676 manum
1058 5627 1151 5674 est
1175 5615 1422 5674 liraacus
1455 5615 1639 5672 codex
1675 5615 1996 5689 GlycaafDe

323 5690 726 5762 nonnutiorum
753 5695 979 5762 quidem
1015 5692 1406 5747 historicorum
1445 5691 1733 5750 sententia.
1763 5707 1998 5761 praeser-

325 5762 435 5817 tim
467 5761 781 5834 Hippolyti
797 5765 1059 5836 Thebani,
1084 5769 1212 5836 post
1239 5764 1458 5821 Domini
1512 5777 1583 5816 ea:
1629 5765 1860 5819 mortuis
1903 5782 1995 5821 re-

2098 4816 2469 4864 arcanorum,
2506 4815 2634 4868 quae
2689 4799 2750 4852 in
2801 4796 3098 4852 mandatis
3119 4797 3317 4866 dabat,
3342 4805 3400 4852 et
3419 4797 3749 4868 majestatis

2099 4906 2219 4945 suae
2244 4888 2458 4942 seriem
2473 4887 2760 4957 exposuit.
2777 4887 3146 4958 gloriamque
3161 4886 3373 4941 divinae
3389 4905 3508 4942 sua:
3523 4887 3748 4952 forma),

2099 4977 2552 5045 beatorumque,
2599 4991 2636 5029 a
2690 4975 2907 5044 quibus
2965 4981 3284 5046 spectatur,
3345 4976 3750 5047 spectaculum

2099 5065 2384 5120 exhibuit.
2411 5069 2476 5118 ut
2507 5069 2564 5118 et
2592 5064 3120 5136 magnificentiam,
3145 5071 3443 5131 ornatum,
3470 5065 3754 5136 splendo-

2102 5171 2346 5227 remque
2379 5153 2653 5210 Ecclesiaa
2686 5171 2844 5211 suas:
2897 5155 3136 5211 eosdem
3177 5156 3374 5212 divina
3401 5157 3666 5228 corporis
3698 5161 3756 5210 et

2103 5245 2408 5318 sanguinis
2438 5245 2528 5301 sui
2560 5246 2978 5303 communione
3009 5247 3285 5320 dignatus
3317 5253 3440 5316 est;
3473 5252 3540 5303 ut
3569 5253 3629 5303 et
3658 5246 3754 5302 Ni-

2101 5407 2490 5478 su-rrectionem
2519 5407 2656 5460 anni
2702 5413 2903 5477 septem
2943 5411 3352 5478 preterierant,
3387 5425 3506 5463 cum
3536 5406 3756 5461 testium

2107 5477 2350 5533 ueritatis
2377 5480 2630 5548 princeps
2687 5479 2780 5533 ille
2831 5477 3140 5550 Stephanus
3191 5482 3405 5535 beatum
3437 5482 3563 5533 vita
3591 5482 3754 5545 ﬁnem

2105 5557 2182 5604 est
2213 5557 2546 5604 consecutus.
2585 5551 2669 5604 Ab
2701 5552 2818 5619 ejus
2857 5560 3034 5606 autem
3079 5560 3255 5607 morte
3285 5551 3554 5606 mensibus
3579 5561 3754 5618 prope

2101 5637 2200 5676 sca!
2231 5623 2447 5691 elapsis,
2491 5623 2650 5675 Pauli
2698 5626 2913 5676 vacatio
2942 5627 3095 5692 facta
3143 5631 3239 5678 est.
3276 5623 3387 5676 Sed
3419 5621 3544 5673 vide
3581 5619 3756 5672 Baro-

2106 5693 2272 5748 nium
2305 5692 2520 5748 Annal.
2567 5693 2780 5764 primo.
2815 5696 3002 5749 Carus.

2177 5766 2291 5834 (24)
2322 5765 2492 5819 Forte
2514 5763 2615 5828 τῆς
2645 5763 3013 5839 εὐχαριστίας.
