4078 6204
316 367 477 430 1041

1791 375 1941 434 FBA
1952 376 2299 441 GMENTA.

3581 394 3740 456 1041

318 501 488 576 γαίου
531 506 630 558 τοῦ
687 499 924 575 ἀδελφοῦ
981 504 1254 579 Ζαχαρίου
1310 509 1408 560 τοῦ
1463 507 1668 581 πατρὸς
1726 506 1954 563 Ἰωάννοι

2092 516 2329 587 οἱιῖιτὶεθ,
2364 522 2464 591 qui
2496 523 2690 579 fuerat
2715 529 2881 597 pater
2910 526 3150 582 Joannis
3185 527 3479 599 Baptistaa,
3523 528 3743 589 Christi

318 598 423 648 τοῦ
455 591 807 667 Προδρόμου,
840 594 961 647 υἱοῦ
994 595 1294 669 Βαραχίου,
1344 600 1440 650 τοῦ
1488 598 1613 650 υἱοῦ
1672 593 1828 654 ’Λὸιὰ
1875 603 1971 653 τοῦ

320 682 537 756 ἱερέως.
574 682 669 736 Καὶ
726 682 849 736 τότε
908 681 1203 758 ἐχήρευσεν
1268 686 1484 757 Ἰωσὴρ,
1546 687 1619 748 ὡς
1676 687 1810 741 εἶναι
1869 690 1969 756 τήν

326 770 633 843 Σαλώμην,
692 770 782 825 καὶ
834 772 927 825 τὸν
986 773 1294 842 Βαπτιστήν
1385 774 1661 845 Ἰωάννην,
1719 774 1967 855 ἀδελφῶν

322 861 484 915 τὲκνα
512 860 829 935 ἀρρενικῶν.
887 862 944 917 Ὀ
1000 861 1103 935 γὰρ
1166 863 1440 936 Ἀγγαῖος,
1493 865 1609 925 υἱὸς
1670 866 1967 939 Βαραχίου,

320 952 468 1011 θεῖος
498 952 562 1017 ἦν
596 950 864 1006 Ἰωάννου.
905 951 1146 1022 Ὁμοίως
1181 950 1236 1005 δὲ
1267 951 1354 1006 καὶ
1382 953 1675 1026 Ζαχαρίας,
1734 952 1966 1030 ἀδελφὸς

319 1038 388 1104 ἦν
433 1038 714 1111 Ἀγγαίου,
749 1043 893 1101 θεῖος
936 1035 993 1092 δὲ
1028 1036 1309 1110 Σαλώμης
1338 1042 1437 1107 τῆς
1469 1040 1722 1113 γυναικὸς
1767 1042 1965 1118 Ἰώσηφ

314 1133 415 1182 τοῦ
463 1130 733 1189 τέκτονος·
818 1128 1095 1200 Σαλώμην
1157 1127 1214 1183 δέ
1273 1152 1441 1206 φημι,
1500 1130 1563 1184 οὗ
1618 1132 1716 1199 τήν
1781 1132 1964 1203 μαίαν,

314 1217 619 1289 ἀλλὰςτὴν
677 1226 906 1295 γυναῖκα
957 1223 1179 1298 Ἰωσήφ.
1240 1223 1302 1277 Ἡ
1361 1223 1465 1295 γὰρ
1509 1221 1641 1293 μαία
1694 1222 1800 1276 ἀπὸ
1859 1230 1961 1292 Βη-

315 1307 489 1379 θλεὲμ
546 1308 860 1383 ἐτύγχανεν,
914 1310 1105 1382 ἀνεψιὰ
1150 1310 1239 1365 καὶ
1300 1309 1431 1378 αὐτή
1480 1312 1612 1365 οὖσα
1656 1319 1756 1379 τῆς
1812 1310 1964 1365 Ἑλι-

313 1394 498 1469 σὰϐετ,
551 1398 640 1453 καὶ
699 1407 798 1468 τῆς
857 1400 1007 1474 ἁγίας
1068 1402 1339 1475 ΙΙαρθὲνου
1399 1400 1607 1475 Μαρίας
1666 1404 1801 1475 [(31)
1860 1400 1961 1456 Καὶ

314 1486 486 1556 δηλοῖ
512 1489 574 1543 τὸ
604 1488 741 1543 κατᾶ
778 1495 989 1543 Λουκᾶν
1034 1491 1183 1565 ἅγιον
1236 1489 1620 1565 Εὐαγγέλιον.]
1671 1489 1806 1564 Τρία
1858 1490 1959 1564 γὰρ

312 1578 450 1645 ἦσαν
494 1574 726 1653 ἀδελφια
783 1579 887 1633 ἀπὸ
946 1576 1222 1651 Βηθλεὲμ,
1286 1582 1574 1655 Θυγατέρες
1625 1581 1812 1636 Ματοᾶ
1864 1584 1960 1634 τοῦ

311 1668 503 1741 ἱερέως
534 1668 623 1721 καὶ
666 1669 876 1742 Μαρίας
903 1675 1002 1736 τῆς
1036 1666 1198 1722 αὐτοῦ
1230 1668 1524 1742 γυναικὸς,
1574 1667 1660 1723 ἐπὶ
1714 1671 1810 1737 τῆς
1864 1670 1962 1741 βα-

313 1754 520 1816 σιλείας
584 1754 954 1831 Κλεοπάτρας,
1016 1757 1101 1811 καὶ
1161 1759 1492 1829 Σοπάτωρος
1547 1762 1648 1812 τοῦ
1728 1759 1957 1831 Πέρσου,

311 1846 419 1919 πρὸ
448 1851 549 1913 τῆς
604 1845 881 1919 βασιλείας
930 1843 1181 1920 Ἡρώδου
1232 1848 1353 1900 υἱοῦ
1399 1846 1779 1922 Ἀντιπάτρου,
1821 1844 1953 1901 ὄνο-
1987 1879 2033 1942 Β

314 1958 389 2007 μα
421 1934 487 2008 τῇ
522 1936 713 2009 πρώτῃ
777 1935 980 2009 Μαρία,
1045 1936 1135 1990 καὶ
1194 1933 1367 2009 ὄνομα
1420 1942 1489 2010 τῇ
1559 1934 1779 2012 δευτέρᾳ
1840 1938 1992 1992 Em?

312 2024 411 2097 μαὶ
472 2019 728 2097 [Σωϐαὶ],
781 2026 869 2079 καὶ
920 2028 988 2098 τῇ
1021 2027 1065 2099 γ’
1097 2028 1274 2082 Ἀννα.
1328 2028 1545 2101 Ἑγημε
1593 2025 1649 2081 δὲ
1680 2030 1713 2095 ἡ
1751 2028 1847 2099 μία
1907 2027 1958 2082 ἐν

307 2112 578 2184 Βηθλεὲμ,
630 2114 719 2167 καὶ
779 2107 951 2168 ἔτεκεν
1006 2114 1307 2187 Σαλώμην,
1351 2118 1449 2183 τὴν
1505 2116 1687 2187 μαίαν.
1741 2117 1961 2190 Ἐγημε

312 2199 369 2255 δὲ
399 2203 487 2255 καὶ
584 2199 803 2276 δευτέρα
833 2202 887 2257 ἐν
922 2202 1189 2274 Βηθλεέμ.
1250 2204 1351 2261 Καὶ
1398 2200 1543 2260 ἔτεκε
1592 2207 1689 2273 τήν
1742 2206 1960 2261 Ἐλισα-

307 2286 421 2347 ϐετ.
456 2295 673 2365 ’Έγημε
705 2289 880 2347 δὲκαὶ
920 2293 954 2362 ἠ
1006 2294 1164 2366 τρίτη
1221 2294 1294 2355 εἷς
1340 2295 1438 2362 τήν
1488 2303 1592 2369 γῆν
1642 2302 1741 2363 τῆς
1794 2296 1954 2350 Γαλι-

315 2378 473 2442 λαίας
529 2385 655 2452 ι32).
717 2382 806 2435 καὶ
865 2378 1011 2437 ἔτεκε
1068 2384 1279 2456 Μαρίαν
1337 2386 1434 2451 τήν
1523 2382 1812 2443 Θεοτόκον,
1870 2387 1958 2449 Ὠς

304 2472 441 2524 εἶναι
472 2472 570 2538 τὴν
607 2468 908 2544 Σαλώμην,
943 2472 1030 2527 καὶ
1058 2476 1156 2541 τήν
1192 2469 1497 2542 Ἐλισάϐετ,
1529 2474 1619 2529 καὶ
1649 2477 1748 2543 τὴν
1780 2476 1952 2549 ξάγίαν

308 2560 522 2633 Μαρίαν
575 2563 673 2629 τὴν
733 2564 1019 2631 Θεοτᾶκον,
1107 2564 1395 2638 θυγατέρας
1476 2563 1724 2639 ἀδελφῶν
1787 2569 1954 2637 τριῶν

303 2648 540 2718 θηλεων.
604 2651 875 2714 Ἐντεῦθεν
938 2650 1028 2705 οὖν
1082 2654 1108 2706 6
1162 2654 1468 2721 Ηαπτιστῆς
1528 2654 1812 2724 Ἰωάννης,
1863 2653 1951 2707 καὶ

302 2737 330 2791 6
365 2736 565 2811 Κύριος
598 2740 757 2811 ἡμῶν
815 2739 1027 2812 ἀνεψιοὶ
1082 2739 1330 2811 λέγονται
1391 2744 1548 2799 εἶναι.
1601 2741 1722 2803 Υἱὸς
1771 2739 1828 2795 δὲ
1873 2745 1953 2813 τῷ

305 2827 514 2894 Ἰωσήφ
547 2826 757 2903 λέγεται
792 2828 952 2896 εἶναι,
984 2826 1172 2897 ἐπειδὴ
1230 2834 1335 2883 τῶν
1389 2831 1518 2884 υἱῶν
1570 2830 1733 2885 αὐτοῦ
1792 2829 1952 2886 ἀδελ-

309 2915 408 2990 φός
444 2915 553 2971 ἐστι
586 2920 709 2991 (33)
739 2916 798 2972 ἐκ
834 2925 936 2987 τῆς
985 2926 1410 2996 συνανατροφῆς,
1454 2920 1545 2974 καὶ
1597 2927 1697 2989 τῆς
1753 2942 1950 2996 συγγε-

299 3003 446 3067 νείας
478 3009 592 3078 (34)
622 3011 718 3061 τοῦ
750 3007 1007 3081 Ἀγγαίου
1040 3005 1278 3083 ἀδελφοῦ
1303 3009 1581 3083 Ζαχαρίου
1610 3014 1706 3064 τοῦ
1738 3010 1948 3085 ἱερέως.

373 3099 446 3153 Ε“.
512 3103 628 3172 (35)
685 3104 936 3154 Γεννᾶται
996 3101 1177 3154 τοίνυν
1212 3102 1239 3155 6
1275 3100 1473 3175 Κύριος
1525 3102 1687 3174 ἡμῶν
1743 3103 1950 3172 Ἰησοῦς

301 3189 551 3259 Χριστὸς,
588 3188 647 3244 ἐκ
703 3186 883 3263 φυλῆς
944 3187 1141 3245 Ἰούδαο
1198 3188 1257 3244 ἐκ
1307 3189 1614 3261 σπέρματος
1664 3186 1829 3245 Δαϐὶδ
1886 3191 1948 3246 τὸ

302 3278 436 3332 κατὰ
494 3279 686 3349 σάρκα,
741 3276 825 3331 ἐπ’
882 3276 1116 3353 ἐσχάτου
1170 3283 1277 3334 τῶν
1336 3278 1582 3355 ἡμέρων,
1660 3284 1951 3352 μεσοῦντος

300 3372 398 3422 τοῦ
428 3366 804 3443 ἑξακισχιλίου
862 3365 1038 3437 ἔτους,
1081 3367 1132 3423 ἐν
1189 3372 1268 3440 τῷ
1321 3370 1413 3442 μβ“
1470 3364 1575 3423 ἔτει
1636 3368 1949 3443 Αὐγούστου

302 3460 404 3510 τοῦ
437 3455 728 3531 βασιλέως,
762 3456 814 3510 ἐν
853 3457 984 3529 μηνὶ
1008 3452 1326 3533 Δεκεμϐρίῳ
1355 3458 1449 3525 κε’,
1481 3457 1672 3521 νυκτὸς
1715 3464 1765 3529 ι’,
1798 3459 1947 3531 ἡμε-

307 3565 404 3619 ρας
436 3546 480 3599 α’
512 3549 642 3618 (36).

376 3634 435 3702 ζ’.
470 3633 742 3690 Γνωστέον
778 3632 835 3690 δὲ
882 3635 971 3690 καὶ
1027 3639 1210 3704 τοῦτο,
1267 3636 1359 3689 ἳνα
1417 3634 1468 3705 ἐξ
1538 3635 1715 3710 ἀρχῆς
1768 3633 1948 3709 δείξῃς

307 3726 404 3777 τοῦ
436 3721 700 3779 Ἰουδαίου
728 3724 796 3778 τὰ
842 3725 1100 3799 ἀπαρχῆς
1156 3724 1389 3795 κόσμου,
1448 3718 1644 3793 ἔπαρον
1705 3724 1810 3778 ἀπὸ
1852 3728 1949 3779 τοῦ

310 3811 747 3885 πρωτοπλάστου
808 3812 1008 3885 Ἀδὰμ,
1066 3812 1173 3874 ἓως
1232 3817 1371 3881 Νῶε,
1428 3813 1507 3889 ἐφ’
1540 3813 1584 3884 ᾧ
1617 3814 1644 3868 6
1678 3812 1951 3868 κατακλυ-

312 3904 447 3975 σμὸς
504 3902 710 3977 γὲγονε,
772 3904 1023 3979 γεγόνασι
1111 3903 1282 3978 γενεσὶ
1342 3900 1488 3970 δέκα,
1575 3899 1668 3973 ἔτη
1759 3904 1946 3979 βρμβ’.

303 3992 544 4064 Ὁμοίως
592 3992 681 4046 καὶ
749 3992 855 4047 ἀπὸ
913 3996 1007 4047 τοῦ
1064 3992 1451 4064 κατακλυσμοῦ
1504 3991 1608 4053 ’ἐως
1672 3987 1946 4066 Ἀϐραὰμ,

298 4079 471 4155 γενεαὶ
508 4081 556 4151 ι’,
590 4078 681 4150 ἔτη
726 4100 858 4136 ασο.
919 4074 1173 4154 Ἀϐραὰμ
1228 4080 1295 4148 ἦν
1357 4079 1492 4134 ἐτῶν
1546 4081 1621 4133 οε“
1672 4080 1761 4134 ὅτε
1818 4102 1949 4153 μετ-

294 4170 503 4241 ᾤκησεν
562 4169 639 4231 εἷς
697 4171 796 4237 τὴν
854 4168 1153 4223 Χαναναίαν
1214 4175 1338 4243 γῆν,
1400 4167 1458 4222 ἐκ
1508 4175 1608 4237 τῆς
1693 4174 1944 4223 Μεσοπο-

295 4257 512 4329 ταμίας,
544 4260 701 4312 κακεῖ
740 4255 1025 4330 διατρίψας
1080 4253 1172 4327 ἔτη
1233 4263 1326 4326 κε’,
1370 4255 1533 4311 ἔτεκε
1588 4258 1680 4311 τὸν
1744 4258 1942 4316 Ἰσαάκ.

300 4350 360 4401 Ξ’
420 4345 475 4401 δὲ
529 4346 620 4417 ἔτη
684 4349 889 4422 βιώσας
949 4349 976 4402 ὁ
1046 4348 1245 4418 Ἰσαὰκ,
1331 4353 1485 4423 γεννᾷ
1570 4346 1766 4411 παῖδας
1825 4346 1943 4418 δύο,

301 4439 489 4504 Ἠσαῦ,
521 4437 610 4490 καὶ
647 4432 859 4494 Ἰακώϐ.
896 4435 1176 4505 Κατ-ἦλθεν
1214 4436 1290 4498 εἷς
1345 4435 1617 4509 Αἶίγυπτον
1667 4439 1781 4510 ἅμα
1830 4442 1945 4498 τοῖς

303 4526 513 4582 δώδεκα
567 4528 731 4583 αὐτοῦ
784 4528 872 4582 καὶ
930 4534 1046 4589 τοῖς
1101 4527 1341 4603 ἐγγόνοις
1414 4528 1703 4602 [ἐκγόνοις]
1756 4528 1942 4597 αὐτοῦ,

1981 3240 2024 3306 C

2084 606 2416 675 Prodromi,
2441 612 2548 666 ﬁlii
2582 614 2900 679 Barachize,
2935 615 3043 669 ﬁlii
3100 616 3246 671 Abia
3295 620 3637 674 sacerdotis.
3673 626 3743 677 Et

2084 700 2223 751 tunc
2254 700 2497 769 quidem
2528 702 2741 758 viduus
2774 710 2900 758 erat
2955 706 3193 775 Joseph,
3251 712 3316 760 ut
3375 708 3628 777 Salome,
3684 718 3743 767 et

2079 785 2337 842 Joannes
2367 790 2628 860 Baptista
2648 792 2897 848 fratrum
2937 810 3352 863 germanorum
3388 797 3508 851 sint
3538 798 3732 855 liberi.

2079 875 2311 930 Etenim
2339 882 2937 950 Aggazus,Barachiaa,
2957 883 3392 954 ﬁlius,patruus
3415 893 3542 941 erat
3560 889 3733 943 Joan-

2078 962 2190 1016 nis.
2218 965 2710 1035 Zachariasitem,
2746 970 2928 1025 frater
2960 973 3160 1043 Aggai,
3194 980 3439 1043 patruus
3470 982 3595 1030 erat
3625 977 3731 1031 Sa-

2076 1051 2286 1119 lomes;
2322 1072 2498 1124 quam
2522 1058 2737 1128 Joseph
2768 1059 2933 1113 faber
2964 1061 3023 1113 in
3058 1063 3437 1117 matrimonio
3452 1064 3728 1121 habebat.

2078 1140 2349 1196 Salomen
2384 1150 2581 1198 autem
2614 1147 2768 1213 dico,
2804 1164 2925 1201 non
2958 1148 3337 1204 obstetricem
3383 1152 3570 1219 illam,
3624 1154 3727 1208 sed

2073 1229 2312 1300 Josephi
2347 1234 2682 1307 conjugem.
2717 1236 3010 1291 Obstetrix
3034 1239 3195 1292 enim
3228 1257 3257 1293 e
3280 1241 3581 1295 Bethleem
3608 1249 3735 1298 erat

2076 1319 2347 1383 oriunda,
2384 1328 2441 1376 et
2470 1324 2598 1393 ipsa
2639 1326 2997 1381 consobrina
3048 1327 3367 1393 Elisabeth,
3420 1337 3479 1385 et
3534 1349 3731 1387 sacro-

2079 1416 2298 1464 sanctaa
2334 1412 2588 1484 Virginis
2621 1416 2833 1469 Maria}.
2866 1416 3049 1487 quue
3069 1419 3255 1472 sancti
3282 1419 3447 1474 Luem
3471 1421 3735 1477 declarat

2073 1498 2478 1571 Evangelium.
2513 1504 2651 1558 Tres
2684 1506 2844 1559 enim
2879 1522 3113 1560 sorores
3145 1513 3316 1561 erant
3374 1508 3733 1564 Bethleemi-

2073 1588 2226 1655 ticae,
2263 1592 2587 1646 sacerdotis
2620 1594 2854 1649 Mathan
2888 1595 3047 1663 ﬁlia),
3084 1600 3141 1650 et
3169 1597 3369 1651 uxoris
3403 1596 3564 1652 illius
3608 1601 3729 1654 Ma-

2071 1677 2173 1731 riae
2200 1696 2213 1743 ;
2240 1686 2523 1751 regnante
2547 1682 2857 1753 Cleopatra
2882 1685 3106 1756 regina,
3142 1690 3200 1738 et
3221 1686 3499 1756 Sopatore
3524 1688 3725 1756 Persa,

2069 1765 2249 1837 idque
2281 1776 2598 1839 antequam
2630 1773 2889 1827 Herodes
2925 1773 3087 1827 ﬁlius
3136 1775 3424 1845 Antipatri
3474 1793 3725 1848 regnum

2071 1856 2380 1911 Judaicum
2428 1858 2742 1915 obtineret.
2790 1862 3015 1916 Nomen
3071 1862 3280 1933 primm
3324 1868 3451 1917 erat
3508 1866 3727 1932 Maria;

2074 1961 2290 1999 nomen
2328 1948 2602 2001 secundae
2648 1950 2875 2003 Somae:
2939 1952 3113 2005 tertia
3168 1951 3478 2006 dicebatur
3535 1959 3726 2009 Anna.

2071 2036 2271 2090 Prima
2301 2038 2581 2107 nupsitin
2616 2038 2941 2105 Bethleem,
2965 2045 3022 2093 et
3045 2039 3319 2094 Salomen
3346 2040 3725 2096 obstetricem

2065 2125 2287 2195 genuit.
2322 2126 2520 2181 Altera
2550 2126 2771 2181 ibidem
2804 2127 3016 2198 nuptui
3051 2127 3164 2181 fuit
3185 2128 3422 2195 tradita,
3459 2135 3518 2183 et
3539 2129 3727 2186 Elisa-

2066 2212 2303 2267 betham
2337 2215 2585 2285 peperit.
2610 2217 2805 2270 Tertia
2822 2216 2882 2270 in
2907 2216 3147 2271 Galilaea
3165 2218 3458 2288 nupsit,et
3478 2219 3719 2274 Mariam

2066 2302 2375 2373 Deiparam
2408 2305 2647 2375 genuit:
2671 2306 3491 2373 utSalome,etElisabeth,et
3514 2314 3720 2364 sancta

2064 2392 2243 2445 Maria
2277 2393 2522 2463 Deipara
2552 2394 2731 2448 trium
2764 2411 3035 2449 sororum
3069 2395 3563 2467 sintﬁlize.Atque
3580 2398 3719 2454 hinc

2060 2481 2315 2535 Joannes
2366 2482 2648 2552 Baptista,
2706 2489 2763 2537 ct
2820 2484 3087 2538 Christus
3149 2484 3434 2539 Dominus
3489 2490 3712 2553 noster,

2061 2570 2401 2623 consobrini
2433 2587 2563 2625 esse
2586 2572 2899 2626 dicuntur:
2936 2573 3096 2627 ﬁlius
3128 2590 3263 2627 vero
3319 2575 3538 2645 Joseph
3590 2592 3718 2630 esse

2059 2658 2379 2714 ferebatur.
2414 2660 2703 2723 Quoniam
2739 2661 2999 2715 ﬁliorum
3033 2662 3220 2732 ipsius
3249 2662 3431 2716 frater
3462 2668 3571 2730 est,
3595 2681 3717 2718 non

2061 2764 2131 2803 ex
2163 2764 2230 2802 eo
2264 2748 2482 2815 solum,
2509 2749 2667 2819 quod
2683 2766 2802 2803 una
2823 2750 3006 2804 fuerit
3028 2750 3308 2817 nutritus,
3339 2750 3717 2820 eteducatus,

2059 2853 2260 2891 verum
2294 2837 2473 2891 etiam
2506 2854 2577 2892 ex
2608 2838 2803 2910 Aggzei
2834 2838 3034 2893 fratris
3066 2838 3358 2894 Zachariae
3393 2841 3716 2896 sacerdotis

2062 2926 2434 2995 cognatione.

2130 3102 2189 3159 V.
2216 3103 2485 3158 Nascitur
2505 3103 2706 3174 itaque
2725 3105 3012 3159 Dominus
3034 3110 3239 3160 noster
3253 3106 3420 3161 Jesus
3442 3107 3710 3163 Christus

2064 3207 2133 3245 ex
2162 3191 2321 3246 tribu
2350 3192 2498 3246 Juda
2529 3196 2586 3247 et
2615 3208 2645 3246 e
2678 3194 2906 3247 semine
2962 3193 3161 3258 David,
3216 3195 3544 3248 secundum
3593 3196 3711 3249 hu-

2062 3298 2304 3336 manam
2336 3286 2635 3348 naturam,
2668 3281 2878 3337 diebus
2918 3282 3260 3352 postremis,
3313 3284 3452 3337 6000
3483 3299 3516 3337 a
3548 3298 3715 3337 crea-

2060 3370 2220 3424 tione
2253 3369 2460 3424 mundi
2494 3386 2672 3436 anno,
2704 3371 2774 3423 42
2803 3370 3051 3441 Augusti
3093 3370 3468 3441 imperatoris
3528 3386 3710 3437 anno,

2057 3475 2259 3514 mense
2294 3457 2602 3512 Decembri
2635 3461 2723 3524 25,
2754 3458 2944 3512 noctis
2970 3460 3117 3513 hora
3149 3461 3213 3511 16
3246 3459 3341 3513 die
3374 3462 3423 3515 l.

2130 3638 2215 3689 VI.
2252 3635 2571 3690 Sciendum
2604 3652 2739 3691 vero
2774 3636 2953 3691 etiam
2994 3636 3167 3703 illud,
3200 3643 3267 3692 ut
3296 3654 3331 3691 a
3358 3637 3707 3709 primordio,

2054 3725 2379 3780 secundum
2395 3725 2699 3781 Hebraaam
2714 3727 3451 3797 computationem,mundi
3469 3727 3599 3782 dem
3610 3744 3711 3781 on-

2054 3821 2203 3871 stres
2232 3814 2544 3884 originem,
2589 3816 2750 3885 tolle,
2794 3822 2970 3885 atque
3020 3816 3206 3883 aufer,
3260 3833 3294 3870 a
3344 3816 3707 3887 protoplasto

2052 3906 2259 3975 Adam,
2290 3905 2365 3959 ad
2396 3922 2585 3975 usque
2608 3908 2724 3960 Noe
2750 3905 2885 3974 (sub
2937 3921 3052 3975 quo
3114 3905 3401 3960 diluvium
3461 3908 3704 3975 exstitit,

2056 4000 2313 4065 suntque
2360 3996 2772 4063 generationes
2803 3994 3032 4065 decem)
3065 4011 3254 4049 annos
3304 3998 3462 4049 2142.
3520 3996 3709 4051 Simili

2054 4091 2225 4155 pacto
2258 4101 2292 4139 a
2322 4084 2542 4138 diluvio
2575 4101 2762 4153 usque
2810 4084 2882 4138 ad
2934 4069 3253 4151 Abraham,
3295 4088 3709 4156 generationes

2054 4173 2325 4239 totidem,
2360 4172 2501 4226 anni
2530 4176 2669 4225 sunt
2700 4174 2855 4225 £270.
2889 4171 3185 4226 Abraham
3207 4190 3382 4242 porro
3411 4189 3705 4228 annorum

2054 4268 2181 4316 erat
2210 4263 2300 4328 75,
2336 4260 2572 4331 quando
2608 4277 2676 4315 ex
2720 4262 3141 4330 Mesopotamia
3189 4262 3249 4314 in
3309 4263 3703 4318 Chananaaam

2054 4356 2276 4404 terram
2309 4350 2754 4420 commigravit:
2788 4349 2989 4418 ibique
3023 4350 3195 4402 annis
3226 4353 3292 4402 25
3338 4349 3702 4416 demoratus,

2052 4440 2215 4494 Isaac
2244 4439 2433 4493 ﬁlium
2469 4438 2803 4509 progenuit.
2830 4438 3268 4507 Sexagesimum
3293 4455 3517 4492 annum
3543 4439 3703 4494 Isaac

2052 4534 2247 4594 natus,
2284 4528 2432 4582 duos
2463 4528 2682 4582 liberos
2743 4529 2894 4581 Esau
2954 4530 3012 4579 et
3066 4526 3242 4580 Jacob
3297 4526 3544 4583 obtinet.
3602 4529 3704 4583 Hic

302 4620 393 4673 τὸν
423 4619 650 4693 ἀριθμὸν
684 4619 773 4674 οε’.
803 4618 1135 4691 Ηαρώκησεν
1170 4615 1227 4671 δὲ
1274 4617 1361 4671 καὶ
1411 4618 1473 4670 τὸ
1521 4617 1736 4692 σπέρμα
1786 4617 1950 4671 αὐτοῦ

2069 4621 2369 4691 ίΕςγρῐιιῐη
2402 4634 2535 4671 cum
2569 4615 2882 4671 duodecim
2916 4615 3040 4669 suis
3073 4614 3233 4680 ﬁliis,
3283 4620 3342 4669 et
3391 4616 3706 4685 nepotibus

305 4709 355 4764 ἐν
388 4713 457 4784 γῇ
489 4709 697 4764 Χαναὰν
734 4706 825 4775 ἔτη
880 4714 993 4762 σιε’.
1053 4708 1128 4763 ()ὗ
1183 4708 1245 4761 τὸ
1297 4709 1451 4781 γένος
1506 4708 1829 4781 παρῴκησεν
1891 4705 1941 4761 ἐν

306 4798 563 4873 Αίγύπτῳ
602 4795 692 4867 ἔτη
750 4797 862 4851 σιε’.
923 4796 1021 4852 Καὶ
1073 4793 1375 4864 πληθυνθὲν
1429 4795 1503 4857 είς
1564 4793 1947 4872 δωδεκάφυλον

304 4887 708 4962 ἐλογίσθη,καὶ
755 4888 817 4941 τὸ
864 4886 1079 4955 πλῆθος
1128 4884 1204 4949 είς
1253 4884 1444 4959 χιλίας
1496 4884 1753 4959 χιλιάδας
1811 4907 1943 4941 κατ-

299 4978 593 5056 εψηφίσθη.
631 4976 727 5033 Καὶ
774 4980 854 5048 τῷ
915 4976 1011 5048 μὲν
1072 4975 1201 5030 Λευί
1253 4975 1515 5051 ἀπόγονοι
1575 4977 1802 5045 Μωσῆς,
1856 4976 1944 5031 καὶ

300 5072 536 5144 Ἀαρών.
586 5068 687 5127 Καὶ
738 5071 765 5124 6
823 5070 915 5142 μὲν
961 5069 1021 5123 τὸ
1074 5068 1367 5143 ἱερατεύειν
1424 5067 1644 5139 ἠξίωσε,
1678 5069 1705 5122 6
1739 5065 1795 5122 δὲ
1826 5071 1950 5125 Μω-

302 5169 402 5231 σῆς
460 5160 596 5237 πρὸς
655 5160 718 5214 τὸ
801 5156 990 5233 ἄρχειν
1068 5157 1382 5221 καθίστατο.
1458 5158 1549 5218 ’⁸ος
1607 5157 1658 5211 ἐν
1716 5161 1797 5229 τῷ
1855 5157 1948 5234 ὀγ-

376 5342 490 5410 (31)
523 5342 639 5395 Ηοο
672 5340 841 5395 deest
870 5339 929 5393 in
960 5337 1087 5410 cod,
1125 5337 1429 5410 Caesareae.

376 5404 485 5484 (32)
518 5415 628 5484 Pro
660 5409 735 5471 εἷς
762 5411 862 5484 τὴν
895 5414 999 5484 γῆνΔ
1027 5408 1124 5474 τῆς
1152 5404 1467 5474 Γαλιλαίας,
1509 5408 1649 5463 Cod.
1684 5408 1739 5461 S.
1774 5408 1949 5462 Marci

304 5480 513 5550 habet,
546 5480 715 5555 ἤγουν
749 5485 782 5548 ἡ
816 5480 947 5555 ἁγία
978 5480 1167 5555 “Ἀννα.

374 5558 488 5628 (33)
525 5549 828 5628 Hactenus!
853 5549 1050 5628 etiam_
1065 5549 1584 5628 hypomnesticon:

381 5620 491 5699 (34)
518 5626 657 5683 Cod.
691 5625 747 5680 S.
782 5622 955 5680 Marci
986 5620 1258 5675 τῶνυὶῶν
1288 5623 1387 5674 τοῦ
1425 5620 1649 5697 Ἰωσήφ,
1681 5637 1791 5677 nec
1823 5637 1952 5676 am.

306 5701 486 5773 plius.

2060 4724 2311 4763 numero
2345 4711 2410 4760 ’ῖὸ
2448 4706 2647 4760 subiit.
2681 4704 2977 4759 Habitavit
3006 4707 3204 4757 autem
3238 4703 3423 4774 ipsius
3470 4721 3614 4776 gens
3644 4705 3705 4761 in

2058 4806 2216 4859 terra
2246 4802 2549 4864 Chanaan,
2574 4797 2748 4852 annis
2774 4798 2900 4850 215.
2946 4795 3165 4850 Deinde
3215 4798 3521 4867 Egyptum
3571 4816 3705 4854 cum

2056 4889 2229 4944 annis
2263 4888 2507 4943 totidem
2531 4886 2900 4950 incoluisset,
2938 4890 2994 4938 et
3018 4885 3388 4940 incremento
3420 4893 3611 4957 capto,
3645 4889 3707 4942 in

2056 4977 2371 5033 duodecim
2401 4976 2589 5031 tribus
2612 4981 2768 5029 esset
2788 4975 2993 5043 relata,
3014 4976 3207 5045 capita
3228 4981 3426 5030 autem
3459 4994 3704 5049 compu-

2058 5073 2197 5134 tata,
2233 5066 2398 5121 mille
2431 5064 2717 5120 chiliades
2748 5063 3151 5135 expleverunt.
3182 5065 3311 5119 Levi
3336 5066 3577 5135 quidem
3599 5083 3704 5138 po-

2060 5157 2223 5221 steri,
2258 5157 2445 5209 Moses
2469 5161 2526 5209 et
2546 5162 2743 5209 Aaron
2765 5153 3028 5209 fuere.Et
3050 5153 3147 5207 hic
3167 5154 3409 5223 quidem
3434 5156 3706 5211 sacerdo—

2133 5334 2243 5404 (35)
2269 5333 2354 5387 Ab
2386 5333 2499 5386 hoc
2530 5332 2659 5386 loco
2693 5346 2880 5401 usque
2908 5330 2987 5404 Ain
3035 5330 3237 5404 ﬁnem,
3292 5332 3420 5386 sine
3470 5333 3709 5387 nomine

2063 5401 2322 5460 auctoris
2354 5404 2561 5459 eadem
2595 5404 2873 5474 leguntur
2904 5402 2964 5456 in
2998 5401 3126 5474 cod.
3161 5418 3268 5456 ms.
3310 5406 3377 5455 76
3429 5404 3709 5458 Bernardi

2063 5477 2209 5532 Nani
2242 5475 2539 5530 senatoris
2568 5473 2800 5539 Veneti,
2835 5490 2965 5543 qum
2998 5473 3332 5527 invenimus
3354 5474 3647 5544 descripta
3678 5492 3712 5528 a

2066 5548 2546 5626 Bongioanni._-—-
2580 5545 2667 5600 Ad
2691 5545 3091 5626 ﬁnemnusque
3113 5544 3341 5626 des-init.
3361 5546 3491 5607 cod,
3530 5546 3707 5626 vatio.

2133 5613 2244 5689 (36)
2275 5620 2338 5674 ln
2361 5618 2501 5673 Cod.
2536 5617 2821 5673 Bernardi
2855 5613 3025 5681 Nani,
3056 5613 3159 5669 ἱνδ.
3198 5620 3245 5666 ι“’
3288 5615 3343 5668 id
3399 5622 3507 5683 est,
3560 5614 3710 5668 indi-

2065 5690 2244 5745 ctione
2283 5692 2513 5745 decima.
