4112 6208
440 357 598 421 1017

1729 358 2154 424 HIPPOLYTI
2198 358 2552 423 THEBANI

3690 362 3833 428 1018

446 495 686 568 scripta,
720 498 779 551 et
805 499 1010 551 notata
1039 498 1195 561 sunt,
1237 498 1297 550 et
1341 494 1608 551 invenies
1660 496 1821 553 orbis
1868 495 2088 552 conditi

2209 493 2394 571 εὕρῃς,
2444 493 2536 550 καὶ
2589 491 2659 549 τὰ
2712 492 2818 549 ἀπὸ
2872 490 3101 557 κτίσεως
3153 500 3366 570 κοσμου
3425 494 3544 571 ἔτη,
3596 497 3695 563 ἕως
3746 510 3836 573 τῆς

445 583 741 651 annos,ad
756 583 971 638 Christi
988 599 1179 654 usque
1201 582 1540 639 adventum.
1575 586 1645 639 Et
1666 586 1928 657 posthaec
1959 601 2091 640 rur-

445 689 575 728 sum
605 672 820 728 Christi
848 688 955 744 pro
977 672 1149 728 nobis
1180 672 1439 729 hominis
1465 673 1603 729 facti
1659 674 2090 747 genealogiam,

444 767 504 818 et
519 761 758 828 solis,ac
778 761 937 816 lunas
955 762 1688 835 periodos,paschalesque
1710 764 2090 837 incipientes,

441 855 502 905 et
529 850 822 906 instantes
852 851 1161 919 terminos,
1218 857 1396 924 prout
1447 852 1555 908 sub
1596 853 1985 910 Constantino
2017 852 2090 908 de

445 937 600 1010 scrip
610 938 650 993 ti
681 944 842 996 sunt.

2199 585 2437 657 Χριστοῦ
2466 578 2833 653 καταϐάσεως,
2882 583 2970 638 καὶ
3030 583 3218 656 πάλιν,
3272 587 3405 660 μετά
3447 593 3616 645 ταῦτι
3660 612 3828 667 γενεα-

2201 668 2397 745 λογίαν
2432 669 2690 745 ἑνσάρκου
2722 673 2960 746 Χριστοῦ
3011 673 3327 747 παρουσίαςο
3382 676 3470 731 καὶ
3517 679 3639 749 περὶ
3690 700 3833 755 περι-

2201 757 2342 816 όδων
2375 759 2542 829 ἡλίου
2569 779 2650 829 τε,
2681 758 2770 814 καὶ
2802 759 3063 831 σελήνης,
3094 762 3182 817 καὶ
3214 766 3323 818 τῶν
3354 765 3694 841 ἀρχομὲνων,
3739 769 3833 824 καὶ

2200 848 2506 904 ἐνεστώτων
2567 845 2894 922 πασχαλίιυν
2950 852 3062 905 τῶν
3142 849 3535 928 γεγραμμένων
3604 853 3691 911 ἐπὶ
3742 865 3833 927 τῆς

2203 936 2483 1016 βασιλείας
2516 935 2945 995 Κωνσταντίνου.

2104 1085 2196 1143 VI.

1011 1204 1340 1273 Fragmenta
1369 1202 1626 1259 exhibens
1652 1203 1871 1273 reliqua
1897 1203 2094 1273 capitis
2129 1203 2228 1257 136
2256 1202 2667 1273 Hypomnestici
2693 1200 2913 1272 Iosephi
2944 1201 3270 1259 Christiani.

512 1347 822 1404 Zacharias
845 1350 1011 1417 pater
1029 1346 1278 1401 Joannis
1296 1345 1540 1401 fratrem
1562 1344 1771 1402 habuit
1789 1360 2093 1401 consacer-

440 1439 640 1493 dotem
673 1435 916 1491 nomine
947 1440 1246 1507 Aggmum,
1280 1434 1381 1504 qui
1407 1439 1544 1489 ante
1600 1434 1772 1489 illum
1821 1438 2091 1489 mortuus

442 1531 551 1582 est.
579 1525 764 1596 Hujus
786 1523 979 1596 Aggaai
1004 1523 1189 1578 ﬁliam
1217 1522 1384 1577 duxit
1402 1539 1650 1578 uxorem
1665 1522 1881 1594 Joseph
1903 1522 2090 1589 faber,

444 1632 517 1673 ex
547 1631 665 1686 qua
691 1614 897 1687 genuit
922 1614 994 1666 IV
1025 1612 1179 1668 filios
1210 1618 1269 1666 et
1294 1613 1368 1666 Ill
1400 1611 1591 1668 filias:
1627 1628 1883 1683 quorum
1936 1627 2092 1666 unus

446 1708 576 1759 erat
610 1701 883 1770 Jacobus,
943 1701 1043 1772 qui
1106 1701 1560 1774 cognominatur
1612 1703 1790 1770 frater
1846 1701 2090 1767 Dommi,

444 1792 677 1863 fuitque
699 1792 927 1863 primus
948 1791 1491 1861 Hierosolymorum
1514 1790 1848 1861 episcopus.
1865 1791 2092 1845 Nomen

446 1881 644 1936 uxoris
672 1880 887 1951 Joseph
919 1880 1172 1941 Salome.
1207 1895 1327 1933 non
1355 1877 1597 1949 quidem
1626 1878 1914 1934 obstetrix
1964 1877 2090 1947 illa,

449 1969 552 2025 sed
581 1969 720 2025 alia.
753 1970 894 2023 Post
921 1973 1173 2023 mortem
1212 1973 1413 2023 autem
1468 1969 1620 2040 ejus,
1680 1983 1929 2023 uxorem
1979 1965 2091 2022 sibi

444 2058 708 2130 postulat
732 2057 1024 2130 Iosephus
1054 2056 1295 2112 Mariam
1328 2057 1664 2128 Deiparam,
1695 2073 1827 2127 quae
1858 2072 1931 2111 ex
1959 2072 2095 2113 ma-

446 2152 617 2203 terno
646 2162 864 2219 genere
894 2146 1294 2203 descendebat
1321 2163 1357 2202 a
1384 2146 1645 2202 Matthan
1676 2145 2005 2215 sacerdote,
2039 2151 2098 2202 et

448 2237 577 2309 ipso
607 2253 643 2292 a
669 2236 983 2292 Salomone
1017 2236 1250 2292 Davidis
1282 2236 1427 2305 ﬁlio,
1463 2241 1528 2291 ut
1555 2235 1700 2292 dicit
1714 2235 2095 2308 Evangelium

448 2327 618 2382 Luem
673 2325 1082 2398 genealogiam
1140 2330 1365 2381 texens.
1456 2325 1573 2380 Iste
1630 2324 1890 2380 Matthan
1941 2324 2096 2380 ﬁlias

448 2418 656 2474 habuit
680 2434 749 2473 ex
778 2418 960 2474 Maria
987 2418 1238 2491 conjuge
1269 2433 1395 2481 sua.
1420 2432 1673 2489 quarum
1701 2416 1950 2471 nomina
1978 2417 2096 2471 Ma-

330 2566 339 2571 _
447 2507 556 2571 ria.
587 2507 763 2575 Sube,
796 2511 966 2562 Anna
1018 2507 1198 2563 Maria
1244 2508 1443 2578 itaque
1491 2506 1647 2578 parit
1693 2505 2095 2561 Elusabetham

445 2602 699 2651 matrem
715 2596 958 2653 Joannis
980 2596 1255 2667 Baptistae
1273 2612 1285 2649 :
1305 2599 1478 2650 Anna
1498 2594 1652 2666 parit
1669 2600 1934 2650 sanctam
1963 2594 2097 2649 Dei-

443 2700 651 2758 param
681 2686 743 2740 in
776 2685 1140 2752 Bethlehem,
1193 2702 1325 2755 quas
1382 2684 1563 2740 Maria
1620 2690 1824 2739 vocata
1881 2688 1972 2739 est
2022 2682 2094 2738 de

447 2776 689 2831 nomine
719 2776 861 2831 avia)
896 2782 956 2832 et
986 2782 1355 2842 matertera;
1408 2774 1556 2830 adeo
1602 2780 1672 2830 ut
1720 2775 1796 2829 sit
1840 2772 2098 2829 Elisabet

448 2865 805 2921 consobrina
833 2864 1075 2937 quidem
1103 2866 1304 2931 Annae,
1339 2864 1464 2920 ﬁlia
1491 2880 1628 2920 vero
1655 2863 1856 2918 fratris
1887 2862 2095 2934 Deipa-

447 2955 637 3011 ras.Ex
654 2955 964 3026 Evangelia
979 2955 1104 3010 haac
1128 2960 1379 3025 utraque
1395 2970 1506 3009 con
1518 2953 1729 3009 ﬁrman
1739 2958 2095 3025 tur,propte-

448 3060 552 3100 rea
582 3043 740 3115 quod
769 3049 1077 3099 recenseat
1129 3060 1316 3115 genus
1373 3048 1688 3115 paternum
1744 3047 1805 3098 et
1858 3041 2097 3097 carnale

450 3133 700 3190 Christi:
730 3134 868 3189 Erat
899 3133 1081 3201 enim,
1137 3133 1356 3203 inquit,
1393 3134 1549 3188 Iesus
1600 3131 1894 3202 incipiens,
1937 3133 2099 3202 quasi

451 3238 727 3278 annorum
751 3223 840 3291 30,
871 3223 971 3292 qui
990 3222 1302 3291 putabatur
1327 3221 1575 3291 Iosephi,
1607 3220 1731 3275 Heli
1768 3219 2022 3276 Matium.

2268 1340 2544 1417 Ζαχαρίας
2583 1342 2612 1396 ὁ
2660 1341 2840 1414 πατὴρ
2899 1340 3175 1412 Ἰωάννου,
3234 1338 3469 1421 ἀδελφὸν
3530 1339 3655 1422 ἔσχε
3710 1367 3824 1401 συν.

2204 1430 2346 1506 ιερέα
2368 1428 2706 1502 καλούμενον
2740 1430 3017 1506 Ἀγγαῖον,
3049 1429 3155 1505 πρὸ
3187 1429 3350 1487 αὐτοῦ
3388 1432 3536 1489 τετε)
3550 1435 3825 1505 ευτηκότα.

2200 1519 2409 1577 Τούτου
2438 1522 2533 1573 τοῦ
2584 1518 2845 1594 Ἀγγαίου
2890 1517 3152 1595 θυγατέρα
3197 1521 3437 1598 ἠγάγετο
3488 1523 3623 1599 πρὸς
3665 1525 3825 1599 γάμον

2203 1608 2403 1684 Ἰωσὴφ
2433 1607 2462 1661 ὁ
2508 1603 2735 1677 τέκτων,
2792 1604 2843 1677 ἐξ
2895 1606 2963 1676 ἧς
3017 1605 3269 1683 ἐγέννησε
3324 1605 3369 1664 δ’
3425 1609 3599 1681 υἱοὺς,
3652 1612 3737 1666 καὶ
3784 1615 3832 1687 γ’

2202 1697 2514 1773 θυγατέρας.
2541 1697 2637 1750 Ὧν
2678 1695 2754 1757 εἷς
2787 1695 2855 1765 ἧν
2907 1689 3188 1767 Ἰάκωϐος,
3232 1698 3261 1751 ὁ
3312 1696 3630 1770 ἐπικληθεὶς
3681 1698 3826 1755 ἀδελ-

2202 1786 2302 1864 φὸς
2358 1790 2456 1841 τοῦ
2504 1784 2724 1859 Κυρίου,
2778 1786 2867 1840 καὶ
2927 1789 3145 1860 πρῶτος
3201 1784 3499 1850 ἐπίσκοπος
3550 1788 3826 1863 Ἰεροσολῦ-

2205 1892 2340 1948 μων’
2370 1874 2551 1930 καὶτὸ
2590 1874 2767 1947 ὂνομα
2819 1881 2921 1944 τῆς
2975 1875 3227 1951 γυναικὸς
3288 1879 3515 1956 Ἰωσὴφ,
3573 1877 3821 1952 Σαλώμη·

2201 1962 2308 2041 οὐχ
2359 1967 2394 2034 ἡ
2456 1965 2611 2037 μαία,
2671 1960 2799 2019 ἀλλ’
2855 1964 3028 2039 ἔτερα.
3085 1967 3236 2022 Μετὰ
3287 1963 3344 2021 bi
3397 1967 3621 2023 θάνατον
3671 1968 3823 2037 αὐτῆς

2207 2054 2561 2129 μνηστεύεται
2596 2057 2799 2133 Ἰωσὴφ
2846 2057 2944 2125 τήν
2995 2056 3260 2112 Θεοτὸκον
3310 2058 3552 2133 Μαρίαν,
3606 2060 3735 2114 κατᾶ
3772 2059 3826 2112 τὸ

2205 2164 2470 2220 μητρικον
2516 2142 2666 2221 γένος
2716 2143 3095 2219 καταγομένην
3154 2145 3262 2201 ἀπὸ
3318 2151 3419 2201 τοῦ
3473 2149 3690 2213 Ματθᾶν
3741 2149 3825 2201 τοῦ

2200 2233 2407 2311 ἱερέως,
2438 2233 2527 2288 καὶ
2558 2232 2722 2288 αὐτοῦ
2757 2234 2858 2288 ἀπὸ
2894 2233 3282 2308 Σολομῶντος,
3331 2240 3434 2291 τοῦ
3481 2237 3604 2291 υἱοῦ
3656 2230 3827 2303 Δαϐὶδ,

2200 2322 2575 2400 καταγομένην
2609 2325 2743 2397 (59),
2774 2319 2850 2385 ὥς
2878 2344 3011 2402 φησι
3054 2324 3116 2379 τὸ
3166 2325 3304 2380 κατὰ
3352 2330 3568 2382 Λουκάν
3620 2322 3829 2400 Εὐαγγέ-

2202 2411 2325 2469 λιον
2355 2410 2734 2486 γενεαλογοῦν.
2769 2411 2946 2474 Οὗτος
2976 2414 3077 2489 γὰρ
3109 2413 3137 2466 ὁ
3168 2414 3387 2469 Ματθᾶν
3414 2410 3543 2490 ἔσχε
3564 2414 3830 2490 θυγατέρας

2203 2501 2262 2557 in
2291 2501 2503 2576 Μαρίας
2532 2507 2631 2571 τῆξ
2677 2502 2931 2576 γυναικὸς
2972 2500 3159 2573 αὐτοῦ,
3211 2503 3285 2557 ὧν
3330 2504 3402 2558 τὰ
3449 2504 3685 2577 ὀνόματα
3730 2504 3827 2559 Μα-

2203 2591 2314 2666 ρία,
2348 2585 2558 2660 Σουϐἡ,
2588 2592 2777 2648 νΑννα.
2810 2591 2875 2647 ἹΙ
2906 2590 2995 2645 οὗν
3041 2589 3227 2667 Μαρία
3281 2597 3446 2666 γεννᾷ
3485 2594 3583 2662 τὴν
3630 2590 3823 2648 Ἐλισά·

2202 2675 2318 2749 ϐετ,
2374 2681 2473 2750 τὴν
2538 2679 2748 2753 μητέρα
2797 2679 3045 2736 Ἰωάννου
3102 2685 3200 2735 τοῦ
3258 2683 3589 2742 Βαπτιστοῦ.
3667 2682 3725 2737 Ἡ
3777 2675 3825 2733 δὲ

2199 2772 2373 2828 ’Ἅννα
2418 2774 2581 2845 γεννᾷ
2615 2771 2715 2840 τήν
2765 2769 2917 2846 ἁγίαν
2977 2773 3238 2827 Θεοτὸκον
3299 2773 3352 2829 ἰν
3420 2774 3686 2849 Βηθλεὲμ,
3735 2776 3823 2842 τήν

2200 2860 2337 2914 κατὰ
2363 2857 2427 2913 τὸ
2458 2854 2634 2933 ὄνομα
2670 2866 2771 2928 τῆς
2825 2861 3066 2933 μάμμης
3113 2861 3201 2917 καὶ
3245 2861 3419 2931 θείας,
3470 2860 3826 2934 ἐπικληθεῖσαν

2204 2946 2438 3024 Μαρίαν.
2473 2948 2562 3010 Ὠς
2611 2948 2751 3003 εἶναι
2796 2949 2896 3017 τήν
2957 2948 3267 3022 Ἐλισάῗίετ,
3324 2952 3548 3028 ἀνεψιὰν
3603 2952 3693 3026 μὶν
3741 2957 3826 3020 τῆς

2199 3039 2422 3109 Ἀννης,
2454 3033 2747 3112 ἐξάδελφον
2800 3035 2857 3093 δὲ
2913 3045 3015 3108 τῆς
3074 3040 3365 3098 Θεοτόκου.
3430 3046 3724 3115 Κυροῦνται
3772 3040 3829 3094 τὰ

2202 3127 2429 3202 ἑκάτερα
2481 3130 2578 3180 τοῦ
2656 3125 3021 3203 Εὐαγγελίου,
3113 3128 3203 3184 διὰ.
3256 3134 3355 3185 τοῦ
3423 3128 3726 3210 διηγεῖσθαι
3774 3129 3826 3183 τὸ

2201 3220 2454 3292 πατρῷον
2486 3214 2779 3293 γὲνος,καὶ
2816 3217 3071 3290 σαρκικὸν
3120 3222 3219 3275 τοῦ
3267 3220 3531 3295 Χριστοῦ.
3579 3223 3672 3278 Ἦν
3715 3218 3822 3295 γάρ,

2208 3304 2451 3380 φησὶν,ὁ
2507 3305 2721 3376 Ἰησοῦς
2776 3304 3112 3382 ἀρχόμενος,
3170 3307 3247 3372 ὡς
3298 3306 3438 3366 ἐτῶν
3496 3309 3567 3383 λ’,
3617 3305 3673 3372 ὅς
3724 3307 3824 3363 ἔνο·

2123 3379 2168 3446 C
2209 3379 2396 3470 μίζετο
2422 3396 2522 3450 τοῦ
2557 3394 2786 3473 Ἰωσὴφ,
2815 3379 3120 3471 deum,
3151 3401 3248 3453 τοῦ
3278 3401 3526 3464 Ματθᾶν.

2085 3541 2210 3597 VII.

1038 3681 1429 3749 Fragmentum
1457 3696 1526 3734 ea:
1554 3679 1675 3734 cod.
1704 3694 1806 3735 ms.
1844 3679 2046 3734 Veneto
2070 3677 2198 3745 494,
2223 3693 2360 3747 pag.
2392 3676 2497 3731 243
2526 3676 2792 3733 Biblioth.
2825 3679 2890 3733 D.
2921 3680 3098 3735 Marci
3124 3679 3256 3752 (60).

438 3822 735 3894 Hippolyti
764 3822 1006 3878 Thebani
1035 3838 1105 3877 ea:
1134 3827 1481 3892 syntagmate
1504 3823 1623 3892 ejus
1679 3821 2084 3891 chronologieo.

512 3984 673 4041 Scire
701 3986 957 4056 oportet,
986 3982 1144 4054 quod
1171 3982 1245 4038 ab
1275 3981 1466 4038 Adam
1493 3998 1683 4054 usque
1717 3982 1791 4038 ad
1820 3982 2088 4038 barbari-

439 4092 659 4144 smum,
691 4078 832 4130 sunt
860 4073 1002 4130 anni
1033 4075 1173 4128 2266
1205 4079 1263 4128 et
1291 4090 1326 4129 a
1354 4072 1726 4130 barbarismo
1780 4089 1969 4146 usque
2015 4071 2091 4128 ad

438 4165 866 4240 scythesmum,
899 4162 1047 4218 anni
1092 4165 1196 4217 500
1255 4168 1313 4218 et
1338 4179 1371 4219 a
1403 4163 1739 4236 scythesmo
1778 4180 1967 4236 usque
2014 4161 2089 4217 ad

438 4255 890 4322 Hellenismum,
925 4251 1067 4309 anni
1102 4253 1237 4307 1236
1266 4257 1325 4307 et
1354 4251 1427 4307 ab
1477 4252 1842 4309 Hellenismo
1900 4268 2089 4324 usque

438 4345 511 4401 ad
537 4344 930 4412 Judaismum,
962 4342 1106 4397 anni
1138 4342 1304 4397 mille
1331 4359 1343 4397 :
1378 4347 1438 4398 et
1465 4341 1537 4398 ab
1567 4343 1868 4399 Judaismo
1898 4360 2088 4415 usque

436 4434 509 4490 ad
548 4432 1093 4499 Christianismum,
1126 4432 1268 4486 anni
1301 4431 1630 4503 quingenti.
1665 4433 1817 4488 Inito
1848 4434 2085 4488 univer-

441 4524 555 4579 sim
587 4522 838 4591 calculo,
891 4520 1229 4577 invenimus
1288 4520 1362 4575 ab
1421 4520 1605 4576 Adam
1657 4520 1734 4576 ad
1788 4522 2087 4577 Christum

440 4630 629 4672 annos
660 4628 799 4668 ιοιοο
857 4616 917 4667 et
968 4626 1002 4667 a
1056 4610 1359 4666 nativitate
1415 4610 1651 4666 Domini
1708 4611 1895 4666 nostri
1953 4613 2088 4667 Jesu

440 4702 654 4758 Christi
688 4701 761 4757 ad
792 4700 1249 4757 Constantinum
1275 4716 1557 4774 magnum
1583 4717 1775 4756 annos
1805 4703 1933 4757 200.

512 4793 806 4847 Praeterea
833 4789 1161 4859 sciendum,
1195 4789 1355 4861 quod
1386 4806 1421 4845 a
1440 4790 1629 4858 primo
1651 4790 1961 4846 hominum
1984 4807 2085 4863 pa-

2192 3814 2522 3875 Ἰππολύτου
2607 3812 2850 3890 Θηϐαίου
2941 3819 3002 3875 ἐκ
3076 3825 3176 3877 τοῦ

2897 3913 3129 3967 γματος.

2270 3998 2396 4075 Χρὴ
2430 3995 2487 4053 δὶ
2515 3998 2824 4073 γινώσκειν,
2883 3998 2967 4056 δτι
3026 4000 3131 4055 ἀπὸ
3190 3999 3372 4076 Ἀδὰμ
3423 4002 3528 4065 ἓως
3585 3996 3818 4079 βαρϐαριο

2201 4092 2344 4161 σμοῦ
2372 4090 2508 4163 (61),
2551 4086 2629 4144 ἔτι
2690 4085 2940 4166 δισχίλια
2990 4091 3117 4164 σξς“,
3172 4093 3262 4147 καὶ
3314 4094 3422 4149 ἀπὸ
3471 4089 3820 4170 βαρϐαρισμοῦ

2197 4172 2301 4240 ἕως
2336 4182 2678 4251 σκυθησμοῦ,
2708 4175 2801 4250 ἔτη
2837 4181 2908 4258 cp"
2939 4179 3028 4236 καὶ
3054 4180 3161 4236 ἀπὸ
3203 4181 3527 4256 σκυθησμοῦ
3571 4183 3670 4245 ἓως
3711 4177 3824 4237 Ἐλ-

2204 4263 2500 4341 ληνισμοῦ,
2541 4264 2634 4338 ἔτη
2666 4266 2825 4343 χίλια
2854 4267 2992 4333 σλς“’
3023 4269 3113 4325 καὶ
3140 4271 3247 4326 ἀπὸ
3297 4271 3669 4345 Ἑλληνισμοῦ
3714 4267 3807 4329 ἕως

2199 4351 2567 4428 Ἰουδαϊσμοῦ,
2602 4352 2693 4427 ἔτη
2749 4354 2932 4432 χίλια’
2990 4357 3080 4412 καὶ
3138 4358 3244 4414 ἀπὸ
3306 4356 3681 4434 Ἰουδαϊσσμοῦ
3723 4355 3814 4415 ἓως

2198 4448 2653 4517 Χριστιανισμοῦ,
2710 4439 2803 4516 ἔτη
2863 4447 3206 4504 πεντακοσία.
3293 4448 3471 4523 Ὁμοῦ
3558 4442 3816 4522 συμψηφί-

2195 4552 2380 4595 σαντες
2440 4528 2669 4606 εὕρομεν
2726 4533 2834 4588 ἀπὸ
2893 4531 3078 4608 Ἀδάμ
3126 4533 3234 4597 ἕως
3288 4537 3552 4610 Χριστοῦ,
3609 4535 3696 4605 ἔτη
3752 4533 3818 4610 ἐφ’

2196 4618 2302 4676 ἀπὸ
2350 4618 2407 4676 δὲ
2455 4628 2556 4692 τῆς
2608 4624 2897 4698 γεννὲσεως
2952 4627 3049 4679 τοῦ
3133 4625 3334 4701 Κυρίου
3418 4629 3578 4699 ἡμῶν
3653 4625 3812 4693 Ἰησοῦ

2197 4714 2432 4784 Χριστοῦ
2458 4710 2565 4774 ἓως
2593 4713 2997 4769 Κωνσταντίνου
3026 4718 3124 4770 τοῦ
3155 4715 3442 4791 Μεγάλου,
3473 4714 3563 4788 ἔτη
3596 4715 3655 4774 α’.

2272 4800 2558 4854 Γινώσκειν
2591 4796 2649 4855 δὲ
2681 4797 2765 4855 δεῖ
2799 4801 2889 4857 καὶ
2944 4805 3130 4874 τοῦτο,
3186 4804 3271 4859 ὅτι
3316 4804 3423 4859 ἀπὸ
3475 4807 3570 4859 τοῦ
3620 4817 3811 4877 πρωτο-

3293 3827 3562 3898 χρονικοῦ
3643 3820 3811 3878 συντά-

440 4884 608 4935 rente
642 4879 826 4935 Adam
856 4896 1045 4951 usque
1075 4878 1149 4935 ad
1178 4880 1319 4947 Noe,
1369 4878 1478 4935 sub
1529 4896 1645 4951 quo
1696 4880 1945 4953 contigit
1992 4880 2082 4936 di-

2202 4885 2438 4943 πλάστου
2466 4886 2644 4962 Ἀδάμ
2669 4888 2776 4952 ἓως
2816 4892 2942 4948 Νῶε
2994 4890 3076 4969 ἐφ’
3122 4891 3168 4964 ᾧ
3218 4894 3247 4948 ὁ
3299 4892 3695 4966 κατακλυσμὸς,
3730 4906 3808 4963 γε-

438 4967 688 5036 luvium,
719 4973 858 5024 sunt
884 4967 1297 5042 generationes
1326 4967 1553 5035 decem,
1587 4986 1691 5025 seu
1734 4971 1877 5025 anni
1917 4970 2080 5026 2451.

434 5056 623 5113 Adam
651 5074 759 5130 per
788 5063 1042 5130 quatuor
1070 5056 1371 5128 alphabeti
1402 5057 1630 5114 litteras
1661 5058 2085 5132 interpretatur

432 5146 664 5220 Oriens,
697 5147 1006 5215 Occidens,
1040 5147 1373 5219 Septentrio
1404 5152 1463 5204 et
1491 5147 1785 5206 Meridies.

502 5306 613 5375 (59)
648 5305 781 5361 Haec
812 5322 919 5360 vox
948 5304 1185 5359 videtur
1208 5304 1569 5361 redundare.

503 5377 615 5448 (60)
648 5377 846 5432 Graece
881 5376 1246 5447 descriptum
1277 5376 1613 5431 invenimus
1671 5375 1828 5431 inter
1873 5377 2081 5435 adver-

428 5447 681 5520 saria’V.
698 5448 772 5520 C.
803 5447 1190 5520 Bongioanni,

501 5520 610 5594 (61)
642 5519 766 5594 llic,
800 5519 848 5594 si
880 5516 1023 5590 quid
1060 5518 1249 5583 video,
1282 5517 1647 5594 barbarismus
1696 5516 1927 5594 capitur
1970 5539 2077 5594 pro

427 5586 781 5662 confusione
800 5586 1172 5662 linguarum;
1203 5588 1531 5662 scythisnzus
1559 5604 1666 5659 pro
1703 5586 1846 5662 feris
1877 5605 1944 5646 ac
1970 5586 2074 5650 ἰθ-

428 5661 597 5717 tricis
612 5658 917 5726 moribus;
932 5660 1113 5731 idque
1140 5658 1283 5714 forte
1314 5674 1383 5714 ex
1412 5659 1541 5715 loco
1562 5658 1834 5733 Apostoli
1864 5663 1940 5721 ad
1966 5667 2074 5723 Co-

2191 4976 2306 5033 νεσὶ
2336 4974 2482 5047 δέκα,
2516 4972 2609 5049 ἔτη
2674 4977 2828 5055 βυνᾶ,
2882 4980 2944 5038 Ὁ
3001 4980 3104 5057 γὰρ
3161 4979 3342 5057 Ἀδάμ
3398 4983 3475 5046 εἰς
3522 4980 3803 5059 τετράστοι-

2193 5085 2295 5142 χον
2327 5066 2702 5143 ἑρμηνεύεται·
2743 5072 2779 5138 ἡ
2826 5069 2930 5147 γὰρ
2980 5071 3280 5144 Ἀνατολή,
3331 5074 3514 5143 Λῦσις,
3571 5072 3804 5146 ’Δρκτοςν

2190 5154 2281 5211 καὶ
2312 5149 2657 5230 Μεσημϐρία.

2189 5317 2332 5402 loss.
2364 5335 2448 5402 In.
2486 5323 2571 5387 11,
2595 5320 2989 5402 etrespicitur
3015 5321 3089 5377 ad
3121 5323 3553 5402 Sodomitarum
3576 5321 3802 5402 facinus.

2189 5391 2549 5473 geilenismus
2562 5392 2704 5473 poni
2727 5391 2961 5473 videtur
2980 5409 3087 5473 pro
3110 5394 3611 5473 universali‘ethni
3623 5392 3701 5448 cis
3716 5404 3799 5444 mo

2192 5461 2372 5534 Vulgo
2404 5461 2747 5518 existimant
2764 5461 3203 5521 barbarismum
3228 5474 3365 5523 ante
3391 5467 3799 5530 diluvium,scy-

2186 5532 2472 5608 thismum
2502 5550 2691 5608 usque
2719 5533 2796 5591 ad
2846 5535 3030 5608 Sarug
3073 5536 3424 5594 obtinuisse.
3476 5540 3605 5593 Cat.
3640 5547 3794 5608 con-

2182 5602 2722 5731 ﬁgligipnqianium,
2753 5612 2812 5663 et
2841 5602 3110 5663 Vossium
3140 5610 3221 5665 De
3243 5612 3383 5678 orig.
3441 5609 3590 5675 idol.,
3638 5603 3715 5660 lib
3760 5618 3793 5666 ι,

2180 5689 2311 5746 cap.
2341 5689 2372 5729 3
2402 5689 2535 5732 mu.
