4112 6208
346 431 375 490 1
389 430 510 488 049

417 559 558 614 Ἀπὸ
590 555 648 612 δὲ
679 562 779 612 τοῦ
808 553 1194 629 κατακλυσμοῦ
1251 554 1355 618 ἕως
1414 552 1686 632 Ἀϐραὰμ,
1743 558 1831 611 ὅτε
1867 578 1992 629 μετ·
2032 561 2077 624 Α

642 648 717 709 εἷς
779 652 881 721 γῆν
973 647 1190 702 Χαναὰν
1249 644 1306 701 ἐκ
1362 653 1463 715 τῆς
1550 647 2006 719 Μεσοποταμίας,

340 737 518 814 γενεαὶ
555 738 603 806 ι’,
664 735 757 807 ἔτη
798 737 969 805 apud.
1014 731 1269 809 Ἀϐρααμ
1330 733 1390 791 δὶ
1438 737 1503 805 ἦν
1568 736 1701 791 ἐτῶν
1763 738 1855 806 οε’,
1913 735 2006 790 καὶ

343 825 610 901 διέτριψεν
668 826 720 880 ἐν
912 826 1124 881 Χαναὰν
1195 822 1286 896 ἔτη
1349 827 1442 882 κε’.
1506 825 1607 882 Καὶ
1679 821 1853 880 ἔτεκεν
1912 825 2004 879 τὸν

343 915 545 974 Ἰσαάκ.
605 915 667 969 Ξ’
727 911 784 968 δὲ
845 910 1045 988 χρόνον
1101 915 1307 988 βιώσας
1360 914 1562 984 Ἰσαὰκ,
1620 918 1778 989 γεννᾷ
1809 911 2005 974 παῖδας

345 1004 462 1074 δύο,
494 1004 586 1059 τὸν
616 1005 783 1061 Ἡσαῦ
813 1003 901 1058 καὶ
935 998 1159 1059 Ἰακώϐ.

412 1096 709 1166 Γενόμενος
756 1090 812 1147 δὲ
874 1088 1070 1149 Ἰακὼϐ
1150 1093 1364 1168 χρόνων
1426 1091 1535 1169 ρλ’,
1593 1090 1859 1156 κατῆλθεν
1925 1089 2005 1151 εἴς

345 1184 637 1260 Αἴγυπτον,
680 1185 793 1257 ἅμα
843 1190 961 1246 τοῖς
1020 1180 1232 1238 δώδεκα
1289 1184 1432 1244 υἱοῖς
1494 1184 1686 1252 αὐτοῦ,
1744 1182 1837 1237 καὶ
1890 1186 2006 1251 τοὶς

336 1274 583 1348 ἀγγόνοις
660 1273 853 1345 αὐτοῦ,
912 1274 1002 1328 τὸν
1065 1270 1300 1347 ἅριθμὸν
1383 1278 1475 1340 σε’,
1554 1273 1879 1346 παρῴκησεν
1950 1266 2006 1325 δὲ

338 1365 351 1385 9
467 1364 482 1382 \
570 1362 584 1380 Ἴ
709 1362 726 1382 9.
776 1363 789 1381 Ι
955 1359 978 1381 Ἰ
1143 1369 1152 1383 κ
1271 1363 1294 1381 Ρ
1391 1362 1403 1377 ὶ
1512 1360 1523 1380 1
1925 1361 1938 1378 \

357 1358 536 1420 Ιακωϐ
568 1384 621 1417 εν
656 1373 921 1438 Αιγυπτῳ
953 1383 1045 1432 ετη
1110 1385 1173 1429 υ,
1234 1383 1295 1416 ου
1353 1383 1413 1417 το
1468 1383 1624 1437 γενος
1673 1359 2003 1431 πληθυνθεν,

335 1451 411 1514 εἷς
446 1450 659 1506 δώδεκα
690 1451 866 1526 φυλὰς
888 1450 1174 1525 ἐλογίσθη,
1206 1452 1294 1505 καὶ
1359 1450 1423 1505 τὸ
1480 1449 1695 1518 πλῆθος
1727 1452 1822 1503 τοῦ
1868 1452 2005 1503 Λαοῦ

334 1541 410 1603 εἷς
440 1540 722 1611 ἑξακοσίας
755 1537 1039 1615 χιλιάδας.

410 1630 626 1701 Καῖτῷ
661 1631 756 1702 μὶν
794 1628 927 1685 Aeni
978 1628 1263 1703 ἀπόγονοι·
1324 1635 1563 1697 Μωϋσῆς
1620 1627 1709 1683 καί
1771 1628 2003 1699 Ἀαρών,

340 1722 437 1774 Καὶ
475 1722 503 1775 ὁ
539 1720 631 1793 μὲν
666 1723 759 1774 τοῦ
790 1719 1081 1793 ἱερατεύειν
1113 1719 1365 1789 ἠξίωται,
1421 1720 1448 1774 ὁ
1482 1716 1539 1773 δὲ
1599 1719 1735 1793 πρὸς
1795 1719 1857 1771 τὸ
1912 1718 2007 1790 ἂρ-

340 1830 461 1884 χειν
516 1810 854 1873 καθίσταται.
910 1810 998 1871 Ὡς
1051 1808 1103 1863 ἐν
1162 1813 1240 1880 τῷ
1312 1805 1671 1883 ὀγδοηκοστῷ
1741 1805 1844 1861 ἔτει

339 650 549 722 ᾤκησεν

1903 1806 2004 1873 τῆς

1797 424 2303 487 FRAGMENTA.

3605 419 3764 481 1050

2186 564 2224 611 Α
2262 559 2479 614 diluvio
2511 576 2700 630 usque
2732 558 2803 612 ad
2838 557 3154 621 Abraham,
3191 553 3426 626 quando
3477 552 3762 607 transmi~

2114 650 2300 721 gravit
2342 650 2403 704 in
2437 656 2657 705 terram
2698 651 2976 704 Chanaan
3029 648 3099 701 de
3154 644 3596 716 MesOpotamia,
3625 647 3765 697 sunt

2114 740 2527 810 generationes
2552 740 2617 792 10
2647 738 2736 793 vel
2757 738 2898 793 anni
2923 740 3079 790 1121.
3100 737 3238 789 Erat
3270 739 3409 787 tunc
3438 731 3758 795 Abraham,

2114 845 2404 883 annorum
2420 832 2506 897 75,
2525 828 2893 897 incoluitque
2922 826 3315 880 Chananaaam
3334 828 3550 877 terram
3568 837 3758 875 annos

2111 924 2202 987 25,
2237 928 2295 976 et
2322 922 2527 993 genuit
2555 923 2736 976 Isaac.
2775 921 2933 975 Isaac
2968 935 3101 973 vero
3134 923 3308 974 natus
3338 933 3524 971 annos
3554 933 3625 969 ιχ
3655 930 3756 985 ge-

2112 1012 2244 1065 nuit
2273 1010 2420 1066 duos
2455 1010 2631 1079 ﬁlios,
2665 1013 2818 1066 Esau
2840 1016 2898 1066 et
2916 1009 3117 1066 Jacob.

2183 1100 2379 1166 Jacob,
2415 1117 2550 1155 cum
2607 1105 2764 1154 esset
2820 1116 3115 1154 annorum
3184 1100 3297 1165 l30,
3358 1098 3667 1152 descendit
3699 1097 3762 1149 in

2111 1191 2422 1260 Aigyptum
2453 1206 2573 1243 una
2593 1204 2725 1243 cum
2759 1188 3073 1243 duodecim
3106 1187 3246 1241 ﬁliis
3279 1188 3401 1241 suis
3443 1192 3500 1240 et
3537 1185 3763 1256 nepoti-

2111 1278 2221 1332 bus
2250 1280 2656 1349 ejus,numero
2689 1281 2754 1331 75
2795 1278 3132 1347 mansitque
3176 1276 3351 1331 Jacob
3400 1277 3461 1330 in
3514 1278 3755 1347 Egypto

2111 1386 2301 1425 annos
2330 1371 2454 1435 400,
2489 1368 2659 1439 cujus
2692 1366 2925 1422 soboles
2957 1367 3650 1436 multiplicata,reputata
3672 1370 3762 1418 est

2110 1461 2169 1515 in
2202 1460 2515 1515 duodecim
2550 1459 2823 1525 tribus,et
2845 1457 3159 1512 multitudo
3175 1457 3377 1527 populi
3397 1456 3456 1510 in
3482 1461 3757 1509 sexcenta

2110 1551 2320 1606 millia.

2184 1640 2314 1695 Levi
2345 1640 2563 1710 posteri
2596 1639 2759 1693 fuere
2792 1640 3016 1708 Moyses
3049 1641 3107 1691 et
3132 1636 3454 1691 Aaron.Hic
3478 1633 3755 1689 sacerdo-

2112 1731 2194 1785 tio
2218 1730 2528 1784 decoratus
2543 1727 2759 1794 est,ille
2777 1726 3045 1799 regimini
3068 1727 3259 1797 gentis
3291 1724 3755 1797 praeﬁcitur.1ta-

2114 1837 2228 1891 que
2260 1835 2415 1873 anno
2449 1820 2577 1872 vita:
2628 1835 2747 1871 suae
2784 1817 3142 1888 octogesimo
3203 1815 3391 1869 calcat
3450 1829 3610 1867 mare
3644 1815 3761 1867 Ru-

343 1906 488 1970 ζωῆς
523 1900 708 1970 αὐτοῦ,
769 1904 927 1953 πατεῖ
978 1900 1077 1967 τήν
1138 1898 1402 1973 Ἐρυθρὰν
1463 1896 1763 1961 θάλασσαν.
1824 1897 1886 1952 Ἦ
1948 1893 2006 1960 δὲ

2132 1925 2308 1963 arum.
2343 1909 2555 1979 Legum
2588 1907 2728 1961 latio
2760 1906 2935 1976 caepit
2956 1905 3147 1959 triduo
3187 1910 3315 1974 post
3361 1918 3662 1975 egressum
3689 1900 3758 1954 de

338 1989 637 2060 νομοθεσία
672 1988 805 2060 μετᾶ
837 1994 982 2062 τρεῖς
1015 1989 1226 2063 ἡμέρας
1286 1989 1384 2055 τῆς
1443 1985 1675 2059 [ἐξόδου]
1735 1984 1784 2058 ἐξ
1837 1985 2000 2061 Αίγύ-

338 2097 496 2132 πτου’
531 2075 809 2152 διέτριψαν
843 2077 899 2133 δὲ
929 2080 978 2133 ἐν
1010 2080 1081 2148 τῆ
1113 2077 1304 2151 ἐρήμῳ
1335 2076 1427 2147 ἔτη
1466 2080 1539 2149 μ’.

414 2170 542 2221 Ὑπὸ
579 2165 636 2221 δὲ
668 2169 852 2237 Ἰησοῦ
880 2171 981 2221 τοῦ
1039 2164 1181 2222 Ναυΐ
1228 2167 1532 2240 ἀρχόμενοι
1592 2162 1683 2235 ἔτη
1744 2174 1837 2235 κε’,
1899 2166 2000 2219 ὑπὸ

345 2253 402 2310 δὲ
436 2261 541 2311 τῶν
580 2262 789 2332 Κριτῶν
826 2256 915 2327 ἔτη
953 2258 1049 2327 υν’,
1099 2256 1267 2330 μέχρι
1297 2263 1398 2325 τῆς
1457 2255 1737 2330 βασιλείας
1796 2255 1997 2310 Σαούλ.

340 2347 465 2403 Εἶθ’
528 2346 702 2408 οὕτως
789 2345 959 2415 ἦλθεν
1016 2340 1185 2399 Δαϐὶδ
1240 2346 1266 2399 ὁ
1324 2340 1572 2419 γαμϐρὸς
1630 2344 1815 2400 αὐτοῦ.
1900 2343 2001 2399 Καὶ

337 2438 566 2509 γέγονεν
631 2435 735 2489 ἀπὸ
794 2429 1051 2506 Ἀϐρααμ
1135 2430 1241 2495 ἕως
1305 2429 1470 2487 Δαὸὶδ
1526 2433 1703 2507 γενεαὶ
1766 2431 1855 2502 ιδ’,
1906 2431 1996 2502 ἔτη

340 2522 476 2594 ᾳκδ’,
499 2524 590 2578 καὶ
623 2525 730 2578 ἀπὸ
782 2519 947 2578 Δαϐὶδ
978 2520 1084 2587 ἕως
1111 2530 1213 2591 τῆς
1250 2522 1599 2594 μετοικησίας
1653 2517 2001 2589 Βαϐυλῶνος,

344 2613 520 2685 γενεαὶ
556 2611 644 2681 ιδ’,
676 2611 768 2682 ἔτη
806 2610 890 2686 98‘
935 2614 1076 2685 ὁμοῦ
1109 2612 1553 2689 συμψηφίσαντες
1605 2609 1858 2685 εὕρομεν,
1920 2611 2001 2664 ὅτι

351 2702 455 2756 ἀπὸ
482 2700 662 2773 Ἀδὰμ
691 2699 796 2764 ἕως
828 2703 1091 2775 Χριστοῦ,
1127 2697 1217 2771 ἔτη
1256 2702 1332 2777 523‘
1362 2704 1493 2773 (62).

416 2792 477 2847 Ὀ
534 2787 591 2845 δὲ
647 2791 885 2863 Χριστὸς
936 2796 1181 2865 γεννᾶται
1242 2789 1292 2843 ἐν
1352 2790 1430 2861 τῷ
1488 2795 1898 2863 τεσσαρακοστῷ

350 2879 454 2935 ἔτει
491 2880 812 2954 Αὐγούστου
842 2884 939 2934 τοῦ
983 2876 1279 2954 βασιλέως,
1339 2878 1447 2934 ἷνδ.
1513 2881 1564 2947 ι’,
1624 2881 1806 2952 ἡμέρᾳ
1837 2882 1896 2950 ζ’,
1948 2880 2007 2934 ἐκ

354 2972 763 3043 φυλῆςἸοῦδα,
798 2974 856 3028 ἔκ
914 2974 1223 3047 σπέρματος
1287 2968 1452 3027 Δαϐἶδ
1502 2973 1563 3027 τὸ
1621 2973 1757 3027 κατὰ
1814 2973 2002 3048 σάρκα’

349 3063 435 3117 καῗ
468 3062 743 3118 τοσούτων
778 3059 945 3117 ὅντων
992 3066 1099 3117 τῶν
1144 3061 1386 3137 χρόνων,
1447 3066 1564 3124 πῶς
1616 3061 1715 3117 οὐκ
1747 3061 2007 3137 αἰσχυνε-

345 3174 432 3209 ται
466 3151 696 3207 Πλάτων
724 3152 843 3226 περὶ
877 3151 1269 3224 κατακλυσμοῦ
1328 3152 1550 3225 πρώτου
1610 3151 1700 3206 καὶ
1755 3149 2006 3228 δευτέρου

356 3240 727 3317 διηγούμενος
764 3260 778 3311 ;

2115 2002 2375 2071 Egypto.
2404 1998 2668 2051 Mansere
2702 1996 2760 2048 in
2794 1994 3027 2049 deserto
3059 2010 3247 2048 annos
3279 1995 3367 2046 40.

2180 2180 2541 2245 Reguntura
2584 2174 2719 2229 Jesu
2770 2175 2919 2228 Nave
2968 2189 3157 2227 annos
3188 2172 3276 2239 25,
3337 2170 3409 2224 ab
3457 2169 3761 2225 Judicibus

2112 2283 2299 2322 annos
2333 2268 2437 2319 450
2460 2280 2646 2334 usque
2674 2264 2747 2317 ad
2772 2280 3019 2331 regnum
3056 2261 3213 2315 Saul.
3267 2260 3556 2330 Deinceps
3608 2257 3766 2311 venit

2114 2356 2293 2410 David
2320 2371 2488 2409 socer
2532 2354 2715 2407 illius.
2773 2354 3152 2422 Fueruntque
3210 2350 3281 2405 ab
3336 2350 3629 2403 Abraham
3692 2347 3765 2402 ad

2118 2445 2295 2499 David
2327 2444 2739 2515 generationes
2770 2442 2829 2496 14
2858 2442 2945 2495 vel
2968 2441 3106 2495 anni
3142 2442 3298 2493 1024.
3334 2440 3399 2494 Et
3429 2454 3461 2492 a
3497 2437 3669 2491 David
3693 2437 3767 2491 ad

2117 2532 2704 2603 transmigrationem
2739 2529 3077 2599 Babylonis,
3122 2527 3535 2600 generationes
3582 2528 3647 2578 14
3676 2524 3767 2579 vel

2115 2624 2255 2677 anni
2291 2624 2414 2684 504,
2456 2620 2782 2674 universim
2833 2619 2978 2672 inito
3039 2618 3265 2672 calculo
3313 2616 3647 2687 reperimus
3696 2611 3767 2667 ab

2118 2712 2296 2765 Adam
2329 2709 2401 2764 ad
2429 2709 2726 2763 Christum
2759 2724 2948 2761 annos
2981 2723 3142 2761 mmo.

2188 2800 2453 2854 Christus
2488 2798 2754 2852 nascitur
2782 2795 3236 2866 quadragesimo
3297 2793 3559 2848 secundo
3608 2809 3763 2847 anno

2117 2891 2358 2963 Augusti
2394 2886 3124 2960 imperatoris,indictione
3164 2888 3244 2951 lO,
3279 2884 3425 2938 feria
3457 2888 3589 2949 7,ex
3610 2883 3766 2937 tribu

2115 2979 2262 3034 Juda
2296 2995 2365 3033 ex
2393 2977 2619 3031 semine
2672 2975 2853 3030 David
2914 2973 3241 3029 secundum
3300 2989 3561 3027 carnem.
3621 2972 3766 3027 Cum

2118 3085 2293 3141 porro
2320 3073 2403 3122 tot
2436 3067 2556 3120 sint
2581 3066 2745 3131 anni,
2782 3063 3078 3135 quomodo
3110 3079 3229 3117 non
3264 3062 3771 3133 pudetPlatonem

2118 3158 2513 3211 disserentem
2548 3155 2621 3208 de
2652 3153 2873 3207 diluvio
2907 3152 3095 3223 primo
3130 3156 3186 3205 et
3214 3150 3475 3204 secundo
3505 3150 3529 3204 7

425 3341 556 3397 Ἀπὸ
585 3347 687 3409 τῆς
714 3339 1202 3415 ἐνανθρωπήσεως,
1236 3348 1347 3396 etc.
1380 3348 1441 3395 ut
1472 3356 1643 3411 supra
1660 3345 1867 3411 fragm.
1913 3344 1977 3397 V.
2012 3365 2016 3395 τ

2132 3360 2165 3399 ι.
2200 3347 2250 3413 1,
2283 3358 2405 3397 cum
2433 3342 2647 3396 modico
2673 3341 3005 3395 discrimine.
3041 3342 3114 3394 At
3150 3355 3272 3408 qua:
3311 3344 3605 3409 ponuntur
3652 3338 3749 3392 sub

343 3449 501 3487 num.
524 3433 598 3501 II,
621 3433 756 3501 quia
780 3431 1019 3485 multum
1048 3429 1291 3497 variant,
1315 3429 1402 3484 hic
1434 3430 1745 3498 afferemus.

437 3528 572 3585 Ἀπὸ
632 3525 690 3583 δὲ
745 3532 842 3582 τοῦ
901 3528 1179 3604 σωτηρίου
1235 3529 1441 3591 πάθους
1491 3526 1581 3581 καὶ
1646 3533 1747 3596 τῆς
1806 3526 2017 3600 ἀναλή-

364 3622 510 3691 ψεως
537 3616 726 3685 αὐτοῦ,
777 3617 943 3691 μέχρι
1000 3623 1101 3685 τῆς
1151 3610 1471 3677 λιθοϐολίας
1528 3620 1625 3671 τοῦ
1682 3619 2017 3693 πρωτομάρ-

359 3726 524 3776 τυρος
557 3705 850 3781 Στεφάνου,
884 3702 976 3775 ἔτη
1014 3706 1074 3777 ζ’,
1119 3705 1223 3759 ἀπὸ
1284 3702 1340 3759 δὲ
1392 3711 1491 3773 τῆς
1526 3706 1825 3779 μαρτυρίας
1887 3713 2016 3761 Στε-

364 3795 529 3873 φάνου
583 3796 878 3870 μὲχριτοῦ
937 3794 1192 3870 φανέντος
1251 3798 1329 3866 τῷ
1392 3792 1596 3866 Παύλῳ
1654 3795 1857 3866 φωτὸς,
1924 3797 2021 3870 βα-

362 3884 667 3957 πτίσματός
694 3905 751 3939 τε
783 3882 948 3938 αὐτοῦ
980 3882 1069 3937 καὶ
1130 3882 1513 3957 κηρύγματος,
1547 3883 1637 3937 καὶ
1699 3884 1866 3957 μέχρι
1923 3891 2022 3953 τῆς

367 3974 693 4048 ἀναλήψεως
729 3981 831 4043 τῆς
891 3974 1044 4049 ἁγίας
1103 3973 1376 4044 Παρθένου
1434 3973 1523 4027 καὶ
1585 3974 1852 4027 Θεοτόκου
1903 3980 2020 4031 Μα-

370 4066 513 4139 ρίας,
572 4062 665 4132 ἔτη
725 4069 794 4137 γ’,
853 4062 945 4117 καὶ
999 4063 1140 4133 ὁμοῦ
1201 4060 1292 4131 ἔτη
1360 4058 1470 4134 μδ’,
1533 4059 1691 4131 ἔζησε
1772 4063 1874 4137 γὰρ
1954 4066 2021 4128 τῆ

370 4154 751 4226 ἀνθρωπότητι
831 4154 865 4220 ἡ
927 4152 1195 4213 Θεοτόκος
1256 4149 1347 4221 ἔτη
1411 4152 1506 4219 νϐ’,
1559 4149 1751 4213 οὕτως·
1808 4152 1893 4205 Ἐν
1943 4156 2024 4223 τῷ

370 4245 485 4316 ναῷ
516 4242 609 4314 ἔτη
647 4239 737 4315 ιδ’,
770 4242 859 4297 καὶ
893 4241 944 4296 ἐν
1005 4247 1082 4313 τῷ
1134 4239 1270 4314 οἷειῳ
1336 4243 1536 4319 Ἰωσὴφ
1590 4248 1762 4314 μῆνας
1809 4243 1873 4313 ς’,
1931 4244 2023 4298 καὶ

376 4334 577 4397 εὐθέως
621 4331 983 4407 εὐηγγελίσθη
1034 4332 1136 4386 ὑπὸ
1183 4336 1280 4386 τοῦ
1339 4327 1610 4407 Γαϐριὴλ,
1670 4332 1755 4385 καὶ
1819 4331 2024 4387 συλλα-

372 4418 541 4477 ϐοῦσα
593 4420 769 4477 ἓτεκεν
856 4421 949 4474 τὸν
1010 4421 1208 4493 Κύριον
1268 4423 1428 4493 ἡμῶν
1489 4422 1698 4489 Ἰησοῦν
1770 4421 2024 4494 Χριστὸν,

369 4515 438 4585 τῇ
526 4508 699 4565 simiai
754 4509 976 4582 πέμπτῃ
1026 4514 1122 4563 τοῦ
1182 4505 1519 4583 Δεκεμϐρίου
1581 4510 1768 4580 μηνός.
1854 4513 2025 4581 ⁸0μοῦ

370 4599 464 4671 ἔτη
537 4607 615 4667 ιε’,
676 4598 764 4653 καὶ
826 4597 1012 4667 ἔζησεν
1096 4597 1182 4651 ἐπὶ

372 4689 581 4764 Κυρίου
615 4686 706 4757 ἔτη
736 4687 841 4761 λγ’,
875 4688 963 4741 καὶ
1021 4687 1154 4759 μετὰ
1183 4689 1283 4754 τὴν
1343 4687 1612 4761 ἀναληψιν
1669 4691 1765 4742 τοῦ
1826 4686 2024 4761 Κυρίου

373 4781 464 4833 συν
497 4784 616 4839 τοῖς
654 4781 923 4850 μαθηταῖς
956 4776 1005 4830 ἐν
1064 4781 1140 4847 τῷ
1191 4774 1327 4847 οἷ’κῳ
1385 4778 1637 4832 Ἰωάννου
1693 4782 1790 4832 τοῦ
1851 4779 2027 4853 Εὐαγ-

376 4868 633 4944 γελιστοῦ
670 4864 765 4934 ’ἐτη
839 4868 924 4934 ια’,
985 4866 1129 4937 ὁμοῦ
1184 4865 1418 4940 γίνονται
1472 4864 1538 4919 τὰ
1588 4860 1679 4934 ἔτη
1736 4872 1834 4934 τῆς
1886 4868 2028 4934 ζωῆς

372 4957 541 5024 αὐτῆς
575 4957 671 5012 νθ’.
735 4956 907 5015 Οὗτος
966 4952 1023 5008 δέ
1082 4953 1220 5009 ἐστιν
1284 4953 1563 5024 Ἰωάννης,
1622 4954 1678 5008 ὅν
1740 4956 2026 5028 ἠγάπησεν

376 5045 655 5120 ὁΚύριος,
717 5046 744 5097 ὁ
824 5044 910 5097 καὶ
972 5044 1259 5117 παρθένος,
1344 5044 1491 5106 ὅστις
1563 5043 1652 5097 καὶ
1739 5038 1921 5116 ἔμενεν
1977 5042 2029 5098 ἐν

382 5132 792 5207 Ἱεροσολύμοις
855 5130 930 5192 είς
986 5133 1085 5198 τήν
1136 5132 1289 5205 ἁγίαν
1354 5132 1522 5198 Σιὼν,
1567 5132 1666 5199 τὴν
1726 5136 1832 5185 τῶν
1895 5133 2026 5187 Ἐκ-

379 5223 627 5292 κλησιῶν
686 5223 921 5295 μητερα.
991 5222 1138 5277 Ἐκεῖ
1194 5216 1394 5298 ἔφυγον
1458 5221 1510 5274 οἱ
1579 5217 1880 5273 ἀπόστολοι
1939 5216 2028 5273 διὰ

372 5314 463 5367 τὸν
497 5307 666 5388 φόϐον
696 5312 803 5364 τῶν
838 5306 1134 5367 Ἰουδαίων.
1171 5311 1317 5365 Ἐκεῖ
1361 5313 1479 5369 τοῖς
1540 5309 1806 5379 μαθηταῖς
1856 5307 2023 5382 ἐφάνη

375 5405 403 5458 ὁ
459 5402 657 5475 Κύριος
739 5399 873 5473 μετὰ
955 5400 1017 5453 τὸ
1075 5398 1362 5467 ἀναστῆναι
1419 5397 1602 5467 αὐτὸν,
1686 5401 1794 5451 τῶν
1848 5402 2024 5467 θυρῶν

371 5490 789 5564 κεκλεισμένων,
869 5490 958 5544 καὶ
1018 5485 1217 5542 ἔδωκεν
1306 5485 1494 5547 αὐτοῖς
1578 5489 1800 5558 Πνεῦμα
1848 5488 2022 5562 ἅγιον.

376 5584 529 5639 Ἑκεῖ
556 5584 627 5655 τῇ
688 5578 859 5657 ὀγδόῃ
916 5580 1099 5652 ἡμέρᾳ
1142 5574 1595 5651 ἐπληροφόρῆσεν
1653 5575 1744 5629 τὸν
1799 5583 2021 5649 Θωμᾶν.

443 5730 557 5801 (62)
591 5731 671 5784 Ex
711 5728 907 5783 allatis
936 5726 1202 5782 numeris
1231 5740 1354 5780 non
1385 5722 1746 5795 colliguntur
1774 5727 1913 5780 5500
1940 5726 2105 5783 anni.

2197 3531 2242 3584 A
2261 3528 2505 3583 salutari
2518 3544 2652 3583 vero
2678 3527 3026 3599 passioneet
3046 3526 3453 3597 assumptione
3468 3525 3681 3579 Christi
3706 3525 3781 3579 ad

2134 3617 2559 3691 lapidationem
2591 3618 3044 3689 protomartyris
3067 3616 3372 3687 Stephani,
3405 3615 3545 3670 anni
3579 3632 3676 3671 vn.
3714 3619 3784 3668 Et

2130 3725 2164 3764 a
2189 3708 2475 3779 martyrio
2508 3708 2811 3779 Stephani,
2846 3723 3036 3777 usque
3067 3705 3141 3761 ad
3198 3706 3391 3761 lucem
3441 3722 3571 3776 quaa
3595 3705 3776 3759 Paulo

2130 3799 2427 3871 apparuit,
2460 3804 2519 3853 et
2546 3798 2907 3869 baptismum
2936 3814 3001 3852 ac
3032 3795 3516 3869 praedicationem
3540 3797 3690 3867 ejus,
3725 3801 3783 3850 et

2130 3905 2320 3958 usque
2343 3889 2417 3943 ad
2448 3888 2917 3960 assumptionem
2934 3893 3152 3943 sancta)
3175 3886 3429 3957 Virginis
3445 3885 3777 3956 etDeipara:

2134 3978 2352 4046 Marias,
2387 3978 2527 4033 anni
2560 3980 2589 4031 3
2622 3984 2681 4032 et
2708 3977 3031 4032 universim
3063 3976 3207 4031 anni
3261 3977 3350 4030 44.
3413 3975 3564 4029 Vixit
3620 3975 3779 4030 enim

2132 4067 2290 4122 inter
2320 4067 2592 4121 homines
2645 4067 2746 4120 Dei
2805 4070 2986 4120 Mater
3040 4082 3228 4120 annos
3260 4067 3326 4118 59
3361 4082 3373 4130 ;
3408 4065 3519 4118 hoc
3549 4063 3725 4118 modo
3766 4080 3778 4116 ε

2132 4157 2198 4209 In
2221 4155 2444 4226 templo
2477 4171 2665 4209 annos
2690 4157 2775 4222 14,
2808 4161 2866 4208 et
2896 4155 2956 4208 in
2988 4155 3162 4208 domo
3193 4153 3408 4222 loseph
3457 4168 3692 4205 menses
3726 4154 3781 4216 6,

2134 4249 2311 4314 atque
2342 4259 2477 4297 mox
2510 4242 2581 4296 ab
2609 4242 2843 4296 Gabriel
2873 4243 3149 4296 nuntium
3200 4241 3448 4310 accepit,
3483 4245 3541 4294 et
3590 4240 3787 4293 conci-

2134 4334 2306 4404 piens
2319 4331 2875 4403 peperitDominum
2890 4332 3367 4385 nostrumJesum
3381 4328 3675 4383 Christum
3692 4327 3786 4381 die

2134 4422 2414 4476 vicesima
2445 4419 2652 4489 quinta
2676 4420 3013 4475 Decembris
3036 4417 3623 4474 mensis.Suntsimul
3641 4416 3781 4470 anni

2138 4515 2222 4577 15,
2254 4516 2310 4564 et
2331 4510 2623 4563 vixitcum
2650 4509 2954 4563 incarnato
2989 4508 3235 4563 Domino
3255 4523 3443 4561 annos
3458 4508 3621 4571 33,et
3651 4512 3783 4577 post

1269 4606 1366 4668 τῆς
1417 4597 1731 4672 ἐνανθρωπή
1742 4620 1874 4659 σεως
1926 4601 2016 4653 τοῦ

2132 4598 2599 4669 assumptionem
2618 4598 3010 4661 Domini,cum
3027 4597 3410 4667 discipulisa'n
3425 4595 3600 4651 domo
3615 4598 3781 4651 Joan-

2136 4689 2230 4743 nis
2251 4688 2631 4760 Evangelista)
2664 4704 2854 4742 annos
2890 4691 2971 4754 11,
3001 4688 3268 4757 ﬁuntque
3292 4687 3617 4741 universim
3641 4686 3780 4741 anni

2138 4778 2270 4832 vitm
2303 4779 2433 4849 ejus
2466 4780 2553 4832 559.
2592 4778 2693 4832 Hic
2725 4795 2900 4848 porro
2942 4782 3032 4831 est
3059 4778 3333 4843 Joannes,
3370 4793 3545 4847 quem
3578 4776 3785 4830 dilexit

2135 4867 2446 4931 Dominus,
2480 4872 2537 4920 et
2566 4872 2693 4920 erat
2723 4866 2958 4931 cmlebs,
3003 4872 3061 4920 et
3114 4866 3351 4937 scripsit
3401 4866 3781 4938 Evangelium

2134 4970 2331 5017 suum,
2364 4952 2760 5022 manebatque
2820 4952 3242 5024 Hierosolymis
3275 4953 3335 5006 in
3376 4957 3581 5007 sancta
3618 4952 3781 5019 Sion,

2135 5048 2322 5097 matre
2336 5042 2844 5097 Ecclesiarum.Eo
2868 5044 3256 5115 confugerant
3275 5042 3526 5114 apostoli
3544 5047 3786 5115 propter

2133 5136 2361 5186 metum
2389 5130 2842 5187 JudzeorumJbi
2868 5132 3176 5203 discipulis
3202 5133 3477 5203 apparuit
3493 5132 3780 5187 Dominus

2131 5230 2268 5296 post
2297 5226 2793 5281 resurrectionem
2822 5242 2990 5281 suam
3016 5226 3215 5296 januis
3246 5226 3783 5295 clausis,deditque

2134 5312 2219 5366 eis
2252 5313 2533 5384 Spiritum
2590 5320 2881 5369 sanctum.
2916 5314 2999 5370 lbi
3059 5315 3153 5370 die
3207 5321 3412 5371 octava
3468 5315 3782 5369 certiorem

2135 5403 2332 5457 etl‘ecit
2361 5404 2668 5469 Thomam,
2703 5404 3023 5459 ostendens
3056 5404 3141 5459 illi
3167 5406 3402 5476 signum
3456 5404 3778 5459 clavorum.

2132 5490 2215 5545 Ibi
2240 5498 2513 5564 paratum
2542 5494 2654 5547 fuit
2682 5494 2994 5548 comedere
3023 5494 3246 5549 Pascha
3272 5510 3407 5548 cum
3442 5489 3776 5561 discipulis.

2130 5582 2274 5637 Inde
2308 5583 2487 5638 etiam
2520 5584 2741 5654 hymno
2776 5583 2932 5639 dicto
2952 5583 3292 5637 exieruntin
3308 5588 3570 5637 montem
3591 5579 3775 5635 Oliva-
