4078 6204
326 405 485 467 105³

1781 403 2296 469 FRAGMENTA.

3581 404 3738 469 1054

328 547 543 602 Λουκᾶς
576 543 603 596 6
638 542 928 605 θειότατος.
992 545 1085 615 Τῷ
1142 542 1198 599 δὲ
1256 543 1401 600 ἐννέα
1452 546 1543 600 καὶ
1603 543 1810 617 δεκάτῳ
1869 538 1952 598 ἕτε

2092 539 2421 606 cruciﬁxio,
2453 544 2511 594 et
2529 540 2757 594 viviﬂca
2781 540 3134 595 resurrectio
3165 539 3320 595 facta
3342 544 3448 595 est.
3486 542 3733 613 Antipas

318 638 425 697 τῆς
458 630 742 706 βασιλείας
772 627 1027 707 Τιϐερίου
1059 633 1087 687 6
1120 640 1263 698 θεῖος
1302 638 1531 711 σταυρὸς
1584 635 1672 690 καὶ
1731 637 1766 703 ἡ
1832 639 1975 703 ζωο-

2082 648 2221 685 vero
2257 629 2357 683 ille
2391 628 2637 684 Herodis
2672 630 2828 684 ﬁlius
2850 629 3117 701 regnavit
3164 629 3337 683 annis
3374 632 3462 684 23.
3493 628 3730 688 Certum

321 720 490 780 ποιὸς
553 720 836 782 ἀνάστασις
894 723 1105 796 γέγονε.
1168 724 1420 786 Ἀντίπας
1469 723 1525 779 δὲ
1582 725 1741 787 οὗτος
1799 723 1826 777 6
1883 742 1951 776 κα

2080 724 2331 793 proinde
2366 729 2475 790 est,
2506 722 2661 795 quod
2698 721 2793 775 hic
2826 720 3082 775 Herodes
3117 722 3549 778 Prmcursorem
3576 724 3738 779 occi-

317 806 579 884 Ἡρώδου
656 807 740 863 κδ’
822 805 914 881 ἔτη
1005 806 1333 870 ἐϐασίλευσε.
1402 812 1705 887 ΙΙροδήλως
1793 812 1953 866 τοίνιν

2079 811 2251 879 derit,
2286 819 2344 867 et
2396 820 2659 883 tempore
2718 811 2928 865 divina)
2974 810 3272 880 passionis
3305 811 3366 864 in
3397 812 3724 867 Jerusalem

327 897 488 959 οὗτός
514 897 650 952 ἐστιν
679 897 931 973 Ἡρώδης
992 901 1018 955 ὁ
1076 902 1164 956 καὶ
1220 903 1311 957 τὸν
1370 903 1690 978 Πρόδρομον
1744 900 1969 969 ἀνελὼν,

322 988 413 1041 καί
446 985 658 1042 ἐπὶτοῦ
707 988 850 1043 θείου
907 991 1113 1053 πάθους
1171 990 1222 1046 ἐν
1280 992 1683 1068 Ἰεροσολύμοις
1737 990 1970 1064 εὑρεθεὶς

323 1077 411 1131 καὶ
446 1076 734 1148 ἀνακρίνας
757 1079 849 1133 τὸν
886 1079 1100 1155 Κύριον.
1152 1082 1247 1137 Καὶ
1308 1078 1465 1156 ἕτερα
1524 1082 1628 1156 γάρ
1660 1081 1818 1135 πέντε
1874 1076 1966 1148 ἔτη

322 1168 457 1240 μετὰ
511 1168 613 1234 τήν
666 1168 936 1236 ζωοποιὸν
998 1170 1280 1225 ἀνάστασιν
1338 1167 1671 1240 ἐϐασίλευσε,
1729 1170 1818 1223 καί
1883 1167 1969 1239 ἐξ-

316 1255 558 1329 ορίζεται
593 1256 684 1310 συν
716 1261 785 1330 τῇ
819 1256 1114 1314 Ἡρωδιάδι
1176 1261 1250 1322 είς
1314 1263 1559 1318 Βεένναν.
1617 1256 1968 1317 Ἐϐασίλευσε

315 1342 371 1399 δὲ
408 1347 521 1419 μετ’
557 1347 718 1400 αὐτὸν
754 1347 1049 1423 Ἀγρίππας
1080 1350 1108 1404 6
1139 1350 1228 1404 καὶ
1262 1348 1533 1424 Ἡρώδου,
1566 1351 1681 1411 υίὸς
1714 1352 1966 1424 Ἀριστο-

318 1428 526 1488 6οὖλου
555 1439 656 1489 τοῦ
680 1437 739 1490 ἐκ
771 1438 1100 1512 Μαριάμνης
1143 1440 1262 1493 υἱοῦ
1313 1438 1564 1513 Ἡρώδου
1594 1440 1690 1493 τοῦ
1721 1440 1959 1514 πρώτου.

317 1523 493 1584 Οὗτος
526 1521 582 1578 δὲ
612 1524 752 1580 ἐστὶν
783 1527 1088 1601 Ἀγρίππας
1120 1530 1148 1583 6
1191 1530 1281 1584 καὶ
1340 1528 1609 1604 Ἡρώδης,
1669 1530 1696 1583 6
1756 1527 1963 1583 ἀνελὼν

315 1613 407 1669 τὸν
441 1608 731 1668 Ζεϐεδαίου
776 1612 996 1687 Ἰακὼϐ,
1056 1617 1256 1693 Πέτρον
1323 1620 1415 1674 τὸν
1472 1624 1768 1697 κορυφαῖον
1828 1618 1960 1671 ἀπο-

316 1702 528 1757 στόλων
562 1704 696 1777 πρὸς
728 1706 891 1780 χάριν
924 1704 1207 1762 Ἰουδαίων
1240 1708 1450 1764 ἀνελεῖν
1484 1708 1737 1779 θελήσας.
1800 1709 1960 1783 Ἐβα-

319 1792 537 1847 σίλευσε
594 1790 651 1847 δὲ
705 1795 795 1850 καὶ
855 1796 1012 1859 οὗτος
1071 1793 1163 1868 ἔτη
1225 1799 1380 1871 ἑπτά,
1445 1798 1534 1854 καὶ
1627 1802 1741 1871 μετ’
1800 1797 1958 1851 αὐτὸν

312 1877 657 1937 ἐϐασίλευσεν
688 1885 715 1937 6
748 1880 1018 1958 δεύτερος,
1065 1886 1147 1964 ἐφ’
1178 1888 1240 1941 οὗ
1301 1889 1327 1942 6
1394 1893 1608 1951 Παῦλος
1668 1887 1720 1943 ἐν
1755 1894 1960 1944 Καισα-
1992 1914 2036 1976 Β

313 1974 434 2044 ρείᾳ
468 1970 707 2046 ἐκρίνετο
739 1974 885 2048 παρὰ
911 1979 992 2046 τῷ
1023 1977 1246 2046 Φήστω,
1279 1975 1381 2032 ἔτει
1413 1980 1513 2041 κς“.

384 2061 484 2114 Καὶ
516 2061 651 2133 μετᾶ
689 2066 856 2117 ταῦτα
914 2065 1077 2127 Τίτος
1132 2064 1399 2141 ἐπόρθησε
1453 2067 1520 2122 τὰ
1582 2065 1958 2142 Ἱεροσόλυμα,

308 2148 694 2224 συναγάγονται
730 2148 787 2207 δὶ
816 2149 907 2223 ἔτη
976 2160 1047 2226 μ’,
1102 2153 1209 2209 ἀπὸ
1264 2155 1359 2210 τοῦ
1418 2157 1693 2232 σωτηρίου
1751 2158 1956 2220 πάθους

297 2233 410 2298 ἕως
467 2245 568 2306 τῆς
618 2237 877 2303 ἁλώσεως
962 2242 1379 2317 Ἱεροσολύμων.
1437 2245 1575 2306 Τοὺς
1627 2243 1684 2299 δὲ
1740 2247 1953 2321 ἀναιρε-

302 2327 491 2389 θέντας
525 2325 915 2406 διαγράφουσίν
945 2352 1088 2393 τινες
1122 2332 1200 2396 εἷς
1254 2333 1601 2409 τριακοσίους
1663 2332 1946 2409 μυριάδας.

302 2412 604 2487 Ἐκράτησε
653 2414 709 2470 δὲ
766 2420 800 2486 ἡ
876 2417 1173 2495 πολιορκία
1240 2421 1408 2491 αὐτῆς
1466 2421 1555 2493 ἔτη
1622 2425 1691 2498 β’,
1747 2422 1821 2485 ὥς
1892 2444 1951 2478 τε

296 2501 366 2559 τά
385 2502 539 2558 τέκνα
564 2503 739 2561 αὐτῶν
768 2513 954 2585 φαγεῖν
984 2509 1090 2564 ἀπὸ
1119 2517 1222 2581 τῆς
1253 2512 1394 2587 βίας.

1957 2734 2052 2790 IX.

2079 901 2371 957 exsistens
2395 902 2683 974 judicarit
2715 902 3067 965 Dominum;
3130 906 3190 956 et
3236 905 3368 970 post
3433 901 3723 956 viviﬁcam

2076 993 2575 1046 resurrectionem
2608 991 2869 1062 regnarit
2898 989 3032 1043 aliis
3063 990 3328 1058 quinque
3362 989 3556 1053 annis,
3579 997 3635 1043 et
3665 991 3727 1044 in

2077 1079 2348 1133 exsilium
2382 1082 2599 1134 missus
2632 1081 2708 1133 sit
2752 1096 2883 1132 cum
2943 1077 3269 1133 Herodiade
3322 1079 3380 1131 in
3416 1079 3728 1134 Viennam.

2072 1170 2355 1239 Regnavit
2378 1186 2511 1224 vero
2548 1177 2685 1239 post
2716 1168 2909 1239 ipsum
2944 1167 3199 1238 Agrippa
3232 1167 3333 1236 qui
3367 1173 3423 1220 et
3457 1168 3731 1233 Herodis,

2074 1257 2233 1312 illius
2264 1259 2588 1313 Aristobuli
2620 1275 2688 1311 ex
2738 1257 3057 1311 Mariamne
3088 1256 3266 1326 primi
3302 1256 3545 1310 Herodis
3597 1257 3724 1312 ﬁlii.

2075 1348 2176 1402 Hic
2207 1354 2406 1403 autem
2438 1348 2819 1421 Agrippa,qui
2844 1346 3418 1408 etHerodes,occidit
3444 1347 3725 1401 Jacobum

2070 1438 2353 1495 Zebedmi.
2386 1441 2625 1493 Petrum
2664 1454 2798 1492 vero
2867 1436 3283 1507 Apostolorum
3342 1438 3722 1507 coryphaeum

2070 1527 2253 1582 voluit
2283 1528 2645 1595 occidere,ut
2674 1528 3107 1600 gratificaretur
3161 1525 3399 1579 Judzeis.
3457 1526 3636 1578 Porro
3670 1530 3728 1579 et

2070 1616 2170 1671 ille
2204 1618 2469 1689 regnavit
2498 1623 2725 1688 septem
2759 1618 2956 1678 annis,
2990 1620 3049 1669 et
3071 1620 3203 1686 post
3233 1615 3428 1685 ipsum
3463 1612 3727 1682 regnavit

2068 1706 2220 1761 alter
2246 1708 2525 1778 Agrippa,
2560 1707 2668 1761 sub
2698 1723 2814 1776 quo
2850 1706 3069 1761 Paulus
3100 1706 3161 1759 in
3196 1707 3461 1758 Caesarea
3480 1704 3722 1774 judica-

2068 1803 2161 1853 tus
2193 1804 2283 1853 est
2311 1816 2344 1854 a
2369 1801 2537 1855 Festo
2562 1815 2719 1854 anno
2750 1801 2847 1854 26.

2143 2071 2211 2124 Et
2234 2075 2366 2141 post
2395 2071 2518 2125 haec
2561 2071 2720 2125 Titus
2781 2069 3134 2141 expugnavit
3192 2066 3663 2138 Hierosolymam
3701 2083 3715 2121 :

2063 2160 2240 2214 simul
2272 2165 2469 2215 autem
2502 2160 2721 2231 sumpti
2755 2166 2894 2214 sunt
2924 2160 3064 2213 anni
3096 2161 3185 2225 40,
3220 2174 3251 2212 a
3284 2157 3561 2228 passione
3596 2156 3713 2210 Sal-

2062 2251 2277 2305 vatoris
2300 2267 2489 2321 usque
2520 2250 2592 2305 ad
2621 2256 2926 2322 capturum
2978 2247 3543 2318 Hierosolymorum.
3573 2244 3713 2310 Qui-

2063 2338 2198 2393 dam
2222 2356 2357 2393 vero
2393 2340 2678 2406 scribunt,
2718 2341 2777 2393 in
2810 2355 2878 2393 ea
2928 2337 3276 2393 occubuisse
3311 2336 3383 2390 ad
3416 2340 3713 2389 trecentas

2062 2430 2361 2500 myriadas
2394 2445 2405 2483 :
2441 2428 2672 2484 duravit
2702 2446 2837 2483 vero
2870 2428 3100 2483 obsidio
3135 2427 3316 2491 illius,
3344 2425 3519 2480 annis
3551 2424 3711 2477 duo-

2062 2519 2193 2587 bus,
2229 2519 2310 2573 ita
2349 2524 2415 2574 ut
2443 2518 2704 2573 infantes
2761 2535 2900 2573 suos
2960 2535 3080 2588 prin
3129 2516 3285 2571 fame
3317 2514 3711 2570 manducave-

2062 2608 2204 2664 rint.

551 2840 727 2896 Aliud
743 2844 1117 2912 fragmentum
1148 2846 1255 2916 (63)
1278 2863 1305 2901 θ
1331 2824 1449 2903 cod.
1485 2864 1586 2904 ms.
1623 2850 2068 2978 Taurimmsi;i
2088 2856 2330 2978 temtporc
2366 2868 2474 2922 quo
2514 2853 2613 2909 SS.
2646 2851 2998 2922 evangelista!
3028 2847 3336 2919 Evangelia
3356 2861 3458 2901 sua

1835 2940 1935 2978 con
1980 2941 1999 2977 ι
2040 2940 2175 2978 erun
2208 2965 2220 2977 .

1835 2940 2220 2978 conciderunt.

378 3022 598 3093 ’Ic'téov,
649 3027 731 3082 ὅτι
764 3028 826 3083 τὸ
883 3029 1020 3085 κατὰ
1078 3032 1356 3095 Ματθαῖον
1407 3034 1558 3109 ἅγιον
1619 3036 1952 3113 Εὐαγγὲλιον

305 3115 513 3193 ἐγράφη
548 3115 625 3177 είς
671 3115 1061 3188 Παλαιστίνην,
1125 3122 1258 3193 μετὰ
1316 3122 1459 3178 ὀκτὼ
1520 3122 1614 3195 ἔτη
1665 3133 1766 3195 τῆς
1820 3126 1951 3181 ἀνα-

303 3203 546 3278 λήψεως,
606 3200 905 3279 Ἐϐραϊστί.
965 3208 1039 3265 Τὸ
1117 3210 1253 3265 κατὰ
1312 3214 1528 3286 Μάρκον
1614 3214 1947 3291 Εὐαγγὲλιον

300 3293 511 3367 ἐγράφη
550 3295 850 3366 Ῥωμαίστὶ
899 3296 951 3349 ἐν
1009 3298 1199 3372 Ῥώμῃ
1257 3301 1389 3372 μετὰ
1446 3300 1657 3358 δώδεκα
1699 3302 1790 3374 ἔτη
1846 3313 1947 3374 τῆς

296 3381 637 3472 άναλήψεως.
703 3385 779 3439 Τὸ
835 3386 976 3439 κατᾶ
1037 3392 1251 3442 Λουκᾶν
1328 3390 1673 3464 Εὐαγγέλιον
1734 3393 1943 3472 ἐγράφη

296 3470 607 3540 Ἑλληνιστὶ
698 3472 773 3534 εἷς
833 3472 1243 3547 Ἀλεξάνδρειαν
1302 3479 1401 3547 τήν
1463 3480 1730 3555 μεγάλην,
1813 3470 1947 3555 μετὰ

299 3558 586 3614 δεκαπέντε
615 3558 707 3631 ἔτη
765 3568 866 3631 τῆς
925 3563 1271 3638 ἀναλήψεως.
1333 3568 1409 3623 Τὸ
1466 3569 1601 3623 κατὰ
1688 3571 1943 3642 Ἰωάννην

296 3648 638 3724 Εὐαγγὲλιον
712 3649 919 3729 ἐγράφη
994 3654 1315 3725 Ἑλληνιστὶ
1395 3656 1446 3711 ἐν
1507 3658 1712 3733 Πάτμῳ
1793 3664 1943 3734 νήσῳ

291 3737 588 3811 τριάκοντα
618 3735 713 3793 δύο
745 3737 837 3810 ἔτη
870 3747 973 3811 τῆς
996 3742 1342 3816 ἀναλήψεως.

297 3981 632 4059 Ἰτξπολύτου
662 3984 785 4059 περὶ
813 3989 920 4059 τῶν
959 3987 1029 4059 ιβ’
1061 3986 1404 4059 ἀποστόλων,
1436 3989 1524 4043 καὶ
1552 3996 1658 4045 ποῦ

366 4049 590 4119 ἕκαστος
619 4049 790 4110 αὐτῶν
823 4049 1099 4131 ἐκήρυξεν,
1133 4058 1219 4113 καὶ
1268 4049 1727 4134 ποῦ’ἐτελειώθη.

2136 3040 2293 3095 Scire
2316 3041 2503 3110 juvat,
2538 3040 2696 3111 quod
2755 3044 3024 3095 sanctum
3055 3038 3301 3094 Matthaei
3333 3032 3713 3106 Evangelium

2063 3132 2349 3203 scriptum
2385 3138 2471 3186 est
2504 3131 2564 3185 in
2602 3131 2914 3185 Palaestina
2958 3131 3255 3191 hebraice,
3316 3131 3519 3180 octavo
3579 3129 3714 3194 post

2058 3220 2271 3274 Christi
2305 3220 2777 3290 assumptionem
2806 3236 2982 3273 anno.
3017 3219 3185 3273 Marci
3212 3213 3591 3284 Evangelium
3625 3212 3706 3265 la-

2061 3308 2181 3361 tine
2207 3309 2492 3378 scriptum
2527 3314 2617 3362 est
2647 3310 2847 3362 Roma:
2877 3324 3034 3362 anno
3067 3311 3197 3377 post
3237 3302 3706 3372 assumptionem

2059 3398 2431 3454 duodecimo.
2466 3404 2629 3455 Luca?
2654 3398 3036 3470 Evangelium
3069 3397 3355 3466 scriptum
3388 3396 3478 3447 est
3509 3392 3706 3445 Graece

2058 3486 2119 3540 in
2152 3503 2365 3559 magna
2394 3488 2753 3542 Alexandria
2800 3503 2957 3541 anno
3017 3485 3247 3539 decimo
3307 3482 3514 3552 quinto
3576 3482 3708 3548 post

2056 3579 2933 3651 assumptionem.Evangelium
2955 3579 3183 3632 Joannis
3202 3576 3487 3645 scriptum
3513 3572 3709 3625 Graace

2057 3673 2148 3722 est
2177 3668 2237 3722 in
2270 3671 2474 3725 Patmo
2502 3670 2718 3737 insula,
2752 3685 2909 3726 anno
2938 3675 3073 3741 post
3093 3664 3565 3738 assumptionem
3599 3659 3708 3714 tri-

2055 3760 2276 3817 oesimo
2306 3763 2585 3819 secundo.

2002 3883 2069 3940 X.

2051 4005 2346 4076 Hippolyti
2384 4007 2448 4062 de
2504 4010 2793 4065 duodecim
2853 4011 3136 4079 apostolis,
3199 4010 3422 4064 ubinam
3474 4008 3705 4077 quisque

2163 4094 2348 4132 eorum
2374 4083 2783 4149 prmdicaverit,
2816 4098 2879 4135 ac
2939 4082 3033 4135 ubi
3074 4087 3471 4135 consummatus
3499 4082 3593 4133 sit.

647 4186 814 4257 (Vide
844 4187 1177 4257 Patrologiw
1212 4195 1354 4245 tom.
1387 4191 1451 4258 X,
1485 4192 1577 4246 col
1632 4197 1758 4263 951,
1791 4196 1853 4252 in
1884 4201 2228 4272 Appendice
2259 4206 2333 4260 ad
2378 4208 2567 4278 Opera
2605 4209 2905 4281 Hippolyti
2958 4213 3349 4280 Portuensis.)

295 4418 400 4473 Τοῦ
433 4414 596 4471 αὐτοῦ
625 4416 982 4490 Ἱππολύτου,
1013 4417 1139 4494 περὶ
1170 4424 1277 4475 τῶν
1311 4422 1354 4475 0’
1384 4421 1726 4484 ἀποστόλων.

2006 4319 2100 4374 XI.

2195 4437 2450 4508 Ejusdem
2482 4442 2773 4515 Hippolyti
2794 4445 2859 4499 de
2888 4448 3245 4515 septuaginta
3275 4444 3560 4516 apostolis.

1402 4550 1568 4621 (Vide
1600 4556 1824 4610 tomum
1858 4574 2036 4630 supra
2066 4562 2333 4631 citatum,
2369 4565 2482 4619 col.
2511 4568 2660 4639 654.)

294 4751 409 4801 Τῶν
447 4747 516 4823 ιβ’
548 4748 870 4804 ἀποστόλων
906 4749 960 4802 αἱ
1018 4749 1270 4831 πατρίδαι
1312 4754 1402 4831 καὶ
1448 4755 1515 4811 τά
1564 4756 1801 4831 ὀνόματα
1832 4766 1938 4815 τῶν

810 4824 1179 4895 γεννησάντων
1212 4825 1429 4888 αὐτούς.

1972 4649 2090 4704 XII.

2120 4770 2415 4830 Duodecim
2459 4778 2830 4848 apostolorum
2864 4783 3068 4849 patriae
3110 4789 3163 4836 et
3193 4799 3377 4839 eorum
3406 4784 3636 4841 nomina

2618 4849 2815 4919 quibus
2844 4858 2972 4908 sunt
3004 4856 3131 4907 nati

1257 4954 1421 5021 (Vide
1454 4956 1800 5030 Patrologiaa
1831 4966 2049 5017 nostras
2082 4970 2224 5024 tom.
2258 4970 2553 5040 OCII,col.
2593 4979 2775 5049 1075.)

1968 5065 2121 5120 XIII.

1288 5174 1375 5225 Ea:
1404 5173 1523 5226 cod.
1558 5178 1623 5227 76
1656 5178 1905 5245 Nanano,
1936 5182 2311 5252 fragmentum
2346 5207 2696 5262 anonymum.

291 5287 420 5362 Περὶ
493 5290 592 5353 τῆς
668 5286 763 5337 τοῦ
838 5283 1073 5355 Χριστοῦ
1148 5283 1236 5336 καὶ
1316 5289 1448 5339 Θεοῦ
1506 5288 1667 5359 ἡμῶν
1742 5292 1935 5364 γεννή-

1044 5374 1198 5415 σεως.

359 5502 650 5577 Ἐγεννήθη
705 5497 841 5552 κατᾶ
900 5498 1070 5572 σάρκα
1130 5498 1156 5551 6
1243 5498 1447 5572 Κύριος
1505 5504 1667 5574 ἡμῶν
1721 5506 1932 5575 Ἰησοῦς

288 5592 601 5669 Χριστὸςὲκ
639 5594 737 5657 τῆς
770 5583 985 5658 ἐνδόξου
1044 5587 1342 5659 Δεσποίνης
1399 5592 1558 5663 ἡμῶν
1615 5595 1713 5662 τῆς
1779 5596 1934 5672 ἁγίας

358 5748 466 5819 (63)
497 5742 685 5799 Debes
711 5740 822 5795 hoc
847 5739 1291 5812 ChristOphoro,
1324 5744 1597 5801 Matthaeo
1632 5746 1860 5804 Pfafﬂo.

2332 5310 2408 5365 De
2438 5316 2728 5370 nativitate
2757 5316 2963 5373 Christi
3001 5336 3065 5374 ac
3096 5323 3195 5375 Dei
3226 5325 3418 5378 nostri.

2116 5504 2295 5557 Natus
2310 5508 2397 5558 est
2413 5504 2738 5560 secundum
2762 5522 2999 5562 carnem
3016 5509 3302 5563 Dominus
3316 5512 3517 5561 noster
3527 5506 3693 5559 Jesus

2043 5595 2309 5652 Christus
2356 5612 2427 5650 ex
2477 5595 2736 5665 gloriosa
2788 5597 3036 5655 Domina
3087 5605 3290 5653 nostra
3333 5601 3537 5650 sancta
3585 5595 3690 5648 Dei
