4078 6204
314 337 475 401 1088

1619 337 2037 403 GEORGIDIS
2078 336 2435 400 MONACHI

3575 335 3738 399 1081

320 471 620 528 Genitrice
651 488 1005 545 semperque
1026 472 1260 546 Virgine
1279 474 1642 533 Maria.anno
1662 471 1960 539 ionio,Au-

2097 469 2342 524 δεοτόκου
2399 469 2489 524 καὶ
2545 468 2932 545 ’Λειπαρθὲνου
3012 469 3251 546 Μαρίας,
3306 466 3460 532 ἔτους
3514 488 3616 545 εφ,
3659 491 3737 545 μγ

323 561 479 635 gusti
507 558 753 618 Cmsaris
784 577 940 618 anno
973 564 1040 616 43
1062 561 1125 617 in
1157 562 1500 619 Bethlehem
1531 562 1749 618 Iudaeae
1778 564 1810 616 8
1840 560 1967 619 Kal.

324 653 634 710 Ianuarias
657 652 829 722 juxta
881 654 1198 717 Romanos,
1250 652 1362 708 hoc
1394 658 1483 708 est
1511 651 1853 708 Decembris
1880 652 1971 706 ‘25.

328 741 659 813 Baptizatus
688 745 777 795 est
805 742 874 795 30
905 757 1095 796 annos
1117 757 1318 811 agens,
1342 758 1500 798 anno
1532 740 1975 813 quintodecimo

326 830 541 885 Tiberii
570 829 839 898 Caesaris,
871 830 1064 902 pridie
1094 830 1178 886 Id.
1210 832 1452 887 Januar.
1504 829 1831 887 secundum
1864 832 1979 886 Ro-

331 933 563 984 manos,
604 917 714 973 hoc
739 923 830 973 est
854 918 1092 974 Ianuar.
1154 920 1206 974 6.
1257 920 1501 991 Oportet
1546 923 1744 975 autem
1804 918 1978 981 scire,

333 1005 492 1079 quod
521 1008 727 1080 genuit
747 1007 919 1063 illum
948 1008 1277 1064 secundum
1308 1025 1553 1066 carnem
1584 1008 1789 1064 civitas
1815 1008 1983 1063 Beth-

335 1096 857 1166 lehem,enutrivit
885 1097 1028 1153 urbs
1056 1099 1355 1162 Nazareth,
1391 1098 1464 1154 ad
1493 1099 1722 1154 virilem
1747 1104 1983 1154 aetatem

338 1186 1001 1259 perduxitretinuitque
1050 1187 1123 1242 ad
1183 1203 1373 1243 annos
1402 1190 1470 1243 30
1530 1187 1733 1244 civitas
1781 1191 1987 1261 Caper-

337 1293 534 1332 naum.
565 1276 802 1348 Efﬁgies
832 1276 1039 1332 formai
1070 1276 1232 1333 illius
1263 1284 1390 1334 erat
1410 1278 1789 1349 hujusmodi:
1830 1279 1984 1351 Mag-

339 1364 546 1420 nitudo
582 1369 822 1420 statura
882 1364 1045 1420 illius
1093 1364 1242 1437 justi
1274 1365 1534 1422 hominis
1592 1372 1737 1433 erat,
1790 1383 1984 1439 neque

340 1470 685 1509 mensuram
725 1469 1035 1524 superans,
1071 1469 1265 1525 neque
1323 1455 1385 1510 in
1442 1455 1809 1511 contrarium
1839 1455 1987 1512 deﬂ-

346 1543 535 1611 ciens,
566 1543 814 1598 minime
847 1543 1220 1600 redundabat
1258 1544 1538 1601 carnibus
1571 1564 1584 1614 ;
1618 1561 1834 1618 magna
1863 1550 1988 1600 erat

346 1647 519 1687 coma
548 1636 788 1702 totaque
821 1631 1179 1701 cincinnata,
1201 1632 1258 1687 id
1293 1633 1688 1701 est,revolutis
1719 1633 1984 1705 capillis;

346 1719 642 1787 intonsus,
671 1721 970 1777 infinitam
1014 1738 1229 1794 nempe
1262 1723 1565 1778 caesariem
1588 1722 1834 1789 habens,
1867 1723 1988 1779 sive

2081 554 2187 613 ἔτει
2219 557 2538 632 Αὐγούστου
2571 556 2859 634 Καίσαρος,
2891 559 2946 614 ἐν
2978 558 3237 633 Βηθλεὲμ
3291 565 3392 628 τῆς
3441 555 3736 628 Ἰουδαίας,

2080 647 2187 722 πρὸ
2238 646 2381 703 ὀκτὼ
2430 644 2725 705 Καλανδῶν
2803 648 3145 724 Ἰανουαρίων
3203 649 3341 705 κατὰ
3395 649 3734 722 Ῥωμαίους,

2081 736 2325 792 τουτέστι
2358 733 2679 812 Δεκεμϐρίῳ
2710 744 2804 795 κε’.
2840 733 3154 807 Εϐαπτίσθη
3187 734 3247 794 δί
3302 736 3351 793 λ’
3406 736 3523 799 ἔτος
3554 739 3735 812 ἄγων,

2083 824 2237 890 ἔτους
2256 824 2734 885 πεντεκαιδεκάτου
2765 822 3030 903 Τιϐερίου
3087 829 3383 905 Καίσαρος,
3441 829 3547 905 πρὸ
3576 825 3735 887 Ἰδῶν

2084 915 2435 991 Ἰανουαρίων
2494 917 2631 972 κατά
2685 917 3014 991 Ῥωμαίους,
3073 917 3105 974 ὅ
3159 917 3300 973 ἐστιν
3358 918 3738 994 Ἰανουαρ.ς⁹.

2088 1010 2180 1060 Δεῖ
2204 1001 2263 1060 δὲ
2311 1003 2598 1079 γινώσκειν
2630 1006 2713 1062 δτι
2763 1005 2986 1077 ἐκύησεν
3040 1003 3200 1063 αὐτὸν
3249 1006 3315 1062 τὸ
3371 1006 3509 1062 κατὰ
3562 1008 3743 1081 σάρκα

2087 1097 2123 1165 ἡ
2169 1093 2333 1156 πόλις
2384 1093 2658 1167 Βηθλεὶμ,
2717 1092 2979 1170 ἐθρέψατο
3040 1094 3099 1151 δὲ
3155 1098 3190 1166 ἡ
3247 1095 3413 1159 πόλις
3471 1097 3743 1166 Ναζαρὲτ,

2090 1178 2342 1258 ἢνδρωσε
2383 1178 2441 1237 δὲ
2495 1183 2587 1237 καὶ
2634 1188 2887 1259 κατεῖχεν
2928 1181 3017 1238 ἐπὶ
3075 1184 3316 1259 χρόνους
3372 1182 3424 1240 λ’
3478 1186 3515 1254 ἡ
3571 1184 3743 1246 πόλις

2093 1271 2481 1346 Καπερναούμ.
2555 1277 2615 1327 ’Π
2669 1269 2728 1327 δὲ
2805 1279 2907 1342 τῆς
2962 1280 3179 1351 μορφῆς
3262 1273 3429 1329 αὐτοῦ
3481 1272 3747 1352 ἰμφὶρεια

2091 1358 2276 1415 τοιάδε
2305 1361 2393 1431 ἦν’
2424 1361 2494 1416 Τὸ
2528 1362 2624 1434 μὶν
2654 1367 2753 1432 τῆς
2782 1360 3007 1432 ἡλικίας
3036 1361 3201 1418 αὐτοῦ
3254 1361 3501 1439 μέγεθος,
3530 1362 3750 1425 τέλειος

2095 1449 2258 1524 ἄνήρ,
2289 1448 2413 1505 οὕτε
2440 1451 2502 1505 τὸ
2536 1450 2734 1525 μέτρον
2761 1446 3106 1524 ὑπερϐαῖνον,
3160 1451 3284 1508 οὕτε
3322 1452 3459 1527 πρὸς
3515 1451 3748 1507 τούναν-

2093 1536 2209 1592 τίον
2240 1536 2702 1611 κατεσπασμὲνος,
2785 1535 3071 1614 ἀπέριττος
3127 1543 3248 1601 ταῖς
3295 1538 3478 1615 σαρξὶν
3539 1538 3747 1614 ὁπόκῃ,

2101 1628 2282 1701 [fort
2317 1625 2558 1703 ὑπῆρχε]
2597 1627 2697 1697 τὴν
2752 1628 2934 1701 κόμην
2995 1629 3189 1704 μέγας,
3248 1626 3414 1692 ὁλους
3470 1626 3601 1691 τοὺς
3648 1629 3747 1704 βο-

2098 1715 2392 1791 στρύχους,
2454 1715 2619 1791 ἤγουν
2679 1718 3145 1792 συνεστραμμένος
3227 1718 3367 1793 θρὶξ,
3453 1717 3753 1790 ιίκερσωιό⁴

346 1809 656 1883 promissis
687 1809 943 1882 capillis,
968 1810 1241 1866 bifariam
1272 1817 1409 1868 ante
1465 1812 1721 1868 frontem
1779 1811 1986 1869 discri-

2104 1826 2235 1879 μης,
2285 1806 2388 1875 τὴν
2417 1806 2599 1879 κόμην
2652 1801 2872 1882 ἔπειρον
2928 1801 3101 1883 ἔχων,
3157 1809 3330 1883 ἤγουν
3390 1807 3751 1882 ἀκοῦρευτον,

2107 1891 2130 1907 α
2209 1896 2236 1907 -
2355 1894 2369 1907 .
2477 1894 2490 1907 .
2588 1889 2599 1907 .
2911 1894 2923 1907 .
3067 1893 3086 1907 .
3185 1896 3205 1907 -
3383 1892 3407 1907 .
3706 1894 3720 1907 .

346 1898 607 1955 minatus
639 1899 1248 1967 cincinnos,nasutus.
1285 1900 1604 1970 subﬂavus,
1636 1902 1821 1974 nigris
1850 1919 1991 1958 ocu-

347 1988 540 2044 lorum
574 1988 841 2060 pupillis,
891 1988 1084 2062 longis
1116 1989 1336 2063 digitis,
1397 1990 1681 2047 mediocri
1706 1992 1990 2063 mystacio

348 2092 453 2133 seu
484 2074 777 2133 labiorum
809 2077 1137 2144 barba,non
1169 2078 1532 2134 demissione
1562 2080 1817 2152 pilorum
1840 2081 1996 2136 hanc

348 2166 727 2239 promittens,
785 2166 889 2222 sed
946 2166 1162 2224 decora
1204 2168 1587 2225 conversione
1617 2169 1994 2226 venerabilis.

348 2257 489 2312 Post
515 2258 584 2311 30
609 2272 799 2312 annos
823 2273 959 2312 vero
980 2273 1117 2312 cum
1150 2258 1472 2330 discipulos
1498 2259 1868 2332 elegisset,ac
1892 2276 1999 2332 per

348 2346 675 2402 triennium
706 2346 1089 2419 prmdicasset
1115 2346 1377 2403 divinum
1400 2353 1791 2421 sanctumque
1818 2351 1996 2405 Evan-

348 2435 589 2507 gelium,
614 2441 756 2491 tunc
794 2434 1035 2491 demum
1058 2438 1217 2492 cruci
1249 2437 1497 2493 sufﬁxus
1528 2443 1619 2494 est
1649 2446 1860 2511 sponte
1890 2457 1997 2512 pro

352 2524 527 2580 nobis
557 2524 665 2580 sub
696 2526 907 2580 Pontio
937 2526 1148 2595 Pilato,
1179 2542 1337 2582 anno
1370 2530 1436 2581 19
1479 2526 1696 2583 Tiberii
1727 2529 1996 2596 Caesaris,

354 2611 585 2667 decimo
609 2613 736 2668 Kal.
768 2613 1128 2685 Apriljuxta
1158 2615 1537 2677 Romanos.id
1569 2622 1661 2672 est
1690 2618 1879 2672 Martii
1903 2617 1997 2674 die

354 2702 424 2754 23
461 2699 611 2756 feria
641 2703 771 2756 6.Et
800 2717 935 2756 cum
967 2702 1389 2759 resurrexisset
1415 2705 2027 2777 mane,...Kal.Apri-‘

355 2788 518 2857 lis,id
543 2794 635 2845 est
664 2790 853 2845 Martii
879 2789 1128 2858 25,1'eria
1156 2791 1395 2854 Letiam
1417 2799 1760 2865 assumptus
1780 2795 1997 2851 iterum

354 2882 446 2934 est
475 2894 543 2934 eo
566 2878 724 2935 unde
754 2878 1166 2947 descenderat,
1199 2879 1294 2936 die
1325 2882 1500 2938 tertia
1534 2883 1664 2950 Mai,
1695 2883 1846 2940 feria
1872 2901 1922 2942 ν.

2104 1891 2239 1970 διχῇ
2273 1894 2408 1969 πρὸς
2436 1894 2500 1949 τὸ
2534 1889 2784 1968 μέτωπον
2842 1894 2970 1958 τοὺς
3023 1893 3350 1970 πλοκᾶμους
3380 1892 3754 1970 διεστραμμέ-

2102 2003 2217 2049 νος,
2248 1982 2543 2060 ἐπίῤῥινος,
2579 1984 2965 2057 ὑποξανθίζων,
3005 1986 3103 2048 τὰς
3158 1986 3325 2060 κόρας
3377 1989 3485 2040 τῶν
3541 1984 3751 2062 ὀφθαλ-

2109 2075 2228 2146 μῶν
2261 2070 2567 2149 pali-(pou:
2597 2075 2751 2147 [fort.
2822 2072 3215 2150 μελάγχρους,
3277 2072 3755 2150 μακροόἀκτολος,

2110 2160 2328 2238 μέτριος
2356 2162 2457 2230 τήν
2505 2162 2744 2233 ὑπήνην,
2802 2160 2969 2238 ἤγουν
3023 2163 3125 2232 τήν
3180 2161 3451 2242 γενειάδα,
3484 2163 3611 2220 οὒτε
3659 2185 3753 2219 τα-

2104 2250 2296 2320 νὸτητι
2345 2254 2452 2305 τῶν
2534 2256 2744 2327 τριχῶν
2816 2250 3017 2323 ταύτην
3099 2251 3527 2326 ἰπεσπασμένος,
3606 2251 3756 2309 ἀλλᾶ

2107 2343 2385 2418 συστροφῇ
2442 2343 2810 2415 κοσμιότητος
2876 2342 3300 2415 σεμνυνόμενος.
3361 2342 3512 2400 Μετὰ
3588 2340 3649 2397 δὶ
3706 2338 3757 2397 λ’

2106 2429 2325 2506 χρόνων
2382 2429 2748 2504 ἀλλεξὰμενος
2818 2431 3086 2505 μαθητὰς,
3133 2431 3223 2487 καὶ
3274 2432 3509 2509 κηρύξας
3567 2439 3749 2506 τριετῆ

2104 2519 2168 2573 τὸ
2217 2523 2359 2583 θεῖον
2414 2520 2505 2574 καὶ
2565 2520 2708 2596 ἱερὸν
2762 2519 3121 2597 1ἐύαγγέλιον,
3182 2520 3358 2584 οὕτως
3437 2520 3748 2597 ἐσταυρώθη

2108 2606 2370 2671 ἑκουσίως
2405 2609 2535 2684 ὑπὲρ
2597 2611 2758 2685 ἡμῶν
2790 2609 2879 2665 ἐπὶ
2940 2609 3168 2666 Ποντίου
3211 2609 3478 2679 Πιλάτου,
3507 2608 3659 2672 ἔτους
3692 2610 3753 2675 ια’

2106 2694 2364 2773 Τιϐερίου
2423 2701 2716 2776 Καίσαρος,
2770 2700 2876 2775 πρὸ
2934 2698 3064 2757 δέκα
3121 2699 3414 2757 Καλανδῶν
3485 2700 3753 2774 ’Δπριλλ.

2107 2789 2244 2845 κατᾶ
2270 2790 2601 2862 Ῥωμαίους,
2632 2789 2664 2846 ὅ
2693 2788 2803 2845 ἔστι
2836 2790 3017 2866 Μαρτ.
3057 2791 3161 2869 κγ’,
3193 2792 3379 2866 ἡμίρα
3422 2793 3483 2854 ς’*
3534 2792 3756 2854 ἀναστὰς

2109 2878 2167 2935 δὲ
2195 2878 2345 2953 πρωΐ
2403 2883 2559 2953 [fort
2618 2881 2748 2957 πρὸ]
2801 2878 3095 2938 Καλανδῶν
3154 2880 3448 2959 ’Δπριλλη
3514 2880 3759 2937 τουτέστι

2108 2975 2282 3045 Magn.
2306 2989 2390 3040 κε,
2419 2970 2604 3044 ἡμέρᾳ
2630 2971 2698 3044 α’,
2731 2971 2823 3026 καὶ
2847 2970 3125 3046 ἀνελήφθθ
3155 2969 3323 3027 πάλιν
3356 2971 3476 3036 ὅθεν
3498 2968 3764 3041 κατῆλθε,

2109 3061 2274 3136 Μαῒφ
2302 3062 2374 3137 γ’,
2403 3060 2587 3137 ἡμὶρςι
2614 3062 2674 3119 ε’.

364 3242 3765 3290 M

1846 3412 1997 3454 ANNO
2049 3410 2281 3452 INGIRTO

585 3599 1252 3786 GEOB
1278 3589 2018 3788 GIDES
2149 3587 3561 3782 MONAGHUS

1723 4097 2088 4153 EDITOBUM
2125 4094 2534 4152 ADMONITIO.

441 4300 764 4372 Georgidis,
781 4298 1041 4355 auctoris
1070 4297 1315 4352 incerta)
1348 4296 1744 4366 mtatis,quem
1779 4298 1974 4349 tamen
1997 4291 2215 4347 saeculo
2245 4307 2300 4344 ιι
2330 4288 2420 4343 vel
2450 4305 2526 4344 xu
2556 4287 2866 4360 scripsisse
2890 4286 3141 4342 fortasse
3163 4287 3297 4357 quis
3326 4282 3789 4358 conjiciet,liber

376 4391 438 4446 in
471 4388 808 4461 exemplum
840 4404 973 4444 esse
1003 4392 1200 4458 potest
1229 4383 1528 4441 scribendi
1588 4383 1753 4439 illius
1800 4381 2036 4455 generis
2092 4378 2251 4452 quod
2309 4378 2371 4433 in
2417 4377 2781 4433 deﬂorandis
2826 4376 3064 4448 scriptis
3093 4377 3335 4431 Patrum
3395 4373 3589 4430 medio
3635 4388 3787 4439 mvo,

374 4486 497 4535 tam
530 4480 591 4533 in
610 4477 850 4535 Oriente
873 4494 1052 4548 quam
1086 4476 1148 4530 in
1172 4474 1488 4532 Occidente
1520 4472 1805 4529 constitit.
1841 4473 2110 4542 Insuper,
2143 4469 2284 4541 quia
2307 4467 2637 4539 fragmenta
2665 4470 2943 4538 excerpta
3001 4482 3107 4521 suo
3165 4463 3393 4520 auctori
3436 4461 3783 4518 inscribun-

376 4575 493 4632 tur,
523 4568 776 4624 fortasse
800 4566 1126 4623 inservient
1154 4563 1478 4637 aliquando
1508 4562 1582 4619 ad
1614 4559 2022 4636 agnoscendos
2051 4564 2324 4643 auctores
2342 4574 2597 4628 quorum
2629 4557 2850 4627 scripta
2878 4570 3178 4627 anonyma
3208 4554 3417 4626 jacent
3444 4552 3503 4609 in
3529 4641 3541 4643 ξ
3558 4551 3785 4643 codici-

380 4659 491 4713 bus
523 4657 969 4730 manuscriptis.
1002 4654 1171 4712 Card.
1209 4656 1355 4727 Aug.
1393 4650 1807 4709 Mainonnulla
1837 4641 2168 4723 fragmenta
2198 4646 2333 4702 libri
2368 4645 2692 4717 Georgidis,
2724 4643 3068 4716 speciminis
3114 4643 3323 4716 gratia,
3357 4641 3599 4714 protulit
3632 4659 3647 4707 ;
3678 4657 3791 4697 nos

382 4747 678 4819 integrum
703 4745 920 4801 librum
952 4750 1086 4817 post
1116 4745 1181 4800 D.
1206 4742 1569 4799 Boissonade
1600 4740 1853 4797 edimus.

3964 0 4041 681 [
