4078 6204
431 408 584 469 1οἹ1

1741 398 2159 462 GEORGIDIS
2202 397 2565 463 MONACHI

3655 69 3688 82 ,ο

3689 409 3847 468 1072

497 543 628 597 Vita
657 545 777 596 tota
808 556 926 595 una
954 538 1080 594 dies
1111 541 1200 593 est
1231 535 1324 591 his
1355 535 1456 608 qui
1487 551 1623 592 cum
1652 551 1853 592 amore
1901 534 2063 591 labo«

2252 531 2374 594 Βίος
2405 535 2518 607 (82)
2552 530 2684 594 ὅλος
2713 531 2894 609 ⁴ἡμέρα
2929 531 3028 607 μία
3055 538 3172 597 τοῖς
3199 535 3354 608 πόοῳ
3383 536 3711 610 κάμνουσιν,

430 638 584 687 rant.

498 720 854 786 Volentium,
890 734 1008 772 non
1034 721 1396 784 coactorum,
1431 716 1546 772 tale
1577 721 1666 771 est
1696 715 1904 771 salutis
1936 730 2066 784 my-

429 811 695 864 sterium.

494 899 699 953 Melius
731 903 820 952 est
852 897 945 952 hic
977 896 1282 952 emendari
1318 902 1375 949 et
1405 895 1700 962 mundari,
1733 911 1915 966 quam
1949 892 2073 946 illic

422 989 485 1042 in
518 986 876 1058 supplicium
903 986 1166 1054 immitti,
1199 985 1302 1040 ubi
1329 1002 1516 1056 pmnaa
1549 990 1782 1056 tempus
1815 988 1924 1048 est,
1951 999 2071 1037 non

420 1075 880 1148 puriﬁcationis.

490 1166 812 1222 Terrestris
843 1165 1127 1220 habitatio
1147 1163 1427 1234 deprimit
1456 1168 1718 1218 mentem
1751 1162 1937 1218 multa
1967 1178 2069 1216 co-

422 1257 728 1328 gitantem.

493 1345 658 1400 Brevi
690 1345 751 1398 in
783 1343 1186 1415 suspicionem
1225 1343 1368 1398 mali
1417 1342 1615 1413 (cadit)
1650 1340 1807 1412 quod
1837 1340 1910 1395 ad
1943 1356 2070 1394 ma.

427 1436 569 1491 liam
601 1436 834 1490 excitat.

497 1525 704 1579 Melius
737 1528 824 1578 est
871 1524 1062 1578 verbis
1121 1523 1464 1595 injucundis
1513 1523 1700 1578 otium
1744 1521 1872 1577 sine
1913 1520 2069 1592 peri-

431 1613 584 1669 culo.

497 1703 704 1757 Nullus
737 1719 999 1773 unquam
1024 1703 1152 1757 sine
1183 1703 1300 1758 vita
1332 1702 1589 1773 inclytus
1619 1701 1752 1765 fuit,

500 1792 774 1856 Quamvis
794 1791 1169 1845 multiverbis
1189 1791 1340 1846 bene
1357 1791 1706 1846 sonantibus
1729 1788 2068 1855 micuerint;

501 1883 626 1936 Non
659 1881 818 1935 enim
851 1881 1197 1948 dicentium,
1232 1881 1334 1935 sed
1366 1881 1516 1935 bene
1560 1880 1881 1934 viventium
1914 1878 2070 1933 aasti-

1677 1969 1883 2041 [matio
1917 1969 2001 2023 ﬁt.

502 2059 708 2115 Melius
729 2059 933 2114 audire
957 2075 1157 2114 vocem
1178 2058 1609 2114 exhortationis
1632 2075 1810 2129 quam
1833 2073 2076 2112 narrare

434 2147 847 2218 impossibilia.

505 2239 945 2292 Proverbiorum.
982 2269 1046 2278 —
1102 2239 1280 2292 Grave
1337 2242 1424 2292 est
1481 2253 1686 2292 saxum
1741 2241 1800 2290 et
1824 2251 2077 2291 onerosa

431 2343 634 2394 arena,
668 2326 771 2382 sed
803 2328 890 2382 ira
920 2327 1084 2382 stulti
1116 2333 1368 2398 utroque
1397 2327 1646 2398 gravior.

501 2417 720 2488 Sagitta
751 2417 934 2472 inﬁxa
961 2417 1171 2472 femori
1203 2417 1418 2488 carnis,
1463 2417 1548 2472 sic
1588 2416 1833 2471 verbum
1864 2415 1925 2470 in
1956 2415 2072 2470 vis-

428 2507 661 2560 ceribus
689 2505 876 2560 stulti.

497 2596 822 2650 Consilium
864 2595 1089 2651 bonum
1113 2595 1407 2651 custodiet
1436 2599 1513 2661 te,
1546 2594 1822 2666 cogitatio
1872 2599 2071 2649 autem

423 2692 628 2740 sancta
650 2685 906 2740 servabit
937 2691 1012 2752 te,
1041 2691 1107 2739 ut
1135 2691 1304 2740 eruat
1328 2691 1381 2740 te
1405 2702 1440 2741 a
1468 2685 1560 2740 via
1590 2684 1746 2739 mala
1776 2689 1834 2738 et
1865 2683 1936 2738 ab
1965 2684 2073 2739 ho-

421 2775 581 2829 mine
615 2775 800 2830 infida
831 2775 1133 2846 loquente.

491 2864 716 2920 Altiora
748 2870 803 2920 te
824 2882 898 2918 ne
930 2864 1225 2935 exquiras,
1251 2869 1310 2918 et
1338 2862 1621 2919 validiora
1652 2869 1708 2918 te
1739 2880 1812 2918 ne
1845 2868 2068 2918 scrute-

419 2954 520 3012 ris.
555 2956 692 3020 Quae
719 2955 822 3008 tibi
855 2959 1151 3026 praecepta
1181 2959 1320 3008 sunt
1349 2954 1473 3009 haec
1505 2954 1734 3026 cogita;
1765 2969 1886 3008 non
1909 2952 2069 3006 enim

421 3061 568 3115 opus
601 3049 690 3100 est
717 3044 820 3099 tibi
844 3043 1112 3099 occultis.

489 3136 722 3190 Joannis
756 3150 770 3189 :

635 3225 825 3279 Vitam
857 3223 1207 3280 mutabilem
1238 3230 1408 3280 caute
1438 3241 1738 3297 percurre,

630 3314 840 3369 Multas
873 3315 1053 3378 enim,
1088 3313 1266 3381 nosti,
1299 3313 1575 3386 ambages
1603 3314 1848 3386 praebet,

486 3405 696 3460 Socors
735 3422 808 3460 ne
840 3405 921 3460 sis
952 3404 1025 3460 ad
1058 3404 1208 3459 bene
1240 3405 1557 3477 agendum,
1601 3405 1871 3460 socordia
1902 3407 2062 3461 enim

413 3493 825 3564 paenitentiam
867 3495 1064 3550 habet.

486 3583 614 3636 Vita
644 3583 990 3638 barathrum
1024 3589 1115 3638 est
1143 3588 1201 3638 et
1232 3583 1482 3654 laqueus
1513 3584 1738 3639 multis.

479 3671 670 3725 Vitam
702 3671 1015 3726 obscuram
1047 3673 1224 3726 homo
1259 3673 1495 3736 finiens,
1530 3674 1692 3728 curis
1734 3673 1938 3728 multis
1968 3689 2063 3728 oc-

411 3759 612 3829 cupari
647 3760 800 3814 bene
831 3777 953 3815 non
986 3767 1201 3832 potest.

481 3848 700 3902 Basilii.
729 3879 797 3889 -—
829 3848 1068 3904 Gravior
1105 3851 1268 3904 omni
1319 3867 1490 3921 pama
1521 3856 1577 3906 et
1607 3852 1768 3906 omni
1827 3868 2062 3907 carcere

413 3937 530 3992 vita
561 3953 693 4008 qua)
725 3955 860 3992 cum
893 3955 1139 4010 corpore
1173 3945 1284 4005 est,
1345 3939 1432 3994 illi
1479 3940 1580 4010 qui
1633 3940 1707 3996 ad
1741 3957 2062 4012 supernam

407 4026 586 4082 vitam
621 4027 829 4082 tendit.

483 4117 738 4173 Barbara
768 4118 1052 4186 amicitia,
1095 4125 1154 4175 et
1183 4119 1438 4175 barbara
1463 4119 1818 4193 benignitas.

480 4208 624 4261 Esca
658 4212 716 4261 et
741 4214 916 4278 potus
950 4209 1228 4264 humanae
1260 4209 1586 4264 debilitatis
1618 4209 1988 4282 adjumenta.

474 4387 912 4442 Alimentorum
938 4388 1367 4460 sumptuositas
1396 4394 1600 4462 guttur
1631 4389 1876 4461 quidem
1908 4390 2064 4450 dele.

404 4481 542 4542 ctat,
577 4477 766 4532 nutrit
795 4483 996 4532 autem
1039 4494 1299 4533 vermem
1355 4477 1768 4534 dissolutionis
1825 4496 2060 4552 semper

399 4565 658 4638 vigilem.

2089 3270 2137 3341 ϐ

2255 713 2357 766 14
2390 706 2774 783 Βουλομένων,
2807 708 2868 764 οὖ
2897 713 3366 786 τυραννουμένων,
3421 715 3484 768 τὸ
3533 717 3636 780 τῆς
3666 737 3847 786 σωτη-

2185 797 2302 873 ρίας
2333 801 2650 873 μυστήριον.

2255 886 2478 943 Βέλτιον
2524 891 2614 941 νῦν
2673 885 3032 959 παιδευθῆναι
3110 889 3199 945 καὶ
3259 892 3617 967 καθαρθῆναι,
3680 895 3717 962 ἢ
3769 898 3846 967 τῇ

2182 974 2378 1040 ἐκεῖθεν
2443 977 2659 1051 βασάνῳ
2733 983 3197 1057 παραπεμφθῆναι
3236 1025 3250 1051 ,
3309 980 3474 1051 ἡνίκα
3554 983 3844 1046 κολάσεως

2183 1069 2393 1144 καιρὸς,
2425 1070 2488 1125 οὗ
2520 1072 2860 1146 καθάρσεως.

2256 1158 2438 1234 Βρίθει
2468 1164 2577 1231 (83)
2623 1161 2686 1216 τὸ
2742 1159 2945 1236 γεῶδες
2977 1168 3176 1232 σκῆνος
3213 1167 3338 1218 νοῦν
3395 1163 3839 1245 πολυφρόντιδα.

2257 1336 2446 1412 Βραχὺ
2491 1341 2602 1412 (84)
2661 1339 2738 1403 εἷς
2794 1339 3051 1396 ὑπόνοιαν
3127 1346 3296 1397 κακοῦ
3342 1343 3406 1398 τὸ
3449 1344 3586 1419 πρὸς
3641 1343 3840 1399 κακίαν

2184 1423 2530 1496 δυσκίνητον.

2255 1515 2480 1574 Βέλτιον
2518 1521 2626 1572 τῶν
2661 1517 2738 1590 μή
2769 1519 2889 1573 καθ’
2945 1517 3152 1590 ἡδονὴν
3214 1519 3394 1596 λόγων
3456 1524 3490 1592 ἡ
3555 1521 3847 1586 ἀκινδυνος

2184 1605 2400 1675 ἡσυχία.

2256 1695 2388 1751 Βίου
2419 1697 2528 1768 (85)
2562 1695 2657 1768 μὶν
2691 1692 2868 1758 οὐδεὶς
2900 1697 3115 1762 πώποθ’
3149 1698 3339 1773 ὑψώθη
3375 1697 3529 1776 δίχα,

2257 1785 2434 1861 Λόγου
2465 1781 2522 1840 δὲ
2552 1781 2759 1841 πολλοὶ
2789 1791 2885 1841 τοῦ
2914 1785 3100 1850 καλῶς
3139 1789 3510 1866 ψοφουμὲνοψ

2251 1877 2330 1934 Οὐ
2363 1878 2466 1953 γὰρ
2501 1876 2841 1948 λαλούντων,
2889 1879 2944 1934 εὗ
2979 1879 3242 1956 βιούντων
3272 1879 3320 1936 δ’
3369 1884 3402 1953 ἠ
3437 1883 3619 1960 χάρις.

2254 2053 2479 2111 Βὲλτιον
2536 2056 2748 2111 ἀκούειν
2804 2059 2990 2131 φωνὴν
3046 2059 3359 2132 αἰνὲσεωςῆ
3395 2059 3662 2138 ἐξηγητὴν
3693 2063 3837 2119 εἶναι

2178 2147 2287 2197 τῶν
2314 2144 2443 2219 ὑπὲρ
2478 2142 2505 2200 ὃ
2513 2143 2604 2200 ύνα
2613 2167 2725 2218 μιν.

2253 2239 2598 2308 Παροιμιῶν.
2651 2235 2887 2306 -Βαρὺ
2920 2239 3033 2310 (86)
3081 2236 3236 2302 λίθος
3287 2238 3377 2293 καὶ
3435 2235 3831 2297 δυσϐάστακτον

2181 2320 2388 2396 ἄμμος⁸
2423 2324 2560 2400 ὁργή
2597 2321 2654 2379 δὲ
2684 2322 2916 2404 ἄφρονος
2949 2326 3215 2402 βαρυτέρα
3242 2329 3585 2405 ἂμφοτὲρων.

2254 2409 2422 2475 Βέλος
2451 2416 2564 2486 (87)
2593 2415 2840 2489 πεπηγὸς
2887 2413 2939 2468 ἐν
2977 2419 3140 2491 μηρῷ
3190 2419 3406 2492 σαρκὸς,
3463 2418 3635 2481 οὕτως
3667 2419 3840 2497 λόγος

2178 2499 2229 2554 ἐν
2253 2499 2439 2574 κοιλίᾳ
2472 2507 2684 2578 μωροῦ.

2249 2589 2435 2659 Βουλὴ
2468 2595 2574 2664 (88)
2604 2590 2746 2661 καλὴ
2780 2591 3004 2672 φυλάξει
3045 2614 3122 2664 σε,
3179 2592 3354 2650 ἔννοια
3412 2595 3470 2652 δὲ
3509 2597 3628 2653 ὁσία
3655 2600 3830 2672 τηρή-

2180 2700 2257 2734 σει
2313 2701 2396 2746 ιε,
2455 2678 2536 2736 ίῖνα
2583 2681 2810 2755 ῥύσηταί
2892 2703 2950 2738 σε
3006 2683 3112 2739 ἀπὸ
3170 2682 3300 2740 ὁδοῦ
3359 2689 3529 2757 κακῆς
3580 2689 3671 2742 καὶ
3723 2688 3829 2744 ἀπὸ

2177 2767 2366 2844 ἀνδρὸς
2392 2767 2694 2834 λαλοῦντος
2729 2769 2898 2845 μηδὶν
2939 2773 3152 2831 πιστόν.

2250 2859 2522 2935 Βαθύτερόί
2550 2865 2658 2934 (89)
2690 2863 2890 2935 σουμὴ
2948 2861 3152 2937 ἐρεύνα,
3201 2864 3291 2919 καὶ
3352 2863 3679 2942 ἲσχυρότερά
3731 2889 3822 2924 σου

2176 2950 2275 3008 I5
2311 2951 2387 3023 μή
2421 2949 2648 3021 ἐξέταζε.
2692 2953 2764 3010 "A
2823 2954 3136 3028 προσετάγη
3196 2975 3304 3024 σοι,
3359 2960 3525 3011 ταῦτα
3582 2955 3816 3012 διανοοῦ·

2175 3039 2238 3094 οὐ
2269 3038 2372 3115 γάρ
2404 3039 2516 3095 ἐστί
2546 3061 2630 3096 σοι
2663 3039 2823 3116 χρεία
2851 3045 2958 3096 τῶν
2986 3047 3257 3119 κρυπτῶν.

2249 3128 2524 3184 Ἰωάννου·

2318 3218 2446 3276 Βίον
2474 3219 2565 3273 τὸν
2597 3217 2910 3275 ἀλλοιωτὸν
2945 3216 3192 3285 εὐλαϐῶς
3225 3221 3394 3297 πὲρα·

2321 3307 2541 3368 Πολλὰς
2571 3307 2696 3382 γὰρ,
2728 3309 2906 3379 οἶσθα,
2931 3311 3026 3373 τὰς
3057 3313 3390 3387 περιτροπὰς
3416 3316 3585 3392 φέρει.

2244 3396 2451 3472 Βραδὺς
2484 3399 2560 3471 μή
2596 3394 2706 3461 ἴσθι
2747 3403 2858 3469 (90)
2905 3401 3044 3476 πρὸς
3092 3399 3359 3472 εὐποιΐαν,
3403 3402 3487 3459 ὅτι
3549 3404 3826 3480 βραδυτής

2177 3491 2539 3563 μεταμέλειαν
2574 3483 2713 3563 ἔχει.

2317 3579 2440 3641 Βίος
2476 3578 2743 3653 βάραθρον
2776 3579 2864 3632 καὶ
2896 3579 3058 3652 παγίς
3086 3577 3325 3646 πολλοῖς
3346 3579 3446 3636 ἔνι’

2246 3669 2368 3726 Βίον
2401 3666 2608 3739 ἄδηλον
2650 3665 2934 3742 ἄνθρωπος
2966 3665 3222 3740 διανῦων,
3279 3672 3530 3749 φροντίσι
3589 3671 3829 3736 πολλαῖς

2175 3755 2531 3832 ἀσχολεῖσθαι
2561 3754 2728 3811 καλὸν
2760 3755 2863 3811 οὐκ
2892 3754 2992 3813 ἔνι.

2247 3843 2528 3900 Βασιλείου
2564 3891 2577 3904 .
2637 3878 2708 3886 —
2766 3844 3037 3921 Βαρυτὲρα
3116 3845 3295 3916 πάσης
3369 3847 3654 3911 κολάσεως
3731 3849 3818 3903 καὶ

2174 3933 2554 4008 δεσμωτηρίου
2581 3932 2780 3996 παντὸς
2811 3935 2846 4004 ἡ
2883 3934 3017 4006 μετᾶ
3064 3939 3162 3991 τοῦ
3219 3938 3472 4010 σώματός
3532 3937 3670 3994 ἐστιν
3707 3936 3821 3994 δια-

2171 4020 2332 4099 τριϐὴ
2355 4025 2433 4091 τῷ
2465 4023 2797 4098 ἐπειγομένῳ
2826 4025 2960 4099 πρὸς
2985 4025 3086 4093 τὴν
3118 4024 3229 4079 ἅνω
3263 4029 3428 4098 ζωήν.

2245 4108 2581 4189 Βαρϐαρικὸν
2611 4111 2768 4190 φίλον
2798 4112 2888 4166 καὶ
2920 4106 3192 4188 ϐάρϐαρον
3222 4115 3286 4170 τὸ
3309 4114 3709 4196 φιλάνθρωπον·

2242 4207 2450 4278 Βρῶσις
2499 4201 2589 4256 καὶ
2653 4199 2812 4262 πόσις
2867 4207 2969 4271 τῆς
3053 4201 3380 4278 ἀνθροπὶνης
3432 4205 3700 4268 ἀσθενείας
3759 4209 3826 4262 τὰ

2176 4293 2589 4365 ὑπηρετήματα.

2244 4382 2553 4458 Βρωμάτων
2609 4379 2938 4438 πολυτέλεια
2986 4381 3186 4458 λαιμὸν
3223 4385 3316 4459 μὲν
3373 4384 3579 4460 τέρπει,
3635 4388 3824 4467 τρέφει

2172 4468 2228 4527 δὲ
2257 4469 2520 4542 σκώληκα
2551 4469 2844 4532 ἀκολασίας
2875 4471 3198 4546 ἀκοίμητον.

472 4627 860 4726 (ἰὴνῃεοειοηιί.
893 4689 960 4697 -
993 4657 1324 4714 Fascinatio
1383 4657 1737 4730 nugacitatis
1771 4659 2048 4717 obscurat

2234 4656 2332 4707 Γοῦ
2364 4650 2767 4726 Χρισοστόμου.
2828 4685 2898 4695 -
2953 4653 3223 4710 Βασκανία
3273 4656 3386 4728 (91)
3466 4652 3820 4736 φαυλότητος

401 4743 578 4799 bona.

475 4922 587 4998 (82)
626 4925 861 4998 Gregor.
923 4927 1268 4998 Naz.70rat.
1321 4943 1518 4990 xxvm,
1574 4945 1630 4998 p.
1691 4929 1793 4982 473
1843 4929 1902 4983 C.
1962 4929 2046 4984 Cf.

400 4992 634 5068 ἰαίνει-1η
661 4992 889 5068 Ἡμέρα.
920 4992 2046 5068 Meminitpaterlittera-tissimusTheo-

400 5063 904 5122 criteiversiculi:
955 5068 1021 5124 Οἱ
1081 5064 1138 5122 δὲ
1195 5063 1481 5131 ποθεῦντες
1532 5068 1584 5123 ὲν
1644 5068 1816 5142 ἤματι
1869 5071 2044 5146 γηρά-

398 5153 606 5191 σκουσι.

467 5208 578 5280 (83)
614 5209 746 5278 Sap.
783 5209 998 5266 Salom.
1035 5229 1111 5280 Ix,
1147 5213 1230 5268 15.

469 5277 580 5355 (84)
609 5277 822 5355 (Ξοδθκσ
861 5280 1072 5355 βραχῆς
1099 5277 1200 5352 (ὁ).

396 5418 409 5431 .
465 5351 577 5431 {85)
617 5351 766 5431 G_re_g
814 5351 1184 5431 uagum.
1239 5356 1465 5431 ἥϐης).
1526 5355 1674 5431 sunt
1721 5356 1782 5411 hi
1838 5373 2040 5431 versus

393 5424 550 5476 inter
571 5424 796 5479 scholia
826 5425 888 5479 in
917 5424 1256 5494 Climacum,
1290 5443 1347 5498 p.
1370 5426 1494 5496 468,
1517 5426 1620 5481 ubi
1641 5444 1748 5499 pro
1772 5428 2039 5483 oratione

2169 4744 2408 4816 ἀμαυροῖ
2435 4741 2500 4796 τὰ
2527 4741 2691 4796 καλά.

2159 4925 2317 4980 solut
2341 4921 2525 4979 habiti
2557 4921 2630 4978 ab
2663 4921 2886 4980 editore
2919 4923 3188 4981 fuerunt.

2228 4999 2340 5068 (86)
2374 5001 2549 5068 Prov.
2571 5012 2742 5060 xxvu,
2776 4997 2829 5049 3.

2227 5067 2340 5140 (8‘7)
2373 5067 2596 5122 Sirach.
2631 5083 2746 5130 ιιι.
2794 5069 2886 5140 12.

2225 5137 2335 5209 (88)
2363 5141 2628 5211 Prov._u,
2663 5141 2748 5194 11.
2782 5138 2922 5194 Cod.
2966 5137 3207 5211 ῥύσεται.

2222 5207 2334 5284 (89)
2384 5209 2624 5265 Sirach.
2684 5225 2746 5264 ιιι
2784 5251 2798 5277 ,
2849 5207 3099 5277 21,ὐὺὶ
3157 5207 3521 5287 χαλεπώτερᾶ
3576 5233 3673 5268 σου
3737 5214 3820 5286 μὴ

2155 5285 2324 5353 ζήτεμ

2245 5355 2336 5420 90)
2367 5351 2562 5408 Codex
2603 5351 2781 5407 habet
2809 5347 2974 5420 ἥσθη.

2245 5358 2313 5410 90
2367 5355 2562 5408 Codex
2603 5355 2781 5407 habet
2809 5355 2972 5420 ἥσθη.

2220 5355 2336 5498 (91)
2360 5424 2492 5496 Sap.
2527 5423 2745 5479 Salom.
2776 5440 2852 5493 iv,
2885 5427 2972 5478 12.

463 5655 537 5724 (ὁ)
568 5657 695 5734 Nec
715 5655 896 5730 βραχὺ
927 5656 1157 5734 bonum
1173 5663 1279 5734 est.
1315 5659 1587 5734 Reponas
1621 5653 1814 5734 βραδὺ,
1845 5663 1914 5734 ut
1942 5664 2063 5734 est”;

2248 5656 2589 5734 Gregorium
2623 5655 2750 5734 Naz.
2768 5656 2876 5734 ρι’.
2907 5673 3050 5734 vui,
3106 5673 3240 5734 pag.
3295 5662 3416 5716 147.
3445 5659 3810 5734 {Per-mutari

463 5675 537 5724 (af
568 5675 682 5712 nec
715 5675 896 5730 ppam
927 5675 1149 5714 nonum
1173 5675 1279 5714 est.
1315 5675 1587 5731 ueponas
1621 5675 1814 5734 ppaOU,
1845 5675 1914 5714 ιιι
1942 5675 2213 5732 est,apua
2248 5675 2589 5730 uregorium
2623 5675 2750 5711 μοι.
2781 5675 2876 5713 ur.
2939 5675 3050 5725 Vlll,

390 5725 518 5782 haec
538 5730 783 5786 nomina
804 5731 998 5787 notavi
1030 5730 1103 5786 ad
1134 5731 1406 5788 Aristaan.
1444 5731 1599 5788 Adde
1631 5730 2077 5788 Rittershusad
2111 5732 2312 5788 isidor.
2339 5733 2514 5786 Petus
2546 5744 2627 5797 ιιι,
2665 5731 2722 5783 11
2761 5730 2849 5784 Ea:
2879 5675 3145 5786 Addend?
