4112 6208
378 359 535 420 1087

1655 358 2070 425 GEORGIDIS
2112 358 2502 422 MONACHI.

3631 363 3787 423 1088

377 501 497 551 tem
529 511 604 550 ne
635 512 786 569 aegre
808 497 983 552 feras.
1014 495 1219 551 Melius
1243 495 1403 552 enim
1426 514 1603 568 quam
1629 515 1738 554 nos
1765 497 2024 570 provide-

2173 491 2452 566 ιιευομένῳ
2492 488 2548 546 δὲ
2579 493 2655 564 μὴ
2699 488 3033 570 δυσχέραινε.
3065 492 3317 565 Ἄμεινον
3348 497 3462 563 (78)
3491 495 3595 570 γὰρ
3644 496 3679 564 ἦ
3711 497 3786 556 ὡς

381 586 568 641 rimus
601 586 980 641 administrat
1004 586 1158 640 Deus
1190 603 1320 656 qua;
1353 593 1558 642 nostra
1580 594 1738 643 sunt.

595 677 739 731 Saevi
768 676 1076 739 dracones,
1111 675 1340 731 callida:
1375 684 1514 732 sunt
1544 678 1781 750 aspides
1807 695 1820 731 :

597 765 699 818 Est
728 764 1087 818 feminarum
1118 765 1202 819 vis
1235 765 1450 837 duplex
1486 767 1642 821 inter
1663 767 1838 824 feras.

457 853 808 908 Luctuosum
841 853 1068 908 tardius
1099 855 1459 924 consultare,
1493 863 1550 912 et
1581 862 1720 912 tunc
1770 873 1901 928 quae
1954 857 2028 912 ad

385 942 638 998 salutem
670 947 810 996 sunt
838 944 1196 1014 perspicere.

449 1034 617 1103 Egre
638 1033 849 1103 recipit
870 1032 1091 1087 bonum
1117 1033 1380 1089 humana
1401 1041 1634 1103 natura,
1650 1036 1809 1090 velut
1830 1037 2027 1108 ignem

381 1120 684 1176 humidius
719 1121 962 1194 lignum.
999 1123 1192 1177 Parati
1223 1122 1295 1178 ad
1329 1124 1548 1179 malum
1609 1124 2025 1196 excipiendum

382 1209 652 1282 plerique
685 1217 743 1266 et
773 1211 991 1266 idonei.

453 1301 698 1370 Oportet
727 1306 894 1370 aptos
927 1317 1056 1355 esse
1081 1300 1155 1356 ad
1191 1302 1622 1358 transeundum
1654 1303 1728 1358 ad
1751 1304 1964 1360 melius
1995 1321 2030 1360 a

380 1390 604 1460 pejore,
637 1390 892 1444 aversari
952 1396 1150 1445 autem
1181 1407 1215 1446 a
1247 1391 1612 1448 transeundo
1661 1392 1734 1448 ad
1794 1395 1965 1466 pejus
1995 1410 2029 1449 θ.

383 1477 636 1532 meliori.

379 1566 590 1621 Servus
624 1567 771 1622 mihi
803 1569 998 1624 omnis
1045 1585 1280 1641 pravus,
1327 1570 1480 1628 liber
1516 1571 1787 1644 quisquis
1833 1573 2027 1628 bonus

333 1663 336 1666 ’
1826 1665 1954 1728 (est.

450 1745 668 1801 Basilii.
703 1779 770 1787 —
799 1749 965 1818 Egre
1004 1750 1198 1820 agitur
1249 1750 1322 1804 ad
1379 1751 1655 1806 virtutem
1714 1751 2026 1806 hominum

382 1851 591 1906 genus,
625 1852 692 1890 eo
729 1837 886 1907 quod
919 1854 1074 1909 saepe
1105 1838 1179 1892 ad
1210 1839 1569 1910 voluptatem
1599 1841 1942 1898 inclinatur.

451 2013 833 2068 Intractabile
855 2014 1176 2071 admodum
1211 2017 1540 2072 inimicitiae
1562 2035 1747 2091 genus
1773 2025 1862 2075 est
1879 2020 2028 2075 invi-

379 2101 511 2168 dia;
550 2118 691 2158 nam
731 2103 906 2158 aliter
935 2106 1176 2176 quidem
1233 2107 1499 2162 infensos
1549 2109 2029 2165 mansuefaciunt

379 2191 697 2258 beneﬁcia,
730 2193 1090 2249 invidiosum
1124 2201 1320 2252 autem
1357 2202 1414 2251 et
1437 2198 1574 2252 vitio
1593 2198 1856 2253 deditum
1873 2199 2028 2256 bona

382 2280 584 2336 officia
613 2283 801 2354 magis
829 2284 1232 2340 exstimulant.

453 2369 610 2425 Duas
640 2371 747 2425 tibi
782 2389 909 2427 esse
943 2373 1096 2428 filias
1122 2381 1349 2446 reputa,
1382 2375 1726 2432 felicitatem
1758 2379 1819 2432 in
1847 2382 2026 2443 terra,

383 2465 441 2515 et
470 2459 646 2515 vitam
679 2460 740 2516 in
791 2461 974 2517 oculis.
1019 2464 1075 2518 Si
1125 2464 1394 2520 nolueris
1442 2466 1644 2520 omnia
1699 2466 2025 2522 concedere

382 2548 622 2617 minori,
656 2549 850 2604 divide
884 2552 1195 2622 aequaliter
1223 2554 1381 2609 inter
1403 2554 1721 2610 indocilem
1745 2559 1947 2611 natam
1970 2559 2029 2611 et

379 2638 733 2709 sapientem,
766 2656 841 2694 ne
892 2639 1045 2696 hanc
1103 2649 1461 2714 prmsentem
1519 2644 1696 2698 vitam
1751 2644 2025 2700 ditiorem

383 2728 684 2796 exhibeas,
717 2729 964 2784 alteram
996 2736 1193 2786 autem
1225 2732 1448 2788 nudam
1471 2733 1561 2788 vel
1582 2734 1796 2804 pannis
1815 2734 2026 2789 laceris

380 2818 670 2872 indutam.

451 2907 598 2962 lusti
625 2907 850 2978 judicis
883 2914 972 2964 est
1001 2910 1262 2981 aequales
1292 2929 1398 2983 pro
1431 2912 1764 2983 mqualibus
1794 2913 2026 2969 delictis

386 3013 590 3068 pmnas
621 3013 742 3052 non
773 2999 1100 3070 assignare.
1133 3001 1237 3056 sed
1269 3002 1368 3072 qui
1399 3003 1542 3058 mali
1564 3003 1792 3074 primus
1823 3009 2027 3058 auctor

385 3092 495 3152 est,
530 3085 666 3142 huic
693 3103 907 3159 augere
938 3088 1274 3146 debitorum
1308 3091 1693 3158 solutionem,
1722 3093 1771 3147 si
1813 3093 2026 3150 debeat

380 3175 481 3230 ille
515 3176 701 3247 prunis
731 3178 946 3233 melior
990 3178 1139 3246 fieri,
1200 3186 1261 3235 et
1315 3187 1560 3237 caeteros
1607 3183 2024 3254 prudentiores

383 3281 486 3319 suo
518 3266 788 3336 exemplo
819 3267 1076 3324 efﬁcere.

451 3448 800 3506 Divitiarum
833 3452 1289 3519 incrementum,
1325 3471 1644 3526 egenorum
1677 3473 1839 3512 cura.

456 3539 681 3593 Bonum
715 3556 886 3611 posse
915 3547 974 3596 et
1009 3559 1127 3597 non
1183 3543 1377 3598 facere
1429 3545 1678 3600 minime
1730 3546 2028 3602 laudabile

386 3628 514 3688 est;
545 3625 604 3678 id
637 3625 796 3679 enim
827 3626 1102 3680 invidiosi
1137 3634 1228 3682 est
1255 3629 1345 3682 vel
1376 3630 1548 3700 pigri.

455 3714 703 3779 Evagrii.
734 3744 805 3752 —
840 3719 1194 3768 Luctuosum
1222 3722 1311 3770 est
1341 3733 1556 3788 magna
1604 3719 1825 3774 sentire
1871 3720 2030 3775 hunc

385 3797 486 3866 qui
519 3814 695 3867 parva
727 3800 866 3870 agit.

458 3885 701 3956 Oportet
725 3886 815 3940 vel
839 3887 1014 3943 malis
1037 3887 1387 3944 benefacere
1409 3907 1529 3946 non
1553 3893 1692 3963 quia
1713 3894 1853 3948 mali
1872 3900 2029 3962 sunt,

390 3973 492 4028 sed
525 3974 665 4044 quia
693 3975 969 4031 homines
1002 3983 1234 4033 natura.

459 4064 702 4134 Oportet
732 4065 824 4120 his
855 4083 986 4136 qua:
1018 4083 1126 4138 per
1157 4067 1332 4124 verba
1353 4069 1504 4124 ﬂunt
1522 4071 2032 4130 exhortationibus

387 4152 804 4224 delinquentes
831 4172 1061 4226 parere,
1095 4174 1169 4212 ne
1200 4157 1292 4212 his
1325 4175 1456 4229 quas
1489 4177 1594 4231 per
1622 4177 1801 4233 opera
1818 4163 2036 4218 dantur

386 4241 694 4298 doloribus
725 4245 910 4300 semel
943 4245 1263 4317 aliquando
1295 4248 1657 4304 crucientur.

458 4334 701 4404 Oportet
725 4351 758 4388 a
790 4334 911 4389 viro
945 4353 1120 4406 pravo
1153 4335 1311 4392 bona
1339 4353 1457 4392 non
1476 4356 1683 4412 rogare
1709 4357 1722 4407 ;
1747 4340 1905 4396 mala
1925 4357 2031 4396 au-

387 4429 505 4479 tem
533 4425 730 4495 potius
760 4431 999 4497 rogatus
1031 4431 1239 4497 sponte
1271 4427 1577 4498 praebebit.

461 4514 701 4584 Oportet
733 4530 794 4568 se
827 4515 1225 4586 voluptatibus
1265 4521 1451 4571 totum
1505 4534 1626 4572 non
1677 4519 1910 4589 dedere,
1966 4535 2033 4574 eo

391 4604 547 4675 quod
580 4621 818 4660 amarus
844 4622 942 4660 eas
975 4607 1112 4661 finis
1143 4607 1377 4678 excipit.

463 4694 705 4764 Oportet
745 4711 944 4748 rerum
1007 4695 1216 4750 ﬁnesa
1246 4696 1418 4751 nobis
1472 4697 1802 4768 preavideri,
1851 4703 1909 4753 et
1955 4700 2036 4754 itu

387 4799 593 4838 earum
626 4783 956 4855 gestionem
992 4785 1313 4856 suscipere.

456 4943 937 5020 (78):.lanrsupra
969 4945 1031 4998 in
1062 4948 1131 5014 Α,
1167 4945 1274 5000 sub
1343 4945 1620 5018 Ἀμεινον,
1682 4967 1736 5020 p.
1789 4950 1840 5004 6.
1898 4948 2040 5002 Cod-

383 5014 817 5089 wpovouo'ipsﬂa.

457 5088 566 5157 (79)
600 5088 766 5157 Greg-
803 5088 930 5141 Naz.
971 5093 1007 5140 ιτ
1046 5089 1112 5144 ll.
1147 5106 1202 5158 p.
1243 5091 1364 5142 155.
1994 5151 2002 5154 _

459 5160 569 5239 (8.9)
594 5159 755 5239 Greg.
795 5159 1054 5239 Nazianz.
1091 5160 1248 5239 Orat.
1282 5176 1370 5239 ξι,
1408 5178 1466 5239 p_:
1502 5163 1674 5239 ﬁli/ip
1706 5161 1850 5239 :"ubi
1885 5168 2039 5239 ante

384 5230 585 5284 addita
617 5235 707 5284 est
739 5232 1049 5299 sententiae
1083 5232 1373 5299 clausula,
1409 5229 1525 5286 “ὅτε
1575 5231 1673 5285 οὐκ
1724 5229 1836 5287 ἔστι
1885 5229 2040 5292 λίσις

385 5299 612 5372 ζημίας,
645 5319 695 5353 κ.
732 5321 780 5354 τ.
816 5297 871 5354 λ.

457 5374 568 5441 (81»
599 5372 680 5426 Id.
712 5373 869 5427 Orat.
907 5390 941 5437 ι,
980 5390 1034 5443 p.
1069 5378 1099 5427 6
1137 5379 1199 5427 Ι).

458 5439 564 5512 (82)
621 5443 816 5518 (ξρᾱως
872 5439 1027 5518 11λὸ8,
1091 5462 1144 5515 p.
1206 5446 1313 5518 48]
1380 5439 1544 5518 Δύσλ.
1598 5443 1705 5518 ,μὲν
1759 5444 1820 5496 τὸ
1879 5443 2041 5518 ἀγ....

388 5509 602 5585 ἕτοιμοι
637 5509 694 5566 δὲ
724 5515 814 5566 καὶ
848 5514 984 5585 πρὸς
1012 5509 1062 5566 τ.
1091 5509 1148 5567 τ.
1180 5533 1236 5565 κ.
1270 5509 1526 5586 ἐργασίαν
1563 5509 1620 5566 οἳ
1646 5510 1790 5570 πλ...

461 5587 572 5654 (83)
605 5587 771 5656 Greg.
807 5589 1017 5656 Nn‘z._t._
1043 5586 1118 5656 I_l._
1148 5601 1207 5653 p.
1255 5585 1355 5637 127

461 5649 573 5727 (84)
604 5649 818 5722 Codex,
851 5653 966 5722 εἰμὶ
999 5649 1280 5712 θελίσίς...
1313 5652 1616 5727 κρείττονες
1652 5657 1737 5711 sic
1765 5655 2048 5712 librarius

394 5725 571 5778 solet.

2139 579 2198 635 ἄν
2229 583 2394 656 ἡμεῖς
2427 580 2760 654 προνοίμεθα
2793 576 2990 634 διοικεῖ
3017 580 3146 640 Θεὸς
3175 581 3241 636 τὰ
3271 579 3534 656 ἡμέτερα.

2208 670 2386 726 Δεινὸν
2415 673 2529 744 (‘79)
2565 667 2849 743 δράκοντες
2879 671 2972 724 καὶ
3003 675 3308 748 κακοῦργον
3327 669 3571 732 ἀσπίδεςο

2209 757 2386 829 Διπλῆ
2423 760 2680 836 γυναικὸς
2713 756 2958 829 δεινότης
2999 749 3055 814 ἐν(
3081 762 3314 834 θηρίοις.

2208 849 2390 904 Δεινὸν
2427 853 2538 922 (80)
2587 845 3002 924 ὑστεροϐουλία,
3061 849 3152 905 καὶ
3210 850 3272 904 τὸ
3329 856 3626 921 τηνικαῦτα
3683 860 3788 922 τῆς

2099 969 2107 978 υ
2136 961 2285 1008 σωτη
2297 961 2324 1014 ρ
2336 940 2415 999 ίας
2447 939 2812 997 αἰσθάνεσθαι.

2207 1027 2531 1098 Δύσληπτον
2564 1032 2677 1096 (81)
2726 1028 2788 1083 τὸ
2846 1026 3050 1104 ἀγαθὸν
3107 1031 3175 1102 τῇ
3238 1027 3549 1104 ἀνθρωπίνῃ
3609 1029 3788 1109 φύσει,

2133 1117 2313 1194 ὥσπερ
2344 1117 2435 1173 καὶ
2467 1123 2574 1190 πῦρ
2607 1115 2713 1192 ὕλῃ
2749 1121 2818 1183 τῆ
2853 1115 3139 1193 ὑγροτέρᾳ.
3192 1119 3453 1190 Ἐτοιμοι
3503 1119 3637 1193 πρὸς
3685 1122 3790 1190 τήν

2133 1213 2232 1264 τοῦ
2261 1213 2435 1263 κακοῦ
2466 1207 2757 1281 μετουσίαν
2787 1207 2839 1260 οἱ
2870 1205 3121 1262 πλεῖστοι
3153 1210 3263 1279 (82)
3294 1207 3385 1262 καὶ
3420 1205 3744 1279 ἐπιτήδειοι.

2205 1299 2306 1354 80
2337 1295 2462 1352 Δέον
2492 1297 2948 1369 εὐμετακινήτους
2983 1296 3076 1367 μὲν
3117 1297 3251 1350 εἶναι
3310 1297 3448 1370 πρὸς
3494 1296 3556 1352 τὸ
3602 1303 3788 1372 κρεῖτ-

2133 1410 2225 1443 τον
2254 1388 2360 1443 ἀπὸ
2393 1392 2489 1444 τοῦ
2521 1389 2794 1462 χείρονος,
2844 1386 3134 1458 ἀκινήτους
3191 1384 3247 1441 δὲ
3303 1387 3440 1460 πρὸς
3487 1392 3551 1442 τὸ
3599 1392 3790 1462 χεῖρον

2133 1477 2240 1532 ἀπὸ
2271 1481 2368 1532 τοῦ
2402 1475 2704 1552 βελτίονος.

2205 1565 2410 1627 Δοῦλος
2442 1569 2552 1640 (83)
2581 1564 2706 1640 ἐμοὶ
2740 1569 2842 1626 πᾶς
2873 1565 3082 1635 σκαιὸς,
3113 1563 3397 1640 ἐλεύθερος
3455 1566 3602 1628 ’ὅστις
3661 1565 3790 1641 ἄρι-

3536 1657 3709 1729 [στος.

2207 1743 2518 1802 Βασιλείου.
2555 1779 2624 1787 -
2681 1745 3010 1822 Δυσάγωγόν
3066 1743 3206 1800 ἐστιν
3263 1746 3398 1816 πρὸς
3461 1744 3662 1819 ἀρετὴν
3717 1749 3784 1800 τὸ

2055 1863 2100 1926 Β
2133 1833 2284 1913 γένος
2313 1841 2420 1890 τῶν
2451 1834 2768 1910 ἀνθρώπων,
2820 1831 2908 1889 διὰ
2956 1835 3018 1890 τὸ
3067 1836 3202 1909 πρὸς
3259 1831 3459 1904 ἡδονὴν
3507 1832 3785 1898 πολλάκις

2132 1924 2439 2002 ἐπιρῥεπές.

2205 2015 2867 2090 Δυσμεταχειριστότατον
2898 2009 3102 2091 ἔχθρας
3133 2009 3277 2074 εἶδος
3310 2013 3338 2066 ὁ
3369 2013 3584 2092 φθόνος·
3645 2011 3774 2071 τοῦς

2135 2105 2229 2178 μὶν
2259 2105 2362 2180 γὰρ
2395 2102 2579 2164 ἄλλως
2641 2100 2920 2176 δυσμενεῖς
2979 2101 3364 2176 ἡμερωτέρους
3417 2105 3662 2156 ποιοῦσιν
3717 2101 3773 2154 αἱ

2135 2192 2456 2268 εὐεργεσίαι,
2485 2193 2577 2247 τὸν
2637 2193 2905 2266 βάσκανον
2942 2189 2999 2246 δὲ
3037 2191 3127 2246 καὶ
3177 2193 3429 2262 κακοήθη
3477 2192 3541 2246 τὸ
3592 2190 3774 2250 καλῶς

2131 2289 2321 2347 παθεῖν
2351 2280 2518 2337 πλέον
2549 2281 2939 2357 προσερεθίζει.

2205 2374 2310 2427 Δύο
2339 2394 2426 2427 σοι
2472 2373 2700 2447 νόμισον
2757 2373 2898 2426 εἶναι
2955 2369 3274 2448 θυγατέρας,
3333 2372 3433 2440 τήν
3494 2369 3774 2424 εὐπάθειαν

2131 2464 2230 2533 τὴν
2263 2459 2469 2531 ἐνθάδε,
2502 2461 2592 2516 καὶ
2625 2462 2724 2531 τὴν
2761 2463 2904 2530 ζωὴν
2953 2461 3053 2529 τήν
3102 2459 3153 2514 ἐν
3211 2465 3328 2520 τοῖς
3377 2459 3652 2536 οὐρανοῖς.
3711 2457 3776 2515 Et

2137 2555 2213 2628 μὴ
2249 2554 2500 2623 θελήσεις
2533 2553 2598 2606 τὰ
2630 2552 2804 2606 πάντα
2836 2547 3017 2605 δοῦναι
3047 2553 3117 2622 τῇ
3167 2551 3434 2625 κρείττονι
3491 2551 3626 2622 (84),
3678 2546 3778 2623 μέ-

2135 2664 2281 2718 ρισον
2311 2642 2490 2713 έξίσης
2538 2646 2606 2716 τῇ
2633 2663 2692 2697 τε
2723 2639 3012 2714 ἀκολάστῳ
3071 2637 3223 2696 παιδὶ
3278 2640 3369 2695 καὶ
3416 2643 3484 2714 τῇ
3517 2640 3779 2720 σώφρονι,

2137 2735 2214 2808 μὴ
2245 2735 2345 2802 τὴν
2379 2729 2608 2787 ἐνταῦθα
2659 2727 2943 2808 διαγωγὴν
2997 2727 3376 2804 ὑπέρπλουτον
3427 2730 3628 2802 δείξῃς,
3675 2751 3781 2805 γυο

2137 2825 2270 2898 μνήν
2305 2821 2363 2878 δέ
2391 2828 2492 2892 τὴν
2522 2820 2702 2892 ἄλλην
2733 2823 2824 2877 καὶ
2857 2819 3070 2894 ῥακέοις
3100 2821 3507 2900 ἠμφιεσμένην.

2205 2914 2426 2969 Δικαίου
2459 2915 2566 2985 (85)
2598 2916 2787 2984 κριτοῦ
2835 2909 2976 2966 ἐστιν
3016 2909 3134 2972 ἴσας
3172 2909 3310 2984 πρὸς
3359 2909 3480 2972 ῗσας
3531 2909 3606 2982 μή
3659 2909 3780 2984 ὁρί-

2133 3003 2239 3066 ζειν
2299 2995 2395 3055 τὰς
2453 2990 2771 3061 ἀντιδόσεις,
2832 2990 2958 3048 ἀλλ’
3016 2992 3225 3068 ἀνάγκη
3283 2992 3375 3047 τὸν
3442 2992 3779 3066 κατάρξαντα

2132 3090 2229 3142 τοῦ
2261 3087 2436 3140 κακοῦ
2469 3085 2604 3157 μετά
2633 3084 2954 3158 προσθήκης
3000 3080 3257 3136 ἀποτῖσαι
3303 3081 3370 3135 τὰ
3424 3078 3778 3157 ὀφειλόμενα,

2137 3175 2182 3230 εἰ
2217 3171 2416 3248 μέλλοι
2447 3171 2608 3232 αὐτός
2649 3192 2707 3226 τε
2734 3177 2854 3232 ταῖς
2909 3171 3201 3246 τιμωρίαις
3253 3167 3486 3244 βελτίων
3536 3169 3781 3242 γενέσθαι

2140 3227 2180 3230 -.
2596 3227 2607 3232 ,
2841 3227 2851 3232 -
2970 3227 2980 3246 ,
3063 3227 3072 3245 ,
3189 3227 3263 3244 -,
3549 3227 3560 3242 ,
3697 3227 3715 3232 -

2055 3227 2099 3294 C
2135 3262 2385 3327 καὶτοὺς
2414 3260 2643 3324 λοιποὺς
2703 3258 3170 3340 σωφρονεστέρους
3219 3260 3466 3329 ποιήσειν
3524 3262 3602 3330 τῷ
3654 3256 3786 3312 ὑπο-

2134 3351 2408 3429 δείγματι.

2205 3441 2542 3497 Δανειστικὸν
2578 3441 2688 3512 (86)
2717 3438 2962 3494 πλούτου
2995 3440 3029 3508 ἡ
3063 3436 3320 3512 θεραπεία
3350 3443 3458 3494 τῶν
3479 3435 3777 3508 δεομένων.

2208 3530 2474 3594 Δύνασθαί
2505 3551 2554 3584 τι
2586 3527 2753 3584 καλὸν
2798 3528 2886 3583 καὶ
2941 3529 3018 3602 μή
3066 3532 3245 3612 ποιεῖν
3295 3526 3396 3582 οὐκ
3453 3524 3777 3582 ἐπαινετέον·

2135 3617 2170 3689 ἤ
2203 3620 2305 3696 γὰρ
2339 3622 2599 3694 φθονεροῦ
2629 3622 2816 3685 τοῦτο,
2847 3617 2882 3687 ἢ
2911 3617 3103 3693 ἀργοῦ.

2207 3713 2300 3767 3|
2341 3707 2638 3784 Εὐαγρίου.
2696 3740 2760 3750 -—
2810 3706 2986 3761 Δεινόν
3043 3705 3152 3760 ἐστι
3216 3706 3355 3780 μέγα
3412 3708 3629 3782 φρονεῖν
3689 3724 3785 3775 μι-

2135 3800 2238 3874 κρὰ
2277 3798 2598 3872 ⁸τριίττοντα.

2208 3889 2334 3945 Δέον
2362 3887 2453 3943 καὶ
2483 3893 2675 3949 κακοῖς
2708 3888 2764 3942 εὖ
2793 3892 2988 3954 ποιεῖν,
3023 3885 3086 3940 οὗ
3144 3887 3262 3941 καθ’
3321 3884 3350 3939 ὃ
3403 3883 3566 3938 κακοί
3626 3882 3781 3950 εἰσιν,

2138 3982 2255 4036 καθ’
2287 3980 2317 4033 ὅ
2349 3976 2406 4033 δέ
2436 3976 2708 4053 ἅνθρωποι
2741 3975 2915 4054 φύσει.

2210 4074 2325 4124 Δεῖν
2353 4071 2470 4128 ταῖς
2517 4067 2575 4121 ἐκ
2634 4066 2816 4140 Λόγων
2873 4064 3248 4140 παραινέσεσιν
3306 4061 3430 4124 τοῦς
3489 4062 3786 4122 πταίοντας

2140 4156 2322 4223 εἷκειν,
2359 4155 2440 4210 ἶνα
2475 4155 2550 4228 μὴ
2583 4159 2700 4215 ταῖς
2732 4153 2781 4222 ἐξ
2814 4147 2987 4228 ἔργων
3147 4173 3281 4206 ποτε
3308 4151 3638 4224 παραταθεῖν
3670 4151 3790 4222 (87)

2140 4243 2374 4306 ὀδύναις.

2213 4341 2302 4389 Δεῖ
2329 4335 2420 4388 τὸν
2452 4332 2692 4406 πονηρὸν
2725 4329 2894 4405 ἄνδρα
2939 4334 3014 4405 μή
3075 4329 3243 4385 αἰτεῖν
3294 4328 3490 4404 ἀγαθά·
3539 4327 3680 4381 κακὰ
3729 4322 3794 4379 δὲ

2145 4422 2359 4498 μᾶλλον
2389 4423 2706 4496 αἰτούμενος
2734 4422 2978 4494 ἑτοίμως
3007 4421 3246 4495 παρέξει.

2214 4519 2304 4569 Δεῖ
2328 4519 2447 4574 ταῖς
2500 4509 2724 4582 ἡδοναῖς
2785 4508 2914 4585 μηδ’
2973 4510 3118 4571 ὅλως
3175 4509 3522 4576 ὑποπίπτειν,
3581 4504 3672 4560 διὰ
3727 4507 3794 4560 τὸ

2065 4599 2112 4663 Ῑ)
2143 4606 2338 4678 πικρὸν
2370 4602 2592 4662 ταύταις
2624 4600 3011 4656 ἐπακολουθεῖν
3043 4599 3221 4660 τέλος.

2217 4693 2342 4748 Δέον
2379 4696 2490 4765 (88)
2514 4692 2579 4746 τὰ
2608 4689 2742 4761 τέλη
2772 4696 2880 4746 τῶν
2941 4689 3273 4765 πραγμάτων
3327 4689 3474 4760 ἡμᾶς
3523 4689 3794 4760 προορᾷν,

2145 4785 2233 4838 καὶ
2267 4783 2439 4844 οὕτως
2466 4784 2564 4851 τήν
2595 4781 2804 4836 τούτων
2836 4778 3150 4858 ἐγχείρησιν
3179 4779 3470 4832 ποιεῖσθαι.

2223 4948 2328 5008 (85)
2365 4945 2543 5000 Basil.
2585 4944 2751 4998 llom.
2782 4959 2930 4996 mor.
2977 4942 3054 4995 De
3087 4941 3301 4994 virtute
3331 4945 3390 4993 et
3419 4938 3578 5006 vitio,
3612 4953 3671 5007 p.
3703 4939 3795 4990 20.

2219 5019 2329 5085 (86)
2360 5016 2572 5082 Codex,
2605 5011 2696 5066 δαν
2709 5013 2897 5068 ιτικόν.

2221 5090 2329 5162 (δῖ)
2362 5087 2576 5162 Codex,
2610 5086 2915 5156 παραοεὶεν.
2973 5155 2992 5162 Α
3066 5159 3071 5162 Δ
3113 5154 3124 5162 ⁵
3293 5153 3307 5162 ι
3389 5155 3420 5162 Α
3469 5153 3479 5162 _
3521 5151 3558 5162 η
3614 5151 3624 5161 .

2223 5151 2333 5224 (88)
2369 5151 2806 5212 Βοὺνὶῐιιοιῇοη
2841 5155 3082 5227 praefert
3112 5154 3172 5208 in
3203 5153 3332 5208 cod.
3363 5151 3749 5227 ‘Coisliniauo
3782 5166 3796 5202 :

2151 5231 2446 5304 Antonius
2477 5229 2654 5304 S_._27,
2690 5246 2743 5299 p.
2804 5224 2900 5304 40,
2936 5227 3243 5304 praefixum
3266 5224 3529 5304 “exhibet
3566 5237 3799 5304 nomen

2152 5302 2428 5356 Cliahinaa
2455 5317 2468 5366 ;
2503 5301 2642 5354 hinc
2673 5295 2839 5353 error
2868 5295 2953 5352 de'
2977 5298 3204 5352 Babrio.
3260 5296 3342 5350 Cf.
3395 5295 3696 5367 'l‘yrwhitt.
3733 5295 3798 5346 in

2153 5372 2513 5446 Postscripto
2546 5373 2787 5446 Dissert.
2823 5369 2895 5424 de
2930 5369 3160 5446 Babrio,
3192 5367 3290 5446 ubi
3321 5367 3608 5446 hiecesse
3657 5381 3798 5446 p_ro-

2155 5445 2314 5500 saica
2343 5434 2563 5497 monet.
2600 5444 2656 5496 Β.
2695 5450 2912 5500 tamen,
2973 5459 3034 5512 p.
3098 5443 3184 5512 ‘72,
3236 5434 3801 5512 in_de__choliambgs

2155 5515 2296 5570 fecit
2333 5515 2503 5575 duos,
2555 5529 2728 5584 quam
2788 5505 3017 5584 bellos'!
3064 5505 3196 5584 Δέον
3243 5510 3309 5563 τὰ
3360 5505 3491 5584 τέλη
3553 5509 3798 5584 «Romon

2153 5590 2264 5639 τῶν
2295 5575 2627 5656 πραγμάτων
2659 5585 2829 5653 ἡμᾶς.
2884 5581 2986 5638 Καὶ
3031 5580 3173 5658 obrui
3211 5594 3310 5658 τήν
3358 5578 3562 5658 τούτων
3601 5575 3805 5658 (ἐγχεί-

2159 5637 2521 5730 ῥιέτινίὲτοξέῖν.
2555 5637 2748 5711 Codex
2778 5637 3038 5726 quidem,
3072 5637 3394 5728 ἐγχείρὶσιν,
3444 5657 3510 5706 ut
3558 5657 3619 5704 et
3653 5637 3803 5702 'C'oi-

2159 5728 2452 5781 slinianus
2477 5745 2490 5781 :
2523 5729 2736 5781 scripsi
2767 5725 3100 5781 ἑνγείοησιν.

2158 5744 2452 5783 sunianus
2477 5745 2490 5782 ἶ
2523 5744 2736 5799 δοτιρει
2767 5744 3100 5802 εγχειοησιν.
