4112 6208
433 390 586 452 1095

433 610 599 666 vobis
624 610 754 663 erit.

506 701 775 756 Platonis.
809 730 878 738 —
912 698 1174 752 Vivimus
1233 713 1356 752 non
1406 702 1474 751 ut
1531 695 1931 763 comedamus,
1982 693 2084 749 sed

438 790 806 845 comedimus
838 793 904 842 ut
940 787 1220 842 vivamus.

505 879 900 951 Chrysostomi.
931 908 998 918 —
1030 879 1253 932 Natura
1280 876 1561 943 humana,
1605 875 1842 946 quando
1897 874 2087 929 multa

429 970 491 1024 in
525 968 959 1038 tranquillitate
1005 971 1292 1032 versatur,
1325 967 1560 1038 ignorat
1589 965 1890 1036 propriam
1928 963 2084 1034 inge-

428 1058 721 1114 nuitatem
756 1062 813 1112 et
844 1074 965 1112 non
997 1061 1116 1112 stat
1145 1056 1404 1126 propriis
1451 1055 1510 1108 in
1553 1054 1793 1108 ﬁnibus.

502 1239 698 1294 Virtus
730 1255 850 1293 non
875 1253 905 1292 e
937 1235 1193 1292 terrenis
1221 1233 1786 1307 dignitatibus,sede
1814 1231 2082 1287 moribus

429 1329 643 1385 anima)
683 1327 1078 1400 cognoscitur.

496 1416 837 1488 Benignitas
866 1415 1090 1470 bonum
1115 1420 1225 1485 est,
1287 1413 1390 1469 sed
1443 1413 1733 1468 bonorum
1787 1415 1964 1483 caput
1994 1416 2084 1466 est

426 1509 705 1564 charitas

491 1601 772 1653 Juventus
808 1600 865 1651 et
894 1596 1148 1651 stultitia
1179 1596 1424 1651 vanitas.

495 1686 712 1743 Vacare
745 1685 1124 1757 passionibus
1154 1685 1316 1740 laudi
1349 1684 1608 1738 ducitur.

494 1777 743 1830 Joannis.
787 1805 856 1816 --—
911 1776 1046 1829 Hmc
1107 1790 1370 1845 praesens
1419 1773 1555 1838 vita,
1607 1770 1879 1825 durabile
1928 1770 2081 1824 nihil

420 1865 673 1933 habens,
705 1864 913 1919 multis
949 1881 1186 1934 quoque
1218 1879 1418 1918 rerum
1451 1859 1960 1916 vicissitudinibus
1983 1859 2079 1914 ob-
2108 1874 2156 1938 Β

423 1955 602 2010 noxia
632 1959 740 2009 est.

494 2043 856 2115 Amphilochi.
912 2076 981 2084 —
1035 2043 1259 2116 Lingua
1314 2046 1610 2114 prompta,
1679 2041 1830 2096 nihil
1911 2039 2072 2112 digni

426 2140 721 2202 eructans,
757 2139 814 2188 et
843 2133 1075 2188 veniam
1102 2150 1224 2188 non
1257 2138 1519 2188 meretur
1548 2137 1606 2187 et
1651 2131 1903 2202 seipsam
1930 2146 2073 2185 con-

422 2224 684 2280 demnat.

496 2311 814 2368 Hominum
837 2329 1006 2368 mens
1040 2318 1100 2368 et
1123 2312 1394 2368 voluntas
1423 2311 1653 2367 lubrica
1693 2315 1753 2365 et
1779 2308 2071 2364 versatilis

425 2407 515 2458 est
539 2419 553 2468 ;
587 2401 660 2456 ob
685 2402 838 2457 hanc
859 2419 1098 2458 causam
1131 2402 1310 2457 tutari
1341 2406 1574 2474 oportet
1595 2406 1653 2455 et
1681 2399 1842 2455 omni
1881 2404 2072 2454 custo-

426 2492 525 2548 dia
555 2499 824 2548 nostrum
857 2511 959 2550 cor
981 2493 1321 2565 defendere,
1356 2495 1438 2550 ita
1466 2501 1532 2550 ut
1576 2511 1713 2550 cum
1745 2494 1956 2549 timore
2013 2497 2072 2547 et

424 2588 683 2640 tremore
705 2589 970 2641 nostram
1004 2584 1257 2640 salutem
1290 2600 1622 2657 operemur.-

491 2757 826 2828 Corporalis
850 2775 1005 2822 esca,
1032 2758 1268 2830 quando
1302 2759 1364 2813 in
1397 2758 1769 2813 stomachum
1801 2756 2071 2812 humori-

419 2843 531 2901 bus
561 2846 838 2920 malignis
895 2847 1178 2902 refertum
1228 2847 1528 2915 ceciderit,
1589 2847 1846 2902 multum
1898 2851 2072 2919 auget

425 2935 723 3004 morbum,
757 2953 876 2992 non
909 2954 1015 3009 per
1044 2937 1344 3009 propriam
1375 2941 1671 3008 naturam,
1698 2936 1801 2992 sed
1830 2953 1936 3008 per
1973 2935 2071 2992 de-

423 3024 718 3081 bilitatem
748 3026 1056 3082 stomachi.

493 3114 837 3172 Divinorum
871 3117 1289 3188 mysteriorum
1321 3116 1798 3188 comprehensio,
1829 3114 2068 3186 quando

416 3203 479 3259 in
511 3211 776 3261 mentem
807 3207 1036 3261 malitia
1067 3207 1346 3262 refertam
1379 3204 1877 3276 cecideritmagis
1901 3205 2066 3259 illam

416 3295 746 3367 corrumpit
777 3301 835 3350 et
863 3295 1282 3362 dissolvit,non
1313 3313 1419 3367 per
1448 3296 1746 3368 propriam
1770 3301 2065 3364 naturam,

419 3382 522 3438 sed
552 3400 662 3455 per
695 3383 1065 3441 debilitatem
1092 3385 1310 3440 mentis
1343 3402 1474 3455 quas
1503 3384 1748 3455 excepit.

493 3471 777 3544 Legitima
808 3473 1178 3530 matrimonii
1203 3473 1546 3546 conjunctio
1581 3472 1738 3544 apud
1761 3473 1946 3526 Deum
1967 3471 2078 3526 ho—

418 3560 708 3616 norabilis
731 3579 746 3628 ;
780 3579 910 3632 quae
934 3568 1132 3618 autem
1156 3569 1398 3634 propter
1426 3563 1754 3633 voluptates
1772 3561 2079 3632 perﬁcitur

420 3650 598 3704 morti
630 3651 885 3706 obnoxia
916 3658 1022 3706 est.

493 3739 742 3792 Joannis.
773 3767 843 3778 —
873 3741 1288 3810 Opportunum
1341 3739 1646 3794 silentium
1685 3739 2077 3811 cogitationes

418 3825 900 3898 sapientissimas
932 3827 1106 3898 parit.

492 3913 943 3970 Commiseratio
975 3915 1202 3970 bonum
1235 3932 1384 3987 opus
1413 3918 1503 3970 est
1557 3914 1621 3969 in
1652 3915 1768 3969 vita
1799 3932 1813 3982 ;
1839 3915 1942 3986 qui
1973 3915 2078 3971 illa

419 4002 707 4074 praeditus
729 4009 822 4058 est
853 4005 1126 4076 expedite
1157 4005 1444 4062 ambulat.

494 4092 633 4148 Dies
667 4109 786 4149 una
815 4094 932 4150 vita
961 4095 1157 4150 omnis
1185 4095 1276 4151 his
1307 4095 1407 4167 qui
1440 4110 1640 4150 amore
1673 4093 1964 4150 laborant.

493 4180 734 4236 Minime
763 4182 1054 4239 malitiam
1089 4185 1424 4256 suSpicatur
1452 4182 1611 4254 quod
1667 4199 1702 4238 a
1745 4183 1972 4238 malitia
2000 4182 2075 4237 1i-

419 4271 632 4327 berum
663 4276 771 4327 est.

493 4360 807 4432 Voluptate
837 4361 1159 4434 aliquando
1190 4362 1597 4418 hanorabilior
1647 4367 1736 4418 est
1789 4361 1986 4417 luctus
2018 4367 2078 4417 et

490 4525 606 4595 (23)
639 4526 820 4581 Levit.
857 4544 974 4590 nx,
1010 4530 1097 4582 36.
1131 4526 1270 4580 Cod.
1332 4525 1563 4598 σχοίνιξ.
1621 4525 1808 4582 Verba
1839 4527 2054 4584 Levitic

418 4598 758 4670 accuratius
781 4598 1100 4670 descripsit
1129 4599 1439 4670 Antonius.
1475 4600 1564 4662 4υ,
1590 4615 1646 4669 p.
1680 4601 1766 4670 59.

493 4669 603 4737 (24)
638 4669 894 4724 Socratis
927 4669 1158 4725 celebre
1190 4669 1412 4723 dictum
1442 4674 1531 4724 est
1573 4669 1731 4740 apud
1781 4669 2078 4725 Stobaeum

422 4737 512 4791 tit.
552 4743 639 4802 1‘7,
675 4743 763 4802 22.
799 4747 858 4796 et
886 4741 1034 4796 alios
1057 4782 1071 4806 ,
1114 4756 1258 4794 num
1282 4741 1460 4795 etiam
1491 4737 1825 4812 reperiatur
1842 4742 2080 4812 ap.Pla-

418 4811 626 4883 tonem
659 4811 881 4883 nescio.
917 4812 996 4867 Cf.
1062 4812 1357 4882 Wyttenb.
1392 4812 1466 4867 ad
1497 4811 1632 4866 Plut
1687 4829 1721 4877 ι,
1756 4813 1801 4874 l.
1862 4811 1918 4883 [Β.
1953 4815 2075 4868 219.

497 4880 610 4951 (25)
641 4884 780 4938 Cod.
817 4882 1066 4953 ἐμπέσοι.
1102 4880 1304 4938 Potest
1361 4883 1604 4954 quidem
1644 4880 2076 4954 nonnunquam

421 4947 547 5026 sm
575 4947 899 5026 optativum
934 4955 1046 5011 sibi
1061 4956 1340 5026 junctum
1372 4947 1589 5012 habere
1624 4972 1638 5015 ;
1694 4955 1798 5010 sed
1857 4947 1935 5009 in'
1970 4957 2078 5012 hoc

417 5023 549 5077 loco
574 5023 948 5098 selmcismus
981 5023 1140 5083 esset
1169 5026 1420 5098 ἐμπέσοι,
1455 5032 1724 5098 quem.ut
1748 5029 2078 5084 sexcenties

417 5095 1019 5170 evenit,iiotacism_us
1051 5095 1400 5170 peperisset.
1459 5095 1615 5170 Dixit
1636 5168 1644 5170 Α
1667 5098 1988 5170 Menander
2017 5101 2077 5154 in

419 5165 700 5245 Olyxithia
735 5187 750 5245 ξ
781 5165 1146 5245 Ὠςλᾷδγικᾰνί
1168 5169 1291 5224 ὅταν
1352 5171 1386 5236 ἡ
1449 5169 1546 5245 μὲν
1580 5168 1736 5245 φύσις
1786 5165 2004 5245 ἶΑποόῷ
2024 5191 2076 5224 τι

417 5237 640 5314 σεμνὸν,
671 5244 834 5296 τοῦτο
872 5237 918 5295 δ’
951 5244 985 5309 ἡ
1044 5241 1190 5314 τύχη
1251 5237 1460 5294 κακοῖ.’
1496 5237 1693 5311 Nuper
1726 5241 1858 5314 _vir7
1895 5237 1987 5309 d.,'
2019 5245 2077 5298 id

415 5308 818 5382 fragmentum
855 5308 1330 5374 trac’tans'ficaxoi
1388 5329 1493 5382 pro
1554 5308 1814 5381 optativa
1849 5308 2074 5382 habuit,

417 5397 599 5454 quem
646 5385 926 5440 subtilius
989 5387 1454 5454 interpretatur:
1521 5382 1669 5437 mihi
1729 5383 1971 5452 quidem
2022 5395 2078 5441 et

419 5448 659 5527 multis,
685 5463 849 5527 puto.
883 5448 1226 5527 lectoribus,
1259 5448 1450 5527 ἀποδῷ
1491 5448 1914 5527 ειλκακοῗειιῑιι
1937 5457 2076 5510 sub-

409 5522 787 5593 junctivifln
828 5528 954 5582 illis
1010 5523 1203 5580 verbis
1265 5523 1714 5579 terminationes
1763 5523 1965 5594 plures
2020 5535 2079 5584 et

416 5596 621 5668 activaa
657 5602 716 5651 et
740 5599 985 5668 passivm
1017 5612 1263 5667 prorsus
1295 5593 1842 5668 ea:_demgsunt,quaa
1876 5602 2074 5656 tamen

419 5679 488 5718 ex
520 5665 824 5738 adjunc‘tis
863 5665 1218 5740 plerumque
1278 5665 1466 5722 nitide
1507 5665 1788 5736 distingui
1822 5679 2069 5736 queunt.

1688 383 2116 445 GEORGIDIS
2158 386 2548 450 MONAGHl.

506 521 735 576 Statera
754 518 941 590 justa,
976 521 1034 572 et
1057 531 1340 572 mensura
1355 515 1606 588 justa,et
1634 515 1867 570 chmnix
1880 515 2083 586 justus
2109 514 2164 580 Α

2095 3250 2142 3314 C

3682 395 3846 454 1096

2266 517 2436 593 Ζυγὸς
2468 515 2677 580 δίκαιος
2708 519 2799 574 καὶ
2852 518 3048 594 μὲτρον
3116 518 3323 578 δίκαιον
3378 521 3469 577 καὶ
3528 521 3702 592 χοίνιξ
3729 525 3848 596 (23)

2202 601 2413 666 δίκαιος
2439 601 2588 662 ἔσται
2623 609 2768 683 ὑμῖν.

2265 692 2579 757 Πλάτωνος.
2617 729 2682 740 -
2712 703 2901 774 Ζῶμεν
3132 699 3240 776 οὐχ
3271 698 3352 754 ἵνα
3394 699 3679 775 ἐσθίωμεν,
3706 699 3842 771 ἀλλ,

2199 778 2449 856 ἐσθίομεν
2469 783 2546 839 i'va
2571 790 2767 860 ζῶμεν.

2266 874 2364 930 38
2423 879 2532 928 Τοῦ
2592 878 3010 952 Χρυσοστόμου·
3068 912 3138 922 -κ
3193 881 3257 936 Ἥ
3327 880 3485 959 φύσις
3543 881 3579 949 ἠ
3629 880 3846 954 ἆνῐιρω-

2191 961 2339 1028 πεία,
2373 959 2590 1018 ἐπειδὰν
2640 963 2861 1035 πολλῆς
2915 967 3140 1030 ἀνέσεως
3199 963 3554 1039 ἐπιλάϐηται,
3617 965 3841 1023 ἐπιλαν-

2193 1048 2405 1104 θάνεται
2437 1058 2537 1119 τῆς
2601 1052 2805 1114 οἰκείας
2864 1055 3132 1130 εὐγενείας
3167 1056 3260 1110 καὶ
3317 1057 3428 1130 οὐχ
3475 1053 3698 1112 ’ίσταται
3750 1055 3842 1110 ἐπὶ

2188 1142 2294 1192 τῶν
2326 1139 2540 1194 οἰκείων
2570 1142 2730 1216 ὅρων.

2259 1228 2321 1282 Ἠ
2353 1227 2518 1302 ἀρετὴ
2559 1230 2658 1284 οὐκ
2689 1228 2748 1286 ἐκ
2805 1238 2914 1287 τῶν
2969 1234 3118 1289 κάτω
3170 1233 3519 1308 ἀξιωμάτων,
3574 1232 3700 1290 ἀλλ’
3757 1233 3844 1289 ἐκδ-

2188 1317 2394 1392 τρὸπου
2425 1319 2741 1394 γνωρίζεται
2765 1328 2862 1390 τῆς
2895 1325 3102 1398 ψυχῆςο

2259 1406 2320 1462 Ἡ
2355 1409 2676 1484 χρηστότης
2705 1409 2924 1487 ἀγαθὸν,
2955 1411 3140 1488 ἀγάπη
3165 1409 3221 1466 δὲ
3263 1412 3556 1492 κεφάλαιος
3599 1412 3838 1486 ἀγαθῶν.

2260 1587 2323 1644 Ἣ
2355 1589 2547 1659 νεότης
2576 1589 2665 1644 καὶ
2696 1592 2730 1660 ἡ
2763 1589 2918 1646 ἐίνοια
2951 1592 3272 1664 ματαιότης·

2257 1679 2316 1732 'H
2351 1683 2461 1732 τῶν
2493 1682 2678 1737 παθῶν
2706 1678 2985 1755 ἐλευθερία
3013 1683 3332 1756 πανήγυρις.

2263 1859 2534 1916 Ἰωάννου.
2576 1895 2645 1904 -
2701 1863 2766 1918 Ἡ
2824 1861 3052 1919 ἐνταῦθα
3105 1866 3242 1934 ζωὴ,
3302 1865 3364 1920 τὸ
3422 1864 3678 1939 ἐπίμονον
3737 1866 3837 1920 οὐκ

2189 1945 2414 2024 ἔχουσα,
2468 1949 2806 2020 συνέζευκται
2863 1952 2954 2008 καὶ
3000 1951 3238 2016 πολλαῖς
3289 1956 3628 2032 πραγμάτων
3670 1977 3834 2030 μετα·

2190 2033 2403 2098 ϐολαῖς.

2258 2126 2634 2204 Ἀμφιλόχου.
2663 2161 2733 2174 —
2762 2131 2824 2186 ἸΙ
2856 2133 3138 2205 προπετὴς
3193 2130 3437 2206 γλῶττα,
3497 2131 3648 2188 οὐδὲν
3686 2132 3834 2203 ἄξιον

2113 2269 2120 2276 ,
2183 2217 2533 2294 ἐρευγομένη,
2565 2218 2656 2273 καὶ
2687 2217 3069 2296 ἀσύγγνωστός
3100 2219 3240 2276 ἐστιν
3289 2221 3382 2277 καὶ
3429 2223 3624 2290 ἑαυτήν
3669 2221 3831 2292 ἐστη-

2184 2304 2215 2360 λ
2226 2307 2422 2362 ίτευσεν
2431 2350 2444 2364 .

2253 2396 2316 2452 Ἡ
2348 2401 2454 2451 τῶν
2504 2397 2800 2472 ἀνθρώπων
2855 2399 3050 2474 γνώμη
3110 2399 3201 2454 καὶ
3266 2401 3582 2476 προαίρεσις
3640 2401 3826 2455 £661.:-

2183 2483 2308 2549 σθός
2340 2483 2574 2544 ἐστικαὶ
2632 2486 3070 2562 εὗπερίτρεπτος⁶
3127 2489 3324 2544 τούτου
3374 2489 3534 2564 χάριν
3591 2488 3824 2566 ἀσφαλί-

2185 2575 2364 2642 ζεσθαι
2405 2576 2515 2650 χρή
2580 2576 2670 2630 καὶ
2730 2576 2873 2650 πάσῃ
2947 2575 3166 2654 φυλακῇ
3243 2585 3425 2651 τηρεῖν
3477 2579 3576 2648 τὴν
3633 2580 3824 2635 ἑαυτοῦ

2187 2665 2462 2740 σωτηρίαν
2491 2666 2932 2743 κατεργάζεσθαι·

2252 2755 2317 2810 Ἡ
2374 2759 2662 2829 σωματική
2724 2758 2922 2834 τροφὴ,
2983 2756 3110 2816 ὅταν
3165 2759 3240 2820 εἷς
3293 2761 3528 2836 γαστέρα
3607 2760 3824 2836 χυμοὺς

2185 2839 2418 2920 ἔχουσαν
2447 2847 2712 2921 πονηρίας
2744 2845 2954 2922 ἐμπέσῃ
2989 2851 3126 2920 (25),
3182 2847 3275 2904 ἐπὶ
3328 2848 3519 2904 πλεῖον
3575 2848 3826 2906 ἐπιτείνει

2183 2936 2281 3003 τὴν
2312 2937 2413 2993 ³9
2443 2935 2766 3012 ἆρῥωστίαν,
2802 2935 2864 2990 οὐ
2897 2937 3042 3011 παρὰ
3073 2939 3170 3006 τὴν
3196 2938 3398 2993 οἰκείαν
3442 2939 3621 3016 φύσιν,
3681 2939 3827 2993 ἀλλὰ

2184 3025 2330 3100 παρὰ
2358 3026 2456 3094 τήν
2489 3023 2762 3080 ἀσθένειαν
2791 3032 2892 3094 τῆς
2923 3027 3179 3103 γαστρός.

2254 3115 2314 3170 ἸΙ
2348 3119 2456 3169 τῶν
2489 3111 2645 3168 θείων
2707 3113 3022 3187 μυστηρίων
3085 3114 3418 3192 μετάληψις,
3477 3115 3692 3173 ἐπειδὰν
3747 3119 3824 3179 εἰς

2184 3200 2419 3258 διάνοιαν
2449 3200 2657 3276 ἐμπέσῃ
2704 3203 2974 3279 γέμουσαν
3030 3204 3317 3280 πονηρίας,
3381 3205 3593 3280 μᾶλλον
3663 3207 3826 3276 αὐτὴν

2184 3289 2479 3366 διαφθείρει
2508 3292 2599 3346 καὶ
2629 3289 2955 3362 ἀπόλλυσιν,
2997 3293 3058 3348 οὐ
3089 3295 3234 3368 παρὰ
3263 3295 3360 3362 τὴν
3416 3295 3617 3350 οἰκείαν
3647 3297 3824 3373 φύσιν,

2181 3378 2327 3435 ἀλλὰ
2358 3381 2503 3456 παρὰ
2527 3381 2626 3450 τήν
2660 3381 2930 3435 ἀσθένειαν
2962 3389 3059 3450 τῆς
3094 3379 3388 3456 δεξαμένης
3421 3385 3626 3457 ψυχῆς.

2250 3471 2313 3527 Ἡ
2347 3468 2605 3544 ἔνθεσμος
2636 3475 2732 3526 τοῦ
2759 3472 2940 3545 γάμου
2982 3472 3126 3544 μίξις
3185 3475 3344 3547 τιμία
3392 3476 3536 3550 παρά
3589 3481 3729 3548 θεῷ’
3786 3479 3818 3546 ἡ

2183 3558 2240 3615 δὲ
2268 3560 2405 3636 πρὸς
2432 3561 2595 3634 χάριν
2620 3564 2726 3615 τῶν
2760 3557 2973 3630 ἡδονῶν
3005 3560 3368 3638 ἐκτελουμένη
3423 3569 3638 3638 θανάτῳ
3700 3566 3824 3620 ὑπο-

2181 3645 2470 3720 ϐέϐληται.

2251 3738 2524 3798 Ἰωάννου.
2582 3772 2654 3783 -
2703 3740 2762 3796 Ἣ
2801 3740 3049 3814 εὔκαιρος
3112 3743 3293 3811 σιωπὴ
3359 3746 3544 3819 μήτηρ
3605 3745 3821 3800 ἐννοιῶν

2184 3831 2510 3909 σοφωτάτων
2521 3874 2535 3887 .

2249 3920 2312 3976 Ἦ
2345 3919 2652 3991 συμπάθεια
2682 3917 2849 3974 καλὸν
2875 3917 3033 3996 ἔργον
3063 3919 3116 3976 ἐν
3151 3921 3276 3996 βίῳ·
3309 3923 3509 3993 ταύτην
3569 3919 3712 3999 ἔχων
3744 3944 3827 3987 τις

2182 4006 2385 4072 εὐόδως
2409 4009 2715 4083 πορεύεται.

2250 4096 2458 4172 Ἱὶμέρα
2492 4101 2603 4170 (26)
2632 4097 2728 4171 μία
2761 4099 2882 4173 βίος
2918 4100 3051 4162 ὃλος
3082 4106 3199 4162 τοῖς
3228 4102 3383 4174 πόθῳ
3428 4102 3744 4174 κάμνουσινο

2249 4190 2477 4242 Ἥκιστα
2506 4187 2696 4242 κακίαν
2729 4188 2990 4266 ὑφορᾶται
3020 4191 3082 4244 τὸ
3114 4190 3306 4255 κακίας
3339 4188 3642 4266 ἐλεύθερον.

2240 4361 2480 4433 Ἠὃονῆς
2511 4365 2644 4419 ποτε
2674 4362 2815 4419 ἐστιν
2851 4365 3000 4436 λύπη
3051 4367 3355 4442 τιμιωτέρα
3413 4368 3503 4422 καὶ
3559 4369 3828 4443 κατήφεια

2187 4530 2474 4598 Isocrates
2506 4525 2668 4598 Dem.
2702 4541 2758 4598 p.
2795 4527 2864 4580 5:
2927 4526 3105 4580 Τοῦτο
3163 4522 3220 4580 δὲ
3283 4528 3551 4597 ποιήσεις,
3609 4526 3693 4594 ἄν,
3751 4529 3830 4598 μή

2109 4599 2155 4663 D
2188 4595 2590 4682 ἱξεόμενὸςτοῦ,
2619 4590 2825 4680 δεξσθαι
2877 4600 3179 4670 προσποιῇ,
3201 4670 3211 4680 .
3235 4599 3362 4672 περί
3403 4590 3478 4652 ’τε
3507 4590 3613 4653 ¹ιῖὐν
3649 4590 3834 4672 ῥητῶν

2189 4665 2622 4742 ὡς’ἀπορῥήτων
2673 4665 2946 4742 ἀνακοινοῖ
2977 4686 2991 4724 :
3025 4665 3142 4740 qua
3199 4670 3258 4725 in
3309 4665 3606 4726 'senteetia
3650 4665 3831 4727 nemo

2187 4742 2364 4814 paulo
2395 4738 2680 4815 attentior
2710 4739 2793 4815 de
2811 4738 3090 4815 ἀνακοινοῖ
3117 4743 3378 4815 optativo
3403 4743 3832 4815 cogitaveritJd

2189 4809 2402 4870 iuoneo
2435 4811 2508 4866 ob
2551 4809 2726 4883 edicti
2761 4811 2832 4866 de
2863 4813 3121 4883 optativo
3153 4809 3314 4866 κακοῖ
3362 4809 3579 4870 fastum
3609 4832 3678 4870 ac
3731 4831 3832 4868 su-

2189 4884 2487 4957 perbiam._
2510 4881 2674 4957 Adde
2695 4881 2919 4957 _Eurip.“
2938 4886 3029 4938 Tr.
3060 4887 3222 4957 1150.7
3265 4885 3356 4957 Sic
3387 4893 3478 4940 est
3532 4885 3658 4939 ὅταν
3689 4884 3828 4955 ἀξιοῖ

2191 4953 2620 5042 subjunqtivus,
2655 4953 2833 5042 idque
2853 4953 3139 5042 revolemin
3166 4956 3348 5034 Phila;
3380 4953 3832 5042 poematiolode

2189 5021 2321 5102 rosa
2359 5021 2644 5102 :_'ED\§»
2692 5021 2794 5102 ,μὶν
2862 5023 2965 5102 οὖν
3021 5021 3260 5102 εὔοσμον.
3313 5021 3589 5099 ἀθροίσας,
3653 5025 3831 5102 ῥόδον,

2189 5101 2351 5155 Ὅταν
2380 5095 2425 5173 ,ὀμ
2448 5093 2660 5173 καιρὸς,
2685 5093 2926 5173 (ξργανιῦν
2983 5096 3107 5173 τὰς-
3134 5093 3400 5173 ἐκφυσεις,
3456 5093 3664 5170 Κομῶν’
3713 5093 3836 5152 ets-1

2191 5174 2338 5244 χνῶς
2369 5165 2634 5244 ἀξιοξίβιαὶ
2663 5165 3038 5244 τᾷιξβᾴτουςέ-
3076 5171 3187 5223 Pro
3207 5165 3218 5173 ’
3246 5168 3500 5244 ἁθροίσας
3536 5165 3833 5244 reponam

2189 5238 2445 5316 ᾇῖὶρησας.
2483 5239 2577 5316 Si_c_
2602 5238 2664 5293 in
2690 5238 2952 5316 Diodoro
2984 5239 3097 5293 Sic.
3154 5257 3214 5306 ιι,
3251 5238 3362 5316 _5l,_
3425 5238 3704 5315 ἀθρεῖσθαι
3743 5241 3836 5295 vel

2185 5309 2645 5387 i,0'pi30at_edito
2675 5310 2960 5387 ἠθροῖσθαι
2992 5327 3128 5387 cum
3177 5309 3608 5387 substituerim,
3635 5320 3835 5387 muta-

2189 5381 2409 5441 tionem
2442 5383 2496 5436 S.
2533 5383 2714 5454 Sacyo
2752 5381 3034 5453 probavi,
3090 5399 3265 5454 quem
3327 5383 3459 5440 vide
3516 5386 3577 5440 in
3634 5385 3832 5440 Diario

2187 5456 2412 5530 Erudit.
2449 5470 2523 5530 ο..
2562 5455 2720 5530 1828,
2777 5470 2834 5524 p.
2889 5454 3013 5522 648,
3073 5454 3171 5508 ubi
3227 5457 3711 5530 typographicum
3743 5461 3836 5512 est

2186 5528 2468 5585 mendum
2501 5523 2794 5594 ἁτρείσθαιέ

2257 5601 2368 5670 (26)
2398 5598 2566 5670 Greg.
2601 5599 2735 5652 Naz.
2777 5597 2873 5653 Or.
2906 5613 3101 5663 xxvm,
3137 5614 3192 5669 p.
3225 5601 3349 5656 473,
3384 5599 3522 5656 Cod.
3558 5598 3828 5659 ὁλως.ϐῑ.

2187 5667 2366 5743 supra
2394 5668 2455 5722 in
2487 5667 2628 5737 Βίος,
2651 5686 2710 5740 p.
2745 5671 2830 5724 13.

4059 107 4072 784 γ
