4070 6196
401 361 552 421 1127

1675 352 2100 417 GEORGIDIS
2144 351 2500 416 MONACHI

3648 354 3810 417 1128

400 492 606 549 credet
624 533 640 560 ,
673 493 774 566 qui
805 496 1004 548 autem
1033 494 1312 563 expertus
1333 494 1423 546 est
1445 489 1520 546 ad
1543 503 1854 546 assensum
1876 503 2035 561 para-

2206 502 2318 542 ιιεν·
2354 482 2383 540 ὁ
2416 479 2472 538 δὶ
2501 482 2688 540 παθὼν
2717 481 2795 548 εἰς
2827 483 3216 562 συγκατάθεσιν
3245 481 3618 560 ἑτοιμότερος.

407 583 526 640 tior
554 583 640 640 lit.

475 675 598 728 Non
632 677 822 728 tutum
845 676 933 727 est
953 688 1088 726 cum
1111 675 1268 726 veste
1290 676 1718 742 natare,neque
1739 669 2049 742 passiones

399 763 643 819 habenti
675 761 984 834 theologia
1015 779 1077 818 se
1109 763 1436 834 applicare.

471 849 627 905 Nihil
659 849 1018 904 imbecillius
1048 850 1288 905 homine
1322 855 1479 904 terra
1509 848 1800 920 producit.

464 939 680 1008 Cyrilli.
716 968 782 978 —
819 940 970 993 Deus
1002 939 1353 1010 magniﬁcus
1383 944 1474 994 est
1502 938 1564 993 in
1597 935 2030 1002 beneficentia;

394 1034 698 1100 exspectat
727 1046 860 1084 vero
887 1031 1178 1100 cujusque
1204 1028 1528 1102 legitimam
1560 1027 1942 1082 voluntatem.

462 1120 636 1175 Sexti.
671 1150 740 1160 —
772 1120 898 1173 Non
931 1119 1030 1190 qui
1065 1119 1225 1174 dives
1255 1124 1364 1186 est,
1393 1117 1496 1173 sed
1527 1117 1626 1188 qui
1660 1133 1780 1172 non
1812 1115 2039 1188 indiget

399 1209 641 1266 divitiis.
671 1208 773 1264 ille
805 1208 1012 1263 beatus
1045 1213 1152 1263 est.

461 1300 587 1354 Non
617 1299 748 1354 vitae
778 1297 1032 1352 brevitas
1063 1297 1335 1352 luctuosa
1363 1301 1474 1363 est,
1515 1296 1620 1352 sed
1668 1295 1846 1367 quod,
1903 1310 2036 1350 cum

392 1388 587 1444 brevis
621 1387 717 1451 sit,
750 1387 937 1442 varias
969 1386 1149 1442 habet
1177 1402 1368 1441 curas.

460 1477 616 1533 Nihil
647 1477 727 1532 ita
748 1476 822 1532 ad
847 1475 1230 1532 dilectionem
1251 1473 1512 1544 adducit,
1534 1480 1601 1530 ut
1628 1473 1890 1546 aliquem
1912 1489 2034 1528 non

392 1567 554 1639 parvi
587 1567 802 1622 facere.

461 1656 790 1713 Salomonis.
824 1686 893 1696 —
925 1655 1092 1712 Oculi
1125 1655 1209 1710 tui
1239 1659 1404 1711 recta
1459 1653 1714 1722 videant,
1756 1651 2037 1725 quoniam

392 1763 590 1803 coram
624 1745 812 1802 oculis
845 1745 946 1800 Dei
976 1751 1134 1802 sunt.

460 1838 554 1891 Ira
583 1835 875 1908 disperdit
905 1835 995 1890 vel
1027 1836 1347 1906 sapientes.

463 1925 572 1990 Qui
633 1924 787 1980 celat
841 1923 1148 1992 delictum,
1221 1923 1437 1995 quaerit
1515 1922 1876 1990 amicitiam;
1937 1922 2037 1992 qui

393 2021 593 2070 autem
624 2013 818 2070 celare
849 2019 1104 2082 recusat,
1162 2012 1454 2085 disjungit
1499 2012 1720 2068 amicos
1762 2018 1822 2066 et
1855 2011 2036 2066 fami-

385 2103 588 2161 liares.

453 2194 630 2250 Sexti.
666 2222 734 2233 —-
764 2193 920 2248 Nihil
952 2192 1107 2249 inter
1144 2191 1463 2265 praesentia
1499 2190 1860 2263 jucundum,
1914 2188 2031 2245 nisi

385 2272 543 2356 quod
575 2299 812 2354 semper
845 2288 1068 2339 manet.

458 2374 658 2444 Neque
690 2371 1020 2427 convivium
1060 2372 1189 2427 sine
1220 2371 1559 2439 concordia,
1593 2387 1787 2442 neque
1820 2369 2036 2425 divitiae

396 2463 524 2520 sine
557 2462 767 2516 virtute
789 2462 1020 2532 juvant.

455 2551 782 2607 Salomonis.
817 2579 886 2593 —
915 2551 1024 2616 Qui
1055 2550 1278 2607 revelat
1307 2551 1661 2624 mysterium
1695 2548 1875 2604 ﬁdem
1897 2564 2034 2620 per-

388 2641 562 2698 didit.

456 2731 565 2798 Qui
597 2749 727 2789 cum
757 2731 955 2788 cordis
991 2731 1210 2787 ﬁducia
1237 2732 1447 2795 credit,
1507 2731 1724 2786 stultus
1766 2734 1893 2798 est;
1941 2745 2034 2784 sa-

388 2821 622 2892 pientes
654 2815 850 2878 autem
883 2820 1252 2876 abscondent
1283 2819 1660 2875 sententiam.

457 2911 564 2978 Qui
595 2910 855 2967 custodit
883 2928 949 2966 os
981 2927 1176 2974 suum,
1211 2917 1404 2965 servat
1432 2909 1694 2964 animam
1711 2923 1909 2974 suam;
1930 2905 2032 2979 qui

390 3006 589 3057 autem
620 3006 930 3073 promptus
961 3005 1052 3055 est
1083 2998 1256 3054 labiis
1288 2998 1551 3070 seipsum
1583 2997 1847 3053 terrebit.

465 3181 573 3248 Qui
596 3179 901 3253 jucundus
950 3185 1039 3234 est
1085 3179 1146 3235 in
1194 3178 1316 3234 vini
1375 3175 1917 3250 compotationibus
1971 3174 2032 3230 in

394 3272 520 3330 suis
551 3270 942 3328 munimentis
973 3269 1274 3341 relinquet
1303 3268 1580 3325 dedecus.

459 3361 567 3427 Qui
598 3359 922 3432 respondet
950 3359 1192 3414 verbum
1222 3359 1572 3431 priusquam
1619 3355 1841 3425 audiat,
1876 3354 2034 3410 stul-

389 3452 522 3508 titia
547 3451 635 3506 illi
668 3455 759 3506 est
791 3455 850 3503 et
878 3448 1167 3504 confusio.

458 3539 666 3598 Nullus
693 3538 805 3594 erit
825 3536 1067 3592 bibendi
1083 3536 1368 3605 amans,si
1392 3553 1513 3608 prae
1535 3535 1722 3590 oculis
1737 3534 2036 3590 ebriorum

387 3631 671 3687 indecora
697 3627 990 3684 habuerit.

459 3718 567 3782 Qui
599 3718 660 3772 in
693 3714 866 3770 verbo
899 3718 1216 3784 promptus
1249 3717 1337 3767 est
1366 3713 1501 3768 odio
1531 3713 1864 3768 habebitur.

459 3806 680 3877 Lapsus
711 3821 747 3859 a
769 3801 1104 3875 pavimento
1137 3800 1336 3874 potius
1368 3817 1547 3872 quam
1577 3818 1611 3857 a
1641 3801 1862 3874 lingua.

469 3982 578 4050 Qui
612 3980 826 4038 nititur
855 3977 1202 4049 mendaciis,
1234 3979 1336 4036 ille
1365 3983 1572 4036 ventos
1601 3984 1823 4052 pascet.

465 4162 575 4230 Qui
609 4161 804 4218 educit
835 4159 1119 4217 eximium
1149 4176 1222 4216 ex
1249 4159 1514 4234 indigno,
1547 4159 1710 4217 velut
1735 4177 1800 4217 os
1837 4177 2036 4217 meum

389 4253 520 4310 erit.

464 4345 610 4398 Post
663 4341 1178 4414 concupiscentias
1225 4346 1359 4396 tuas
1405 4356 1528 4396 non
1577 4356 1696 4406 eas,
1746 4344 1866 4395 eta
1894 4356 2038 4396 con-

402 4431 558 4489 siliis
579 4431 698 4486 tuis
723 4437 1017 4498 avertere;
1035 4446 1110 4486 ne
1133 4429 1447 4486 oblecteris
1469 4429 1530 4484 in
1555 4428 1760 4484 multis
1783 4428 2036 4498 deliciis,

460 4601 538 4671 (ξι)
572 4599 845 4671 Corrupit
872 4616 1106 4671 versum
1139 4599 1376 4656 Homeri
1411 4598 1512 4656 Od.
1559 4615 1716 4666 xvin,
1761 4601 1867 4654 30:
1899 4594 2033 4654 Οὐδ.
2066 4589 2112 4653 D

386 4667 722 4748 ακιδν.-γαῖα
751 4667 932 4748 τρέφει
961 4669 1112 4748 ἀνθρ.

457 4745 532 4812 (4)
565 4739 634 4796 Et
664 4739 820 4824 apud
856 4739 1468 4824 Ant.SerIn.__1:£.t),.p.
1517 4742 1642 4806 2-20,
1700 4740 1800 4796 ubi
1833 4739 2035 4824 alma-

388 4817 517 4882 ζων,
551 4813 710 4883 quod
769 4813 1027 4884 pessime
1078 4813 1338 4868 reddidit
1385 4812 1702 4884 interpres.
1753 4837 1779 4860 α
1816 4812 2034 4869 divitiis

387 4891 564 4958 utens
595 4883 1004 4958 :__»_inseralur
1035 4885 1452 4958 (1.1),etverle:
1487 4908 1514 4934 ‹‹
1549 4883 1653 4940 Sed
1678 4884 1780 4957 qui
1799 4901 1920 4940 non
1943 4885 2032 4941 in-

387 4955 551 5027 diget
582 4954 832 5027 divitiis.)
855 4954 1062 5027 beatus
1093 4956 1196 5012 ille
1221 4962 1330 5012 est.
1363 4975 1394 5006 ιο

459 5025 532 5101 (5)
565 5025 777 5101 Codex,
814 5025 1016 5101 βραχῦ.

460 5100 532 5164 (6)
562 5100 724 5152 Prov.
763 5115 834 5164 Iv,
866 5100 974 5166 25’;
1009 5103 1066 5153 et
1095 5115 1146 5165 v,
1180 5101 1267 5153 21.

457 5172 536 5240 (7)
568 5171 714 5224 Prov
767 5187 856 5230 xv,
893 5174 941 5224 1.

461 5235 535 5306 (8)
566 5243 735 5314 Prov.
768 5257 905 5306 xvn,
937 5243 992 5304 9,
1025 5241 1124 5295 ubi
1149 5235 1484 5314 ἀδικήματα.

459 5316 538 5380 (9)
568 5311 736 5383 Apud
775 5319 1000 5385 Anton.
1023 5314 1207 5367 Serm.
1242 5311 1362 5385 440.
1395 5329 1528 5385 pag.
1555 5314 1680 5375 220,
1706 5329 1838 5369 cum
1866 5324 2036 5375 nota-

386 5384 492 5461 bili
527 5380 808 5461 varietate
840 5380 1065 5461 ὁμιλίας
1116 5399 1221 5454 pro
1270 5380 1549 5461 ῥμονοίᾶς,
1601 5389 1661 5461 et
1705 5387 2038 5461 priqipro

389 5451 560 5582 ἓὶχαῖε
597 5472 746 5527 quas
778 5451 1066 5509 lectiones
1108 5451 1393 5525 reperiet
1423 5455 1482 5508 in
1532 5451 1746 5508 codice
1789 5451 2036 5532 1168Ϊρ.

463 5600 576 5676 (10)
610 5596 835 5654 Sirach.
894 5611 1067 5662 xxvu,
1113 5597 1198 5662 16,
1249 5594 1352 5650 ubi
1409 5595 1438 5648 ὁ
1484 5589 1886 5652 ἀποκαλύπτων
1944 5621 2041 5676 μυ-

391 5668 663 5740 στήρια...

2065 3223 2204 3322 csa

2227 663 2346 720 Οὐκ
2373 661 2610 742 ἀσφαλὲς
2645 663 2761 738 μετ’
2819 661 3047 734 ἐσθῆτος
3103 665 3389 744 νήχεσθαι,
3445 661 3572 720 οὐδὲ
3626 666 3806 727 πάθος

2154 747 2338 832 ἔχοντι
2371 750 2658 828 θεολογίας
2691 749 2970 810 ἅπτεσθαι.

2225 839 2394 901 Οὐδὲν
2431 846 2501 913 (3)
2532 839 2876 918 ἀκιδνότερον
2907 850 2976 920 γῆ
3014 842 3257 925 ἐκτρέφει
3287 844 3621 920 ἀνθρώποιοο

2226 930 2532 1007 Κυρίλλου.
2566 965 2631 975 -
2664 932 2724 988 Ὀ
2765 932 2893 995 Θεὸς
2951 929 3192 1008 δαψιλής
3251 932 3393 990 ἐστιν
3449 934 3526 997 εἰς
3583 935 3810 1012 εὐεργε-

2153 1022 2288 1078 σίαν·
2322 1023 2602 1098 περιμένει
2631 1019 2686 1077 δὲ
2719 1021 2944 1079 ἑκάστου
2974 1025 3072 1090 τήν
3107 1026 3330 1101 γνησίαν
3357 1025 3693 1100 προαίρεσιν.

2225 1111 2479 1167 Σέκστου.
2511 1111 2729 1191 -Οὖχ
2758 1116 2832 1184 (4)
2863 1113 2892 1168 ὁ
2941 1110 3223 1185 πλουτῶν,
3266 1112 3393 1170 ἀλλ’
3443 1115 3470 1170 ὁ
3525 1116 3599 1190 μὴ
3651 1117 3806 1191 χρῄ-

2151 1207 2257 1272 ζων
2285 1199 2553 1268 πλούτου,
2590 1203 2876 1276 μακάριος.

2220 1291 2298 1349 Οὐ
2325 1291 2387 1346 τὸ
2419 1292 2684 1365 σύντομον
2711 1297 2808 1347 τοῦ
2843 1293 2968 1368 βίου
2999 1289 3192 1363 δεινὸν,
3242 1291 3375 1350 ἀλλ’
3422 1293 3531 1364 ὅτι,
3586 1295 3807 1371 βραχὺς

2148 1383 2222 1454 (5)
2255 1380 2533 1460 πεφυκὼς,
2567 1402 2638 1437 πο
2664 1379 2825 1443 κίλας
2854 1377 2972 1458 ἔχει
2998 1380 3313 1459 φροντίδας.

2217 1468 2386 1527 Οὐδὲν
2421 1469 2597 1533 οὕτως
2631 1471 2910 1549 εὐάγωγον
2941 1472 3015 1535 εἷς
3047 1471 3286 1549 ἀγάπην,
3319 1474 3393 1536 ὡς
3421 1475 3484 1530 τὸ
3519 1476 3596 1549 μὴ
3626 1495 3807 1530 κατα-

2147 1562 2431 1636 γινώσκειν
2463 1561 2588 1617 τινί.

2219 1651 2612 1726 Σολομῶντος.
2645 1685 2709 1695 -
2744 1653 2810 1709 Οἱ
2838 1654 2912 1726 (6)
2941 1650 3224 1732 ὀφθαλμοί
3257 1674 3353 1708 σου
3403 1654 3537 1728 ὀρθὰ
3594 1653 3802 1730 βλεπέ-

2145 1763 2343 1808 τωσαν,
2377 1738 2460 1796 ὅτι
2491 1739 2717 1798 ἐνώπιόν
2748 1743 2848 1798 εἶσι
2879 1747 2988 1798 τῶν
3017 1747 3113 1798 τοῦ
3144 1747 3280 1799 Θεοῦ
3313 1742 3633 1821 ὀφθαλμῶν.

2067 1866 2116 1931 Β
2223 1833 2310 1887 71
2350 1832 2525 1908 Ὀργὴ
2561 1837 2632 1896 (7)
2659 1829 2934 1931 ἀπόλλυσι
2965 1831 3055 1887 καὶ
3078 1832 3398 1909 φρονίμους.

2218 1920 2315 1982 ’ος
2347 1923 2424 1991 (8)
2451 1919 2678 1992 κρύπτει
2709 1917 2983 1994 ἆδίλημα,
3037 1925 3190 1991 ζητεῖ
3236 1918 3444 1995 φιλίανο
3491 1916 3550 1982 ὅς
3593 1918 3649 1976 δὶ
3698 1943 3799 1994 μι-

2143 2016 2225 2066 σεῖ
2253 2009 2531 2086 κρύπτειν,
2563 2009 2805 2083 διίστησι
2835 2009 3032 2092 φίλους
3058 2012 3148 2068 καὶ
3179 2011 3436 2078 οἰκείους.

2213 2189 2469 2249 Σέκστου.
2518 2224 2582 2235 -
2635 2189 2800 2248 Οὐδὲν
2852 2198 2960 2250 τῶν
3020 2193 3312 2270 παρόντων
3370 2191 3485 2248 ἐστὶ
3541 2193 3793 2268 τερπνὸν,

2141 2279 2186 2335 εἰ
2225 2282 2298 2352 μή
2327 2281 2389 2336 τὸ
2425 2280 2584 2352 μὲνον
2609 2282 2717 2340 ἀεί.

2209 2370 2350 2431 Οῧτε
2384 2378 2458 2447 (9)
2488 2375 2793 2446 συμπόσιον
2846 2377 2970 2432 ἄνευ
3029 2377 3311 2450 ὁμονοίας,
3367 2372 3492 2433 οὔτε
3548 2373 3790 2432 πλοῦτος

2140 2459 2272 2538 δίχα
2301 2461 2500 2536 ἀρετῆς
2527 2461 2734 2533 ἡδονὴν
2770 2459 2909 2542 ἔχει.

2209 2549 2596 2624 Σολομῶντος.
2644 2586 2726 2624 ,-
2782 2555 2844 2614 Ὁ
2898 2558 3010 2630 (10)
3068 2553 3427 2629 ἀποκαλύψας
3485 2556 3786 2631 μυστήριον

2137 2637 2391 2697 ἀπώλεσε
2419 2641 2622 2700 πίστιν.
3609 2709 3612 2712 ,

2209 2731 2307 2792 ὐς
2365 2734 2478 2803 (11)
2533 2731 2788 2788 πέποιθεν
2841 2731 2930 2790 ἐπὶ
2987 2732 3172 2808 θράσει
3251 2731 3502 2809 καρδίας,
3582 2730 3785 2813 ἄφρωνο

2138 2820 2297 2898 σοφοὶ
2334 2817 2393 2876 δὲ
2421 2827 2534 2892 (12)
2565 2822 2863 2897 κρῦψουσιν
2895 2820 3169 2890 α”σθησιν.

2204 2911 2308 2972 "Oc
2340 2913 2448 2982 (l3)
2479 2908 2744 2991 φυλάσσει
2778 2911 2841 2967 τὸ
2873 2913 3054 2988 στόμα
3093 2901 3262 2969 αὐτοῦ
3308 2917 3469 2988 τηρεῖ
3512 2912 3614 2981 τήν
3666 2912 3792 2967 ἑαυ-

2136 3003 2234 3055 τοῦ
2287 3001 2491 3074 ψυχήν·
2549 3001 2577 3054 ὁ
2637 2997 2696 3056 δὲ
2777 3009 3058 3075 προπετὴς
3115 3000 3168 3056 ἐν
3259 3001 3476 3076 χείλεσι
3557 3002 3789 3071 πτοήσει

2137 3087 2350 3147 ἑαυτόν.

2218 3179 2313 3240 Ὅς
2343 3182 2456 3248 (14]
2487 3176 2628 3235 ἐστιν
2674 3176 2812 3250 ἠδὺς
2870 3177 2924 3234 ἐν
2983 3178 3145 3236 οἷ’νων
3197 3174 3509 3256 διατριϐαῖς
3569 3179 3620 3234 ἐν
3673 3183 3791 3238 τοῖς

2210 3270 2339 3322 υτοῦ
2369 3267 2695 3343 ὀχυρώμασι
2725 3265 3043 3342 καταλείψει
3073 3270 3320 3342 ἀτιμίαν,

2211 3357 2308 3418 ὐς
2339 3358 2443 3428 (15(
2499 3355 2842 3432 ἀποκρίνεται
2897 3355 3066 3435 λόγον
3119 3359 3246 3434 πρὶν
3307 3357 3562 3429 ἀκοῦσαι,
3611 3357 3787 3437 ἀφρο-

2141 3445 2270 3513 σύνη
2303 3445 2453 3518 αὖτῷ
2484 3444 2626 3500 ἐστιν
2653 3446 2744 3500 καὶ
2767 3442 2993 3507 όνειδος.

2212 3531 2406 3596 Οὐδεὶς
2439 3538 2549 3608 (16)
2579 3529 2728 3591 ἔσται
2758 3533 3088 3614 φιλόπότης,
3121 3536 3168 3591 εἰ
3195 3536 3303 3610 πρὸ
3349 3533 3648 3616 ὀφθαλμῶν
3694 3536 3788 3596 τὰς

2138 3629 2246 3680 τῶν
2279 3625 2588 3698 μεθυόντων
2615 3623 3008 3700 ἀσχημοσῦνας
3038 3620 3177 3701 ἔχει.

2210 3712 2272 3771 Ὀ
2303 3718 2414 3784 (17)
2445 3713 2726 3789 προπετὴς
2757 3712 2809 3768 ἐν
2839 3710 2988 3790 λόγῳ
3019 3716 3400 3788 μισηθπςσεται.

2208 3800 2518 3876 Ὀλίσθημα
2547 3805 2657 3877 (18)
2680 3801 2787 3859 ἀπὸ
2831 3800 3060 3882 ἐδάφους
3107 3801 3321 3878 μᾶλλον
3366 3803 3401 3873 ἢ
3434 3802 3539 3858 ἀπὸ
3593 3800 3780 3880 γλώσ-

2141 3913 2263 3966 anc.

2215 3983 2312 4039 ’12
2343 3980 2440 4040 Ὃς
2471 3981 2578 4054 (19)
2603 3977 2866 4055 ἐρείδεται
2907 3978 2996 4036 ἐπὶ
3055 3977 3320 4056 ψεύδεσιν,
3371 3999 3527 4042 ουτος
3574 3997 3783 4052 ποιμα-

2139 4079 2218 4129 νεῖ
2247 4071 2497 4146 ἆνὲμους.

2209 4162 2272 4220 Ὀ
2303 4159 2508 4238 ἐξάγων
2539 4157 2724 4234 τίμιον
2753 4159 2803 4232 ἐξ
2837 4161 3077 4233 ἀναξίου,
3111 4160 3186 4224 ὥς
3215 4161 3394 4237 στόμα
3427 4180 3531 4234 μου
3580 4153 3748 4215 ἔσται.

2214 4340 2422 4398 Ὀπίσω
2453 4342 2564 4416 (20)
2595 4346 2702 4396 τῶν
2733 4339 3036 4407 ἐπιθυμιῶν
3084 4363 3178 4398 σου
3241 4343 3317 4415 μή
3377 4338 3636 4414 πορεύου,
3693 4337 3787 4394 καὶ

2142 4430 2247 4487 ἀπὸ
2278 4435 2386 4486 τῶν
2419 4429 2643 4504 ὀρὲξεών
2675 4449 2771 4486 σου
2801 4427 3046 4485 κωλύου·
3076 4429 3168 4486 καὶ
3202 4431 3278 4502 μή
3343 4427 3627 4507 εὐφραίνου
3675 4428 3790 4501 (21)

2219 4611 2330 4698 (11)
2362 4612 2526 4665 Prov.
2559 4627 2756 4680 xxvm,
2791 4612 2881 4676 26,
2915 4610 3016 4666 ubi
3065 4607 3285 4683 θρασείᾳ
3339 4602 3534 4681 καρδίᾳ
3557 4607 3585 4661 ὁ
3613 4609 3794 4660 «coma.

2139 4701 2232 4738 τος
2265 4701 2468 4738 domm.

2209 4701 2232 4743 ς
2265 4701 2297 4734 α
2345 4701 2468 4735 οων.

2217 4701 2530 4826 (12ῗῬιόν.
2564 4770 2619 4813 x.
2655 4755 2740 4810 14.

2187 4821 2535 4948 ‘(l3)'{’rov.
2567 4841 2688 4890 xm,
2721 4827 2773 4895 3,
2806 4824 2908 4881 ubi
2935 4823 2999 4879 τὸ
3044 4823 3236 4879 ἑαυτοῦ
3285 4821 3531 4898 στόμα...
3585 4839 3795 4896 προπεο

2187 4915 2241 4948 ης
2272 4914 2362 4948 γει
2412 4938 2423 4948 .

2141 4915 2241 4965 της
2272 4915 2423 4965 χειιι.

2216 4914 2528 5036 flgitium
2559 4983 2658 5040 xu.
2697 4968 2779 5040 11.
2813 4968 2916 5040 Est
2945 4972 3004 5022 et
3031 4966 3188 5040 apud
3219 4970 3438 5023 Anton.
3477 4967 3662 5023 Serm.
3704 4965 3792 5032 68,

2148 5034 2370 5113 p.114.
2399 5041 2490 5098 45.
2522 5037 2621 5092 ubi
2653 5037 2808 5094 male
2841 5034 2991 5111 οἷ’νῳ.

2219 5113 2326 5178 (15)
2360 5112 2522 5164 Prov.
2555 5126 2712 5174 xvm,
2748 5113 2810 5165 13

2221 5175 2332 5259 (16)
2366 5180 2534 5259 Apud
2566 5185 2757 5236 Anton
2815 5182 2999 5259 Serm.
3154 5198 3212 5259 p_
3239 5184 3374 5259 _H6,
3405 5182 3494 5248 39,
3518 5182 3668 5259 σοφῷ
3687 5175 3793 5231 τινὶ

2150 5253 2451 5311 tribuitur.
2485 5258 2543 5306 et
2571 5269 2705 5308 cum
2739 5253 3017 5310 varietate
3050 5253 3130 5309 ibi
3159 5253 3436 5310 videnda.

2220 5328 2329 5396 (17)
2361 5323 2582 5396 Sirach.
2617 5341 2692 5387 ix.
2729 5326 2814 5379 18.

2220 5398 2333 5464 (18)
2363 5395 2583 5452 Sirach.
2617 5413 2710 5462 xx,
2747 5397 2833 5450 18.

2221 5468 2330 5536 (19)
2365 5468 2543 5541 ξενον.-
2566 5484 2618 5525 x.
2655 5469 2708 5530 5,
2741 5467 2840 5522 ubi
2873 5466 3172 5541 ποιμαῖνει,

2219 5541 2333 5608 (20)
2367 5538 2586 5608 Sirach.
2624 5555 2776 5602 xvm.
2811 5541 2900 5594 30.

2218 5607 2334 5681 (21)
2362 5607 2586 5666 Sirach.
2619 5627 2776 5680 xvm,
2808 5612 2896 5666 32.

4053 4315 4055 4370 l

4053 4581 4055 4640 l
