4070 6196
385 326 543 390 1129

371 638 669 712 προσέχων
700 643 1002 713 προσθήσει
1035 646 1203 717 ζωήν,

440 728 554 783 Οὐκ
584 727 933 807 ὠφελήσουσι
990 735 1254 811 θησαυροὶ
1314 740 1573 814 ἀνόμους’
1619 740 1933 819 δικαιοσύνη
1967 746 2024 805 δὲ

366 816 427 873 ἐκ
458 820 686 884 θανάτου
710 821 915 897 ῥύεται.

434 910 736 984 ὈΕ-ὖθυμος
800 916 915 986 (22)
1001 914 1137 991 ἀνὴρ
1222 921 1452 995 πράσσει
1535 925 1670 997 μετὰ
1727 923 2014 991 ἀϐουλίαςι

362 1000 500 1074 ἀνὴρ
535 998 593 1057 δὲ
623 1004 894 1077 φρόνιμος
921 1005 1107 1061 πολλὰ
1145 1009 1421 1088 ὑποφέρει.

430 1090 492 1148 Ὀ
522 1094 635 1163 (23)
665 1089 832 1147 ἐλεῶν
862 1097 1088 1171 πτωχὸν
1121 1103 1476 1172 μακαριστός.

428 1177 580 1237 Ὁδοὶ
610 1184 723 1256 (24)
774 1187 919 1253 ζωῆς
971 1182 1312 1263 διανοήματα
1370 1197 1610 1263 συνετοῦ,
1643 1192 1733 1250 ἴνα
1762 1196 2012 1262 ἐκκλίνας

357 1268 416 1324 ἐκ
442 1274 538 1325 τοῦ
568 1268 700 1341 ᾅδου
727 1277 900 1347 σωθῇ.

425 1355 579 1414 Ὀδοὶ
611 1361 725 1433 (25)
756 1364 1104 1433 μνησικάκων
1138 1366 1213 1428 εἷς
1244 1368 1489 1425 θάνατον·

423 1442 575 1502 Ὀδοὶ
608 1451 721 1520 (26)
751 1449 960 1528 ἀεργῶν
995 1451 1332 1528 ἐστρωμέναι
1364 1456 1637 1523 ἀκάνθαις.

426 1541 773 1612 Παροιμιῶν.
825 1573 890 1584 -
947 1542 1009 1599 '0
1064 1542 1504 1622 σκληροκάρδιος
1538 1555 1652 1624 (27)
1683 1550 1745 1606 οὐ
1778 1560 2006 1626 συναντᾷ

347 1624 599 1700 ἀγαθοῖς.

417 1714 480 1771 Ὁ
540 1714 761 1781 σκολιὸς
821 1722 935 1793 (28)
993 1718 1081 1777 ἐπὶ
1139 1723 1201 1778 τὸ
1259 1725 1451 1781 ἑαυτοῦ
1509 1728 1686 1805 στόμα
1717 1739 1875 1810 φορεῖ
1903 1737 2001 1805 τήν

341 1802 646 1866 ἀπώλειαν,

415 1892 492 1950 Οὔ
525 1900 633 1967 (29)
682 1897 869 1971 χρείαν
926 1895 1041 1976 ἔχει
1104 1903 1295 1981 σοφίας
1350 1903 1531 1978 ἐνδεὴς
1585 1915 1815 1987 φρενῶν·
1854 1911 1996 1986 μᾶλ-

343 1979 440 2037 λον
475 1985 580 2057 γάρ
614 1984 801 2063 ἄγεται
833 1992 900 2061 τῇ
929 1990 1120 2046 ἑαυτοῦ
1151 1997 1491 2071 σωφροσύνῃ.

410 2069 562 2130 Ὀδοὶ
595 2078 707 2147 (30)
739 2076 984 2156 ἀφρόνων
1018 2078 1172 2156 ὀρθαῖ
1206 2069 1669 2146 ἐνώπιονίαύτῶν.

421 2164 517 2220 73
556 2162 677 2240 υῦχ
725 2168 871 2222 οὕτω
917 2175 1034 2231 τοῖς
1093 2170 1346 2250 ὀρφανοῖς
1394 2177 1545 2231 παισὶ
1575 2174 1612 2247 ἤ
1644 2177 1992 2252 ἀναισθήτοις

339 2248 595 2324 ἀνδράσιν
624 2253 933 2329 ἐπιτρόπων
960 2256 1108 2314 ἔσται
1131 2263 1311 2335 χρεία.

408 2340 469 2397 '0
498 2344 612 2415 (31)
655 2342 953 2400 πλειόντων
1015 2344 1151 2424 ἐρῶν
1208 2351 1296 2406 καὶ
1355 2358 1462 2408 τῶν
1505 2355 1817 2429 προσόντων
1847 2358 1988 2414 ἀπο-

334 2435 624 2503 στερεῖται.

406 2519 469 2572 Οἱ
502 2524 610 2575 τῶν
670 2523 940 2600 μεγίστων
1000 2524 1227 2602 ἐρῶντες
1284 2531 1373 2585 καὶ
1433 2536 1541 2587 τῶν
1587 2536 1817 2609 μετρίων
1848 2537 1983 2595 ἀπο-

330 2610 717 2683 τυγχάνουσιν.

399 2697 464 2754 '0
497 2702 692 2755 συνιὼν
755 2707 869 2773 (32)
927 2711 1194 2782 πονηροῖς
1253 2710 1352 2779 τὴν
1411 2710 1578 2782 αὐτὴν
1630 2715 1812 2778 αὐτοῖς
1844 2717 1981 2773 ὑπο-

327 2790 582 2858 στήσεται
617 2787 856 2864 βλάϐην.
1594 2880 1599 2885 ἡ

398 2881 467 2938 Οἱ
525 2886 629 2945 (33)
688 2888 919 2962 πονηροῖ
974 2888 1201 2966 χάριτος
1258 2890 1497 2968 ἀμοιϐάς
1544 2881 1975 2978 ἀντεισφέρονται

328 2965 561 3044 βλάϐας.

396 3060 805 3136 Ἱπποκράτους.
840 3068 1167 3126 -Ὁπόταν
1225 3074 1336 3146 (34)
1395 3074 1611 3151 ἀκμάζῃ
1671 3079 1733 3133 τὸ
1792 3084 1972 3153 σῶμα,

322 3149 448 3204 τότε
481 3149 784 3228 λεπτοτάτῃ
814 3156 1107 3231 ἀναγκαῖον
1144 3159 1421 3235 χρὲεσθαι.

397 3239 646 3314 Μάρκου,
681 3223 836 3301 —"0
898 3223 1006 3320 (35)
1065 3223 1389 3321 ἀϐουλήτως
1420 3258 1627 3308 κοπιῶν
1658 3256 1968 3320 καθολικῶς
2010 3223 2052 3289 c

317 3332 431 3392 κῶς
476 3333 773 3408 πτωχεύει·
808 3336 836 3390 6
868 3333 924 3391 δὲ
971 3340 1087 3411 μετ’
1130 3338 1358 3404 ἐλπίδος
1407 3339 1623 3419 τρέχων
1668 3343 1973 3412 δίπλουτός

318 3415 483 3475 ἐστιν.

390 3505 685 3583 Οἷκοδόμῳ
737 3506 906 3569 ἔοικεν
965 3516 993 3570 6
1052 3516 1201 3580 Θεός·
1265 3519 1384 3581 οἳας
1436 3518 1495 3574 ἂν
1534 3521 1685 3594 αὖτῷ
1710 3522 1805 3585 τὰς
1837 3523 1970 3587 ὕλας

313 3597 713 3672 παράσχωμεν,
785 3603 1038 3666 τοιαύτας
1113 3607 1248 3677 ἡμῖν
1328 3607 1591 3683 ἀνεγείρει
1648 3610 1846 3673 οἰκίας·
1906 3614 1967 3670 ἂν

316 3681 574 3759 λαμπρὰς
628 3688 779 3761 αὖτῷ
830 3692 919 3747 καὶ
977 3697 1224 3769 χρηστάς
1292 3700 1665 3775 παράσχωμεν
1726 3702 1963 3776 πράξεις,

316 3773 368 3845 ἐξ
397 3775 573 3832 αὖτών
601 3781 737 3850 ἡμῖν
769 3778 999 3857 λαμπρά
1029 3780 1361 3861 δημιουργεῖ
1388 3773 1768 3863 καταλύματα.

387 3863 447 3920 Ὁ
480 3866 609 3926 Θεὸς
639 3867 932 3945 ἀπέῥριψεν
961 3871 1134 3943 ἡμᾶς,
1181 3880 1271 3928 καί
1320 3874 1567 3933 ἐπότισεν
1621 3880 1771 3951 ἡμᾶς
1819 3879 1964 3956 ὕδωρ

314 3948 520 4026 χολῆς,
554 3953 637 4010 ὅτι
695 3958 1019 4032 ἡμάρτομεν
1070 3959 1312 4019 ἐναντίον
1370 3965 1558 4023 αὐτοῦ.
1593 3948 1961 4044 Συνήχθημεν

313 4038 391 4101 εἷς
459 4042 703 4119 εἰρήνην,
778 4048 868 4103 καὶ
934 4048 1033 4104 οὐκ
1096 4052 1162 4121 ἦν
1240 4052 1410 4129 ἀγαθὰ
1477 4055 1553 4120 εἰς
1619 4060 1806 4135 καιρὸν
1878 4060 1960 4116 ἰά-

311 4150 450 4192 σεως
480 4135 615 4205 (36).

383 4217 739 4299 ’Δμϐακούμ.
778 4260 848 4270 -
900 4231 1021 4288 Ὅτι
1077 4231 1366 4304 ἠμελησάς
1398 4256 1524 4308 μου,
1562 4235 1705 4313 λέγει
1740 4238 1957 4313 Κύριος,

308 4309 366 4365 αῖ
397 4309 515 4367 ὁδοί
547 4334 644 4368 σου
673 4315 763 4370 καὶ
814 4319 881 4373 τά
939 4318 1346 4395 ἐπιτηδεύματά
1376 4345 1472 4379 σου
1505 4324 1766 4398 ἐποίησαν
1792 4329 1961 4385 ταῧτά

307 4420 416 4456 σοί.

380 4490 519 4544 Οὐαὶ
552 4494 663 4563 (37)
694 4493 1043 4566 ὁπληθῦνων
1104 4500 1279 4574 ἐαυτῷ
1337 4503 1405 4557 τὰ
1463 4504 1565 4559 οὐκ
1613 4501 1741 4561 ὄντα
1788 4508 1955 4580 αὐτῷ,

1767 349 2376 426 GNOMOLOGIUM.

377 457 464 513 ἐπὶ
494 456 684 531 πολλῇ
717 464 917 539 τρυφῇ,
949 461 1041 518 καί
1102 466 1177 537 μὴ
1239 465 1478 545 ἐκχυθῇς
1535 469 1623 527 ἐπὶ
1653 474 1881 532 πολλῶν
1911 475 2025 534 ἐδε-

376 547 621 621 σμάτων
658 547 710 604 ἐν
740 548 980 613 πολλοῖς
1026 554 1129 630 γὰρ
1190 557 1474 633 βρώμασιν
1518 556 1665 619 ἔσται
1695 560 1875 630 νόσος·
1909 570 1938 624 6
1972 567 2028 626 δὲ

2028 4032 2042 4061 1
2070 3975 2212 4045 quia
2247 3994 2700 4048 peccaveramus
2748 4007 2947 4049 coram
2996 3998 3125 4054 illo.

3635 410 3791 471 U30

2055 486 2334 563 Aneque
2365 499 2693 562 effundaris
2748 509 2810 565 in
2872 516 3076 573 multis
3131 522 3421 596 dapibus:
3484 532 3545 591 in
3589 541 3791 600 multis

2138 584 2297 641 enim
2332 593 2483 648 escis
2514 602 2604 651 est
2624 600 2891 659 morbus.
2914 607 3022 672 Qui
3044 618 3240 669 autem
3264 617 3357 674 his
3381 638 3443 678 se
3467 632 3585 697 dat,
3610 631 3791 690 vitam

2134 685 2412 747 apponeL

2203 766 2330 822 Non
2368 772 2697 840 proderunt
2730 780 2990 841 thesauri
3024 789 3246 863 iniquis
3273 813 3287 861 ;
3314 798 3551 869 justitia
3587 816 3787 868 autem

2132 868 2162 906 e
2194 861 2383 913 morte
2417 864 2590 919 eruit.

2202 943 2524 1017 Impatiens
2554 955 2641 1009 vir
2669 959 2789 1030 agit
2817 979 2952 1020 cum
3001 968 3422 1047 imprudentia,
3456 985 3542 1039 vir
3577 1005 3779 1047 sensa~

2130 1036 2222 1087 tus
2253 1043 2457 1097 autem
2489 1044 2674 1101 multa
2704 1052 2979 1112 sustinet.

2195 1122 2300 1187 Qui
2336 1128 2655 1188 miseretur
2679 1145 2978 1213 pauperis,
3011 1146 3416 1216 beatissimus.

2194 1210 2428 1271 Semita;
2477 1221 2607 1276 vitaa
2656 1210 3041 1297 cogitationes
3091 1210 3425 1316 prudentis,
3478 1260 3544 1309 ut
3589 1257 3771 1315 infer-

2119 1315 2263 1356 num
2299 1305 2526 1364 evilaus
2557 1312 2833 1373 salvetur.

2192 1391 2307 1447 Via)
2340 1395 2757 1459 ulciscentium
2790 1407 3027 1480 injuriis
3060 1417 3132 1471 ad
3162 1430 3416 1482 mortem
3452 1430 3694 1491 ducunt.

2192 1480 2308 1536 Vim
2340 1485 2641 1558 pigrorum
2675 1495 2863 1566 spinis
2894 1511 3230 1567 constrata}.

2186 1571 2627 1637 Proverbiorum.
2678 1615 2746 1624 —
2790 1587 2896 1650 Qui
2958 1599 3218 1663 perversi
3273 1606 3470 1663 cordis
3502 1616 3613 1681 est,
3646 1630 3768 1672 non

2111 1656 2375 1717 inveniet
2406 1663 2645 1725 bonum.

2184 1748 2282 1803 Vir
2312 1751 2590 1826 obliquus
2621 1760 2682 1816 in
2715 1780 2817 1820 ore
2845 1784 2949 1824 suo
2975 1771 3091 1829 fert
3120 1779 3519 1847 perditionem

2184 1928 2307 1983 Non
2341 1938 2471 2004 eget
2500 1939 2792 2009 sapientia
2821 1948 2921 2015 qui
2982 1960 3142 2009 caret
3191 1958 3539 2033 intellectu;
3577 1973 3759 2043 magis

2192 2016 2266 2043 :m
2307 2018 2500 2043 ,ΙηΑξιμ
2530 2042 2533 2043 ν
2840 2033 2854 2043 ·
2970 2038 2981 2043 ‘

2111 2016 2270 2071 enim
2303 2018 2539 2077 ducitur
2569 2044 2676 2081 sua
2708 2033 3041 2101 prudentia.

2185 2106 2299 2161 Vim
2334 2111 2650 2171 stultorum
2686 2127 2859 2177 rectm
2890 2141 3088 2185 coram
3112 2133 3218 2189 eis.

2178 2197 2302 2251 Non
2334 2204 2451 2255 tam
2486 2206 2771 2275 orphanis
2826 2218 3048 2287 pueris,
3104 2239 3281 2292 quam
3332 2232 3582 2303 stupidis
3613 2237 3754 2295 viris

2104 2286 2401 2343 tutoribus
2432 2308 2579 2363 opus
2611 2298 2742 2353 erit.

2174 2375 2280 2438 Qui
2313 2378 2485 2448 plura
2514 2385 2697 2455 cupit,
2731 2389 2820 2444 vel
2852 2393 2937 2447 eis
2969 2412 3099 2467 qua;
3131 2402 3347 2461 adsunt
3375 2410 3658 2479 privatur.

2170 2553 2276 2617 Qui
2306 2559 2563 2615 maxima
2588 2566 2858 2636 cupiunt,
2879 2586 2954 2625 ne
2976 2576 3302 2637 mediocria
3322 2588 3565 2657 quidem
3588 2608 3750 2649 asse-

2098 2649 2382 2710 quuntur.

2166 2731 2439 2795 Quicum
2500 2742 2695 2809 pravis
2749 2759 3150 2824 conversatur,
3210 2763 3480 2821 eamdem
3533 2785 3601 2826 ac
3631 2772 3744 2843 ipsi

2092 2820 2422 2889 perniciem
2453 2826 2733 2888 inveniet.

2164 2909 2280 2964 Viri
2334 2915 2496 2983 pravi
2552 2935 2659 2989 pro
2718 2926 2922 2996 gratias
2982 2937 3331 2997 muneribus
3373 2945 3740 3007 calamitates

2089 3007 2478 3060 commutant.

2156 3090 2531 3160 Hippocratis.
2565 3130 2629 3139 -—
2661 3102 2905 3166 Quando
2936 3112 3119 3167 crevit
3166 3131 3398 3190 corpus,
3462 3130 3600 3183 tunc
3648 3129 3738 3185 le-

2086 3175 2325 3233 vissimo
2358 3182 2513 3238 victu
2548 3202 2791 3246 necesse
2820 3201 2911 3248 est
2939 3198 3045 3253 uti.

2154 3268 2345 3322 Marci.
2373 3301 2437 3309 —
2466 3272 2572 3337 Qui
2598 3276 3035 3339 inconsiderate
3058 3287 3305 3357 laborat,
3333 3312 3569 3370 semper
3590 3320 3734 3374 pau-

2078 3369 2186 3423 per
2214 3361 2335 3424 est;
2370 3360 2471 3430 qui
2502 3369 2701 3420 autem
2736 3385 2871 3425 cum
2903 3389 3006 3445 spe
3046 3378 3254 3447 currit,
3306 3383 3396 3441 bis
3428 3360 3732 3450 dives-est.

2148 3533 2484 3593 Architecto
2518 3540 2731 3599 similis
2763 3552 2851 3602 est
2881 3550 3074 3608 Deus:
3120 3559 3326 3627 quales
3359 3564 3411 3619 ei
3445 3569 3733 3626 materias

2074 3621 2428 3691 praebemus,
2458 3628 2604 3685 tales
2629 3633 2799 3690 nobis
2828 3643 3077 3697 exstruit
3102 3621 3311 3705 domos
3333 3669 3347 3718 ;
3373 3653 3419 3707 si
3449 3656 3727 3726 pulchras

3336 3707 3347 3718 ι
3449 3707 3476 3726 ι-
3499 3707 3648 3714 """‘
3665 3707 3725 3716 ""

2074 3707 2161 3762 illi
2194 3716 2253 3765 et
2282 3712 2465 3771 bonas
2498 3721 2833 3788 praebemus
2864 3731 3150 3802 actiones,
3184 3754 3254 3793 ex
3285 3740 3359 3796 iis
3387 3744 3563 3801 nobis
3591 3748 3725 3821 pul-

2077 3798 2206 3821 -L__
2248 3805 2355 3821 ιμκι
2468 3806 2522 3821 οη
2571 3809 2604 3821 ἰ

2074 3798 2215 3854 chra
2248 3805 2398 3859 tecta
2428 3806 2631 3864 efﬁcit.

2147 3886 2297 3943 Deus
2326 3891 2543 3962 abjecit
2600 3914 2729 3967 nos,
2785 3908 2843 3957 et
2900 3906 3099 3964 hausit

2137 4244 2413 4304 Habacuc.
2472 4274 2545 4291 -
2594 4252 2883 4317 Quoniam
2943 4276 3037 4316 me
3100 4267 3436 4339 neglexisti,
3521 4275 3719 4347 inquit

2065 4330 2372 4401 Dominus,
2431 4337 2537 4392 vim
2578 4344 2693 4396 tum
2752 4349 3061 4416 et_mores
3123 4355 3205 4408 tui
3263 4358 3389 4413 hanc
3420 4361 3528 4417 tibi
3558 4364 3715 4421 fece-

2065 4426 2225 4476 runt.

2136 4510 2229 4565 Va;
2269 4512 2321 4566 ei
2355 4515 2457 4584 qui
2510 4518 2871 4591 multiplicat
2918 4543 3049 4595 qua:
3108 4547 3228 4589 non
3269 4552 3378 4592 sua
3409 4545 3566 4609 sunt,
3611 4544 3713 4615 qui

309 4581 410 4634 74
450 4578 477 4632 6
536 4584 649 4652 (38)
700 4581 1040 4641 πλεονεκτῶν
1100 4588 1414 4662 πλεονεξίαν
1469 4595 1639 4665 κακὴν
1694 4599 1774 4667 τῷ
1821 4578 1958 4670 οἷ’κῳ

2146 4610 2380 4674 ngregat
2410 4606 2666 4663 avaritias
2699 4611 2924 4669 malum
2956 4616 3161 4676 domui
3192 4640 3334 4680 suae.

304 4665 492 4724 αὐτοῦ.

378 4753 526 4816 Ἰώϐ.
559 4764 715 4819 -Ὁ
746 4766 859 4838 (39)
920 4765 1038 4842 βίος
1099 4790 1205 4843 μου
1259 4767 1621 4850 ἐλαφρότερος
1682 4772 1950 4852 δρομέως.

379 4940 490 5001 (22)
523 4943 689 4998 Prov.
724 4961 834 5010 xxv,
872 4950 956 5000 l7.

522 5014 684 5095 Prov.
716 5020 915 5095 x1v,A2_l
935 5062 947 5083 ,
974 5018 1074 5074 ubi
1099 5020 1378 5095 πτωχούς.

373 5084 486 5153 (24)
522 5088 685 5141 Prov.
714 5105 802 5152 xv,
832 5090 919 5143 24.

373 5157 487 5225 (25)
521 5158 685 5215 Prov.
719 5176 818 5219 xu.
854 5163 941 5215 28.

371 5229 484 5295 (26)
518 5230 684 5285 Prov.
716 5249 805 5296 xv,
832 5235 917 5288 l9.

369 5298 1127 5395 (ἓξ).¹ἰνον·ξῑξιοοὲοεμ,
1184 5374 1197 5393 ,
1261 5378 1342 5395 -.
1494 5383 1516 5395 -

370 5370 478 5454 (28:
513 5372 677 5454 Prov.
711 5392 820 5438 XVI,
854 5377 941 5454 27:
1110 5374 1197 5454 tua?
1220 5382 1299 5450 τῷ
1330 5378 1526 5454 εαυτοῆ
1552 5379 1801 5454 στόματι.

370 5442 481 5528 l2?)
513 5444 661 5500 Prov
712 5463 870 5515 xvm,
904 5450 955 5513 2,
981 5448 1080 5503 ubi
1115 5442 1295 5521 ἄγεται
1324 5450 1619 5526 ἀφροσύνῃ.
1642 5442 1709 5494 '—
1732 5456 1944 5528 Codex,

297 5510 487 5571 σοφός,

370 5570 485 5652 (30)
518 5587 686 5641 Prov.
722 5605 821 5656 xu,
858 5593 937 5643 l5.

371 5656 485 5728 (31)
518 5660 816 5732 Aphthon.
852 5662 987 5717 Fab.
1024 5666 1110 5721 15.

582 5776 843 5840 ΡΑτειοι..
887 5782 980 5841 Gn
995 5823 1011 5841 .
1053 5781 1298 5845 CXVII.

2131 4780 2251 4835 Job.
2282 4812 2350 4824 —
2380 4783 2515 4839 Vita
2538 4801 2665 4843 mea
2694 4789 2951 4849 velocior
2978 4814 3237 4858 cursore.

2279 4962 2579 5056 épPEE—lon.
2612 4966 2760 5056 τξοειιὶ).
2787 4973 2882 5056 14.
2917 4975 3129 5046 Editio,
3177 4982 3367 5056 συνὼν,
3401 4990 3636 5052 melius.

2132 5031 2248 5100 (33)
2281 5033 2556 5102 Aphthon
2612 5038 2749 5093 Fab.
2785 5043 2836 5097 9.

2130 5104 2243 5178 (34)
2278 5104 2443 5178 Hipp.
2474 5108 2690 5178 Aphor.
2726 5128 2760 5168 ι.
2794 5114 2846 5167 7.

2130 5175 2240 5272 (36»
2274 5175 2804 5272 Marcuns‘Eremita.
2837 5187 2917 5272 De
2945 5189 3285 5272 lege‘spirit.
3309 5200 3339 5271 §
3366 5204 3453 5260 71.
3487 5207 3710 5272 Quibus

3048 5244 3065 5247 ν
3096 5244 3118 5249 .-
3169 5244 3285 5254 --ς-η
3378 5244 3453 5260 ιι.
3540 5244 3706 5265 uluua

2206 5244 2251 5299 is
2281 5254 2515 5328 constat
2572 5260 2629 5307 et
2685 5256 2980 5316 scholium
3002 5244 3391 5329 O28rGradils
3429 5244 3607 5347 primi
3658 5282 3706 5336 Ι.

2130 5604 2242 5671 (38)
2282 5606 2492 5660 Hahae.
2528 5625 2588 5664 ιι.
2622 5613 2676 5666 9.

2130 5675 2241 5745 (39)
2271 5676 2397 5731 Job.
2432 5695 2512 5739 ιι.
2546 5682 2635 5737 25.

3345 5819 3426 5876 36
