4070 6196
313 345 469 406 1153

1711 338 2324 403 GNOMOLOGIUM.

3569 349 3726 409 1154

383 471 610 532 Νείλου.
673 504 735 515 -
793 472 962 546 Χάριν
1017 468 1113 547 ἔχε
1160 475 1293 527 Θεοῦ
1381 472 1663 546 κατορθῶν
1742 469 2009 547 ἀρετηνη

2148 474 2276 531 Nili.
2312 505 2378 515 —
2408 476 2632 531 Gratias
2672 491 2775 547 age
2830 476 2948 530 Deo
3008 475 3056 528 si
3116 476 3176 530 in
3234 476 3447 532 virtute
3478 494 3722 550 progre-

315 563 457 641 ῥοπὴ
491 563 596 639 γὰρ
630 583 688 618 σε
717 564 833 617 θεία
865 563 1000 637 πρὸς
1039 561 1206 630 αὐτὴν
1232 560 1542 617 ἐπεσκίασεν

388 742 642 816 Χρηστὸς
673 740 811 814 ἀνὴρ
846 740 873 794 ὁ
905 739 1190 815 οίκτείρων
1244 739 1335 795 καὶ
1388 745 1603 820 κιχρῶν
1651 742 1760 813 (63)
1818 740 1970 795 οἶκο-

311 836 546 908 νομησει
588 833 715 893 τοὺς
777 830 979 908 λόγους
1020 831 1188 887 αὐτοῦ
1238 829 1289 885 ἐν
1345 832 1543 907 κρίσει,
1601 830 1687 887 ὅτι
1746 830 1821 893 εἷς
1877 830 1968 885 τὸν

316 922 486 977 αἰῶνα
517 921 580 977 οὐ
613 919 1028 991 σαλενθήσεται.

466 1014 757 1086 Ἀριστο.,.

460 1101 631 1173 Χάριν
659 1102 774 1173 (74)
804 1097 1080 1173 τραπέζης
1114 1095 1365 1153 σπεύδων
1398 1093 1545 1176 ἔχειν
1575 1116 1658 1157 τις
1690 1093 1850 1152 φίλον

461 1196 663 1246 Θᾶττον
699 1187 860 1244 αὐτὸν
894 1188 1136 1257 ὠθεῖται,
1168 1188 1373 1259 ταύτης
1405 1186 1701 1263 ἀργοόσης.

464 1279 683 1347 Χαίρειν
854 1275 1001 1338 ὅλως
1024 1276 1311 1351 ἄνθρωπον
1343 1273 1601 1348 οὐδαμῶς
1631 1272 1729 1330 ἔνι·

468 1369 647 1425 Λύπαι
681 1367 785 1445 γὰρ
818 1366 1193 1422 εἰσπίπτουσιν
1222 1364 1416 1443 αἶ’φνης
1447 1366 1539 1420 καὶ
1567 1361 1752 1434 ζάλαι.

469 1459 611 1514 Χοῦς
644 1458 757 1530 (76)
790 1454 850 1510 ὲκ
880 1456 1015 1531 χοὸς
1040 1456 1105 1510 τὰ
1130 1455 1303 1511 πάντα
1331 1455 1421 1510 καὶ
1454 1454 1529 1514 εἷς
1556 1457 1692 1531 χοῦν
1716 1450 1903 1507 πάλιν.

480 1636 804 1708 Ἀσυμπαθῆ
841 1631 898 1689 δὲ
929 1630 1214 1713 σπλέγχνα
1234 1638 1349 1695 τοῖς
1380 1630 1619 1695 πολλοῖς
1644 1628 1747 1686 ἔνι.

402 1724 736 1799 Δημοξὲνου.
777 1757 847 1767 -ι
902 1724 1080 1799 Χάρις
1138 1725 1247 1797 (77)
1298 1723 1388 1778 καὶ
1446 1719 1626 1777 εὔνοια
1681 1722 1981 1777 πειθόντων

328 1815 501 1884 ἐστὶν,
533 1816 597 1870 οὐ
634 1815 999 1890 βιαζομένων.

405 1903 710 1983 Κυρίλλου.
747 1937 810 1947 -
840 1908 1044 1979 Χρῆμα
1088 1901 1320 1981 ἀληφῶς
1352 1901 1451 1958 οὐκ
1488 1902 1725 1976 ἀζήμιον
1759 1901 1821 1957 τὸ
1850 1897 1983 1956 κολ-

336 1998 533 2051 Λᾶσθαι
591 1997 693 2053 98
742 1999 1004 2067 πονηροῖς
1042 2012 1053 2023 ·
1099 1992 1321 2067 ἀτρεκὲς
1380 1992 1482 2068 γὰρ
1543 1992 1670 2059 δτι,
1729 1991 1866 2047 κατᾶ
1922 1989 1984 2046 τὸ

330 2083 713 2162 γεγραμμένον
748 2087 883 2157 (78),
916 2107 943 2136 ι(
977 2083 1005 2138 ό
1037 2082 1348 2157 ἁπτόμενος
1376 2082 1577 2152 πίσσης
1606 2079 1922 2155 μολύνεται.
1953 2101 1983 2133 »

412 2177 538 2247 Χρὴ
576 2174 789 2250 μᾶλλον
846 2178 1148 2244 ζηλοῦντας
1205 2172 1421 2238 ἒλέσθαι
1477 2175 1541 2229 τὸ
1602 2174 1840 2247 ἁμεινον,
1897 2170 1988 2227 καὶ

338 2266 516 2321 πάντα
548 2265 783 2325 σείοντας
843 2262 1013 2318 κάλον
1064 2260 1404 2337 ἁμιλλᾶσθαι
1464 2267 1572 2336 (79)
1633 2260 1811 2339 φιλεῖν
1873 2265 1989 2321 τοῖς

343 2352 451 2410 ὦδε
481 2352 805 2429 λαμπροῖςη

417 2444 605 2519 Χωρὶς
627 2444 857 2512 θεωρίας
914 2442 1342 2515 ἐπιστημονικῇ
1401 2438 1554 2496 οὐδὲν
1587 2446 1693 2496 τῶν
1752 2460 1995 2515 πραττο-

354 2533 527 2607 μένων
585 2532 756 2588 καλόν
791 2550 805 2565 °
867 2531 1145 2604 ἐπιστήμη
1202 2531 1305 2607 γαρ
1377 2526 1601 2609 ἓγγονον
1676 2524 1994 2591 εὐϐουλίας’

348 2622 588 2680 ἀϐουλία
619 2620 675 2679 δὲ
706 2622 768 2678 οὗ
800 2616 991 2679 καλόν.

423 2713 624 2793 Σιρὰχ.
654 2744 721 2755 —-
750 2710 924 2783 Χείλη
989 2707 1327 2767 πολυλάλων
1360 2709 1443 2783 ,τὰ
1497 2711 1600 2765 οὐκ
1652 2708 1829 2765 αὐτῶν
1877 2707 1999 2779 διη-

361 2807 649 2882 γήσονται.

432 2892 801 2968 Χορτάσματα
860 2894 972 2955 (8οὶ
1028 2890 1120 2945 καὶ
1203 2884 1404 2964 ῥάϐδος
1460 2888 1551 2943 καὶ
1604 2888 1797 2966 φορτία
1867 2883 2000 2959 ὄνῳο

357 2980 519 3057 ἄρτος
554 2978 610 3036 δὲ
636 2980 728 3036 καὶ
760 2976 976 3034 παιδεία
1005 2978 1098 3035 καὶ
1127 2974 1285 3057 ἔργον
1321 2977 1525 3054 οἰκέτῃ.

424 3070 695 3128 Ἰωάννου.
756 3101 824 3112 —
885 3070 1175 3143 Χειμῶνος
1221 3070 1257 3137 ἠ
1318 3065 1589 3144 δριμύτης
1649 3066 1788 3140 αἷμα
1844 3063 2006 3121 στελ-

356 3158 532 3216 λουσα
564 3164 676 3229 (81)
707 3159 863 3230 τήκεί
893 3159 957 3213 τὸ
987 3162 1169 3232 σῶμα.

431 3248 639 3324 Χρῄζω
697 3248 1009 3318 πραότητος
1059 3245 1110 3301 ἐν
1169 3249 1205 3320 ᾗ
1262 3244 1593 3302 καταλύεται
1623 3246 1652 3300 ὁ
1693 3244 1881 3319 ἄρχων
1909 3247 2007 3299 τοῦ

371 3338 567 3400 αἰῶνος
607 3336 804 3393 τούτου
836 3331 1120 3397 διάϐολος.

436 3429 606 3506 Ψυχὴ
640 3431 756 3499 (82)
789 3428 823 3495 ἡ
858 3427 994 3496 ἅπαξ
1042 3422 1401 3500 προσδεθεῖσα
1450 3429 1527 3496 τῷ
1556 3430 1712 3498 πόθῳ
1743 3428 1840 3479 τοῦ
1895 3423 2019 3478 κτί-

362 3536 576 3583 σαντος,
608 3516 845 3577 καὶτοῖς
899 3513 1070 3571 ἐκεῖσε
1099 3512 1363 3570 κάλλεσιν
1421 3512 1748 3587 ἐνειθίσμὲνη
1798 3509 2020 3592 φαιδρό-

365 3618 569 3674 νεσθαι,
597 3606 660 3661 τὸ
689 3605 990 3681 περιχαρὲς
1023 3603 1191 3673 αὐτῆς
1218 3603 1308 3659 καὶ
1348 3601 1581 3677 εὔθυμον
1613 3603 1715 3657 ὑπὸ
1744 3609 1843 3671 τῆς
1900 3622 2020 3657 ποι-

369 3693 537 3766 κίλης
598 3696 1000 3769 μεταπτώσεως
1056 3698 1165 3749 τῶν
1223 3697 1492 3769 σαρκικῶν
1562 3692 1904 3767 παθημάτων
1957 3691 2021 3745 οὐ

376 3779 734 3858 μεταϐάλλει,
768 3781 918 3839 ἆλλᾶ
945 3783 1012 3839 τὰ
1042 3788 1160 3844 τοῖς
1188 3780 1383 3845 ἄλλοις
1435 3779 1658 3857 λυπηρὰ
1703 3782 2022 3858 προσθήκην

375 3874 714 3951 εὐφροσύνης
744 3875 1054 3943 ποιήσεται.

466 3965 576 4021 Τοῦ
607 3962 1008 4036 Χρισοστόμου.
1042 3994 1112 4004 -
1143 3964 1377 4039 Ψυχροῦ
1435 3958 1838 4031 πλεονάζοντος
1885 3980 2028 4035 παρ-

377 4052 515 4114 ἐσεις
545 4052 635 4108 καὶ
662 4053 886 4129 τρόμοι,
938 4052 1030 4109 καὶ
1083 4047 1445 4123 ἀποπληξίαι,
1497 4050 1590 4105 καὶ
1646 4050 1813 4125 μυρία
1866 4047 2026 4126 ἕτερα

370 4148 660 4218 νοσήματα
690 4146 957 4201 τίκτεται.

448 4238 549 4292 99
601 4236 794 4310 Ψυχὴ,
859 4235 962 4289 ὑπὸ
1010 4233 1250 4307 ἀθυμίας
1311 4230 1602 4306 βληθεῖσα,
1660 4234 1797 4307 πρὸς
1855 4237 2029 4288 πᾶσαν

381 4323 636 4398 ἀκρόασιν
670 4320 1067 4395 ἀνεπιτήδειος.

449 4417 560 4468 Τοῦ
617 4412 918 4487 Θεολόγου.
975 4445 1047 4457 —--
1105 4413 1324 4488 Ψὺχαῖς
1386 4406 1651 4488 βεϐήλοις
1701 4408 1853 4466 οὐδὲν
1927 4415 2033 4467 τῶν

380 4500 569 4559 καλῶν
601 4502 941 4574 ἀξιόπιστον.

2073 561 2290 630 diaris;
2320 564 2607 619 auxilium
2662 564 2822 619 enim
2853 564 3118 619 divinum
3177 569 3233 620 te
3282 566 3356 620 ad
3386 566 3551 621 illam
3584 585 3722 640 pro-

2074 652 2239 707 texit.

2146 742 2341 797 Bonus
2370 743 2456 797 vir
2514 742 2851 799 misericors
2918 749 2975 800 et
3026 744 3412 800 commodans
3473 746 3721 818 dispone

2075 854 2382 895 sermones
2406 858 2544 896 suos
2577 840 2637 895 in
2659 840 2913 913 judicio,
2971 843 3253 913 quoniam
3314 842 3376 896 in
3430 850 3722 900 aeternum

2077 944 2200 983 non
2231 930 2719 985 commovebitur.

2150 1021 2371 1077 Aristo..
2385 1063 2399 1076 .

2079 1108 2187 1173 Qui
2220 1126 2441 1165 mensas
2471 1111 2659 1183 gratia
2688 1113 3162 1169 studetamicum
3193 1114 3437 1181 habere,

2079 1198 2262 1253 Citius
2289 1215 2424 1255 eum
2454 1200 2715 1272 expellit.
2748 1202 2852 1256 illa
2881 1209 3151 1257 vacante.

2086 1288 2351 1342 Gaudere
2381 1290 2627 1344 omnino
2659 1290 2966 1345 hominem
3002 1308 3121 1345 non
3152 1290 3291 1347 licet
3324 1310 3338 1357 ;

2084 1377 2325 1432 Dolores
2358 1378 2516 1433 enim
2550 1384 2608 1433 et
2637 1380 2914 1451 procellas
2950 1380 3143 1435 subito
3176 1382 3239 1436 in
3287 1399 3421 1437 eum
3458 1383 3730 1438 incidunt

2083 1464 2280 1519 Pulvis
2312 1481 2381 1520 ex
2401 1465 2640 1537 pulvere
2671 1469 2874 1523 omnia
2899 1474 3040 1523 sunt
3082 1474 3141 1523 et
3170 1468 3232 1523 in
3262 1469 3565 1540 pulverem
3598 1487 3731 1524 rur-

3265 1558 3388 1629 [sus
3418 1557 3660 1623 vadunt,

2084 1642 2585 1699 Immisericordia
2614 1650 2815 1701 autem
2841 1645 3071 1701 viscera
3100 1645 3404 1718 plerisque
3437 1647 3666 1702 insunt.

2158 1734 2477 1787 Demoxeni.
2509 1764 2579 1774 -—
2610 1735 2807 1790 Gratia
2833 1740 2889 1791 et
2921 1735 3336 1791 benevolentia
3357 1734 3737 1791 suadentium

2006 1842 2054 1906 B
2088 1827 2247 1889 sunt,
2282 1838 2401 1877 non
2446 1825 2804 1895 cogentium.

2169 1911 2383 1981 Cyrilli.
2416 1943 2484 1952 —-
2516 1914 2627 1968 Hes
2658 1919 2750 1968 est
2778 1930 2911 1969 vere
2964 1914 3301 1986 perniciosa
3348 1913 3541 1984 pravis
3601 1928 3740 1967 con-

2088 2001 2301 2073 jungi;
2343 2008 2569 2056 certum
2603 2003 2761 2057 enim
2789 2003 2946 2074 quod
2977 2004 3264 2075 scriptum
3296 2009 3417 2058 est:
3462 2002 3569 2067 Qui
3603 2000 3739 2055 teti-

2097 2090 2249 2162 gerit
2274 2091 2466 2162 picem
2500 2092 2932 2162 inquinabitur.

2171 2180 2414 2251 Oportet
2442 2182 2637 2251 majus
2685 2181 3037 2236 aamulantes
3068 2181 3283 2236 melius
3332 2180 3634 2253 accipere;
3688 2184 3748 2234 et

2100 2270 2305 2325 omnia
2356 2276 2801 2326 commoventes
2856 2270 3077 2326 bonum
3140 2276 3229 2325 est
3276 2276 3341 2326 ut
3395 2276 3738 2326 concertare

2103 2363 2306 2413 ament
2333 2376 2466 2413 cum
2501 2360 2593 2414 his
2625 2360 2724 2430 qui
2775 2359 2857 2414 ibi
2888 2358 3134 2431 fulgent.

2176 2449 2313 2503 Sine
2340 2449 2736 2521 intelligentia
2752 2449 2964 2504 scienti
2995 2448 3147 2503 nihil
3167 2449 3229 2503 in
3245 2448 3524 2521 Operibus
3535 2448 3754 2503 bonum

2106 2543 2232 2604 est;
2266 2538 2517 2594 scientia
2547 2538 2705 2593 enim
2748 2537 3078 2609 prudentiae
3126 2538 3352 2593 fructus
3384 2543 3490 2608 est,
3523 2538 3756 2608 impru-

2107 2626 2310 2682 dentia
2338 2635 2536 2684 autem
2570 2644 2691 2682 non
2716 2626 2937 2682 bonum
2967 2633 3075 2682 est.

2180 2718 2397 2774 Sirach.
2418 2749 2484 2757 -—
2507 2717 2686 2773 Labia
2702 2717 3191 2789 multiloquorum
3216 2733 3338 2772 non
3365 2732 3471 2772 sua
3490 2715 3755 2788 ipsorum

2114 2805 2500 2860 enarrabunt.

2186 2896 2409 2951 Fenum
2457 2900 2515 2949 et
2545 2895 2702 2967 virga
2730 2900 2790 2949 et
2818 2911 3002 2951 onera
3056 2895 3224 2951 asino
3256 2911 3271 2962 ;
3327 2894 3499 2966 panis
3534 2898 3758 2962 autem,

2116 2983 2406 3039 correctio
2440 2988 2500 3038 et
2528 2999 2677 3054 opus
2707 2999 2901 3038 servo.

2184 3074 2431 3129 Joannis.
2464 3102 2526 3112 -—
2562 3072 2784 3126 Hiemis
2815 3072 3140 3127 humiditas
3171 3071 3445 3142 sanguini
3500 3071 3766 3126 immista

2119 3180 2335 3234 corpus
2369 3160 2702 3217 labefactat.

2190 3250 2645 3307 Mansuetudine
2678 3250 2822 3304 mihi
2854 3266 3002 3321 opus
3033 3254 3123 3304 est
3152 3265 3257 3319 per
3286 3264 3467 3319 quam
3502 3246 3759 3302 destrui-

2121 3347 2217 3397 tur
2242 3342 2518 3413 princeps
2550 3340 2729 3410 hujus
2760 3338 2961 3394 saaculi
3003 3337 3299 3392 diabolus.

2192 3432 2352 3484 Mens
2384 3427 2568 3483 semel
2590 3428 2860 3483 devincta
2880 3442 3079 3482 amore
3101 3425 3414 3489 Creatoris,
3440 3429 3497 3480 et
3518 3422 3767 3480 coelesti-

2123 3520 2233 3575 bus
2266 3517 2811 3590 pulchritudinibus
2836 3522 3074 3573 assueta
3119 3516 3360 3579 micare,
3394 3531 3563 3570 suam
3620 3512 3768 3569 lasti-

2126 3609 2269 3663 tiam
2301 3614 2360 3663 et
2388 3607 2770 3662 serenitatem
2801 3623 2907 3679 per
2937 3606 3124 3661 varias
3172 3604 3614 3660 vicissitudines
3644 3618 3771 3658 car-

2127 3698 2354 3753 nalium
2381 3696 2726 3769 passionum
2786 3713 2905 3751 non
2962 3696 3184 3751 amittit
3214 3712 3227 3760 ;
3262 3694 3366 3749 sed
3397 3710 3467 3748 ex
3500 3693 3591 3750 bis
3626 3709 3763 3764 quae

2128 3787 2262 3842 aliis
2293 3787 2545 3842 molesta
2576 3790 2733 3855 sunt,
2760 3784 2957 3858 gaudii
2988 3784 3427 3840 incrementum
3470 3781 3631 3838 facit.

2204 3966 2602 4038 Chrysostomi.
2658 3994 2727 4005 -—
2782 3964 3014 4037 Frigido
3074 3961 3599 4036 superabundante
3656 3961 3779 4017 lan-

2132 4072 2365 4129 guores,
2391 4062 2699 4123 tremores,
2727 4054 3055 4125 apoplexiaa
3086 4059 3145 4107 et
3177 4053 3439 4107 sexcenti
3467 4049 3781 4106 aliimorbi

2135 4152 2484 4202 nascuntur.

2208 4237 2371 4289 Mens
2400 4238 2667 4305 postrata
2716 4232 2790 4288 ad
2843 4248 3085 4287 omnem
3145 4229 3617 4286 exhortationem
3677 4243 3784 4282 au-

2144 4326 2424 4382 diendam
2456 4324 2781 4396 impropria
2811 4329 2921 4379 est.

2214 4415 2487 4483 Theologi.
2515 4443 2585 4454 —
2622 4411 2916 4466 Mentibus
2947 4410 3212 4482 profanis
3273 4408 3443 4463 nulla
3495 4407 3786 4462 bonarum

2142 4520 2341 4559 rerum
2373 4502 2489 4557 ﬁde
2521 4502 2699 4573 digna
2725 4506 2831 4555 est.

453 4591 847 4666 Σολομῶντος.
907 4625 974 4633 -
1032 4593 1201 4667 Ψυχή
1253 4593 1363 4664 (83)
1422 4588 1474 4644 ἐν
1534 4588 1832 4664 πλησμονῇ
1894 4591 2009 4645 οὖσι

2211 4593 2538 4650 Salomonis.
2574 4622 2638 4633 —
2673 4590 2887 4645 Anima
2909 4590 2969 4644 in
3002 4588 3316 4644 saturitate
3350 4586 3512 4641 favos
3543 4584 3791 4655 respuit,

376 4682 599 4753 κηρίοις
631 4680 909 4754 ἐμπαίζει,
938 4683 1095 4759 ψυχῇ
1128 4677 1183 4734 δὲ
1216 4677 1380 4735 ἐνδεεῖ
1411 4680 1501 4735 καὶ
1556 4678 1621 4735 τὰ
1678 4680 1848 4755 πικρὰ
1899 4677 2035 4756 γλυ-

384 4774 481 4830 κέα
512 4772 778 4852 φαίνεται.

594 5024 857 5106 liespicit
888 5022 1058 5077 Paov.
1092 5038 1212 5106 sm.
1238 5026 1321 5075 ll.

461 5091 571 5223 ἱπή
600 5091 758 5151 Nihil
810 5095 964 5150 bono
994 5100 1183 5166 poeta:
1214 5110 1349 5148 cum
1383 5091 1475 5147 his
1501 5092 1753 5147 senariis
1787 5091 2041 5149 dodeca-

489 5168 640 5223 labis
671 5182 988 5222 commune
1040 5165 1227 5219 Priori
1266 5168 1569 5223 rlivtmum
1599 5163 1905 5218 meliorem
1938 5166 2038 5221 de~

390 5163 640 5239 syllabis
671 5163 1010 5239 commune
1040 5165 1227 5239 Priori
1266 5168 1569 5239 rliytmum
1599 5163 2038 5239 melioremne:

387 5231 573 5313 deris.
601 5240 650 5313 si
680 5257 762 5313 1:}:
797 5236 958 5313 φίλον
1017 5231 1261 5313 σπεῦδων
1320 5231 1471 5308 ἔχειν
1532 5234 1806 5300 scribas;
1868 5237 2036 5293 alteri

390 5311 561 5367 nulla
592 5310 720 5366 ﬂeri
758 5308 954 5381 potest
975 5308 1287 5381 medicina.

461 5384 575 5451 (75)
607 5382 690 5436 Cf.
724 5380 903 5452 supra
937 5397 990 5451 p.
1027 5383 1115 5435 69.
1151 5397 1209 5434 n.
1243 5380 1300 5433 4.

461 5455 574 5524 (76:
606 5453 693 5507 Cf.
748 5468 924 5523 supra
958 5452 1021 5524 in,
1052 5454 1210 5511 Χοῦς,
1241 5467 1297 5520 p.
1332 5453 1420 5524 95.

456 5518 568 5592 ('77)
601 5518 865 5579 ﬂaminis
897 5523 1134 5577 initium
1168 5518 1351 5592 Δημοξ
1406 5518 1664 5574 nitidum
1715 5526 1824 5575 est.

456 5598 567 5665 (‘78)
592 5595 814 5650 Sirach.
845 5610 964 5649 xm.
1002 5598 1052 5650 l.

459 5656 573 5739 (79)
607 5667 824 5737 Codex,
869 5665 1071 5726 πάντας
1116 5661 1292 5725 ἰόντας
1350 5659 1521 5716 καλὸν
1580 5656 1781 5735 ἂμιλλ.
1833 5663 2040 5721 Nullus

2145 4683 2360 4739 animae
2391 4686 2590 4737 autem
2618 4678 2904 4735 esurienti
2933 4678 3111 4732 etiam
3143 4691 3349 4731 amara
3370 4674 3569 4729 dulcia
3598 4671 3796 4727 viden-

2147 4777 2261 4827 tur.

2147 5023 2353 5078 dubito
2374 5020 2445 5076 de
2466 5019 2865 5087 restitutione.
2890 5018 3100 5072 Notum
3119 5020 3209 5070 est
3224 5016 3599 5087 proverbium
3623 5012 3797 5067 πὰν-τα

2148 5095 2309 5148 σείειν
2340 5094 2429 5147 vel
2454 5095 2623 5143 κινεῖν
2661 5085 2831 5143 κάλον
2869 5105 2881 5143 :
2947 5087 3100 5143 conf.
3152 5085 3369 5143 Zehob.
3409 5086 3588 5159 Adag.
3622 5103 3674 5156 v,
3708 5087 3798 5151 62,

2150 5172 2207 5221 et
2232 5165 2315 5219 ibi
2356 5164 2577 5218 Schott.

2220 5238 2329 5306 (80)
2364 5234 2585 5291 Sirach.
2623 5250 2752 5289 xxx.
2776 5234 2873 5306 ‘24.

2220 5300 2328 5377 (81)
2363 5308 2601 5365 Forsan.
2634 5300 3027 5359 συστέλλουσα.
3052 5373 3065 5377 _
3254 5374 3261 5377 Δ
3320 5374 3328 5377 _
3471 5374 3502 5377 Η
3601 5372 3610 5377 _
3850 5342 3853 5345 λ

2222 5372 2329 5451 (82)
2362 5377 2677 5449 Scriptoris
2708 5392 2950 5451 nomen.
2983 5373 3366 5451 vetnominis
3398 5372 3666 5451 reliquiae
3702 5386 3805 5451 plo-

2152 5439 2437 5521 tiu‘sfper
2494 5439 3340 5521 comliendiumveahibetulj.
3399 5439 3556 5521 quod
3615 5439 3806 5521 expli:

2149 5507 2405 5578 candum
2466 5507 2697 5575 videtur
2756 5536 2862 5591 per
2927 5516 3134 5581 νατίου,
3196 5517 3351 5572 unde
3403 5507 3808 5569 ducimur—ad

2149 5592 2428 5669 ‘lrssios-

2220 5666 2329 5737 (83)
2360 5665 2527 5720 Prov.
2561 5679 2730 5733 xxvu,
2772 5665 2823 5717 7.
2851 5659 3066 5728 Codex,
3106 5660 3165 5732 ψ.
3200 5654 3562 5729 ἐμπλημονή.
