4070 6196
319 364 463 422 1161

1714 368 2312 430 GNUMOLUGIUM.

3572 383 3724 444 1162

386 495 591 566 Ὠσπερ
622 494 734 568 (23)
804 493 866 549 οὗ
895 493 1064 550 τίκτει
1115 500 1222 572 πῦρ
1282 498 1469 573 χιόνα,
1526 498 1701 562 οὕτως
1760 496 1954 556 οὐδὶὸ

2141 502 2298 558 Sicut
2330 505 2481 575 ignis
2511 506 2706 561 nivem
2737 523 2859 561 non
2907 507 3082 579 parit,
3126 509 3209 564 ita
3265 525 3572 581 nunquam
3604 517 3721 567 ter-

314 584 416 652 τῆν
445 583 672 648 ἐνταῦθα
703 591 883 655 ζητῶν
914 588 1081 659 τιμὴν
1112 591 1211 656 τῆς
1242 590 1353 644 ἐκεῖ
1383 591 1698 649 ἀπολαύσει.

528 679 614 735 Ὠς
647 672 800 737 ἄνθος
834 675 1004 753 ἀγροῦ
1034 684 1175 733 πᾶσα
1206 682 1393 753 γήϊνος
1426 681 1601 759 φύσις.

534 765 706 827 ’Θθεῖν
736 765 799 820 τὸ
831 766 1037 842 φαῦλον
1072 769 1156 823 καὶ
1188 770 1253 824 τὰ
1313 766 1514 826 ϐελτίω
1568 773 1745 836 θέλειν

531 852 845 919 Εὐέλπιόος
874 856 1104 929 πέφυκεν
1146 858 1431 933 ἀνθρώπου
1459 859 1601 917 τόδε.

387 947 482 996 Ὠν
517 940 669 999 οὐδὲν
711 945 880 1018 αἱρεῖς
939 948 1049 1022 (24)
1097 947 1365 1005 τελευτῶν
1420 949 1480 1005 ἐκ
1529 949 1625 1005 τοῦ
1661 951 1805 1027 βίου,
1834 953 1959 1007 τού-

316 1052 425 1087 των
456 1040 812 1111 καταφρονεῖν
846 1057 903 1091 σε
934 1034 1073 1107 δέον,
1107 1040 1181 1101 ὡς
1212 1042 1604 1117 φθειρομένων.

389 1121 563 1196 Ὧμὸς
619 1124 708 1178 καὶ
760 1125 977 1197 ἀπηνὴς
1035 1126 1323 1204 ἄνθρωπος
1376 1129 1438 1185 οὐ
1496 1126 1880 1185 κατευοδοῦται
1913 1128 1966 1185 ἰν

322 1206 456 1283 ὁδῷ.

317 1299 605 1378 Ὠφελείας
636 1308 901 1379 στερεῖται
947 1326 1030 1368 τις
1091 1307 1168 1381 μή
1223 1304 1597 1385 παραϐάλλων
1651 1306 1969 1375 σπουδαίοις

322 1387 600 1464 ἀνδράσιν.

394 1480 687 1567 Ὠραϊσμός
732 1482 843 1539 ἐστι
933 1484 1094 1560 μόνον
1162 1489 1249 1543 καὶ
1315 1489 1509 1565 μνήμῃ
1571 1491 1749 1567 φέρειν
1802 1486 1967 1564 ἄνδρα

323 1566 617 1625 σπουδαῖον
628 1614 641 1629 .

396 1661 551 1717 108
582 1661 677 1715 Ὧν
726 1657 1016 1737 προϐαίνει
1071 1666 1209 1736 πρὸς
1271 1663 1426 1742 ἔργον
1481 1668 1508 1723 ὁ
1540 1667 1732 1743 λόγος,
1791 1669 1972 1738 στάζει

321 1750 486 1824 χάριν
517 1751 725 1808 τούτων
752 1754 820 1808 τὰ
850 1753 1043 1833 χείληο
1086 1754 1158 1810 ὧν
1194 1753 1251 1811 δὲ
1280 1757 1417 1833 πρὸς
1473 1755 1632 1834 ἔργον
1693 1756 1798 1834 οὐχ
1830 1759 1969 1834 ὁρῶ-

324 1859 407 1892 σιν
438 1839 488 1893 όὶ
521 1839 701 1916 λόγο.,
732 1844 861 1911 κενή
892 1844 1100 1899 τούτων
1134 1847 1168 1914 ἡ
1199 1846 1418 1920 γνώμη.

397 1928 613 2003 Ὠραῖον
646 1930 857 1987 εὐποιία
889 1935 1246 2007 πταισμάτων
1278 1936 1629 2011 καθαίρουσα.

395 2019 485 2080 Ὠς
509 2016 637 2094 ὄναρ
668 2021 756 2077 καῖ
808 2022 1084 2099 παίγνιον,
1142 2026 1217 2089 ὡς
1276 2026 1414 2101 πρὸς
1461 2028 1562 2096 τήν
1612 2023 1723 2081 ἄνω
1757 2028 1900 2096 ζωὴν
1934 2029 1969 2096 ἠ

2066 598 2314 647 restrem
2345 594 2594 661 gloriam
2626 613 2900 667 quaerens
2930 597 3153 652 caelesti
3186 598 3371 670 gloria
3401 599 3646 656 fruetur.

2143 683 2213 736 Ut
2241 682 2350 738 flos
2381 684 2504 757 agri
2536 686 2813 741 universa
2844 688 3141 742 terrestris
3180 695 3410 743 natura.

2139 772 2303 836 Quod
2336 774 2505 829 vilius
2529 781 2618 830 est
2646 776 2891 846 pellere,
2925 776 3157 847 etquod
3183 778 3472 849 optimum
3504 777 3651 834 velle

2143 862 2455 918 Hominem
2488 864 2655 919 decet
2684 865 2853 919 bona:
2886 866 3033 937 spei.

2141 950 2400 1014 Quorum
2430 954 2581 1008 nihil
2610 953 2806 1009 aufers
2834 971 2864 1009 e
2884 955 3003 1009 vita
3024 954 3339 1024 decedens,
3374 956 3500 1012 haac
3530 956 3729 1029 despi-

2072 1052 2203 1093 cere
2237 1045 2291 1094 te
2323 1048 2575 1112 oportet,
2607 1049 2672 1098 ut
2703 1049 3001 1114 corrupta.

2142 1136 2331 1199 Asper
2360 1136 2419 1185 et
2467 1131 2727 1187 crudelis
2784 1132 2962 1187 homo
3019 1149 3140 1188 non
3198 1134 3642 1205 prosperabitur
3666 1135 3729 1191 in

2072 1215 2185 1276 via.

2148 1305 2409 1363 Utilitate
2442 1308 2705 1380 privatur
2734 1308 2836 1380 qui
2868 1307 2943 1365 ad
2972 1308 3129 1365 viros
3159 1308 3348 1365 bonos
3396 1326 3517 1365 non
3559 1327 3730 1368 acce-

2075 1392 2181 1448 dit.

2147 1482 2578 1543 Ornamentum
2610 1493 2699 1545 est
2721 1487 2811 1544 vel
2844 1488 2904 1543 in
2936 1487 3227 1544 memoria
3259 1493 3489 1545 tantum
3541 1491 3731 1545 virum

2075 1571 2298 1629 bonum
2329 1576 2569 1633 habere.

2147 1664 2409 1727 Quorum
2451 1683 2647 1724 sermo
2677 1667 2751 1723 ad
2798 1668 3078 1723 effectum
3109 1666 3321 1735 tendit,
3354 1668 3567 1723 horum
3598 1684 3730 1742 gra-

2080 1750 2224 1807 tiam
2256 1754 2485 1810 stillant
2515 1756 2709 1824 labia;
2745 1772 3000 1827 quorum
3041 1760 3241 1812 autem
3269 1773 3576 1813 sermones
3608 1774 3727 1813 non

1999 1870 2046 1932 B
2078 1841 2353 1897 effectum
2386 1844 2713 1909 intuentur,
2745 1861 2928 1901 vacua
2960 1861 3165 1900 eorum
3195 1851 3286 1900 est
3322 1862 3514 1903 mens.

2150 1931 2403 1989 Pulchra
2429 1940 2519 1989 est
2556 1934 2956 1990 beneficentia
2984 1950 3115 2005 quaa
3147 1934 3374 1990 crimen
3406 1935 3622 2006 expiat.

2148 2021 2221 2075 Ut
2250 2022 2548 2078 somnium
2581 2030 2638 2078 et
2664 2023 3012 2086 ludibrium,
3063 2023 3145 2078 ita
3182 2023 3355 2096 juxta
3412 2040 3731 2096 supernam

321 2112 570 2183 παροῦσα
602 2107 834 2189 πέφυκεν
862 2112 1145 2189 εύημερία·
1182 2111 1350 2186 πένης
1402 2116 1502 2192 γὰρ
1559 2116 1648 2171 κκὶ
1699 2113 1971 2178 πλούσιος

2116 2109 2252 2165 itam
2285 2128 2548 2182 praasens
2586 2113 2840 2168 felicitas
2899 2113 3166 2180 exsistit;
3226 2128 3453 2185 pauper
3482 2113 3642 2169 enim
3676 2120 3733 2168 et

322 2192 492 2271 ὂὶμφω
538 2199 687 2263 κόνις
715 2199 767 2255 ἐν
794 2200 970 2280 τάφῳ.

401 2286 488 2351 ’Θς
517 2293 607 2345 οἷα
634 2291 855 2358 καπνὸς,
897 2290 933 2360 ἢ
966 2297 1119 2355 σκιᾶς
1149 2292 1371 2367 θεωρία,

396 2383 551 2456 Δόξα,
582 2382 804 2457 κράτος,
836 2380 927 2436 καὶ
958 2380 1200 2443 πλοῦτος
1232 2382 1533 2456 ἀνθρώπων
1565 2380 1662 2438 ἔνι’

391 2474 470 2530 Τὰ
498 2471 602 2547 γὰρ
636 2471 819 2550 χρόνῳ
851 2468 1074 2534 δοθέντα
1098 2471 1187 2527 καὶ
1222 2469 1340 2526 λύει
1369 2470 1593 2546 χρόνοςο

386 2563 591 2635 ’Ὥσπερ
626 2565 803 2625 θανεῖν
836 2558 1064 2635 ὥρισται
1096 2567 1256 2617 πᾶσιν
1285 2560 1620 2634 ἀνθρώποις,

395 2651 587 2712 Οὕτως
617 2649 740 2705 ἄνευ
772 2648 1011 2724 θλίψεως
1046 2650 1149 2705 οὐκ
1174 2645 1315 2704 ἔστιν
1350 2648 1498 2713 ὅλως

394 2745 633 2813 Περᾶσαι
665 2736 821 2794 τόνδε
851 2748 943 2794 τὸν
976 2739 1361 2817 πολύστροφον
1397 2741 1542 2814 βίον.

395 2832 596 2904 Ὠσπερ
634 2830 895 2905 μελίττης
922 2829 1141 2906 κὲντρον
1176 2829 1396 2903 ἐμποιεῖ
1423 2832 1614 2899 πόνον,

395 2920 587 2982 Οὕτως
623 2920 935 2995 μοχθηρὸς,
957 2919 1082 2974 ὅταν
1113 2915 1441 2994 προσϐάλλῃ
1466 2920 1594 2977 τινί.

394 3011 613 3084 Ὠραῖον
644 3016 830 3085 κτῆμα
860 3009 1201 3071 ταπείνωσις·
1261 3011 1288 3065 ὁ
1332 3010 1537 3079 ταύτης
1592 3007 1665 3065 ὤν
1728 3013 1968 3091 μέτοχος

326 3098 575 3160 πολλοὺς
614 3098 740 3161 τοὺς
780 3097 975 3176 φίλους
1024 3098 1161 3174 ἔχει·
1217 3099 1406 3175 πόρῥω
1439 3098 1496 3155 δὲ
1525 3099 1728 3167 ταύτης
1786 3097 1859 3156 ὤν
1885 3122 1971 3164 τις

324 3188 523 3268 φίλους
555 3186 700 3263 ἔχειν
738 3190 799 3244 ού
834 3188 998 3253 θὲλει’
1045 3188 1258 3263 μᾶλλον
1285 3193 1386 3265 γάρ
1418 3190 1560 3246 ἐστιν
1590 3196 1750 3253 οὗτος
1810 3192 1970 3265 ὑπερ-

326 3278 488 3351 οψίας
518 3278 702 3359 φίλος.

394 3374 481 3430 Ὠς
520 3369 734 3444 φεύγειν
763 3368 845 3422 ⁴ἱὸν
879 3365 1053 3445 ὄφεως
1100 3368 1293 3439 καλὸν,
1348 3368 1521 3432 οὕτως
1580 3369 1836 3444 ἐντεύξεις
1866 3376 1973 3426 τῶν

328 3460 633 3534 μοχθηρῶν
666 3458 741 3519 ὡς
773 3456 979 3530 λύμην·

467 3548 555 3608 ,Ως
588 3548 791 3622 ὡραῖον
830 3548 904 3619 μὴ
938 3544 1151 3624 φεοίγέιν
1180 3545 1343 3621 φίλον
1383 3547 1667 3619 ἐντεύξεις,

468 3636 657 3698 Οὕτως
690 3636 896 3711 ὡραῖον
926 3637 1137 3710 φεύγειν
1167 3634 1359 3712 ἄνδρας
1392 3637 1648 3699 ἀτόπους.

395 3730 490 3781 Ὧν
524 3728 551 3780 ὁ
582 3727 703 3802 βίος
734 3727 939 3797 κοινὸς,
971 3727 1180 3783 τούτων
1213 3728 1301 3782 καὶ
1341 3728 1396 3782 αἱ
1427 3724 1743 3803 ἐπικαρπίαι
1773 3729 1972 3788 κοιναί.

398 3908 494 3960 Ὧν
522 3906 632 3979 ('25)
659 3910 756 3960 τοῦ
814 3906 1071 3979 σώματος
1126 3903 1464 3980 ἀπαλλαγεὶς
1520 3905 1581 3962 ού
1632 3902 1823 3982 εεήσῃ,
1875 3927 1972 3962 κα-

332 3995 589 4070 ταφρόνει
619 3993 849 4054 τούτων,

406 4087 557 4142 107
620 4085 709 4149 Ὠς
774 4086 884 4161 (26)
945 4085 1341 4159 τεθνηξόμενος
1399 4090 1507 4141 τῶν
1594 4090 1699 4141 σῶν
1760 4088 1973 4163 ἀγαθῶν

332 4173 599 4231 ἀπόλαυε·

474 4265 564 4327 Ὧς
606 4263 662 4320 δὲ
696 4266 1057 4341 βιωσόμενος,
1088 4262 1269 4343 φείδεο
1300 4271 1407 4321 σῶν
1433 4266 1690 4323 κτεάνων.

403 4354 498 4417 Ὠς
532 4355 639 4410 ἀπὸ
666 4362 767 4425 τῆς
800 4354 1090 4433 φιλαυτίας
1120 4362 1221 4425 τῆς
1244 4356 1416 4412 πάντα
1450 4356 1717 4431 μισούσης
1749 4360 1762 4415 l

409 4519 519 4599 (21.3)
542 4518 749 4599 Joann.
785 4517 1023 4573 Climac.
1056 4534 1185 4599 pag.
1220 4520 1340 4579 394.
1375 4519 1482 4599 ubi
1510 4537 1614 4591 pro
1647 4522 1804 4599 edito
1839 4519 1978 4599 ἐκεῖ-

2076 2196 2239 2254 dives
2269 2200 2442 2256 ambo
2471 2200 2661 2271 pulvis
2690 2202 2752 2255 in
2784 2201 3073 2273 sepulcro.

2149 2287 2219 2342 Ut
2241 2289 2482 2359 quidam
2514 2306 2713 2361 vapor,
2746 2290 2834 2344 vel
2867 2290 3092 2345 umbra
3124 2290 3489 2361 apparentia.

2146 2376 2343 2431 Gloria
2372 2383 2653 2448 potestas,
2697 2384 2754 2433 et
2778 2378 2996 2433 divitiae
3030 2378 3339 2433 hominum
3372 2382 3549 2445 sunt;

2146 2465 2283 2530 Qum
2315 2467 2476 2522 enim
2509 2467 2672 2523 dedit
2704 2474 2958 2539 tempus,
2992 2468 3148 2523 tollit
3187 2474 3443 2540 tempus.

2076 2552 2238 2607 Sicut
2268 2556 2418 2610 mori
2449 2557 2728 2612 omnibus
2760 2556 3101 2611 hominibus
3131 2562 3416 2612 statutum
3449 2560 3557 2621 est,

2146 2643 2233 2697 Ita
2264 2644 2395 2698 sine
2426 2645 2541 2699 trib
2572 2645 2812 2701 ilatione
2843 2662 2961 2700 non
2994 2644 3135 2700 licet
3166 2645 3411 2701 omnino

2148 2733 2310 2787 Hanc
2335 2734 2679 2790 variabilem
2725 2735 2902 2790 vitam
2935 2734 3125 2789 finire.

2149 2820 2311 2877 Sicut
2334 2824 2463 2895 apis
2494 2824 2738 2880 aculeus
2770 2824 3038 2879 dolorem
3062 2820 3305 2895 praabet,

2146 2912 2236 2966 Ita
2265 2912 2479 2968 dravus
2510 2930 2645 2969 cum
2673 2915 2734 2970 in
2764 2913 3023 2985 aliquem
3060 2912 3323 2968 irruerit.

2147 3001 2480 3057 Pretiosum
2526 3003 2747 3058 bonum
2780 3009 2870 3058 est
2899 3003 3246 3064 humilitas;
3281 3001 3381 3071 qui
3414 3001 3577 3056 illam
3612 3018 3741 3057 sor-

2083 3088 2227 3144 titus
2251 3097 2359 3157 est,
2392 3091 2609 3147 multos
2639 3092 2863 3147 amicos
2895 3091 3093 3155 habet,
3119 3090 3292 3161 longe
3324 3097 3522 3145 autem
3546 3090 3743 3146 abilla

2086 3178 2310 3234 amicos
2342 3180 2560 3235 habere
2610 3197 2730 3235 non
2786 3181 2911 3235 vult
2964 3178 3202 3250 aliquis,
3256 3194 3394 3232 nam
3425 3179 3621 3249 potius
3654 3186 3745 3233 est

2027 3278 2046 3298 δ
2085 3265 2213 3337 ipse
2245 3269 2597 3334 arrogantiae
2628 3268 2872 3325 amicus.

2155 3356 2227 3411 Ut
2280 3374 2573 3412 venenum
2633 3358 2923 3429 serpentis
2975 3357 3176 3430 fugere
3237 3354 3460 3411 bonum
3519 3360 3626 3423 est,
3663 3356 3745 3412 ita

2080 3461 2395 3515 pravorum
2428 3448 2940 3502 conversationem
2972 3452 3037 3501 ut
3066 3450 3319 3517 pestem.

2155 3533 2226 3587 Ut
2251 3534 2532 3589 decorum
2568 3541 2657 3592 est
2688 3552 2807 3590 non
2840 3536 3039 3609 fugere
3072 3535 3402 3591 amicorum
3436 3550 3739 3605 occursus,

2084 3622 2170 3676 Ita
2203 3622 2481 3679 decorum
2510 3624 2710 3697 fugere
2742 3626 2896 3681 viros
2928 3626 3191 3681 insanos.

2155 3712 2415 3776 Quorum
2448 3714 2564 3770 vita
2591 3715 2949 3781 communis,
2984 3716 3199 3771 horum
3246 3730 3484 3785 quoque
3515 3713 3742 3772 fructus

2086 3818 2454 3858 communes.

2156 3892 2377 3957 Quibus
2425 3911 2669 3967 corpore
2721 3899 2931 3950 exutus
2981 3911 3101 3950 non
3166 3893 3384 3967 egebis,
3417 3894 3543 3950 haec
3601 3911 3745 3950 con-

2088 3991 2306 4041 temne.

2227 4076 2298 4130 Ut
2332 4076 2655 4130 moriturus
2688 4074 2805 4130 tuis
2840 4073 3022 4129 'bonis
3051 4078 3240 4129 utere.

2231 4254 2304 4309 Ut
2331 4257 2531 4308 autem
2558 4252 2814 4308 victurus
2846 4251 3324 4324 possessionibus
3355 4266 3551 4321 parce.

2162 4342 2327 4398 Absit
2353 4358 2520 4397 amor
2548 4341 2822 4413 proprius
2854 4342 2956 4412 qui
2988 4340 3191 4395 omnia
3221 4339 3346 4395 odit
3379 4338 3391 4393 ί

2164 4520 2275 4589 (25)
2304 4518 2475 4591 Apud
2514 4518 2672 4591 Stob.
2709 4518 2797 4573 tit.
2822 4518 2884 4591 A5,
2917 4536 2975 4591 p.
3009 4520 3115 4591 ao._
3135 4522 3191 4591 et
3220 4518 3439 4591 Anton.
3473 4514 3746 4591 Serm_._i,

335 4589 424 4642 θεν
458 4586 1229 4666 ἀπολαύ-σειηξιῃοξιγηὶμεὶη
1248 4586 1527 4666 exemplo
1555 4595 1715 4665 regio
1748 4603 1885 4666 (quo
1912 4593 1977 4648 de

2116 4586 2225 4666 mg.
2261 4586 2312 4645 Ἷ.
2355 4586 2439 4645 Ἰιι
2490 4589 2751 4666 editione
2801 4586 3027 4666 Stobaii
3076 4587 3448 4666 Schovviana,
3510 4602 3563 4666 ρ.
3624 4586 3745 4666 138,

335 4661 762 4738 exemplovide
785 4661 1225 4738 Villoisonianze
1248 4661 1985 4738 bibliothecm'Catalogum

335 4748 468 4805 pag.
495 4736 583 4800 l7,
611 4733 1346 4805 ipsumqueVilloison.gin
1367 4736 1602 4805 Notitils
1625 4754 1765 4791 mss.
1794 4733 1983 4791 thIIl

334 4802 489 4876 pain.
525 4821 584 4868 ιι,
712 4806 800 4876 28)
830 4802 1074 4875 scripsit
1103 4802 1212 4857 ἐκεῖ
1254 4803 1643 4873 ἀπολαύσεται,
1676 4808 1824 4862 illud
1876 4809 1987 4863 hoc

340 4874 577 4930 melius.
605 4874 863 4931 Ἐνταῦθα
895 4874 971 4930 de
1003 4876 1112 4931 hac
1145 4894 1323 4947 quam
1384 4879 1636 4935 vivimus
1693 4880 1827 4936 vita.
1878 4879 1988 4932 ἐκεῖ

337 4947 651 5021 defutura
711 4947 1201 5020 intelligendum:
1260 4950 1414 5005 conf.
1475 4968 1605 5021 quae
1658 4950 1863 5007 monui
1912 4949 1986 5005 ad

337 5019 925 5103 §§Pll;t..l.‘p.‘§52;
968 5023 1069 5102 P~ro
1130 5020 1303 5103 ζητῶν
1366 5019 1508 5103 ςοάξ
1561 5024 1891 5103 reg._l_16t_i,
1926 5039 1981 5103 p.

335 5092 466 5153 232,
498 5094 548 5154 2,
583 5088 763 5172 habet
788 5088 1056 5172 ἐπιζητῶν
1095 5108 1107 5144 :
1141 5093 1308 5172 conf._
1462 5088 1898 5172 praapositionis
1924 5088 1986 5149 in

338 5163 687 5233 compositis
709 5163 1033 5216 omissioue
1066 5169 1187 5217 not.
1240 5163 1313 5218 ad
1376 5163 1535 5219 Plan.
1591 5163 1819 5220 Metam.
1852 5181 1982 5235 pag.

336 5234 463 5288 357.
499 5234 622 5287 493.
661 5234 927 5293 Librarii.
954 5234 1054 5303 qui
1075 5235 1292 5305 smpius
1317 5236 1796 5307 praepositionem
1822 5237 1990 5291 omit-

339 5310 494 5377 tunt.
524 5321 955 5375 nonnunquam
988 5320 1116 5360 eam
1147 5307 1557 5377 intempestive
1588 5308 1833 5377 addunt.
1872 5308 1985 5361 Po-

340 5376 498 5450 l_e_mo
532 5393 664 5450 pag.
693 5378 745 5430 4.
782 5372 867 5450 Ἐν
901 5376 1001 5450 vi}?
1059 5380 1139 5447 τῷ
1194 5372 1350 5450 μετὸί
1388 5378 1610 5437 θάνατον
1673 5372 1986 5450 βεξηκένειι,

340 5442 499 5523 δόξαν
598 5442 760 5523 χᾴοις
802 5442 925 5523 οὐκί
947 5444 1090 5523 ἔχει·
1114 5442 1123 5447 ”
1147 5442 1295 5523 Cod._
1347 5442 1986 5523 3017,ῌσυμόἐϐηκέναι,

338 5518 533 5574 male:
564 5518 760 5592 agitur
790 5520 861 5574 de
886 5518 1460 5589 (Tal'l'imacho,heroe
1484 5521 1586 5575 illo
1618 5518 1985 5588 Atheniensi,

336 5596 476 5662 post
513 5598 762 5662 mortem
795 5596 1009 5646 stante.

407 5663 519 5732 (24p
552 5662 690 5718 Cod.
724 5660 887 5735 ipf-'4.
936 5662 1019 5719 Cf.
1082 5662 1241 5717 infra
1297 5679 1353 5735 p.
1404 5665 1525 5718 106.
1577 5662 1671 5718 Ὧν
1731 5668 1829 5720 τοῦ
1878 5662 1989 5717 σώ-

340 5752 581 5805 ματος...

660 5862 940 5923 ΡΑΤιιοι..
989 5860 1097 5919 Gn.
1146 5859 1382 5922 CXVII.

2097 4655 2441 4736 Pythagorae
2468 4661 2767 4736 tribuitur.
2800 4661 3112 4736 Porphyrii
3144 4660 3340 4736 simile
3362 4655 3655 4736 monitum
3675 4655 3748 4736 ad

2096 4723 2361 4806 Maro}.
2403 4736 2630 4806 25:_'Qv
2692 4728 2749 4786 δὲ
2804 4723 3216 4806 τοῦῗσῶματος
3274 4725 3657 4806 ἀπαλλαγεῖσα
3684 4723 3746 4779 ού

2096 4800 2362 4881 δεηθήσῂ,
2423 4802 2638 4857 ἐκείνων
2689 4800 3057 4877 καταφρόνει(
3095 4805 3302 4858 Sextus
3360 4800 3557 4881 Ruﬁni
3610 4815 3746 4881 pag.

2097 4879 2198 4932 648
2226 4872 2289 4931 ;“‹‹
2313 4872 2447 4930 "non
2479 4881 2713 4946 oportet
2767 4872 3150 4931 contemnere
3196 4891 3265 4929 ea
3323 4872 3546 4946 quibus
3569 4872 3747 4926 etiam

2096 4956 2231 5029 post
2285 4943 2738 5029 dispositionem
2774 4947 3063 5029 corporis
3118 4943 3401 5029 egemus:
3438 4967 3464 4994 »
3522 4943 3750 5029 forsan,

2097 5016 2123 5070 ῐι
2150 5016 2604 5091 depositionem.
2632 5042 2658 5067 ››
2683 5020 2863 5075 Notus
2882 5016 2972 5074 est
2992 5016 3289 5073 recentior
3307 5017 3407 5091 ille
3438 5016 3753 5091 verborum

2096 5088 2386 5161 depone-re,
2418 5091 2705 5159 depositio.
2740 5106 2969 5146 sensus.
3029 5091 3157 5161 Ipse
3210 5090 3458 5145 Ruﬁnus
3500 5105 3555 5160 p.
3609 5088 3752 5142 653:

2102 5181 2127 5213 ι
2164 5162 2614 5216 tabernaculum
2645 5162 2887 5233 quidem
2915 5163 3181 5233 corporis
3205 5162 3459 5232 graviter
3482 5163 3633 5215 l'erre
3657 5174 3755 5213 su-

2098 5233 2346 5305 perbum
2379 5239 2469 5287 est
2492 5250 2521 5305 ;7
2543 5233 2810 5302 deponere
2840 5242 3039 5289 autem
3083 5250 3273 5305 posse.
3309 5249 3444 5287 cum
3477 5236 3753 5305 Oportue-

2098 5302 2194 5370 ‘m,
2230 5305 2287 5359 in
2314 5320 2475 5373 pace.
2512 5304 2746 5361 beatum
2782 5312 2888 5360 est.
2928 5330 2952 5353 η
2986 5302 3337 5375 Aptissimus
3360 5311 3449 5375 est
3478 5302 3752 5374 appositu

2099 5376 2262 5464 loc'us
2293 5375 2595 5464 Georgidis
2627 5393 2807 5463 supra
2837 5394 2965 5464 pag.
3165 5376 3369 5464 Θνηξρν
3422 5373 3748 5464 ἔχωνθπερι-

2098 5449 2318 5517 σκήνιον
2370 5444 2469 5501 ἐπῖ
2516 5449 2583 5518 τῇ
2640 5444 2853 5500 τούτου-
2894 5444 3143 5501 ἀποθέσει
3196 5444 3364 5519 μηδὲν
3428 5444 3603 5523 λυποῦ
3687 5470 3754 5523 τ-

2099 5521 2180 5574 Cf.
2214 5520 2443 5591 Taylor.
2478 5519 2537 5573 in
2570 5519 2828 5575 Classico
2882 5520 3074 5575 Diario
3108 5526 3147 5573 ι.
3182 5535 3387 5591 χχιι-Ρ.
3422 5518 3548 5585 268,
3583 5519 3642 5569 et
3670 5518 3757 5566 si-

2099 5535 2180 5574 ω.
2214 5535 2443 5591 'I‘aylor.
2478 5536 2537 5573 in
2570 5535 2828 5575 unassnco
2883 5535 3074 5575 Uiario
3108 5535 3147 5573 ι.
3182 5537 3297 5576 χχι.
3422 5535 3456 5571 z

2098 5591 2301 5647 milem
2336 5592 2531 5646 locum
2564 5607 2743 5659 supra
2776 5608 2903 5663 pag.
2944 5592 3064 5658 105,
3104 5590 3199 5643 Ὧν
3232 5585 3328 5643 ούδ
3360 5610 3457 5643 ν...

2169 5665 2278 5735 (26)
2312 5663 2605 5720 Lucianus
2634 5664 2828 5736 Epigr.
2862 5663 2929 5717 29

3355 5861 3430 5917 37
