4070 6196
298 394 451 453 1165
1268 388 1550 450 DRAMA
1595 391 1695 451 DE
1744 390 1959 450 PlllMl

2061 391 2400 451 ARENTIS
2452 391 2719 454 LAPSU.
3558 397 3711 455 1166

293 526 365 580 Ἀ
396 525 514 585 τοῖς
546 522 843 601 γενάρχαις
874 523 903 577 ὁ
934 521 1312 597 προσερπύσας
1340 518 1462 600 ὄφις
1492 524 1595 596 ί¹)’

294 617 376 670 Δι’
405 611 611 683 ἡδονῆς
636 609 826 683 ἔπλεξε
858 611 1200 686 συμπλακεὶς
1232 612 1430 681 πάλαι,

298 705 403 761 Καὶ
432 706 532 773 τήν
564 702 1027 777 πολυθρύλλητον
1057 704 1224 773 ἧτταν
1258 702 1555 775 θαυμάσας,

295 793 402 851 Καὶ
434 801 534 861 τῆς
572 791 807 857 παλαιᾶς
838 798 929 846 νῦν
964 795 1095 866 ἀρᾶς
1134 792 1482 865 μεμνημένος

289 886 391 939 Ἤν
423 884 475 954 ἐξ
507 883 725 940 ἐκείνων
760 886 793 953 ἡ
831 884 1042 959 βροτῶν
1081 884 1229 957 εὗρεν
1261 886 1333 955 (2)
1375 881 1555 956 φύσις,

288 975 538 1049 Ἐχθροῦ
572 968 825 1051 φανέντος
855 980 955 1041 τῆς
989 971 1170 1043 πάλης
1201 971 1517 1045 ὑπερτέρου,

293 1069 407 1131 Τῆς
438 1069 536 1130 σῆς
571 1062 621 1116 ἐν
665 1062 849 1123 αὐτοῖς
880 1068 1167 1135 συμφορᾶς
1198 1060 1542 1126 ἐπαισθάνου,

292 1152 383 1215 Ὠς
413 1151 505 1206 καὶ
540 1150 833 1226 λελογχὼς
864 1155 942 1223 (3)
971 1156 1078 1206 τῶν
1114 1148 1321 1222 ὁμοίων
1350 1144 1709 1219 σκαμμάτων.

368 1241 521 1297 Ἐπεὶ
553 1241 655 1315 γὰρ
689 1239 801 1296 εἶδε
838 1245 946 1295 τῶν
978 1243 1188 1308 νοητῶν
1215 1239 1316 1305 τὴν
1348 1235 1505 1315 φύσιν

290 1332 354 1387 Ὀ
386 1331 513 1402 πρὶν
546 1329 725 1385 πεσὼν
760 1327 1025 1399 δύστηνος
1058 1326 1117 1382 ἐκ
1147 1329 1349 1401 φθορᾶς
1390 1322 1627 1399 δράκων,

294 1420 395 1474 Καὶ
422 1419 522 1487 τὴν
554 1415 703 1474 κᾶτω
731 1419 1031 1491 σύμπηξιν,
1066 1414 1291 1491 ἁῤῥήτῳ
1314 1414 1492 1489 τάχει,

292 1510 463 1582 Λόγῳ
495 1510 870 1583 παραχθεῖσάν
905 1527 964 1562 τε
994 1510 1069 1578 (4)
1100 1505 1192 1560 καὶ
1226 1504 1403 1580 βουλῇ
1442 1502 1607 1576 μόνῃ,

293 1597 433 1654 Οἶον
458 1597 520 1650 τὸ
551 1597 743 1650 σεπτὸν
777 1601 876 1664 τῆς
911 1591 1021 1649 ἄνω
1051 1590 1420 1669 κληρουχίας,

296 1681 603 1760 Χερουϐἲμ,
638 1686 868 1760 Ἀρχὰς,
900 1683 989 1737 καὶ
1024 1682 1324 1757 Σεραφεὶμ,
1354 1679 1446 1733 καὶ
1478 1676 1734 1752 Θρόνους,

296 1775 746 1849 Ἀρχαγγέλους,
776 1771 953 1841 τάξεις
983 1791 1041 1825 τε
1080 1773 1318 1847 φρικτῶν
1350 1765 1654 1843 ’Δγγέλων,

296 1868 429 1931 Γῆν,
465 1862 716 1936 οὐρανὸν,
746 1861 835 1915 καὶ
877 1863 1044 1914 πᾶσαν
1073 1860 1173 1927 τὴν
1208 1857 1419 1932 ἄστρων
1458 1856 1626 1928 θέσιν,

294 1951 480 2026 ’Ὑδωρ
511 1973 570 2007 τε
600 1952 690 2006 καὶ
721 1954 850 2025 πῦρ,
886 1949 1015 2021 ἀέρα
1049 1948 1138 2018 ξῦν
1166 1950 1365 2023 αἰθέρι,

302 2045 583 2115 Φωστῆρα
613 2046 689 2112 (5)
718 2037 1044 2113 διφρεύοντα
1073 2038 1207 2111 πρὸς
1246 2038 1345 2103 τήν
1377 2036 1610 2109 ἡμέραν,

294 2129 515 2185 νΑλλον
548 2126 604 2183 δὲ
635 2126 973 2202 πυρσεύοντα
1000 2127 1165 2180 νύκτα
1196 2125 1549 2201 προσφόρως,

299 2217 492 2289 Κτῆδη
524 2238 604 2287 τε,
637 2216 808 2288 νηκτὰ
839 2217 1013 2270 πάντα
1042 2213 1130 2268 καὶ
1163 2217 1381 2283 πτηνῶν
1410 2213 1588 2287 γένος,

292 2310 401 2367 Καὶ
432 2310 600 2364 πάντα
638 2309 849 2380 κόσμον
884 2306 936 2361 ἐν
971 2305 1125 2379 λόγῳ
1155 2303 1455 2382 πεφηνότα,

287 2404 497 2454 Τοῦτον
528 2396 585 2453 δὲ
619 2398 770 2477 χειρὶ
801 2396 891 2451 καὶ
925 2391 1249 2469 προϐοδλῖῳ
1285 2392 1437 2466 μόνῳ

293 2486 547 2543 Λαϐόντα
573 2489 671 2555 τήν
706 2484 931 2560 ὕπαρξιν
966 2482 1328 2557 ἐνθεεστέραν,

295 2576 403 2633 Καὶ
438 2573 705 2645 δεσπότην
737 2571 1025 2647 δειχθέντα
1054 2576 1159 2625 τῶν
1188 2569 1533 2645 τεταγμένων

291 2668 393 2726 Ὦς
424 2664 624 2726 παντὸς
655 2662 830 2719 ἄλλου
866 2662 1226 2736 προκριθέντα
1257 2664 1334 2731 τῷ
1365 2657 1543 2732 λόγῳ,

296 2759 487 2829 Τιμῆς
523 2774 579 2808 τε
608 2752 784 2820 πάσης
815 2747 959 2814 ἔνθεν
992 2751 1326 2822 ἠξιωμένον,

292 2846 395 2902 Ἐκ
422 2847 518 2898 τοῦ
550 2839 826 2916 δεδεῖχθαι
852 2837 947 2893 τοῦ
981 2844 1116 2894 Θεοῦ
1133 2839 1251 2893 κατ’
1280 2837 1461 2891 εἷ’κὸνα
1497 2839 1597 2910 (6),

292 2936 462 2992 Κινεῖ
488 2933 603 2987 κατ’
636 2932 808 2985 αὐτοῦ
839 2935 1014 2984 πᾶσαν
1041 2927 1100 2983 ἐκ
1132 2928 1329 3005 φθόνου
1351 2925 1558 2996 πάλην,

290 3025 442 3086 Ἕως
470 3021 646 3098 ἀφῆκε
673 3025 773 3087 τῆς
808 3016 976 3089 Ἐδὲμ
1005 3022 1103 3071 τοῦ
1132 3015 1369 3091 χωρίου,

291 3116 387 3171 Ἐν
418 3111 463 3184 ᾦ
492 3114 699 3167 τέθειτο
730 3109 818 3163 καὶ
852 3113 1177 3185 φυτουργεῖν
1209 3106 1300 3160 καὶ
1336 3102 1508 3177 μένειν
1544 3108 1642 3177 (7),

293 3201 404 3259 Καὶ
434 3206 552 3256 ταῖς
588 3200 787 3262 ἐκεῖθεν
822 3198 1082 3274 έντρυφᾷν
1115 3196 1432 3273 γεωργίαις.

371 3288 556 3361 Έδὶμ,
588 3289 650 3342 τὸ
682 3289 897 3342 πάντων
940 3288 1119 3357 θαῦμα
1149 3290 1248 3358 τῇς
1280 3286 1393 3340 Ἕω
1427 3286 1500 3356 t8)
1531 3285 1736 3355 τόπων,

292 3382 396 3437 Ἦν
430 3377 827 3453 τετράκλυστον
855 3382 927 3448 (9)
958 3374 1141 3449 ὥσπερ
1174 3372 1397 3449 ἀρδεῦον
1426 3371 1572 3448 ὕδωρ

290 3472 489 3525 Φυτῶν
523 3466 774 3522 ἁπάντων
809 3470 923 3538 (10)
957 3462 1185 3519 δεικνύει
1220 3462 1557 3536 μαιεύτριαν,

290 3557 523 3626 Πολλὴν
556 3555 828 3636 φερόντων
860 3555 1102 3628 τέρψεως
1136 3549 1460 3627 εὐμορφίαν,

296 3646 401 3701 Καὶ
434 3651 604 3699 πᾶσαν
638 3646 764 3717 ὄψιν
794 3640 1100 3697 ἑστιώντων
1133 3639 1207 3701 εἷς
1238 3641 1396 3713 ἄγαν.

297 3739 474 3813 ’ῼπερ
508 3733 769 3796 δεδοικὼς
803 3734 832 3787 ὁ
864 3735 1077 3801 πλάνης
1110 3728 1489 3804 προσεγγίσαι.

299 3831 400 3886 Ὧς
434 3826 528 3879 οἷα
560 3824 707 3899 χειρὶ
736 3828 832 3878 τοῦ
864 3826 998 3877 Θεοῦ
1031 3819 1371 3893 λελημμένῳ

298 3916 408 3972 Καὶ
435 3916 538 3983 τήν
562 3912 767 3977 ἐκεῖθεν
799 3912 920 3985 δψιν
955 3911 1303 3985 ὡραϊσμένῳ,

292 3999 411 4071 Εὕα
447 4002 698 4077 πρόσεισι
730 4005 799 4073 τῇ
831 4001 985 4074 φύσει
1019 3998 1345 4072 νωθεστέρᾳ,

292 4091 406 4147 Καὶ
440 4096 506 4164 τῇ
545 4093 679 4166 πρὸς
714 4087 880 4163 ἄνδρα
910 4083 1201 4162 προσϐολῆ
1236 4084 1540 4161 σοφωτέρᾳ,

293 4182 404 4236 Ἤν
439 4179 516 4239 εἲς
550 4179 751 4252 βοηθὸν
785 4183 897 4248 (ll)
930 4176 1019 4231 καὶ
1052 4175 1303 4248 συνεργὸν
1331 4178 1426 4227 τοῦ
1464 4174 1586 4246 βίου

293 4269 547 4344 Πλευρᾶς
582 4273 690 4341 (12)
725 4267 933 4322 ἐκείνου
971 4266 1162 4340 μικρὸν
1200 4263 1397 4333 ἐξελὼν
1426 4262 1649 4340 τρύφος,

294 4356 522 4431 Ἔδειμε
550 4359 639 4413 καὶ
674 4355 907 4412 δεδωκεν
942 4355 1088 4427 αύτῷ
1129 4354 1445 4430 πανσιὶφως,

300 4450 602 4507 Ἑνυπνίων
632 4446 870 4525 δώρημα
903 4449 1011 4520 (13)
1042 4445 1133 4500 καὶ
1168 4443 1345 4499 πόνων
1376 4444 1525 4506 ἄκος·

304 4540 405 4603 Οἷς
436 4539 526 4594 καὶ
562 4537 863 4614 παρασχὼν
897 4535 1134 4590 ἐντολῶν
1176 4532 1521 4608 ὑποσχέσεις,

308 4932 579 4989 evanida.

378 5006 457 5074 (2)
484 5003 699 5069 Codex,
733 5001 871 5073 εὗρε,
904 5000 1064 5071 quod
1094 4999 1432 5074 relinquere
1468 4998 1531 5052 in
1580 5008 1850 5074 poemate
1898 5002 1960 5057 id

305 5071 498 5150 genus
529 5090 734 5150 secure
786 5071 1076 5145 poteram.
1123 5071 1214 5126 Sic
1261 5087 1312 5125 ν.
1366 5072 1454 5135 61,
1507 5071 1693 5144 φρεσὶν
1748 5075 1957 5146 scripsi

307 5144 431 5223 pro;
453 5144 629 5223 φρεσξ.

383 5211 474 5287 (3)’
494 5211 708 5283 Codex,
740 5211 1059 5287 λελουχώς.

385 5282 464 5360 (4)
496 5287 658 5362 Λόγῳ
685 5282 702 5342 ;⁷
735 5289 790 5342 Si
823 5282 1063 5362 quidem
1086 5286 1240 5339 Deus
1261 5282 1742 5362 aiebat_modo._et
1762 5290 1966 5362 omnia

314 5356 541 5417 fiebant
589 5356 759 5415 'Nota
810 5356 950 5413 sunt
1007 5360 1300 5413 Geneseos
1360 5356 1554 5417 verba.
1605 5357 1694 5409 καὶ
1754 5360 1903 5412 εἶπεν
1937 5364 1964 5414 ὸ

313 5432 517 5496 Θεός..,
550 5432 716 5496 Quod
748 5432 1015 5500 sequitur
1044 5429 1308 5499 παράγειν
1341 5426 1413 5482 de
1448 5444 1507 5481 re
1541 5429 1743 5484 eadem
1787 5432 1965 5487 adhi-

311 5504 444 5585 bnit
472 5503 965 5585 {IoannesAClirys
1001 5502 1193 5585 Eclpg.
1226 5514 1403 5585 ‘pag."
1435 5501 1538 5553 422
1567 5517 1585 5585 ξ
1634 5504 1754 5585 Πῶς
1806 5501 1898 5556 οῦν
1929 5504 1963 5571 ἡ

310 5581 383 5648 γῆ
417 5573 633 5651 γέγονεν
664 5567 995 5651 ἄνθρωπος)
1044 5567 1168 5625 πῶῖ
1223 5567 1280 5622 ὃέ
1333 5567 1497 5651 αὕτη.
1531 5569 1630 5624 οὐκ
1677 5573 1808 5628 οὖσα
1861 5567 1970 5629 παὲ

315 5641 511 5721 ῥῆγέτο
543 5664 556 5714 ;
591 5646 693 5721 ubi
726 5644 1076 5721 Mattbaaius,
1114 5648 1325 5721 Auctor
1368 5641 1791 5721 ΔΡῂὶιοραιιήάὶξθι
1820 5647 1970 5721 ἒῗί3ν

316 5700 557 5775 δὲἰιιοὲ
588 5700 983 5774 inenarrabili
1018 5700 1122 5771 seu
1156 5715 1273 5770 Deo
1304 5728 1318 5767 :
1351 5710 1514 5786 Λόγῳ
1544 5700 1717 5789 ’μόνῳ
1754 5700 1973 5791 ῥπξὸἐντῖ

1988 4632 2036 4697 D

376 4790 454 4862 (1)
484 4784 918 4862 Οοᾱοι.-αύτοῖς
944 4786 1157 4862 γενῖ-Ιῐι
1190 4784 1307 4839 ﬁne
1339 4782 1541 4839 addidi
1571 4779 1730 4862 ὃφιςε
1764 4789 1956 4858 potuit

309 4857 612 4934 δι’δράκων
646 4858 803 4915 addi.
841 4857 1086 4913 Librarii
1120 4872 1330 4912 manus
1362 4872 1520 4911 nunc
1568 4857 1658 4912 est
1711 4857 1955 4929 prorsus

1974 529 2024 593 Α
2056 527 2169 581 mis
2198 528 2544 600 parentibus
2579 527 2873 600 adrepens
2895 545 3143 601 serpens
3166 547 3275 601 per
3296 530 3714 587 blandimenta

2060 617 2353 673 allocutus
2385 618 2528 673 olim
2579 620 2949 691 praeparavit,
3014 625 3072 675 et
3128 620 3415 675 famosam
3475 620 3706 676 cladem

2058 712 2326 778 stupens.
2355 713 2414 763 et
2437 709 2744 779 antiquam
2773 708 3252 764 maledictionem
3277 710 3337 764 in
3362 711 3709 765 memoriam

2057 814 2217 852 nunc
2250 814 2550 858 revocans.
2594 815 2770 869 quam
2828 814 2895 853 ex
2936 798 3030 853 his
3088 799 3431 853 mortalium
3484 799 3714 870 excepit

2058 893 2291 951 natura,
2314 903 2449 941 cum
2483 888 2763 942 inimicus
2792 886 2854 942 in
2890 904 3086 959 pugna
3108 888 3380 959 superior
3406 888 3703 959 apparuit,

2061 979 2226 1029 tuum
2259 976 2320 1030 in
2352 975 2472 1030 illis
2504 976 2897 1031 infortunium
2930 976 3181 1049 conjice,
3214 983 3499 1048 tanquam
3534 977 3708 1032 simi-

2059 1061 2176 1116 lem
2211 1079 2413 1117 casum
2445 1064 2709 1120 sortitus.

2133 1241 2276 1295 Nam
2311 1256 2444 1295 cum
2479 1240 2624 1293 vidit
2654 1239 3055 1312 spiritualium
3093 1246 3368 1296 naturam
3409 1242 3509 1312 qui
3542 1241 3708 1313 prius

2062 1328 2357 1385 ceciderat
2406 1329 2732 1385 miserabili
2791 1330 2965 1385 ruina
3012 1330 3211 1397 draco,
3260 1336 3318 1385 et
3363 1329 3708 1385 inferiorem

2063 1418 2425 1473 creationem
2457 1417 2747 1473 indicibili
2779 1418 3102 1485 celeritate,
3155 1417 3332 1472 verbo
3377 1423 3607 1471 tantum
3650 1423 3710 1472 et

2062 1508 2363 1564 voluntate
2394 1509 2739 1581 perfectam,
2771 1515 3078 1581 augustam
3112 1508 3340 1563 scilicet
3387 1523 3707 1577 supernam

2063 1597 2288 1665 sedem,
2315 1600 2653 1655 Cherubim.
2681 1601 3030 1663 Potestates,
3057 1597 3389 1669 Seraphim,
3421 1596 3709 1664 Thronos,

2060 1687 2466 1760 Archangelos
2487 1688 2846 1759 ordinesque
2872 1686 3318 1743 tremendorum
3342 1684 3709 1757 angelorum,

2062 1780 2304 1845 terram,
2339 1776 2550 1832 caalum
2584 1782 2642 1831 et
2670 1793 2908 1831 omnem
2940 1781 3235 1831 astrorum
3258 1774 3711 1845 dispositionem

2062 1883 2281 1936 aquam
2308 1883 2544 1937 quoque
2576 1870 2633 1920 et
2664 1865 2883 1938 ignem,
2917 1881 3115 1920 aerem
3149 1880 3286 1919 cum
3327 1862 3565 1926 aethere.
3618 1861 3710 1917 lu-

2063 1956 2292 2010 minare
2325 1972 2511 2011 unum
2546 1972 2721 2011 curru
2753 1954 2912 2009 diem
2936 1953 3308 2021 illuminans,
3334 1952 3708 2021 alterumque

2062 2045 2308 2116 pulchre
2340 2051 2574 2099 noctem
2609 2044 2939 2110 illustrans,
2994 2042 3236 2109 bestias,
3287 2041 3621 2096 natantium
3653 2046 3712 2094 et

2059 2134 2387 2189 volucrium
2420 2151 2605 2204 genus
2636 2150 2836 2201 omne,
2872 2140 2930 2188 et
2960 2131 3249 2187 mundum
3273 2131 3615 2186 universum
3646 2130 3707 2183 in

2059 2224 2235 2279 verbo
2258 2223 3101 2295 apparentem.hominemque
3126 2237 3307 2276 manu
3332 2224 3390 2274 et
3409 2219 3709 2273 voluntate

2062 2312 2186 2367 sola
2217 2320 2551 2367 sumentem
2586 2312 2935 2367 diviniorem
2972 2309 3400 2371 exsistentiam.
3437 2312 3495 2362 et
3519 2306 3713 2361 domi-

2058 2409 2325 2457 natorem
2352 2409 2655 2457 ostensum
2680 2401 2949 2455 omnium
2976 2399 3401 2470 subiectorum,
3422 2402 3713 2467 tanquam

2058 2491 2130 2546 ab
2164 2491 2323 2546 omni
2357 2491 2472 2545 alio
2503 2490 2732 2545 ratione
2762 2489 3164 2551 dilTerentem.
3189 2487 3352 2543 omni
3375 2486 3602 2541 honore
3616 2486 3712 2541 hic

2059 2579 2303 2651 dignum
2336 2579 2626 2645 habitum,
2660 2596 2729 2634 eo
2761 2578 2917 2650 quod
2950 2585 3227 2635 ostensus
3259 2577 3338 2631 sit
3394 2576 3581 2630 factus
3636 2574 3710 2630 ad

2057 2670 2159 2726 Dei
2191 2670 2534 2742 imaginem.
2570 2674 2764 2724 movet
2794 2674 3001 2724 contra
3025 2668 3196 2722 illum
3225 2665 3297 2720 ab
3328 2664 3552 2719 invidia
3581 2662 3710 2718 bel-

2056 2759 2201 2823 lum,
2234 2757 2568 2829 usquedum
2624 2757 2821 2830 abigat
2869 2773 2939 2811 ex
2989 2754 3206 2809 Edenis
3264 2752 3426 2819 sede,
3472 2752 3533 2806 in
3592 2768 3708 2822 qua

2057 2847 2381 2903 collocatus
2415 2852 2541 2902 erat
2565 2852 2630 2901 ut
2652 2852 3000 2918 cperaretur
3030 2850 3090 2899 et
3118 2842 3464 2912 custodiret,
3488 2847 3546 2895 et
3565 2840 3704 2897 inde

2058 2937 2287 2992 eductis
2316 2936 2608 2992 fructibus
2639 2935 2962 2991 laetaretur.

1983 3261 2026 3328 Β
2127 3292 2289 3349 Eden
2315 3298 2441 3349 erat
2461 3293 2720 3349 Orientis
2745 3292 3011 3347 locorum
3034 3289 3305 3344 omnium
3326 3285 3702 3352 miraculum,

2057 3400 2233 3455 quem
2267 3381 2643 3453 quadruplici
2701 3380 2947 3435 ﬂumine
3007 3378 3176 3449 quasi
3235 3377 3488 3448 irrigans
3544 3390 3699 3445 aqua

2056 3472 2355 3526 fructuum
2389 3470 2655 3525 omnium
2690 3469 2947 3524 feracem
3004 3464 3373 3533 ostendebat,
3425 3464 3701 3519 decoram

2057 3567 2425 3615 venustatem
2459 3559 2677 3629 ubique
2697 3557 3107 3630 pendentium,
3133 3560 3189 3611 et
3210 3558 3485 3627 aspectus
3506 3567 3700 3607 come-

2058 3650 2325 3706 dentium
2357 3648 2679 3705 admodum
2712 3647 3156 3703 delectantium.
3185 3646 3268 3701 Ad
3292 3660 3469 3716 quem
3490 3649 3705 3697 treme-

2056 3738 2293 3795 bundus
2325 3737 2603 3794 seductor
2631 3754 2766 3793 cum
2799 3736 3167 3799 accessisset,
3219 3734 3396 3790 talem
3447 3731 3639 3803 qualis
3671 3747 3701 3785 e

2058 3845 2237 3883 manu
2273 3828 2370 3883 Dei
2403 3829 2647 3889 exierat.
2699 3832 2757 3882 et
2808 3826 2945 3881 inde
2997 3825 3202 3881 oculos
3258 3819 3700 3896 pulchritudine

2050 3918 2379 3989 juvantem.
2411 3918 2580 3971 Evam
2613 3916 2733 3970 adit
2794 3921 3007 3970 natura
3064 3912 3459 3969 socordiorem
3520 3915 3579 3963 et
3626 3906 3699 3962 ad

2058 4005 2374 4059 alliciendi:
2388 4022 2441 4059 m
2458 4005 2643 4059 virum
2670 4003 3248 4071 solertiorem,qnam
3268 4000 3328 4054 in
3344 3998 3702 4069 udjutricem

2061 4101 2118 4148 et
2147 4096 2422 4149 comitem
2457 4094 2586 4147 vita;
2620 4109 2689 4147 ex
2738 4092 2899 4145 illius
2950 4096 3113 4145 costa
3166 4105 3406 4160 parvum
3460 4086 3705 4141 eliciens

2057 4183 2458 4256 fragmentum
2489 4182 2843 4236 formaverat
2874 4181 3026 4234 Deus
3049 4186 3106 4233 et
3128 4177 3371 4232 dederat
3392 4176 3444 4230 ei
3467 4174 3708 4245 sapien-

2060 4278 2170 4339 ter,
2203 4272 2397 4328 somni
2434 4287 2647 4326 munus
2708 4275 2765 4323 et
2803 4268 3072 4325 laborum
3126 4266 3423 4322 solatium.
3482 4261 3706 4328 Quibus

2061 4362 2237 4417 etiam
2263 4360 2568 4432 proferens
2592 4358 3007 4414 mandatorum
3024 4354 3544 4427 significationem,
3576 4365 3712 4404 om-

2060 4452 2228 4507 nium
2258 4450 2538 4507 arborum
2581 4464 2757 4504 usum
2789 4446 3107 4513 concessit,
3140 4444 3283 4500 dum
3332 4457 3451 4497 una
3476 4444 3708 4496 tantum

2068 4790 2159 4845 ὑπ’
2188 4789 2428 4847 αὐτοῦ...
2462 4786 2747 4861 ἄνθρωπον
2780 4786 2841 4842 ἐκ
2871 4785 2948 4860 μὴ
2980 4783 3151 4845 ὄντως
3181 4782 3237 4845 ἐς
3287 4781 3351 4837 τὸ
3385 4781 3525 4837 εἶναι
3575 4798 3711 4854 παρ-

2065 4863 2437 5005 1hz!5Y)e_.Codex
2471 4932 2588 4987 alio
2622 4931 2828 5005 ordine
2856 4947 3059 4986 versus
3091 4927 3417 5005 disposuit,
3439 4929 3718 5005 ξιξωστῆρα

2068 4998 2366 5077 -”Ῡδωρ,
2396 5020 2571 5075 quem
2605 5003 2845 5069 mutavi,
2870 4998 3282 5077 sententias‘ut
3303 4998 3562 5077 nitidius
3583 5013 3716 5077 con-

2072 5070 2477 5143 cinnare'ntur,
2511 5082 2568 5131 et
2596 5082 2900 5148 prmeunte
2931 5074 3060 5147 ipsa
3090 5071 3454 5129 narrationis
3500 5070 3562 5125 in
3613 5070 3720 5125 Ge-

2072 5150 2202 5205 nesi
2235 5150 2408 5202 serie.

2145 5224 2221 5288 g6)
2262 5221 2403 5277 Gen.
2441 5237 2477 5285 ι,
2508 5220 2598 5283 26,
2638 5222 2728 5275 27.

2145 5292 2223 5359 (7)
2255 5292 2396 5345 Gen.
2434 5308 2492 5356 ιι,
2531 5294 2612 5347 15.

2147 5364 2219 5430 (8)
2254 5362 2399 5416 lbid.
2430 5365 2483 5416 8.

2148 5437 2221 5502 (9)
2261 5433 2380 5487 Ibid
2443 5437 2524 5487 lO.

2148 5505 2261 5575 (ιυ)
2297 5504 2441 5559 Ibid.
2475 5508 2526 5559 9.

2150 5578 2264 5645 (11)
2296 5576 2440 5631 lbid.
2480 5579 2565 5632 18.

2178 5651 2264 5711 12)
2299 5647 2447 5701 Ibid.
2482 5650 2569 5703 21.

2182 5720 2269 5791 13)
2300 5718 2447 5775 Ibid.
