4036 6212
287 323 323 382 1
340 324 463 386 173

282 457 405 515 Καὶ
439 460 539 523 τῆς
568 456 810 535 ἐφετμῆς
836 458 933 526 τῆς
968 458 1107 533 ἐμῆς
1140 459 1529 536 παρεκλάπης,

284 547 440 621 Ἔσῃ
471 548 728 624 γεωργῶν
754 551 862 621 (42)
892 548 988 611 τὰς
1020 548 1255 612 ἀκάνθας
1285 556 1382 605 τοῦ
1426 552 1568 626 βίου,

282 636 493 709 Αὕξων
529 636 772 707 ἐπαύξων
808 636 900 691 σὺν
932 644 1213 714 στεναγμῷ
1237 642 1327 694 καὶ
1369 639 1545 703 λύπας
1576 644 1712 715 (43).

291 725 449 800 Τέξῃ
482 730 595 798 (44)
628 724 685 780 δὲ
722 726 880 781 τέκνα
912 729 1004 782 σὺν
1036 725 1257 798 λύπαις,
1289 731 1457 800 θνητὴ
1492 732 1666 808 φύσις.

282 812 517 889 Ἰδρῶσι
547 817 660 890 (45)
693 815 756 870 τὸ
789 818 1084 891 πρόσωπον
1113 816 1546 894 ἐρῥαντισμένος,

281 908 459 978 Φαγῇ
493 907 603 977 (46)
635 906 726 961 τὸν
758 902 918 976 ἄρτον
949 906 1000 960 ἐν
1028 906 1221 969 κόποις
1263 907 1351 962 καὶ
1380 911 1683 983 φροντίσιν,

280 994 466 1060 "Eme,
497 991 599 1048 ἐὼν
627 1000 732 1070 γῆς
760 996 1021 1068 γηγενὴς,
1067 992 1432 1071 παλινδρόμει
1464 1000 1594 1071 (47).

1592 330 1914 391 CARMEN
1960 330 2040 390 IN
2084 328 2433 392 PAULUM.
3568 340 3720 400 H74

1985 470 2040 535 Α
2072 462 2517 537 ρτωεοτίριίοιιε
2552 466 2875 533 recessisti,
2909 466 3024 521 eris
3054 466 3302 523 culturas
3332 482 3546 526 vacans
3598 473 3718 543 spi-

2066 572 2279 611 narum
2305 554 2457 619 vitae,
2493 570 2712 628 augens
2743 563 2801 610 et
2833 557 3237 629 multiplicans
3286 560 3443 615 inter
3463 562 3718 632 gemitus

2066 651 2199 700 tuas
2230 660 2568 699 aerumnas:
2603 646 2798 716 paries
2846 652 3043 701 autem
3080 648 3235 703 filios
3267 649 3329 703 in
3385 649 3712 719 doloribus,

2064 733 2335 789 mortalis
2366 739 2615 797 natura;
2649 733 2965 790 sudoribus
2996 736 3222 792 vultum
3263 738 3482 811 rigans,
3516 756 3710 797 come~

2064 823 2168 878 des
2200 839 2415 894 panem
2444 823 2507 877 in
2572 823 2875 879 laboribus
2922 832 2979 880 et
3030 827 3210 896 curis,
3266 826 3456 883 donec
3490 845 3524 883 δ.
3551 835 3706 886 terra

2063 910 2352 967 oriundus
2383 911 2458 967 ad
2485 918 2701 968 terram
2732 914 3067 970 revertaris.

362 1121 480 1189 (42)
505 1121 721 1176 Genes.
764 1137 847 1187 ιιι,
883 1123 972 1179 18.

364 1193 483 1263 (43,
516 1191 666 1263 Ibid.
704 1194 788 1247 is.
1028 1210 1031 1215 ί

365 1264 477 1333 (44)
510 1262 659 1318 Ibid.

362 1336 479 1404 (45)
506 1334 654 1390 Ibid.
692 1336 775 1389 19.

506 1405 722 1494 'Codex,
750 1405 917 1494 enim
949 1409 1014 1463 In
1057 1408 1267 1494 Genesi
1298 1413 1662 1494 recteutpa‘yﬁ.

360 1478 474 1547 (47)
506 1479 571 1532 In
606 1479 716 1533 hoc
747 1478 921 1533 metri
954 1496 1169 1547 genere
1200 1488 1321 1536 tam
1361 1478 1520 1537 facili
1554 1478 1647 1538 lex
1670 1489 1949 1539 accentus

279 1549 762 1625 versiﬁ‘catorem
793 1549 1121 1625 impedivit,
1138 1559 1214 1625 ut
1234 1554 1468 1625 syntaxi
1500 1554 1742 1625 insolita
1762 1562 1953 1625 utere-

287 1626 414 1683 tur,
442 1620 559 1707 nisi
581 1622 783 1707 forsan
808 1620 1134 1707 scripserit,
1195 1620 1419 1697 δρᾶμεῖν
1450 1622 1637 1694 πάλιν,
1696 1627 1788 1684 vel
1827 1623 1950 1707 _3po't-

288 1711 406 1818 μᾶις
434 1690 617 1745 πάλιν.
637 1693 719 1749 Ob
753 1690 1188 1751 inobservatam
1218 1690 1347 1752 eam
1380 1690 1660 1753 accentus
1683 1690 1948 1768 regulam

286 1781 323 1840 e_
372 1765 554 1840 itores
570 1765 904 1840 carminum
925 1767 1292 1840 politicorum
1313 1770 1949 1840 smpe,utmodoosten-

2060 1122 2288 1204 πλάσμα
2318 1130 2447 1204 ,τῶν
2488 1125 2779 1204 ,ἐνυπνίων
2839 1129 2934 1204 Ὠς
3008 1134 3238 1204 πρᾶγμα
3271 1127 3531 1204 λδειχνὺς,
3616 1134 3713 1186 καὶ

2059 1197 2416 1274 φρενοφθόρνῳ
2484 1198 2587 1274 βίῳ
2644 1198 3006 1274 ΑἴσθητικήνΑ
3042 1197 3184 1274 δρῶν
3223 1202 3325 1269 τήν
3383 1197 3709 1273 ἀναίσθητον

2058 1269 2293 1345 πλάνην.
2328 1269 2604 1345 Morellus
2636 1271 2934 1345 emendat,
2984 1269 3111 1345 βιῴ,
3141 1275 3369 1331 scilicet
3401 1298 3427 1325 ‹‹
3453 1269 3707 1331 nocente

2063 1343 2360 1398 mentibus
2383 1343 2521 1399 telo.
2566 1365 2593 1392 »
2628 1343 2738 1397 Sed
2770 1359 2839 1397 ea
2870 1343 3237 1400 correCtione
3287 1349 3588 1403 sententia
3616 1350 3707 1404 vix

2054 1417 2312 1490 juvatur,
2342 1421 2401 1469 et
2425 1421 2681 1490 metrum
2703 1417 3170 1490 pessumdatur.
3206 1419 3335 1490 Legi
3360 1419 3559 1485 velim,
3596 1419 3704 1490 βίᾳ,

2058 1488 2173 1573 Qui.
2191 1486 2319 1573 l'oco
2351 1486 2605 1573 amplius
2638 1487 3114 1573 etiamProdesse
3137 1486 3498 1573 quidZvetat?
3519 1486 3711 1573 Pergit

2060 1557 2287 1632 ἓίξωθδ
2314 1575 2330 1632 ί.
2354 1555 2504 1632 "ne"
2527 1558 2731 1632 ,μικρὸν
2783 1555 2937 1613 οὔπω
2990 1560 3088 1632 καΞᾉ
3137 1555 3416 1632 ἦαρῆλθεν
3453 1562 3487 1628 ἡ
3523 1555 3705 1632 γάρῖς.

2059 1627 2230 1703 Εὐθὺς
2273 1627 2376 1703 γάρ
2416 1627 2585 1703 αὐτόν
2636 1633 2832 1703 ζημιοῖ
2867 1636 2969 1703 τῆς
3036 1627 3237 1703 οὐσίας’.
3300 1632 3428 1703 Non
3479 1627 3709 1703 dicitur

2060 1701 2193 1777 quis
2225 1697 2423 1771 ζημιοῖ
2455 1719 2466 1756 :
2498 1697 2793 1777 videlicet,
2825 1698 3084 1777 Εὕφωνος
3144 1697 3294 1775 ὅρνις
3343 1700 3577 1777 ἃγγελος
3602 1710 3703 1771 τῆς

2057 1772 2267 1849 ἡμέρας
2300 1791 2316 1849 ξ
2337 1790 2513 1849 quem
2537 1774 2853 1845 pulchrum
2886 1772 3115 1830 versum
3162 1772 3473 1831 commode
3508 1777 3698 1849 reperi

287 1834 529 1902 debam,
562 1837 796 1891 muneri
828 1834 941 1892 suo
957 1838 1293 1895 defuerunt.
1325 1834 1516 1896 Unum
1536 1842 1713 1896 etiam
1728 1843 1941 1898 addam
1974 1840 2020 1904 B
2052 1834 2112 1899 in
2134 1836 2263 1899 cod.
2291 1834 2447 1900 1630.

283 1907 886 1979 exemplum.Pisides
910 1910 989 1965 De
1029 1912 1210 1966 vanit.
1248 1915 1349 1967 122
1388 1929 1401 1967 :
1436 1909 1546 1966 Οὐκ
1575 1910 1701 1967 οἴδα
1731 1915 1849 1977 πῶς
1877 1916 1939 1968 τὸ

316 2042 3705 2071 W

830 2150 1437 2248 ΙΓΝΑΤΙΟΥ
1518 2152 2170 2249 ΔΙΑΚΟΝΟΥ
2245 2152 3169 2250 ΓΡΑΜΜΑΤΙΚΟΥ

1395 2327 1510 2384 ΕΙΣ
1538 2328 1812 2382 ΠΑΥΛΟΝ
1829 2326 1970 2383 ΤΟΝ
2003 2330 2190 2382 ΙΔΙΟΝ
2224 2326 2598 2383 ΜΔΘΗΤΙΙΞΜ

1130 2552 1555 2645 IGNATII
1633 2556 1807 2640 DI.-\
1824 2554 2104 2641 CONI
2170 2554 2703 2643 GItAMMA'l
2738 2558 2888 2643 ItZI

1464 2710 1535 2765 IN
1566 2708 1854 2765 PAULUM
1880 2708 2070 2765 SUUM
2088 2707 2535 2765 DISCIPULUM.

1402 2854 1593 2926 (Apud
1635 2855 1968 2923 MATMNGA,
1999 2855 2261 2912 Anecdot.
2294 2860 2335 2910 t.
2388 2856 2458 2924 II,
2489 2854 2638 2925 θοι.)

362 3087 605 3155 ’Ἄπορον
642 3080 761 3157 βίου
791 3082 853 3136 τὸ
865 3083 1063 3157 τὲρμα,

294 3172 385 3226 Διὸ
407 3172 483 3245 μή
514 3172 722 3246 τρὲχῃς
752 3168 995 3241 ἀδήλως·

292 3262 519 3334 Ἀρετὴν
555 3257 680 3330 δίωξ
690 3282 746 3315 ον
775 3257 935 3329 ἔνθεν,

288 3351 380 3407 Ἵν⁹
411 3349 614 3413 ἐκεῖθεν
644 3344 814 3406 ὄλϐον
846 3350 1048 3427 εὕροις.

361 3438 489 3500 Βίος
520 3438 583 3493 οὗ
615 3439 817 3517 πέφυκε
853 3440 1067 3514 μίμνειν

296 3527 409 3583 11όα
436 3526 767 3601 εύμάραιτός
798 3528 962 3599 ἔστιν,

295 3616 659 3691 ’Λνύπαρκτός
691 3616 831 3672 ἐστιν
865 3612 1035 3681 ὄλϐος

294 3710 608 3768 ’Λτύπωτόν
638 3708 779 3767 ἐστιν
809 3710 987 3789 ἴχνος.

977 3889 1059 3966 [δὲ
1085 3891 1281 3972 τέφρη,

296 3981 430 4038 Ὅσα
458 3980 559 4058 γὰρ
590 3981 797 4057 κόσμος
832 3978 947 4058 ἔχει
975 3979 1185 4057 τύμϐος
1230 3982 1352 4062 ύφὲ-

364 4161 558 4234 Γοερὸν
590 4160 791 4217 κίνωσε
831 4157 1000 4237 δάκρυ
1161 4072 1279 4146 [εει.

297 4250 460 4321 Ἐμὸν
490 4249 571 4311 εἷς
600 4249 767 4328 τάφον
798 4255 1059 4319 τεκοῦσα,

296 4339 461 4416 Ὅπερ
494 4339 538 4394 εί
573 4338 738 4413 μόνον
772 4338 1036 4410 δοκεύεις,

366 4469 637 4524 Incertus
668 4469 799 4525 vita:
830 4470 1147 4536 terminus,
1178 4468 1313 4526 ideo
1339 4484 1415 4525 ne
1446 4484 1650 4524 curras
1672 4468 1944 4523 incaute:

301 4558 569 4614 virtutem
602 4564 830 4615 sectare
863 4559 967 4621 ibi.
999 4566 1065 4615 ut
1112 4559 1237 4616 illic
1270 4559 1615 4615 felicitatem
1656 4557 1943 4613 invenias.

371 4666 499 4721 Vita
523 4683 643 4721 non
675 4666 748 4721 ad
790 4667 1147 4722 morandum
1201 4672 1342 4722 nata
1394 4672 1503 4731 est,
1562 4683 1807 4737 gramen
1859 4670 1948 4721 est

303 4756 411 4810 cito
444 4772 740 4821 marcens,
775 4756 998 4812 caduca
1027 4756 1303 4825 felicitas,
1350 4756 1662 4828 vestigium
1711 4756 1802 4810 vix
1832 4754 1948 4809 im-

302 4861 590 4917 pressum.

369 4951 511 5006 Ecce
538 4952 740 5007 omnia
769 4952 986 5026 pulvis,
1024 4952 1226 5009 omnia
1279 4952 1431 5009 cinis
1486 4955 1627 5007 sunt
1660 4969 1673 5017 ;
1725 4955 1946 5022 quanta

305 5040 459 5095 enim
494 5040 755 5098 mundus
786 5042 984 5106 habet.
1018 5042 1359 5115 sepulcrum
1387 5042 1638 5098 hauriet.

367 5149 831 5206 Lamentabilem
866 5150 1360 5207 exhausitﬂetum
1385 5166 1516 5221 qum
1546 5165 1640 5204 me
1662 5148 1725 5203 in
1745 5164 1942 5202 meum

306 5238 637 5310 sepulcrum
679 5241 947 5313 peperit;
981 5240 1141 5312 quod
1167 5239 1217 5294 si
1248 5238 1443 5294 solum
1465 5236 1943 5298 observas,corde

303 5325 563 5383 dolorem
590 5329 835 5383 senties.

373 5435 668 5507 Lacrymis
690 5434 1017 5507 implentur
1036 5433 1597 5506 tumuli,inexpletis
1619 5433 1946 5505 implentur

306 5523 615 5591 lamentis;
649 5525 751 5596 qui
783 5524 944 5580 enim
975 5524 1048 5579 ad
1080 5523 1376 5578 tumulum
1401 5540 1464 5579 se
1492 5523 1943 5589 convertit,inde

312 5629 615 5671 mmrorem
646 5614 929 5687 suscepit.

370 5723 563 5779 Meum
590 5721 654 5779 in
686 5721 1026 5798 sepulcrum
1046 5725 1214 5778 tuum
1246 5720 1485 5778 oculum
1512 5721 1941 5794 aperiens,ter-

1470 3081 1671 3157 Κραθίῃ
1702 3083 1865 3138 πόνον
1892 3082 2144 3153 συνέξεις.

1538 3171 1792 3244 Δακρύων
1818 3173 2048 3247 γέμουσι
2078 3167 2307 3245 τύμϐοι,

1462 3261 1742 3316 ἈπΑὲτων
1778 3263 2039 3337 γέμουσιν
2072 3260 2291 3315 οἷ’κτων·

1464 3350 1525 3407 Ὀ
1555 3351 1657 3426 γὰρ
1688 3353 1765 3412 εἱς
1793 3352 1961 3425 τάφον
1990 3350 2275 3425 προκύψας

1469 3438 1751 3511 Συνὲλεξεν
1785 3437 1932 3504 ἔνθεν
1965 3438 2162 3517 ἃλγος.

1539 3530 1702 3604 Ἐμὸν
1732 3530 1809 3591 εἰς
1837 3531 2004 3608 τάφον
2039 3530 2130 3584 σὸν
2163 3526 2319 3603 ὄμμα

1466 3623 1684 3695 Διάρας,
1714 3621 1943 3675 σκόπευε
1969 3624 2150 3694 γαῖαν·

1465 3711 1599 3784 Ἐμὲ
1625 3711 1726 3787 γὰρ
1761 3707 2029 3784 ράδαμνον
2064 3707 2244 3782 ὥσπερ

365 3800 537 3857 Βλέπε
566 3806 685 3864 πῶς
723 3800 896 3858 πάντα
948 3803 1124 3873 κόνις,
1180 3802 1357 3859 πάκτα
1463 3804 1601 3860 Νὲον
1637 3802 1883 3875 ἐξέκοψεν
1908 3797 2103 3872 νᾼδης.

1537 3892 1767 3969 Ζοφερὸν
1789 3888 1958 3961 δόμον
1982 3889 2246 3950 πετάσσας

1466 3981 1788 4056 ’Δκόρεστος
1820 3979 1939 4035 εἷλε
1980 3978 2243 4035 Πλούτων

1466 4072 1597 4145 Ἐμὶ
1628 4069 1843 4126 Παῦλον
1880 4069 2060 4144 ὥσπερ
2092 4066 2242 4139 ἔρνος

1462 4160 1720 4225 Ἀπαλὸν,
1752 4160 1932 4231 τεμὼν
1977 4159 2083 4234 πρὸ
2117 4157 2280 4231 ὥρας.

1537 4251 1773 4310 Θάνατος
1795 4249 1928 4304 νέων
1954 4250 2017 4305 τὸ
2037 4244 2249 4307 κάλλος

1465 4337 1635 4395 Ὅλον
1670 4341 1744 4401 ὡς
1786 4336 1968 4414 χλόην
1998 4337 2217 4412 θερίζει⁸

2643 3084 2887 3155 Δρεπάνη
2922 3082 3075 3138 πὲλει
3100 3084 3203 3157 γάρ
3238 3086 3396 3147 οὗτος

2639 3170 3041 3241 Ἀδιεξόδευτος
3072 3169 3261 3234 ὄντως.

2707 3260 2820 3318 Ἴδε
2850 3266 2955 3315 ποῦ
2984 3263 3221 3335 τρέχεις,
3255 3262 3479 3341 ἐπίσχες

2638 3349 2746 3407 Ἴδε
2777 3355 2893 3411 πῶς
2926 3355 3099 3427 φθορᾷ
3132 3352 3394 3425 συνάπτῃ·

2635 3444 2794 3495 Ὅσον
2830 3440 2888 3494 ἃν
2920 3437 3135 3516 δράμῃς
3157 3441 3261 3515 γάρ
3293 3435 3439 3496 ἔνθεν

2636 3532 2816 3609 Τάφον
2839 3528 3095 3604 οὐδαμῶς
3123 3530 3363 3607 περάσσῃ
3374 3555 3416 3595 ς.

2707 3620 2865 3683 Κόνις
2891 3621 2963 3683 ὥς
2994 3622 3195 3698 πέφυκε
3223 3620 3432 3695 κόσμος

2635 3708 2909 3786 Ὁμίχλη,
2945 3708 3171 3779 θύελλα,
3202 3710 3398 3784 τέφρη·

2637 3800 2879 3872 Ἀνὲμων
2911 3796 3066 3865 δίκην
3100 3800 3167 3854 τὰ
3193 3798 3366 3853 πάντα

2636 3889 2824 3964 Ἀἑρος
2854 3890 3015 3966 χύσιν
3051 3895 3324 3963 μιμεῖται.

2708 3981 2913 4055 Λαγόσι
2945 3982 3001 4051 μ’
3025 3978 3222 4054 ἔκρυψε
3252 3985 3382 4057 γαῖα

2638 4070 2809 4141 Λόγον
2840 4069 2900 4123 οὐ
2941 4068 3171 4147 φέροντα
3202 4070 3450 4140 πάμπαν·

2638 4160 2825 4232 Φθορά
2856 4159 2957 4232 γὰρ
2991 4156 3191 4227 πέδησε
3216 4158 3489 4233 γλῶτταν,

2639 4248 2825 4305 Μέλεα
2854 4245 3106 4303 σκέδασσε
3134 4247 3325 4303 πάντα.

2713 4335 2995 4412 Μογεροὺς
3023 4337 3218 4396 πόνους
3253 4356 3335 4397 τις
3364 4334 3512 4411 εὗρεν
3545 4354 3559 4404 ;

2056 4480 2182 4521 ram
2209 4464 2651 4536 contemplare;
2702 4480 2795 4520 me
2830 4463 2991 4519 enim
3020 4468 3088 4519 ut
3151 4480 3360 4519 recens
3391 4463 3697 4519 arbustum

2056 4556 2320 4610 exsecuit
2346 4544 2646 4610 Tartarus.

2125 4645 2519 4701 Tenebrosam
2553 4644 2798 4700 domum
2831 4644 3099 4715 pandens
3129 4643 3487 4698 insatiabilis
3508 4643 3703 4713 rapuit

2054 4737 2224 4791 Pluto
2248 4753 2341 4791 me
2376 4736 2644 4801 Paulum,
2680 4741 2966 4806 tanquam
3028 4734 3270 4789 mollem
3304 4733 3513 4789 florem
3561 4737 3701 4788 ante

2053 4832 2288 4898 tempus
2319 4843 2548 4883 secans.

2124 4918 2275 4971 Mors
2300 4916 2587 4986 juvenum
2635 4916 2887 4971 formam
2919 4931 3155 4970 omnem
3188 4918 3257 4970 ut
3292 4913 3539 4969 herbam
3573 4930 3698 4968 me-

2054 5006 2124 5059 tit
2156 5026 2169 5071 ;
2202 5006 2320 5061 falx
2343 5006 2502 5061 enim
2534 5010 2623 5059 est
2661 5004 2766 5059 illa
2794 5020 2928 5058 vere
2961 5003 3340 5059 inevitabilis.

2122 5094 2264 5150 Vide
2295 5112 2411 5166 quo
2435 5111 2661 5155 curras,
2694 5095 2755 5148 in
2789 5110 3005 5164 equere
3039 5111 3052 5158 ;
3085 5093 3213 5147 vide
3247 5098 3312 5146 ut
3352 5092 3425 5147 ad
3457 5093 3689 5147 ruinam

2051 5184 2359 5241 deveneris
2394 5184 2807 5257 ;quantumvis
2825 5183 2983 5239 enim
3006 5183 3085 5237 ibi
3114 5182 3692 5254 festiuaverissepul-

2052 5291 2216 5329 crum
2248 5274 2492 5329 minime
2525 5274 2790 5329 ev1tabis.

2124 5364 2196 5418 Ut
2224 5363 2414 5435 pulvis
2456 5369 2546 5419 est
2577 5363 2857 5425 mundus,
2924 5379 3123 5433 vapor,
3175 5360 3435 5415 nimbus.
3497 5359 3645 5413 cinis
3681 5374 3691 5410 :

2050 5459 2357 5508 ventorum
2388 5453 2577 5508 instar
2606 5453 2805 5509 omnia
2825 5451 2978 5507 aeris
3000 5452 3335 5524 congeriem
3363 5449 3690 5503 imitantur.

2124 5544 2267 5598 Sinu
2291 5560 2383 5599 me
2415 5549 2573 5598 terra
2602 5542 2869 5597 condidit
2894 5541 3126 5598 ratione
3171 5538 3436 5594 nondum
3474 5535 3692 5607 praedi-

2051 5638 2175 5689 tum
2207 5650 2223 5691 :
2250 5650 2390 5691 nam
2417 5633 2681 5707 linguam
2711 5632 2913 5706 ligavit
2938 5627 3537 5698 fatum,membraque
3564 5640 3690 5679 om-

2049 5724 2148 5780 nia
2178 5722 2370 5779 solvit.
