4036 6212
282 366 444 426 1181

364 493 671 571 Διδάχθητι
702 503 1002 568 προθυμως

276 588 400 657 Τήν
431 591 632 662 γνῶσιν
663 584 763 651 τῆς
793 578 1044 657 Τριάδος,

281 677 551 745 Μυήθτ,τι
578 675 680 741 τὴν
710 670 852 726 θὲίαν

280 768 535 841 Χριστοῦ
566 760 903 834 ο’κονομίαν.

362 856 457 911 Ἐν
482 854 723 927 πρώτοις
754 854 970 925 πρῶτον
1000 845 1167 923 λόγον

290 945 531 1014 Ἐξεῖπεν
565 944 594 996 6
623 942 908 1010 Γεννήσας·

292 1035 624 1104 Ποιήσωμεν
654 1030 852 1102 ὁμοίαν

287 1120 473 1194 mea“
502 1120 641 1193 ἰμὴν
664 1119 866 1177 εἰκόνα.

362 1217 520 1279 Ζωῆς
548 1207 887 1281 τελεωτέρας

286 1303 409 1369 Τῆς
436 1298 489 1354 ἐν
518 1300 739 1372 Χριστῷ
768 1291 1096 1370 προϐλέπων

286 1390 485 1457 Ἑνὼς,
518 1384 889 1449 ἐπικαλεῖσθαι

289 1480 561 1537 Ἦλπισεν
590 1478 682 1533 τὸν
716 1482 970 1550 Σωτῆρα.

362 1570 424 1626 Ἦ
459 1566 587 1641 δρῦς
617 1570 713 1621 τοῦ
734 1569 1079 1642 πατριάρχου

288 1656 580 1731 Τρανούτω
612 1675 707 1709 σου
745 1656 846 1723 τὴν
877 1654 1077 1725 πίστιν,

289 1744 499 1821 Τριαδα
525 1744 790 1819 παναγίαν

292 1834 666 1905 Φιλοξενοῦσα
693 1832 909 1903 πρώην.

365 1924 494 1980 Θεὸν
521 1922 743 1978 παλαίει
770 1922 941 1977 παλαι

290 2014 383 2069 Ἐν
415 2015 663 2087 σχήματι
696 2011 980 2084 ἀνθρώπου

287 2103 350 2159 Ὀ
391 2095 587 2159 Ἰακὼϐ
616 2101 643 2155 6
681 2100 845 2175 μέγας

287 2192 359 2246 Τὸ
394 2188 599 2261 μέλλον
634 2189 1005 2262 ἐκμανθάνων.

365 2276 507 2336 Ἰδού
535 2300 619 2334 σοι
641 2279 1007 2356 παραγγέλλω

290 2376 493 2438 Μωσῆς
518 2370 547 2423 6
577 2370 913 2445 νομοφὲτης,

290 2458 537 2517 Ἀκούειν
564 2458 869 2531 νομοθέτου

291 2554 396 2604 Τοῦ
432 2546 730 2621 μέλλοντος
758 2551 1062 2623 γεννᾶσθαι.

366 2638 651 2706 Κατῆλθιν
683 2638 770 2693 ἐπὶ
802 2638 969 2693 πόκον

1476 847 1573 900 Διὰ
1603 846 1695 909 τὰς
1723 847 1954 918 ἀνομίας

1474 1474 1736 1548 Ἱερεμίας
1759 1472 1953 1549 λέγων·

294 2731 402 2786 Τοῦ
430 2725 633 2783 Γεδεὼν
661 2731 696 2798 ἡ
726 2724 944 2803 δρόσος,

291 2819 400 2875 Τὸν
430 2819 589 2873 τόκον
617 2823 974 2896 ζωγραφοῦσα

293 2911 408 2978 Τῆς
443 2909 615 2981 μόνης
645 2911 936 2968 Θεοτόκου.

370 2998 581 3072 Λεγὲτω
611 3000 835 3063 Ἠσαῒας

297 3092 423 3149 Ηῶς
445 3090 617 3143 τίκτει
647 3090 681 3158 ἠ
716 3091 1008 3165 Παρθένος,

369 3218 539 3273 Disce
572 3218 834 3275 studiose
880 3222 1283 3293 cognitionem
1344 3223 1667 3288 Trinitatis,
1704 3221 1952 3277 edocere

300 3307 559 3362 divinam
594 3308 809 3363 Christi
849 3308 1343 3367 incarnationem.

369 3398 434 3450 In
466 3396 673 3466 primis
702 3398 1066 3469 temporibus
1101 3401 1362 3473 primum
1417 3400 1660 3456 verbum
1699 3398 1947 3472 protulit

298 3486 506 3540 Pater:
541 3486 841 3541 Faciamus
874 3488 1059 3545 Adam
1090 3490 1163 3544 ad
1192 3506 1387 3546 meam
1432 3490 1770 3562 imaginem.

382 3575 523 3629 Vitae
581 3576 949 3647 perfectioris
998 3579 1059 3634 in
1113 3579 1345 3636 Christo
1406 3579 1733 3652 praevidens
1782 3581 1961 3648 Enos,

310 3665 637 3721 vocandum
671 3682 797 3721 esse
826 3667 1186 3724 Salvatorem
1218 3670 1659 3741 praenuntiavit.

373 3756 637 3821 Querens
667 3758 1019 3827 patriarchaa
1052 3768 1214 3815 tuam
1248 3760 1429 3815 fidem
1468 3760 1793 3825 illuminat,
1827 3775 1959 3829 qum

308 3843 579 3899 Triadem
613 3846 1049 3903 sanctissimam
1081 3848 1224 3904 olim
1260 3849 1517 3922 hospitio
1550 3850 1793 3921 recepit.

368 3934 510 3987 Cum
546 3935 663 3989 Deo
719 3936 1019 4007 quondam
1077 3938 1337 3994 luctatur
1366 3939 1427 3994 in
1460 3938 1720 3993 hominis
1761 3938 1959 4011 specie

305 4039 552 4095 magnus
585 4025 685 4080 ille
714 4026 911 4090 Iacob,
946 4027 1210 4084 futurum
1244 4028 1519 4085 edocens.

366 4113 450 4166 En
485 4112 590 4167 tibi
624 4116 893 4185 prascipit
932 4118 1159 4189 Moyses
1209 4117 1513 4190 legislator
1544 4122 1609 4172 ut
1637 4116 1845 4174 audias
1871 4117 1959 4172 le-

299 4200 642 4273 gislatorem
666 4204 769 4274 qui
800 4206 962 4260 nasci
999 4205 1196 4261 debet.

375 4292 689 4347 Descendit
743 4293 802 4347 in
860 4294 1053 4351 vellus
1113 4295 1404 4352 Gedeonis
1436 4313 1534 4352 ros
1591 4295 1957 4354 adumbrans

310 4386 543 4453 partum
572 4382 755 4437 solius
780 4385 1065 4456 Deiparaa.

369 4471 536 4526 Dicat
572 4471 751 4527 Isaias
810 4475 1106 4545 quomodo
1164 4476 1360 4548 pariat
1414 4477 1598 4551 virgo,
1631 4475 1868 4533 dolores
1899 4480 1957 4531 et

301 4559 538 4615 labores
571 4564 970 4620 maternitatis
1000 4565 1251 4640 fugiens.

373 4651 510 4705 Sine
541 4651 753 4707 decore
786 4657 1063 4726 apparuit
1110 4657 1400 4713 Dominus
1441 4658 1641 4731 gloria:
1670 4675 1682 4711 :
1714 4664 1956 4730 propter

304 4741 820 4811 praavaricationes
849 4744 1051 4815 populi
1084 4746 1202 4801 mei
1235 4746 1576 4802 immolatus
1622 4764 1772 4802 sum.

371 4828 571 4885 Vincit
614 4832 903 4902 patientia
934 4833 1482 4907 blasphematorum
1537 4837 1951 4905 contumelias,

300 4920 459 4990 terga
490 4918 887 4989 ﬂagellantur,
912 4922 1095 4980 facies
1124 4927 1489 4997 conspuitur.

373 5006 697 5079 Stupefacit
751 5028 990 5068 omnem
1052 5021 1314 5071 mentem
1364 5016 1651 5072 Jeremias
1708 5015 1951 5071 dicens:

312 5095 494 5168 Agite,
525 5099 826 5156 mittamus
856 5102 1083 5176 lignum
1110 5105 1169 5159 in
1199 5121 1415 5176 panem
1447 5106 1603 5178 agni.

370 5186 537 5241 Dicat
578 5204 829 5262 magnus
885 5193 1065 5249 David
1123 5195 1357 5251 divinus
1415 5195 1517 5251 ille
1577 5196 1769 5263 Pater,
1804 5208 1951 5265 quo-

1459 357 1561 417 AD
1603 357 1917 418 JUDIEOQ
1973 358 2061 416 EX
2073 355 2504 417 HURTATIO.

1476 493 1737 563 Φυγοῦσα
1762 490 1859 551 τὰς
1880 487 2081 551 ὠδῖνας

1476 578 1579 636 Καὶ
1612 580 1811 643 πόνους
1838 584 1943 634 τῶν
1990 580 2258 651 μητέρων.

1547 672 1639 738 Μὴ
1676 668 1820 744 ἔχων
1852 667 2059 730 καλλος
2088 666 2247 744 ὤφθη

1473 761 1535 816 Ὀ
1566 759 1764 834 Κύριος
1792 765 1894 826 τῆς
1926 755 2108 828 δόξηςο

1476 936 1751 1014 Ἐσφάγην
1781 941 1878 991 τοῦ
1910 935 2046 991 λαοῦ
2080 956 2205 1008 μου.

1548 1030 1685 1095 Νικᾷ
1718 1025 2068 1099 μακροθυμία

1476 1117 1591 1183 Τήν
1624 1112 1780 1189 ῧόριν
1809 1118 1916 1170 τῶν
1954 1112 2295 1192 βλασφημῶν

1476 1207 1582 1263 Τὸν
1607 1209 1777 1259 νῶτον
1810 1207 2187 1279 μαστιγοῦται,

1475 1297 1805 1369 ⁸Εμπτῦειται
1834 1293 1931 1362 τὴν
1966 1288 2115 1367 ὄψιν.

1550 1384 1751 1453 Σενιζει
1783 1388 1954 1437 πᾶσαν
1987 1380 2153 1455 ιρρένα

1474 1568 1652 1631 Δεῦτε,
1690 1563 1944 1639 βάλωμεν
1990 1562 2152 1634 ξύλον

1474 1653 1568 1715 Εἰς
1594 1658 1691 1709 τοῦ
1721 1653 1897 1725 ἀμνοῦ
1926 1653 2019 1707 τὸν
2050 1651 2233 1725 ἆρτον.

1541 1745 1602 1801 Ὀ
1636 1742 1799 1816 μέγας
1828 1742 2217 1819 προσφωνείτω

1473 1829 1641 1888 Δαϐἱδ
1673 1834 1700 1887 6
1732 1834 2043 1907 Θεοπατωρ,

1476 1928 1598 1985 Πῶς
1632 1920 1840 1995 ὢρυξας
1871 1923 1966 1984 τὰς
1995 1928 2185 1997 χεῖρας

1476 2013 1573 2068 Καὶ
1606 2010 1775 2075 πόδας
1795 2017 1891 2066 τοῦ
1917 2011 2188 2067 Δεσπὸτου

1545 2106 1669 2163 Πῶς
1696 2099 1903 2163 ἔδωκας
1936 2103 2008 2162 ὡς
2030 2102 2186 2174 πόμα

1475 2191 1661 2262 Χολήν
1691 2212 1749 2245 τε
1776 2190 1866 2246 καὶ
1895 2191 1959 2246 τὸ
1992 2188 2137 2261 ὅξος,

1475 2282 1576 2340 Καὶ
1604 2278 1813 2356 κλῆρον
1846 2280 1972 2341 τοὺς
2007 2286 2246 2356 χιτῶνας

1474 2374 1761 2447 Ἐμὲρισας
1789 2376 1890 2426 τοῦ
1922 2371 2173 2429 Κτίστου.

1543 2462 1826 2537 Ῥαγὲντος
1860 2460 1917 2516 δὲ
1944 2465 2041 2516 τοῦ
2072 2458 2203 2532 ᾆδου

1471 2554 1699 2623 Ἀνέστη
1741 2554 1814 2614 ὡς
1846 2551 1897 2623 ἐξ
1926 2549 2118 2618 ὖπνου,

1472 2637 1671 2711 ’Λνὲϐη
1702 2663 1761 2697 τι
1789 2641 1925 2714 πρὸς
1960 2639 2150 2704 θεόνον

1474 2733 1683 2808 Πατρὸς
1714 2730 1767 2785 ἐν
1796 2735 1912 2791 τοῖς
1942 2728 2207 2803 ὑψίστοις.

1548 2821 1623 2875 Σὺ
1654 2819 1769 2890 οῦν,
1800 2818 2135 2892 Ἰσραηλῖτα,
2652 2822 2753 2879 Καὶ
2784 2820 2943 2876 τέκνα
2975 2821 3066 2876 σῦν
3098 2824 3336 2897 συζύγῳ,

1470 2912 1748 2979 Μνάσθητι
1782 2909 2104 2977 ἀπιστήσῃς,

1477 3004 1719 3057 Σπεῦσον
1749 3001 1845 3052 τοῦ
1880 2998 2237 3072 βαπτισθῆναι

1473 3092 1708 3169 Χριστὸς
1734 3088 1834 3164 γὰρ
1868 3087 2127 3163 ἐπεφάνη.

3575 357 3727 417 1182

2725 488 2804 546 Τὸ
2837 488 3004 543 πάλαι
3038 486 3326 562 δεδομένον

2656 577 3022 653 Πεπλήρωται
3057 600 3122 648 ση
3134 582 3252 652 μεῖο
3266 602 3304 633 ι·

2655 669 2933 739 Ἐξὲλιπεν
2967 668 3070 745 γαρ
3103 666 3287 744 ἅρχων

2658 756 2749 818 Εἷς
2775 756 2933 817 τέλος
2964 760 3059 810 τοῦ
3091 755 3226 811 λαοῦ
3261 778 3386 829 μου.

2722 862 3018 935 Ὑπέδειξεν
3048 867 3336 941 προφήτης

2652 957 2713 1011 Ὀ
2744 955 2942 1024 Δανιὴλ
2975 977 3067 1009 τον
3102 956 3327 1034 χρόνον,

2654 1045 2839 1101 Εἰπὼν
2868 1044 2963 1105 τὰς
2992 1039 3300 1115 ἑϐδομάδας

2656 1131 3072 1207 Ἐὄδομήκοντα
3102 1138 3294 1197 πάσας,

2723 1241 3068 1313 Φωτίζόμαι,
3102 1248 3349 1317 γενοῦχε,

2654 1334 2733 1389 Τὸ
2768 1333 3047 1405 βάπτισμα
3079 1328 3367 1405 λαμϐάνω,

2657 1422 2858 1478 Μαθὼν
2894 1422 3026 1494 ἅπερ
3059 1421 3290 1494 ἠγνόουν

2656 1512 2941 1582 Μυστήρια
2969 1514 3065 1564 τοῦ
3095 1510 3289 1582 νόμου.

2729 1618 2918 1691 Χωρὸς
2949 1622 3054 1672 τῶν
3090 1624 3408 1695 προφητῶν,
3446 1621 3513 1693 μὲ

2660 1703 3031 1779 ιιροσδὲξασθε
3052 1708 3338 1780 γενησίως·

2656 1797 2835 1867 ’Υμῶν
2863 1796 2963 1871 γὰρ
2997 1797 3273 1851 ὑπακούσαι
3286 1819 3307 1858 ς

2659 1884 2949 1957 Ἐνδῦομαι
2984 1890 3081 1953 τὴν
3115 1887 3298 1962 χάριν.

2726 1996 2923 2068 Ψυχὰς
2954 1996 3357 2069 κεκαθαρμένας

2654 2082 2917 2158 Προσάγω
2950 2105 3055 2150 σοι,
3090 2087 3281 2158 Σωτήρ
3317 2107 3443 2158 μου,

2654 2172 2937 2236 Βασίλειος
2964 2175 2991 2227 6
3024 2172 3147 2247 ἅναξ

2657 2263 2758 2337 βοᾷ
2786 2267 2878 2317 νῦν
2909 2269 2988 2336 τῷ
3018 2272 3256 2340 Σωτῆρι·

2725 2372 2814 2433 Ὠς
2844 2372 2941 2439 τὴν
2965 2373 3145 2427 θυσίαν
3170 2374 3363 2431 πάλαι.

2651 2465 2761 2517 Τοῦ
2793 2457 3044 2535 Ἀϐραὰμ
3074 2460 3254 2533 ἐδέξω,

2655 2549 2843 2621 Κὰμοῦ
2871 2548 3013 2620 δέξαι
3043 2552 3104 2606 τὸ
3137 2550 3309 2627 δῶρον

2653 2642 2765 2707 Τῆς
2786 2639 3075 2695 νεολέκτου
3106 2642 3314 2714 ποίμνη
3327 2666 3374 2706 ς.

2725 2730 2822 2783 Σοὶ
2856 2731 2958 2804 γὰρ
2992 2732 3330 2805 ἐπανεθὲμην

2653 2912 2839 2979 Δῦτὴν
2876 2912 2976 2978 τήν
3011 2911 3288 2984 βασιλείαν

2654 3002 2749 3056 Καὶ
2783 3002 2919 3073 ὅλην
2955 3004 3052 3069 τὴν
3089 3004 3234 3073 ζωήν
3280 3023 3406 3075 μου.

2074 3215 2248 3269 modo
2282 3218 2631 3273 transfixisti
2668 3236 2879 3273 manus
2911 3223 2968 3273 et
2990 3217 3171 3289 pedes
3198 3218 3481 3272 Domini?

2145 3308 2450 3373 Quomodo
2485 3309 2698 3365 dedisti
2758 3313 2817 3365 in
2878 3317 3081 3381 polum
3141 3309 3219 3364 fel
3276 3316 3332 3364 et
3382 3316 3634 3373 acetum,
3672 3317 3729 3365 et

2073 3402 2296 3452 sortem
2331 3399 2545 3455 misisti
2578 3402 2638 3457 in
2677 3403 2939 3456 tunicam
2973 3402 3286 3456 Creatoris.

2146 3487 2384 3543 Inferno
2445 3496 2645 3545 autem
2732 3491 3097 3549 dehiscente.
3160 3492 3413 3545 surrexit
3484 3490 3641 3545 velut
3698 3508 3727 3544 c

2075 3591 2305 3643 somno,
2340 3579 2610 3633 ascendit
2639 3579 2712 3635 ad
2761 3580 3042 3635 thronum
3075 3580 3265 3635 Patris
3297 3580 3361 3634 in
3394 3579 3725 3634 altissimis.

2143 3666 2226 3719 Tu
2257 3681 2417 3738 ergo,
2450 3669 2739 3733 Israelita,
2774 3676 3073 3725 memento
3128 3669 3586 3739 incredulitatis,
3618 3669 3724 3724 ba-

2074 3756 2279 3826 ptizari
2317 3756 2552 3823 festina,
2587 3760 2852 3815 Christus
2884 3763 3043 3815 enim
3074 3762 3369 3833 apparuit.

2144 3846 2308 3911 Quod
2340 3847 2484 3902 olim
2517 3848 2721 3905 datum
2745 3857 2833 3905 est
2854 3852 3088 3923 signum
3107 3853 3233 3921 jam
3259 3850 3568 3923 impletum
3592 3856 3681 3904 est
3708 3869 3720 3917 ;

2072 3951 2211 3991 nam
2243 3937 2422 3992 desiit
2446 3938 2507 3993 in
2541 3939 2722 3995 ﬁnem
2768 3940 2885 3995 dux
2938 3941 3000 3995 in
3060 3941 3347 4013 populum
3403 3957 3598 3996 meum
3631 3957 3725 3994 re-

2070 4041 2272 4097 gnare.

2142 4114 2414 4170 Ostendit
2442 4118 2733 4188 propheta
2754 4117 2962 4173 Daniel
2996 4123 3250 4190 tempus,
3275 4119 3481 4174 dicens
3504 4118 3725 4173 hebdo-

2069 4204 2277 4259 madas
2308 4207 2685 4277 septuaginta
2723 4206 2871 4263 fore.

2146 4294 2479 4359 llluminor,
2511 4295 2714 4363 frater,
2746 4296 3109 4367 baptismum
3143 4296 3385 4367 recipio,
3409 4300 3725 4367 postquam

2069 4384 2250 4439 didici
2283 4401 2415 4455 quae
2448 4384 2793 4455 ignorabam
2829 4386 3111 4457 mysteria
3142 4385 3307 4457 legis.

2138 4473 2364 4528 Chorus
2423 4473 2869 4543 prophetarum,
2930 4488 3024 4527 me
3078 4473 3335 4528 fraterne
3392 4472 3719 4544 excipiatis,

2066 4578 2203 4618 nam
2237 4560 2401 4615 vobis
2433 4561 2751 4617 obsecutus
2782 4562 2971 4634 gratia
3002 4562 3237 4616 induor.

2138 4653 2390 4706 Mentem
2424 4650 2797 4721 puriﬁcatam
2831 4652 3013 4705 ofTero
3058 4651 3183 4719 tibi,
3218 4650 3480 4705 Salvator
3511 4667 3716 4718 meus;

2066 4742 2317 4796 Basilius
2351 4741 2671 4811 imperator
2697 4741 2916 4795 clamat
2936 4757 3096 4796 nunc
3127 4740 3200 4796 ad
3233 4740 3612 4796 Salvatorem.

2140 4832 2209 4885 Ut
2238 4829 2489 4884 hostiam
2522 4829 2664 4883 olim
2697 4830 2995 4885 Abraham
3020 4831 3327 4902 excepisti.
3351 4848 3549 4886 meum
3572 4848 3714 4903 quo-

2065 4937 2177 4993 que
2211 4919 2413 4990 excipe
2447 4918 2672 4973 donum
2708 4935 2916 4974 recens
2950 4920 3153 4974 selecti
3185 4920 3397 4992 gregis.

2133 5009 2259 5064 Tibi
2291 5008 2448 5063 enim
2481 5009 2818 5063 consecravi
2862 5013 2919 5062 et
2968 5009 3123 5063 ﬁlios
3152 5026 3289 5064 cum
3320 5008 3590 5083 conjuge,
3626 5026 3718 5065 re-

2063 5115 2244 5172 gnum
2280 5098 2499 5169 ipsum,
2534 5103 2592 5151 et
2622 5114 2861 5153 omnem
2892 5115 3086 5155 meam
3116 5100 3314 5155 vitam.
