  <div class='ocr_page' id='page_1' title='image "/cluster/home/n/w/nwhite01/storage/ocr_20150623/117/hvd.32044073502239/597.png"; bbox 0 0 4070 6196; ppageno 0'>
   <div class='ocr_carea' id='block_1_1' title="bbox 338 324 3743 395">
    <p class='ocr_par' dir='ltr' id='par_1_1' title="bbox 338 324 3743 395">
     <span class='ocr_line' id='line_1_1' title="bbox 338 324 3743 395; baseline -0.003 0"><span class='ocrx_word' id='word_1_1' title='bbox 338 336 362 394; x_wconf 81' lang='lat' dir='ltr'><strong>l</strong></span> <span class='ocrx_word' id='word_1_2' title='bbox 382 334 496 395; x_wconf 87' lang='grc'><strong>183</strong></span> <span class='ocrx_word' id='word_1_3' title='bbox 1261 329 1360 390; x_wconf 83' lang='lat' dir='ltr'><strong>CH</strong></span> <span class='ocrx_word' id='word_1_4' title='bbox 1371 328 1842 389; x_wconf 78' lang='lat' dir='ltr'><strong>RISTOPHORI</strong></span> <span class='ocrx_word' id='word_1_5' title='bbox 1884 325 2394 387; x_wconf 82' lang='lat' dir='ltr'><strong>EXHORTA&#39;I‘IO</strong></span> <span class='ocrx_word' id='word_1_6' title='bbox 2441 324 2778 386; x_wconf 73' lang='lat' dir='ltr'><strong>ALTERA.</strong></span> <span class='ocrx_word' id='word_1_7' title='bbox 3587 325 3607 381; x_wconf 81' lang='grc' dir='ltr'><strong>Ι</strong></span> <span class='ocrx_word' id='word_1_8' title='bbox 3626 324 3743 384; x_wconf 73' lang='grc'><strong>184</strong></span> 
     </span>
    </p>
   </div>
   <div class='ocr_carea' id='block_1_2' title="bbox 332 464 3207 494">
    <p class='ocr_par' dir='ltr' id='par_1_2' title="bbox 332 464 3207 494">
     <span class='ocr_line' id='line_1_2' title="bbox 332 464 3207 494; baseline -0.001 -11"><span class='ocrx_word' id='word_1_9' title='bbox 332 464 3207 494; x_wconf 58' lang='lat' dir='ltr'>ww</span> 
     </span>
    </p>
   </div>
   <div class='ocr_carea' id='block_1_3' title="bbox 782 626 3303 759">
    <p class='ocr_par' dir='ltr' id='par_1_3' title="bbox 782 626 3303 759">
     <span class='ocr_line' id='line_1_3' title="bbox 782 626 3303 759; baseline -0.002 -1"><span class='ocrx_word' id='word_1_10' title='bbox 782 626 2045 759; x_wconf 83' lang='grc' dir='ltr'><strong>ΧΡΙΣΤΟΦΟΡΟΥ</strong></span> <span class='ocrx_word' id='word_1_11' title='bbox 2140 626 2294 757; x_wconf 85' lang='lat' dir='ltr'><strong>A’</strong></span> <span class='ocrx_word' id='word_1_12' title='bbox 2402 626 3303 756; x_wconf 84' lang='grc' dir='ltr'><strong>ΣΗΚΡΙΤΟΥ</strong></span> 
     </span>
    </p>
   </div>
   <div class='ocr_carea' id='block_1_4' title="bbox 1106 912 2966 973">
    <p class='ocr_par' dir='ltr' id='par_1_4' title="bbox 1106 912 2966 973">
     <span class='ocr_line' id='line_1_4' title="bbox 1106 912 2966 973; baseline 0 -3"><span class='ocrx_word' id='word_1_13' title='bbox 1106 916 1222 972; x_wconf 82' lang='grc' dir='ltr'><strong>ΕΙΣ</strong></span> <span class='ocrx_word' id='word_1_14' title='bbox 1258 913 1432 969; x_wconf 86' lang='grc' dir='ltr'><strong>ΤΟΥΣ</strong></span> <span class='ocrx_word' id='word_1_15' title='bbox 1474 915 1739 972; x_wconf 79' lang='grc' dir='ltr'><strong>ΑΥΤΟΥΣ</strong></span> <span class='ocrx_word' id='word_1_16' title='bbox 1780 914 2200 973; x_wconf 65' lang='grc' dir='ltr'><strong>ΙΣΡΑΙΙΛΙΤΔΣ</strong></span> <span class='ocrx_word' id='word_1_17' title='bbox 2239 912 2685 973; x_wconf 83' lang='grc' dir='ltr'><strong>ΠΑΡΔΙΝΕΣΙΣ.</strong></span> <span class='ocrx_word' id='word_1_18' title='bbox 2729 913 2842 972; x_wconf 82' lang='grc' dir='ltr'><strong>ΗΧ.</strong></span> <span class='ocrx_word' id='word_1_19' title='bbox 2884 913 2966 971; x_wconf 63' lang='grc' dir='ltr'><strong>κ.</strong></span> 
     </span>
    </p>
   </div>
   <div class='ocr_carea' id='block_1_5' title="bbox 1040 1346 3043 1444">
    <p class='ocr_par' dir='ltr' id='par_1_5' title="bbox 1040 1346 3043 1444">
     <span class='ocr_line' id='line_1_5' title="bbox 1040 1346 3043 1444; baseline -0 -1"><span class='ocrx_word' id='word_1_20' title='bbox 1040 1346 1879 1444; x_wconf 86' lang='lat' dir='ltr'><strong>CRISTOPHOBI</strong></span> <span class='ocrx_word' id='word_1_21' title='bbox 1954 1347 3043 1444; x_wconf 85' lang='lat' dir='ltr'><strong>PROTOASECBETIS</strong></span> 
     </span>
    </p>
   </div>
   <div class='ocr_carea' id='block_1_6' title="bbox 1162 1558 2943 1622">
    <p class='ocr_par' dir='ltr' id='par_1_6' title="bbox 1162 1558 2943 1622">
     <span class='ocr_line' id='line_1_6' title="bbox 1162 1558 2943 1622; baseline -0.006 0"><span class='ocrx_word' id='word_1_22' title='bbox 1162 1563 1257 1622; x_wconf 69' lang='lat' dir='ltr'><strong>AD</strong></span> <span class='ocrx_word' id='word_1_23' title='bbox 1296 1561 1581 1619; x_wconf 86' lang='lat' dir='ltr'><strong>EOSDEM</strong></span> <span class='ocrx_word' id='word_1_24' title='bbox 1627 1561 2037 1620; x_wconf 70' lang='lat' dir='ltr'><strong>ISRAELITAS</strong></span> <span class='ocrx_word' id='word_1_25' title='bbox 2076 1560 2549 1619; x_wconf 82' lang='lat' dir='ltr'><strong>EXHORTATIO.</strong></span> <span class='ocrx_word' id='word_1_26' title='bbox 2591 1558 2862 1617; x_wconf 79' lang='lat' dir='ltr'><strong>CANTUS</strong></span> <span class='ocrx_word' id='word_1_27' title='bbox 2900 1559 2943 1613; x_wconf 93' lang='grc' dir='ltr'><strong>Ι.</strong></span> 
     </span>
    </p>
   </div>
   <div class='ocr_carea' id='block_1_7' title="bbox 419 1927 3498 2007">
    <p class='ocr_par' dir='ltr' id='par_1_7' title="bbox 419 1927 3498 2007">
     <span class='ocr_line' id='line_1_7' title="bbox 419 1927 3498 2007; baseline -0.001 -20"><span class='ocrx_word' id='word_1_28' title='bbox 419 1929 727 2007; x_wconf 76' lang='grc' dir='ltr'>Διδάχθητι</span> <span class='ocrx_word' id='word_1_29' title='bbox 754 1938 862 1990; x_wconf 85' lang='grc' dir='ltr'><strong>τῶν</strong></span> <span class='ocrx_word' id='word_1_30' title='bbox 897 1934 1055 1998; x_wconf 86' lang='grc' dir='ltr'>θείων</span> <span class='ocrx_word' id='word_1_31' title='bbox 1603 1938 1744 1994; x_wconf 84' lang='grc' dir='ltr'>Σιὼν</span> <span class='ocrx_word' id='word_1_32' title='bbox 1774 1937 1874 2005; x_wconf 80' lang='grc' dir='ltr'><strong>τὴν</strong></span> <span class='ocrx_word' id='word_1_33' title='bbox 1907 1932 2235 2007; x_wconf 81' lang='grc' dir='ltr'><strong>Ἐκκλησίαν</strong></span> <span class='ocrx_word' id='word_1_34' title='bbox 2782 1932 2892 1988; x_wconf 84' lang='grc' dir='ltr'><strong>Τὸν</strong></span> <span class='ocrx_word' id='word_1_35' title='bbox 2915 1927 3224 2006; x_wconf 85' lang='grc' dir='ltr'>σμάραγδόν</span> <span class='ocrx_word' id='word_1_36' title='bbox 3263 1951 3358 2004; x_wconf 89' lang='grc' dir='ltr'><strong>μοι</strong></span> <span class='ocrx_word' id='word_1_37' title='bbox 3388 1930 3498 1985; x_wconf 83' lang='grc' dir='ltr'>νόει</span> 
     </span>
    </p>
   </div>
   <div class='ocr_carea' id='block_1_8' title="bbox 345 2019 3387 2104">
    <p class='ocr_par' dir='ltr' id='par_1_8' title="bbox 345 2019 3387 2104">
     <span class='ocr_line' id='line_1_8' title="bbox 345 2019 3387 2104; baseline -0 -27"><span class='ocrx_word' id='word_1_38' title='bbox 345 2022 559 2097; x_wconf 81' lang='grc' dir='ltr'>Λογίων</span> <span class='ocrx_word' id='word_1_39' title='bbox 592 2022 687 2087; x_wconf 74' lang='grc' dir='ltr'><strong>τὰς</strong></span> <span class='ocrx_word' id='word_1_40' title='bbox 712 2022 995 2102; x_wconf 72' lang='grc' dir='ltr'>ἐμφάσεις,</span> <span class='ocrx_word' id='word_1_41' title='bbox 1539 2029 1810 2102; x_wconf 85' lang='grc' dir='ltr'>Προεῖπον</span> <span class='ocrx_word' id='word_1_42' title='bbox 1844 2027 1895 2081; x_wconf 75' lang='grc' dir='ltr'>οἱ</span> <span class='ocrx_word' id='word_1_43' title='bbox 1926 2032 2205 2104; x_wconf 78' lang='grc' dir='ltr'><strong>προφῆται</strong></span> <span class='ocrx_word' id='word_1_44' title='bbox 2717 2019 2916 2097; x_wconf 70' lang='grc' dir='ltr'>Πέτρον</span> <span class='ocrx_word' id='word_1_45' title='bbox 2949 2021 3041 2075; x_wconf 87' lang='grc' dir='ltr'><strong>τὸν</strong></span> <span class='ocrx_word' id='word_1_46' title='bbox 3072 2024 3387 2097; x_wconf 68' lang='grc' dir='ltr'>κορυφαῖον.</span> 
     </span>
    </p>
   </div>
   <div class='ocr_carea' id='block_1_9' title="bbox 351 2109 3341 2191">
    <p class='ocr_par' dir='ltr' id='par_1_9' title="bbox 351 2109 3341 2191">
     <span class='ocr_line' id='line_1_9' title="bbox 351 2109 3341 2191; baseline -0.001 -26"><span class='ocrx_word' id='word_1_47' title='bbox 351 2115 466 2166; x_wconf 88' lang='grc' dir='ltr'><strong>Τῶν</strong></span> <span class='ocrx_word' id='word_1_48' title='bbox 499 2117 798 2190; x_wconf 71' lang='grc' dir='ltr'>προφητῶν</span> <span class='ocrx_word' id='word_1_49' title='bbox 830 2114 923 2176; x_wconf 78' lang='grc' dir='ltr'><strong>τὰς</strong></span> <span class='ocrx_word' id='word_1_50' title='bbox 957 2113 1143 2190; x_wconf 81' lang='grc' dir='ltr'>ῥήσεις</span> <span class='ocrx_word' id='word_1_51' title='bbox 1537 2118 1650 2185; x_wconf 80' lang='grc' dir='ltr'>Τὴν</span> <span class='ocrx_word' id='word_1_52' title='bbox 1679 2115 1842 2172; x_wconf 84' lang='grc' dir='ltr'>πόλιν</span> <span class='ocrx_word' id='word_1_53' title='bbox 1874 2117 1974 2184; x_wconf 72' lang='grc' dir='ltr'><strong>τὴν</strong></span> <span class='ocrx_word' id='word_1_54' title='bbox 2009 2113 2253 2191; x_wconf 77' lang='grc' dir='ltr'><strong>μεγάλην</strong></span> <span class='ocrx_word' id='word_1_55' title='bbox 2717 2109 3072 2186; x_wconf 72' lang='grc' dir='ltr'>Πρωτεῦοντα</span> <span class='ocrx_word' id='word_1_56' title='bbox 3103 2109 3157 2165; x_wconf 75' lang='grc' dir='ltr'>ἰν</span> <span class='ocrx_word' id='word_1_57' title='bbox 3193 2110 3341 2182; x_wconf 74' lang='grc' dir='ltr'>μέσῳ</span> 
     </span>
    </p>
   </div>
   <div class='ocr_carea' id='block_1_10' title="bbox 354 2197 3408 2282">
    <p class='ocr_par' dir='ltr' id='par_1_10' title="bbox 354 2197 3408 2282">
     <span class='ocr_line' id='line_1_10' title="bbox 354 2197 3408 2282; baseline 0.001 -23"><span class='ocrx_word' id='word_1_58' title='bbox 354 2207 689 2275; x_wconf 81' lang='grc' dir='ltr'>Σωματικῶς</span> <span class='ocrx_word' id='word_1_59' title='bbox 722 2204 800 2276; x_wconf 81' lang='grc' dir='ltr'>μὴ</span> <span class='ocrx_word' id='word_1_60' title='bbox 831 2204 961 2261; x_wconf 85' lang='grc' dir='ltr'>νόει.</span> <span class='ocrx_word' id='word_1_61' title='bbox 1536 2211 1642 2262; x_wconf 78' lang='grc' dir='ltr'><strong>Τοῦ</strong></span> <span class='ocrx_word' id='word_1_62' title='bbox 1673 2207 1884 2262; x_wconf 86' lang='grc' dir='ltr'>πάντων</span> <span class='ocrx_word' id='word_1_63' title='bbox 1923 2207 2217 2282; x_wconf 72' lang='grc' dir='ltr'>βασιλέως.</span> <span class='ocrx_word' id='word_1_64' title='bbox 2717 2202 2898 2272; x_wconf 76' lang='grc' dir='ltr'>Χοροῦ</span> <span class='ocrx_word' id='word_1_65' title='bbox 2925 2204 3032 2255; x_wconf 74' lang='grc' dir='ltr'><strong>τῶν</strong></span> <span class='ocrx_word' id='word_1_66' title='bbox 3063 2197 3408 2255; x_wconf 74' lang='grc' dir='ltr'><strong>ἀποστόλων.</strong></span> 
     </span>
    </p>
   </div>
   <div class='ocr_carea' id='block_1_11' title="bbox 423 2285 3420 2371">
    <p class='ocr_par' dir='ltr' id='par_1_11' title="bbox 423 2285 3420 2371">
     <span class='ocr_line' id='line_1_11' title="bbox 423 2285 3420 2371; baseline -0.003 -21"><span class='ocrx_word' id='word_1_67' title='bbox 423 2294 514 2359; x_wconf 80' lang='grc' dir='ltr'>Μή</span> <span class='ocrx_word' id='word_1_68' title='bbox 541 2291 735 2366; x_wconf 83' lang='grc' dir='ltr'>νόμιζε</span> <span class='ocrx_word' id='word_1_69' title='bbox 760 2294 863 2362; x_wconf 79' lang='grc' dir='ltr'>τὴν</span> <span class='ocrx_word' id='word_1_70' title='bbox 893 2293 1056 2349; x_wconf 83' lang='grc' dir='ltr'>πόλιν</span> <span class='ocrx_word' id='word_1_71' title='bbox 1607 2298 1697 2353; x_wconf 88' lang='lat' dir='ltr'><strong>’Ev</strong></span> <span class='ocrx_word' id='word_1_72' title='bbox 1728 2295 1897 2371; x_wconf 74' lang='grc' dir='ltr'>ταύτῃ</span> <span class='ocrx_word' id='word_1_73' title='bbox 1927 2293 2077 2356; x_wconf 83' lang='grc' dir='ltr'>λίθος</span> <span class='ocrx_word' id='word_1_74' title='bbox 2107 2290 2323 2367; x_wconf 77' lang='grc' dir='ltr'>ἔντιμος</span> <span class='ocrx_word' id='word_1_75' title='bbox 2791 2290 2896 2345; x_wconf 87' lang='grc' dir='ltr'>Τὸν</span> <span class='ocrx_word' id='word_1_76' title='bbox 2931 2288 3164 2363; x_wconf 78' lang='grc' dir='ltr'>ἄνθρακα</span> <span class='ocrx_word' id='word_1_77' title='bbox 3196 2285 3420 2364; x_wconf 75' lang='grc' dir='ltr'>λογίζου</span> 
     </span>
    </p>
   </div>
   <div class='ocr_carea' id='block_1_12' title="bbox 354 2377 3386 2459">
    <p class='ocr_par' dir='ltr' id='par_1_12' title="bbox 354 2377 3386 2459">
     <span class='ocr_line' id='line_1_12' title="bbox 354 2377 3386 2459; baseline -0.003 -20"><span class='ocrx_word' id='word_1_78' title='bbox 354 2383 493 2439; x_wconf 84' lang='grc' dir='ltr'>Σιὼν</span> <span class='ocrx_word' id='word_1_79' title='bbox 521 2381 927 2455; x_wconf 79' lang='grc' dir='ltr'>οἰκοδομεῖσθαι</span> <span class='ocrx_word' id='word_1_80' title='bbox 1536 2383 1803 2459; x_wconf 81' lang='grc' dir='ltr'>Θεμὲλιος</span> <span class='ocrx_word' id='word_1_81' title='bbox 1833 2381 1987 2456; x_wconf 77' lang='grc' dir='ltr'>ἐτέθη</span> <span class='ocrx_word' id='word_1_82' title='bbox 2719 2380 2937 2436; x_wconf 80' lang='grc' dir='ltr'>Παῦλον</span> <span class='ocrx_word' id='word_1_83' title='bbox 2964 2378 3059 2435; x_wconf 88' lang='grc' dir='ltr'><strong>τὸν</strong></span> <span class='ocrx_word' id='word_1_84' title='bbox 3090 2377 3386 2453; x_wconf 86' lang='grc' dir='ltr'>Θεηγόρον,</span> 
     </span>
    </p>
   </div>
   <div class='ocr_carea' id='block_1_13' title="bbox 356 2467 3417 2551">
    <p class='ocr_par' dir='ltr' id='par_1_13' title="bbox 356 2467 3417 2551">
     <span class='ocr_line' id='line_1_13' title="bbox 356 2467 3417 2551; baseline 0 -24"><span class='ocrx_word' id='word_1_85' title='bbox 356 2472 450 2527; x_wconf 78' lang='grc' dir='ltr'><strong>Ἐκ</strong></span> <span class='ocrx_word' id='word_1_86' title='bbox 476 2470 645 2537; x_wconf 86' lang='grc' dir='ltr'>λίθων</span> <span class='ocrx_word' id='word_1_87' title='bbox 680 2472 1015 2545; x_wconf 73' lang='grc' dir='ltr'>θιινομένων</span> <span class='ocrx_word' id='word_1_88' title='bbox 1112 2528 1117 2533; x_wconf 85' lang='grc'><strong>,</strong></span> <span class='ocrx_word' id='word_1_89' title='bbox 1536 2476 1789 2551; x_wconf 87' lang='grc' dir='ltr'>Χριστὸς,</span> <span class='ocrx_word' id='word_1_90' title='bbox 1821 2473 2004 2550; x_wconf 82' lang='grc' dir='ltr'>ὥσπερ</span> <span class='ocrx_word' id='word_1_91' title='bbox 2031 2480 2289 2548; x_wconf 82' lang='grc' dir='ltr'>προεῖπεν</span> <span class='ocrx_word' id='word_1_92' title='bbox 2716 2470 2954 2543; x_wconf 63' lang='grc' dir='ltr'>Ἡμέρας</span> <span class='ocrx_word' id='word_1_93' title='bbox 2984 2467 3074 2522; x_wconf 73' lang='grc' dir='ltr'><strong>καὶ</strong></span> <span class='ocrx_word' id='word_1_94' title='bbox 3104 2468 3293 2528; x_wconf 79' lang='grc' dir='ltr'>νυκτὸς</span> <span class='ocrx_word' id='word_1_95' title='bbox 3315 2467 3417 2542; x_wconf 76' lang='grc' dir='ltr'><strong>γὰρ</strong></span> 
     </span>
    </p>
   </div>
   <div class='ocr_carea' id='block_1_14' title="bbox 355 2557 3457 2642">
    <p class='ocr_par' dir='ltr' id='par_1_14' title="bbox 355 2557 3457 2642">
     <span class='ocr_line' id='line_1_14' title="bbox 355 2557 3457 2642; baseline -0.002 -23"><span class='ocrx_word' id='word_1_96' title='bbox 355 2559 628 2633; x_wconf 85' lang='grc' dir='ltr'>Ἐντίμων</span> <span class='ocrx_word' id='word_1_97' title='bbox 663 2560 713 2617; x_wconf 70' lang='grc' dir='ltr'>ἐν</span> <span class='ocrx_word' id='word_1_98' title='bbox 745 2561 825 2635; x_wconf 84' lang='grc' dir='ltr'><strong>τῷ</strong></span> <span class='ocrx_word' id='word_1_99' title='bbox 856 2562 1071 2637; x_wconf 62' lang='grc' dir='ltr'>κόσμῳ.</span> <span class='ocrx_word' id='word_1_100' title='bbox 1534 2569 1651 2620; x_wconf 86' lang='grc' dir='ltr'>Τῶν</span> <span class='ocrx_word' id='word_1_101' title='bbox 1672 2570 1969 2642; x_wconf 78' lang='grc' dir='ltr'>προφητῶν</span> <span class='ocrx_word' id='word_1_102' title='bbox 1997 2568 2032 2634; x_wconf 76' lang='grc' dir='ltr'>ἠ</span> <span class='ocrx_word' id='word_1_103' title='bbox 2067 2562 2214 2636; x_wconf 83' lang='grc' dir='ltr'>δόξα.</span> <span class='ocrx_word' id='word_1_104' title='bbox 2718 2559 2830 2619; x_wconf 76' lang='grc' dir='ltr'>Τὰς</span> <span class='ocrx_word' id='word_1_105' title='bbox 2862 2557 3138 2632; x_wconf 73' lang='grc' dir='ltr'>ἀστραπὰς</span> <span class='ocrx_word' id='word_1_106' title='bbox 3168 2557 3457 2631; x_wconf 71' lang='grc' dir='ltr'>ἐκπέμπει.</span> 
     </span>
    </p>
   </div>
   <div class='ocr_carea' id='block_1_15' title="bbox 428 2645 3345 2728">
    <p class='ocr_par' dir='ltr' id='par_1_15' title="bbox 428 2645 3345 2728">
     <span class='ocr_line' id='line_1_15' title="bbox 428 2645 3345 2728; baseline -0.002 -20"><span class='ocrx_word' id='word_1_107' title='bbox 428 2648 588 2721; x_wconf 66' lang='grc' dir='ltr'>Μηδὲ</span> <span class='ocrx_word' id='word_1_108' title='bbox 610 2656 776 2707; x_wconf 80' lang='grc' dir='ltr'>τοῦτο</span> <span class='ocrx_word' id='word_1_109' title='bbox 808 2649 1035 2728; x_wconf 74' lang='grc' dir='ltr'><strong>ἐκδὲχου</strong></span> <span class='ocrx_word' id='word_1_110' title='bbox 1609 2652 1734 2708; x_wconf 87' lang='grc' dir='ltr'>Ἐπὶ</span> <span class='ocrx_word' id='word_1_111' title='bbox 1765 2656 1845 2723; x_wconf 75' lang='grc' dir='ltr'><strong>τῷ</strong></span> <span class='ocrx_word' id='word_1_112' title='bbox 1870 2650 2112 2723; x_wconf 83' lang='grc' dir='ltr'><strong>θεμελίῳ</strong></span> <span class='ocrx_word' id='word_1_113' title='bbox 2784 2649 3062 2710; x_wconf 80' lang='grc' dir='ltr'>Ὑάκινθος</span> <span class='ocrx_word' id='word_1_114' title='bbox 3093 2645 3150 2702; x_wconf 72' lang='grc' dir='ltr'><strong>δὲ</strong></span> <span class='ocrx_word' id='word_1_115' title='bbox 3179 2646 3345 2714; x_wconf 76' lang='grc' dir='ltr'>ἐστιν,</span> 
     </span>
    </p>
   </div>
   <div class='ocr_carea' id='block_1_16' title="bbox 357 2735 3287 2818">
    <p class='ocr_par' dir='ltr' id='par_1_16' title="bbox 357 2735 3287 2818">
     <span class='ocr_line' id='line_1_16' title="bbox 357 2735 3287 2818; baseline -0.002 -22"><span class='ocrx_word' id='word_1_116' title='bbox 357 2738 697 2818; x_wconf 73' lang='grc' dir='ltr'>Ὀφθαλμοῖς</span> <span class='ocrx_word' id='word_1_117' title='bbox 721 2746 838 2803; x_wconf 86' lang='grc' dir='ltr'>τοῖς</span> <span class='ocrx_word' id='word_1_118' title='bbox 872 2740 1142 2815; x_wconf 83' lang='grc' dir='ltr'>σαρκίνοις</span> <span class='ocrx_word' id='word_1_119' title='bbox 1538 2745 1772 2814; x_wconf 81' lang='grc' dir='ltr'>Χριστοῦ</span> <span class='ocrx_word' id='word_1_120' title='bbox 1802 2744 1897 2795; x_wconf 78' lang='grc' dir='ltr'><strong>τοῦ</strong></span> <span class='ocrx_word' id='word_1_121' title='bbox 1930 2739 2286 2817; x_wconf 78' lang='grc' dir='ltr'>μαργαρίτου.</span> <span class='ocrx_word' id='word_1_122' title='bbox 2717 2740 2778 2798; x_wconf 80' lang='grc' dir='ltr'><strong>Ὀ</strong></span> <span class='ocrx_word' id='word_1_123' title='bbox 2812 2735 2976 2815; x_wconf 84' lang='grc' dir='ltr'>μέγας</span> <span class='ocrx_word' id='word_1_124' title='bbox 3007 2736 3287 2809; x_wconf 80' lang='grc' dir='ltr'>Ἰωάννης,</span> 
     </span>
    </p>
   </div>
   <div class='ocr_carea' id='block_1_17' title="bbox 357 2827 3256 2906">
    <p class='ocr_par' dir='ltr' id='par_1_17' title="bbox 357 2827 3256 2906">
     <span class='ocr_line' id='line_1_17' title="bbox 357 2827 3256 2906; baseline -0.002 -20"><span class='ocrx_word' id='word_1_125' title='bbox 357 2832 653 2895; x_wconf 73' lang='grc' dir='ltr'>Θεάσασθχι</span> <span class='ocrx_word' id='word_1_126' title='bbox 682 2830 735 2887; x_wconf 79' lang='grc' dir='ltr'>ἐν</span> <span class='ocrx_word' id='word_1_127' title='bbox 767 2831 894 2906; x_wconf 87' lang='grc' dir='ltr'><strong>βίῳ.</strong></span> <span class='ocrx_word' id='word_1_128' title='bbox 947 2873 961 2887; x_wconf 94' lang='grc'><strong>.</strong></span> <span class='ocrx_word' id='word_1_129' title='bbox 1006 2874 1019 2887; x_wconf 95' lang='grc'><strong>.</strong></span> <span class='ocrx_word' id='word_1_130' title='bbox 1536 2830 1678 2894; x_wconf 80' lang='grc' dir='ltr'>Τούς</span> <span class='ocrx_word' id='word_1_131' title='bbox 1706 2827 1917 2885; x_wconf 84' lang='grc' dir='ltr'>δώδεκα</span> <span class='ocrx_word' id='word_1_132' title='bbox 1948 2831 2202 2902; x_wconf 77' lang='grc' dir='ltr'>εὑρήσεις</span> <span class='ocrx_word' id='word_1_133' title='bbox 2718 2829 2960 2899; x_wconf 77' lang='grc' dir='ltr'>Οὐράνια</span> <span class='ocrx_word' id='word_1_134' title='bbox 2984 2830 3256 2902; x_wconf 74' lang='grc' dir='ltr'>μυστήρια</span> 
     </span>
    </p>
   </div>
   <div class='ocr_carea' id='block_1_18' title="bbox 358 2917 3413 2993">
    <p class='ocr_par' dir='ltr' id='par_1_18' title="bbox 358 2917 3413 2993">
     <span class='ocr_line' id='line_1_18' title="bbox 358 2917 3413 2993; baseline -0.002 -16"><span class='ocrx_word' id='word_1_135' title='bbox 358 2963 372 2977; x_wconf 92' lang='grc'><strong>.</strong></span> <span class='ocrx_word' id='word_1_136' title='bbox 454 2964 469 2979; x_wconf 87' lang='grc'><strong>.</strong></span> <span class='ocrx_word' id='word_1_137' title='bbox 550 2963 562 2976; x_wconf 94' lang='grc'><strong>.</strong></span> <span class='ocrx_word' id='word_1_138' title='bbox 642 2964 655 2976; x_wconf 94' lang='grc'><strong>.</strong></span> <span class='ocrx_word' id='word_1_139' title='bbox 736 2962 750 2977; x_wconf 94' lang='grc'><strong>.</strong></span> <span class='ocrx_word' id='word_1_140' title='bbox 830 2964 845 2979; x_wconf 92' lang='grc'><strong>.</strong></span> <span class='ocrx_word' id='word_1_141' title='bbox 925 2964 940 2979; x_wconf 91' lang='grc'><strong>.</strong></span> <span class='ocrx_word' id='word_1_142' title='bbox 1020 2965 1033 2977; x_wconf 94' lang='grc'><strong>.</strong></span> <span class='ocrx_word' id='word_1_143' title='bbox 1535 2920 1918 2991; x_wconf 83' lang='grc' dir='ltr'>Ὠραιοτάτους</span> <span class='ocrx_word' id='word_1_144' title='bbox 1951 2918 2160 2982; x_wconf 84' lang='grc' dir='ltr'>λίθους.</span> <span class='ocrx_word' id='word_1_145' title='bbox 2720 2921 2966 2993; x_wconf 89' lang='grc' dir='ltr'>Βροντῶν</span> <span class='ocrx_word' id='word_1_146' title='bbox 2995 2917 3413 2991; x_wconf 72' lang='grc' dir='ltr'><strong>τῇἘκκΛησίᾳ.</strong></span> 
     </span>
    </p>
   </div>
   <div class='ocr_carea' id='block_1_19' title="bbox 358 3003 3618 3086">
    <p class='ocr_par' dir='ltr' id='par_1_19' title="bbox 358 3003 3618 3086">
     <span class='ocr_line' id='line_1_19' title="bbox 358 3003 3618 3086; baseline -0.001 -23"><span class='ocrx_word' id='word_1_147' title='bbox 358 3010 413 3063; x_wconf 83' lang='grc' dir='ltr'>Ὀ</span> <span class='ocrx_word' id='word_1_148' title='bbox 443 3008 609 3084; x_wconf 87' lang='grc' dir='ltr'>λόγος</span> <span class='ocrx_word' id='word_1_149' title='bbox 646 3012 741 3064; x_wconf 79' lang='grc' dir='ltr'><strong>τοῦ</strong></span> <span class='ocrx_word' id='word_1_150' title='bbox 772 3011 1061 3086; x_wconf 79' lang='grc' dir='ltr'>προφήτου</span> <span class='ocrx_word' id='word_1_151' title='bbox 1608 3010 1807 3075; x_wconf 86' lang='grc' dir='ltr'>Λίθους</span> <span class='ocrx_word' id='word_1_152' title='bbox 1838 3006 2048 3065; x_wconf 81' lang='grc' dir='ltr'>δώδεκα</span> <span class='ocrx_word' id='word_1_153' title='bbox 2079 3008 2189 3064; x_wconf 86' lang='grc' dir='ltr'>νόει</span> <span class='ocrx_word' id='word_1_154' title='bbox 2791 3008 2890 3065; x_wconf 88' lang='grc' dir='ltr'><strong>Καὶ</strong></span> <span class='ocrx_word' id='word_1_155' title='bbox 2922 3007 3050 3068; x_wconf 79' lang='grc' dir='ltr'>τοὺς</span> <span class='ocrx_word' id='word_1_156' title='bbox 3081 3005 3311 3066; x_wconf 80' lang='grc' dir='ltr'>λοιποὺς</span> <span class='ocrx_word' id='word_1_157' title='bbox 3341 3003 3399 3061; x_wconf 67' lang='grc' dir='ltr'><strong>δί</strong></span> <span class='ocrx_word' id='word_1_158' title='bbox 3430 3004 3618 3070; x_wconf 85' lang='grc' dir='ltr'>λίθους</span> 
     </span>
    </p>
   </div>
   <div class='ocr_carea' id='block_1_20' title="bbox 358 3095 3399 3175">
    <p class='ocr_par' dir='ltr' id='par_1_20' title="bbox 358 3095 3399 3175">
     <span class='ocr_line' id='line_1_20' title="bbox 358 3095 3399 3175; baseline -0.001 -22"><span class='ocrx_word' id='word_1_159' title='bbox 358 3098 726 3172; x_wconf 84' lang='grc' dir='ltr'>Πεπλήρωται</span> <span class='ocrx_word' id='word_1_160' title='bbox 757 3096 1079 3175; x_wconf 78' lang='grc' dir='ltr'>προδήλως,</span> <span class='ocrx_word' id='word_1_161' title='bbox 1535 3098 1679 3161; x_wconf 79' lang='grc' dir='ltr'>Τοὺς</span> <span class='ocrx_word' id='word_1_162' title='bbox 1702 3098 1879 3164; x_wconf 78' lang='grc' dir='ltr'>θείους</span> <span class='ocrx_word' id='word_1_163' title='bbox 1917 3096 2286 3167; x_wconf 74' lang='grc' dir='ltr'>ἀποστόΙους,</span> <span class='ocrx_word' id='word_1_164' title='bbox 2717 3097 2859 3161; x_wconf 85' lang='grc' dir='ltr'>Τοὺς</span> <span class='ocrx_word' id='word_1_165' title='bbox 2887 3096 3229 3158; x_wconf 81' lang='grc' dir='ltr'>ἀποστόλους</span> <span class='ocrx_word' id='word_1_166' title='bbox 3264 3095 3399 3164; x_wconf 82' lang='grc' dir='ltr'>νόει,</span> 
     </span>
    </p>
   </div>
   <div class='ocr_carea' id='block_1_21' title="bbox 357 3185 3317 3268">
    <p class='ocr_par' dir='ltr' id='par_1_21' title="bbox 357 3185 3317 3268">
     <span class='ocr_line' id='line_1_21' title="bbox 357 3185 3317 3268; baseline 0 -25"><span class='ocrx_word' id='word_1_167' title='bbox 357 3186 460 3243; x_wconf 84' lang='grc' dir='ltr'><strong>Καὶ</strong></span> <span class='ocrx_word' id='word_1_168' title='bbox 491 3188 630 3242; x_wconf 65' lang='grc' dir='ltr'>Σιὼν</span> <span class='ocrx_word' id='word_1_169' title='bbox 659 3185 905 3261; x_wconf 77' lang='grc' dir='ltr'>ἐδομήθη</span> <span class='ocrx_word' id='word_1_170' title='bbox 1535 3187 1970 3261; x_wconf 83' lang='grc' dir='ltr'>Ἀστράπτοντας</span> <span class='ocrx_word' id='word_1_171' title='bbox 2003 3186 2056 3242; x_wconf 78' lang='grc' dir='ltr'>ἐν</span> <span class='ocrx_word' id='word_1_172' title='bbox 2092 3185 2237 3261; x_wconf 68' lang='grc' dir='ltr'>μέσῳ</span> <span class='ocrx_word' id='word_1_173' title='bbox 2716 3190 2843 3268; x_wconf 75' lang='grc' dir='ltr'><strong>Ἀφ’</strong></span> <span class='ocrx_word' id='word_1_174' title='bbox 2873 3190 2947 3244; x_wconf 84' lang='grc' dir='ltr'>ὧν</span> <span class='ocrx_word' id='word_1_175' title='bbox 2980 3186 3317 3261; x_wconf 82' lang='grc' dir='ltr'>ᾠκοδομήθη</span> 
     </span>
    </p>
   </div>
   <div class='ocr_carea' id='block_1_22' title="bbox 361 3271 3292 3353">
    <p class='ocr_par' dir='ltr' id='par_1_22' title="bbox 361 3271 3292 3353">
     <span class='ocr_line' id='line_1_22' title="bbox 361 3271 3292 3353; baseline 0.001 -22"><span class='ocrx_word' id='word_1_176' title='bbox 361 3271 457 3332; x_wconf 83' lang='grc' dir='ltr'><strong>Ἐκ</strong></span> <span class='ocrx_word' id='word_1_177' title='bbox 487 3272 655 3332; x_wconf 71' lang='grc' dir='ltr'>λίθωι</span> <span class='ocrx_word' id='word_1_178' title='bbox 690 3275 1045 3353; x_wconf 79' lang='grc' dir='ltr'>ἆσυγκρίτων.</span> <span class='ocrx_word' id='word_1_179' title='bbox 1536 3279 1676 3337; x_wconf 84' lang='grc' dir='ltr'>Σιὼν</span> <span class='ocrx_word' id='word_1_180' title='bbox 1705 3285 1804 3350; x_wconf 82' lang='grc' dir='ltr'>τῆς</span> <span class='ocrx_word' id='word_1_181' title='bbox 1838 3277 2186 3351; x_wconf 79' lang='grc' dir='ltr'>Ἐκκλησίας.</span> <span class='ocrx_word' id='word_1_182' title='bbox 2721 3278 2861 3337; x_wconf 85' lang='grc' dir='ltr'>Σιὼν</span> <span class='ocrx_word' id='word_1_183' title='bbox 2893 3281 2928 3348; x_wconf 83' lang='grc' dir='ltr'>ἠ</span> <span class='ocrx_word' id='word_1_184' title='bbox 2961 3278 3077 3333; x_wconf 81' lang='grc' dir='ltr'>θεία</span> <span class='ocrx_word' id='word_1_185' title='bbox 3106 3274 3292 3339; x_wconf 88' lang='grc' dir='ltr'>πόλις.</span> 
     </span>
    </p>
   </div>
   <div class='ocr_carea' id='block_1_23' title="bbox 432 3462 3764 3542">
    <p class='ocr_par' dir='ltr' id='par_1_23' title="bbox 432 3462 3764 3542">
     <span class='ocr_line' id='line_1_23' title="bbox 432 3462 3764 3542; baseline -0.001 -20"><span class='ocrx_word' id='word_1_186' title='bbox 432 3467 655 3523; x_wconf 81' lang='lat' dir='ltr'><strong>Docere</strong></span> <span class='ocrx_word' id='word_1_187' title='bbox 702 3466 1036 3525; x_wconf 82' lang='lat' dir='ltr'><strong>divinorum</strong></span> <span class='ocrx_word' id='word_1_188' title='bbox 1088 3470 1463 3526; x_wconf 82' lang='lat' dir='ltr'><strong>oraculorum</strong></span> <span class='ocrx_word' id='word_1_189' title='bbox 1518 3468 2002 3542; x_wconf 79' lang='lat' dir='ltr'><strong>signiﬁcationes.</strong></span> <span class='ocrx_word' id='word_1_190' title='bbox 2187 3467 2253 3521; x_wconf 91' lang='lat' dir='ltr'><strong>In</strong></span> <span class='ocrx_word' id='word_1_191' title='bbox 2280 3465 2668 3522; x_wconf 85' lang='lat' dir='ltr'><strong>fundamento</strong></span> <span class='ocrx_word' id='word_1_192' title='bbox 2700 3464 2858 3537; x_wconf 86' lang='lat' dir='ltr'><strong>quod</strong></span> <span class='ocrx_word' id='word_1_193' title='bbox 2880 3465 3150 3521; x_wconf 77' lang='lat' dir='ltr'><strong>Christus</strong></span> <span class='ocrx_word' id='word_1_194' title='bbox 3171 3463 3491 3537; x_wconf 74' lang='lat' dir='ltr'><strong>margarita</strong></span> <span class='ocrx_word' id='word_1_195' title='bbox 3511 3471 3603 3521; x_wconf 84' lang='lat' dir='ltr'><strong>est</strong></span> <span class='ocrx_word' id='word_1_196' title='bbox 3620 3462 3764 3520; x_wconf 88' lang='lat' dir='ltr'><strong>duo-</strong></span> 
     </span>
    </p>
   </div>
   <div class='ocr_carea' id='block_1_24' title="bbox 359 3553 3431 3629">
    <p class='ocr_par' dir='ltr' id='par_1_24' title="bbox 359 3553 3431 3629">
     <span class='ocr_line' id='line_1_24' title="bbox 359 3553 3431 3629; baseline -0.001 -18"><span class='ocrx_word' id='word_1_197' title='bbox 359 3556 791 3627; x_wconf 52' lang='lat' dir='ltr'><strong>Prophetf&#39;rum</strong></span> <span class='ocrx_word' id='word_1_198' title='bbox 821 3575 992 3614; x_wconf 87' lang='lat' dir='ltr'><strong>voces</strong></span> <span class='ocrx_word' id='word_1_199' title='bbox 1022 3560 1343 3615; x_wconf 80' lang='lat' dir='ltr'><strong>carnaliter</strong></span> <span class='ocrx_word' id='word_1_200' title='bbox 1371 3575 1446 3613; x_wconf 89' lang='lat' dir='ltr'><strong>ne</strong></span> <span class='ocrx_word' id='word_1_201' title='bbox 1472 3559 1790 3629; x_wconf 82' lang='lat' dir='ltr'><strong>intelligas.</strong></span> <span class='ocrx_word' id='word_1_202' title='bbox 2117 3557 2311 3613; x_wconf 87' lang='lat' dir='ltr'><strong>decim</strong></span> <span class='ocrx_word' id='word_1_203' title='bbox 2338 3555 2603 3612; x_wconf 85' lang='lat' dir='ltr'><strong>invenies</strong></span> <span class='ocrx_word' id='word_1_204' title='bbox 2635 3553 3153 3627; x_wconf 87' lang='lat' dir='ltr'><strong>splendidissimos</strong></span> <span class='ocrx_word' id='word_1_205' title='bbox 3182 3555 3431 3626; x_wconf 80' lang='lat' dir='ltr'><strong>lapides.</strong></span> 
     </span>
    </p>
   </div>
   <div class='ocr_carea' id='block_1_25' title="bbox 432 3643 3764 3718">
    <p class='ocr_par' dir='ltr' id='par_1_25' title="bbox 432 3643 3764 3718">
     <span class='ocr_line' id='line_1_25' title="bbox 432 3643 3764 3718; baseline 0 -20"><span class='ocrx_word' id='word_1_206' title='bbox 432 3646 512 3698; x_wconf 89' lang='lat' dir='ltr'><strong>Ne</strong></span> <span class='ocrx_word' id='word_1_207' title='bbox 544 3645 852 3702; x_wconf 66' lang='lat' dir='ltr'><strong>arbitreris</strong></span> <span class='ocrx_word' id='word_1_208' title='bbox 904 3647 1044 3703; x_wconf 91' lang='lat' dir='ltr'><strong>Sion</strong></span> <span class='ocrx_word' id='word_1_209' title='bbox 1094 3648 1302 3703; x_wconf 87' lang='lat' dir='ltr'><strong>urbem</strong></span> <span class='ocrx_word' id='word_1_210' title='bbox 1334 3647 1615 3703; x_wconf 84' lang='lat' dir='ltr'><strong>aediﬁcari</strong></span> <span class='ocrx_word' id='word_1_211' title='bbox 1648 3664 1678 3701; x_wconf 89' lang='lat' dir='ltr'><strong>e</strong></span> <span class='ocrx_word' id='word_1_212' title='bbox 1711 3646 2009 3717; x_wconf 83' lang='lat' dir='ltr'><strong>lapidibus</strong></span> <span class='ocrx_word' id='word_1_213' title='bbox 2189 3645 2438 3717; x_wconf 86' lang='lat' dir='ltr'><strong>Lapides</strong></span> <span class='ocrx_word' id='word_1_214' title='bbox 2469 3644 2785 3700; x_wconf 87' lang='lat' dir='ltr'><strong>duodecim</strong></span> <span class='ocrx_word' id='word_1_215' title='bbox 2842 3644 3108 3718; x_wconf 88' lang='lat' dir='ltr'><strong>intellige</strong></span> <span class='ocrx_word' id='word_1_216' title='bbox 3164 3644 3393 3701; x_wconf 84' lang='lat' dir='ltr'><strong>divinos</strong></span> <span class='ocrx_word' id='word_1_217' title='bbox 3443 3643 3764 3716; x_wconf 85' lang='lat' dir='ltr'><strong>apostolos,</strong></span> 
     </span>
    </p>
   </div>
   <div class='ocr_carea' id='block_1_26' title="bbox 363 3732 3238 3807">
    <p class='ocr_par' dir='ltr' id='par_1_26' title="bbox 363 3732 3238 3807">
     <span class='ocr_line' id='line_1_26' title="bbox 363 3732 3238 3807; baseline 0 -20"><span class='ocrx_word' id='word_1_218' title='bbox 363 3732 466 3802; x_wconf 90' lang='lat' dir='ltr'><strong>qui</strong></span> <span class='ocrx_word' id='word_1_219' title='bbox 495 3733 603 3788; x_wconf 82' lang='lat' dir='ltr'><strong>visi</strong></span> <span class='ocrx_word' id='word_1_220' title='bbox 630 3733 853 3789; x_wconf 87' lang='lat' dir='ltr'><strong>fuerint</strong></span> <span class='ocrx_word' id='word_1_221' title='bbox 883 3738 1187 3807; x_wconf 80' lang='lat' dir='ltr'><strong>conspicui</strong></span> <span class='ocrx_word' id='word_1_222' title='bbox 1220 3738 1281 3791; x_wconf 91' lang='lat' dir='ltr'><strong>in</strong></span> <span class='ocrx_word' id='word_1_223' title='bbox 1314 3737 1425 3791; x_wconf 90' lang='lat' dir='ltr'><strong>hoc</strong></span> <span class='ocrx_word' id='word_1_224' title='bbox 1457 3736 1699 3791; x_wconf 90' lang='lat' dir='ltr'><strong>mundo.</strong></span> <span class='ocrx_word' id='word_1_225' title='bbox 2117 3735 2417 3807; x_wconf 80' lang='lat' dir='ltr'><strong>fulgentes</strong></span> <span class='ocrx_word' id='word_1_226' title='bbox 2447 3735 2509 3790; x_wconf 88' lang='lat' dir='ltr'><strong>in</strong></span> <span class='ocrx_word' id='word_1_227' title='bbox 2539 3734 2736 3790; x_wconf 88' lang='lat' dir='ltr'><strong>medio</strong></span> <span class='ocrx_word' id='word_1_228' title='bbox 2767 3735 2906 3790; x_wconf 89' lang='lat' dir='ltr'><strong>Sion</strong></span> <span class='ocrx_word' id='word_1_229' title='bbox 2938 3733 3238 3792; x_wconf 57' lang='lat' dir='ltr'><strong>Ecclesiae.</strong></span> 
     </span>
    </p>
   </div>
   <div class='ocr_carea' id='block_1_27' title="bbox 433 3821 3769 3897">
    <p class='ocr_par' dir='ltr' id='par_1_27' title="bbox 433 3821 3769 3897">
     <span class='ocr_line' id='line_1_27' title="bbox 433 3821 3769 3897; baseline 0.001 -21"><span class='ocrx_word' id='word_1_230' title='bbox 433 3822 514 3877; x_wconf 88' lang='lat' dir='ltr'><strong>Ne</strong></span> <span class='ocrx_word' id='word_1_231' title='bbox 543 3821 693 3877; x_wconf 90' lang='lat' dir='ltr'><strong>illud</strong></span> <span class='ocrx_word' id='word_1_232' title='bbox 724 3822 983 3894; x_wconf 79' lang='lat' dir='ltr'><strong>excipias</strong></span> <span class='ocrx_word' id='word_1_233' title='bbox 1014 3825 1202 3881; x_wconf 87' lang='lat' dir='ltr'><strong>oculis</strong></span> <span class='ocrx_word' id='word_1_234' title='bbox 1242 3825 1475 3881; x_wconf 90' lang='lat' dir='ltr'><strong>carneis</strong></span> <span class='ocrx_word' id='word_1_235' title='bbox 1506 3825 1567 3880; x_wconf 89' lang='lat' dir='ltr'><strong>in</strong></span> <span class='ocrx_word' id='word_1_236' title='bbox 1598 3825 1717 3880; x_wconf 88' lang='lat' dir='ltr'><strong>vita</strong></span> <span class='ocrx_word' id='word_1_237' title='bbox 1746 3830 2009 3881; x_wconf 89' lang='lat' dir='ltr'><strong>contem-</strong></span> <span class='ocrx_word' id='word_1_238' title='bbox 2191 3824 2576 3896; x_wconf 83' lang='lat' dir='ltr'><strong>Smaragdum</strong></span> <span class='ocrx_word' id='word_1_239' title='bbox 2623 3829 2833 3897; x_wconf 89' lang='lat' dir='ltr'><strong>reputa</strong></span> <span class='ocrx_word' id='word_1_240' title='bbox 2890 3826 3151 3886; x_wconf 85' lang='lat' dir='ltr'><strong>Petrum.</strong></span> <span class='ocrx_word' id='word_1_241' title='bbox 3211 3823 3615 3896; x_wconf 70' lang='lat' dir='ltr'><strong>coryphzeum,</strong></span> <span class='ocrx_word' id='word_1_242' title='bbox 3648 3823 3769 3894; x_wconf 86' lang='lat' dir='ltr'><strong>pri-</strong></span> 
     </span>
    </p>
   </div>
   <div class='ocr_carea' id='block_1_28' title="bbox 363 3908 3555 3985">
    <p class='ocr_par' dir='ltr' id='par_1_28' title="bbox 363 3908 3555 3985">
     <span class='ocr_line' id='line_1_28' title="bbox 363 3908 3555 3985; baseline 0.001 -21"><span class='ocrx_word' id='word_1_243' title='bbox 363 3908 585 3981; x_wconf 85' lang='lat' dir='ltr'><strong>plari...</strong></span> <span class='ocrx_word' id='word_1_244' title='bbox 2118 3931 2247 3972; x_wconf 88' lang='lat' dir='ltr'><strong>mas</strong></span> <span class='ocrx_word' id='word_1_245' title='bbox 2277 3919 2580 3970; x_wconf 89' lang='lat' dir='ltr'><strong>tenentem</strong></span> <span class='ocrx_word' id='word_1_246' title='bbox 2612 3913 2673 3968; x_wconf 90' lang='lat' dir='ltr'><strong>in</strong></span> <span class='ocrx_word' id='word_1_247' title='bbox 2707 3912 2901 3969; x_wconf 89' lang='lat' dir='ltr'><strong>medio</strong></span> <span class='ocrx_word' id='word_1_248' title='bbox 2931 3912 3339 3985; x_wconf 87' lang='lat' dir='ltr'><strong>apostolorum</strong></span> <span class='ocrx_word' id='word_1_249' title='bbox 3370 3912 3555 3969; x_wconf 86' lang='lat' dir='ltr'><strong>chori.</strong></span> 
     </span>
    </p>
   </div>
   <div class='ocr_carea' id='block_1_29' title="bbox 437 3998 3769 4076">
    <p class='ocr_par' dir='ltr' id='par_1_29' title="bbox 437 3998 3769 4076">
     <span class='ocr_line' id='line_1_29' title="bbox 437 3998 3769 4076; baseline 0.002 -24"><span class='ocrx_word' id='word_1_250' title='bbox 437 3998 691 4055; x_wconf 89' lang='lat' dir='ltr'><strong>Verbum</strong></span> <span class='ocrx_word' id='word_1_251' title='bbox 743 4001 1046 4073; x_wconf 72' lang='lat' dir='ltr'><strong>prophetae</strong></span> <span class='ocrx_word' id='word_1_252' title='bbox 1096 4003 1409 4076; x_wconf 86' lang='lat' dir='ltr'><strong>impletum</strong></span> <span class='ocrx_word' id='word_1_253' title='bbox 1454 4009 1544 4060; x_wconf 88' lang='lat' dir='ltr'><strong>est</strong></span> <span class='ocrx_word' id='word_1_254' title='bbox 1587 4003 1922 4073; x_wconf 83' lang='lat' dir='ltr'><strong>manifeste,</strong></span> <span class='ocrx_word' id='word_1_255' title='bbox 1954 4008 2014 4059; x_wconf 91' lang='lat' dir='ltr'><strong>et</strong></span> <span class='ocrx_word' id='word_1_256' title='bbox 2192 4005 2551 4059; x_wconf 84' lang='lat' dir='ltr'><strong>Anthracem</strong></span> <span class='ocrx_word' id='word_1_257' title='bbox 2600 4004 2868 4076; x_wconf 81' lang='lat' dir='ltr'><strong>intelligo</strong></span> <span class='ocrx_word' id='word_1_258' title='bbox 2913 4004 3161 4059; x_wconf 86' lang='lat' dir='ltr'><strong>Paulum</strong></span> <span class='ocrx_word' id='word_1_259' title='bbox 3203 4004 3597 4074; x_wconf 87' lang='lat' dir='ltr'><strong>Deiloquum;</strong></span> <span class='ocrx_word' id='word_1_260' title='bbox 3632 4019 3769 4059; x_wconf 87' lang='lat' dir='ltr'><strong>nam</strong></span> 
     </span>
    </p>
   </div>
   <div class='ocr_carea' id='block_1_30' title="bbox 365 4088 3157 4167">
    <p class='ocr_par' dir='ltr' id='par_1_30' title="bbox 365 4088 3157 4167">
     <span class='ocr_line' id='line_1_30' title="bbox 365 4088 3157 4167; baseline 0.001 -23"><span class='ocrx_word' id='word_1_261' title='bbox 365 4088 504 4144; x_wconf 88' lang='lat' dir='ltr'><strong>Sion</strong></span> <span class='ocrx_word' id='word_1_262' title='bbox 533 4096 831 4146; x_wconf 82' lang='lat' dir='ltr'><strong>exstructa</strong></span> <span class='ocrx_word' id='word_1_263' title='bbox 860 4098 951 4147; x_wconf 89' lang='lat' dir='ltr'><strong>est</strong></span> <span class='ocrx_word' id='word_1_264' title='bbox 979 4109 1009 4148; x_wconf 91' lang='lat' dir='ltr'><strong>e</strong></span> <span class='ocrx_word' id='word_1_265' title='bbox 1042 4093 1339 4164; x_wconf 87' lang='lat' dir='ltr'><strong>lapidibus</strong></span> <span class='ocrx_word' id='word_1_266' title='bbox 1382 4094 1689 4167; x_wconf 89' lang='lat' dir='ltr'><strong>dispersis.</strong></span> <span class='ocrx_word' id='word_1_267' title='bbox 2120 4095 2215 4150; x_wconf 92' lang='lat' dir='ltr'><strong>die</strong></span> <span class='ocrx_word' id='word_1_268' title='bbox 2248 4099 2306 4149; x_wconf 90' lang='lat' dir='ltr'><strong>et</strong></span> <span class='ocrx_word' id='word_1_269' title='bbox 2332 4098 2506 4150; x_wconf 90' lang='lat' dir='ltr'><strong>nocte</strong></span> <span class='ocrx_word' id='word_1_270' title='bbox 2538 4093 2887 4165; x_wconf 88' lang='lat' dir='ltr'><strong>splendores</strong></span> <span class='ocrx_word' id='word_1_271' title='bbox 2919 4094 3157 4149; x_wconf 87' lang='lat' dir='ltr'><strong>emittit.</strong></span> 
     </span>
    </p>
   </div>
   <div class='ocr_carea' id='block_1_31' title="bbox 434 4178 3769 4257">
    <p class='ocr_par' dir='ltr' id='par_1_31' title="bbox 434 4178 3769 4257">
     <span class='ocr_line' id='line_1_31' title="bbox 434 4178 3769 4257; baseline 0.001 -25"><span class='ocrx_word' id='word_1_272' title='bbox 434 4178 571 4233; x_wconf 91' lang='lat' dir='ltr'><strong>Sion</strong></span> <span class='ocrx_word' id='word_1_273' title='bbox 594 4180 917 4237; x_wconf 87' lang='lat' dir='ltr'><strong>Ecclesiam</strong></span> <span class='ocrx_word' id='word_1_274' title='bbox 944 4183 1347 4254; x_wconf 64' lang='lat' dir='ltr'><strong>praedixerunt</strong></span> <span class='ocrx_word' id='word_1_275' title='bbox 1365 4186 1691 4257; x_wconf 73' lang='lat' dir='ltr'><strong>prophetae,</strong></span> <span class='ocrx_word' id='word_1_276' title='bbox 1713 4183 2011 4241; x_wconf 85' lang='lat' dir='ltr'><strong>civitatem</strong></span> <span class='ocrx_word' id='word_1_277' title='bbox 2191 4183 2554 4256; x_wconf 85' lang='lat' dir='ltr'><strong>Hyacinthus</strong></span> <span class='ocrx_word' id='word_1_278' title='bbox 2577 4188 2666 4237; x_wconf 90' lang='lat' dir='ltr'><strong>est</strong></span> <span class='ocrx_word' id='word_1_279' title='bbox 2688 4198 2936 4254; x_wconf 87' lang='lat' dir='ltr'><strong>magnus</strong></span> <span class='ocrx_word' id='word_1_280' title='bbox 2954 4183 3232 4250; x_wconf 83' lang='lat' dir='ltr'><strong>Joannes,</strong></span> <span class='ocrx_word' id='word_1_281' title='bbox 3258 4182 3521 4239; x_wconf 72' lang='lat' dir='ltr'><strong>cmlestia</strong></span> <span class='ocrx_word' id='word_1_282' title='bbox 3550 4186 3769 4254; x_wconf 83' lang='lat' dir='ltr'><strong>myste-</strong></span> 
     </span>
    </p>
   </div>
   <div class='ocr_carea' id='block_1_32' title="bbox 362 4270 2862 4347">
    <p class='ocr_par' dir='ltr' id='par_1_32' title="bbox 362 4270 2862 4347">
     <span class='ocr_line' id='line_1_32' title="bbox 362 4270 2862 4347; baseline 0.001 -24"><span class='ocrx_word' id='word_1_283' title='bbox 362 4284 637 4342; x_wconf 83' lang='lat' dir='ltr'><strong>magnam</strong></span> <span class='ocrx_word' id='word_1_284' title='bbox 668 4270 1081 4329; x_wconf 83' lang='lat' dir='ltr'><strong>universorum</strong></span> <span class='ocrx_word' id='word_1_285' title='bbox 1112 4275 1283 4347; x_wconf 81' lang='lat' dir='ltr'><strong>regis</strong></span> <span class='ocrx_word' id='word_1_286' title='bbox 2120 4272 2210 4329; x_wconf 88' lang='lat' dir='ltr'><strong>ria</strong></span> <span class='ocrx_word' id='word_1_287' title='bbox 2237 4278 2453 4328; x_wconf 86' lang='lat' dir='ltr'><strong>tonans</strong></span> <span class='ocrx_word' id='word_1_288' title='bbox 2484 4272 2547 4327; x_wconf 89' lang='lat' dir='ltr'><strong>in</strong></span> <span class='ocrx_word' id='word_1_289' title='bbox 2577 4270 2862 4327; x_wconf 87' lang='lat' dir='ltr'><strong>Ecclesia.</strong></span> 
     </span>
    </p>
   </div>
   <div class='ocr_carea' id='block_1_33' title="bbox 433 4357 3764 4437">
    <p class='ocr_par' dir='ltr' id='par_1_33' title="bbox 433 4357 3764 4437">
     <span class='ocr_line' id='line_1_33' title="bbox 433 4357 3764 4437; baseline 0.001 -24"><span class='ocrx_word' id='word_1_290' title='bbox 433 4357 498 4413; x_wconf 90' lang='lat' dir='ltr'><strong>In</strong></span> <span class='ocrx_word' id='word_1_291' title='bbox 530 4358 633 4415; x_wconf 88' lang='lat' dir='ltr'><strong>illa</strong></span> <span class='ocrx_word' id='word_1_292' title='bbox 662 4359 814 4432; x_wconf 88' lang='lat' dir='ltr'><strong>lapis</strong></span> <span class='ocrx_word' id='word_1_293' title='bbox 844 4362 1100 4419; x_wconf 82' lang='lat' dir='ltr'><strong>eximius</strong></span> <span class='ocrx_word' id='word_1_294' title='bbox 1142 4363 1601 4421; x_wconf 87' lang='lat' dir='ltr'><strong>fundamentum</strong></span> <span class='ocrx_word' id='word_1_295' title='bbox 1631 4364 1892 4437; x_wconf 88' lang='lat' dir='ltr'><strong>positum</strong></span> <span class='ocrx_word' id='word_1_296' title='bbox 1924 4367 2014 4419; x_wconf 91' lang='lat' dir='ltr'><strong>est</strong></span> <span class='ocrx_word' id='word_1_297' title='bbox 2191 4363 2445 4418; x_wconf 59' lang='lat' dir='ltr'><strong>Caeteros</strong></span> <span class='ocrx_word' id='word_1_298' title='bbox 2471 4366 2669 4417; x_wconf 86' lang='lat' dir='ltr'><strong>autem</strong></span> <span class='ocrx_word' id='word_1_299' title='bbox 2687 4360 2916 4433; x_wconf 89' lang='lat' dir='ltr'><strong>lapides</strong></span> <span class='ocrx_word' id='word_1_300' title='bbox 2938 4361 3203 4435; x_wconf 87' lang='lat' dir='ltr'><strong>intellige</strong></span> <span class='ocrx_word' id='word_1_301' title='bbox 3228 4362 3552 4435; x_wconf 87' lang='lat' dir='ltr'><strong>apostolos,</strong></span> <span class='ocrx_word' id='word_1_302' title='bbox 3574 4377 3609 4417; x_wconf 84' lang='lat' dir='ltr'><strong>a</strong></span> <span class='ocrx_word' id='word_1_303' title='bbox 3633 4361 3764 4431; x_wconf 88' lang='lat' dir='ltr'><strong>qui-</strong></span> 
     </span>
    </p>
   </div>
   <div class='ocr_carea' id='block_1_34' title="bbox 365 4447 3309 4529">
    <p class='ocr_par' dir='ltr' id='par_1_34' title="bbox 365 4447 3309 4529">
     <span class='ocr_line' id='line_1_34' title="bbox 365 4447 3309 4529; baseline 0.002 -26"><span class='ocrx_word' id='word_1_304' title='bbox 365 4447 841 4521; x_wconf 71' lang='lat' dir='ltr'><strong>Christus,:,sicut</strong></span> <span class='ocrx_word' id='word_1_305' title='bbox 868 4453 1143 4525; x_wconf 75' lang='lat' dir='ltr'><strong>prmdixit</strong></span> <span class='ocrx_word' id='word_1_306' title='bbox 1170 4455 1597 4529; x_wconf 87' lang='lat' dir='ltr'><strong>prophetarum</strong></span> <span class='ocrx_word' id='word_1_307' title='bbox 1624 4454 1852 4512; x_wconf 82' lang='lat' dir='ltr'><strong>famosa</strong></span> <span class='ocrx_word' id='word_1_308' title='bbox 1878 4469 2006 4509; x_wconf 77' lang='lat' dir='ltr'><strong>vox.</strong></span> <span class='ocrx_word' id='word_1_309' title='bbox 2119 4452 2232 4508; x_wconf 85' lang='lat' dir='ltr'><strong>bus</strong></span> <span class='ocrx_word' id='word_1_310' title='bbox 2261 4451 2555 4508; x_wconf 69' lang='lat' dir='ltr'><strong>mdiﬂcata</strong></span> <span class='ocrx_word' id='word_1_311' title='bbox 2574 4454 2664 4508; x_wconf 84' lang='lat' dir='ltr'><strong>est</strong></span> <span class='ocrx_word' id='word_1_312' title='bbox 2692 4449 2831 4508; x_wconf 91' lang='lat' dir='ltr'><strong>Sion</strong></span> <span class='ocrx_word' id='word_1_313' title='bbox 2860 4450 3065 4508; x_wconf 81' lang='lat' dir='ltr'><strong>civitas</strong></span> <span class='ocrx_word' id='word_1_314' title='bbox 3091 4450 3309 4508; x_wconf 83' lang='lat' dir='ltr'><strong>divina.</strong></span> 
     </span>
    </p>
   </div>
  </div>
