4036 6212
324 343 3794 409 M

1865 521 1939 561 ΔΝ
1943 522 1977 560 Ν
1982 521 2015 563 0
2058 522 2288 564 INCIRTO

320 697 1656 893 MICHAEL
1787 708 3783 909 HAMARTOLUS

970 1152 1055 1226 Τᾳ
1096 1151 1464 1230 meum,
1504 1152 1905 1233 ΣΟΦΩΤΑΤῼ,
1963 1158 2003 1209 e

2124 1155 2377 1233 :IKEAQ,
2439 1155 2733 1212 ﬂOlMENI
2780 1156 3171 1228 ﬂOlMENQN,

1743 1295 1910 1392 ΤΩ
1993 1296 2406 1394 ΤΥΡΟΥ

1423 1470 1697 1528 ΠΙΧΑΗΛ
1737 1471 2168 1528 ΑΜΑΡΤΩΛΟΣ
2204 1474 2718 1532 ΙΕΡΟΜΟΝΔΧΟΣ

1894 1616 2233 1674 XAIPEIN’.

892 1902 1375 1973 SANCTISSIMO,
1415 1908 1972 1977 SAPIENTISSIMO,
2021 1911 2160 1965 ΠΕΟ
2214 1909 2453 1976 SIMILI,
2498 1911 2796 1967 PASTOIU
2833 1912 3236 1982 PASTORUM,

1581 2053 1861 2150 TYRI
1923 2056 2514 2173 PRZESULI,

1225 2234 1538 2292 MICHAEL
1574 2236 1942 2294 PECCATOR
1980 2238 2341 2294 SACERDOS
2381 2238 2465 2294 ET
2504 2240 2901 2309 MONACHUS,

1903 2384 2229 2440 SALUTEM

1056 2528 1449 2599 (Boxssomna,
1483 2528 1768 2585 Amcdota
1796 2530 1986 2587 Greca
2015 2547 2085 2586 ex
2118 2528 2289 2586 codd.
2324 2532 2485 2602 Reg,
2519 2535 2661 2587 tom.
2700 2531 2792 2598 IV,
2825 2549 2884 2604 p.
2915 2534 3073 2604 452.)

436 2814 641 2891 Καρδία
674 2818 768 2891 μὶν
801 2817 892 2873 καὶ
939 2822 1087 2896 ἧπαρ
1138 2821 1331 2875 ἅπασιν
1383 2820 1645 2897 ἀναγκαῖα
1668 2827 1786 2885 τοῖς
1821 2822 2005 2892 ζώοιςο

2194 2823 2305 2877 Cor
2324 2827 2383 2877 et
2401 2822 2481 2877 fel
2504 2821 2784 2878 omnibus
2807 2823 3145 2878 necessaria
3172 2828 3309 2879 sunt
3331 2824 3736 2881 animantibus
3763 2842 3775 2879 :

368 2908 403 2975 ἠ
440 2906 557 2980 μὶν,
591 2904 680 2962 διά
707 2909 807 2976 τὴν
833 2910 934 2976 τῆς
992 2910 1331 2985 θερμότητος
1390 2911 1568 2985 ἀρχὴν
1606 2908 1709 2983 (δεῖ
1736 2910 1840 2985 γὰρ
1874 2908 2010 2964 εἶναί

359 3016 479 3050 τιν»
510 2998 625 3052 οἷον
659 2997 857 3068 ἑστίαν,
891 2997 943 3053 ἐν
991 2996 1027 3073 ᾖ
1074 3000 1308 3055 κείσεται
1361 3008 1460 3071 τῆς
1491 3000 1698 3077 φύσεως
1731 3000 1795 3056 τὸ
1826 3006 2011 3070 ζωπυ-

362 3090 488 3158 ροῦν
545 3087 635 3141 καὶ
693 3092 854 3143 τοῦτο
909 3088 1268 3164 εὒφῦλακτον,
1328 3089 1509 3166 ὥσπερ
1540 3088 1842 3164 ἀκρόπολις
1879 3090 2014 3143 οὖσα

357 3178 461 3228 τοῦ
493 3175 788 3249 σώματος)·
821 3178 885 3233 τὸ
917 3175 961 3232 δ’
989 3178 1160 3254 ἧπαρ,
1182 3186 1282 3248 τῆς
1339 3180 1552 3253 πὶψεως
1608 3180 1796 3255 χάριν.
1835 3179 2014 3234 Ηάντα

362 3261 419 3318 δὶ
451 3261 718 3322 δεῖταιτᾶ
758 3263 952 3340 ἔναιμα
1000 3264 1148 3323 δυοῖν
1196 3269 1436 3337 τούτοιν,
1485 3269 1665 3332 καθὼς
1699 3268 1726 3322 ὀ
1760 3266 2011 3341 Ἀριστό-

361 3352 527 3423 τὲλης
558 3358 633 3429 (1)
662 3356 846 3434 φησίν.
880 3358 1044 3428 Ἡμῖν
1077 3356 1153 3423 δὲ,
1185 3362 1303 3420 τοῖς
1351 3356 1516 3412 είκὸνι
1546 3357 1825 3429 τιμηθεῖσι
1855 3358 2012 3418 Θεοῦ,

366 3444 630 3519 ἀναγκαία
679 3445 858 3508 πίστις
917 3442 1192 3517 ἂϐἐϐηλος
1247 3446 1338 3500 καὶ
1397 3442 1700 3515 συνείδησις
1732 3441 2014 3515 ἀκηλίδω-

362 3553 476 3595 τος.
534 3533 596 3589 Ἦ
632 3534 750 3607 μὶν,
783 3534 856 3596 ὡς
908 3534 1213 3607 ἀκρόπολις
1269 3535 1758 3609 ἀνανταγώνιστος,
1797 3536 1895 3595 τάς
1924 3553 2015 3586 νο-

365 3624 498 3695 ητὰς
557 3625 772 3686 ἀκῶκᾶς
855 3630 953 3681 τοῦ
1026 3626 1162 3681 κατὰ
1244 3629 1432 3701 ψυχῆς
1487 3626 1562 3693 (2)
1622 3622 2014 3698 συνισταμένου

366 3712 755 3789 «τανηλεγέος
811 3718 885 3787 (3)
941 3713 1214 3784 θανάτοιο,
1276 3738 1303 3765 ››
1359 3718 1459 3780 τῆς
1517 3714 1786 3783 ἀπιστίας,
1846 3712 2010 3790 φημὶ,

366 3801 576 3872 νηπίων
618 3802 950 3877 λογιζομὲνη
1008 3804 1329 3877 τοξεύματα,
1388 3804 1518 3875 πυρὶ
1578 3804 1721 3868 θείας
1795 3803 2014 3876 ἀγάπης

366 3892 750 3968 φρουρουμένη
808 3895 899 3947 καὶ
941 3892 1225 3971 φαίνουσα,
1285 3894 1375 3948 καὶ
1433 3894 1535 3961 τὴν
1590 3891 1793 3963 ταύτης
1831 3891 2011 3947 ἄστίαν

361 3982 452 4036 καὶ
504 3981 716 4038 κλεινὸν
776 3980 1120 4057 ἐνδιαίτημα,
1172 3984 1262 4039 τὸν
1318 3983 1607 4061 ὀφθαλμὸν
1658 3989 1758 4052 τῆς
1806 3985 2012 4058 ψυχῆς,

356 4067 659 4147 τηλαυγέσι
720 4079 1102 4149 μαρμαρυγαῖς
1153 4071 1610 4146 καταλάμπουσα.
1642 4074 1678 4142 ἡ
1721 4070 1778 4127 δὲ
1836 4073 2014 4127 συνεί-

359 4156 536 4229 δησις,
589 4168 835 4237 κατοχῆς
919 4162 1080 4237 χάριν
1165 4163 1256 4216 καὶ
1321 4164 1539 4237 πέψεως
1592 4162 1683 4217 καὶ
1743 4158 2085 4250 διαμονῆςΒ

358 4248 653 4327 ὲμφανους,
720 4246 1230 4320 ἆποσκυὸαλίζουσα
1304 4251 1399 4325 μὶν
1480 4252 1547 4305 τά
1629 4250 1855 4326 περιττᾶ
1910 4254 2007 4305 τοῦ

355 4338 567 4411 κόσμου
597 4339 819 4411 τερπνά,
851 4341 940 4395 καὶ
987 4342 1086 4409 τὴν
1139 4339 1348 4413 αἱμύλα
1395 4338 1772 4396 κωτίλλουσαν
1800 4337 2004 4409 ἡδονὴν

357 4427 524 4482 οἱονεί
577 4449 694 4490 πως
751 4428 1058 4502 ἰκρίνυυσα,
1116 4431 1217 4499 τὴν
1272 4427 1329 4484 δὲ
1384 4433 1493 4484 τῶν
1521 4428 1728 4504 ἀρετῶν
1766 4429 2009 4503 πιμελὴν

353 4518 490 4590 πρὸς
518 4514 681 4588 αὔξην
710 4520 1084 4591 πνευματικὴν
1128 4519 1437 4595 κατέχουσα
1487 4525 1589 4589 τῆς
1640 4522 1847 4594 ψυχῆς,
1881 4540 2003 4573 συν-

349 4608 582 4679 τήρησίν
615 4629 672 4663 τε
700 4607 792 4663 καὶ
826 4606 1113 4681 διαμονήν.

422 4698 640 4766 Ταύτην
687 4698 787 4765 τὴν
847 4697 1273 4772 κεχρυσωμένην
1330 4697 1424 4759 τὰς
1474 4698 1740 4773 πτέρυγας
1771 4702 2005 4767 νοητῶς.

349 4786 551 4852 σεπτὴν
583 4783 755 4841 δυάδα
794 4788 897 4855 τὴν
952 4793 1054 4855 τῆς
1117 4786 1309 4855 ὑλικῆς
1370 4785 1565 4850 δυάδος
1598 4791 1675 4861 (4)
1707 4788 2008 4855 ἀντίθετον,

347 4869 393 4923 ὦ
426 4874 674 4928 Θεσπέσιε
708 4871 942 4929 δέσποτα
974 4878 1074 4948 (5),
1122 4871 1269 4949 ἔχεις
1306 4874 1454 4938 ἐντὸς
1485 4883 1586 4945 τῆς
1629 4873 1851 4952 καρδίας
1886 4897 2006 4942 σου,

350 4960 487 5033 πρὸς
516 4960 651 5035 ὕψος
687 4963 940 5038 οὐράνιον
996 4959 1426 5034 ἆναϐιϐάζουσάν
1469 4987 1564 5021 σου
1600 4967 1692 5022 τὸν
1747 4969 1871 5020 νοῦν
1904 4968 2006 5047 (6),

419 5104 436 5125 ⁶
471 5106 513 5181 ξ
543 5107 745 5164 codice
777 5111 866 5174 39,
900 5128 956 5181 p.
994 5113 1114 5165 165.
1150 5111 1273 5175 Qua
1312 5111 1522 5166 vixerit
1552 5117 1722 5166 mtate
1756 5111 2002 5167 Michael

344 5174 849 5253 ille_Hamartolus
877 5174 1105 5253 ignoro.
1140 5174 1323 5237 Homo
1346 5189 1503 5238 certe
1528 5184 1637 5238 fuit
1666 5184 2000 5239 litterarum

345 5247 684 5375 peritpsket
714 5253 815 5325 qui
846 5247 1028 5326 probe
1058 5259 1252 5309 vetere
1277 5254 1478 5327 lingua
1499 5263 1675 5327 atque
1700 5255 2001 5328 eleganter

347 5336 500 5374 seire
558 5339 594 5375 u
627 5341 664 5375 ι.

347 5324 527 5375 sciret
558 5324 664 5377 uti.

413 5394 493 5465 (t)
523 5395 825 5451 Aristotel.
864 5395 943 5451 De
976 5401 1127 5465 part.
1162 5396 1505 5465 animali",
1538 5414 1587 5453 c.
1621 5401 1672 5452 7.
1708 5398 1894 5454 Idem.
1930 5400 1995 5454 Η.

340 5463 801 5543 Anirp._il,15“:
861 5462 1092 5543 Καρδίαν
1154 5466 1345 5543 ᾅπαντ⁹
1400 5462 1516 5543 ἔχει
1571 5467 1667 5523 ὅσα
1710 5470 1848 5543 αἷμα
1878 5489 1994 5543 εχει

343 5534 499 5612 ...καξ
537 5538 725 5612 ’ἧπαρ
753 5534 949 5591 ἅπαντ’⁷
993 5535 1107 5611 ἔχει
1163 5536 1362 5612 ὅσαπερ
1425 5534 1583 5612 α’ἷμα.
1636 5534 1799 5597 Conf.
1835 5534 1993 5598 Διίό-

336 5608 499 5683 nymi
526 5608 754 5683 introd.
787 5608 1061 5683 Anatom'.‘
1093 5627 1142 5666 c.
1179 5611 1265 5680 14,
1297 5608 1354 5683 ρ’.
1390 5614 1479 5667 22.

324 5682 327 5685 Α
406 5682 479 5755 (ἓ)
511 5682 725 5755 QOdex.
758 5682 894 5736 κατά
924 5683 1130 5755 ψυχήν.

407 5751 480 5821 (3)
512 5751 890 5811 Homericum
921 5751 1383 5813 hemistichium.

2108 5323 2417 5379 lutationis
2447 5338 2644 5381 causa.
2678 5322 2873 5377 dicere
2908 5340 3000 5377 me

2107 5397 2206 5467 qui
2238 5411 2374 5448 vero
2406 5394 2840 5467 presbyterum.
2870 5390 3105 5447 δέσποτα
3138 5414 3263 5465 μου.

2120 2912 2286 2982 prius
2317 2911 2561 2982 quidem
2589 2911 2662 2966 ob
2693 2912 2909 2967 caloris
2940 2912 3299 2984 principium
3334 2915 3588 2986 (oportet
3618 2915 3777 2970 enim

2121 3015 2250 3055 esse
2275 3001 2593 3072 quemdam
2615 3000 2774 3055 velut
2804 3001 3023 3059 focum.
3045 3001 3106 3055 in
3129 3019 3246 3072 quo
3270 3003 3526 3059 resideat
3551 3009 3776 3059 natura:

2120 3090 2315 3145 vitalis
2348 3090 2522 3162 ignis,
2578 3096 2636 3145 et
2691 3090 2850 3145 hunc
2910 3090 3150 3160 quidem
3203 3090 3355 3147 bene
3385 3093 3773 3160 custoditum,

2120 3161 2405 3248 tanquam
2462 3177 2728 3248 corporis
2784 3183 3050 3244 arcem);
3101 3176 3181 3232 fel
3239 3195 3373 3233 vero
3414 3187 3656 3250 prapter
3684 3182 3778 3235 di-

2119 3267 2478 3338 gestionein.
2521 3267 2732 3320 Omnia
2780 3273 2977 3321 autem
3031 3267 3338 3338 sanguinis
3369 3285 3503 3322 vasa
3535 3269 3774 3339 utrique

2120 3356 2459 3411 necessaria
2514 3360 2674 3418 sunt,
2734 3360 2800 3409 ut
2852 3355 3204 3411 Aristoteles
3237 3356 3399 3413 dicit.
3434 3358 3612 3413 Nobis
3642 3376 3774 3413 vere

2122 3443 2513 3499 similitudine
2571 3443 2674 3500 Dei
2732 3444 3056 3506 honoratis,
3118 3446 3455 3501 necessaria
3507 3452 3595 3501 est
3628 3447 3774 3501 ﬁdes

2120 3534 2477 3589 inconcussa
2508 3540 2566 3589 et
2594 3534 2962 3589 conscientia
3009 3535 3408 3591 immaculata.
3446 3537 3612 3592 Prior
3642 3538 3772 3609 qui-

2121 3623 2278 3690 dem,
2306 3630 2372 3678 ut
2418 3623 2711 3696 acropolis
2760 3624 3261 3696 inexpugnabilis.
3295 3626 3636 3697 spirituales
3669 3627 3774 3682 sti-

2120 3712 2316 3768 mulos
2372 3712 2552 3784 hujus
2610 3713 2674 3767 in
2728 3713 2997 3769 animum
3054 3714 3415 3770 incurrentis
3474 3723 3773 3788 perpetuas

2120 3804 2350 3866 mortis,
2382 3802 2821 3858 incredulitatis
2877 3804 3126 3872 scilicet,
3172 3822 3495 3877 puerorum
3532 3806 3648 3861 tela
3680 3824 3775 3862 re-

2120 3897 2357 3963 putans,
2388 3891 2522 3964 igne
2554 3892 2736 3947 divini
2768 3893 2988 3949 amoris
3030 3893 3325 3949 custodita
3355 3901 3414 3951 et
3440 3895 3775 3967 splendida,

2122 3988 2180 4037 et
2208 3980 2483 4037 eumdem
2515 3980 2711 4037 focum
2745 3987 2803 4036 et
2833 3982 3115 4038 eximium
3156 3983 3554 4046 domicilium.
3588 3987 3773 4041 animi

2121 4071 2381 4136 oculum,
2415 4070 2777 4126 micantibus
2825 4070 3158 4144 fulgoribus
3216 4072 3585 4129 illuminans.
3620 4076 3777 4129 Con-

2120 4159 2371 4214 scientia
2416 4175 2576 4226 vero,
2626 4159 2988 4230 receptionis
3017 4161 3206 4232 gratia
3238 4166 3296 4215 et
3337 4162 3684 4234 digestionis
3717 4169 3774 4218 et

2115 4247 2568 4320 perseverantia:
2590 4247 2945 4318 conspicuas.
2978 4248 3256 4319 rejiciens
3278 4249 3519 4320 quidem
3552 4267 3769 4321 super-

2080 4398 2085 4405 .
2116 4337 2267 4392 ﬂuas
2290 4336 2495 4392 mundi
2528 4336 2793 4400 delicias,
2820 4342 2878 4390 et
2897 4336 3114 4392 blanda
3136 4339 3464 4408 jactantem
3496 4340 3772 4409 volupta-

2118 4432 2237 4481 tem
2269 4427 2439 4497 quasi
2497 4442 2809 4493 evacuans,
2868 4427 3149 4480 virtutum
3199 4434 3395 4481 autem
3429 4428 3664 4499 adipem
3695 4429 3769 4484 ad

2117 4515 2490 4587 spiritualem
2522 4515 2704 4571 animi
2738 4521 3076 4586 provectum
3109 4516 3429 4587 excipiens,
3455 4533 3768 4573 conserva-

2116 4606 2461 4676 tionemque
2494 4610 2552 4659 et
2582 4604 3102 4676 perseverantiam.

2189 4695 2377 4749 Hocce
2435 4693 2545 4748 alis
2602 4693 2995 4764 spiritualiter
3052 4694 3274 4749 auratis
3322 4712 3429 4766 par
3459 4697 3762 4765 eximium,

2116 4784 2444 4839 materialis
2477 4782 2633 4854 paris
2666 4782 3089 4845 adversarium.
3124 4801 3157 4839 ο
3190 4786 3306 4840 Deo
3342 4786 3629 4858 inspirate
3660 4788 3762 4842 do-

2115 4874 2301 4939 mine,
2337 4872 2518 4927 habes
2550 4872 2708 4926 intra
2728 4888 2829 4927 cor
2860 4878 3048 4935 tuum,
3076 4873 3150 4928 ad
3172 4874 3453 4930 caelorum
3486 4877 3761 4933 altitudi-

2115 4978 2254 5017 nem
2282 4968 2443 5016 tuam
2501 4966 2763 5015 mentem
2822 4962 3076 5034 erigens,
3111 4968 3169 5017 et
3196 4979 3232 5019 a
3261 4964 3395 5019 telis
3426 4966 3762 5024 exitialibus

2183 5108 2256 5177 (4)
2287 5107 2492 5179 Cordis
2523 5105 2751 5162 scilicet
2780 5112 2839 5161 et
2859 5107 3169 5179 jecinoris.

2182 5175 2254 5249 (5)
2288 5181 2387 5233 Est
2417 5175 2648 5232 δέσποτα
2681 5175 2887 5233 titulus
2923 5180 3140 5250 episco:
3167 5197 3336 5250 orum
3369 5182 3754 5250 honoriﬁcus,

2110 5252 2292 5306 Hodie
2325 5253 2423 5321 qui
2457 5249 3204 5322 compellantepis’copum.
3231 5249 3463 5321 δεσπὸτη
3499 5275 3625 5322 μου,
3660 5271 3755 5310 sa-

3068 5330 3199 5379 ocet
3225 5325 3454 5382 amicus
3485 5325 3753 5393 Graecus;

2174 5470 2256 5536 (6)
2285 5468 2357 5522 Ut
2386 5465 2494 5520 fuit
2550 5465 2651 5518 ille
2707 5466 3034 5521 monachus
3088 5474 3395 5536 poetarum
3430 5467 3753 5536 studiosus,

2102 5538 2303 5626 forsan
2336 5536 2695 5626 meminerat
2721 5537 2831 5593 loci
2866 5536 3163 5626 Euripidei
3189 5540 3426 5626 (Frag'm'
3469 5539 3750 5626 ἱηοκιῦρξε

2101 5609 2340 5682 Χρύσεαι
2479 5628 2571 5682 μοι
2604 5606 2862 5682 πτέρυγες
2909 5604 3030 5682 περὶ
3092 5604 3598 5682 νώτῳ...”Βάσομαί
3626 5609 3673 5661 τ’
3701 5607 3755 5671 ἐς

2100 5680 2286 5756 αἰθέρα
2314 5677 2492 5734 πολὺν
2526 5677 2795 5753 Ἀερθεὶς,
2818 5681 2949 5750 Ζηνί
2982 5677 3324 5757 προσμίξων.
