4070 6196
427 355 575 418 1191

1172 353 1529 416 ΑΝΟΝΥΜΙ
1573 351 1881 414 VERSUS
1925 353 2024 412 EX

2222 350 2335 412 :TE
2381 351 2670 412 ΑΝΙΜιΕ
2713 351 3094 417 DOLENTIB

3679 362 3818 422 1192

493 490 648 547 Telis
679 491 977 547 sauciatus
1035 505 1166 545 sum
1223 487 1638 561 cupiditatum,
1673 473 1807 543 telis
1855 485 2067 542 animas

2222 481 2382 538 ιὲλεσι
2411 481 2688 558 τέτρωμαι
2728 488 2936 556 παθῶν,
2972 485 3154 562 βέλεσι
3181 490 3583 568 ψυχοφθόροιβ

429 583 728 646 exitiosis;
769 588 836 636 ut
881 580 1167 645 medicus,
1216 596 1395 646 sana;
1447 585 1512 635 ut
1555 579 1916 646 misericors,
1945 595 2074 634 ma-

429 688 573 727 num
605 670 820 742 praebe.

500 764 736 816 Terram
772 759 1019 830 primam
1048 759 1228 814 habui
1259 765 1532 820 matrem.
1567 759 1783 815 iterum
1816 776 1910 815 me
1943 775 2077 814 con-

429 853 528 907 det
553 858 710 906 terra
733 867 746 905 :
781 867 911 921 qua)
943 857 1034 906 est
1062 851 1480 923 temporalium
1510 852 1712 908 fruitio
1735 853 1763 908 ‘I
1791 869 1922 924 quae
1946 853 2074 908 vita:

428 942 696 1013 voluptas
720 941 749 996 ‘2

499 1031 602 1086 Hic
634 1047 867 1086 mecum
925 1031 1390 1098 lamentamini,’
1415 1049 1650 1089 mecum
1693 1033 1790 1088 hic
1837 1033 2072 1103 deﬂete,

423 1138 526 1177 vos
552 1123 768 1193 quibus
797 1125 1165 1196 compatiens
1215 1131 1306 1181 est
1354 1125 1614 1194 animus,
1660 1125 1876 1198 quibus
1905 1125 2074 1182 beni-

427 1229 544 1286 gna
571 1230 742 1268 mens
773 1219 883 1270 est.

497 1305 702 1358 Amovi
733 1305 995 1360 animam
1021 1319 1216 1360 meam
1246 1320 1282 1360 a
1308 1303 1688 1372 salutaribus,
1721 1306 2075 1362 nocentibus

425 1409 560 1448 vero
590 1393 865 1459 admovi;
899 1410 931 1448 o
980 1393 1239 1449 crudelis
1296 1393 1497 1448 errorl
1554 1394 1732 1450 vitam
1763 1395 1935 1460 duco,
1971 1395 2076 1450 sed

429 1498 550 1538 non
581 1483 846 1554 quietam
871 1501 886 1549 ;
917 1483 1092 1539 malae
1119 1500 1266 1539 meae
1299 1485 1564 1540 actiones
1605 1484 1697 1539 vel
1725 1490 1864 1541 ante
1895 1485 2076 1541 ﬁnem

429 1573 682 1630 suadent
709 1573 900 1630 vivere
930 1573 994 1630 in
1025 1574 1235 1630 timore
1267 1581 1326 1631 et
1352 1577 1643 1650 angustia.

501 1755 744 1812 Peccavi
775 1755 880 1811 tibi
911 1757 1012 1827 qui
1035 1757 1220 1828 judex
1242 1775 1422 1830 super
1446 1759 1769 1815 humanam
1799 1764 2073 1815 naturam

2253 574 2342 636 Ὠς
2375 575 2559 648 ἱατρὸς
2590 577 2939 651 θεράπευσον
2973 575 3088 651 δὸς,
3147 580 3222 643 ὡς
3274 580 3594 656 οἰκτίρμων,
3647 590 3818 662 χεῖρα.

2183 757 2293 822 Γῆς
2321 729 2536 828 ἔσχηκα
2563 774 2912 829 προμητορα,
2945 760 3018 832 γῆ
3055 779 3122 831 με
3150 759 3381 835 καλύψει
3414 761 3577 818 πάλιν

2255 842 2349 906 Τίς
2375 847 2482 897 τῶν
2525 845 2870 920 προσκαίρων
2920 845 3108 918 ὅνησις
3138 867 3154 919 ;
3199 849 3293 914 Τίς
3339 849 3514 922 ἡδονή
3544 857 3643 909 τοῦ
3673 854 3820 931 βίους

2183 1024 2343 1079 Δεῦτέ
2376 1044 2472 1096 μοι
2497 1026 2925 1100 συνθρηνήσατε,
2954 1025 3107 1084 δεῦτε
3138 1027 3514 1105 συγκλαύσατὲ
3547 1053 3664 1107 μοι⁹

2253 1111 2327 1168 Τὸ
2349 1114 2625 1186 συμπαθὲς
2648 1115 2737 1178 οἷς
2758 1135 3069 1192 προσεστιν,
3091 1118 3181 1182 οἷς
3202 1118 3590 1198 φιλάνθρωπος
3612 1123 3822 1199 γνώμη.

2183 1291 2494 1366 Ἐμάκρυνά
2527 1313 2632 1366 μου
2662 1293 2762 1363 τήν
2798 1295 2983 1370 ψυχὴν
3015 1295 3122 1352 ἀπὸ
3151 1301 3260 1353 τῶν
3294 1300 3641 1373 σωζομένων,

2253 1383 2613 1458 Προσήγγισα
2665 1389 2785 1447 τοῖς
2857 1383 3214 1461 βλάπτουσιν
3274 1386 3320 1443 ὢ
3378 1387 3596 1461 πλάνης
3665 1390 3822 1448 ἀπαν-

3476 1484 3759 1559 [θρώπουέ

2182 1569 2268 1621 Ζῶ
2301 1567 2449 1640 βίον,
2481 1565 2609 1625 ἀλλ’
2637 1569 2739 1625 οὐκ
2784 1568 3046 1646 ἄτρομον·
3098 1573 3157 1628 αἱ
3202 1573 3440 1650 πονηραί
3473 1595 3581 1648 μου
3619 1577 3823 1652 πράξεις

2253 1657 2352 1712 Καὶ
2383 1659 2490 1734 πρὸ
2517 1663 2616 1714 τοῦ
2638 1657 2835 1724 τέλους
2857 1661 3132 1727 πείθουσιν
3158 1662 3211 1719 ἐν
3235 1662 3425 1738 τρόμῳ
3445 1668 3545 1739 ζῇν
3564 1666 3822 1740 καὶπόνῳ.

2177 1748 2502 1822 Ἠμάρτηκὰ
2529 1769 2616 1805 σοι
2646 1754 2723 1822 τῷ
2753 1755 2922 1826 Κριτῇ
2957 1752 3091 1829 ὑπὶρ
3119 1753 3411 1829 ἀνθρώπου
3440 1756 3624 1821 φύσινο

429 1845 684 1902 sedebis:
701 1845 844 1917 quid
865 1846 1004 1902 ﬁam
1017 1845 1045 1901 ?
1056 1863 1172 1918 quo
1194 1847 1414 1920 fugiam
1425 1848 1453 1903 ?
1464 1865 1579 1920 qur
1594 1847 1700 1903 tibi
1717 1847 2067 1904 abscondar‘:

2256 1837 2358 1899 Τίς
2387 1835 2631 1912 γὲνωμαι
2657 1862 2672 1908 ;
2703 1843 2809 1894 ποῦ
2847 1841 3112 1918 φεύξομαι
3139 1862 3153 1912 ;
3201 1843 3290 1900 καὶ
3339 1848 3446 1901 ποῦ
3489 1840 3824 1921 κρυϐήσομαί

500 2025 825 2098 lngemisco
857 2031 914 2082 et
943 2043 1092 2082 saeve
1143 2028 1405 2100 exagitor
1455 2029 1662 2082 mortis
1691 2028 2074 2101 cogitationi-

427 2112 560 2180 bus,
593 2131 714 2170 non
743 2114 1136 2172 reformidans
1186 2116 1391 2184 ﬁnem,
1426 2117 1530 2172 sed
1569 2134 1701 2188 quas
1730 2124 1864 2190 post
1892 2119 2075 2174 finem

429 2210 777 2274 sequentur.

499 2291 958 2349 Misericorditer
1032 2295 1251 2367 aSpice,
1337 2295 1621 2360 Salvator,
1679 2295 1742 2350 in
1813 2296 2076 2352 animam

425 2381 705 2441 miseram
739 2403 871 2457 quae
901 2385 963 2442 in
1001 2386 1207 2442 multis
1255 2386 1538 2458 peccavit,
1569 2402 1700 2458 quae
1732 2386 1883 2442 iram
1915 2392 2076 2444 tuam

427 2477 720 2533 excitavit.

501 2567 672 2621 Lucis
702 2565 883 2621 decus
911 2572 1184 2637 paratum
1217 2570 1307 2620 est
1349 2564 1468 2619 illis
1522 2565 1622 2635 qui
1654 2564 1749 2619 hic
1782 2569 1941 2620 recte
1972 2564 2078 2620 de-

429 2662 596 2730 gunt,
629 2655 888 2712 tenebris
921 2656 1012 2711 his
1045 2656 1144 2726 qui
1173 2653 1676 2726 prmvaricantur;
1711 2653 2077 2727 fuge,anima

427 2763 579 2814 mea,
613 2747 719 2800 has
776 2745 1072 2800 tenebras.
1127 2745 1412 2800 Malorum
1468 2745 1888 2800 remissionem
1920 2745 2076 2800 dona

427 2836 596 2904 mihi,
629 2834 878 2894 Christe.
912 2834 1237 2903 actionum,
1259 2835 1361 2905 qui
1392 2834 1677 2890 bonitatis
1708 2851 1771 2890 es
1801 2834 2073 2906 abyssus,

427 2930 486 2979 et
511 2923 647 2978 fons
668 2922 1074 2994 benignitatis.

493 3013 631 3067 Post
653 3012 832 3066 finem
859 3012 1088 3066 inutilis
1110 3012 1364 3084 gemitus
1387 3012 1602 3076 omnis,
1628 3011 1824 3066 omnis
1846 3011 2072 3066 lamen-

420 3101 600 3168 talio;
635 3117 794 3157 nunc
816 3101 1024 3156 efﬁcax
1047 3107 1137 3156 est
1157 3101 1431 3174 gemitus,
1460 3102 1668 3155 etlicax
1697 3106 1755 3154 et
1785 3100 1998 3154 luctus.

3636 1957 3719 1991 σοι
3744 1955 3756 1991 Ξ

3636 1957 3719 1991 σοι
3744 1955 3756 1966 ·

2181 2021 2379 2092 Θρηνῶ
2407 2021 2497 2074 καὶ
2526 2017 2802 2094 κόπτομαι
2834 2019 3025 2085 δεινῶς
3056 2023 3282 2079 Θανάτου
3312 2028 3430 2088 ταῖς
3472 1937 3757 2099 ἐννοίιαις,⁹

2251 2106 2330 2166 Οὐ
2361 2105 2621 2174 δεδοικὼς
2659 2112 2760 2181 τήν
2790 2111 3074 2184 τελευτὴν,
3107 2113 3255 2171 ἀλλὰ
3280 2115 3349 2172 τὰ
3382 2116 3517 2191 μετὰ
3541 2113 3722 2182 τέλος.

2178 2286 2372 2350 Ἵλεως
2402 2285 2572 2357 ἔπιδε,
2611 2295 2815 2364 Σῶτερ,
2845 2290 2934 2347 ἐπὶ
2964 2293 3150 2369 ψυχὴν
3181 2293 3396 2358 ἀθλίαν.

2253 2379 2370 2447 Τὴν
2402 2379 2788 2455 ἆμαρτήσασαν
2821 2381 3026 2453 πολλὰ,
3057 2385 3156 2451 τὴν
3183 2383 3588 2460 παροργίσασάν
3623 2406 3700 2442 σε.

2181 2467 2406 2542 Κόσμος
2438 2468 2618 2536 φωτὸς
2647 2469 2976 2544 ἡτοίμασται
3010 2477 3121 2534 τοῖς
3151 2468 3260 2528 ὧδε
3287 2477 3642 2548 κατορθοῦσι,

2253 2557 2458 2620 Σκότος
2488 2564 2608 2622 τοῖς
2638 2557 3034 2616 ὀλισθαίνουσιο
3067 2565 3246 2640 φεῦγε,
3287 2565 3442 2638 ψυχή
3487 2584 3624 2636 μου,
3651 2568 3818 2620 τοῦτο.

2182 2643 2347 2699 Λύσιν
2377 2649 2558 2700 κακῶν
2612 2667 2705 2719 μοι
2759 2644 3026 2724 δώρησαι,
3076 2647 3254 2720 λύσιν,
3301 2650 3514 2720 Χριστὶ,
3556 2651 3820 2724 πταισμά-

3701 2762 3818 2809 των,

2254 2824 2647 2901 Χρηστότητος
2679 2824 2754 2883 ὢν
2786 2821 3038 2897 ἄϐυσσος,
3072 2831 3229 2905 πηγή
3261 2829 3696 2910 φιλανθρωπίας,

2182 3003 2418 3060 Μετᾶτό
2447 3003 2606 3067 τέλος
2659 3004 2909 3080 ἄπρακτα
2938 3009 3070 3070 ’πᾶς
3125 3009 3442 3083 στεναγμὸς,
3476 3013 3580 3070 πᾶς
3614 3011 3817 3083 θρῆνος.

2254 3095 2362 3151 Νῦν
2397 3093 2604 3171 ἐνεργεῖ
2631 3095 3012 3172 ὁᾷστεναγμὸς,
3042 3101 3131 3152 νῦν
3164 3097 3372 3173 ἐνεργεῖ
3397 3100 3460 3154 τὸ
3491 3099 3707 3161 πένθος.

489 3192 668 3262 Leges
721 3191 938 3246 Christi
1019 3190 1372 3261 contempsi,
1433 3190 1622 3262 legem
1679 3188 2067 3260 cupiditatum

2222 3182 2406 3257 [ὄμους
2456 3190 2700 3260 Χρισποῦ
2739 3181 3080 3262 παρὲϐλεψα,
3128 3189 3296 3262 νόμον
3343 3194 3530 3252 παθῶν
3563 3192 3816 3257 ποθήσας·

425 3280 717 3353 diligens:
745 3281 879 3352 quis
911 3279 982 3335 de
1034 3297 1127 3335 me
1178 3279 1416 3335 tandem
1448 3295 1572 3334 non
1603 3277 2075 3334 lamentabitur?

425 3371 558 3442 quis
588 3371 661 3426 de
684 3387 777 3426 me
800 3388 918 3425 non
950 3369 1257 3442 plorabit?

495 3460 767 3530 Hospites
799 3476 920 3514 non
982 3457 1182 3529 aspexi
1241 3457 1517 3530 benigne.
1558 3455 1920 3528 pauperibus
1949 3471 2071 3511 non

423 3565 554 3603 sum
587 3548 928 3610 inclinatus,
958 3547 1159 3620 egenis
1191 3546 1434 3602 domum
1465 3545 1652 3601 clausi
1678 3562 1692 3600 :
1721 3545 1906 3617 proh!
1936 3561 2073 3600 cru-

423 3635 618 3690 delem
649 3642 914 3691 mentem
941 3634 952 3688 l

487 3725 666 3778 Totus
696 3741 778 3786 es,
813 3724 1099 3786 Salvator,
1151 3723 1426 3789 suavitas,
1470 3722 1866 3777 mansuetudo
1901 3723 2066 3778 inex-

421 3813 670 3868 hausta:
705 3811 956 3866 immuta
980 3811 1042 3865 in
1079 3809 1427 3866 suavitatem
1477 3811 1692 3865 animai
1723 3826 1869 3866 meae
1899 3827 2066 3866 acer-

420 3899 686 3956 bitatem.

491 3991 632 4045 Mari
653 3990 870 4062 jactor,
900 3990 1149 4056 Christe,
1206 3994 1622 4061 peccatorum;
1683 3989 1757 4044 da
1805 3989 1972 4062 mihi,
2003 3996 2070 4045 ut

422 4082 616 4150 Petro,
648 4096 890 4136 manum
917 4098 932 4148 ;
967 4079 1126 4136 salva
1162 4096 1257 4134 me
1288 4079 1442 4136 sicut
1469 4078 1850 4152 gubernator.

487 4260 860 4333 Negligenter
915 4259 1242 4330 disperdidi
1313 4275 1509 4314 meam
1563 4274 1804 4314 omnem
1862 4259 2061 4314 vitam.

415 4350 538 4404 Heu
571 4349 753 4404 mihi!
817 4348 1113 4420 quomodo
1171 4349 1446 4421 effugiam
1502 4347 1795 4420 supplicia
1847 4348 2060 4404 intole-

415 4437 604 4494 randa
626 4438 654 4494 ‘I

487 4528 727 4583 Viscera
758 4534 858 4583 tua
888 4527 960 4583 ad
994 4527 1141 4582 iram
1174 4527 1358 4599 coegi.
1392 4527 1616 4581 viscera
1645 4531 1891 4597 paterna
1920 4532 2059 4593 tua;

418 4615 521 4670 sed
553 4616 804 4689 benigne
835 4615 1227 4688 reprehende,
1263 4631 1458 4687 neque
1489 4631 1584 4670 me
1613 4615 1674 4669 in
1708 4615 1794 4670 ira
1823 4614 2066 4688 castiga.

488 4885 769 4949 Quasnam
803 4889 892 4939 est
919 4884 1154 4940 bonitas
1185 4889 1304 4952 tua,
1328 4884 1576 4950 Christe,
1603 4900 1733 4956 quae
1763 4883 2066 4957 patientia

415 4973 605 5044 capia,
635 4973 792 5044 quod
823 4974 1045 5030 caduca
1074 4975 1451 5030 adamantem
1485 4991 1605 5029 non
1627 4973 1770 5041 uris,
1796 4973 1899 5029 sed
1931 4990 2063 5029 sus-

414 5061 567 5116 tines
586 5060 614 5116 ?

481 5149 886 5222 Cupiditatum
941 5151 1163 5223 sylvam
1226 5150 1516 5224 congessi,
1552 5150 1705 5223 ignis
1754 5151 2066 5208 materiam

411 5450 767 5506 cognoscere
793 5439 982 5506 poetae
1006 5451 1224 5506 nomen
1251 5452 1264 5498 ;
1298 5452 1433 5490 nam
1457 5434 1733 5506 politicos
1756 5450 2061 5506 nunquam

409 5506 523 5575 legi
548 5508 629 5572 (et
650 5506 767 5578 heu
788 5505 1203 5578 lmultoslegi)
1227 5513 1342 5561 tam
1366 5505 1570 5578 bonos.
1599 5513 1714 5558 tam
1741 5505 2060 5578 elegantes,

412 5584 530 5648 tam
565 5577 721 5632 facili
756 5594 904 5633 vena
935 5577 1443 5648 proﬂuentcsmisi
1471 5578 1671 5631 forsan
1704 5591 1854 5645 quos
1887 5577 2060 5647 parili

406 5647 797 5721 distichorum
824 5647 1708 5721 artificiocomposuitSymeon
1741 5648 2064 5721 Metaphra-

405 5722 549 5783 stes,
583 5718 891 5789 ediditque
921 5719 1171 5774 Allatius
1205 5720 1388 5772 Diatr.
1431 5718 1504 5772 de
1534 5718 1808 5787 Symeon.
1841 5718 2057 5788 p.132.

2253 3273 2344 3338 Τίς
2375 3273 2441 3330 οὐ
2471 3275 2728 3352 Θρηνήσει
2763 3296 2831 3349 με
2873 3274 3069 3332 λοιπόν
3097 3295 3112 3348 ;
3159 3278 3244 3340 τίς
3289 3276 3374 3334 ἐπ’
3413 3277 3511 3352 ἐμὲ
3545 3279 3623 3351 μή
3655 3276 3818 3334 κλαύ-

3585 3374 3688 3437 ισει
3714 3368 3816 3441 (¹);

2178 3449 2383 3516 Ξένους
2444 3457 2544 3510 οὐκ
2601 3452 2713 3510 ἴδον
2773 3456 3090 3529 συμπαθῶς,
3123 3457 3346 3527 πένησιν
3381 3455 3479 3512 οὐκ
3525 3454 3816 3533 ἐκάμφθην,

2251 3543 2524 3620 Ἀστὲγοις
2555 3545 2702 3601 οἶκον
2735 3541 2974 3602 ἔκλεισαο
3009 3551 3106 3626 φεῦ
3149 3546 3372 3622 γνώμης
3416 3545 3815 3624 ἀπανθρώπουὲ

2177 3723 2340 3787 Ὀλος
2373 3727 2443 3794 εἴ,
2479 3729 2685 3802 Σῶτερ,
2714 3725 3054 3802 γλυκασμὸς,
3086 3725 3300 3797 ἡδύτης
3331 3728 3464 3802 ὑπὲρ
3489 3727 3678 3800 κόρον.

2248 3809 2576 3872 Μετάϐαλλε
2595 3816 2734 3890 πρὸς
2753 3815 3072 3891 γλυκασμὸν
3105 3819 3292 3892 ψυχῆς
3321 3838 3426 3890 μου
3450 3820 3549 3886 τήν
3581 3815 3814 3891 πικρίαν.

2175 3991 2409 4070 Πελάγει
2438 3990 2876 4069 κλυδωνῖζομαι,
2908 3995 3127 4070 Χριστὶ,
3157 4002 3259 4066 τῆς
3289 3994 3578 4070 ἁμαρτίας.

2243 4083 2365 4154 Δὸς,
2398 4083 2473 4146 ὠς
2527 4088 2607 4156 τῷ
2653 4086 2842 4160 Πέτρῳ
2889 4087 2988 4158 (2),
3033 4085 3195 4162 χεῖρά
3246 4105 3362 4159 μοι·
3397 4089 3594 4154 σῶσον,
3628 4084 3705 4146 ὡς
3733 4105 3820 4138 κυ-

3389 4169 3707 4248 [ϐιρνήτης.

2188 4262 2461 4336 Ρᾳθῦμως
2491 4261 2854 4333 κατηνάλωσα
2884 4265 2973 4319 τὸν
3006 4265 3216 4319 ἅπαντά
3247 4284 3353 4337 μου
3387 4263 3530 4338 βίον.

2243 4351 2413 4426 Οῗμοι
2443 4353 2455 4408 l
2490 4351 2592 4409 Καὶ
2624 4357 2744 4414 πῶς
2773 4351 3098 4430 ἐκφεύξομαι
3143 4350 3399 4415 κολάσεις
3425 4350 3778 4411 ἀνυποίστους
3807 4370 3820 4418 ;

2180 4526 2480 4606 Σπλαγχνα
2525 4529 2592 4586 τὰ
2650 4529 2716 4585 σὰ
2775 4529 3115 4607 παρώργισα,
3149 4529 3438 4606 σπλάγχνα
3483 4529 3551 4584 τὰ
3596 4524 3824 4604 πατρικᾶ

3609 4619 3629 4692 [
3637 4636 3754 4672 σου·

2249 4708 2403 4778 Πλὴν
2451 4707 2854 4787 φιλανθρώπως
2902 4705 3216 4764 παίδευσον
3273 4707 3351 4781 μή
3405 4729 3473 4781 με
3519 4711 3681 4780 θυμῷ
3733 4725 3824 4759 κο-

3492 4794 3719 4870 [Αάσῃς.

2175 4885 2275 4949 Τίς
2307 4888 2342 4957 ἡ
2375 4887 2693 4962 χρηστότης
2726 4887 2873 4958 sou,"
2895 4887 3114 4959 Χριστὶ,
3145 4885 3226 4948 τίς
3264 4887 3475 4960 ἀνοχῆς
3504 4886 3532 4940 ὁ
3562 4883 3818 4950 πλοῦτος,

2243 4977 2366 5032 Ὀτι
2402 4975 2630 5049 μανέντα
2671 4979 2787 5036 τοῖς
2837 4973 3082 5050 ῥευστοῖς
3135 4973 3198 5030 οὐ
3249 4971 3498 5050 φλέγεις,
3529 4970 3675 5028 ἀλλὰ
3709 4970 3818 5026 στὲ-

3620 5078 3716 5124 εις·

3620 5082 3644 5115 ε

2173 5151 2347 5225 Ὕλην
2374 5154 2558 5209 παθῶν
2593 5152 2886 5230 ἑσώρευσα,
2915 5153 3122 5232 τροφὴν
3155 5152 3324 5228 πυρὸς
3363 5062 3646 5208 deﬁat-gr

2172 5435 2583 5508 Metaphrastm
2615 5435 2870 5492 disticha
2909 5435 3104 5508 legere
3154 5433 3267 5490 erit
3313 5448 3510 5505 operai
3539 5430 3792 5504 pretium

2171 5524 2240 5564 ac
2271 5507 2406 5563 cum
2440 5507 2602 5563 hisce
2636 5508 2928 5564 conferre.

2242 5581 2318 5649 (1)
2349 5578 2564 5644 Codex,
2595 5576 2829 5646 κλαύσῃ.

2243 5653 2322 5723 (2)
2349 5649 2580 5708 Alludit
2606 5649 2683 5708 ad
2710 5649 2912 5708 Matth.
2943 5665 3058 5719 xiv,
3089 5651 3176 5706 3t.
