4070 6196
295 375 449 439 1193

1607 387 1910 457 SUIDAS.
1956 424 2032 439 -
2076 392 2425 459 NOTITIA.

3558 418 3714 480 1194

362 506 518 565 Ἀλλ’
575 503 843 585 ὅμϐρισον
897 514 969 585 (3)
1025 510 1214 577 ἐλέους
1275 536 1369 587 μοι
1421 516 1655 592 σταγόνα
1706 522 1918 596 πρὸτοί

2065 525 2603 601 inexstinguibilis;
2635 533 2737 588 sed
2786 540 2922 592 ante
2972 538 3152 595 finem
3186 557 3279 597 me
3316 559 3451 601 rore
3478 548 3707 604 miseri-

1652 609 1865 667 τέλους.

1652 633 1814 665 τεΛου

285 684 473 755 Φύλαξ
506 688 533 741 ὁ
566 690 890 763 παραμένων
927 712 1042 763 μοι,
1076 692 1345 769 Ἀγγελος
1378 694 1679 768 ἀσωμάτων
1713 633 1845 773 (4),ς

358 778 547 839 [Ιαθῶν
595 777 743 851 ἐμῶν
777 780 867 834 τὸν
921 775 1186 857 βόρϐορον
1240 783 1300 837 οὐ
1346 786 1546 860 φέρων,
1596 785 1934 861 ἐμακρύνϐη.

280 864 500 939 Χάρων,
533 870 687 943 ψυχῇ
840 870 902 924 τὸ
957 868 1216 941 δρέπανον
1259 879 1354 928 τοῦ
1402 875 1593 938 τέλους
1639 878 1934 948 ἑτοιμάζει-

351 956 415 1009 Τί
447 954 495 1010 δ’
526 957 769 1030 ἀμελεῖς,
816 959 901 1013 καὶ
951 960 1011 1014 οὗ
1053 969 1307 1032 natasic;
1367 969 1462 1041 φεῦ
1521 986 1603 1020 σοι
1636 974 1733 1035 τῆς
1776 970 1937 1036 έᾳου-

1562 1056 1712 1128 [μίας
1748 1057 1861 1127 ι6)1

288 1137 481 1210 Ψυχή,
520 1141 627 1190 τῶν
680 1139 837 1193 θείων
880 1140 1181 1216 φρόντισον
1234 1140 1366 1218 ἔχου
1412 1148 1519 1199 τῶν
1574 1146 1703 1219 ὑπὲρ
1745 1144 1931 1220 λόγον’

353 1226 423 1278 Τὸ
455 1223 692 1297 ἐμπαθὲς
722 1227 821 1301 γὰρ
874 1233 981 1283 τῶν
1043 1236 1290 1307 φθαρτῶν
1352 1232 1428 1296 εἷς
1457 1233 1680 1288 κόλασιν
1712 1233 1931 1309 ἀπάγει.

282 1315 344 1367 Ὠ
370 1315 381 1369 l
410 1319 526 1376 πῶς
582 1337 664 1370 σοι
723 1320 1140 1392 παραστήσομαι
1170 1339 1183 1388 ;
1232 1325 1349 1383 πῶς
1404 1343 1511 1377 των
1541 1326 1823 1395 πρακτέων
1858 1328 1933 1398 (7)

1670 1411 1862 1490 [λογον

351 1496 633 1570 Ηαρὰσχω
665 1518 748 1551 σοι
806 1503 885 1570 τῷ
940 1498 1153 1575 πλάστῃ
1210 1521 1354 1573 μου;
1408 1506 1615 1572 Σῶσον,
1650 1504 1723 1567 ὡς
1754 1503 1929 1576 οἶδας,

1634 1600 1827 1664 [σῶσον
1839 1639 1850 1651 .

274 1678 367 1747 Μή
407 1697 472 1749 με
514 1676 749 1753 παρίδιις
810 1682 907 1752 (8),

1574 1779 1855 1852 [χράντου.

278 1856 354 1912 Σὺ
390 1859 554 1930 μόνος
587 1859 988 1936 ἀναμάρτητος,
1024 1862 1085 1917 σὺ
1120 1866 1284 1935 μόνος
1318 1863 1591 1938 ἐλεήμων.

273 1946 429 2015 Δέξαι
464 1969 529 2018 με
585 1947 659 2010 ὠς
714 1950 804 2003 τὸν
858 1947 1066 2007 ἄσωτον
1128 1958 1224 2026 (9),
1282 1955 1383 2022 τὴν
1438 1956 1639 2031 πόρνην
1673 1960 1803 2029 (10),
1834 1960 1926 2013 τὸν

1418 2046 1683 2118 [τελώνην
1720 2050 1767 2119 (1
1784 2051 1851 2120 1),

964 1688 1064 1750 σῆς
1122 1683 1330 1758 μητρὸς
1383 1682 1559 1747 λιταῖς
1609 1693 1711 1756 τῆς
1761 1708 1931 1743 πανα-

2060 616 2275 671 cordiaa
2307 619 2504 691 irriga.

2127 706 2333 764 Custos
2378 710 2522 765 mihi
2558 712 2849 785 addictus,
2884 716 3272 790 incorporalis
3312 725 3592 797 Angelus,
3628 730 3708 784 vi-

2056 796 2271 852 tiorum
2307 815 2573 855 meorum
2606 819 2836 858 caenum
2872 822 2993 861 non
3022 808 3243 877 ferens,
3276 811 3581 871 abscessit.

2126 885 2353 941 Charon
2412 891 2619 944 mortis
2672 892 2904 955 falcem,
2938 896 3156 957 anima.
3209 900 3336 969 jam
3370 909 3555 973 parat.
3590 905 3705 961 Cur

2053 989 2170 1026 non
2204 992 2375 1031 curas
2396 978 2423 1031 ?
2446 980 2561 1033 Cur
2591 997 2707 1035 non
2731 982 2894 1055 luges
2914 984 2941 1038 ?
2965 986 3056 1039 Vm
3091 987 3194 1040 tibi
3226 989 3299 1043 ob
3332 993 3661 1049 socordiam
3686 995 3699 1049 Ξ

2122 1154 2691 1217 Anima,divinorum
2714 1177 2912 1216 curam
2938 1163 3108 1230 habe,
3132 1166 3343 1223 affecta
3364 1186 3494 1240 quas
3523 1189 3700 1243 supra

2048 1243 2340 1299 rationem
2390 1254 2566 1313 sunt;
2612 1252 2985 1306 conturbatio
3017 1254 3176 1309 enim
3208 1261 3604 1330 corruptionis
3635 1263 3697 1317 in

2048 1332 2406 1403 supplicium
2437 1336 2612 1392 vadit.
2650 1338 2771 1392 Heu
2798 1338 2809 1392 Ι
2858 1342 3153 1411 quomodo
3198 1351 3334 1400 ante
3366 1353 3423 1401 te
3451 1350 3702 1406 astabo?

2045 1420 2345 1485 Quomodo
2377 1425 2678 1481 actionum
2698 1428 2994 1485 rationem
3027 1431 3267 1487 reddam
3300 1434 3405 1489 tibi
3437 1437 3697 1494 Creatori

2044 1527 2178 1567 meo
2202 1511 2230 1567 ?
2260 1512 2446 1582 Salva,
2478 1520 2545 1569 ut
2574 1516 2710 1583 scis,
2746 1516 2922 1573 salva.

2116 1691 2195 1745 Ne
2227 1708 2320 1746 me
2352 1691 2667 1765 despicias,
2700 1696 2908 1751 matris
2934 1702 3049 1753 tum
3100 1700 3372 1769 precibus
3404 1704 3693 1761 immacu-

2047 1778 2202 1848 latae,
2236 1785 2296 1835 tu
2330 1782 2490 1836 solus
2520 1783 2647 1839 sine
2675 1790 2938 1856 peccato,
2974 1787 3135 1842 solus
3162 1790 3520 1848 misericors.

2103 1959 2316 2031 Excipe
2352 1977 2447 2016 me
2493 1967 2560 2018 ut
2608 1964 2941 2037 prodigum,
2994 1969 3389 2038 meretricem,
3423 1971 3691 2042 publica-

2030 2066 2193 2120 num,
2226 2056 2292 2107 ut
2319 2051 2646 2116 latronem:
2680 2055 2839 2112 salva
2890 2073 3006 2125 me,
3040 2064 3283 2131 prOpter
3312 2066 3473 2118 tuam
3505 2063 3686 2120 mise-

265 2130 355 2189 Ὠς
411 2129 503 2183 τὸν
562 2130 771 2204 λῃστήν
834 2133 963 2204 (12)·
1023 2133 1112 2188 καὶ
1172 2134 1343 2189 σῶσόν
1386 2157 1475 2208 με,
1509 2136 1671 2212 χάριν
1699 2144 1796 2194 τοῦ
1828 2143 1918 2194 σοῦ

2065 2141 2366 2201 icordiam.

1655 2227 1886 2301 [ἐλέους.

339 2394 417 2461 (3)
448 2392 661 2459 Codex,
697 2386 972 2464 ὅμόρυσον
984 2436 995 2448 .

341 2465 411 2539 (fit
446 2464 844 2539 l_)e_adjectivo_
874 2464 1163 2539 ἀσώματος
1195 2468 1322 2522 vide
1356 2486 1534 2539 supra
1561 2487 1617 2539 p.
1657 2470 1777 2537 189,
1798 2474 1916 2525 η.6.

339 2535 414 2603 (5)
443 2535 654 2609 Codex.
692 2536 868 2609 ψυχή.
905 2537 1081 2593 Doleo
1131 2540 1352 2607 ingenii
1395 2535 1693 2595 sanissimi
1726 2535 1917 2595 hemi-

258 2623 401 2660 nem
430 2613 545 2687 tam
564 2607 901 2679 importuno
930 2610 1056 2664 loco
1080 2612 1385 2681 portitoris
1416 2612 1580 2666 illius
1606 2613 1919 2668 Charontis

262 2694 632 2733 meminisse.

336 2752 410 2827 (6)
450 2752 544 2803 Est
575 2751 634 2803 in
666 2756 825 2827 testu
857 2749 1134 2820 ἀμελείας,
1180 2755 1240 2827 in
1290 2755 1554 2825 margine
1588 2753 1851 2827 ῥᾳθυμίας
1884 2772 1918 2811 a

258 2822 459 2909 prima
492 2837 705 2909 manu:
740 2824 969 2892 hocque
1012 2826 1268 2909 praetuli.
1301 2822 1916 2909 propter‘prwc'edens

259 2895 655 2971 ᾀμέελεῖςκΝβο
688 2911 834 2965 nego
860 2902 1055 2971 tamen
1089 2895 1504 2971 habere’illum
1538 2895 1754 2967 lusum,
1787 2899 1913 2971 ἀμε·

261 2960 684 3039 λεῖςοάμελείαῇς,
722 2960 838 3035 quo
872 2967 1103 3037 placere
1138 2968 1341 3039 possit.

335 3040 410 3113 (7)
446 3034 686 3113 Πρακτᾷα
717 3034 1155 3113 recentioribus
1180 3057 1335 3110 stupe
1368 3057 1473 3110 pro
1504 3040 1721 3113 πράξεσι
1746 3060 1911 3097 usur«

260 3108 389 3179 pari
414 3108 644 3179 ostendi
680 3114 719 3162 t.
756 3110 796 3163 Ι.
846 3127 898 3179 p.
954 3112 1077 3163 442.
1124 3108 1383 3165 Joannes
1410 3108 1725 3179 Diac'onus,
1761 3115 1909 3169 Lau-

257 3178 375 3232 dat.
413 3178 659 3254 Joannis
691 3178 1001 3249 Palmologi
1046 3182 1236 3247 initio,
1273 3184 1381 3237 etsi
1414 3190 1645 3249 cuncta,
1696 3178 1910 3254 inquit,

258 3267 392 3319 qua:
425 3257 564 3326 sunt
591 3252 649 3326 in
682 3268 878 3326 rerum
914 3259 1146 3320 natura,
1179 3271 1363 3308 unum
1414 3271 1478 3309 os
1524 3255 1690 3316 fiant.
1724 3252 1912 3326 impe-

2027 2406 2323 2497 terrarurq
2352 2403 2577 2497 or’bem,
2620 2402 2763 2497 [998’
2821 2404 2974 2497 οὕτω
3022 2408 3188 2479 πέρας
3244 2407 3482 2497 ἔμελλον
3517 2412 3689 2497 θεῖναί

2025 2492 2124 2525 σθ’)
2154 2478 2271 2552 τοῖς
2304 2472 2592 2552 ἐπα-ένοιςπ
2620 2476 2696 2552 ρύ
2738 2476 3012 2552 κορωνίδα
3058 2472 3287 2534 τουτωνὶ
3314 2485 3430 2542 τοῖς
3462 2472 3597 2539 κατὰ
3627 2484 3685 2538 σὲ

2025 2543 2336 2611 πρακτέοις.
2372 2548 2511 2602 Esse
2544 2548 2777 2604 videtur
2806 2543 3009 2605 vitium
3061 2553 3122 2607 in
3171 2553 3403 2605 τουτωνί
3431 2574 3444 2610 :
3477 2555 3680 2612 forsan

2024 2614 2247 2696 οὑτωσίἱ
2272 2616 2435 2671 Idem
2495 2636 2545 2696 v.
2609 2621 2745 2696 i§8z
2805 2615 3083 2694 ’Έϐλεψαν
3147 2623 3563 2696 Ἰστρογείτονες
3616 2627 3684 2682 τὰ

2021 2685 2156 2761 κατᾶ
2205 2687 2261 2740 σὲ
2320 2689 2582 2761 πρακτέα.
2645 2693 2867 2747 Rursus
2926 2685 3175 2751 v.'383:
3232 2685 3402 2758 Ὅλός
3429 2685 3679 2753 τῶννσῶν

2022 2755 2311 2830 ἐξήρτηται
2345 2755 2430 2812 καὶ
2467 2757 2646 2833 λόγων
2676 2762 2764 2814 καὶ
2798 2762 3097 2833 πρακτέων.

2092 2780 2311 2826 ἤρτηται
2345 2780 2430 2812 ,ται
2468 2780 2533 2813 ΛΟ
2574 2781 2646 2813 ων
2676 2782 2764 2814 και
2798 2780 3097 2833 πρακτεων.

2092 2832 2168 2906 (8)
2203 2833 2466 2906 Precatio
2498 2780 2700 2889 addita
2731 2842 2894 2890 extra
2923 2836 3221 2906 alphabeti
3259 2838 3496 2894 seriem.

2091 2905 2164 2977 (9)
2186 2925 2223 2977 31
2262 2904 2332 2977 Ut
2363 2903 2549 2977 ﬁlium
2579 2906 2910 2977 prodigum.
2939 2929 2966 2956 »
2986 2903 3143 2963 _Vide
3176 2910 3308 2963 Luc.
3336 2927 3424 2964 xv.

2090 2974 2199 3043 (10)
2233 2976 2364 3053 «__U_t
2393 2974 2869 3053 mulieremgqum
2920 2985 3047 3033 erat
3093 2980 3155 3035 in
3206 2981 3437 3037 civitate
3469 2999 3675 3053 pecca-

2018 3045 2151 3098 trix.
2187 3064 2215 3093 »
2250 3046 2389 3100 Vide
2422 3048 2558 3101 Luc.
2592 3065 2683 3111 vn,
2714 3045 2808 3105 37.

2087 3116 2200 3185 (11)
2234 3140 2261 3165 ‹‹
2298 3118 2369 3171 Ut
2394 3118 2757 3180 Matthaeum,
2782 3120 3088 3175 sedentem
3117 3122 3178 3176 in
3202 3122 3442 3178 telonio.
3476 3147 3502 3173 υ
3539 3126 3678 3180 Vide

1976 3240 1986 3261 ε
2029 3187 2223 3261 ipsum
2256 3188 2598 3261 Mattbmum
2630 3206 2707 3255 ix,
2742 3193 2793 3244 9.

2100 3258 2214 3329 (12)
2248 3281 2274 3308 ‹‹
2310 3260 2377 3313 Ut
2410 3259 2634 3314 bonum
2660 3261 2972 3316 latronem.
3009 3284 3036 3312 »
3072 3262 3212 3317 Vide
3245 3264 3377 3318 Luc.
3412 3281 3571 3319 xxiii.

257 3322 598 3392 ratorisque
631 3323 908 3378 laudibus
943 3329 1130 3379 totum
1160 3326 1449 3396 impleant
1479 3326 1594 3380 late
1626 3322 1920 3397 longeque

258 3445 2709 3475 ῃ

2722 3482 3671 3495 -—————————_—_.——__

1685 3615 1932 3656 EXEUNTE
1962 3616 2185 3656 δεουιο
2216 3618 2248 3655 Χ

1502 3761 2413 3949 SUIDAS

1692 4159 2215 4254 NOTITIA.

1094 4340 1333 4401 (FABRIC.
1364 4340 1710 4389 Bibliotheca
1739 4341 1929 4390 Graeca
1976 4339 2059 4389 ed.
2114 4339 2302 4388 Harles
2340 4343 2467 4388 tom.
2506 4338 2569 4388 VI
2600 4354 2651 4388 ι).
2682 4340 2817 4402 390.)

328 4460 406 4513 De
438 4458 617 4512 Suida
648 4456 1103 4527 praeclarissime
1134 4459 1490 4528 promeritus
1520 4462 1723 4513 nostra
1754 4458 2040 4514 memoria
2071 4464 2159 4513 est
2190 4458 2274 4511 vir
2300 4457 2739 4513 eruditissimus
2770 4462 2828 4512 et
2857 4459 3069 4513 Grmcaa
3101 4475 3169 4514 ac
3200 4458 3417 4513 Latinas
3451 4458 3667 4529 lingua:

253 4548 331 4604 ad
362 4563 621 4619 unguem
656 4548 880 4617 peritus
910 4546 1248 4617 Ludolphus
1280 4549 1595 4614 Neocorus,
1618 4548 1735 4603 sive
1766 4552 2068 4611 Kusterus,
2092 4547 2192 4617 qui
2219 4547 2480 4607 Lutetiae,
2507 4563 2644 4617 quo,
2670 4546 2894 4601 relictis
2927 4547 3135 4618 patriis
3167 4544 3370 4613 sacris,
3403 4548 3669 4602 Romana

252 4636 566 4707 amplexus
602 4653 662 4690 se
694 4636 1050 4700 contulerat,
1082 4635 1229 4689 obiit
1258 4653 1334 4689 xu
1366 4636 1599 4691 Octobr.
1633 4653 1685 4691 a.
1727 4639 1877 4692 1716.
1913 4638 2016 4690 Hic
2058 4642 2193 4707 post
2245 4637 2550 4689 Dialribam
2596 4636 2660 4689 de
2712 4636 2906 4703 Suida,
2956 4636 3246 4708 vulgatam
3279 4633 3667 4706 Cantabrigiae

250 4729 413 4794 1701,
447 4728 503 4792 4,
538 4725 597 4779 in
630 4742 747 4796 qua
778 4725 915 4779 vitia
941 4741 1007 4778 ac
1038 4723 1306 4777 defectus
1341 4723 1617 4778 editionis
1648 4726 1805 4779 Porti
1847 4730 2276 4779 commemorat
2322 4730 2661 4795 narratque,
2698 4725 2913 4795 quibus
2945 4724 3224 4779 subsidiis
3256 4729 3313 4778 et
3337 4740 3452 4794 quo
3485 4738 3669 4794 appa-

248 4821 381 4870 ratu
415 4831 620 4869 novam
650 4815 775 4885 ipse
798 4813 977 4867 fuerit
1000 4812 1259 4879 molitus,
1286 4814 1560 4884 variaque
1586 4814 1778 4868 Suidaa
1805 4814 1934 4869 loca
1954 4814 2298 4885 speciminis
2328 4814 2388 4867 in
2411 4814 2593 4867 vicem
2618 4813 2895 4868 emendat
2913 4814 2930 4832 '
2950 4818 3124 4885 atque
3149 4813 3426 4880 illustrat,
3457 4813 3665 4883 quinto

249 4920 411 4957 anno
446 4905 761 4975 interjecto
796 4921 945 4975 opus
976 4904 1170 4973 ipsum
1206 4903 1479 4973 perduxit
1507 4903 1579 4957 ab
1602 4903 1971 4969 umbilicum,
1998 4911 2055 4959 et
2081 4920 2294 4958 novum
2328 4919 2502 4957 suum
2536 4902 2776 4957 Suidam
2806 4903 3306 4975 Grmgo-Latinum
3330 4919 3461 4958 cum
3486 4902 3666 4969 notis,

250 4993 420 5061 prelo
452 4991 925 5064 Cantabrigiensi
958 4991 1115 5045 exire
1148 5008 1357 5062 passus
1385 4996 1475 5045 est
1503 5007 1555 5045 a.
1593 4990 1751 5056 1703,
1788 4991 1975 5046 tribus
2005 4992 2410 5046 voluminibus
2460 4990 2648 5045 in-fol.
2684 4992 2749 5045 In
2783 4992 3133 5046 Praefatione
3165 4991 3239 5046 ad
3272 4992 3425 5046 hanc
3454 4990 3670 5045 editio-

248 5097 412 5148 nem,
451 5098 584 5135 cum
618 5081 689 5134 de
721 5087 983 5141 auctore.
1020 5097 1197 5149 quem
1229 5078 1649 5134 illustrandum
1684 5078 1744 5133 in
1776 5096 1837 5134 se
1869 5082 2151 5151 suscepit,
2176 5080 2246 5135 de
2278 5080 2440 5134 illius
2464 5084 2655 5145 aetate,
2682 5080 2753 5133 de
2779 5080 2967 5134 Lexici
3001 5080 3127 5151 ejus
3158 5080 3470 5134 virtutibus
3503 5086 3560 5135 et
3584 5080 3671 5133 vi-

248 5170 353 5224 tiis
387 5169 807 5240 prioribusque
843 5169 1202 5223 editionibus
1233 5175 1504 5222 accurate
1537 5168 1818 5238 disputet,
1852 5168 2015 5223 nolui
2061 5179 2255 5225 actum
2287 5185 2479 5241 agere,
2515 5168 2619 5223 sed
2650 5168 2939 5241 integram
2972 5169 3287 5224 clarissimi
3319 5169 3445 5238 viri,
3481 5169 3666 5223 mihi-

248 5274 389 5328 que,
423 5274 556 5312 cum
595 5258 831 5327 viveret,
866 5256 1064 5323 amici,
1104 5256 1612 5325 Dissertationem,
1645 5256 1792 5311 meis
1823 5273 1956 5311 cum
1984 5256 2494 5313 observationibus
2526 5256 2633 5310 tibi
2668 5256 2778 5312 hoc
2809 5257 2937 5312 loco
2968 5257 3266 5312 exhibere.

325 5420 347 5441 ‘
384 5413 632 5467 Lexicon
666 5411 842 5487 Sidas,
876 5410 1033 5481 quod
1062 5410 1317 5487 instituti
1350 5410 1536 5487 nostri
1569 5426 1689 5487 non
1721 5411 2194 5487 est,_omittimus
2218 5428 2232 5476 ;
2260 5418 2325 5487 ut
2349 5417 2546 5487 autem
2571 5411 3181 5487 hoc_minus‘moleste
3202 5410 3380 5487 feras,
3406 5406 3671 5487 studiose

252 5486 480 5547 Lector,
504 5484 607 5537 tibi
636 5476 988 5538 exhibemus
1014 5499 1025 5535 :
1054 5485 1107 5534 1ο
1130 5482 1406 5554 Notitiam
1432 5480 1493 5554 in
1518 5497 1634 5551 qua
1657 5481 1727 5534 de
1755 5482 1946 5554 Suidae
1971 5488 2141 5538 aetate
2164 5489 2223 5537 et
2240 5484 2367 5552 ejus
2393 5483 2527 5537 libri
2560 5481 2749 5552 pretio
2780 5488 2839 5535 et
2868 5481 3150 5554 dignitate
3182 5476 3411 5553 agitur;
3437 5483 3495 5533 2°
3515 5476 3673 5533 Indi-

251 5572 351 5611 ces
376 5563 493 5610 tres
522 5556 953 5626 amplissimos,
971 5555 1141 5626 juxta
1162 5553 1434 5626 ordinem
1462 5552 2099 5626 litterarumgdigestos,
2125 5555 2223 5625 qui
2249 5554 2489 5609 Suidam
2514 5560 2724 5626 totum,
2751 5553 2853 5607 sed
2876 5552 3319 5626 compendiose.
3342 5562 3675 5620 repraesen-

252 5572 351 5611 ces
376 5569 493 5610 tres
522 5569 1141 5626 amp11551mos,Juxta
1162 5569 1434 5608 ordinem
1464 5569 1793 5606 litterarum
1820 5569 2099 5679 digestos,
2125 5572 2223 5625 qui
2249 5569 2489 5609 Sumam
2514 5569 2724 5618 totum,
2751 5569 2853 5607 seu
2876 5569 3319 5624 compenuiose.
3342 5569 3675 5620 repraesen-

252 5634 399 5681 tant.
427 5627 661 5705 Ifrimus
696 5627 1018 5705 scriptores
1041 5624 1277 5705 exhibet
1298 5624 1369 5678 de
1386 5623 1608 5705 quibus
1631 5624 1751 5695 agit
1780 5624 1876 5705 Sui
1899 5642 1988 5705 as
2012 5644 2026 5692 ;
2055 5627 2351 5705 secundus
2375 5643 2476 5680 eos
2499 5642 2646 5705 quos
2669 5624 2813 5705 citat
2836 5625 3083 5705 ,Itertius
3105 5624 3440 5705 scriptores
3468 5632 3676 5673 recen-

253 5704 398 5753 seta
419 5698 558 5752 viris
583 5697 775 5752 doctis
799 5695 857 5751 in
883 5696 1080 5763 Suida,
1106 5696 1205 5749 ubi
1231 5696 1359 5749 loca
1385 5695 1483 5749 ille
1504 5711 1621 5749 non
1647 5696 1968 5752 nominatis
2000 5696 2339 5751 auctoribus
2372 5696 2636 5755 ascribit.
2668 5696 3067 5766 investigatns.
3105 5696 3252 5746 Emr.
3289 5695 3457 5746 ΡΑτιι.

596 5818 859 5876 ΡΑΤιιοι..
906 5817 1019 5875 Gn.
1067 5813 1299 5874 CXVII.

3275 5809 3351 5864 38
