4070 6196
272 442 429 506 1197

1797 440 2116 503 NOTl'l‘IA
2128 489 2141 504 .

3527 458 3686 520 H98

271 595 406 634 mus
432 577 511 632 sit
538 577 640 650 (7),
675 591 855 647 quem
886 575 947 630 in
978 573 1132 630 libro
1163 591 1269 630 suo
1290 574 1578 630 nominet.
1604 572 1919 662 Sedvirum
1953 580 2009 644 Α
2040 577 2105 631 in
2137 578 2331 636 Suidas
2363 583 2571 640 Lexico
2593 591 2935 651 occurrunt,
2967 586 3038 642 de
3062 592 3232 644 aetate
3264 589 3394 661 ejus
3415 572 3691 662 judican-

271 669 688 725 doctissimum
737 666 1028 722 memoria
1083 664 1312 721 fefellit.
1366 667 1509 720 Nam
1540 664 1600 720 iu
1630 680 1679 722 v.
1743 661 1925 737 Ἀδαμ

271 759 500 816 mentio
535 758 601 814 fit
633 756 1010 828 imperatoris
1026 756 1271 811 Joannis
1293 755 1644 822 ZimiscmlS)
1666 781 1679 813 ε
1700 761 1756 809 et
1786 755 1849 809 in
1870 772 1921 809 v.

275 842 851 907 Κωνσταντινοῦπολις
898 844 1101 900 Basilii
1133 849 1192 898 et
1220 845 1591 899 Constantini
1624 844 1872 899 fratrum
1908 863 1922 912 ;

272 938 377 1010 qui
409 953 619 992 omnes
658 936 1067 1001 Constantino,
1120 935 1329 990 Leonis
1388 934 1535 1003 filio,
1568 933 1926 1005 posteriores

272 1028 536 1082 fuerunt.
562 1026 959 1097 Hieronymus
979 1023 1224 1079 Wolfius
1247 1023 1482 1079 Suidam
1514 1022 1701 1078 multo
1725 1037 1930 1076 recen-

275 1117 492 1173 tiorem
521 1115 680 1180 facit,
711 1121 769 1170 et
793 1113 866 1169 ad
881 1113 1165 1169 saeculum
1180 1130 1272 1168 xiv
1290 1113 1468 1168 refert
1493 1111 1928 1179 ;hacinductus

272 1203 701 1276 ratione,quod
722 1202 1095 1259 Metochitam
1126 1202 1484 1274 logolhetam
1500 1201 1659 1269 citet,
1684 1199 1784 1271 qui
1817 1198 1928 1254 sub

275 1295 626 1368 Palasologis
648 1293 875 1349 vixerit.
904 1292 1089 1348 Verba
1119 1293 1170 1363 ej
1182 1309 1249 1347 us
1264 1292 1331 1347 in
1352 1290 1585 1347 Praefat.
1601 1289 1674 1346 ad
1686 1290 1928 1345 Suidam

277 1386 406 1440 hinc
428 1388 603 1439 sunt:
637 1384 805 1452 Atqui
833 1383 991 1448 adeo,
1020 1398 1143 1437 cum
1194 1381 1544 1436 Metochitam
1594 1379 1929 1450 logothetum

278 1477 407 1530 citet
435 1475 533 1544 qui
556 1473 653 1528 sub
679 1471 1011 1541 Pala’ologis
1048 1472 1210 1538 vixit,
1234 1476 1488 1541 apparet,
1516 1486 1637 1525 eum
1656 1471 1751 1525 vix
1769 1469 1930 1524 annis

281 1564 486 1620 abhinc
514 1565 619 1618 300
648 1564 884 1619 Lericon
914 1563 1015 1617 hoc
1056 1563 1436 1632 composuisse.
1472 1559 1777 1617 Scribebat
1824 1574 1929 1613 au-

279 1660 401 1708 tem
438 1653 552 1709 ista
583 1652 827 1708 Wollius
860 1654 926 1708 Α.
961 1652 1025 1706 D.
1060 1653 1217 1706 1564.
1251 1650 1363 1705 Sed
1394 1650 1712 1723 logotheta,
1747 1662 1926 1719 quem

278 1743 494 1799 Suidas
526 1742 773 1797 diversis
804 1742 865 1796 in
899 1741 1045 1796 locis
1071 1741 1294 1807 laudat,
1338 1757 1458 1795 non
1498 1744 1587 1795 est
1616 1737 1930 1794 Metochita

278 1833 602 1904 logotheta,
632 1849 811 1903 quem
843 1831 1089 1886 ineunte
1122 1847 1254 1885 saec.
1288 1847 1379 1884 xlv
1412 1830 1624 1884 vixisse
1672 1831 1925 1894 constat,

2037 664 2179 722 dum
2203 674 2310 731 est,
2344 673 2738 729 recentiorem
2765 691 2901 731 eum
2929 675 3136 748 utique
3158 694 3287 733 esse
3313 685 3564 750 oportet,
3594 686 3686 737 ut-

2037 763 2173 826 pote
2205 759 2306 828 qui
2340 770 2591 819 exeunte
2625 763 2832 819 saltem
2870 766 3086 820 saeculo
3118 782 3172 820 Ix
3203 766 3290 821 vel
3328 766 3573 826 ineunte
3603 773 3685 825 χιι

2037 843 2145 899 sub
2170 847 2374 902 Alexio
2398 850 2697 906 Comneno
2716 852 2943 909 vixerit.
2976 855 3138 922 Nam,
3179 855 3358 926 (quod
3380 872 3414 911 a
3440 860 3684 916 nomine

2039 931 2232 1020 adhuc
2277 936 2651 995 observatum
2711 957 2840 995 esse
2898 941 3108 1015 video),
3168 943 3229 999 in
3259 961 3309 1000 v.
3346 945 3597 1020 Γηώρας,
3629 964 3678 1002 v.

2034 1019 2290 1095 Δέρτρου,
2325 1032 2462 1082 etv.
2521 1027 2845 1101 Ἣγήτορες,
2889 1030 3022 1087 loca
3072 1033 3343 1103 quaedam
3405 1019 3485 1090 ex
3506 1036 3677 1092 Mich.

2034 1109 2229 1165 Psello
2260 1114 2371 1183 (11)
2399 1114 2794 1187 adducuntur,
2827 1120 2926 1190 qui
2982 1120 3095 1176 sub
3141 1120 3346 1177 Alexio
3377 1123 3679 1181 Comneno

2034 1197 2253 1268 ﬂoruit,
2288 1202 2585 1275 vitamque
2614 1222 2804 1277 usque
2833 1207 2907 1262 ad
2936 1208 3173 1264 initium
3204 1210 3406 1266 saeculi
3437 1228 3514 1267 xu
3540 1229 3679 1285 pro-

2036 1286 2222 1343 duxit.
2256 1289 2313 1344 Si
2342 1290 2523 1363 igitur
2541 1292 2667 1364 ipse
2700 1293 2907 1350 Suidas
2937 1294 3067 1352 loca
3096 1297 3209 1353 ista
3247 1298 3425 1354 Pselli
3470 1301 3678 1357 Lexico

2040 1392 2145 1432 suo
2168 1378 2437 1452 inseruit,
2468 1388 2602 1453 post
2622 1383 2882 1439 Psellum
2896 1385 3102 1456 utique
3118 1387 3332 1442 vixisse
3354 1404 3489 1443 eum
3512 1406 3678 1461 opor-

2038 1470 2151 1535 tet;
2168 1468 2271 1524 sed
2285 1474 2423 1525 ante
2440 1472 3062 1547 Eustathium,quippe
3084 1477 3184 1547 qui
3204 1477 3430 1549 primus
3452 1479 3513 1533 in
3527 1495 3681 1535 com-

2034 1558 2327 1614 mentario
2352 1559 2427 1615 ad
2445 1561 2763 1617 Homerum
2782 1564 2971 1619 nostri
2990 1565 3281 1621 meminit.
3304 1567 3461 1621 Vixit
3480 1572 3680 1624 autem

2033 1648 2375 1705 Eustathius
2431 1651 2640 1724 exiguo
2697 1659 2829 1724 post
2886 1653 3143 1711 Psellum
3201 1656 3532 1726 intervallo,
3574 1656 3682 1712 sub

2034 1737 2217 1793 ﬁnem
2234 1739 2516 1796 nimirum
2534 1742 2737 1798 saaculi
2754 1742 3112 1813 duodecimi,
3128 1750 3187 1801 et
3210 1747 3447 1803 initium
3465 1748 3677 1803 decimi

2038 1830 2363 1895 tertii.‘Sed
2386 1831 2543 1903 quod
2571 1832 2646 1888 ad
2666 1833 2797 1889 loca
2815 1834 2920 1890 illa
2950 1836 3126 1891 Pselli
3150 1838 3362 1893 attinet
3386 1856 3398 1904 ;
3432 1837 3678 1893 dubium

277 1921 389 1977 sed
431 1922 686 1992 Symeon
729 1921 1150 1991 Metaphrastes
1208 1918 1508 1991 lgootheta
1536 1918 1634 1987 (9),
1670 1917 1771 1987 qui
1800 1915 1926 1971 ini-
1958 1927 2005 1994 Β
2034 1934 2154 1974 non
2187 1924 2296 1987 est,
2326 1921 2470 1992 quin
2502 1923 2987 1979 arecentioribus
3020 1924 3225 1981 Lexico
3256 1926 3449 1981 Suidaa
3481 1925 3682 1981 addita

275 2011 364 2066 tio
392 2010 593 2065 sweuli
636 2027 669 2064 x
715 2008 960 2072 ﬂloruit,
994 2013 1060 2062 ut
1088 2014 1146 2062 et
1177 2012 1313 2063 ante
1344 2024 1454 2061 nos
1484 2005 1813 2062 observavit
1838 2004 1928 2059 vir

277 2100 481 2171 magni
506 2100 661 2154 inter
681 2097 946 2154 eruditos
974 2096 1237 2152 nominis
1257 2096 1583 2151 Richardus
1602 2094 1925 2161 Bentleius,

278 2189 345 2244 in
378 2188 665 2259 praeclara
692 2187 1117 2242 Dissertatione
1148 2185 1221 2240 de
1253 2185 1585 2240 Phalaridis
1636 2184 1926 2257 epistolis,

276 2294 339 2348 p.
375 2280 462 2332 22.
485 2278 636 2347 [pag.
661 2279 693 2329 9
720 2273 813 2330 ed.
848 2274 1153 2346 Lennepii,
1187 2275 1357 2345 epist.
1382 2274 1616 2330 Phalar.
1649 2274 1924 2344 adjecta.]

278 2365 591 2421 Sententia
648 2365 829 2437 igitur
874 2363 1091 2430 Wollii,
1152 2362 1266 2419 hoc
1313 2362 1603 2419 subducto
1660 2362 1928 2429 tibicine,

277 2459 492 2527 sponte
548 2453 789 2508 corruit.
850 2451 964 2507 Alii
1007 2453 1165 2507 inter
1221 2468 1370 2524 quos
1420 2457 1510 2506 est
1537 2451 1624 2505 vir
1651 2449 1926 2506 doctissi—

276 2560 416 2601 mus
445 2543 795 2599 Guilielmus
824 2543 993 2607 Cave,
1025 2545 1298 2597 nostrum
1345 2546 1619 2613 vergente
1661 2540 1787 2611 jam
1819 2556 1929 2595 saa-

2037 2007 2183 2077 sint;
2215 2009 2396 2081 idque
2428 2010 2500 2066 de
2523 2011 2654 2067 loco
2683 2012 2874 2084 primo
2906 2014 3036 2086 (l2),
3070 2014 3171 2085 qui
3203 2014 3516 2070 adducitur
3536 2016 3597 2070 in
3623 2031 3675 2069 ν.

2035 2099 2285 2172 Γηώρας,
2316 2099 2599 2156 audacter
2627 2100 2928 2158 affirmare
2957 2102 3146 2158 ausim
3177 2120 3191 2170 ;
3250 2103 3469 2176 quippe
3500 2120 3679 2176 quem

2036 2204 2179 2244 mss.
2251 2188 2432 2245 Paris.
2473 2205 2593 2245 non
2625 2196 2973 2262 agnoscunt.
3007 2191 3065 2247 Si
3096 2192 3274 2266 igitur
3330 2210 3443 2249 nec
3471 2210 3541 2248 ex
3570 2194 3681 2248 hac

2035 2284 2179 2334 nota
2206 2278 2493 2350 temporis
2520 2284 2663 2335 astas
2694 2279 2887 2335 Suidas
2913 2280 3109 2353 colligi
3139 2287 3353 2354 potest,
3376 2281 3523 2353 quid
3553 2286 3676 2339 tan-

2036 2365 2172 2421 dem
2200 2366 2309 2420 hac
2321 2364 2394 2421 de
2423 2367 2881 2423 re-statuendum
2902 2368 2999 2433 sit,
3017 2370 3479 2440 qumretLector.
3499 2371 3680 2442 Equi-

2037 2452 2193 2516 dem,
2232 2470 2342 2509 nos
2385 2455 2468 2510 ita
2522 2472 2868 2512 censemus:
2915 2446 3495 2530 incertum-quidem
3529 2475 3679 2527 esse,

2037 2558 2153 2613 quo
2179 2547 2447 2614 tempore
2478 2559 2647 2599 verus
2678 2544 2907 2614 Suidas,
2942 2546 3059 2601 sive
3088 2547 3316 2618 primus
3347 2548 3541 2603 Lexici
3572 2549 3683 2604 hu-

277 2633 415 2690 culo
448 2633 613 2703 x(lO)
651 2631 759 2687 sub
803 2630 1019 2687 Basilio
1079 2646 1149 2685 ex
1207 2630 1592 2685 Constantino
1647 2627 1932 2684 fratribus
2029 2630 2131 2703 jus
2160 2638 2368 2688 auctor
2394 2632 3051 2705 vixerit;antiquiorem
3068 2636 3680 2707 tamenproculdubio

273 2723 494 2778 vixisse
524 2726 772 2777 censent
804 2737 818 2774 :
849 2737 956 2792 pro
979 2735 1097 2791 qua
1126 2719 1407 2791 opinione
1454 2719 1649 2774 facere
1679 2719 1930 2790 videtur,

278 2812 441 2886 quod
490 2812 699 2867 Suidas
727 2813 791 2865 in
822 2828 874 2866 ν.
907 2806 1122 2881 Ἀδᾶμ’,
1157 2809 1260 2864 ubi
1313 2809 1579 2864 diversas
1634 2825 1931 2865 annorum

280 2918 433 2959 caras
447 2902 566 2957 sive
588 2901 845 2973 epochas
867 2904 1157 2967 recenset,
1173 2898 1616 2973 chronologiam
1646 2899 1934 2971 perducat

278 3008 473 3063 usque
489 2991 563 3046 ad
586 2990 813 3045 obitum
840 2989 1086 3044 Joannis
1103 2989 1392 3055 Zimiscaa,
1423 2989 1517 3044 cui
1535 3005 1693 3045 anno
1715 2988 1931 3045 Christi

278 3083 389 3135 9'75
422 3079 597 3135 modo
629 3078 770 3133 dicti
799 3076 1049 3132 Basilius
1082 3082 1139 3131 et
1167 3076 1597 3131 COnstantinus
1625 3076 1839 3132 fratres
1868 3076 1931 3131 in

279 3169 535 3241 imperio
565 3173 999 3223 successerunt.
1032 3166 1155 3220 Huc
1184 3165 1431 3227 accedit,
1460 3164 1618 3237 quod
1642 3172 1845 3221 noster
1872 3167 1934 3221 in

279 3277 332 3313 v.
372 3253 952 3317 Κωνσταντινούπολις
1008 3271 1197 3311 annos
1227 3272 1262 3310 a
1301 3254 1540 3310 condita
1568 3255 1738 3309 CPoli
1770 3271 1927 3310 com-

276 3354 519 3421 putans,
553 3345 839 3417 epocham
870 3360 1073 3400 eorum
1108 3344 1391 3398 terminet
1420 3343 1479 3397 in
1517 3359 1699 3415 regno
1732 3344 1930 3400 Basilii

277 3445 340 3493 et
369 3434 765 3501 Constantini,
799 3433 1516 3505 Porphyrogennetorum.
1549 3438 1616 3486 ut
1644 3432 1747 3486 illo
1780 3439 1932 3488 tem-

276 3541 447 3599 pore,
482 3541 597 3596 quo
631 3541 700 3579 ea
729 3522 1046 3589 scribebat,
1078 3521 1272 3577 adhuc
1305 3520 1753 3592 imperantium.
1800 3522 1932 3578 Haec

281 3632 429 3671 sane
445 3615 711 3686 speciosa
725 3616 883 3680 sunt,
907 3617 1172 3669 etveram
1192 3609 1386 3666 Suidaa
1411 3615 1645 3666 mtatem
1668 3610 1931 3668 indicare

280 3703 579 3760 videntur.
602 3702 714 3757 Sed
735 3702 784 3757 si
806 3718 877 3758 ex
898 3701 1058 3756 notis
1078 3700 1201 3755 illis
1224 3705 1580 3772 temporum,
1602 3717 1733 3772 quas
1756 3700 1933 3757 hodie

363 3846 436 3916 (ἲ)
470 3846 841 3900 llermannus
871 3842 1267 3916 Witekindus,
1299 3842 1456 3913 Rigas
1485 3846 1627 3916 tunc
1671 3859 1932 3911 versans,

288 3914 1938 4006 Weimpemtersaze$eiéscellecmecerksén289a

279 3985 570 4044 versione
601 3987 919 4058 separatim
963 3986 1151 4041 edidit
1194 3985 1561 4041 Francofurti
1594 3989 1750 4053 1527,
1783 3989 1836 4043 8.
1870 3991 1935 4041 1n

402 4058 597 4139 ultimi
625 4062 1036 4139 memorantur
1055 4058 1497 4139 Constantinus,
1522 4057 1934 4139 Leonishlsauri

282 4132 471 4197 ﬁlius,
500 4131 602 4201 qui
632 4133 698 4183 Α.
733 4131 860 4196 Τῖ5,
910 4129 1175 4201 Michaael
1224 4129 1459 4196 Balbus,
1491 4129 1691 4201 quipA.
1722 4131 1848 4196 829,
1878 4134 1938 4184 et

281 4199 670 4273 Theophilus,
694 4201 795 4271 qui
817 4203 883 4273 A.
909 4202 1015 4273 841
1033 4200 1199 4255 obiit.
1224 4202 1546 4273 Exercepta
1575 4199 1648 4255 de
1672 4201 1936 4273 impera-

284 4270 537 4337 toribus,
578 4290 649 4327 ex
698 4270 877 4327 Suida
906 4271 1175 4333 collecta,
1230 4271 1412 4326 habes
1443 4270 1621 4326 etiam
1653 4270 1849 4327 Graece
1881 4276 1941 4326 et

284 4347 493 4402 Latine
510 4344 569 4398 in
588 4342 740 4415 Frid.
762 4343 1053 4415 Sylburgii
1078 4348 1236 4397 torno
1260 4343 1433 4397 tertio
1458 4342 1743 4415 Minorum
1768 4346 1934 4399 Rom.

284 4416 556 4473 historia)
614 4413 998 4485 Scriptorum,
1032 4414 1320 4486 Francof,
1355 4415 1513 4481 1590,
1562 4413 1687 4486 fol.,
1723 4415 1940 4486 quibus

284 4489 409 4545 alia
438 4489 687 4558 insuper
715 4484 788 4541 de
821 4486 999 4558 rebus
1027 4484 1364 4558 CPolitanis
1382 4501 1460 4558 ex
1493 4485 1711 4558 eodem,
1735 4484 1938 4558 Lexico

283 4556 727 4629 adjunxit‘cum
757 4557 1208 4629 Portiversione
1240 4556 1550 4629 Philippus
1579 4556 1846 4629 Labbeus
1878 4557 1939 4612 in

2038 2736 2187 2790 esse,
2209 2737 2387 2792 quam
2417 2721 2588 2794 vulgo
2607 2722 2917 2790 credatur;
2950 2740 3085 2779 cum
3114 2741 3467 2796 persuasum
3505 2724 3681 2781 nobis

2039 2809 2117 2863 sit
2145 2809 2402 2881 plurima
2420 2809 2568 2877 loca,
2594 2828 2726 2882 quae
2746 2813 3141 2868 recentiorem
3164 2818 3398 2870 astatem
3422 2814 3683 2886 sapiunt,

2039 2896 2112 2952 ab
2140 2898 2274 2953 aliis
2301 2904 2505 2970 postea
2536 2899 2745 2956 Lexico
2792 2900 2932 2956 huic
2962 2900 3164 2957 addita
3194 2919 3343 2958 esse.
3379 2902 3543 2958 Patet
3570 2903 3685 2959 hoc

2038 2987 2131 3042 vel
2161 3003 2232 3042 ex
2270 3004 2382 3043 ms.
2416 2987 2598 3044 Paris.
2632 2992 2698 3044 Α.
2733 2990 2836 3060 qui
2868 2990 3047 3045 trium
3079 2991 3343 3048 codicem
3375 3009 3516 3049 mss.
3552 2993 3684 3049 Sui.

2041 3074 2150 3146 dm,
2184 3077 2284 3147 qui
2325 3077 2388 3131 in
2412 3076 2773 3133 bibliotheca
2800 3079 2962 3151 regia
2994 3080 3253 3135 Pariensi
3285 3087 3683 3149 asservantur,

2043 3165 2303 3237 optimus
2329 3171 2421 3220 est
2471 3172 2531 3220 et
2557 3166 3014 3221 vetustissimus.
3049 3168 3117 3221 In
3165 3185 3234 3222 eo
3288 3167 3447 3223 enim
3496 3169 3687 3224 multa

1970 3282 2003 3327 η
2043 3253 2193 3322 loca,
2218 3271 2349 3326 qua)
2370 3254 2431 3309 in
2453 3254 2889 3310 recentioribus
2908 3271 3070 3320 mss.,
3097 3256 3494 3327 omnibusque
3517 3257 3682 3312 editt.

2043 3343 2350 3399 hodiernis
2384 3343 2785 3415 reperiuntur,
2816 3343 2906 3397 vel
2936 3343 3180 3398 omnino
3210 3344 3446 3413 desunt,
3476 3345 3566 3400 vel
3595 3362 3686 3401 re-

2042 3432 2620 3488 centioreinterdum
2642 3447 2823 3487 manu
2845 3431 2919 3486 ad
2941 3432 3270 3504 marginem
3294 3433 3514 3505 scripta
3525 3439 3685 3490 sunt:

2039 3521 2218 3576 veluti
2249 3536 2453 3576 versus
2508 3521 2851 3589 Onicrotici,
2883 3520 2982 3593 qui
3014 3538 3085 3576 ex
3116 3523 3572 3595 Astrampsycho
3596 3523 3691 3580 vel

2041 3611 2371 3683 Nicephora
2402 3610 2464 3665 in
2494 3611 2748 3666 Lexicon
2796 3610 2908 3666 hoc
2963 3609 3236 3666 translati
3295 3618 3435 3667 sunt
3465 3630 3479 3681 ;
3513 3613 3689 3669 item-

2043 3715 2159 3770 que
2215 3700 2347 3755 loca
2403 3715 2474 3755 ex
2524 3700 2705 3755 Paulo
2763 3700 3029 3773 Egineta
3084 3706 3379 3773 excerpta,
3432 3707 3492 3758 et
3545 3702 3683 3774 alia,

2044 3841 2520 3925 qpﬁijnnb-ibli’o-th
2574 3841 3270 3925 Regis_Christianissimi
3327 3847 3518 3925 exstat
3546 3843 3679 3925 cod.

2046 3910 2203 3981 1—837,
2236 3913 2334 3985 fol.
2373 3916 2475 3969 184·
2505 3914 2614 3985 hoo
2645 3910 2816 3969 titulo
2838 3931 2851 3968 :
2870 3912 3096 3985 Ψέλλᾳυ
3119 3912 3338 3985 σύνοψις
3361 3910 3451 3968 διὰ
3480 3913 3683 3985 στίχων

2041 3985 2136 4059 xui
2163 3982 2463 4059 πολιτικῷν
2482 3983 2616 4059 περὶ
2660 3987 2847 4059 πασῶν
2870 3988 2982 4059 τῷν
3039 3982 3379 4059 sutor-quam
3420 3982 3685 4059 γεγρμέγη

2043 4056 2180 4131 apo;
2206 4055 2301 4131 τὸγ
2350 4050 2728 4131 εὐσεϐέςξτατον
2791 4053 3024 4131 βαᾳελάα
3071 4050 3685 4131 uspzdv_u_ixagx:156

2046 4076 2180 4131 προς
2206 4076 2301 4110 τον
2350 4075 2728 4110 annosam-cev
2791 4075 3024 4127 μαᾳιΛαα
3071 4075 3136 4109 xu
3180 4076 3255 4109 ιον
3314 4075 3546 4129 ΜιχαηΛ
3594 4075 3685 4109 τον

2046 4125 2248 4199 potius:
2277 4124 2337 4179 ἐκ
2363 4127 2784 4199 προστάγματυς
2838 4123 2935 4180 τοῦ
2991 4075 3193 4197 πατρὲς
3227 4126 3390 4180 αὐτοῦ
3419 4125 3513 4199 καὶ
3545 4125 3692 4198 βασι-

2046 4194 2206 4256 λέως.
2242 4194 2490 4253 Michael
2516 4194 2727 4263 DuCas,
2759 4194 3129 4253 Constantini
3164 4200 3335 4253 Daca
3382 4199 3470 4265 F.,
3501 4194 3690 4268 impe-

2045 4277 2208 4326 rator
2238 4269 2352 4324 fuit
2379 4269 2452 4324 ab
2487 4283 2551 4323 Α.
2579 4271 2709 4324 1071
2746 4269 2819 4325 ad
2858 4270 3013 4324 1078.

2120 4344 2231 4414 (12)
2254 4341 2543 4405 Quoniam
2578 4342 2861 4414 Kptisterus
2888 4340 3147 4414 primum
3179 4338 3591 4414 tantummodo
3614 4338 3696 4393 lo-

2048 4410 2182 4470 cum
2218 4429 2337 4485 non
2393 4412 2631 4485 agnosci
2656 4428 2859 4485 amss.
2888 4410 3353 4485 ‘Parisiensibus
3400 4410 3692 4485 observat,

2047 4486 2188 4541 hinc
2210 4481 2640 4539 videtur'tacite
2670 4483 2851 4538 simul
2877 4482 3200 4554 professus,
3231 4488 3445 4554 cmtera
3474 4481 3606 4537 loca
3625 4498 3694 4536 ex

2050 4556 2243 4613 Psello
2273 4555 2601 4611 adductain
2624 4553 2925 4610 codicibus
2948 4553 3070 4608 illis
3091 4553 3407 4617 contineri,
3441 4569 3696 4623 quorum

288 4625 455 4716 torno
528 4629 892 4716 Scripto'r‘um
922 4628 1061 4709 hist.
1098 4625 1642 4716 Byzantinze’liaris.
1670 4630 1817 4716 ‘161f8
1835 4629 1940 4716 ςῳλ
1972 4650 2019 4716 D
2051 4645 2238 4716 puum
2270 4625 3299 4716 annorqmnsaltemquingentarum
3344 4629 3696 4716 vetustatem

361 4704 439 4773 (8)
469 4697 730 4756 Joannes
756 4699 1079 4773 rTzimisces
1099 4697 1424 4773 imperator
1466 4698 1586 4773 iuit
1620 4698 1706 4773 _ab
1739 4702 1806 4755 A.
1838 4702 1942 4773 969
1972 4697 2017 4716 ”
2050 4699 2269 4773 habere
2301 4699 2506 4766 infra§
2538 4701 2596 4773 to
2617 4714 2737 4753 non
2769 4697 3096 4773 diillitetur.
3121 4697 3324 4767 Itaque
3344 4702 3696 4773 veramputo

285 4770 377 4831 ad.
398 4770 544 4839 975;
577 4773 717 4827 hinc
752 4771 1001 4826 Basilius
1030 4771 1100 4836 II,
1133 4771 1207 4825 ad
1240 4780 1306 4826 Α.
1341 4772 1499 4836 1025,
1524 4775 1584 4825 et
1607 4770 1943 4826 Constanti-

286 4861 428 4907 nus,
461 4845 591 4913 ejus
617 4844 817 4911 frater,
847 4842 921 4913 ad
952 4844 1017 4896 Α.
1041 4843 1208 4913 1028.

366 4918 443 4986 t9)
475 4907 685 4970 Suidas
706 4914 769 4968 in
797 4907 1015 4983 ’Ἂὸαξγ
1036 4911 1097 4968 Ὀ
1130 4911 1437 5036 Λοέοοὲτης
1468 4907 1523 4962 ἐν
1557 4909 1637 4980 τῷ
1666 4916 1767 4978 τῆς
1795 4910 1952 4986 ἁγίας

367 4984 510 5036 κλῇε
548 4983 850 5036 mutuatus.
883 4987 955 5036 Et
1010 4983 1072 5036 in
1130 4988 1203 5036 No
1244 4982 1371 5036 εύει⁴
1432 4982 1521 5036 Ἐν
1551 4984 1619 5036 τῆ
1649 4984 1747 5035 τοῦ
1782 5002 1950 5036 μακα-

289 4982 515 5060 Θᾷκλης
547 4983 850 5060 μαρῖυρίῳ.
883 4982 961 5039 Et
1010 4983 1094 5060 in.
1130 4982 1371 5060 Νοθξύες
1432 4982 1521 5060 Ἑν
1551 4984 1619 5054 τῇ
1649 4984 1747 5060 toi}
1781 4982 1950 5060 pasta:

292 5051 473 5133 pisoni
502 5051 813 5133 levo-Oét'op'
843 5053 1184 5133 perappc'taet
1211 5056 1280 5126 τῇ
1309 5051 1403 5133 si:
1436 5051 1827 5133 τὸημᾴρτύριόν
1855 5057 1954 5133 τος»

292 5124 458 5202 ἆγίου
488 5124 810 5202 Aodxzavot'i.
843 5124 1322 5202 Bene:'observat
1367 5124 1690 5189 Bentleius,
1713 5124 1954 5202 'uaxapt:

289 5196 400 5269 τήν
432 5217 468 5256 a
497 5201 714 5256 Graecis
746 5200 887 5263 dici,
920 5197 1022 5270 qui
1054 5199 1145 5254 vel
1203 5199 1471 5270 ipsorum
1524 5197 1833 5266 memoria,
1865 5196 1956 5254 vel

292 5290 424 5330 non
455 5272 600 5328 adeo
636 5272 739 5327 diu
768 5277 904 5327 ante
930 5270 1195 5327 obiisset.

368 5344 483 5414 (10)
517 5345 802 5415 Vergente
864 5341 1081 5415 saeculo
1106 5358 1179 5415 7x1
1225 5339 1333 5415 sub
1393 5337 1954 5415 AlexiAo_Co_mneno,

296 5410 516 5470 Vosius
544 5410 660 5469 lib.“
684 5431 745 5477 ιι,
779 5416 857 5468 De
897 5413 1025 5467 hist.
1086 5414 1303 5477 Graecis,
1359 5426 1489 5481 cap.
1548 5412 1653 5481 26.7
1687 5410 1855 5466 Fxsn.
1888 5443 1957 5453 —

297 5486 525 5542 Eadem
557 5485 855 5541 sententia
873 5485 1048 5539 llenr.
1079 5483 1290 5539 Valesii
1314 5482 1375 5537 in
1398 5480 1567 5555 Praef1
1587 5480 1662 5537 ad
1685 5490 1960 5555 excerpta

299 5574 378 5613 ex
403 5557 787 5613 collectaneis
816 5555 1189 5625 Constantini
1221 5555 1503 5625 imperat,
1524 5551 1703 5625 Heus.

379 5628 491 5700 (11)
523 5630 901 5698 Quaecunque
936 5624 1119 5697 ῥησεις
1152 5627 1213 5681 in
1271 5623 1464 5680 Shidaa
1496 5623 1705 5700 Lexico
1759 5625 1960 5700 addito

298 5696 483 5756 Pselli
518 5701 780 5763 nomine,
805 5696 1116 5771 leguntur.
1148 5716 1251 5771 eas
1279 5713 1505 5771 omnes,
1540 5696 1827 5771 litisterus
1856 5697 1958 5771 ob-

308 5772 583 5838 servavit,
610 5772 824 5838 petitas
854 5765 985 5825 esse
1025 5788 1093 5825 ex
1129 5768 1430 5827 Michaelis
1460 5765 1637 5822 Pselli
1667 5767 1821 5823 libro
1870 5769 1959 5824 in-

310 5841 468 5916 dito,
500 5838 722 5901 multas
750 5842 980 5915 glossas
995 5857 1283 5911 vocesque
1299 5839 1582 5896 obscuras
1609 5838 1961 5910 explicante,

2052 4771 2293 4825 illorum
2326 4769 2708 4840 sententiam,
2746 4769 2857 4840 qui
2906 4773 3191 4833 statuant,
3219 4766 3287 4823 ex
3341 4767 3514 4823 Pselli
3546 4766 3698 4822 libro

2060 4841 2301 4896 Suidam
2330 4841 2527 4912 ipsum
2541 4839 2814 4912 quaedam
2846 4839 2908 4894 in
2939 4841 3197 4912 Lexicon
3239 4843 3699 4912 suumtranstu-

2059 4913 2222 4980 lisse,
2246 4916 2306 4965 et
2326 4910 2434 4967 sub
2459 4910 2699 4966 Alexion
2720 4911 3043 4975 Comneno,
3066 4916 3133 4965 ut
3153 4910 3339 4965 visum
3360 4910 3543 4966 etiam
3571 4912 3705 4966 Vos-

2061 4984 2173 5048 sio,
2204 4982 2363 5038 circa
2393 4983 2594 5038 seaculi
2616 4999 2672 5037 ιι
2726 4988 3054 5037 extremum
3108 4980 3402 5038 ﬂoruisse.
3435 4982 3608 5038 FARR.
3635 5012 3704 5023 —

2064 5054 2545 5126 Hambergerin:
2581 5053 2791 5110 Zuverl.
2848 5053 3048 5109 Nachr.
3095 5054 3189 5108 ιν.
3246 5070 3377 5126 pag.
3416 5056 3537 5117 185,
3570 5069 3706 5109 cum

2063 5126 2292 5199 Qudino
2315 5125 2623 5199 comment.
2644 5127 2712 5181 de
2728 5125 2942 5199 S_S._lv_.‘.,
2968 5130 3113 5181 tom.
3135 5125 3208 5193 Il,
3232 5125 3362 5199 pag.
3381 5126 3555 5199 ⁸1454,
3576 5141 3674 5199 me
3691 5152 3706 5166 -

2065 5197 2162 5253 dio
2193 5195 2412 5252 saaculo
2435 5213 2510 5252 xu
2528 5197 2735 5267 alligat
2751 5194 2945 5251 Suidas
2958 5200 3216 5264 mtatem,
3232 5194 3400 5267 quod
3420 5196 3563 5251 citet
3576 5195 3710 5251 loca

2064 5267 2336 5340 quaedam
2349 5268 2520 5323 Mich.
2538 5266 2712 5340 Pselli
2727 5284 2796 5323 ac
2813 5266 3106 5340 Simeonis
3120 5266 3526 5340 Metaphrastis
3541 5284 3556 5334 ;
3570 5283 3708 5340 cono

2066 5337 2157 5396 t'ra
2185 5339 2256 5395 ab
2292 5339 2596 5395 Eustathio
2618 5338 3131 5395 Thessalonicensi
3162 5337 3459 5406 laudetur,
3500 5337 3708 5393 Saxius

2065 5417 2263 5468 tamen
2293 5411 2417 5483 (qui
2466 5411 2668 5482 plures
2712 5410 2927 5483 laudat
2974 5411 3081 5464 VV.
3138 5410 3278 5483 DD.)
3308 5411 3371 5465 in
3392 5411 3706 5483 Quomast.

2065 5484 2152 5565 lit.
2164 5484 2271 5565 ﬁll,
2287 5477 2440 5565 pag;
2456 5477 2577 5551 154,
2601 5553 2612 5564 ⁸
2638 5481 2959 5565 subscribit
2974 5481 3329 5565 “sententia
3388 5478 3572 5565 P'agii,
3596 5477 3709 5565 qui

2066 5555 2129 5611 in
2158 5551 2737 5610 Critica'Baroniana
2755 5552 2831 5609 ad
2849 5569 2948 5608 an.
2972 5554 3095 5618 975,
3122 5569 3182 5608 n.
3207 5551 3350 5621 XIX,
3380 5551 3537 5604 «Hoc
3556 5553 3712 5621 tem-

2068 5648 2095 5677 ‹‹
2116 5642 2278 5698 pote.
2306 5628 2510 5696 inquit.
2531 5624 2806 5680 floruisse
2825 5623 3057 5678 videtur
3076 5622 3288 5677 Suidas
3390 5636 3528 5674 voce
3551 5618 3714 5675 enim

2069 5720 2097 5748 ι(
2118 5692 2308 5766 ’Ἀδὰμ
2337 5692 2599 5752 diversas
2629 5712 2925 5752 annorum
2955 5692 3714 5766 summasrolligenscom-

2070 5790 2099 5820 «ι
2118 5761 2485 5839 putationem
2511 5784 2681 5823 suam
2711 5766 3032 5822 terminant
3061 5763 3123 5817 in
3154 5762 3319 5839 obitu
3341 5763 3587 5839 loannis
3619 5761 3716 5815 Zi-

2072 5862 2100 5891 ‹‹
2118 5830 2350 5909 ὶιιὶεείβ,
2384 5838 2808 5912 imperat.,hoc
2823 5850 2980 5891 anno
3001 5839 3192 5889 morte
3223 5830 3461 5887 sublati.
3490 5853 3518 5881 ››
3542 5832 3716 5887 ΒΑΜ..

3732 6104 4011 6178 Δ
4026 6166 4027 6177 χ
