4036 6212
395 317 547 381 1211

1679 320 1987 383 SUIDAS.
2034 352 2111 364 -—
2152 320 2494 381 NOTlTlA.

3677 322 3873 386 1213

393 476 422 505 «‹
450 455 946 528 llesychio,quem
967 456 1424 528 compilabant,»
1446 456 1537 512 vel
1558 455 1692 513 aliis
1712 455 2039 529 glossariis,
2069 452 2125 521 Α
2153 454 2534 527 dilucideque
2558 456 2841 528 patefecit
2858 457 2934 514 cl.
2957 459 3259 525 Mullerus,
3278 464 3479 517 rector
3493 460 3563 518 Ci
3574 462 3863 529 tzensis,

394 560 556 599 nunc
586 544 761 601 nobis
789 544 1025 617 ignotis,
1058 545 1296 614 debere,
1330 545 1420 601 vel
1475 547 1715 618 proprio
1746 545 1944 601 studio
1975 561 2047 599 ex

394 640 657 689 veterum
690 632 1046 705 scriptorum
1104 634 1550 691 commentariis
1582 640 1641 690 et
1669 634 1913 690 scholiis
1944 650 2042 688 ex-

397 725 725 796 cerpsisse;
760 723 832 778 de
860 723 1074 797 glossis
1106 723 1290 780 sacris
1337 724 1726 795 Hesychianis
1769 722 1915 795 quid
1943 722 2043 778 alii

396 814 501 869 viri
533 812 688 868 docti
714 812 1009 883 judicent,
1024 814 1153 886 jam
1177 813 1429 869 vidimus
1452 813 1513 869 in
1536 813 1727 885 capite
1759 813 1832 868 de
1863 814 2046 884 Hesy-

397 904 567 971 chio;
602 902 842 959 Suidam
873 908 1071 959 autem
1103 921 1172 959 ex
1194 904 1327 959 aliis
1348 904 1726 977 potissimum
1758 904 2042 971 fontibus,

392 991 569 1047 hodie
600 992 921 1049 maximam
980 998 1209 1065 partem
1266 993 1426 1048 haud
1482 994 1719 1066 ignotis,
1752 994 2042 1062 hausisse,

394 1081 601 1137 itidem
634 1082 695 1137 in
726 1082 838 1137 hoc
868 1082 1058 1154 capite
1088 1082 1519 1138 adnotavimus.
1548 1113 1616 1123 —
1639 1082 1759 1138 Cel.
1792 1081 2043 1138 Schulzii

395 1173 698 1244 specimen
726 1172 1051 1231 Observatt.
1080 1172 1330 1227 miscell.
1355 1172 1415 1227 in
1444 1172 1685 1228 Suidam
1708 1172 1835 1244 jam
1867 1189 2048 1245 supra

392 1263 785 1320 laudavimus.
820 1264 919 1317 Vir
974 1268 1170 1319 autem
1229 1263 1384 1319 doct.
1440 1264 1819 1336 persequitur
1858 1264 2048 1319 multa

394 1354 586 1408 Suidas
611 1353 743 1408 loca
797 1352 869 1407 ab
928 1352 1129 1412 Ἀατος
1180 1369 1370 1423 usque
1426 1352 1501 1408 ad
1559 1352 1815 1428 Ἑφραθᾶ,
1857 1368 2044 1424 eaque

394 1443 570 1498 modo
601 1441 727 1496 face
767 1440 971 1496 critica
1024 1441 1301 1508 illustrat,
1361 1441 1538 1497 modo
1594 1441 1789 1497 fontes
1831 1442 2044 1514 aperit,

391 1530 551 1586 unde
582 1529 848 1584 hauserit
868 1529 1281 1594 Suidas,modo
1312 1546 1406 1585 res
1430 1529 1721 1602 verbaque
1749 1546 2044 1603 gramma-

393 1620 646 1675 ticorum
676 1634 839 1673 more
877 1618 1150 1690 explicat.
1216 1650 1277 1659 —
1337 1619 1553 1674 Locum
1611 1619 1805 1675 Suidas
1841 1620 2042 1692 Πτερο-

393 1707 620 1786 φοίτωρ,
655 1714 765 1764 etc.
798 1709 1115 1764 emendare
1146 1708 1536 1764 instituerunt
1558 1709 1821 1765 Brucker
1849 1714 1909 1765 et
1934 1711 2041 1765 Fa-

395 1798 616 1854 bricius
643 1798 703 1852 in
751 1798 973 1852 mutuis
1020 1797 1307 1869 epistolis,
1343 1798 1626 1869 subjectis
1656 1798 1935 1865 Reimari,
1970 1800 2045 1853 De
2075 1813 2124 1878 Β

392 1891 634 1942 vitr.etc.
660 1886 905 1941 Fabricii
922 1889 1582 1959 commentario,pag.225
1601 1904 1690 1959 sq.
1730 1918 1781 1927 -
1802 1886 2043 1943 Suidam

393 1978 708 2049 aliquoties
731 1975 1067 2031 emendavit
1080 1976 1290 2049 Taylor
1310 1976 1370 2031 in
1385 1976 1746 2032 lectionibus
1764 1976 2042 2049 Lysiacis,

392 2067 556 2140 prmi.
590 2066 753 2121 illius
784 2065 1031 2121 editioni
1063 2065 1531 2137 Lysim,Londini
1561 2065 1720 2129 1739,
1742 2068 1796 2135 4,
1822 2082 1952 2138 cap.
1986 2066 2038 2121 3.

392 2159 541 2214 Num
602 2161 799 2211 autem
850 2156 935 2211 lo.
994 2154 1224 2226 Taylori
1301 2154 1600 2227 appendix
1651 2158 1925 2211 notarum
1986 2154 2048 2210 in

393 2246 586 2301 Suidas
618 2246 868 2300 Lexicon
898 2247 972 2313 (ν.
1006 2245 1417 2317 Bruggemann
1452 2245 1602 2300 View
1623 2247 1691 2314 of
1703 2245 1792 2300 the
1816 2244 2049 2314 English

390 2338 665 2403 Editions,
698 2340 833 2400 etc.,
867 2352 995 2408 pag.
1048 2337 1192 2405 448),
1253 2334 1449 2390 lucem
1505 2334 1738 2401 viderit,
1771 2334 2049 2407 equidem

393 2430 616 2485 nescio.
652 2427 938 2483 Villoison
970 2428 1033 2483 in
1062 2428 1270 2484 Anecd.
1305 2428 1399 2484 Gr.
1431 2428 1506 2493 Il,
1536 2444 1666 2499 pag.
1702 2427 1792 2496 31,
1825 2444 1885 2482 n.
1923 2431 2051 2496 l,et

394 2535 525 2591 pag.
566 2520 687 2579 163,
708 2522 856 2584 not..,
883 2517 998 2572 duo
1023 2516 1214 2572 Suida)
1236 2516 1367 2571 loca
1391 2515 1653 2571 illustrat
1673 2516 2044 2571 emendatve.

396 2607 505 2662 Sed
538 2607 842 2661 inﬁnitum
874 2606 1041 2668 foret,
1065 2606 1268 2661 omnia
1298 2621 1618 2679 congerere
1649 2610 1703 2660 et
1738 2605 2045 2673 adnotare,

395 2714 527 2766 quas
555 2696 987 2763 Hemsterhus.,
1035 2696 1481 2763 Valckenarius,
1525 2696 1853 2765 Markland,
1885 2695 2049 2751 Pier-

396 2802 526 2851 son,
559 2786 743 2853 Koen,
776 2786 1132 2857 interpretes
1183 2784 1256 2840 ad
1305 2786 1590 2841 Thomam
1648 2787 1792 2857 Mag.
1826 2785 2047 2856 aliique

395 2875 567 2931 multi
597 2874 705 2930 viri
736 2876 932 2930 Graace
964 2874 1119 2931 docti
1149 2876 1369 2946 passim
1399 2875 1461 2931 in
1485 2876 1643 2931 notis
1673 2876 1748 2932 ad
1778 2880 2049 2933 auctores

393 2966 674 3022 classicos
738 2970 841 3021 aut
886 2965 1027 3020 alibi
1076 2966 1138 3021 in
1196 2965 1364 3021 libris
1413 2965 1618 3036 Obss.,
1665 2966 2049 3023 Emendatio—

394 3072 559 3126 num,
594 3059 729 3127 etc.,
763 3054 836 3111 ad
869 3055 1107 3111 Suidam
1142 3054 1562 3111 illustrandum
1600 3056 2049 3128 corrigendum-

393 3162 507 3218 que
536 3146 696 3202 varia
750 3145 982 3200 ratione
1040 3149 1099 3199 et
1149 3144 1390 3201 fortuna
1418 3145 1819 3201 contulerunt.
1853 3146 2046 3201 Pauca
2073 3176 2119 3247 α

392 3239 623 3291 tantum
688 3234 950 3291 indicare
1001 3232 1149 3288 libet
1199 3250 1398 3305 opera,
1458 3233 1523 3289 in
1575 3233 1814 3305 quibus,
1845 3232 2047 3289 dedita

391 3341 571 3396 opera
602 3328 660 3378 et
688 3323 925 3395 copiose
984 3327 1379 3393 pertractatur
1433 3322 1625 3378 Suidas
1673 3322 1948 3378 Lexicon.
1977 3352 2048 3365 —-

392 3413 624 3469 Ernesti
648 3412 856 3483 junior
884 3412 946 3467 in
978 3412 1200 3467 Comm.
1237 3410 1310 3466 de
1343 3409 1611 3484 ProcOpii
1642 3412 1855 3467 Cmsar.
1882 3428 2049 3468 com-

391 3502 723 3568 mentariis,
757 3506 894 3569 etc.,
925 3517 1055 3573 pag.
1089 3501 1144 3566 4,
1166 3504 1420 3567 notarat,
1444 3500 1744 3557 Olearium
1775 3500 2048 3573 exemplo

395 3609 500 3646 suo
528 3591 748 3646 multas
809 3589 967 3645 obss.
1027 3589 1232 3644 doctas
1287 3589 1657 3661 ascripsisse.
1699 3591 1913 3646 Postea
1942 3589 2048 3645 viri

396 3680 559 3734 illius
588 3678 1005 3733 humanissimi
1028 3694 1171 3733 cura
1194 3678 1253 3732 in
1277 3678 1473 3733 lucem
1506 3678 1623 3733 illa)
1647 3678 1999 3750 prodierunt
2017 3695 2049 3734 e

395 3768 659 3823 tenebris
688 3768 750 3821 in
781 3767 934 3822 libro
966 3766 1252 3838 inscripto
1284 3783 1296 3820 :
1327 3769 1411 3821 J0.
1448 3766 1837 3837 Aug.Ernesti
1856 3768 2052 3823 Obser-

398 3862 536 3910 ralt.
590 3854 940 3926 philologica
975 3856 1180 3909 critica:
1238 3856 1297 3909 in
1359 3855 1739 3926 Aristophanis
1778 3856 1969 3911 Nubes
2001 3862 2051 3912 et

398 3945 578 4000 Flavii
605 3943 830 4015 Iosephi
856 3944 1099 4014 Antiqq.
1130 3942 1260 3999 Jud.
1293 3945 1704 4000 Accesserant.
1736 3944 2050 4000 Godofredi

399 4033 613 4091 Olearii
643 4040 792 4090 nota:
820 4033 895 4089 ad
922 4018 1392 4104 SuidamLipsiaa
1426 4036 1583 4100 1795,
1612 4032 1808 4089 Mai.8.
1848 4033 2056 4089 Enim—

396 4140 532 4179 vero
563 4127 718 4178 notse
748 4122 821 4178 ad
853 4120 1114 4189 Suidam,
1145 4138 1275 4193 quae
1315 4123 1614 4179 immerito
1645 4122 2055 4179 attribuuntur

398 4213 652 4277 Oleario,
685 4217 743 4269 et
772 4211 1148 4285 potissimum
1181 4216 1453 4283 spectant
1498 4211 1572 4268 ad
1623 4229 1719 4269 res
1748 4213 2055 4268 homines—

398 4314 533 4375 que,
568 4301 640 4357 de
670 4301 887 4373 quibus
918 4317 1113 4356 sermo
1135 4305 1225 4355 est
1245 4300 1400 4372 apud
1427 4301 1687 4369 Suidam,
1709 4302 2054 4359 Reinesium

394 4393 594 4465 potius
623 4390 848 4447 habent
892 4396 1223 4462 parentem.
1257 4421 1325 4430 —
1357 4391 1460 4446 Hic
1490 4391 1652 4446 enim
1683 4391 1772 4446 vir
1809 4391 2052 4447 doctiss.

395 4488 457 4536 et
499 4480 928 4536 solertissimus
986 4477 1200 4543 Suidas,
1260 4477 1333 4534 ab
1392 4479 1626 4535 .Emilio
1658 4481 1834 4535 Porto
1886 4480 2052 4548 editi,

2157 545 2219 600 in
2249 546 2449 615 Progr.
2504 544 2575 600 de
2627 546 2827 615 Suida,
2878 547 3388 605 observationibus
3417 551 3717 606 Reinesii
3762 568 3871 605 oro
3978 592 3987 603 .

2157 638 2317 700 nato,
2346 633 2516 688 Citzm
2573 638 2633 689 et
2688 635 2897 706 Lipsiaa
2954 638 3110 705 1796,
3142 640 3193 691 8.
3230 637 3393 693 Idem
3436 637 3689 699 docuit,
3718 640 3871 709 jam

2156 722 2472 778 Kusterum
2505 722 2680 777 tacite
2712 738 3033 796 usurpasse
3079 724 3393 781 observatt.
3426 726 3575 782 illas
3616 728 3869 783 Reine-

2158 825 2375 866 818.1188.

2226 899 2293 953 In
2328 899 2537 970 primis
2579 900 2858 957 notandus
2888 906 3030 957 sunt
3055 904 3141 958 lo.
3174 903 3377 975 Toupii
3410 905 3869 961 emendationes

2155 990 2213 1045 in
2239 987 2491 1059 Suidam,
2523 989 2584 1044 in
2616 990 2831 1062 quibus
2888 991 3149 1063 plurima
3196 991 3325 1048 loca
3355 997 3493 1048 vett.
3536 995 3746 1048 Graec.
3790 1026 3865 1035 —-

2155 1084 2281 1135 tum
2313 1078 2703 1151 explicantur,
2737 1087 2863 1136 tum
2894 1082 3293 1138 emandantur
3314 1126 3328 1151 ,
3364 1084 3635 1138 Londini
3680 1087 3864 1139 i760-

2158 1172 2316 1235 1767,
2350 1176 2491 1226 tom.
2525 1171 2627 1238 IIl,
2658 1173 2710 1226 8.
2744 1202 2815 1213 -—
2854 1172 3136 1244 Ejusdem
3199 1175 3439 1243 Epistola
3501 1178 3730 1231 critica
3780 1176 3861 1231 ad

2157 1261 2510 1319 Galielmum
2570 1264 2751 1335 episc.
2807 1264 3090 1320 Glocestr.
3154 1265 3403 1321 Londini
3466 1269 3645 1329 1767,
3690 1268 3750 1320 8.
3786 1297 3863 1307 -—-

2154 1349 2433 1422 Ejusdem
2463 1366 2609 1406 cura:
2636 1353 2940 1408 novissime
2993 1371 3040 1408 s.
3091 1353 3488 1425 appendicula
3546 1360 3859 1410 notarum

2158 1444 2217 1494 et
2243 1439 2735 1497 emendationum
2794 1442 2857 1497 in
2914 1441 3178 1511 Suidam,
3218 1447 3354 1509 etc.,
3389 1443 3537 1498 ibid.
3576 1446 3765 1509 1⁸775,
3800 1447 3861 1497 8.

2156 1529 2294 1593 Quae
2327 1528 2529 1585 omnia
2558 1529 2817 1600 primum
2843 1547 3054 1586 recusa
3076 1536 3215 1587 sunt
3244 1532 3423 1603 hujus
3456 1534 3807 1587 sententia:
3838 1552 3853 1587 :

2156 1619 2246 1673 Io.
2284 1619 2455 1688 Toup.
2512 1620 2774 1689 opuscula
2828 1622 3044 1682 critica,
3106 1620 3314 1692 Lipsiaa
3372 1623 3515 1675 1780
3568 1626 3637 1676 et
3676 1624 3853 1687 1781,

2154 1707 2518 1774 tom.ll,8.--
2540 1707 2764 1763 Deinde
2782 1724 2915 1764 cum
2934 1709 3152 1781 insigni
3168 1711 3511 1766 accessione
3532 1728 3851 1766 novarum

2155 1793 2217 1848 in
2240 1792 2481 1849 Suidam
2503 1794 3085 1852 animadversionum
3109 1802 3287 1869 atque
3320 1798 3849 1853 emendationum

2154 1880 2219 1935 in
2250 1880 2605 1951 Hesychium
2638 1881 3005 1947 uberiorum,
3066 1889 3126 1940 et
3179 1885 3239 1939 in
3300 1884 3611 1940 Pollucem
3650 1891 3847 1954 atque

2158 1971 2682 2042 Harpocrationem
2707 1972 3147 2043 pauciorum,et
3167 1973 3492 2046 appendice
3514 1976 3845 2045 Tyrwhitti

2157 2058 2430 2131 aliusque
2452 2060 2873 2116 V.D.notarum
2906 2062 2968 2116 in
2998 2062 3205 2133 Toupii
3231 2061 3561 2118 emendatt.
3589 2064 3655 2118 in
3694 2064 3845 2119 Sui-

2160 2145 2601 2217 dam,defuncto
2618 2150 3100 2217 auctore,iterum
3122 2150 3185 2206 in
3206 2151 3415 2224 Anglia
3436 2168 3589 2207 cura
3608 2160 3677 2207 et
3699 2170 3843 2208 cum

2158 2235 2505 2309 praefatione
2535 2238 2740 2295 Thom.
2766 2239 3077 2312 Burghess.
3104 2240 3246 2296 edit.
3267 2246 3406 2296 sunt
3433 2257 3579 2297 eum
3611 2243 3844 2297 inscri-

2157 2325 2391 2400 ptione:
2417 2327 2834 2384 Emendationes
2852 2329 2911 2383 in
2931 2329 3161 2385 Suidam
3182 2336 3233 2386 et
3248 2329 3589 2400 Hesychium
3610 2339 3667 2385 et
3692 2332 3845 2386 alios

2161 2416 2575 2487 lexicographos
2622 2417 2854 2475 Gw'zcos.
2906 2418 3154 2490 Scripsit
3185 2419 3272 2476 Jo.
3303 2419 3486 2491 Toup.
3548 2420 3839 2475 ecclesias

2159 2505 2389 2563 cathed.
2424 2507 2607 2563 Exon.
2629 2506 3077 2578 prasbendarius
3108 2512 3169 2563 et
3197 2507 3466 2564 ecclesiae
3491 2509 3552 2564 S.
3582 2511 3833 2565 Martini

2159 2612 2294 2652 cum
2324 2595 2554 2667 capella
2582 2596 2654 2651 de
2684 2597 2800 2652 Loo
2851 2598 2911 2652 in
2971 2614 3111 2670 agro
3171 2597 3565 2654 Cornubiensi
3602 2604 3835 2655 rector.

2159 2684 2367 2741 Oxonii
2399 2701 2431 2740 e
2464 2685 2863 2758 typographeo
2907 2686 3266 2743 Clarendon.
3350 2690 3476 2755 790,
3510 2689 3568 2751 8,
3604 2690 3677 2743 IV
3708 2689 3830 2744 vol.

2158 2775 2340 2846 Toup.
2374 2778 2501 2830 erat
2529 2778 2697 2830 actus
2756 2774 3001 2847 quidem
3054 2776 3315 2843 criticus,
3350 2775 3453 2832 sed
3488 2777 3673 2833 etiam
3710 2780 3833 2834 im-

2158 2861 2498 2919 moderatus
2519 2867 2697 2935 atque
2719 2863 3224 2932 inhumanus,nec
3247 2881 3381 2921 raro
3406 2866 3663 2939 agrestis
3686 2884 3834 2937 erga

2157 2950 2326 3006 alios.
2344 2952 2492 3005 Num
2514 2967 2648 3007 vero
2671 2951 2975 3007 Pearsonii
2998 2955 3059 3007 et
3077 2951 3378 3008 Aerunii
3399 2952 3619 3023 opibus
3640 2952 3834 3009 fuerit

2156 3037 2482 3111 adjutus,et
2503 3038 2812 3103 alieno,uti
2838 3040 3215 3107 aiunt,vitulo
3237 3040 3440 3109 ararit,
3466 3042 3551 3096 uti
3582 3042 3832 3098 Eckard

2158 3128 2251 3184 in:
2272 3149 2303 3179 ‹‹
2337 3127 2681 3184 Uebersicbt
2705 3128 2811 3184 der
2838 3129 3044 3185 Oerter
3064 3159 3131 3170 --
3158 3128 3281 3185 und
3308 3129 3696 3186 Grund~salze
3725 3148 3831 3187 zur

2157 3238 2187 3267 «
2219 3216 2567 3272 Geschichte
2597 3216 2704 3271 der
2756 3215 3197 3283 Bibliotheken,
3232 3239 3260 3267 »
3290 3234 3422 3290 pag.
3458 3219 3581 3284 115,
3620 3220 3825 3291 suspi-

2154 3310 2321 3361 catus
2359 3304 2482 3361 fere
2513 3310 2621 3374 est,
2663 3306 2943 3377 equidem
2993 3308 3196 3363 nescio
3228 3312 3284 3362 et
3314 3323 3401 3361 VIX
3431 3306 3822 3364 crediderim.

2153 3425 2224 3436 —
2252 3394 2602 3468 Ingeniosus
2633 3411 2891 3466 quoque,
2952 3400 3013 3451 at
3068 3413 3220 3468 pene
3251 3395 3536 3451 audacior
3563 3398 3817 3453 criticas

2157 3488 2264 3540 est.

2229 3571 2524 3628 Gilbertus
2539 3572 2864 3628 Wakeﬁeld
2886 3573 2948 3629 in
2971 3596 2999 3623 ‹‹
3025 3573 3182 3629 Lilva
3211 3574 3434 3639 critica,
3460 3575 3582 3629 sive
3615 3575 3680 3631 in
3712 3592 3815 3631 au-

2159 3684 2186 3713 «
2202 3668 2397 3718 ctores
2409 3678 2608 3718 sacros
2625 3663 2760 3734 prof
2759 3680 3025 3734 anosque
3050 3663 3476 3727 commentario
3490 3664 3811 3739 philologi-

2159 3775 2188 3803 ‹‹
2212 3769 2346 3807 co.»
2363 3751 2755 3825 Cantabrigiaa
2772 3755 3155 3821 1789-17953,
3172 3756 3214 3807 V
3236 3759 3414 3824 part.,
3439 3755 3539 3824 qui
3564 3771 3676 3826 per
3696 3772 3817 3810 om-

2159 3859 2267 3898 nes
2284 3842 2549 3914 quinque
2571 3848 2768 3913 partes
2789 3842 3023 3898 criticas
3042 3842 3102 3897 in
3129 3842 3369 3898 Suidam
3388 3843 3566 3898 modo
3594 3846 3821 3915 parcio-

2158 3931 2428 3999 re,modo
2449 3930 2791 3987 liberaliore
2815 3947 2995 3987 manu
3010 3932 3227 4004 sparsit
3240 3931 3635 3988 animadversi
3656 3951 3822 3989 ones.

2232 4020 2585 4077 Praeclaram
2616 4020 2935 4091 futuraque
2993 4020 3188 4077 Suidm
3247 4020 3462 4077 editori
3495 4021 3815 4079 admodum

2161 4111 2372 4167 utilem
2402 4125 2641 4182 Operam
2674 4110 2955 4181 suscepit,
2979 4110 3233 4182 aliisque
3258 4113 3609 4167 monstravit
3636 4113 3810 4181 viam,

2162 4216 2231 4255 ex
2262 4199 2396 4255 aliis
2428 4197 2671 4254 scholiis
2704 4203 2762 4254 et
2791 4198 3096 4272 glossariis
3121 4200 3246 4270 pari
3276 4200 3507 4256 ratione
3539 4206 3596 4255 et
3626 4202 3814 4256 consi-

2162 4289 2242 4344 lio
2276 4286 2613 4343 illustrandi
2645 4287 3121 4359 emendandique
3156 4287 3366 4355 Suidas,
3403 4288 3477 4344 cl.
3522 4289 3815 4361 Hoepl‘ne-

2161 4396 2286 4445 rus,
2318 4381 2576 4433 conrect.
2612 4376 2911 4447 Gymnasii
2972 4376 3259 4431 Islebens.
3319 4378 3539 4449 optime
3570 4380 3813 4435 meritus

2163 4467 2285 4538 (qui
2317 4465 2444 4538 ipse
2475 4464 2797 4536 aliquando
2815 4481 3025 4520 novam
3056 4464 3460 4522 meditabatur
3482 4467 3815 4540 Lexicogra-

396 4569 740 4642 exemplari,
776 4568 935 4640 quod
964 4567 1134 4623 Cium
1163 4567 1225 4623 in
1257 4567 1403 4624 bibl,
1438 4567 1674 4640 publica
1704 4569 1897 4625 adhuc
1928 4586 2049 4626 sep.
2085 4550 2129 4615 Ι)
2160 4555 2260 4629 phi
2293 4555 2638 4621 editionem,
2671 4553 2773 4610 sed
2807 4554 3020 4610 deinde
3051 4553 3370 4610 consilium
3403 4555 3809 4627 adjecit),dum

394 4665 583 4724 vatur,
619 4658 807 4713 multa
835 4656 1214 4729 ascripserat,
1235 4657 1452 4728 quibus
1479 4658 1810 4715 versionem
1844 4675 2049 4715 emen-

394 4747 564 4803 darat
596 4748 881 4813 Latinam,
906 4746 994 4801 vel
1018 4750 1241 4802 textum
1266 4747 1483 4818 ipsum,
1508 4747 1804 4819 praecipue
1837 4764 2052 4804 secun-

395 4836 537 4891 dum
559 4836 699 4891 edit.
724 4835 1175 4901 Mediolanens.,
1196 4853 1351 4908 saepe
1382 4853 1490 4908 per
1518 4836 2054 4909 conjecturam,aut

395 4940 503 4996 per
522 4925 1028 4995 comparationem
1049 4930 1359 4980 auctorum
1383 4941 1414 4981 e
1436 4925 1652 4996 quibus
1674 4924 1884 4982 Suidas
1915 4942 2052 4982 suas

393 5013 593 5069 hausit
617 5013 864 5085 glossas,
888 5013 1198 5085 supplerat
1226 5013 1494 5081 lacunas,
1517 5020 1621 5070 aut
1648 5031 1844 5071 veram
1875 5016 2050 5071 resti-

394 5107 589 5159 tuerat
616 5102 959 5169 lectionem,
991 5103 1209 5174 smpius
1238 5103 1484 5159 nomina
1512 5104 1878 5176 explicuerat
1904 5122 2050 5177 pro-

396 5190 526 5268 pria
556 5205 883 5260 eorumque
913 5189 1031 5243 vim
1089 5195 1144 5244 et
1202 5195 1557 5261 potestatem
1588 5196 1689 5247 aut
1717 5191 2049 5261 historiam,

392 5286 496 5336 aut
517 5279 683 5335 novis
705 5278 1114 5350 locupletarat.
1146 5280 1260 5334 Has
1288 5279 1674 5336 Reinesianas
1697 5280 2055 5338 observatio-

394 5387 502 5426 nes
518 5370 581 5426 in
600 5384 773 5425 suum
791 5369 1060 5425 Olearius
1078 5369 1467 5425 transtulerat
1482 5370 1814 5442 exemplar:
1835 5373 2053 5428 multas

396 5464 595 5515 tamen
655 5464 858 5515 acutas
916 5457 1175 5514 Reinesii
1237 5457 1692 5515 emendationes
1731 5459 2055 5532 doctasque

397 5550 796 5622 expositiones
829 5548 1110 5621 neglexit,
1170 5553 1378 5604 contra
1437 5548 1709 5621 proprias
1743 5550 2054 5621 quasdam,

395 5655 614 5712 easque
669 5639 973 5696 interdum
1033 5636 1288 5695 leviores
1322 5637 1580 5707 adlevit;
1634 5638 1718 5710 id,
1751 5639 1907 5712 quod
1937 5639 2056 5697 late

2159 4644 2373 4702 edidit:
2397 4668 2422 4694 α
2441 4643 2779 4701 Glossarum
2797 4643 2989 4699 Suidas
3004 4661 3034 4698 e
3051 4643 3338 4715 SOphocle
3356 4645 3605 4717 ejusque
3628 4646 3806 4703 schol.

2160 4736 2693 4808 «depromptarum
2747 4735 3050 4807 specimen
3107 4735 3129 4788 1
3186 4735 3523 4791 accuratius
3553 4735 3807 4809 collegit,

2159 4847 2189 4876 α
2208 4824 3453 4895 emendavit,illustravitl.G.C.Hoepfnerin
3471 4826 3695 4880 :Neuen
3708 4828 3811 4882 Ma-

2167 4935 2189 4965 ι
2213 4915 2377 4988 gazin
2394 4913 2489 4969 fur
2508 4912 2784 4969 Schulleh
2794 4929 2907 4977 rer,
2925 4912 3410 4986 herausgegeben
3427 4929 3537 4968 von
3560 4915 3811 4971 G.A.Bu-

2165 5029 2192 5057 α
2216 5005 2367 5079 perti
2390 5002 2513 5060 und
2534 5005 2598 5059 Η.
2627 5002 3115 5073 Schilchthorst,»
3142 5009 3262 5059 tom
3289 5004 3800 5077 I,part.1,pag.250,

2161 5099 2286 5154 264.
2318 5127 2387 5137 -
2417 5097 2701 5166 Specimen
2730 5097 2789 5150 II
2814 5093 2955 5150 ibid.
2989 5100 3143 5166 part.
3176 5112 3241 5161 ιι,
3274 5111 3407 5167 pag.
3441 5097 3546 5151 452
3570 5097 3693 5151 474.
3741 5126 3804 5138 -

2163 5185 2450 5258 Specimen
2476 5186 2562 5240 111
2588 5184 2647 5238 in
2704 5182 3051 5240 eorumdem
3107 5184 3403 5240 editorum
3436 5187 3691 5253 Magazin
3718 5188 3806 5254 fur

2162 5274 2511 5345 Philologen,
2543 5277 2684 5328 tom.
2716 5273 2762 5337 Ῑ,
2811 5288 2941 5345 pag.
3004 5273 3260 5327 146-154.
3296 5303 3361 5313 -
3391 5274 3474 5327 Ex
3502 5272 3596 5327 his
3624 5273 3802 5328 mani-

2162 5365 2380 5421 festum
2413 5364 2497 5431 tit,
2532 5368 2790 5434 quantus
2820 5367 3019 5434 pateat
3048 5378 3292 5434 campus
3324 5363 3375 5417 ei
3410 5363 3509 5433 qui
3545 5363 3601 5417 in
3636 5362 3803 5419 Suida

2163 5454 2533 5511 restituendo
2564 5455 2716 5509 vires
2745 5453 2968 5525 ingenii
3030 5458 3206 5524 atque
3264 5453 3613 5510 eruditionis
3645 5469 3797 5508 exer-

2164 5561 2297 5601 cere
2327 5544 2486 5599 velit.
2526 5544 2698 5599 HARL.
2760 5543 2951 5616 [Post
3006 5541 3293 5615 Ludolphi
3352 5543 3585 5598 Kusteri
3645 5541 3800 5598 ditio.

2165 5657 2305 5698 nem
2361 5656 2517 5698 anno
2599 5642 2756 5707 1705,
2828 5637 3215 5713 Cantabrigias
3285 5638 3503 5707 datam,
3564 5638 3801 5694 Lexicon
