4070 6196
372 397 527 457 1217

1695 394 1793 456 DE
1834 393 2125 463 QUIBUS
2167 391 2479 457 SUIDAS.

3630 410 3788 469 1218

437 530 779 587 Acamatius
812 527 1301 599 Heliopolitanus,
1335 528 1674 600 phi1050phi
1730 530 2016 584 affectans
2051 531 2100 596 Α
2202 527 2453 599 Αῐάθείει,
2506 528 2919 600 Alexandrina,
2982 532 3233 588 Hermiaa
3298 551 3466 603 uxor,
3528 547 3787 609 cognata

372 636 617 683 nomen,
652 636 787 673 cum
816 617 979 671 rudis
1013 623 1170 672 esset
1200 623 1258 671 et
1287 618 1623 688 imperitus.

2139 616 2393 688 Syriani,
2427 617 2602 687 ﬁlios,
2626 620 3008 676 Ammonium
3033 629 3090 676 et
3107 623 3575 694 Heliodorum,in
3598 630 3789 700 philo-

446 710 719 774 Acbteus,
752 708 1179 779 Syracusanus,
1216 708 1490 779 tragicus,
1527 708 1765 779 scripsit
1822 715 2027 778 tragae-
2133 706 2344 778 sophia
2373 706 2731 763 erudiendos
2759 711 2981 765 curavit
3012 729 3045 766 a
3076 713 3303 769 Proclo.

367 801 492 856 dias
523 799 724 853 decem.

444 890 713 955 Achazus,
735 886 1053 958 Pythodori
1082 904 1185 942 seu
1208 887 1620 959 Pythodoridis
1643 889 1701 943 F.
1729 888 2022 942 Eretrien-

372 980 476 1047 sis,
510 978 788 1050 tragicus,
832 977 1031 1031 docuit
1084 977 1303 1045 fabulas
1358 979 1543 1045 XLIV,
1604 977 1715 1044 vel,
1776 981 1842 1030 ut
1897 974 2022 1039 alii,

368 1069 545 1137 XXX,
603 1066 694 1120 vel
752 1067 943 1136 XXIV,
1014 1082 1263 1136 quarum
1315 1083 1436 1122 una
1490 1066 1645 1121 vicit.
1730 1062 2022 1135 Sophocle

366 1157 543 1229 paulo
566 1155 793 1228 junior,
814 1171 947 1209 cum
974 1154 1250 1225 Euripide
1273 1155 1504 1210 fabulas
1529 1154 1714 1209 edidit
1741 1153 1814 1209 ab
1836 1153 2022 1224 olym-

367 1249 540 1320 piade
576 1247 865 1301 LXXXIII.

435 1337 668 1405 Achias,
702 1335 1011 1407 propheta.

441 1425 694 1481 Achilles
726 1425 967 1494 Statius,
1026 1422 1482 1492 Alexandrinus,
1531 1423 1769 1494 scripsit
1793 1420 1859 1475 τὰ
1882 1422 2018 1475 κατὰ

372 1514 687 1582 Λευκίππην
719 1511 809 1565 καὶ
838 1509 1228 1584 Κλειτογῶντα
1257 1510 1348 1564 καὶ
1407 1508 1551 1565 ἄλλα
1602 1509 1853 1584 ἐρωτικὰ,
1883 1534 1910 1562 ‹‹
1945 1510 2016 1566 de

362 1626 390 1655 ‹‹
426 1604 715 1674 Leucippe
751 1609 808 1657 et
840 1602 1231 1673 Clytophonte
1267 1606 1326 1655 et
1355 1601 1474 1656 alia
1503 1602 1791 1656 amatoria
1846 1600 2015 1655 libris

364 1694 501 1746 VIII.
542 1714 567 1739 ››
599 1691 861 1745 Tandem
893 1691 1083 1745 factus
1138 1690 1509 1745 Christianus
1565 1696 1624 1744 et
1673 1691 2007 1761 episcopus.

359 1782 604 1852 Scripsit
633 1779 756 1853 περὶ
789 1781 1018 1856 σφαίρας
1049 1778 1139 1833 καὶ
1180 1777 1635 1853 ἐτυμολογίας,άε
1685 1781 1925 1850 sphaera,
1960 1786 2012 1834 et

363 1871 712 1941 etymoloyia,
739 1876 795 1923 et
815 1867 1055 1943 ἱστορίαν
1084 1868 1414 1940 σύμμικτον.
1439 1871 1725 1925 historiam
1747 1870 2012 1925 miscella-

358 1976 536 2027 neum,
568 1976 699 2029 quae
725 1958 1050 2013 multorum
1077 1963 1135 2013 et
1165 1974 1517 2030 magnorum
1544 1960 1801 2014 virorum
1842 1975 2009 2013 men-

362 2048 589 2102 tionem
618 2046 778 2102 facit.
815 2046 1013 2118 Stylus
1042 2046 1264 2117 ubique
1289 2046 1502 2101 similis
1528 2047 1616 2101 illi
1642 2063 1758 2117 quo
1781 2047 1843 2101 in
1856 2064 2010 2102 ama-

362 2138 530 2193 toriis
560 2138 766 2192 utitur.

428 2227 691 2295 Acesius,
725 2227 1183 2282 Novatianorum
1215 2228 1549 2299 episcopus,
1604 2227 1703 2297 qui
1753 2227 2007 2283 concilio

361 2317 641 2386 (Nicaano)
673 2316 962 2371 interfuit.

419 2411 632 2472 Acron,
690 2406 1121 2477 -Acigentinus,
1207 2405 1496 2473 medicus,
1581 2405 1835 2461 Xenonis
1920 2407 2003 2474 F.,

350 2496 595 2550 Athedis
625 2492 1017 2570 ἐσοφίστευσεν,
1046 2494 1487 2566 philosophiam
1544 2495 1746 2550 docuit
1788 2498 2003 2567 Empe-

347 2583 533 2637 doclis
582 2589 864 2655 tempore,
924 2589 1059 2639 ante
1114 2585 1526 2655 Hippocratem
1587 2585 1825 2655 scripsit
1881 2582 2004 2658 περὶ

359 2672 626 2741 ῗατρικῆς,
660 2674 726 2727 de
773 2680 894 2728 arte
949 2675 1178 2729 medica.
1241 2674 1448 2729 Dorice
1504 2680 1561 2728 et
1612 2672 1736 2747 περὶ
1794 2679 2001 2749 τροφῆς

353 2760 625 2833 ὑγιεινῶν,
657 2763 723 2816 de
760 2762 971 2817 salubri
1022 2765 1193 2817 victus
1248 2766 1482 2817 ratione.
1543 2765 1643 2817 Est
1698 2763 1794 2818 hic
1850 2779 2003 2818 unus

351 2852 615 2920 illorum,
650 2854 748 2923 qui
781 2859 1089 2908 ventorum
1120 2854 1383 2909 rationes
1415 2854 1891 2910 observaverunt.

416 2941 747 3010 Acusilaus,
781 2943 951 2997 Cabaa
983 2944 1041 2999 F.
1078 2945 1343 3016 Argivus,
1377 2960 1446 2997 ex
1505 2944 1777 3009 Cercade,
1832 2944 2002 3015 oppi-

347 3029 421 3085 do
458 3048 640 3102 prope
675 3032 969 3101 Aulidem,
1004 3034 1321 3087 historicus
1351 3034 1826 3104 antiquissimus,
1854 3034 1999 3088 scri-

347 3120 465 3190 psit
495 3121 899 3193 Genealogias,
935 3123 1117 3176 aeneis
1148 3139 1290 3177 usus
1318 3122 1548 3189 tabulis,
1575 3124 1635 3177 in
1659 3140 1806 3193 quas
1828 3123 1997 3177 aiunt

346 3216 573 3280 patrem
598 3212 647 3282 ej
660 3228 725 3265 us
748 3210 1050 3278 incidisse,
1075 3228 1210 3266 cum
1232 3212 1428 3267 locum
1446 3210 1764 3281 quemdam
1790 3211 2000 3265 domus

348 3316 471 3354 sua:
504 3301 748 3356 foderet.

420 3390 748 3459 Acusilaus,
784 3391 1189 3456 Atheniensis,
1218 3390 1573 3462 Agathocliaa
1608 3392 1689 3457 F.,
1737 3391 1835 3460 qui
1886 3392 1999 3446 Ilo--

344 3494 508 3532 mam
542 3486 805 3551 tempore
838 3481 1032 3535 Galba:
1064 3481 1327 3547 veniens,
1353 3497 1423 3534 ex
1461 3480 1717 3535 oratoria
1766 3485 1995 3535 tantum

341 3575 433 3622 est
454 3568 807 3638 lucratus,ut
830 3571 1294 3625 Atheniensibus
1316 3576 1555 3625 centum
1580 3569 1766 3624 millia
1784 3568 1996 3624 drach-

344 3674 576 3712 marum
609 3660 669 3713 in
701 3660 903 3715 fenore
936 3661 1128 3731 posita
1160 3660 1510 3730 reliquierit.

416 3748 648 3802 Admeti
686 3746 851 3818 μέλος
885 3756 943 3803 et
975 3749 1300 3818 Harmodii,
1352 3750 1424 3803 de
1468 3749 1646 3803 rebus
1694 3747 1989 3815 facilibus,

343 3832 561 3901 σκολιὰ,
594 3839 880 3905 carmina,
913 3839 986 3894 ad
1018 3839 1214 3894 vinum
1247 3838 1551 3895 decantari
1582 3838 1776 3894 solita.

414 3926 733 3991 Adrianus,
768 3928 908 3998 imp.
963 3926 1113 4003 φύσει
1171 3924 1476 4003 φιλόλογος
1532 3924 1582 3978 ἐν
1642 3925 1865 4000 ἑκατέρᾳ
1918 3928 1988 3999 τῇ

336 4009 562 4087 γλώσσῃ
599 4013 687 4067 καί
718 4035 836 4068 τινα
866 4016 1001 4083 πεζὰ
1050 4016 1133 4069 χαί
1196 4014 1247 4070 ἐν
1309 4011 1456 4069 ἔπεσι
1516 4016 1798 4085 ποιήματα
1854 4035 1989 4069 παν-

339 4098 554 4156 magna
584 4101 862 4172 κατέλιπε,
897 4129 922 4154 ι(
958 4112 1171 4161 natura
1202 4106 1487 4161 doctrinm
1518 4122 1724 4161 amans
1755 4105 1816 4158 in
1835 4110 1989 4160 utra-

334 4213 361 4241 ‹‹
390 4209 504 4263 que
538 4194 736 4266 lingua
767 4200 824 4248 et
855 4211 1028 4264 prosa
1057 4200 1113 4249 et
1136 4196 1398 4250 carmine
1431 4195 1651 4265 scripta
1672 4195 1865 4248 omnis
1884 4211 1986 4266 ge-

334 4305 357 4333 α
392 4283 552 4336 neris
584 4283 894 4353 reliquit...
932 4280 1265 4356 βουλόμενος
1294 4282 1508 4337 πάντων
1542 4282 1592 4336 ἐν
1627 4288 1755 4335 πᾶσι
1778 4289 1984 4355 περιεῖ-

328 4393 357 4419 ‹‹
392 4391 499 4439 ναι,
533 4379 630 4425 etc.
667 4374 812 4426 Cum
847 4372 1020 4426 vellet
1051 4380 1327 4443 prmstare
1361 4373 1660 4440 omnibus,
1720 4374 1873 4427 viros
1923 4375 1985 4428 in

330 4484 356 4511 ιι
380 4462 579 4532 aliquo
594 4462 789 4516 studio
810 4470 1156 4533 praestantes
1172 4465 1392 4519 oderat.
1406 4466 1549 4518 Hinc
1565 4465 1985 4520 etFavorinum

334 4572 361 4602 α
386 4551 614 4605 Gallum
649 4558 705 4605 et
729 4552 1091 4623 Dionysium.
1116 4553 1428 4623 Milesium,
1446 4553 1763 4624 sophistas,
1786 4553 1983 4624 oppri-

2201 796 2479 852 Claudius
2509 797 2772 854 .Elianus
2804 816 2873 854 ex
2903 802 3202 857 Praeneste
3251 803 3452 872 ltaliaa,
3513 825 3781 866 summus

2131 886 2393 956 pontifex
2425 892 2482 941 et
2512 888 2795 959 sophista,
2829 896 2964 960 post
2993 891 3235 947 Adriani
3264 900 3526 966 tempore
3584 901 3782 954 Romm

2129 973 2352 1040 docuit,
2380 972 2760 1047 μελίγλωσσος
2798 978 2915 1033 sive
2965 976 3363 1055 μελίφθογγος,
3417 986 3621 1043 mellea:
3670 989 3785 1042 lin-

2129 1076 2256 1130 qua
2278 1062 2396 1117 sive
2425 1065 2628 1118 melleas
2658 1068 2802 1120 vocis
2826 1066 2929 1122 vir.

2198 1150 2479 1219 AElianus,
2522 1152 2665 1207 belli
2698 1154 2837 1222 dux,
2870 1155 3131 1213 Valentis
3187 1159 3330 1231 imp.
3394 1166 3782 1235 temporibus,

2128 1235 2375 1300 παιδείας
2408 1237 2531 1293 οὔτε
2564 1240 2710 1302 ἐντὸς
2745 1242 2817 1296 ὥν
2852 1239 2974 1297 οὔτε
3006 1246 3256 1321 ἄμοιρος.

2195 1326 2442 1397 Αῗλινον,
2473 1325 2617 1390 εἶδος
2663 1332 2864 1405 θρήνου
2920 1332 3009 1386 καὶ
3063 1331 3235 1407 ᾠδῆς,
3288 1355 3454 1406 genus
3514 1341 3779 1397 lamenta-

2124 1418 2288 1475 tionis
2318 1426 2369 1475 et
2398 1423 2678 1476 caminis.

2193 1510 2405 1564 Eneas
2435 1510 2673 1577 scripsit
2702 1508 2825 1584 περί
2857 1516 3099 1585 πυρσῶν,
3145 1516 3209 1569 de
3254 1518 3489 1583 facibus,
3548 1534 3669 1587 quae
3724 1524 3779 1574 in

2120 1600 2354 1667 speculis
2384 1601 2778 1668 accenduntur,
2810 1609 2878 1657 ut
2923 1602 3005 1657 ait
3047 1604 3349 1675 Polybius,
3384 1613 3440 1661 et
3470 1608 3590 1681 περὶ
3621 1627 3783 1680 στρα-

2119 1691 2459 1761 τηγημάτων
2516 1688 2842 1761 ὑπόμνημα,
2893 1694 3349 1749 commentarium
3393 1697 3459 1751 de
3509 1704 3777 1767 stratege-

2121 1778 2378 1833 matibus.

2190 1868 2858 1936 AZnicus,Atheniensis,
2877 1870 3140 1925 comicus
3165 1872 3424 1943 antiqua:
3449 1877 3772 1943 comcedize,

2119 1959 2201 2012 Ex
2229 1958 2448 2014 fabulis
2480 1960 2629 2030 ejus,
2663 1958 2899 2015 Ἀντεια.

2184 2050 2423 2115 Αῐηθυε,
2454 2045 2715 2119 (Αἴνειος)
2748 2050 3034 2120 sophista,
3070 2052 3239 2121 cujus
3297 2052 3455 2123 libri,
3502 2054 3555 2106 αἱ
3609 2051 3768 2125 μετά-

2114 2131 2298 2206 ϐολοι,
2333 2140 2503 2210 quasi
2536 2145 2991 2195 transmutatores
3014 2141 3197 2196 dicas.

2183 2229 2510 2294 zEschines,
2558 2229 2819 2298 Charini,
2879 2230 3137 2298 fartoris,
3190 2231 3249 2286 F.
3300 2232 3399 2299 (al.
3460 2232 3769 2303 Lysanim),

2113 2318 2517 2389 Atheniensis,
2579 2319 2901 2390 Sphettius,
2962 2320 3356 2392 philosophus
3416 2322 3770 2391 Socraticus,

2111 2407 2281 2479 cujus
2312 2407 2550 2480 dialogi,
2586 2409 2898 2477 Miltiades,
2933 2410 3169 2474 Callias,
3209 2411 3466 2479 Rhinon,
3500 2414 3768 2484 Aspasia,

2112 2498 2427 2561 Axiochus,
2461 2499 2687 2569 (confer
2716 2500 2876 2554 Suid.
2930 2501 2992 2555 in
3052 2501 3328 2573 Ἀξίοχος)
3387 2504 3668 2575 Telauges
3713 2510 3771 2557 et

2109 2587 2462 2643 Alcibiades.
2500 2591 2615 2644 Nec
2646 2605 2765 2644 non
2798 2590 2906 2656 illi,
2942 2591 3040 2661 qui
3072 2596 3356 2645 vocantur
3377 2594 3679 2663 Acephali,
3703 2597 3770 2646 ut

2110 2677 2388 2744 Phaadon,
2423 2679 2756 2750 Polyaenus,
2792 2681 3043 2746 Dracon,
3076 2681 3343 2751 Eryxias,
3396 2682 3467 2735 de
3517 2684 3759 2748 virtute,

2110 2767 2517 2832 Erasistratus,
2554 2770 2830 2840 Scythici.
2869 2771 2971 2825 Hic
3026 2771 3329 2826 :Eschines
3380 2773 3441 2826 in
3504 2773 3767 2829 Siciliam

2106 2857 2179 2913 ad
2212 2860 2559 2931 Dionysium
2593 2861 2859 2931 pecuniae
2891 2878 3068 2916 causa
3099 2863 3399 2933 profectus
3428 2870 3535 2919 est.

2177 2950 2501 3017 xEschines,
2534 2951 2933 3019 Atheniensis,
2966 2955 3252 3007 Atrometi
3299 2959 3355 3008 et
3388 2955 3763 3011 Glaucotheaa

2106 3038 2223 3093 sive
2256 3040 2635 3094 Leucothecze
2670 3042 2727 3095 1“.
2758 3041 3087 3112 discipulus
3122 3042 3554 3098 Aleidamantis
3593 3045 3759 3100 Elea-

2107 3133 2199 3195 ιω,
2261 3129 2491 3199 histrio,
2552 3128 2765 3184 deinde
2821 3130 3033 3198 scriba,
3094 3137 3299 3201 postea
3373 3139 3589 3186 orator.
3654 3135 3758 3187 Hic

2111 3217 2508 3288 Ctesiphontis
2538 3225 2847 3273 accusator
2877 3235 2910 3273 a
2941 3220 3333 3274 Demosthene
3364 3221 3552 3275 victus
3600 3222 3756 3275 Rho-

2110 3306 2249 3361 dum
2282 3307 2428 3379 fugit
2457 3306 2659 3378 ibique
2692 3307 2911 3362 docuit.

2173 3396 2481 3467 zEschylus
2513 3397 2916 3464 Atheniensis,
2949 3397 3229 3468 tragicus,
3266 3399 3661 3469 Euphorionis
3693 3401 3752 3454 F.

2103 3491 2161 3541 et
2188 3486 2371 3541 frater
2401 3485 2653 3553 Amitias,
2686 3486 3081 3557 Euphorionis
3113 3493 3170 3541 et
3201 3489 3508 3560 Cynzegiri.
3561 3490 3758 3544 Certa-

2102 3574 2542 3646 vitolympiade
2576 3576 2758 3641 LXIX,
2819 3581 2992 3631 natus
3050 3593 3239 3632 annos
3294 3579 3455 3631 XLV.
3518 3579 3754 3634 Primus

2098 3670 2305 3721 auctor
2330 3665 2459 3731 fuit,
2493 3670 2559 3720 ut
2588 3665 2792 3737 tragici
2824 3666 3097 3737 personis
3139 3666 3504 3735 terribilibus
3559 3673 3617 3721 et
3662 3669 3753 3739 pi-

2098 3755 2227 3821 ctis,
2261 3754 2622 3825 arbylisque,
2656 3754 2774 3809 sive
2806 3755 3152 3809 elatioribus
3184 3756 3399 3811 calceis
3418 3762 3749 3811 uterentur.

2098 3845 2345 3917 Scripsit
2376 3845 2593 3917 elegias
2626 3850 2683 3900 et
2728 3846 3040 3917 tragaadias
3089 3846 3200 3901 XC.
3256 3847 3403 3902 Vicit
3460 3848 3646 3902 octies
3692 3854 3749 3901 et

2096 3935 2311 3990 vicies:
2347 3935 2436 3989 vel
2466 3941 2531 3989 ut
2560 3935 2683 4005 alii,
2716 3935 2913 3990 decies
2944 3942 3052 3991 ter.
3087 3935 3265 3990 Filios
3314 3935 3525 3991 habuit
3571 3936 3740 4007 duos,

2098 4025 2368 4097 tragicos,
2396 4025 2832 4096 Euphorionem
2857 4030 2913 4078 et
2940 4025 3203 4079 Dionem.
3236 4024 3391 4079 Obiit
3424 4031 3516 4079 ret.
3551 4026 3739 4091 LVIII,

2096 4113 2155 4167 in
2187 4114 2405 4183 Sicilia,
2436 4121 2548 4168 etc.

2164 4205 2432 4274 Esopus,
2454 4204 2683 4259 Samius
2698 4203 2791 4257 vel
2812 4205 2885 4259 Sa
2896 4202 3254 4267 rdianus,vel
3272 4202 3736 4256 Mesembrianus

2092 4292 2180 4347 vel
2213 4293 2467 4362 denique
2501 4292 2823 4363 Cotyamsis
2851 4293 3064 4363 Phryx,
3085 4291 3419 4345 fabularum
3449 4289 3739 4356 conditor,

2091 4397 2125 4435 a
2156 4382 2352 4435 Grarso
2381 4381 2633 4434 dilectus
2669 4381 2827 4451 (ante
2860 4381 3205 4451 Pythagorae
3256 4385 3543 4447 tempora,
3588 4378 3745 4431 circa

2092 4470 2311 4541 olymp.
2333 4471 2467 4540 XL.)
2491 4486 2693 4525 servus
2719 4468 2936 4523 Xanthi
2966 4469 3158 4539 Lydii:
3193 4468 3282 4522 vel
3305 4467 3487 4522 Samii
3508 4466 3743 4521 Iadmo-
3844 4464 3849 4471 ’

2088 4559 2201 4623 nis,
2230 4558 2398 4629 cujus
2421 4574 2590 4613 serva
2611 4563 2737 4612 erat
2764 4557 3062 4627 Rhodopis
3083 4556 3352 4623 Thressa,
3372 4572 3501 4625 quae
3528 4554 3744 4609 deinde

326 4662 355 4689 ‹‹
388 4656 547 4695 mere
581 4640 874 4707 studebat,
908 4658 1040 4695 cum
1075 4642 1206 4696 aliis
1239 4642 1584 4709 modis,tum
1602 4660 1736 4697 vero
1777 4643 1980 4697 adver-
2014 4619 2061 4681 Ι)
2091 4646 2425 4718 Sapphonis
2456 4646 2641 4712 fratri,
2675 4646 2960 4711 Charaxo,
3015 4644 3236 4714 nupsit.
3288 4644 3538 4714 Scripsit
3580 4641 3645 4695 τὰ
3693 4638 3747 4695 ἐν

330 4750 356 4781 α
400 4729 571 4783 sariis
632 4745 859 4794 eorum,
915 4731 1258 4786 hominibus
1316 4731 1539 4786 nullius
1597 4732 1687 4785 vel
1744 4732 1977 4785 minimi

2092 4732 2322 4810 Δελφοῖς
2352 4734 2499 4804 αὑτῷ
2532 4728 2829 4804 συμϐάντα,
2864 4735 2929 4788 de
2958 4732 3049 4798 iis,
3082 4748 3201 4802 quae
3260 4730 3370 4801 ipsi
3420 4732 3573 4801 apud
3616 4732 3748 4786 Del-

330 4839 353 4867 α
390 4819 561 4887 pretii
599 4818 968 4873 extollendis.
1014 4820 1114 4873 Hic
1147 4821 1206 4874 in
1240 4820 1491 4891 epistola
1522 4820 1923 4891 quadam,etc.
1952 4842 1980 4869 »
2085 4823 2224 4893 phos
2254 4824 2591 4878 acciderunt.
2656 4823 2819 4876 libros
2886 4823 2953 4877 II.
3006 4822 3120 4875 Alii
3178 4821 3348 4875 aiunt
3399 4818 3749 4890 ἀποκρίματα

401 4906 722 4973 Adrianus,
760 4908 1045 4977 sophista,
1073 4908 1318 4963 Herodis
1339 4909 1687 4979 discipulus,
1712 4914 1979 4980 tempore

326 4996 398 5048 M.
435 4996 741 5062 Antonini,
775 4996 1023 5051 Athenis
1054 4996 1306 5052 mmulus
1355 4998 1650 5064 Aristides,
1699 4999 1976 5064 rhetoris,

324 5085 527 5137 Romm
584 5085 942 5140 rhetoricam
1000 5085 1217 5155 docuit,
1282 5087 1533 5141 dictator
1593 5085 1979 5157 epistolarum

322 5173 631 5229 Commodi
664 5175 805 5247 imp.
846 5176 1082 5247 scripsit
1116 5174 1367 5248 μελέτας,
1427 5199 1453 5225 ‹‹
1490 5175 1975 5247 declamationes,

326 5263 865 5339 «μεταμορφώσεις,
932 5266 1341 5336 metapliorses
1398 5265 1567 5319 libris
1650 5267 1765 5333 VII,
1853 5265 1977 5336 περὶ

320 5375 347 5402 ‹‹
386 5348 542 5405 ἰδεῶν
577 5353 770 5427 λόγου,
795 5354 868 5409 de
888 5356 1094 5411 formis
1121 5356 1409 5411 orationis
1437 5356 1604 5409 libris
1629 5357 1689 5423 V,
1715 5353 1837 5428 περὶ
1867 5358 1975 5409 τῶν

318 5463 346 5492 ι(
384 5439 435 5493 ἐν
464 5446 582 5501 ταῖς
615 5441 855 5495 σνάσεσιν
890 5439 1229 5515 ἰδιωμάτων.
1264 5444 1337 5498 de
1370 5448 1627 5498 statuam
1652 5444 1980 5514 proprieta-

317 5553 344 5580 α
382 5530 539 5585 tibus
571 5531 755 5585 libros
785 5532 859 5585 III
886 5549 900 5599 ;
934 5533 1228 5604 Epistolas
1259 5540 1311 5587 et
1330 5530 1531 5606 λόγους
1557 5528 1974 5598 ἐπιδεικτικοὺς,

316 5644 341 5669 α
379 5621 678 5675 orationes
709 5621 1194 5688 declamatorias;
1231 5623 1513 5677 Phalarim
1545 5622 1896 5693 (orationem)
1926 5633 1977 5681 et

322 5731 349 5758 «
384 5708 858 5781 παραμυθητικὸν,
894 5712 1356 5767 consolatoriam
1392 5712 1453 5765 in
1481 5711 1766 5767 Celerem.
1804 5734 1831 5761 »

2090 4908 2415 4985 γεγραφέναι
2456 4910 2643 4982 μόνον,
2681 4910 2900 4978 fabulas
2951 4912 3125 4964 solum
3183 4908 3480 4979 scripsisse.
3534 4908 3743 4979 Delphi

2090 5002 2369 5070 Aisopum
2404 4999 2849 5054 Phazdriadibus
2882 4998 3313 5070 prmcipitatum
3364 4996 3612 5067 rupibus
3644 5014 3740 5051 oc-

2092 5087 2367 5143 ciderunt
2396 5085 2738 5159 Olympiade
2771 5087 2906 5152 LIV,
2941 5092 3051 5142 etc.

2161 5177 2386 5243 Aetius,
2422 5176 2847 5245 Antiochenus,
2876 5177 3159 5249 magister
3180 5174 3476 5243 Eunomii,
3504 5174 3740 5228 Paulini

2089 5266 2244 5337 Tyrii
2276 5270 2552 5332 sectator,
2580 5266 2995 5335 haaresiarcha,
3029 5266 3165 5320 Ario
3194 5267 3580 5336 suffragatus:
3606 5279 3739 5318 cum

2089 5356 2396 5427 discipulis
2430 5374 2499 5410 ex
2526 5356 2838 5427 categoriis
2861 5357 3192 5411 Aristotelis
3209 5353 3738 5423 disseruit,Epislo-

2090 5445 2525 5516 lascomposuit
2581 5445 2655 5499 ad
2715 5445 2856 5517 imp.
2916 5446 3349 5501 Constantium.
3406 5444 3738 5498 Sectatores

2088 5535 2217 5605 ejus
2243 5533 2474 5588 Aetiani
2508 5538 2565 5587 et
2591 5534 2963 5589 Eunomiani.

2158 5624 2489 5689 Africanus,
2522 5624 2749 5692 Sextus,
2777 5623 2914 5679 Afer
2945 5620 3353 5694 phi1050pbus,
3380 5618 3481 5688 qui
3504 5615 3743 5685 scripsit

2087 5709 2340 5779 Κεστοῦς,
2372 5712 2549 5767 Cestos
2578 5712 2749 5766 libris
2782 5711 2971 5775 XXIV,
3005 5711 3075 5764 de
3124 5705 3404 5762 remediis
3454 5703 3738 5775 physicis,
