4070 6196
329 387 485 449 1219

1627 365 1870 429 INDEX
1914 362 2412 427 SCRIPTORUM

3579 352 3755 417 1220

327 527 387 579 et
416 538 546 592 quae
579 534 649 573 ex
674 512 888 581 verbis,
922 504 1430 567 incantationibus
1461 507 1520 557 et
1548 499 1788 592 scrip-sit
1833 497 1975 592 aha:
2006 501 2058 568 Α
2156 496 2508 566 Alexander,
2542 496 2824 564 Milesius,
2855 495 2970 567 (51)
3008 493 3360 567 polyhistor,
3394 493 3600 547 Roma)
3632 489 3758 544 fuit

328 585 657 668 racteribus
688 606 982 667 constant,
1016 599 1327 667 mirasque.
1351 594 1598 650 eﬂ‘ectus
1618 589 1860 645 habent.
1887 585 1977 643 Ad

2090 586 2458 658 temporibus
2478 586 2652 658 Syllae
2674 591 2733 640 et
2760 590 2927 640 ante:
2951 600 2987 641 a
3007 582 3279 640 Cornelio
3294 582 3407 637 Len
3418 580 3670 652 tulo,cuj
3681 596 3754 634 us

333 701 598 774 ejusdem
644 696 1011 767 argumenta,
1070 692 1279 744 contra
1334 681 1643 739 historiam
1691 680 1977 734 Susanna)
2086 674 2441 748 paedagogus
2461 691 2528 731 ac
2550 673 2799 730 libertus
2818 673 2948 739 fuit,
2975 671 3232 728 Cornelii
3254 671 3497 726 sortitus
3516 684 3747 742 cogno-

330 792 530 851 allata,
561 783 870 856 respondit
899 780 1204 851 Origenes;

402 881 716 951 Agapctus,
741 870 1110 944 Synadorum
1142 866 1480 938 episcopus,
1512 861 1584 917 de
1616 875 1734 932 quo
1766 856 1978 913 Euseb.

2085 762 2512 830 men,Laurenti
2534 762 2962 836 periit,mdibus
2976 760 3190 833 ejusab
3206 761 3338 834 igne
3353 759 3755 830 consumptis,

2090 853 2248 924 quod
2278 852 2378 909 ubi
2411 853 2700 924 comperit
2728 868 2877 907 uxor
2932 854 3081 922 ejus,
3138 850 3381 919 Helena,
3437 847 3748 918 ἀπήγξατο,

329 936 483 1042 (im;
497 936 1197 1032 Pliilostorgius:confer
1209 949 1685 1015 Tillemont.T.V,
1709 948 1982 1010 memor.)
2087 941 2304 1013 laqueo
2334 944 2511 998 vitam
2572 941 2778 997 ﬁnivit.
2832 941 2964 996 Fuit
3017 939 3411 1013 grammatici,
3467 936 3753 1004 Cratetis,

401 1055 677 1127 Agapius,
711 1046 1112 1111 Atheniensis,
1146 1041 1557 1117 philosophus,
1607 1042 1743 1109 post
1787 1032 1983 1090 Procli

334 1126 583 1209 obitum,
620 1137 984 1211 temporibus
1014 1132 1242 1189 Marini.
1275 1135 1371 1200 (ex
1400 1126 1751 1195 Damascio.)

403 1207 682 1305 Agapius,
717 1207 1173 1290 Alexandrinus,
1202 1218 1372 1276 CPoli
1404 1215 1661 1288 ἰατρικῶν
1726 1207 1981 1285 μαθημάο

330 1345 439 1379 των
473 1319 761 1394 ἐξηγητής.

403 1389 701 1485 Αςίιίιιίειε,
759 1403 1171 1467 scholasticus,
1237 1399 1522 1470 μυριναῖος
1609 1389 1986 1465 Myrinensis,

337 1483 575 1573 scripsit
604 1497 910 1553 historiam
941 1510 1012 1548 ex
1037 1508 1106 1547 eo
1132 1497 1416 1561 tempore,
1440 1485 1542 1542 ubi
1568 1483 1745 1539 desiit
1771 1484 1980 1537 Proco-

334 1571 472 1664 pius
496 1606 508 1644 :
536 1605 645 1643 nec
670 1601 790 1642 non
810 1584 961 1640 alios
982 1581 1167 1636 libros
1186 1578 1404 1650 partim
1429 1575 1630 1647 ligata,
1654 1571 1872 1643 partim
1892 1585 1990 1625 so-

335 1683 461 1738 luta
492 1679 781 1743 oratione,
841 1679 900 1728 et
959 1668 1252 1747 Δαφνισκᾶ,
1312 1670 1371 1721 ct
1422 1661 1625 1717 κ·3κλον
1685 1663 1795 1714 τῶν
1852 1657 1985 1711 νέων

338 1766 791 1843 ἐπιγραμμάτων.

2092 1034 2441 1105 discipulus,
2474 1030 2774 1106 συνέγραψε
2806 1023 2998 1105 βιϐλία
3025 1029 3262 1102 ἀριθμοῦ
3280 1026 3530 1103 κρείττω,
3556 1027 3753 1082 libros

2094 1123 2333 1195 scripsit
2362 1122 2731 1189 innumeros,
2765 1127 2824 1176 et
2871 1118 2994 1193 περὶ
3043 1117 3292 1190 Ῥώμης,
3342 1117 3409 1173 de
3458 1119 3633 1173 Roma
3682 1116 3757 1171 Ii-

2094 1216 2216 1270 bros
2252 1215 2316 1271 V.

2161 1302 2514 1371 Alexander,
2542 1301 2817 1358 Numenii
2840 1303 2898 1356 F.
2935 1301 3222 1373 sophista.

2163 1393 2517 1460 Alexander,
2548 1391 2923 1457 Pleuronius,
2956 1406 3026 1447 ex
3054 1389 3372 1452 Pleurona,
3410 1387 3640 1443 Etolim
3672 1386 3758 1441 ci-

2094 1482 2295 1546 vitate,
2326 1482 2518 1553 Satyri
2547 1487 2605 1537 et
2634 1479 2973 1536 Stratoclea
3003 1480 3087 1546 F.,
3119 1478 3539 1551 grammaticus
3568 1477 3758 1544 (circa

2097 1572 2320 1644 olymp.
2341 1572 2578 1640 CXXIV)
2606 1569 2917 1643 tragaadias
2940 1569 3201 1640 scripsit,
3226 1584 3383 1624 unus
3405 1584 3475 1622 ex
3503 1565 3752 1622 Pleiade

2098 1662 2477 1734 magicorum.

2173 1750 2526 1818 Alexander,
2559 1749 2975 1817 Seleuciensis,
2997 1748 3165 1816 Cilix,
3192 1746 3531 1812 Alexandri,
3553 1745 3756 1803 causi-

411 1836 693 1930 A'gathon,
726 1852 1004 1923 tragicus,
1037 1854 1097 1903 et
1124 1842 1549 1901 commdiarum
1580 1839 1855 1909 scriptor,
1888 1836 1992 1891 So-

2128 1841 2239 1914 lici,
2273 1842 2332 1896 F.
2365 1841 2589 1909 rhetor,
2623 1836 3001 1909 πηλοπλάτων
3051 1839 3172 1894 sive
3217 1838 3393 1893 luteus
3440 1836 3600 1891 Plato
3652 1852 3756 1891 co»

340 1948 520 2005 cratis
550 1942 902 2014 discipulus.

411 2036 665 2095 Alcaeus,
696 2012 1095 2095 Atheniensis,
1147 2023 1425 2097 tragicus,
1476 2034 1655 2091 quem
1714 2012 1992 2071 nonnulli

340 2127 604 2201 primum
634 2121 818 2177 fuisse
851 2118 1135 2189 tragicum
1166 2110 1554 2170 contendunt.

412 2215 660 2271 Alcaeus.
694 2208 1084 2282 Mytilenaaus,
1118 2201 1333 2259 deinde
1363 2195 1767 2262 Atheniensis,
1800 2192 1986 2249 comi-

348 2322 451 2362 cus
480 2301 694 2360 veteris
724 2280 1025 2356 commdiaa
1084 2294 1349 2366 quintus,
1403 2287 1567 2345 Micci
1621 2286 1707 2355 F.,
1761 2280 2000 2354 scripsit

347 2393 639 2453 comoedias
666 2392 728 2447 X.
1106 2392 1127 2413 ‘

419 2484 778 2548 Alcidamas,
810 2477 1063 2540 Eleates,
1110 2472 1364 2527 Asianus
1392 2464 1805 2539 philosophus,
1839 2460 2000 2548 ﬁlius

351 2573 593 2639 Dioclis,
626 2569 727 2641 qui
760 2566 990 2623 musica
1031 2561 1290 2633 scripsit,
1352 2563 1410 2612 et
1454 2554 1677 2626 Gorgias
1728 2546 1999 2607 Leontini

351 2661 701 2731 discipulus.

419 2749 779 2813 Alcimenes,
811 2740 1191 2815 Megarensis,
1224 2735 1499 2809 tragicus.

426 2838 784 2901 Alcimenes,
822 2829 1221 2891 Atheniensis,
1253 2824 1536 2882 comicus.

425 2926 750 2998 Alciphron
782 2924 1016 2994 Magnes
1045 2924 1104 2974 et
1142 2914 1439 2987 Magnesia
1489 2910 1565 2967 ad
1616 2905 2000 2975 Maeandrum,

353 3015 765 3090 philosophus.

422 3109 689 3172 Alcman,
713 3104 904 3159 Lacon
936 3101 1290 3154 Messoates:
1324 3090 1651 3149 secundum
1706 3088 2002 3144 Cratetem

350 3193 725 3267 πταίονταῇῐι
774 3192 887 3247 hoc
942 3189 1178 3260 lapsum
1225 3184 1343 3240 sive
1394 3177 1734 3251 errantem),
1786 3174 1999 3248 Lydus,

349 3263 974 3342 Sardibus‘oriundus:
994 3294 1065 3333 ex
1087 3274 1364 3331 servitute
1388 3268 1809 3334 manumissus,
1844 3263 2003 3320 ﬁlius

350 3373 653 3431 Damantis
687 3370 769 3427 vel
799 3367 999 3425 Titari.
1038 3365 1241 3421 Dorice
1262 3360 1521 3433 scripsit,
1552 3364 1618 3414 ut
1669 3355 1865 3412 solent
1895 3354 2002 3408 La-

354 3463 734 3520 cedmmonii:
759 3461 1031 3515 inventor
1060 3452 1332 3527 ἐρωτικῶν
1365 3445 1572 3521 μελῶν,
1604 3444 2003 3503 amatoriornm

353 3553 680 3609 carminum.
707 3547 953 3619 Scripsit
971 3545 1157 3600 libros
1184 3559 1287 3597 sex
1315 3538 1640 3611 lyricorum
1670 3533 2004 3591 carminum

352 3648 413 3698 et
436 3618 1136 3710 κολυμϐώσαςξηαιαηίεε,
1166 3633 1385 3703 πρῶτος
1414 3625 1693 3698 εῗσήγαγε,
1752 3622 1832 3694 μή
1881 3618 1999 3692 ἐξα-

356 3728 574 3803 μέτροις
612 3720 902 3796 μελῳδεῖν,
927 3743 952 3775 ιι
974 3721 1201 3791 primus
1224 3715 1552 3773 introduxit
1572 3728 1766 3778 usum,
1790 3715 2001 3767 utcar-

354 3843 382 3872 ‹‹
406 3798 571 3875 mina
589 3813 804 3869 melica
823 3809 1090 3865 versibus
1108 3823 1229 3862 non
1260 3802 1622 3860 hexametris
1652 3798 2000 3856 conscribe-

357 3931 385 3960 «
416 3911 646 3962 rentur.
679 3923 706 3952 »

423 3994 692 4059 Alcman,
725 3989 878 4046 alius
908 3984 1256 4049 Messenios,
1290 3981 1495 4037 itidem
1527 3979 1763 4052 lyricus.

424 4080 784 4147 Alexander,
807 4079 1227 4150 Aigasus,pater
1245 4067 1826 4141 leii,philosophus
1839 4063 2004 4137 peri-

356 4172 668 4247 pateticus,
692 4185 827 4227 cum
849 4168 1254 4229 Chaaremone,
1276 4160 1655 4235 phi1050pho,
1678 4160 2008 4230 praeceptor

356 4242 626 4325 Neronis,
656 4260 799 4330 imp.
835 4272 1011 4328 quem
1044 4254 1267 4309 vocavit
1296 4248 1474 4321 πηλὸν
1507 4244 1699 4320 α’ἱμαιτι
1729 4242 2003 4322 πεφυρμὲο

351 4375 463 4423 νον,
498 4353 675 4407 lutum
703 4349 971 4418 sanguine
1002 4349 1354 4399 maceratum.

426 4420 779 4504 Alexander,
814 4433 1238 4497 Antiochenus,
1272 4434 1406 4501 post
1434 4423 1829 4498 Porphyrium
1859 4420 2010 4493 epis-

354 4548 557 4603 copus,
617 4524 984 4597 temporibus
1041 4517 1463 4592 Chrysostomi,
1521 4516 1758 4581 virtute,
1814 4511 2005 4584 philo-

357 4619 564 4691 sophia
593 4622 652 4671 et
682 4613 1022 4686 eloquentia
1053 4609 1322 4682 insignis.

428 4705 778 4770 Alexander,
809 4698 1305 4774 Aphrodisiensis,
1338 4692 1752 4768 philosophus.

430 4793 787 4860 Alexander,
819 4790 1109 4847 Casilonis
1140 4789 1227 4855 F.,
1260 4786 1484 4855 rhetor,
1518 4782 1701 4838 frater
1745 4776 2008 4849 Eusebii,

359 4883 635 4948 rhetoris,
666 4881 885 4937 Jnliani
917 4877 1265 4950 discipulus.

434 4970 787 5039 Alexander,
820 4968 1121 5034 Claudius,
1154 4966 1374 5022 rhetor.

427 5060 782 5123 Alexander,
805 5057 1303 5130 Hierapolitanus,
1329 5050 1510 5123 episc.
1535 5053 1594 5104 et
1614 5045 2012 5119 martyr,scri-

358 5152 500 5224 psit,
536 5148 589 5203 τί
643 5148 827 5204 καινὸν
882 5147 1163 5218 εἰσήνεγκε
1218 5138 1449 5214 Χριστὸς
1506 5135 1583 5198 εἷς
1634 5135 1724 5191 τὸν
1778 5133 2010 5208 κόσμον,

360 5238 628 5316 κεφάλαια
668 5239 764 5307 Θ“.,
796 5238 861 5293 de
889 5236 1048 5291 rebus
1076 5235 1250 5298 novis,
1285 5245 1422 5301 quas
1462 5228 1708 5283 Christus
1756 5227 1815 5281 in
1851 5241 2014 5282 mun-

365 5315 495 5387 dum
522 5329 737 5398 intulit,
768 5329 953 5397 capita
980 5327 1077 5389 1X,
1134 5321 1355 5378 librum
1405 5316 1653 5392 egregiis
1702 5315 2015 5371 sententiis

362 5419 666 5476 rcfertum.

437 5597 549 5667 (Eii)
580 5596 865 5667 Kusterus
885 5591 1043 5667 hunc
1074 5586 1417 5667 Cornelium
1450 5579 1846 5667 Alexandrum
1877 5599 2021 5666 con_-

367 5651 564 5719 fundit
576 5682 694 5719 cum
709 5665 895 5719 altero
910 5658 1327 5784 longejuniore
1345 5651 1692 5713 Alexandro,
1704 5651 2019 5723 Cotytia-nsi,

371 5749 441 5784 ex
470 5734 834 5784 Asclepiada)
866 5733 1006 5784 scho
1036 5748 1068 5784 a
1104 5724 1514 5784 grammatico,
1563 5722 1734 5784 cujus
1790 5724 2019 5780 obitum

371 5749 441 5786 ex
468 5734 834 5804 Asclepiada)
866 5724 1068 5786 schola
1085 5724 1514 5799 grammatico,
1563 5724 1734 5794 cujus
1790 5724 2019 5780 obitum

2101 1930 2503 1999 gnominatus.

2173 2019 2372 2076 Alexis
2402 2035 2475 2075 ex
2503 2018 2742 2080 Thurio.
2782 2034 2917 2088 quin
2971 2022 3111 2072 ante
3148 2015 3408 2087 Sybaris,
3464 2013 3756 2079 comicus,

2105 2110 2307 2166 docuit
2334 2108 2565 2163 fabulas
2596 2107 2840 2164 CCXLV.
2874 2108 3126 2161 Patruus
3156 2104 3458 2160 Menandri
3515 2102 3760 2170 comici,

2107 2199 2410 2271 Stephani,
2441 2197 2650 2253 itidem
2680 2196 2891 2252 comici
2920 2201 3110 2267 pater.

2174 2288 2460 2354 Amelius,
2518 2284 2924 2358 Apameensis,
2984 2282 3396 2355 philosophus,
3473 2282 3762 2354 magister

2105 2377 2439 2451 Porphyrii,
2471 2376 2720 2448 aequalis
2752 2373 3051 2431 Ammonii
3083 2378 3143 2429 et
3169 2372 3459 2445 Origenis.

2176 2467 2625 2525 Ammonianus.
2651 2464 3092 2538 grammaticus,
3116 2462 3369 2535 Syriani,
3392 2460 3758 2533 philosOphi,

2105 2557 2476 2630 propinquus
2520 2553 2705 2629 ἠγάπα
2757 2553 2857 2620 τὴν
2910 2550 2995 2606 ἐπὶ
3053 2554 3300 2621 ποιητῶν
3359 2548 3612 2623 ἐξηγήσει
3670 2546 3760 2602 καὶ

2108 2642 2398 2718 διορθώσει
2425 2650 2527 2713 τῆς
2554 2639 2891 2712 Ἑλληνικῆς
2922 2638 3121 2711 λέξεως
3151 2639 3475 2710 καθειμένην
3534 2637 3756 2712 τέχνην,

2110 2758 2138 2787 «
2171 2741 2361 2792 artem
2394 2736 2455 2790 in
2484 2738 2794 2807 poetarum
2820 2731 3199 2787 enarratione
3234 2734 3295 2785 et
3324 2730 3538 2785 Graeca
3560 2728 3759 2783 dictio-

2110 2846 2138 2875 ‹‹
2172 2825 2267 2880 nis
2297 2822 2717 2879 emendatione
2739 2826 3087 2892 occupatam
3117 2817 3420 2891 diligebat.
3448 2839 3477 2866 »
3500 2815 3673 2875 Οὗτος
3691 2814 3757 2882 ἦν

2109 2911 2521 2985 ’Δμμωνιανὸς,
2552 2909 2599 2981 ᾧ
2630 2910 2917 2977 κεκτῆσθαι
2949 2901 3292 2979 συμϐέϐηκεν
3330 2900 3455 2959 ὅνον
3504 2907 3755 2976 (servum

2110 3004 2225 3059 hoc
2251 3003 2517 3074 nomine)
2548 2999 2732 3076 σεφεας
2761 2997 3057 3073 ἀκροατήν.

2179 3091 2531 3148 Ammonius
2558 3090 2791 3154 Saccas,
2821 3087 3211 3160 philosophus
3244 3084 3400 3141 Alex.
3440 3101 3513 3139 ex
3559 3083 3758 3138 Chris-

2114 3182 2278 3237 tiano
2311 3179 2606 3250 ethnicus,
2638 3183 2789 3233 teste
2820 3174 3167 3248 Porphyrio.

2194 3268 2564 3335 Ammonius,
2598 3265 2895 3322 Ammonii
2925 3265 3010 3334 F.,
3043 3263 3373 3334 discipulus
3423 3259 3757 3327 Alexandri,

2111 3357 2503 3435 grammatici,
2537 3356 2639 3428 qui
2668 3355 2729 3411 in
2755 3354 2959 3411 schola
2980 3352 3305 3408 Aristarchi
3332 3367 3640 3406 successor
3656 3349 3759 3404 fuit

2111 3454 2247 3505 ante
2280 3446 2527 3519 Augusti
2559 3446 2696 3517 imp.
2733 3449 3023 3515 tempora.

2181 3535 2500 3608 Amphion,
2532 3533 2791 3604 antiquae
2823 3532 3065 3588 musica
3095 3530 3386 3596 inventor,
3416 3528 3676 3584 Julianus
3707 3530 3759 3581 in

2112 3626 2284 3696 Epist.

2183 3719 2388 3780 Amus,
2418 3712 2742 3785 Egyptius,
2774 3711 2835 3766 in
2861 3716 3062 3767 monte
3094 3709 3290 3766 Nitriae
3331 3708 3687 3764 monachus.

2183 3802 2561 3869 Anacharsis,
2595 3801 2771 3874 Cnyri
2806 3802 2888 3867 F.,
2923 3799 3140 3872 Scytha
3169 3797 3582 3870 philosophus,
3632 3795 3757 3850 fra-

2112 3901 2202 3953 ter
2223 3890 2464 3951 Καδουΐα
2487 3893 2747 3957 Οαάιιὶω,
2779 3892 3130 3964 Scytharum
3158 3907 3218 3946 re
3237 3890 3541 3960 gis,matre
3563 3889 3761 3942 Graeca

2113 3990 2309 4054 natus,
2342 3983 2581 4055 scripsit
2608 3979 2818 4052 νόμιμα
2845 3980 3070 4035 Κκυθῶν
3105 3976 3176 4033 δι’
3224 3976 3394 4045 ἐπῶν,
3441 3977 3509 4032 de
3558 3976 3763 4045 legibus

2113 4074 2385 4131 institutis
2413 4072 2743 4142 Scytharum
2774 4086 2945 4127 versu
3002 4069 3260 4124 heroico.
3313 4064 3442 4138 Περὶ
3493 4060 3762 4122 εὐτελείας

2112 4166 2220 4217 τῶν
2253 4161 2329 4224 εἰς
2382 4160 2473 4214 τὸν
2533 4158 2870 4232 ἀνθρώπινον
2930 4155 3071 4233 βίον,
3131 4158 3199 4212 de
3248 4155 3581 4226 frugalitate
3635 4155 3765 4209 vita:

2116 4254 2387 4318 humanae,
2413 4265 2628 4322 poema
2648 4248 2953 4304 heroicum
2970 4246 3234 4302 versibus
3258 4242 3451 4302 DCCC.
3475 4244 3765 4296 Ancoram

2118 4348 2177 4398 et
2203 4347 2395 4396 rotam
2450 4338 2717 4412 ﬁglinum
2774 4336 3023 4401 invenit,
3084 4333 3342 4404 vixitque
3400 4329 3767 4402 temporibus

2115 4430 2317 4495 Crassi,
2350 4433 2463 4485 etc.

2185 4526 2519 4583 Anacreon,
2547 4516 2741 4581 Teius,
2774 4514 3015 4586 lyricus,
3049 4511 3313 4585 Scythini
3371 4509 3470 4581 (al.
3514 4508 3767 4574 Eumeli,

2029 4595 2076 4661 D
2108 4606 2411 4664 Parthenii
2462 4605 2553 4660 vel
2604 4604 2958 4674 Aristocriti)
3016 4602 3195 4665 ﬁlius,
3255 4599 3509 4656 dialecto
3570 4597 3771 4652 Ionica

2112 4697 2351 4769 scripsit
2378 4696 2600 4764 elegias,
2634 4691 2887 4767 παροίνια
2920 4688 3087 4763 μέλη,
3143 4690 3261 4745 sive
3314 4690 3587 4749 carmina,
3645 4700 3770 4757 qua

2114 4789 2263 4842 inter
2286 4785 2493 4856 pocula
2521 4783 2910 4849 cantabantur,
2935 4789 2989 4836 et
3011 4781 3239 4847 iambos,
3273 4785 3331 4835 et
3369 4794 3501 4849 quas
3550 4790 3765 4830 vocan-

2118 4882 2216 4932 tur
2242 4874 2656 4931 Anacreontica.
2690 4871 2845 4927 Vixit
2874 4876 3141 4941 tempore
3182 4866 3527 4939 Polycratis,
3581 4863 3762 4920 Samii

2119 4964 2357 5038 tyranni
2387 4962 2548 5019 circa
2575 4960 2797 5033 olymp.
2830 4959 2895 5015 LI
2925 4958 3049 5029 (alii
3083 4959 3173 5013 LII
3219 4963 3481 5028 tempore
3525 4952 3661 5024 Cyri
3714 4956 3772 5006 et

2120 5052 2469 5125 Cambyses).
2500 5052 2614 5107 Teo
2636 5049 2842 5122 pulsus
2859 5049 2935 5104 ob
2958 5047 3182 5104 Histiaei
3205 5046 3559 5102 seditionem
3586 5039 3773 5096 Abde-

2125 5159 2193 5199 ra
2220 5141 2431 5198 urbem
2455 5140 2715 5196 Thracim
2746 5138 3039 5211 migravit.

2194 5229 2567 5298 Anastasius,
2603 5227 2999 5294 Silentiarius,
3035 5228 3181 5299 imp.
3208 5224 3545 5280 hmreticus.

2196 5325 2599 5392 Anaxagoras,
2622 5318 2890 5390 sophista
2909 5316 2992 5386 (id
3014 5310 3568 5387 est.philosophus,)
3590 5309 3769 5381 Hege-

2127 5408 2304 5467 sibuli
2323 5404 3279 5478 F.Clazomenius,cognominatus
3298 5403 3423 5462 νοῦς
3458 5398 3579 5455 sive
3606 5399 3772 5460 Mens,

2128 5594 2188 5645 et
2210 5587 2418 5645 laudes
2449 5586 2670 5643 diserta
2702 5585 2970 5641 oratione
2990 5579 3290 5640 decoravit
3306 5575 3613 5634 Aristides.
3638 5571 3773 5628 Vide

2128 5676 2259 5730 qua)
2292 5660 2364 5715 de
2395 5658 2507 5713 hoc
2530 5658 2771 5730 jruniorc
2796 5667 2833 5711 Α
2848 5654 3129 5730 laxandro
3152 5651 3270 5707 dixi
3304 5650 3406 5705 lib.
3443 5665 3515 5709 iv,
3538 5663 3665 5719 cap.
3692 5645 3771 5697 37.

2131 5728 2284 5803 ang.
2331 5733 2393 5785 l7
2426 5747 2516 5799 sq.
2546 5729 2607 5783 in
2638 5730 2750 5783 hoc
2781 5728 2921 5798 voL]
