4070 6196
319 422 473 485 4221

1640 422 1743 482 DE
1786 418 2076 492 QUIBUS
2119 418 2402 484 SUIDAS

3586 425 3609 482 1
3625 426 3739 485 222

322 553 615 610 Periclem
646 553 789 609 licet
808 570 1000 610 caussa
1024 570 1145 609 sum
1174 558 1385 609 nactus
1400 558 1719 626 patronum
1735 551 1983 609 Athenis
2010 561 2065 627 Α
2095 551 2201 608 sed
2230 552 2392 608 illius
2421 558 2478 608 et
2506 552 2881 609 Stesimbroti
2911 551 3182 609 auditor:
3215 553 3355 609 vixit
3375 558 3511 609 ante
3544 554 3737 610 Plato-

322 643 555 715 pulsus,
590 643 896 715 Lampsaci
927 643 1107 699 vitam
1138 642 1331 698 ﬁnivit
1350 642 1572 713 inedia,
1605 647 1718 698 etc.
1741 642 1872 698 vide
1892 641 1987 697 in-

323 733 419 789 ira
459 730 842 793 Απολλώνιος.

392 822 867 891 Anaxandrides,
898 822 1239 879 Anaxandri
1258 823 1341 891 F.,
1375 838 1406 878 e
1437 821 1669 879 Camiro
1692 819 1985 894 Rhodius,

323 912 439 981 vel,
473 918 538 967 ut
566 912 692 980 alii,
724 912 1147 984 Colophonius,
1179 911 1339 967 ludis
1370 911 1627 984 Philippi
1648 909 1983 966 Macedonis

322 1002 552 1073 olymp.
592 1006 713 1065 lOl,
745 1001 1036 1068 interfuit,
1071 1001 1422 1073 scripsitque
1471 1000 1790 1056 comwdias
1824 998 1983 1066 LXV,

321 1107 398 1146 ex
433 1091 650 1162 quibus
682 1091 899 1147 vicitX.
920 1092 1154 1147 Primus
1185 1107 1420 1147 amores
1440 1091 1502 1145 in
1534 1105 1775 1146 scenam
1798 1088 1984 1143 intro-

325 1180 512 1235 duxit.

400 1270 704 1342 Anaxilas,
739 1270 1000 1326 comicus
1031 1274 1225 1343 poeta.

370 1383 375 1389 ’
402 1360 867 1424 Anaximander,
884 1359 1186 1416 Praxiadzn
1203 1360 1286 1426 F.,
1308 1357 1571 1413 Milesius
1592 1355 1985 1430 philosophus

339 1454 645 1522 cognatus,
678 1450 1007 1522 discipulus
1030 1455 1088 1505 et
1113 1465 1424 1506 successor
1449 1447 1727 1504 Thaletis.
1751 1447 1986 1502 Primus

330 1540 755 1609 aequinoctium
783 1539 1008 1594 invenit
1038 1581 1053 1607 ,
1086 1544 1146 1594 et
1174 1537 1428 1594 solstitia
1459 1543 1519 1594 et
1541 1536 1847 1609 horologia
1881 1578 1897 1604 ,
1927 1540 1987 1591 et

330 1633 551 1683 terram
582 1629 643 1683 in
703 1628 899 1685 medio
962 1627 1171 1684 mundi
1221 1629 1393 1683 sitam
1452 1643 1605 1683 esse.
1659 1624 1984 1681 Gnomonis

326 1718 511 1773 etiam
546 1735 724 1774 usum
777 1718 1129 1786 introduxit,
1162 1723 1221 1774 et
1266 1714 1603 1792 γεωμετρίας
1637 1712 1982 1770 ὑποτύπωσιν

328 1800 552 1879 ἔδειξεν,
595 1807 937 1879 geometriae
978 1807 1415 1863 institutionem
1446 1804 1706 1862 tradidit.
1741 1803 1989 1877 Scripsit

2096 658 2253 698 nem.
2288 642 2342 715 (ν
2379 644 2610 699 Kusteri
2644 643 2795 717 not.)

2167 732 2568 801 Antimachus,
2603 732 3075 805 Heliopolitanus
3110 734 3433 807 Egyptius,
3468 735 3567 806 qui
3602 735 3741 791 scri-

2096 819 2215 890 psit
2243 817 2622 892 Κοσμοποιΐσιν
2648 821 2914 878 versibus
2944 822 3197 879 heroicis
3235 825 3394 878 3780.

2166 909 2573 979 Antimachus,
2591 916 2762 982 poeta
2788 911 3058 977 melicus,
3082 912 3272 967 dictus
3285 910 3473 985 ψεκᾶς,
3491 913 3738 985 perinde

2095 1001 2162 1051 ut
2190 1000 2299 1068 (52)
2328 999 2669 1071 Olympicus
2714 1000 2977 1072 quidam,
3032 1002 3190 1071 quod
3248 1001 3573 1073 discipulos
3602 1020 3740 1057 suos

2095 1085 2251 1141 inter
2281 1086 2697 1144 disserendum
2727 1096 3145 1162 conspergeret
3173 1107 3242 1147 ac
3271 1091 3549 1147 minutim
3575 1108 3743 1146 cons-

2095 1181 2323 1247 pueret.
2347 1177 2655 1232 Decretum
2670 1177 2828 1246 fecit,
2847 1178 3150 1235 neminem
3172 1180 3234 1234 in
3266 1196 3443 1236 scena
3468 1182 3743 1236 nomina-

2097 1264 2202 1319 tim
2232 1282 2267 1321 a
2297 1266 2540 1321 comicis
2572 1268 3110 1341 perstringendum.
3142 1269 3433 1341 [Quinque
3481 1272 3742 1325 Antima-

2095 1354 2223 1410 chos
2252 1354 2460 1411 Suidas
2491 1357 2780 1413 nominat.
2807 1363 2847 1411 t.
2880 1359 2922 1428 I,
2956 1374 3084 1430 pag.
3109 1361 3235 1427 2‘25,
3267 1358 3365 1413 ubi
3399 1376 3446 1412 v.
3483 1361 3741 1428 Kuster.|

2166 1446 2514 1515 Antiochus,
2537 1447 2705 1515 Cilix,
2734 1446 3017 1519 Cynicum
3041 1464 3102 1502 se
3125 1447 3544 1518 philosophum
3568 1448 3746 1503 simu-

2094 1536 2228 1593 lans
2259 1543 2319 1593 et
2372 1538 2722 1595 homoribus
2754 1545 2962 1595 auctus
2992 1555 3027 1594 a
3057 1539 3266 1594 Severo
3300 1544 3358 1592 et
3386 1539 3641 1593 Antonio
3673 1539 3745 1593 ad

2095 1626 2436 1694 Tiridatem,
2471 1632 2531 1683 et
2558 1645 2695 1683 cum
2726 1644 2795 1683 eo
2827 1627 2902 1683 ad
2938 1627 3185 1683 Parthos
3216 1627 3568 1697 transfugit;
3612 1627 3749 1682 hinc

2096 1715 2124 1769 ὁ
2155 1711 2512 1787 Αὐτόμολοε,
2545 1720 2857 1787 transfuga,
2890 1716 3083 1771 dictus
3104 1720 3214 1771 est.

2163 1805 2494 1876 Antipater,
2525 1805 2710 1861 Joalai
2744 1806 2803 1860 F.
2838 1804 3165 1881 discipulus
3197 1802 3750 1875 Aristoteliszlex-

329 1894 460 1971 περί
504 1896 739 1972 φύσεως,
788 1897 856 1953 de
904 1903 1111 1952 natura
1151 1912 1335 1951 rerum
1366 1912 1386 1950 .°
1412 1900 1515 1969 γῆς
1545 1889 1815 1968 περίοδον,
1865 1893 1984 1950 des-

2129 1893 2272 1950 .ndri
2306 1894 2380 1949 M.
2416 1894 2535 1949 dux
2594 1899 2652 1950 et
2700 1893 2913 1951 deinde
2944 1910 3044 1949 rex
3080 1892 3474 1960 Macedonim;
3506 1892 3752 1963 reliquit

340 1985 673 2056 criptionem
706 1992 892 2055 terrae,
931 1984 1056 2060 περὶ
1086 1987 1198 2039 τῶν
1226 1981 1485 2039 ἀπλανῶν
1515 1981 1603 2038 καὶ
1647 1986 1895 2059 σφαῖραν,
1928 1983 1992 2039 de

2129 1982 2499 2054 Epistolarum
2532 1980 2865 2059 σύγγραμμα
2888 1982 3056 2037 libris
3088 1980 3339 2050 duobus,
3366 1986 3423 2035 et
3442 1980 3752 2035 historiam

332 2075 436 2131 stet
467 2074 535 2129 lis
563 2074 694 2144 ﬁxis
725 2079 783 2129 et
810 2074 1119 2145 spha’raem,
1153 2073 1411 2145 aliaque.

407 2165 864 2236 Anaximander,
890 2163 1315 2221 Anaximandri
1339 2165 1423 2233 F.,
1457 2162 1737 2231 Milesius,
1764 2162 1991 2235 junior,

332 2256 679 2322 historicus,
703 2255 1073 2328 temporibus
1091 2253 1433 2312 Artaxerxis
1458 2252 1815 2311 Mnemonis.
1839 2251 1994 2307 Scri-

335 2346 417 2401 sit
477 2338 775 2417 συμϐόλων
833 2342 1212 2418 [Ιυθκγορείων
1290 2341 1570 2417 ἐξήγησιν,
1628 2342 1995 2413 symbolarum

331 2436 836 2505 Pythagoricorum
866 2434 1399 2506 interpretationem.

412 2524 832 2594 Anaximenes,
863 2524 1121 2580 Eustrati
1153 2525 1240 2592 F.,
1273 2523 1556 2591 Milesius,
1579 2521 1993 2594 philos0phus,

340 2613 672 2686 discipulus
699 2618 757 2669 et
788 2630 1099 2671 successor
1152 2611 1605 2677 Anaximandri,
1653 2610 1882 2676 Milesii,
1905 2609 1997 2665 vel

336 2710 406 2760 ut
435 2704 560 2773 alii,
583 2703 973 2759 Parmenidis.
1000 2702 1153 2758 Vixit
1176 2701 1515 2774 olympiade
1534 2701 1643 2756 LV.
1670 2716 1789 2771 qua
1812 2701 1997 2770 Cyrus

328 2794 599 2849 Crcesum
630 2809 825 2866 regno
857 2793 1038 2849 exuit.

415 2882 834 2948 Anaximenes,
858 2880 1173 2937 Arictoclis
1203 2881 1289 2949 F.,
1319 2881 1776 2951 Lampsacenus,
1799 2880 2000 2934 orator

334 2976 397 3026 et
427 2970 758 3042 discipulus
794 2969 1068 3042 Diogenis
1100 2960 1298 3038 Canis,
1334 2974 1394 3023 et
1422 2969 1589 3037 Zoili,
1624 2965 1999 3040 Amphipoli-

333 3061 481 3125 tani,
513 3060 907 3133 grammatici,
933 3063 1264 3130 praeceptor
1285 3057 1602 3114 Alexandri
1640 3056 1997 3113 Macedonis.

331 3165 370 3203 a
397 3166 514 3220 quo
562 3150 767 3220 patrias
818 3165 939 3203 suae
974 3148 1207 3202 veniam
1235 3152 1292 3202 et
1342 3147 1597 3202 salutem
1640 3145 1995 3217 impetravit.

2099 2071 2197 2133 τᾶς
2226 2068 2532 2144 Περδίκκου
2562 2070 2781 2146 πράξεις
2812 2067 3146 2145 Ἰλλυρικάς.

2173 2162 2503 2234 Antipater,
2537 2161 2762 2217 Nicolai
2818 2160 3188 2228 Damasceni,
3248 2159 3536 2227 historici,
3566 2164 3755 2230 pater,

2105 2251 2468 2307 Stratonices
2498 2250 2770 2320 maritus,
2802 2249 3145 2321 eloquentia
3174 2247 3456 2321 pollebat,
3490 2264 3609 2319 qua
3649 2264 3753 2302 ne-

2103 2340 2329 2397 minem
2365 2340 2540 2410 Iazsit,
2574 2339 2782 2411 patriae
2815 2343 2875 2394 et
2903 2338 3128 2394 civibus
3159 2336 3398 2409 profuit.

2174 2427 2564 2500 Antiphanes,
2621 2426 3020 2493 Atheniensis,
3079 2425 3362 2493 comicus,
3405 2425 3613 2497 junior
3642 2426 3752 2478 Pa-

2105 2517 2305 2572 uectio.

2175 2620 2545 2692 Antiphanes
2573 2620 2894 2692 Carystius,
2926 2620 3099 2675 Trani
3154 2621 3240 2686 F.,
3274 2617 3607 2691 Thespidis,
3637 2622 3755 2673 tra-

2102 2710 2236 2783 gioi,
2263 2714 2550 2782 tempore,
2585 2710 2850 2764 comicus
2881 2708 3204 2779 antiquior.

2173 2801 2566 2873 Antiphanes,
2599 2799 3000 2871 Demophanis
3032 2798 3120 2854 vel
3152 2798 3432 2870 Stephani
3465 2799 3525 2854 F.
3553 2797 3757 2869 Smyr.

2104 2907 2293 2958 nasus,
2319 2889 2428 2957 vel,
2449 2905 2519 2943 ex
2540 2888 2803 2960 Dionysii
2828 2887 3148 2954 sententia,
3184 2887 3470 2955 Rhodius,
3496 2887 3757 2942 comicus

2108 2979 2319 3037 mediae
2341 2978 2756 3046 commdiw;ex
2786 2977 3065 3032 servitute
3096 2976 3521 3044 manumissus,
3546 2975 3761 3031 claruit

2106 3071 2263 3124 circa
2313 3068 2533 3139 olymp.
2577 3066 2766 3133 XCIII,
2825 3066 3065 3137 scripsit
3101 3063 3421 3121 comoedias
3450 3066 3748 3121 CCCLXV.

2107 3157 2198 3213 vel
2226 3162 2285 3212 et
2312 3157 2415 3211 alii
2437 3154 2741 3222 CCLXXX,
2772 3154 3029 3224 vicitque
3058 3153 3257 3208 decies
3284 3159 3392 3208 ter.
3418 3153 3632 3208 Filium
3652 3154 3748 3208 hae

339 3240 720 3343 Tlteoppmpo
754 3238 821 3337 iu
846 3237 1049 3343 Odiu‘m
1092 3235 1442 3343 addu‘ceLndO.
1499 3233 2002 3343 libl‘um'vulgifvit
2030 3277 2074 3343 Ο
2111 3245 2242 3301 buit
2269 3245 2636 3315 Stephanum
2684 3242 2998 3307 comicum;
3031 3241 3179 3296 obiit
3217 3242 3277 3295 in
3302 3241 3426 3307 Cio,
3458 3241 3585 3310 piro
3608 3241 3758 3295 forte

338 3327 451 3383 sub
473 3327 631 3382 ulius
662 3327 905 3382 nomine
927 3326 1210 3382 adversus
1232 3325 1627 3380 Athenienses
1650 3329 1710 3378 et
1731 3322 2000 3379 Lacedaa-

342 3417 600 3483 Hionios,
661 3415 974 3490 συγγραφὴν
1008 3410 1264 3487 λοίδορον
1315 3410 1368 3474 ἐς
1396 3413 1459 3467 τὸ
1489 3405 1872 3483 ἀκριϐέστατον
1907 3429 2000 3483 μι-

357 3503 671 3578 μησάμενος
705 3548 718 3573 ,
780 3506 1166 3561 historiarum
1229 3502 1591 3574 Theopompi
1644 3500 2000 3556 maledicum

341 3594 565 3666 stylum
595 3600 873 3650 accurate
904 3595 1192 3650 imitatus.

416 3683 765 3753 Andocides,
797 3683 1203 3752 Atheniensis,
1228 3681 1468 3755 Leogori
1499 3682 1583 3749 F.,
1616 3696 1771 3737 unus
1803 3696 1874 3736 ex
1905 3679 2001 3735 de-

339 3791 474 3829 cem
505 3773 863 3839 oratoribus,
905 3789 1092 3845 genus
1123 3772 1349 3827 ducens
1378 3769 1800 3838 aTelemacho,
1840 3768 1999 3841 Ulys-

347 3863 431 3918 sis
466 3862 587 3917 lilio
622 3869 681 3917 et
709 3862 1018 3930 Nausicaa,
1052 3867 1117 3916 ut
1149 3860 1328 3916 tradit
1356 3859 1719 3915 Hellanicus.

420 3951 787 4019 Adroclides,
851 3950 1078 4024 Synesii
1136 3948 1279 4022 Lydi
1337 3947 1880 4020 Philadelphiensis
1911 3947 1997 4013 F.,

348 4046 617 4112 tempore
668 4040 999 4112 Porphyrii,
1062 4039 1422 4111 philosophi,
1485 4039 1704 4107 docuit,
1747 4039 1996 4109 ejusque

348 4133 627 4187 meminit
656 4134 718 4186 in
752 4132 1018 4187 oratione
1051 4131 1117 4186 de
1144 4133 1231 4186 sui
1262 4133 1518 4201 temporis
1546 4131 1878 4185 doctoribus.

421 4221 873 4276 Andromachus
905 4238 975 4276 ex
1002 4219 1244 4292 Neapoli
1277 4219 1479 4291 Syria),
1510 4220 1794 4291 sophista,
1828 4219 2000 4274 Zona:

350 4310 441 4365 vel
473 4310 675 4365 Sabini
709 4311 768 4366 F.
804 4310 1006 4365 docuit
1064 4308 1419 4364 Nicomediae
1470 4308 1834 4380 temporibus
1866 4308 1998 4364 Dio-

350 4398 593 4455 cletiani
626 4400 768 4471 imp.

421 4488 772 4560 Androtion,
806 4488 1105 4543 Andronis
1152 4487 1309 4543 ﬁlius
1368 4486 1771 4557 Atheniensis,
1804 4494 2004 4545 orator

344 4584 405 4633 et
425 4578 805 4650 demagogus,
838 4581 1114 4632 Isocratis
1145 4576 1493 4647 discipulus.

416 4670 723 4738 Angelius,
760 4668 1028 4723 Valentis
1062 4673 1325 4738 tempore
1358 4668 1671 4738 episcopus
1689 4667 1859 4725 CPol.

346 4758 684 4823 Anniceris,
719 4763 925 4813 auctor
953 4762 1127 4811 secta:
1159 4756 1517 4823 Anniceriaa,
1542 4761 1806 4829 tempore
1839 4757 2005 4813 Alex-

351 4846 528 4901 andri
559 4848 626 4900 Μ.
663 4844 1426 4918 Cyrenaeus,'philosophus
1449 4844 1761 4917 epicureus
1792 4846 2003 4916 factus,

351 4941 411 4989 et
435 4934 483 4989 si
519 4935 820 4991 Parabataa
872 4935 1085 4990 fuisset
1139 4934 1491 5005 discipulus,
1544 4934 1645 5004 qui
1703 4935 2007 4992 audiverat

348 5024 738 5095 Aristippum.
766 5025 968 5081 Frater
985 5023 1365 5081 Anniceridis
1395 5022 1713 5089 Nicoteles,
1744 5024 2009 5095 philoso-

352 5112 532 5185 phus.
568 5113 903 5185 Discipulus
934 5112 1207 5181 celebris,
1239 5111 1613 5169 Posidonius.

428 5203 833 5276 Antigenides,
868 5203 1058 5274 Satyri
1089 5205 1173 5271 F.,
1205 5201 1518 5257 Thebanus
1548 5202 1833 5271 musicus,
1865 5203 2005 5259 tibi-

353 5309 465 5348 cen
509 5292 838 5348 Philoxeni.
888 5291 1136 5363 Scripsit
1200 5287 1367 5362 μὲλη,
1420 5293 1671 5346 carmina
1725 5291 2006 5361 (modulis

349 5383 614 5437 animata
644 5380 935 5450 musicis.)

416 5470 830 5537 Antimachus,
886 5468 1312 5541 Colophonius,
1369 5468 1777 5541 HyparchiF.,
1809 5486 2007 5547 gram-

344 5561 604 5617 maticus
652 5564 713 5615 et
737 5562 931 5630 poeta.
966 5558 1295 5631 Panysidis,
1329 5563 1542 5630 poetae,
1604 5575 1725 5615 non
1778 5577 2004 5634 servus,

2036 4628 2084 4694 D

2113 3350 2455 3407 percussus,
2488 3348 2646 3388 anno
2677 3332 2867 3387 mtatis
2900 3331 3138 3386 LXXIV.

2176 3423 2500 3494 Antiphon,
2528 3420 2928 3487 Atheniensis,
2987 3416 3409 3492 τερατοσκόπος,
3459 3418 3758 3489 prodigio-

2108 3529 2241 3568 rum
2282 3512 2609 3584 conjector,
2640 3515 2814 3583 poeta
2862 3509 3065 3580 epicus
3096 3514 3155 3564 et
3210 3508 3513 3580 SOphista:
3564 3506 3758 3562 dictus

2111 3599 2518 3676 λογομάγειρος
2546 3600 2717 3671 quasi
2744 3615 3055 3655 sermonum
3072 3614 3303 3669 coquum
3326 3597 3563 3653 dixeris.
3589 3598 3762 3651 Eum-

2110 3690 2247 3747 dem
2275 3707 2406 3746 esse
2436 3694 2599 3763 puto,
2632 3705 2807 3761 quem
2838 3688 3015 3760 paulo
3058 3692 3193 3759 post
3220 3685 3591 3760 ὀνειροκρίτην
3626 3686 3759 3741 Sui-

2110 3780 2216 3835 das
2242 3785 2411 3835 vocat
2461 3785 2520 3834 et
2574 3776 2697 3853 περὶ
2728 3776 2963 3851 κρίσεως
3020 3774 3245 3848 ὀνείρων
3305 3777 3373 3831 de
3426 3778 3760 3832 somniorum

2102 3869 2344 3939 judiciis
2375 3868 2458 3924 ait
2487 3868 2819 3940 scripsisse.

2181 3958 2507 4030 Antiphon,
2530 3958 2753 4029 Sophili
2776 3960 2859 4026 F.,
2879 3957 3283 4025 Atheniensis,
3308 3956 3528 4028 populo
3551 3957 3765 4012 Rham-

2112 4048 2343 4117 nusius,
2371 4049 2720 4121 cognomine
2753 4049 2979 4115 Nestor,
3014 4053 3151 4119 post
3166 4044 3437 4117 Gorgiam
3459 4045 3519 4099 in
3538 4046 3757 4100 forensi

2112 4137 2345 4192 dicendi
2377 4153 2590 4208 genere
2623 4136 2921 4202 excelluit,
2958 4135 3236 4208 magister
3265 4132 3645 4205 Thucydidis.
3678 4134 3758 4203 [v.

2115 4225 2345 4281 Kusteri
2380 4225 2529 4297 not.]

2184 4315 2585 4381 Antisthenes,
2637 4320 2800 4385 patre
2845 4313 3217 4387 cognomine,
3256 4309 3659 4376 Atheniensis,
3690 4326 3761 4364 ex

2114 4410 2347 4460 oratore
2377 4403 2768 4475 philosophus
2798 4403 3150 4470 Socraticus,
3184 4399 3607 4472 Peripateticus
3637 4399 3764 4469 pri-

2113 4511 2281 4550 mum
2311 4492 2527 4559 dictus,
2560 4492 2775 4548 deinde
2824 4492 2887 4547 in
2917 4493 3248 4563 Cynosarge
3301 4488 3503 4545 docuit
3530 4487 3761 4558 Cynica)

2117 4591 2291 4640 sectae
2323 4585 2620 4656 princeps,
2654 4581 2949 4655 Diogenis,
2971 4580 3194 4653 Cynici,
3222 4583 3574 4650 prmceptor.
3607 4578 3759 4632 Scri-

2117 4675 2195 4729 sit
2224 4680 2415 4729 tomos
2444 4673 2508 4739 X,
2552 4671 2814 4743 primum
2870 4670 3184 4742 magicum,
3217 4668 3279 4723 in
3310 4684 3426 4738 quo
3458 4672 3663 4723 narrat
3690 4667 3763 4720 de

2115 4765 2421 4819 Zoroastre
2454 4807 2469 4831 ,
2516 4761 2826 4832 sapientiae
2875 4765 3196 4831 repertore.
3248 4758 3414 4812 Hunc
3462 4755 3766 4811 Aristoteli

2118 4852 2382 4923 quidam,
2416 4850 2517 4906 alii
2551 4848 2843 4905 Rhodioni
2879 4847 3164 4903 tribuunt.

2188 4941 2493 5006 Antonius,
2513 4937 2973 4999 Alexandrinus,
2992 4936 3153 4991 Gazaa
3173 4939 3234 4990 et
3260 4933 3522 5006 Byzantii
3553 4949 3760 4989 causas

2118 5031 2256 5103 egit,
2287 5029 2478 5085 sacria
2506 5027 2727 5098 alioqui
2756 5025 3013 5081 maxime
3058 5024 3316 5092 deditus,
3348 5023 3430 5079 ita
3458 5028 3526 5078 ut
3555 5024 3762 5078 Gazam

2118 5117 2395 5173 redderet
2424 5114 2875 5187 religiosiorem.

2184 5211 2439 5277 Anytus,
2463 5203 2878 5259 Anthemionis
2900 5203 2985 5272 F.,
3013 5201 3412 5270 Atheniensis,
3436 5205 3653 5256 orator.

2185 5295 2445 5367 Apelles,
2475 5292 2893 5364 Colophonius.
2919 5290 3111 5362 Pythii
3142 5292 3227 5364 F.,
3260 5290 3498 5362 Ephori,
3527 5288 3762 5361 Ephesii

2116 5392 2177 5443 et
2205 5383 2524 5455 Pamphili,
2549 5380 3046 5453 Amphipolitani,
3080 5379 3426 5451 discipulus,
3458 5378 3651 5450 pictor
3670 5394 3765 5431 ce-

2116 5475 2323 5546 lebris,
2346 5472 2421 5530 ad
2452 5470 2727 5545 Ephesiis
2759 5470 2991 5525 civitate
3031 5469 3307 5541 donatus,
3332 5469 3516 5524 frater
3544 5466 3766 5522 Ctesio-

2116 5565 2232 5633 chi,
2265 5562 2535 5637 pictoris,

419 5730 529 5801 (52)
556 5733 640 5784 Ita
669 5725 910 5790 Ψεκαδες
942 5729 1084 5785 dicti
1112 5728 1430 5787 recentiori
1460 5732 1647 5785 aetate
1678 5730 1932 5788 Atciatus
1962 5738 2021 5790 et
2041 5734 2343 5791 Malherba.
