4036 6212
353 431 358 434 ’
431 431 587 494 1223

1726 426 1964 489 INDEX
2015 415 2520 485 SCRIPTORUM

3726 415 3836 476 4224
3901 473 3910 498 ,

503 566 886 638 Apelliconis,
913 564 1054 636 Teii,
1086 562 1450 619 bibliotheca
1477 578 1512 618 a
1542 561 1701 634 Sylla
1731 563 1793 617 in
1824 564 2079 632 potesta-
2108 560 2158 626 Α
2195 577 2223 605 «
2239 558 2386 610 tium
2401 553 2686 609 orationis
2709 551 2892 606 libros
2913 551 3070 622 IV.3)
3092 555 3186 606 De
3211 547 3412 603 verbo
3429 544 3835 638 sivepnpam‘m,

431 661 550 711 tem
584 656 838 711 redacta.

503 747 828 817 Aphareus,
864 743 1247 799 Atheniensis
1279 747 1496 810 orator,
1532 742 1691 796 ﬁlius
1721 741 1969 812 Hippias,
1993 755 2081 794 so-

434 837 666 907 phistae,
699 839 757 888 et
785 833 1078 898 Platanes,
1113 833 1386 888 Isocratis
1416 832 1717 904 privignus
1744 828 2075 904 (πρόγονος),

435 925 626 979 clarus
658 923 813 978 circa
835 922 1233 995 Olympiadem
1264 923 1427 990 XCV,
1477 920 1706 988 eodem,
1742 936 1858 990 quo
1890 918 2075 984 Plato,

427 1019 712 1084 tempore.

495 1103 799 1173 Appianus
831 1103 949 1156 sive
982 1102 1246 1172 Apianus
1271 1102 1511 1173 scripsit
1533 1103 1859 1156 Romanam
1890 1097 2074 1151 histo-

423 1192 596 1260 riam,
653 1191 752 1258 τὴν
815 1187 1162 1262 καλουμένην
1254 1186 1679 1263 βασιλεκήν...,.
1734 1183 2076 1259 Ῥωμαϊκοὺς

420 1278 617 1356 λόγους
655 1278 808 1333 ἐννὲα
842 1284 952 1336 etc.

495 1373 566 1424 Μ.
595 1370 857 1442 Apicius,
894 1376 1004 1424 etc.

487 1463 698 1530 Apion,
732 1459 1074 1513 Plistonicis
1133 1460 1216 1528 F.,
1281 1463 1679 1530 cognomento
1741 1457 2072 1522 Mochthus,

429 1549 738 1620 Egyptius,
775 1549 892 1603 sive
925 1549 1242 1616 Cretensis,
1274 1549 1721 1621 grammaticus,
1743 1547 2071 1618 discipulus

425 1643 460 1691 A
473 1638 745 1708 pollonii,
779 1638 1039 1692 Archibii
1063 1645 1120 1691 et
1140 1639 1564 1708 Euphranoris,
1581 1637 1922 1692 centenario
1949 1653 2071 1691 ma-

403 1727 581 1798 joris,
618 1733 675 1780 et
703 1727 957 1797 Didymi.
992 1728 1202 1781 Docuit
1264 1728 1463 1782 Romaa
1508 1726 1725 1782 Tiberii
1758 1731 1814 1781 et
1843 1724 2070 1780 Claudii

413 1822 621 1880 aetate,
686 1832 993 1871 successor
1054 1815 1313 1870 Theonis
1370 1817 1764 1888 grammatici,
1825 1815 2072 1886 mqualis

2189 644 2410 698 «libris
2438 645 2502 697 V.
2527 644 2581 714 4)
2604 644 2684 697 De
2710 641 2904 696 verbis
2926 639 3224 695 derivatis
3251 638 3320 692 in
3349 658 3416 708 μι
3452 637 3834 692 desinentibus.

2187 756 2215 785 «
2242 737 2291 794 5)
2321 735 2398 788 De
2433 731 2776 787 nominibus
2803 731 2924 786 sive
2947 728 3322 801 ὀνοματικὸν.
3359 730 3420 796 6)
3445 729 3527 781 De
3550 727 3836 781 nominibus

2185 845 2214 872 ‹‹
2234 839 2338 894 per
2355 822 2542 877 varias
2563 822 2870 876 dialectos.
2897 825 2954 888 7)
2977 821 3054 874 De
3080 818 3434 874 nominum
3459 817 3832 871 femininorum

2187 934 2214 962 «
2250 929 2386 967 casu
2420 917 2600 966 recto.
2636 912 2687 981 8)
2713 912 2790 964 De
2830 909 3210 982 paronymis.
3240 909 3302 978 9)
3335 906 3424 961 De
3447 906 3831 976 comparatisis.

2185 1024 2213 1051 «
2240 1003 2327 1071 10)
2362 1000 2713 1056 Dedialectis
2737 1000 2966 1067 Dorica,
2998 999 3240 1063 Ionica,
3265 995 3530 1064 Eolica,
3560 996 3748 1050 Attica.
3769 997 3830 1064 11)

2185 1112 2214 1140 ‹‹
2247 1090 2328 1144 De
2360 1090 2562 1162 figuris
2595 1090 2940 1144 Homericis.
2973 1090 3056 1159 12)
3078 1087 3218 1160 περὶ
3247 1080 3700 1157 κατεψευσμένης
3721 1083 3829 1135 ἱστο-

2184 1202 2211 1230 ‹‹
2241 1180 2382 1254 ρίας,
2413 1181 2484 1235 de
2517 1181 2768 1235 historia
2798 1178 3246 1235 commentitia.
3295 1178 3388 1247 13)
3435 1176 3520 1230 De
3551 1175 3826 1230 affectioni-

2187 1291 2214 1320 «
2238 1270 2374 1336 bus,
2393 1267 2516 1343 περὶ
2541 1270 2750 1326 παθῶν.
2781 1270 2865 1341 14)
2887 1267 3010 1342 περί
3031 1266 3219 1321 τόνων
3253 1262 3825 1338 κατηναγκασμμένων,

2187 1381 2208 1411 ι
2238 1360 2308 1415 de
2329 1361 2486 1415 tonis
2519 1360 2739 1415 coactis
2785 1359 2971 1414 libros
2997 1359 3175 1414 duos.
3239 1359 3338 1428 15)
3365 1353 3496 1430 περὲ
3527 1353 3688 1408 τόνων
3727 1373 3824 1406 σκο-

2187 1468 2209 1497 c
2241 1445 2398 1512 λιῶν,
2431 1449 2503 1505 de
2527 1449 2684 1504 tonis
2710 1449 2987 1520 obliquis.
3016 1449 3100 1518 16)
3123 1446 3266 1521 περὶ
3293 1440 3654 1518 προσῳὲιῶν,
3677 1443 3738 1496 de
3755 1459 3825 1496 ac-

2183 1560 2211 1588 ‹‹
2243 1537 2719 1593 censibuslibros
2746 1540 2806 1594 V.
2831 1540 2917 1609 t7)
2939 1541 3062 1608 περὶ
3085 1533 3436 1608 στοιχείων,
3469 1533 3542 1588 de
3563 1532 3818 1588 elementis

2180 1649 2207 1677 «
2243 1627 2614 1681 sivelitteris.
2653 1629 2736 1696 18)
2769 1628 2848 1682 De
2879 1624 3464 1698 praepositionibus.
3493 1624 3580 1693 19)
3609 1619 3818 1692 περὶτῶν

2181 1739 2208 1766 ‹‹
2239 1711 2487 1786 Διδύμου
2509 1718 2777 1780 πιθανῶν,
2803 1715 2875 1770 de
2899 1715 3134 1787 Didymi
3177 1711 3630 1786 probabilibus.
3663 1710 3739 1778 20)
3760 1709 3816 1762 De

2182 1827 2209 1853 ‹‹
2245 1805 2696 1876 compositione.
2722 1806 2809 1874 2t)
2835 1805 2914 1859 De
2937 1805 3032 1875 iis,
3065 1821 3208 1874 quae
3235 1801 3488 1857 duobus
3511 1799 3689 1854 modis
3712 1798 3815 1851 εσθ-

415 1905 675 1975 Dionysii
715 1906 1167 1960 l‘laliearnassei.
1199 1906 1446 1976 Scripsit
1475 1904 1717 1978 ἱστορίαν
1770 1904 1886 1958 κατ’
1918 1901 2068 1964 ἔθνος

2189 1915 2208 1943 κ
2234 1899 2462 1948 runtur.
2491 1895 2584 1965 22)
2615 1894 2694 1948 De
2723 1893 2931 1949 vocula
2960 1911 3060 1952 τις.
3092 1891 3198 1962 23)
3265 1893 3354 1946 De
3397 1887 3719 1962 generibus.
3745 1886 3814 1953 24)

415 1994 702 2050 historiam
728 1997 792 2050 de
819 1998 1056 2064 singulis
1095 1996 1367 2066 gentibus,
1399 1996 1655 2067 aliaque.

488 2085 878 2155 Apollinaris,
911 2086 1300 2152 Laodicenus,
1343 2091 1610 2158 tempore
1662 2085 1991 2140 Constantii
2014 2089 2074 2139 et

416 2173 654 2240 Juliani,
690 2174 1015 2238 Parabatai,
1077 2174 1522 2246 grammaticus,
1584 2171 1975 2245 philosophus
2015 2177 2074 2226 et

411 2269 605 2334 poeta,
655 2263 894 2334 scripsit
952 2271 1145 2318 contra
1200 2264 1572 2334 Porphyrium
1618 2263 1782 2317 libros
1812 2260 1980 2329 XXX,
2015 2265 2074 2315 et

416 2352 682 2406 versibus
715 2352 929 2406 Grzncis
987 2353 1244 2407 heroicis
1301 2355 1472 2404 πᾶσαν
1531 2350 1631 2417 τὴν
1662 2353 1770 2404 τῶν
1803 2343 2067 2425 Ἐϐραίων

413 2440 655 2515 γραφήν,
710 2446 894 2495 totum
931 2442 1106 2496 Vetus
1135 2443 1575 2496 Testamentum
1625 2439 1901 2494 reddidit.
1936 2439 2069 2510 Epi-

433 2529 614 2583 stolas
647 2529 789 2583 item
822 2529 1057 2599 scripsit
1115 2535 1171 2584 et
1227 2530 1446 2584 multos
1500 2529 1561 2583 in
1618 2529 1672 2584 S.
1705 2529 2069 2599 Scripturam

426 2619 907 2672 commentarios.
941 2617 1102 2672 Idem
1155 2619 1489 2685 haereticus,
1523 2618 1682 2673 ﬁlius
1714 2618 2070 2688 Apollinaris

419 2706 825 2760 Alexandrini.

491 2794 780 2866 Apologus
831 2795 1056 2850 Alcinoi
1113 2793 1200 2848 ἐπί
1259 2799 1366 2849 τῶν
1423 2794 1836 2871 φλυαρούντων,
1871 2797 1941 2852 de
1975 2798 2066 2863 iis,

431 2884 530 2953 qui
565 2883 720 2938 futili
753 2884 1057 2956 etprolixo
1089 2901 1361 2940 sermone
1392 2892 1662 2942 utuntur.

489 2973 905 3043 Apollodorus,
933 2975 1334 3042 Atheniensis,
1359 2975 1643 3042 comicus,
1677 2975 1907 3032 fabulas
1929 2977 2068 3031 scri-

429 3061 547 3132 psit
576 3061 794 3117 XLVII.
831 3062 980 3116 Vicit
1009 3064 1346 3134 quinquies.

487 3149 904 3222 Apollodorus,
925 3152 1158 3218 Gelous,
1178 3153 1462 3219 comicus,
1481 3153 1784 3209 Menandri
1799 3155 2064 3226 aequalis.

414 3242 554 3312 Ejus
585 3242 890 3297 dramata:
952 3243 1371 3317 Ἀποκαρτερῶν
1403 3245 1438 3312 ἡ
1484 3241 1838 3320 φιλάδελφοι,
1875 3253 2065 3300 Δευσο-

2185 2005 2211 2031 ‹‹
2248 1984 2327 2038 De
2360 1983 2690 2054 spiritibus.
2728 1985 2820 2053 25)
2849 1982 2927 2038 De
2950 1981 3345 2054 possessivis.
3408 1982 3502 2050 26)
3533 1976 3649 2048 περὶ
3691 1979 3811 2040 συζυ-

2183 2094 2211 2121 ‹‹
2242 2069 2387 2145 γίας,
2422 2073 2494 2127 de
2521 2072 2961 2145 conjugatione.
3000 2095 3020 2120 ι

2249 2161 2620 2232 Apollonius,
2650 2161 2969 2217 Archebuli
3023 2161 3146 2216 sive
3203 2158 3503 2215 Archebii
3532 2159 3588 2212 F.
3619 2153 3806 2224 scripsit

2180 2249 2252 2305 de
2312 2250 2674 2306 dictionibus
2735 2251 3083 2318 Homericis,
3147 2249 3380 2305 ordino
3443 2244 3801 2319 alphabetico:

2177 2339 2342 2412 [Ejus
2374 2339 2604 2395 lexicon
2633 2340 3010 2396 Homericum
3043 2339 3234 2395 hodie
3261 2344 3482 2408 exstat,
3513 2353 3546 2391 a
3577 2335 3800 2388 Villoiso-

2178 2423 2300 2498 nlo,
2336 2429 2473 2484 dein
2495 2447 2530 2486 a
2558 2431 2747 2485 Tullio
2781 2430 3026 2486 editum.
3054 2430 3073 2502 ]

2247 2519 2620 2589 Apollonius,
2647 2519 3154 2591 Aphodrisiensis,
3181 2535 3468 2575 summus
3494 2513 3736 2571 sacerdos
3757 2516 3796 2563 et

2179 2606 2518 2676 historicus,
2554 2609 2794 2680 scripsit
2835 2607 3045 2680 Καρικᾶ
3075 2609 3202 2664 sive
3259 2610 3550 2663 historiam
3581 2605 3790 2661 Caricam.

2179 2695 2310 2769 Περὶ
2344 2694 2661 2770 Τράλλεων,
2697 2699 2767 2752 De
2797 2699 3090 2752 Trallibus.
3127 2696 3270 2769 Περὶ
3308 2697 3552 2772 Ὀρφέως
3595 2691 3671 2746 καὶ
3708 2691 3786 2741 τῶν

2175 2783 2408 2839 τελετῶν
2441 2785 2630 2843 αὐτοῦ.
2667 2789 2740 2842 De
2767 2788 2978 2858 Orpheo
2999 2794 3052 2842 et
3083 2790 3266 2858 ipsius
3298 2788 3493 2842 sacris.

2251 2875 2711 2947 Ap0110phanes,
2772 2876 3178 2942 Atheniensis,
3217 2876 3492 2932 comicus
3539 2871 3781 2940 antiquus.-

2178 2964 2346 3034 cujus
2375 2963 2688 3020 dramata:
2744 2963 2926 3032 Δάλις,
2959 2961 3276 3041 Ἰφιγέρων,
3351 2966 3580 3039 Κρῆτες,
3632 2968 3782 3020 Aman,

2177 3051 2471 3126 Κὲνταυροι
2488 3096 2499 3110 .

2247 3161 2516 3232 Apsines,
2560 3162 2962 3232 Atheniensis,
3017 3163 3297 3236 sophista
3347 3160 3624 3234 egregius.
3658 3157 3780 3225 Pater

2179 3249 2465 3319 Onasimi,
2498 3250 2800 3321 50phistae,
2835 3252 2936 3321 qui
2966 3252 3212 3322 Apsinis
3245 3257 3420 3324 pater
3448 3249 3572 3303 fuit.

452 3298 474 3312 υ
1166 3298 1174 3316 1
1262 3298 1271 3317 |
1427 3298 1438 3312 ⁸
1497 3298 1506 3320 Ι
1637 3298 1640 3299 ⁷
1737 3298 1747 3320 ι
1826 3298 1838 3314 ⁷
1923 3298 1932 3299 7
1953 3298 1960 3299 ί
1989 3298 1994 3299 ⁷
2021 3298 2028 3300 ⁷

410 3329 588 3400 ποιὸς,
648 3331 858 3399 Ἱέρεια,
907 3328 1425 3405 Γραμματόδειπνος
1485 3337 1628 3406 (aut,
1691 3341 1757 3390 ut
1795 3337 2067 3391 Kﬁstere

2189 3298 2465 3319 ’””“”””“”““ν
2499 3298 2800 3321 "r"""'!
2839 3298 2936 3321 1"
2966 3298 3212 3322 "r""""
3245 3298 3408 3324 ι’“”·“’·
3448 3298 3571 3303 “’⁷“““

2251 3338 2525 3408 Apsines,
2556 3339 2929 3406 Gadarensis,
2959 3340 3252 3410 sophista,
3288 3357 3362 3394 ex
3385 3341 3558 3401 Pane,
3588 3339 3642 3387 ut
3663 3330 3775 3383 fama

415 3419 648 3474 Polluce
682 3422 803 3475 VIl.
842 3421 930 3475 23.
983 3421 1177 3493 legere
1229 3422 1417 3488 malit,
1469 3420 2070 3496 Γραμματοδιοποιὸς,)

425 3505 718 3576 Ψευόαίας,
745 3509 1003 3585 Σίσυφος,
1037 3509 1334 3584 Αἰσχρίων.

487 3599 905 3669 Apollodorus,
928 3601 1258 3665 Tarsensis,
1277 3602 1555 3674 tragicus,
1581 3604 1752 3676 cujus
1775 3605 2062 3662 dramata:

411 3683 782 3757 ἀκανθοπλήξ,
840 3686 1531 3762 τεκνοκτόνος,Ἕλληνες,
1591 3691 1849 3761 Θυέστης,
1909 3692 2067 3747 ἱκέτι-

420 3770 528 3840 δες,
562 3770 866 3834 Ὀδυσσεὺς.

495 3861 907 3931 Apollodorus,
934 3864 1327 3934 Atheniensis,
1362 3866 1733 3938 Asclepiadis
1762 3870 1847 3936 F.,
1881 3885 2071 3940 gram-

419 3949 692 4014 maticus,
728 3952 996 4020 Panzetii,
1031 3953 1243 4009 Rhodii
1265 3954 1630 4028 philosophi,
1663 3963 1721 4012 et
1743 3959 2068 4014 Aristarchi

413 4040 807 4111 grammatici,
845 4040 1192 4113 discipulus,
1220 4043 1448 4115 primus
1483 4062 1628 4102 usus
1685 4047 2067 4120 tragiambico

419 4132 702 4186 carminis
732 4147 969 4204 genere,
1009 4131 1139 4208 ἦρξε
1170 4129 1226 4187 δὲ
1281 4138 1498 4210 πρῶτος
1552 4140 1660 4191 τῶν
1711 4137 2068 4210 καλουμένων

420 4215 799 4294 τραγιάμϐων.

489 4311 866 4381 Apollonius,
918 4314 1392 4379 Alexandrinus.
1452 4323 1625 4388 poeta
1690 4319 1912 4390 epicus,
1966 4318 2067 4390 qui

423 4400 611 4455 Rhodi
644 4401 802 4468 vixit,
841 4402 998 4458 ﬁlius
1033 4405 1216 4474 Sillei,
1250 4405 1594 4460 Callimachi
1628 4406 1975 4479 discipulus,
2011 4413 2069 4462 et

419 4490 826 4545 Eratosthenis
875 4493 1142 4564 aequalis.
1177 4499 1234 4548 et
1281 4500 1415 4565 post
1466 4494 1638 4550 illum
1691 4495 2066 4552 bibliotheca)

418 4578 836 4634 Alexandrina:
878 4582 1209 4651 praefectus.

2177 3426 2310 3494 fert,
2359 3427 2593 3499 genitus
2634 3427 2903 3500 Smyrnm
2937 3471 2950 3496 ,
3014 3429 3354 3501 discipulus
3412 3427 3521 3482 fuit
3574 3415 3768 3476 Heracli-

2177 3514 2294 3583 dis,
2329 3515 2509 3588 Lycii,
2537 3522 2596 3571 et
2650 3515 2866 3572 deinde
2927 3518 3182 3586 Basilici,
3242 3513 3612 3573 Nicomediae.
3643 3505 3772 3564 Athe-

2180 3605 2274 3658 nis
2306 3611 2493 3660 artem
2511 3605 2868 3662 rhetoricam
2891 3607 3196 3678 professus
3235 3613 3349 3675 est,
3373 3603 3671 3676 imperante
3689 3593 3769 3647 Ma-

2179 3693 2462 3761 ximiano,
2497 3699 2554 3749 et
2583 3695 2656 3750 ad
2689 3697 3064 3752 consularem
3097 3697 3452 3770 dignitatem
3476 3684 3721 3764 pervenit-

2249 3782 2503 3853 Apsines
2537 3825 2551 3852 ,
2611 3785 2915 3853 Onasimi,
2970 3768 3382 3851 Atheniensis,
3443 3778 3689 3852 SOphisttB
3725 3768 3764 3821 ιη’.

2181 3871 2466 3942 sophista,
2493 3873 2702 3945 junior
2726 3875 2948 3945 Apsine
2980 3875 3332 3932 Gadarensi.

2249 3963 2558 4034 Apsyrtus,
2594 3964 2964 4034 Prusaensis,
2987 3965 3078 4020 vel
3108 3959 3590 4024 Nicomediensis,
3619 3948 3763 4044 miles.

2179 4051 2278 4121 qui
2313 4050 2420 4106 sub
2451 4051 2595 4124 imp.
2629 4053 3016 4110 Constantino
3038 4055 3109 4110 ad
3140 4057 3360 4112 Istrum
3385 4055 3447 4109 in
3469 4043 3768 4131 Scythiam:

2177 4139 2384 4195 litavit.
2419 4141 2523 4196 Hic
2555 4141 2771 4196 librum
2804 4143 2877 4198 de
2910 4160 3199 4215 equorum
3255 4142 3542 4200 medicina
3583 4125 3764 4196 scripSit

2179 4233 2238 4283 et
2261 4229 2332 4283 de
2355 4229 2565 4284 iisdem
2591 4230 2780 4286 brutis
2805 4233 3208 4289 animantibus
3236 4233 3540 4307 physicum
3568 4222 3762 4307 altennil

2178 4317 2432 4389 aliaque.
2460 4319 2706 4390 Scripsit
2741 4321 2917 4376 etiam
2949 4321 3160 4392 Cimon,
3193 4303 3582 4378 Atheniensis,
3625 4303 3763 4362 admi-

2177 4408 2424 4463 rabilem
2457 4409 2674 4465 librum
2732 4410 3156 4484 ἱπποσκοπικὸν,
3188 4413 3261 4470 de
3305 4419 3578 4482 equorum
3604 4399 3758 4463 inSPe‘

2179 4499 2394 4554 cUone.
3745 4564 3756 4582 ι

2248 4589 2484 4660 Aquila,
2529 4589 2943 4662 philosophus,
2977 4594 3216 4666 scripsit
3246 4589 3447 4667 σχόλια
3477 4575 3646 4656 λογικᾶ
3670 4575 3757 4641 περί

493 4667 1213 4740 Apollonius,Tyanensis,
1235 4672 1646 4744 phi1030phus,
1666 4673 1965 4745 Apollonii
1990 4676 2069 4744 F.,

2189 4675 2288 4732 συλ
2301 4687 2600 4752 λογισμων.

420 4756 786 4824 temporibus
819 4759 1068 4822 Claudii,
1102 4760 1299 4815 Caiiet
1327 4762 1574 4816 Neronis
1605 4779 1792 4833 usque
1824 4763 1896 4819 ad
1929 4766 2068 4819 Ner-

421 4858 551 4895 vam
585 4843 800 4899 clarus.
837 4846 1081 4918 Scripsit
1107 4847 1327 4911 τελετὰς
1357 4850 1523 4906 initia
1551 4853 1664 4908 sive
1689 4853 1756 4907 de
1783 4854 2069 4923 sacriﬁciis

424 4925 714 5000 διαθήκην,
772 4941 1173 5004 testamentum,
1237 4938 1544 5011 χρησμοὺς,
1605 4943 1851 5006 oracula.
1910 4943 2068 4998 Ἐπι·

417 5016 634 5084 στολὰς,
675 5025 962 5092 Epistolas,
997 5025 1311 5100 Πυθαγόρου
1347 5028 1486 5101 βίον,
1513 5033 1686 5086 vitam
1721 5033 2066 5103 Pythagorae.

422 5108 610 5163 Vitam
647 5112 946 5182 Apollonii
981 5117 1218 5188 scripsit
1247 5119 1661 5189 Philostratus,
1695 5128 1807 5177 etc.

493 5198 866 5268 Apollonius,
899 5205 1200 5274 Tyaneus,
1243 5207 1636 5280 philosophus
1659 5211 1885 5282 junior,
1918 5219 2068 5268 tem-

419 5287 664 5360 poribus
725 5291 968 5346 Adriani
1027 5294 1168 5366 imp.
1205 5301 1351 5352 teste
1408 5299 1836 5370 Agresphonte.
1895 5298 1946 5354 ἐν
1989 5304 2069 5374 τῷ

414 5377 539 5451 περί
573 5377 904 5450 ὁμωνύμων,

487 5469 863 5541 Apollonius.
913 5473 1077 5527 Alex.
1140 5483 1531 5546 cognomento
1564 5478 1870 5549 Dyscolus,
1902 5485 2072 5551 pater

415 5559 756 5624 Herodiani,
788 5563 1180 5634 grammatici,
1242 5567 1338 5618 τοῦ
1394 5565 1797 5641 τεχνογράωου,
1832 5569 2068 5640 scripsit

410 5651 489 5718 (1)
512 5649 632 5723 περῖ
663 5655 954 5723 μερισμοῦ,
977 5677 1005 5703 ‹‹
1041 5651 1112 5708 de
1137 5655 1457 5725 partitione
1487 5659 1746 5729 partium
1777 5659 2064 5716 orationis

415 5761 438 5785 ‹‹
476 5738 658 5794 libros
687 5741 776 5797 ιν.
802 5743 853 5812 2)
886 5741 1008 5816 περὶ
1031 5741 1344 5816 συντάξεως,
1371 5745 1442 5801 de
1465 5747 1904 5804 constructione
1927 5766 2064 5821 par-

2251 4768 2486 4838 Aquila,
2520 4771 2968 4840 grammaticus:
3005 4773 3287 4829 musicus.

2250 4858 2486 4924 Araros,
2521 4859 2924 4926 Atheniensis,
2966 4862 3248 4928 comicus,
3295 4859 3448 4916 filius
3474 4836 3754 4928 Aristoph?

2179 4946 2292 5014 nis,
2327 4946 2558 5014 comici,
2593 4948 2692 5018 qui
2716 4949 2976 5019 primum
3031 4949 3230 5006 docuit
3288 4940 3584 5005 comazdias
3610 4927 3756 5024 oli'm'

2177 5034 2351 5106 piade
2387 5039 2506 5090 101.
2542 5016 2626 5090 Eii
2641 5016 3012 5095 dramatibus
3045 5041 3174 5112 ejus
3206 5045 3368 5096 sunt:
3400 5024 3621 5089 Καινεὺς,
3644 5016 3755 5112 Kztf‘

2177 5091 2198 5106 ι
2778 5091 3008 5095 ⁷““ή““””“
3051 5091 3171 5112 ’δ’-⁷
3207 5091 3363 5096 ”’“’“’ν

2177 5120 2422 5192 πυλέωη,
2461 5123 2631 5186 ΙΙανὸς
2687 5126 2864 5200 γοναὶ,
2895 5127 3200 5202 Ὑμέναιος,
3238 5123 3484 5186 Ἄδωνις,
3543 5091 3749 5181 Παρθενί’

2179 5209 2311 5270 διον.

2248 5307 2484 5373 Aratus,
2523 5304 2785 5362 Solensis
2824 5308 2994 5374 Cilix,
3053 5305 3408 5366 Athenodori
3463 5299 3538 5356 F.,
3565 5281 3746 5344 illum“

2178 5395 2550 5459 Menecratis,
2583 5397 2956 5463 grammatici
3016 5400 3276 5470 Ephesii,
3307 5377 3744 5470 philosopllflfuf?’

2176 5483 2437 5538 Timonis
2470 5451 3445 5560 et’hijenedemi.Viintovlsimpiade
3473 5458 3651 5560 CXXIV
3677 5451 3742 5560 ξ’

2175 5572 2429 5628 miliaris
2461 5573 2756 5646 Antigono
2790 5578 3030 5633 Conatus
3061 5552 3741 5673 regi-Macedoniiz‘nﬁ'ﬁng

2176 5663 2295 5729 trii,
2327 5635 2693 5732 Poliocretae,
2731 5665 2876 5734 filio,
2901 5635 3484 5738 mqualigAntagortB,
3508 5635 3719 5738 BllOdEiE

2175 5721 2517 5820 Alexandri,
2561 5721 2756 5820 zEto'li,
2780 5721 3441 5826 fratreshabuitlllyii‘in,
3478 5721 3734 5795 Calendam
