4070 6196
1624 333 1725 392 DE
1769 334 2056 405 QUIBUS
2099 344 2396 414 SUIDAS.

314 433 373 481 et
401 431 867 497 Athenodorum.
892 444 1072 503 Poeta
1102 452 1302 522 epicus
1343 460 1581 531 scripsit
1628 464 1952 542 Φαίνομενα,
1986 475 2035 541 Α
2070 492 2244 548 nona,
2280 489 2698 563 quadragentis
2732 504 2907 560 annis

314 515 372 563 in
408 521 623 563 nnihnq
659 525 892 563 initium
931 534 1274 563 -AM:__L:._
1324 551 1364 563 γ,
1394 549 1435 563 η
1618 553 1628 563 .
1670 555 1689 563 -
1724 557 1760 563 -.
1837 560 1846 563 -
1924 562 1929 563 ,

1136 515 1154 522 ι
1462 515 1482 531 ι
1567 515 1576 516 ί
1649 515 1657 516 ί
1685 515 1952 542 “””⁷Γ“”⁷“Ἶ

312 515 374 572 in
408 521 623 590 quibus
656 525 897 586 initium
929 534 1281 598 admirabile
1313 551 1371 600 et
1392 549 1631 607 Homeri
1664 555 1802 612 felix
1834 560 1966 615 imi-

308 608 474 663 tatio.
526 614 766 683 Hymnos
823 623 882 676 in
930 626 1152 698 Ponem,
1215 631 1655 712 Σπονδοφόρους,
1713 645 1961 722 Παίγνια.

310 693 574 722 ,Αμην
636 701 648 722 ,
816 708 829 722 ς
872 710 916 722 .-
1175 717 1185 722 -

1135 693 1146 698 γ
1444 693 1454 712 Α
1506 693 1514 711 l
1586 693 1655 709 "'
1713 693 1960 722 ““’“”Ι⁷””⁶

310 693 713 775 Ἀστρολογίαν
740 708 830 760 καὶ
872 710 1272 788 Ἀστροθεσίαν,
1333 723 1587 789 Σύνθεσιν
1646 736 1960 810 φαρκέκων,

310 787 378 810 ομ
398 804 417 810 Δ
430 807 438 810 Α
455 807 493 810 _‘_
506 809 510 810 γ
528 793 552 803 υ
647 792 662 810 ι
793 798 804 810 ι
818 794 841 810 κ
1024 804 1036 810 -
1129 808 1139 810 -

305 787 594 859 Θηριακῶν
647 792 963 871 ἑπιτήδεια,
1024 787 1527 885 ’AvOpwnoyoviav,
1591 787 1956 896 ’Eitibunzdv:

301 870 380 934 sic
440 878 754 954 Θεόπροπον
816 870 1214 969 (epicediuni),
1276 870 1352 965 eli;
1410 870 1737 982 ’Av'ii-{o—vov.
1798 870 1955 969 ἩΟοί

300 960 510 1034 ποιΐας,
564 971 911 1048 Ἐπιστολάς,
968 960 1388 1060 Ἐπιγρᾶξιμαέα
1419 996 1477 1049 in
1508 960 1748 1069 Pliilam,
1782 1005 1950 1058 Anti-

296 1055 451 1122 patri
486 1057 690 1131 ﬁliam,
722 1066 1003 1140 Antigoni
1042 1090 1308 1147 uxorem,
1344 1080 1673 1157 Ἀνατομὴν,
1705 1092 1771 1144 In
1801 1094 1950 1147 Pau-

292 1146 527 1216 saniam,
561 1150 959 1215 Macedonem.
983 1146 1301 1232 Epicedium
1332 1146 1676 1232 Cleombroti:
1710 1178 1946 1254 Διόρθω-

296 1249 373 1254 -.μ
408 1230 496 1254 in“
638 1238 648 1254 '
954 1249 968 1254 ·

1024 1230 1042 1232 ἡ
1718 1230 1723 1235 γ
1760 1230 1914 1254 ητνπ

292 1249 375 1282 σιν
408 1230 735 1312 Ὀδυσσείας,
777 1249 1207 1309 emendationem
1258 1259 1520 1331 Odysseae,
1577 1271 1635 1320 et
1691 1271 1946 1339 epistolas

291 1323 561 1382 oratione
596 1330 808 1389 soluta.

360 1415 670 1491 Arcadius,
712 1431 1155 1503 grammaticus,
1214 1438 1642 1514 Antiochenus,
1704 1450 1944 1522 scripsit

283 1500 360 1556 de
392 1506 828 1583 orthographia,
865 1517 935 1573 de
968 1500 1408 1585 constructione
1433 1500 1687 1602 partium
1720 1500 1939 1595 oralio-

281 1590 380 1647 nis
407 1609 420 1660 ;
455 1602 888 1660 onomasticum
919 1610 1289 1671 admirabile.

2937 518 3073 600 post
3100 514 3324 577 bellum
3358 526 3673 600 Trojanum
3704 553 3718 594 :

2075 566 2256 697 [quod
2280 576 2371 630 vix
2401 582 2706 649 probabile
2749 599 2855 662 est,
2890 566 3014 655 vide
3064 620 3261 677 supra,
3296 566 3716 697 vol.

2075 672 2182 697 ςηη

2073 672 2204 712 ὅσα.

2073 672 2099 709 s
2192 701 2204 712 .

2069 663 2294 819 Aci'ilarii,
2330 755 2726 833 Psathyriani,
2747 774 2857 826 etc.

2136 847 2437 921 Arignote,
2465 862 2682 928 Samia,
2719 866 3012 941 discipula
3056 880 3398 957 Pythagoras
3444 897 3501 946 et
3530 896 3709 952 Thea-

2063 948 2196 1031 nus,
2254 941 2611 1045 philosopha
2660 954 3070 1045 Pythagorica.
3103 941 3392 1045 'Scrilpsit—
3445 941 3717 1042 liae-elige

2660 1026 2663 1027 ν
2711 1021 2723 1025 v
2854 1021 2885 1030 ν
3151 1021 3169 1024 _
3189 1021 3232 1025 '_
3246 1021 3388 1045 _r.,-.
3445 1021 3713 1042 υιιυυιιιυιῦ

2061 1021 2178 1077 sive
2213 1028 2473 1085 Διονύσου
2517 1033 2758 1109 τελετὰς,
2794 1052 2851 1099 et
2879 1051 2945 1103 de
2974 1054 3202 1117 Cereris
3236 1070 3526 1134 mysteriis,
3572 1089 3713 1129 nec-

2057 1126 2179 1167 non
2203 1117 2643 1186 Epigrammata.
2678 1131 2887 1189 Fertur
2918 1141 3097 1199 etiam
3128 1146 3290 1205 illius
3323 1155 3429 1209 sub
3464 1161 3708 1218 nomine

2062 1197 2122 1218 l'l
2429 1209 2441 1218 '
2521 1211 2530 1218 ⁸
2602 1212 2615 1218 “
2660 1215 2667 1218 ’

2056 1197 2197 1256 liber
2223 1221 2395 1278 sacer,
2429 1209 2569 1283 ἱερὸς
2601 1212 2791 1291 λόγος.

2122 1294 2343 1405 Arion,‘
2386 1301 2581 1372 Cyclei
2640 1309 2725 1377 F.,
2784 1314 3232 1394 Methymnaeus,
3284 1330 3524 1405 lyricus,
3560 1340 3705 1399 vixit

2046 1381 2381 1485 olympiade
2414 1392 2715 1485 XXXVIII.
2752 1381 3001 1466 Quidam
3028 1381 3696 1485 Alemanis

2047 1469 2250 1529 didere
2284 1517 2296 1529 ·
2359 1478 2604 1553 δοΓίρδίί
2656 1482 2872 1559 ᾅσματα
2907 1537 2921 1562 ,
2981 1504 3202 1558 cantica
3260 1513 3317 1561 et
3379 1512 3647 1585 προοίμια
3681 1561 3695 1587 ,

2052 1559 2276 1587 1....υιλ..--
2300 1581 2321 1587 -
2348 1566 2367 1587 ,1
2399 1586 2425 1587 ρ
2624 1575 2636 1587 ι
2775 1580 2785 1587 .
2918 1584 2930 1587 -
2964 1586 2968 1587 ,

2908 1559 2915 1562 '
3269 1559 3281 1560 ί
3304 1559 3312 1561 '
3386 1559 3647 1585 "I'"'I"""
3681 1561 3695 1587 ν

2046 1559 2276 1629 hymnos
2297 1566 2370 1621 ad
2398 1586 2599 1628 versus
2622 1575 2896 1638 heroicos
2916 1584 3005 1641 bis
3036 1590 3218 1647 mille.
3243 1595 3469 1654 Dicitur
3495 1607 3695 1676 tragici

2046 1651 2199 1676 ηπηι-Ιε
2226 1653 2415 1676 ἶ--.-Αι
2525 1660 2545 1676 ιε
2592 1663 2602 1673 ο
2771 1673 2777 1676 _
2888 1673 2897 1676 _

3497 1651 3692 1676 ---ουκ

2043 1651 2202 1705 modi
2221 1653 2493 1713 inventor
2520 1660 2705 1720 fuisse
2728 1673 2787 1722 et
2810 1673 3038 1741 primus
3060 1679 3309 1739 chorum
3339 1686 3692 1762 instituisse,

2048 1745 2097 1762 Δι,
2130 1741 2230 1762 ,Ιῗιι
2427 1748 2439 1762 1
2708 1757 2716 1762 ⁵
2775 1759 2783 1762 “

3443 1741 3690 1762 """""'"l

2044 1741 2566 1815 etdithyrambum
2597 1757 2905 1829 cecinisse,
2941 1770 2998 1819 et
3027 1768 3110 1823 ita
3156 1775 3499 1835 nominasse
3533 1786 3690 1852 quod

2044 1844 2066 1852 _
2108 1830 2276 1852 AL”,
2329 1850 2335 1852 Α
2434 1837 2466 1852 .,
2645 1849 2652 1852 .

2044 1773 2566 1815 τυυιιυιγιάιυυυω
2597 1773 2905 1829 cecmlsse,
2941 1773 2998 1819 et
3027 1773 3110 1823 ita
3156 1775 3499 1835 nominasse
3533 1786 3689 1852 quod

358 1773 721 1835 Archedicus
737 1782 1231 1865 κωμῳδιογράφος,
1255 1797 1355 1867 qui
1380 1806 1585 1858 contra
1607 1804 1933 1863 Democha-
1959 1835 2008 1900 Β
2039 1844 2073 1882 α
2102 1830 2283 1887 choro
2315 1837 2569 1908 canitur,
2603 1849 2662 1898 et
2709 1853 2937 1920 satyros
2989 1855 3390 1921 introduxisse
3424 1872 3689 1927 versibus

358 1877 432 1927 [11,
457 1865 870 1927 Demosthenis
888 1880 1108 1927 sororis
1136 1882 1317 1927 ﬁlium
1369 1890 1601 1927 αρνῐηοςι
1652 1896 1726 1927 ιτ,
1756 1895 1890 1927 cui...
2042 1919 2057 1927 -

279 1875 432 1930 rem,
457 1865 870 1929 Demosthenis
888 1880 1108 1935 sororis
1134 1882 1343 1952 ﬁlium,
1368 1890 1624 1961 scripsit.
1648 1896 1730 1949 Ex
1753 1895 1926 1953 fabu-

275 1944 357 2001 lis
391 1951 519 2022 ejus
552 1962 1001 2038 δυηιίθησαυρὸς
1034 1975 1090 2024 et
1122 1976 1530 2047 Διαμαρτάνων.

351 2040 699 2116 Archelaus,
732 2053 1076 2122 Apollodori
1108 2061 1197 2115 vel
1225 2040 1479 2122 Micionis
1520 2070 1602 2135 F.,
1638 2073 1921 2149 Milesius,

269 2124 666 2203 philosophus
696 2139 993 2211 physicus,
1027 2148 1255 2218 primus
1289 2170 1357 2208 ex
1405 2124 1918 2232 lonia'physi‘ol—oU-j

262 2214 427 2285 giam
460 2220 520 2276 in
554 2224 834 2285 Graeciam
872 2232 1219 2308 introduxit,
1256 2242 1584 2316 discipulus
1610 2252 1913 2326 Anaxago-

264 2318 373 2373 rae,
404 2320 735 2384 praeceptor
763 2319 1016 2378 Socratis
1049 2330 1106 2379 et
1134 2329 1429 2401 Euripidis
1457 2350 1468 2387 :
1500 2338 1739 2409 scripsit
1765 2318 1911 2414 phy-

261 2394 576 2470 siologiam
607 2409 665 2458 et
694 2406 810 2463 alia
839 2414 1150 2470 nonnulla.
1188 2394 1590 2492 Niliiljustum
1619 2394 1710 2482 vel
1747 2394 1912 2504 tiirpe

261 2491 482 2543 natura
513 2506 640 2547 esse
673 2494 893 2568 docuit,
927 2502 1030 2556 sed
1058 2504 1327 2563 instituto
1360 2514 1580 2569 omnia.

334 2576 682 2651 Archelaus,
707 2585 965 2644 Colonias
989 2593 1316 2666 presbyter,
1341 2606 1548 2659 contra
1570 2622 1746 2676 quem
1772 2610 1911 2665 scri-

256 2663 383 2732 psit
417 2666 685 2740 Basilius,
714 2674 1042 2749 Irenopolis
1074 2663 1406 2758 episcopus.

328 2757 676 2833 Archiadas,
735 2767 1104 2842 Theagenem
1166 2776 1239 2831 ob
1283 2757 1607 2841 ifacultates
1656 2789 1907 2848 amissas

254 2846 576 2904 consolans
606 2855 697 2922 (ex
731 2857 1064 2929 Damascio).

321 2936 591 3008 Archias,
652 2941 1061 3023 φυγαδοοήρας,
1120 2954 1220 3024 qui
1280 2964 1564 3032 oratores,
1621 2965 1759 3039 fuga
1789 2970 1902 3025 sibi

2108 2013 2509 2085 Aristarchus,
2571 2020 2710 2077 Θέσει
2769 2029 3175 2109 (habitatione)
3225 2043 3682 2123 Alexandrinus,

2036 2099 2187 2174 φύσει
2243 2109 2462 2179 (gente)
2521 2111 2869 2175 Samothrax
2899 2165 2912 2190 ,
2962 2099 3287 2185 Aristarchi
3352 2136 3437 2203 F.,
3487 2099 3682 2197 clarus:

2032 2190 2252 2264 olymp.
2270 2197 2423 2251 CLVI
2443 2204 2702 2272 tempore
2720 2209 3023 2269 Ptolemaei
3041 2190 3481 2293 Philometori’s,

2032 2280 2223 2337 filium
2256 2287 2491 2345 erudiit.
2524 2291 2732 2349 Fertur
2761 2301 3069 2371 scripsisse
3101 2308 3257 2365 ultra
3286 2280 3673 2376 θροις]ἰὲΞᾶ

2029 2368 2440 2446 ὑπομνημάτων
2510 2384 2628 2438 sive
2678 2397 3269 2457 commentariorum.
3340 2405 3674 2478 Discipulus

2024 2461 2459 2536 Aristophanis,
2490 2479 2880 2543 grammatici.
2940 2500 3073 2539 cum
3131 2490 3381 2559 Cratete,
3443 2497 3657 2569 Perga-

2024 2565 2220 2618 meno,
2256 2556 2524 2628 Pergami
2557 2580 2712 2635 seepe
2752 2575 3132 2631 concertavit.
3187 2579 3519 2653 Discipulos
3569 2586 3672 2641 ha-

2022 2637 2150 2695 buit
2180 2650 2595 2714 grammaticos
2627 2656 2863 2714 circiter
2884 2663 2998 2717 XL.
3032 2667 3237 2723 Annos
3267 2637 3442 2726 naius
3474 2675 3674 2731 LXXII

2019 2728 2082 2783 in
2112 2732 2298 2802 Cypro
2320 2752 2476 2806 aqua
2496 2740 2789 2801 intercute
2811 2747 3087 2809 laborens
3108 2772 3315 2814 necem
3340 2760 3451 2815 sibi
3471 2763 3672 2820 inedia

2017 2821 2322 2889 conscivit,
2357 2827 2581 2885 relictis
2617 2832 2779 2902 ﬁliis,
2822 2839 3162 2899 Aristarcho
3209 2853 3267 2900 et
3307 2849 3667 2923 Aristagora,

2015 2906 2242 2963 nullius
2272 2910 2515 2984 ingenii,
2552 2935 2622 2973 ex
2653 2922 2868 2991 quibus
2907 2930 3314 2990 Aristarchum
3354 2938 3662 2997 venditum

250 3023 563 3094 cupientes
603 3034 935 3107 consulere,
996 3048 1243 3100 venatus
1300 3055 1407 3118 est,
1468 3057 1533 3106 ut
1589 3056 1898 3129 Antipatro

248 3113 535 3173 traderet.

323 3204 652 3279 Archibius,
696 3213 992 3284 Apollonii
1043 3221 1127 3289 F.,
1184 3230 1625 3301 grammaticus,
1660 3238 1900 3309 scripsit

244 3288 508 3366 ἐξήγησιν
540 3301 999 3369 epigrammatum
1030 3288 1373 3370 Callimachi.

316 3384 653 3457 Archibius,
686 3392 989 3451 Ptolemaei
1024 3400 1110 3467 F.,
1160 3402 1485 3463 Leucadius
1516 3412 1609 3465 vel
1639 3414 1891 3473 Alexan-

242 3473 458 3531 drinus
487 3485 929 3555 grammaticus,
973 3507 1042 3545 ex
1074 3508 1282 3551 eorum
1332 3515 1602 3572 numero,
1637 3507 1736 3576 qui
1779 3511 1893 3564 Ilo-

241 3579 360 3619 mae
392 3583 578 3639 usque
609 3571 681 3626 ad
709 3576 942 3647 Trajani
976 3580 1117 3653 imp,
1152 3589 1420 3658 tempora
1450 3590 1799 3653 docuerunt.

312 3657 694 3731 Archigenes,
720 3665 974 3739 Philippi
1006 3657 1498 3745 F.,Apameensis
1530 3683 1729 3755 Syrus,
1762 3704 1890 3744 me-

241 3743 433 3814 dicus,
460 3752 730 3821 Agathini
756 3755 1104 3829 discipulus,
1130 3743 1230 3835 qui
1256 3769 1453 3825 Roma)
1484 3743 1886 3845 Trajanitem-

233 3850 380 3903 pore
410 3844 598 3894 artem
616 3844 906 3900 medicam
939 3854 1220 3908 exercuit.
1247 3857 1401 3913 Vixit
1432 3844 1619 3919 annos
1651 3866 1885 3937 LXXIII,

236 3925 595 3998 scripsitque
627 3933 815 3989 multa
848 3938 1076 3994 medica
1104 3943 1489 4018 physicaque.

300 4015 694 4076 Archilochus
723 4024 1068 4095 maledicus,
1099 4015 1656 4113 alioquin—insignis
1688 4051 1880 4115 poeta,

229 4120 430 4174 quem,
465 4126 500 4164 a
524 4112 785 4170 Calonda
805 4117 1203 4191 interfectum,
1240 4129 1441 4198 Pythia
1470 4112 1595 4188 ulta
1624 4112 1734 4204 est,
1769 4112 1879 4193 etc;

298 4197 710 4273 Archimedes,
770 4208 1134 4279 Trallianus,
1179 4197 1588 4291 philosophus,
1641 4197 1880 4297 scripsit

223 4282 474 4356 Ὑπόμνη
487 4309 582 4359 μα,
632 4293 1097 4356 Commenta-rium
1126 4282 1529 4379 in‘Homeritm,
1569 4282 1619 4368 et
1648 4282 1876 4372 Mea/ia-

226 4390 375 4431 nica.

296 4467 659 4541 Archippus,
690 4476 1093 4548 Atheniensis,
1121 4485 1383 4543 comicus
1422 4491 1724 4563 antiquus,
1750 4498 1870 4586 qui,

298 4556 414 4586 στρ-ΑΙ
448 4559 584 4586 -ειιει
620 4562 863 4586 -l_-_-_:.,
896 4567 940 4586 1,
985 4570 1139 4586 εντη-Δ

228 4556 419 4610 semel
448 4559 587 4615 vicit
615 4562 951 4636 Olympiade
982 4570 1141 4643 XCI.;

295 4646 606 4717 Archytas,
640 4653 1014 4726 Tarentinus,
1049 4660 1360 4720 HestiaiiF.
1403 4673 1505 4723 aut
1551 4672 1878 4730 Mnesarchi

226 4731 317 4785 vel
348 4734 728 4810 Mnasagorae,
752 4744 1143 4818 philosophus
1166 4752 1607 4828 Pythagoricus,
1632 4763 1732 4832 qui
1755 4764 1882 4819 Pla-

227 4822 430 4876 tonem
464 4830 732 4897 servavit,
785 4849 919 4888 cum
978 4853 1113 4893 eum
1171 4842 1244 4896 ad
1303 4852 1555 4901 mortem
1587 4858 1882 4919 quaereret

226 4907 548 4983 Dionysius
602 4923 908 4989 tyrannus.
944 4927 1315 4998 Empedoclis
1332 4907 1661 5007 discipulus
1691 4941 1880 5011 philo-

230 5000 501 5069 SOphiam
526 5006 728 5063 docuit
748 5013 1286 5085 multosquelibros
1308 5000 1563 5095 scripsit.
1597 5000 1880 5085 Inventor

228 5083 517 5163 πλατιγῆς
551 5096 670 5152 sive
700 5103 1065 5172 crepitaculi.
1124 5110 1230 5159 Τοῦ
1259 5114 1445 5164 κοινοῦ
1493 5117 1599 5167 τῶν
1631 5115 1881 5174 Ἰταλιω-

228 5179 335 5229 τῶν
396 5179 659 5255 προέστη,
728 5192 1025 5265 στρατηγὸς
1081 5193 1310 5266 αἱρεθεὶς
1360 5197 1711 5281 αὐτοκράτωρ
1775 5209 1878 5264 ὑπὸ

228 5268 337 5318 τῶν
366 5266 608 5326 πολιτῶν
654 5274 745 5328 καὶ
775 5282 882 5332 τῶν
916 5279 1038 5352 περὶ
1069 5289 1268 5338 εκεῖνον
1328 5287 1419 5342 τὸν
1478 5291 1643 5348 τόπον
1679 5295 1880 5369 Ἑλλή-

229 5369 358 5421 νων,
386 5359 675 5419 Communi
701 5368 1055 5426 Itatiotarum
1098 5378 1360 5447 pre/uit,
1393 5380 1632 5438 dictator
1660 5402 1694 5440 a
1740 5390 1877 5444 civi-

232 5438 324 5496 bus
354 5449 630 5505 et‘tn'cinis
662 5454 863 5510 Grecis
890 5465 1122 5515 creatus.

290 5532 593 5607 Arctinus,
623 5541 902 5612 Milesius,
938 5553 1133 5619 poeta,
1170 5554 1405 5609 Homeri
1443 5558 1534 5627 (ut
1576 5560 1659 5615 ait
1702 5565 1872 5620 Arte-

220 5622 402 5695 mon),
439 5624 768 5699 discipulus
795 5638 853 5688 et
885 5638 1082 5692 tamen
1113 5638 1327 5698 vixisse
1374 5622 1590 5701 dicitur
1646 5650 1867 5725 olymp.

499 5746 763 5813 PATROL.
808 5754 932 5815 GR.
975 5754 1219 5820 CXVII.

2013 2995 2410 3057 Athenienses
2441 3006 2842 3068 redemerunt.

2081 3088 2481 3161 Aristarchus,
2524 3098 2819 3170 Tegeates,
2878 3108 3152 3179 tragicus,
3190 3115 3437 3183 aequalis
3490 3119 3660 3174 Euri-

1938 3198 1981 3264 ρ
2013 3173 2185 3271 pidis,
2216 3180 2317 3271 qui
2355 3183 2585 3271 primus
2625 3187 2894 3248 dramata
2932 3173 3005 3250 ad
3047 3173 3212 3254 illam
3243 3173 3651 3271 prolixitatem

2013 3263 2310 3335 produxit,
2373 3270 2576 3328 docuit
2634 3280 2946 3347 tragoedias
3004 3286 3165 3353 LXX,
3216 3263 3353 3344 vicit
3402 3292 3653 3351 duabus.

2010 3351 2165 3406 Obiit
2195 3362 2535 3415 centenario
2584 3365 2794 3436 major.
2855 3371 3053 3426 Morbo
3113 3351 3249 3431 cum
3305 3378 3654 3454 laborasset,

2006 3441 2339 3515 Aa‘sculapio
2383 3465 2489 3518 pro
2548 3455 2821 3512 restituta
2877 3460 3212 3520 valetudine
3265 3467 3472 3526 drama
3526 3441 3652 3528 ’Λσί

2004 3525 2242 3599 κλήπιον
2276 3533 2588 3594 dedicavit.

2077 3621 2359 3691 Aristeas,
2396 3626 2837 3689 Democharidis
2884 3643 2986 3692 aut
3028 3641 3358 3701 Canstrobii
3390 3649 3473 3716 F.,
3507 3652 3649 3708 Pro-

2005 3711 2343 3779 connesius,
2387 3723 2560 3785 poeta
2616 3721 2836 3791 epicus,
2900 3730 3137 3800 scripsit
3186 3734 3651 3809 τὰ⁷Αριμάσπεια

2002 3796 2314 3870 καλούμενα
2344 3800 2444 3874 ἔπη
2480 3814 2727 3866 carmina
2784 3816 3111 3889 Arimaspea
3162 3824 3280 3880 sive
3338 3826 3649 3888 historiam

2002 3888 2447 3961 Arimasporum
2502 3888 3021 3971 Hyperboreorum
3061 3909 3229 3967 libris
3260 3916 3337 3970 IlI
3368 3924 3426 3972 et
3457 3920 3652 3979 soluta

2001 3979 2267 4033 oratione
2289 3986 2600 4054 nonnulla,
2652 3996 2707 4044 et
2757 3993 3121 4063 Theogoniam
3153 4004 3416 4059 versibus
3458 4008 3643 4064 mille.

1999 4065 2253 4136 [Aristiiz
2280 4070 2566 4142 fabulam,
2590 4078 2817 4150 Cyclops
2846 4093 3130 4156 vocatam,
3183 4100 3475 4149 memorat
3504 4096 3643 4150 Sui-

1998 4154 2103 4209 das
2134 4158 2176 4223 l,
2210 4175 2339 4230 pag.
2375 4163 2498 4229 324,
2526 4164 2626 4219 ubi
2659 4185 2707 4221 ν.
2737 4170 2969 4227 Kusteri
3002 4154 3123 4231 noti
3160 4180 3249 4250 1.]

1995 4243 2308 4314 Aristides,
2364 4250 2772 4322 Adrianensis,
2833 4276 2903 4314 ex
2958 4262 3235 4320 Adrianis
3294 4270 3489 4339 Mysia:
3523 4272 3642 4328 sive

1992 4331 2304 4403 Bithynia),
2339 4340 2623 4409 sophista,
2655 4345 2997 4405 Polemonis
3047 4331 3641 4425 Smyrnaei'rhetoris

1991 4418 2341 4492 discipulus,
2376 4426 2533 4482 illius
2568 4431 2925 4491 Eudemonis
2986 4418 3320 4514 philosophi
3379 4445 3642 4503 ﬂaminis

1993 4509 2176 4565 Dialis
2210 4512 2269 4566 in
2302 4516 2493 4585 patria
2525 4535 2650 4574 sua.
2684 4523 2925 4581 Athenis
2958 4509 3247 4585 Herodem
3282 4539 3338 4587 et
3367 4535 3639 4608 Pergami

1989 4598 2361 4657 Aristochem
2393 4605 2635 4674 audivit,
2665 4609 2981 4685 ﬂoruitque
3010 4619 3292 4675 Antonini
3324 4598 3641 4694 implem-

1991 4703 2133 4757 pore
2166 4694 2223 4743 et
2278 4691 2453 4747 vitam
2513 4712 2700 4766 usque
2759 4701 2833 4755 ad
2893 4704 3278 4763 Commodum
3338 4691 3633 4781 produxit.

1990 4776 2299 4833 Orationes
2331 4780 2459 4849 ejus
2490 4801 2665 4854 quam
2692 4787 2985 4860 plurimae,
3019 4794 3148 4850 alim
3170 4776 3507 4869 apud—alios
3531 4804 3639 4857 cir-

1992 4863 2422 4922 cumferuntur.

2062 4952 2412 5023 Aristippus,
2458 4958 2712 5016 Aritadai
2745 4965 2827 5034 F.,
2860 4969 3175 5037 Cyrenaeus
3226 4972 3636 5047 philosophus,

1990 5037 2244 5094 Socratis
2272 5042 2527 5111 auditor,
2562 5054 2737 5105 sectae
2782 5060 2987 5109 auctor
3018 5058 3375 5128 Cyrenaicus,
3408 5067 3636 5133 primus

1993 5126 2443 5196 Socraticorum,
2481 5136 2583 5204 qui
2628 5142 2964 5197 mercedem
3004 5160 3038 5199 a
3081 5146 3388 5219 discipulis
3422 5156 3634 5227 exegit.

1990 5217 2371 5287 XenOphonti
2404 5220 2676 5295 infestus,
2727 5232 3091 5288 austeritatis
3137 5217 3507 5297 Antisthenis
3529 5217 3638 5300 de-

1988 5303 2162 5358 risor.
2195 5308 2239 5359 A
2270 5307 2525 5382 Diogene
2557 5314 2683 5385 ipse
2716 5317 2907 5375 dictus
2937 5321 3081 5375 κύων
3116 5321 3420 5396 βασιλικός.
3457 5332 3634 5388 Plura

1988 5392 2117 5464 ejus
2172 5394 2446 5454 feruntur
2506 5406 3024 5481 apophthegmata,
3059 5392 3168 5468 etc.
3216 5418 3451 5473 Audivit
3499 5439 3635 5476 eum

1985 5484 2155 5537 Arete
2186 5485 2327 5555 lilia,
2361 5491 2529 5561 cujus
2562 5494 2741 5564 ﬁlius,
2773 5498 3103 5571 Aristippus
3142 5502 3371 5573 junior,
3421 5508 3632 5562 Metro-

1984 5569 2255 5628 didactus
2286 5578 2639 5647 appellatus.
2673 5585 2857 5658 Hujus
2880 5569 3112 5643 auditor
3131 5569 3490 5658 ’I‘heodorus,
3517 5594 3637 5649 dic-

1987 5663 2079 5715 tus
2109 5663 2341 5734 atheus,
2369 5683 2508 5724 mox
2538 5669 2704 5731 deus.
2723 5675 3092 5734 Theodorum
3114 5677 3444 5749 Antipater,
3467 5683 3634 5738 Anti-

3275 5796 3354 5856 39
